4018 6358
191 457 347 512 1125

1153 447 1240 501 DE
1273 444 1624 503 ORATIONE
1662 443 2013 502 DOMiNlCA.
2054 479 2119 489 —
2158 446 2416 504 ORATIO
2455 445 2499 500 1.

3335 447 3472 503 “26

194 585 342 638 μασι
386 565 447 620 τὸ
480 563 730 636 χρονικὸν
760 563 1041 633 μετρεῖται
1070 559 1365 631 διάστημα,
1411 559 1489 631 τῷ
1531 575 1793 631 παρῳχη-

1899 560 2140 614 animum
2205 559 2636 615 induxissemus.
2697 555 2755 611 In
2821 565 2935 612 tres
2993 566 3176 628 partes
3231 562 3469 629 spatium

191 657 347 721 κότι,
386 656 462 727 τῷ
511 655 785 718 ἐνεστῶτι,
821 654 914 706 καὶ
945 652 1024 723 τῷ
1058 651 1323 722 μέλλοντι.
1386 652 1475 704 Ἑν
1507 654 1620 713 τοῖς
1648 652 1795 721 τρισὶ

191 748 422 812 τούτοις
469 749 503 818 ή
551 746 838 817 εὐεργεσία
884 744 980 798 τοῦ
1033 745 1242 814 Κυρίου
1295 743 1788 813 καταλαμΰάνεται.

206 835 348 890 Ἐὰν
377 836 438 888 τὸ
466 834 697 898 ἐνεστὼς
727 833 938 905 λογίσῃ,
968 835 1024 886 ἐν
1054 833 1203 903 αὐτῷ
1236 832 1334 904 ζῇς
1360 849 1375 864 ο
1431 833 1525 885 ἐὰν
1563 833 1624 886 τὸ
1671 833 1797 903 μὲλ-

192 928 316 990 λον,
359 926 566 988 ἐκεῖνός
614 942 696 978 σοι
730 925 838 978 τῶν
869 923 1335 994 προσδοκωμένων
1369 923 1520 987 ἐλπίς
1544 940 1557 953 ·
1611 925 1707 977 ἐὰν
1736 923 1796 976 τὸ

195 1017 505 1088 παρελθὸν,
533 1018 632 1069 οὐκ
663 1015 725 1070 ἂν
751 1013 821 1087 ἧς
851 1017 980 1087 πρὶν
1007 1016 1073 1070 ἂν
1107 1016 1241 1086 παρ’,
1266 1016 1478 1068 ἐκείνου
1521 1016 1790 1083 γενέσθαι.

196 1109 626 1185 Εὐηργετήθης,
659 1110 791 1163 αὐτὸ
819 1109 878 1161 τὸ
903 1108 1153 1176 γενέσθαι
1186 1109 1316 1177 παρ’
1351 1107 1559 1160 ἐκείνου
1593 1107 1804 1174 λαϐὼν..

195 1203 300 1255 καὶ
328 1200 624 1270 γενόμενος
651 1198 1048 1270 εὐηργετήθης,
1093 1200 1150 1252 ἐν
1181 1199 1330 1269 αὐτῷ
1358 1198 1467 1264 ζῶν
1495 1198 1588 1251 καὶ
1617 1198 1796 1251 κινού-

201 1307 398 1360 μενος,
430 1287 612 1351 καθώς
639 1305 802 1358 φησιν
828 1289 855 1339 ὁ
895 1287 1214 1350 Ἀπόστολος
1235 1302 1248 1316 ·
1277 1286 1332 1339 αἱ
1356 1285 1465 1339 τῶν
1493 1285 1796 1356 μελλόντων

196 1381 426 1444 ἐλπίδες
466 1381 565 1452 τῆς
608 1381 778 1451 αὐτῆς
800 1379 1082 1452 ἐνεργείας
1115 1379 1399 1451 ἤρτηνται.
1445 1378 1517 1430 Σὺ
1548 1376 1604 1429 δὲ
1635 1376 1795 1447 μόνον

198 1471 297 1524 τοῦ
330 1472 630 1534 ἐνεστῶτος
674 1467 725 1523 εἴ
770 1469 980 1541 κύριος.
1029 1470 1194 1522 Ὥστε
1226 1469 1326 1522 κᾶν
1365 1467 1655 1530 διαπαντὸς
1702 1467 1794 1520 εύ-

199 1565 488 1636 χαριστῶν
514 1563 590 1634 τῷ
622 1563 741 1635 Θεῷ
771 1564 846 1635 μὴ
869 1563 1145 1635 διαλίπῃς,
1177 1561 1332 1632 μόγις
1369 1562 1463 1614 τοῦ
1503 1560 1796 1623 ἐνεστῶτος

199 1653 619 1725 ἀποπληρώσῃς
651 1653 748 1724 τὴν
796 1653 977 1722 χάριν,
1021 1651 1144 1704 οὔτε
1192 1651 1285 1702 τοῦ
1338 1651 1638 1720 μέλλοντος,
1673 1648 1794 1702 οὔτε

196 1745 296 1798 τοῦ
331 1746 725 1816 παρῳχηκότος
751 1746 994 1797 ἐπίνοιαν
1021 1742 1349 1813 ἐξευρίσκων
1379 1741 1499 1793 τινὰ
1531 1741 1664 1812 πρὸς
1699 1741 1795 1812 τὴν

197 1835 313 1887 τῶν
346 1834 814 1906 χρεωστουμένων
847 1833 1137 1887 ἀντίδοσιν.
1179 1833 1387 1906 ,Ἡμεῖς
1436 1831 1493 1884 δὲ
1542 1831 1795 1884 τοσοῦτον

197 1929 301 1996 τῆς
346 1927 492 1980 κατά
523 1926 752 1996 δύναμιν
805 1925 1150 1996 εὐχαριστίας
1185 1922 1626 1992 ἀπολειπόμενοι,
1672 1922 1792 1975 οὐδὲ
1826 1899 1869 1954 Β

200 2021 336 2090 περὶ
391 2019 452 2072 τὸ
493 2019 716 2071 δυνατὸν
780 2016 1226 2086 εὐγνωμονοῦμεν
1255 2057 1270 2080 ,
1317 2016 1378 2068 οὐ
1426 2015 1568 2082 λέγω
1614 2017 1793 2066 πᾶσαν

200 2112 422 2182 ἡμέραν
449 2151 463 2169 ,
513 2110 626 2162 ἀλλ’
659 2110 778 2162 οὐδέ
821 2109 1110 2161 πολλοστὸν
1145 2108 1243 2176 τῆς
1283 2108 1493 2178 ἡμέρας
1538 2109 1600 2177 τῇ
1652 2106 1794 2159 κατά

199 2201 336 2254 Θεὸν
371 2200 812 2272 ἀποκληροῦντες
843 2199 1024 2270 σχολῇ.
1056 2198 1150 2261 Τίς
1187 2215 1274 2268 μοι
1306 2197 1401 2264 τὴν
1431 2199 1532 2268 γῆν
1563 2197 1794 2250 ὑπεστό-

204 2310 370 2362 ρεσε;
435 2293 531 2355 Τίς
579 2292 809 2363 βάσιμον
853 2291 922 2344 δι’
969 2289 1213 2353 ἐπινοίας
1266 2290 1364 2360 τὴν
1415 2290 1585 2360 ύγράν
1633 2290 1794 2357 φύσιν

200 2385 502 2453 ἐποίησεν;
551 2383 647 2445 Τίς
679 2381 846 2453 ἐπηξέ
879 2399 968 2453 μοι
1009 2381 1100 2434 τὸν
1135 2381 1360 2452 οὐρανὸν
1388 2380 1463 2442 ὡς
1499 2379 1791 2449 καμάραν;

200 2475 298 2538 Τίς
343 2475 598 2545 δᾳδουχεῖ
634 2491 722 2545 μοι
750 2473 848 2544 τὴν
874 2473 967 2526 τοῦ
1003 2474 1154 2545 ἡλίου
1181 2471 1438 2543 λαμπάδα
1467 2487 1480 2535 ;
1534 2469 1628 2534 Τίς
1661 2471 1796 2522 ἀπο-

204 2564 416 2617 στέλλει
450 2565 628 2634 πηγὰς
660 2567 716 2616 ἐν
745 2562 1052 2634 φάραγξιν;
1083 2563 1177 2626 Τίς
1205 2562 1466 2632 ἡτοίμασε
1497 2561 1608 2623 τοῖς
1628 2577 1795 2613 ποτα-

205 2656 326 2722 μοῖς
354 2656 458 2717 τάς
498 2654 742 2720 διόδους;
796 2653 890 2716 Τίς
947 2671 1036 2724 μοι
1087 2653 1184 2720 τὴν
1230 2651 1336 2703 τῶν
1383 2649 1592 2717 ἀλόγων
1643 2650 1795 2712 ζώων

203 2746 518 2818 ὑπηρεσίαν
563 2745 898 2810 ὑπέζευξεν;
948 2745 1044 2807 Τίς
1095 2761 1159 2814 με
1213 2743 1361 2796 κόνιν
1407 2727 1792 2810 ἄψυχονόντα,

205 2836 351 2907 ζωῆς
379 2855 442 2889 τε
474 2837 568 2890 καὶ
600 2836 836 2899 διανοίας
867 2837 1110 2906 μετέχειν
1141 2835 1424 2904 ἐποίησεν;
1453 2834 1548 2897 Τίς
1573 2833 1662 2886 τὸν
1691 2850 1794 2900 πη-

203 2927 292 2979 λὸν
320 2928 535 2988 τοῦτον,
571 2929 688 2980 κατ’
717 2928 900 2980 εἰκόνα
927 2927 1021 2980 τοῦ
1054 2927 1197 2981 θείου
1245 2930 1589 2997 χαρακτῆρος
1627 2925 1795 2995 ἐμόρ-

207 3034 428 3086 φωσεν;
478 3020 572 3082 Τίς
608 3020 959 3090 συγχεθεῖσαν
990 3020 1047 3072 ἐν
1096 3019 1220 3088 ἐμοὶ
1263 3017 1350 3070 διὰ
1393 3016 1492 3086 τῆς
1525 3017 1796 3087 ἁμαρτίας

208 3107 302 3178 τὴν
348 3108 503 3162 θείαν
538 3110 722 3163 εἰκόνα
761 3112 921 3164 πάλιν
951 3111 1029 3173 είς
1074 3109 1171 3179 τὴν
1202 3107 1435 3179 ἀρχαίαν
1484 3107 1795 3176 ἐπανήγαγε

212 3199 405 3269 χάριν;
441 3201 536 3262 Τίς
567 3199 935 3264 ἐξοικισθέντα
965 3217 1032 3271 με
1063 3199 1157 3252 τοῦ
1195 3197 1541 3269 παραδείσου,
1579 3197 1673 3251 καὶ
1700 3197 1793 3251 τοῦ

212 3287 369 3352 ξύλου
397 3290 498 3359 τῆς
528 3289 671 3361 ζωῆς
698 3290 802 3355 ἔξω
832 3293 1136 3362 γενόμενον,
1166 3291 1258 3346 καὶ
1296 3289 1375 3358 τῷ
1408 3289 1666 3360 βαράθρῳ
1694 3292 1791 3360 τῆς

213 3379 404 3450 ὑλικῆς
432 3381 576 3456 ζωῆς
609 3383 1078 3450 συγκαλυφθὲντα,
1125 3383 1216 3434 ἐπὶ
1248 3381 1344 3451 τὴν
1377 3380 1599 3452 πρώτην
1620 3408 1626 3411 -
1647 3381 1792 3433 ἕλκει

214 3471 627 3541 μακαριότητα;
668 3474 788 3525 Οὐκ
820 3473 991 3525 ἐστιν
1031 3475 1063 3524 ό
1099 3470 1352 3534 συνιὼν,
1392 3470 1556 3540 φησὶν
1591 3468 1794 3540 ήΤρα-

212 3561 304 3629 φή.
337 3558 419 3613 *Η
444 3563 552 3631 γὰρ
575 3561 639 3614 ἂν
671 3561 806 3632 πρὸς
833 3562 1004 3614 ταῦτα
1029 3562 1280 3632 ὁρῶντες,
1332 3562 1563 3632 ἄληκτον
1603 3560 1668 3613 ἂν
1703 3561 1797 3613 κα)⁸

209 3653 636 3706 ἀκατάπαυστον
657 3655 715 3706 ἐν
737 3653 898 3706 παντὶ
925 3652 1001 3722 τῷ
1030 3650 1125 3723 τῆς
1155 3651 1298 3724 ζωῆς
1325 3652 1674 3723 διαστήματι,
1698 3651 1796 3721 τὴν

212 3743 586 3813 εὐχαριστίαν,
612 3742 1040 3812 ἀπεπληροῦμεν
1061 3758 1074 3772 ο
1129 3743 1245 3795 νυνὶ
1273 3743 1328 3795 δὲ
1372 3742 1508 3812 πρὸς
1545 3742 1703 3810 μόνον
1737 3741 1797 3794 τὸ

213 3835 394 3888 ὑλικὸν
428 3837 580 3888 πᾶσα
626 3835 810 3906 σχεδὸν
851 3837 1151 3907 ἐγρήγορεν
1191 3836 1224 3904 ή
1269 3833 1581 3905 ἀνθρωπίνη
1613 3834 1793 3902 φύσις.

212 3925 355 3994 Πρὸς
383 3924 544 3977 τοῦτο
574 3927 606 3996 ή
649 3925 852 3996 σπουδή
877 3943 890 3954 ·
945 3929 1004 3978 ἐν
1031 3925 1204 3994 τούτῳ
1235 3926 1268 3994 ή
1296 3924 1574 3994 προθυμία
1605 3939 1620 3953 ⁸
1669 3925 1798 3994 περὶ

209 4014 379 4068 ταῦτα
402 4017 498 4069 καὶ
520 4018 553 4086 ἡ
581 4018 765 4088 μνήμη
797 4018 892 4070 καὶ
929 4019 962 4088 ή
993 4017 1148 4080 ἐλπὶς
1180 4017 1561 4084 καταγίνετω·
1595 4018 1796 4080 ᾶῠπνός

212 4101 327 4156 ἐστι
358 4106 454 4157 καὶ
480 4105 780 4176 ἁκοίμητος
814 4106 949 4177 πρὸς
983 4107 1082 4176 τὴν
1105 4105 1200 4158 τοῦ
1231 4106 1476 4169 πλείονος
1501 4107 1797 4178 ἐπιθυμίαν

210 4194 244 4260 ή
275 4195 596 4266 ἀνθρωπίνη
624 4198 786 4264 φύσις
817 4198 873 4249 ἐν
898 4199 1060 4250 παντὶ
1095 4197 1399 4268 πράγματι,
1425 4200 1481 4250 ἐν
1502 4192 1545 4265 ᾧ
1573 4199 1796 4254 δυνατόν

211 4281 357 4336 ἐστιν
382 4284 732 4356 ἐξευρεθῆναι
764 4287 824 4339 τὸ
865 4287 1024 4340 πλέον
1047 4303 1063 4317 ·
1114 4288 1222 4340 εἴτε
1253 4288 1392 4341 κατὰ
1421 4291 1583 4360 τιμήν
1614 4307 1673 4343 τε
1704 4291 1800 4344 καὶ

210 4371 388 4440 δόξαν,
423 4377 531 4430 εἴτε
561 4378 703 4430 κατά
724 4377 822 4450 τὴν
849 4379 958 4431 τῶν
990 4379 1286 4450 χρημάτων
1313 4381 1650 4450 περιουσίαν,
1685 4384 1796 4438 εἴτε

212 4467 353 4521 κατά
386 4470 486 4540 τὴν
514 4471 608 4524 τοῦ
643 4471 815 4542 θυμοῦ
841 4473 1018 4535 νόσον,
1054 4472 1330 4542 πανταχοῦ
1369 4473 1503 4543 πρὸς
1528 4473 1592 4526 τὸ
1633 4474 1796 4528 πλέον

214 4558 270 4609 ὲν
319 4562 528 4626 τούτοις
561 4567 594 4634 ἡ
645 4564 804 4634 φύσις
855 4565 1060 4636 βλέπει.
1121 4565 1241 4619 Τῶν
1285 4566 1342 4618 δὲ
1385 4566 1652 4636 ἀληθινῶν
1699 4569 1792 4622 τοῦ

1897 653 2165 723 temporis
2201 653 2506 718 dividitur;
2550 651 2601 705 in
2633 651 2991 720 praeteritum,
3024 665 3269 721 praesens
3301 659 3357 707 et
3385 651 3476 708 iu-

1897 752 2108 798 turum.
2146 743 2204 798 ln
2241 744 2420 799 tribus
2456 744 2542 798 his
2567 741 2890 798 beneﬁcium
2924 741 3138 797 Domini
3168 742 3475 813 deprehen-

1895 835 2092 902 ditur;
2135 837 2179 890 si
2234 835 2379 906 quod
2433 850 2674 904 praesens
2727 843 2814 890 est
2870 833 3330 897 eonsideraveris,
3374 851 3475 905 per

1897 929 2077 997 ipsum
2111 927 2287 982 vivis:
2335 927 2380 980 si
2432 926 2701 991 futurum,
2749 926 2840 980 ille
2889 927 2986 980 tibi
3023 941 3211 981 earum
3264 941 3470 989 rerum,

1896 1036 2015 1090 quae
2047 1027 2176 1074 sunt
2205 1019 2258 1072 in
2281 1021 2714 1089 exspectatione,
2743 1034 2869 1088 spes
2897 1025 2980 1074 est
3002 1035 3016 1072 :
3037 1017 3082 1072 si
3114 1019 3472 1088 praeteritum,

1896 1128 2004 1166 non
2045 1127 2222 1174 esses,
2265 1112 2369 1166 nisi
2397 1112 2547 1182 prius
2567 1111 2634 1165 ab
2658 1113 2750 1164 illo
2777 1111 2954 1166 factus
2987 1127 3160 1166 esses.
3188 1110 3242 1165 Id
3268 1113 3472 1181 ipsum,

1898 1203 2045 1274 quod
2077 1211 2242 1259 natus
2289 1219 2375 1271 es,
2441 1205 2510 1258 ab
2562 1205 2654 1258 illo
2687 1203 3008 1260 beneﬁcium
3061 1204 3342 1274 accepisti.
3393 1203 3474 1257 Ac

1896 1303 2192 1364 postquam
2237 1304 2401 1350 natus
2449 1311 2532 1359 es,
2586 1294 2852 1350 beneﬁcio
2901 1295 3163 1359 afﬁceris,
3213 1296 3340 1350 dum
3377 1279 3476 1364 per

1897 1387 2050 1440 illum
2081 1394 2136 1442 et
2166 1386 2328 1451 vivis,
2361 1396 2415 1442 et
2455 1389 2715 1454 moveris,
2761 1395 2822 1443 ut
2873 1388 3051 1457 inquit
3092 1387 3471 1457 Apostolus“.

1899 1475 2103 1532 Rerum
2147 1476 2455 1531 futurarum
2489 1493 2618 1547 spes
2650 1493 2717 1533 ex
2751 1477 2942 1532 eadem
2980 1477 3218 1532 efﬁcacia
3253 1477 3472 1546 pendet.

1899 1565 1980 1621 Tu
2013 1581 2144 1621 vero
2174 1567 2346 1622 solius
2379 1569 2671 1636 praesentis
2700 1583 2928 1638 compos
2958 1584 3040 1624 es.
3085 1568 3274 1638 Itaque
3308 1568 3354 1622 si
3391 1567 3476 1622 vel

1897 1674 1996 1728 per
2019 1673 2182 1714 omne
2213 1674 2386 1729 usque
2415 1666 2632 1728 tempus
2657 1660 2781 1714 vita:
2805 1659 3010 1729 gratias
3041 1675 3204 1730 agere
3233 1658 3340 1713 Deo
3366 1673 3475 1712 non

1897 1748 2285 1810 intermiseris,
2317 1749 2406 1802 vix
2443 1749 2730 1816 praisentis
2763 1748 3028 1818 temporis
3091 1748 3322 1817 gratiam
3381 1763 3477 1802 ex-

1897 1837 2113 1908 plebis:
2159 1853 2284 1891 eum
2323 1837 2541 1891 interim
2578 1837 2784 1890 nullam
2835 1838 3104 1891 rationem
3166 1837 3477 1905 excogitare

1898 1929 2101 1999 possis,
2137 1943 2245 1998 qua
2270 1928 2356 1983 vel
2389 1927 2558 1982 futuri
2587 1928 2670 1982 vel
2702 1927 2959 1998 przeteriti
2995 1927 3259 1996 temporis
3289 1925 3475 1981 debita

1895 2028 2344 2088 compensentur.
2375 2017 2488 2074 Nos
2519 2027 2725 2085 autem,
2761 2018 2854 2088 qui
2887 2025 3100 2070 tantum
3141 2017 3406 2072 absumus
3446 2034 3476 2070 a

1895 2118 2166 2181 potestate
2197 2109 2392 2164 debita:
2426 2109 2726 2178 gratiarum
2765 2109 3019 2173 actionis,
3053 2123 3122 2162 ne
3153 2108 3205 2160 iu
3253 2123 3319 2163 eo
3351 2109 3478 2178 qui-

1894 2201 2042 2267 dem,
2071 2199 2215 2270 quod
2248 2215 2278 2254 a
2308 2201 2467 2256 nobis
2500 2201 2616 2256 ﬁeri
2646 2207 2848 2270 potest,
2885 2197 3053 2252 animi
3085 2198 3474 2267 gratitudinem

1895 2298 2248 2361 praestamus,
2279 2306 2388 2346 non
2419 2291 2545 2346 dico
2584 2298 2759 2346 totum
2793 2289 2935 2345 diem
2955 2331 2967 2352 ,
3000 2287 3092 2343 sed
3123 2305 3192 2344 ne
3227 2290 3477 2360 exiguam

1895 2381 2116 2452 quidem
2147 2381 2257 2436 diei
2318 2389 2527 2452 partem
2583 2381 2859 2436 vocationi
2893 2379 3090 2434 divina:
3149 2380 3476 2434 tribuentes.

1895 2470 2032 2536 Quis
2063 2470 2194 2524 mihi
2230 2479 2434 2524 terram
2461 2471 2810 2525 substravit?
2841 2468 2976 2534 Quis
3010 2469 3253 2538 perviam
3307 2467 3481 2523 soler-

1896 2562 1972 2615 tia
2005 2569 2170 2630 atque
2196 2560 2468 2616 industria
2504 2568 2759 2615 naturam
2792 2561 3070 2614 humidam
3134 2559 3304 2614 fecit?
3345 2559 3480 2624 Quis

1898 2652 2013 2706 ﬁxit
2052 2653 2184 2706 mihi
2222 2651 2421 2706 caelum
2447 2659 2709 2721 tanquam
2742 2651 3061 2707 cameram?
3094 2651 3231 2716 Quis
3262 2651 3482 2718 praefert

1895 2745 2031 2800 mihi
2064 2744 2237 2799 facem
2280 2745 2459 2801 solis?
2493 2745 2628 2812 Quis
2663 2746 2862 2798 emittit
2902 2743 3080 2798 fontes
3112 2745 3168 2798 in
3215 2743 3483 2800 convalli--

1895 2837 2042 2891 bus?
2077 2836 2210 2901 Quis
2237 2837 2452 2904 paravit
2495 2837 2750 2891 amnibus
2780 2836 2983 2899 alveos,
3023 2850 3120 2905 per
3179 2849 3320 2904 quos
3380 2833 3480 2889 de-

1895 2926 2166 2981 currant?
2205 2926 2342 2992 Quis
2377 2925 2512 2979 mihi
2547 2926 2839 2979 brutorum
2877 2923 3196 2978 animalium
3233 2922 3482 2977 ministe-

1895 3021 2035 3074 rium
2071 3018 2350 3087 subjecit?
2376 3018 2512 3084 Quis
2541 3031 2627 3071 me
2656 3031 2780 3070 cum
2817 3016 2995 3086 pulvis
3050 3015 3333 3070 inanimus
3386 3029 3476 3070 es-

1897 3126 2033 3174 sem,
2066 3111 2188 3164 vita:
2217 3110 2421 3180 pariter
2447 3116 2500 3162 et
2536 3108 2734 3163 mentis
2765 3107 3086 3176 participem
3116 3105 3293 3162 fecit?
3335 3104 3474 3170 Quis

1899 3204 2002 3258 hoc
2030 3203 2203 3257 lutum
2257 3203 2325 3256 ad
2363 3201 2654 3270 imaginem
2700 3200 2886 3270 ﬁgurae
2933 3199 3130 3254 divina:
3182 3196 3480 3252 formavit?

1901 3295 2037 3360 Quis
2067 3277 2362 3363 imaginem
2392 3291 2634 3347 divinam
2671 3305 2766 3360 per
2796 3300 3080 3360 peccatum
3128 3289 3183 3342 in
3215 3279 3304 3343 ine
3349 3304 3484 3342 eon-

1897 3387 2078 3440 fusam
2107 3385 2174 3438 ad
2211 3384 2505 3454 pristinum
2541 3398 2737 3438 rursus
2767 3383 3016 3438 decorem
3052 3381 3314 3436 reduxit?
3340 3381 3478 3446 Quis

1897 3493 1983 3533 me
2010 3477 2226 3546 pulsum
2257 3475 2537 3544 paradiso,
2576 3481 2631 3528 et
2661 3474 2810 3540 ligno
2836 3474 2962 3526 vitae
3000 3473 3298 3541 privatum,
3339 3480 3393 3526 et
3427 3473 3484 3527 in

1897 3567 2217 3622 barathrum
2255 3565 2558 3619 materialis
2588 3565 2713 3618 vita:
2749 3564 3084 3626 demersum,
3144 3566 3209 3617 ad
3245 3565 3483 3633 primam

1895 3659 2065 3712 trahit
2097 3655 2532 3712 beatitudinem?
2565 3654 2686 3709 Non
2725 3663 2800 3708 est
2841 3657 2933 3724 qui
2965 3656 3268 3725 intelligat,
3301 3656 3484 3724 inquit

1901 3749 2186 3818 Scriptura
2213 3751 2276 3804 '9.
2313 3749 2448 3803 Nam
2478 3747 2746 3817 profecto,
2781 3749 2825 3803 si
2848 3749 2961 3802 haec
2992 3747 3481 3816 perpenderemus,
3508 3785 3519 3795 ο

1899 3842 2272 3898 continentem
2309 3849 2363 3896 et
2388 3840 2690 3900 assiduam.
2724 3856 2819 3909 per
2846 3855 3008 3894 omne
3043 3840 3167 3893 vita:
3203 3840 3481 3908 spatium,

1898 3934 2197 4005 gratiarum
2234 3933 2504 3987 actionem
2543 3939 2934 4001 przestaremus
2963 3948 2976 3982 :
3013 3945 3157 3984 nunc
3191 3945 3320 3983 vero
3351 3930 3403 3982 in
3430 3929 3482 3985 id

1873 4028 2106 4106 _so|um,
2170 4025 2314 4095 quod
2377 4023 2660 4078 materiale
2715 4029 2820 4086 est,
2859 4022 3038 4076 omnis
3090 4021 3480 4091 propemodum

1902 4118 2146 4171 humana
2189 4115 2434 4186 invigilat
2473 4123 2686 4168 natura.
2734 4112 2853 4166 Huc
2893 4113 3165 4166 intentum
3220 4112 3482 4176 studium,

1899 4211 1954 4263 in
1986 4209 2090 4263 hoc
2119 4216 2382 4277 occupata
2411 4189 2579 4259 animi
2611 4205 2989 4275 promptitudo
3018 4211 3183 4274 atque
3226 4203 3484 4259 alacritas

1899 4309 2020 4357 est:
2056 4301 2204 4354 circa
2237 4300 2351 4354 haec
2385 4307 2439 4353 et
2475 4298 2741 4353 memoria
2776 4305 2828 4352 et
2873 4312 2999 4367 spes
3025 4305 3313 4362 versatur;
3360 4311 3486 4366 per-

1899 4394 2030 4464 vigil
2059 4400 2116 4447 et
2164 4391 2436 4445 insomnis
2467 4390 2532 4443 ad
2569 4390 2693 4458 plus
2740 4389 2975 4443 habendi
3019 4387 3375 4456 cupiditatem
3431 4388 3484 4440 in

1899 4484 2049 4538 omni
2078 4483 2321 4552 negotio,
2356 4481 2410 4534 in
2437 4495 2548 4550 quo
2569 4479 2922 4534 commodum
2953 4477 3254 4546 excogitari
3282 4485 3480 4545 potest,

1900 4577 2138 4630 humana
2171 4580 2366 4627 natura
2400 4579 2522 4635 est;
2556 4570 2671 4625 sive
2707 4567 2774 4623 de
2810 4569 3018 4624 honore
3051 4576 3105 4623 et
3139 4568 3336 4638 gloria.
3370 4568 3485 4621 sive

213 4646 347 4735 Θεοῦ
397 4654 638 4722 ἀγαθῶν,
686 4655 844 4724 λόγος
891 4657 1088 4720 οὐδεὶς,
1128 4655 1259 4708 οὔτε·
1298 4656 1404 4709 τῶν
1434 4659 1791 4729 φαινομένων,

1900 4669 1967 4722 de
2003 4666 2160 4735 capia
2193 4663 2552 4734 pecuniarum
2582 4669 2813 4731 agatur:
2850 4661 2968 4715 sive
2997 4675 3057 4713 ea
3085 4675 3173 4714 res
3212 4659 3484 4728 pertineat

213 4733 475 4796 οὖτεντῶν
505 4738 948 4815 ἐπηγγελμένων.
1017 4744 1175 4799 Ἀλλά
1218 4746 1408 4816 καιρὸς
1457 4745 1523 4800 ἂν
1573 4749 1658 4818 εἴη
1701 4750 1794 4804 καὶ

213 4827 322 4881 τῶν
347 4834 447 4903 τῆς
473 4837 782 4907 προσευχῆς
813 4837 1073 4909 ῥημάτων
1096 4837 1354 4902 κατιδεῖν,
1390 4838 1465 4902 ὡς
1494 4839 1608 4894 ἐστι
1633 4842 1792 4896 δυνα-

214 4917 325 4981 τὸν,
359 4923 455 4994 τὴν
479 4925 738 4982 διάνοιαν,

1901 4757 1968 4812 ad
2008 4759 2103 4810 ira:
2162 4755 2435 4817 morbum,
2492 4752 2548 4806 in
2590 4752 2676 4806 his
2709 4750 2967 4806 omnibus
3021 4750 3088 4804 ad
3134 4747 3482 4804 commodum

1899 4855 2094 4902 natura
2126 4845 2372 4914 respicit.
2413 4841 2682 4898 Vcrorum
2719 4849 2902 4896 autem
2938 4841 3031 4896 Dei
3068 4841 3335 4896 bonorum
3370 4840 3490 4892 nu!-

1907 4939 1957 4992 la
1993 4939 2133 4992 ratio
2162 4937 2414 5003 habetur,
2457 4951 2637 5006 neque
2683 4934 3088 5004 apparentium,
3131 4947 3307 5000 neque
3353 4945 3484 4999 prn-

217 5007 539 5070 missorum.
606 5015 711 5073 Sed
758 5029 973 5090 tempus
1034 5019 1222 5086 fuerit,
1281 5020 1448 5075 etiam
1500 5023 1795 5080 verborum
1874 5029 2140 5085 orationis
2192 5035 2460 5098 quantum
2510 5027 2632 5097 ejus
2705 5026 2824 5082 ﬁeri
2868 5033 3083 5096 potest,
3134 5023 3488 5078 considerare

217 5105 562 5161 sententiam.

283 5194 452 5264 Δῆλον
473 5198 580 5269 γὰρ
600 5200 682 5253 ὅτι
704 5200 766 5254 τὸ
791 5205 976 5273 τυχεῖν
1001 5197 1076 5258 ὧν
1097 5204 1421 5280 βουλόμεθα,
1457 5205 1546 5259 διὰ
1573 5205 1668 5259 τοῦ
1702 5223 1804 5277 μα-

217 5277 326 5335 θεῖν
341 5285 487 5352 ὅπως
506 5293 770 5362 προσήκει
789 5271 1056 5348 ποιεῖσθαι
1074 5271 1171 5366 τὴν
1189 5271 1312 5367 αίτη
1321 5271 1427 5361 σιν,
1443 5271 1801 5366 περιγίνεται.

216 5368 312 5434 Τίς
338 5371 430 5430 οὖν
459 5379 492 5449 ή
521 5379 744 5452 διδαχή;
775 5387 1276 5456 Προσευχόμενοι,
1308 5388 1461 5457 φησι,
1489 5386 1573 5455 μὴ
1594 5388 1804 5450 ,ϐαττο-

217 5461 540 5535 λογήσητε,
569 5471 774 5542 ὥσπερ
796 5477 852 5528 οὶ
873 5476 1119 5531 ἐθνικοί.
1156 5479 1382 5532 Δοκοῦσι
1405 5480 1514 5548 γὰρ
1537 5479 1618 5530 ὅτι
1645 5481 1703 5530 ἐν
1729 5479 1794 5548 τῇ

217 5552 506 5632 πολυλογίᾳ
527 5563 706 5619 αὐτῶν
725 5568 1264 5640 εἰσακουσθήσονται.
1296 5571 1448 5640 Τάχα
1473 5570 1568 5640 μὲν
1589 5565 1680 5623 οὖν
1701 5569 1787 5622 αύ-

219 5641 366 5698 τόθεν
387 5650 497 5721 ἔχει
516 5653 577 5707 τὸ
605 5656 773 5725 σαφὲς
798 5660 831 5729 ὴ
853 5662 950 5728 τῆς
971 5661 1318 5726 διδασκαλίας
1343 5661 1568 5727 διάνοια,
1590 5659 1796 5731 γυμνό-

291 5823 333 5858 ¹⁸
367 5831 485 5886 Act.
514 5849 648 5898 xvtt,
673 5835 764 5890 28.
843 5839 887 5870 ¹⁹
916 5837 1074 5893 Ιὶοηι.
1110 5857 1190 5905 ιιι,
1236 5844 1350 5898 ll.~
1398 5844 1445 5876 ὀ
1478 5842 1664 5898 Matth.
1704 5856 1774 5905 vn,
1819 5838 1869 5894 7.

1971 5202 2331 5273 Perspicuum
2363 5207 2450 5257 est
2487 5202 2661 5264 enim,
2698 5199 2844 5272 quod
2880 5200 2926 5255 si
2957 5199 3316 5254 didicerimus
3341 5215 3485 5270 quoe

1901 5294 2413 5364 modopetitionem
2463 5292 2704 5347 formare
2743 5291 3057 5358 Conveniat,
3092 5291 3280 5346 licebit
3321 5294 3485 5349 nobis

1899 5399 2024 5454 qua:
2069 5385 2326 5440 volumus
2390 5384 2708 5454 impetrare.
2754 5383 3017 5448 Quaenam
3076 5390 3162 5437 est
3208 5383 3377 5453 igitur
3419 5400 3483 5438 ea

1897 5473 2189 5529 doctrina?
2215 5474 2463 5539 Orontes,
2485 5475 2684 5544 inquit,
2713 5491 2776 5528 ne
2809 5475 2929 5529 sitis
2956 5474 3288 5544 βαττολόγοι,
3325 5476 3486 5530 sicuti

1905 5566 2146 5635 gentiles.
2179 5566 2534 5620 Arbitrantur
2557 5566 2704 5620 enim
2728 5582 2788 5622 se
2831 5575 3050 5636 propter
3072 5567 3484 5636 multiloquium

1907 5673 2066 5712 suum
2124 5659 2442 5714 exauditum
2494 5659 2561 5712 iri
2595 5659 2663 5712 ιο.
2706 5658 2785 5713 Ac
2831 5659 3102 5715 sententia
3129 5659 3352 5731 quidem
3385 5658 3484 5712 do-
