4018 6364
575 431 706 486 ΗΞἹ

1804 427 1861 482 s.
1899 403 2226 482 caecout!
2265 424 2561 480 NYSSE-Nl

3696 420 3845 477 “9.8

567 548 761 602 ctrina!
791 544 1021 600 forsitan
1061 560 1156 614 per
1185 557 1307 599 sese
1339 545 1629 616 perspicua
1665 554 1769 612 est,
1810 553 2000 614 utpote
2034 561 2125 598 nu-

2243 561 2400 615 τερον
2429 545 2559 615 ήμῖν
2604 540 2907 607 ἐκτεθεῖσα,
2948 540 3042 594 καὶ
3068 541 3220 594 οὐδὲν
3251 539 3480 610 δεομένη
3513 539 3614 610 τῆς
3640 538 3846 591 λεπτο-

565 634 652 690 dis
701 636 885 689 verbis
934 636 1094 690 nobis
1135 636 1405 704 exposita,
1447 651 1546 690 nec
1585 637 1749 689 ullam
1796 637 2140 690 subtiliorem

564 725 883 779 desiderans
956 725 1478 791 considerationem,
1551 735 1916 797 praeterquam
1996 725 2141 794 quod

561 832 739 886 opera:
772 817 1006 886 pretium
1041 826 1126 872 est
1158 835 1420 888 quaerere,
1443 819 1573 888 quid
1611 819 1884 888 signiticet
1914 817 2139 871 verbum

563 906 906 975 Battologiw,
981 916 1040 960 ut
1098 910 1374 964 intellecta
1440 911 1730 974 sententia,
1790 911 2023 962 vitemus
2087 907 2141 961 id

559 1000 705 1068 quod
765 1000 996 1055 vetitum
1050 1010 1104 1056 et
1169 1003 1520 1057 interdictum
1571 1010 1677 1057 est.
1726 1001 1960 1056 Videtur
2011 1015 2141 1070 ergo

562 1091 695 1144 mihi
735 1093 1011 1163 castigare
1049 1094 1386 1148 inflationem
1418 1101 1584 1164 atque
1616 1103 1888 1148 tumorem
1914 1093 2136 1154 mentis,

557 1197 883 1254 eorumque,
939 1187 1035 1256 qui
1088 1201 1209 1242 sese
1263 1185 1422 1240 vanis
1465 1185 1864 1256 cupiditatibus
1917 1184 2141 1238 immer-

556 1284 710 1343 gunt,
759 1277 1056 1346 reprimere
1087 1287 1251 1347 atque
1283 1292 1638 1348 compescere
1669 1277 2048 1340 ambitionem,
2085 1283 2139 1330 et

556 1364 764 1420 idcirco
801 1369 1146 1438 peregrinam
1199 1376 1252 1422 et
1291 1385 1485 1423 novam
1521 1370 1664 1424 banc
1695 1369 1995 1424 dictionem
2043 1382 2140 1422 ex-

554 1457 827 1526 cogitasse
859 1460 926 1512 ad
961 1461 1293 1530 arguendam
1346 1461 1642 1515 amentiam
1685 1477 1898 1524 eorum,
1933 1461 2028 1530 qui
2053 1476 2140 1514 va-

555 1563 749 1601 narum
805 1550 1008 1618 pariter
1066 1561 1120 1606 et
1179 1551 1456 1606 inutilium
1504 1568 1689 1608 rerum
1741 1553 2137 1622 cupiditatibus

554 1639 808 1696 difﬂuunt
852 1651 1014 1713 atque
1060 1643 1468 1703 distrahuntur.
1513 1645 1650 1702 Nam
1713 1646 1996 1712 cordatus,
2039 1646 2139 1701 do-

553 1737 681 1785 ctus
735 1740 788 1786 et
838 1734 1100 1802 prudens,
1121 1743 1173 1790 et
1203 1736 1490 1792 utilitatem
1527 1738 1632 1792 sibi
1669 1740 2006 1810 prepositam
2040 1741 2131 1794 ha-

553 1823 688 1877 bens
741 1839 959 1889 sermo,
1010 1819 1232 1898 proprie
1293 1845 1477 1885 sermo
1527 1831 1855 1894 dicitur;at
1885 1849 2005 1903 qua:
2036 1849 2134 1903 per

551 1915 769 1970 inanem
813 1918 1152 1988 voluptatem
1201 1921 1602 1990 cupiditatibus
1644 1919 1801 1978 vanis
1840 1925 1999 1994 quasi
2037 1941 2132 1980 su-

551 2007 906 2074 perfunditur
949 2011 1149 2074 oratio,
1198 2027 1308 2066 non
1335 2014 1572 2082 amplius
1600 2013 1779 2084 λόγος,
1809 2015 1863 2069 id
1895 2024 1981 2071 est
2014 2032 2132 2072 ser-

547 2114 670 2161 mo,
704 2101 800 2156 sed
846 2102 1170 2173 βαττολογία
1209 2112 1294 2161 est
1321 2106 1512 2177 (quasi
1539 2109 1713 2172 dicas,
1745 2110 1946 2182 lingua:
1975 2112 2133 2167 volu-

549 2187 754 2254 bilitas,
787 2204 842 2246 et
883 2208 1060 2248 vanus
1110 2196 1316 2267 sermo)
1366 2205 1424 2252 ut
1468 2199 1671 2269 aliquis
1700 2199 1888 2257 Graece
1932 2203 2130 2259 melius

544 2290 784 2337 mentem
837 2285 1124 2355 explicans
1173 2287 1397 2354 dixerit,
1415 2285 1651 2358 φλυαρία
1679 2313 1691 2348 :
1723 2292 1827 2348 lioc
1855 2302 1939 2349 est
1969 2296 2128 2364 quasi

548 2372 704 2430 dicas
757 2375 1170 2433 efl‘ervescentia
1237 2387 1401 2450 atque
1451 2380 1684 2438 eﬂ‘utitio
1743 2402 1756 2438 :
1813 2383 1979 2456 λῆρος
2034 2387 2128 2439 καὶ

545 2463 847 2536 φληναφος,
912 2467 1016 2522 hoc
1070 2478 1153 2524 est
1182 2470 1542 2527 deliramenta
1586 2482 1749 2544 atque
1777 2491 1952 2546 nugae,
1987 2491 2052 2532 ac
2079 2479 2127 2534 si

541 2552 688 2620 quod
716 2554 869 2609 aliud
905 2557 1239 2612 vocabulum
1264 2559 1532 2630 ejusmodi
1564 2563 1987 2633 signiﬁcationis
2018 2578 2123 2623 est.

540 2641 684 2710 Quid
717 2645 884 2715 igitur
935 2647 1096 2702 nobis
1145 2663 1330 2704 sermo
1369 2653 1646 2707 consulit?
1674 2653 1751 2710 Ne
1793 2657 1936 2712 idem
1979 2674 2128 2714 com-

538 2737 825 2794 mittamus
876 2739 932 2793 in
967 2747 1212 2811 tempore
1245 2743 1589 2811 orationum,
1633 2747 1815 2816 qualis
1853 2750 1908 2803 in
1940 2759 2125 2808 mente

539 2827 874 2885 furiosorum
909 2847 972 2886 ac
1001 2833 1298 2891 delirorum
1335 2835 1573 2892 absurda
1603 2841 1943 2909 perturbatio
1991 2858 2126 2899 con-

538 2921 720 2975 ﬂatur.
781 2921 1254 2988 Quemadmodum
1303 2928 1477 2983 enim
1548 2938 1728 2985 mente
1802 2932 2124 3002 imperfecta

540 3013 750 3083 praaditi
777 3055 792 3079 ,
841 3031 950 3069 non
981 3018 1224 3086 cogitant
1254 3029 1314 3072 ut
1343 3020 1550 3090 aliquid
1609 3022 1712 3076 sibi
1754 3039 1818 3078 ex
1852 3028 2122 3081 sententia

535 3103 816 3168 obveniat,
851 3105 945 3159 sed
987 3121 1088 3175 pro
1134 3108 1370 3162 arbitrio
1404 3108 1697 3166 felicitates
1720 3113 1988 3182 quasdam
2015 3116 2121 3170 sibi

2243 635 2407 704 τέρας
2459 635 2865 704 κατανοήσεως,
2915 632 3053 704 πλὴν
3100 631 3248 698 ἄξιον
3297 631 3584 697 ἐξετάσαι,
3628 629 3684 681 τί
3738 646 3842 695 ση-

2246 729 2426 798 μαίνει
2466 730 2562 800 τῆς
2615 711 2964 798 βαττολογίας
3007 727 3069 780 τὸ
3115 728 3301 798 ῥῆμα,
3345 726 3421 790 ὡς
3455 725 3522 780 ἂν
3565 724 3842 794 μαθόντες

2242 820 2339 892 τὴν
2391 820 2649 888 διάνοιαν,
2708 821 2814 886 ἕξω
2863 820 2958 874 τοῦ
3009 818 3460 892 ἀπηγορευμένον
3505 817 3835 886 γενοίμεθα.

2242 915 2404 964 Δοκεῖ
2449 914 2630 967 τοίνυν
2685 932 2775 985 μοι
2821 913 3176 984 σωφρονίζειν
3220 913 3321 982 τὴν
3370 911 3684 982 χαυνότητα
3737 908 3840 976 τῆς

2240 1005 2480 1069 διανοίας
2505 1045 2519 1069 ,
2553 1006 2647 1059 καὶ
2691 1006 2996 1061 συστέλλειν
3029 1005 3284 1072 τῶν-ταῖς
3334 1004 3592 1073 ματαίαις
3634 998 3841 1054 ἐπιθυ-

2245 1096 2396 1164 μίαις
2423 1096 2856 1166 ἐμϐαθυνόντων,
2896 1099 2990 1152 καὶ
3018 1097 3107 1150 διὰ
3125 1095 3282 1150 τοῦτο
3306 1096 3404 1166 τὴν
3434 1095 3592 1164 ξένην
3622 1094 3840 1160 ταύτην

2241 1187 2342 1256 τῆς
2398 1187 2598 1252 λέξεως
2646 1190 2992 1260 καινοτομίαν
3031 1187 3423 1259 ἐξευρηκέναι,
3472 1186 3567 1238 ἐπὶ
3615 1183 3839 1252 ἐλέγχῳ

2240 1277 2342 1347 τῆς
2373 1277 2558 1340 ἀνοίας
2584 1277 2692 1332 τῶν
2721 1279 2848 1350 περὶ
2873 1279 2942 1333 τά
2968 1277 3218 1348 ἀνωφελῆ
3245 1294 3308 1330 τε
3339 1277 3433 1330 καὶ¹
3467 1275 3678 1346 μάταια
3706 1274 3838 1336 ταῖς

2241 1366 2554 1438 ἐπιθυμίαις
2584 1369 2966 1440 διαχεομένων.
3011 1369 3067 1422 '0
3096 1367 3205 1439 γὰρ
3229 1367 3451 1438 ἔμφρων
3472 1382 3533 1418 τε
3574 1366 3673 1418 καὶ
3701 1381 3835 1417 συν-

2239 1460 2379 1523 ετὸς,
2411 1461 2504 1514 καὶ
2558 1461 2694 1532 πρὸς
2731 1462 2790 1514 τὸ
2826 1463 3095 1532 χρήσιμον
3125 1460 3338 1539 βλέπων
3377 1458 3530 1527 λόγος
3552 1497 3567 1519 ,
3613 1455 3834 1527 κυρίως

2238 1549 2457 1619 λέγεται
2491 1551 2647 1619 λόγος
2665 1568 2679 1580 ο
2709 1553 2736 1604 6
2765 1550 2822 1603 δὲ
2846 1553 2966 1615 ταῖς
3000 1552 3368 1620 ἀνυπάρκτοις
3397 1546 3720 1617 ἐπιθυμίαις
3740 1545 3836 1598 διὰ

2235 1645 2334 1714 τῆς
2361 1643 2734 1696 ἀνυποστάτου
2764 1643 2952 1712 ἡδονῆς
2975 1643 3347 1712 ἐπιχεόμενος,
3369 1641 3469 1692 οὐκ
3497 1637 3614 1691 ἐστι
3641 1635 3831 1703 λόγος,

2236 1735 2373 1789 ἀλλά
2411 1736 2762 1806 βαττολογία’
2797 1735 2872 1799 ὡς
2906 1736 2970 1790 άν
3013 1752 3097 1799 τις
3149 1731 3602 1802 Ἑλληνικώτερον
3640 1730 3830 1800 ἑρμη-

2236 1827 2408 1880 νεύων
2441 1830 2585 1882 εἴποι
2611 1827 2703 1881 τὸν
2724 1827 2868 1892 νοῦν,
2902 1827 3161 1899 φλυαρία,
3188 1827 3282 1880 καὶ
3311 1826 3472 1897 λῆρος
3499 1824 3591 1877 καὶ
3615 1823 3832 1890 φλήνα-

2238 1922 2366 1989 φος¹,
2397 1921 2491 1974 καὶ
2527 1921 2582 1974 εἴ
2618 1938 2671 1973 τι
2718 1920 2846 1974 ἄλλο
2874 1920 2972 1990 τῆς
3015 1919 3272 1990 τοιαύτης
3303 1917 3598 1988 σημασίας.
3633 1915 3700 1967 Τί
3728 1910 3828 1967 οὖν

2235 2014 2366 2083 ἡμῖν
2406 2013 2763 2084 συμϐουλεύει
2792 2015 2820 2066 6
2845 2013 3036 2082 λόγος;
3076 2012 3150 2083 μὴ
3185 2011 3380 2065 ταύτὸν
3401 2009 3632 2078 πάσχειν
3650 2009 3708 2060 ἐν
3742 2005 3823 2076 τῷ

2234 2106 2412 2178 καιρῷ
2439 2106 2546 2160 τῶν
2580 2104 2921 2177 προσευχῶν,
2971 2099 3080 2157 οἷον
3111 2105 3170 2156 ἐν
3207 2105 3275 2175 τῇ
3317 2102 3425 2154 τῶν
3456 2100 3672 2171 νηπίων
3702 2098 3824 2152 δια-

2231 2197 2352 2269 νοίᾳ
2401 2197 2718 2251 συνίσταται
2760 2195 2950 2260 πάθος.
3002 2195 3210 2267 Ὥσπερ
3245 2194 3351 2265 γὰρ
3384 2193 3434 2246 οί
3475 2190 3688 2253 ἀτελεῖς
3717 2189 3820 2260 τὴν

2230 2289 2469 2344 διάνοιαν
2488 2329 2502 2355 ,
2534 2289 2634 2360 οὑχ
2665 2289 2814 2352 ὅπως
2846 2287 2913 2342 ἄν
2939 2304 2994 2340 τι
3025 2287 3238 2356 γένοιτο
3261 2285 3371 2338 τῶν
3411 2282 3554 2338 κατά
3583 2281 3819 2352 γνώμην

2231 2382 2410 2436 αὐτῶν
2443 2381 2774 2446 ἐπινοοῦσιν,
2798 2380 2933 2434 ἀλλὰ
2963 2381 3086 2434 κατ’
3123 2377 3371 2446 ἐξουσίαν
3405 2375 3705 2446 εὑκληρίας
3736 2391 3820 2426 τι-

2230 2474 2329 2538 νὰς
2359 2476 2576 2546 ἑαυτοῖς
2612 2472 3038 2539 ἀναπλάττουσι,
3074 2470 3381 2543 θησαυροὺς
3408 2469 3503 2523 καὶ
3535 2467 3818 2538 βασιλείας

2231 2567 2325 2620 καὶ
2361 2566 2546 2629 πόλεις
2577 2565 2817 2634 μεγάλας
2850 2566 2972 2627 ταῖς
3001 2561 3392 2634 προσηγορίαις
3423 2559 3603 2614 αὐτῶν
3627 2559 3819 2610 ἐπονο-

2231 2657 2554 2729 μαζομένας
2587 2656 2991 2727 ὑποτιθέμενοι,
3028 2657 3106 2717 εἰς
3133 2656 3310 2707 ἐκεῖνο
3338 2647 3475 2706 εἶναι
3505 2653 3570 2720 τῇ
3603 2649 3820 2718 διανοίᾳ

2229 2750 2618 2820 φαντάζονται,
2651 2749 2789 2819 ὅπερ
2818 2748 2884 2802 ἂν
2915 2748 3102 2809 αὐτοῖς
3131 2747 3164 2816 ή
3201 2742 3496 2814 ματαιότης
3528 2741 3639 2793 τῶν
3667 2740 3818 2806 λογιο

2229 2843 2384 2913 σμῶν
2415 2841 2708 2913 ὑπογράφῃ
2729 2855 2742 2867 ⁵
2786 2840 2895 2892 εἰσὶ
2934 2839 2992 2892 δέ
3020 2854 3166 2900 τινες
3198 2837 3247 2890 οἳ
3291 2833 3384 2889 καί
3419 2831 3818 2902 νεανικώτερον

2227 2934 2322 3004 τῆς
2364 2932 2725 3003 ματαιότητος
2751 2929 2954 2998 ταύτης
2985 2923 3492 2996 ἀντιλαμϐάνονται,
3523 2921 3617 2973 καὶ
3643 2919 3817 2988 ὑπερ-

2227 3025 2425 3087 ϐάντες
2468 3023 2536 3077 τὰ
2579 3023 2752 3094 μέτρα
2794 3023 2893 3092 τῆς
2941 3019 3178 3089 φύσεως,
3224 3014 3416 3086 πτηνοὶ
3463 3013 3706 3080 γίνονται
3731 3052 3745 3069 ,
3774 3011 3811 3079 ἢ

2227 3113 2372 3170 κατά
2419 3115 2546 3176 τοὺς
2597 3112 2834 3182 ἀστέρας
2875 3108 3208 3179 λάμπουσιν.
3260 3103 3294 3173 ἦ
3351 3101 3453 3171 δρη
3495 3097 3585 3151 διὰ
3626 3095 3816 3167 χειρὸς

537 3195 770 3266 ﬁngunt,
803 3197 1096 3254 thesauros
1127 3207 1183 3253 et
1217 3201 1461 3269 nuptias,
1493 3210 1547 3256 et
1573 3218 1759 3273 regna,
1786 3220 2124 3277 magnasque

2229 3208 2509 3280 φέρουσιν,
2543 3204 2690 3276 ἢτὸν
2719 3201 2950 3273 οὐρανὸν
2982 3200 3194 3260 ἑαυτοῖς
3226 3192 3578 3287 ὁδοποιοῦσιν,
3609 3191 3645 3259 ἢ

537 3287 784 3356 ipsorum
852 3289 1314 3358 appellationibus
1383 3294 1805 3362 cognominatas
1869 3299 2122 3356 civitates

538 3377 648 3433 sibi
722 3388 1117 3448 proponentes,
1173 3380 1226 3434 in
1265 3396 1332 3436 eo
1373 3397 1433 3438 se
1462 3388 1670 3440 versari
1709 3386 1764 3440 in
1796 3397 1978 3444 mente
2021 3407 2122 3446 sua

537 3468 928 3541 imaginantur,
966 3473 1338 3542 quodcunque
1369 3476 1763 3545 cogitationum
1796 3482 2011 3537 vanitas
2040 3484 2122 3539 eis

536 3564 892 3633 suggesserit,
931 3566 1181 3619 nonnulli
1221 3582 1353 3622 vero
1385 3570 1550 3623 etiam
1599 3570 1985 3630 vehementius
2017 3575 2124 3630 hac

536 3656 778 3711 vanitate
807 3660 1046 3727 correpti
1087 3667 1238 3723 sunt,
1277 3673 1341 3714 ac
1395 3661 1618 3716 modum
1661 3670 1874 3718 natura:
1924 3680 2122 3736 super—

531 3749 732 3818 gressi,
799 3750 883 3804 vel
940 3751 1194 3806 volucres
1245 3754 1544 3818 exsistunt,
1593 3757 1678 3810 vel
1721 3749 2008 3812 stellarum
2064 3761 2121 3815 in

536 3840 756 3894 modum
795 3841 1001 3906 lucent,
1039 3844 1126 3898 vel
1159 3855 1374 3900 montes
1403 3847 1456 3899 in
1481 3848 1737 3903 manibus
1765 3857 2000 3920 gestant,
2034 3853 2117 3907 vel

535 3931 737 3986 cmlum
770 3933 873 3987 sibi
903 3933 1149 4002 pervimn
1178 3933 1408 3999 faciunt,
1451 3937 1536 3991 vel
1573 3938 1638 3992 ad
1669 3939 1992 3995 innumeros
2021 3957 2118 3997 us-

533 4037 640 4092 que
668 4037 844 4078 annos
868 4025 1061 4078 vivunt
1080 4025 1312 4094 juvenes
1336 4043 1402 4081 ex
1426 4029 1654 4084 senibus
1685 4032 1981 4088 evadentes
2012 4052 2026 4087 :
2056 4049 2120 4089 ac
2175 4088 2182 4096 ,

533 4128 877 4182 quaecunque
919 4115 1024 4167 alia
1061 4117 1194 4169 talia
1230 4119 1406 4188 magis
1443 4120 1798 4186 vecordibus,
1839 4123 2117 4180 bullarum

535 4207 591 4260 in
625 4207 870 4273 modum,
907 4223 1049 4261 vana
1089 4217 1254 4278 atque
1317 4211 1501 4265 inania
1544 4213 1802 4282 figmenta
1847 4215 1904 4268 in
1949 4217 2118 4272 corde

536 4297 948 4366 ingenerantur.
1007 4297 1076 4353 Ut
1132 4300 1299 4367 igitur
1331 4301 1385 4353 in
1437 4303 1603 4357 rebus
1632 4303 1890 4372 gerendis
1919 4305 1964 4360 is
2018 4306 2114 4376 qui

533 4403 643 4443 non
667 4404 731 4444 ea
792 4391 1017 4460 cogitat,
1077 4407 1174 4461 per
1224 4408 1346 4462 quae
1397 4393 1500 4448 sibi
1537 4394 1864 4450 deliberanti
1907 4397 2113 4466 aliquid

532 4479 661 4536 boni
709 4482 1012 4551 contingat,
1064 4483 1157 4537 sed
1221 4484 1381 4539 vanis
1434 4485 1831 4555 cupiditatibus
1879 4488 2114 4557 nequid-

2231 3298 2522 3373 μυριοστὸν
2555 3294 2870 3368 διαρκοῦσιν
2907 3291 3049 3354 ἔτος,
3087 3289 3198 3342 νέοι
3229 3289 3292 3340 ἐκ
3317 3283 3563 3339 παλαιῶν
3592 3281 3816 3352 γινόμε-

2225 3408 2306 3445 νοι
2325 3407 2341 3422 ο
2375 3390 2408 3460 ἢ
2439 3389 2540 3441 ὅσα
2578 3386 2714 3441 ἄλλα
2740 3382 2971 3438 τοιαῦτα
3007 3383 3120 3443 τοῖς
3141 3375 3603 3448 ,νηπιωδεστέροις
3633 3373 3814 3425 τίκτει

2225 3477 2628 3553 πομφολυγὼδη
2648 3478 2743 3530 καὶ
2765 3476 2986 3530 διάκενα
3005 3475 3037 3542 ή
3066 3470 3262 3541 καρδία
3292 3468 3416 3535 ποιή
3427 3465 3814 3536 ματα.Ὣσπερ

2223 3575 2403 3628 τοίνυν
2441 3573 2500 3625 ἐν
2525 3573 2635 3634 τοῖς
2677 3571 3001 3640 πράγμασιν
3035 3566 3063 3618 6
3114 3563 3188 3634 μὴ
3229 3559 3400 3615 ταῦτα
3419 3557 3767 3626 λογιζόμενος
3791 3596 3811 3617 ,

2223 3666 2291 3719 δι’
2320 3658 2395 3717 ὧν
2429 3662 2494 3717 ἂν
2527 3661 2736 3730 γένοιτό
2765 3677 2817 3712 τι
2855 3656 3058 3726 ἀγαθὸν
3085 3653 3196 3706 τῶν
3233 3649 3656 3722 βουλευομένων,
3691 3646 3810 3699 ἀλλ’

2223 3747 2618 3820 ἐμματαιάζων
2655 3750 2776 3810 ταῖς
2809 3744 3182 3814 άνυπάρκτοις
3211 3740 3549 3810 ἐπιθυμίαις,
3581 3737 3809 3807 ἀνόητός

2221 3858 2307 3904 τις
2328 3841 2444 3893 ἐστι
2469 3840 2563 3893 καὶ
2584 3838 2787 3904 ἅθλιος,
2814 3837 2904 3890 τὸν
2920 3836 3015 3889 τοῦ
3038 3833 3242 3906 πρᾶξαί
3265 3850 3317 3885 τι
3337 3831 3444 3884 τῶν
3465 3830 3528 3882 λυ
3538 3828 3809 3882 σιτελούν-

2223 3950 2332 3985 των
2393 3930 2792 4002 βουλεύσασθαι
2845 3927 3057 3998 καιρὸν,
3106 3927 3219 3987 τοῖς
3277 3920 3545 3984 ἐνυπνίοις
3599 3918 3808 3981 τούτοις

2225 4023 2675 4096 προσαναλίσκων
2697 3999 2720 4052 ί
2754 4019 2927 4083 οὕτως
2955 4020 2982 4071 6
3026 4019 3083 4070 ἐν
3113 4013 3290 4086 καιρῷ
3324 4011 3635 4085 προσευχῆς
3667 4009 3804 4081 πρὸς

2221 4116 2292 4169 τὰ
2330 4114 2680 4185 συμφέροντα
2718 4115 2784 4183 τῇ
2813 4112 2958 4181 ψυχῇ
2994 4109 3070 4180 μὴ
3113 4107 3442 4176 τεταμένος,
3489 4103 3626 4156 ἀλλὰ
3669 4101 3806 4172 πρὸς

2219 4207 2318 4271 τὰς
2363 4205 2634 4276 ἐμπαθεῖς
2675 4205 2776 4274 τῆς
2817 4201 3058 4263 διανοίας
3085 4200 3326 4269 κινήσεις
3369 4191 3798 4248 συνδιατίθεσθαι

2218 4299 2311 4350 τὸν
2327 4297 2459 4350 Θεὸν
2487 4295 2678 4362 ἀξιῶν,
2707 4293 2874 4365 λῆρός
2897 4292 2980 4356 τίς
3003 4295 3151 4344 ἐστιν
3199 4290 3274 4351 ὼς
3302 4285 3514 4358 ἀληθῶς
3543 4286 3638 4339 καὶ
3666 4284 3795 4354 βατ-

2218 4387 2436 4455 τολόγος
2454 4425 2470 4450 ,
2495 4385 2602 4438 τῶν
2642 4385 2789 4437 ἰδίων
2827 4383 3206 4453 ματαιοτήτων
3236 4377 3498 4449 συνεργὸν
3530 4375 3623 4428 καὶ
3652 4377 3795 4444 ὑπη-

2224 4479 2386 4551 ρέτην
2437 4478 2528 4532 τὸν
2574 4477 2708 4530 Θεὸν
2757 4475 3002 4545 γίνεσθαι
3055 4472 3505 4546 προσευχόμενος.
3569 4465 3698 4521 Οἷόν
3749 4486 3800 4521 τι

534 4589 698 4640 quam
736 4574 1086 4639 immoratur,
1121 4575 1323 4632 stultus
1362 4577 1584 4647 quidem
1636 4587 1691 4634 et
1710 4580 1886 4636 miser
1921 4589 2024 4646 est,
2058 4582 2116 4636 in

2228 4569 2364 4639 λέγω
2388 4586 2401 4598 '
2432 4567 2693 4647 Πρόσεισί
2725 4583 2808 4630 τις
2833 4564 2924 4619 διὰ
2964 4562 3276 4634 προσευχῆς
3306 4561 3383 4630 τῷ
3415 4559 3569 4647 Θεῷ,
3602 4560 3697 4611 καὶ
3728 4560 3799 4627 μὴ

535 4664 649 4720 haec
712 4667 983 4722 insomnia
1041 4669 1388 4724 occasionem
1437 4670 1847 4726 deliberationis
1905 4671 2112 4741 aliquid

535 4755 753 4825 agendi,
806 4759 950 4826 quod
1017 4773 1084 4812 ex
1144 4773 1245 4812 usu
1299 4761 1393 4824 sit,
1439 4760 1727 4816 insumens
1766 4780 1780 4816 :
1818 4763 1894 4815 ita
1923 4763 2016 4832 qui
2056 4763 2112 4816 in

535 4856 776 4928 tempore
829 4849 1094 4905 orationis
1144 4851 1200 4904 in
1249 4866 1312 4906 ea
1351 4867 1475 4921 quae
1524 4853 1722 4906 animae
1771 4853 2109 4919 conducunt,

534 4941 784 4996 intentus
837 4957 944 4996 non
987 4951 1092 5008 est,
1130 4945 1224 4999 sed
1254 4945 1471 5000 vitiosis
1493 4952 1546 5004 et
1569 4945 1905 5014 perturbatis
1940 4947 2111 5001 animi

534 5034 621 5088 sui
661 5033 901 5089 mOtibus
944 5032 1112 5088 Deum
1149 5037 1379 5106 obsequi
1414 5038 1676 5107 postulat,
1721 5047 1956 5108 nugator
1983 5039 2110 5108 qui-

533 5125 654 5179 dem
699 5139 887 5177 revera
938 5133 1102 5193 atque
1151 5124 1452 5180 blaterator
1483 5127 1807 5198 est,quippe
1831 5129 1924 5198 qui
1965 5138 2110 5195 oret,

533 5223 592 5268 ut
641 5213 785 5270 Deus
827 5231 1055 5270 suarum
1104 5217 1433 5285 ineptiarum
1471 5225 1525 5271 et
1553 5219 1858 5274 vanitatum
1893 5218 2113 5288 adjutor

533 5317 587 5361 et
614 5306 867 5361 minister
902 5309 1012 5360 liat.
1042 5307 1216 5372 Quale
1239 5305 1501 5377 quiddam
1538 5309 1795 5378 (exempli
1822 5309 2020 5381 gratia)
2056 5310 2112 5364 in

534 5395 772 5450 medium
814 5395 982 5450 affero
1008 5396 1269 5451 :Accedit
1304 5396 1507 5466 aliquis
1541 5396 1608 5450 ad
1643 5397 1809 5451 Deum
1846 5414 1944 5468 per
1987 5413 2114 5453 ora-

535 5483 762 5547 tionem,
791 5491 846 5537 et
880 5479 1288 5554 non‘perpensa
1317 5484 1461 5555 apud
1498 5486 1741 5541 animum
1775 5486 2114 5542 sublimitate

535 5577 790 5642 potentiae
822 5575 888 5629 ad
915 5591 1078 5644 quam
1119 5577 1355 5641 accedit,
1387 5577 1640 5647 turpibus
1665 5585 1719 5633 et
1754 5577 1995 5633 sordidis
2019 5593 2114 5647 pc-

537 5663 828 5716 titionibus
869 5665 1212 5732 maiestatem
1261 5667 1502 5722 divinam
1556 5667 1854 5724 dedecorat
1903 5667 2114 5737 impru-

537 5749 698 5804 dens.
730 5751 799 5806 Ut
831 5754 876 5806 si
907 5756 1029 5823 quis
1059 5771 1170 5825 prae
1200 5759 1367 5813 nimia
1403 5768 1725 5831 paupertate
1763 5769 1858 5815 aut
1890 5759 2113 5814 rustici-

539 5848 649 5896 tate
707 5857 836 5898 vasa
881 5859 945 5898 ex
994 5847 1106 5901 luto
1139 5847 1347 5915 fictilia,
1383 5853 1623 5922 pretiosa
1679 5862 1863 5922 putet;
1918 5850 2115 5906 deinde

2221 4642 2562 4733 κατανοήσας
2572 4663 2635 4730 τῇ
2654 4659 2860 4728 διανοίᾳ
2873 4660 2931 4712 τὸ
2952 4657 3084 4726 ὕψος
3103 4655 3202 4743 τῇς
3217 4645 3547 4723 δυνάμεως
3571 4651 3802 4722 προσέρ-

2221 4770 2396 4825 χεται,
2423 4751 2676 4805 λανθάνει
2707 4749 3050 4821 καθυϐρίζων
3075 4747 3134 4801 τὸ
3161 4745 3387 4817 μέγεθος
3407 4745 3527 4805 ταῖς
3551 4744 3795 4811 αἰσχραῖς

2222 4847 2315 4899 καί
2345 4847 2632 4906 ταπειναῖς
2661 4841 2770 4895 τῶν
2802 4843 3098 4912 αἰτήσεων.
3124 4839 3336 4907 Ὠσπερ
3369 4835 3434 4890 ἂν
3462 4836 3614 4897 εἴτις
3646 4833 3713 4885 τά
3736 4835 3798 4884 ἐκ

2221 4935 2394 5006 πηλοῦ
2427 4934 2596 5004 σκεύη
2621 4933 2688 4985 δι’
2719 4929 3020 5002 ὑπερϐολὴν
3052 4925 3240 4988 πενίας
3267 4923 3300 4994 ἢ
3335 4920 3617 4991 ἀγροικίας
3643 4919 3801 4990 τίμια

2219 5021 2479 5093 νομίζων,
2526 5021 2718 5074 ἔπειτα
2769 5017 2980 5088 βασιλεῖ
3021 5013 3356 5086 προσελθὼν,
3409 5009 3669 5070 πλούτους
3707 5009 3799 5062 καὶ

2222 5112 2509 5183 ἀξιώματα
2547 5110 2821 5181 διανέμειν
2861 5105 3278 5179 προαιρουμένῳ
3298 5120 3312 5133 ·
3341 5105 3369 5155 6
3402 5102 3459 5155 δέ
3487 5098 3800 5155 καταλιπὼν

2221 5204 2322 5268 τὰς
2353 5203 2640 5274 βασιλικὰς
2675 5202 2944 5272 αἰτήσεις,
2975 5197 3118 5263 ἀξιοῖ
3139 5197 3228 5249 τὸν
3255 5193 3506 5247 τοσοῦτον
3534 5191 3610 5260 τῷ
3639 5190 3799 5256 ἀξιώ-

2223 5313 2386 5366 ματι,
2435 5296 2606 5366 πηλὸν
2655 5293 3032 5350 διαπλάσαντα
3079 5287 3302 5358 ποιῆσαί
3349 5303 3402 5339 τι
3443 5282 3550 5336 τῶν
3604 5282 3800 5351 ἐκείνῳ

2221 5386 2781 5459 καταθυμίωνοοῦτως
2819 5385 2912 5439 καὶ
2944 5386 2972 5436 6
3010 5380 3350 5441 ἀπαιδεύτως
3397 5380 3460 5448 τῇ
3494 5377 3626 5446 εὐχῇ
3659 5375 3801 5446 χρά-

2225 5495 2384 5550 μενος
2405 5519 2420 5544 ,
2450 5477 2512 5529 οὐ
2535 5476 2672 5548 πρὸς
2707 5476 2768 5528 τὸ
2795 5474 2926 5543 ὕψος
2947 5472 3040 5526 τοῦ
3078 5470 3309 5532 διδόντος
3331 5466 3520 5520 ἑαυτὸν
3546 5465 3763 5534 ἐπαίρει
3783 5503 3797 5526 ,

2221 5571 2361 5625 ἀλλά
2409 5569 2545 5638 πρὸς
2578 5569 2640 5620 τὸ
2671 5567 2926 5620 ταπεινόν
2953 5582 3013 5618 τε
3047 5564 3140 5617 καὶ
3173 5563 3358 5632 γήϊνον
3384 5558 3485 5626 τῆς
3515 5555 3650 5619 ἰδίας
3680 5559 3796 5608 ἐπι·

2221 5661 2422 5732 θυμίας
2445 5661 2544 5730 τὴν
2577 5659 2726 5713 θείαν
2747 5658 2976 5726 δύναμιν
3005 5653 3305 5723 καταϐῆναι
3339 5648 3530 5702 ποθεῖ·
3556 5645 3654 5700 καὶ
3680 5646 3800 5699 τού-

2221 5770 2313 5806 του
2348 5754 2507 5824 χάριν
2529 5752 2627 5816 τάς
2651 5750 2922 5822 ἐμπαθεῖς
2949 5747 3127 5819 ὁρμὰς
3147 5742 3415 5815 προτείνει
3445 5738 3522 5808 τῷ
3543 5737 3641 5799 τὰς
3663 5754 3797 5807 κειρ-

2224 5848 2338 5911 δίας
2389 5846 2663 5918 βλέποντι,
2711 5845 2810 5915 οὐχ
2843 5845 2991 5906 ὅπως
3027 5840 3094 5894 ἂν
3128 5832 3483 5907 θεραπεύσειε
3519 5828 3587 5881 τὰ
3619 5828 3796 5882 ἄτοπα
