4018 6356
236 406 381 461 “9.9

1215 400 1304 456 DE
1342 399 1698 457 ORATIONE
1736 398 2090 454 DOMINICA.
2125 427 2194 436 -
2225 397 2486 454 ORATIO
2521 397 2560 452 Ι.

3387 404 3520 460 ιιδο

233 527 336 596 τῆς
371 525 616 586 διανοίας
651 524 924 592 κινήματα
949 537 960 550 ·
989 522 1104 575 ἀλλ’
1130 523 1278 586 ὅπως
1305 523 1371 577 ἂν
1402 523 1570 594 χείρω
1597 523 1827 590 γένοιτο,

1945 518 2001 572 ad
2032 532 2214 588 regem
2247 517 2455 573 solidas
2501 516 2720 573 divitias
2760 529 2812 572 et
2857 517 3156 590 dignitates
3186 520 3522 580 distribuere

234 618 318 679 είς
341 616 510 686 ἔργον
552 615 649 684 τῆς
685 614 926 684 πονηρᾶς
955 613 1134 682 ὁρμῆς
1165 613 1253 665 διὰ
1280 613 1378 683 τῆς
1414 611 1704 682 συνεργίας
1735 609 1830 677 τοῦ

233 709 378 760 Θεοῦ
417 705 847 777 προσελθούσης.
891 705 1110 775 Ἐπειδὴ
1153 704 1262 776 γὰρ
1290 705 1318 757 0
1352 705 1498 757 δεῖνα
1531 705 1709 765 λυπεῖ,
1739 703 1832 755 καί

237 817 332 867 μοι
373 799 648 851 διάκειται
680 796 961 867 δυσμενῶς
1001 799 1033 867 ἡ
1084 796 1313 867 καρδία,
1366 794 1612 859 Πάταξον
1651 793 1832 854 αὑτὸν,

237 891 315 960 τῷ
356 891 485 961 Θεῷ
521 891 695 958 λέγει,
729 890 888 959 μόνον
917 887 1018 942 οὐκ
1060 889 1237 941 ἐκεῖνο
1279 887 1436 958 βοῶν,
1472 889 1554 941 ὅτι
1595 887 1668 939 Τὸ
1701 887 1834 957 ἐμὸν

236 981 416 1044 πάθος
453 982 512 1032 ἐν
565 981 646 1034 σοὶ
680 979 954 1049 γενέσθω,
1001 981 1034 1050 ἡ
1074 979 1208 1049 ἐμοῦ
1255 979 1424 1032 κακία
1471 979 1563 1031 ἐπὶ
1613 978 1674 1031 σὲ
1713 978 1832 1030 δια-

234 1074 412 1142 ϐἡτω.
473 1074 559 1136 Ὠς
592 1073 700 1144 γὰρ
734 1074 792 1124 ἐν
815 1075 932 1135 ταῖς
966 1071 1337 1144 ἀνθρωπίναις
1367 1072 1567 1142 μάχαις
1591 1072 1690 1124 οὐκ
1719 1071 1834 1123 ἔστι

236 1180 302 1214 συ
314 1161 613 1232 μμαχῆσαί
631 1179 756 1214 τινα
787 1160 866 1231 τῷ
894 1161 973 1213 ἐνὶ
1008 1162 1182 1232 μέρει,
1210 1161 1284 1232 μὴ
1315 1159 1834 1231 συμπαροξυνθέντα

236 1253 317 1322 τῷ
369 1252 721 1322 ὀργιζομένῳ
777 1251 918 1306 κατά
967 1251 1060 1304 τοῦ
1113 1251 1621 1323 προσπαλαίοντοςο
1691 1249 1834 1303 οὕτω

237 1342 405 1412 δῆλον
443 1343 528 1395 ὅτι
558 1343 586 1394 ὁ
617 1341 758 1396 κατά
785 1342 877 1394 τοῦ
913 1341 1105 1414 ἐχθροῦ
1138 1341 1228 1394 τὸν
1258 1341 1390 1394 Θεὸν
1425 1341 1612 1404 κινῶν,
1641 1358 1833 1413 συνορ-

235 1432 503 1502 γισθῆναι
544 1431 885 1503 παρακαλεῖ,
915 1432 1009 1484 καὶ
1059 1430 1153 1483 τοῦ
1188 1429 1362 1501 θυμοῦ
1407 1429 1663 1484 κοινωνὸν
1689 1432 1836 1499 γενέ-

235 1524 384 1576 σθαι.
425 1523 601 1576 Τοῦτο
627 1523 682 1576 δέ
708 1525 825 1576 ἐστι
851 1523 912 1576 τὸ
940 1525 1020 1586 είς
1048 1522 1218 1585 πάθος
1247 1525 1431 1574 πεσεῖν
1461 1522 1522 1575 τὸ
1540 1522 1714 1586 Θεῖον,
1742 1525 1834 1576 καὶ

234 1615 380 1668 κατά
412 1615 702 1685 ἄνθρωπον
722 1613 1052 1685 διατεθῆναι,
1077 1615 1171 1666 καὶ
1200 1614 1279 1676 εἰς
1307 1613 1542 1684 θηριώδη
1569 1615 1835 1685 ἀπήνειαν

234 1710 299 1760 ἐκ
333 1709 438 1778 τῆς
471 1709 686 1778 ἀγαθῆς
723 1708 938 1776 φύσεως
976 1705 1428 1778 μεταποιηθῆναι.
1469 1705 1654 1770 Οὕτως
1686 1708 1714 1760 0
1750 1707 1835 1760 δο-

239 1800 534 1871 ξνμανῶν·
587 1800 760 1864 οὕτως
804 1800 832 1852 0
871 1801 928 1852 ἐν
983 1799 1336 1870 ὑπερηφανία
1373 1799 1434 1852 τὸ
1477 1799 1639 1853 πλέον
1688 1799 1834 1870 ἔχειν

1942 621 2191 680 paratum
2247 611 2494 674 accedat,
2549 617 2714 679 atque
2765 613 2988 668 omissis
3024 612 3090 666 iis
3123 614 3309 678 rebus,
3339 630 3460 684 quae
3491 632 3522 669 a

1942 713 2068 767 rege
2099 698 2206 767 peti
2239 698 2457 757 solent,
2517 707 2668 751 tanta
2713 699 2981 770 dignitate
3011 702 3300 771 prmdituin
3342 715 3518 776 roget.

1941 797 2001 842 ut
2046 803 2112 842 ex
2154 788 2268 842 luto
2304 789 2534 844 subacto
2583 798 2747 860 atque
2787 793 3122 847 concinnato
3165 793 3367 848 efﬁciat
3419 797 3522 850 ali-

1939 880 2094 950 quid,
2126 881 2272 950 quod
2315 881 2422 936 sibi
2468 883 2617 936 cordi
2651 883 2723 937 sit
2771 901 2783 937 :
2823 885 2898 938 ita
2942 885 3106 940 etiam
3139 885 3187 940 is
3219 887 3311 956 qui
3349 887 3523 956 impe-

1940 972 2043 1026 rite
2067 974 2239 1026 utitur
2261 973 2530 1036 oratione,
2568 989 2678 1028 non
2706 975 2774 1030 ad
2805 976 2988 1032 dantis
3022 975 3368 1032 altitudinem
3401 992 3524 1033 sese

1938 1062 2099 1131 erigit
2125 1103 2140 1128 ,
2169 1061 2265 1117 sed
2297 1062 2363 1116 ad
2395 1063 2670 1130 sordidas,
2702 1062 2944 1121 humiles'
2976 1073 3032 1122 et
3071 1073 3274 1121 terram
3305 1069 3525 1138 sapien-

1942 1162 2022 1207 tes
2047 1153 2380 1221 cupiditates
2413 1170 2546 1211 suas
2578 1157 2820 1230 divinam
2855 1159 3158 1228 potentiam
3190 1160 3524 1216 descendere

1940 1246 2236 1310 desiderat,
2272 1255 2436 1318 atque
2464 1249 2630 1319 hujus
2658 1251 2734 1306 rei
2768 1252 2944 1322 gratia
2975 1252 3204 1310 vitiosos
3229 1265 3282 1308 et
3307 1262 3525 1322 pertur-

1940 1339 2098 1393 batos
2131 1338 2299 1392 animi
2341 1340 2578 1410 impetus
2606 1349 2660 1395 et
2700 1350 2882 1398 motus
2921 1344 3090 1398 corda
3119 1345 3367 1400 cernenti
3403 1360 3525 1414 pro-

1940 1430 2066 1492 fert,
2102 1445 2212 1484 non
2257 1439 2313 1484 ut
2371 1445 2529 1488 sanet
2581 1434 2852 1490 absurdos
2889 1435 3057 1490 animi
3089 1445 3293 1500 motus,
3330 1437 3425 1491 sed
3462 1443 3522 1490 ut

1939 1521 2148 1575 auxilio
2183 1521 2300 1586 Dei,
2332 1533 2728 1594 repraesentata
2756 1543 2926 1596 pravo
2967 1529 3188 1598 impetu,
3220 1529 3522 1584 deteriores

1939 1611 2274 1670 efﬁciantur.
2305 1614 2580 1681 Quoniam
2632 1618 2781 1673 enim
2828 1620 2919 1674 ille
2951 1621 3216 1676 molestus
3245 1630 3328 1677 est
3359 1629 3524 1690 atque

1937 1701 2061 1755 odio
2085 1717 2182 1756 cor
2223 1720 2402 1759 meum
2439 1705 2671 1773 laborat,
2703 1708 2935 1765 Percute
2961 1726 3108 1776 eum,
3140 1712 3208 1766 ad
3233 1713 3402 1768 Deum
3437 1712 3524 1766 di-

1939 1793 2044 1856 cit,
2088 1793 2248 1848 modo
2302 1811 2410 1850 non
2451 1795 2586 1852 illud
2633 1799 2922 1856 clamans:
2957 1802 3109 1859 Meus
3142 1804 3310 1858 animi
3342 1812 3525 1860 motus

234 1891 528 1962 ἐπιθυμῶν
550 1907 564 1920 ·
599 1893 628 1944 0
652 1893 710 1944 ἐν
737 1894 802 1962 τῇ
837 1891 1142 1963 διαδικασίᾳ
1171 1891 1306 1962 πρὸς
1334 1893 1432 1962 τὴν
1469 1891 1625 1962 νίκην
1661 1893 1825 1946 σπεύ-

1953 1900 1984 1935 η
2013 1891 2066 1937 ιε
2095 1884 2187 1950 sit,
2217 1899 2281 1940 ac
2312 1901 2433 1942 mea
2457 1889 2664 1943 malitia
2689 1899 2853 1961 atque
2873 1895 3117 1963 nequitia
3151 1895 3219 1950 ad
3255 1904 3309 1950 te
3344 1905 3525 1953 trans-

235 1984 342 2036 δων
373 2003 384 2013 ·
415 1987 444 2037 0
486 1985 548 2037 ἐν
582 1987 696 2048 τοῖς
734 1986 1024 2054 γυμνικοῖς
1069 1983 1244 2054 ἀγῶσι
1284 1984 1422 2054 πρὸς
1446 1984 1538 2038 τὸν
1577 1984 1840 2053 στέφανον

237 2075 603 2146 ἐπειγόμενος
623 2091 638 2106 ο
665 2075 694 2128 0
721 2076 778 2128 ὲν
803 2075 1052 2145 θεάτροις
1081 2076 1178 2146 τῆς
1211 2074 1491 2144 εὐφημίας
1525 2075 1803 2128 ἀντιποιού
1823 2103 1838 2114 -

239 2187 400 2240 μενος
418 2187 430 2200 ο
457 2163 728 2232 ’πολλάκις
750 2169 804 2222 δὲ
828 2170 922 2222 καὶ
947 2170 974 2221 ὁ
999 2170 1132 2240 πρὸς
1156 2169 1216 2222 τὸ
1245 2168 1517 2242 λυσσῶδες
1538 2169 1638 2238 τῆς
1661 2169 1839 2240 νεότη-

236 2279 328 2324 τος
367 2261 547 2324 πάθος
591 2259 923 2331 ἐκτετηκώς.
977 2260 1184 2323 Πάντες
1230 2252 1376 2312 οὗτοι
1430 2259 1528 2330 ούχ
1576 2260 1723 2322 ὅπως
1775 2259 1839 2312 ἂν

237 2351 344 2414 ἐξω
401 2351 501 2404 τοῦ
566 2349 996 2422 ἐπικρατοῦντος
1059 2351 1495 2422 ἀρῥωστήματος
1558 2350 1833 2418 γένοιντο,

242 2442 588 2511 προσάγουσι
622 2439 742 2510 Θεῷ
787 2439 886 2504 τὰς
916 2440 1131 2509 δεήσεις
1155 2478 1170 2503 ,
1207 2439 1321 2493 ἀλλ’
1351 2439 1498 2502 ὅπως
1531 2439 1595 2492 ἂν
1628 2441 1707 2502 είς
1739 2439 1837 2491 πέ-

243 2550 340 2601 ρας
379 2533 570 2595 αὐτοῖς
601 2533 635 2603 ή
670 2531 824 2594 νόσος
850 2531 992 2584 ἔλθοι
1017 2548 1032 2560 ’
1073 2532 1166 2584 καὶ
1197 2531 1256 2584 τὸ
1282 2531 1604 2601 διαμαρτεῖν
1633 2529 1838 2582 τούτων

243 2626 364 2678 ἀντὶ
412 2626 706 2696 συμφορᾶς
755 2624 985 2687 ἕκαστος
1042 2625 1362 2694 κρίνοντες,
1420 2623 1837 2693 βαττολογοῦσιν

240 2715 428 2778 ὅντως,
451 2715 716 2786 συνεργὸν
732 2715 832 2785 τῆς
851 2714 992 2768 κατά
1003 2715 1094 2768 τὸν
1113 2714 1235 2768 νοῦν
1255 2714 1567 2786 ἀρρωστίας
1584 2713 1840 2782 γενέσθαι

243 2809 333 2860 τὸν
361 2809 497 2864 Θεὸν
530 2809 868 2874 ἱκετεύοντες
893 2825 907 2838 °
946 2809 1040 2863 κα)⁸
1071 2809 1133 2862 τὸ
1173 2809 1393 2862 πάντων
1420 2807 1803 2878 χαλεπώτατον
1822 2850 1838 2875 ,

244 2901 324 2953 ὅτι
350 2901 487 2972 πρὸς
513 2900 613 2964 τὰς
638 2901 888 2964 ἐναντίας
909 2901 1086 2971 ὁρμὰς
1103 2900 1370 2954 κινεῖσθαι
1393 2901 1455 2952 τὸ
1473 2901 1628 2954 Θεῖον
1660 2899 1841 2964 αὐτοῖς

203 2987 210 2995 ’
249 2991 638 3062 ἐπιθυμοῦσιν,
673 2993 752 3056 εἰς
780 2991 1079 3062 ἀγριότητα
1106 2992 1201 3044 καὶ
1229 2991 1641 3062 φιλανθρωπίαν
1687 2993 1841 3063 μερί-

247 3080 428 3146 ζοντες
466 3081 567 3136 τοῦ
605 3082 740 3135 Θεοῦ
787 3082 886 3153 τὴν
931 3083 1230 3153 ἐνέργειαν.
1270 3085 1366 3137 Ὃν
1406 3083 1515 3155 γὰρ
1555 3083 1713 3137 ἱτλεων
1747 3084 1841 3137 καὶ

248 3175 421 3242 πρᾶον
461 3174 816 3244 ἐπιζητοῦσιν
859 3176 1073 3239 ἑαυτοῖς
1120 3173 1292 3240 εἶναι,
1337 3175 1525 3230 τοῦτον
1554 3179 1750 3249 πικρόν
1778 3195 1838 3231 τε

251 3267 344 3319 καὶ
373 3268 565 3338 ἀπηνῆ
592 3269 705 3331 τοῖς
728 3267 941 3338 ἐχθροῖς
976 3268 1158 3321 αὐτῶν
1189 3269 1562 3340 ἐπιδειχθῆναι
1593 3288 1842 3342 παρακα-

248 3359 447 3414 λοῦσιν,
483 3362 550 3413 Ὢ
592 3359 694 3428 τῆς
725 3359 908 3421 ἀνοίας
937 3361 1046 3412 τῶν
1092 3360 1597 3430 βαττολογούντωνί
1631 3364 1679 3415 εί
1726 3361 1840 3434 γὰρ

248 3451 478 3515 ἐκείνοις
510 3453 728 3522 ἀπηνὴς
755 3454 782 3505 ὁ
811 3451 942 3516 Θεὸς
964 3493 978 3518 ,
1009 3452 1129 3506 ούδέ
1155 3453 1238 3505 σοι
1277 3454 1492 3518 πάντως
1517 3455 1744 3524 ἥμερος.
1779 3453 1841 3506 Ei

249 3539 300 3592 δὲ
327 3543 418 3594 ἐπὶ
449 3543 546 3596 σοῦ
578 3541 712 3613 πρὸς
744 3541 894 3595 ἔλεον
917 3542 1093 3614 ῥέπει,
1126 3543 1266 3596 κατά
1290 3560 1354 3610 γε
1379 3544 1478 3615 τὴν
1507 3546 1606 3616 σὴν
1627 3543 1839 3608 ἐλπίδα,

251 3632 366 3694 πῶς
410 3634 477 3686 ἂν
538 3633 897 3705 μεταϐάλοιτο
945 3635 1082 3704 πρὸς
1133 3635 1441 3688 τούναντίον
1485 3638 1565 3699 εἰς
1618 3635 1842 3706 πικρίαν

257 3724 624 3797 μεθαρμὸζων
679 3727 771 3779 τὸν
801 3726 990 3791 ἐλεον;
1035 3725 1197 3779 Ἀλλά
1231 3727 1338 3797 πρὸ
1375 3727 1558 3798 χειρὸς
1594 3727 1702 3782 τῶν
1730 3731 1842 3799 ἐρι-

254 3817 452 3891 στικῶν
489 3822 523 3890 ὴ
569 3819 704 3889 πρὸς
739 3819 800 3872 τὺ
841 3818 1080 3872 τοιοῦτον
1105 3819 1398 3882 ἀντίθεσις.
1429 3819 1604 3883 Εὐθὺς
1633 3819 1741 3891 γὰρ
1763 3820 1843 3883 είς

255 3911 584 3981 συνηγορίαν
617 3911 715 3979 τῆς
745 3909 956 3962 ἐαυτῶν
996 3910 1221 3981 πικρίας
1260 3909 1360 3974 τὰς
1401 3914 1466 3964 ἐκ
1498 3913 1596 3982 τῆς
1627 3929 1841 3982 προφη-

253 3998 398 4062 τείας
437 4001 621 4068 φωνὰς
653 4000 1048 4072 παρατίθενται
1073 4017 1086 4031 ·
1127 4001 1219 4053 τὸν
1247 4001 1414 4055 Δαϐὶδ
1441 4001 1688 4056 ἐκλιπεῖν
1718 4003 1843 4066 τοὺς

254 4083 610 4158 ἁμαρτωλοὺς
646 4089 915 4142 ποθοῦντα
938 4130 952 4155 ,
986 4090 1080 4143 καὶ
1121 4090 1386 4161 αἰσχύνην
1439 4091 1532 4146 καὶ
1576 4090 1844 4162 ἐντροπὴν

255 4175 359 4227 τῶν
406 4179 618 4250 ἐχθρῶν
655 4181 1087 4250 κατευχόμενον·
1129 4181 1222 4235 τὸν
1277 4182 1548 4255 Ἱερεμίαν
1592 4183 1718 4237 ἰδεῖν
1746 4182 1845 4254 τὴν

257 4268 407 4337 παρά
441 4270 559 4341 Θεῷ
596 4271 875 4342 ἐκδίκησιν
903 4275 966 4326 ἐκ
999 4273 1108 4326 τῶν
1143 4273 1401 4328 ἐναντίων
1439 4275 1842 4346 ἐπιθυμοῦντα·

257 4358 347 4410 τὸν
391 4361 547 4435 Ὠσηέ
583 4364 798 4436 μήτραν
837 4365 1203 4432 ἀτεκνοῦσαν,
1237 4369 1332 4422 καὶ
1365 4370 1604 4439 μαστοὺς
1645 4370 1846 4441 ξηροὺς

259 4447 474 4522 δοθῆναι
526 4459 640 4519 τοῖς
682 4455 898 4527 ἐχθροῖς
941 4457 1216 4528 δεόμενον.
1253 4461 1364 4512 Καὶ
1405 4459 1578 4513 πολλά
1620 4459 1846 4515 τοιαῦτα

261 4546 536 4618 σποράδην
565 4549 796 4619 κείμενα
823 4553 944 4613 ταῖς
966 4551 1151 4618 ἁγίαις
1187 4551 1433 4621 Γραφαῖς
1462 4549 1841 4620 ἀναλέγονται,

264 4640 638 4709 συνιστάμενοι
665 4639 727 4692 τὸ
750 4639 858 4693 δεῖν
895 4640 1003 4694 τῶν
1034 4642 1292 4694 ἐναντίων
1329 4640 1710 4712 κατεύχεσθαι,
1753 4644 1848 4695 καὶ

262 4723 358 4794 τῆς
395 4730 603 4786 ἑαυτῶν
635 4732 860 4802 πικρίας
896 4733 1154 4804 συνεργὸν
1175 4732 1430 4801 γενέσθαι
1463 4731 1553 4786 τοῦ
1590 4731 1727 4785 Θεοῦ
1750 4731 1849 4803 τὴν

264 4814 592 4893 ἀγαθότητα.
628 4825 768 4878 Ἀλλ’
792 4827 953 4896 ἡμεῖς
971 4825 1046 4890 ὡς
1070 4825 1136 4878 ἂν
1159 4828 1224 4879 ἐκ
1246 4825 1482 4897 παρόδου
1509 4826 1635 4886 τοὺς
1659 4827 1724 4879 ἐκ
1750 4827 1850 4896 τῆς

265 4912 518 4987 τοιαύτης
569 4920 828 4990 ἀφορμῆς
869 4917 1008 4989 πρὸς
1048 4917 1110 4970 τὸ
1149 4917 1392 4971 ἐναντίον
1445 4915 1850 4987 ὁδηγουμένους

268 5002 578 5078 παύσαιμεν
620 5008 1102 5080 βαττολογοῦντας,
1125 5007 1292 5083 τοῦτο
1330 5007 1460 5079 περὶ
1481 5007 1717 5060 ἐκάστου
1743 5006 1852 5061 τῶν

271 5099 748 5162 μνημονευθέντων
770 5097 1226 5170 παραθησόμεθα.

272 5183 645 5244 cohfltsionem
718 5189 963 5245 inimicis
1007 5187 1404 5256 imprecantem
1435 5186 1478 5216 ²¹
1509 5205 1520 5239 :

1939 1981 2047 2028 eat.
2102 1973 2173 2028 Ut
2219 1977 2364 2042 enim
2413 1979 2468 2032 in
2515 1979 2799 2035 hominum
2845 1984 2986 2040 inter
3035 2001 3095 2041 se
3139 1987 3370 2056 proeliis,
3413 2003 3526 2042 non

1940 2073 2120 2134 potest
2163 2067 2366 2137 aliquis
2413 2070 2508 2124 uni
2537 2072 2679 2140 parti
2721 2073 2988 2130 auxilium
3027 2076 3200 2143 ferre,
3260 2078 3367 2133 nisi
3415 2095 3525 2134 una

1939 2172 2065 2210 cum
2097 2158 2372 2216 irascente
2417 2162 2583 2217 simul
2629 2165 2686 2218 in
2717 2165 3098 2223 adversarium
3127 2170 3438 2227 concitatus
3469 2180 3527 2227 et

1939 2251 2308 2307 exacerbatus
2363 2253 2476 2307 sit:
2513 2255 2586 2309 ita
2656 2257 3010 2326 perspicuum
3076 2270 3182 2325 est,
3234 2262 3382 2332 quod
3431 2263 3524 2332 qui

1945 2340 2116 2395 Deum
2171 2354 2479 2401 commovet
2517 2345 2786 2404 adversus
2822 2349 3132 2414 inimicum,
3175 2368 3302 2408 eum
3340 2364 3521 2426 rogat,

1943 2439 2001 2484 ut
2051 2448 2159 2487 una
2195 2433 2492 2500 irascatur,
2526 2444 2582 2492 et
2613 2437 2708 2492 ira!
2740 2441 2927 2495 socius
2957 2441 3071 2496 ﬁat.
3114 2441 3172 2497 1d
3205 2452 3387 2501 autem
3419 2456 3524 2510 εει,

1941 2529 1995 2579 in
2028 2529 2495 2595 perturbationem
2533 2531 2782 2589 incidere
2829 2551 3034 2591 numen
3068 2536 3338 2606 divinum,
3367 2548 3420 2594 et
3443 2539 3529 2593 af-

1943 2618 2032 2672 fici
2081 2635 2236 2675 more
2276 2621 2540 2688 humano,
2589 2633 2756 2695 atque
2798 2641 2865 2681 ex
2902 2627 3046 2682 bona
3075 2642 3270 2683 natura
3315 2631 3366 2683 in
3400 2629 3529 2685 feri-

1944 2724 2070 2762 nam
2107 2713 2373 2766 szcvitiam
2426 2719 2814 2773 transmutari.
2865 2718 2944 2773 Ita
2973 2721 3067 2792 qui
3111 2721 3300 2791 gloria:
3334 2723 3527 2780 insana

1943 2802 2200 2871 cupidine
2251 2813 2510 2874 vexatur;
2555 2808 2630 2862 ita
2677 2812 2773 2880 qui
2823 2812 3080 2882 superbia
3111 2813 3382 2868 excellere
3407 2825 3527 2870 stu-

1943 2892 2081 2960 det;
2130 2895 2224 2964 qui
2282 2897 2336 2950 in
2377 2897 2630 2966 judiciali
2676 2902 3075 2972 disceptatione
3117 2905 3185 2959 ad
3237 2907 3528 2964 victoriam

1945 2981 2206 3052 festinat;
2266 2989 2358 3057 qui
2399 2990 2454 3043 in
2503 2991 2776 3060 gymnicis
2817 2995 3218 3051 certaminibus
3259 2997 3327 3052 ad
3364 3013 3531 3054 θοι-ο-

1945 3091 2070 3130 nam
2103 3086 2394 3148 properat;
2445 3082 2536 3151 qui
2575 3082 2630 3137 in
2661 3083 2893 3140 theatris
2927 3085 3139 3143 faustas
3179 3091 3532 3145 acclamatio-

1946 3185 2044 3225 nes
2095 3168 2338 3225 aﬁectat.
2375 3171 2528 3244 Saepe
2566 3185 2747 3231 autem
2777 3178 2942 3233 etiam
2987 3180 3033 3234 is
3060 3181 3153 3250 qui
3184 3190 3407 3252 propter
3441 3183 3532 3238 ino-

1948 3279 2144 3318 sanum
2177 3265 2491 3333 juventutis
2537 3269 2789 3324 morbum
2821 3273 3164 3328 contabescit
3197 3293 3210 3328 :
3256 3289 3448 3330 omnes
3475 3276 3531 3330 hi

1947 3373 2056 3411 non
2112 3367 2171 3412 ut
2217 3374 2302 3424 eo,
2359 3375 2471 3429 quo
2512 3370 2791 3429 tenentur,
2843 3364 3036 3419 morbo
3067 3364 3386 3433 liberentur,
3420 3366 3534 3423 Deo

1946 3463 2138 3518 preces
2167 3449 2424 3517 oﬁ'erunt,
2468 3452 2563 3507 sed
2613 3463 2673 3507 ut
2730 3453 2802 3506 ad
2857 3453 3020 3509 ﬁnem
3067 3456 3296 3510 morbus
3339 3471 3532 3512 eorum

1946 3539 2302 3609 perducatur,
2350 3551 2406 3596 et
2452 3543 2813 3612 compleatur.
2846 3546 3027 3614 Atque
3060 3546 3177 3600 haec
3205 3548 3251 3602 si
3282 3547 3534 3604 obtinere

1947 3646 2058 3685 non
2103 3632 2340 3700 possint,
2375 3634 2759 3690 calamitosum
2789 3635 3027 3706 quisque
3060 3637 3167 3692 sibi
3191 3637 3530 3706 iudicantes.

1946 3719 2222 3776 blaterant
2265 3739 2476 3792 revera,
2526 3732 2587 3779 ut
2613 3725 2813 3782 mentis
2839 3741 2954 3782 suae
2986 3728 3160 3783 morbi
3192 3729 3410 3798 adjutor
3439 3732 3532 3796 sit,

1949 3813 2059 3870 Deo
2106 3816 2482 3886 supplicantes
2520 3836 2534 3873 :
2574 3833 2639 3873 ac
2662 3818 2813 3888 quod
2861 3820 3108 3874 omnium
3144 3812 3534 3892 gravissimum

1948 3914 2054 3973 est,
2091 3906 2158 3961 ad
2213 3923 2382 3979 quam
2433 3911 2672 3967 maxime
2716 3912 3026 3968 contrarios
3069 3921 3250 3969 motus
3287 3915 3531 3969 divinum

1949 4013 2153 4053 numen
2196 4001 2302 4056 sibi
2359 4003 2568 4057 moveri
2605 4005 3034 4074 concupiscunt,
3080 4005 3133 4060 in
3168 4004 3436 4061 feritatem
3481 4015 3538 4062 et

1949 4089 2366 4156 humanitatem,
2389 4091 2692 4148 efﬁcaciam
2723 4092 2814 4148 Dei
2846 4094 3163 4163 partientes.
3193 4095 3362 4162 Quem
3387 4095 3536 4150 enim

1949 4182 2249 4251 propitium
2277 4191 2332 4238 et
2361 4183 2551 4240 mitem
2597 4185 2704 4240 sibi
2743 4201 2866 4242 esse
2908 4185 3245 4253 desiderant,
3287 4201 3414 4242 eum
3445 4202 3537 4242 as-

1952 4287 2140 4342 perum
2173 4279 2228 4328 et
2286 4274 2552 4330 immitem
2599 4275 2840 4332 inimicis
2895 4278 3014 4333 suis
3060 4277 3177 4333 ﬁeri
3228 4285 3444 4348 rogant.
3493 4277 3540 4332 Ο

1953 4361 2342 4416 blaterantium
2375 4363 2744 4418 dementiam!
2777 4365 2912 4419 Nam
2946 4369 2993 4422 si
3028 4366 3172 4422 Deus
3212 4366 3320 4422 illis
3359 4366 3539 4420 immi-

1951 4453 2046 4515 tis,
2096 4469 2165 4508 ne
2208 4454 2307 4508 tibi
2366 4455 2588 4524 quidem
2648 4471 2880 4525 prorsus
2940 4457 3192 4528 placidus
3247 4457 3373 4511 erit.
3439 4455 3539 4510 Sin

1954 4553 2137 4599 autem
2191 4546 2247 4600 in
2298 4555 2369 4612 te,
2410 4555 2473 4600 ut
2523 4554 2674 4602 certe
2720 4563 2939 4617 speras,
2994 4548 3062 4602 ad
3097 4547 3537 4602 misericordiam

1953 4653 2260 4707 propensus
2309 4647 2440 4693 est:
2493 4639 2770 4708 quomodo
2815 4639 3259 4694 in‘contrarium
3297 4639 3538 4692 mutabi-

1953 4735 2064 4794 tur,
2097 4729 2162 4784 ad
2188 4729 2454 4784 saevitiam
2482 4729 2924 4785 misericordiam
2956 4731 3295 4786 traducens?
3336 4729 3439 4784 Sed
3469 4729 3542 4785 ad

1953 4818 2058 4873 hoc
2081 4820 2136 4874 in
2173 4828 2429 4891 promptu
2455 4821 2932 4896 contentiosorum
2967 4821 3246 4892 oppositio
3278 4829 3383 4876 est.
3405 4819 3534 4874 Pro-

1953 4911 2104 4967 tinus
2153 4913 2300 4966 enim
2362 4912 2430 4968 ad
2483 4912 2944 4983 patrocinandum
2990 4928 3105 4969 sua:
3142 4912 3427 4966 acerbitati
3473 4926 3541 4965 ex

1952 5005 2242 5074 pr0phetia
2283 5005 2607 5076 desumplas
2657 5021 2823 5061 voces
2869 5013 3185 5076 proponunt
3224 5023 3235 5058 :
3283 5001 3564 5062 Davidem.

1961 5095 2196 5152 deﬁcere
2235 5106 2556 5166 peccatores
2605 5098 3042 5162 desiderantem,
3093 5104 3149 5151 et
3199 5094 3460 5164 pudorem
3491 5101 3548 5147 et

1594 5183 1915 5254 Jeremiam,
1957 5186 2256 5241 vindictam
2285 5197 2340 5243 et
2372 5203 2565 5258 poenas
2599 5205 2630 5243 a
2671 5188 2784 5244 Deo
2818 5189 2886 5245 de
2919 5187 3254 5244 adversariis
3298 5197 3548 5255 sumptas

274 5272 460 5328 Videre
503 5286 808 5348 cupientem
839 5286 886 5318 “
933 5305 944 5340 :
985 5283 1183 5340 Oseam
1268 5280 1488 5335 vulvam
1535 5280 1781 5336 sterilem
1836 5287 1894 5334 et
1932 5279 2102 5334 ubera
2142 5283 2292 5336 sicca
2377 5282 2618 5338 inimicis
2645 5283 2766 5338 dari
2810 5290 3093 5352 rogantem
3123 5280 3191 5332 “.
3248 5281 3326 5334 Ac
3374 5281 3548 5332 multa

274 5365 399 5418 ιδιίιι
430 5370 631 5436 passim
675 5370 728 5424 in
747 5379 952 5434 sanctis
989 5375 1292 5446 Scripturis
1325 5374 1501 5444 posita
1542 5374 1834 5444 colligunt,
1873 5375 2020 5444 quod
2061 5375 2397 5432 adversariis
2463 5378 2782 5448 imprecari,
2822 5385 2878 5432 et
2906 5391 3020 5432 suae
3054 5375 3300 5446 ipsorum
3329 5375 3549 5429 saevitia:

277 5453 566 5515 bonitatem
632 5463 724 5518 Dei
784 5463 1109 5533 adjutricem
1166 5468 1477 5524 adsciscere
1543 5475 1818 5538 oporteat,
1849 5467 2266 5524 concludentes.
2300 5467 2504 5525 Verum
2548 5486 2672 5535 nos,
2705 5478 2767 5525 ut
2790 5471 2968 5525 obiter
2993 5485 3207 5533 eorum,
3246 5468 3338 5538 qni
3370 5481 3434 5521 ex
3467 5474 3546 5518 ta-

280 5545 312 5599 li
347 5553 632 5611 occasione
679 5557 732 5611 in
786 5557 1124 5611 contrarium
1165 5556 1530 5624 deducantur,
1591 5560 1795 5629 ineptis
1846 5575 1915 5615 ac
1952 5560 2111 5616 vanis
2155 5563 2508 5619 sermonibus
2565 5566 2729 5618 linem
2763 5565 3138 5634 imponamus,
3181 5561 3286 5614 hoc
3327 5555 3392 5610 ad
3436 5556 3550 5611 sin-

279 5649 420 5714 gula.
460 5668 579 5721 qua:
620 5665 918 5708 memorata
955 5663 1105 5720 sunt,
1138 5656 1193 5710 in
1222 5655 1462 5711 medium
1495 5657 1850 5712 adducemus.

349 5827 393 5858 ει
431 5828 572 5886 Ρδδι,
605 5851 695 5896 ιχ,
731 5836 753 5888 ι
789 5851 913 5905 sqq.
989 5837 1034 5866 "
1071 5835 1270 5891 Jcrem.
1313 5852 1382 5903 ι,
1421 5837 1506 5892 l7.

590 5925 862 5990 ΡΑτιιοι..
888 5928 1006 5990 Gn.
1042 5929 1261 5993 XLIV.

1586 5839 1630 5869 ’³
1669 5835 1792 5893 Ose.
1826 5852 1877 5891 lx
1902 5877 1916 5904 ,
1947 5835 1979 5890 6
2011 5851 2134 5906 sqq.

3151 5921 3228 5981 36
