4018 6370
604 436 733 493 “Si

1836 428 1894 484 S.
1925 425 2255 485 GREGORII
2298 426 2587 483 NYSSENI

3744 431 3855 489 “53

668 548 862 603 Nullus
899 560 963 599 ex
999 558 1123 598 vere
1158 543 1388 607 sanctis,
1423 556 1452 596 a
1499 552 1690 597 sancto
1735 542 1942 613 Spiritu
1976 544 2172 599 divini«

2356 544 2542 609 Οὐδεὶς
2569 545 2680 599 τῶν
2708 544 2921 615 ἀληθῶς
2952 546 3143 615 ἁγίων,
3177 546 3285 599 τῶν
3310 545 3387 617 τῷ
3416 546 3565 618 ἁγίῳ
3594 547 3855 619 Πνεύματι

597 650 685 695 tus
715 637 952 698 aﬂlatis,
1003 648 1238 704 quorum
1284 634 1432 690 dicta
1483 632 1667 689 divina
1702 634 2053 691 ordinatione
2105 635 2174 690 ad

597 727 1024 781 admonitionem
1063 725 1469 795 insequentium
1518 725 1802 781 hominum
1858 728 2171 798 perscripta

597 824 744 880 sunt,
769 815 975 884 aliquid
1013 814 1141 868 mali
1174 813 1277 869 sibi
1314 815 1497 869 studio
1531 815 1794 872 habuisse
1825 816 2175 872 demonstra-

598 908 784 973 bitur;
819 906 914 961 sed
960 907 1226 970 omnium,
1271 922 1393 977 quae
1437 907 1506 961 ab
1539 907 1676 978 ipsis
1718 908 1866 963 dicta
1898 916 2046 973 sunt,
2081 910 2171 965 in-

597 998 768 1053 tentio
798 1005 961 1067 atque
995 997 1286 1052 consilium
1326 1005 1538 1069 spectat
1569 999 1637 1053 ad
1688 999 2086 1055 correctionem
2119 1008 2175 1055 et

594 1088 1030 1145 emendationem
1066 1088 1393 1144 vitiositatis
1422 1096 1587 1158 atque
1616 1089 1858 1156 malitiae,
1891 1103 2014 1159 qua:
2041 1096 2174 1145 tunc

594 1185 647 1236 in
678 1191 872 1237 natura
908 1180 1143 1253 vigebat.
1174 1180 1645 1247 Quemadmodum
1704 1182 1869 1255 igitur
1916 1183 2027 1250 ille,
2079 1182 2173 1254 qui

592 1281 733 1339 orat,
786 1289 856 1330 ne
895 1275 1004 1329 sint
1055 1281 1409 1344 aegrotantes.
1466 1288 1533 1328 ne
1581 1274 1691 1330 sint
1745 1281 2008 1345 egentes,
2063 1289 2173 1330 non

596 1365 876 1420 hominum
901 1363 1204 1427 interitum,
1239 1363 1334 1419 sed
1382 1364 1557 1418 morbi
1607 1373 1661 1419 et
1700 1366 1964 1436 egestatis
2007 1366 2176 1422 aboli-

593 1457 794 1510 tionem
830 1454 945 1509 ﬁeri
975 1455 1128 1524 cupit
1159 1472 1174 1508 :
1208 1455 1281 1508 ita
1308 1453 1495 1517 etiam,
1537 1454 1665 1510 dum
1696 1458 1931 1527 quisque
1957 1465 2176 1515 sancto-

593 1563 715 1601 rum
749 1554 932 1611 orant,
968 1552 1029 1600 ut
1059 1546 1135 1609 id,
1168 1547 1315 1617 quod
1346 1555 1561 1602 natura:
1590 1547 1880 1605 adversum
1911 1558 1964 1605 et
1987 1548 2175 1604 inimi-

596 1653 723 1691 cum
779 1646 902 1702 est,
955 1636 1024 1692 ad
1073 1637 1356 1692 interitum
1415 1638 1741 1710 redigatur,
1805 1640 2175 1711 suspicionem

598 1725 1029 1795 imperitioribus
1076 1729 1340 1798 praebent,
1392 1731 1551 1798 quasi
1614 1730 1879 1786 adversus
1925 1730 2175 1789 homines

595 1818 823 1873 saeviant
872 1826 928 1874 et
980 1819 1288 1874 exacerbati
1346 1821 1477 1875 sint.
1530 1819 1667 1875 Nam
1723 1830 1780 1878 et
1827 1821 2172 1880 Psalmorum

2280 634 2750 708 θεοφορουμένων,
2781 630 2857 690 ὧν
2879 638 2935 691 αἱ
2972 638 3160 710 ῥήσεις
3189 638 3329 692 κατὰ
3370 638 3525 692 θείαν
3563 640 3855 710 οἰκονομίαν

2278 729 2360 791 εἰς
2421 727 2706 783 νουθεσίαν
2751 728 2861 784 τῶν
2907 728 3105 798 ἐφεξῆς
3156 730 3575 801 ἀνεγράφησαν,
3631 733 3726 784 ἐπί
3773 751 3856 787 τινι

2277 818 2434 890 κακῷ
2476 819 2575 891 τὴν
2618 821 2852 891 σπουδὴν
2893 820 3031 892 ἔχων
3064 821 3506 893 ἐπιδειχθήσεται
3534 840 3548 853 ’
3595 823 3739 877 ἀλλὰ
3772 829 3856 889 πᾶς

2276 911 2461 975 αὐτοῖς
2483 913 2512 964 ό
2537 912 2738 988 σκοπὸς
2781 912 2890 967 τῶν
2913 914 3115 983 λόγων,
3146 913 3286 985 πρὸς
3308 914 3607 987 διόρθωσιν
3640 917 3742 986 τῆς
3769 919 3855 983 ἐμ-

2277 1000 2703 1073 πολιτευομένης
2743 1006 2808 1075 τῇ
2842 1003 3001 1075 φύσει
3029 1005 3228 1069 κακίας
3263 1003 3469 1075 βλέπει.
3514 1007 3739 1078 ’Ὠσπερ
3769 1009 3855 1060 τοί-

2278 1110 2374 1147 νυν
2419 1094 2449 1147 6
2492 1094 2787 1166 εὐχόμενος
2817 1079 3058 1167 μὴέῒναι
3085 1095 3396 1165 νοσοῦντας,
3434 1098 3511 1170 μὴ
3547 1093 3697 1151 εἶναι
3735 1118 3857 1152 πτω-

2279 1184 2544 1256 χεύοντας
2567 1226 2582 1250 ,
2615 1185 2678 1239 ού
2700 1186 2811 1240 τῶν
2834 1185 3139 1258 ἀνθρώπων
3168 1189 3471 1261 ἀναίρεσιν,
3495 1189 3642 1242 ἀλλὰ
3669 1190 3766 1261 τῆς
3798 1192 3858 1243 νό-

2279 1290 2374 1329 σου
2401 1276 2495 1329 καὶ
2523 1275 2622 1347 τῆς
2659 1276 2935 1347 πτωχείας
2959 1278 3268 1350 ἀφανισμὸν
3290 1279 3553 1351 ἐπιθυμεῖ
3576 1284 3852 1351 γενέσθαι·

2276 1365 2419 1422 οὕτω
2450 1367 2545 1421 καὶ
2570 1362 2681 1421 τῶν
2716 1368 2887 1438 ἁγίων
2911 1370 3161 1435 ἕκαστος,
3197 1372 3261 1424 τὸ
3284 1374 3349 1444 τῇ
3375 1372 3537 1443 φύσει
3566 1375 3764 1446 ἐχθρὸν
3780 1375 3855 1429 καὶ

2277 1459 2535 1531 πολέμιον
2594 1462 2675 1525 είς
2735 1462 3040 1534 ἀφανισμὸν
3093 1463 3267 1518 ἐλθεῖν
3294 1464 3371 1518 ’διῖ
3412 1466 3587 1537 εὐχῆς
3638 1467 3851 1538 ἔχοντες,

2278 1552 2533 1606 ὑπόνοιαν
2563 1555 2677 1617 τοῖς
2719 1553 3193 1627 ἀπαιδευτοτέροις
3222 1557 3580 1629 παρέχουσιν,
3618 1559 3697 1623 ὡς
3734 1560 3854 1612 κατὰ

2277 1642 2583 1715 ἀνθρώπων
2603 1646 3017 1717 πικραινόμενοί
3044 1663 3103 1699 τε
3126 1646 3223 1700 καὶ
3250 1646 3699 1718 χαλεπαίνοντες.
3725 1652 3786 1703 Ὀ
3805 1668 3850 1702 τε

2277 1734 2387 1808 γὰρ
2401 1734 2708 1809 Ψαλμῳδδς
2723 1735 2914 1803 εἰπὼν,
2930 1737 3010 1792 ὅτι
3030 1736 3373 1794 Ἐκλίποιεγ
3392 1739 3728 1810 ἁμαρτωλοὶ
3753 1743 3849 1796 ἀπὸ

2277 1824 2388 1895 τῆς
2417 1824 2529 1897 τῆς
2566 1826 2665 1879 καὶ
2690 1826 2922 1895 ἄνομοι,
2964 1826 3124 1883 ὥστε
3161 1829 3247 1900 μὴ
3278 1831 3582 1901 ὑπάρχειν
3612 1835 3847 1899 αὐτούς’

594 1911 830 1980 scriptor
859 1925 985 1965 cum
1031 1911 1172 1966 dixit
1216 1911 1535 1967 :Tallantur
1581 1921 1883 1981 peccatores
1916 1921 1967 1969 et
2009 1917 2172 1987 iniqui

2277 1918 2378 1991 τὴν
2412 1918 2685 1993 ἁμαρτίαν
2709 1919 2981 1975 ἐκλείπειν
3007 1921 3100 1976 καὶ
3123 1922 3351 1993 ἀνομίαν
3377 1922 3621 1995 εὖχεται.
3657 1927 3729 1980 Ού
3762 1926 3845 1996 γὰρ

593 2001 657 2055 de
690 2011 854 2067 terra,
885 2012 945 2056 ut
974 2019 1078 2057 non
1122 2004 1229 2058 sint
1256 2004 1343 2069 “;
1377 2014 1437 2060 ut
1472 2014 1761 2077 peccatum
1808 2015 1863 2065 et
1914 2010 2177 2080 iniquitas

592 2092 874 2155 deﬁciunt,
906 2101 1049 2148 orat.
1084 2091 1202 2148 Non
1255 2094 1401 2149 enim
1453 2096 1618 2151 homo
1662 2096 1949 2154 hominum
2000 2100 2178 2157 hostis

589 2192 716 2237 est:
752 2183 845 2238 sed
879 2185 1067 2240 liberte
1099 2185 1400 2243 voluntatis
1451 2197 1634 2245 motus
1676 2190 1741 2243 ad
1793 2191 2093 2262 nequitiam
2124 2200 2178 2249 et

592 2273 878 2339 malitiam,
928 2274 1050 2328 loco
1101 2274 1276 2331 hostis
1337 2277 1625 2332 constituit
1679 2279 1731 2333 id
1779 2279 1925 2350 quod
1977 2290 2177 2337 natura

590 2362 947 2430 conjunctum
978 2373 1084 2421 est.
1119 2364 1191 2420 Ut
1229 2366 1433 2421 malum
1470 2368 1636 2439 igitur
1664 2370 1903 2437 deﬁciat,
1934 2381 2077 2429 orat.
2108 2374 2178 2429 At

593 2450 755 2506 homo
780 2452 981 2506 malum
1010 2468 1121 2508 non
1143 2462 1250 2510 est.
1276 2455 1565 2521 Quomodo
1587 2460 1731 2514 enim
1756 2461 1961 2516 malum
1988 2460 2173 2531 fuerit,

591 2541 644 2595 id
671 2543 820 2612 quod
850 2543 981 2598 boni
1009 2546 1368 2601 simulacrum
1415 2558 1469 2603 et
1501 2550 1905 2607 imitamentum
1947 2555 2076 2610 est?
2101 2555 2177 2611 lta

587 2636 754 2688 etiam
787 2637 832 2691 si
864 2637 1128 2706 pudorem
1171 2648 1226 2695 et
1264 2639 1646 2697 confusionem
1693 2643 1936 2703 inimicis
1976 2647 2177 2719 impre-

588 2730 763 2786 cetur,
822 2724 1065 2780 ostendit
1115 2726 1215 2782 tibi
1265 2737 1543 2784 catervam
1579 2728 2046 2804 adversariorum,
2080 2737 2175 2808 qui

587 2813 656 2868 ab
716 2813 977 2871 invisibili
1033 2816 1262 2872 inimico
1327 2828 1581 2884 stantes,
1642 2822 1809 2877 vitam
1875 2825 2174 2881 humanam

588 2918 926 2975 oppugnant.
962 2906 1268 2979 De-quibus
1301 2911 1468 2966 etiam
1502 2909 1710 2969 Paulus
1748 2916 1968 2986 planius
1992 2918 2173 2991 loqui-

590 3005 702 3060 tur,
734 2997 935 3052 luctam
961 2999 1125 3055 nobis
1152 3016 1274 3057 esse
1304 3003 1497 3060 dicens
1519 3005 1786 3063 adversus
1806 3009 2172 3083 principatus,

589 3087 856 3144 adversus
880 3098 1180 3160 potestates
1199 3101 1255 3147 et
1280 3102 1525 3151 rectores
1552 3096 1719 3167 hujus
1748 3102 1959 3169 mundi,
1986 3102 2177 3161 adver-

590 3195 689 3234 sus
745 3178 1066 3250 spirituales
1134 3183 1516 3254 improbitates
1602 3189 1660 3244 in
1727 3193 2046 3252 coelestibus
2103 3196 2170 3252 ".

2279 2010 2566 2083 ἄνθρωπος
2604 2010 2909 2084 ἀνθρώπων
2958 2013 3250 2084 πολέμιος,
3283 2015 3397 2069 ἀλλ’
3435 2018 3470 2087 ἡ
3497 2019 3641 2071 κατὰ
3675 2018 3845 2072 κακίαν

2277 2101 2379 2173 τῆς
2407 2104 2782 2176 προαιρέσεως
2816 2105 3031 2176 κίνησις
3067 2107 3144 2170 είς
3177 2106 3374 2180 ἐχθροῦ
3399 2108 3555 2176 τάξιν
3581 2109 3645 2163 τὸ
3668 2112 3731 2179 τῇ
3762 2110 3844 2177 φά-

2281 2210 2363 2247 σει
2395 2194 2741 2267 συνημμένον
2776 2196 3129 2268 κατέστησεν.
3165 2197 3241 2252 Τὸ
3279 2200 3448 2254 κακὸν
3476 2200 3662 2255 τοίνυν
3693 2200 3842 2254 ἐκλεί⁸

2279 2303 2404 2341 πειν
2434 2286 2652 2357 εὔχεται
2673 2329 2688 2356 ,
2718 2288 2749 2344 6
2779 2287 2835 2342 δέ
2862 2287 3151 2360 ἄνθρωπος
3196 2290 3367 2346 κακὸν
3404 2292 3505 2346 οὐκ
3538 2292 3686 2347 ἐστιν
3707 2307 3723 2322 ·
3746 2292 3842 2353 πῶς

2277 2379 2387 2452 γὰρ
2428 2379 2495 2434 ἂν
2532 2380 2617 2452 εἴη
2660 2382 2833 2435 κακὸν
2867 2383 2961 2435 τοῦ
2995 2384 3201 2454 ἀγαθοῦ
3250 2385 3312 2439 τὸ
3350 2385 3638 2457 ὁμοίωμας
3680 2385 3839 2446 Οὕτως

2278 2471 2380 2549 κᾶν
2407 2472 2668 2544 αἰσχύνην
2699 2475 2795 2528 καὶ
2824 2475 3093 2549 ἐντροπὴν
3119 2476 3228 2531 τῶν
3261 2476 3469 2549 ἐχθρῶν
3509 2478 3836 2549 κατεύχηται,

2281 2545 2528 2617 δείκνυσί
2560 2582 2642 2618 σοι
2674 2555 2734 2620 τὸ
2759 2562 2945 2637 στῖφος
2972 2568 3079 2621 τῶν
3112 2569 3391 2634 ἐναντίων,
3416 2566 3527 2622 τῶν
3556 2572 3621 2624 ἐκ
3649 2571 3736 2625 τοῦ
3763 2571 3835 2624 ἀο-

2281 2652 2445 2725 ράτου
2480 2653 2676 2727 ἐχθροῦ
2706 2659 2772 2728 τῇ
2824 2657 3140 2730 ἀνθρωπίνῃ
3174 2659 3695 2731 προσπολεμούντων
3721 2658 3831 2729 ζωῇ.

2276 2744 2415 2817 Περὶ
2444 2739 2520 2800 ὧν
2553 2746 2647 2801 καὶ
2685 2748 2714 2801 6
2745 2746 2958 2812 Παῦλος
2993 2751 3331 2822 γυμνότερον
3356 2747 3691 2823 διεξέρχεται
3717 2795 3729 2813 ,
3755 2751 3832 2821 τὴν

2278 2837 2455 2908 πάλην
2484 2837 2657 2907 λέγων
2693 2832 2831 2894 εἶναι
2871 2842 3007 2911 ἡμῖν
3054 2841 3190 2912 πρὸς
3223 2842 3331 2906 τὰς.
3357 2843 3552 2915 ἀρχὰς,
3588 2844 3722 2916 πρὸς
3754 2843 3831 2906 τὰς

2277 2930 2527 2997 ἐξουσίας
2552 2931 2790 2997 καὶτοὺς
2820 2934 3270 3005 κοσμοκράτορας
3292 2936 3384 2990 τοῦ
3414 2936 3622 3008 κόσμου
3648 2936 3827 2995 τούτου,

2278 3020 2416 3093 πρὸς
2456 3021 2524 3076 τὰ
2555 3023 2900 3094 πνευματικὰ
2943 3026 3043 3097 τῆς
3078 3027 3343 3098 πονηρίας
3387 3030 3443 3080 ἐν
3481 3032 3598 3094 τοῖς
3626 3032 3827 3098 ἐπουρα-

2277 3110 2429 3176 νίοις.
2464 3111 2576 3176 Τὰς
2610 3113 2986 3185 δαιμονιώδεις
3026 3115 3321 3180 ἐπιϐουλὰς
3348 3160 3361 3181 ,
3392 3117 3461 3172 δι’
3491 3113 3567 3172 ὧν
3599 3118 3829 3188 ἐπάγεται

2277 3204 2390 3268 τοῖς
2423 3203 2733 3276 ἀνθρώποις
2762 3206 2830 3261 τὰ
2859 3207 3071 3279 πονηρὰ
3108 3210 3246 3282 πρὸς
3294 3211 3573 3284 ἁμαρτίαν
3612 3209 3830 3282 συμπτιὶν

593 3268 969 3329 Dmmoniacas
1021 3274 1168 3330 enim
1230 3276 1503 3345 insidias,
1554 3295 1654 3352 per
1708 3298 1848 3353 quas
1897 3288 2170 3346 malitiosa

2280 3313 2426 3369 ματα
2457 3339 2472 3364 ,
2525 3267 2806 3369 συντυχίαι
2858 3267 3167 3369 ﬂutat-68mg;
3225 3267 3527 3373 ἐπιθυμιῶν
3577 3267 3825 3374 ἀφορμαὶ.

589 3360 911 3418 hominibus
963 3363 1030 3419 ad
1087 3376 1375 3436 peccatum
1430 3371 1767 3430 adhibentur
1816 3377 2172 3455 olTendicula,

590 3466 923 3521 congressus
953 3454 1227 3522 iracundi,
1256 3460 1619 3531 cupiditatum
1656 3468 1899 3532 occasio,
1934 3470 2173 3538 invidiae,

587 3541 720 3609 odii,
763 3544 1053 3614 superbiae,
1098 3548 1359 3605 taliumve
1414 3554 1685 3610 malorum
1731 3560 2003 3616 materia:
2058 3561 2176 3618 haec

586 3648 709 3687 cum
734 3649 966 3706 magnus
988 3635 1262 3709 Propheta
1284 3643 1434 3699 videt
1461 3646 1904 3720 uniuscujusque
1930 3652 2170 3708 animam

586 3726 901 3787 insidiando
946 3730 1507 3803 eircumcursitantia,
1544 3739 1615 3795 ad
1676 3742 1940 3810 pudorem
1997 3744 2170 3815 redigi

564 3826 865 3888 precatur,
896 3822 991 3892 qui
1016 3824 1104 3880 his
1133 3826 1375 3884 inimicis
1410 3828 1766 3900 imprecatur.
1823 3832 1939 3891 Hoc
1987 3843 2169 3892 autem

586 3911 719 3966 nihil
750 3921 837 3968 est
871 3913 1045 3979 aliud.
1073 3932 1239 3986 quam
1269 3927 1330 3974 ut
1360 3920 1481 3989 ipse
1527 3933 1797 3980 servetur.
1831 3927 2173 3982 Naturaliter

583 4005 728 4059 enim
758 4004 982 4069 accidit,
1016 4015 1077 4061 ut
1116 4007 1185 4070 is,
1214 4009 1401 4078 quiin
1434 4014 1740 4071 certamine
1782 4016 1946 4073 luctae
1989 4019 2172 4074 victus

585 4094 679 4159 sit,
723 4094 795 4149 ob
846 4095 1063 4164 lapsum
1135 4112 1297 4152 suum
1349 4099 1636 4169 pudetlat:
1706 4107 2171 4175 quemadmodum

586 4185 764 4238 victor
797 4193 992 4239 contra
1038 4194 1264 4258 propter
1289 4191 1578 4246 victoriam
1626 4194 1872 4269 leuatur,
1911 4198 1989 4254 Ac
2019 4200 2167 4270 quod

588 4273 703 4330 haec
743 4273 818 4328 ita
859 4289 982 4332 sese
1035 4278 1301 4343 habeant,
1353 4282 1622 4341 orationis
1672 4285 1847 4342 forma
1896 4288 2162 4348 declarat.

590 4363 918 4421 Erubescant
968 4368 1155 4436 enim,
1208 4371 1426 4442 inquit,
1491 4384 1545 4429 et
1607 4378 2009 4447 confundantur
2074 4385 2166 4455 qui

582 4466 828 4526 quierunt
878 4459 1114 4514 animum
1170 4478 1343 4518 meam
1370 4465 1437 4521 “.
1468 4464 1588 4524 Non
1632 4469 1783 4525 enim
1829 4473 2167 4544 imprecetur

584 4547 670 4615 iis,
696 4549 791 4621 qui
835 4549 1098 4607 damnum
1150 4554 1207 4610 in
1255 4552 1507 4628 pecuniis
1549 4562 1749 4620 aﬂ'erre
1791 4580 1891 4636 per
1935 4566 2165 4624 insidias

582 4647 894 4697 conantur:
924 4649 1022 4696 aut
1056 4642 1148 4709 iis,
1179 4647 1375 4724 quide
1401 4648 1602 4707 ﬁnibus
1641 4666 1900 4724 agrorum
1940 4664 2165 4713 contro-

585 4731 820 4783 versiam
851 4740 1077 4788 movent
1104 4751 1118 4788 :
1144 4743 1241 4790 aut
1263 4721 1353 4803 iis,
1375 4741 1469 4809 qui
1506 4741 1563 4797 in
1586 4721 1755 4814 cap—ut
1775 4745 1898 4815 ejus
1922 4747 2163 4818 aliquam

583 4819 846 4873 malitiam
911 4821 1242 4894 designant:
1293 4830 1391 4886 sed
1445 4834 1538 4903 qui
1602 4835 1871 4893 adversus
1925 4840 2163 4895 animam

581 4909 816 4965 insidias
849 4919 1115 4971 struunt:
1148 4919 1347 4977 animm
1374 4932 1560 4980 autem
1592 4926 1869 4995 insidiari,
1898 4931 2031 5001 quid
2079 4941 2167 4987 est

574 5003 749 5068 aliud,
778 5004 887 5061 nisi
917 5020 948 5061 a
975 5005 1088 5063 Deo
1122 5010 1367 5069 alienare
1392 5015 1417 5070 ἲ
1445 5015 1619 5075 Porro
1644 5034 1756 5077 non
1780 5022 1944 5078 aliter
1976 5023 2164 5077 anima

574 5094 818 5150 humana
863 5110 894 5151 a
940 5096 1049 5153 Deo
1078 5099 1378 5173 alienatur,
1411 5122 1576 5177 quam
1608 5124 1708 5182 per
1731 5111 1989 5169 vitiOSam
2028 5111 2164 5169 alle-

574 5188 837 5244 ctionem.
873 5188 1143 5256 Quoniam
1166 5194 1334 5266 igitur
1358 5214 1563 5257 numen
1590 5202 1839 5260 divinum
1869 5207 2163 5278 perturba-

577 5279 746 5336 tionis
776 5295 841 5371 ac
868 5282 986 5337 vitii
1018 5299 1237 5356 semper
1266 5303 1467 5361 expers
1496 5300 1610 5359 est,
1628 5297 1725 5367 qui
1755 5298 1812 5354 in
1833 5297 1970 5356 vitio
1995 5308 2162 5371 atque

2277 3385 2473 3454 φθόνου
2504 3385 2600 3440 καὶ
2629 3387 2822 3458 μίσους
2849 3389 2944 3443 καὶ
2968 3390 3350 3460 ὑπερηφανίας
3369 3431 3383 3452 ,
3414 3393 3508 3444 καὶ
3542 3392 3648 3445 τῶν
3679 3389 3827 3444 τοιούο

2275 3495 2384 3532 των
2416 3477 2604 3533 κακῶν
2634 3479 2910 3545 ὑπόθεσις·
2939 3481 3113 3536 ταῦτα
3138 3482 3280 3554 ὁρῶν
3317 3484 3346 3537 6
3370 3483 3546 3555 μέγας
3565 3485 3828 3557 Προφήτης

2275 3569 2374 3641 τὴν
2416 3570 2648 3625 ἑκάστου
2686 3571 2862 3643 ψυχὴν
2889 3570 2957 3625 δι’
2989 3574 3283 3646 ἐπιϐουλῆς
3313 3576 3727 3648 περιτρέχοντα,
3765 3575 3826 3636 εἰς

2280 3660 2544 3735 αἰσχύνην
2582 3661 2757 3717 ἐλθεῖν
2786 3662 3022 3734 εὔχεται,
3059 3667 3088 3719 6
3114 3666 3255 3720 κατὰ
3284 3667 3389 3721 τῶν
3414 3666 3623 3739 ἐχθρῶν
3655 3666 3828 3720 τούτων

2282 3753 2592 3826 εὐχόμενος.
2626 3755 2797 3810 Τοῦτο
2816 3756 2871 3810 δέ
2899 3758 3014 3811 ἐστι
3032 3758 3093 3812 τὸ
3108 3757 3317 3833 adripi]
3333 3760 3674 3833 διασωθῆναι.
3700 3759 3826 3813 Κατὰ

2282 3846 2443 3915 φύσιν
2466 3846 2574 3920 γὰρ
2598 3848 2860 3917 ἐπάγεται
2880 3850 2958 3922 τῷ
2988 3851 3273 3924 ἡττηθέντι
3299 3853 3441 3907 κατὰ
3461 3854 3558 3926 τὴν
3592 3853 3755 3922 πάλην
3780 3851 3825 3901 τὸ

2278 3936 2702 4012 ἐπαισχυνθῇναι
2726 3943 2804 4013 τῷ
2833 3944 3086 4015 πτώματι
3107 3947 3294 4009 αὐτοῦ,
3325 3946 3401 4008 ὠς
3428 3948 3620 4020 καὶτῷ
3638 3946 3823 4002 νικῶντι

2275 4026 2338 4080 τὸ
2376 4029 2469 4082 ἐπὶ
2514 4032 2581 4101 τῇ
2621 4032 2747 4105 νίκῃ
2789 4034 3137 4102 ἀγάλλεσθαι.
3189 4040 3300 4094 Καὶ
3338 4041 3420 4097 ὅτι
3470 4042 3642 4097 ταῦτα
3682 4041 3822 4099 οὕτως

2248 4135 2253 4141 ⁸
2276 4118 2410 4190 ἔχει,
2435 4120 2587 4192 δηλοῖ
2604 4121 2702 4194 τῆς
2721 4125 2888 4196 εὐχῆς
2914 4125 2975 4180 τὸ
3003 4123 3159 4194 εἶδος.
3184 4133 3695 4202 Αίσχυνθήτωσαν
3717 4131 3821 4200 γὰρ.

2279 4209 2415 4281 φησὶ
2435 4250 2450 4274 ,
2482 4210 2584 4264 καὶ
2619 4211 3094 4281 ἐντραπήτωσαν
3141 4222 3196 4274 ot
3234 4220 3548 4288 ζητοῦντές
3578 4241 3694 4293 μου
3732 4218 3821 4286 τὴν

2277 4298 2513 4369 ψυχήν.
2545 4302 2620 4355 Οὐ
2653 4302 2762 4376 γὰρ
2804 4307 3128 4379 κατεύχεται
3166 4310 3275 4364 τῶν
3307 4313 3390 4376 είς
3422 4316 3711 4385 χρημάτων
3744 4311 3818 4380 ζη-

2284 4389 2412 4459 μίαν
2460 4391 2938 4463 ἐπιϐουλευόντων,
2979 4399 3011 4470 ἢ
3044 4402 3171 4474 περὶ
3212 4407 3315 4476 γῆς
3357 4405 3498 4477 ὅρων
3533 4403 3817 4478 διαμφισῦηο

2276 4483 2536 4553 τούντων,
2559 4486 2593 4557 ἢ
2626 4485 2736 4541 τῶν
2760 4490 2901 4545 κατὰ
2925 4490 3018 4546 τοῦ
3048 4492 3301 4566 σώματος
3330 4497 3493 4551 αὑτοῦ
3519 4499 3708 4552 κακίαν
3726 4498 3815 4548 ἐπι·

2198 4610 2247 4670 ί)
2659 4579 2784 4634 τινα
2801 4596 2817 4613 ο
2861 4580 2998 4638 ἀλλὰ
3027 4583 3136 4639 τῶν
3166 4586 3341 4659 ψυχὴν
3380 4588 3814 4643 ἐπιϐουλευόντων.

2273 4664 2387 4736 Τῆς
2419 4665 2479 4720 δὲ
2524 4666 2703 4740 ψυχῆς
2750 4670 3014 4745 ἐπιϐουλὴ
3042 4675 3124 4739 τίς
3150 4675 3314 4749 ἄλλη,
3351 4680 3401 4731 εί
3432 4679 3505 4751 μὴ
3536 4678 3667 4734 Θεοῦ
3690 4675 3814 4732 ἀλλο·

2273 4757 2527 4828 τρίωσις;
2572 4761 2970 4835 Ἀλλοτριοῦται
2990 4766 3047 4820 δὲ
3072 4768 3182 4822 ἀπὸ
3203 4769 3336 4823 Θεοῦ
3366 4771 3674 4843 ἀνθρωπίνη
3702 4765 3814 4840 ψυχὴ

2272 4848 2373 4902 οὐκ
2407 4849 2604 4917 ἄλλως,
2636 4853 2669 4924 ἢ
2695 4854 2783 4909 διὰ
2811 4858 2910 4928 τῆς
2931 4858 3209 4929 ἐμπαθῶς
3234 4861 3544 4928 διαθέσεως.
3591 4862 3725 4918 Ἐπεὶ
3746 4854 3812 4912 οὖν

2274 4940 2484 5008 ἀπαθὲς
2520 4945 2582 4999 τὸ
2611 4944 2765 5000 Θεΐον
2794 4948 3048 5016 πάντοτε,
3089 4954 3117 5006 ὁ
3145 4953 3230 5006 ἀεὶ
3260 4954 3320 5007 ἐν
3358 4954 3518 5009 πάθει
3544 4956 3811 5027 γινόμενθς.

2274 5031 2374 5102 τῆς
2405 5035 2539 5107 πρὸς
2575 5037 2636 5090 τὸ
2660 5036 2813 5094 θεῖον
2856 5043 3149 5112 συναφείας
3176 5045 3629 5117 ἀποσχοινίξεται.
3674 5047 3746 5109 Ὠς
3766 5041 3811 5095 ἂν

2270 5117 2363 5176 οὖν
2396 5124 2472 5196 μὴ
2516 5125 2673 5180 τοῦτο
2702 5128 2864 5182 πάθοι
2888 5169 2902 5194 ,
2938 5131 3204 5202 αἰσχύνην
3244 5134 3353 5188 τῶν
3400 5137 3807 5192 ἁντιπαλαιόντιινυ

2274 5213 2519 5286 εὔχεται.
2570 5212 2743 5273 Τοῦτο
2779 5219 2837 5273 δέ
2876 5222 3028 5277 οὐδὲν
3071 5223 3200 5278 ἄλλο
3222 5226 3451 5299 scr-rimi}
3486 5229 3656 5292 ἐαυτῷ
3689 5220 3808 5284 νίκην

2268 5308 2408 5362 κατὰ
2440 5308 2550 5363 τῶν
2591 5311 2866 5382 πολεμίων
2909 5314 3261 5382 ἐπεύξασθαι·
3310 5320 3360 5372 οί
3406 5318 3459 5366 δὲ
3500 5313 3732 5386 πολέμιοι
3760 5310 3809 5363 τὰ

578 5366 997 5433 perturbatione
1044 5386 1261 5444 semper
1324 5387 1618 5448 versatur,
1654 5366 1710 5438 7a
1765 5366 2161 5456 conjunctione

579 5455 1193 5480 ,._,_,__m,‘,_-_,_,
1279 5475 1290 5480 -
1407 5468 1453 5480 -.
1518 5473 1587 5480 -.
1717 5476 1766 5480 --
1830 5478 1856 5480 μ

2274 5399 2415 5473 πάθη
2443 5403 2599 5458 εἰσίν.
2632 5366 2821 5472 Οὕτως
2847 5409 2876 5462 6
3410 5404 3509 5477 τῆς
3545 5366 3807 5463 θεοσεϐείας

575 5455 747 5512 divini
773 5459 1021 5537 numinis
1043 5475 1385 5537 scgregatur.
1406 5468 1486 5526 Ne
1518 5473 1686 5544 igitur
1714 5476 1769 5531 id
1796 5478 1901 5534 sibi
1919 5480 2155 5546 accidat,

575 5548 840 5617 pudorem
869 5552 1204 5613 adversariis
1244 5559 1602 5632 imprecetur.
1639 5568 1755 5625 Hoc
1798 5581 1981 5628 autem
2020 5573 2160 5629 nihil

576 5639 722 5695 aliud
755 5650 860 5704 est,
885 5656 1049 5710 quam
1084 5645 1372 5708 victoriam
1413 5657 1520 5714 sibi
1583 5661 1651 5717 de
1686 5659 1940 5719 hostibus
1969 5680 2160 5735 preca-

2271 5490 2432 5561 ἔχων,
2464 5490 3273 5567 είᾶυλομανοῠντοςτῆνικαῦτα
3302 5497 3397 5551 τοῦ
3429 5497 3714 5568 βασιλέως,
3738 5498 3806 5549 καί

2268 5582 2380 5635 τῶν
2411 5583 2737 5657 ὑποχειρίων
2769 5586 2919 5657 αὐτῷ
2948 5587 3473 5661 συνδιατραφέντων,
3503 5592 3603 5645 οὒκ
3638 5589 3751 5645 ίδιόν
3770 5602 3808 5636 τε
3882 5616 3885 5661 ι

2268 5673 2562 5745 θεραπεύει
2587 5676 2932 5751 πάθος,Ἦάλλὰ
2955 5680 3084 5751 περὶ
3109 5679 3205 5734 τοῦ
3222 5681 3403 5739 κοινοῦ
3422 5681 3530 5737 τῶν
3550 5679 3806 5756 ἀνθρώπων

646 5814 693 5848 ιι
727 5817 870 5876 Psal.
901 5839 994 5890 Ix.
1026 5829 1109 5887 18.
1184 5836 1230 5868 ³⁸
1274 5832 1472 5907 Ephes.
1508 5856 1556 5894 \‘l
1583 5880 1597 5905 ,
1630 5841 1718 5896 12.
1797 5843 1843 5875 ’⁸
1883 5840 2027 5899 Ρωι.
2064 5859 2145 5911 vt,
2184 5845 2273 5903 Η.
