4018 6384
290 345 443 402 “35

1263 332 1349 387 DE
1388 328 1739 387 ORATIONE
1775 323 2124 380 DUMlNlGA.
2164 351 2236 361 --
2271 316 2605 375 ORATIO].

3426 314 3561 370 ΗΜ

293 458 570 530 προσάγει
614 454 713 526 τὴν
763 452 964 526 δέησιν,
1027 453 1093 521 τῇ
1148 449 1289 503 κατὰ
1336 449 1444 502 τῶν
1491 443 1926 517 ἀσεϐησάντονίί

2026 459 2070 492 ιε
2105 436 2294 493 hostes
2325 448 2457 489 vero
2503 430 2951 504 perturbationes
3001 438 3057 485 et
3106 429 3239 484 vitia
3291 437 3440 486 sunt.
3473 431 3567 486 Sic

291 554 471 623 ὁρμῇ,
526 548 673 602 ἅπαν
722 543 1148 618 σωφρονισθῆναι
1205 542 1372 612 ἀξιῶν
1410 542 1471 596 τὸ
1521 541 1881 611 ἀνθρώπινον.

309 643 594 705 Ὡσαύτως
625 640 681 695 δὲ
711 639 805 693 καὶ
841 641 870 692 ὁ
900 638 1208 708 προφήτης,
1250 635 1310 702 ὃς
1351 634 1444 690 καὶ
1484 632 1887 702 πολυγονοῦσαν

294 737 429 789 τότε
448 733 547 804 τὴν
579 731 781 786 κακίαν
819 732 877 783 ἐν
919 732 1030 792 τοῖς
1084 725 1443 797 Ἰσραηλίταις
1470 724 1631 793 ὁρῶν.
1662 720 1889 792 ἀτεκνίᾳ

297 827 533 891 δικαίως
554 823 924 888 καταδικάζει,
943 820 1153 888 καὶτὰς
1177 817 1380 889 πικρὰς
1400 816 1571 886 θηλὰς
1591 815 1690 885 τῆς
1710 815 1890 884 ἀμαρ-

300 917 431 981 τίας
454 916 787 987 ξηρανθῆναι
822 913 1071 984 βούλεται
1090 953 1101 973 ,
1125 912 1202 975 ὡς
1231 910 1297 963 ἂν
1332 910 1468 981 μήτε
1508 908 1744 960 τίκτοιτο
1780 907 1892 968 τοῖς

286 1008 621 1081 *ἀνθρώποις
642 1006 703 1059 τὸ
732 1004 901 1063 κακὸν
920 1044 936 1068 ,
969 1003 1106 1074 μήτε
1136 1000 1411 1071 τρέφοιτο.
1452 997 1550 1055 Διὰ
1580 995 1739 1050 τοῦτο
1763 1010 1893 1066 προ-

304 1103 511 1171 φήτης,
542 1098 654 1163 Δὸς
675 1095 900 1160 αὐτοῖς,
932 1094 1087 1165 φησι,
1120 1093 1319 1159 Κύριε,
1348 1088 1583 1159 μήτραν
1610 1084 1894 1142 dte:me-

304 1208 457 1253 σαν,
486 1191 580 1245 καί
605 1188 877 1259 μαστοὺς
901 1187 1147 1255 ξηροὺς.
1181 1185 1289 1237 Καὶ
1314 1180 1369 1235 εἴ
1392 1198 1475 1244 τις
1506 1179 1662 1242 ἄλλος
1702 1180 1758 1230 ἐν
1785 1179 1898 1239 τοῖς

305 1283 491 1352 ἁγίοις
525 1280 775 1353 εὑρεθείη
804 1278 1041 1342 τοιοῦτος
1076 1277 1263 1345 λόγος,
1299 1271 1473 1344 θυμοῦ
1506 1288 1628 1324 τινα
1661 1283 1899 1337 κατηγο-

310 1377 443 1445 ρίαν
469 1375 564 1429 κα)⁸
605 1372 880 1443 σημασίαν
909 1371 1069 1440 ἔχων,
1098 1367 1235 1440 πρὸς
1264 1366 1360 1437 τὴν
1386 1362 1640 1435 τοιαύτην
1682 1363 1900 1427 πάντως

198 1476 211 1485 '
306 1471 556 1526 διάνοιαν
588 1467 803 1538 βλέπει,
833 1465 866 1536 ἢ
900 1463 1134 1535 ἐξορίζοι
1171 1461 1234 1515 τὸ
1262 1459 1461 1523 κακὸν,
1493 1458 1593 1511 οὐκ
1628 1453 1900 1525 ἐπιτρίϐοι

310 1561 410 1615 τὸν
431 1559 737 1630 ἄνθρωπον.
760 1554 906 1620 Θεὸς
923 1553 1184 1610 θάνατον
1207 1552 1318 1604 οὐκ
1331 1548 1641 1614 ἐποίησεν.
1660 1543 1902 1606 Ἀκούεις

311 1651 421 1721 τῆς
450 1649 776 1718 ἀποφάσεως
798 1665 813 1712 ;
840 1646 965 1709 Πῶς
987 1639 1081 1698 οῦν
1111 1642 1191 1707 εἰς
1215 1640 1305 1699 τὸν
1327 1638 1472 1693 κατὰ
1491 1637 1599 1691 τῶν
1634 1636 1782 1690 ἰδίων
1807 1634 1906 1691 αὐ-

1986 529 2254 585 Jeremias
2315 527 2626 585 vehementi
2691 535 2744 580 et
2816 524 3031 580 ardenti
3091 524 3318 593 pietatis
3382 537 3570 579 amore

1994 621 2280 699 praeditus,
2307 620 2508 674 insano
2534 618 2955 674 simulacrorum
2991 615 3162 673 cultui
3193 614 3380 670 dedito
3423 629 3569 685 rege.

1989 714 2083 784 qui
2122 722 2253 768 tunc
2310 712 2616 782 regnabat,
2660 717 2716 766 et
2769 708 3011 765 subditis
3060 707 3251 763 eodem
3300 722 3426 761 cum
3480 707 3574 762 illo

1992 819 2179 860 errore
2208 803 2474 859 involutis
2515 815 2733 871 unaque
2788 799 3087 869 perversis,
3134 814 3243 853 non
3289 798 3573 869 proprium

1997 893 2226 966 aliquod
2255 891 2666 948 incommodum
2698 901 2875 953 curat,
2907 889 3002 946 sed
3036 904 3136 963 pro
3166 888 3445 945 communi
3474 888 3578 940 ho-

1994 985 2203 1042 minum
2234 985 2381 1039 bono
2412 983 2522 1040 Deo
2553 997 2748 1054 preces
2782 980 2962 1044 offert.
3008 996 3208 1061 rogans
3234 988 3294 1034 ut
3341 995 3437 1051 per
3477 979 3581 1035 im-

1996 1085 2203 1149 petum,
2229 1074 2321 1144 qui
2355 1073 2617 1129 adversus
2642 1088 2757 1138 eos,
2788 1072 2881 1143 qui
2924 1072 3204 1147 impietate
3226 1086 3286 1127 se
3311 1069 3582 1133 contami-

1997 1175 2244 1227 nassent.
2275 1165 2671 1234 susciperetur,
2703 1164 3020 1221 universum
3053 1178 3227 1233 genus
3277 1163 3580 1221 humanum

2000 1257 2065 1317 ad
2098 1257 2387 1313 sanitatem
2420 1256 2777 1313 reduceretur
2799 1255 2865 1311 ’⁷.
2900 1253 3170 1311 Similiter
3197 1261 3380 1309 autem
3413 1254 3583 1308 etiam

1999 1347 2270 1418 propheta
2295 1344 2490 1411 Oseas,
2538 1359 2664 1400 cum
2701 1345 2845 1401 inter
2897 1345 3177 1407 Israelitas
3221 1344 3582 1399 vitiositatcm

2002 1448 2163 1508 atque
2191 1437 2453 1492 malitiam
2480 1445 2613 1493 tunc
2637 1436 2932 1497 fecundam
2972 1452 3095 1493 esse
3133 1435 3362 1504 videret,
3389 1438 3585 1492 merito

2004 1530 2291 1588 sterilitate
2315 1544 2410 1585 eos
2443 1529 2793 1596 condemnat,
2838 1537 2893 1585 et
2925 1530 3122 1586 acerba
3159 1530 3369 1601 peccati
3418 1531 3586 1584 ubera

2006 1637 2260 1681 arescere
2283 1622 2420 1705 vult,
2450 1629 2510 1676 ut
2537 1637 2715 1705 neque
2738 1629 3085 1687 nasceretur,
3120 1637 3304 1692 neque
3349 1622 3589 1677 aleretur

310 1696 419 1796 τοῦ
678 1696 1267 1807 ἑάρᾴκοοῖετν
1284 1696 1490 1802 ’ἔμελλε
1517 1728 1606 1782 τὸν
1633 1726 1786 1788 Θεὸν,
1814 1726 1906 1781 τὸν

2029 1716 2211 1769 nalum
2243 1696 2826 1773 honiinibusfldcirco
2874 1716 3143 1790 propheta
3182 1731 3195 1768 :
3228 1715 3332 1781 Da,
3390 1715 3587 1784 inquit,

313 1831 423 1899 τῆς
458 1786 565 1883 τοῦ.
592 1828 822 1882 θανάτου
862 1786 1143 1896 ἐνεργείας
1178 1821 1455 1891 ἀλλότριον
1481 1835 1496 1884 ;
1527 1818 1601 1873 Οὐ
1643 1816 1904 1888 τέρπεται

2026 1805 2138 1867 llis,
2177 1805 2420 1869 Domine,
2448 1806 2656 1861 vulvam
2685 1786 2938 1867 sterilem.
2976 1786 3026 1863 et
3052 1807 3213 1861 ubera
3245 1807 3387 1860 sicca
3415 1807 3482 1859 ".
3516 1808 3593 1859 Ac

315 1922 414 1973 ἐπ’
448 1916 692 1988 ἀπωλείᾳ
726 1915 962 1980 ζώντων.
1013 1911 1176 1965 Ἀλλά
1222 1906 1580 1979 βαττολογῶν,
1626 1904 1719 1959 καὶ
1763 1902 1905 1958 κατὰ

317 2012 434 2066 τῶν
461 2012 605 2064 ἰδίων
638 2008 847 2079 ἐχθρῶν
874 2007 973 2076 τὴν
996 2003 1092 2057 τοῦ
1117 2001 1253 2056 Θεοῦ
1276 1996 1687 2069 φιλανθρωπίαν
1729 2011 1907 2067 παρα-

321 2103 514 2165 κινῶν,
545 2099 937 2172 ἐπιτερφθῆναι
969 2099 1089 2158 ταῖς
1114 2089 1482 2166 ἀνθρωπίναις
1504 2086 1666 2143 αὐτὸν
1697 2100 1900 2154 συμφο-

324 2196 454 2265 ραῖς
480 2192 847 2261 ἐγκελεύεται.

2010 1897 2056 1955 si
2088 1898 2211 1967 quis
2241 1898 2382 1953 alius
2408 1897 2462 1953 in
2494 1897 2705 1957 sanctis
2734 1898 3009 1973 ejusmodi
3047 1914 3227 1959 sermo
3253 1898 3592 1959 inveniatur,

2013 1991 2109 2059 qui
2157 1991 2293 2044 iram
2341 1991 2526 2061 aliquo
2572 1991 2736 2047 modo
2769 2001 2962 2069 arguat
2987 1999 3152 2063 atque
3197 1990 3489 2062 significet,
3525 1990 3594 2043 ad

2013 2081 2285 2150 ejusmodi
2330 2083 2553 2138 omnino
2582 2084 2910 2138 sententiam
2962 2091 3197 2152 spectat,
3228 2096 3352 2152 quae
3401 2080 3595 2135 vitium

2016 2174 2268 2242 expellat.
2293 2190 2400 2231 non
2434 2176 2708 2246 hominem
2737 2176 3017 2243 conﬁciat.
3065 2176 3294 2231 Mortem
3324 2174 3460 2232 Deus
3494 2187 3600 2226 non

323 2284 452 2353 fecit
486 2287 550 2339 ’⁸.
613 2283 784 2339 Audis
848 2277 1220 2337 sententiam?
1265 2270 1550 2342 Quomodo
1610 2268 1775 2340 igitur
1823 2266 1880 2323 in
1946 2273 2174 2321 mortem
2219 2281 2447 2325 suorum
2499 2268 2674 2338 ipsius
2719 2269 3071 2337 inimicorum
3116 2274 3410 2339 rogaturus
3451 2270 3601 2320 esset

270 2435 275 2438 ,
332 2377 528 2442 Deum,
554 2375 645 2445 qui
681 2389 711 2427 a
738 2373 931 2427 mortis
953 2369 1192 2426 ellicacia
1220 2368 1433 2423 alienus
1460 2363 1580 2419 est?
1606 2360 1725 2416 Non
1758 2359 2062 2414 delectatur
2093 2356 2400 2428 perditione
2431 2359 2701 2416 vivorum.
2730 2361 2798 2415 At
2830 2361 2876 2417 is
2908 2361 3002 2431 qui
3035 2360 3287 2427 blaterat,
3324 2366 3379 2414 ct
3412 2359 3602 2413 adver-

331 2489 435 2529 sus
459 2487 590 2527 suos
618 2470 869 2525 inimicos
892 2464 1289 2522 humanitatem
1322 2461 1418 2516 Dei
1448 2460 1707 2521 concitat,
1750 2457 2000 2512 hortatur
2034 2469 2180 2521 eum,
2210 2463 2270 2510 ut
2301 2457 2703 2523 calamitatibus
2741 2458 3024 2519 hominum
3053 2460 3374 2517 delectetur.

419 2561 556 2614 Ἀλλ’
589 2560 689 2632 ἠδη
719 2559 880 2623 τινὲς,
915 2560 1070 2629 φησὶ,
1110 2558 1204 2611 καί
1247 2554 1433 2629 ἀρχῶν
1462 2554 1558 2609 καὶ
1598 2546 1917 2633 τιμῶνκκαὶ

329 2653 567 2706 πλούτου
619 2651 950 2721 ἠξιώθησαν,
999 2652 1130 2720 εὐχῇ
1173 2649 1309 2721 πρὸς
1358 2646 1515 2701 τοῦτο
1556 2642 1913 2716 χρησάμενοι,

330 2747 434 2799 καὶ
468 2743 733 2812 θεοφιλεῖς
766 2737 905 2795 εἶναι
942 2741 1032 2794 διὰ
1060 2745 1158 2810 τῆς
1186 2740 1440 2807 τοιαύτης
1472 2735 1761 2807 εύκληρίας
1812 2734 1918 2785 ὑπ-

331 2837 654 2906 ενοήθησαν.
711 2833 835 2896 Πῶς
882 2828 975 2886 οῦν
1019 2832 1304 2902 ἀπείργεις
1332 2831 1499 2900 ἡμᾶς,
1528 2826 1672 2880 εἴποι
1713 2841 1796 2886 τις
1830 2822 1919 2886 ἂν,

335 2929 468 2999 περί
498 2928 606 2980 τῶν
631 2925 887 2979 τοιούτων
924 2924 1221 2996 προσάγειν
1267 2922 1347 2993 τῷ
1375 2920 1495 2990 Θεῷ
1531 2918 1628 2985 τὰς
1664 2916 1919 2986 δεήσεις;

335 3019 477 3072 ἀλλὰ
504 3018 565 3072 τὸ
594 3018 694 3088 μὲν
718 3017 894 3071 πάντα
923 3016 1074 3079 θείας
1101 3014 1333 3085 ἐξῆφθαι
1358 3011 1575 3082 βουλῆς,
1593 3010 1687 3065 καὶ
1717 3008 1923 3062 ἄνωθεν

334 3110 740 3182 οἰκονομεῖσθαι
781 3110 871 3162 τὸν
910 3109 1033 3180 τῇδε
1074 3108 1211 3180 βίον,
1260 3108 1425 3161 παντί
1473 3104 1630 3175 δῆλόν
1659 3105 1797 3167 ἐστι,
1831 3100 1926 3154 καὶ

338 3206 443 3258 οὐκ
471 3204 536 3258 ἄν
566 3220 650 3261 τις
682 3201 923 3257 ἀντείποι
954 3200 1031 3271 τῷ
1075 3200 1238 3271 λόγῳ.
1280 3199 1400 3252 Τῶν
1434 3197 1490 3250 δὲ
1524 3194 1780 3249 τοιούτων
1827 3191 1926 3262 τῆς

340 3294 511 3365 εὐχῆς
546 3292 985 3363 κατορθωμάτων
1040 3290 1205 3354 ἄλλας
1260 3289 1439 3353 αἰτίας
1484 3286 1784 3359 ἐμάθομεν,
1829 3284 1930 3354 οὐχ

342 3384 423 3446 ὡς
450 3380 632 3450 ἀγαθὰ
661 3379 879 3445 πάντως
910 3380 1004 3433 τοῦ
1038 3378 1173 3431 Θεοῦ
1224 3376 1396 3429 ταῦτα
1439 3377 1549 3438 τοῖς
1594 3370 1805 3426 αἰτοῦσι
1838 3370 1927 3422 νέ-

346 3490 540 3546 μοντος
560 3489 576 3505 ο
610 3472 724 3527 ἀλλ’
756 3472 832 3535 ὡς
865 3471 930 3526 ἂν
972 3470 1060 3524 διὰ
1091 3469 1296 3523 τούτων
1346 3467 1620 3539 βεϐαιωθῇ
1651 3468 1764 3529 τοῖς
1802 3467 1929 3519 ἐπισ-

347 3565 719 3637 πολαιοτέροις
740 3567 772 3635 ἡ
797 3564 934 3636 πρὸς
968 3562 1058 3617 τὸν
1088 3561 1223 3615 Θεὸν
1249 3561 1451 3625 πίστις,
1483 3562 1579 3615 καὶ
1610 3560 1730 3613 κατ’
1753 3559 1933 3627 ὀλίγον

346 3660 408 3712 ἐν
443 3660 561 3719 ταῖς
594 3655 946 3727 μικροτέραις
973 3652 1080 3707 τῶν
1110 3654 1399 3723 αἰτήσεων,
1429 3652 1491 3705 τὸ
1530 3652 1822 3705 ἐπακούειν
1843 3650 1934 3704 τὸν

349 3749 485 3803 Θεὸν
513 3748 622 3801 τῶν
654 3745 872 3800 ἱκεσιῶν
908 3747 974 3816 τῇ
1008 3748 1173 3816 πείρᾳ
1206 3744 1589 3814 μανθάνοντες,
1618 3740 1936 3811 ἀνέλθοιμέν

261 3844 272 3865 '
349 3857 486 3893 ποτε
517 3839 654 3911 πρὸς
685 3838 782 3909 τὴν
814 3837 920 3890 τῶν
953 3834 1172 3906 ὑψηλῶν
1219 3852 1284 3887 τε
1334 3834 1429 3888 καὶ
1477 3833 1798 3904 θεοπρεπῶν
1830 3832 1936 3886 δω-

352 3932 615 4002 ρημάτων
668 3928 986 4000 ἐπιθυμίαν.
1014 3927 1308 3997 ·Καθάπερ
1346 3926 1442 3979 ἐπὶ
1495 3927 1603 3979 τῶν
1653 3923 1938 3996 ἡμετέρων

350 4022 558 4075 τέκνων
574 4020 786 4091 ὁρῶμεν
807 4036 819 4049 ·
838 4018 874 4073 ἃ
892 4017 1026 4081 τέως
1046 4017 1144 4088 μὲν
1159 4020 1225 4089 τῇ
1249 4016 1479 4088 μητρῷα
1494 4015 1635 4087 θηλῇ
1667 4013 1939 4087 προσφύε-

355 4127 478 4169 ται,
504 4111 628 4163 ὅσον
663 4110 830 4179 χωρεί
855 4110 888 4178 ἡ
937 4106 1119 4177 φύσις,
1152 4106 1406 4160 τοσοῦτον
1432 4106 1583 4177 παρὰ
1611 4107 1711 4174 τῆς
1748 4120 1939 4173 γεννη-

357 4198 599 4269 σαμένης
639 4196 1017 4266 ἐπιζητοῦντα·
1055 4200 1102 4251 εἰ
1133 4197 1190 4251 δὲ
1220 4196 1617 4268 ύπανδρυνθείη
1641 4196 1700 4249 τὸ
1725 4199 1937 4266 νήπιον,

355 4288 451 4341 καί
480 4305 603 4339 τινα
636 4285 934 4357 προσλάϐοι
978 4286 1071 4343 τοῦ
1105 4286 1439 4356 φθέγγεσθαι
1479 4284 1728 4359 δύναμιν,
1770 4274 1941 4339 κατα-

358 4383 547 4449 φρονεῖ
580 4377 682 4450 μὲν
723 4379 823 4448 τῆς
857 4377 1053 4452 θηλῆς,
1078 4380 1232 4450 ζητεῖ
1271 4378 1328 4432 δέ
1357 4396 1410 4431 τι
1444 4378 1704 4440 τοιοῦτον,
1740 4377 1772 4449 ἣ
1807 4393 1942 4448 προ-

2100 2546 2296 2602 Verum
2333 2550 2470 2620 jam,
2498 2552 2699 2623 inquit,
2734 2552 2990 2611 nonnulli
3030 2553 3196 2607 etiam
3247 2550 3597 2622 principatus

2024 2648 2079 2694 et
2104 2639 2339 2698 honores
2367 2683 2381 2707 ,
2429 2651 2481 2698 et
2536 2644 2756 2702 divitias
2803 2645 3085 2705 consecuti
3137 2652 3309 2708 sunt,
3356 2643 3607 2697 oratione

2027 2732 2094 2786 ad
2118 2732 2223 2788 hoc
2256 2734 2362 2800 usi,
2408 2744 2461 2792 et
2499 2737 2571 2793 ob
2607 2736 2877 2807 ejusmodi
2917 2737 3249 2802 felicitatem,
3293 2735 3404 2793 Deo
3451 2736 3607 2792 chari

2027 2839 2149 2881 esse
2171 2826 2470 2883 existimati
2499 2836 2649 2884 sunt.
2673 2827 2962 2894 Quomodo
2986 2828 3151 2899 igitur
3188 2829 3448 2899 prohibes
3473 2843 3598 2893 nos,

2029 2917 2231 2973 dixerit
2284 2919 2509 2990 aliquis,
2544 2920 2613 2976 de
2644 2922 2922 2992 ejusmodi
2958 2924 3124 2978 rebus
3170 2936 3363 2992 preces
3406 2921 3607 2979 olierre

2042 3004 2189 3062 Deo?
2245 3010 2540 3067 Enimvero
2573 3012 2757 3070 omnia
2804 3015 3024 3085 quidem
3076 3014 3314 3084 pendere
3349 3030 3377 3068 a
3424 3015 3611 3069 divino

2034 3099 2287 3163 consilio.
2317 3110 2480 3171 atque
2499 3118 2737 3173 superne
2767 3106 2881 3176 regi
2909 3101 3050 3160 hanc
3082 3107 3251 3163 vitam
3308 3113 3610 3173 terrenam,

2034 3206 2198 3251 nemo
2252 3192 2469 3267 ignorat
2505 3214 2517 3248 :
2561 3212 2664 3252 nec
2707 3197 3001 3267 quisquam
3044 3185 3288 3252 orationi
3332 3199 3620 3260 contradi-

2033 3284 2319 3349 κατίωται
2356 3286 2550 3341 talium
2593 3288 2862 3342 orationis
2903 3304 3265 3344 succrssuum
3295 3288 3434 3344 alias
3481 3304 3616 3344 cau—

2036 3390 2129 3433 sas
2191 3376 2831 3434 didicimusznimirum
2888 3380 3035 3449 quod
3086 3396 3196 3435 non
3252 3382 3406 3451 quasi
3461 3382 3609 3436 bona

2037 3482 2264 3536 prorsus
2302 3468 2613 3537 petentibus
2650 3469 2769 3525 haec
2814 3468 2955 3526 Deus
2998 3471 3225 3539 tribuat,
3261 3472 3357 3528 sed
3388 3482 3448 3526 ut
3484 3474 3619 3528 sim-

2008 3557 2354 3633 ‘plicioribus
2390 3574 2489 3629 per
2520 3558 2638 3615 haec
2685 3559 2884 3614 ﬁducia
2923 3575 3053 3632 erga
3101 3561 3266 3618 Deum
3302 3564 3620 3618 staiailiatur

2032 3660 2088 3707 et
2116 3649 2495 3713 conﬁrmetur,
2518 3665 2583 3705 ac
2613 3651 2876 3720 paulatim
2910 3668 3011 3724 per
3053 3653 3295 3709 minores
3325 3655 3619 3724 petitiones

2037 3737 2374 3804 experientia
2408 3738 2550 3807 'ipsa
2593 3738 2900 3804 discentes,
2949 3742 3095 3811 quod
3152 3743 3428 3813 supplices
3475 3742 3621 3801 Deus

2036 3829 2314 3894 exaudiat,
2343 3832 2620 3901 erigamur
2644 3830 2861 3887 tandem
2883 3833 3177 3905 aliquando
3203 3836 3269 3889 ad
3299 3836 3619 3891 sublimium

2039 3917 2246 3990 pariter
2287 3926 2342 3973 et
2386 3918 2558 3975 Deum
2605 3919 2919 3980 dceentium
2973 3922 3242 3978 donorum
3285 3924 3622 3979 desiderium

2040 4019 2204 4080 atque
2242 4009 2621 4081 cupiditatem.
2657 4012 3129 4079 Quemadmodum
3170 4015 3224 4069 in
3260 4017 3466 4071 nostris
3496 4016 3626 4072 libe-

2038 4103 2119 4157 ris
2150 4102 2417 4169 videmus,
2448 4105 2542 4173 qui
2588 4105 2746 4163 initio
2796 4105 3017 4176 quidem
3062 4107 3323 4165 uberibus
3359 4110 3625 4164 maternis
3721 4130 3731 4145 ι

2044 4195 2339 4261 adhaerent,
2384 4204 2647 4267 quantum
2690 4207 2884 4259 natura
2928 4200 3095 4269 capit,
3133 4207 3345 4256 tantum
3381 4217 3410 4255 a
3451 4211 3628 4256 matre

2044 4286 2409 4356 requirentes.
2443 4286 2598 4353 Quod
2640 4288 2685 4342 si
2730 4286 2914 4346 infans
2952 4291 3271 4355 adoleverit,
3299 4300 3353 4346 et
3384 4292 3627 4362 aliquam

2046 4376 2361 4441 facultatem
2394 4376 2649 4447 loquendi
2692 4378 2921 4449 adeptus
2946 4380 3132 4442 fuerit.
3170 4372 3464 4439 mammam
3503 4383 3629 4451 qui»

357 4470 571 4538 κόμιον,
604 4469 638 4540 ἢ
681 4469 913 4538 ἱμάτιον,
946 4470 981 4540 ἦ
1009 4487 1129 4523 τινα
1151 4467 1396 4531 τοιαῦτα,
1434 4463 1516 4532 οἷς
1541 4469 1571 4521 ὁ
1597 4468 1708 4522 τῶν
1736 4466 1926 4539 νηπίῳι

2044 4470 2171 4524 (ιοω
2209 4469 2441 4539 respuit,
2479 4470 2674 4538 quazrit
2711 4479 2892 4525 autem
2944 4471 3147 4541 aliquid
3192 4472 3500 4542 ejusmodi,
3545 4474 3629 4529 vel

355 4557 636 4629 ὀφθαλμὸς
667 4560 1021 4630 ἐπιτέρπεται
1041 4575 1056 4591 °
1097 4560 1318 4614 ἐπειδὰν
1345 4561 1413 4614 δὲ’
1431 4561 1511 4623 εἰς
1544 4559 1758 4630 ἡλικίαν
1789 4558 1939 4630 ἔλθῃ,

358 4650 452 4704 καὶ
483 4649 789 4721 συναυξηθῇ
827 4649 903 4721 τῷ
928 4649 1139 4720 σώματι
1165 4652 1195 4720 ή
1229 4649 1457 4714 διάνοια,
1482 4650 1602 4704 τότε
1636 4650 1815 4713 πάσας
1843 4649 1945 4717 τὰς

357 4739 614 4802 παιδικὰς
657 4738 955 4809 ἐπιθυμίας
988 4737 1323 4803 καταλιπὼν,
1366 4739 1434 4793 τά
1481 4739 1561 4810 τῷ
1598 4741 1788 4811 τελείῳ
1827 4738 1945 4809 βλέ-

356 4846 529 4883 ποντα
564 4831 665 4901 βίῳ
696 4831 848 4902 παρὰ
879 4830 987 4884 τῶν
1018 4829 1221 4899 γονέων
1258 4832 1575 4901 αἰτήσεται·
1607 4829 1751 4886 οὕτω
1796 4831 1891 4883 καί
1916 4831 1945 4882 ὁ

356 4921 492 4984 Θεὸς
530 4920 725 4987 ἐθίζων
761 4921 854 4977 τὸν
896 4922 1184 4993 ἄνθρωπον
1218 4921 1309 4976 διὰ
1340 4922 1559 4975 πάντων
1602 4922 1741 4993 πρὸς
1781 4921 1945 4975 αὐτὸν

360 5012 603 5085 βλέπειν,
651 5014 738 5067 διὰ
783 5012 942 5067 τοῦτο
984 5013 1247 5077 πολλάκις
1289 5013 1410 5068 οὐδὲ
1444 5013 1555 5068 τῶν
1605 5014 1949 5086 μικροτέρων

356 5103 625 5173 αἰτήσεων
662 5104 894 5174 ἀνήκοος
927 5103 1159 5170 γίνεται,
1185 5104 1263 5167 ὡς
1294 5102 1359 5157 ἂν
1389 5103 1484 5156 ἐπί⁵
1513 5106 1579 5175 τῇ
1609 5104 1718 5156 τῶν
1752 5101 1952 5173 ὑψηλοο

356 5192 533 5262 τέρων
572 5194 837 5266 ἐπιθυμίᾳ
877 5195 965 5249 διὰ
995 5196 1095 5266 τῆς
1140 5197 1198 5251 ἐν
1229 5197 1339 5260 τοῖς
1382 5197 1599 5266 μικροῖς
1632 5195 1951 5266 εὐεργεσίας

361 5281 457 5333 τὸν
494 5286 830 5355 τετυχηκότα
862 5287 958 5357 τῆς
988 5287 1210 5358 χάριτος
1252 5287 1701 5358 προσκαλέσαιτο.
1741 5287 1855 5341 Καὶ
1884 5287 1951 5342 σὺ

362 5371 565 5439 τοίνυν,
593 5376 642 5427 εἰ
671 5380 699 5427 ὁ
746 5375 892 5432 δεῖνα
934 5379 1127 5449 γέγονε
1171 5378 1293 5451 θεία
1330 5380 1557 5451 προνοίᾳ
1592 5377 1859 5451 γνώριμός
1890 5396 1950 5432 τε

366 5463 459 5517 καὶ
506 5464 866 5535 περίϐλεπτος
917 5469 976 5534 ἐξ
1023 5470 1423 5542 ἀφανεστέρων,
1475 5471 1507 5541 ἢ
1560 5470 1689 5524 ἄλλο
1731 5487 1784 5523 τι
1843 5469 1950 5524 τῶν

363 5555 511 5609 κατὰ
535 5556 626 5608 τὸν
645 5555 756 5610 Βίον
777 5557 965 5613 τοῦτον
995 5560 1435 5631 ἐπιζητουμένων
1459 5563 1591 5615 em
1601 5579 1749 5629 σατο,
1777 5562 1953 5633 ἀρχὴν

2049 4576 2261 4619 comam
2293 4562 2687 4630 apposititiam,
2717 4562 2798 4617 vel
2841 4562 3090 4633 pallium,
3125 4566 3209 4620 vel
3251 4566 3431 4635 aliqua
3474 4569 3631 4631 talia,

2045 4654 2250 4722 quibus
2280 4651 2572 4708 infantium
2601 4653 2747 4708 oculi
2770 4654 3146 4722 delectantur;
3173 4657 3267 4713 sed
3308 4657 3398 4713 ubi
3432 4657 3501 4713 ad
3541 4659 3636 4713 lir-

2048 4744 2276 4797 miorem
2311 4750 2524 4797 aetatem
2568 4748 2899 4814 pervenerit,
2926 4757 2981 4803 et
3015 4762 3172 4805 mens
3206 4763 3311 4803 una
3344 4764 3467 4804 cum
3511 4765 3636 4804 cor-

2048 4851 2182 4905 pore
2211 4837 2468 4905 creverit,
2500 4845 2634 4893 tunc
2666 4841 2925 4896 omnibus
2971 4842 3278 4910 puerilibus
3319 4844 3519 4898 studiis
3557 4850 3640 4897 at-

2050 4943 2158 4997 que
2187 4927 2481 4984 desideriis
2513 4930 2759 4993 omissis,
2785 4947 2847 4986 ea
2876 4948 2998 5003 qua:
3030 4933 3097 4987 ad
3126 4933 3426 5004 perfectam
3466 4936 3634 4988 vitam

2054 5025 2331 5087 Spectant,
2378 5033 2410 5072 a
2459 5021 2786 5088 parentibus
2850 5024 3127 5093 petiturus
3162 5031 3298 5079 est:
3344 5023 3418 5077 ita
3468 5025 3634 5079 etiam

2053 5107 2221 5174 Deus,
2251 5110 2346 5181 qui
2380 5124 2480 5180 per
2530 5112 2720 5166 omnia
2762 5113 3043 5170 hominem
3077 5115 3145 5169 ad
3196 5129 3321 5179 sese
3362 5115 3640 5184 respicere

2052 5199 2382 5265 assuefacit.
2416 5201 2629 5257 idcirco
2654 5218 3033 5273 saepenumero
3071 5220 3140 5259 ne
3173 5205 3484 5260 minoribus
3517 5204 3641 5275 qni-

2055 5291 2179 5349 dem
2212 5291 2576 5361 petitionibus
2600 5309 2764 5349 aures
2788 5295 3035 5364 praebere
3060 5294 3300 5362 fastidit,
3332 5304 3391 5349 ut
3416 5297 3485 5351 ad
3519 5297 3642 5352 sub.

2059 5382 2337 5443 limiorum
2379 5399 2567 5439 rerum
2595 5386 2956 5451 desiderium,
2994 5402 3094 5458 per
3130 5402 3425 5457 parvarum
3454 5402 3638 5441 rerum

2060 5476 2404 5547 largitionem
2455 5491 2606 5541 eum,
2662 5480 2757 5546 qui
2788 5478 2896 5532 hoc
2940 5478 3270 5535 beneﬁcium
3309 5490 3639 5536 consecutus

2060 5565 2252 5633 fuerit,
2295 5567 2514 5623 invitet.
2543 5566 2609 5623 Et
2635 5574 2695 5622 tu
2733 5568 2927 5638 igitur,
2977 5570 3024 5624 si
3064 5569 3157 5624 ille
3198 5576 3254 5625 et
3310 5570 3401 5627 ille
3455 5568 3640 5624 divina

444 5731 492 5765 ³⁷
530 5731 729 5791 Jcrem.
766 5754 819 5805 κ,
855 5738 878 5792 1
919 5754 1037 5808 sqq.
1115 5739 1161 5773 ⁸⁸
1200 5741 1326 5799 (ise.
1360 5755 1449 5807 ιι,
1484 5741 1568 5797 14.
1646 5742 1690 5775 ’³
1733 5742 1860 5812 Sap.
1896 5758 1933 5809 l,
1970 5742 2057 5803 l5.
