4018 6386
496 348 649 405 1135
1416 368 1427 373 σ
1786 341 1845 397 S.
1886 337 2216 398 GREGORII
2254 339 2547 401 NYSSENI
3686 343 3825 400 H56

505 463 859 538 providentia
885 461 1093 517 nobilis
1122 467 1177 516 et
1202 458 1443 517 illustris
1477 458 1731 515 obscuris
1768 458 2083 530 parentibus

2196 459 2232 532 ἢ
2272 459 2526 527 πλοῦτον,
2547 461 2597 534 ’ἢ
2631 461 3013 536 περιφάνειαν,
3048 462 3161 517 νόει
3189 461 3283 517 τὸν
3330 461 3568 525 σκοπὸν,
3595 461 3697 515 ὅτι
3744 479 3823 516 σοι

505 569 663 614 ortus
689 556 886 621 evasit,
932 562 1027 610 aut
1058 554 1266 625 aliquid
1310 555 1456 609 aliud
1509 570 1575 611 ex
1617 554 1689 609 iis
1724 553 1913 618 rebus,
1967 567 2083 624 qua

2198 552 2477 619 ἀπόδειξις
2509 553 2613 624 τῆς
2649 554 2894 626 μεγάλης
2938 554 3221 626 δυνάμεως
3259 554 3355 608 τοῦ
3406 553 3552 607 Θεοῦ
3592 555 3635 625 ἡ
3690 554 3820 624 περὶ

494 669 596 708 res
623 669 718 720 per
754 652 896 706 hanc
919 650 1090 704 vitam
1121 656 1482 720 expetuntur,
1530 646 1852 721 acquisivit,
1890 645 2083 717 princi‘

2198 639 2374 696 ταῦτα
2401 641 2784 713 φιλανθρωπία
2807 643 3039 713 γίνεται,
3085 645 3174 700 ἵνα
3210 644 3299 698 διά
3325 643 3423 698 τοῦ
3448 647 3657 716 τυχεῖν
3706 643 3817 697 τῶν

416 809 423 815 ο
500 752 719 814 patum,
777 743 862 797 vel
892 741 1144 806 divitias,
1195 747 1292 794 aut
1334 739 1752 804 claritudinem,
1802 737 2083 794 considera

2199 733 2468 790 παιδικῶν
2510 734 2865 808 ἀθυρμάτων,
2891 736 3021 809 περὶ
3048 736 3157 791 τῶν
3188 736 3452 807 μειζόνων
3476 738 3577 791 καὶ
3603 735 3813 789 τελειο-

502 849 744 906 quonam
776 826 915 888 haec
947 838 1223 903 spectent,
1269 832 1558 897 nimirum,
1616 830 1765 901 quod
1801 845 1897 901 per
1944 844 2083 894 eam,

2195 826 2370 899 τέρων
2396 829 2757 901 προσαγάγῃς
2783 828 2861 900 τῷ
2889 829 3068 902 Πατρὶ
3090 828 3191 893 τὰς
3218 831 3481 901 αἰτήσεις.
3523 825 3730 884 Ταῦτα
3756 827 3810 882 δέ

503 940 624 994 qua:
652 924 804 980 circa
842 922 945 978 has
975 937 1064 977 res
1090 929 1342 992 apparet,
1377 921 1789 976 humanitatem
1823 921 1878 974 in
1917 919 2083 975 rebus

2197 919 2349 975 ἐστιν
2375 921 2477 977 ὅσα
2510 922 2591 986 είς
2625 922 2805 995 ψυχὴν
2838 924 2995 996 φέρει
3021 922 3083 977 τὸ
3115 924 3324 993 κέρδος.

503 1018 720 1090 magnis
753 1016 851 1072 tibi
887 1016 1132 1087 potentia
1158 1015 1253 1071 Dei
1277 1014 1716 1078 demonstratur,
1740 1023 1803 1069 ut
1833 1028 1931 1084 per
1998 1012 2126 1080 hoc,
2168 1015 2318 1084 quod
2389 1016 2879 1086 animadverteris,
2910 1032 3015 1097 nec
3044 1017 3290 1072 ludicras
3318 1015 3543 1086 quidem
3575 1029 3648 1069 ac
3674 1028 3806 1084 pue-

506 1111 636 1166 riles
667 1124 758 1164 res
792 1107 1001 1163 frustra
1051 1122 1082 1161 a
1118 1106 1230 1163 Deo
1259 1107 1397 1178 peti,
1430 1107 1500 1163 de
1569 1106 1880 1177 majoribus
1917 1119 1983 1160 ac
2047 1103 2484 1176 perfectioribus
2510 1109 2661 1165 Patri
2696 1122 2888 1179 preces
2932 1107 3175 1177 oil’eras;
3225 1108 3343 1164 hmc
3407 1116 3592 1163 autem
3671 1113 3803 1162 sunt

504 1219 590 1267 ea,
615 1217 737 1273 quae
768 1200 968 1256 anima:
1012 1200 1229 1255 lucrum
1269 1198 1529 1256 aﬂ'erunt.

572 1294 788 1349 Etenim
822 1293 1213 1350 stultissimum
1247 1290 1437 1357 fuerit,
1472 1291 1518 1347 si
1549 1291 1687 1362 quis
1718 1291 1991 1348 accedens
2015 1289 2085 1346 ad

501 1386 696 1449 Deum,
737 1400 769 1439 a
804 1384 1143 1455 sempiterno
1186 1382 1526 1454 temporaria
1577 1392 1756 1454 roget,
1806 1398 1836 1438 a
1872 1365 2091 1439 caelesti

501 1485 744 1542 terrena,
767 1473 838 1528 ab
859 1470 1147 1529 Altissimo
1167 1472 1399 1528 humilia
1425 1485 1479 1529 et
1509 1474 1746 1545 ahjecta,
1767 1474 1836 1530 ab
1872 1490 1963 1542 eo,
1996 1475 2094 1546 qui

504 1580 734 1635 regnum
769 1564 1037 1618 cmlorum
1062 1564 1318 1636 largitur,
1351 1564 1496 1620 hanc
1519 1575 1793 1621 terrenam
1825 1574 1881 1623 et
1910 1566 2095 1622 humi-

2264 1290 2379 1345 Καὶ
2413 1291 2522 1364 γὰρ
2549 1288 2616 1344 ἂν
2645 1292 2733 1362 εἴη
2762 1288 2869 1344 τῶν
2891 1289 3274 1358 ἀλογωτάτων,
3312 1288 3689 1362 προσελθόντα
3722 1290 3798 1360 τῷ

2196 1380 2531 1455 Θεῷ-ζητεῖν
2568 1381 2723 1454 παρά
2769 1380 2865 1435 τοῦ
2915 1381 3087 1435 ἀϊδίου
3132 1380 3203 1457 τά
3256 1380 3584 1453 πρόσκαιρα,
3639 1383 3796 1453 παρὰ

2195 1472 2292 1528 τοῦ
2346 1472 2671 1545 ἐπουρανίου
2715 1473 2784 1527 τὰ
2810 1472 3049 1542 ἐπίγεια,
3087 1471 3237 1544 παρά
3283 1471 3378 1525 τοῦ
3427 1473 3687 1543 Ὑψίστου
3727 1475 3798 1528 τὰ

2198 1563 2536 1637 χαμαίζηλα,
2568 1564 2721 1637 παρά
2747 1564 2842 1618 τοῦ
2874 1564 3154 1636 βασιλείαν
3181 1563 3420 1636 οὐρανῶν
3444 1565 3792 1637 δωρουμένου

505 1658 610 1711 lem
668 1656 1033 1723 felicitatem;
1096 1657 1169 1714 ab
1191 1672 1257 1713 eo
1301 1658 1398 1729 qui
1434 1659 1669 1730 largitur
1703 1674 1766 1716 ea
1800 1675 1924 1730 quae
1953 1658 2083 1731 eripi

2200 1656 2299 1729 τὴν
2349 1658 2546 1730 γηῒνην
2582 1656 2787 1729 ταύτην
2834 1657 2929 1712 καὶ
2967 1656 3231 1730 ταπεινὴν
3265 1657 3581 1729 εὐκληρίαν,
3636 1659 3789 1730 παρὰ

508 1766 617 1805 non
651 1757 904 1821 possunt,
930 1749 999 1805 ad
1033 1749 1295 1827 exiguum
1326 1758 1548 1823 tempus
1578 1752 1886 1808 alienarum
1908 1768 2083 1808 rerum

2201 1748 2298 1803 τοῦ
2331 1749 2670 1821 ἀναφαίρετα
2701 1749 3083 1821 χαριζομένου,
3110 1748 3210 1821 τὴν
3252 1752 3311 1803 ἐν
3348 1749 3514 1820 ὀλίγῳ
3556 1750 3670 1805 τῶν
3698 1752 3790 1805 ἀλ-

506 1857 669 1896 usum
703 1861 714 1895 :
748 1855 982 1912 quarum
1012 1838 1332 1896 necessaria
1365 1839 1587 1911 quidem
1621 1839 1925 1910 ademptio,
1967 1850 2096 1896 tem-

506 1934 761 2004 porarius
802 1948 933 1989 vero
983 1931 1453 1999 usufructus,'et
1494 1931 1809 2004 periculosa
1858 1931 2097 1987 admini-

506 2023 704 2080 stratio
734 2030 838 2078 est.
869 2021 1111 2079 Pulchre
1138 2020 1324 2079 autem
1359 2035 1460 2092 per
1493 2020 1863 2091 adjectionem
1910 2028 2095 2076 osten-

504 2115 584 2170 dit
618 2114 1041 2179 absurditatem,
1094 2129 1221 2170 cum
1256 2112 1431 2168 dixit:
1478 2113 1629 2169 Sicut
1657 2109 1900 2184 gentiles.
1953 2109 2091 2165 Nam

502 2204 555 2259 in
588 2222 677 2261 res
711 2200 1041 2277 apparentes
1084 2204 1333 2262 studium
1374 2201 1633 2258 conferre
1681 2202 1967 2274 proprium
2008 2208 2094 2258 est

500 2312 715 2360 eorum,
747 2301 840 2368 qni
876 2298 1086 2352 nullam
1115 2296 1222 2353 sibi
1260 2295 1436 2351 futuri
1482 2295 1672 2350 saeculi
1701 2309 1855 2365 spem
1888 2309 2090 2365 propo-

503 2397 662 2452 nunt,
697 2404 806 2444 non
835 2389 1029 2459 judicii
1054 2396 1415 2457 metum,non
1448 2388 1715 2459 gehennae
1743 2386 1944 2450 minas,
1978 2400 2090 2441 non

500 2483 773 2539 bonorum
804 2480 1298 2553 exspectationem,
1320 2470 1446 2535 non
1478 2479 1632 2535 aliud
1665 2477 1971 2550 quidquam
1998 2492 2093 2534 eo-

497 2587 620 2626 rum
655 2586 777 2642 quae
826 2579 1073 2642 tempore
1123 2569 1555 2626 resurrectionis
1607 2555 1930 2639 sperantur,
1992 2568 2087 2639 qui

496 2663 662 2719 sicuti
704 2676 904 2734 pecora
930 2662 1000 2716 ad
1052 2667 1387 2732 praesentem
1431 2659 1601 2715 vitam
1644 2658 1845 2714 intenti
1905 2659 2087 2730 quod-

496 2770 720 2825 cunque
751 2754 897 2826 gula:
936 2768 1002 2809 ac
1026 2750 1230 2815 ventri,
1255 2750 1600 2835 reliquisque
1636 2750 1892 2822 corporis
1926 2749 2088 2806 volu-

494 2849 737 2918 ptatibus
765 2847 1056 2918 indulgere
1102 2845 1340 2917 possint,
1394 2843 1449 2900 id
1502 2844 1560 2899 in
1605 2849 1761 2914 parte
1809 2843 2087 2899 bonorum

496 2938 703 3002 locant,
739 2939 824 2994 vel
855 2937 1235 3008 principatum
1291 2935 1438 2992 inter
1500 2935 1719 3006 aliquos
1777 2942 1990 3000 tenere,
2029 2940 2087 2989 et

468 3030 724 3101 "reliquis
754 3036 1020 3099 prastare
1065 3028 1260 3094 videri,
1294 3028 1378 3083 vel
1452 3027 1645 3082 multis
1687 3024 1955 3119 incubare
1983 3026 2087 3119 ⁵ῑειὲ
2114 3060 2158 3119 c

474 3119 693 3183 ,ientis,
740 3127 836 3173 aut
864 3118 911 3173 si
944 3117 1079 3188 quid
1110 3116 1261 3172 aliud
1285 3115 1353 3171 de
1373 3115 1540 3186 hujus
1566 3114 1756 3172 saeculi
1797 3112 2088 3169 fraudibus

464 3216 611 3265 est:
636 3209 839 3278 quibus
863 3208 910 3265 si
945 3208 1073 3280 quis
1101 3206 1170 3264 de
1218 3206 1406 3263 futura
1438 3221 1539 3277 spe
1566 3206 1738 3270 dicat,
1780 3204 1943 3275 plane
1984 3220 2092 3258 nu-

464 3307 652 3371 -gator
683 3315 808 3356 esse
849 3300 1085 3363 videtur,
1137 3298 1459 3370 paradisum
1513 3303 1571 3353 et
1611 3311 1868 3368 regnum,
1895 3302 1950 3352 et
1972 3309 2089 3354 ca:-

362 3457 371 3460 λ
470 3391 687 3446 ιΙοειειῐι
739 3391 1159 3457 habitationem,
1219 3399 1274 3447 et
1325 3388 1601 3459 ejusmodi
1651 3403 1743 3445 res
1781 3402 2084 3460 exponens.

463 3482 764 3549 Quoniam
789 3484 955 3556 igitur
983 3484 1270 3555 proprium
1303 3490 1388 3539 est
1419 3481 1754 3553 eorum,qui
1790 3495 1946 3552 spem
1972 3493 2087 3535 non

470 3573 725 3639 habent,
775 3584 838 3630 ut
892 3575 1153 3646 praesenti
1192 3572 1321 3629 vita:
1366 3573 1749 3629 adhaerescaut
1787 3579 1843 3628 et
1882 3569 2089 3627 addicti

494 3669 639 3732 sint,
664 3674 816 3723 recte
835 3682 1175 3738 supervacua
1198 3681 1263 3722 ac
1290 3681 1430 3721 vana
1451 3664 1747 3731 desideria,
1776 3678 1897 3735 qua:
1928 3662 2088 3720 volu-

468 3760 625 3830 ptati
691 3758 909 3815 addicti
958 3775 1055 3830 per
1110 3759 1421 3815 orationem
1471 3774 1532 3814 se
1582 3756 1941 3813 confecturos
1980 3755 2087 3814 sibi

466 3866 615 3913 resse
653 3859 870 3920 putant,
908 3852 1371 3922 gentiliumﬁsse,
1427 3850 1714 3922 Scriptura
1754 3850 1913 3916 dicit,
1964 3848 2085 3905 exi-

491 3945 831 4000 stimantium
875 3959 936 4000 se
969 3943 1036 4000 de
1071 3944 1239 4001 rebus
1303 3944 1562 4000 absurdis
1604 3945 1829 4001 assidue
1881 3960 1947 4000 ac
1999 3959 2086 4000 se-

468 4037 620 4091 »dulo
653 4034 1318 4107 rogando’consecuturos
1345 4052 1490 4102 esse,
1515 4044 1577 4091 ut
1607 4052 1811 4091 numen
1834 4037 2082 4092 divinum

469 4128 572 4183 ~cis
600 4128 669 4181 ad
701 4143 789 4182 res
815 4142 925 4182 non
952 4126 1135 4183 rectas
1158 4143 1339 4198 neque
1360 4128 1707 4184 necessarias
1748 4128 1953 4181 auxilio
1987 4128 2080 4182 sit.

491 4218 824 4273 Existimant
862 4218 1008 4273 enim
1027 4259 1042 4283 ,
1087 4220 1300 4289 inquit,
1331 4234 1392 4275 se
1421 4227 1644 4290 propter
1672 4219 2082 4289 multiloquium

493 4324 654 4364 suum
690 4309 1009 4365 exauditum
1042 4311 1131 4367 iri.
1166 4308 1363 4366 Verum
1398 4310 1519 4365 haec
1551 4305 1796 4381 quidem,
1827 4324 1949 4379 quae
1987 4325 2084 4366 co-

2196 1840 2427 1912 λοτρίων
2477 1841 2695 1912 χρῆσιν,
2757 1832 2832 1893 ῶν
2899 1838 3169 1908 ἀναγκαία
3226 1828 3326 1911 μὲν
3383 1841 3418 1910 ή
3475 1839 3786 1913 ἀφαίρεσις,

2196 1931 2533 2002 πρόσκαιρος
2579 1929 2637 1983 δὲ
2674 1930 2710 2000 ἡ
2742 1928 3065 1993 ἀπόλαυσις,
3117 1928 3455 1994 ἐπικίνδυνος
3480 1929 3539 1984 δὲ
3568 1933 3603 2002 ἡ
3640 1932 3784 1985 οίκοο

2195 2023 2358 2094 νομία
2380 2039 2395 2054 ο
2417 2021 2599 2087 καλῶς
2633 2022 2691 2076 δὲ
2723 2012 3025 2093 παρίστησι
3062 2023 3129 2093 τῇ
3155 2019 3441 2094 προσθήκῃ
3472 2022 3533 2075 τὸ
3564 2023 3783 2088 ἄτοπον,

2195 2114 2386 2181 εἰπὼν,
2430 2114 2660 2183 Ὠσπερ
2709 2114 2765 2169 ol
2797 2113 3042 2168 ἐθνικοί.
3089 2113 3164 2166 Τὸ
3194 2110 3302 2186 γὰρ
3332 2112 3460 2184 περὶ
3487 2112 3559 2166 τά
3600 2110 3784 2183 φαινόο

2197 2222 2335 2278 μενα
2362 2206 2462 2277 τὴν
2492 2205 2732 2277 σπουδὴν
2756 2204 2902 2276 ἔχειν
2932 2204 3064 2259 ῐδιόν
3091 2205 3209 2259 ἐστι
3240 2204 3346 2258 τῶν
3388 2205 3663 2277 μηδεμίαν
3692 2204 3781 2260 τοῦ

2197 2293 2484 2365 μέλλοντος
2524 2293 2721 2358 αἰῶνος
2770 2295 2981 2359 ἑαυτοῖς
3012 2294 3413 2365 ὑποτιθεμένων
3463 2294 3676 2359 ἐλπίδα,
3713 2295 3782 2367 μὴ

2192 2386 2429 2458 κρίσεως
2487 2386 2673 2457 φόῦον,
2733 2386 2806 2459 μὴ
2856 2387 3083 2459 γεέννης
3129 2385 3390 2458 ἀπειλὴν,
3434 2387 3511 2459 μὴ
3565 2388 3782 2456 ἀγαθῶν

2192 2474 2548 2550 προσδοκίαν,
2601 2475 2676 2548 μὴ
2709 2476 2837 2531 ἄλλο
2887 2494 2942 2530 τι
2994 2476 3107 2531 τῶν
3143 2477 3285 2531 κατά
3339 2475 3441 2548 τὴν
3491 2477 3786 2532 ἀνάστασιν

2191 2564 2595 2637 ἐλπιζομένων,
2646 2566 2697 2620 οἳ
2730 2565 3091 2639 βοσκημάτων
3136 2567 3293 2636 δίκην
3325 2567 3462 2639 πρὸς
3501 2568 3598 2622 τὸν
3647 2586 3787 2640 παρ-

2191 2657 2320 2712 όντα
2353 2657 2591 2730 ὁρῶντες
2634 2658 2786 2730 βίον,
2834 2660 2974 2732 ὅπερ
3006 2658 3075 2713 ἂν
3123 2659 3305 2731 λαιμῷ
3333 2662 3427 2714 καὶ
3475 2662 3657 2734 κοιλίᾳ
3696 2664 3788 2717 καὶ

2190 2753 2311 2814 ταῖς
2358 2750 2577 2815 λοιπαῖς
2612 2750 2707 2804 τοῦ
2743 2748 2992 2822 σὼμῖιτος
3024 2752 3380 2823 ἡδυπαθείαις
3425 2753 3783 2825 χαρίζωνται,

2188 2841 2347 2897 τοῦτο
2375 2843 2433 2896 ὲν
2470 2841 2690 2912 ἀγαθῶν
2731 2842 2974 2915 κρίνουσι
3015 2845 3201 2917 μοίρᾳ,
3255 2846 3289 2917 ἢ
3352 2845 3409 2899 τὸ
3464 2847 3783 2917 πρωτεῦσαί

2188 2950 2373 3001 τινων,
2404 2936 2501 2989 καὶ
2534 2934 2595 2989 τὸ
2634 2935 2775 3007 ὑπὲρ
2805 2936 2930 2999 τοὺς
2955 2935 3175 3001 λοιποὺς
3207 2937 3547 3008 νομισθῆναι,
3589 2939 3623 3009 ῆ
3660 2938 3786 2991 πολε

2189 3027 2304 3091 λοίς
2330 3026 2761 3099 ἐπικαθευδῆσαι
2787 3027 3094 3093 ταλάντοις,
3125 3028 3157 3100 ἢ
3208 3029 3262 3082 εί
3293 3046 3347 3082 τι
3384 3028 3512 3083 ἄλλο
3538 3030 3644 3100 τῆς
3674 3031 3785 3100 βιο-

2191 3122 2352 3192 τικῆς
2383 3122 2601 3195 ἀπάτης
2645 3122 2827 3177 ἐστίν·
2855 3119 2939 3187 οἷς
2991 3124 3046 3177 εῐ
3091 3141 3176 3190 τις
3219 3123 3285 3179 ἂν
3325 3125 3460 3200 λέγῃ
3505 3129 3637 3198 περὶ
3682 3127 3784 3198 τῆς

2196 3211 2495 3283 μελλούσης
2528 3212 2763 3277 ἐλπίδος,
2788 3211 2954 3285 λῆρος
2992 3213 3250 3286 ἄντικρυς
3285 3209 3424 3269 εἶναι
3469 3215 3637 3279 δοκεῖ,
3675 3234 3784 3270 πα-

2194 3301 2443 3374 ράδεισον
2483 3302 2578 3356 καὶ
2611 3301 2908 3373 βασιλείαν,
2941 3303 3037 3358 καὶ
3067 3304 3308 3377 οὐρανῶν
3348 3306 3647 3379 διαγωγὴν,
3688 3310 3784 3362 καὶ

2183 3389 2262 3446 ’τὰ
2294 3393 2539 3448 τοιαῦτα
2561 3394 2990 3467 διεξερχόμενος.
3036 3396 3252 3469 Ἐπειδὴ
3286 3398 3460 3451 τοίνυν
3493 3398 3627 3454 ῐδιόν
3663 3401 3781 3454 ἐστι

2189 3484 2300 3538 τῶν
2345 3484 2420 3557 μὴ
2461 3486 2693 3557 ἐχόντων
2726 3485 2918 3540 ἐλπίδα
2954 3486 3019 3540 ’τὸ
3056 3489 3486 3560 προστετηκέναι
3527 3492 3595 3561 τῇ
3638 3507 3784 3564 παρ-

2189 3576 2328 3651 ούσῃ
2357 3576 2497 3650 ζωῇ,
2536 3577 2716 3641 καλῶς
2744 3576 2814 3630 τά
2841 3578 3073 3648 περιττά
3100 3580 3194 3634 καὶ
3221 3583 3424 3651 μάταια
3454 3581 3554 3652 τῆς
3580 3582 3781 3636 ἐπιθυ-

2194 3668 2342 3739 μίας,
2370 3668 2408 3723 ἃ
2439 3668 2508 3723 δι’
2535 3669 2703 3741 εὐχῆς
2734 3670 2937 3725 οἴονται
2983 3655 3282 3743 κατορθοῦν
3309 3673 3520 3737 ἑαυτοῖς
3560 3676 3614 3728 oi
3653 3675 3781 3744 φιλο

2189 3760 2387 3832 ήδονοι,
2421 3760 2532 3816 τῶν
2561 3761 2789 3816 ἐθνικῶν
2821 3761 3032 3832 δ’λόγος
3060 3759 3199 3816 εἶναί
3229 3764 3505 3833 φησι,τῶν
3532 3767 3783 3837 νομιζόν-

2187 3868 2299 3907 των
2331 3854 2397 3907 ἐκ
2420 3853 2514 3907 τοῦ
2548 3854 2942 3926 προσλιπαρεῖν
2975 3855 3105 3928 περὶ
3133 3855 3243 3909 τῶν
3266 3856 3481 3911 ἀτόπων
3516 3858 3781 3929 συνεργὸν

2187 3945 2283 3998 ἐπὶ
2330 3944 2401 3999 τά
2455 3946 2531 4018 μὴ
2579 3946 2766 4001 δέοντα
2817 3947 2878 4002 τὸ
2937 3947 3092 4002 Θεῖον
3142 3947 3305 4014 ἕξειν.
3352 3946 3580 4002 Δοκοῦσι
3630 3949 3779 4019 γὰρ,

2189 4037 2389 4107 φησὶν,
2446 4038 2530 4092 ὅτι
2580 4040 2639 4094 ἐν
2698 4042 2765 4112 τῇ
2832 4040 3129 4113 πολυλογίᾳ
3182 4040 3361 4095 αὐτῶν
3420 4040 3782 4113 εἰσακουσθὴ-

2188 4143 2392 4183 σονται.
2447 4127 2609 4183 Ἀ’λλά
2655 4129 2832 4185 ταῦτα
2878 4131 2981 4204 μὲν
3023 4131 3061 4186 ἃ
3108 4131 3190 4184 δεῖ
3228 4129 3537 4199 γινώσκειν,
3586 4131 3657 4185 δι’
3700 4126 3780 4186 ὧν

2186 4218 2563 4293 ἐξητάσαμεν,
2585 4221 2964 4294 ἐδιδάχθημεν.
2997 4224 3131 4277 Οἴαν
3162 4222 3216 4277 δὲ
3244 4226 3508 4295 προσήκει
3548 4223 3628 4294 τῷ
3656 4223 3779 4296 Θεῷ

2184 4311 2488 4382 προσάγειν
2532 4313 2633 4387 τὴν
2675 4313 2881 4386 δέησιν,
2923 4317 2982 4370 ἐν
3029 4318 3140 4381 τοῖς
3169 4316 3368 4387 ἐφεξῆς
3407 4316 3778 4388 ἀκουσόμεθα,

492 4400 667 4469 gitare
691 4409 854 4469 atque
887 4399 1224 4471 perpendere
1254 4406 1493 4469 oportet,
1524 4414 1623 4470 per
1650 4413 1737 4463 ea,
1760 4413 1885 4470 quae
1916 4413 2077 4455 scru-

2191 4404 2372 4476 χάριτι
2416 4404 2512 4459 τοῦ
2561 4405 2767 4478 Κυρίου
2802 4407 2960 4479 ήμῶν
2995 4408 3170 4479 Ἰησοῦ
3199 4408 3457 4481 Χριστοῦ,
3492 4402 3538 4478 ᾧ
3569 4411 3602 4480 ή
3649 4410 3777 4476 δόξα

469 4489 588 4543 »ιιιιί
619 4504 814 4545 sumus
851 4498 906 4547 et
949 4488 1316 4553 ostendimus,
1363 4489 1543 4545 edocti
1589 4504 1782 4545 sumus
1814 4508 1828 4545 :
1855 4489 2073 4561 qualem

2183 4493 2280 4546 xui.
2306 4495 2368 4548 τὸ
2396 4494 2620 4566 κράτος,
2657 4497 2738 4558 εἰς
2766 4496 2896 4560 τοὺς
2924 4497 3128 4561 αἰῶνας
3154 4497 3262 4550 τῶν
3300 4497 3532 4554 αἰώνων.
3576 4500 3774 4571 Ἀμήν.

464 4588 672 4636 .autem
723 4582 1011 4637 conveniat
1081 4580 1282 4636 offerre
1330 4579 1441 4636 Deo
1485 4580 1878 4650 precationem,
1930 4581 1984 4635 in
2056 4585 2419 4654 sequentibus
2482 4587 2795 4653 audiamus,
2848 4592 3023 4661 gratia
3111 4587 3328 4644 Domini
3417 4589 3589 4644 nostri
3641 4588 3775 4645 Iesu

480 4672 711 4737 Christi,
743 4673 833 4728 cui
870 4672 1042 4744 gloria
1074 4683 1128 4727 et
1160 4673 1450 4741 imperium
1492 4675 1546 4726 in
1591 4671 1790 4728 saecula
1831 4672 2182 4729 saeculorum.
2228 4678 2424 4733 Amen.

1091 4793 1349 4851 ORATIO
1402 4797 1462 4851 Il.

842 4906 1008 4963 Pater
1035 4918 1232 4973 noster,
1255 4910 1348 4979 qui
1374 4926 1428 4965 es
1457 4910 1513 4964 in
1544 4909 1711 4965 caelis.

548 5028 689 5087 Cum
714 5043 948 5101 magnus
973 5030 1068 5086 ille
1095 5029 1313 5102 Moyses
1340 5031 1406 5086 ad
1436 5047 1557 5088 eam
1589 5048 1874 5091 sacrorum
1901 5035 2070 5092 disci-

457 5122 711 5193 .pliuam,
772 5138 896 5194 qua:
956 5123 1012 5178 in
1067 5133 1259 5180 monte
1318 5125 1734 5194 instituebatur,
1804 5131 2069 5201 populum

480 5216 838 5271 lsraeliticum
870 5215 1188 5278 adduceret,
1241 5231 1351 5272 non
1394 5218 1554 5288 prius
1587 5235 1683 5276 eos
1718 5223 2069 5292 apparitione

476 5304 572 5361 Dei
607 5305 803 5379 dignos
852 5305 1142 5377 judicavit,
1194 5307 1393 5378 quam'
1426 5309 1633 5366 indicta
1683 5312 2070 5369 observatione

477 5399 773 5463 castitatis,
803 5406 859 5454 et
893 5401 1216 5470 aspersione
1238 5415 1416 5471 aquae,
1462 5402 1671 5473 pepulo
1723 5404 2067 5473 puriﬁcatio-

476 5503 601 5545 nem
646 5490 762 5561 lege
789 5488 1067 5546 sanxisset
1098 5509 1111 5544 :
1148 5505 1213 5545 ac
1245 5504 1314 5547 ne
1367 5491 1450 5547 sic
1478 5492 1700 5562 quidem
1737 5495 1935 5551 divina:
1961 5510 2059 5565 po-

477 5581 660 5635 tentiae
721 5582 1118 5652 apparitionem
1148 5584 1554 5649 sustinuerunt,
1594 5584 1690 5639 sed
1731 5586 1798 5639 ad
1845 5601 2064 5640 omnem

2807 4808 3026 4863 ΛΟΓΟΣ
3062 4807 3137 4864 B'.

2451 4919 2644 4989 Πάτερ
2676 4919 2847 4989 ἡμῶν
2874 4924 2909 4975 ό
2944 4921 3014 4975 ἐν
3041 4921 3166 4989 τοῖς
3197 4923 3494 5001 οὐρανοῖς.

2256 5042 2385 5097 Ὅτε
2420 5045 2700 5116 προσῆγεν
2724 5046 2755 5099 ὁ
2784 5046 2960 5117 μέγας
2987 5046 3231 5118 Μωῦσῆς
3268 5051 3335 5120 τῇ
3370 5052 3509 5103 κατά
3550 5050 3611 5104 τὸ
3645 5051 3774 5123 ὅρος

2182 5136 2548 5207 μυσταγωγίᾳ
2575 5139 2665 5191 τὸν
2712 5136 3050 5211 Ἰσραηλίτην
3085 5138 3233 5203 λαὸν,
3277 5141 3340 5193 οὐ
3381 5141 3644 5214 πρότερον
3673 5143 3775 5197 αὗ-

2175 5224 2303 5287 τοὺς
2348 5226 2451 5296 τῆς
2482 5225 2817 5295 ’θεοφανείας
2857 5226 3109 5297 ἠξίωσεν,
3160 5227 3292 5298 πρὶν
3330 5230 3520 5301 ἁγνείᾳ
3568 5247 3630 5283 τε
3678 5229 3773 5281 καὶ

2177 5317 2627 5389 περιρῤαντισμῷ
2672 5318 3031 5390 νομοθετῆσαι
3065 5317 3145 5390 τῷ
3176 5319 3291 5391 λαῷ
3330 5321 3393 5374 τὸ
3432 5320 3767 5389 καθάρσιον·

2173 5407 2269 5460 καὶ
2300 5407 2423 5461 οὐδὲ
2451 5408 2626 5473 οὕτως
2654 5407 2967 5481 ἐθάρσησαν
3010 5410 3113 5481 τῆς
3156 5410 3308 5472 θείας
3353 5407 3633 5479 δυνάμεως
3664 5410 3772 5482 τὴν

2173 5497 2496 5566 ἐμφάνειαν,
2527 5498 2668 5552 ἀλλά
2698 5498 2837 5568 πρὸς
2869 5499 2978 5552 πᾶν
3012 5495 3436 5567 κατεπλάγησαν
3475 5495 3536 5548 τὸ
3570 5497 3772 5565 φαινό-

2175 5604 2355 5658 μενον,
2385 5589 2446 5642 τὸ
2476 5589 2607 5660 πῦρ,
2639 5589 2732 5642 τὸν
2763 5588 2981 5658 γνόφον,
3010 5587 3103 5642 τὸν
3141 5587 3368 5654 καπνὸν,
3402 5586 3502 5650 τὰς
3532 5586 3770 5658 σάλπιγ.

479 5667 670 5723 faciem
703 5679 758 5725 et
809 5680 1093 5741 aspectum
1144 5688 1359 5739 eorum,
1417 5689 1542 5743 quae
1587 5676 1946 5746 apparebant,
1998 5675 2064 5729 ad

2191 5698 2273 5749 (at;
2294 5697 2308 5711 '
2343 5680 2437 5735 καὶ
2459 5682 2595 5754 πρὸς
2611 5680 2832 5746 τούτους
2861 5680 3024 5734 πάλιν
3054 5680 3445 5751 ἀποστραφεὶς,
3461 5678 3647 5749 ἠξίουν
3674 5681 3771 5736 τὴν

474 5755 681 5828 ignem,
712 5758 781 5814 ad
811 5761 1121 5832 caliginem,
1152 5764 1220 5819 ad
1250 5763 1481 5833 fumum,
1529 5764 1596 5821 ad
1627 5767 1808 5833 tubas,
1842 5766 2060 5823 attoniti

2171 5770 2470 5851 νομοθέτην
2501 5774 2683 5837 αὐτοῖς
2718 5773 2945 5845 μεσίτην
2974 5770 3222 5844 γενέσθαι
3263 5770 3355 5825 τοῦ
3387 5770 3529 5826 θείου
3558 5771 3767 5845 βουλή-
