4018 6420
248 492 405 550 “37'
506 488 513 491 ’

1173 495 1262 551 DE
1300 492 1650 550 ORATIONE
1689 493 2040 552 DOMINICA.
2080 525 2150 538 -——
2186 493 2543 568 ORATIOJI.
2606 529 2612 536 -

3360 489 3497 546 H38

248 620 444 675 ματος,
472 605 549 671 ὡς
586 607 685 679 οὑχ
728 608 916 681 ίκανῆς
967 611 1131 683 ούσης
1180 612 1279 682 τῆς
1326 612 1608 683 δυνάμεως
1649 613 1828 667 αὑτῶν

1936 621 2093 684 atque
2123 614 2358 684 perculsi
2387 621 2516 669 sunt
2545 632 2558 667 :
2594 619 2648 667 et
2689 610 2753 665 ad
2788 625 2907 666 sese
2940 625 3136 665 rursus
3166 611 3392 673 reversi,
3423 610 3496 663 lc-

248 695 612 765 προσεγγίσαι
638 698 717 769 τῷ
746 698 885 770 Θεῷ,
917 700 1011 753 καὶ
1034 700 1183 754 θείαν
1211 701 1512 771 ἐμφάνειαν
1548 701 1821 768 δέξασθαι.

261 787 322 840 ’0
345 786 403 841 δὲ
431 788 695 862 ἡμέτερος
732 789 1044 860 νομοθέτης,
1081 791 1174 844 καὶ
1202 792 1403 862 Κύριος
1429 791 1587 862 ἡμῶν
1623 791 1826 862 Ἰησοῦς

247 878 504 951 Χριστὸς,
560 879 855 951 προσάγειν
891 883 1040 951 ἡμᾶς
1091 885 1156 954 τῇ
1209 883 1328 954 θείᾳ
1367 885 1547 955 χάριτι
1597 884 1823 955 μέλλων,

247 970 373 1041 οὐχὶ
406 970 617 1024 Σίναιον
647 973 779 1042 ἡμῖν
808 973 933 1043 ὅρος
962 973 1040 1043 τῷ
1068 974 1211 1045 λόγῳ
1238 976 1624 1045 παραδείκνυσι
1645 977 1827 1047 γνόφῳ

248 1060 685 1133 κεκαλυμμένον,
715 1062 809 1116 καὶ⁵
841 1064 976 1134 πυρὶ
1009 1050 1422 1133 καπνιζόμενον,
1450 1066 1571 1121 οὑδὲ
1600 1066 1829 1136 σαλπίγ-

249 1146 366 1218 γων
409 1150 614 1221 φωνὰς,
648 1153 859 1224 ἄσημόν
902 1171 956 1208 τι
985 1155 1078 1209 καὶ
1115 1158 1555 1228 καταπληκτικὸν
1583 1158 1828 1229 ἀπηχού-

252 1255 375 1304 σας,
402 1240 522 1294 οὐδὲ
562 1241 881 1313 τριημέροις
923 1244 1185 1312 ἁγνείαις,
1221 1246 1316 1298 καὶ
1346 1245 1496 1299 ὕδατι
1543 1246 1712 1318 ῥύπον
1737 1248 1830 1302 ὲκ·-

250 1330 508 1385 πλύνοντι
552 1331 652 1404 τὴν
701 1333 880 1405 ψυχὴν
934 1335 1269 1406 ἐκκαθάρας,
1324 1337 1444 1391 οὑδὲ
1498 1340 1689 1395 πᾶσαν.
1728 1340 1828 1412 τὴν

248 1422 551 1492 ἐκκλησίαν
581 1424 639 1478 ὲν
667 1426 733 1496 τῇ
783 1425 1032 1497 ὑπωρείᾳ
1064 1426 1397 1495 καταλιπὼν,
1431 1429 1511 1482 ένὶ
1548 1429 1694 1501 μόνῳ
1729 1430 1828 1501 τὴν

249 1509 439 1564 ἄνοδον
486 1509 580 1564 ἐπὶ
623 1511 724 1582 τὴν
766 1514 1011 1584 κορυφὴν
1043 1514 1138 1567 τοῦ
1172 1515 1331 1586 ὅρους
1379 1514 1683 1589 χαρίζεται,
1729 1518 1826 1591 τὴν

251 1600 677 1673 κεκαλυμμένην
722 1603 802 1674 τῷ
844 1605 1029 1676 γνόφῳ
1058 1605 1136 1677 τῷ
1172 1611 1270 1679 τὴν
1306 1607 1468 1675 δόξαν
1497 1607 1632 1663 Θεοῦ
1673 1627 1829 1680 περι-

251 1688 547 1759 κρύπτοντι
569 1708 584 1724 °
616 1691 755 1747 ἀλλὰ
795 1693 1011 1766 πρῶτον
1061 1696 1159 1766 μὲν
1194 1698 1315 1751 ἀντὶ
1345 1697 1440 1751 τοῦ
1481 1698 1639 1771 ὅρους
1666 1700 1827 1754 αὑτὸν

249 1780 444 1848 ἀνάγει
469 1781 560 1836 τὸν
585 1782 832 1855 οὐρανὸν,
864 1784 1023 1856 βατὸν
1050 1789 1163 1850 τοῖς
1199 1787 1506 1858 ἀνθρώποις
1530 1790 1694 1845 αὐτὸν
1737 1790 1828 1845 διὰ

249 1871 354 1942 τῆς
378 1872 578 1943 ἀρετῆς
608 1877 988 1947 καταστήσας·
1018 1877 1203 1932 ἔπειτα
1243 1879 1300 1934 δὲ
1331 1881 1392 1934 οὑ
1428 1880 1627 1945 θεατὰς
1668 1882 1827 1954 μόνον

252 1960 355 2030 τῆς
383 1960 532 2026 θείας
560 1963 861 2035 δυνάμεως,
898 1967 1038 2021 ἀλλά
1082 1969 1177 2023 καὶ
1207 1971 1495 2034 κοινωνοὺς
1523 1971 1828 2043 άπεργάζε-
1859 1965 1901 2021 Β

253 2067 369 2118 ται,
401 2053 497 2106 καὶ
537 2055 617 2119 είς
648 2057 963 2126 συγγένειαν
985 2059 1185 2131 τρόπον
1212 2061 1332 2116 τινά
1369 2062 1470 2133 τῆς
1502 2063 1833 2136 ὑπερκειμέ-
1871 2088 1883 2099 ·

252 2157 357 2214 νητ
383 2143 592 2212 φύσεως
618 2147 745 2211 τοὺς
768 2150 1087 2220 προσιόντας
1114 2152 1236 2220 άγει
1257 2170 1272 2183 ·
1304 2153 1424 2208 οὐδὲ
1455 2155 1638 2226 γνόφῳ
1663 2173 1832 2211 κατα-

250 2233 489 2306 κρύπτει
540 2236 639 2309 τὴν
690 2240 1062 2312 ὑπερέχουσαν
1109 2243 1290 2310 δόξαν,
1336 2244 1412 2310 ὡς
1456 2246 1833 2319 δυσθεώρητον

250 2326 368 2389 τοῖς
390 2325 747 2399 άναζητοῢσιν
790 2326 954 2400 εἶναι,
988 2332 1124 2388 ἀλλὰ
1153 2334 1233 2405 τῷ
1272 2336 1535 2407 τηλαυγεῖ
1560 2341 1699 2409 φωτὶ
1730 2341 1832 2412 τῆς

250 2414 602 2482 διδασκαλίας
628 2418 721 2473 τὸν
764 2421 961 2491 γνόφον
1005 2426 1411 2494 καταφωτίσας,
1444 2429 1539 2483 ἐπὶ
1569 2430 1831 2503 λαμπρᾶς

250 2505 474 2578 αἰθρίας
521 2512 633 2574 τοῖς
687 2511 948 2585 καθαροῖς
992 2514 1091 2586 τὴν
1129 2517 1376 2589 καρδίαν,
1413 2519 1513 2591 τὴν
1556 2519 1832 2592 ἄφραστον

252 2598 414 2662 δόξαν
442 2599 779 2672 καθορᾶσθαι
822 2604 1108 2676 ἐποίησενθ
1159 2606 1305 2679 ὕδωρ
1342 2609 1400 2664 δὲ
1435 2612 1828 2683 περιῤῥαίνειν,

252 2689 360 2741 οὑκ
397 2688 459 2754 ἐξ
488 2690 783 2763 ἀλλοτρίων
821 2694 1099 2765 ναμάτων,
1146 2697 1283 2751 ἀλλὰ
1318 2698 1380 2753 τδ
1402 2700 1462 2753 ὲν
1491 2702 1625 2772 ἡμῖν
1650 2703 1831 2768 αὐτοῖς

251 2779 526 2852 ἀναόρύον
590 2781 905 2853 χαρίζεται,
957 2784 1068 2839 εἴτε
1117 2787 1215 2852 τὰς
1259 2789 1370 2843 τῶν
1415 2790 1707 2863 ὀφθαλμῶν
1747 2811 1832 2858 τις

251 2871 403 2940 λέγει
436 2873 639 2943 πηγάς,
672 2876 781 2929 εἴτε
826 2876 925 2948 τὴν
970 2867 1217 2949 καθαρὰν
1243 2881 1344 2951 τῆς
1382 2884 1612 2954 καρδίας
1655 2887 1834 2939 συνεί-

251 2958 430 3029 δησιν,
466 2960 734 3032 μηδεμίαν
766 2963 879 3019 ίλὺν
907 2966 1015 3019 ἀπὸ
1040 2968 1137 3038 τῆς
1174 2969 1398 3040 ἐννόμου
1441 2972 1550 3027 τῶν
1576 2974 1833 3045 γαμετῶν

250 3049 494 3121 ὁμιλίας,
543 3053 657 3107 ἀλλ’
689 3054 798 3108 ἀπὸ
848 3056 1030 3129 πάσης
1067 3059 1259 3131 ὑλικῆς
1303 3079 1364 3118 τε
1414 3065 1509 3119 καὶ
1555 3066 1833 3137 ὲμπαθοῦς

250 3141 547 3208 διαθέσεως
593 3144 992 3219 νομοθετήσας,
1056 3148 1200 3205 οὕτω
1267 3154 1533 3224 προσάγει
1591 3156 1679 3211 διὰ
1733 3159 1834 3229 τῆς

253 3234 566 3319 προσευχῆς
590 3235 669 3306 τῷ
697 3236 837 3308 Θεῷ.
869 3237 1017 3311 Αὕτη
1045 3241 1153 3315 γὰρ
1185 3242 1292 3297 τῶν
1322 3246 1585 3316 ῥημάτων
1675 3249 1834 3304 δύνα-

255 3340 371 3394 μις,
396 3323 463 3377 δι’
493 3317 569 3380 ὧν
591 3327 712 3397 οὐχὶ
747 3329 930 3398 φωνάς
952 3347 1105 3396 τινας
1134 3333 1193 3388 ὲν
1239 3335 1529 3403 συλλαϐαῖς
1558 3317 1834 3409 ὲκςρωνου-

256 3412 429 3483 μένας
461 3413 803 3486 μανθάνομεν
844 3415 933 3471 διὰ
955 3417 1048 3472 τοῦ
1082 3418 1265 3487 λόγου,
1299 3421 1415 3476 ἀλλ’
1449 3424 1692 3479 ἐπίνοιαν
1735 3431 1834 3499 τῆς

254 3504 395 3574 πρὸς
426 3505 518 3559 τὸν
551 3505 683 3561 Θεὸν
711 3507 1030 3574 ἀναϐάσεως
1060 3510 1132 3565 δι⁸
1153 3511 1363 3585 ὑψηλῆς
1404 3515 1680 3580 πολιτείας
1703 3536 1834 3573 κατ-

252 3596 614 3669 ωρθωμένην.

1928 703 2242 774 gislatorcm
2283 702 2566 774 rogabant,
2595 710 2656 756 ut
2687 702 2735 757 is
2763 700 3030 757 mediator
3062 698 3200 768 ipsis
3242 706 3297 751 et
3326 697 3497 751 inter-

1928 795 2155 851 nuntius
2182 796 2379 850 divina:
2412 793 2707 848 voluntatis
2733 793 3045 857 exsisteret,
3073 789 3230 861 quasi
3254 789 3496 858 ipsorum

1932 884 2072 938 vires
2106 883 2172 937 ad
2204 880 2750 952 appropinquandum
2795 879 2925 946 Deo,
2952 878 3302 947 divinamque
3334 882 3501 946 appa-

1928 975 2182 1029 ritionem
2219 972 2617 1043 excipiendam,
2652 971 2786 1026 satis
2823 971 3032 1025 idoneae
3062 968 3499 1036 sullicientesque

1929 1080 2039 1119 non
2065 1065 2334 1120 essent”.
2360 1064 2430 1118 At
2461 1071 2650 1118 noster
2682 1063 2981 1133 legislator,
3015 1062 3282 1115 Dominus
3311 1069 3501 1113 noster

1927 1153 2088 1209 Jesus
2124 1153 2401 1217 Christus,
2438 1153 2505 1206 ad
2540 1151 2779 1205 divinam
2827 1151 3057 1222 gratiam
3103 1166 3204 1204 nos
3234 1149 3501 1204 adductu-

1930 1261 2046 1307 rus,
2076 1261 2182 1300 non
2208 1253 2448 1299 montem
2481 1242 2632 1298 Sinai
2670 1243 2830 1298 nobis
2871 1244 3101 1313 caligine
3125 1241 3421 1297 obductum
3447 1247 3502 1295 et

1931 1338 2055 1408 igne
2083 1336 2435 1406 fumigantcm
2486 1335 2734 1389 oratione
2765 1341 3163 1404 praemonstrat,
3210 1347 3386 1401 neque
3417 1340 3503 1384 tu-

1931 1429 2123 1485 barum
2156 1443 2319 1484 voces
2355 1428 2649 1482 obscurum
2688 1427 2950 1497 quiddam
2993 1436 3157 1496 atque
3205 1426 3500 1479 terriﬁcum

1929 1528 2272 1582 resonantes,
2323 1534 2501 1589 neque
2543 1517 2708 1573 tridui
2757 1518 3034 1581 castitate,
3060 1524 3113 1571 et
3145 1530 3286 1585 aqua
3312 1515 3504 1570 sordes

1928 1615 2146 1670 eluente
2171 1614 2411 1668 animam
2436 1617 2722 1682 expurgat,
2754 1624 2931 1680 neque
2966 1609 3113 1678 omni
3143 1608 3408 1662 concione
3434 1603 3503 1660 ad

1928 1706 2141 1760 radices
2173 1703 2375 1759 montis
2403 1703 2613 1768 relicta,
2643 1701 2739 1756 uni
2776 1701 2881 1756 soli
2909 1698 2977 1753 ad
3005 1713 3271 1753 cacumen
3298 1697 3501 1751 montis

1928 1796 2159 1867 caligine
2196 1793 2421 1866 gloriam
2456 1792 2546 1847 Dei
2593 1798 2808 1862 tegente
2851 1789 3272 1854 circumfusum,
3313 1803 3505 1842 ascen-

1929 1901 2049 1944 sum
2101 1886 2353 1957 largitur,
2405 1883 2497 1940 sed
2529 1884 2765 1955 primum
2817 1881 3037 1951 quidem
3084 1895 3182 1950 pro
3216 1889 3401 1933 monte
3432 1876 3500 1932 ad
3535 1880 3541 1886 ’

1931 1978 2109 2049 ipsum
2139 1978 2363 2046 coelum,
2422 1975 2567 2046 quod
2605 1989 2701 2045 per
2727 1973 2982 2028 virtutem
3021 1971 3268 2042 pervium
3324 1969 3507 2023 homi-

1929 2067 2090 2123 nibus
2117 2066 2314 2131 eil‘ecit,
2344 2064 2622 2131 subducit;
2641 2061 2836 2117 deinde
2852 2075 2983 2116 vero
3013 2075 3123 2114 non
3169 2066 3507 2128 spectatores

1931 2159 2107 2214 solum
2141 2158 2337 2213 divinae
2365 2157 2636 2227 potentiae,
2664 2153 3018 2209 verumetiam
3051 2150 3233 2207 socios
3281 2156 3335 2205 ct
3381 2164 3507 2219 par-

1930 2251 2122 2321 ticipes
2171 2249 2321 2313 facit,
2360 2258 2412 2304 et
2447 2248 2511 2303 ad
2554 2247 2939 2314 cognationem
2972 2240 3376 2314 quodammodo
3412 2255 3507 2295 su-

1930 2356 2114 2413 pernae
2159 2347 2366 2394 naturae
2420 2336 2745 2393 accedentes
2801 2333 2953 2389 ducit
2997 2351 3012 2388 :
3050 2346 3230 2402 neque
3266 2328 3507 2400 caligine

1929 2419 2331 2504 praecellentem
2381 2429 2611 2501 gloriam
2664 2426 2976 2491 abscondit,
3028 2431 3089 2479 ut
3130 2423 3503 2493 contemplatu

1929 2525 2166 2581 difﬁcilis
2199 2521 2604 2594 requirentibus
2633 2519 2704 2575 sit
2736 2538 2748 2573 :
2784 2517 2877 2573 sed
2903 2518 3054 2572 claro
3077 2515 3284 2571 lumine
3313 2514 3510 2570 doctri-

1930 2633 2015 2672 nae
2047 2617 2279 2687 caligine
2315 2614 2589 2676 discussa,
2629 2612 2682 2665 in
2721 2610 2903 2665 lucida
2941 2622 3006 2662 ac
3036 2605 3324 2677 splendida
3356 2618 3506 2659 sere-

1932 2709 2101 2762 nitate
2144 2721 2281 2777 puro
2315 2705 2481 2759 corde
2514 2703 2759 2772 prmditis
2796 2696 3224 2755 inenarrabilem
3275 2694 3506 2765 gloriam

1931 2795 2376 2868 conspiciendam
2440 2793 2673 2864 praebet;
2723 2804 2921 2860 aquam
2965 2795 3147 2841 autem
3202 2785 3268 2839 ad
3316 2797 3507 2852 asper-

1932 2887 2193 2961 gendum,
2244 2901 2356 2941 non
2405 2900 2472 2940 ex
2525 2882 2719 2938 alienis
2758 2881 2912 2946 rivis,
2965 2878 3060 2933 sed
3096 2878 3152 2931 in
3178 2875 3338 2931 nobis
3375 2871 3511 2943 ipsis

1933 2978 2321 3035 scaturientem
2348 2975 2602 3046 largitur,
2665 2973 2779 3028 sive
2826 2970 3112 3026 oculorum
3160 2966 3286 3037 quis
3333 2964 3511 3017 fontes

1932 3069 2098 3133 dicat,
2162 3068 2278 3124 sive
2308 3081 2501 3137 puram
2563 3063 2747 3119 cordis
2799 3059 3197 3117 conscientiam
3238 3056 3448 3111 nullum
3480 3070 3511 3107 a

1934 3159 2230 3215 vitiositate
2277 3167 2441 3227 atque
2480 3154 2689 3209 malitia
2733 3153 2923 3207 limum
2972 3148 3321 3203 invehentem
3361 3158 3512 3197 :non

1936 3253 2113 3308 solum
2148 3256 2329 3305 autem
2360 3264 2391 3301 a
2422 3247 2570 3301 licita
2597 3260 2833 3300 uxorum
2860 3239 3284 3300 consuetudine,
3308 3234 3405 3292 sed
3444 3235 3514 3288 ab

1939 3340 2087 3397 omni
2124 3338 2390 3394 materiali
2428 3337 2636 3406 pariter
2667 3349 2731 3388 ac
2772 3332 2967 3386 vitiosa
3019 3326 3306 3383 aﬂ‘ectione
3357 3324 3511 3377 insti-

1940 3439 2053 3486 tuta
2075 3430 2335 3502 puritate,
2365 3428 2441 3482 ita
2479 3442 2577 3497 per
2607 3425 2912 3479 orationem
2946 3420 3198 3475 homines
3240 3415 3308 3470 ad
3341 3414 3512 3469 Deum

1940 3514 2177 3577 adducit.
2211 3519 2337 3574 Haec
2370 3525 2452 3574 est
2491 3517 2637 3572 enim
2672 3514 2963 3569 verborum
3008 3512 3113 3576 vis,
3162 3509 3362 3580 quibus
3404 3521 3517 3560 non

1937 3627 2101 3668 voces
2124 3610 2413 3681 quasdam,
2465 3622 2589 3678 qua:
2641 3621 2737 3677 per
2795 3604 3033 3675 syllabas
3073 3599 3516 3670 pronuntiantur,

254 3702 356 3758 per
398 3703 706 3753 sermonem
744 3690 1035 3761 discimus,
1103 3692 1202 3750 sed
1230 3695 1498 3752 rationem
1522 3699 1848 3759 ascendendi
1877 3704 1947 3760 ad
2002 3704 2192 3769 Deum,
2250 3718 2346 3773 per
2387 3701 2620 3758 sublime
2689 3698 2999 3753 institutum
3044 3693 3171 3746 vitae
3210 3687 3515 3745 confectam

253 3786 314 3838 et
344 3780 670 3850 expeditam.

334 3872 551 3937 Ἔξεστι
594 3873 652 3927 δὲ
698 3873 768 3927 δι’
795 3874 976 3929 αὐτῶν
1018 3875 1126 3931 τῶν
1162 3877 1263 3949 τῆς
1311 3881 1622 3953 προσευχῆς
1662 3881 1837 3950 λόγων

256 3966 361 4036 τὴν
390 3964 538 4019 θείαν
569 3966 954 4036 μυσταγωγίαν
980 3970 1331 4041 κατανοῆσαι.
1369 3972 1547 4027 Ὅταν
1586 3976 1841 4042 προσεύ-

258 4060 473 4128 χησθε,
494 4057 676 4127 φησίν·
702 4058 805 4112 οὑκ
831 4054 1005 4124 εἶπεν,
1032 4060 1201 4114 Ὅταν
1218 4060 1475 4133 εύχησθε,
1503 4065 1640 4131 ἀλλ’,
1664 4067 1842 4121 Ὅταν

257 4147 701 4215 προσεύχησθεο
732 4145 807 4210 ὡς
833 4145 926 4199 τοῦ
957 4146 1099 4201 κατά
1140 4148 1241 4220 τὴν
1279 4149 1444 4221 εὐχὴν
1472 4150 1570 4223 ἤδη
1605 4169 1843 4222 προκατ-

254 4235 565 4308 ορθωθῆναι
617 4239 1005 4309 προσήκοντος,
1064 4238 1196 4309 πρὶν
1256 4239 1344 4293 διὰ
1389 4241 1495 4311 τῆς
1535 4243 1842 4314 προσευχῆς

254 4325 340 4397 τῷ
367 4326 487 4397 Θεῷ
514 4326 892 4398 προσεγγίσαι.
930 4328 1028 4393 Τίς
1070 4329 1129 4383 δὲ.
1176 4328 1285 4382 τῶν
1316 4330 1599 4403 ὀνομάτων
1638 4332 1842 4387 τούτων

257 4416 404 4473 κατά
439 4416 502 4471 τὸ
528 4417 922 4489 σημαινόμενόν
959 4421 1077 4473 ἐστι
1115 4419 1381 4493 διαφορά;
1410 4423 1532 4477 Ὀτι
1558 4423 1693 4494 εὐχὴ
1740 4423 1842 4495 μέν

256 4510 408 4565 ἐστιν
439 4509 741 4579 ἐπαγγελία
770 4509 917 4573 τινὸς
953 4509 1061 4565 τῶν
1090 4511 1211 4565 κατ’
1239 4511 1568 4585 εὐσέϐειῐανι
1589 4515 1842 4586 ἀφιερου-

2015 3881 2166 3937 Licet
2198 3888 2378 3936 autem
2405 3892 2503 3950 per
2538 3879 2657 3948 ipsa
2705 3875 2869 3930 verba
2896 3875 3163 3931 orationis
3184 3889 3519 3947 cognoscere

1944 3974 2187 4029 divinam
2209 3986 2491 4028 sacrorum
2526 3968 2874 4038 disciplinam
2899 3977 3062 4040 atque
3095 3969 3518 4028 institutionem.

1946 4066 2078 4122 Cum
2102 4063 2482 4133 oratis,inquit
2501 4061 2567 4125 ³⁸,
2596 4075 2708 4116 non
2733 4060 3033 4126 dixit,61av
3058 4059 3313 4132 εῠχησθε,
3338 4061 3390 4116 id
3413 4071 3520 4124 est,

1949 4170 2073 4212 cum
2107 4164 2233 4211 vota
2266 4154 2466 4220 facitis,
2488 4153 2607 4222 sed,
2629 4156 2759 4210 ὅταν
2774 4154 3173 4225 προσεύχησθε,
3202 4154 3257 4209 id
3281 4163 3367 4210 est
3396 4171 3520 4208 cum

1947 4247 2151 4308 oratis;
2185 4245 2346 4313 quasi
2373 4244 2450 4308 id,
2473 4244 2621 4315 quod
2661 4243 2727 4297 ad
2751 4251 2936 4299 votum
2985 4245 3239 4313 pertinet,
3280 4243 3521 4298 oﬂicium

1943 4337 2056 4407 jam
2110 4342 2239 4391 ante
2298 4335 2598 4405 praestitum
2657 4348 2781 4389 esse
2834 4334 3147 4398 conveniat,
3198 4334 3523 4402 priusquam

1948 4442 2044 4498 per
2071 4426 2375 4481 orationem
2411 4424 2560 4481 Deus
2591 4423 2841 4479 adeatur.
2895 4422 3002 4478 Sed
3037 4437 3287 4494 quamam
3323 4423 3522 4476 horum

1949 4520 2251 4591 nominum,
2286 4515 2429 4587 quod
2480 4515 2547 4570 ad
2595 4513 3053 4584 signiﬁcationem
3103 4514 3321 4578 attinet,
3374 4511 3523 4567 dill‘e-

261 4600 461 4673 μένων·
495 4601 769 4672 προσευχὴ
790 4600 848 4654 δὲ
875 4601 1092 4673 αῐτησις
1109 4601 1349 4670 ἀγαθῶν,
1387 4602 1525 4673 μετὰ
1560 4604 1836 4674 ἱκετηρίας

1943 4606 2157 4662 rentia?
2187 4606 2344 4677 εὐχή,
2380 4604 2437 4660 id
2468 4611 2574 4666 est,
2632 4610 2816 4658 votum
2869 4601 3088 4671 quidem
3118 4600 3415 4671 promissio
3441 4609 3526 4656 cst

258 4692 649 4766 προσαγομένη
676 4692 816 4765 Θεῷ.
860 4694 1014 4747 Ἐπεὶ
1040 4688 1133 4747 οὖν
1165 4695 1477 4765 παρρησίας
1506 4696 1637 4766 ἡμῖν
1657 4695 1839 4766 χρεία,

257 4785 391 4839 ὅταν
420 4785 732 4857 προσίωμεν
763 4784 913 4861 Θεῷ,
949 4785 1050 4849 τὰς
1091 4786 1231 4857 ὑπὲρ
1275 4785 1385 4839 τῶν
1422 4785 1842 4841 λυσιτελούντων

261 4875 544 4947 ἱκετηρίας
573 4874 909 4947 ποιούμενοι,
941 4875 1257 4944 ἀναγκαίως
1286 4874 1348 4929 τὸ
1377 4875 1519 4930 κατὰ
1546 4874 1645 4947 τὴν
1679 4875 1844 4947 εὐχὴν

259 4964 667 5037 προηγήσεται,
741 4964 829 5017 ἵνα
877 4964 940 5018 τὸ
1002 4966 1131 5035 παρ’
1180 4962 1387 5018 ἑαυτῶν
1439 4964 1842 5028 ἐκτελέσαντες,

259 5055 437 5120 οὕτως
485 5053 836 5128 θαρσοῦντες,
882 5054 946 5109 τὸ
994 5054 1147 5125 παρά
1196 5054 1292 5108 τοῦ
1343 5053 1478 5108 Θεοῦ
1534 5052 1840 5108 ἀπιλαόεῖν

260 5145 611 5218 ἀξιώσωμεν.
658 5146 752 5201 Διό
776 5162 941 5218 φησιν
978 5148 1007 5201 ὁ
1046 5145 1357 5218 Προφήτης,
1384 5146 1467 5201 δτι
1507 5145 1626 5214 Τὰς
1658 5145 1845 5216 εὐχάς

257 5256 381 5310 μου
408 5238 700 5294 ἀποδώσω
737 5253 857 5299 σοι.
891 5237 966 5305 ἃς
1010 5237 1305 5292 διέστειλε
1346 5237 1422 5292 τὰ
1471 5239 1671 5309 χείλη·
1685 5254 1839 5309 μου·

262 5330 384 5394 καὶ,
417 5329 717 5396 Εῦξασθε,
745 5330 844 5384 καί
878 5329 1133 5384 ἀπόδοτε
1164 5330 1360 5399 Κυρίῳ
1391 5329 1473 5397 τῷ
1505 5329 1627 5398 Θεῷ
1647 5331 1839 5401 ἡμῶν.

263 5421 383 5477 Καὶ
417 5420 681 5492 πολλαχοῦ
722 5423 822 5492 τῆς
850 5421 1075 5494 Γραφῆς
1110 5420 1210 5492 τὴν
1234 5418 1490 5491 τοιαύτην
1534 5419 1684 5475 ἐστιν
1714 5420 1840 5475 ίδεῖν

262 5514 368 5583 τῆς
398 5512 561 5583 εὐχῆς
601 5511 897 5583 σημασίαν,
927 5512 1003 5576 ὡς
1029 5512 1231 5581 γνῶναι
1274 5513 1441 5584 ἡμᾶς,
1471 5513 1552 5567 ὃτι
1579 5511 1713 5584 εὐχὴ
1743 5514 1842 5584 μέν

262 5605 408 5666 ἐστι,
440 5601 621 5669 καθὼς
652 5602 888 5676 εἴρηται,
920 5606 1285 5678 χαριστήριοςπ
1308 5603 1645 5676 δωροφορίας
1672 5606 1843 5674 ἐπαγ-

262 5694 445 5768 γελία·
478 5694 513 5766 ἡ
540 5694 597 5748 δὲ
633 5693 928 5765 προσευχὴ,
959 5694 1060 5765 τὴν
1092 5696 1229 5766 μετὰ
1256 5694 1354 5767 τὴν
1377 5694 1721 5769 ἐκπλήρωσιν
1743 5697 1842 5767 τῆς

1944 4692 2183 4762 alicujus
2210 4693 2310 4757 rei,
2336 4708 2459 4761 qua:
2497 4690 2718 4760 pietatis
2747 4691 2969 4745 nomine
3015 4689 3301 4745 dedicetur
3338 4699 3393 4746 ct
3429 4703 3523 4746 sa-

1943 4785 2055 4841 cris
2104 4782 2755 4853 (Ιοειίηειυι-επροσευχή
2791 4788 2997 4848 autem,
3052 4780 3109 4835 id
3155 4788 3260 4847 est,
3322 4780 3523 4846 oratio,

1944 4882 2030 4931 est
2063 4875 2254 4946 petitio
2285 4875 2580 4939 bonorum,
2628 4887 2751 4943 quae
2804 4871 2917 4927 Deo
2956 4887 3080 4928 cum
3121 4871 3526 4942 supplicatione

1945 4966 2202 5024 oll‘ertur.
2230 4965 2504 5032 Quoniam
2556 4964 2725 5035 igitur
2757 4962 2960 5021 ﬁducia
2989 4962 3173 5031 nobis,
3238 4972 3299 5017 ut
3350 4962 3525 5017 libere

1945 5060 2254 5129 loquamur,
2285 5062 2537 5127 opusest,
2556 5070 2681 5110 cum
2710 5054 3067 5126 supplicaturi
3090 5068 3187 5123 pro
3216 5051 3525 5108 commodis

1943 5149 2150 5207 nostris
2179 5147 2249 5202 ad
2277 5146 2450 5202 Deum
2491 5144 2828 5213 accedimus,
2886 5144 3221 5210 necessario,
3258 5140 3409 5213 quod
3450 5141 3521 5195 ad

1943 5247 2129 5296 votum
2166 5239 2424 5310 pertinet,
2454 5235 2691 5293 cilicium
2728 5235 3025 5307 praecedet,
3076 5243 3135 5291 ut
3159 5241 3252 5300 'eo,
3307 5234 3456 5303 quod
3493 5248 3525 5287 a

1949 5330 2110 5387 nobis
2133 5328 2385 5402 praestari
2414 5328 2663 5396 decebat,
2693 5327 2873 5384 oﬂicio
2902 5325 3099 5393 functi,
3153 5326 3233 5380 ita
3254 5325 3522 5394 deinceps

1947 5423 2289 5480 confidenter
2339 5422 2568 5478 invicem
2617 5435 2651 5475 a
2716 5419 2829 5475 Deo
2873 5418 3198 5476 beneﬁcium
3249 5425 3524 5487 petamus.

1948 5511 2312 5579 Quamobrem
2342 5510 2613 5581 Propheta
2647 5528 2661 5564 :
2708 5506 2843 5562 Vota
2874 5524 3012 5571 mea,
3076 5505 3277 5576 inquit,
3325 5505 3529 5573 persal-

1949 5619 2069 5658 vam
2116 5602 2232 5669 tibi,
2292 5617 2410 5673 qua:
2459 5599 2605 5655 labia
2651 5614 2770 5654 mea
2830 5603 3263 5666 nuncupaverunt
3284 5594 3360 5661 ³¹;
3418 5600 3523 5647 et:

1964 5694 2095 5750 Vota
2132 5693 2311 5763 facile,
2334 5708 2396 5747 ac
2426 5690 2702 5761 persolvite
2742 5688 2967 5743 Domina
2996 5688 3105 5741 Deo
3139 5693 3308 5741 vestra
3338 5684 3407 5738 ³³.
3446 5683 3524 5739 Ac

341 5870 392 5906 ‘°
429 5872 601 5929 Exod.
635 5888 760 5943 xix,
798 5874 867 5930 l5
889 5887 1009 5946 sqq.
1087 5875 1125 5907 “
1169 5874 1358 5932 Matth.
1392 5892 1481 5946 vi,
1517 5876 1583 5945 7;
1624 5876 1756 5934 Luc.
1787 5891 1874 5946 ιι,
1903 5876 1956 5932 2.
2035 5876 2079 5907 ”
2117 5872 2263 5932 Psal.
2299 5889 2425 5945 va,
2457 5873 2545 5929 15.
2622 5871 2666 5905 ³³
2703 5869 2847 5927 Psal.
2887 5883 3050 5936 uxv,
3084 5865 3171 5922 12.
