4018 6398
244 386 430 446 illi

1260 385 1350 440 DE
1389 384 1741 441 ORATIONE
1782 382 2129 440 DOMINICA.
2168 411 2235 422 —
2274 380 2535 439 ORATIO
2570 381 2638 439 ll.

3439 384 3580 442 1142

249 503 419 558 οὔτε
472 503 570 559 τοῦ
608 503 1100 576 περιτρεπομένου,
1151 505 1180 555 6
1222 501 1607 566 ἀναλλοίωτος·
1645 500 1769 554 οὔτε
1808 500 1901 554 τοῦ

2006 498 2153 553 illam
2181 512 2371 555 vocem
2404 496 2473 553 a'd
2512 496 2683 551 Deum
2717 497 2993 563 emittere,
3054 511 3118 554 ac
3151 498 3359 567 dicere,
3391 499 3574 558 Pater.

247 595 670 667 νεκρωθέντος
709 593 771 658 ἐξ
826 593 1124 664 ἁμαρτίας,
1158 593 1187 645 ὁ
1226 591 1407 664 πατὴρ
1434 592 1529 664 τῆς
1565 591 1741 664 ζωῆς·
1769 590 1894 645 οὔτε

256 684 406 737 τῶν
447 687 509 739 ὲν
564 687 677 748 τοῖς
731 682 928 738 πάθεσι
973 682 1070 753 τῆς
1106 683 1329 753 ἀτιμίας
1359 680 1833 753 ἀσχημονούντων,
1866 682 1897 734 6

263 776 548 848 καθαρὸς
574 776 667 828 καὶ
697 776 973 845 ἀκήρατος
998 789 1012 803 ·
1041 769 1165 826 οὔτε
1195 772 1289 826 τοῦ
1316 773 1661 838 πλεονέκτου,
1689 773 1717 827 ὁ
1737 770 1886 843 εὐερ-

265 868 474 937 γέτης
499 883 513 897 ’
537 866 661 920 οὔτε
684 866 821 930 ὅλως
842 864 951 920 τῶν
989 864 1047 918 έν
1080 882 1186 919 τινι
1222 864 1380 935 κακῷ
1416 864 1841 936 εὑρισκομένων,
1868 865 1898 917 6

263 958 342 1011 ἐν
386 956 561 1012 παντὶ
593 956 783 1029 ἀγαθῷ
812 956 1205 1029 θεωρούμενος.
1256 957 1321 1011 El
1352 956 1460 1028 γάρ
1495 974 1580 1020 τις
1604 942 1739 1027 πρὸς
1773 956 1898 1011 ἐαυ-

267 1048 387 1102 τὸν
414 1048 637 1119 βλέπων
686 1048 766 1102 ἔτι
811 1048 1112 1121 καθαρσίου
1149 1047 1424 1119 δεόμενος,
1468 1047 1565 1102 καὶ
1617 1045 1898 1119 μοχθηρὰν

269 1138 503 1196 ἑαυτοῦ
550 1138 856 1209 συνείδησιν
905 1137 1286 1207 ἐπιγινώσκων
1318 1136 1501 1209 πλήρη
1546 1135 1777 1207 κηλίδων
1806 1133 1899 1189 καὶ

274 1229 562 1302 πονηρῶν
582 1232 752 1299 ὲγκαυ
759 1228 966 1301 μάτων,
992 1230 1123 1300 πρὶν
1144 1228 1485 1301 καθαρθῆναι
1504 1228 1612 1282 τῶν
1640 1226 1898 1291 τοιούτων

272 1340 351 1375 τε
388 1322 493 1376 καὶ
508 1321 778 1377 τοσούτων
799 1320 1008 1386 κακῶν,
1024 1320 1162 1394 πρὸς
1194 1319 1292 1392 τὴν
1317 1319 1411 1373 τοῦ
1428 1319 1563 1374 Θεοῦ
1579 1318 1899 1389 συγγένειαν

275 1412 499 1467 ἑαυτὸν
555 1414 807 1481 εἰσποιοῖ,
869 1413 963 1466 καὶ
1019 1412 1195 1480 λέγοι,
1247 1410 1461 1485 Πάτερ,
1504 1410 1616 1483 τῷ.
1639 1410 1833 1482 δικαίῳ
1870 1412 1900 1465 6

275 1507 512 1571 ἀδικος,
537 1506 616 1579 τῷ
650 1504 877 1577 καθαρῷ
900 1507 929 1559 6
956 1504 1301 1576 ἀκάθαρτοςσ
1348 1503 1503 1578 ὕϐρις
1544 1504 1801 1576 ἄντικρυς
1833 1502 1899 1558 ἂν

279 1598 384 1669 εἴη
414 1599 516 1651 καὶ
544 1597 784 1670 λοιδορία
829 1597 896 1651 τὰ
924 1598 1165 1668 ῥήματα,
1199 1598 1358 1668 εἴπερ
1392 1596 1493 1667 τῆς
1528 1595 1663 1659 ἰδίας
1695 1595 1900 1667 μοχθη-

286 1688 429 1759 ρίας
464 1688 677 1758 πατέρα
708 1690 801 1741 τὸν
851 1688 984 1741 Θεὸν
1027 1686 1303 1758 ὀνομάζοι.
1351 1687 1416 1740 Ἠ
1441 1687 1547 1762 γὰρ
1574 1685 1668 1741 τοῦ
1696 1686 1900 1759 πατρὸς

283 1778 482 1850 φωνὴ,
509 1778 607 1850 τὴν
640 1780 820 1834 αἰτίαν
844 1778 937 1833 τοῦ
960 1778 1021 1844 ἐξ
1047 1778 1213 1833 αὐτοῦ
1238 1778 1571 1843 ὑποστάντος
1612 1778 1901 1853 διασημαί-

282 1886 404 1922 νει.
442 1869 651 1923 Οὐκοῦν
683 1872 712 1924 6
750 1869 1022 1941 μοχθηρὸς
1067 1869 1166 1941 τὴν
1219 1869 1543 1941 συνείδησιν,
1600 1870 1649 1922 εί
1689 1868 1902 1941 πατέρα

284 1958 503 2016 ἑαυτοῦ
536 1962 627 2015 τὸν
653 1961 788 2017 Θεὸν
817 1961 984 2033 λέγει,
1018 1961 1167 2016 οὐδὲν
1189 1962 1375 2034 ἕτερον
1409 1962 1444 2033 ἢ
1483 1962 1592 2016 τῶν
1626 1961 1769 2016 ἰδίων
1795 1978 1897 2017 κα-

285 2051 417 2107 κῶν
448 2052 692 2124 ἀρχηγόν
723 2069 782 2105 τε
805 2052 900 2109 καὶ
942 2052 1115 2106 αἴτιον
1151 2052 1314 2106 αὑτὸν
1338 2046 1479 2107 εἶναι
1507 2051 1894 2123 κατηγορήσει.

302 2143 474 2198 Ἀλλ’
499 2142 699 2221 οὐδεὶς
733 2143 1016 2199 κοινωνία
1040 2143 1187 2214 φωτὶ
1215 2144 1365 2214 πρὸς
1398 2144 1641 2210 σκότος,
1682 2142 1848 2217 φησὶν
1871 2144 1901 2197 6

306 2235 648 2300 Ἀπόστολος
671 2250 685 2265 ⁶
711 2235 848 2290 άλλά
888 2235 967 2307 τῷ
995 2236 1134 2307 φωτὶ
1166 2238 1282 2305 φῶς
1312 2235 1776 2308 προσοικειοῦται,
1806 2234 1901 2293 καὶ

290 2323 386 2395 τῷ
448 2324 641 2396 δικαίῳ
697 2326 759 2379 τὸ
819 2326 1056 2394 δίκαιον,
1106 2327 1199 2380 καὶ
1247 2325 1326 2396 τῷ
1387 2324 1539 2397 καλῷ
1587 2326 1650 2379 τὸ
1696 2324 1896 2393 καλὸν,

292 2412 404 2466 καὶ
472 2413 551 2483 τῷ
621 2413 886 2486 ἀφθάρτῳ
942 2414 1004 2468 τὸ
1066 2413 1363 2488 ἄφθαρτον.
1432 2413 1515 2468 Τὰ
1571 2414 1629 2469 δὲ
1683 2413 1901 2468 ἐναντία

294 2502 449 2574 πρὸς
490 2503 558 2556 τὰ
589 2503 824 2577 ὁμογενῆ
872 2506 1091 2569 πάντως
1124 2505 1225 2577 τὴν
1259 2505 1578 2577 συγγένειαν
1634 2502 1769 2575 ἔχει.
1817 2506 1899 2558 Οὐ

296 2594 419 2665 γὰρ
451 2593 700 2648 δύναται
746 2593 1000 2664 δένδρον
1044 2595 1237 2649 καλὸν
1280 2596 1552 2666 καρποὺς
1597 2595 1902 2665 πονηροὺς

299 2683 525 2739 ποιεῖν.
575 2686 639 2739 El
683 2686 860 2740 τοίνυν
907 2686 1265 2761 βαρυκάρδιός
1301 2705 1385 2752 τις
1418 2687 1515 2754 ὢν,
1561 2688 1744 2753 καθώς
1797 2706 1902 2761 φη-

302 2794 396 2831 σιν
424 2778 459 2847 ἡ
512 2776 728 2848 Γραφὴ,
751 2777 930 2832 καὶτὸ
952 2758 1148 2846 ψεῗιδος
1198 2778 1395 2849 ζητῶν,
1441 2780 1759 2851 κατατολμᾷ

303 2867 410 2939 τῆς
438 2873 746 2941 προσευχῆς
796 2871 1079 2942 ῥημάτων,
1126 2869 1443 2940 γινωσκέτω
1475 2872 1558 2925 ὅτι
1605 2872 1666 2925 οὐ
1691 2871 1782 2925 τὸν
1812 2872 1902 2927 οὐ·

308 2958 500 3035 ράνιον
521 2961 551 3012 6
572 2959 810 3024 τοιοῦτος
831 2962 1049 3034 Πατέρα
1066 2961 1238 3025 καλεῖ,
1258 2959 1396 3014 ἀλλὰ
1407 2960 1499 3015 τὸν
1526 2961 1899 3032 καταχθόνιον,

304 3047 374 3112 ὃς
410 3050 570 3115 αὐτός
613 3068 673 3105 τε
722 3051 963 3123 ψεύστης
1011 3052 1148 3120 ἐστὶ,
1190 3052 1285 3105 καὶ
1316 3051 1408 3105 τοῦ
1436 3054 1495 3106 ἐν
1528 3053 1744 3124 ἑκάστῳ
1775 3071 1903 3107 συν-

314 3143 605 3213 ισταμένου
649 3142 879 3215 ψεύδους
913 3144 1099 3216 πατὴρ
1152 3144 1383 3213 γίνεται,
1423 3145 1628 3209 ἐκεῖνος
1658 3145 1903 3218 ἁμαρτία

2002 589 2137 645 Nam
2171 589 2432 660 improba:
2455 589 2758 645 voluntatis
2789 597 2957 660 atque
2986 590 3256 659 propositi
3273 599 3429 659 pater
3454 606 3583 648 esse

2003 680 2074 746 is,
2108 680 2202 751 qui
2233 695 2335 735 sua
2368 687 2568 735 natura
2596 681 2774 741 bonus
2805 693 2910 745 est,
2966 682 3295 737 naturaliter
3325 698 3434 738 non
3473 698 3577 753 po-

2005 777 2112 826 test
2138 788 2155 826 :
2191 785 2369 840 neque
2398 770 2509 827 vita
2537 771 2917 838 contaminati,
2948 780 3177 833 sanctus
3201 791 3213 827 :
3233 788 3415 842 neque
3435 774 3577 845 ejus,

2003 864 2097 934 qui
2125 862 2235 921 huc
2260 864 2391 918 illuc
2423 864 2840 937 circumagitur,
2868 864 2914 918 is
2928 864 3020 933 qui
3048 865 3193 919 alius
3222 863 3338 921 lteri
3359 880 3424 919 ac
3454 882 3579 921 mu-

2007 955 2111 1010 tari
2151 970 2261 1010 non
2300 962 2486 1026 potest
2528 974 2541 1010 :
2573 971 2753 1025 neque
2796 955 3114 1015 mortiﬁcati
3153 972 3249 1025 per
3276 965 3579 1025 peccatum,

2004 1051 2162 1117 pater
2182 1045 2343 1113 vitae;
2375 1060 2557 1113 neque
2577 1060 2797 1108 eorum,
2839 1046 2938 1115 qui
2986 1047 3134 1109 vitiis
3194 1046 3482 1117 probrosis
3529 1059 3585 1102 et

2005 1135 2389 1207 ignominiosis
2447 1134 2674 1206 impulsi
2716 1135 2898 1205 turpia
2951 1137 3328 1201 committunt,
3394 1138 3443 1193 is
3488 1138 3580 1207 qui

2004 1241 2178 1297 purus
2203 1238 2258 1285 et
2291 1227 2502 1299 integer
2527 1237 2635 1296 est;
2666 1242 2845 1299 neque
2865 1231 3015 1295 avari
3045 1238 3099 1295 et
3137 1231 3398 1300 raptoris,
3421 1230 3585 1286 bene-

2004 1321 2217 1390 factor;
2253 1336 2356 1379 nec
2384 1336 2573 1381 eorum
2606 1321 2865 1393 denique,
2888 1324 3065 1394 quiin
3097 1324 3284 1394 aliquo
3316 1324 3462 1381 malo
3489 1322 3585 1379 de-

2006 1412 2445 1485 prehenduntur,
2478 1413 2529 1470 is
2561 1414 2659 1485 qui
2689 1415 2746 1470 in
2765 1416 2916 1470 omni
2954 1416 3100 1477 bono
3140 1416 3388 1475 cernitur
3419 1422 3585 1485 atque

2006 1505 2646 1592 consideraturbparens
2673 1521 2799 1562 esse
2827 1514 3032 1577 potest.
3069 1507 3208 1561 Nam
3237 1506 3284 1561 si
3327 1508 3455 1576 quis
3486 1521 3583 1560 ex-

2008 1595 2251 1667 piatione
2284 1597 2448 1652 etiam
2477 1611 2626 1652 nunc
2666 1612 2809 1668 opus
2856 1597 3089 1661 habens,
3130 1598 3373 1667 seipsum
3414 1596 3587 1666 inspi-

2007 1686 2180 1753 ciens,
2224 1697 2280 1744 et
2312 1687 2572 1744 vitiosam
2621 1688 3019 1747 conscientiam
3068 1703 3227 1745 suam
3277 1702 3586 1758 agnoscens

1928 1798 1933 1813 θ
2006 1779 2221 1850 plenam
2261 1779 2517 1844 maculis,
2548 1789 2603 1836 et
2636 1782 2907 1843 scelerum
2943 1780 3091 1842 notis
3123 1778 3371 1849 injustis,
3402 1778 3586 1850 prius-

1935 1880 1978 1936 Β
2006 1887 2170 1943 quam
2201 1885 2229 1924 a
2254 1860 2346 1927 'tot
2390 1871 2672 1942 tantisque
2696 1872 2860 1928 malis
2890 1881 3230 1941 expurgatus
3271 1869 3362 1935 sit,
3403 1884 3462 1925 se
3490 1867 3584 1924 Dei

2004 1962 2317 2037 cognationi
2351 1962 2580 2028 inserat,
2623 1977 2688 2018 ac
2725 1963 2876 2019 dicat
2906 1961 3292 2032 :Paler,justo
3324 1961 3585 2030 injustus,

2004 2068 2146 2124 puro
2178 2054 2430 2126 impurus
2459 2073 2473 2109 :
2506 2055 2841 2121 contumelia
2882 2061 3046 2124 atque
3067 2051 3382 2117 convicium
3420 2052 3584 2121 plane

2004 2162 2069 2203 ea
2099 2148 2269 2204 verba
2302 2147 2533 2213 fuerint,
2582 2145 2853 2218 siquidem
2889 2129 3004 2203 suae
3049 2143 3313 2214 nequitiae
3367 2149 3580 2214 patrem

2010 2237 2175 2299 Deum
2215 2240 2481 2297 nominat.
2515 2237 2652 2294 Nam
2685 2239 2856 2308 patris
2885 2236 3484 2299 vocabulum,causam
3514 2246 3582 2286 ex

2006 2332 2130 2404 ipso
2159 2331 2432 2404 procreati
2456 2329 2751 2402 significat.
2775 2329 2915 2400 Ergo
2937 2329 2985 2386 si
3013 2325 3358 2383 conscientia
3383 2324 3584 2379 vitiosa

2008 2424 2134 2495 quis
2187 2423 2452 2495 praeditus
2504 2429 2716 2495 patrem
2780 2436 2941 2481 suum
3000 2419 3171 2475 Deum
3211 2417 3394 2481 dicat,
3450 2414 3590 2475 nihil

2009 2513 2180 2583 aliud,
2212 2529 2377 2587 quam
2413 2528 2642 2571 suorum
2688 2512 2961 2569 malorum
3001 2508 3158 2581 quasi
3194 2507 3501 2581 principem
3535 2512 3591 2560 et

2009 2614 2287 2662 auctorem
2321 2620 2445 2661 eum
2490 2602 2853 2669 insimulabit.
2888 2601 2960 2657 At
2983 2600 3134 2657 nulla
3155 2598 3454 2655 communio
3484 2595 3591 2650 luci
3694 2600 3699 2603 '

2009 2712 2129 2751 cum
2169 2694 2419 2761 tenebris,
2468 2694 2645 2765 inquit
2676 2693 2976 2759 Apostolus
2997 2691 3071 2758 ³⁶;
3109 2689 3205 2751 sed
3229 2704 3352 2745 cum
3386 2686 3592 2741 lumine

2008 2787 2194 2842 lumen
2242 2786 2616 2851 consociatur,
2658 2798 2783 2839 cum
2812 2782 3028 2855 justitia
3057 2779 3292 2853 justitia,
3324 2793 3447 2833 cum
3489 2777 3590 2832 lio-

2009 2884 2223 2934 nestate
2274 2876 2563 2941 honestas,
2630 2888 2756 2931 cum
2810 2873 3132 2941 incorrupto
3181 2870 3589 2936 incorruptum.

2009 2968 2298 3025 Contraria
2320 2981 2470 3032 vero,
2501 2979 2626 3020 cum
2657 2964 2748 3028 iis,
2773 2978 2896 3033 qua:
2920 2960 3167 3032 ejusdem
3189 2957 3407 3031 generis
3438 2963 3591 3025 sunt,

2009 3058 2171 3129 plane
2202 3054 2587 3127 cognationem
2633 3053 2853 3108 habent.
2890 3050 3015 3106 Non
3043 3050 3187 3115 enim
3233 3056 3401 3117 potest
3435 3045 3595 3099 arbor

2012 3146 2149 3200 bona
2205 3145 2377 3200 malos
2432 3145 2719 3213 producere
2776 3140 3077 3210 fructus".
3132 3138 3192 3193 Si
3247 3138 3371 3209 quis
3426 3137 3595 3209 igitur

313 3237 414 3291 καὶ
435 3238 709 3313 ἁμαρτίας
738 3240 940 3312 πατήρ.
972 3239 1070 3292 Διὰ
1091 3238 1249 3293 τοῦτο
1274 3241 1323 3294 οἱ
1366 3239 1636 3311 ἐμπαθεῖς
1662 3242 1762 3313 τὴν
1800 3242 1906 3313 ψυ-

2008 3236 2161 3308 gravi
2201 3234 2471 3303 tardoque
2511 3230 2700 3298 corde,
2756 3237 2817 3284 ut
2865 3229 3044 3299 inquit
3075 3227 3386 3313 Scriptura,
3431 3234 3596 3297 atque

310 3328 436 3403 χὴν,
491 3330 663 3401 ὀργῆς
708 3329 879 3386 τέκνα
926 3331 1079 3403 παρὰ
1120 3331 1215 3385 τοῦ
1267 3331 1592 3387 ’Δποστόλου
1630 3351 1905 3405 προσαγο-

317 3419 564 3490 ρεύονται
592 3438 605 3451 '
631 3420 728 3475 καὶ
787 3423 816 3475 ὁ
857 3421 958 3492 τῆς
993 3421 1140 3493 ζωῆς
1178 3422 1441 3490 ἀποστὰς,
1488 3424 1764 3490 ἀπωλείας
1789 3425 1906 3490 υίὸς

314 3510 635 3583 ὀνομάζεται
660 3528 673 3540 ’
716 3512 811 3566 καί
857 3530 943 3577 τις
996 3504 1280 3584 βλακώδης
1313 3514 1406 3567 καλ⁷
1445 3514 1759 3587 θηλυδρίας,
1794 3516 1907 3583 υίὸς

316 3602 588 3671 κορασίων
624 3602 1070 3674 αὐτομολούντων
1139 3603 1580 3676 προσηγορεύθη.
1634 3604 1908 3674 Ὡσαύτως

320 3695 413 3748 καὶ
438 3696 501 3747 ὲκ
523 3695 615 3749 τοῦ
655 3696 922 3762 ἐναντίου,
963 3697 1012 3749 οἱ
1053 3695 1297 3768 λαμπροὶ
1321 3697 1420 3768 τὴν
1451 3698 1774 3769 συνείδησιν,
1803 3697 1908 3751 υἱοὶ

322 3787 498 3857 φωτὸς
530 3787 625 3841 καὶ
661 3787 875 3861 ἡμέρας
903 3787 1403 3859 προσαγορεύονται
1436 3805 1449 3818 ·
1494 3788 1590 3843 καὶ
1627 3788 1909 3861 δυνάμεως

322 3877 426 3932 υἱοὶ
482 3878 683 3949 ἕτεροι,
735 3880 785 3932 οἱ
821 3879 958 3949 πρὸς
990 3879 1089 3951 τὴν
1131 3878 1283 3934 θείαν
1308 3879 1463 3950 ίσχὺν
1487 3880 1717 3944 ἑαυτοὺς
1743 3877 1910 3933 τονώ-

326 3986 534 4034 σαντες.
569 3971 739 4025 Ὅταν
788 3971 967 4025 τοίνυν
1001 3971 1222 4043 Πατέρα
1266 3971 1355 4025 τὸν
1388 3970 1521 4027 Θεὸν
1552 3971 1733 4040 λέγειν
1762 3971 1909 4043 ημᾶς

273 4111 276 4114 .
326 4065 382 4115 έν
403 4064 467 4134 τῇ
492 4065 772 4135 προσευχῇ
816 4062 1043 4135 διδάσκῃ
1098 4065 1126 4117 ὁ
1167 4062 1394 4135 Κύριος,
1425 4064 1577 4119 οὐδὲν
1599 4064 1787 4135 ἕτερόν
1820 4081 1911 4134 μοι

327 4156 467 4210 δοκεῖ
501 4157 695 4219 ποιεῖν,
734 4155 768 4227 ἢ
793 4155 883 4209 τὸν
905 4155 1107 4227 ὑψηλόν
1140 4174 1198 4209 τε
1236 4157 1330 4209 καὶ
1358 4155 1667 4228 ἐπηρμένον
1686 4154 1911 4227 νοημοθετ

329 4250 435 4302 τείν
468 4248 582 4318 βίον
603 4264 618 4279 ·
648 4248 710 4301 οὐ
737 4247 846 4319 γὰρ
866 4247 930 4318 δὴ
952 4246 1243 4318 ψεύδεσθαι
1273 4247 1517 4302 διδάσκει
1544 4249 1693 4320 ἡμᾶς
1718 4248 1751 4319 ή
1780 4247 1913 4319 ἁλή-

332 4339 628 4407 θεια,ῶστε
657 4338 836 4408 λέγειν
864 4338 893 4390 ὃ
926 4340 1000 4411 μή
1052 4340 1241 4411 ἐσμεν,
1283 4340 1380 4393 καὶ
1423 4339 1711 4412 ὀνομάζειν
1756 4338 1786 4392 ὃ
1838 4339 1914 4411 μὴ

334 4430 683 4505 πεφύκαμενο
749 4430 887 4487 ἀλλὰ
943 4432 1166 4505 Πατέρα
1219 4430 1471 4501 λέγοντες
1519 4433 1765 4499 ἑαυτῶν,
1823 4432 1915 4487 τὸν

337 4521 602 4594 άφθαρτόν
622 4538 681 4575 τε
707 4522 801 4576 καὶ
827 4522 1038 4578 δίκαιον
1070 4522 1163 4575 καὶ
1204 4522 1427 4591 ἀγαθὸν,
1453 4523 1812 4594 ἐπαληθεύειν
1834 4520 1915 4593 τῷ

341 4615 431 4686 βίῳ
477 4616 579 4685 τὴν
623 4610 961 4686 ἀγχιστείαν.
996 4615 1160 4688 Ὁρᾷς
1208 4614 1342 4687 ὅσης
1387 4615 1521 4685 ἡμῖν
1558 4615 1915 4686 παρασκευῆς

339 4712 445 4763 ἐστι
474 4707 672 4780 χρεία;
714 4708 827 4761 οἴου
860 4706 976 4779 βίου
1002 4724 1017 4775 ;
1056 4708 1230 4777 πόσης
1263 4706 1356 4760 καὶ
1390 4708 1642 4777 ποταπῆς
1668 4707 1784 4759 ἐστι
1813 4704 1917 4777 τῆς

342 4800 591 4871 σπουδῆς,
623 4799 765 4861 ὥστε
792 4799 928 4854 ποτὲ
973 4798 1110 4871 πρὸς
1141 4796 1301 4852 τοῦτο
1334 4797 1396 4851 τὸ
1422 4797 1622 4869 μέτρον
1644 4798 1746 4868 τῆς
1770 4800 1916 4870 παῤ-

345 4889 523 4960 ρησίας
561 4888 871 4960 causam};
906 4887 1064 4959 ἡμῶν
1104 4888 1203 4959 τῆς
1234 4886 1616 4959 συνειδήσεως,
1645 4886 1916 4959 τολμῆσαι

281 5021 299 5032 ρ
342 4983 503 5034 εἰπεῖν
528 4980 605 5053 τῷ
630 4980 769 5052 Θεῷ,
806 4981 889 5034 ὅτι
907 4979 1137 5048 Πάτερ;
1164 4979 1228 5032 El
1257 4980 1367 5051 γὰρ
1394 4978 1523 5050 περὶ
1556 4978 1624 5033 τὰ
1656 4980 1918 5052 χρήματα

346 5072 567 5142 βλέπεις,
599 5074 649 5125 εί
682 5072 811 5145 περὶ
854 5071 954 5143 τὴν
998 5069 1258 5141 βιωτικὴν
1288 5069 1508 5140 ἀπάτην
1543 5069 1915 5145 ἠσχολημένος

344 5163 466 5234 εἴης,
500 5164 533 5236 ἢ
572 5164 671 5235 τὴν
699 5162 760 5228 ἐξ
799 5160 1102 5234 ἀνθρώπων
1135 5161 1292 5226 δόξαν
1327 5160 1679 5233 ἀναξητοίης,
1727 5163 1777 5216 εί
1808 5160 1917 5216 τῶν

347 5255 636 5326 ἐπιθυμιῶν
657 5257 777 5319 ταῖς
807 5253 1247 5325 ἐμπαθεστέραις
1270 5253 1540 5318 δουλεύοις
1565 5270 1577 5285 ⁸
1612 5253 1803 5308 ἔπειτα
1820 5254 1919 5325 τὴν

344 5348 585 5419 τοιαύτην
640 5346 950 5419 προσευχὴν
988 5345 1078 5399 διὰ
1136 5346 1405 5415 στόματος
1441 5345 1627 5410 λάϐοις
1654 5363 1668 5377 ο
1715 5345 1770 5398 τί
1819 5346 1920 5398 οἴει

347 5444 475 5511 ἐρεῖν
492 5441 585 5495 τὸν
616 5442 699 5505 εἰς
726 5441 818 5494 τὸν
855 5439 969 5511 βίον
1020 5438 1305 5510 βλέποντα,
1339 5439 1432 5493 καὶ
1472 5440 1572 5510 τῆς
1614 5437 1923 5510 προσευχῆς

351 5534 630 5597 ὲπαῖοντα;
669 5528 811 5599 Ἐγὼ
836 5529 1091 5585 τοιούτων
1117 5527 1279 5582 τινῶν
1300 5528 1560 5599 ῥημάτων
1590 5527 1809 5583 ἀκούειν
1841 5527 1925 5579 δο-

346 5624 438 5688 κῶ,
474 5623 676 5678 ὡσανεὶ
713 5620 808 5674 τοῦ
854 5618 989 5675 Θεοῦ
1039 5620 1175 5692 πρὸς
1203 5619 1294 5673 τὸν
1345 5617 1587 5673 τοιοῦτον
1632 5617 1884 5687 λέγοντος
1907 5633 1920 5648 ·

2006 3326 2355 3383 mendacium
2397 3336 2676 3396 quaerens,
2718 3320 2883 3376 audet
2920 3317 3187 3374 orationis
3215 3309 3386 3375 verba'
3434 3332 3597 3372 usur-

2006 3435 2167 3492 pare,
2194 3419 2333 3475 sciat
2363 3418 2433 3487 is,
2466 3414 2613 3487 quod
2643 3429 2752 3481 non
2787 3413 3066 3470 caelestem
3100 3410 3316 3467 Patrem
3353 3409 3596 3473 invocat,

2008 3510 2103 3565 sed
2141 3506 2437 3575 infernum,
2495 3507 2590 3577 qui
2638 3496 2845 3573 etipse
2901 3498 3137 3555 mendax
3177 3509 3285 3563 est,
3346 3507 3402 3554 et
3451 3498 3593 3568 ejus,

2008 3600 2157 3672 quod
2188 3600 2242 3655 in
2275 3611 2605 3668 unoquoque
2632 3593 2924 3659 conﬂatur,
2958 3592 3232 3647 mendacii
3268 3599 3424 3661 pater
3450 3592 3597 3647 exsi-

2010 3693 2125 3759 stit,
2162 3692 2255 3746 ille
2284 3689 2376 3761 qui
2409 3693 2713 3760 peccatum,
2745 3692 2800 3739 et
2826 3682 3036 3756 peccati
3064 3689 3220 3752 pater
3245 3689 3330 3736 est
3354 3680 3419 3732 ³⁸.
3459 3680 3587 3735 Pro-

2010 3792 2196 3861 pterea
2220 3780 2386 3841 animi
2412 3778 2705 3834 affectibus
2727 3791 2791 3830 ac
2814 3771 3328 3847 perturbationibus
3345 3770 3596 3861 obnoxii,

2011 3858 2107 3930 lilii
2137 3873 2230 3929 ira:
2257 3872 2326 3926 ab
2341 3869 2603 3941 Apostolo
2632 3866 2976 3938 appellantur
3000 3862 3075 3930 ³⁹;
3109 3869 3164 3917 et
3192 3861 3284 3933 qui
3309 3874 3338 3913 a
3367 3859 3477 3914 vita
3505 3858 3600 3915 de-

2012 3965 2256 4030 sciverit,
2286 3960 2610 4034 perditionis
2636 3957 2783 4014 lilius
2811 3954 3129 4011 nominatur
3152 3951 3198 3984 ιο
3215 3968 3233 4017 ;
3264 3949 3446 4005 mollis
3470 3950 3598 4005 item

2012 4056 2287 4128 quispiam
2320 4061 2376 4109 et
2404 4051 2772 4118 eli‘eminatus,
2829 4048 2974 4103 lilius
3002 4043 3309 4117 puellarum
3350 4041 3600 4096 translu-

2014 4148 2279 4221 gientium
2314 4143 2637 4219 appellatur.
2675 4138 2938 4209 Similiter
2985 4136 3150 4196 etiam
3201 4149 3266 4189 ex
3298 4132 3598 4195 contrario,

2015 4237 2356 4295 conscientia
2387 4237 2555 4301 lauta,
2602 4248 2738 4307 pura
2791 4245 2855 4285 ac
2886 4229 3167 4284 luculenta
3216 4224 3454 4297 praediti,
3506 4223 3600 4277 lilii

2014 4332 2157 4388 lucis
2188 4338 2243 4386 et
2273 4329 2381 4385 diei
2433 4327 2781 4400 appellantur
2802 4323 2878 4377 ἰιι
2931 4322 3128 4376 virium
3179 4318 3307 4375 item
3343 4315 3439 4373 ﬁlii
3488 4315 3600 4381 alii,

2016 4401 2114 4498 qui
2148 4422 2215 4478 ad
2253 4422 2500 4478 divinum
2529 4419 2700 4475 robur
2731 4430 2851 4472 sese
2881 4411 3241 4479 ﬁrmaverint.
3268 4408 3403 4463 Cum
3439 4407 3604 4478 igitur

2019 4528 2080 4575 ut
2099 4517 2315 4572 Patrem
2342 4512 2511 4569 Deum
2546 4511 2603 4566 in
2626 4509 2877 4566 oratione
2904 4507 3177 4566 dicamus,
3210 4500 3477 4556 Dominus
3503 4514 3603 4557 nos

1946 4584 1991 4639 D
2016 4611 2199 4674 docet,
2241 4608 2378 4665 nihil
2410 4605 2546 4659 mihi
2578 4602 2758 4693 facere
2783 4597 2932 4653 aliud
2961 4598 3195 4658 videtur,
3230 4608 3394 4693 quam
3430 4591 3605 4693 subli-

2018 4717 2165 4769 mem
2196 4707 2252 4756 et
2281 4700 2446 4754 altam
2486 4685 2780 4752 instituere
2820 4699 2985 4765 atque
3019 4686 3380 4758 praescribere
3412 4685 3602 4750 vitam;

2019 4806 2132 4849 non
2155 4790 2299 4846 enim
2342 4788 2532 4857 utique
2564 4780 2786 4840 mentiri
2839 4794 2939 4833 nos
2972 4776 3172 4833 veritas
3205 4773 3387 4840 docet,
3436 4781 3497 4826 ut
3524 4771 3606 4826 di-

2019 4899 2213 4952 camus
2247 4895 2350 4939 nos
2383 4893 2539 4953 esse,
2581 4874 2725 4947 quod
2774 4886 2885 4927 non
2926 4869 3127 4953 simus,
3177 4874 3232 4922 et
3267 4865 3605 4935 appellemus

2016 4993 2125 5037 nos
2158 4990 2224 5039 eo
2252 4972 2496 5035 nomine,
2527 4951 2675 5039 quod
2705 4974 2905 5019 natura
2953 4951 3128 5015 nobis'
3142 4956 3467 5013 attributum
3498 4967 3604 5007 non

2021 5069 2115 5132 sit,
2158 5065 2255 5122 sed
2287 5071 2348 5119 ut
2378 5063 2508 5118 dum
2541 5059 2944 5126 incorruptum,
2974 5057 3028 5107 et
3050 5050 3283 5120 justum,
3319 5053 3373 5101 et
3400 5045 3604 5099 bonum

2020 5136 2244 5219 Patrem
2279 5157 2533 5208 nostrum
2581 5145 2843 5208 dicimus,
2874 5141 3000 5196 vitae
3044 5136 3356 5208 integritate
3386 5132 3609 5205 propin-

2023 5248 2290 5320 quitatem
2307 5241 2631 5304 referamus,
2649 5250 2879 5307 eamque
2890 5246 3072 5288 veram
3091 5245 3214 5286 esse
3229 5225 3605 5320 ostendamus:

2023 5312 2431 5408 Vides-quanto
2460 5332 2621 5388 nobis
2662 5343 2803 5401 opus
2836 5326 2908 5381 sit
2936 5319 3243 5395 apparatu?
3283 5316 3430 5408 quali
3454 5312 3608 5408 Avita?

2026 5404 2256 5503 quantov
2272 5441 2337 5482 ac
2361 5424 2511 5498 quali
2544 5423 2755 5485 studio,
2800 5427 2861 5475 ut
2889 5417 2957 5473 ad
2989 5430 3113 5471 eum
3141 5410 3364 5503 modum
3398 5404 3607 5503 ﬁduciae

2023 5498 2207 5579 erecta
2249 5518 2475 5574 tandem
2516 5512 2858 5576 conscientia
2907 5515 3095 5573 nostra
3126 5504 3194 5560 ad
3229 5501 3399 5558 Deum
3429 5498 3609 5553 dicere

2026 5594 2351 5676 audeamus,
2392 5605 2726 5663 Pater?Nam
2755 5603 2800 5661 si
2824 5601 3093 5676 pecunias
3121 5603 3359 5667 spectes,
3388 5590 3435 5647 si
3464 5588 3608 5644 circa

412 5737 450 5768 ³⁸
490 5735 534 5791 ll
566 5735 693 5794 Cor.
728 5752 813 5801 vt,
848 5734 915 5789 14
1002 5734 1045 5767 ⁸⁷
1090 5732 1279 5789 Matth.
1316 5749 1415 5801 vn,
1449 5732 1534 5790 18.
1612 5734 1656 5767 ³⁸
1696 5732 1853 5789 Joan.
1888 5748 1906 5786 ι

2006 5730 2083 5785 Η.
2163 5729 2208 5761 δ’
2249 5725 2448 5796 Epltes.
2486 5738 2554 5788 ll,
2585 5722 2636 5777 5.
2716 5718 2761 5751 ⁸ο
2800 5715 2959 5772 Joan.
2990 5728 3124 5779 xvu,
3159 5709 3244 5762 12.
3321 5704 3366 5738 ἠ
3405 5698 3631 5774 Epims.’

353 5822 399 5871 ν.
425 5808 472 5864 8.
