4018 6370
461 371 602 428 1145
1423 399 1426 401 λ
1725 367 1782 423 S.
1820 365 2148 424 GRECORII
2180 366 2473 424 NYSSENI
3655 360 3780 415 ii“

460 484 756 540 saeculares
790 482 912 537 vita:
943 480 1166 537 iraudes
1198 489 1501 553 occupatus
1528 481 1626 546 sis,
1658 491 1754 536 aut
1777 497 1842 537 ex
1875 481 2056 536 homi-

2178 485 2380 556 Ἱατέρα
2438 485 2620 547 καλεῖς
2681 485 2709 536 6
2761 480 3208 552 κατεφθαρμένος
3254 478 3336 549 τῷ
3391 477 3502 548 βίῳ
3539 476 3647 530 τὸν
3690 476 3779 542 τῆς

462 576 626 632 nibus
651 576 877 647 gloriam
901 589 1151 646 qureras;
1189 575 1236 632 si
1271 575 1488 631 vitiosis
1517 576 1916 648 cupiditatibus
1938 591 2050 630 ser-

2178 577 2465 650 ιφθαρσίας
2496 576 2748 648 Πατέρα;
2776 575 2840 627 Τί
2867 573 3112 645 μολύνεις
3130 575 3199 644 τῇ
3231 571 3467 642 ῥυπαρᾷ
3493 585 3596 622 σου
3631 571 3778 637 φωνῇ

461 668 621 732 vias,
669 666 867 720 deinde
911 665 1183 736 ejusmodi
1220 666 1528 723 orationem
1579 668 1634 722 in
1675 682 1773 722 ore
1823 667 2049 731 habeas,

463 758 596 829 quid
620 758 896 813 dicturum
931 773 1054 813 esse
1081 764 1243 828 putas
1269 772 1418 822 eum,
1456 759 1549 829 qui
1581 759 1748 813 vitam
1780 768 1930 813 trram
1969 761 2052 813 in-

465 859 668 913 tuetur,
719 856 774 904 et
817 849 1121 905 orationem
1168 849 1472 920 intelligit?
1518 849 1652 904 Nam
1682 866 1783 920 ego
1829 851 2051 921 quidem

462 941 735 1010 ejusmodi
792 940 1066 1011 quaedam,
1125 941 1287 1012 quasi
1337 940 1451 997 Deo
1496 941 1564 995 ad
1609 942 1768 996 talem
1813 942 2050 1006 dicente,

467 1033 596 1089 mibi
625 1033 790 1089 verba
838 1033 1030 1089 videor
1075 1031 1307 1090 audire:
1356 1031 1572 1089 Patrem
1615 1048 1782 1090 vocas
1815 1035 1907 1104 qui
1945 1034 2052 1088 vita

461 1133 761 1194 corruptus
792 1140 874 1190 es,
914 1141 1041 1181 eum
1075 1126 1173 1197 qui
1228 1124 1770 1195 incorruptibilitatis
1817 1132 1872 1180 et
1911 1123 2054 1180 inte-

462 1217 678 1286 gritatis
704 1216 869 1273 Pater
897 1219 1021 1272 est?
1071 1216 1185 1274 Cur
1220 1218 1443 1274 sordida
1489 1224 1584 1272 tua
1616 1233 1749 1273 voce
1781 1219 2053 1273 contami-

463 1323 565 1364 nas
590 1324 791 1366 nomen
819 1310 1243 1381 incorruptum?
1273 1325 1374 1365 cur
1401 1309 1539 1365 falso
1569 1309 1667 1364 tibi
1695 1310 1922 1365 verbum
1948 1308 2055 1364 hoc

462 1402 741 1471 usurpas?
779 1402 894 1457 Cur
932 1411 1188 1458 naturam
1234 1402 1575 1473 impollutam
1608 1400 1954 1457 dedecoras?
2007 1401 2053 1454 si

466 1490 611 1545 ﬁlius
641 1505 799 1548 meus
834 1507 1009 1557 esses,
1047 1492 1187 1548 meis
1217 1491 1380 1547 bonis
1428 1507 1657 1562 prorsus
1702 1493 1868 1548 etiam
1905 1500 2054 1545 tuam

464 1584 634 1638 vitam
680 1585 950 1652 insignem
987 1601 1111 1642 esse
1136 1585 1457 1656 oportebat;
1509 1601 1620 1640 non
1670 1600 1913 1658 agnosco
1957 1600 2056 1639 na-

465 1685 604 1730 tura:
630 1689 766 1730 mea:
793 1674 1086 1745 imaginem
1110 1675 1164 1730 in
1195 1681 1248 1730 te
1273 1692 1287 1742 ;
1323 1673 1766 1731 adversariorum
1795 1684 1927 1732 sunt
1952 1673 2056 1728 ista

467 1767 744 1838 insignia:
785 1781 908 1836 qua;
933 1766 1169 1837 societas
1195 1767 1304 1822 luci
1330 1782 1456 1822 cum
1486 1767 1761 1823 tenebris?
1789 1781 1911 1838 quae
1931 1765 2057 1820 vitae

2154 671 2216 725 τὸ
2239 673 2514 744 ἀκήρατον
2536 671 2743 742 δνομα;
2789 669 2854 722 Τί
2901 667 3214 739 καταψεύδῃ
3252 665 3350 720 τοῦ
3378 668 3684 736 ῥήματος;
3717 662 3778 713 ΤΞ

2154 765 2507 836 καθυϐρίζεις
2543 764 2644 835 τὴν
2677 763 2974 833 ἀμόλυντον
3009 760 3205 831 φύσιν;
3262 759 3324 811 Εἰ
3368 758 3569 810 τέκνοιν
3609 751 3683 826 ἧς
3715 755 3773 806 σύ

2154 855 2306 926 ἐμὸν,
2351 857 2416 910 ὲκ
2446 855 2555 908 τῶν
2592 855 2742 926 ἐμῶν
2775 852 2993 922 ἀγαθῶν
3025 852 3130 904 ἔδει
3167 850 3388 913 πάντως
3416 850 3518 902 καὶ
3549 848 3656 900 τὸν
3685 847 3773 899 σὺν

2156 945 2278 1015 βίον
2332 943 2866 1018 χαρακτηρίζεσθαι·
2911 943 3010 996 οὐκ
3066 940 3418 1009 ἐπιγινώσκω
3464 939 3572 1009 τῆς
3629 937 3774 1007 ἐμῆς

2155 1032 2375 1103 φύσεως
2408 1036 2466 1087 ἐν
2502 1036 2587 1088 σοὶ
2623 1033 2720 1105 τὴν
2772 1032 2987 1087 εἰκόνα’
3044 1032 3108 1084 ἐκ
3150 1029 3258 1084 τῶν
3295 1030 3563 1083 ἐναντίων
3586 1029 3643 1081 οἱ
3676 1045 3774 1097 χα-

2159 1127 2459 1198 ρακτῆρες·
2491 1127 2577 1190 τίς
2607 1124 2860 1179 κοινωνία
2895 1124 3033 1193 φωτὶ
3055 1123 3192 1194 πρός
3231 1123 3462 1187 σκότος;
3501 1121 3592 1184 τίς
3621 1119 3772 1188 ζωῆς

2155 1215 2250 1268 καὶ
2281 1214 2513 1268 Θανάτου
2547 1213 2840 1284 συγγένεια
2859 1229 2873 1276 ;
2893 1211 2978 1274 τίς
3005 1212 3274 1282 οἰκειότης
3304 1210 3384 1282 τῷ
3407 1208 3651 1279 καθαρῷ
3670 1209 3772 1277 τὴν

2156 1305 2319 1376 φύσιν
2350 1305 2486 1377 πρὸς
2511 1305 2571 1358 τὸ
2597 1302 2937 1375 ἀκάθαρτον;
2976 1301 3118 1354 Πολὺ
3151 1299 3247 1355 τοῦ
3278 1299 3577 1371 εὐεργέτου
3629 1297 3769 1366 πμὸς

2153 1398 2247 1452 τὸν
2273 1396 2603 1466 πλεονέκτην
2645 1395 2705 1448 τὸ
2734 1394 2916 1464 μέσον.
2949 1394 3215 1462 ’Λμικτος
3258 1395 3290 1463 ἡ
3331 1391 3424 1445 τοῦ
3461 1392 3768 1461 ἐλεήμονες

2156 1491 2252 1544 καὶ
2284 1487 2380 1542 τοῦ
2415 1487 2657 1558 ἀπηνοῦς
2693 1485 3006 1550 ἐναντίωσις
3025 1501 3038 1516 ⁸
3061 1484 3220 1548 ἄλλος
3252 1483 3432 1555 πατὴρ
3451 1482 3563 1535 τῶν
3587 1484 3652 1534 ὲν
3685 1483 3766 1533 σοὶ

2156 1582 2375 1637 κακῶν
2399 1581 2466 1636 τὰ
2481 1580 2592 1651 γαρ
2613 1578 2721 1650 ὲμα
2735 1579 3047 1650 γεννήματα
3083 1580 3194 1641 τοῖς
3217 1575 3492 1648 πατρῴοις
3531 1574 3766 1643 arceat;

2157 1672 2580 1739 καλλωπίζεται,
2613 1673 2801 1725 τέκνον
2836 1671 2930 1723 τοῦ
2961 1671 3252 1741 ἐλεήμονος
3291 1672 3319 1723 6
3357 1669 3636 1739 ἐλεήμων,
3669 1668 3764 1720 καὶ

2157 1768 2252 1823 τοῦ
2278 1765 2520 1839 καθαροῦ
2536 1767 2564 1819 6
2580 1763 2838 1834 καθαρὸς,
2859 1766 2887 1816 6
2915 1762 3112 1834 φθόρος
3131 1762 3409 1832 ἀλλότριος
3428 1760 3521 1814 τοῦ
3545 1759 3764 1830 ἀφθάρ-

468 1868 523 1916 et
554 1860 749 1914 mortis
803 1859 1057 1930 cognatio
1107 1859 1235 1915 est?
1287 1874 1410 1930 quae
1455 1859 1806 1915 necessitudo
1860 1866 2056 1914 natura

2178 1878 2278 1916 που·
2308 1860 2478 1915 καὶτὸ
2505 1859 2646 1923 ὅλον,
2681 1857 2742 1922 ἐξ
2765 1856 2971 1926 ἀγαθοῦ
3005 1855 3229 1924 ἀγαθὸς,
3253 1855 3346 1908 καὶ
3361 1856 3424 1906 ἐκ
3438 1853 3656 1907 δικαίου
3685 1852 3763 1905 δί-

469 1967 610 2023 puro
639 1966 764 2005 cum
791 1950 1008 2021 impuro
1037 1951 1367 2008 intercedit?
1393 1953 1627 2008 multum
1661 1953 1890 2010 interest
1914 1955 2059 2010 inter

2178 1971 2338 2018 ιιαιος.
2357 1953 2531 2024 ’Υμᾶς
2551 1951 2608 2005 δὲ
2621 1951 2722 2004 οὐκ
2749 1947 2866 2005 οἶδα
2882 1949 3044 2003 πόθεν
3068 1948 3211 2003 ἐστέ.
3241 1946 3448 2001 Οὐκοῦν
3477 1945 3762 1998 ἐπικίνδυ-

470 2043 874 2100 benefactorem
898 2052 952 2100 et
980 2047 1277 2115 r'aptorem.
1308 2045 1654 2102 lnsociabilis
1677 2048 1818 2103 inter
1839 2049 2059 2104 miseri-

2178 2066 2252 2104 θον
2288 2048 2419 2119 πρὶν
2483 2043 2830 2117 καθαρθῆναι
2861 2042 2938 2113 τῷ
2965 2041 3064 2113 βίῳ
3083 2041 3183 2109 τῆς
3210 2037 3517 2111 προσευχῆς
3551 2036 3763 2105 ταύτης

468 2136 690 2192 cordem
715 2143 770 2192 et
793 2137 1058 2192 immitem
1079 2139 1446 2195 contrarietas
1467 2139 1756 2195 intercedit
1777 2158 1791 2194 :
1817 2142 1959 2197 alius
1973 2153 2059 2200 est

2178 2138 2593 2210 κατατολμῆσαι,
2628 2135 2723 2189 καὶ
2744 2134 2963 2205 Πατέρα
2987 2131 3178 2186 ἐαυτοῦ
3203 2131 3294 2185 τὸν
3317 2130 3447 2184 Θεὸν
3468 2129 3758 2197 ὀνομάσαι.

470 2238 624 2300 pater
648 2230 925 2296 vitiorum,
959 2247 1082 2303 qua:
1111 2232 1164 2286 in
1197 2241 1248 2288 te
1271 2241 1403 2288 sunt
1429 2249 1443 2298 ;
1466 2248 1591 2288 nam
1609 2249 1728 2290 mea
1757 2236 1972 2295 soboles
2007 2236 2248 2308 paternis
2276 2234 2440 2290 bonis
2476 2232 2792 2295 decoratur,
2831 2227 2975 2282 ﬁlius
2997 2224 3364 2282 misericordis
3403 2221 3762 2284 misericors;

471 2325 668 2396 integri
695 2334 750 2378 et
786 2324 934 2394 puri,
969 2327 1182 2397 integer
1218 2335 1272 2382 et
1311 2343 1482 2398 purus
1517 2338 1640 2397 est;
1679 2342 1970 2402 corruptus
2000 2334 2214 2389 alienus
2245 2338 2329 2386 est
2395 2330 2466 2388 ab
2499 2329 2862 2396 incorrupto;
2927 2335 2982 2377 et
3015 2329 3073 2376 ut
3101 2319 3416 2378 summatim
3441 2318 3653 2380 dicam,
3696 2331 3762 2370 ex

473 2417 616 2473 bono
661 2416 859 2481 bonus,
884 2426 940 2470 et
973 2431 1042 2472 ex
1066 2419 1219 2488 justo
1242 2419 1430 2489 justus
1459 2421 1680 2488 editur;
1712 2438 1812 2478 vos
1861 2433 2043 2481 autem
2075 2441 2184 2480 non
2215 2425 2365 2486 novi,
2409 2421 2553 2478 unde
2592 2419 2731 2474 sitis.
2757 2417 3027 2485 Quocirca
3066 2415 3382 2487 priusquam
3427 2411 3629 2481 aliquis
3657 2409 3764 2464 vita

473 2491 724 2577 expiatuos
752 2519 806 2566 et
835 2517 1172 2581 expurgatus
1190 2511 1282 2574 sit,
1307 2510 1674 2584 periculosum
1707 2523 1793 2568 est
1817 2515 1871 2569 in
1897 2515 2000 2572 hac
2015 2517 2264 2572 oratione
2281 2513 2540 2568 audacem
2565 2525 2708 2575 esse,
2735 2517 2790 2564 ct
2819 2507 3033 2562 Patrem
3067 2521 3224 2560 suum
3253 2503 3418 2557 Deum
3456 2502 3763 2560 nominare.

547 2601 748 2658 Verum
778 2604 1067 2660 audiamus
1096 2619 1293 2660 rursus
1326 2607 1495 2660 verba
1527 2607 1816 2675 orationis,
1869 2609 1917 2665 si
1951 2625 2062 2681 quo

474 2694 638 2750 modo
663 2695 804 2753 forte
831 2697 1113 2753 crebriore
1139 2698 1486 2768 repetitione,
1511 2713 1695 2758 rerum
1719 2702 2060 2756 occultarum

475 2784 749 2843 sententia
784 2803 815 2843 a
845 2789 1006 2845 nobis
1039 2789 1406 2845 animadverti
1437 2801 1602 2861 atque
1639 2794 1902 2864 cognosci
1929 2810 2058 2866 pos-

475 2878 568 2934 sit.
614 2880 777 2934 Pater
817 2891 1015 2948 noster,
1064 2882 1238 2951 quies
1283 2882 1340 2936 in
1367 2882 1536 2938 coriis.
1566 2881 1862 2940 Enimvero
1917 2884 2063 2955 quod

479 2969 590 3024 vita
622 2986 748 3025 cum
791 2971 995 3026 virtute
1041 2972 1339 3042 conjuncta
1371 2971 1516 3028 Deus
1559 2975 1940 3031 conciliandus
1970 2977 2062 3040 sit,

479 3060 832 3116 mediocriter
861 3077 894 3117 a
927 3063 1088 3118 nobis
1114 3079 1212 3133 per
1242 3078 1329 3127 ea,
1379 3079 1501 3134 quae
1535 3080 1702 3135 supra
1735 3067 1882 3123 dicta
1913 3075 2064 3131 sunt,

2251 2607 2410 2662 Ἀλλὰ
2457 2604 2784 2674 ἀκούσωμεν
2837 2601 2946 2654 τῶν
3002 2599 3100 2670 τῆς
3151 2595 3460 2668 προσευχῆς
3497 2594 3766 2665 ῥημάτων

2167 2702 2357 2766 πάλιν,
2401 2698 2563 2770 εἴτις
2607 2698 2716 2766 ἄρα
2773 2695 2986 2766 γένοιτο
3027 2693 3161 2762 ἡμῖν
3203 2688 3312 2741 τῶν
3362 2687 3612 2758 κρυφίων
3671 2682 3766 2737 τοῦ

2168 2792 2261 2851 νοῦ
2293 2790 2620 2863 κατανόησις
2651 2786 2738 2842 διὰ
2787 2788 2886 2858 τῆς
2917 2780 3309 2860 συνεχεστέρας
3343 2777 3764 2846 ἐπαναλήψεως.

2171 2886 2365 2954 Πάτερ
2388 2883 2578 2954 ήμῶν,
2611 2885 2642 2937 ὀ
2679 2881 2748 2934 ἐν
2777 2881 2900 2947 τοῖς
2927 2875 3375 2947 οὐρανοῖς-(Ὅτι
3407 2875 3502 2945 μὲν
3536 2868 3631 2926 οὖν
3658 2871 3768 2944 χρὴ

2171 2978 2250 3050 τῷ
2276 2979 2396 3031 κατ’
2425 2974 2624 3048 ἀρετὴν
2661 2973 2759 3045 βίῳ
2794 2973 2885 3027 τὸν
2928 2972 3060 3025 Θεὸν
3088 2967 3494 3029 οἰκειώσασθαι,
3525 2965 3768 3036 μετρίως

2171 3071 2306 3140 ἡμῖν
2335 3065 2424 3120 διὰ
2453 3064 2563 3118 τῶν
2591 3063 2971 3135 προλαϐόντων
3021 3061 3311 3132 ἐξήτασται
3364 3057 3558 3124 λόγων.
3610 3054 3772 3107 Δοκεῖ

479 3159 766 3207 ostensum
797 3158 902 3207 est.
942 3151 1050 3208 Sed
1090 3153 1348 3207 videntur
1383 3153 1517 3207 mihi
1549 3153 1666 3210 haec
1706 3155 1871 3210 verba
1905 3160 2069 3212 etiam

2178 3159 2231 3213 δέ
2265 3175 2354 3230 μοι
2400 3157 2496 3211 καὶ
2536 3154 2840 3227 βαθυτέραν
2878 3153 3002 3208 τινὰ
3039 3153 3277 3206 διάνοιαν
3318 3145 3714 3220 ὑποσημαίνειν
3739 3147 3768 3199 6

481 3239 896 3312 profundiorem
926 3243 1219 3312 quamdam
1242 3243 1570 3308 sententiam
1597 3245 1922 3316 designare;
1956 3247 2072 3302 hinc

481 3335 628 3387 enim
667 3341 722 3388 et
757 3333 968 3404 patriae,
1016 3349 1084 3389 ex
1131 3341 1239 3404 qua
1267 3335 1592 3400 excidimus,
1646 3345 1702 3392 et
1730 3339 2073 3409 cognationis

483 3437 648 3492 quam
680 3425 994 3492 amisimus,
1041 3424 1476 3482 recordationem
1519 3427 1681 3484 nobis
1725 3428 2071 3499 ingenerant.

483 3514 698 3571 Etenim
731 3517 786 3571 in
825 3516 916 3572 illa
950 3519 1284 3585 narratione,
1312 3533 1475 3591 quam
1503 3519 1572 3576 de
1601 3521 1953 3579 adolescente
1977 3539 2075 3578 ex-

485 3609 660 3679 ponit,
688 3609 781 3680 qui
808 3610 992 3666 sedem
1014 3611 1248 3681 patriam
1271 3613 1592 3683 reliquerat,
1611 3624 1666 3670 et
1692 3616 1762 3670 ad
1789 3617 2074 3686 porcinam

484 3701 648 3755 vitam
684 3701 998 3768 transierat,
1035 3703 1426 3759 historicorum
1455 3719 1608 3761 more
1633 3706 1931 3762 abitionem
1956 3708 2078 3778 ejus

488 3803 544 3846 et
588 3795 776 3848 luxum
826 3797 1124 3860 narrando,
1185 3798 1468 3854 miseriam
1505 3799 1800 3856 humanam
1836 3800 2080 3857 Verbum

488 3884 751 3950 ostendit;
782 3901 892 3940 non
923 3894 1108 3942 autem
1137 3889 1292 3958 prius
1317 3904 1444 3945 eum
1476 3891 1546 3944 ad
1576 3893 1870 3962 pristinam
1905 3894 2081 3950 felici-

491 3985 656 4031 tatem
694 3977 926 4044 reducit,
959 3995 1125 4048 quam
1168 3996 1390 4036 sensum
1425 3985 1716 4053 prmsentis
1747 3987 2080 4044 calamitatis

491 4059 854 4129 suscepisset,
906 4071 960 4116 et.
994 4061 1064 4116 ad
1090 4077 1214 4118 sese
1256 4079 1516 4146 reversus
1543 4068 1882 4137 pmnitentiaa
1913 4073 2083 4127 verba

491 4151 748 4204 meditari
795 4152 1095 4220 coepisset:
1161 4153 1278 4210 haec
1307 4165 1493 4211 autem
1522 4159 1710 4228 aliquo
1746 4162 1912 4217 modo
1956 4178 2080 4217 cum

491 4241 678 4296 verbis
727 4242 994 4302 orationis
1031 4246 1429 4315 congruebant,
1483 4247 1700 4304 dicebat
1741 4252 1888 4306 enim
1927 4253 2080 4309 illic:

493 4333 681 4397 Pater,
711 4335 922 4402 peccavi
957 4335 1012 4389 in
1045 4337 1257 4404 caelum,
1287 4347 1338 4392 et
1369 4355 1550 4394 coram
1580 4352 1628 4399 te
1649 4341 1726 4396 δίς
1769 4358 1880 4398 non
1931 4345 2084 4414 adje-

493 4437 685 4482 cturus
729 4426 1068 4484 confessioni
1114 4439 1401 4500 peccatum
1433 4432 1490 4486 in
1524 4434 1750 4500 coelum,
1799 4436 1906 4492 nisi
1957 4453 2084 4508 per-

495 4533 694 4574 suasus
733 4519 838 4576 sibi
877 4521 1110 4591 patriam
1155 4539 1280 4580 esse
1315 4526 1540 4589 malum,
1591 4542 1701 4597 quo
1734 4527 1925 4583 relicto
1958 4545 2086 4598 pec-

494 4618 762 4666 caverat:
807 4621 1144 4684 quapropter
1186 4616 1352 4671 etiam
1399 4617 1674 4687 ejusmodi
1718 4619 2087 4676 confessionis

495 4701 778 4757 meditatio
794 4704 946 4758 aditu
961 4703 1177 4761 facilem
1195 4707 1244 4762 ei
1264 4717 1474 4777 patrem
1492 4709 1646 4765 efﬁcit
1660 4752 1674 4776 ,
1689 4710 1826 4766 adeo
1845 4718 1904 4765 ut
1918 4711 2085 4766 etiam

496 4795 897 4850 accurreretad
928 4812 1075 4860 cum,
1094 4806 1150 4853 et
1176 4801 1366 4855 osculo
1381 4801 1582 4856 collum
1612 4811 1893 4872 appeteret
1918 4801 2082 4874 (quod

495 4884 766 4939 rationale
781 4883 974 4955 jugum
995 4887 1290 4957 signiﬁcat,
1316 4906 1413 4960 per
1428 4877 1706 4962 Evangelii
1731 4894 2082 4949 traditionem

497 4975 730 5039 homini,
746 4977 840 5046 qui
857 4976 1090 5047 primum
1107 4982 1359 5050 praecepti
1373 4982 1566 5054 jugum
1581 5001 1642 5039 ex
1655 4992 1829 5048 uerat,
1847 4993 1902 5040 et
1919 4985 2090 5055 legem

497 5065 784 5122 custodem
809 5069 1215 5138 repudiaverat,
1241 5088 1339 5142 per
1360 5088 1422 5128 os
1440 5074 1728 5144 injectum)
1747 5085 1912 5147 atque
1927 5077 2091 5139 etiam

2175 3249 2331 3318 λόγος
2357 3265 2371 3279 ·
2421 3246 2596 3301 ταῦτα
2636 3247 2746 3318 γὰρ
2787 3245 3094 3316 ὑπόμνησιν
3143 3245 3273 3315 ἡμῖν
3317 3242 3535 3313 ἐμποιεῖ
3572 3240 3669 3310 τῆς
3710 3255 3768 3290 τε

2179 3341 2439 3414 πατρίδος
2483 3335 2552 3412 ἧς
2591 3337 3050 3410 ἐκπεπτώκαμεν,
3091 3338 3186 3392 καὶ
3219 3337 3318 3407 τῆς
3362 3333 3660 3402 εὐγενείας,
3701 3327 3769 3404 ἧς

2178 3431 2590 3503 ἀπεϐλήθημεν.
2644 3431 2754 3484 Καὶ
2803 3429 2912 3500 γὰρ
2944 3431 3003 3484 ὲν
3023 3428 3100 3500 τῷ
3129 3428 3270 3483 κατά
3295 3426 3395 3479 ’τὸν
3428 3425 3546 3479 νέον
3577 3425 3772 3494 διηγή-

2181 3544 2333 3597 ματι,
2369 3525 2460 3578 τὸν
2489 3524 2804 3579 ἀποστάντα
2832 3525 2932 3594 τῆς
2964 3521 3225 3594 πατρῴας
3255 3521 3458 3584 ἑστίας,
3495 3519 3590 3572 καί
3634 3517 3772 3588 πρὸς

2177 3617 2270 3671 τὸν
2301 3614 2533 3686 χοιρώδη
2589 3615 2702 3686 βίον
2746 3614 3224 3686 αὐτομολήσαντα,
3267 3614 3365 3682 τὴν
3418 3611 3772 3684 ἀνθρωπίνην

2180 3709 2473 3779 ἀθλιότητα
2503 3707 2780 3761 δείκνυσιν
2813 3710 2840 3760 6
2867 3708 3037 3776 Λόγος
3082 3705 3370 3778 ἱπορικῶς
3413 3704 3773 3776 διηγούμενος

2180 3801 2280 3874 τὴν
2312 3799 2674 3870 ἀποφοίτησιν
2704 3799 2870 3853 αὐτοῦ
2891 3799 2986 3853 καὶ
3008 3799 3105 3871 τὴν
3132 3798 3397 3852 ἀσωτίαν⁹
3417 3798 3477 3850 οὐ
3505 3796 3775 3866 πρότερον

2181 3892 2239 3945 δὲ
2261 3891 2422 3945 αὐτὸν
2441 3878 2716 3960 ¹ἐπανάγει
2739 3891 2876 3964 πρὸς
2894 3891 2994 3962 τὴν
3019 3890 3080 3957 ἐξ
3101 3891 3274 3962 ἀρχῆς
3306 3887 3623 3961 εὐκληρίαν,
3644 3881 3776 3958 πρῖν

2183 3984 2436 4055 αἴσθησιν
2473 3984 2636 4054 αὐτὸν
2663 3985 2760 4056 τῆς
2823 3983 3103 4055 παρούσης
3137 3983 3427 4038 ἀναλαϐεῖν
3462 3982 3773 4052 συμφορᾶς,

2183 4078 2264 4140 εἰς
2285 4075 2478 4129 ἐαυτὸν
2509 4074 2702 4142 ἐλθεῖν,
2733 4076 2828 4130 καὶ
2855 4074 3152 4144 μελετῆσαι
3178 4073 3248 4127 τά
3276 4075 3375 4144 τῆς
3411 4071 3777 4144 μεταμελείας

2189 4170 2432 4241 ῥήματα.
2481 4167 2672 4222 Ταῦτα
2716 4168 2775 4222 δὲ
2825 4163 2894 4238 ἦν
2946 4167 3317 4238 συμϐαίνοντά
3373 4183 3491 4230 πως
3522 4166 3632 4227 τοῖς
3674 4163 3779 4233 τῆς

2187 4259 2498 4333 προσευχῆς
2529 4259 2739 4327 λόγοιςο
2771 4259 2940 4328 ἔφησε
2969 4259 3078 4332 γὰρ
3108 4261 3242 4313 ἐκεῖ
3272 4259 3483 4328 Πάτερ,
3511 4257 3779 4327 ἥμαρτον

2187 4355 2276 4420 εὶς
2306 4351 2416 4406 τὸν
2440 4351 2704 4418 οὐρανὸν
2729 4353 2829 4406 καὶ
2851 4351 3108 4405 ἐνώπιόν
3131 4367 3249 4406 σου
3266 4369 3280 4382 ·
3317 4352 3417 4404 οὐκ
3433 4350 3498 4404 ἂν
3519 4347 3776 4422 προσθεὶς

2188 4447 2256 4516 τῇ
2301 4442 2689 4513 ἐξομολογήσει
2739 4443 2838 4514 τὴν
2862 4443 2944 4506 είς
2995 4443 3089 4496 τὸν
3111 4442 3338 4515 οὐρανὸν
3375 4442 3670 4513 ἁμαρτίαν,
3701 4438 3776 4510 μὴ

2192 4534 2558 4604 πεπεισμένος
2577 4535 2810 4607 πατρίδα
2837 4530 2977 4590 εἶναι
3001 4536 3090 4589 τὸν
3109 4535 3356 4606 οὐρανὸν,
3378 4535 3438 4587 ὃν
3464 4531 3777 4588 καταλιπὼν

2192 4627 2620 4699 ἐπλημμέλησε·
2651 4626 2740 4680 διὰ
2780 4627 2940 4680 τοῦτο
2988 4628 3084 4681 καὶ
3130 4627 3454 4698 εὐπρόσιτον
3496 4625 3648 4694 αὐτῷ
3688 4623 3776 4676 τὸν

2189 4717 2456 4788 πατέραή
2487 4716 2683 4788 μελέτη
2711 4718 2811 4788 τῆς
2848 4717 3106 4786 τοιαύτης
3138 4716 3576 4788 ἑξομολογήσεως
3603 4715 3774 4785 ἀπερ-

2190 4807 2441 4877 γάζεται,
2485 4807 2628 4861 ὥστε
2673 4809 2767 4861 καὶ
2799 4808 3171 4879 προσδραμεῖν
3195 4807 3364 4878 αὐτῷ,
3395 4807 3489 4860 καὶ
3515 4805 3775 4875 φιλήματι

2188 4900 2279 4952 τὸν
2302 4898 2574 4970 τράχηλον
2596 4899 2955 4964 δεξιώσασθαι
2991 4901 3149 4971 (ὅπερ
3175 4900 3427 4970 σημαίνει
3457 4898 3547 4951 τὸν
3566 4897 3779 4966 λογικὸν

2197 4991 2382 5060 ζυγὸν,
2441 4991 2534 5044 τὸν
2574 4989 2662 5044 διὰ
2710 4991 2977 5060 στόματος
3013 4990 3374 5060 ἐπιϐληθέντα
3401 4989 3479 5059 τῷ
3508 4987 3779 5057 ἀνθρώπῳ

2196 5081 2283 5132 διὰ
2338 5080 2440 5150 τῆς
2504 5080 2866 5150 εὐαγγελικῆς
2901 5080 3272 5151 παραδόσεως,
3322 5079 3400 5150 τῷ
3439 5077 3653 5131 ὲκδύντι
3682 5075 3778 5144 τὴν

498 5159 639 5214 stola
665 5159 1035 5216 circumdaret
1062 5177 1210 5230 eum,
1237 5179 1344 5218 non
1375 5166 1504 5234 alia,
1528 5167 1621 5222 sed
1649 5168 1846 5237 prima,
1869 5184 1976 5240 qua
2001 5183 2066 5238 pe

2199 5171 2426 5243 πρώτην
2492 5173 2592 5242 τῆς
2650 5171 2874 5242 ἐντολῆς
2925 5171 3178 5242 ζεύγλην,
3241 5172 3331 5225 καί
3364 5167 3778 5236 ἀποσεισαμένῳ

499 5251 929 5307 inobedientiam
962 5253 1202 5310 nudatus
1229 5264 1368 5321 erat,
1402 5257 1568 5311 simul
1599 5269 1766 5328 atque
1803 5259 2096 5315 interdicta

501 5353 802 5411 gustasset,
852 5345 1060 5399 nudum
1096 5362 1219 5402 sese
1251 5348 1628 5418 cormpicatus.
1663 5350 1914 5408 Annulus
1961 5351 2091 5406 item

505 5434 561 5488 in
590 5435 760 5507 digito
781 5453 878 5506 per
907 5440 1247 5509 sculpturam
1275 5442 1412 5510 palm
1440 5442 1695 5514 imaginis
1717 5445 2094 5514 recuperatio-

507 5540 630 5579 nem
672 5529 968 5598 signiﬁcat.
1005 5530 1181 5584 Munit
1211 5541 1392 5588 autem
1429 5535 1593 5588 etiam
1652 5535 1820 5604 pedes
1880 5537 2093 5591 calcea-

511 5619 730 5683 mentis,
761 5623 1004 5678 ncnudo
1032 5625 1296 5680 calcanco
1345 5628 1512 5698 capiti
1565 5629 1836 5700 serpentis
1900 5641 2097 5702 appro-

588 5793 630 5836 ξ’
670 5795 801 5858 Luc.
836 5813 924 5864 xv,
957 5800 1045 5853 2|.
1129 5802 1169 5832 ⁵³
1199 5804 1333 5859 Gen.
1372 5820 1452 5869 ιιι,
1487 5807 1571 5859 -l0.

2198 5263 2292 5316 τὸν
2323 5263 2665 5332 φυλάσσοντα
2706 5262 2914 5332 νόμον),
2947 5261 3246 5332 περιθεῖναι
3283 5261 3342 5314 δὲ
3376 5259 3524 5330 αὐτῷ
3561 5257 3653 5310 καὶ
3684 5257 3779 5326 τὴν

2203 5355 2419 5426 στολὴν,
2465 5354 2565 5406 οὐκ
2599 5353 2786 5424 ἀλληνζ
2817 5352 2952 5406 ἀλλά
2989 5353 3087 5423 τὴν
3117 5351 3360 5423 πρώτην,
3393 5345 3461 5422 ἧς
3495 5347 3778 5417 ἐγυμνώθη

2201 5446 2288 5499 διὰ
2318 5449 2416 5516 τῆς
2450 5445 2758 5516 παρακοῆς,
2792 5443 2928 5514 ὁμοῦ
2967 5447 3031 5514 τῇ
3055 5443 3240 5510 γεύσει
3266 5444 3374 5496 τῶν
3403 5435 3780 5510 ἀπειρημένων

2203 5536 2408 5606 γυμνὸν
2472 5535 2662 5589 ἑαυτὸν
2710 5535 3065 5606 θεασάμενος.
3098 5537 3167 5590 ’Ὀ
3204 5554 3264 5590 τε
3325 5537 3454 5605 περ)⁸
3499 5531 3596 5600 τὴν
3629 5533 3778 5602 χεῖρα

2203 5629 2510 5695 δακτύλιος,
2561 5629 2646 5683 διὰ
2684 5629 2780 5701 τῆς
2829 5631 2885 5684 ἐν
2920 5632 2985 5699 τῇ
3022 5628 3277 5702 σφενδόνη
3319 5627 3524 5698 γλυφῆς
3564 5623 3660 5695 τὴν
3690 5625 3779 5696 τῆς
