4018 6364
167 412 331 470 1145

161 626 282 677 καὶ
336 625 464 686 τοὺς
512 623 680 687 πόδας
717 625 829 687 τοῖς
857 622 1220 694 ὑποδήμασιν,
1257 623 1334 688 ὡς
1372 624 1439 678 ἂν
1482 625 1558 697 μὴ
1594 625 1775 695 γυμνῇ

106 730 109 761 r
165 718 251 786 τῇ
275 715 508 787 πτέρνῃ,
543 718 609 787 τῇ
650 714 859 786 κεφαλῇ
897 715 996 767 τοῦ
1028 714 1205 785 ὄφεως
1242 715 1642 785 προσεγγίζων,
1680 717 1779 787 ἑμ-

168 808 364 878 πίπτῃ
390 806 471 876 τῷ
491 807 751 878 δήγματι.
787 807 998 876 ’Ὠσπερ
1032 806 1213 860 τοίνυν
1251 809 1368 860 ἐκεῖ
1394 808 1493 878 τῆς
1519 807 1671 880 παρὰ
1683 806 1777 861 τοῦ

106 916 109 947 ς
170 900 397 972 πατρὸς
451 898 860 970 φιλανθρωπίας
911 899 1060 953 αἰτία
1097 898 1288 967 γέγονε
1328 899 1407 970 τῷ
1444 900 1550 970 νέῳ
1581 901 1616 972 ἡ
1643 899 1779 971 πρὸς

169 991 289 1060 τὴν
336 988 598 1061 πατρῴαν
659 988 846 1042 ἑστίαν
880 988 1186 1060 ἐπιστροφὴ
1226 988 1404 1059 (αὕτη
1461 989 1517 1042 δέ
1566 990 1715 1042 ἐστιν
1749 989 1780 1041 ὁ

171 1082 421 1153 οὐρανὸς
458 1083 537 1145 εἰς
575 1081 634 1134 ὃν
672 1081 1198 1152 πεπλημμεληκέναι
1245 1082 1327 1152 τῷ
1366 1082 1534 1153 πατρὶ
1578 1081 1776 1153 λέγει),

171 1171 336 1225 οὕτω
372 1173 467 1225 καὶ
501 1170 735 1225 ἐνταῦθα
759 1171 909 1225 δοκεῖ
944 1189 1033 1242 μοι
1075 1171 1342 1226 διδάσκων
1378 1174 1408 1225 ὁ
1445 1172 1650 1242 Κύριος
1688 1172 1779 1226 τὸν

106 1282 107 1311 1
172 1266 249 1317 ὲν
294 1265 411 1326 τοῖς
458 1264 709 1336 οὐρανοῖς
736 1264 1113 1318 ἐπικαλεῖσθαι
1150 1264 1400 1337 Πατέρα,
1444 1267 1663 1336 μνήμην
1697 1260 1780 1318 σοι

174 1355 468 1410 ποιεῖσθαι
520 1356 616 1426 τῆς
655 1355 867 1427 ἀγαθῆς
908 1356 1186 1428 πατρίδος,
1247 1356 1323 1421 ὡς
1364 1357 1432 1411 ἂν
1483 1357 1779 1429 ἐπιθυμίαν

106 1466 107 1491 1
180 1447 561 1519 σφοδροτέραν
598 1447 706 1502 τῶν
745 1447 925 1502 καλῶν
942 1449 1269 1520 ἐμποιήσας,
1292 1449 1607 1521 ἐπιστήσειὲ
1633 1466 1692 1503 σε
1711 1452 1778 1522 τῇ

175 1539 298 1610 ὁδῷ
334 1542 398 1611 τῇ
432 1541 568 1613 πρὸς
604 1540 700 1613 τὴν
738 1541 969 1613 πατρίδα
1008 1542 1170 1596 πάλιν
1209 1541 1580 1614 ἑπαναγούσῃ.
1631 1542 1781 1607 Ὁδὸς

106 1650 107 1657 η
176 1628 246 1681 δὲ
288 1630 324 1700 ἡ
354 1628 491 1699 πρὸς
532 1630 623 1683 τὸν
655 1631 883 1702 οὐρανὸν
931 1632 1029 1702 τὴν
1078 1631 1426 1704 ἀνθρωπίνην
1468 1632 1630 1703 φύσιν
1681 1634 1780 1687 ἀν-

179 1721 423 1790 άγουσα,
448 1722 770 1794 οὐδεμίατίς
807 1725 955 1779 ἑστιν
975 1723 1205 1795 dumi-2i
1241 1724 1315 1796 μὴ
1336 1727 1479 1797 φυγὴ
1519 1727 1613 1778 καὶ
1642 1726 1780 1779 ἀπό-

106 1842 107 1867 ;
182 1827 384 1876 στασις
418 1812 527 1866 τῶν
590 1815 885 1886 περιγείων
935 1815 1152 1869 κακῶν·
1194 1816 1293 1886 τῆς
1345 1816 1402 1870 δὲ
1442 1817 1622 1887 φυγῆς
1670 1815 1781 1869 τῶν

183 1903 383 1958 κακῶν
420 1905 652 1972 ἐπίνοια,
698 1906 799 1959 οὐκ
832 1906 965 1978 ἄλλη
1007 1907 1097 1978 μοί
1131 1924 1217 1971 τις
1252 1903 1393 1962 εἶναι
1430 1907 1596 1973 δοκεῖ,
1642 1908 1782 1980 πλὴν

106 2030 107 2055 ;
178 1998 297 2070 τῆς
354 1998 491 2068 πρὸς
531 1998 622 2051 τὸν
659 1999 792 2052 Θεὸν
828 1998 1160 2069 ὁμοιώσεως.
1216 1999 1289 2053 Τὸ
1346 1999 1404 2052 δὲ
1450 2000 1782 2071 ὁμοιωθῆναι

106 2118 107 2145 :
181 2091 343 2164 Θεῷ,
376 2093 438 2146 τὸ
486 2091 694 2146 δίκαιόν
740 2108 799 2145 τε
850 2092 944 2145 καὶ¹
995 2093 1141 2146 ὅσιον
1179 2092 1272 2147 καὶ
1323 2091 1547 2161 ἀγαθὸν,
1583 2093 1680 2146 καὶ⁵
1714 2092 1783 2147 τὰ

106 2230 109 2241 ,
181 2180 423 2237 τοιαῦτά
455 2183 571 2236 ἑστι
607 2182 879 2251 γενέσθαι.
910 2175 1011 2236 Ὧν
1036 2182 1092 2235 εί
1121 2201 1227 2249 τις,
1270 2183 1348 2247 ὡς
1384 2182 1500 2237 ἔστι
1535 2183 1781 2250 δυνατὸν,

106 2304 107 2335 ι
186 2275 324 2338 τοὺς
360 2273 714 2346 χαρακτῆρας
738 2274 986 2347 ἐναργῶς
1010 2275 1069 2327 ἑν
1097 2273 1278 2345 ἑαυτῷ
1295 2274 1619 2340 τυπώσειεν,
1648 2274 1785 2345 ἀμο-

106 2408 109 2435 γ
185 2366 328 2436 γητὶ
349 2365 489 2419 κατά
515 2366 577 2419 τὸ
601 2364 909 2436 αὐτόματον
937 2365 1075 2437 πρὸς
1095 2365 1188 2418 τὸν
1206 2364 1454 2436 οὐράνιον
1477 2363 1655 2436 χῶρον
1675 2364 1784 2417 ἀπὸ

106 2496 107 2527 ξ
183 2452 292 2506 τοῦ
353 2454 635 2524 περιγείου
693 2454 1091 2525 μεταστήσεται
1141 2454 1279 2525 βίου.
1322 2455 1397 2508 Οὐ
1437 2457 1546 2526 γὰρ
1583 2455 1784 2525 τοπικὴ

106 2598 107 2621 η
184 2547 292 2601 τοῦ
334 2546 493 2601 Θείου
545 2546 684 2620 πρὸς
735 2547 797 2601 τὸ
835 2546 1173 2619 ἀνθρώπινόν
1221 2547 1370 2601 ἑστιν
1405 2549 1439 2619 ἡ
1482 2547 1782 2616 διάστασις,

106 2682 107 2709 γ
186 2640 340 2695 ὥστε
376 2640 520 2703 τινὸς
546 2642 791 2711 μηχανῆς
835 2657 896 2693 τε
932 2641 1066 2711 ἡμῖν
1103 2641 1197 2693 καὶ
1231 2638 1497 2708 ςὲπινοίας
1530 2638 1783 2708 γενέσθαι

187 2732 410 2807 χρείαν,
444 2732 507 2785 τὸ
543 2731 679 2803 βαρύ
719 2748 779 2784 τε
832 2731 928 2785 καὶ
967 2731 1228 2803 ἐμϐριθὲς
1260 2731 1354 2784 καὶ
1392 2731 1595 2800 γεῶδες
1627 2729 1787 2784 τοῦτο

106 2864 109 2893 γ
190 2823 425 2895 σαρκίον
460 2824 599 2895 πρὸς
634 2823 735 2894 τὴν
762 2822 1052 2893 ἀσώματόν
1080 2840 1140 2876 τε
1167 2824 1261 2877 καὶ
1280 2821 1474 2895 νοεράν
1509 2821 1784 2893 διαγωγὴν

191 2911 530 2993 μετοικίζειν
553 2931 568 2945 '
608 2913 744 2967 ἀλλὰ
781 2915 988 2987 νοητῶς
1015 2914 1117 2985 τῆς
1141 2913 1346 2985 ἀρετῆς
1366 2912 1458 2967 τοῦ
1487 2912 1659 2967 κακοῦ
1689 2930 1784 2967 κε-

190 3006 573 3079 χωρισμένης,
614 3008 673 3060 ἑν
722 3007 861 3080 μόνῃ
897 3010 963 3079 τῇ
1004 3006 1319 3080 προαιρέσει
1357 3004 1453 3059 τοῦ
1497 3005 1785 3076 ἀνθρώπου

193 3101 399 3162 κεῖται,
464 3098 602 3170 πρὸς
661 3099 799 3170 ὅπερ
834 3097 901 3152 ἂν
940 3098 1247 3169 ἑπικλιθείη
1285 3099 1351 3169 τῇ
1386 3096 1686 3169 ἐπιθυμίᾳ,
1728 3097 1786 3151 ἐν

193 3188 397 3259 ἐκείνῳ
429 3181 588 3243 εἶναι.
641 3187 795 3241 Ἐπεὶ
820 3183 913 3241 οὖν
940 3187 1114 3252 οὐδεὶς
1150 3187 1341 3241 ἕπεται
1371 3187 1531 3252 πόνος
1570 3186 1786 3240 ἑλέσθαι

190 3281 258 3334 τὸ
287 3279 493 3349 ἀγαθὸν
544 3278 663 3351 (τῷ
695 3279 754 3333 δὲ
793 3278 1005 3332 ἑλέσθαι
1038 3279 1134 3333 καὶ
1171 3278 1231 3332 τὸ
1258 3279 1440 3349 τυχεῖν
1476 3278 1667 3331 ἕπεται
1707 3270 1785 3332 ὧν

191 3388 285 3435 τις
312 3370 635 3443 προείλετο),
670 3370 845 3438 ἔξεστί
879 3388 960 3427 σοι
992 3369 1154 3434 εὐθὺς
1192 3370 1249 3423 ἑν
1278 3371 1360 3442 τῷ
1382 3369 1594 3442 οὐρανῷ
1621 3366 1783 3438 εἶναι,

191 3462 291 3517 τὸν
315 3462 447 3516 Θεὸν
484 3463 543 3517 ἑν
561 3464 629 3534 τῇ
665 3461 1119 3535 διανοίᾳλαϐόντι.
1155 3461 1218 3515 Εἰ
1257 3460 1386 3531 γὰρ,
1418 3459 1601 3524 καθώς
1620 3477 1785 3531 φησιν

190 3555 229 3607 ϐ
268 3555 726 3626 Ἐκκλησιαστὴς,
774 3556 827 3609 '0
858 3555 1003 3623 Θεὸς
1031 3555 1102 3608 ἐν
1130 3552 1210 3619 τῷ
1244 3552 1499 3621 οὐρανῷ,
1530 3555 1594 3606 σὺ
1622 3553 1679 3606 δὲ
1706 3553 1786 3625 τῷ

106 3710 107 3713 η
193 3645 356 3717 Θεῷ,
397 3647 540 3700 κατά
568 3647 661 3700 τὸν
707 3643 1002 3719 Προφήτην
1050 3646 1523 3719 προσεκολλήθηςο
1570 3648 1783 3721 ἀνάγκη

193 3742 357 3795 πᾶσα
394 3739 484 3793 τὸν
512 3738 589 3811 τῷ
626 3738 744 3810 Θεῷ
777 3739 1118 3810 συνημμένον
1151 3741 1268 3793 ἐκεῖ
1304 3736 1444 3793 εἶναι
1480 3741 1612 3793 ὅπου
1638 3741 1786 3796 ἐστὶν

193 3835 225 3887 ὁ
253 3833 411 3897 Θεός.
442 3831 758 3906 Προστάξας
781 3832 961 3886 τοίνυν
980 3831 1038 3885 ἐν
1059 3835 1124 3903 τῇ
1147 3834 1421 3903 προσευχῇ
1444 3832 1623 3902 λέγειν
1650 3832 1787 3903 πρὸς

194 3925 400 3980 ἑαυτοῦ
435 3926 528 3981 τὸν
564 3924 718 3987 Θεὸν,
755 3923 906 3979 οὐδὲν
945 3924 1153 3997 ἕτερον,
1189 3925 1223 3995 ἢ
1262 3924 1579 3994 ὁμοιοῦσθαί
1618 3941 1679 3976 σε
1718 3926 1785 3994 τῇ

196 4017 498 4087 θεοπρεπεί
534 4015 778 4088 πολιτείᾳ
807 4014 885 4087 τῷ
921 4015 1158 4087 οὐρανίῳ
1189 4008 1398 4069 κελεύει
1426 4016 1622 4085 Πατρὶ,
1653 4015 1789 4069 καθ-

199 4107 349 4179 άπερ
388 4108 482 4161 καὶ⁸
520 4106 899 4179 φανερώτερον
938 4106 1167 4178 ἑτέρωθι
1205 4106 1267 4160 τὸ
1301 4106 1541 4161 τοιοῦτον
1580 4123 1789 4179 παρεγ-

197 4202 344 4272 γυᾷ,
397 4199 605 4269 λέγων·
642 4201 900 4255 Γίνεσθε
942 4200 1186 4264 τέλειοι,
1243 4201 1327 4266 ὡς
1368 4200 1466 4254 καὶ
1516 4204 1549 4257 ὀ
1588 4199 1790 4271 Πατὴρ

196 4292 375 4363 ὑμῶν
409 4295 444 4347 ό
479 4293 751 4361 οὐράνιος
784 4292 1009 4360 τέλειός
1038 4293 1232 4348 ἐστιν.
1368 4298 1379 4305 “

272 4386 339 4439 Εἰ
410 4381 504 4453 οὖν
560 4387 897 4459 νενοήκαμεν
943 4387 1044 4456 τῆς
1068 4386 1324 4458 τοιαύτης
1355 4387 1667 4458 προσευχῆς
1694 4386 1792 4457 τὴν

1128 411 1217 469 DE
1256 411 1607 469 ORATIONE
1649 411 1999 470 DOMINICA.
2045 444 2113 456 -—
2148 412 2406 471 ORATIO
2444 413 2509 471 ll.

106 540 109 573 ι
159 533 393 595 εἰκόνος
449 529 792 602 ὲπανάληψιν
852 529 1237 601 ὑποσημαίνει.
1297 529 1675 602 ’Δσφαλίζεται
1712 530 1770 583 δὲ

1890 531 2171 601 )inquans,
2212 531 2423 587 incidat
2452 532 2506 586 in
2539 548 2808 591 morsum.
2843 536 3321 603 Quemadmodum
3372 514 3465 612 igi-

3337 421 3471 479 1146

1880 630 1972 677 tur
2002 624 2115 678 illic
2144 623 2389 679 reversio
2420 626 2486 680 ad
2523 627 2757 695 patriam
2792 629 2977 683 sedem
3001 637 3247 698 paterna:
3278 632 3472 687 Imma-

1878 712 2072 768 nitatis
2098 712 2434 768 adolescenti
2457 729 2627 770 causa
2656 716 2865 770 exstitit
2883 717 3083 787 (patria
3110 728 3288 775 autem
3312 722 3473 778 sedes

1878 810 1998 860 erat
2029 805 2253 868 coelum,
2286 806 2340 859 in
2377 805 2524 872 quod
2561 822 2620 861 se
2651 822 2913 877 peccasse
2940 808 3008 862 ad
3044 818 3252 881 patrem
3277 810 3430 881 dicit)
3460 828 3473 865 :

1881 896 1959 950 ita
1992 896 2158 951 etiam
2189 895 2280 951 hic
2308 897 2439 951 mihi
2473 898 2760 964 Dominus,
2787 900 2917 953 dum
2943 902 3223 958 caelestem
3253 901 3468 956 Patrem

1881 986 2252 1042 invocandum
2284 1002 2409 1043 esse
2447 986 2630 1050 docet,
2660 989 2861 1043 bonam
2921 990 3068 1045 illam
3124 993 3358 1062 patriam
3414 993 3471 1047 in

1882 1078 2204 1133 memoriam
2261 1079 2513 1149 redigere
2560 1079 2659 1134 tibi
2694 1079 2933 1148 videtur,
2971 1090 3031 1134 ut
3076 1083 3472 1139 vehementiori

1881 1169 2153 1225 bonorum
2184 1169 2386 1239 injecto
2409 1170 2685 1227 desiderio
2708 1174 2869 1227 sistat
2892 1183 2944 1228 te
2974 1189 3170 1229 rursus
3199 1177 3254 1229 in
3283 1176 3368 1229 via
3399 1177 3470 1231 ad

1879 1261 2116 1332 patriam
2148 1261 2452 1317 reducenti.
2487 1261 2589 1318 Via
2620 1272 2803 1319 autem
2839 1280 2960 1334 quae
2989 1274 3240 1321 naturam
3273 1267 3468 1333 huma-

1880 1368 2008 1409 nam
2043 1354 2113 1410 ad
2162 1356 2364 1411 coelum
2398 1355 2677 1422 subducit,
2726 1357 2878 1411 nulla
2916 1364 3000 1412 est
3027 1358 3156 1420 alia,
3207 1358 3314 1414 nisi
3345 1360 3472 1430 fuga

1880 1455 1936 1502 et
1975 1446 2164 1501 vitatio
2196 1448 2454 1502 vitiorum
2495 1455 2866 1503 terrenorum.
2918 1448 3091 1503 Porro
3134 1448 3276 1519 fuga:
3313 1451 3473 1505 vitio—

1880 1552 2003 1591 rum
2038 1539 2179 1593 ratio
2211 1540 2341 1593 mihi
2375 1555 2483 1594 non
2521 1540 2623 1593 alia
2667 1540 2792 1594 iniri
2835 1557 2997 1611 posse
3025 1542 3259 1606 videtur,
3305 1558 3471 1611 quam

1883 1628 1931 1686 si
1962 1626 2057 1683 Dei
2091 1630 2303 1684 similes
2331 1630 2649 1685 evadamus.
2703 1629 2817 1685 Deo
2848 1640 3035 1686 autem
3068 1633 3302 1688 similem
3330 1632 3470 1696 ﬁeri,

1881 1728 1966 1776 est
1989 1720 2201 1791 justum
2231 1722 2436 1791 pariter
2463 1737 2528 1776 ac
2558 1730 2833 1788 sanctum,
2866 1724 3091 1787 bonum,
3122 1731 3177 1779 et
3201 1724 3472 1791 ejusmodi

1880 1811 2181 1867 virtutibus
2234 1811 2521 1882 praeditum
2582 1812 2730 1866 lieri:
2792 1828 3028 1882 quarum
3086 1814 3371 1878 virtutum,
3428 1814 3474 1868 si

1883 1903 2030 1974 quis,
2064 1903 2246 1973 quoad
2274 1903 2395 1971 ejus
2427 1901 2545 1958 ﬁeri
2575 1909 2779 1971 potest,
2820 1902 3062 1972 insignia
3092 1900 3383 1955 manifesta
3416 1901 3475 1957 in

1884 2010 2008 2051 sese
2034 1995 2394 2066 impresserit,
2429 1995 2548 2049 sine
2574 1994 2779 2059 labore,
2830 1995 3092 2063 nulloque
3118 1994 3339 2063 negotio
3379 2008 3476 2063 per

1884 2102 1946 2142 se
1972 2074 2183 2156 suaque
2213 2095 2410 2156 sponte
2437 2099 2467 2139 a
2501 2093 2717 2141 terrena
2739 2086 2851 2140 vita
2883 2084 2951 2140 ad
2979 2085 3259 2140 caelestem
3292 2085 3473 2139 locum

1884 2177 2268 2235 transferetur.
2308 2176 2426 2232 Non
2458 2177 2604 2232 enim
2641 2177 2747 2231 loci
2788 2177 3078 2232 intervallo
3104 2191 3308 2231 numen
3335 2174 3479 2230 divi-

1883 2286 2016 2325 num
2056 2270 2125 2324 ab
2154 2269 2398 2323 humano
2435 2283 2636 2340 genere
2677 2268 2870 2332 distat,
2914 2274 2973 2321 ut
3005 2267 3189 2337 aliqua
3222 2266 3477 2320 machina

1886 2362 2049 2418 nobis
2075 2370 2241 2431 atque
2276 2361 2588 2431 excogitato
2620 2361 2855 2414 artiﬁcio
2885 2359 2957 2415 sit
3001 2374 3164 2429 opus,
3220 2373 3330 2428 quo
3361 2358 3479 2413 haec

1886 2455 2091 2525 gravis,
2123 2454 2432 2525 ponderosa
2476 2462 2641 2523 atque
2679 2458 2900 2507 terrena
2931 2450 3233 2505 caruncula
3284 2450 3351 2503 ad
3390 2449 3477 2503 in-

1887 2562 2209 2619 corpoream
2256 2545 2466 2617 pariter
2507 2553 2562 2601 et
2588 2543 3029 2622 intellectualem
3085 2542 3476 2597 habitationem

1886 2640 2244 2702 traducatur;
2284 2637 2379 2694 sed
2413 2638 2619 2691 virtute
2650 2652 2680 2690 a
2712 2635 2868 2699 vitio,
2903 2642 3068 2705 prout
3111 2634 3475 2704 intelligentia

1885 2731 2095 2804 percipi
2120 2731 2306 2794 datur,
2355 2736 2633 2801 separata,
2668 2729 2721 2782 in
2755 2730 2873 2784 solo
2902 2728 3070 2782 animi
3101 2727 3324 2781 humani
3354 2741 3481 2796 pro-

1886 2826 2066 2895 posito
2095 2824 2261 2880 situm
2293 2830 2396 2886 est,
2453 2831 2509 2875 ut
2536 2836 2867 2892 quocunque
2897 2819 3199 2890 cupiditate
3238 2820 3478 2874 inclina-

1886 2926 1977 2974 tus
1999 2918 2092 2983 sit,
2129 2916 2183 2970 in
2215 2931 2282 2971 eo
2309 2924 2577 2970 versetur.
2608 2913 2881 2980 Quoniam
2912 2914 3081 2984 igitur
3107 2913 3292 2968 nullus
3322 2912 3482 2967 labor

1888 3009 2158 3067 sumendo
2190 3017 2354 3079 atque
2380 3006 2632 3078 eligendo
2658 3007 2804 3062 bono
2833 3007 3043 3071 subest,
3074 3013 3239 3076 atque
3260 3005 3484 3061 electio-

1888 3120 2013 3159 nem
2048 3103 2213 3159 etiam
2259 3100 2482 3173 adeptio
2532 3115 2937 3170 successusque
2976 3115 3207 3171 prosper
3234 3100 3483 3169 sequitur

1813 3210 1857 3269 ο
1888 3211 2102 3260 eorum,
2144 3209 2267 3266 quae
2313 3193 2417 3249 sibi
2447 3192 2684 3263 quisque
2729 3192 2967 3261 sumpsit
3005 3199 3061 3247 et
3099 3191 3298 3262 elegit:
3358 3191 3486 3246 licet

1891 3287 1989 3341 tibi
2021 3287 2207 3340 statim
2250 3292 2376 3341 esse
2406 3285 2462 3339 in
2489 3284 2654 3349 cmlo,
2706 3283 2799 3337 ubi
2830 3282 3000 3339 Deum
3036 3284 3091 3338 in
3123 3292 3304 3338 mente
3329 3298 3486 3338 sum-

1890 3376 2089 3447 pseris.
2125 3374 2263 3430 Nam
2291 3375 2361 3438 si,
2393 3385 2452 3429 ut
2476 3371 2842 3429 Ecclesiastes
2871 3374 3072 3444 inquit,
3106 3373 3249 3428 Deus
3280 3375 3334 3427 in
3357 3374 3486 3428 caelo

1890 3470 2065 3526 est“:
2119 3479 2178 3522 tu
2212 3483 2345 3523 vero
2396 3466 2529 3533 Deo,
2571 3468 2875 3523 secundum
2911 3466 3270 3536 Prophetam,
3326 3463 3483 3535 quasi

1892 3560 2265 3632 agglutinatus
2296 3573 2358 3613 es
2387 3566 2442 3613 et
2471 3557 2721 3612 adbaarcs
2740 3558 2818 3624 Ml;
2856 3557 3085 3612 omnino
3119 3570 3346 3609 necesse
3375 3561 3485 3619 est,

1894 3663 1954 3707 ut
1988 3650 2099 3706 Deo
2127 3649 2465 3720 conjunctus
2492 3649 2604 3704 illic
2642 3649 2733 3713 sit,
2787 3648 2880 3703 ubi
2908 3647 3053 3702 Deus
3079 3653 3184 3703 est.
3217 3645 3353 3700 Cum
3387 3646 3490 3717 igi-

1895 3755 1985 3799 tur
2012 3743 2352 3814 przeceperit,
2386 3750 2447 3796 ut
2492 3742 2549 3796 in
2582 3741 2835 3796 oratione
2862 3739 3033 3794 Deum
3064 3737 3282 3794 Patrem
3331 3746 3486 3791 tuum

1895 3837 2071 3901 dicas,
2097 3850 2209 3889 non
2250 3834 2441 3896 alium,
2479 3849 2645 3905 quam
2684 3848 2778 3903 per
2810 3833 3054 3887 divinum
3096 3831 3222 3886 vita:
3251 3830 3489 3885 institu-

1895 3940 2012 3986 tum
2055 3937 2109 3984 te
2138 3927 2356 3984 caelesti
2389 3925 2542 3981 Patri
2573 3924 2809 3982 similem
2843 3923 2960 3979 ﬁeri
3005 3923 3183 3993 jubet,
3220 3922 3487 3992 quemad-

1896 4022 2118 4076 modum
2166 4020 2331 4075 etiam
2379 4019 2510 4073 alibi
2560 4017 2801 4088 apertius
2844 4016 2897 4071 id
2942 4015 3201 4078 mandat,
3256 4013 3480 4067 dicens:

1899 4112 2032 4169 Sitis
2061 4113 2298 4183 perfecti,
2334 4112 2472 4166 sicut
2506 4111 2671 4166 etiam
2707 4111 2870 4166 Pater
2903 4117 3074 4164 vester
3102 4106 3331 4162 ccetestis
3369 4119 3489 4175 per-

1902 4208 2068 4270 fectus
2107 4214 2184 4260 est
2210 4204 2277 4259 “.

1974 4385 2031 4442 Si
2071 4386 2237 4459 igitur
2263 4384 2637 4440 intelleximus
2666 4378 2936 4450 ejusmodi
2960 4378 3241 4442 ,orationis
3267 4383 3489 4432 senten-

196 4477 467 4540 διάνοιαν,
519 4478 712 4549 καιρὸς
744 4477 811 4532 ἂν
857 4476 944 4549 εἴη
983 4477 1420 4548 παρασκευάζειν
1456 4478 1667 4531 ἑαυτῶν
1694 4478 1788 4542 τάς

1900 4481 2030 4535 tiam
2057 4518 2073 4543 ,
2130 4486 2347 4546 tempus
2398 4475 2565 4529 fuerit
2594 4473 2813 4528 animos
2846 4478 3069 4526 nostros
3119 4466 3485 4539 prteparandi,

188 4568 404 4640 Ψυχὰς,
441 4570 584 4624 ὥστε
606 4571 738 4625 ποτὲ
780 4569 1054 4640 θαρσῆσαι
1081 4568 1183 4632 τὰς
1205 4569 1386 4636 φωνὰς
1422 4566 1624 4632 ταύτας
1661 4569 1795 4622 ἀνα-

201 4660 390 4715 λαϐεῖν
409 4660 499 4715 διὰ
536 4661 825 4733 στόματος,
849 4661 943 4713 καὶ
968 4662 1142 4714 εἰπεῖν
1166 4660 1225 4714 ὲν
1256 4659 1561 4732 παρρησίᾳ⁸
1603 4658 1795 4726 Πάτερ

203 4752 397 4821 ἡμῶν,
427 4756 460 4808 ὁ
483 4753 554 4807 ἐν
580 4752 706 4820 τοῖς
733 4751 1031 4821 οὐρανοῖς.
1070 4751 1281 4821 ’Ὠσπερ
1317 4750 1428 4823 γὰρ
1456 4751 1666 4822 φανερὰ
1695 4752 1795 4822 τῆς

205 4843 346 4912 πρὸς
374 4841 465 4895 τὸν
506 4841 639 4896 Θεὸν
690 4842 1009 4914 ὁμοιότητός
1059 4842 1275 4895 ἐστιτὰ
1311 4841 1688 4913 γνωρίσματα,
1727 4842 1795 4895 δι’

205 4926 285 4988 ὧν
303 4934 417 4988 ἔστι
435 4934 623 4990 τέκνον
644 4934 778 4989 Θεοῦ
805 4934 1060 5003 γενέσθαι
1086 4934 1207 4989 τινὰ
1228 4935 1421 5004 (Ὅσοι
1441 4932 1551 5004 γὰρ
1571 4934 1795 4988 ἔλαϐον

207 5025 419 5088 αὑτὸν,
438 5027 623 5099 φησὶν,
653 5025 878 5081 ἔδωκεν
897 5024 1106 5092 αὐτοῖς
1125 5024 1419 5089 ἐξουσίαν
1439 5025 1622 5079 τέκνα
1645 5022 1795 5080 Θεοῦ

210 5115 509 5184 γενέσθαιο
543 5118 810 5189 λαμϐάνει
841 5117 899 5173 δέ
929 5135 1012 5183 τις
1049 5118 1107 5170 ἑν
1130 5116 1309 5189 ἑαυτῷ
1334 5116 1427 5170 τὸν
1453 5116 1607 5181 Θεὸν,
1640 5118 1669 5170 ὁ
1696 5115 1796 5187 τὴν

211 5210 356 5264 κατά
404 5211 465 5264 τὸ
501 5211 705 5280 ἀγαθὸν
739 5209 1023 5266 ἀναλαϐὼν
1074 5209 1408 5283 τελειότητα)
1430 5226 1446 5242 ο
1477 5207 1650 5273 οὕτως
1680 5207 1796 5262 ἔστι

210 5305 336 5359 τινὰ
385 5307 481 5359 καὶ
530 5305 625 5360 τοῦ
673 5306 911 5380 πονηροῦ
953 5308 1303 5379 χαρακτῆρος
1342 5305 1448 5360 ἴδια
1483 5310 1703 5377 σημεῖα,
1738 5307 1798 5359 ἑν

211 5390 295 5460 οἷς
315 5398 345 5450 ὁ
368 5398 680 5469 γενόμενος,
708 5399 821 5463 υἱὸς
843 5398 980 5454 Θεοῦ
998 5398 1138 5456 εἶναι
1167 5401 1227 5453 οὺ
1259 5399 1502 5464 δύναται,
1524 5400 1623 5469 τῆς
1645 5401 1799 5452 ἐναν-

214 5488 335 5554 τίας
372 5491 586 5561 φύσεως
628 5492 727 5564 τὴν
764 5492 946 5547 είκόνα
986 5492 1187 5564 φέρων.
1234 5491 1424 5545 Βούλει
1463 5491 1663 5560 γνῶναι
1703 5489 1797 5543 τοῦ

216 5582 455 5655 πονηροῦ
504 5586 854 5657 χαρακτῆρος
901 5587 969 5638 τὰ
1010 5577 1313 5656 ἰδιώματας
1366 5585 1424 5638 Ὀ
1463 5583 1676 5653 φθόνος,
1738 5582 1800 5636 τὸ

222 5676 398 5742 μῖσος,
429 5677 724 5749 ἠδιαϐολὴ,
770 5679 799 5730 ὀ
845 5676 1033 5749 τῦφος,
1069 5678 1101 5748 ἡ
1142 5677 1445 5743 πλεονεξία,
1485 5679 1517 5748 ἡ
1549 5675 1799 5748 ἐμπαθὴς

1897 4581 1958 4627 ιιι
1986 4567 2286 4640 aliquando
2334 4568 2635 4621 audeamus
2688 4564 2790 4620 has
2828 4577 2997 4617 voces
3039 4575 3259 4616 sumere
3309 4559 3363 4613 in
3401 4574 3486 4624 os,

1896 4678 1961 4719 ac
1989 4663 2176 4717 dicere
2200 4676 2328 4716 cum
2363 4659 2584 4722 fiducia,
2617 4655 2781 4711 Pater
2809 4646 3008 4718 noster,
3038 4654 3128 4724 qui
3157 4670 3210 4707 es
3238 4653 3294 4705 in
3319 4652 3484 4705 caelis.

1896 4752 2372 4821 Quemadmodum
2420 4750 2567 4806 enim
2602 4746 2984 4805 similitudinis
3005 4761 3129 4800 cmn
3172 4744 3283 4801 Deo
3311 4745 3489 4798 mani-

1899 4846 2036 4902 festa
2070 4854 2200 4902 sunt
2228 4844 2452 4908 indicia,
2491 4856 2588 4913 per
2617 4856 2740 4911 quae
2785 4839 2931 4894 ﬁlius
2972 4837 3064 4894 Dei
3099 4837 3211 4892 fieri
3238 4836 3363 4907 quis
3395 4850 3492 4904 po-

1898 4946 2006 4995 test
2037 4938 2335 5008 (Quotquot
2375 4935 2516 4990 enim
2559 4942 2861 5001 receperunt
2903 4948 3056 4994 eum,
3110 4930 3306 5000 inquit,
3345 4927 3489 4980 dedit

1896 5031 1972 5085 eis
2004 5037 2337 5098 potestatem,
2374 5036 2431 5079 ut
2471 5024 2575 5095 ﬁlii
2597 5023 2695 5077 Dei
2745 5021 3035 5092 ﬁerent":
3071 5020 3267 5089 recipit
3305 5026 3489 5071 autem

1899 5118 2101 5188 aliquis
2130 5116 2185 5170 in
2222 5129 2346 5171 sese
2385 5112 2580 5174 Deum,
2626 5110 2720 5181 qui
2755 5109 2883 5164 boni
2918 5107 3308 5177 perfectionem
3340 5117 3490 5157 rece-

1900 5209 2051 5282 pit):
2079 5205 2155 5260 ita
2180 5205 2345 5260 etiam
2366 5202 2601 5274 improbi
2649 5199 2929 5258 simulacri
2960 5213 3058 5254 sua
3086 5196 3330 5267 quadam
3359 5200 3489 5247 sunt

1901 5304 2090 5373 signa,
2147 5299 2350 5369 quibus
2403 5297 2701 5367 insignitus
2747 5308 2871 5349 esse
2915 5292 3060 5346 tilius
3103 5289 3196 5343 Dei
3248 5300 3357 5341 non
3389 5298 3487 5355 po-

1900 5402 2008 5450 test
2062 5401 2253 5463 utpote
2312 5388 2604 5445 conlrariae
2670 5396 2878 5440 natura:
2927 5383 3219 5453 imaginem
3269 5391 3484 5450 gerens.

1908 5487 1999 5543 Vis
2042 5498 2377 5557 cognoscere
2420 5479 2656 5552 improbi
2694 5476 2976 5535 simulacri
3005 5473 3255 5547 proprias
3290 5469 3490 5524 notas?

1901 5579 2130 5643 invidia,
2151 5576 2361 5639 odium,
2386 5570 2686 5635 calumnia,
2719 5567 2995 5639 superbia,
3020 5557 3483 5626 avaritia,viliosa
3538 5626 3549 5637 Γ

1903 5673 2194 5745 cupiditas.
2249 5668 2427 5723 insani
2481 5665 2669 5737 gloriae
2720 5661 2886 5739 studii
2941 5656 3207 5713 morbus:
3264 5652 3380 5707 bam
3428 5657 3484 5702 ct

296 5859 338 5891 δί
370 5861 550 5925 εεειε,
582 5876 634 5927 v,
672 5861 719 5914 ι.
798 5861 841 5893 ⁸⁵
881 5858 1026 5916 Psal.
1065 5860 1380 5928 Lxxlt,'28.
1458 5860 1501 5892 “
1540 5856 1730 5913 Μίιιῑιιο
1775 5876 1788 5911 l

1890 5857 1952 5913 ,8.
2032 5856 2074 5889 ’⁸⁷
2115 5853 2271 5911 Joan.
2316 5868 2370 5924 ι,
2414 5847 2499 5905 1‘2.
