4018 6384
594 387 729 445 H41
827 431 838 442 .

1833 382 1892 438 S.
1927 381 2259 439 GREGORII
2297 382 2591 442 NYSSENI

3743 388 3840 445 iiii

594 503 867 575 ejusmodi
902 510 1052 566 sunt,
1077 502 1288 581 quibus
1319 500 1495 558 forma
1534 501 1835 558 adversarii
1885 504 2180 573 insignitur

2293 503 2571 574 ὶπιθυμία,
2632 503 2695 557 τὸ
2753 502 2895 556 κατὰ
2944 502 3043 573 τὴν
3100 503 3426 576 δοξομανίαν
3502 503 3838 577 ἀρῤὡσιημα·

596 611 759 669 atque
805 603 1049 649 notatur.
1087 594 1260 663 Cujus
1303 594 1472 665 igitur
1502 594 1722 650 animus
1764 594 2035 665 ejusmodi
2067 610 2183 650 ma-

595 689 736 748 culis
774 695 828 743 et
872 687 1019 744 notis
1068 685 1313 742 infectus
1353 693 1408 741 et
1459 686 1681 743 inustus
1715 694 1820 751 est,
1873 687 1920 741 si
1970 695 2181 757 patrem

595 781 956 844 invocaverit,
999 787 1122 835 uter
1153 780 1203 836 ei
1230 787 1382 851 pater
1410 780 1786 835 auscultabit?
1818 780 2077 835 nimirum
2110 781 2180 846 is,

596 873 688 944 qui
728 882 997 943 cognatus
1034 881 1117 927 est
1146 873 1467 927 invocanti:
1507 872 1553 927 is
1584 881 1770 928 autem
1804 887 1912 928 non
1946 872 2041 927 ille
2069 887 2184 927 cm-

597 967 773 1030 lestis,
812 964 906 1020 sed
940 965 1338 1022 subterraneus
1361 974 1466 1020 est.
1498 965 1674 1036 Cujus
1700 965 1846 1020 enim
1873 965 2026 1036 signa
2056 981 2184 1035 pro-

598 1059 758 1112 ximae
787 1056 1136 1127 cognationis
1171 1057 1335 1126 gerit,
1385 1056 1480 1111 ille
1518 1071 1675 1111 suam
1707 1056 1933 1112 omnino
1979 1070 2183 1126 cognav

597 1152 801 1203 tionem
836 1159 1113 1219 agnoscet.
1160 1149 1432 1215 Quocirca
1472 1149 1708 1219 improbi
1751 1155 1915 1217 atque
1964 1146 2184 1205 scelesti

601 1243 838 1295 hominis
868 1243 1069 1306 oratio,
1107 1241 1352 1311 quandiu
1385 1241 1441 1295 in
1468 1234 1817 1311 improbitate
1845 1240 2033 1304 fuerit,
2065 1239 2184 1295 dia-

600 1331 707 1384 boli
741 1331 1013 1384 invocatio
1041 1341 1153 1386 est:
1194 1340 1248 1385 at
1281 1330 1424 1399 ejus,
1455 1332 1550 1401 qui
1579 1330 1854 1387 destiterit
1883 1331 1952 1386 ab
1981 1331 2185 1401 impro—

599 1422 791 1483 bitnte,
825 1430 879 1476 et
911 1423 1045 1476 vivit
1090 1423 1144 1476 in
1182 1423 1450 1486 bonitate,
1486 1422 1692 1477 bonum
1726 1423 1939 1480 Patrem
1964 1438 2067 1477 vox
2099 1422 2185 1476 in-

598 1516 839 1570 Vocabit.
865 1515 1003 1570 Cum
1051 1516 1219 1586 igitur
1250 1516 1656 1572 accesserimus
1687 1515 1755 1569 ad
1782 1513 1978 1580 Deum,
2029 1515 2184 1586 prius

508 1664 511 1665 ν
602 1605 768 1657 vitam
809 1605 1189 1675 inspiciamus,
1236 1621 1305 1660 an
1336 1605 1549 1676 aliquid
1587 1604 1811 1677 dignum
1856 1607 2184 1676 cognatione

603 1697 786 1750 divina
826 1698 882 1750 in
935 1697 1095 1751 nobis
1136 1712 1426 1769 geramus;
1485 1697 1683 1753 deinde
1733 1713 1863 1753 vero
1913 1697 2184 1766 ejusmodi

605 1785 829 1841 verbum
880 1786 1127 1857 proferre
1159 1789 1499 1844 audeamus:
1544 1790 1637 1859 qui
1682 1789 1826 1844 enim
1854 1787 2070 1844 Patrem
2103 1789 2186 1844 di-

2281 595 2457 650 ταῦτά
2492 598 2607 649 ἐστι
2646 594 2743 649 καὶ
2772 596 2840 649 τὰ
2855 591 3198 662 τοιαῦτα,οίς
3221 599 3256 668 ή
3289 596 3482 669 μορφὴ
3516 593 3619 649 τοῦ
3646 596 3838 651 ἐναντίω

2282 686 2766 759 χαρακτηρίζεται.
2801 686 2861 739 '0
2892 685 3067 741 τοίνυν
3102 689 3222 750 ταῖς
3252 686 3545 749 τοιαύταις
3585 686 3837 757 κηλίσιτὴιι

2282 777 2459 848 ψυχὴν
2489 776 2914 847 ὲγκεκαυμένος,
2946 776 3042 830 ἐὰν
3084 776 3296 847 πατέρα
3333 773 3581 847 καλέσῃ,
3606 778 3749 840 ποῖος
3771 778 3837 828 αὖ.

2281 869 2376 923 τὸν
2424 868 2605 940 πατὴρ
2667 866 3066 933 ὲπακούσεταις
3107 867 3316 939 Δηλαδή
3351 870 3381 921 6
3432 867 3721 935 συγγενῶς
3744 868 3838 937 πρὸς

2283 961 2373 1015 τὸν
2399 959 2702 1029 κεκληκότα
2727 958 2866 1029 έχων
2894 974 2907 989 ·
2934 950 3088 1023 οὗτος
3124 958 3183 1013 δέ
3214 960 3362 1013 ἐστιν
3399 958 3513 1028 οὐχ
3547 960 3578 1011 6
3614 957 3835 1029 οὐράνιος,

2283 1056 2396 1111 ἀλλ’
2417 1058 2447 1111 6
2471 1054 2846 1125 καταχθόνιος.
2887 1046 2962 1108 Οὗ
3007 1054 3118 1127 γὰρ
3140 1054 3209 1109 τὰ
3244 1057 3451 1125 σημεῖα
3475 1054 3644 1124 φέρει
3665 1056 3754 1123 τῆς
3770 1055 3837 1121 ἀγ-

2283 1149 2546 1220 χιστείας,
2597 1150 2803 1212 έκεῖνος
2828 1148 3044 1210 πάντως
3081 1147 3182 1218 τὴν
3222 1147 3357 1202 ἰδίαν
3388 1146 3721 1215 συγγένειαν
3752 1150 3839 1200 ἑτι·

2284 1239 2573 1308 γνώσεται.
2614 1237 2825 1293 Οὐκοῦν
2862 1241 2896 1311 ή
2942 1235 3038 1292 τοῦ
3068 1238 3309 1309 πονηροῦ
3338 1238 3544 1309 ἀνδρὸς
3581 1240 3836 1309 προσευχὴ.

2283 1331 2386 1395 ἕως
2406 1329 2473 1386 ἂν
2505 1333 2564 1384 ὲν
2584 1333 2650 1402 τῇ
2676 1331 2912 1402 πονηρίᾳ
2934 1325 2992 1405 ᾗ,
3017 1331 3112 1385 τοῦ
3144 1331 3395 1386 διασόλου
3418 1330 3714 1399 ἐπίκλησις
3738 1330 3841 1397 γίνεο

2282 1439 2374 1479 ται
2388 1441 2402 1456 ο
2430 1422 2524 1477 τοῦ
2560 1422 2619 1477 δὲ
2634 1423 2947 1492 ἀφεστῶτος
2976 1423 3075 1492 τῆς
3092 1422 3374 1493 πονηρίας,
3392 1422 3492 1481 καὶ
3508 1423 3570 1477 ὲν
3587 1421 3836 1490 quem:

2285 1514 2507 1583 ζῶντος,
2541 1513 2631 1568 τὸν
2675 1512 2879 1582 ἀγαθὸν
2918 1512 3139 1585 Πατέρα
3178 1514 3213 1585 ή
3238 1512 3390 1583 φωνὴ
3418 1511 3835 1582 προσκαλέσεται.

2288 1610 2454 1663 Ὅταν
2482 1608 2660 1662 τοίνυν
2701 1606 3014 1678 προσίωμεν
3058 1605 3138 1677 τῷ
3174 1605 3315 1676 Θεῷ,
3351 1604 3733 1677 πρότεροντδν
3754 1601 3835 1670 βίον

2284 1699 2769 1770 ἐπισκοπήσωμεν,
2816 1697 2870 1749 εἰ
2896 1714 2948 1756 τι
2976 1696 3077 1766 τῆς
3098 1697 3251 1760 Θείας
3279 1694 3616 1765 συγγενείας
3651 1693 3779 1758 ἄξιον
3796 1692 3835 1740 ἐν

2286 1790 2498 1852 ἑαυτοῖς
2534 1786 2771 1860 φέρομεν
2790 1802 2805 1818 ⁸
2834 1781 2933 1840 εἷθ’
2974 1785 3118 1840 οὕτω
3160 1786 3251 1840 τὸν
3278 1785 3527 1839 τοιοῦτον
3564 1784 3712 1852 λόγον
3738 1783 3832 1850 θαρ-

602 1891 729 1931 cere
764 1877 953 1946 jussit,
1001 1879 1349 1934 mendacium
1380 1880 1564 1935 dicere
1590 1895 1697 1934 non
1731 1880 1998 1950 permisit.
2036 1880 2186 1947 Quo.

2293 1880 2571 1950 σήσωμεν.
2606 1878 2665 1930 Ὀ
2694 1875 2804 1949 γὰρ
2827 1875 3005 1944 λέγειν
3041 1876 3257 1947 Πατέρα
3285 1874 3626 1946 προστάξας,
3658 1874 3713 1926 τὸ
3736 1871 3831 1940 ψεῦο

603 1969 750 2022 circa
785 1968 879 2039 qui
928 1970 1005 2024 ita
1034 1970 1202 2025 vitam
1239 1971 1560 2036 instituerit,
1595 1979 1656 2025 ut
1684 1971 1922 2026 divinam
1968 1973 2184 2045 generis

2293 1971 2380 2035 δος
2406 1970 2587 2040 λέγειν
2648 1970 2708 2022 οὐ
2774 1966 3169 2039 συνεχώρησεν.
3211 1966 3423 2022 Οὔκοΰν
3470 1970 3501 2021 ὁ
3555 1964 3654 2035 τῆς
3687 1964 3829 2029 Osiri};

605 2060 945 2117 nobilitatem
981 2063 1162 2127 decet,
1212 2061 1261 2117 is
1291 2069 1439 2119 recte
1485 2062 1551 2117 ad
1580 2063 1859 2118 cmlestem
1909 2062 2185 2121 civitatem

2293 2060 2571 2130 εὐγενείας
2610 2058 2777 2127 ἀξίως
2831 2057 3311 2129 πολιτευσάμενος,
3338 2050 3501 2121 οὗτος
3539 2054 3713 2117 καλῶς
3732 2052 3829 2122 πρὸς

605 2160 836 2220 spectat,
865 2160 920 2206 et
941 2151 1154 2208 Patrem
1179 2153 1444 2208 caelorum
1474 2168 1680 2224 regem,
1703 2162 1757 2208 et
1778 2155 2006 2224 patriam
2031 2170 2185 2212 suam

603 2242 885 2297 cmlestem
908 2236 1199 2298 neminans
1220 2243 1636 2299 beatitudinem.
1673 2242 1924 2310 Quonam
1950 2247 2188 2314 pertinet

534 2332 537 2347 '
606 2327 754 2382 illius
787 2329 1004 2383 consilii
1051 2331 1398 2401 propositum
1432 2339 1597 2401 atque
1641 2332 1917 2389 intentio?
1963 2332 2038 2387 Ea
2067 2349 2190 2406 qua:

526 2484 547 2499 κ
608 2435 773 2490 supra
810 2429 957 2485 sunt,
990 2423 1302 2493 cogitanda,
1346 2423 1436 2478 ubi
1473 2422 1653 2480 Deus:
1690 2425 1802 2481 illic
1833 2424 2190 2485 fundamenta

607 2512 962 2570 habitationis
1013 2531 1127 2570 suae
1170 2516 1370 2585 cuique
1394 2516 1652 2587 jacienda
1693 2532 1850 2585 esse;
1905 2519 2018 2574 illic
2046 2520 2189 2587 ,the-

608 2620 802 2661 sauros
850 2605 1201 2663 condendos:
1251 2608 1380 2663 illuc
1436 2620 1531 2662 cor
1563 2624 1723 2664 suum
1770 2625 2044 2681 quemque
2076 2620 2191 2668 tra-

607 2696 810 2751 ducere
842 2695 1083 2765 debere;
1126 2698 1218 2754 ubi
1249 2699 1395 2753 enim
1438 2700 1751 2767 thesaurus,
1798 2701 1873 2756 ibi
1907 2703 2067 2758 etiam
2094 2718 2192 2760 cor

608 2786 797 2841 est“:
837 2789 903 2841 ad
940 2796 1221 2857 paternam
1261 2790 1407 2843 omni
1448 2801 1695 2860 tempore
1727 2793 2190 2863 pulchritudinem

608 2876 965 2944 spectandum
990 2892 1132 2941 esse,
1165 2886 1221 2932 et
1244 2877 1404 2948 juxta
1432 2878 1604 2944 illam,
1638 2895 1797 2935 suum
1826 2897 2192 2952 unumquem-

611 2982 717 3034 que
764 2967 1007 3021 animum
1060 2982 1329 3023 exornare
1377 2969 1599 3026 debere.
1655 2970 1782 3027 Non
1832 2982 1910 3028 est
1961 2974 2192 3043 acceptio

611 3076 959 3129 personarum
990 3060 1132 3131 apud
1163 3062 1353 3126 Deum,
1380 3063 1559 3134 inquit
1589 3062 1877 3137 Scriptura
1900 3066 1967 3120 δ’.
1997 3066 2195 3122 Absint

2291 2154 2391 2225 τὴν
2410 2152 2657 2225 οὐράνιον
2696 2149 2849 2204 πόλιν
2870 2150 2995 2221 ὁρᾷ,
3027 2149 3247 2220 Πατέρα
3274 2166 3337 2202 τε
3363 2148 3455 2203 τὸν
3492 2147 3607 2202 τῶν
3633 2142 3828 2217 οὐρανῶν

2294 2243 2542 2315 βασιλέα,
2581 2243 2677 2296 καὶ
2712 2240 2945 2314 πατρίδα
2973 2239 3167 2295 ἑαυτοῦ
3196 2240 3294 2312 τὴν
3319 2240 3577 2311 οὐράνιον
3600 2235 3829 2306 ὀνομάζων

2296 2336 2794 2410 μακαριότητα.Είς
2816 2334 2870 2388 τί
2891 2334 3047 2405 φέρει
3066 2333 3165 2404 τῆς
3184 2330 3493 2403 συμϐουλῆς
3515 2332 3547 2385 6
3564 2326 3767 2391 σκοπόςς
3782 2322 3827 2375 τὰ

2294 2427 2408 2483 ἄνω
2440 2428 2689 2499 φρονεῖν.-
2715 2417 2776 2479 οὗ
2805 2427 2833 2480 6
2855 2424 2986 2487 Θεός
3001 2439 3015 2454 ·
3039 2424 3156 2495 ἐκεῖ
3190 2419 3470 2491 θεμελίους
3494 2420 3593 2490 τῆς
3616 2418 3826 2484 οἰκήσεως

2296 2517 2491 2575 ἑαυτοῦ
2539 2514 3009 2575 καταϐάλλεσθαιο
3053 2516 3171 2569 ἐκεῖ
3216 2514 3344 2576 τοὺς
3383 2507 3825 2599 θηωυροὺςῌὰπο-

2295 2609 2540 2665 τίθεσθαι
2557 2626 2571 2639 ο
2612 2611 2731 2663 ἐκεῖ
2757 2607 3084 2680 μετοικίζειν
3108 2603 3299 2659 ἑαυτοῦ
3322 2601 3421 2674 τὴν
3450 2596 3825 2673 καρδίωζύπυ

2295 2704 2405 2773 γάρ
2461 2703 2608 2754 ἐστιν
2655 2701 2684 2755 6
2729 2698 3021 2771 θησαυρὸς,
3072 2698 3189 2750 ἐκεῖ
3245 2697 3361 2749 ὲστι
3408 2696 3506 2750 καὶ
3558 2696 3594 2766 ή
3640 2687 3824 2761 καρδίτ

2298 2792 2435 2863 πρὸς
2456 2790 2517 2845 τὸ
2544 2789 2804 2862 πατρικὸν
2839 2789 3031 2850 κάλλος
3057 2785 3344 2849 διαπαντὸς
3370 2784 3614 2856 βλέπειν,
3639 2781 3723 2834 καὶ
3741 2776 3823 2830 κατ’

2298 2881 2475 2934 έκεῖνο
2502 2878 2600 2950 τὴν
2631 2878 2766 2933 ίδίαν
2794 2878 3158 2942 καλλωπίζειν
3178 2875 3374 2949 ψυχήν.
3395 2876 3522 2930 Οὐκ
3548 2873 3825 2937 garama-

2299 2971 2624 3040 ωποληψία
2659 2969 2818 3039 παρὰ
2845 2968 2987 3039 Θεῷ,
3012 2971 3175 3041 φησὶν
3204 2972 3238 3043 ή
3262 2970 3472 3042 Γραφή.
3512 2966 3738 3022 ’Δπέστω
3760 2956 3823 3012 καὶ

2299 3066 2399 3136 τῆς
2427 3062 2529 3133 σῆς
2575 3062 2789 3135 μορφῆς
2828 3061 2857 3115 ὁ
2884 3061 3126 3124 τοιοῦτος
3162 3061 3351 3133 ῥύπος.
3400 3059 3597 3114 Φθόνου
3639 3050 3824 3122 καθαρὸν

614 3152 742 3206 item
785 3168 814 3206 a
866 3161 959 3208 tua
1010 3154 1183 3207 forma
1233 3155 1369 3210 tales
1398 3158 1611 3212 sordes.
1661 3157 1745 3213 Ab
1786 3157 1991 3213 invidia
2031 3167 2196 3228 atque

2301 3156 2362 3211 τὸ
2397 3154 2572 3217 Θεῖον,
2622 3154 2716 3208 καὶ
2770 3153 2951 3225 πάσης
2995 3153 3282 3224 ὲμπαθοῦς
3331 3151 3570 3224 κηλίδος.
3624 3144 3754 3217 Μηδὲ
3784 3156 3823 3192 σε

614 3242 685 3296 ab
717 3244 864 3297 omni
907 3244 1021 3298 vitii
1060 3253 1191 3299 nota
1226 3261 1421 3315 purum
1458 3256 1513 3302 et
1564 3248 1837 3319 integrum
1879 3265 2082 3306 numen
2108 3220 2197 3306 di-

2300 3244 2676 3309 καταστιζέτω
2700 3245 2769 3299 τὰ
2788 3220 3013 3298 τοιαύτα
3030 3220 3212 3316 πάθη,
3240 3244 3315 3315 μὴ
3344 3220 3562 3315 φθόνος,
3590 3237 3662 3312 μὴ
3682 3234 3823 3301 saw.

614 3334 802 3388 vinum
835 3343 939 3394 est.
971 3335 1050 3391 Ne
1075 3343 1129 3392 te
1156 3337 1376 3410 quidem
1414 3339 1701 3412 designent
1729 3340 2000 3411 ejusmodi
2028 3343 2195 3399 vitia:

618 3440 726 3480 non
761 3427 983 3494 invidia,
1032 3445 1142 3484 non
1190 3431 1484 3502 superbia:
1541 3448 1651 3487 non
1707 3433 1857 3489 aliud
1897 3434 2198 3506 quidquam

617 3534 839 3585 eorum,
878 3536 999 3591 quae
1042 3522 1286 3577 divinam
1326 3524 1789 3594 pulchritudinem
1835 3528 2088 3598 polluunt
2136 3545 2202 3587 ac

619 3609 844 3664 foedant.
902 3610 959 3667 Si
1008 3614 1134 3670 talis
1173 3613 1364 3685 (ueris,
1424 3631 1495 3670 ne
1539 3616 1786 3672 verearis
1831 3616 2091 3674 familiari
2144 3631 2202 3677 et

617 3705 792 3759 amica
823 3719 953 3760 voce
985 3703 1154 3761 Deum
1203 3706 1485 3775 invocare,
1532 3718 1587 3765 et
1628 3707 1845 3764 Patrem
1881 3716 2041 3765 tuum
2074 3712 2201 3767 uni-

613 3796 761 3850 versi
812 3794 1102 3853 Dominum
1154 3798 1438 3855 nominare
1477 3800 1819 3856 :intuebitur
1859 3808 1912 3856 te
1961 3802 2205 3872 paternis

618 3872 816 3948 oculis,
861 3886 1046 3944 divina
1098 3890 1238 3945 stola
1287 3890 1670 3959 circumdabit,
1725 3893 1930 3948 annulo
1962 3893 2202 3960 ornabit,

620 3977 856 4032 instruet
914 3995 980 4034 ac
1036 3982 1364 4052 prmparabit
1447 3982 1788 4054 Evangelicis
1818 3985 2207 4044 calceamentis

623 4070 786 4137 pedes
815 4069 882 4123 ad
911 4085 1167 4140 superum
1203 4072 1340 4127 iter:
1378 4075 1629 4129 restituet
1657 4082 1711 4131 te
1746 4077 1955 4133 caelesti
1994 4062 2203 4149 patriae,

626 4174 726 4227 per
753 4161 1038 4217 Christum
1068 4159 1255 4218 Jesum
1292 4162 1582 4220 Dominum
1607 4175 1858 4223 nostrum
1886 4188 1898 4224 :
1925 4188 2085 4242 quem
2120 4175 2209 4231 de-

624 4259 710 4307 cet
732 4252 910 4324 gloria
930 4262 983 4309 et
1009 4255 1320 4325 imperium,
1343 4256 1399 4311 in
1422 4258 1622 4313 saecula
1645 4250 1992 4317 saeculorum.
2012 4263 2206 4323 Amen.

1224 4411 1484 4470 ORATIO
1518 4413 1608 4473 ΙΙΙ.

624 4561 1001 4634 Sanctiﬁcatur
1036 4582 1225 4623 nomen
1263 4575 1453 4635 tuum;
1492 4567 1740 4625 adveniat
1776 4576 1999 4642 regnum
2033 4581 2203 4632 tuum.

694 4722 806 4778 Lex
841 4739 961 4794 quae
991 4724 1300 4782 futurorum
1334 4726 1606 4783 bonorum
1640 4730 1887 4785 continet
1918 4732 2165 4788 umbram
2186 4774 2204 4800 ,

623 4820 679 4864 et
744 4813 941 4884 typicis
991 4815 1323 4884 quibusdam
1378 4817 1765 4886 mnigmatibus
1803 4829 1857 4875 et
1907 4822 2207 4881 involucris

624 4905 914 4959 veritatem
944 4906 1330 4975 praesigniﬁcat
1361 4907 1442 4975 ⁸ο,
1472 4923 1595 4963 cum
1631 4909 1684 4963 in
1716 4911 1990 4965 occultum
2024 4927 2087 4968 ac
2116 4930 2206 4971 re.

627 5003 835 5047 motum
870 4995 1060 5064 templi
1094 4994 1273 5051 locum
1294 5036 1311 5061 ,
1344 4998 1491 5067 quod
1524 4997 1719 5053 ἄδυτον
1754 5000 1956 5057 dicitur
1985 5000 2005 5057 (
2027 5004 2098 5059 ob
2123 5004 2206 5068 id,

623 5083 768 5152 quod
799 5098 887 5149 eo,
925 5091 1123 5154 praeter
1171 5087 1504 5152 sacerdotes,
1555 5087 1708 5145 adire
1749 5089 1831 5149 fas
1870 5106 1978 5147 non
2019 5095 2208 5164 esset),

622 5174 964 5231 sacerdotem
996 5174 1108 5232 Deo
1143 5192 1335 5248 preces
1369 5176 1680 5234 oblaturum
1718 5180 2057 5248 introducit,
2094 5187 2210 5255 pri-

626 5282 771 5321 mum
799 5269 1017 5339 quidem
1047 5270 1419 5340 piacularibus
1452 5270 1779 5341 quibusdam
1808 5272 2128 5344 sacriﬁciis,
2155 5286 2209 5335 et

621 5361 1217 5429 circumspersionibus
1242 5360 1597 5416 introiturum
1622 5363 1875 5432 puriﬁcat
1896 5375 1951 5421 et
1974 5367 2162 5424 lustrat
2187 5387 2202 5425 :

622 5448 819 5503 deinde
853 5449 943 5503 ubi
977 5464 1102 5503 eum
1133 5450 1274 5504 stola
1306 5450 1673 5516 sacerdotali,
1710 5464 1878 5518 auro,
1924 5469 2204 5523 purpura,

626 5543 963 5612 reliquisque
992 5541 1204 5599 ﬂoridis
1245 5543 1497 5598 tinctura:
1537 5542 1818 5599 coloribus
1846 5545 2124 5616 eleganter
2154 5556 2208 5601 et

627 5633 829 5688 aﬁabre
861 5632 1004 5687 facta
1045 5641 1208 5704 atque
1248 5634 1524 5691 elaborata
1560 5636 1929 5702 exornaverit,
1959 5644 2208 5707 pectora-

628 5834 645 5850 .
700 5804 751 5838 ⁸⁸
790 5806 980 5863 Matth.
1014 5825 1102 5870 vt.
1129 5812 1217 5866 τι.
1298 5814 1340 5846 ι’
1380 5812 1539 5869 Itoni.
1572 5790 1763 5883 ιι,Ἠ.
1841 5817 1887 5850 ⁸ο
1929 5812 2091 5872 llebr.
2119 5832 2188 5882 ι.
2224 5818 2274 5876 1.

2309 3338 2385 3411 μὴ
2404 3338 2534 3393 ἄλλο
2567 3355 2619 3393 τι
2657 3337 2766 3392 τῶν
2791 3336 3128 3408 μολυνόντων
3158 3336 3220 3390 τὸ
3247 3336 3478 3401 θεοειδὲς
3511 3333 3708 3393 κάλλος.
3737 3324 3824 3378 ’δὲ’

2304 3428 2545 3493 τοιοῦτος
2572 3426 2657 3504 ᾖς,
2685 3428 2957 3500 θάρσησον
2984 3431 3050 3499 τῇ
3074 3429 3250 3502 οἰκείᾳ
3278 3430 3428 3500 φωνῇ
3452 3427 3540 3481 τὸν
3565 3423 3685 3478 Θεὸν
3706 3430 3825 3485 προσ-

2306 3521 2659 3587 καλέσασθαι,
2686 3525 2780 3577 καὶ
2804 3520 3024 3592 Πατέρα
3045 3520 3236 3575 ἑαυτοῦ
3249 3520 3340 3574 τὸν
3357 3518 3453 3572 τοῦ
3474 3506 3824 3578 παντδςΔεσπά-

2303 3630 2405 3685 την
2419 3614 2701 3685 ὀνομάσαι.
2736 3614 2960 3685 Ὀψεταί
2992 3630 3050 3667 σε
3087 3612 3372 3684 πατρικοῖς
3396 3608 3698 3681 ὀφθαλμοῖς.
3718 3613 3827 3669 7'5?"

2308 3706 2488 3761 στελεί
2504 3723 2564 3762 σε
2584 3709 2651 3778 τῇ
2675 3706 2794 3780 θείᾳ
2807 3691 2992 3779 στολῇ,
3030 3707 3126 3761 καὶ
3156 3704 3560 3776 κατακοσμήσει
3581 3699 3652 3771 τῷ
3677 3697 3822 3749 δακτυ-

2304 3799 2424 3870 λίῳ,
2449 3798 2767 3871 καταρτίσει
2789 3799 2915 3863 τοὺς
2935 3798 3101 3864 πόδας
3127 3796 3262 3871 πρὸς
3282 3786 3380 3867 τὴν
3397 3795 3509 3851 ἄνω
3530 3790 3735 3861 πορείαν
3746 3784 3825 3842 τοῖς

2306 3889 2685 3960 εὐαγγὰικοῖς
2720 3890 3083 3963 ὑποδήμασιν,
3121 3891 3563 3961 ἀποκαταστήσει
3599 3901 3655 3939 σε
3678 3883 3733 3952 τῇ
3758 3875 3823 3931 οὗ·

2308 3982 2478 4054 ρανίῳ
2501 3982 2718 4054 πατρίδι
2738 3996 2754 4012 ⁸
2801 3985 2859 4037 έν
2896 3982 3117 4055 Χριστῷ
3160 3981 3337 4062 ςιησού
3365 3981 3445 4052 τῷ
3474 3978 3654 4050 Κυρίῳ
3686 3968 3820 4044 ἡμῶν.

2303 4067 2349 4145 ᾧ
2378 4075 2577 4146 πρέπει
2605 4077 2639 4146 ή
2668 4075 2795 4141 δόξα
2825 4077 2918 4130 καὶ
2952 4077 3012 4131 τὸ
3041 4076 3243 4149 κράτος
3280 4075 3361 4139 εἰς
3387 4075 3516 4139 τοὺς
3540 4071 3720 4130 αἰῶνας
3746 4062 3820 4118 τῶν

2304 4165 2536 4221 αἰώνων.
2574 4165 2768 4240 Ἀμήν.

2236 4412 2284 4469 1)
2936 4409 3156 4464 ΛΟΓΟΣ
3193 4413 3264 4471 1".

2324 4561 2691 4631 Ἁγιασθήτω
2714 4557 2785 4614 τὸ
2823 4558 3013 4632 ὄνομά
3035 4576 3171 4686 οσον
3189 4579 3203 4593 ’
3254 4561 3474 4617 ἐλθέτω
3519 4562 3559 4628 ἡ
3594 4547 3818 4624 ﬂantis!!!

3081 4650 3176 4686 ου.

3081 4650 3176 4687 ου.

2397 4726 2457 4780 '0
2504 4725 2602 4798 τὴν
2642 4727 2799 4782 σκιὰν
2844 4726 2954 4783 τῶν
3002 4723 3305 4796 μελλόντων
3359 4722 3574 4793 ἀγαθῶν
3615 4712 3816 4789 περιέχων

2315 4817 2497 4888 νόμος,
2528 4819 2622 4873 καί
2666 4836 2807 4875 τισιν
2850 4819 3138 4889 αἰνίγμασι
3182 4818 3432 4879 τυπικοίς
3486 4800 3815 4886 προαναφωνῶν

2312 4907 2412 4979 τὴν
2456 4910 2744 4981 ἀλήθειαν,
2779 4910 2996 4966 ἐπειδὰν
3032 4911 3112 4972 εἰς
3160 4908 3221 4961 τὸ
3249 4907 3440 4962 ἄδυτον
3472 4904 3666 4973 εἰσάγει
3701 4906 3815 4966 προσ-

2312 5000 2600 5072 ευξάμενον
2623 5001 2703 5072 τῷ
2731 5001 2852 5072 Θεῷ
2880 5000 2970 5055 τὸν
2996 4999 3170 5073 ἱερέα,
3200 4998 3417 5071 πρῶτον
3446 4999 3543 5070 μὲν
3571 4984 3816 5058 καθαρσίοις

2315 5091 2459 5156 τισὶ,
2495 5093 2590 5145 καὶ
2633 5091 3116 5164 περιρραντισμοῑς
3167 5086 3455 5161 ἀφαγνίζει
3500 5086 3586 5139 τὸν
3623 5074 3814 5170 sict-6%?

2316 5179 2450 5239 Εἶτα
2488 5187 2555 5256 τῇ
2584 5184 2835 5256 ἱερατικῇ
2866 5182 3025 5255 στολῇ
3053 5178 3240 5254 χρυσῷ
3267 5179 3362 5235 καὶ
3388 5175 3631 5251 πορφύρᾳ
3649 5167 3724 5223 καὶ
3743 5167 3815 5215 τοῖς

2313 5275 2518 5338 λοιποῖς
2547 5275 2731 5331 ἄνθεσι
2767 5277 2865 5346 τῆς
2901 5274 3077 5345 βαφῆς
3106 5270 3398 5343 ἐκπρεπῶς
3424 5260 3731 5361 tgna“ng

2311 5368 2700 5441 τακοσμήσας.
2748 5368 2850 5440 τήν
2910 5384 2971 5423 τε
3026 5361 3375 5439 περιστήθιον
3430 5353 3812 5441 ὲπιόαλὼλςλαῠξξ)

2312 5438 2535 5530 μίτραν,
2566 5459 2660 5513 καὶ
2692 5438 2818 5522 τοὺς
2840 5438 3109 5521 κώδωνας
3126 5455 3234 5513 τῶν
3265 5452 3580 5526 κρασπέδων
3602 5438 3721 5530 pata

2315 5523 2549 5620 ίδοῖεζτκων
2574 5549 2802 5620 ἐξάψας,
2846 5547 3053 5607 ἄνωθεν
3080 5547 3137 5600 δὲ
3172 5549 3291 5610 ταῖς
3305 5523 3551 5615 ’ἐπωμίσι
3568 5523 3811 5615 διασφίγξαξ

2313 5641 2405 5695 τὸν
2454 5640 2772 5712 ἐπενδύτην,
2824 5641 2917 5696 καὶ
2968 5638 3066 5711 τὴν
3122 5637 3365 5709 κεφαλὴν
3419 5626 3725 5691 καλλωπίσας
3763 5626 3808 5677 τῳ
