4018 6344
188 433 375 488 Hi9

1189 433 1278 489 aa
1322 431 1676 491 ORATIONE
1712 405 2062 489 DDMINICA.
2102 461 2173 473 -
2212 429 2469 488 οιιΑτιο
2502 430 2589 486 ιιι.

3393 435 3527 493 ιιεο

193 553 571 625 διαδήματι,
605 554 843 626 δαψιλῶς
863 574 920 611 τε
947 558 1049 630 τῆς
1087 558 1267 629 κόμης
1300 558 1575 629 καταχέας
1606 557 1699 612 τοῦ
1732 558 1835 629 μύ-

1959 568 2156 626 emque
2184 557 2401 611 mitram
2433 567 2488 612 et
2519 555 2749 612 fasciam
2793 557 2844 613 ei
2895 557 3180 628 iniecerit,
3226 574 3292 615 ac
3338 560 3531 617 tintin-

202 665 326 717 ρου
349 667 365 679 ο
400 646 584 711 οὕτως
611 649 774 704 αὑτὸν
802 651 1042 723 παράγει
1073 652 1168 704 ἐπὶ
1189 653 1251 704 τὸ
1281 651 1494 715 ἄδυτον,
1524 651 1624 714 τὰς
1666 652 1841 723 ἁπορσ

206 740 453 808 ρήτους
504 738 816 810 ἱερουργίας
853 741 1268 796 ἐπιτελέσοντα·
1299 745 1328 796 ὁ
1369 741 1426 795 δὲ
1472 743 1845 812 πνευματικὸς

208 828 554 899 νομοθέτης
598 832 626 883 ὁ
668 830 870 902 Κύριος
908 832 1069 903 ἡμῶν
1110 831 1319 903 Ἰησοῦς
1354 832 1586 905 Χριστὸς
1634 835 1844 902 ἀπογυ-

215 918 400 987 μνῶν
418 917 533 970 τῶν
554 920 881 989 σωματικῶν
908 923 1390 995 προκαλυμμάτων
1406 923 1499 978 τὸν
1529 924 1714 995 νόμον,
1750 925 1846 980 καὶ

216 1010 318 1074 εἰς
344 1009 414 1063 τὸ
442 1012 685 1082 ἐμφανὲς
712 1013 863 1081 άγων
890 1015 959 1069 τὰ
993 1016 1101 1077 τῷν
1124 1014 1312 1070 τύπων
1337 1017 1656 1088 αἰνίγματα,
1695 1019 1847 1091 πρῶ-

218 1118 332 1154 τον
391 1102 500 1173 μὲν
544 1104 643 1174 οὐχ
696 1105 792 1159 ἕνα
828 1106 922 1159 τοῦ
975 1108 1175 1173 παντὸς
1225 1111 1527 1182 ἀποκρίνας
1571 1111 1732 1182 μόνον
1765 1114 1846 1172 είς

224 1194 478 1263 ὁμιλίαν
525 1196 647 1265 ἀγει
686 1197 838 1269 Θεῷ,
886 1199 1024 1254 ἀλλὰ
1067 1202 1232 1255 παντὶ
1287 1204 1429 1258 κατά
1482 1204 1545 1257 τὸ
1585 1206 1699 1259 ίσον
1746 1205 1846 1276 τὴν

226 1287 414 1353 ἀξίαν
451 1291 655 1361 ταύτην
686 1291 997 1361 χαρίζεται,
1032 1294 1216 1367 κοινὴν
1257 1296 1480 1367 προθεὶς
1510 1299 1622 1365 τοῖς
1662 1296 1848 1367 βουλο-

236 1379 449 1449 μένοις
477 1379 576 1449 τῆς
600 1381 900 1453 ἱερωσύνης
927 1383 1027 1454 τὴν
1046 1385 1206 1456 χάριν
1226 1401 1241 1415 ⁶
1267 1385 1459 1440 ἔπειτα
1487 1387 1543 1440 δὲ
1563 1389 1665 1442 οὐκ
1695 1388 1849 1443 ἀλλο-

231 1468 393 1539 τρίῳ
449 1468 640 1541 κόσμῳ
670 1470 747 1541 τῷ
768 1473 832 1525 ἐκ
882 1471 1061 1544 βαφῆς
1108 1492 1253 1540 τινος
1288 1478 1383 1530 καὶ⁵
1415 1479 1717 1549 ὑφαντικῆς
1750 1497 1847 1533 πε-

240 1563 585 1632 ριεργασίας
618 1560 997 1636 ἐξευρημένῳ,
1021 1567 1081 1619 τὸ
1109 1567 1303 1631 κάλλος
1340 1566 1437 1622 τοῦ
1469 1570 1660 1640 ίερέως
1689 1570 1842 1641 σοφί-

238 1651 414 1717 ζεται
434 1693 451 1718 ,
488 1654 602 1707 ἀλλ’
636 1656 833 1709 οἰκεῖον
856 1657 1006 1729 αὐτῷ
1032 1658 1127 1711 καὶ
1162 1660 1385 1730 συμφυῆ
1414 1660 1730 1731 περιϐάλλει
1755 1663 1847 1717 τὸν

241 1744 499 1819 κόσμον,
526 1746 647 1800 ἀντὶ⁸
684 1747 784 1817 τῆς
812 1749 1064 1820 ποικίλης
1090 1749 1407 1821 ἁλουργίδος
1435 1755 1555 1816 ταῖς
1577 1752 1687 1807 τῶν
1721 1755 1848 1824 ἀρε-

240 1835 367 1890 τῶν
408 1836 598 1908 χάρισι
634 1839 999 1909 περιανθίζων
1020 1857 1036 1873 ο
1084 1846 1280 1912 κοσμεῖ
1303 1843 1362 1896 δέ
1403 1844 1498 1898 καὶ
1525 1843 1588 1897 τὸ
1620 1845 1845 1916 στῆθος,

243 1928 315 1980 οὐ
558 1903 777 2001 χρυσῷ,
813 1903 928 1984 ἀλλ’
960 1934 1018 1986 ἐν
1059 1903 1322 2005 ἀκηράτῳ
1358 1936 1453 1989 καὶ
1477 1903 1848 2008 καθαρᾷ-συνζ
1880 1903 1925 1962 Β

246 2019 467 2091 ειδήσει
514 2022 575 2073 τὸ
601 2022 701 2091 τῆς
731 2021 957 2091 καρδίας
980 2024 1232 2095 ὼραῖζων
1256 2026 1473 2090 κάλλος.
1527 2027 1849 2101 Ἐναρμόζει

246 2120 315 2173 δὲ
356 2124 427 2191 τῇ
474 2120 642 2193 μίτρα
672 2122 767 2175 καὶ
810 2122 1117 2178 πολυτελῶν
1151 2125 1315 2179 λίθων
1344 2127 1521 2195 αὐγάς
1542 2145 1557 2159 ·
1594 2121 1754 2182 αὗται
1792 2127 1851 2181 δέ

250 2211 404 2263 εἰσιν
448 2213 505 2263 αἱ
555 2209 665 2264 τῶν
720 2212 891 2280 ἁγίων
941 2213 1171 2267 ἐντολῶν
1216 2212 1593 2286 λαμπηδόνες,
1644 2217 1723 2282 ὡς
1772 2217 1853 2288 τῷ

266 2301 588 2373 ’Δποστόλῳ
619 2302 784 2357 δοκεῖ.
832 2304 991 2358 ’Δλλὰ
1016 2305 1112 2358 καὶ
1132 2307 1199 2376 τῇ
1232 2306 1564 2377 περισκελίδι
1591 2307 1654 2359 τὸ
1688 2306 1852 2378 μέρος

252 2394 479 2457 ἐκεῖνο,
530 2386 576 2461 ᾧ
620 2394 825 2464 κόσμος
871 2395 988 2448 ἐστὶ
1024 2397 1086 2450 τὸ
1129 2395 1367 2451 τοιοῦτον
1414 2392 1509 2451 τοῦ
1554 2398 1852 2468 ἐνδύματος

256 2485 752 2553 κατασφαλίζεται.
790 2489 1013 2552 Πάντως
1042 2489 1099 2543 δὲ
1143 2490 1243 2543 οὐκ
1291 2491 1507 2559 ἀγνοεῖς
1540 2492 1635 2544 ’δτι
1664 2490 1726 2544 τὸ
1753 2492 1852 2561 τῆς

261 2577 627 2647 σωφροσύνης
670 2578 1040 2649 περιϐόλαιον,
1084 2580 1288 2651 κόσμος
1332 2581 1429 2634 τοῦ
1474 2581 1714 2635 τοιούτου
1755 2581 1852 2652 μέ·-

263 2685 398 2739 ρους
432 2670 579 2723 ἐστίν
599 2686 613 2699 ·
655 2670 978 2743 ἀπαρτήσας
1027 2670 1085 2724 δὲ
1120 2672 1228 2723 τῶν
1259 2672 1580 2743 κρασπέδων
1608 2671 1704 2725 τοῦ
1737 2673 1852 2743 βίου

260 2762 395 2823 τοὺς
432 2762 657 2832 νοητοὺς
692 2763 942 2833 ρόῑσκους
983 2777 1044 2815 τε
1073 2763 1167 2816 καὶ
1198 2760 1324 2826 τοὺς
1362 2761 1651 2827 κώδωνας·
1682 2763 1854 2818 ταῦτα

261 2852 327 2907 δὲ
356 2851 581 2915 εἰκότως
608 2853 674 2907 ἄν
701 2870 783 2917 τις
809 2853 881 2906 τά
909 2855 1159 2925 προφανῆ
1183 2854 1283 2925 τῆς
1315 2854 1436 2907 κατ’
1463 2854 1665 2925 ἀρετὴν
1704 2854 1856 2907 πολι-

264 2944 423 3008 τείας
465 2945 742 3014 νοήσειεν,
791 2945 867 3009 ὡς
896 2945 965 3000 ἀν
1007 2947 1337 3016 ἐπίσημοςή
1391 2946 1534 3001 κατὰ
1561 2948 1660 3018 τὴν
1709 2946 1855 3019 ζωὴν

266 3036 474 3106 ταύτην
512 3037 707 3108 πορεία
735 3037 963 3106 γένοιτο.
1002 3037 1218 3091 Τούτων
1260 3033 1355 3092 οὖν
1394 3034 1503 3092 τῶν
1535 3040 1856 3111 κρασπέδων

271 3128 480 3198 ἐξάψας
516 3130 637 3183 ἀντὶ
672 3130 772 3202 μὲν
799 3128 895 3184 τοῦ
927 3127 1192 3196 κώδωνος,
1225 3130 1317 3183 τὸν
1340 3129 1542 3201 εὔηχον
1577 3131 1734 3200 λόγον
1756 3132 1857 3203 τῆς

1945 650 2146 704 nabula
2171 662 2236 703 ex
2276 649 2508 704 ﬁmbriis
2541 663 2668 703 cum
2705 650 3097 719 malogranatis
3135 651 3528 720 su5pcnderit:

1945 753 2184 810 superne
2233 754 2452 812 quoque
2498 742 2739 795 tunicam
2785 740 3132 810 epomidibus
3181 743 3534 796 constrinxe-

1944 831 2059 895 rit,
2097 840 2151 885 et
2184 830 2494 886 diademate
2525 840 2693 901 caput
2735 834 3120 896 exornaverit,
3164 834 3534 904 capillumque

1946 924 2169 995 largiter
2194 924 2380 981 infuso
2410 936 2690 995 unguento
2720 926 2980 980 imbuerit
3008 944 3021 980 :
3054 926 3128 979 ita
3160 927 3378 980 demum
3409 943 3531 980 cum

1947 1016 2015 1070 ad
2046 1017 2267 1087 adytum
2296 1031 2498 1071 arcana
2520 1017 2787 1072 sacriﬁcia
2812 1024 3160 1086 peracturum
3191 1018 3443 1087 producit
3464 1017 3530 1073 ⁸⁸.

1947 1110 2019 1162 At
2044 1110 2344 1179 spiritualis
2375 1110 2660 1180 legislator
2684 1109 2948 1165 Dominus
2977 1108 3164 1164 noster
3192 1108 3355 1166 Jesus
3380 1093 3537 1165 Chri-

1949 1209 2103 1268 stus,
2135 1203 2514 1271 corporalibus
2546 1204 2714 1274 legem
2747 1204 3070 1258 velamentis
3100 1204 3342 1273 spoliuns
3369 1213 3535 1272 atque

1948 1294 2273 1360 denudans,
2304 1304 2359 1350 et
2394 1295 2449 1348 in
2494 1306 2743 1365 apertum
2785 1295 3072 1366 proferens
3116 1296 3405 1365 aenigmata
3452 1305 3533 1348 at-

1947 1398 2055 1456 que
2102 1388 2385 1442 involucra
2441 1375 2789 1458 ﬁgurarum:
2843 1389 3082 1458 primum
3141 1388 3361 1457 quidem
3424 1402 3532 1442 non

1951 1494 2121 1533 unum
2157 1494 2225 1533 ex
2258 1481 2517 1535 universo
2542 1476 2778 1550 corpo're
2805 1495 3102 1550 segregans
3122 1522 3136 1545 ,
3168 1481 3321 1533 illum
3354 1481 3531 1534 solum

1951 1570 2018 1625 ad
2053 1571 2386 1641 colloquium
2432 1571 2526 1626 Dei
2569 1570 2833 1625 adducit:
2882 1571 2977 1625 sed
3019 1586 3312 1625 commune
3342 1573 3535 1625 volen-

1950 1663 2098 1716 tibus
2129 1663 2423 1717 sacerdotii
2460 1663 2791 1718 beueﬁcium
2834 1677 2900 1716 ac
2936 1679 3136 1719 munus
3181 1678 3497 1733 proponens
3519 1705 3533 1729 ,

1950 1756 2175 1809 cuilibet
2207 1755 2351 1808 hanc
2376 1754 2699 1823 dignitatem
2731 1767 2799 1809 ex
2833 1770 2994 1824 atquo
3029 1755 3262 1823 largitur
3290 1774 3303 1809 :
3340 1754 3539 1810 deinde

1951 1858 2083 1900 vero
2127 1862 2235 1901 non
2286 1847 2464 1901 alieno
2500 1855 2734 1909 ornatu,
2768 1847 2862 1915 qui
2896 1862 2964 1902 ex
3009 1846 3253 1902 tinctura
3301 1847 3537 1918 quadam

1954 1946 2010 1995 et
2044 1918 2324 2009 superﬂuo
2352 1953 2519 2008 opere
2553 1937 2798 1993 textorio
2842 1938 3151 2008 exquisitos
3200 1937 3304 2002 sit,
3353 1937 3535 1992 ﬁctam

1953 2031 2420 2102 pulchritudinem
2451 2029 2755 2085 sacerdotis
2777 2038 3019 2086 ostentat
3043 2047 3056 2083 :
3082 2029 3177 2084 sed
3209 2030 3430 2100 proprio
3455 2036 3538 2083 at-

1953 2138 2060 2195 que
2091 2125 2279 2178 nativo
2311 2138 2436 2178 eum
2480 2129 2804 2177 ornamento
2852 2120 3191 2184 circumdat,
3235 2135 3334 2191 pro
3384 2121 3538 2174 varia

1952 2225 2105 2271 veste
2133 2229 2411 2285 purpurea
2441 2214 2709 2268 virtutum
2752 2213 2946 2284 gratiis
2985 2213 3265 2268 excolens.
3309 2210 3540 2266 Instruit

1953 2315 2135 2361 autem
2171 2307 2336 2360 etiam
2369 2313 2563 2375 pectus
2594 2318 2715 2359 non.
2737 2312 2956 2360 terreno
2991 2318 3158 2367 auro,
3191 2302 3287 2358 sed
3324 2304 3539 2373 integra

1956 2413 2204 2468 puraque
2233 2397 2575 2452 conscientia
2621 2397 3090 2468 pulchritudinem
3141 2395 3328 2451 cordis
3379 2408 3543 2449 exor-

1957 2507 2132 2546 nans:
2174 2500 2338 2560 atque
2366 2490 2494 2544 huic
2526 2490 2702 2544 mitra
2750 2489 3116 2559 pretiosorum
3153 2503 3370 2556 quoque
3405 2485 3543 2555 lapi-

1952 2582 2093 2637 dum
2120 2580 2361 2650 fulgores
2402 2579 2625 2650 adaptat
2668 2598 2681 2632 :
2724 2579 2778 2633 lii
2822 2587 3005 2633 autem
3036 2586 3356 2634 sanctorum
3388 2592 3543 2630 man-

1956 2674 2210 2727 datorum
2268 2670 2593 2741 splendores
2651 2679 2810 2735 sunt,
2866 2682 2923 2723 ut
2975 2669 3239 2739 Apostolo
3299 2668 3538 2723 videtur.

1957 2764 2273 2829 Quinetiam
2309 2762 2665 2817 feiiioralibus
2688 2761 2871 2814 munit
2900 2760 3048 2813 illam
3088 2768 3295 2828 partem
3319 2800 3333 2823 ,
3367 2757 3453 2811 cui
3488 2757 3541 2811 id

1957 2846 2491 2923 indumenti'geuus
2540 2861 2865 2908 ornamento
2911 2860 3015 2907 est.
3070 2852 3310 2906 Prorsus
3359 2859 3542 2904 autem

1936 2965 2065 3003 ἰιοιι
2096 2950 2348 3018 ignoras,
2387 2947 2533 3017 quod
2566 2945 2845 3017 pudicitiae
2881 2943 3178 2999 amiculum
3201 2982 3216 3007 ,
3251 2958 3542 2997 ornamen-

1958 3040 2073 3094 tuin
2105 3039 2225 3106 ejus
2260 3040 2433 3110 partis
2464 3039 2555 3093 sit.
2583 3037 2718 3091 Cum
2747 3035 3098 3106 appendisset
3128 3043 3310 3087 autem
3335 3048 3400 3088 ex
3426 3035 3547 3086 ﬁm-

1958 3130 2100 3184 briis
2146 3132 2267 3183 vita:
2312 3129 2620 3199 spiritualia
2665 3128 3043 3197 malogranata
3081 3132 3136 3180 et
3177 3122 3546 3179 tintinnabula

276 3220 526 3285 πίστεως·
559 3222 684 3275 ἀντὶ
713 3221 771 3276 δὲ
814 3221 907 3275 τοῦ
940 3223 1180 3295 ροἲσκου,
1206 3222 1308 3295 τὴν
1335 3224 1724 3296 κεκρυμμένην
1758 3228 1853 3296 τῆς

1961 3222 2090 3293 (per
2113 3222 2229 3277 haec
2251 3230 2435 3276 autem
2463 3229 2611 3274 recte
2635 3220 2759 3288 quis
2792 3220 3053 3289 praaclara
3079 3231 3245 3287 opera
3271 3217 3395 3270 vita:
3418 3230 3543 3269 cum

277 3311 576 3384 μελλούσης
615 3310 827 3378 ἐλπίδος
871 3315 1223 3386 ἐτοιμασίαν,
1253 3316 1355 3387 τὴν
1397 3316 1478 3388 τῷ
1520 3318 1857 3390 στιφροτέρῳ

277 3402 379 3474 βίῳ
409 3403 850 3477 κεκαλυμμένην,
882 3404 1026 3459 οὕτω
1057 3407 1294 3479 παράγει
1326 3407 1421 3461 ἐπὶ
1453 3408 1516 3462 τὸ
1540 3408 1732 3463 ἄδυτον
1761 3408 1856 3462 τοῦ

279 3494 425 3565 ἱεροῦ
455 3496 549 3549 καὶ
570 3495 871 3551 ἐνδότατον.
908 3496 984 3549 Tb
1020 3497 1078 3550 δὲ
1107 3497 1298 3553 ἄδυτον
1320 3500 1483 3552 τοῦτο
1514 3499 1617 3553 οὐκ
1646 3500 1857 3571 ἄψυχόν

278 3587 443 3647 ἐστιν,
472 3587 598 3639 οὔτε
627 3587 982 3659 χειρόδμητον
1003 3606 1017 3620 ⁶
1073 3589 1205 3643 ἀλλὰ
1238 3590 1298 3643 τὸ
1330 3591 1571 3661 κρυπτὸν
1597 3593 1698 3662 τῆς
1724 3610 1860 3662 καρ-

280 3678 397 3740 δίας
420 3674 576 3748 ἡμῶν
610 3681 862 3748 ταμεῖον,
898 3680 995 3734 ἐὰν
1025 3680 1245 3753 άληθῶς
1271 3680 1462 3735 ἄδυτον
1566 3685 1630 3755 τῇ
1664 3684 1855 3755 κακία,

282 3770 373 3824 καὶ
402 3774 511 3835 τοῖς
556 3774 813 3841 πονηροῖς
858 3773 1138 3843 λογισμοῖς
1175 3774 1525 3831 ἀνεπίϐατον.
1560 3778 1776 3847 Κοσμεῖ
1800 3778 1859 3831 δὲ

282 3863 380 3934 τὴν
410 3862 647 3933 κεφαλὴν
682 3864 763 3935 τῷ
786 3864 1020 3936 οὐρανίῳ
1054 3868 1384 3938 φρονήματι,
1416 3868 1477 3921 ού
1511 3868 1859 3940 γραμμάτων

281 3954 443 4009 τύπον
490 3956 943 4028 ἐνσημηνάμενος
985 3957 1204 4029 πετάλῳ
1249 3957 1467 4030 χρυσῷ,
1530 3960 1647 4014 ἀλλ’
1695 3959 1858 4013 αὐτὸν

283 4048 373 4102 τὸν
396 4046 530 4102 θεὸν
554 4048 873 4112 ὲντυπὼσις
907 4051 965 4104 ἐν
993 4048 1071 4120 τῷ
1094 4051 1413 4122 ἡγεμονικῷ
1440 4051 1706 4123 λογισμῷ.
1742 4053 1858 4106 Μύ-

289 4139 449 4208 ρονδὲ
470 4138 874 4203 κατασκεδάζει
919 4141 1019 4212 τῆς
1062 4140 1263 4211 κόμης,
1294 4141 1355 4194 τὸ
1395 4141 1526 4212 παρ’
1558 4142 1731 4211 αὐτῆς
1776 4141 1861 4195 ἐν-

280 4231 427 4283 δοθεν
452 4231 559 4301 τῆς
585 4232 766 4303 ψυχῆς
786 4232 876 4285 διὰ
893 4229 1004 4285 τῶν
1027 4230 1242 4303 ἀρετῶν
1276 4233 1673 4306 μυρεψόμενον.
1701 4234 1862 4307 Θῦμα

284 4323 343 4376 δέ
371 4324 458 4377 καὶ
492 4325 688 4396 ἱερεῖον
726 4325 1025 4397 προσάγειν
1051 4326 1214 4380 αὐτὸν
1247 4322 1326 4398 τῷ
1354 4326 1474 4398 Θεῷ
1502 4328 1862 4400 παρασκειυά⁶

291 4414 387 4481 ζει,
435 4415 524 4469 διὰ
559 4416 663 4487 τῆς
720 4418 992 4489 μυστικῆς
1035 4419 1379 4490 ἱερουργίας,
1432 4419 1531 4473 οὐκ
1575 4419 1704 4473 ἄλλο
1736 4437 1789 4471 τι
1825 4418 1859 4493 ἢ

293 4509 489 4563 ἐαυτὸν.
534 4509 593 4563 '0
638 4507 749 4580 γάρ
796 4508 974 4573 οὕτως
1018 4510 1173 4581 παρὰ
1210 4508 1305 4563 τοῦ
1337 4510 1545 4582 Κυρίου
1587 4510 1725 4582 πρὸς
1761 4511 1862 4582 τὴν

1958 3318 2163 3371 virtute
2191 3324 2328 3369 actae
2359 3311 2719 3377 intellexerit,
2751 3320 2812 3365 ut
2842 3310 3057 3379 insigne
3083 3324 3178 3379 per
3204 3308 3348 3363 hanc
3375 3310 3547 3362 vitam

1959 3412 2064 3466 iter
2092 3408 2229 3477 sit.)
2264 3407 2339 3461 Bx
2374 3407 2462 3461 his
2498 3406 2666 3476 igitur
2693 3404 2928 3459 ﬁmbriis
2953 3418 3080 3458 cum
3130 3418 3231 3473 pro
3276 3402 3547 3457 tintinna-

1957 3502 2098 3557 bule
2116 3500 2338 3571 quidem
2372 3499 2511 3553 bene
2552 3504 2842 3552 sonantem
2891 3508 3202 3551 sermonem
3252 3492 3377 3548 ﬁdei
3430 3507 3552 3548 sus-

1957 3595 2276 3667 pendisset,
2309 3606 2410 3662 pro
2444 3589 2825 3659 malogranato
2857 3602 2989 3643 vero
3028 3586 3305 3642 occultam
3344 3584 3551 3640 futurae

1962 3687 2078 3757 spei
2112 3682 2593 3755 promptitudiuem
2615 3721 2631 3747 ,
2663 3695 2783 3735 eam
2810 3722 2826 3747 ,
2862 3695 2984 3750 quae
3014 3677 3226 3733 duriori
3260 3678 3368 3731 vita
3407 3686 3550 3752 tecta

1960 3786 2075 3841 est,
2113 3777 2188 3831 ita
2217 3775 2436 3830 demum
2470 3774 2539 3827 ad
2573 3772 2797 3837 ἄδυτον,
2838 3778 2894 3826 et
2929 3769 3187 3825 intimum
3236 3766 3422 3837 templi
3472 3768 3551 3822 lo—

1961 3885 2086 3926 cum
2124 3867 2396 3939 producit.
2444 3866 2671 3919 ’Ἂδυτον
2710 3871 2895 3918 autem
2939 3862 3046 3917 hoc
3091 3875 3201 3916 non
3245 3860 3548 3914 inanimum
3634 3890 3649 3903 κ

1960 3978 2141 4034 neque
2173 3977 2337 4015 manu
2382 3957 2629 4024 factum,
2679 3958 2771 4013 sed
2823 3972 3086 4012 arcanum
3133 3955 3318 4010 cordis
3372 3953 3551 4009 nostri

1962 4054 2239 4126 penetrale
2292 4061 2457 4123 atque
2500 4050 2762 4105 conclave
2811 4058 2932 4117 est;
2968 4048 3015 4104 si
3072 4060 3199 4102 vere
3227 4045 3455 4111 ἄδυτον,
3492 4044 3548 4098 id

1959 4155 2078 4212 est,
2116 4143 2536 4215 impenetrabile
2571 4141 2862 4212 nequitiae,
2899 4147 2954 4196 et
2986 4139 3149 4195 malis
3195 4136 3551 4208 cogitationi-

1961 4239 2066 4294 bus
2098 4239 2445 4293 inaccessum
2476 4236 2571 4292 sit.
2603 4233 2779 4289 Ornat
2808 4233 2938 4288 item
2974 4240 3141 4302 caput
3175 4229 3389 4286 caelesti
3426 4243 3552 4283 sen-

1962 4347 2026 4386 su
2050 4373 2064 4397 ,
2100 4343 2212 4384 non
2246 4328 2558 4383 litterarum
2598 4328 2827 4397 ﬁguram
2862 4338 3043 4378 aureae
3095 4321 3313 4376 laminae
3360 4319 3552 4390 impri-

1962 4437 2155 4486 mens,
2187 4418 2283 4476 sed
2319 4420 2497 4489 ipsum
2546 4415 2716 4472 Deum
2762 4416 2817 4469 in
2856 4414 3146 4484 principali
3195 4413 3410 4466 ratione
3464 4412 3550 4465 in-

1964 4513 2243 4582 sculpens.
2312 4507 2665 4579 Unguentum
2728 4511 2911 4558 autem
2973 4502 3171 4572 capillo
3232 4500 3548 4571 inspergit,

294 4598 576 4671 ἱερωσύνην
605 4600 811 4672 ταύτην
839 4601 1127 4670 ἀγόμενος,
1160 4600 1222 4654 τὸ
1247 4601 1501 4672 φρόνημα
1534 4602 1634 4672 τῆς
1661 4602 1853 4674 σαρκὸς

1965 4603 2110 4674 quod
2146 4604 2213 4657 ah
2247 4601 2366 4673 ipsa
2400 4601 2581 4655 anima
2616 4612 2717 4670 per
2748 4600 2981 4651 virtutes
3017 4594 3350 4649 intrinsecus
3379 4591 3551 4646 conﬁ-

295 4690 557 4760 νεκρὼσας
604 4692 661 4743 ἐν
708 4691 774 4760 τῇ
827 4689 1072 4762 μαχαίρᾳ
1114 4688 1209 4742 τοῦ
1266 4690 1600 4762 πνεύματος,
1658 4693 1687 4745 ὃ
1736 4695 1855 4746 ἐστι

302 4780 436 4850 ῥῆμα
469 4780 633 4849 Θεοῦ,
670 4781 844 4846 οὕτως
874 4780 1108 4837 ῐλεσῦται
1134 4782 1226 4836 τὸν
1251 4782 1388 4837 Θεὸν
1420 4785 1479 4837 ἐν
1506 4787 1620 4849 τοῖς
1646 4785 1862 4849 ἀδύτοις

297 4873 594 4942 γενόμενος,
643 4875 835 4929 ἐαυτὸν
875 4874 961 4929 διά
990 4876 1092 4948 τῆς
1135 4875 1391 4947 τοιαύτης
1426 4875 1617 4942 θυσίας
1649 4879 1861 4950 ἱερουρ-

298 4968 482 5036 γήσας,
533 4967 628 5021 καὶ
684 4969 1043 5041 παραστήσας
1094 4969 1156 5022 τὸ
1188 4969 1383 5024 ἐαυτοῦ
1425 4969 1615 5040 σῶμα,
1669 4970 1859 5048 θυσίαν

300 5056 458 5124 ζῶσαν
483 5060 641 5128 ἁγίαν
672 5060 964 5133 εὐάρεστον
999 5059 1078 5132 τῷ
1102 5061 1240 5131 Θεῷ.
1284 5061 1424 5116 Ἀλλ’
1447 5064 1565 5134 ἐρεῖ
1594 5081 1678 5129 τις
1703 5064 1855 5129 ἴσως,

303 5151 369 5221 μὴ
389 5148 549 5204 ταῦτα
569 5151 712 5207 κατὰ
737 5153 798 5207 τὸ
821 5153 1112 5226 πρόχειρον
1137 5144 1281 5224 ἔχειν
1302 5155 1397 5227 τὴν
1426 5156 1523 5226 τῆς
1548 5156 1858 5228 προσευχῆς

298 5244 513 5297 διάνοιαν
548 5245 649 5315 τῆς
693 5245 1065 5318 προκειμένης
1110 5246 1243 5318 ἡμῖν
1274 5249 1354 5310 εἰς
1382 5246 1670 5320 ἐξήγησιν·
1702 5266 1858 5319 περι-

299 5340 422 5391 νοεῖν
466 5337 521 5392 δὲ
565 5338 716 5408 ἡμᾶς
755 5338 884 5403 τοὺς
917 5339 1191 5405 τοιούτους
1242 5340 1469 5410 λόγους,
1498 5342 1598 5394 οὐκ
1643 5343 1709 5395 ἐκ
1747 5341 1856 5395 τῶν

299 5428 489 5495 οἰκείων
520 5431 635 5494 τοῖς
670 5418 1050 5503 ὑποκειμένοις
1096 5432 1457 5506 ἁρμόζοντας.
1500 5428 1707 5488 Οὐκοῦν
1749 5435 1855 5489 πά-

300 5520 372 5575 λιν
409 5522 802 5594 ὐπομνησθήτω
835 5522 942 5579 τῶν
973 5525 1205 5597 πρώτων
1240 5526 1339 5597 τῆς
1371 5529 1678 5600 προσευχῆς
1708 5526 1854 5581 διδα-

302 5615 513 5686 γμάτων.
564 5614 626 5669 '0
658 5616 767 5688 γὰρ
795 5616 968 5682 οὕτως
1007 5619 1199 5672 ἐαυτὸν
1230 5618 1675 5690 παρασκευάσας,
1712 5620 1853 5674 ὥστε

302 5711 354 5764 ἐν
378 5709 645 5779 παρρησίᾳ
677 5710 941 5781 τολμῆσαι
971 5711 1190 5783 Πατέρα
1230 5711 1422 5767 ἐαυτοῦ
1452 5713 1542 5767 τὸν
1578 5713 1710 5767 θεὸν
1740 5690 1853 5767 ὀνο-

367 5885 403 5918 ⁸¹
441 5883 613 5941 Levit.
647 5902 776 5957 vui,
822 5887 873 5956 7,
907 5904 1032 5960 sqq.

1964 4698 2109 4752 citur
2138 4715 2152 4752 :
2187 4705 2350 4766 atque
2378 4693 2544 4749 etiam
2577 4696 2849 4762 pratparat
2892 4702 3016 4743 eum
3039 4730 3053 4753 ,
3092 4693 3152 4740 ut
3185 4686 3464 4739 victimam
3495 4690 3551 4738 et

1962 4790 2200 4844 hostiam
2233 4801 2329 4859 per
2359 4786 2649 4859 mysticum
2680 4781 3015 4841 sacriﬁcium
3042 4778 3239 4834 oﬁ'erat
3270 4777 3400 4843 Deo,
3438 4791 3549 4830 ιιοιι

1964 4882 2114 4937 aliud
2144 4880 2445 4951 quidquam
2478 4879 2583 4933 nisi
2632 4877 2899 4948 seipsum.
2936 4873 3039 4942 Qui
3087 4871 3234 4928 enim
3270 4871 3344 4924 ita
3376 4886 3405 4922 a
3443 4866 3550 4923 Do-

1963 4974 2115 5029 mino
2162 4974 2226 5027 ad
2282 4973 2391 5025 hoc
2440 4966 2772 5025 sacriﬁcium
2831 4984 2928 5040 per
2986 4964 3231 5038 gladium
3281 4961 3544 5031 spiritus,

1959 5065 2105 5138 quod
2137 5074 2223 5121 est
2255 5063 2481 5120 verbum
2524 5061 2654 5127 Dei,
2684 5075 2912 5117 sensum
2948 5057 3133 5114 carnis
3170 5051 3545 5116 mortiﬁcans,

1960 5156 2206 5219 ducitur,
2239 5155 2287 5210 is
2318 5154 2462 5208 intra
2502 5152 2665 5224 adyta
2702 5149 2875 5206 Deum
2912 5148 3131 5221 placat,
3170 5145 3413 5215 seipsum
3450 5157 3551 5213 per

1959 5251 2067 5305 tale
2119 5247 2452 5304 sacriﬁcium
2503 5244 2828 5308 immolans,
2876 5255 3148 5313 suumque
3192 5251 3397 5307 corpus
3444 5234 3548 5288 bo-

1959 5342 2121 5398 stiam
2162 5340 2471 5401 viventem,
2518 5344 2799 5398 sanctam,
2844 5338 3124 5402 acceptam
3167 5326 3280 5385 Deo
3320 5327 3542 5382 sistens.

1965 5431 2073 5489 Sed
2109 5430 2345 5486 fortasse
2372 5428 2519 5483 dicet
2545 5426 2779 5498 aliquis,
2811 5440 2924 5480 non
2965 5423 3113 5489 hac,
3163 5427 3326 5492 prout
3368 5418 3545 5504 prima

1963 5524 2104 5580 facie
2134 5529 2429 5595 appareat,
2459 5518 2788 5587 sententiam
2830 5516 3134 5579 orationis,
3172 5528 3336 5584 quam
3370 5525 3543 5581 expo-

1963 5616 2201 5675 nendam
2226 5614 2612 5685 siiscepimus,
2648 5611 2973 5668 continere:
3008 5607 3105 5666 sed
3139 5624 3241 5663 nos
3269 5601 3545 5689 ejusmodi

1963 5725 2245 5768 sermones
2263 5748 2277 5775 ,
2306 5708 2401 5779 qui
2433 5706 2512 5763 rei
2539 5704 2834 5777 proposita:
2858 5718 2921 5760 cx
2952 5701 3190 5775 propriis
3215 5699 3337 5769 ejus
3365 5693 3552 5763 verbis
