4018 6362
1845 405 1903 462 S.
1934 409 2260 474 GREGORII
2292 423 2337 479 Ν
2345 424 2583 487 YSSENI

625 488 839 552 collecti
865 508 974 549 non
1001 501 1360 572 conveniant,
1392 512 1760 573 comminisci.
1787 518 2130 586 Reminisca:

625 594 751 648 “'30
779 581 963 640 denuo
989 598 1156 649 atque
1186 599 1509 649 recordetur
1534 609 1763 649 nrimnm
1801 621 2070 649 η...,.;η..ε-
2109 627 2133 649 ..ι

3780 488 3797 518 ι
3815 488 3871 521 ia:

2237 554 2277 610 Α
2310 545 2501 615 μάσαι,
2529 545 2682 618 οὗτος
2709 557 2948 629 ἀκριϐῶς
2974 564 3280 635 περίκειται
3307 571 3407 641 τὴν
3435 574 3650 646 στολὴν
3675 578 3871 649 ἐκείνην,

598 1313 824 1384 justitiae
851 1335 1050 1392 ornat,
1101 1332 1362 1401 capillum
1407 1341 1617 1398 cwlesti
1656 1313 1937 1418 unguento
1968 1355 2191 1414 delibu-

603 1411 717 1462 tum
742 1410 938 1482 habet,
986 1425 1041 1472 et
1082 1420 1226 1477 intra
1253 1433 1664 1498 supercaelestia
1696 1410 1861 1513 adyta
1892 1457 2184 1504 versatur:

599 1515 721 1570 quae
765 1509 915 1561 omni
965 1512 1286 1582 cogitationi
1337 1524 1583 1591 profante
1637 1545 1826 1588 revera
1874 1537 2074 1605 ἄδυτα,
2129 1541 2184 1596 id

597 1599 682 1647 est
716 1593 1154 1665 impenetrabilia
1186 1618 1350 1680 atque
1383 1615 1664 1675 inaccessa
1711 1635 1862 1682 sunt.
1887 1629 2183 1690 Enimvero

598 1688 875 1750 quomodo
907 1700 962 1745 et
993 1710 1316 1754 exornatum
1349 1713 1404 1759 et
1438 1707 1773 1771 instructum
1817 1734 1941 1777 esse
1983 1740 2180 1782 conve-

2179 659 2203 671 -
2306 636 2372 706 ἢν
2405 641 2434 692 6
2473 633 2636 713 λόγος
2666 646 2999 721 ὑπέγραψεν,
3037 633 3131 709 καὶ
3167 659 3295 730 ἠχεῖ
3321 633 3438 728 τοῖς
3469 633 3767 734 κώδωσιν,
3807 633 3870 726 £1:

2303 728 2518 793 ἐξανθεῖ
2555 739 2664 802 τοῖς
2711 742 2975 810 ῥοΐσκοις·
3012 749 3105 803 καὶ
3137 728 3342 822 λάμπει
3407 758 3550 828 περὶ
3595 761 3664 812 τὸ
3715 728 3869 832 στῆθος

2300 823 2420 885 ταῖς
2444 824 2552 880 τῶν
2573 829 2803 885 ἐντολῶν
2829 836 3054 904 αὐγαῖς,
3087 843 3180 894 καὶ
3207 845 3365 915 φέρει
3393 823 3516 913 τοῖς
3551 849 3742 921 ὤμοις
3777 859 3866 920 τοὺς

2301 911 2646 983 πατριάρχας
2674 919 2769 971 καὶ
2798 925 3100 1007 προφήτας,
3129 911 3250 984 ἀντὶ
3280 911 3390 988 τῶν
3431 911 3768 1007 ὀνομάτων,

2171 1022 2196 1034 ο
2297 994 2498 1066 ἀρετὰς
2532 1002 2755 1060 ἐκείνων
2786 1013 2864 1075 εἰς
2897 994 2989 1069 τὸν
3029 1017 3157 1073 ῐδιον
3179 1021 3382 1093 κόσμον
3415 994 3863 1104 μετακοσμήσεις

2297 1087 2391 1138 καὶ
2411 1089 2508 1161 τὴν
2533 1096 2771 1170 κεφαλὴν
2798 1108 3092 1178 κοσμεῖτῷ
3108 1111 3206 1182 τῆς
3229 1101 3594 1190 δικαιοσύνη-ς
3619 1127 3863 1200 στεφάνῳ,

2297 1191 2326 1200 ι.
2336 1177 2384 1200 ..ὶ
2441 1181 2495 1200 -1
2511 1199 2515 1200 ν
2531 1199 2535 1200 ν
2641 1185 2653 1200 ‘
2813 1191 2835 1200 ’⁸
3014 1197 3036 1200 “

2294 1177 2390 1228 καὶ
2437 1181 2537 1252 τὴν
2592 1185 2767 1259 κόμην
2809 1191 2922 1262 ἔχει
2969 1197 3047 1268 τῷ
3079 1177 3312 1275 οὐρανίῳ
3349 1206 3511 1279 μύρῳ

3020 1267 3025 1268 ,
3145 1267 3156 1272 -
3283 1267 3294 1275 -
3349 1267 3361 1277 1
3429 1267 3442 1278 ι
3479 1267 3490 1279 ι
3700 1267 3712 1285 Ι
3762 1267 3859 1285 Λή““

2290 1267 2442 1332 ἐντός
2485 1289 2542 1324 τε
2580 1274 2788 1343 γίνεται
2832 1281 2942 1335 τῶν
2991 1285 3398 1360 ὐπερουρανίων
3440 1296 3711 1353 ἀδύτων⁶
3747 1303 3860 1373 ἅπερ

2290 1363 2451 1414 παντὶ
2499 1363 2744 1438 λογισμῷ
2795 1370 3004 1445 βεϐήλῳ
3044 1377 3209 1433 ἄδυτα
3258 1383 3334 1446 ὡς
3365 1385 3604 1456 ἀληθῶς
3647 1363 3859 1446 ἐστι

2287 1451 2605 1510 ἀνεπίϐατα.
2652 1459 2790 1512 Ἀλλ’
2817 1463 2964 1528 ὅπως
3002 1470 3265 1540 προσήκει
3297 1451 3768 1547 παρεσκευάσθαι
3788 1485 3858 1536 τὸν

2288 1543 2614 1616 ἱερωμένον,
2664 1553 2900 1623 μετρίως
2948 1559 3006 1611 ἐν
3044 1564 3156 1625 τοῖς
3201 1543 3605 1639 ἐξητασμένοις
3653 1574 3685 1624 ὁ
3729 1575 3856 1642 λόγῳ

2284 1633 2586 1702 ὑπέδειξεν·
2624 1640 2808 1696 λοιπὸν
2841 1647 2884 1697 δ’
2912 1647 2979 1701 ἂν
3008 1651 3092 1722 εἴη
3123 1659 3341 1709 σκοπεῖν
3373 1660 3555 1730 αὐτὴν
3591 1663 3696 1733 τὴν
3722 1665 3853 1736 αἴτηο

2283 1743 2386 1791 σιν,
2420 1730 2486 1798 ἢν
2528 1734 2823 1803 προσάγειν
2863 1739 3118 1794 ἐκέλευσε
3155 1744 3233 1815 τῷ
3262 1748 3401 1819 Θεῷ,
3441 1751 3545 1803 τὸν
3579 1755 3736 1817 ἐντὸς
3766 1756 3852 1808 τῶι

2279 1818 2486 1873 ἀδύτων
2523 1825 2831 1894 γενόμενον.
2877 1830 2951 1884 Οὐ
2993 1831 3100 1904 γάρ
3130 1853 3220 1904 μοι
3263 1818 3410 1892 δοκεῖ
3450 1844 3609 1897 κατὰ
3645 1847 3706 1899 τὸ
3742 1851 3848 1917 3:96-

2278 1927 2480 1980 χειρον,
2511 1913 2778 1986 εὔληπτον
2813 1923 3070 1993 παρέχειν
3103 1928 3234 1996 ἡμῖν
3261 1931 3358 2002 τὴν
3396 1932 3673 2007 διάνοιαν,
3702 1913 3846 2010 ψιλῶς

2276 2003 2377 2073 τῆς
2414 2009 2722 2079 προσευχῆς
2752 2011 3040 2070 ἐκτεθέντα
3065 2017 3134 2070 τὰ
3156 2022 3393 2091 ῥήματα.

1789 2051 1805 2063 ⁸
1996 2051 2011 2056 ⁷
2031 2051 2144 2056 ’ῨῨἿ-
2290 2051 2374 2073 ’Ἰν
2421 2051 2718 2079 "7""h'l‘
2752 2051 3040 2070 '"""V""“
3076 2051 3134 2070 ⁸*
3156 2051 3393 2091 μιλμυέια.

585 2051 779 2112 derare
810 2061 1126 2128 Ρθιίιίοηθω
1149 2108 1164 2133 ι
1200 2087 1364 2141 quam
1399 2091 1558 2145 eum.
1593 2084 1686 2152 qui
1717 2086 1858 2145 intra
1917 2093 2139 2165 adytum
2196 2108 2470 2166 versatur,
2527 2101 2638 2159 Deo
2700 2105 2898 2165 offerre
2949 2110 3158 2180 jussit:
3189 2132 3297 2172 non
3330 2122 3476 2175 enim
3509 2126 3662 2180 mihi
3704 2131 3840 2184 verba

585 2149 848 2184 nrglinnin
900 2158 1043 2184 ..η-..ιιι
1096 2167 1300 2184 Δ-Αμη
1511 2174 1522 2184 .
1676 2179 1695 2184 _
1764 2183 1771 2184 ,

1987 2149 2006 2165 ⁸
2126 2149 2138 2150 7
2210 2149 2219 2153 “
2239 2149 2439 2155 Ῐ-Ὗ””“’”
2458 2149 2470 2166 ⁵
2527 2149 2635 2159 -νν
2703 2149 2898 2165 vuv'lv
2949 2149 3118 2180 δυσθ..
3143 2155 3158 2169 ι
3189 2149 3297 2172 ΙΙυΙΙ
3330 2149 3476 2175 CIII“.
3509 2149 3525 2178 Ι

582 2149 850 2207 orationis
897 2158 1045 2214 ηυδε
1091 2167 1338 2233 exposui!
1364 2211 1379 2237 ,
1438 2174 1616 2242 prima
1668 2179 1809 2238 facie
1863 2198 2119 2260 percepta
2145 2232 2162 2258 ,
2201 2192 2414 2251 facilem
2445 2198 2604 2254 nobis
2632 2204 2957 2260 sententiam
2987 2209 3229 2289 praebere
3254 2213 3525 2272 videntur.

651 2242 1028 2289 Sancum"...
1084 2257 1258 2289 ξηαπς.
1330 2281 1449 2289 ..-ψ
1467 2285 1516 2289 -__
1560 2281 1574 2289 .
1843 2279 1854 2289 .
1960 2285 1971 2289 -

650 2242 1048 2319 Sancti/ibatur,
1084 2257 1297 2330 inquit,
1329 2281 1521 2322 nomen
1556 2281 1743 2340 tuum;
1785 2279 2027 2338 adveniat
2062 2304 2161 2342 νε-
2195 2302 2237 2358 Β

578 2349 741 2403 gnum
775 2347 946 2397 tuum.
979 2345 1120 2411 Quid
1151 2351 1268 2406 haec
1295 2356 1362 2410 ad
1396 2357 1450 2412 id
1473 2400 1488 2426 ,
1519 2364 1667 2432 quod
1699 2368 1831 2423 mihi
1866 2387 2005 2442 opus
2031 2380 2160 2433 est?

577 2423 782 2481 dixerit
817 2431 1017 2502 aliquis
1048 2437 1247 2507 homo,
1280 2447 1362 2500 vel
1402 2423 1625 2521 propter
1653 2469 1880 2526 peccata
1902 2423 2158 2536 rseipsum

575 2529 674 2585 per
705 2522 1082 2588 pmnitentiam
1115 2535 1424 2606 castigans,
1469 2545 1552 2598 vel
1592 2522 1968 2619 utpeccatum
2001 2559 2156 2616 inva-

574 2606 788 2667 lescens
817 2613 1074 2687 eﬂ‘ugiat,
1109 2622 1278 2680 Deum
1330 2629 1388 2686 in
1438 2637 1703 2694 auxilium
1739 2658 1979 2714 vocans,
2013 2665 2157 2707 sem-

572 2713 671 2768 per
701 2703 758 2758 in
791 2707 967 2764 oculis
996 2711 1205 2771 habens
1237 2735 1362 2775 eum
1387 2763 1402 2789 ,
1432 2727 1527 2796 qui
1560 2745 1658 2798 per
1689 2725 2020 2796 tentationes
2051 2742 2156 2797 im-

570 2803 813 2860 pugnat:
848 2797 977 2854 hinc
1008 2803 1090 2857 ira
1120 2809 1410 2890 rationem
1437 2830 1467 2869 a
1516 2825 1829 2880 constantia
1852 2867 1868 2894 ,
1903 2831 2154 2888 modera-

568 2881 754 2952 tione,
786 2895 950 2958 atque
981 2891 1157 2950 oﬂicio
1187 2881 1410 2958 deducit
1436 2923 1450 2959 :
1485 2908 1637 2965 illinc
1666 2928 1849 2971 rerum
1881 2918 2150 2977 absurda-

567 2987 688 3026 rum
715 2979 1044 3046 cupiditates
1073 2988 1244 3044 animi
1272 2993 1516 3064 vigorem
1544 3015 1809 3060 enervant
1834 3023 1848 3061 :
1879 3010 1949 3066 ab
1978 3013 2150 3076 altera

565 3074 720 3132 parte
749 3071 977 3127 avaritia
1005 3083 1060 3129 et
1087 3079 1166 3134 rei
1198 3097 1312 3138 suae
1337 3090 1531 3156 quovis
1559 3095 1719 3150 modo
1750 3103 2010 3168 augenda:
2029 3113 2148 3161 stu-

562 3156 712 3212 dium
748 3164 1053 3233 perspicaci
1091 3174 1235 3240 parti
1269 3177 1454 3233 cordis
1485 3181 1870 3244 hebetudinem
1897 3199 1952 3246 et
1985 3198 2146 3252 caeci-

561 3253 729 3304 tatem
761 3253 978 3311 inducit
1004 3278 1018 3327 ;
1054 3260 1230 3332 [astus
1253 3305 1267 3330 ,
1297 3270 1557 3338 superbia
1579 3314 1594 3339 ,
1621 3277 1806 3334 odium
1827 3323 1843 3350 ,
1874 3286 2145 3358 reliquus-

557 3354 664 3407 que
683 3342 1124 3405 adversariorum
1149 3364 1463 3415 nostrorum
1483 3367 1764 3438 catalogus
1784 3379 1838 3428 et
1857 3390 2137 3449 numerus,

557 3437 818 3503 tanquam
851 3446 1072 3498 caterva
1118 3445 1357 3507 hostium
1403 3456 1646 3528 undique
1689 3477 1750 3520 se
1795 3467 2136 3531 circumfun-

554 3520 690 3580 dens
713 3568 730 3593 ,
765 3540 1138 3593 extremorum
1180 3543 1448 3602 malorum
1484 3552 1681 3608 animae
1713 3559 2015 3626 periculum
2050 3567 2137 3621 in-

551 3613 742 3675 ducit:
781 3632 834 3677 et
863 3627 956 3694 qui
989 3627 1105 3685 haec
1136 3631 1369 3692 lirmiori
1401 3643 1612 3699 auxilio
1643 3613 1864 3706 studeat
1894 3653 2132 3726 effugere

549 3715 713 3778 atque
744 3715 951 3773 evitare
975 3760 990 3783 ,
1023 3723 1222 3791 quibus
1257 3731 1442 3788 verbis
1474 3738 1648 3807 magis
1678 3745 1918 3811 pr0priis
1949 3715 2130 3805 utere-

547 3801 678 3854 tur?
726 3817 908 3864 annon
955 3813 1156 3880 quibus
1199 3817 1368 3876 David
1405 3840 1537 3882 usus
1580 3831 1711 3884 est?
1755 3833 2009 3906 Eripiar,
2041 3840 2128 3896 in-

542 3893 773 3960 quiens,
826 3916 892 3953 ea:
938 3906 1058 3960 odio
1110 3917 1550 3983 prosequentibus
1601 3938 1683 3977 me
1711 3925 1800 3993 ⁸²;
1837 3936 1930 3995 et,
1963 3934 2126 3988 Aver-

541 3990 725 4037 tantur
758 3986 962 4044 inimici
996 3998 1098 4049 mei
1133 4009 1424 4060 retrorsum
1459 4011 1546 4078 55';
1585 4023 1672 4082 et,
1723 4017 1806 4074 Da
1844 4025 1992 4080 nobis
2026 4045 2125 4082 au-

537 4075 727 4130 xilium
751 4096 817 4133 ea:
845 4084 1122 4152 aﬂlictione
1136 4091 1183 4122 ⁸⁸
1206 4111 1220 4147 :
1247 4102 1300 4149 et
1325 4114 1664 4174 quacunque
1691 4111 1818 4165 talia
1847 4124 1994 4183 sunt,
2023 4134 2123 4189 per

1574 4169 1591 4174 _
1982 4169 1994 4183 .
2023 4169 2112 4189 τη

537 4180 660 4232 qua:
681 4169 945 4227 auxilium
973 4174 1065 4231 Dei
1107 4191 1298 4238 contra
1331 4188 1676 4250 adversarios
1703 4201 1944 4259 excitare
1969 4206 2115 4264 licet.

537 4253 695 4313 Nunc
737 4278 865 4318 vero
907 4266 1104 4325 modus
1132 4276 1330 4331 orandi
1365 4281 1499 4349 quid
1530 4288 1821 4346 continet?
1855 4291 2113 4368 Sanctiﬁ-

481 4393 483 4395 .
532 4357 682 4402 cetur
715 4368 901 4410 nomen
937 4368 1106 4416 tuum.
1142 4363 1198 4421 Si
1233 4369 1378 4424 enim
1408 4372 1514 4430 hoc
1542 4392 1575 4431 ιι
1608 4394 1694 4435 me
1726 4398 1838 4438 non
1872 4385 2112 4460 dicatur,

530 4443 777 4510 nunquid
819 4446 937 4502 fieri
987 4462 1201 4523 potest,
1238 4467 1298 4514 ut
1336 4477 1536 4522 nomen
1578 4469 1674 4526 Dei
1715 4486 1965 4532 sanctum
2000 4496 2111 4538 non

527 4529 644 4583 sit?
674 4532 929 4590 Adveniat
963 4556 1181 4611 regnum
1211 4555 1381 4605 tuum.
1425 4553 1567 4620 Quid
1597 4561 1744 4615 enim
1777 4579 1808 4618 a
1840 4576 2111 4635 potestate

525 4616 621 4675 Dei
659 4624 897 4681 alienum
929 4639 1014 4686 est
1045 4672 1060 4699 ,
1103 4637 1234 4710 qui,
1276 4648 1336 4695 ut
1374 4616 1552 4716 inquit
1593 4649 1764 4708 Isaias
1798 4616 1886 4722 "r,
1927 4666 2104 4716 totum

523 4710 722 4766 caelum
753 4716 936 4783 palmo
973 4710 1555 4806 comprehenditfqui
1605 4744 1954 4812 amplectitur
1996 4758 2107 4806 ter-

521 4809 637 4852 ram
666 4841 682 4865 ,
722 4804 816 4872 qui
859 4805 1138 4867 humidam
1175 4825 1432 4876 naturam
1463 4825 1519 4880 in
1561 4845 1729 4886 manu
1771 4837 2014 4895 continet
2047 4849 2103 4898 et

519 4893 979 4968 comprehendit,
1035 4905 1128 4972 qui
1179 4899 1401 4966 omnem
1452 4920 1789 4979 mundanam
1837 4928 2002 4985 simul
2044 4942 2099 4988 et

518 4989 1022 5053 supramundanam
1049 5005 1302 5054 naturam
1331 5009 1489 5073 quasi
1521 5010 1575 5064 in
1607 5013 1755 5070 ulnis
1781 5023 2006 5089 gestat?
2035 5023 2094 5079 Si

512 5067 679 5138 igitur
705 5088 902 5130 nomen
932 5078 1029 5134 Dei
1056 5099 1274 5156 semper
1305 5102 1556 5155 sanctum
1588 5112 1704 5168 est,
1735 5067 1811 5161 at?
1827 5111 1964 5167 nihil
2013 5114 2095 5169 cf-

510 5157 647 5230 fugit
675 5165 782 5220 vim
813 5168 1207 5233 dominationis
1233 5178 1367 5249 Dei,
1421 5188 1517 5243 sed
1546 5202 1601 5247 et
1629 5198 1874 5254 omnium
1905 5218 2086 5262 rerum

507 5253 733 5320 Ροιίῑυῐ.
771 5265 826 5312 et
858 5264 1007 5330 quod
1042 5267 1108 5321 ad
1138 5273 1634 5338 sanctificationem
1669 5289 1907 5360 attinet,
1939 5297 2088 5367 adje.

507 5337 684 5367 ιιΙῖηηη
714 5346 940 5367 ...κ-ιε---
983 5366 992 5367 ,
1282 5360 1295 5367 -
1355 5363 1369 5367 _

1561 5337 1569 5338 ί
1604 5337 1633 5338 ’7
1670 5337 1866 5347 ’⁷““““·ν“
1891 5337 1907 5360 ’
1939 5337 2086 5367 Ψευδυ-

505 5337 686 5394 ctione
711 5346 947 5414 amplius
972 5366 1111 5422 Opus
1141 5373 1250 5412 non
1282 5360 1477 5432 habet,
1506 5373 1710 5444 quippe?
1730 5381 1817 5435 cui
1845 5380 2086 5452 peram-

505 5426 589 5452 ni...
625 5431 758 5452 ..ειη
804 5435 824 5452 γι
926 5447 938 5452 -
1095 5446 1110 5452 -
1269 5451 1280 5452 γ

505 5426 592 5479 nia
623 5431 759 5486 nihil
792 5435 979 5506 deest,
1015 5446 1114 5500 sed
1158 5451 1436 5519 perfectus
1464 5426 1552 5516 est
1576 5426 1772 5536 :‘quid
1813 5426 1918 5529 sibi
1969 5479 2084 5534 vult

505 5511 599 5536 ,Μ
710 5531 722 5536 _
959 5532 988 5536 _

1158 5511 1175 5519 -
1421 5511 1429 5512 κ
1473 5511 1548 5516 ἡ--
1577 5511 1591 5518 ν
1637 5511 1772 5536 an.“
1813 5511 1918 5529 ῠιυι
1976 5511 2080 5534 νυιι

504 5511 608 5572 hoc
635 5531 880 5592 optatum
900 5572 914 5596 ,
948 5532 1325 5608 Sancti/{catur
1354 5564 1543 5606 nomen
1590 5563 1739 5612 tuum
1761 5574 1781 5614 :
1831 5564 2080 5623 adveniat

508 5619 720 5676 regnum
752 5623 902 5670 tuum
930 5624 954 5675 ?
981 5626 1064 5680 An
1092 5628 1323 5689 forsitan
1354 5639 1460 5696 tale
1491 5645 1768 5719 quidpiam
1802 5652 2071 5726 Verbum,

567 5791 612 5820 "
655 5791 797 5850 Psal.
832 5815 956 5868 xxx,
995 5806 1076 5862 16.
1154 5812 1197 5844 ⁵³
1237 5812 1375 5870 Psal.
1413 5835 1498 5887 LV,
1545 5826 1623 5884 lt).
1703 5828 1748 5859 “
1789 5829 1933 5888 Psal.
1971 5851 2080 5902 th,
2124 5839 2202 5894 15.

2349 2291 2734 2365 Ἁγιασθήτω,
2786 2304 2947 2371 φησὶ,
3006 2304 3072 2356 τὸ
3111 2304 3298 2376 ὄνομά
3340 2325 3457 2364 σου
3479 2326 3494 2338 '
3543 2313 3770 2369 ἐλθέτω
3807 2320 3836 2385 ἡ

2254 2383 2546 2448 ,Βασιλειά
2567 2403 2702 2444 σου.
2731 2391 2796 2444 Τί
2812 2393 2981 2446 ταῦτα
3005 2395 3140 2466 πρὸς
3159 2399 3255 2468 τὴν
3275 2400 3410 2472 ἐμὴν
3442 2406 3648 2472 χρείαν
3667 2425 3683 2471 ;
3706 2383 3830 2463 εἴποι

2257 2491 2342 2537 τις
2385 2475 2697 2549 ἄνθρωπος,
2736 2481 2769 2552 ἢ
2812 2483 2904 2536 ἐπὶ
2955 2485 3246 2557 ἁμαρτίαις
3297 2491 3488 2548 ἐαυτὸν
3543 2495 3642 2549 διὰ
3689 2515 3831 2567 μετα-

2257 2565 2405 2628 νοίας
2451 2569 2761 2637 μαστίζων,
2804 2573 2837 2644 ἦ
2885 2575 3034 2639 ὄπως
3080 2576 3147 2631 ἂν
3173 2578 3332 2649 φύγοι
3381 2588 3826 2658 κατακρατοῦσαν

2255 2656 2354 2728 τὴν
2397 2658 2702 2732 ἁμαρτίαν,
2739 2665 2831 2718 τὸν
2872 2667 3003 2721 Θεὸν
3046 2671 3126 2733 είς
3177 2676 3487 2745 συμμαχίαν
3534 2656 3753 2746 iam,
3781 2687 3826 2735 ἐν

2253 2744 2548 2818 ὀφθαλμοῖς
2578 2751 2717 2822 ἔχων
2745 2755 2833 2809 ἀεὶ
2859 2757 2948 2811 τὸν
2975 2759 3062 2813 διὰ
3091 2760 3199 2815 τῶν
3225 2744 3548 2836 πειρασμῶν
3589 2744 3822 2841 προσπα-

2252 2836 2490 2895 λαίοντα.
2540 2843 2731 2900 Ἔνθεν
2756 2849 2804 2900 oi
2835 2847 2997 2920 θυμοὶ
3035 2852 3124 2905 τὸν
3154 2853 3408 2925 λογισμὸν
3441 2859 3536 2912 τοῦ
3568 2836 3820 2934 καθεστη-

2233 2931 2408 2994 κότος
2438 2935 2778 3006 παράγουσιν
2795 2957 2808 2970 ·
2845 2941 3054 2998 ἐκεῖθεν
3079 2946 3135 2998 αἱ
3163 2945 3270 3000 τῶν
3297 2948 3514 3005 ἀτόπων
3537 2954 3817 3026 ἐπιθυμίαι

2248 3023 2339 3077 τὸν
2392 3026 2543 3080 τόνον
2591 3029 2692 3100 τῆς
2754 3030 2931 3102 ψυχῆς
2992 3035 3421 3107 ἐκνευρίζουσιν·
3476 3023 3750 3116 ἑτέρωθε-ν
3789 3052 3814 3116 ἡ

2247 3116 2528 3185 πλεονεξία
2555 3123 2802 3193 πήρωσιν
2822 3125 3019 3196 ἐπάγει
3043 3129 3123 3200 τῷ
3143 3130 3427 3205 διορατικῷ
3450 3137 3551 3207 τῆς
3576 3140 3811 3211 καρδίας,

2244 3210 2273 3261 6
2297 3208 2486 3278 τῦφος,
2520 3212 2553 3281 ή
2589 3213 2956 3284 ὑπερηφανία,
2980 3218 3042 3271 τὸ
3075 3222 3250 3290 μῖσος,
3281 3225 3309 3276 6
3337 3224 3520 3290 λοιπὸς
3549 3208 3667 3280 τῶν
3687 3231 3811 3282 ἀντι-

2245 3296 2581 3353 παλαιόντων
2607 3301 2737 3372 ἡμῖν
2769 3304 3088 3375 κατάλογος.
3114 3305 3238 3364 Οἷόν
3266 3329 3318 3364 τι
3352 3316 3538 3382 στῖφος
3565 3318 3809 3388 πολέμιον

2239 3385 2299 3438 ἐν
2331 3386 2515 3460 κύκλῳ
2543 3396 3104 3468 περιποιχισάμενον,
3138 3401 3228 3456 τὸν
3262 3405 3388 3475 περὶ
3417 3405 3529 3460 τῶν
3572 3385 3807 3479 ἐσχάτων

2239 3477 2435 3546 ἐπάγει
2473 3481 2537 3550 τῇ
2568 3479 2714 3554 ψυχῇ
2750 3483 3009 3541 κίνδυνον.
3042 3484 3175 3544 Εἶτα
3205 3493 3234 3544 6
3270 3492 3488 3548 ἐκδύναι
3518 3477 3694 3551 ταῦτα
3729 3499 3803 3553 διὰ

2237 3567 2336 3637 τῆς
2369 3569 2680 3640 κρείττονος
2708 3575 3029 3646 συμμαχίας
3063 3581 3395 3648 σπουδάζων,
3425 3586 3604 3650 ποίοις
3629 3589 3696 3641 ἂν
3720 3607 3801 3641 xu-

2160 3639 2201 3696 (ἶ
2235 3639 2496 3728 ριώτερον
2531 3639 2794 3732 χρήσαιτο
2828 3639 3050 3736 ’λόγοις;
3101 3671 3198 3741 οὐχ
3244 3639 3324 3736 oio;
3352 3639 3394 3728 ὁ,
3408 3675 3583 3745 μέγας
3617 3679 3800 3744 Aa6't6,

2245 3747 2560 3820 Ῥυσθείην
2600 3755 2672 3807 ἐκ
2722 3755 2844 3810 τῶν
2886 3761 3230 3828 μισούντων
3273 3781 3384 3834 με,
3439 3767 3644 3836 λέγων’
3679 3773 3797 3834 καὶ,

2241 3841 2804 3914 Ἀποστραςοείηοναν
2848 3853 2902 3903 οὶ
2937 3851 3141 3922 ἐχθροί
3177 3873 3298 3925 μου
3337 3859 3424 3924 εὶς
3468 3861 3543 3916 τὰ
3577 3862 3793 3917 ὀπίσω·

2226 3931 2355 3999 καὶ,
2408 3933 2520 4001 Δὸς
2575 3936 2722 4006 ἡμῖν
2766 3939 3060 4007 ,βοήθειαν
3105 3945 3172 3999 ἐκ
3220 3947 3500 4017 θλίψεως,
3558 3953 3654 4006 καὶ
3703 3955 3794 4006 ὅσα

2223 4022 2477 4088 τοιαῦτα,
2522 4024 2590 4078 δι’
2619 4019 2694 4080 ὧν
2733 4027 2847 4081 ἐστι
2893 4031 2987 4084 τοῦ
3021 4031 3155 4086 Θεοῦ
3185 4035 3284 4106 τὴν
3314 4039 3629 4110 συμμαχίαν
3661 4044 3792 4096 κατά

2221 4111 2329 4165 τῶν
2376 4115 2633 4170 ἐναντίων
2681 4117 3063 4192 διαναπῆσαις
3099 4125 3237 4179 Νυνὶ
3260 4127 3318 4181 δὲ
3344 4129 3396 4181 τί
3438 4148 3600 4202 φησιν
3632 4135 3663 4186 6
3701 4134 3789 4203 τῆς

2221 4208 2531 4278 προσευχῆς
2563 4209 2761 4279 νόμος;
2817 4212 3174 4286 Ἁγιασθήτω
3220 4218 3287 4272 τὸ
3337 4219 3526 4291 ὄνομά
3552 4237 3691 4278 σου.
3732 4223 3786 4276 El

2217 4297 2325 4368 γὰρ
2360 4297 2435 4368 μὴ
2481 4299 2690 4368 λέγοιτο
2730 4304 2860 4373 παρ’
2911 4305 3046 4376 ἐμοῦ
3069 4308 3262 4375 τοῦτο,
3291 4306 3401 4383 ἆρα
3428 4313 3650 4369 δυνατόν
3678 4318 3784 4369 ἐστι

2217 4387 2299 4458 μὴ
2327 4387 2480 4456 ἅγιον
2508 4385 2647 4443 εἶναι
2676 4391 2771 4445 τοῦ
2813 4394 2949 4447 Θεοῦ
2989 4396 3049 4449 τὸ
3091 4396 3291 4470 ὄνομα;
3333 4401 3581 4456 Ἐλθέτω
3609 4404 3651 4469 ἡ
3677 4405 3782 4468 ,Βα-

2212 4474 2415 4528 σιλεία
2445 4493 2583 4533 σου.
2628 4479 2694 4532 Τί
2721 4480 2831 4551 γὰρ
2879 4484 2980 4555 τῆς
3030 4483 3277 4552 ἐξουσίας
3325 4487 3419 4542 τοῦ
3463 4491 3594 4544 Θεοῦ
3629 4493 3778 4562 quo.

2209 4564 2466 4634 τρίωται,
2513 4566 2608 4622 τοῦ
2648 4569 2983 4644 διειληφότος
3019 4578 3085 4647 τῇ
3127 4578 3372 4651 σπιθαμῇ
3422 4580 3508 4635 τὸν
3559 4583 3776 4654 οὐρανὸν

2207 4655 2361 4724 ὅλον,
2413 4658 2594 4724 καθώς
2633 4679 2799 4733 φησιν
2857 4663 3110 4734 Ἡσαΐας,
3151 4667 3246 4722 τοῦ
3294 4671 3772 4745 περιδεδραγμένου

2205 4748 2305 4819 τὴν
2333 4749 2458 4820 γῆν,
2502 4751 2596 4805 τοῦ
2625 4756 3086 4826 περικρατοῦντος
3118 4761 3176 4813 ὲν
3213 4764 3278 4833 τῇ
3314 4764 3455 4834 χειρὶ
3476 4764 3573 4836 τὴν
3605 4767 3771 4837 ὑγρὰν

2205 4838 2404 4907 φύσιν,
2467 4841 2526 4905 ὃς
2589 4845 2771 4899 πᾶσαν
2834 4847 3130 4919 ἐγκόσμιόν
3170 4868 3228 4903 τε
3277 4854 3372 4906 καὶ
3413 4856 3769 4929 ὑπερκόσμιον

2129 4971 2173 5025 D
2202 4929 2594 4999 ἐνηγκάλισται
2634 4934 2842 5004 κτίσιν;
2879 4938 2943 4990 Εἰ
2980 4936 3074 4992 οὖν
3104 4940 3258 5010 ἀγιον
3295 4944 3383 4996 ἀεὶ
3427 4945 3520 4998 τοῦ
3552 4948 3682 5002 Θεοῦ
3712 4949 3766 5001 τὸ

2200 5020 2418 5091 κράτος,
2448 5024 2542 5078 καὶ
2567 5026 2722 5081 οὐδὲν
2744 5027 3052 5099 ἐκπέφευγε
3081 5031 3142 5085 τὸ
3169 5034 3367 5104 κράτος
3388 5037 3487 5107 τῆς
3510 5039 3602 5091 τοῦ
3631 5040 3760 5094 Θεοῦ

2158 5141 2172 5155 -
2198 5111 2542 5180 δεσποτείας,
2577 5117 2714 5171 ἀλλὰ
2751 5119 2847 5172 καὶ¹
2879 5124 3072 5191 κρατεῖ
3102 5123 3337 5193 πάντων,
3386 5129 3478 5181 καὶ
3509 5132 3650 5183 κατά
3676 5133 3759 5185 τὸν

2195 5205 2467 5277 ἀγιασμὸν
2515 5209 2833 5283 προσθήκης
2877 5213 2979 5268 οὐκ
3003 5214 3336 5287 ἐπιδέχεται,
3359 5219 3388 5270 6
3420 5219 3506 5272 διὰ
3548 5221 3757 5275 πάντων

2194 5295 2487 5368 ἀνελλιπὴς
2527 5300 2624 5353 καὶ
2665 5301 2902 5367 τέλειος⁶
2943 5304 2998 5358 τί
3026 5306 3270 5376 βούλεται
3307 5309 3339 5380 ἡ
3371 5310 3522 5380 εὐχὴ,
3579 5311 3754 5383 Ἀγια-

2193 5386 2395 5454 σθήτω
2436 5388 2503 5443 τὸ
2544 5390 2733 5461 ὄνομά
2768 5407 2905 5449 σουο
2947 5396 3170 5455 ἐλθέτω
3224 5398 3264 5468 ἡ
3286 5399 3574 5464 ,ϐασιλεία
3602 5420 3747 5469 σου,

2190 5481 2254 5534 Et
2281 5480 2422 5551 τάχα
2449 5499 2501 5535 τι
2529 5481 2768 5538 τοιοῦτον
2796 5486 2824 5537 6
2847 5484 3023 5554 Λόγος
3046 5487 3105 5540 ἐν
3129 5486 3206 5559 τῷ
3232 5490 3364 5543 εῖδει
3400 5492 3498 5563 τῆς
3527 5513 3750 5565 προσευ-

2189 5572 2286 5642 χῆς
2316 5572 2660 5645 δογματίζει,
2690 5577 2772 5629 ὅτι
2807 5577 3036 5649 ἀσθενής
3074 5580 3189 5634 ἐστι
3220 5582 3353 5654 πρὸς
3381 5584 3584 5654 ἀγαθοῦ
3609 5605 3745 5652 τινος

2183 5663 2373 5733 κτῆσιν
2403 5667 2434 5735 ἠ
2485 5667 2797 5738 ἀνθρωπίνη
2846 5671 3022 5738 φύσις,
3057 5673 3149 5726 καὶ
3177 5671 3264 5728 διὰ
3291 5675 3444 5730 τοῦτο
3469 5676 3568 5732 οὐκ
3599 5680 3664 5736 ἄν
3693 5696 3741 5736 τι

2281 5844 2322 5874 ⁵⁵
2363 5844 2465 5901 lsa.
2504 5865 2590 5916 λιι,
2631 5853 2710 5906 12.
