4018 6366
144 376 171 432 1
195 377 307 431 153
944 368 953 373 ⁷
1141 369 1231 425 DE
1262 366 1615 426 ORATIONE
1656 363 1760 419 ΒΟ]

1861 362 2012 417 llCA.
2057 393 2124 405 —
2163 361 2425 419 ORATIO
2463 362 2555 420 111.
3314 364 3455 421 1154

140 493 386 561 γένοιτο
412 490 524 544 τῶν
550 490 1001 561 σπουδαζομένων
1030 490 1186 558 ἡμῖν,
1224 486 1300 557 μὴ
1325 487 1424 558 τῆς
1449 484 1599 548 θείας
1634 502 1760 556 συμ-

1875 496 1970 551 per
2000 481 2235 536 formam
2263 477 2455 533 orandi
2478 476 2660 548 tradit,
2679 483 2823 554 quod
2848 499 2974 541 cum
2995 483 3211 543 inﬁrma
3228 488 3295 543 ad
3323 485 3456 541 boni

110 606 117 635 1
146 584 380 658 μαχίας
428 583 492 637 τὸ
537 579 739 651 ἀγαθὸν
772 584 832 636 ὲν
855 583 987 652 ἡμῖν
1016 578 1424 650 κατορθούσης;
1456 575 1676 645 ἀγαθῶν
1708 576 1760 629 δὲ

1874 573 2110 642 alicujus
2141 572 2565 644 acquisitionem
2596 574 2838 630 humana
2867 582 3065 630 natura
3097 576 3204 644 sit,
3252 575 3460 632 idcirco

110 700 119 730 I
143 677 396 731 πάντων
440 675 560 728 ἐστὶ
587 674 648 727 τὸ
690 673 1007 742 κεφάλαιον,
1043 672 1103 723 τὸ
1139 670 1217 741 τῷ
1243 670 1363 740 ἐμῷ
1393 669 1494 739 βίῳ
1514 669 1576 721 τὸ
1595 668 1760 738 ὄνομα

1875 666 2012 719 nihil
2045 665 2206 722 nobis
2250 665 2572 737 contingere
2601 668 2780 738 possit
2810 682 3037 734 eorum,
3073 684 3195 739 quae
3238 669 3461 723 allecta-

109 770 250 823 έτοῦ
310 767 457 821 Θεοῦ
509 764 911 831 ὲνδοξάζεσθαι.
958 764 1174 816 Γένοιτο
1213 761 1258 813 δ’
1295 761 1362 815 ἂν
1396 763 1529 831 ἡμῖν
1559 762 1623 814 ὲκ
1669 759 1760 813 τοῦ

1873 768 2029 820 mus,
2064 758 2171 812 nisi
2203 757 2453 813 divinum
2486 759 2752 814 auxilium
2794 760 3001 815 bonum
3034 760 3088 814 in
3122 761 3283 816 nobis
3327 775 3461 814 con-

110 886 117 917 1
145 859 419 913 ἐναντίου
457 855 827 928 προτιμοτέρα
852 857 885 926 ἡ
912 855 1112 908 ἔννοια.

1874 848 2065 903 ﬁciat?
2102 848 2273 903 Porro
2303 857 2468 920 caput
2501 851 2747 905 omnium
2789 851 3061 906 bonorum
3110 859 3226 917 est,
3270 850 3315 907 si
3354 862 3460 920 per

109 973 118 1005 l
146 966 348 1007 meam
385 951 554 1004 vitam
583 964 783 1004 nomen
815 947 910 1004 Dei
946 947 1305 1020 gloriﬁcatur.
1337 944 1547 1001 Poterit
1578 953 1759 999 autem
1800 943 1959 999 nobis
1987 959 2051 998 ex
2087 944 2370 998 contrario
2404 944 2622 1014 planior
2653 945 2773 1001 ﬁeri
2804 945 3137 1002 intellectus.

1938 1130 2134 1184 Audivi
2161 1130 2361 1185 alicubi
2386 1145 2601 1185 sacram
2623 1130 2965 1201 Scripturam
2993 1128 3455 1183 condemnantem

1866 1222 2021 1291 illos,
2058 1224 2149 1292 qui
2202 1223 2255 1277 in
2296 1237 2463 1277 causa
2499 1230 2651 1287 sunt,
2705 1232 2764 1276 ut
2794 1220 2905 1276 Deo
2938 1221 3296 1276 obtrectetur.
3344 1218 3457 1285 γω,

1866 1313 2064 1383 inquit,
2092 1323 2307 1382 propter
2343 1330 2474 1384 quos
2520 1307 2914 1368 nomen‘meum
2949 1316 3089 1366 male
3119 1313 3269 1367 audit
3316 1316 3458 1367 inter

1865 1415 2042 1475 gentes
2066 1407 2146 1459 "l
2179 1406 2295 1461 Hoc
2326 1413 2509 1461 autem
2542 1406 2651 1461 tale
2665 1406 2908 1473 cstzQui
2938 1406 3178 1460 nondum
3212 1406 3456 1463 sermoni

1864 1499 2113 1556 veritatis
2161 1500 2549 1564 crediderunt,
2600 1513 2794 1553 eorum
2846 1498 2941 1570 qui
2992 1497 3150 1552 ﬁdem
3211 1498 3458 1570 mysterii

110 1158 117 1187 τ
229 1132 501 1187 Ἤκουσα
542 1149 645 1185 που
697 1130 798 1202 τῆς
852 1130 1014 1200 ἁγίας
1058 1129 1284 1202 Γραφῆς
1335 1127 1769 1199 κατακρινούσης

110 1250 116 1279 -.
147 1225 414 1288 ἐκείνους
434 1266 449 1289 ,
489 1223 539 1278 οἳ
586 1223 688 1295 τῆς
717 1222 859 1277 κατὰ
905 1221 1001 1275 τοῦ
1034 1221 1171 1275 Θεοῦ
1215 1220 1567 1292 βλασφημίας
1601 1219 1768 1275 αἴτιοι

110 1336 115 1367 1
149 1318 436 1386 γίνονται.
484 1315 631 1370 Οὐαί
680 1314 811 1386 γὰρ,
847 1314 1014 1383 φησὶ,
1059 1312 1146 1366 δι’
1196 1311 1306 1378 οὓς
1331 1313 1399 1365 τὸ
1437 1311 1623 1382 ὄνομά
1648 1329 1767 1381 μου

146 1407 621 1477 ,βλασφημεῖται
662 1406 734 1460 ἐν
777 1405 905 1470 τοῖς
939 1404 1191 1477 ,ἔθνεσιί
1222 1403 1393 1459 Τοῦτο
1431 1404 1489 1458 δὲ
1525 1404 1763 1459 τοιοῦτόν

109 1520 115 1551 1
151 1502 333 1555 ἐστιν·
380 1500 442 1552 Οἱ
501 1500 670 1570 μήπω
723 1495 1254 1567 πεπιστευκότεςτῷ
1292 1497 1438 1567 λόγῳ
1494 1497 1594 1566 τῆς
1630 1495 1764 1566 ἀλη-

152 1592 341 1656 θείας,
397 1591 536 1661 πρὸς
579 1591 672 1647 τὸν
723 1590 838 1661 βίον
869 1589 980 1644 τῶν
1012 1589 1503 1662 παραδεδεγμένων
1534 1589 1634 1659 τήν
1662 1588 1759 1642 τοῦ

1866 1598 2220 1661 acceperunt,
2271 1591 2439 1645 vitam
2479 1589 2806 1660 inspiciunt,
2852 1597 2907 1645 et
2952 1590 3268 1644 observant.
3316 1586 3455 1642 Cum

109 1702 115 1735 τ
158 1680 481 1752 μυστηρίου
513 1678 697 1733 πίστιν
721 1677 1147 1733 ἀποσκοποῦσιν.
1176 1678 1346 1732 Ὅταν
1366 1678 1546 1731 τοίνυν
1572 1677 1633 1730 τὸ
1664 1677 1760 1748 μὲν

1865 1681 2034 1752 igitur
2064 1696 2263 1737 nomen
2296 1681 2519 1753 quidem
2546 1680 2671 1737 ﬁdei
2711 1681 2766 1735 in
2808 1681 3086 1750 aliquibus
3128 1680 3313 1743 fuerit,
3344 1679 3457 1732 vita

110 1796 114 1827 1
152 1774 338 1844 ὄνομα
384 1773 485 1843 τῆς
532 1771 767 1834 πίστεως
814 1770 872 1823 ἐν
900 1786 1042 1824 τισιν
1073 1764 1133 1843 ᾖ,
1163 1769 1192 1822 ὁ
1221 1767 1278 1821 δὲ
1314 1767 1429 1838 βίος
1468 1766 1760 1837 ἀντιφθέγ-

1864 1789 1995 1829 vero
2010 1776 2220 1829 nomini
2241 1776 2398 1845 quasi
2417 1774 2751 1844 obloquatur
2766 1781 2933 1843 atque
2947 1780 3235 1843 repugnet,
3251 1773 3459 1842 quippe

110 1890 111 1919 :
154 1882 331 1935 γηται
372 1863 455 1934 τῷ
498 1863 754 1934 ὀνόματι,
797 1861 832 1933 ἢ
875 1861 966 1941 διὰ
994 1856 1312 1924 πλεονεξίας
1337 1856 1760 1928 είδωλολατρῶν,

1864 1865 1947 1920 vel
1983 1881 2081 1936 per
2123 1866 2412 1920 avaritiam
2460 1865 2888 1921 simulacrorum
2927 1864 3099 1918 cultui
3130 1863 3334 1926 dedita,
3371 1864 3456 1918 vel

110 1984 113 2015 ς
155 1956 191 2027 ἢ
224 1960 286 2011 ὲν
313 1956 512 2028 μέθαις
535 1956 631 2009 καὶ
659 1953 872 2026 κώμοις
899 1950 1250 2024 ἀσχημονῶν,
1291 1950 1388 2003 κα1⁸
1416 1950 1494 2022 τῷ
1516 1949 1760 2021 βορϐόρῳ

1863 1944 2189 2011 ebrietatum
2240 1963 2294 2010 et
2344 1946 2813 2010 comessationum
2844 1952 3188 2022 turpitudine
3224 1952 3454 2017 fmdata,

1862 2054 1918 2104 et
1944 2064 2095 2102 more
2144 2047 2266 2103 suis
2301 2046 2355 2100 in
2386 2046 2505 2102 luto
2535 2046 2768 2100 luxuriae
2814 2045 3115 2100 immersa:
3171 2044 3360 2100 statim
3398 2046 3454 2099 in

1865 2146 2119 2209 promptu
2164 2138 2470 2193 inﬁdelium
2522 2151 2706 2193 sermo
2734 2142 2841 2200 est,
2876 2150 2987 2189 non
3017 2134 3075 2189 in
3114 2121 3453 2190 voluntate'ni

1862 2236 1917 2284 et
1946 2229 2259 2285 institutum
2302 2241 2519 2293 eorum,
2554 2226 2650 2298 qui
2681 2226 2786 2281 hoc
2824 2226 3032 2282 sarculo
3066 2223 3455 2281 facultatibus-

1864 2336 1972 2392 que
2015 2321 2158 2375 male
2194 2326 2449 2385 utuntur,
2484 2317 2580 2375 sed
2612 2317 2667 2372 in
2716 2317 3062 2389 mysterium,
3105 2317 3266 2388 quasi
3321 2316 3455 2371 talia

1864 2411 2046 2467 facere
2088 2411 2303 2474 doceat,
2352 2407 2799 2464 criminationem
2829 2418 3085 2463 vertens:
3143 2422 3253 2462 non
3306 2409 3454 2463 enim

1863 2504 2018 2558 illum
2057 2510 2112 2559 et
2158 2502 2334 2569 illum,
2358 2501 2465 2577 qui
2506 2499 2713 2555 divinis
2743 2499 3025 2571 mysteriis
3065 2500 3318 2555 initiatus
3355 2500 3451 2565 sit,

1867 2594 1949 2650 vel
1976 2592 2418 2659 convitiatorem,
2454 2590 2538 2647 vel
2568 2590 2943 2657 fraudatorem
2992 2597 3043 2645 et
3077 2604 3328 2655 avarum,
3362 2591 3450 2645 vel

1862 2694 2162 2757 raptorem,
2198 2687 2283 2741 vel
2323 2685 2509 2755 aliquo
2539 2684 2649 2739 alio
2677 2683 2771 2738 tali
2801 2682 2936 2737 vitio
2974 2682 3276 2738 obnoxium
3307 2684 3457 2738 futu-

1861 2791 1984 2831 rum
2017 2774 2208 2843 fuisse,
2249 2776 2356 2832 nisi
2398 2790 2632 2847 peccare
2663 2775 2873 2830 licitum
2907 2775 2987 2830 eis
3013 2782 3180 2840 esset,
3200 2783 3455 2844 propter-

1861 2880 1925 2922 ea
1954 2882 2148 2938 graves
2186 2871 2366 2923 minas
2414 2867 2619 2922 talibus
2673 2865 2959 2936 Scriptura
3007 2866 3282 2933 intentat,
3322 2867 3453 2920 dum

156 2048 261 2118 τῆς
307 2047 552 2111 ἀσωτίας
595 2046 688 2111 ὑὸς
730 2046 887 2117 δίκην
928 2043 1447 2114 ὲγκαλινδούμενος·
1476 2042 1763 2113 πρόχειρος

109 2170 115 2207 ί
158 2140 330 2204 εὐθὺς
352 2140 508 2209 παρὰ
554 2136 667 2193 τῶν
700 2138 946 2193 ἀπίστων
976 2139 1005 2191 ὁ
1031 2136 1221 2205 λόγος,
1253 2136 1354 2189 οὐκ
1390 2136 1471 2199 είς
1501 2137 1601 2205 τὴν
1630 2150 1764 2204 προ-

158 2230 383 2301 αίρεσιν
415 2220 526 2282 τῶν
562 2227 750 2292 κακῶς
777 2227 856 2299 τῷ
886 2227 987 2299 βίῳ
1011 2226 1371 2299 κεχρημένων
1395 2226 1495 2297 τὴν
1526 2241 1764 2294 κατηγο-

110 2352 114 2395 ,
162 2322 289 2392 ρίαν
314 2321 559 2391 τρέπων,
595 2320 712 2374 ἀλλ’
755 2320 831 2384 ὼς
859 2318 1088 2372 τοιαῦτα
1128 2317 1391 2390 πράττειν
1419 2317 1514 2370 τοῦ
1559 2332 1764 2388 μυστη-

110 2456 115 2487 I
166 2411 288 2481 ρίου
318 2409 668 2474 διδάσκοντος
688 2426 702 2441 ⁸
736 2410 811 2481 μὴ
855 2408 964 2480 γὰρ
995 2408 1062 2462 ἂν
1094 2407 1346 2477 γενέσθαι
1374 2407 1467 2461 τὸν
1496 2406 1642 2460 δεῖνα
1669 2405 1761 2459 τὸν

110 2548 113 2579 γ
158 2502 232 2556 τὰ
263 2502 386 2556 θεῖα
417 2503 773 2573 μεμυημένον
813 2503 1110 2572 μυστήρια,
1146 2500 1465 2572 ῆλοίδορον,
1507 2500 1541 2570 ἢ
1573 2499 1763 2552 πλεον-

110 2640 115 2671 ι
163 2595 355 2665 έκτην,
391 2593 426 2664 ἢ
463 2593 720 2665 ἅρπαγα,
767 2592 801 2663 ἢ
837 2591 965 2645 ἄλλο
1007 2608 1061 2644 τι
1093 2590 1337 2645 τοιοῦτον
1363 2591 1562 2657 κακὸν,
1606 2592 1655 2643 εί
1687 2589 1763 2661 μὴ

110 2736 113 2765 L
165 2685 397 2756 ἔννομον
420 2686 606 2749 αὐτοῖς
630 2685 689 2738 τὸ
725 2686 1060 2755 ἁμαρτάνειν
1098 2679 1189 2755 ἦν,
1215 2683 1305 2737 διά
1330 2682 1491 2736 τοῦτο
1518 2681 1763 2753 χαλεπὴν

110 2824 114 2837 ,
169 2778 288 2839 τοῖς
317 2774 582 2839 τοιούτοις
608 2775 837 2846 ἀπειλὴν
862 2778 891 2829 ὁ
915 2775 1086 2843 Λόγος
1109 2772 1526 2829 ἐπανατείνεται
1589 2772 1766 2842 λέγων

110 2846 114 2949 ὲ
164 2865 400 2929 ἐκείνοις
468 2860 611 2918 εἶναι
674 2864 935 2926 τὸ,οὺα1
989 2863 1067 2917 δι’
1113 2863 1223 2931 οὒς
1287 2863 1356 2918 τὸ
1406 2861 1597 2932 ὄνομά
1639 2878 1761 2931 μου

109 3010 114 3025 ,
163 2957 620 3028 βλασφημεῖται
663 2958 733 3011 ἐν
760 2956 884 3024 τοῖς
907 2956 1173 3012 ἔθνεσιν.
1200 2958 1263 3010 Et
1284 2956 1348 3026 δὴ
1378 2954 1539 3009 τοῦτο
1577 2955 1760 3028 νενὸηο

1862 2957 2031 3013 dicit:
2096 2957 2186 3014 Va:
2225 2958 2360 3021 illis,
2392 2974 2486 3027 per
2518 2974 2650 3028 quos
2691 2972 2879 3012 nomen
2910 2973 3082 3011 meum
3128 2958 3268 3012 male
3305 2960 3457 3012 audit

110 3028 113 3121 ξ
164 3068 288 3115 ται,
340 3050 533 3121 καιρὸς
572 3049 639 3103 ἂν
691 3049 808 3120 είη,
849 3048 912 3102 τὸ
949 3050 1014 3102 ἐκ
1044 3047 1140 3102 τοῦ
1185 3046 1431 3102 ἐναντίου
1470 3046 1760 3118 λεγόμενον

1863 3052 2000 3106 inter
2026 3060 2224 3121 gentes.
2262 3050 2319 3105 Si
2370 3051 2535 3121 igitur
2574 3050 2678 3105 hoc
2718 3050 3055 3106 intellectum
3099 3059 3205 3112 est,
3238 3057 3457 3121 tempus

110 3196 114 3229 ι
167 3139 523 3210 κατανοῆσαι.
581 3137 851 3229 Εῦχεσθαι
889 3138 998 3229 γὰρ
1034 3139 1142 3208 πρό
1182 3157 1247 3209 γε
1305 3139 1525 3193 πάντων
1594 3134 1751 3210 οἶμαι

1864 3143 2048 3208 fuerit,
2097 3142 2153 3197 id
2199 3142 2348 3215 quod
2389 3158 2458 3198 ex
2490 3142 2771 3198 contrario
2802 3141 3027 3207 dicitur,
3079 3142 3453 3198 considerare.

110 3227 113 3319 γ
169 3229 400 3299 χρῆναι,
458 3229 551 3282 καὶ
594 3227 754 3281 τοῦτο
791 3228 1063 3283 ποιεῖσθαι
1100 3229 1201 3300 τῆς
1241 3231 1554 3302 προσευχῆς
1584 3230 1644 3283 τὸ
1670 3246 1760 3283 κε·-

1862 3230 2067 3301 Optare
2104 3232 2249 3287 enim
2284 3238 2449 3298 atque
2480 3231 2695 3302 precari
2728 3238 2856 3287 ante
2882 3232 3063 3285 omnia
3101 3233 3322 3301 opinor,
3372 3241 3458 3287 at-

110 3378 111 3393 γ
171 3319 433 3389 φάλαιον,
468 3320 532 3374 τὺ
577 3320 653 3392 μὴ
686 3320 1126 3392 βλασφημεῖσθαι
1170 3322 1229 3375 ἐν
1277 3320 1355 3392 τῷ
1394 3320 1516 3392 ὲμῷ
1544 3321 1644 3393 βίῳ
1681 3321 1760 3393 τῷ

1863 3337 1970 3392 que
1996 3323 2102 3378 hoc
2132 3324 2399 3380 orationis
2428 3324 2692 3380 constitui
2722 3332 2888 3394 caput
2914 3335 3194 3394 oportere,
3227 3340 3296 3379 110
3327 3340 3455 3395 pro-

110 3106 113 3135 l

110 3396 113 3489 ζ
171 3411 398 3482 ὀνόματι
438 3410 534 3464 τοῦ
582 3412 741 3477 Θεοῦ,
776 3412 912 3466 ἀλλά
940 3410 1259 3479 δοξάζεσθαι
1288 3413 1385 3466 καὶ
1414 3412 1757 3481 ἁγιάζεσθαι.

110 3494 111 3567 ξ
185 3505 276 3556 Ἐν
308 3503 431 3575 ἐμοὶ
462 3497 579 3571 οῦν,
633 3504 820 3575 φησὶν,
865 3504 1184 3575 ἁγιασθήτω
1220 3504 1282 3558 τὸ
1333 3504 1629 3575 ἐπικληθὲν
1656 3506 1757 3575 ’μοι

110 3584 111 3589 ¹
172 3594 344 3664 ὄνομα
357 3594 455 3665 τῆς
475 3594 574 3664 σῆς
597 3594 938 3659 δεσποτείας,
959 3594 1152 3661 Ὅπως
1169 3594 1382 3649 ιδωσιν
1395 3597 1447 3649 οὶ
1465 3594 1762 3664 ἅνθρωποι

110 3674 111 3681 “
173 3685 245 3739 τὰ
274 3685 430 3739 καλὰ
459 3686 635 3755 ἔργα,
665 3686 762 3740 καὶ
802 3686 1110 3751 δοξάσωσι
1155 3686 1262 3739 τὸν
1301 3684 1535 3754 Πατέρα
1558 3685 1666 3739 τὸν
1690 3685 1761 3739 ἐν

110 3766 111 3773 “
173 3775 296 3841 τοῖς
322 3775 621 3845 οὐρανοῖς.
665 3775 763 3841 Τίς
810 3777 870 3829 δὲ
913 3776 1058 3830 οὓτω
1095 3775 1369 3848 θηριώδης
1409 3776 1505 3830 κα)⁸
1542 3776 1756 3845 ἄλογος,

172 3867 315 3920 ὥστε
345 3866 485 3938 ὁρῶν
508 3868 566 3921 ὲν
588 3869 701 3931 τοῖς
724 3868 1115 3922 πεπιστευκόσι
1134 3866 1253 3938 Θεῷ
1281 3867 1397 3937 βίον
1425 3866 1666 3937 καθαρὸν
1691 3866 1758 3920 δι’

176 3959 379 4031 ἀρετῆς
408 3961 863 4033 κατωρθωμένον,
898 3962 1114 4016 πάντων
1137 3961 1246 4015 τῶν
1269 3959 1330 4026 ἐξ
1352 3961 1629 4033 ἁμαρτίας
1662 3976 1761 4032 μο-

173 4049 458 4120 λυσμάτων
501 4050 907 4123 καθαρεύοντα,
941 4051 1126 4121 πάσης
1158 4050 1257 4122 τῆς
1310 4050 1446 4122 πρὸς
1488 4049 1550 4103 τὸ
1576 4051 1760 4120 χεῖρον

175 4139 430 4204 ὑπονοίας
473 4140 943 4213 ἀλλοτριούμενον,
983 4141 1237 4214 λαμπρὸν
1282 4143 1350 4213 τῇ
1399 4140 1756 4214 σωφροσύνῃ,
1790 4181 1794 4185 ‹

176 4232 371 4303 σεμνὸν
410 4235 476 4304 τῇ
520 4233 780 4305 φρονήσει
798 4276 814 4300 ,
845 4234 1102 4307 ἀνδρείας
1127 4233 1324 4305 ἔχοντα
1354 4234 1492 4306 πρὸς
1522 4234 1622 4299 τὰς
1649 4236 1758 4289 τῶν

175 4322 363 4377 παθῶν
404 4323 732 4396 προσϐολὰς,
762 4324 1012 4396 μηδαμοῦ
1040 4329 1162 4390 ταῖς
1184 4327 1525 4397 σωματικαῖς
1550 4326 1759 4397 ἡδυπα-

175 4413 348 4477 θείαις
397 4413 860 4486 μαλακιζόμενον,
922 4417 1135 4487 τρυφῆς
1210 4416 1306 4470 καὶ
1353 4416 1611 4486 βλακείας
1660 4417 1756 4471 καὶ

1862 3422 1985 3483 pter
2016 3427 2194 3468 meam
2226 3414 2395 3469 vitam
2432 3428 2633 3469 nomen
2668 3413 2762 3468 Dei
2795 3414 2934 3467 male
2962 3413 3172 3479 audiat,
3205 3414 3304 3469 sed
3333 3415 3455 3484 glo—

1861 3504 2111 3560 riﬁcetur
2135 3510 2190 3560 et
2217 3504 2616 3561 sanctiﬁcetur.
2649 3503 2708 3559 111
2738 3519 2824 3559 1110
2851 3504 3020 3575 igitur
3052 3504 3453 3571 sanctiﬁcetur,

1861 3593 2063 3665 inquit,
2094 3609 2293 3648 nomen
2330 3601 2440 3649 tute
2467 3593 2887 3657 dominationis,
2924 3593 3070 3663 quod
3106 3607 3136 3646 a
3177 3609 3264 3649 me
3293 3594 3453 3650 invo-

1860 3693 2039 3751 catur,
2067 3694 2126 3739 ut
2155 3684 2367 3739 videant
2396 3685 2635 3739 homines
2674 3684 2825 3737 bona
2850 3700 3030 3753 opera,
3070 3693 3121 3739 et
3151 3685 3454 3755 gloriﬁcent

1860 3769 2101 3836 Patrem,
2119 3772 2303 3841 quiest
2327 3771 2383 3824 in
2403 3769 2548 3825 caelis
2565 3770 2633 3825 ⁸⁷.
2658 3768 2796 3836 Quis
2820 3778 3003 3825 autem
3026 3779 3111 3827 est
3138 3773 3276 3828 adeo
3302 3774 3453 3831 ferus

1859 3868 1915 3915 et
1947 3860 2177 3916 rationis
2205 3874 2426 3930 expers,
2460 3859 2554 3930 qui
2587 3859 2634 3914 si
2668 3859 2815 3915 inter
2838 3875 2958 3925 eos,
3004 3862 3096 3931 qui
3134 3860 3245 3917 Deo
3272 3863 3453 3918 credi-

1859 3951 2081 4017 derunt,
2113 3950 2298 4006 videat
2326 3951 2492 4006 vitam
2524 3966 2740 4022 puram,
2769 3965 2892 4021 quae.
2917 3968 3016 4023 per
3043 3953 3304 4010 virtutem
3336 3956 3453 4010 exio

1862 4048 2044 4112 gatur,
2081 4042 2151 4095 ab
2180 4042 2438 4097 omnibus
2480 4042 2695 4112 peccati
2745 4042 3182 4113 inquinamentis
3219 4058 3450 4099 vacuam

1860 4141 2024 4203 atque
2060 4147 2278 4203 puram,
2335 4132 2406 4187 ab
2443 4133 2593 4188 omni
2642 4133 2962 4204 suSpicion'e
3013 4134 3156 4189 mala
3190 4134 3449 4201 alienam,

1861 4226 2220 4295 temperantia
2261 4225 2487 4291 claram,
2536 4223 2829 4295 prudentia
2877 4241 3124 4297 gravem,
3161 4225 3362 4283 fortem
3395 4237 3453 4283 et

1862 4317 2073 4373 firmam
2102 4317 2369 4373 adversus
2397 4315 2695 4372 affectuum
2725 4332 2792 4373 ac
2826 4316 3310 4387 perturbationum
3343 4318 3451 4373 im-

1859 4415 2021 4481 petus
2048 4415 2104 4463 et
2127 4408 2405 4472 incursus,
2433 4407 2685 4477 corporis
2703 4406 3083 4475 voluptatibus
3104 4406 3258 4460 nullo
3283 4406 3452 4461 modo

174 4507 272 4577 τῆς
303 4482 438 4559 κατά
457 4505 547 4559 τὸν
573 4482 745 4575 τῦφον
768 4482 1100 4579 χαυνότητος
1112 4506 1189 4570 ὡς
1214 4507 1295 4560 ὅτι
1321 4482 1556 4577 μάλιστα
1576 4482 1754 4577 κεχω-

1861 4502 2081 4557 1110110111
2136 4508 2193 4557 01
2253 4499 2646 4563 effeminatam,
2709 4512 2741 4552 a
2780 4497 3016 4562 deliciis,
3071 4513 3105 4552 a
3149 4506 3369 4569 torpore
3396 4510 3452 4556 et

110 4664 111 4679 ξ
179 4599 449 4671 ρισμένον,
486 4596 743 4652 τοσοῦτον
781 4599 1077 4669 μετέχοντα
1114 4597 1209 4652 τοῦ
1236 4597 1373 4668 βίου,
1394 4598 1519 4652 ὅσον
1547 4597 1754 4653 ὲπάναο

110 4752 112 4779 λ
175 4711 326 4762 γκες,
358 4694 510 4766 ἄκρῳ
551 4691 631 4764 τῷ
683 4691 803 4746 ποδὶ
833 4690 936 4761 τῆς
972 4692 1078 4762 γῆς
1132 4688 1490 4761 ὲπιψαύοντα,
1533 4688 1595 4742 οὐ
1632 4692 1752 4753 ταῖς

177 4785 297 4840 καθ’
340 4785 527 4855 ἡδονὴν
556 4781 891 4837 ἀπολαύσεσι
930 4781 1009 4853 τῷ
1044 4780 1220 4853 γηΐνῳ
1246 4779 1424 4852 τούτῳ
1444 4779 1546 4852 βίῳ
1576 4795 1751 4834 κατα-

177 4877 507 4948 χωννύμενον
522 4914 538 4942 ,
596 4875 713 4929 ἀλλ’
772 4874 1197 4946 ύπερανεστῶτα
1261 4872 1441 4943 πάσης
1488 4872 1589 4944 τῆς
1630 4873 1753 4925 κατ’

180 4967 418 5039 αἴσθησιν
445 4967 746 5039 γενομένης
774 4967 1013 5038 ἀπάτης,
1052 4965 1307 5036 καὶπρὸς
1330 4964 1432 5036 τὴν
1463 4962 1755 5036 ἀσώματον

181 5060 320 5131 ζωὴν
361 5059 448 5113 διὰ
481 5058 687 5131 σαρκὸς
734 5058 1112 5130 ἁμιλλώμενον
1132 5099 1147 5125 ,
1203 5058 1300 5113 ἕνα
1329 5057 1563 5112 πλοῦτον
1603 5057 1756 5128 νομί-

182 5152 335 5215 ζοντα
375 5151 473 5220 τὴν
515 5150 618 5219 τῆς
656 5150 862 5222 ἀρετῆς
898 5150 1111 5221 κτῆσιν,
1157 5151 1288 5221 μίαν
1327 5150 1607 5221 εὐγένειαν
1650 5151 1752 5220 τὴν

182 5241 316 5311 πρὸς
338 5240 425 5292 τὸν
450 5240 584 5293 Θεὸν
607 5241 935 5311 οἰκειότητα,
968 5241 1097 5311 μίαν
1134 5240 1292 5307 ἀξίαν
1319 5242 1414 5294 καὶ
1435 5240 1751 5295 δυναστείαν

187 5332 335 5401 μίαν,
381 5329 440 5382 τὸ
481 5333 702 5400 κρατεῖν
742 5329 968 5395 ἑαυτοῦ,
1002 5331 1095 5384 καὶ
1132 5330 1431 5385 ἀδούλωτον
1470 5326 1752 5394 εἶναιτοῖς

183 5420 528 5490 ἀνθρωπίνοις
578 5421 927 5492 παθήμασιν,
975 5421 1277 5493 ἀχθόμενον
1320 5425 1387 5493 τῇ
1442 5422 1749 5493 παρατάσει

185 5512 276 5580 τῆς
304 5510 391 5564 τοῦ
416 5511 602 5565 ύλικοῦ
646 5512 763 5582 βίου
803 5510 976 5582 ζωῆς·
1014 5512 1309 5567 σπεύδοντα
1334 5514 1392 5567 δὲ
1416 5514 1669 5585 καθάπερ
1698 5514 1767 5566 οίη

185 5601 268 5655 διὰ
295 5601 553 5669 πελάγους
589 5601 1030 5666 κακοπαθοῦντες
1054 5602 1192 5675 πρὸς
1221 5594 1319 5659 τὸν
1335 5603 1529 5675 λιμένα
1553 5621 1751 5658 καταν-

254 5778 299 5815 ⁵⁶
337 5779 435 5842 lsa.
467 5795 561 5847 tu,
593 5779 646 5835 5.
722 5781 766 5812 ⁵⁷
808 5777 996 5835 Matth.
1027 5795 1080 5849 γ,
1109 5779 1196 5834 16.

1860 4595 2096 4666 ignavia,
2149 4608 2180 4648 a
2210 4601 2427 4648 tumore
2461 4590 2638 4647 fastus
2667 4605 2833 4661 quam
2873 4588 3113 4644 maxime
3157 4597 3448 4654 remotam,

1856 4685 2253 4757 temporalibus
2274 4681 2645 4739 facultatibus
2664 4688 2718 4737 et
2744 4679 2958 4750 reliquo
2983 4678 3239 4735 saeculari
3269 4680 3447 4747 cultu,

1857 4787 2122 4851 quantum
2177 4774 2482 4833 necessitas
2539 4773 2838 4837 desideret,
2911 4780 3178 4838 utentem,
3231 4787 3450 4829 summo

1849 4871 1989 4944 pede
2018 4878 2221 4945 terram
2247 4874 2586 4938 tangentem,
2615 4879 2742 4936 quas
2768 4863 3020 4919 fruendis
3050 4863 3448 4934 percipiendis-

1850 4977 1961 5034 que
2002 4958 2379 5030 voluptatibus
2417 4959 2524 5013 hoc
2554 4964 2736 5013 terreo
2765 4955 2972 5011 saeculo
3007 4969 3119 5010 non
3151 4954 3443 5018 obruatur,

1852 5052 1949 5109 sed
1981 5058 2203 5122 superet
2233 5063 2450 5104 omnem
2477 5062 2575 5117 per
2603 5060 2803 5105 sensus
2838 5044 3140 5100 adhibitam
3170 5041 3444 5108 fraudem,

1853 5159 1951 5215 per
1990 5158 2213 5198 carnem
2243 5155 2369 5197 cum
2403 5140 2730 5211 incorporea
2756 5138 2871 5193 vita
2898 5143 3095 5201 certet,
3128 5150 3269 5190 unas
3301 5134 3446 5190 divi-

1853 5236 1958 5290 tias
1988 5233 2211 5289 virtutis
2243 5247 2378 5304 opes
2410 5231 2715 5296 existimet,
2745 5243 2911 5285 unam
2945 5226 3316 5293 nobilitatem,
3349 5241 3445 5281 ne-

1851 5325 2250 5382 cessitudinem
2305 5337 2432 5379 cum
2475 5322 2608 5385 Deo,
2664 5334 2831 5376 unam
2872 5318 3216 5390 dignitatem,
3272 5331 3443 5370 unum

1851 5423 2216 5486 potentatum,
2246 5415 2489 5486 seipsum
2520 5415 2575 5469 111
2604 5419 2879 5484 potestate
2898 5410 3135 5476 habere,
3167 5413 3223 5464 et
3256 5407 3442 5461 buma-

1854 5510 1943 5565 nis
1970 5507 2261 5563 affectibus
2293 5522 2405 5563 non
2448 5506 2680 5569 servire,
2711 5519 2835 5574 qua:
2868 5502 3232 5574 productione
3265 5505 3440 5553 mate-

1856 5600 2011 5657 rialis
2044 5599 2210 5662 huius
2249 5598 2435 5657 saeculi
2464 5597 2590 5653 vitae
2618 5595 2798 5653 doleat
2840 5603 2897 5650 et
2936 5599 3190 5664 angatur,
3225 5587 3441 5646 studeat
