4018 6374
602 351 738 407 Ηὗῦ
1831 348 1888 404 S.
1919 345 2246 404 GREGORII
2302 346 2599 404 NYSSENI

599 478 781 520 autem
831 470 995 533 atque
1043 462 1270 525 nitatur,
1318 461 1777 534 quemadmodum
1808 463 1909 528 illi,
1968 464 2064 535 qui
2121 466 2177 519 in

2292 467 2444 533 τῆσαι
2467 465 2569 536 τῆς
2584 463 2967 529 ἀναπαύσεως.
2990 464 3086 530 Τίς
3112 463 3289 519 τοίνυν
3317 462 3411 518 τὸν
3433 461 3695 518 τοιοῦτον
3722 462 3897 533 ὁρᾶπ,

600 554 737 607 mari
790 561 1058 607 vexantur
1111 560 1276 621 atque
1324 554 1660 623 allliguntur,
1707 568 1906 624 capere
1960 562 2178 624 portum

2292 556 2342 611 οὐ
2390 556 2589 631 δοξάζῃ
2626 558 2686 611 τὸ
2723 558 2893 628 ϐνομα
2943 556 3005 610 τὸ
3044 555 3478 626 ἐπικεκλημένον
3527 554 3644 625 τῷ*
3662 554 3895 606 τοιούτω

600 642 888 714 requietis.
916 643 1051 709 Quis
1084 643 1249 713 igitttr
1272 643 1318 699 si
1351 643 1513 699 talem
1542 644 1745 709 videat,
1777 658 2000 706 nomen,
2034 644 2180 713 quod

2292 650 2417 721 βίῳ;
2453 648 2663 703 Οὐκοῦν
2708 649 2765 702 ἐν
2814 648 2881 720 τῇ
2926 649 3201 720 προσευχῇ
3240 646 3441 715 λέγων,
3507 642 3897 714 Ἀτιασνθήτε

598 736 667 790 ab
693 734 967 805 ejusmodi
1007 734 1114 788 vita
1169 736 1478 798 invocetur,
1522 751 1631 790 non
1664 734 1972 805 gloriﬁcet?
2031 734 2182 800 Quo-

2292 742 2352 798 τὸ
2388 740 2577 812 ὄνομὰ
2604 757 2744 804 σου,
2776 743 2833 795 ἐν
2856 741 2981 812 ἐμοὶ
3008 739 3182 794 ταῦτα
3216 742 3283 811 τῇ
3309 739 3549 810 δυνάμει
3579 738 3696 790 τῶν
3740 736 3898 804 λεττ-

598 830 746 885 circa
797 828 890 899 qui
941 829 997 882 in
1042 830 1294 884 oratione
1353 829 1511 894 dicit,
1568 828 1945 897 Sancti/iretur
1992 845 2183 883 nomen

2292 836 2465 903 μένων
2510 830 2899 903 προσεύχεταιο
2938 830 3202 902 Γενοίμην
3246 832 3311 900 τῇ
3353 828 3639 902 συνεργίᾳ
3663 828 3774 896 τῆς
3807 828 3897 895 σῆς

3759 350 3895 405 {ia-tt

599 929 768 986 tuum,
801 921 854 974 vi
887 921 1178 975 verborum
1212 921 1328 976 haec
1366 929 1526 977 orat:
1576 922 1781 975 Auxilii
1819 920 1893 975 tui
1930 920 2183 990 pnesidio

598 1019 763 1080 atque
792 1011 1108 1080 atljumento
1140 1013 1263 1066 ﬁam
1306 1014 1805 1083 irreprehensibilis
1840 1022 1893 1069 et
1935 1014 2182 1083 inculpa-

472 1134 487 1145 -
597 1112 707 1167 tus,
728 1105 934 1173 justus,
958 1105 1082 1176 pius
1106 1124 1119 1160 :
1149 1105 1454 1161 abstineam
1473 1107 1544 1160 ab
1565 1107 1714 1161 omni
1738 1108 1880 1162 malo
1905 1106 2174 1162 facinore:

598 1196 831 1265 loquens
880 1197 934 1251 id
978 1198 1124 1267 quod
1152 1213 1368 1265 verum,
1401 1197 1608 1256 faciens
1655 1200 1800 1269 quod
1826 1200 2038 1269 justum
2074 1199 2179 1256 sit:

597 1287 654 1342 in
684 1290 1012 1346 rectitudine
1045 1291 1357 1354 ambulans,
1412 1293 1768 1362 temperantia
1804 1293 2060 1357 illustris,
2095 1294 2182 1348 in—

597 1381 855 1451 tegritate
884 1382 1196 1445 decoratus,
1225 1384 1493 1455 sapientia
1522 1394 1684 1454 atque
1704 1385 1990 1454 prudentia
2020 1401 2185 1440 orna.

599 1480 711 1540 tus,
753 1476 822 1530 ad
854 1491 1052 1546 supera
1094 1476 1369 1546 aspirans,
1404 1485 1616 1533 terrena
1650 1477 1985 1547 despiciens,
2020 1478 2183 1533 insti-

600 1566 734 1620 tutis
786 1567 1049 1634 angeliea‘.
1086 1566 1209 1621 vitae
1262 1569 1597 1623 clarescens.
1651 1566 1777 1623 Haec
1818 1579 1871 1623 et
1913 1567 2185 1636 ejusmodi

602 1655 786 1711 brevis
814 1657 932 1710 haec
983 1658 1175 1726 petitio
1202 1658 1470 1723 continet,
1504 1672 1628 1727 qua:
1660 1673 1758 1728 per
1785 1658 2087 1713 orationem
2117 1658 2185 1713 ad

600 1743 770 1800 Deum
807 1746 980 1801 dicit:
1035 1746 1415 1817 Sancti/iretur
1454 1765 1641 1803 nomen
1671 1759 1840 1801 tuum.
1892 1748 2010 1802 Non
2039 1748 2181 1803 enim

2286 922 2570 995 βοηθείας,
2603 922 2912 994 ἄμεμπτος,
2955 921 3179 984 δίκαιος,
3213 919 3503 991 θεοσεϐὴς,
3541 919 3898 987 ἀπεχόμενος

2284 1011 2393 1066 ἀπὸ
2440 1011 2640 1075 παντὸς
2685 1009 2923 1083 πονηροῦ
2976 1009 3332 1080 πράγματος,
3378 1007 3568 1061 λαλῶν
3604 1007 3895 1076 ἀλήθειαν.

2284 1104 2651 1176 ἐργαζόμενος
2685 1103 3056 1175 δικαιοσύνην’
3097 1104 3155 1155 ἐν
3188 1100 3446 1171 εὐθύτητι
3485 1099 3893 1172 πορευόμενος,

2283 1202 2352 1270 τῇ
2384 1197 2704 1270 σωφροσύνῃ
2753 1197 3007 1268 λάμπων,
3044 1197 3111 1266 τῇ
3141 1193 3419 1267 ἀφθαρσίᾳ
3461 1192 3893 1264 κοσμούμενος,

2284 1294 2352 1362 τῇ
2383 1290 2545 1362 σοφίᾳ
2571 1290 2666 1343 καὶ
2685 1291 2750 1359 τῇ
2785 1288 3043 1359 φρονήσει
3068 1286 3550 1356 καλλωπιζόμενος
3571 1326 3590 1349 ,
3659 1284 3732 1338 τὰ
3790 1285 3892 1336 ἄεξε

2285 1383 2520 1455 φρονῶν,
2550 1382 2660 1436 τῶν
2693 1382 2899 1453 γηΐνων
2938 1378 3244 1452 ὑπερορῶν,
3271 1381 3392 1442 ταῖς
3418 1377 3767 1448 ἀγγελικαῖς
3801 1393 3893 1428 πε)-

2284 1476 2512 1541 λιτείαις
2570 1472 3102 1545 ἐλλαμπρυνόμενος.
3154 1469 3339 1526 Ταῦτα
3390 1471 3491 1524 καὶ
3538 1470 3616 1523 τὰ
3663 1469 3891 1523 τοιαῦτα

2288 1567 2534 1640 περιέχει
2580 1569 2613 1638 η
2663 1565 2892 1637 βραχεῖα
2938 1562 3151 1635 αἴτησις
3197 1561 3366 1633 αὓτη,
3411 1562 3449 1632 ή
3504 1560 3760 1629 λέγουσα
3814 1560 3893 1611 au

2286 1661 2593 1731 προσευχῆς
2622 1659 2698 1731 τῷ
2726 1658 2876 1729 Θεῷ,
2912 1657 2993 1711 ὅτι
3017 1653 3379 1726 Ἀμασθήτω
3405 1652 3476 1707 τό
3509 1651 3715 1721 ὄνομὰ
3750 1667 3885 1705 σου.

2287 1753 2366 1808 Οὐ
2390 1752 2501 1824 γάρ
2527 1754 2675 1807 ἐστιν
2700 1750 2878 1813 ἄλλως
2907 1747 3130 1805 δυνατὸν
3161 1747 3219 1801 ἐν
3249 1744 3529 1816 ἀνθρώπῳ
3553 1743 3887 1812 ὼξασθῆνει

599 1836 761 1889 aliter
815 1850 913 1905 per
964 1836 1242 1892 hominem
1288 1837 1433 1893 Deus
1478 1837 1769 1909 gloriﬁcari
1823 1845 2023 1907 potest,
2079 1836 2184 1891 nisi

2292 1846 2438 1910 Θεὸν,
2466 1823 2541 1916 μὴ
2568 1843 2670 1914 τῆς
2702 1844 2821 1896 κατ’
2848 1840 3009 1897 αὑτὸν
3037 1839 3236 1911 ἀρετῆς
3263 1840 3329 1909 τῇ
3353 1837 3478 1909 θείᾳ
3507 1836 3756 1908 δυνάμει
3796 1834 3882 1903 τῇ

498 1988 505 2003 ί
599 1926 777 1983 virtus
812 1929 933 1997 ejus
965 1937 1220 1993 testetur,
1258 1929 1503 1984 divinam
1538 1928 1836 1999 potentiam
1883 1935 2047 1999 atque
2076 1928 2187 1982 vir-

598 2027 768 2075 tutem
800 2036 925 2076 esse
955 2036 1181 2075 causam
1220 2022 1512 2077 bonorum.

668 2110 802 2178 Quae
831 2111 1093 2183 deinceps
1120 2114 1368 2183 sequitur
1402 2113 1614 2184 petitio,
1646 2128 1875 2182 regnum
1910 2111 2001 2167 Dei
2034 2119 2188 2183 optat

599 2202 884 2258 advenire.
922 2200 1186 2275 Nunquid
1233 2220 1381 2260 nunc
1410 2220 1593 2274 regem
1631 2203 1748 2260 ﬁeri
1780 2205 1899 2260 vult
1944 2203 2187 2259 universi

597 2308 806 2365 regem,
859 2298 951 2366 qui
986 2312 1204 2367 semper
1242 2306 1353 2360 est,
1401 2295 1545 2366 quod
1578 2296 1702 2353 est?
1749 2297 1841 2367 qui
1869 2296 1936 2352 ad
1967 2310 2188 2351 omnem

602 2389 967 2444 mutationem
1003 2390 1195 2447 ﬁrmus
1222 2397 1277 2445 et
1326 2388 1621 2444 immobilis
1652 2390 1778 2444 est?
1810 2389 1903 2459 qui
1940 2403 2052 2443 non
2089 2403 2181 2459 pec

600 2486 712 2535 test
750 2483 990 2550 reperire
1027 2481 1224 2537 melius
1269 2480 1592 2551 quidquam,
1628 2482 1683 2536 in
1726 2481 1874 2551 quod
1905 2483 2189 2538 transeat?

602 2570 745 2637 Quid
778 2571 949 2643 igitur
982 2572 1088 2628 sibi
1124 2572 1242 2626 vult
1270 2573 1503 2642 optatio,
1532 2588 1654 2642 quae
1682 2584 1911 2643 regnum
1937 2571 2035 2627 Dei
2067 2587 2191 2629 evo-

598 2661 727 2715 cat?
755 2664 833 2716 Ac
858 2677 1044 2715 veram
1073 2662 1293 2728 quidem
1330 2662 1496 2732 hujus
1527 2663 1603 2717 rei
1638 2664 1906 2718 rationem
1935 2663 2191 2719 noverint

599 2754 676 2807 illi
710 2754 914 2823 quibus
946 2755 1175 2825 spiritus
1206 2755 1457 2811 veritatis
1500 2756 1718 2810 occulta
1749 2758 2006 2826 mysteria
2037 2771 2189 2811 reve-

600 2844 678 2897 lat
707 2860 721 2897 :
751 2859 855 2899 nos
888 2856 1071 2899 autem
1119 2845 1390 2915 ejusmodi
1429 2846 1497 2901 de
1531 2846 1634 2900 hoc
1676 2845 1824 2901 dicto
1872 2845 2188 2917 opinionem

600 2945 769 3005 atque
803 2937 1133 2992 sententiam
1192 2935 1458 2992 habemus
1493 2936 1653 2991 :Una
1695 2937 1862 2991 rebus
1915 2936 2189 2991 universis

603 3027 1028 3097 superimposita
1065 3035 1150 3083 est
1177 3042 1240 3081 ac
1269 3029 1525 3098 prtesidet
1558 3044 1683 3085 vera
1717 3038 1963 3100 potestas
1994 3038 2051 3086 et
2080 3030 2191 3084 vir-

605 3129 716 3182 tus.
744 3136 870 3190 quae
896 3120 1273 3175 universitatis
1298 3116 1542 3190 suscepit
1568 3121 1883 3191 intperium,
1915 3132 1969 3178 et
1998 3130 2190 3194 regnat

601 3227 713 3267 non
765 3212 1008 3267 violento
1057 3209 1295 3281 quodam
1334 3220 1500 3281 atque
1555 3213 1840 3283 tyrannico
1877 3221 2187 3284 potentatu,

606 3310 667 3356 ut
693 3317 817 3371 qua:
852 3312 996 3356 metu
1024 3317 1089 3356 ac
1118 3300 1525 3356 necessitudine
1561 3302 1664 3356 sub
1691 3302 1981 3371 imperium
2009 3319 2075 3358 ac
2106 3305 2191 3359 di-

604 3395 811 3449 tionem
858 3409 1015 3447 suam
1058 3393 1331 3449 obnoxios
1359 3392 1729 3461 subjunxerit.
1762 3391 2013 3448 Liberam
2044 3393 2189 3449 enim

606 3500 672 3539 ac
703 3499 929 3538 vacuam
963 3484 1031 3537 ab
1058 3483 1209 3538 omni
1234 3493 1381 3539 metu
1412 3484 1727 3553 nulliusque
1746 3483 1991 3540 dominio
2014 3484 2192 3555 subje-

602 3587 746 3630 ctatn
774 3575 1032 3631 convenit
1061 3590 1184 3631 esse
1204 3575 1490 3638 virtutem,
1524 3574 1731 3631 lubenti
1760 3575 1947 3630 animo
1984 3576 2189 3631 bonum

602 3668 892 3739 eligentem
943 3675 1110 3737 atque
1164 3674 1508 3722 sumentem:
1570 3674 1738 3737 caput
1786 3677 1967 3723 autem
2010 3668 2191 3723 omnis

603 3762 733 3817 boni
764 3769 871 3823 est,
901 3758 1131 3815 viviﬁca:
1155 3759 1412 3829 potestati
1441 3758 1724 3813 subditum
1747 3773 1891 3814 esse.
1917 3758 2191 3825 Quoniam

604 3854 773 3925 igitur
796 3853 1035 3906 humana
1061 3859 1259 3907 natura
1287 3866 1320 3905 a
1345 3850 1475 3906 boni
1505 3849 1716 3919 judicio
1748 3850 1940 3906 fraude
1964 3851 2192 3906 inducta

603 3946 900 4008 aberravit,
933 3951 989 4000 et
1028 3943 1098 3998 ad
1124 3945 1466 3999 contrarium
1503 3952 1752 4000 nostrum
1789 3944 2077 3999 arbitrium
2111 3945 2194 3999 in-

605 4038 853 4101 clinavit,
910 4049 966 4092 et
1013 4052 1177 4090 omne
1208 4037 1411 4091 malum
1447 4036 1731 4092 hominum
1762 4037 1929 4091 vitam
1965 4038 2189 4107 invasit,

603 4138 663 4186 et
714 4132 771 4184 in
816 4137 1145 4199 potestatem
1187 4143 1344 4183 suam
1389 4127 1628 4198 redegit:
1671 4128 1975 4185 innumeris
2017 4129 2192 4185 modis

607 4230 784 4277 morte
817 4229 1027 4275 natura:
1065 4220 1308 4274 immista
1348 4219 1557 4290 (omnis
1595 4220 1741 4275 enim
1776 4220 1998 4275 malitiae
2028 4222 2192 4277 vitio-

611 4316 901 4381 sitatisque
943 4311 1121 4367 forma
1156 4321 1418 4381 tanquam
1472 4314 1555 4367 via
1603 4313 1853 4383 quaedam
1898 4320 1958 4368 et
2011 4314 2193 4371 aditus

606 4406 768 4461 morti
802 4406 1095 4461 adversum
1129 4419 1231 4459 nos
1264 4405 1524 4477 exsistit).
1549 4405 1819 4472 Quoniam
1845 4406 2011 4477 igitur
2040 4407 2192 4477 ejus-

2286 1937 2466 1992 αἰτίαν
2493 1936 2603 1991 τῶν
2624 1933 2844 2005 ἀγαθῶν
2866 1930 3268 2005 μαρτυρούσης.

2369 2120 2426 2173 '0
2453 2119 2509 2173 δὲ
2539 2117 2735 2189 ἐφεξῆς
2753 2117 2908 2185 λόγος
2935 2115 3033 2187 τὴν
3059 2113 3332 2185 βασιλείαν
3357 2110 3451 2166 τοῦ
3480 2110 3629 2166 Θεοῦ
3666 2111 3877 2182 εὔχεται

2290 2211 2484 2266 ἐλθεῖν.
2505 2206 2655 2281 τΔροι
2682 2208 2776 2263 νῦν
2801 2206 2941 2273 ἀξιοῖ
2963 2205 3214 2275 γενέσθαι
3244 2202 3468 2274 βασιλέα
3495 2203 3593 2256 τὸν
3623 2202 3727 2255 τοῦ
3756 2220 3878 2253 ’.ταν-

2288 2304 2380 2367 τὺς
2405 2302 2657 2374 βασιλέα,
2683 2301 2775 2356 τὸν
2815 2299 2904 2355 ἀεὶ
2946 2298 3075 2352 ὂντα
3102 2298 3240 2368 ὅπερ
3268 2295 3418 2350 ἐστὶν
3434 2333 3450 2358 ,
3476 2294 3575 2347 τὸν
3610 2294 3761 2364 πρὸς
3788 2294 3875 2345 =5-

2292 2413 2392 2451 σαν
2445 2392 2745 2467 μεταϐολὴν
2784 2390 3119 2463 ἀμετάθετον
3135 2428 3151 2455 ,
3196 2388 3287 2442 τὸν
3326 2387 3426 2459 οῦκ
3456 2386 3665 2457 ἔχοντα
3705 2388 3877 2457 εὑρεῖν

2290 2489 2537 2558 κρεῖττον
2568 2487 2648 2549 είς
2668 2483 2699 2538 ὃ
2723 2482 3122 2555 μεταϐήσεται;
3158 2480 3224 2534 Τί
3248 2475 3340 2534 οὗν
3380 2478 3640 2550 βούλεται
3677 2480 3714 2549 ἠ
3751 2478 3874 2548 εὐχὴ

2288 2578 2385 2633 τοῦ
2434 2576 2572 2632 Θεοῦ
2617 2576 2893 2647 βασιλείαν
2937 2573 3344 2644 ἐκκαλουμένη;
3407 2571 3575 2625 Ἀλλὰ
3628 2571 3732 2625 τὸν
3788 2570 3874 2642 μὲν

2288 2669 2464 2741 ἁληθῆ
2504 2671 2634 2742 περὶ
2662 2668 2855 2725 τούτου
2892 2667 3049 2736 λόγον
3096 2668 3269 2735 γνοῖεν
3311 2664 3396 2730 ἂν,
3443 2658 3530 2729 οἷς
3560 2664 3627 2717 τὺ
3665 2662 3871 2732 πνεῦμα

2286 2763 2388 2833 τῆς
2413 2760 2673 2832 ἀληθείας
2698 2760 3074 2816 άνακαλύπτει
3094 2758 3165 2812 τὰ
3183 2756 3543 2829 κεκρυμμένα
3563 2757 3871 2826 μυστήρια·

2289 2854 2457 2925 ἡμεῖς
2507 2853 2567 2907 δέ
2608 2851 2863 2924 τοιαύτην
2908 2850 3102 2922 ἔχομεν
3139 2850 3267 2921 περὶ⁸
3297 2848 3390 2902 τοῦ
3422 2847 3593 2920 ῥητοῦ
3623 2847 3733 2917 τὴν
3768 2847 3870 2899 διὰ·

2289 2961 2465 3000 νοιαν·
2498 2943 2613 3000 Μία
2631 2942 2741 2996 τῶν
2769 2941 2986 2997 πάντων
3015 2940 3333 3010 ὑπέρκειται
3365 2939 3398 3007 ἡ
3428 2936 3643 3007 ἀληθὴς
3665 2936 3869 3000 ἐξουσία

2291 3037 2387 3091 καὶ
2421 3036 2650 3105 δύναμις
2670 3074 2685 3100 ,
2722 3034 2757 3105 ἡ
2781 3032 2875 3088 τοῦ
2905 3031 3105 3095 παντὸς
3131 3027 3526 3098 άναδεδεγμένη
3562 3025 3624 3079 τὸ

2291 3130 2389 3184 καὶ
2435 3127 2823 3199 βασιλεύουσα,
2868 3126 2931 3179 οὐ
2970 3124 3062 3196 βίᾳ
3105 3124 3211 3178 τινὶ
3232 3120 3342 3200 κκαὶ
3382 3123 3694 3191 τυραννικῇ
3731 3120 3869 3173 δυνα-

2295 3222 2479 3293 στείᾳ,
2513 3219 2699 3291 φόϐοις
2726 3219 2824 3274 καὶ
2865 3218 3128 3286 ἀνάγκαις
3167 3212 3509 3279 ύποζεύξασα
3532 3214 3601 3283 τῇ
3626 3213 3866 3277 sum:

2290 3313 2352 3367 τδ
2379 3313 2640 3385 ὑπήκοον.
2681 3308 3003 3381 Ἐλευθέραν
3042 3306 3153 3377 γὰρ
3187 3301 3325 3359 εἶναι
3357 3305 3623 3375 προσήκει
3681 3303 3871 3362 myth;

2292 3403 2460 3474 φόϐου
2502 3404 2603 3475 τὴν
2631 3402 2835 3473 ἀρετὴν
2867 3401 2961 3457 καὶ
2986 3398 3301 3464 ἀδέσποτον,
3339 3396 3562 3466 ἑκουσία
3590 3393 3794 3465 γνώμης⁸
3819 3395 3867 3446 τὸ

2291 3494 2497 3565 ἀγαθὸν
2522 3493 2855 3565 αἱρουμένην
2874 3510 2887 3523 ·
2927 3489 3133 3561 ἀγαθοῦ
3160 3489 3217 3543 δέ
3242 3486 3438 3551 παντὸς
3466 3486 3524 3539 τὺ
3552 3486 3865 3556 κεφάλαιον.

2290 3586 2354 3642 τὸ
2404 3586 2510 3640 ὑπὸ
2549 3586 2650 3657 τὴν
2702 3584 2965 3650 (womth
3014 3581 3261 3647 ἐξουσίαν
3308 3578 3588 3648 τετάχθαι.
3653 3576 3865 3645 Ἐπειδὴ

2289 3677 2473 3734 τοίνυν
2491 3677 2592 3747 τῆς
2608 3676 2703 3730 τοῦ
2728 3674 2896 3730 καλοῦ
2923 3672 3157 3746 κρίσεως
3186 3669 3538 3741 ἀπεπλανψη
3563 3668 3632 3721 δι’
3658 3668 3868 3737 ἀπάτης

2293 3772 2327 3842 ἠ
2354 3769 2667 3841 ἀνθρωπίνη
2699 3766 2883 3838 φύσις,
2911 3766 3009 3821 καὶ
3034 3765 3174 3837 πρὸς
3200 3763 3263 3817 τὸ
3287 3762 3521 3817 ἐναντίον
3550 3760 3757 3829 γέγονε
3784 3759 3865 3825 τῆς

2294 3861 2672 3935 προαιρέσεως
2715 3859 2875 3933 ἡμῶν
2900 3861 2935 3931 ἡ
2972 3857 3146 3930 ῥοπὴ,
3179 3857 3274 3912 καὶ
3307 3854 3469 3909 παντὶ
3496 3853 3576 3925 τῷ
3603 3852 3864 3922 χείρονιὴ

2294 3953 2408 4025 ζωὴ
2434 3953 2545 4009 τῶν
2567 3951 2872 4024 ἀνθρώπιον
2900 3948 3282 4022 κατεκρατήθη
3300 3988 3316 4013 ,
3355 3945 3575 4018 μυρίαις
3602 3944 3754 4009 ὁδοῖς
3790 3941 3863 3995 τοῦ

2290 4044 2526 4100 θανάτου
2569 4042 2992 4115 κατακριθέντος
3020 4044 3088 4113 τῇ
3127 4040 3319 4110 φύσει·
3350 4039 3498 4092 πᾶσα
3522 4035 3636 4107 γάρ
3678 4034 3865 4093 κακίας

2297 4137 2413 4192 ἰδέα
2452 4132 2565 4191 οἷόν
2606 4153 2692 4200 τις
2732 4134 2860 4198 ὁδὸς
2896 4133 2978 4205 τῷ
3021 4132 3235 4203 θανάτῳ
3283 4130 3406 4186 καθ’
3449 4129 3611 4201 ἡμῶν
3644 4130 3859 4197 γίνεται.

2307 4230 2525 4301 Ἐπειδὴ
2553 4228 2733 4283 τοίνυν
2761 4229 2829 4298 τῇ
2857 4224 3082 4298 τοιαύτῃ
3118 4222 3389 4295 τυραννίδι
3416 4220 3858 4293 περιεσχέθημεν.

2294 4322 2548 4392 καθάπερ
2576 4320 2795 4392 δημίοις
2830 4320 2973 4373 τισὶν
3014 4318 3048 4387 ἢ
3078 4315 3375 4387 πολεμίοις,
3402 4316 3523 4377 ταῖς
3550 4311 3861 4384 προσϐολαέ

2295 4415 2406 4469 τῶν
2457 4414 2799 4485 παθημάτων
2847 4411 2927 4483 τῷ
2968 4409 3184 4481 θανάτῳ
3230 4407 3617 4478 δεδουλωμένοι
3640 4421 3654 4437 °

603 4497 751 4551 modi
778 4498 1055 4567 tyrannidi
1097 4497 1460 4553 circumventi
1500 4506 1668 4569 atque
1707 4499 1928 4554 obnoxii
1950 4499 2189 4563 fuimus,

2297 4508 2592 4579 εὐχόμεθα,
2633 4504 2728 4560 τοῦ
2766 4503 2912 4559 θεοῦ
2938 4504 3039 4575 τὴν
3066 4501 3343 4573 βασιλείαν
3382 4499 3467 4567 ἐφ’
3496 4499 3649 4569 ἡμᾶς
3680 4497 3855 4552 ἐλθεῖν.

600 4598 864 4661 tauquam
894 4607 993 4662 per
1030 4590 1320 4647 carniﬁces
1346 4591 1617 4661 quosdam
1649 4592 1734 4647 vel
1758 4593 1967 4656 hostes,
2005 4592 2192 4647 incur—

605 4683 760 4737 sibus
786 4682 1080 4738 aﬁ‘ectuum
1104 4694 1269 4755 atque
1288 4684 1762 4754 perturbatin
1788 4685 1844 4740 in
1863 4686 2190 4741 servitutem

606 4786 636 4825 a
665 4780 840 4826 morte
863 4773 1070 4827 redacti
1098 4790 1112 4826 :
1149 4780 1300 4827 recte
1328 4787 1618 4843 precamur
1642 4789 1872 4844 regnum
1900 4772 1992 4829 Dei
2024 4788 2193 4844 super

605 4879 707 4920 nos
741 4865 949 4921 venire.
1001 4864 1119 4918 Non
1154 4865 1306 4920 enim
1346 4866 1508 4921 aliter
1548 4881 1773 4937 pravam
1814 4868 2192 4937 corruptionis

582 4964 933 5027 potestatem
984 4971 1189 5011 exuere
1217 4965 1382 5026 atque
1429 4956 1669 5027 etlugere
1698 4958 2026 5029 poterimus,
2082 4957 2190 5013 nisi

605 5053 821 5107 viviﬁca
860 5052 1035 5107 virtus
1082 5050 1318 5107 invicem
1360 5053 1414 5106 in
1457 5052 1614 5111 nobis
1666 5053 1957 5125 imperia
1996 5067 2192 5109 susce-

603 5152 765 5221 perit.
836 5150 893 5206 Si
954 5149 1124 5222 igitur
1187 5165 1413 5220 regnum
1473 5148 1565 5204 Dei
1632 5163 1800 5218 super
1848 5164 1953 5204 nos
2002 5149 2193 5204 venire

602 5244 998 5313 petiverimus,
1056 5244 1172 5298 haec
1208 5244 1263 5297 vi
1305 5242 1598 5297 verberum
1640 5241 1807 5301 Deum
1862 5254 2187 5310 precamur:

577 5336 953 5407 ‘Corruptioni
982 5345 1273 5407 exemptus
1303 5338 1430 5402 sim,
1461 5350 1491 5389 a
1546 5342 1724 5389 morte
1766 5334 2035 5389 liberatus
2062 5333 2190 5396 sim,

601 5429 786 5483 solvar
826 5442 858 5481 a
889 5429 1132 5483 vinculis
1178 5428 1389 5499 peccati
1421 5446 1435 5483 :
1465 5442 1535 5482 ne
1569 5427 1801 5497 posthac
1842 5434 2036 5497 regnet
2070 5441 2191 5480 ant-

603 5519 748 5590 pltus
783 5521 839 5575 in
882 5534 968 5575 tne
998 5534 1151 5574 mors
1184 5537 1198 5574 :
1233 5535 1302 5575 ne
1337 5519 1578 5589 amplius
1612 5517 1907 5573 adversum
1948 5532 2052 5572 nos
2079 5515 2193 5571 elli-

601 5627 703 5670 cax
741 5613 813 5670 sit
834 5614 1071 5669 malitia:
1095 5612 1529 5682 vitiositatisque
1557 5609 1831 5682 tyrannis,
1877 5625 1949 5665 ne
1982 5624 2193 5680 praeva-

603 5702 712 5757 leat
741 5706 1035 5761 adversum
1072 5720 1162 5762 me
1195 5704 1394 5773 hostis,
1426 5720 1532 5761 neu
1564 5719 1662 5774 per
1692 5711 1980 5774 peccatum
2015 5702 2194 5774 capti-

604 5805 735 5849 vum
797 5809 887 5850 me
940 5796 1107 5852 ducat
1149 5815 1164 5852 :
1202 5798 1302 5855 sed
1347 5796 1531 5854 veniat
1585 5811 1752 5867 super
1803 5811 1892 5851 me
1958 5810 2191 5865 regnum

2299 4602 2375 4656 οὐ
2397 4602 2507 4674 γὰρ
2533 4601 2680 4656 ἐστιν
2708 4599 2884 4663 ἄλλως
2904 4596 3127 4652 ἐκδύναι
3150 4596 3252 4667 τὴν
3280 4591 3521 4665 πονηρὰν
3545 4591 3649 4662 τῆς

2296 4692 2638 4755 δυναστείαν,
2691 4690 2766 4763 μὴ
2814 4689 2915 4761 τῆς
2968 4686 3231 4753 ζωοποιοῦ
3272 4684 3555 4761 δυνάμεως
3584 4680 3680 4751 ἐφ’
3723 4677 3855 4751 ἡμῶν

2288 4781 2837 4855 ἀντιμεταλαϐούσης
2887 4780 2950 4835 τὺ
2972 4778 3201 4852 κράτος.
3259 4776 3384 4833 Ἐὰν
3425 4770 3519 4833 οὖν
3564 4773 3749 4828 ἐλθεῖν
3788 4767 3851 4836 ἐφ’

2296 4876 2448 4946 ἡμᾶς
2472 4874 2572 4946 τὴν
2600 4872 2883 4945 βασιλείαν
2928 4868 3022 4925 τοῦ
3063 4868 3203 4925 Θεοῦ
3227 4868 3558 4938 αἰτήσωμέν,
3592 4863 3770 4921 ταῦτα
3805 4861 3849 4927 τῇ

2297 4966 2525 5040 δυνάμει
2547 4966 2642 5020 τὸν
2666 4965 2800 5020 Θεὸν
2828 4963 3161 5034 ἱκετεύομεν
3210 4957 3605 5031 Ἂπαλλαγείην
3622 4960 3726 5028 τῆς
3755 4954 3851 5023 (Pe?

2302 5062 2435 5133 ρᾶς,
2470 5058 2896 5131 ἐλευθερωθείην
2936 5055 3035 5112 τοῦ
3084 5054 3315 5109 θανάτου
3337 5094 3354 5120 ,
3385 5053 3568 5113 ἄνετος
3617 5051 3849 5119 γενοίμην

2296 5152 2407 5205 τῶν
2454 5152 2556 5223 τῆς
2598 5149 2870 5222 ἁμαρτίας
2905 5146 3151 5218 δεσμῶνο
3176 5144 3374 5217 μηκέτι
3406 5141 3736 5213 βασιλευέτω
3761 5137 3847 5192 κατ’

2300 5243 2436 5316 ἐμοῦ
2473 5245 2504 5297 ὁ
2549 5242 2812 5306 θάνατος’
2850 5239 3046 5312 μηκέτι
3073 5236 3294 5308 ἐνεργὸς
3329 5235 3471 5289 ἔστω
3498 5233 3623 5305 καθ’
3653 5232 3799 5304 ἡμῶν
3825 5228 3848 5295 ἡ

2253 5322 2261 5329 ⁸
2298 5336 2556 5407 τυραννὶς
2591 5335 2693 5405 τῆς
2740 5333 2973 5397 κακίας,
3014 5331 3113 5385 καὶ
3155 5328 3230 5399 μὴ
3264 5324 3686 5397 κατακρατείτω
3725 5319 3847 5393 μουό

2302 5427 2571 5497 πόλεμος,
2609 5425 2745 5496 μηδὲ
2780 5424 2961 5491 ἀγέτω
3013 5439 3078 5493 με
3107 5421 3172 5475 δι’
3201 5417 3471 5491 ἁμαρτίας
3498 5416 3843 5486 αἰχμάλωτον·

2300 5519 2416 5574 ἀλλ’
2444 5519 2646 5573 ἐλθέτω
2670 5518 2759 5572 ἐπ’
2786 5517 2889 5588 ἐμὲ
2912 5518 2946 5585 ἡ
2977 5513 3221 5586 βασιλεία
3257 5530 3373 5579 σου,
3409 5511 3497 5564 ἵνα
3543 5508 3841 5579 ὑποχωρήςῃ

2300 5612 2393 5665 ἀπ’
2441 5610 2609 5683 ἐμοῦ,
2664 5601 2866 5681 μᾶλλον
2902 5608 2962 5662 δὲ
3005 5608 3086 5670 είς
3118 5605 3178 5659 τὸ
3218 5605 3291 5675 μὴ
3318 5602 3381 5657 ὃν
3413 5603 3773 5673 μεταχωρήσῃ
3796 5594 3840 5645 τά
3891 5642 3893 5683 λ

2300 5703 2395 5758 νῦν
2433 5700 2835 5774 ἐπικρατοῦντα
2877 5700 2975 5753 καὶ
3013 5694 3365 5769 βασιλεύοντα
3415 5692 3584 5763 πάθη.
3643 5692 3732 5754 *Ως
3765 5686 3838 5756 γὰρ

2302 5792 2543 5847 ἐκλείπει
2567 5790 2773 5854 καπνὸς
2794 5830 2807 5854 ,
2838 5788 3013 5851 οὕτως
3038 5785 3347 5854 ἐκλείψουσι
3368 5800 3383 5816 ο
3423 5783 3518 5837 καὶ
3545 5781 3620 5842 ὡς
3657 5783 3838 5849 τήκεται
