4018 6372
116 411 307 505 ΙΗίὶἸ
1163 401 1249 458 DE
1282 399 1635 459 ORATIONE
1672 397 2021 456 DOMINICA.
2063 425 2137 439 —
2170 394 2433 452 ORATIO
2473 393 2558 451 Ill.
3344 400 3481 455 “58

116 522 349 595 ,κηρὸς
378 523 500 575 ἀπὸ
523 521 818 594 προσώπου
849 520 1042 591 πυρὸς,
1070 517 1244 583 οὕτως
1272 520 1621 591 ἀπολοῦνται.
1647 518 1786 574 Οὔτε

1909 531 2069 580 .uum,
2106 522 2165 570 ut
2208 516 2469 570 recedant
2499 523 2553 569 et
2580 522 2971 570 removeantur
3008 529 3039 569 a
3070 529 3181 579 me,
3210 514 3322 571 imo
3350 532 3483 571 vero

116 614 397 689 Ξκαπνδς
426 612 718 683 ἀναχεθεὶς
742 613 823 675 είς
850 612 941 665 τὸν
970 613 1129 682 ἀέρα,
1169 613 1396 684 σημεῖόν
1433 630 1484 665 τι
1524 616 1623 682 τῆς
1646 612 1784 673 ἰδίας

1909 610 1957 665 Id
2000 607 2233 661 nihilum
2265 606 2610 677 redigantur,
2639 622 2762 677 quae
2784 621 2934 661 nunc
2964 606 3257 676 imperium
3291 616 3481 662 tenent

116 752 117 755 η
146 703 555 758 ὑπολείπεται
582 701 829 769 φύσεως,
875 700 997 754 οὔτε
1039 701 1207 772 κηρὸς
1238 703 1297 753 ὲν
1326 702 1460 771 πυρὶ
1497 700 1785 769 γενόμενος

1909 708 1940 753 :t
1973 705 2210 768 regnant
2256 699 2413 761 vitia,
2463 706 2629 768 atque
2673 696 2927 752 affectus.
2981 695 3051 751 Ut
3102 699 3248 752 enim
3296 698 3483 753 deﬁcit

116 774 123 851 ξ
148 794 245 847 ἔτι
280 793 659 865 εὑρίσκεται·
690 790 826 845 ἀλλά
860 793 951 845 καὶ¹
981 787 1138 856 οὗτος
1166 793 1264 864 τὴν
1291 792 1465 862 φλόγα
1490 793 1557 845 δι’
1590 790 1786 847 ἑαυτοῦ

1909 792 2094 854 'umus,
2144 790 2221 843 ita
2271 789 2554 853 deﬁcient,
2600 797 2655 845 et
2698 796 2759 843 ut
2808 790 3066 860 liquescit
3118 804 3245 844 cera
3291 805 3479 844 coram

116 936 123 963 ζ
151 884 422 955 θρέψας,
455 885 537 946 είς
558 882 727 953 ἀτμὸν
758 882 851 936 καὶ
875 882 1012 954 ἀέρα
1042 882 1395 954 μετεποιήθη,
1422 883 1516 936 καὶ
1540 882 1789 945 δκαπνὸς

1910 897 2034 952 gne,
2074 882 2152 936 ita
2202 880 2486 951 peribunt.
2523 880 2711 951 Neque
2740 882 2889 936 enim
2937 881 3125 937 fumus
3168 882 3389 937 refusus
3425 882 3481 936 in

116 1028 119 1043 π
154 978 248 1039 είς
284 975 553 1046 παντελῆ
591 976 899 1046 ἀφανισμὸν
940 974 1358 1047 μετεχώρησεν·
1415 976 1587 1041 οὕτως
1619 976 1713 1029 ἐὰν
1752 977 1788 1049 ἡ

1909 990 2072 1031 berem
2126 975 2345 1047 signum
2378 974 2603 1043 aliquod
2652 990 2765 1030 suae
2795 976 3057 1044 relinquit
3107 976 3341 1039 natura,
3386 991 3481 1029 ne-

114 1115 123 1147 1
160 1065 448 1136 βασιλεία
478 1067 572 1121 τοῦ
602 1067 741 1119 Θεοῦ
773 1067 858 1136 ἐφ’
888 1068 1035 1137 ἡμᾶς
1070 1068 1221 1139 ἔλθῃ,
1250 1068 1430 1122 πάντα
1457 1069 1527 1122 τὰ
1548 1067 1643 1122 νῦν
1673 1068 1793 1120 ἔπι-

1909 1081 1997 1137 ιιιε
2028 1080 2179 1133 cera,
2214 1082 2338 1137 qua:
2366 1066 2420 1119 in
2450 1067 2576 1137 igne
2616 1066 2741 1132 fuit,
2775 1068 3013 1136 amplius
3037 1068 3352 1137 reperitur:
3384 1066 3481 1122 sed

114 1158 543 1241 Ixpaxcoi'rrma,
596 1160 677 1221 είς
726 1159 1037 1228 ἀφανισμὸν
1097 1160 1506 1231 περιστήσεται.
1562 1158 1636 1212 Ού
1682 1158 1791 1230 γὰρ

1909 1165 1945 1212 ξι
1984 1157 2098 1211 haec
2134 1173 2261 1212 cum
2313 1156 2589 1212 flammam
2638 1173 2740 1212 suo
2788 1159 3131 1213 nutrimento
3161 1161 3379 1223 aluerit,
3423 1160 3480 1215 in

114 1304 117 1311 _
164 1250 471 1321 ὑπομένει
514 1249 575 1301 τὸ
612 1248 802 1311 σκότος
839 1248 937 1320 τὴν
985 1248 1079 1302 τοῦ
1125 1249 1305 1317 φωτὸς
1354 1248 1689 1321 παρουσίαν·
1727 1248 1789 1301 οὐ

1909 1261 2149 1317 ιεροτειιι
2193 1255 2246 1301 ει
2277 1262 2456 1302 aerem
2487 1246 2919 1312 transfunditur,
2971 1256 3027 1302 et
3049 1247 3233 1304 fucinus
3268 1252 3333 1303 ad
3369 1250 3484 1319 ple-

164 1343 346 1405 νόσος
400 1340 594 1409 ὑγείας
640 1339 1006 1412 ἐπιλαϐούσης
1036 1341 1271 1394 ἴσταται“
1319 1340 1420 1395 οὐκ
1469 1343 1683 1412 ἐνεργεῖ
1724 1338 1791 1394 τὰ

1909 1353 2018 1393 iam
2063 1339 2423 1394 abolitionem
2482 1339 2751 1409 redigitur
2785 1340 2899 1394 :ita
2949 1341 2994 1395 si
3044 1356 3212 1410 super
3247 1357 3348 1396 nos
3395 1358 3483 1397 re-

114 1420 121 1499 ξ
166 1435 341 1505 πάθη
394 1434 506 1504 τῆς
554 1432 821 1496 ἀπαθείας
865 1432 1167 1505 παρούσης,
1213 1432 1441 1505 φροῦδος
1471 1435 1500 1487 6
1531 1433 1789 1498 θάνατος,

1909 1447 2059 1502 gnum
2106 1431 2201 1487 Dei
2240 1430 2476 1492 venerit,
2534 1431 2742 1495 omnia,
2785 1446 2906 1501 quae
2939 1447 3088 1487 nunc
3121 1433 3483 1489 dominantur

116 1512 121 1587 ί
167 1527 412 1597 ἀφανὴς
444 1527 483 1597 ἠ
530 1525 727 1597 φθορὰ,
766 1526 896 1597 ὅταν
926 1527 961 1597 ὴ
986 1525 1098 1596 ζωὴ
1122 1528 1181 1580 ἐν
1219 1526 1349 1596 ἡμῖν
1377 1525 1668 1599 βασιλεύῃ,
1698 1525 1794 1579 καὶ

1909 1539 1961 1578 ιο
2007 1522 2378 1593 principatum
2423 1530 2631 1588 tenent,
2684 1524 2750 1577 ad
2804 1523 3087 1579 interitum
3139 1527 3479 1596 redigentur.

114 1594 119 1693 ζ
170 1594 490 1691 ἀερθαρσία
517 1620 580 1671 τδ
610 1594 815 1690 κράτος.
839 1594 960 1691 ιχῃζ
1001 1594 1310 1689 arma
1336 1594 1632 1685 βασιλειᾷ
1652 1634 1790 1675 σου.

1909 1614 2014 1669 Non
2036 1614 2188 1669 'enim
2216 1614 2457 1668 tenebrae
2488 1614 2837 1685 praesentiam
2864 1616 3005 1671 lucis
3038 1617 3313 1675 sustinent
3338 1637 3350 1672 :
3374 1634 3482 1673 non

114 1700 117 1777 ί
184 1710 252 1763 ΊΙ
285 1710 529 1779 γλυκεῖα
559 1711 708 1780 φωνή
730 1726 743 1739 ·
775 1708 841 1761 δι’
878 1702 945 1780 ἦς
985 1707 1189 1778 ταύτην
1218 1708 1477 1779 ἄντικρυς
1521 1707 1796 1777 προσάγο-

1909 1705 2125 1761 morbus
2169 1705 2407 1760 sanitate
2443 1706 2863 1775 superveniente
2903 1708 3160 1762 consistit
3188 1723 3205 1761 :
3230 1724 3338 1763 non
3375 1710 3483 1763 vim

178 1817 289 1867 μεν
335 1799 418 1870 τῷ
460 1797 579 1868 Θεῷ
609 1798 705 1869 τὴν
733 1797 917 1868 δέησιν
937 1812 950 1825 ·
982 1796 1412 1868 Καταλυθήτωή
1441 1797 1789 1867 ἀντικειμένη

1909 1814 2057 1854 suam
2090 1796 2319 1852 aﬂ’cctus
2357 1805 2411 1852 et
2448 1797 2897 1867 perturbationes
2937 1811 3218 1867 exercent,
3261 1802 3483 1872 impati-

112 1862 119 1893 ι
177 1862 562 1964 ξαράταξιςο-
584 1862 937 1959 ἀφανισθητω
970 1887 1080 1941 τῶν
1119 1862 1434 1956 ἀλλοιρύλων
1470 1890 1503 1959 ή
1541 1862 1789 1956 φάλαγξ,

1909 1891 2106 1945 oilitate
2160 1896 2214 1943 et
2266 1890 2461 1942 horum
2511 1890 2784 1943 malorum
2838 1892 3115 1947 vacuitate
3166 1902 3484 1962 praesente:

178 1982 549 2054 ἀναιρεθήτω
581 1981 683 2052 τῆς
714 1980 921 2052 σαρκὸς
964 1981 992 2033 6
1032 1979 1177 2033 κατὰ
1219 1979 1314 2034 τοῦ
1349 1980 1660 2051 πνεύματος
1692 1979 1790 2033 πό-

1909 1994 2038 2034 vana
2083 1989 2248 2049 atque
2287 1978 2507 2035 deserta
2559 1994 2710 2037 mors
2758 1990 2866 2045 est,
2905 1999 2935 2036 e
2971 1983 3157 2038 medio
3204 1987 3487 2055 (orrupli‘o

111 2138 119 2161 .
178 2080 396 2151 λεμης·
445 2078 521 2149 μὴ
566 2077 707 2130 εστω
747 2076 809 2131 τδ
848 2076 1007 2147 σῶμα
1045 2075 1139 2129 τοῦ
1181 2075 1438 2147 πολεμίου
1472 2077 1572 2148 τῆς
1611 2076 1790 2148 ψυχῆς

1909 2072 2156 2136 excessit,
2198 2088 2325 2127 cum
2370 2072 2477 2126 vita
2517 2072 2571 2126 in
2621 2074 2782 2129 nobis
2814 2083 3027 2144 regnat,
3065 2085 3120 2131 et
3152 2076 3485 2148 incorrupti-

112 2164 119 2243 ξ
183 2172 575 2244 ὁρμητήριον,
619 2169 935 2240 ὲπιφανήτω
970 2186 1059 2240 μοι
1093 2168 1345 2241 βασιλικὴ
1386 2168 1705 2233 δυναστεία,
1752 2171 1785 2241 ἡ

1909 2166 2084 2221 bilitas
2148 2164 2438 2234 imperium
2497 2172 2668 2219 tenet.
2732 2166 2987 2220 Adreniat
3039 2184 3254 2237 regnum
3315 2178 3482 2223 tuum.

112 2252 117 2334 ί
187 2263 478 2334 ἀγγελικὴ
506 2262 650 2334 χεὶρ,
673 2264 726 2316 al
758 2261 996 2333 χιλιάδες
1015 2260 1123 2314 τῶν
1148 2260 1498 2325 εὐθυνόντων,
1534 2263 1567 2331 ἡ
1593 2260 1793 2332 μυριὰς

112 2349 119 2431 ξ
186 2356 307 2410 τῶν
348 2354 497 2410 κατὰ
533 2354 594 2408 τὸ
625 2352 797 2421 δεξιὸν
825 2352 1275 2423 παρισταμένων,
1318 2352 1404 2406 ἵνα
1436 2351 1577 2425 πέσῃ
1606 2354 1670 2405 ἐκ
1698 2349 1791 2404 τοῦ

110 2434 118 2521 ξ
191 2446 596 2518 ἀντικειμένου
643 2442 861 2508 κλίτους
899 2446 933 2514 ἡ
984 2441 1164 2514 χιλιὰς
1212 2441 1320 2497 τῶν
1376 2442 1790 2514 πολεμούντων·

110 2532 119 2615 ί
190 2543 373 2605 πολὺς
401 2542 429 2594 6
454 2538 746 2602 ἀντίπαλος
768 2578 780 2601 ,
816 2535 953 2590 ἀλλὰ
984 2538 1098 2599 τοῖς
1132 2537 1361 2606 ἐρήμοις
1384 2534 1487 2606 τῆς
1530 2534 1630 2604 σῆς
1658 2552 1796 2605 συμ-

110 2622 117 2709 Ῐ
197 2632 412 2705 μαχίας
426 2629 596 2694 δεινός
620 2646 678 2682 τε
701 2628 794 2683 καὶ
815 2626 1260 2698 ἁκαταμάχητος,
1284 2624 1398 2679 ἀλλ’
1425 2625 1530 2688 ἕως
1546 2623 1611 2678 ἂν
1636 2624 1794 2693 μόνος

110 2724 115 2796 ί
193 2728 223 2779 6
272 2722 687 2793 πολεμούμενος
828 2718 1047 2773 ἐπειδὰν
1078 2718 1134 2773 δὲ
1162 2720 1195 2790 ή
1227 2718 1293 2789 σὴ
1326 2715 1572 2787 βασιλεία
1612 2717 1752 2786 φανῇ
1774 2758 1790 2782 ,

110 2794 117 2825 ί
196 2814 422 2885 ἀπέδρα
463 2812 609 2883 λύπη
653 2794 747 2864 καλ⁵
774 2809 1077 2881 στεναγμός
1097 2824 1111 2836 ⁸
1141 2807 1545 2878 ἀντεισέρχεται
1573 2806 1628 2859 δὲ
1656 2805 1789 2876 ζωὴ,

110 2886 115 2917 ⁵
197 2906 299 2958 καὶ
322 2902 538 2973 εἰρήνη,
562 2902 654 2954 καὶ
680 2899 1015 2969 ἀγαλλίαμα.

1900 2256 2089 2311 Dulcis
2115 2270 2217 2310 vox
2247 2274 2260 2311 :
2290 2271 2389 2325 per
2413 2270 2578 2326 quam
2617 2255 2761 2311 hanc
2793 2258 2953 2327 plane
2978 2261 3349 2328 precationem
3377 2260 3487 2316 Deo

1901 2347 2181 2405 oderimus
2236 2367 2250 2401 :
2306 2345 2614 2417 Rumpatur
2681 2350 2829 2405 acies
2884 2352 3189 2421 Opposita:
3240 2353 3488 2410 deleatur

1902 2439 2335 2508 alienigenarum
2391 2438 2656 2509 phalanx,
2709 2441 3005 2497 dirimatur
3052 2443 3252 2498 bellum
3303 2446 3489 2501 carnis

1901 2531 2170 2587 adversus
2203 2531 2456 2603 Spiritum
2490 2549 2505 2588 :
2534 2549 2603 2589 ne
2642 2547 2847 2605 corpus
2879 2535 3075 2590 animm
3100 2536 3279 2592 hostis
3313 2532 3410 2591 ari
3436 2548 3491 2593 et

1902 2621 2314 2692 receptaculum
2342 2622 2447 2688 sit;
2477 2633 2739 2694 appareat
2761 2625 2894 2679 mihi
2929 2628 3115 2698 regius
3140 2637 3481 2697 potentatus,

1900 2712 2148 2783 angelica
2210 2726 2448 2775 manus,
2499 2712 2757 2769 cohortes
2822 2718 3129 2786 regentium
3188 2736 3201 2772 :
3260 2719 3402 2789 legio
3459 2735 3489 2773 a

1899 2801 2115 2858 dextris
2150 2804 2552 2871 assistentium,
2603 2813 2663 2859 ut
2702 2805 2900 2860 cadant
2930 2823 2994 2862 ex
3032 2810 3282 2878 opposita
3337 2820 3493 2882 parte

1908 2895 2272 2965 pugnantium
2321 2895 2509 2951 decem
2566 2897 2782 2952 millia:
2818 2915 3049 2955 numero
3079 2902 3243 2971 pollet
3291 2919 3356 2958 ac
3399 2921 3493 2959 ve-

200 2999 434 3051 hemens
466 3002 549 3049 est
583 2993 955 3055 adversarius,
1003 2991 1229 3053 sedtuo
1271 2988 1477 3044 auxilio
1508 2988 1786 3044 destitutis
1825 3001 1951 3043 acer
1995 3000 2049 3045 et
2106 2989 2368 3055 invictus,
2408 2990 2504 3045 sed
2571 2992 2816 3062 quandiu
2872 2993 3025 3049 solus
3080 2996 3243 3051 fuerit
3279 2998 3347 3064 is,
3399 2999 3491 3068 qui

202 3087 351 3142 bello
382 3092 638 3156 petatur:
674 3099 797 3139 cum
873 3091 1056 3138 autem
1129 3091 1281 3137 tuum
1344 3096 1573 3153 regnum
1642 3080 1979 3151 apparuerit,
2031 3080 2240 3136 recedit
2284 3081 2465 3149 dolor,
2514 3083 2762 3148 tristitia,
2807 3094 2860 3139 et
2894 3086 3133 3157 gemitus
3169 3104 3181 3140 :
3220 3096 3386 3159 atque
3436 3090 3490 3142 in

203 3197 399 3241 eorum
439 3183 618 3236 locum
650 3181 781 3246 vita,
810 3195 943 3250 pax,
982 3186 1037 3235 et
1076 3177 1371 3235 exsultatio
1399 3176 1724 3234 succedunt.

275 3268 353 3330 Ἦ
386 3273 566 3337 καθὼς
604 3275 737 3345 ἡμῖν
770 3273 873 3326 ὑπὸ
903 3271 997 3326 τοῦ
1034 3273 1221 3326 Λουκᾶ
1252 3271 1311 3326 τὸ
1336 3271 1469 3325 αὐτὸ
1492 3270 1669 3341 νόημα
1701 3288 1796 3323 σα-

1967 3270 2053 3325 Δη
2098 3259 2358 3335 forsitan,
2396 3273 2456 3322 ut
2496 3283 2526 3322 a
2568 3266 2720 3323 Luca
2766 3269 2927 3324 nobis
2978 3270 3121 3325 idem
3180 3271 3496 3331 intellectus

208 3369 473 3441 φέστερον
509 3365 890 3441 ἑρμηνεύεται,
921 3368 949 3420 6
975 3366 1073 3438 τὴν
1103 3364 1379 3438 βασιλείαν
1408 3362 1581 3417 ἐλθεῖν
1610 3361 1798 3429 ἀξιῶν,

209 3461 314 3532 τὴν
364 3458 458 3513 τοῦ
509 3460 666 3528 ἀγίου
726 3457 1041 3529 Πνεύματος
1114 3456 1432 3528 συμμαχίαν
1480 3456 1797 3522 ὲπιὸοᾶται;

214 3552 404 3615 υῦτως
449 3550 557 3623 γὰρ
595 3543 653 3603 ὲν
695 3550 889 3621 ἐκείνῳ
944 3548 1265 3620 Εὑαγγελίῳ
1316 3550 1502 3621 φησιν,
1536 3549 1656 3603 ἀντὶ
1705 3546 1800 3601 τοῦ

226 3643 477 3699 Ἐλθέτω
497 3644 535 3711 ἡ
554 3642 842 3707 ,ϐασιλεία
870 3657 1013 3706 σου,
1046 3640 1320 3707 Ἐλθέτω,
1362 3642 1516 3711 φησι,
1539 3640 1604 3694 τὸ
1629 3639 1803 3710 ἅγιον

217 3736 455 3807 Πνεῦμά
488 3752 607 3790 σου
633 3736 725 3805 ἐφ’
758 3733 937 3805 ἡμᾶς,
966 3735 1064 3790 καί
1105 3736 1481 3805 καθαρισάτω
1517 3732 1695 3803 ἡμᾶς.
1736 3732 1802 3786 Τί

108 3828 111 3897 ί
219 3828 431 3896 ἐροῦσιν
476 3829 526 3880 οἱ
555 3825 1061 3899 θρασυστομοῦντες
1115 3827 1255 3898 πρὸς
1302 3825 1475 3879 ταῦτα
1523 3825 1664 3880 κατὰ
1705 3824 1801 3879 τοῦ

222 3918 533 3989 Πνεύματος
558 3917 653 3971 τοῦ
685 3917 870 3985 ἁγίου;
902 3917 1021 3970 Τίνι
1052 3917 1258 3988 διανοίᾳ
1280 3917 1378 3989 τὴν
1400 3916 1499 3988 τῆς
1529 3916 1804 3988 βασιλείας

223 4008 377 4075 ἀξίαν
423 4011 500 4071 είς
550 4008 913 4078 ταπεινότητα
966 4007 1211 4072 δουλείας
1261 4005 1801 4080 μετασκευάζουσιν;

230 4102 298 4153 Ὅ
324 4099 425 4170 γὰρ
453 4100 666 4161 Λουκᾶς
716 4098 815 4169 μὲν
848 4098 1073 4169 Πνεῦμα
1111 4098 1267 4168 ἅγιον
1315 4099 1486 4168 λέγει,
1525 4099 1806 4162 Ματθαὼς

224 4191 284 4244 δὲ
311 4189 575 4261 βασιλείαν
601 4188 876 4260 ὠνόμασε.
906 4189 1023 4254 πῶς
1053 4192 1132 4252 είς
1157 4189 1257 4261 τὴν
1286 4190 1596 4261 ὑποχείριον
1628 4190 1806 4244 κτίσιν

228 4276 573 4332 κατασπῶσιν
606 4278 654 4329 οἱ
697 4275 980 4348 θεομάχοι,
1024 4278 1144 4332 ἀντὶ
1179 4279 1279 4348 τῆς
1315 4279 1705 4352 βασιλευούσης
1737 4281 1805 4351 τῇ

232 4367 610 4440 βασιλευομένῃ
666 4368 1205 4435 συγκατατάσσοντες
1261 4371 1453 4439 (ptiust;
1516 4372 1581 4426 ’Π
1632 4372 1807 4437 κτίσις

229 4456 479 4519 δουλεύει,
528 4458 560 4525 ἡ
609 4455 665 4509 δὲ
715 4455 930 4510 δουλεία
992 4455 1238 4526 βασιλεία
1270 4457 1371 4512 οὐκ
1417 4457 1589 4539 ἔστιν.
1631 4458 1705 4511 Τὸ
1749 4458 1809 4512 δὲ

231 4547 447 4619 Πνεῦμα
473 4548 534 4602 τὸ
582 4548 735 4618 ἆγιον
783 4548 1034 4620 βασιλεία
1058 4550 1224 4604 ὲστίν.
1262 4548 1473 4603 Οὐκοῦν
1517 4549 1621 4618 τῆς
1668 4549 1809 4603 κατά

1903 3359 2122 3432 planius
2167 3360 2497 3430 explicatur,
2550 3359 2597 3413 is
2636 3361 2729 3429 qui
2777 3368 2918 3422 orat.
2961 3368 3021 3415 ut
3066 3379 3294 3435 regnum
3335 3367 3496 3421 adu-—

1903 3453 2039 3515 niat,
2078 3450 2344 3505 auxilium
2396 3451 2573 3506 sancti
2608 3448 2850 3520 Spiritus
2890 3452 3189 3523 implorat?
3248 3455 3384 3510 Nam
3449 3461 3495 3514 is

1904 3540 1960 3595 in
2002 3539 2097 3594 illo
2130 3536 2452 3610 Evangelia,
2491 3554 2589 3609 pro
2618 3554 2705 3603 eo,
2747 3539 2894 3609 quod
2927 3549 3032 3604 est,
3059 3535 3248 3595 Veniat
3273 3560 3491 3614 regnum

1906 3642 2052 3687 tuum
2075 3672 2090 3698 ,
2131 3630 2393 3687 Adveniat
2415 3673 2430 3698 ,
2464 3630 2683 3701 inquit,
2735 3640 2945 3686 sanctus
2979 3630 3215 3701 Spi'itus
3253 3643 3373 3689 tuus
3404 3653 3495 3691 su-

1903 3739 1996 3792 per
2036 3738 2162 3790 nos,
2208 3730 2257 3777 et
2285 3722 2531 3791 puriﬁcet
2578 3737 2695 3775 nos.
2752 3720 2892 3788 Quid
2940 3725 3247 3780 temerariae
3294 3727 3495 3798 linguae

1907 3814 2162 3871 homines
2210 3808 2281 3870 ad
2331 3814 2448 3869 haec
2506 3812 2694 3869 dicent
2747 3814 2816 3870 de
2864 3813 3074 3885 Spiritu
3128 3821 3494 3891 sanctoiqua

1904 3917 2108 3973 mente,
2139 3922 2252 3978 qua
2290 3907 2584 3970 sententia,
2612 3920 2792 3976 quove
2837 3908 3120 3964 intellectu
3167 3912 3371 3982 regiam
3411 3913 3497 3967 dic

1906 4002 2168 4071 gnitatem
2206 3999 2274 4054 ad
2309 3999 2674 4054 humilitatem
2701 3999 2953 4055 servilem
2984 4002 3318 4058 traducunt?
3357 4004 3492 4061 Nam

1906 4091 2186 4162 quomodo
2213 4090 2405 4147 hostes
2436 4089 2533 4146 Dei
2559 4090 2636 4154 id,
2666 4092 2816 4162 quod
2854 4091 3033 4148 Lucas
3060 4094 3283 4164 quidem
3322 4096 3499 4167 Spiri-

1907 4194 2026 4241 tum
2067 4196 2321 4242 sanctum
2361 4184 2515 4271 dicit,
2564 4186 2853 4245 Mattbzeus
2882 4198 3069 4245 autem
3119 4205 3351 4262 regnum
3393 4209 3498 4248 no—

1907 4278 2157 4342 minavit,
2192 4277 2261 4333 ad
2300 4278 2579 4334 subditam
2608 4286 2864 4333 naturam
2906 4280 3229 4348 detrahunt,
3264 4284 3383 4338 vice
3410 4300 3497 4339 re-

1908 4371 2131 4442 gnantis
2188 4386 2315 4426 cum
2371 4386 2455 4436 ea,
2508 4386 2632 4441 qua:
2683 4387 2856 4442 regno
2908 4373 3129 4429 subdita
3178 4383 3263 4429 est
3301 4386 3498 4431 natura

1910 4463 2284 4518 collocantes?
2320 4462 2589 4517 Creatura
2637 4464 2831 4525 servit,
2879 4471 2935 4518 at
2977 4465 3219 4522 servitus
3266 4483 3498 4539 regnum

1912 4570 2018 4609 non
2069 4562 2173 4608 est.
2232 4552 2475 4624 Spiritus
2520 4562 2706 4609 autem
2753 4563 2984 4611 sanctus
3023 4572 3253 4629 regnum
3298 4569 3407 4615 est.
3454 4562 3499 4615 A

233 4637 328 4708 τὴν
358 4637 525 4692 κτίσιν
556 4637 841 4703 κοινωνίας
884 4638 1232 4712 κεχώρισται.
1274 4642 1340 4693 Ὃ
1374 4640 1483 4711 γὰρ
1508 4639 1803 4710 βασιλεύει,

1916 4645 2308 4701 communione
2344 4645 2514 4716 igitur
2541 4653 2707 4717 atque
2738 4648 3005 4703 societate
3040 4626 3308 4706 creaturae
3340 4666 3503 4722 sepa-

235 4730 298 4783 ού
342 4728 702 4799 βασιλεύεται·
733 4729 762 4783 6
806 4730 861 4784 δὲ
913 4730 988 4801 μὴ
1042 4729 1409 4801 βασιλεύεται,
1458 4731 1579 4786 οὐδὲ
1628 4732 1803 4796 κτίσις

238 4820 394 4877 ἐστίν.
424 4820 582 4875 ἰδιον
617 4820 725 4893 γὰρ
754 4822 853 4893 τῆς
883 4822 1117 4886 κτίσεως
1143 4822 1206 4875 τὸ
1232 4822 1503 4877 δουλεύειν
1542 4824 1716 4880 ἐστίν.
1742 4825 1807 4878 Ei

239 4910 329 4968 οὖν
352 4913 586 4985 βασιλεία
616 4914 678 4968 τὸ
708 4914 956 4985 Πνεῦμα,
1002 4914 1119 4980 πῶς
1155 4915 1254 4986 οὐχ
1292 4916 1684 4987 ὁμολογήσουσι
1708 4918 1807 4987 τὴν

241 5006 559 5073 δεσποτείαν,
586 5009 635 5060 οἱ
669 5006 805 5077 μηδὲ
848 5006 1248 5078 προσεύχεσθαι
1291 5007 1513 5062 πώποτε
1556 5009 1806 5081 μεμαθη-

245 5095 414 5163 κότες;
436 5099 498 5150 Oi
531 5098 669 5169 μηδὲ
699 5098 921 5162 εἰδότες,
950 5098 1032 5163 τίς
1062 5100 1092 5151 6
1129 5099 1440 5171 καθαρίζων
1459 5101 1520 5154 τὸ
1553 5117 1809 5155 κεκοινω-

252 5188 425 5262 μένονς
455 5189 551 5251 Τίς
571 5189 629 5243 δὲ
660 5189 689 5242 6
716 5190 816 5261 τῆς
844 5189 1117 5261 βασιλείας
1145 5191 1513 5264 ἐξηρτημένος
1534 5193 1631 5265 τὴν
1659 5194 1809 5260 ἐξου-

252 5275 387 5342 σίαν;
418 5276 668 5332 Ἐλθέτω
686 5278 753 5333 τὸ
777 5278 950 5348 ἅγιον
968 5279 1213 5348 Πνεῦμά
1230 5295 1368 5344 σου,
1399 5283 1551 5351 φησι,
1583 5281 1682 5336 καὶ
1712 5298 1812 5336 κα-

252 5368 522 5443 θαρισᾴτω
554 5368 732 5440 ἡμᾶς.
767 5370 978 5425 Οὐκοῦν
1015 5372 1120 5426 ίδία
1153 5390 1212 5425 τε
1261 5373 1357 5426 καὶ⁵
1397 5373 1675 5445 ἐξαίρετος
1716 5373 1811 5428 τοῦ

254 5461 390 5531 ἁγίου
423 5460 562 5514 Πνεύ
570 5478 739 5532 ματος
761 5461 989 5534 δύναμίς
1010 5480 1071 5517 τε
1110 5464 1515 5536 καὶ”ὲνέργεια.
1537 5466 1599 5520 τὸ
1622 5467 1814 5521 καθαί-

262 5568 360 5625 ρειν
380 5568 431 5604 τε
460 5552 557 5605 καὶ
587 5552 806 5621 ἀφιέναι
836 5553 938 5617 τὰς
966 5554 1265 5626 ἁμαρτίας.
1292 5555 1368 5618 ὡς
1396 5557 1426 5609 ὀ
1460 5555 1813 5625 εὐαγγελικὸς

265 5644 393 5711 λόγος
415 5642 768 5715 μαρτύρεται.
794 5643 1000 5698 Οὐκοῦν
1028 5645 1172 5718 ότὴν
1193 5646 1423 5717 δύναμιν
1444 5647 1542 5719 τῆς
1565 5648 1814 5716 ἀφέσεως

263 5734 389 5806 αὐτῷ
431 5735 539 5789 τῶν
590 5736 873 5807 ἁμαρτιῶν
920 5734 1813 5812 μαρτυρήσας,’συνεμαρτύρησε

266 5833 450 5891 πάντως
476 5826 625 5899 αὐτῷ
644 5827 751 5919 τὴν
772 5827 1018 5898 θεότητα.
1049 5829 1122 5882 T6
1140 5828 1197 5883 δὲ
1228 5830 1358 5884 αὐτὸ
1383 5830 1539 5885 τοῦτο
1566 5831 1660 5885 καὶ
1686 5830 1812 5901 περὶ

1913 4741 2069 4790 ratus
2092 4743 2203 4789 est.
2238 4733 2395 4801 Quod
2431 4734 2577 4791 enim
2616 4744 2831 4806 regnat,
2863 4751 3034 4807 regno
3058 4737 3345 4795 subditum
3389 4756 3501 4796 non

1913 4834 1997 4882 est
2036 4843 2050 4879 :
2086 4824 2235 4896 quod
2291 4835 2475 4882 autem
2536 4842 2709 4897 regno
2752 4827 3041 4901 auditum
3096 4845 3207 4886 non
3268 4842 3373 4897 est,
3432 4849 3503 4890 ne

1915 4927 2171 4973 creatura
2225 4918 2443 4988 quidem
2493 4927 2598 4974 est.
2632 4918 2772 4974 Nam
2813 4922 3034 4977 servire
3072 4931 3341 4978 creatura:
3373 4939 3503 4993 pro-

1915 5008 2097 5077 prium
2128 5015 2234 5063 est.
2271 5006 2329 5061 Si
2368 5007 2537 5078 igitur
2570 5006 2817 5078 Spiritus
2860 5019 3089 5068 sanctus
3120 5027 3347 5083 regnum
3393 5022 3502 5077 est,

1915 5098 2011 5169 qui
2047 5098 2126 5164 tit,
2157 5109 2218 5154 ut
2266 5114 2375 5154 non
2409 5100 2780 5156 conﬁteantur
2807 5101 3259 5165 dominationem,
3287 5105 3385 5175 qui
3433 5121 3501 5159 ne

1918 5206 2076 5246 orare
2104 5190 2330 5260 quidem
2367 5205 2609 5261 unquam
2660 5190 3007 5248 didicerunt?
3039 5193 3133 5263 qui
3182 5209 3250 5249 ne
3302 5207 3505 5250 norunt

1916 5280 2141 5351 quidem
2189 5279 2316 5350 quis
2366 5279 2441 5335 sit
2495 5280 2591 5349 qui
2649 5281 2903 5350 puriﬁcet
2955 5283 3337 5353 inquinatum?
3380 5287 3506 5356 quis

1920 5371 2053 5425 item
2101 5369 2149 5425 is
2191 5384 2222 5423 a
2272 5385 2385 5440 quo
2433 5370 2671 5441 pendeat
2709 5372 2863 5442 regni
2912 5373 3199 5443 potestas?
3243 5373 3505 5431 Adveniat

1920 5471 2134 5516 sanctus
2166 5462 2402 5531 Spiritus
2434 5473 2577 5525 tuus,
2607 5461 2808 5532 inquit,
2844 5473 2895 5518 et
2932 5466 3179 5534 puri/ica
3212 5482 3329 5521 nos.
3362 5467 3507 5538 Ergo

1921 5556 2144 5625 propria
2209 5556 2417 5625 pariter
2477 5565 2534 5610 et.
2601 5555 2804 5609 eximia
2864 5557 3274 5625 pecnliarisque
3330 5561 3506 5613 sancti

1922 5646 2167 5717 Spiritus
2213 5646 2392 5702 virtus
2426 5653 2481 5701 et
2528 5644 2770 5702 eﬂicacia
2806 5656 2912 5710 est,
2951 5656 3013 5703 ut
3057 5657 3112 5704 et
3145 5648 3418 5718 puriﬁcet,
3453 5658 3508 5704 et

1920 5738 2169 5793 remittat
2191 5745 2447 5809 peccata:
2468 5736 2932 5808 quemadmodum
2950 5740 3300 5811 evangelicus
3326 5755 3508 5797 sermo

1920 5837 2176 5886 testatur.
2215 5829 2488 5895 Quocirca
2528 5829 2621 5899 qui
2669 5836 2901 5887 testatur
2941 5845 3066 5887 eum
3105 5830 3309 5887 habere
3346 5838 3506 5901 pote-
