4018 6388
522 405 658 465 1159

1755 397 1813 454 S.
1845 396 2171 454 GRECORII
2208 400 2506 457 NYSSENI

3607 380 3766 466 uso

519 488 720 576 statera.
767 514 1077 573 remittendi
1131 520 1387 584 peccata,
1433 510 1595 567 simul
1638 513 1801 567 etiam
1855 529 2080 581 prorsus

2192 514 2272 568 τοῦ
2302 514 2639 582 Μονογενοῦς
2664 533 2825 586 φησιν
2856 519 2884 570 ὀ
2929 516 3263 585 Ἀπόστολος,
3292 517 3374 572 ὅτι
3404 520 3765 592 καθαρισμὸν

516 625 640 665 eum
672 608 927 662 deitatem
976 607 1179 660 habere
1224 612 1476 660 testatur.
1527 603 1704 672 Atque
1748 604 1853 658 hoc
1897 604 2076 675 ipsum

516 699 681 753 etiam
705 697 772 750 de
802 696 1090 765 Unigenito
1107 695 1183 749 ait
1207 695 1525 765 Apostolus,
1552 694 1696 763 quod
1727 704 2079 764 posteaquam

519 787 955 857 purificationem
1008 795 1354 855 peccatorum
1410 784 1728 851 confecerit,
1775 784 1963 840 sedeat
2010 785 2078 840 ad

517 881 791 934 dexteram
834 877 1137 948 maiestatis
1158 875 1360 931 Patris.
1393 874 1572 929 Unum
1603 875 1770 945 igitur
1787 874 2078 942 amborum

517 980 602 1023 est
655 984 794 1038 opus
852 976 908 1022 et
963 963 1303 1035 puriﬁeantis
1351 971 1634 1033 peceatum
1700 959 1965 1031 Spiritus,
2026 970 2081 1017 et

518 1060 743 1121 Christi,
792 1058 884 1126 qui
938 1063 1281 1125 peccatorum
1327 1053 1757 1124 puriﬁcationem
1809 1054 2077 1123 praestitit.

526 1150 647 1222 [(a)
701 1149 945 1215 Quorum
998 1154 1182 1201 autem
1232 1159 1342 1200 una
1387 1143 1674 1213 euidentia
1720 1150 1834 1208 est,
1890 1158 2078 1199 eorum

524 1243 686 1297 etiam
728 1250 921 1295 natura
955 1252 1181 1308 prorsus
1209 1235 1396 1293 eadem
1424 1245 1527 1290 est.
1553 1233 1912 1291 Omnisvenim
1940 1237 2082 1290 actio

523 1330 803 1386 facultatis
831 1328 1056 1384 eﬂ‘ectus
1093 1333 1197 1382 est.
1232 1325 1594 1391 Quamobrem
1630 1325 1678 1379 si
1728 1324 1874 1378 actio
1919 1330 1973 1378 et
2003 1322 2083 1377 fa-

521 1423 703 1477 cultas
729 1428 813 1475 est
839 1434 968 1484 una,
1002 1417 1276 1488 quomodo
1303 1425 1511 1470 naturae
1531 1413 1820 1469 diversitas
1852 1413 2081 1484 intelligi

520 1519 698 1581 potest
740 1512 795 1565 in
842 1511 975 1577 illis,
1005 1512 1059 1563 in
1104 1507 1304 1578 quibus
1346 1506 1556 1560 nullum
1594 1504 1871 1560 facultatis
1915 1505 2083 1559 actio-

521 1603 717 1671 nisque
769 1600 1065 1655 discrimen
1122 1595 1620 1667 deprehendimus?
1691 1593 1757 1648 Ut
1813 1595 1960 1650 enim
2014 1610 2080 1652 ex

521 1693 667 1762 ignis
693 1690 1136 1762 proprietatibus,
1183 1702 1308 1743 cum
1355 1685 1478 1740 duae
1521 1685 1654 1747 sint,
1700 1682 1847 1754 quod
1881 1683 2083 1737 illumi-

521 1792 633 1846 net,
667 1790 722 1838 et
768 1781 911 1851 quod
946 1779 1220 1843 incendat,
1261 1791 1373 1832 non
1422 1777 1548 1829 licet
1586 1774 1818 1844 subjecti
1857 1773 2083 1829 diversi-

2181 605 2291 660 τῶν
2317 607 2598 678 ἁμαρτιῶν
2638 609 3022 678 ποιησάμενος,
3071 608 3320 663 ἐκάθισεν
3370 613 3429 664 ἐν
3457 611 3607 682 δεξιᾷ
3648 612 3765 681 τῆς

2187 697 2554 767 μεγαλοσύνης
2605 696 2700 749 τοῦ
2748 697 2976 768 Πατρός.
3013 700 3109 751 Ἓν
3148 700 3326 753 τοίνυν
3357 701 3636 771 ἑκατέρων
3691 704 3766 755 τὸ

2182 789 2363 859 ἔργον,
2391 786 2485 842 τοῦ
2529 805 2589 841 τε
2632 788 3015 861 καθαρίζοντος
3045 790 3143 861 τὴν
3180 792 3453 863 ἁμαρτίαν
3489 792 3764 863 Πνεῦμα-

2182 896 2293 943 τος,
2316 880 2410 934 καὶ
2433 878 2527 933 τοῦ
2553 879 2645 933 τὸν
2666 880 3004 952 καθαρισμὸν
3020 882 3130 936 τῶν
3152 882 3435 953 ἁμαρτιῶν
3461 884 3765 953 πεποιηκό-

2183 984 2274 1030 τος
2318 966 2575 1037 Χριστοῦ.
2605 962 2708 1021 Ὧν
2741 968 2799 1021 δὲ
2840 970 2873 1039 ἠ
2909 970 3159 1041 ἐνέργεια
3215 971 3334 1041 μία,
3375 973 3469 1025 καὶ
3518 973 3549 1042 ἡ
3583 971 3764 1039 φύσις

2185 1057 2400 1121 πάντως
2434 1059 2467 1127 ὴ
2516 1058 2654 1128 αὑτὴ
2696 1058 2900 1113 τούτων
2953 1061 3117 1116 ἐστίν.
3152 1061 3309 1114 Πᾶσα
3338 1061 3445 1132 γὰρ
3495 1061 3763 1131 ἐνέργεια

2185 1146 2462 1217 δυνάμεώς
2492 1149 2639 1201 ἐστιν
2667 1148 3031 1221 ἀποτέλεσμα.
3054 1152 3118 1204 Ei
3145 1147 3239 1205 οὖν
3267 1151 3360 1204 καὶ⁵
3378 1151 3629 1221 ἐνέργεια
3656 1154 3763 1203 καὶ

2183 1237 2410 1307 δύναμις
2441 1238 2560 1308 μία,
2588 1238 2705 1302 πῶς
2727 1238 2872 1296 ἐστιν
2900 1240 3189 1312 ἑτερότητα
3210 1239 3419 1309 φύσεως
3443 1241 3661 1309 νοῆσαι,
3693 1242 3759 1292 ἐν

2184 1324 2266 1391 οἷς
2296 1328 2552 1399 οὐδεμίαν
2582 1331 2725 1382 κατά
2750 1330 2850 1400 τὴν
2880 1330 3105 1401 δύναμίν
3126 1349 3183 1385 τε
3213 1332 3308 1384 καὶ
3333 1331 3613 1402 ἐνέργειαν
3635 1330 3761 1384 δια-

2187 1418 2355 1489 φορὰν
2388 1418 2802 1490 ἐξευρίσκομεν;
2847 1421 2933 1483 Ὠς
2970 1421 3079 1490 γὰρ
3107 1421 3207 1474 οὐκ
3237 1420 3382 1474 ἔστιν
3410 1423 3468 1474 ἐν
3502 1423 3617 1484 τοῖς
3651 1420 3756 1473 τοῦ

2186 1508 2357 1578 πυρὸς
2396 1508 2698 1579 ἰδιώμασιν,
2745 1510 2873 1563 ὅταν
2899 1509 3012 1575 δύο,
3054 1510 3118 1562 τὸ
3166 1510 3393 1591 φωτίζον
3438 1527 3498 1563 τε
3540 1512 3639 1563 καὶ
3690 1511 3759 1562 τὺ

2186 1597 2338 1650 καῑόν
2382 1599 2518 1663 ἐστι,
2556 1598 2619 1650 τὸ
2666 1600 2940 1652 κοινωνεῖν
2988 1599 3207 1670 νομίσαι
3251 1597 3346 1652 τοῦ
3383 1600 3756 1670 προκειμένου

2188 1684 2531 1756 ὑπαλλαγὴν·
2562 1683 2735 1749 οὕτως
2778 1685 2879 1739 οὐκ
2903 1685 2967 1739 ἄν
2996 1703 3082 1749 τις
3120 1684 3396 1755 εὐφρονῶν
3441 1686 3566 1754 μίαν
3594 1683 3763 1753 ἐνέρ-

2187 1792 2341 1845 γειαν
2376 1778 2442 1830 ἐκ
2482 1776 2583 1846 τῆς
2622 1775 2846 1847 Γραφῆς
2895 1776 3161 1848 διδαχθεὶς
3208 1773 3300 1829 τοῦ
3344 1774 3473 1828 Υἱοῦ
3512 1772 3609 1826 καὶ
3651 1772 3754 1827 τοῦ

522 1881 681 1926 tatem
711 1870 914 1926 inferre
942 1887 956 1924 :
982 1870 1056 1923 ita
1086 1882 1187 1924 nec
1225 1860 1393 1931 ullus,
1424 1866 1517 1937 qui
1544 1864 1786 1934 prudens
1831 1863 1926 1926 sit,
1958 1878 2080 1917 cum

2192 1865 2517 1935 Πνεύματος,
2548 1866 2808 1938 διαφοράν
2837 1883 2959 1919 τινα
2991 1864 3203 1936 φύσεως
3240 1866 3475 1919 ὑπονοεῖ.

531 1977 597 2019 ex
613 1979 676 2019 ea
700 1961 1431 2037 Scripturadidiceritunam
1454 1976 1576 2016 esse
1616 1958 1743 2014 Filii
1786 1965 1843 2015 et
1895 1955 2135 2028 Spiritus
2184 1960 2524 2017 efﬁcientiam
2551 2000 2567 2027 ,
2630 1970 2841 2018 natura:
2882 1961 3181 2017 discrimen
3238 1959 3460 2032 aliquod
3500 1957 3759 2028 suspica-

520 2054 718 2127 bitur.]

587 2145 706 2200 Jam
740 2160 869 2200 vero
907 2145 1338 2201 demonstratum
1393 2151 1476 2197 est
1511 2152 1669 2197 antea
1703 2142 1917 2213 piorum
1952 2159 2082 2201 sen-

520 2235 725 2298 tentiis,
759 2235 1003 2291 eamdem
1033 2251 1155 2291 esse
1200 2234 1255 2289 in
1305 2234 1465 2288 Patre
1504 2241 1559 2289 et
1611 2233 1750 2289 Filio
1808 2242 2082 2302 naturam,

520 2339 698 2394 neque
734 2324 849 2378 fieri
878 2339 1060 2394 posse,
1091 2333 1152 2378 ut
1179 2339 1301 2394 quae
1328 2323 1530 2377 diversi
1557 2332 1687 2378 sunt
1716 2324 1958 2394 generis,
1991 2322 2086 2378 Dei

522 2412 746 2466 nomine
768 2412 1109 2482 appellentur
1135 2430 1149 2466 :
1172 2412 1624 2482 quemadmodum
1680 2411 1818 2466 fabri
1850 2413 2088 2484 .lignarii

521 2501 666 2557 ﬁlius
693 2517 800 2557 non
830 2503 1032 2557 dicitur
1062 2517 1366 2568 scamnum,
1422 2518 1599 2573 neque
1648 2502 1891 2573 prudens
1945 2503 2089 2559 ullus

522 2591 720 2645 dixerit
754 2591 823 2646 ab
861 2592 1162 2647 architecto
1186 2592 1354 2646 tilium
1388 2607 1511 2647 esse
1552 2601 1950 2671 constructum,
1991 2592 2088 2647 sed

526 2680 645 2749 ipsa
680 2679 773 2734 filii
797 2689 850 2736 et
877 2683 1047 2751 patris
1072 2683 1433 2753 appellatione
1462 2681 1609 2752 quod
1658 2683 1958 2739 secundum
1989 2697 2089 2739 na-

521 2779 702 2824 turam
759 2771 1111 2842 coniunctum
1167 2782 1273 2838 est,
1332 2772 1688 2844 designatur;
1726 2788 1955 2830 necesse
2004 2782 2090 2831 est

523 2863 680 2931 plane
705 2876 829 2916 eum
864 2862 972 2917 duo
1003 2871 1133 2919 sunt
1155 2862 1561 2919 necessitudine
1581 2865 1775 2933 juncta
1806 2868 1927 2919 cu’m
1956 2880 2085 2932 uno,

523 2965 700 3019 neque
731 2950 872 3006 inter
897 2966 956 3006 se
981 2951 1258 3020 differunt,
1293 2953 1339 3008 si
1363 2968 1487 3007 cum
1515 2952 1677 3007 Patre
1704 2952 1876 3012 Filius
1896 2965 2088 3011 natura

525 3041 712 3095 unitus
740 3048 844 3106 est,
887 3042 1130 3099 eamdem
1171 3058 1334 3113 porro
1388 3041 1657 3113 Spiritum
1695 3052 1948 3099 sanctum
1989 3046 2089 3099 ha-

524 3135 655 3190 bere
688 3150 811 3190 cum
850 3132 990 3190 Filio
1015 3144 1267 3190 naturam
1318 3152 1386 3192 ex
1425 3137 1836 3207 operationibus
1866 3139 2092 3194 demon—
2118 3163 2165 3226 ο

525 3232 912 3282 stratum-est:
949 3227 1224 3298 colligitur
1246 3226 1371 3282 inde
1403 3242 1569 3281 unam
1622 3234 1826 3283 sanctae
1854 3228 2094 3284 Trinita-

525 3316 598 3370 tis
625 3314 1057 3371 demonstratam
1090 3331 1213 3371 esse
1248 3324 1498 3370 naturam
1542 3315 1750 3386 absque
1780 3317 2090 3388 proprieta-

526 3411 643 3459 tum
671 3404 1016 3470 confusione,
1039 3421 1158 3477 quae
1183 3407 1453 3477 praecipue
1474 3406 1531 3460 in
1560 3406 1789 3477 singulis
1843 3417 2095 3478 spectan-

526 3501 619 3546 tur
642 3493 912 3562 personis,
940 3509 1042 3550 nec
1090 3494 1393 3550 immutatis
1424 3494 1641 3550 indiciis
1676 3495 1895 3565 quibus
1949 3511 1980 3551 a
2036 3512 2096 3554 se

529 3582 762 3636 invicem
791 3582 1200 3638 discernuntur.
1231 3582 1364 3648 Quis
1394 3582 1559 3653 igitur
1593 3580 1749 3655 furor
1776 3591 1861 3639 est
1884 3599 2093 3653 eorum,

525 3673 618 3740 qui
642 3669 907 3741 Spiritum
937 3680 1185 3729 sanctmn
1208 3681 1540 3744 oppugnant,
1565 3675 1773 3730 servire
1805 3674 2095 3732 Dominum

525 3763 903 3818 tradentium?
930 3764 1129 3841 quibus
1165 3780 1230 3818 ne
1257 3763 1459 3820 Paulus
1510 3765 1750 3835 quidem,
1805 3767 1897 3823 cui
1936 3768 2095 3823 fidem

528 3853 790 3916 habeant,
817 3853 951 3908 satis
982 3852 1214 3909 idoneus
1246 3855 1399 3910 testis
1429 3861 1534 3919 est,
1566 3856 1660 3925 qui
1687 3856 1802 3911 ait:
1840 3856 2095 3913 Dominus

529 3949 704 3994 autem
749 3940 984 4006 Spiritus
1023 3952 1102 3996 est
1124 3943 1196 3994 ⁸³.
1258 3943 1342 3997 An
1381 3942 1609 3998 forsitan
1636 3944 1950 4015 dictionem,
1985 3948 2097 4000 Ad-

528 4029 724 4091 ueniet,
750 4030 858 4083 vim
899 4028 1120 4084 tollendi
1156 4030 1475 4100 dignitatem
1509 4034 1711 4090 habere
1740 4038 2098 4094 existimant?

528 4123 583 4171 et
612 4131 720 4171 non
749 4117 977 4171 audiunt
1005 4133 1260 4187 magnum
1290 4119 1548 4175 Davidem
1573 4125 1737 4178 etiam
1770 4124 1989 4181 Patrem
2027 4125 2095 4181 ad

531 4222 592 4262 sc
621 4210 922 4286 trahentem
948 4228 963 4263 :
991 4219 1066 4273 et,
1109 4210 1238 4264 Veni
1263 4212 1332 4264 ad
1376 4215 1690 4269 servandum
1711 4233 1829 4286 nos,
1856 4219 2098 4274 claman-

528 4280 768 4352 ιειηῖἘί
806 4300 971 4368 igitur
1009 4301 1061 4353 in
1092 4299 1252 4356 Patre
1283 4303 1469 4359 venire
1527 4304 1767 4361 salutare
1797 4280 1910 4373 est,
1956 4323 2097 4378 quo-

532 4388 694 4442 modo
720 4388 775 4441 in
808 4388 1012 4458 Spiritu
1050 4390 1238 4445 venire
1286 4393 1611 4461 probrosum
1644 4401 1700 4449 et
1741 4397 2098 4451 contumelio-

2269 2140 2429 2195 Ἀλλά
2465 2140 2560 2193 νῦν
2597 2139 3070 2212 προαποδεδεικται
3108 2143 3227 2204 ταῖς
3250 2140 3360 2193 τῶν
3392 2141 3631 2196 εὐσεϐῶν
3657 2145 3751 2198 δύο

2189 2230 2326 2301 ξαις,
2342 2230 2440 2302 τὴν
2455 2228 2621 2300 αὐτὴν
2650 2231 2741 2284 ἐπὶ
2767 2232 2981 2302 Πατρὺς
3014 2231 3106 2298 καὶ
3128 2230 3258 2285 Υἱοῦ
3282 2231 3443 2300 φύσιν
3476 2231 3636 2300 εἶναι,
3674 2237 3750 2305 μὴ

2188 2315 2327 2373 εἶναι
2347 2318 2567 2372 δυνατὸν
2595 2318 2663 2372 τὰ
2688 2320 2973 2391 ἑτερογενῆ
3000 2323 3066 2391 τῇ
3101 2321 3192 2372 τοῦ
3231 2319 3367 2374 Θεοῦ
3395 2323 3583 2393 κλήσει
3612 2343 3750 2379 κατ-

2189 2407 2571 2479 ονομάζεσθαι·
2610 2408 2686 2473 ὡς
2715 2410 2775 2462 οὐ
2813 2409 3024 2479 λέγεται
3079 2410 3275 2482 βάθρον
3310 2413 3422 2477 υίὸς
3475 2414 3747 2489 τέκτονος,

2195 2499 2316 2571 μηδ’
2361 2500 2427 2555 ἀν
2460 2518 2543 2563 τις
2578 2501 2718 2555 εἴποι
2750 2502 2859 2556 τῶν
2911 2502 3313 2573 εὐφρονούντων
3347 2507 3428 2558 ὅτι
3471 2505 3749 2574 οἰκοδόμος

2189 2586 2305 2644 υἱὸν
2360 2591 2826 2657 κατεσκευάσατο,
2872 2592 3007 2648 ἀλλὰ
3058 2597 3126 2666 τῇ
3184 2592 3279 2646 τοῦ
3344 2594 3461 2646 υἱοῦ
3511 2595 3604 2647 καὶ
3650 2595 3748 2649 τοῦ

2192 2678 2401 2751 πατρὸς
2461 2679 2802 2753 προσηγορίᾳ.
2865 2677 2929 2733 τὸ
2979 2680 3124 2737 κατὰ
3164 2678 3262 2750 τὴν
3287 2679 3446 2748 φύσιν
3476 2683 3748 2753 συνημμέ·

2191 2783 2280 2821 νον
2309 2766 2726 2837 ἐπισημαίνεται
2745 2783 2761 2799 ο
2789 2763 2998 2838 ἀνάγκη
3029 2768 3200 2831 πᾶσα,
3228 2770 3354 2822 ὅταν
3389 2770 3459 2824 τά
3492 2771 3584 2824 δύο
3610 2773 3747 2843 πρὸς

2191 2858 2252 2911 τὸ
2290 2858 2348 2911 ἓν
2374 2858 2587 2921 οἰκείως
2614 2856 2732 2928 ἔχῃ,
2764 2856 2860 2910 καὶ
2894 2856 3027 2928 μηδέ
3068 2857 3205 2929 πρὸς
3244 2858 3445 2929 ἄλληλα
3479 2861 3748 2931 διαφόρως

2191 2948 2323 3019 ἔχει,
2348 2947 2424 3017 τῷ
2461 2947 2636 3017 Πατρλ⁵
2670 2945 2813 3000 κατά
2845 2945 2945 3017 τὴν
2977 2946 3135 3015 φύσιν
3170 2949 3198 3000 ὁ
3238 2948 3364 3011 Υἱὸς
3388 2950 3614 3020 ἥνωται·
3648 2955 3748 3022 τῆς

2191 3040 2248 3094 δὲ
2278 3039 2370 3092 τοῦ
2406 3037 2534 3092 Υἱοῦ
2581 3035 2795 3106 φύσεως
2827 3037 2914 3091 διὰ
2951 3036 3058 3090 τῶν
3091 3039 3381 3109 ἐνεργειῶν
3427 3042 3752 3112 ταυτότητος

2192 3130 2291 3183 οὐκ
2327 3129 2603 3201 ἀλλότριον
2651 3126 2941 3198 ἀπεδείχθη
2973 3128 3034 3182 τὸ
3070 3127 3292 3200 Πνεῦμα
3322 3130 3384 3183 τὸ
3430 3131 3614 3199 ἅγιον·
3650 3132 3749 3202 μία

2194 3222 2334 3276 κατά
2367 3221 2430 3275 τὸ
2475 3219 2765 3275 ἀκόλουθον
2797 3220 3168 3274 ἀποδέδεικται
3204 3221 3303 3291 τῆς
3334 3223 3491 3290 ἁγίας
3524 3222 3750 3294 Τριὰδος

2192 3315 2225 3383 ἡ
2265 3312 2447 3381 φύσις,
2502 3311 2562 3364 οὐ
2595 3310 2928 3382 συγχεομένη
2962 3311 3047 3381 ἐφ’
3081 3312 3319 3382 ἑκάστης
3361 3313 3460 3383 τῆς
3510 3314 3648 3367 κατά
3690 3315 3749 3367 τὸ

2194 3401 2470 3474 ἐξαίρετον
2515 3401 2990 3474 ἐπιθεωρουμένης
3047 3403 3239 3465 αὐταῖς
3300 3402 3577 3474 ἰδιότητος,
3628 3405 3751 3457 οὐδὲ

2194 3494 2302 3548 τῶν
2346 3492 2739 3565 γνωρισμάτων
2782 3494 2840 3545 ἐν
2889 3490 3139 3563 ἀλλήλοις
3180 3492 3612 3563 ἀλλασσομένων.
3655 3494 3752 3557 Τίς

2194 3579 2286 3638 οῦν
2316 3584 2351 3655 ἡ
2384 3582 2549 3654 μανία
2573 3582 2682 3636 τῶν
2726 3579 3339 3651 πνευματομαχοῦντων,
3367 3582 3635 3635 δουλεύειν
3661 3583 3752 3635 τὸν

2195 3674 2400 3745 Κύριον
2427 3673 2885 3743 δογματιζὼτωνς
2915 3665 3011 3735 Οἷς
3051 3670 3171 3724 οὐδὲ
3206 3670 3414 3734 Παῦλος
3455 3672 3751 3744 διαμαρτυο

2200 3765 2425 3837 ρόμνὸς
2457 3766 2604 3818 ἐστιν
2646 3763 2975 3830 ἀξιόπιστος,
3008 3763 3069 3825 ὃς
3097 3778 3293 3833 φησιν·
3320 3762 3397 3815 Ὃ
3439 3761 3508 3815 δὲ
3543 3765 3754 3831 Κύριος

2196 3856 2264 3910 τὸ
2288 3848 2534 3920 Πνεῦμά
2553 3853 2739 3906 ἐστιν.
2775 3852 2848 3907 Ἦ
2888 3851 3029 3922 τάχα
3054 3850 3136 3917 τὸ,
3167 3850 3427 3915 Ἐλθέτω,
3449 3850 3753 3921 καθαιρετι-

2196 3947 2292 4001 κον
2316 3946 2416 4015 τῆς
2448 3944 2603 4011 ἀξίας
2644 3940 2991 4013 νομίζουσινς
3033 3940 3164 3997 Εἶτα
3208 3944 3308 3997 οὐκ
3345 3943 3629 3996 ἀκούουσιν
3657 3943 3753 3996 τοῦ

2200 4034 2432 4107 μεγάλου
2464 4031 2649 4097 Δαὸὶδ,
2677 4032 2772 4086 καὶ
2807 4031 2898 4085 τδν
2933 4032 3154 4102 Πατέρα
3179 4032 3314 4107 πρὸς
3346 4032 3536 4085 ἐαυτὸν
3569 4031 3752 4084 ἕλκον-

2196 4142 2309 4188 τος,
2339 4123 2455 4187 καὶ,
2488 4122 2659 4177 Ἐλθέ
2678 4125 2765 4188 εις
2784 4121 2851 4176 τὸ
2871 4119 3068 4176 σῶσαι
3097 4120 3271 4191 ἡμᾶς,
3294 4121 3545 4192 βοῶντος;
3575 4123 3637 4174 El
3658 4119 3755 4175 οὗν

2198 4214 2293 4268 ἐπὶ
2332 4213 2428 4268 τοῦ
2464 4212 2677 4285 Πατρδς
2722 4212 2784 4264 τὸ
2837 4211 3009 4264 ἐλθεῖν
3036 4212 3322 4283 σωτήριον,
3362 4211 3477 4276 πῶς
3529 4212 3621 4264 ἐπὶ
3657 4210 3754 4264 τοῦ

2197 4305 2516 4375 Πνεύματος
2544 4303 2605 4356 τὸ
2644 4301 2818 4359 ἐλθεῖν
2862 4302 3254 4365 ἐπονείδιστον;
3279 4303 3349 4354 Ἢ
3378 4301 3439 4354 τὸ
3480 4300 3754 4370 καθαίρειν

2196 4393 2306 4447 τῶν
2333 4393 2635 4464 ἁμαρτιῶν,
2661 4392 2883 4462 σημεῖον
2904 4389 3183 4444 ποιοῦνται
3204 4390 3303 4460 τῆς
3314 4389 3459 4443 ’κατά
3477 4390 3575 4459 τὴν
3599 4389 3756 4456 ἀξίαν

530 4493 652 4533 sum
674 4478 803 4533 est?
832 4493 900 4532 an
936 4492 965 4531 a
1000 4482 1239 4549 peccatis
1271 4496 1505 4551 purgare
1535 4485 1751 4554 signum
1774 4500 1900 4541 esse
1930 4486 2091 4541 dimi-

2197 4484 2473 4554 ὑφέσεωςς
2522 4482 2634 4535 Καὶ
2687 4481 2791 4553 μὴν
2846 4480 3010 4535 ἄκουε
3050 4480 3162 4535 τῶν
3201 4481 3443 4534 ἀπίστων
3494 4480 3756 4535 Ἰουδαίων

530 4577 675 4622 nuta:
700 4567 983 4636 dignitatis
1006 4568 1363 4624 existimant?
1390 4571 1554 4641 Atqui
1594 4571 1721 4626 audi
1786 4574 2097 4630 incredulos

442 4704 445 4705 ν
531 4655 746 4712 Judaeos
777 4658 1104 4721 clamantes,
1147 4660 1294 4729 quod
1333 4663 1608 4717 remittere
1649 4672 1873 4732 peccata
1925 4666 2097 4725 solius

535 4744 609 4798 sit
636 4744 750 4806 Dei,
788 4759 911 4797 cum
941 4745 1010 4799 de
1037 4745 1199 4803 Patre
1230 4749 1334 4803 hoc
1370 4751 1594 4805 verbum
1638 4751 1882 4808 dicerent
1909 4772 1923 4809 :
1955 4754 2096 4819 Quid

536 4833 642 4897 hic,
692 4832 966 4901 inquiunt,
1024 4835 1260 4906 loquitur
1325 4839 1722 4908 blasphemias?
1760 4844 1877 4912 quis
1927 4856 2097 4913 potest

536 4924 802 4977 remittere
824 4934 1059 4991 peccata,
1091 4927 1195 4980 nisi
1242 4929 1389 5005 solus
1424 4928 1562 4984 Deus
1586 4931 1631 4962 ⁵⁸
1653 4930 1678 4983 ?
1703 4930 1761 4987 Si
1793 4931 1956 5003 igitur
1994 4934 2094 4989 Pa-

538 5024 621 5071 ter
646 5015 861 5084 quidem
895 5025 1114 5087 peccata
1147 5019 1394 5085 remittit,
1429 5020 1601 5077 Filius
1648 5038 1780 5077 vero
1813 5033 2096 5094 peccatum

540 5105 727 5161 mundi
761 5107 901 5163 tollit
921 5125 935 5162 :
957 5108 1211 5178 puriﬁcat
1239 5109 1365 5165 item
1395 5110 1632 5181 Spiritus
1663 5122 1885 5169 sanctus
1914 5129 1943 5169 a
1967 5131 2097 5185 pec-

537 5197 641 5251 cati
670 5197 1095 5268 inquinamentis
1125 5214 1243 5263 eos,
1285 5201 1338 5254 in
1370 5202 1572 5271 quibus
1602 5202 1766 5257 fuerit
1795 5220 1808 5257 :
1845 5206 1975 5274 quid
2010 5208 2098 5261 di-

538 5293 683 5350 cent,
711 5288 800 5356 qui
828 5303 982 5342 suam
1006 5291 1172 5343 vitam
1199 5291 1548 5361 oppugnant?
1586 5290 1694 5348 Sed
1727 5296 1906 5349 veniat
1931 5311 2098 5366 super

540 5388 644 5431 nos
690 5375 923 5445 Spiritus
975 5390 1217 5447 sanctus,
1250 5391 1304 5435 et
1337 5381 1589 5451 puriﬁcet
1621 5397 1740 5447 nos,
1774 5392 1827 5439 et
1868 5399 2098 5455 capaces

608 5514 653 5546 ⁸⁸
700 5511 742 5566 ll
771 5512 900 5569 Cor.
932 5530 1026 5581 ιιι,
1059 5516 1148 5572 l7.
1221 5515 1268 5547 ⁸³
1306 5516 1474 5570 Marc.
1509 5532 1583 5582 tt,
1617 5517 1671 5573 7.

2199 4574 2461 4645 βοώντων,
2491 4574 2573 4627 ὅτι
2595 4573 2657 4626 τὸ
2694 4571 2951 4641 Ἀςριέναι
2980 4572 3267 4642 ἁμαρτίας
3281 4573 3470 4642 μόνου
3496 4570 3624 4626 ἐστὶ
3648 4573 3755 4627 τοῦ

2199 4663 2348 4719 Θεοῦ
2366 4679 2381 4694 ·
2418 4664 2547 4734 περὶ
2584 4663 2678 4716 τοῦ
2708 4663 2921 4733 Πατρὸς
2966 4662 3213 4729 λέγοντες
3230 4678 3245 4693 ·
3286 4663 3347 4716 Τί
3376 4657 3569 4727 οὗτος,
3601 4662 3751 4730 φησὶ,

2195 4756 2811 4825 λαλεῖβλασφημίας;
2835 4756 2932 4820 Τίς
2952 4755 3198 4808 δύναται
3223 4753 3455 4822 ἀφιέναι
3476 4752 3755 4821 ἁμαρτίας
3836 4772 3841 4775 ‘

2196 4849 2248 4900 sl
2275 4846 2362 4917 μὴ
2382 4846 2569 4915 μόνος
2595 4849 2628 4900 ό
2656 4847 2831 4910 Θεόςῖ
2857 4846 2920 4898 El
2951 4840 3044 4898 οὖν
3074 4844 3270 4913 ’ἀφίησι
3305 4842 3403 4912 μέν
3437 4841 3700 4911 ἁμαρτίας
3726 4844 3754 4894 ὁ

2198 4937 2409 5007 Πατὴρ,
2448 4936 2590 5008 αἴρει
2623 4936 2682 4989 δέ
2723 4938 2751 4989 ὁ
2782 4924 2908 4999 Υἱὸς
2940 4935 3033 4988 τοῦ
3065 4936 3271 5004 κόσμου
3311 4933 3411 5002 τὴν
3448 4931 3714 5001 ἁμαρτίαν
3734 4971 3752 4992 ,

2200 5027 2483 5098 καθαρίζει
2502 5027 2560 5080 δὲ
2577 5026 2639 5079 τὸ
2659 5025 2884 5096 Πνεῦμα
2899 5024 2962 5078 τὸ
2982 5024 3134 5090 ἅγιον
3153 5026 3218 5077 ἐκ
3236 5023 3343 5076 τῶν
3365 5022 3464 5090 τῆς
3488 5021 3753 5091 ἁμαρτίας

2204 5116 2560 5187 μολυσμάτων
2596 5111 2678 5179 οἷς
2711 5116 2779 5170 ἂν
2805 5116 3091 5186 ἐγγένηται
3113 5131 3126 5145 ·
3152 5114 3205 5166 τί
3244 5111 3458 5184 ἐροῦσιν
3481 5113 3528 5163 οἱ
3560 5112 3623 5180 τῇ
3654 5109 3756 5179 ἰδίᾳ

2202 5208 2703 5281 προσπολεμοῦντες
2761 5206 2912 5278 con;
2969 5205 3105 5258 Ἀλλ’
3142 5198 3341 5256 ἐλθέτω
3387 5202 3472 5269 ἐφ’
3508 5201 3649 5271 ἡμᾶς
3692 5200 3755 5251 τὸ

2201 5300 2425 5369 Πνεῦμα
2462 5300 2523 5353 τὸ
2560 5301 2736 5368 ἆγιον,
2775 5298 2870 5352 καὶ
2906 5295 3251 5366 καθαρισάτω
3285 5293 3455 5364 ἡμᾶς,
3489 5290 3583 5343 καὶ
3610 5291 3756 5359 ποιή-

2205 5405 2315 5441 σειε
2341 5389 2622 5453 δεκτικοὺς
2644 5388 2751 5443 τῶν
2781 5387 2999 5458 ὑψηλῶν
3021 5403 3079 5439 τε
3110 5383 3205 5438 καὶ
3224 5382 3539 5455 θεοπρεπῶν
3559 5380 3757 5450 νοημά-

613 5661 689 5741 (ει)
731 5662 853 5716 Ιιιιιο
905 5668 1063 5721 uncis
1096 5667 1303 5723 inclusa
1334 5668 1403 5722 ab
1432 5668 1728 5737 interprete
1759 5668 1988 5733 omissa,
2032 5682 2173 5739 quae
2211 5666 2455 5724 citantur
2492 5670 2561 5726 ab
2602 5669 2918 5741 Euthymio,
2958 5672 3013 5726 in
3055 5670 3346 5741 Panoplia,
3380 5671 3464 5727 tit.
3501 5670 3583 5739 12,
3614 5685 3751 5727 nunc

547 5727 815 5784 addimus.
