4018 6384
554 377 692 433 1165

1833 373 1887 428 S.
1931 371 2258 430 GREGORII
2297 375 2582 432 NYSSENI

3698 385 3824 440 HM

554 494 783 550 morbus
818 494 1012 548 animae
1039 501 1123 547 est
1156 492 1208 546 in
1241 503 1469 548 mortem
1504 493 1825 549 desinentis.
1859 493 2103 559 Quonian

2235 492 2666 568 ἐνεφορήθημεν,
2710 498 2803 550 καὶ
2844 497 2930 550 διὰ
2961 495 3115 550 τοῦτο
3155 497 3231 568 τῷ
3271 499 3491 570 πονηρῷ
3519 499 3695 570 τούτῳ
3735 506 3825 556 καὶ

554 589 721 658 igitur
750 588 892 642 bona
927 587 1104 641 victus
1143 585 1354 640 ratione
1382 594 1544 656 atque
1591 584 1912 639 habitudine
1945 585 1998 638 in
2034 599 2128 654 pa-

548 680 732 734 radiso
763 679 951 732 relicta
993 677 1403 747 aegrotat-imus,
1460 692 1582 732 cum
1624 677 1691 731 de
1747 675 2129 730 inobedientiae

547 785 760 826 veneno
793 770 1021 840 largiter
1063 770 1427 838 sumpsimus,
1467 776 1522 821 et
1567 769 1775 822 idcirco
1829 767 1931 821 hoc
1971 766 2124 838 gravi

545 869 710 930 atque
744 860 890 914 letali
931 859 1125 913 morbo
1151 867 1342 912 natura
1371 856 1665 911 succubuit
1708 862 1874 924 atque
1905 853 2121 908 devicta

542 961 646 1014 est,
681 951 831 1005 vertit
865 951 1111 1005 medicus
1160 965 1347 1013 verus,
1397 949 1554 1018 juxta
1593 946 1968 1017 praescriptum
2009 959 2122 998 me-

542 1043 678 1097 diem
708 1043 845 1097 artis
876 1058 972 1114 per
1003 1041 1282 1096 contraria
1306 1041 1508 1094 malum
1541 1054 1746 1094 sanans
1775 1055 1789 1104 ;
1820 1045 1984 1107 atque
2026 1051 2122 1092 eos

541 1134 633 1204 qui
671 1133 875 1189 idcirco
925 1133 982 1188 in
1025 1133 1274 1187 morbum
1335 1129 1662 1192 inciderant,
1695 1130 1840 1199 quod
1873 1144 1901 1182 a
1938 1126 2122 1181 divina

539 1228 823 1281 voluntate
867 1232 1238 1291 recesserant,
1301 1237 1498 1277 rursus
1549 1219 1939 1289 conjunctione
1994 1233 2118 1272 cum

537 1321 818 1376 voluntate
854 1319 1036 1374 divina
1067 1335 1096 1373 a
1128 1317 1321 1372 morbo
1353 1318 1569 1372 liberat.
1606 1315 1739 1368 Nam
1790 1314 1954 1368 verba
1990 1327 2118 1365 ora-

539 1413 708 1470 tionis
745 1411 919 1468 morbi
953 1411 1150 1466 animae
1177 1410 1498 1465 inhaarentis
1525 1409 1736 1465 curatio
1785 1417 1932 1464 sunt.
1987 1405 2120 1461 Pre—

538 1513 696 1560 calur
753 1503 899 1559 enim
963 1503 1119 1574 quasi
1183 1501 1512 1572 quibusdam
1569 1501 1857 1554 doloribus
1923 1500 2119 1554 anima:

537 1611 785 1666 pressus,
819 1594 910 1664 qui
945 1592 1098 1654 dicit,
1127 1590 1252 1644 Fiat
1273 1591 1517 1645 voluntas
1559 1600 1670 1642 tua.
1720 1585 1986 1642 Voluntas
2021 1601 2118 1638 au-

537 1693 646 1740 tem
705 1682 800 1738 Dei
853 1683 1004 1736 salus
1061 1680 1341 1736 hominum
1397 1689 1500 1734 est.
1557 1677 1693 1732 Cum
1725 1677 1890 1748 igitur
1921 1677 1974 1730 in
2013 1677 2117 1730 hoc

537 1774 917 1837 consistimus,
957 1781 1013 1836 ut
1047 1773 1114 1828 ad
1164 1770 1333 1826 Deum
1362 1771 1636 1836 dicamus,
1678 1769 1800 1823 Fiat
1855 1768 2018 1823 etiam
2061 1769 2113 1822 in

2237 584 2572 656 ἐπιθανατίῳ
2602 589 2867 658 νοσήματι
2897 589 3279 660 κατεκρατήθη
3308 591 3340 660 ή
3369 590 3532 659 φύσις
3551 607 3565 621 ο
3603 588 3773 663 ἦλθεν
3798 597 3824 648 6

2235 675 2490 747 ἀληθινὸς
2541 678 2744 750 ἰατρὸς,
2776 679 2916 732 κατά
2961 679 3052 731 τὸν
3096 679 3256 750 νόμον
3299 681 3399 750 τῆς
3436 683 3686 754 ἰατρικῆς
3736 683 3822 739 διὰ

2234 766 2344 820 τῶν
2366 768 2622 821 ἐναντίων
2648 769 2708 821 τὸ
2729 769 2896 822 κακὸν
2931 769 3225 841 ἐξιώμενος
3245 789 3258 802 ο
3286 773 3525 834 καὶτοὺς
3547 773 3637 828 διὰ
3661 774 3821 828 τοῦτο

2231 859 2298 927 τῇ
2335 859 2618 930 ἀρρωστίᾳ
2644 861 3079 931 συνενεχθέντας,
3119 863 3199 915 ὅτι
3221 863 3312 916 τοῦ
3345 863 3488 917 θείου
3512 864 3818 940 θελήμέιτος

2233 949 2632 1022 ἐχωρίσθησαν,
2677 952 2840 1005 πάλιν
2889 952 3162 1025 ἐλευθεροῖ
3216 953 3310 1007 τοῦ
3367 958 3692 1027 νοσήματος,
3752 963 3814 1029 τῇ

2232 1041 2368 1111 πρὸς
2405 1041 2465 1095 τὸ
2513 1042 2760 1113 βούλημα
2815 1042 2910 1096 τοῦ
2949 1042 3083 1096 Θεοῦ
3135 1046 3415 1118 συναφείᾳ.
3447 1047 3529 1100 Τά
3558 1048 3668 1119 γὰρ
3719 1050 3818 1120 τῆς

2230 1135 2540 1204 προσευχῆς
2581 1134 2822 1204 ῥήματα,
2857 1134 3123 1205 θεραπεία
3156 1137 3272 1189 ἐστὶ
3315 1138 3414 1206 τῆς
3455 1140 3817 1209 ἐγγινομένης

2227 1225 2294 1293 τῇ
2323 1222 2467 1294 ψυχῇ
2497 1224 2829 1296 ἀρρωστίας.
2863 1223 3096 1296 Εῦχεται
3133 1227 3243 1298 γὰρ
3285 1225 3394 1280 οἶόν
3421 1247 3559 1282 τισιν
3597 1230 3816 1294 ὀδύναις

2226 1311 2325 1384 τὴν
2357 1313 2534 1385 ψυχὴν
2569 1316 2921 1386 συνεχόμενος
2951 1317 2979 1368 6
3022 1317 3195 1386 λέγων
3214 1335 3226 1348 ·
3256 1319 3569 1387 Γενηθήτω
3621 1321 3686 1374 τὸ
3717 1321 3814 1375 θέ-

2226 1405 2391 1475 λημά
2435 1421 2571 1462 σου.
2601 1408 2824 1479 Θέλημα
2849 1409 2906 1462 δὲ
2945 1409 3080 1462 Θεοῦ
3111 1412 3145 1480 ή
3180 1411 3419 1482 σωτηρία
3451 1411 3558 1465 τῶν
3597 1413 3813 1485 ἀνθρὼο

2227 1513 2344 1552 πων
2377 1499 2543 1553 ἐστίν.
2583 1499 2834 1555 Ἐπειδὰν
2872 1503 3050 1556 τοίνυν
3091 1504 3171 1566 είς
3206 1502 3362 1556 τοῦτο
3403 1503 3634 1574 στῶμεν,
3665 1504 3810 1560 ὥστε

2227 1588 2398 1640 εἰπεῖν
2425 1587 2502 1658 τῷ
2534 1589 2782 1660 Θεῷ,’ὃτι
2821 1591 3110 1663 Γενηθήτω
3140 1593 3234 1647 καὶ
3255 1594 3312 1646 ἐν
3357 1594 3479 1664 ἐμοὶ
3506 1594 3566 1647 τὸ
3594 1594 3810 1667 θέλημά

2227 1694 2321 1730 σου
2344 1717 2359 1741 ,
2395 1678 2606 1749 ἀνάγκη
2648 1683 2800 1735 πᾶσα
2836 1684 3104 1755 πρότερον
3147 1688 3428 1738 κατειπεῖν
3469 1686 3680 1740 ἐκείνου
3709 1687 3807 1740 τοῦ

2225 1765 2364 1836 βίου,
2395 1767 2454 1831 ὃς
2487 1768 2591 1834 ἐξω
2620 1770 2712 1824 τοῦ
2757 1771 2901 1824 θείου
2937 1771 3272 1844 βουλήματος
3299 1771 3385 1845 ἦν,
3421 1775 3709 1830 καὶταῦτα
3750 1778 3808 1830 ἐν

537 1883 623 1922 me
652 1868 905 1922 voluntas
942 1873 1056 1930 tua,
1091 1868 1319 1920 omnino
1356 1877 1586 1919 necesse
1633 1869 1720 1917 est
1774 1861 1926 1932 prius
1971 1860 2100 1914 illan

2221 1861 2287 1929 τῇ
2316 1859 2667 1933 ἐξαγορεύσει
2699 1863 3016 1928 διεξελθεῖν·
3040 1867 3119 1921 ὅτι
3142 1867 3356 1940 Ἐπειδὴ
3428 1868 3613 1932 κακῶς
3641 1870 3802 1940 ἐνήρ-

535 1960 700 2013 vitam
755 1959 1009 2016 incusare
1063 1973 1186 2028 qua:
1238 1955 1478 2011 divinam
1538 1954 1871 2008 voluntatem
1935 1959 2114 2007 trans-

533 2067 720 2123 gressa
752 2059 891 2116 erat,
924 2058 1086 2120 atque
1120 2049 1234 2104 haec
1278 2064 1376 2120 per
1427 2045 1832 2103 confessionem
1875 2061 2114 2102 comme-

535 2143 1074 2211 morarezQuoniam
1105 2159 1203 2214 per
1249 2143 1590 2213 superiorem
1645 2140 1810 2194 vitam
1862 2140 2004 2194 male
2057 2139 2110 2193 in

533 2251 620 2292 me
654 2244 876 2307 operata
910 2243 993 2292 est
1022 2236 1273 2306 Opposita
1309 2234 1699 2302 contrariaque
1723 2233 2003 2296 voluntas,
2056 2238 2112 2287 et

532 2329 768 2399 improbi
809 2329 1024 2402 tyranni
1077 2328 1328 2382 minister
1381 2326 1480 2391 fui,
1541 2333 1801 2395 tauquam
1861 2321 2106 2399 carnifex

532 2421 754 2491 quidam
780 2436 1087 2492 exsequens
1131 2419 1395 2475 adversus
1447 2419 1716 2488 meipsum
1779 2417 2107 2471 sententiam

532 2515 759 2580 inimici,
787 2514 1017 2581 idcirco,
1047 2529 1179 2568 mea:
1207 2511 1525 2584 perditionis
1561 2511 1843 2572 misertus,
1870 2507 2110 2564 concede

530 2614 589 2660 ut
621 2603 838 2660 tandem
873 2603 1168 2674 aliquando
1201 2603 1364 2657 etiam
1399 2601 1451 2656 in
1481 2616 1568 2656 me
1595 2600 1688 2654 ﬁat
1715 2599 2105 2655 voluntastua.

533 2695 600 2748 Ut
627 2695 769 2750 enim
801 2695 854 2749 in
891 2693 1169 2764 speluncis
1199 2693 1452 2748 obscuris
1506 2691 1658 2746 illato
1713 2689 1919 2744 lumine
1957 2697 2106 2744 tene-

525 2787 638 2841 brae
664 2795 1022 2851 evanescunt,
1077 2793 1131 2840 et
1163 2783 1338 2852 caligo
1399 2783 1634 2838 recedit:
1661 2782 1734 2835 ita
1776 2781 1821 2836 si
1883 2787 1974 2832 tua
2010 2794 2107 2856 vo-

527 2877 710 2932 luntas
747 2876 803 2930 in
836 2892 922 2931 me
961 2876 1145 2942 fuerit,
1202 2875 1380 2929 omnis
1420 2889 1620 2944 pravus
1658 2881 1712 2928 et
1758 2871 2106 2941 importunus

525 2967 691 3021 animi
735 2967 998 3037 propositi
1037 2976 1216 3022 motus
1259 2966 1325 3019 ad
1368 2967 1596 3020 nihilum
1631 2964 1926 3033 redigetur.
1970 2961 2103 3016 Nam

527 3059 797 3116 sobrietas
829 3065 882 3114 et
918 3056 1182 3111 modestia
1215 3057 1477 3110 lascivum
1510 3052 1566 3110 et
1594 3054 1855 3108 vitiosum
1905 3053 2104 3107 mentis

525 3151 825 3222 appetitum
861 3149 1193 3218 exstinguet,
1233 3147 1398 3201 animi
1442 3147 1702 3201 demissio
1749 3146 1952 3202 fastum
2009 3143 2104 3196 ab-

2223 1965 2392 2019 γησεν
2415 1953 2472 2006 ἐν
2509 1954 2632 2024 ἐμοὶ
2673 1954 2760 2008 διά
2789 1955 2882 2008 τοῦ
2913 1957 3214 2024 φθάσαντος
3247 1959 3362 2028 βίου
3400 1958 3461 2012 τὸ
3490 1960 3804 2030 ἀντικείμε-

2220 2057 2309 2096 νον
2334 2041 2564 2116 θέλημα,
2592 2045 2687 2099 καὶ
2716 2046 2996 2118 ὑπηρέτης
3029 2048 3296 2121 ἐγενόμην
3322 2049 3416 2102 τοῦ
3451 2052 3687 2122 πονηροῦ
3718 2071 3804 2105 τυ·

2221 2132 2438 2202 ράννου,
2477 2132 2589 2190 οἶόν
2638 2154 2722 2200 τις
2766 2138 2958 2209 δήμιος
2998 2139 3094 2210 τὴν
3135 2141 3228 2193 τοῦ
3273 2141 3466 2211 ἐχθροῦ
3513 2131 3692 2213 ψῆφον
3721 2146 3802 2208 εἰς

2219 2225 2392 2297 πέρας
2423 2229 2543 2281 κατ’
2576 2229 2814 2299 ἐμαυτοῦ
2849 2231 3058 2301 φέρων·
3090 2232 3280 2286 τούτου
3310 2234 3467 2304 χάριν
3494 2231 3675 2288 οἶκτον
3701 2235 3798 2290 λαο

2217 2315 2328 2368 ϐὼν
2365 2316 2462 2387 τῆς
2497 2319 2778 2398 θιπωλείας
2813 2335 2936 2390 μου,
2971 2321 3058 2384 δός
3103 2340 3230 2374 ποτε
3257 2323 3438 2376 καὶτὸ
3467 2324 3558 2377 σὺν
3584 2325 3797 2397 θέλημα

2216 2409 2470 2478 γενέσθαι
2498 2411 2554 2464 ἐν
2595 2410 2742 2481 ἐμοί.
2773 2411 2981 2483 Ὥσπερ
3011 2411 3118 2482 γὰρ
3151 2413 3208 2464 ἐν
3250 2415 3359 2477 τοῖς
3387 2412 3653 2482 ζοφώδεσι
3690 2416 3798 2467 τῶν

2217 2500 2496 2572 σπηλαίων
2527 2502 2702 2571 φωτὸς
2735 2503 3172 2574 είσκομισθέντος
3201 2505 3229 2556 6
3250 2505 3410 2574 ζόφος
3435 2506 3792 2575 ἀφανίζεται·

2214 2589 2356 2644 οὕτω
2396 2592 2490 2645 τοῦ
2539 2592 2632 2646 σοῦ
2681 2593 2982 2665 θελήματος
3023 2597 3081 2648 ὲν
3129 2595 3252 2665 ἐμοὶ
3291 2597 3600 2665 γενομένου,
3646 2600 3797 2652 πᾶσα

2215 2683 2426 2754 πονηρά
2456 2686 2548 2738 καὶ
2587 2685 2788 2750 ἄτοπος
2825 2687 2924 2756 τῆς
2961 2687 3334 2758 προαιρέσεως
3380 2689 3590 2759 κίνησις
3621 2693 3704 2754 εἰς
3735 2691 3796 2743 τὸ

2217 2776 2291 2846 μὴ
2337 2776 2396 2829 ὃν
2427 2776 2795 2847 περιΐσταται.
2840 2776 2901 2831 Ἡ
2949 2779 3058 2850 γὰρ
3111 2779 3431 2851 σωφροσύνη
3477 2781 3661 2835 σϐέσει
3700 2784 3794 2854 την

2213 2866 2506 2921 ἀκόλαστον
2527 2869 2618 2921 καὶ
2634 2868 2854 2939 ἐμπαθῆ
2879 2869 2978 2939 τῆς
3004 2871 3239 2934 διανοίας
3263 2873 3439 2944 ὁρμήν
3456 2888 3469 2902 ⁸
3497 2875 3529 2943 ή
3550 2891 3795 2928 ταπεινο-

2214 2960 2453 3028 φροσύνη
2484 2959 2849 3014 καταναλώσει
2875 2962 2964 3014 τὸν
2981 2961 3176 3030 τύφονο
3200 2964 3234 3033 ή
3266 2964 3550 3034 μετριότης
3582 2966 3792 3020 ἰάσεται

2210 3049 2310 3118 τῆς
2337 3050 2710 3120 ὑπερηφανίας
2750 3053 2848 3121 τὴν
2875 3052 3028 3105 νόσον
3050 3068 3062 3081 ’
3096 3053 3157 3106 τὸ
3186 3053 3242 3106 δὲ
3268 3055 3362 3126 τῆς
3411 3057 3630 3127 ἀγάπης
3658 3059 3793 3126 ἁγα-

2213 3139 2304 3192 θδν
2335 3142 2501 3196 πολὺν
2547 3143 2846 3212 κατάλογον
2877 3144 2984 3197 τῶν
3037 3145 3426 3216 ἀντικειμένων
3472 3149 3660 3201 κακῶν
3694 3152 3791 3220 τῆς

525 3252 740 3301 sumet:
769 3241 1077 3298 moderatio
1114 3238 1386 3310 superbia:
1436 3239 1684 3292 morbum
1738 3239 1990 3292 sanabit:
2029 3237 2103 3292 di-

2209 3229 2388 3300 ψυχῆς
2444 3232 2739 3287 ἀπλάσειο
2789 3233 2992 3304 ταύτην
3032 3235 3142 3306 γὰρ
3196 3237 3468 3308 ὑποχωρεί
3497 3239 3559 3292 τὸ
3609 3244 3788 3308 μῖσος,

525 3332 779 3388 lectionis
809 3345 942 3387 vero
968 3330 1172 3385 bonum
1201 3343 1456 3398 magnum
1491 3343 1778 3381 numerum
1831 3328 2106 3398 opposito-

526 3440 646 3479 rum
683 3424 957 3477 malorum
1000 3438 1063 3477 ex
1095 3421 1276 3475 anima
1311 3419 1544 3489 expellet
1572 3437 1584 3472 :
1617 3419 1745 3472 huic
1777 3419 1921 3473 enim
1960 3421 2106 3474 cedit

524 3516 734 3580 odium,
766 3514 994 3577 invidia,
1029 3512 1302 3576 simultas,
1336 3511 1431 3565 ira:
1482 3517 1697 3573 motus,
1732 3511 1977 3566 animosa
2024 3509 2104 3564 af-

520 3605 706 3672 fectio,
742 3604 973 3668 insidia,
1007 3601 1306 3665 simulatio,
1357 3601 1734 3673 molestiarum
1782 3609 1836 3656 et
1872 3600 2104 3670 injuria-

521 3709 644 3748 rum
672 3695 956 3757 memoria,
988 3690 1243 3746 vindictae
1273 3690 1492 3760 cupido,
1531 3689 1941 3744 eﬂ'ervcscentia
1973 3705 2102 3744 san-

519 3785 702 3858 guinis
735 3785 880 3840 circa
933 3798 1054 3849 cor,
1093 3774 1328 3837 acerbus
1379 3792 1433 3836 et
1489 3783 1832 3836 truculentus
1885 3782 2101 3846 oculus,

519 3877 700 3933 omnis
730 3876 919 3930 talium
959 3875 1214 3929 vitiorum
1252 3889 1381 3943 grex
1435 3871 1750 3927 dilectionis
1809 3872 2101 3927 affectione

521 3969 778 4040 pellitur:
819 3969 891 4022 ita
925 3966 1196 4037 duplicem
1237 3964 1658 4019 simulacrorum
1687 3965 1894 4018 cultum
1951 3963 2100 4034 ejicit

519 4058 757 4113 eﬂicacia
784 4057 982 4110 divina:
1009 4055 1309 4110 voluntatis
1335 4072 1350 4122 ;
1385 4055 1683 4124 duplicem,
1707 4055 1950 4124 inquam,
1982 4061 2096 4108 tum

520 4148 668 4202 circa
706 4147 1023 4210 simulacra,
1067 4152 1181 4198 tum
1242 4143 1392 4198 circa
1448 4150 1731 4213 argentum
1771 4151 1824 4197 et
1880 4157 2094 4206 aurum,

520 4238 790 4294 insaniam
822 4245 985 4306 atque
1011 4233 1296 4290 lurorem:
1345 4249 1466 4304 quae
1506 4249 1688 4289 sermo
1747 4233 2097 4304 propheticus

521 4331 816 4387 simulacra
847 4329 1090 4400 gentium
1134 4326 1438 4381 nominavit
1460 4326 1524 4381 “.
1549 4324 1670 4379 Fiat
1703 4327 1867 4396 igitur
1903 4325 2096 4380 volun-

515 4432 598 4478 tas
620 4431 734 4486 tua,
761 4429 818 4474 ut
851 4417 1053 4474 diaboli
1083 4418 1336 4472 voluntas
1358 4417 1756 4485 exstinguatur.
1788 4414 1894 4470 Sed
1925 4430 2096 4485 quare

511 4527 803 4583 precamur
836 4519 894 4565 ut
929 4527 958 4565 a
1007 4510 1113 4565 Deo
1173 4509 1375 4565 bonum
1419 4508 1580 4564 nobis
1617 4507 1784 4562 animi
1844 4507 2093 4577 ιιι-θροεῖς

511 4612 628 4658 tum
655 4604 980 4672 contingat?
1006 4602 1132 4674 quia
1158 4602 1372 4656 inﬁrma
1401 4601 1466 4654 ad
1502 4601 1702 4654 bonum
1734 4609 1819 4654 est
1850 4601 2087 4654 humana

511 4703 1102 4763 natura,posteaquam
1133 4695 1299 4749 semel
1330 4709 1423 4762 per
1456 4693 1806 4746 vitiositatcm
1827 4699 2090 4745 enervata

512 4793 630 4841 est:
659 4801 767 4839 non
802 4786 947 4839 enim
976 4785 1053 4838 ita
1090 4783 1251 4839 facile
1291 4800 1321 4838 a
1355 4782 1498 4837 malo
1530 4798 1726 4838 rursus
1767 4783 1831 4837 ad
1885 4783 2088 4836 bonum

508 4875 676 4930 homo
713 4875 1027 4938 revertitur,
1075 4884 1136 4928 ut
1172 4889 1200 4926 a
1237 4875 1382 4929 bono
1441 4875 1506 4929 ad
1554 4874 1757 4928 malum
1817 4875 2086 4938 accessit;

507 4967 966 5037 quemadmodum
1029 4966 1193 5020 etiam
1260 4966 1313 5019 in
1376 4967 1702 5035 corporibus
1761 4968 1884 5022 talis
1948 4966 2088 5022 ratio

507 5059 866 5114 animadverti
899 5066 1098 5130 potest,
1141 5057 1284 5126 quod
1317 5072 1427 5112 non
1478 5058 1671 5122 simili,
1711 5075 1889 5129 neque
1934 5073 2088 5130 aeque

505 5151 793 5206 commoda
853 5165 917 5202 ac
975 5147 1120 5202 facili
1189 5148 1403 5203 ratione
1470 5158 1584 5202 tum
1625 5164 1821 5204 sanum
1884 5165 2086 5221 corpus

506 5243 701 5295 morbo
731 5241 1030 5295 obnoxium
1060 5240 1143 5307 ﬁt,
1171 5249 1284 5295 tum
1313 5240 1456 5310 quod
1493 5240 1684 5294 morbo
1717 5241 2044 5295 laboraverit
2067 5280 2081 5304 ,

504 5341 749 5385 sanatur.
782 5329 914 5384 Nam
949 5331 1041 5400 qui
1074 5331 1238 5401 paulo
1275 5340 1402 5385 ante
1437 5332 1490 5385 in
1540 5331 1776 5386 sanitate
1827 5329 2078 5401 degebat,

501 5425 587 5479 vel
625 5440 720 5493 per
755 5439 924 5477 unum
973 5425 1178 5478 vulnus
1217 5425 1368 5478 venit
1407 5423 1460 5476 in
1500 5421 1803 5491 periculum
1847 5424 2078 5479 mortis:

511 5521 678 5581 atque
711 5527 856 5565 unus
888 5513 1126 5568 ambitus
1165 5521 1259 5566 aut
1287 5511 1536 5567 accessio
1578 5509 1747 5564 febris
1792 5510 2080 5566 ﬁrmitudi-

507 5614 630 5655 nem
677 5616 893 5656 omnem
944 5603 1192 5674 corporis
1245 5617 1309 5658 ac
1337 5603 1577 5674 vigorem
1631 5601 1832 5657 solvit:
1863 5611 1918 5658 et
1965 5606 2079 5658 exi-

579 5774 618 5808 “
661 5775 807 5832 Psal.
847 5792 1010 5845 cxut,
1048 5779 1101 5836 4.

2207 3323 2235 3375 6
2265 3322 2474 3390 φθόνος,
2505 3326 2537 3395 ή
2571 3325 2809 3396 μῆνις,ή
2841 3327 2962 3379 κατ’
2995 3326 3164 3397 ὀργὴν
3198 3328 3430 3399 κίνησις,
3461 3332 3492 3400 ή
3532 3330 3790 3402 θυμώδης

2206 3414 2466 3481 διάθεσις,
2499 3420 2532 3486 ή
2583 3418 2863 3489 ἐπιϐουλὴ,
2895 3421 2928 3489 ή
2975 3419 3283 3490 ὑπόκρισις,
3313 3423 3345 3492 ή
3390 3423 3498 3475 τῶν
3529 3423 3790 3494 λυπηρῶν

2209 3511 2480 3580 μνήμη,ή
2524 3511 2620 3581 τῆς
2664 3511 3071 3581 ἀντιλυπήσεως
3120 3513 3320 3582 ὄρεξις,
3358 3515 3390 3585 ἡ
3438 3517 3789 3586 περικάρδιος

2202 3599 2297 3652 τοῦ
2324 3601 2554 3670 αἵματος
2587 3601 2754 3666 ζέσις,
2790 3604 2818 3654 ό
2856 3602 3050 3672 πικρὸς
3077 3601 3371 3672 ὀφθαλμός.
3399 3602 3582 3657 Ταῦτα
3611 3606 3646 3675 ή
3676 3621 3787 3657 τοις

2202 3691 2375 3745 ούτων
2408 3693 2594 3747 κακῶν
2623 3694 2790 3764 ἀγέλη
2823 3697 2888 3766 τῇ
2924 3695 3238 3766 ἀγαπητικῇ
3273 3695 3504 3749 διαθέσει
3531 3696 3788 3766 ἐξαφανί-

2203 3782 2373 3847 ζεται.
2411 3782 2598 3846 Οὕτως
2625 3785 2874 3838 ἐκϐάλλει
2909 3784 3003 3855 τὴν
3029 3785 3438 3857 εἰδωλολατρίαν
3468 3787 3501 3857 ἡ
3531 3787 3786 3857 ἐνέργεια

2199 3874 2295 3927 τοῦ
2327 3874 2463 3928 Θεοῦ
2501 3875 2835 3946 βουλήματος
2858 3889 2873 3904 ⁶
2907 3876 3099 3946 διπλῆν
3126 3876 3184 3929 δέ
3227 3893 3389 3946 φημι,
3418 3877 3518 3947 τήν
3560 3894 3617 3929 τε
3656 3880 3788 3948 περὶ

2200 3964 2269 4018 τά
2313 3965 2526 4028 εἴδωλα,
2579 3966 2672 4019 καὶ
2723 3966 2820 4036 τὴν
2864 3967 2992 4036 περὶ
3022 3965 3084 4018 τὸ
3111 3965 3372 4036 ἀργύριον
3424 3966 3517 4019 καὶ
3561 3966 3785 4038 χρυσίον

2203 4058 2423 4129 μανίαν,
2458 4057 2601 4128 ἅπερ
2649 4057 2842 4111 εἴδωλα
2885 4057 2993 4110 τῶν
3038 4057 3208 4111 ἐθνῶν
3245 4059 3275 4111 6
3305 4061 3404 4130 τῆς
3445 4062 3784 4130 προφητείας

2199 4147 2452 4218 ὠνόμασε
2476 4147 2653 4217 λόγος.
2688 4147 2975 4218 Γενηθήτω
3001 4147 3181 4200 τοίνυν
3217 4148 3277 4202 τῦ
3312 4148 3523 4220 θέλημά
3552 4167 3670 4216 σου,
3697 4152 3784 4204 ἕνα

2201 4237 2401 4309 σϐεσθῇ
2435 4236 2529 4291 τοῦ
2558 4237 2804 4291 διαϐόλου
2838 4237 2898 4290 τὸ
2926 4237 3158 4308 θέλημα.
3193 4237 3294 4291 Διά
3318 4239 3372 4291 τί
3415 4238 3472 4291 δὲ
3499 4238 3597 4309 τὴν
3625 4239 3783 4309 παρὰ

2197 4328 2290 4382 τοῦ
2315 4328 2450 4382 Θεοῦ
2479 4328 2731 4398 γενέσθαι
2749 4329 2847 4400 τὴν
2871 4329 3081 4400 ἀγαθὴν
3114 4332 3247 4401 ήμίν
3270 4331 3584 4402 προαίρεσιν
3608 4333 3780 4384 ἐπευ-

2196 4421 2435 4492 χόμεθα;
2479 4423 2610 4479 Ὅτι,
2646 4421 2878 4491 ἀσθενὴς
2917 4426 2947 4492 ή
2987 4422 3298 4493 ἀνθρωπίνη
3352 4423 3509 4491 φύσις
3553 4425 3690 4494 πρὸς
3719 4426 3782 4477 τὸ

2195 4513 2400 4582 ἀγαθόν
2447 4515 2615 4578 ἐστιν,
2665 4513 2817 4577 ἅπαξ
2861 4513 2948 4566 διὰ
2988 4513 3188 4577 κακίας
3223 4513 3651 4584 ἐκνευρισθεῖσα.
3698 4517 3777 4570 ού

2195 4605 2304 4676 γὰρ
2337 4604 2476 4675 μετὰ
2505 4606 2601 4675 τῆς
2641 4605 2808 4674 αὐτῆς
2856 4605 3124 4668 εὐκολίας,
3160 4600 3228 4676 ἧς
3265 4605 3400 4676 πρὸς
3443 4607 3506 4658 τὺ
3543 4607 3711 4660 κακὸν
3749 4610 3778 4661 6

2194 4696 2479 4767 ἅνθρωπος
2509 4696 2748 4767 ἔρχεται,
2782 4697 2876 4750 καὶ
2906 4696 3013 4750 ἀπὸ
3035 4697 3224 4749 τούτου
3261 4697 3421 4751 πάλιν
3451 4699 3542 4751 ἐπὶ
3565 4699 3623 4752 τὸ
3645 4701 3779 4767 ἀγα-

2193 4786 2287 4840 θὸν
2321 4787 2717 4858 ἐπανέρχεται·
2747 4787 2935 4858 ὥσπερ
2973 4788 3066 4840 καὶ
3099 4786 3324 4840 ἐπὶτῶν
3360 4789 3622 4860 σωμάτων
3663 4791 3776 4843 ἐστι

2193 4878 2524 4948 κατανοῆσαι
2553 4879 2644 4932 τὸν
2676 4879 2915 4932 τοιοῦτον
2949 4880 3124 4948 λόγον,
3153 4881 3233 4933 ὅτι
3267 4880 3364 4950 οὐχ
3402 4881 3620 4950 ὁμοίως,
3651 4882 3776 4935 οὐδὲ

2195 4967 2332 5039 μετὰ
2361 4969 2460 5039 τῆς
2490 4970 2610 5040 ἴσης
2642 4969 2944 5042 ῥᾳστώνης,
2979 4970 3040 5023 τό
3077 4987 3135 5023 τε
3156 4959 3401 5038 ὑγιαῖνον
3431 4973 3491 5024 ὲν
3514 4973 3653 5041 νόσῳ
3681 4974 3773 5041 γί-

2194 5077 2364 5123 νεται,
2402 5061 2496 5114 καὶ
2524 5061 2584 5113 τὸ
2616 5062 2902 5132 νενοσηκὸς
2941 5062 3244 5129 ὑγιάζεται.
3289 5063 3346 5116 '0
3383 5063 3489 5134 γὰρ
3517 5064 3576 5115 ἐν
3608 5065 3772 5136 ὑγεία

2191 5151 2328 5214 τέως
2355 5152 2573 5221 διάγων,
2605 5154 2698 5205 καὶ
2723 5153 2790 5206 δι’
2823 5153 2938 5216 ἐνὸς
2964 5154 3219 5218 πολλάκις
3242 5154 3553 5226 τραύματος
3574 5157 3652 5218 είς
3674 5156 3771 5208 τὸν

2191 5244 2319 5313 περὶ
2351 5243 2458 5295 τῶν
2483 5244 2730 5313 ἐσχάτων
2760 5241 3002 5298 κίνδυνον
3045 5241 3178 5316 ἦλθε
3204 5262 3220 5278 ·
3256 5247 3347 5299 καὶ
3383 5247 3480 5317 μία
3523 5247 3768 5317 περίοδος

2190 5332 2221 5402 ἢ
2262 5331 2535 5403 καταϐολὴ
2572 5332 2808 5403 πυρετοῦ
2850 5334 3026 5387 πάντα
3057 5334 3148 5387 τὸν
3195 5334 3287 5388 τοῦ
3331 5335 3581 5405 σώματος
3613 5335 3771 5389 τόνον

2151 5464 2154 5466 ν
2187 5423 2451 5488 διέλυσεν,
2479 5422 2574 5475 καὶ
2613 5422 2839 5494 βραχεῖα
2889 5423 3215 5495 δηλητηρίου
3264 5424 3468 5492 γεῦσις,
3504 5424 3538 5493 ἦ
3570 5441 3770 5478 παντε-

2184 5513 2291 5577 λῶς
2325 5513 2650 5586 διέφθειρεν,
2683 5514 2715 5584 ἢ
2765 5515 2895 5586 παρ’
2928 5514 3106 5585 ὀλίγον
3153 5515 3312 5569 τοῦτο
3355 5515 3637 5585 ἐποίησεν
3668 5517 3770 5571 καὶ

2183 5607 2420 5677 δήγματι
2452 5603 2705 5678 ἑρπετοῦ,
2732 5605 2764 5677 ἢ
2800 5605 3012 5678 κέντρῳ
3043 5609 3148 5662 τινὶ
3179 5607 3288 5662 τῶν
3314 5605 3556 5672 ἰοϐόλων,
3591 5605 3625 5679 ἢ
3653 5603 3768 5661 ὀλι-
