4018 6388
300 395 461 453 1165

1255 386 1344 455 ne
1369 380 1722 457 ORATIONE
1760 377 2110 453 nuntium.
2131 426 2203 438 —
2228 383 2486 453 ORATIO
2519 395 2608 453 tv.

3430 396 3572 453 “66

303 515 578 586 σθήματι,
618 497 1160 585 ἧκάτατὲτώματι,ἢ
1208 515 1414 569 πλείονι
1468 515 1564 586 τῆς
1606 516 1887 586 δυνάμεως

1992 528 2154 584 gnum
2188 526 2253 569 ac
2276 526 2505 584 parvum
2538 511 2732 568 veneni
2764 516 3067 584 gustatum,
3105 510 3193 570 vel
3230 512 3452 584 penitus
3475 514 3564 570 ina

299 604 614 677 ἀδηφάγίᾳ,
638 604 671 674 ἢ
698 605 843 676 ἄλλῳ
874 606 979 659 τινὶ
1008 602 1256 677 τοιούτῳ,
1292 606 1496 671 εὐθέως
1524 606 1896 684 ἐπηκολούθη-

302 710 413 747 σεν
450 689 482 765 ἢ
531 694 704 758 νόσος,
757 694 789 765 ἦ
843 693 1098 757 θάνατος’
1134 697 1167 764 ὴ
1216 695 1271 748 δὲ
1323 696 1417 749 τοῦ
1466 697 1896 767 ἀρῤωστήματος

301 783 626 856 ἀπαλλαγὴ,
655 784 873 848 πολλαῖς
903 784 1167 849 ἐπινοίαις
1191 787 1418 854 γίνεται,
1450 788 1546 840 καὶ
1566 787 1893 851 δυσκολίαις,

301 866 413 928 καὶ
443 874 659 945 τέχναις
709 878 1000 945 ἰατρικαῖς,
1051 878 1146 930 ἐὰν
1198 878 1306 948 ἄρα
1359 878 1453 932 καὶ
1504 878 1748 947 γένηται.
1799 879 1895 935 Διὰ

297 967 476 1021 τοῦτο
505 969 641 1040 πρὸς
676 969 775 1039 μὲν
806 969 866 1022 τὸ
891 971 1058 1024 κακον
1089 955 1217 1042 ἡμῖν
1240 972 1340 1052 ’τῆς
1370 971 1549 1041 ὁρμῆς
1579 971 1892 1041 γινομένης,

298 1059 378 1112 οὐ
405 1059 564 1130 χρεία
609 1058 701 1112 τοῦ
736 1061 1144 1131 συνεργοῦντος,
1192 1063 1512 1132 αὐτομάτως
1543 1064 1601 1115 ὲν
1632 1062 1710 1132 τῷ
1737 1062 1894 1133 θελή-

305 1157 449 1221 ματι
477 1151 632 1221 ἡμῶν
659 1138 758 1222 τῆς
778 1152 977 1216 κακίας
1008 1153 1207 1230 ἑαυτὴν
1230 1153 1540 1224 τελειούσης
1561 1170 1575 1185 ο
1608 1155 1655 1206 εἰ
1677 1139 1734 1206 δὲ
1759 1152 1894 1224 πρὸς

295 1242 376 1295 τὸ
415 1245 660 1314 κρεῖττον
682 1244 890 1313 γένοιτο
918 1245 951 1315 ἡ
988 1241 1145 1316 ῥοπὴ.
1180 1245 1273 1298 τοῦ
1318 1245 1451 1298 Θεοῦ
1481 1246 1639 1316 χρεία
1667 1246 1762 1300 τοῦ
1794 1246 1893 1317 τὴν

299 1333 611 1404 ἐπιθυμίαν
636 1337 716 1399 εἰς
746 1335 905 1404 ἔργον
948 1337 1193 1405 ἄγοντος.
1227 1337 1326 1391 Διὰ
1366 1336 1523 1391 τοῦτό
1563 1341 1775 1408 φαμεν·
1811 1339 1892 1393 ὅτι

300 1425 536 1497 Ἐπειδὴ
561 1426 769 1499 θέλημά
800 1432 892 1485 σου
915 1422 1063 1484 ἐστὶν
1091 1433 1121 1499 ἡ
1153 1430 1492 1502 σωφροσύνῆ,
1525 1426 1635 1499 ἐγὼ
1675 1432 1731 1485 δὲ
1764 1431 1895 1504 σάρ-

302 1514 470 1579 κινός
520 1518 636 1587 εἰμι
686 1520 1035 1589 πεπραμένος
1066 1519 1171 1574 ὕπο
1211 1520 1309 1593 τὴν
1357 1521 1660 1593 ἁμαρτίανί
1701 1525 1769 1593 τῇ
1825 1523 1889 1592 σῇ

298 1604 545 1675 δυνάμει
598 1605 962 1678 κατορθωθείη
1001 1624 1089 1678 μοι
1134 1609 1196 1662 τὸ
1228 1610 1431 1679 ἀγαθὸν
1454 1610 1614 1664 τοῦτο
1644 1609 1853 1681 θέλημᾶ
1875 1627 1890 1643 ·

297 1691 489 1757 οὕτως
520 1694 553 1764 ἡ
593 1694 929 1765 δικαιοσύνη,
972 1697 1005 1765 ἠ
1052 1696 1320 1763 εὐσέϐεια,
1350 1699 1383 1769 ἡ
1418 1698 1527 1752 τῶν
1569 1699 1757 1753 παθῶν
1795 1698 1893 1752 ἀλ-

298 1783 617 1854 λοτρίωσις.
659 1786 725 1838 Ἠ
751 1785 861 1857 γὰρ
892 1786 986 1839 τοῦ
1014 1786 1317 1858 θελήματος
1348 1789 1518 1859 φωνὴ,
1551 1788 1730 1854 πάσας
1749 1801 1892 1859 γενι-

297 1872 429 1935 κῶς
475 1873 940 1945 ἐμπεριλαμϐάνει
985 1875 1084 1939 τὰς
1118 1877 1337 1948 ἀρετὰς,
1372 1880 1464 1932 καὶ
1506 1879 1576 1932 τὰ
1617 1880 1890 1933 καθ’ἓκα-

300 1981 443 2018 στον
474 1964 582 2018 τῶν
617 1967 674 2019 ἐν
711 1964 787 2036 τῷ
823 1967 1014 2037 ἀγαθῷ
1057 1970 1380 2040 νοουμένων,
1419 1974 1477 2025 ἐν
1510 1971 1587 2042 τῷ
1625 1972 1890 2044 θελήματι

296 2056 408 2110 τοῦ
442 2057 577 2110 Θεοῦ
608 2058 912 2127 θεωρεῖται.
1368 2045 1379 2057 ’

1997 600 2217 665 terlicit,
2250 603 2334 657 vel
2360 602 2492 672 quin
2516 602 2569 657 id
2593 601 2778 669 l‘aciat,
2805 617 2997 674 parum
3022 604 3177 659 abest
3201 620 3217 659 :
3240 610 3296 659 et
3321 616 3567 659 morsum

1996 694 2289 763 serpentis,
2329 699 2425 748 aut
2466 694 2715 749 aculeum
2739 695 2990 750 venenati
3018 695 3253 766 alicujus
3287 695 3563 758 animalis,

1995 793 2089 838 aut
2119 785 2352 854 lapsum,
2389 792 2483 839 aut
2523 786 2774 852 ruinam,
2813 793 2908 839 aut
2970 785 3172 857 largius
3209 801 3372 856 quam
3419 787 3565 842 vires

1996 875 2139 931 ferre
2188 878 2397 948 possint
2445 885 2720 947 sumptum
2768 878 2971 938 cibum.
3011 887 3106 932 aut
3169 878 3372 949 aliquid
3416 877 3562 932 aliud
3638 896 3651 903 ί

1995 967 2292 1037 ejusmodi,
2323 967 2505 1024 statim
2537 968 2619 1021 vel
2646 968 2869 1024 morbus
2907 968 3176 1036 sequitur,
3230 967 3315 1022 vel
3366 981 3514 1022 mors
3546 984 3563 1021 :

1997 1066 2052 1114 at
2090 1059 2268 1114 morbi
2324 1057 2633 1130 proﬂigatio
2679 1059 2867 1114 multis
2907 1058 3203 1114 solertibus
3236 1058 3476 1114 inventis
3510 1066 3566 1113 et

1995 1149 2306 1206 rationibus
2353 1149 2700 1220 excogitatis,
2733 1148 2899 1203 multa
2937 1165 3059 1204 cum
3121 1148 3456 1212 difﬁcultate,
3509 1157 3568 1203 et

1994 1243 2208 1297 artibus
2246 1241 2477 1297 medicis
2522 1240 2834 1304 conﬁcitur,
2896 1241 2942 1297 si
2976 1239 3117 1295 forte
3149 1241 3313 1295 etiam
3370 1238 3566 1294 eonlici

1996 1335 2193 1405 possit.
2220 1332 2431 1389 Idcirco
2457 1343 2581 1389 cum
2611 1331 2679 1385 ad
2713 1331 2914 1385 malum
2953 1330 3173 1401 quidem
3205 1345 3269 1385 ac
3295 1330 3483 1384 vitium
3508 1330 3565 1384 in
3592 1362 3595 1366 λ

1995 1424 2155 1479 nobis
2186 1424 2297 1477 ruit
2323 1423 2615 1494 appetitus,
2642 1437 2749 1477 non
2785 1435 2926 1491 opus
2950 1430 3036 1477 est
3062 1421 3335 1491 adiutore;
3364 1419 3568 1491 quippe

1995 1515 2050 1570 in
2083 1516 2365 1570 voluntate
2393 1523 2580 1571 nostra
2609 1514 2909 1569 vitiositate
2938 1513 3174 1582 seipsatu
3227 1513 3372 1567 ultro
3401 1510 3568 1583 perﬁ-

1994 1607 2212 1673 ciente;
2243 1607 2387 1677 quod
2423 1607 2467 1663 si
2497 1607 2551 1661 in
2582 1606 2779 1661 melius
2820 1604 3102 1660 inclinatio
3130 1603 3240 1665 ﬁat,
3268 1603 3379 1659 Deo
3429 1616 3569 1674 opus

1993 1703 2098 1764 est,
2141 1699 2238 1770 qui
2273 1699 2515 1755 studium
2545 1706 2599 1753 et
2628 1697 2963 1755 desiderium
2995 1697 3063 1752 ad
3098 1712 3238 1767 opus
3285 1694 3566 1766 perducatt

1993 1788 2288 1859 Propterea
2317 1788 2590 1844 dicimus:
2623 1787 2890 1855 Quoniam
2940 1788 3199 1843 voluntas
3237 1795 3328 1842 tua
3366 1794 3571 1855 tempe-

1996 1881 2170 1934 rantia
2209 1889 2316 1945 est,
2364 1894 2464 1949 ego
2511 1894 2641 1934 vero
2685 1893 2920 1934 carneus
2969 1893 3114 1944 sum,
3173 1875 3431 1932 venditus
3466 1874 3570 1931 sub

1998 1983 2307 2045 peccatum,
2358 1971 2560 2026 virtute
2604 1978 2699 2025 tua
2756 1973 2873 2026 haec
2926 1970 3070 2025 bona
3127 1968 3260 2023 mibi
3313 1969 3569 2023 voluntas

2003 2064 2288 2133 contingat
2321 2081 2335 2117 :
2370 2062 2446 2118 ita
2491 2061 2727 2132 iustitia,
2774 2061 2968 2132 pietas,
3020 2075 3051 2114 a
3083 2060 3232 2115 vitiis
3287 2057 3567 2114 atienatio.

297 2149 449 2205 Nam
516 2152 811 2207 voluntatis
870 2152 1195 2239 vocabulum
1248 2146 1576 2226 generaliter
1642 2162 1830 2214 Dmth
1880 2158 2111 2214 virtutes
2165 2158 2218 2212 in
2258 2170 2318 2215 se
2369 2155 2816 2228 comprehendit,
2867 2170 2933 2211 ac
2966 2170 3087 2226 quae
3133 2153 3445 2225 singulatim
3511 2152 3569 2208 in

299 2246 459 2299 bono
484 2245 877 2316 intelliguntur,
916 2246 970 2301 in
1012 2249 1293 2304 voluntate
1330 2247 1424 2304 Dei
1460 2252 1645 2306 omnia
1672 2252 2202 2307 animadvertuntur.

396 2333 559 2387 Ἀλλά
584 2334 641 2387 τί
673 2334 919 2405 βούλεται
953 2338 986 2407 ἡ
1021 2337 1305 2409 προσθήκη
1345 2338 1440 2392 τοῦ
1484 2333 1665 2409 λόγου,
1706 2340 1888 2406 Ὠς-ἐν

294 2423 545 2493 ῡύράνῷ
573 2425 671 2479 καί
697 2425 798 2479 ἐπὶ
821 2428 928 2495 τῆς
947 2427 1093 2498 γῆς;
1122 2428 1277 2500 Τάχα
1304 2447 1395 2501 μοι
1419 2431 1568 2484 δοκεῖ
1589 2432 1697 2485 τῶν
1725 2432 1888 2502 βαθυ-

294 2517 485 2588 τέρων
506 2520 559 2569 τι
576 2516 860 2589 δογμάτων
879 2520 1270 2591 ὑποσημαίνειν
1293 2524 1321 2575 ὁ
1334 2522 1511 2591 λόγος,
1529 2522 1623 2577 καί
1635 2530 1755 2578 τινα
1773 2536 1890 2578 ποι-

295 2607 491 2662 εῖσθαι
534 2608 879 2664 διδασκαλίαν
904 2610 1239 2683 θεοπρεποῦς
1259 2612 1497 2678 διανοίας
1518 2615 1575 2667 ὲν
1595 2616 1661 2687 τῇ
1689 2615 1891 2688 θεωρία

295 2701 413 2771 Ιτῆς
424 2701 671 2764 κτίσεως.
685 2703 750 2755 Ὃ
760 2702 817 2755 δὲ
829 2701 973 2771 λέγω
982 2703 1222 2758 τοιοῦτόν
1238 2707 1373 2759 ὲστι⁴
1387 2707 1469 2759 Με
1476 2707 1542 2777 μέ
1548 2720 1726 2777 ρισται
1741 2710 1889 2762 πᾶσα

296 2797 335 2866 ἡ
367 2793 563 2866 λογικὴ
594 2796 789 2860 κτίσις,
814 2795 894 2860 εἷς
920 2814 982 2849 τε
1011 2797 1109 2866 τὴν
1134 2796 1425 2867 ἀσώματον
1469 2799 1560 2851 καὶ
1596 2797 1694 2869 τὴν
1723 2797 1890 2852 ὲνσὼο

303 2893 486 2958 ματον
499 2886 679 2956 φύσιν.
707 2887 861 2941 Ἐστι
882 2887 939 2940 δὲ
960 2887 1223 2958 ἀγγελικὴ
1245 2888 1342 2957 μὲν
1362 2888 1395 2958 ἡ
1418 2884 1702 2959 ἀσώματος
1720 2907 1734 2921 ’
1756 2889 1815 2942 τὸ
1832 2889 1889 2944 δὲ

295 2976 397 3028 ἓτε
408 2993 498 3045 ρον
520 2973 659 3039 εἶδος
681 2978 839 3048 ἡμεῖς
867 2979 917 3030 οἱ
940 2978 1234 3048 ἄνθρωποι.
1270 2976 1329 3030 'H
1352 2977 1451 3048 μὲν
1472 2973 1565 3031 οὖν
1584 2979 1767 3048 νοητὴ,
1792 2981 1888 3033 ἅτε

296 3069 369 3138 δὴ
396 3067 492 3121 τοῦ
525 3067 814 3139 βαροῦντος
835 3070 1208 3141 κεχωρισμένη
1239 3068 1488 3141 σώματος
1504 3071 1714 3141 (τούτου
1745 3064 1889 3141 λέγω

297 3158 404 3212 τοῦ
443 3158 738 3212 ἀντιτύπου
775 3177 835 3212 τε
881 3159 976 3214 καὶ
1014 3161 1095 3225 εἰς
1137 3160 1238 3231 γῆν
1275 3159 1582 3232 βρίθοντος)
1633 3161 1730 3234 τὴν
1775 3162 1887 3217 ἄνω

298 3240 462 3320 λῆξιν
503 3247 907 3321 ἐπιπορεύεται,
951 3253 1064 3313 τοῖς
1102 3251 1325 3320 κούφοις
1350 3268 1408 3305 τε
1433 3253 1523 3305 καὶ
1551 3252 1889 3325 αἰθεριώδεσι
1918 3234 1959 3293 C

297 3346 496 3408 ’τόποις
516 3344 947 3415 ἐνδιατρίϐουσα,
974 3345 1033 3397 ὲν
1061 3344 1273 3416 ἐλαφρᾷ
1304 3361 1363 3397 τε
1405 3347 1497 3400 καὶ
1527 3347 1794 3419 εὑκινήτῳ
1821 3352 1887 3420 τῇ

300 3434 472 3503 φῢσει
494 3451 507 3465 °
542 3436 575 3507 ἡ
600 3435 657 3488 δὲ
681 3435 843 3506 ἑτέρα
868 3435 956 3489 διὰ
983 3435 1081 3489 τὴν
1104 3436 1196 3489 τοῦ
1222 3436 1471 3509 σώματος
1499 3438 1655 3510 ἡμῶν
1677 3440 1811 3514 πρὸς
1829 3442 1892 3495 τὸ

299 3524 513 3594 γεῶδες
540 3526 882 3596 συγγένειαν,
908 3522 1019 3582 οἷόν
1044 3537 1163 3583 τινα
1200 3518 1343 3593 ῑλῦος
1374 3530 1746 3602 ὑποστάθμην,
1768 3532 1888 3586 κατ’

301 3620 555 3693 ἀνάγκην
584 3623 674 3676 τὸν
706 3621 984 3695 περίγειον
1010 3624 1200 3679 τοῦτον
1230 3625 1413 3698 εἴληχε
1450 3626 1582 3697 βίον.
1633 3614 1747 3682 υῦκ
1771 3622 1890 3681 οἴδα

305 3714 413 3785 μὲν
436 3714 464 3768 ὅ
482 3730 534 3769 τι
553 3712 646 3768 τοῦ
671 3712 815 3772 suos
848 3716 1009 3787 βουλή
1018 3721 1185 3787 ματος
1205 3718 1293 3771 διὰ
1315 3718 1520 3772 τούτων
1547 3717 1890 3789 οἰκονομοῦν-

298 3805 420 3866 τος,
460 3801 570 3857 εἴτε
600 3805 781 3858 πᾶσαν
808 3804 944 3875 πρὸς
968 3806 1161 3877 ἑαυτὴν
1203 3794 1527 3870 οίκειοῧντος
1563 3808 1661 3879 τὴν
1691 3809 1885 3873 κτίσιν,

299 3895 385 3957 ὡς
420 3896 487 3948 ἂν
530 3896 666 3967 μήτε
694 3895 805 3953 τῶν
836 3897 1098 3968 οὐρανίων
1148 3898 1454 3969 ὑψωμάτων
1482 3901 1515 3968 ἡ
1563 3899 1713 3953 κάτω
1737 3899 1889 3969 λῆξις

300 3987 651 4058 ἆμοιρήσειε,
671 4046 675 4049 _
698 3989 835 4059 μήτε
879 3989 908 4041 6
933 3988 1159 4061 οὐρανὸς
1210 3989 1437 4043 καθόλου
1466 3990 1578 4043 τῶν
1617 3990 1759 4044 κατὰ
1789 3991 1887 4063 τὴν

301 4075 416 4144 γῆν
451 4076 820 4148 ἀμοιρήσειεν,
863 4078 939 4141 ὡς
982 4077 1048 4132 ἂν
1089 4077 1296 4148 γένοιτό
1327 4083 1409 4143 τις
1435 4080 1523 4135 διὰ
1551 4080 1645 4134 τοῦ
1676 4082 1886 4154 ἀνθρω-

304 4166 466 4218 πίνου
499 4166 820 4237 πλάσματος
856 4167 1100 4240 ἑκατέρῳ
1149 4167 1257 4222 τῶν
1299 4169 1578 4240 στοιχείων
1631 4171 1888 4241 μετουσία

300 4254 418 4307 τῶν
454 4256 511 4308 ὲν
542 4255 755 4329 θατέρῳ
782 4258 1107 4328 νοουμένων,
1139 4258 1231 4313 τοῦ
1261 4276 1320 4312 τε
1354 4260 1540 4331 νοεροῦ
1562 4261 1661 4332 τῆς
1687 4261 1884 4333 ψυχῆς,

303 4346 619 4418 6περ,δοκεῖ
646 4348 912 4418 συγγενές
938 4367 997 4403 τε
1029 4350 1122 4404 καὶ
1150 4350 1417 4421 ὁμόφυλον
1438 4352 1547 4406 τῶν
1573 4353 1693 4406 κατ’
1719 4353 1885 4424 οὐραὲ

302 4439 414 4491 νῶν
453 4435 590 4493 εἶναι
621 4439 923 4511 δυνάμεων,
951 4445 1062 4507 τοῖς
1094 4444 1302 4512 γηΐνοις
1334 4442 1581 4514 σώμασιν
1613 4443 1884 4498 ἐνοικοῦν-

301 4535 419 4591 τος,
453 4529 551 4599 τῆς
591 4528 649 4583 δέ
677 4532 884 4602 γεηρᾶς
924 4530 1125 4602 ταύτης
1157 4533 1358 4603 σαρκὸς
1406 4534 1464 4585 ὲν
1507 4535 1573 4603 τῇ
1607 4534 1885 4589 άποκατα-
1919 4566 1962 4624 D

306 4620 499 4673 στάσει
536 4621 643 4673 τῶν
673 4621 891 4675 πάντων
931 4624 1012 4686 είς
1043 4622 1132 4677 τὸν
1160 4623 1410 4692 οὐράνιον
1436 4622 1613 4695 χῶρον
1640 4627 1704 4696 τῇ
1738 4624 1882 4696 ψυχῇ

307 4713 894 4788 συμμετοικιζομένης,
965 4715 1454 4783 Ἀρπαγησόμεϐη
1502 4718 1646 4787 γὰρ,
1706 4716 1887 4780 καθώς

308 4820 474 4874 φησιν
506 4800 534 4856 ό
580 4804 918 4867 Ἀπόστολος,
965 4805 1036 4859 ἐν
1071 4806 1374 4875 νεφέλαις,
1414 4809 1503 4873 sic
1546 4807 1888 4875 ἀπάντησιν

306 4892 418 4947 τοῦ
459 4895 737 4962 κυρίου,
761 4898 850 4961 είς
879 4896 1054 4965 ἀέρα,
1089 4897 1183 4951 καὶ
1240 4897 1423 4962 οὕτως
1468 4897 1728 4953 πάντοτε
1764 4898 1888 4953 σὺν

308 4984 507 5052 Κυρίῳ
531 4986 808 5054 ἐσόμεθα.
849 4986 975 5040 Εἴτε
996 4980 1089 5040 οὖν
1113 4986 1286 5052 τοῦτο,
1316 4987 1426 5042 εἴτε
1447 5006 1498 5043 τι
1530 4987 1716 5058 ἕτερον
1736 4986 1887 5058 παρὰ

308 5076 468 5155 τοῦτο
495 5077 596 5146 τῆς
627 5077 721 5131 τοῦ
754 5068 888 5132 Θεοῦ
937 5079 1128 5147 σοφίας
1166 5080 1571 5151 οίκονομούσης,
1616 5080 1674 5134 ὲν
1699 5079 1764 5151 τῇ
1810 5080 1888 5133 δι-

310 5165 419 5237 πλῇ
454 5165 624 5238 ταύτῃ
655 5168 767 5239 ζωῇ
810 5169 1124 5240 μερισθεῖσα
1156 5171 1307 5224 πᾶσα
1341 5172 1374 5241 ὴ
1409 5170 1600 5242 λογικὴ
1634 5171 1886 5242 διῄρηται

233 5322 241 5331 ί
312 5254 493 5324 φύσις,
523 5259 556 5328 ἡ
589 5259 685 5328 μὲν
716 5258 1005 5329 ἀσώματος
1028 5260 1127 5332 τὴν
1157 5261 1407 5332 οὐράνιον
1439 5261 1676 5332 λαχοῦσα
1708 5279 1886 5333 μακα-

315 5343 535 5414 ριότητα
561 5362 575 5376 ·
623 5348 657 5418 ἡ
679 5346 737 5399 δὲ
760 5347 848 5401 διὰ
871 5349 1071 5420 σαρκὸς
1090 5351 1170 5415 είς
1190 5350 1295 5421 γῆν
1321 5351 1778 5423 ἐπιστρεφομένη,
1801 5351 1887 5405 διὰ

312 5430 411 5502 τὴν
437 5433 572 5503 πρὸς
612 5434 782 5506 αὐτὴν
812 5437 1137 5508 οἰκειότητα.
1181 5438 1248 5491 Ἥ
1273 5438 1372 5510 μέν
1392 5455 1475 5493 τοι
1505 5438 1598 5494 τοῦ
1624 5438 1791 5494 καλοῦ
1821 5456 1879 5492 τε

312 5520 406 5574 καὶ
429 5523 631 5592 ἀγαθοῦ
660 5525 941 5597 ἐπιθυμία,
973 5528 1249 5599 ὀμοτίμως
1281 5530 1517 5603 ἑκατέρᾳ
1547 5530 1880 5602 συνσυσιώθη

310 5613 377 5679 τῇ
404 5613 579 5680 φύσει,
613 5616 709 5671 καὶ
732 5617 791 5669 τὸ
822 5617 1153 5691 αὐτοκρατές
1176 5638 1234 5673 τε
1274 5620 1759 5689 γαὶάὐτεξούσιον,
1788 5625 1882 5677 καὶ

385 5792 430 5822 ⁸³
468 5792 487 5847 l
528 5789 723 5851 Thess.
746 5802 828 5857 ‘Iv,
872 5794 956 5851 l6;

2063 2343 2170 2398 Sed
2201 2342 2332 2414 quid
2365 2341 2470 2398 sibi
2496 2342 2611 2397 vult
2640 2326 2876 2411 adiectio
2908 2340 3078 2407 verbi,
3122 2338 3272 2395 Sicut
3329 2339 3385 2393 in
3438 2326 3572 2396 mlo

1990 2446 2038 2491 et
2071 2437 2122 2490 in
2153 2438 2336 2491 terra?
2367 2433 2592 2490 Videtur
2620 2435 2752 2490 mihi
2799 2449 2983 2490 sermo
3037 2433 3275 2503 aliquam
3337 2430 3570 2488 fortasse

1992 2527 2405 2599 profundiorem
2429 2527 2674 2583 indicare
2699 2526 3047 2590 sententiam,
3074 2532 3129 2580 et
3158 2522 3447 2594 quamdam
3473 2535 3570 2593 per

1992 2617 2507 2688 centemplationem
2537 2624 2805 2673 creaturae
2836 2616 3009 2671 divini
3046 2615 3355 2670 intellectus
3384 2613 3568 2668 trade-

1991 2724 2051 2765 re
2110 2708 2436 2770 doctrinam.
2491 2708 2645 2776 Quod
2700 2718 2882 2764 autem
2929 2708 3074 2771 dico,
3111 2706 3216 2761 tale
3244 2703 3568 2762 est:0mnis

1994 2806 2244 2853 creatura
2277 2799 2561 2855 rationalis
2593 2799 2789 2868 partim
2823 2798 2877 2852 in
2910 2798 3307 2867 incorporeatn,
3365 2795 3566 2866 partim

1996 2890 2050 2945 in
2085 2894 2407 2961 corpoream
2432 2898 2682 2945 naturam
2715 2890 2891 2945 divisa
2915 2900 3016 2946 est.
3048 2890 3144 2945 Est
3170 2896 3350 2945 autem
3398 2902 3567 2959 ange-

1993 2981 2099 3035 lica
2126 2980 2344 3050 quldem
2403 2983 2774 3052 incorporea:
2831 2982 3001 3036 altera
3050 2982 3178 3036 vero
3232 2980 3416 3051 specie
3466 2992 3568 3035 nos

1993 3072 2243 3128 homines
2272 3087 2482 3129 sumus.
2510 3076 2689 3143 Atque
2713 3074 2802 3127 illa
2832 3073 3048 3143 quidem
3072 3076 3214 3142 quas,
3248 3072 3568 3141 incorporea

1993 3180 2115 3220 cum
2150 3166 2241 3233 sit,
2271 3167 2386 3222 sola
2414 3174 2594 3221 mente
2620 3164 3119 3236 comprehenditur,
3153 3173 3214 3220 ut
3255 3180 3376 3234 quae
3402 3163 3566 3218 nimi-L

1992 3266 2113 3312 rum
2141 3272 2170 3312 a
2202 3262 2463 3329 gravante
2482 3271 2711 3328 corpore
2744 3265 2951 3313 remota
3004 3264 3167 3328 atque
3208 3256 3455 3327 seiuncta
3497 3256 3570 3311 sit

1992 3351 2081 3413 (de
2103 3351 2207 3406 hoc
2235 3351 2429 3421 loquor
2450 3351 2608 3417 dum,
2663 3351 2938 3415 renitenti,
2971 3365 3035 3406 ac
3067 3350 3307 3421 pondere
3355 3364 3456 3405 suo
3499 3349 3568 3403 ad

1991 3450 2193 3498 terram
2223 3450 2479 3512 vergente
2508 3443 2888 3513 corpore),per
2929 3456 3182 3512 superam
3219 3451 3427 3511 partem
3466 3442 3566 3495 ubl-

1992 3540 2241 3589 versatur
2266 3534 2320 3588 in
2345 3533 2557 3589 levibus
2578 3540 2633 3587 et
2659 3534 2910 3589 aethereis
2955 3533 3113 3596 locis,
3168 3533 3467 3587 immorans
3510 3533 3567 3587 in

1992 3624 2116 3695 agili
2134 3633 2189 3679 et
2208 3624 2458 3695 Expedita
2479 3632 2708 3692 natura;
2728 3626 2896 3680 altera
2916 3638 3046 3680 vero
3074 3630 3299 3694 propter
3315 3623 3566 3693 corporis

1988 3715 2165 3772 nostri
2192 3730 2316 3770 cum
2360 3721 2537 3771 terrea
2588 3723 2783 3770 natura
2844 3715 3246 3787 cegnationem,
3305 3722 3563 3783 tanquam

1990 3807 2105 3861 llml
2135 3814 2190 3861 et
2229 3805 2376 3862 fascis
2424 3804 2697 3876 quoddam
2762 3805 3148 3868 sedimentum,
3198 3803 3337 3859 hanc
3394 3811 3567 3859 ιρι-νο·-

1990 3904 2157 3954 strem
2182 3898 2347 3952 vitam
2376 3897 2704 3953 neceSsitate
2732 3896 2928 3953 sortita
2969 3897 3071 3951 est.
3125 3893 3277 3950 Haud
3309 3895 3562 3965 equidem

1988 3988 2104 4042 scio
2162 3986 2293 4057 quid
2338 3996 2435 4057 per
2469 3986 2584 4041 haec
2622 3986 2804 4041 divina
2839 3987 3091 4042 voluntas
3128 3985 3462 4057 disposuerit
3499 3995 3565 4040 ac

1988 4080 2360 4146 destinaverit,
2395 4081 2510 4137 slve
2534 4094 2752 4135 omnem
2777 4078 2880 4134 sibi
2910 4087 3217 4133 creaturam
3243 4079 3563 4133 consociare

1986 4177 2149 4241 atque
2169 4171 2464 4227 conciliare
2494 4169 2786 4233 studuerit,
2813 4176 2872 4224 ut
2898 4184 3074 4238 neque
3106 4167 3317 4224 inferna
3367 4176 3562 4223 natura

1987 4263 2292 4319 emlestium
2326 4263 2695 4329 altitudinum,
2729 4275 2908 4331 neque
2965 4260 3163 4314 coelum
3223 4269 3561 4315 terrenarum

1988 4362 2170 4409 rerum
2208 4344 2421 4423 penitus
2447 4366 2642 4423 expers
2671 4358 2837 4415 esset,
2865 4357 2925 4404 ut
2955 4365 3052 4419 per
3086 4350 3321 4404 hominis
3359 4350 3565 4406 forma-

1989 4442 2191 4496 tionem
2222 4448 2387 4510 atque
2413 4440 2780 4495 conditionem
2814 4438 3031 4508 utrique
3083 4440 3350 4494 elemento
3408 4440 3562 4495 ﬁeret

1989 4532 2171 4602 aliqua
2204 4530 2547 4601 participatio
2587 4543 2779 4584 eorum
2809 4544 2930 4598 quas
2967 4528 3019 4582 in
3067 4529 3332 4583 alterutro
3363 4529 3563 4584 intelli«

1987 4628 2226 4689 guntur;
2262 4633 2386 4672 eum
2416 4623 2470 4672 et
2501 4616 2703 4680 anima,
2746 4630 2869 4685 qua;
2922 4622 3102 4671 mente
3143 4622 3382 4680 constat,
3439 4632 3563 4686 quae
3672 4687 3685 4694 ς

1983 4720 2142 4761 mens
2190 4704 2371 4759 aﬂinis
2402 4712 2457 4760 et
2505 4712 2735 4773 cognata
2768 4704 3070 4758 cmlestium
3134 4704 3394 4758 virtutum
3442 4720 3565 4760 esse

1985 4795 2222 4859 videtur,
2278 4796 2511 4851 terrenis
2566 4795 2892 4866 corporibus
2966 4796 3254 4861 inhabitet,
3321 4804 3375 4851 et
3445 4797 3563 4852 hate

1985 4894 2166 4942 terrea
2187 4896 2313 4941 caro
2343 4888 2396 4941 in
2422 4888 2769 4942 restitutione
2788 4887 3166 4943 universorum
3194 4887 3249 4943 in
3281 4889 3558 4944 cte'lestem

1987 4978 2167 5034 locum
2234 4993 2340 5032 una
2396 4993 2521 5032 cum
2573 4978 2756 5031 anima
2815 4979 3187 5048 lransmigret.
3242 4976 3561 5049 (Rapiemur

1982 5070 2152 5133 enim,
2192 5077 2253 5124 ut
2283 5069 2459 5140 inquit
2487 5068 2802 5139 Apostolus,
2830 5070 2885 5123 in
2913 5056 3159 5133 mteibus,
3190 5070 3245 5122 in
3281 5085 3559 5123 occursum

1985 5161 2217 5222 Domini.
2241 5163 2293 5214 in
2310 5177 2478 5216 aerem
2489 5200 2503 5224 ,
2516 5170 2566 5216 et
2587 5162 2664 5215 sic
2682 5176 2882 5227 semper
2895 5177 3012 5214 cum
3027 5160 3253 5213 Domino
3267 5159 3558 5231 erimus".)

1986 5254 2115 5310 Sive
2145 5254 2314 5324 igitur
2336 5254 2457 5318 hoc,
2493 5252 2609 5307 sive
2637 5251 2842 5321 aliquid
2885 5251 3031 5305 aliud
3059 5262 3255 5321 praeter
3283 5250 3389 5306 hoc
3412 5249 3558 5306 divi-

1985 5361 2055 5401 na
2083 5345 2354 5416 sapientia
2406 5344 2747 5416 disponente,
2793 5345 2848 5401 in
2877 5345 3018 5400 hanc
3068 5344 3340 5414 duplicem
3391 5343 3559 5399 vitam

1988 5449 2135 5494 secta
2163 5438 2347 5494 omnis
2377 5445 2569 5492 natura
2596 5436 2882 5492 rationalis
2911 5445 3076 5505 atque
3112 5435 3288 5491 divisa
3319 5441 3425 5501 est,
3451 5450 3560 5491 una

1986 5531 2206 5600 quidem
2262 5531 2610 5598 incorporea,
2656 5542 2779 5598 quae
2835 5528 3114 5582 ctelestem
3174 5526 3562 5582 beatitudinem

1988 5621 2179 5679 sortita
2215 5630 2300 5677 est
2374 5620 2543 5674 altera
2598 5633 2753 5685 vero,
2800 5632 2920 5689 quae
2977 5624 3197 5687 propter
3248 5614 3562 5674 afﬁnitatem
