4018 6368
538 353 669 409 H67

1806 346 1865 403 S.
1907 344 2239 403 GREGORII
2278 347 2570 405 NYSSENI

3682 360 3706 412 Ι
3729 360 3824 413 His

530 482 695 543 quam
728 486 851 525 cum
890 486 951 524 ea
986 470 1169 534 habet,
1204 470 1255 523 in
1286 478 1431 525 terra
1465 485 1561 540 per
1596 486 1819 525 carnem
1856 442 2111 541 occupata

2228 472 2408 544 πάσης
2421 474 2670 543 ἀνάγκης
2686 472 2971 546 ἐλεύθερον
2991 472 3101 526 ἴσον
3123 473 3210 527 ξπ*
3224 474 3427 545 ἀμφοῖν
3445 475 3474 527 6
3496 474 3590 528 τοῦ
3614 475 3825 539 παντὸς

530 571 614 615 est
638 579 652 615 :
680 567 1051 618 verumtamen
1082 561 1204 614 boni
1237 570 1292 614 et
1318 561 1529 616 honesti
1565 562 1806 617 studium
1835 562 2121 633 tequaliter

533 656 823 726 utriusque
855 662 1065 709 natura:
1095 656 1351 710 essentia:
1380 656 1544 709 simul
1577 656 1801 711 insitum
1847 665 1903 711 et
1960 655 2120 708 attri-

532 748 722 802 butum
751 754 857 810 est,
876 746 1203 817 plenamque
1228 747 1354 801 item
1386 762 1451 801 ac
1480 763 1749 802 summam
1786 748 1840 802 in
1865 761 1987 802 sese
2020 762 2119 817 po-

530 846 882 903 testatem,et
915 838 982 892 ab
999 840 1148 891 omni
1184 840 1510 894 necessitate
1531 839 1757 893 liberam
1781 840 2116 893 voluntatem

527 931 581 983 in
614 931 872 1000 utrisque
900 944 1085 999 parem
1118 946 1301 984 rerum
1339 930 1721 985 universarum
1751 946 1954 1001 praeses
1985 930 2119 984 olfe-

528 1022 624 1084 cit,
679 1029 740 1075 ut
772 1020 938 1074 animi
990 1020 1164 1075 libero
1195 1020 1429 1090 quodam
1462 1021 1689 1076 arbitrio
1719 1029 1884 1091 atque
1917 1037 2118 1090 propo-

530 1114 639 1167 sito
664 1120 889 1183 regatur
920 1111 1187 1181 quidquid
1222 1113 1435 1165 ratione
1478 1112 1682 1186 pariter
1713 1126 1777 1165 ac
1806 1119 1987 1166 mente
2022 1112 2119 1164 ho—

529 1214 784 1258 noratum
826 1211 932 1259 est.
968 1201 1071 1258 Sed
1102 1218 1342 1273 superna
1377 1203 1595 1273 quidem
1644 1202 1752 1257 vita
1814 1204 2035 1274 penitus
2085 1219 2115 1258 a

528 1294 775 1364 nequitia
805 1301 972 1364 atque
1010 1294 1311 1350 Vitiositate
1336 1304 1479 1364 pura
1509 1303 1611 1359 eat,
1658 1310 1724 1348 ac
1778 1294 1912 1349 nihil
1956 1295 2120 1366 quid-

525 1401 689 1456 quam
716 1400 792 1440 ex
821 1384 891 1441 iis
942 1400 1065 1457 qua:
1116 1400 1181 1440 ex
1218 1386 1499 1439 contrario
1552 1386 1929 1456 intelliguntur
1989 1401 2114 1439 eum

526 1479 617 1531 illa
641 1477 752 1531 vita
782 1484 1145 1533 conversatur
1202 1485 1364 1546 atque
1435 1477 1878 1531 communionem
1929 1478 2114 1542 habet,

525 1571 621 1625 sed
650 1570 840 1627 omnis
884 1571 1121 1626 vitiosus
1164 1572 1623 1640 perturizatusquc
1660 1581 1842 1625 motus
1884 1579 1943 1626 et
1987 1570 2115 1626 aﬂ‘e-
2156 1602 2161 1607 ~

526 1674 670 1729 ctus,
699 1664 901 1734 quibus
932 1664 1097 1718 rebus
1126 1678 1299 1733 genus
1332 1663 1629 1717 humanum
1665 1663 1961 1718 obnoxium
2007 1670 2112 1727 est,

524 1768 623 1829 per
676 1757 946 1813 infernam
998 1758 1163 1810 vitam
1221 1765 1452 1826 vagatur
1502 1764 1555 1811 et
1614 1756 1855 1811 oberrat.
1911 1758 2112 1823 Quam-

521 1852 711 1903 obrem
740 1863 864 1904 eam
897 1864 1016 1918 qu;c
1060 1848 1116 1902 iu
1153 1840 1309 1902 cretis
1355 1856 1441 1903 est
1481 1858 1797 1902 sanctarum
1842 1848 2109 1902 virtutum

522 1944 686 1995 vitam
740 1955 769 1995 a
818 1942 1060 2011 nequitia
1092 1950 1258 2011 atque
1305 1943 1607 1997 vitiusitatc
1653 1957 1880 1996 vacuam
1928 1950 1983 1996 et
2042 1942 2111 1995 ab

521 2033 670 2087 omni
702 2028 1052 2104 peccatorum
1086 2034 1299 2088 macula
1337 2035 1604 2104 integram
1641 2049 1703 2089 ac
1745 2049 1936 2104 puram
1986 2050 2113 2089 esse

521 2128 673 2182 novit
701 2127 963 2182 divinitus
995 2127 1251 2195 praedicta
1280 2125 1585 2196 Scriptura.
1619 2125 1894 2195 Quidquid
1925 2133 2107 2179 autem

519 2229 674 2276 extra
700 2220 905 2274 bonum
932 2234 1025 2288 per
1057 2218 1230 2288 ipsam
1265 2219 1333 2273 ab
1376 2233 1443 2272 eo
1488 2218 1855 2273 secessionem
1904 2217 2107 2269 malum

516 2312 687 2368 subiit
716 2318 878 2379 atque
901 2310 1165 2379 suscepit,
1199 2309 1345 2364 circa
1364 2324 1667 2364 concavam
1699 2319 1859 2379 atque
1892 2310 2107 2377 deprcs-

519 2420 635 2459 sam
669 2404 811 2457 hanc
830 2402 1024 2460 vita'n,
1062 2401 1223 2455 sicuti
1256 2400 1508 2468 quaedam
1543 2399 1643 2454 faex
1691 2407 1746 2453 et
1782 2399 1945 2453 limus
1978 2414 2112 2452 con-

516 2494 699 2559 ﬂuxit,
757 2507 867 2563 qua
925 2493 1136 2546 ratione
1191 2490 1509 2560 inquinatur
1567 2504 1741 2561 genus
1784 2490 2106 2555 humanum,

518 2602 628 2658 quo
653 2586 836 2641 minus
865 2584 1116 2641 divinum
1152 2584 1334 2637 lumen
1369 2582 1618 2637 veritatis
1663 2583 1962 2644 intueatur,
2015 2597 2112 2651 per

516 2677 790 2745 ejusmodi
845 2677 1102 2731 tenebras
1146 2674 1492 2743 impeditum.
1553 2671 1609 2726 Si
1670 2672 1835 2741 igitur
1872 2687 2110 2740 superna

518 2770 735 2841 quidem
768 2772 875 2822 vita
908 2770 977 2823 ab
1003 2768 1291 2821 aﬂ‘cctibus
1338 2775 1393 2821 et
1448 2766 1596 2821 vitiis
1649 2781 1844 2830 vacua,
1896 2766 2108 2834 integra

520 2872 680 2932 atque
711 2864 1026 2932 incorrupta
1078 2870 1201 2927 est;
1253 2860 1421 2914 variis
1482 2868 1664 2913 autem
1707 2858 1995 2913 aﬂ‘ectilius
2054 2866 2109 2912 et

519 2952 780 3007 :crumnis
832 2953 1086 3031 demersa
1116 2960 1202 3005 est
1232 2950 1396 3020 hujus
1427 2960 1657 3005 terrena:
1693 2951 1816 3003 vita:
1862 2949 2105 3011 miseria,

516 3043 872 3099 manifestum
914 3044 1078 3098 fuerit
1114 3043 1258 3114 quod
1292 3057 1530 3113 superna
1572 3042 1792 3113 quidem
1848 3044 1978 3103 vita,
2018 3052 2106 3096 ut-

2222 562 2519 633 ὲπιστάτης
2563 564 2840 633 ἐποίησεν,
2884 563 2960 625 ὡς
3007 564 3288 636 αὐτονόμῳ
3331 564 3441 618 τινί
3495 565 3821 636 προαιρέσει

2221 653 2622 723 οἰκονομεῖσθαι
2664 657 2773 708 πᾶν
2804 656 2926 708 ὅσον
2956 654 3097 725 λόγῳ
3126 672 3185 707 τε
3215 656 3311 708 καὶ
3343 654 3558 726 διανοίᾳ
3586 654 3819 727 τετίμη-

2220 761 2310 798 ται
2340 762 2353 777 ⁶
2395 746 2505 800 ἀλλ’
2541 748 2575 818 ἡ
2604 747 2702 817 μὲν
2734 746 2847 800 ἄνω
2879 746 3013 818 ζωὴ,
3049 746 3342 817 καθαρεύει
3378 747 3555 819 πάντη
3586 747 3815 807 κακίας.

2221 836 2315 890 καὶ
2342 837 2459 890 οὐδὲ
2505 837 2564 891 ἒν
2592 838 2778 910 ἐκείνῃ
2826 837 2932 892 τῶν
2975 838 3040 891 ὲκ
3087 836 3181 890 τοῦ
3229 839 3470 891 ἐναντίου
3501 838 3817 909 νοουμένων

2223 929 2712 998 συμπολιτεύεται’
2764 932 2915 984 πᾶσα
2960 930 3017 985 δὲ
3057 930 3308 1000 ἐμπαθὴς
3355 931 3567 1001 κίνησίς
3610 949 3669 984 τε
3720 933 3819 983 καὶ

2218 1019 2481 1085 διάθεσις,
2524 1022 2624 1091 τὴν
2660 1021 2812 1074 κάτω
2844 1020 2988 1092 ζωὴν
3032 1022 3335 1092 περιπολεῖ,
3386 1024 3443 1075 ἐν
3470 1018 3552 1087 οἷς
3580 1026 3704 1077 ἐστι
3752 1024 3817 1077 to

2216 1112 2578 1182 ἀνθρώπινον.
2632 1114 2733 1167 Διά
2764 1114 2922 1167 τοῦίτο
2947 1113 3049 1185 τήν
3080 1116 3142 1167 ἐν
3186 1114 3434 1185 οὐρανοῖς
3478 1114 3589 1167 τῶν
3633 1113 3816 1183 ἁγίων

2218 1203 2501 1273 δυνάμεων
2534 1203 2806 1257 πολιτείαν
2844 1204 3020 1274 ἀμιγῆ
3065 1202 3283 1268 κακίας,
3332 1204 3426 1257 καί
3472 1203 3679 1263 παντὸς
3715 1201 3814 1257 τοῦ

2219 1295 2279 1362 ἐξ
2311 1295 2585 1366 ἁμαρτίας
2626 1295 2904 1365 μολυσμοῦ
2936 1294 3363 1367 καθαρεύουσαν,
3389 1298 3418 1349 ὁ
3449 1294 3814 1359 θεόπνευστος

2220 1386 2505 1440 ἐπίσταται
2537 1386 2716 1456 λόγος.
2783 1388 2897 1441 Πᾶν
2926 1385 2982 1440 δὲ
3011 1387 3134 1441 ὅσον
3170 1387 3332 1450 ἐκτὸς
3374 1386 3469 1439 τοῦ
3502 1385 3713 1456 ἀγαθοῦ
3742 1386 3813 1439 δι’

2218 1477 2389 1547 αὐτῆς
2429 1479 2528 1549 τῆς
2576 1480 2973 1551 ἀναχωρήσεως
3012 1478 3179 1533 αὑτοῦ
3232 1480 3558 1550 παρνπέστη
3612 1479 3811 1542 κακὸν,

2219 1571 2347 1640 περὶ
2381 1572 2481 1641 τὴν
2514 1571 2699 1641 κοίλην
2723 1573 2927 1643 ταύτην
2954 1570 3121 1641 ζωὴν,
3145 1566 3257 1626 οἷόν
3285 1589 3368 1636 τις
3400 1571 3600 1643 τρυγία
3623 1590 3684 1625 τε
3710 1570 3811 1625 καὶ

2221 1662 2334 1725 ἰλὺς
2372 1664 2667 1734 συνερρύη,
2768 1664 3053 1733 μολύνεται
3086 1665 3148 1719 τὸ
3171 1665 3531 1736 ἀνθρώπινον,
3571 1666 3714 1739 πρὸς
3750 1666 3811 1719 τὸ

2217 1754 2452 1808 κατιδεῖν
2487 1756 2548 1807 τὸ
2578 1754 2718 1809 θεῖον
2754 1756 2852 1826 τῆς
2882 1755 3140 1823 ἀληθείας
3172 1756 3286 1825 φῶς
3314 1757 3402 1811 διὰ
3430 1757 3526 1810 τοῦ
3553 1759 3805 1811 τοιούτου

2219 1846 2442 1909 σκότους
2463 1847 2906 1918 ἐμποδιζόμενοι).
2936 1850 2997 1902 Εἰ
3019 1850 3195 1903 τοίνυν
3218 1851 3433 1921 ἀπαθὴς
3456 1851 3555 1921 μὲν
3576 1852 3611 1920 ἡ
3639 1852 3808 1921 omp-

2215 1940 2444 2011 κειμένη
2484 1939 2597 2011 ζωὴ
2627 1942 2720 1995 καὶ
2755 1943 3052 2013 ἀκήρατος.
3083 1944 3356 2005 παντοίοις
3382 1942 3437 1996 δὲ
3479 1942 3678 1997 πάθεσι
3705 1943 3805 1995 καὶ

2212 2031 2608 2101 ταλαιπωρίαις
2640 2033 3142 2087 καταεεῦἀπτισται
3180 2036 3213 2105 ἡ
3263 2033 3514 2103 ἀθλιότης
3546 2034 3647 2103 τῆς
3693 2027 3802 2087 ὦδε

2213 2124 2386 2194 ζωῆς”
2420 2123 2579 2193 δῆλον
2609 2124 2676 2178 ἂν
2723 2124 2832 2195 εἴη,
2876 2126 2959 2178 ὅτι
2993 2127 3024 2195 ἡ
3055 2125 3153 2195 μὲν
3198 2126 3311 2179 ἄνω
3354 2123 3616 2185 πολιτεία,
3702 2124 3803 2178 ἅτε

2213 2217 2413 2280 παντὸς
2445 2216 2618 2271 κακοῦ
2658 2216 3059 2288 καθαρεύουσα,
3100 2218 3157 2269 ὲν
3201 2216 3277 2287 τῷ
3310 2216 3498 2286 ἀγαθῷ
3524 2216 3798 2285 θελήματι

2211 2308 2305 2361 τοῦ
2344 2308 2479 2362 Θεοῦ
2528 2308 2922 2379 κατορθοῦται’
2974 2309 3102 2362 ἔνθα
3140 2309 3247 2381 γὰρ
3297 2309 3463 2361 κακὸν
3496 2309 3598 2360 οὐκ
3626 2309 3798 2369 ἐστιν,

2210 2400 2426 2470 ἀνάγκη
2461 2402 2612 2453 πᾶσα
2638 2391 2841 2468 ἀγαθὸν
2864 2396 3034 2453 εἶναι·
3090 2402 3123 2471 ἡ
3156 2399 3212 2452 δὲ
3237 2399 3356 2453 καθ’
3380 2400 3527 2469 ἡμᾶς
3559 2398 3675 2468 ζωὴ
3697 2397 3801 2466 τῆς

2211 2490 2319 2545 τῶν
2350 2490 2569 2560 ἀγαθῶν
2598 2493 2886 2560 μετουσίας
2904 2494 3309 2554 ὲκπεπτωκυῖα,
3343 2489 3798 2544 συνεκπέπτωκεν

2213 2586 2306 2637 καὶ
2333 2585 2425 2638 τοῦ
2448 2584 2591 2638 θείου
2625 2583 2982 2655 βουλήματος.
3037 2585 3136 2639 Διά
3159 2585 3315 2638 τοῦτο
3336 2585 3393 2639 ὲν
3421 2586 3487 2655 τῇ
3517 2587 3796 2654 προσευχῇ

2209 2676 2608 2746 διδασκόμεθα,
2651 2675 2824 2740 οὕτως
2864 2677 3021 2748 ὴμῶν
3061 2677 3156 2730 τοῦ
3199 2675 3370 2730 κακοῦ
3407 2676 3506 2746 τὴν
3526 2676 3679 2748 ζωὴν
3707 2678 3800 2729 ὲκ-

2212 2767 2582 2839 καθαρθῆναι,
2640 2767 2717 2831 ὡς
2771 2768 2890 2821 καθ’
2936 2768 3231 2839 ὁμοιότητα
3274 2767 3374 2837 τῆς
3412 2766 3666 2836 οὐρανίου
3704 2767 3791 2819 δι-

2211 2860 2467 2929 αγωγῆς,
2500 2861 2593 2914 καί⁵
2636 2861 2695 2912 ὲν
2735 2861 2868 2929 ἡμῖν
2908 2859 3321 2931 ἀνεμποδίστως
3347 2858 3407 2911 τὸ
3445 2858 3658 2928 θέλημα
3703 2858 3793 2911 τοῦ

2210 2950 2347 3003 Θεοῦ
2396 2950 2844 3013 πολιτεύσασθαι,
2883 2949 2960 3015 ὡς
2984 2951 3050 3005 ἄν
3080 2967 3164 3010 τις
3191 2950 3338 3018 λέγοι
3365 2966 3377 2978 ·
3423 2948 3505 3002 ὅτι
3529 2948 3793 3018 Καθάπερ

2211 3044 2268 3095 ὲν
2323 3043 2532 3114 θρόνοις
2581 3042 2674 3096 καὶ
2723 3042 2950 3114 ἀρχαῖς,
3011 3044 3105 3097 καὶ
3136 3042 3435 3108 ἐξουσίαις,
3488 3040 3581 3092 καὶ
3610 3045 3797 3106 κυρίου

516 3139 645 3202 pote
678 3134 745 3187 ab
786 3133 934 3188 omni
973 3132 1117 3186 maio
1162 3148 1319 3202 pura,
1364 3147 1458 3201 per
1512 3132 1711 3187 bonum
1770 3133 2105 3197 voluntatem

2214 3149 2357 3203 τησι,
2395 3133 2489 3186 καὶ
2517 3132 2665 3205 πάσῃ
2694 3134 2764 3203 τῇ
2807 3132 3162 3204 ὑπερκοσμίῳ
3196 3133 3424 3201 δυνάμει
3459 3131 3673 3199 γίνεταί
3696 3148 3789 3185 σου

517 3220 615 3276 Dei
665 3230 935 3292 prospere
982 3221 1235 3292 exigatur
1278 3233 1439 3291 atque
1513 3230 1750 3290 regatur.
1809 3220 1910 3276 Ubi
1961 3223 2105 3276 enim

518 3314 723 3367 malum
749 3329 858 3367 non
886 3322 992 3377 est,
1024 3314 1225 3368 bonum
1282 3298 1506 3383 prorsus
1536 3329 1661 3369 esse
1710 3329 1938 3369 necesse
1987 3323 2104 3368 est:

518 3417 708 3462 nostra
737 3414 918 3462 autem
952 3406 1080 3471 vita,
1107 3422 1230 3461 cum
1262 3408 1652 3462 communione
1683 3415 1737 3461 et
1775 3424 1877 3462 usu
1939 3408 2109 3462 bono-

518 3514 642 3553 rum
670 3498 955 3563 exciderit,
980 3497 1144 3553 simul
1170 3497 1332 3552 etiam
1358 3497 1563 3552 excidit
1595 3498 1779 3553 divina
1801 3498 2106 3553 voluntate.

518 3589 731 3645 Idcirco
760 3588 1188 3661 perorationem
1214 3589 1502 3652 docemur,
1553 3589 1629 3642 ita
1661 3604 1691 3641 a
1744 3589 1886 3642 malo
1946 3589 2106 3644 vitam

520 3690 765 3737 nostram
790 3696 1117 3752 expurgare,
1157 3690 1216 3735 ut
1273 3679 1342 3735 ad
1393 3680 1812 3735 similitudinem
1864 3681 2109 3737 caelestis

520 3775 648 3829 vitae
694 3774 955 3839 instituti,
987 3775 1153 3829 etiam
1188 3774 1243 3828 in
1273 3772 1433 3828 nobis
1455 3772 1664 3842 absque
1716 3773 1827 3827 ullo
1878 3773 2110 3844 impedi-

519 3880 705 3921 mento
733 3865 989 3921 voluntas
1020 3863 1116 3919 Dei
1148 3871 1494 3925 exerceatur,
1540 3862 1767 3933 perinde
1796 3878 1860 3917 ac
1888 3864 1933 3918 si
1982 3863 2109 3932 quis

518 3955 694 4010 dicat:
726 3953 1199 4022 Quemadmodum
1234 3954 1289 4008 in
1348 3952 1565 4007 thronis
1593 3961 1647 4008 et
1682 3953 2105 4023 principatibus,

517 4054 574 4103 et
592 4047 982 4118 potestatibus,
1027 4055 1083 4101 et
1104 4044 1597 4120 dominationibus,
1627 4051 1695 4099 et.
1730 4046 1879 4099 omni
1910 4059 2108 4114 supra—

518 4137 1063 4192 uiundauo'exercitu
1097 4138 1155 4191 tit
1184 4135 1437 4191 voluntas
1459 4143 1573 4201 tua,
1601 4135 1806 4188 malitia
1838 4143 2002 4204 atque
2032 4137 2109 4190 vi-

520 4229 764 4285 tiositate
806 4242 1080 4300 nusquam
1111 4229 1240 4283 boni
1293 4228 1567 4282 actionem
1620 4227 1988 4296 impediente:
2026 4229 2105 4283 ita

2213 3226 2274 3279 τὸ
2340 3224 2572 3295 θέλημα,
2624 3223 2876 3295 μηδαμοῦ
2927 3224 3128 3288 κακίας
3177 3221 3653 3295 παραποδιζούσης
3698 3221 3795 3273 τοῦ

2215 3316 2421 3384 ἀγαθοῦ
2450 3318 2547 3387 τὴν
2586 3316 2865 3396 ἐνέργειαν
2887 3333 2898 3345 '
2955 3315 3099 3371 οὕτω
3126 3316 3220 3369 καὶ
3256 3316 3315 3369 ὲν
3339 3318 3472 3385 ἡμῖν
3506 3314 3569 3369 τὸ
3588 3314 3793 3378 ἀγαθὸν

2213 3409 2547 3480 τελειωθείη,
2588 3410 2673 3465 ἵνα
2714 3409 2894 3478 πάσης
2944 3409 3144 3472 κακίας
3187 3406 3426 3461 ἐκποδὼν
3468 3407 3792 3478 γενομένης,

2212 3502 2304 3556 διὰ
2334 3502 2550 3556 πάντων
2643 3502 2704 3556 τὺ
2732 3501 2947 3573 θέλημά
2978 3517 3074 3554 σου
3099 3504 3220 3564 ταῖς
3251 3499 3448 3570 ψυχαῖς
3479 3497 3638 3569 ἡμῶν
3664 3516 3798 3552 κατ·

2212 3590 2587 3662 ευοδούμενον.
2664 3591 2803 3644 Ἀλλ’
2847 3591 2923 3655 ὡς
2968 3589 3457 3660 ἀνθυπενεγκόντος
3486 3589 3663 3653 τινός’
3689 3588 3799 3643 Καὶ

2215 3684 2332 3745 πῶς
2376 3686 2495 3737 ἐστι
2531 3683 2755 3738 δυνατὸν
2789 3682 2888 3755 τὴν
2924 3685 2981 3737 ὲν
3016 3687 3136 3748 ταῖς
3189 3682 3501 3754 ἀσωμάτοις
3531 3683 3797 3753 δυνάμεσι

2214 3775 2583 3847 καθαρότητα,
2614 3778 2726 3839 τοῖς
2757 3775 2844 3829 διὰ
2874 3774 3075 3847 σαρκὸς
3100 3775 3200 3846 τὴν
3229 3774 3370 3845 ζωὴν
3403 3773 3644 3844 εἰληχόσι
3673 3791 3798 3828 κατ·

2211 3866 2537 3937 ορθωθῆναι,
2577 3868 2637 3920 ὲν
2676 3868 2895 3940 μυρίαις
2929 3867 3176 3939 φροντίσι
3222 3866 3310 3921 διὰ
3346 3866 3444 3931 τὰς
3474 3866 3798 3936 σωματικὰς

2212 3959 2400 4029 χρείας
2419 3959 2519 4028 τῆς
2544 3959 2725 4029 ψυχῆς
2744 3958 3190 4030 ὲμϐαθυνούσ-ηςς
3211 3959 3309 4011 Διά
3338 3958 3495 4012 τοῦτο
3511 3975 3601 4028 μοι
3623 3957 3794 4023 δοκεῖ,

2213 4044 2458 4117 καθάπερ
2487 4044 2631 4099 λύων
2652 4046 2749 4117 τὴν
2773 4046 3027 4117 τοιαύτην
3048 4047 3379 4119 ἀμηχανίαν,
3402 4046 3480 4117 τῷ
3499 4044 3626 4115 ἑξῆς
3648 4045 3797 4116 λόγῳ

2210 4138 2271 4191 τὸ
2314 4138 2503 4192 δοκοῦν
2536 4138 2795 4210 δυσχερὲς
2844 4139 2979 4213 πρὸς
3028 4140 3126 4212 τὴν
3162 4139 3526 4211 προκειμένην
3556 4136 3796 4209 σπουδὴν

2212 4230 2534 4285 ὑπεκλῦσαι.

520 4322 725 4378 bonum
747 4323 910 4378 etiam
944 4323 997 4377 in
1026 4322 1185 4379 nobis
1221 4320 1542 4392 perﬁciatur
1567 4331 1622 4377 et
1670 4320 2011 4387 absolvatur,
2081 4332 2142 4378 ut
2180 4324 2414 4393 emedio
2445 4324 2661 4379 sublata
2692 4324 2842 4378 omni
2898 4324 3106 4379 malitia
3159 4334 3321 4395 atque
3381 4323 3651 4394 nequitia,
3697 4337 3797 4377 τοο

518 4418 702 4473 luntas
720 4426 823 4472 tua
847 4418 902 4472 in
932 4417 1133 4474 animis
1186 4417 1394 4472 nostris
1454 4429 1551 4484 per
1596 4415 1788 4470 omnia
1840 4430 2105 4486 prospere
2145 4417 2426 4472 succedat.
2462 4416 2567 4472 Sed
2597 4417 2757 4487 quasi
2780 4416 2985 4485 aliquis
3022 4433 3094 4473 ex
3161 4417 3392 4471 adverso
3449 4411 3796 4482 subjicienda

520 4519 682 4584 atque
734 4510 1060 4581 opponendo
1092 4507 1360 4564 dixisset:
1416 4505 1485 4560 Et
1522 4507 1613 4577 qui
1656 4506 1804 4560 (ierit
1852 4514 2037 4577 potest
2089 4518 2148 4561 ut
2189 4508 2263 4561 illi
2299 4507 2503 4576 quibus
2554 4523 2619 4562 ea
2665 4521 2786 4563 sors
2814 4507 3029 4578 obtigit,
3087 4515 3144 4561 ut
3198 4506 3365 4560 vitam
3421 4519 3516 4574 per
3571 4488 3793 4556 uti-nem

518 4608 783 4678 exigant,-
821 4616 941 4659 eam
986 4614 1109 4674 quae
1156 4602 1212 4658 in
1251 4601 1592 4673 incorporeis
1639 4600 1940 4657 virtutibus
1991 4610 2078 4657 est
2135 4601 2430 4670 puritatem
2475 4610 2862 4671 assequuntur,
2912 4616 3061 4663 cura,
3117 4608 3337 4669 propter
3384 4596 3644 4666 corporis
3699 4612 3794 4650 ne-

519 4698 792 4754 cessarios
821 4708 957 4751 usus
995 4695 1176 4750 anima
1204 4694 1513 4751 innumeris
1541 4694 1692 4750 curis
1760 4694 2011 4750 demersa
2081 4694 2200 4749 sit?
2232 4692 2442 4747 Idcirco
2470 4694 2602 4748 mihi
2636 4692 2847 4748 videtur
2897 4702 3157 4763 tanquam
3188 4690 3491 4745 discutiens
3519 4689 3793 4759 ejusmodi

520 4789 953 4863 perplexitatem,
980 4785 1033 4841 id
1063 4786 1206 4856 quod
1234 4785 1301 4839 ad
1331 4785 1671 4856 [impositum
1692 4782 1938 4840 studium
1965 4782 2187 4839 dimcile
2208 4782 2516 4848 videbatur,
2547 4784 2796 4852 sequenti
2819 4784 3069 4837 oratione
3094 4783 3434 4838 dissolvisse.

582 4877 979 4936 'Certamenim
1007 4877 1373 4946 stabilemque
1401 4876 1730 4933 sententiam
1759 4875 1961 4945 Opinor
1981 4888 2107 4931 eum

2283 4876 2471 4947 Δόγμα
2492 4876 2601 4946 γὰρ
2627 4872 2780 4945 οἶμαι
2802 4874 2891 4928 διὰ
2909 4874 3115 4928 τούτων
3136 4874 3243 4928 τῶν
3260 4873 3433 4941 λόγων
3455 4874 3588 4943 ημῖν
3607 4872 3796 4925 ὑποτί-

517 4973 679 5031 nobis
722 4987 822 5045 per
855 4971 971 5028 haec
1001 4972 1166 5027 verba
1210 4970 1447 5036 tradere,
1482 4970 1688 5040 quibus
1727 4968 2107 5040 quotidianum

2214 4968 2417 5032 θεσθαι,
2434 4971 2493 5022 ἐν
2506 4967 2583 5038 τῷ
2602 4969 2691 5022 τὸν
2708 4969 2809 5037 ὲφή
2817 4983 2882 5038 με
2892 4984 2983 5038 ρον
3003 4966 3167 5037 ἄρτον
3184 4968 3355 5019 αἰτεῖν
3372 4962 3693 5036 προστάξαι,
3710 4963 3793 5017 δτι

519 5078 714 5139 panem
753 5075 940 5137 petere
969 5080 1071 5121 nos
1101 5064 1296 5135 jubet:
1328 5064 1473 5133 quod
1520 5060 1780 5117 nimirum
1823 5059 2109 5131 frugalitas

2214 5058 2283 5129 τῷ
2305 5058 2542 5113 ἀνενδεεῖ
2567 5057 2710 5112 κατά
2733 5059 2831 5127 τὴν
2853 5057 3035 5125 φύσιν,
3066 5057 3128 5110 τὸ
3157 5055 3445 5126 ὀλιγαρκές
3470 5071 3529 5106 τε
3565 5053 3659 5107 καί
3695 5053 3793 5123 μέμ

518 5165 573 5213 et
616 5155 998 5219 mediocritas,
1050 5161 1319 5225 quantum
1357 5155 1551 5207 attinet
1587 5153 1654 5206 ad
1691 5151 1964 5206 rationem
2011 5163 2111 5202 va-

2214 5168 2355 5221 τριον
2392 5150 2537 5204 κατά
2562 5150 2655 5202 τὸν
2682 5150 2780 5218 τῆς
2807 5148 3076 5211 ἀπαθείας
3101 5147 3257 5215 λόγον
3285 5144 3675 5211 συνεξισοῦται.
3714 5146 3790 5200 Οὐ

517 5248 742 5304 collatis
788 5242 1083 5303 affectuum
1133 5255 1188 5301 et
1221 5247 1505 5308 vitiorum,
1550 5245 1887 5314 obsequetur
1933 5242 1981 5297 ei
2034 5240 2110 5293 fa.

517 5340 708 5395 cultati
738 5338 840 5393 ~cui
886 5345 1085 5392 natura
1120 5336 1263 5391 'niltil
1315 5337 1489 5392 deest.
1532 5335 1653 5389 Non
1694 5335 1840 5390 enim
1877 5332 2105 5403 angelus

520 5430 577 5486 in
628 5431 989 5486 orationibus
1023 5444 1052 5483 a
1102 5427 1216 5485 Deo
1254 5429 1386 5500 petit
1436 5429 1540 5484 sibi
1594 5442 1789 5498 panem
1831 5427 2104 5481 submini-

521 5523 708 5587 strari,
733 5522 992 5593 quoniam
1024 5521 1288 5591 praeditus
1315 5529 1399 5576 est
1438 5526 1634 5575 natura
1676 5533 1799 5589 qua:
1841 5518 1978 5573 nihil
2012 5532 2106 5573 ea-

522 5627 644 5667 rum
681 5629 863 5669 reruin
894 5613 1127 5683 amplius
1158 5628 1300 5683 opus
1331 5613 1552 5678 habeat,
1599 5612 1692 5668 sed
1727 5612 1892 5666 homo
1920 5618 2106 5681 petere

521 5700 764 5769 iubetur,
810 5712 1101 5774 propterea
1157 5705 1304 5775 quod
1362 5704 1418 5760 id
1476 5703 1622 5774 quod
1682 5709 1985 5759 evacuatur
2037 5717 2104 5757 eo

524 5791 673 5860 quod
692 5793 923 5864 «repleat
957 5793 1181 5853 omnino
1220 5810 1360 5867 opus
1400 5794 1635 5864 habeat;
1668 5809 1796 5851 nam
1839 5793 1983 5850 ﬂuxa
2018 5800 2104 5848 at-

2206 5243 2315 5315 γὰρ
2336 5244 2479 5295 αἰτεῖ
2503 5243 2595 5297 τὸν
2618 5241 2756 5294 Θεὸν
2794 5244 2852 5294 ἐν
2881 5244 3002 5305 ταῖς
3034 5242 3361 5312 προσευχαῖς
3391 5242 3420 5293 ὁ
3446 5238 3677 5307 ἄγγελος
3693 5238 3794 5309 τὴν

2212 5334 2475 5405 χορηγίαν
2495 5335 2588 5388 τοῦ
2616 5333 2801 5405 ἄρτου,
2842 5334 2923 5387 ὅτι
2954 5332 3226 5404 ἀπροσδεῆ
3257 5332 3515 5404 κέκτηται
3544 5329 3655 5383 τῶν
3684 5347 3794 5384 τοι-

2206 5424 2383 5479 ούτων
2409 5423 2507 5496 τὴν
2540 5424 2702 5494 φύσιν
2720 5440 2735 5454 ο
2779 5425 2951 5478 αἰτεῖν
2976 5422 3033 5476 δὲ
3056 5421 3396 5493 προσετάχθη
3430 5422 3459 5475 ὁ
3480 5418 3789 5491 ἄνθρωπος,

2209 5517 2344 5571 διότι
2373 5516 2434 5571 τὸ
2472 5516 2796 5587 κενούμενον
2824 5516 3037 5579 ὲπιδεὲς
3072 5514 3164 5568 τοῦ
3199 5512 3636 5585 ἀναπληροῦντος
3664 5513 3796 5567 πάν·

2210 5626 2319 5673 τως
2346 5607 2481 5661 ἔστι.
2532 5606 2765 5676 Ῥοώδης
2803 5607 2860 5660 δὲ
2901 5607 2993 5660 καὶ
3026 5604 3296 5679 παροδικὴ
3322 5603 3420 5675 τῆς
3449 5601 3795 5673 ἀνθρωπίνης

2212 5697 2360 5768 ζωῆς
2380 5698 2526 5751 ἐστιν
2549 5699 2581 5769 ἡ
2610 5697 2891 5760 σύστασις,
2910 5698 3030 5750 ἀντὶ
3053 5695 3146 5750 τοῦ
3170 5694 3549 5765 ὲκποιηθέντος
3575 5692 3637 5745 τὺ
3670 5694 3797 5745 ἀνα·-

2212 5791 2401 5855 νεάζον
2431 5790 2783 5863 ἐπιζητοῦσα.
2823 5791 2881 5845 '0
2911 5786 3004 5845 οὖν
3040 5790 3176 5861 πρὸς
3199 5789 3297 5860 τὴν
3318 5788 3418 5861 τῆς
3453 5785 3669 5859 φύσεως
3704 5788 3798 5840 ὕπ-

2408 6034 2435 6048 κ
