4018 6354
555 511 687 567 ΗΠ

1801 506 1858 562 5.
1915 504 2244 563 GREGORll
2294 505 2584 563 NYSSENI

3699 502 3816 555 H79

627 624 885 681 Forsuan
931 622 1202 693 ejusmodi
1244 622 1525 694 quidpiam
1575 622 1738 677 etiam
1782 623 1998 695 Moyses
2047 639 2143 693 per

2318 624 2471 695 Τάχα
2503 642 2591 695 μοι
2614 623 2761 677 δοκεῖ
2787 620 3028 678 τοιοῦτον
3055 638 3109 675 τι
3136 621 3229 674 καὶ
3265 622 3291 674 ὁ
3318 619 3563 688 Μωῦσῆς
3603 618 3672 672 δι’
3694 618 3818 671 αξνι·

555 717 847 787 aenigmata
883 722 1049 786 atque
1096 714 1381 770 involucra
1433 715 1728 770 verborum
1764 715 2142 787 philosophari

553 811 687 865 mihi
709 809 963 873 videtur,
1008 809 1104 879 qui
1135 808 1455 879 voluptatis,
1493 824 1617 878 quae
1649 817 1871 879 gustatu
1907 808 2144 879 percipi-

557 913 669 970 tur,
716 908 1029 972 serpentem
1081 900 1205 957 Eva:
1248 917 1533 959 suasorem
1590 901 1923 978 adhibuerit.
1974 901 2144 969 Aiunt

556 995 702 1052 enim
749 983 895 1050 banc
925 994 1183 1061 bestiam,
1235 1004 1569 1077 serpentem,
1620 994 1866 1063 inquam,
1913 995 1957 1048 si
1992 1010 2144 1049 com-

558 1086 685 1158 pagi
713 1097 875 1157 atque
906 1086 1309 1150 commissurae,
1346 1102 1441 1157 per
1473 1102 1637 1158 quam
1669 1102 1863 1158 repere
1889 1096 2142 1155 conetur,

560 1187 725 1249 caput
773 1176 1097 1233 subduxerit
1143 1185 1308 1248 atque
1363 1178 1685 1249 perpulerit,
1721 1176 1866 1232 haud
1921 1178 2075 1233 facile
2112 1191 2141 1232 a

559 1269 852 1338 posteriori
900 1278 1055 1340 parte
1085 1268 1155 1323 ab
1189 1259 1567 1339 obnitentibus
1605 1284 1766 1339 posse
1812 1268 2015 1324 retrahi
2049 1283 2145 1339 per

555 1361 808 1424 dorsum,
845 1354 1075 1432 squama
1121 1361 1451 1417 naturaliter
1482 1360 1535 1414 in
1567 1359 1909 1415 contrarium
1950 1358 2144 1414 adver-

557 1468 656 1510 sus
686 1454 795 1507 vim
822 1454 1215 1521 attrahentium
1247 1453 1541 1521 resistente
1569 1469 1583 1507 :
1616 1453 1771 1530 quod
1817 1452 1999 1508 facere
2034 1468 2143 1522 non

560 1546 883 1618 prohibetur
909 1546 977 1616 ab
1005 1545 1280 1601 anteriore
1305 1554 1457 1616 parte
1487 1528 1830 1615 elabi'atque
1855 1553 2146 1616 penetrare

558 1640 763 1704 nitens,
817 1639 1040 1695 levitate
1094 1654 1337 1711 squamae
1370 1638 1610 1710 labente,
1660 1639 1712 1693 id
1766 1652 1795 1691 a
1844 1624 2147 1708 posteriore

562 1740 718 1803 parte
748 1730 1024 1794 resolvere
1064 1740 1231 1801 atque
1263 1730 1544 1799 retrahere
1592 1717 2148 1796 tentans,‘obnitente

562 1819 617 1891 vi
681 1835 1061 1891 squamarum,
1107 1822 1326 1892 assequi
1376 1837 1485 1876 non
1534 1827 1760 1892 potest:
1794 1818 2143 1882 ostendente,

559 1903 778 1983 opinor,
815 1911 1121 1983 Scriptura,
1171 1912 1319 1984 quod
1363 1897 1698 1983 voluptatem
1751 1911 2143 1976 introeuntem,

2243 716 2473 786 γμάτων
2502 717 2834 787 φιλοσοφεῖν,
2851 714 2953 786 τῆς
2980 713 3121 768 κατά
3149 712 3246 783 τὴν
3266 711 3452 781 γεῦσιν
3469 711 3669 782 ἡδονῆς
3696 710 3817 780 σύμ-

2245 809 2433 861 ϐουλον
2448 809 2539 862 τὸν
2550 809 2673 878 ὅφιν
2690 807 3048 881 παραστήσας
3063 809 3130 877 τῇ
3147 803 3279 875 Εὕα,
3293 805 3429 858 Φασὶ
3446 804 3554 873 γάρ
3571 804 3634 856 τὸ
3649 804 3819 875 θηρίον

2243 898 2403 968 τοῦτο
2431 900 2521 954 τὸν
2539 900 2684 970 ὄφιν,
2706 900 2757 953 εἰ
2801 900 2901 970 τὴν
2930 897 3166 970 κεφαλὴν
3189 898 3451 968 ἀπαγάγῃ
3476 899 3543 967 τῇ
3562 897 3789 968 ἁρμονίᾳ
3804 936 3817 961 ,

2246 994 2325 1056 εἰς
2343 992 2411 1064 ἣν
2439 991 2797 1059 παραδύεται,
2829 990 2905 1061 μὴ
2923 990 2990 1044 ἂν
3017 993 3082 1043 ἐκ
3097 988 3190 1044 τοῦ
3206 989 3426 1062 οὐραίου
3461 990 3664 1061 ῥαδίως
3684 991 3821 1061 παρὰ

2244 1084 2355 1138 τῶν
2394 1083 2778 1143 ἀντισπώντων
2797 1082 3212 1154 ἀνελκυσθῆναι,
3237 1084 3335 1153 τῆς
3364 1081 3561 1153 ῥαχίας
3589 1082 3819 1150 φυσικῶς

2244 1179 2344 1248 τῆς
2367 1176 2575 1246 φολίδος
2606 1178 2687 1240 είς
2701 1177 2762 1230 τὸ
2783 1176 3017 1248 ἔμπαλιν
3036 1176 3170 1247 πρὸς
3190 1176 3289 1246 τὴν
3306 1175 3413 1229 τῶν
3448 1174 3818 1245 ἐφελκομένων

2248 1268 2369 1339 βίαν
2396 1266 2807 1338 ἀντιὸαινούσης
2827 1285 2841 1298 ο
2876 1268 2969 1323 καὶ
2995 1263 3056 1322 οὗ
3079 1268 3223 1338 κατά
3253 1267 3315 1321 τὸ
3340 1266 3657 1339 ἔμπροσθεν
3683 1267 3819 1320 ἀκώ-

2246 1360 2404 1424 λυτός
2436 1362 2638 1433 ἐστινὴ
2674 1361 2935 1425 διάδοσις,
2965 1360 3045 1432 τῷ
3072 1360 3198 1430 λείῳ
3228 1360 3326 1432 τῆς
3356 1360 3567 1431 φολίόος
3593 1358 3821 1425 ὀλισθαι-

2247 1451 2463 1524 νούσης,
2490 1452 2681 1507 τούτου
2714 1440 3043 1525 ἀμήχανοςῆ
3070 1454 3134 1520 ἐκ
3159 1452 3267 1506 τῶν
3289 1453 3516 1521 κατύπιν
3545 1453 3813 1513 ἀνάλυσις,

2247 1546 2366 1608 ταῖς
2391 1543 2500 1597 τῶν
2523 1543 2753 1599 λεπίδων
2775 1534 3101 1616 προσϐολαῖς
3129 1544 3512 1617 ἁντισπωμένη
3544 1562 3559 1576 ·
3591 1545 3818 1609 δεικνύν-

2246 1652 2360 1699 τος,
2394 1630 2567 1706 οἶμαι,
2600 1634 2694 1690 τοῦ
2745 1632 2930 1705 λόγου,
2976 1636 3059 1690 δτι
3081 1635 3182 1708 τὴν
3216 1636 3407 1707 ἡδονὴν
3434 1635 3711 1703 εἰσιοῦσαν
3737 1635 3819 1690 καὶ

2250 1725 2671 1798 παραδυομένην
2684 1727 2750 1797 τῇ
2779 1727 2877 1798 τῆς
2904 1726 3084 1798 ψυχῆς
3106 1716 3289 1799 ῥαχίᾳ,
3311 1712 3677 1795 φυλάττεσθαι
3701 1726 3816 1801 χρὴ,

2250 1819 2345 1871 καὶ
2372 1818 2743 1889 ἀποφράττειν
2777 1817 2854 1882 ὡς
2896 1818 2975 1872 ἔνι
3018 1818 3253 1889 μάλιστα
3286 1819 3386 1883 τὰς
3427 1802 3818 1891 ἁρμονίαςτού

2252 1909 2389 1980 βίου.
2445 1908 2601 1965 Οὒτω
2641 1909 2750 1982 γάρ
2773 1909 2839 1965 ἂν
2887 1909 3100 1982 καθαρά
3134 1911 3432 1993 φυλαχθείη
3460 1912 3563 1982 τῆς
3591 1912 3699 1964 τῶν
3735 1911 3821 1981 θη-

561 2012 616 2066 et
667 2005 865 2059 anima:
919 1993 1088 2061 dorso
1144 2005 1500 2076 obrepenten)
1554 2020 1749 2060 cavere
1805 2012 2041 2075 oportet,
2092 2014 2147 2059 et

2252 1978 2384 2073 ρίων
2414 2001 2695 2073 ἐπιμιξίας
2783 1978 3095 2075 ἀνθρωπίνη
3449 1978 3574 2067 τινα

562 2111 728 2167 quam
780 2096 1017 2163 maxime
1066 2096 1184 2168 ileri
1235 2086 1436 2175 potest,
1465 2097 1593 2151 vita:
1643 2111 1937 2167 compages
1980 2095 2147 2166 obtu-

561 2202 725 2261 rare;
754 2188 827 2242 ita
859 2188 1004 2260 enim
1053 2202 1083 2242 a
1129 2190 1531 2259 consuetudine
1561 2189 1859 2255 bestiarum
1902 2187 2008 2242 vita
2046 2188 2150 2242 hu-

563 2295 727 2345 mana
756 2296 894 2352 pura
920 2281 1126 2350 servari
1159 2281 1356 2352 possit.
1391 2280 1547 2348 Quod
1580 2282 1627 2337 si
1662 2282 1901 2353 aliquem
1937 2280 2147 2336 aditum

563 2363 858 2447 adversum
892 2388 992 2429 nos
1028 2362 1225 2429 nactus
1257 2356 1443 2439 fuerit,
1496 2373 1608 2428 vita
1645 2373 1953 2443 composita
1989 2372 2151 2427 nimi-

562 2478 685 2518 rum
718 2465 772 2517 iu
802 2463 962 2519 nobis
989 2462 1281 2534 dissoluta,
1312 2463 1549 2519 latitabit
1583 2479 1680 2535 per
1719 2463 1820 2525 ius
1854 2478 2148 2534 compages

561 2555 864 2612 dissolutas
905 2569 1133 2626 serpens
1180 2556 1503 2626 voluptatis,
1554 2541 1656 2611 nec
1710 2565 1932 2628 propter
1983 2571 2151 2627 squa-

561 2660 680 2699 mas
714 2660 780 2700 ex
828 2647 1030 2703 mentis
1074 2645 1385 2702 recessibus
1434 2661 1499 2701 ac
1540 2634 1766 2703 latebris
1817 2645 1977 2703 facile
2022 2647 2148 2718 ejici

561 2734 783 2819 poterit.
821 2733 994 2791 Porro
1041 2753 1303 2808 squamas
1333 2752 1460 2794 cum
1491 2738 1671 2803 audis,
1705 2727 2149 2808 multiplices-ae

559 2824 743 2880 varias
773 2824 1113 2896 voluptatum
1147 2830 1408 2885 materias
1448 2837 1502 2885 et
1530 2830 1857 2887 occasiones
1886 2846 1983 2901 per
2015 2832 2150 2886 aani-

560 2930 687 2984 gma
729 2926 895 2987 atque
946 2919 1293 2978 involucrum
1327 2922 1480 2978 verbi
1525 2922 1794 2995 intellige.
1837 2921 1953 2978 Una
2001 2923 2147 2979 enim

562 3009 807 3079 generali
861 3010 1030 3075 verbo
1072 3012 1250 3081 bestia
1288 3021 1372 3069 est
1404 3014 1704 3086 voluptatis
1750 3014 2023 3072 allectus:
2052 3015 2149 3072 sed

567 3099 731 3155 varia:
777 3102 1220 3185 multiplicesque
1268 3107 1611 3177 voluptatum
1642 3105 1850 3173 formae,
1886 3109 2009 3164 vitae
2046 3109 2150 3164 bu-

565 3208 742 3251 utante
801 3210 897 3275 per
940 3211 1139 3251 sensus
1173 3197 1430 3253 immista:
1479 3207 1646 3269 atque
1700 3198 2148 3268 inhazrescentes,

565 3284 649 3343 hac
706 3299 951 3356 squamae
1003 3289 1276 3357 serpentis
1326 3297 1477 3361 sunt,
1529 3291 1795 3359 varietate
1853 3291 2145 3348 aﬂ‘ectnum

563 3378 727 3447 quasi
780 3379 1013 3441 maculis
1064 3368 1359 3452 distinctae.
1421 3381 1479 3438 Si
1535 3382 1701 3455 igitur
1764 3384 1906 3458 fugis
1962 3385 2150 3441 bestia:

564 3469 988 3543 contubernium
1038 3482 1206 3544 atque
1248 3473 1735 3548 cohabitationem,
1781 3456 1915 3533 cave
1960 3486 2148 3550 caput,

566 3562 673 3633 hoc
706 3570 813 3629 est,
860 3563 1095 3650 primum
1126 3551 1275 3634 'mali
1304 3566 1569 3636 impetum
1617 3576 1671 3624 et
1717 3568 2002 3639 incursum
2037 3587 2050 3639 ι
2083 3571 2150 3626 ad

565 3654 670 3715 hoc
699 3654 844 3729 enim
878 3657 1137 3729 prmeepti
1187 3657 1402 3714 Domini
1438 3660 1677 3730 pertinet
1713 3660 2064 3719 involucrum
2098 3671 2153 3719 et

563 3745 829 3816 aenigma:
852 3743 976 3816 Ipse
1008 3746 1305 3818 abserpabit
1339 3749 1648 3819 calcaneum
1679 3761 1852 3817 tuum,
1885 3763 1934 3806 et
1965 3763 2022 3806 ιιι
2063 3754 2155 3808 ob-

563 3833 802 3896 servabis
848 3824 1006 3905 caput
1046 3836 1162 3907 ejus
1185 3839 1253 3893 ε’.
1290 3838 1370 3908 Ne
1423 3841 1522 3896 des
1567 3840 1775 3911 aditum
1813 3845 2051 3914 serpenti
2084 3829 2153 3897 ad

564 3927 828 4000 interiora
877 3918 1168 4001 irrepenti,
1217 3937 1272 3986 et
1323 3945 1354 3995 a_
1402 3932 1579 4001 primo
1605 3934 1761 4003 initio
1791 3949 1954 3990 onme
1990 3951 2151 3990 suum

564 4017 825 4093 volumen
856 4007 1021 4074 simul
1070 4019 1329 4092 inferenti
1362 4040 1379 4092 ι
1409 4037 1572 4090 mane
1607 4032 1774 4094 atque
1815 4027 2062 4082 consiste
2097 4028 2153 4081 in

567 4122 672 4172 usu
704 4109 1021 4178 necessario
1045 4128 1059 4164 :
1088 4109 1358 4187 terminus
1399 4120 1521 4167 esto
1552 4113 1647 4168 tibi
1679 4115 1806 4169 vitae
1826 4117 2156 4172 sollicitudi-

566 4199 682 4263 nis,
729 4215 826 4270 per
878 4215 969 4255 res
1008 4200 1203 4257 obvias
1233 4209 1287 4256 et
1340 4203 1614 4272 parabiles
1665 4208 1964 4262 necessarii
2020 4225 2154 4265 usus

566 4300 734 4364 atque
789 4293 1041 4351 delectus
1090 4296 1353 4366 expictio.
1397 4296 1552 4365 Quod
1600 4299 1645 4355 si
1700 4307 1879 4355 tecum
1936 4317 2156 4373 quoque

566 4386 922 4447 consiliarius
954 4385 1076 4442 Evae
1103 4389 1508 4445 sermocinetur
1548 4390 1617 4446 de
1657 4405 1724 4446 eo
1759 4392 1902 4461 quod
1925 4402 2155 4464 aspectu

563 4474 880 4551 pulchrum,
927 4483 1149 4547 gustatu
1179 4490 1348 4532 suave
1382 4477 1475 4541 sit,
1511 4486 1566 4533 et
1598 4487 1796 4548 praeter
1821 4494 2017 4550 panem
2049 4482 2156 4537 tale

565 4557 883 4637 obsonium
916 4567 1234 4639 talibusque
1287 4566 1654 4625 condimentis
1699 4579 1954 4640 paratum
2003 4588 2156 4644 quae-

2251 2091 2374 2146 καθ’
2407 2091 2562 2163 ἡμῶν
2588 2091 2761 2158 λάϐοι,
2789 2092 3135 2164 διαλυθείσης
3149 2094 3207 2146 ὲν
3230 2094 3360 2165 ἡμῖν
3390 2094 3487 2165 τῆς
3513 2094 3817 2176 ἐναρμονίου

2252 2183 2421 2255 ζωῆς,
2452 2183 2794 2254 ὲμφωλεύσει
2819 2183 2907 2238 διά
2932 2184 3136 2239 τούτων
3155 2187 3185 2239 ὁ
3212 2188 3310 2258 τῆς
3332 2186 3527 2268 ἡδονῆς
3556 2187 3694 2255 ὄφις,
3719 2188 3818 2261 τοῖς

2248 2278 2350 2347 τῆς
2382 2275 2620 2340 διανοίας
2641 2277 2930 2349 χωρήμασι
2956 2276 3319 2350 δυσέκκλητος
3345 2278 3432 2332 διὰ
3460 2277 3570 2332 τῶν
3606 2278 3817 2348 φολίδων

2250 2366 2556 2437 γινόμενος.
2604 2369 2825 2433 Φολίδας
2849 2367 2906 2435 δὲ
2938 2368 3172 2435 ἀκούων,
3206 2370 3306 2435 τὰς
3330 2370 3702 2442 πολυτρόπους
3722 2370 3815 2424 τῶν

2250 2459 2452 2531 ἡδονῶν
2479 2461 2735 2532 ἀφορμὰς
2755 2461 2844 2531 διὰ
2873 2461 2968 2516 τοῦ
3001 2461 3322 2533 αίνίγματος
3350 2464 3564 2535 νόησον.
3610 2466 3704 2518 Ἕν
3724 2466 3816 2537 γὰρ

2251 2552 2439 2623 θηρίον
2464 2552 2541 2624 τῷ
2569 2552 2771 2638 γενικῴ
2799 2554 2965 2640 λόγῳ,
3000 2555 3061 2608 τὸ
3094 2555 3218 2621 καθ’
3252 2555 3447 2632 ἡδονήν
3475 2559 3593 2611 ἐστι
3628 2556 3811 2622 πάθος·

2250 2647 2307 2698 αι
2334 2645 2390 2698 δὲ
2433 2646 2676 2700 ποικίλαι
2716 2645 2809 2713 καὶ
2852 2647 3179 2719 πολύτροποι
3216 2647 3324 2701 τῶν
3356 2647 3562 2719 ἡδονῶν
3593 2649 3741 2711 ἰδέαι,
3765 2648 3810 2712 at

2251 2735 2340 2797 διὰ
2365 2736 2474 2791 τῶν
2507 2738 2812 2811 αἰσθήσεων
2848 2738 3199 2811 ἐμμιχθεῖσαι
3230 2743 3296 2812 τῇ
3337 2740 3652 2813 ἀνθρωπίνῃ
3697 2739 3811 2811 ζωῇ,

2252 2820 2413 2882 αὗταί
2459 2831 2595 2885 εἰσιν
2628 2831 2683 2884 αί
2719 2832 2848 2902 περὶ
2886 2831 2978 2884 τὸν
3024 2832 3148 2901 ὅφιν
3188 2832 3418 2902 φολίὸες,
3472 2835 3543 2905 τῇ
3597 2832 3814 2903 ποικιλία

2250 2921 2358 2975 τῶν
2379 2923 2715 2995 παθημάτων
2743 2925 3113 2979 κατάστικτοι.
3144 2926 3206 2978 Εἰ
3235 2921 3328 2980 οὖν
3356 2924 3581 2996 φεύγεις
3617 2926 3712 2997 τὴν
3732 2925 3811 2979 τού

2252 3014 2442 3089 θηρίου
2486 3018 2819 3088 συνοίκησιν,
2847 3017 3076 3087 φύλαξαι
3128 3019 3226 3087 τὴν
3271 3017 3531 3088 κεφαλὴν,
3557 3017 3808 3079 τουτέστι,

2251 3108 2349 3180 τὴν
2379 3107 2603 3179 πρώτην
2633 3094 2726 3175 τού
2751 3107 2915 3176 κακοῦ
2943 3108 3250 3179 προσϐολήν
3272 3125 3286 3138 ·
3314 3111 3391 3173 εἰς
3413 3108 3573 3162 τοῦτο
3605 3107 3709 3179 γὰρ
3735 3106 3816 3176 9&-

2254 3217 2339 3273 ρει
2383 3200 2484 3265 τῆς
2506 3199 2726 3269 ἐντολῆς
2777 3198 2868 3253 τοῦ
2898 3199 3104 3271 Κυρίου
3132 3199 3191 3252 τὸ
3222 3198 3471 3281 αἴνιγμαο
3501 3199 3695 3264 Αὐτός
3714 3215 3814 3251 σου

2176 3323 2219 3381 C
2252 3290 2500 3361 τηρήσει
2515 3289 2797 3360 πτέρναν,
2820 3290 3012 3344 καὶσὺ
3028 3307 3136 3359 τηρ
3144 3290 3312 3358 ήσεις
3323 3289 3508 3352 αὑτοῦ
3537 3288 3813 3371 κεφαλήν

2257 3385 2332 3456 μὴ
2376 3382 2481 3454 δῷς
2506 3382 2739 3454 πάροδον
2777 3381 2855 3453 τῷ
2880 3382 3122 3453 ἐρπυστῇ
3168 3381 3302 3453 πρὸς
3329 3380 3391 3434 τὸ
3418 3380 3693 3453 ἐνδότερον
3716 3383 3814 3433 εἰσ-

2254 3475 2493 3545 έρποντι,
2539 3475 2633 3529 καὶ
2659 3473 2767 3527 ἀπὸ
2790 3473 2888 3543 τῆς
2922 3472 3145 3544 πρώτης
3170 3472 3346 3545 ἀρχῆς
3376 3471 3494 3527 ὅλον
3519 3471 3710 3540 ἑαυτοῦ
3738 3469 3815 3524 τὸν

2252 3565 2410 3619 ὁλκὸν
2450 3563 2875 3636 συνεισφέροντι.
2926 3564 3127 3627 Μεῖνον
3156 3561 3249 3615 ἐπὶ
3290 3564 3388 3633 τῇς
3427 3561 3656 3640 χρείας·
3704 3561 3813 3631 ὅρος

2253 3656 2394 3711 ἔστω
2439 3673 2520 3710 σοι
2563 3655 2664 3723 τῆς
2711 3652 2935 3733 τοῦζῆν
2962 3654 3270 3730 φροντίδος,
3322 3652 3470 3731 ήδιά
3502 3652 3611 3721 τῶν
3654 3656 3817 3709 ἐπιτυ-

2254 3752 2457 3822 χόντων
2505 3746 2601 3813 τοῦ
2650 3746 2922 3810 ἐνδέοντος
2969 3733 3268 3824 πλήρωσις.
3333 3746 3397 3811 Et
3436 3744 3493 3813 δὲ
3543 3745 3637 3813 καί
3681 3760 3754 3797 σοι
3791 3743 3815 3794 ὁ

2252 3845 2352 3914 τῆς
2386 3840 2532 3904 Εὔας
2563 3839 2863 3911 σύμϐουλος
2904 3837 3206 3906 διαλέγοιτο
3248 3838 3375 3909 περὶ
3420 3837 3514 3890 τοῦ
3563 3836 3699 3905 κατά
3732 3834 3815 3902 τὴν

2255 3932 2376 4004 ὄψιν
2431 3930 2636 3995 καλοῦ,
2699 3930 2793 3984 καὶ
2846 3928 2944 3999 τὴν
2993 3926 3179 3997 γεῦσ.ν
3226 3927 3413 3998 ἡδέος,
3483 3926 3577 3980 καὶ
3617 3924 3815 3996 ζητοίης

2254 4011 2348 4079 ἐπὶ
2386 4024 2462 4095 τῷ
2508 4025 2659 4094 ἄρτῳ
2705 4022 2766 4075 τὸ
2812 4021 2941 4092 ὄψον
2984 4020 3045 4073 τὸ
3097 4019 3327 4084 τοιόνδε,
3384 4019 3477 4088 καὶ
3519 4019 3580 4072 τὸ
3613 4018 3698 4087 διὰ
3725 4015 3814 4069 τῶν

2255 4116 2473 4172 τοιῶνδε
2522 4115 2850 4186 ἡδυσμάτων
2896 4111 3355 4183 ὀψο-ποιούμενον,
3409 4107 3528 4181 εἶτα
3570 4111 3656 4180 διὰ
3701 4107 3809 4162 τού-

2254 4227 2362 4263 των
2393 4207 2499 4275 ἔξω
2543 4207 2651 4260 τῶν
2682 4192 2995 4274 ἀναγκαίων
3025 4206 3166 4275 ὅρων
3197 4205 3296 4276 τὴν
3314 4203 3625 4275 ·ὲπιθυμίαν
3655 4202 3810 4270 ἄγοις,

2255 4302 2375 4354 τότε
2430 4299 2551 4370 ὄψει
2607 4298 2696 4351 τὸν
2750 4296 3026 4369 ἐρπυστὴν
3084 4294 3225 4357 κατά
3280 4294 3342 4348 τὸ
3408 4293 3634 4362 λεληθὸς
3696 4290 3813 4362 πρὸς

2257 4391 2572 4455 πλεονεξίαν
2614 4387 2922 4451 ἀκολούθως
2975 4385 3337 4465 μεοέρποντα.
3399 4385 3531 4439 Ἀπὸ
3574 4384 3681 4457 γὰρ
3728 4382 3811 4450 τῆς

2256 4484 2561 4553 ἀναγκαίας
2597 4480 2825 4554 τροφῆς,
2866 4479 2958 4536 ἐπὶ
2993 4476 3092 4552 τὴν
3128 4476 3429 4546 ὀψοφαγίαν
3455 4474 3652 4547 ἓρψας,
3693 4472 3812 4549 1:95;

2256 4576 2319 4630 τὸ
2368 4577 2424 4628 ὲν
2467 4571 2765 4643 ὀφθαλμοῖς
2800 4570 2898 4641 ἡδὺ
2949 4569 3334 4640 μεταϐήσεται,
3389 4567 3553 4639 σκεύη
3609 4563 3814 4635 λαμπρὰ

567 4671 698 4739 ras;
734 4655 933 4712 deinde
963 4672 1062 4728 per
1093 4657 1209 4714 haec
1243 4659 1556 4730 cupidinem
1586 4668 1640 4716 et
1660 4663 1964 4731 appetitum
1994 4671 2149 4718 extra

2258 4666 2460 4739 ζητῶν,
2504 4665 2599 4720 καὶ
2635 4661 2915 4735 ὑπηρέτας
2966 4658 3167 4732 ἁδροὺς
3214 4658 3306 4712 καὶ
3342 4658 3528 4725 κλίνας
3568 4656 3811 4728 ἀργυρᾶς,

567 4737 868 4811 necessarii
924 4740 1060 4806 usus
1114 4753 1381 4827 terminos
1437 4753 1682 4821 educas,
1752 4759 1884 4821 tunc
1935 4753 2151 4812 videbis

567 4851 879 4930 serpentem
920 4842 1156 4918 latenter
1209 4842 1280 4917 ad
1312 4844 1601 4915 avaritiam
1636 4843 1897 4915 deinceps
1932 4861 2154 4916 proser-

566 4926 805 5008 pentem.
835 4934 974 4991 Cum
1001 4936 1149 5011 enim
1183 4951 1213 4990 a
1242 4937 1563 5009 necessario
1598 4938 1721 5006 cibo
1752 4936 1819 5009 ad
1845 4927 2153 5009 ingluviem

566 5028 857 5115 serpserit,
889 5027 957 5083 ad
987 5027 1046 5099 id
1074 5028 1221 5101 quod
1252 5037 1479 5114 aspectu
1516 5029 1824 5115 iucundum
1851 5040 1936 5086 est
1971 5040 2155 5088 trans-

566 5105 688 5183 ibit,
720 5134 851 5195 vasa
887 5120 1177 5192 splendida
1212 5103 1378 5209 atque
1421 5103 1692 5193 elegantia
1724 5138 1998 5204 quaerens,
2048 5125 2154 5193 mi-

567 5210 775 5267 nistros
825 5211 958 5266 item
985 5218 1253 5281 venustos
1298 5227 1364 5267 ac
1399 5212 1687 5290 delicatos,
1739 5208 1912 5277 lectos
1954 5231 2150 5291 argen-

567 5308 712 5377 teos,
771 5310 948 5378 strata
1013 5304 1225 5380 mollia,
1286 5311 1611 5375 tegumenta,
1661 5307 1931 5453 gellucida
1985 5318 2150 5393 atque

567 5411 707 5451 auro
746 5397 1068 5453 intertexta.
1109 5397 1270 5453 solia.
1334 5396 1614 5453 tripodas.
1711 5399 1899 5453 alneas
1936 5407 1991 5453 et
2018 5415 2150 5453 vasa

564 5411 707 5470 auro
746 5397 1068 5469 intertexta,
1109 5397 1270 5461 solia,
1334 5396 1614 5474 tripodas,
1674 5396 1901 5473 balneas
1936 5407 1991 5473 et
2018 5415 2150 5456 vasa

567 5491 634 5543 ad
670 5489 991 5567 lavandum,
1024 5489 1199 5557 labra,
1229 5498 1499 5565 crateras,
1528 5491 1779 5557 haustra,
1814 5500 1980 5569 atque
2008 5503 2152 5567 ryta,

568 5587 852 5657 psycteras
908 5589 966 5636 et
1028 5582 1465 5654 reirigeratoria,
1532 5585 1784 5658 cyathos,
1847 5587 2154 5662 gutturnia,

570 5667 929 5747 candelabra,
976 5683 1223 5745 acerras,
1274 5680 1440 5746 atque
1497 5673 1772 5743 ejusmodi
1834 5691 1923 5733 res
1972 5676 2159 5748 requi-

573 5772 746 5829 rens:
783 5773 880 5829 per
933 5760 1049 5816 haec
1095 5764 1242 5821 enim
1290 5781 1404 5823 rem
1459 5782 1615 5843 suam
1663 5768 1909 5842 qualibet
1946 5773 2156 5841 ratione

580 5944 595 5949 ’
664 5935 709 5985 ⁶ν¹
754 5933 892 6008 Gen.
934 5951 1030 6006 tu,
1069 5941 1152 5996 ita.

2262 4756 2552 4831 στρωμνὰς
2593 4755 2857 4827 μαλακὰς,
2894 4749 3227 4822 καλύμματα
3249 4750 3479 4821 διαφανῆ
3513 4751 3607 4803 καὶ
3647 4746 3814 4821 χρυσό-

2262 4867 2464 4913 παστα,
2490 4848 2733 4922 θρόνους,
2754 4844 3035 4917 τρίποδας,
3066 4841 3322 4906 πλυνοὺς,
3347 4843 3649 4914 κρατῆρας,
3679 4837 3811 4912 ῥυτὰ,

2259 4943 2569 5015 ψυκτῆρας,
2615 4937 2877 5010 οίνοχοάς,
2925 4934 3171 5007 χέρνιϐα,
3213 4933 3454 5005 λυχνίας.
3507 4933 3814 5005 θυμιατήρια

2261 5035 2357 5103 καὶ
2389 5026 2462 5087 τά
2485 5031 2712 5101 τοιαῦτα
2740 5029 3032 5103 ἐπιζητῶν.
3069 5026 3169 5081 Διά
3193 5026 3354 5080 τοῦτο
3380 5026 3487 5097 γὰρ
3516 5028 3549 5098 ἡ
3578 5021 3814 5094 ἐπιθυμία

2258 5101 2359 5196 τῆς
2376 5121 2686 5196 πλεονεξίας
2704 5101 3029 5191 είσέρχεται.
3058 5119 3175 5172 Ἵνα
3195 5115 3305 5200 γὰρ
3327 5117 3360 5187 ἡ
3379 5115 3513 5185 πρὸς
3529 5113 3598 5167 τά
3618 5110 3813 5165 τοιαῦτα

2261 5200 2335 5301 μῆ
2355 5198 2504 5279 λίποι
2528 5211 2875 5285 παρασκευὴ,
2890 5209 3165 5300 προσόδων
3188 5198 3366 5301 χρεία,
3390 5205 3457 5261 δι’
3479 5200 3552 5301 ὧν
3577 5216 3814 5301 οζυμζπῗρι.

2258 5291 2516 5380 σθῆσεται
2534 5307 2604 5361 τὰ
2620 5303 2781 5377 ζητού
2789 5291 2951 5375 μεναξ
2965 5300 3177 5358 Οὐκοῦν
3190 5299 3424 5371 κλαῦσαι
3441 5296 3544 5373 χρὴ
3558 5295 3650 5351 τὸν
3665 5297 3809 5352 δεῖνα.

2256 5400 2353 5474 καὶ
2376 5398 2608 5471 οἰμῶξαι
2632 5396 2724 5451 τὸν
2746 5395 3014 5468 σύνοικον,
3039 5392 3134 5447 καὶ
3154 5392 3383 5464 πολλοὺς
3403 5386 3663 5453 ἐλεεινοὺς
3680 5384 3813 5474 γενέ·

2255 5472 2379 5545 σθαι
2396 5488 2504 5543 τῶν
2528 5488 2673 5543 ἰδίων
2694 5485 3079 5548 ἐκπίπτοντας,
3101 5482 3190 5536 ἵνα
3207 5481 3294 5535 διὰ
3308 5481 3416 5534 τῶν
3431 5477 3673 5549 δακρύων
3694 5472 3813 5529 ὲκείο

2251 5602 2360 5640 νων
2373 5585 2406 5654 ἡ
2422 5583 2551 5654 περὶ
2568 5580 2667 5652 τὴν
2682 5575 2961 5653 τράπεζαν
2975 5574 3147 5645 τούτῳ
3161 5571 3435 5645 τραγῳδία
3449 5568 3811 5643 λαμπρύνοιτο.

2264 5675 2515 5733 Ἐπειδὰν
2552 5674 2610 5730 δὲ
2660 5673 2754 5727 καὶ
2777 5670 2989 5734 τούτοις
3021 5670 3050 5722 ὁ
3088 5668 3212 5738 δφις
3253 5663 3443 5721 ἑαυτὸν
3480 5661 3718 5733 ἑπιλλίζῃ
3739 5656 3814 5711 καὶ

2255 5770 2436 5846 ’.τλήσῃ
2455 5767 2552 5841 τὴν
2569 5763 2809 5838 γαστέρα
2828 5763 2936 5819 τῶν
2955 5761 3092 5820 κατά
3110 5759 3356 5849 γνώμην,
3374 5756 3674 5834 ἀκολούθως
3695 5748 3814 5826 μιτὰ
