4018 6358
251 465 425 519 ιιπικ

1168 465 1257 520 DF.
1287 465 1641 524 ΟΒΛΤΙὈΝΕ
1681 468 2030 528 ΒΟΜΙΝΚΣΔ.
2070 501 2140 511 -—
2172 470 2429 529 ORATIO
2470 472 2552 527 IV.

3392 476 3526 531 H71

247 580 359 644 τὰς
396 576 714 651 πλησμονὰς
753 581 845 635 ἐπὶ
888 580 986 652 τὴν
1024 581 1323 637 ἀκόλαστον
1352 583 1560 638 λύσσαν
1599 584 1835 639 ίλυσπὼ-

1946 584 2173 657 angendi
2232 586 2509 658 cupiditas
2560 586 2890 659 ingreditur.
2960 586 3097 642 Nam
3150 602 3219 643 ne
3272 584 3528 658 sumptus

253 688 425 741 μενος
458 670 844 742 κατασύρεται,
872 672 1030 727 τοῦτο
1055 674 1113 727 δέ
1142 677 1257 728 ἐστι
1283 675 1344 728 τὸ
1368 673 1592 746 ἔσχατον
1623 676 1732 729 τῶν
1752 679 1842 731 ἀν-

247 760 547 833 θρωπίνων
567 763 774 818 κακῶν.
803 764 889 827 Ὠς
912 765 978 818 ἂν
998 761 1091 818 οὖν
1117 765 1284 837 μηδὲν
1312 766 1520 836 γένοιτο
1537 768 1837 841 τούτων,τῇ

247 851 490 923 εὐπορίᾳ
516 850 612 905 τοῦ
643 854 808 923 ἄρτου
843 854 942 924 τὴν
983 853 1128 925 ζωὴν
1162 856 1554 927 περιορίζεται,
1585 857 1715 926 ὄψον
1745 858 1840 930 ζη-

243 942 365 996 τῶν
399 944 459 997 τὸ
504 946 633 1016 παρ’
673 944 843 1014 αὐτῆς
879 944 1303 1017 ὀψοποιούμενόν
1347 963 1429 1001 σοι
1454 949 1553 1019 τῆς
1603 948 1839 1017 φύσεως.

246 1034 432 1088 Τοῦτο
471 1035 530 1089 δέ
561 1038 698 1098 ἐστι,
733 1036 969 1107 μάλιστα
1003 1037 1101 1109 μὲν
1146 1039 1177 1108 ἡ
1214 1039 1392 1111 ἀγαθὴ
1428 1039 1753 1110 συνείδησις,
1779 1042 1846 1111 τῇ

244 1126 443 1198 δικαίᾳ
483 1128 780 1199 μεταλήψει
810 1128 902 1181 τὸν
931 1129 1092 1201 ἄρτον
1122 1128 1407 1199 ἡδύνουσα.
1446 1130 1509 1183 El
1542 1130 1599 1183 δὲ
1628 1131 1722 1184 καὶ
1751 1129 1847 1201 τὴν

246 1216 399 1271 κατά
442 1220 534 1271 τὸν
576 1218 770 1288 λαιμὸν
797 1218 1048 1286 αἴσθησιν
1086 1218 1310 1288 ἥδεσθαι
1358 1218 1552 1284 θέλοις,
1603 1219 1733 1288 ὄψον
1761 1235 1844 1273 σοι

244 1288 498 1374 γενέσθω
528 1310 562 1377 ἡ
589 1308 789 1373 ἔνδεια,
824 1308 1003 1361 καὶτὸ
1031 1308 1107 1379 μὴ
1136 1309 1415 1362 ἐπιϐαλεῖν
1450 1310 1611 1381 κόρον
1640 1310 1718 1381 τῷ
1750 1311 1845 1363 κό-

248 1413 357 1469 ρῳ.
393 1399 529 1469 μηδὲ
569 1398 928 1469 ἀπαμᾶλῢναι
946 1401 1012 1470 τῇ
1043 1401 1323 1474 κραιπάλῃ
1342 1401 1441 1473 τὴν
1460 1400 1638 1471 ὄρεξιν
1658 1418 1672 1433 '
1701 1403 1836 1457 ἀλλά

245 1489 708 1559 προηγείσθωσάν
741 1508 821 1544 σοι
845 1492 943 1562 τῆς
968 1492 1176 1563 τροφῆς
1202 1492 1312 1544 τῶν
1343 1492 1571 1545 ἐντολῶν
1591 1494 1641 1546 οἱ
1677 1493 1837 1565 ίδρῶο

242 1596 361 1643 τες.
421 1581 516 1633 Ἐν
548 1580 745 1649 ἱδρῶτι
778 1583 875 1637 καὶ
914 1585 1081 1650 πόνῳ
1126 1583 1287 1653 φάγῃ
1326 1583 1433 1637 τὸν
1474 1582 1659 1652 ἄρτον
1693 1600 1831 1638 σου.

258 1670 430 1740 Ὁρᾷς
457 1670 557 1741 τὴν
589 1670 815 1741 πρώτην
849 1673 1139 1741 ὀψοποιῖαν
1164 1670 1261 1724 τοῦ
1297 1670 1493 1738 Λόγου.

1946 677 2255 733 subsidium
2300 686 2358 733 et
2406 686 2703 749 apparatus
2767 679 2835 732 ad
2893 678 3165 749 ejusmodi
3220 694 3309 735 res
3363 678 3526 743 desit,

1947 766 2213 823 reditibus
2256 783 2395 839 Opus
2438 778 2541 834 est,
2572 784 2671 841 por
2702 785 2847 839 quos
2888 770 3253 825 conficiantur
3289 780 3344 825 et
3379 785 3527 824 com-

1947 867 2211 927 parentur
2235 876 2296 912 ea
2332 876 2458 928 qua:
2480 860 2869 915 desiderantur
2894 869 2947 915 et
2979 861 3353 930 requiruntur.
3388 861 3529 928 Ergo

1949 947 2077 1004 flere
2107 949 2261 1003 illum
2292 958 2348 1005 et
2383 951 2534 1005 illum
2568 961 2806 1022 oportet,
2836 961 2890 1007 et
2921 953 3136 1021 plorare
3168 952 3528 1007 contuberna-

1946 1037 2074 1104 lem,
2105 1040 2436 1110 multosque,
2469 1040 2561 1110 qui
2610 1042 2727 1097 suis
2772 1042 2939 1097 rebus
2969 1042 3253 1105 excidunt,
3291 1043 3517 1096 misera-

1945 1127 2084 1183 biles
2156 1129 2294 1194 fieri,
2333 1137 2393 1184 ut
2427 1146 2523 1200 per
2555 1130 2773 1184 illorum
2826 1132 3098 1202 laerymas
3140 1132 3270 1185 huic
3309 1132 3528 1200 magni-

1946 1218 2159 1272 licentia
2196 1230 2357 1289 atque
2400 1222 2696 1274 ostentatio
2731 1236 2934 1276 mensae
2985 1220 3356 1290 splendescat.
3391 1220 3527 1274 Cum

1942 1318 2129 1363 autem
2147 1310 2306 1363 etiam
2344 1310 2437 1363 his-
2460 1327 2527 1365 se
2564 1326 2791 1380 serpens
2821 1311 3112 1365 involverit
3146 1321 3309 1380 atque
3345 1310 3528 1380 impli-

1943 1402 2137 1468 cuerit,
2196 1407 2254 1455 et
2298 1410 2541 1455 ventrem
2599 1403 2726 1457 cibo
2780 1413 3021 1473 potuqne
3066 1403 3133 1456 ad
3190 1404 3525 1457 voluntatem

1942 1493 2216 1561 exquisito
2258 1493 2583 1563 impleverit,
2625 1501 2750 1563 post
2802 1494 3285 1565 ingurgitationem
3341 1508 3406 1548 ac
3441 1507 3528 1546 rc-

1943 1583 2259 1651 pletionem,
2300 1584 2565 1653 deinceps
2608 1584 2673 1638 ad
2716 1584 3064 1638 libidinosam
3099 1584 3303 1638 rabiem
3346 1582 3526 1636 invol-

1945 1674 2117 1728 vendo
2143 1692 2263 1730 sese
2307 1675 2614 1729 delabetur.
2646 1675 2704 1730 ld
2741 1684 2923 1730 autem
2963 1686 3267 1731 extremum
3299 1682 3383 1729 est
3418 1674 3518 1726 hu-

245 1776 543 1816 manorum
576 1763 870 1818 malorum.
904 1761 975 1818 Ut
1011 1764 1174 1833 igitur
1241 1762 1377 1816 nitil
1444 1761 1637 1815 horum
1661 1762 1895 1827 accidat,
1940 1761 2198 1821 facultate
2259 1770 2413 1837 panis
2477 1768 2638 1821 \‘i-ttttll
2709 1768 3154 1832 circumscribit,
3227 1766 3518 1820 obsonium

243 1869 505 1923 quaerens
543 1857 688 1926 quod
732 1858 800 1912 ab
871 1856 987 1926 ipsa
1032 1866 1227 1910 natura
1299 1855 1398 1910 tibi
1464 1862 1709 1925 paratur.
1777 1856 1837 1908 Id
1887 1866 2067 1913 autem
2135 1862 2481 1930 potissimum
2542 1861 2760 1929 quidem
2818 1860 2960 1914 bona
3011 1861 3349 1915 conscientia
3408 1842 3528 1924 cst,

242 1943 402 2013 justo
441 1962 543 2002 usu
582 1962 774 2017 panem
847 1948 1121 2002 condiens.
1194 1945 1351 2012 Quod
1382 1945 1429 2001 si
1468 1946 1633 1999 etiam
1667 1961 1889 2001 sensum
1927 1950 2067 2017 gulae
2103 1950 2400 2005 demulceri
2430 1951 2531 2016 vis,
2560 1952 2854 2005 obsonium
2888 1950 2984 2005 tibi
3015 1958 3136 2005 esto
3204 1947 3527 2019 indigentia.

243 2051 328 2106 et,
381 2049 443 2096 ut
482 2056 552 2096 ne
595 2041 820 2096 satietas
867 2040 1105 2094 satietati
1145 2039 1401 2102 addatur,
1459 2055 1564 2093 neu
1645 2041 1871 2109 crapula
1948 2042 2285 2111 infringatur
2308 2054 2359 2097 et
2392 2044 2677 2098 hebetetur
2704 2043 3003 2112 appetitus,
3033 2041 3128 2097 sed
3162 2041 3343 2096 cibum
3374 2049 3526 2096 tuum

246 2131 567 2206 praecedant
612 2139 1005 2202 pncceptornm
1039 2131 1289 2187 sudores.
1371 2128 1437 2183 In
1481 2130 1673 2185 sudore
1744 2141 1793 2185 et
1863 2131 2043 2188 labore
2112 2136 2334 2189 vesceris
2381 2150 2515 2204 pane
2559 2134 2737 2190 tuo“.
2779 2132 2941 2189 Vides
2976 2131 3259 2189 Sermonis
3292 2132 3525 2203 primam

245 2226 470 2283 obsonii
506 2226 947 2282 confectionem?

335 2320 524 2391 ’Δρκεῖ
571 2335 654 2373 σοι
689 2319 749 2372 τὸ
793 2318 955 2390 μέχρι
994 2319 1094 2389 τῆς
1116 2318 1307 2390 χρείας
1339 2319 1545 2392 ταύτης
1585 2320 1837 2391 ἀσχολεῖν

2024 2316 2234 2373 Sufﬁcit
2267 2318 2368 2372 tibi
2412 2317 2479 2372 ad
2508 2317 2656 2373 hunc
2685 2333 2844 2374 usum
2877 2332 3051 2388 usque
3082 2322 3263 2372 mente
3287 2329 3526 2386 occupa-

245 2409 351 2481 τὴν
386 2409 627 2463 διάνοιαν
647 2423 661 2438 °
692 2408 892 2478 μᾶλλον
913 2408 974 2461 δὲ
998 2409 1159 2480 μέχρι
1174 2408 1368 2463 τούτου
1398 2410 1496 2481 τὴν
1526 2410 1703 2481 ψυχὴν
1723 2415 1841 2476 ταῖς

246 2502 387 2572 περὶ
407 2499 503 2553 τοῦ
533 2499 699 2569 ἄρτου
730 2499 1024 2570 μερίμναις
1050 2482 1281 2571 ὲνδήσῃς
1305 2514 1319 2528 ’
1353 2500 1466 2553 ἀλλ’
1499 2501 1623 2554 εἰπὲ
1649 2500 1726 2571 τῷ
1752 2500 1843 2554 τὸν

248 2589 423 2661 ἄρτον
450 2591 516 2641 ὲκ
541 2589 648 2659 γῆς
680 2587 928 2658 ὲξάγοντι
953 2606 967 2619 ο
1018 2590 1139 2643 εἰπὲ
1171 2590 1249 2661 τῷ
1285 2592 1413 2655 τοὺς
1452 2591 1694 2662 κόρακας
1722 2592 1846 2664 τρέ-

247 2696 435 2748 φοντι,
473 2679 553 2750 τῷ
576 2679 771 2734 διδόντι
809 2680 1015 2751 τροφὴν
1052 2682 1200 2753 πάσῃ
1233 2682 1419 2753 σαρκὶ,
1465 2682 1544 2753 τῷ
1574 2684 1844 2752 ἀνοίγοντι

247 2774 354 2844 τὴν
404 2774 581 2845 χεῖρα,
627 2772 722 2825 καὶ
773 2770 1069 2845 πληροῦντι
1127 2775 1233 2827 πᾶν
1265 2772 1402 2837 ζῶον
1431 2775 1714 2838 εὐδοκίας·
1762 2778 1845 2829 ότι

252 2864 415 2938 Παρὰ
437 2863 530 2918 σοῦ
557 2863 695 2936 μοιὴ
750 2862 862 2934 ζωή
890 2882 903 2895 ·
950 2864 1105 2937 παρά
1130 2865 1221 2917 σοῦ
1252 2864 1495 2934 γενέσθω
1520 2866 1615 2919 καί⁵
1642 2870 1674 2938 ἡ
1714 2867 1846 2937 πρὸς

247 2956 354 3025 τὴν
386 2954 535 3027 ζωὴν
551 2956 774 3028 ἀφορμή
797 2974 811 2987 θ
837 2956 922 3011 σὺ
953 2957 1060 3023 δὸς
1080 2957 1185 3011 τόν
1209 2956 1413 3026 ἄρτον,
1447 2959 1745 3025 τουτέστιν,
1780 2962 1845 3015 ὲκ

194 3074 199 3079 -
249 3046 481 3104 δικαίων
508 3047 686 3101 πόνων
728 3047 827 3119 τὴν
856 3049 1064 3119 τροφὴν
1100 3050 1308 3120 σχοίην.
1357 3051 1421 3102 El
1443 3050 1552 3122 γὰρ
1595 3054 1622 3103 ὁ
1648 3053 1779 3117 Θεὸς
1809 3054 1843 3123 ἡ

248 3138 571 3210 δικαιοσύνη
604 3140 779 3206 ἐστὶν,
823 3142 924 3194 οὐκ
957 3141 1072 3212 ἔχει
1113 3142 1265 3213 παρά
1302 3142 1437 3196 Θεοῦ
1465 3145 1555 3197 τὸν
1587 3146 1771 3215 ἄρτον,
1814 3147 1849 3197 ὁ

252 3232 320 3284 ἐκ
349 3230 665 3297 πλεονεξίας
699 3233 797 3303 τὴν
825 3234 1032 3304 τροφὴν
1059 3234 1226 3304 ἔχων·
1260 3236 1421 3299 αὐτὸς
1449 3236 1636 3307 κύριος
1664 3235 1714 3291 εί
1736 3238 1875 3309 τῆςκ

250 3321 443 3393 ιύχῆς,
484 3324 534 3375 εί
562 3322 636 3394 μὴ
661 3323 721 3388 ἐξ
748 3324 1044 3397 ἀλλοτρίων
1073 3328 1107 3398 ἡ
1140 3327 1370 3398 εύπορία
1390 3368 1404 3391 ,
1443 3330 1490 3380 εἰ
1521 3328 1596 3399 μὴ
1643 3332 1708 3382 ὲκ
1744 3328 1847 3381 δασ-

254 3413 442 3487 κρύων
481 3415 517 3487 ἠ
551 3416 831 3486 πρόσοδος,
871 3419 920 3470 εί
947 3418 1120 3481 οὐδεὶς
1152 3419 1243 3471 ἐπὶ
1287 3417 1369 3489 τῷ
1398 3419 1476 3489 σῷ
1513 3420 1662 3490 κόρῳ
1694 3421 1851 3473 ὲπείο.

252 3522 438 3570 νασερν,
464 3508 514 3564 ιί
542 3506 717 3570 οὐδεὶς
741 3507 837 3561 ἐπὶ
859 3511 926 3580 τῇ
954 3509 1238 3581 πλησμονῇ
1273 3527 1364 3563 σου
1386 3509 1689 3576 ἐστέναξεν,
1706 3510 1842 3564 Θεοῦ

254 3595 425 3668 ἄρτος
457 3596 695 3668 μάλιστα
727 3599 756 3650 ὁ
781 3599 1023 3664 τοιοῦτός
1059 3601 1196 3667 ἐστι,
1229 3599 1576 3671 δικαιοσύνης
1606 3600 1841 3669 καρπὸς,

1946 2410 2015 2474 ri,
2048 2411 2160 2464 imo
2185 2425 2318 2465 vero
2343 2409 2453 2465 huc
2478 2424 2652 2480 usque
2676 2410 2912 2463 animam
2944 2406 3412 2463 sollicitudinibus
3430 2421 3524 2478 pa-

1944 2503 2032 2557 nis
2062 2503 2238 2572 illiges
2281 2521 2294 2557 :
2327 2518 2392 2558 ac
2422 2502 2512 2558 dic
2553 2502 2603 2558 ei
2650 2503 2742 2573 qui
2779 2502 2965 2561 educit
2997 2516 3194 2572 panem
3225 2501 3294 2556 de
3323 2509 3472 2557 terra
3508 2517 3523 2556 :

1942 2590 2031 2645 dic
2074 2606 2269 2646 corvos
2313 2593 2581 2661 pascenti,
2633 2592 2726 2662 qui
2781 2593 2930 2646 omni
2968 2592 3122 2647 carni
3171 2591 3354 2647 cibum
3402 2590 3519 2657 dat,

1942 2681 2034 2751 qui
2065 2696 2285 2736 manum
2319 2682 2517 2753 operit,
2552 2691 2607 2738 et
2631 2699 2795 2738 omne
2834 2684 3209 2739 animal'bona
3243 2684 3526 2739 voluntate

1945 2770 2117 2840 replet
2148 2770 2193 2802 "
2219 2792 2234 2828 :
2260 2772 2377 2829 Ate
2416 2772 2548 2826 mihi
2585 2772 2692 2826 vita
2718 2781 2822 2837 est,
2854 2788 2884 2826 a
2917 2782 2969 2828 te
2992 2775 3374 2845 quoque-mibi
3401 2777 3527 2832 vita:

1945 2861 2247 2916 subsidium
2282 2863 2604 2932 contingat:
2661 2872 2716 2916 tu
2745 2863 2813 2919 da
2840 2882 3028 2935 panem
3110 2866 3162 2921 id
3197 2875 3311 2932 est,
3345 2884 3410 2924 ex
3438 2869 3527 2939 ju-

1944 2952 2046 3006 stis
2082 2951 2364 3006 laboribus
2389 2952 2571 3005 cibum
2603 2952 2905 3022 adipiscar.
2943 2952 3078 3008 Nam
3119 2954 3332 3012 si‘Deus
3357 2958 3523 3027 justi-

1945 3038 2017 3099 tia
2046 3053 2151 3109 est,
2184 3060 2292 3099 non
2320 3044 2483 3099 habet
2513 3058 2545 3098 a
2576 3042 2689 3100 Deo
2710 3061 2929 3115 panem,
2970 3047 3062 3117 qui
3098 3063 3165 3103 ex
3202 3048 3522 3105 rc-fraudu-

1944 3135 2118 3190 lentes
2147 3142 2212 3189 et-
2235 3132 2437 3205 injuste
2469 3143 2620 3205 parta
2669 3135 2850 3190 cibum
2883 3135 3047 3192 habet
3077 3154 3092 3203 ;
3135 3139 3256 3208 ipso
3292 3153 3521 3210 compos

1941 3226 2052 3280 voti
2080 3240 2161 3291 es,
2188 3227 2296 3280 nisi
2354 3241 2418 3279 ex
2461 3225 2656 3280 alienis
2694 3226 2848 3296 copia
2886 3234 3055 3298 atque
3106 3226 3363 3296 facultas,
3410 3232 3521 3287 nisi

1941 3334 2006 3374 ex
2040 3319 2296 3390 lacrymis
2325 3318 2555 3386 reditus,
2580 3319 2626 3375 si
2663 3334 2826 3375 nemo
2857 3327 3081 3390 propter
3120 3328 3269 3374 tuam
3302 3321 3527 3377 satieta-

1942 3418 2052 3465 tem
2089 3410 2304 3474 esuriit,
2349 3410 2395 3465 si
2452 3411 2636 3465 nullus
2678 3410 2750 3463 ob
2793 3417 2943 3463 tuam
2986 3411 3343 3479 repletionem
3373 3411 3527 3481 inge-

1943 3503 2102 3567 muit,
2148 3500 2240 3556 Dei
2270 3502 2428 3572 panis
2457 3503 2692 3555 maxime
2730 3501 2853 3555 talis
2888 3508 2993 3565 est,
3030 3501 3525 3571 iustitiae-fructus,

1950 3594 2102 3664 pacis
2141 3595 2316 3663 spica,
2352 3608 2460 3648 non
2501 3594 2764 3663 permista
2793 3609 2972 3664 neque
3008 3594 3294 3664 inquinata
3327 3595 3527 3651 zizanii

256 3690 487 3761 εἰρήνης
520 3692 552 3744 ό
579 3689 840 3762 ἄσταχυς,
882 3691 1117 3760 ἄμικτος
1141 3692 1236 3745 καὶ
1281 3692 1576 3761 ἀμόλυντος
1604 3693 1715 3745 τῶν
1749 3691 1844 3747 τοῦ

1947 3684 2271 3741 seminibus.
2306 3684 2465 3750 Quod
2492 3685 2539 3741 si
2569 3699 2733 3741 arans
2755 3692 2809 3740 et
2850 3685 3039 3741 colens
3067 3686 3265 3754 aliena,
3293 3688 3520 3758 et‘inju-

258 3778 504 3845 ζιζανίου
549 3782 901 3854 σπερμάτων.
960 3784 1023 3837 El
1065 3784 1124 3836 δὲ
1168 3784 1427 3856 γεωργῶν
1465 3783 1531 3836 τὰ
1570 3783 1841 3855 ἀλλότρια,

259 3872 355 3925 καὶ
379 3872 436 3924 ἑν
457 3870 755 3943 ὀφθαλμοῖς
777 3873 915 3943 ἔχων
947 3872 1047 3945 τὴν
1075 3873 1308 3938 ἀδικίαν,
1332 3875 1425 3928 καὶ
1446 3875 1844 3947 γραμματείοις

258 3961 537 4032 κρατύνας
562 3964 662 4033 τὴν
690 3963 873 4018 ἄδικον
901 3964 1093 4035 κτῆσιν
1116 3982 1130 3996 ⁸
1161 3964 1361 4019 ἔπειτα
1389 3966 1465 4037 τῷ
1492 3967 1612 4038 Θεῷ
1642 3967 1844 4035 λέγοις,

257 4051 373 4118 Δὸς
398 4051 757 4122 τὸν-ἄρτον·
791 4053 949 4119 ἄλλος
976 4056 1005 4107 ό
1024 4055 1237 4109 ἀκούων
1265 4056 1365 4126 τῆς
1388 4057 1573 4127 φωνῆς
1595 4073 1687 4110 σου
1712 4057 1843 4110 ταύ-

258 4144 361 4214 της
391 4144 561 4211 ἐστὶν,
591 4144 691 4215 οὐχ
727 4145 929 4205 όθεός.
987 4144 1090 4198 Τὸν
1134 4145 1336 4217 γὰρὲξ
1371 4147 1585 4212 ἀδικίας
1639 4143 1863 4220 καρπδνμ

260 4237 298 4305 ἡ
324 4236 674 4307 ἀντικειμένη
717 4238 1066 4309 καρποφορεῖ·
1099 4236 1261 4306 φύσις
1285 4253 1299 4268 ·
1353 4239 1383 4291 ὁ
1404 4237 1723 4303 σπουδάζων
1752 4236 1849 4309 τὴν

260 4324 644 4397 δικαιοσύνην,
695 4326 879 4380 θεόθεν
910 4327 1002 4381 τὸν
1052 4328 1218 4398 ἄρτον
1268 4327 1481 4400 δέχεται
1511 4346 1526 4362 ο
1577 4332 1606 4383 ό
1654 4328 1712 4383 δὲ
1751 4328 1849 4400 τὴν

262 4413 477 4468 ἀδικίαν
512 4413 795 4486 γεωργῶν,
846 4414 1003 4487 παρά
1044 4415 1138 4469 τοῦ
1180 4416 1468 4487 εὐεργέτου
1507 4416 1607 4487 τῆς
1639 4417 1850 4481 ἀδικίας

265 4504 548 4570 σιτηίξεται.
595 4506 741 4581 Πρὸς
764 4501 858 4564 οὖν
893 4506 993 4578 τὴν
1030 4506 1333 4577 συνείδησιν
1360 4508 1461 4577 τὴν
1490 4509 1684 4562 ἑαυτοῦ
1725 4509 1848 4579 βλέ-

264 4611 402 4660 πων,
435 4597 683 4669 πρόσαγε
716 4597 816 4669 τὴν
844 4598 951 4652 τοῦο
971 4599 1138 4669 ἄρτου
1176 4599 1393 4668 αἴτησιν
1425 4598 1503 4669 τῷ
1530 4598 1670 4670 Θεῷ,
1694 4599 1849 4665 εἰδὼς

264 4685 348 4740 ὅτι
371 4688 473 4742 οὐκ
495 4687 611 4741 ἔστι
638 4689 890 4745 κοινωνία
918 4688 1140 4761 Χριστῷ
1170 4690 1306 4759 πρὸς
1331 4690 1544 4753 Βελιάλ.
1592 4691 1713 4745 Κᾶν
1741 4692 1847 4746 δωο

267 4781 506 4852 ροφορῇς
541 4779 601 4847 ἐξ
653 4779 889 4846 ἀδικίας,
935 4780 1193 4852 ἄλλαγμα
1238 4780 1397 4845 κυνὸς
1442 4782 1538 4834 καὶ
1592 4782 1852 4854 μίσθωμα

265 4868 470 4941 πόρνης
496 4869 559 4924 τὸ
587 4869 760 4941 δῶρόν
791 4872 909 4926 ἐστι
930 4886 945 4905 ο
978 4869 1081 4930 κᾶν
1119 4870 1445 4944 λαμπρύνῃς
1470 4876 1537 4945 τῇ
1571 4874 1850 4947 φιλοτιμία

264 4959 364 5023 τὰς
389 4959 680 5025 ἐπιδόσεις,
719 4959 929 5031 ἀκούσῃ
973 4959 1070 5014 τοῦ
1104 4961 1394 5033 Προφήτου
1422 4962 1843 5036 βδελυσσομένου

265 5050 363 5123 τὴν
387 5053 495 5107 ἀπὸ
519 5053 630 5107 τῶν
660 5051 921 5106 τοιούτων
952 5053 1331 5123 συνεισφοράν.
1386 5055 1450 5108 Tt
1467 5071 1580 5124 μοι
1611 5057 1846 5126 πλῆθος

266 5140 387 5198 τῶν
408 5142 635 5199 θυσιῶν
652 5159 681 5208 ,'-
706 5142 872 5213 ,λέγει
887 5144 1387 5213 Κύριοςιπλτιοης
1414 5147 1531 5215 ειμί
1586 5151 1846 5204 ὁλοκαυ-

267 5234 547 5303 τωμάτων
559 5233 760 5303 κριῶν,
773 5233 1067 5303 καιστέαρ
1076 5233 1309 5303 ἀρνῶν,
1338 5236 1435 5292 καί
1448 5228 1597 5308 αἷμα
1613 5239 1847 5309 ταύρων

271 5326 369 5378 καὶ
389 5325 620 5397 τράγων
640 5328 713 5381 οὐ
721 5326 1044 5396 βούλομαι·
1058 5326 1340 5396 θυμίαμα,
1357 5332 1516 5398 φησι,
1528 5329 1846 5401 βδέλυγμά

267 5418 370 5483 μοι
397 5419 585 5475 ἐστιν.
629 5418 890 5492 Ἑτέρωθι
912 5420 1005 5474 τὸν
1023 5419 1218 5475 θύοντα
1246 5421 1443 5492 μόσχον
1470 5424 1591 5478 ἀντὶ
1626 5425 1719 5477 τοῦ
1745 5426 1841 5479 ἀνο

273 5507 548 5577 αιροῦντος
584 5508 725 5564 κύνα
757 5510 1083 5577 λελόγισται.
1144 5511 1281 5565 Ἐἀν-
1313 5509 1408 5566 οὖν
1457 5514 1606 5586 παρά
1636 5517 1844 5587 Κυρίου

273 5592 363 5647 τὸν
387 5596 549 5668 ἄρτον
580 5598 738 5669 ἔχῃςζ
762 5599 1057 5664 τουτέστιν,
1087 5601 1152 5654 ἐκ
1179 5602 1402 5656 δικαίων
1436 5604 1634 5668 πόνων,
1667 5606 1844 5671 ἔξεστί

278 5698 356 5740 σοι
382 5689 476 5743 καὶ
519 5690 854 5762 ἀπέρχεσθαι
886 5692 1032 5765 αὐτῷ
1067 5694 1174 5751 ἀπὸ
1206 5694 1315 5747 τῶν
1361 5697 1590 5767 καρπῶν
1624 5698 1724 5768 τῆς
1768 5700 1844 5752 δι-

278 5780 582 5851 καιοσύνης.

321 5892 391 5957 ,⁸⁵
426 5894 559 5950 Gen.
596 5911 688 5961 Ill,
729 5897 811 5971 19.
889 5896 1104 5953 "Psal.
1146 5910 1322 5963 curn,
1361 5899 1444 5955 l6.
1523 5900 1566 5932 "
1605 5897 1709 5955 lsa.
1748 5916 1783 5966 ι,
1826 5900 1904 5955 Η.

1949 3777 2156 3832 Stitiam
2203 3774 2259 3829 in
2299 3774 2479 3830 oculis
2513 3774 2742 3837 habeas,
2782 3775 2985 3831 tabulis
3026 3775 3253 3846 insuper
3297 3776 3539 3847 scriptis--

1948 3867 2206 3936 injustam
2236 3867 2651 3937 acquisitionetn
2684 3866 3032 3922 roboraveris
3074 3874 3130 3922 et
3158 3866 3523 3924 confirmave-

1948 3959 2048 4022 ris,
2091 3957 2293 4013 deinde
2319 3958 2384 4012 ad
2431 3957 2598 4013 Deum
2627 3957 2802 4024 dicas,
2842 3957 2927 4013 Da
2957 3975 3146 4028 panem
3178 3973 3196 4012 :
3239 3958 3381 4014 alius
3422 3960 3544 4015 erit~

1948 4050 2042 4118 qui
2064 4049 2204 4104 hanc
2228 4064 2416 4103 vocem
2448 4056 2598 4103 tuam
2632 4049 2838 4114 audiat,
2885 4065 2994 4104 non
3033 4048 3197 4106 Deus.
3245 4047 3381 4103 Nam
3408 4047 3524 4104 fru-

1949 4149 2109 4195 ctum.
2135 4140 2228 4210 qni
2260 4156 2329 4196 ex
2366 4141 2637 4211 injustitia
2669 4141 2974 4212 percipitur
3010 4139 3288 4196 contraria
3331 4147 3528 4196 natura

1949 4232 2202 4301 producit
2228 4249 2243 4298 ;
2276 4231 2368 4302 qui
2394 4232 2578 4287 studet
2599 4230 2846 4301 justitize,
2875 4246 2906 4285 a
2930 4230 3039 4287 Deo
3070 4246 3264 4303 panem
3281 4230 3525 4302 accipit:

1950 4334 2003 4380 at
2020 4325 2110 4395 qui
2137 4326 2268 4381 colit
2284 4326 2632 4396 iniustitiam,
2652 4324 2722 4379 ab
2747 4325 3031 4395 injustitia:
3049 4325 3332 4380 inventore
3350 4325 3529 4379 nutri-

1951 4424 2040 4471 tur
2062 4423 2226 4485 atque
2241 4416 2474 4471 cibatur.
2493 4414 2904 4470 Conscientiam
2927 4416 3094 4487 igitur
3110 4424 3260 4470 tuam
3280 4415 3527 4482 intuens,

1951 4508 2024 4562 ita
2071 4507 2226 4576 panis
2275 4506 2593 4576 petitionem
2625 4503 2734 4560 Deo
2782 4504 2938 4571 oll'er,
2998 4505 3202 4569 sciens,
3236 4505 3385 4577 quod
3415 4520 3527 4561 non

1950 4609 2036 4655 est
2062 4600 2305 4654 societas
2335 4597 2562 4651 Christo
2601 4611 2724 4652 cum
2756 4596 2942 4652 Belial.
2978 4595 3043 4650 Et
3082 4597 3127 4651 si
3152 4596 3296 4651 dona
3327 4593 3527 4652 oﬂ'eras

1949 4706 2015 4746 ex
2041 4688 2333 4759 injustitia,
2358 4687 2745 4759 compensatio
2762 4694 2927 4757 atque
2955 4687 3329 4742 remuneratio
3349 4687 3525 4752 canis,

1948 4789 2005 4839 et
2039 4796 2252 4837 merces
2283 4781 2591 4837 meretricis
2621 4780 2826 4836 donum
2852 4786 2976 4836 est:
3029 4780 3241 4836 etiamsi
3284 4778 3529 4851 splendi-

1950 4872 2073 4939 das,
2103 4871 2430 4927 ambitiosas
2486 4877 2545 4925 et
2592 4868 2911 4941 magniﬁcas
2960 4869 3281 4941 largitiones
3331 4868 3525 4934 facias,

1952 4962 2143 5019 audies
2170 4961 2499 5032 Prophetam
2525 4969 2580 5018 et
2603 4961 3012 5016 ahominantem
3041 4977 3106 5016 ex
3132 4960 3333 5015 talibus
3364 4961 3527 5015 bonis

1952 5054 2299 5109 collationem
2331 5061 2387 5109 et
2416 5053 2906 5109 contributionem.
2944 5050 3045 5105 Ad‘
3072 5052 3198 5121 quid
3230 5050 3361 5104 mihi
3391 5050 3528 5104 mula

1952 5147 2127 5201 titudo
2186 5147 2523 5201 victimarum
2593 5155 2887 5202 vestrarum
2914 5147 2951 5200 .’-
3011 5143 3142 5197 dicit
3217 5142 3485 5198 Dominus
3505 5155 3537 5194 :-

1948 5238 2132 5307 plenus
2170 5255 2289 5293 sum
2336 5238 2660 5293 holocaustis
2706 5238 2956 5297 arietum,
3007 5245 3065 5289 οι
3105 5233 3310 5301 adipem
3357 5247 3525 5303 agno-

1949 5346 2072 5384 runt
2112 5340 2163 5384 et
2207 5332 2519 5400 sanguinem
2554 5339 2831 5384 taurorum
2859 5337 2909 5382 et
2945 5327 3218 5380 hircorum
3237 5322 3524 5379 non-volo:

1948 5424 2257 5489 incensum,
2314 5423 2510 5493 inquit,
2564 5422 2886 5477 abominatio
2944 5420 3073 5474 mihi
3126 5428 3204 5473 est
3236 5418 3313 5471 η’.
3377 5415 3524 5471 Alibi

1948 5515 2319 5570 immolantem
2339 5515 2565 5569 vitulum
2586 5527 2686 5584 pro
2708 5527 2896 5567 canent
2927 5518 3201 5565 mactante
3217 5514 3433 5578 reputat
3450 5506 3520 5561 ”.

1949 5606 2007 5660 Si
2033 5607 2195 5676 igitur
2224 5622 2253 5660 a
2286 5605 2516 5660 Domino
2540 5619 2734 5674 panem
2764 5602 3042 5665 habueris,
3070 5601 3122 5656 id
3145 5611 3250 5664 est,
3269 5614 3334 5654 ex
3352 5598 3520 5667 jnstis
3566 5610 3569 5617 '

1951 5696 2254 5760 laboribus,
2295 5697 2421 5751 licet
2449 5697 2546 5751 tibi
2582 5696 2745 5749 etiam
2776 5694 2829 5749 ei
2873 5690 3251 5763 primitiasdc
3291 5688 3518 5759 jnstit-ia:

1956 5788 2227 5844 fructibus
2258 5788 2475 5844 oﬂ'crre.

1983 5904 2025 5934 ⁶⁹
2069 5902 2168 5957 lsa.
2210 5918 2364 5965 LXVI,
2399 5902 2451 5956 5.
