  <div class='ocr_page' id='page_1' title='image "/cluster/home/n/w/nwhite01/storage/ocr_20150623/44:no.1/coo.31924054869445/597.png"; bbox 0 0 4018 6360; ppageno 0'>
   <div class='ocr_carea' id='block_1_1' title="bbox 531 432 672 489">
    <p class='ocr_par' dir='ltr' id='par_1_1' title="bbox 531 432 672 489">
     <span class='ocr_line' id='line_1_1' title="bbox 531 432 672 489; baseline -0.007 0"><span class='ocrx_word' id='word_1_1' title='bbox 531 432 672 489; x_wconf 77' lang='grc'><strong>1179</strong></span> 
     </span>
    </p>
   </div>
   <div class='ocr_carea' id='block_1_2' title="bbox 1903 407 2561 533">
    <p class='ocr_par' dir='ltr' id='par_1_2' title="bbox 1903 407 2561 533">
     <span class='ocr_line' id='line_1_2' title="bbox 1903 407 2561 533; baseline 0.012 -28"><span class='ocrx_word' id='word_1_2' title='bbox 1903 449 2233 509; x_wconf 69' lang='grc' dir='ltr'>ειιειιυιιιι</span> <span class='ocrx_word' id='word_1_3' title='bbox 2270 407 2561 533; x_wconf 56' lang='grc' dir='ltr'>Νιεεεᾷι</span> 
     </span>
    </p>
   </div>
   <div class='ocr_carea' id='block_1_3' title="bbox 3676 469 3806 523">
    <p class='ocr_par' dir='ltr' id='par_1_3' title="bbox 3676 469 3806 523">
     <span class='ocr_line' id='line_1_3' title="bbox 3676 469 3806 523; baseline 0.046 -6"><span class='ocrx_word' id='word_1_4' title='bbox 3676 469 3806 523; x_wconf 73' lang='lat'><strong>“30</strong></span> 
     </span>
    </p>
   </div>
   <div class='ocr_carea' id='block_1_4' title="bbox 530 550 2095 650">
    <p class='ocr_par' dir='ltr' id='par_1_4' title="bbox 530 550 2095 636">
     <span class='ocr_line' id='line_1_4' title="bbox 530 550 2095 636; baseline 0.01 -31"><span class='ocrx_word' id='word_1_5' title='bbox 530 550 880 607; x_wconf 81' lang='lat' dir='ltr'><strong>vitiositatem</strong></span> <span class='ocrx_word' id='word_1_6' title='bbox 921 551 1300 625; x_wconf 70' lang='lat' dir='ltr'><strong>intelliguntur</strong></span> <span class='ocrx_word' id='word_1_7' title='bbox 1329 573 1525 628; x_wconf 84' lang='lat' dir='ltr'><strong>expers</strong></span> <span class='ocrx_word' id='word_1_8' title='bbox 1561 561 1761 627; x_wconf 88' lang='lat' dir='ltr'><strong>luerit,</strong></span> <span class='ocrx_word' id='word_1_9' title='bbox 1795 563 1930 619; x_wconf 88' lang='lat' dir='ltr'><strong>deus</strong></span> <span class='ocrx_word' id='word_1_10' title='bbox 1963 582 2095 636; x_wconf 91' lang='lat' dir='ltr'><strong>quo-</strong></span> 
     </span>
    </p>
   </div>
   <div class='ocr_carea' id='block_1_5' title="bbox 2199 550 3808 650">
    <p class='ocr_par' dir='ltr' id='par_1_5' title="bbox 2209 570 3808 650">
     <span class='ocr_line' id='line_1_5' title="bbox 2209 570 3808 650; baseline 0.008 -26"><span class='ocrx_word' id='word_1_11' title='bbox 2209 570 2371 641; x_wconf 83' lang='grc' dir='ltr'>φύσιν</span> <span class='ocrx_word' id='word_1_12' title='bbox 2409 574 2545 645; x_wconf 83' lang='grc' dir='ltr'>πρὸς</span> <span class='ocrx_word' id='word_1_13' title='bbox 2575 571 2640 629; x_wconf 77' lang='grc' dir='ltr'>τὸ</span> <span class='ocrx_word' id='word_1_14' title='bbox 2689 574 2992 648; x_wconf 78' lang='grc' dir='ltr'>θειότερον,</span> <span class='ocrx_word' id='word_1_15' title='bbox 3029 578 3122 632; x_wconf 75' lang='grc' dir='ltr'><strong>καὶ</strong></span> <span class='ocrx_word' id='word_1_16' title='bbox 3177 579 3333 644; x_wconf 54' lang='lat' dir='ltr'><strong>Osci;</strong></span> <span class='ocrx_word' id='word_1_17' title='bbox 3379 581 3649 650; x_wconf 81' lang='grc' dir='ltr'>γίνεσθαι</span> <span class='ocrx_word' id='word_1_18' title='bbox 3687 583 3808 647; x_wconf 71' lang='grc' dir='ltr'>τοὺς</span> 
     </span>
    </p>
   </div>
   <div class='ocr_carea' id='block_1_6' title="bbox 528 638 2103 726">
    <p class='ocr_par' dir='ltr' id='par_1_6' title="bbox 528 638 2103 726">
     <span class='ocr_line' id='line_1_6' title="bbox 528 638 2103 726; baseline 0.013 -37"><span class='ocrx_word' id='word_1_19' title='bbox 528 638 823 693; x_wconf 86' lang='lat' dir='ltr'><strong>dammodo</strong></span> <span class='ocrx_word' id='word_1_20' title='bbox 872 654 969 710; x_wconf 91' lang='lat' dir='ltr'><strong>per</strong></span> <span class='ocrx_word' id='word_1_21' title='bbox 1015 642 1287 711; x_wconf 85' lang='lat' dir='ltr'><strong>ejusmodi</strong></span> <span class='ocrx_word' id='word_1_22' title='bbox 1342 647 1590 726; x_wconf 86' lang='lat' dir='ltr'><strong>habitum</strong></span> <span class='ocrx_word' id='word_1_23' title='bbox 1645 651 1869 709; x_wconf 89' lang='lat' dir='ltr'><strong>evadit:</strong></span> <span class='ocrx_word' id='word_1_24' title='bbox 1903 655 2103 726; x_wconf 91' lang='lat' dir='ltr'><strong>quippe</strong></span> 
     </span>
    </p>
   </div>
   <div class='ocr_carea' id='block_1_7' title="bbox 527 722 2104 808">
    <p class='ocr_par' dir='ltr' id='par_1_7' title="bbox 527 722 2104 808">
     <span class='ocr_line' id='line_1_7' title="bbox 527 722 2104 808; baseline 0.011 -26"><span class='ocrx_word' id='word_1_25' title='bbox 527 741 652 782; x_wconf 89' lang='lat' dir='ltr'><strong>cum</strong></span> <span class='ocrx_word' id='word_1_26' title='bbox 686 727 821 783; x_wconf 84' lang='lat' dir='ltr'><strong>illud</strong></span> <span class='ocrx_word' id='word_1_27' title='bbox 850 731 954 785; x_wconf 84' lang='lat' dir='ltr'><strong>sibi</strong></span> <span class='ocrx_word' id='word_1_28' title='bbox 997 733 1331 803; x_wconf 78' lang='lat' dir='ltr'><strong>confecerit,</strong></span> <span class='ocrx_word' id='word_1_29' title='bbox 1363 739 1509 808; x_wconf 88' lang='lat' dir='ltr'><strong>quod</strong></span> <span class='ocrx_word' id='word_1_30' title='bbox 1555 722 1704 796; x_wconf 86' lang='lat' dir='ltr'><strong>circa</strong></span> <span class='ocrx_word' id='word_1_31' title='bbox 1739 722 2104 801; x_wconf 49' lang='lat' dir='ltr'><strong>naturam—di-</strong></span> 
     </span>
    </p>
   </div>
   <div class='ocr_carea' id='block_1_8' title="bbox 526 821 2102 903">
    <p class='ocr_par' dir='ltr' id='par_1_8' title="bbox 526 821 2102 903">
     <span class='ocr_line' id='line_1_8' title="bbox 526 821 2102 903; baseline 0.011 -32"><span class='ocrx_word' id='word_1_32' title='bbox 526 821 709 883; x_wconf 70' lang='lat' dir='ltr'><strong>vinam</strong></span> <span class='ocrx_word' id='word_1_33' title='bbox 757 821 897 875; x_wconf 93' lang='lat' dir='ltr'><strong>ratio</strong></span> <span class='ocrx_word' id='word_1_34' title='bbox 940 824 1141 878; x_wconf 80' lang='lat' dir='ltr'><strong>cernit.</strong></span> <span class='ocrx_word' id='word_1_35' title='bbox 1198 824 1361 882; x_wconf 80' lang='lat' dir='ltr'><strong>Vides</strong></span> <span class='ocrx_word' id='word_1_36' title='bbox 1395 828 1463 882; x_wconf 86' lang='lat' dir='ltr'><strong>ad</strong></span> <span class='ocrx_word' id='word_1_37' title='bbox 1493 838 1756 899; x_wconf 75' lang='lat' dir='ltr'><strong>quantam</strong></span> <span class='ocrx_word' id='word_1_38' title='bbox 1788 835 2102 903; x_wconf 89' lang='lat' dir='ltr'><strong>amplitudi-</strong></span> 
     </span>
    </p>
   </div>
   <div class='ocr_carea' id='block_1_9' title="bbox 526 914 2099 995">
    <p class='ocr_par' dir='ltr' id='par_1_9' title="bbox 526 914 2099 995">
     <span class='ocr_line' id='line_1_9' title="bbox 526 914 2099 995; baseline 0.012 -33"><span class='ocrx_word' id='word_1_39' title='bbox 526 925 651 964; x_wconf 85' lang='lat' dir='ltr'><strong>nem</strong></span> <span class='ocrx_word' id='word_1_40' title='bbox 705 924 803 979; x_wconf 88' lang='lat' dir='ltr'><strong>per</strong></span> <span class='ocrx_word' id='word_1_41' title='bbox 862 914 1023 966; x_wconf 84' lang='lat' dir='ltr'><strong>verba</strong></span> <span class='ocrx_word' id='word_1_42' title='bbox 1075 917 1345 973; x_wconf 84' lang='lat' dir='ltr'><strong>orationis</strong></span> <span class='ocrx_word' id='word_1_43' title='bbox 1407 918 1670 977; x_wconf 85' lang='lat' dir='ltr'><strong>Dominus</strong></span> <span class='ocrx_word' id='word_1_44' title='bbox 1732 923 2099 995; x_wconf 76' lang='lat' dir='ltr'><strong>intelligemus</strong></span> 
     </span>
    </p>
   </div>
   <div class='ocr_carea' id='block_1_10' title="bbox 524 1000 2101 1086">
    <p class='ocr_par' dir='ltr' id='par_1_10' title="bbox 524 1000 2101 1086">
     <span class='ocr_line' id='line_1_10' title="bbox 524 1000 2101 1086; baseline 0.011 -33"><span class='ocrx_word' id='word_1_45' title='bbox 524 1000 737 1067; x_wconf 86' lang='lat' dir='ltr'><strong>evehat,</strong></span> <span class='ocrx_word' id='word_1_46' title='bbox 770 1001 1066 1057; x_wconf 85' lang='lat' dir='ltr'><strong>humanam</strong></span> <span class='ocrx_word' id='word_1_47' title='bbox 1100 1016 1352 1061; x_wconf 89' lang='lat' dir='ltr'><strong>naturam</strong></span> <span class='ocrx_word' id='word_1_48' title='bbox 1377 1010 1692 1067; x_wconf 89' lang='lat' dir='ltr'><strong>conditione</strong></span> <span class='ocrx_word' id='word_1_49' title='bbox 1731 1012 1916 1069; x_wconf 90' lang='lat' dir='ltr'><strong>divina</strong></span> <span class='ocrx_word' id='word_1_50' title='bbox 1962 1031 2101 1086; x_wconf 87' lang='lat' dir='ltr'><strong>quo-</strong></span> 
     </span>
    </p>
   </div>
   <div class='ocr_carea' id='block_1_11' title="bbox 523 1088 2098 1173">
    <p class='ocr_par' dir='ltr' id='par_1_11' title="bbox 523 1088 2098 1173">
     <span class='ocr_line' id='line_1_11' title="bbox 523 1088 2098 1173; baseline 0.011 -30"><span class='ocrx_word' id='word_1_51' title='bbox 523 1088 817 1147; x_wconf 74' lang='lat' dir='ltr'><strong>dummodo</strong></span> <span class='ocrx_word' id='word_1_52' title='bbox 864 1106 1115 1161; x_wconf 89' lang='lat' dir='ltr'><strong>mutans,</strong></span> <span class='ocrx_word' id='word_1_53' title='bbox 1151 1106 1204 1152; x_wconf 91' lang='lat' dir='ltr'><strong>et</strong></span> <span class='ocrx_word' id='word_1_54' title='bbox 1251 1107 1308 1153; x_wconf 93' lang='lat' dir='ltr'><strong>ut</strong></span> <span class='ocrx_word' id='word_1_55' title='bbox 1353 1101 1429 1156; x_wconf 91' lang='lat' dir='ltr'><strong>dii</strong></span> <span class='ocrx_word' id='word_1_56' title='bbox 1474 1102 1639 1167; x_wconf 86' lang='lat' dir='ltr'><strong>liant,</strong></span> <span class='ocrx_word' id='word_1_57' title='bbox 1681 1105 1773 1173; x_wconf 87' lang='lat' dir='ltr'><strong>qui</strong></span> <span class='ocrx_word' id='word_1_58' title='bbox 1819 1106 1884 1160; x_wconf 91' lang='lat' dir='ltr'><strong>ad</strong></span> <span class='ocrx_word' id='word_1_59' title='bbox 1931 1104 2098 1162; x_wconf 88' lang='lat' dir='ltr'><strong>Deum</strong></span> 
     </span>
    </p>
   </div>
   <div class='ocr_carea' id='block_1_12' title="bbox 524 1183 2097 1264">
    <p class='ocr_par' dir='ltr' id='par_1_12' title="bbox 524 1183 2097 1264">
     <span class='ocr_line' id='line_1_12' title="bbox 524 1183 2097 1264; baseline 0.011 -30"><span class='ocrx_word' id='word_1_60' title='bbox 524 1183 797 1237; x_wconf 84' lang='lat' dir='ltr'><strong>accessuri</strong></span> <span class='ocrx_word' id='word_1_61' title='bbox 831 1184 974 1252; x_wconf 87' lang='lat' dir='ltr'><strong>sint,</strong></span> <span class='ocrx_word' id='word_1_62' title='bbox 1011 1189 1308 1244; x_wconf 83' lang='lat' dir='ltr'><strong>sanciens?</strong></span> <span class='ocrx_word' id='word_1_63' title='bbox 1334 1196 1472 1255; x_wconf 84' lang='lat' dir='ltr'><strong>Cur,</strong></span> <span class='ocrx_word' id='word_1_64' title='bbox 1515 1194 1726 1264; x_wconf 85' lang='lat' dir='ltr'><strong>inquit,</strong></span> <span class='ocrx_word' id='word_1_65' title='bbox 1760 1197 2010 1253; x_wconf 85' lang='lat' dir='ltr'><strong>servilem</strong></span> <span class='ocrx_word' id='word_1_66' title='bbox 2046 1201 2097 1252; x_wconf 91' lang='lat' dir='ltr'><strong>in</strong></span> 
     </span>
    </p>
   </div>
   <div class='ocr_carea' id='block_1_13' title="bbox 523 1275 2100 1348">
    <p class='ocr_par' dir='ltr' id='par_1_13' title="bbox 523 1275 2100 1348">
     <span class='ocr_line' id='line_1_13' title="bbox 523 1275 2100 1348; baseline 0.011 -21"><span class='ocrx_word' id='word_1_67' title='bbox 523 1275 744 1331; x_wconf 88' lang='lat' dir='ltr'><strong>modum</strong></span> <span class='ocrx_word' id='word_1_68' title='bbox 790 1285 936 1333; x_wconf 91' lang='lat' dir='ltr'><strong>metu</strong></span> <span class='ocrx_word' id='word_1_69' title='bbox 997 1280 1275 1348; x_wconf 80' lang='lat' dir='ltr'><strong>trepidans</strong></span> <span class='ocrx_word' id='word_1_70' title='bbox 1322 1293 1377 1338; x_wconf 90' lang='lat' dir='ltr'><strong>et</strong></span> <span class='ocrx_word' id='word_1_71' title='bbox 1433 1287 1769 1342; x_wconf 87' lang='lat' dir='ltr'><strong>conscientia</strong></span> <span class='ocrx_word' id='word_1_72' title='bbox 1813 1295 1904 1342; x_wconf 93' lang='lat' dir='ltr'><strong>tua</strong></span> <span class='ocrx_word' id='word_1_73' title='bbox 1958 1289 2100 1345; x_wconf 83' lang='lat' dir='ltr'><strong>ictus</strong></span> 
     </span>
    </p>
   </div>
   <div class='ocr_carea' id='block_1_14' title="bbox 521 1364 2098 1437">
    <p class='ocr_par' dir='ltr' id='par_1_14' title="bbox 521 1364 2098 1437">
     <span class='ocr_line' id='line_1_14' title="bbox 521 1364 2098 1437; baseline 0.011 -17"><span class='ocrx_word' id='word_1_74' title='bbox 521 1378 584 1420; x_wconf 85' lang='lat' dir='ltr'><strong>ac</strong></span> <span class='ocrx_word' id='word_1_75' title='bbox 621 1364 919 1436; x_wconf 80' lang='lat' dir='ltr'><strong>ﬂagellatus</strong></span> <span class='ocrx_word' id='word_1_76' title='bbox 957 1372 1024 1425; x_wconf 91' lang='lat' dir='ltr'><strong>ad</strong></span> <span class='ocrx_word' id='word_1_77' title='bbox 1060 1371 1225 1428; x_wconf 90' lang='lat' dir='ltr'><strong>Deum</strong></span> <span class='ocrx_word' id='word_1_78' title='bbox 1271 1375 1530 1431; x_wconf 77' lang='lat' dir='ltr'><strong>accedis?</strong></span> <span class='ocrx_word' id='word_1_79' title='bbox 1570 1392 1671 1431; x_wconf 87' lang='lat' dir='ltr'><strong>cur</strong></span> <span class='ocrx_word' id='word_1_80' title='bbox 1709 1380 1958 1437; x_wconf 78' lang='lat' dir='ltr'><strong>excludis</strong></span> <span class='ocrx_word' id='word_1_81' title='bbox 2005 1383 2098 1437; x_wconf 85' lang='lat' dir='ltr'><strong>tibi</strong></span> 
     </span>
    </p>
   </div>
   <div class='ocr_carea' id='block_1_15' title="bbox 520 1455 2100 1542">
    <p class='ocr_par' dir='ltr' id='par_1_15' title="bbox 520 1455 2100 1542">
     <span class='ocr_line' id='line_1_15' title="bbox 520 1455 2100 1542; baseline 0.011 -32"><span class='ocrx_word' id='word_1_82' title='bbox 520 1455 773 1513; x_wconf 81' lang='lat' dir='ltr'><strong>ﬁduciam</strong></span> <span class='ocrx_word' id='word_1_83' title='bbox 810 1461 863 1515; x_wconf 92' lang='lat' dir='ltr'><strong>in</strong></span> <span class='ocrx_word' id='word_1_84' title='bbox 903 1462 1152 1518; x_wconf 85' lang='lat' dir='ltr'><strong>libertate</strong></span> <span class='ocrx_word' id='word_1_85' title='bbox 1188 1468 1385 1521; x_wconf 75' lang='lat' dir='ltr'><strong>anima:</strong></span> <span class='ocrx_word' id='word_1_86' title='bbox 1422 1468 1840 1537; x_wconf 84' lang='lat' dir='ltr'><strong>consistentem,</strong></span> <span class='ocrx_word' id='word_1_87' title='bbox 1877 1488 1999 1542; x_wconf 77' lang='lat' dir='ltr'><strong>qua:</strong></span> <span class='ocrx_word' id='word_1_88' title='bbox 2032 1476 2100 1527; x_wconf 82' lang='lat' dir='ltr'><strong>ab</strong></span> 
     </span>
    </p>
   </div>
   <div class='ocr_carea' id='block_1_16' title="bbox 519 1548 2094 1633">
    <p class='ocr_par' dir='ltr' id='par_1_16' title="bbox 519 1548 2094 1633">
     <span class='ocr_line' id='line_1_16' title="bbox 519 1548 2094 1633; baseline 0.012 -33"><span class='ocrx_word' id='word_1_89' title='bbox 519 1548 679 1603; x_wconf 90' lang='lat' dir='ltr'><strong>initio</strong></span> <span class='ocrx_word' id='word_1_90' title='bbox 705 1549 868 1606; x_wconf 89' lang='lat' dir='ltr'><strong>simul</strong></span> <span class='ocrx_word' id='word_1_91' title='bbox 898 1567 1022 1607; x_wconf 89' lang='lat' dir='ltr'><strong>cum</strong></span> <span class='ocrx_word' id='word_1_92' title='bbox 1058 1566 1252 1608; x_wconf 83' lang='lat' dir='ltr'><strong>natura</strong></span> <span class='ocrx_word' id='word_1_93' title='bbox 1284 1556 1336 1609; x_wconf 92' lang='lat' dir='ltr'><strong>iu</strong></span> <span class='ocrx_word' id='word_1_94' title='bbox 1369 1572 1495 1613; x_wconf 89' lang='lat' dir='ltr'><strong>esse</strong></span> <span class='ocrx_word' id='word_1_95' title='bbox 1529 1559 1792 1630; x_wconf 89' lang='lat' dir='ltr'><strong>producta</strong></span> <span class='ocrx_word' id='word_1_96' title='bbox 1815 1563 1941 1618; x_wconf 85' lang='lat' dir='ltr'><strong>est?</strong></span> <span class='ocrx_word' id='word_1_97' title='bbox 1966 1566 2094 1633; x_wconf 82' lang='lat' dir='ltr'><strong>quid</strong></span> 
     </span>
    </p>
   </div>
   <div class='ocr_carea' id='block_1_17' title="bbox 520 1639 2097 1725">
    <p class='ocr_par' dir='ltr' id='par_1_17' title="bbox 520 1639 2097 1725">
     <span class='ocr_line' id='line_1_17' title="bbox 520 1639 2097 1725; baseline 0.013 -35"><span class='ocrx_word' id='word_1_98' title='bbox 520 1639 764 1694; x_wconf 87' lang='lat' dir='ltr'><strong>adularis</strong></span> <span class='ocrx_word' id='word_1_99' title='bbox 792 1643 970 1698; x_wconf 84' lang='lat' dir='ltr'><strong>verbis</strong></span> <span class='ocrx_word' id='word_1_100' title='bbox 1010 1647 1059 1700; x_wconf 90' lang='lat' dir='ltr'><strong>ei</strong></span> <span class='ocrx_word' id='word_1_101' title='bbox 1099 1647 1191 1716; x_wconf 90' lang='lat' dir='ltr'><strong>qui</strong></span> <span class='ocrx_word' id='word_1_102' title='bbox 1237 1649 1702 1708; x_wconf 85' lang='lat' dir='ltr'><strong>assentationibus</strong></span> <span class='ocrx_word' id='word_1_103' title='bbox 1739 1652 1852 1708; x_wconf 82' lang='lat' dir='ltr'><strong>falli</strong></span> <span class='ocrx_word' id='word_1_104' title='bbox 1886 1657 2097 1725; x_wconf 85' lang='lat' dir='ltr'><strong>nequit,</strong></span> 
     </span>
    </p>
   </div>
   <div class='ocr_carea' id='block_1_18' title="bbox 520 1732 2097 1825">
    <p class='ocr_par' dir='ltr' id='par_1_18' title="bbox 520 1732 2097 1825">
     <span class='ocr_line' id='line_1_18' title="bbox 520 1732 2097 1825; baseline 0.011 -42"><span class='ocrx_word' id='word_1_105' title='bbox 520 1738 687 1800; x_wconf 88' lang='lat' dir='ltr'><strong>atque</strong></span> <span class='ocrx_word' id='word_1_106' title='bbox 717 1732 899 1788; x_wconf 91' lang='lat' dir='ltr'><strong>deludi</strong></span> <span class='ocrx_word' id='word_1_107' title='bbox 933 1750 1040 1789; x_wconf 81' lang='lat' dir='ltr'><strong>non</strong></span> <span class='ocrx_word' id='word_1_108' title='bbox 1072 1738 1229 1794; x_wconf 84' lang='lat' dir='ltr'><strong>vult?</strong></span> <span class='ocrx_word' id='word_1_109' title='bbox 1255 1754 1355 1794; x_wconf 91' lang='lat' dir='ltr'><strong>cur</strong></span> <span class='ocrx_word' id='word_1_110' title='bbox 1382 1740 1623 1825; x_wconf 74' lang='lat' dir='ltr'><strong>omciosu</strong></span> <span class='ocrx_word' id='word_1_111' title='bbox 1651 1752 1817 1815; x_wconf 87' lang='lat' dir='ltr'><strong>atque</strong></span> <span class='ocrx_word' id='word_1_112' title='bbox 1847 1760 2097 1803; x_wconf 82' lang='lat' dir='ltr'><strong>assenta-</strong></span> 
     </span>
    </p>
   </div>
   <div class='ocr_carea' id='block_1_19' title="bbox 520 1824 2099 1904">
    <p class='ocr_par' dir='ltr' id='par_1_19' title="bbox 520 1824 2099 1904">
     <span class='ocr_line' id='line_1_19' title="bbox 520 1824 2099 1904; baseline 0.013 -30"><span class='ocrx_word' id='word_1_113' title='bbox 520 1824 662 1877; x_wconf 90' lang='lat' dir='ltr'><strong>toria</strong></span> <span class='ocrx_word' id='word_1_114' title='bbox 684 1828 847 1879; x_wconf 90' lang='lat' dir='ltr'><strong>verba</strong></span> <span class='ocrx_word' id='word_1_115' title='bbox 872 1828 1034 1884; x_wconf 70' lang='lat' dir='ltr'><strong>atfers</strong></span> <span class='ocrx_word' id='word_1_116' title='bbox 1066 1830 1133 1885; x_wconf 84' lang='lat' dir='ltr'><strong>ad</strong></span> <span class='ocrx_word' id='word_1_117' title='bbox 1176 1846 1299 1886; x_wconf 90' lang='lat' dir='ltr'><strong>eum</strong></span> <span class='ocrx_word' id='word_1_118' title='bbox 1335 1824 1429 1902; x_wconf 86' lang='lat' dir='ltr'><strong>qui</strong></span> <span class='ocrx_word' id='word_1_119' title='bbox 1452 1848 1619 1904; x_wconf 87' lang='lat' dir='ltr'><strong>opera</strong></span> <span class='ocrx_word' id='word_1_120' title='bbox 1658 1836 1936 1893; x_wconf 76' lang='lat' dir='ltr'><strong>intuetur?</strong></span> <span class='ocrx_word' id='word_1_121' title='bbox 1974 1840 2099 1894; x_wconf 83' lang='lat' dir='ltr'><strong>licet</strong></span> 
     </span>
    </p>
   </div>
   <div class='ocr_carea' id='block_1_20' title="bbox 518 1915 2524 2013">
    <p class='ocr_par' dir='ltr' id='par_1_20' title="bbox 518 1915 2524 2013">
     <span class='ocr_line' id='line_1_20' title="bbox 518 1915 2524 2013; baseline 0.015 -46"><span class='ocrx_word' id='word_1_122' title='bbox 518 1915 617 1969; x_wconf 92' lang='lat' dir='ltr'><strong>tibi</strong></span> <span class='ocrx_word' id='word_1_123' title='bbox 648 1915 913 1987; x_wconf 89' lang='lat' dir='ltr'><strong>quidquid</strong></span> <span class='ocrx_word' id='word_1_124' title='bbox 942 1934 1009 1975; x_wconf 78' lang='lat' dir='ltr'><strong>ex</strong></span> <span class='ocrx_word' id='word_1_125' title='bbox 1056 1920 1166 1976; x_wconf 91' lang='lat' dir='ltr'><strong>Deo</strong></span> <span class='ocrx_word' id='word_1_126' title='bbox 1208 1924 1558 1983; x_wconf 89' lang='lat' dir='ltr'><strong>commodum</strong></span> <span class='ocrx_word' id='word_1_127' title='bbox 1600 1934 1686 1981; x_wconf 87' lang='lat' dir='ltr'><strong>est</strong></span> <span class='ocrx_word' id='word_1_128' title='bbox 1725 1930 1911 1985; x_wconf 90' lang='lat' dir='ltr'><strong>animo</strong></span> <span class='ocrx_word' id='word_1_129' title='bbox 1953 1932 2101 2002; x_wconf 85' lang='lat' dir='ltr'><strong>inge-</strong></span> <span class='ocrx_word' id='word_1_130' title='bbox 2131 1949 2174 2008; x_wconf 64' lang='grc' dir='ltr'>ιι</span> <span class='ocrx_word' id='word_1_131' title='bbox 2200 1915 2399 2013; x_wconf 49' lang='grc' dir='ltr'><strong>δι⁷γάρ⁷</strong></span> <span class='ocrx_word' id='word_1_132' title='bbox 2430 1944 2524 1997; x_wconf 80' lang='grc' dir='ltr'><strong>ἐπὶ</strong></span> 
     </span>
    </p>
   </div>
   <div class='ocr_carea' id='block_1_21' title="bbox 517 2012 2092 2090">
    <p class='ocr_par' dir='ltr' id='par_1_21' title="bbox 517 2012 2092 2090">
     <span class='ocr_line' id='line_1_21' title="bbox 517 2012 2092 2090; baseline 0.013 -30"><span class='ocrx_word' id='word_1_133' title='bbox 517 2022 627 2062; x_wconf 92' lang='lat' dir='ltr'><strong>nuo</strong></span> <span class='ocrx_word' id='word_1_134' title='bbox 656 2016 821 2080; x_wconf 89' lang='lat' dir='ltr'><strong>atque</strong></span> <span class='ocrx_word' id='word_1_135' title='bbox 849 2012 1025 2068; x_wconf 88' lang='lat' dir='ltr'><strong>libero</strong></span> <span class='ocrx_word' id='word_1_136' title='bbox 1054 2014 1122 2069; x_wconf 91' lang='lat' dir='ltr'><strong>ad</strong></span> <span class='ocrx_word' id='word_1_137' title='bbox 1149 2016 1435 2071; x_wconf 87' lang='lat' dir='ltr'><strong>arbitrium</strong></span> <span class='ocrx_word' id='word_1_138' title='bbox 1465 2018 1705 2075; x_wconf 82' lang='lat' dir='ltr'><strong>habere:</strong></span> <span class='ocrx_word' id='word_1_139' title='bbox 1738 2020 1853 2090; x_wconf 89' lang='lat' dir='ltr'><strong>ipse</strong></span> <span class='ocrx_word' id='word_1_140' title='bbox 1881 2023 1979 2078; x_wconf 87' lang='lat' dir='ltr'><strong>tibi</strong></span> <span class='ocrx_word' id='word_1_141' title='bbox 2013 2024 2092 2080; x_wconf 89' lang='lat' dir='ltr'><strong>sis</strong></span> 
     </span>
    </p>
   </div>
   <div class='ocr_carea' id='block_1_22' title="bbox 2205 656 3804 747">
    <p class='ocr_par' dir='ltr' id='par_1_22' title="bbox 2205 656 3804 747">
     <span class='ocr_line' id='line_1_22' title="bbox 2205 656 3804 747; baseline 0.009 -32"><span class='ocrx_word' id='word_1_142' title='bbox 2205 656 2281 737; x_wconf 78' lang='grc' dir='ltr'><strong>τῷ</strong></span> <span class='ocrx_word' id='word_1_143' title='bbox 2331 664 2450 737; x_wconf 87' lang='grc' dir='ltr'><strong>Θεῷ</strong></span> <span class='ocrx_word' id='word_1_144' title='bbox 2506 666 2831 736; x_wconf 82' lang='grc' dir='ltr'><strong>προσιόντας</strong></span> <span class='ocrx_word' id='word_1_145' title='bbox 2869 669 3214 740; x_wconf 73' lang='grc' dir='ltr'>νομοθετῶνς</span> <span class='ocrx_word' id='word_1_146' title='bbox 3267 672 3334 725; x_wconf 80' lang='grc' dir='ltr'>Τί</span> <span class='ocrx_word' id='word_1_147' title='bbox 3381 672 3804 747; x_wconf 73' lang='grc' dir='ltr'>δουλοπρεπῶς.</span> 
     </span>
    </p>
   </div>
   <div class='ocr_carea' id='block_1_23' title="bbox 2200 756 3805 839">
    <p class='ocr_par' dir='ltr' id='par_1_23' title="bbox 2200 756 3805 839">
     <span class='ocr_line' id='line_1_23' title="bbox 2200 756 3805 839; baseline 0.009 -32"><span class='ocrx_word' id='word_1_148' title='bbox 2200 756 2390 825; x_wconf 64' lang='grc' dir='ltr'>φησιν,</span> <span class='ocrx_word' id='word_1_149' title='bbox 2426 758 2482 809; x_wconf 79' lang='grc' dir='ltr'>ὲν</span> <span class='ocrx_word' id='word_1_150' title='bbox 2510 757 2661 828; x_wconf 77' lang='grc' dir='ltr'>φόϐῳ</span> <span class='ocrx_word' id='word_1_151' title='bbox 2690 760 3051 832; x_wconf 82' lang='grc' dir='ltr'>κατεπτηχὼς</span> <span class='ocrx_word' id='word_1_152' title='bbox 3073 802 3088 827; x_wconf 88' lang='grc'><strong>,</strong></span> <span class='ocrx_word' id='word_1_153' title='bbox 3124 765 3219 818; x_wconf 70' lang='grc' dir='ltr'><strong>καὶ</strong></span> <span class='ocrx_word' id='word_1_154' title='bbox 3261 765 3343 835; x_wconf 83' lang='grc' dir='ltr'><strong>τῷ</strong></span> <span class='ocrx_word' id='word_1_155' title='bbox 3398 766 3682 821; x_wconf 74' lang='grc' dir='ltr'><strong>συνειδότι</strong></span> <span class='ocrx_word' id='word_1_156' title='bbox 3728 767 3805 839; x_wconf 71' lang='grc' dir='ltr'><strong>τῷ</strong></span> 
     </span>
    </p>
   </div>
   <div class='ocr_carea' id='block_1_24' title="bbox 2205 846 3809 933">
    <p class='ocr_par' dir='ltr' id='par_1_24' title="bbox 2205 846 3809 933">
     <span class='ocr_line' id='line_1_24' title="bbox 2205 846 3809 933; baseline 0.011 -35"><span class='ocrx_word' id='word_1_157' title='bbox 2205 846 2399 900; x_wconf 79' lang='grc' dir='ltr'>ἑαυτοῦ</span> <span class='ocrx_word' id='word_1_158' title='bbox 2447 850 2838 921; x_wconf 79' lang='grc' dir='ltr'>μαστιζόμενος</span> <span class='ocrx_word' id='word_1_159' title='bbox 2870 854 3150 933; x_wconf 75' lang='grc' dir='ltr'><strong>προσέρχῃ</strong></span> <span class='ocrx_word' id='word_1_160' title='bbox 3175 857 3326 929; x_wconf 85' lang='grc' dir='ltr'>Θεῷ;</span> <span class='ocrx_word' id='word_1_161' title='bbox 3362 859 3433 912; x_wconf 84' lang='grc' dir='ltr'>Τί</span> <span class='ocrx_word' id='word_1_162' title='bbox 3481 860 3809 925; x_wconf 70' lang='grc' dir='ltr'><strong>ἀποκλείεις</strong></span> 
     </span>
    </p>
   </div>
   <div class='ocr_carea' id='block_1_25' title="bbox 2208 939 3804 1025">
    <p class='ocr_par' dir='ltr' id='par_1_25' title="bbox 2208 939 3804 1025">
     <span class='ocr_line' id='line_1_25' title="bbox 2208 939 3804 1025; baseline 0.01 -34"><span class='ocrx_word' id='word_1_163' title='bbox 2208 939 2418 1013; x_wconf 80' lang='grc' dir='ltr'>σεαυτῷ</span> <span class='ocrx_word' id='word_1_164' title='bbox 2451 941 2549 1013; x_wconf 82' lang='grc' dir='ltr'>τὴν</span> <span class='ocrx_word' id='word_1_165' title='bbox 2583 944 2893 1015; x_wconf 72' lang='grc' dir='ltr'>παρρησίαν</span> <span class='ocrx_word' id='word_1_166' title='bbox 2915 985 2930 1010; x_wconf 88' lang='grc'><strong>,</strong></span> <span class='ocrx_word' id='word_1_167' title='bbox 2961 945 3062 1017; x_wconf 81' lang='grc' dir='ltr'>τὴν</span> <span class='ocrx_word' id='word_1_168' title='bbox 3107 951 3171 1020; x_wconf 80' lang='grc' dir='ltr'>τῇ</span> <span class='ocrx_word' id='word_1_169' title='bbox 3206 949 3491 1022; x_wconf 74' lang='grc' dir='ltr'><strong>ἐλευθερίᾳ</strong></span> <span class='ocrx_word' id='word_1_170' title='bbox 3540 953 3651 1025; x_wconf 83' lang='grc' dir='ltr'>τῆς</span> <span class='ocrx_word' id='word_1_171' title='bbox 3694 954 3804 1023; x_wconf 74' lang='grc' dir='ltr'>ψυ-</span> 
     </span>
    </p>
   </div>
   <div class='ocr_carea' id='block_1_26' title="bbox 2204 1030 3805 1117">
    <p class='ocr_par' dir='ltr' id='par_1_26' title="bbox 2204 1030 3805 1117">
     <span class='ocr_line' id='line_1_26' title="bbox 2204 1030 3805 1117; baseline 0.012 -35"><span class='ocrx_word' id='word_1_172' title='bbox 2204 1030 2308 1100; x_wconf 76' lang='grc' dir='ltr'>χῆς</span> <span class='ocrx_word' id='word_1_173' title='bbox 2330 1032 2744 1106; x_wconf 76' lang='grc' dir='ltr'><strong>ἐνυπάρχουσαν</strong></span> <span class='ocrx_word' id='word_1_174' title='bbox 2763 1076 2778 1101; x_wconf 88' lang='grc'><strong>,</strong></span> <span class='ocrx_word' id='word_1_175' title='bbox 2818 1037 2916 1109; x_wconf 80' lang='grc' dir='ltr'>τὴν</span> <span class='ocrx_word' id='word_1_176' title='bbox 2944 1037 3005 1103; x_wconf 80' lang='grc' dir='ltr'>ἐξ</span> <span class='ocrx_word' id='word_1_177' title='bbox 3029 1039 3202 1112; x_wconf 79' lang='grc' dir='ltr'>ἀρχῆς</span> <span class='ocrx_word' id='word_1_178' title='bbox 3231 1044 3688 1116; x_wconf 78' lang='grc' dir='ltr'>συνουσιωμένην</span> <span class='ocrx_word' id='word_1_179' title='bbox 3734 1047 3805 1117; x_wconf 72' lang='grc' dir='ltr'>τῇ</span> 
     </span>
    </p>
   </div>
   <div class='ocr_carea' id='block_1_27' title="bbox 2207 1121 3804 1201">
    <p class='ocr_par' dir='ltr' id='par_1_27' title="bbox 2207 1121 3804 1201">
     <span class='ocr_line' id='line_1_27' title="bbox 2207 1121 3804 1201; baseline 0.011 -27"><span class='ocrx_word' id='word_1_180' title='bbox 2207 1121 2406 1189; x_wconf 81' lang='grc' dir='ltr'>φύσει;</span> <span class='ocrx_word' id='word_1_181' title='bbox 2438 1123 2504 1177; x_wconf 92' lang='grc' dir='ltr'>Τί</span> <span class='ocrx_word' id='word_1_182' title='bbox 2528 1125 2847 1191; x_wconf 83' lang='grc' dir='ltr'>κολακεύεις</span> <span class='ocrx_word' id='word_1_183' title='bbox 2879 1128 2936 1181; x_wconf 78' lang='grc' dir='ltr'>ὲν</span> <span class='ocrx_word' id='word_1_184' title='bbox 2968 1130 3177 1200; x_wconf 85' lang='grc' dir='ltr'>ῥήμασι</span> <span class='ocrx_word' id='word_1_185' title='bbox 3202 1133 3297 1186; x_wconf 85' lang='grc' dir='ltr'>τὸν</span> <span class='ocrx_word' id='word_1_186' title='bbox 3337 1133 3705 1201; x_wconf 82' lang='grc' dir='ltr'>ἀθώπευτον;</span> <span class='ocrx_word' id='word_1_187' title='bbox 3736 1137 3804 1191; x_wconf 83' lang='grc' dir='ltr'>Τί</span> 
     </span>
    </p>
   </div>
   <div class='ocr_carea' id='block_1_28' title="bbox 2204 1215 3804 1303">
    <p class='ocr_par' dir='ltr' id='par_1_28' title="bbox 2204 1215 3804 1303">
     <span class='ocr_line' id='line_1_28' title="bbox 2204 1215 3804 1303; baseline 0.011 -38"><span class='ocrx_word' id='word_1_188' title='bbox 2204 1215 2503 1284; x_wconf 78' lang='grc' dir='ltr'><strong>προσάγεις</strong></span> <span class='ocrx_word' id='word_1_189' title='bbox 2530 1217 2656 1281; x_wconf 82' lang='grc' dir='ltr'>τοὺς</span> <span class='ocrx_word' id='word_1_190' title='bbox 2705 1217 3131 1303; x_wconf 83' lang='grc' dir='ltr'>θεραπευτικούς</span> <span class='ocrx_word' id='word_1_191' title='bbox 3179 1241 3239 1277; x_wconf 88' lang='grc' dir='ltr'><strong>τε</strong></span> <span class='ocrx_word' id='word_1_192' title='bbox 3281 1226 3375 1279; x_wconf 74' lang='grc' dir='ltr'><strong>καὶ</strong></span> <span class='ocrx_word' id='word_1_193' title='bbox 3413 1226 3804 1293; x_wconf 71' lang='grc' dir='ltr'>θωπευτικοῦς</span> 
     </span>
    </p>
   </div>
   <div class='ocr_carea' id='block_1_29' title="bbox 2203 1300 3801 1380">
    <p class='ocr_par' dir='ltr' id='par_1_29' title="bbox 2203 1300 3801 1380">
     <span class='ocr_line' id='line_1_29' title="bbox 2203 1300 3801 1380; baseline 0.013 -28"><span class='ocrx_word' id='word_1_194' title='bbox 2203 1300 2392 1370; x_wconf 83' lang='grc' dir='ltr'>λόγους</span> <span class='ocrx_word' id='word_1_195' title='bbox 2427 1303 2505 1375; x_wconf 88' lang='grc' dir='ltr'><strong>τῷ</strong></span> <span class='ocrx_word' id='word_1_196' title='bbox 2552 1305 2687 1375; x_wconf 79' lang='grc' dir='ltr'>πρὸς</span> <span class='ocrx_word' id='word_1_197' title='bbox 2719 1307 2786 1360; x_wconf 84' lang='grc' dir='ltr'>τὰ</span> <span class='ocrx_word' id='word_1_198' title='bbox 2814 1307 2951 1380; x_wconf 75' lang='grc' dir='ltr'>ἔργα</span> <span class='ocrx_word' id='word_1_199' title='bbox 2986 1300 3232 1379; x_wconf 71' lang='grc' dir='ltr'>βλέποντι</span> <span class='ocrx_word' id='word_1_200' title='bbox 3260 1331 3275 1379; x_wconf 90' lang='grc'><strong>;</strong></span> <span class='ocrx_word' id='word_1_201' title='bbox 3303 1314 3523 1380; x_wconf 81' lang='grc' dir='ltr'>Ἔξεστί</span> <span class='ocrx_word' id='word_1_202' title='bbox 3554 1334 3645 1371; x_wconf 87' lang='grc' dir='ltr'><strong>σοι</strong></span> <span class='ocrx_word' id='word_1_203' title='bbox 3688 1319 3801 1371; x_wconf 82' lang='grc' dir='ltr'>πᾶν</span> 
     </span>
    </p>
   </div>
   <div class='ocr_carea' id='block_1_30' title="bbox 2202 1393 3801 1479">
    <p class='ocr_par' dir='ltr' id='par_1_30' title="bbox 2202 1393 3801 1479">
     <span class='ocr_line' id='line_1_30' title="bbox 2202 1393 3801 1479; baseline 0.011 -35"><span class='ocrx_word' id='word_1_204' title='bbox 2202 1393 2283 1446; x_wconf 80' lang='grc' dir='ltr'><strong>ὅτι</strong></span> <span class='ocrx_word' id='word_1_205' title='bbox 2319 1393 2424 1465; x_wconf 81' lang='grc' dir='ltr'><strong>πέρ</strong></span> <span class='ocrx_word' id='word_1_206' title='bbox 2455 1396 2603 1450; x_wconf 79' lang='grc' dir='ltr'>ἐστιν</span> <span class='ocrx_word' id='word_1_207' title='bbox 2649 1399 2714 1452; x_wconf 80' lang='grc' dir='ltr'><strong>ὲκ</strong></span> <span class='ocrx_word' id='word_1_208' title='bbox 2750 1398 2884 1454; x_wconf 86' lang='grc' dir='ltr'>Θεοῦ</span> <span class='ocrx_word' id='word_1_209' title='bbox 2916 1404 3171 1475; x_wconf 81' lang='grc' dir='ltr'>χρηστὸν,</span> <span class='ocrx_word' id='word_1_210' title='bbox 3202 1409 3321 1459; x_wconf 85' lang='grc' dir='ltr'>κατ’</span> <span class='ocrx_word' id='word_1_211' title='bbox 3353 1407 3607 1474; x_wconf 73' lang='grc' dir='ltr'><strong>ἐξουσίαν</strong></span> <span class='ocrx_word' id='word_1_212' title='bbox 3649 1409 3801 1479; x_wconf 74' lang='grc' dir='ltr'>ἔχειν</span> 
     </span>
    </p>
   </div>
   <div class='ocr_carea' id='block_1_31' title="bbox 2203 1485 3808 1570">
    <p class='ocr_par' dir='ltr' id='par_1_31' title="bbox 2203 1485 3808 1570">
     <span class='ocr_line' id='line_1_31' title="bbox 2203 1485 3808 1570; baseline 0.012 -34"><span class='ocrx_word' id='word_1_213' title='bbox 2203 1485 2634 1557; x_wconf 79' lang='grc' dir='ltr'>ὲλευθεριάζοντι</span> <span class='ocrx_word' id='word_1_214' title='bbox 2668 1489 2747 1561; x_wconf 91' lang='grc' dir='ltr'><strong>τῷ</strong></span> <span class='ocrx_word' id='word_1_215' title='bbox 2792 1496 3098 1566; x_wconf 82' lang='grc' dir='ltr'>φρονήματι</span> <span class='ocrx_word' id='word_1_216' title='bbox 3121 1513 3136 1526; x_wconf 69' lang='grc' dir='ltr'><strong>ο</strong></span> <span class='ocrx_word' id='word_1_217' title='bbox 3168 1492 3326 1562; x_wconf 74' lang='grc' dir='ltr'>αὒτδς</span> <span class='ocrx_word' id='word_1_218' title='bbox 3366 1499 3527 1567; x_wconf 93' lang='grc' dir='ltr'>γενοῦ</span> <span class='ocrx_word' id='word_1_219' title='bbox 3576 1500 3808 1570; x_wconf 76' lang='grc' dir='ltr'>σεαυτῷ</span> 
     </span>
    </p>
   </div>
   <div class='ocr_carea' id='block_1_32' title="bbox 2178 1575 3799 1664">
    <p class='ocr_par' dir='ltr' id='par_1_32' title="bbox 2178 1575 3799 1664">
     <span class='ocr_line' id='line_1_32' title="bbox 2178 1575 3799 1664; baseline 0.008 -36"><span class='ocrx_word' id='word_1_220' title='bbox 2178 1575 2462 1648; x_wconf 83' lang='grc' dir='ltr'>’δικαστής</span> <span class='ocrx_word' id='word_1_221' title='bbox 2484 1595 2497 1609; x_wconf 87' lang='grc'><strong>·</strong></span> <span class='ocrx_word' id='word_1_222' title='bbox 2528 1578 2619 1643; x_wconf 80' lang='grc' dir='ltr'>δὸς</span> <span class='ocrx_word' id='word_1_223' title='bbox 2649 1583 2859 1655; x_wconf 83' lang='grc' dir='ltr'>σεαυτῷ</span> <span class='ocrx_word' id='word_1_224' title='bbox 2883 1585 2981 1657; x_wconf 78' lang='grc' dir='ltr'>τὴν</span> <span class='ocrx_word' id='word_1_225' title='bbox 3014 1586 3291 1653; x_wconf 82' lang='grc' dir='ltr'>σώζουσαν</span> <span class='ocrx_word' id='word_1_226' title='bbox 3318 1588 3494 1660; x_wconf 71' lang='grc' dir='ltr'>ψῆφον</span> <span class='ocrx_word' id='word_1_227' title='bbox 3515 1607 3531 1623; x_wconf 91' lang='grc'><strong>·</strong></span> <span class='ocrx_word' id='word_1_228' title='bbox 3575 1590 3799 1664; x_wconf 69' lang='grc' dir='ltr'>ἀφεθῇ-</span> 
     </span>
    </p>
   </div>
   <div class='ocr_carea' id='block_1_33' title="bbox 2201 1666 3794 1751">
    <p class='ocr_par' dir='ltr' id='par_1_33' title="bbox 2201 1666 3794 1751">
     <span class='ocr_line' id='line_1_33' title="bbox 2201 1666 3794 1751; baseline 0.012 -32"><span class='ocrx_word' id='word_1_229' title='bbox 2201 1666 2293 1720; x_wconf 87' lang='grc' dir='ltr'><strong>ναί</strong></span> <span class='ocrx_word' id='word_1_230' title='bbox 2319 1683 2402 1720; x_wconf 90' lang='grc' dir='ltr'><strong>σοι</strong></span> <span class='ocrx_word' id='word_1_231' title='bbox 2419 1666 2605 1740; x_wconf 78' lang='grc' dir='ltr'>ζητεῖς</span> <span class='ocrx_word' id='word_1_232' title='bbox 2629 1672 2782 1743; x_wconf 84' lang='grc' dir='ltr'><strong>παρά</strong></span> <span class='ocrx_word' id='word_1_233' title='bbox 2809 1673 2903 1730; x_wconf 87' lang='grc' dir='ltr'><strong>τοῦ</strong></span> <span class='ocrx_word' id='word_1_234' title='bbox 2915 1674 3051 1729; x_wconf 88' lang='grc' dir='ltr'>Θεοῦ</span> <span class='ocrx_word' id='word_1_235' title='bbox 3079 1676 3148 1731; x_wconf 77' lang='grc' dir='ltr'><strong>τά</strong></span> <span class='ocrx_word' id='word_1_236' title='bbox 3174 1678 3497 1751; x_wconf 73' lang='grc' dir='ltr'>ὀφλήματας</span> <span class='ocrx_word' id='word_1_237' title='bbox 3539 1680 3601 1735; x_wconf 78' lang='grc' dir='ltr'>σὺ</span> <span class='ocrx_word' id='word_1_238' title='bbox 3624 1680 3794 1750; x_wconf 76' lang='grc' dir='ltr'>ἄφες.</span> 
     </span>
    </p>
   </div>
   <div class='ocr_carea' id='block_1_34' title="bbox 2201 1759 3803 1843">
    <p class='ocr_par' dir='ltr' id='par_1_34' title="bbox 2201 1759 3803 1843">
     <span class='ocr_line' id='line_1_34' title="bbox 2201 1759 3803 1843; baseline 0.009 -32"><span class='ocrx_word' id='word_1_239' title='bbox 2201 1759 2296 1813; x_wconf 73' lang='grc' dir='ltr'><strong>καὶ</strong></span> <span class='ocrx_word' id='word_1_240' title='bbox 2347 1760 2536 1826; x_wconf 80' lang='grc' dir='ltr'>ὁΘεδς</span> <span class='ocrx_word' id='word_1_241' title='bbox 2588 1764 2872 1835; x_wconf 77' lang='grc' dir='ltr'>ὲψήφισεν.</span> <span class='ocrx_word' id='word_1_242' title='bbox 2922 1768 2986 1821; x_wconf 84' lang='grc' dir='ltr'><strong><em>Ἥ</em></strong></span> <span class='ocrx_word' id='word_1_243' title='bbox 3024 1769 3133 1840; x_wconf 77' lang='grc' dir='ltr'><strong>γὰρ</strong></span> <span class='ocrx_word' id='word_1_244' title='bbox 3183 1770 3321 1842; x_wconf 78' lang='grc' dir='ltr'>ὑπὲρ</span> <span class='ocrx_word' id='word_1_245' title='bbox 3358 1770 3450 1824; x_wconf 84' lang='grc' dir='ltr'><strong>τοῦ</strong></span> <span class='ocrx_word' id='word_1_246' title='bbox 3504 1772 3803 1843; x_wconf 65' lang='grc' dir='ltr'>ὁμοφύλου</span> 
     </span>
    </p>
   </div>
   <div class='ocr_carea' id='block_1_35' title="bbox 2203 1848 3791 1938">
    <p class='ocr_par' dir='ltr' id='par_1_35' title="bbox 2203 1848 3791 1938">
     <span class='ocr_line' id='line_1_35' title="bbox 2203 1848 3791 1938; baseline 0.024 -38"><span class='ocrx_word' id='word_1_247' title='bbox 2203 1848 2405 1921; x_wconf 87' lang='grc' dir='ltr'>κρίσις,</span> <span class='ocrx_word' id='word_1_248' title='bbox 2443 1852 2508 1906; x_wconf 77' lang='grc' dir='ltr'>σὺ</span> <span class='ocrx_word' id='word_1_249' title='bbox 2539 1853 2762 1927; x_wconf 87' lang='grc' dir='ltr'>κύριος,</span> <span class='ocrx_word' id='word_1_250' title='bbox 2798 1857 2888 1930; x_wconf 78' lang='grc' dir='ltr'>ἴση</span> <span class='ocrx_word' id='word_1_251' title='bbox 2920 1859 3131 1928; x_wconf 88' lang='grc' dir='ltr'>γίνεται</span> <span class='ocrx_word' id='word_1_252' title='bbox 3162 1862 3341 1933; x_wconf 69' lang='grc' dir='ltr'>ψῆφος</span> <span class='ocrx_word' id='word_1_253' title='bbox 3361 1901 3376 1927; x_wconf 68' lang='grc'><strong>9</strong></span> <span class='ocrx_word' id='word_1_254' title='bbox 3407 1862 3493 1916; x_wconf 77' lang='grc' dir='ltr'><strong>οἶα</strong></span> <span class='ocrx_word' id='word_1_255' title='bbox 3519 1863 3568 1915; x_wconf 75' lang='grc' dir='ltr'><strong>δ’</strong></span> <span class='ocrx_word' id='word_1_256' title='bbox 3603 1863 3678 1918; x_wconf 65' lang='grc' dir='ltr'><strong>ἂν</strong></span> <span class='ocrx_word' id='word_1_257' title='bbox 3713 1861 3751 1938; x_wconf 72' lang='grc' dir='ltr'><strong>ᾖ</strong></span> <span class='ocrx_word' id='word_1_258' title='bbox 3771 1882 3791 1896; x_wconf 79' lang='grc'><strong><em>⁵</em></strong></span> 
     </span>
    </p>
   </div>
   <div class='ocr_carea' id='block_1_36' title="bbox 2576 1948 3795 2029">
    <p class='ocr_par' dir='ltr' id='par_1_36' title="bbox 2576 1948 3795 2029">
     <span class='ocr_line' id='line_1_36' title="bbox 2576 1948 3795 2029; baseline 0.011 -31"><span class='ocrx_word' id='word_1_259' title='bbox 2576 1948 2806 2003; x_wconf 80' lang='grc' dir='ltr'>σεαυτοῦ</span> <span class='ocrx_word' id='word_1_260' title='bbox 2840 1950 3019 2023; x_wconf 89' lang='grc' dir='ltr'>γνῷς,</span> <span class='ocrx_word' id='word_1_261' title='bbox 3051 1953 3224 2009; x_wconf 85' lang='grc' dir='ltr'>ταῦτά</span> <span class='ocrx_word' id='word_1_262' title='bbox 3253 1972 3336 2010; x_wconf 90' lang='grc' dir='ltr'><strong>σοι</strong></span> <span class='ocrx_word' id='word_1_263' title='bbox 3384 1955 3474 2010; x_wconf 79' lang='grc' dir='ltr'>διὰ</span> <span class='ocrx_word' id='word_1_264' title='bbox 3496 1957 3597 2029; x_wconf 79' lang='grc' dir='ltr'><strong>τῆς</strong></span> <span class='ocrx_word' id='word_1_265' title='bbox 3631 1958 3795 2021; x_wconf 82' lang='grc' dir='ltr'>θείας</span> 
     </span>
    </p>
   </div>
   <div class='ocr_carea' id='block_1_37' title="bbox 2200 2030 2816 2109">
    <p class='ocr_par' dir='ltr' id='par_1_37' title="bbox 2200 2030 2816 2109">
     <span class='ocr_line' id='line_1_37' title="bbox 2200 2030 2816 2109; baseline 0.019 -28"><span class='ocrx_word' id='word_1_266' title='bbox 2200 2030 2435 2102; x_wconf 79' lang='grc' dir='ltr'>κρίσεως</span> <span class='ocrx_word' id='word_1_267' title='bbox 2470 2035 2816 2109; x_wconf 71' lang='grc' dir='ltr'>ὲπεκυρώθη.</span> 
     </span>
    </p>
   </div>
   <div class='ocr_carea' id='block_1_38' title="bbox 511 2100 3790 2203">
    <p class='ocr_par' dir='ltr' id='par_1_38' title="bbox 511 2100 3790 2203">
     <span class='ocr_line' id='line_1_38' title="bbox 511 2100 3790 2203; baseline 0.014 -50"><span class='ocrx_word' id='word_1_268' title='bbox 511 2100 680 2172; x_wconf 80' lang='lat' dir='ltr'><strong>judex</strong></span> <span class='ocrx_word' id='word_1_269' title='bbox 701 2142 717 2168; x_wconf 90' lang='lat'><strong>,</strong></span> <span class='ocrx_word' id='word_1_270' title='bbox 752 2104 869 2174; x_wconf 81' lang='lat' dir='ltr'><strong>ipse</strong></span> <span class='ocrx_word' id='word_1_271' title='bbox 900 2115 953 2160; x_wconf 90' lang='lat' dir='ltr'><strong>te</strong></span> <span class='ocrx_word' id='word_1_272' title='bbox 985 2112 1077 2160; x_wconf 92' lang='lat' dir='ltr'><strong>tua</strong></span> <span class='ocrx_word' id='word_1_273' title='bbox 1107 2109 1380 2163; x_wconf 87' lang='lat' dir='ltr'><strong>sententia</strong></span> <span class='ocrx_word' id='word_1_274' title='bbox 1410 2108 1632 2166; x_wconf 84' lang='lat' dir='ltr'><strong>absolve</strong></span> <span class='ocrx_word' id='word_1_275' title='bbox 1671 2126 1734 2166; x_wconf 92' lang='lat' dir='ltr'><strong>ac</strong></span> <span class='ocrx_word' id='word_1_276' title='bbox 1775 2127 1971 2169; x_wconf 87' lang='lat' dir='ltr'><strong>serva:</strong></span> <span class='ocrx_word' id='word_1_277' title='bbox 2004 2115 2205 2171; x_wconf 85' lang='lat' dir='ltr'><strong>remitti</strong></span> <span class='ocrx_word' id='word_1_278' title='bbox 2237 2100 2337 2174; x_wconf 85' lang='lat' dir='ltr'><strong>tibi</strong></span> <span class='ocrx_word' id='word_1_279' title='bbox 2385 2137 2411 2176; x_wconf 86' lang='lat' dir='ltr'><strong>a</strong></span> <span class='ocrx_word' id='word_1_280' title='bbox 2464 2123 2571 2180; x_wconf 85' lang='lat' dir='ltr'><strong>Deo</strong></span> <span class='ocrx_word' id='word_1_281' title='bbox 2633 2100 2816 2183; x_wconf 68' lang='lat' dir='ltr'><strong>debita</strong></span> <span class='ocrx_word' id='word_1_282' title='bbox 2882 2130 3199 2191; x_wconf 77' lang='lat' dir='ltr'><strong>desiderans</strong></span> <span class='ocrx_word' id='word_1_283' title='bbox 3221 2174 3238 2198; x_wconf 89' lang='lat'><strong>,</strong></span> <span class='ocrx_word' id='word_1_284' title='bbox 3305 2144 3361 2190; x_wconf 93' lang='lat' dir='ltr'><strong>tu</strong></span> <span class='ocrx_word' id='word_1_285' title='bbox 3410 2136 3624 2194; x_wconf 86' lang='lat' dir='ltr'><strong>dimitte</strong></span> <span class='ocrx_word' id='word_1_286' title='bbox 3647 2178 3667 2203; x_wconf 88' lang='lat'><strong>,</strong></span> <span class='ocrx_word' id='word_1_287' title='bbox 3733 2150 3790 2197; x_wconf 83' lang='lat' dir='ltr'><strong>et</strong></span> 
     </span>
    </p>
   </div>
   <div class='ocr_carea' id='block_1_39' title="bbox 517 2195 3787 2301">
    <p class='ocr_par' dir='ltr' id='par_1_39' title="bbox 517 2195 3787 2301">
     <span class='ocr_line' id='line_1_39' title="bbox 517 2195 3787 2301; baseline 0.012 -54"><span class='ocrx_word' id='word_1_288' title='bbox 517 2195 663 2250; x_wconf 86' lang='lat' dir='ltr'><strong>Deus</strong></span> <span class='ocrx_word' id='word_1_289' title='bbox 692 2195 996 2253; x_wconf 87' lang='lat' dir='ltr'><strong>decreverit</strong></span> <span class='ocrx_word' id='word_1_290' title='bbox 1023 2209 1187 2268; x_wconf 80' lang='lat' dir='ltr'><strong>atque</strong></span> <span class='ocrx_word' id='word_1_291' title='bbox 1218 2203 1543 2277; x_wconf 73' lang='lat' dir='ltr'><strong>sententiam</strong></span> <span class='ocrx_word' id='word_1_292' title='bbox 1579 2205 1784 2260; x_wconf 87' lang='lat' dir='ltr'><strong>tulerit.</strong></span> <span class='ocrx_word' id='word_1_293' title='bbox 1816 2204 1950 2261; x_wconf 87' lang='lat' dir='ltr'><strong>Nam</strong></span> <span class='ocrx_word' id='word_1_294' title='bbox 1977 2209 2189 2278; x_wconf 86' lang='lat' dir='ltr'><strong>judicio</strong></span> <span class='ocrx_word' id='word_1_295' title='bbox 2216 2212 2283 2267; x_wconf 89' lang='lat' dir='ltr'><strong>de</strong></span> <span class='ocrx_word' id='word_1_296' title='bbox 2312 2218 2592 2287; x_wconf 79' lang='lat' dir='ltr'><strong>proximo,</strong></span> <span class='ocrx_word' id='word_1_297' title='bbox 2632 2221 2778 2291; x_wconf 92' lang='lat' dir='ltr'><strong>quod</strong></span> <span class='ocrx_word' id='word_1_298' title='bbox 2852 2223 2909 2279; x_wconf 88' lang='lat' dir='ltr'><strong>in</strong></span> <span class='ocrx_word' id='word_1_299' title='bbox 2975 2234 3067 2279; x_wconf 90' lang='lat' dir='ltr'><strong>tua</strong></span> <span class='ocrx_word' id='word_1_300' title='bbox 3130 2195 3398 2296; x_wconf 74' lang='lat' dir='ltr'><strong>potestate</strong></span> <span class='ocrx_word' id='word_1_301' title='bbox 3438 2239 3557 2294; x_wconf 85' lang='lat' dir='ltr'><strong>est,</strong></span> <span class='ocrx_word' id='word_1_302' title='bbox 3598 2195 3787 2301; x_wconf 52' lang='lat' dir='ltr'><strong>quale;</strong></span> 
     </span>
    </p>
   </div>
   <div class='ocr_carea' id='block_1_40' title="bbox 514 2286 3791 2393">
    <p class='ocr_par' dir='ltr' id='par_1_40' title="bbox 514 2286 3791 2393">
     <span class='ocr_line' id='line_1_40' title="bbox 514 2286 3791 2393; baseline 0.012 -53"><span class='ocrx_word' id='word_1_303' title='bbox 514 2302 737 2358; x_wconf 83' lang='lat' dir='ltr'><strong>cunque</strong></span> <span class='ocrx_word' id='word_1_304' title='bbox 766 2286 963 2355; x_wconf 81' lang='lat' dir='ltr'><strong>fuerit,</strong></span> <span class='ocrx_word' id='word_1_305' title='bbox 1004 2292 1273 2346; x_wconf 84' lang='lat' dir='ltr'><strong>sententia</strong></span> <span class='ocrx_word' id='word_1_306' title='bbox 1307 2310 1407 2364; x_wconf 82' lang='lat' dir='ltr'><strong>par</strong></span> <span class='ocrx_word' id='word_1_307' title='bbox 1450 2296 1555 2350; x_wconf 87' lang='lat' dir='ltr'><strong>erit</strong></span> <span class='ocrx_word' id='word_1_308' title='bbox 1597 2287 1652 2351; x_wconf 87' lang='lat' dir='ltr'><strong>et</strong></span> <span class='ocrx_word' id='word_1_309' title='bbox 1700 2299 2091 2370; x_wconf 87' lang='lat' dir='ltr'><strong>respondebit:</strong></span> <span class='ocrx_word' id='word_1_310' title='bbox 2135 2320 2256 2374; x_wconf 72' lang='lat' dir='ltr'><strong>quae</strong></span> <span class='ocrx_word' id='word_1_311' title='bbox 2285 2309 2431 2362; x_wconf 89' lang='lat' dir='ltr'><strong>enim</strong></span> <span class='ocrx_word' id='word_1_312' title='bbox 2464 2313 2605 2383; x_wconf 84' lang='lat' dir='ltr'><strong>apud</strong></span> <span class='ocrx_word' id='word_1_313' title='bbox 2642 2286 2694 2368; x_wconf 74' lang='lat' dir='ltr'><strong>te</strong></span> <span class='ocrx_word' id='word_1_314' title='bbox 2726 2317 3018 2385; x_wconf 80' lang='lat' dir='ltr'><strong>statueris,</strong></span> <span class='ocrx_word' id='word_1_315' title='bbox 3054 2286 3167 2375; x_wconf 67' lang='lat' dir='ltr'><strong>haec</strong></span> <span class='ocrx_word' id='word_1_316' title='bbox 3201 2321 3298 2377; x_wconf 89' lang='lat' dir='ltr'><strong>tibi</strong></span> <span class='ocrx_word' id='word_1_317' title='bbox 3371 2338 3467 2393; x_wconf 88' lang='lat' dir='ltr'><strong>per</strong></span> <span class='ocrx_word' id='word_1_318' title='bbox 3529 2286 3791 2379; x_wconf 73' lang='lat' dir='ltr'><strong>divinum</strong></span> 
     </span>
    </p>
   </div>
   <div class='ocr_carea' id='block_1_41' title="bbox 510 2375 1296 2446">
    <p class='ocr_par' dir='ltr' id='par_1_41' title="bbox 510 2375 1296 2446">
     <span class='ocr_line' id='line_1_41' title="bbox 510 2375 1296 2446; baseline 0.011 -19"><span class='ocrx_word' id='word_1_319' title='bbox 510 2375 782 2446; x_wconf 82' lang='lat' dir='ltr'><strong>judicium</strong></span> <span class='ocrx_word' id='word_1_320' title='bbox 812 2377 1296 2436; x_wconf 77' lang='lat' dir='ltr'><strong>conﬁrmabuntur.</strong></span> 
     </span>
    </p>
   </div>
   <div class='ocr_carea' id='block_1_42' title="bbox 587 2467 2098 2554">
    <p class='ocr_par' dir='ltr' id='par_1_42' title="bbox 587 2467 2098 2554">
     <span class='ocr_line' id='line_1_42' title="bbox 587 2467 2098 2554; baseline 0.011 -30"><span class='ocrx_word' id='word_1_321' title='bbox 587 2467 695 2524; x_wconf 89' lang='lat' dir='ltr'><strong>Sed</strong></span> <span class='ocrx_word' id='word_1_322' title='bbox 725 2469 819 2540; x_wconf 90' lang='lat' dir='ltr'><strong>qui</strong></span> <span class='ocrx_word' id='word_1_323' title='bbox 851 2472 1026 2540; x_wconf 92' lang='lat' dir='ltr'><strong>possit</strong></span> <span class='ocrx_word' id='word_1_324' title='bbox 1054 2473 1253 2543; x_wconf 88' lang='lat' dir='ltr'><strong>aliquis</strong></span> <span class='ocrx_word' id='word_1_325' title='bbox 1283 2490 1380 2545; x_wconf 91' lang='lat' dir='ltr'><strong>pro</strong></span> <span class='ocrx_word' id='word_1_326' title='bbox 1412 2476 1679 2549; x_wconf 84' lang='lat' dir='ltr'><strong>dignitate</strong></span> <span class='ocrx_word' id='word_1_327' title='bbox 1707 2483 1985 2554; x_wconf 82' lang='lat' dir='ltr'><strong>explicare</strong></span> <span class='ocrx_word' id='word_1_328' title='bbox 2013 2486 2098 2542; x_wconf 88' lang='lat' dir='ltr'><strong>di-</strong></span> 
     </span>
    </p>
   </div>
   <div class='ocr_carea' id='block_1_43' title="bbox 512 2565 2095 2645">
    <p class='ocr_par' dir='ltr' id='par_1_43' title="bbox 512 2565 2095 2645">
     <span class='ocr_line' id='line_1_43' title="bbox 512 2565 2095 2645; baseline 0.007 -24"><span class='ocrx_word' id='word_1_329' title='bbox 512 2565 657 2621; x_wconf 77' lang='lat' dir='ltr'><strong>vina:</strong></span> <span class='ocrx_word' id='word_1_330' title='bbox 683 2566 834 2621; x_wconf 85' lang='lat' dir='ltr'><strong>vocis</strong></span> <span class='ocrx_word' id='word_1_331' title='bbox 883 2568 1345 2638; x_wconf 88' lang='lat' dir='ltr'><strong>amplitudinem?</strong></span> <span class='ocrx_word' id='word_1_332' title='bbox 1374 2569 1606 2642; x_wconf 83' lang='lat' dir='ltr'><strong>Superat</strong></span> <span class='ocrx_word' id='word_1_333' title='bbox 1651 2575 1705 2629; x_wconf 92' lang='lat' dir='ltr'><strong>id</strong></span> <span class='ocrx_word' id='word_1_334' title='bbox 1753 2575 1901 2645; x_wconf 89' lang='lat' dir='ltr'><strong>quod</strong></span> <span class='ocrx_word' id='word_1_335' title='bbox 1934 2577 2095 2633; x_wconf 77' lang='lat' dir='ltr'><strong>intel-</strong></span> 
     </span>
    </p>
   </div>
   <div class='ocr_carea' id='block_1_44' title="bbox 512 2658 2098 2737">
    <p class='ocr_par' dir='ltr' id='par_1_44' title="bbox 512 2658 2098 2737">
     <span class='ocr_line' id='line_1_44' title="bbox 512 2658 2098 2737; baseline 0.008 -24"><span class='ocrx_word' id='word_1_336' title='bbox 512 2658 695 2729; x_wconf 81' lang='lat' dir='ltr'><strong>ligitur</strong></span> <span class='ocrx_word' id='word_1_337' title='bbox 743 2673 864 2715; x_wconf 87' lang='lat' dir='ltr'><strong>eam</strong></span> <span class='ocrx_word' id='word_1_338' title='bbox 930 2674 1053 2729; x_wconf 70' lang='lat' dir='ltr'><strong>qua:</strong></span> <span class='ocrx_word' id='word_1_339' title='bbox 1106 2662 1289 2718; x_wconf 84' lang='lat' dir='ltr'><strong>verbis</strong></span> <span class='ocrx_word' id='word_1_340' title='bbox 1353 2664 1468 2720; x_wconf 73' lang='lat' dir='ltr'><strong>fieri</strong></span> <span class='ocrx_word' id='word_1_341' title='bbox 1535 2666 1711 2735; x_wconf 88' lang='lat' dir='ltr'><strong>possit</strong></span> <span class='ocrx_word' id='word_1_342' title='bbox 1776 2669 2098 2737; x_wconf 83' lang='lat' dir='ltr'><strong>explicatio-</strong></span> 
     </span>
    </p>
   </div>
   <div class='ocr_carea' id='block_1_45' title="bbox 513 2746 2095 2814">
    <p class='ocr_par' dir='ltr' id='par_1_45' title="bbox 513 2746 2095 2814">
     <span class='ocr_line' id='line_1_45' title="bbox 513 2746 2095 2814; baseline 0.007 -10"><span class='ocrx_word' id='word_1_343' title='bbox 513 2765 658 2804; x_wconf 85' lang='lat' dir='ltr'><strong>nem.</strong></span> <span class='ocrx_word' id='word_1_344' title='bbox 684 2746 909 2804; x_wconf 83' lang='lat' dir='ltr'><strong>Remitte</strong></span> <span class='ocrx_word' id='word_1_345' title='bbox 940 2750 1090 2804; x_wconf 82' lang='lat' dir='ltr'><strong>nobis</strong></span> <span class='ocrx_word' id='word_1_346' title='bbox 1118 2752 1296 2807; x_wconf 83' lang='lat' dir='ltr'><strong>debita</strong></span> <span class='ocrx_word' id='word_1_347' title='bbox 1322 2759 1674 2814; x_wconf 61' lang='lat' dir='ltr'><strong>nostraaicut</strong></span> <span class='ocrx_word' id='word_1_348' title='bbox 1701 2768 1751 2812; x_wconf 85' lang='lat' dir='ltr'><strong>et</strong></span> <span class='ocrx_word' id='word_1_349' title='bbox 1785 2775 1878 2813; x_wconf 80' lang='lat' dir='ltr'><strong>nos</strong></span> <span class='ocrx_word' id='word_1_350' title='bbox 1912 2760 2095 2814; x_wconf 84' lang='lat' dir='ltr'><strong>remit-</strong></span> 
     </span>
    </p>
   </div>
   <div class='ocr_carea' id='block_1_46' title="bbox 511 2840 2095 2917">
    <p class='ocr_par' dir='ltr' id='par_1_46' title="bbox 511 2840 2095 2917">
     <span class='ocr_line' id='line_1_46' title="bbox 511 2840 2095 2917; baseline 0.007 -24"><span class='ocrx_word' id='word_1_351' title='bbox 511 2841 674 2895; x_wconf 84' lang='lat' dir='ltr'><strong>timus</strong></span> <span class='ocrx_word' id='word_1_352' title='bbox 698 2840 1027 2897; x_wconf 79' lang='lat' dir='ltr'><strong>debitoribus</strong></span> <span class='ocrx_word' id='word_1_353' title='bbox 1056 2846 1273 2899; x_wconf 78' lang='lat' dir='ltr'><strong>nostris.</strong></span> <span class='ocrx_word' id='word_1_354' title='bbox 1306 2844 1440 2900; x_wconf 86' lang='lat' dir='ltr'><strong>Nam</strong></span> <span class='ocrx_word' id='word_1_355' title='bbox 1479 2861 1602 2917; x_wconf 68' lang='lat' dir='ltr'><strong>qua:</strong></span> <span class='ocrx_word' id='word_1_356' title='bbox 1627 2847 1696 2903; x_wconf 88' lang='lat' dir='ltr'><strong>de</strong></span> <span class='ocrx_word' id='word_1_357' title='bbox 1724 2849 1827 2903; x_wconf 88' lang='lat' dir='ltr'><strong>hoc</strong></span> <span class='ocrx_word' id='word_1_358' title='bbox 1852 2850 2095 2904; x_wconf 85' lang='lat' dir='ltr'><strong>animum</strong></span> 
     </span>
    </p>
   </div>
   <div class='ocr_carea' id='block_1_47' title="bbox 511 2933 2095 3011">
    <p class='ocr_par' dir='ltr' id='par_1_47' title="bbox 511 2933 2095 3011">
     <span class='ocr_line' id='line_1_47' title="bbox 511 2933 2095 3011; baseline 0.004 -23"><span class='ocrx_word' id='word_1_359' title='bbox 511 2948 693 2988; x_wconf 86' lang='lat' dir='ltr'><strong>meum</strong></span> <span class='ocrx_word' id='word_1_360' title='bbox 725 2933 873 2989; x_wconf 85' lang='lat' dir='ltr'><strong>subit</strong></span> <span class='ocrx_word' id='word_1_361' title='bbox 905 2935 1174 3005; x_wconf 78' lang='lat' dir='ltr'><strong>cogitare,</strong></span> <span class='ocrx_word' id='word_1_362' title='bbox 1225 2938 1574 2992; x_wconf 88' lang='lat' dir='ltr'><strong>temerarium</strong></span> <span class='ocrx_word' id='word_1_363' title='bbox 1619 2939 1840 3011; x_wconf 89' lang='lat' dir='ltr'><strong>quidem</strong></span> <span class='ocrx_word' id='word_1_364' title='bbox 1881 2949 1967 2996; x_wconf 84' lang='lat' dir='ltr'><strong>est</strong></span> <span class='ocrx_word' id='word_1_365' title='bbox 2010 2942 2095 2997; x_wconf 90' lang='lat' dir='ltr'><strong>vel</strong></span> 
     </span>
    </p>
   </div>
   <div class='ocr_carea' id='block_1_48' title="bbox 514 3026 2100 3095">
    <p class='ocr_par' dir='ltr' id='par_1_48' title="bbox 514 3026 2100 3095">
     <span class='ocr_line' id='line_1_48' title="bbox 514 3026 2100 3095; baseline 0.006 -17"><span class='ocrx_word' id='word_1_366' title='bbox 514 3032 697 3080; x_wconf 88' lang='lat' dir='ltr'><strong>mente</strong></span> <span class='ocrx_word' id='word_1_367' title='bbox 745 3026 1077 3095; x_wconf 88' lang='lat' dir='ltr'><strong>concipere,</strong></span> <span class='ocrx_word' id='word_1_368' title='bbox 1132 3030 1486 3084; x_wconf 85' lang='lat' dir='ltr'><strong>temerarium</strong></span> <span class='ocrx_word' id='word_1_369' title='bbox 1531 3031 1661 3085; x_wconf 92' lang='lat' dir='ltr'><strong>item</strong></span> <span class='ocrx_word' id='word_1_370' title='bbox 1718 3033 1803 3087; x_wconf 88' lang='lat' dir='ltr'><strong>vel</strong></span> <span class='ocrx_word' id='word_1_371' title='bbox 1847 3033 2100 3089; x_wconf 87' lang='lat' dir='ltr'><strong>oratione</strong></span> 
     </span>
    </p>
   </div>
   <div class='ocr_carea' id='block_1_49' title="bbox 511 3113 2097 3193">
    <p class='ocr_par' dir='ltr' id='par_1_49' title="bbox 511 3113 2097 3193">
     <span class='ocr_line' id='line_1_49' title="bbox 511 3113 2097 3193; baseline 0.007 -25"><span class='ocrx_word' id='word_1_372' title='bbox 511 3113 894 3183; x_wconf 79' lang='lat' dir='ltr'><strong>cogitationem</strong></span> <span class='ocrx_word' id='word_1_373' title='bbox 921 3122 976 3168; x_wconf 89' lang='lat' dir='ltr'><strong>et</strong></span> <span class='ocrx_word' id='word_1_374' title='bbox 1003 3119 1204 3172; x_wconf 57' lang='lat' dir='ltr'><strong>ments</strong></span> <span class='ocrx_word' id='word_1_375' title='bbox 1229 3125 1559 3188; x_wconf 88' lang='lat' dir='ltr'><strong>conceptum</strong></span> <span class='ocrx_word' id='word_1_376' title='bbox 1588 3119 1900 3190; x_wconf 77' lang='lat' dir='ltr'><strong>patefacere</strong></span> <span class='ocrx_word' id='word_1_377' title='bbox 1931 3130 2097 3193; x_wconf 83' lang='lat' dir='ltr'><strong>atque</strong></span> 
     </span>
    </p>
   </div>
   <div class='ocr_carea' id='block_1_50' title="bbox 511 3205 2102 3280">
    <p class='ocr_par' dir='ltr' id='par_1_50' title="bbox 511 3205 2102 3280">
     <span class='ocr_line' id='line_1_50' title="bbox 511 3205 2102 3280; baseline 0.007 -22"><span class='ocrx_word' id='word_1_378' title='bbox 511 3206 743 3274; x_wconf 89' lang='lat' dir='ltr'><strong>aperire.</strong></span> <span class='ocrx_word' id='word_1_379' title='bbox 788 3205 928 3273; x_wconf 86' lang='lat' dir='ltr'><strong>Quid</strong></span> <span class='ocrx_word' id='word_1_380' title='bbox 958 3208 1102 3261; x_wconf 88' lang='lat' dir='ltr'><strong>enim</strong></span> <span class='ocrx_word' id='word_1_381' title='bbox 1136 3217 1220 3263; x_wconf 83' lang='lat' dir='ltr'><strong>est</strong></span> <span class='ocrx_word' id='word_1_382' title='bbox 1251 3211 1395 3280; x_wconf 92' lang='lat' dir='ltr'><strong>quod</strong></span> <span class='ocrx_word' id='word_1_383' title='bbox 1439 3211 1688 3266; x_wconf 85' lang='lat' dir='ltr'><strong>dicitur?</strong></span> <span class='ocrx_word' id='word_1_384' title='bbox 1733 3212 2102 3279; x_wconf 82' lang='lat' dir='ltr'><strong>Quemadmo-</strong></span> 
     </span>
    </p>
   </div>
   <div class='ocr_carea' id='block_1_51' title="bbox 2287 2485 3785 2571">
    <p class='ocr_par' dir='ltr' id='par_1_51' title="bbox 2287 2485 3785 2571">
     <span class='ocr_line' id='line_1_51' title="bbox 2287 2485 3785 2571; baseline 0.017 -32"><span class='ocrx_word' id='word_1_385' title='bbox 2287 2485 2446 2542; x_wconf 82' lang='grc' dir='ltr'><strong>Ἀλλά</strong></span> <span class='ocrx_word' id='word_1_386' title='bbox 2483 2489 2600 2553; x_wconf 79' lang='grc' dir='ltr'>πῶς</span> <span class='ocrx_word' id='word_1_387' title='bbox 2627 2489 2693 2544; x_wconf 83' lang='grc' dir='ltr'>ἄν</span> <span class='ocrx_word' id='word_1_388' title='bbox 2725 2508 2810 2555; x_wconf 86' lang='grc' dir='ltr'><strong>τις</strong></span> <span class='ocrx_word' id='word_1_389' title='bbox 2839 2493 2975 2565; x_wconf 80' lang='grc' dir='ltr'>πρὸς</span> <span class='ocrx_word' id='word_1_390' title='bbox 2999 2492 3156 2560; x_wconf 79' lang='grc' dir='ltr'>ἀξίαν</span> <span class='ocrx_word' id='word_1_391' title='bbox 3199 2495 3260 2549; x_wconf 81' lang='grc' dir='ltr'>τὸ</span> <span class='ocrx_word' id='word_1_392' title='bbox 3312 2496 3647 2568; x_wconf 75' lang='grc' dir='ltr'>μεγαλοφυὲς</span> <span class='ocrx_word' id='word_1_393' title='bbox 3681 2503 3785 2571; x_wconf 67' lang='grc' dir='ltr'><strong>τῆς</strong></span> 
     </span>
    </p>
   </div>
   <div class='ocr_carea' id='block_1_52' title="bbox 2202 2575 3783 2657">
    <p class='ocr_par' dir='ltr' id='par_1_52' title="bbox 2202 2575 3783 2657">
     <span class='ocr_line' id='line_1_52' title="bbox 2202 2575 3783 2657; baseline 0.009 -29"><span class='ocrx_word' id='word_1_394' title='bbox 2202 2575 2351 2641; x_wconf 87' lang='grc' dir='ltr'>θείας</span> <span class='ocrx_word' id='word_1_395' title='bbox 2388 2581 2573 2650; x_wconf 77' lang='grc' dir='ltr'>φωνῆς</span> <span class='ocrx_word' id='word_1_396' title='bbox 2607 2575 2999 2652; x_wconf 56' lang='grc' dir='ltr'>ὲκκαλύῷειεκ</span> <span class='ocrx_word' id='word_1_397' title='bbox 3043 2584 3389 2656; x_wconf 81' lang='grc' dir='ltr'>’Υπερὸαίνει</span> <span class='ocrx_word' id='word_1_398' title='bbox 3435 2587 3535 2657; x_wconf 74' lang='grc' dir='ltr'>τὴν</span> <span class='ocrx_word' id='word_1_399' title='bbox 3574 2589 3638 2641; x_wconf 84' lang='grc' dir='ltr'><strong>ἐκ</strong></span> <span class='ocrx_word' id='word_1_400' title='bbox 3671 2590 3783 2644; x_wconf 65' lang='grc' dir='ltr'><strong>τῶν</strong></span> 
     </span>
    </p>
   </div>
   <div class='ocr_carea' id='block_1_53' title="bbox 2202 2668 3776 2751">
    <p class='ocr_par' dir='ltr' id='par_1_53' title="bbox 2202 2668 3776 2751">
     <span class='ocr_line' id='line_1_53' title="bbox 2202 2668 3776 2751; baseline 0.007 -30"><span class='ocrx_word' id='word_1_401' title='bbox 2202 2668 2374 2737; x_wconf 82' lang='grc' dir='ltr'>λόγων</span> <span class='ocrx_word' id='word_1_402' title='bbox 2412 2671 2709 2751; x_wconf 65' lang='grc' dir='ltr'>ἑρμηνείαν</span> <span class='ocrx_word' id='word_1_403' title='bbox 2755 2672 2816 2727; x_wconf 79' lang='grc' dir='ltr'>τὸ</span> <span class='ocrx_word' id='word_1_404' title='bbox 2854 2673 3052 2745; x_wconf 76' lang='grc' dir='ltr'>ὄνομα·</span> <span class='ocrx_word' id='word_1_405' title='bbox 3093 2677 3275 2746; x_wconf 72' lang='grc' dir='ltr'>Ἀφες</span> <span class='ocrx_word' id='word_1_406' title='bbox 3321 2676 3463 2746; x_wconf 59' lang='grc' dir='ltr'>ἡμῖν</span> <span class='ocrx_word' id='word_1_407' title='bbox 3514 2678 3589 2732; x_wconf 83' lang='grc' dir='ltr'>τὰ</span> <span class='ocrx_word' id='word_1_408' title='bbox 3616 2679 3776 2747; x_wconf 55' lang='grc' dir='ltr'>ὀφει-</span> 
     </span>
    </p>
   </div>
   <div class='ocr_carea' id='block_1_54' title="bbox 2202 2759 3775 2838">
    <p class='ocr_par' dir='ltr' id='par_1_54' title="bbox 2202 2759 3775 2838">
     <span class='ocr_line' id='line_1_54' title="bbox 2202 2759 3775 2838; baseline 0.004 -22"><span class='ocrx_word' id='word_1_409' title='bbox 2202 2759 2442 2830; x_wconf 65' lang='grc' dir='ltr'>λήματα</span> <span class='ocrx_word' id='word_1_410' title='bbox 2473 2761 2661 2831; x_wconf 77' lang='grc' dir='ltr'>ἡμῶν,</span> <span class='ocrx_word' id='word_1_411' title='bbox 2692 2763 2773 2831; x_wconf 82' lang='grc' dir='ltr'><strong>ὡς</strong></span> <span class='ocrx_word' id='word_1_412' title='bbox 2801 2764 2900 2818; x_wconf 76' lang='grc' dir='ltr'><strong>καὶ</strong></span> <span class='ocrx_word' id='word_1_413' title='bbox 2933 2766 3104 2835; x_wconf 80' lang='grc' dir='ltr'>ἡμεῖς</span> <span class='ocrx_word' id='word_1_414' title='bbox 3132 2767 3444 2837; x_wconf 67' lang='grc' dir='ltr'>ἀφήκαμεν</span> <span class='ocrx_word' id='word_1_415' title='bbox 3470 2768 3597 2834; x_wconf 81' lang='grc' dir='ltr'>τοῖς</span> <span class='ocrx_word' id='word_1_416' title='bbox 3619 2771 3775 2838; x_wconf 56' lang='grc' dir='ltr'>ὀρεία</span> 
     </span>
    </p>
   </div>
   <div class='ocr_carea' id='block_1_55' title="bbox 2203 2851 3791 2929">
    <p class='ocr_par' dir='ltr' id='par_1_55' title="bbox 2203 2851 3791 2929">
     <span class='ocr_line' id='line_1_55' title="bbox 2203 2851 3791 2929; baseline 0.005 -26"><span class='ocrx_word' id='word_1_417' title='bbox 2203 2853 2427 2904; x_wconf 68' lang='grc' dir='ltr'>λουσιν</span> <span class='ocrx_word' id='word_1_418' title='bbox 2463 2851 2625 2921; x_wconf 70' lang='grc' dir='ltr'><strong>ἡμῖν.</strong></span> <span class='ocrx_word' id='word_1_419' title='bbox 2667 2854 2732 2905; x_wconf 74' lang='grc' dir='ltr'><strong>Ἃ</strong></span> <span class='ocrx_word' id='word_1_420' title='bbox 2777 2853 2885 2925; x_wconf 85' lang='grc' dir='ltr'><strong>γάρ</strong></span> <span class='ocrx_word' id='word_1_421' title='bbox 2938 2856 3226 2927; x_wconf 77' lang='grc' dir='ltr'>ἐπέρχεταί</span> <span class='ocrx_word' id='word_1_422' title='bbox 3258 2876 3346 2928; x_wconf 80' lang='grc' dir='ltr'><strong>μοι</strong></span> <span class='ocrx_word' id='word_1_423' title='bbox 3406 2858 3532 2929; x_wconf 77' lang='grc' dir='ltr'>περὶ</span> <span class='ocrx_word' id='word_1_424' title='bbox 3584 2859 3791 2914; x_wconf 73' lang='grc' dir='ltr'>τούτου.</span> 
     </span>
    </p>
   </div>
   <div class='ocr_carea' id='block_1_56' title="bbox 2204 2939 3781 3020">
    <p class='ocr_par' dir='ltr' id='par_1_56' title="bbox 2204 2939 3781 3020">
     <span class='ocr_line' id='line_1_56' title="bbox 2204 2939 3781 3020; baseline 0.005 -28"><span class='ocrx_word' id='word_1_425' title='bbox 2204 2941 2342 2992; x_wconf 83' lang='grc' dir='ltr'>νοεῖν</span> <span class='ocrx_word' id='word_1_426' title='bbox 2362 2981 2376 3006; x_wconf 93' lang='grc'><strong>,</strong></span> <span class='ocrx_word' id='word_1_427' title='bbox 2419 2939 2689 3011; x_wconf 79' lang='grc' dir='ltr'>τολμηρὸν</span> <span class='ocrx_word' id='word_1_428' title='bbox 2712 2942 2812 3012; x_wconf 80' lang='grc' dir='ltr'><strong>μέν</strong></span> <span class='ocrx_word' id='word_1_429' title='bbox 2841 2945 2957 2997; x_wconf 77' lang='grc' dir='ltr'>ἐστι</span> <span class='ocrx_word' id='word_1_430' title='bbox 2986 2946 3080 2998; x_wconf 76' lang='grc' dir='ltr'><strong>καὶ</strong></span> <span class='ocrx_word' id='word_1_431' title='bbox 3110 2944 3189 3017; x_wconf 89' lang='grc' dir='ltr'><strong>τῷ</strong></span> <span class='ocrx_word' id='word_1_432' title='bbox 3219 2946 3294 3016; x_wconf 90' lang='grc' dir='ltr'><strong>νῷ</strong></span> <span class='ocrx_word' id='word_1_433' title='bbox 3326 2945 3506 2999; x_wconf 77' lang='grc' dir='ltr'>λαϐεῖν</span> <span class='ocrx_word' id='word_1_434' title='bbox 3525 2988 3542 3010; x_wconf 88' lang='grc'><strong>,</strong></span> <span class='ocrx_word' id='word_1_435' title='bbox 3572 2947 3781 3020; x_wconf 79' lang='grc' dir='ltr'>τολμηο</span> 
     </span>
    </p>
   </div>
   <div class='ocr_carea' id='block_1_57' title="bbox 2210 3027 3785 3109">
    <p class='ocr_par' dir='ltr' id='par_1_57' title="bbox 2210 3027 3785 3109">
     <span class='ocr_line' id='line_1_57' title="bbox 2210 3027 3785 3109; baseline 0.006 -29"><span class='ocrx_word' id='word_1_436' title='bbox 2210 3027 2300 3097; x_wconf 82' lang='grc' dir='ltr'>ρὸν</span> <span class='ocrx_word' id='word_1_437' title='bbox 2328 3028 2384 3081; x_wconf 78' lang='grc' dir='ltr'>δὲ</span> <span class='ocrx_word' id='word_1_438' title='bbox 2411 3029 2503 3082; x_wconf 76' lang='grc' dir='ltr'><strong>καὶ</strong></span> <span class='ocrx_word' id='word_1_439' title='bbox 2537 3029 2678 3101; x_wconf 81' lang='grc' dir='ltr'>λόγῳ</span> <span class='ocrx_word' id='word_1_440' title='bbox 2720 3031 3048 3102; x_wconf 63' lang='grc' dir='ltr'>διακαλύψαι</span> <span class='ocrx_word' id='word_1_441' title='bbox 3079 3034 3141 3088; x_wconf 84' lang='grc' dir='ltr'>τὸ</span> <span class='ocrx_word' id='word_1_442' title='bbox 3176 3035 3368 3107; x_wconf 85' lang='grc' dir='ltr'>νόημα.</span> <span class='ocrx_word' id='word_1_443' title='bbox 3412 3036 3477 3090; x_wconf 86' lang='grc' dir='ltr'>Τί</span> <span class='ocrx_word' id='word_1_444' title='bbox 3520 3037 3632 3109; x_wconf 85' lang='grc' dir='ltr'><strong>γάρ</strong></span> <span class='ocrx_word' id='word_1_445' title='bbox 3659 3041 3785 3092; x_wconf 77' lang='grc' dir='ltr'>ἐστι</span> 
     </span>
    </p>
   </div>
   <div class='ocr_carea' id='block_1_58' title="bbox 2205 3115 3777 3197">
    <p class='ocr_par' dir='ltr' id='par_1_58' title="bbox 2205 3115 3777 3197">
     <span class='ocr_line' id='line_1_58' title="bbox 2205 3115 3777 3197; baseline 0.01 -29"><span class='ocrx_word' id='word_1_446' title='bbox 2205 3116 2266 3168; x_wconf 81' lang='grc' dir='ltr'>τὸ</span> <span class='ocrx_word' id='word_1_447' title='bbox 2289 3115 2577 3189; x_wconf 86' lang='grc' dir='ltr'>λεγόμενον</span> <span class='ocrx_word' id='word_1_448' title='bbox 2603 3135 2617 3184; x_wconf 89' lang='grc'>;</span> <span class='ocrx_word' id='word_1_449' title='bbox 2650 3120 2860 3191; x_wconf 71' lang='grc' dir='ltr'>Ὠσπερ</span> <span class='ocrx_word' id='word_1_450' title='bbox 2886 3123 2916 3174; x_wconf 86' lang='grc' dir='ltr'>ὀ</span> <span class='ocrx_word' id='word_1_451' title='bbox 2941 3122 3073 3188; x_wconf 83' lang='grc' dir='ltr'>Θεὸς</span> <span class='ocrx_word' id='word_1_452' title='bbox 3100 3126 3385 3197; x_wconf 82' lang='grc' dir='ltr'>πρόκειται</span> <span class='ocrx_word' id='word_1_453' title='bbox 3412 3130 3521 3192; x_wconf 84' lang='grc' dir='ltr'>τοῖς</span> <span class='ocrx_word' id='word_1_454' title='bbox 3546 3129 3610 3181; x_wconf 79' lang='grc' dir='ltr'>τὸ</span> <span class='ocrx_word' id='word_1_455' title='bbox 3632 3130 3777 3196; x_wconf 73' lang='grc' dir='ltr'>ἀγαο</span> 
     </span>
    </p>
   </div>
   <div class='ocr_carea' id='block_1_59' title="bbox 2208 3208 3778 3286">
    <p class='ocr_par' dir='ltr' id='par_1_59' title="bbox 2208 3208 3778 3286">
     <span class='ocr_line' id='line_1_59' title="bbox 2208 3208 3778 3286; baseline 0.008 -24"><span class='ocrx_word' id='word_1_456' title='bbox 2208 3208 2298 3262; x_wconf 59' lang='lat' dir='ltr'><strong>om</strong></span> <span class='ocrx_word' id='word_1_457' title='bbox 2329 3209 2686 3280; x_wconf 81' lang='grc' dir='ltr'>κατορθοῦσιν</span> <span class='ocrx_word' id='word_1_458' title='bbox 2719 3213 2800 3276; x_wconf 83' lang='grc' dir='ltr'><strong>είς</strong></span> <span class='ocrx_word' id='word_1_459' title='bbox 2836 3214 3067 3286; x_wconf 75' lang='grc' dir='ltr'>μίμησιν</span> <span class='ocrx_word' id='word_1_460' title='bbox 3087 3256 3103 3281; x_wconf 89' lang='grc'><strong>,</strong></span> <span class='ocrx_word' id='word_1_461' title='bbox 3154 3215 3334 3281; x_wconf 80' lang='grc' dir='ltr'>καθὼς</span> <span class='ocrx_word' id='word_1_462' title='bbox 3366 3215 3515 3273; x_wconf 75' lang='grc' dir='ltr'>εἶπεν</span> <span class='ocrx_word' id='word_1_463' title='bbox 3553 3221 3584 3273; x_wconf 82' lang='grc' dir='ltr'><strong>ὁ</strong></span> <span class='ocrx_word' id='word_1_464' title='bbox 3621 3222 3778 3275; x_wconf 75' lang='grc' dir='ltr'>’Λπό-</span> 
     </span>
    </p>
   </div>
   <div class='ocr_carea' id='block_1_60' title="bbox 509 3296 2095 3396">
    <p class='ocr_par' dir='ltr' id='par_1_60' title="bbox 509 3296 2095 3373">
     <span class='ocr_line' id='line_1_60' title="bbox 509 3296 2095 3373; baseline 0.004 -21"><span class='ocrx_word' id='word_1_465' title='bbox 509 3297 638 3352; x_wconf 87' lang='lat' dir='ltr'><strong>dum</strong></span> <span class='ocrx_word' id='word_1_466' title='bbox 673 3296 818 3353; x_wconf 90' lang='lat' dir='ltr'><strong>Deus</strong></span> <span class='ocrx_word' id='word_1_467' title='bbox 847 3299 986 3354; x_wconf 87' lang='lat' dir='ltr'><strong>bene</strong></span> <span class='ocrx_word' id='word_1_468' title='bbox 1016 3314 1080 3353; x_wconf 85' lang='lat' dir='ltr'><strong>ac</strong></span> <span class='ocrx_word' id='word_1_469' title='bbox 1124 3309 1270 3356; x_wconf 89' lang='lat' dir='ltr'><strong>recte</strong></span> <span class='ocrx_word' id='word_1_470' title='bbox 1315 3303 1607 3373; x_wconf 78' lang='lat' dir='ltr'><strong>agentibus</strong></span> <span class='ocrx_word' id='word_1_471' title='bbox 1656 3305 1723 3360; x_wconf 93' lang='lat' dir='ltr'><strong>ad</strong></span> <span class='ocrx_word' id='word_1_472' title='bbox 1770 3306 2095 3361; x_wconf 89' lang='lat' dir='ltr'><strong>imitandum</strong></span> 
     </span>
    </p>
   </div>
   <div class='ocr_carea' id='block_1_61' title="bbox 2199 3296 3776 3396">
    <p class='ocr_par' dir='ltr' id='par_1_61' title="bbox 2211 3300 3776 3382">
     <span class='ocr_line' id='line_1_61' title="bbox 2211 3300 3776 3382; baseline 0.01 -30"><span class='ocrx_word' id='word_1_473' title='bbox 2211 3300 2391 3365; x_wconf 82' lang='grc' dir='ltr'>στολος</span> <span class='ocrx_word' id='word_1_474' title='bbox 2411 3316 2425 3331; x_wconf 71' lang='grc'><strong><em>⁸</em></strong></span> <span class='ocrx_word' id='word_1_475' title='bbox 2461 3304 2723 3371; x_wconf 76' lang='grc' dir='ltr'>Μιμηταί</span> <span class='ocrx_word' id='word_1_476' title='bbox 2764 3322 2887 3374; x_wconf 79' lang='grc' dir='ltr'><strong>μου</strong></span> <span class='ocrx_word' id='word_1_477' title='bbox 2925 3310 3164 3377; x_wconf 72' lang='grc' dir='ltr'>γίνεσθε</span> <span class='ocrx_word' id='word_1_478' title='bbox 3188 3348 3204 3372; x_wconf 85' lang='grc'><strong>,</strong></span> <span class='ocrx_word' id='word_1_479' title='bbox 3236 3308 3428 3377; x_wconf 80' lang='grc' dir='ltr'>καθὼς</span> <span class='ocrx_word' id='word_1_480' title='bbox 3456 3312 3618 3380; x_wconf 73' lang='grc' dir='ltr'>κάγὼ</span> <span class='ocrx_word' id='word_1_481' title='bbox 3647 3315 3776 3382; x_wconf 68' lang='grc' dir='ltr'>Χρι·</span> 
     </span>
    </p>
   </div>
   <div class='ocr_carea' id='block_1_62' title="bbox 511 3391 2095 3474">
    <p class='ocr_par' dir='ltr' id='par_1_62' title="bbox 511 3391 2095 3466">
     <span class='ocr_line' id='line_1_62' title="bbox 511 3391 2095 3466; baseline 0.007 -23"><span class='ocrx_word' id='word_1_482' title='bbox 511 3391 824 3461; x_wconf 87' lang='lat' dir='ltr'><strong>propositus</strong></span> <span class='ocrx_word' id='word_1_483' title='bbox 850 3399 970 3457; x_wconf 88' lang='lat' dir='ltr'><strong>est,</strong></span> <span class='ocrx_word' id='word_1_484' title='bbox 1022 3394 1163 3448; x_wconf 88' lang='lat' dir='ltr'><strong>sicut</strong></span> <span class='ocrx_word' id='word_1_485' title='bbox 1197 3393 1334 3449; x_wconf 71' lang='lat' dir='ltr'><strong>dixit</strong></span> <span class='ocrx_word' id='word_1_486' title='bbox 1376 3395 1674 3466; x_wconf 81' lang='lat' dir='ltr'><strong>Apostolus</strong></span> <span class='ocrx_word' id='word_1_487' title='bbox 1718 3416 1732 3453; x_wconf 92' lang='lat'><strong>:</strong></span> <span class='ocrx_word' id='word_1_488' title='bbox 1782 3395 2095 3454; x_wconf 77' lang='lat' dir='ltr'><strong>lmitatores</strong></span> 
     </span>
    </p>
   </div>
   <div class='ocr_carea' id='block_1_63' title="bbox 2199 3391 3774 3474">
    <p class='ocr_par' dir='ltr' id='par_1_63' title="bbox 2201 3392 3774 3474">
     <span class='ocr_line' id='line_1_63' title="bbox 2201 3392 3774 3474; baseline 0.008 -29"><span class='ocrx_word' id='word_1_489' title='bbox 2201 3392 2380 3446; x_wconf 83' lang='grc' dir='ltr'>στοῦ·</span> <span class='ocrx_word' id='word_1_490' title='bbox 2418 3392 2589 3474; x_wconf 75' lang='grc' dir='ltr'>οὕτως</span> <span class='ocrx_word' id='word_1_491' title='bbox 2609 3395 2669 3448; x_wconf 81' lang='grc' dir='ltr'>τὸ</span> <span class='ocrx_word' id='word_1_492' title='bbox 2699 3395 2933 3466; x_wconf 80' lang='grc' dir='ltr'>ἔμπαλιν</span> <span class='ocrx_word' id='word_1_493' title='bbox 2964 3397 3063 3470; x_wconf 81' lang='grc' dir='ltr'>τὴν</span> <span class='ocrx_word' id='word_1_494' title='bbox 3090 3399 3187 3471; x_wconf 80' lang='grc' dir='ltr'>σὴν</span> <span class='ocrx_word' id='word_1_495' title='bbox 3218 3400 3450 3454; x_wconf 83' lang='grc' dir='ltr'>διάθεσιν</span> <span class='ocrx_word' id='word_1_496' title='bbox 3475 3403 3774 3474; x_wconf 61' lang='grc' dir='ltr'>ὑπόδειγμα</span> 
     </span>
    </p>
   </div>
   <div class='ocr_carea' id='block_1_64' title="bbox 510 3478 2095 3558">
    <p class='ocr_par' dir='ltr' id='par_1_64' title="bbox 510 3478 2095 3558">
     <span class='ocr_line' id='line_1_64' title="bbox 510 3478 2095 3558; baseline 0.008 -23"><span class='ocrx_word' id='word_1_497' title='bbox 510 3482 611 3535; x_wconf 83' lang='lat' dir='ltr'><strong>mei</strong></span> <span class='ocrx_word' id='word_1_498' title='bbox 641 3492 807 3538; x_wconf 78' lang='lat' dir='ltr'><strong>estote</strong></span> <span class='ocrx_word' id='word_1_499' title='bbox 827 3524 841 3548; x_wconf 91' lang='lat'><strong>,</strong></span> <span class='ocrx_word' id='word_1_500' title='bbox 878 3485 1013 3538; x_wconf 82' lang='lat' dir='ltr'><strong>sicut</strong></span> <span class='ocrx_word' id='word_1_501' title='bbox 1040 3494 1089 3538; x_wconf 84' lang='lat' dir='ltr'><strong>et</strong></span> <span class='ocrx_word' id='word_1_502' title='bbox 1118 3502 1211 3556; x_wconf 78' lang='lat' dir='ltr'><strong>ego</strong></span> <span class='ocrx_word' id='word_1_503' title='bbox 1241 3484 1444 3542; x_wconf 82' lang='lat' dir='ltr'><strong>Christi</strong></span> <span class='ocrx_word' id='word_1_504' title='bbox 1478 3489 1525 3521; x_wconf 79' lang='grc'><strong>⁷³</strong></span> <span class='ocrx_word' id='word_1_505' title='bbox 1557 3509 1570 3544; x_wconf 93' lang='lat'><strong>:</strong></span> <span class='ocrx_word' id='word_1_506' title='bbox 1621 3489 1696 3545; x_wconf 85' lang='lat' dir='ltr'><strong>ita</strong></span> <span class='ocrx_word' id='word_1_507' title='bbox 1727 3478 1849 3546; x_wconf 69' lang='lat' dir='ltr'><strong>vice</strong></span> <span class='ocrx_word' id='word_1_508' title='bbox 1897 3506 2056 3547; x_wconf 84' lang='lat' dir='ltr'><strong>versa</strong></span> <span class='ocrx_word' id='word_1_509' title='bbox 2081 3533 2095 3558; x_wconf 88' lang='lat'><strong>,</strong></span> 
     </span>
    </p>
   </div>
   <div class='ocr_carea' id='block_1_65' title="bbox 508 3572 2109 3657">
    <p class='ocr_par' dir='ltr' id='par_1_65' title="bbox 508 3572 2109 3657">
     <span class='ocr_line' id='line_1_65' title="bbox 508 3572 2109 3657; baseline 0.009 -31"><span class='ocrx_word' id='word_1_510' title='bbox 508 3582 657 3626; x_wconf 87' lang='lat' dir='ltr'><strong>tuam</strong></span> <span class='ocrx_word' id='word_1_511' title='bbox 703 3572 1044 3630; x_wconf 83' lang='lat' dir='ltr'><strong>all‘ectiuuem</strong></span> <span class='ocrx_word' id='word_1_512' title='bbox 1098 3575 1205 3632; x_wconf 90' lang='lat' dir='ltr'><strong>Deo</strong></span> <span class='ocrx_word' id='word_1_513' title='bbox 1235 3577 1301 3631; x_wconf 87' lang='lat' dir='ltr'><strong>ad</strong></span> <span class='ocrx_word' id='word_1_514' title='bbox 1332 3579 1534 3634; x_wconf 90' lang='lat' dir='ltr'><strong>bonum</strong></span> <span class='ocrx_word' id='word_1_515' title='bbox 1566 3597 1665 3654; x_wconf 88' lang='lat' dir='ltr'><strong>pro</strong></span> <span class='ocrx_word' id='word_1_516' title='bbox 1694 3585 1944 3656; x_wconf 81' lang='lat' dir='ltr'><strong>exemplo</strong></span> <span class='ocrx_word' id='word_1_517' title='bbox 1977 3601 2109 3657; x_wconf 78' lang='lat' dir='ltr'><strong>esse</strong></span> 
     </span>
    </p>
   </div>
   <div class='ocr_carea' id='block_1_66' title="bbox 506 3662 2099 3737">
    <p class='ocr_par' dir='ltr' id='par_1_66' title="bbox 506 3662 2099 3737">
     <span class='ocr_line' id='line_1_66' title="bbox 506 3662 2099 3737; baseline 0.009 -23"><span class='ocrx_word' id='word_1_518' title='bbox 506 3662 659 3730; x_wconf 88' lang='lat' dir='ltr'><strong>vult,</strong></span> <span class='ocrx_word' id='word_1_519' title='bbox 689 3671 853 3735; x_wconf 89' lang='lat' dir='ltr'><strong>atque</strong></span> <span class='ocrx_word' id='word_1_520' title='bbox 881 3665 1020 3719; x_wconf 88' lang='lat' dir='ltr'><strong>ordo</strong></span> <span class='ocrx_word' id='word_1_521' title='bbox 1041 3668 1448 3736; x_wconf 81' lang='lat' dir='ltr'><strong>quodaminodo</strong></span> <span class='ocrx_word' id='word_1_522' title='bbox 1477 3670 1785 3737; x_wconf 87' lang='lat' dir='ltr'><strong>invertitur,</strong></span> <span class='ocrx_word' id='word_1_523' title='bbox 1815 3683 1873 3728; x_wconf 91' lang='lat' dir='ltr'><strong>ut</strong></span> <span class='ocrx_word' id='word_1_524' title='bbox 1896 3676 2099 3729; x_wconf 85' lang='lat' dir='ltr'><strong>audea-</strong></span> 
     </span>
    </p>
   </div>
   <div class='ocr_carea' id='block_1_67' title="bbox 506 3756 2098 3825">
    <p class='ocr_par' dir='ltr' id='par_1_67' title="bbox 506 3756 2098 3825">
     <span class='ocr_line' id='line_1_67' title="bbox 506 3756 2098 3825; baseline 0.008 -17"><span class='ocrx_word' id='word_1_525' title='bbox 506 3769 664 3818; x_wconf 88' lang='lat' dir='ltr'><strong>mus,</strong></span> <span class='ocrx_word' id='word_1_526' title='bbox 713 3757 1176 3825; x_wconf 88' lang='lat' dir='ltr'><strong>quemadmodum</strong></span> <span class='ocrx_word' id='word_1_527' title='bbox 1227 3759 1429 3823; x_wconf 80' lang='lat' dir='ltr'><strong>bonum</strong></span> <span class='ocrx_word' id='word_1_528' title='bbox 1482 3761 1536 3817; x_wconf 85' lang='lat' dir='ltr'><strong>in</strong></span> <span class='ocrx_word' id='word_1_529' title='bbox 1589 3756 1748 3820; x_wconf 86' lang='lat' dir='ltr'><strong>nobis</strong></span> <span class='ocrx_word' id='word_1_530' title='bbox 1792 3765 2098 3821; x_wconf 88' lang='lat' dir='ltr'><strong>imitatione</strong></span> 
     </span>
    </p>
   </div>
   <div class='ocr_carea' id='block_1_68' title="bbox 505 3842 2098 3923">
    <p class='ocr_par' dir='ltr' id='par_1_68' title="bbox 505 3842 2098 3923">
     <span class='ocr_line' id='line_1_68' title="bbox 505 3842 2098 3923; baseline 0.009 -27"><span class='ocrx_word' id='word_1_531' title='bbox 505 3842 678 3899; x_wconf 88' lang='lat' dir='ltr'><strong>divini</strong></span> <span class='ocrx_word' id='word_1_532' title='bbox 716 3847 956 3903; x_wconf 90' lang='lat' dir='ltr'><strong>numinis</strong></span> <span class='ocrx_word' id='word_1_533' title='bbox 998 3850 1303 3919; x_wconf 80' lang='lat' dir='ltr'><strong>perﬁcitur,</strong></span> <span class='ocrx_word' id='word_1_534' title='bbox 1351 3852 1424 3907; x_wconf 91' lang='lat' dir='ltr'><strong>ita</strong></span> <span class='ocrx_word' id='word_1_535' title='bbox 1466 3868 1689 3923; x_wconf 85' lang='lat' dir='ltr'><strong>sperare</strong></span> <span class='ocrx_word' id='word_1_536' title='bbox 1726 3853 2005 3923; x_wconf 80' lang='lat' dir='ltr'><strong>futurum,</strong></span> <span class='ocrx_word' id='word_1_537' title='bbox 2040 3864 2098 3910; x_wconf 93' lang='lat' dir='ltr'><strong>ut</strong></span> 
     </span>
    </p>
   </div>
   <div class='ocr_carea' id='block_1_69' title="bbox 508 3933 2098 4015">
    <p class='ocr_par' dir='ltr' id='par_1_69' title="bbox 508 3933 2098 4015">
     <span class='ocr_line' id='line_1_69' title="bbox 508 3933 2098 4015; baseline 0.009 -29"><span class='ocrx_word' id='word_1_538' title='bbox 508 3933 655 3990; x_wconf 88' lang='lat' dir='ltr'><strong>Deus</strong></span> <span class='ocrx_word' id='word_1_539' title='bbox 683 3945 877 3992; x_wconf 89' lang='lat' dir='ltr'><strong>nostra</strong></span> <span class='ocrx_word' id='word_1_540' title='bbox 907 3937 1053 3993; x_wconf 79' lang='lat' dir='ltr'><strong>facta</strong></span> <span class='ocrx_word' id='word_1_541' title='bbox 1100 3940 1368 4007; x_wconf 89' lang='lat' dir='ltr'><strong>imitetur,</strong></span> <span class='ocrx_word' id='word_1_542' title='bbox 1414 3959 1539 3998; x_wconf 91' lang='lat' dir='ltr'><strong>cum</strong></span> <span class='ocrx_word' id='word_1_543' title='bbox 1571 3944 1777 4015; x_wconf 87' lang='lat' dir='ltr'><strong>aliquid</strong></span> <span class='ocrx_word' id='word_1_544' title='bbox 1806 3945 1935 4001; x_wconf 90' lang='lat' dir='ltr'><strong>boni</strong></span> <span class='ocrx_word' id='word_1_545' title='bbox 1964 3961 2098 4002; x_wconf 90' lang='lat' dir='ltr'><strong>con-</strong></span> 
     </span>
    </p>
   </div>
   <div class='ocr_carea' id='block_1_70' title="bbox 509 4027 2096 4109">
    <p class='ocr_par' dir='ltr' id='par_1_70' title="bbox 509 4027 2096 4109">
     <span class='ocr_line' id='line_1_70' title="bbox 509 4027 2096 4109; baseline 0.009 -30"><span class='ocrx_word' id='word_1_546' title='bbox 509 4027 836 4094; x_wconf 79' lang='lat' dir='ltr'><strong>fecerimus,</strong></span> <span class='ocrx_word' id='word_1_547' title='bbox 870 4038 929 4084; x_wconf 87' lang='grc' dir='ltr'><strong>ιιι</strong></span> <span class='ocrx_word' id='word_1_548' title='bbox 979 4041 1035 4086; x_wconf 86' lang='grc' dir='ltr'><strong>ιιι</strong></span> <span class='ocrx_word' id='word_1_549' title='bbox 1089 4033 1217 4088; x_wconf 91' lang='lat' dir='ltr'><strong>item</strong></span> <span class='ocrx_word' id='word_1_550' title='bbox 1266 4036 1333 4089; x_wconf 91' lang='lat' dir='ltr'><strong>ad</strong></span> <span class='ocrx_word' id='word_1_551' title='bbox 1389 4033 1556 4090; x_wconf 90' lang='lat' dir='ltr'><strong>Deum</strong></span> <span class='ocrx_word' id='word_1_552' title='bbox 1592 4037 1778 4104; x_wconf 89' lang='lat' dir='ltr'><strong>dicas,</strong></span> <span class='ocrx_word' id='word_1_553' title='bbox 1807 4036 1965 4109; x_wconf 84' lang='lat' dir='ltr'><strong>Quod</strong></span> <span class='ocrx_word' id='word_1_554' title='bbox 1994 4053 2096 4109; x_wconf 84' lang='lat' dir='ltr'><strong>ego</strong></span> 
     </span>
    </p>
   </div>
   <div class='ocr_carea' id='block_1_71' title="bbox 507 4116 2089 4200">
    <p class='ocr_par' dir='ltr' id='par_1_71' title="bbox 507 4116 2089 4200">
     <span class='ocr_line' id='line_1_71' title="bbox 507 4116 2089 4200; baseline 0.009 -29"><span class='ocrx_word' id='word_1_555' title='bbox 507 4116 635 4183; x_wconf 77' lang='lat' dir='ltr'><strong>feci,</strong></span> <span class='ocrx_word' id='word_1_556' title='bbox 669 4119 790 4186; x_wconf 80' lang='lat' dir='ltr'><strong>fac;</strong></span> <span class='ocrx_word' id='word_1_557' title='bbox 830 4122 1044 4178; x_wconf 83' lang='lat' dir='ltr'><strong>imitare</strong></span> <span class='ocrx_word' id='word_1_558' title='bbox 1084 4140 1301 4179; x_wconf 88' lang='lat' dir='ltr'><strong>servum</strong></span> <span class='ocrx_word' id='word_1_559' title='bbox 1344 4135 1527 4193; x_wconf 88' lang='lat' dir='ltr'><strong>tuum,</strong></span> <span class='ocrx_word' id='word_1_560' title='bbox 1567 4138 1624 4182; x_wconf 91' lang='lat' dir='ltr'><strong>tu</strong></span> <span class='ocrx_word' id='word_1_561' title='bbox 1662 4128 1923 4193; x_wconf 84' lang='lat' dir='ltr'><strong>Domine,</strong></span> <span class='ocrx_word' id='word_1_562' title='bbox 1957 4145 2089 4200; x_wconf 83' lang='lat' dir='ltr'><strong>pau-</strong></span> 
     </span>
    </p>
   </div>
   <div class='ocr_carea' id='block_1_72' title="bbox 507 4216 2094 4289">
    <p class='ocr_par' dir='ltr' id='par_1_72' title="bbox 507 4216 2094 4289">
     <span class='ocr_line' id='line_1_72' title="bbox 507 4216 2094 4289; baseline 0.008 -27"><span class='ocrx_word' id='word_1_563' title='bbox 507 4223 696 4279; x_wconf 89' lang='lat' dir='ltr'><strong>perem</strong></span> <span class='ocrx_word' id='word_1_564' title='bbox 724 4220 780 4265; x_wconf 90' lang='lat' dir='ltr'><strong>et</strong></span> <span class='ocrx_word' id='word_1_565' title='bbox 812 4227 1042 4283; x_wconf 85' lang='lat' dir='ltr'><strong>egenum</strong></span> <span class='ocrx_word' id='word_1_566' title='bbox 1066 4257 1081 4281; x_wconf 88' lang='lat'><strong>,</strong></span> <span class='ocrx_word' id='word_1_567' title='bbox 1107 4216 1203 4285; x_wconf 90' lang='lat' dir='ltr'><strong>qui</strong></span> <span class='ocrx_word' id='word_1_568' title='bbox 1242 4231 1471 4289; x_wconf 78' lang='lat' dir='ltr'><strong>regnum</strong></span> <span class='ocrx_word' id='word_1_569' title='bbox 1498 4219 1881 4275; x_wconf 87' lang='lat' dir='ltr'><strong>universarum</strong></span> <span class='ocrx_word' id='word_1_570' title='bbox 1912 4235 2094 4275; x_wconf 88' lang='lat' dir='ltr'><strong>rerum</strong></span> 
     </span>
    </p>
   </div>
   <div class='ocr_carea' id='block_1_73' title="bbox 507 4300 2097 4384">
    <p class='ocr_par' dir='ltr' id='par_1_73' title="bbox 507 4300 2097 4384">
     <span class='ocr_line' id='line_1_73' title="bbox 507 4300 2097 4384; baseline 0.008 -31"><span class='ocrx_word' id='word_1_571' title='bbox 507 4300 767 4358; x_wconf 89' lang='lat' dir='ltr'><strong>obtines:</strong></span> <span class='ocrx_word' id='word_1_572' title='bbox 800 4305 986 4358; x_wconf 75' lang='lat' dir='ltr'><strong>remisi</strong></span> <span class='ocrx_word' id='word_1_573' title='bbox 1017 4306 1198 4361; x_wconf 90' lang='lat' dir='ltr'><strong>debita</strong></span> <span class='ocrx_word' id='word_1_574' title='bbox 1228 4305 1340 4381; x_wconf 82' lang='lat' dir='ltr'><strong>[ite</strong></span> <span class='ocrx_word' id='word_1_575' title='bbox 1368 4317 1425 4363; x_wconf 92' lang='lat' dir='ltr'><strong>tu</strong></span> <span class='ocrx_word' id='word_1_576' title='bbox 1456 4310 1677 4381; x_wconf 87' lang='lat' dir='ltr'><strong>quidem</strong></span> <span class='ocrx_word' id='word_1_577' title='bbox 1706 4312 1895 4384; x_wconf 78' lang='lat' dir='ltr'><strong>exigas</strong></span> <span class='ocrx_word' id='word_1_578' title='bbox 1921 4333 1934 4369; x_wconf 91' lang='lat'><strong>:</strong></span> <span class='ocrx_word' id='word_1_579' title='bbox 1967 4329 2097 4384; x_wconf 61' lang='lat' dir='ltr'><strong>sup-</strong></span> 
     </span>
    </p>
   </div>
   <div class='ocr_carea' id='block_1_74' title="bbox 504 4392 2095 4477">
    <p class='ocr_par' dir='ltr' id='par_1_74' title="bbox 504 4392 2095 4477">
     <span class='ocr_line' id='line_1_74' title="bbox 504 4392 2095 4477; baseline 0.011 -32"><span class='ocrx_word' id='word_1_580' title='bbox 504 4392 700 4462; x_wconf 91' lang='lat' dir='ltr'><strong>plicem</strong></span> <span class='ocrx_word' id='word_1_581' title='bbox 737 4396 1003 4465; x_wconf 88' lang='lat' dir='ltr'><strong>repellere</strong></span> <span class='ocrx_word' id='word_1_582' title='bbox 1035 4399 1244 4456; x_wconf 90' lang='lat' dir='ltr'><strong>veritus</strong></span> <span class='ocrx_word' id='word_1_583' title='bbox 1278 4401 1482 4476; x_wconf 89' lang='lat' dir='ltr'><strong>sum],</strong></span> <span class='ocrx_word' id='word_1_584' title='bbox 1518 4418 1589 4458; x_wconf 88' lang='lat' dir='ltr'><strong>ne</strong></span> <span class='ocrx_word' id='word_1_585' title='bbox 1619 4412 1677 4458; x_wconf 92' lang='lat' dir='ltr'><strong>tu</strong></span> <span class='ocrx_word' id='word_1_586' title='bbox 1707 4405 1927 4476; x_wconf 90' lang='lat' dir='ltr'><strong>quidem</strong></span> <span class='ocrx_word' id='word_1_587' title='bbox 1960 4421 2095 4477; x_wconf 80' lang='lat' dir='ltr'><strong>sup-</strong></span> 
     </span>
    </p>
   </div>
   <div class='ocr_carea' id='block_1_75' title="bbox 504 4484 2096 4564">
    <p class='ocr_par' dir='ltr' id='par_1_75' title="bbox 504 4484 2096 4564">
     <span class='ocr_line' id='line_1_75' title="bbox 504 4484 2096 4564; baseline 0.012 -31"><span class='ocrx_word' id='word_1_588' title='bbox 504 4484 795 4552; x_wconf 87' lang='lat' dir='ltr'><strong>plicantem</strong></span> <span class='ocrx_word' id='word_1_589' title='bbox 825 4486 1152 4544; x_wconf 88' lang='lat' dir='ltr'><strong>submoveas</strong></span> <span class='ocrx_word' id='word_1_590' title='bbox 1178 4498 1344 4563; x_wconf 90' lang='lat' dir='ltr'><strong>atque</strong></span> <span class='ocrx_word' id='word_1_591' title='bbox 1371 4494 1641 4564; x_wconf 85' lang='lat' dir='ltr'><strong>repellas:</strong></span> <span class='ocrx_word' id='word_1_592' title='bbox 1682 4496 1864 4550; x_wconf 79' lang='lat' dir='ltr'><strong>laetum</strong></span> <span class='ocrx_word' id='word_1_593' title='bbox 1894 4504 1950 4552; x_wconf 90' lang='lat' dir='ltr'><strong>et</strong></span> <span class='ocrx_word' id='word_1_594' title='bbox 1981 4499 2096 4551; x_wconf 90' lang='lat' dir='ltr'><strong>ala-</strong></span> 
     </span>
    </p>
   </div>
   <div class='ocr_carea' id='block_1_76' title="bbox 504 4578 2090 4655">
    <p class='ocr_par' dir='ltr' id='par_1_76' title="bbox 504 4578 2090 4655">
     <span class='ocr_line' id='line_1_76' title="bbox 504 4578 2090 4655; baseline 0.009 -25"><span class='ocrx_word' id='word_1_595' title='bbox 504 4591 654 4630; x_wconf 88' lang='lat' dir='ltr'><strong>crem</strong></span> <span class='ocrx_word' id='word_1_596' title='bbox 683 4578 870 4634; x_wconf 91' lang='lat' dir='ltr'><strong>dimisi</strong></span> <span class='ocrx_word' id='word_1_597' title='bbox 904 4596 1084 4637; x_wconf 87' lang='lat' dir='ltr'><strong>meum</strong></span> <span class='ocrx_word' id='word_1_598' title='bbox 1112 4584 1414 4643; x_wconf 88' lang='lat' dir='ltr'><strong>debitorem</strong></span> <span class='ocrx_word' id='word_1_599' title='bbox 1442 4626 1458 4652; x_wconf 88' lang='lat'><strong>,</strong></span> <span class='ocrx_word' id='word_1_600' title='bbox 1492 4588 1616 4644; x_wconf 82' lang='lat' dir='ltr'><strong>talis</strong></span> <span class='ocrx_word' id='word_1_601' title='bbox 1645 4590 1775 4644; x_wconf 90' lang='lat' dir='ltr'><strong>item</strong></span> <span class='ocrx_word' id='word_1_602' title='bbox 1808 4599 1934 4645; x_wconf 91' lang='lat' dir='ltr'><strong>tuus</strong></span> <span class='ocrx_word' id='word_1_603' title='bbox 1961 4592 2055 4644; x_wconf 80' lang='lat' dir='ltr'><strong>[lat</strong></span> <span class='ocrx_word' id='word_1_604' title='bbox 2075 4630 2090 4655; x_wconf 87' lang='lat'><strong>,</strong></span> 
     </span>
    </p>
   </div>
   <div class='ocr_carea' id='block_1_77' title="bbox 2199 3482 3773 3567">
    <p class='ocr_par' dir='ltr' id='par_1_77' title="bbox 2199 3482 3773 3567">
     <span class='ocr_line' id='line_1_77' title="bbox 2199 3482 3773 3567; baseline 0.011 -33"><span class='ocrx_word' id='word_1_605' title='bbox 2199 3482 2275 3554; x_wconf 84' lang='grc' dir='ltr'><strong>τῷ</strong></span> <span class='ocrx_word' id='word_1_606' title='bbox 2297 3482 2418 3556; x_wconf 88' lang='grc' dir='ltr'><strong>Θεῷ</strong></span> <span class='ocrx_word' id='word_1_607' title='bbox 2450 3486 2584 3554; x_wconf 76' lang='grc' dir='ltr'>πρὸς</span> <span class='ocrx_word' id='word_1_608' title='bbox 2612 3486 2673 3540; x_wconf 82' lang='grc' dir='ltr'>τὸ</span> <span class='ocrx_word' id='word_1_609' title='bbox 2699 3488 2900 3557; x_wconf 78' lang='grc' dir='ltr'>ἀγαθὸν</span> <span class='ocrx_word' id='word_1_610' title='bbox 2921 3491 3170 3558; x_wconf 89' lang='grc' dir='ltr'>γενέσθαι</span> <span class='ocrx_word' id='word_1_611' title='bbox 3215 3493 3489 3563; x_wconf 78' lang='grc' dir='ltr'>βούλεται,</span> <span class='ocrx_word' id='word_1_612' title='bbox 3517 3497 3773 3567; x_wconf 63' lang='grc' dir='ltr'>ἀντιμεθε</span> 
     </span>
    </p>
   </div>
   <div class='ocr_carea' id='block_1_78' title="bbox 2203 3572 3773 3655">
    <p class='ocr_par' dir='ltr' id='par_1_78' title="bbox 2203 3572 3773 3655">
     <span class='ocr_line' id='line_1_78' title="bbox 2203 3572 3773 3655; baseline 0.008 -29"><span class='ocrx_word' id='word_1_613' title='bbox 2203 3572 2411 3628; x_wconf 80' lang='grc' dir='ltr'>ίσταται</span> <span class='ocrx_word' id='word_1_614' title='bbox 2449 3576 2649 3647; x_wconf 79' lang='grc' dir='ltr'>τρόπον</span> <span class='ocrx_word' id='word_1_615' title='bbox 2678 3577 2798 3631; x_wconf 83' lang='grc' dir='ltr'>τινὰ</span> <span class='ocrx_word' id='word_1_616' title='bbox 2838 3580 2871 3650; x_wconf 85' lang='grc' dir='ltr'><strong>ή</strong></span> <span class='ocrx_word' id='word_1_617' title='bbox 2909 3580 3061 3645; x_wconf 80' lang='grc' dir='ltr'>τάξις</span> <span class='ocrx_word' id='word_1_618' title='bbox 3088 3619 3104 3645; x_wconf 90' lang='grc'><strong>,</strong></span> <span class='ocrx_word' id='word_1_619' title='bbox 3142 3580 3285 3635; x_wconf 83' lang='grc' dir='ltr'>ὥστε</span> <span class='ocrx_word' id='word_1_620' title='bbox 3336 3579 3641 3655; x_wconf 64' lang='grc' dir='ltr'>τολμῆσαι,</span> <span class='ocrx_word' id='word_1_621' title='bbox 3679 3604 3773 3640; x_wconf 80' lang='grc' dir='ltr'><strong>κα-</strong></span> 
     </span>
    </p>
   </div>
   <div class='ocr_carea' id='block_1_79' title="bbox 2201 3665 3785 3747">
    <p class='ocr_par' dir='ltr' id='par_1_79' title="bbox 2201 3665 3785 3747">
     <span class='ocr_line' id='line_1_79' title="bbox 2201 3665 3785 3747; baseline 0.009 -29"><span class='ocrx_word' id='word_1_622' title='bbox 2201 3665 2377 3733; x_wconf 75' lang='grc' dir='ltr'>θάπερ</span> <span class='ocrx_word' id='word_1_623' title='bbox 2412 3668 2471 3720; x_wconf 86' lang='grc' dir='ltr'>ὲν</span> <span class='ocrx_word' id='word_1_624' title='bbox 2521 3669 2651 3739; x_wconf 79' lang='grc' dir='ltr'>ἡμῖν</span> <span class='ocrx_word' id='word_1_625' title='bbox 2694 3669 2756 3723; x_wconf 74' lang='grc' dir='ltr'>τὸ</span> <span class='ocrx_word' id='word_1_626' title='bbox 2813 3671 3016 3740; x_wconf 83' lang='grc' dir='ltr'>ἀγαθὸν</span> <span class='ocrx_word' id='word_1_627' title='bbox 3061 3672 3388 3729; x_wconf 76' lang='grc' dir='ltr'>ἐπιτελεῖται</span> <span class='ocrx_word' id='word_1_628' title='bbox 3417 3679 3481 3747; x_wconf 82' lang='grc' dir='ltr'><strong>τῇ</strong></span> <span class='ocrx_word' id='word_1_629' title='bbox 3527 3678 3665 3747; x_wconf 76' lang='grc' dir='ltr'>πρὸς</span> <span class='ocrx_word' id='word_1_630' title='bbox 3718 3680 3785 3732; x_wconf 65' lang='grc' dir='ltr'>τὸ</span> 
     </span>
    </p>
   </div>
   <div class='ocr_carea' id='block_1_80' title="bbox 2202 3758 3782 3837">
    <p class='ocr_par' dir='ltr' id='par_1_80' title="bbox 2202 3758 3782 3837">
     <span class='ocr_line' id='line_1_80' title="bbox 2202 3758 3782 3837; baseline 0.006 -25"><span class='ocrx_word' id='word_1_631' title='bbox 2202 3758 2355 3813; x_wconf 78' lang='grc' dir='ltr'>Θείον</span> <span class='ocrx_word' id='word_1_632' title='bbox 2391 3760 2654 3831; x_wconf 81' lang='grc' dir='ltr'>μιμήσει,</span> <span class='ocrx_word' id='word_1_633' title='bbox 2705 3760 2881 3826; x_wconf 78' lang='grc' dir='ltr'>οὕτως</span> <span class='ocrx_word' id='word_1_634' title='bbox 2934 3763 3152 3818; x_wconf 79' lang='grc' dir='ltr'>ἐλπίσαι</span> <span class='ocrx_word' id='word_1_635' title='bbox 3204 3767 3485 3837; x_wconf 85' lang='grc' dir='ltr'>μιμεῖσθαι</span> <span class='ocrx_word' id='word_1_636' title='bbox 3516 3769 3613 3821; x_wconf 75' lang='grc' dir='ltr'><strong>τὸν</strong></span> <span class='ocrx_word' id='word_1_637' title='bbox 3646 3770 3782 3822; x_wconf 74' lang='grc' dir='ltr'>Θεὸν</span> 
     </span>
    </p>
   </div>
   <div class='ocr_carea' id='block_1_81' title="bbox 2198 3848 3781 3928">
    <p class='ocr_par' dir='ltr' id='par_1_81' title="bbox 2198 3848 3781 3928">
     <span class='ocr_line' id='line_1_81' title="bbox 2198 3848 3781 3928; baseline 0.007 -28"><span class='ocrx_word' id='word_1_638' title='bbox 2198 3848 2267 3901; x_wconf 72' lang='grc' dir='ltr'><strong>τὰ</strong></span> <span class='ocrx_word' id='word_1_639' title='bbox 2297 3849 2561 3921; x_wconf 79' lang='grc' dir='ltr'>ἡμέτερα,</span> <span class='ocrx_word' id='word_1_640' title='bbox 2585 3851 2714 3904; x_wconf 82' lang='grc' dir='ltr'>ὅταν</span> <span class='ocrx_word' id='word_1_641' title='bbox 2741 3868 2795 3904; x_wconf 86' lang='grc' dir='ltr'><strong>τι</strong></span> <span class='ocrx_word' id='word_1_642' title='bbox 2825 3851 2933 3906; x_wconf 83' lang='grc' dir='ltr'><strong>τῶν</strong></span> <span class='ocrx_word' id='word_1_643' title='bbox 2960 3854 3179 3921; x_wconf 82' lang='grc' dir='ltr'>ἀγαθῶν</span> <span class='ocrx_word' id='word_1_644' title='bbox 3211 3856 3667 3928; x_wconf 78' lang='grc' dir='ltr'>κατορθώσωμεν,</span> <span class='ocrx_word' id='word_1_645' title='bbox 3693 3860 3781 3911; x_wconf 75' lang='grc' dir='ltr'>ἵνα</span> 
     </span>
    </p>
   </div>
   <div class='ocr_carea' id='block_1_82' title="bbox 2199 3940 3781 4021">
    <p class='ocr_par' dir='ltr' id='par_1_82' title="bbox 2199 3940 3781 4021">
     <span class='ocr_line' id='line_1_82' title="bbox 2199 3940 3781 4021; baseline 0.006 -28"><span class='ocrx_word' id='word_1_646' title='bbox 2199 3940 2361 4013; x_wconf 73' lang='grc' dir='ltr'>εἴπῃς</span> <span class='ocrx_word' id='word_1_647' title='bbox 2411 3942 2504 3996; x_wconf 81' lang='grc' dir='ltr'>καὶ</span> <span class='ocrx_word' id='word_1_648' title='bbox 2531 3943 2595 3997; x_wconf 79' lang='grc' dir='ltr'>σὺ</span> <span class='ocrx_word' id='word_1_649' title='bbox 2626 3943 2706 4016; x_wconf 87' lang='grc' dir='ltr'><strong>τῷ</strong></span> <span class='ocrx_word' id='word_1_650' title='bbox 2733 3943 2873 4016; x_wconf 86' lang='grc' dir='ltr'>Θεῷ,</span> <span class='ocrx_word' id='word_1_651' title='bbox 2907 3945 2989 3998; x_wconf 81' lang='grc' dir='ltr'>ὅτι</span> <span class='ocrx_word' id='word_1_652' title='bbox 3021 3948 3086 4000; x_wconf 91' lang='lat'><strong>&quot;0</strong></span> <span class='ocrx_word' id='word_1_653' title='bbox 3117 3945 3228 4016; x_wconf 74' lang='grc' dir='ltr'><strong>ἐγὼ</strong></span> <span class='ocrx_word' id='word_1_654' title='bbox 3276 3949 3550 4019; x_wconf 83' lang='grc' dir='ltr'>πεποίηκα</span> <span class='ocrx_word' id='word_1_655' title='bbox 3571 3990 3586 4013; x_wconf 91' lang='grc'><strong>,</strong></span> <span class='ocrx_word' id='word_1_656' title='bbox 3624 3950 3781 4021; x_wconf 81' lang='grc' dir='ltr'>ποίη-</span> 
     </span>
    </p>
   </div>
   <div class='ocr_carea' id='block_1_83' title="bbox 2200 4034 3781 4111">
    <p class='ocr_par' dir='ltr' id='par_1_83' title="bbox 2200 4034 3781 4111">
     <span class='ocr_line' id='line_1_83' title="bbox 2200 4034 3781 4111; baseline 0.004 -25"><span class='ocrx_word' id='word_1_657' title='bbox 2200 4050 2292 4087; x_wconf 90' lang='grc' dir='ltr'><strong>σον</strong></span> <span class='ocrx_word' id='word_1_658' title='bbox 2315 4049 2330 4065; x_wconf 76' lang='grc' dir='ltr'><strong>ο</strong></span> <span class='ocrx_word' id='word_1_659' title='bbox 2369 4034 2606 4106; x_wconf 76' lang='grc' dir='ltr'>μίμησαι</span> <span class='ocrx_word' id='word_1_660' title='bbox 2633 4036 2726 4089; x_wconf 83' lang='grc' dir='ltr'>τὸν</span> <span class='ocrx_word' id='word_1_661' title='bbox 2761 4034 2947 4091; x_wconf 84' lang='grc' dir='ltr'>δοῦλόν</span> <span class='ocrx_word' id='word_1_662' title='bbox 2975 4054 3094 4103; x_wconf 84' lang='grc' dir='ltr'>σου,</span> <span class='ocrx_word' id='word_1_663' title='bbox 3126 4041 3156 4093; x_wconf 83' lang='grc' dir='ltr'><strong>ό</strong></span> <span class='ocrx_word' id='word_1_664' title='bbox 3184 4038 3408 4110; x_wconf 81' lang='grc' dir='ltr'>Κύριος,</span> <span class='ocrx_word' id='word_1_665' title='bbox 3438 4040 3529 4093; x_wconf 70' lang='grc' dir='ltr'><strong>τον</strong></span> <span class='ocrx_word' id='word_1_666' title='bbox 3564 4043 3781 4111; x_wconf 66' lang='grc' dir='ltr'>πτωχὸν</span> 
     </span>
    </p>
   </div>
   <div class='ocr_carea' id='block_1_84' title="bbox 2199 4124 3784 4202">
    <p class='ocr_par' dir='ltr' id='par_1_84' title="bbox 2199 4124 3784 4202">
     <span class='ocr_line' id='line_1_84' title="bbox 2199 4124 3784 4202; baseline 0.006 -25"><span class='ocrx_word' id='word_1_667' title='bbox 2199 4125 2293 4178; x_wconf 77' lang='grc' dir='ltr'><strong>καὶ</strong></span> <span class='ocrx_word' id='word_1_668' title='bbox 2340 4124 2551 4195; x_wconf 78' lang='grc' dir='ltr'>πένητα</span> <span class='ocrx_word' id='word_1_669' title='bbox 2575 4168 2590 4193; x_wconf 92' lang='grc'><strong>,</strong></span> <span class='ocrx_word' id='word_1_670' title='bbox 2621 4128 2650 4179; x_wconf 86' lang='grc' dir='ltr'>ὁ</span> <span class='ocrx_word' id='word_1_671' title='bbox 2701 4125 2796 4180; x_wconf 83' lang='grc' dir='ltr'><strong>τοῦ</strong></span> <span class='ocrx_word' id='word_1_672' title='bbox 2842 4127 3042 4191; x_wconf 86' lang='grc' dir='ltr'>παντὸς</span> <span class='ocrx_word' id='word_1_673' title='bbox 3094 4128 3424 4199; x_wconf 68' lang='grc' dir='ltr'>βασιλεύειν,</span> <span class='ocrx_word' id='word_1_674' title='bbox 3475 4132 3664 4202; x_wconf 74' lang='grc' dir='ltr'>ἀφῆκα</span> <span class='ocrx_word' id='word_1_675' title='bbox 3713 4133 3784 4186; x_wconf 63' lang='grc' dir='ltr'><strong>τά</strong></span> 
     </span>
    </p>
   </div>
   <div class='ocr_carea' id='block_1_85' title="bbox 2197 4216 3782 4293">
    <p class='ocr_par' dir='ltr' id='par_1_85' title="bbox 2197 4216 3782 4293">
     <span class='ocr_line' id='line_1_85' title="bbox 2197 4216 3782 4293; baseline 0.006 -24"><span class='ocrx_word' id='word_1_676' title='bbox 2197 4216 2560 4289; x_wconf 73' lang='grc' dir='ltr'>ὀφειλήματα,</span> <span class='ocrx_word' id='word_1_677' title='bbox 2607 4219 2743 4291; x_wconf 86' lang='grc' dir='ltr'>μηδὲ</span> <span class='ocrx_word' id='word_1_678' title='bbox 2783 4220 2847 4273; x_wconf 83' lang='grc' dir='ltr'>σὺ</span> <span class='ocrx_word' id='word_1_679' title='bbox 2886 4220 3083 4293; x_wconf 79' lang='grc' dir='ltr'>ἀπώσῃ</span> <span class='ocrx_word' id='word_1_680' title='bbox 3130 4222 3218 4275; x_wconf 79' lang='grc' dir='ltr'>τὸν</span> <span class='ocrx_word' id='word_1_681' title='bbox 3251 4222 3559 4277; x_wconf 80' lang='grc' dir='ltr'>ἱκετεύοντα</span> <span class='ocrx_word' id='word_1_682' title='bbox 3590 4241 3609 4256; x_wconf 74' lang='grc' dir='ltr'><strong>ο</strong></span> <span class='ocrx_word' id='word_1_683' title='bbox 3655 4241 3782 4293; x_wconf 69' lang='grc' dir='ltr'>φαιρ</span> 
     </span>
    </p>
   </div>
   <div class='ocr_carea' id='block_1_86' title="bbox 2197 4309 3783 4385">
    <p class='ocr_par' dir='ltr' id='par_1_86' title="bbox 2197 4309 3783 4385">
     <span class='ocr_line' id='line_1_86' title="bbox 2197 4309 3783 4385; baseline 0.006 -23"><span class='ocrx_word' id='word_1_684' title='bbox 2197 4309 2321 4380; x_wconf 65' lang='grc' dir='ltr'>δρὲν</span> <span class='ocrx_word' id='word_1_685' title='bbox 2349 4309 2651 4381; x_wconf 80' lang='grc' dir='ltr'>ἀπέπεμψα</span> <span class='ocrx_word' id='word_1_686' title='bbox 2685 4312 2779 4365; x_wconf 73' lang='grc' dir='ltr'>τὸν</span> <span class='ocrx_word' id='word_1_687' title='bbox 2817 4313 2947 4383; x_wconf 67' lang='grc' dir='ltr'>ἐμὸν</span> <span class='ocrx_word' id='word_1_688' title='bbox 2980 4315 3261 4385; x_wconf 76' lang='grc' dir='ltr'>ὀφειλέτην</span> <span class='ocrx_word' id='word_1_689' title='bbox 3286 4359 3300 4382; x_wconf 90' lang='grc'><strong>,</strong></span> <span class='ocrx_word' id='word_1_690' title='bbox 3340 4316 3579 4378; x_wconf 81' lang='grc' dir='ltr'>τοιοῦτος</span> <span class='ocrx_word' id='word_1_691' title='bbox 3616 4319 3710 4370; x_wconf 80' lang='grc' dir='ltr'><strong>καὶ</strong></span> <span class='ocrx_word' id='word_1_692' title='bbox 3751 4319 3783 4373; x_wconf 72' lang='grc' dir='ltr'>ὁ</span> 
     </span>
    </p>
   </div>
   <div class='ocr_carea' id='block_1_87' title="bbox 2199 4403 3784 4479">
    <p class='ocr_par' dir='ltr' id='par_1_87' title="bbox 2199 4403 3784 4479">
     <span class='ocr_line' id='line_1_87' title="bbox 2199 4403 3784 4479; baseline 0.004 -23"><span class='ocrx_word' id='word_1_693' title='bbox 2199 4403 2290 4466; x_wconf 74' lang='grc' dir='ltr'>σὸς</span> <span class='ocrx_word' id='word_1_694' title='bbox 2310 4404 2552 4471; x_wconf 84' lang='grc' dir='ltr'>γενέσθω</span> <span class='ocrx_word' id='word_1_695' title='bbox 2576 4421 2589 4434; x_wconf 90' lang='grc'><strong>·</strong></span> <span class='ocrx_word' id='word_1_696' title='bbox 2618 4405 2693 4477; x_wconf 78' lang='grc' dir='ltr'>μὴ</span> <span class='ocrx_word' id='word_1_697' title='bbox 2723 4407 2954 4478; x_wconf 82' lang='grc' dir='ltr'>ποιήσῃς</span> <span class='ocrx_word' id='word_1_698' title='bbox 2976 4406 3067 4459; x_wconf 71' lang='grc' dir='ltr'><strong>τὸν</strong></span> <span class='ocrx_word' id='word_1_699' title='bbox 3096 4405 3187 4459; x_wconf 67' lang='grc' dir='ltr'><strong>σὺν</strong></span> <span class='ocrx_word' id='word_1_700' title='bbox 3215 4406 3496 4478; x_wconf 82' lang='grc' dir='ltr'>χρεώστην</span> <span class='ocrx_word' id='word_1_701' title='bbox 3519 4407 3616 4461; x_wconf 88' lang='grc' dir='ltr'><strong>τοῦ</strong></span> <span class='ocrx_word' id='word_1_702' title='bbox 3644 4409 3784 4479; x_wconf 76' lang='grc' dir='ltr'>ἐμοῦ</span> 
     </span>
    </p>
   </div>
   <div class='ocr_carea' id='block_1_88' title="bbox 2201 4496 3782 4572">
    <p class='ocr_par' dir='ltr' id='par_1_88' title="bbox 2201 4496 3782 4572">
     <span class='ocr_line' id='line_1_88' title="bbox 2201 4496 3782 4572; baseline 0.004 -24"><span class='ocrx_word' id='word_1_703' title='bbox 2201 4496 2681 4569; x_wconf 68' lang='grc' dir='ltr'>σκυθρωπότερονι</span> <span class='ocrx_word' id='word_1_704' title='bbox 2713 4498 2844 4562; x_wconf 73' lang='grc' dir='ltr'>ἴσως</span> <span class='ocrx_word' id='word_1_705' title='bbox 2873 4501 2922 4552; x_wconf 80' lang='grc' dir='ltr'>οἱ</span> <span class='ocrx_word' id='word_1_706' title='bbox 2946 4499 3042 4552; x_wconf 89' lang='grc' dir='ltr'><strong>δύο</strong></span> <span class='ocrx_word' id='word_1_707' title='bbox 3068 4500 3181 4563; x_wconf 77' lang='grc' dir='ltr'>τοῖς</span> <span class='ocrx_word' id='word_1_708' title='bbox 3205 4498 3525 4554; x_wconf 84' lang='grc' dir='ltr'>ἀπαιτοῦσιν</span> <span class='ocrx_word' id='word_1_709' title='bbox 3560 4500 3782 4572; x_wconf 68' lang='grc' dir='ltr'>εὐχαριρ</span> 
     </span>
    </p>
   </div>
   <div class='ocr_carea' id='block_1_89' title="bbox 2200 4589 3782 4663">
    <p class='ocr_par' dir='ltr' id='par_1_89' title="bbox 2200 4589 3782 4663">
     <span class='ocr_line' id='line_1_89' title="bbox 2200 4589 3782 4663; baseline 0.003 -22"><span class='ocrx_word' id='word_1_710' title='bbox 2200 4589 2496 4643; x_wconf 83' lang='grc' dir='ltr'>στείτωσαν</span> <span class='ocrx_word' id='word_1_711' title='bbox 2520 4608 2534 4621; x_wconf 83' lang='lat'>&#39;</span> <span class='ocrx_word' id='word_1_712' title='bbox 2569 4590 2657 4663; x_wconf 76' lang='grc' dir='ltr'>ἴση</span> <span class='ocrx_word' id='word_1_713' title='bbox 2690 4594 2819 4663; x_wconf 78' lang='grc' dir='ltr'>παρ’</span> <span class='ocrx_word' id='word_1_714' title='bbox 2850 4592 3171 4663; x_wconf 74' lang='grc' dir='ltr'>ἀμφοτέρων</span> <span class='ocrx_word' id='word_1_715' title='bbox 3194 4592 3497 4663; x_wconf 86' lang='grc' dir='ltr'>κυρωθήτω</span> <span class='ocrx_word' id='word_1_716' title='bbox 3519 4595 3636 4656; x_wconf 76' lang='grc' dir='ltr'>τοῖς</span> <span class='ocrx_word' id='word_1_717' title='bbox 3660 4609 3782 4646; x_wconf 77' lang='grc' dir='ltr'>συν-</span> 
     </span>
    </p>
   </div>
   <div class='ocr_carea' id='block_1_90' title="bbox 503 4666 2095 4756">
    <p class='ocr_par' dir='ltr' id='par_1_90' title="bbox 503 4666 2089 4735">
     <span class='ocr_line' id='line_1_90' title="bbox 503 4666 2089 4735; baseline 0.009 -17"><span class='ocrx_word' id='word_1_718' title='bbox 503 4679 574 4720; x_wconf 89' lang='lat' dir='ltr'><strong>ne</strong></span> <span class='ocrx_word' id='word_1_719' title='bbox 597 4672 751 4720; x_wconf 91' lang='lat' dir='ltr'><strong>tuum</strong></span> <span class='ocrx_word' id='word_1_720' title='bbox 772 4666 1077 4726; x_wconf 90' lang='lat' dir='ltr'><strong>debitorem</strong></span> <span class='ocrx_word' id='word_1_721' title='bbox 1102 4688 1223 4728; x_wconf 88' lang='lat' dir='ltr'><strong>meo</strong></span> <span class='ocrx_word' id='word_1_722' title='bbox 1243 4673 1490 4733; x_wconf 87' lang='lat' dir='ltr'><strong>debitore</strong></span> <span class='ocrx_word' id='word_1_723' title='bbox 1519 4679 1821 4732; x_wconf 90' lang='lat' dir='ltr'><strong>tristiorem</strong></span> <span class='ocrx_word' id='word_1_724' title='bbox 1848 4678 2048 4735; x_wconf 86' lang='lat' dir='ltr'><strong>reddas</strong></span> <span class='ocrx_word' id='word_1_725' title='bbox 2075 4696 2089 4732; x_wconf 89' lang='lat'><strong>:</strong></span> 
     </span>
    </p>
   </div>
   <div class='ocr_carea' id='block_1_91' title="bbox 2199 4666 3781 4756">
    <p class='ocr_par' dir='ltr' id='par_1_91' title="bbox 2199 4681 3781 4756">
     <span class='ocr_line' id='line_1_91' title="bbox 2199 4681 3781 4756; baseline 0.003 -22"><span class='ocrx_word' id='word_1_726' title='bbox 2199 4681 2495 4747; x_wconf 84' lang='grc' dir='ltr'>αλλάκταις</span> <span class='ocrx_word' id='word_1_727' title='bbox 2550 4685 2583 4754; x_wconf 85' lang='grc' dir='ltr'>ἡ</span> <span class='ocrx_word' id='word_1_728' title='bbox 2621 4683 2813 4752; x_wconf 80' lang='grc' dir='ltr'>ἄφεσις</span> <span class='ocrx_word' id='word_1_729' title='bbox 2838 4727 2853 4750; x_wconf 88' lang='grc'><strong>,</strong></span> <span class='ocrx_word' id='word_1_730' title='bbox 2902 4684 2980 4755; x_wconf 85' lang='grc' dir='ltr'><strong>τῷ</strong></span> <span class='ocrx_word' id='word_1_731' title='bbox 3022 4684 3142 4756; x_wconf 79' lang='grc' dir='ltr'>ἐμῷ</span> <span class='ocrx_word' id='word_1_732' title='bbox 3175 4685 3267 4738; x_wconf 73' lang='grc' dir='ltr'><strong>καὶ</strong></span> <span class='ocrx_word' id='word_1_733' title='bbox 3294 4683 3372 4754; x_wconf 88' lang='grc' dir='ltr'><strong>τῷ</strong></span> <span class='ocrx_word' id='word_1_734' title='bbox 3412 4683 3509 4754; x_wconf 85' lang='grc' dir='ltr'>σῷ.</span> <span class='ocrx_word' id='word_1_735' title='bbox 3554 4685 3616 4738; x_wconf 82' lang='lat'><strong>&#39;0</strong></span> <span class='ocrx_word' id='word_1_736' title='bbox 3651 4685 3781 4755; x_wconf 72' lang='grc' dir='ltr'>ἐμὸς</span> 
     </span>
    </p>
   </div>
   <div class='ocr_carea' id='block_1_92' title="bbox 502 4755 2084 4841">
    <p class='ocr_par' dir='ltr' id='par_1_92' title="bbox 502 4755 2084 4841">
     <span class='ocr_line' id='line_1_92' title="bbox 502 4755 2084 4841; baseline 0.011 -33"><span class='ocrx_word' id='word_1_737' title='bbox 502 4755 664 4812; x_wconf 89' lang='lat' dir='ltr'><strong>ambo</strong></span> <span class='ocrx_word' id='word_1_738' title='bbox 688 4758 894 4826; x_wconf 88' lang='lat' dir='ltr'><strong>pariter</strong></span> <span class='ocrx_word' id='word_1_739' title='bbox 913 4770 965 4815; x_wconf 93' lang='lat' dir='ltr'><strong>et</strong></span> <span class='ocrx_word' id='word_1_740' title='bbox 986 4763 1271 4832; x_wconf 69' lang='lat' dir='ltr'><strong>aequaliter</strong></span> <span class='ocrx_word' id='word_1_741' title='bbox 1291 4766 1635 4838; x_wconf 79' lang='lat' dir='ltr'><strong>exigentibus</strong></span> <span class='ocrx_word' id='word_1_742' title='bbox 1657 4769 1864 4839; x_wconf 76' lang='lat' dir='ltr'><strong>gratias</strong></span> <span class='ocrx_word' id='word_1_743' title='bbox 1886 4777 2084 4841; x_wconf 88' lang='lat' dir='ltr'><strong>agant:</strong></span> 
     </span>
    </p>
   </div>
   <div class='ocr_carea' id='block_1_93' title="bbox 502 4849 2090 4922">
    <p class='ocr_par' dir='ltr' id='par_1_93' title="bbox 502 4849 2090 4922">
     <span class='ocr_line' id='line_1_93' title="bbox 502 4849 2090 4922; baseline 0.012 -23"><span class='ocrx_word' id='word_1_744' title='bbox 502 4860 604 4917; x_wconf 88' lang='lat' dir='ltr'><strong>par</strong></span> <span class='ocrx_word' id='word_1_745' title='bbox 631 4849 901 4906; x_wconf 87' lang='lat' dir='ltr'><strong>ambobus</strong></span> <span class='ocrx_word' id='word_1_746' title='bbox 926 4852 1181 4908; x_wconf 89' lang='lat' dir='ltr'><strong>remissio</strong></span> <span class='ocrx_word' id='word_1_747' title='bbox 1204 4854 1553 4922; x_wconf 88' lang='lat' dir='ltr'><strong>decernatur,</strong></span> <span class='ocrx_word' id='word_1_748' title='bbox 1575 4865 1670 4913; x_wconf 91' lang='lat' dir='ltr'><strong>tuo</strong></span> <span class='ocrx_word' id='word_1_749' title='bbox 1692 4860 1859 4914; x_wconf 85' lang='lat' dir='ltr'><strong>simul</strong></span> <span class='ocrx_word' id='word_1_750' title='bbox 1888 4868 1942 4916; x_wconf 93' lang='lat' dir='ltr'><strong>et</strong></span> <span class='ocrx_word' id='word_1_751' title='bbox 1967 4876 2090 4917; x_wconf 92' lang='lat' dir='ltr'><strong>meo</strong></span> 
     </span>
    </p>
   </div>
   <div class='ocr_carea' id='block_1_94' title="bbox 500 4935 2089 5024">
    <p class='ocr_par' dir='ltr' id='par_1_94' title="bbox 500 4935 2089 5024">
     <span class='ocr_line' id='line_1_94' title="bbox 500 4935 2089 5024; baseline 0.011 -32"><span class='ocrx_word' id='word_1_752' title='bbox 500 4935 768 4996; x_wconf 86' lang='lat' dir='ltr'><strong>debitori:</strong></span> <span class='ocrx_word' id='word_1_753' title='bbox 798 4941 888 4998; x_wconf 88' lang='lat' dir='ltr'><strong>ille</strong></span> <span class='ocrx_word' id='word_1_754' title='bbox 910 4958 1064 4999; x_wconf 87' lang='lat' dir='ltr'><strong>meus</strong></span> <span class='ocrx_word' id='word_1_755' title='bbox 1086 4953 1172 5001; x_wconf 90' lang='lat' dir='ltr'><strong>est</strong></span> <span class='ocrx_word' id='word_1_756' title='bbox 1195 4945 1432 5012; x_wconf 89' lang='lat' dir='ltr'><strong>debitor,</strong></span> <span class='ocrx_word' id='word_1_757' title='bbox 1462 4957 1594 5008; x_wconf 85' lang='lat' dir='ltr'><strong>tuus</strong></span> <span class='ocrx_word' id='word_1_758' title='bbox 1620 4959 1801 5007; x_wconf 89' lang='lat' dir='ltr'><strong>autem</strong></span> <span class='ocrx_word' id='word_1_759' title='bbox 1824 4968 1955 5024; x_wconf 87' lang='lat' dir='ltr'><strong>ego:</strong></span> <span class='ocrx_word' id='word_1_760' title='bbox 1979 4970 2089 5024; x_wconf 90' lang='lat' dir='ltr'><strong>quo</strong></span> 
     </span>
    </p>
   </div>
   <div class='ocr_carea' id='block_1_95' title="bbox 501 5029 2086 5111">
    <p class='ocr_par' dir='ltr' id='par_1_95' title="bbox 501 5029 2086 5111">
     <span class='ocr_line' id='line_1_95' title="bbox 501 5029 2086 5111; baseline 0.013 -32"><span class='ocrx_word' id='word_1_761' title='bbox 501 5029 687 5083; x_wconf 88' lang='lat' dir='ltr'><strong>animo</strong></span> <span class='ocrx_word' id='word_1_762' title='bbox 713 5045 813 5102; x_wconf 90' lang='lat' dir='ltr'><strong>ego</strong></span> <span class='ocrx_word' id='word_1_763' title='bbox 841 5030 917 5087; x_wconf 81' lang='lat' dir='ltr'><strong>fui</strong></span> <span class='ocrx_word' id='word_1_764' title='bbox 947 5034 1216 5091; x_wconf 89' lang='lat' dir='ltr'><strong>adversus</strong></span> <span class='ocrx_word' id='word_1_765' title='bbox 1245 5037 1424 5103; x_wconf 87' lang='lat' dir='ltr'><strong>hunc,</strong></span> <span class='ocrx_word' id='word_1_766' title='bbox 1457 5054 1734 5111; x_wconf 86' lang='lat' dir='ltr'><strong>quamque</strong></span> <span class='ocrx_word' id='word_1_767' title='bbox 1759 5040 1829 5096; x_wconf 90' lang='lat' dir='ltr'><strong>de</strong></span> <span class='ocrx_word' id='word_1_768' title='bbox 1858 5057 1927 5098; x_wconf 91' lang='lat' dir='ltr'><strong>eo</strong></span> <span class='ocrx_word' id='word_1_769' title='bbox 1958 5059 2086 5099; x_wconf 89' lang='lat' dir='ltr'><strong>sen-</strong></span> 
     </span>
    </p>
   </div>
   <div class='ocr_carea' id='block_1_96' title="bbox 499 5119 2083 5202">
    <p class='ocr_par' dir='ltr' id='par_1_96' title="bbox 499 5119 2083 5202">
     <span class='ocr_line' id='line_1_96' title="bbox 499 5119 2083 5202; baseline 0.012 -31"><span class='ocrx_word' id='word_1_770' title='bbox 499 5119 727 5175; x_wconf 85' lang='lat' dir='ltr'><strong>tentiam</strong></span> <span class='ocrx_word' id='word_1_771' title='bbox 765 5133 989 5181; x_wconf 89' lang='lat' dir='ltr'><strong>secutus</strong></span> <span class='ocrx_word' id='word_1_772' title='bbox 1033 5141 1156 5180; x_wconf 84' lang='lat' dir='ltr'><strong>sum</strong></span> <span class='ocrx_word' id='word_1_773' title='bbox 1178 5167 1194 5192; x_wconf 94' lang='lat'><strong>,</strong></span> <span class='ocrx_word' id='word_1_774' title='bbox 1227 5127 1345 5183; x_wconf 68' lang='lat' dir='ltr'><strong>haec</strong></span> <span class='ocrx_word' id='word_1_775' title='bbox 1372 5129 1503 5184; x_wconf 88' lang='lat' dir='ltr'><strong>item</strong></span> <span class='ocrx_word' id='word_1_776' title='bbox 1537 5132 1679 5202; x_wconf 89' lang='lat' dir='ltr'><strong>apud</strong></span> <span class='ocrx_word' id='word_1_777' title='bbox 1716 5140 1769 5188; x_wconf 92' lang='lat' dir='ltr'><strong>te</strong></span> <span class='ocrx_word' id='word_1_778' title='bbox 1796 5122 2083 5190; x_wconf 85' lang='lat' dir='ltr'><strong>obtineat:</strong></span> 
     </span>
    </p>
   </div>
   <div class='ocr_carea' id='block_1_97' title="bbox 500 5211 2085 5296">
    <p class='ocr_par' dir='ltr' id='par_1_97' title="bbox 500 5211 2085 5296">
     <span class='ocr_line' id='line_1_97' title="bbox 500 5211 2085 5296; baseline 0.013 -34"><span class='ocrx_word' id='word_1_779' title='bbox 500 5211 657 5277; x_wconf 84' lang='lat' dir='ltr'><strong>solvi,</strong></span> <span class='ocrx_word' id='word_1_780' title='bbox 689 5215 875 5270; x_wconf 85' lang='lat' dir='ltr'><strong>solve:</strong></span> <span class='ocrx_word' id='word_1_781' title='bbox 905 5216 1112 5296; x_wconf 83' lang='lat' dir='ltr'><strong>dimisi,</strong></span> <span class='ocrx_word' id='word_1_782' title='bbox 1144 5220 1394 5277; x_wconf 90' lang='lat' dir='ltr'><strong>dimitte:</strong></span> <span class='ocrx_word' id='word_1_783' title='bbox 1426 5239 1676 5294; x_wconf 83' lang='lat' dir='ltr'><strong>magnam</strong></span> <span class='ocrx_word' id='word_1_784' title='bbox 1702 5241 1803 5296; x_wconf 78' lang='lat' dir='ltr'><strong>ego</strong></span> <span class='ocrx_word' id='word_1_785' title='bbox 1830 5229 2085 5296; x_wconf 84' lang='lat' dir='ltr'><strong>proximo</strong></span> 
     </span>
    </p>
   </div>
   <div class='ocr_carea' id='block_1_98' title="bbox 498 5293 2082 5385">
    <p class='ocr_par' dir='ltr' id='par_1_98' title="bbox 498 5293 2082 5385">
     <span class='ocr_line' id='line_1_98' title="bbox 498 5293 2082 5385; baseline 0.013 -31"><span class='ocrx_word' id='word_1_786' title='bbox 498 5302 720 5358; x_wconf 77' lang='lat' dir='ltr'><strong>exhibui</strong></span> <span class='ocrx_word' id='word_1_787' title='bbox 739 5293 1173 5365; x_wconf 80' lang='lat' dir='ltr'><strong>misericordiam</strong></span> <span class='ocrx_word' id='word_1_788' title='bbox 1193 5329 1207 5366; x_wconf 93' lang='lat'><strong>:</strong></span> <span class='ocrx_word' id='word_1_789' title='bbox 1231 5312 1466 5381; x_wconf 87' lang='lat' dir='ltr'><strong>imitare,</strong></span> <span class='ocrx_word' id='word_1_790' title='bbox 1490 5323 1549 5371; x_wconf 89' lang='lat' dir='ltr'><strong>tu</strong></span> <span class='ocrx_word' id='word_1_791' title='bbox 1569 5316 1814 5385; x_wconf 89' lang='lat' dir='ltr'><strong>Domine,</strong></span> <span class='ocrx_word' id='word_1_792' title='bbox 1835 5321 1978 5375; x_wconf 85' lang='lat' dir='ltr'><strong>servi</strong></span> <span class='ocrx_word' id='word_1_793' title='bbox 2006 5322 2082 5375; x_wconf 94' lang='lat' dir='ltr'><strong>tui</strong></span> 
     </span>
    </p>
   </div>
   <div class='ocr_carea' id='block_1_99' title="bbox 501 5391 2082 5483">
    <p class='ocr_par' dir='ltr' id='par_1_99' title="bbox 501 5391 2082 5483">
     <span class='ocr_line' id='line_1_99' title="bbox 501 5391 2082 5483; baseline 0.014 -37"><span class='ocrx_word' id='word_1_794' title='bbox 501 5391 920 5453; x_wconf 82' lang='lat' dir='ltr'><strong>humanitatem.</strong></span> <span class='ocrx_word' id='word_1_795' title='bbox 952 5402 1021 5455; x_wconf 85' lang='lat' dir='ltr'><strong>At</strong></span> <span class='ocrx_word' id='word_1_796' title='bbox 1046 5404 1300 5473; x_wconf 82' lang='lat' dir='ltr'><strong>graviora</strong></span> <span class='ocrx_word' id='word_1_797' title='bbox 1333 5422 1450 5462; x_wconf 86' lang='lat' dir='ltr'><strong>mea</strong></span> <span class='ocrx_word' id='word_1_798' title='bbox 1478 5408 1534 5463; x_wconf 85' lang='lat' dir='ltr'><strong>in</strong></span> <span class='ocrx_word' id='word_1_799' title='bbox 1561 5417 1614 5465; x_wconf 89' lang='lat' dir='ltr'><strong>te</strong></span> <span class='ocrx_word' id='word_1_800' title='bbox 1642 5421 1886 5480; x_wconf 84' lang='lat' dir='ltr'><strong>peccata,</strong></span> <span class='ocrx_word' id='word_1_801' title='bbox 1918 5428 2082 5483; x_wconf 86' lang='lat' dir='ltr'><strong>quam</strong></span> 
     </span>
    </p>
   </div>
   <div class='ocr_carea' id='block_1_100' title="bbox 500 5489 2084 5577">
    <p class='ocr_par' dir='ltr' id='par_1_100' title="bbox 500 5489 2084 5577">
     <span class='ocr_line' id='line_1_100' title="bbox 500 5489 2084 5577; baseline 0.018 -39"><span class='ocrx_word' id='word_1_802' title='bbox 500 5501 621 5555; x_wconf 86' lang='lat' dir='ltr'><strong>quae</strong></span> <span class='ocrx_word' id='word_1_803' title='bbox 650 5489 741 5544; x_wconf 85' lang='lat' dir='ltr'><strong>hic</strong></span> <span class='ocrx_word' id='word_1_804' title='bbox 767 5491 1058 5549; x_wconf 87' lang='lat' dir='ltr'><strong>adversum</strong></span> <span class='ocrx_word' id='word_1_805' title='bbox 1090 5512 1178 5553; x_wconf 90' lang='lat' dir='ltr'><strong>me</strong></span> <span class='ocrx_word' id='word_1_806' title='bbox 1206 5501 1482 5556; x_wconf 89' lang='lat' dir='ltr'><strong>commisit</strong></span> <span class='ocrx_word' id='word_1_807' title='bbox 1514 5518 1529 5556; x_wconf 88' lang='lat'><strong>:</strong></span> <span class='ocrx_word' id='word_1_808' title='bbox 1566 5503 1619 5559; x_wconf 91' lang='lat' dir='ltr'><strong>id</strong></span> <span class='ocrx_word' id='word_1_809' title='bbox 1651 5519 1752 5576; x_wconf 81' lang='lat' dir='ltr'><strong>ego</strong></span> <span class='ocrx_word' id='word_1_810' title='bbox 1780 5520 1890 5560; x_wconf 92' lang='lat' dir='ltr'><strong>non</strong></span> <span class='ocrx_word' id='word_1_811' title='bbox 1923 5523 2084 5577; x_wconf 77' lang='lat' dir='ltr'><strong>nego.</strong></span> 
     </span>
    </p>
   </div>
   <div class='ocr_carea' id='block_1_101' title="bbox 502 5576 2137 5661">
    <p class='ocr_par' dir='ltr' id='par_1_101' title="bbox 502 5576 2137 5661">
     <span class='ocr_line' id='line_1_101' title="bbox 502 5576 2137 5661; baseline 0.014 -31"><span class='ocrx_word' id='word_1_812' title='bbox 502 5576 679 5647; x_wconf 85' lang='lat' dir='ltr'><strong>atque</strong></span> <span class='ocrx_word' id='word_1_813' title='bbox 697 5581 800 5637; x_wconf 86' lang='lat' dir='ltr'><strong>hoc</strong></span> <span class='ocrx_word' id='word_1_814' title='bbox 828 5595 1017 5655; x_wconf 91' lang='lat' dir='ltr'><strong>reputa</strong></span> <span class='ocrx_word' id='word_1_815' title='bbox 1036 5627 1051 5653; x_wconf 92' lang='lat'><strong>,</strong></span> <span class='ocrx_word' id='word_1_816' title='bbox 1079 5599 1350 5661; x_wconf 89' lang='lat' dir='ltr'><strong>quantum</strong></span> <span class='ocrx_word' id='word_1_817' title='bbox 1376 5595 1614 5652; x_wconf 67' lang='lat' dir='ltr'><strong>excellas</strong></span> <span class='ocrx_word' id='word_1_818' title='bbox 1644 5596 1700 5651; x_wconf 90' lang='lat' dir='ltr'><strong>in</strong></span> <span class='ocrx_word' id='word_1_819' title='bbox 1726 5598 1874 5652; x_wconf 86' lang='lat' dir='ltr'><strong>omni</strong></span> <span class='ocrx_word' id='word_1_820' title='bbox 1903 5576 2084 5654; x_wconf 84' lang='lat' dir='ltr'><strong>bono:</strong></span> <span class='ocrx_word' id='word_1_821' title='bbox 2132 5618 2137 5625; x_wconf 59' lang='grc' dir='ltr'><strong>ί</strong></span> 
     </span>
    </p>
   </div>
   <div class='ocr_carea' id='block_1_102' title="bbox 502 5679 2085 5778">
    <p class='ocr_par' dir='ltr' id='par_1_102' title="bbox 502 5679 2085 5778">
     <span class='ocr_line' id='line_1_102' title="bbox 502 5679 2085 5778; baseline 0.018 -57"><span class='ocrx_word' id='word_1_822' title='bbox 502 5682 721 5739; x_wconf 60' lang='lat' dir='ltr'><strong>aquom</strong></span> <span class='ocrx_word' id='word_1_823' title='bbox 774 5683 858 5730; x_wconf 88' lang='lat' dir='ltr'><strong>est</strong></span> <span class='ocrx_word' id='word_1_824' title='bbox 901 5679 1047 5737; x_wconf 89' lang='lat' dir='ltr'><strong>enim</strong></span> <span class='ocrx_word' id='word_1_825' title='bbox 1104 5692 1164 5738; x_wconf 90' lang='lat' dir='ltr'><strong>ut</strong></span> <span class='ocrx_word' id='word_1_826' title='bbox 1222 5685 1418 5743; x_wconf 89' lang='lat' dir='ltr'><strong>virium</strong></span> <span class='ocrx_word' id='word_1_827' title='bbox 1475 5696 1696 5778; x_wconf 75' lang='lat' dir='ltr'><strong>tuarum</strong></span> <span class='ocrx_word' id='word_1_828' title='bbox 1744 5691 2085 5750; x_wconf 66' lang='lat' dir='ltr'><strong>excellentia:</strong></span> 
     </span>
    </p>
   </div>
   <div class='ocr_carea' id='block_1_103' title="bbox 586 5848 1073 5920">
    <p class='ocr_par' dir='ltr' id='par_1_103' title="bbox 586 5848 1073 5920">
     <span class='ocr_line' id='line_1_103' title="bbox 586 5848 1073 5920; baseline 0.012 -15"><span class='ocrx_word' id='word_1_829' title='bbox 586 5848 681 5906; x_wconf 81' lang='grc'><strong>⁷³1</strong></span> <span class='ocrx_word' id='word_1_830' title='bbox 717 5852 841 5907; x_wconf 67' lang='lat' dir='ltr'><strong>(lor.</strong></span> <span class='ocrx_word' id='word_1_831' title='bbox 880 5869 952 5920; x_wconf 83' lang='lat' dir='ltr'><strong>iv,</strong></span> <span class='ocrx_word' id='word_1_832' title='bbox 989 5855 1073 5911; x_wconf 87' lang='lat' dir='ltr'><strong>l6.</strong></span> 
     </span>
    </p>
   </div>
   <div class='ocr_carea' id='block_1_104' title="bbox 2195 4771 3780 4846">
    <p class='ocr_par' dir='ltr' id='par_1_104' title="bbox 2195 4771 3780 4846">
     <span class='ocr_line' id='line_1_104' title="bbox 2195 4771 3780 4846; baseline 0.005 -23"><span class='ocrx_word' id='word_1_833' title='bbox 2195 4771 2478 4843; x_wconf 78' lang='grc' dir='ltr'>ὀφειλέτης</span> <span class='ocrx_word' id='word_1_834' title='bbox 2510 4775 2539 4826; x_wconf 86' lang='grc' dir='ltr'>ὁ</span> <span class='ocrx_word' id='word_1_835' title='bbox 2566 4775 2733 4837; x_wconf 82' lang='grc' dir='ltr'>δεῖνα,</span> <span class='ocrx_word' id='word_1_836' title='bbox 2771 4777 2801 4827; x_wconf 83' lang='grc' dir='ltr'><strong>ὁ</strong></span> <span class='ocrx_word' id='word_1_837' title='bbox 2829 4773 2919 4838; x_wconf 79' lang='grc' dir='ltr'>σὸς</span> <span class='ocrx_word' id='word_1_838' title='bbox 2948 4774 3027 4828; x_wconf 72' lang='grc' dir='ltr'><strong>δε</strong></span> <span class='ocrx_word' id='word_1_839' title='bbox 3060 4774 3203 4843; x_wconf 78' lang='grc' dir='ltr'>ἐγώ·</span> <span class='ocrx_word' id='word_1_840' title='bbox 3247 4776 3315 4845; x_wconf 78' lang='grc' dir='ltr'>ἣν</span> <span class='ocrx_word' id='word_1_841' title='bbox 3347 4775 3501 4846; x_wconf 75' lang='grc' dir='ltr'>ἔσχον</span> <span class='ocrx_word' id='word_1_842' title='bbox 3535 4777 3630 4829; x_wconf 69' lang='grc' dir='ltr'><strong>ἐπὶ</strong></span> <span class='ocrx_word' id='word_1_843' title='bbox 3661 4779 3780 4831; x_wconf 83' lang='grc' dir='ltr'>τού-</span> 
     </span>
    </p>
   </div>
   <div class='ocr_carea' id='block_1_105' title="bbox 2193 4862 3777 4936">
    <p class='ocr_par' dir='ltr' id='par_1_105' title="bbox 2193 4862 3777 4936">
     <span class='ocr_line' id='line_1_105' title="bbox 2193 4862 3777 4936; baseline 0.003 -21"><span class='ocrx_word' id='word_1_844' title='bbox 2193 4879 2288 4916; x_wconf 87' lang='grc' dir='ltr'><strong>του</strong></span> <span class='ocrx_word' id='word_1_845' title='bbox 2317 4862 2542 4934; x_wconf 80' lang='grc' dir='ltr'>γνώμην</span> <span class='ocrx_word' id='word_1_846' title='bbox 2571 4864 2700 4932; x_wconf 71' lang='grc' dir='ltr'>ἐγὼ,</span> <span class='ocrx_word' id='word_1_847' title='bbox 2742 4863 2878 4936; x_wconf 75' lang='grc' dir='ltr'>αὕτη</span> <span class='ocrx_word' id='word_1_848' title='bbox 2912 4865 3063 4935; x_wconf 73' lang='grc' dir='ltr'>παρὰ</span> <span class='ocrx_word' id='word_1_849' title='bbox 3086 4866 3168 4919; x_wconf 68' lang='grc' dir='ltr'><strong>σοι</strong></span> <span class='ocrx_word' id='word_1_850' title='bbox 3196 4866 3522 4936; x_wconf 71' lang='grc' dir='ltr'>κρατησάτω</span> <span class='ocrx_word' id='word_1_851' title='bbox 3541 4883 3555 4896; x_wconf 76' lang='grc'><strong><em>⁸</em></strong></span> <span class='ocrx_word' id='word_1_852' title='bbox 3589 4866 3777 4925; x_wconf 78' lang='grc' dir='ltr'>ἔλυσα.</span> 
     </span>
    </p>
   </div>
   <div class='ocr_carea' id='block_1_106' title="bbox 2193 4946 3777 5029">
    <p class='ocr_par' dir='ltr' id='par_1_106' title="bbox 2193 4946 3777 5029">
     <span class='ocr_line' id='line_1_106' title="bbox 2193 4946 3777 5029; baseline 0.001 -23"><span class='ocrx_word' id='word_1_853' title='bbox 2193 4952 2389 5007; x_wconf 76' lang='grc' dir='ltr'>λῦσονο</span> <span class='ocrx_word' id='word_1_854' title='bbox 2438 4955 2669 5025; x_wconf 78' lang='grc' dir='ltr'>ἀφῆκα,</span> <span class='ocrx_word' id='word_1_855' title='bbox 2711 4946 2846 5024; x_wconf 77' lang='grc' dir='ltr'>ἄφες</span> <span class='ocrx_word' id='word_1_856' title='bbox 2873 4973 2885 4985; x_wconf 83' lang='lat'><strong><em>°</em></strong></span> <span class='ocrx_word' id='word_1_857' title='bbox 2918 4956 3084 5010; x_wconf 81' lang='grc' dir='ltr'>πολὺν</span> <span class='ocrx_word' id='word_1_858' title='bbox 3139 4957 3499 5028; x_wconf 71' lang='grc' dir='ltr'>ἐπεδειξάμην</span> <span class='ocrx_word' id='word_1_859' title='bbox 3542 4958 3659 5024; x_wconf 77' lang='grc' dir='ltr'>ἐγὼ</span> <span class='ocrx_word' id='word_1_860' title='bbox 3698 4964 3777 5029; x_wconf 73' lang='grc' dir='ltr'><strong>τῷ</strong></span> 
     </span>
    </p>
   </div>
   <div class='ocr_carea' id='block_1_107' title="bbox 2192 5048 3775 5121">
    <p class='ocr_par' dir='ltr' id='par_1_107' title="bbox 2192 5048 3775 5121">
     <span class='ocr_line' id='line_1_107' title="bbox 2192 5048 3775 5121; baseline -0.003 -18"><span class='ocrx_word' id='word_1_861' title='bbox 2192 5048 2448 5120; x_wconf 77' lang='grc' dir='ltr'>ὁμοφύλῳ</span> <span class='ocrx_word' id='word_1_862' title='bbox 2470 5050 2563 5103; x_wconf 85' lang='grc' dir='ltr'>τὸν</span> <span class='ocrx_word' id='word_1_863' title='bbox 2589 5049 2735 5103; x_wconf 77' lang='grc' dir='ltr'>ἔλεον</span> <span class='ocrx_word' id='word_1_864' title='bbox 2755 5069 2770 5082; x_wconf 72' lang='grc' dir='ltr'><strong>ο</strong></span> <span class='ocrx_word' id='word_1_865' title='bbox 2797 5050 3032 5121; x_wconf 83' lang='grc' dir='ltr'>μίμησαι</span> <span class='ocrx_word' id='word_1_866' title='bbox 3064 5049 3160 5120; x_wconf 78' lang='grc' dir='ltr'>τὴν</span> <span class='ocrx_word' id='word_1_867' title='bbox 3185 5048 3278 5102; x_wconf 79' lang='grc' dir='ltr'><strong>τοῦ</strong></span> <span class='ocrx_word' id='word_1_868' title='bbox 3304 5048 3490 5103; x_wconf 87' lang='grc' dir='ltr'>δούλου</span> <span class='ocrx_word' id='word_1_869' title='bbox 3523 5066 3617 5102; x_wconf 85' lang='grc' dir='ltr'><strong>σου</strong></span> <span class='ocrx_word' id='word_1_870' title='bbox 3653 5050 3775 5119; x_wconf 75' lang='grc' dir='ltr'>φιλ-</span> 
     </span>
    </p>
   </div>
   <div class='ocr_carea' id='block_1_108' title="bbox 2195 5138 3775 5211">
    <p class='ocr_par' dir='ltr' id='par_1_108' title="bbox 2195 5138 3775 5211">
     <span class='ocr_line' id='line_1_108' title="bbox 2195 5138 3775 5211; baseline 0 -18"><span class='ocrx_word' id='word_1_871' title='bbox 2195 5138 2580 5209; x_wconf 87' lang='grc' dir='ltr'>ανθρωπίαν,ὁ</span> <span class='ocrx_word' id='word_1_872' title='bbox 2634 5142 2857 5211; x_wconf 80' lang='grc' dir='ltr'>Κύριος.</span> <span class='ocrx_word' id='word_1_873' title='bbox 2908 5140 3067 5193; x_wconf 81' lang='grc' dir='ltr'><strong>Ἀλλά</strong></span> <span class='ocrx_word' id='word_1_874' title='bbox 3102 5140 3376 5211; x_wconf 72' lang='grc' dir='ltr'>βαρύτερά</span> <span class='ocrx_word' id='word_1_875' title='bbox 3436 5157 3537 5211; x_wconf 89' lang='grc' dir='ltr'><strong>μου</strong></span> <span class='ocrx_word' id='word_1_876' title='bbox 3584 5141 3656 5195; x_wconf 81' lang='grc' dir='ltr'>τὰ</span> <span class='ocrx_word' id='word_1_877' title='bbox 3695 5144 3775 5207; x_wconf 85' lang='grc' dir='ltr'><strong>είς</strong></span> 
     </span>
    </p>
   </div>
   <div class='ocr_carea' id='block_1_109' title="bbox 2196 5231 3775 5304">
    <p class='ocr_par' dir='ltr' id='par_1_109' title="bbox 2196 5231 3775 5304">
     <span class='ocr_line' id='line_1_109' title="bbox 2196 5231 3775 5304; baseline 0 -19"><span class='ocrx_word' id='word_1_878' title='bbox 2196 5231 2257 5285; x_wconf 85' lang='grc' dir='ltr'>σὲ</span> <span class='ocrx_word' id='word_1_879' title='bbox 2286 5231 2733 5304; x_wconf 78' lang='grc' dir='ltr'>πλημμελήματα</span> <span class='ocrx_word' id='word_1_880' title='bbox 2759 5232 2869 5285; x_wconf 81' lang='grc' dir='ltr'>τῶν</span> <span class='ocrx_word' id='word_1_881' title='bbox 2907 5234 2987 5296; x_wconf 83' lang='grc' dir='ltr'><strong>είς</strong></span> <span class='ocrx_word' id='word_1_882' title='bbox 3010 5232 3111 5303; x_wconf 77' lang='grc' dir='ltr'><strong>ἐμὲ</strong></span> <span class='ocrx_word' id='word_1_883' title='bbox 3139 5232 3291 5302; x_wconf 79' lang='grc' dir='ltr'>παρὰ</span> <span class='ocrx_word' id='word_1_884' title='bbox 3322 5231 3510 5285; x_wconf 80' lang='grc' dir='ltr'>τούτου</span> <span class='ocrx_word' id='word_1_885' title='bbox 3542 5248 3775 5303; x_wconf 74' lang='grc' dir='ltr'>γεγενηο</span> 
     </span>
    </p>
   </div>
   <div class='ocr_carea' id='block_1_110' title="bbox 2200 5323 3774 5407">
    <p class='ocr_par' dir='ltr' id='par_1_110' title="bbox 2200 5323 3774 5407">
     <span class='ocr_line' id='line_1_110' title="bbox 2200 5323 3774 5407; baseline 0 -30"><span class='ocrx_word' id='word_1_886' title='bbox 2200 5325 2374 5396; x_wconf 81' lang='grc' dir='ltr'>μένων</span> <span class='ocrx_word' id='word_1_887' title='bbox 2400 5341 2414 5356; x_wconf 80' lang='lat'><strong><em>°</em></strong></span> <span class='ocrx_word' id='word_1_888' title='bbox 2450 5326 2594 5396; x_wconf 70' lang='grc' dir='ltr'>φημὶ</span> <span class='ocrx_word' id='word_1_889' title='bbox 2633 5324 2788 5393; x_wconf 80' lang='grc' dir='ltr'>κάγὼ</span> <span class='ocrx_word' id='word_1_890' title='bbox 2812 5365 2826 5385; x_wconf 87' lang='grc'><strong>,</strong></span> <span class='ocrx_word' id='word_1_891' title='bbox 2863 5326 2957 5378; x_wconf 59' lang='grc' dir='ltr'><strong>καὶ¹</strong></span> <span class='ocrx_word' id='word_1_892' title='bbox 3011 5323 3170 5377; x_wconf 87' lang='grc' dir='ltr'>τοῦτο</span> <span class='ocrx_word' id='word_1_893' title='bbox 3206 5324 3419 5407; x_wconf 79' lang='grc' dir='ltr'>λόγισαι</span> <span class='ocrx_word' id='word_1_894' title='bbox 3455 5325 3576 5377; x_wconf 80' lang='grc' dir='ltr'>ὅσον</span> <span class='ocrx_word' id='word_1_895' title='bbox 3609 5325 3774 5396; x_wconf 76' lang='grc' dir='ltr'>ὑπερ-</span> 
     </span>
    </p>
   </div>
   <div class='ocr_carea' id='block_1_111' title="bbox 2194 5411 3770 5486">
    <p class='ocr_par' dir='ltr' id='par_1_111' title="bbox 2194 5411 3770 5486">
     <span class='ocr_line' id='line_1_111' title="bbox 2194 5411 3770 5486; baseline -0.003 -18"><span class='ocrx_word' id='word_1_896' title='bbox 2194 5415 2337 5485; x_wconf 81' lang='grc' dir='ltr'>έχεις</span> <span class='ocrx_word' id='word_1_897' title='bbox 2386 5416 2442 5467; x_wconf 78' lang='grc' dir='ltr'>ὲν</span> <span class='ocrx_word' id='word_1_898' title='bbox 2475 5415 2638 5469; x_wconf 77' lang='grc' dir='ltr'>παντὶ</span> <span class='ocrx_word' id='word_1_899' title='bbox 2668 5412 2861 5485; x_wconf 85' lang='grc' dir='ltr'>ἀγαθῷ</span> <span class='ocrx_word' id='word_1_900' title='bbox 2888 5429 2900 5442; x_wconf 82' lang='grc'><em>’</em></span> <span class='ocrx_word' id='word_1_901' title='bbox 2934 5413 3139 5475; x_wconf 84' lang='grc' dir='ltr'>δίκαιος</span> <span class='ocrx_word' id='word_1_902' title='bbox 3175 5413 3284 5484; x_wconf 83' lang='grc' dir='ltr'>γὰρ</span> <span class='ocrx_word' id='word_1_903' title='bbox 3317 5411 3364 5465; x_wconf 81' lang='grc' dir='ltr'>εἱ</span> <span class='ocrx_word' id='word_1_904' title='bbox 3406 5415 3467 5483; x_wconf 78' lang='grc' dir='ltr'><strong>τῇ</strong></span> <span class='ocrx_word' id='word_1_905' title='bbox 3498 5413 3770 5486; x_wconf 71' lang='grc' dir='ltr'>ὑπερϐολῇ</span> 
     </span>
    </p>
   </div>
   <div class='ocr_carea' id='block_1_112' title="bbox 2193 5503 3768 5578">
    <p class='ocr_par' dir='ltr' id='par_1_112' title="bbox 2193 5503 3768 5578">
     <span class='ocr_line' id='line_1_112' title="bbox 2193 5503 3768 5578; baseline -0.001 -19"><span class='ocrx_word' id='word_1_906' title='bbox 2193 5507 2291 5578; x_wconf 80' lang='grc' dir='ltr'>τῆς</span> <span class='ocrx_word' id='word_1_907' title='bbox 2323 5508 2420 5577; x_wconf 82' lang='grc' dir='ltr'>σῆς</span> <span class='ocrx_word' id='word_1_908' title='bbox 2463 5505 2746 5576; x_wconf 83' lang='grc' dir='ltr'>δυνάμεως</span> <span class='ocrx_word' id='word_1_909' title='bbox 2780 5503 3148 5573; x_wconf 80' lang='grc' dir='ltr'>ἀναλογοῦντα</span> <span class='ocrx_word' id='word_1_910' title='bbox 3195 5506 3327 5574; x_wconf 79' lang='grc' dir='ltr'>ἡμῖν</span> <span class='ocrx_word' id='word_1_911' title='bbox 3375 5506 3483 5566; x_wconf 80' lang='grc' dir='ltr'>τοῖς</span> <span class='ocrx_word' id='word_1_912' title='bbox 3514 5505 3768 5577; x_wconf 73' lang='grc' dir='ltr'>ἡμαρτη-</span> 
     </span>
    </p>
   </div>
   <div class='ocr_carea' id='block_1_113' title="bbox 2193 5595 3769 5670">
    <p class='ocr_par' dir='ltr' id='par_1_113' title="bbox 2193 5595 3769 5670">
     <span class='ocr_line' id='line_1_113' title="bbox 2193 5595 3769 5670; baseline -0.001 -18"><span class='ocrx_word' id='word_1_913' title='bbox 2193 5600 2315 5653; x_wconf 69' lang='grc' dir='ltr'>κόσι</span> <span class='ocrx_word' id='word_1_914' title='bbox 2338 5599 2430 5652; x_wconf 74' lang='grc' dir='ltr'>τὸν</span> <span class='ocrx_word' id='word_1_915' title='bbox 2462 5598 2610 5652; x_wconf 76' lang='grc' dir='ltr'>ἔλεον</span> <span class='ocrx_word' id='word_1_916' title='bbox 2635 5596 2929 5670; x_wconf 82' lang='grc' dir='ltr'>δωρεῖσθαι</span> <span class='ocrx_word' id='word_1_917' title='bbox 2948 5613 2963 5626; x_wconf 90' lang='grc'><strong>·</strong></span> <span class='ocrx_word' id='word_1_918' title='bbox 2992 5595 3181 5664; x_wconf 77' lang='grc' dir='ltr'>ὀλίγην</span> <span class='ocrx_word' id='word_1_919' title='bbox 3225 5595 3325 5668; x_wconf 85' lang='grc' dir='ltr'>τὴν</span> <span class='ocrx_word' id='word_1_920' title='bbox 3364 5596 3769 5666; x_wconf 60' lang='grc' dir='ltr'>φιλανθρωπίαν</span> 
     </span>
    </p>
   </div>
   <div class='ocr_carea' id='block_1_114' title="bbox 2194 5687 3763 5762">
    <p class='ocr_par' dir='ltr' id='par_1_114' title="bbox 2194 5687 3763 5762">
     <span class='ocr_line' id='line_1_114' title="bbox 2194 5687 3763 5762; baseline -0.003 -16"><span class='ocrx_word' id='word_1_921' title='bbox 2194 5689 2558 5762; x_wconf 73' lang='grc' dir='ltr'>ἐπεδειξάμην</span> <span class='ocrx_word' id='word_1_922' title='bbox 2608 5689 2719 5761; x_wconf 70' lang='grc' dir='ltr'>ἐγώ</span> <span class='ocrx_word' id='word_1_923' title='bbox 2741 5707 2753 5721; x_wconf 91' lang='grc'><strong>·</strong></span> <span class='ocrx_word' id='word_1_924' title='bbox 2786 5689 2847 5745; x_wconf 79' lang='grc' dir='ltr'>οὐ</span> <span class='ocrx_word' id='word_1_925' title='bbox 2877 5688 2986 5761; x_wconf 81' lang='grc' dir='ltr'><strong>γάρ</strong></span> <span class='ocrx_word' id='word_1_926' title='bbox 3012 5687 3209 5760; x_wconf 81' lang='grc' dir='ltr'>ἐχώρει</span> <span class='ocrx_word' id='word_1_927' title='bbox 3236 5689 3296 5743; x_wconf 79' lang='grc' dir='ltr'>τὸ</span> <span class='ocrx_word' id='word_1_928' title='bbox 3336 5689 3492 5744; x_wconf 82' lang='grc' dir='ltr'>πλέον</span> <span class='ocrx_word' id='word_1_929' title='bbox 3526 5690 3763 5761; x_wconf 64' lang='grc' dir='ltr'>ἡφύσις·</span> 
     </span>
    </p>
   </div>
  </div>
