4018 6416
230 502 385 556 1181

230 615 307 668 σὺ
340 615 408 669 δὲ
438 616 588 671 ὅσον
631 620 846 686 ἐθέλεις
870 662 883 684 ,
920 623 980 676 ού
1011 623 1209 680 κωλύει
1256 629 1353 700 τὴν
1385 630 1797 703 μεγαλοδωρεὸω
1845 634 1879 702 ἡ

228 704 522 795 δύναμις.
598 712 771 767 Ἀλλὰ
827 716 1330 790 φιλανθρωπότερον
1367 721 1463 792 τὴν
1516 725 1881 795 προκειμένην

230 790 347 865 τῆς
393 803 749 871 προσευχῆς
785 803 942 873 ῥῆσιν
972 790 1430 878 κατανοήσωμεν,
1454 809 1508 861 εἰ
1674 790 1880 879 γένοιτό

234 902 333 948 τις
365 889 479 941 καὶ
509 892 669 961 ἡμῖν
706 893 791 947 διά
818 898 919 966 τῆς
947 896 1040 949 τοῦ
1081 902 1348 967 νοήματος
1372 901 1603 973 θεωρίας
1628 903 1764 974 πρὸς
1788 905 1879 959 τὸν

237 977 477 1047 ὑψηλὸν
547 980 681 1051 βίον
712 988 1070 1056 χειραγωγία.
1126 990 1499 1062 Ἐξετάσωμεν
1527 995 1707 1048 τοίνυν
1751 998 1876 1049 ποῖα

246 1069 360 1138 μέν
396 1071 574 1125 ἐστιν
610 1069 700 1138 οἷς
730 1077 1008 1149 ὑπόχρεως
1032 1080 1063 1150 ἡ
1091 1079 1404 1153 ἀνθρωπίνη
1440 1083 1601 1153 φύσις
1622 1101 1636 1114 ’
1670 1090 1796 1140 ποῖα
1824 1087 1881 1140 δὲ

240 1162 431 1215 πάλιν
464 1165 679 1219 ἐκεῖνα
705 1206 721 1230 ,
767 1161 843 1222 ὧν
886 1171 1043 1239 ἡμεῖς
1068 1173 1236 1242 ὲσμεν
1283 1177 1380 1245 τῆς
1408 1176 1652 1244 ἀφέσεως
1679 1177 1880 1248 κύριοι.

256 1251 368 1305 Ἐκ
423 1253 554 1326 γὰρ
586 1256 691 1309 τοῦ
734 1257 905 1311 ταῦτα
957 1261 1195 1329 γνῶναι,
1255 1265 1452 1332 γένοιτ’
1489 1265 1555 1319 ἂν
1609 1268 1738 1338 ἡμῖν
1782 1268 1885 1338 τῆς

242 1341 601 1417 ὑπερϐολῆς
634 1348 745 1400 τῶν
778 1349 934 1404 θείων
986 1352 1206 1420 ἀγαθῶν
1246 1356 1443 1427 μετρία
1489 1374 1572 1419 τις
1625 1358 1882 1429 κατανόη-

246 1448 367 1496 σις.
408 1436 654 1489 Οὐκοῦν
692 1439 938 1493 ἐντεῦθεν
993 1441 1344 1513 ποιησώμεθα
1388 1445 1494 1498 τῶν
1523 1445 1878 1517 ἀνθρωπίνων

246 1525 405 1594 πρὸς
433 1526 541 1579 τὸν
574 1527 715 1582 Θεὸν
751 1530 1239 1601 πλημμελημάτων
1276 1533 1372 1605 τὴν
1400 1536 1800 1607 ἀπαρίθμησιν.

1227 510 1315 564 DE
1359 510 1708 569 ORATIONE
1748 513 2095 570 DOMINICA.
2140 545 2203 556 -—
2244 514 2505 600 ORATIO
2542 516 2607 572 V.

3422 519 3560 575 H82

1912 642 1951 696 Α
1984 632 2393 687 convenientem
2427 632 2857 689 misericordiam
2888 633 3046 688 nobis
3076 633 3431 703 peccantibus
3457 636 3561 689 tri-

1988 723 2153 788 buas;
2177 724 2429 793 exiguam
2455 725 2843 796 humanitatem
2870 738 2970 794 ego
2991 724 3211 778 exhibui
3235 763 3249 787 ,
3276 740 3382 778 non
3410 727 3557 780 enim

1987 813 2221 881 amplius
2276 814 2526 883 capiebat
2587 823 2816 880 natura,
2871 821 2961 869 tua
3014 830 3140 869 vero
3186 815 3557 869 muniﬁcentia

1986 903 2279 972 exiguitate
2312 906 2565 974 potentiae
2607 921 2716 960 non
2760 905 3081 975 prohibetur
3118 908 3250 976 quin
3292 917 3557 977 quantum

1986 996 2143 1055 velis,
2170 1004 2377 1049 tantum
2402 996 2667 1067 largiaris.
2698 995 2894 1052 Verum
2920 996 3236 1068 diligentius
3257 998 3558 1068 perpenda-

1987 1102 2108 1140 mus
2144 1088 2479 1157 propositam
2511 1088 2776 1145 oratlonis
2807 1089 3138 1156 dictionem,
3171 1090 3219 1144 si
3251 1104 3362 1160 quo
3395 1088 3559 1143 modo

1985 1178 2144 1234 nobis
2178 1179 2342 1233 etiam
2386 1194 2484 1249 per
2517 1181 2803 1236 sententia
2834 1180 3362 1243 considerationem,
3397 1182 3555 1251 quasi

1986 1269 2335 1325 manuductis
2364 1270 2431 1324 ad
2471 1271 2759 1326 sublimem
2800 1272 2969 1325 vitam
3011 1268 3231 1342 aliquod
3270 1270 3560 1341 adiumen-

1985 1365 2098 1411 tum
2133 1357 2449 1427 contingere
2478 1359 2669 1429 possit.
2720 1358 3042 1415 Scrutemur
3082 1361 3249 1430 igitur
3278 1374 3401 1430 qua:
3446 1359 3559 1413 sint

1982 1462 2046 1501 ea
2099 1447 2319 1517 quidem
2380 1449 2581 1519 quibus
2640 1449 3028 1515 praestantibus
3085 1450 3320 1503 humana
3364 1456 3559 1502 natura

1979 1538 2214 1593 obnoxia
2248 1541 2321 1595 sit
2363 1559 2376 1595 :
2406 1555 2528 1610 quae
2560 1541 2689 1594 item
2738 1541 2828 1595 illa
2874 1549 3084 1597 contra.
3108 1555 3340 1611 quorum
3372 1539 3560 1596 remit~

248 1616 582 1672 tendorum
630 1633 734 1674 nos
769 1628 1093 1689 potestatem
1140 1622 1422 1680 habemus.
1466 1625 1599 1684 Nam
1657 1642 1723 1681 ex
1784 1627 1976 1681 harum
2030 1643 2211 1683 rerum
2267 1629 2738 1685 animadversione
2778 1630 3071 1685 mediocris
3120 1631 3368 1700 quaedam
3403 1627 3560 1682 nobis

247 1705 637 1762 excellentiae
658 1709 968 1765 divinorum
996 1711 1266 1767 bonorum
1332 1717 1572 1786 cognitio
1629 1717 1944 1789 contingere
1987 1722 2183 1790 possit.
2234 1722 2568 1792 Incipiamus
2616 1721 2780 1792 igitur
2824 1721 2957 1776 hinc
3008 1731 3228 1793 peccata
3276 1719 3559 1776 hominum

251 1795 556 1852 adversus
592 1798 766 1853 Deum
799 1804 1092 1858 commissa
1120 1819 1468 1861 enumerare.

328 1893 596 1965 Πρώτην
626 1894 876 1968 ὤφλησεν
918 1898 996 1970 τῷ
1025 1900 1144 1971 Θεῷ
1179 1903 1445 1974 τιμωρίαν
1494 1903 1522 1955 6
1571 1903 1874 1974 ἄνθρωπος,

252 1984 346 2038 ὅτι
373 1986 715 2056 ἀπέστησεν
756 1989 946 2043 ἑαυτὸν
973 1991 1067 2044 τοῦ
1096 1995 1450 2061 ποιήσαντος,
1483 1996 1575 2048 καὶ
1604 1995 1738 2067 πρὸς
1782 1996 1872 2048 τὸν

253 2078 526 2147 ἐναντίον
562 2078 1044 2154 ἀπηυτομόλησεν,
1081 2083 1357 2154 δραπέτης
1382 2083 1476 2138 τοῦ
1525 2086 1669 2139 κατά
1712 2084 1874 2155 φύσιν

257 2167 547 2223 δεσπότου
577 2168 679 2223 καὶ
703 2170 1014 2242 ἀποστάτης
1041 2175 1331 2246 γενόμενος
1354 2194 1368 2207 ·
1401 2175 1650 2249 δεύτερον
1674 2179 1754 2232 ὅτι
1774 2178 1874 2250 τὴν

259 2273 410 2328 πονη
420 2258 531 2329 ράν
552 2260 660 2329 τῆς
679 2260 952 2332 ἁμαρτίας
974 2263 1238 2327 δουλείαν,
1256 2267 1376 2319 ἀντὶ
1404 2266 1504 2336 τῆς
1528 2267 1874 2335 αὐτεξουσίου

263 2349 609 2424 ἑλευθερίας
664 2352 930 2421 ἠλλάξατο
952 2394 968 2418 ,
1003 2356 1097 2408 καὶ
1133 2357 1464 2428 προετίμησε
1510 2358 1603 2411 τοῦ
1638 2363 1875 2414 συνεῖναι

263 2441 437 2514 Θεῷ,
492 2443 564 2497 τὸ
620 2445 999 2515 τυραννεῖσθαι
1045 2448 1197 2518 παρά
1248 2448 1350 2518 τῆς
1409 2451 1878 2524 καταφθειρούσης

265 2533 599 2605 δυνάμεως.
650 2535 809 2589 Ἀλλά
840 2538 933 2590 καὶ
957 2537 1018 2590 τὸ
1063 2539 1137 2609 μὴ
1170 2540 1306 2610 πρὸς
1333 2540 1393 2597 τὸ
1425 2541 1620 2604 κάλλος
1644 2542 1738 2596 τοῦ
1777 2559 1877 2596 πε-

270 2626 591 2695 ποιηκότος
622 2626 838 2696 βλέπειν
865 2669 879 2693 ,
912 2629 1049 2699 πρὸς
1077 2630 1134 2683 δὲ
1168 2630 1230 2683 τὸ
1258 2627 1446 2701 αἶσχος
1477 2635 1577 2704 τῆς
1606 2634 1878 2705 ἁμαρτίας

168 2742 173 2749 ν
272 2717 623 2789 ἐπιστρέψαι
651 2718 713 2771 τὸ
729 2718 1022 2789 πρόσωπον
1047 2761 1062 2785 ,
1103 2721 1247 2785 τινος
1269 2722 1338 2776 ἂν
1366 2723 1617 2795 δεύτερον
1644 2725 1751 2778 τῶν
1779 2742 1879 2780 κα-

277 2806 397 2862 κῶν
427 2808 698 2880 κριθείη;
735 2810 808 2861 Ἣ
845 2827 903 2863 τε
927 2812 1034 2864 τῶν
1074 2812 1236 2865 θείων
1300 2814 1523 2883 ἀγαθῶν
1582 2816 1876 2887 ὑπεροψία,

277 2899 377 2952 καὶ
409 2898 526 2953 τῶν
557 2898 655 2952 τοῦ
700 2900 938 2971 πονηροῦ
981 2902 1362 2972 δελεασμάτων
1405 2904 1766 2978 προτίμησις,
1800 2908 1880 2970 είς

283 2990 443 3041 ποῖον
482 2988 658 3059 μέρος
699 2990 969 3059 τιμωρίας
995 2992 1258 3063 ταχθείη;
1295 2995 1365 3048 Ὅ
1411 3012 1471 3049 τε
1523 2997 1627 3065 τῆς
1672 2998 1880 3062 εἰκόνος

234 3088 237 3091 '
282 3076 610 3147 ἀφανισμὸς
633 3121 648 3142 ,
677 3079 771 3132 καὶ
796 3082 829 3150 ἡ
859 3080 1002 3152 λύμη
1043 3083 1136 3140 τοῦ
1172 3083 1316 3138 θείου
1362 3089 1708 3159 χαρακτῆρος
1732 3128 1748 3157 ,
1784 3088 1880 3142 τοῦ

285 3167 449 3237 παρὰ
474 3168 579 3239 τὴν
610 3167 831 3239 πρώτην
869 3172 1045 3225 κτίσιν
1082 3175 1140 3226 ἐν
1169 3176 1299 3245 ἡμῖν
1329 3176 1707 3247 μορφωθέντος
1732 3219 1747 3245 ,
1783 3180 1879 3234 καὶ

282 3258 321 3325 ἠ
369 3258 475 3328 τῆς
504 3259 762 3331 δραχμῆς
796 3261 1040 3317 ἀπώλεια
1068 3305 1083 3328 ,
1119 3266 1212 3319 καὶ
1260 3270 1293 3338 ἡ
1328 3267 1429 3339 τῆς
1476 3270 1754 3343 τραπέζης
1784 3272 1878 3326 τοῦ

287 3349 499 3421 πατρὸς
547 3350 931 3422 ἀναχώρησις,
982 3358 1076 3409 καὶ
1126 3358 1159 3427 ἡ
1205 3358 1343 3428 πρὸς
1382 3359 1475 3413 τὸν
1513 3361 1722 3435 δυσώδη
1768 3363 1877 3417 τῶν

285 3441 493 3513 χοίρων
536 3442 653 3513 βίον
701 3445 1006 3510 οἰκείωσις,
1038 3448 1130 3504 καὶ
1178 3449 1212 3519 ἡ
1268 3448 1364 3502 τοῦ
1409 3450 1593 3521 τιμίου
1644 3452 1876 3507 πλούτου

286 3527 592 3614 διαφθορά,
625 3533 718 3584 καὶ
757 3533 856 3586 ὅσα
885 3535 1106 3589 τοιαῦτα
1149 3535 1239 3591 διά
1278 3555 1338 3591 τε
1385 3542 1484 3610 τῆς
1515 3541 1760 3613 Γραφῆς.
1783 3544 1878 3597 καὶ

286 3620 398 3675 τῶν
425 3622 707 3694 λογισμῶν
747 3625 873 3679 ίδεῖν
911 3623 1024 3689 ἔστι
1055 3628 1519 3703 πλημμελήματα,
1555 3633 1639 3696 τίς
1684 3633 1749 3687 ἂν
1785 3634 1882 3701 ἐξ-”

289 3712 664 3785 αριθμήσαιτο
710 3715 862 3785 λόγος
891 3733 906 3783 ;
949 3719 1163 3791 Ἐπειδὴ
1178 3721 1355 3777 τοίνυν
1381 3725 1438 3775 ὲν
1460 3723 1717 3788 τοιούτοις
1739 3726 1875 3779 ὑπό-

290 3800 440 3858 δικόν
464 3806 583 3858 ἐστι
614 3805 751 3877 πρὸς
776 3809 1045 3878 τιμωρίας
1070 3809 1277 3865 ἔκτισιν
1310 3812 1371 3866 τὸ
1419 3813 1760 3885 ἀνθρώπινον
1797 3815 1877 3887 τῷ

290 3893 434 3965 θεῷ,
459 3895 553 3949 διά
579 3895 740 3950 τοῦτό
765 3915 856 3968 μοι
876 3898 1023 3952 δοκεῖ
1045 3900 1320 3955 παιδεύειν
1345 3905 1491 3974 ἡμᾶς
1524 3908 1589 3976 τῇ
1621 3905 1876 3961 διδασκα-

292 3980 384 4054 λία
401 3986 502 4054 τῆς
532 3989 839 4059 προσευχῆς
863 3991 891 4042 6
929 3988 1104 4058 λόγος,
1139 3993 1401 4065 μηδαμῶς
1423 3998 1482 4067 έν
1501 3998 1568 4067 τῇ
1591 3999 1726 4069 πρὸς
1744 3999 1875 4053 Θεὸν

294 4074 533 4143 ἐντεύξει
556 4119 573 4143 ,
602 4078 678 4144 ὡς
699 4081 793 4144 ἐπὶ
840 4082 1065 4156 καθαρῴ
1091 4084 1170 4156 τῷ
1214 4088 1474 4142 συνειδότι
1503 4090 1877 4161 παρρησιάζε-

298 4167 442 4231 σθαι,
475 4170 585 4224 κᾶν
622 4172 704 4224 ὅτι
759 4173 992 4244 μάλιστα
1037 4176 1145 4230 τῶν
1174 4176 1529 4250 ἀνθρωπίνων
1558 4183 1876 4255 πλημμελη-

299 4259 485 4334 μάτων
515 4264 921 4335 κεχωρισμένος
953 4284 1035 4330 τις
1164 4269 1324 4332 Ἴσως
1350 4270 1459 4342 γάρ
1490 4289 1577 4337 τις
1616 4275 1756 4328 κατά
1783 4275 1873 4329 τὸν

296 4352 515 4406 νεανίαν
558 4354 764 4408 ἐκεῖνον
808 4355 902 4408 τὸν
950 4357 1332 4431 πολυκτήμονα
1365 4365 1485 4426 ταῖς
1509 4365 1749 4429 ἐντολαῖς
1774 4367 1874 4438 τὴν

297 4438 442 4513 ζωὴν
492 4444 686 4499 ἑαυτοῦ
738 4447 1162 4520 παιδαγωγήσας
1182 4492 1195 4512 ,
1240 4451 1352 4522 ἔχει
1411 4454 1472 4507 τὸ
1499 4455 1742 4512 τοιοῦτον
1780 4459 1873 4512 ἐπὶ

297 4531 390 4585 τοῦ
414 4533 545 4588 ίδίου
574 4537 952 4608 καυχήσασθαι
994 4539 1130 4608 βίου,
1161 4542 1257 4594 καὶ
1284 4545 1460 4597 εἰπεῖν
1476 4544 1556 4616 τῷ
1585 4545 1724 4617 Θεῷ,
1784 4546 1867 4600 ὅτι

306 4621 493 4677 Ταῦτα
509 4622 707 4680 πάντα
745 4624 1141 4699 ἐφυλαξάμην
1176 4632 1246 4686 ἐκ
1288 4635 1569 4702 νεότητός
1599 4654 1719 4706 μου
1738 4677 1755 4704 ,
1778 4641 1874 4693 καὶ

303 4707 652 4781 ὑπηλειφέναι
703 4714 886 4786 αὐτῷ,
937 4716 1025 4771 διὰ
1064 4717 1126 4772 τὸ
1181 4719 1346 4790 μηδὲν
1387 4723 1467 4785 εἰς
1511 4723 1611 4787 τὰς
1654 4725 1873 4792 ἐντολὰς

302 4799 709 4876 πλημμελῆσαι,
736 4806 811 4878 μὴ
832 4807 952 4860 λίαν
975 4809 1237 4880 ἁρμόζειν
1272 4811 1371 4883 τὴν
1398 4813 1540 4886 ὑπὲρ
1567 4815 1674 4869 τῶν
1702 4815 1870 4888 ὀφλη-

308 4891 487 4963 μάτων
507 4895 857 4967 παραίτησιν,
875 4898 951 4960 ῶς
975 4899 1157 4969 μόνοις
1180 4904 1303 4966 τοῖς,
1319 4902 1758 4976 ἐξημαρτηκόσιν
1780 4910 1871 4980 ἀρ-

309 4980 589 5047 μόζουσαν.
617 4986 727 5041 Καί
756 5003 889 5059 φησι
921 4987 1000 5057 τῷ
1029 4989 1342 5060 μολυνθέντι
1370 4993 1456 5049 διὰ
1487 4996 1742 5066 πορνείας
1772 4999 1871 5071 τὴν

306 5071 551 5145 τοιαύτην
579 5075 810 5146 πρέπειν
833 5076 1016 5149 φωνὴν
1039 5117 1055 5142 ,
1088 5079 1120 5154 ἢ
1150 5080 1228 5153 τῷ
1256 5081 1344 5138 διὰ
1382 5084 1694 5154 πλεονεξίας
1724 5090 1874 5145 είδω-

306 5156 722 5236 λολατρήσαντι,
771 5169 1074 5237 ἀναγκαίαν
1112 5171 1211 5243 τὴν
1243 5174 1459 5247 αἴτησιν
1490 5178 1590 5249 τῆς
1628 5181 1873 5250 συγγνώ-

313 5272 413 5327 μης
433 5254 590 5327 εἶναι,
620 5264 716 5318 καὶ
755 5265 917 5319 παντὶ
943 5263 1079 5330 ὅλως
1105 5265 1184 5336 τῷ
1214 5266 1305 5322 διά
1326 5286 1470 5333 τινος
1498 5272 1874 5343 πλημμελείας

309 5347 366 5436 τὸ
388 5354 619 5418 συνειδὸς
636 5355 737 5425 τῆς
757 5355 937 5426 ψυχῆς
959 5356 1364 5428 καταστίξαντι,
1387 5361 1550 5415 καλὸν
1572 5363 1664 5416 καὶ
1697 5365 1872 5436 ἁρμό-

312 5435 412 5491 διον
447 5439 585 5498 εῐναι
625 5444 686 5498 τὸ
734 5449 1067 5513 καταφυγεῖν
1107 5448 1242 5519 πρὸς
1278 5448 1445 5504 ἔλεον.
1490 5452 1554 5505 Εἰ
1593 5452 1649 5506 δὲ
1693 5435 1875 5519 Ἠλίας

312 5522 503 5596 ἐκεῖνος
545 5532 576 5586 ὸ
609 5532 775 5596 πολὺς
816 5533 902 5604 εῖη
924 5573 939 5597 ,
971 5534 1003 5606 ἢ
1042 5536 1072 5589 6
1110 5536 1170 5588 ὲν
1212 5537 1480 5609 πνεύματι
1523 5542 1616 5596 καὶ
1648 5541 1877 5615 δυνάμει

325 5616 493 5676 ῖίίλίου
524 5624 554 5677 δ
601 5623 702 5694 μὲν
745 5625 806 5679 ὲν
849 5628 1128 5697 γεννητοῖς
1160 5630 1528 5705 γυναικῶν,ἢ
1568 5634 1804 5706 Πέτρος,
1839 5637 1871 5708 ἢ

316 5707 543 5781 Παῦλος,
574 5714 606 5786 ἢ
635 5716 914 5787 Ἰωάννης,
947 5718 981 5789 ἦ
1006 5735 1089 5783 τις
1125 5719 1282 5786 ἀλλος
1305 5722 1414 5778 τῶν
1447 5725 1582 5797 πρὸς
1604 5727 1664 5781 τὸ
1696 5707 1876 5801 κρεῖτέ

378 5884 417 5917 ⁷³
458 5884 587 5942 Luc.
632 5904 795 5952 xviii,
826 5888 917 5947 2L

1909 1909 1948 1962 Β
2054 1898 2295 1953 Primum
2328 1896 2435 1952 Deo
2457 1896 2786 1967 supplicium
2819 1896 2983 1951 homo
2998 1895 3205 1962 debuit,
3229 1898 3375 1969 quod
3395 1900 3467 1956 ab
3491 1916 3563 1958 eo

1973 1989 2225 2052 descivit,
2248 2003 2278 2041 a
2311 2004 2421 2058 quo
2450 1989 2629 2043 factus
2655 1997 2773 2043 erat
2793 1998 2847 2042 et
2875 1988 2943 2042 ad
2977 1989 3348 2045 adversarium
3378 1998 3555 2049 trans-

1974 2081 2057 2142 iit,
2099 2078 2361 2133 naturalis
2406 2076 2613 2133 domini
2660 2076 2921 2148 fugitivus
2961 2085 3016 2133 et
3048 2077 3297 2134 desertor
3332 2079 3551 2138 factus:

1977 2173 2176 2227 deinde
2205 2172 2350 2242 quod
2381 2172 2691 2226 libertatem
2729 2171 2928 2241 suique
2965 2180 3289 2242 potestatem
3334 2188 3398 2229 ac
3429 2189 3553 2241 pro-

1978 2263 2149 2332 priam
2191 2263 2526 2317 voluntatem
2581 2276 2707 2315 cum
2759 2262 2909 2332 gravi
2964 2277 3029 2317 ac
3080 2263 3245 2317 noxia
3293 2264 3553 2319 servitute

1976 2354 2184 2423 peccati
2219 2353 2605 2418 commutavit,
2657 2361 2712 2407 et
2750 2354 2853 2408 sub
2883 2356 3284 2423 corrumpentis
3313 2362 3556 2424 potesta-

1978 2447 2047 2501 tis
2092 2445 2380 2516 tyrannide
2428 2460 2591 2514 quam
2631 2460 2755 2500 cum
2811 2443 2920 2500 Deo
2981 2460 3105 2501 esse
3147 2445 3360 2500 maluit.
3409 2444 3551 2512 Quin

1976 2536 2140 2590 etiam
2171 2534 2316 2605 quod
2347 2548 2457 2589 non
2492 2534 2725 2589 intuitus
2754 2544 2840 2590 est
2883 2533 3346 2604 pulchritudinem
3379 2536 3558 2590 facto—

1978 2626 2076 2691 ris,
2110 2624 2205 2679 sed
2245 2624 2312 2679 ad
2344 2625 2736 2695 turpitudinem
2768 2626 2978 2695 peccati
3032 2626 3224 2681 faciem
3254 2628 3548 2694 convertit,

1977 2719 2066 2771 cui
2108 2717 2251 2771 malo
2283 2717 2586 2776 secundum
2615 2716 3004 2786 iudicabitur?
3055 2719 3367 2773 divinorum
3414 2720 3548 2787 item

1978 2807 2244 2861 bonorum
2292 2805 2673 2876 despicientia,
2719 2815 2775 2861 et
2823 2805 3058 2876 improbi
3109 2806 3255 2862 illius
3298 2820 3554 2864 escarum

1980 2897 2343 2968 praeferentia,
2391 2897 2446 2951 in
2499 2910 2608 2966 qua
2656 2902 2809 2968 parte
2860 2896 3113 2968 supplicii
3149 2897 3554 2954 collocabitur?

1981 2988 2236 3058 imaginis
2269 2988 2397 3044 item
2430 2988 2677 3053 abolitio,
2723 2987 3005 3059 divinique
3033 2988 3198 3059 signi,
3238 2988 3387 3060 quod
3416 2998 3554 3045 tem-

1979 3097 2111 3153 pore
2139 3082 2327 3153 primae
2346 3081 2646 3137 creationis
2677 3080 2733 3136 in
2752 3081 2915 3136 nobis
2944 3081 3271 3151 impressum
3299 3088 3404 3146 est,
3427 3096 3557 3136 cor-

1982 3173 2201 3243 ruptio;
2235 3171 2304 3226 ad
2338 3172 2453 3227 haec
2481 3171 2759 3227 drachma:
2789 3171 3037 3237 amissio,
3073 3178 3130 3226 et
3169 3187 3202 3226 a
3246 3187 3434 3227 mensa
3457 3187 3554 3242 pa-

1907 3258 1951 3319 C
1987 3265 2091 3318 tris
2114 3278 2385 3329 recessus,
2419 3271 2475 3319 et
2507 3263 2574 3318 ad
2602 3262 2823 3318 fetitlam
2853 3278 3142 3333 porcorum
3174 3262 3337 3317 vitam
3366 3277 3554 3318 acces-

1980 3370 2098 3418 sus,
2127 3361 2182 3410 et
2204 3353 2638 3424 expetendarum
2656 3353 2975 3410 divitiarum
3006 3354 3312 3425 corruptio,
3328 3362 3384 3410 et
3412 3368 3557 3424 qua:-

1977 3461 2193 3516 ctmque
2227 3448 2360 3501 talia
2391 3445 2751 3509 delicta,tum
2782 3462 2879 3516 per
2913 3445 3278 3517 Scripturam,
3309 3455 3420 3499 tum
3454 3460 3553 3515 per

1977 3536 2345 3604 cogitationes
2405 3549 2633 3591 cernere
2701 3535 2848 3598 licet,
2897 3550 3149 3604 quaenam
3222 3549 3549 3589 enumerare

1976 3626 2154 3683 oratio
2184 3625 2402 3696 possit?
2447 3624 2720 3691 Quoniam
2775 3625 2941 3702 igitur
2976 3625 3048 3681 ob
3081 3633 3163 3681 tot
3196 3632 3250 3679 et
3281 3625 3408 3697 talia
3447 3626 3546 3679 de-

1977 3717 2103 3771 licta
2135 3717 2357 3771 nomine
2405 3730 2578 3785 pinnae
2636 3715 2935 3785 pendendaa
2980 3714 3091 3772 Deo
3124 3716 3419 3771 obnoxium
3466 3726 3555 3772 est

1975 3823 2149 3878 genus
2188 3807 2513 3871 humanum,
2547 3805 2757 3861 idcirco
2811 3806 2945 3861 mihi
2993 3822 3174 3862 sermo
3205 3823 3302 3876 per
3345 3807 3544 3862 doctri-

1976 3909 2102 3957 nam
2135 3898 2403 3953 orationis
2438 3913 2540 3954 nos
2594 3899 2817 3955 erudire
2860 3908 3025 3971 atque
3063 3900 3356 3955 instituere
3405 3898 3550 3953 \ide~

1977 3999 2086 4054 tur,
2134 3997 2191 4044 ut
2235 4004 2583 4060 nequaquam
2637 3990 2765 4046 dum
2822 4005 2948 4045 cum
2997 3989 3105 4046 Deo
3157 3989 3547 4060 colloquimur,

1975 4082 2131 4153 quasi
2163 4096 2297 4151 pura
2329 4082 2666 4138 conscientia
2709 4081 2917 4152 praediti
2949 4081 3284 4136 conﬁdenter
3312 4089 3366 4134 et
3389 4095 3548 4133 arro-

1975 4183 2167 4244 ganter
2217 4175 2524 4244 loquamur,
2571 4174 2789 4229 etiamsi
2843 4187 3005 4244 quam
3048 4170 3282 4227 maxime
3315 4170 3439 4239 quis
3481 4170 3552 4224 ah

1976 4268 2231 4324 humanis
2286 4267 2501 4323 delictis
2565 4265 2757 4337 procul
2806 4265 2972 4321 absit.
3018 4262 3271 4318 Forsitan
3307 4262 3451 4317 enim
3503 4264 3550 4318 si

1974 4358 2118 4427 quis,
2183 4357 2325 4411 sicut
2363 4356 2683 4411 adolescens
2730 4356 2820 4410 ille
2873 4354 3204 4425 locuples”,
3262 4355 3552 4425 praeceptis

1974 4448 2140 4504 vitam
2163 4463 2320 4504 suam
2349 4447 2663 4503 moderatus
2694 4447 2799 4507 sit,
2834 4445 3039 4515 aliquid
3072 4448 3177 4500 tale
3202 4446 3272 4500 de
3310 4446 3416 4500 vita
3449 4461 3549 4501 sua

1976 4540 2221 4611 gloriari,
2256 4547 2334 4603 et,
2360 4537 2490 4592 Haec
2521 4538 2702 4592 omnia
2729 4540 2932 4592 servavi
2963 4555 2996 4591 a
3015 4537 3289 4606 jureutute
3322 4553 3461 4602 mea,
3482 4539 3548 4591 ad

1907 4589 1948 4645 υ
1977 4589 2150 4688 Betim
2188 4632 2369 4687 dicere
2392 4639 2592 4702 potest,
2615 4640 2670 4686 et
2700 4644 3023 4700 persuasum
3046 4628 3268 4693 habere,
3288 4628 3549 4698 quoniam

1978 4725 2115 4781 nihil
2152 4725 2205 4779 in
2262 4731 2530 4794 praecepta
2579 4722 2891 4792 deliquerit,
2946 4720 3050 4776 sibi
3092 4735 3201 4774 non
3253 4720 3546 4776 admodum

1977 4817 2270 4872 convenire
2329 4815 2638 4871 debitorum
2688 4813 2911 4869 nomine
2963 4811 3431 4882 deprecationem,
3493 4821 3550 4867 ut

1974 4924 2098 4981 quae
2125 4909 2260 4966 solis
2297 4908 2365 4965 iis
2402 4909 2494 4979 qui
2530 4906 2879 4979 peccaverint
2919 4913 3217 4978 congruat;
3247 4914 3302 4962 et
3324 4906 3401 4962 ait
3424 4922 3548 4963 eum

1974 5004 2066 5075 qui
2098 5018 2198 5074 per
2231 5005 2621 5059 scortationem
2668 5000 2989 5070 inquinatus
3026 5001 3120 5064 sit,
3143 4998 3416 5068 ejusmodi
3455 5013 3551 5053 vo-

1971 5111 2090 5150 cem
2124 5097 2355 5161 decere;
2407 5094 2492 5148 vel
2542 5094 2592 5148 ei
2646 5092 2740 5163 qui
2785 5107 2884 5163 per
2918 5088 3204 5147 avaritiam
3256 5091 3548 5147 simulacra

1972 5186 2225 5248 coluerit,
2246 5183 2614 5240 necessariam
2640 5198 2765 5238 esse
2796 5180 2966 5237 veniae
2982 5179 3320 5250 petitionem,
3342 5187 3396 5234 et
3424 5179 3546 5234 cui-

1970 5276 2074 5339 vis,
2103 5277 2157 5330 in
2187 5289 2424 5338 summa,
2441 5275 2535 5344 qui
2559 5288 2655 5344 per
2674 5271 2891 5342 aliquod
2913 5271 3172 5327 delictum
3195 5269 3389 5325 anima:
3413 5285 3546 5325 con-

1977 5365 2262 5421 scienliam
2302 5364 2806 5429 commaculaverit,
2854 5363 3056 5418 bonum
3104 5371 3160 5417 et
3201 5364 3545 5419 commodum

1976 5474 2107 5514 esse
2154 5457 2220 5511 ad
2266 5456 2698 5512 misericordiam
2746 5453 3041 5525 confugere
3077 5472 3092 5520 ;
3122 5456 3268 5526 quod
3319 5457 3364 5512 si
3402 5454 3548 5515 Elius

1980 5547 2292 5620 praeclarus
2342 5545 2527 5610 fuerit,
2567 5553 2664 5598 aut
2718 5545 2772 5598 in
2820 5544 3016 5613 spiritu
3076 5553 3131 5599 et
3181 5548 3379 5598 \‘il'lttte
3418 5543 3547 5600 Elia:

1978 5650 2213 5707 magnus
2262 5634 2352 5689 ille
2389 5633 2533 5689 inter
2566 5633 2707 5690 lilios
2740 5633 3053 5698 mulierum,
3075 5640 3169 5685 aut
3212 5631 3425 5696 Petrus,
3455 5641 3547 5687 aut

1979 5727 2214 5794 Paulus,
2272 5736 2367 5783 aut
2395 5724 2666 5793 Joannes,
2707 5733 2802 5782 aut
2845 5726 3042 5797 aliquis
3087 5726 3227 5782 alius
3273 5741 3336 5781 ex
3375 5727 3443 5781 iis
3482 5727 3552 5785 de
