4018 6356
191 357 336 416 1135

1175 357 1265 415 DE
1312 356 1668 415 ORATIONE
1704 353 2053 412 DOMINICA.
2097 386 2168 397 -ο
2229 357 2490 412 ORATIO
2547 359 2606 412 ν.

3362 360 3502 417 H86

277 474 516 547 Ἐπειδὴ
544 475 693 547 γὰρ,
725 474 909 540 καθώς
937 492 1102 549 φησιν
1136 477 1165 530 ό
1209 475 1564 542 Ἀπόστολος,
1600 477 1671 530 ἐν
1724 474 1806 540 τῷ

1980 470 2255 538 Quoniam
2284 475 2456 538 enim,
2506 482 2567 527 ut
2604 474 2784 544 inquit
2838 471 3155 544 Apostolus,
3204 489 3503 544 omnes”

207 570 400 639 Ἀδὰμ
433 567 676 636 πάντες
707 567 1180 638 ἀποθνήσκομεν
1204 609 1219 633 ,
1266 565 1405 623 εἶναι
1434 572 1698 641 προσήκει
1736 566 1813 637 τῷ

208 663 389 734 Ἀδὰμ
422 663 523 717 ἐπὶ
571 664 641 734 τῇ
685 662 948 734 μετανοίᾳ
1006 662 1321 733 πρέπουσαν
1374 660 1558 731 φωνὴν
1596 661 1813 715 πάντων

194 756 309 810 τῶν
359 756 572 827 ἐκείνῳ
608 755 1047 826 συντεθνηκότων
1073 794 1087 818 ,
1124 754 1201 819 ὼς
1258 754 1323 807 ἂν
1370 757 1470 824 τῆς
1507 753 1813 825 ἀμνηστίας

200 851 337 918 ἡμῖν
372 848 489 902 τῶν
542 847 1036 919 πλημμελημάτων
1070 846 1349 919 δοθείσης,
1409 848 1591 918 χάριτι
1653 847 1814 901 πάλιν

202 941 311 993 ὑπὸ
335 940 435 994 τοῦ
465 940 690 1011 Κυρίου
727 938 1055 1009 σωθείημεν,
1084 938 1265 1003 καθώς
1296 956 1459 1009 φησιν
1491 940 1519 991 ό
1556 939 1813 992 Ἀπόστο-

203 1030 316 1096 λος.
350 1032 527 1086 Ἀλλὰ
566 1032 740 1086 ταῦτα
769 1032 866 1102 μὲν
913 1032 1162 1102 εἴρηται,
1195 1031 1270 1093 ὡς
1308 1030 1374 1084 ἄν
1397 1048 1478 1094 τις
1517 1030 1607 1084 τὸν
1640 1031 1815 1085 κοινό-

204 1139 366 1194 τερον
398 1121 731 1176 ἐπισκοπῶν
763 1122 921 1191 λόγον
940 1163 954 1187 ,
982 1121 1043 1174 τὸ
1082 1120 1443 1192 προκείμενον
1466 1118 1812 1191 θεωρήσειεν.

207 1216 272 1269 Ei
296 1212 353 1268 δέ
386 1232 478 1280 τις
509 1215 617 1286 τὴν
653 1214 826 1285 ἀληθῆ
871 1212 965 1266 τοῦ
1018 1214 1263 1284 ῥήματος
1314 1211 1501 1283 ζητοίη
1538 1213 1811 1267 διάνοιαν·

206 1306 309 1359 οὐκ
334 1302 498 1377 οἶμαι
530 1305 726 1377 χρείαν
757 1307 843 1375 ἐφ’
874 1307 1006 1376 ἡμῖν
1037 1301 1176 1359 εἶναι
1200 1347 1215 1373 ,
1257 1305 1392 1378 πρὸς
1424 1305 1484 1358 τὸ
1514 1305 1689 1359 κοινὸν
1716 1307 1815 1376 τῆς

210 1397 432 1466 φύσεως
468 1396 768 1467 ἀναφέρειν
814 1397 912 1468 τὴν
952 1396 1161 1450 ἔννοιαν
1185 1415 1199 1432 -
1234 1397 1392 1467 ἱκανὴ
1423 1397 1533 1467 γὰρ
1566 1396 1598 1466 ἡ
1637 1396 1817 1449 συνείς-

209 1490 367 1559 εησις
408 1493 475 1543 ὲκ
506 1491 623 1543 τῶν
669 1490 885 1561 ἑκάστῳ
934 1489 1282 1562 βεϐιωμένων
1319 1490 1625 1559 ἀναγκαίαν
1664 1491 1818 1560 ποιή-

214 1583 415 1636 σασθαι
447 1582 550 1635 τοῦ
597 1582 748 1635 ὲλέου
776 1583 875 1654 τὴν
902 1582 1139 1653 αἴτησιν.
1188 1582 1491 1646 Πολυειδῶς
1526 1582 1633 1654 γὰρ
1674 1582 1816 1636 κατά

210 1674 302 1726 τὸν
349 1674 470 1746 βίον
506 1672 700 1727 τοῦτον
734 1675 831 1744 τῆς
871 1674 1016 1745 ζωῆς
1063 1675 1195 1745 ἡμῖν
1232 1676 1634 1747 ἐνεργουμένης
1660 1694 1675 1708 ⁶
1718 1677 1819 1746 τῆς

217 1766 315 1837 μὲν
344 1766 493 1819 κατά
515 1765 698 1837 ψυχὴν
729 1768 821 1819 καὶ
844 1767 1103 1827 διάνοιαν,
1126 1767 1225 1838 τῆς
1250 1766 1306 1821 δὲ
1328 1767 1469 1821 κατὰ
1500 1768 1600 1832 τάς
1622 1770 1815 1841 αἰσθή-

217 1874 330 1921 σεις
385 1858 484 1911 τοῦ
539 1857 797 1929 σώματος
829 1874 841 1887 ·
898 1857 1174 1924 δύσκολον,
1236 1859 1268 1930 ἢ
1327 1860 1422 1913 καὶ
1469 1862 1814 1916 παντάπασιν

215 1952 504 2023 ἀμήχανον
548 1945 729 2014 εἶναι,
769 1950 843 2022 μὴ
895 1950 974 2004 ἑνί
1012 1968 1119 2004 τινι
1161 1951 1299 2022 πρὸς
1346 1953 1618 2024 ἁμαρτίαν
1652 1953 1813 2007 πάθει

218 2041 638 2113 συνενεχθῆναι,
665 2037 776 2093 οἷόν
809 2059 860 2094 τι
898 2040 1072 2109 λέγω·
1104 2039 1215 2112 Τῆς
1247 2042 1651 2115 ἀπολαυστικῆς
1688 2044 1817 2098 ταύ-

214 2146 317 2203 της
354 2131 458 2201 τῆς
492 2131 642 2185 κατά
676 2132 734 2184 τὸ
770 2131 928 2201 σῶμα
964 2131 1109 2202 ζωῆς
1154 2131 1615 2206 ἑπιμεριζομένης
1656 2135 1815 2206 ἡμῶν

217 2228 338 2289 ταῖς
368 2226 686 2298 αίσθήσεσι,
729 2228 828 2297 τῆς
860 2226 917 2279 δὲ
946 2227 1087 2280 κατὰ
1118 2226 1317 2299 ψυχὴν,
1360 2229 1417 2281 ἐν
1452 2232 1516 2302 τῇ
1565 2231 1665 2301 τῆς
1700 2231 1815 2284 δια-

219 2317 367 2381 νοίας
402 2320 554 2390 ὁρμῇ
604 2317 1021 2388 θεωρουμένης,
1061 2319 1154 2371 καὶ
1212 2321 1270 2371 ἐν
1320 2322 1385 2392 τῇ
1452 2323 1666 2393 κινήσει
1717 2325 1815 2394 τῆς

224 2412 644 2482 προαιρέσεως·
677 2410 761 2475 τίς
813 2404 969 2476 οὗτος
997 2412 1199 2483 ὑψηλός
1236 2431 1294 2466 τε
1339 2417 1431 2468 καὶ
1472 2416 1818 2487 μεγαλοφυὴς

222 2499 300 2571 τῷ
331 2501 672 2571 φρονήματι,
719 2501 794 2562 ὡς
838 2500 903 2553 δι’
944 2502 1270 2571 ἀμφοτέρων
1306 2502 1410 2570 ἔξω
1442 2506 1693 2572 γενέσθαι
1723 2508 1816 2560 τοῦ

225 2590 366 2644 κατὰ
414 2590 622 2644 κακίαν
659 2590 1042 2660 μολύσματος;
1091 2593 1185 2656 Τίς
1230 2595 1371 2648 κατὰ
1420 2595 1509 2648 τὸν
1541 2597 1818 2667 ὀφθαλμὸν

225 2680 616 2752 ἀναμάρτητος
636 2697 651 2745 ;
671 2680 761 2745 Τίς
793 2682 934 2736 κατὰ
957 2684 1059 2754 τὴν
1094 2684 1263 2754 ἀκοὴν
1287 2686 1690 2753 ἀνυπεύθυνος;
1722 2689 1817 2750 Τίς

225 2775 323 2843 τῆς
351 2773 815 2846 βοσκηματώδους
846 2777 1051 2847 ταύτης
1097 2777 1237 2830 κατὰ
1272 2778 1363 2832 τὸν
1401 2778 1596 2849 λαιμὸν
1624 2782 1818 2853 ἡδονῆς

228 2866 543 2939 ἀλλότριος;
580 2868 677 2931 Τίς
715 2871 781 2937 τῇ
816 2868 927 2939 ἁφῇ
957 2867 1055 2938 τῆς
1105 2869 1247 2923 κατὰ
1271 2869 1367 2940 τὴν
1416 2872 1687 2942 ἁμαρτίαν
1720 2873 1817 2926 λα-

230 2956 330 3027 σῆς
360 2958 701 3030 καθαρεύει;
735 2958 832 3022 Τίς
874 2961 974 3011 οὐκ
1003 2955 1142 3013 οἶδεν
1174 2960 1239 3015 τὸ
1277 2960 1502 3031 αἴνιγμα
1534 2964 1633 3033 τῆς
1680 2965 1820 3035 Γρας

232 3048 337 3120 φῆς
355 3049 630 3119 λεγούσης
647 3066 662 3082 ·
681 3049 785 3104 Διὰ
805 3048 923 3103 τῶν
948 3050 1206 3119 θυρίδων
1227 3053 1690 3121 εἰσεληλυθέναι
1712 3056 1821 3109 τὸν

1921 565 2187 619 Adamum
2241 568 2598 633 morimur“,
2634 566 2905 622 convenit
2954 579 3076 621 eam
3132 581 3323 623 vocem
3378 580 3505 639 quae

1915 654 2188 709 Adamum
2237 656 2460 712 nomine
2516 656 2856 728 paenitentiae
2907 655 3090 720 decet,
3140 669 3500 713 communem

1916 761 2041 801 esse
2072 748 2319 801 ouinium
2346 748 2441 817 qui
2478 763 2603 802 cum
2632 747 2725 801 illo
2758 746 2962 805 mortui
2995 755 3162 811 sunt,
3192 755 3276 812 ut,
3304 735 3504 815 quem-

1917 837 2214 893 admodum
2261 840 2337 893 ait
2370 840 2691 911 Apostolus,
2744 838 3044 894 abolitione
3083 847 3139 896 et
3176 839 3503 909 impunitate

1914 929 2246 985 delictorum
2282 934 2445 988 nobis
2474 947 2761 996 concessa,
2810 947 2908 1003 per
2939 930 3171 1001 gratiam
3229 948 3427 988 rursus
3468 947 3501 988 a

1924 1021 2156 1078 Domino
2186 1039 2488 1080 servatam.
2535 1025 2641 1080 Sed
2677 1025 2792 1080 haec
2825 1026 3046 1096 quidem
3090 1024 3316 1097 perinde
3353 1025 3501 1081 dicta

1916 1124 2074 1182 sunt,
2098 1130 2163 1171 ac
2191 1117 2236 1171 si
2268 1118 2394 1187 quis
2421 1118 2687 1172 rationem
2718 1119 2898 1189 magis
2938 1132 3288 1174 communem
3324 1117 3498 1187 inspi-

1918 1208 2089 1275 ciens,
2108 1210 2451 1279 propositam
2475 1224 2588 1265 rem
2612 1209 2926 1265 consideret
2952 1227 2971 1263 :
3000 1208 3145 1280 quod
3190 1208 3236 1263 si
3267 1207 3395 1279 quis
3410 1222 3503 1263 ve-

1917 1314 2036 1354 ram
2068 1301 2221 1356 verbi
2240 1302 2573 1356 sententiam
2604 1302 2831 1370 quaarit,
2850 1316 2965 1356 non
2993 1301 3191 1372 opinor
3218 1315 3355 1370 Opus
3374 1315 3503 1356 esse

1916 1393 1974 1447 in
2003 1393 2160 1448 nobis
2190 1392 2255 1447 ad
2285 1407 2633 1447 communem
2669 1400 2922 1447 naturam
2955 1391 3166 1448 referre
3214 1391 3504 1462 cogitatio-

1923 1492 2297 1555 nem:potest
2317 1486 2466 1540 enim
2514 1501 2614 1540 sua
2664 1486 2938 1555 cujusque
2984 1485 3111 1539 vita:
3161 1483 3503 1539 conscientia

1922 1578 2293 1632 necessariam
2333 1576 2517 1633 facere
2552 1579 2948 1636 misericordia:
2980 1583 3319 1653 petitionem.
3362 1581 3503 1637 Cum

1920 1668 2068 1722 enim
2100 1667 2261 1721 vitaa
2298 1668 2460 1723 nobis
2493 1668 2547 1721 in
2578 1670 2681 1723 hoc
2717 1674 2921 1725 saeculo
2942 1671 3096 1727 varie
3140 1670 3503 1725 multiformi-

1921 1764 2118 1827 terque
2170 1759 2456 1829 exigatur;
2515 1761 2620 1814 alia
2672 1761 2896 1831 quidem
2949 1763 3105 1831 juxta
3158 1764 3406 1818 animum
3449 1770 3506 1819 et

1921 1859 2181 1912 mentem,
2203 1852 2310 1905 alia
2334 1867 2462 1907 vero
2493 1853 2797 1907 secundum
2838 1870 3038 1910 sensus
3073 1858 3362 1926 corporis:
3386 1855 3501 1911 dif-

1920 1942 2255 2005 liculter,aut
2278 1945 2440 1998 etiam
2468 1946 2693 1998 omnino
2714 1946 2828 2000 fieri
2860 1961 2967 2001 non
2992 1948 3427 2017 possearbitror,
3446 1958 3508 2003 ut

1921 2048 2033 2090 non
2053 2032 2176 2090 cum
2208 2051 2319 2090 uno
2346 2036 2528 2106 aliquo
2546 2036 2739 2092 affectu
2760 2038 2881 2108 quis
2898 2040 2954 2093 in
2974 2046 3254 2110 peceatum
3276 2041 3506 2103 labatur.

1921 2128 2084 2196 quale
2112 2128 2241 2197 quid
2273 2129 2506 2199 exempli
2542 2130 2716 2198 gratia
2766 2130 2937 2185 affero
2975 2132 3030 2185 in
3063 2133 3301 2187 medium
3332 2131 3505 2186 :Cum

1922 2220 2040 2275 bare
2085 2223 2194 2276 vita
2241 2238 2349 2292 qua
2396 2238 2491 2291 per
2529 2238 2729 2292 corpus
2774 2223 3011 2278 fruimur
3056 2226 3117 2279 in
3174 2239 3372 2280 sensus
3412 2239 3509 2278 no-

1908 2311 2072 2370 stros
2125 2315 2424 2378 dividatur,
2477 2329 2541 2369 ea
2588 2330 2717 2370 vero
2752 2330 2876 2385 qua:
2907 2317 3215 2371 secundum
3260 2318 3505 2371 animum

1924 2394 2169 2476 exigitur
2204 2406 2257 2460 in
2300 2408 2505 2463 utentis
2543 2408 2750 2477 impetu
2783 2415 2839 2462 et
2872 2418 3023 2461 metu
3074 2408 3264 2464 liberm
3304 2410 3507 2463 volun-

1925 2497 2058 2551 tatis
2089 2496 2498 2559 consideretur,
2543 2496 2671 2565 quis
2701 2495 2840 2551 adeo
2872 2511 3073 2567 magno
3100 2506 3264 2568 atque
3288 2499 3510 2554 excelso

1925 2586 2129 2648 animo,
2157 2586 2285 2655 quis
2314 2595 2468 2640 tanta
2519 2588 2812 2655 prudentia
2867 2586 3150 2656 praeditus,
3199 2591 3326 2657 quis
3368 2589 3507 2643 tanti

1925 2678 2156 2748 spiritus
2185 2685 2292 2741 est,
2351 2686 2413 2731 ut
2448 2692 2544 2747 per
2576 2691 2867 2748 utramque
2893 2681 3016 2733 vita:
3037 2681 3309 2735 rationem
3349 2681 3512 2735 vitio-

1926 2769 2106 2824 sitatis
2163 2783 2228 2823 ac
2274 2769 2495 2824 malitia:
2538 2771 2920 2839 contagionem
2964 2782 3022 2825 et
3076 2771 3508 2842 inquinationem

1924 2862 2179 2932 elfugiat?
2213 2862 2358 2929 quis,
2394 2861 2537 2931 quod
2564 2866 2630 2916 ad
2660 2863 2880 2917 oculum
2909 2864 3124 2930 attinet,
3152 2879 3354 2935 expers
3382 2882 3512 2936 pec-

1926 2956 2031 3009 cati
2074 2953 2356 3026 est?quis,
2376 2955 2520 3024 quod
2550 2954 2615 3009 ad
2649 2955 2898 3010 auditum
2945 2957 3163 3020 attinet,
3208 2958 3512 3013 innoxius?

1927 3050 2052 3120 quis
2077 3049 2143 3103 ab
2181 3049 2284 3103 hac
2332 3048 2550 3103 bestiali
2600 3048 2741 3117 gulae
2772 3049 3053 3119 voluptate
3085 3050 3341 3105 alienus?
3388 3032 3515 3121 quis

234 3142 529 3208 Odrator;
566 3141 680 3205 Τὰς
716 3142 826 3213 γὰρ
852 3142 1133 3213 αἰσθήσεις
1159 3186 1173 3210 ,
1202 3144 1269 3198 δι’
1311 3137 1386 3198 ὧν
1416 3146 1756 3202 ἐκπίπτουσα
1784 3151 1817 3220 ἡ

1929 3150 2076 3196 tactu
2114 3157 2286 3211 purus
2315 3150 2367 3195 et
2400 3155 2610 3195 vacuus
2646 3141 2715 3195 ali
2749 3142 3041 3197 occasione
3079 3143 3326 3211 peccati?
3377 3141 3514 3209 Quis

232 3233 375 3305 ψυχὴ
407 3235 546 3307 πρὸς
574 3233 643 3287 τὰ
671 3234 870 3299 ἔξωθεν
900 3235 1201 3305 πράγματα
1253 3236 1361 3290 τῶν
1410 3238 1551 3294 κατά
1596 3239 1822 3314 γνώμην

234 3325 725 3396 ἀντιλαμϐάνεται,
766 3323 986 3394 θυρίδας
1043 3327 1075 3397 ἠ
1124 3326 1164 3378 Γ
1169 3327 1315 3398 ραφὴ
1357 3334 1820 3400 προσηγόρευσεν,

232 3417 300 3480 ἃς
327 3418 595 3472 ὁδοποιεῖν
621 3416 698 3488 τῷ
742 3415 958 3488 θανάτῳ
1006 3418 1106 3487 τὴν
1144 3418 1349 3472 εἴσοδον
1392 3422 1421 3474 ὁ
1455 3421 1628 3489 Λόγος
1670 3423 1822 3491 φησί.

236 3510 325 3581 Τῷ
353 3511 469 3565 δντι
500 3510 615 3580 γὰρ
638 3508 845 3564 πολλῶν
880 3509 1127 3564 θανάτων
1153 3512 1356 3576 εἴσοδος
1376 3514 1585 3582 γίνεται
1626 3516 1825 3571 πολλά-

237 3620 322 3667 κις
348 3605 377 3658 ὁ
400 3604 681 3676 ὀφθαλμὸς
700 3645 714 3669 ,
743 3607 772 3658 ὁ
811 3603 1153 3675 θυμούμενον
1181 3605 1395 3676 βλέπων
1419 3651 1433 3671 ,
1470 3610 1565 3663 καὶ⁸
1599 3612 1735 3681 πρὸς
1762 3613 1824 3666 τδ

240 3692 351 3745 ἴσον
406 3693 584 3758 πάθος
640 3694 1122 3765 ἀντεγειρόμενος’
1184 3696 1217 3767 ἢ
1260 3697 1639 3770 εὐημεροῦντα
1692 3704 1823 3774 παρ’

238 3782 412 3850 ἀξίαν,
442 3785 538 3838 καὶ
564 3784 644 3849 εἰς
678 3782 872 3852 φθόνον
901 3783 1231 3855 φλεγόμενος
1259 3802 1272 3815 ·
1304 3787 1337 3857 ἢ
1368 3787 1823 3863 ὐπερηφανούμε-

239 3894 347 3941 νον,
385 3880 479 3933 καὶ
529 3877 665 3948 πρὸς
706 3879 867 3947 μῖσος
910 3878 1292 3949 ἑκπίπτων’ἧ
1338 3897 1463 3934 τινα
1494 3883 1825 3954 εὐχροοῦσαν

242 3968 405 4042 ὓλην,
446 3972 479 4043 ἦ
522 3970 617 4025 ἐπὶ
663 3969 879 4041 μορφῆς
926 3970 1297 4042 εὐφυεστέραν
1347 3972 1673 4038 διάπλασιν,
1731 3977 1826 4029 καὶ⁸

241 4060 356 4125 ὅλος
386 4063 523 4134 πρὸς
559 4061 661 4135 τὴν
694 4060 789 4114 τοῦ
820 4060 1117 4132 ἀρέσαντος
1146 4061 1442 4133 ἐπιθυμίαν
1478 4065 1825 4120 κατολισθαί-

241 4169 366 4207 νων.
402 4154 592 4217 Οὕτως
618 4153 826 4221 ἀνοίγει
864 4152 941 4223 τῷ
974 4152 1190 4224 θανάτῳ
1219 4154 1315 4217 τὰς
1347 4154 1566 4227 θυρίδας
1603 4158 1666 4212 τὸ
1711 4154 1823 4225 οὖς,

242 4244 308 4297 δι’
331 4238 406 4299 ὧν
433 4244 626 4299 ἀκούει
645 4286 660 4312 ,
683 4243 856 4297 πολλά
896 4243 1043 4316 πάθη
1070 4246 1161 4298 ἐπὶ
1187 4246 1284 4318 τὴν
1320 4246 1500 4319 ψυχὴν
1530 4252 1830 4323 παραδέχε-

245 4351 332 4389 ται
351 4375 366 4400 ,
391 4337 557 4406 φόϐον
581 4378 596 4403 ,
631 4336 830 4407 λύπην,
854 4335 1024 4406 θυμὸν
1049 4376 1064 4401 ,
1093 4337 1307 4408 ἡδονὴν,
1338 4339 1634 4412 ἐπιθυμίαν
1652 4382 1675 4407 ,
1708 4344 1827 4401 διά-

238 4445 399 4497 ίχυσιν
429 4430 667 4500 γέλωτος
685 4467 701 4493 ,
731 4429 826 4481 καὶ
851 4428 919 4481 τὰ
948 4428 1191 4484 τοιαῦτα.
1231 4430 1295 4483 Ἦ
1332 4430 1389 4485 δὲ
1419 4434 1561 4488 κατὰ
1583 4435 1681 4507 τὴν
1709 4437 1831 4507 γεῦ-

1929 3238 2103 3290 ncscit
2134 3235 2478 3289 involucrum
2516 3240 2570 3288 et
2622 3235 2855 3305 aenigma
2915 3234 3213 3304 Scriptura:
3250 3235 3512 3305 dicentis,

1926 3328 2072 3399 quod
2121 3344 2218 3398 per
2273 3326 2542 3383 fenestras
2591 3343 2740 3383 mors
2802 3328 3051 3397 ingressa
3087 3330 3262 3383 sit“?
3309 3330 3517 3386 Sensus
3597 3326 3603 3333 ’

1926 3422 2094 3483 enim,
2125 3436 2222 3489 per
2254 3436 2395 3489 quos
2425 3420 2643 3473 animus
2701 3419 2951 3474 eminens
2979 3430 3033 3474 et
3082 3421 3153 3475 ad
3189 3436 3278 3475 res
3334 3430 3518 3477 exter-

1929 3532 2029 3570 nas
2065 3529 2188 3568 sese
2230 3528 2495 3568 exercens
2541 3526 2603 3565 ea
2654 3527 2777 3579 quae
2826 3512 3047 3581 placent
3087 3514 3284 3582 arripit
3328 3523 3382 3569 et
3419 3530 3517 3585 ap-

1927 3604 2231 3674 prehendit,
2310 3603 2581 3657 fenestras
2645 3599 2930 3677 Scriptura
2984 3603 3300 3672 ap;:el|avit,
3374 3621 3516 3675 quas

1928 3696 2122 3753 Sermo
2136 3695 2294 3751 morti
2311 3679 2516 3749 aditum
2536 3692 2840 3764 patefacere
2856 3695 3147 3753 dicit.i\‘am
3166 3711 3353 3753 revera
3374 3700 3518 3753 mni-

1927 3791 2000 3847 tis
2029 3805 2171 3860 saepe
2202 3789 2474 3842 mortibus
2500 3786 2814 3841 introeundi
2861 3788 3017 3843 locus
3045 3789 3244 3845 oculus
3273 3790 3517 3851 exsistit.

1927 3884 2056 3939 dum
2081 3884 2165 3938 vel
2192 3883 2522 3937 irascentem
2572 3881 2744 3947 videt,
2800 3887 2861 3937 et
2912 3881 2979 3935 ad
3021 3882 3271 3937 eamdem
3326 3891 3518 3938 contra

1927 3975 2395 4049 perturbationem
2457 3974 2743 4037 incitatur,
2822 3974 2905 4027 vel
2969 3989 3232 4045 prospera
3296 3974 3517 4031 fortuna

1926 4077 2125 4139 praeter
2154 4067 2406 4122 meritum
2460 4074 2723 4129 utentem,
2779 4073 2833 4119 et
2870 4067 2927 4121 in
2983 4066 3245 4120 invidiam
3285 4066 3520 4122 exarde-

1928 4162 2034 4216 scit
2067 4180 2080 4216 :
2108 4160 2191 4215 vel
2225 4160 2650 4231 superbientem,
2688 4160 2821 4213 etin
2846 4158 3033 4213 odium
3069 4160 3215 4221 ruit;
3268 4159 3354 4215 vel
3413 4160 3518 4213 ali-

1929 4269 2094 4324 quam
2154 4254 2438 4307 materiam
2472 4252 2601 4307 boni
2639 4253 2865 4318 coloris,
2922 4251 3358 4307 dexterioremve
3402 4252 3519 4307 oris

1930 4361 1994 4399 ac
2029 4344 2217 4399 formae
2248 4344 2500 4413 figuram,
2541 4352 2594 4397 et
2645 4352 2793 4398 totus
2829 4343 2895 4398 ad
2921 4343 3427 4414 concupiscendum
3465 4344 3520 4397 id

1933 4436 2077 4506 quod
2107 4434 2373 4506 placuerit
2407 4434 2701 4489 delabitur.
2736 4433 2809 4487 ita
2852 4434 3004 4487 auris
3051 4434 3214 4486 morti
3250 4432 3521 4489 fenestras

253 4534 336 4572 σιν
365 4521 670 4587 ἀπόλαυσις
693 4561 710 4587 ,
748 4520 967 4591 μήτηρ,
1006 4519 1083 4585 ὡς
1114 4520 1181 4576 ἂν
1209 4520 1352 4575 εἴποι
1395 4540 1514 4589 τις,
1552 4526 1664 4580 τῶν
1705 4529 1822 4584 καθ’

1938 4529 2135 4601 aperit,
2167 4535 2221 4582 et
2249 4543 2346 4598 per
2378 4543 2439 4583 ea
2476 4543 2599 4597 quae
2630 4526 2782 4581 audit
2810 4525 3015 4580 multos
3049 4524 3276 4579 affectus
3294 4524 3369 4578 ad
3401 4526 3522 4579 ani.

250 4610 480 4667 ἕκαστόν
506 4614 623 4667 ἔστι
643 4613 830 4666 κακῶν
854 4630 867 4643 ·
895 4611 979 4676 τίς
1000 4612 1111 4683 γὰρ
1136 4613 1236 4668 οὐκ
1265 4610 1425 4680 οἶδεν,
1448 4617 1528 4671 ὃτι
1553 4620 1678 4691 ῥίζα
1707 4639 1830 4693 σχε-

248 4702 337 4757 δόν
366 4707 482 4760 ἐστι
508 4705 617 4760 τῶν
641 4706 770 4777 περὶ
794 4706 885 4760 τὸν
920 4705 1040 4776 βίον
1068 4705 1556 4780 πλημμελημάτων
1579 4752 1595 4777 ,
1622 4716 1655 4785 ή
1703 4719 1830 4789 περὶ

252 4795 340 4849 τὸν
364 4796 558 4870 λαιμὸν
578 4798 839 4868 ἀσχολία;
869 4796 1087 4869 Ταύτης
1115 4797 1224 4871 γὰρ
1247 4799 1543 4874 ἐξήρτηται
1563 4807 1595 4877 ή
1625 4809 1826 4882 τρυφὴν

255 4884 287 4951 ἡ
334 4886 501 4958 μέθη,
528 4889 562 4958 ἡ
598 4886 1012 4959 γαστριμαργία
1033 4927 1048 4952 ,
1082 4889 1114 4958 ή
1146 4889 1274 4961 περ)¹
1303 4891 1403 4961 τὴν
1426 4892 1641 4967 δίαιταν
1683 4899 1828 4952 ἀσω-

228 4974 376 5041 τία,
419 4979 455 5049 ἡ
502 4977 805 5050 πληθώρα,
846 4977 875 5029 ὁ
916 4977 1111 5048 κόρος,
1150 4981 1178 5033 ὀ
1208 4980 1429 5050 κῶμος,
1492 4986 1524 5054 ἡ
1556 4988 1836 5061 κτηνώδης

261 5066 351 5117 καὶ
395 5066 586 5138 ἄλογος
620 5070 750 5138 περὶ
805 5068 873 5120 τά
923 5066 1071 5139 πάθη
1123 5070 1221 5140 τῆς
1269 5071 1497 5142 ἀτιμίας
1531 5081 1834 5152 καταφορὰ.

272 5154 497 5226 Ὁμοίως
521 5161 556 5232 ἡ
584 5160 726 5214 κατά
754 5160 851 5233 τὴς)
873 5160 1019 5232 ἁφὴν
1054 5160 1305 5234 αἴσθησις
1324 5204 1338 5226 ,
1364 5164 1581 5221 πάντων
1611 5169 1837 5241 ἔσχατον

261 5246 364 5301 τῶν
395 5251 857 5323 ἁμαρτανομένων
892 5251 1007 5305 ἐστί
1031 5268 1043 5281 ·
1082 5253 1261 5307 πάντα
1298 5255 1415 5327 γὰρ
1459 5258 1560 5312 ὅσα
1606 5260 1685 5332 τῷ
1733 5263 1837 5317 σώ-

267 5355 392 5408 ματι
428 5344 578 5415 παρὰ
608 5343 716 5397 τῶν
746 5344 1045 5413 φιληδόνων
1080 5345 1494 5417 ἐπιτηδεύεται,
1546 5352 1646 5423 τῆς
1687 5356 1837 5410 ἀντι-

264 5428 468 5500 λήψεως
500 5435 599 5506 τῆς
654 5436 890 5505 ἀπτικῆς
936 5438 1082 5489 ἐστιν
1143 5437 1589 5511 ἀρρωστήματα,
1644 5438 1719 5499 ὧν
1768 5447 1837 5502 τὰ

268 5522 386 5576 καθ’
415 5525 643 5582 ἕκαστον
689 5527 992 5597 διηγεῖσθαι
1029 5528 1241 5599 μακρὸν
1282 5529 1361 5584 ἂν
1404 5531 1516 5602 εἴη’
1570 5536 1663 5589 καὶ
1714 5538 1837 5592 οὐδὲ

272 5616 470 5685 πρέπον
522 5620 641 5691 ἅμα
696 5622 809 5683 τοῖς
866 5622 1213 5694 σεμνοτέροις
1261 5626 1371 5675 τῶν
1426 5622 1600 5694 λόγων
1660 5646 1837 5703 παρα-

276 5707 531 5774 μιγνύειν,
562 5712 662 5764 ὅσα
683 5710 783 5781 τῆς
814 5712 958 5781 ἁφῆς
994 5712 1110 5765 ἐστι
1137 5716 1588 5787 κατηγορήματα.

337 5820 382 5854 τ’
418 5822 440 5878 ι
476 5825 604 5882 Cor.
639 5841 727 5898 xv,
760 5825 851 5881 22.
926 5825 975 5860 ⁸⁸
1011 5824 1121 5882 Jcr.
1156 5840 1247 5892 ix,
1276 5826 1367 5883 9.1.

1937 4637 2085 4676 mum
2110 4619 2457 4684 transmittit,
2496 4625 2722 4683 metum,
2754 4616 3057 4683 tristitiam,
3085 4617 3241 4679 iram,
3274 4618 3523 4687 volupta-

1932 4722 2069 4780 tem,
2131 4710 2507 4776 cupiditatem,
2566 4709 2737 4764 risum
2794 4707 3051 4772 effusum,
3121 4718 3175 4763 et
3232 4707 3520 4777 ejusmodi.

1939 4805 2111 4860 Porro
2132 4813 2387 4874 gustatus
2423 4803 2696 4873 voluptas,
2736 4810 2929 4866 mater,
2976 4809 3033 4854 ut
3063 4801 3262 4855 dixerit
3295 4802 3520 4872 aliquis,

1939 4895 2276 4967 singulorum
2298 4893 2564 4947 malorum
2591 4899 2674 4946 est
2708 4891 2874 4961 :quis
2928 4892 3072 4946 cnim
3112 4892 3329 4961 ignorat
3376 4892 3520 4962 quiod

1933 4988 2073 5057 gula:
2101 4986 2345 5042 studium
2372 4983 2526 5039 radix
2548 4983 2941 5054 propemodum
2976 4984 3050 5037 sit
3093 4997 3283 5038 eorum
3322 4998 3523 5053 pecca-

1933 5087 2113 5134 torum
2154 5094 2275 5149 quae
2314 5077 2369 5132 in
2420 5077 2527 5131 vita
2572 5075 3034 5130 committuntur?
3084 5076 3168 5130 A'b
3228 5074 3330 5129 hac
3373 5075 3519 5129 enim

1937 5172 2175 5243 pendent
2226 5170 2395 5225 luxus
2426 5178 2592 5239 atque
2637 5168 2865 5231 deliciae,
2912 5167 3174 5231 ebrietas,
3229 5166 3521 5237 ingluvies,

1939 5265 1993 5317 in
2028 5263 2171 5318 victu
2225 5261 2581 5333 prodigalitas
2629 5269 2794 5331 atque
2827 5260 3096 5330 profusio,
3166 5259 3520 5324 abundantia,

1943 5355 2187 5419 satietas,
2246 5353 2597 5416 comessatio,
2646 5351 2897 5408 bestialis
2954 5358 3007 5406 et
3062 5350 3275 5406 ratione
3325 5365 3524 5407 carens

1944 5447 2179 5517 impetus
2232 5445 2299 5501 ad
2329 5446 2459 5500 vitia
2514 5444 2894 5515 ignominiosa.
2953 5441 3222 5498 Similiter
3267 5434 3523 5514 tangendi

1941 5554 2140 5595 sensus
2168 5539 2412 5593 omnium
2440 5544 2787 5609 peccatorum
2816 5543 3120 5591 extremum
3168 5544 3253 5590 est
3289 5554 3303 5589 :
3341 5535 3522 5588 omnia

1942 5630 2088 5685 enim
2122 5645 2246 5701 qua:
2274 5644 2507 5701 corpore
2530 5634 2859 5683 exercentur
2898 5641 2927 5680 a
2969 5625 3339 5681 sectatoribus
3378 5625 3528 5681 volu-

1947 5723 2145 5794 ptatis,
2180 5721 2635 5794 apprehensionis
2678 5736 2799 5793 quae
2847 5727 2994 5774 tactu
3046 5718 3103 5772 tit
3139 5716 3314 5773 morbi
3361 5725 3524 5787 sunt,
