4018 6358
284 364 437 424 ΗΒΘ

1273 377 1361 431 DE
1400 377 1756 434 ORATIONE.
1792 376 2145 433 DOMINICA.
2176 407 2245 418 -—
2280 379 2543 439 ORATIO
2579 382 2644 438 ν.

3438 391 3578 447 “90

283 500 451 540 σκειν
478 487 506 540 6
537 486 739 561 Κύριος
764 489 1179 565 διηγηματικῶς
1214 495 1274 550 τδ
1306 497 1483 569 δόγμα
1521 498 1681 553 τοῦτο
1706 517 1857 572 παρα

1956 544 1961 557 λ
1991 497 2099 552 alio
2135 512 2392 555 sermone
2420 501 2640 565 docere,
2674 516 2769 573 per
2795 503 3016 558 modum
3057 504 3395 562 narrationis
3430 508 3574 561 hanc

278 577 606 651 τιθέμενος,
629 580 757 636 ἔνθα
793 583 1044 654 βασιλεύς
1083 588 1165 652 τίς
1190 589 1337 643 ἐστιν
1366 591 1423 645 ὲν
1446 590 1524 662 τῷ
1560 591 1877 664 διηγήματι,

1988 591 2319 644 sententiam
2360 590 2415 645 in
2446 591 2684 646 medium
2718 591 2951 649 al’ferens
2987 612 3001 649 :
3054 596 3145 650 ubi
3199 611 3294 651 rex
3345 596 3571 666 quidam

277 672 545 743 φοϐερῶς
582 678 1003 749 προκαθήμενος
1024 696 1037 710 ⁸
1067 682 1161 736 καὶ
1190 684 1317 749 τοὺς
1349 685 1567 751 οἰκέτας
1592 689 1672 751 είς
1698 689 1857 760 κρίσιε

1986 679 2044 733 in
2086 682 2407 739 narratione
2435 684 2809 741 introducitur
2838 687 3155 743 terribiliter
3180 703 3280 758 pro
3306 688 3569 744 tribunali

276 765 443 833 ἄγων
467 810 479 831 ,
543 768 638 820 καὶ
687 768 797 821 τῶν
841 774 1306 843 οἰκονομηθέντων
1336 781 1465 849 παρ’
1508 779 1736 834 ἑκάστου
1779 781 1879 851 τὴν

1983 771 2213 839 sedens,
2252 782 2307 827 et
2351 789 2541 830 servos
2577 776 2645 830 ad
2684 777 2954 847 judicium
3008 794 3231 850 cogens.
3278 787 3333 835 et
3375 795 3569 835 eorum

275 858 495 925 γνῶσιν
547 860 841 932 ἐπιζητῶν,
870 864 1281 936 Προσαχοέντος
1317 867 1373 923 δέ
1411 887 1553 933 τινος
1606 872 1714 926 τῶν
1753 890 1857 946 χρε⁴

1980 877 2102 932 quae
2160 865 2542 936 unusquisque
2595 867 3043 927 administrassct
3089 874 3463 943 cognitionem
3513 881 3569 929 et

276 949 601 1017 ωφειλετῶν
628 992 643 1017 ,
693 954 787 1006 καὶ
827 954 1237 1027 φιλανθρωπίας
1266 961 1623 1034 τετυχηκότος
1646 1006 1663 1031 ,
1689 966 1875 1040 ἐπειδὴ

276 1044 619 1114 προσπεσὼν
674 1048 794 1100 ἀντὶ
822 1050 922 1119 τῆς
965 1048 1075 1104 τῶν
1124 1053 1423 1124 χρημάτων
1473 1055 1734 1123 ὲκτίσεως
1776 1060 1875 1132 τὴν

276 1135 567 1206 ἱκετηρίαν
594 1137 964 1209 προσήγαγεν.
994 1135 1112 1194 εἶτα
1139 1142 1280 1197 κατά
1308 1145 1402 1199 τοῦ
1436 1147 1724 1217 ὁμοδούλου
1757 1150 1876 1203 ἐπι-

280 1227 497 1297 μετρίῳ
521 1227 790 1299 ὀφλήματι
813 1231 1022 1300 πικρῶς
1053 1249 1112 1285 τε
1145 1235 1239 1287 καὶ
1264 1235 1490 1308 ἀπηνῶς
1516 1233 1870 1307 διατεθέντος,

269 1317 641 1391 ὀργιζόμενον
672 1321 894 1393 ἐποίησε
930 1325 997 1394 τῇ
1031 1322 1169 1395 πρὸς
1197 1326 1288 1380 τὸν
1319 1327 1603 1399 ὁμόδουλον
1634 1332 1871 1404 ἀπηνεία

272 1410 379 1463 τὸν
412 1409 659 1481 βασιλέα·
702 1413 794 1466 καὶ
831 1416 1131 1485 προσέταξε
1158 1420 1270 1482 τοῖς
1300 1418 1650 1490 βασανισταῖς
1687 1423 1868 1494 πάγχυ

272 1501 451 1555 αὐτὸν
478 1503 577 1573 τῆς
605 1503 698 1557 τοῦ
730 1504 995 1574 βασιλέως
1019 1508 1197 1573 οἰκίας
1246 1510 1628 1584 ἀλλοτριῶσαι,
1661 1515 1753 1569 ἐπὶ
1780 1533 1867 1569 το-

277 1595 475 1650 σοῦτόν
500 1613 558 1649 τε
584 1600 904 1669 παρατεῖναι
930 1599 1031 1672 τὴν
1064 1599 1301 1668 κόλασιν,
1342 1602 1447 1668 ἓως
1485 1604 1550 1658 ἂν
1582 1604 1680 1676 τὴν
1709 1605 1867 1670 ἀξίαν

274 1687 555 1760 τιμωρίαν
582 1689 1041 1763 ἀναποπληρὼσῃ.
1085 1692 1325 1764 ’Δληθῶς
1375 1694 1485 1767 γὰρ
1515 1696 1691 1751 όϐολοί
1722 1697 1866 1761 τινές

273 1782 421 1835 εἰσιν
454 1780 665 1846 ἀτελεῖς
701 1800 760 1836 τε
796 1783 889 1838 καὶ
918 1784 1274 1858 εὐαρίθμητοι
1304 1788 1441 1859 πρὸς
1472 1790 1736 1861 μυριάδας
1768 1808 1863 1844 τα-

1980 957 2339 1025 (ιυαξειίοιιοιη
2372 958 2672 1017 instituens
2696 962 2762 1016 ⁸³.
2795 962 2932 1017 Cum
2966 974 3147 1018 autem
3183 965 3407 1035 quidam
3465 965 3566 1022 de-

1978 1046 2127 1102 bllOl‘
2156 1047 2447 1115 adductus,
2482 1065 2547 1104 ac
2569 1054 2830 1121 quoniam
2861 1054 2929 1110 ad
2957 1070 3134 1126 genua
3157 1058 3413 1114 accidens
3440 1059 3563 1115 loco

1976 1141 2373 1211 persolutionis
2405 1144 2783 1213 pecuniarum,
2818 1147 3120 1217 supplicem
3170 1148 3412 1205 libellum
3461 1152 3562 1206 ob.

1976 1231 2197 1299 tulerat,
2244 1233 2644 1290 humanitatem
2679 1246 3017 1295 consecutus
3065 1249 3234 1305 esset,
3266 1242 3466 1298 deinde
3492 1243 3563 1299 ob

1975 1323 2251 1380 modicum
2281 1325 2529 1382 debitum
2554 1327 2819 1385 adversus
2849 1344 3179 1387 conservum
3205 1333 3405 1390 acerbe
3439 1348 3563 1390 sese

1972 1421 2026 1469 et
2064 1416 2440 1474 inhumaniter
2465 1419 2750 1487 gessisset,
2786 1436 2855 1477 ex
2897 1423 3303 1480 inhumanitate
3365 1425 3562 1481 adver-
3636 1465 3645 1473 ι

1969 1521 2065 1562 sus
2097 1522 2425 1564 conservum
2448 1511 2583 1566 iram
2614 1513 2759 1582 regis
2795 1517 3111 1583 provocavit
3140 1531 3153 1567 :
3179 1516 3273 1586 qui
3301 1518 3560 1587 quasito‘

1969 1595 2123 1653 ribus
2164 1604 2219 1652 et
2283 1600 2584 1656 tortoribus
2643 1604 2907 1673 praecepit
2960 1615 3019 1659 ut
3071 1620 3197 1660 eum
3255 1607 3475 1676 penitus
3527 1623 3558 1663 a

1969 1686 2133 1743 domo
2161 1689 2306 1760 regis
2333 1691 2659 1757 alienarent,
2688 1701 2851 1764 atque
2876 1710 2943 1751 eo
3000 1711 3175 1767 usque
3230 1697 3556 1767 supplicium

1968 1789 2343 1849 prorogarent,
2378 1781 2559 1851 quoad
2593 1783 2820 1840 meritas
2870 1800 3062 1854 pmnas
3120 1786 3384 1843 dedisset.
3417 1786 3556 1842 Nam

268 1867 980 1946 λάντωνπαρατιθέμένοι,
1020 1850 1246 1931 ’τάπῶν
1296 1850 1732 1951 ἀδελφῶίήμῶν
1784 1880 1857 1944 είς

1965 1870 2111 1923 oboli
2140 1872 2362 1940 quidem
2392 1888 2585 1929 revera
2621 1875 2759 1930 viles
2779 1885 2834 1932 et
2865 1886 3153 1933 numeratu
3181 1879 3368 1935 faciles
3402 1889 3555 1948 sunt,

272 1964 430 2035 ἡμᾶς
468 1966 760 2037 ὀφλήματα
806 1969 1090 2040 συγκρίσει
1118 1970 1210 2023 τὸν
1252 1971 1383 2025 Θεὸν
1429 1972 1538 2025 τῶν
1582 1973 1864 2047 ἡμετέρων

270 2056 791 2129 πλημμελημάτων.
855 2061 1036 2131 Ζημία
1097 2060 1316 2127 πάντως
1369 2064 1519 2117 ἐστὶν
1567 2066 1600 2133 ή
1654 2064 1864 2134 ὕϐρεως

271 2150 504 2222 ἀφορμὴ
540 2151 692 2221 παρά
722 2168 867 2216 τινος
896 2153 1237 2223 γεγενημένη
1260 2193 1276 2216 ,
1302 2153 1335 2225 ἢ
1368 2156 1581 2208 οἰκέτου
1610 2158 1795 2221 κακία,
1826 2156 1860 2229 ἢ

273 2241 375 2296 καὶ
413 2244 492 2305 εἰς
543 2243 855 2313 σωματικὸν
898 2243 1125 2299 θάνατον
1157 2246 1444 2319 ἐπιϐουλήο
1476 2244 1594 2301 εἶτα
1627 2250 1692 2303 σὺ
1727 2250 1863 2320 πρὸς

267 2334 377 2405 ¹τὴν
412 2335 621 2406 ἄμυναν
654 2336 858 2392 τούτων
893 2339 951 2392 ὲν
985 2337 1273 2412 φλεγμονῇ
1296 2342 1520 2412 καρδίας
1545 2342 1857 2416 ὲξερεθίξῃ,

267 2425 373 2479 καὶ
420 2427 602 2480 πᾶσαν
641 2426 740 2498 τὴν
781 2426 1024 2481 ὲπίνοιαν
1083 2430 1160 2492 είς
1214 2429 1311 2501 τήν
1350 2430 1456 2485 τῶν
1512 2432 1859 2503 προλελυπη-

264 2512 450 2566 κότων
479 2513 751 2585 τιμωρίαν
779 2516 1084 2587 ἀναζητεῖς,
1124 2517 1185 2570 ού
1221 2517 1431 2592 λογίζῃ⁸
1485 2522 1532 2572 εἰ
1581 2522 1678 2592 μὲν
1727 2522 1863 2593 πρὸς

265 2603 492 2675 οἰκέτην
544 2607 573 2659 ό
624 2605 793 2675 θυμὸς
826 2606 1182 2677 φλεγμαίνοι·
1231 2611 1313 2663 ὅτι
1363 2612 1422 2665 ού
1471 2612 1663 2681 φύσις,
1721 2613 1859 2667 ἀλλά

264 2694 558 2749 δυναστεία
602 2696 738 2768 πρὸς
780 2696 1026 2752 δουλείαν
1074 2716 1133 2752 τε
1171 2702 1266 2754 καὶ
1305 2702 1601 2773 κυριότητα
1656 2703 1717 2756 τὸ
1761 2705 1856 2757 ἀν-

266 2785 546 2857 θρώπινον
594 2786 846 2857 έσχισεη
887 2787 977 2859 Τῷ
1027 2789 1134 2861 γάρ
1187 2789 1458 2863 ἀνθρώπῳ
1508 2792 1779 2846 δουλεύειν
1828 2794 1857 2845 6

262 2874 368 2930 τοῦ
401 2877 601 2941 παντὸς
629 2878 909 2949 οἰκονόμος
936 2879 1033 2950 τὴν
1060 2879 1252 2949 ἄγονον
1278 2882 1439 2951 φύσιν
1466 2884 1631 2953 μόνην
1666 2885 1855 2954 ἐνομο-

260 2963 488 3034 θέτησε,
513 2964 696 3029 καθώς
723 2984 887 3037 φησιν
910 2969 938 3020 ό
967 2970 1277 3038 Προφήτης,
1307 2972 1387 3025 ὄτι
1418 2970 1620 3025 Πάντα
1646 2971 1856 3026 ὑπέτα-

264 3056 384 3123 ξας
411 3057 688 3112 ὑποκάτω
709 3057 829 3112 τῶν
849 3059 1050 3113 ποδῶν
1067 3062 1273 3122 αὐτοῦ.
1299 3065 1562 3131 πρόϐατα
1582 3065 1674 3117 καὶ
1696 3065 1854 3130 βόας

1965 1974 2089 2013 cum
2120 1961 2425 2017 innumeris
2457 1963 2678 2019 talentis
2731 1966 3060 2035 comparati,
3096 1965 3390 2021 adversum
3450 1980 3556 2021 nos

1962 2052 2145 2108 debita
2187 2051 2441 2117 fratrum,
2477 2056 2524 2110 si
2554 2071 2680 2109 cum
2716 2057 2924 2113 nostris
2953 2057 3225 2113 adversus
3258 2056 3425 2112 Deum
3457 2057 3556 2113 de-

1962 2142 2108 2198 lictis
2137 2143 2517 2200 conferantur.
2554 2145 2829 2203 Damnosa
2859 2164 3089 2220 prorsus
3117 2154 3202 2205 e‘st
3227 2149 3307 2204 vel
3336 2148 3553 2219 injurias

1961 2235 2182 2290 occasio
2203 2238 2279 2292 ab
2308 2238 2497 2308 aliquo
2541 2240 2789 2310 praebita,
2845 2241 2927 2296 vel
2981 2242 3126 2297 servi
3154 2241 3425 2313 nequitia,
3462 2243 3551 2299 vel
3614 2296 3619 2303 .

1960 2326 2123 2380 etiam
2154 2328 2368 2384 insidiae
2398 2331 2524 2385 vitae
2556 2332 2830 2401 corporali
2898 2340 3143 2397 structae,
3174 2342 3229 2388 et
3261 2341 3321 2388 tu
3356 2333 3423 2389 ad
3467 2334 3551 2388 ul-

1961 2420 2280 2475 ciscendum
2308 2422 2578 2491 ejusmodi
2624 2423 2972 2513 incommoda
3012 2440 3108 2494 per
3159 2422 3549 2480 inﬂammatio-

1961 2527 2085 2566 nem
2117 2512 2301 2569 cordis
2341 2512 2662 2570 accendet-is
2722 2524 2777 2570 et
2840 2516 3096 2582 irritaris,
3136 2523 3191 2572 et
3248 2515 3385 2571 nihil
3438 2532 3547 2572 non

1959 2604 2399 2660 comminisceris
2439 2614 2493 2660 et
2523 2608 2826 2677 excugitas,
2869 2623 2980 2678 quo
3024 2607 3311 2663 ulciscaris
3366 2622 3463 2664 eos
3516 2622 3546 2662 a

1958 2693 2161 2763 quibus
2189 2694 2391 2763 injuria
2423 2696 2715 2752 lacessitus
2746 2698 2824 2754 sis
2846 2738 2860 2760 ,
2904 2712 3012 2753 non
3063 2699 3275 2769 cogitas
3309 2699 3399 2770 (si
3451 2698 3548 2754 ad-

1957 2801 2152 2842 versus
2176 2802 2393 2841 servum
2437 2789 2694 2843 nimirum
2741 2792 2813 2843 ita
2854 2790 3174 2858 exarseris)
3226 2792 3374 2862 quod
3431 2806 3543 2845 non

1957 2886 2176 2943 natura,
2211 2881 2307 2936 sed
2339 2882 2423 2937 vis
2449 2881 2502 2936 in
2535 2884 2852 2938 servitutem
2892 2884 3099 2954 pariter
3125 2893 3179 2939 et
3206 2885 3543 2939 dominatio-

1956 2984 2079 3024 nem
2113 2985 2285 3040 genus
2338 2971 2639 3026 humanum
2707 2972 2870 3028 scidit
2933 2983 3099 3044 atque
3130 2973 3358 3029 divisit?
3408 2972 3543 3026 Nam

1956 3061 2161 3117 homini
2209 3063 2417 3118 servire
2451 3079 2616 3118 unam
2681 3064 2913 3120 rationis
2948 3073 3226 3135 expertem
3266 3074 3541 3127 naturam,

262 3149 514 3216 ἁπάσας
534 3190 551 3212 ,
583 3151 681 3205 καὶ
724 3150 799 3204 τὰ
824 3154 1065 3206 πετεινὰ
1097 3152 1194 3207 καί
1235 3154 1307 3209 τὰ
1339 3153 1551 3224 κτήνη,
1583 3155 1851 3223 καὶτοὺς

1961 3164 2143 3204 rerum
2197 3152 2579 3207 universarum
2635 3153 3055 3209 administrator
3108 3154 3224 3223 lege
3257 3153 3543 3208 constituit

263 3238 500 3308 ιχθύας.
542 3240 728 3296 Ταῦτά
755 3259 815 3295 τε
847 3244 940 3296 καὶ
965 3242 1128 3297 δοῦλα
1159 3245 1573 3315 προσαγορεύει,
1602 3246 1852 3318 φησάσης

1959 3251 2013 3299 et
2032 3243 2238 3309 sanxit,
2271 3255 2332 3298 ut
2357 3245 2537 3315 inquit
2562 3240 2835 3315 Propheta
2864 3261 2877 3296 :
2905 3245 3099 3300 Omnia
3122 3245 3394 3315 subjecisti
3419 3244 3545 3298 sub-

261 3330 496 3402 ἑτέρωθι
509 3331 610 3402 τῆς
624 3331 1210 3403 προφητείαςοδιὸόντι
1224 3335 1347 3401 τοῖς
1362 3336 1610 3403 κτήνεσι
1626 3337 1857 3406 τροφὴν

260 3421 488 3486 αὐτῶν,
509 3423 603 3477 καὶ
624 3424 820 3493 χλόην
836 3422 912 3493 τῇ
932 3424 1179 3493 δουλείᾳ
1199 3424 1316 3479 τῶν
1329 3427 1671 3495 ἀνθρώπων.
1681 3430 1782 3482 Τὸν
1797 3429 1854 3483 δὲ

262 3514 555 3584 ἄνθρωπον
583 3518 648 3585 τῇ
675 3515 995 3587 αύτεξουσίᾳ
1015 3517 1199 3588 χάριτι
1225 3518 1657 3591 κατεκόσμησεν.
1690 3522 1852 3574 ’Ὥστε

268 3604 340 3658 ’τὸ
372 3602 484 3658 ἴσον
510 3604 623 3675 ἔχει
657 3622 741 3658 σοι
767 3604 845 3676 τῷ
871 3606 970 3677 τῆς
1002 3606 1215 3677 φύσεως
1244 3607 1537 3680 ἀξιώματι,
1567 3612 1596 3663 6
1621 3611 1852 3676 ὑπεζευ-

256 3695 467 3767 γμένος
506 3695 763 3769 συνηθείᾳ
789 3698 885 3751 καὶ
914 3698 1084 3769 νόμῳ,
1116 3699 1240 3753 οὔτε
1285 3701 1435 3771 παρά
1483 3700 1576 3754 σοῦ
1601 3702 1846 3771 γέγονεν,

258 3784 392 3843 οὔτε
411 3789 468 3841 ὲν
496 3788 580 3841 σοὶ
600 3790 690 3860 ζῇ.
718 3788 845 3844 οὔτε
858 3788 960 3852 τὰς
977 3791 1293 3860 σωματικάς
1308 3807 1367 3843 τε
1383 3792 1477 3844 καὶ⁵
1504 3792 1603 3855 τὰς
1613 3792 1852 3864 ψυχικάς

257 3883 367 3953 τῆς
384 3882 558 3952 ψυχῆς
581 3880 861 3953 ἐνεργείας
888 3883 1038 3955 παρά
1068 3882 1162 3936 σοῦ
1179 3882 1361 3937 λαϐὼν
1391 3882 1524 3955 ἔχει.
1554 3885 1619 3938 Τί
1643 3881 1739 3940 οὗν
1769 3886 1853 3940 τδ-

263 3973 457 4027 σοῦτον
477 3973 717 4039 ὲπιζέεις
737 3976 855 4028 κατ’
881 3974 1045 4028 αὐτοῦ
1059 3975 1134 4045 τῷ
1149 3975 1326 4046 θυμῷ,
1342 3975 1477 4047 ῥᾳθυ
1485 3977 1557 4048 μή
1566 3978 1759 4042 σαντός
1775 3995 1852 4031 τι-

255 4080 375 4127 νος,
397 4064 429 4135 ἢ
454 4065 883 4135 ἀποστήσαντος,
908 4065 1094 4135 ἢτάχα
1119 4067 1522 4139 καταφρόνησιν
1549 4068 1848 4140 ἐνδειξαμέ-

256 4174 359 4210 νου
382 4173 461 4209 σοι
481 4155 623 4209 κατά
646 4154 959 4227 πρόσωπον;
981 4155 1109 4209 Δέον
1126 4158 1260 4229 πρὸς
1277 4159 1468 4212 ἑαυτὸν
1488 4158 1724 4230 βλέπειν,
1739 4154 1849 4225 οἷος

257 4250 329 4302 σὺ
379 4247 608 4316 γέγονας
652 4245 732 4317 τῷ
774 4248 1020 4321 Δεσπότῃ
1047 4248 1125 4320 τῷ
1164 4250 1430 4304 πλάσαντι
1472 4267 1533 4305 σε
1576 4252 1670 4306 καὶ
1708 4269 1849 4325 παρ-

256 4340 525 4417 ἀγαγόντι
567 4339 655 4393 διὰ
696 4337 965 4407 γενέσεως
984 4380 998 4405 ,
1049 4342 1145 4395 καὶ
1175 4342 1428 4397 κοινωνόν
1458 4360 1518 4396 σε
1545 4343 1653 4397 τῶν
1685 4346 1744 4398 ὲν
1768 4342 1847 4415 τῷ

255 4434 453 4504 κόσμῳ
484 4432 779 4503 θαυμάτων
816 4435 1138 4505 ποιήσαντι;
1169 4433 1260 4505 Τῷ
1290 4435 1546 4507 προθέντι
1576 4435 1667 4490 τὸν
1697 4437 1847 4508 ἥλιον

1961 3344 2042 3389 ter
2080 3334 2236 3402 pedes
2266 3335 2403 3404 ejus,
2440 3352 2558 3390 oves
2602 3345 2653 3389 et
2685 3335 2835 3391 boves
2869 3340 3179 3399 universas,
3220 3335 3457 3391 volucres
3490 3342 3541 3390 et

1952 3426 2214 3496 iumenta,
2234 3437 2282 3479 et
2321 3427 2489 3493 pisces
2513 3426 2581 3481 “.
2621 3427 2795 3496 Atque
2863 3427 2977 3481 haec
3015 3428 3185 3481 etiam
3242 3441 3406 3481 serva
3442 3440 3542 3493 ap-

1955 3516 2137 3586 pellat,
2176 3530 2300 3570 cum
2355 3516 2408 3569 in
2477 3515 2586 3569 alio
2644 3516 2766 3570 loco
2818 3514 3093 3585 Propheta
3133 3516 3318 3570 dicat:
3376 3514 3544 3570 Πανιιὲ

1964 3605 2238 3675 pecoribus
2270 3606 2581 3660 alimentum
2636 3607 2896 3676 ipsorum,
2958 3616 3008 3660 et
3065 3605 3283 3660 herbam
3325 3605 3539 3660 servitio

1953 3697 2225 3750 hominum
2259 3697 2327 3763 ἠς
2366 3697 2640 3752 hominem
2682 3713 2810 3752 vero
2856 3698 3093 3768 propriae
3124 3712 3190 3753 ac
3221 3698 3404 3753 liberae
3439 3712 3538 3753 vo-

1951 3790 2179 3844 luntatis
2205 3789 2377 3858 gratia
2424 3805 2488 3844 ac
2522 3790 2670 3844 dono
2693 3790 2995 3845 decoravit.
3040 3790 3230 3861 Itaque
3270 3798 3537 3862 quantum

1951 3878 2021 3934 ad
2046 3887 2257 3933 natura:
2285 3879 2603 3950 dignitatem
2623 3879 2838 3941 attinet,
2860 3877 3107 3955 ejusdem
3138 3886 3320 3933 tecum
3343 3879 3537 3934 condi-

1950 3970 2118 4027 tionis
2146 3971 2195 4026 is
2221 3978 2327 4033 est,
2367 3972 2461 4041 qui
2489 3971 2607 4041 lege
2629 3978 2794 4041 atque
2817 3971 3219 4027 consuetudine
3270 3970 3370 4025 tibi
3401 3969 3535 4028 sub-

1951 4061 2103 4119 ditus
2138 4070 2244 4126 est,
2269 4078 2445 4133 neque
2468 4078 2498 4117 a
2530 4071 2581 4118 te
2611 4061 2790 4117 factus
2815 4070 2920 4127 est,
2949 4078 3127 4133 neque
3157 4078 3252 4133 per
3277 4070 3331 4121 te
3361 4062 3536 4129 vivit;

1947 4169 2128 4225 neque
2162 4155 2413 4224 corporis
2443 4156 2649 4224 pariter
2701 4162 2755 4209 et
2789 4153 2958 4208 animi
3014 4152 3285 4208 eﬂicacias
3331 4152 3430 4207 abs
3481 4159 3538 4207 te

1947 4245 2114 4301 habet
2145 4252 2418 4316 acceptas.
2452 4244 2596 4312 Quid
2629 4244 2797 4315 igitur
2831 4244 3101 4301 adversus
3147 4260 3272 4300 eum
3309 4244 3536 4299 iracun-

1945 4338 2036 4393 dia
2070 4345 2358 4409 tantopere
2402 4337 2740 4402 ell'ervescis,
2800 4337 2847 4393 si
2880 4337 3007 4408 quis
3071 4336 3438 4407 negligentior
3478 4343 3535 4391 et

1946 4429 2259 4486 demissiori
2292 4430 2501 4492 animo,
2558 4436 2654 4484 aut
2691 4429 2958 4500 fugitivus
2989 4428 3174 4492 fuerit,
3207 4428 3292 4483 vel
3351 4428 3532 4498 palam

254 4528 341 4590 εἰς
384 4524 705 4591 ἀπόλαυσιν,
756 4526 850 4579 καὶ
896 4526 1074 4589 πάσας
1108 4525 1208 4589 τὰς
1231 4525 1325 4580 τοῦ
1370 4525 1471 4598 ζῇν
1498 4528 1753 4600 ἀφορμὰς
1780 4532 1843 4584 ὲκ

1956 4521 2203 4579 fortassis
2235 4522 2501 4578 adversus
2524 4531 2576 4576 te
2600 4520 3062 4577 contumaciorem
3095 4534 3156 4576 se
3182 4517 3533 4583 exhibuerit,

252 4616 368 4672 τῶν
419 4617 697 4689 στοιχείων
746 4617 1123 4689 χαρισαμένφς
1168 4619 1233 4671 ὲκ
1266 4619 1368 4688 γῆς
1400 4636 1459 4672 τε
1508 4620 1600 4674 καὶ
1642 4622 1841 4693 πυρδῖν

252 4712 357 4767 καὶ
382 4710 563 4783 ἀέρος,
588 4711 681 4765 καὶ
711 4710 930 4778 ὖδατος;
958 4709 1048 4782 Τῷ
1076 4711 1474 4783 παρασχομένῳ
1501 4711 1599 4783 τὴν
1626 4712 1843 4783 διανοη-

248 4802 417 4875 τικὴν
445 4804 624 4875 χάριν,
657 4803 757 4873 τήν
787 4803 1183 4875 ἀντιληπτικὴν
1215 4803 1486 4874 αἴσθησιν,
1516 4804 1612 4875 τὴν
1636 4805 1843 4876 διακριο

248 4893 417 4966 τικήν
440 4893 607 4949 καλοῦ
631 4911 692 4947 τε
721 4894 812 4948 καὶ
838 4894 1079 4966 χείρονος
1106 4895 1443 4965 ἐπιστήμην;
1470 4894 1595 4958 Πῶς
1619 4896 1682 4950 σὺ
1706 4895 1843 4968 πρὸς

248 4984 349 5037 τὸν
399 4981 640 5037 τοιοῦτον
682 4982 959 5054 Δεσπότην
1010 4983 1106 5054 ἔσῃ
1144 4983 1482 5054 καταπειθὴς
1529 4987 1624 5038 καὶ
1663 4986 1837 5057 ἀπρό-

252 5091 492 5140 σκοπτος
515 5092 531 5141 ;
557 5074 670 5128 Ούκ
690 5075 932 5145 ἀπέστης
956 5074 1054 5144 τῆς
1075 5074 1391 5138 δεσποτείας
1413 5091 1426 5139 ;
1461 5077 1575 5129 Οὐκ
1607 5076 1839 5147 ἐδραπέ-

249 5184 452 5230 τευσας
480 5166 617 5239 πρὸς
656 5167 753 5238 τὴν
782 5165 1088 5238 ἀμαρτίαν;
1121 5167 1236 5220 Οὐκ
1263 5165 1577 5237 ἀντηλλάξω
1603 5167 1702 5238 τήν
1740 5184 1839 5221 πο-

249 5256 428 5327 νηράν
463 5256 780 5310 δεσποτείαν
806 5271 819 5321 ;
857 5258 930 5309 Οὐ
962 5256 1024 5309 τό
1049 5273 1113 5325 γε
1147 5256 1239 5309 ἐπὶ
1270 5256 1352 5310 σοι⁵
1382 5257 1587 5329 ἔρημον
1612 5257 1709 5328 τὴν
1741 5256 1836 5311 τοῦ

247 5345 528 5401 Δεσπότου
559 5345 846 5410 κατέλιπες
869 5346 1066 5410 οἰκίαν,
1097 5346 1156 5399 ὲν
1178 5336 1223 5414 ᾧ
1247 5345 1480 5417 ἐτάχθης
1508 5345 1837 5418 ἐργάζεσθαι

248 5440 347 5494 καὶ
379 5438 694 5506 φυλάσσειν,
720 5436 912 5491 τούτου
945 5436 1349 5508 ἀπεφοίτησαςς
1392 5438 1475 5492 Τὰ
1504 5438 1562 5492 δὲ
1604 5438 1835 5493 καταλε-

245 5528 494 5601 λεγμένα
542 5528 1020 5601 πλημμελήματα,
1050 5528 1148 5600 οὐχ
1187 5528 1293 5583 ὑπὸ
1328 5530 1565 5602 μάρτυρι
1606 5529 1685 5601 τῷ
1716 5530 1835 5602 Θεῷ

241 5621 331 5693 τῷ
363 5620 637 5691 πανταχοῦ
669 5621 806 5686 δντι,
839 5623 935 5677 καὶ
964 5623 1140 5677 πάντα
1168 5621 1455 5694 ἐφορῶντι,
1485 5622 1518 5695 ἢ
1550 5623 1833 5695 πράττεις,

1946 4631 2072 4669 cum
2105 4622 2159 4670 te
2188 4615 2368 4684 ipsum
2403 4613 2679 4684 inspicere
2710 4620 2995 4683 oporteat,
3026 4612 3207 4682 qualis
3234 4619 3296 4669 tu
3341 4610 3533 4666 adver-

1942 4720 2039 4761 sus
2071 4702 2362 4760 Dominum
2399 4702 2604 4764 fueris,
2636 4703 2730 4772 qui
2763 4711 2815 4757 te
2869 4701 3145 4765 formavit,
3202 4700 3296 4771 qui
3327 4707 3381 4757 te
3434 4715 3533 4770 per

1944 4799 2286 4853 nativitatem
2323 4797 2606 4868 produxit,
2644 4804 2698 4853 et
2742 4796 3137 4850 miraculorum
3181 4792 3372 4849 mundi
3405 4807 3532 4862 par-

1941 4890 2161 4961 ticipem
2194 4889 2362 4955 fecit;
2410 4891 2504 4960 qui
2553 4889 2723 4945 solem
2766 4887 2834 4942 ad
2881 4886 3175 4942 fruendum
3242 4884 3530 4956 proposuit

1941 4990 1997 5035 et
2032 4997 2096 5036 ex
2131 4981 2422 5036 elementis
2452 4980 2635 5035 omnia
2681 4978 2899 5034 vivendi
2956 4977 3204 5034 subsidia
3272 4974 3525 5044 preebuit,

1940 5086 2004 5127 ex
2048 5081 2216 5134 terra,
2247 5086 2316 5127 ex
2355 5071 2490 5142 igni,
2525 5087 2593 5127 ex
2649 5086 2798 5135 acre,
2832 5078 2886 5124 et
2921 5083 3099 5139 aqua;
3170 5069 3264 5137 qui
3320 5066 3525 5121 donum

1940 5164 2241 5235 cogitandi,
2279 5163 2753 5220 animadvertendi
2781 5160 3238 5232 intelligendique
3261 5157 3524 5228 praebuit;

1939 5256 2035 5326 qui
2071 5255 2515 5328 apprehendendi
2546 5265 2603 5313 et
2643 5255 2976 5313 defendendi
3017 5269 3263 5318 sensum,
3295 5252 3389 5322 qui
3430 5251 3530 5306 bo-

1937 5362 2070 5404 num
2101 5364 2132 5404 a
2165 5348 2310 5403 malo
2342 5347 2689 5405 discernendi
2719 5348 3006 5404 scientiam
3046 5344 3239 5402 dedit?
3264 5343 3358 5414 qui
3406 5341 3523 5397 fieri

1937 5438 2105 5511 igitur
2135 5446 2320 5511 potest
2364 5447 2424 5493 ut
2467 5449 2531 5493 tu‘
2566 5438 2841 5509 ejusmodi
2881 5436 3116 5493 Domino
3152 5434 3400 5497 obedias,
3468 5441 3526 5486 ut

1935 5547 2062 5588 eum
2097 5548 2205 5588 non
2232 5531 2524 5588 offendas?
2552 5545 2621 5587 an
2653 5546 2764 5587 non
2813 5546 2844 5585 a
2876 5530 3161 5587 dominatu
3201 5526 3528 5584 descivisti?

1938 5638 2007 5679 an
2042 5639 2153 5682 non
2186 5623 2255 5681 ad
2286 5632 2575 5699 peccatum
2602 5622 2944 5704 profugisti?
2976 5637 3044 5679 an
3079 5637 3188 5678 non
3214 5618 3522 5692 improbum

322 5802 373 5835 ⁸³
409 5788 604 5859 Matth.
634 5816 771 5857 xvn.
824 5765 896 5834 "‘
931 5800 1082 5860 Psal.
1111 5820 1247 5873 vm,
1277 5803 1333 5859 8.
1392 5804 1439 5839 ⁸⁸
1479 5803 1626 5862 Psal.
1660 5818 1858 5861 csum
1880 5843 1896 5871 ,
1926 5806 1980 5871 8.
