4018 6356
279 441 419 495 nas
1392 405 1477 493 nr.
1502 435 1866 494 BEATITUD]

1978 436 2102 493 lUS.
2136 432 2397 491 ORATIO
2427 437 2469 491 Ι.
3429 429 3565 488 “9‘

283 559 379 628 ροῦ
409 559 710 630 εὐχόμενος
731 599 745 624 ,
779 560 884 625 ἔξω
917 558 1026 612 τῶν
1061 559 1385 630 πειρασμῶν
1425 558 1677 626 γενέσθαι
1708 576 1870 632 παραι

1985 555 2277 610 mundanis
2295 552 2528 625 negotiis
2544 549 2908 607 tentationum
2929 547 3251 604 occasiones
3270 545 3567 609 exsistunt,

277 651 458 706 καλεῖ.
506 653 584 705 Οὐ
639 651 748 724 γὰρ
797 653 864 706 ἄν
914 669 999 716 τις
1043 653 1286 723 καταπίῃ
1329 653 1390 706 τὸ
1435 654 1748 725 ἄγκιστρον,
1803 653 1864 720 μὶ

1987 655 2134 702 recte
2161 653 2217 701 et
2246 645 2642 701 convenienter
2665 641 2760 712 qui
2795 655 2826 696 a
2855 640 3004 696 malo
3027 639 3256 696 liberari
3287 645 3566 710 precatur,

278 743 652 807 κατασπάσας
681 745 739 796 ὲν
764 743 974 814 λιχνείᾳ
997 744 1059 796 τὸ
1087 744 1302 815 δέλεαρ.
1344 744 1480 796 Ἀλλ’
1513 743 1755 814 εἴπωμεν
1785 743 1865 797 κα¹

1993 745 2054 791 ut
2091 736 2491 793 tentationibus
2519 735 2815 801 eximatur,
2841 742 2983 788 orat.
3025 730 3145 787 Non
3168 730 3315 786 enim
3366 729 3568 800 aliquis

279 835 445 905 ἡμεῖς
465 835 805 899 ἀναστάντες
838 835 914 906 τῷ
942 834 1082 905 Θεῷ,
1115 835 1194 888 ὅτι
1229 835 1326 903 Μὴ
1347 836 1696 904 εἰσενέγκῃς
1725 833 1866 904 ἡμᾶς

1992 828 2214 882 hamum
2244 826 2617 890 devoraverit,
2646 824 2751 881 nisi
2784 839 2882 895 per
2925 823 3221 894 ingluviem
3259 835 3441 878 escam
3483 828 3568 875 at-

278 928 368 992 εῑς
405 927 753 996 πειρασμὸν
791 928 1112 998 (τουτέστιν,
1162 930 1242 992 εἰς
1290 927 1359 982 τὰ
1393 927 1489 981 τοῦ
1530 927 1644 998 βίου
1689 928 1859 998 κακὰ)

1994 919 2244 974 traxerit.
2278 916 2482 973 Verum
2541 924 2833 987 surgentes
2883 913 3132 970 dicamus
3165 912 3330 968 etiam
3363 925 3466 965 nos
3499 908 3567 964 ad

281 1018 448 1074 ἀλλὰ
485 1020 681 1088 ῥῦσαι
721 1018 881 1089 ἡμᾶς
932 1019 1049 1074 ἀπὸ
1093 1021 1200 1074 τοῦ
1251 1020 1537 1088 πονηροῦ,
1574 1019 1668 1072 τοῦ
1709 1022 1765 1074 ὲν
1810 1020 1868 1090 τῆ

1996 1011 2164 1065 Deum
2192 1029 2207 1066 :
2242 1009 2328 1065 Ne
2357 1026 2452 1064 nos
2486 1008 2710 1064 inducas
2745 1010 2800 1063 in
2840 1008 3206 1067 mutationem,
3239 1003 3344 1058 hoc
3380 1008 3467 1058 est
3511 1000 3568 1055 in

283 1109 481 1180 κόσμῳ
505 1110 689 1182 τούτῳ
734 1111 833 1182 τὴν
867 1113 1020 1181 ἰσχὺν
1061 1112 1423 1182 κεκτημένου,
1453 1105 1514 1164 οὗ
1548 1110 1870 1182 ῥυσθείημεη

1992 1102 2134 1157 mala
2165 1103 2390 1159 smculi:
2443 1101 2534 1156 sed
2585 1102 2751 1157 libera
2775 1118 2868 1156 nos
2905 1117 2939 1154 a
2997 1098 3162 1164 malo,
3213 1095 3306 1168 qui
3357 1095 3412 1149 in
3466 1092 3570 1148 hoc

281 1202 469 1272 χάριτι
499 1201 601 1255 τοῦ
632 1201 890 1274 Χριστοῦ,
936 1203 1018 1256 ὅτι
1057 1202 1204 1273 αὐτῷ
1233 1205 1265 1274 ἡ
1290 1204 1518 1274 δύναμις
1558 1205 1650 1258 καὶ
1677 1207 1710 1276 ἡ
1735 1204 1862 1271 δόξα

1992 1196 2199 1252 mundo
2223 1197 2372 1252 vires
2403 1195 2588 1262 habet,
2620 1210 2650 1249 a
2671 1210 2783 1266 quo
2816 1195 3113 1251 liberemur
3137 1189 3314 1263 gratia
3335 1184 3565 1250 Christi,

282 1293 403 1362 ἅμα
442 1292 525 1364 τῷ
552 1294 748 1365 Πατρὶ,
793 1295 888 1346 καὶ
930 1293 1007 1364 τῷ
1037 1295 1176 1364 ἁγίῳ
1201 1295 1498 1367 Πνεύματι,
1527 1295 1618 1348 νῦν
1653 1296 1750 1350 καὶ¹
1777 1295 1862 1349 ἀεὶ

1989 1291 2079 1344 cui
2115 1290 2355 1360 potentia
2396 1299 2452 1344 et
2499 1289 2671 1359 gloria
2730 1304 2840 1344 una
2887 1303 3011 1344 cum
3043 1286 3208 1341 Patre
3243 1291 3299 1340 et
3357 1279 3567 1353 Spiritu

284 1384 379 1434 καὶ
417 1383 500 1446 εἰς
531 1385 660 1447 τοὺς
693 1382 893 1447 αἰῶνας
920 1384 1030 1437 τῶν
1061 1383 1294 1438 αἰώνων.
1344 1386 1537 1456 Ἀμήν.

1987 1389 2202 1445 sancto,
2243 1395 2391 1436 nunc
2421 1388 2475 1436 et
2501 1395 2738 1451 semper,
2768 1380 2902 1437 etin
2958 1379 3157 1436 saecula
3217 1374 3565 1433 saeculorum.

1990 1472 2182 1528 Amen.

1679 1873 1818 1927 ΤΟΥ
1854 1873 1945 1926 ΕΝ
1977 1873 2201 1927 ΑΓῙΟΙΣ

1371 2054 1993 2142 ΓΡΗΓΟΡΙΟΥ
2063 2055 2496 2142 ΝΥΣΣΗΣ

952 2282 1193 2394 ΕΙΣ
1283 2278 1674 2396 ΤΟΥΣ
1785 2279 2936 2400 ΜΑΚΑΡΙΣΜΟΥΣ.

391 2786 418 2802 .
1257 2715 1351 2807 δ.
1410 2711 1988 2806 GREGORII
2063 2672 2572 2803 NYSSENI

1106 2951 1300 3062 DE
1373 2949 2762 3068 BEATITUDINIBUS.
2853 2879 2856 2886 ’

1583 3197 1782 3251 Eodem
1811 3197 2000 3267 Sifano
2023 3169 2321 3270 interprete.

327 3666 500 3724 Ἰδὼν
545 3666 616 3720 δὲ
653 3665 796 3732 τοὺς
841 3665 1090 3735 ὄχλους,
1131 3665 1315 3735 ἀνέϐη
1351 3663 1442 3731 εἰς
1489 3665 1557 3719 τὸ
1603 3667 1760 3734 ὅρος·
1798 3668 1896 3720 καὶ

2010 3669 2150 3724 Visis
2181 3675 2356 3722 autem
2392 3666 2562 3720 turbis
2593 3666 2831 3720 ascendit
2860 3667 2914 3718 in
2953 3672 3204 3728 montem,
3226 3673 3276 3720 et
3302 3682 3420 3721 cum
3457 3685 3573 3723 con.

386 3739 757 3802 καθίσαντος
777 3736 987 3806 αὑτοῦ,
1014 3734 1368 3802 προσῆλθον
1384 3735 1545 3806 αὐτῷ
1572 3740 1624 3791 οὶ
1644 3737 1899 3804 μαθηταὶ

2071 3740 2308 3801 sedisset,
2363 3745 2697 3792 accesserunt
2744 3736 2814 3788 ad
2861 3735 3011 3788 illum
3058 3736 3309 3806 discipuli
3349 3737 3486 3806 ejus,
3532 3749 3581 3793 et

389 3808 599 3862 αὐτοῦ·
635 3807 733 3878 xui
765 3805 1014 3878 ἀνοίξας
1035 3805 1100 3878 τό
1121 3807 1314 3878 στόμα
1335 3805 1541 3867 αὐτοῦ,
1558 3807 1900 3878 ’ἐδίδασκεν

2073 3819 2254 3878 aperto
2285 3826 2374 3863 ore
2403 3824 2498 3862 suo
2517 3806 2737 3860 docebat
2765 3822 2873 3870 eos,
2905 3807 3120 3860 dicens:
3142 3805 3293 3878 Beati
3327 3805 3582 3876 pauperes

384 3877 628 3950 αὐτοὺς,
663 3876 881 3950 λέγωῖ·
910 3873 1239 3950 ΔῘγιακάμοι
1259 3877 1313 3928 οἱ
1333 3874 1574 3950 ᾲπτωχοὶ
1600 3875 1678 3950 τῷ
1717 3877 1901 3950 πνεύ-

1884 3906 1901 3916 -
2072 3873 2287 3950 ερὶνὶιιι,
2312 3879 2561 3949 quoniam
2578 3893 2758 3931 eorum
2794 3887 2870 3929 est
2898 3892 3112 3946 regnum
3145 3873 3393 3930 cazlorttm
3407 3873 3471 3931 δί’.

379 3963 545 4015 διατι,
570 3948 659 3999 ὅτι
685 3944 882 3999 αὐτῶν
897 3945 1067 4000 ἐστιν
1095 3946 1134 4013 ἡ
1156 3945 1444 4008 βασιλεία
1466 3945 1586 3999 τῶν
1607 3947 1898 4015 οὐρανῶν.

383 4038 477 4102 Τίς
507 4039 614 4107 ἄρα
652 4035 889 4101 τοιοῦτός
917 4038 1067 4090 ἐστιν
1098 4036 1157 4090 ὲν
1186 4038 1298 4099 τοῖς
1337 4036 1795 4108 συνειλεγμένοις,
1825 4038 1903 4102 ὡς

2074 4031 2210 4099 Quis
2236 4032 2402 4104 igitur
2427 4031 2480 4086 in
2513 4031 2618 4086 hoc
2635 4037 2781 4086 cmtu
2811 4028 2937 4084 talis
2966 4035 3072 4094 est,
3103 4029 3199 4100 qui
3226 4037 3281 4087 et
3302 4030 3583 4089 Sermonis

319 4129 567 4202 μαθητής
586 4147 647 4182 τε
680 4123 816 4182 εἶναι
845 4128 940 4182 τοῦ
974 4128 1148 4197 Λόγου
1173 4171 1187 4192 ,
1215 4129 1308 4181 καὶ
1346 4129 1712 4199 συναναὸῆναι
1750 4127 1900 4200 αὐτῷ

2004 4123 2306 4194 discipulus
2335 4123 2428 4186 sit,
2458 4129 2512 4178 et
2537 4137 2661 4176 cum
2683 4137 2767 4189 eo,
2801 4138 2831 4178 a
2858 4122 3093 4180 terrenis
3130 4123 3499 4194 concavisque
3521 4139 3584 4180 ac

316 4222 574 4292 χαμόθεν,
597 4220 708 4274 ἀπὸ
729 4219 838 4272 τῶν
866 4219 1061 4272 κοίλων
1081 4237 1139 4272 τε
1167 4220 1261 4273 καὶ
1289 4221 1561 4274 ταπεινῶν
1587 4221 1899 4293 νοημάτων,

2005 4215 2304 4269 humilibus
2327 4213 2750 4285 cogitationibus
2779 4213 3217 4290 etintellectibus
3242 4213 3504 4269 ascendat
3528 4214 3580 4268 in

317 4311 394 4373 εἰς
416 4312 476 4364 τὸ
508 4309 874 4380 πνευματικὸν
902 4308 1026 4379 ὅρος
1041 4311 1140 4378 τῆς
1169 4308 1381 4379 ὑψηλῆς
1407 4308 1675 4379 θεωρίαςς
1708 4309 1772 4361 "0
1798 4309 1904 4361 πᾶ-

2006 4305 2343 4376 spiritualem
2371 4312 2609 4360 montem
2633 4304 2753 4359 altae
2781 4303 3402 4375 contemplationis?qui
3425 4319 3584 4361 mons

321 4417 416 4453 σαν
443 4403 541 4473 μὲν
573 4401 730 4454 σκιὰν
757 4401 857 4471 τὴν
890 4401 954 4452 ὲκ
998 4399 1105 4452 τῶν
1142 4400 1658 4468 ὑπερανεστηκότων
1680 4400 1780 4469 τῆς
1808 4416 1907 4453 κα-

2007 4411 2223 4451 omnem
2255 4395 2474 4464 quidem
2511 4395 2761 4450 umbram
2806 4410 2872 4450 ex
2922 4395 3293 4450 eminentibus
3325 4396 3586 4466 nequitia:

321 4490 442 4554 κίας
489 4490 780 4560 γεωλόφων
826 4489 1188 4558 ἐκπέφευγεν,
1216 4489 1595 4559 ἁπανταχόθεν
1623 4489 1679 4542 δὲ
1709 4493 1775 4559 τῇ
1810 4488 1904 4542 τοῦ

2007 4487 2232 4556 vitiique
2267 4486 2492 4540 tumulis
2522 4494 2832 4554 porrectam
2865 4485 3072 4555 effugit,
3109 4501 3178 4541 ex
3209 4487 3468 4542 omnibus
3493 4502 3585 4542 au-

322 4581 572 4651 ἀληθινοῦ
596 4581 772 4650 φωτὸς
793 4581 972 4634 ἀκτῖνι
994 4579 1498 4650 περιλαμπόμενον,
1523 4581 1579 4631 ὲν
1599 4577 1818 4649 καθαρᾷ
1839 4580 1905 4648 τῇ

2009 4587 2115 4634 tem
2146 4578 2394 4650 partibus
2421 4592 2564 4632 verae
2591 4577 2732 4632 lucis
2757 4577 2913 4631 radio
2941 4577 3318 4642 collustratus,
3361 4578 3415 4633 in
3445 4594 3583 4650 pura

323 4672 419 4741 τῆς
443 4673 703 4742 ἀληθείας
719 4672 904 4744 αἰθρίᾳ
925 4672 1102 4725 πάντα
1127 4671 1342 4724 δίδωσιν
1373 4673 1436 4723 ἐκ
1467 4670 1753 4741 περιωπῆς
1779 4669 1909 4722 καθ-

2008 4670 2257 4726 veritatis
2308 4669 2604 4724 serenitate
2640 4669 2824 4722 omnia
2873 4683 3214 4739 quaecunque
3247 4668 3306 4724 in
3338 4684 3584 4725 concavo

324 4765 474 4832 ορᾷν,
489 4765 587 4817 ὅσα
606 4767 716 4826 τοῖς
735 4764 792 4815 ὲν
811 4763 885 4834 τῷ
899 4763 1063 4833 κοίλῳ
1080 4762 1492 4835 καθειργμένοις
1507 4763 1655 4815 ἐστὶν
1676 4761 1900 4815 ἀθέατα.

2009 4761 2372 4817 coercitorum
2409 4768 2464 4815 et
2493 4760 2883 4815 conclusorum
2930 4759 3106 4817 oculis
3136 4759 3408 4816 subducta
3436 4768 3584 4824 sunt,

326 4852 405 4906 Τὰ
431 4855 485 4908 δὲ
511 4856 618 4909 ἀπὸ
644 4853 737 4907 τοῦ
769 4854 934 4924 ὕψους
965 4855 1153 4906 τούτου
1181 4853 1648 4922 κατοπτευόμενα,
1695 4847 1783 4906 οἷα
1812 4853 1907 4906 καὶ

2009 4869 2072 4908 ex
2102 4855 2324 4924 specula
2355 4853 2742 4924 conspicienda
2769 4854 2993 4923 praebet.
3027 4854 3160 4920 Quae
3186 4863 3367 4910 autem
3393 4855 3462 4910 ab
3484 4855 3586 4910 hac

325 4943 421 4996 ὅσα
444 4946 611 5010 ἐστὶν,
647 4946 806 5010 αὐτὸς
842 4947 871 4998 ὁ
902 4946 1032 5009 Θεὸς
1056 4947 1244 5014 Λόγος,
1279 4945 1598 5015 μακαρίζων
1623 4946 1748 5008 τοὺς
1784 4961 1908 4997 συν-

2013 4945 2303 5000 altitudine
2337 4945 2774 5014 conspiciuntur,
2822 4953 2956 5015 quot
2981 4954 3035 5001 et
3067 4946 3252 5016 qualia
3295 4947 3427 5010 sint,
3470 4947 3585 5015 ipse

325 5036 628 5101 αναὸόιντας
674 5037 822 5106 αὐτῷ
858 5037 1211 5107 διεξέρχεται,
1237 5031 1346 5090 οἷον
1375 5035 1620 5106 δακτύλῳ
1656 5037 1762 5088 τινὶ
1794 5035 1902 5087 δει-

2012 5037 2159 5092 Deus
2189 5036 2453 5102 Verbum,
2493 5053 2678 5092 eorum
2712 5039 2808 5108 qui
2851 5053 2957 5092 una
2985 5053 3172 5094 secum
3216 5039 3585 5093 ascenderunt

325 5126 472 5190 κνὺς,
498 5127 647 5180 ἔνθεν
683 5127 782 5198 μὲν
812 5127 908 5198 τὴν
954 5128 1060 5181 τῶν
1087 5127 1330 5198 οὐρανῶν
1371 5127 1668 5196 βασιλείαν,
1702 5127 1902 5196 ἑτέρω-

2011 5129 2404 5186 beatitudinem
2449 5129 2774 5199 explicando
2809 5129 3181 5199 prosequitur,
3213 5137 3470 5197 tanquam
3504 5129 3580 5182 di-

327 5211 414 5267 Θεν
450 5216 524 5280 δὲ,
565 5219 666 5288 τῆς
704 5218 816 5272 ἄνω
857 5220 960 5289 γῆς
1009 5221 1108 5290 τὴν
1153 5218 1545 5289 κληρονομίαν·
1584 5215 1701 5272 εἶτα
1734 5217 1902 5282 ἔλεον,

2010 5222 2122 5292 gito
2161 5220 2397 5292 quodam
2427 5221 2742 5287 ostendens,
2789 5220 2916 5274 hinc
2948 5219 3168 5290 quidem
3220 5233 3448 5289 regnum
3477 5233 3589 5275 cm-

326 5304 419 5356 καὶ
442 5306 808 5379 δικαιοσύνην,
860 5309 955 5362 καὶ
983 5308 1350 5380 παράκλησιν,
1393 5309 1489 5362 καὶ
1515 5308 1615 5380 τὴν
1644 5309 1782 5380 πρὸς
1813 5309 1906 5364 τὸν

2015 5314 2216 5375 lorum,
2249 5327 2315 5366 ex
2359 5312 2533 5366 altera
2560 5325 2692 5366 vero
2721 5317 2897 5381 parte,
2944 5325 3197 5380 superna:
3223 5317 3383 5366 terrae
3417 5310 3593 5366 luere-

325 5392 454 5450 Θεὸν
484 5399 590 5453 τῶν
613 5400 748 5452 ὅλων
773 5401 1061 5473 γινομένην
1092 5401 1431 5470 συγγένειαν·
1463 5401 1557 5455 καὶ
1586 5401 1676 5454 τὸν
1707 5403 1772 5454 ἐκ
1795 5401 1905 5454 τῶν

2013 5401 2236 5455 ditatem
2277 5417 2290 5454 :
2325 5398 2523 5455 deinde
2575 5397 3036 5464 misericordiam,
3091 5404 3146 5453 et
3187 5397 3483 5468 justitiam,
3541 5405 3592 5453 et

325 5481 576 5558 διωγμῶν
606 5489 837 5561 καρπὸν,
877 5491 906 5544 ὅ
949 5493 1063 5544 ἐστι
1095 5491 1155 5544 τὸ
1185 5491 1427 5546 σύνοικον
1465 5490 1601 5544 Θεοῦ
1630 5491 1904 5560 γενέσθαι·

2014 5488 2471 5551 consolationem,
2521 5495 2686 5555 atque
2724 5500 2868 5552 eam,
2921 5500 3043 5554 quae
3091 5500 3219 5541 cum
3253 5485 3362 5541 Deo
3406 5501 3592 5541 rerum

327 5575 420 5630 καὶ
445 5580 543 5634 ὅσα
567 5581 703 5634 ἄλλα
747 5582 975 5650 πάρεστι
1004 5582 1140 5654 πρὸς
1177 5582 1400 5646 τούτοις
1427 5582 1668 5653 βλέπειν,
1695 5583 1904 5637 ἄνωθεν

2016 5582 2396 5637 universarum
2421 5577 2658 5644 exsistit,
2693 5577 3079 5647 cognationem
3118 5595 3132 5632 :
3171 5587 3225 5632 et
3249 5576 3490 5632 fructum
3529 5592 3591 5632 ex

329 5663 390 5721 ἐκ
418 5671 511 5725 τοῦ
555 5673 716 5744 ὅρους
752 5673 1318 5740 δακτυλώεικτοῦντος
1343 5675 1440 5730 τοῦ
1485 5676 1681 5745 Λόγου,
1720 5679 1785 5731 ὲκ
1807 5677 1907 5750 τῆς

2016 5669 2516 5746 persecutionibus,
2549 5665 2698 5738 quod
2723 5672 2806 5722 est
2833 5666 3287 5732 contubernalem
3313 5666 3406 5724 Dei
3444 5667 3564 5724 ﬂeri
3579 5684 3594 5737 ;

401 5845 447 5876 ⁸⁷
485 5845 676 5903 Matth.
710 5865 763 5910 v,
801 5850 821 5902 l
868 5865 989 5920 sqq.

608 5941 880 6002 PATBOL.
927 5945 1041 6002 (in.
1071 5942 1282 6004 XLIV.
2687 6017 2708 6040 ~
3155 5937 3238 5999 38
