4018 6420
384 445 521 503 H95
570 456 585 465 ‘

1650 438 1706 493 S.
1751 436 2079 494 GREGORH
2121 436 2412 507 iVYSSENI

3506 443 3647 501 “96

384 574 448 615 ac
496 572 854 630 quacumque
902 556 1005 609 alia
1061 564 1319 625 praeterea
1368 558 1411 610 si
1448 557 1572 626 quis
1626 570 1689 610 ex
1736 555 1954 611 sublimi

2063 554 2271 625 ὑψηλῆς
2334 555 2563 617 σκοπιᾶς
2618 553 2705 606 διὰ
2761 555 2871 608 τῶν
2916 554 3144 610 ἐλπίδων
3187 556 3649 628 ἀποϐλεπόμενον.

382 650 603 721 specula
635 664 733 719 per
768 656 918 718 spem
950 648 1239 718 despiciat,
1274 662 1513 719 superne
1547 648 1616 702 de
1654 657 1840 703 monte
1876 647 1963 702 di-

381 743 493 814 gito
539 746 877 796 monstrante
928 738 1126 808 Verbo,
1187 741 1243 796 in
1294 748 1551 812 promptu
1611 749 1695 795 cst
1750 739 1958 795 videre.

382 833 650 901 Quoniam
687 832 857 907 igitur;
885 833 1131 888 ascendit
1160 831 1423 887 Dominus
1461 834 1514 886 in
1547 842 1807 896 montem,
1864 844 1962 884 au-

381 924 601 978 diamus
634 923 825 977 Isaiam
878 923 1241 977 clamantem:
1287 921 1487 987 Venite,
1532 924 1878 977 ascerrdamus
1909 924 1963 976 in

380 1020 605 1065 montem
637 1010 944 1077 Domini”,
979 1018 1145 1089 atque
1172 1013 1387 1069 etiamsi
1412 1013 1723 1068 laboramus
1751 1028 1815 1068 ex
1838 1025 1964 1082 pec-

384 1111 530 1166 calo,
574 1101 948 1157 confo‘rtemus
971 1110 1025 1157 et
1063 1104 1474 1169 contirmemus,
1504 1103 1962 1174 quemadmodum

380 1194 661 1263 prophetia
712 1194 1038 1262 praescribit,
1098 1208 1305 1251 manus
1336 1195 1625 1267 languidas
1674 1209 1739 1250 ac
1786 1210 1965 1267 genua

378 1284 666 1341 dissoluta.
702 1282 836 1338 Nam
874 1286 920 1340 si
961 1286 1015 1339 in
1058 1300 1333 1341 summum
1378 1285 1962 1356 jugum'evaserimus,

380 1378 723 1433 inveniemus
766 1378 861 1448 qui
912 1375 1198 1432 medeatur
1240 1379 1389 1432 omni
1438 1378 1653 1445 morbo,
1705 1378 1966 1449 omnique

382 1470 667 1540 languori,
738 1484 932 1539 nempe
984 1484 1109 1525 eum
1173 1470 1269 1539 qui
1326 1469 1676 1527 infirmitates
1742 1483 1965 1529 nostras

381 1560 633 1629 suscipit,
675 1567 728 1614 et
771 1559 995 1613 morbos
1046 1565 1228 1628 portat
1249 1559 1312 1612 ⁸⁸.
1372 1558 1640 1625 Quocirca
1679 1574 1965 1616 curramus

381 1654 546 1709 ctiam
598 1668 699 1708 nos
748 1651 816 1705 ad
858 1665 1171 1717 ascensum,
1203 1658 1263 1704 ut
1295 1664 1420 1706 cum
1463 1651 1605 1708 Isaia
1653 1652 1706 1707 in
1753 1668 1966 1709 summo

377 1744 511 1816 jugo
536 1744 651 1815 spei
680 1743 963 1799 constituti
995 1743 1430 1813 contemplemur
1479 1760 1544 1799 ex
1575 1746 1798 1816 specula
1825 1747 1965 1801 bona

384 1836 472 1890 illa
508 1850 631 1905 quae
684 1835 890 1891 secutis
936 1835 991 1889 in
1047 1833 1391 1890 altitudinem
1422 1834 1661 1891 Verbum
1690 1839 1963 1905 ostendit;

2078 643 2295 714 Ἐπειδὴ
2311 640 2406 698 οὖν
2425 643 2702 699 ἀναδαίνει
2727 646 2806 709 εἰς
2821 646 2881 698 τὸ
2897 646 3018 717 ὅρος
3044 649 3073 700 6
3092 648 3313 718 Κύριος,
3331 647 3653 720 ἀκούσωμεν

2077 735 2296 788 Ἡσαΐου
2335 734 2584 805 βοῶντος·
2609 734 2805 801 Δεῦτε,
2826 736 3138 807 ἀναδῶμεν
3166 740 3254 805 ε’ῖς
3283 740 3348 792 τὸ
3376 738 3516 806 ὄρος
3547 738 3654 793 τοῦ

2063 828 2306 894 Κυρίου·
2342 825 2446 881 κᾶν
2485 825 2800 897 ἀσθενῶμεν
2848 826 2907 891 ἐξ
2938 828 3232 899 ἁμαρτίας,
3261 830 3649 900 ὲνισχύσωμεν,

2064 915 2245 980 καθὼς
2266 916 2553 985 ὑφηγεῖται
2574 918 2607 986 ή
2631 917 2963 988 προφητεία,
2987 922 3173 990 χεῖρας
3198 920 3534 990 παρειμένας
3557 919 3652 973 καὶ

2064 1008 2267 1074 γόνατα
2297 1006 2735 1077 παραλελυμένα.
2772 1008 2835 1060 Εἰ
2873 1006 2983 1079 γὰρ
3018 1008 3112 1060 ἐπὶ
3144 1007 3242 1061 τοῦ
3276 1008 3447 1080 ἄκρου
3473 1006 3649 1077 γενοί-

2068 1098 2240 1169 μεθα,
2280 1099 2584 1171 εὑρήσομεν
2612 1097 2706 1152 τὸν
2742 1098 2969 1170 ἰώμενον
3001 1101 3184 1154 πᾶσαν
3221 1101 3375 1154 νόσον
3412 1101 3506 1154 καὶ
3540 1103 3650 1154 πᾶ·-
3684 1135 3694 1157 μ

2067 1207 2165 1245 σαν
2221 1190 2510 1261 μαλακίαν,
2546 1190 2637 1245 τὸν
2674 1190 2772 1253 τὰς
2815 1191 3099 1255 ἀσθενείας
3137 1191 3295 1262 ἡμῶν
3336 1191 3650 1263 ἀναλαμΰά-
3692 1182 3699 1201 “

2066 1300 2260 1349 νοντα,
2312 1284 2407 1338 καὶ
2453 1283 2551 1348 τὰς
2599 1284 2788 1346 νόσους
2833 1282 3191 1353 βαστάζοντα.
3251 1281 3460 1336 Οὐκοῦν
3516 1282 3649 1352 δρα⁶
3692 1272 3699 1279 ’

2068 1392 2256 1445 μωμεν
2283 1375 2376 1428 καὶ
2400 1376 2560 1446 ἡμεῖς
2599 1375 2736 1446 πρὸς
2765 1374 2865 1445 τὴν
2899 1374 3103 1437 ἄνοδον,
3141 1373 3227 1427 ἴνα
3261 1373 3398 1445 μετὰ
3429 1374 3650 1426 Ἡσαΐου

2066 1466 2206 1520 κατὰ
2241 1469 2340 1538 τὴν
2373 1465 2684 1539 ἀκρώρειαν
2715 1466 2813 1536 τῆς
2842 1466 3055 1529 ἐλπίδος
3101 1465 3410 1536 γενόμενοι,
3450 1465 3646 1536 ἴδωμεν

2066 1560 2129 1612 ἐκ
2164 1560 2446 1631 περιωπῆς
2479 1560 2547 1614 τὰ
2595 1558 2777 1627 ἀγαθὰ
2817 1559 3033 1619 ἐκεῖνα,
3061 1559 3162 1613 ὅσα
3200 1560 3313 1621 τοῖς
3356 1557 3649 1628 ἀκολουθή-

2068 1669 2223 1705 σασιν
2257 1653 2349 1705 ἐπὶ
2382 1652 2443 1705 τὸ
2472 1651 2606 1721 ὕψος
2627 1652 2655 1705 6
2681 1650 2853 1719 Λόγος
2884 1650 3174 1705 δείκνυσιν.
3219 1650 3358 1703 Ἀλλ’
3387 1648 3649 1714 ἀνοιξὼτω

2070 1746 2163 1798 καὶ
2196 1747 2325 1816 ἡμῖν
2355 1747 2383 1797 6
2407 1743 2537 1807 Θεὸς
2571 1742 2741 1811 Λόγος
2770 1742 2831 1795 τὸ
2866 1741 3053 1812 στόμα,
3099 1741 3192 1794 καὶ
3219 1738 3479 1804 διδαξάτω
3503 1741 3651 1810 ἡμᾶς

2065 1839 2278 1902 ἐκεῖνα,
2321 1829 2398 1891 ὧν
2445 1839 2479 1909 ἡ
2524 1835 2788 1906 ἀκρόασις
2832 1834 3169 1905 μακαριότης
3210 1834 3382 1888 ἐστίν·
3411 1831 3650 1901 γενέσθω

379 1942 568 1982 verum
619 1925 784 1981 etiam
837 1925 998 1980 nobis
1028 1924 1172 1980 Deus
1215 1922 1453 1980 Verbum
1508 1942 1570 1983 os
1609 1930 1840 1999 aperiat,
1900 1944 1959 1983 ac

2066 1929 2124 1983 δὲ
2166 1929 2326 2000 ήμῶν
2364 1928 2508 2000 ἀρχὴ
2555 1927 2655 1997 τῆς
2699 1925 2957 1996 θεωρίας,
2997 1924 3168 1996 ἡτῶν
3209 1923 3517 1996 εἰρημένων
3549 1923 3647 1992 τῆς

378 2019 571 2074 doceat
610 2033 711 2073 nos
757 2033 820 2073 ea
867 2033 1098 2088 quorum
1157 2017 1366 2073 auditio
1406 2019 1685 2075 beatitudo
1717 2032 1819 2075 est.
1857 2019 1963 2076 Su-

380 2117 558 2163 matur
606 2115 785 2163 autem
820 2124 850 2162 ιι
884 2109 1040 2164 nobis
1092 2108 1305 2164 initium
1357 2112 1859 2179 contemplationis,
1901 2120 1957 2168 et
1994 2113 2492 2177 commentationis,
2552 2113 2695 2167 unde

379 2204 563 2274 coepit.

449 2296 627 2362 Beati,
668 2293 866 2362 inquit,
914 2308 1167 2363 pauperes
1220 2294 1433 2364 spiritu,
1488 2296 1741 2366 quoniam
1778 2310 1959 2351 eorum

376 2396 454 2443 est
484 2400 698 2456 regnum
735 2384 1007 2438 caelorum.
1052 2380 1109 2438 Si
1143 2384 1267 2454 quis
1297 2399 1495 2439 avarus
1524 2383 1733 2439 incidat
1773 2384 1828 2440 in
1877 2373 1959 2439 td-

378 2478 536 2532 hulas
580 2475 897 2530 thesaurum
958 2474 1159 2529 alicubi
1206 2474 1589 2530 absconditum
1629 2475 1957 2539 iudicantes,

378 2572 424 2622 is
456 2576 640 2622 autem
685 2566 861 2627 locus,
908 2564 1002 2635 qui
1038 2566 1355 2620 thesaurum
1387 2566 1684 2629 contineat,
1726 2566 1957 2621 multum

376 2661 631 2715 sudorem
692 2666 747 2713 et
810 2657 1051 2713 laborem
1115 2656 1492 2727 aspirantibus
1559 2655 1626 2710 ad
1681 2672 1775 2712 eas
1828 2672 1960 2726 opes

375 2750 672 2815 ostendat,
725 2750 972 2820 nunquid
1004 2750 1070 2804 ad
1112 2749 1330 2806 labores
1364 2748 1778 2820 oblanguescet,
1817 2759 1870 2805 et
1906 2749 1959 2801 in

376 2845 531 2898 lucro
563 2842 857 2912 quan-endo
888 2842 1073 2914 segnis
1101 2842 1230 2907 erit,
1268 2843 1594 2915 nullumque
1632 2857 1744 2914 prae
1776 2841 1962 2898 studio

377 2933 617 2988 laborem
666 2948 884 2988 sumere
913 2943 1077 3004 atque
1109 2931 1555 3005 defatigationem
1604 2934 1793 2989 subire
1822 2934 1962 2988 divi-

377 3023 469 3077 liis
501 3021 719 3077 dulcius
763 3030 818 3076 et
851 3022 1152 3092 jucundius
1198 3023 1583 3080 existimabit?
1618 3020 1738 3077 Non
1786 3024 1861 3078 ita
1903 3039 1962 3078 se

377 3128 466 3168 res
494 3111 689 3167 habet:
721 3127 832 3166 non
866 3112 941 3167 ita
970 3119 1089 3180 est;
1134 3114 1227 3169 sed
1269 3127 1461 3169 omnes
1501 3113 1721 3183 quidem
1759 3115 1829 3168 ad
1859 3113 1963 3168 hoc

376 3202 665 3258 advocabit
695 3202 935 3270 amicos;
987 3219 1050 3259 ex
1092 3204 1352 3260 omnibus
1385 3204 1513 3259 item
1567 3204 1839 3279 partibus,
1893 3219 1958 3258 ex

374 3293 579 3359 quibus
629 3292 854 3362 poterit,
906 3293 1130 3349 auxiliis
1184 3293 1291 3349 sibi
1341 3293 1663 3359 contractis,
1714 3294 2030 3385 multitu-C

373 3382 503 3438 dine
535 3397 829 3452 operarum
866 3398 1000 3453 opes
1030 3384 1151 3441 illas
1190 3384 1543 3440 absconditas
1604 3399 1735 3439 suas
1780 3383 1957 3439 factu-

376 3487 471 3528 rus
525 3472 616 3528 sit.
686 3471 785 3526 Hic
850 3482 935 3530 est
999 3473 1092 3530 ille
1148 3474 1461 3540 thesaurus,
1522 3473 1738 3538 fratres,
1797 3490 1957 3545 quem

374 3564 641 3634 scriptum
675 3564 901 3630 indicat,
932 3566 1269 3623 abscondita:
1316 3576 1497 3623 autem
1531 3582 1629 3638 per
1652 3569 1959 3624 obscurita-

373 3666 484 3714 tem
511 3658 717 3715 divitiae
743 3667 893 3714 sunt.
928 3660 1102 3731 Igitur
1131 3672 1233 3717 nos
1258 3676 1478 3732 quoque
1513 3661 1609 3732 qui
1647 3662 1956 3732 incorrupti

373 3749 493 3803 auri
536 3749 719 3820 cupidi
751 3754 964 3815 Sumtis,
1007 3765 1229 3821 precum
1267 3753 1424 3822 quasi
1465 3756 1726 3807 manuum
1774 3753 1959 3809 multi-

372 3839 561 3896 tudine
596 3849 836 3907 utamur,
896 3851 956 3898 ut
1000 3842 1203 3900 divitiae
1248 3845 1409 3900 nobis
1463 3844 1744 3916 pateﬁant,
1795 3853 1957 3915 atque

371 3946 563 3987 omnes
601 3947 668 3986 ex
720 3947 882 4002 aequo
919 3932 1238 3988 thesaurum
1293 3934 1624 3999 dividamus,
1677 3941 1731 3989 et
1779 3942 1954 3990 totum

356 4030 495 4078 eum
529 4024 765 4094 quisque
813 4025 1088 4094 acquirat.
1134 4024 1286 4081 Talis
1327 4027 1474 4082 enim
1513 4026 1713 4082 divisio
1734 4026 1955 4082 ‘virtutis

369 4123 484 4179 est,
545 4123 606 4169 ut
658 4123 713 4171 et
763 4116 821 4170 in
866 4126 1088 4179 omnes,
1141 4117 1237 4188 qui
1281 4132 1403 4172 eam
1452 4118 1855 4187 ampiectuntur
1901 4128 1957 4174 et

370 4201 648 4268 aﬂ'cctant,
686 4203 985 4271 dividatur,
1016 4212 1074 4260 et
1097 4207 1299 4275 cuique
1342 4205 1488 4263 adsit
1517 4206 1773 4261 universa
1815 4207 1957 4261 inter

370 4294 923 4365 participantesmm
978 4296 1267 4352 diminuta.
1317 4295 1452 4351 Nam
1509 4297 1567 4352 in
1614 4305 1953 4353 terrenarum

370 4386 591 4456 quidem
623 4386 939 4443 divitiarum
975 4386 1388 4454 distributione,
1420 4388 1512 4458 qui
1554 4389 1676 4459 pius
1706 4389 1859 4459 .justo
1888 4390 1955 4445 ad

368 4497 429 4537 se
466 4480 723 4543 traxerit,
748 4480 1004 4552 iniuriam
1052 4481 1182 4537 facit
1217 4482 1301 4537 his
1339 4481 1432 4552 qui
1470 4494 1536 4537 ex
1579 4482 1753 4552 aequis
1783 4483 1954 4553 parti-

380 4573 483 4627 bus
510 4571 653 4629 socii
673 4579 805 4627 sunt
852 4572 1024 4642 (socii
1056 4572 1203 4628 enim
1243 4581 1454 4643 partem
1492 4589 1722 4643 prorsus
1760 4575 1954 4629 minuit

2069 2020 2417 2084 διδασκαλίας
2440 2020 2605 2091 ἀρχή.

2768 2110 3034 2165 doctrinae
3106 2108 3376 2165 dictorum
3427 2107 3645 2161 initium

2134 2292 2444 2363 Μακάριοι,
2489 2292 2686 2363 φησὶν,
2725 2295 2780 2344 οἱ
2827 2289 3049 2360 πτωχοὶ
3087 2287 3166 2353 τῷ
3206 2286 3531 2352 πνεύματι,
3557 2280 3648 2335 ὅτι

2064 2383 2266 2440 αὐτῶν
2297 2385 2467 2439 ἐστιν
2496 2384 2535 2452 ἡ
2562 2382 2851 2448 ,βασιλεία
2881 2380 2999 2436 τῶν
3022 2376 3310 2448 οὐρανῶν.
3336 2376 3403 2430 Εἰ
3426 2391 3508 2438 τις
3538 2371 3646 2427 τῶν

2064 2476 2403 2550 φιλοχρύσων
2456 2475 2779 2547 γράμμασιν
2830 2473 3040 2544 ἐντύχοι
3071 2469 3341 2542 θησαυρὸν
3388 2469 3446 2520 ὲν
3497 2465 3646 2535 τόπῳ

2064 2566 2504 2639 καταμηνύουσιν
2536 2582 2549 2595 ·
2585 2568 2613 2619 6
2646 2565 2702 2618 δὲ
2744 2563 3009 2636 περιέχων
3035 2561 3127 2616 τὸν
3166 2557 3436 2629 θησαυρὸν
3460 2555 3643 2620 τόπος,

2065 2661 2230 2715 πολὺν
2288 2658 2487 2729 ἱδρῶτα
2544 2657 2638 2710 καὶ
2682 2656 2855 2709 κπόνον
2898 2650 3237 2707 ὑποδεικνύοι
3292 2651 3400 2713 τοῖς
3459 2646 3646 2700 ἐπιθυ-

2068 2753 2229 2825 μοῦσι
2264 2750 2359 2804 τοῦ
2389 2751 2695 2819 κτήματος·
2724 2742 2836 2817 ἆρα
2863 2742 3328 2817 μαλακισθήσεται
3357 2738 3491 2811 πρὸς
3519 2738 3646 2802 τοὺς

2066 2843 2279 2905 πόνους,
2309 2838 2404 2894 καὶ
2424 2835 2876 2910 καταρᾳθυμήσει
2914 2834 3006 2892 τοῦ
3040 2831 3286 2904 κέρδους,
3315 2830 3410 2884 καὶ
3448 2828 3509 2883 τὸ
3536 2845 3645 2901 μη·-

2063 2934 2189 2989 δένα
2217 2932 2463 3003 κάματον
2493 2930 2598 2983 ὑπὸ
2626 2929 2731 3000 τῆς
2773 2928 3010 2999 σπουδῆς
3054 2923 3487 2993 εἰσενέγκασθαι,
3514 2922 3646 2990 γλυο

2064 3026 2294 3096 κότερον
2320 3020 2438 3077 ’τοῦ
2483 3021 2713 3075 πλούτου
2764 3022 3090 3091 ποιήσεται;
3133 3018 3247 3072 Ούκ
3287 3015 3402 3069 ἐστι
3450 3014 3643 3076 ταῦτα,

2066 3120 2168 3172 οὐκ
2196 3117 2340 3170 ἐστιν
2364 3133 2378 3147 ο
2407 3114 2543 3168 ἀλλὰ
2564 3112 2774 3176 πάντας
2797 3113 2893 3183 μὲν
2921 3111 3060 3184 πρὸς
3088 3109 3245 3163 τοῦτο
3274 3107 3645 3181 παρακαλέσει

2064 3207 2193 3271 τοὺς
2218 3206 2423 3269 φίλους,
2447 3204 2783 3276 πανταχόθεν
2808 3203 2865 3256 δὲ
2894 3204 2969 3268 ὡς
2999 3202 3065 3256 ἂν
3088 3196 3198 3265 οἷός
3224 3218 3287 3254 τε
3386 3201 3483 3271 τὴν
3507 3199 3643 3269 πρὸς

2064 3296 2223 3352 τοῦτο
2282 3296 2531 3368 βοήθειαν
2582 3294 2760 3364 ἑαυτῷ
2815 3293 3136 3366 συναγείρας
3185 3291 3263 3363 τῷ
3304 3290 3498 3362 πλήθει
3542 3289 3645 3359 τῆς

2061 3389 2268 3460 χειρὸς,
2296 3389 2424 3443 ἴδιον
2463 3390 2697 3442 ποιεῖται
2734 3387 2826 3440 τὸν
2858 3386 3089 3439 πλοῦτον
3122 3384 3213 3438 τὸν
3241 3383 3641 3456 κεκρυμμένον.

2061 3473 2229 3544 Οὗτος
2282 3480 2486 3537 ἐκεῖνός
2522 3481 2667 3532 ἐστιν
2697 3480 2724 3532 6
2754 3477 3026 3549 θησαυρὸς
3045 3517 3058 3538 ,
3091 3476 3338 3544 ἀδελφοὶ,
3366 3475 3425 3529 ὃν
3476 3491 3645 3529 κατα-

2063 3573 2256 3644 μηνύει
2288 3572 2350 3625 τδ
2382 3573 2645 3644 γράμμα*
2664 3570 2969 3642 κέκρυπται
2991 3568 3048 3622 δὲ
3076 3568 3178 3622 ὑπὸ
3197 3569 3294 3639 τῆς
3327 3567 3591 3636 ἀσαφείας
3616 3568 3645 3621 6

2062 3662 2534 3726 π).οὖτος.ούκοῢν
2566 3659 2899 3733 χρησώμεθα
2930 3660 3023 3713 καὶ
3051 3661 3211 3731 ἡμεῖς
3236 3661 3285 3712 oi
3311 3657 3646 3728 ἐπιθυμηταὶ

2058 3752 2154 3806 τοῦ
2198 3753 2476 3823 ἀκηράτου
2523 3752 2781 3822 χρυσίου,
2812 3752 2876 3822 τῇ
2911 3750 3020 3803 τῶν
3066 3751 3244 3821 εὐχῶν
3295 3748 3643 3819 πολυχειρίᾳ,

2058 3842 2201 3896 ὥστε
2235 3845 2370 3914 ἡμῖν
2402 3844 2482 3906 εἰς
2520 3843 2580 3896 τὸ
2631 3842 2870 3912 ἐμφανὲς
2915 3842 3006 3894 τὸν
3056 3840 3282 3894 πλοῦτον
3316 3839 3520 3906 ἐλθεῖν,
3552 3839 3647 3892 καὶ

2058 3937 2266 3999 πάντας
2319 3935 2377 4002 ἐξ
2425 3936 2542 3989 ἴσου
2594 3936 2864 3991 διελέσθαι
2909 3935 2999 3989 τὸν
3053 3935 3358 4006 θησαυρὶν,
3389 3934 3484 3987 καὶ
3523 3933 3647 3986 ὅλον

2060 4029 2288 4082 ἕκαστον
2315 4027 2642 4100 κτήσασθαι.
2680 4030 2913 4099 Τοιαύτη
2951 4028 3060 4099 γὰρ
3086 4028 3186 4098 τῆς
3215 4027 3414 4097 ἀρετῆς
3443 4028 3476 4097 ὴ
3506 4026 3644 4079 διαί-

2062 4137 2242 4192 ρεσις,
2282 4118 2422 4174 ὥστε
2461 4122 2555 4174 καί
2597 4124 2677 4186 εἰς
2728 4123 2937 4183 πάντας
2988 4123 3116 4186 τοὺς
3168 4119 3647 4188 ἀντιποιουμένους

2056 4211 2502 4283 διαμερίζεσθαι,
2554 4213 2650 4266 καὶ
2710 4214 2891 4267 πᾶσαν
2939 4212 3155 4282 ἑκάστῳ
3217 4213 3513 4281 παρεῖναι,
3569 4208 3643 4281 μὴ

2056 4303 2451 4376 ἑλαττουμένην
2492 4306 2549 4358 ὲν
2586 4307 2698 4370 τοῖς
2722 4305 3174 4376 συμμετέχουσιν.
3201 4304 3288 4356 Ἐν
3319 4303 3415 4373 μὲν
3452 4301 3645 4373 γὰρτῇ

2055 4394 2148 4449 τοῦ
2191 4396 2379 4467 γηῖνου
2411 4394 2643 4450 πλούτου
2676 4396 2905 4468 διανομῇ
2940 4396 3116 4449 ἀδικεῖ
3140 4394 3265 4456 τοὺς
3307 4392 3642 4464 ἰσομοιροῦν-

2054 4504 2152 4550 τας
2197 4490 2225 4542 6
2252 4488 2313 4542 τὸ
2352 4489 2513 4543 πλέον
2546 4489 3050 4560 παραστησάμενος
3084 4505 3098 4518 ·
3124 4486 3334 4543 ἐλαττοῖ
3360 4484 3469 4557 γὰρ
3501 4484 3643 4537 πάν-

2053 4594 2164 4643 τως
2200 4579 2263 4632 τὸ
2291 4578 2458 4650 μέρος
2485 4577 2579 4632 τοῦ
2613 4576 3067 4649 συμμετέχοντος,
3097 4577 3126 4628 6
3156 4575 3216 4629 τὺ
3254 4573 3449 4628 ἑαυτοῦ
3485 4573 3642 4626 πλεο.

369 4665 415 4719 is
452 4664 545 4733 qui
582 4672 740 4719 suam
785 4664 914 4734 plus
946 4665 1098 4733 justo
1123 4665 1389 4735 auxerit);
1430 4668 1744 4738 spirituales
1771 4677 1952 4725 autem

2063 4672 2232 4735 νάσας
2266 4689 2279 4702 ·
2342 4675 2370 4725 6
2432 4671 2490 4725 δὲ
2539 4672 2910 4743 πνευματικὸς
2960 4669 3186 4733 πλοῦτος
3233 4667 3294 4720 τὸ
3352 4665 3448 4720 τοῦ
3489 4666 3638 4736 ἡλίου

367 4755 571 4809 divitiae
625 4753 770 4809 idem
834 4753 1043 4810 faciunt
1100 4757 1246 4826 quod
1283 4759 1388 4822 sol,
1448 4758 1542 4828 qui
1595 4766 1647 4813 et
1695 4760 1953 4815 omnibus

367 4845 683 4902 videntibus
719 4861 781 4904 se
817 4845 1081 4916 impertit,
1120 4858 1174 4903 et
1209 4856 1358 4904 totus
1392 4848 1690 4919 unicuique
1719 4851 1953 4907 accedit.

369 4936 639 5002 Quoniam
680 4937 847 5008 igitur
898 4951 999 5005 par
1038 4937 1105 4991 ab
1141 4952 1479 5009 unoquoque
1527 4940 1742 4997 lucrum
1772 4957 1839 4998 ex
1873 4944 1953 4998 la-

367 5028 500 5083 bore
550 5036 827 5098 speratur,
894 5043 993 5099 par
1040 5029 1109 5084 ab
1159 5030 1417 5086 omnibus
1464 5031 1725 5089 aii‘eratur
1778 5035 1847 5089 ad
1898 5035 1951 5090 id

367 5118 512 5186 quod
551 5133 580 5172 ιι
626 5119 788 5175 nobis
827 5120 1113 5190 quaeritur,
1162 5137 1386 5193 precum
1439 5124 1834 5193 adiumentum.
1870 5128 1949 5181 Ac

366 5209 602 5277 primum
633 5210 858 5280 quidem
903 5212 1148 5267 omnium
1179 5213 1425 5269 arbitror
1462 5226 1717 5286 dportere
1759 5219 1948 5275 consi-

364 5298 560 5355 derare
589 5301 764 5370 ipsam
790 5301 1210 5369 beatitudinem,
1241 5314 1297 5360 et
1326 5305 1629 5377 intelligere
1684 5309 1948 5378 quidnam

365 5392 585 5446 tandem
621 5407 684 5447 ea
722 5393 816 5447 sit.
853 5392 1158 5456 Beatitudo,
1223 5404 1283 5449 ut
1332 5411 1451 5469 mea
1498 5399 1717 5468 quidem
1763 5400 1949 5469 opinio

268 5544 283 5553 _
367 5480 490 5543 fert,
551 5485 972 5553 comprehensio
1023 5486 1270 5555 qurcdam
1321 5496 1405 5542 est
1457 5491 1701 5545 omnium
1756 5506 1946 5547 earum

364 5586 547 5625 rerum
575 5589 697 5641 quae
730 5576 952 5630 nomine
988 5577 1116 5630 boni
1159 5577 1565 5648 intelliguntur:
1601 5597 1630 5636 a
1669 5598 1777 5653 qua
1808 5584 1948 5638 nihil

364 5661 522 5717 abest
557 5676 747 5718 earum
777 5680 900 5733 quae
924 5667 1197 5735 pertinent
1225 5668 1294 5723 ad
1318 5669 1586 5727 bonorum
1614 5673 1946 5732 desiderium

434 5838 479 5870 “'
525 5837 625 5891 isa.
667 5854 702 5889 tl
771 5840 823 5892 '5.
901 5840 944 5872 ⁸⁸
991 5841 1097 5895 lsa.
1139 5859 1301 5909 xxxv,
1333 5845 1388 5899 4.

2061 4765 2224 4829 ποιεῖ,
2254 4762 2350 4816 καὶ
2381 4764 2514 4816 πᾶσι
2562 4766 2692 4826 τοῖς·
2720 4762 3009 4834 βλέπουσιν
3040 4759 3229 4814 ἑαυτὸν
3255 4758 3510 4830 μερίζων,
3546 4756 3641 4811 καί

2059 4854 2180 4918 ὅλος
2217 4855 2435 4925 ἑκάστῳ
2475 4855 2931 4927 παραγινόμενος.
2967 4854 3119 4906 Ἐπεὶ
3151 4847 3243 4905 οὖν
3286 4852 3399 4904 ἴσον
3428 4850 3640 4920 ἑκάστῳ

2057 4945 2120 4998 τὸ
2136 4946 2202 4999 ἐκ
2231 4944 2326 4998 τοῦ
2359 4945 2523 5000 πόνου
2555 4945 2747 5017 κέρδος
2768 4941 3175 5013 ὲλπίξεται,ἰ’ση
3209 4940 3447 5010 γενέσθω
3476 4942 3641 4993 πᾶσιν

2058 5035 2147 5088 διὰ
2170 5034 2278 5087 τῶν
2310 5035 2485 5106 εὐχῶν
2512 5035 2648 5107 πρὸς
2667 5038 2728 5088 τὸ
2746 5033 3075 5106 ζητούμενον
3103 5035 3236 5103 ἡμῖν
3258 5035 3291 5103 ἡ
3326 5032 3637 5102 συνέργεια.

2059 5125 2282 5198 Πρῶτον
2329 5128 2429 5197 μὲν
2455 5123 2550 5183 οὖν
2588 5127 2751 5181 αὐτόν
2787 5143 2931 5196 φημι
2976 5123 3086 5192 ἐγὼ
3113 5125 3224 5178 δεῖν
3267 5122 3357 5176 τὸν
3398 5139 3638 5193 μακαρι-

2054 5217 2325 5287 σμὸν,ὃτί
2352 5219 2483 5272 ποτέ
2511 5220 2681 5286 ἐστιν,
2704 5218 2974 5289 ἐννοῆσαι.
3000 5215 3358 5286 Μακαριότης
3391 5214 3475 5277 τίς
3500 5216 3636 5277 ἐστι,

2052 5309 2197 5363 κατά
2224 5324 2289 5376 γε
2316 5308 2408 5363 τὸν
2432 5309 2565 5380 ὲμὸν
2593 5309 2770 5377 λόγον,
2795 5307 3086 5380 περίληψις
3121 5307 3334 5360 πάντων
3361 5304 3467 5358 τῶν
3497 5304 3638 5358 κατὰ

2049 5402 2112 5456 τὸ
2155 5401 2359 5470 ἀγαθὸν
2398 5400 2736 5472 νοουμένων⁸
2776 5395 2843 5473 ἧς
2892 5399 3089 5453 ἄπεστι
3138 5396 3247 5449 τῶν
3291 5398 3371 5459 εἰς
3427 5395 3639 5465 ἀγαθὴν

2052 5491 2349 5561 ἐπιθυμίαν
2382 5491 2624 5562 ἡκόντων
2656 5492 2832 5546 οὐδέν.
2870 5490 3083 5543 Γένοιτο
3112 5487 3156 5541 δ’
3197 5487 3263 5541 ἂν
3290 5487 3421 5558 ἡμῖν
3453 5487 3549 5540 καὶ
3573 5487 3638 5539 ὲκ

2054 5584 2154 5653 τῆς
2183 5583 2280 5637 τοῦ
2325 5584 2571 5640 ἐναντίου
2621 5583 2977 5654 παραθέσεως
3020 5577 3439 5650 γνωριμώτερον
3469 5575 3532 5631 τὺ
3572 5579 3637 5630 ὲκ
3683 5590 3687 5593 '

2055 5676 2150 5731 τοῦ
2188 5677 2543 5748 μακαρισμοῦ
2595 5676 2994 5749 σημαινόμενον
3015 5690 3031 5704 ο
3061 5671 3302 5727 ἐναντίον
3331 5670 3390 5725 δὲ
3421 5668 3497 5742 τῷ
3533 5686 3634 5740 μα-

2656 6374 2675 6375 7
2723 6375 2790 6380 ἡ
2974 6375 3042 6380 κᾉ-
3160 6375 3202 6380 Α..
3306 6375 3356 6382 »Ἰ-
3438 6375 3474 6380 ﬁ
3536 6374 3570 6378 ν-
3634 6373 3676 6380 γη..
3726 6198 3942 6392 -J
