4018 6368
432 524 572 584 ΗΕΠ

1507 531 1593 584 DE
1635 527 2234 585 BEATITUDINIBUS.
2255 529 2511 588 ORATIO
2540 533 2578 590 Ι.

3548 534 3687 591 H98

429 640 609 721 γαρὶῳ
637 641 696 695 τὸ
724 643 924 711 ἄθλιον.
975 643 1250 714 ἈΟλιότης
1302 640 1393 697 οὖν
1429 646 1597 707 ἐστιν,
1634 648 1664 716 ἠ
1696 649 1752 698 ἐν
1783 648 1893 709 τοῖς
1919 646 2002 697 λυ-

2116 659 2276 719 atque
2298 651 2669 721 cupiditatem.
2707 650 2915 715 Poterit
2952 661 3133 708 autem
3165 653 3327 733 nobis
3363 668 3430 711 ex
3464 668 3687 739 compa-

431 736 629 804 πηροῑς
669 752 725 787 τε
774 736 867 788 καὶ
898 735 1216 807 ἀϐουλήτοις
1258 737 1452 790 πάθεσι
1498 738 1862 810 ταλαιπωρία.
1896 739 2008 791 Με-

434 825 685 897 μέρισται
713 827 771 879 δὲ
820 830 883 881 ὲκ
932 829 1025 881 τοῦ
1062 829 1300 899 ἐναντίου
1337 832 1370 899 ὴ
1401 832 1485 900 ἐφ’
1511 831 1771 901 ἑκατέρου
1812 830 1917 882 τῶν
1953 832 2009 882 ἐν

431 918 616 982 αὑτοῖς
635 918 934 989 γινομένων
955 918 1211 983 διάθεσις.
1252 920 1512 992 ’Υπάρχει
1538 920 1645 991 γὰρ
1667 919 1746 990 τῷ
1780 920 1875 989 μὲν
1908 936 2010 988 μα-

433 998 777 1078 καριζομένῳ
807 1009 870 1061 τὸ
917 1009 1299 1080 εὐφραίνεσθαι
1348 1013 1460 1073 τοῖς
1510 1010 1889 1081 προκειμένοις
1929 1009 2010 1071 εἰς

431 1099 735 1167 ἀπόλαυσιν
779 1100 929 1171 αὑτῷ
972 1102 1065 1155 καὶ
1114 1102 1484 1171 ἀγάλλεσθαι·
1526 1102 1605 1174 τῷ
1638 1102 1695 1155 δὲ
1726 1100 2007 1164 ταλανιζο-

434 1190 580 1260 μένῳ
598 1191 659 1243 τὸ
685 1191 936 1245 ἀνιᾶσθαι
953 1195 1065 1255 τοῖς
1081 1192 1347 1264 παροῦσιν
1370 1192 1519 1264 αὑτῷ
1542 1194 1637 1247 καὶ
1656 1191 2004 1262 ἀλγύνεσθαι.

428 1279 504 1331 T6
535 1279 633 1349 μὲν
665 1275 757 1332 οὖν
786 1280 1120 1350 μακαριστὸν
1153 1281 1385 1352 ἀληθῶς,
1408 1281 1540 1337 αὑτὸ
1571 1283 1630 1335 τὸ
1652 1279 1806 1336 Θεῖόν
1836 1284 2003 1335 ἐστιν.

429 1372 500 1422 ’Ὀ
525 1370 577 1422 τί
622 1387 752 1423 ποτε
790 1370 899 1440 γὰρ
927 1372 1059 1429 αὑτὸ
1106 1369 1246 1427 εἶναι
1281 1373 1630 1444 ὑποθώμεθα,
1666 1375 2006 1446 μακαριότης

425 1460 575 1513 ἐστὶν
624 1462 659 1530 ἡ
708 1461 981 1531 ἀκήρατος
1026 1464 1209 1534 ἐκείνη
1252 1462 1386 1536 ζωὴ,
1436 1465 1498 1518 τὸ
1546 1466 1781 1539 ἄρρητόν
1820 1483 1882 1519 τε
1915 1465 2008 1518 καὶ

422 1553 794 1623 ἀκατανόητον
828 1554 1055 1621 ἀγαθὸν,
1079 1555 1138 1607 τὸ
1167 1556 1541 1627 ἀνέκφραστον
1560 1557 1772 1620 κάλλος,
1795 1559 1827 1628 ἡ
1856 1558 2007 1611 αὑτο-

420 1645 606 1717 χάρις,
641 1646 735 1700 καὶ
769 1647 962 1716 σοφία,
995 1649 1087 1701 καὶ
1138 1648 1367 1720 δύναμις
1389 1668 1400 1681 ·
1431 1651 1493 1703 τὸ
1548 1651 1801 1722 ἀληθινὸν
1852 1651 1998 1721 φῶς.

422 1737 458 1803 ἡ
490 1735 641 1805 πηγὴ
690 1737 872 1807 πάσης
898 1737 1229 1808 ἁγαθότητος
1252 1757 1265 1769 ·
1292 1740 1324 1810 ἡ
1349 1741 1716 1812 ὑπερκειμένη
1746 1740 1837 1794 τοῦ
1871 1757 2005 1795 παν-

417 1827 514 1890 τὸς
536 1827 755 1891 ἐξουσία
780 1846 794 1859 ο
812 1829 875 1882 τὸ
897 1829 1056 1899 μόνον
1082 1832 1366 1902 ἐράσμιον,
1394 1834 1454 1886 τὸ
1474 1833 1559 1886 ἀεὶ
1578 1834 1837 1897 ὡσαύτως
1856 1833 1997 1905 ἔχον.

416 1916 483 1966 τὸ
520 1914 765 1985 διηνεκὲς
793 1917 1103 1989 ἀγαλλίαμα
1126 1934 1140 1947 ·
1162 1920 1195 1989 ἡ
1235 1920 1400 1985 ἀΐδιος
1422 1922 1726 1993 εὐφροσύνη
1746 1942 1758 1955 ·
1785 1924 1910 1994 περὶ
1932 1920 2001 1994 ἧς

421 2006 604 2060 πάντα
638 2024 722 2070 τις
753 2007 789 2061 ἃ.
837 2006 1063 2063 δύναται
1092 2010 1305 2077 λέγων,
1337 2011 1485 2080 λέγει
1532 2013 1642 2066 τῶν
1692 2015 1808 2067 κατ’
1842 2013 1998 2078 ἀξίαν
2032 1998 2073 2052 Β

417 2096 593 2152 οὐδέν.
627 2095 765 2167 (lbra
817 2098 927 2171 γὰρ
963 2101 996 2171 ἡ
1039 2099 1246 2155 διάνοια
1293 2099 1628 2157 καθικνεῖται
1665 2103 1759 2157 τοῦ
1808 2104 1961 2167 ὄντος
1986 2144 2001 2167 ,

419 2188 525 2242 κάν
560 2206 613 2242 τι
648 2190 775 2262 περὶ
808 2169 971 2245 αὑτοῦ
985 2169 1104 2245 τῶν
1137 2192 1482 2265 ὑψηλοτέρων
1521 2195 1708 2264 νοῆσαι
1745 2197 2003 2267 χωρήσω-

422 2296 544 2348 μεν,
582 2278 754 2333 οὑδενὶ
786 2279 931 2351 λόγῳ
957 2281 1018 2334 τὸ
1045 2282 1237 2353 νοηθὲν
1265 2282 1665 2352 ἐξαγγέλλεται.
1712 2285 1867 2339 Ἐπεὶ
1897 2284 1954 2339 δὲ
1976 2286 2003 2338 6

420 2370 637 2435 πλάσας
682 2371 773 2424 τὸν
817 2372 1140 2444 ἄνθρωπον,
1176 2374 1297 2447 κατ’
1350 2374 1533 2427 εἰκόνα
1575 2374 1711 2427 Θεοῦ
1747 2376 2002 2447 ἐποίησεν

417 2462 617 2516 αὐτόν’
658 2463 926 2535 δευτέρως
953 2463 1020 2518 ἂν
1050 2462 1135 2536 εἴη
1175 2466 1512 2540 μακαριστὸν
1540 2466 1603 2519 τὸ
1640 2466 1778 2521 κατὰ
1814 2484 2005 2538 μετου-

418 2555 542 2609 σίαν
573 2556 671 2626 τῆς
711 2555 878 2619 ὅντως
924 2556 1321 2627 μακαριότητος
1364 2558 1423 2611 ἐν
1463 2558 1539 2629 τῷ
1575 2559 1799 2630 ὀνόματι
1832 2560 2003 2629 τούτῳ

417 2644 725 2714 γινόμενον.
746 2645 957 2716 Ὥσπερ
979 2646 1087 2717 γὰρ
1103 2646 1195 2698 ἐπὶ
1211 2646 1307 2715 τῆς
1340 2647 1659 2717 σωματικῆς
1674 2650 1732 2702 εὑ
1741 2649 2003 2723 μορφίας,

415 2738 480 2789 τὸ
512 2737 611 2806 μὲν
658 2737 1011 2808 πρωτὸτυπον
1061 2737 1255 2801 κάλλος
1293 2739 1349 2791 ὲν
1390 2738 1469 2809 τῷ
1516 2739 1679 2802 ζῶντι
1723 2739 2001 2813 προσώπῳ

418 2826 539 2879 ἐστὶ
590 2828 683 2881 καὶ
736 2827 1041 2895 ὑφεστῶτι,
1088 2826 1391 2899 δευτερεύει
1420 2829 1476 2882 δὲ
1523 2829 1713 2882 τούτου
1759 2829 1818 2883 τὸ
1861 2831 2001 2883 κατὰ

422 2917 655 2988 μίμησιν
702 2919 794 2971 ἐπὶ
825 2920 924 2990 τῆς
971 2921 1179 2993 είκιίνος
1210 2920 1558 2991 δεικνύμενον
1592 2938 1604 2952 ·
1637 2920 1811 2986 οὕτως
1842 2924 1937 2977 καί⁵
1967 2926 1998 2994 ἠ

416 3006 733 3079 ἀνθρωπίνη
761 3010 922 3083 φύσις
940 3048 954 3071 ,
982 3011 1145 3064 εἰκὼν
1171 3006 1305 3065 οὖσα
1329 3013 1428 3082 τῆς
1467 3013 1867 3084 ὑπερκειμένης
1898 3032 2001 3084 μα-

416 3100 762 3170 καριότητος.
790 3102 882 3153 καὶ
905 3101 1042 3172 αὑτὴ
1067 3102 1144 3173 τῷ
1170 3102 1361 3174 ἀγαθῷ
1384 3104 1570 3157 κάλλει
1598 3104 1999 3177 χαρακτηρίζε-

416 3206 529 3255 ται,
564 3191 691 3245 ὄταν
739 3192 824 3261 ἐφ’
872 3194 1067 3264 ἑαυτῆς
1116 3194 1350 3248 δεικνύει
1404 3196 1501 3261 τὰς
1550 3197 1657 3250 τῶν
1715 3198 2000 3269 μακαρίων

2116 740 2325 796 ratione
2351 742 2611 797 contrarii
2656 743 2873 812 planius
2911 744 3027 801 ﬁeri
3091 728 3221 815 quid
3258 761 3354 817 per
3389 728 3686 806 beatitudi-

2114 846 2238 885 nem
2283 833 2655 904 signiﬁcetur;
2699 837 2979 895 contraria
3010 846 3187 893 autem
3225 838 3551 896 beatitudini
3582 843 3688 898 mi-

2114 924 2257 977 seria
2292 934 2396 981 est.
2428 925 2647 1001 Miseria
2673 929 2837 999 igitur
2866 937 2950 997 est
2978 930 3032 984 in
3076 931 3291 988 acerbis
3343 948 3406 988 ac
3434 935 3687 992 tristibus

2114 1024 2415 1086 nostraque
2463 1019 2743 1076 voluntate
2784 1036 2896 1077 non
2954 1023 3332 1082 accidentibus
3378 1026 3601 1085 casibus
3634 1036 3690 1084 et

2111 1107 2515 1167 calamitatibus
2554 1126 2817 1190 aerumna.
2864 1111 3092 1187 Aﬂ‘ectio
3134 1115 3259 1171 item
3324 1131 3516 1172 eorum
3564 1134 3688 1190 quae

2111 1199 2165 1252 in
2201 1200 2335 1269 ipsis
2370 1201 2525 1269 tiunt,
2594 1188 2663 1259 ini
2702 1213 2933 1275 utroque
2980 1207 3036 1261 in
3078 1209 3418 1264 contrarium
3450 1210 3683 1267 deducta

2110 1296 2273 1357 atque
2306 1290 2479 1349 divisa
2517 1302 2620 1349 est.
2651 1292 2785 1348 Nam
2812 1297 2861 1352 ei
2915 1299 3009 1370 qui
3038 1300 3256 1373 quidem
3287 1301 3481 1359 beatus
3511 1304 3682 1361 hahe-

2111 1382 2219 1439 tur,
2279 1377 2350 1432 ob
2389 1394 2477 1435 res
2516 1380 2585 1435 ad
2636 1380 2922 1451 fruendum
2978 1387 3083 1442 sibi
3134 1390 3443 1467 propositas
3487 1393 3682 1460 laetari,

2110 1462 2209 1517 sibi
2246 1465 2461 1535 placere
2496 1476 2550 1524 et
2585 1471 2863 1527 exsultare
2896 1472 3063 1540 licet;
3106 1476 3153 1530 ei
3206 1462 3335 1531 vero
3381 1478 3473 1548 qui
3517 1481 3685 1535 miser

2108 1554 2472 1624 existimatur,
2505 1560 2668 1616 rebus
2706 1562 2809 1619 sibi
2841 1565 3202 1630 praesentibus
3243 1569 3367 1639 angi
3401 1577 3565 1645 atque
3593 1573 3688 1627 (ἰο-

2108 1646 2219 1702 lere
2257 1650 2543 1721 eontiugit.
2581 1651 2756 1708 Porro
2795 1656 2941 1725 quod
2976 1673 3100 1727 vere
3130 1659 3346 1733 beatum
3371 1656 3683 1719 habendum

2106 1738 2195 1801 sit,
2244 1738 2421 1807 ipsum
2475 1742 2718 1797 divinum
2760 1761 2962 1800 numen
3004 1756 3107 1802 est.
3143 1748 3278 1803 Nam
3329 1753 3595 1827 quidquid
3630 1750 3683 1811 id

2105 1831 2320 1886 tandem
2350 1849 2472 1889 esse
2504 1849 2804 1904 ponamus,
2848 1837 3126 1896 beatitudo
3157 1850 3243 1897 est
3274 1843 3364 1919 illa
3400 1830 3686 1925 immorta-

2106 1921 2174 1978 lis
2207 1930 2261 1976 et
2292 1922 2608 1994 incorrupta
2650 1927 2780 1995 vita,
2820 1928 3092 1987 inell‘abile
3113 1933 3319 2005 pariter
3349 1943 3404 1992 et
3436 1921 3678 1992 inanim.

2104 2012 2427 2071 adversibile
2481 2024 2647 2088 atque
2697 2020 3116 2092 inexcogitabile
3157 2024 3384 2089 bonum.
3456 2028 3681 2100 inenar-

2105 2102 2293 2158 rabilis
2326 2105 2835 2179 inexplicabilisque
2867 2111 3241 2187 pulchritudo,
3276 2131 3304 2169 a
3338 2116 3517 2189 seipsa
3553 2135 3682 2190 pro-

2106 2190 2266 2254 recta.
2302 2209 2333 2248 a
2366 2196 2544 2267 seipsa
2576 2197 2721 2261 data,
2754 2208 2807 2254 et
2844 2200 3038 2270 gratia,
3069 2209 3123 2256 et
3166 2204 3452 2274 sapientia,
3492 2217 3547 2261 et
3586 2223 3685 2281 po-

2104 2282 2292 2347 tentia,
2343 2299 2470 2340 vera
2506 2286 2619 2352 lux,
2673 2287 2795 2346 fons
2830 2292 3009 2347 omnis
3036 2293 3318 2367 bonitatis,
3355 2298 3522 2369 rebus
3561 2303 3684 2357 uni-

2105 2375 2279 2428 versis
2332 2378 2630 2445 prmsidens
2681 2394 2746 2436 ac
2781 2382 3205 2455 superimposita
3254 2398 3520 2458 potestas,
3563 2393 3681 2447 sola

2104 2465 2377 2531 amabilis,
2414 2483 2628 2539 semper
2661 2470 2847 2527 eodem
2876 2475 3038 2531 modo
3079 2493 3201 2553 sese
3228 2478 3455 2551 habens,
3486 2499 3682 2555 perpe-

2105 2564 2193 2610 tua
2235 2559 2549 2626 exsultatio,
2606 2564 2939 2634 sempiterna
2986 2568 3195 2637 laetitia,
3246 2571 3314 2628 de
3338 2590 3446 2643 qua
3478 2577 3522 2631 si
3554 2578 3681 2648 quis

2102 2648 2247 2705 dicat
2283 2652 2462 2707 omnia
2499 2668 2618 2723 qua:
2651 2656 2849 2724 possit,
2875 2659 3010 2713 nihil
3039 2661 3173 2717 dicit
3198 2678 3390 2731 eorum
3449 2684 3572 2739 qua:
3602 2672 3680 2726 rei

2102 2737 2342 2807 dignitas
2377 2743 2615 2811 postulat
2650 2751 2811 2814 atque
2852 2749 3100 2817 requirit.
3136 2750 3321 2822 Neque
3346 2737 3496 2810 enim
3526 2758 3682 2829 intel-

2103 2828 2323 2898 ligentia
2371 2834 2680 2905 mentisque
2734 2847 2789 2893 et
2835 2841 3041 2913 ingenii
3080 2843 3306 2912 agitatio
3356 2848 3576 2920 attingit
3624 2828 3681 2908 et

2103 2922 2418 2991 assequitur
2446 2923 2498 2977 id
2525 2926 2670 2994 quod
2698 2937 2805 2992 est,
2841 2938 3003 3001 atque
3040 2934 3199 2987 etiam
3241 2935 3286 2993 si
3324 2937 3454 3005 quid
3487 2938 3555 2994 de
3587 2941 3682 3011 illo

2101 3010 2245 3065 bono
2284 3015 2369 3066 vel
2409 3014 2699 3102 sublimius
2729 3026 2782 3074 et
2813 3020 2981 3077 altius
3012 3023 3252 3099 cogitare
3281 3033 3335 3081 et
3381 3010 3683 3103 intelligere

2103 3100 2399 3168 valeamus,
2454 3092 2603 3159 nulla
2652 3114 2835 3163 tamen
2884 3092 3100 3167 ratione
3128 3094 3211 3168 vel
3244 3117 3496 3173 oratione
3535 3092 3682 3190 q'uod

2101 3193 2373 3261 cogitatur
2411 3203 2465 3250 et
2503 3195 2827 3269 intelligitur
2886 3204 3224 3261 enuntiatur.
3266 3207 3535 3273 Quoniam
3580 3226 3682 3267 au-

416 3281 782 3352 χαρακτήρων
829 3283 1114 3353 ἐμφάσεις.
1161 3284 1300 3338 Ἀλλ’
1334 3286 1521 3357 ἐπειδὴ
1547 3290 1575 3340 6
1595 3287 1695 3384 τῆς
1724 3278 1998 3360 ἁμαρτίας

2108 3291 2213 3336 tem
2261 3284 2308 3339 is
2345 3286 2440 3355 qui
2494 3288 2650 3345 ﬁnxit
2687 3284 2984 3359 hominem,
3039 3298 3338 3353 secundum
3388 3302 3680 3373 imaginem

417 3370 591 3441 ῥύπος
612 3371 673 3425 τὸ
700 3372 793 3424 ἐπὶ
844 3373 1046 3437 εἰκόνος
1069 3373 1264 3437 κάλλος
1291 3376 1589 3446 ὴχρείωσεν
1607 3394 1619 3406 ’
1652 3373 1814 3447 ἦλθεν
1849 3380 1878 3431 6
1907 3381 2000 3432 ὲκ-

417 3464 622 3519 νίπτων
670 3465 817 3533 ημᾶς
848 3464 928 3536 τῷ
957 3465 1070 3535 ἰδίῳ
1104 3465 1258 3518 ὑδατι
1278 3509 1293 3531 ,
1321 3465 1400 3536 τῷ
1429 3466 1590 3530 ζῶντί
1629 3485 1687 3521 τε
1724 3469 1818 3521 καὶ
1849 3469 2000 3522 ἀλλο-

419 3552 567 3622 μένῳ
604 3555 684 3618 είς
714 3552 860 3625 ζωὴν
896 3553 1129 3619 αἰώνιον,
1163 3554 1303 3627 ὥστε
1354 3556 1501 3626 ἡμᾶς
1539 3556 1904 3631 ἀποθεμένους
1942 3558 2003 3611 τὸ

414 3640 479 3708 ἐξ
507 3644 779 3714 ἁμαρτίας
812 3640 1018 3715 αἶσχος,
1060 3645 1220 3699 πάλιν
1260 3647 1399 3700 κατὰ
1429 3647 1527 3705 τὴν
1559 3649 1836 3718 μακαρίαν
1869 3650 2000 3702 ἁνα-

421 3734 764 3806 καινισθῆναι
800 3739 1035 3807 μορφήν.
1074 3739 1183 3790 Καὶ
1231 3735 1480 3807 καθάπερ
1517 3738 1609 3791 ἐπὶ
1646 3738 1745 3808 τῆς
1784 3738 1999 3810 ζωγρα-

417 3827 588 3900 φικῆς
608 3828 804 3898 τέχνης
826 3830 970 3882 εῖποι
999 3829 1062 3882 ἄν
1091 3848 1172 3893 τις
1210 3830 1346 3901 πρὸς
1378 3831 1504 3894 τοὺς
1538 3831 1797 3903 ἀπείρους
1821 3834 1848 3884 6
1878 3834 1998 3884 ἐπι-

415 3922 677 3992 στήμων,
713 3923 889 3977 ἐκεῖνο
944 3921 1105 3976 καλὸν
1159 3917 1297 3974 εἶναι
1348 3922 1410 3975 τὸ
1457 3922 1787 3994 πρόσωπον,
1823 3922 1883 3975 τὸ
1936 3925 1999 3975 ἐκ

415 4012 635 4067 τοιῶνδε
677 4012 784 4065 τῶν
832 4012 927 4065 τοῦ
971 4012 1222 4082 σώματος
1280 4014 1483 4085 μορίων
1536 4015 1924 4085 συγκείμενονο

413 4103 563 4173 κόμη
599 4120 659 4155 τε
691 4103 868 4157 τοιάδε
888 4143 903 4164 ,
935 4104 1028 4156 καὶ
1074 4103 1367 4174 ὀφθαλμῶν
1398 4103 1606 4168 κύκλοι,
1643 4105 1735 4157 καὶ
1779 4104 1998 4175 ὀφρύων

414 4193 775 4265 περιγραφαὶ,
801 4194 894 4246 καὶ
921 4194 1159 4264 παρειῶν
1200 4195 1367 4258 θέσις,
1400 4197 1494 4248 καὶ
1522 4195 1591 4249 τὰ
1623 4196 1745 4249 καθ’
1767 4196 1996 4251 ἕκαστον

415 4285 597 4343 πάντα
625 4285 693 4338 δι’
722 4278 799 4338 ὧν
844 4285 1259 4356 συμπληροῢται
1287 4288 1321 4357 ἡ
1356 4287 1629 4358 εὐμορφία
1652 4304 1664 4316 ·
1695 4286 1866 4353 οὑτως
1903 4289 1997 4342 καὶ

415 4374 562 4446 ὁτὴν
583 4376 855 4445 ἡμετέραν
883 4375 1018 4444 πρὸς
1039 4374 1136 4444 τὴν
1161 4375 1254 4430 τοῦ
1280 4376 1441 4446 μένου
1472 4377 1739 4449 μακαρίου
1766 4377 1996 4447 μίμησιν

411 4462 828 4535 ἀναζωγραφιῖΝ
874 4463 1056 4534 ψυχὴ,
1091 4464 1159 4521 τὰ
1197 4465 1318 4518 καθ’
1359 4465 1587 4521 ἕκαστον
1632 4467 1738 4520 τῶν
1776 4471 1855 4532 εἰς
1893 4488 1994 4539 μα-

412 4554 682 4623 καρισμὸν
723 4554 1142 4619 συντεινόντων,
1200 4556 1505 4629 ὑπογράφει
1554 4556 1630 4626 τῷ
1680 4557 1853 4628 λόγῳ,
1904 4560 1998 4613 καί

2109 3370 2203 3425 Dei
2244 3372 2371 3430 fecit
2410 3390 2573 3441 eum“
2610 3381 2855 3435 secundo
2900 3384 3020 3439 loco
3064 3388 3280 3442 beatum
3322 3370 3681 3467 judicahdum

2109 3461 2269 3516 fuerit
2299 3463 2350 3518 id
2393 3467 2539 3534 quod
2569 3484 2665 3537 per
2693 3474 3245 3537 communicationem
3291 3488 3344 3533 et
3386 3462 3684 3558 participat;

2105 3552 2303 3608 tionem
2332 3555 2451 3623 ejus
2482 3573 2601 3626 quae
2631 3576 2756 3615 vere
2808 3562 3041 3620 beatitas
3066 3576 3169 3644 est,
3201 3567 3305 3625 hoc
3340 3552 3560 3647 nomine
3585 3552 3683 3647 ap-

2104 3644 2354 3711 pellatur.
2383 3646 2848 3712 Quemadmodum
2871 3656 3016 3709 enim
3044 3657 3097 3711 in
3126 3662 3406 3727 praestanti
3432 3644 3683 3736 corporis

2104 3730 2299 3795 forma,
2329 3735 2649 3806 principalis
2679 3739 2896 3808 quidem
2937 3758 3001 3798 ae
3032 3746 3292 3814 primaria
3324 3730 3681 3820 pulchritudo

2104 3822 2157 3877 in
2185 3824 2384 3881 viventi
2416 3842 2652 3899 vereque
2692 3831 3016 3891 subsistenti
3051 3837 3188 3895 facie
3220 3850 3337 3908 est,
3376 3848 3679 3904 secundum

2102 3929 2232 3967 vero
2264 3916 2444 3971 locum
2478 3920 2547 3975 ab
2577 3921 2680 3977 hac
2709 3924 2919 3982 obtinet
2948 3927 3002 3983 id
3054 3933 3197 4001 quod
3226 3935 3295 4007 ad
3318 3936 3679 3997 imitationem

2102 4007 2221 4077 ejus
2271 4008 2326 4064 in
2368 4010 2605 4084 imagine
2652 4023 2817 4089 atque
2870 4014 3167 4080 simulacro
3216 4029 3561 4090 ostenditur:
3603 4035 3680 4089 ita

2102 4107 2298 4155 natura
2335 4118 2553 4175 quoque
2592 4107 2854 4174 humana,
2895 4128 3019 4184 quae
3050 4123 3134 4171 est
3169 4118 3371 4191 etligies
3409 4131 3462 4178 et
3498 4126 3680 4197 imago

2104 4205 2353 4261 supernae
2396 4194 2775 4265 beatitudinis,
2818 4203 2984 4259 etiam
3034 4206 3152 4277 ipsa
3185 4210 3328 4268 bona
3367 4194 3680 4283 pulchritu-

2102 4284 2229 4340 dine
2257 4284 2599 4355 designatur,
2641 4305 2765 4346 cum
2806 4293 2861 4348 in
2894 4310 3015 4352 sese
3049 4298 3335 4361 beatorum
3376 4307 3681 4365 ostenderit

2102 4375 2396 4447 insignium
2428 4380 2857 4450 signiﬁcationes
2894 4394 2948 4441 et
2978 4394 3512 4461 reprmsentationes.
3568 4400 3678 4455 Sed
3750 4376 3773 4385 Ἰ

2101 4468 2230 4537 quia
2262 4471 2470 4538 peccati
2510 4473 2703 4529 sordes
2731 4475 3197 4545 pulchritudinem
3240 4484 3496 4555 imaginis
3524 4489 3675 4546 labe-

2101 4556 2379 4614 factarunt
2406 4568 2461 4615 et
2486 4560 2732 4619 inutilem
2777 4558 3151 4637 reddiderunt,
3180 4574 3327 4631 venit
3354 4576 3403 4633 is
3438 4579 3532 4649 qui
3574 4596 3678 4638 nos

413 4659 579 4713 φησιν
602 4644 659 4695 ἐν
690 4642 943 4715 πρώτοις’
970 4634 1258 4712 Μακάριοι
1285 4646 1572 4715 οἱπτωχοὶ
1590 4646 1667 4712 τῷ
1687 4649 1997 4719 πνεύματι,

2105 4648 2311 4704 clueret
2340 4665 2439 4704 sua
2470 4667 2634 4723 aqua,
2668 4656 2872 4711 viventi
2912 4661 3118 4729 pariter
3147 4678 3212 4719 ac
3255 4634 3476 4724 salienti
3510 4671 3565 4726 in
3594 4673 3679 4729 vi-

419 4735 513 4786 ὅτι
544 4732 744 4789 αὐτῶν
780 4734 948 4789 ἐστιν
976 4735 1015 4802 ἡ
1040 4735 1330 4805 βασιλεία
1365 4736 1484 4790 τῶν
1510 4736 1800 4805 οὐρανῶν.

2108 4751 2216 4796 tam
2247 4751 2532 4810 :eternam,
2564 4754 2644 4811 ut,
2684 4746 2931 4819 deposita
2982 4754 3317 4825 turpitudine
3346 4776 3415 4818 ex
3452 4772 3678 4832 peccato

413 4835 716 4891 contracta,
745 4829 813 4881 ad
842 4829 1058 4898 beatam
1087 4827 1316 4883 formam
1348 4844 1693 4887 renoventur.
1742 4832 1821 4886 Ae
1854 4832 2312 4903 quemadmodum
2351 4837 2407 4890 in
2473 4845 2591 4895 arte
2650 4841 2910 4911 pingendi
2960 4845 3007 4899 si
3057 4848 3182 4917 quis
3230 4851 3353 4920 ejus
3417 4855 3498 4909 rei
3564 4871 3677 4913 non

409 4924 639 4993 ignarus
687 4921 873 4985 fuerit,
930 4924 997 4981 ad
1034 4924 1318 4994 imperitos
1347 4924 1529 4989 dicere
1577 4928 1774 4996 possit,
1832 4928 1978 4992 illam
2017 4929 2301 4998 pulchram
2337 4946 2461 4987 esse
2495 4932 2713 5001 faciem,
2744 4952 2864 5005 qua:
2886 4952 2951 4993 ex
2982 4941 3188 5001 talibus
3249 4947 3498 5016 corporis
3554 4963 3678 5019 par-

408 5016 560 5071 tibus
585 5025 822 5084 constet,
868 5019 957 5075 cui
988 5026 1041 5073 et
1080 5018 1311 5088 capillus
1341 5020 1490 5087 talis,
1548 5030 1603 5079 et
1671 5023 1955 5079 oculorum
2032 5025 2217 5090 orbes,
2270 5033 2325 5081 et
2373 5029 2794 5098 superciliorum
2844 5032 3264 5105 descriptiones,
3303 5048 3358 5095 et
3409 5016 3673 5110 genarum

409 5110 736 5182 positiones,
767 5120 821 5167 et
852 5112 1167 5183 singulatim
1197 5114 1380 5171 omnia
1411 5116 1613 5185 quibus
1645 5116 1835 5191 formae
1863 5120 2180 5190 praestantia
2213 5124 2542 5192 completur,
2607 5125 2810 5190 adsint.
2858 5130 3047 5185 eodem
3099 5133 3262 5188 modo
3327 5136 3374 5191 is
3448 5138 3542 5206 qui
3607 5141 3676 5196 ad

407 5204 776 5260 imitationem
809 5204 951 5273 ejus,
994 5205 1138 5274 quod
1170 5205 1347 5260 solum
1373 5207 1589 5264 beatum
1624 5216 1730 5274 est,
1792 5211 2030 5267 animam
2086 5224 2331 5271 nostram
2364 5218 2521 5287 quasi
2573 5218 2846 5288 pingendo
2880 5223 3255 5288 reconcinnat,
3299 5227 3516 5298 singula
3556 5248 3679 5302 quae

409 5301 723 5371 pertineant
757 5300 825 5354 ad
866 5300 1260 5357 beatitudinem
1314 5317 1567 5359 sermone
1614 5305 1899 5373 describit,
1938 5315 1992 5362 et
2030 5311 2106 5362 ait
2135 5310 2191 5365 in
2218 5311 2432 5381 primis,
2458 5312 2609 5368 Beati
2633 5328 2884 5384 pauperes
2910 5316 3121 5385 spiritu,
3183 5321 3433 5390 quoniam
3493 5300 3676 5381 eorum

405 5402 492 5450 est
516 5410 733 5464 regnum
762 5393 1032 5457 calorum.

472 5482 633 5537 Ἀλλὰ
654 5482 707 5537 τί
728 5483 918 5554 κέρδος
940 5486 1006 5539 ὲκ
1029 5484 1128 5557 τῆς
1153 5485 1565 5557 μεγαλοδωρεᾶς
1587 5488 1895 5557 γενήσεται,
1919 5489 1995 5561 μὴ

406 5574 816 5647 φανερωθείσης
846 5575 976 5645 ἡμῖν
999 5575 1098 5646 τῆς
1114 5576 1436 5647 ἐγκειμένης
1462 5577 1697 5640 διανοίας
1716 5578 1795 5648 τῷ
1821 5578 1993 5650 λόγῳ;

405 5666 522 5720 Καὶ
542 5665 652 5737 γὰρ
679 5666 772 5720 ἐπὶ
788 5666 887 5736 τῆς
918 5667 1189 5737 ἰατρικῆς,
1217 5667 1388 5721 πολλὰ
1406 5668 1515 5721 τῶν
1532 5669 1727 5740 τιμίων
1755 5670 1846 5724 καὶ
1866 5671 1995 5725 δυσ-

405 5756 686 5826 πορίστων
718 5757 1026 5828 φαρμάκων
1055 5756 1303 5829 ἄχρηστα
1329 5762 1441 5823 τοῖς
1470 5761 1723 5829 ἀγνοοῦσι
1753 5762 1847 5816 καὶ
1869 5761 1993 5816 ἀνό-

404 5863 544 5916 νητα
572 5846 743 5919 μένει,
765 5847 871 5912 ἕως
899 5847 968 5901 ἂν
997 5849 1077 5912 είς
1105 5849 1134 5902 ὅ
1169 5866 1222 5902 τι
1244 5850 1510 5921 χρήσιμον
1539 5853 1768 5907 ἕκαστον
1789 5854 1993 5907 τούτων

409 5933 560 5992 ἐστὶν
591 5934 743 6004 παρὰ
782 5935 881 6006 τῆς
926 5935 1141 6009 τέχνης.
1173 5938 1513 6011 ἀκούσωμεν.
1558 5940 1623 5996 Τί
1654 5940 1748 5998 οὖν
1780 5946 1896 5999 ἐστι
1926 5944 1988 5998 τὸ

2170 5488 2374 5545 Verum
2421 5489 2553 5560 quid
2591 5489 2731 5544 lucri
2782 5504 2850 5545 ex
2888 5503 2955 5545 ea
3005 5491 3382 5549 munificentia
3430 5497 3676 5564 accedet,

2098 5595 2222 5635 cum
2255 5581 2526 5637 sententia
2558 5596 2680 5652 quae
2712 5581 2768 5635 in
2808 5580 2878 5637 iis
2912 5582 3094 5639 verbis
3145 5586 3460 5643 continetur
3515 5590 3676 5647 nobis

2097 5671 2373 5729 declarata
2410 5688 2521 5728 non
2553 5672 2668 5729 sit?
2692 5671 2906 5727 Etenim
2941 5672 2998 5728 in
3034 5673 3310 5732 medicina
3351 5678 3521 5735 multa
3553 5694 3680 5750 pre-

2098 5762 2237 5817 tiosa
2276 5768 2709 5830 comparatuque
2751 5769 2917 5831 atque
2952 5761 3180 5819 inventu
3220 5765 3459 5822 diﬂlcilia
3506 5771 3677 5826 medi-

2099 5858 2350 5907 camenta
2393 5849 2721 5922 infrugit'era
2762 5851 3510 5926 inutiliaque‘ignorantibus
3556 5872 3675 5915 ma-

2098 5951 2250 6010 nent,
2290 5943 2466 6000 donec
2508 5943 2577 6000 ab
2619 5951 2738 6002 arte
2782 5943 3153 6004 audiverimus
3208 5949 3279 6004 ad
3317 5950 3444 6020 quid
3478 5948 3673 6005 horum
