4018 6378
409 536 548 595 1199

1617 535 1673 591 S.
1718 537 2043 594 GREGORII
2083 536 2374 594 hYSSENI

3536 541 3681 597 £200

383 651 664 724 .quodque
697 651 830 707 utile
864 652 953 708 sit.
990 650 1131 718 Quid
1185 651 1351 723 igitur
1398 662 1503 720 est,
1536 669 1824 725 pauperem
1866 670 1989 710 esse

2094 655 2405 725 πτωχεύσαι
2440 653 2516 725 τῷ
2553 653 2840 725 πνεύματι,
2878 653 2944 707 δι’
2984 645 3046 707 οὗ
3094 653 3426 725 περιγίνεται
3473 656 3534 708 τὸ
3576 658 3679 727 τῆς

409 744 628 815 spiritu,
669 759 766 815 per
796 743 943 816 quod
975 760 1144 816 regno
1181 746 1447 803 caelorum
1482 748 1647 819 potiri
1682 748 1989 819 contingit?

410 834 527 890 Duo
556 834 876 891 divitiarum
904 852 1027 893 esse
1055 853 1253 908 genera
1284 855 1314 894 a
1349 837 1636 910 Scriptura
1666 840 1983 902 didicimus.

408 941 576 981 unum
626 927 771 997 quod
815 928 1077 997 probetur
1122 938 1177 985 et
1208 937 1518 1001 expetatur,
1570 931 1801 986 alterum
1838 931 1984 1003 quod

406 1019 697 1074 damnetur
721 1026 776 1075 et
805 1020 1168 1092 improbetur.
1209 1020 1544 1093 Expetenda:
1574 1024 1794 1095 quidem
1822 1033 1988 1094 atque

408 1107 703 1177 probandae
748 1109 1013 1165 virtutum
1059 1111 1265 1168 divitiae
1304 1120 1471 1179 sunt;
1507 1108 1987 1170 criminationibus

408 1204 590 1254 autem
619 1197 872 1254 obnoxia:
892 1206 1022 1255 sunt
1046 1208 1100 1255 et
1128 1200 1510 1271 improbantur
1545 1203 1856 1260 materiales
1888 1218 1985 1274 pa-

405 1289 541 1345 riter
581 1298 745 1361 atque
783 1297 1036 1356 terrenae,
1088 1291 1349 1362 quoniam
1382 1292 1490 1348 illa:
1527 1293 1748 1364 quidem
1791 1294 1988 1350 animae

404 1396 538 1452 opes
553 1381 825 1440 exsistunt
843 1400 859 1450 ;
876 1382 962 1439 ha:
985 1398 1115 1439 vero
1139 1383 1206 1439 ad
1231 1384 1555 1455 decipienda
1578 1401 1839 1442 sensuum
1856 1401 1985 1443 vasa

406 1473 616 1531 idonea:
663 1482 815 1531 sunt.
850 1473 1218 1542 Quamobrem
1272 1478 1374 1534 has
1417 1476 1677 1549 colligere
1721 1476 1988 1534 Dominus

404 1572 575 1630 vetat,
605 1565 808 1637 quippe
836 1564 1111 1621 tinearum
1139 1568 1482 1639 corruptioni
1513 1568 1842 1638 insidiisque
1886 1581 1988 1623 no—

404 1666 729 1714 cturnorum
791 1656 977 1715 furum
1037 1658 1337 1731 expositas.
1414 1658 1741 1714 Sublimium
1807 1668 1986 1713 autem

405 1764 590 1806 rerum
640 1748 868 1817 divitiis,
922 1764 1062 1821 quas
1105 1750 1190 1807 vis
1239 1749 1556 1821 corruptrix
1596 1764 1715 1805 non
1749 1748 1985 1821 attingit,

405 1837 630 1897 studere
668 1854 772 1896 nos
801 1838 975 1911 jubet.
1004 1838 1188 1896 Tineaa
1228 1847 1409 1896 autem
1448 1849 1501 1896 et
1536 1839 1672 1896 iuris
1715 1839 1989 1896 mentione

405 1927 571 1993 facta,
618 1927 917 1998 perniciem
968 1927 1169 1984 animae
1198 1929 1587 1986 thesaurorum
1623 1927 1883 1986 ostendit.
1930 1925 1985 1982 Si

2093 748 2367 818 βασιλείας
2390 747 2500 801 τῶν
2533 747 2777 819 οὐρανῶν
2798 746 3040 818 ἐγκρατῆ
3062 746 3345 816 γενέσθαι;
3373 748 3478 803 Δύο
3507 751 3679 804 πλού-

2089 855 2218 902 τους
2256 839 2407 911 ποιρά
2438 839 2535 909 τῆς
2584 837 2806 910 Γραφῆς
2845 836 3396 908 μεμαθήκαμενοδα
3443 839 3679 895 σπουδα-

2089 929 2334 1000 ζόμενον,
2367 929 2463 982 καὶ
2497 928 2594 982 ἕνα
2644 927 3129 1000 κατακρινόμενον.
3169 928 3537 995 Σπουδάζεται
3576 931 3678 1002 μὲν

2087 1021 2116 1072 ὁ
2139 1019 2250 1074 τῶν
2277 1018 2490 1090 ἀρετῶν
2505 1018 2734 1084 πλοῦτος
2752 1059 2768 1085 ,
2795 1017 3136 1074 διασάλλεται
3157 1018 3214 1072 δὲ
3236 1021 3266 1073 ό
3294 1019 3476 1084 ύλικός
3492 1038 3551 1073 τε
3581 1023 3678 1074 καὶ
3732 1006 3739 1011 ’

2087 1109 2306 1178 γήϊνος·
2341 1108 2424 1162 ὅτι
2451 1109 2480 1162 ὁ
2511 1108 2609 1180 μὲν
2642 1109 2740 1179 τῆς
2786 1108 2965 1180 ψυχῆς
3005 1108 3216 1177 γίνεται
3275 1110 3494 1180 κτῆμα,
3522 1104 3678 1174 οὗτος

2086 1196 2144 1251 δὲ
2195 1198 2334 1269 πρὸς
2376 1201 2475 1269 τὴν
2523 1199 2632 1253 τῶν
2678 1198 3049 1271 αἰσθητηρίων
3097 1199 3314 1268 ἀπάτην
3355 1201 3681 1272 ἐπιτηδείως
3716 1206 3724 1215 ’

2087 1289 2219 1360 ἔχει.
2262 1290 2351 1344 Διὸ
2387 1289 2587 1345 κωλύει
2637 1289 2829 1344 τοῦτον
2875 1289 3225 1362 θησαυρίζειν
3260 1292 3289 1345 ὁ
3326 1290 3559 1364 Κύριος,
3598 1291 3677 1354 ὡς

2087 1381 2167 1444 είς
2199 1379 2404 1451 βρῶσιν
2436 1381 2615 1451 θητῶν
2658 1380 2752 1435 καὶ
2797 1382 2876 1445 είς
2908 1380 3200 1450 ἐπιϐουλὴν
3250 1378 3362 1433 τῶν
3415 1397 3677 1451 τοιχωρυ·

2086 1470 2324 1542 χούντων
2348 1470 2684 1543 ἐκκείμενον.
2700 1469 2929 1524 Κελεύει
2955 1470 3013 1525 δὲ
3040 1470 3170 1543 περὶ
3192 1470 3285 1524 τὸν
3311 1470 3420 1524 τῶν
3452 1471 3677 1543 ὑψηλῶν

2088 1562 2315 1617 πλοῦτον
2360 1564 2462 1636 τὴν
2489 1563 2724 1636 σπουδὴν
2754 1562 2919 1635 ἔχειν,
2958 1558 3019 1619 οὗ
3061 1565 3094 1633 ἡ
3130 1562 3406 1635 φθαρτικὴ
3444 1563 3679 1635 δύναμις

2086 1655 2148 1707 οὐ
2190 1656 2586 1726 προσάπτεται.
2646 1657 2792 1727 Σῆτα
2842 1656 2900 1709 δὲ
2939 1656 3032 1710 καὶ
3082 1655 3323 1727 κλέπτην
3366 1654 3554 1720 είπὼν,
3580 1655 3679 1710 τὸν

2087 1744 2338 1814 λυμεῶνα
2380 1744 2496 1799 τῶν
2531 1747 2633 1816 τῆς
2681 1732 2875 1815 ψυχῆςι
2908 1743 3196 1815 θησαυρῶν
3241 1743 3558 1810 ἐνεδείξατο.
3600 1744 3672 1798 Et

2086 1833 2179 1892 οὖν
2236 1836 2793 1906 ἀντιδιαστέλλεταιὴ
2835 1835 2996 1889 πενία
3047 1834 3127 1907 τῷ
3162 1834 3414 1906 πλούτῳ,
3458 1834 3676 1898 πάντως

2087 1929 2229 1984 κατὰ
2271 1928 2372 2000 τὴν
2401 1928 2695 1998 ἀναλογίαν
2726 1927 2820 1981 καὶ
2862 1925 3056 1998 διπλῆν
3088 1929 3204 1980 ἔστι
3228 1926 3541 1998 διδαχθῆναι
3573 1945 3678 1981 πε-

404 2016 579 2089 igitur
607 2015 815 2073 divitiis
839 2018 1135 2088 opponitur
1165 2025 1472 2089 paupertas,
1504 2016 1659 2088 iuxta
1685 2016 1989 2088 analogiam

2094 2020 2210 2076 νίαν
2235 2037 2251 2053 ο
2283 2020 2381 2092 τὴν
2427 2020 2526 2093 μὲν
2571 2019 2877 2091 ἀπὸόλητον
2899 2062 2915 2086 ,
2958 2018 3057 2091 τὴν
3101 2018 3159 2072 δὲ
3210 2020 3676 2092 μακαριζομένην.

402 2116 458 2164 ει
510 2107 921 2165 convenientem
971 2109 1264 2175 rationem,
1319 2108 1591 2180 duplicem
1633 2109 1794 2181 plane
1847 2124 1986 2181 pau-

404 2206 675 2270 pertatem
716 2214 938 2271 quoque
977 2200 1412 2257 animadvertere
1443 2200 1571 2256 licet
1602 2219 1617 2256 :
1649 2215 1813 2255 unam
1866 2202 1990 2271 qui-

403 2290 528 2346 dem
574 2288 951 2359 rejiciendam,
987 2290 1215 2349 alteram
1256 2307 1408 2357 vero,
1441 2307 1563 2362 quae
1594 2292 1752 2348 beata
1776 2292 1988 2363 judice-

404 2389 517 2436 tur.
580 2380 908 2452 Quicunque
960 2383 1127 2454 igitur
1185 2398 1216 2438 a
1259 2385 1641 2455 temperantia,
1692 2384 1989 2440 sobrietate

2103 2111 2163 2166 Ὀ
2212 2112 2310 2184 μὲν
2359 2106 2453 2166 οὖν
2502 2110 2854 2184 σωφροσύνης
2901 2111 3229 2184 πτωχεύων,
3262 2112 3298 2182 ἢ
3350 2110 3444 2165 τοῦ
3488 2112 3677 2182 τιμίου

2091 2204 2372 2275 κτήματος
2415 2206 2516 2275 τῆς
2553 2201 2931 2275 δικαιοσύνης,
3005 2203 3038 2273 ἢ
3094 2203 3195 2273 τῆς
3253 2203 3470 2274 σοφίας,
3504 2203 3537 2275 ἧ
3575 2203 3676 2275 τῆς

2094 2295 2482 2368 φρονήσεως,ἢ
2517 2293 2678 2348 ἄλλου
2715 2294 2858 2360 τινος
2896 2295 3003 2349 τῶν
3032 2294 3337 2353 πολυτελῶν
3376 2294 3678 2365 κειμηλίων

2095 2386 2263 2458 πένης
2314 2404 2376 2441 τε
2423 2385 2516 2440 καὶ
2562 2386 2825 2457 ἀκτήμων
2872 2388 2966 2440 καὶ
3011 2386 3226 2456 πτωχὸς
3257 2387 3674 2458 εὑρισκόμενος,

406 2480 571 2544 atque
607 2472 879 2529 modestia
930 2473 1113 2530 nudus
1153 2481 1208 2529 et
1246 2475 1426 2546 inops,
1478 2483 1574 2530 aut
1623 2476 1986 2546 pretiosarum

2094 2479 2273 2544 ἄθλιος
2296 2479 2398 2549 τῆς
2423 2478 2614 2544 πενίας
2642 2479 2736 2533 καί⁵
2765 2479 2994 2545 ἐλεεινὸς
3017 2481 3117 2551 τῆς
3148 2480 3257 2536 τῶν
3289 2482 3480 2552 τιμίων
3504 2483 3675 2552 ἀκτη-

403 2564 637 2634 iustitia:
677 2580 866 2636 opum,
913 2575 1010 2620 aut
1055 2567 1357 2638 sapientiae,
1399 2575 1494 2622 aut
1541 2568 1863 2638 prudentiae,
1901 2574 1991 2623 aut

2102 2570 2339 2643 μοσύνης
2362 2588 2378 2602 ο
2400 2573 2430 2625 ὁ
2460 2570 2518 2625 δὲ
2547 2570 2769 2626 πάντων
2813 2571 2922 2625 τῶν
2961 2573 3103 2627 κατὰ
3135 2574 3333 2627 κακίαν
3372 2574 3676 2644 νοουμένων

407 2657 551 2713 alius
586 2657 915 2728 cujusquam
964 2659 1333 2730 pretiosarqu
1377 2667 1542 2731 atque
1586 2661 1991 2717 reconditarum

2097 2661 2359 2724 ἑκουσίως
2394 2660 2713 2732 πτωχεύων,
2746 2662 2839 2716 καὶ
2876 2663 3026 2718 οὐδὲν
3054 2664 3163 2718 τῶν
3200 2664 3516 2718 διαϐολικῶν
3555 2681 3676 2717 κει-

406 2762 591 2804 rerutn
645 2763 875 2820 egenus,
941 2764 1168 2822 pauper,
1236 2760 1290 2807 et
1347 2749 1632 2807 mendicus
1698 2750 1991 2814 invenitur,

2097 2754 2306 2826 μηλίων
2336 2754 2395 2808 ἐν
2436 2755 2549 2817 τοῖς
2592 2753 2743 2818 ἰδίοις
2788 2755 3036 2826 ταμείοις
3065 2755 3204 2827 ἔχων
3226 2755 3506 2821 ἀπόθετον,
3537 2756 3675 2810 ἀλλά

408 2840 749 2920 paupertatis
780 2843 1002 2897 nomine
1035 2856 1383 2897 aerumnosos
1445 2857 1510 2897 ac
1549 2841 1876 2898 miserabilis
1907 2848 1991 2896 est

2094 2846 2171 2916 τῷ
2216 2844 2488 2918 πνεύματι
2537 2843 2697 2910 ζέων,
2742 2846 2839 2901 καὶ
2876 2847 2962 2901 διὰ
2994 2847 3185 2901 τούτου
3217 2847 3313 2920 τὴν
3350 2849 3458 2903 τῶν
3490 2850 3676 2904 κακῶν

406 2930 479 2987 ob
509 2919 751 3002 inopiam
784 2945 965 2987 rerum
1011 2932 1412 3001 pretiosarum;
1461 2940 1516 2986 at
1544 2933 1634 3002 qui
1667 2941 1859 3003 sponte
1890 2946 1991 2988 sua

2094 2933 2284 2989 πενίαν
2313 2932 2492 3003 ἐαυτῷ
2529 2931 2893 3005 θησαυρίζων.
2930 2935 3020 3006 εἴη
3045 2934 3112 2989 ἂν
3140 2919 3292 3001 οὗτος
3316 2938 3373 2990 ἐν
3432 2940 3499 3009 τῇ
3569 2956 3675 3008 μα-

406 3036 597 3079 earum
646 3037 831 3078 rerum
883 3023 1126 3078 omnium
1157 3038 1278 3093 quae
1323 3039 1422 3094 per
1460 3024 1654 3078 vitium
1692 3032 1744 3079 et
1794 3023 1991 3093 nequi-

408 3116 540 3171 tiam
580 3115 983 3186 inteiliguntur,
1021 3115 1181 3185 inops
1221 3123 1275 3170 et
1310 3129 1518 3186 egenus
1566 3123 1651 3171 est
1687 3134 1701 3169 :
1739 3131 1803 3168 ac
1853 3114 1992 3168 nihil

2100 3023 2433 3097 καριζομένῃ
2460 3022 2703 3094 πτωχείᾳ
2726 3024 2831 3078 ὑπὸ
2863 3024 2957 3078 τοῦ
2980 3027 3153 3093 Λόγου
3168 3026 3533 3099 δεικνύμενος,
3551 3022 3618 3101 ἦς
3643 3029 3677 3081 ὁ

2099 3114 2310 3186 καρπὸς
2345 3112 2591 3185 βασιλεία
2615 3113 2865 3184 οὐρανῶν
2905 3115 3075 3170 ἐστιν.

407 3220 474 3260 ex
511 3205 799 3261 diabolicis
844 3203 1043 3277 opibus
1091 3207 1147 3260 in
1191 3205 1308 3262 suis
1337 3205 1695 3260 conclavibus
1741 3204 2085 3260 reconditum
2126 3204 2345 3269 habet,
2408 3202 2504 3259 sed
2547 3202 2745 3272 spiritu
2788 3204 2980 3273 fervet,
3050 3212 3105 3261 et
3155 3220 3250 3277 per
3318 3206 3463 3262 hunc
3512 3207 3678 3262 malo-

278 3335 299 3353 κ
411 3312 532 3351 rum
574 3296 679 3352 sibi
723 3304 1103 3368 paupertatem
1147 3298 1356 3370 colligit
1403 3304 1457 3352 et
1487 3297 1700 3369 quaerit,
1732 3296 1823 3352 ille
1855 3296 2023 3353 fuerit
2056 3298 2104 3352 is
2154 3297 2309 3367 quia
2345 3294 2529 3353 Verbo
2584 3293 2640 3348 in
2676 3309 2738 3350 ea
2779 3311 2902 3366 quae
2945 3296 3103 3352 beata
3147 3296 3377 3355 habetur
3434 3307 3676 3371 egestate

409 3389 617 3455 versari
657 3389 968 3446 ostenditur
998 3409 1011 3446 :
1043 3389 1202 3460 cujus
1246 3391 1505 3462 egestatis
1541 3390 1754 3447 fructus
1792 3398 1876 3447 est
1906 3405 2134 3461 regnum
2163 3389 2450 3445 co-lorum.

485 3481 684 3538 Verum
708 3488 1051 3538 revertamur
1076 3497 1271 3538 rursus
1301 3482 1369 3538 ad
1398 3481 1731 3546 institutum,
1763 3489 1817 3538 et
1854 3497 1984 3552 ope-
2011 3485 2057 3545 C

410 3588 530 3629 ram
559 3574 823 3627 thesauro
854 3570 1150 3642 quaerendo
1193 3587 1477 3636 navemus,
1516 3586 1621 3627 neu
1659 3571 1991 3628 desistamus

413 3659 741 3717 serutatoria
790 3666 957 3730 atque
988 3660 1340 3731 inquisitoria
1382 3662 1595 3717 ratione
1638 3670 1693 3716 et
1742 3660 1994 3716 oratione

408 3769 604 3809 eruere
644 3761 700 3808 ct
742 3752 983 3808 revelare
1030 3751 1084 3806 id
1133 3752 1278 3822 quod
1347 3753 1622 3808 occultum
1667 3760 1771 3808 est.
1813 3751 1990 3812 Beati.

411 3846 615 3918 inquit,
649 3861 902 3916 pauperes
925 3844 1137 3915 spiritu.
1173 3843 1386 3899 Dictum
1421 3844 1525 3898 hoc
1556 3842 1776 3915 quidem
1807 3843 1992 3913 aliquo

412 3939 577 3995 modo
617 3938 782 3994 etiam
826 3939 883 3992 in
935 3922 1314 4010 superioribus
1352 3946 1457 4005 est,
1511 3948 1566 3994 et
1611 3954 1759 3995 nunc
1791 3940 1990 3996 iterum

412 4030 646 4095 dicetur,
687 4028 832 4099 quod
867 4027 996 4084 linis
1030 4028 1157 4083 vitae
1186 4044 1311 4084 cum
1356 4028 1558 4084 virtute
1594 4029 1852 4100 degendae
1896 4030 1990 4095 sit,

414 4132 476 4177 ut
515 4121 642 4192 quis
673 4118 895 4174 Numini
943 4119 1131 4175 divino
1161 4120 1512 4175 assimiletur.
1562 4122 1725 4191 Atqui
1760 4121 1813 4175 id
1845 4120 1993 4191 quod

415 4208 693 4282 passionis
746 4216 802 4264 et
852 4205 1082 4262 affectus
1131 4221 1348 4277 expers,
1402 4206 1778 4277 incorruptum
1832 4216 1995 4277 atque

414 4299 722 4356 immortale
753 4307 855 4361 est,
906 4295 1271 4368 undequaque
1306 4297 1589 4353 hominum
1639 4295 1830 4368 effugit
1872 4297 1995 4351 imi-

414 4392 699 4447 tationem.
732 4386 921 4460 Neque
944 4389 1090 4444 enim
1138 4387 1254 4443 ﬁeri
1293 4394 1472 4457 potest
1510 4395 1569 4441 ιιι
1621 4387 1732 4441 vita
1781 4383 1993 4441 affecti-

416 4481 539 4545 bus,
575 4477 1079 4549 perturbationibus
1111 4477 1369 4547 vitiisque
1391 4485 1445 4531 et
1469 4476 1691 4533 casibus
1728 4474 1989 4539 obnoxia,

414 4571 750 4626 assimilctur
792 4569 1011 4640 penitus
1051 4577 1104 4625 et
1135 4584 1200 4625 ex
1233 4569 1490 4624 omnibus
1529 4568 1777 4639 partibus
1792 4569 1855 4623 εἰ
1891 4581 1993 4621 na-

415 4672 553 4716 tura:
605 4675 728 4731 qute
784 4676 959 4732 neque
1037 4660 1504 4731 perturbationes,
1567 4674 1745 4729 neque
1805 4673 1991 4721 casus,

416 4768 595 4824 neque
655 4751 884 4808 allectus
931 4754 1071 4807 ullos
1122 4749 1484 4806 admittit.’Si
1533 4750 1701 4821 igitur
1746 4749 1990 4804 divinum

2170 3481 2309 3535 Ἀλλ’
2348 3476 2732 3555 ἐπανέλθωμεν
2781 3480 2945 3535 πάλιν
2997 3480 3090 3534 ἐπὶ
3119 3480 3220 3551 τὴν
3264 3480 3525 3552 ἐργασίαν
3573 3480 3671 3535 τοῦ

2096 3570 2391 3644 θησαυροῦ,
2427 3574 2524 3627 καὶ
2556 3573 2631 3646 μὴ
2658 3572 2983 3643 ἀποστῶμεν
3011 3574 3089 3644 τῷ
3113 3571 3509 3643 μεταλλευτικῷ
3531 3571 3678 3645 λόγῳ

2094 3664 2155 3717 τὸ
2183 3666 2569 3737 κεκρυμμένον
2605 3664 3100 3728 ἀνακαλύπτοντες,
3144 3662 3456 3733 Μακάριοι,
3486 3666 3673 3735 φησιν,

2097 3756 2154 3809 οἱ
2181 3756 2401 3824 πτωχοὶ
2444 3755 2524 3822 τῷ
2557 3757 2868 3827 πνεύματι.
2898 3755 3128 3827 Εἴρηται
3162 3754 3260 3826 μὲν
3308 3755 3504 3827 τρόπον
3548 3756 3672 3809 τινὰ

2094 3843 2252 3897 τοῦτο
2279 3844 2374 3898 καὶ
2405 3845 2462 3897 ἐν
2491 3847 2603 3909 τοῖς
2634 3843 2974 3915 ἔμπροσθεν,
3009 3842 3104 3895 καὶ
3147 3840 3241 3895 νῦν
3275 3841 3434 3895 πάλιν
3461 3841 3675 3913 cipitas-

2093 3952 2205 3999 ται,
2238 3936 2322 3989 ὅτι
2348 3933 2500 3998 τέλος
2527 3935 2620 3988 τοῦ
2651 3936 2768 3988 κατ’
2797 3934 2997 4005 ἀρετὴν
3026 3932 3141 4003 βίου
3182 3932 3328 3985 ἐστὶν
3377 3933 3410 4003 ή
3449 3932 3586 4001 πρὸς
3610 3932 3675 3984 τὸ

2095 4027 2248 4080 Θείον
2281 4027 2559 4098 ὁμοίωσις.
2608 4026 2769 4080 Ἀλλά
2804 4025 2910 4096 μὴν
2942 4024 3004 4078 τὸ
3027 4024 3235 4088 ἀπαθὲς
3271 4026 3365 4079 καὶ
3400 4024 3676 4095 ἀκήρατον

2096 4117 2353 4188 ἐκφεύγει
2385 4119 2560 4189 πάντη
2586 4118 2684 4190 τὴν
2730 4117 2882 4189 παρὰ
2921 4115 3222 4188 ἀνθρώπων
3248 4115 3494 4186 μίμησιν.
3539 4114 3676 4168 Οὐδὲ

2094 4210 2204 4280 γάρ
2231 4210 2350 4263 ἐστι
2377 4209 2600 4263 δυνατὸν
2624 4208 2800 4279 πάντη
2830 4207 2928 4279 τὴν
2968 4206 3186 4279 ἐμπαθῆ
3225 4205 3368 4277 ζωὴν
3408 4205 3677 4277 ὁμοιωθῆ-

2095 4317 2181 4353 ναι
2214 4300 2348 4372 πρὸς
2391 4300 2492 4372 τὴν
2526 4299 2634 4354 τῶν
2666 4300 2852 4354 παθῶν
2882 4298 3230 4353 ἀνεπίδεκτον
3281 4297 3457 4366 φύσιν.
3490 4299 3554 4351 Et
3581 4294 3678 4352 οὖν

2100 4393 2258 4462 μόνον
2285 4391 2345 4445 τὸ
2375 4391 2528 4446 Θεῖον
2553 4392 2841 4464 μακάριον,
2870 4389 3098 4453 καθὼςό
3134 4389 3448 4454 Ἀπόστολος
3480 4391 3678 4460 ὀνομά-

2096 4481 2180 4546 ζει
2206 4523 2220 4548 ,
2254 4483 2287 4553 ή
2325 4482 2383 4535 δὲ
2414 4481 2508 4536 τοῦ
2553 4480 2906 4554 μακαρισμοῦ
2937 4480 3189 4535 κοινωνία
3227 4482 3334 4543 τοῖς
3370 4479 3676 4551 ἀνθρώποις

2094 4574 2183 4627 διά
2206 4575 2302 4645 τῆς
2331 4574 2466 4646 πρὸς
2486 4574 2577 4627 τὸν
2607 4573 2739 4627 Θεόν
2761 4575 2909 4626 ἐστιν
2934 4571 3245 4643 ὁμοιώσεως
3265 4612 3280 4638 ,
3309 4571 3420 4642 ήδέ
3445 4573 3678 4642 μίμησις

2095 4663 2324 4734 ἄπορος’
2349 4662 2457 4733 ἀρα
2476 4662 2763 4731 ἀνέφικτός
2792 4664 2939 4715 ἐστιν
3021 4661 3357 4732 μακαριότης
3376 4662 3441 4734 τῇ
3468 4661 3677 4733 ἀνθρωο

2096 4752 2226 4823 πίνῃ
2257 4751 2389 4823 ζωῇ.
2444 4752 2585 4804 Ἀλλ’
2621 4751 2768 4807 ἐστιν
2800 4751 2836 4806 ἃ
2876 4755 2979 4824 τῆς
3018 4752 3283 4822 Θεότητος
3323 4752 3519 4805 δυνατὰ
3564 4755 3678 4816 τοῖς

415 4844 628 4900 Numen
679 4843 856 4898 solum
888 4842 1106 4899 beatum
1154 4848 1258 4903 est,
1305 4848 1364 4895 ut
1397 4842 1450 4897 id
1488 4841 1782 4911 Apostolus
1816 4841 1991 4896 nomi-

2098 4844 2442 4915 βουλομένοις
2496 4844 2781 4916 πρόκειται
2827 4846 2907 4908 εἰς
2945 4844 3197 4916 μίμησιν.
3234 4843 3367 4896 Τίνα
3416 4838 3508 4897 οὖν
3559 4843 3677 4896 ἐστι

415 4945 531 5003 nat,
576 4933 936 4991 beatitudinis
984 4947 1114 4989 vero
1170 4933 1481 4989 communio
1540 4933 1856 4987 hominibus
1898 4947 1995 5001 per

418 5030 521 5085 hoc
551 5027 840 5100 contingit,
877 5026 923 5080 si
957 5025 1065 5081 Deo
1096 5025 1502 5091 assimilentur,
1547 5025 1779 5078 imitatio
1810 5037 1992 5078 autem

415 5119 656 5192 expediri
711 5127 766 5174 et
818 5116 1014 5173 conﬁci
1073 5132 1183 5173 non
1244 5124 1468 5186 potest:
1504 5116 1694 5184 utique
1757 5115 1991 5169 humana

413 5215 524 5269 vita
561 5212 954 5268 beatitudinem
985 5210 1206 5279 assequi
1239 5223 1344 5262 non
1389 5214 1589 5277 potest.
1627 5206 1825 5267 Verum
1856 5223 1994 5262 non-

415 5306 565 5361 nulla
595 5304 824 5360 Deitatis
861 5303 1082 5372 propria
1111 5300 1428 5355 hominibus
1457 5315 1676 5370 quoque
1709 5299 1991 5370 proposita

416 5407 564 5458 sunt.
613 5394 763 5460 ul,si
808 5393 998 5455 velint,
1052 5393 1144 5446 illa
1184 5392 1401 5459 assequi
1454 5390 1715 5445 imitando
1756 5390 1987 5459 possint.

414 5485 675 5553 Quaenam
734 5484 902 5555 igitur
944 5483 1060 5537 haec
1097 5484 1263 5538 sunt?
1311 5481 1537 5538 Videtur
1584 5484 1716 5537 mihi
1752 5482 1990 5538 Verbum

412 5582 791 5646 paupertatem
840 5582 896 5629 et
936 5573 1175 5642 inopiam
1206 5574 1433 5644 Spiritus
1475 5574 1758 5630 nominare
1797 5576 1993 5631 volun-

416 5669 613 5723 tariam
644 5668 810 5721 animi
845 5667 1202 5723 humilitatem
1234 5675 1399 5737 atque
1439 5668 1849 5733 demissionem,
1911 5675 1995 5721 at-

417 5773 526 5829 que
562 5756 726 5825 hujus
763 5757 1071 5825 exemplum
1098 5758 1395 5829 Apostolus
1440 5760 1599 5817 uobis
1630 5759 1719 5814 Dei
1757 5775 1993 5830 pauper-

419 5854 590 5900 tatem
623 5845 899 5913 proponit,
922 5845 1050 5898 dum
1085 5848 1219 5902 dicit
1250 5865 1264 5899 :
1299 5848 1402 5913 Qui
1435 5865 1552 5902 cum
1580 5848 1720 5903 dives
1753 5851 1843 5915 sit,
1868 5865 1993 5913 pro-

420 5948 535 6006 pter
577 5953 668 5989 nos
697 5950 895 6003 pauper
932 5944 979 5988 et
1014 5952 1199 6005 egenus
1236 5941 1403 6012 [actus
1451 5949 1549 6007 est,
1600 5951 1656 5996 ut
1707 5959 1797 5996 nos
1843 5942 1988 5995 illius

2098 4932 2302 5000 ταῦτα;
2331 4933 2477 4987 δοκεί
2508 4952 2597 5004 μοι
2627 4934 2902 5005 πτωχείαν
2939 4934 3278 5005 πνεύματος,
3309 4932 3407 5004 τὴν
3434 4934 3678 4986 ἑκούσιον

2096 5010 2600 5095 ταπεινοὶρροσύνην
2637 5027 2923 5096 ὀνομάζειν
2950 5029 2978 5080 ὁ
2997 5027 3185 5094 Λόγος.
3222 5025 3438 5097 Ταύτης
3463 5025 3517 5079 δὲ
3545 5026 3679 5078 ὑπό-

2097 5117 2419 5188 δειγμα,τὴν
2449 5118 2542 5172 τοῦ
2576 5117 2713 5172 Θεοῦ
2743 5118 3013 5188 πτωχείαν
3034 5119 3062 5170 ὁ
3085 5117 3405 5181 Ἀπόοτολος
3442 5119 3572 5188 ἡμῖν
3591 5116 3680 5170 λέ·-

2101 5223 2213 5276 γων
2237 5208 2633 5279 προδείκνυσιν,
2658 5210 2726 5276 ὃς
2747 5209 2819 5262 δι’
2847 5208 3000 5279 ’ἡμᾶς
3023 5207 3364 5277 ἐπτώχευσε
3385 5209 3679 5274 πλούσιος

2097 5298 2201 5366 ὢν,
2240 5302 2343 5354 ἵνα
2368 5300 2539 5369 ἡμεῖς
2567 5299 2642 5369 τῇ
2662 5301 2899 5354 ἐκείνου
2923 5300 3181 5369 πτωχείᾳ
3218 5298 3675 5368 πλουτήσωμεν.

2110 5392 2263 5445 Ἐπεὶ
2277 5388 2371 5446 οὖν
2386 5392 2453 5445 τά
2473 5392 2608 5446 ἄλλα
2620 5392 2816 5457 πάντα,
2834 5392 2934 5445 ὅσα
2956 5409 3024 5444 πε
3031 5392 3084 5463 ρὶ
3097 5391 3195 5461 τὴν
3215 5391 3365 5444 θείαν
3381 5391 3679 5461 καθορᾶται

2099 5485 2281 5553 φύσιν,
2300 5485 2637 5556 ὑπερπίπτει
2648 5483 2727 5555 τῷ
2748 5484 2932 5557 μέτρῳ
2952 5485 3051 5554 τῆς
3069 5482 3415 5553 ἀνθρωπίνης
3434 5482 3641 5548 φύσεως
3658 5496 3675 5511 ⁸

2099 5577 2133 5647 ἡ
2165 5576 2223 5629 δὲ
2253 5576 2574 5646 ταπεινότης
2621 5576 2874 5645 συμφυής
2902 5591 2984 5637 τις
3013 5576 3146 5645 ἡμῖν
3181 5575 3299 5627 ἐστι
3326 5576 3420 5627 καὶ
3459 5573 3678 5642 σύντρο-

2099 5684 2198 5736 φος
2233 5670 2342 5730 τοῖς
2366 5667 2540 5737 χαμαὶ
2560 5665 2899 5738 ἐρχομένοις,
2934 5667 3027 5720 καὶ
3061 5667 3127 5719 ἐκ
3156 5666 3259 5735 γῆς
3289 5665 3388 5737 τὴν
3423 5664 3675 5719 σύστασιν

2097 5756 2333 5828 ἔχουσιν,
2357 5758 2451 5811 καὶ
2480 5759 2561 5822 είς
2584 5759 2688 5829 γῆν
2709 5758 3105 5831 καταρῤέουσιν
3127 5773 3142 5789 ο
3162 5757 3221 5811 ἐν
3242 5755 3321 5827 τῷ
3349 5755 3491 5811 κατὰ
3517 5756 3675 5825 φύσιν

2100 5852 2164 5904 σὺ
2195 5851 2287 5904 καὶ
2317 5850 2527 5921 δυνατῷ
2553 5851 2647 5905 τὸν
2677 5849 2811 5903 Θεὸν
2847 5852 3247 5922 μιμησάμενος,
3278 5849 3379 5920 τὴν
3404 5849 3675 5919 μακαρίαν

2099 5943 2261 6007 αὐτὸς
2317 5943 2517 6007 ύπέδυς
2573 5943 2809 6016 μορφήν.
2847 5944 2956 5996 Καὶ
3004 5942 3191 6015 μηδεὶς
3227 5942 3424 5999 ἄπονον
3461 5936 3672 6002 οίέσθω,
