4018 6374
493 348 627 406 19.01

1556 344 1641 398 DE
1683 341 2285 399 DEATITUDINIBUS.
2323 344 2582 401 ORATIO
2620 344 2658 399 Ι.

3615 341 3751 395 1202

494 471 589 525 καὶ
636 468 771 539 μετᾶ
804 468 1088 539 ῥᾳστώνης
1136 465 1559 537 ὲκποριζόμενον
1594 468 1653 519 τὸ
1695 470 1791 536 τῆς
1832 483 2075 519 ταπεινο-

2203 475 2402 535 ῃεδιαιε
2471 462 2923 518 dileseeremtts”.
2989 460 3258 527 Quoniam
3338 458 3500 529 igitur
3559 469 3752 512 caetera

496 560 767 631 φροσύνης
798 559 1144 630 κατόρθωμα.
1182 558 1255 611 Τὸ
1298 558 1538 611 ἐναντίον
1576 560 1672 628 μὲν
1722 555 1815 612 οὖν
1873 558 2073 620 παντὸς

494 649 801 705 οὑτινοσοῦν
825 649 933 703 τῶν
956 651 1283 721 κατ⁹άρετὴν
1312 650 1874 719 ἐπιτηδευομένων.τὸ
1905 649 2077 702 τοιοῦ-

496 740 587 795 τόν
612 742 759 794 ἐστιν
786 740 1206 811 ἐπιπονώτερον.
1232 740 1331 793 Διά
1362 741 1446 805 τί;
1478 741 1558 793 ὅτι
1602 741 1952 804 καθεύδοντος
1981 742 2074 794 τοῦ

499 832 820 904 ἀνθρώπου,
834 832 927 885 τοῦ
955 833 1024 886 τὰ
1049 832 1190 886 καλὰ
1219 832 1507 903 σπέρματα
1547 831 1867 902 δεξαμένου,
1900 832 1960 885 τὸ
1989 850 2080 886 κε-

499 924 728 994 φάλαιον
759 924 857 994 τῆς
909 922 1154 985 ἐναντίας
1188 923 1395 993 σπορᾶς
1426 922 1576 993 παρά
1608 921 1702 975 τοῦ
1756 922 1950 994 ἐχθροῦ
1982 924 2081 991 τῆς

497 1015 645 1085 ζωῆς
662 1014 815 1087 ἡμῶν
834 1014 894 1067 τὸ
909 1013 1005 1085 τῆς
1027 1014 1403 1084 ὑπερηφανίας
1425 1012 1694 1084 ὲρριζὼθη
1724 1012 1977 1077 ζιζάνιον.
2003 1015 2080 1066 Δι’

496 1098 576 1161 ὧν
609 1104 716 1178 γάρ
743 1107 944 1167 ἐκεῖνος
974 1104 1164 1158 ἑαυτὸν
1194 1106 1273 1167 είς
1304 1104 1405 1174 γῆν
1444 1102 1798 1174 ωτὲρραξεν,
1827 1103 1905 1173 τῷ
1935 1102 2083 1172 αὐτῷ

500 1197 688 1268 τρόπῳ
707 1196 768 1249 τὸ
794 1195 1025 1249 δείλαιον
1045 1195 1201 1264 γένος
1228 1194 1288 1248 τὸ
1304 1193 1642 1265 ἀνθρώπινον
1663 1194 1799 1264 πρὸς
1828 1194 1887 1246 τὸ
1909 1194 2084 1247 κοινὸν

501 1285 705 1356 πτῶμα
734 1283 915 1354 ἐαυτῷ
967 1282 1399 1349 συγκατέϐαλεν·
1441 1284 1536 1336 καὶ
1587 1282 1737 1335 οὐδέν
1775 1283 1924 1335 ἑστιν
1958 1281 2085 1336 ἄλλο

501 1375 603 1447 τῆς
627 1375 839 1445 φύσεως
862 1375 1017 1447 ήμῶν
1048 1375 1286 1429 τοιοῦτον
1322 1375 1512 1440 κακὸν,
1535 1374 1610 1438 ὡς
1632 1373 1692 1427 τὸ
1720 1374 1788 1427 δι’
1804 1375 2087 1446 ὑπερηφα-

500 1468 645 1532 νίας.
683 1468 836 1521 Ἐπεὶ
874 1464 966 1522 οὗν
1004 1466 1290 1538 ἐμπέφυκε
1333 1484 1448 1530 πως
1473 1467 1534 1519 τὸ
1558 1465 1699 1520 κατὰ
1733 1466 1832 1537 τὴν
1858 1461 2123 1537 ἔπαρσιν’

504 1559 679 1620 πάθος
714 1559 874 1613 παντὶ
901 1558 1085 1629 σχεδὸν
1121 1557 1201 1628 τῷ
1234 1554 1572 1611 κοινωνοῦντι
1615 1556 1715 1626 τῆς
1746 1556 2087 1626 ἀνθρωπίνης

504 1649 847 1719 φύσεως,διὰ
874 1649 1029 1703 τοῦτο
1056 1647 1303 1702 ἐντεῦθεν
1328 1647 1436 1702 τῶν
1459 1646 1822 1719 μαωρισμῶν
1838 1648 1867 1699 ὁ
1889 1647 2090 1720 Κύριος

498 1741 754 1813 ἄρχεται,
791 1735 900 1795 οἷον
945 1739 1237 1812 ἀρχέγονὸν
1269 1757 1322 1793 τι
1365 1739 1537 1793 κακὸν
1576 1738 1855 1793 ἐκϐάλλων
1893 1739 1956 1791 ἐκ
1989 1738 2090 1806 τῆς

2178 555 2380 619 omnia,
2412 570 2532 623 qtae
2564 553 2707 609 circa
2746 562 2995 606 naturam
3043 551 3282 605 divinam
3323 546 3752 618 conspiciuntur,

2179 654 2439 714 superant
2468 645 2685 699 modum
2713 644 2963 698 humana:
2993 651 3202 695 naturae
3229 659 3242 692 :
3273 639 3554 694 humilitas
3573 646 3753 692 autem

2180 737 2381 793 coalita
2419 746 2584 807 atque
2627 746 2889 791 consueta
2940 734 3100 789 nobis
3150 732 3299 785 humi
3333 729 3672 800 repentibus,
3703 738 3758 781 et

2189 846 2252 885 ex
2304 837 2452 884 terra
2502 829 2772 890 conflatis,
2810 835 2862 881 et
2892 826 2944 879 in
2999 836 3197 879 terram
3232 821 3616 884 defluentibus,
3651 828 3754 878 εει.

2183 921 2226 976 si
2262 928 2319 975 tu
2360 919 2413 974 in
2441 933 2506 975 eo
2567 919 2711 990 quod
2744 933 2773 971 a
2804 926 3000 973 natura
3034 925 3124 971 tua
3158 930 3266 969 non
3299 924 3383 968 est
3412 909 3674 974 alienum,
3706 919 3760 964 et

2184 1029 2216 1067 a
2247 1019 2299 1066 te
2322 1009 2573 1080 praestari
2601 1014 2801 1079 potest,
2833 1005 3001 1062 Deum
3043 1004 3290 1060 imitatus
3322 1000 3517 1065 fueris,
3542 998 3758 1053 beatam

2187 1104 2415 1160 formam
2448 1103 2565 1173 ipse
2595 1099 2843 1154 induisti.
2889 1098 2967 1152 Ac
2996 1109 3155 1152 nemo
3181 1101 3333 1164 putet
3360 1089 3566 1146 nullius
3596 1102 3761 1157 nego—

2187 1197 2247 1250 tii
2283 1210 2396 1251 rem
2430 1208 2575 1257 esse,
2619 1206 2683 1246 ac
2731 1188 2894 1245 facile
2926 1186 3063 1243 edici
3098 1200 3281 1256 posse,
3318 1191 3378 1238 ut
3404 1181 3530 1253 quis
3582 1179 3762 1233 animo

2187 1287 2382 1342 humili
2446 1292 2612 1355 atque
2660 1283 2900 1339 demisso
2956 1278 3048 1333 sit.
3099 1275 3212 1330 Ιιιιο
3262 1280 3454 1329 contra
3506 1270 3641 1325 nhil
3695 1283 3759 1323 ex

2187 1377 2442 1433 omnibus
2496 1386 2835 1446 quaecunque
2902 1384 2997 1440 per
3071 1368 3328 1423 virtutem
3399 1368 3634 1433 aguntur
3709 1368 3764 1413 et

2188 1472 2539 1532 exercentur,
2567 1476 2721 1533 seque
2773 1458 3108 1514 laboriosum
3151 1464 3205 1511 et
3257 1464 3550 1524 operosum
3604 1457 3765 1517 atque

2191 1553 2459 1624 ejusmodi
2517 1567 2605 1608 res
2654 1558 2758 1606 est.
2816 1542 3229 1614 Quamobrem?
3285 1540 3415 1612 quia
3463 1536 3766 1594 dormiente

2193 1646 2411 1702 homine
2442 1643 2532 1715 qui
2588 1643 2728 1697 bona
2774 1639 2983 1695 semina
3032 1641 3342 1704 acceperat,
3391 1636 3555 1701 caput
3604 1635 3765 1697 atque

2196 1736 2467 1808 prmeipna
2501 1749 2629 1804 pars
2653 1730 2918 1787 contrarii
2942 1727 3170 1785 seminis
3210 1718 3285 1779 ab’
3310 1722 3535 1777 inimico
3564 1727 3766 1773 nostrae

702 1832 858 1903 ήμῶν
894 1806 997 1903 τὴν
1020 1806 1432 1903 ύτέερηφανίαν,
1464 1827 1522 1884 ἐν
1572 1827 1651 1900 τῷ
1700 1827 2089 1899 συμϐουλεύειν

2203 1806 2315 1877 rita;
2370 1806 2645 1891 Superbia:
2691 1817 2963 1872 zizaniam
3018 1814 3332 1883 conjectum
3376 1809 3591 1864 radices
3634 1806 3764 1878 egit.

506 1922 853 1995 μιμήσασθαι
901 1922 995 1977 τὸν
1046 1922 1310 1985 ἑκουσίως
1359 1920 1780 1991 πτωχεύσαντα,
1829 1920 1888 1983 ὃς
1944 1920 2089 1973 ἐστιν

505 2013 723 2085 ἀληθῶς
760 2013 1046 2086 μακάριος,
1080 2013 1167 2068 ’ίνα
1196 2014 1256 2066 ἐν
1283 2005 1328 2081 ᾧ
1362 2012 1638 2083 δυνάμεθα
1671 2010 1855 2075 καθὼς
1884 2010 1951 2064 ἂν
1988 2005 2090 2064 οἷοί

504 2124 569 2161 τε
596 2103 747 2178 ὦμεν
780 2106 1139 2178 ὁμοιωθέντες
1167 2107 1231 2159 ἐκ
1279 2103 1375 2159 τοῦ
1408 2103 1722 2175 πτωχεύσαι
1769 2101 1912 2157 κατά
1967 2119 2092 2172 προ-

507 2199 744 2273 αίρεσιν,
778 2199 873 2253 καὶ
914 2198 1014 2268 τὴν
1047 2198 1141 2252 τοῦ
1175 2196 1527 2269 μακαρισμοῦ
1557 2194 1840 2249 κοινωνίαν
1866 2193 2092 2262 ἐφελκυ-

510 2289 756 2361 σώμεθα.
801 2287 982 2343 Τοῦτο
1012 2289 1122 2358 γὰρ
1148 2286 1502 2357 φρονείσθω,
1546 2285 1740 2355 φησὶν,
1767 2283 1835 2339 ὲν
1863 2282 2028 2353 ὑμῖν,
2060 2284 2091 2336 ὃ

509 2382 610 2436 καὶ
634 2383 704 2437 ἐν
734 2380 965 2450 Χριστῷ
1002 2378 1229 2448 Ἰησοῦ·
1275 2378 1343 2443 ὃς
1379 2378 1449 2432 ὲν
1478 2376 1685 2447 μορφῇ
1725 2375 1873 2430 Θεοῦ
1909 2376 2087 2442 ὑπάρο

510 2491 655 2545 χων,
693 2475 805 2542 οὐχ
843 2470 1159 2541 ἁρπαγμὸν
1194 2469 1468 2540 ἡγήσατο
1514 2467 1582 2522 τὸ
1620 2468 1772 2522 εἶναι
1810 2466 1918 2521 ἴσα
1952 2464 2091 2531 Θεῷ·

510 2562 649 2616 ἀλλ’
676 2560 895 2615 ἑαυτὸν
929 2558 1190 2614 «tm-tuae
1231 2557 1477 2629 μορφὴν
1511 2556 1736 2611 δούλου
1778 2556 1996 2613 λαϐὼν.
2033 2555 2097 2607 Τί

510 2652 855 2723 πτωχότερον
897 2650 992 2704 ἐπὶ
1018 2648 1151 2704 Θεοῦ
1185 2649 1285 2719 τῆς
1314 2648 1405 2703 τοῦ
1426 2647 1613 2703 δούλου
1650 2647 1891 2720 μορφῆς;
1915 2647 1980 2700 Τί
2006 2664 2099 2699 τα·
2148 2712 2151 2721 ι

514 2742 826 2811 στεινότερον
854 2740 947 2794 ἐπὶ
966 2740 1059 2794 τοῦ
1089 2738 1352 2810 βασιλέως
1378 2738 1487 2793 τῶν
1511 2738 1701 2803 ὄντων,
1729 2738 1762 2809 ἢ
1791 2737 1854 2791 τὸ
1881 2739 1959 2801 είς
1986 2754 2100 2790 κοι-

511 2832 714 2888 νωνίαν
729 2832 829 2903 τῆς
852 2832 1076 2903 πτωχῆς
1098 2830 1255 2902 ἡμῶν
1282 2830 1495 2899 φύσεως
1525 2828 1728 2892 ἐλθείν;
1757 2830 1816 2882 '0
1842 2827 2101 2890 Βασιλεὺς

518 2925 629 2978 τῶν
653 2922 1067 2995 βασιλευόντων,
1098 2923 1193 2977 καὶ
1225 2920 1429 2993 Κύριος
1451 2919 1559 2975 τῶν
1596 2920 1954 2992 κυριευόντων
1985 2918 2100 2971 ἐθε-

515 3017 718 3083 λόντως
744 3016 844 3088 τὴν
868 3016 968 3087 τῆς
986 3014 1229 3079 δουλείας
1261 3013 1473 3086 μορφὴν
1496 3013 1807 3066 ὑποδύεται·
1840 3014 1868 3065 ὁ
1896 3009 2100 3081 Κριτὴς

2188 1910 2657 1978 Quemadmodum
2691 1908 2837 1963 enim
2885 1906 2976 1960 ille
3016 1920 3075 1961 se
3108 1904 3164 1958 in
3207 1911 3411 1958 terram
3465 1898 3762 1969 praecipita-

2189 2004 2285 2065 vit,
2333 2000 2525 2054 eodem
2575 1999 2736 2053 modo
2797 1997 3058 2053 misermn
3110 2009 3283 2065 genus
3335 1992 3656 2052 humanum,
3703 1991 3765 2043 a.l

2188 2107 2536 2149 communem
2570 2090 2784 2144 ruinam
2814 2102 3002 2145 secum
3030 2100 3138 2141 una
3173 2082 3434 2149 detraxit,
3469 2096 3533 2135 ac
3564 2080 3767 2134 nullum

2191 2183 2338 2238 aliud
2379 2190 2587 2237 natura:
2618 2187 2821 2236 nostra:
2849 2179 3050 2233 malum
3087 2176 3194 2231 tale
3239 2182 3347 2238 est,
3371 2171 3553 2244 qualis
3600 2177 3686 2226 est
3725 2169 3772 2224 is

2193 2276 2285 2347 qui
2358 2288 2455 2345 per
2506 2272 2820 2344 superbiam
2885 2269 3043 2325 nobis
3115 2266 3342 2322 morbus
3397 2264 3770 2335 ingeneratur.

2193 2368 2461 2435 Quoniam
2486 2367 2652 2437 igitur
2678 2363 2935 2420 omnibus
2968 2357 3363 2432 propemodum
3401 2355 3494 2427 qui
3525 2354 3776 2409 humana:

2196 2467 2405 2514 natura:
2437 2456 2731 2528 participes
2782 2461 2911 2510 sunt
2973 2451 3167 2507 vitium
3211 2446 3467 2504 elationis
3511 2442 3775 2515 quodam-

2198 2550 2357 2604 modo
2393 2548 2639 2602 innatum
2682 2552 2788 2611 est,
2849 2540 3061 2599 idcirco
3094 2537 3361 2593 Dominus
3403 2533 3532 2590 hinc
3559 2532 3773 2588 initium

2198 2637 2566 2695 beatitudines
2599 2632 2906 2707 exponendi
2943 2631 3096 2698 facit,
3125 2640 3388 2699 tanquam
3426 2620 3777 2697 primordiale

2199 2728 2400 2782 malum
2433 2724 2708 2797 quoddam
2762 2737 2827 2779 ex
2862 2721 3051 2775 habitu
3082 2725 3278 2774 nostro
3324 2713 3639 2786 superbiam
3674 2710 3777 2780 eji—

2196 2818 2372 2882 ciens,
2399 2816 2530 2872 dum
2567 2813 2809 2869 consulit
2860 2820 2920 2867 ut
2961 2810 3243 2865 imitemur
3270 2820 3416 2873 eum,
3456 2804 3549 2875 qui
3586 2812 3782 2874 sponte

2200 2925 2297 2965 sua
2335 2922 2543 2978 egenus
2593 2904 2731 2973 fuit,
2790 2904 2883 2975 qui
2923 2917 3052 2975 vere
3093 2900 3288 2956 beatus
3331 2904 3438 2961 est,
3464 2905 3543 2958 ut.
3586 2894 3642 2950 in
3673 2908 3781 2963 quo

2199 3014 2516 3072 possumus,
2543 3013 2641 3070 pro
2672 2995 2817 3052 virili
2853 3003 3042 3051 nostra
3064 3000 3221 3064 parte
3266 2984 3554 3045 assimilati
3573 3025 3589 3051 ,
3618 2999 3684 3040 ex
3716 2998 3783 3038 eo

516 3109 613 3163 τοῦ
631 3076 850 3175 παντὸς,
869 3076 1141 3180 ὑπόφορος
1166 3076 1276 3170 τοῖς
1299 3076 1686 3159 δυναστεύουσι
1707 3076 1976 3171 γίνεταιῶ
2004 3076 2101 3172 τῆς

2203 3093 2346 3164 quod
2398 3096 2587 3147 nostra
2649 3088 2931 3143 voluntate
2976 3085 3134 3157 egeni
3176 3085 3551 3154 paupertatem
3610 3076 3785 3133 secuti

519 3200 752 3266 κτίσεως
1119 3159 1370 3270 σπηλαίῳ
1395 3159 1767 3265 κατάγεται-’ὁ
1791 3192 1884 3247 τοῦ
1906 3159 2101 3257 παντδς

2206 3184 2499 3247 fuerimus,
2545 3182 2706 3238 etiam
2738 3178 3098 3238 beatitudinis
3126 3172 3568 3231 communionem
3614 3176 3787 3223 attra—

522 3290 1014 3364 περιδεδραγμένος
1059 3290 1159 3361 οὐχ
1197 3289 1441 3362 εὑρίσκει
1471 3288 1633 3341 τόπον
1664 3288 1722 3341 ἐν
1760 3284 1836 3357 τῷ
1871 3284 2104 3339 καταλύ-

460 3421 465 3427 .
523 3399 680 3452 ματι,
703 3380 816 3434 ἀλλ’
837 3381 894 3434 ἑν
912 3381 977 3451 τῇ
996 3378 1172 3450 φάτνῃ
1188 3377 1295 3432 τῶν
1313 3376 1522 3447 ἀλόγων
1544 3373 1698 3440 ζώων
1717 3374 2106 3446 παραρριπτεῖ-

522 3491 634 3531 ται·
658 3476 687 3529 ὀ
717 3473 955 3545 καθαρὸς
977 3470 1074 3527 καὶ
1092 3471 1389 3542 ἀκήρατος,
1406 3469 1497 3523 τὸν
1520 3468 1615 3539 τῆς
1638 3464 1983 3537 ἀνθρωπίνης
2006 3465 2106 3531 φύ-

525 3584 665 3627 σεως
686 3565 1040 3635 καταδέχεται
1066 3562 1255 3635 ῥύπον,
1283 3561 1377 3615 καὶ
1401 3559 1489 3614 διὰ
1508 3554 1690 3628 πάσης
1716 3555 1815 3627 τῆς
1836 3555 2107 3625 πτωχείας

518 3656 686 3728 ἡμῶν
729 3653 1011 3720 διεξελθὼν
1047 3652 1208 3725 μέχρι
1246 3652 1345 3721 τῆς
1367 3648 1460 3704 τοῦ
1489 3647 1719 3703 θανάτου
1749 3645 1961 3715 πρόεισι
1995 3645 2110 3697 πεί-

527 3766 650 3823 ρας.
693 3747 888 3818 Ὁρᾶτε
927 3745 1028 3815 τῆς
1074 3743 1319 3799 ἑκουσίου
1370 3740 1643 3811 πτωχείας
1683 3737 1746 3792 τὸ
1791 3737 2003 3809 μέτρον.
2048 3735 2110 3790 'H

529 3838 645 3910 ζωὴ
663 3862 667 3867 ο
687 3837 915 3893 θανάτου
936 3835 1176 3905 γεύεται·
1199 3836 1228 3888 ὁ
1254 3833 1460 3906 Κριτὴς
1483 3832 1564 3894 είς
1590 3830 1873 3902 κριτήριον
1901 3827 2111 3896 ἄγεται·

525 3930 562 3986 ὁ
584 3933 684 4002 τῆς
712 3928 857 4002 ζωῆς
896 3929 1004 3983 τῶν
1038 3927 1207 3982 ὄντων
1237 3923 1445 3996 Κύριος
1502 3921 1597 3975 ἐπὶ
1621 3923 1685 3993 τῇ
1715 3920 1883 3991 ψήφῳ
1909 3919 2002 3972 τοῦ
2035 3919 2115 3973 δι-

530 4023 789 4088 κάζοντος
810 4021 1038 4092 γίνεται·
1067 4020 1097 4073 ὁ
1126 4018 1306 4089 πάσης
1327 4016 1425 4087 τῆς
1448 4015 1549 4068 ύπε
1559 4012 1817 4084 ρκοσμίου
1837 4011 2119 4081 δυνάμεως

531 4114 796 4178 Βασιλεὺς
857 4112 957 4177 τὰς
1006 4110 1116 4165 τῶν
1163 4107 1371 4181 δημίων
1421 4106 1523 4161 οὐκ
1571 4103 1869 4159 ἀπωθεῖται
1907 4104 2115 4174 χεῖρας.

533 4206 678 4278 Πρὸς
702 4204 858 4258 τοῦτό
901 4221 1004 4270 σοι,
1037 4202 1190 4275 φησὶ,
1220 4200 1282 4254 τὸ
1317 4195 1720 4268 ύπόδειγμα,τὸ
1742 4195 1841 4266 τῆς
1863 4210 2119 4246 ταπεινο-

536 4290 811 4367 φροσύνης
844 4292 1087 4365 βλεπέτω
1120 4291 1340 4363 μέτρον.

2210 3277 2405 3331 hamus
2449 3282 2505 3330 et
2555 3273 2913 3330 asciscamus.
2966 3269 3082 3324 Hoc
3127 3268 3267 3323 enim
3319 3266 3541 3336 quisque
3577 3260 3786 3322 sentiet,

2209 3365 2404 3436 inquit,
2439 3363 2584 3424 inter
2613 3378 2722 3426 vos,
2761 3360 2901 3432 quod
2932 3369 2982 3414 et
3030 3359 3083 3412 in
3109 3355 3323 3412 Christo
3356 3352 3487 3408 Iesu
3510 3368 3527 3405 :
3552 3350 3641 3421 qui
3669 3364 3789 3402 cum

2208 3462 2343 3509 esset
2390 3454 2446 3506 in
2491 3451 2667 3518 [arma
2729 3451 2857 3515 Dei,
2913 3465 3021 3504 non
3075 3448 3320 3515 rapinam
3375 3444 3668 3497 arbitratus
3710 3446 3791 3491 est

2211 3545 2347 3615 quod
2385 3542 2493 3599 Deo
2524 3559 2623 3613 par
2644 3551 2693 3596 et
2722 3541 2943 3611 aqualis
2966 3548 3101 3594 esset
3126 3554 3144 3593 :
3177 3538 3267 3593 sed
3292 3537 3469 3606 [arma
3490 3533 3621 3590 servi
3647 3547 3789 3585 sum-

2207 3646 2300 3707 pta
2350 3637 2580 3706 seipsum
2628 3633 3009 3701 exinanivit”,
3072 3629 3280 3699 Ecquid
3353 3625 3527 3696 magis
3585 3624 3638 3677 in
3685 3619 3794 3676 Deo

2213 3728 2548 3793 mendicum,
2577 3742 2744 3798 quam
2782 3724 2958 3779 forma
2980 3710 3175 3779 servi?
3211 3718 3342 3790 quid
3375 3718 3431 3771 iu
3462 3730 3586 3785 rege
3608 3727 3793 3767 rerum

2216 3823 2591 3877 universarum
2642 3817 2943 3881 humilius,
3019 3827 3185 3884 quam
3240 3811 3294 3865 in
3350 3804 3793 3863 communionem

2218 3914 2399 3984 inopis
2447 3926 2512 3966 ac
2565 3908 2831 3965 mendica:
2875 3908 3077 3962 nostra:
3117 3912 3323 3957 naturae
3373 3894 3631 3952 venisse?
3681 3889 3796 3946 Rex

2225 4004 2597 4077 regnantium,
2639 4008 2694 4057 et
2732 3999 2999 4055 Dominus
3027 3991 3429 4050 dominantium
3466 3992 3661 4057 SpOllle
3697 3998 3796 4038 sua

2225 4076 2460 4155 formam
2503 4092 2789 4151 servitutis
2829 4088 3046 4155 induit;
3076 4083 3250 4141 Iudex
3289 4095 3473 4138 rerum
3516 4076 3800 4132 universa-

2226 4206 2348 4246 rum
2394 4185 2740 4260 principibus
2769 4179 3097 4238 tributarius
3123 4175 3371 4237 exsistit;
3397 4180 3661 4229 creaturae
3693 4165 3800 4219 Do-

2230 4258 2414 4335 minus
2445 4276 2502 4333 in
2544 4275 2806 4346 spelunca
2848 4271 3158 4326 diversatur
3193 4286 3205 4320 :
3240 4264 3332 4335 qui
3367 4261 3628 4317 mundum
3677 4258 3804 4311 nni-

537 4401 759 4443 versum
824 4388 1148 4459 complexus
1192 4393 1299 4449 est,
1349 4398 1458 4439 non
1506 4380 1719 4437 invenit
1757 4380 1935 4435 locum
2018 4378 2073 4431 iu
2149 4372 2485 4436 diversorio,
2548 4369 2643 4425 sed
2702 4369 2755 4422 in
2820 4364 3086 4437 praesepio
3129 4361 3415 4417 brutorum
3489 4353 3803 4410 animalium

540 4483 1041 4555 abjicitur:purus
1089 4483 1181 4538 ille
1212 4492 1267 4537 et
1308 4481 1669 4548 incorruptus
1716 4476 1973 4530 humanae
2023 4481 2235 4528 natura!
2308 4468 2503 4524 sordes
2574 4481 2684 4520 non
2742 4464 2972 4532 respuit,
3044 4473 3107 4513 ac
3152 4470 3248 4526 per
3285 4466 3500 4507 onmem
3563 4455 3803 4503 nostram

543 4577 948 4636 mendicitatem
978 4584 1291 4646 penetrans,
1344 4585 1517 4640 usque
1564 4567 1633 4623 ad
1684 4567 1876 4622 mortis
1910 4564 2260 4635 progreditur
2326 4558 2781 4628 experimentum.
2858 4550 3050 4605 Videte
3107 4543 3427 4601 voluntaria:
3488 4537 3809 4594 mendicita-

542 4675 616 4731 tis
642 4672 884 4729 modum.
914 4670 1039 4739 Vita
1070 4675 1300 4723 mortem
1327 4671 1546 4735 gustat;
1569 4660 1745 4717 Judex
1776 4663 1833 4715 in
1863 4658 2132 4730 judicium
2171 4656 2429 4721 ducitur;
2458 4650 2722 4707 Dominus
2760 4647 2885 4701 vitae
2955 4658 3137 4700 rerum
3207 4636 3591 4693 universarum
3635 4629 3810 4739 subji:

543 4767 690 4821 citur
726 4761 932 4834 judicia
968 4761 1228 4825 decreto;
1275 4753 1848 4827 supramundanarum
1885 4749 2133 4806 omnium
2181 4747 2466 4817 copiarum
2521 4740 2636 4798 Rex
2687 4735 3008 4795 carnificum
3052 4745 3249 4788 manus
3286 4742 3396 4783 non
3458 4721 3691 4793 repellit.
3733 4718 3811 4771 Att

547 4858 676 4918 hoc,
723 4855 921 4924 inquit,
971 4849 1279 4919 exemplum
1318 4845 1517 4902 modus
1564 4839 2134 4899 animidemissionis
2173 4838 2274 4894 tibi
2304 4843 2535 4907 spectet.

490 4932 501 4937 -
617 4903 857 5023 Tvéxagé
889 4903 1147 5020 umboni.
1170 4942 1347 5007 καλῶς
1372 4941 1516 5013 ἔχειν
1546 4940 1641 4995 καὶ
1661 4939 1761 5011 τὴν
1782 4937 2003 5007 ἀλογίαν
2034 4937 2101 4988 rei

2203 4962 2204 4971 ι
2305 4931 2535 4987 Videtur
2565 4937 2745 4982 autem
2796 4922 2926 4979 mihi
2977 4920 3213 4977 fortasse
3255 4931 3364 4971 non
3411 4903 3815 4966 incommodum

2629 5019 2661 5023 ““
2731 5019 2742 5023 ‘
2776 5018 2805 5023 “
2840 5018 2850 5023 ‘
3037 5014 3049 5023 '
3073 5014 3086 5023 '
3234 5008 3268 5023 -'
3346 5021 3353 5023 Α
3423 4997 3814 5023 -L--._,lhnln.n

550 5045 792 5100 τοιούτου
833 5038 1195 5107 διασκοπῆσαι
1226 5033 1452 5098 πάθους,
1491 5033 1566 5095 ὡς
1614 5032 1680 5085 ἂν
1725 5027 2131 5101 εὐκατόρθωτος

551 5137 685 5207 ἡμῖν
709 5136 738 5188 ὁ
780 5128 1129 5203 μακαρισμὸς
1157 5127 1386 5194 γένοιτο,
1418 5124 1514 5178 σὺν
1542 5121 1809 5194 εύμαρείᾳ
1838 5119 2007 5190 πολλῇ
2040 5118 2134 5171 καὶ

557 5224 808 5299 ῥᾳστώνῃ
828 5223 924 5292 τῆς
952 5214 1447 5288 ταπεινοφροσύνης
1467 5212 1731 5284 κατορθου
1740 5211 1929 5283 μένης.
1942 5208 2134 5262 Καθάο

555 5331 663 5386 περ
705 5313 814 5383 γὰρ
846 5311 896 5364 οἱ
944 5307 1306 5377 ἐπιστήμονες
1352 5304 1461 5356 τῶν
1511 5301 1730 5373 ἰατρῶν,
1762 5300 1824 5352 τὸ
1860 5298 2137 5353 νοσοποιὸν

558 5406 729 5460 αῐτιον
752 5400 1153 5474 πῳεξελόντες,
1191 5397 1320 5469 ῥᾷον
1369 5393 1728 5465 ἐπικρατοῦσι
1771 5391 1865 5446 τοῦ
1898 5390 2102 5453 πάθους
2123 5408 2135 5419 ·

2240 5038 2365 5081 esse
2395 5019 2664 5093 ejusmodi
2692 5018 2810 5073 vitii
2838 5008 3387 5070 inconsiderantiam,
3418 4997 3815 5093 absurditatem

2239 5123 2297 5171 et
2340 5084 2816 5184 importunitatem
2865 5114 3140 5177 spectare,
3180 5108 3239 5154 ut
3274 5110 3399 5152 eum
3437 5091 3605 5147 multa
3645 5084 3822 5184 facili-

2242 5214 2353 5262 tate
2400 5216 2564 5275 atque
2618 5199 3005 5258 commoditate
3062 5188 3393 5251 succedente
3443 5180 3604 5238 nobis
3655 5175 3822 5232 animi

2243 5266 2575 5361 humilitate,
2638 5294 2796 5347 facile
2845 5284 3065 5356 assequi
3113 5290 3275 5349 atque
3329 5274 3601 5331 coniicere
3665 5266 3825 5361 nobis

2244 5359 2633 5450 beatitudinem
2708 5384 3005 5457 possimus.
3073 5375 3142 5431 Ut
3205 5372 3349 5428 enim
3408 5362 3571 5457 periti
3625 5359 3824 5457 medici

559 5497 733 5558 οὕτως
767 5452 1050 5564 κζιὶνῑιμεῖς
1079 5452 1526 5561 τηνιίαυνότητα
1558 5483 1665 5538 τῶν
1702 5480 2101 5552 τυφουμένωντ

2248 5501 2416 5542 causa
2449 5480 2624 5538 morbi
2650 5476 2928 5535 effectrice
2955 5471 3111 5544 prius
3138 5471 3416 5534 exempta,
3443 5452 3824 5564 aegritudinem

563 5541 731 5558 """'
768 5541 862 5548 ""'
896 5541 1048 5564 ⁷16⁷⁷⁷⁷³
1093 5541 1146 5561 -Ἰ
1217 5541 1249 5559 Α
1440 5541 1452 5557 ι
1785 5541 1796 5550 -
1881 5541 1894 5552 .

563 5587 808 5660 λογισμῷ
856 5583 1325 5648 καταστείλαντες,
1362 5579 1682 5633 εὐεπίϐατον
1712 5578 1922 5638 ἑαυτοῖς
1943 5574 2040 5645 τὴν
2062 5574 2101 5627 τε

2251 5575 2468 5631 facilius
2510 5572 2733 5628 vincunt
2761 5586 2773 5621 :
2805 5566 2881 5620 ita
2937 5578 3043 5617 nos
3065 5568 3303 5630 quoque,
3349 5549 3443 5605 ubi
3488 5541 3825 5602 inﬂationem

637 5769 681 5800 ’°
724 5770 767 5828 ll
801 5772 926 5827 Cor.
963 5786 1079 5835 Vm,
1117 5770 1169 5825 ί).
1247 5768 1289 5799 θ’
1334 5762 1564 5832 Philipp.
1602 5776 1670 5823 ιι,
1705 5759 1736 5811 :‘i
1769 5773 1888 5834 sqq:
1974 5747 1981 5753 ’
