4018 6406
347 373 482 428 1203

1587 372 1642 426 S.
1674 370 2004 427 GREGORII
2045 371 2337 426 NYSSENI

3481 363 3504 416 Ι
3516 363 3647 415 Ξ(ὶᾶ

345 494 401 543 et
431 494 703 545 tumorem
755 488 994 545 inaniter
1048 506 1107 545 se
1141 490 1467 559 jactantium
1520 497 1683 560 atque
1728 505 1922 559 super-

2032 487 2526 560 ταπεινοφροσύνης
2565 486 2682 542 ὁδὸν
2725 484 3178 555 καταστήσωμεν.
3210 480 3381 535 Πόθεν
3427 475 3524 533 οὖν
3564 479 3651 532 ἂν·

346 577 616 634 bientium
642 581 853 636 ratione
878 582 1325 650 represserimus,
1368 580 1548 644 facile,
1577 580 1924 635 commodum

343 677 398 723 et
426 671 738 741 expeditum
765 671 846 726 eis
872 672 976 727 iter
1008 672 1175 726 animi
1215 672 1570 727 demissionis
1601 670 1921 727 eﬂiciamus.

350 761 503 820 Unde
546 765 710 837 igitur
753 766 952 837 aliquis
996 766 1178 837 potius
1228 765 1404 822 fastus
1446 776 1609 836 atque
1654 763 1927 836 superbia;

342 855 640 910 vanitatem
674 855 1174 912 demonstraverit?
1203 873 1309 927 qua
1344 858 1556 911 ratione
1598 856 1725 919 alia,
1758 870 1923 926 quam

343 947 389 1001 si
451 955 707 1001 naturam
752 947 1079 1011 ostenderit,
1128 964 1376 1019 quaenam
1426 963 1490 1004 ea
1539 947 1657 1004 sit?
1690 946 1827 1001 Nam
1876 947 1922 1003 si

343 1037 470 1105 quis
498 1036 567 1092 ad
596 1038 858 1107 seipsum,
888 1046 943 1093 et
971 1054 1080 1093 non
1112 1040 1179 1095 ad
1223 1056 1287 1094 ea
1342 1055 1465 1110 qua:
1493 1039 1639 1094 circa
1673 1053 1733 1093 se
1769 1044 1918 1098 Sunt,

342 1128 626 1199 respiciat,
673 1144 781 1183 non
834 1130 995 1184 video
1043 1145 1153 1200 qua
1202 1131 1415 1185 ratione
1462 1130 1510 1184 is
1548 1130 1603 1184 in
1648 1128 1923 1197 ejusmodi

342 1218 537 1274 vitium
579 1218 821 1275 incidere
852 1220 1045 1289 possit.
1081 1218 1223 1285 Quid
1265 1220 1433 1289 igitur
1475 1219 1639 1273 homo
1666 1219 1790 1273 est?
1828 1215 1925 1272 Vis

343 1317 405 1364 ut
449 1324 518 1365 ex
549 1310 882 1379 scriptorum
925 1310 1295 1365 monumentis
1343 1308 1618 1380 proferam
1664 1307 1719 1363 id
1775 1306 1922 1379 quod

342 1403 467 1472 plus
494 1401 758 1473 ponderis
803 1409 858 1457 et
884 1402 1253 1475 “auctoritatis
1308 1403 1362 1457 in
1414 1417 1473 1458 se
1506 1401 1811 1467 contineat,
1860 1415 1925 1456 a0

341 1494 465 1564 plus
499 1494 761 1551 astimari
806 1494 1047 1550 debeat?
1076 1495 1148 1548 At
1195 1496 1243 1550 is
1276 1495 1372 1565 qui
1428 1502 1619 1550 nostra
1660 1502 1837 1560 ornat,
1871 1501 1927 1549 et

340 1585 587 1642 inflatius
619 1584 1073 1657 splendidiusque
1115 1586 1189 1641 de
1227 1586 1514 1642 nobilitate
1557 1587 1798 1640 humana
1844 1585 1927 1639 lo-

340 1674 552 1749 quitur,
602 1692 669 1733 ex
722 1678 838 1733 luto
900 1685 1216 1749 generatam
1267 1687 1521 1733 naturam
1576 1693 1702 1734 esse
1749 1677 1921 1733 dicit:

339 1777 507 1839 atque
538 1769 795 1824 nobilitas
845 1779 901 1824 et
941 1770 1199 1839 splendor
1228 1769 1498 1840 superbia:
1541 1770 1922 1839 cognationem

2029 596 2112 640 τις
2148 578 2347 649 μᾶλλον
2375 575 2657 640 ἐπιδείξειε
2698 573 2791 626 1:06
2834 572 3006 641 τὺφου
3052 571 3112 624 τὸ
3150 570 3414 641 μάταιονς
3444 568 3651 621 Πόθεν

2028 668 2271 732 ἄλλοθεν,
2303 669 2337 737 ἢ
2382 668 2447 719 ὲκ
2477 664 2571 718 τοῦ
2614 661 2783 729 δεῖξαι
2824 662 2923 734 τὴν
2955 661 3151 731 φύσιν,
3181 660 3304 730 ἥτις
3331 658 3483 712 ἐστίν
3510 674 3526 722 ;
3570 656 3649 708 Ὀ

2028 761 2137 831 γὰρ
2171 760 2308 832 πρὸς
2328 758 2541 822 ἑαυτὸν,
2575 756 2669 810 καὶ
2703 754 2777 826 μὴ
2804 756 2874 808 τὰ
2912 752 3041 824 περὶ
3066 753 3234 805 αὑτὸν
3260 750 3493 820 βλέπων,
3517 748 3646 801 οὐκ

2029 854 2096 908 ἂν
2120 853 2357 921 εὐλόγως
2385 851 2467 915 εἰς
2504 850 2566 903 τὸ
2616 848 2857 902 τοιοῦτον
2906 846 3137 917 ἐμπέσοι
3186 844 3375 906 πάθος.
3418 840 3486 895 Τί
3520 836 3644 893 οὗν

2028 945 2175 997 ἐστιν
2200 944 2514 1014 ἄνθρωποςς
2544 939 2733 993 Βούλει
2764 938 2856 991 τὸν
2883 935 3205 1007 σεμνότερον
3226 934 3317 988 καὶ
3354 930 3598 1004 τιμιὼτε
3615 961 3638 970 -

2032 1051 2121 1105 ρον
2144 1036 2283 1088 ετπω
2310 1034 2417 1087 τῶν
2436 1033 2640 1101 λόγων;
2682 1029 2824 1084 Ἀλλ’
2843 1030 2872 1082 6
2891 1025 3113 1098 κοσμῶν
3135 1026 3202 1079 τὰ
3230 1025 3498 1096 ἡμέτερα,
3518 1024 3639 1077 καὶ

2027 1125 2166 1198 πρὸς
2198 1126 2259 1178 τὸ
2279 1124 2733 1195 κομπωδέστερον
2748 1119 3121 1183 διασκευάξων
3147 1118 3246 1188 τὴν
3265 1112 3637 1186 ἀνθρωπίνην

2027 1218 2326 1286 εὐγένειαν,
2363 1217 2429 1269 ὲκ
2478 1212 2651 1286 πηλοῦ
2702 1211 3018 1282 γενεαλογεῖ
3059 1210 3160 1281 τὴν
3207 1207 3367 1277 φύσιν
3399 1223 3413 1238 ⁸
3441 1205 3539 1258 καὶ
3586 1206 3632 1275 ἡ

2028 1310 2299 1380 εὐγένεια,
2329 1310 2425 1363 καὶ
2452 1311 2485 1379 ή
2511 1306 2776 1378 σεμνότης
2805 1304 2896 1358 τοῦ
2914 1302 3284 1373 ὑπερηφάνου,
3316 1300 3376 1352 τὸ
3409 1314 3633 1366 συγγε-

2026 1403 2116 1466 νὲς
2135 1402 2271 1475 πρὸς
2292 1402 2391 1473 τήν
2420 1400 2636 1454 πλίνθον
2664 1399 2798 1469 ἔχει.
2845 1397 2903 1449 El
2940 1395 2998 1448 δὲ
3027 1392 3125 1464 τὴν
3156 1393 3395 1464 προσεχῆ
3427 1406 3490 1442 τε
3520 1389 3633 1440 καὶ

2027 1496 2317 1567 πρόχειρον
2368 1494 2466 1565 τῆς
2512 1492 2778 1562 γενέσεως
2829 1491 3003 1543 εἰπεῖν
3043 1485 3267 1548 ἐθέλοις,
3297 1484 3498 1550 ἄπαγε,
3540 1479 3628 1551 μὴ

2027 1587 2238 1659 φθέγξῃ
2287 1586 2417 1658 περὶ
2465 1584 2656 1638 τούτου
2681 1600 2694 1614 ³
2729 1584 2806 1655 μὴ
2838 1580 3064 1654 γρύξῃς,
3115 1577 3189 1649 μὴ
3238 1572 3626 1643 ἀνακαλύψης,

2028 1678 2210 1743 καθώς
2243 1694 2408 1748 φησιν
2432 1679 2461 1731 6
2487 1677 2650 1747 νόμος
2671 1715 2686 1740 ,
2715 1672 3103 1745 ἀσχημοσύνην
3136 1669 3342 1740 πατρὸς
3371 1666 3466 1719 καὶ
3507 1678 3628 1734 μη-

2026 1772 2155 1843 τρός
2199 1788 2292 1824 σου
2323 1787 2336 1800 ·
2368 1769 2445 1841 μὴ
2477 1767 2846 1839 δημοσιεύσῃς
2875 1763 2954 1835 τῷ
2989 1758 3133 1833 λόγῳ
3176 1760 3245 1814 τὰ
3272 1758 3444 1830 λήθης
3486 1755 3627 1822 ἄξια.

339 1829 470 1909 cuin
518 1854 686 1910 latere
728 1856 909 1911 habet.
968 1829 1124 1923 Quod
1162 1859 1206 1912 si
1256 1829 1575 1912 continuam
1608 1829 1827 1928 pariter
1870 1866 1924 1913 et

2032 1829 2580 1932 x'aivﬁaeslaactﬂ'q'.
2622 1854 2757 1912 Εἶτα
2788 1829 2889 1910 οὐκ
2921 1829 3198 1927 ἐρυθριᾷς,
3230 1855 3260 1906 6
3289 1829 3469 1922 γήῖνος
3523 1848 3626 1902 ἁν-

338 1960 460 2000 eam
496 1962 617 2018 quas
645 1947 699 2003 in
743 1958 1001 2019 promptu
1042 1958 1204 2020 atque
1253 1949 1510 2020 expedito
1559 1952 1926 2021 omnibusque

339 2046 471 2092 nota
530 2046 617 2094 est
683 2041 1091 2111 generationem
1148 2039 1398 2111 proferre
1464 2042 1637 2105 velis,
1707 2057 1927 2097 remove

236 2154 239 2157 λ
337 2127 551 2196 isthzec,
579 2144 698 2197 oro,
732 2147 805 2186 ne
823 2130 1068 2202 loquaris
1094 2131 1162 2187 de
1190 2132 1295 2187 hac
1327 2147 1423 2188 re:
1460 2133 1832 2200 obmuteseas,
1858 2149 1926 2190 ne

338 2217 550 2282 hiscas,
601 2234 670 2275 ne
696 2221 929 2289 reveles,
959 2230 1019 2277 ut
1053 2223 1139 2278 lex
1174 2222 1374 2293 inquit.
1411 2223 1646 2280 dedecus
1674 2226 1845 2294 patris
1867 2234 1921 2282 et

317 2310 537 2379 ,matris
587 2318 693 2365 tua:
713 2314 759 2345 ³³
789 2331 802 2365 :
838 2329 906 2368 ne
934 2330 1189 2371 sermone
1216 2315 1463 2386 publices
1493 2327 1654 2387 atque
1679 2317 1925 2387 divulch

336 2414 404 2456 ea
452 2410 574 2471 quae
619 2402 893 2458 oblivione
926 2411 1089 2473 atque
1112 2405 1221 2459 alto
1246 2405 1467 2460 silentio
1500 2407 1730 2475 tegenda
1770 2414 1921 2461 sunt.

340 2490 408 2547 Et
433 2484 544 2547 non
573 2494 877 2558 erubescis,
910 2502 1089 2550 terrea
1110 2498 1318 2560 statua,
1352 2511 1477 2552 mox
1510 2492 1691 2569 pulvis
1718 2497 1920 2562 futura,

339 2583 435 2655 “qui
475 2587 532 2639 i'n
579 2585 799 2640 modum
840 2586 1003 2641 bullae
1036 2587 1186 2643 brevi
1208 2587 1533 2643 duraturum
1580 2581 1634 2643 in
1665 2598 1714 2645 te
1746 2597 1927 2646 tumo-

338 2665 453 2729 rem
486 2676 759 2757 contines,
794 2680 851 2732 te
905 2669 1163 2749 superbia
1215 2677 1437 2748 repleri,
1490 2677 1631 2734 fastu
1689 2687 1922 2746 tumere,

338 2781 485 2822 vano
538 2768 736 2838 spiritu
794 2776 959 2840 atque
1002 2766 1336 2841 cogitatione
1384 2778 1623 2825 mentem
1681 2770 1924 2826 inﬂatam

338 2858 562 2916 habere.
586 2860 783 2917 Annon
818 2860 1049 2934 respicis
1084 2863 1152 2918 ad
1183 2870 1481 2935 utrumque
1505 2864 1629 2919 vitae
1673 2865 1928 2922 humanae

342 2951 661 3019 terminum,
688 2946 833 3006 unde
877 2960 933 3008 et
968 2953 1182 3007 initium
1215 2965 1416 3019 sumat,
1458 2964 1514 3010 et
1561 2956 1617 3009 in
1654 2957 1783 3026 quid
1828 2956 1926 3014 de-

339 3038 531 3095 sinat?
563 3038 765 3096 Verum
796 3044 1050 3113 superbis
1081 3060 1146 3099 ac
1183 3045 1360 3114 jactas
1395 3054 1446 3100 te
1474 3048 1696 3102 nomine
1727 3047 1929 3117 juven-

341 3130 477 3185 tutis
520 3139 575 3186 et
607 3131 677 3187 ad
707 3128 895 3188 ﬂorem
938 3135 1117 3189 aetatis
1168 3134 1423 3205 respicis,
1469 3147 1523 3191 et
1563 3138 1842 3208 gloriaris,
1874 3147 1929 3194 et

340 3220 441 3276 tibi
490 3223 674 3293 places
725 3235 948 3295 propter
995 3226 1248 3282 decorem
1304 3234 1359 3282 et
1419 3228 1924 3303 pulchritudinem,

338 3310 489 3380 quod
515 3312 611 3367 tibi
646 3327 845 3369 manus
881 3329 1048 3385 supra
1080 3315 1303 3369 modum
1347 3317 1562 3386 vigeant
1591 3319 1660 3372 ad
1691 3328 1921 3385 motum,

341 3403 489 3472 quod
518 3405 728 3461 celeres
758 3416 813 3462 et
843 3394 1061 3462 veloces
1111 3408 1179 3462 ad
1220 3407 1418 3464 saltum
1460 3410 1559 3464 tibi
1595 3412 1705 3466 sint
1736 3411 1925 3481 pedes,

337 3496 489 3569 quod
537 3499 770 3569 capillus
836 3500 1016 3555 ventis
1073 3498 1457 3567 diﬁ‘undatur,
1507 3503 1654 3572 quod
1724 3504 1927 3576 lanugo

338 3592 596 3649 maxillas
637 3593 960 3666 distinguat,
1003 3594 1149 3665 quod
1179 3595 1277 3651 tibi
1310 3596 1478 3653 vestis
1520 3602 1774 3668 purpura:
1819 3598 1927 3653 tin-

2031 1952 2205 2024 δριὰς,
2247 1955 2275 2005 6
2316 1952 2434 2024 μετ’
2460 1951 2640 2020 ὀλίγον
2673 1948 2887 2013 κόνις,ὁ
2914 1944 3264 2017 πομφόλυγος
3293 1943 3447 2012 δίκην
3468 1939 3627 1993 ὠκύ-

2037 2062 2200 2117 μορον
2230 2045 2288 2097 ὲν
2314 2043 2524 2113 σεαυτῷ
2558 2042 2827 2114 περιέχων
2855 2039 2915 2093 τὸ
2941 2038 3188 2109 φύσημα,
3224 2036 3432 2107 πλήρης
3448 2034 3624 2104 ὑπερ-

2032 2135 2266 2206 ηφανίας
2298 2135 2580 2206 γινόμενος
2601 2174 2616 2199 ,
2652 2134 2747 2187 καὶ
2798 2130 3279 2202 περιφλεγμαίνων
3311 2127 3386 2196 τῷ
3436 2126 3617 2195 τύφῳ,

2032 2229 2127 2282 καὶ
2172 2228 2251 2299 τῷ
2303 2226 2515 2298 ματαίῳ
2567 2216 2877 2297 φρονήματι
2929 2220 3169 2290 ὲξογκῶν
3211 2219 3310 2291 τὴν
3355 2218 3620 2271 διάνοιαν.

2033 2322 2146 2392 Οὐχ
2189 2320 2321 2391 ὁρᾷς
2353 2320 2432 2385 είς
2466 2318 2753 2390 ἀμφότερα
2786 2318 2884 2388 τῆς
2917 2314 3063 2385 ζωῆς
3096 2312 3192 2366 τοῦ
3230 2309 3517 2383 ἀνθρώπου
3549 2308 3622 2361 τὰ

2034 2411 2270 2482 πέρατα,
2302 2408 2399 2462 καὶ
2426 2410 2573 2471 ὅπως
2599 2408 2850 2479 ἄρχεται,
2879 2405 2975 2459 καὶ
3007 2404 3090 2467 είς
3116 2404 3145 2457 ὅ
3167 2420 3217 2455 τι
3250 2402 3427 2472 λήγεις
3455 2397 3623 2451 Ἀλλὰ

2032 2502 2265 2573 γαυριᾷς
2291 2503 2359 2572 τῇ
2406 2499 2654 2570 νεότητι,
2684 2499 2778 2552 καὶ
2813 2497 2950 2568 πρὸς
2979 2496 3039 2549 τὸ
3076 2494 3234 2557 ἄνθος
3272 2493 3368 2563 τῆς
3403 2491 3621 2562 ἡλικίας

2036 2592 2274 2663 βλέπεις,
2310 2591 2403 2645 καὶ
2429 2588 2813 2662 ὲγκαλλωπίζῃ
2835 2591 2902 2660 τῇ
2934 2586 3071 2659 ῶρᾳ,
3090 2587 3170 2640 ὄτι
3202 2602 3283 2638 σοι
3311 2585 3620 2655 ὑπερσφριο

2032 2684 2204 2749 γῶσιν
2226 2684 2287 2736 αἱ
2315 2685 2495 2753 χεῖρες
2529 2682 2668 2755 πρὸς
2721 2681 2956 2751 κίνησιν,
2997 2680 3090 2733 καὶ
3130 2677 3321 2747 κοῦφοι
3373 2674 3507 2745 πρὸς
3557 2672 3621 2726 τὸ

2035 2776 2184 2847 ἅλμα
2205 2778 2253 2829 0i
2280 2775 2460 2842 πόδες,
2493 2775 2589 2829 καὶ
2645 2771 2929 2846 περισοόεἰ
2951 2773 3073 2833 ταῖς
3118 2768 3309 2842 αὔραις
3330 2770 3359 2822 6
3389 2766 3619 2838 βόστρυ-

2034 2884 2148 2939 χος,
2180 2867 2274 2922 καὶ
2301 2867 2401 2937 τήν
2431 2865 2665 2939 παρειὰν
2699 2863 3006 2936 ὑπογράφει
3030 2865 3060 2917 ό
3086 2862 3280 2925 ῐουλος,
3299 2860 3395 2914 καὶ
3422 2859 3504 2912 ὅτι
3534 2873 3620 2910 σοι

2033 2963 2066 3032 ἡ
2106 2959 2273 3030 ἐσθὴς
2309 2962 2373 3031 τῇ
2427 2959 2572 3030 βαφῇ
2602 2959 2703 3031 τῆς
2739 2951 3493 3030 πρφύραςδὺπερανθίζεται,
3522 2951 3619 3004 καὶ

2036 3051 2382 3107 πεποίκιλταί
2419 3067 2501 3103 σοι
2530 3049 2602 3104 τὰ
2632 3051 2699 3103 ἐκ
2728 3049 2910 3121 σηρῶν
2938 3046 3235 3118 ὑφάσματα
3253 3087 3267 3111 ,
3299 3042 3551 3115 πολέμοις
3579 3042 3616 3112 ἢ

2036 3143 2253 3215 θήραις,
2278 3144 2312 3214 ἦ
2365 3160 2506 3196 τισιν
2539 3141 2804 3213 ἱστορίαις
2838 3135 3321 3210 πεποικιλμένα,“ἢ
3352 3136 3493 3207 τάχα
3521 3134 3618 3188 καὶ

2033 3235 2170 3306 πρὸς
2193 3235 2263 3287 τὰ
2291 3232 2480 3287 πέδιλα
2509 3233 2729 3303 βλέπεις
2760 3230 3038 3303 ἐπιμελῶς
3067 3231 3126 3284 ὲν
3155 3228 3235 3300 τῷ
3264 3227 3452 3300 μέλανι
3476 3224 3617 3279 στίλ-

2031 3326 2214 3390 ϐοντα,
2244 3324 2337 3378 καὶ
2379 3324 2691 3397 περιέργως
2740 3325 2861 3387 ταῖς
2890 3320 3002 3377 ἀπὸ
3032 3320 3142 3375 τῶν
3178 3319 3413 3392 ραφίδων
3437 3332 3610 3395 γραμ-

2034 3419 2163 3489 μαῖς
2222 3407 2592 3488 ἓπιτέρποντα
2621 3431 2637 3481 ;
2669 3414 2813 3484 Πρὸς
2862 3413 3037 3467 ταῦτα
3093 3411 3332 3483 βλέπεις,
3377 3406 3514 3480 πρὸς
3558 3405 3615 3458 δὲ

2032 3509 2257 3563 σεαυτὸν
2285 3494 2384 3578 ὦῦχ
2406 3509 2571 3579 ὀρᾷςς
2597 3506 2767 3573 Δείξω
2790 3523 2872 3560 σοι
2906 3504 3096 3576 ὥσπερ
3123 3505 3180 3557 ὲν
3200 3502 3507 3572 κατόπτρῳ,
3533 3494 3617 3560 τίς

2031 3596 2081 3653 εἶ
2115 3601 2211 3654 καὶ
2242 3593 2353 3664 οἷος
2380 3597 2448 3652 εἷ.

338 3695 432 3741 ctu
457 3703 624 3758 supra
655 3690 877 3745 modum
909 3686 1101 3746 ﬂorida
1129 3691 1221 3759 sit,
1254 3691 1403 3763 quod
1458 3694 1624 3763 panni
1662 3694 1757 3749 tibi
1821 3698 1984 3752 serici
2039 3697 2276 3769 przeliis,
2329 3695 2810 3759 venationibusvc,
2864 3702 2960 3750 aut
3001 3693 3249 3749 historiis
3292 3685 3609 3761 quibusdam

340 3782 625 3852 variegati,
657 3784 902 3840 distincti
955 3798 1121 3856 atque
1155 3790 1407 3843 exornati
1443 3790 1588 3855 sint,
1650 3798 1746 3845 aut
1793 3790 2024 3849 forsitan
2074 3793 2140 3848 ad
2182 3793 2377 3847 talaria
2426 3791 2671 3847 adhibita
2736 3806 2872 3846 cura
2923 3790 2976 3846 in
3025 3790 3184 3861 nigro
3252 3785 3503 3846 nitentia,
3561 3789 3614 3835 et

340 3872 620 3949 superﬂuo
665 3889 829 3945 opere
867 3877 1158 3933 ﬁbularum
1216 3880 1376 3936 lineis
1419 3881 1750 3936 oblectantia
1793 3884 2044 3954 spectas?
2108 3884 2189 3938 Ad
2259 3883 2365 3939 ista
2441 3882 2694 3953 respicis,
2766 3881 3004 3951 teipsum
3027 3894 3161 3935 vero
3206 3892 3317 3932 non
3345 3870 3614 3928 intueris?

340 3964 634 4022 Ostendam
689 3969 786 4024 tibi
831 3976 1091 4041 tanquam
1148 3971 1202 4026 in
1253 3974 1498 4043 speculo,
1550 3975 1642 4044 qui
1684 3976 1784 4040 sis,
1837 3988 1892 4032 et
1927 3968 2105 4047 qualis
2139 3979 2236 4033 sis.

410 4062 530 4119 Non
559 4064 740 4121 vidisti
768 4068 822 4119 in
856 4067 976 4123 loco
1001 4068 1220 4138 publico
1249 4071 1576 4140 sepeliendis
1608 4073 1927 4130 hominibus

341 4152 636 4220 destinato,
659 4164 871 4213 natura:
901 4168 1108 4215 nostra:
1146 4163 1450 4231 mysteria?
1480 4177 1589 4218 non
1618 4163 1802 4219 vidisti
1833 4182 1928 4220 os-

330 4242 509 4313 ‘sium,
560 4246 680 4303 aliis
714 4263 881 4318 super
910 4250 1017 4303 alia
1051 4258 1257 4306 temere
1295 4252 1545 4322 abjeetis,
1580 4252 1930 4326 congeriem?

341 4338 613 4393 calvarias
672 4341 934 4396 carnibus
973 4342 1229 4409 nudatas,
1280 4345 1583 4401 terribilem
1636 4347 1925 4418 quemdam

342 4445 405 4483 ac
433 4420 734 4487 deformem
762 4442 1044 4504 aspectum
1072 4434 1360 4491 exhaustis
1392 4438 1569 4492 oculis
1590 4437 1929 4507 praebentes?

341 4521 536 4578 Vidisti
582 4539 679 4579 ora
738 4524 1040 4597 ringentia,
1098 4526 1418 4598 reliquaque
1467 4529 1712 4584 membra
1764 4539 1926 4598 prout

343 4610 459 4667 fors
488 4615 632 4679 tulit,
671 4615 886 4671 divulsa
913 4610 1076 4686 atque
1103 4618 1391 4688 dispersa?
1437 4619 1484 4674 si
1517 4620 1841 4683 illa'vidisti,
1879 4628 1929 4672 te

342 4706 522 4776 ipsum
549 4707 605 4759 in
636 4706 746 4761 illis
777 4709 1063 4777 spectasti.
1100 4709 1205 4764 Ubi
1236 4710 1391 4780 signa
1416 4713 1703 4780 prmsentis
1738 4710 1931 4765 ﬂoris?

341 4796 438 4852 ubi
488 4797 693 4853 coloris
731 4798 947 4853 bonitas
1000 4799 1055 4853 in
1093 4800 1285 4870 genis?
1326 4802 1418 4855 ubi
1466 4802 1566 4857 llos
1612 4803 1932 4857 labiorum?

343 4888 449 4944 Ubi
474 4889 785 4944 truculenta
818 4904 884 4943 ac
917 4898 1073 4944 torva
1106 4893 1392 4946 oculorum
1429 4894 1808 4964 pulchritudo,
1826 4894 1930 4949 sub

340 4981 484 5035 vallo
517 4988 1045 5052 protegumentoquc
1084 4981 1504 5051 superciliorum
1545 4983 1811 5039 elucens?
1837 4984 1927 5037 ubi

340 5080 525 5127 rectus
549 5087 719 5127 nasus
750 5072 806 5125 in
838 5072 1020 5128 medio
1053 5088 1313 5143 genarum
1348 5074 1776 5144 pulchritudinis
1810 5075 1928 5129 col-

340 5164 597 5219 locatus?
625 5165 719 5220 ubi
751 5165 817 5219 ad
846 5166 1094 5222 cervices
1121 5181 1296 5234 usque
1328 5166 1583 5220 demissa:
1606 5166 1817 5219 comae?
1838 5165 1927 5218 ubi

340 5256 488 5312 circa
517 5266 763 5328 tempora
804 5257 1082 5314 cincinni?
1114 5259 1207 5313 ubi
1234 5258 1530 5327 sagittariat
1551 5258 1932 5327 jaculatrices-

339 5367 446 5421 que
475 5353 712 5408 manus?
755 5355 1096 5422 equitatores
1135 5353 1344 5423 pedes?
1387 5353 1478 5408 ubi
1515 5355 1796 5426 purpura?
1838 5353 1927 5408 ubi

339 5438 577 5514 bysSus?
626 5447 720 5501 tibi
760 5447 1257 5514 paludamentum?
1303 5449 1392 5503 ubi
1446 5449 1907 5504 balteus?calcea

341 5531 488 5587 mina
512 5533 536 5587 ?
558 5550 734 5602 equus
756 5533 781 5589 ?
800 5537 1054 5613 lcursus?
1101 5537 1392 5594 fremitus?
1434 5539 1638 5601 omnia,
1672 5532 1767 5607 per
1806 5552 1930 5606 qua:

339 5632 488 5679 nunc
511 5625 608 5681 tibi
639 5626 814 5683 fastus
842 5636 1072 5700 augetur
1091 5631 1118 5684 ?
1145 5630 1254 5694 dic,
1278 5622 1373 5685 ubi
1401 5631 1538 5692 haec,
1565 5618 1797 5700 quorum
1830 5644 1930 5683 no-

413 5791 457 5820 "
495 5793 628 5852 ιον.
663 5811 831 5857 xvm,
866 5798 1053 5867 Gisqq.

2104 4077 2217 4129 Οὐκ
2243 4069 2381 4137 εἶδες
2407 4076 2464 4129 ὲν
2490 4072 2834 4144 πολυανδρίῳ
2870 4071 2939 4126 τὰ
2963 4072 3060 4143 τῆς
3090 4069 3304 4140 φύσεως
3330 4069 3362 4138 ἡ
3373 4065 3486 4136 μῶν
3519 4081 3615 4133 μυ-

2014 4160 2263 4237 ¹στήρια;
2326 4166 2426 4218 οὐκ
2474 4158 2617 4228 εἶδες
2657 4164 2757 4235 τήν
2803 4162 3105 4232 ἐπάλληλον
3134 4160 3242 4215 τῶν
3280 4157 3480 4211 ὀστέων
3510 4172 3611 4209 σω-

2036 4257 2220 4327 ρείαν;
2255 4258 2455 4329 κρανία
2490 4258 2706 4329 σαρκῶν
2737 4253 3157 4327 γεγυμνωμένα,
3187 4249 3417 4322 φόὸερὸν
3444 4265 3495 4300 τι
3523 4247 3611 4299 καὶ

2032 4345 2269 4417 εἰδεχθὲς
2303 4348 2360 4399 ἐν
2389 4346 2651 4409 διακένοις
2675 4345 2965 4415 δεδορκότα
3009 4346 3120 4406 τοῖς
3150 4341 3421 4411 όμμασινς
3469 4334 3609 4400 Εἶδες

2036 4439 2278 4508 στόματα
2306 4440 2598 4511 σεσηρότα,
2635 4438 2731 4492 καὶ
2757 4437 2826 4490 τὰ
2851 4436 3015 4489 λοιπὰ
3050 4433 3157 4487 τῶν
3189 4422 3525 4503 μελῶνλπρδς
3555 4428 3610 4481 τὸ

2033 4533 2245 4603 συμϐὰν
2276 4534 2661 4605 πεφορημένα;
2699 4532 2760 4584 Εἰ
2791 4532 2973 4583 ἐκεῖνα
2989 4524 3147 4591 εἶδες,
3167 4522 3388 4579 σεαυτὸν
3412 4524 3470 4575 ὲν
3487 4521 3613 4574 ὲκεί-

2031 4641 2140 4684 νοις
2166 4622 2447 4680 τεθέασαι.
2477 4622 2587 4676 Ποῦ
2614 4622 2706 4675 τοῦ
2737 4620 3002 4692 παρόντος
3025 4619 3216 4680 ἄνθους
3249 4615 3317 4668 τὰ
3345 4612 3609 4684 σύμϐολας

2033 4716 2134 4771 ποῦ
2153 4718 2186 4787 ή
2203 4715 2427 4788 εὖχροια
2441 4715 2539 4784 τῆς
2568 4715 2829 4785 παρειᾶς;
2860 4711 2961 4765 ποῦ
2979 4711 3038 4763 τὸ
3073 4704 3165 4762 ἐπὶ
3182 4706 3274 4760 τοῦ
3305 4704 3512 4776 χείλους
3534 4702 3613 4757 ἄν·

2034 4810 2144 4875 θος;
2172 4808 2275 4861 ποῦ
2291 4808 2351 4860 τὸ
2372 4807 2629 4878 βλοσυρὸν
2652 4808 2707 4859 ἐν
2723 4807 2838 4869 τοῖς
2852 4804 3061 4876 ὄμμασι
3073 4800 3265 4864 κάλλος
3281 4801 3347 4870 τῇ
3360 4815 3426 4850 πε
3433 4797 3608 4868 ρισολῇ

2032 4902 2137 4954 τῶν
2180 4901 2397 4971 ὀφρύων
2436 4897 2928 4968 ὑπολαμπόμενον;
2969 4894 3072 4948 ποῦ
3099 4896 3132 4964 ἡ
3159 4891 3344 4944 εὐθεῖα
3367 4892 3470 4963 ῥὶς,
3494 4886 3608 4959 ³⁸)τῶ

2032 4993 2219 5046 κάλλει
2244 4991 2350 5044 τῶν
2380 4990 2622 5062 παρειῶν
2653 4986 3045 5059 μεσιτεύουσα;
3092 4983 3193 5037 ποῦ
3226 4984 3282 5035 αἱ
3309 4979 3607 5049 ἐπαυχένιοι

2033 5087 2197 5157 κόμαι
2217 5103 2232 5153 ;
2257 5083 2356 5137 ποῦ
2376 5082 2845 5155 οἱπερικροτάφιοι
2865 5079 3147 5150 βόστρυχοι
3168 5095 3181 5140 ;
3207 5071 3310 5128 ποῦ
3330 5076 3383 5126 αἱ
3410 5070 3592 5135 τοξαζό

2035 5193 2192 5248 μεναι
2207 5178 2415 5248 χεῖρες;
2437 5176 2485 5228 οἱ
2504 5172 2863 5244 ίππαζόμενοι
2882 5170 3038 5232 πόδες
3059 5187 3073 5233 ;
3093 5165 3392 5238 ὴπορφύρα
3407 5166 3468 5234 ;ή
3489 5162 3597 5232 βύσ-

2034 5289 2156 5336 σοςς
2188 5273 2219 5342 ἡ
2252 5270 2472 5340 χλανῐς;
2512 5270 2545 5339 ἡ
2584 5264 2763 5335 ζὼνη;
2794 5264 2862 5317 τὰ
2891 5260 3113 5323 πέδιλα;
3148 5260 3177 5310 6
3209 5258 3404 5321 ἴππης;
3439 5257 3466 5308 6
3490 5252 3597 5324 δρό-

2035 5381 2164 5433 μος;
2206 5363 2267 5414 τὸ
2310 5362 2607 5432 φρύαγμα;
2644 5357 2844 5421 πάντα,
2872 5354 2940 5408 δι’
2972 5347 3046 5406 ὧν
3092 5369 3173 5404 σοι
3225 5349 3320 5403 νῦν
3370 5348 3398 5399 6
3434 5345 3601 5433 ,τῦφος

2031 5454 2291 5519 africum;
2348 5452 2456 5505 Ποῦ
2482 5451 2655 5505 ταῦτα
2690 5451 2746 5502 ἐν
2775 5446 3026 5508 ἐκείνοις,
3068 5441 3213 5501 εἰπὲ,
3246 5440 3388 5511 ὑπὲρ
3421 5432 3495 5492 ὧν
3518 5437 3601 5490 νῦν

2031 5545 2235 5617 ἑπαίρῃ
2261 5544 2355 5598 καὶ
2385 5541 2811 5614 μεγαλοφρονεῖς
2832 5557 2845 5601 ;
2883 5536 3034 5590 Ποῖον
3058 5532 3228 5596 οὕτως
3249 5531 3601 5585 ἀνυπόστατον

2029 5638 2192 5709 ὅναρς
2222 5638 2356 5691 Ποῖα
2378 5634 2597 5689 τοιαῦτα
2627 5634 2684 5700 ἐξ
2709 5632 2878 5687 ὕπνου
2902 5627 3296 5698 φαντάσματα;
3330 5622 3427 5687 Τίς
3445 5620 3601 5678 οὕτως
