4018 6362
362 372 516 427 ’305

1455 370 1547 453 DF;
1570 372 2162 429 BEATITUUINIBUS.
2196 372 2466 428 ORATIO
2501 372 2538 427 ι.

3509 373 3647 429 ὶτίιϋθ

354 487 630 560 ἀδρανὴς
670 488 799 540 σκιά
838 484 938 558 τὴν
983 485 1126 556 ἀφὴν
1174 484 1587 554 ὐποφεύγουσα,
1642 486 1717 548 ὡς
1756 485 1817 538 τὸ
1873 484 2003 554 τῆς,

2110 484 2220 540 ιίηο
2253 500 2396 539 nunc
2440 484 2653 538 animos
2708 482 2855 537 tollis
2901 492 2956 538 et
2996 483 3272 554 superbis,
3316 497 3650 555 magnosque

358 579 645 651 νεότητος
692 578 827 647 δναρ
871 576 1006 646 ὁμοῦ
1033 594 1094 629 τε
1132 577 1458 646 φαινόμενον
1498 578 1591 631 κα)⁸
1624 576 1785 639 εὐθὺς
1828 593 1970 647 παρα

361 672 730 742 ιπτάμενον;
764 668 951 724 Ταῦτά
981 687 1071 739 μοι
1106 670 1243 741 πρὸς
1271 672 1397 732 τοὺς
1433 671 1491 721 ἐν
1523 670 1734 739 νεότητι
1775 668 1864 722 διὰ
1911 669 1972 721 τὸ

362 764 581 826 ἀτελὲς
614 764 714 833 τῆς
746 761 959 832 ἡλικίας
1003 761 1386 833 ἀφραίνοντας.
1443 760 1507 813 Τί
1550 760 1593 813 δ’
1624 761 1686 814 ἄν
1718 777 1800 823 τις
1830 762 1971 813 εἴποι

367 855 518 925 περὶ
546 854 664 907 τῶν
700 853 799 924 ήδη
846 851 1279 922 καθεστηκότων,
1328 848 1408 915 οἷς
1455 854 1488 922 ἡ
1544 851 1643 921 μὲν
1677 852 1860 921 ἡλικία
1884 850 1973 920 βέ-

367 945 566 1015 ϐηκεν
597 982 616 1007 ,
660 945 881 996 ἀστατεί
908 942 964 995 δὲ
1008 943 1068 995 τὸ
1100 939 1250 1012 ἦθος,
1286 944 1378 994 καὶ
1404 944 1436 1012 η
1472 946 1622 1004 νόσος
1648 943 1744 1011 τῆς
1774 943 1977 1011 ὑπερη-

371 1033 599 1102 φανίας
637 1031 888 1097 αὔξεται·
928 1029 1098 1100 ὄνομα
1133 1029 1189 1081 δὲ
1219 1032 1283 1099 τῇ
1316 1029 1538 1100 τοιαύτῃ
1562 1028 1842 1101 ἀρρωστίᾳ
1884 1028 1974 1081 τοῦ

372 1124 565 1193 ἤθους
596 1121 850 1192 φρόνημα
882 1117 1120 1172 τίθενται
1149 1137 1162 1148 ’
1213 1118 1356 1188 ἀρχὴ
1384 1117 1441 1170 δὲ
1462 1116 1538 1180 ὡς
1567 1116 1857 1170 έπιτοπολὺ
1887 1118 1978 1169 καὶ

375 1219 416 1283 ἡ
441 1213 580 1267 κατ’
606 1211 772 1282 αὐτὴν
799 1209 1102 1273 δυναστεία,
1131 1211 1164 1279 ἡ
1193 1209 1290 1279 τῆς
1318 1208 1693 1279 ὑπερηφανίας
1724 1208 1978 1270 ὑπόθεσις

377 1310 635 1376 γίνεται.
687 1303 754 1357 Ἣ
802 1302 910 1374 γάρ
944 1303 1002 1354 ὲν
1034 1302 1170 1371 αὐτῇ
1215 1300 1375 1355 τοῦτο
1420 1301 1739 1370 πάσχουσιν,
1779 1299 1812 1370 ἢ
1845 1300 1980 1370 πρὸς

379 1400 575 1468 αὐτὴν
607 1396 1001 1467 ὲτοιμάζονται,
1032 1394 1065 1465 ἢ
1096 1395 1162 1447 τὶι
1192 1394 1319 1463 περὶ
1343 1395 1511 1464 αὐτῆς
1535 1393 1843 1463 διηγήματα
1888 1394 1981 1447 καὶ

381 1488 766 1559 παυσαμένην
818 1487 918 1557 ήδη
967 1486 1228 1549 πολλάκις
1271 1485 1617 1555 ἀναῤῥιπίζει
1664 1484 1762 1553 τὴν
1806 1485 1977 1537 νόσον.

383 1582 511 1635 Καὶ
540 1581 629 1642 τίς
658 1578 815 1646 λόγος
845 1576 1105 1640 τοιοῦτος,
1136 1577 1210 1639 ὡς
1238 1577 1386 1639 ἐντὸς
1413 1576 1661 1644 γενέσθαι
1690 1576 1788 1645 τῆς
1812 1576 1983 1644 ἀκοῆς

384 1671 610 1734 αὐτῶν,
638 1670 739 1739 τῆς
786 1668 891 1721 ὑπὸ
919 1668 1017 1737 τῆς
1055 1668 1235 1737 φωνῆς
1270 1667 1377 1719 τῶν
1418 1666 1673 1737 κηρύκων
1720 1666 1984 1737 προόεϐυ-

389 1762 652 1832 σμένηςς
684 1760 781 1823 Τίς
810 1759 987 1812 πείσει
1017 1760 1140 1820 τοὺς
1167 1756 1338 1821 οὕτως
1379 1758 1619 1827 ἔχοντας,
1647 1759 1729 1811 ὅτι
1754 1757 1861 1811 τῶν
1893 1757 1984 1811 ἐπὶ

391 1822 621 1924 σὲιηνῆξ
661 1850 1051 1920 πομπευόντων
1094 1849 1202 1902 οὐδ’
1243 1822 1440 1903 ὁτιοῦν-
1470 1850 1782 1922 διαφέρουσι
1816 1868 1830 1916 ;
1872 1852 1988 1906 Kal.
2017 1822 2060 1877 Β

393 1947 516 2014 γὰρ
564 1942 794 2006 ἐκείνοις
836 1942 929 1997 καὶ
962 1941 1249 2010 πρόσωπόν
1281 1957 1335 1993 τι
1378 1943 1442 1994 ἐκ
1488 1942 1683 2013 τέχνης
1714 1942 1822 1996 τῶν
1861 1943 1990 2012 γλα-

396 2033 605 2105 φυρῶν
633 2032 987 2101 ἐπιϐέϐληται
1009 2070 1022 2094 ,
1055 2032 1149 2084 καὶ
1178 2031 1434 2102 ἁλουργὶς
1461 2034 1854 2103 χρυσόπαστος,
1896 2036 1990 2088 καὶ

396 2127 500 2179 ἐπὶ
524 2126 774 2196 ἅρματος
797 2124 829 2193 ή
857 2122 1069 2192 πομπὴ,
1100 2122 1193 2176 καὶ
1217 2124 1367 2193 ὅμως
1387 2125 1610 2195 οὐδεμία
1634 2126 1785 2190 νόσος
1809 2128 1992 2190 αὐτοῖς

400 2212 793 2283 ὑπερηφανίας
824 2214 888 2264 ἐκ
918 2211 1026 2264 τῶν
1055 2212 1313 2266 τοιούτων
1341 2214 1646 2285 εἰσέρχεται
1677 2233 1689 2246 ο
1736 2216 1854 2269 ἀλλ’
1892 2212 1993 2270 οἷοι

400 2307 517 2377 προ
546 2307 651 2376 τῆς
680 2305 882 2375 σκηνῆς
914 2300 1054 2375 ἦσαν
1088 2305 1149 2358 τὸ
1179 2306 1461 2377 φρόνημα,
1502 2307 1622 2377 ίσην
1648 2309 1739 2361 ἐπὶ
1762 2312 1827 2380 τῇ
1850 2310 1991 2381 ψυχῇ

402 2398 509 2466 τὴν
554 2393 670 2460 ἕξιν
703 2396 796 2449 καὶ
836 2397 929 2448 ἐπὶ
961 2398 1059 2467 τῆς
1092 2398 1315 2468 πομπῆς
1344 2398 1691 2463 διεσώσαντο,
1727 2401 1823 2454 καὶ
1858 2403 1997 2473 μετά

403 2490 576 2543 τοῦτο
602 2489 704 2542 οὐκ
729 2488 1007 2548 ἀνιῶνται.
1040 2490 1136 2543 τοῦ
1169 2507 1227 2543 τε
1264 2491 1514 2561 ἅρματος
1544 2494 1867 2561 ἀπὸἀντες,
1903 2497 1996 2549 καὶ

405 2579 474 2632 τὸ
505 2580 697 2650 σχῆμα
722 2581 1181 2652 περιαιρούμενοι.
1230 2583 1295 2634 Ol
1324 2583 1380 2636 δὲ
1408 2583 1496 2637 διὰ
1520 2584 1621 2654 τῆς
1649 2586 1823 2657 ἀρχῆς
1853 2604 1997 2657 πομ-

409 2670 678 2734 πεύοντες
720 2674 777 2725 ὲν
827 2675 892 2742 τῇ
927 2672 1018 2725 τοῦ
1048 2671 1163 2742 βίου
1196 2676 1365 2744 σκηνῇ
1391 2713 1406 2737 ,
1455 2674 1577 2728 οὔτε
1609 2677 1670 2730 τὸ
1711 2677 1818 2748 πρὸ
1864 2676 1999 2748 βρα-

409 2762 564 2831 χέος,
600 2763 725 2816 οὔτε
765 2764 827 2817 τὺ
877 2766 1012 2833 μετά
1044 2764 1217 2835 βραχὺ
1255 2764 1610 2838 λογιζόμενοι,
1644 2768 1893 2842 καθάπερ
1923 2770 1999 2840 τῷ

414 2857 708 2925 φυσήματι
748 2855 806 2908 αί
851 2856 1193 2926 πομφόλυγες
1239 2859 1629 2928 περιτείνονται
1656 2877 1669 2890 ο
1720 2861 1812 2915 τὸν
1841 2863 2000 2915 αὑτὸν

416 2946 626 3015 τρόπον
652 2945 745 2998 καὶ
770 2937 917 2999 οὗτοι
950 2946 1363 3018 περιογκοῦνται
1390 2951 1457 3019 τῇ
1492 2950 1872 3022 μεγαλοφωνίᾳ
1907 2953 2000 3006 τοῦ

417 3040 690 3107 κήρυκος,
736 3038 832 3091 καὶ
883 3039 1163 3112 ἀλλοτρίου
1207 3042 1352 3105 τινὸς
1396 3044 1740 3115 προσωπείου
1791 3046 2002 3115 μορτὴν

2074 576 2172 630 tibi
2230 576 2460 646 spiritus
2508 576 2681 630 ‘sutuis
2721 576 2775 629 in
2808 575 2955 629 illis?
2995 576 3142 645 quod
3194 575 3467 631 somnium
3515 576 3649 631 adeo

2075 683 2274 721 vanum
2301 678 2354 722 et
2383 682 2491 721 non
2524 666 2834 722 subsistens
2853 666 2878 718 ?
2924 679 3171 735 quaenam
3201 679 3269 719 ex
3295 679 3491 720 somno
3520 667 3651 719 talia

2075 760 2192 812 visu
2212 759 2235 813 ?
2253 774 2373 829 quae
2405 759 2594 813 umbra
2622 758 2757 812 adeo
2782 759 2962 813 tenuis
2987 764 3188 811 tactum
3223 755 3649 827 subterfugiens,

2076 861 2135 906 ut
2158 851 2461 922 juventutis
2499 850 2772 906 somnium
2827 850 2989 905 simul
3023 856 3078 904 et
3112 862 3402 919 apparens,
3436 854 3490 902 et
3527 863 3653 917 pro.-

2077 945 2225 997 tinus
2258 941 2689 1012 praetervolans?
2736 939 2861 995 Haec
2909 940 2975 994 ad
3005 955 3102 994 eos
3149 939 3242 1009 qui
3274 938 3329 993 in
3367 938 3655 1009 juventute

2079 1040 2299 1103 propter
2328 1033 2506 1088 aetatis
2534 1032 2704 1087 robur
2731 1030 3109 1101 imperfectum
3136 1030 3320 1085 minus
3353 1028 3574 1099 sapiunt
3624 1044 3655 1082 a

2079 1141 2165 1179 me
2194 1126 2338 1179 dicta
2364 1124 2491 1179 sint.
2545 1123 2689 1189 Quid
2726 1132 2905 1178 autem
2938 1121 3083 1177 dicat
3106 1120 3306 1192 aliquis
3338 1121 3406 1176 de
3440 1121 3506 1175 iis
3547 1122 3641 1191 qui

2078 1225 2238 1272 aetate
2283 1216 2396 1283 jam
2441 1217 2603 1285 pleni,
2662 1214 2967 1278 constituti,
3012 1212 3433 1283 conﬁrmatiqne
3481 1219 3609 1267 sunt
3634 1212 3656 1263 ’ἶ

2083 1311 2136 1364 in
2168 1309 2365 1379 quibus
2394 1315 2526 1363 aetas
2556 1308 2773 1377 quidem
2808 1306 3043 1366 stabilis.
3077 1320 3256 1360 mores
3281 1311 3461 1359 autem
3496 1310 3550 1357 et
3576 1303 3658 1355 in-

2082 1402 2300 1471 genium
2328 1399 2585 1454 instabile
2621 1406 2725 1461 est,
2759 1397 2983 1453 morbus
3032 1397 3158 1451 item
3200 1394 3467 1465 superbiae
3496 1409 3660 1466 auge-

2083 1502 2202 1546 tur:
2240 1506 2437 1546 nomen
2466 1497 2648 1544 autem
2672 1487 2943 1559 ejusmodi
2970 1486 3169 1557 ingenii
3196 1485 3407 1549 morbo,
3436 1483 3662 1554 spiritus

2083 1595 2138 1640 et
2170 1584 2347 1640 fastus
2379 1583 2703 1652 imponitur.
2754 1580 3108 1651 Magistratus
3150 1585 3353 1643 autem,
3403 1576 3662 1646 quodque

2084 1678 2135 1732 ei
2163 1675 2481 1747 adiunctum
2508 1682 2613 1738 est,
2644 1672 2930 1742 imperium
2955 1678 3116 1740 atque
3138 1674 3402 1738 potestas,
3425 1668 3663 1736 plerum-

2088 1783 2196 1838 que
2230 1764 2501 1835 superbiae
2530 1762 2813 1817 materiam
2836 1769 2891 1816 et
2920 1760 3268 1815 occasionem
3305 1756 3525 1827 praebet.
3561 1757 3667 1809 Aut

2087 1865 2234 1918 enim
2261 1862 2314 1916 in
2358 1860 2478 1931 ipso
2509 1860 2834 1929 magistratu
2886 1856 2940 1909 id
2985 1855 3174 1910 vitium
3216 1852 3529 1907 admittunt.
3574 1856 3668 1900 aut

2086 1956 2194 2010 boc
2218 1954 2353 2008 vitio
2381 1951 2603 2021 impulsi
2626 1950 2692 2005 ad
2719 1964 2844 2005 eum
2876 1948 3145 2019 aspirant,
3174 1952 3267 1999 aut
3294 1953 3578 1999 sermones
3603 1938 3668 1989 tle

2091 2046 2414 2115 magistratu
2448 2042 2581 2096 illati
2615 2054 2990 2111 saepenumero
3017 2038 3251 2108 s0pitum
3281 2036 3393 2104 jam
3421 2033 3668 2087 morbum

2088 2140 2449 2196 exsuscitant.
2510 2132 2577 2188 Et
2610 2147 2859 2204 quaenam
2890 2128 3158 2200 ejusmodi
3204 2126 3381 2182 oratio
3425 2123 3519 2184 sit,
3554 2137 3673 2191 qua:

2092 2247 2253 2288 aures
2282 2245 2473 2286 eorum
2503 2242 2532 2281 a
2563 2238 2877 2296 praeconum
2900 2236 3033 2276 voee
3058 2220 3353 2291 praaclusas
3385 2220 3673 2286 penetrare

2095 2323 2300 2395 possit?
2347 2322 2472 2392 quis
2523 2320 2598 2373 ita
2650 2315 2889 2370 all'ectis’
2919 2310 3290 2383 persuadebit,
3340 2305 3484 2377 quod
3539 2302 3673 2357 nihil

2096 2418 2393 2487 quidquam
2447 2410 2674 2467 omnino
2716 2406 2971 2460 dill‘erant
3017 2404 3085 2457 ab
3142 2402 3209 2456 iis
3258 2398 3349 2469 qui
3404 2399 3457 2451 in
3514 2408 3675 2451 scena

2098 2524 2220 2564 cum
2252 2520 2449 2577 pompa
2481 2498 2799 2573 prodeunt?
2829 2496 3042 2551 Etenim
3069 2494 3177 2549 illis
3204 2505 3422 2562 quoque
3451 2500 3677 2558 persona

2101 2596 2346 2666 quaedam
2370 2610 2437 2649 ex
2460 2600 2580 2647 arte
2605 2589 2775 2660 polita
2804 2594 2969 2657 atque
3000 2589 3217 2646 ornata,
3250 2581 3524 2647 vestisque
3554 2590 3682 2646 pur-

2100 2703 2271 2761 purea
2302 2701 2440 2741 auro
2477 2685 2769 2739 intertexta
2804 2678 3007 2748 injecta
3038 2682 3143 2739 est,
3195 2681 3249 2729 et
3281 2672 3337 2727 in
3372 2684 3537 2725 curru
3568 2680 3684 2720 ma-

2100 2760 2296 2851 gniﬁce
2320 2777 2674 2837 invehuntur,
2714 2778 2767 2826 et
2798 2779 2980 2824 tamen
3020 2766 3208 2820 nullus
3242 2760 3511 2832 superbia:
3540 2772 3682 2813 mor-

2102 2874 2205 2927 bus
2236 2884 2332 2926 eos
2352 2884 2420 2923 ex
2447 2867 2614 2922 rebus
2651 2859 2924 2933 ejusmodi
2952 2857 3205 2921 invadit;
3248 2854 3343 2909 sed
3371 2866 3481 2922 quo
3517 2863 3682 2905 sensu

2104 2971 2267 3032 atque
2296 2959 2491 3029 spiritu
2522 2964 2679 3011 erant
2707 2960 2998 3021 antequam
3030 2950 3088 3002 in
3123 2960 3345 3003 scenam
3378 2942 3683 3015 prodirent,

2104 3054 2355 3109 eumdem
2386 3050 2441 3103 in
2486 3050 2672 3102 animo
2715 3045 2963 3100 habitum
3004 3042 3168 3097 etiam
3210 3040 3265 3094 in
3315 3052 3510 3109 pompa
3553 3050 3689 3091 con-

420 3129 642 3190 έαυτοῖς
693 3130 1150 3200 περιπλάσσουσιν
1174 3171 1190 3195 ,
1236 3130 1655 3197 ἐξαλλάσσοντες
1705 3135 1800 3206 τὴν
1865 3136 2003 3189 κατά

2111 3150 2356 3202 servant,
2384 3149 2437 3211 et
2462 3146 2648 3210 postea
2675 3152 2782 3193 non
2805 3150 2946 3207 aegre
2970 3134 3169 3197 ferunt,
3195 3147 3370 3201 neque
3393 3136 3687 3199 anguntur,

422 3222 592 3287 φύσιν
635 3219 728 3274 τοῦ
758 3224 1049 3293 προσώπου
1083 3224 1229 3278 θέσιν
1261 3228 1340 3289 είς
1380 3226 1441 3279 τὸ
1480 3229 1703 3298 ἀμειδὲς
1746 3231 1842 3284 καλ⁸
1889 3232 2008 3283 ὲπί-

423 3312 618 3380 φοϐον,
642 3312 875 3381 φθόγγος
898 3332 957 3367 τε
977 3316 1159 3379 αὐτοῖς
1184 3319 1475 3372 ἐπινοεῖται
1501 3320 1852 3392 τραχύτερος,
1876 3323 2010 3393 πρὸς

425 3404 530 3472 τὴν
558 3402 669 3456 τῶν
696 3405 1002 3459 ἀκουόντων
1028 3407 1366 3479 κατάπληξιν
1404 3411 1497 3464 ἐπὶ
1522 3411 1582 3464 τὸ
1611 3411 1875 3483 θηριῶδες
1911 3431 2010 3483 με-

427 3492 840 3564 τατυπούμενος
860 3512 872 3524 ·
916 3498 1097 3551 οὐκέτι
1137 3500 1194 3552 ὲν
1229 3502 1345 3563 τοῖς
1372 3501 1733 3571 ἀνθρωπίνοις
1764 3504 2012 3574 μένουσιν

430 3586 606 3655 ὅροις,
654 3585 768 3639 ἀλλ’
807 3589 887 3652 είς
928 3589 1027 3659 τὴν
1071 3590 1221 3644 θείαν
1244 3591 1470 3662 δύναμιν
1511 3609 1571 3646 τε
1621 3593 1715 3647 καὶ
1766 3594 2014 3661 ἐξουσίαν

434 3676 664 3739 ἑαυτοὺς
695 3678 1040 3734 εἰσποιοῦσιν,
1104 3684 1258 3753 Ζωῆς
1303 3684 1411 3755 γὰρ
1460 3687 1551 3740 καὶ
1579 3686 1808 3741 θανάτου
1838 3687 2014 3759 κύριοι

437 3762 581 3821 εἶναι
614 3769 979 3835 πιστεύουσιν,
1016 3774 1096 3825 ὅτι
1124 3776 1232 3827 τῶν
1269 3776 1325 3828 ὲν
1355 3778 1538 3841 αὐτοῖς
1577 3780 1909 3849 κρινομένων
1940 3779 2017 3849 τῷ

445 3861 548 3929 μὲν
577 3862 677 3931 τὴν
728 3860 1006 3925 σώζουσαν
1044 3865 1268 3934 νέμουσι
1316 3869 1521 3938 ψῆφον,
1567 3870 1658 3922 τὸν
1699 3871 1756 3922 δὲ
1805 3870 2017 3942 Θανάτῳ

441 3949 896 4013 καταδικάζουσι·
929 3953 1021 4004 καὶ
1047 3953 1166 4005 οὐδὲ
1208 3955 1363 4009 τοῦτο
1398 3956 1671 4025 βλέπουσι.
1697 3956 1780 4020 τίς
1807 3956 2020 4029 ἀληθῶς

443 4040 544 4109 τῆς
571 4040 915 4113 ἀνθρωπίνης
948 4043 1093 4113 ζωῆς
1139 4044 1345 4115 κύριος,
1396 4049 1424 4100 ὁ
1466 4048 1559 4101 καὶ
1588 4047 1685 4119 τὴν
1720 4048 1892 4120 ἀρχὴν
1927 4049 2019 4102 τοῦ

445 4128 589 4187 εἶναι
631 4134 726 4186 καὶ
771 4133 831 4186 τὸ
870 4134 1022 4197 τέλος
1064 4136 1291 4207 ὁρίζωνο
1343 4139 1519 4191 καίτοι
1553 4155 1616 4206 γε
1666 4140 1821 4193 τοῦτο
1865 4141 2023 4209 μόνον

450 4225 634 4279 ἱκανὸν
653 4222 721 4296 ἦν
749 4229 829 4290 είς
858 4229 1193 4299 καταστολὴν
1222 4230 1318 4300 τῆς
1344 4232 1689 4302 χαυνότητος,
1714 4231 1776 4286 τὸ
1799 4233 2023 4297 πολλοὺς

451 4317 582 4370 ἰδεῖν
606 4316 714 4369 τῶν
746 4317 1017 4388 ἀρχόντων
1047 4322 1104 4373 ὲν
1147 4321 1285 4391 αὐτῇ
1325 4324 1390 4392 τῇ
1422 4323 1520 4391 τῆς
1550 4324 1722 4393 ἀρχῆς
1752 4327 1922 4395 σκηνῇ
1963 4326 2027 4377 ὲκ

454 4408 635 4478 μέσων
669 4409 1044 4478 ἁρπασθέντας
1088 4410 1196 4463 τῶν
1230 4410 1454 4481 θρόνων,
1502 4414 1595 4466 καὶ
1639 4415 1731 4467 ἐπὶ
1774 4416 1897 4478 τοὺς
1931 4417 2026 4469 τά-

2112 3234 2256 3305 quod
2285 3248 2339 3287 ct
2373 3232 2442 3287 de
2470 3247 2637 3285 curru
2667 3226 3159 3289 descenderint,‘et
3196 3222 3414 3277 habitus
3442 3220 3580 3289 ipsis
3597 3217 3688 3274 de-

2113 3328 2364 3382 trahatur
2391 3332 2448 3379 et
2474 3323 2768 3378 adimatur.
2821 3321 2887 3373 At
2922 3318 2997 3371 illi
3022 3318 3115 3386 qui
3147 3330 3243 3386 per
3272 3325 3485 3384 tempus
3525 3311 3696 3381 magi-

2114 3426 2321 3474 stratus
2366 3427 2621 3486 pompam
2665 3413 2721 3466 in
2767 3426 2933 3467 scena
2983 3410 3108 3463 vitae
3143 3408 3372 3472 ducunt,
3410 3418 3586 3472 neque
3618 3401 3694 3465 id,

2114 3507 2261 3581 quod
2291 3506 2455 3577 paulo
2490 3510 2617 3558 ante
2655 3501 2956 3573 praeteriit,
2997 3513 3172 3569 neque
3204 3497 3352 3568 quod
3380 3495 3543 3566 paulo
3577 3503 3700 3562 post

2116 3598 2368 3669 sequitur
2384 3600 2727 3666 reputantes,
2751 3590 3212 3662 quemadmodum
3238 3587 3397 3642 bulla:
3421 3583 3702 3640 inflatione

2117 3690 2480 3745 intenduntur
2513 3694 2569 3741 et
2599 3686 3006 3740 intumescunt:
3060 3679 3252 3735 eodem
3286 3678 3449 3734 modo
3480 3677 3535 3730 hi
3565 3689 3705 3746 quo-

2117 3796 2224 3851 quc
2254 3779 2323 3833 ad
2348 3775 2735 3833 claritudinem
2754 3772 2912 3827 vocis
2934 3770 3203 3841 praeconis
3230 3768 3624 3828 intumescunt,
3650 3774 3706 3819 et

2118 3872 2355 3941 alicujus
2388 3869 2581 3924 alienae
2619 3880 2872 3937 personae
2913 3865 3146 3918 formam
3185 3860 3291 3917 sibi
3324 3867 3571 3922 sumunt,
3605 3871 3704 3916 na-

2122 3961 2350 4016 turalem
2382 3960 2626 4014 habitum
2654 3958 2842 4013 vultus
2866 3962 3163 4018 mutantes,
3196 3958 3250 4009 et
3279 3952 3334 4005 in
3360 3948 3706 4005 severitatem

2123 4062 2285 4125 atque
2315 4061 2578 4107 terrorem
2599 4057 3013 4120 componentes,
3032 4060 3312 4115 sonusque
3343 4043 3413 4099 ab
3448 4042 3535 4097 eis
3552 4054 3711 4110 aspc—

2124 4147 2238 4200 rior
2288 4141 2353 4197 ad
2399 4140 2737 4197 audientium
2774 4140 3197 4196 concussionem
3244 4146 3298 4192 et
3326 4137 3614 4192 horrorem
3649 4134 3707 4187 in

2126 4236 2396 4293 feritatem
2455 4240 2854 4288 transmutatus
2896 4231 3263 4301 excogitatur,
3317 4242 3425 4283 non
3477 4226 3715 4297 amplius

2128 4331 2271 4383 intra
2310 4326 2577 4380 terminos
2624 4323 2896 4378 humanos
2926 4336 2987 4377 se
3017 4322 3325 4383 continent,
3368 4319 3465 4374 sed
3488 4318 3544 4371 in
3575 4316 3714 4371 divi-

2131 4434 2254 4473 nam
2308 4426 2362 4471 et
2417 4414 2715 4484 potentiam
2770 4421 2825 4466 ct
2872 4420 3196 4481 potestatem
3251 4426 3311 4465 se
3358 4411 3615 4478 ingerunt
3665 4416 3719 4460 et

452 4517 585 4568 φους
624 4501 1066 4571 ὲκκομισθέντας,
1096 4503 1179 4571 ἐφ’
1206 4496 1281 4556 ὧν
1309 4506 1338 4556 ὁ
1362 4503 1558 4573 θρῆνος
1587 4505 1683 4569 τὰς
1715 4506 1823 4560 τῶν
1853 4508 1994 4578 κηρύ

2134 4508 2442 4564 intruduut.
2476 4504 2610 4559 Nam
2636 4505 2758 4559 vitae
2786 4505 3047 4573 necisque
3070 4518 3129 4558 se
3152 4510 3473 4573 potestatem
3508 4499 3711 4553 habere

453 4609 565 4645 κων
596 4592 779 4661 φωνὰς
807 4592 1096 4657 διεδέξατο.

2136 4598 2387 4662 credunt,
2433 4596 2579 4667 quod
2609 4610 2675 4650 ex
2712 4595 2779 4650 iis
2824 4595 2918 4665 qui
2946 4609 3168 4649 causas-
3205 4593 3346 4663 apud
3383 4607 3478 4648 eos
3506 4585 3719 4650 dicunt,

454 4686 621 4739 alium
695 4686 912 4755 quidem
960 4688 1230 4742 sententia
1280 4688 1377 4741 sita
1438 4698 1680 4756 servant,
1733 4692 1902 4745 alium
1957 4710 2086 4751 vero
2124 4693 2319 4765 capitis
2366 4689 2756 4746 condemnant.
2780 4689 2869 4741 .Ac
2896 4702 2966 4741 ne
2993 4687 3098 4741 hoc
3124 4686 3343 4757 quidem
3370 4681 3721 4751 vident,quis

455 4792 583 4833 vere
616 4778 868 4833 humanae
902 4778 1023 4833 vitm
1051 4785 1372 4848 potestatem
1417 4779 1648 4846 habeat,
1686 4782 1940 4838 videlicet
1992 4786 2089 4857 qui
2132 4794 2188 4841 et
2228 4782 2444 4837 initium
2479 4789 2534 4835 et
2564 4779 2724 4833 linem
2753 4787 2967 4834 naturae
2996 4779 3235 4833 statuit:
3267 4786 3583 4845 quanquam
3620 4773 3721 4825 hoc

458 4869 634 4925 solum
664 4873 798 4928 satis
826 4879 973 4928 esset
1004 4871 1071 4926 ad
1099 4872 1505 4941 reprimendum
1532 4890 1730 4930 vanum
1754 4884 2020 4933 tumorem
2062 4886 2226 4947 atque
2252 4874 2612 4935 inﬂationem,
2637 4872 2785 4943 quod
2815 4872 3016 4925 multos
3040 4870 3421 4937 magistratum
3448 4872 3721 4935 gerentes,

457 4969 511 5016 et
544 4964 598 5019 in
636 4966 865 5034 imperio
892 4965 1221 5047 constitutos
1249 4965 1303 5019 in
1330 4966 1449 5037 ipsa
1478 4970 1832 5039 magistratus
1871 4986 2034 5027 scena
2064 4986 2094 5027 c
2125 4971 2321 5028 mediis
2355 4968 2511 5023 soliis
2540 4977 2595 5023 et
2638 4965 3005 5021 tribunalibus
3033 4970 3240 5032 raptos,
3277 4967 3329 5013 et
3365 4958 3430 5011 ad
3473 4957 3722 5026 sepulcra

459 5064 705 5124 perlatos
740 5058 1012 5119 viderunt,
1050 5058 1103 5111 in
1131 5058 1333 5126 quibus
1380 5059 1697 5114 lamentatio
1734 5076 1896 5116 voces
1923 5062 2195 5131 prmconis
2216 5060 2448 5129 excepit.

531 5151 656 5213 Πῶς
686 5146 962 5204 οὖν-ἀλλος
974 5150 1091 5219 ρίας
1122 5149 1266 5220 ζωῆς
1297 5149 1484 5220 κύριος
1529 5153 1557 5205 ὁ
1588 5152 1687 5221 τῆς
1726 5152 1862 5217 ἰδίας
1886 5154 2037 5208 ἀλλά-

462 5258 645 5313 τριος;
690 5243 800 5295 Καὶ
825 5235 978 5304 οὗτος
1009 5241 1185 5294 τοίνυν
1222 5242 1270 5293 εἱ
1313 5242 1580 5311 πτωχεύει
1627 5243 1705 5312 τῷ
1747 5245 2037 5314 πνεύματι,

465 5334 600 5405 πρὸς
634 5333 724 5386 τὸν
765 5333 830 5386 δι’
871 5335 1021 5403 ἡμᾶς
1064 5331 1453 5403 πτωχεύσαντα
1500 5335 1759 5398 ἑκουσίως
1809 5336 2039 5405 βλέπων,

466 5424 557 5475 καὶ
580 5422 714 5494 πρὸς
743 5423 805 5475 τὸ
831 5423 932 5493 τῆς
960 5423 1173 5492 φύσεως
1201 5424 1459 5494 ὁμότιμον
1477 5425 1744 5496 καθορῶν,
1784 5428 1949 5498 μηδὲν
1979 5430 2043 5481 ὲκ

468 5512 567 5582 τῆς
599 5514 958 5584 ἡπατημένης
1007 5515 1219 5585 ἐκείνης
1252 5516 1381 5585 περὶ
1428 5516 1600 5586 ἀρχὴν
1631 5518 1935 5587 τραγῳδίας
1964 5522 2045 5581 εἰς

472 5600 532 5656 τὸ
561 5603 821 5674 ὁμογενὲς
859 5602 1146 5672 ἐξυϐρίζοι,
1193 5602 1523 5672 μακαριστὸς
1562 5603 1775 5673 ἀληθῶς
1820 5604 1919 5672 τῆς
1946 5621 2034 5658 τα-

476 5692 897 5764 πεινοφροσύνης
947 5694 1046 5763 τῆς
1087 5693 1452 5763 προσκαίρου,
1502 5694 1599 5764 τὴν
1648 5694 1753 5746 τῶν
1802 5696 2044 5766 οὐρανῶν

480 5780 750 5850 βασιλείαν
796 5783 1278 5853 ἀνταλλαξάμενος.
1328 5787 1416 5855 Μὴ
1472 5787 1781 5856 ἁποϐἀλης,
1828 5788 2040 5856 ἀδελφὲ,

2215 5152 2503 5219 Quomodo
2533 5152 2699 5222 igitur
2724 5151 2918 5204 aliena:
2952 5148 3075 5201 vitae
3108 5151 3432 5214 potestatem
3462 5141 3623 5196 habet
3657 5142 3724 5199 is.

2147 5246 2241 5315 qui
2274 5260 2301 5297 a
2340 5259 2438 5299 sua
2476 5244 2649 5313 ipsius
2680 5243 2793 5296 vita
2836 5241 3049 5295 alienus
3080 5236 3208 5293 est?
3262 5234 3331 5288 Et
3359 5234 3451 5288 hic
3490 5233 3658 5303 igitur
3681 5234 3727 5289 si

2150 5352 2357 5407 pauper
2383 5345 2469 5391 est
2510 5335 2726 5406 spiritu,
2776 5347 2877 5388 sua
2910 5338 3104 5402 sponte
3141 5327 3443 5397 respiciens
3483 5324 3552 5379 ad
3604 5339 3729 5380 eum

2152 5427 2242 5495 qui
2277 5434 2500 5495 propter
2534 5438 2635 5477 nos
2668 5437 2876 5493 pauper
2900 5431 2953 5476 et
2977 5417 3327 5490 egenns'luit,
3355 5428 3731 5470 communem-

2138 5530 2258 5585 .que
2291 5523 2499 5568 natura:
2527 5524 2729 5568 sortem
2764 5520 2930 5581 atque
2960 5508 3330 5565 conditionem
3377 5513 3503 5559 ante
3543 5505 3731 5559 oculos

2154 5619 2389 5675 ponens,
2417 5604 2551 5656 nihil
2602 5601 3060 5656 contumeliosum
3088 5612 3183 5666 per
3210 5595 3404 5650 falsam
3442 5596 3590 5649 illam
3619 5610 3734 5648 ma-

2154 5698 2419 5766 gistratus
2465 5693 2782 5764 tragmdiam
2856 5700 3019 5761 atque
3074 5690 3274 5745 fastum
3334 5688 3387 5742 in
3445 5702 3732 5741 commune

2157 5803 2325 5858 genus
2350 5787 2624 5852 statuerit,
2645 5797 2769 5836 vere
2791 5782 2980 5836 beatus
3004 5781 3381 5843 aestimandus,
3409 5779 3501 5849 qui
3525 5787 3733 5847 tempo-
