4018 6412
403 375 545 433 1207

1621 378 1680 433 S.
1718 378 2050 436 GREGORII
2090 380 2385 438 NYSSENI

3532 377 3686 434 1208

406 489 606 544 rariam
628 490 792 544 animi
820 489 1202 546 demissionem
1231 500 1394 562 atque
1425 492 1786 548 humilitatem
1812 509 1971 563 regno

2087 498 2176 550 καὶ
2201 498 2292 551 τὸν
2323 499 2511 568 ἕτερον
2539 497 2636 566 τῆς
2687 497 2955 565 πτωχείας
2994 496 3170 564 λόγον,
3215 496 3271 559 ὃς
3301 495 3397 548 τοῦ
3427 498 3550 550 κατ’
3581 497 3687 550 ού-

403 579 671 634 οαιίοτιιῐη
701 589 987 651 permutet.
1018 580 1128 638 Nec
1157 593 1333 638 tamen
1365 584 1614 648 alteram,
1643 585 1979 655 frater,pau-

404 670 634 738 pertatis
668 671 936 726 rationem
966 671 1207 741 rejicias,
1246 689 1366 744 qua:
1404 675 1708 730 caelestium
1757 676 1978 731 divitia-

404 775 526 814 rum
577 762 917 816 conciliatrix
971 771 1074 818 est.
1137 764 1330 829 Vende,
1380 767 1578 836 inquit,
1630 784 1809 822 omnes
1859 780 1978 822 tuas

403 851 718 919 facultates,
773 862 823 908 et
866 854 937 907 da
963 855 1301 924 pauperibus,
1339 869 1388 912 et
1423 860 1558 925 veni,
1618 876 1830 930 sequere
1876 879 1978 926 me,

399 953 449 996 et
490 943 703 998 habebis
734 945 1040 1000 thesaurum
1083 949 1136 1002 in
1158 949 1301 1002 cazlis
1330 950 1397 1004 ⁸³.
1454 950 1669 1006 Etenim
1706 953 1977 1022 ejusmodi

401 1047 691 1104 paupertas
731 1052 838 1091 non
877 1038 1092 1093 videtur
1134 1039 1267 1094 mihi
1297 1041 1610 1111 discrepare
1645 1043 1713 1098 ab
1747 1059 1810 1098 ea
1851 1059 1976 1114 ege-

401 1133 564 1192 state,
598 1143 719 1198 quae
752 1129 909 1184 beata
932 1131 1234 1200 jutlicatur.
1283 1130 1421 1186 Ecce
1447 1135 1688 1188 omnibus
1730 1151 1978 1203 quwcun-

400 1233 498 1286 que
523 1218 864 1285 habebamus,
891 1222 1115 1291 relictis,
1137 1225 1302 1278 secuti
1323 1241 1507 1278 sumus
1527 1235 1596 1290 te,
1613 1227 1788 1296 inquit
1807 1227 1977 1282 disci-

402 1307 563 1375 pulus
611 1309 679 1362 ad
724 1309 1039 1380 Dominum;
1085 1313 1213 1384 quid
1251 1315 1405 1385 igitur
1463 1317 1566 1369 erit
1604 1317 1754 1371 nobis
1778 1318 1861 1371 ⁸δῖ
1913 1318 1979 1371 Et

400 1399 547 1467 quod
586 1407 671 1455 est
709 1405 1069 1472 responsum?
1118 1406 1271 1460 Beati
1303 1423 1555 1476 pauperes
1585 1411 1796 1478 spiritu,
1843 1426 1978 1482 quo-

403 1489 552 1543 niam
595 1507 778 1546 eorum
837 1504 916 1548 est
963 1511 1178 1566 regnum
1221 1498 1490 1553 calorum.
1540 1500 1633 1558 Vis
1682 1503 1980 1575 intelligere

401 1581 527 1650 quis
555 1598 762 1654 pauper
788 1586 982 1656 spiritu
1008 1589 1124 1643 sit?
1151 1591 1243 1660 qui
1270 1594 1610 1663 corporalem
1642 1595 1976 1664 opulentiam

401 1673 600 1729 animae
627 1673 836 1732 divitiis
868 1687 1162 1747 permutat,
1190 1681 1283 1750 qui
1324 1690 1547 1753 propter
1569 1684 1821 1753 spiritum
1848 1699 1978 1756 ege-

401 1772 508 1815 nus
536 1769 642 1826 est,
674 1763 769 1833 qui
796 1770 1041 1822 terrenas
1062 1767 1283 1826 divitias
1316 1773 1480 1826 veluti
1521 1774 1798 1845 quoddam
1833 1790 1976 1832 onus

399 1852 665 1917 excussit,
703 1863 760 1910 et
787 1855 1010 1926 abjecit,
1042 1867 1102 1914 ut
1133 1861 1385 1919 sublimis
1421 1880 1518 1934 per
1543 1881 1724 1921 aerem
1753 1883 1973 1924 sursum

401 1943 666 2013 rapiatur,
702 1955 758 2002 ut
803 1948 981 2020 inquit
1013 1951 1307 2022 Apostolus
1326 1955 1395 2020 ",
1451 1959 1506 2012 in
1542 1960 1677 2016 nube
1713 1978 1820 2018 una
1858 1982 1977 2023 cum

399 2034 509 2088 Deo
540 2053 634 2106 per
667 2041 898 2098 caelestia
954 2045 1187 2100 tendens.
1254 2045 1569 2104 Ponderosa
1608 2051 1857 2120 quaedam
1887 2069 1976 2110 res

397 2133 482 2182 Cal
513 2140 729 2194 aurum,
751 2144 988 2188 onerosa
1014 2149 1102 2190 res
1121 2139 1301 2194 omnis
1325 2155 1448 2210 quae
1483 2140 1797 2198 divitiarum
1813 2160 1976 2202 causa

397 2217 703 2285 expetitur;
735 2219 875 2279 levis
892 2238 1024 2280 vero
1041 2241 1130 2282 res
1149 2227 1397 2297 quaedam
1425 2238 1480 2288 et
1504 2233 1758 2290 sublimia
1786 2244 1976 2306 petens

397 2313 486 2360 est
519 2307 718 2379 virtus.
757 2309 958 2368 Verum
993 2315 1109 2373 haec
1145 2319 1249 2375 sibi
1281 2321 1512 2378 invicem
1547 2326 1796 2396 opposita
1823 2337 1972 2396 sunt,

395 2394 767 2464 ponderosum
811 2409 868 2457 et
898 2403 1034 2463 leve.
1093 2405 1238 2479 Ergo
1280 2411 1429 2464 nulla
1463 2394 1678 2469 ratione
1712 2415 1847 2472 elIici
1879 2394 1976 2488 po-

397 2493 506 2541 test
534 2496 596 2544 ut
617 2490 756 2548 levis
797 2493 869 2548 sit
909 2493 959 2551 is
991 2498 1085 2568 qui
1106 2514 1227 2556 sese
1253 2502 1493 2570 pondere
1519 2506 1762 2561 materia:
1787 2508 1974 2579 aﬂigit.

397 2575 457 2632 Si
489 2578 655 2650 igitur
693 2583 762 2638 ad
811 2599 1049 2657 superna
1093 2604 1194 2647 nos
1226 2592 1488 2650 accedere
1523 2605 1758 2666 oportet,
1807 2575 1976 2656 ab‘iis

393 2668 491 2739 qui
522 2669 778 2730 deorsum
822 2677 1049 2734 trahunt
1096 2688 1152 2736 et
1195 2682 1386 2754 inopes
1419 2693 1474 2741 et
1498 2689 1654 2759 egeni
1685 2691 1880 2756 simus,
1917 2700 1976 2745 ut

395 2759 455 2815 in
514 2765 769 2834 supernis
825 2785 1132 2828 versemur.
1191 2773 1328 2842 Quis
1385 2786 1566 2835 autem
1631 2782 1704 2837 sit
1756 2782 1973 2848 modus,

397 2853 704 2920 praescribit
760 2859 1426 2935 psalmOdiazDispersit,
1481 2871 1775 2940 inquiens,
1831 2873 1974 2928 dedit

391 2942 733 3012 pauperibus,
772 2947 993 3016 justitia
1053 2953 1169 3022 ejus
1238 2967 1416 3013 manet
1468 2961 1524 3014 in
1583 2963 1838 3018 saeculum
1881 2982 1975 3020 sa:-

393 3031 505 3085 culi
525 3034 594 3088 ⁹⁶.
617 3032 722 3102 Qui
742 3042 964 3110 pauperi
989 3043 1300 3114 impertitus
1325 3049 1510 3116 fuerit,
1527 3051 1583 3105 in
1606 3061 1817 3123 partem
1853 3057 1974 3126 ejus

2084 589 2244 660 ρανὺν
2265 590 2491 642 πλούτου
2513 588 2771 659 πρόξενος
2793 588 3020 656 γίνεται.
3040 587 3335 654 ιΙώλησόν
3351 602 3497 646 σου,
3511 590 3681 656 φησι.

2081 675 2277 733 πάντα
2299 680 2371 732 τὰ
2397 677 2766 746 ὑπάρχοντα,
2782 676 2880 729 καὶ
2905 675 3011 741 δὸς
3042 675 3318 743 πτωχοῖς,
3345 675 3443 728 καὶ
3463 675 3685 742 δεῦρο,

2080 770 2392 825 ἀκολούθει
2407 789 2525 839 μοι,
2545 771 2643 824 καὶ
2662 770 2820 836 ἕξεις
2832 767 3140 836 θησαυρὸν
3158 769 3228 822 ἐν
3238 767 3538 835 οὐρανοῖς.
3556 769 3605 819 Κ
3619 773 3684 818 πὶ

2081 859 2189 930 γὰρ
2232 863 2265 931 ὴ
2311 861 2531 932 τοιαύτη
2581 859 2824 930 πτωχεία
2854 859 3000 911 δοκεῖ
3047 874 3135 926 μοι
3189 857 3260 926 μὴ
3310 855 3534 925 ἀπᾴδειν
3563 853 3681 921 τῆς

2083 950 2529 1022 μακαριζομένης
2565 951 2858 1020 πτωχείας.
2917 946 3064 1002 Ἰδοὺ
3103 946 3318 1004 πάντα,
3353 945 3470 997 ὅσα
3504 944 3677 1012 εἶχοο

2073 1059 2210 1112 μεν,
2239 1043 2492 1111 ἀφέντες
2523 1040 3024 1110 ἠκολουθήσαμέν
3051 1054 3170 1102 σοι,
3209 1039 3340 1107 φησὶ
3385 1036 3520 1106 πρὸς
3567 1036 3675 1087 τον

2079 1133 2356 1204 Δεσπότην
2380 1135 2409 1186 6
2438 1133 2681 1204 μαθητής
2701 1148 2714 1161 °
2763 1134 2822 1184 τι
2851 1131 2964 1198 ἄρα
2982 1132 3152 1184 ἔσται
3182 1128 3353 1197 ήμῖν;
3385 1128 3490 1180 Καὶ
3517 1126 3602 1189 τίς
3632 1128 3672 1194 ἡ

2079 1223 2405 1295 ἀπόκρισις;
2451 1222 2740 1292 Μακάριοι
2781 1225 2836 1277 οὶ
2867 1220 3088 1291 πτωχοί
3128 1221 3209 1286 τῷ
3235 1219 3538 1286 πνεύματι,
3567 1215 3676 1268 ὅτι

2079 1316 2278 1372 αὐτῶν
2323 1317 2493 1371 ἐστιν
2536 1318 2575 1385 ἡ
2625 1317 2915 1382 ,ϐασιλεία
2958 1313 3080 1368 τῶν
3126 1311 3413 1381 οὐρανῶν.
3470 1310 3670 1363 Βούλει

2080 1409 2290 1478 νοῆσαι,
2338 1409 2422 1473 τίς
2466 1411 2494 1462 6
2545 1410 2840 1479 πτωχεύων
2881 1407 2959 1477 τῷ
3002 1406 3304 1477 πνεύματι;
3361 1405 3418 1458 '0
3459 1406 3669 1458 ἀνταλ-

2079 1496 2378 1571 λαξάμενος
2422 1501 2514 1554 τὸν
2559 1501 2658 1571 τῆς
2700 1501 2876 1571 ψυχῆς
2924 1499 3152 1552 πλοῦτον
3194 1499 3291 1568 τῆς
3343 1497 3669 1566 σωματικῆς

2079 1589 2358 1661 εὐπορίας,
2398 1591 2426 1642 6
2451 1588 2541 1642 διὰ
2584 1589 2645 1642 τὸ
2677 1588 2893 1660 πνεῦμα
2923 1587 3241 1658 πτωχεύων,
3275 1585 3306 1638 6
3352 1586 3441 1640 τὸν
3470 1587 3668 1657 γήϊνον

2081 1680 2308 1735 πλοῦτον
2338 1675 2449 1734 οἷόν
2476 1698 2528 1733 τι
2557 1680 2723 1752 βάρος
2748 1680 3202 1750 ἀποσεισάμενος,
3251 1681 3339 1734 ἵνα
3370 1679 3667 1750 μετάρσιὸς

2079 1789 2139 1825 τε
2176 1773 2270 1826 καὶ
2309 1772 2544 1845 διαέριος
2585 1772 2698 1827 ἄνω
2723 1773 2979 1843 φέρηται,
3012 1771 3194 1834 καθώς
3226 1789 3388 1842 φησιν
3428 1773 3456 1824 6
3493 1771 3666 1823 Ἀπό-

2010 1833 2051 1888 8
2082 1862 2285 1927 στολος,
2363 1833 2470 1920 sit
2500 1833 2763 1932 νεφέλης
2796 1833 3374 1932 σύμμετεωροπορῶν
3400 1861 3477 1927 τῷ
3508 1859 3657 1926 Θεῷ.

2078 1951 2226 2024 Βαρύ
2254 1969 2308 2006 τι
2354 1953 2544 2024 χρῆμα
2572 1953 2632 2006 τὸ
2679 1951 2900 2024 χρυσίον
2946 1951 3128 2016 ἐστὶν,
3178 1951 3368 2023 βαρεῖα
3427 1953 3576 2004 πᾶσα
3613 1956 3654 2022 ἡ

2079 2043 2487 2115 σπουδαζομένη
2537 2043 2679 2098 κατὰ
2720 2043 2810 2098 τὸν
2845 2041 3072 2097 πλοῦτον
3099 2041 3199 2112 ὕλη
3217 2059 3232 2073 ·
3277 2041 3474 2110 κοῦφον
3513 2042 3572 2095 δέ
3598 2060 3658 2096 τι

2076 2135 2172 2188 καὶ
2195 2134 2473 2205 ἀνωφερὲς
2496 2135 2728 2205 πρᾶγμα
2747 2134 2781 2202 ἠ
2808 2133 2998 2203 ἀρετή.
3043 2131 3202 2185 Ἀλλὰ
3228 2133 3334 2203 μὴν
3359 2131 3658 2186 ἀντίκειται

2074 2224 2248 2280 ταῦτα
2293 2225 2562 2296 ἀλλήλοις,
2596 2224 2658 2278 τὸ
2685 2224 2850 2295 βάρος
2894 2224 2989 2276 καὶ
3035 2224 3070 2294 ἡ
3116 2224 3405 2293 κουφότης.
3447 2224 3658 2276 Οὐκοῦν

2074 2317 2354 2388 ἀμήχανόν
2382 2334 2504 2371 τινα
2536 2314 2788 2386 γενέσθαι
2834 2313 3056 2384 κοῦφον,
3091 2314 3170 2386 τῷ
3205 2314 3358 2386 βάρει
3392 2314 3489 2384 τῆς
3516 2313 3654 2384 ὕλης

2075 2408 2270 2462 ἑαυτὸν
2320 2405 2769 2482 προσηλώσαντα.
2804 2407 2869 2458 Εἰ
2896 2401 2988 2460 οὖν
3013 2406 3118 2476 χρὴ
3143 2408 3256 2469 τοῖς
3279 2407 3390 2461 ἄνω
3411 2404 3652 2476 προσϐῆ-

2075 2518 2182 2566 ναι,
2227 2501 2337 2554 τῶν
2385 2500 2536 2553 κάτω
2587 2497 2960 2553 καθελκόντων
2993 2495 3417 2566 πτωχεύσωμεν,
3464 2496 3550 2548 ἵνα
3595 2496 3651 2547 ὲν

2073 2593 2187 2656 τοῖς
2212 2592 2324 2646 ἄνω
2366 2591 2671 2662 γενώμεθα.
2725 2590 2824 2654 Τίς
2863 2589 2922 2643 δὲ.
2970 2590 3000 2642 6
3050 2588 3272 2660 τρόπος,
3307 2589 3593 2658 ὑφηγεῖται
3617 2589 3652 2657 ἡ

2073 2681 2391 2754 ψαλμῳδίαο
2453 2681 2866 2750 Ἐσκόρπισεν,
2909 2679 3092 2734 ἔδωκε
3133 2679 3256 2746 τοῖς
3302 2678 3579 2745 πένησιν,
3612 2680 3650 2747 ἡ

2073 2774 2428 2842 δικαιοσύνη
2494 2773 2682 2827 αὐτοῦ
2734 2771 2904 2842 μένει
2969 2773 3056 2838 είς
3126 2771 3234 2825 τὸν
3301 2771 3484 2826 αἰῶνα
3544 2771 3652 2826 τοῦ

2072 2863 2311 2931 αἰῶνος.
2354 2865 2412 2918 '0
2440 2862 2518 2933 τῷ
2559 2862 2762 2934 πτωχῷ
2803 2863 3156 2933 κοινωνήσας,
3198 2863 3277 2926 εἰς
3322 2862 3419 2933 τὴν
3461 2861 3652 2933 μερίδα

2076 2955 2166 3009 τοῦ
2231 2955 2298 3009 δι’
2361 2956 2509 3026 ἡμᾶς
2571 2954 2986 3026 πτωχεύσαντος
3053 2955 3242 3007 ἑαυτὸν
3301 2956 3651 3024 καταστήσει.

2086 3045 2462 3116 Ἐπτώχευσεν
2505 3047 2534 3098 ὁ
2580 3046 2804 3117 Κύριος,
2848 3045 2921 3116 μὴ
2959 3044 3215 3116 φοϐηθῇς
3263 3045 3396 3115 μηδὲ
3441 3046 3504 3098 σὺ
3550 3047 3652 3114 τὴν

393 3129 491 3199 qui
534 3137 757 3200 propter
802 3149 904 3190 nos
951 3150 1158 3207 pauper
1205 3138 1308 3195 fuit
1365 3143 1605 3213 seipsum
1652 3148 1970 3204 constituet.

2077 3137 2366 3207 πτωχείαν.
2413 3137 2572 3190 Ἀλλὰ
2607 3135 2878 3207 βασιλεύει
2910 3135 3092 3207 πάσης
3134 3137 3235 3204 τῆς
3273 3136 3502 3198 κτίσεως
3524 3137 3552 3190 6
3583 3136 3652 3190 δι’

398 3221 614 3291 Ιιρεειιιιε
637 3220 741 3278 fuit
770 3222 1056 3292 Dominus,
1087 3244 1157 3284 ne
1185 3238 1245 3284 tu
1267 3232 1489 3302 quidem
1521 3245 1734 3291 metuas
1756 3251 1972 3308 egesta-

395 3321 528 3368 tem.
569 3313 765 3371 Verum
809 3332 1036 3388 regnum
1080 3321 1292 3378 obtinet
1330 3324 1508 3379 omnis
1554 3337 1842 3395 creatum,
1879 3333 1971 3403 qui

397 3415 623 3478 propter
644 3422 748 3465 nos
778 3424 987 3482 egenus
1011 3411 1133 3466 fuit.
1160 3414 1301 3486 Ergo
1322 3415 1368 3472 si
1397 3432 1523 3473 cum
1545 3435 1610 3475 eo
1651 3423 1743 3491 qui
1767 3440 1972 3495 egenus

395 3497 500 3552 fuit
556 3513 664 3554 una
713 3515 920 3572 pauper
965 3504 1098 3570 eris,
1139 3521 1262 3561 cum
1307 3519 1570 3580 regnante
1614 3529 1834 3586 quoque
1864 3533 1972 3572 una

394 3592 672 3662 regnabis.
700 3592 852 3650 Beati
878 3599 1020 3654 cnim
1043 3615 1295 3668 pauperes
1318 3603 1530 3671 spiritu,
1555 3609 1804 3676 quoniam
1831 3612 1974 3682 ipso-

392 3699 512 3738 rum
541 3695 620 3741 est
646 3702 864 3758 regnum
897 3691 1168 3756 cartorum,
1192 3693 1352 3764 cujus
1378 3696 1541 3753 etiam
1564 3715 1669 3757 nos
1687 3701 1837 3775 digni
1870 3705 1972 3759 ha-

394 3776 621 3832 beantur
660 3793 757 3849 per
789 3779 1072 3837 Christum
1111 3783 1299 3841 Jesum
1353 3787 1640 3846 Dominum
1695 3805 1970 3864 nostrum,

394 3866 485 3922 cui
509 3868 683 3940 gloria
697 3881 753 3926 et
774 3870 1090 3944 imperium,
1110 3873 1164 3929 in
1182 3879 1380 3934 saecula
1401 3881 1749 3939 stimulorum.
1775 3885 1968 3944 Amen.

1006 3985 1266 4047 ORATIO
1305 3992 1368 4046 ll.

393 4072 551 4130 Beati
591 4077 773 4146 mites,
824 4079 1077 4150 quoniam
1113 4083 1214 4150 ipsi
1248 4085 1611 4142 hazreditatem
1652 4100 1808 4147 teme
1845 4109 1973 4148 con-

1030 4163 1331 4221 sequentur.

463 4236 571 4305 Qui
601 4253 698 4309 per
725 4240 932 4296 scalam
963 4242 1258 4313 quamdam
1284 4245 1351 4300 ad
1383 4247 1578 4303 altiora
1607 4254 1966 4322 contendunt,

393 4343 520 4385 cum
542 4329 597 4385 in
618 4332 800 4402 primo
825 4335 996 4406 gradu
1029 4337 1397 4403 constiterint,
1429 4356 1524 4410 per
1554 4358 1677 4398 eum
1707 4347 1771 4400 ad
1802 4365 1968 4419 supe-

393 4419 594 4476 riorem
627 4422 915 4494 tolluntur,
957 4441 1022 4483 ac
1045 4442 1244 4484 rursus
1275 4433 1550 4488 secundus
1578 4438 1963 4495 ascendentem

2075 3230 2221 3299 ήμᾶς
2249 3227 2589 3300 πτωχεύσας.
2618 3227 2826 3283 Οὐκοῦν
2861 3227 2957 3281 ἐὰν
2989 3226 3361 3298 πτωχεύσαντι
3396 3243 3654 3296 συμπτω-

2073 3323 2297 3395 χεύσῃς,
2345 3323 2440 3376 καὶ
2486 3321 2823 3392 βασιλεύοντι
2863 3318 3332 3389 συμϐασιλεύσεις.
3367 3316 3653 3386 Μακάριοι

2072 3413 2182 3485 γὰρ
2218 3417 2272 3468 οἱ
2311 3414 2534 3482 πτωχοὶ
2582 3412 2662 3478 τῷ
2691 3411 3002 3480 πνεύματι,
3045 3410 3134 3464 ὅτι
3175 3409 3372 3464 αὐτῶν
3403 3409 3572 3462 ἐστιν
3609 3411 3649 3474 ἠ

2067 3506 2357 3572 βασιλεία
2395 3505 2512 3561 τῶν
2556 3501 2850 3573 οὐρανῶν,
2878 3497 2947 3575 ἦς
2980 3503 3076 3556 καὶ
3108 3503 3268 3573 ἡμεῖς
3291 3499 3650 3570 ἀξιωθείημεν

2072 3597 2130 3648 ὲν
2158 3596 2378 3668 Χριστῷ
2417 3595 2590 3668 Ἰησοῦ
2615 3594 2695 3666 τῷ
2729 3595 2918 3666 Κυρίῳ
2947 3594 3124 3664 ἡμῶν,
3156 3587 3200 3661 ᾧ
3234 3595 3268 3662 ἠ
3310 3591 3436 3656 δόξα
3467 3593 3558 3644 ml.
3590 3591 3652 3644 τὸ

2073 3689 2291 3760 κράτος,
2322 3690 2401 3753 είς
2425 3688 2551 3752 τοὺς
2573 3687 2776 3752 αἰῶνας
2801 3687 2912 3740 τῶν
2942 3685 3173 3740 αἰώνων.
3217 3685 3409 3754 Ἀμήν.

2699 4002 2917 4056 ΛΟΓΟΣ
2957 4000 3032 4052 B'.

2070 4091 2358 4161 Μακάριοι
2402 4095 2457 4146 οἱ
2499 4091 2726 4160 πραεῖς,
2765 4089 2874 4178 ⁸ὅτι.
2906 4089 3076 4170 αὐτοὶ
3120 4081 3648 4154 κληρονομήσουσι

2718 4178 2836 4227 την
2865 4177 3001 4228 την.

2139 4255 2204 4307 Οἱ
2231 4253 2319 4307 διὰ
2335 4252 2601 4324 κλίμακάς
2617 4269 2760 4314 τινος
2779 4253 2890 4314 τοῖς
2909 4249 3259 4322 ὑψηλοτέροις
3287 4247 3638 4318 προσϐαίνον-

2066 4362 2178 4410 τες,
2197 4347 2322 4400 ὄταν
2338 4346 2436 4416 τῆς
2452 4344 2674 4417 πρώτης
2689 4343 2920 4398 ὲπιϐῶσι
2941 4343 3218 4414 βαθμίδος,
3239 4341 3304 4394 δι’
3326 4340 3541 4410 ἐκείνης
3555 4339 3647 4392 ἐπὶ

2066 4438 2165 4510 τὴν
2197 4437 2599 4510 ὑπερκειμένην
2641 4437 2921 4507 αἴρονται,
2979 4436 3073 4488 καὶ
3112 4433 3272 4488 πάλιν
3334 4434 3368 4504 ἡ
3408 4431 3635 4503 δευτέρα

393 4512 462 4568 ad
496 4516 717 4572 tertium
740 4516 982 4584 adducit,
1013 4527 1179 4591 atque
1211 4520 1298 4576 hic
1326 4523 1396 4577 ad
1428 4527 1759 4594 proximum,
1789 4541 1845 4587 et
1877 4535 1964 4590 ille

2073 4530 2335 4602 προσάγει
2360 4533 2424 4602 τῇ
2465 4530 2621 4600 τρίτῃ
2654 4529 2744 4584 τὸν
2787 4528 3024 4592 ἀνιόντα,
3052 4527 3147 4580 καὶ
3186 4526 3326 4595 α’ύτη
3371 4525 3505 4595 πρὸς
3540 4523 3638 4594 τὴν

391 4603 458 4660 ad
497 4605 896 4688 insequentem.
944 4611 1124 4682 Atque
1173 4614 1248 4669 ita
1293 4616 1342 4671 is
1383 4617 1478 4687 qui
1535 4623 1805 4688 ascendit,
1839 4625 1965 4681 dum

391 4709 607 4766 semper
634 4699 704 4754 ab
733 4715 821 4767 eo,
856 4683 910 4756 in
936 4719 1047 4773 quo
1074 4705 1354 4772 consistit,
1381 4683 1448 4763 ad
1479 4683 1822 4781 superiorem
1843 4733 1967 4788 gra-

389 4789 520 4843 dum
545 4789 794 4859 enititur,
817 4794 885 4848 ad
915 4810 1189 4852 summum
1224 4813 1488 4859 ascensus
1528 4803 1804 4877 fastigium
1840 4825 1969 4865 eva-

387 4879 488 4935 dit.
517 4881 598 4936 Ad
626 4883 758 4954 quid
790 4885 1092 4954 respiciens
1111 4887 1240 4944 hinc
1260 4891 1557 4949 exordior?
1580 4895 1807 4954 Videtur
1831 4903 1965 4957 mihi

388 4969 444 5024 in
477 4971 700 5027 modum
723 4974 991 5044 graduum
1016 4976 1411 5035 beatitudinum
1434 4983 1812 5054 explicationis
1833 4991 1969 5048 ordo

388 5061 691 5133 dispositus
721 5075 884 5137 atque
915 5067 1160 5140 digestus
1187 5087 1331 5135 esse,
1355 5073 1568 5131 facilem
1593 5093 1692 5147 per
1719 5089 1964 5138 mutuam

387 5157 838 5224 consequentiam
879 5162 1121 5216 sermoni
1165 5162 1404 5220 eﬂiciens
1451 5181 1765 5225 ascensum.
1829 5172 1962 5228 Nam

386 5247 481 5314 qui
511 5247 748 5319 primum
788 5251 1015 5321 gradum
1041 5253 1464 5312 beatiﬁcationis
1489 5267 1670 5314 mente
1694 5276 1954 5318 conscen-

386 5339 548 5405 derit,
571 5356 696 5396 eum
726 5357 824 5412 per
855 5346 1229 5401 necessariam
1258 5347 1550 5418 quamdam
1589 5350 1962 5410 intellectuum

386 5433 834 5502 consequentiam
862 5435 1146 5505 proximus
1174 5439 1400 5509 excipit,
1435 5440 1651 5496 etiamsi
1677 5443 1852 5512 prima
1878 5445 1929 5499 fa
1947 5479 1960 5486 -

388 5521 471 5575 cie
501 5537 644 5577 nova
690 5525 1048 5597 mirandaque
1095 5544 1528 5587 commemorare
1565 5549 1748 5590 sermo
1781 5538 1962 5594 videa-

387 5618 495 5665 tur.
545 5610 690 5666 Fieri
732 5616 880 5670 enim
921 5633 1029 5672 non
1062 5633 1222 5689 posse
1266 5619 1503 5678 fortasse
1545 5623 1691 5680 dicet
1719 5627 1956 5693 auditor,

2070 4622 2287 4693 ἐφεξῆς,
2317 4623 2408 4675 καὶ
2442 4622 2578 4692 αὕτη
2611 4621 2746 4694 πρὸς
2776 4621 2873 4692 τὴν
2909 4620 3024 4692 μεθ’
3069 4620 3288 4688 ἑαυτήν.
3337 4618 3448 4672 Καὶ
3474 4616 3643 4679 οὕτως

2070 4715 2099 4766 6
2128 4713 2292 4766 ἀνιὼν
2323 4714 2432 4767 ἀπὸ
2463 4713 2556 4766 τοῦ
2604 4715 2662 4766 ἐν
2707 4705 2751 4781 ᾧ
2796 4715 2964 4777 ἐστιν,
2995 4713 3082 4765 ἀεὶ
3111 4713 3248 4783 πρὸς
3283 4711 3346 4764 τὸ
3391 4709 3643 4781 ὑπερκείο

2075 4821 2232 4874 μενον
2280 4805 2688 4876 ἀνυψούμενος,
2733 4804 2827 4856 ἐπὶ
2871 4803 2932 4856 τὸ
2971 4803 3267 4874 ἀκρότατον
3309 4802 3498 4872 φθάνει
3548 4801 3646 4869 τῆς

2070 4895 2409 4959 ἀναϐάσεως.
2430 4896 2574 4964 Πρὸς
2594 4896 2646 4949 τί
2675 4895 2885 4965 βλέπων
2913 4895 3158 4950 ἐντεῦθεν
3185 4892 3642 4964 προοιμιάζομαι;

2073 4989 2229 5041 Δοκεῖ
2259 5006 2349 5058 μοι
2381 4988 2654 5060 βαθμίδων
2679 4991 2832 5060 δίκην
2860 4990 2892 5059 ἡ
2917 4988 3024 5041 τῶν
3061 4986 3422 5058 μακαρισμῶν
3443 4985 3645 5037 διακεί-

2072 5082 2196 5135 σθαι
2221 5081 2393 5146 τάξις,
2419 5082 2740 5135 εὐεπίϐατον
2768 5080 2846 5152 τῷ
2873 5081 3014 5150 λόγῳ
3051 5080 3116 5133 δι’
3143 5079 3386 5147 ἀλλήλων
3420 5075 3642 5130 ποιοῦσα

2068 5175 2168 5244 τὴν
2206 5174 2408 5228 ἄνοδον.
2463 5174 2566 5227 Τὸν
2617 5174 2726 5246 γὰρ
2770 5173 2848 5244 τῷ
2891 5172 3092 5243 πρώτῳ
3136 5171 3222 5224 διὰ
3269 5171 3369 5242 τῆς
3412 5167 3642 5228 διανοίας

2068 5264 2432 5334 ἐπιϐεϐηκότα
2457 5264 2810 5336 μακαρισμῷ,
2841 5264 2907 5317 δι’
2935 5262 3232 5331 ἀναγκαίας
3262 5261 3404 5322 τινὸς
3424 5259 3518 5328 τῆς
3535 5258 3639 5309 τῶν

2069 5358 2356 5428 νοημάτων
2384 5357 2723 5419 ἀκολουθίας,
2752 5360 2780 5410 6
2818 5357 2936 5426 μετ’
2973 5358 3183 5408 ἐκεῖνον
3211 5352 3508 5422 ἐκδέχεται,
3540 5349 3637 5402 κᾶν

2071 5447 2402 5514 ὑποξενίςειν
2426 5448 2556 5519 δοκῇ
2592 5448 2743 5517 παρὰ
2771 5448 2867 5517 τὴν
2894 5445 3116 5517 πρώτην
3140 5445 3168 5496 ὁ
3196 5444 3372 5512 λόγος·
3413 5440 3502 5511 Μὴ
3533 5439 3637 5509 γὰρ

2067 5533 2206 5592 εἶναι
2239 5539 2459 5592 δυνατὸν
2508 5538 2638 5601 ἴσως
2668 5541 2696 5590 ὀ
2726 5536 2941 5590 ἁκούων
2985 5539 3100 5607 ἐρεῖ
3122 5577 3135 5599 ,
3172 5534 3420 5604 καθάπερ
3457 5535 3512 5585 ὲν
3545 5531 3636 5602 βα-

2069 5629 2222 5700 θμῶν
2251 5630 2510 5696 διαθέσει,
2537 5629 2675 5700 μετὰ
2707 5629 2808 5701 τὴν
2835 5628 2944 5682 τῶν
2959 5627 3202 5700 οὐρανῶν
3219 5626 3510 5699 βασιλείαν,
3543 5626 3637 5694 τῆς

457 5795 506 5830 ³³
544 5794 734 5850 Matth.
768 5814 859 5852 xtx
887 5839 901 5865 ,
936 5801 1026 5853 2!.
1103 5804 1148 5836 ⁸³
1189 5801 1323 5859 Ibid.
1356 5806 1446 5859 2'5.
1525 5807 1569 5835 ⁹¹⁵
1608 5805 1627 5860 l
1663 5807 1855 5865 Thess.
1892 5824 1966 5877 tv,

2077 5852 2086 5863 .
2166 5814 2212 5842 9“
2250 5810 2391 5868 Psal.
2429 5829 2516 5867 cn
2543 5854 2555 5875 .
2590 5815 2621 5867 9
