4018 6358
210 364 235 417 ‘l
247 363 361 418 209

1282 368 1368 422 nr;
1409 366 2005 425 nennumumus.
2046 369 2304 427 onum
2348 354 2409 428 it.

3344 372 3484 427 1210

204 485 323 555 γῆς
372 486 472 557 τὴν
511 486 873 559 κληρονομίαν
903 490 1416 561 καταλαμϐάνεσθαι
1439 509 1452 522 ·
1500 492 1613 547 ἀλλ’
1645 492 1803 562 εἴπερ

1909 502 1986 556 ιιι,
2023 502 2288 565 tanquam
2324 496 2376 548 iu
2405 495 2673 561 graduum
2706 497 3090 568 dispositione,
3109 505 3231 567 post
3254 513 3477 567 regnum

204 576 323 631 ἔδει
370 579 437 649 τῇ
476 577 634 646 φύσει
657 578 764 633 τῶν
793 579 959 634 ὄντων
991 583 1082 635 τὸν
1124 582 1280 651 λόγον
1307 583 1554 648 ἕπεσθαι,
1589 584 1681 636 τοῦ
1707 586 1795 637 οὐ·

209 667 386 739 ρανοῧ
426 668 525 740 τὴν
570 670 674 741 γῆν
707 671 1121 745 ἀκολουθότερον
1163 669 1231 745 ἦν
1275 675 1669 747 προτετάχθαι,
1720 675 1795 739 ὼς

204 757 470 812 ἐντεῦθεν
498 760 628 829 ἡμῖν
655 761 742 813 ἐπ’
781 763 986 815 ἐκεῖνον
1026 764 1290 835 ἐσομένης
1319 766 1418 834 τῆς
1458 764 1793 829 ἀναϐάσεως.

220 848 373 901 Ἀλλ’
401 851 450 903 εἰ
476 849 885 921 πτερωθείημέν
929 869 1045 915 πως
1086 851 1164 922 τῷ
1206 852 1374 924 λόγῳ,
1411 854 1504 907 καὶ
1544 855 1685 925 ὑπὲρ
1730 854 1799 908 τὰ

206 939 365 994 νῶτα
382 939 489 1010 τῆς
510 941 766 1012 οὐρανίας
796 941 980 1011 ἀψίδος
1014 944 1297 1014 σταίημεν,
1340 945 1644 1016 εὑρήσομεν
1684 946 1799 998 ἐκεῖ

205 1028 316 1101 τὴν
346 1028 738 1101 ὑπερουράνιον
766 1030 892 1100 γῆν,
911 1031 1010 1101 τὴν
1040 1033 1119 1096 εἰς
1150 1032 1516 1103 κληρονομίαν
1535 1036 1648 1097 τοίς
1676 1036 1797 1087 κατ’

208 1120 422 1192 ἀρετὴν
445 1119 763 1190 βεϐιωκόσιν
782 1121 1167 1192 ἀποκειμένην,
1201 1124 1277 1187 ὡς
1309 1124 1384 1195 μὴ
1415 1123 1589 1179 δοκεῖν
1618 1127 1799 1197 ἡμαρ-

206 1211 541 1283 τῆσθαιτὴν
570 1210 724 1278 τάξιν
749 1212 846 1282 τῆς
892 1211 1001 1267 τῶν
1042 1215 1408 1285 μακαρισμῶν
1453 1216 1796 1281 ἀκολουθίας,

211 1301 440 1375 πρῶτον
467 1302 733 1373 οὐρανῶν,
766 1303 860 1355 καὶ
888 1302 1027 1372 μετά
1054 1302 1226 1356 ταῦτα
1253 1305 1377 1374 γῆς,
1406 1306 1462 1358 ἐν
1493 1308 1612 1368 ταῖς
1633 1307 1800 1374 ἐπαγ-

210 1393 431 1463 γελίαις
448 1394 581 1464 ἡμῖν
606 1393 759 1464 παρὰ
782 1390 876 1446 τοῦ
895 1392 1030 1447 Θεοῦ
1054 1394 1423 1466 προτεθείσης.
1457 1396 1530 1450 Τὸ
1550 1397 1657 1469 γάρ
1682 1415 1801 1468 φαι-

210 1483 469 1556 νόμενον,
518 1484 643 1538 ὅσον
680 1484 817 1554 πρὸς
859 1484 958 1554 τὴν
994 1486 1309 1558 σωματικὴν
1349 1486 1600 1558 αἴσθησιν
1618 1529 1631 1548 ,
1679 1488 1801 1542 ὅλον

214 1575 365 1646 πρὸς
391 1574 553 1628 ἐαυτὸ
585 1572 859 1644 συγγενῶς
899 1573 1031 1645 ἔχει.
1085 1574 1203 1629 Κᾶν
1244 1576 1352 1647 γάρ
1385 1576 1414 1629 ὃ
1450 1578 1548 1647 μὲν
1593 1577 1796 1649 ὑψηλὸν

216 1661 365 1719 εἶναι
396 1664 524 1738 δοκῇ
551 1663 629 1736 τῷ
661 1664 869 1737 τοπικῷ
890 1667 1213 1737 διαστήματι
1229 1706 1245 1728 ,
1273 1667 1387 1721 ἀλλ’
1402 1663 1495 1722 οὖν
1520 1668 1671 1723 κάτω
1696 1668 1800 1738 τῆς

214 1754 421 1826 νοερᾶς
466 1754 654 1818 οὐσίας
696 1754 866 1822 ἐστὶν,
903 1750 972 1829 ἦς
1007 1754 1265 1810 ἀδύνατον
1309 1755 1664 1811 ἐπιϐατεὼαι
1710 1758 1803 1812 τὸν

214 1845 506 1917 λογισμὸν,
534 1844 613 1917 μὴ
636 1845 895 1899 διαϐάντα
918 1845 997 1917 τῷ
1028 1845 1172 1917 λόγῳ
1201 1847 1371 1901 ταῦτα
1408 1848 1691 1920 πρότερον,
1727 1842 1803 1902 ῶν
1836 1840 1875 1894 Β

217 1936 562 1992 καθικνεῖται
589 1938 624 2009 ἡ
648 1937 920 2009 αίσθησις.
950 1938 1013 1991 El
1039 1937 1097 1991 δὲ
1120 1941 1186 2009 τῇ
1217 1939 1554 2011 προσηγορίᾳ
1581 1940 1679 2011 τῆς
1698 1939 1802 2009 γῆς

216 2032 252 2100 ὴ
317 2029 693 2101 ὑπερκειμένη
755 2030 1186 2100 κατονομάζεται
1248 2029 1438 2099 λῆξις,
1501 2030 1803 2101 θαυμάσεις

222 2121 433 2194 μηδέν·
484 2121 561 2193 τῷ
601 2122 710 2193 γὰρ
749 2123 989 2193 ταπεινῷ
1025 2122 1125 2192 τῆς
1159 2123 1430 2195 ἡμετέρας
1470 2123 1641 2194 ἀκοῆς
1668 2141 1801 2192 συγ-

219 2214 544 2269 καταϐαίνει
567 2216 597 2268 ὁ
625 2215 816 2284 Λόγος,
843 2216 871 2269 ὁ
898 2214 985 2268 διὰ
1012 2214 1170 2267 τοῦτο
1193 2215 1332 2286 πρὸς
1359 2217 1503 2286 ἡμᾶς
1537 2215 1799 2283 καταϐάς,

219 2306 417 2378 ἐπειδὴ
462 2307 625 2378 ἡμεῖς
669 2306 807 2376 πρὸς
858 2306 1018 2359 αὐτὸν
1061 2307 1408 2377 ἀνυψωθῆναι
1454 2308 1553 2379 οὐχ
1594 2302 1695 2362 οἷοί
1741 2328 1801 2363 τε

218 2394 391 2470 ἦμεν.
431 2398 533 2452 Διά
570 2398 751 2451 τοίνυν
792 2397 900 2451 τῶν
942 2398 1071 2469 ἡμῖν
1111 2399 1402 2470 γνωρίμων
1444 2402 1702 2471 ῥημάτων
1741 2420 1802 2456 τε

220 2491 320 2544 καὶ
368 2489 647 2556 ὀνομάτων
678 2488 1013 2561 παραδίδωσι
1059 2490 1127 2542 τά
1178 2490 1299 2544 θεῖα
1347 2497 1640 2562 μυστήρια,
1677 2492 1804 2546 ταύ-

220 2599 348 2647 ταις
374 2583 495 2645 ταῖς
523 2584 729 2652 φωναῖς
758 2580 1116 2651 κεχρημένος,
1152 2580 1218 2645 ἂς
1244 2584 1278 2652 ἡ
1313 2583 1571 2656 συνήθεια
1599 2585 1691 2639 τοῦ
1715 2588 1804 2640 ἀν-

221 2672 502 2746 θρωπίνου
549 2671 795 2744 περιέχει
841 2671 977 2742 βίου.
1028 2672 1139 2726 Καὶ
1184 2673 1292 2744 γάρ
1344 2677 1410 2745 τῇ
1461 2674 1565 2746 πρὸ
1602 2677 1804 2746 ταύτης

223 2764 532 2836 ἐπαγγελίᾳ
572 2764 664 2819 τὸν
714 2763 989 2834 ἄφραστον
1036 2764 1242 2818 ἐκεῖνον
1299 2766 1357 2818 ἐν
1404 2767 1517 2830 τοῖς
1559 2768 1806 2838 οὐρανοῖς

227 2855 619 2927 μακαρισμὸν,
658 2853 937 2925 βασιλείαν
983 2854 1293 2926 ὠνόμασεν·
1333 2851 1442 2927 ἆρά
1483 2874 1535 2910 τι
1565 2842 1804 2911 τοίοῢτον

222 2948 303 3019 τῷ
326 2948 475 3019 λόγῳ
501 2946 931 3018 παραδεικνύων,
968 2941 1081 3001 οἷον
1124 2949 1160 3018 ἡ
1196 2948 1345 3002 κάτω
1381 2947 1623 3020 περιέχει
1653 2949 1805 3020 βασι-

224 3040 383 3107 λείας
428 3039 734 3111 διαδήματά
759 3056 880 3093 τινα
925 3041 1043 3104 ταῖς
1074 3039 1184 3093 τῶν
1212 3041 1375 3094 λίθων
1409 3042 1622 3110 αῖγλαις
1653 3059 1806 3113 περι-

224 3132 609 3204 αστράπτοντα
633 3171 649 3197 ,
697 3130 791 3185 καὶ
831 3130 1075 3195 εὐανθεῖς
1116 3132 1437 3205 ἁλουργίδας
1482 3132 1579 3204 ἡδύ
1612 3151 1666 3187 τι
1691 3126 1825 3197 τοῖς

224 3190 432 3297 λίχνοις
458 3190 703 3295 ὄμμασιν
742 3190 1169 3292 ἀωυγαζοὺσας
1194 3263 1210 3289 ,
1254 3190 1571 3296 προπύλαιά
1617 3243 1677 3279 τε
1711 3190 1805 3279 καί
1831 3190 1873 3246 C

225 3315 717 3386 καταπετάσματα,
754 3314 851 3369 καὶ
894 3314 1131 3385 ὑψηλοὺς
1160 3315 1404 3386 θρόνους,
1450 3320 1546 3372 καὶ
1584 3318 1804 3390 δορυφό-

229 3425 341 3479 ρων
393 3406 670 3476 στοιχηδὸν
718 3405 1098 3477 περιεστώτων
1139 3405 1341 3473 τάξεις,
1386 3408 1482 3461 καὶ
1527 3408 1628 3462 ὃσα
1674 3408 1810 3461 ἄλλα

226 3496 715 3569 προστραγτρδοῦσι
741 3497 870 3567 περὶ
888 3495 989 3568 τὴν
1018 3495 1274 3568 τοιαύτην
1304 3495 1396 3551 τοῦ
1429 3497 1543 3567 βίου
1605 3497 1809 3568 σκηνὴν

228 3590 277 3642 οἱ
300 3591 396 3644 τὸν
423 3589 586 3658 ὄγκον
611 3589 712 3658 τῆς
749 3588 1068 3652 δυναστείας
1091 3587 1181 3641 διὰ
1211 3587 1319 3643 τῶν
1351 3587 1607 3642 τοιούτων
1631 3589 1725 3641 ἐπὶ
1749 3589 1810 3641 τὸ

232 3674 419 3751 μεῖζον
464 3680 793 3753 ἐξαίροντες.
835 3681 974 3736 Ἀλλ’
1019 3680 1209 3751 ἐπειδὴ
1248 3679 1391 3750 μέγα
1433 3697 1488 3733 τι
1530 3681 1625 3733 καὶ
1671 3680 1809 3751 ὑπὲρ

230 3775 412 3829 πάντα
444 3773 629 3844 σχεδὸν
675 3774 744 3828 τά
788 3774 847 3826 ἐν
895 3773 1203 3845 ἀνθρώποις
1246 3772 1550 3844 ζηλούμενα
1599 3773 1661 3826 τὸ
1707 3773 1808 3843 τῆς

235 3864 513 3934 βασιλείας
540 3865 713 3936 ὄνομα
743 3864 887 3918 κατά
913 3865 1004 3919 τὸν
1033 3864 1145 3935 βίον
1176 3866 1341 3920 ἐστὶν.
1374 3863 1461 3917 διὰ
1498 3863 1654 3917 τοῦτο
1684 3882 1809 3917 συν-

233 3957 507 4028 εχρήσατο
539 3956 618 4028 τῷ
641 3956 885 4028 ὀνόματι,
938 3957 1073 4027 πρὸς
1116 3956 1214 4026 τὴν
1259 3955 1365 4009 τῶν
1405 3956 1810 4026 ὑπερκειμένων

234 4048 456 4116 ἀγαθῶν
482 4048 746 4120 δήλωσινο
794 4048 870 4112 ὡς
899 4047 1029 4113 είγε
1044 4043 1112 4119 ἦν
1148 4048 1278 4102 ἄλλο
1313 4064 1365 4100 τι
1395 4047 1547 4119 παρά
1579 4051 1690 4110 τοῖς
1721 4048 1812 4101 ἀν-

236 4138 476 4211 θρώποις
505 4141 607 4210 τῆς
646 4139 919 4211 βασιλείας
956 4137 1248 4209 ἀνώτερον,
1278 4139 1346 4192 δι’
1384 4140 1595 4192 ἐκείνου
1624 4139 1691 4192 ἂν
1718 4137 1809 4192 τοῦ

233 4230 497 4302 ὀνόματος
547 4231 764 4293 πάντως
822 4230 1054 4301 μάλιστα
1115 4230 1461 4302 ἀνεπτέρωσε
1502 4230 1678 4301 ψυχὴν
1716 4229 1811 4283 τοῦ

238 4320 547 4387 ἀκούοντος,
580 4321 717 4393 πρὸς
764 4321 1059 4390 ἐπιθυμίαν
1087 4319 1188 4391 τῆς
1230 4320 1507 4390 ἀφράστου
1550 4320 1813 4391 μακαριό-

238 4430 421 4483 τητος.
471 4414 606 4469 Οὐδὲ
635 4413 743 4486 γάρ
775 4408 843 4483 ἦν
886 4413 1111 4468 δυνατὸν
1157 4415 1308 4478 ἰδίοις
1346 4414 1604 4483 ὀνόμασιν
1632 4414 1816 4466 ἐκεῖνα

1903 586 2170 640 εωιοιηιιιι
2222 586 2508 641 haereditas
2547 595 2707 642 terra:
2753 589 3227 658 deprehendatur;
3279 587 3374 643 sed
3415 603 3478 640 sn-

1899 676 2117 743 quidem
2143 684 2417 745 oporteret
2452 693 2757 733 sermonem
2808 695 2991 733 rerum
3020 679 3181 748 sequi
3203 688 3477 740 naturam,

1902 766 2075 835 magis
2104 776 2532 821 consentaneum
2563 776 2702 831 erat,
2738 777 2798 822 ut
2827 769 2968 823 cmlo
2997 777 3142 824 terra
3195 784 3480 839 prazpone~

1899 865 2070 920 retur,
2096 856 2254 926 quasi
2286 857 2412 910 hinc
2438 858 2566 912 illuc
2593 859 2872 914 ascensuri
2915 860 3107 915 simus.
3154 859 3260 914 Sed
3289 861 3332 912 si
3362 873 3481 912 ora-

1902 948 2049 1002 tione
2072 949 2324 1003 volucres
2346 950 2749 1019 quodammodo
2771 951 2898 1006 facti
2923 960 2975 1007 et
3001 952 3167 1007 erecti
3190 951 3475 1014 fuerimus,

1901 1056 2174 1111 superque
2213 1042 2377 1097 dorsa
2432 1043 2672 1098 caelestis
2712 1046 3007 1100 testudinis
3046 1045 3477 1106 consdterimus,

1900 1134 2241 1190 inveniemus
2274 1135 2345 1189 ibi
2372 1137 2815 1206 supercrelestem
2842 1146 3068 1200 terram,
3114 1152 3236 1206 qua:
3265 1137 3333 1191 iis
3376 1135 3469 1204 qui

1901 1241 2025 1281 cum
2055 1226 2255 1282 virtute
2284 1226 2449 1281 vitam
2489 1230 2855 1295 transegerint
2887 1228 3122 1296 reposita
3147 1237 3250 1291 est,
3284 1232 3343 1279 ut
3370 1242 3478 1279 non

1898 1302 2150 1372 videatur
2181 1316 2317 1372 ordo
2356 1331 2387 1369 a
2421 1316 2771 1371 convenienti
2819 1316 3215 1371 beatitudinum
3262 1316 3475 1383 exposi-

1901 1408 2065 1463 tionis
2089 1406 2478 1477 consequentia
2503 1406 2811 1471 aberrasse,
2834 1406 3067 1477 primum
3091 1406 3255 1468 caelo,
3281 1405 3477 1459 deinde

1901 1504 2050 1553 terra
2107 1497 2266 1554 nobis
2314 1498 2371 1552 in
2414 1496 2875 1567 promissionihus
2922 1512 2952 1551 a
3006 1496 3117 1552 Deo
3175 1497 3476 1567 proposita.

1902 1586 2178 1658 Quidquid
2208 1588 2355 1643 enim
2385 1596 2629 1659 apparet,
2652 1596 2917 1660 quantum
2943 1588 3010 1643 ad
3038 1603 3260 1644 sensum
3282 1603 3476 1659 corpo-

1902 1690 2059 1729 reum
2093 1676 2313 1743 attinet,
2359 1686 2531 1731 totum
2572 1677 2715 1733 inter
2760 1693 2822 1733 se
2863 1686 3155 1749 cognatum
3190 1685 3296 1733 est.
3361 1676 3477 1732 Etsi

1905 1766 2051 1821 enim
2087 1767 2221 1823 illud
2256 1768 2476 1838 quidem
2505 1767 2608 1821 loci
2645 1768 2933 1823 intervallo
2973 1769 3142 1822 altum
3176 1784 3299 1824 esse
3327 1769 3481 1824 vide-

1904 1867 2013 1921 tur,
2054 1864 2292 1912 attamen
2317 1873 2482 1929 super
2506 1858 2949 1923 intellectualem,
2975 1860 3140 1930 inque
3164 1869 3343 1915 mente
3365 1864 3482 1917 sola

1902 1950 2293 2005 consistentem
2315 1957 2561 2004 naturam
2586 1957 2693 2013 est,
2722 1950 2789 2004 ad
2811 1966 2973 2020 quam
3000 1950 3121 2006 ﬁeri
3168 1967 3278 2007 non
3306 1959 3483 2023 potest

1903 2046 1962 2092 ut
1991 2037 2249 2108 cogitatio
2295 2037 2577 2103 ascendat,
2616 2035 2723 2092 nisi
2755 2037 2966 2093 ratione
3009 2039 3162 2109 prius
3193 2040 3309 2095 haec
3360 2056 3483 2110 quae

1902 2142 2099 2183 sensus
2154 2126 2467 2197 assequitur
2495 2134 2839 2195 transgressa
2871 2128 2961 2183 sit.
3018 2128 3172 2194 Quod
3207 2130 3251 2183 si
3297 2130 3482 2199 appel-

1902 2218 2106 2273 latione
2133 2224 2295 2273 terraa
2354 2232 2607 2288 supernae
2644 2224 2828 2287 partes
2860 2217 3311 2282 denominantur,
3348 2220 3483 2274 nihil

1902 2310 2142 2373 mireris,
2189 2309 2257 2365 ad
2297 2310 2662 2365 humilitatem
2705 2309 2848 2365 enim
2889 2313 3065 2366 nostri
3100 2312 3324 2367 auditus
3350 2309 3485 2368 Ver-

1902 2399 2053 2465 bum,
2079 2399 2237 2471 quasi
2283 2397 2770 2454 condescendendo
2804 2414 2923 2455 sese
2957 2403 3355 2466 accommodat,
3390 2401 3482 2471 qui

1902 2493 2109 2548 ideirco
2156 2491 2441 2548 descendit
2486 2492 2554 2545 ad
2605 2508 2737 2555 nos,
2765 2492 2893 2562 quia
2925 2508 3026 2548 nos
3073 2494 3140 2548 ad
3182 2495 3334 2547 illum
3365 2495 3480 2547 tolli

1902 2599 2011 2640 non
2041 2592 2376 2655 poteramus.
2426 2582 2613 2653 Itaque
2656 2597 2751 2653 per
2781 2583 2943 2638 verba
2990 2594 3045 2638 et
3087 2586 3310 2639 nomina
3352 2594 3481 2639 nota

1900 2677 2063 2733 nobis
2105 2676 2291 2732 divina
2343 2675 2604 2746 mysteria
2664 2674 2849 2740 tradit,
2903 2674 2989 2729 his
3027 2676 3250 2732 vocibus
3298 2685 3481 2739 utens,

1902 2782 2041 2838 quas
2064 2766 2312 2821 continet
2348 2765 2603 2819 humanae
2635 2765 2763 2819 vitae
2783 2765 3145 2821 consuetudo.
3181 2764 3394 2821 Etenim
3426 2767 3481 2820 in

1901 2860 2151 2931 proxime
2190 2857 2517 2929 praecedenti
2556 2857 2698 2912 hanc
2741 2857 3129 2928 promissione,
3181 2856 3475 2927 inexplica-

1903 2950 2062 3005 bilem
2087 2949 2234 3003 illam
2270 2949 2323 3002 in
2353 2948 2507 3003 cmlis
2535 2947 2926 3003 beatitudinem
2975 2963 3202 3018 regnum
3244 2948 3485 3017 appella-

1901 3043 2015 3110 vit,
2045 3040 2290 3111 nunquid
2315 3038 2585 3111 ejusmodi
2613 3040 2893 3109 quidpiam
2927 3040 3177 3094 indicans
3236 3039 3486 3094 oratione

1905 3135 2065 3206 quale
2091 3134 2334 3189 continet
2361 3147 2588 3203 regnum
2630 3129 2951 3186 infernum?
2989 3129 3296 3184 diademata
3334 3144 3484 3197 quaa-

1907 3227 2032 3282 dam
2067 3226 2305 3295 lapidum
2358 3223 2647 3294 splendore
2692 3222 2901 3276 circum
2950 3219 3302 3289 fulgurantia,
3338 3218 3477 3272 [lori-

1907 3320 2006 3374 das
2047 3325 2226 3372 vestes
2273 3331 2601 3386 purpureas,
2647 3315 2952 3385 jucundum
2992 3312 3282 3383 quemdam
3312 3311 3489 3365 oculis

1907 3410 2155 3465 delicatis
2197 3407 2545 3477 splendorem
2591 3404 2904 3468 reddentes,
2957 3401 3247 3461 vestibula.
3295 3401 3486 3463 aulaea,

1909 3490 2166 3557 sublimia
2211 3497 2369 3559 solia,
2415 3496 2711 3552 satellitum
2756 3495 3261 3563 armigerorumque
3290 3490 3483 3545 ordine

1908 3587 2383 3643 circumstantium
2430 3584 2719 3645 cohortes,
2766 3596 2829 3635 ac
2881 3593 3221 3650 quaecunque
3267 3578 3372 3631 alia
3429 3578 3485 3631 in

1909 3680 2128 3736 modum
2160 3677 2492 3748 tragicorum
2540 3672 2978 3744 spectaculorum
3024 3670 3172 3725 circa
3212 3668 3485 3738 ejusmodi

1910 3772 2035 3826 vita:
2062 3783 2284 3824 scenam
2328 3766 2538 3821 addunt
2566 3765 2620 3818 hi
2644 3764 2737 3834 qui
2769 3760 3184 3832 amplitudinem
3220 3759 3490 3829 principa-

1911 3874 1997 3919 tus
2031 3878 2125 3933 per
2150 3858 2416 3930 ejusmodi
2445 3872 2533 3912 res
2553 3856 2608 3910 in
2643 3855 2821 3924 majus
2846 3850 3164 3908 extollunt?
3210 3849 3314 3904 Sed
3347 3864 3488 3918 quo-

1911 3957 2056 4011 niam
2089 3966 2343 4024 magnum
2376 3946 2656 4020 quiddam,
2698 3953 2752 4000 et
2782 3958 2947 4013 supra
2979 3940 3163 3997 omnia
3197 3954 3486 4010 propemo-

1910 4045 2039 4101 dum
2091 4058 2212 4114 qure
2241 4039 2421 4110 magni
2464 4038 2600 4091 fiunt
2629 4036 2771 4090 inter
2798 4032 3072 4093 homines,
3101 4031 3251 4101 regni
3281 4045 3483 4085 nomen

1911 4137 1968 4193 in
1986 4137 2092 4190 vita
2116 4142 2224 4197 est,
2242 4132 2449 4187 idcirco
2474 4144 2608 4185 usus
2627 4135 2709 4181 est
2736 4125 2898 4180 etiam
2930 4138 2997 4178 eo
3022 4123 3090 4177 ad
3120 4137 3487 4192 supernorum

1911 4230 2180 4285 bonorum
2200 4223 2645 4281 declarationem.
2674 4216 2808 4271 Nam
2834 4217 2878 4271 si
2900 4214 3118 4286 quidem
3145 4213 3292 4267 aliud
3322 4211 3488 4282 quid-

1913 4322 2057 4390 piam
2088 4315 2443 4373 excellentius
2501 4325 2662 4381 quam
2697 4321 2926 4378 regnum
2950 4304 3094 4375 apud
3130 4305 3377 4358 homines
3408 4318 3490 4358 es-

1916 4421 2019 4473 set,
2057 4425 2150 4480 per
2185 4406 2316 4461 illud
2365 4403 2710 4475 potissimum
2757 4412 2955 4453 nomen
2987 4395 3230 4449 animum
3267 4408 3490 4462 prorsus

239 4504 309 4558 τά
332 4504 513 4574 ἀγαθά
544 4507 656 4569 τοῖς
681 4503 989 4576 ἀνθρώποις
1019 4505 1446 4575 ἐκκαλυφθῆναι,
1485 4503 1521 4558 ά
1552 4504 1693 4574 ὑπὲρ
1732 4501 1810 4555 αῐ-

1918 4500 2193 4556 audientis
2242 4510 2459 4552 sursum
2507 4491 2665 4562 quasi
2709 4489 2812 4542 alis
2858 4487 3058 4541 additis
3105 4488 3401 4548 evexisset,
3438 4492 3492 4540 et

244 4594 434 4665 σθησίν
461 4612 524 4650 τε
561 4596 655 4649 καὶ
686 4594 887 4665 γνῶσιν
917 4594 1263 4667 ἀνθρωπίνην
1294 4593 1460 4648 ἐστίν.
1510 4594 1660 4648 Οὔτε
1706 4593 1817 4661 γὰρ

218 4686 547 4758 οφθαλμὸς
584 4683 726 4751 εἶδε,
770 4688 957 4758 φησὶν,
1000 4686 1140 4742 οὔτε
1182 4682 1293 4752 οὖς
1341 4685 1629 4755 ἤκουσεν,
1679 4685 1819 4740 οὔτε

243 4779 340 4832 ἐπὶ
393 4778 645 4849 καρδίαν
695 4780 1009 4847 ἀνθρώπου
1060 4779 1261 4846 ἀνέϐη.
1319 4779 1458 4832 Ἀλλ’
1518 4778 1593 4841 ὡς
1634 4778 1701 4831 ἂν
1744 4777 1818 4849 μὴ

244 4871 523 4934 παντελῶς
569 4870 822 4939 διαφύγοι
874 4870 969 4923 τὸν
1029 4871 1333 4941 στοχασμὸν
1391 4872 1426 4941 ἡ
1490 4869 1818 4939 ὲλπιζομένη

250 4959 608 5031 μακαριότης,
641 4958 718 5021 ὡς
759 4956 1046 5029 χωροῦμεν
1090 4957 1234 5012 κατά
1276 4958 1338 5012 τὸ
1371 4959 1623 5013 ταπεινὸν
1664 4959 1820 5031 ἡμῶν

246 5046 347 5116 τῆς
374 5047 610 5118 φύσεως,
651 5047 794 5101 οὕτω
837 5047 948 5101 τῶν
986 5049 1381 5119 ἀνεκφωνήτων
1408 5049 1697 5121 ἀκούομεν.
1727 5050 1820 5121 Μὴ

249 5133 339 5192 οὑν
357 5142 391 5210 ἡ
407 5141 506 5211 τῆς
520 5141 623 5211 γῆς
640 5139 925 5211 ὁμωνυμία
946 5138 1109 5193 πάλιν
1127 5141 1264 5211 μετά
1282 5142 1409 5204 τοὺς
1422 5142 1683 5213 οὐρανοὺς
1697 5139 1824 5194 καθ-

172 5298 181 5305 κ
251 5228 453 5286 ελκέτω
501 5249 594 5285 σου
640 5230 738 5302 τὴν
782 5230 1021 5285 διάνοιαν
1062 5230 1154 5283 ἐπὶ
1194 5230 1295 5301 τὴν
1333 5232 1482 5285 κάτω
1515 5231 1652 5303 γῆν,
1706 5231 1822 5285 ἀλλ’

254 5318 412 5392 εἴπερ
460 5319 682 5391 ὑψώθης
717 5319 797 5391 τῷ
822 5320 982 5392 Λόγῳ
1026 5320 1115 5374 διά
1156 5320 1265 5374 τῶν
1318 5320 1596 5393 προτέρων
1647 5339 1823 5392 μακα-

256 5411 482 5483 ρισμῶν,
523 5413 618 5466 καὶ
660 5412 758 5483 τῆς
800 5411 1058 5482 οὐρανίας
1099 5410 1300 5483 ἐπέϐης
1345 5411 1575 5477 ἐλπίδος,
1610 5412 1823 5483 ἐκείνην

259 5517 349 5568 μοι
389 5503 831 5573 πολυπραγμόνει
892 5503 992 5572 τὴν
1024 5486 1151 5573 γῆν,
1182 5504 1304 5573 ἥτις
1351 5503 1414 5557 οὐ
1458 5503 1674 5558 πάντων
1706 5505 1824 5558 ἐστὶ

258 5589 605 5665 κληρονομία,
650 5593 790 5667 πλὴν
812 5592 866 5647 ετ
892 5610 1035 5659 τινες
1062 5593 1151 5653 διὰ
1173 5594 1274 5666 τῆς
1310 5594 1404 5649 τοῦ
1437 5594 1552 5666 βίου
1586 5595 1821 5668 πραότη-

326 5764 370 5795 ⁹⁷
411 5768 428 5821 l
460 5768 587 5824 Cor.
623 5786 689 5838 ιι,
722 5771 774 5828 9.

1917 4590 2186 4648 erexisset
2211 4586 2277 4640 ad
2310 4579 2711 4652 inexplicabilis
2734 4585 2790 4633 et
2816 4575 3179 4631 inenodabilis
3207 4574 3495 4629 beatitudi-

1921 4683 2005 4738 nis
2033 4678 2273 4736 stndium
2314 4684 2478 4743 atque
2520 4670 2899 4740 cupiditatem.
2969 4666 3158 4736 Neque
3200 4665 3345 4720 enim
3378 4663 3493 4718 ﬁeri

1919 4775 2127 4844 poterat
2183 4775 2244 4822 ut
2275 4766 2391 4820 suis
2423 4777 2485 4817 ac
2519 4758 2756 4832 propriis
2786 4756 3071 4811 vocabulis
3118 4755 3498 4811 revelarentur

1922 4860 2238 4919 hominibus
2275 4856 2368 4910 illa
2416 4853 2560 4908 bona
2619 4864 2741 4920 quae
2785 4851 3049 4918 superant
3087 4856 3139 4899 et
3182 4857 3404 4899 sensum
3442 4848 3498 4896 et

1926 4951 2290 5025 cognitionem
2331 4947 2624 5001 humanam
2665 4959 2678 4995 :
2724 4938 2901 5010 Neque
2941 4939 3079 4992 enim
3127 4935 3307 4988 oculus
3346 4931 3493 5025 vidit,

1927 5024 2124 5116 inquit,
2169 5056 2330 5110 neque
2370 5038 2517 5091 auris
2554 5034 2803 5090 audivit:
2837 5047 2999 5101 neque
3039 5031 3094 5084 in
3131 5042 3222 5081 cor
3269 5024 3497 5079 hominis

1927 5134 2160 5194 ascendit
2186 5134 2251 5185 ’⁷.
2304 5130 2409 5186 Sed
2451 5142 2520 5183 ne
2572 5126 2788 5197 penitus
2827 5121 3127 5186 beatitudo,
3155 5133 3274 5189 quae
3307 5130 3498 5187 Spera-

1927 5239 2037 5293 tur,
2073 5225 2447 5295 conjecturam
2473 5216 2715 5288 elfugiat,
2745 5230 2845 5285 pro
2874 5221 3035 5283 captu
3073 5208 3295 5265 humilis
3321 5214 3376 5262 et
3401 5205 3501 5260 ab-

1924 5323 2085 5393 jectae
2119 5325 2321 5373 nostra;
2368 5319 2578 5367 natura'
2615 5304 2908 5363 ineil‘abilia
2946 5303 3035 5357 illa
3065 5301 3220 5393 nobis
3256 5298 3501 5393 produn-

1929 5390 2032 5470 tur.
2067 5410 2147 5469 Nc
2173 5408 2340 5480 igitur
2367 5402 2609 5475 ejusdem
2638 5397 2877 5455 nominis
2906 5402 3065 5452 terra:
3088 5392 3305 5449 diversa
3332 5390 3501 5462 signi-

1929 5503 2110 5560 ﬁcatio
2158 5497 2458 5557 secundum
2482 5492 2652 5547 cmlos
2675 5495 2910 5544 mentem
2943 5494 3090 5540 tuam
3115 5499 3308 5539 rursus
3334 5482 3400 5537 ad
3425 5481 3502 5534 in-

1930 5594 2138 5653 fernam
2169 5599 2370 5649 terram
2403 5581 2676 5648 detrahat,
2703 5576 2798 5635 sed
2828 5574 3098 5647 siquidem
3124 5588 3154 5629 a
3179 5572 3360 5629 Verbo
3380 5584 3500 5626 ere-
