4018 6360
658 370 786 427 ﬁll

653 496 775 544 ctus
803 503 862 544 es
884 503 982 559 per
1003 490 1215 560 priores
1246 491 1639 549 beatitudinum
1672 496 2042 567 expositiones
2068 499 2230 553 cozle-

655 586 902 649 stemque
961 582 1332 640 conscendisti
1384 600 1573 655 spem,
1630 587 1697 643 de
1747 590 1839 643 illa
1904 592 2032 643 mihi
2082 599 2225 645 terra

654 670 935 723 sciscitare
952 679 1114 741 atque
1140 673 1374 743 inquire,
1392 692 1511 744 quae
1539 693 1648 733 non
1669 681 1912 733 omnium
1936 681 2227 738 harreditas

652 769 755 822 est,
786 760 878 814 sed
904 762 948 815 si
982 764 1073 832 qui
1109 774 1329 834 propter
1358 768 1479 821 vitae
1505 772 1977 825 mansuetudinem
2007 780 2059 827 et
2093 775 2222 827 leui-

652 857 818 903 tatem
844 849 931 903 illa
954 855 1317 921 promissione
1339 857 1487 927 tligni
1511 859 1859 927 judicanzur:
1881 879 2041 933 quam
2064 868 2225 918 etiam

652 952 885 1009 magnus
915 941 1004 996 ille
1035 941 1224 1004 David,
1244 946 1338 1015 qui
1363 955 1561 1016 praeter
1582 965 1773 1006 omnes
1802 969 1895 1008 eos
1949 955 2042 1023 qui
2071 964 2228 1011 mtate

650 1030 798 1087 illius
833 1033 886 1087 in
932 1034 1042 1089 vita
1082 1040 1281 1092 versati
1324 1048 1453 1093 sunt
1508 1042 1644 1097 lenis
1684 1045 1887 1113 pariter
1920 1061 1983 1101 ac
2014 1050 2227 1118 patiens

649 1121 821 1178 fuisse
855 1125 1169 1182 testimonio
1200 1127 1501 1199 Scriptum
1537 1136 1872 1202 perhibetur,
1907 1151 2229 1210 suggerente

650 1212 856 1286 Spiritu
879 1218 1220 1287 praecepisse,
1256 1236 1317 1274 ac
1360 1238 1457 1292 per
1487 1224 1641 1278 [idem
1673 1227 1785 1295 jam
1820 1241 1948 1285 tunc
1984 1231 2036 1286 id
2079 1232 2226 1302 quod

649 1313 903 1372 speratur
963 1323 1378 1381 praeoccupasse
1425 1316 1555 1369 mihi
1610 1319 1847 1386 videtur,
1897 1337 2020 1375 cum
2054 1324 2224 1380 dixit:

649 1396 818 1451 Credo
853 1416 932 1453 me
961 1400 1127 1455 ridere
1166 1404 1302 1458 bona
1345 1405 1563 1462 Domini
1603 1410 1655 1463 in
1686 1420 1827 1466 terra
1860 1415 2223 1471 viventium”.

647 1486 767 1543 Non
791 1491 936 1545 enim
976 1494 1228 1549 existimo
1263 1496 1589 1567 Prophetam
1629 1502 1771 1558 hanc
1806 1507 2101 1561 viventium
2134 1524 2229 1580 ap-

647 1582 886 1651 pellasse
923 1591 1146 1651 terram,
1176 1603 1298 1657 qu:e
1342 1593 1592 1647 mortalia
1643 1599 1824 1651 omnia
1864 1600 2134 1668 producit,
2177 1611 2228 1657 et

650 1674 706 1727 in
741 1689 863 1731 sese
893 1693 1086 1734 rursus
1116 1681 1379 1752 quidquid
1413 1700 1476 1738 ex
1502 1700 1565 1741 ea
1596 1688 1795 1757 prodiit
1852 1693 2075 1747 resolvit
2101 1693 2225 1749 :sed

649 1766 785 1821 vidit
814 1776 867 1823 et
893 1770 1155 1826 intellexit
1182 1780 1383 1829 terram
1409 1778 1729 1846 viventium,
1754 1799 1915 1853 quam
1949 1802 2097 1841 mors
2120 1804 2227 1843 non

650 1858 888 1926 invasit;
943 1862 998 1916 in
1023 1878 1130 1933 qua
1158 1866 1242 1917 via
1272 1879 1621 1935 peccatorum
1655 1888 1762 1927 non
1793 1875 1916 1929 trita
1948 1888 2068 1943 est;
2105 1895 2227 1948 qua:

645 1949 963 2006 vitiositatis
990 1955 1273 2026 vestigium
1312 1958 1364 2011 in
1402 1974 1523 2014 sese
1555 1978 1660 2015 non
1693 1966 1935 2036 accepit;
1960 1984 2122 2037 quam
2153 1972 2219 2036 is,

646 2042 740 2110 qui
769 2042 975 2098 zizania
1009 2047 1264 2113 seruiunt,
1308 2066 1417 2104 non
1452 2055 1720 2124 proscidit
1753 2066 1936 2113 aratro
1961 2060 2213 2130 improbi-

648 2131 814 2199 tatis;
845 2150 967 2204 qua:
999 2138 1231 2195 tribulos
1259 2149 1311 2194 et
1342 2143 1529 2212 spinas
1561 2162 1668 2199 non
1697 2149 1946 2216 producit
1978 2170 1992 2216 ;
2035 2153 2085 2206 in
2118 2170 2225 2224 qua

646 2237 789 2291 aqua
834 2228 1119 2299 requietis,
1157 2240 1209 2285 et
1258 2232 1410 2290 locus
1461 2253 1709 2307 pascuae,
1765 2248 1819 2295 ct
1863 2240 1988 2296 fons
2040 2245 2130 2313 qui
2173 2245 2224 2297 in

648 2323 885 2382 quatuor
904 2318 1051 2394 rivos
1077 2321 1373 2391 diducitur,
1411 2339 1465 2383 et
1496 2330 1642 2397 vitis,
1670 2347 1790 2401 qua:
1811 2347 1840 2386 a
1868 2332 1979 2388 Deo
2013 2351 2226 2390 summo

646 2419 829 2458 rerum
856 2409 1089 2479 colitur;
1138 2422 1184 2467 et
1234 2431 1575 2488 quaecunque
1608 2422 1845 2492 denique
1883 2426 1989 2478 alia
2025 2443 2055 2480 a
2088 2428 2224 2482 divi-

645 2495 797 2549 nitus
825 2499 1038 2566 prodita
1069 2509 1231 2572 atque
1256 2518 1517 2576 suggesta
1547 2509 1791 2563 doctrina
1825 2528 1919 2582 per
1944 2513 2223 2569 involucra

644 2588 935 2642 verborum
967 2592 1241 2649 audimus.
1292 2594 1349 2649 Si
1383 2596 1549 2667 igitur
1586 2614 1614 2652 a
1646 2600 1805 2656 nobis
1834 2602 2109 2659 intellecta
2139 2613 2225 2660 est

645 2676 896 2735 sublimis
926 2682 1014 2736 illa
1044 2691 1209 2751 terra,
1240 2703 1360 2759 qua:
1381 2703 1545 2759 supra
1573 2691 1743 2747 caelos
1773 2692 2002 2761 videtur,
2035 2695 2087 2749 in
2116 2711 2221 2767 qua

641 2771 838 2827 civitas
865 2774 1010 2844 regis
1038 2775 1304 2831 collocata
1331 2785 1435 2845 est,
1472 2780 1539 2835 de
1568 2798 1675 2852 qua
1708 2788 1992 2855 magniﬁca
2018 2803 2082 2840 ac
2109 2789 2223 2858 glo-

642 2864 789 2917 riosa
826 2869 1170 2934 pronuntiata
1199 2878 1349 2936 sunt,
1385 2881 1441 2924 ut
1471 2871 1645 2942 inquit
1671 2872 1942 2946 Propheta
1964 2879 2030 2942 9°,
2078 2879 2221 2934 haud

643 2960 791 3006 recte
819 2956 1049 3023 posthac
1091 2960 1281 3013 ordine
1324 2961 1762 3021 continuationis
1814 2966 2219 3021 beatitudinum

640 3046 998 3113 expositionis
1016 3048 1204 3105 ollensi
1227 3050 1510 3108 fuerimus.
1540 3053 1725 3126 Neque
1751 3057 1895 3111 inim
1923 3061 2220 3115 verisimile

639 3144 806 3203 esset,
838 3138 1053 3207 opinor,
1096 3142 1237 3198 hanc
1276 3154 1423 3201 recte
1471 3159 1809 3218 proposrtam
1854 3166 1976 3207 esse
2020 3163 2217 3207 terram

640 3226 1039 3286 benedictionis
1081 3235 1195 3304 spei
1233 3251 1423 3291 eorum
1472 3238 1565 3308 qui
1618 3240 1922 3309 rapientur,
1960 3253 2019 3297 ut
2048 3246 2224 3316 inquit

638 3317 1005 3388 Apostolus‘,
1067 3325 1119 3379 in
1161 3326 1401 3383 nubibus
1448 3329 1502 3384 in
1550 3344 1840 3386 occursqu
1893 3332 2107 3389 Domini
2159 3337 2212 3392 in

1890 380 1946 435 S.
1989 377 2313 436 CREGORII
2346 375 2631 431 NYSSENI
3454 378 3459 401 '

3776 373 3870 425 lili

2266 505 2306 557 Α
2338 510 2426 557 τος
2459 492 2597 558 ἄξιοι
2628 492 2727 563 τῆς
2762 491 3090 561 ἐπαγγελίας
3122 491 3332 563 ἐκείνης
3371 490 3690 562 κρίνονταιο
3729 492 3788 560 ην
3810 510 3870 563 μα

2328 586 2474 638 δοκεῖ
2507 586 2598 639 καὶ
2627 588 2655 639 ὁ
2690 583 2863 655 μέγας
2903 583 3086 647 Δαϐὶδ,
3117 585 3145 637 6
3169 586 3317 655 παρᾶ
3365 583 3581 645 πάντας
3622 583 3742 645 τοὺς
3784 584 3869 634 κατ’

2330 677 2491 731 αὑτὸν
2536 675 3001 747 ἐπιδεδημηκότας
3042 674 3119 741 τῷ
3173 675 3271 747 βίῳ
3300 673 3481 746 πραΰς
3527 691 3590 728 τε
3617 675 3711 727 καὶ
3737 674 3869 738 ἀνεξί-

2330 784 2499 831 κακος
2531 765 2900 838 μαρτυρηθεις
2930 765 3148 836 ὑπὸτῆς
3177 765 3322 828 θείας
3351 766 3390 818 Γ
3397 766 3603 837 ραφῆς,
3624 782 3869 835 πῳνενοησ

2330 855 2483 909 κέναι
2526 858 2592 927 τῇ
2642 856 2914 926 ὑφηγήσει
2945 850 3039 907 τοῦ
3067 848 3403 926 Πνεύματος,
3435 855 3533 908 καὶ
3564 854 3655 908 διὰ
3686 856 3870 917 πίστεως

2328 948 2426 1019 ἥδη
2456 948 2849 1019 κατεσχηκέναι
2894 946 2955 1000 τὸ
2983 944 3353 1016 ἐλπιζόμενον,
3394 946 3569 1000 εἰπών
3604 965 3617 977 ·
3652 948 3872 1000 ﬂaccum

2330 1038 2436 1093 τοῦ
2472 1039 2619 1094 ἰδεῖν
2650 1042 2721 1093 τὰ
2746 1038 2940 1108 ἀγαθὰ
2969 1038 3189 1107 Κυρίου
3215 1038 3284 1091 ἐν
3310 1036 3388 1107 τῇ
3413 1038 3667 1098 ζώντων.
3700 1038 3765 1089 Οὐ
3794 1039 3871 1105 γάρ

2331 1148 2474 1201 φημι
2523 1131 2615 1184 τὸν
2644 1131 2957 1200 Προφήτην,
2986 1129 3192 1199 ταύτην
3228 1127 3442 1192 ζώντων
3488 1128 3871 1199 προσειρηκένιι

2328 1221 2426 1291 τὴν
2458 1220 2562 1291 γῆν
2604 1220 2671 1273 τὰ
2708 1220 2876 1289 θνητὰ
2914 1219 3093 1273 πάντα
3134 1219 3390 1288 φύουσαν,
3442 1220 3541 1272 καὶ
3590 1221 3670 1282 εἰς
3713 1219 3869 1284 ἑαυτὴν

2328 1312 2493 1366 πάλιν
2529 1314 2637 1367 πᾶν
2661 1313 2723 1365 τὸ
2748 1311 2807 1377 ἐξ
2847 1311 3019 1384 αὐτῆς
3060 1312 3215 1380 γένος
3246 1311 3585 1364 ἀναλύουσαν
3604 1325 3620 1338 ⁸
3664 1309 3767 1362 ἀλλ’
3794 1305 3870 1358 οἶδε

2330 1403 2434 1474 γῆν
2456 1403 2694 1470 ζώντων,
2722 1399 2790 1475 ἧς
2811 1405 2911 1457 οὐκ
2936 1403 3106 1474 ἐπέϐη
3143 1403 3369 1466 Θάνατος
3389 1420 3401 1431 ·
3434 1405 3492 1455 ἐν
3587 1401 3706 1465 ὁδὸς
3733 1402 3871 1471 ἁμερ-

2326 1495 2513 1548 τωλῶν
2552 1496 2652 1549 οὐκ
2685 1496 2911 1564 ἐτρίϐη,
2954 1495 2983 1566 ἢ
3025 1493 3222 1579 κακίας
3265 1494 3405 1564 ἴχνος
3448 1491 3536 1563 ἐφ’
3579 1492 3768 1562 ἑαυτῆς
3798 1492 3870 1541 οὐκ

2329 1587 2579 1655 ἐδέξατο,
2624 1590 2689 1658 ἦν
2722 1589 2821 1641 οὐκ
2863 1586 3093 1659 ἀνέτεμε
3155 1586 3234 1658 τῷ
3267 1585 3477 1658 ἀρότρῳ
3508 1586 3613 1655 τῆς
3652 1580 3868 1651 πονηρίας

2328 1677 2356 1728 6
2399 1675 2468 1729 τὰ
2512 1674 2725 1741 ζιζάνια
2777 1677 3055 1748 σπείρων,
3115 1677 3147 1747 ή
3197 1674 3457 1746 τριϐόλων
3513 1674 3613 1727 καὶ
3663 1670 3867 1725 ἀκανθῶν

2329 1763 2521 1833 ἄγονος
2553 1783 2567 1797 ·
2624 1767 2683 1819 ἐν
2722 1760 2755 1839 ᾖ
2795 1766 2856 1819 τὸ
2889 1765 3033 1837 ὕδωρ
3071 1767 3167 1837 τῆς
3202 1763 3585 1827 ἀναπαύσεως,
3623 1762 3712 1816 καὶ
3741 1763 3765 1815 6
3797 1760 3867 1828 τῆς

2260 1891 2300 1943 Β
2332 1856 2491 1928 χλόης
2514 1857 2698 1921 τόπος,
2734 1858 2825 1910 καὶ
2849 1859 2881 1928 ἡ
2907 1857 3144 1927 τετραχῆ
3179 1855 3505 1927 μεριζομένη
3538 1856 3709 1925 πηγὴ,
3739 1854 3816 1906 καὶ
3844 1854 3866 1918 ἠ

2331 1948 2483 2018 παρὰ
2510 1947 2601 2000 τοῦ
2632 1947 2766 2001 Θεοῦ
2792 1947 2899 2001 τῶν
2926 1947 3061 2000 ὅλων
3088 1945 3473 2019 γεωργουμένη
3514 1944 3769 2017 ἄμπελος,
3799 1943 3866 1995 nl

2326 2040 2426 2092 ὅσα
2465 2038 2598 2091 ἄλλα
2646 2038 2712 2091 δι’
2760 2039 3095 2110 αἰνιγμάτων
3130 2038 3279 2109 παρὰ
3307 2037 3405 2108 τῆς
3434 2034 3783 2089 θεοπνεύστου
3811 2032 3866 2085 δι-

2324 2128 2620 2192 δασκαλίας
2671 2130 2959 2200 ἀκούομεν.
3018 2130 3081 2182 Ei
3112 2129 3176 2199 δὴ
3206 2129 3450 2199 νενόηται
3500 2129 3637 2199 ἡμῖν
3669 2128 3700 2198 η
3726 2123 3865 2195 owe,

2324 2245 2393 2314 γῆ
2430 2244 2682 2315 ὑπεράνω
2720 2244 2827 2298 τῶν
2858 2244 3103 2316 οὐρανῶν
3132 2243 3503 2321 θεωρουμένης
3532 2243 3619 2312 ἐφ’
3647 2236 3762 2314 ἦςή
3792 2239 3862 2292 ﬁt”-

2325 2332 2402 2395 λις
2438 2332 2531 2384 τοῦ
2575 2332 2836 2402 βασιλέως
2888 2332 3247 2404 συνῴκισται,
3308 2333 3434 2405 περὶ
3472 2329 3544 2405 ἧς
3591 2332 3658 2387 τά
3691 2331 3863 2396 δεδοξα-

2326 2423 2497 2494 σμένα
2533 2424 2788 2497 ἐλαλήθη,
2831 2426 3010 2490 καθώς
3032 2443 3196 2495 φησιν
3234 2428 3261 2480 6
3287 2427 3603 2496 Προφήτης,
3636 2421 3863 2477 οὐκέτ’ᾶν

2323 2516 2548 2580 εἰκότως
2578 2516 2714 2587 πρὸς
2742 2518 2839 2587 τὴν
2862 2516 3013 2584 τάξιν
3051 2518 3152 2587 τῆς
3182 2515 3497 2580 ἀκολουθίας
3527 2514 3639 2569 τῶν
3671 2529 3863 2586 μακαρι-

2326 2606 2479 2676 σμῶν
2508 2606 2868 2679 ξενιζοίμεθα.
2904 2607 3037 2660 Οὐδὲ
3066 2608 3175 2678 γὰρ
3201 2608 3344 2671 εἰκὸς
3372 2602 3457 2678 ἦν,
3496 2601 3675 2677 οἶμαι,
3701 2604 3862 2670 ταύτην

2324 2696 2573 2766 εὐλογίας
2600 2699 2920 2771 προκεῖσθαι
2958 2701 3075 2762 ταῖς
3106 2698 3289 2752 ἐλπίσι
3324 2698 3422 2769 τὴν
3447 2697 3554 2767 γῆν
3586 2699 3696 2759 τοῖς
3720 2696 3861 2766 ἁρπα-

2323 2790 2670 2861 γησομένοις,
2713 2790 2894 2855 καθὼς
2929 2808 3094 2863 φησιν
3124 2794 3153 2845 6
3196 2790 3534 2857 Ἀπόστολος,
3572 2791 3629 2844 ἐν
3656 2787 3859 2856 νεφέλαις

2322 2885 2400 2946 είς
2449 2884 2755 2955 ἀπάντησιν
2778 2884 2872 2938 τοῦ
2904 2885 3107 2956 Κυρίου
3139 2887 3219 2949 εἰς
3251 2887 3408 2957 ἀέρα,
3438 2885 3532 2938 καὶ
3578 2882 3742 2946 οὕτως

2321 2975 2473 3029 λουσι
2512 2975 2747 3030 πάντοτε
2777 2978 2872 3030 σὺν
2901 2978 3093 3049 Κυρίῳ
3120 2977 3357 3033 ἔσεσθαι.
3387 2978 3481 3041 Τίς
3512 2973 3610 3031 οὗν
3635 2976 3711 3029 ἔτι
3741 2974 3859 3045 χρεία

2320 3071 2418 3138 τῆς
2448 3068 2600 3122 κάτω
2625 3070 2748 3140 γῆς,
2776 3063 2855 3132 οἷς
2878 3070 2910 3139 ἡ
2936 3068 3050 3141 ζωὴ
3075 3071 3365 3140 μετάρσιος
3393 3070 3448 3121 ἐν
3479 3068 3691 3122 ἐλπίσιν
3716 3065 3857 3125 sevir;

2333 3160 2389 3212 'A
2400 3177 2581 3232 ρποιγη
2590 3161 2793 3231 σόμεθα
2804 3162 2911 3231 γὰρ
2932 3163 2988 3213 ἐν
3002 3161 3252 3231 νεφέλαις
3271 3164 3349 3226 εἰς
3366 3161 3581 3233 ἁπάντη
3589 3177 3670 3214 σιν
3684 3156 3766 3213 τοῦ
3782 3157 3862 3209 Κν-

2252 3246 2293 3302 C
2329 3252 2446 3323 ρίου
2468 3254 2548 3316 εἰς
2568 3253 2727 3325 ἀέρα,
2752 3253 2846 3308 καὶ
2865 3253 3036 3318 οὕτως
3058 3255 3289 3309 πάντοτε
3311 3257 3406 3309 σὺν
3428 3255 3621 3325 Κυρίῳ
3646 3248 3858 3320 ἐσόμεθα-

2256 3354 2458 3409 aerem,
2515 3351 2572 3398 et
2630 3344 2713 3399 sic
2744 3359 2962 3415 semper
2985 3343 3361 3400 cum-Domino
3396 3343 3565 3399 futuri
3590 3350 3731 3399 sunt.
3752 3336 3859 3404 Quid

639 3414 806 3483 igitur
833 3430 971 3487 Opus
1007 3427 1092 3476 est
1126 3421 1194 3477 iis
1228 3423 1443 3478 inferna
1476 3431 1645 3492 terra,
1678 3442 1911 3498 quorum
1948 3431 2055 3484 vita
2091 3448 2185 3503 spe
2226 3451 2495 3506 suspensa
2519 3438 2954 3510 est?liapiemur
2978 3440 3126 3495 enim
3159 3441 3215 3496 in
3247 3440 3484 3496 nubibus
3520 3440 3578 3494 in
3609 3450 3858 3496 occursum

636 3507 852 3564 Domini
883 3510 937 3564 in
964 3527 1167 3580 aerem,
1201 3521 1256 3570 et
1302 3516 1376 3571 ita
1417 3532 1632 3588 semper
1679 3535 1802 3574 cum
1830 3519 2063 3577 Domino
2101 3526 2307 3582 erimus
2329 3530 2371 3583 ³.

709 3598 815 3653 Sed
873 3601 1157 3658 videamus
1222 3604 1383 3675 cujus
1433 3607 1652 3663 virtutis
1718 3613 2006 3679 praemium
2064 3615 2216 3670 illius

635 3690 928 3748 hazreditas
958 3701 1117 3749 terrae
1148 3699 1429 3767 proposita
1476 3701 1567 3755 sit.
1597 3701 1754 3756 Beati
1801 3707 1967 3772 enim,
2013 3706 2214 3778 inquit,

636 3786 788 3840 mites
834 3795 889 3841 et
939 3787 1137 3844 lenes:
1194 3793 1442 3859 quoniam
1484 3795 1587 3863 ipsi
1637 3795 2001 3853 ltwreditatem
2060 3810 2216 3856 terra:

635 3887 1035 3949 consequentur.
1089 3879 1231 3947 Quid
1288 3890 1371 3937 est
1433 3885 1677 3942 lenitas?
1722 3898 1776 3941 et
1850 3889 1905 3943 in
1970 3905 2078 3961 qua
2157 3907 2216 3946 re

634 3970 918 4026 lenitatem
950 3970 1189 4028 Verbum
1234 3975 1453 4030 beatam
1490 3977 1738 4034 indicat?
1770 3979 1890 4036 Non
1936 3983 2083 4037 enim
2129 3984 2215 4038 vi-

635 4063 796 4116 detur
853 4063 985 4116 mihi
1046 4077 1301 4135 oportere
1357 4069 1539 4120 omnia
1607 4086 1672 4124 ex
1732 4088 1892 4141 aequo
1956 4073 2212 4129 virtutem

542 4206 551 4211 _
633 4162 849 4224 putare,
880 4170 1220 4227 quaecunque
1253 4175 1377 4214 cum
1415 4162 1637 4217 lenitate
1677 4163 1836 4229 ﬁunt,
1878 4167 1924 4221 si
1961 4168 2210 4237 quietum

634 4246 843 4318 pariter
873 4255 928 4303 et
972 4248 1191 4303 tardum
1248 4267 1344 4321 per
1392 4253 1534 4308 hanc
1590 4255 1886 4312 dictionem
1943 4258 2212 4315 duntaxat

634 4337 1003 4408 signiﬁcetur.
1034 4340 1221 4411 Neque
1260 4344 1404 4399 enim
1456 4345 1512 4399 in
1558 4348 1900 4421 cursoribus,
1953 4351 2094 4407 lenis
2128 4340 2214 4409 est

632 4432 830 4487 melior
852 4434 1196 4490 accelerante
1228 4455 1240 4490 :
1277 4453 1454 4507 neque
1501 4438 1556 4492 in
1584 4448 1702 4496 arte
1734 4443 1980 4513 pugilum
2013 4443 2061 4499 is
2116 4447 2209 4515 qui

632 4541 759 4581 cum
818 4528 1026 4597 majore
1089 4529 1410 4587 dillicultate
1466 4532 1791 4604 tardiusque
1868 4552 1929 4592 se
1991 4547 2211 4607 movet,

632 4634 891 4673 coronam
922 4620 989 4677 de
1017 4622 1332 4677 adversario
1376 4625 1554 4693 tollit;
1586 4627 1888 4696 quinetiam
1922 4630 1969 4686 si
2017 4645 2209 4685 curra-

631 4725 756 4764 mus
779 4725 878 4779 pro
927 4714 1150 4781 praemio
1199 4730 1454 4786 supernae
1501 4722 1829 4788 vocationis,
1886 4722 2207 4780 intendendi

630 4802 965 4858 celeritatem
1020 4816 1213 4860 auctor
1263 4819 1347 4863 est
1404 4808 1628 4877 Paulus,
1687 4812 1816 4866 dum
1878 4815 2050 4871 dicit:
2121 4815 2209 4870 Ita

629 4894 846 4959 currite,
898 4903 955 4947 ut
999 4899 1367 4974 Δαδεείμιουιὶηἰ
1399 4900 1460 4967 ³;
1516 4902 1779 4972 quoniam
1808 4904 1883 4958 ‘et
1933 4906 2053 4974 ipse
2108 4922 2210 4977 per

626 4987 1089 5044 vehementiorem
1121 5005 1336 5060 semper
1375 5003 1582 5048 motum
1624 4995 1859 5053 ulterius
1905 4998 2204 5064 nitebatur,

626 5090 689 5128 ca
739 5092 876 5146 quae,
893 5085 1017 5147 post
1062 5087 1275 5150 tergum
1310 5094 1498 5138 essent
1551 5085 1818 5142 oblivioni
1872 5087 2117 5155 tradens,
2149 5097 2204 5143 et

627 5182 902 5238 pugnans,
952 5172 1110 5243 agilis
1157 5181 1214 5228 et
1266 5176 1424 5231 velox
1484 5188 1621 5233 erat.
1685 5180 2027 5237 Observabat
2060 5183 2207 5237 enim

628 5261 932 5317 adversarii
983 5264 1247 5336 impetum
1280 5277 1336 5322 et
1379 5268 1687 5339 incursum,
1745 5273 1897 5327 circa
1954 5290 2207 5344 gressum

628 5352 821 5409 ﬁrmus
851 5360 905 5408 et
940 5364 1136 5412 cautus
1163 5367 1303 5422 erat,
1337 5366 1391 5413 et
1422 5375 1546 5414 cum
1594 5377 1791 5417 manus
1836 5372 2076 5420 armatas
2115 5365 2209 5420 ha-

628 5443 799 5511 beret,
829 5460 942 5499 non
978 5447 1036 5502 in
1068 5464 1268 5507 vanum
1296 5461 1351 5505 ct
1384 5451 1549 5506 inane
1597 5454 1855 5520 quiddam
1904 5457 2213 5511 intentabat

630 5538 841 5603 telum,
881 5539 1031 5607 quod
1093 5542 1350 5597 manibus
1420 5544 1685 5610 tenebat,
1753 5548 1849 5601 sed
1907 5547 2208 5604 adversarii

634 5638 976 5696 opportunas
1028 5637 1192 5699 atque
1225 5632 1299 5684 ad
1346 5632 1489 5688 ictus
1516 5636 1795 5704 expositas
1846 5647 2207 5709 patentesque

711 5800 754 5829 ³³
790 5803 932 5858 Psttl.
969 5822 1091 5861 xxvt
1118 5848 1131 5872 ,
1167 5813 1245 5866 15.
1326 5818 1368 5846 9"
1408 5816 1549 5873 Psal.
1587 5835 1812 5881 L\XX\‘I,
1843 5824 1892 5874 3.

1977 5822 1987 5852 ¹
2035 5821 2050 5873 ι
2086 5820 2275 5879 'l'lr'ss.

2403 3617 2540 3672 Ἀλλ’
2591 3618 2789 3691 ἴδωμεν
2824 3620 2969 3684 τίνος
3014 3621 3216 3692 ἀρετῆς
3256 3621 3422 3693 γέρας
3456 3622 3489 3693 ἡ
3540 3622 3748 3691 ἐκείνης
3785 3618 3858 3688 τῆς

2318 3709 2422 3778 γῆς
2468 3710 2802 3783 κληρονομία
2856 3712 3160 3783 πρόκειται.
3203 3712 3490 3781 Μακάριοι
3531 3712 3662 3785 γὰρ,
3710 3712 3858 3783 φησὶν,

2317 3803 2374 3854 οἱ
2413 3802 2653 3871 πραεῖς,
2685 3802 2774 3857 ὅτι
2821 3804 2992 3858 αὐτοὶ
3039 3804 3568 3873 κληρονομήσουσι
3603 3804 3713 3873 τὴν
3751 3801 3857 3871 γῆν-

2319 3890 2384 3943 Τί
2412 3890 2472 3944 τὸ
2504 3893 2713 3965 πρᾶονς
2746 3894 2839 3946 καὶ
2873 3895 2998 3967 περὶ
3035 3896 3088 3948 τί
3111 3896 3171 3949 τὸ
3204 3897 3376 3968 πρᾶον
3415 3894 3707 3968 μακαρίζει
3736 3897 3761 3948 6
3783 3892 3860 3947 Δό-

2321 4001 2452 4053 γος;
2492 3986 2553 4039 ού
2586 3986 2695 4058 γάρ
2733 4004 2822 4058 μοι
2854 3986 3000 4041 δοκεῖ
3028 3987 3204 4041 πάντα
3235 3988 3429 4059 ἐπίσης
3464 3987 3663 4060 ἀρετὴν
3692 3984 3859 4039 οἴεσθαι

2320 4074 2429 4129 δεῖν
2450 4114 2466 4141 ,
2495 4077 2594 4130 ὅσα
2625 4078 2692 4131 ἂν
2723 4080 2780 4130 ἐν
2815 4078 3083 4150 πραότητι
3115 4079 3342 4147 γίνεται,
3364 4081 3426 4133 ,εἰ
3466 4079 3525 4132 τὸ
3550 4078 3795 4151 ἠρεμαῖὸν
3816 4090 3857 4125 τε

2320 4168 2412 4219 καὶ
2446 4167 2614 4239 βραδυ
2650 4170 2809 4240 μόνον
2842 4170 2931 4223 διὰ
2958 4172 3055 4242 τῆς
3098 4171 3294 4237 λέξεως
3326 4171 3529 4241 ταύτης
3562 4171 3853 4243 σημαίνοιτο.

2319 4258 2456 4313 Οὔτε
2499 4246 2607 4331 γάρ
2642 4263 2708 4327 ,ἐν
2753 4260 3043 4333 δρομεῦσιν
3082 4264 3112 4316 6
3150 4264 3326 4334 πρᾶος
3364 4263 3603 4334 ἀμείνων
3642 4261 3730 4315 τοῦ
3766 4261 3856 4311 ἐπι-

2322 4352 2643 4417 σπεύδοντος
2667 4392 2682 4419 ,
2718 4351 2841 4406 οὔτε
2862 4356 2900 4407 6
2926 4354 3246 4425 δυσκίνητος
3281 4355 3337 4407 ἐν
3372 4356 3611 4425 πυκτικῇ
3641 4352 3725 4405 τὸν
3748 4347 3856 4404 uti

2316 4445 2411 4499 τοῦ
2451 4446 2697 4500 ἐναντίου
2735 4445 2997 4514 στέφανον
3031 4445 3274 4517 αἴρεται’
3310 4445 3413 4499 κᾶν
3449 4445 3725 4516 τρέχωμεν
3754 4439 3857 4511 πρδς

2248 4553 2289 4604 ι)
2318 4538 2378 4591 τὸ
2420 4537 2674 4609 βραϐεῖον
2715 4537 2815 4609 τῆς
2851 4538 2961 4592 ἄνω
2996 4537 3264 4610 κλήσεως,
3293 4537 3583 4591 ἐπιτείνειν
3617 4538 3645 4590 6
3687 4532 3856 4590 Παῦλθς

2320 4629 2676 4701 συμϐουλεύει
2722 4629 2782 4682 τὸ
2824 4629 3015 4701 τάχος,
3046 4629 3247 4698 λέγων·
3301 4630 3463 4683 Οὕτω
3501 4630 3757 4698 τρέχετε,
3782 4625 3854 4677 ira

2317 4719 2722 4788 καταλάϐητε·
2765 4721 2886 4772 ἐπεὶ
2932 4719 3024 4772 καὶ¹
3061 4719 3222 4783 αὐτὸς
3261 4719 3352 4772 διὰ
3401 4720 3753 4791 σφοδροτέρας
3790 4713 3853 4767 ἀεὶ

2315 4812 2414 4880 τῆς
2453 4814 2719 4883 κινήσεως
2764 4809 2859 4865 τοῦ
2910 4811 3100 4882 πρόσω
3134 4812 3330 4881 εἴχετο,
3375 4810 3484 4864 τῶν
3521 4811 3693 4864 ὀπίσω
3719 4806 3851 4877 λήθην

2316 4901 2639 4975 ποιούμενος
2662 4920 2675 4932 ·
2702 4903 2797 4957 καὶ
2824 4902 3108 4957 πυκτεύων
3134 4902 3416 4973 εὐκίνητος
3438 4898 3507 4973 ἦν
3527 4918 3539 4930 ’
3565 4900 3752 4971 διεὼρα
3772 4898 3850 4964 γὰρ

2315 4993 2412 5050 τοῦ
2448 4995 2789 5060 ἀνθεστῶτος
2821 4996 2918 5067 τὴν
2953 4995 3259 5067 προσϐολήν
3281 5009 3293 5023 ’
3331 4996 3426 5048 καὶ
3454 4995 3581 5065 περὶ
3612 4993 3704 5065 τὴν
3733 4990 3851 5089 βάσιγ

2312 5086 2561 5158 ἀσφαλὴς
2594 5082 2683 5157 ἦν,
2713 5087 2807 5140 καὶ
2831 5087 3139 5159 ψῖςχερσὶ
3162 5085 3627 5154 καθωπλισμένος,
3667 5083 3723 5136 ού
3746 5082 3851 5132 κατά

2312 5179 2471 5232 κενοῦ
2508 5196 2655 5242 τινος
2686 5178 2778 5231 καὶ
2814 5178 3184 5232 ἁνυποστάτου
3221 5177 3520 5250 διερρίπτει
3550 5176 3610 5229 τὺ
3640 5172 3755 5244 περὶ
3782 5167 3850 5227 τᾶς

2312 5272 2505 5340 χεῖρας
2536 5269 2720 5333 ὅπλον,
2750 5268 2887 5323 ἀλλὰ
2914 5268 3019 5322 τῶν
3051 5267 3279 5338 καιρίων
3308 5263 3403 5321 τοῦ
3435 5263 3849 5337 προσπαλαίοντες

2310 5361 2535 5432 ἥπτετο,
2564 5361 2683 5415 κατ’
2712 5359 2877 5414 αὑτοῦ
2914 5359 3009 5413 τοῦ
3052 5360 3303 5430 σώματος
3330 5359 3428 5422 τὰς
3455 5358 3663 5429 πληγὰς
3687 5355 3844 5455 φέρωγ·

2317 5454 2505 5508 Βούλει
2543 5453 2746 5522 γνῶναι
2782 5452 2875 5505 τοῦ
2915 5451 3129 5505 Παύλου
3166 5452 3263 5522 τὴν
3312 5450 3606 5521 nexuit-qv;
3655 5448 3750 5499 Ἴδε
3780 5448 3847 5541 11:?

2316 5546 2545 5610 ὠτειλὰς
2585 5546 2677 5599 τοῦ
2724 5543 3262 5615 ἀνταγωνιζομένου,
3312 5545 3388 5597 ἴδε
3432 5542 3499 5597 τὰ
3537 5542 3749 5598 ὑπώπια
3780 5550 3847 5587 του

2315 5639 2643 5701 ἀντιπάλου,
2673 5640 2747 5691 ἴδε
2779 5638 2845 5691 τὰ
2876 5638 3150 5708 στίγματα
3175 5636 3267 5690 τοῦ
3295 5634 3616 5707 ἡττηθέντος
3671 5631 3847 5685 Πάντως

3081 5822 3098 5851 ³
3138 5821 3153 5873 Ι
3193 5823 3318 5876 Cttl‘.
3356 5836 3401 5873 ιχ
3427 5859 3439 5882 ,
3479 5822 3566 5870 24.

2310 5840 2383 5879 tv.
2426 5824 2505 5877 lii.
2585 5826 2602 5854 ¹
2644 5821 2825 5876 Matth.
2866 5842 2913 5889 v,
2956 5825 3002 5876 ί.
