4018 6360
174 382 331 437 1215

1227 389 1312 443 DE
1352 379 1954 445 BEATITUDiNIDUS.
1998 378 2254 436 ORATIO
2298 378 2360 434 ll.

3316 382 3448 438 12H

172 497 235 550 δὲ
282 495 393 550 οὑκ
436 498 650 565 ἀγνοεῖς
682 502 774 555 τὸν
820 504 1112 557 ἀντίπαλον
1164 505 1256 558 τὸν
1300 504 1388 557 διὰ
1428 504 1524 575 τῆς
1572 502 1767 573 σαρκὸς

1882 509 2065 570 partes
2102 498 2411 570 appetebat,
2462 497 2726 555 adversus
2778 499 2957 569 ipsum
3003 511 3207 568 corpus
3260 497 3451 567 plagas

176 589 671 658 προσπαλαίοντα,
722 594 781 647 ὃν
829 595 1138 665 ὑπωπιάζει
1187 596 1277 650 διὰ
1317 598 1418 665 τῆς
1464 594 1770 663 πυκτικῆς,

176 673 460 745 ἀμύσσων
508 682 619 743 τοῖς
665 681 812 748 ὄνυξι
853 684 950 751 τῆς
996 683 1344 755 ἐγκρατείας,
1386 675 1447 736 οὑ
1487 683 1671 752 νεκροί
1707 680 1775 733 τὰ

182 765 333 836 μέλη
367 765 532 836 λιμῷ,
570 769 663 821 καὶ
688 770 852 839 δίψει,
886 772 979 825 καὶ
1019 772 1179 841 ψύχει
1204 811 1219 836 ,
1248 773 1341 826 καὶ
1369 771 1668 842 γυμνότητι
1687 810 1702 839 ,
1730 761 1774 836 ᾧ

178 854 253 906 τὰ
300 854 577 922 στίγματα
615 857 707 910 τοῦ
740 860 943 930 Κυρίου
980 859 1279 927 ἐπιϐάλλει,
1316 861 1374 915 ὃν
1404 862 1531 930 νικᾷ
1560 860 1648 913 διὰ
1678 858 1772 912 τοῦ

178 944 399 1014 δρόμου
427 946 653 1000 κατόπιν
675 950 868 1003 ἑαυτοῦ
892 950 1227 1018 καταλιπὼν,
1252 952 1327 1016 ὡς
1357 951 1422 1004 ἂν
1456 951 1531 1023 μὴ
1556 953 1774 1004 ἐπισκο-

176 1039 335 1090 τοίτο
363 1039 464 1101 τὰς
494 1040 643 1110 ὄψεις
673 1041 767 1094 τοῦ
807 1043 1101 1097 ἀντιπάλου
1136 1044 1548 1116 προτρέχοντος.
1588 1044 1652 1096 Ei
1679 1039 1773 1097 οὑν

178 1127 315 1193 ὀξὺς
356 1131 453 1182 καὶ
479 1132 759 1203 εὐκίνητος
788 1135 848 1188 ὲν
878 1138 992 1199 τοῖς
1030 1134 1236 1205 ἀγῶσιν
1262 1139 1292 1190 6
1338 1135 1550 1199 Παῦλος
1570 1175 1585 1199 ,
1622 1135 1717 1188 καὶ
1744 1136 1773 1188 6

178 1214 358 1269 Δαϐὶδ
380 1216 638 1273 πλατύνει
660 1222 730 1274 τὰ
749 1222 1061 1295 διαδήματα
1080 1227 1191 1289 τοῖς
1211 1225 1425 1297 ἐχθροῖς
1445 1225 1769 1296 ἐπιτρέχων,

179 1305 280 1357 καὶΙ
313 1309 344 1360 6
374 1309 606 1378 νυμφίος
641 1311 699 1364 ὲν
744 1312 822 1383 τῷ
861 1314 1098 1385 ᾊσματι
1143 1315 1361 1385 δορκάδι
1404 1316 1545 1369 κατὰ
1584 1315 1645 1368 τὸ
1684 1316 1773 1368 εὑ-

178 1395 414 1467 κίνητον
439 1400 737 1470 ὁμοιοῦται,
768 1403 869 1475 ὄρη
899 1405 1196 1478 διαπηδῶν,
1233 1408 1327 1462 καὶ
1356 1408 1565 1479 βουνοῖς
1603 1409 1771 1478 ἐφαλ-

179 1487 418 1557 λόμενος
462 1488 593 1562 (καὶ
645 1495 814 1550 πολλά
859 1497 1083 1552 τοιαῦτα
1125 1498 1274 1554 ἐστιν
1320 1502 1531 1567 εἰπεῖν,
1586 1503 1644 1554 ἐν
1690 1496 1773 1564 οἷς

180 1581 588 1654 προτιμότερον
612 1586 926 1658 εὑρίσκεται
953 1589 1053 1658 τῆς
1082 1591 1383 1662 πραότητος
1416 1593 1477 1645 τὸ
1504 1593 1645 1646 κατὰ
1674 1592 1770 1664 τὴν

180 1669 406 1739 κίνησιν
437 1674 643 1745 τάχος)⁶
677 1677 793 1742 πῶς
824 1680 1059 1734 ἐνταῦθα
1085 1683 1143 1735 ὲν
1176 1682 1599 1754 κατορθώματος
1639 1683 1769 1737 εῖδει

183 1763 491 1834 μακαρίζει
515 1766 578 1820 τὺ
604 1771 776 1839 πρᾶον
810 1772 839 1822 ὁ
870 1771 1078 1840 Λόγος;
1117 1772 1408 1842 Μακάριοι
1431 1776 1560 1844 γὰρ,
1581 1775 1766 1844 φησὶν,

1875 592 2061 647 ferens
2091 600 2146 645 et
2176 590 2471 645 intentans.
2520 588 2612 645 Vis
2645 605 2980 658 cognoscere
3015 600 3188 644 artem
3247 588 3453 658 pugilis

1873 680 2029 737 Pauli
2058 680 2080 734 ?
2111 680 2321 735 intuere
2362 681 2585 735 vulnera
2633 689 2824 735 contra
2878 681 3143 736 cenantis
3168 680 3223 746 ‘;
3266 679 3450 747 aspice

1875 773 2076 828 livores
2119 778 2174 826 et
2220 772 2595 841 sugillationes
2629 771 2972 835 adversarii;
3009 771 3130 823 vide
3188 777 3349 823 notas
3394 777 3448 824 et

1873 873 2077 935 puncta
2108 863 2259 917 victi.
2293 860 2531 917 Omnino
2563 871 2743 916 autem
2779 876 2886 914 non
2933 861 3153 930 ignoras
3184 860 3447 913 adversa-

1874 957 2038 1020 rium,
2067 954 2326 1009 nimirum
2361 953 2456 1024 qui
2493 968 2586 1023 per
2626 968 2846 1009 carnem
2897 953 3230 1015 obluctatur,
3282 965 3446 1020 quem

1873 1061 1970 1117 per
1990 1054 2164 1101 artem
2184 1045 2457 1115 pugnandi
2477 1045 2753 1116 unguibus
2773 1043 3128 1099 continentia:
3143 1042 3446 1105 elacerans,

1872 1136 2148 1208 suggillat,
2179 1137 2339 1206 cujus
2362 1137 2602 1191 membra
2620 1136 2916 1189 mortiﬁcat
2950 1134 3112 1198 fame,
3136 1134 3251 1198 siti,
3278 1132 3447 1203 frigo-

1872 1244 1953 1291 re,
1985 1229 2252 1297 nuditate,
2280 1229 2367 1284 cui
2405 1238 2563 1282 notas
2596 1235 2650 1282 et
2681 1235 2882 1298 puncta
2917 1226 3132 1280 Domini
3178 1225 3444 1294 imprimit

1872 1327 1926 1375 et
1955 1319 2148 1385 inurit,
2179 1334 2339 1389 quem
2372 1334 2538 1372 cursu
2567 1332 2597 1372 a
2629 1326 2783 1389 tergo
2825 1319 3076 1371 relictum
3125 1318 3292 1371 vincit
3319 1357 3333 1380 ,
3374 1332 3445 1371 ne

1870 1416 2240 1480 praecurrente
2271 1410 2585 1465 adversario
2617 1410 2855 1464 tenebrae
2888 1409 3065 1465 oculis
3121 1408 3238 1462 suis
3266 1406 3444 1460 offun-

1871 1503 2093 1557 dantur.
2150 1502 2206 1555 Si
2245 1503 2413 1572 igitur
2467 1500 2671 1555 Paulus
2730 1501 2783 1554 in
2818 1494 3214 1554 certaminibus
3264 1499 3441 1566 agilis,

1870 1609 1996 1650 acer
2024 1605 2079 1648 et
2111 1595 2265 1649 velox
2299 1604 2405 1657 est,
2437 1593 2605 1648 David
2642 1594 2898 1647 inimicos
2923 1591 3187 1646 invadens
3218 1605 3443 1660 gressus

1869 1684 2061 1738 dilatat
2085 1684 2128 1747 ',
2159 1693 2215 1740 et
2242 1700 2480 1755 sponsus
2517 1686 2571 1738 in
2602 1683 2854 1746 Cantico,
2909 1697 3142 1752 capreae,
3198 1680 3343 1751 quod
3374 1680 3443 1733 ad

1871 1773 2165 1843 agilitatem
2232 1783 2287 1830 et
2342 1775 2687 1828 velocitatem
2747 1775 2986 1836 attinet,
3050 1772 3437 1835 assimilatnr,

181 1853 241 1905 οἱ
269 1854 515 1922 πραεῖς,
559 1857 648 1912 ὅτι
684 1861 853 1915 αὐτοὶ
890 1863 1420 1932 κληρονομήσουσι
1452 1863 1569 1934 τὴν
1612 1862 1726 1935 γῆν
1748 1879 1763 1895 ⁸

1870 1873 2082 1920 montes
2111 1865 2426 1920 transiliens
2453 1867 2494 1930 ⁸,
2525 1875 2579 1919 ει
2606 1866 2659 1917 in
2691 1866 2925 1918 collibus
2969 1865 3198 1928 saltans,
3242 1863 3441 1916 multa-

179 1946 408 2017 ἐκείνην
460 1950 674 2015 πάντως
714 1953 814 2024 τὴν
865 1954 968 2023 γῆν
1012 1955 1110 2025 τὴν
1156 1950 1265 2009 τῶν
1301 1956 1481 2010 καλῶν
1533 1955 1763 2028 εὔφορον

178 2038 564 2109 γεννημάτων,
606 2045 705 2114 τὴν
738 2044 817 2116 τῷ
856 2044 998 2116 ξύλῳ
1028 2047 1128 2117 τῆς
1166 2047 1312 2118 ζωῆς
1344 2048 1601 2118 κομῶσαν
1621 2088 1636 2112 θ
1664 2049 1763 2118 τὴν

178 2131 308 2193 ταῖς
338 2134 544 2201 πηγαῖς
569 2134 679 2190 τῶν
706 2139 1088 2208 πνευματικῶν
1116 2140 1468 2210 χαρισμάτων
1494 2140 1764 2211 κατάρρυ-

178 2237 298 2287 τον,
355 2223 442 2292 ἐφ’
487 2219 557 2296 ἦς
600 2227 634 2296 ἠ
693 2227 934 2299 ἄμπελος
984 2232 1016 2302 ή
1064 2231 1291 2303 ἀληθινὴ
1339 2232 1643 2301 βλαστάνει,
1696 2228 1764 2302 ἧς

180 2311 433 2382 γεωργὸν
468 2313 555 2367 τὸν
582 2315 801 2387 Πατέρα
833 2318 928 2372 τοῦ
958 2319 1159 2390 Κυρίου
1192 2321 1479 2391 ἀκούομεν.

1867 1973 1975 2028 que
2008 1957 2277 2026 ejusmodi
2329 1958 2575 2027 proferte
2625 1958 2775 2022 licet,
2826 1957 2880 2010 in
2931 1957 3131 2026 quibus
3188 1954 3438 2009 celeritas

1832 2054 2050 2105 ’motus
2094 2048 2306 2104 lenitati
2356 2048 2602 2119 praeferri
2652 2049 2966 2117 reperitur;
2999 2048 3091 2116 qui
3146 2046 3224 2111 lit,
3262 2053 3319 2099 ut
3351 2044 3442 2098 hic

1868 2141 2027 2210 quasi
2061 2156 2170 2195 rem
2198 2142 2516 2209 praeclaram
2538 2147 2592 2194 et
2615 2140 2868 2195 eximiam
2900 2139 3175 2195 lenitatem
3200 2136 3436 2191 Verbum

1872 2231 2085 2286 beatam
2122 2233 2381 2301 praedicet
2408 2233 2431 2285 ?
2458 2231 2613 2285 Beati
2648 2233 2825 2294 enim;
2870 2232 3066 2299 inquit,
3114 2230 3276 2294 lenes,
3308 2243 3440 2297 qua-

1873 2322 2016 2375 m'am
2045 2322 2148 2391 ipsi
2187 2321 2544 2377 [nereditatem
2597 2333 2749 2377 terra:
2799 2332 3179 2391 consequentur
3204 2323 3245 2386 ⁷,
3292 2319 3438 2374 illius

180 2405 350 2471 plane
407 2414 567 2463 terra:
619 2410 927 2482 (nimirum)
976 2430 1098 2484 quae
1152 2416 1418 2470 bonorum
1478 2415 1754 2469 fructuum
1816 2412 2013 2472 fertilis
2066 2424 2170 2483 est,
2217 2432 2338 2486 quae.
2388 2418 2534 2488 ligno
2590 2418 2710 2471 vita:
2740 2417 2978 2483 frondet,
3030 2431 3151 2485 qua:
3197 2413 3442 2468 fontibus

184 2498 562 2567 spiritualium
593 2501 861 2558 donorum
895 2506 1097 2576 irrigua
1133 2516 1238 2572 est,
1259 2509 1312 2562 in
1342 2522 1449 2576 qua
1477 2520 1604 2561 vera
1634 2505 1760 2560 vitis
1799 2508 2086 2576 germinat,
2118 2509 2277 2579 cujus
2307 2509 2573 2564 cultorem
2621 2524 2742 2564 esse
2800 2507 3018 2561 Patrem
3062 2505 3274 2558 Domini
3345 2517 3443 2556 au—

182 2587 372 2644 dimus
393 2589 435 2642 ⁸.

274 2680 416 2733 Ἀλλ’
458 2681 603 2736 ἔοικε
641 2684 877 2740 τοιοῦτόν
922 2705 975 2741 τι
1026 2689 1333 2759 φιλοσοφεῖν
1370 2692 1398 2743 ὁ
1440 2690 1644 2758 Λόγος,
1686 2689 1768 2741 ὅτι

188 2771 364 2844 πολλὴ
388 2774 525 2845 πρὸς
552 2774 650 2846 τὴν
678 2778 877 2832 κακίαν
906 2780 1051 2834 ἐστὶν
1078 2783 1111 2851 ἡ
1150 2782 1514 2842 εὐκολίαμκαὶ
1542 2780 1767 2852 ὀξύρρο-

189 2883 294 2919 Ιιιιον
334 2866 428 2919 ἐπὶ
463 2866 524 2920 τὸ
561 2871 742 2941 χεῖρον
771 2872 803 2941 ἡ
835 2872 1026 2940 φύσιςο
1071 2871 1321 2944 καθάπερ
1354 2873 1422 2926 τὰ
1453 2872 1623 2944 βαρέα
1657 2873 1766 2926 τῶν

189 2957 462 3029 σωμάτων
516 2959 649 3031 πρὸς
705 2962 806 3032 μὲν
854 2964 922 3018 τὰ
972 2964 1085 3018 ἀνω
1137 2965 1482 3019 παντάπασιν
1533 2964 1765 3035 ἀκίνητα

188 3049 378 3120 μένει,
408 3049 457 3141 εί
577 3067 719 3116 τινος
759 3054 1065 3125 ἀκρωρείας
1095 3054 1303 3125 ὑψηλῆς
1344 3057 1435 3108 ἐπὶ
1458 3054 1521 3108 τὺ
1563 3055 1764 3125 πρανὲς
1792 3083 1834 3141 C

187 3139 570 3210 ἀποσεισθείη.
623 3142 860 3212 τοσούτῳ
908 3143 1070 3215 ῥοίζῳ
1117 3146 1254 3215 πρὸς
1302 3147 1360 3199 τὸ
1410 3146 1765 3216 ὑποκείμενον

188 3231 440 3303 φέρεται,
477 3232 571 3285 τοῦ
609 3234 809 3287 οἰκείου
844 3235 1040 3305 βάρους
1065 3236 1163 3306 τὴν
1189 3237 1361 3307 φορὰν
1387 3238 1762 3301 ἐπιτείνοντος,

188 3324 267 3387 ὡς
293 3323 432 3396 ὑπὲρ
457 3325 614 3393 λόγον
639 3321 857 3380 εἶναιτὸ
874 3328 1054 3397 τάχος.
1091 3328 1245 3381 Ἐπεὶ
1266 3325 1358 3383 οὖν
1373 3330 1603 3400 χαλεπόν
1620 3333 1767 3383 ἐστιν

190 3416 225 3485 ὴ
261 3416 322 3467 ὲν
358 3415 568 3499 τούτοις
598 3416 815 3488 ὀξύτης,
857 3419 1190 3489 μακαριστὸν
1224 3419 1290 3472 ἂν
1329 3419 1413 3489 εἴη
1453 3421 1670 3485 πάντως
1704 3422 1765 3473 τὸ

192 3509 255 3574 ἐξ
277 3509 629 3582 ἀντιστρόφου
661 3511 964 3581 νοούμενον.
1001 3513 1168 3567 Τοῦτο
1204 3513 1261 3566 δέ
1290 3515 1405 3567 ἐστι
1439 3514 1701 3583 πραότης,
1729 3516 1762 3583 ή

193 3598 337 3672 πρὸς
351 3601 449 3665 τὰς
476 3603 728 3667 τοιαύτας
750 3605 849 3673 τῆς
876 3605 1095 3673 φύσεως
1118 3604 1293 3675 ὁρμὰς
1325 3604 1545 3674 βραδεῖά
1581 3621 1638 3657 τε
1670 3607 1763 3658 καὶ

192 3691 507 3762 δυσκίνητος
554 3694 686 3760 ἕξις.
729 3695 994 3765 Καθάπερ
1040 3697 1148 3766 γὰρ
1188 3696 1248 3749 τὸ
1286 3696 1419 3766 πῦρ,
1459 3697 1764 3767 ἀεικίνητον

192 3783 293 3854 τὴν
330 3783 490 3851 φύσιν
516 3785 610 3838 ἐπὶ
639 3786 706 3838 τά
734 3786 846 3839 ἅνω
880 3785 1021 3856 ἔχον,
1055 3787 1308 3858 ἀκίνητόν
1337 3789 1451 3840 ἐστι
1489 3788 1630 3841 κατὰ
1667 3789 1764 3859 τὴν

192 3875 438 3929 ἐναντίαν
463 3877 636 3947 φοράν
658 3895 670 3906 ·
698 3878 787 3930 τὸν
815 3879 977 3931 αὑτὸν
1005 3879 1205 3947 τρόπον
1230 3878 1322 3932 καὶ
1359 3881 1391 3948 ἡ
1428 3879 1596 3950 ἀρετὴ
1627 3882 1764 3952 πρὸς

192 3968 260 4023 τά
292 3968 402 4022 ἅνω
449 3970 543 4022 καὶ
590 3970 957 4040 ὑπερκείμενα
1001 3970 1147 4034 ὀξεῖά
1195 3987 1279 4032 τις
1329 3966 1482 4034 οὖσα,
1523 3972 1618 4024 καὶ
1667 3973 1762 4041 οὑχ

194 4061 408 4129 ὑφιεῖσά
443 4078 573 4113 ποτε
622 4061 718 4131 τῆς
762 4061 1100 4131 ταχύτητος,
1142 4061 1439 4128 πεπέδηται
1486 4061 1621 4130 πρὸς
1667 4062 1764 4133 τὴν

192 4148 438 4202 ἐναντίαν
472 4150 667 4220 ὁρμήν.
702 4150 911 4204 Οὐκοῦν
942 4149 1128 4219 ἐπειδὴ
1171 4149 1452 4213 πλεονάζει
1490 4150 1630 4203 κατὰ
1667 4150 1765 4221 τὴν

193 4240 350 4310 φύσιν
394 4241 551 4311 ἡμῶν
583 4244 616 4311 ἡ
653 4241 791 4312 πρὸς
825 4240 894 4294 τά
939 4241 1082 4294 κακὰ
1114 4240 1372 4311 ταχύτης,
1408 4241 1586 4305 καλῶς
1613 4242 1675 4295 τὸ
1708 4245 1765 4296 ἐν

194 4335 303 4394 τοῖς
328 4334 583 4395 τοιούτοις
612 4332 854 4403 ἠρεμοῦν
886 4330 1267 4403 μακαρίξεται.
1300 4333 1373 4386 Τὸ
1406 4332 1515 4405 γὰρ
1544 4333 1764 4404 ἡσύχιον

1944 2683 2146 2740 Verum
2223 2687 2440 2742 videtur
2502 2684 2772 2755 ejusmodi
2845 2682 3121 2752 quidpiam
3199 2678 3439 2736 Verbum

1870 2777 2098 2832 innuere
2152 2787 2318 2848 atque
2351 2777 2700 2848 significare,
2757 2773 2901 2842 quod
2962 2772 3121 2826 valde
3180 2773 3438 2825 nimirum

1869 2865 2048 2921 facilis
2088 2868 2141 2921 in
2189 2870 2383 2923 vitium
2427 2875 2481 2923 et
2530 2867 2831 2936 nequitiam
2883 2865 2958 2920 sit
3011 2866 3221 2932 lapsus,
3269 2870 3323 2916 et
3352 2878 3441 2915 res

1867 2972 2137 3027 propensa
2169 2974 2517 3029 praecepsque
2546 2960 2600 3012 in
2620 2958 2774 3028 pejus
2801 2965 3036 3019 natura;
3064 2951 3438 3022 sicuti,gravia

1869 3064 1932 3103 ac
1981 3054 2282 3119 ponderosa
2340 3065 2573 3120 corpora
2629 3063 2849 3104 sursum
2918 3046 3137 3116 quidem
3206 3059 3437 3105 versos.

1870 3156 2097 3209 prorsus
2133 3141 2357 3196 immota
2393 3148 2639 3204 manent,
2668 3140 2754 3195 sin
2789 3147 2972 3193 autem
3000 3139 3069 3191 ab
3114 3137 3299 3205 aliquo
3330 3136 3441 3188 alto

1867 3229 2157 3284 cacumine
2183 3231 2385 3285 montis
2416 3230 2469 3282 in
2502 3244 2746 3299 praeceps
2791 3229 3139 3283 excutiantur
3168 3234 3221 3280 et
3252 3225 3442 3279 detur-

1869 3321 2086 3384 bentur,
2132 3329 2285 3375 tanto
2323 3324 2545 3389 impetu.
2582 3318 2804 3388 propria
2835 3316 2980 3371 mole
3027 3329 3251 3369 cursum
3304 3313 3441 3366 inci-

1868 3419 2038 3474 tante,
2074 3412 2128 3465 in
2160 3411 2470 3480 subjectum
2509 3410 2782 3472 feruntur,
2832 3418 2892 3462 ιιι
2917 3422 2979 3463 ea
3007 3406 3261 3460 celeritas
3294 3404 3439 3457 nulla

1864 3505 2111 3558 oratione
2136 3504 2364 3570 exprimi
2392 3504 2584 3572 possit.
2634 3500 2909 3567 Quoniam
2937 3499 3103 3568 igitur
3137 3513 3225 3552 res
3274 3495 3439 3549 noxia

1866 3605 2030 3664 atque
2063 3595 2369 3663 periculosa
2420 3594 2475 3647 in
2512 3593 2596 3647 bis
2627 3593 2892 3646 velocitas
2922 3598 3027 3653 est,
3064 3588 3283 3642 beatum
3321 3600 3440 3637 om-

1863 3686 1994 3739 nino
2031 3684 2334 3738 liabendum
2372 3682 2533 3737 fuerit
2584 3683 2635 3736 id
2670 3680 2817 3751 quod
2862 3697 2929 3735 ex
2965 3680 3195 3733 adverso
3232 3676 3436 3729 intem-

1864 3777 2031 3847 gitur.
2084 3774 2144 3830 Id
2199 3783 2377 3829 autem
2436 3774 2631 3828 lenitas
2692 3780 2796 3836 est,
2851 3771 3110 3824 nimirum
3176 3768 3439 3821 adversus
3537 3800 3556 3814 κ

1862 3866 2133 3936 ejusmodi
2193 3873 2403 3920 natura:
2474 3865 2709 3932 impetus
2777 3869 2831 3917 et
2900 3862 3172 3931 appetitus
3250 3858 3439 3912 tardus

1863 3958 2069 4028 pariter
2119 3967 2379 4027 motuque
2427 3954 2661 4011 diﬂicilis
2720 3955 2942 4010 habitus
3003 3964 3057 4008 et
3119 3951 3435 4007 assuetndo.

1863 4049 2329 4115 Quemadmodum
2381 4050 2526 4103 enim
2597 4047 2762 4118 ignis,
2826 4046 2920 4115 qui
2970 4054 3164 4099 natura
3219 4057 3437 4098 sursum

1862 4155 2055 4194 versus
2086 4155 2299 4209 semper
2349 4147 2616 4204 movetur,
2656 4137 2953 4191 immobilis
3008 4136 3061 4189 in
3099 4134 3437 4189 contrarium

1863 4247 2088 4288 cursum
2116 4239 2239 4288 est:
2287 4234 2478 4288 eodem
2528 4232 2690 4286 modo
2721 4231 2900 4285 virtus
2948 4243 3170 4298 quoque
3198 4242 3321 4280 cum
3373 4226 3437 4280 ad

1864 4324 2186 4393 superiora,
2249 4337 2581 4391 sursumque
2630 4336 2823 4375 versus
2873 4334 3039 4383 acer,
3090 4321 3355 4388 veloxque
3387 4328 3439 4372 et

195 4425 248 4475 ὲν
276 4422 501 4487 τούτοις,
537 4425 634 4493 τῆς
663 4424 800 4494 πρὸς
828 4423 896 4477 τὰ
932 4424 1044 4477 ἄνω
1075 4425 1342 4494 κινήσεως
1379 4426 1655 4496 μαρτυρία
1679 4427 1759 4495 γί-

1868 4421 2116 4483 prompta
2149 4413 2239 4475 sit,
2270 4413 2516 4481 nihilque
2547 4426 2786 4478 unquam
2828 4409 2895 4462 de
2945 4407 3227 4461 celeritate
3254 4407 3439 4460 remit-

195 4532 354 4569 νεται.
389 4517 648 4586 Κρεῖττον
678 4517 721 4567 δ’
750 4516 814 4568 ἂν
841 4516 926 4585 εἴη
950 4516 1016 4568 δι’
1043 4515 1218 4569 αὐτῶν
1243 4515 1349 4568 τῶν
1371 4517 1511 4569 κατὰ
1536 4517 1624 4568 τὸν
1652 4517 1762 4585 βίον

195 4608 597 4676 ὑποδειγμάτων
620 4607 910 4677 σαφηνίσαι
941 4607 1028 4661 τὸν
1059 4606 1212 4674 λόγον
1238 4624 1252 4638 ·
1293 4608 1462 4676 Διπλῆ
1492 4609 1591 4677 τῆς
1633 4610 1761 4661 ἑκά-

198 4716 319 4751 στου
370 4697 737 4769 προαιρέσεώς
782 4700 929 4751 ἐστιν
980 4700 1013 4768 ἡ
1058 4698 1305 4769 κίνησις,
1354 4701 1470 4752 κατ’
1515 4699 1762 4764 ἐξουσίαν

198 4790 328 4859 πρὸς
373 4790 433 4843 τὸ
478 4790 666 4844 δοκοῦν
710 4789 991 4859 προϊοῦσα,
1019 4788 1168 4842 ἔνθεν
1203 4790 1339 4861 πρὸς
1385 4792 1756 4863 σωφροσύνην,

200 4879 401 4932 ἐκεῖθεν
435 4879 570 4949 πρὸς
596 4881 657 4933 τὸ
683 4880 997 4934 ἀκόλαστον.
1031 4879 1098 4933 Ὅ
1128 4879 1172 4932 δ’
1200 4881 1294 4934 ἐπὶ
1326 4882 1521 4953 μέρους
1548 4881 1759 4952 εἴρηται

198 4970 289 5024 τοῦ
331 4970 467 5023 κατά
507 4971 604 5041 τὴν
645 4970 842 5043 ἀρετὴν
875 4972 968 5024 καὶ
1004 4971 1201 5025 κακίαν
1231 4972 1423 5035 εἴδους,
1468 4972 1626 5027 τοῦτο
1671 4975 1763 5027 καὶ

199 5063 287 5115 ἐπὶ
316 5061 511 5124 παντὸς
539 5062 784 5115 νοείσθω.
824 5062 1072 5131 Σχίζεται
1110 5063 1218 5133 γὰρ
1249 5066 1464 5127 πάντως
1502 5066 1636 5135 πρὸς
1666 5066 1765 5130 τὰς

200 5153 433 5215 ἐναντίας
461 5152 638 5222 ὁρμὰς
665 5152 726 5204 τὸ
759 5151 1098 5223 ἀνθρώπινον
1138 5149 1270 5224 ἦθος
1291 5194 1305 5216 ,
1345 5155 1376 5224 ἢ
1425 5155 1597 5227 θυμοῦ
1627 5157 1763 5227 πρὸς

201 5243 489 5297 ἐπιείκειαν
528 5242 1045 5313 ἀντιδιαιρουμένου,
1089 5242 1322 5314 ἢτύφου
1373 5247 1509 5315 πρὸς
1547 5249 1762 5318 μετριό-

202 5351 365 5405 τητα,
390 5333 670 5404 ηῆῖφθόνου
718 5334 854 5403 πρὸς
896 5333 1106 5388 εὔνοιαν
1137 5376 1152 5401 ,
1203 5335 1234 5406 ἢ
1267 5336 1587 5406 δυσμενείας
1625 5341 1763 5411 πρὸς

196 5421 540 5496 ’ἀγαπητικὴν
566 5422 666 5476 καὶ
699 5424 979 5496 εἰρηνικὴν
1012 5425 1367 5482 συνδιάθεσιν.
1408 5429 1624 5499 Ἐπειδὴ
1653 5431 1762 5484 τοί-

207 5531 290 5570 νυν
315 5515 517 5586 ὑλώδης
551 5515 651 5585 μὲν
674 5516 703 5567 ὁ
727 5514 1064 5587 ἀνθρώπινος
1102 5518 1216 5589 βίος
1237 5558 1251 5581 ,
1279 5523 1406 5591 περὶ
1428 5522 1485 5574 δὲ
1507 5524 1607 5587 τὰς
1634 5524 1763 5587 ὕλας

210 5608 267 5663 τὰ
299 5606 441 5676 πάθη
460 5646 476 5673 ,
506 5608 615 5660 πᾶν
645 5605 701 5660 δὲ
732 5606 902 5671 πάθος
929 5607 1106 5675 ὀξεῖαν
1138 5603 1251 5681 ἔχει
1279 5614 1372 5667 καὶ
1400 5615 1767 5688 ἀκατάσχετον

276 5788 297 5817 ’⁸
326 5788 367 5846 il
397 5790 521 5845 Cor.
556 5807 606 5844 xi
632 5831 647 5858 ,
692 5792 708 5843 l
747 5806 867 5861 sqq.
946 5790 965 5819 ³
1006 5790 1148 5845 Psal.
1177 5806 1281 5844 xvn
1305 5832 1317 5855 ,
1353 5791 1416 5844 17
1451 5807 1570 5863 sqq.

1868 4517 1963 4570 tat,
1997 4506 2063 4559 ad
2117 4505 2454 4560 contrarium
2508 4512 2713 4556 motum
2770 4500 3020 4554 tardatur
3070 4508 3124 4553 et
3178 4500 3435 4567 impedita

1864 4609 1967 4652 est.
2023 4596 2164 4665 Ergo
2209 4597 2336 4664 quia
2384 4596 2551 4649 nimia
2606 4594 2661 4646 in
2719 4600 2916 4646 natura
2972 4597 3161 4645 nostra
3195 4592 3261 4643 ad
3295 4592 3435 4643 mala

1865 4689 2126 4742 velocitas
2156 4695 2261 4750 est,
2292 4695 2436 4740 recte
2460 4686 2512 4740 in
2539 4685 2741 4738 talibus
2781 4683 2938 4752 quies
2966 4692 3022 4736 et
3053 4684 3247 4738 lenitas
3280 4684 3437 4737 beata

1861 4779 2158 4849 jndicatur.
2211 4776 2343 4831 Nam
2389 4778 2559 4831 otium
2595 4785 2648 4831 et
2691 4775 2850 4845 quies
2897 4783 3063 4845 atque
3117 4777 3355 4830 cessatio
3406 4790 3437 4829 a

1869 4873 2066 4934 malis,
2123 4878 2304 4925 motus
2362 4870 2428 4924 ad
2484 4872 2729 4937 Superna
2768 4867 3139 4921 testimonium
3196 4867 3435 4921 exsistit.

1868 4965 2221 5020 Commodius
2254 4970 2434 5017 autem
2468 4961 2626 5016 fuerit
2664 4975 2761 5028 per
2788 4958 2904 5029 ipsa
2933 4960 3201 5024 exempla,
3233 4974 3353 5027 quae
3386 4959 3436 5010 in

1867 5058 1978 5112 vita
2042 5055 2318 5111 communi
2388 5053 2687 5118 accidunt,
2760 5052 3066 5105 orationem
3134 5051 3436 5104 declarare.

1871 5151 2077 5220 Duplex
2129 5148 2568 5216 uniuscujusque
2620 5145 2920 5199 voluntatis
2974 5150 3156 5197 m‘otus
3206 5151 3285 5197 est
3315 5180 3331 5204 ,
3373 5141 3437 5194 ad

1869 5244 2155 5300 arbitrium
2187 5256 2295 5311 quo
2346 5240 2522 5295 visum
2553 5237 2719 5294 fuerit
2767 5237 3147 5308 progrediens,
3199 5236 3325 5288 hinc
3373 5234 3441 5287 ad

1871 5336 2328 5408 temperantiam,
2390 5328 2541 5387 illinc
2605 5330 2671 5385 ad
2744 5329 3221 5383 incontinentiam.
3285 5326 3442 5392 Quod

1871 5438 2053 5485 autem
2084 5429 2140 5482 in
2168 5434 2320 5495 parte
2344 5424 2567 5478 virtutis
2600 5422 2827 5490 vitiique
2880 5419 3070 5474 formre
3097 5418 3303 5472 dictum
3334 5426 3440 5481 est,

1872 5525 1975 5578 hoc
1997 5523 2051 5575 in
2080 5519 2337 5573 universo
2360 5514 2715 5583 intelligatur.
2743 5510 3025 5566 Scinditur
3046 5511 3190 5564 enim
3215 5521 3443 5578 prorsus

1879 5615 1936 5670 in
1992 5609 2301 5669 contrarios
2354 5605 2634 5676 appetitus
2682 5610 2877 5657 natura
2941 5611 3107 5670 atque
3166 5596 3436 5669 ingenium

1649 5794 1667 5821 ⁶
1706 5792 1917 5848 (Iantic.
1956 5808 2027 5857 ιι,
2059 5793 2112 5849 9.
2190 5792 2207 5823 ⁷
2253 5788 2441 5849 Matth.
2477 5804 2531 5853 ν,
2564 5789 2614 5841 4.
2693 5791 2711 5821 ⁸
2750 5785 2905 5843 Joan.
2937 5804 3024 5853 xv,
3063 5786 3112 5839 1.
