4018 6392
128 493 290 553 1217

1247 494 1335 549 DE
1366 491 1968 551 BEATITUDINIBUS.
2004 462 2262 549 ORATIO
2310 491 2376 548 ιι.

3307 488 3445 546 ιω

118 616 258 672 ετιθε
271 617 465 687 μένου
505 614 585 685 τῷ
610 615 792 670 πάθει.
829 616 892 669 Et
930 611 1022 669 οὗν
1054 618 1082 668 6
1113 618 1210 688 μὲν
1242 616 1480 680 τοιοῦτος
1507 618 1620 688 εῐη·
1655 619 1683 669 6
1709 616 1764 669 δὲ

1884 629 1978 669 παι
2006 611 2415 684 perturbatione
2444 611 2691 666 innatum
2720 610 3001 667 humorem
3023 650 3040 678 ,
3063 610 3158 667 sed
3188 610 3447 666 indecore

118 707 297 779 ίπρδς
351 707 458 762 τὸν
513 704 863 777 μακαρισμὸν
917 705 1167 776 βλέπων,
1209 706 1298 759 διὰ
1341 706 1450 759 τῶν
1495 703 1769 775 λογισμῶν

118 799 561 870 ’καταπραΰνοι
590 797 688 869 τὴν
732 798 887 852 νόσον
930 801 989 851 ὲν
1014 798 1317 853 καθεστῶτι
1354 798 1429 869 τῷ
1472 798 1767 869 βλέμματι,

118 891 243 941 λκαὶ
270 890 544 960 ἠρεμαίᾳ
569 892 634 959 τῇ
654 891 828 960 φωνῇ,
849 889 1099 959 καθάπερ
1117 907 1199 952 τις
1232 891 1413 960 ἰατρὸς
1436 893 1501 943 ἐκ
1529 887 1770 960 φρενίτι-

117 976 239 1039 ίδος
278 977 720 1047 ἀσχημονοῦντα
745 976 1061 1047 θεραπεύων
1089 981 1153 1048 τῇ
1186 977 1350 1049 τέχνῃ
1368 995 1382 1010 ο
1415 973 1504 1048 ἆρ’
1540 978 1658 1047 οὐχὶ⁹
1679 975 1771 1029 καὶ

118 1068 331 1133 εαὺτὸς
361 1071 518 1141 ἐρεῖς
552 1070 942 1140 ἀντιπαραθεὶς
972 1070 1130 1124 τοῦτο
1158 1070 1349 1141 ἐκείνῳ
1369 1111 1383 1136 ,
1425 1072 1507 1123 ὅτι
1541 1069 1770 1133 ἐλεεινὸς

146 1161 262 1231 μὲν
294 1161 406 1214 καὶ
436 1159 721 1230 βδελυκτδς
748 1163 777 1213 6
803 1159 1073 1232 θηριώδης
1092 1163 1295 1222 ἐκεῖνος
1315 1202 1330 1227 ,
1358 1160 1694 1232 μακαριστὸς
1714 1160 1771 1213 δὲ

118 1256 175 1306 ίό
206 1252 415 1322 πραῢς
457 1255 487 1306 ὁ
510 1255 578 1323 τῇ
611 1251 706 1305 τοῦ
746 1252 913 1315 πέλας
945 1252 1112 1318 κακίᾳ
1142 1248 1215 1323 μὴ
1250 1250 1676 1322 ωνδιαπρέψας
1713 1249 1774 1302 τὸ

118 1368 121 1371 λ
148 1345 458 1416 εὔσχημον
479 1362 494 1410 ;

1873 719 2123 776 spumam
2166 702 2330 759 simul
2360 717 2484 757 cum
2510 717 2644 758 voce
2671 702 2963 772 expuentia
2987 716 3006 769 ;
3042 703 3180 757 tales
3206 715 3403 756 manus
3424 741 3444 769 ,

1873 799 2012 853 tales
2039 797 2243 868 pedes;
2276 796 2403 851 talis
2429 796 2679 866 corporis
2705 795 2996 867 dispositio
3024 800 3172 861 tota;
3203 808 3446 865 unoquo-

1872 903 1980 959 que
2007 887 2289 952 membro,
2319 896 2481 958 prout
2511 887 2679 941 animi
2711 895 2897 942 motus
2925 885 3123 951 fuerit,
3155 887 3230 941 ita
3260 885 3445 956 dispo-

1880 980 1988 1036 sito
2026 979 2340 1049 pariterque
2366 977 2580 1033 all'ecto.
2627 977 2684 1033 Si
2728 979 2896 1050 igitur
2939 978 3031 1033 hic
3067 977 3287 1049 quidem
3318 977 3448 1033 talis

1876 1070 2075 1135 fuerit,
2107 1070 2156 1125 is
2181 1077 2362 1135 autem
2385 1110 2400 1135 ,
2429 1068 2523 1138 qui
2552 1066 2948 1123 beatitudinem
2975 1074 3102 1122 ante
3132 1066 3321 1122 oculos
3355 1065 3447 1119 ha-

1877 1162 2034 1227 beat,
2078 1159 2388 1214 rationibus
2426 1159 2677 1214 morbum
2723 1159 2932 1229 mitiget
2974 1172 3038 1212 ac
3078 1158 3278 1223 leniat,
3311 1171 3447 1212 con-

1882 1250 2051 1306 stanti
2100 1249 2401 1320 sedatoque
2447 1248 2601 1304 vultu
2631 1287 2646 1311 ,
2679 1262 2745 1303 ac
2791 1248 3067 1304 submissa
3119 1246 3447 1318 placidaque

1874 1353 2041 1403 voce,
2075 1345 2333 1408 tanquam
2364 1335 2612 1392 medicus
2639 1336 2861 1407 quidam
2890 1352 2956 1393 ex
2987 1336 3298 1407 phrenitide
3327 1343 3450 1390 tur-

150 1441 310 1508 piter
338 1455 407 1494 se
433 1448 709 1509 gerentem
743 1447 860 1495 arte
884 1456 1085 1495 curans
1119 1458 1134 1494 :
1169 1454 1349 1493 annon
1376 1438 1541 1493 etiam
1577 1437 1725 1507 ipse,
1766 1433 2176 1504 comparatione
2219 1433 2364 1488 illius
2405 1447 2530 1488 cum
2580 1432 2684 1487 hoc
2732 1431 2873 1488 facta
2930 1432 3114 1497 dices,
3156 1432 3301 1503 quod
3342 1434 3448 1488 mi-

155 1530 438 1585 serabilis
460 1529 679 1600 quidem
701 1538 755 1586 et
781 1531 1178 1588 abominandus
1204 1532 1294 1586 ille
1318 1530 1572 1585 eﬂ‘eratus
1598 1551 1613 1595 ;
1643 1530 1832 1584 beatus
1858 1540 1989 1582 vero
2010 1523 2345 1594 iudicandus
2375 1525 2462 1580 hic
2489 1524 2629 1580 leuis
2667 1525 2773 1589 sit,
2816 1527 2908 1595 qui
2949 1539 3058 1580 non
3098 1524 3345 1579 imitatus
3374 1523 3449 1579 sit

118 1644 119 1649 η
154 1620 371 1674 vitium
400 1622 665 1690 proximi,
694 1636 794 1676 nec
823 1622 1080 1677 decorum
1110 1622 1351 1677 habitum
1382 1622 1495 1676 oris
1524 1617 1889 1690 perverterit?

237 1716 362 1769 Kal
402 1716 487 1768 ὅτι
541 1716 679 1785 πρὸς
724 1716 883 1770 τοῦτο
931 1717 1163 1788 μάλιστα
1207 1718 1267 1770 τὸ
1313 1717 1482 1780 πάθος
1524 1717 1553 1768 ὁ
1595 1715 1764 1782 Λόγος

118 1802 121 1827 ³
164 1806 397 1875 βλέπει,
420 1806 578 1875 δῆλόν
606 1809 752 1859 ἐστιν
773 1808 837 1860 ἐκ
863 1808 957 1861 τοῦ
984 1809 1125 1879 μετὰ
1151 1808 1248 1879 τὴν
1266 1807 1764 1879 ταπεινοφροσύνην

1944 1711 2101 1777 Quod
2153 1720 2334 1766 autem
2381 1710 2447 1764 ad
2502 1710 2646 1764 hanc
2691 1709 2927 1765 maxime
2976 1707 3450 1780 perturbationem

1874 1802 2115 1859 Verbum
2161 1804 2448 1874 respiciat,
2490 1802 2842 1873 perspicuum
2877 1809 2963 1857 est
3001 1816 3067 1856 ex
3097 1815 3164 1856 eo
3194 1800 3342 1871 quod
3371 1794 3453 1857 Se-

118 1894 121 1919 ”
164 1892 548 1962 νομοθετῆσαι
576 1896 709 1963 ἡμῖν
736 1895 836 1965 τὴν
867 1896 1165 1967 πραότητα.
1202 1899 1384 1951 Ἔοικε
1411 1898 1518 1968 γάρ
1544 1895 1763 1967 ἔχεσθαι

1884 1897 2106 1952 :undum
2139 1895 2305 1950 animi
2332 1894 2721 1950 demissionem
2745 1935 2759 1959 ,
2800 1894 3078 1948 lenitatem
3112 1894 3275 1949 nobis
3316 1906 3452 1962 prat-

117 1983 122 2013 τ
164 1981 268 2033 τοῦ
296 1982 494 2052 ἐτέρου
535 1981 595 2035 τὸ
630 1982 837 2051 ἕτερον,
878 1985 974 2038 καὶ
1010 1980 1120 2039 οἷον
1161 1989 1341 2058 μήτηρ
1373 2005 1457 2050 τις
1492 1982 1629 2040 εἷναι
1667 1987 1768 2057 τῆς

117 2076 122 2107 τ
169 2072 323 2125 κατὰ
348 2072 414 2125 τὸ
453 2075 627 2145 πρᾶον
649 2076 815 2141 ἕξεως
851 2077 883 2146 ἡ
922 2075 1023 2145 τῆς
1061 2077 1559 2149 ταπεινοφροσύνης
1599 2078 1770 2131 κατά-

118 2170 119 2197 ῖ
172 2181 395 2227 στασις.
436 2166 501 2219 El
529 2166 638 2236 γὰρ
665 2166 878 2233 ὑφέλοις
913 2168 1007 2220 τοῦ
1041 2168 1203 2238 ἤθους
1240 2169 1331 2222 τὸν
1356 2169 1543 2238 τῦφον,
1578 2170 1769 2241 καιρὸν

118 2262 121 2291 ι
172 2255 280 2307 οὐκ
307 2254 427 2324 ἔχει
452 2255 513 2307 τὺ
532 2256 671 2308 κατὰ
696 2255 865 2325 θυμὸν
888 2258 1202 2325 ἐγγενέσθαι
1226 2258 1415 2323 πάθος.
1438 2258 1636 2331 ’Ὕϐρις
1660 2259 1769 2331 γὰρ

118 2360 121 2381 τ
180 2344 279 2396 καὶ
313 2343 515 2413 ἀτιμία
544 2343 644 2413 τῆς
672 2344 923 2416 τοιαύτης
953 2347 1261 2417 ἀρρωστίας
1302 2352 1414 2412 τοῖς
1441 2348 1770 2419 ὀργισθεῖσιν

118 2444 121 2471 ί
178 2434 337 2488 αἰτία
388 2435 619 2503 γίνεται.
680 2436 896 2507 ’Δτιμία
940 2436 997 2491 δὲ
1037 2438 1137 2509 οὐχ
1181 2439 1411 2494 ἅπτεται
1450 2440 1545 2493 τοῦ
1580 2439 1770 2493 ἑαυτὸν

120 2536 121 2539 ‘
178 2525 658 2601 ταπεινοφροσύνῃ
701 2529 1238 2599 παιδαγωγήσαντος.
1264 2533 1325 2587 Εἰ
1360 2532 1469 2604 γάρ
1491 2550 1573 2595 τις
1613 2549 1774 2586 κεκα·

118 2629 123 2659 :
182 2619 212 2671 0
220 2617 463 2689 αρμένον
483 2618 594 2688 ἔχοι
609 2619 700 2671 τὸν
719 2618 977 2691 λογισμὸν
989 2623 1052 2674 ὲκ
1067 2623 1165 2693 τῆς
1180 2623 1524 2694 ἀνθρωπίνης
1534 2625 1770 2696 ἀπάτης,

118 2728 121 2757 ε
182 2708 285 2761 καὶ
310 2708 503 2778 βλέποι
522 2709 584 2761 τὸ
602 2709 875 2763 ούτιδανὺν
890 2712 989 2781 τῆς
1009 2713 1223 2781 φύσεως
1302 2717 1570 2786 συγκεκλή
1580 2734 1770 2787 ρωται,

120 2838 121 2843 η
183 2801 283 2870 ἀφ’
313 2800 435 2863 οἴας
458 2802 627 2872 ἀρχῆς
651 2801 750 2871 τὴν
772 2802 1029 2857 σύστασιν
1051 2805 1185 2875 ἔχει,
1210 2806 1303 2859 καὶ
1324 2809 1402 2869 εἰς
1432 2808 1460 2859 ὅ
1480 2824 1531 2860 τι
1550 2809 1773 2877 φέρεται

185 2892 345 2955 τέλος
371 2891 433 2944 τὸ
472 2891 643 2961 βραχὺ
668 2894 763 2945 καὶ
786 2893 1074 2965 ὠκύμορον
1098 2897 1192 2966 τῆς
1218 2898 1344 2968 τῇδε
1370 2899 1534 2968 ζωῆς,
1565 2900 1658 2952 καὶ
1683 2899 1773 2951 τὸν
1804 2915 1812 2922 ’

118 3006 121 3035 ι
190 2983 624 3053 συνεζευγμένον
659 2986 725 3054 τῇ
757 2986 920 3056 σαρκὶ
952 2987 1142 3058 ῥύπον,
1179 2989 1272 3041 καὶ
1293 2989 1354 3042 τὸ
1391 2990 1646 3062 πενιχρὸν
1677 2991 1774 3061 τῆς

117 3094 122 3127 ς
190 3075 430 3144 φύσεως.
469 3076 529 3128 τὸ
560 3075 633 3147 μὴ
665 3072 801 3129 εἶναι
836 3077 1002 3149 αὐτὴν
1031 3078 1277 3150 αὐτάρκη
1311 3079 1377 3133 δι’
1411 3082 1610 3151 ἑαυτῆς
1642 3081 1776 3152 πρὸς

190 3166 293 3238 τὴν
327 3166 463 3219 ἰδίαν
492 3166 768 3229 σύστασιν,
807 3169 856 3220 εί
893 3169 967 3239 μὴ
1001 3172 1066 3239 τῇ
1098 3171 1383 3243 περιουσίᾳ
1415 3172 1523 3225 τῶν
1566 3172 1776 3240 ἀλόγων

1875 1986 2114 2056 scripsit.
2135 1984 2363 2039 Videtur
2383 1985 2527 2040 enim
2552 1984 2785 2038 alterum
2809 1998 2933 2037 cum
2959 1984 3131 2040 altero
3148 1983 3449 2046 cohaerere,

1876 2092 1941 2133 ac
1984 2079 2150 2134 veluti
2188 2075 2749 2146 matremquamdam
2788 2075 2909 2146 ejus
2951 2077 3043 2146 qui
3073 2076 3222 2131 circa
3254 2075 3451 2130 lenita-

1875 2178 1982 2225 tem
2013 2177 2282 2232 versatur,
2310 2169 2559 2233 habitus,
2588 2182 2712 2223 esse
2737 2167 2907 2221 animi
2936 2167 3291 2222 demissiouis
3323 2182 3454 2221 conc

1876 2262 2210 2319 stitutionem
2237 2268 2401 2331 atque
2424 2258 2899 2330 tranquillitatem.
2924 2259 3055 2313 Nam
3087 2260 3134 2314 si
3165 2274 3229 2315 ex
3263 2258 3451 2315 animo

1877 2353 2189 2425 superbiam
2219 2352 2513 2413 exemeris.
2532 2350 2881 2406 occasionem
2907 2350 3226 2406 innascendi
3254 2350 3449 2404 vitium

1879 2446 2175 2502 iracundiae
2209 2460 2317 2499 non
2350 2444 2589 2499 habebit.
2620 2442 2965 2498 Contumelia
2996 2443 3141 2497 enim
3192 2452 3246 2496 et
3297 2442 3454 2512 igno-

1881 2537 2046 2591 minia
2075 2535 2198 2591 talis
2236 2534 2568 2591 inﬁrmitatis
2609 2533 2977 2589 irascentibus
3011 2546 3176 2586 causa
3207 2531 3450 2587 exsistit.

1880 2626 2178 2697 Ignominia
2214 2634 2395 2679 autem
2432 2640 2538 2680 non
2570 2634 2818 2679 movetur
2871 2623 2918 2678 is
2967 2622 3060 2692 qui
3107 2637 3229 2678 sese
3283 2622 3452 2677 animi

1879 2720 2213 2775 demissioue
2242 2718 2576 2773 moderatur.
2622 2716 2757 2771 Nam
2805 2716 2851 2770 si
2899 2717 3023 2785 quis
3070 2716 3454 2785 cogitationem

1880 2812 1949 2866 ab
1983 2811 2223 2865 humana
2254 2808 2447 2864 fraude
2472 2823 2698 2863 vacuam
2726 2824 2790 2863 ac
2813 2822 3003 2878 puram
3042 2806 3270 2869 habeat,
3301 2814 3355 2861 et
3382 2805 3456 2858 ri-

1881 2904 2085 2957 litatem
2119 2908 2361 2964 naturae,
2393 2915 2556 2969 quam
2589 2900 2819 2970 adeptus
2845 2905 2930 2954 est
2951 2938 2966 2960 ,
2993 2904 3219 2960 cernat,
3244 2912 3274 2950 a
3306 2896 3454 2966 quali

1881 2995 2037 3050 initio
2070 3001 2224 3047 ortus
2258 2990 2365 3065 sit,
2399 2998 2454 3044 et
2493 2991 2546 3044 in
2582 3006 2745 3059 quem
2782 2990 2945 3046 linem
2981 2989 3148 3059 hujus
3178 2988 3304 3043 vitae
3331 2988 3458 3044 bre-

1882 3086 1965 3141 vis
1998 3085 2179 3137 lluxus
2206 3090 2370 3152 atque
2401 3095 2599 3137 cursus
2621 3081 2845 3144 tendat,
2878 3089 2930 3135 et
2955 3080 3108 3135 carri
3131 3078 3460 3149 conjuncta:

1884 3178 2115 3242 sordes,
2144 3184 2467 3243 naturaeque
2493 3173 2769 3243 inopiam,
2798 3173 2943 3243 quod
2975 3187 3040 3228 ea
3076 3171 3335 3225 nimirum
3365 3185 3462 3240 per

120 3306 121 3309 η
192 3258 255 3310 τὸ
278 3257 451 3311 ἐνδέον
480 3257 925 3329 ἀναπληρώσειεν
946 3277 961 3291 ·
989 3261 1163 3325 λύπας
1192 3279 1253 3315 τε
1286 3264 1420 3332 πρὸς
1444 3263 1654 3328 τούτοις
1683 3264 1776 3318 καὶ

1884 3284 2003 3325 sese
2037 3267 2313 3322 subiciens
2348 3281 2457 3319 non
2491 3264 2562 3319 sit
2595 3264 2662 3318 ad
2697 3264 2781 3319 sui
2815 3263 3322 3325 conservationem,
3355 3261 3461 3316 nisi

118 3372 121 3407 ε
196 3348 368 3420 πένθη
411 3350 507 3403 καὶ
544 3350 849 3422 συμφορὰς,
890 3353 987 3415 τάς
1028 3369 1086 3405 τε
1138 3353 1507 3425 πολυτρόπους
1546 3354 1655 3408 τῶν
1689 3371 1775 3407 νο-

118 3468 121 3501 γ
198 3441 456 3512 σημάτων
489 3441 655 3505 ἰδέας,
687 3436 773 3506 αἷς
808 3442 1093 3496 ὑπόκειται
1127 3447 1160 3514 ἡ
1192 3445 1506 3516 ἀνθρωπίνη
1536 3446 1670 3515 ζωὴ,
1699 3439 1775 3500 ὧν

118 3560 119 3593 ι
199 3534 300 3586 οὐκ
341 3531 482 3585 ἔστιν
519 3532 667 3595 ὅστις
706 3533 771 3586 ὲκ
803 3533 1017 3602 φύσεως
1052 3535 1245 3606 ἀτελής
1282 3537 1396 3588 ἐστι
1434 3538 1527 3590 καὶ
1560 3537 1772 3591 ἐλεύθε-

118 3656 121 3689 ι
206 3641 315 3695 ρος.
343 3622 524 3677 Ταῦτα
549 3624 613 3676 δι’
645 3623 928 3694 ἀκριϐείας
956 3626 1350 3697 κεκαθαρμένῳ
1378 3626 1455 3697 τῷ
1481 3628 1579 3696 τῆς
1599 3627 1776 3699 ψυχῆς

118 3746 121 3779 ς
202 3713 458 3785 ὀφθαλμῷ
498 3714 732 3785 βλέπων,
773 3717 873 3768 οὐκ
913 3717 979 3769 ἂν
1019 3718 1217 3788 ῥᾳδίως
1251 3718 1389 3789 πρὸς
1418 3718 1517 3783 τὰς
1548 3719 1655 3772 τῶν
1692 3737 1776 3772 τι·-

208 3807 325 3878 μῶν
369 3807 630 3875 ἐλλείψεις
672 3808 1122 3878 ἀγανακτήσειεν.
1169 3809 1242 3862 Tb
1280 3810 1519 3864 ἐναντίον
1549 3811 1647 3881 μὲν
1685 3805 1777 3864 οὗν

118 3956 119 3965 γ
205 3898 416 3968 ἀπάτην
460 3900 725 3968 ἡγήσεται
769 3899 866 3970 τὴν
913 3900 1003 3952 ἐπί
1035 3917 1137 3953 τινι
1184 3901 1599 3972 προσαγομένην
1631 3902 1779 3973 αὐτῷ

209 3990 358 4061 παρὰ
391 3989 483 4043 τοῦ
514 3990 684 4052 πέλας
720 3975 904 4064 τιμὴν,
938 3994 1037 4045 οὐκ
1068 3992 1219 4057 ὄντος
1254 3995 1385 4064 ἡμῖν
1424 3995 1482 4047 ὲν
1513 3997 1577 4065 τῇ
1619 3994 1778 4064 φύσει

118 4120 120 4147 ;
210 4080 442 4135 τοιούτου
471 4081 635 4144 τινὸς,
666 4080 694 4132 ὃ
722 4081 943 4135 δύναται
978 4082 1079 4153 τὴν
1114 4083 1248 4154 πρὸς
1290 4084 1351 4136 τὸ
1378 4082 1558 4155 τίμιον
1590 4101 1779 4137 κοινω-

118 4210 121 4249 ;
211 4174 329 4226 νίαν
360 4172 519 4243 ἔχειν,
551 4174 600 4225 εί
634 4172 709 4243 μὴ
740 4174 881 4228 κατὰ
907 4174 1085 4246 ψυχὴν
1122 4175 1301 4245 μόνον,
1330 4171 1398 4249 ἧς
1439 4177 1471 4247 ἡ
1512 4176 1647 4246 τιμὴ
1681 4177 1781 4229 οὐκ

213 4263 319 4318 ἀπὸ
344 4263 445 4317 τῶν
471 4263 611 4317 κατά
632 4264 722 4317 τὸν
745 4264 948 4335 κόσμον
976 4265 1163 4319 τοῦτον
1191 4266 1631 4338 ἐπιζητουμένων
1659 4285 1783 4321 συν-

118 4402 122 4433 ι
219 4359 438 4408 ίσταται.
474 4355 550 4408 Tb
590 4354 700 4427 γὰρ
734 4357 826 4409 ἐπὶ
860 4355 1072 4428 πλούτῳ
1102 4358 1427 4428 κομπάζειν,
1452 4358 1484 4429 ἢ
1510 4358 1655 4426 γένει
1694 4376 1782 4411 σε·

118 4496 119 4525 :
222 4445 519 4517 μνύνεσθαι,
551 4446 584 4518 ἢ
619 4446 755 4517 πρὸς
779 4446 936 4512 δόξαν
968 4451 1119 4520 δρᾷν,
1154 4450 1186 4521 ἢ
1219 4450 1281 4502 τὸ
1316 4451 1492 4503 δοκεῖν
1523 4451 1662 4519 ὑπὲρ
1693 4450 1782 4503 τὸν

118 4586 121 4617 π
221 4536 381 4601 πέλας
403 4531 559 4601 εἶναι,
587 4538 655 4591 δι’
682 4534 758 4593 ὧν
781 4541 836 4593 αἱ
873 4539 1210 4611 ἀνθρώπιναι
1237 4540 1567 4611 πληροῦνται
1604 4542 1778 4610 τιμαίο

1881 3362 2038 3430 copia
2068 3361 2359 3415 brutorum
2385 3357 2704 3412 animalium
2736 3358 2985 3425 suppleat
3012 3354 3064 3409 id
3095 3354 3242 3425 quod
3270 3354 3420 3410 deest
3447 3372 3462 3408 :

1882 3452 2071 3508 adhch
2094 3450 2394 3515 molestias,
2428 3449 2630 3512 luctus,
2663 3447 3010 3501 calamitates
3035 3455 3089 3501 et
3117 3444 3463 3500 omnimodas

1882 3544 2195 3600 morborum
2219 3540 2446 3603 formas,
2470 3540 2671 3609 quibus
2695 3538 2928 3592 obnoxia
2955 3536 3060 3590 vita
3087 3537 3323 3591 humana
3346 3545 3429 3592 est
3445 3577 3464 3604 ,

1884 3649 1915 3688 a
1949 3634 2150 3704 quibus
2183 3645 2345 3685 nemo
2371 3639 2567 3684 natura
2599 3629 2736 3682 liber
2760 3634 2814 3682 et
2837 3626 3097 3682 immunis
3121 3634 3227 3691 est,
3280 3628 3393 3680 haac
3416 3626 3464 3680 si

1888 3724 2014 3793 quis
2048 3721 2337 3791 diligenter
2370 3733 2509 3790 puro
2545 3716 2712 3771 animi
2748 3715 2912 3770 oculo
2944 3724 3169 3777 cernat,
3205 3714 3348 3768 haud
3388 3713 3467 3767 la-

1885 3815 1989 3870 cile
2023 3812 2088 3867 ad
2124 3814 2391 3868 bonorum
2426 3808 2672 3865 defectus
2705 3806 3145 3862 commovebitur
3178 3814 3234 3861 et
3263 3821 3468 3860 excan-

1884 3905 2103 3970 descet;
2146 3903 2392 3973 quinimo
2439 3908 2630 3956 contra
2670 3901 2915 3956 fraudem
2953 3900 3115 3956 ducet
3146 3917 3267 3957 esse
3293 3901 3469 3956 hono-

1886 4011 2001 4051 rem
2026 4037 2040 4061 ,
2073 4010 2182 4065 quo
2216 3995 2287 4049 ob
2321 4009 2433 4048 rem
2470 3992 2785 4063 quampiam
2816 4007 2845 4046 a
2878 3994 3127 4063 proximo
3157 3991 3422 4047 afﬁciatur
3445 4032 3464 4059 ,

1887 4086 2089 4156 quippe
2120 4100 2242 4138 cum
2277 4084 2413 4137 nihil
2446 4083 2554 4137 tale
2590 4086 2642 4137 in
2683 4090 2873 4136 natura
2910 4090 3098 4137 nostra
3130 4083 3465 4150 habeamus,

1886 4177 2031 4249 quod
2058 4175 2231 4248 possit
2258 4191 2381 4229 cum
2413 4175 2675 4242 dignitate
2704 4183 2759 4230 et
2789 4175 2995 4230 honore
3027 4176 3465 4231 communionem

1888 4269 2110 4332 habere,
2139 4275 2502 4338 praaterquam
2534 4266 2680 4320 circa
2711 4266 2953 4321 animum
2986 4265 3284 4330 duntaxat,
3309 4265 3469 4335 cujus

1888 4360 2068 4415 honor
2086 4375 2192 4413 nou
2225 4366 2445 4411 constat
2474 4372 2544 4411 ex
2570 4358 2638 4412 iis
2672 4359 2835 4413 rebus
2858 4373 2980 4427 quae
3006 4374 3103 4427 per
3133 4358 3277 4411 hunc
3307 4372 3471 4410 mun-

1888 4450 2017 4505 dum
2047 4459 2396 4519 expetuntur.
2434 4447 2568 4501 Nam
2602 4449 2672 4502 ob
2703 4448 2920 4502 divitias
2955 4449 3212 4517 gloriari,
3244 4458 3337 4501 aut
3372 4463 3468 4515 go-

1889 4558 1997 4597 nus
2031 4548 2315 4596 ostentare
2338 4579 2352 4601 ,
2383 4545 2477 4592 aut
2506 4539 2572 4592 ad
2608 4539 2835 4608 gloriam
2873 4547 3148 4607 spectare,
3183 4548 3274 4592 aut
3302 4554 3468 4607 supra

118 4678 121 4711 i
221 4628 383 4683 ταῦτα
435 4629 612 4683 πάντα
661 4631 979 4707 καθαίρεσις
1026 4633 1126 4701 τῆς
1171 4633 1411 4703 ψυχικῆς
1471 4634 1636 4704 τιμῆς
1692 4634 1776 4686 καὶ

1890 4630 2198 4701 proximum
2240 4644 2362 4683 esse
2410 4627 2616 4693 videri,
2667 4629 2867 4698 quibus
2915 4628 3080 4685 rebus
3128 4629 3471 4699 complentur

118 4772 122 4805 ί
224 4720 410 4783 ὖνειδος
436 4721 695 4789 γίνονται,
739 4722 814 4785 ὡς
843 4723 916 4794 μὴ
953 4724 1019 4778 ἂν
1046 4724 1258 4778 ἑλέσθαι
1289 4726 1380 4779 τὸν
1410 4725 1788 4795 λελογισμένον

118 4864 122 4871 ,
226 4812 436 4882 τοιούτῳ
460 4814 565 4867 τινὶ
594 4814 656 4867 τὸ
686 4814 925 4886 καθαρὸν
953 4817 1050 4885 τῆς
1079 4816 1257 4887 ψυχῆς
1299 4817 1784 4887 καταμολύνεσθαι.

118 4948 121 4971 ι
228 4902 300 4956 Τὸ
329 4903 379 4956 δὲ
405 4902 574 4967 οὕτως
603 4904 748 4977 ἔχειν
775 4907 924 4960 οὐδὲν
952 4898 1158 4978 ἕτερον,
1186 4908 1219 4979 ἢ
1252 4909 1308 4961 ἐν
1334 4909 1446 4974 έξει
1476 4909 1666 4980 βαθείᾳ
1690 4909 1789 4979 τῆς

196 4988 197 4991 ¹
228 4994 710 5066 ταπεινοφροσύνης
738 4997 883 5048 ἐστὶν
903 4994 1059 5062 εἷναι,
1093 4993 1161 5070 ἦς
1198 4997 1664 5068 κατορθωθείσης,
1702 4999 1760 5050 οὐ

230 5083 403 5154 δεμίαν
439 5084 640 5139 εἴσοδον
666 5088 694 5138 6
726 5084 897 5155 θυμὸς
924 5087 1064 5140 κατὰ
1092 5088 1191 5155 τῆς
1226 5088 1402 5157 ψυχῆς
1427 5086 1556 5153 ἕξει.
1588 5086 1789 5138 Τούτου

233 5177 289 5228 δὲ
311 5175 376 5246 μὴ
412 5177 695 5247 παρόντος,
729 5178 757 5228 6
802 5178 1006 5248 ἦρεμός
1034 5195 1091 5231 τε
1129 5180 1222 5233 καὶ
1246 5180 1467 5249 ήσύχιος
1500 5176 1791 5249 κατορθοῦ-

236 5286 320 5324 ται
349 5269 449 5339 βίος
473 5286 487 5300 ο
527 5270 666 5339 ὅπερ
703 5269 855 5323 οὐδὲν
892 5270 1100 5341 ἓτερον,
1137 5273 1185 5323 εί
1218 5270 1290 5340 μὴ
1335 5270 1582 5340 πραΰτης
1622 5268 1789 5332 ἐστὶν,

238 5353 301 5431 ἧς
328 5358 382 5411 τὸ
402 5359 571 5429 πέρας
604 5359 956 5428 μακαρισμὸς
989 5359 1082 5411 καὶ
1115 5359 1372 5429 οὐρανίας
1399 5359 1503 5428 γῆς
1536 5359 1795 5429 κληρονο-

247 5452 354 5526 μία,
378 5451 430 5503 ὲν
458 5448 676 5520 Χριστῷ
716 5450 911 5521 Ἰησοῦ,
936 5444 980 5518 ᾧ
1020 5453 1054 5521 ἡ
1090 5450 1217 5517 δόξα
1242 5451 1335 5504 καὶ
1369 5450 1431 5502 τὸ
1466 5450 1686 5520 κράτος,
1712 5450 1790 5511 εἰς

244 5544 352 5606 τοὺς
383 5542 576 5603 αἰῶνας
617 5540 726 5594 τῶν
756 5540 987 5595 αἰώνων.
1034 5541 1227 5613 ’Λμήν.

253 5733 355 5791 cuia
383 5733 723 5787 saeculorum.
759 5732 948 5787 Amen.

1900 4722 2130 4775 honores
2169 4720 2430 4787 humani,
2470 4719 2588 4775 haec
2620 4722 2805 4774 omnia
2842 4720 3131 4775 subversio
3168 4728 3333 4791 atque
3373 4722 3470 4777 de-

1895 4812 2065 4865 decus
2101 4813 2295 4867 anian
2332 4813 2557 4867 honoris
2594 4813 2900 4875 exsistunt,
2944 4820 3006 4866 ut
3054 4828 3212 4868 nemo
3257 4817 3471 4869 ratione

1896 4904 2156 4972 praeditus
2202 4913 2255 4958 et
2300 4904 2712 4970 consideratus,
2746 4905 2942 4958 anima:
2984 4904 3273 4974 puritatem
3321 4906 3470 4975 ejus-

1897 4995 2042 5048 modi
2106 4996 2286 5063 aliqua
2322 5010 2378 5049 re
2411 4995 2788 5049 contaminare
2843 4994 3186 5049 sustinuerit.
3242 4993 3317 5045 lla
3374 5008 3472 5047 au-

1896 5093 2000 5138 tem
2052 5084 2302 5139 aﬂ‘eetum
2354 5094 2407 5139 et
2450 5087 2750 5138 animatum
2796 5100 2953 5147 esse,
3000 5083 3135 5143 nihil
3188 5090 3274 5136 est
3323 5082 3472 5136 aliud

1897 5193 2058 5246 quam
2090 5178 2143 5231 in
2192 5177 2465 5247 profundo
2509 5177 2694 5231 habitu
2734 5177 2902 5230 animi
2945 5175 3273 5229 humilitatis
3306 5189 3429 5230 esse
3454 5216 3472 5231 .

1899 5285 2003 5338 qua
2063 5269 2308 5323 confecta
2364 5277 2526 5339 atque
2576 5250 2868 5339 expedita,
2922 5267 3134 5321 nullum
3189 5265 3475 5321 iracundia

1900 5361 2110 5413 aditum
2147 5361 2411 5416 adversus
2444 5362 2686 5415 animum
2718 5360 2959 5415 habebit.
2989 5359 3159 5413 Porro
3192 5357 3477 5413 iracundia

1897 5451 2088 5520 procul
2126 5452 2414 5516 submota,
2464 5452 2648 5522 quieta
2692 5451 3015 5521 placidaque
3060 5451 3169 5503 vita
3220 5448 3480 5519 transigi-

1903 5549 2031 5596 tur:
2072 5542 2219 5612 quod
2256 5543 2390 5598 nihil
2423 5542 2571 5598 aliud
2604 5543 2710 5598 nisi
2746 5543 2945 5598 lenitas
2979 5551 3100 5597 est:
3144 5543 3309 5613 cujus
3351 5539 3481 5596 finis

248 5637 494 5696 beatitudo
529 5643 692 5706 atque
727 5637 969 5692 emiestis
1006 5647 1165 5693 terra:
1211 5634 1497 5693 haereditas
1529 5641 1645 5700 est,
1681 5646 1778 5703 per
1813 5631 2094 5690 Christum
2140 5635 2367 5703 Jcsttm,
2430 5637 2517 5693 cui
2567 5636 2741 5709 gloria
2789 5644 2842 5692 et
2888 5635 3218 5707 imperium,
3271 5634 3328 5689 in
3375 5647 3482 5690 sa!-
