4018 6398
668 499 798 558 1280

1250 609 1512 669 ORATIO
1549 611 1637 668 Ill.

741 704 899 761 Beati
923 703 1016 775 qui
1050 703 1257 775 lugent,
1297 705 1693 827 quoniatnoipsi
1735 704 2147 760 consolationem

1283 791 1520 829 acumen
1593 814 1608 829 .

1321 792 1544 844 captent
1566 792 1608 829 '.

728 865 981 921 Nondum
1032 867 1087 920 in
1118 867 1381 921 verticem
1429 867 1635 923 montis
1667 865 1964 930 evasimus,
2012 865 2108 920 sed
2141 865 2237 920 ad-

657 956 766 1013 huc
815 956 962 1013 circa
1004 955 1215 1011 radices
1258 956 1460 1012 montis
1514 956 1888 1011 intellectuum
1929 954 2233 1010 haeremus:

656 1047 760 1102 etsi
816 1045 956 1101 duos
1007 1044 1277 1115 quosdam
1320 1047 1433 1114 jam
1489 1047 1732 1101 tumulos
1776 1044 2130 1100 transivimus
2167 1044 2236 1101 ad

659 1138 870 1191 beatam
901 1145 1225 1206 egestatem,
1257 1147 1421 1207 atque
1450 1138 1554 1192 hac
1589 1137 1928 1207 superiorem
1957 1137 2235 1192 lenitatem

658 1245 756 1298 per
779 1229 1178 1289 beatitudinem
1209 1230 1417 1285 evecti:
1452 1239 1576 1300 post
1600 1247 1740 1301 quos
1772 1230 2010 1285 tunmlos
2041 1229 2109 1282 ad
2146 1244 2238 1285 su-

656 1321 908 1374 blimiora
959 1336 1059 1377 nos
1094 1321 1331 1377 Verbum
1366 1322 1644 1386 subducit,
1693 1338 1759 1377 ac
1808 1322 2026 1377 tertium
2079 1319 2237 1377 nobis

655 1414 918 1482 deinceps
947 1413 1140 1483 jugum
1168 1429 1264 1483 per
1292 1414 1660 1471 beatitudiues
1686 1415 1927 1471 ostendit
1955 1433 1967 1468 :
2001 1413 2068 1467 ad
2092 1412 2236 1483 quod

656 1503 806 1557 omni
843 1513 1058 1559 tumore
1084 1516 1138 1560 et
1180 1521 1367 1571 onere,
1408 1515 1572 1576 atque
1610 1508 1872 1561 tenaciter
1917 1498 2249 1567 inhaerente;

657 1604 718 1650 ut
753 1596 930 1664 inquit
962 1597 1280 1665 Apostolus,
1313 1607 1541 1667 peccato
1581 1597 1850 1667 deposito,
1886 1612 1988 1651 nos
2016 1609 2237 1649 currere

658 1699 888 1755 prorsus
932 1694 1167 1755 oportet,
1212 1693 1272 1740 ut
1321 1688 1467 1743 leves
1499 1695 1554 1743 et
1586 1688 1826 1757 expediti
1860 1688 1915 1741 in
1951 1686 2235 1741 cacumine

658 1780 967 1845 constituti,
1009 1782 1217 1850 puriori
1243 1782 1434 1835 lumini
1467 1782 1713 1837 veritatis
1752 1796 1848 1852 per
1882 1780 2116 1834 animam
2139 1793 2236 1847 ap-

658 1873 1091 1942 propinquemus
1121 1873 1185 1926 ιο.
1244 1872 1386 1938 Quid
1440 1873 1607 1943 igitur
1645 1881 1749 1938 est,
1801 1871 1946 1941 quod
1993 1870 2229 1934 dicitur,

662 1960 816 2014 Beati
860 1962 950 2031 qui
983 1961 1185 2031 lugent,
1220 1964 1469 2032 quoniam
1512 1963 1612 2031 ipsi
1650 1962 2065 2017 consolationem
2098 1962 2236 2014 acci-

657 2055 844 2122 pient?
878 2053 1067 2108 Risum
1095 2070 1319 2123 prorsus
1346 2070 1454 2108 non
1492 2055 1713 2118 tenebit,
1758 2055 1805 2110 si
1837 2054 1960 2123 quis
1981 2054 2047 2107 ad
2078 2068 2234 2107 mun-

657 2146 787 2198 dum
835 2146 1115 2216 respiciat,
1164 2154 1219 2201 et
1248 2147 1336 2202 his
1370 2146 1553 2202 verbis
1592 2155 1777 2202 utetur
1815 2144 2050 2200 irridens
2074 2154 2237 2214 atque

658 2237 1010 2291 subsannans
1042 2234 1278 2291 Verbum
1305 2257 1317 2291 :
1341 2232 1398 2290 Si
1436 2238 1489 2290 in
1518 2238 1626 2292 vita
1651 2237 1793 2291 beati
1822 2236 2112 2301 habentur,
2141 2235 2235 2306 qui

656 2327 805 2380 omni
853 2327 1161 2382 calamitate
1224 2328 1614 2390 coniiciuntur.
1668 2328 1852 2384 miseri
1892 2343 1989 2397 per
2043 2341 2238 2382 conse-

657 2417 936 2485 quentiam
966 2418 1126 2487 plane
1156 2427 1307 2484 sunt,
1336 2435 1571 2489 quorum
1597 2421 1705 2475 vita
1737 2420 2004 2475 molestiis
2032 2418 2238 2488 pariter

655 2517 711 2562 et
739 2507 1159 2576 regritudinibus
1209 2510 1678 2582 incommodisque
1720 2519 1897 2566 vacat.
1945 2512 2121 2581 Atque
2162 2510 2236 2564 ita

656 2598 872 2667 species
922 2613 1256 2654 cmimeraus
1305 2601 1703 2667 calamitatum,
1771 2603 1943 2657 risum
1993 2603 2233 2673 augebit.

656 2690 1110 2761 etamplilicabit,
1156 2692 1502 2748 incommoda
1534 2693 1841 2758 viduitatis,
1887 2703 1941 2749 et
1984 2694 2236 2750 orbitatis

656 2797 955 2837 aerumnam
987 2790 1113 2837 ante
1141 2783 1332 2839 oculos
1369 2799 1704 2855 proponens.
1750 2785 1970 2853 damna,
2012 2784 2239 2840 naufra-

656 2873 767 2944 gia,
795 2875 1141 2945 captivitates
1183 2891 1250 2930 ex
1295 2877 1473 2942 bellis,
1509 2877 1744 2947 injustas
1774 2878 1827 2932 in
1869 2878 2078 2948 judicio
2112 2892 2237 2934 sen-

654 2964 883 3029 tentias,
925 2966 1119 3021 exsilia
1150 2966 1657 3039 publicationesque
1692 2969 1985 3033 bonorum,
2013 2968 2239 3041 ignomi-

661 3053 803 3115 nias,
849 3061 904 3107 et
948 3052 1187 3110 infamia:
1217 3063 1397 3123 notas,
1435 3056 1776 3112 calamitates
1819 3067 2131 3114 contractas
2169 3072 2237 3113 ex

662 3145 892 3213 morbis,
941 3145 1220 3200 caecitates
1265 3161 1330 3201 ac
1380 3147 1773 3213 mutilationes,
1819 3150 2080 3219 variaque
2108 3164 2236 3204 cor-

661 3235 814 3305 poris
853 3235 982 3289 vitia
1017 3243 1183 3306 atque
1210 3236 1556 3299 detrimenta,
1597 3253 1662 3292 ac
1686 3239 1731 3294 si
1763 3239 1892 3308 quid
1923 3239 2235 3295 hominibus

661 3339 758 3393 per
785 3325 928 3378 hanc
952 3325 1119 3378 vitam
1146 3326 1340 3380 incidit
1370 3327 1720 3392 incommodi,
1753 3329 1896 3400 quod
1927 3331 2009 3385 vel
2036 3346 2237 3402 corpus

659 3415 747 3471 vel
775 3416 1018 3470 animum
1053 3418 1307 3489 attingat,
1342 3420 1525 3474 omnia
1560 3422 1809 3476 oratione
1836 3416 2236 3494 persequetur:
2276 3496 2281 3502 ⁸

662 3521 759 3577 per
788 3524 931 3579 quae,
986 3517 1045 3564 ut
1094 3510 1216 3579 ejus
1266 3511 1453 3581 opinio
1505 3512 1632 3578 fert,
1671 3513 1960 3571 ridiculum
1991 3517 2243 3572 ostendet

652 3615 990 3660 sermonem,
1045 3618 1155 3671 quo
1183 3602 1430 3673 lugentes
1467 3604 1610 3661 beati
1640 3606 1977 3676 judicantur.
2009 3607 2120 3665 Nos
2145 3623 2245 3663 au-

657 3697 770 3747 tem
811 3708 1002 3762 parum
1052 3703 1312 3750 curantes
1353 3711 1450 3751 eos
1502 3697 1592 3767 qui
1637 3706 1691 3752 ct
1725 3698 1914 3753 humili
1948 3707 2004 3755 et
2043 3700 2243 3770 pusillo

660 3785 848 3840 animo
881 3786 1097 3841 divinos
1126 3789 1571 3858 contemplantur
1603 3790 1934 3856 intellectus,
1972 3800 2239 3860 quantum

658 3876 780 3943 ejus
813 3876 925 3932 ﬁeri
957 3878 1177 3948 poterit,
1208 3892 1322 3944 eas,
1356 3894 1477 3947 qua:
1499 3881 1551 3933 in
1579 3880 1685 3935 hoc
1708 3880 1855 3935 dicto
1884 3881 1991 3936 alte
2013 3880 2243 3939 defossa:

652 3967 866 4036 jacent,
919 3968 1142 4027 divitias
1196 3971 1413 4040 penitus
1445 3971 1715 4042 inspicere
1755 3988 2038 4038 conemur,
2071 3985 2129 4029 ut
2160 3975 2240 4029 vel

662 4073 761 4127 per
804 4059 909 4114 hoc
955 4060 1177 4128 planum
1232 4060 1327 4115 ﬁat
1379 4069 1585 4130 quanta
1631 4064 1704 4118 sit
1747 4062 2053 4120 differentia
2102 4066 2243 4121 inter

660 4153 937 4207 carnalem
980 4160 1385 4222 terrenamque,
1427 4161 1483 4207 et
1527 4152 1819 4209 sublimem
1853 4157 2243 4228 ccelestemque

662 4241 1100 4310 intelligentiam.

733 4336 812 4387 Ac
838 4334 1013 4403 prima
1031 4333 1251 4402 quidem
1282 4333 1417 4389 facie
1442 4341 1619 4403 potest
1643 4336 1839 4402 aliquis
1866 4337 2015 4391 illum
2037 4338 2241 4393 luctum

663 4424 881 4479 beatum
912 4434 1125 4494 putare,
1173 4425 1266 4492 qui
1302 4435 1526 4496 propter
1568 4427 1767 4483 delicta
1809 4437 1973 4499 atque
2021 4439 2242 4499 peccata

659 4517 898 4579 exsistit,
933 4515 1100 4587 juxta
1117 4516 1271 4585 Pauli
1305 4518 1374 4574 de
1408 4520 1635 4576 tristitia
1661 4522 1989 4586 doctrinam,
2023 4522 2110 4577 ubi
2154 4523 2240 4579 di-

661 4610 757 4675 cit,
820 4626 928 4665 non
978 4625 1102 4666 esse
1147 4626 1311 4665 unam
1355 4611 1594 4668 tristitia;
1639 4616 1900 4684 speciem,
1955 4615 2050 4670 sed
2080 4616 2240 4669 aliam

662 4701 883 4769 quidem
943 4701 1297 4767 mundanam,
1353 4703 1516 4757 aliam
1586 4720 1717 4760 vero
1767 4722 1888 4776 qua:
1938 4709 2239 4763 secundum

666 4788 835 4844 Deum
883 4799 1326 4861 repraesentetur.
1377 4796 1455 4847 Ac
1506 4797 1839 4851 mundanam
1879 4796 2097 4868 quidem
2144 4802 2241 4855 tri-

663 4882 870 4937 stitiam
921 4883 1112 4935 mortis
1145 4882 1472 4938 etl'ectricem
1516 4901 1661 4950 esse.
1708 4888 1932 4944 alteram
1972 4906 2101 4947 vero
2146 4906 2242 4960 per

663 4972 1046 5043 pmnitentiam
1095 4974 1327 5029 salutem
1375 4977 1646 5034 conﬁcere
1690 4981 2071 5038 mmreutibus.
2105 4982 2240 5038 Nam

662 5079 851 5120 revera
895 5081 1003 5120 non
1040 5073 1221 5135 potest
1271 5082 1379 5121 non
1413 5068 1570 5123 beata
1617 5069 1851 5140 judicari
1893 5073 2020 5129 talis
2049 5075 2245 5130 animae

664 5156 1023 5224 perturbatio,
1053 5159 1589 5223 cum,animadverso
1613 5177 1677 5216 eo
1702 5164 1846 5231 quod
1873 5162 2112 5221 deterius
2138 5175 2243 5230 est,

661 5249 827 5304 vitam
868 5250 1122 5306 vitiosam
1167 5251 1439 5322 deplorat.
1490 5253 1959 5318 Quemadmodum
2006 5260 2153 5314 enim
2186 5260 2240 5314 in

663 5341 914 5409 corporis
954 5342 1182 5406 morbis,
1235 5343 1436 5413 quibus
1477 5343 1660 5413 aliqua
1709 5361 1836 5414 pars
1888 5350 2137 5419 corporis
2174 5366 2242 5406 ex

664 5429 899 5486 violenta
928 5432 1161 5501 quadam
1198 5432 1420 5489 laesione
1467 5433 1649 5489 tabida
1687 5433 1828 5489 facta
1864 5436 2048 5504 fuerit,
2084 5438 2240 5494 indo-

663 5519 828 5576 lentia
881 5533 1201 5590 argumento
1244 5530 1358 5587 est,
1392 5533 1662 5579 mortuam
1715 5540 1841 5583 esse
1893 5529 2132 5584 tabidum
2175 5547 2240 5587 ac

663 5603 973 5677 languidam
1004 5608 1153 5664 illam
1185 5620 1434 5681 partem;
1481 5612 1574 5668 sed
1616 5613 1661 5668 si
1715 5622 1833 5672 arte
1864 5617 2098 5688 quadam
2134 5635 2241 5675 me-

669 5700 785 5751 dica
809 5700 993 5753 vitalis
1012 5700 1193 5756 denuo
1217 5717 1415 5758 sensus
1444 5705 1658 5773 corpori
1691 5707 1980 5764 restitutus
2006 5710 2098 5771 sit,
2128 5718 2237 5767 tam

732 5864 754 5891 ⁹
794 5866 984 5923 Matth.
1020 5883 1074 5930 ν,
1108 5872 1159 5926 5.
1239 5873 1282 5903 ¹⁰
1324 5871 1484 5930 llebr.
1520 5892 1622 5941 xu,
1653 5878 1746 5936 2‘2.

1886 488 1945 543 S.
1987 482 2311 541 GREGORII
2338 484 2625 541 NYSSENl

3782 492 3873 548 {£20

2262 610 2310 664 Α
2956 607 3177 664 ΛΟΓΟΣ
3215 610 3288 662 Γ¹.

2335 701 2625 770 Μακάριοι
2659 704 2715 755 οὶ
2744 700 3105 768 πενθοῦντες
3125 741 3139 764 ,
3185 700 3275 757 ὅτι
3319 698 3498 757 αὐτοὶ
3533 702 3875 768 παρακληθῂ-

3006 788 3236 826 amat.

2408 865 2577 919 Οῠπω
2605 866 2703 937 τῆς
2732 866 2976 937 κορυφῆς
3006 864 3100 919 τοῦ
3134 864 3295 937 ὅρους
3325 864 3763 935 ὲπιϐεϐήκαμεν,
3796 861 3875 915 ἀλλ’

2337 958 2420 1011 ἔτι
2453 957 2597 1011 κατά
2624 957 2717 1028 τὴν
2745 956 3019 1027 ὑπώρειαν
3047 956 3156 1009 τῶν
3182 955 3473 1026 νοημάτων
3512 956 3713 1025 ἐσμέν·
3745 955 3787 1006 εἱ
3813 954 3876 1005 καί

2337 1050 2431 1104 δύο
2470 1048 2622 1112 τινὰς
2655 1048 2754 1119 ἥδη
2788 1046 3219 1118 παρωδεύσαμεν
3260 1046 3506 1116 λόφους,
3559 1046 3657 1099 ἐπὶ
3683 1043 3773 1115 τὴν
3804 1060 3875 1113 μα·

2337 1143 2602 1213 καριστὴν
2633 1140 2925 1212 πτωχείαν,
2956 1141 3049 1194 καί¹
3080 1140 3179 1207 τὴν
3210 1140 3471 1211 ἀνωτέρω
3507 1137 3717 1209 ταύτης
3745 1138 3875 1208 πραό-

2336 1253 2475 1305 τητα
2524 1234 2613 1288 διὰ
2656 1233 2768 1287 τῶν
2823 1231 3189 1303 μακαρισμῶν
3238 1230 3606 1302 ἀναχθέντες,
3659 1229 3769 1300 μεθ’
3810 1228 3876 1290 οὓς

2339 1328 2604 1400 προσάγει
2640 1329 2754 1390 τοῖς
2786 1325 3141 1397 ὑψηλοτέροις
3162 1324 3311 1395 ἡμᾶς
3339 1323 3586 1391 ὁΛὸγος,
3619 1321 3712 1374 καὶ
3738 1320 3875 1389 τρίτου

2337 1424 2469 1493 ἡμῖν
2519 1419 2714 1490 ἑφεξῆς
2761 1417 2963 1488 ὕψωμα
3007 1417 3096 1471 διὰ
3142 1416 3252 1469 τῶν
3293 1412 3669 1486 μακαρισμῶν
3706 1411 3874 1465 ἀναδεί-

2337 1529 2527 1566 κνυσι·
2572 1510 2709 1582 πρὸς
2740 1509 2769 1562 δ
2813 1507 2919 1579 χρὴ
2948 1506 3165 1569 πάντως
3213 1504 3550 1575 ἀναδραμεῖν
3583 1501 3739 1556 ὄκνον
3776 1502 3877 1553 ἀτο-

2338 1604 2599 1674 θεμένους
2653 1602 2851 1664 πάντα,
2896 1600 2989 1653 καί
3032 1598 3132 1669 τὴν
3180 1596 3581 1668 εὐπερίστατον
3621 1592 3872 1665 ἁμαρτίαν,

2336 1693 2518 1759 καθώς
2544 1710 2707 1764 φησιν
2737 1694 2766 1745 ὁ
2808 1690 3147 1752 Ἀπόστολος,
3176 1688 3253 1755 ὡς
3285 1687 3350 1741 ἂν
3379 1685 3584 1755 κοῦφοι
3608 1685 3702 1738 καὶ
3725 1683 3874 1736 εὐστα-

2335 1787 2446 1849 λεῖς
2474 1785 2568 1838 ἐπὶ
2608 1785 2705 1855 τῆς
2738 1783 2915 1854 ἄκρας
2946 1782 3248 1852 γενόμενοι,
3288 1775 3667 1849 καθαρωτέρῳ
3705 1773 3776 1845 τῷ
3805 1773 3874 1840 τῆς

2336 1878 2593 1950 ἀληθείας
2618 1876 2761 1945 φωτὶ
2806 1873 2896 1929 διὰ
2943 1873 3045 1943 τῆς
3080 1872 3261 1943 ψυχῆς
3293 1868 3786 1940 πῳσπελάααιμεν.
3826 1864 3872 1916 Τί

2338 1967 2515 2021 τοίνυν
2543 1965 2661 2019 ἐστὶ
2688 1966 2750 2018 τὸ
2779 1964 3066 2034 λεγόμενον
3085 2003 3100 2028 ,
3133 1960 3421 2031 Μακάριοι
3449 1964 3507 2015 οἱ
3534 1957 3869 2020 πενθοῦντες.

2337 2058 2428 2113 ὅτι
2469 2058 2641 2113 αὐτοὶ
2695 2054 3311 2124 παρακληθήσονται;
3342 2051 3573 2107 Γελάαει
3628 2050 3818 2110 πάντως
3849 2048 3869 2096 ὁ

2338 2153 2476 2223 πρὸς
2495 2151 2586 2205 τὸν
2608 2151 2811 2221 κόσμον
2844 2148 3075 2219 βλέπων,
3105 2146 3200 2202 καὶ
3218 2145 3359 2211 λέξει
3379 2145 3557 2199 ταῦτα
3586 2138 3869 2212 καταχλευὰ-

2338 2243 2446 2308 ζων
2478 2242 2570 2296 τὸν
2593 2242 2764 2310 Λόγον
2785 2258 2799 2272 ο
2834 2242 2897 2293 Et
2922 2237 3315 2312 μακαρίζονται
3347 2235 3485 2290 κατά
3514 2234 3608 2290 τὸν
3643 2234 3746 2304 βίον
3772 2232 3865 2283 οἱέν

2337 2336 2487 2407 πάσῃ
2516 2335 2772 2406 συμφορᾷ
2796 2330 3205 2401 δαπανώμενοι,
3227 2329 3396 2384 ἄθλιοι
3425 2326 3573 2382 κατά
3598 2327 3659 2380 τὸ
3684 2322 3864 2378 ἀκόλου-

2338 2428 2428 2483 θόν
2462 2430 2567 2481 είσι
2622 2426 2840 2489 πάντως
2887 2420 2968 2488 οἷς
3003 2423 3206 2487 ἄλυπός
3252 2439 3312 2475 τε
3360 2420 3453 2477 καὶ
3498 2421 3729 2490 ἀπήμων
3752 2415 3862 2468 ἐστὶν

2338 2522 2372 2591 ἡ
2406 2521 2540 2590 ζωή.
2574 2518 2684 2577 Καὶ
2714 2516 2857 2573 οὕτω
2884 2515 2955 2569 τὰ
2985 2516 3098 2586 εἴδη
3133 2515 3241 2569 τῶν
3269 2512 3566 2585 συμφορῶν
3591 2505 3863 2581 ἐξαριθμού-

2342 2626 2521 2680 μενος,
2555 2606 2839 2667 πλεονᾴσει
2869 2605 2961 2658 τὸν
2988 2604 3217 2673 γέλωτα,
3246 2602 3313 2655 τὰ
3349 2603 3448 2672 τῆς
3483 2598 3707 2671 χηρείας
3731 2594 3858 2655 κακὰ,

2339 2699 2434 2752 καὶ
2461 2697 2560 2768 τὴν
2591 2695 2691 2765 τῆς
2733 2694 2995 2765 ὀρφανίας
3038 2690 3411 2763 ταλαιπωρίαν
3443 2690 3539 2743 ὑπ’
3571 2689 3689 2758 ὄψιν
3727 2684 3859 2753 ἄγων.

2337 2789 2437 2853 τὰς
2467 2788 2689 2860 ζημίας,
2718 2786 2786 2840 τὰ
2814 2787 3068 2853 ναυάγια,
3100 2785 3200 2849 τᾲς
3240 2786 3304 2838 ὲκ
3341 2781 3594 2852 πολέμων
3632 2776 3857 2848 αἰχμαλω·

2341 2880 2481 2942 σίας,
2527 2877 2627 2941 τὰς
2670 2876 2888 2939 ἀδίκους
2929 2878 2987 2928 ἐν
3037 2873 3369 2945 δικαστηρίῳ
3406 2871 3636 2944 κρίσεις.
3685 2866 3856 2936 μεθορί-

2341 2967 2510 3039 σμούς
2523 2978 2585 3020 τε
2613 2966 2709 3020 καλ⁵
2733 2964 3023 3036 δημεύσεις
3052 2963 3145 3016 καὶ
3169 2960 3525 3033 ἀτιμίας,τάς
3547 2976 3605 3012 τε
3629 2953 3855 3027 autumi;

2338 3055 2437 3119 τὰς
2468 3056 2533 3108 ὲκ
2570 3053 2677 3107 τῶν
2726 3052 2917 3114 νόσων,
2961 3046 3071 3105 οἷον
3099 3049 3376 3122 πηρώσεις
3414 3067 3474 3102 τε
3512 3049 3609 3103 καὶ
3653 3048 3853 3117 ἀκρωήο

2341 3144 2627 3217 ριασμοὺς,
2662 3144 2755 3196 καὶ
2796 3141 2894 3212 τὴν
2923 3141 3270 3213 παντοδαπὴν
3301 3139 3392 3193 τοῦ
3429 3137 3674 3209 σώματος
3699 3131 3851 3199 λώϐην.

2340 3239 2434 3291 καὶ
2466 3238 2596 3291 εἴτι
2628 3240 2739 3300 τοῖς
2778 3234 3081 3306 ἀνθρώποις
3121 3233 3261 3288 κατά
3286 3232 3375 3286 τὸν
3420 3231 3535 3302 βίον
3573 3228 3743 3283 τοῦτον
3768 3238 3855 3276 συν-

2345 3327 2556 3381 ίσταται
2587 3326 2826 3397 πάθος,ἢ
2850 3323 3167 3396 σώματος,ἢ
3196 3323 3371 3395 ψυχῆς
3389 3321 3703 3391 ἀπτόμενον,
3724 3314 3855 3367 πάντα

2341 3418 2421 3489 τῷ
2449 3418 2593 3490 λόγῳ
2621 3416 3031 3483 διεξελεύσεται,
3072 3416 3139 3469 δι’
3181 3409 3275 3478 ὧν,
3323 3415 3399 3477 ὡς
3447 3414 3632 3475 οἴεται,
3673 3402 3853 3470 καταγέ-

2342 3509 2535 3562 λαστον
2568 3506 2837 3572 ἀποδείξει
2884 3508 2975 3561 τὸν
3003 3508 3128 3570 τοὺς
3173 3503 3499 3569 πενθοῦντας
3546 3497 3856 3575 μακαρίζοντα

2342 3602 2518 3672 λόγον.
2561 3602 2750 3672 Ἡμεῖς
2784 3600 2840 3655 δὲ
2879 3598 3053 3672 μικρὰ
3083 3599 3463 3670 φροντίσαντες
3496 3599 3605 3650 τῶν
3644 3583 3853 3664 μικρσιῖιῦ·

2341 3656 2452 3767 κως
2492 3710 2551 3747 τε
2583 3656 2677 3748 καὶ
2720 3656 2994 3756 samnitio;
3032 3656 3481 3762 ἀναθεωρούντων
3516 3688 3586 3741 τὰ
3630 3686 3734 3738 θεῖα
3768 3680 3854 3776 vol}:

2347 3804 2514 3860 ματα,
2565 3786 2638 3850 ὡς
2689 3784 2805 3838 ἔστι
2848 3783 3068 3837 δυνατὸν
3099 3782 3333 3836 κατιδεῖν
3357 3781 3448 3834 τὸν
3478 3780 3766 3849 ἐγκείμενον
3798 3786 3852 3832 τίς)

2343 3877 2620 3950 εἰρημένῳ
2665 3875 2754 3930 διὰ
2784 3874 2980 3946 βάθους
3012 3873 3239 3928 πλοῦτον
3267 3874 3712 3942 ἐπιχειρήσωμεν,
3744 3864 3851 3919 ὅπως

2343 3969 2408 4024 ἂν
2444 3970 2677 4042 φανερὸν
2729 3968 2824 4022 καὶ
2860 3970 2949 4023 διὰ
3001 3967 3154 4022 τοῦτο
3196 3966 3423 4036 γένοιτο,
3476 3965 3634 4018 πόσον
3677 3958 3775 4013 ἐστὶ
3809 3952 3851 4004 τδ

2342 4061 2597 4133 διάφορον
2621 4062 2723 4132 τῆς
2771 4060 3032 4131 σαρκίνης
3063 4076 3123 4113 τε
3153 4059 3247 4112 καὶ
3278 4058 3465 4128 χοῖκῆς
3490 4053 3727 4115 διανοίας,
3753 4042 3848 4113 πρὶς

2341 4154 2441 4223 τὴν
2474 4152 2685 4225 ὑψηλήν
2716 4169 2775 4205 τε
2813 4152 2901 4205 καί
2927 4150 3267 4222 ἐπουράνιον.

2270 1943 2309 1997 Β

2262 3268 2306 3327 C

2418 4335 2573 4387 Ἔστι
2606 4333 2704 4404 μὲν
2745 4328 2836 4385 οὖν
2870 4333 2934 4384 ὲκ
2977 4329 3069 4384 τοῦ
3097 4327 3386 4401 προχείρου
3420 4320 3730 4398 μακαριστδν
3752 4317 3845 4404 ὑπαί

2343 4427 2527 4480 λαϐεῖν
2561 4401 2736 4480 ἐκεῖνο
2776 4424 2836 4476 τὸ
2887 4422 3100 4486 πένθος,
3130 4422 3192 4476 τὸ
3232 4420 3324 4474 ἐπὶ
3361 4401 3847 4505 πλημμελήματξικξὶ

2344 4518 2640 4590 ἁμαρτίαις
2667 4516 2964 4587 γινόμενον,
3000 4512 3139 4567 κατά
3168 4513 3267 4585 τὴν
3297 4511 3392 4565 τοῦ
3421 4509 3627 4565 Παῦλου
3659 4500 3844 4590 περὶτῆς

2277 4605 2317 4659 ί)
2347 4589 2524 4678 λύπης
2553 4607 2917 4670 διδασκαλίαν,
2941 4606 3034 4660 τοῦ
3065 4606 3354 4676 φήσαντος,
3389 4602 3462 4674 μὴ
3494 4600 3548 4654 ἓν
3579 4594 3703 4653 εἶναι
3722 4589 3846 4653 λύπης

2347 4699 2504 4769 εἶδος,
2534 4701 2671 4756 ἀλλά
2704 4701 2766 4756 τὸ
2801 4700 2898 4771 μὲν
2927 4698 3188 4770 κοσμικὸν
3209 4736 3225 4762 ,
3253 4695 3314 4750 τὸ
3340 4695 3398 4749 δὲ
3440 4691 3581 4748 κατὰ
3610 4689 3721 4745 Θεὸν
3741 4685 3843 4747 ἐνείν

2347 4793 2627 4865 γούμενον.
2676 4794 2786 4848 Καὶ
2832 4793 2933 4862 τῆς
2962 4791 3089 4863 ὑμὲν
3143 4788 3413 4861 κοσμικῆς
3450 4787 3640 4858 λύπης,
3682 4779 3843 4834 θάνατον

2347 4879 2579 4937 εἶναιτὸ
2607 4882 2801 4956 ἔργον·
2848 4882 2947 4953 τὴν
2987 4880 3045 4933 δὲ
3089 4879 3303 4950 ἑτέραν,
3346 4877 3617 4951 σωτηρίαν
3655 4874 3708 4924 ἐκ
3730 4874 3841 4956 im?

2347 4975 2492 5039 νοίας
2518 4954 3020 5044 τοῖςγλυπουμένοις
3045 4970 3391 5043 ἐργάζεσθαι.
3430 4969 3520 5041 Τῷ
3545 4968 3651 5023 δντι
3676 4961 3761 5032 γὰρ
3776 4954 3842 5007 οὒκ

2346 5068 2452 5135 ἔξω
2482 5067 2577 5121 τοῦ
2617 5066 3015 5139 μακαρίζεσθαι
3056 5063 3117 5117 τὸ
3155 5062 3394 5117 τοιοῦτον
3419 5062 3519 5134 τῆς
3545 5057 3705 5131 ψυχῆς
3726 5044 3840 5139 πάθος

2348 5132 2515 5221 ἐστὶν,
2546 5132 2676 5211 ὅταν
2705 5132 2780 5209 ἐνί
2796 5156 3044 5226 αἰσθήσει
3074 5154 3339 5224 γενομένη
3384 5132 3503 5204 τοῦγ
3526 5150 3752 5236 χείρονος,
3781 5132 3840 5236 τξιν

2349 5251 2407 5302 ὲν
2432 5248 2599 5320 κακίᾳ
2630 5248 2744 5319 βίον
2774 5247 3202 5319 ἁπολοφύρηται.
3245 5245 3510 5315 Καθάπερ
3541 5242 3645 5314 γὰρ
3670 5233 3742 5291 ἐπὶ
3770 5233 3840 5279 τῶν

2350 5344 2683 5413 σωματικῶν
2712 5341 3182 5415 ἀρρωστημάτων,
3211 5334 3292 5402 οἷς
3320 5337 3385 5391 ἂν
3417 5336 3645 5407 πάρετον
3672 5325 3721 5392 ἐξ
3749 5325 3839 5415 ὲπξγ

2352 5435 2504 5507 ρείας
2537 5438 2681 5498 τινὸς
2707 5413 2933 5503 γένηταί
2977 5451 3031 5487 τι
3066 5432 3229 5504 μέρος
3267 5430 3363 5483 τοῦ
3394 5428 3661 5499 σώματος,
3686 5413 3840 5488 σημεῖα

2346 5529 2440 5584 τοῦ
2462 5527 2828 5598 νενεκρῶσθαι
2853 5527 2914 5580 τὸ
2936 5525 3265 5598 παρειμένον
3293 5524 3326 5595 ἡ
3356 5520 3654 5591 ἀναλγησία
3669 5514 3836 5598 γίνεται·

2347 5621 2396 5673 εί
2444 5619 2503 5673 δὲ
2552 5595 2696 5672 κατά
2741 5634 2863 5672 τινα
2907 5595 3118 5689 τέχνην
3152 5615 3401 5686 ἰατρικὴν
3450 5616 3484 5686 ἡ
3527 5608 3710 5678 ζωτικὴ
3736 5595 3839 5654 πάλιν

2348 5711 2598 5781 αἴσθησις
2632 5707 2964 5779 ὲπαναχθείη
2993 5708 3072 5779 τῷ
3106 5707 3340 5780 σώματι,
3387 5705 3662 5780 χαίρουσιν
3683 5698 3758 5770 ήδη
3781 5702 3837 5740 πθ·
