4018 6360
160 435 320 492 1221

1220 427 1305 481 DE
1341 423 1946 482 BEATITUDINIBUS.
1992 421 2250 477 οιιΑτιο
2295 421 2379 474 lll.

3309 424 3447 477 ηεξ

160 547 404 606 νοῦντος
429 545 523 599 τοῦ
567 543 784 615 μέρους,
816 541 975 604 αὑτός
1019 558 1078 593 τε
1125 539 1154 590 6
1204 539 1425 611 κάμνων
1458 539 1551 592 καὶ
1583 539 1631 590 οἱ
1666 537 1764 606 τὴν

1893 547 1917 586 s
1957 534 2048 601 qui
2081 532 2314 596 laborat,
2343 549 2503 603 quam
2537 535 2629 606 qui
2662 537 3000 592 curationem
3035 535 3448 601 administrant,

161 637 486 710 θεραπείαν
539 635 940 708 προσάγοντες,
999 633 1282 703 τεκμηρίῳ
1339 634 1610 704 χρώμενοι
1671 627 1764 680 τοῦ

164 733 324 802 πρὸς
352 730 567 798 ὑγίειαν
607 727 805 798 τρέψαι
850 726 911 779 τὸ
943 724 1134 788 πάθος,
1162 724 1222 778 τὸ
1258 725 1314 776 ἐν
1364 722 1614 792 αἰσθήσει
1661 720 1768 773 τῶν

164 821 596 894 δριμυσσόντων
623 819 720 890 ήδη
749 817 999 888 γενέσθαι
1027 818 1086 870 τὸ
1104 816 1264 888 μέλος
1285 832 1296 843 ·
1329 814 1501 878 οὕτως
1529 812 1767 874 ἐπειδὰν,

172 912 376 977 καθώς
399 930 562 984 φησιν
593 913 621 965 6
659 909 1000 972 Ἀπόστολος,
1030 908 1411 980 ἀπηλγηκότες
1435 906 1579 970 τινὲς
1600 923 1770 976 παρα-

167 1003 319 1056 δῶσι
369 1001 447 1072 τῷ
493 1000 611 1054 καθ’
663 998 934 1072 ἁμαρτίαν
983 998 1080 1068 βίῳ
1120 999 1366 1060 ἑαυτοὺς,
1415 995 1596 1068 νεκροί
1628 1011 1770 1056 τινες

171 1093 358 1156 ὅντως
390 1094 485 1146 καὶ
513 1092 738 1162 πάρετοι
789 1092 884 1144 τοῦ
926 1091 1044 1144 κατ’
1078 1091 1279 1161 ἀρετὴν
1324 1089 1440 1159 βίου
1468 1087 1768 1158 γενόμενοι,

173 1185 448 1254 οὐδεμίαν
491 1183 706 1254 ἔχουσιν
753 1176 829 1236 ὧν
859 1182 1102 1236 ποιοῦσιν
1143 1183 1245 1252 τὴν
1282 1183 1553 1251 αἴσθησιν.
1609 1181 1673 1234 Ei
1715 1181 1771 1233 δὲ

174 1275 497 1346 καθάψαιτό
539 1292 621 1338 τις
669 1273 848 1328 αὑτῶν
899 1274 928 1326 6
975 1273 1235 1345 ἰατρεύων
1277 1273 1472 1341 λόγος,
1529 1267 1640 1324 οἷον
1684 1271 1772 1324 διά

171 1383 353 1418 τινων
389 1363 609 1435 θερμῶν
636 1381 694 1417 τε
741 1363 833 1416 καὶ
859 1363 1208 1416 διακαιόντων
1264 1360 1572 1432 φαρμάκων
1607 1361 1771 1430 (λέγω

176 1457 237 1509 δὲ
274 1454 392 1508 τῶν
427 1453 765 1525 σκυθρωπῶν
793 1455 890 1524 τῆς
913 1454 1212 1524 μελλούσης
1233 1455 1464 1525 κρίσεως
1488 1454 1768 1523 ἀπειλῶν),

176 1547 280 1598 καὶ
313 1544 406 1598 διὰ
455 1544 652 1614 βάθους
697 1544 794 1615 τὴν
840 1544 1064 1616 καρδίαν
1107 1545 1184 1615 τῷ
1222 1544 1372 1616 φόϐῳ
1409 1544 1515 1597 τῶν
1545 1545 1774 1616 προσδο-

178 1637 455 1706 κωμένων
506 1634 833 1706 δριμύξειεν,
887 1636 1111 1706 γεέννης
1163 1635 1346 1704 φόϐον,
1402 1635 1496 1688 καὶ
1543 1635 1653 1705 πῦρ
1697 1635 1770 1707 μὴ

181 1725 386 1778 σϐεννύ
395 1743 574 1796 μενον,
597 1727 690 1779 καὶ
715 1727 1069 1798 ἀτελεύτητον
1101 1725 1378 1794 σκώληκα,
1408 1727 1499 1779 καὶ
1531 1726 1772 1797 βρυγμὸν

180 1817 440 1880 ὀδόντων,
475 1817 570 1870 καὶ
601 1815 876 1888 κλαυθμὸν
905 1817 1264 1882 ἀδιάλειπτον,
1297 1820 1387 1872 καὶ
1421 1820 1610 1882 σκότος
1635 1818 1768 1884 egra-

1869 626 2083 680 dolente
2104 625 2221 694 jam
2255 635 2407 696 parte
2436 629 2693 698 gaudent,
2727 631 2928 700 quippe
2952 631 3260 686 certissimo
3288 646 3448 702 argu-

1872 725 2054 772 mento
2077 724 2314 781 utentes,
2335 718 2401 771 ad
2421 719 2710 774 sanitatem
2731 721 3068 776 convertisse
3089 737 3148 776 se
3167 723 3449 791 morbum,

1869 818 1934 858 eo
1971 804 2114 872 quod
2158 806 2458 860 membrum
2511 809 2714 863 sentire
2753 809 2868 878 jam
2913 810 3139 880 cmperit
3197 825 3260 864 ea
3323 825 3446 880 qua:

1873 896 2076 950 faciant
2119 898 2394 954 dolorem:
2455 900 2524 953 ita
2577 903 2847 964 nonnulli,
2907 912 3190 972 postquam
3241 904 3448 956 amisso

1873 1005 2040 1045 sensu
2073 991 2302 1056 doloris,
2344 1004 2402 1048 ut
2440 994 2618 1064 inquit
2663 995 2979 1064 Apostolus,
3019 995 3346 1049 tradiderint
3387 1010 3448 1048 se
3482 1012 3487 1018 ·

1872 1083 1993 1138 vitae
2031 1086 2348 1154 peccatrici,
2395 1102 2542 1150 cum,
2591 1089 2736 1156 quod
2779 1087 2844 1141 ad
2887 1087 3053 1140 vitam
3086 1103 3211 1140 cum
3242 1087 3451 1139 virtute

1871 1175 2173 1246 degendam
2209 1179 2424 1242 attinet,
2455 1195 2644 1234 revera
2675 1180 2874 1234 mortui
2907 1179 3126 1250 quidam
3157 1175 3445 1232 tabefacti-

1871 1284 1978 1337 que
2012 1269 2144 1333 sint,
2176 1270 2386 1324 nullum
2418 1286 2607 1325 eorum
2654 1287 2774 1341 qua:
2818 1271 3028 1326 faciunt
3088 1284 3312 1324 sensum
3347 1270 3448 1320 ha-

1874 1360 2022 1416 bent.
2063 1361 2168 1416 Sed
2219 1365 2264 1420 si
2299 1365 2423 1434 quis
2479 1379 2664 1420 sermo
2697 1364 2961 1428 medicus,
3016 1361 3182 1416 veluti
3216 1360 3448 1429 quibus-

1872 1449 1996 1504 dam
2027 1452 2220 1506 calidis
2252 1453 2748 1523 pernrentibusque
2767 1451 3178 1507 medicamentis
3215 1449 3443 1516 (futuri,

1873 1542 2120 1612 inquam.
2145 1543 2336 1617 judicii
2371 1545 2660 1600 horrendis
2682 1545 2965 1599 etacerbis
2991 1542 3188 1612 minis)
3209 1557 3303 1596 eos
3335 1557 3450 1610 per-

1875 1632 2182 1700 strinxerit,
2226 1645 2280 1689 et
2310 1642 2520 1691 terrore
2565 1652 2754 1691 eorum
2798 1651 2922 1708 qua:
2955 1636 3008 1690 in
3038 1631 3450 1704 exspectatione

1878 1732 2005 1778 sunt
2037 1740 2132 1780 cor
2168 1727 2387 1796 penitus
2410 1727 2839 1794 exacerbavcrit,
2873 1735 3138 1782 terrorem
3161 1726 3446 1795 gehennae,

1876 1816 2054 1884 ignem
2083 1817 2176 1885 qui
2209 1832 2318 1870 non
2350 1819 2737 1887 exstinguitur,
2769 1834 3004 1873 vermem
3035 1834 3142 1872 non
3173 1817 3450 1870 emorien-

181 1927 369 1983 τερον,
405 1911 498 1963 καὶ
539 1909 752 1964 ἅπαντα
781 1909 848 1962 τὰ
877 1910 1120 1974 τοιαῦτα,
1155 1906 1264 1965 οἷόν
1297 1929 1417 1965 τινα
1449 1910 1628 1982 θερμά
1675 1911 1770 1962 καὶ

1887 1921 2006 1968 .em,
2041 1905 2332 1958 stridorem
2364 1904 2632 1966 dentium,
2681 1915 3115 1974 perpetuumque
3140 1902 3354 1966 ﬂetum,
3395 1909 3450 1954 et

181 2000 393 2072 δριμέα
424 2001 690 2073 φάρμακα
727 2002 804 2072 τῷ
836 2003 1191 2074 νεναρκηκότι
1231 2003 1316 2056 διὰ
1351 2002 1457 2056 τῶν
1499 2002 1620 2056 καθ’
1645 2001 1769 2071 ἡδο-

182 2093 283 2165 νὴν
314 2093 654 2164 παθημάτων
680 2095 940 2166 ὲντρίϐων
970 2095 1062 2148 καὶ
1095 2094 1439 2158 ἀναθάλπων,
1472 2095 1551 2157 είς
1581 2093 1770 2161 αἴσθη-

187 2203 275 2238 σιν
292 2185 459 2238 αὑτὸν
489 2186 686 2254 ἀγάγοι
715 2187 806 2240 τοῦ
839 2188 895 2238 ἐν
915 2179 958 2254 ᾧ
986 2181 1053 2258 ἦν
1082 2186 1218 2256 βίου,
1253 2186 1590 2258 μακαριστὸν
1610 2185 1771 2238 αὑτὸν

186 2277 601 2348 ἀπεργάσηται,
636 2276 732 2347 τὴν
775 2277 1037 2348 ὀδυνηρὰν
1085 2277 1336 2348 αἴσθησιν
1369 2281 1438 2350 τῇ
1473 2277 1616 2348 ψυχῇ
1670 2279 1772 2347 ἑμ-

185 2367 448 2438 ποιήσας.
495 2366 754 2438 Καθάπερ
794 2368 886 2421 καὶ
919 2370 946 2420 6
992 2368 1200 2431 Παῦλος
1232 2369 1323 2421 τὸν
1371 2372 1437 2441 τῇ
1482 2369 1638 2439 κοίτῃ
1679 2368 1772 2420 τοῦ

187 2459 404 2530 πατρὸς
436 2458 889 2530 ὲπιλυσσήσαντα,
924 2459 1114 2530 μέχρις
1143 2459 1351 2513 ἐκείνου
1407 2459 1656 2529 μαστίζει
1698 2457 1775 2528 τῷ

187 2551 360 2622 λόγῳ,
398 2551 503 2614 ἓως
528 2551 594 2603 ἂν
621 2552 960 2622 ἀναισθήτως
999 2547 1142 2621 εἶχεν
1177 2554 1274 2622 τῆς
1306 2551 1612 2622 ἁμαρτίας·
1657 2550 1776 2602 ἐπεὶ

189 2643 247 2696 δὲ
292 2642 554 2696 καθίκετο
600 2642 693 2696 τοῦ
727 2644 981 2716 ἀνδρὸςή
1019 2645 1116 2715 τῆς
1161 2644 1502 2714 ἐπιπλήξεως
1545 2645 1774 2716 ἰατρεία,

189 2735 266 2796 ὼς
298 2734 404 2806 ἤδη
447 2735 715 2806 μακάριον
746 2734 834 2787 διὰ
862 2735 954 2788 τοῦ
985 2735 1211 2799 πένθους
1257 2735 1565 2805 γενόμενον,
1601 2753 1778 2806 παρα-
1819 2785 1824 2793 ,

193 2828 386 2882 καλεῖν
419 2829 664 2899 ἄρχεται,
695 2829 781 2882 ἵνα
814 2829 888 2900 μὴ
918 2831 984 2899 τῇ
1014 2829 1377 2900 περισσοτέρᾳ
1406 2827 1571 2902 λύπῃ,
1621 2831 1774 2898 φησι,

191 2919 486 2990 καταποθῇ
529 2922 558 2972 6
598 2921 857 2984 τοιοῦτος.
892 2920 1072 2974 Ἔστω
1117 2919 1172 2973 δὲ
1218 2921 1311 2972 καὶ
1357 2919 1514 2973 τοῦτο
1554 2922 1685 2990 ἡμῖν
1718 2921 1778 2974 τὸ

197 3013 382 3084 νὴμα
425 3013 561 3082 πρὸς
599 3013 697 3082 τὴν
731 3013 1096 3085 προκειμένην
1133 3011 1228 3065 τοῦ
1259 3011 1608 3084 μακαρισμοῦ
1645 3012 1778 3065 θεω-

201 3102 323 3171 ρίαν
349 3105 429 3159 εἰς
479 3101 566 3154 τὸν
597 3105 714 3155 κατ’
749 3103 946 3174 ἀρετὴν
977 3101 1090 3172 βίον
1117 3103 1215 3156 οὑκ
1260 3103 1551 3173 ἄχρηστον,
1591 3101 1678 3155 διά
1721 3103 1780 3154 τὸ

201 3194 516 3256 πλεονάζειν
576 3213 687 3258 πως
736 3197 795 3247 ὲν
841 3198 908 3266 τῇ
970 3194 1129 3264 φύσει
1171 3193 1280 3247 τῶν
1335 3193 1636 3263 ἀνθρώπιον
1682 3193 1780 3264 τὴν

199 3287 514 3359 ἁμαρτίαν·
567 3287 767 3357 ταύτης
815 3283 871 3339 δὲ
927 3286 1214 3358 φάρμακον
1262 3287 1324 3338 τὸ
1372 3289 1437 3339 ὲκ
1495 3287 1782 3356 μετανοίας

202 3378 401 3441 πένθος
446 3377 842 3431 ἀποδέδεικται.
895 3377 1055 3430 Ἀλλά
1099 3394 1190 3447 μοι
1223 3376 1368 3430 δοκεῖ
1407 3376 1700 3448 βαθύτερόν
1730 3395 1782 3429 τι

199 3462 311 3516 τῶν
339 3462 648 3534 εἰρημένων
683 3464 1075 3534 ὑποσημαίνειν
1103 3466 1131 3516 6
1157 3464 1324 3532 Λόγος
1349 3466 1406 3516 ἐν
1438 3467 1502 3534 τῇ
1534 3479 1782 3534 παρατα-

203 3557 330 3627 τικῇ
364 3555 457 3607 τοῦ
483 3554 710 3618 πένθους
736 3555 1006 3626 ἐνεργείᾳ,
1043 3554 1170 3608 ἄλλο
1196 3572 1249 3607 τι
1275 3554 1424 3625 παρὰ
1455 3554 1613 3606 τοῦτο
1647 3554 1785 3606 νοεῖν

207 3645 608 3718 ὑφηγούμενος.
641 3648 700 3700 Εἰ
733 3647 838 3718 γὰρ
890 3649 1057 3718 μόνην
1087 3647 1182 3717 τὴν
1217 3646 1308 3699 ἐπὶ
1342 3645 1420 3716 τῷ
1465 3645 1787 3717 πλημμελή-

213 3753 342 3804 ματι
398 3735 756 3806 μεταμέλειαν
812 3735 1188 3798 ἐπεδείκνυεν,
1257 3734 1674 3804 ἀκολουθότερον
1721 3733 1786 3787 ἂν

206 3821 274 3896 ἦν
301 3827 429 3889 τοὺς
470 3827 846 3898 πενθήσαντας
893 3826 1312 3897 μακαρίζεσθαι,
1345 3826 1402 3878 ού
1449 3827 1575 3888 τοὺς
1613 3825 1788 3878 εἰσαεί

210 3915 538 3979 πενθοῦντας
559 3933 573 3946 ⁸
611 3918 686 3980 ὡς
732 3917 822 3969 ἐπὶ
855 3916 1248 3986 ὑποδείγματος
1278 3915 1560 3986 συγκρίσει
1587 3914 1686 3983 τῆς
1729 3917 1786 3967 ὲν

209 4008 273 4076 τῇ
304 4005 444 4078 νόσῳ
470 4007 746 4077 διαγωγῆς
779 4008 903 4070 τοὺς
929 4006 1360 4078 θεραπευθέντας
1388 4007 1784 4078 μακαρίζομεν,

210 4097 272 4150 οὑ
309 4100 436 4160 τοὺς
480 4101 651 4152 εἰσαεὶ
696 4099 1186 4170 θεραπευομένους.
1250 4099 1313 4151 Ἠ
1346 4100 1452 4171 γάρ
1485 4099 1792 4170 παράτασις

211 4187 312 4258 τῆς
349 4189 664 4260 θεραπείας,
703 4191 796 4244 καὶ
824 4191 884 4242 τὸ
917 4192 1018 4262 τῆς
1050 4191 1360 4264 ἀρρωστίας
1397 4191 1640 4262 διηνεκὲς
1669 4207 1794 4244 συν-

213 4279 566 4334 ενδείκνυται.
621 4283 730 4334 Καὶ
776 4282 951 4345 ἄλλως
983 4282 1040 4334 δέ
1092 4300 1182 4352 μοι
1238 4282 1384 4337 δοκεί
1423 4281 1604 4347 καλῶς
1651 4283 1794 4354 ἔχειν

218 4371 291 4444 μὴ
320 4372 398 4443 τῷ
431 4373 654 4443 τοιούτῳ
690 4373 834 4444 μόνῳ
864 4378 1092 4445 νοήματι
1116 4375 1380 4441 τίθεσθαι,
1401 4375 1476 4439 ὼς
1501 4375 1592 4428 τοῦ
1621 4377 1792 4442 Λόγου

215 4468 322 4528 τοῖς
355 4467 439 4534 ἐφ’
476 4467 771 4537 ἁμαρτίαις
802 4465 1085 4519 πενθοῦσιν
1109 4467 1200 4520 τὸν
1235 4468 1581 4538 μακαρισμὸν
1607 4467 1796 4538 νέμον-

1875 1995 2130 2048 tenebras
2164 1994 2486 2055 exteriores,
2521 2000 2572 2046 ct
2602 1995 2729 2046 talia
2759 1995 3036 2057 universa,
3073 1991 3239 2046 veluti
3270 1989 3450 2044 calida

1874 2085 2124 2154 qumdam
2155 2091 2210 2137 et
2237 2083 2383 2136 acria
2417 2083 2813 2137 medicamenta
2834 2083 3130 2150 voluptatis
3157 2078 3454 2134 affectibus

1875 2175 2110 2246 torpenti
2157 2173 2460 2240 inferendo,
2509 2177 2936 2242 rei‘oveudoque,
2972 2188 3036 2228 eo
3065 2184 3238 2240 usque
3291 2167 3450 2222 rede-

1874 2267 2014 2337 gerit
2057 2281 2180 2319 eum
2218 2272 2274 2318 ut
2309 2265 2510 2319 sentiat
2542 2265 2596 2317 in
2642 2279 2750 2334 qua
2775 2265 2886 2318 vita
2927 2270 3196 2325 versetur,
3232 2259 3454 2313 beatum

1875 2370 1999 2409 cum
2047 2354 2308 2417 elTecerit,
2359 2369 2522 2410 sensu
2565 2353 2772 2408 doloris
2823 2352 3009 2406 animo
3052 2351 3171 2420 ejus
3225 2348 3450 2416 injecto.

1877 2447 2345 2513 Quemadmodum
2395 2449 2559 2502 etiam
2601 2445 2805 2500 Paulus
2851 2460 2978 2500 eum
3029 2439 3150 2514 qui'
3181 2443 3237 2496 in
3271 2441 3455 2496 cubile

1879 2540 2050 2610 patris
2093 2540 2464 2594 debacchatus
2501 2548 2640 2602 erat,
2696 2539 2885 2592 taudiu
2919 2551 3172 2593 sermone
3205 2535 3456 2588 verberat

1877 2639 1930 2682 et
1959 2631 2191 2699 castigat
2221 2631 2460 2696 quandiu
2495 2638 2778 2700 peceatum
2821 2644 2930 2682 non
2959 2627 3262 2682 sentiebat:
3302 2631 3456 2696 post—

1878 2737 2108 2791 eaquam
2144 2733 2324 2776 autem
2355 2723 2758 2793 obiurgationis
2790 2721 3064 2776 medicina
3101 2727 3283 2773 motus
3309 2724 3454 2779 erat,

1879 2815 2036 2884 quasi
2067 2813 2179 2884 jam
2209 2829 2305 2883 per
2331 2814 2535 2867 luctum
2576 2813 2792 2868 beatum
2826 2810 3030 2866 factum
3059 2812 3336 2868 consolari
3375 2811 3458 2864 in-

1880 2907 2036 2976 cipit,
2071 2921 2138 2960 ne
2169 2908 2338 2959 nimio
2371 2905 2580 2969 dolore,
2617 2905 2795 2975 inquit
2820 2906 2886 2968 ¹¹,
2921 2904 3046 2960 talis
3073 2904 3458 2960 absorbeatur.

1882 2997 1999 3052 Erit
2034 3005 2212 3051 autem
2240 2997 2402 3051 etiam
2438 2997 2525 3050 hic
2567 2996 2724 3051 nobis
2769 2995 3080 3051 intellectus
3109 2995 3176 3049 ad
3206 2993 3460 3064 proposi-

1883 3097 1993 3140 tam
2030 3087 2387 3142 beatitudinis
2440 3089 2895 3156 speculationem,
2949 3095 3002 3142 et
3037 3087 3104 3140 ad
3135 3086 3301 3138 vitam
3334 3099 3462 3138 cum

1887 3182 2085 3235 virtute
2128 3180 2536 3247 transigendam
2569 3197 2680 3235 nou
2715 3181 2943 3240 inutilis.
2995 3187 3280 3248 propterea
3314 3177 3464 3244 quod

1810 3247 1854 3306 (ἶ
1888 3271 2152 3325 redundet
2185 3271 2592 3340 quodammodo
2631 3273 2684 3326 in
2723 3273 3002 3326 hominum
3034 3278 3231 3324 natura
3268 3283 3497 3338 pecca--

1888 3371 2039 3416 tum:
2095 3362 2300 3430 peccati
2353 3375 2482 3416 vero
2509 3363 2806 3417 remedium
2837 3376 2962 3417 esse
2995 3361 3200 3414 luctum
3233 3375 3300 3412 ex
3349 3372 3465 3426 p03-

1886 3453 2113 3506 nitentia
2156 3451 2593 3506 demonstratum
2629 3462 2734 3508 cst.
2765 3451 2870 3506 Sed
2895 3453 3112 3507 videtur
3147 3452 3278 3505 mihi
3327 3449 3464 3505 Ver-

1886 3543 2014 3598 bum
2048 3541 2375 3611 profundius
2393 3543 2654 3612 quiddam
2679 3559 2842 3612 quam
2863 3559 2928 3598 ea
2959 3559 3083 3612 qua:
3129 3545 3289 3596 modo
3316 3541 3466 3596 dicta

1889 3642 2016 3689 sunt
2071 3633 2399 3702 signiﬁcare.
2433 3649 2530 3702 per
2556 3635 2858 3688 durabilem
2890 3634 3069 3688 luctus
3101 3648 3278 3694 usum,
3315 3633 3462 3686 aliud

1887 3737 2086 3797 praeter
2114 3728 2216 3781 hoc
2243 3728 2660 3797 intelligendqu
2693 3742 2817 3782 esse
2846 3727 3069 3782 docens.
3112 3726 3246 3780 Nam
3280 3726 3326 3782 si
3369 3741 3466 3781 so-

1891 3821 1994 3874 lam
2028 3831 2247 3889 propter
2277 3819 2477 3874 delicta
2505 3819 2938 3888 resipisceutiam
2971 3819 3257 3882 indicaret,
3293 3819 3474 3887 magis

1891 3922 2322 3966 consentaneum
2379 3913 2666 3983 magisque
2713 3913 3045 3978 conveniens
3092 3921 3210 3964 erat
3264 3923 3323 3963 ut
3369 3925 3470 3964 eos

1893 4005 1984 4074 qui
2023 4004 2290 4059 luxissent
2339 4003 2527 4059 beatos
2563 4004 2854 4072 judicaret,
2897 4018 3007 4056 non
3035 4017 3130 4056 eos
3179 4001 3272 4071 qui
3315 4001 3471 4068 luge-

1893 4103 2033 4160 rent,
2061 4095 2545 4166 quemadmodum,
2566 4095 2800 4164 exempli
2827 4093 3024 4165 gratia,
3057 4093 3477 4162 comparatione

1895 4191 2014 4260 ejus
2065 4190 2207 4253 vitae,
2267 4204 2390 4258 quae
2442 4203 2564 4242 cum
2616 4187 2810 4258 morbo
2853 4187 3192 4257 transigitur,
3248 4199 3344 4240 eos
3376 4186 3473 4254 qui

1895 4281 2072 4337 curati
2121 4287 2268 4340 sunt,
2327 4296 2434 4333 non
2491 4279 2584 4348 qui
2625 4286 2888 4349 perpetuo
2949 4285 3234 4341 curantur,
3283 4278 3482 4332 beatos

1891 4372 2227 4442 judicamus.
2261 4370 2571 4424 Curationis
2597 4371 2740 4424 enim
2776 4371 3106 4438 prorogatio,
3138 4368 3481 4422 inﬁrmitatis

1898 4478 2117 4531 quoque
2164 4461 2580 4530 perpetuitatem
2619 4468 2674 4514 et
2710 4459 3132 4535 continuitatem
3179 4459 3341 4511 simul
3383 4459 3475 4510 in-

224 4572 322 4618 τος.
363 4556 592 4620 Πολλοὺς
628 4555 734 4629 γὰρ
774 4557 1076 4628 εὑρήσομεν
1111 4557 1522 4628 ἀκατηγόρητον
1567 4557 1783 4626 ἐσχηκό-

1898 4557 2066 4610 dicat.
2105 4555 2280 4622 Atque
2331 4553 2494 4605 etiam
2540 4552 2645 4604 alia
2696 4551 2904 4603 ratione
2945 4549 3075 4602 mihi
3105 4557 3316 4602 rectum
3353 4563 3482 4602 esse

217 4663 313 4710 τας
344 4647 432 4700 τὸν
471 4647 604 4718 βίον,
639 4649 731 4701 καὶ
759 4648 848 4701 ὑπ’
878 4649 1046 4720 αὐτῆς
1068 4649 1166 4719 τῆς
1195 4648 1345 4712 θείας
1371 4648 1553 4718 φωνῆς
1581 4664 1796 4718 μεμαρ-

221 4741 520 4809 τυρημένον
565 4741 658 4794 ἐπὶ
695 4741 853 4794 παντὶ
890 4741 969 4810 τῷ
1007 4741 1254 4811 βελτίονι.
1287 4742 1424 4794 Ποία
1461 4741 1570 4813 γάρ
1609 4741 1799 4795 πλεον-

221 4830 335 4894 εξία
363 4829 458 4882 τοῦ
526 4832 790 4896 Ιωάννου;
831 4834 959 4886 ποία
986 4832 1397 4903 εἰδωλολατρεία
1433 4830 1527 4884 τοῦ
1578 4832 1796 4900 Ἦλίου;

223 4919 286 4972 Τί
320 4922 513 4992 μικρὸν
547 4923 580 4993 ἢ
639 4924 822 4994 μεῖζον
851 4925 992 4978 κατά
1037 4924 1128 4976 τὸν
1173 4924 1286 4994 βίον
1332 4925 1551 4979 ἐκείνων
1592 4923 1794 4996 οἷδενὴ

227 5008 432 5084 ἱστορία
475 5013 888 5085 πλημμέλημα;
923 5015 986 5067 Τί
1017 5011 1144 5080 οῦν;
1181 5011 1328 5087 Ἀρα
1355 5015 1458 5080 ἔξω
1484 5016 1583 5086 τῆς
1625 5032 1800 5088 μακα-

229 5100 471 5172 ριότητος
501 5105 642 5159 εἶναι
678 5109 705 5159 ὁ
730 5107 884 5176 λόγος
907 5108 1103 5171 αὐτοὺς
1131 5110 1483 5180 ὑποθήσεται,
1511 5112 1636 5174 τοὺς
1663 5111 1801 5181 μήτε

226 5189 322 5262 τὴν
353 5196 526 5267 ἀρχὴν
551 5198 932 5266 νενοσηκότας,
971 5201 1112 5271 μήτε
1139 5199 1233 5252 τοῦ
1261 5205 1552 5273 φαρμάκου
1585 5200 1798 5263 τούτου,

230 5279 370 5353 λέγω
397 5287 451 5340 δὲ
485 5287 577 5340 τοῦ
610 5290 673 5340 ἐκ
705 5291 992 5358 μετανοίας
1023 5291 1374 5358 πένθους,εἰς
1400 5293 1584 5364 χρείαν
1619 5291 1801 5346 ἐλθόν-

231 5391 360 5446 τας;
403 5381 471 5432 Ἢ
505 5379 706 5435 ἄτοπον
733 5382 820 5454 εἴη
849 5386 974 5446 τοὺς
1002 5384 1276 5448 τοιούτους
1305 5385 1406 5454 τῆς
1437 5385 1586 5448 θείας
1624 5402 1802 5454 μακα-

237 5469 476 5544 ριότητος
527 5473 864 5549 ἀποόλήτους
912 5476 1154 5540 οἴεσθαι,
1215 5475 1298 5529 ὅτι
1349 5479 1485 5546 μήτε
1533 5475 1801 5545 ἥμαρτον,

237 5561 370 5632 μήτε
415 5564 598 5619 πένθει
635 5567 734 5638 τὴν
775 5569 1050 5636 ἁμαρτίαν
1087 5569 1340 5625 ίάσαντοξ
1375 5569 1446 5620 Ἢ
1479 5566 1620 5620 οὕτω
1657 5565 1707 5634 γ’
1740 5565 1806 5618 ἂν

235 5653 316 5725 εἴη
348 5655 410 5708 τὸ
441 5657 774 5729 ἁμαρτάνειν
807 5659 898 5714 τοῦ
933 5661 1325 5732 ἀναμαρτήτως
1357 5657 1456 5730 ζῇν
1487 5645 1814 5729 προτιμότεξ

307 5834 350 5865 ⁸
393 5835 436 5890 ll
475 5837 605 5893 Cor.
640 5854 714 5900 ιι,
751 5837 804 5888 7.

1901 4647 2136 4708 videtur,
2168 4655 2360 4698 utnon
2405 4642 2702 4698 secundum
2744 4641 2889 4694 hunc
2915 4641 3090 4695 solum
3137 4639 3478 4694 intellectum

1903 4753 2194 4807 ponamus,
2230 4735 2376 4804 quod
2407 4733 2641 4789 Verbum
2681 4739 2904 4800 propter
2957 4739 3236 4798 peccatum
3291 4731 3480 4800 lugen-

1905 4827 2052 4880 tibus
2097 4825 2488 4880 beatitudinem
2521 4821 2750 4875 tribuat.
2787 4819 2988 4874 Multos
3033 4820 3178 4875 enim
3231 4821 3486 4874 invenie-

1908 4938 2052 4982 mus,
2093 4933 2326 4988 quorum
2359 4919 2468 4970 vita
2499 4916 2798 4984 inculpata,
2839 4915 3118 4984 nullisque
3156 4913 3481 4968 criminibus

1909 5012 2168 5074 obnoxia,
2196 5019 2360 5078 atque
2383 5010 2556 5078 ipsius
2581 5007 2718 5062 adeo
2743 5007 2941 5061 divinae
2967 5006 3113 5058 iocis
3163 5004 3484 5056 testimonio

1909 5104 2178 5173 cujusque
2226 5100 2447 5154 virtutis
2490 5099 2710 5152 nomine
2754 5096 3131 5150 commendata
3173 5093 3292 5147 fuit.
3345 5093 3484 5145 Nam

1908 5211 2030 5267 quze
2073 5195 2298 5248 avaritia
2345 5191 2621 5246 Joannis?
2673 5190 2796 5260 quis
2844 5187 3260 5242 simulacrorum
3301 5184 3488 5236 cultus

1913 5284 2084 5338 Elim?
2132 5282 2274 5352 quod
2329 5296 2552 5350 parvum
2594 5289 2686 5333 aut
2719 5292 2972 5348 maguum
3031 5275 3084 5328 in
3118 5273 3226 5327 vita
3267 5274 3484 5326 illorum

1913 5375 2138 5432 historia
2167 5374 2314 5427 novit
2347 5371 2646 5428 delictum?
2675 5369 2814 5436 Quid
2837 5366 3011 5438 ergo?
3042 5374 3222 5420 utrum
3252 5363 3488 5420 beatitu—

1913 5472 2060 5526 dinis
2082 5477 2336 5539 expertes
2364 5482 2458 5521 eos
2483 5480 2605 5520 esse
2629 5477 2810 5518 sermo
2831 5467 3014 5531 ponet,
3045 5459 3138 5528 qui
3171 5472 3274 5512 nec
3295 5456 3364 5510 ab
3382 5454 3490 5508 ini-

1916 5562 1989 5616 tio
2021 5575 2247 5630 prorsus
2277 5566 2478 5628 aegrota
2491 5562 2701 5620 verunt,
2733 5567 2835 5607 nec
2871 5551 3110 5605 remedio
3157 5548 3280 5612 hoc,
3317 5547 3489 5607 luctu,

1918 5631 2258 5722 inquam,“
2291 5645 2636 5718 poenitentia,
2668 5658 2806 5714 opus
2832 5638 3176 5696 habuerunt?
3207 5652 3274 5692 an
3295 5635 3508 5700 absur-_
