4018 6372
275 399 427 454 19.ἓῦ
1344 395 1433 451 DE
1464 394 1873 451 BEATITUDIN

1980 393 2061 452 JS.
2103 394 2365 452 ORATIO
2405 396 2492 451 lll.
3415 402 3554 458 129.6

271 520 381 590 τὴν
413 521 689 590 πτωχείαν
733 521 836 591 τῆς
864 519 1213 592 ἀνθρωπίνης
1259 518 1473 588 φύσεως
1508 519 1873 588 κατανοήσας,

1981 526 2183 588 putans
2207 534 2223 585 ;
2247 525 2412 588 atque
2440 532 2505 572 ex
2537 516 2640 571 hac
2681 531 2742 572 re
2775 514 3006 582 accidet,
3045 525 3103 570 ut
3143 516 3377 572 alterum
3426 519 3553 589 qui-

272 613 338 666 ὲν
376 614 636 683 συμφορᾷ
676 612 775 683 τὴν
803 611 983 683 ψυχὴν
1021 612 1238 673 πάντως
1260 609 1390 674 ἕξει,
1417 609 1494 679 τῷ
1525 609 1599 680 μὴ
1646 605 1788 663 εἶναι
1815 611 1873 662 ὲν

1980 610 2100 666 dem
2134 610 2271 666 lucis
2295 625 2432 665 usus
2458 608 2792 665 desiderium
2833 608 2971 664 nihil
2999 623 3107 663 non
3150 609 3329 664 moliri
3378 616 3434 664 et
3457 624 3553 665 ex-

270 703 359 774 τῷ
389 703 581 774 ἀγαθῷ
615 704 810 774 ἐκείνῳ
857 703 951 758 τὸν
994 703 1239 772 παρόντα
1283 701 1417 770 βίον,
1468 700 1661 763 πένθος
1701 700 1873 754 ποιού-

1980 701 2218 770 cogitare
2251 708 2431 770 cogat,
2453 713 2563 769 quo
2600 713 2795 755 rursus
2827 697 3012 753 videre
3042 696 3327 768 contingat
3346 696 3402 751 id
3431 712 3544 767 quo

277 804 485 864 μενος.“
499 792 709 848 Οὐκοῦν
745 795 808 847 οὐ
848 792 945 864 τὴν
977 792 1155 863 λύπην
1192 808 1282 862 μοι
1316 791 1464 845 δοκεῖ
1494 790 1820 862 μακαρίζειν
1847 791 1873 843 ὁ

1980 808 2070 863 per
2096 793 2203 847 vim
2240 792 2488 863 privatus
2517 799 2637 858 est;
2666 791 2804 847 alter
2828 805 2957 845 vero
2988 798 3278 860 propterea
3304 788 3453 859 quod
3480 788 3557 849 id,

274 885 477 953 Λόγος,
511 884 649 939 ἀλλά
673 884 774 956 τὴν
804 884 1010 954 εἴδησιν
1047 881 1141 936 τοῦ
1171 881 1399 951 ἀγαθοῦ,
1486 882 1548 935 rb
1573 881 1672 952 τῆς
1700 880 1873 951 λύπης

1980 883 2116 955 quod
2147 884 2345 940 melius
2370 891 2476 948 est,
2505 884 2739 956 ignorat,
2778 883 2832 938 id
2867 882 3013 953 quod
3036 882 3139 941 sibi
3175 881 3320 937 adsit
3343 882 3551 936 bonum

276 974 454 1038 πάθος
484 973 886 1044 ὲπισυμὸαίνει,
914 972 1004 1027 διὰ
1045 973 1107 1026 rb
1150 972 1226 1044 μὴ
1256 973 1512 1043 παρεῖναι
1539 970 1619 1042 τῷ
1665 972 1767 1044 βίῳ
1810 972 1872 1026 τὸ

1980 973 2395 1044 essejudicans,
2446 976 2504 1030 in
2537 976 2771 1046 caligine
2808 975 2975 1030 vitam
3016 974 3329 1045 transigens
3363 988 3561 1028 conse-
3644 968 3647 972 ’

277 1065 640 1137 ζητούμενον.
1978 1065 2208 1134 nescet.)
2241 1065 2434 1122 ltidem
2469 1082 2529 1123 se
2558 1081 2647 1121 res
2678 1067 2844 1122 habet
2868 1066 2939 1124 .in
2965 1066 3247 1137 proposita
3274 1062 3551 1120 sententia

279 1168 451 1230 atque
489 1162 804 1225 intellectu;
840 1161 933 1231 qui
962 1159 1018 1215 id
1057 1159 1205 1230 quod
1224 1174 1354 1215 vere
1392 1160 1595 1214 bonum
1631 1167 1735 1227 est,
1783 1158 1969 1215 videre
2007 1160 2204 1230 potuit,
2266 1160 2461 1216 deinde
2500 1168 2794 1231 egestatem
2835 1162 3090 1216 humanae
3133 1168 3343 1215 natura:
3381 1159 3560 1214 anim-

280 1253 518 1308 advertit
555 1243 721 1325 atque
758 1254 1148 1322 consideravit,
1186 1254 1346 1324 quasi
1393 1254 1706 1310 calamitate
1750 1264 1976 1326 accepta
2013 1257 2069 1311 in
2124 1257 2307 1312 animo
2370 1273 2431 1314 se
2505 1257 2663 1327 plane
2737 1256 3015 1313 alllictaltit
3083 1262 3137 1310 et
3198 1254 3554 1318 excruciabit,

279 1365 349 1404 eo
388 1351 536 1420 quod
563 1352 617 1406 in
646 1351 742 1405 illo
766 1352 911 1405 bono
945 1364 1058 1405 non
1092 1360 1361 1418 versetur,
1415 1348 1737 1420 praesentem
1766 1352 1895 1406 vita:
1929 1358 2158 1418 statum,
2216 1353 2426 1407 luctum
2468 1367 2593 1409 esse
2621 1353 2850 1408 ducens.
2923 1350 3065 1422 Ergo
3110 1364 3219 1406 non
3274 1348 3556 1405 tristitiam

283 1439 506 1494 beatam
574 1441 779 1497 ducere
830 1441 1071 1496 Verbum
1138 1441 1277 1495 mihi
1322 1441 1562 1509 videtur,
1623 1442 1720 1497 sed
1766 1444 2133 1515 cognitionem
2177 1452 2231 1500 et
2276 1444 2565 1501 scientiam
2622 1444 2776 1509 boni,
2835 1442 2924 1498 cui
2990 1441 3159 1497 animi
3212 1440 3420 1496 doloris
3471 1438 3558 1493 af-

282 1530 465 1588 fectus
491 1532 697 1609 accedit
727 1549 743 1598 ;
771 1542 1060 1604 propterea
1091 1533 1238 1603 quod
1277 1533 1355 1598 id,
1380 1533 1529 1602 quod
1576 1535 1863 1603 quaeritur,
1902 1536 2030 1591 vitae
2066 1552 2176 1591 non
2207 1537 2371 1594 adsit.

366 1628 682 1684 ’Δκόλουθον
735 1628 912 1683 τοίνυν
966 1628 1216 1692 ἐξετάσαι
1272 1628 1326 1681 τί
1371 1645 1502 1682 ποτε
1561 1629 1666 1701 ἄρα
1726 1631 1874 1684 ἐστὶν

2049 1632 2171 1688 Jam
2200 1648 2331 1689 vero
2357 1648 2701 1704 consequens
2718 1640 2769 1688 et
2797 1633 3106 1703 proximum
3130 1632 3296 1688 fuerit
3335 1630 3560 1687 investi-

280 1719 459 1775 ἐκεῖνο
487 1720 546 1773 τὸ
571 1719 703 1789 φῶςο
723 1759 740 1786 ,
767 1711 812 1786 ᾧ
846 1718 908 1772 rb
950 1718 1186 1787 ζοφῶδες
1222 1717 1381 1772 τοῦτο
1400 1717 1505 1788 τῆς
1536 1720 1873 1791 ἀνθρωπίνης

1980 1738 2128 1793 gare,
2155 1740 2276 1794 quae
2307 1724 2527 1781 tandem
2562 1725 2655 1779 illa
2704 1725 2776 1780 sit
2806 1723 2996 1794 utique
3025 1723 3143 1787 lux,
3179 1738 3285 1794 qua
3324 1723 3561 1778 obscura

282 1810 501 1882 φύσεως
560 1812 820 1883 σπήλαιον
863 1813 921 1865 ὲν
973 1808 1049 1881 τῷ
1093 1809 1325 1879 παρόντι
1366 1810 1467 1881 βίῳ
1503 1811 1563 1864 οὑ
1597 1813 1872 1881 καταυγά-

282 1904 457 1968 (erat.
476 1900 555 1957 Ἦ
578 1903 740 1973 τάχα,
767 1902 828 1955 οὑ
868 1901 1006 1972 πρὸς
1051 1900 1113 1954 rb
1156 1900 1419 1971 ἀνήνυτόν
1446 1918 1507 1954 τε
1544 1901 1638 1956 καὶ
1665 1902 1873 1956 ἀκατά-

281 1997 485 2068 ληπτον
509 1997 543 2067 ή
569 1995 834 2064 ἐπιθυμία
862 1994 1046 2065 βλέπει
1068 2009 1082 2058 ;
1114 1994 1211 2056 Τίς
1236 1993 1344 2063 γάρ
1370 1995 1429 2046 ἐν
1458 1994 1589 2065 ἡμῖν
1622 1994 1880 2066 λογισμὸς

280 2086 541 2150 τοιοῦτος,
590 2085 667 2149 ὡς
715 2083 1027 2155 ἀνιχνεῦσαι
1060 2083 1153 2138 τοῦ
1185 2083 1515 2154 ζητουμένου
1546 2083 1645 2156 τὴν
1676 2084 1875 2155 φύσιν;

282 2178 378 2242 Τίς
413 2177 472 2244 ἐξ
509 2176 786 2247 ὀνομάτων
825 2193 885 2229 τε
930 2177 1023 2230 καὶ
1070 2176 1330 2249 ῥημάτων
1365 2178 1609 2247 σημασία
1634 2178 1875 2251 τοιαύτη,

281 2271 359 2333 ὡς
405 2268 563 2332 ἀξίαν
604 2271 734 2339 ἡμῖν
772 2268 979 2323 ἔννοιαν
1012 2269 1108 2322 τοῦ
1143 2269 1537 2340 ὑπερκειμένου
1568 2268 1747 2339 φωτὸς
1777 2271 1878 2341 ἐμ-

284 2361 538 2431 ποιῆσαι;
572 2361 697 2425 Πῶς
723 2360 977 2431 ὀνομάσω
1003 2361 1065 2414 rb
1093 2361 1358 2429 ἀθέατον;
1390 2362 1515 2425 Πῶς
1544 2362 1881 2435 παραστήσω

280 2451 344 2505 rb
387 2452 582 2520 eam;
629 2452 756 2516 Πῶς
807 2451 964 2517 δείξω
1010 2453 1073 2505 rb
1126 2452 1335 2518 ἀειδές;
1378 2452 1496 2518 πῶς
1542 2453 1781 2508 διαλάόω
1821 2454 1880 2508 τὸ

281 2544 571 2616 ἀμέγεθες,
604 2545 665 2597 rb
702 2544 925 2609 ἄποσον,
971 2544 1033 2597 rb
1082 2546 1293 2609 ἄποιον,
1336 2544 1395 2597 rb
1431 2546 1832 2616 ἀσχημάτιστον
1862 2563 1877 2613 ;

279 2636 343 2691 rb
384 2638 519 2708 μήτε
554 2637 723 2708 τόπῳ,
764 2638 903 2708 μήτε
934 2637 1111 2708 χρόνῳ
1139 2637 1557 2708 εὑρισκόμενον;
1589 2637 1649 2691 rb
1689 2637 1881 2704 ἐξώτε-

283 2745 377 2800 ρον
423 2725 622 2792 παντδς
672 2728 979 2801 περασμοῦ,
1011 2728 1107 2781 καὶ
1151 2728 1332 2799 πάσης
1368 2730 1648 2799 όριστικῆς
1678 2744 1879 2796 φανταο

283 2818 444 2884 σίας;
484 2813 545 2873 οὗ
572 2818 729 2888 ἔργον
761 2817 895 2890 ζωὴ,
927 2820 1021 2873 καὶ
1046 2819 1079 2890 ἡ
1109 2818 1325 2872 πάντων
1355 2818 1462 2873 τῶν
1491 2819 1633 2873 κατὰ
1658 2818 1720 2872 rb
1743 2820 1879 2889 ἀγα-

282 2909 375 2964 θὸν
403 2910 705 2980 νοουμένων
728 2911 1059 2975 ὑπόστασιςς
1098 2910 1224 2981 περὶ
1252 2909 1281 2962 ὃ
1322 2910 1430 2963 πᾶν
1464 2909 1667 2981 ὑψηλὸν
1702 2911 1880 2982 νόημά

277 3014 339 3051 τε
381 2999 475 3052 καὶ
514 2999 684 3070 ὄνομα
720 2999 1041 3071 θεωρεῖται;
1084 2999 1294 3071 θεότης,
1330 3000 1592 3071 βασιλεία,
1627 3000 1875 3073 δύναμις,

278 3090 556 3161 ἀϊδιότης,
603 3090 914 3164 ἀφθαρσία,
964 3091 1112 3162 χαρά
1152 3109 1213 3145 τε
1266 3094 1359 3147 καί¹
1396 3092 1737 3164 ἀγαλλίαμα,
1787 3095 1880 3148 καὶ

281 3180 397 3233 πᾶν
418 3178 500 3233 ὅτι
526 3179 633 3252 πέρ
654 3183 801 3234 ἔστιν
823 3182 880 3234 ὲν
906 3179 1029 3249 ὕψει
1051 3181 1338 3252 νοούμενόν
1360 3199 1420 3234 τε
1440 3184 1534 3237 καὶ
1552 3183 1842 3254 λεγόμενον
1860 3201 1875 3250 ;

1981 1814 2096 1869 haec
2135 1815 2389 1874 humanae
2423 1828 2631 1870 natura:
2664 1817 3007 1886 speluncam
3030 1817 3288 1887 praesenti
3310 1816 3421 1870 vita
3448 1830 3558 1871 non

1981 1906 2339 1963 illuminatur.
2368 1907 2624 1978 Nunquid
2646 1909 2713 1963 ad
2741 1907 2794 1963 id
2831 1907 3084 1974 forsitan,
3127 1908 3275 1978 quod
3318 1922 3420 1963 nec
3458 1923 3558 1962 ex-

1980 1998 2179 2066 pediri,
2212 2013 2314 2054 nec
2351 1999 2639 2069 explicari,
2667 2014 2768 2054 nec
2809 1999 3197 2069 comprehendi
3227 2005 3428 2069 potest,
3460 2013 3561 2054 cu-

1979 2086 2182 2156 piditas
2211 2088 2468 2158 spectat?
2496 2093 2629 2156 Quae
2651 2089 2796 2145 enim
2819 2090 2875 2144 in
2904 2089 3064 2145 nobis
3089 2089 3345 2160 cogitatio
3367 2089 3558 2158 conje-

1980 2183 2201 2234 cturave
2226 2178 2354 2235 talis
2384 2188 2489 2243 est,
2519 2189 2582 2234 ut
2609 2180 2899 2251 investiget
2925 2182 3044 2250 ejus
3069 2179 3216 2251 quod
3258 2180 3550 2250 quaeritur,

1980 2269 2271 2322 naturam?
2296 2285 2418 2340 qua:
2447 2286 2513 2325 ex
2560 2271 2882 2327 nominibus
2918 2272 3123 2342 pariter
3157 2285 3223 2326 ac
3253 2272 3442 2327 verbis
3473 2272 3556 2327 si-

1980 2358 2261 2428 gnificatio
2304 2372 2565 2418 constans
2592 2363 2716 2420 talis
2751 2372 2855 2430 est,
2930 2371 2991 2418 ut
3041 2363 3264 2435 dignam
3305 2365 3361 2418 i-n
3398 2363 3557 2419 nobis

1982 2463 2232 2519 supernae
2267 2452 2406 2509 lucis
2434 2454 2709 2509 notitiam
2738 2454 3018 2526 ingeneret
3041 2456 3065 2510 ?
3086 2456 3356 2526 quomodo
3379 2456 3558 2511 nomi-

1979 2543 2126 2597 nabo
2159 2542 2213 2597 id
2241 2544 2386 2614 quod
2414 2547 2650 2616 spectari
2678 2562 2789 2601 non
2813 2549 3028 2618 potest?
3060 2550 3336 2621 quomodo
3357 2565 3555 2620 sugge-

1982 2647 2097 2687 ram
2128 2640 2291 2703 atque
2323 2637 2627 2706 exprimam
2666 2637 2720 2692 id
2758 2639 2902 2708 quod
2933 2640 3181 2695 materiei
3213 2655 3411 2710 expers
3438 2640 3560 2697 est?

1981 2725 2256 2795 quomodo
2269 2727 2555 2782 ostendam
2575 2727 2649 2795 id,
2667 2729 2812 2799 quod
2835 2730 3009 2787 visum
3031 2729 3222 2802 eliugit
3242 2732 3264 2785 ?
3281 2733 3556 2803 quomodo

1981 2819 2436 2887 comprehendam
2462 2818 2538 2884 id,
2571 2819 2715 2889 quod
2743 2829 2967 2891 superat
3007 2836 3227 2877 omnem
3275 2823 3557 2894 magnitu-

1980 2908 2208 2964 dinem?
2232 2909 2378 2979 quod
2409 2911 2514 2966 sub
2546 2912 2927 2982 quantitatem,
2955 2913 3060 2968 sub
3080 2913 3399 2983 qualitatem
3444 2929 3555 2970 non

1979 2999 2167 3055 cadit?
2206 3000 2348 3070 quod
2387 2999 2586 3073 ellingi,
2637 3004 2780 3074 quod
2831 3004 3135 3060 assimilari
3180 3021 3294 3061 non
3337 3007 3560 3077 potest?

1980 3091 2127 3161 quod
2153 3108 2329 3161 neque
2364 3093 2517 3159 loco,
2572 3110 2749 3164 neque
2799 3104 3045 3167 tempore
3083 3088 3558 3168 deprehenditur?

1981 3184 2124 3251 quod
2150 3183 2356 3240 excidit
2375 3200 2591 3241 omnem
2623 3186 3028 3254 limitationem,
3078 3195 3132 3243 et
3157 3203 3376 3245 omnem
3413 3188 3553 3244 defl-

278 3268 408 3331 Πῶς
429 3269 609 3323 τοίνυν
640 3268 757 3323 ἔστι
786 3270 879 3323 καὶ
915 3269 1005 3324 διὰ
1038 3271 1209 3325 ποίων
1231 3270 1507 3343 λογισμῶν
1533 3272 1594 3326 rb
1634 3274 1873 3328 τοιοῦτον

1980 3274 2202 3329 nitivam
2287 3276 2779 3346 imaginationem?
2835 3278 2996 3348 cujus
3073 3294 3215 3349 opus
3290 3288 3376 3338 est
3420 3282 3552 3349 vita,

278 3360 436 3432 ἡμῶν
472 3361 673 3431 ἀγαθὸν
714 3362 809 3414 ὑπ’
834 3361 955 3432 ὄψιν
1003 3361 1197 3426 ἐλθεῖν,
1247 3362 1307 3415 rb
1358 3362 1628 3434 θεώμενον
1660 3366 1756 3419 καὶ
1798 3365 1873 3436 μὴ

1980 3367 2333 3436 omniumque
2356 3382 2479 3437 quae
2506 3385 2606 3438 per
2627 3370 2833 3425 bonum
2866 3373 3274 3443 intelliguntur,
3296 3375 3554 3431 substan-

279 3447 611 3520 βλεπόμενον
637 3467 652 3517 ;
684 3451 758 3504 Τὸ
778 3452 910 3505 πᾶσι
934 3453 1048 3514 τοῖς
1070 3447 1189 3504 οὖσι
1215 3451 1278 3505 rb
1303 3446 1445 3506 εἶναι
1468 3455 1872 3525 παρεχόμενον;

1980 3455 2094 3509 tia?
2122 3457 2266 3510 circa
2294 3458 2440 3526 quod
2480 3460 2661 3515 omnis
2687 3461 2975 3530 cogitatio,
3015 3465 3196 3519 omnis
3228 3467 3395 3521 animi
3424 3482 3558 3523 con-

277 3536 411 3591 αὐτὸ
450 3538 507 3592 δὲ
548 3539 635 3593 ἀεὶ⁵
671 3538 754 3603 ὃν,
796 3540 890 3593 καὶ
936 3539 1030 3593 τοῦ
1053 3539 1303 3608 γενέσθαι
1332 3541 1394 3594 οὐ
1438 3542 1869 3614 προσδεόμενον;

1980 3553 2165 3617 ceptus
2192 3554 2245 3602 et
2284 3548 2597 3606 intellectus
2645 3552 2901 3608 sublimis
2940 3558 3237 3611 versatur?
3265 3574 3427 3615 omne
3453 3575 3556 3615 no-

277 3647 403 3686 men
468 3632 637 3685 altum
680 3630 1116 3686 consideratur?
1142 3632 1351 3700 Deitas,
1417 3649 1670 3704 regnum,
1721 3636 1990 3706 potentia,
2013 3638 2314 3704 aeternitas,
2349 3639 2863 3711 incorruptibilitas,
2900 3646 3271 3719 gaudiumque
3303 3657 3357 3705 et
3373 3653 3557 3707 exsul-

276 3722 435 3787 latio,
493 3729 546 3777 et
572 3736 736 3778 omne
800 3722 1167 3794 quodcunque
1229 3724 1287 3778 in
1352 3724 1639 3780 altitudine
1705 3734 1814 3781 tam
1874 3726 2217 3799 intelligitur,
2270 3728 2843 3798 quamdicitur?Quo
2873 3732 3038 3803 igitur
3069 3735 3253 3801 modo,
3278 3740 3552 3808 quibusve

276 3816 727 3888 cogitationibus,
773 3816 1044 3886 ejusmodi
1093 3819 1253 3874 nobis
1285 3819 1490 3874 bonum
1561 3827 1690 3876 ante
1753 3821 1946 3878 oculos
1989 3822 2120 3893 poni
2152 3825 2349 3893 possit,
2382 3825 2531 3894 quod
2566 3834 2848 3896 spectatur
2876 3835 2929 3883 et
2955 3844 3066 3884 non
3105 3833 3383 3889 cernitur?
3405 3838 3554 3906 quod

274 3905 444 3962 rebus
480 3904 754 3960 universis
782 3903 1119 3970 facultatem,
1142 3915 1204 3960 ut
1247 3906 1377 3973 sint,
1412 3908 1834 3978 praebet,ipsum
1873 3924 2003 3965 vero
2027 3926 2241 3982 semper
2259 3921 2559 3983 est,neque
2579 3925 2642 3972 ut
2664 3916 2892 3972 exsistat
2913 3921 3146 3990 amplius
3179 3938 3318 3993 opus
3352 3903 3556 3982 habet?

363 4000 498 4053 Ἀλλ’
524 3999 599 4063 ὡς
626 3998 693 4053 ἂν
725 3999 799 4071 μὴ
829 4000 1004 4072 μάτην
1038 4002 1067 4054 ὁ
1109 4001 1266 4069 λόγος
1291 4001 1489 4072 κάμνοι
1518 4004 1630 4067 τοῖς
1652 4003 1873 4074 ἀχωρή-

2043 4005 2246 4061 Verum
2301 4023 2373 4064 ne
2423 4009 2599 4064 oratio
2619 4009 2826 4066 frustra
2868 4012 3099 4081 laboret,
3161 4016 3218 4072 in
3252 4019 3423 4075 rebus
3461 4035 3555 4078 ca-

274 4108 392 4154 τοις
414 4090 601 4145 ἑαυτὸν
636 4089 983 4155 ὲπεκτείνων,
1009 4089 1117 4143 τῶν
1148 4091 1247 4159 μὲν
1282 4092 1692 4164 ὑπερκειμένων
1735 4093 1871 4161 ἀγα-

1980 4106 2129 4169 ptum
2162 4107 2413 4155 nostrum
2437 4102 2827 4171 superantibus
2872 4104 3136 4161 enitendo
3192 4123 3316 4165 sese
3369 4110 3552 4167 inten-

277 4181 388 4237 θῶν
430 4181 529 4252 τὴν
572 4178 767 4248 φύσιν,
812 4177 888 4242 ὡς
939 4179 1221 4249 ἀμήχανον
1263 4177 1324 4235 ὃν
1369 4179 1430 4233 rb
1475 4180 1714 4235 τοιοῦτον
1766 4179 1871 4233 ὑπὸ

1980 4190 2127 4258 dens,
2157 4207 2523 4262 supernorum
2565 4194 2785 4266 quidem
2816 4197 3090 4253 bonorum
3120 4207 3399 4269 naturam,
3422 4217 3548 4257 cum

277 4269 581 4339 κατάληψιν
620 4268 824 4331 ἐλθεῖν,
874 4267 1458 4340 πολυπραγμονοῦντες
1510 4269 1869 4341 παυσώμεθα,

1980 4283 2089 4339 fieri
2126 4300 2234 4340 non
2268 4286 2466 4355 possit,
2493 4292 2555 4340 ut
2590 4288 2859 4355 ejusmodi
2883 4288 3155 4361 quispiam
3185 4267 3551 4364 comprehen-

274 4360 526 4419 τοσοῦτον
561 4360 720 4430 μόνον
742 4361 807 4412 ὲκ
831 4358 939 4411 τῶν
967 4357 1307 4429 ζητηθέντων
1340 4361 1720 4433 κερδάναντες,
1747 4361 1872 4414 ὅσον

274 4450 347 4507 δι’
385 4450 547 4505 αὑτοῦ
585 4449 681 4504 τοῦ
719 4448 792 4520 μὴ
821 4448 1114 4520 δυνηθῆναι
1160 4451 1398 4503 κατιδεῖν
1431 4450 1492 4503 rb
1518 4449 1868 4521 ζητούμενον,

273 4542 485 4599 ἔννοιάν
516 4557 637 4595 τινα
671 4540 764 4594 τοῦ
800 4538 1064 4610 μεγέθους
1114 4539 1223 4593 τῶν
1277 4539 1625 4612 ζητουμένων
1669 4540 1869 4593 ἀνατυ-

274 4634 582 4691 πώσασθαι.
610 4635 761 4704 Ὀσῳ
790 4634 849 4687 δὲ
881 4636 979 4703 τῆς
1026 4630 1280 4701 γνώσεως
1333 4632 1488 4704 ἡμῶν
1539 4632 1869 4705 ὑψηλότερον

273 4722 419 4781 εἶναι
451 4725 510 4778 rb
539 4725 739 4793 ἀγαθὸν
771 4727 839 4795 τῇ
870 4723 1030 4794 φύσει
1065 4721 1412 4793 πιστεύομεν,
1462 4723 1700 4795 τοσούτῳ
1735 4722 1869 4793 μᾶλ-

273 4819 370 4871 λον
408 4816 468 4869 τὸ
508 4815 701 4880 πένθος
747 4816 806 4869 ὲν
844 4815 1028 4879 αὑτοῖς
1075 4813 1450 4883 ἐπιτείνωμεν,
1498 4815 1581 4868 ὅτι
1628 4813 1864 4870 τοιοῦτόν

273 4911 396 4962 ἔστι
422 4907 519 4960 καὶ
544 4907 797 4961 τοσοῦτον
823 4907 886 4960 rb
923 4905 1146 4974 ἀγαθὸν,
1177 4900 1237 4960 οὗ
1268 4904 1637 4977 διεζευγμένοι
1663 4906 1866 4977 τυγχά-

272 5014 458 5068 νομεν,
492 4998 568 5062 ὡς
597 4998 734 5069 μηδὲ
772 4997 872 5068 τὴν
901 4997 1106 5066 γνῶσιν
1141 4996 1304 5050 αὑτοῦ
1341 5000 1540 5069 χωρεῖν
1580 4998 1861 5055 δύνασθαι.

272 5086 478 5142 Τούτου
502 5086 685 5157 μέντοι
712 5086 808 5139 τοῦ
833 5086 1220 5158 ὑπεραίροντος
1242 5088 1422 5141 πᾶσαν
1447 5087 1676 5160 δύναμιν
1705 5106 1866 5144 κατα-

1976 4370 2118 4424 sioni
2156 4371 2505 4440 subjiciatur,
2556 4376 2777 4430 curiose
2823 4384 2879 4431 ct
2935 4381 3094 4433 anxie
3153 4379 3429 4450 inquirere
3454 4382 3551 4439 de-

1973 4459 2239 4523 sinamus,
2264 4466 2475 4515 tantum
2504 4461 2770 4518 duntaxat
2819 4479 2884 4518 ex
2918 4466 3166 4535 quaesitis
3210 4468 3429 4534 lucrati,
3456 4452 3546 4524 ἰιι

1972 4564 2071 4618 per
2101 4550 2204 4604 hoc
2246 4550 2424 4617 ipsum
2445 4590 2459 4617 ,
2497 4551 2644 4620 quod
2672 4565 2782 4607 non
2818 4568 3113 4624 possumus
3152 4558 3464 4628 perspicere
3494 4560 3548 4614 id

1973 4643 2118 4712 quod
2148 4642 2468 4714 quaerimus,
2495 4644 2736 4715 aliquam
2752 4647 3004 4701 notitiam
3036 4649 3434 4719 magnitudinis
3461 4666 3549 4707 re-

1974 4747 2122 4800 rum,
2156 4734 2223 4790 de
2252 4735 2451 4804 quibus
2474 4736 2759 4804 quaeritur,
2817 4737 2873 4792 in
2926 4738 3109 4793 animo
3156 4740 3458 4797 formemus
3496 4750 3550 4799 ct

1972 4826 2359 4897 imaginemur.
2384 4826 2601 4893 Quanto
2623 4835 2805 4884 autem
2829 4829 3142 4899 cognitione
3163 4840 3353 4889 nostra
3382 4833 3549 4889 altius

1973 4916 2108 4971 illud
2160 4932 2282 4972 esse
2318 4927 2517 4972 natura
2572 4919 2801 4985 bonum,
2823 4920 3121 4985 credimus,
3172 4933 3324 4977 tanto
3377 4924 3550 4994 magis

1975 5008 2183 5063 luctum
2241 5009 2296 5062 in
2346 5008 2505 5064 nobis
2550 5009 2899 5066 intendamus
2942 5018 2997 5066 et
3044 5026 3361 5084 augeamus,
3400 5015 3552 5083 quod

1974 5098 2081 5153 tale
2103 5114 2165 5153 ac
2191 5105 2406 5152 tantum
2437 5099 2510 5155 sit
2540 5100 2771 5165 bonum,
2826 5116 2858 5155 a
2887 5117 2997 5171 quo
3019 5100 3284 5171 disiuncti
3330 5116 3547 5170 sumus,

269 5179 563 5251 ληπτικὴν,
605 5180 661 5234 ὲν
704 5179 963 5250 μετουσίᾳ
1002 5178 1131 5232 ποτὲ
1163 5175 1305 5250 ἦμεν
1336 5180 1387 5232 οί
1433 5180 1741 5251 ἄνθρωποι·
1770 5182 1866 5236 καὶ

1980 5197 2036 5241 ιιι
2065 5202 2135 5243 ne
2192 5188 2565 5258 cognitionem
2612 5188 2834 5261 quidem
2865 5190 2986 5259 ejus
3013 5204 3211 5259 capere
3244 5192 3547 5260 possimus.

268 5270 524 5325 τοσοῦτον
548 5266 618 5341 ἦν
646 5271 703 5323 ὲν
726 5273 791 5341 τῇ
833 5269 992 5339 φύσει
1036 5268 1192 5341 ἡμῶν
1246 5271 1421 5324 ἐκεῖνο
1470 5272 1532 5325 rb
1565 5270 1767 5341 ἀγαθὸν
1807 5272 1869 5326 τὸ

1980 5274 2366 5333 Verumtamen
2392 5278 2558 5349 hujus
2576 5279 2727 5343 boui,
2755 5279 2902 5350 quod
2932 5286 3154 5351 superat
3177 5295 3397 5336 omnem
3439 5282 3550 5336 vim

270 5362 415 5433 ὑπὲρ
445 5364 553 5417 πᾶν
575 5363 774 5433 νόημα,
805 5361 881 5425 ὡς
911 5361 1038 5416 ἄλλο
1066 5363 1242 5415 έκεῖνο
1271 5362 1331 5415 rb
1356 5362 1695 5435 ἀνθρώπινον
1728 5358 1869 5417 εἶναι

1980 5368 2498 5438 comprehendendi,
2524 5385 2626 5427 nos
2657 5369 2909 5426 homines
2946 5370 3074 5425 olim
3104 5372 3397 5441 participes
3426 5385 3550 5427 era-

269 5455 470 5522 δοκεῖν,
504 5456 570 5526 τῇ
620 5452 992 5526 ἀκριϐεστάτη
1048 5450 1305 5523 ὁμοιώσει
1359 5453 1503 5507 κατά
1544 5454 1643 5524 τὴν
1686 5453 1869 5507 εἰκόνα

1980 5473 2095 5515 mus
2127 5476 2142 5516 :
2175 5473 2241 5515 ac
2268 5468 2479 5517 tantum
2502 5468 2622 5517 erat
2644 5461 2701 5516 in
2722 5471 2919 5518 natura
2946 5470 3133 5518 nostra
3162 5462 3368 5517 bonum
3386 5462 3548 5530 illud;

271 5545 371 5600 τοῦ
430 5545 787 5618 πρωτοτύπου
842 5545 1288 5617 μεμορφωμένον.
1328 5547 1396 5600 "A
1439 5547 1547 5618 γάρ
1595 5547 1689 5600 νῦν
1743 5549 1872 5621 περὶ

1980 5550 2120 5620 quod
2150 5559 2372 5621 superat
2404 5566 2623 5608 omnem
2651 5554 3042 5625 cogitationem
3087 5561 3142 5610 et
3183 5554 3549 5619 intellectum,

273 5636 479 5691 ἐκείνου
526 5635 894 5707 στοχαστικῶς
943 5636 1274 5710 θεωροῦμεν,
1329 5637 1500 5691 ταῦτα
1544 5638 1722 5693 πάντα
1768 5641 1862 5693 καὶ

1980 5650 2037 5695 ut
2069 5642 2303 5697 alterum
2327 5642 2463 5697 illud
2495 5643 2799 5705 humanum
2839 5644 3043 5699 bonum
3079 5658 3204 5699 esse
3233 5643 3546 5708 videretur,

275 5729 405 5799 περὶ
432 5730 521 5782 τὸν
547 5728 831 5799 ἄνθρωπον
852 5722 941 5798 ἦν,
968 5727 1245 5802 ἀφθαρσίᾳ
1268 5747 1328 5784 τε
1356 5731 1449 5784 καὶ
1478 5730 1856 5801 μακαριότητι·

1980 5734 2401 5803 exquisitissima
2450 5735 2879 5805 pleuissimaque
2927 5735 3328 5791 assimilatione
3376 5743 3543 5804 atque

275 5818 371 5874 xui
393 5818 453 5874 rb
479 5817 811 5888 αὐτοκρατὲς
834 5817 928 5871 καὶ
948 5816 1008 5870 rb
1034 5818 1351 5903 ἀδέσποτον,
1374 5820 1436 5874 τό
1461 5837 1521 5875 τε
1543 5819 1746 5876 ἄλυπον
1767 5822 1860 5874 καὶ

1980 5825 2280 5882 imitatione
2351 5825 2421 5881 ad
2482 5825 2777 5898 imaginem
2836 5826 3086 5897 primarii
3127 5835 3184 5880 et
3251 5825 3544 5898 originalis

558 5912 834 5974 Pauor"
872 5910 993 5973 Gn.
1030 5906 1233 5974 XLIV.
3140 5913 3220 5975 39
