4018 6372
513 401 652 458 li?!

1745 382 1809 441 S.
1849 378 2181 438 GREGORII
2215 375 2512 432 NYSSENI

3663 368 3792 423 12ῗὸ

514 518 849 592 exemplaris
878 516 1195 571 formatum.
1239 509 1381 567 Nam
1412 524 1537 581 quae
1567 520 1715 563 nunc
1749 506 1817 563 de
1855 505 1951 560 illo
1992 518 2090 575 per

2219 499 2653 571 ιπραγμάτευτον
2682 496 2779 566 τῆς
2821 495 2987 567 ζωῆς,
3029 495 3125 549 καὶ
3167 493 3201 564 ὴ
3252 493 3310 547 ἐν
3353 490 3658 563 θειοτάροις
3683 491 3793 544 δια-

514 614 873 684 cenjecturas
905 607 1256 680 speculamur
1273 612 1327 661 et
1354 602 1744 673 imaginamur,
1769 599 1887 654 haec
1909 596 2099 651 omnia

515 680 663 758 circa
696 697 973 754 hominem
1012 708 1237 765 quoque
1263 698 1424 747 erant
1445 731 1461 755 ,
1505 684 2000 757 incorruptibilitas
2026 680 2101 737 si-

516 792 627 846 mul
655 796 710 846 et
721 785 1028 851 beatitudo,
1042 782 1261 855 pr0pria
1280 788 1335 837 et
1356 796 1387 835 a
1405 779 1612 835 nullius
1633 774 1857 831 alterius
1874 771 2103 827 arbitrio

516 882 831 939 dominiove
872 877 1119 949 pendens
1153 881 1419 946 potestas,
1480 871 1590 925 vita
1648 867 1817 923 nullis
1864 861 2103 934 negotiis

519 971 825 1042 implicata,
887 968 1059 1024 nullis
1108 964 1401 1030 molestiis,
1457 960 1595 1016 nulli
1641 955 1957 1029 aegritudini
2003 953 2105 1008 ob-

518 1064 704 1128 noxia,
737 1060 1014 1130 statioque
1045 1055 1360 1128 angustior,
1415 1061 1582 1124 atque
1624 1051 1679 1105 in
1716 1049 1853 1104 locis
1893 1044 2104 1102 divinis

519 1158 642 1211 vitae
674 1152 973 1215 traductio,
1006 1149 1246 1205 facultas
1268 1147 1400 1201 item
1432 1150 1620 1215 aperta
1661 1140 1827 1197 simul
1860 1153 1925 1192 ac
1964 1150 2104 1209 pura

518 1256 724 1311 mente,
815 1244 965 1299 omni
1031 1243 1344 1299 velamento
1405 1238 1677 1300 detracto,
1725 1233 1931 1288 bonum
1967 1244 2105 1284 con-

520 1338 733 1395 tuendi.
764 1336 891 1392 Haze
914 1336 1062 1393 enim
1092 1334 1280 1391 omnia
1307 1328 1472 1385 nobis
1521 1328 1662 1383 liber
1710 1325 1779 1381 de
1823 1320 2107 1379 creatione

521 1431 713 1493 mundi
749 1444 844 1499 per
868 1427 1163 1497 aenigmata
1197 1434 1486 1494 paucaque
1530 1418 1702 1475 verba
1746 1422 1890 1473 tecta
1944 1424 2107 1483 atque

521 1522 771 1576 involuta
801 1516 1098 1590 signiﬁcat,
1130 1513 1262 1568 dum
1290 1512 1368 1566 ait
1399 1510 1675 1565 hominem
1704 1506 1772 1563 ad
1807 1504 2106 1575 imaginem

521 1613 619 1670 Dei
647 1611 886 1668 ellictum
917 1623 983 1663 ac
1013 1608 1313 1662 formatum
1352 1618 1498 1668 esse,
1547 1607 1604 1656 et
1628 1602 1685 1656 in
1719 1596 1983 1670 paradiso
2016 1594 2103 1651 vi-

524 1705 695 1770 xisse,
752 1702 945 1772 ibique
971 1699 1106 1755 satis
1133 1705 1186 1753 et
1210 1694 1391 1752 enatis
1423 1694 1480 1748 in
1516 1691 1732 1748 deliciis
1765 1703 1892 1746 esse
1921 1701 2105 1743 usum.

525 1797 697 1853 Porro
735 1796 1051 1866 plantarum
1097 1789 1319 1844 illarum
1374 1786 1611 1847 fructus,
1652 1783 1792 1847 vita,
1837 1778 2104 1850 cognitio,

523 1888 868 1957 scientiaque
905 1892 961 1941 et
996 1898 1087 1940 res
1129 1881 1345 1939 similes
1385 1884 1538 1935 sunt.
1586 1873 1644 1930 Si
1703 1874 1871 1946 igitur
1907 1871 2024 1925 haec
2051 1868 2106 1922 in

523 1978 690 2033 nobis
714 1982 894 2040 erant,
937 1974 1034 2044 qui
1068 1971 1190 2027 fieri
1234 1979 1437 2041 potest,
1479 1974 1541 2021 ut
1574 1963 1879 2021 calamitati
1914 1960 2109 2030 utique

524 2085 637 2124 non
664 2067 1015 2139 ingemiscat,
1036 2064 1082 2121 si
1114 2064 1243 2133 quis
1269 2061 1415 2116 banc
1455 2065 1780 2130 praesentem
1829 2052 2109 2109 miseriam

524 2174 649 2217 cum
674 2155 1016 2214 beatitudine
1043 2154 1159 2218 illa,
1201 2167 1323 2222 quae
1357 2162 1488 2207 tunc
1519 2149 1646 2215 fuit,
1678 2146 1985 2216 comparet,
2016 2152 2095 2198 at-

526 2266 635 2323 que
662 2266 729 2306 ex
751 2249 986 2305 adverso
1014 2246 1295 2303 examinet
1336 2242 1695 2311 excutiatque
1713 2239 1739 2293 ?
1794 2238 1969 2293 altum
2015 2235 2112 2291 de—

524 2356 782 2414 pressum
816 2347 933 2407 est;
963 2334 1113 2411 quOd
1144 2337 1214 2393 ad
1260 2336 1561 2417 imaginem
1605 2330 1853 2387 caelestis
1902 2326 2111 2381 factum

526 2441 667 2496 erat,
699 2430 757 2486 in
791 2436 996 2484 terram
1046 2426 1332 2483 redactum
1366 2415 1487 2490 est;
1538 2423 1630 2478 cui
1672 2432 1904 2489 regnum
1938 2415 2112 2471 desti-

526 2533 718 2582 natum
750 2529 889 2587 erat,
921 2522 977 2576 in
1012 2519 1332 2576 servitutem
1362 2515 1651 2571 redactum
1700 2523 1821 2576 est;
1861 2506 2010 2579 quod
2041 2505 2111 2560 ad

526 2613 994 2686 immortalitatem
1034 2608 1321 2666 conditum
1371 2613 1516 2669 erat,
1557 2609 1737 2658 morte
1778 2605 2112 2669 corruptum

532 2716 651 2773 est;
687 2705 837 2777 quod
870 2705 926 2760 in
952 2700 1167 2758 deliciis
1191 2698 1434 2770 paradisi
1468 2693 1723 2767 degebat,
1756 2692 1813 2748 in
1837 2692 1944 2746 hoc
1968 2704 2116 2745 mor-

527 2800 618 2855 bis
648 2804 703 2854 et
736 2796 1020 2851 laboribus
1046 2793 1347 2848 obnoxium
1378 2787 1644 2860 praedium
1670 2785 1981 2841 traductum
2002 2792 2114 2847 est;

528 2889 678 2962 quod
715 2884 1134 2957 impatibilitati,
1178 2883 1461 2952 nullisque
1483 2877 1774 2934 aﬁ‘ectibus
1794 2882 1850 2930 et
1885 2873 2114 2943 aegritu-

530 2980 758 3037 dinibus
791 2986 1073 3034 assuetum
1120 2981 1263 3040 erat,
1318 2971 1724 3034 calamitosam,
1770 2966 2024 3037 fragilem
2062 2972 2119 3021 et

531 3071 799 3127 caducam
828 3067 1065 3122 invicem
1087 3065 1252 3121 vitam
1287 3064 1541 3133 accepit;
1581 3060 1729 3133 quod
1775 3060 1985 3116 nullius
2016 3056 2119 3112 do-

2203 594 2357 663 γωγή
2379 609 2392 623 '
2423 592 2519 646 καὶ
2556 591 2617 646 τὺ
2658 591 2836 661 γυμνῇ
2879 606 2939 642 τε
2971 587 3064 642 καὶ
3109 586 3327 657 καθαρᾷ
3354 585 3563 648 παντὸς
3599 600 3797 655 προκα-

2203 691 2485 761 λύμματος
2515 690 2582 759 τῇ
2607 685 2816 757 διανοίᾳ
2844 684 2982 755 πρὸς
3016 682 3077 736 τὺ
3115 681 3316 751 ἀγαθὸν
3348 681 3592 751 βλέπειν.
3616 676 3799 731 Ταῦτα

2202 782 2312 855 γάρ
2340 780 2516 835 πάντα
2562 778 2630 832 δι’
2663 776 2859 844 ὀλίγων
2889 772 3147 846 ῥημάτων
3191 772 3221 825 ό
3264 771 3365 841 τῆς
3408 767 3799 840 κοσμστὲνείας

2203 874 2338 943 ἡμῖν
2384 867 2754 925 ὑπαινίττεται
2801 864 2978 933 λόγος,
3026 865 3143 916 κατ’
3191 861 3371 915 εἰκόνα
3424 859 3567 913 Θεοῦ
3624 858 3800 924 λέγων

2204 960 2513 1015 πεπλάσθαι
2540 957 2633 1011 τὸν
2659 956 2965 1028 ἄνθρωπον,
3002 950 3098 1007 καὶ
3129 952 3187 1004 ἐν
3222 951 3301 1022 τῷ
3329 949 3649 1021 παραδείσῳ
3679 948 3800 1018 ζῇν.

2205 1056 2299 1110 καὶ
2322 1053 2430 1107 τῶν
2461 1053 2576 1105 ἐκεῖ
2609 1047 3029 1120 πεφυτευμένων
3054 1046 3428 1117 κατατρυφᾷν.
3458 1043 3582 1097 Τῶν
3612 1043 3675 1097 δὲ
3700 1060 3800 1111 φυ-

2203 1148 2316 1202 τῶν
2346 1146 2571 1201 ἐκείνων
2599 1140 2970 1215 καρπὸς,’ζωὴ
3004 1140 3100 1194 καὶ
3124 1138 3326 1208 γνῶσις
3355 1140 3449 1192 καὶ
3475 1137 3546 1192 τὰ
3576 1135 3808 1190 τοιαῦτά

2208 1241 2376 1293 ἐστιν.
2419 1239 2482 1290 Ei
2510 1235 2567 1289 δὲ
2599 1233 2773 1288 ταῦτα
2800 1234 2856 1286 ἐν
2878 1233 3008 1302 ἡμῖν
3030 1226 3121 1302 ἦν,
3149 1229 3267 1294 πῶς
3285 1225 3378 1283 οὖν
3402 1229 3522 1283 ἐστι
3550 1227 3643 1283 διὰ
3674 1244 3808 1296 ουτ-

2206 1329 2442 1401 κρίσεως
2497 1322 3089 1396 ἀντιπαραθεωροῦντα
3140 1324 3209 1393 τῇ
3262 1321 3382 1374 τότε
3436 1320 3807 1391 μακαριότητι

2208 1424 2309 1493 τὴν
2361 1418 2644 1492 παροῦσαν
2687 1416 2783 1471 νῦν
2835 1414 3145 1484 ἀθλιότητα,
3198 1412 3272 1484 μὴ
3323 1411 3705 1476 ἐπιστενάζειν
3736 1412 3808 1481 τῇ

2211 1512 2499 1583 συμφορᾷο
2530 1510 2592 1564 τὸ
2632 1508 2834 1579 ὑψηλὸν
2876 1504 3268 1559 τεταπείνωται
3289 1518 3304 1534 ο
3347 1502 3408 1556 τὺ
3448 1502 3570 1557 κατ’
3614 1502 3812 1555 εἰκόνα

2207 1603 2303 1657 τοῦ
2331 1601 2653 1673 ἐπουρανίου
2685 1584 2996 1669 γενόμενον,
3029 1593 3319 1665 ἀπεγεώθη
3338 1612 3353 1625 ο
3394 1593 3456 1647 τὸ
3492 1592 3811 1663 βασιλεύειν

2206 1695 2562 1766 τεταγμένον,
2594 1689 2997 1760 κατεδουλώθη·
3031 1688 3093 1742 τὸ
3128 1690 3208 1751 εἰς
3234 1685 3532 1741 ἀθανασίαν
3555 1684 3811 1747 κτισθὲν,

2211 1784 2531 1856 κατεφθάρη
2574 1783 2821 1860 θανάτῳς
2875 1780 2937 1834 τὸ
2983 1781 3043 1833 ἐν
3090 1782 3268 1852 τρυφῇ
3321 1776 3416 1833 τοῦ
3471 1776 3811 1848 παραδείσου

2137 1857 2180 1913 Β
2209 1877 2416 1947 διάγον,
2447 1876 2527 1939 εἰς
2554 1874 2615 1928 τὸ
2645 1857 2877 1936 νοσῶδες
2905 1872 2998 1927 καὶ
3024 1870 3281 1925 ἐπίπονον
3302 1868 3460 1923 τοῦτο
3486 1866 3810 1938 μετῳκίσθη

2210 1967 2438 2039 χωρίον’
2475 1966 2537 2020 τὸ
2566 1967 2632 2036 τῇ
2670 1963 2913 2035 ἀπαθείᾳ
2956 1962 3271 2033 σύντροφον.
3302 1959 3392 2014 τὸν
3442 1958 3664 2029 ἐμπαθῆ
3717 1957 3815 2010 καὶ

2216 2058 2477 2129 ἐπίκηρον
2538 2055 2906 2135 ἀντηλλάξατο
2946 2053 3060 2125 βίον
3079 2067 3093 2080 ”
3145 2052 3207 2105 τὸ
3259 2050 3545 2106 ἀδέσποτόν
3593 2066 3655 2101 τε
3714 2048 3815 2102 καὶ

2217 2134 2593 2216 αὐτεξούσιον,
2608 2147 2701 2201 νῦν
2738 2146 2845 2199 ὑπὸ
2879 2143 3134 2201 τοιούτων
3172 2143 3266 2197 καὶ
3312 2139 3577 2195 τοσούτων
3614 2138 3814 2192 κακῶν

2220 2241 2553 2312 κυριεύεται,
2603 2240 2679 2303 ὡς
2730 2237 2865 2309 μηδὲ
2920 2235 3097 2309 ρᾁιον
3152 2230 3290 2288 εἶναι
3341 2233 3465 2295 τοὺς
3508 2230 3815 2301 τυράννους

2213 2331 2371 2403 ὴμῶν
2400 2326 2909 2401 ἀπαριθμήσασθαι.
2954 2328 3220 2381 ’Ἐκαστον
3262 2324 3372 2394 γὰρ
3413 2322 3519 2376 τῶν
3561 2323 3620 2375 ἐν
3671 2323 3813 2392 ἡμῖν

2216 2422 2425 2487 παθῶν,
2456 2422 2585 2476 ὅταν
2617 2419 2982 2491 ἐπικρατήσῃ,
3011 2415 3278 2486 δεσπότης
3317 2413 3408 2467 τοῦ
3446 2411 3813 2473 δουλωθέντος

2218 2514 2428 2583 γίνεται
2454 2529 2469 2544 “
2515 2512 2610 2566 καὶ
2642 2510 2894 2580 καθάπερ
2930 2524 3014 2572 τις
3059 2505 3319 2577 τύραννος
3358 2502 3671 2559 καταλαῦὼν
3705 2501 3812 2573 τῆς

2214 2600 2393 2672 ψυχῆς
2442 2599 2541 2671 τὴν
2592 2598 2920 2671 ἀκρόπολιν,
2967 2596 3035 2650 δι’
3098 2595 3276 2649 αὐτῶν
3329 2594 3436 2647 τῶν
3477 2592 3813 2663 ὑποχειρίων

2216 2692 2379 2746 κακοῖ
2430 2688 2492 2742 τὸ
2542 2688 2801 2759 ὑπήκοον,
2849 2685 3148 2755 ὑπηρέταις
3181 2685 3293 2748 τοῖς
3332 2680 3614 2754 ἡμετέροις
3656 2680 3813 2749 λογι-

2221 2784 2377 2854 σμοῖς
2416 2779 2553 2852 πρδς
2597 2778 2658 2831 τὸ
2698 2776 2884 2831 δοκοῦν
2925 2776 3103 2848 ἐαυτῷ
3144 2772 3558 2845 καταχρώμενος
3579 2787 3594 2801 ·
3629 2770 3813 2834 οὕτως

2217 2873 2248 2925 ό
2300 2872 2490 2943 θυμὸς,
2538 2868 2710 2933 οὕτως
2750 2858 2779 2923 ό
2835 2866 3021 2937 φόϐος,
3068 2868 3102 2938 ἡ
3153 2865 3342 2930 δειλία,
3380 2864 3440 2918 τὸ
3486 2863 3707 2934 θράσος,
3752 2861 3813 2916 τὸ

2221 2962 2361 3019 κατά
2380 2961 2556 3032 λύπην
2584 2977 2643 3013 τε
2671 2960 2766 3014 καὶ
2791 2959 2851 3013 τὸ
2886 2958 3006 3013 καθ’
3028 2959 3230 3033 ,ἡδονὴν
3257 2956 3442 3023 πάθος,
3473 2957 3644 3026 μῖσος,
3667 2953 3811 3026 ἔρις,

2220 3055 2482 3118 ἀνέλεος..
2503 3054 2759 3125 ἀπήνεια,
2797 3051 3010 3122 φθόνος,
3057 3048 3333 3113 κολακεία,
3386 3046 3718 3119 μνησικακία
3749 3063 3812 3098 τε

532 3163 704 3219 minio
755 3160 1086 3230 subjectum,
1139 3155 1287 3226 quod
1342 3155 1430 3211 sui
1456 3154 1626 3223 juris,
1661 3167 1776 3210 suae
1804 3149 2116 3219 potestatis,

2224 3144 2317 3198 καὶ
2361 3143 2687 3214 ἀναλγησία,
2734 3143 2829 3196 καὶ
2873 3140 3049 3195 πάντα
3097 3139 3166 3194 τὰ
3203 3136 3345 3191 κατὰ
3375 3137 3435 3190 τὸ
3471 3134 3713 3189 ἐναντίον
3752 3137 3814 3187 ἐν

535 3253 622 3310 sui
641 3228 871 3306 arbitrii
886 3255 1028 3313 erat,
1049 3261 1201 3302 nunc
1236 3261 1269 3300 a
1291 3252 1373 3300 tot
1397 3259 1461 3299 ac
1487 3242 1694 3297 talibus
1716 3240 1878 3295 malis
1905 3248 2116 3295 tenetur

2223 3240 2354 3309 ἡμῖν
2378 3236 2642 3307 νοούμενα
2664 3235 2833 3307 πάθη,
2854 3233 3131 3306 τυράννων
3162 3230 3276 3287 ἐστί
3309 3246 3470 3284 τινων
3497 3229 3590 3283 καὶ
3612 3228 3813 3282 δεσπο-

533 3341 869 3406 obnoxium,
909 3348 971 3393 ut
1014 3347 1282 3406 tyrannos
1331 3341 1554 3391 nostros
1595 3331 1813 3387 difﬁcile
1863 3330 1937 3386 sit
1985 3345 2122 3386 enu-

533 3446 771 3487 merare.
823 3426 1016 3496 Quivis
1065 3426 1215 3481 enim
1254 3440 1468 3489 eorum,
1525 3422 1624 3494 qui
1658 3423 1718 3477 in
1758 3421 1921 3477 nobis
1965 3426 2117 3486 sunt,

536 3523 784 3588 affectus,
839 3535 964 3576 cum
998 3518 1368 3590 praevaluerit,
1419 3516 1681 3572 dominus
1719 3514 1932 3570 subacti
1965 3519 2020 3568 et
2064 3512 2123 3568 in

537 3614 857 3671 servitutem
918 3609 1129 3665 redacti
1187 3607 1418 3664 exstitit.
1477 3606 1555 3661 Ac
1614 3604 1786 3663 veluti
1849 3613 2123 3676 tyrannus

537 3705 813 3778 quispiam
842 3716 971 3757 arce
1014 3700 1184 3756 animi
1207 3704 1500 3770 occupata,
1527 3712 1626 3769 per
1657 3698 1809 3768 ipsos
1867 3695 2123 3752 subditos

536 3804 699 3853 vexat
721 3809 787 3851 ac
820 3793 1007 3863 aﬂligit
1034 3790 1378 3856 obedientes,
1416 3789 1690 3844 ministris
1720 3789 1786 3843 ad
1837 3788 1915 3853 id,
1971 3787 2124 3860 quod

536 3891 589 3947 ei
627 3887 888 3960 placitum
922 3884 1109 3950 fuerit,
1138 3882 1347 3938 nostris
1389 3880 1824 3951 cogitationibus
1863 3879 2123 3936 abutens:

547 3984 632 4040 sic
657 3981 761 4045 ira,
787 3979 871 4035 sic
910 3984 1114 4039 metus,
1146 3974 1231 4030 sie
1258 3972 1550 4033 timiditas,
1578 3971 1661 4026 sic
1683 3969 1940 4039 audacia,
1963 3971 2125 4043 aegri-

543 4070 756 4127 tudinis
790 4069 1001 4140 pariter
1029 4074 1083 4122 et
1133 4064 1436 4136 voluptatis
1469 4062 1719 4129 affectus,
1757 4064 1970 4130 odium,
1997 4079 2129 4119 con-

541 4155 1243 4225 tentio,immisericordia,
1279 4155 1510 4221 saevitia,
1545 4154 1760 4218 feritas,
1804 4154 2125 4209 inhumani-

539 4265 757 4322 tasque,
785 4249 1011 4316 invidia,
1045 4247 1377 4311 assensatio,
1426 4246 1759 4317 injuriarum
1811 4255 1972 4299 tenax
2010 4261 2129 4300 me-

541 4345 722 4402 moria
782 4342 992 4416 pariter
1045 4348 1101 4396 et
1145 4339 1468 4406 indolentia,
1535 4346 1590 4394 et
1623 4352 1839 4403 omnes,
1898 4338 1994 4408 qui
2027 4352 2129 4408 per

541 4436 888 4494 contrarium
923 4434 981 4490 in
1011 4433 1172 4489 nobis
1206 4431 1595 4501 intelliguntur
1624 4429 1856 4486 allectus
1899 4436 1954 4486 et
1999 4443 2129 4500 per-

2220 3327 2329 3381 τῶν
2369 3327 2768 3399 ἀπαρίθμησις,
2815 3326 2925 3380 τῶν
2977 3324 3113 3396 πρὸς
3164 3323 3223 3376 τὺ
3280 3322 3410 3376 ῐδιον
3460 3320 3655 3391 κράτος
3710 3320 3812 3391 τὴν

2221 3419 2399 3491 ψυχὴν
2435 3415 2544 3472 οἷόν
2588 3436 2709 3473 τινα
2741 3417 3075 3491 δορυάλωτον
3123 3412 3610 3469 καταδουλούντων.
3648 3412 3715 3464 El
3753 3411 3810 3463 δέ

2222 3528 2306 3574 τις
2350 3511 2445 3566 καὶ
2484 3510 2584 3576 τὰς
2621 3510 2752 3583 περὶ
2792 3510 2854 3564 τὸ
2902 3508 3061 3580 σῶμα
3101 3507 3382 3580 συμφορὰς
3413 3503 3810 3575 ἀναλογίζοιτο,

2222 3603 2321 3668 τάς
2343 3606 2411 3676 τῇ
2448 3603 2608 3673 φύσει
2637 3602 2793 3675 ἡμῶν
2836 3590 3326 3673 συμπεπλεγμένας
3364 3615 3422 3653 τε
3461 3598 3555 3652 καί⁵
3582 3614 3816 3668 συστρε-

2224 3699 2484 3770 φομένας,
2521 3696 2621 3761 τὰς
2665 3695 2914 3759 ποικίλας
2957 3694 3103 3763 λέγω
3153 3693 3244 3748 καὶ
3300 3692 3664 3764 πολυτρόπους
3696 3691 3813 3745 τῶν

2225 3791 2549 3862 νοσημάτων
2598 3789 2761 3853 ἰδέας,
2812 3781 2887 3843 ὧν
2925 3787 3141 3841 πάντων
3179 3785 3241 3838 τὸ
3280 3786 3401 3838 κατ’
3445 3782 3616 3856 ἀρχὰς
3653 3782 3814 3837 ἀπεί-

2230 3899 2389 3954 ρατον
2420 3877 2489 3953 ἦν
2524 3880 2587 3934 τὸ
2621 3877 2977 3951 ἀνθρώπινον,
3015 3876 3149 3931 πολὺ
3191 3875 3388 3947 μᾶλλον
3425 3874 3708 3929 πλεονάσει
3751 3872 3817 3926 ob

2224 3974 2478 4044 δάκρυον,
2513 3974 2575 4027 ἐκ
2612 3970 2955 4043 παραλλήλου
3004 3968 3221 4040 θεωρῶν
3273 3968 3393 4022 ἀντὶ
3439 3966 3545 4021 τῶν
3591 3965 3816 4034 ἀγαθῶν

2225 4063 2296 4118 τὰ
2337 4061 2578 4134 λυπηρὰ,
2624 4061 2718 4115 καὶ
2757 4058 3198 4131 ἀντιπαρατιθεὶς
3234 4055 3303 4110 τὰ
3349 4053 3493 4109 κακά
3534 4056 3647 4118 τοῖς
3687 4052 3815 4122 βελ-

2225 4157 2418 4211 τίοσιν.
2458 4152 2629 4209 Τοῦτο
2668 4149 2763 4208 οὖν
2800 4151 2973 4205 ἔοικεν
3026 4153 3084 4204 ἐν
3128 4149 3427 4221 ἀπορρήτῳ
3470 4146 3743 4200 διδάσκειν
3786 4146 3818 4198 ό

2231 4246 2549 4320 μακαρίζων
2589 4246 2652 4299 τὸ
2702 4244 2912 4310 πένθος,
2955 4243 3015 4297 τὸ
3050 4241 3187 4313 πρὸς
3222 4241 3283 4294 τὸ
3319 4238 3567 4311 ἀληθινὸν
3609 4236 3815 4306 ἀγαθὸν

2227 4339 2327 4410 τὴν
2375 4338 2552 4409 ψυχὴν
2604 4336 2843 4408 βλέπειν,
2896 4335 3028 4406 μηδὲ
3070 4336 3134 4406 τῇ
3188 4331 3433 4404 παρούσῃ
3485 4331 3670 4402 ἀπάτῃ
3718 4326 3814 4382 τοῦ

2231 4430 2349 4502 βίου
2387 4426 2920 4492 καταϐαπτίζεσθαι·
2963 4426 3026 4480 ού
3062 4424 3172 4496 γὰρ
3208 4423 3354 4491 ἔστιν
3390 4422 3512 4475 οὔτε
3550 4420 3816 4490 ἀδακρυτὶ

539 4527 908 4590 turbationes,
943 4533 1305 4597 tyrannorum
1359 4519 1730 4591 quorumdam
1761 4533 1826 4574 ac
1869 4519 2116 4575 domino-

2234 4521 2335 4594 ζῇν
2372 4522 2461 4576 τὸν
2499 4518 2911 4591 ἐπεσκεμμένον
2946 4517 3013 4573 δι’
3055 4514 3339 4587 ἀκριϐείας
3365 4512 3441 4579 ,τά
3491 4513 3815 4583 πράγματα,

546 4634 693 4684 rum,
731 4633 836 4688 pro
884 4633 986 4673 suo
1034 4615 1265 4686 imperio
1324 4614 1568 4669 animam
1624 4612 1796 4668 veluti
1852 4613 2116 4682 captivam

2231 4614 2355 4668 οὔτε
2392 4616 2451 4667 ἐν
2496 4613 2757 4683 λυπηροῖς
2803 4607 2940 4665 εῖναι
2981 4608 3218 4681 νομίζειν
3254 4606 3346 4661 τὸν
3383 4607 3501 4669 ταῖς
3539 4604 3818 4675 βιωτικαῖς

546 4709 844 4779 quamdam
887 4707 1279 4778 subigentium,
1332 4704 1682 4762 enumeratio
1731 4713 1837 4759 est.
1864 4703 2025 4770 Quod
2080 4703 2116 4757 si

2233 4705 2447 4777 ἡδοναῖς
2491 4702 2862 4775 ἐμϐαθύνοντα
2884 4719 2898 4733 ·
2935 4699 3184 4770 καθάπερ
3220 4698 3313 4753 ἐπὶ
3361 4697 3468 4751 τῶν
3517 4695 3728 4763 ἀλόγων
3758 4694 3818 4747 τὸ

544 4800 673 4871 quis
709 4799 874 4854 etiam
902 4796 1207 4869 perpendat
1237 4796 1576 4852 calamitates
1621 4795 1896 4865 corporis,
1928 4794 2130 4866 quibus

541 4899 742 4948 natura
764 4897 955 4946 nostra
988 4887 1336 4944 conflictatur
1365 4896 1421 4944 et
1448 4888 1735 4959 implicata
1762 4893 1870 4951 'est,
1918 4887 2128 4956 varias,

541 4982 789 5055 inquam,
820 4992 875 5038 et
898 4981 1250 5037 multimodas
1278 4981 1594 5037 morborum
1633 4981 1870 5053 species,
1890 4995 2127 5052 quorum

541 5075 789 5130 omnium
822 5089 1021 5145 expers
1050 5081 1108 5130 et
1151 5075 1397 5130 immune
1447 5083 1568 5129 erat
1624 5074 1694 5129 ab
1740 5073 1902 5128 initio
1948 5088 2126 5145 genus

540 5165 866 5233 humanum,
933 5166 1107 5222 multo
1169 5166 1606 5223 abundantiores
1666 5165 1945 5238 lacrymas
1989 5179 2124 5237 pro—

543 5260 763 5325 fundet,
792 5260 923 5317 dum
951 5275 1051 5331 pro
1082 5260 1244 5317 bonis
1272 5275 1363 5315 res
1396 5259 1590 5315 tristes
1631 5265 1686 5314 et
1716 5259 1947 5315 acerbas
1990 5257 2129 5314 invi-

540 5366 660 5409 cem
697 5353 1030 5416 considerat,
1056 5349 1409 5409 incommoda
1425 5348 1735 5406 commodis
1752 5349 2129 5420 comparando

540 5443 796 5515 opponit.
831 5442 948 5499 Hoc
995 5443 1163 5515 igitur
1197 5442 1437 5499 latenter
1471 5449 1526 5498 et
1548 5442 1767 5498 occulte
1814 5441 2016 5498 docere
2049 5440 2131 5497 vi-

542 5533 725 5597 detur,
757 5536 852 5604 qui
893 5534 1102 5590 luctum
1126 5534 1360 5590 ‘beatum
1393 5549 1518 5590 esse
1539 5532 1827 5604 praedicat,
1863 5532 2126 5587 nimirum

542 5630 605 5675 ut
637 5625 823 5677 anima
849 5639 1040 5679 verum
1076 5625 1285 5679 bonum
1340 5624 1646 5689 intueatur,
1706 5639 1847 5681 neve
1890 5638 2130 5694 praesen-

542 5711 618 5768 tis
649 5712 778 5770 vita
797 5713 987 5770 fraude
1018 5714 1378 5786 immergatur
1398 5734 1414 5772 :
1434 5716 1554 5771 fieri
1598 5713 1743 5771 enim
1784 5730 1893 5770 non
1924 5721 2125 5784 potest,

545 5810 608 5860 ut
647 5804 732 5859 vel
791 5803 916 5859 sine
945 5805 1205 5876 lacrymis
1240 5807 1409 5869 vivat,
1447 5806 1493 5864 si
1531 5807 1660 5876 quis
1700 5806 1996 5877 diligenter
2035 5819 2125 5862 res

2230 4794 2472 4850 τοιοῦτον
2513 4793 2660 4849 ἔστιν
2701 4793 2827 4848 ίδεῖν
2846 4807 2861 4822 ο
2898 4785 2981 4855 οἷς
3021 4788 3225 4860 ἐλεεινὴ
3259 4788 3356 4859 μὲν
3397 4789 3431 4858 ὴ
3468 4785 3566 4856 τῆς
3602 4782 3818 4854 φύσεώς

2233 4889 2353 4943 ἐστι
2376 4889 2687 4956 κατασκευή
2709 4902 2723 4915 ο
2752 4883 2828 4957 (τί
2865 4883 2974 4955 γὰρ
3011 4879 3367 4951 ἐλεεινότερον
3402 4879 3499 4949 τῆς
3527 4875 3622 4930 τοῦ
3656 4876 3815 4942 λόγου

2236 4972 2611 5048 στερήσεως;)
2643 4973 2895 5044 αἴσθησις
2929 4971 2985 5025 δὲ
3010 4970 3109 5041 τῆς
3134 4969 3417 5040 συμφορᾶς
3454 4968 3636 5029 αὐτοῖς
3671 4964 3819 5018 οὐδε-

2239 5070 2358 5140 μία,
2398 5067 2535 5121 ἀλλά
2572 5064 2714 5120 κατά
2749 5074 2870 5119 τινα
2907 5061 3098 5134 ἡδονὴν
3136 5060 3408 5121 κάκείνοις
3447 5059 3480 5127 ἡ
3525 5055 3638 5126 ζωὴ
3676 5055 3816 5120 διεξ-

2234 5161 2424 5230 άγεται
2443 5175 2457 5190 ο
2485 5156 2579 5212 καὶ
2609 5157 2639 5209 ό
2664 5154 2826 5219 ἵππος
2851 5153 3072 5224 γαυριᾷ,
3101 5151 3194 5205 καὶ
3232 5152 3260 5203 ό
3291 5149 3485 5219 ταῦρος
3518 5144 3815 5210 κονίζεται·

2233 5253 2327 5308 καὶ
2351 5253 2381 5306 ό
2412 5252 2510 5315 οὺς
2536 5249 2754 5322 φρίσσει
2787 5247 2886 5318 τὴν
2922 5243 3142 5315 λοφιάν·
3170 5243 3265 5298 καὶ
3300 5244 3350 5296 οἱ
3385 5240 3647 5305 σκύλακες
3688 5238 3814 5291 παι.

2232 5345 2408 5411 ζουσι,
2431 5342 2527 5398 καὶ
2549 5338 2934 5411 διασκιρτῶσιν
2970 5338 3020 5391 οί
3061 5335 3272 5407 μόσχοι.
3312 5333 3407 5386 καὶ
3448 5332 3676 5386 ἕκαστον
3711 5329 3819 5383 τῶν

2232 5436 2387 5501 ζώων
2429 5433 2572 5490 ἐστιν
2614 5433 2742 5488 ἰδεῖν
2778 5430 2868 5486 διά
2923 5445 3081 5485 τινων
3114 5424 3427 5498 τεκμηρίων
3474 5423 3573 5494 τὴν
3624 5421 3817 5493 ἡδονὴν

2230 5526 2657 5596 ἐνδεικνύμενον,
2708 5516 2789 5587 οἷς
2855 5521 2909 5575 εί
2964 5537 3051 5586 τις
3108 5520 3433 5588 κατανόησις
3485 5510 3552 5586 ἦν
3572 5514 3672 5584 τῆς
3723 5512 3815 5566 τοῦ

2229 5618 2386 5688 λόγου
2420 5616 2660 5690 χάριτος,
2695 5616 2795 5669 οὐκ
2831 5613 2898 5669 ἂν
2933 5612 3025 5667 τὸν
3061 5611 3244 5681 κωφὸν
3281 5608 3461 5664 αὐτῶν
3500 5606 3591 5661 καὶ
3633 5604 3813 5660 ταλαί·

2231 5727 2413 5783 ταυρον
2453 5708 2566 5780 βίον
2597 5710 2654 5763 ἐν
2685 5707 2845 5779 ἡδονῇ
2877 5704 3189 5759 διετίθεντο.
3229 5701 3415 5763 υῦτως
3452 5698 3545 5753 καὶ
3578 5696 3672 5749 ἐπὶ
3708 5694 3814 5747 τῶν

2232 5798 2557 5871 ἀνθρώπων,
2612 5792 2695 5864 οἷς
2747 5796 2974 5869 οὐδεμία
3021 5795 3130 5851 τῶν
3182 5791 3400 5864 ἀγαθῶν
3444 5790 3558 5844 ἐστι
3592 5786 3806 5855 γνῶσις,
