4018 6370
231 408 371 466 1229
1319 411 1407 464 DE
1438 409 2336 468 BEATITUDINIBUS.'ORATIO
2378 412 2463 466 lll.
3394 414 3532 467 πετο

226 516 302 576 ὧν
340 526 374 593 ἠ
418 523 595 594 φύσις
633 522 793 596 ἡμῶν
820 524 1213 596 ἀπεστέρηται,
1252 524 1461 589 τούτοις
1502 525 1623 579 καθ’
1662 525 1841 597 ἡδονὴι

1958 527 2260 596 inspexerit
2296 538 2351 583 et
2368 527 2829 590 eonsideraverit,
2862 527 2946 582 vel
2983 542 3092 583 non
3125 528 3180 581 in
3219 525 3387 581 rebus
3434 527 3536 579 tri-

234 617 263 689 ἡ
303 616 407 688 τῆς
462 616 760 689 παρούσης
797 617 942 686 ζωῆς
976 616 1246 685 διαγωγή.

1960 618 2138 673 subus
2178 624 2232 670 et
2263 619 2476 674 acerbis
2510 619 2721 674 versari
2761 618 3043 674 existimet
3067 633 3215 682 eum,
3240 616 3337 687 qui
3366 618 3535 687 hujus

230 710 357 764 vita:
395 710 789 781 voluptatibus
823 726 946 766 sese
982 710 1288 783 immergat.
1340 709 1817 779 Quemadmodum
1857 712 1913 766 in
1976 713 2155 770 brutis
2194 722 2248 769 et
2289 713 2525 770 rationis
2560 715 2882 785 experti-bus
2922 714 3256 770 animalibus
3320 714 3375 769 id
3449 713 3535 767 vi-

230 802 365 858 dere
398 804 535 857 licet
575 821 589 858 :
628 804 830 875 quibus
853 804 1183 860 miserabiiis
1214 805 1432 876 quidem
1498 815 1710 861 naturae
1785 805 2108 861 constitutio
2149 806 2303 878 (quid
2356 808 2499 862 enim
2544 808 2913 863 miserabilius
2987 807 3295 879 privatione
3340 821 3535 861 caren-

234 899 426 969 tiaque
453 900 698 955 rationis
720 907 803 956 est
823 898 889 971 ?),
931 916 1154 956 sensum
1191 917 1325 956 vero
1356 902 1688 957 calamitatis
1736 902 1950 956 nullum
2016 902 2261 965 habent,
2317 904 2413 959 sed
2460 919 2557 974 per
2615 904 2907 974 quamdam
2981 902 3315 972 voluptatem
3366 900 3532 953 etiam

234 994 305 1049 ab
334 994 449 1048 illis
485 995 608 1049 vita
641 994 1001 1067 transigitur:
1028 997 1277 1068 superbit
1316 1005 1372 1052 et
1401 994 1595 1054 ierocit
1624 1012 1821 1068 equus;
1863 1004 2057 1053 taurus
2090 999 2369 1067 pulverem
2430 999 2680 1070 spargit;
2733 1014 2829 1054 sus
2899 997 3060 1068 erigit
3115 1002 3299 1059 setas;
3365 991 3533 1048 catuli

235 1089 475 1157 ludunt;
506 1091 671 1146 vituli
703 1092 940 1159 saltant;
978 1100 1140 1163 atque
1173 1093 1604 1165 unumquodque
1627 1095 1827 1148 animal
1867 1094 2051 1149 videre
2081 1095 2209 1150 licet
2243 1110 2337 1165 per
2359 1104 2511 1150 certa
2536 1096 2782 1166 quaedam
2842 1094 2998 1164 signa
3057 1091 3394 1161 voluptatem
3460 1086 3545 1138 in-

243 1181 609 1254 dicare,quas
642 1184 689 1239 si
719 1184 951 1239 rationis
974 1183 1434 1240 oblectamentum
1453 1187 1638 1257 aliquo
1666 1186 1829 1241 modo
1863 1188 2141 1257 cognitum
2176 1188 2461 1252 haberent,
2525 1188 2799 1259 stupidam
2837 1195 2891 1243 et
2946 1196 3309 1242 aerumnosam
3376 1191 3533 1234 suam

236 1280 410 1336 vitam
462 1296 599 1335 cum
633 1281 913 1353 voluptate
961 1296 1067 1337 non
1110 1282 1497 1353 transigerent.
1556 1282 1633 1338 lta
1685 1299 1745 1340 se
1795 1298 1885 1339 res
1934 1285 2096 1341 etiam
2154 1285 2319 1342 habet
2358 1286 2414 1341 in
2452 1285 2802 1351 hominibus;
2851 1284 2945 1355 qui
2997 1283 3203 1338 nullam
3247 1279 3534 1351 cognatio~

236 1393 363 1433 nem
416 1378 635 1433 habent
672 1378 890 1433 illorum
934 1379 1225 1445 bonorum,
1256 1380 1457 1450 quibus
1497 1389 1692 1437 natura
1729 1389 1919 1438 nostra
1958 1386 2171 1455 privata
2209 1394 2312 1450 est,
2358 1385 2425 1441 ab
2446 1383 2534 1441 bis
2583 1399 2682 1456 per
2741 1384 3070 1453 voluptatem
3126 1393 3369 1451 praesens
3425 1379 3533 1432 vita

237 1470 603 1542 transigitur.

309 1564 637 1619 ’Λκολουθεῖ
648 1564 704 1619 δὲ
723 1565 799 1637 τῷ
815 1568 927 1630 τοῖς
949 1566 1210 1638 παροῦσιν
1228 1570 1318 1641 ἥδε
1328 1569 1469 1633 σθαι,
1485 1569 1544 1623 τὸ
1574 1569 1647 1642 μὴ
1668 1567 1851 1641 ζητεῖν

238 1657 307 1710 τά
328 1656 556 1728 βελτίω.
586 1657 648 1709 '0
669 1656 726 1709 δὲ
751 1656 825 1728 μὴ
853 1656 1051 1727 ζητῶν,
1075 1659 1173 1712 οὐκ
1203 1657 1268 1713 ἂν
1290 1658 1438 1730 εὕροι
1466 1659 1527 1713 τὸ
1554 1659 1734 1730 μόνοις
1762 1659 1841 1730 ζη-

1952 1659 2227 1715 lectantur
2250 1668 2306 1715 et
2339 1659 2727 1730 acquiescunt,
2776 1658 2990 1728 potiora
3022 1655 3133 1711 fere
3164 1671 3271 1709 non
3314 1654 3534 1709 deside-

238 1750 394 1804 τοῦσι
422 1749 896 1821 παραγενόμενον.
931 1749 1140 1804 Οὐκοῦν
1170 1750 1257 1805 διὰ
1289 1751 1448 1805 τοῦτο
1487 1750 1703 1821 όΛόγος
1744 1768 1841 1822 μα-

1953 1760 2076 1806 rent
2107 1760 2269 1822 atque
2300 1752 2602 1821 requirant.
2638 1749 2810 1804 Porro
2855 1749 2949 1818 qui
2993 1764 3102 1803 non
3143 1746 3362 1818 quaerit,
3421 1760 3535 1800 non

241 1840 463 1915 χαρίζει
482 1841 548 1895 τὸ
574 1840 791 1903 πένθος,
809 1841 869 1894 οὐ
892 1840 958 1895 δι’
981 1840 1140 1899 ἑαυτὸ
1171 1843 1372 1913 κρίνων
1391 1838 1528 1897 εἶναι
1556 1842 1841 1914 μακάριον,

1952 1842 2243 1909 invenerit,
2282 1844 2337 1899 id
2369 1843 2518 1914 quod
2549 1844 2682 1900 solis
2706 1841 3079 1914 quzerentibus
3118 1839 3374 1909 obtingit.
3417 1834 3535 1892 llac

2027 1567 2401 1638 Consequitur
2423 1574 2630 1631 autem,
2675 1575 2733 1621 ut
2768 1566 2848 1633 bi,
2880 1565 2974 1636 qui
3027 1562 3388 1634 praasentibus
3436 1562 3534 1617 dc-

241 1933 378 1987 ἀλλὰ
410 1933 504 1987 διὰ
540 1931 607 1987 τὸ
639 1930 700 1998 ἐξ
753 1932 961 1986 ἐκείνου
1001 1934 1462 2005 παραγενόμενον.
1503 1935 1753 1989 Δείκνυσι
1788 1934 1845 1988 δὲ

239 2026 334 2079 τοῦ
371 2026 537 2096 λόγου
579 2026 616 2097 ὴ
657 2025 918 2094 συζυγία,
967 2025 1046 2079 ὅτι
1096 2024 1197 2094 τῆς
1250 2026 1386 2095 πρὸς
1422 2025 1521 2098 τὴν
1562 2025 1846 2097 παράκλη-

243 2134 325 2170 σιν
357 2118 648 2189 ἀναφορᾶς
674 2116 735 2169 τὸ
775 2115 989 2169 πενθεῖν
1026 2117 1211 2181 αὐτοῖς
1246 2117 1359 2170 ἐστι
1399 2117 1688 2188 μακάριον.
1727 2121 1848 2172 Μα-

244 2206 437 2275 κάριοι
468 2207 608 2276 γὰρ,
641 2206 825 2276 φησὶν,
854 2208 909 2259 ol
935 2204 1299 2273 πενθοῦντες
1319 2222 1333 2237 ⁸
1364 2206 1460 2260 καὶ
1483 2206 1584 2259 οὐκ
1620 2206 1847 2276 ἔστησεν

250 2299 312 2351 ὲν
338 2298 521 2370 τούτῳ
559 2297 654 2351 τὸν
695 2297 871 2365 λόγον,
905 2297 1041 2351 ἀλλά
1086 2296 1445 2368 προσέθηκεν,
1500 2299 1631 2351 Ὅτι
1675 2296 1845 2352 αὐτοι

245 2391 855 2460 παρακληθήσονται.
894 2389 961 2442 Ὃ
1009 2407 1098 2461 μοι
1137 2389 1285 2443 δοκεῖ
1325 2387 1847 2461 προκατανενοηκὼς

242 2481 271 2532 ὁ
302 2480 480 2550 μέγας
508 2480 755 2549 Μωῦσῆς
831 2479 1055 2550 (μᾶλλον
1074 2478 1151 2543 δὲ,
1178 2479 1207 2531 ὁ
1233 2478 1292 2532 ἐν
1316 2478 1507 2548 ἐκείνῳ
1538 2478 1712 2532 ταῦτα
1733 2480 1849 2532 δια-

243 2570 459 2625 τάσσων
482 2572 683 2638 Λόγος,
710 2572 768 2624 ἐν
790 2573 911 2634 ταῖς
943 2572 1234 2641 μυστικαῖς
1262 2568 1356 2622 τοῦ
1375 2570 1569 2640 Πάσχα
1596 2588 1847 2644 παρατη-

250 2661 525 2729 ρήσεσιν)·
565 2659 776 2730 ἄζυμον
816 2659 916 2730 μὲν
950 2659 1132 2722 αὐτοῖς
1163 2660 1328 2731 ἄρτον
1359 2660 1417 2713 ἐν
1448 2663 1566 2725 ταῖς
1597 2661 1844 2732 ἑορτασί..

249 2767 370 2819 μοις
402 2751 647 2823 ἡμέραις
674 2749 1053 2821 νομοθετῆσαν
1080 2749 1298 2820 ὅψονσδὲ
1329 2752 1395 2822 τῇ
1432 2749 1633 2823 βρώσει
1662 2752 1845 2824 πικρί-

246 2839 341 2906 δας
371 2840 727 2913 ποιήσασθαι,
756 2841 830 2902 ὡς
852 2841 916 2894 ἂν
941 2842 1029 2894 διά
1054 2841 1161 2894 τῶν
1188 2841 1445 2895 τοιούτων
1475 2842 1738 2912 μάθοιμεν
1763 2845 1845 2897 al-

248 2932 555 3003 νιγμάτων,
586 2933 669 2985 ὅτι
694 2933 793 2986 οὐκ
826 2933 941 2986 ἔστι
969 2932 1068 3002 τῆς
1104 2933 1370 3004 μυστικῆς
1399 2932 1615 3003 ἐκείνης
1648 2935 1845 3006 ἑορτῆς

254 3026 547 3096 μετασχεῖν
583 3024 778 3091 ἄλλως,
810 3026 859 3077 εί
893 3025 967 3095 μὴ
1008 3025 1065 3078 αἱ
1102 3025 1350 3096 πικρίδες
1381 3025 1476 3078 τοῦ
1511 3025 1627 3095 βίου
1653 3028 1843 3084 τούτου

251 3119 316 3188 τῇ
365 3119 512 3189 ἀπλῇ
548 3118 647 3172 καὶ
679 3117 873 3189 ἀζύμῳ
903 3115 1015 3188 ζωῇ
1059 3117 1321 3180 ἑκουσίως
1364 3119 1841 3189 καταμιγνύοιντο.

1950 1935 2117 2007 igitur
2145 1935 2213 1991 de
2250 1950 2417 1992 causa
2442 1936 2680 1992 Verbum
2706 1935 2912 1989 luctum
2951 1934 3167 1988 beatum
3197 1929 3371 1992 ducit,
3418 1944 3526 1983 nou

1953 2025 2100 2096 quod
2149 2041 2273 2081 eum
2324 2033 2549 2097 propter
2591 2026 2835 2095 seipsum
2889 2025 3108 2079 beatum
3141 2021 3374 2092 judicet,
3434 2017 3532 2075 sed

1950 2125 2177 2188 prapter
2211 2117 2266 2171 id
2324 2117 2470 2187 quod
2501 2133 2567 2173 ex
2630 2118 2724 2173 illo
2772 2116 2992 2171 accidit.
3041 2112 3295 2170 Ostendit
3344 2117 3527 2165 autem

1949 2209 2223 2264 sermonis
2284 2217 2598 2277 contextus,
2658 2209 2807 2280 quod
2842 2207 3066 2263 nomine
3118 2206 3405 2262 relationis
3465 2206 3529 2260 ad

1948 2290 2403 2364 consolationem,
2468 2301 2659 2371 lugere
2715 2301 2874 2356 beata
2933 2314 3023 2355 res
3064 2291 3387 2354 hominibus
3436 2297 3530 2352 sit.

1948 2389 2102 2443 Beati
2152 2388 2322 2457 enim,
2359 2390 2558 2461 inquit,
2618 2392 2708 2463 qui
2746 2391 2964 2461 lugent;
2997 2400 3052 2446 et
3106 2406 3217 2446 non
3270 2392 3534 2461 repressit

1949 2489 2112 2553 atque
2138 2482 2311 2538 ﬁnivit
2339 2486 2639 2540 orationem
2660 2485 2715 2539 in
2742 2485 2866 2550 hoc,
2898 2482 2990 2539 sed
3024 2482 3247 2553 adjecit,
3278 2484 3533 2554 quoniam

1948 2574 2049 2643 ipsi
2079 2576 2494 2631 consolationem
2541 2577 2818 2647 accipient.
2860 2575 3034 2643 Quam
3067 2591 3179 2631 rem
3211 2591 3336 2630 cum
3372 2575 3533 2645 longe

1948 2671 2076 2719 ante
2140 2665 2620 2723 animadvertisset
2687 2682 2917 2737 magnus
2977 2666 3067 2721 ille
3120 2664 3334 2736 Moyses
3386 2665 3532 2737 (imo

1948 2772 2099 2821 vero,
2126 2756 2172 2812 is
2198 2758 2291 2828 qui
2319 2758 2434 2813 haec
2464 2757 2518 2812 ir.
2545 2757 2639 2812 illo
2658 2756 3005 2828 disponebat,
3027 2755 3292 2820 Verbum,
3321 2756 3379 2811 in
3415 2772 3532 2826 my-

1948 2848 2102 2903 sticis
2158 2849 2638 2906 observationibus
2703 2848 3003 2918 Paschaz):
3056 2862 3250 2919 panem
3309 2847 3528 2917 quidem

1946 2939 2199 2995 fermenti
2222 2950 2498 3011 expertem
2530 2940 2847 2996 hominibus
2893 2940 2949 2994 in
2980 2938 3174 2994 diebus
3207 2938 3362 2995 festis
3390 2955 3532 3009 prte-

1946 3031 2266 3101 scripsisse:
2301 3032 2590 3088 obsonium
2616 3048 2766 3096 vero,
2798 3047 2909 3101 quo
2938 3039 3314 3094 vescerentur,
3344 3031 3529 3103 intyba

1945 3123 2179 3190 agrestia
2219 3122 2525 3177 instituisse
2554 3121 2772 3177 videtur
2800 3121 2866 3187 “,
2894 3129 2957 3174 ut
2986 3136 3079 3189 per
3101 3120 3371 3190 ejusmodi
3397 3122 3531 3175 teni-

245 3210 341 3263 Διά
382 3209 547 3264 τοῦτο
590 3209 683 3263 καὶ
711 3210 740 3263 ό
792 3208 966 3280 μέγας
1000 3210 1182 3273 Δαϐὶδ,
1214 3210 1388 3263 καίτοι
1433 3210 1495 3263 τὸ
1542 3211 1840 3282 ἀκρότατον

1944 3219 2125 3281 gmata
2156 3220 2317 3282 atque
2349 3213 2630 3268 involucra
2665 3212 3025 3274 disceremus,
3058 3212 3206 3283 quod
3273 3213 3366 3267 illo
3417 3227 3531 3284 my-

246 3301 348 3372 τῆς
388 3299 742 3373 ἀνθρωπίνης
770 3299 1067 3372 εὐκληρίας
1104 3300 1303 3372 μέτρον
1330 3300 1493 3371 (λέγω
1525 3302 1590 3375 δὴ
1622 3302 1719 3374 τὴν
1748 3303 1844 3374 βα-

249 3394 476 3465 σιλείαν)
511 3394 643 3466 περὶ
669 3393 859 3448 ἐαυτὸν
893 3392 1125 3464 βλέπων·
1154 3394 1391 3463 δαψιλῶς
1421 3395 1703 3449 ἐπιϐάλλει
1734 3395 1842 3451 τῶν

247 3488 510 3559 πικρίδων
546 3490 615 3559 τῇ
650 3484 842 3540 ἑαυτοῦ
879 3485 990 3557 ζωῇ
1034 3485 1304 3550 στενάζων
1351 3488 1412 3540 ἐν
1455 3488 1670 3560 οἰμωγῇ
1694 3529 1708 3552 ,
1746 3489 1843 3541 καὶ

249 3576 458 3650 θρηνῶν
489 3579 591 3651 τὴν
626 3579 935 3649 παράτασιν
966 3579 1065 3649 τῆς
1092 3580 1149 3632 ὲν
1186 3578 1352 3649 σαρκὶ
1391 3580 1706 3651 παροικίας,
1748 3580 1842 3634 καὶ

250 3666 536 3734 ἐκλείπων,
580 3668 689 3722 ὑπὸ
720 3671 820 3739 τῆς
850 3666 957 3722 τῶν
992 3666 1252 3739 μειζόνων
1293 3654 1610 3739 ἐπιθυμίας,
1651 3670 1839 3741 φησὶν,

244 3756 406 3826 Οἵμοι
431 3759 521 3813 ὅτι
556 3759 595 3826 ἠ
636 3759 915 3827 παροικία
934 3776 1053 3828 μου
1081 3759 1444 3828 ἑμακρύγθη.
1489 3760 1747 3831 Ἐτέρωθι
1783 3761 1841 3815 δὲ

252 3847 384 3918 πρὸς
411 3848 472 3901 τὸ
507 3847 703 3911 κάλλος
729 3848 837 3901 τῶν
878 3833 1048 3902 θείων
1072 3849 1447 3919 σκηνωμάτων
1477 3850 1664 3914 ἀτενὲς
1695 3852 1837 3905 ἀπο-

258 3938 489 4006 ελέπων,
543 3939 786 3993 ἐκλιπεῖν
832 3939 934 3992 ὑπὸ
980 3938 1078 4010 τῆς
1130 3939 1424 4011 ἐπιθυμίας
1461 3942 1613 4012 φησι,
1667 3942 1726 3996 τὸ
1778 3944 1839 3997 ἐν

254 4032 495 4102 ἐσχάτοις
531 4033 650 4085 ἐκεῖ
690 4030 969 4100 τετάχθαι,
1002 4029 1096 4083 τοῦ
1131 4029 1431 4101 πρωτεύειν
1460 4032 1518 4084 ἐν
1546 4034 1659 4096 τοῖς
1689 4051 1838 4105 παρ-

249 4119 387 4186 οὖσι,
437 4122 829 4195 προτιμότερον
870 4120 1047 4191 ἐαυτῷ
1080 4121 1300 4192 κρίνων.
1336 4122 1397 4174 El
1447 4121 1505 4174 δέ
1547 4140 1632 4186 τις
1666 4123 1826 4194 ἀκρι-

251 4208 502 4285 ϐέστερον
556 4212 890 4281 κατανοῆσαι
943 4211 1186 4283 βούλοιτο
1250 4208 1343 4265 τοῦ
1396 4214 1833 4285 μακαριζομένου

248 4299 431 4355 τούτου
464 4301 696 4366 πένθους
723 4302 819 4372 τὴν
847 4301 1094 4374 δύναμιν,
1147 4302 1535 4372 ἐπισκεψάσθω
1566 4304 1743 4376 ἐαυτῷ
1776 4306 1834 4358 ἐν

248 4391 323 4461 τῷ
373 4394 516 4448 κατά
547 4393 636 4448 τὸν
679 4392 928 4463 Λάζαρον
966 4394 1061 4447 καὶ
1090 4392 1180 4448 τὸν
1209 4393 1461 4449 πλούσιον
1491 4396 1828 4468 διηγήματι,

250 4482 306 4535 ἐν
330 4476 374 4551 ᾧ
394 4485 626 4557 γυμνότε
637 4501 726 4557 ρον
751 4484 813 4537 τὸ
839 4482 1078 4538 τοιοῦτον
1098 4484 1273 4554 δόγμα
1301 4486 1431 4556 ἡμῖν
1454 4487 1826 4558 σαφηνίζεται.

1947 3305 2089 3359 stico
2122 3304 2263 3359 festo
2298 3306 2458 3362 aliter
2487 3305 2593 3360 frui
2622 3322 2731 3361 non
2765 3306 2948 3371 liceat,
2981 3308 3088 3361 nisi
3139 3307 3323 3363 saeculi
3363 3305 3530 3376 hujus

1946 3392 2130 3465 intyba
2167 3410 2354 3449 amara
2408 3396 2665 3465 simplici,
2699 3403 2754 3450 et
2801 3411 2831 3450 a
2872 3394 3142 3452 fermento
3177 3412 3363 3453 vacuae
3405 3396 3531 3451 vitae

1944 3493 2140 3555 sponte
2200 3492 2388 3541 nostra
2448 3487 2879 3542 immisceantur.
2935 3485 3235 3556 Propterea
3296 3502 3529 3557 magnus

1943 3591 2161 3645 quoque
2198 3575 2384 3643 David,
2416 3577 2634 3632 tametsi
2667 3591 2941 3631 summum
2972 3579 3225 3632 humanae
3250 3576 3528 3633 felicitatis

1943 3667 2219 3737 fastigium
2254 3668 2273 3740 (
2317 3669 2385 3724 de
2422 3683 2592 3741 regno
2639 3668 2897 3724 nimirum
2927 3669 3160 3742 loquor)
3205 3668 3414 3724 circum
3467 3685 3527 3726 se

1941 3772 2210 3826 cerneret,
2262 3762 2484 3833 largiter
2542 3770 2723 3817 tamen
2758 3762 2826 3819 de
2887 3762 3093 3834 intybis
3147 3764 3348 3819 amaris
3411 3780 3526 3820 suze

1939 3852 2065 3907 vita:
2098 3852 2318 3923 adjicit,
2374 3855 2659 3924 suspirans
2723 3854 2781 3908 in
2824 3852 3053 3922 ejulatu,
3113 3869 3177 3910 ac
3234 3854 3524 3924 deplorans

1940 3945 2379 4015 prorogationem
2410 3944 2773 4018 inquilinatus
2820 3946 2875 4000 in
2911 3959 3096 4011 carne,
3152 3946 3524 4018 deﬁciensque

1941 4052 2052 4106 prae
2099 4036 2398 4107 cupiditate
2448 4053 2512 4094 ac
2543 4038 2815 4095 desiderio
2849 4055 3031 4095 rerum
3086 4040 3374 4110 majorum,
3422 4040 3525 4095 llei

1940 4128 2091 4190 mihi,
2126 4128 2326 4198 inquit,
2373 4130 2626 4200 quoniam
2678 4129 3030 4200 inquilinatus
3065 4147 3209 4185 meus
3239 4131 3523 4201 prolonga-

1943 4227 2025 4274 tus
2060 4227 2138 4274 est
2165 4220 2237 4274 "l
2278 4219 2336 4274 In
2366 4221 2475 4276 alio
2503 4237 2633 4276 vero
2662 4222 2782 4276 loco
2816 4222 3279 4293 pulchritudinem
3310 4222 3525 4280 divino.

1940 4329 2062 4368 rum
2096 4314 2579 4370 tabernaculorum
2622 4313 2816 4371 deﬁxis
2851 4317 3027 4373 oculis
3087 4326 3375 4384 contuens,
3410 4334 3524 4388 prae

1935 4403 2211 4459 desiderio
2240 4404 2474 4460 deiicere
2501 4421 2561 4460 se
2590 4405 2687 4471 ait,
2719 4406 3085 4475 pra'stabilius
3112 4406 3217 4460 sibi
3261 4422 3383 4461 esse
3417 4407 3522 4459 du-

1935 4510 2071 4549 cens
2104 4493 2216 4547 illic
2263 4493 2318 4547 in
2371 4495 2632 4550 extremis
2679 4495 3007 4549 collocatum
3063 4510 3208 4561 esse,
3266 4511 3428 4566 quam
3463 4496 3520 4551 in

250 4556 555 4645 Μνήσθήτι
580 4556 708 4648 γάρ,
743 4575 907 4645 φησὶν
932 4576 960 4628 ό
994 4574 1244 4647 Ἀϐραὰμ
1272 4575 1410 4646 πρὸς
1433 4576 1522 4628 τὸν
1551 4556 1826 4645 πλούσιον,

1942 4586 2104 4640 rebus
2138 4584 2500 4655 praesentibus
2556 4585 2762 4654 primas
2816 4592 3019 4641 tenere.
3076 4584 3231 4653 Quod
3282 4556 3333 4644 si
3394 4589 3518 4658 quis

250 4664 335 4719 ὅτι
355 4669 648 4735 ἀπέλαϐες
676 4668 747 4722 τὰ
769 4666 961 4738 ἀγαθά
981 4684 1096 4721 σου
1124 4666 1285 4736 ἐντῇ
1315 4666 1429 4737 ζωῇ
1454 4683 1591 4723 σου’
1618 4671 1835 4739 ὁμοίως

250 4756 315 4810 δὲ
331 4761 427 4815 καὶ
446 4765 479 4816 ὁ
499 4762 767 4831 Λάζαρος
785 4761 859 4814 τὰ
875 4760 1048 4814 κακά’
1071 4758 1168 4813 διὰ
1187 4759 1362 4813 τοῦτο
1385 4755 1564 4827 οὗτος
1580 4759 1700 4830 μὲν
1718 4774 1831 4815 πα-

248 4854 609 4918 ρακαλεῖται,
635 4852 717 4907 σὺ
745 4850 813 4904 δὲ
834 4849 1151 4905 ὀδυνᾶσαι.
1176 4851 1358 4904 Ἔοικε
1374 4850 1503 4924 γὰρ,
1526 4853 1713 4925 ἐπειδὴ
1734 4854 1834 4925 τῆς

250 4941 455 5014 ἀγαθῆς
479 4945 573 5000 τοῦ
600 4945 735 4999 Θεοῦ
764 4944 892 5015 περὶ
920 4943 1013 4997 τὸν
1041 4941 1326 5014 ἄνθρωπον
1357 4945 1666 5015 οἰκονομίας
1717 4947 1826 5000 ἀπ·-

252 5033 472 5107 έστησεν
503 5039 653 5108 ἡμᾶς
683 5039 719 5109 ἡ
753 5036 1008 5099 ἀϐουλία,
1043 5035 1242 5108 μᾶλλον
1291 5035 1349 5090 δὲ
1397 5038 1429 5108 ἡ
1478 5037 1829 5091 κακοϐουλίαο

258 5122 348 5175 τοῦ
384 5130 491 5201 γὰρ
510 5129 642 5183 θεοῦ
671 5129 866 5200 ἀμιγὲς
892 5129 985 5182 τοῦ
1006 5128 1178 5181 κακοῦ
1202 5129 1262 5181 τὸ
1285 5128 1490 5198 ἀγαθὸν
1519 5131 1576 5184 ἐν
1595 5133 1662 5203 τῇ
1691 5131 1831 5184 ἀπον

230 5213 433 5271 ηλαύσει
468 5220 624 5291 ἡμῶν
665 5220 1121 5291 νομοθετήσαντος
1141 5258 1156 5283 ,
1188 5219 1283 5272 καὶ
1320 5221 1720 5292 καταμιγνύναι
1752 5220 1829 5293 τῷ

253 5307 397 5379 καλῷ
426 5311 523 5384 τὴν
546 5312 641 5366 τοῦ
670 5312 843 5367 κακοῦ
874 5314 1068 5383 πεῖραν
1097 5311 1606 5383 ἀπαγορεύσαντος,
1638 5314 1827 5387 ἐπειδὴ

251 5399 406 5469 ἡμεῖς
432 5404 536 5461 ὑπὸ
566 5403 901 5476 λαιμαργίας
924 5402 1184 5467 ἑκουσίως
1224 5402 1318 5459 τοῦ
1362 5406 1602 5459 ἐναντίου
1636 5407 1823 5474 ἐνεφο-
1850 5433 1853 5436 ⁴

256 5491 493 5564 ρήθημεν
549 5496 725 5569 (λέγω
751 5497 809 5549 δὲ
854 5496 953 5567 τῆς
998 5495 1093 5551 τοῦ
1141 5497 1284 5551 θείου
1317 5498 1491 5567 Λόγου
1542 5499 1825 5570 παρακοῆς

255 5581 729 5661 ἀπογευσάμενοι)ο
756 5588 846 5642 διὰ
868 5588 1028 5642 τοῦτο
1050 5588 1156 5661 χρὴ
1180 5590 1395 5655 πάντως
1425 5593 1482 5644 ἐν
1501 5590 1827 5661 ἀμφοτέροις

172 5730 176 5737 .
254 5676 494 5741 γενέσθαι
510 5682 605 5752 τὴν
624 5681 971 5753 ἀνθρωπίνην
988 5681 1273 5751 φύσινριαὶ
1293 5684 1582 5754 μετασχεῖν
1598 5684 1654 5736 ἓν
1673 5682 1824 5763 μέρει

1932 4674 2152 4746 plenius
2192 4674 2338 4730 beati
2371 4674 2539 4744 hujus
2575 4676 2755 4731 luctus
2802 4677 2911 4731 vim
2940 4678 3299 4749 contemplari
3358 4686 3521 4750 atque

1931 4764 2375 4820 animadvertere
2406 4765 2558 4829 velit,
2592 4765 2906 4821 consideret
2928 4782 3052 4821 eum
3079 4767 3134 4821 in
3182 4768 3274 4822 illa
3331 4783 3517 4824 narra—
3548 4830 3549 4833 η

1931 4856 2103 4921 tione,
2134 4870 2256 4926 quze
2287 4855 2354 4910 de
2373 4854 2581 4912 Lazaro
2610 4871 2674 4911 ac
2702 4855 2869 4912 divite
2904 4855 3000 4929 (in
3041 4856 3376 4930 Evangelia)
3412 4860 3512 4913 ha-

1927 4945 2113 5014 betur,
2149 4948 2238 5001 ubi
2265 4947 2535 5018 ejusmodi
2566 4948 2814 5003 doctrina
2845 4950 3003 5006 nobis
3047 4951 3293 5021 apertius
3335 4950 3518 5005 decla-

1932 5047 2133 5094 ratur:
2163 5037 2425 5093 Memento
2445 5040 2612 5105 enim,
2650 5040 2826 5110 inquit
2858 5039 3132 5096 Abraham
3166 5038 3233 5094 ad
3267 5040 3514 5105 divitem,

1931 5131 2075 5204 quod
2108 5132 2362 5203 receperis
2399 5130 2535 5186 bona
2566 5142 2657 5185 tua
2694 5133 2749 5186 in
2781 5133 2887 5186 vita
2917 5140 3047 5187 tua:
3110 5132 3355 5186 similiter
3390 5132 3515 5186 item

1930 5221 2180 5277 Lazarus
2215 5237 2419 5294 quoque
2478 5224 2647 5278 mala.
2707 5221 2914 5276 Idcirco
2944 5224 3027 5276 hic
3058 5222 3265 5294 quidem
3323 5224 3516 5278 solatio

1931 5314 2157 5384 fruitur,
2197 5324 2252 5368 tu
2286 5331 2406 5369 vero
2428 5317 2685 5370 cruciaris
2713 5315 2775 5370 “.
2808 5315 2913 5370 Par
2943 5317 3087 5371 enim
3120 5323 3176 5371 et
3225 5326 3517 5373 consenta-

1929 5424 2097 5462 neum
2135 5406 2187 5461 id
2229 5414 2333 5471 est,
2368 5405 2811 5478 quandoquidem
2843 5407 3094 5472 ἀόουλία,
3127 5408 3229 5462 hoc
3258 5417 3362 5473 est,
3392 5425 3519 5465 con-

1930 5502 2038 5557 silii
2081 5509 2432 5571 contemptus
2462 5507 2514 5555 et
2540 5500 2844 5565 temeritas,
2876 5500 2986 5554 imo
3025 5515 3153 5555 vero
3190 5500 3515 5555 κακοδουλία

1935 5593 1986 5647 id
2022 5603 2133 5655 est,
2188 5609 2414 5664 pravum
2453 5592 2778 5659 .consilium,
2812 5609 2913 5650 nos
2973 5609 2998 5648 a
3054 5593 3194 5649 bona
3234 5594 3326 5648 Dei
3367 5594 3513 5649 circa

1938 5688 2218 5740 nominem
2272 5684 2635 5754 dispositione
2675 5692 2839 5755 atque
2900 5682 3380 5753 administratione
3417 5684 3515 5739 ab-

324 5851 366 5887 “
405 5855 572 5915 Exod.
604 5875 718 5920 ιιι,
752 5859 806 5916 8.
884 5844 1113 5912 ¹³ιΡεεΙ.
1149 5873 1272 5913 cxu
1297 5896 1313 5921 .
1348 5858 1402 5914 5.
1482 5859 1526 5891 “
1562 5857 1697 5914 Luc.
1732 5874 1852 5921 ιη.
1882 5859 1970 5914 25.
