4018 6364
556 357 689 410 1231

1767 349 1824 408 S.
1863 350 2196 409 GREGORll
2230 349 2523 408 NYSSENI

3700 353 3830 407 1239

554 468 732 526 duxit.
762 468 897 524 Nam
937 483 1057 523 cum
1104 466 1247 524 Deus
1306 465 1511 521 bonum
1563 465 1717 520 nulla
1781 466 2134 536 permistione

2241 465 2335 519 τοῦ
2369 483 2427 519 τε
2454 463 2749 528 λυποῦντος
2771 463 2866 519 καὶ
2892 461 2986 518 τοῦ
3007 463 3410 535 εὐφραίνοντος.
3449 461 3556 518 Δύο
3581 463 3639 517 δὲ
3666 466 3831 520 ὄντων

555 578 683 617 cum
719 563 864 615 malo
894 560 1187 616 confusum
1220 561 1380 616 nobis
1409 557 1701 614 fruendum
1735 558 2134 629 proposuisset,

560 655 935 723 vetuissetque
965 653 1357 723 experientiam
1407 652 1536 706 mali
1571 666 1696 704 cum
1735 651 1881 705 bono
1938 651 2138 721 permi-

557 747 719 809 sceri,
753 744 1013 813 quoniam
1045 760 1154 815 prze
1185 744 1424 815 ingluvie
1455 750 1651 812 sponte
1697 753 1884 797 nostra
1916 751 2137 798 contra-

558 837 639 889 rio
672 836 960 904 degustato
991 834 1148 905 (dico
1179 842 1360 890 autem
1389 834 1456 888 de
1494 831 1660 887 Verbi
1693 831 1866 886 divini
1900 840 2138 886 contem-

559 935 654 998 ptu
685 933 740 982 et
769 924 1172 994 inobedientia)
1211 939 1311 978 nos
1362 923 1819 994 ingurgitavimus
1868 932 1923 979 et
1955 923 2137 992 exple-

558 1020 757 1085 vimus,
794 1017 1001 1072 idcirco
1030 1030 1260 1086 prorsus
1281 1015 1578 1069 humanam
1607 1024 1861 1068 naturam
1893 1015 1946 1068 in
1977 1014 2139 1069 utris‘

556 1126 664 1180 que
698 1109 930 1173 versari,
989 1113 1102 1160 tres
1125 1104 1288 1160 modo
1313 1102 1522 1166 tristes,
1544 1100 1706 1156 modo
1733 1097 2135 1160 laetasiuvicem

557 1202 793 1272 experiri
819 1208 1053 1270 oportet.
1085 1197 1260 1253 Porro
1301 1212 1426 1252 cum
1455 1196 1562 1251 duo
1600 1195 1710 1251 sint
1763 1199 1981 1262 sazcula,
2031 1196 2134 1251 du-

557 1292 790 1361 plexque
844 1292 953 1344 vita
988 1305 1086 1361 per
1123 1295 1418 1358 utrumque
1469 1287 1728 1343 saeculum
1786 1285 2136 1358 peculiariter

563 1381 984 1448 consideretur;
1031 1388 1195 1450 atque
1233 1379 1419 1434 itidem
1450 1377 1634 1432 laetitia
1669 1392 1888 1448 quoque
1916 1376 2135 1446 duplex,

559 1474 664 1526 alia
695 1473 912 1545 quidem
951 1471 1006 1525 in
1056 1472 1160 1526 hoc
1199 1470 1419 1537 saeculo,
1481 1469 1588 1524 alia
1612 1483 1744 1525 vero
1794 1469 1851 1525 in
1895 1482 1960 1523 eo
1993 1465 2139 1537 quod

561 1581 658 1635 per
684 1579 834 1633 spem
861 1564 1022 1618 nobis
1051 1564 1392 1633 propositum
1427 1569 1533 1627 est,
1580 1567 1896 1632 spectetur:
1933 1557 2140 1614 beatiﬁ-

559 1670 684 1708 cum
717 1654 882 1708 fuerit
911 1653 1358 1718 existimandum,
1395 1654 1443 1708 si
1471 1653 1597 1722 quis
1650 1651 1962 1722 portionem
1997 1647 2137 1703 laeti-

558 1746 646 1799 tiae
672 1761 766 1814 per
802 1759 929 1799 vera
990 1744 1133 1798 bona
1170 1743 1225 1798 in
1272 1745 1668 1813 sempiternum
1728 1740 1990 1796 saeculum
2051 1753 2139 1793 re-

557 1838 757 1893 condat
785 1851 798 1889 :
826 1837 1064 1892 tristitiae
1094 1852 1223 1892 vero
1253 1851 1456 1891 munus
1491 1836 1547 1890 in
1576 1835 1678 1890 hac
1703 1834 1858 1890 brevi
1885 1848 1949 1887 ac
1995 1839 2135 1888 tem-

557 1928 778 1999 poraria
808 1928 921 1981 vita
945 1927 1184 1997 expleat,
1244 1942 1354 1981 non
1386 1928 1442 1981 in
1481 1925 1684 1980 damno
1715 1939 1780 1979 ac
1811 1923 2137 1979 detrimento

556 2033 785 2087 ponens,
818 2016 865 2072 si
907 2016 1086 2086 aliqua
1150 2030 1335 2070 rerum
1365 2032 1554 2071 earum
1601 2015 1870 2086 privetur,
1905 2017 2026 2083 Quae
2080 2012 2138 2067 in

553 2108 657 2160 hac
681 2106 790 2159 vita
819 2120 1015 2160 suaves
1042 2120 1107 2159 ac
1135 2104 1394 2175 iucundae
1427 2113 1556 2162 sunt
1584 2124 1597 2160 :
1637 2105 1734 2161 sed
1781 2104 1828 2159 si
1866 2103 1996 2158 dum
2031 2103 2139 2159 illis

550 2195 752 2250 fruitur
777 2201 940 2264 atque
970 2197 1197 2265 potitur,
1234 2197 1524 2252 meliorum
1557 2212 1621 2252 ac
1651 2196 1922 2268 potiorum
1961 2195 2134 2251 bono-

552 2301 673 2340 rum
698 2285 966 2356 jacturam
1001 2283 1186 2339 faciat.
1210 2285 1483 2352 Quocirca
1518 2289 1563 2344 si
1608 2289 1830 2343 beatum
1876 2289 2134 2360 judican-

551 2379 680 2432 dum
711 2383 814 2440 est,
855 2375 908 2428 in
944 2374 1172 2432 inlinitis
1238 2379 1488 2446 saeculis,
1533 2395 1820 2449 nunquam
1870 2380 2131 2446 ﬁnienda,

549 2467 648 2522 sed
675 2467 730 2522 in
755 2471 1076 2537 perpetuum
1115 2466 1377 2524 duratura
1402 2469 1589 2525 laetitia
1617 2470 1745 2534 frui,
1791 2485 1857 2525 ac
1905 2486 2134 2540 prorsus

2240 552 2390 622 βίων,
2437 552 2532 606 καὶ
2574 551 2766 622 διπλῆς
2813 551 2912 622 τῆς
2944 551 3092 620 ζωῆς
3116 551 3237 604 καθ’
3267 552 3527 621 ἑκάτερον
3562 552 3673 605 τῶν
3704 552 3833 618 βίων

2241 643 2549 708 ἰδιαζόντως
2571 643 2968 714 θεωρουμένης,
2991 641 3251 706 ὡσαύτως
3282 641 3337 695 δὲ
3366 643 3460 696 καὶ
3491 643 3831 713 εὐφροσύνης

2236 733 2448 803 διπλῆς*
2484 733 2585 802 τῆς
2615 733 2711 804 μὲν
2741 735 2796 786 ὲν
2825 732 2902 803 τῷ
2933 733 3031 803 βίῳ
3056 732 3252 803 τούτῳ,
3283 735 3384 803 τῆς
3425 731 3482 785 δὲ
3509 731 3571 783 ὲν
3606 732 3688 802 τῷ
3713 735 3830 786 κατ’

2237 826 2461 889 ἐλπίδας
2513 828 2644 896 ἡμῖν
2690 825 3054 898 προκειμένῳ·
3113 823 3450 896 μακαριστὸν
3502 824 3571 878 ἂν
3609 824 3703 894 εἴη

2237 918 2334 987 τῆς
2359 916 2696 988 εὐφροσύνης
2725 919 2918 988 μοῖραν
2944 919 3054 979 τοῖς
3076 917 3346 986 ἀληθινοῖς
3372 915 3603 984 ἀγαθοῖς
3632 918 3718 978 είς
3741 915 3828 968 τὸν

2239 1010 2409 1064 ἀΐδιον
2438 1009 2735 1063 ἀποθέσθαι
2777 1009 2907 1079 βίον·
2941 1009 3038 1078 τῆς
3066 1008 3122 1061 δὲ
3142 1007 3316 1078 λύπης
3343 1005 3708 1076 ἐκπληρῶσαι
3735 1006 3832 1075 τὴν

2237 1100 2576 1171 λειτουργίαν
2593 1103 2649 1153 ὲν
2671 1102 2737 1172 τῇ
2769 1099 2996 1171 βραχείᾳ
3020 1098 3190 1170 ταύτῃ
3213 1099 3306 1152 καὶ
3331 1099 3661 1169 προσκαίρῳ
3693 1100 3829 1168 ζωῇ,

2239 1194 2440 1264 ζημίαν
2471 1192 2812 1264 ποιούμενον,
2846 1193 2906 1246 οὐ
2937 1193 2996 1246 τὸ
3023 1192 3348 1264 στερηθῆναί
3378 1210 3519 1254 τινος
3547 1193 3662 1244 τῶν
3692 1193 3831 1246 κατά

2238 1284 2328 1336 τὸν
2361 1283 2474 1353 βίον
2516 1284 2704 1337 τοῦτον
2744 1284 2934 1354 ἡδέων,
2967 1284 3101 1338 ἀλλά
3128 1285 3190 1337 τὸ
3219 1284 3305 1337 διά
3331 1284 3428 1353 τῆς
3468 1283 3831 1346 ἀπολαύσεως

2239 1373 2445 1428 τούτων
2473 1376 2530 1428 ὲν
2569 1374 2882 1428 ἁποπτὼσει
2925 1375 3034 1429 τῶν
3073 1377 3372 1446 ἀμεινόνων
3403 1376 3681 1444 γενέσθαι.
3722 1376 3830 1428 Οὑ-

2241 1465 2372 1520 κοῦν
2401 1466 2449 1518 εἰ
2483 1467 2819 1537 μακαριστόν
2850 1468 2996 1521 ἐστιν
3029 1467 3088 1521 τὸ
3118 1469 3177 1521 ὲν
3206 1470 3316 1532 τοῖς
3343 1468 3595 1537 ἀπείροις
3629 1467 3832 1521 αἰῶσιν

2240 1557 2526 1612 ἀτέλεστόν
2554 1575 2613 1611 τε
2655 1558 2748 1611 καί
2775 1558 2947 1611 εἰσαεί
2977 1557 3441 1630 παρατεινομένην
3474 1558 3574 1628 τὴν
3621 1557 3828 1628 εὐφρο-

2243 1652 2407 1724 σύνην
2435 1652 2596 1722 ἔχειν·
2627 1653 2707 1707 δεῖ
2745 1653 2801 1706 δὲ
2835 1652 3051 1716 πάντως
3077 1652 3373 1722 γεύσασθαι
3407 1651 3635 1704 καὶτῶν
3665 1651 3828 1702 ἐναν-

2241 1744 2370 1798 τίων
2417 1743 2516 1815 τὴν
2561 1744 2907 1816 ἀνθρωπίνην
2957 1743 3136 1813 φύσιν·
3189 1744 3372 1797 οὐκέτι
3410 1741 3643 1813 χαλεπόν
3710 1743 3829 1793 ἐστι

2241 1836 2469 1889 συνιδεῖν
2501 1835 2594 1889 τοῦ
2643 1835 2801 1904 λόγου
2834 1835 2894 1888 τὸ
2940 1834 3207 1906 βούλημα,
3243 1835 3330 1889 διὰ
3375 1834 3426 1888 τί
3470 1833 3739 1904 μακάριοι
3783 1832 3829 1884 οἱ

2235 1926 2330 1982 νῦν
2361 1926 2681 1990 πενθοῦντες
2700 1969 2713 1991 ,
2746 1927 2900 1980 αὐτοὶ
2933 1925 3040 1998 γὰρ
3083 1929 3162 1990 εἰς
3189 1926 3316 1990 τοὺς
3335 1925 3594 1995 ἀπείρους
3619 1923 3830 1985 αἰῶνας

2235 2019 2772 2090 παρακληθήσονται·
2803 2020 2836 2088 ἡ
2871 2018 2928 2071 δὲ
2958 2019 3336 2090 παράκλησις,
3371 2019 3434 2072 ὲκ
3454 2018 3550 2089 τῆς
3580 2016 3678 2070 τοῦ
3713 2017 3828 2069 Πα-

2237 2109 2506 2181 ρακλήτου
2567 2109 2856 2180 μετουσίας
2903 2109 3133 2177 γίνεται.
3185 2110 3309 2164 Ἶδία
3351 2109 3460 2180 γὰρ
3507 2109 3604 2162 τοῦ
3647 2109 3828 2163 Ilvati-

2239 2218 2407 2271 ματος
2461 2202 2711 2273 ἐνέργεια
2761 2203 2795 2273 ἡ
2844 2204 2944 2273 τῆς
2994 2201 3390 2274 παρακλήσεως
3436 2201 3597 2272 χάρις
3648 2200 3824 2253 ἐστίν’

2237 2286 2306 2364 ἧς
2338 2293 2431 2346 καὶ
2463 2294 2622 2362 ἡμεῖς
2663 2291 3045 2364 ἀξιωθείημεν,
3090 2294 3272 2366 χάριτι
3309 2291 3401 2345 τοῦ
3426 2291 3631 2363 Κυρίου
3660 2291 3823 2360 ἡμῶν

2253 2382 2429 2454 Ἰησοῦ
2475 2383 2734 2455 Χριστοῦ,
2762 2376 2806 2452 ᾧ
2845 2387 2878 2455 ὴ
2911 2382 3036 2449 δόξα
3065 2385 3144 2448 εἰς
3181 2383 3309 2448 τοὺς
3334 2383 3531 2447 αἰῶνας
3554 2383 3662 2436 τῶν
3694 2379 3826 2434 αἰώ-

2240 2490 2369 2528 νων.
2411 2476 2604 2548 Ἀμήν.

551 2564 715 2620 etiam
746 2568 1029 2623 contraria
1056 2568 1350 2639 degustare
1375 2557 1626 2620 naturam
1646 2565 1938 2620 humanam
1967 2575 2217 2637 Oportet:
2251 2584 2362 2624 non
2392 2571 2628 2641 amplius
2695 2571 2914 2627 diﬂicile
2983 2577 3069 2628 est
3135 2569 3445 2642 perspicere
3513 2575 3568 2622 et
3620 2565 3828 2620 intellio

549 2675 678 2728 gere
703 2663 1033 2718 sententiam
1069 2664 1360 2729 orationis,
1384 2677 1485 2717 cur
1513 2662 1659 2718 beati
1688 2662 1819 2730 sint,
1852 2663 1946 2734 qui
1984 2679 2135 2720 nunc
2171 2665 2378 2737 lugent,
2408 2668 2671 2738 quoniam
2721 2668 2984 2745 nimirum
3055 2667 3163 2736 ips:
3217 2665 3429 2720 infinita
3490 2663 3545 2718 in
3613 2661 3826 2716 saecula

550 2751 747 2808 solatio
782 2751 1055 2808 fruentur.
1083 2751 1354 2807 Solatium
1391 2758 1580 2806 autem
1609 2766 1679 2806 ex
1711 2751 2135 2820 consuetudine,
2176 2769 2280 2810 usu
2343 2764 2508 2827 atque
2578 2757 3074 2813 communicatione
3106 2755 3398 2819 Paracleti,
3438 2754 3491 2808 id
3529 2763 3609 2809 est
3651 2753 3826 2806 advo-

549 2847 657 2902 cati
708 2854 764 2904 et
812 2848 1184 2903 consolatoris
1240 2846 1481 2902 exsistit.
1514 2845 1927 2903 Consolationis
1999 2849 2147 2903 enim
2223 2851 2398 2923 gratia
2468 2853 2751 2924 peculiare
2792 2851 3032 2923 Spiritus
3091 2866 3231 2922 opus
3285 2856 3413 2906 est:
3452 2862 3617 2918 quam
3651 2846 3824 2903 etiam

549 2958 653 2998 nos
680 2957 1102 3012 consequamur,
1137 2943 1313 3012 gratia
1336 2941 1552 2996 Domini
1582 2941 1760 2996 nostri
1799 2939 1930 2998 Jesu
1966 2942 2196 3012 Christi,
2225 2946 2281 3002 in
2318 2948 2520 3004 saecula
2545 2948 2900 3006 saeculorum.
2929 2947 3127 3002 Amen.

1155 3057 1412 3114 ORATIO
1458 3057 1548 3115 IV.

2480 3093 2484 3096 ·
2866 3066 3086 3121 ΛΟΓΟΣ
3122 3066 3193 3117 Δ’.

556 3147 708 3204 Beati
736 3148 829 3220 qui
861 3149 1105 3205 esuriant
1132 3158 1182 3204 et
1210 3150 1408 3227 sitiant.
1420 3149 1717 3227 justitiam,
1753 3152 2004 3219 quoniam
2036 3153 2134 3221 ipsi

2239 3157 2528 3227 Μακάριοι
2559 3162 2613 3214 οἱ
2644 3156 2988 3223 πεινῶντες,
3005 3155 3112 3227 ,καί
3141 3153 3432 3227 διψῶντες
3459 3150 3573 3218 τὴν
3601 3150 3828 3207 δικαιο-

1108 3219 1496 3273 saturabuntur
1525 3219 1590 3273 ¹³⁵.

623 3309 728 3378 Qui
759 3309 1045 3366 medicina:
1073 3311 1236 3382 periti
1269 3317 1417 3377 sunt,
1444 3293 1602 3364 aiunt
1637 3325 1756 3377 eos,
1815 3311 1910 3382 qui
1962 3327 1993 3368 e
2023 3321 2138 3369 sto-

553 3401 750 3455 macho
789 3400 1063 3466 laborant,
1114 3408 1170 3457 et
1204 3401 1361 3457 cibos
1423 3401 1736 3468 fastidiunt,
1797 3418 1923 3457 cum
1982 3404 2138 3474 pravi

551 3490 776 3559 quidam
821 3491 975 3547 succi
1004 3498 1056 3546 et
1089 3490 1350 3562 superﬂui
1384 3491 1642 3548 humores
1689 3491 1757 3547 ad
1797 3495 2137 3563 superiorem

549 3582 840 3638 ventriculi
878 3589 1088 3653 partem
1121 3583 1507 3651 conﬂuxerint,
1543 3599 1760 3654 semper
1789 3585 1980 3655 plenos
2033 3603 2135 3658 pa-

548 3676 685 3729 riter
716 3689 780 3729 ac
807 3683 1030 3730 saturos
1057 3690 1177 3740 esse
1203 3675 1453 3745 sibiipsis
1499 3675 1695 3740 videri,
1723 3682 1888 3747 atque
1920 3677 2128 3734 idcirco

553 3781 650 3835 per
688 3767 1053 3823 adulterinam
1086 3782 1150 3823 ac
1178 3783 1404 3840 pravam
1430 3769 1789 3838 repletionem
1818 3777 1871 3824 et
1903 3771 2134 3827 satieta-

552 3865 682 3923 tem,
720 3859 962 3914 naturali
997 3859 1052 3914 in
1087 3860 1169 3916 eis
1197 3860 1442 3930 appetitu
1487 3860 1782 3928 exstincto,
1816 3860 2008 3916 utilem
2059 3861 2138 3916 ci-

551 3949 682 4006 bum
714 3966 974 4021 respuere
1024 3957 1189 4022 atque
1226 3949 1514 4016 aversari;
1571 3948 1667 4005 sed
1721 3950 1769 4006 si
1824 3951 2008 4022 aliqua
2067 3953 2136 4008 ab

553 4051 671 4097 arte
695 4043 904 4099 medica
931 4058 1064 4099 cura
1093 4044 1174 4098 eis
1206 4041 1450 4097 adhibita
1483 4040 1667 4106 fuerit,
1697 4057 1794 4111 per
1846 4049 2134 4097 acutorum

550 4145 607 4187 et
645 4133 1003 4188 incidentium
1035 4132 1562 4187 medicamentorum
1591 4131 1890 4200 potionem,
1934 4133 2135 4190 ablutis

551 4231 607 4279 et
639 4223 958 4294 expurgatis
987 4222 1172 4293 pravis
1204 4237 1269 4278 ac
1305 4222 1599 4293 superﬂuis
1635 4222 1981 4289 humoribus,
2041 4225 2134 4294 qui

551 4315 988 4370 concavitatibus
1037 4313 1310 4370 stomachi
1345 4314 1634 4386 intercepti
1668 4323 1833 4386 atque
1885 4316 2132 4372 conclusi

548 4408 774 4472 fuerint,
800 4407 876 4463 ita
910 4407 1130 4463 tandem
1161 4406 1435 4473 accidere,
1469 4416 1530 4462 ut
1557 4422 1683 4462 cum
1710 4406 1764 4462 id
1823 4408 1970 4477 quod
1999 4409 2130 4465 alie-

546 4517 679 4556 num
708 4509 814 4566 est,
846 4509 1056 4556 naturae
1084 4514 1194 4555 non
1227 4499 1460 4570 amplius
1493 4498 1696 4554 oﬂiciat
1729 4507 1894 4571 atque
1948 4497 2129 4556 mole-

548 4601 692 4648 stum
728 4593 829 4658 sit,
886 4591 1131 4662 juvantis
1191 4592 1398 4662 pariter
1453 4605 1518 4647 ac
1550 4592 1847 4646 nutrientis
1885 4591 1994 4647 cibi
2047 4593 2128 4650 eis

549 4684 738 4740 redeat
767 4684 1075 4755 appetitus;
1103 4691 1266 4754 atque
1296 4684 1402 4738 hoc
1423 4685 1692 4740 restitutae
1721 4684 1975 4739 sanitatis
2007 4699 2130 4743 esse

552 4776 793 4846 signum,
826 4775 976 4846 quod
1005 4791 1116 4830 non
1151 4776 1388 4846 amplius
1415 4778 1592 4832 coacti
1612 4784 1666 4832 et
1689 4775 1869 4840 inviti,
1909 4775 2006 4831 sed
2034 4793 2128 4832 eu-

553 4869 684 4940 pide
716 4877 770 4924 et
821 4883 946 4923 cum
1003 4867 1243 4936 appetitu
1277 4866 1460 4921 cibum
1508 4875 1748 4923 sumant.
1810 4865 1954 4933 Quid
2003 4883 2135 4938 ergo

547 4962 682 5016 mihi
716 4961 820 5016 hoc
852 4960 1183 5031 principium
1209 4959 1647 5026 vult?Quoniam
1677 4959 1871 5015 ordine
1904 4975 2134 5031 progre-

547 5052 707 5108 diens
749 5065 956 5115 sermo,
981 5051 1075 5121 qui
1103 5049 1169 5106 ad
1192 5051 1509 5119 superiores
1534 5049 1698 5105 scalae
1727 5048 2130 5104 beatitudinum

544 5144 749 5213 gradus
782 5158 884 5199 nos
917 5143 1076 5213 quasi
1107 5158 1270 5197 manu
1301 5141 1472 5209 ducit,
1507 5141 1601 5210 qui
1634 5141 1790 5210 juxta
1843 5138 2131 5210 Propheta}

543 5251 731 5292 vocem
765 5236 1061 5306 praeclaras
1091 5235 1447 5291 ascensiones
1486 5234 1542 5288 in
1595 5232 1762 5288 corde
1794 5240 1982 5290 nostro
2015 5233 2131 5289 dis-

545 5326 794 5393 ponit“,
847 5327 1010 5381 talem
1041 5325 1203 5383 nobis
1233 5335 1356 5396 post
1378 5331 1504 5378 ante
1529 5323 1812 5392 expeditos
1841 5339 2129 5390 ascensus,

543 5427 798 5486 quartam
829 5417 992 5471 aliam
1018 5424 1409 5488 praemonstrat
1454 5413 1858 5480 ascensionem,
1891 5415 2022 5470 dum
2051 5415 2133 5471 di-

545 5509 620 5561 cit
647 5529 659 5562 :
693 5508 847 5563 Beati
876 5509 967 5578 qui
994 5510 1235 5562 esuriant
1263 5513 1316 5560 et
1351 5505 1544 5561 sitiunt
1557 5504 1849 5572 justitiam,
1880 5505 2132 5575 quoniam

546 5597 643 5662 ipsi
677 5597 1086 5663 saturabuntur,
1117 5609 1326 5654 rectum
1357 5611 1422 5652 ac
1457 5596 1808 5653 commodum
1853 5611 1976 5654 esse
2005 5595 2128 5667 Opi-

629 5769 674 5802 "
715 5767 906 5823 Matth.
937 5787 993 5840 v,
1026 5770 1080 5827 6.
1125 5773 1169 5804 ¹⁶
1203 5771 1344 5828 Psal.
1377 5786 1622 5840 LXXXIII,
1665 5771 1718 5828 6.

2468 3229 2687 3298 σύνηνσ
2722 3228 2812 3282 ὅτι
2850 3226 3017 3281 αὑτοί
3044 3223 3581 3296 χορτασθήσονται.

2311 3318 2450 3383 Τοὺς
2487 3320 2895 3392 στομαχοῦντας
2935 3319 3031 3373 καὶ
3068 3317 3389 3380 κακοσίτους
3439 3313 3604 3384 φασιν
3651 3314 3698 3366 οξ
3729 3315 3828 3383 τῆς

2242 3410 2494 3482 ἰατρικῆς
2524 3413 2910 3483 ἐπιστήμονες,
2945 3407 3198 3480 πονηρῶν
3226 3425 3386 3461 τινων
3415 3404 3608 3477 χυμῶν
3633 3421 3688 3461 τε
3731 3404 3830 3457 καὶ

2239 3502 2672 3574 περιττωμάτων
2725 3503 2818 3556 ἐπὶ
2860 3500 2960 3572 τὴν
3000 3500 3112 3554 ἄνω
3158 3498 3398 3570 γαστέρα
3456 3496 3824 3568 συρρυέντων,

2238 3593 2325 3646 ἀεὶ
2355 3593 2534 3646 δοκεῖν
2569 3576 2802 3663 ’πλήρεις
2843 3608 2903 3643 τε
2934 3591 3030 3643 καὶ
3067 3589 3335 3659 διακορεῖς
3381 3580 3550 3651 εἶναι,
3601 3587 3697 3641 καὶ
3735 3586 3826 3641 διὰ

2238 3685 2395 3739 τοῦτο
2429 3683 2567 3756 πρὸς
2611 3685 2711 3755 τὴν
2741 3682 3014 3754 ὠφέλιμον
3060 3681 3264 3754 τροφὴν
3313 3679 3607 3750 ἀλλοτρίως
3656 3677 3824 3748 ἔχειν,

2236 3779 2335 3850 τῆς
2387 3778 2624 3850 φυσικῆς
2667 3777 2852 3840 αὐτοῖς
2897 3775 3127 3848 ὀρέξεως
3154 3777 3212 3828 ὲν
3247 3775 3312 3845 τῇ
3345 3772 3483 3841 νόθῳ
3535 3767 3822 3842 πλησμονῇ

2241 3869 2632 3942 μαρανθείσης.
2665 3869 2730 3922 Εἰ
2761 3869 2817 3921 δέ
2844 3885 2927 3932 τις
2965 3868 3148 3929 αὐτοῖς
3174 3864 3234 3930 ἐξ
3259 3863 3508 3934 ἰατρικῆς
3538 3861 3826 3932 ἐπιμέλεια

2238 3958 2596 4032 προσαχθείη,
2623 3957 2713 4012 διά
2736 3974 2882 4021 τινος
2909 3956 3181 4028 τμητικῆς
3207 3951 3668 4024 φαρμακοποσίας
3688 3952 3826 4004 ἀπο-

2237 4051 2577 4106 κλυσθέντων
2612 4051 2719 4104 τῶν
2749 4047 3239 4119 ὲναπειλημμένων
3262 4047 3382 4108 ταῖς
3411 4044 3505 4097 τοῦ
3543 4045 3822 4114 στομάχου

2236 4141 2565 4211 κοιλότησιν,
2618 4139 2789 4203 οὕτως
2849 4137 3182 4208 συμϐαίνειν,
3229 4133 3320 4187 τοῦ
3373 4132 3655 4203 ἀλλοτρίου
3719 4151 3826 4203 μη-

2237 4233 2355 4286 κέτι
2391 4229 2723 4302 διοχλοῦντος
2771 4229 2870 4298 τὴν
2911 4228 3092 4297 φύσιν,
3129 4227 3226 4296 τῆς
3257 4223 3569 4294 ὠφελούσης
3618 4240 3678 4276 τε
3733 4225 3825 4278 καὶ

2234 4325 2504 4397 τροφίμου
2559 4321 2813 4395 βρώσεως
2881 4320 3062 4382 αὐτοῖς
3123 4318 3395 4371 ἐπανιέναι
3456 4316 3554 4386 τὴν
3618 4315 3819 4386 δρεξιν·

2234 4416 2328 4469 καὶ
2352 4413 2510 4468 τοῦτο
2533 4413 2629 4484 τῆς
2660 4412 2869 4481 ὑγιείας
2899 4405 3038 4464 εἶναι
3071 4406 3313 4479 σημεῖον,
3361 4406 3423 4460 τδ
3451 4406 3649 4476 μηκέτι
3691 4423 3822 4458 κατ-

2231 4505 2686 4577 ηναγκασμένως,
2709 4501 2846 4557 ἀλλὰ
2871 4501 2986 4572 μετ’
3011 4499 3305 4570 ἐπιθυμίας
3325 4515 3383 4551 τε
3405 4497 3497 4551 καὶ
3518 4495 3697 4567 ὁρμῆς
3719 4497 3817 4567 τὴν

2234 4597 2436 4668 βρῶσιν
2453 4594 2795 4668 προσίεσθαι,
2819 4593 2884 4644 Τί
2904 4587 2996 4646 οῦν
3025 4609 3113 4661 μοι
3142 4589 3392 4660 βούλεται
3421 4588 3481 4641 τὸ
3511 4588 3814 4658 προοίμιον;

2244 4685 2461 4756 Ἐπειδὴ
2497 4683 2702 4755 προῖὼν
2727 4682 2793 4737 δι’
2834 4679 3154 4743 ἀκολουθίας
3193 4677 3222 4731 ὁ
3255 4677 3392 4749 πρὸς
3416 4675 3483 4729 τὰ
3508 4675 3815 4746 ὑψηλότερα

2231 4774 2329 4844 τῆς
2379 4773 2487 4826 τῶν
2535 4768 2901 4844 μακαρισμῶν
2945 4767 3211 4838 κλίμακος
3258 4763 3616 4837 χειραγωγῶν
3673 4765 3819 4833 ἡμᾶς

2231 4859 2408 4928 λόγος,
2450 4861 2479 4912 ὁ
2519 4859 2663 4913 κατά
2699 4862 2799 4928 τὴν
2827 4857 2920 4910 τοῦ
2963 4857 3252 4926 Προφήτου
3289 4853 3492 4925 φωνὴν,
3522 4852 3623 4916 τάς
3647 4851 3817 4916 καλὰς

2229 4947 2523 5011 ἀναϐάσεις
2560 4949 2617 5001 ὲν
2638 4949 2706 5018 τῇ
2731 4945 2928 5016 καρδίᾳ
2951 4944 3108 5015 ἡμῶν
3132 4943 3522 5013 διατιθέμενος,
3558 4942 3816 5011 τοιαύτην

2227 5042 2360 5111 ἡμῖν
2419 5037 2556 5108 μετὰ
2602 5036 2698 5100 τάς
2745 5033 3228 5108 προδιανυσθείσας
3274 5031 3495 5094 ἀνόδους
3546 5031 3817 5101 τετάρτην

2229 5130 2606 5204 προδείκνυσιν
2651 5127 2817 5197 ἀλλην
2861 5125 3148 5190 ἀνάϐασιν,
3191 5123 3384 5192 λέγων’
3430 5121 3722 5188 Μακάριοι
3763 5123 3819 5174 οἱ

2231 5221 2553 5288 πεινῶντες
2581 5220 2679 5274 καὶ
2709 5217 3004 5287 διψῶντες
3023 5215 3136 5284 τὴν
3157 5214 3568 5281 δικαιοσύνην,
3594 5212 3686 5265 ὅτι
3711 5215 3817 5267 αὑ·

2228 5318 2317 5372 τοι
2347 5313 2887 5386 χορτασθήσονται·
2923 5309 3104 5372 καλῶς
3143 5308 3288 5379 ἔχειν
3321 5303 3496 5377 οἶμαι,
3531 5305 3591 5358 τὸ
3625 5305 3814 5359 διακο-

2232 5410 2325 5483 ρές
2363 5426 2422 5462 τε
2466 5409 2562 5463 καὶ
2594 5404 2965 5478 πλησμονικὸν
3001 5401 3102 5472 τῆς
3147 5400 3329 5472 ψυχῆς
3376 5399 3814 5470 ὲκκαθάραντας,

2228 5501 2304 5564 ὡς
2337 5499 2451 5553 ἐστι
2490 5496 2733 5563 δυνατὸν,
2783 5495 2886 5566 τῆς
2912 5491 3166 5563 τοιαύτης
3207 5490 3462 5563 βρώσεως
3507 5507 3569 5542 τε
3595 5489 3693 5542 καὶ
3719 5489 3814 5540 πεδ-

2231 5609 2370 5657 σεως
2397 5589 2495 5663 τὴν
2525 5589 2870 5664 μακαριστὴν
2903 5584 3080 5660 ὄρεξιν
3120 5585 3250 5656 ἡμῖν
3281 5584 3461 5647 αὐτοῖς
3489 5580 3809 5653 ἐμποιῆσαι·

3801 5943 3962 6364 γ
