4018 6358
273 388 416 445 19.35

1313 397 1424 453 'DE
1463 395 2067 455 BEATlTUDlNlBUS.
2106 394 2361 454 ORATIO
2392 395 2479 452 IV.

3419 394 3555 447 1⁵234

266 505 395 561 οὔτε
419 507 537 580 γὰρ
572 509 793 581 ίσχύσαι
813 512 1038 569 δυνατόν
1066 513 1185 567 ἐστι
1208 512 1300 568 τὸν
1327 512 1633 585 ἄνθρωπον,
1676 514 1752 585 μὴ
1774 513 1874 583 τῆς

1982 529 2104 579 nor,
2140 521 2202 570 ut
2243 522 2547 585 expurgata
2582 511 2835 568 satietate
2872 518 2925 566 et
2960 507 3387 581 ingurgitatioue
3432 507 3554 561 ani-

268 597 563 671 ἀρκούσης
597 602 805 673 τροφῆς
840 602 1310 676 ύποστηριζούσης
1340 606 1441 675 τὴν
1465 604 1717 675 δύναμιν,
1744 602 1870 657 οὔτε

267 689 395 760 δίχι
428 690 529 744 τοῦ
557 694 756 758 φαγεῖν
791 694 1171 766 ἐμπλησθῆναι
1192 695 1419 767 τροφῆς,
1448 693 1573 749 οὕτε
1598 696 1873 765 τραφῆναι

269 783 448 852 χωρὶς
477 781 739 852 ὀρέξεως.
767 784 923 838 Ἐπεὶ
957 780 1055 840 οὖν
1101 786 1305 856 ἀγαθόν
1334 804 1386 839 τι
1418 786 1560 841 κατὰ
1603 786 1704 858 τὴν
1732 786 1875 858 ζωήν

270 875 423 927 ἐστιν
458 874 495 945 ἠ
541 874 807 945 δύναμις’
844 877 982 947 αὕτη
1022 877 1079 931 δὲ
1110 878 1189 949 τῷ
1236 878 1494 950 ἀρκοῦντι
1534 881 1875 949 συντηρεῖται

273 965 442 1037 κόρῳ·
476 966 508 1019 ὁ
534 967 606 1037 gas
631 968 789 1040 κόρος
824 969 910 1022 διὰ
943 969 1198 1040 βρώσεως
1229 971 1460 1040 γίνεται·
1506 970 1567 1024 τὸ
1594 970 1651 1023 δὲ
1682 973 1875 1039 φαγεῖν

274 1056 333 1123 ἐξ
359 1056 626 1127 ὀρέξεωςο
667 1059 1007 1131 μακαριστὸν
1034 1058 1101 1113 ἂν
1132 1060 1219 1129 εἴη
1248 1061 1366 1122 τοῖς
1398 1057 1565 1122 ζῶσιν
1599 1060 1633 1128 ἡ
1672 1056 1872 1129 ὄρεξις,

271 1147 418 1218 ἀρχή
466 1165 527 1202 τε
558 1149 657 1203 καὶ
697 1150 843 1203 αἰτία
876 1150 977 1220 τῆς
1014 1151 1071 1204 ὲν
1102 1152 1236 1222 ἡμῖν
1267 1150 1529 1221 γινομένη
1560 1150 1863 1223 δυνάμεως.

276 1240 494 1312 Ὥσπερ
524 1240 587 1294 δὲ
617 1242 877 1313 κατὰ-τὴν
896 1242 1158 1314 αἰσθητὴν
1180 1243 1383 1315 ταύτην
1413 1242 1513 1313 τὴν
1535 1243 1738 1314 τροφὴν
1759 1244 1878 1314 ἔχο-

278 1345 402 1399 μεν,
438 1330 504 1383 ού
535 1329 648 1383 τῶν
678 1330 855 1384 αὐτῶν
886 1332 1087 1396 πάντες
1123 1332 1387 1403 ἐφίενται,
1428 1331 1565 1386 ἀλλὰ
1597 1332 1875 1403 μερίζεται

277 1419 549 1484 πολλάκις
603 1421 740 1491 πρρς
769 1422 838 1475 τὰ
877 1422 992 1493 είδη
1040 1424 1150 1477 τῶν
1197 1424 1536 1495 ἐδωδίμωνή
1580 1423 1689 1476 τῶν
1745 1441 1876 1495 μετ-

276 1509 513 1579 εχόντων
568 1511 864 1583 ἐπιθυμία,
911 1515 1005 1567 καὶ
1045 1516 1074 1567 ὁ
1127 1515 1225 1584 μέν
1256 1532 1340 1578 τις
1368 1514 1720 1586 ἐπιτέρπεται
1762 1519 1876 1586 τοῖς

277 1602 693 1671 γλυκαίνουσιν,
741 1606 900 1671 ἄλλος
957 1608 1095 1678 πρὸς
1145 1608 1214 1662 τά
1265 1607 1633 1681 δριμύσσοντά
1681 1625 1742 1660 τε
1780 1608 1878 1661 καὶ¹

278 1690 652 1763 Θερμαίνοντα
689 1695 787 1768 τὴν
832 1697 1008 1769 ὁρμὴν
1046 1697 1182 1768 ἔχει·
1215 1699 1401 1770 ἕτερος
1435 1700 1494 1753 δέ
1544 1703 1657 1763 τοῖς
1688 1696 1873 1769 ἁλμώ-

277 1782 414 1849 δεσι,
437 1788 537 1840 καὶ
564 1787 727 1852 ἄλλος
751 1790 862 1853 τοῖς
886 1790 1333 1862 παραστύφουσιν
1356 1792 1568 1862 ἥδεται⁶
1597 1790 1877 1863 συμϐαίνει

1976 620 2098 671 mae,
2135 605 2315 675 quoad
2342 605 2462 675 ejus
2499 604 2615 658 fieri
2655 609 2856 674 potest,
2897 602 3023 657 talis
3053 608 3108 657 et
3140 601 3249 655 cibi
3306 608 3361 654 et
3393 606 3555 669 potus

1975 697 2194 752 beatum
2222 696 2277 750 in
2311 695 2721 765 nobismetipsis
2753 695 3050 764 appetitum
3105 691 3462 746 conficiamus
3500 697 3555 745 et

1976 787 2361 860 ingeneremus
2389 804 2405 855 ;
2437 796 2613 858 neque
2643 786 2790 842 enim
2823 785 2936 840 fieri
2966 790 3166 854 potest,
3193 790 3254 838 ut
3277 783 3359 839 vel
3387 783 3554 836 homo

1976 879 2182 944 valeat,
2215 878 2261 933 si
2288 878 2607 933 alimentum
2641 876 2918 933 sufﬁciens
2949 877 3095 932 vires
3121 891 3230 930 non
3258 873 3553 928 conﬁrmet

1974 978 2032 1025 et
2061 975 2352 1033 sustentet,
2377 969 2462 1024 vel
2489 969 2698 1039 absque
2728 968 3065 1023 comestione
3101 968 3224 1022 cibo
3252 968 3549 1038 repleatur,

1977 1046 2061 1117 vel
2090 1061 2209 1116 sine
2237 1060 2479 1130 appetitu
2511 1060 2806 1115 nutriatur.
2841 1059 3112 1127 Quoniam
3149 1060 3317 1131 igitur
3347 1060 3551 1114 bonum

1978 1151 2251 1222 quoddam
2300 1152 2356 1205 in
2390 1151 2501 1207 vita
2557 1160 2684 1206 sunt
2719 1152 2903 1219 vires;
2943 1153 3023 1207 hae
3080 1167 3211 1207 vero
3264 1151 3554 1207 sufﬁcienti

1979 1242 2267 1298 saturitate
2323 1250 2767 1310 conservantur;
2805 1243 3031 1298 satietas
3088 1250 3270 1298 autem
3327 1259 3422 1313 per
3458 1258 3555 1296 co-

1978 1334 2301 1389 mestionem
2331 1333 2585 1400 exsistit;
2612 1333 2876 1388 comestio
2903 1348 3033 1389 vero
3069 1350 3135 1389 ex
3177 1334 3418 1404 appetitu
3457 1333 3514 1386 ﬁt
3536 1350 3559 1387 ι

1976 1426 2136 1480 beata
2163 1441 2250 1481 res
2291 1425 2458 1481 fuerit
2510 1426 2822 1481 viventibus
2856 1426 3152 1496 appetitus,
3186 1433 3247 1479 ut
3274 1425 3364 1494 qui
3396 1424 3552 1493 priu-

1976 1514 2178 1585 cipium
2201 1523 2255 1570 et
2280 1529 2445 1570 causa
2484 1514 2682 1569 virium
2722 1524 3033 1570 nostrarum
3067 1516 3318 1571 exsistat.
3356 1514 3555 1581 Quem-

1978 1604 2270 1660 admodum
2300 1613 2481 1661 autem
2515 1605 2664 1661 circa
2708 1607 3025 1662 sensibilem
3058 1607 3204 1659 hunc
3233 1606 3435 1658 victum
3474 1604 3557 1659 af-

1981 1694 2104 1751 fecti
2135 1711 2346 1761 sumus,
2378 1712 2502 1751 cum
2534 1711 2643 1752 non
2674 1696 2864 1752 eadem
2907 1712 3098 1753 omnes
3146 1704 3426 1767 appetunt,
3460 1696 3557 1752 sed

1980 1801 2123 1857 saepe
2152 1802 2252 1857 pro
2290 1789 2583 1861 generibus
2643 1789 3054 1843 esculentorum
3111 1787 3441 1843 sumentium
3473 1785 3559 1840 di-

278 1875 335 1928 δὲ
369 1877 639 1942 πολλάκις
687 1879 761 1951 μὴ
801 1882 939 1935 κατὰ
985 1881 1048 1934 τὸ
1076 1881 1389 1935 λυσιτελοῦν
1434 1882 1744 1952 ἐγγίνεσθαι
1772 1882 1869 1954 τὴν

1979 1875 2177 1931 viditur
2206 1879 2502 1946 appetitus,
2536 1885 2701 1948 atque
2731 1876 2873 1932 alius
2908 1876 3133 1946 quidem
3166 1875 3421 1931 dulcibus
3464 1875 3561 1930 de-

279 1966 457 2039 ὁρμὴν
480 1968 703 2041 ἑκάστῳ
725 1971 826 2041 τῆς
855 1972 1107 2042 βρώσεως
1162 1973 1325 2043 (κατὰ
1350 1974 1459 2044 γάρ
1485 1989 1607 2027 τινα
1624 1974 1872 2045 κράσεως
1918 2022 1926 2035 κ

285 2057 526 2128 ἰδιότητα
558 2059 701 2131 πρός
744 2077 798 2113 τι
830 2062 1001 2125 πάθος
1032 2060 1350 2133 ἐπιρῤεπῶς
1377 2079 1462 2126 τις
1493 2061 1652 2133 ἔχων,
1681 2061 1872 2135 τρέφει

281 2148 380 2220 τὴν
407 2150 569 2205 νόσον
593 2153 661 2223 τῇ
693 2151 803 2205 τῶν
844 2154 962 2206 κατ’
988 2153 1232 2225 ἀλλήλων
1258 2153 1563 2225 βρωμάτων
1591 2153 1837 2222 ποιότητι
1853 2168 1869 2183 ο

282 2242 332 2294 εί
355 2241 413 2295 δὲ
442 2241 584 2313 πρὸς
605 2242 676 2297 τά
697 2242 1007 2312 ὠφελοῦντα
1030 2245 1128 2315 τὴν
1150 2246 1326 2317 ὁρμὴν
1352 2245 1505 2316 σχοίη
1531 2289 1545 2311 ,
1575 2246 1792 2307 πάντως
1815 2245 1875 2299 ὲν

285 2331 467 2403 ὑγιείᾳ
495 2330 779 2402 βιώσεται,
808 2334 910 2403 τῆς
946 2334 1152 2405 τροφῆς
1182 2334 1330 2405 αὑτῷ
1371 2333 1742 2405 συντηρούσης
1775 2334 1875 2404 τὴν

285 2418 543 2492 εὐεξίαν)·
570 2417 744 2483 οὕτως
772 2422 865 2474 καὶ
884 2422 976 2474 ἐπὶ
1001 2423 1099 2492 τῆς
1130 2422 1310 2493 ψυχῆς
1331 2423 1540 2493 τροφῆς
1565 2424 1626 2475 ού
1658 2423 1875 2476 πάντων

286 2510 423 2581 πρὸς
440 2510 504 2565 τὸ
532 2510 670 2566 αὐτὸ
700 2512 954 2585 ῥέπουσιν
995 2514 1051 2566 αἱ
1090 2512 1394 2583 ἐπιθυμίαι.
1439 2515 1503 2566 Οί
1535 2513 1632 2583 μὲν
1655 2513 1762 2585 γὰρ
1791 2513 1878 2567 δό-

289 2597 404 2669 ξης,
435 2599 471 2671 ἢ
510 2599 768 2667 πλούτου,
800 2601 836 2672 ﬂ
874 2617 1020 2664 τινος
1060 2602 1335 2671 κοσμικῆς
1363 2603 1723 2673 περιφανείας
1756 2601 1879 2673 ὀρέ-

298 2706 509 2757 γονται,
545 2689 730 2755 ἄλλοις
763 2691 892 2761 περὶ
942 2691 1042 2762 τὴν
1087 2691 1365 2762 τράπεζαν
1400 2692 1627 2762 ἄσχολός
1660 2694 1809 2746 ἐστιν
1840 2692 1873 2763 ἡ

288 2777 487 2847 ὄρεξις,
515 2779 698 2853 ἐτεροι
718 2780 811 2838 τὸν
848 2782 1063 2852 φθόνον,
1096 2780 1172 2845 ὥς
1194 2798 1317 2836 τινα
1352 2781 1725 2853 δηλητηριώδη
1752 2799 1877 2853 τρο-

290 2872 397 2940 φὴν
423 2871 724 2943 προθύμως
750 2873 1238 2943 ἀναλαμϐάνουσιν⁹
1271 2873 1408 2925 εἰσὶν
1430 2873 1489 2926 δέ
1526 2890 1673 2938 τινες
1706 2869 1787 2938 οἷς
1814 2874 1877 2928 τὸ

289 2964 354 3032 τῇ
383 2963 544 3030 φύσει
574 2963 739 3017 καλὸν
758 2966 817 3018 ἐν
852 2963 1028 3035 ὀρέξει
1056 2964 1286 3034 γίνεται.
1321 2964 1483 3018 Φύσει
1512 2965 1569 3019 δὲ
1596 2965 1760 3019 καλὸν
1788 2967 1876 3020 ἀεὶ

292 3052 385 3105 καὶ
420 3055 558 3108 πᾶσι
591 3052 747 3108 τοῦτό
784 3057 952 3119 ἐστιν,
980 3054 1010 3106 ὃ
1044 3056 1117 3125 μὴ
1152 3054 1313 3108 ἄλλου
1345 3054 1491 3118 τινος
1514 3055 1700 3109 ἕνεκέν
1727 3057 1876 3110 ἐστιν

291 3143 524 3214 αἱρετὸν,
554 3144 669 3198 ἀλλ’
695 3144 826 3198 αὐτὸ
845 3145 913 3198 δι’
939 3145 1103 3198 ἑαυτὸ
1123 3143 1482 3217 ἐπιθυμητὸν,
1508 3147 1594 3199 ἀεὶ
1613 3146 1874 3211 ὡσαύτως

293 3203 435 3307 ἔχον,
486 3203 584 3291 καὶ
618 3235 873 3290 οὐδέποτε
918 3203 1325 3307 άμϐλυνόμενον
1353 3203 1526 3307 κόρω.
1581 3238 1680 3291 Διὰ
1720 3203 1879 3292 τοῦτο
1903 3203 1947 3262 C'

296 3327 591 3399 μακαρίζει
622 3328 652 3379 ὁ
681 3326 855 3394 Λόγος
894 3326 954 3379 ού
995 3324 1123 3388 τοὺς
1162 3326 1351 3393 ἁπλῶς
1397 3326 1721 3391 πεινῶντας,
1760 3326 1878 3382 ἀλλ’

292 3410 369 3481 οἷς
391 3418 529 3490 πρὸς
546 3415 648 3488 τὴν
670 3415 845 3486 ἀληθῆ
864 3415 1210 3487 δικαιοσύνην
1230 3418 1264 3486 ἡ
1292 3414 1561 3486 ἐπιθυμία
1580 3415 1677 3487 τὴν
1705 3414 1880 3490 ῥοπὴν

294 3508 425 3581 ἔχει.

1973 1965 2226 2031 lectatur,
2264 1968 2407 2022 alios
2437 1982 2570 2023 vero
2603 1967 2753 2021 acria
2803 1968 3010 2037 pariter
3068 1974 3123 2021 et
3179 1965 3557 2020 calefacientia

1972 2058 2343 2128 appetit,alius
2374 2059 2500 2113 item
2539 2061 2722 2125 salsis,
2757 2059 2899 2113 alius
2935 2058 3374 2131 astringentibus
3422 2073 3559 2128 gau-

1972 2148 2064 2203 det
2092 2167 2108 2218 ;
2135 2162 2278 2218 saspe
2314 2156 2499 2204 autem
2530 2148 2752 2212 accidit,
2785 2159 2847 2202 ut
2897 2163 3004 2203 non
3039 2163 3104 2203 ex
3150 2162 3249 2203 usu
3307 2156 3361 2203 et
3406 2162 3557 2202 com-

1972 2238 2138 2293 modo
2170 2238 2444 2309 appetitus
2467 2238 2577 2294 cibi
2607 2239 2660 2292 in
2724 2253 3059 2309 unoquoque
3106 2240 3335 2294 exsistat
3394 2238 3558 2310 (nam

1975 2329 2023 2383 si
2055 2331 2182 2400 quis
2215 2345 2315 2401 pro
2341 2330 2761 2401 temperamenti
2817 2331 3054 2401 quadam
3092 2331 3427 2401 proprietate
3489 2330 3559 2386 ad

1975 2419 2199 2497 aliquod
2222 2420 2414 2475 vitium
2445 2436 2756 2492 propensus
2785 2429 2890 2487 est,
2920 2422 2968 2477 is
2998 2422 3290 2492 aequalium
3338 2430 3391 2477 et
3428 2437 3560 2478 con-

1975 2513 2308 2567 venientium
2333 2513 2555 2583 propria
2590 2513 2827 2583 quadam
2889 2513 2942 2567 vi
2999 2514 3245 2568 ciborum
3303 2514 3555 2569 morbum

1974 2604 2171 2668 nutrit,
2207 2604 2304 2659 sed
2333 2604 2382 2658 si
2410 2618 2497 2669 ea,
2531 2619 2654 2674 qua:
2678 2604 2917 2674 prosint,
2947 2614 3202 2674 appetere
3230 2604 3419 2675 erepit,
3447 2620 3556 2659 nu-

1973 2678 2235 2750 trimento
2268 2695 2467 2751 bonam
2502 2695 2553 2750 ei
2585 2694 2952 2750 valetudinem
2981 2704 3367 2761 conservante,
3398 2712 3557 2766 pror-

1974 2799 2072 2841 sus
2100 2784 2156 2839 in
2185 2786 2422 2841 sanitate
2450 2786 2596 2842 vivet
2616 2787 2667 2856 j:
2701 2787 2893 2843 eodem
2923 2786 3086 2842 modo
3118 2789 3171 2843 in
3205 2790 3399 2842 animae
3419 2802 3560 2858 quo-

1973 2888 2082 2945 que
2109 2874 2368 2930 alimento
2402 2876 2627 2941 accidit,
2668 2884 2730 2931 ut
2758 2892 2868 2932 non
2922 2878 3168 2933 omnium
3220 2878 3559 2949 cupiditates

1974 2963 2044 3019 ad
2070 2966 2315 3019 eamdem
2343 2981 2458 3021 rem
2490 2967 2860 3037 propendeant
2887 2975 2942 3023 et
2972 2968 3253 3024 inclinent.
3296 2967 3431 3022 Nam
3466 2968 3562 3023 alii

1973 3056 2190 3126 quidem
2216 3057 2468 3127 gloriam,
2512 3067 2605 3112 aut
2656 3059 2897 3124 divitias,
2930 3067 3025 3113 aut
3061 3059 3294 3130 aliquem
3330 3058 3565 3114 munda-

1982 3162 2112 3201 num
2144 3156 2412 3218 appetunt
2445 3150 2820 3220 splendorem,
2853 3151 2975 3207 aliis
2997 3151 3147 3206 circa
3178 3166 3423 3207 mensam
3463 3164 3562 3204 oc-

1979 3248 2211 3309 cupatus
2239 3250 2327 3297 est
2356 3245 2654 3313 appetitus,
2680 3244 2771 3299 alii
2804 3244 3065 3299 invidiam
3108 3249 3366 3313 tanquam
3400 3257 3562 3298 vene-

1978 3343 2178 3385 nosum
2211 3332 2449 3401 aliquem
2489 3334 2674 3389 cibum
2723 3334 2926 3404 cupide
2958 3340 3217 3400 sumunt;
3272 3340 3401 3388 sunt
3433 3333 3564 3387 item

1978 3420 2252 3485 nonnulli,
2293 3423 2387 3492 qui
2417 3431 2684 3494 appetunt
2728 3423 2804 3487 id,
2837 3423 2984 3494 quod
3036 3432 3237 3477 natura
3268 3423 3474 3478 bonum
3508 3430 3565 3477 et

1981 3507 2272 3567 honestum
2301 3520 2409 3569 est.
2465 3514 2673 3569 Natura
2740 3522 2920 3569 autem
2982 3515 3184 3570 bonum
3240 3529 3455 3584 semper
3508 3522 3565 3571 et

294 3602 549 3658 omnibus
579 3601 685 3657 hoc
713 3607 822 3665 est,
856 3599 1005 3670 quod
1031 3613 1139 3655 non
1168 3598 1401 3655 alterius
1437 3595 1767 3667 cujusquam
1821 3596 1901 3654 rei
1938 3613 2108 3655 causa
2136 3603 2485 3669 sumendum,
2560 3606 2656 3661 sed
2696 3606 2876 3676 ipsum
2909 3614 3131 3676 propter
3181 3619 3242 3661 se
3306 3615 3565 3676 espeten-

295 3694 422 3748 dum
454 3703 562 3760 est,
598 3696 746 3766 quod
784 3710 1000 3765 semper
1035 3694 1226 3750 eodem
1259 3692 1425 3748 modo
1485 3706 1547 3747 se
1615 3690 1798 3759 habet,
1852 3699 1910 3748 et
1946 3709 2226 3765 nunquam
2258 3699 2512 3754 satietate
2557 3699 2829 3771 frangitur
2893 3709 2949 3756 et
2987 3700 3290 3755 hebetatur.
3355 3698 3569 3758 Idcirco

300 3787 537 3847 Verbum
607 3791 800 3847 beatos
869 3790 1023 3846 ducit
1072 3803 1184 3844 non
1233 3787 1559 3860 simpliciter
1610 3786 1954 3855 esurientes,
1994 3791 2092 3846 sed
2124 3792 2325 3861 quibus
2354 3793 2422 3848 ad
2453 3810 2637 3852 veram
2684 3793 2956 3864 justitiam
2998 3793 3267 3864 cupiditas
3301 3794 3565 3850 inclinata

298 3894 461 3957 atque
490 3900 772 3959 propensa
802 3891 910 3942 est.

364 3981 458 4045 Τίς
488 3976 585 4035 οὖν
613 3984 648 4052 ἡ
680 3978 1027 4051 δικαιοσύνης
1069 3978 1229 4033 τοῦτο
1265 3978 1376 4052 γὰρ
1412 3974 1565 4050 οῖμαι
1593 3979 1703 4033 δεῖν
1746 3979 1883 4053 πρό-

297 4089 449 4145 τερον
477 4073 925 4144 άνακαλυφθῆναι
962 4070 1051 4125 διὰ
1080 4071 1175 4124 τοῦ
1211 4070 1394 4141 λόγου,
1426 4071 1503 4135 ὡς
1530 4071 1596 4126 ἂν
1622 4071 1716 4126 τοῦ
1758 4073 1880 4125 κατ’

296 4163 462 4237 αὐτὴν
486 4164 716 4226 κάλλους
743 4162 1169 4234 φανερωθέντος,
1203 4159 1377 4225 οὕτως
1396 4162 1453 4215 ἐν
1473 4163 1602 4232 ἡμῖν
1628 4161 1874 4234 κινηθείη

298 4256 429 4326 πρὸς
455 4256 554 4327 τὴν
585 4255 735 4327 ὤραν
761 4255 853 4308 τοῦ
884 4254 1144 4325 φανέντος
1172 4256 1205 4326 ή
1230 4253 1429 4326 ὄρεξις.
1456 4255 1591 4309 Οὐδὲ
1614 4255 1724 4327 γάρ
1758 4256 1875 4309 ἐστι

295 4344 517 4401 δυνατὸν
547 4347 682 4419 πρὸς
709 4346 771 4399 sb
804 4346 878 4417 μὴ
905 4347 1227 4417 φαινόμενον
1251 4344 1670 4416 ἐπιθυμητικῶς
1709 4346 1875 4417 ἔχειν,

296 4435 409 4490 ἀλλ’
442 4440 587 4510 ἀργή
624 4454 742 4501 πως
771 4437 867 4490 ἐπὶ
902 4438 964 4490 τὸ
995 4437 1271 4505 άγνωστόν
1300 4438 1447 4490 ἐστιν
1472 4438 1507 4507 ἡ
1533 4437 1694 4506 φύσις
1722 4438 1879 4509 ήμῶν

2061 3979 2193 4049 Qua;
2221 3989 2306 4038 est
2338 3982 2505 4054 igitur
2536 3980 2627 4037 illa
2645 3978 2902 4051 justitia?
2946 3976 3051 4033 hoc
3078 3975 3223 4031 enim
3257 3974 3410 4045 prius
3440 3973 3560 4045 epi-

1985 4086 2090 4126 nor
2123 4072 2371 4126 oratione
2401 4070 2577 4140 detegi
2621 4078 2786 4139 atque
2838 4065 3105 4121 declarari
3168 4070 3441 4133 oportere,
3505 4070 3567 4115 ut
3664 4079 3668 4082 ‘

1975 4163 2384 4235 pulchritudine
2418 4161 2539 4231 ejus
2584 4159 2996 4223 animadversa,
3033 4158 3107 4211 ita
3142 4154 3363 4210 tandem
3396 4168 3564 4225 appe-

1976 4256 2111 4311 titus
2143 4256 2199 4310 in
2230 4253 2390 4311 nobis
2427 4254 2493 4308 ad
2520 4254 2598 4308 rei
2627 4261 2937 4321 conspectae
2969 4250 3219 4305 decorem
3258 4253 3562 4302 moveatur.

1976 4346 2163 4417 Neque
2213 4347 2359 4400 enim
2386 4344 2502 4398 ﬁeri
2548 4350 2728 4413 potest
2774 4350 2833 4395 ut
2884 4340 3009 4410 quis
3049 4337 3282 4409 cupidus
3325 4337 3397 4393 sit
3445 4335 3571 4405 ejus

1978 4437 2124 4508 quod
2154 4451 2264 4491 non
2292 4443 2538 4505 apparet,
2566 4433 2661 4488 sed
2687 4432 2870 4503 segnis
2892 4432 3267 4500 atqueignava
3300 4427 3569 4499 quodam-

299 4528 390 4582 καὶ
433 4530 706 4601 ἀκίνητος,
757 4529 806 4582 εί
843 4528 917 4601 μὴ
960 4528 1026 4582 δι’
1056 4529 1226 4599 ἀκοῆς
1255 4528 1290 4598 ἢ
1322 4527 1498 4598 ὅψεως
1526 4528 1733 4583 ἔννοιάν
1758 4545 1880 4583 τινα

1985 4529 2147 4585 modo
2175 4535 2372 4583 natura
2406 4532 2594 4581 nostra
2620 4524 2885 4579 adversus
2916 4522 3185 4593 ignotum,
3218 4527 3272 4576 et
3309 4518 3565 4574 immobi-

298 4619 390 4673 τοῦ
419 4620 757 4692 ὲπιθυμητοῦ
788 4621 964 4676 λάϐοι.
998 4621 1136 4673 Φασὶ
1181 4617 1357 4673 τοίνυν
1391 4618 1501 4671 τῶν
1535 4616 1880 4687 ἐξητακότων

298 4709 367 4763 τά
389 4712 612 4766 τοιαῦτά
649 4727 815 4776 τινες,
858 4710 1206 4781 δικαιοσύνην
1231 4704 1371 4763 εἶναι
1401 4708 1513 4774 ἕξιν
1546 4709 1885 4779 ἀπονεμητι-

301 4798 402 4872 κὴν
420 4801 514 4856 τοῦ
546 4801 683 4868 ίσου,
715 4803 809 4857 καὶ
838 4802 931 4855 τοῦ
958 4792 1272 4866 κατ”ἁξίαν
1298 4801 1534 4872 ἑκάστῳ.
1564 4795 1692 4856 Οἷον
1719 4800 1773 4854 εί
1798 4815 1884 4865 τις

302 4894 594 4965 χρημάτων
625 4894 884 4966 διανομῆς
917 4894 1126 4963 γένοιτο
1169 4892 1379 4964 κύριος,
1412 4895 1441 4947 ὁ
1483 4892 1620 4962 πρὸς
1666 4893 1728 4945 τὸ
1771 4890 1883 4946 ἴσον

308 4980 535 5050 βλέπων,
582 4986 676 5038 καὶ
715 4983 1041 5056 συμμετρῶν
1083 4971 1151 5055 τῇ
1197 4984 1359 5056 χρείᾳ
1405 4984 1516 5039 τῶν
1546 4982 1884 5055 μετεχόντων

304 5073 401 5144 τὴν
427 5076 591 5143 δόσιν,
622 5077 830 5141 δίκαιος
856 5076 1094 5146 λέγεταιο
1132 5076 1229 5130 καὶ
1254 5076 1307 5130 εί
1333 5093 1419 5140 τις
1436 5075 1532 5130 τοῦ
1552 5076 1758 5147 κρίνειν
1785 5074 1886 5146 τὴν

306 5163 549 5229 ἐξουσίαν
593 5167 797 5234 λαϐὼν,
834 5166 909 5238 μὴ
948 5166 1085 5237 πρὸς
1107 5167 1266 5238 χάριν
1296 5165 1419 5220 τινὰ
1466 5167 1561 5220 καὶ
1588 5164 1885 5235 ἀπέχθειαν

306 5255 404 5327 τὴν
442 5259 621 5331 ψῆφον
664 5260 840 5331 φέροι,
892 5256 1029 5323 ἀλλὰ
1064 5260 1131 5327 τῇ
1186 5257 1347 5326 φύσει
1387 5257 1497 5311 τῶν
1542 5256 1884 5327 πραγμάτων

308 5346 582 5421 ἑπόμενος,
605 5350 896 5422 τιμωροῖτό
926 5367 987 5405 τε
1017 5352 1143 5413 τοὺς
1170 5350 1376 5418 ἀξίους,
1410 5351 1506 5405 καὶ
1535 5349 1635 5419 τὴν
1675 5347 1882 5411 σώζου-

312 5453 407 5492 σαν
428 5440 607 5512 ψῆφον
642 5442 777 5511 πρὸς
803 5442 930 5505 τοὺς
957 5441 1283 5506 ἀνευθύνους
1311 5441 1488 5513 φέροι,
1518 5441 1610 5494 καί¹
1640 5441 1749 5493 τῶν
1771 5441 1885 5492 λοι-

310 5528 425 5585 πῶν
450 5531 961 5604 ἀμφισϐητημάτων
979 5534 1037 5586 ἐν
1067 5531 1293 5603 ἀληθείᾳ
1325 5534 1530 5585 ποιοῖτο
1554 5530 1653 5602 τὴν
1678 5530 1883 5602 κρίσιν,

312 5620 403 5674 καὶ
434 5618 585 5689 οὗτος
626 5624 832 5687 δίκαιος
876 5623 1110 5694 λέγεται.
1150 5624 1262 5679 Καὶ
1289 5625 1317 5677 ὁ
1358 5624 1484 5687 τοὺς
1526 5622 1726 5693 φόρους
1773 5624 1888 5684 τοῖς

315 5708 636 5785 ὑποχειρίοις
664 5716 898 5778 τάσσων,
926 5715 1053 5769 ὅταν
1088 5714 1399 5787 σύμμετρον
1443 5714 1678 5785 ἐπιϐάλῃ
1707 5716 1774 5785 τῇ
1800 5713 1886 5766 δυ·

316 5802 470 5872 νάμει
514 5806 603 5860 τὸν
632 5807 817 5876 φόρον,
849 5806 941 5860 καὶ
971 5806 1180 5871 οἰκείας
1218 5807 1502 5878 δεσπότης,
1550 5806 1645 5861 καὶ
1682 5806 1889 5871 πόλεως

1985 4620 2054 4673 lis
2086 4625 2189 4682 est,
2228 4617 2336 4671 nisi
2373 4615 2653 4670 auditione
2692 4614 2778 4669 vel
2806 4612 3016 4668 visione
3048 4611 3287 4681 aliquam
3314 4611 3569 4666 notitiam

1984 4708 2255 4778 acceperit
2270 4707 2388 4778 ejus
2414 4706 2560 4778 quod
2571 4703 2930 4776 expetendum
2948 4705 3038 4759 sit.
3056 4704 3402 4775 Aiuntigitur
3424 4718 3569 4758 non-

1984 4797 2121 4853 nulli
2142 4812 2354 4862 eorum,
2372 4795 2466 4867 qui
2480 4794 2748 4865 ejusmodi
2768 4808 2857 4848 res
2875 4793 3104 4848 scrutati
3123 4802 3270 4859 sunt,
3296 4792 3571 4865 justitiam

1983 4875 2109 4946 esse
2142 4889 2388 4945 habitum
2413 4887 2744 4943 tribuentem
2777 4886 3075 4956 unicuique
3092 4886 3168 4951 id,
3192 4883 3572 4956 quodaequum

1984 4990 2273 5052 est,etquu
2287 4981 2524 5051 quisque
2543 4978 2742 5049 dignus
2757 4977 3033 5036 est.Verbi
3051 4977 3247 5047 gratia,
3267 4976 3312 5029 si
3338 4976 3462 5046 quis
3479 4991 3568 5045 pe-

1986 5074 2179 5129 cunias
2196 5071 2560 5129 distribuendi
2594 5079 2919 5142 potestatem
2938 5069 3190 5140 adeptus,
3212 5076 3267 5123 et
3291 5068 3569 5139 aequabili-

1984 5172 2154 5219 tatem
2183 5163 2462 5234 respiciat,
2483 5170 2537 5218 et
2565 5179 2666 5235 pro
2681 5163 2841 5219 modo
2870 5159 3187 5230 indigentia:
3212 5159 3553 5214 sumentium

1987 5263 2042 5311 et
2064 5255 2504 5327 participantium
2526 5254 2901 5326 elargitionem
2918 5259 3204 5323 temperet,
3219 5251 3404 5321 justus
3435 5250 3569 5304 dici-

1988 5355 2101 5403 tur.
2128 5348 2260 5403 Item
2292 5349 2338 5402 si
2361 5348 2487 5419 quis
2512 5347 2797 5419 judicandi
2841 5352 3110 5417 potestate
3148 5351 3397 5415 accepta,
3455 5357 3567 5397 non

1988 5437 2055 5493 ad
2091 5438 2323 5509 gratiam
2358 5439 2592 5509 alicujus
2617 5446 2673 5493 et
2693 5439 2881 5493 odium
2914 5436 3241 5493 sententiam
3277 5435 3434 5499 ferat,
3470 5432 3567 5489 sed

1991 5536 2244 5582 naturam
2295 5543 2590 5585 causarum
2646 5542 2905 5599 sequens,
2946 5522 3319 5596 et'supplicio
3373 5523 3566 5593 dignos

1992 5615 2211 5683 alliciat,
2243 5626 2297 5672 et
2349 5619 2670 5672 innocentes
2728 5614 3001 5671 sententia
3055 5629 3155 5669 sua
3207 5612 3457 5668 absolvat
3511 5620 3569 5665 et

1994 5716 2196 5775 servet,
2227 5709 2673 5777 reliquarumque
2697 5704 3200 5760 controversiarum
3236 5717 3425 5758 verum
3471 5700 3566 5772 ju-

1994 5801 2198 5860 dicium
2231 5799 2418 5868 faciat,
2466 5797 2631 5855 etiam
2668 5798 2759 5854 hic
2797 5797 2981 5868 justus
3024 5794 3247 5853 dicitur.
3307 5792 3439 5849 Item
3469 5789 3563 5861 qui
