4018 6410
407 403 545 460 Ε’ὗὸ

1602 404 1661 460 S.
1697 404 2033 462 GREGORII
2074 405 2372 464 NYSSENI

3574 419 3694 472 i936

407 518 644 575 subditis
672 518 874 577 tributa
906 519 1118 586 incidit,
1152 535 1276 575 cum
1312 536 1413 592 pro
1443 521 1604 578 modo
1655 524 1855 578 virium
1889 524 1988 579 tri-

2105 523 2300 596 Ξρχων,
2348 526 2442 580 καὶ
2470 526 2654 582 ἐθνῶν
2689 526 2962 598 βασιλεὺς,
3012 533 3061 584 εἰ
3108 531 3475 604 καταλλήλως
3514 534 3692 604 ἡγοῖτο

406 611 602 666 butum
633 611 885 680 imponit,
915 619 967 666 ct
999 611 1415 682 paterfamilias,
1451 622 1507 669 et
1555 624 1756 685 prator
1801 617 1994 671 civita-

407 703 500 765 tis.
547 711 601 754 ct
656 702 897 772 gentium
952 717 1081 770 rex;
1144 704 1190 758 si
1254 704 1490 776 quisque
1545 704 1742 760 horum
1789 721 1993 761 conve-

408 794 619 846 nienter
671 798 726 845 et
771 792 1057 871 commode
1125 794 1363 852 subditis
1433 797 1655 867 prasit,
1733 798 1996 869 nulloque

408 885 611 953 impetu
678 891 842 953 atque
904 885 1151 955 appetitu
1231 887 1447 943 ratione
1525 889 1758 954 carenti,
1835 905 1997 945 occa-

409 976 566 1031 sione
654 977 952 1051 potestatis
1051 989 1367 1045 moveatur,
1455 981 1550 1035 sed
1641 989 1789 1036 recte
1867 982 1996 1037 sub-

409 1065 702 1135 ditis,jus
783 1066 966 1132 dicat,
1056 1076 1110 1123 et
1166 1068 1235 1123 ad
1306 1071 1620 1127 voluntates
1684 1079 1738 1127 et
1809 1071 1992 1125 studia

410 1159 757 1215 subditorum
810 1160 1088 1230 ingenium
1132 1171 1187 1217 et
1222 1162 1519 1218 consilium
1571 1178 1732 1217 suum
1775 1178 1996 1218 accom-

412 1253 593 1307 modet
650 1263 704 1307 et
745 1261 1011 1323 temperet
1060 1273 1073 1308 :
1115 1253 1434 1325 hujusmodi
1463 1255 1647 1309 omnia
1684 1255 1885 1309 rationi
1933 1269 1998 1311 ac

411 1346 714 1401 deﬁnitioni
752 1345 981 1416 jnstitia
1040 1348 1291 1403 tribuunt
1338 1354 1394 1402 et
1443 1347 1726 1418 assignant
1783 1349 1842 1413 ii,
1904 1349 1996 1417 qui

412 1435 602 1492 habitu
636 1438 733 1491 tali
767 1436 842 1505 id,
873 1437 1020 1508 quod
1040 1437 1252 1507 justum
1290 1439 1383 1502 sit,
1411 1437 1699 1493 deﬁniunt.
1730 1439 1846 1509 Ego
1869 1454 1997 1495 vero

415 1527 481 1580 ad
540 1528 888 1583 altitudinem
961 1528 1370 1584 constitutionis
1430 1528 1628 1583 divina
1671 1531 1994 1600 respiciens,

412 1620 620 1688 aliquid
664 1621 903 1691 amplius
951 1636 1116 1691 quam
1161 1636 1248 1686 ea,
1292 1636 1414 1691 qua
1457 1621 1619 1676 modo
1666 1621 1811 1676 dicta
1848 1630 1994 1685 sunt,

413 1727 511 1785 per
558 1712 701 1766 hanc
748 1712 1022 1782 justitiam
1081 1713 1495 1783 intelligendum
1553 1728 1678 1768 esse
1718 1714 1993 1771 existimo.

410 1801 548 1856 Nam
571 1804 618 1860 si
665 1805 925 1860 salutaris
962 1807 1181 1876 quidem
1228 1820 1416 1861 sermo
1459 1807 1770 1862 communis
1806 1815 1914 1870 est,
1944 1813 1997 1861 et

411 1894 480 1948 ad
533 1910 749 1951 omnem
802 1896 1098 1949 humanam
1141 1895 1853 1965 pertinet‘naturammon
1903 1910 1999 1949 cu-
2031 1889 2074 1943 Β

408 1986 587 2055 jusvis
628 1995 809 2043 autem
841 1988 1079 2043 hominis
1109 1998 1216 2055 est,
1270 1988 1325 2041 in
1361 1988 1449 2053 iis,
1492 2004 1614 2058 qua
1649 1987 1812 2042 modo
1852 1987 1999 2043 dicta

411 2087 561 2147 sunt,
592 2080 784 2136 oliiciis
818 2095 883 2135 ac
928 2081 1252 2136 muneribus
1273 2080 1544 2136 obeundis
1586 2081 1797 2136 versari
1838 2080 1998 2152 (pau—

412 2186 603 2225 corum
647 2172 795 2227 enim
846 2180 932 2227 est
975 2187 1227 2241 regnare,
1262 2186 1519 2242 praesse,
1567 2171 1861 2241 imperare,
1906 2171 1999 2241 jus

412 2261 618 2331 dicere.
654 2270 980 2332 potestatem
1017 2262 1376 2331 pecuniarum
1411 2260 1994 2326 administrandarum,

414 2359 509 2405 aut
539 2355 767 2407 alterius
800 2354 875 2409 rei
902 2353 1227 2423 cujusquam
1259 2353 1729 2422 dispensationem
1760 2353 1996 2409 habere:

416 2442 711 2498 multitudo
742 2459 873 2499 vero
907 2460 971 2498 ac
1002 2445 1198 2515 vulgus
1236 2444 1294 2499 in
1324 2460 1554 2499 numero
1577 2443 1922 2500 subditorum
1947 2451 2001 2499 et

415 2549 604 2588 eorum
639 2535 732 2605 qui
765 2544 1051 2604 reguntur,
1110 2539 1284 2607 sunt),
1323 2537 1600 2606 quomodo
1655 2537 1856 2607 aliquis
1903 2536 2001 2590 ad-

418 2628 637 2682 mittere
687 2634 740 2680 et
780 2627 1039 2682 assentiri
1083 2627 1277 2696 possit,
1311 2642 1496 2682 veram
1542 2606 1819 2697 justitiam
1873 2642 1998 2684 esse

417 2718 588 2781 illam,
616 2718 774 2788 cujus
806 2733 916 2773 non
953 2719 1182 2790 aqualis
1208 2732 1273 2771 ac
1299 2732 1399 2789 par
1425 2718 1671 2773 conditio
1708 2719 1857 2774 omni
1897 2734 2000 2773 na-

415 2820 553 2866 tura
596 2811 876 2881 proposita
919 2813 1040 2868 est?
1066 2812 1203 2868 Nam
1257 2814 1303 2870 si
1328 2813 1534 2882 justus,
1578 2818 1743 2881 prout
1781 2812 2003 2867 tradunt

416 2899 719 2970 disciplina
788 2894 1118 2972 sapientium
1178 2911 1564 2967 externorum,
1636 2903 2002 2973 aqualitatem

416 2989 525 3045 sibi
575 2991 913 3060 propositam
954 2992 1137 3059 habet,
1178 2993 1248 3048 ad
1278 3009 1444 3063 quam
1499 2993 1844 3062 potissimum
1880 3009 2004 3063 spe-

418 3089 528 3138 ctet
561 3100 575 3138 :
620 3082 943 3138 excellentia
973 3090 1154 3138 autem
1183 3100 1247 3139 ac
1289 3083 1530 3157 dignitas
1576 3084 2001 3153 inaequalitatem

415 3174 473 3229 in
520 3190 580 3230 se
625 3176 911 3230 continet:
942 3190 1052 3230 non
1094 3183 1293 3253 potest
1338 3176 1569 3247 justitia
1606 3176 1819 3231 reddita
1860 3176 2002 3231 ratio

2100 617 2209 672 τῶν
2233 618 2687 689 ὑποτεταγμένων
2711 619 2942 683 ἕκαστος
2973 620 3202 684 τούτων,
3240 624 3315 693 μὴ
3346 626 3551 694 ὁρμαῖς
3577 624 3678 677 am

2101 726 2221 780 γοις
2258 712 2349 765 ὑπ’
2380 711 2629 776 ἐξουσίας
2666 712 2999 783 κινούμενος,
3035 714 3151 768 ἀλλ’
3200 715 3462 785 εὑθύτητι
3504 716 3563 769 τὸ
3591 717 3688 769 ὑπ-

2102 803 2265 873 ήκοον
2289 803 2511 874 κρίνων,
2548 804 2640 857 καὶ
2669 803 2806 876 πρὸς
2832 804 2927 869 τὰς
2951 807 3299 876 προαιρέσεις
3326 807 3441 866 τῶν
3481 808 3691 877 ὑποχει-

2106 893 2236 963 ρίων
2256 898 2321 965 τῇ
2350 894 2542 968 γνώμῃ
2564 896 3051 967 συναρμοζόμενος·
3073 898 3252 952 πάντα
3274 897 3343 951 τά
3363 898 3590 951 τοιαῦτα
3615 898 3691 968 τῷ

2102 986 2248 1057 λόγῳ
2273 987 2374 1057 τῆς
2397 986 2744 1058 δικαιοσύνης
2768 987 3131 1053 ἀνατιθέασιν,
3156 990 3207 1041 οἱ
3236 992 3302 1060 τῇ
3332 988 3560 1060 τοιαύτῃ
3581 988 3689 1054 ἔξει

2102 1075 2164 1130 τὸ
2197 1076 2402 1129 δίκαιον
2434 1077 2759 1148 ὁριζόμενοι.
2805 1076 2945 1142 Ἐγὼ
2972 1077 3030 1131 δὲ
3057 1079 3194 1151 πρὸς
3218 1080 3280 1148 οιζὸ
3310 1078 3447 1149 ὕψος
3476 1079 3689 1148 βλέπων

2102 1166 2203 1236 τῆς
2235 1168 2384 1232 Θείας
2414 1168 2763 1239 νομοθεσίας,
2805 1167 2968 1223 πλέον
2991 1169 3176 1233 τιτῶν
3199 1171 3507 1241 εἰρημένων
3532 1173 3590 1222 ὲν
3616 1170 3683 1238 τῇ

2102 1261 2417 1335 δικαιοσύνῃ
2443 1261 2616 1335 ταύτῃ
2645 1264 2880 1316 νοεῖσθαι
2909 1263 3259 1333 στοχάζομαι.
3287 1263 3350 1315 Εί
3373 1262 3484 1333 γὰρ
3512 1261 3688 1323 κοινὸς

2107 1352 2205 1421 μὲν
2237 1352 2372 1422 πρὸς
2402 1354 2581 1406 πᾶσαν
2615 1353 2714 1423 τὴν
2761 1352 3110 1424 ἀνθρωπίνην
3156 1353 3320 1423 φύσιν
3349 1354 3378 1405 6
3423 1352 3688 1421 σωτήριος

2103 1441 2279 1510 λόγος,
2307 1444 2368 1496 οὐ
2407 1444 2608 1505 παντὸς
2645 1442 2701 1496 δέ
2721 1443 2871 1496 ἐστιν
2900 1442 3188 1514 ἀνθρώπου
3214 1442 3276 1495 τὸ
3303 1445 3363 1495 ὲν
3388 1445 3502 1504 τοῖς
3530 1443 3687 1511 εἰρη-

2107 1533 2291 1605 μένοις
2318 1529 2457 1587 εἷναι
2509 1534 2730 1604 (ὀλίγων
2766 1536 2875 1604 γὰρ
2910 1533 2972 1587 τὸ
3013 1532 3336 1603 βασιλεύειν,
3374 1533 3433 1586 τὸ
3473 1534 3684 1602 ἄρχειν,

2101 1626 2164 1679 τὸ
2185 1626 2442 1691 δικάζειν,
2472 1626 2533 1680 τὸ
2559 1629 2616 1681 ὲν
2644 1626 2863 1698 ἐξουσίᾳ
2903 1625 3220 1696 χρημάτων,
3265 1626 3299 1696 ἡ
3331 1642 3477 1687 τινος
3518 1625 3689 1694 ἄλλης

2104 1719 2412 1787 οἰκονομίας
2437 1717 2710 1787 γενέσθαι·
2737 1717 2798 1771 τὸ
2830 1719 2885 1770 δὲ
2912 1716 3112 1787 πλῆθος
3134 1718 3192 1769 ὲν
3219 1718 3328 1780 τοῖς
3356 1715 3691 1787 ὑποχειρίοις

2102 1825 2163 1862 τε
2197 1808 2291 1862 καὶ
2344 1808 2817 1878 οίκονομουμένοις
2848 1806 3049 1877 ὲστίν)’
3085 1806 3202 1871 πῶς
3245 1808 3309 1861 ἄν
3350 1823 3434 1867 τις
3470 1805 3694 1869 δέξαιτο

2100 1900 2197 1969 τὴν
2251 1897 2423 1969 ἀληθῆ
2472 1897 2818 1971 δικαιοσύνην
2865 1897 3080 1966 ἐκείνην
3120 1891 3279 1958 εἶναι,
3327 1894 3362 1964 ἢ
3419 1894 3494 1964 μὴ
3544 1895 3692 1945 πᾶσι

2102 1986 2387 2059 πρόκειται
2412 1987 2690 2057 ὁμοτίμως
2729 1988 2794 2057 τῇ
2843 1983 3032 2054 φύσεις
3069 1984 3131 2038 El
3162 1985 3269 2057 γάρ
3312 1984 3340 2035 6
3375 1983 3575 2045 σκοπὸς
3606 1982 3693 2052 τῷ

2100 2078 2294 2149 δικαίῳ
2318 2078 2458 2133 κατά
2500 2079 2626 2143 τοὺς
2654 2078 2853 2145 ἔξωθεν
2879 2077 3073 2146 λόγους
3099 2077 3159 2129 τὺ
3194 2076 3303 2132 ἴσον
3349 2075 3525 2128 ἐστίν’
3557 2076 3596 2144 ἡ
3628 2073 3694 2125 δὲ

2102 2171 2343 2243 ὑπεροχὴ
2390 2172 2452 2225 τὸ
2494 2172 2676 2227 ἄνισον
2722 2170 2858 2242 ἔχει·
2888 2171 2987 2223 οὑκ
3026 2169 3140 2222 ἔστι
3173 2170 3263 2222 τὸν
3292 2166 3695 2236 ἀποδεδομένον

2099 2264 2199 2335 τῆς
2219 2263 2565 2332 δικαιοσύνης
2590 2263 2747 2333 λόγον
2774 2262 2948 2332 ἀληθῆ
2978 2261 3220 2332 νομίσαι,
3252 2260 3407 2322 εὐθὺς
3429 2258 3508 2328 τῷ
3536 2257 3693 2310 κατά

2101 2354 2191 2408 τὸν
2221 2354 2333 2424 βίον
2369 2354 2537 2425 ἀνίσῳ
2567 2354 2996 2425 διελεγχόμενον.
3048 2353 3144 2417 Τίς
3181 2348 3272 2407 οὖν
3302 2355 3334 2422 ἡ
3364 2347 3691 2416 δικαιοσύνη

2102 2447 2135 2516 ἠ
2164 2446 2243 2509 είς
2276 2446 2482 2509 πάντας
2520 2444 2827 2515 φθάνουσα;
2860 2439 2971 2509 Ἷ-Ῑς
3008 2446 3040 2515 ἡ
3072 2443 3334 2513 ἐπιθυμία
3364 2441 3514 2511 κοινὴ
3544 2441 3692 2511 πρό-

2103 2553 2279 2590 κειται
2304 2538 2470 2590 παντὶ
2516 2535 2593 2607 τῷ
2644 2534 2785 2589 κατά
2841 2535 2941 2606 τὴν
2988 2533 3347 2604 εὑαγγελικὴν
3403 2529 3695 2603 τράπεζαν

2102 2626 2387 2696 βλέποντι’
2434 2626 2539 2680 κᾶν
2566 2625 2822 2690 πλούσιός
2852 2641 2936 2688 τις
2968 2620 3025 2698 ᾖ,
3068 2624 3173 2679 κᾶν
3202 2624 3367 2694 πένης
3385 2665 3399 2687 ,
3431 2621 3533 2674 κᾶν
3557 2621 3694 2675 δου-

2102 2718 2254 2790 λεύῃ,
2284 2718 2387 2771 κᾶν
2414 2717 2662 2788 κυριεύῃ,
2695 2717 2797 2773 κᾶν
2843 2716 3210 2787 εὐπατρίδης,
3242 2714 3341 2767 κᾶν
3366 2711 3694 2783 ἀργυρώνη-

2104 2826 2226 2874 τος,
2288 2809 2544 2879 οὐδεμιᾶς
2599 2807 3009 2880 περιστάσεως,
3074 2805 3198 2859 οὔτε
3253 2802 3689 2874 πλεοναζούσης,

2103 2898 2226 2953 οὔτε
2250 2899 2682 2970 ὑποστελλούσης
2712 2898 2806 2953 τοῦ
2833 2899 3042 2952 δικαίου
3070 2898 3161 2951 τὸν
3197 2896 3369 2965 λόγον.
3406 2897 3465 2948 Et
3492 2896 3602 2966 γὰρ
3626 2898 3693 2948 ἐν

2108 2992 2253 3061 μόνῳ
2283 2990 2362 3061 τῷ
2387 2992 2678 3063 προήκοντι
2709 2994 2827 3045 κατ’
2856 2990 3104 3056 ἐξουσίαν
3124 2989 3248 3042 τινὰ
3277 2989 3369 3041 καὶ
3398 2987 3683 3057 ὑπεροχὴν

2103 3082 2165 3135 τὸ
2184 3081 2424 3136 τοιοῦτον
2475 3083 2815 3154 εὑρίσκοιτο·
2868 3081 2986 3145 πῶς
3030 3081 3236 3142 δίκαιος
3284 3081 3312 3132 6
3358 3078 3434 3149 τῷ
3474 3078 3693 3129 πυλῶνι

2104 3172 2199 3226 τοῦ
2238 3173 2494 3226 πλουσίου
2548 3173 2996 3247 παρερριμμένος
3038 3172 3314 3242 Λάζαρος,
3348 3172 3377 3223 6
3418 3167 3692 3238 μηδεμίαν

419 3264 777 3336 dellnitioque
819 3280 950 3320 vera
996 3246 1349 3336 existimari,
1382 3267 1588 3336 quippe
1635 3281 1758 3321 cum
1814 3266 2001 3322 statim

2107 3265 2238 3335 ὓλην
2259 3265 2395 3337 πρὸς
2418 3265 2518 3336 τὴν
2537 3265 2796 3336 τοιαύτην
2815 3246 3162 3333 δικαιοσύνην
3184 3261 3343 3332 ἔχων,
3368 3261 3463 3314 οὑκ
3488 3259 3691 3330 ἀρχὴν,

417 3355 787 3426 inaequalitate
829 3356 953 3410 vita
1014 3356 1328 3411 communis
1394 3355 1693 3412 refellatur.
1744 3354 1876 3423 Qua
1918 3366 2006 3413 est

417 3446 585 3518 igitur
620 3448 711 3501 illa
742 3447 980 3517 justitia,
1026 3463 1149 3519 qua
1188 3448 1257 3503 ad
1291 3463 1484 3504 omnes
1529 3449 1801 3520 pertinet?
1844 3449 2006 3520 cujus

419 3539 695 3610 appetitus
727 3540 905 3595 cuivis
936 3540 1004 3595 ad
1041 3542 1410 3612 evangelicam
1457 3556 1705 3596 mensam
1739 3543 2006 3612 spectanti

417 3632 730 3687 communis
762 3633 1078 3703 propositus
1112 3643 1197 3689 est
1226 3652 1238 3687 :
1272 3634 1388 3689 sive
1425 3634 1551 3703 quis
1581 3633 1736 3690 dives
1762 3637 1855 3700 sit,
1890 3636 2007 3691 sive

417 3737 645 3793 pauper,
678 3724 795 3779 sive
823 3738 1040 3791 servus,
1084 3725 1202 3781 sive
1231 3724 1513 3789 dominus,
1556 3724 1673 3781 sive
1718 3726 2007 3795 patricius,

420 3814 537 3869 sive
560 3815 790 3884 pecunia
821 3822 1199 3886 comparatus,
1220 3817 1371 3871 nulla
1390 3814 1633 3881 fortuna,
1662 3817 1812 3871 nullo
1837 3824 2006 3882 statu,

419 3905 572 3959 nulla
626 3904 965 3968 conditione,
1014 3905 1166 3959 nulla
1211 3903 1626 3960 circumstantia
1679 3920 1857 3973 neque
1905 3919 2006 3958 au-

418 4001 579 4066 gente
620 4008 798 4064 neque
821 3992 1163 4047 diminueute
1176 3992 1313 4063 justi
1350 3991 1748 4047 deﬁnitionem.
1779 3991 1917 4046 Nam
1959 3993 2006 4048 si

418 4086 473 4140 id
505 4085 561 4140 in
597 4100 664 4140 eo
701 4086 842 4152 solo,
880 4084 974 4153 qui
1004 4092 1275 4154 potestate
1317 4083 1503 4155 aliqua
1548 4092 1714 4155 atque
1736 4084 2035 4154 dignitate.

421 4188 649 4232 cateros
681 4174 960 4246 pracedit,
1007 4176 1315 4245 reperiatur
1342 4194 1356 4230 :
1387 4177 1664 4245 quomodo
1689 4176 1874 4246 justus
1898 4178 2006 4231 erit

422 4267 515 4322 ille
558 4266 627 4320 ad
673 4266 1003 4323 vestibulum
1054 4265 1241 4321 divitis
1287 4266 1537 4336 abjectus
1588 4265 1864 4332 Lazarus,
1910 4269 2006 4337 qui

2103 3356 2203 3409 οὑκ
2229 3356 2498 3422 ἐξουσίαν,
2519 3355 2619 3409 οὑκ
2641 3351 2809 3418 οἷκον,
2835 3355 2895 3407 οὑ
2920 3352 3219 3425 τράπεζαν,
3243 3352 3342 3405 οὑκ
3363 3350 3525 3418 ἀλλην
3551 3350 3680 3403 τινὰ

2106 3449 2243 3520 πρὸς
2268 3449 2360 3502 τὸν
2388 3448 2504 3519 βίον
2532 3446 2912 3518 παρασκευὴν,
2948 3447 3014 3500 δι’
3039 3441 3110 3517 ἧς
3146 3444 3258 3499 ἐστι
3292 3443 3394 3515 τὴν
3416 3439 3695 3495 δικαιοσύ-

2104 3555 2201 3609 νην
2225 3537 2441 3608 ἐκείνην
2470 3537 2798 3610 ἐργάζεσθαι
2822 3553 2837 3601 ;
2867 3538 2929 3590 Et
2950 3536 3060 3607 γὰρ
3085 3536 3146 3589 ὲν
3169 3532 3246 3604 τῷ
3275 3533 3479 3605 ἄρχειν,
3503 3531 3537 3600 ἢ
3571 3529 3693 3583 sta-

2105 3630 2313 3701 νέμειν,
2346 3629 2381 3701 ἧ
2410 3646 2464 3683 τι
2495 3630 2633 3693 ὅλως
2663 3629 2966 3699 οἰκονομεῖν
2993 3627 3056 3680 τὸ
3084 3624 3294 3680 δίκαιόν
3335 3625 3479 3676 ἐστιν
3506 3618 3648 3674 εἶναι
3671 3660 3688 3683 ,

2105 3724 2135 3777 6
2163 3723 2236 3794 μὴ
2266 3721 2344 3776 ὢν
2388 3724 2447 3777 ὲν
2484 3722 2744 3785 ἐκείνοις,
2772 3719 2880 3785 ἔξω
2911 3718 3004 3773 τοῦ
3038 3716 3247 3771 δικαίου
3274 3716 3488 3777 πάντως
3512 3713 3687 3767 ἐστίν.

2107 3815 2232 3878 Πῶς
2268 3808 2363 3868 οὖν
2391 3811 2636 3878 ἀξιοῦται
2674 3813 2772 3884 τῆς
2800 3810 3161 3874 ἀναπαύσεως
3188 3811 3217 3863 6
3245 3807 3408 3879 μηδὲν
3440 3804 3690 3875 ἐσχηκὼς

2103 3906 2332 3971 τούτων,
2379 3906 2446 3959 δι’
2480 3900 2618 3976 ὧνὴ
2658 3903 2974 3973 δικαιοσύνη
3018 3901 3161 3955 κατὰ
3195 3899 3284 3953 τὸν
3330 3897 3438 3951 τῶν
3479 3894 3695 3950 πολλῶν

2104 3998 2260 4068 λόγον
2290 3996 2774 4069 χαρακτηρίζεται.
2797 3994 3004 4050 οὐκοῦν
3027 3992 3265 4064 ζητητέα
3286 3991 3415 4061 ἡμῖν
3435 3990 3467 4059 ή
3486 3987 3694 4041 δικαιο-

2110 4090 2242 4161 σύνη
2291 4089 2513 4160 εκείνη,
2566 4083 2635 4160 ἧς
2678 4089 2709 4141 6
2763 4085 3107 4157 ἐπιθυμήσας
3148 4086 3207 4138 ὲν
3257 4080 3554 4150 ἐπαγγελία
3588 4078 3694 4148 τὴν

2110 4183 2408 4237 ἀπόλαυσιν
2433 4180 2567 4251 ἔχει.
2590 4179 2880 4248 Μακάριοι
2907 4178 3040 4250 γὰρ,
3068 4176 3254 4248 φησιν,
3283 4177 3337 4230 οἱ
3373 4171 3693 4238 πεινῶντες

2112 4272 2231 4339 τὴν
2259 4270 2677 4339 δικαιοσύνην
2705 4268 2792 4322 ὅτι
2815 4267 2987 4323 αὐτοὶ
3011 4264 3544 4336 χορτασθήσονται.

420 4359 629 4415 nullam
656 4357 943 4413 materiam
989 4358 1056 4412 ad
1090 4358 1253 4413 talem
1276 4359 1553 4429 justitiam
1600 4361 1858 4425 habebat,
1936 4377 2048 4418 non
2123 4364 2437 4436 imperium,
2468 4377 2576 4418 non
2606 4369 2951 4433 potestatem,
2980 4376 3090 4415 non
3110 4360 3353 4423 domum,
3394 4373 3500 4411 non
3540 4368 3687 4410 men.

421 4468 560 4517 sam,
640 4466 751 4506 non
797 4449 963 4505 alium
995 4450 1306 4521 quempiam
1382 4451 1450 4507 ad
1504 4454 1672 4509 vitam
1731 4463 2078 4525 apparatum,
2118 4471 2216 4526 per
2249 4472 2412 4528 quem
2448 4456 2577 4510 licet
2609 4454 2757 4510 illam
2784 4452 3054 4522 justitiam
3089 4453 3158 4505 ad
3187 4463 3326 4520 opus
3352 4456 3407 4502 et
3440 4446 3692 4501 eﬂ‘ectum

422 4549 694 4608 deducere
728 4555 894 4617 atque
942 4550 1373 4617 reprasentare?
1436 4547 1572 4604 Nam
1619 4549 1666 4605 si
1734 4550 2079 4620 imperando,
2123 4560 2218 4608 aut
2289 4550 2700 4616 distribuendo,
2762 4556 2857 4603 aut
2913 4536 3140 4603 omnino
3199 4541 3403 4614 aliquid
3459 4541 3689 4596 admini-

423 4644 645 4700 strando
668 4645 879 4717 justum
914 4658 1038 4701 esse
1069 4642 1348 4707 consistit,
1415 4645 1506 4713 qui
1576 4645 1629 4700 in
1669 4646 1781 4702 illis
1820 4648 2140 4703 muneribus
2160 4662 2272 4703 non
2301 4656 2577 4713 versatur,
2601 4662 2798 4718 expers
2830 4645 3056 4716 justitia
3081 4657 3308 4712 prorsus
3372 4646 3475 4694 est.
3537 4636 3689 4703 Quo-

423 4740 588 4796 modo
632 4741 803 4811 igitur
845 4740 1092 4810 requiete
1120 4738 1323 4810 dignus
1351 4739 1589 4796 habetur
1617 4741 1687 4807 is,
1723 4742 1820 4812 qui
1868 4743 2010 4797 nihil-
2047 4744 2240 4798 habuit
2273 4758 2488 4809 eorum,
2521 4758 2618 4814 per
2677 4756 2799 4812 qua
2830 4739 3039 4811 justitia
3114 4736 3273 4807 juxta
3296 4735 3441 4805 vulgi
3480 4733 3692 4803 opinio-

422 4848 546 4888 nem
584 4833 939 4904 designatur?
966 4833 1238 4900 Quocirca
1273 4836 1569 4904 quarenda
1598 4836 1761 4892 nobis
1819 4844 1905 4892 est
1969 4837 2061 4893 illa
2096 4839 2335 4909 justitia,
2390 4838 2553 4908 cujus
2598 4846 2909 4907 compotem
2954 4833 3070 4889 fore
3119 4831 3358 4887 Verbum
3411 4828 3687 4899 promittit

424 4922 599 4985 illum,
640 4923 734 4994 qui
760 4936 881 4979 eam
919 4925 1243 4994 expetiverit
1279 4944 1293 4981 :
1322 4925 1479 4981 Beati
1504 4926 1679 4998 enim,
1702 4929 1902 4999 inquit,
1941 4932 2031 5001 qui
2068 4932 2313 4986 esuriant
2338 4931 2614 4998 justitiam
2643 4945 2663 4984 :
2696 4928 2948 5000 quoniam
2979 4926 3082 4993 ipsi
3105 4922 3511 4978 saturabuntur.

402 5080 419 5093 θ
494 5012 680 5071 Multis
710 5029 774 5072 ac
807 5015 972 5071 variis
998 5020 1164 5072 rebus
1193 5017 1371 5085 ,nobis
1404 5018 1473 5073 ad
1504 5034 1662 5073 usum
1689 5023 2004 5091 propositis,

2186 5022 2405 5077 Πολλῶν
2438 5024 2535 5077 καὶ
2570 5018 2926 5075 παντοδαπῶν
2971 5016 3346 5087 προκειμένων
3377 5015 3456 5075 εἰς
3502 5026 3691 5081 μετου-

428 5108 632 5176 quibus
682 5108 943 5176 ailicitur,
1000 5125 1233 5180 quaque
1285 5110 1493 5180 appetit
1549 5120 1779 5179 natura,
1839 5116 2004 5170 multa

2115 5116 2257 5179 σίαν,
2288 5116 2374 5184 ἐφ’
2404 5115 2440 5168 ἃ.
2459 5117 2492 5185 ὴ
2531 5111 2847 5184 ἀνθρωπίνη
2877 5107 3038 5179 φύσις
3068 5107 3164 5177 τὴν
3193 5104 3483 5176 ὀρεκτικὴν
3515 5101 3690 5173 ὁρμὴν

426 5197 589 5252 nobis
627 5213 767 5268 opus
799 5207 882 5254 est
908 5200 1162 5264 scientia,
1197 5211 1256 5255 ut
1287 5202 1446 5256 nobis
1477 5204 1532 5257 in
1556 5203 1827 5272 ejusmodi
1852 5221 2013 5262 escu-

428 5285 596 5344 lentis
627 5287 1030 5356 discernamus,
1066 5290 1212 5360 quod
1246 5291 1476 5359 nutriat,
1506 5296 1653 5363 quod
1689 5306 1907 5361 noceat,
1944 5313 2013 5353 ne

430 5378 506 5445 id,
545 5381 695 5451 quod
752 5383 1077 5438 nutrimenti
1129 5384 1251 5438 loco
1303 5384 1407 5440 sibi
1458 5387 1528 5441 ab
1574 5387 1759 5441 anima
1805 5391 2015 5445 assumi

430 5471 668 5535 videtur,
709 5487 809 5543 pro
836 5474 947 5528 vita
995 5484 1228 5530 mortem
1267 5476 1428 5532 nobis
1455 5484 1509 5531 et
1558 5487 1766 5548 pestem
1797 5479 2014 5536 elﬁciat.

433 5554 685 5617 Forsitan
737 5572 920 5620 autem
971 5582 1082 5621 non
1130 5567 1574 5639 intempestivum
1623 5586 1725 5626 nec
1774 5573 2014 5627 alienum

431 5644 615 5716 fuerit,
656 5668 752 5721 per
794 5656 955 5709 aliam
1002 5657 1297 5726 quamdam
1345 5660 1713 5729 evangelieam
1762 5662 2022 5732 quastio-

434 5752 559 5794 nem
623 5743 788 5810 hujus
848 5746 978 5801 dicti
1058 5749 1386 5803 sententiam
1440 5750 1781 5823 distinguere
1855 5764 2019 5820 atque

440 5830 755 5896 explanare.
803 5832 907 5900 Qui
956 5851 1050 5904 per
1100 5839 1285 5895 omnia
1330 5856 1674 5902 communem
1728 5845 2016 5902 nobiscum

2111 5208 2246 5277 ἕχει,
2291 5205 2492 5275 πολλῆς
2532 5206 2665 5275 ἡμῖν
2693 5202 2851 5274 χρεία
2881 5200 2979 5271 τῆς
3010 5197 3320 5268 ἐπιστήμης
3343 5232 3358 5259 ,
3391 5190 3532 5247 ὥστε
3556 5193 3689 5262 ἡμῖν

2110 5298 2402 5369 διακρίνειν
2431 5298 2488 5349 ὲν
2520 5298 2633 5358 τοῖς
2657 5291 2916 5354 τοιούτοις
2942 5288 3222 5359 ὲδωδίμοις
3247 5286 3308 5339 τὸ
3333 5282 3595 5356 τρόφιμον
3629 5299 3686 5334 τε

2114 5390 2209 5443 καὶ
2235 5388 2589 5459 δηλητήριον,
2634 5386 2709 5448 ὼς
2732 5383 2798 5437 ἂν
2839 5382 2912 5454 μὴ
2943 5381 3004 5435 τὸ
3035 5378 3225 5433 δοκοῦν
3257 5377 3364 5430 ὑπὸ
3394 5376 3490 5444 τῆς
3513 5373 3689 5443 ψυχῆς

2115 5482 2173 5534 ὲν
2218 5483 2425 5551 τροφῆς
2480 5479 2635 5549 μέρει
2682 5471 3247 5548 παραλαμϐάνεσθαι,
3288 5469 3514 5524 θάνατον
3559 5467 3688 5535 ἡμῖν

2117 5571 2209 5624 καὶ
2237 5569 2532 5641 διαφθορὰν
2554 5568 2673 5622 ἀντὶ
2695 5568 2794 5636 τῆς
2820 5566 2964 5635 ζωῆς
2992 5564 3357 5634 ὲνεργήσειεν.
3392 5558 3505 5611 υὺκ
3530 5556 3688 5609 ἀκαι-

2119 5679 2212 5733 ρον
2241 5662 2299 5715 δὲ
2334 5663 2461 5726 ἴσως
2483 5702 2497 5725 ,
2527 5660 2615 5714 διά
2643 5676 2787 5722 τινος
2828 5658 3016 5727 ἐτέρου
3050 5654 3157 5708 τῶν
3184 5652 3323 5707 κατά
3353 5650 3414 5703 τὸ
3444 5646 3685 5715 Εὐαγγέ-

2116 5738 2237 5807 λιον
2277 5753 2642 5825 ζητουμένων,
2677 5750 2775 5821 τὴν
2810 5748 2937 5818 περὶ
2975 5746 3167 5800 τούτου
3196 5740 3526 5814 διαρθρῶσαι
3574 5736 3684 5789 διά-

2117 5861 2287 5900 νοιαν.
2335 5845 2390 5896 Ὀ
2425 5844 2565 5899 κατὰ
2597 5843 2777 5896 πάντα
2810 5840 3141 5909 κοινωνήσας
3170 5838 3299 5907 ἡμῖν
3327 5834 3492 5905 χωρὶς
3514 5831 3680 5899 ἁμαρ-
