4018 6402
278 386 449 443 19.7.7

279 600 401 672 τὴν
440 603 685 658 πεῖναν
715 605 815 658 ούκ
841 604 1053 677 ἔκρινεν
1082 609 1377 679 ἁμαρτίαν,
1404 613 1526 666 οὐδὲ
1569 615 1828 672 ἀπώσατο
1851 621 1949 690 τῆς

284 690 524 745 ἑαυτοῦ
559 694 782 765 πείρας
810 696 871 748 τὸ
894 699 1016 749 κατ’
1044 699 1215 771 αὐτὴν
1234 700 1427 766 πάθος,
1460 704 1575 757 ἀλλ’
1604 706 1820 770 ἐδέξατο
1849 710 1948 779 τὴν

283 781 649 854 ὀρεκτικὴν
685 786 860 857 ὁρμὴν
886 787 988 858 τῆς
1026 788 1243 859 φύσεως
1271 792 1371 863 τὴν
1419 795 1516 848 ἐπὶ
1552 800 1613 868 τῇ
1649 802 1820 870 τροφῇ
1858 816 1945 868 γι-

287 873 604 945 νομένην.
664 877 948 941 Ἀπόσιτος
982 880 1092 949 γάρ
1118 884 1528 955 τεσσαράκοντα
1577 888 1799 959 ἡμερῶν
1829 891 1948 944 δια-

294 965 551 1035 μείνας,
594 966 836 1040 ὕστερον
865 970 1153 1027 ἐπείνασεν
1172 990 1185 1003 ·
1228 973 1395 1027 ἔδωκε
1426 977 1535 1049 γὰρ
1579 979 1668 1032 ὅτε
1697 980 1947 1034 ἐϐούλετο

292 1058 373 1127 τῇ
413 1057 611 1126 φύσει
648 1060 845 1131 καιρὸν
879 1060 949 1115 τά
992 1063 1192 1134 έαυτῆς
1238 1064 1553 1137 ἐνεργῆσαι.
1609 1070 1747 1124 Ἀλλ’
1780 1073 1809 1124 ὁ
1839 1072 1947 1127 τῶν

296 1150 690 1219 πειρασμῶν
717 1151 948 1223 εὑρετὴς
972 1191 988 1215 ,
1014 1154 1103 1206 ὅτε
1126 1154 1268 1224 ἔγνω
1299 1157 1360 1209 τὸ
1395 1159 1537 1212 κατά
1559 1162 1748 1215 πεῖναν
1778 1163 1948 1228 πάθος

299 1238 411 1291 καὶ
449 1229 523 1293 ἓν
577 1242 790 1313 ἐκείνῳ
830 1244 1156 1315 γενόμενον,
1216 1248 1601 1304 συνεϐούλευσε
1643 1252 1812 1317 λίθοις
1850 1257 1948 1324 τὴν

299 1330 514 1400 ὄρεξιν
569 1331 977 1397 δεξιώσασθαι·
1012 1338 1170 1393 τοῦτο
1205 1341 1263 1395 δέ
1292 1343 1407 1396 ἐστι
1432 1382 1447 1408 ,
1497 1344 1560 1397 τὸ
1603 1346 1948 1417 παρατρέψαι

301 1421 420 1491 τὴν
450 1421 781 1494 ἐπιθυμίαν
813 1426 876 1478 ἐκ
904 1427 1002 1498 τῆς
1033 1428 1175 1483 κατὰ
1205 1429 1367 1500 φύσιν
1394 1434 1599 1504 τροφῆς
1628 1435 1723 1488 ἐπὶ
1750 1436 1819 1488 τά
1842 1435 1947 1502 ἔξω

302 1512 418 1582 τῆς
453 1513 724 1581 φύσεως.
762 1516 911 1570 Εἰπὲ
954 1518 1083 1589 γάρ,
1115 1522 1300 1589 φησὶν,
1341 1522 1444 1576 ἵνα
1487 1526 1541 1576 οὶ
1586 1525 1741 1578 λίθοι
1785 1520 1948 1580 οὗτοι

305 1604 502 1673 ἄρτοι
538 1604 863 1676 γένωνται.
905 1608 970 1661 Τί
999 1609 1107 1682 γὰρ
1134 1611 1444 1685 ἠδίκησεν-1]
1475 1614 1755 1685 γεωργία;
1792 1617 1947 1681 Τίνος

305 1695 371 1748 δὲ
403 1696 597 1767 χάριν
632 1697 930 1770 ἐϐδελύχθη
961 1700 1033 1753 τὰ
1074 1702 1365 1773 σπέρματα
1386 1744 1402 1770 ,
1442 1705 1518 1770 ὡς
1543 1708 1643 1776 τὴν
1686 1708 1796 1762 ἀπὸ
1822 1708 1946 1762 τού-

308 1802 434 1838 των
472 1786 871 1858 ἀτιμασθῆναι
899 1795 1142 1861 τροφήν;
1179 1794 1243 1846 Τί
1285 1795 1341 1847 δὲ
1393 1797 1863 1866 καταγινώσκεται
1910 1802 1943 1872 ἡ

309 1874 418 1925 τοῦ
438 1878 815 1948 Δημιουργοῦ
856 1880 1035 1948 σοφία,
1060 1882 1136 1946 ὡς
1166 1884 1225 1936 οὐ
1256 1884 1486 1951 δεόντως
1518 1888 1607 1942 διά
1636 1890 1744 1943 τῶν
1774 1908 1943 1964 σπερ-

278 2022 281 2027 λ
319 1964 533 2039 μάτων
580 1967 651 2020 τὸ
682 1968 1023 2040 ἀνθρώπινον
1063 1973 1373 2043 τρέφουσα;
1406 1976 1471 2028 Εἰ
1505 1978 1614 2050 γάρ
1642 1981 1670 2032 ό
1695 1979 1839 2045 λίθος
1864 1983 1945 2047 είς

314 2054 550 2126 τροφὴν
585 2055 922 2129 οἰκειότερος
946 2057 1041 2113 νῦν
1075 2061 1431 2131 ἀναφαίνεται
1456 2081 1472 2097 ο
1504 2066 1611 2137 ἄρα
1644 2071 1743 2139 τῆς
1788 2071 1943 2125 δεού-

318 2162 432 2214 σης
468 2146 620 2219 περὶ
665 2147 762 2220 τὴν
809 2149 1156 2221 ἀνθρωπίνην
1195 2150 1339 2224 ζωὴν
1386 2159 1730 2229 προμηθείας
1767 2164 1799 2232 ἠ
1846 2164 1942 2217 τοῦ

318 2239 471 2294 ε’ροῦ
502 2241 681 2311 σοφία
706 2242 1022 2314 διήμαρτεν.
1044 2247 1193 2299 Εἰπὲ
1215 2248 1308 2301 ἵνα
1333 2252 1388 2303 οἱ
1409 2251 1567 2307 λίθοι
1592 2248 1756 2309 οὗτοι
1778 2252 1944 2324 ἄρτοι

318 2330 664 2402 γένωνται.
695 2333 879 2386 Ταῦτα
910 2334 1058 2402 λέγει
1093 2338 1257 2409 μέχρι
1286 2339 1378 2393 τοῦ
1405 2341 1498 2397 νῦν
1547 2346 1656 2408 τοῖς
1689 2345 1794 2398 ὑπὸ
1840 2347 1942 2417 τῆς

326 2424 477 2487 ἰδίας
533 2425 961 2499 πειραζομένοις
993 2430 1261 2501 ὀρέξεως,
1294 2433 1388 2486 καὶ
1422 2433 1594 2502 λέγων
1616 2474 1630 2499 ,
1657 2436 1733 2497 ὡς
1763 2437 1942 2492 ἐπιτο-

321 2516 475 2570 πολῦ
510 2518 700 2573 πείθει
734 2521 827 2574 ἐπί
852 2521 1430 2580 λίθων-σιτοποιεῖσθαι
1454 2528 1582 2592 τοὺς
1612 2530 1749 2600 πρὸς
1776 2530 1940 2584 αὐτὸν

327 2607 672 2677 βλέποντας.
698 2611 865 2667 Ὅταν
887 2612 995 2684 γὰρ
1011 2614 1237 2689 ἐκϐαίνῃ
1263 2618 1389 2680 τοὺς
1415 2618 1748 2687 ἀναγκαίους
1779 2622 1939 2692 ὄρους

324 2700 434 2772 τῆς
460 2704 666 2773 χρείας
707 2706 740 2775 ἡ
774 2703 971 2776 ὄρεξις,
1008 2707 1061 2761 τί
1096 2707 1225 2761 ἄλλο
1265 2709 1360 2761 καὶ
1385 2710 1506 2779 οὐχὶ
1546 2710 1793 2765 διαϐόλου
1819 2714 1937 2765 ἐστὶ

330 2794 631 2865 συμϐουλὴ
650 2836 665 2859 ,
697 2795 792 2850 106
824 2798 947 2850 τότε
985 2798 1083 2869 τὴν
1118 2800 1182 2852 ἐκ
1214 2800 1544 2872 σπερμάτων
1580 2819 1938 2874 παραγραφο-

332 2886 509 2956 μένου
552 2886 783 2958 τροφὴν,
816 2888 911 2941 καὶ
940 2890 1032 2943 ἐπὶ
1073 2890 1142 2944 τά
1186 2889 1291 2955 ἔξω
1318 2892 1419 2961 τῆς
1458 2892 1676 2961 φύσεως
1725 2911 1935 2964 προκα-

330 2976 615 3048 λουμένου
646 2979 745 3049 τὴν
763 2979 941 3050 ὄρεξιν
965 2997 980 3047 ;
1018 2981 1115 3036 Ἐκ
1144 2981 1306 3036 λίθων
1331 2983 1620 3048 ἐσθίουσιν,
1647 2986 1695 3037 οί
1719 2984 1809 3038 τὸν
1837 2984 1937 3055 τῆς

332 3069 668 3136 πλεονεξίας
699 3071 863 3143 ἄρτον
894 3073 1314 3144 παρατιθέμενοι
1342 3089 1356 3103 ·
1389 3076 1440 3127 οἱ
1468 3075 1569 3138 τάς
1598 3075 1935 3129 πολυταλάν-

334 3179 467 3225 τους
500 3163 598 3217 καὶ
624 3163 1059 3234 φλεγμαινούσας
1081 3166 1359 3236 τραπέζας
1389 3167 1600 3230 ἑαυτοῖς
1632 3167 1692 3233 ἐξ
1712 3165 1936 3221 ἀδικιῶν

336 3253 731 3325 ἐτοιμάζοντες
750 3269 763 3283 ·
790 3248 864 3308 ὧν
891 3256 924 3325 ὴ
956 3256 1280 3328 παρασκευὴ
1322 3256 1429 3310 τῶν
1455 3256 1708 3322 δείπνων,
1746 3265 1936 3331 πομπή

337 3344 425 3408 τίς
484 3347 609 3398 ἐστι
662 3347 1094 3417 μεμηχανημένη
1147 3347 1285 3417 πρὸς
1333 3345 1615 3417 ἔκπληξιν,
1671 3348 1776 3413 ἔξω
1825 3350 1934 3404 τῶν

340 3433 665 3503 ἀναγκαίων
710 3438 777 3505 τῇ
812 3432 925 3505 ζωῇ
977 3434 1426 3506 παραπίπτουσα.
1486 3437 1552 3490 Τί
1596 3438 1706 3508 γὰρ
1754 3439 1930 3493 κοινὸν

342 3524 459 3595 ἔχει
490 3527 633 3598 πρὸ-ς
662 3526 761 3597 τὴν
790 3526 887 3595 τῆς
917 3526 1132 3594 φύσεως
1165 3526 1409 3598 χρείανή
1438 3528 1683 3598 ἄϐρωτος
1716 3529 1817 3601 ὕλη
1842 3530 1934 3585 τοῦ

342 3618 620 3689 ἀργύρου,
656 3620 714 3673 ἐν
741 3618 899 3689 βαρεῖ
918 3635 977 3671 τε
1016 3617 1109 3671 καὶ
1138 3617 1532 3688 δυσϐαστάκτῳ
1567 3618 1933 3691 προτιθεμένη

345 3711 423 3779 τῷ
452 3710 712 3781 σταθμῷ;
747 3710 812 3763 Τί
840 3711 956 3763 ἐστι
980 3711 1042 3764 τὸ
1068 3710 1169 3780 τῆς
1196 3710 1387 3781 πείνης
1430 3710 1600 3775 πάθος
1626 3728 1640 3776 ;
1672 3713 1807 3782 Οὐχὶ
1840 3712 1935 3766 τοῦ

345 3801 620 3864 ἐνδέοντος
645 3800 830 3870 ἔφεσις
848 3817 864 3865 ;
883 3800 1346 3871 Διαπνευσθείσης
1374 3801 1482 3870 γάρ
1504 3802 1604 3871 τῆς
1632 3802 1932 3872 δυνάμεως,

348 3889 513 3945 πάλιν
563 3889 970 3961 ἀναπληροῦται
992 3891 1053 3943 τὸ
1086 3890 1268 3945 λεῖπον
1311 3893 1379 3961 τῇ
1411 3890 1731 3962 καταλλήλῳ
1760 3909 1931 3963 προσ-

348 3978 515 4053 θήκῃ.
555 3980 752 4050 "Apro;
779 3980 887 4051 γάρ
938 3982 1110 4045 ἐστιν,
1154 3979 1186 4050 ἢ
1223 3978 1351 4032 ἄλλο
1397 3997 1449 4033 τι
1492 3979 1599 4033 τῶν
1631 3981 1931 4052 ἐδωδίμων,

349 4058 408 4117 οὕ
440 4067 474 4135 ἡ
507 4064 671 4134 φύσις
706 4067 939 4135 ἐφίεται.
986 4066 1049 4119 Εἰ
1081 4061 1174 4119 οὖν
1200 4083 1285 4130 τις
1316 4069 1660 4137 προσαγάγοι
1706 4070 1934 4140 χρυσίον

349 4157 472 4209 ἀντὶ
493 4155 663 4228 ἄρτου
692 4156 771 4228 τῷ
802 4157 1061 4227 στόματι,
1088 4152 1197 4227 ἆρα
1232 4157 1529 4228 θεραπεύει
1556 4158 1655 4230 τὴν
1683 4159 1890 4216 ἔνδειαν
1916 4180 1930 4229 ;

353 4252 520 4306 Ὅταν
553 4246 647 4304 οὖν
678 4250 779 4314 τὰς
810 4249 1090 4322 ἀϐρώτους
1114 4267 1199 4314 τις
1232 4249 1365 4314 ὕλας
1390 4250 1497 4322 πρὸ
1525 4252 1633 4306 τῶν
1662 4253 1935 4324 ἐδωδίμων

352 4340 617 4413 ἐπιζητῇ,
652 4342 711 4394 ἐν
737 4339 905 4403 λίθοις
933 4341 1191 4412 ἄντικρυς
1217 4340 1329 4412 ἔχει
1360 4342 1460 4414 τὴν
1496 4343 1775 4414 ἀσχολίαν,
1808 4345 1936 4400 ἀλλο

352 4430 623 4502 ζητούσης
650 4430 749 4500 τῆς
772 4429 1006 4499 φύσεως,
1036 4431 1092 4485 ἐν
1120 4430 1265 4502 ἄλλῳ
1293 4433 1739 4503 καταγινόμενος.
1771 4436 1935 4505 Λέγει

354 4523 388 4590 ἡ
430 4521 611 4591 φύσις,
636 4520 725 4574 διά
752 4520 846 4574 τοῦ
876 4520 1017 4573 κατά
1045 4520 1143 4592 τὴν
1175 4523 1374 4575 ’πεῖναν
1403 4522 1612 4588 πάθους
1647 4526 1934 4595 μονονουχὶ

356 4612 537 4680 φωνὴν
563 4609 806 4679 ἀφιεῖσα,
836 4610 895 4663 τὸ
914 4611 1157 4681 ἐννχρεία
1181 4609 1274 4665 νῦν
1301 4607 1437 4664 εἶναι
1466 4612 1852 4682 βρώσεως’διά
1878 4615 1939 4668 τὸ

357 4698 465 4752 δεῖν
485 4702 901 4770 ἀντεισαγαγεῖν
931 4701 1093 4755 πάλιν
1126 4701 1205 4773 τῷ
1237 4702 1451 4773 σώματι
1480 4705 1542 4758 τὸ
1581 4704 1939 4760 διαπνευσθὲν

358 4790 455 4861 τῆς
495 4792 809 4863 δυνάμεως·
848 4794 913 4846 σὺ
951 4793 1010 4847 δέ
1052 4795 1150 4846 οὐκ
1183 4794 1402 4858 ἀκούεις
1438 4795 1541 4866 τῆς
1589 4796 1808 4867 φύσεως
1830 4816 1842 4829 ’
1876 4800 1936 4853 οὐ

361 4879 466 4951 γὰρ
504 4881 532 4935 ὃ
564 4882 719 4953 ζητεῖ
754 4882 940 4947 δίδως·
977 4884 1093 4937 ἀλλ’
1127 4884 1276 4950 ὅπως
1323 4886 1390 4939 ἂν
1432 4887 1563 4941 πολύ
1605 4904 1688 4940 σοι
1731 4889 1939 4958 γένοιτο

361 4971 452 5025 106
483 4973 726 5044 ἀργύρου
751 4973 811 5026 τὸ
839 4973 1001 5044 ἄχθος
1032 4976 1123 5028 ἐπὶ
1152 4976 1251 5045 τῆς
1283 4979 1567 5049 τραπέζης
1597 4980 1934 5051 φροντίζεις,

364 5065 454 5116 καὶ
500 5066 629 5129 τοὺς
674 5066 978 5136 χαλκευτὰς
1023 5068 1121 5138 τῆς
1162 5068 1295 5141 ὕλης
1343 5070 1668 5142 ἀναζητεῖςο
1705 5077 1799 5127 καὶ
1838 5076 1938 5147 τὴν

367 5154 601 5227 ἱστορίαν
640 5158 748 5209 τῶν
774 5157 1196 5228 ἐγγλυφομὲνων
1225 5163 1344 5223 ταῖς
1378 5160 1532 5225 ὕλαις
1567 5161 1802 5217 εἰδώλων
1836 5181 1938 5218 πε-

368 5248 650 5319 ριεργάζῃ,
689 5249 836 5313 ὅπως
865 5248 930 5302 ἂν
974 5249 1040 5303 δι’
1083 5250 1370 5321 ἀκριϐείας
1412 5255 1527 5316 τοῖς
1558 5254 1843 5325 γλύμμασι
1874 5257 1940 5311 τά

367 5337 509 5410 πάθη
537 5357 597 5392 τε
625 5340 721 5393 καὶ
746 5340 815 5394 τά
847 5340 952 5412 ἤθη
978 5342 1066 5395 διὰ
1096 5343 1193 5412 τῆς
1229 5342 1427 5413 τέχνης
1458 5345 1788 5418 είσενεχθείη
1814 5364 1828 5378 ο
1861 5347 1938 5410 ὡς

367 5426 656 5498 ἐπιγνῶναι
686 5448 747 5483 τε
787 5432 878 5485 τὸν
927 5432 1098 5503 θυμὸν
1131 5431 1221 5486 τοῦ
1252 5433 1468 5487 ὁπλίτου
1488 5476 1502 5501 ,
1534 5436 1660 5489 ὅταν
1696 5437 1757 5489 τὸ
1788 5436 1939 5506 ξίφος

368 5518 496 5587 πρὸς
520 5519 617 5590 τὴν
648 5521 860 5592 σφαγὴν
906 5521 1272 5591 ἀνατείνηται,
1304 5520 1398 5574 καὶ
1422 5523 1519 5593 τὴν
1549 5523 1815 5593 ἀλγηδόνα
1843 5524 1936 5577 τοῦ

367 5613 696 5682 τραυματίου
721 5655 738 5679 ,
776 5616 903 5670 ὅταν
938 5616 1074 5688 πρὸς
1112 5617 1211 5688 τὴν
1256 5619 1476 5689 καιρίαν
1513 5620 1939 5690 συνεσταλμένος

368 5696 618 5763 οίμώζειν
642 5700 768 5772 δόξῃ
800 5702 887 5757 διά
919 5703 1014 5756 τοῦ
1054 5707 1330 5776 σχήματος
1350 5724 1362 5737 ·
1397 5709 1489 5761 καὶ
1518 5710 1613 5778 τὴν
1638 5709 1813 5778 ὁρμὴν
1842 5708 1936 5762 106

374 5780 707 5859 θηρεύοντος,
737 5793 830 5846 καὶ
858 5793 952 5847 106
995 5794 1184 5865 θηρίου
1214 5798 1309 5868 τὴν
1337 5800 1635 5871 ἀγριότητα
1659 5816 1671 5829 ’
1715 5802 1805 5855 καὶ
1837 5802 1935 5854 ὅσα

1424 401 1513 457 DE
1544 403 2149 464 BEATITUDINIBUS.
2188 407 2447 466 ORATIO
2478 410 2566 466 IV.

276 507 454 574 τίεις,
494 511 613 564 καὶ
656 514 1068 586 συμμετασχὼν
1090 518 1222 587 ἡμῖν
1250 519 1361 572 τῶν
1387 521 1569 576 αὐτῶν
1592 525 1957 597 παθημάτων,

3500 423 3639 476 1258

1987 533 2037 592 Α
2062 536 2316 585 naturam
2358 530 2549 585 habuit
2581 538 2809 600 excepto
2840 539 3089 600 peccato,
3127 538 3289 603 atque
3316 537 3633 593 eorumdem

2049 622 2336 676 nobiscum
2396 622 2709 686 aﬂ‘ectuum,
2760 622 3231 679 incommodorum
3274 634 3328 679 et
3384 625 3635 683 afﬂictio-

2049 726 2178 765 num
2219 711 2490 781 particeps
2523 711 2645 774 iuit,
2676 709 2876 765 famem
2916 710 3317 781 nonjudicavit
3346 728 3470 768 esse
3509 729 3635 784 pec-

2048 811 2260 869 catum,
2310 818 2488 872 neque
2539 802 2660 872 ejus
2711 801 3043 856 incommodi
3095 802 3400 872 periculum
3454 803 3635 860 facere

2047 894 2342 959 recusavit,
2381 893 2478 949 sed
2521 891 2773 947 affectum
2815 901 3047 957 naturae,
3078 906 3186 961 quo
3216 892 3375 947 cibus
3417 895 3632 962 appeti-

2047 990 2157 1047 tur,
2211 984 2431 1039 admisit
2483 991 2648 1053 atque
2697 983 2957 1052 suscepit.
3001 982 3141 1059 Cum
3191 982 3336 1038 enim
3390 982 3630 1053 quadra-

2045 1075 2201 1146 ginta
2258 1074 2378 1131 dies
2428 1074 2654 1144 jejunus
2697 1073 3116 1143 permansisset,
3149 1080 3339 1142 postea
3388 1072 3628 1128 esuriit:

2046 1164 2198 1219 dedit
2245 1165 2416 1229 enim,
2467 1163 2689 1234 quando
2741 1163 2977 1228 volebat,
3028 1163 3378 1218 occasionem
3420 1170 3631 1216 natura:

2046 1253 2226 1310 oﬂicio
2280 1269 2382 1309 suo
2436 1252 2718 1321 fungendi.
2774 1250 2883 1306 Sed
2932 1252 3296 1306 tentationum
3355 1251 3628 1316 inventor,

2045 1359 2171 1399 cum
2200 1342 2469 1399 intellexit
2493 1340 2746 1396 all‘ectum
2779 1338 2941 1394 famis
2961 1340 3124 1395 etiam
3158 1339 3312 1394 illum
3338 1338 3626 1401 invasisse,

2046 1434 2345 1499 consuluit,
2392 1440 2452 1487 ut
2496 1432 2773 1501 lapidibus
2828 1430 3107 1499 exciperet
3147 1429 3491 1499 appetitum:
3524 1429 3631 1484 hoc

2044 1536 2229 1581 autem
2283 1533 2366 1581 est
2409 1529 2725 1595 pervertere
2777 1537 2843 1578 ac
2876 1522 3205 1590 detorquere
3255 1522 3552 1590 appetitum
3597 1535 3629 1574 a

2045 1614 2283 1670 naturali
2320 1614 2443 1670 cibo
2476 1613 2544 1667 ad
2567 1628 2654 1676 ea,
2685 1626 2810 1682 quae
2846 1626 2877 1665 a
2916 1619 3114 1666 natura
3147 1611 3322 1665 aliena
3354 1620 3502 1665 sum.
3530 1609 3631 1664 Dic

2043 1705 2210 1771 enim,
2246 1704 2461 1774 inquit,
2500 1712 2558 1756 ut
2599 1701 2802 1771 lapides
2835 1702 2888 1755 Ιιὶ
2921 1717 3082 1770 panes
3110 1700 3265 1770 ﬁant.
3299 1698 3443 1766 Quid
3483 1700 3629 1754 enim

2045 1794 2295 1864 peccavit
2340 1792 2713 1864 agricultura?
2742 1792 2903 1862 cujus
2950 1790 3032 1845 rei
3080 1790 3255 1861 gratia
3297 1799 3631 1859 respuuntur

1975 1868 2018 1922 Β
2046 1884 2277 1948 semina,
2312 1891 2373 1937 ut
2409 1882 2568 1937 cibus
2597 1896 2664 1936 ex
2696 1880 2766 1937 iis
2811 1878 3095 1935 confectus
3126 1878 3494 1949 reprobetur?
3531 1893 3632 1934 cur

2045 1976 2296 2048 arguitur
2333 1975 2603 2045 sapientia
2652 1972 2955 2034 Creatoris,
3010 1972 3166 2042 quasi
3201 1986 3312 2024 non
3352 1977 3502 2025 recte
3533 1985 3630 2039 per

2044 2069 2258 2123 semina
2283 2082 2457 2137 genus
2492 2066 2791 2119 humanum
2833 2063 2981 2117 alat?
3020 2076 3146 2115 nam
3193 2060 3238 2115 si
3275 2060 3416 2129 lapis
3454 2060 3523 2114 ad
3550 2060 3631 2114 ci-

2044 2158 2173 2213 bum
2207 2157 2386 2227 aptior
2428 2164 2593 2227 atque
2622 2153 2962 2209 commodior
2993 2166 3141 2206 nunc
3174 2159 3422 2222 apparet,
3464 2150 3630 2204 nimi-

2042 2264 2161 2303 rum
2191 2239 2222 2302 a
2253 2247 2436 2303 debita
2469 2245 2813 2317 prbvidentia
2836 2245 2982 2299 circa
3007 2244 3173 2297 vitam
3204 2242 3499 2295 humanam
3535 2239 3627 2294 Dei

2041 2338 2312 2408 sapientia
2360 2337 2654 2392 aberravit.
2695 2334 2795 2388 Dic
2832 2342 2890 2387 ut
2922 2333 3123 2401 lapides
3153 2332 3243 2385 isti
3274 2346 3434 2402 panes
3470 2330 3627 2399 ﬁant.

2042 2430 2167 2486 Haec
2203 2430 2367 2485 etiam
2419 2443 2567 2484 nunc
2611 2429 2745 2482 dicit
2787 2428 2855 2483 iis
2899 2426 2993 2497 qui
3038 2441 3071 2480 a
3113 2425 3340 2496 praprio
3385 2424 3630 2495 appetitu

2039 2528 2344 2587 tentantur,
2375 2534 2439 2574 ac
2473 2518 2705 2574 dicendo
2727 2518 3067 2588 plerumque,
3099 2532 3216 2583 eos,
3240 2516 3335 2586 qui
3358 2515 3424 2569 ad
3451 2516 3629 2586 ipsum

2041 2619 2308 2682 spectant,
2340 2610 2570 2681 impellit
2622 2616 2680 2663 ut
2712 2625 2744 2663 e
2785 2607 3061 2679 lapidibus
3108 2622 3277 2676 panes
3307 2605 3625 2660 conﬁciant.

2038 2702 2174 2756 Cum
2205 2700 2348 2755 enim
2386 2699 2662 2769 appetitus
2704 2696 3003 2752 necessarii
3040 2710 3174 2750 usus
3213 2694 3348 2749 lines
3382 2694 3623 2756 excedit,

2036 2791 2168 2863 quid
2198 2790 2251 2845 id
2284 2790 2434 2845 aliud
2466 2789 2570 2845 nisi
2600 2788 2807 2843 diaboli
2856 2796 2989 2841 tunc
3022 2785 3412 2839 calumniantis
3441 2792 3497 2839 et
3537 2799 3627 2839 re-

2032 2882 2277 2952 jicientis
2310 2894 2378 2935 ex
2419 2878 2722 2934 seminibus
2753 2876 3063 2931 confectum
3089 2876 3295 2939 cibum,
3335 2882 3390 2930 et
3424 2875 3490 2930 ad
3527 2891 3615 2940 ea,

2037 2991 2160 3048 qua:
2196 2991 2226 3030 a
2256 2985 2453 3030 natura
2501 2972 2681 3026 aliena
2731 2978 2881 3033 sunt,
2916 2968 3214 3039 appetitum
3250 2967 3626 3039 provocantis,

2037 3070 2329 3127 consilium
2389 3068 2507 3124 est?
2570 3064 2646 3121 De
2704 3065 2978 3136 lapidibus
3041 3062 3370 3127 comedunt,
3426 3062 3627 3133 quibus

1964 3200 2006 3257 ο
2042 3162 2250 3219 fraudis
2283 3171 2340 3216 et
2367 3158 2612 3215 avaritiae
2640 3156 2799 3227 panis
2831 3155 3127 3225 apponitur
3158 3171 3171 3208 :
3204 3154 3299 3223 qui
3338 3160 3628 3221 sumptuo-

2041 3270 2132 3313 sas
2171 3262 2226 3309 et
2262 3252 2655 3316 redundantes,
2691 3256 2747 3303 et
2797 3247 3021 3317 opipare
3065 3252 3307 3300 structas
3343 3250 3397 3300 et
3434 3258 3630 3298 cumu-

2040 3348 2180 3402 latas
2208 3359 2428 3400 mensas
2476 3359 2544 3398 ex
2576 3342 2780 3411 injuste
2814 3338 2988 3409 partis
3023 3337 3185 3392 bonis
3229 3335 3337 3391 sibi
3384 3343 3580 3406 parant
3610 3352 3621 3388 :

2040 3450 2274 3506 quorum
2305 3441 2605 3505 apparatus
2638 3443 2945 3491 coenarum,
2988 3442 3187 3498 pompa
3231 3426 3503 3497 quaedam,
3538 3425 3623 3479 fa-

2038 3535 2158 3582 stus
2188 3533 2242 3581 et
2271 3523 2568 3580 ostentatio
2598 3527 2684 3576 est
2714 3519 2782 3573 ad
2811 3524 3086 3581 stuporem
3120 3525 3174 3572 et
3198 3517 3620 3572 admirationem

2037 3618 2182 3687 vulgi
2228 3611 2682 3670 commovendam
2721 3608 3050 3678 excogitata,
3096 3622 3217 3674 qure
3252 3607 3376 3659 vitae
3428 3621 3624 3661 neces-

2037 3709 2241 3765 sarium
2275 3720 2435 3762 usum
2486 3700 2892 3774 praeterlabitur
2924 3706 2991 3764 et,
3025 3697 3259 3752 excedit.
3291 3696 3432 3761 Quid
3476 3696 3622 3751 enim

2036 3812 2328 3855 commune
2383 3796 2714 3851 habetcum
2770 3809 2875 3848 usu
2922 3799 3133 3846 naturae
3178 3788 3510 3851 necessario,
3566 3789 3623 3842 in

2037 3891 2187 3964 gravi
2230 3889 2438 3961 pariter
2468 3895 2523 3943 et
2554 3899 2792 3941 oneroso
2835 3881 3074 3954 pondere
3122 3881 3331 3951 argenti
3368 3880 3620 3950 exposita

2037 3983 2289 4048 materia,
2326 3995 2449 4052 qua:
2474 3979 2598 4036 esui
2628 3986 2755 4049 apta
2796 3993 2907 4032 non
2946 3975 3070 4047 est?
3107 3973 3246 4040 Quid
3278 3980 3363 4028 est
3394 3972 3623 4028 aﬂ‘ectus

2036 4073 2238 4130 famis?
2283 4086 2465 4127 nonne
2518 4069 2853 4126 desiderium
2918 4066 3070 4137 ejus,
3116 4078 3226 4135 quo
3274 4078 3466 4118 carere
3512 4078 3621 4117 non

2037 4165 2372 4239 possumus?
2404 4158 2730 4219 Cum'enim
2774 4175 2872 4230 per
2898 4160 3061 4217 ﬂatus
3104 4166 3159 4215 et
3204 4158 3622 4227 evaporationes

2035 4257 2319 4315 evanuerit
2348 4266 2402 4312 et
2430 4254 2699 4311 efﬂuxerit
2740 4240 3163 4318 nutrimentum,
3202 4266 3313 4321 quo
3355 4249 3499 4303 vires
3534 4263 3624 4302 re-

2038 4346 2197 4402 fecta:
2229 4346 2453 4412 fuerint,
2488 4359 2685 4400 rursus
2717 4344 3029 4413 adjectione
3062 4340 3412 4398 convenienti
3444 4339 3621 4407 reple-

2038 4445 2126 4492 tur
2174 4436 2230 4491 id
2286 4436 2431 4506 quod
2485 4435 2659 4491 deest.
2702 4434 2869 4490 Panis
2919 4442 3005 4492 est
3050 4433 3218 4496 enim,
3275 4440 3368 4487 aut
3413 4429 3620 4500 aliquid

1965 4527 2186 4588 Daliud
2232 4527 2350 4581 esui
2406 4532 2615 4595 aptum,
2651 4525 2799 4595 quod
2852 4532 3049 4579 natura
3098 4523 3323 4593 appetit.
3380 4520 3440 4575 Si
3489 4521 3616 4591 quis

2039 4618 2376 4689 igiturloco
2418 4615 2577 4686 panis
2623 4630 2817 4671 aurum
2872 4615 2958 4669 ori
3004 4612 3313 4677 admoveat,
3371 4611 3620 4682 nunquid

2038 4709 2359 4766 necessitati
2395 4707 2736 4764 medebitur?
2782 4707 2920 4763 Cum
2952 4707 3119 4778 igitur
3150 4704 3350 4775 aliquis
3394 4718 3496 4774 pro
3530 4719 3621 4758 re-

2038 4801 2140 4855 bus
2188 4798 2482 4856 esculentis
2534 4798 2793 4855 materias
2830 4799 2949 4855 esui
3001 4812 3111 4852 non
3161 4803 3316 4871 aptas
3356 4795 3612 4866 requirit,

2038 4892 2095 4946 in
2117 4891 2390 4961 lapidibus
2421 4890 2580 4960 plane
2603 4898 2907 4961 occupatus
2931 4900 3037 4955 est,
3070 4888 3271 4960 quippe
3305 4902 3429 4941 cum
3471 4886 3619 4941 aliud

2039 4992 2319 5054 quaerente
2348 4991 2568 5045 natura,
2603 4981 2657 5035 in
2682 4981 2790 5035 alio
2820 4980 2938 5052 ipse
2959 4989 3226 5035 versetur.
3254 4975 3394 5031 Dicit
3421 4983 3620 5030 natura

2038 5089 2133 5142 per
2175 5072 2336 5129 famis
2381 5071 2730 5129 affectionem
2775 5070 3169 5142 propemodum
3222 5082 3411 5123 vocem
3458 5066 3619 5124 emit—

2040 5173 2182 5229 tens,
2226 5179 2286 5219 se
2325 5178 2472 5218 nunc
2527 5178 2687 5236 egere
2726 5164 2850 5218 cibo
2881 5181 2894 5217 :
2931 5171 3214 5232 propterea
3250 5157 3399 5229 quod
3437 5157 3618 5212 denuo

2038 5261 2292 5324 oporteat
2331 5254 2565 5309 invicem
2603 5254 2775 5325 ingeri
2801 5254 3019 5323 corpori
3045 5252 3440 5307 nutrimentum
3469 5250 3619 5320 quod

2038 5345 2328 5411 elﬂuxerit,
2359 5353 2413 5400 et
2440 5360 2536 5416 per
2566 5359 2796 5415 vapores
2820 5352 2875 5399 et
2895 5342 3266 5414 expirationes
3296 5341 3614 5397 evanuerit:

2038 5444 2096 5488 tu
2127 5446 2257 5487 vero
2305 5442 2514 5488 naturae
2564 5434 2714 5488 dicto
2755 5432 2987 5488 audiens
3030 5447 3139 5487 non
3184 5446 3279 5498 es;
3311 5447 3423 5485 non
3465 5431 3616 5485 enim

2039 5526 2181 5595 quod
2210 5527 2422 5595 quaerit,
2450 5527 2569 5589 das,
2602 5526 2697 5581 sed
2725 5535 2784 5581 ut
2811 5541 3069 5597 maguum
3105 5524 3199 5579 tibi
3234 5525 3442 5594 argenti
3476 5538 3614 5593 pon—

2039 5618 2142 5672 dus
2172 5620 2227 5672 in
2266 5619 2579 5685 mensalsit,
2620 5633 2808 5681 curas,
2844 5625 2899 5672 et
2924 5632 3222 5673 excusores
3251 5615 3496 5671 materiae
3527 5631 3615 5669 re-

2039 5709 2236 5779 quiris,
2287 5716 2341 5764 et
2381 5710 2664 5764 historiam
2714 5710 3131 5765 simulacrorum
3179 5717 3233 5762 et
3289 5708 3610 5778 imaginum,

2042 5815 2161 5872 quae
2204 5800 2258 5856 in
2294 5800 2519 5857 materia
2568 5801 2970 5873 insculpantur,
3008 5800 3222 5869 curiose
3255 5799 3516 5868 exquiris,
3554 5804 3610 5850 ut
