4018 6382
513 355 650 412 1239

1748 378 1804 435 S.
1849 379 2177 442 GBECORII
2206 387 2499 449 NYSSENI

3659 411 3789 467 1240

509 480 732 536 habitus
773 489 827 537 et
859 483 1091 542 allectus
1128 488 1294 544 animi
1332 501 1444 548 tum
1475 495 1927 572 vehementiores,
1969 517 2069 564 tun

509 572 815 600 an.‘nl:A-An
865 578 1096 600 -_.:42-:-
1121 595 1286 600 -__,_,,,
1315 598 1324 600 -
1387 586 1399 600 ι
1639 593 1651 600 .
1788 596 1799 600 -

2190 515 2323 570 ἄλλα
2346 518 2434 571 διὰ
2461 513 2561 589 τῆς
2598 522 2849 595 τοιαύτης
2888 525 3205 597 περιεργίας
3233 528 3291 582 ἐν
3322 529 3448 593 ταῖς
3481 530 3787 600 ἐπιτραπε-

508 572 835 636 sedatiores.
863 578 1099 632 artilicio
1117 595 1335 639 summo
1348 586 1507 655 plene
1543 593 1833 663 scripturis
1845 603 2092 669 expressi

508 663 944 732 conspiciantur,
997 674 1055 721 ut
1097 678 1152 724 et
1200 672 1337 726 iram
1385 690 1656 746 agnoscas
1697 688 1915 752 armati,
1969 704 2090 744 cum

507 751 750 820 gladium
817 756 1128 814 trucidandi
1202 777 1373 819 causa
1429 768 1601 834 tollit,
1668 780 1724 827 et
1780 777 2088 833 cruciatum

506 842 701 907 saucii,
744 858 867 899 cum
905 858 1132 920 accepto
1176 854 1405 911 vulnere
1451 858 1660 927 lethali,
1692 864 1876 922 animo
1902 884 1962 924 se
1991 869 2088 925 de-

505 933 730 990 mittens
770 951 834 992 ac
875 954 1138 1008 moerens,
1170 944 1359 1003 habitu
1389 949 1511 1021 ipso
1540 968 1761 1025 gemere
1801 965 1856 1014 et
1883 961 2090 1030 ejulare

503 1017 723 1078 videtur
749 1045 761 1080 :
790 1026 1054 1099 impetum
1090 1034 1220 1088 item
1252 1017 1632 1107 venantisfet
1660 1043 1786 1101 ferae
1829 1049 2087 1106 immani-

505 1119 671 1167 tatem
706 1133 721 1170 :
762 1131 827 1171 ac
869 1134 1211 1193 quaecunque
1253 1128 1360 1182 alia
1410 1146 1507 1200 per
1550 1132 1821 1203 ejusmodi
1853 1141 2088 1197 curiosi-

502 1210 670 1260 tatem
699 1217 754 1262 et
788 1209 1027 1281 ineptam
1066 1215 1420 1287 industriam,
1449 1222 1697 1283 homines
1725 1231 1849 1285 vani
1886 1232 1942 1287 in
1974 1249 2088 1288 ma-

501 1297 644 1351 teria
695 1299 763 1354 ad
804 1318 963 1359 usum
1005 1322 1318 1365 mensarum
1355 1315 1631 1372 destinata
1671 1320 1807 1377 edici
1841 1325 2086 1383 studiose

498 1397 715 1443 curant.
751 1389 946 1449 Potum
983 1405 1179 1453 natura
1214 1400 1513 1473 desiderat,
1547 1415 1604 1463 tu
1648 1425 1779 1468 vero
1805 1415 2077 1483 pretiosos

496 1476 744 1546 tripodas
774 1497 959 1552 paras,
1005 1487 1182 1554 labra,
1227 1501 1495 1561 crateras,
1526 1501 1842 1569 amphoras,
1881 1511 1937 1559 et
1968 1506 2075 1561 alia

498 1581 780 1641 sexcenta,
833 1593 954 1647 qua:
1000 1583 1138 1637 nihil
1184 1600 1308 1641 cum
1341 1604 1429 1656 eo,
1461 1592 1606 1661 quod
1655 1611 1789 1652 usus
1828 1601 2078 1669 requirit,

500 1663 652 1720 dicto
686 1667 917 1726 audiens
952 1688 1014 1728 es
1059 1677 1131 1739 ei,
1168 1679 1262 1748 qui
1313 1681 1412 1736 tibi
1447 1687 1708 1752 consulit,
1744 1698 1804 1744 ut
1836 1663 1922 1747 ad-
1951 1663 2097 1764 lapid

2190 604 2325 670 ζίοις
2351 606 2506 674 ὕλαις
2537 610 2941 683 φιλοτεχνοῦσιν
2970 618 3018 669 οἰ
3056 619 3296 688 μάταιοι.
3348 620 3511 674 Πιεῖν
3542 624 3576 692 ἡ
3621 622 3786 691 φύσις

2189 695 2474 767 ἐζήτησεν,
2511 701 2575 753 σὺ
2604 700 2662 754 δὲ
2687 704 2813 766 τοὺς
2839 705 3274 773 πολυταλάντους
3296 711 3567 781 τρίποδας
3591 713 3786 784 εὐτρε-

2188 784 2385 853 πίζεις,
2411 789 2645 855 πλυνούς
2669 809 2730 845 τε
2756 793 2851 847 καὶ
2882 797 3188 868 κρατῆρας,
3217 800 3310 853 καὶ
3347 801 3667 873 ἀμφορέας,
3694 803 3786 855 καὶ

2187 875 2320 929 ἀλλα
2352 881 2541 950 μυρία,
2588 883 2755 956 μηδὲν
2799 884 2992 956 ἔχοντα
3037 888 3175 960 πρὸς
3209 891 3308 962 τὴν
3334 893 3785 965 ἐπιζητουμένην

2188 968 2379 1037 χρείαν
2419 973 2616 1029 κοινόν.
2672 970 2823 1047 Ἀρα
2872 978 2991 1048 οὐχὶ
3024 981 3276 1051 φανερῶς
3323 983 3546 1049 ἀκούεις
3584 985 3664 1038 δι’
3704 979 3783 1040 ὧν

2186 1063 2362 1124 ποιεῖς
2373 1062 2465 1116 τοῦ
2491 1066 2739 1136 πρὸς-τὸν
2760 1069 2905 1123 λίθον
2924 1088 3006 1124 σοι
3027 1073 3481 1143 συμϐουλεύοντος
3507 1078 3743 1147 βλέπειν
3763 1096 3781 1144 ;

2186 1147 2253 1201 Τί
2289 1151 2335 1203 δ’
2364 1152 2429 1207 ἄν
2457 1172 2541 1219 τις
2583 1156 2652 1212 τά
2696 1158 2856 1214 λοιπά
2885 1161 2983 1232 τῆς
3030 1162 3288 1228 λιθώδους
3327 1167 3529 1238 ταύτης
3579 1169 3779 1236 διεξίοι

2183 1244 2410 1312 τροφῆς,
2441 1243 2512 1298 τὰ
2540 1248 2741 1319 αἰσχρά
2763 1250 3039 1322 θεάματας
3071 1253 3139 1308 τά
3168 1256 3388 1328 ἐμπαθῆ
3415 1258 3775 1330 ἀκροάματα.

2182 1328 2250 1383 δι’
2272 1324 2348 1386 ὧν
2373 1335 2706 1395 ὀδοποιοῦσιν
2736 1343 2950 1408 ἑαυτοῖς
2976 1345 3076 1418 τὴν
3098 1346 3207 1402 τῶν
3232 1350 3415 1403 κακῶν
3438 1351 3775 1406 ἀκολουθίαν

2183 1425 2295 1487 τοῖς
2325 1426 2715 1502 ὑπεκκαύμασι
2762 1435 2862 1506 τῆς
2889 1437 3185 1504 ἀκολασίας
3212 1440 3310 1511 τὴν
3334 1443 3536 1515 τροφὴν
3581 1447 3772 1517 ἐπαρ-

2180 1528 2397 1582 τυοντες
2422 1535 2436 1584 ;

2117 1600 2409 1666 commune
2468 1613 2691 1673 habent.
2726 1618 2807 1673 An
2843 1634 2949 1674 non
2979 1620 3140 1691 plane
3174 1636 3272 1693 per
3296 1637 3380 1689 ea,
3416 1639 3533 1694 qum
3594 1623 3763 1686 facts.

2102 1712 2187 1751 em
2234 1703 2536 1772 respicias?
2603 1708 2745 1775 Quid
2814 1721 2995 1769 autem
3068 1716 3281 1781 attinet,
3346 1718 3548 1788 reliqua
3586 1719 3767 1789 hujus

2005 1757 2022 1764 -
2326 1757 2345 1772 ,
2398 1757 2407 1759 -
2444 1757 2529 1762 ----
2610 1757 2745 1775 ν...
2814 1757 2995 1769 ..........
3068 1757 3281 1781 .......-.,
3346 1757 3548 1788 ......,....
3587 1757 3762 1789 ...ψη

497 1757 696 1827 lapidei
727 1760 837 1816 cibi
881 1767 1063 1836 turpia
1098 1784 1371 1841 exponere
1418 1782 1777 1846 spectacula?
1814 1785 2009 1841 vitiosa
2043 1796 2097 1843 et
2130 1792 2367 1851 absurda
2414 1812 2749 1874 acroamata,
2818 1809 3019 1879 quibus
3064 1811 3133 1866 ad
3185 1814 3569 1883 consequentia
3606 1813 3762 1868 mala

497 1848 601 1883 cih:
650 1851 795 1883 “tam
837 1862 1089 1883 ..ιρι--..αι
1168 1863 1323 1883 ε,.--.-
1468 1871 1503 1883 -.
1572 1872 1720 1883 ......
1927 1880 1960 1883 __

496 1848 604 1904 sibi
650 1851 795 1907 viam
836 1862 1110 1926 sternunt,
1165 1863 1539 1926 incitamentis
1569 1872 1858 1931 libidinum
1892 1880 2073 1936 cibum
2114 1888 2468 1949 condientes?

571 1937 684 1995 Hbc
727 1943 1027 2003 adversarii
1063 1950 1131 2007 de
1176 1954 1302 2010 cibo
1329 1959 1621 2016 consilium
1669 1973 1774 2031 est,
1829 1968 1945 2025 haec
1980 1986 2069 2041 prc

571 2041 759 2069 ncnnln
798 2045 849 2069 ne
881 2040 1160 2069 ηηΑεηη-ει.
1194 2049 1348 2069 _....:-
1390 2067 1489 2069 μμ-
1692 2055 1705 2069 ι
1950 2061 1966 2069 -
2060 2064 2069 2069 .

2164 1937 2533 2053 ἓπῌῦτηντοῦ
2566 1988 2942 2061 ἀντικειμένου
2971 1995 3099 2066 περὶ
3126 1996 3224 2067 τῆς
3249 1996 3453 2068 τροφῆς
3473 1998 3584 2050 ἐστι
3608 2015 3764 2069 συμ-

493 2041 759 2089 consueto
798 2045 854 2091 et
880 2040 1163 2098 ordinario
1194 2049 1350 2116 panis
1390 2067 1516 2117 usu,
1554 2068 1652 2123 per
1691 2055 1794 2113 hoc
1821 2040 2075 2131 quodiad

493 2122 703 2192 lapides
742 2130 1020 2199 respicere
1064 2133 1243 2204 jubet,
1298 2143 1754 2219 suggeritatque
1798 2122 2073 2222 proponit.

490 2210 694 2271 Verum
737 2221 1075 2293 proﬂigator,
1110 2233 1166 2282 et
1210 2210 1524 2304 peremptor
1554 2210 1957 2310 ten-talionum,
1990 2228 2074 2300 fa—

488 2322 635 2363 mem
677 2313 837 2381 quasi
882 2316 1154 2374 malorum
1208 2336 1433 2380 causam
1472 2342 1580 2383 non
1632 2334 1964 2389 exterminat
2008 2351 2071 2391 ex

488 2414 674 2455 rerum
698 2410 917 2470 natura,
950 2409 1046 2464 sed
1074 2411 1248 2468 solam
1291 2417 1728 2486 superﬂuitatem
1760 2438 1824 2478 ac
1846 2426 2072 2481 nimiam

490 2490 841 2566 ineptamque
872 2498 1203 2557 industriam
1237 2512 1291 2560 et
1324 2522 1535 2576 curam,
1569 2527 1691 2582 qua:
1735 2514 1803 2569 de
1837 2518 2074 2574 consilio

489 2581 795 2642 adversarii
827 2604 935 2655 una
966 2605 1092 2647 cum
1125 2599 1442 2655 necessario
1483 2581 1597 2657 usu
1616 2604 1929 2662 introducta
1964 2621 2069 2675 est,

488 2684 795 2745 aversatus,
848 2682 966 2738 suis
1015 2683 1216 2743 finibus
1251 2689 1546 2759 gubernari
1589 2702 1842 2752 naturam
1877 2703 2073 2769 permi-

486 2765 581 2821 sit.
612 2762 1082 2834 Quemadmodum
1112 2777 1260 2833 enim
1287 2778 1328 2834 ii
1366 2782 1461 2851 qui
1490 2783 1678 2841 vinum
1708 2791 2069 2861 transcolant,

484 2871 597 2917 non
662 2861 962 2930 reprobant
1002 2864 1059 2920 id
1110 2869 1258 2938 quod
1312 2870 1461 2929 ineo
1512 2876 1647 2932 utile
1692 2889 1795 2945 est,
1849 2892 2072 2954 propter

484 2948 759 3007 immistos
795 2954 846 3008 ei
882 2954 1145 3026 furfures,
1175 2962 1269 3017 sed
1295 2964 1419 3018 colo
1446 2967 1723 3037 superﬂua
1765 2987 2069 3031 excernen-

484 3047 590 3104 tes,
625 3042 748 3110 puri
787 3060 949 3101 usum
994 3064 1106 3104 non
1140 3053 1403 3122 rejiciunt
1431 3058 1543 3113 :ita
1572 3064 1865 3131 perspicax
1895 3074 1949 3121 et
1978 3083 2071 3124 so~

483 3130 595 3187 lers
629 3134 686 3188 in
727 3136 1096 3195 examinando
1130 3151 1295 3213 atque
1318 3147 1687 3209 discernenda
1716 3170 1803 3222 ea,
1839 3173 1961 3228 quae
2001 3162 2069 3217 ab

483 3232 681 3279 natura
719 3227 894 3283 aliena
923 3239 1085 3298 sunt,
1115 3232 1380 3305 Verbum,
1415 3240 1718 3301 subtilitate
1741 3227 2069 3317 speculatio-

483 3312 572 3368 nis
608 3312 805 3370 famem
850 3318 1094 3388 quidem,
1139 3331 1330 3394 utpote
1373 3330 1499 3385 vita:
1542 3341 1742 3390 nostrae
1770 3312 2068 3396 conserva-
2093 3326 2136 3384 (ἶ

482 3403 699 3469 tricem,
731 3421 843 3462 non
884 3413 1308 3486 exterminavit;
1343 3421 1751 3491 superﬂuitates
1798 3443 1928 3485 vero
1973 3447 2068 3489 ne-

483 3498 726 3552 cessario
773 3502 900 3556 usui
946 3516 1227 3564 connexas
1268 3518 1325 3565 et
1368 3512 1681 3585 implicatas
1713 3523 2067 3579 transcolavit

480 3596 535 3642 et
566 3590 790 3661 abjecit,
825 3609 951 3650 cum
984 3597 1122 3652 dixit
1154 3619 1168 3654 :
1204 3600 1357 3659 illum
1386 3622 1447 3662 se
1477 3608 1699 3665 novisse
1726 3627 1923 3681 panem
1957 3632 2064 3671 nu-

478 3681 758 3746 trientem,
800 3686 895 3756 qui
926 3690 1095 3746 verbo
1126 3690 1222 3748 Dei
1270 3704 1478 3753 naturae
1506 3702 1831 3759 conciliatus
1871 3706 1963 3762 sit.
2005 3705 2063 3762 Si

479 3771 650 3842 igitur
681 3777 880 3832 esuriit
902 3778 1085 3849 Jesus,
1121 3783 1343 3841 beatum
1384 3786 1550 3846 fuerit
1576 3794 1808 3859 esurire,
1845 3810 1968 3850 cum
1995 3799 2063 3854 ad

478 3864 844 3923 imitationem
907 3871 1056 3930 illius
1111 3875 1463 3947 ingeneretur
1520 3898 1583 3938 ac
1638 3896 2065 3956 repraesentetur

477 3958 642 4010 etiam
672 3955 847 4015 fames
879 3961 935 4016 in
966 3965 1143 4021 nobis.
1181 3966 1236 4022 Si
1289 3969 1459 4041 igitur
1492 3955 1886 4044 intelleximus,
1934 3980 2063 4050 quid

477 4046 550 4100 sit
592 4049 649 4103 id
698 4053 845 4120 quod
894 4059 1067 4113 esurit
1105 4066 1160 4115 et
1201 4066 1409 4133 appetit
1461 4065 1747 4136 Dominus,
1802 4072 1919 4128 ﬁeri
1949 4046 2061 4132 non

475 4145 660 4207 potest
700 4151 760 4196 ut
802 4160 954 4200 nunc
995 4152 1293 4223 propositae
1346 4156 1511 4213 nobis
1548 4159 1904 4221 beatitudinis
1953 4167 2060 4222 vim

475 4244 589 4284 non
626 4230 1020 4305 intelligamus.
1055 4238 1193 4305 Quis
1234 4252 1320 4300 est
1353 4245 1520 4318 igitur
1549 4249 1643 4307 ille
1685 4255 1866 4321 cibus,
1902 4259 2060 4330 cujus

475 4321 779 4389 appetitum
827 4323 988 4382 Jesus
1038 4328 1144 4383 sibi
1191 4339 1405 4404 turpem
1454 4354 1564 4393 non
1618 4341 1809 4399 ducit?
1857 4348 1950 4403 Ait
1969 4321 2058 4404 'ad

472 4410 776 4482 discipulos
817 4425 944 4488 post
992 4419 1242 4477 habitum
1277 4440 1402 4482 cum
1455 4428 1801 4490 Samaritana
1845 4454 2057 4495 sermo—

470 4519 594 4560 nem
632 4525 646 4561 :
683 4507 836 4564 Meus
867 4511 1014 4566 cibus
1055 4524 1155 4582 est,
1198 4526 1260 4570 ut
1312 4509 1511 4588 faciam
1561 4528 1702 4595 quod
1739 4529 1848 4585 vult
1897 4531 2058 4589 Pater

470 4613 616 4653 meus
642 4601 720 4669 ‘7;
753 4619 864 4658 non
893 4605 1078 4675 ignota
1102 4615 1189 4664 est
1218 4617 1399 4667 autem
1430 4615 1689 4675 voluntas
1719 4618 1924 4697 Patris,
1957 4626 2053 4695 qui

470 4705 663 4745 omnes
694 4691 945 4751 homines
974 4699 1208 4765 servari,
1246 4709 1301 4757 et
1343 4706 1410 4759 ad
1439 4709 1774 4778 agnitionem
1800 4716 2054 4775 veritatis

468 4781 658 4836 venire
682 4785 798 4839 vult
822 4786 888 4842 ³⁸.
942 4787 1110 4858 Igitur
1155 4792 1203 4848 si
1247 4794 1338 4851 ille
1382 4812 1486 4855 nos
1540 4803 1691 4873 cupit
1729 4810 1959 4873 servari,
2002 4820 2059 4867 et

467 4874 580 4927 vita
620 4884 809 4932 nostra
835 4879 995 4934 cibus
1025 4882 1146 4953 ejus
1178 4887 1415 4957 exsistit,
1446 4891 1742 4952 didicimus
1768 4901 1893 4969 quis
1919 4919 2055 4962 usus

468 4965 539 5020 sit
587 4965 856 5037 ejusmodi
913 4973 1109 5030 animae
1157 4976 1378 5035 habitus
1439 4991 1495 5037 et
1551 4965 1876 5046 all‘ectionis.
1920 4998 2054 5060 Quis

466 5056 636 5127 igitur
676 5058 767 5115 hic
806 5062 933 5118 est?
963 5063 1284 5123 Esuriamus
1328 5081 1573 5129 nostram
1619 5078 1863 5149 ipsorum
1902 5087 2052 5142 salu-

464 5156 598 5217 tem,
632 5150 883 5210 sitiamus
912 5154 1153 5212 divinam
1181 5160 1540 5230 voluntatem,
1567 5183 1689 5238 quae
1718 5180 1824 5237 est,
1862 5183 1921 5230 ut
1950 5193 2051 5235 nos

463 5256 767 5297 servemur.
815 5247 933 5312 Qua
975 5249 1190 5306 ratione
1228 5251 1398 5322 igitur
1445 5256 1610 5314 talem
1642 5262 1803 5320 nobis
1850 5264 2049 5323 famem

460 5333 735 5389 conﬁcere
765 5338 1060 5407 possimus,
1100 5356 1247 5397 nunc
1279 5343 1574 5404 didicimus
1614 5366 1644 5405 a
1691 5353 2044 5417 beatitudine.

460 5422 565 5489 Qui
598 5426 743 5480 enim
769 5427 1042 5495 justitiam
1077 5430 1172 5487 Dei
1224 5433 1525 5505 desiderat,
1566 5441 1777 5499 invenit
1817 5446 1869 5500 id
1900 5454 2047 5519 quod

459 5528 588 5570 vere
634 5520 1001 5585 expetendum
1043 5533 1127 5577 est
1161 5542 1175 5579 ι
1209 5527 1370 5596 cujus
1403 5530 1733 5588 desiderium
1770 5552 1880 5593 non
1931 5558 2041 5597 uno

460 5605 622 5661 modo
660 5622 877 5675 eorum,
930 5612 1025 5682 qui
1080 5630 1176 5683 per
1205 5620 1507 5689 appetitum
1546 5637 2052 5703 repraesentantur,

535 5777 580 5811 "
618 5775 780 5835 Joan.
816 5798 890 5847 tv,
927 5785 1015 5839 54.
1093 5790 1134 5822 ¹⁸
1174 5791 1192 5844 Ι
1235 5792 1378 5850 Tim.
1414 5812 1482 5865 ιι,
1520 5798 1571 5852 lt.

2179 2070 2343 2146 ϐουλὴ
2366 2116 2380 2139 ,
2410 2076 2584 2133 ταῦτα
2609 2080 2697 2135 διά
2729 2081 2821 2136 τοῦ
2853 2084 2989 2155 πρὸς
3013 2087 3141 2150 τοὺς
3167 2087 3346 2152 λίθους
3368 2089 3596 2160 βλέπειν,
3622 2093 3760 2145 ἀντὶ

2174 2164 2275 2234 τῆς
2316 2171 2708 2244 νενομισμένης
2766 2173 2859 2227 τοῦ
2908 2175 3073 2246 ἄρτου
3126 2178 3374 2249 χρήσεως
3413 2180 3756 2236 ὑποτίθεται.

2188 2253 2328 2306 Ἀλλ’
2361 2256 2390 2308 ὁ
2417 2258 2525 2311 τῶν
2548 2264 2867 2334 πειρασμῶν
2899 2266 3248 2339 καθαιρέτης,
3282 2271 3401 2341 οὐχὶ
3436 2271 3531 2341 τὴν
3559 2275 3761 2328 πεῖναν

2176 2342 2406 2416 ἐξορίζει
2454 2350 2555 2420 τῆς
2600 2352 2851 2421 φύσεως,
2896 2355 2972 2420 ὡς
3014 2358 3200 2412 κακῶν
3251 2362 3446 2425 αἰτίαν,
3486 2361 3620 2416 ἀλλά
3648 2362 3761 2432 τὴν

2175 2439 2496 2511 περιεργίαν
2521 2442 2620 2514 τὴν
2661 2445 2726 2498 ἐκ
2757 2447 3064 2520 συμϐουλῆς
3096 2448 3188 2503 τοῦ
3215 2452 3586 2523 ἀντικειμένου
3620 2471 3760 2510 συν·

2174 2531 2448 2587 εισιοῦσαν
2472 2537 2539 2606 τῇ
2570 2536 2758 2607 χρείᾳ,
2794 2538 2960 2610 μόνην
2990 2541 3458 2614 ἀποπεμψάμενος
3484 2584 3500 2610 ,
3530 2546 3759 2616 ἀφῆκεν

2173 2625 2284 2686 τοῖς
2299 2622 2446 2689 ἰδίοις
2466 2626 2612 2697 ὅροις
2627 2629 3025 2701 οἰκονομεῖσθαι
3046 2632 3143 2704 τὴν
3157 2634 3551 2706 φύσιν.⁶Ὠσπερ
3570 2635 3686 2708 γὰρ
3700 2638 3757 2689 οι

2172 2714 2486 2787 διηθοῦντες
2511 2717 2600 2773 τὸν
2633 2716 2775 2775 οἶνον
2800 2723 2901 2777 οὐκ
2932 2724 3292 2796 ἀτιμάζουσιν
3323 2726 3486 2782 αὐτοῦ
3516 2728 3579 2781 τὸ
3608 2730 3757 2800 χρή-

2174 2822 2354 2877 σιμον,
2410 2809 2500 2864 διὰ
2547 2811 2647 2884 τὴν
2694 2814 3127 2886 καταμιχθεῖσαν
3166 2821 3333 2890 ἄχνην
3381 2818 3528 2891 αὐτῷ
3555 2836 3570 2851 ·
3610 2820 3757 2874 ἀλλὰ

2170 2897 2248 2969 τῷ
2282 2898 2423 2971 ἰθμῷ
2456 2902 2525 2955 τὰ
2558 2905 2786 2974 περιττά
2814 2905 3186 2980 διακρίναντες
3211 2949 3227 2975 ,
3248 2910 3342 2964 τοῦ
3376 2910 3616 2983 καθαροῦ
3644 2913 3756 2983 τὴν

2170 2990 2367 3062 χρῆσιν
2392 2992 2493 3046 οὐκ
2521 2994 2934 3051 ἀποϐάλλουσιν·
2965 2998 3177 3071 οὔτως-ὁ
3206 3000 3534 3074 θεωρητικός
3561 3020 3623 3056 τε
3650 3004 3756 3058 καὶ

2169 3079 2502 3153 διακριτικὸς
2540 3084 2648 3138 τῶν
2698 3085 3122 3165 ἀλλοτρίωντῆς
3169 3091 3412 3175 φύσεως,
3442 3092 3632 3162 Λόγος,
3676 3096 3752 3164 τῇ

2169 3170 2458 3242 λεπτότητι
2509 3175 2608 3244 τῆς
2646 3176 2907 3248 ἀκριϐοῦς
2949 3180 3212 3253 θεωρίας,
3244 3172 3365 3255 ’τὴν
3397 3184 3494 3256 μὲν
3530 3187 3750 3249 πεῖναν,

2169 3262 2246 3326 ὡς
2280 3281 2443 3336 συντη
2454 3266 2679 3339 ρητικὴν
2701 3263 2865 3325 οὖσαν
2888 3271 2988 3342 τῆς
3003 3270 3150 3342 ζωῆς
3167 3275 3324 3345 ἡμῶν
3346 3276 3445 3330 οὐκ
3463 3275 3750 3347 ἐξώρισεν·

2168 3354 2269 3419 τάς
2297 3357 2353 3410 δὲ
2386 3361 2841 3433 συμπλεκομένας
2861 3367 2928 3436 τῇ
2952 3367 3109 3437 χρείᾳ
3130 3368 3467 3439 περιεργίας,
3490 3368 3756 3441 διήθησέν

2170 3465 2229 3501 τε
2259 3450 2353 3503 καὶ
2380 3451 2706 3524 ἀπέρριψεν,
2746 3457 2916 3513 εἰπών
2942 3475 2956 3489 ·
2990 3459 3195 3513 ἐκεῖνον
3240 3459 3435 3515 εἰδέναι
3481 3462 3752 3534 τρόφιμον

2167 3541 2350 3613 ἄρτον,
2379 3543 2439 3608 ὃς
2464 3544 2540 3615 τῷ
2569 3547 2772 3618 ῥήματι
2797 3549 2890 3603 τοῦ
2918 3550 3052 3604 Θεοῦ
3080 3550 3216 3624 πρὸς
3239 3551 3336 3624 τὴν
3361 3552 3521 3623 φύσιν
3537 3554 3753 3625 ᾠκείω-

2164 3649 2273 3687 ται.
2298 3634 2361 3687 Εἰ
2390 3629 2483 3688 οὖν
2509 3636 2792 3691 ἐπείνασεν
2821 3640 2850 3692 ὁ
2876 3639 3102 3709 Ἰησοῦς,
3128 3642 3460 3711 μακαριστὸν
3489 3643 3554 3696 ἀν
3579 3645 3666 3715 εἴη
3686 3647 3753 3697 τὸ

2168 3727 2380 3793 πεινᾷν,
2405 3727 2535 3781 ὅταν
2566 3728 2706 3782 κατά
2754 3729 2987 3800 μίμησιν
3009 3730 3216 3784 ἐκείνου
3246 3732 3531 3803 ἐνεργῆται
3563 3735 3659 3787 καὶ
3685 3735 3752 3788 ἐν

2164 3809 2319 3886 ἡμῖν.
2352 3816 2415 3870 Εἰ
2445 3818 2628 3873 τοίνυν
2674 3819 2923 3891 ἔγνωμεν
2951 3821 3005 3875 τί
3039 3822 3186 3876 ἐστιν
3221 3815 3282 3877 οὗ
3314 3826 3478 3895 πεινᾷ
3508 3825 3744 3895 Κύριος,

2165 3907 2490 3978 γνωσόμεθα
2531 3910 2750 3975 πάντως
2793 3911 2887 3964 τοῦ
2926 3911 3286 3984 μακαρισμοῦ
3336 3914 3431 3968 τοῦ
3471 3915 3565 3971 νῦν
3611 3917 3747 3986 ἡμῖν

2165 4000 2527 4071 προκειμένου
2565 4002 2666 4074 τὴν
2691 4001 2940 4074 δύναμιν.
2976 4005 3112 4059 Ποία
3138 4002 3230 4060 οὖν
3264 4007 3411 4061 ἐστιν
3439 4010 3473 4080 ἡ
3505 4008 3705 4079 βρῶσις
3724 4052 3741 4074 ,

2163 4086 2231 4163 ἦς
2260 4092 2288 4145 ό
2336 4093 2547 4163 Ἰησοῦς
2570 4095 2672 4164 τὴν
2705 4096 3000 4168 ἐπιθυμίαν
3023 4099 3122 4151 οὐκ
3151 4099 3569 4170 ἐπαισχύνεταις
3602 4103 3745 4173 Φησὶ

2162 4184 2299 4254 πρὸς
2326 4186 2452 4248 τοὺς
2485 4185 2735 4257 μαθητὰς
2783 4188 2921 4258 μετά
2957 4189 3045 4244 τὸν
3090 4191 3227 4263 πρὸς
3265 4193 3363 4264 τὴν
3408 4194 3743 4266 Σαμαρεῖτιν

2160 4274 2405 4345 διάλογον
2431 4293 2447 4308 ·
2476 4277 2556 4330 ὅτι
2599 4277 2778 4347 Ἐμὸν
2800 4279 3012 4349 βρῶμά
3042 4282 3233 4348 ἐστιν,
3266 4284 3367 4337 ἵνα
3389 4283 3540 4338 ποιῶ
3563 4284 3630 4337 τὸ
3649 4284 3742 4339 θέ-

2158 4368 2325 4435 λημα
2352 4366 2459 4421 τοῦ
2488 4365 2720 4434 Πατρός
2737 4386 2879 4438 μου·
2912 4372 3144 4444 φανερὸν
3183 4372 3240 4426 δὲ
3263 4372 3358 4427 τοῦ
3380 4374 3595 4446 Πατρός
3624 4377 3740 4429 ἐστι

2159 4457 2219 4511 τὸ
2265 4457 2509 4530 θέλημα,
2552 4460 2612 4525 ὃς
2658 4461 2867 4527 πάντας
2903 4463 3234 4539 ,ἀνθρώπους
3278 4464 3419 4519 θέλει
3460 4466 3738 4536 σωθῆναι,

2158 4549 2254 4602 καὶ¹
2287 4551 2366 4613 εἰς
2389 4552 2686 4618 ἐπίγνωσιν
2715 4553 2974 4625 ἀληθείας
3001 4554 3193 4608 ἐλθεῖν.
3230 4556 3438 4610 Οὐκοῦν
3462 4559 3510 4611 εί
3533 4559 3742 4623 ἐκεῖνος

2089 4669 2133 4725 D
2158 4637 2407 4709 ὀρέγεται
2435 4640 2531 4694 τοῦ
2567 4643 2714 4713 ἡμᾶς
2755 4643 3012 4715 σωθῆναι,
3047 4646 3144 4698 καὶ
3177 4646 3350 4718 τροφὴ
3388 4646 3555 4701 αὑτοῦ
3585 4648 3737 4722 γίνε-

2153 4747 2243 4784 ται
2271 4733 2303 4802 ή
2333 4732 2578 4805 ἡμετέρα
2612 4733 2724 4806 ζωὴ
2749 4772 2765 4797 ,
2811 4734 3208 4807 με’μαθήκαμεν
3237 4738 3317 4800 εἰς
3350 4736 3379 4790 δ
3398 4755 3451 4792 τι
3471 4738 3737 4809 χρηστέον

2154 4822 2222 4878 ἂν
2245 4822 2331 4895 εἴη
2358 4826 2423 4895 τῇ
2457 4824 2679 4897 τοιαύτῃ
2711 4826 2812 4897 τῆς
2843 4827 3020 4898 ψυχῆς
3058 4826 3318 4882 διαθέσει.
3356 4826 3422 4881 Τί
3450 4824 3544 4881 οῦν
3574 4828 3735 4883 τοῦτό

2154 4915 2308 4979 ἐστι;
2344 4915 2700 4987 Πεινάσωμεν
2723 4916 2821 4988 τὴν
2854 4916 3060 4971 ἑαυτῶν
3094 4919 3390 4989 σωτηρίαν,
3417 4918 3733 4989 διψήσωμεν

2152 5002 2245 5056 τοῦ
2281 5002 2427 5057 θείου
2471 5005 2808 5077 θελήματος,
2842 5007 2977 5079 ὅπερ
3023 5008 3140 5061 ἐστὶ
3183 5007 3242 5061 τὸ
3284 5010 3432 5079 ἡμᾶς
3469 5008 3728 5079 σωθῆναι.

2153 5094 2278 5159 Πῶς
2300 5091 2392 5151 οῦν
2426 5099 2541 5151 ἐστι
2574 5098 2671 5170 τὴν
2696 5099 2950 5169 τοιαύτην
2979 5102 3111 5171 ἡμῖν
3162 5100 3572 5170 κατορθωθῆναι
3606 5103 3730 5153 πεῖ-

2149 5203 2276 5251 ναν,
2330 5187 2425 5240 νῦν
2471 5190 2621 5259 παρὰ
2660 5190 2754 5243 τοῦ
2804 5189 3156 5262 μακαρισμοῦ
3205 5191 3619 5263 μεμαθήκαμεν.
3671 5195 3729 5247 '0

2147 5276 2256 5349 γὰρ
2279 5278 2376 5349 τὴν
2395 5279 2740 5350 δικαιοσύνην
2768 5281 2861 5334 τοῦ
2883 5281 3018 5335 Θεοῦ
3045 5283 3304 5354 ποθήσας,
3335 5277 3487 5354 εὗρεν
3509 5284 3569 5336 τὸ
3595 5284 3729 5356 ἀλη-

2148 5367 2257 5432 θῶς
2298 5369 2522 5441 ὀρεκτόν
2546 5390 2559 5402 ·
2596 5365 2658 5426 οὗ
2700 5373 2797 5444 τὴν
2830 5374 3128 5444 ἐπιθυμίαν
3157 5375 3255 5444 οὐχ
3289 5376 3369 5427 ἐνὶ
3407 5374 3590 5446 τρόπῳ
3614 5376 3727 5428 τῶν

2147 5458 2289 5512 κατά
2322 5458 2421 5530 τὴν
2457 5460 2638 5531 ὄρεξιν
2676 5464 3082 5534 ἐνεργουμένων
3112 5463 3430 5535 ἐπλήρωσεν
3455 5480 3472 5496 ο
3513 5466 3573 5516 οὐ
3614 5466 3729 5537 γὰρ

2151 5547 2309 5616 μόνον
2335 5548 2410 5612 ὡς
2434 5549 2635 5621 βρῶσιν
2655 5551 2755 5623 τὴν
2780 5552 2875 5605 τοῦ
2894 5552 3101 5606 δικαίου
3128 5554 3419 5622 μετουσίαν
3437 5554 3723 5623 ἐπόθησεν.

2155 5638 2447 5711 Ἦμιτελὴς
2480 5641 2585 5714 γὰρ
2607 5642 2672 5697 ἂν
2695 5639 2761 5715 ἦν
2788 5644 2879 5698 ἐπὶ
2905 5644 3103 5715 ταύτης
3134 5647 3300 5717 μόνης
3319 5647 3417 5719 τῆς
3436 5647 3725 5713 διαθέσεως
