4018 6414
120 2598 121 2601 η
222 2552 365 2624 ἔχει,
401 2555 614 2611 τοῦτον
651 2559 711 2611 ού
760 2559 1051 2632 μακαρίζει
1082 2564 1110 2615 6
1138 2565 1340 2633 Λόγος;
1386 2567 1544 2620 Ἀλλά
1590 2568 1829 2623 τοιοῦτόν

1287 430 1375 486 DE
1406 429 2007 496 BEATITUDlNlBUS.
2032 439 2292 499 ORATIO
2329 444 2419 501 ιν.

149 530 355 633 στᾶσα
403 533 444 603 ἡ
483 534 733 633 δρεξις,
768 541 883 595 νυνὶ
911 542 967 595 δέ
996 544 1087 596 καὶ
1116 544 1344 615 πότιμον
1365 549 1426 601 τὸ
1447 550 1650 618 ἀγαθὸν
1675 553 1833 608 τοῦτο

1938 559 2195 629 explevit,
2237 576 2344 615 non
2374 562 2518 617 enim
2551 561 2727 618 solum
2762 570 3023 632 tanquam
3066 561 3249 617 cibum
3284 561 3519 633 jnstit‘iae

152 620 486 728 ἐποίησεν,
528 625 639 679 ἵνα
679 628 745 682 τὸ
771 630 1033 702 ἔνθερμόν
1053 650 1111 686 τε
1147 635 1240 687 καὶ
1270 637 1492 703 διακαὲς
1519 642 1619 711 τῆς
1645 645 1837 697 ἐπιθυ-

1941 665 2099 705 usum
2138 656 2444 723 praposuit.
2490 654 2912 726 Semiperfectns
2960 655 3105 709 enim
3156 663 3323 722 esset,
3366 656 3414 712 si
3462 656 3519 710 in

159 718 307 782 μίας
337 718 448 814 τῷ·
485 718 823 814 πάθειτῆς
849 722 1008 794 δίψης
1032 725 1350 797 ἐνδείξηται.
1380 728 1546 801 Ξηροὶ
1578 734 1689 805 γὰρ
1711 736 1834 806 τρό-

1938 739 2042 794 hac
2090 742 2207 796 sola
2262 742 2550 800 affectione
2598 747 2944 808 consisteret,
3007 745 3331 814 appetitus:
3369 760 3517 801 nunc

160 821 276 857 πον
314 808 467 911 τινά
506 811 628 911 κεί).
657 813 956 881 φλογώδεις
983 817 1042 870 ἐν
1065 817 1144 887 τῷ
1170 819 1346 890 καιρῷ
1376 821 1470 874 τοῦ
1493 822 1675 892 δίψους
1699 828 1837 894 γινό-

1938 838 2120 885 autem
2152 833 2314 886 etiam
2345 835 2581 903 potabile
2609 836 2713 889 hoc
2752 835 2957 889 bonum
2988 808 3137 897 fecit,
3177 841 3234 887 ut
3259 834 3514 888 ardorem

168 909 377 961 μενοι,
418 898 513 959 ὡς
570 898 986 968 θεραπευτικὸν
1027 907 1127 976 τῆς
1156 909 1409 980 τοιαύτης
1444 912 1738 979 διαθέσεως
1775 918 1837 972 τὸ

168 986 387 1005 --μίαν
461 988 618 1005 Α..-
695 993 720 1004 ..
1034 997 1045 1005 .
1128 998 1147 1005 -
1241 1001 1296 1005 __
1370 1003 1377 1005 ξ
1446 1000 1471 1005 _

1936 929 1991 975 et
2031 921 2298 977 fervorem
2335 925 2646 994 cupiditatis
2681 941 2777 995 per
2810 927 2932 981 sitis
2978 924 3323 980 affectionem
3368 926 3514 980 indi-

166 986 352 1087 ποτὸν
534 991 756 1087 ἡῷνῆς
774 997 1211 1087 προσφερόμεθα.
1241 1001 1391 1055 Ἐπεὶ
1412 1000 1504 1057 οὖν
1529 1006 1626 1076 μία
1644 1009 1741 1077 μὲν
1758 1009 1836 1079 τῷ

1936 1023 2105 1067 caret.
2142 1013 2277 1067 Cum
2306 1016 2451 1069 enim
2502 1016 2557 1070 in
2594 1025 2840 1087 tempore
2883 1017 3006 1073 silis
3060 1016 3198 1069 aridi
3244 1015 3512 1086 quodam-

170 1076 339 1180 γένει
366 1083 405 1149 ἡ
426 1080 678 1180 ιὸρεξις
696 1087 789 1137 ἐπὶ
822 1085 1077 1156 βρώσεὼς
1097 1108 1155 1142 τε
1184 1097 1277 1145 καὶ
1301 1095 1511 1160 πόσεως
1540 1114 1556 1129 ·
1582 1076 1835 1172 διάφορον

1935 1100 2096 1153 modo
2142 1100 2337 1158 ﬁamus
2385 1111 2439 1158 et
2489 1105 2762 1171 ardentes,
2806 1120 2905 1175 pro
2957 1105 3201 1160 remedio
3240 1105 3512 1174 ejusmodi

171 1166 234 1218 δὲ
267 1169 306 1238 ἡ
330 1170 495 1272 προς
534 1174 821 1246 ἑκάτερον
853 1178 1055 1231 τούτων
1089 1181 1345 1249 διάθεσις,
1378 1186 1454 1249 ὡς
1483 1187 1548 1241 ἂν
1574 1190 1635 1241 τὸ
1672 1166 1835 1260 ἀκρά-

1935 1189 2242 1249 affectionis
2291 1202 2479 1264 potum
2527 1198 2797 1252 sumimus
2844 1212 2969 1252 cum
3009 1200 3307 1268 voluptate.
3361 1196 3512 1263 Quo-

177 1273 363 1360 τατον
394 1263 514 1360 τῆς
561 1263 717 1336 πρὸς
759 1266 819 1319 τὸ
863 1268 1064 1335 ἀγαθὸν
1099 1273 1394 1343 ἐπιθυμίας
1428 1280 1456 1330 6
1500 1278 1657 1347 λόγος
1697 1284 1830 1351 ἡμῖν

1937 1283 2086 1337 niam
2134 1263 2303 1356 igitur
2337 1303 2482 1342 unus
2511 1289 2727 1358 quidem
2780 1305 2977 1359 genere
3006 1290 3124 1359 ipso
3140 1263 3260 1345 -cibi
3300 1290 3507 1360 pariter

181 1348 667 1450 νομοθετήσειεν
691 1372 704 1385 ’
742 1360 1038 1429 μακαρίζει
1086 1364 1211 1427 τοὺς
1248 1365 1317 1418 τὰ
1355 1366 1449 1420 δύο
1476 1369 1647 1423 ταῦτα
1698 1348 1834 1442 πρὸς

1934 1383 1987 1431 et
2012 1378 2248 1446 potionis
2289 1382 2562 1450 appetitus
2598 1390 2717 1447 est;
2772 1348 2987 1437 diversa
3028 1348 3156 1437 vero
3185 1383 3250 1437 ad
3296 1348 3509 1436 utrum-

181 1438 292 1507 τὴν
344 1441 743 1516 δικαιοσύνην
773 1450 1081 1520 πάσχοντας
1103 1492 1117 1516 ,
1151 1453 1249 1525 τὴν
1289 1457 1478 1510 πεῖνάν
1506 1477 1564 1511 τε
1608 1462 1703 1513 καὶ
1730 1438 1831 1531 τὴν

1938 1477 2045 1533 que
2073 1468 2265 1519 horum
2309 1471 2527 1523 allectio
2544 1479 2649 1536 est,
2672 1479 2731 1525 ut
2753 1488 3026 1528 summum
3059 1477 3218 1531 nobis
3249 1486 3303 1532 et
3324 1487 3509 1534 extre-

183 1531 360 1597 δίψαν
385 1574 403 1599 ,
436 1534 527 1596 ὡς
558 1536 760 1591 ἱκανοῦ
803 1540 953 1605 ὄντος
978 1542 1072 1595 τοῦ
1108 1544 1444 1616 ποθουμένου
1477 1549 1613 1620 πρὸς
1639 1552 1830 1604 ἐκατέ-

1934 1569 2082 1607 mum
2123 1555 2253 1611 boni
2292 1559 2629 1615 desiderium
2672 1578 2855 1618 sermo
2889 1568 3285 1634 praescriberet,
3317 1569 3506 1626 beatos

191 1638 304 1732 ραν
326 1623 720 1732 ἁρμοσθῆναι
746 1631 1095 1703 καταλλήλως
1123 1634 1222 1705 τὴν
1246 1637 1444 1707 ὄρεξιν,
1474 1640 1568 1694 καὶ
1598 1643 1831 1713 στερρὰν

1934 1642 2140 1712 iudicat
2160 1661 2277 1715 eos,
2299 1650 2392 1719 qui
2414 1650 2633 1707 duobus
2665 1653 2752 1709 his
2779 1623 3087 1716 affectibus.
3113 1656 3255 1712 fame
3271 1623 3502 1721 pariter.

194 1713 304 1820 μὲν
348 1714 777 1820 τῷηπεινῶντι
815 1722 1059 1801 γίνεσθαι
1104 1727 1329 1798 τροφὴν,
1371 1730 1599 1801 πότιμον
1649 1732 1706 1785 δὲ
1753 1733 1831 1804 τῷ

1934 1746 1984 1792 et
2015 1741 2105 1796 siti
2142 1742 2208 1795 ad
2231 1713 2505 1811 jus-titiam
2539 1749 2848 1807 moventur,
2891 1742 3048 1812 quasi
3077 1713 3226 1796 satis
3255 1713 3511 1794 idoneum

194 1803 532 1908 διψητικῶς
567 1810 1004 1887 ἐφελκυσαμένῳ
1034 1817 1131 1888 τὴν
1157 1820 1335 1890 χάριν.
1805 1803 1809 1804 ί

1934 1830 2001 1883 sit
2033 1832 2081 1885 id
2113 1803 2259 1901 quod
2294 1833 2660 1895 desideratur,
2692 1841 2751 1887 ut
2797 1803 2854 1908 se
2884 1803 3102 1901 utrique
3130 1831 3393 1902 appetitui
3428 1829 3514 1883 in-

192 1905 390 1996 ricem
428 1908 859 1974 accommodet,
909 1917 1073 1980 atque
1110 1915 1370 1969 esurienti
1399 1915 1616 1985 quidem
1659 1917 2050 1978 nutrimentum
2084 1926 2343 1991 solidum,
2374 1941 2496 1981 cum
2533 1926 2627 1982 siti
2673 1905 2816 1980 vero.
2869 1926 3101 1996 gratiam
3167 1923 3234 1977 ad
3297 1937 3357 1977 se
3433 1928 3515 1976 at-

201 1995 464 2052 trahenti
498 2001 759 2068 potabile
799 2006 1051 2061 exsistat.

275 2092 603 2162 Μακάριοι
628 2102 681 2152 οἱ
705 2098 1023 2167 πεινῶντες
1048 2102 1145 2157 καὶ
1162 2103 1455 2173 διψῶντες
1478 2106 1592 2175 τὴν
1609 2106 1827 2162 δικαιο-

2001 2108 2153 2163 Beati
2193 2110 2283 2181 qui
2324 2111 2566 2164 esuriant
2605 2118 2654 2164 et
2692 2110 2881 2163 sitiunt
2914 2106 3225 2176 justitiam,
3258 2105 3510 2172 quoniam

210 2182 449 2252 σύνην,
484 2184 586 2238 ὅτι
617 2189 789 2242 αὐτοὶ
820 2194 1357 2260 χορτασθήσονται.
1384 2190 1511 2270 Ἆρ’
1535 2195 1627 2253 οὖν
1648 2199 1708 2253 τὸ
1730 2200 1828 2271 μὲν

1934 2202 2033 2269 ipsi
2077 2201 2487 2256 saturabuntur.
2528 2200 2785 2271 Nunquid
2814 2214 2945 2269 ergo
2985 2197 3257 2268 justitiam
3287 2195 3509 2265 quidem
3548 2262 3556 2271 Δ

212 2276 357 2347 πρὸς
402 2280 511 2350 τὴν
548 2280 903 2354 δικαιοσύνην
941 2286 1241 2356 όρεκτικῶς
1277 2289 1420 2359 ἔχειν
1471 2294 1825 2364 μακαριστὸν,

1934 2300 2182 2362 expetere
2228 2295 2447 2349 beatum
2485 2293 2841 2365 iudicandum
2872 2298 2993 2357 est;
3028 2288 3121 2345 sed
3157 2289 3201 2344 si
3231 2289 3356 2359 quis
3382 2303 3512 2358 erga

216 2370 266 2422 si.
299 2369 362 2423 δέ
388 2388 481 2434 τις
510 2373 662 2444 πρὸς
684 2374 782 2446 τὴν
812 2378 1184 2450 σωφροσύνην,
1216 2380 1248 2452 ἢ
1272 2383 1370 2453 τὴν
1416 2384 1605 2452 σοφίαν
1623 2426 1637 2451 ,
1666 2385 1699 2456 ἢ
1732 2384 1829 2456 τὴν

1934 2386 2343 2453 temperantiam
2365 2424 2380 2449 ,
2408 2385 2802 2439 continentiam
2826 2425 2841 2450 ,
2872 2383 3223 2438 sobrietatem
3247 2421 3261 2446 ,
3294 2383 3388 2436 aut
3419 2396 3511 2437 sa-

218 2462 523 2533 φρόνησιν,
558 2465 594 2536 ἢ
632 2466 686 2517 εἴ
706 2484 758 2519 τι
779 2467 904 2521 ἀλλο
931 2470 1032 2541 τῆς
1063 2473 1262 2542 ἀρετῆς
1288 2471 1424 2540 εἶδός
1446 2477 1829 2546 ἐστιν,ὁμοίως

1934 2475 2191 2545 pientiam
2218 2519 2231 2542 ,
2266 2486 2359 2531 aut
2394 2477 2773 2547 prudentiam,
2808 2483 2902 2530 aut
2936 2476 2981 2530 si
3013 2489 3120 2544 qua
3154 2474 3258 2527 alia
3293 2474 3514 2529 virtutis

1932 2567 2143 2637 species
2188 2574 2307 2633 est,
2363 2568 2617 2623 similiter
2666 2566 2894 2621 affectus
2927 2576 3041 2630 est,
3097 2566 3243 2619 hunc
3270 2563 3511 2620 Verbum

1930 2656 2149 2712 beatum
2185 2673 2296 2713 non
2343 2659 2593 2725 iudicat?
2621 2657 2822 2713 Verum
2876 2658 3037 2712 talem
3089 2655 3321 2713 forsitan
3366 2655 3513 2726 quod

1930 2747 2131 2801 dicitur
2159 2749 2485 2803 sententiam
2519 2749 2573 2802 in
2607 2763 2667 2807 se
2694 2748 2959 2802 continet:
2990 2746 3168 2801 Unum
3199 2762 3266 2802 ex
3299 2746 3366 2803 iis
3392 2761 3515 2816 qua:

1930 2851 2026 2907 per
2077 2838 2332 2893 virtutem
2376 2839 2773 2909 intelliguntur,
2816 2837 3031 2906 justitia
3075 2846 3178 2892 est.
3224 2836 3333 2892 Pro
3373 2851 3511 2891 con—

1931 2928 2221 2985 suetudine
2252 2939 2431 2983 autem
2464 2929 2519 2983 id
2565 2944 2709 2998 stepe
2749 2927 2934 3005 divina
2977 2928 3263 2998 Scriptura
3307 2928 3511 2990 habet,

1930 3028 1991 3075 ut
2020 3020 2163 3075 facta
2197 3022 2475 3076 mentione
2502 3021 2709 3093 partis,
2743 3026 2916 3074 totum
2942 3019 3410 3088 comprehendat,
3455 3024 3516 3072 ut

1932 3127 2054 3166 cum
2087 3112 2327 3167 divinam
2362 3118 2615 3166 naturam
2646 3126 2745 3180 per
2771 3112 2953 3180 aliqua
2987 3111 3210 3164 nomina
3240 3109 3511 3179 designat.

222 2662 349 2698 τινα
374 2646 529 2720 τάχα
563 2648 693 2703 νοῦν
715 2651 777 2704 τὸ
808 2652 1098 2723 λεγόμενον
1130 2654 1241 2725 ἔχει
1258 2671 1273 2685 ⁸
1296 2657 1390 2709 Ἒν
1415 2657 1523 2711 τῶν
1557 2661 1677 2712 κατ’
1705 2660 1831 2731 ἀρε-

225 2735 326 2819 τὴν
362 2739 709 2810 νοουμένων,
738 2743 771 2810 ὴ
796 2743 1108 2817 δικαιοσύνη
1141 2748 1307 2802 ἐστίν.
1335 2748 1588 2820 Συνήθως
1612 2751 1668 2805 δὲ
1702 2751 1831 2805 πολ-

228 2824 392 2888 λάκις
440 2829 478 2898 ἡ
530 2828 656 2881 θεία
694 2830 885 2904 Γραφὴ
932 2832 1019 2887 διὰ
1061 2837 1159 2905 τῆς
1188 2834 1279 2889 τοῦ
1327 2838 1525 2908 μέρους
1574 2841 1824 2912 μνήμης,

239 2918 654 2990 περιλαμϐάνει
697 2921 757 2975 τὸ
789 2923 939 2978 ὅλον·
978 2925 1050 2989 ὡς
1096 2928 1225 2980 ὅταν
1268 2927 1365 3000 τὴν
1397 2928 1546 2983 θείαν
1575 2931 1733 3000 φύσιν
1762 2931 1828 2985 δι’

233 3007 523 3078 ὀνομάτων
556 3010 720 3065 τινῶν
758 3013 1054 3088 ἐρμηνεύῃ.
1087 3015 1249 3084 Λέγει
1272 3019 1400 3089 γὰρ,
1436 3019 1575 3088 Ἐγὼ
1596 3020 1827 3087 Κύριος,

233 3098 312 3163 ὡς
334 3101 398 3154 ἐκ
413 3101 715 3174 προσώπου
730 3103 823 3157 τοῦ
840 3105 1020 3177 Θεοῦὴ
1046 3108 1365 3178 προφητεία·
1388 3109 1566 3163 τοῦτό
1578 3128 1677 3179 μοι
1695 3110 1828 3165 ὅνο-

234 3211 320 3261 μα
338 3195 591 3250 αἰώνιον
611 3212 625 3225 ⁸
656 3197 755 3251 καί
779 3200 1178 3268 μνημόσυνον
1207 3199 1428 3270 γενεῶν
1446 3202 1693 3271 γενεαῖς.
1722 3203 1832 3256 Καὶ

240 3286 406 3339 πάλιν
431 3287 667 3360 ἑτέρωθί
697 3306 861 3359 φησιν
880 3306 893 3319 ·
924 3289 1070 3360 Ἐγώ
1092 3294 1207 3361 εἰμι
1229 3295 1261 3345 ό
1287 3291 1388 3344 ὢν.
1414 3292 1525 3345 Kal.
1558 3294 1616 3345 ὲν
1638 3292 1826 3363 ἐτέρῳ·

243 3376 324 3429 ὅτι
365 3379 679 3449 Ἐλεήμων
710 3382 849 3450 εἰμί.
876 3380 980 3435 Καὶ
1011 3384 1224 3454 μυρίοις
1266 3383 1446 3447 ἄλλοις
1468 3384 1692 3454 ὀνόμασι
1720 3388 1831 3448 τοῖς

244 3469 336 3522 τδ⁴⁵
351 3471 560 3543 ὑψηλόν
599 3491 658 3526 τε
693 3475 789 3528 καὶ
834 3474 1136 3546 θεοπρεπὲς
1173 3475 1621 3545 διασημαίνουσιν
1642 3517 1657 3540 ,
1691 3471 1831 3528 οἶδεν

249 3559 538 3632 ὀνομάζειν
568 3565 731 3618 αὐτὸν
758 3566 790 3635 ή
823 3565 952 3633 ἁγία
980 3565 1188 3636 Γραφὴ,
1216 3565 1355 3618 ὥστε
1387 3565 1473 3619 διὰ
1504 3565 1705 3619 τούτων
1737 3583 1831 3638 μα-

251 3650 363 3706 θεῖν
394 3655 661 3726 ἀκριϐῶς,
698 3657 780 3709 ὅτι
805 3657 933 3710 ὅταν
958 3656 1016 3709 ἓν
1046 3674 1097 3709 τι
1128 3656 1279 3727 εἴπῃ,
1313 3657 1420 3720 πᾶς
1447 3659 1475 3709 6
1502 3656 1608 3710 τῶν
1645 3656 1835 3727 ὀνομά-

254 3759 359 3796 των
383 3747 685 3816 κατάλογος
717 3748 855 3801 κατὰ
884 3748 944 3801 τὸ
971 3748 1320 3817 σιωπώμενον
1348 3749 1426 3819 τῷ
1449 3749 1527 3801 ἐνὶ
1556 3766 1835 3818 συνεκφω-

253 3834 443 3888 νεῖται.
486 3836 562 3889 Οὐ
614 3837 723 3906 γᾲρ
776 3836 1071 3907 ἐνδέχεται,
1109 3836 1204 3890 ἐὰν
1244 3836 1451 3902 Κύριος
1483 3837 1727 3906 λέγηται,
1758 3838 1831 3909 μὴ

258 3924 348 3978 καὶ
368 3926 434 3979 τὰ
456 3926 592 3981 ἄλλα
616 3923 757 3981 εἷναι
787 3943 799 3955 ·
827 3928 966 3982 ἀλλά
996 3928 1171 3982 πάντα
1202 3929 1269 3982 δι’
1295 3929 1412 3992 ἐνὸς
1437 3930 1698 4001 ὀνόματος
1718 3916 1835 3984 δνο-

261 4016 508 4085 μάζεται.
548 4019 649 4073 Διά
693 4019 895 4074 τούτων
922 4015 1014 4073 οὖν
1040 4020 1459 4091 μεμαθήκαμεν,
1490 4021 1570 4074 ὅτι
1613 4022 1701 4075 διὰ
1734 4021 1834 4092 μέ-

263 4122 382 4175 ρους
416 4109 563 4172 τινὸς
593 4110 763 4163 πολλά
796 4111 1224 4181 περιλαμϐάνειν
1249 4107 1389 4164 οἶδεν
1418 4114 1447 4164 6
1475 4110 1834 4169 θεόπνευστος

261 4197 444 4267 Λόγος.
501 4201 710 4255 Οὐκοῦν
755 4204 849 4255 καὶ
887 4202 1122 4256 ἐνταῦθα
1171 4203 1270 4274 τὴν
1324 4203 1667 4274 δικαιοσύνην
1721 4205 1834 4267 τοῖς

268 4292 611 4363 μακαριστῶς
636 4293 856 4348 πεινῶσι
900 4295 1219 4367 προκεῖσθαι
1248 4298 1277 4349 6
1303 4296 1475 4365 Λόγος
1507 4296 1705 4360 εἰπὼν,
1727 4298 1834 4350 πᾶν

264 4375 397 4446 εἶδος
426 4384 649 4458 ἀρετῆς,
698 4385 787 4439 διὰ
840 4385 1043 4456 ταύτης
1075 4385 1469 4457 ἀποσημαίνει,
1506 4387 1583 4450 ὡς
1638 4387 1835 4454 ἐπίσης

1934 3202 2076 3257 Dicit
2104 3204 2251 3258 enim
2288 3210 2549 3273 tanquam
2583 3217 2649 3257 ex
2679 3215 2913 3272 persona
2940 3201 3034 3256 Dei
3063 3201 3328 3271 prOpbeta
3356 3218 3369 3254 :
3399 3198 3515 3269 Ego

1933 3295 2194 3349 Dominus
2218 3334 2233 3359 ,
2281 3294 2379 3348 hoc
2406 3295 2534 3347 mihi
2567 3311 2754 3348 nomen
2782 3304 3034 3349 (sternunt
3060 3309 3077 3346 :
3108 3304 3158 3346 et
3206 3292 3515 3346 memoriale

1932 3387 2333 3455 generationum
2369 3386 2800 3455 generationibus
2831 3387 2908 3450 ης
2957 3392 3012 3440 et
3058 3398 3256 3438 rursus
3305 3384 3362 3437 in
3409 3383 3517 3437 alio

1934 3478 2056 3531 loco
2086 3477 2163 3529 ait
2190 3496 2201 3529 :
2250 3475 2361 3545 Ego
2393 3492 2510 3530 sum
2553 3477 2644 3543 qui
2687 3492 2805 3529 sum
2838 3476 2885 3507 '°
2912 3494 2925 3529 :
2957 3482 3012 3530 et
3044 3477 3099 3528 in
3129 3475 3273 3532 alio:
3304 3473 3518 3527 Miseri-

1932 3579 2051 3619 cors
2086 3582 2203 3619 sum
2237 3566 2282 3596 “
2311 3582 2324 3619 :
2360 3573 2413 3619 et
2447 3565 2726 3620 sexcentis
2758 3564 2881 3619 aliis
2928 3564 3247 3618 nominibus
3281 3562 3334 3617 id
3367 3561 3512 3633 quod

1934 3661 1989 3709 et
2033 3653 2204 3707 altum
2255 3660 2310 3708 et
2360 3661 2653 3723 augustum
2709 3662 2794 3707 est
2843 3651 3321 3723 significantibus,
3376 3650 3517 3705 solet

1934 3744 2105 3801 Deum
2138 3752 2326 3801 sancta
2354 3744 2641 3815 Scriptura
2670 3744 2987 3811 nominare,
3023 3752 3080 3798 ut
3107 3758 3203 3813 per
3228 3744 3343 3797 haec
3365 3751 3514 3798 certo

1936 3838 2210 3897 sciamus,
2243 3835 2387 3905 quod
2426 3850 2552 3890 cum
2584 3850 2754 3888 unum
2789 3833 3013 3904 aliquod
3053 3833 3216 3897 edat,
3260 3841 3373 3886 tota
3414 3846 3516 3886 no-

1934 3929 2147 3982 minum
2172 3929 2458 3997 congeries
2484 3916 2647 3981 tacite
2672 3941 2799 3981 cum
2827 3941 2937 3980 uno
2965 3927 3128 3982 simul
3154 3926 3513 3995 exprimatur.

1934 4022 2051 4077 Non
2077 4022 2220 4077 enim
2256 4021 2600 4088 conceditur,
2636 4037 2740 4076 ncc
2771 4019 3055 4092 probabile
3083 4026 3199 4085 est,
3237 4018 3285 4072 si
3335 4017 3517 4071 Domi-

1936 4132 2041 4171 nus
2065 4115 2303 4179 dicatur,
2329 4129 2453 4169 eum
2480 4153 2495 4179 ,
2529 4129 2638 4169 non
2669 4114 2834 4168 etiam
2868 4112 3073 4182 reliqua
3101 4125 3256 4176 esse,
3285 4109 3381 4165 sed
3406 4123 3516 4163 om-

1935 4207 2027 4261 nia
2061 4220 2159 4276 per
2190 4220 2359 4259 unum
2394 4220 2595 4260 nomen
2626 4206 3029 4274 exprimuntur.
3062 4200 3166 4256 Per
3201 4201 3317 4255 haec
3351 4199 3518 4269 igitur

1936 4299 2228 4355 didicimus
2250 4338 2265 4362 ,
2298 4297 2445 4368 quod
2480 4312 2576 4367 per
2607 4304 2816 4367 partem
2869 4295 3108 4365 aliquam
3160 4292 3332 4347 multa
3369 4304 3518 4346 com-

1936 4392 2098 4462 plecti
2133 4391 2302 4445 soleat
2338 4390 2600 4444 divinitus
2631 4387 2846 4457 prodita
2878 4387 3185 4455 Scriptura.
3222 4383 3367 4454 Ergo
3392 4398 3516 4437 cum

269 4479 588 4548 μακαριστὸν
626 4474 764 4532 εἶναι
796 4478 886 4531 τὸν
912 4478 1005 4530 καὶ
1025 4478 1306 4550 φρόνησιν,
1326 4478 1420 4531 καὶ
1444 4479 1716 4549 ἀνδρείαν,
1740 4481 1836 4532 καὶ

1936 4481 2100 4536 etiam
2133 4480 2223 4534 hic
2257 4478 2495 4533 Verbum
2524 4478 2787 4542 dixisset,
2819 4477 3092 4546 justitiam
3117 4476 3217 4540 iis,
3244 4474 3337 4544 qui
3361 4475 3519 4529 beate

269 4572 611 4642 σωφροσύνην
643 4569 933 4636 πεινῶντα,
962 4571 1057 4624 καὶ
1084 4571 1215 4623 εἴτι
1257 4570 1445 4641 ἓτερον
1477 4570 1535 4624 ἐν
1570 4571 1649 4640 τῷ
1687 4570 1834 4641 αὑτῷ

1937 4573 2216 4636 esuriant,
2251 4570 2590 4641 propositam
2622 4584 2771 4633 osse,
2811 4583 2907 4638 per
2942 4569 3084 4621 hanc
3106 4607 3121 4630 ,
3154 4581 3372 4620 omnem
3404 4566 3520 4619 vir-

268 4658 358 4729 τῆς
411 4661 609 4732 ἀρετῆς
657 4659 799 4728 λόγῳ
848 4657 1342 4730 καταλαμϐάνεται.
1390 4656 1523 4709 Οὐδὲ
1561 4656 1669 4726 γάρ
1719 4657 1836 4710 ἐστι

1937 4665 2072 4719 tutis
2100 4662 2340 4733 speciem
2366 4662 2651 4732 designat,
2682 4668 2744 4714 ut
2773 4675 2839 4714 ex
2866 4674 3025 4728 atquo
3055 4659 3252 4713 beatus
3286 4657 3392 4722 sit,
3423 4656 3517 4727 qui

269 4747 478 4806 δυνατὸν
505 4753 567 4806 ’ἐν
611 4770 664 4805 τι
703 4752 803 4822 τῆς
832 4751 1033 4823 ἀρετῆς
1073 4745 1211 4812 εἶδος
1236 4748 1344 4802 τῶν
1389 4748 1590 4800 λοιπῶν
1623 4745 1828 4808 διεζευ-

1937 4766 1989 4810 et
2021 4753 2405 4825 prudentiam,
2456 4760 2511 4807 et
2558 4749 2974 4813 fortitudinem,
3021 4755 3077 4803 et
3128 4747 3518 4811 sobrietatem,

270 4844 477 4913 γμένον,
507 4845 638 4900 αὐτὸ
688 4842 809 4898 καθ’
846 4840 1007 4895 ἑαυτὸ
1057 4840 1266 4894 τελείαν
1301 4839 1401 4911 τὴν
1443 4840 1645 4911 ἀρετὴν
1671 4834 1831 4892 εἶναι.

1945 4845 2381 4908 continentiam,
2414 4841 2818 4914 frugalitatem.
2851 4850 2905 4895 et
2952 4840 2999 4895 si
3050 4838 3183 4909 quid
3234 4838 3382 4893 aliud
3424 4851 3522 4908 per

271 4928 337 5005 Ὦ
363 4936 465 5009 γὰρ
496 4937 563 4993 ἂν
597 4937 672 5009 μὴ
725 4932 1094 5006 πνθεωρῆταί
1114 4951 1164 4986 τι
1196 4932 1306 4985 τῶν
1333 4933 1474 4985 κατά
1526 4931 1587 4984 τὸ
1632 4931 1836 4998 ἀγαθὸν

1938 4940 2187 4993 eamdem
2237 4936 2459 4991 virtutis
2498 4933 2871 4989 deﬁnitionem
2926 4931 3228 5002 percipitur
3271 4936 3325 4984 et
3372 4943 3522 4983 com—

272 5026 580 5096 νοουμένων,
610 5027 825 5097 ἀνάγκη
870 5027 1021 5079 πᾶσα
1068 5025 1130 5077 τὸ
1160 5023 1722 5092 ἀντιδιαστελλόμενον
1749 5024 1836 5077 ἐπ’

1938 5026 2322 5101 prehenditur,
2356 5027 2588 5082 esuriat.
2624 5023 2814 5095 Neque
2852 5024 2996 5078 enim
3036 5021 3153 5076 fieri
3199 5027 3417 5090 potest,
3461 5025 3524 5072 ut

275 5115 425 5170 αὐτοῦ
467 5119 651 5191 χώραν
700 5118 845 5189 ἔχειν
878 5132 892 5146 ’
922 5116 1292 5186 ἀντιδιέστηκε
1325 5114 1381 5167 δὲ
1410 5117 1479 5185 τῇ
1514 5114 1834 5185 σωφροσύνῃ

1941 5137 2048 5176 una
2074 5120 2256 5189 aliqua
2280 5118 2503 5172 virtutis
2529 5116 2741 5185 species
2766 5131 2796 5168 a
2820 5113 3045 5181 reliquis
3071 5111 3379 5180 disjuncta,
3403 5110 3519 5177 ipsa

1939 5227 2037 5281 per
2062 5226 2121 5266 se
2148 5211 2325 5265 virtus
2360 5207 2605 5279 perfecta
2641 5208 2729 5263 sit.
2762 5203 2899 5259 Nam
2930 5216 3055 5258 cum
3083 5216 3193 5272 quo
3217 5214 3327 5254 non
3357 5199 3522 5254 simul

1939 5300 2145 5372 aliquid
2177 5300 2562 5355 consideratur
2586 5313 2776 5353 eorum
2800 5337 2814 5361 ,
2847 5310 2969 5366 quas
3000 5308 3099 5365 per
3128 5294 3334 5347 bonum
3361 5291 3523 5346 intel-

1941 5396 2204 5463 liguntur,
2236 5392 2460 5446 omnino
2488 5404 2714 5444 necesse
2743 5395 2864 5450 est,
2903 5395 2963 5441 ut
2989 5383 3332 5441 contrarium
3364 5384 3421 5436 in
3455 5396 3522 5436 eo

1940 5485 2125 5539 locum
2171 5483 2412 5537 habeat:
2449 5480 2747 5551 opponitur
2794 5486 2976 5533 autem
3012 5474 3369 5532 continentiae
3396 5473 3520 5544 qui-

1941 5577 2064 5632 dem
2089 5584 2143 5632 et
2171 5575 2466 5649 frugalitati
2496 5572 2708 5629 luxuria
2739 5580 2904 5641 atque
2933 5568 3330 5625 incontinentia
3356 5583 3372 5631 ;
3400 5580 3521 5636 pru-

1940 5667 2138 5723 dentiae
2184 5682 2312 5724 vero
2359 5665 2623 5731 stultitia,
2675 5672 2731 5720 et
2783 5662 3054 5733 cujusque
3085 5670 3274 5717 eorum
3308 5671 3431 5729 quae
3464 5654 3523 5714 in

1859 3442 1903 3503 C

280 5203 368 5271 μὲν
392 5207 449 5260 τὸ
496 5209 795 5262 ἀκόλαστον
822 5225 837 5241 ·
865 5210 929 5279 τῇ
972 5209 1229 5277 φρονήσει
1257 5206 1313 5260 δὲ
1356 5209 1389 5276 ἡ
1417 5207 1716 5278 ἀφροσύνη,
1744 5208 1839 5260 κοιλ⁹

278 5292 474 5372 ἑκάστῳ
505 5302 615 5355 τῶν
658 5300 792 5371 πρὸς
835 5300 896 5354 τὸ
928 5304 1170 5372 κρεῖττον
1202 5299 1622 5370 ὑπειλημμένων
1653 5299 1765 5352 ἐστὶ
1790 5318 1841 5352 τι

280 5388 478 5455 πάντως
511 5393 572 5445 τὸ
602 5395 666 5447 ἐκ
715 5392 809 5444 τοῦ
855 5391 1099 5445 ἐναντίου
1150 5390 1457 5460 νοούμενον.
1507 5391 1569 5443 Εἰ
1622 5387 1716 5443 οὖν
1763 5389 1841 5461 μὴ

282 5480 439 5536 πάντα
463 5489 531 5556 τῇ
572 5484 887 5558 δικαιοσύνῃ
930 5485 1281 5553 συνθεωροῖτο
1301 5523 1315 5545 ,
1346 5483 1628 5553 ἀμήχανον
1656 5481 1721 5534 ἂν
1754 5484 1838 5553 εἴη

280 5568 334 5622 τὸ
377 5573 691 5647 λειπόμενον
726 5577 929 5644 ἀγαθὸν
980 5573 1138 5629 εἶναι.
1191 5576 1304 5628 Οὐκ
1330 5572 1395 5627 ἂν
1436 5575 1544 5642 γάρ
1573 5590 1655 5638 τις
1694 5574 1835 5625 εἴποι

283 5659 468 5734 ἄφρονα
505 5669 873 5750 δικαιοσύνην,
902 5669 935 5740 ἢ
967 5669 1245 5736 θρασεῖαν,
1275 5666 1308 5738 ἢ
1337 5665 1651 5730 ἀκόλαστον,
1684 5663 1717 5735 ἢ
1741 5663 1835 5718 ἄλ-

349 5848 385 5879 ¹⁹
418 5852 691 5922 lsa.x1.tt,
734 5852 787 5908 8.
867 5854 910 5885 ὀ
950 5852 1117 5909 Exod.
1148 5869 1245 5923 ιιι,
1282 5855 1325 5910 ί.
1404 5856 1445 5888 ’ί
1489 5852 1659 5909 Exod.
1694 5869 1804 5908 χχιι
1829 5894 1845 5922 ,
1878 5853 1964 5908 27.
