4018 6376
625 345 768 401 1245

1820 357 1886 433 ,8.
1928 359 2257 418 GREGORH
2298 361 2593 420 NYSSENI

3774 377 3890 435 ΕΗ

623 461 904 518 meliorem
941 469 1149 535 partem
1184 469 1553 540 accipiuntur,
1585 489 1816 545 prorsus
1840 486 1926 535 est
1961 482 2164 553 aliquid

2270 533 2276 548 _
2304 483 2363 537 λο
2388 501 2439 539 τι
2470 484 2578 539 τῶν
2604 486 2663 539 ἐν
2691 486 2859 559 κακίᾳ
2910 488 3321 564 θεωρουμένων.
3354 496 3420 549 Et
3456 496 3516 550 δὲ
3570 497 3782 563 παντὸς
3810 500 3887 553 τοῦ

621 553 771 621 quod
800 569 864 608 ex
895 559 1176 612 contrario
1205 559 1563 632 intelligatur.
1597 564 1654 620 Si
1686 567 1851 639 igitur
1880 585 1985 626 non
2014 573 2200 628 omnia

622 657 746 697 cum
784 644 1000 713 justitia
1044 650 1547 721 considerarentur,
1596 657 1714 713 ﬁeri
1760 675 1869 715 non
1908 674 2093 732 posset
2141 675 2202 720 ut

621 732 765 801 quod
813 737 1248 809 relinqueretur,
1285 742 1488 798 bonum
1545 755 1724 815 esset;
1761 764 1869 804 non
1905 753 2050 807 enim
2094 754 2198 810 ali-

620 825 745 895 quis
788 828 990 885 dixerit
1039 835 1262 888 stultam
1288 836 1560 905 justitiam
1581 878 1596 904 ,
1647 849 1742 895 aut
1774 843 2032 899 audacem
2055 886 2069 912 ,
2101 854 2197 901 aut

618 914 1048 976 incontinentem
1103 935 1197 979 aut
1240 927 1388 982 aliud
1445 930 1744 1001 quidquam
1794 950 2020 1001 eorum,
2073 954 2195 1008 qua:

616 1022 714 1077 per
736 1009 914 1067 vitiosi
923 1021 1085 1075 tatem
1105 1017 1526 1076 considerantur
1546 1031 1598 1077 et
1617 1022 2012 1095 intelliguntur.
2038 1026 2195 1093 Quod

617 1099 664 1153 si
697 1102 840 1157 ratio
869 1103 1095 1173 justitiae
1123 1109 1191 1163 ab
1222 1111 1509 1177 omnibus,
1545 1130 1884 1186 quaecunque
1932 1118 1987 1172 in
2039 1119 2192 1189 pejo-

2309 576 2551 646 χείρονος
2576 578 2782 649 ἀμιγὴς
2810 581 2840 633 ό
2871 580 2969 651 τῆς
2994 581 3340 657 δικαιοσύνης
3366 587 3529 657 λόγος
3558 590 3741 655 ἐστὶν,
3761 591 3887 645 ἅπαν

2306 669 2365 720 ἐν
2388 667 2567 740 ἑαυτῷ
2597 669 2813 736 πάντως
2837 672 2900 726 τὸ
2942 674 3144 742 ἀγαθὸν
3186 678 3547 750 περιείληφεν
3567 698 3581 711 ⁸
3610 682 3818 750 ἀγαθὸν
3837 683 3885 736 δὲ

2305 761 2415 814 πᾶν
2439 762 2500 813 τὸ
2532 764 2651 816 κατ’
2668 762 2870 833 ἀρετὴν
2895 763 3283 838 θεωρούμενον.
3304 771 3520 824 Οὐκοῦν
3542 774 3704 826 πᾶσα
3733 775 3883 845 ἀρετὴ

2302 850 2380 921 τῷ
2407 852 2630 923 ὀνόματι
2666 854 2766 924 τῆς
2797 854 3144 929 δικαιοσύνης
3179 859 3412 915 ἐνταῦθα
3439 860 3881 933 διασημαίνεταε,

2301 937 2369 1014 ἦς
2397 945 2523 1008 τοὺς
2548 945 2849 1011 πεινῶντάς
2882 965 2940 1003 τε
2966 950 3061 1003 καὶ
3105 950 3373 1017 διψῶντας
3413 954 3722 1028 μακαρίζει
3742 959 3770 1009 ὁ
3793 958 3881 1011 Δό-

2300 1051 2416 1102 γος,
2438 1036 2537 1107 τὴν
2564 1038 2883 1111 πλησμονὴν
2931 1042 3116 1107 αὐτοῖς
3164 1044 3272 1099 τῶν
3304 1046 3774 1119 ἐπιθυμουμένων
3796 1050 3882 1102 ἐπ-

2299 1127 2717 1199 αγγελλὸμενος.

614 1208 728 1248 rem
761 1205 968 1263 partem
1001 1201 1365 1270 accipiuntur,
1418 1220 1588 1261 vacua
1609 1247 1625 1272 ,
1674 1222 1810 1278 pura
1841 1218 2002 1279 atque
2042 1213 2251 1283 integra
2282 1227 2365 1271 est
2385 1258 2400 1284 ,
2433 1220 2751 1277 universum
2796 1223 2854 1278 in
2896 1238 2955 1279 se
2985 1221 3187 1281 bonum
3218 1229 3381 1297 plane
3442 1232 3742 1300 complexa
3763 1240 3876 1288 est:

606 1283 817 1338 bonum
871 1296 1051 1344 autem
1097 1304 1183 1347 est
1230 1295 1493 1364 quidquid
1550 1312 1646 1366 per
1699 1299 1952 1354 virtutem
2003 1283 2391 1362 consideratur
2429 1318 2484 1364 et
2528 1310 2867 1383 intelligitur.
2922 1313 3063 1385 Ergo
3100 1283 3281 1373 omnis
3315 1320 3493 1375 virtus
3531 1283 3630 1376 hic
3669 1323 3879 1376 nomine

608 1373 840 1444 iustitia:
895 1377 1259 1449 signiﬁcatur,
1319 1400 1482 1455 quam
1532 1389 1839 1445 esurientes
1894 1397 1948 1445 et
2004 1391 2254 1451 sitientes
2320 1396 2550 1455 Verbum
2607 1373 2799 1459 beatos
2846 1373 3091 1476 judicat,
3143 1410 3448 1465 satietatem
3508 1425 3712 1466 eorum
3768 1428 3878 1483 qua

610 1476 963 1536 expetuntur,
996 1474 1340 1541 promittens.

676 1556 834 1612 Beati
876 1561 1053 1629 enim,
1091 1566 1303 1635 inquit,
1340 1570 1629 1625 esurientes
1667 1580 1719 1626 et
1759 1574 1994 1629 sitientes
2018 1576 2185 1647 justi-

602 1648 774 1715 tiam,
807 1654 1059 1719 quoniam
1092 1656 1194 1725 ipsi
1236 1660 1639 1718 saturabunmr.
1686 1663 1842 1730 Quod
1880 1678 2062 1721 autem
2098 1667 2182 1722 div

608 1741 752 1793 citur
771 1741 1038 1808 ejusmodi
1071 1749 1359 1815 quamdam
1387 1755 1713 1809 sententiam
1740 1759 2020 1814 continere
2044 1759 2188 1814 vide-

2338 1572 2649 1644 ,Μακάριοι
2669 1575 2799 1649 γάρ,
2829 1580 3011 1651 φησὶν,
3039 1583 3093 1636 οἱ
3113 1584 3435 1652 πεινῶντες
3457 1590 3559 1643 και
3584 1590 3874 1665 διψῶντες

2294 1664 2409 1734 τὴν
2462 1666 2858 1738 δικαιοσύνην
2883 1712 2898 1737 ,
2954 1671 3043 1726 ὅτι
3096 1676 3269 1729 αὐτοὶ
3325 1683 3869 1752 χορτασθήσονται.

2294 1755 2366 1808 Τὺ
2400 1755 2455 1808 δὲ
2484 1757 2774 1828 λεγόμενον
2801 1761 3041 1815 τοιοῦτόν
3083 1765 3173 1834 μοί
3207 1783 3330 1821 τινα
3359 1769 3486 1823 νοῦν
3528 1772 3685 1842 ἔχειν
3705 1777 3866 1832 δοκεῖ’

600 1837 700 1885 tur
731 1850 746 1887 :
775 1832 921 1888 Nihil
968 1852 1156 1893 earum
1208 1858 1390 1897 rerum
1439 1848 1642 1915 quibus
1681 1850 1975 1919 voluptatis
2009 1853 2166 1922 grati:

2290 1846 2455 1899 Οὐδὲν
2497 1848 2606 1902 τῶν
2656 1850 2776 1903 καθ’
2802 1851 2994 1922 ἡδονὴν
3031 1832 3095 1907 ιν
3137 1855 3216 1927 τῷ
3264 1857 3366 1929 βίῳ
3415 1832 3871 1937 σπουδαζομένων

598 1924 855 1979 studetur
879 1927 934 1982 in
966 1928 1069 1983 hoc
1097 1933 1296 1987 saeculo
1316 1975 1332 1999 ,
1389 1950 1609 2006 operam
1642 1939 1905 1996 dantibus
1955 1945 2182 1999 satieta-

604 2022 710 2068 tem
753 2015 950 2086 ali‘ert,
1001 2020 1135 2085 sed,
1188 2032 1248 2077 ut
1295 2026 1495 2081 alicubi
1544 2043 1639 2099 per
1684 2031 1974 2101 aenigmata
2019 2042 2183 2103 atque

598 2105 884 2162 involucra
917 2112 1205 2167 verborum
1230 2115 1505 2184 Sapientia
1535 2119 1705 2186 dicit,
1758 2121 1974 2177 Delium
2005 2125 2181 2195 perfo-

598 2205 776 2251 ratum
809 2208 889 2253 est
922 2206 1205 2272 occupatio
1233 2206 1378 2261 circa
1437 2208 1757 2278 voluptates,
1808 2228 1918 2283 quo
1966 2231 2180 2285 semper

597 2287 791 2343 sedulo
812 2290 1187 2362 infundentes,
1210 2296 1428 2352 irritant
1455 2307 1508 2354 et
1529 2301 1966 2372 inexplicabilem
1987 2322 2179 2377 quem-

595 2377 724 2432 dam
751 2379 1130 2453 inlinitumque
1161 2385 1401 2440 laborem
1433 2395 1748 2455 ostentant,
1777 2391 1871 2461 qui
1898 2391 1984 2447 his
2012 2392 2177 2447 rebus

593 2469 855 2536 student,
886 2487 1106 2543 semper
1132 2474 1353 2545 quidem
1383 2479 1592 2548 aliquid
1620 2481 1675 2535 in
1704 2479 1934 2553 fundum
1964 2484 2177 2554 cupidi-

593 2563 723 2617 tatis
752 2562 1133 2629 infundentes,
1166 2582 1230 2622 ac
1258 2569 1525 2640 quidquid
1553 2571 1620 2626 ad
1647 2574 1977 2643 voluptatem
2005 2573 2172 2643 facit,

590 2654 1089 2727 superinjicientes,
1113 2661 1177 2714 ad
1199 2663 1504 2718 satietatem
1534 2680 1661 2722 vero
1685 2666 2037 2736 cupiditatem
2063 2684 2171 2724 non

588 2745 942 2806 deducentes.
961 2750 1096 2817 Quis
1115 2753 1504 2810 animadvertit
1522 2758 1591 2812 ad
1614 2759 1857 2814 avaritiae
1879 2762 2173 2815 terminum

590 2849 910 2908 perventum
940 2858 1064 2898 esse
1094 2860 1193 2915 per
1226 2846 1281 2900 id
1303 2888 1318 2914 ,
1356 2848 1501 2917 quod
1532 2852 1834 2907 accesserit
1884 2853 2067 2908 avaris
2116 2851 2173 2908 id

589 2930 737 2998 quod
765 2934 1128 3001 qumrebant?
1154 2934 1277 3006 quis
1308 2938 1538 2995 honoris
1567 2941 1762 2996 insana
1792 2943 2049 3013 cupidine
2077 2958 2173 2999 ca-

2285 1936 2555 2008 πλήσμιον
2598 1940 2809 2008 γίνεται
2852 1946 2965 2005 τοῖς
3010 1946 3437 2016 σπουδάζουσιν,
3469 1953 3635 2019 ἀλλὰ,

2283 2025 2415 2095 φησί
2448 2043 2547 2080 που
2579 2026 2645 2080 δι’
2671 2029 2990 2100 αἰνίγματος
3017 2034 3050 2103 ἡ
3079 2034 3268 2104 Σοφία·
3295 2040 3477 2106 Πίθος
3510 2047 3867 2116 τετρημένος

2279 2117 2451 2171 ἐστὶν
2478 2120 2516 2186 ὴ
2535 2120 2670 2187 περὶ
2698 2120 2806 2186 τὰς
2836 2119 3062 2189 ἡδονὰς
3091 2125 3381 2195 ἀσχολίαι
3398 2125 3442 2200 ᾧ
3466 2133 3706 2189 πάντοτε
3735 2141 3867 2194 κατὰ

2282 2209 2519 2280 σπουδὴν
2558 2210 2948 2279 ἐπαντλοῦντες
2971 2254 2987 2281 ,
3020 2218 3343 2289 ἀπλήρωτόν
3374 2240 3496 2276 τινα
3530 2225 3633 2279 καὶ
3672 2229 3865 2298 ἀνήνυ-

2279 2317 2370 2353 τον
2390 2299 2793 2357 ἐπίδεικνυνται
2820 2306 2986 2361 κόπον
3006 2311 3055 2361 oi
3087 2312 3215 2381 περὶ
3244 2311 3414 2366 ταῦτα
3446 2318 3861 2384 σπουδάζοντες,

2279 2391 2561 2462 ἐγχέοντες
2595 2395 2694 2464 μὲν
2723 2397 2808 2449 ἀεί
2832 2415 2884 2451 τι
2922 2398 3003 2470 τῷ
3034 2401 3178 2472 βυθῷ
3212 2405 3305 2474 τῆς
3334 2405 3653 2477 ἐπιθυμίας,
3683 2412 3780 2465 καὶ
3808 2413 3863 2465 τὺ

2277 2483 2417 2553 πρὸς
2453 2484 2645 2557 ἡδονὴν
2699 2488 3154 2571 ἐπεμϐάλλοντες,
3182 2496 3262 2558 εἰς
3308 2496 3467 2567 κόρον
3500 2498 3557 2551 δὲ
3598 2502 3701 2571 τὴν
3748 2504 3863 2556 ἐπι-

2277 2572 2475 2644 θυμίαν
2507 2576 2607 2629 οὐκ
2632 2568 2875 2646 ἄγοντες.
2894 2580 2989 2646 Τίς
3018 2582 3157 2651 ἔγνω
3184 2585 3280 2654 τῆς
3310 2568 3679 2659 φιλαργυρίας
3700 2593 3847 2663 ὅρον,

2274 2666 2363 2720 διὰ
2388 2666 2482 2721 τοῦ
2515 2671 2905 2738 προσγενέσθαι
2951 2677 3063 2738 τοῖς
3105 2676 3496 2749 φιλαργυροῦσι
3518 2682 3581 2735 τὸ
3618 2686 3857 2738 σπουδα-

2277 2756 2665 2828 ζόμενον;Τίς
2714 2762 3020 2834 δοξομανῶν
3069 2766 3277 2839 ἔληξεν,
3321 2773 3380 2824 ἐν
3432 2773 3509 2844 τῷ
3557 2779 3748 2845 τυχεῖν
3783 2771 3855 2830 ὧν

2275 2849 2606 2916 ἐσπούδαζεν
2628 2856 2687 2918 ;ό
2704 2854 2760 2908 δέ
2786 2855 2886 2928 τὴν
2908 2857 3101 2929 ἡδονὴν
3123 2861 3400 2932 ἐκπλήσας
3428 2866 3487 2917 ὲν
3511 2867 3857 2938 ἀκροάμασιν

2274 2936 2307 3008 ἦ
2338 2938 2679 3029 θεάμασιν,
2706 2945 2772 3014 τῇ
2824 2945 2970 3029 περὶΪΔ
3002 2951 3245 3020 γαστέρα
3293 2954 3388 3005 καὶ⁸
3433 2936 3857 3029 μετάγαστὲρα

587 3028 749 3089 ptas,
797 3024 1113 3081 ambitionis
1154 3027 1315 3082 tinem
1366 3028 1525 3096 fecit,
1576 3040 1863 3087 assecutus
1909 3047 2002 3097 ea,
2051 3049 2166 3103 quae

2277 3027 2447 3098 μανίᾳ
2476 3031 2570 3082 καὶ
2599 3028 2771 3104 λύσσῃ
2792 3048 2805 3061 ·
2827 3033 2881 3085 τί
2913 3026 3071 3106 εὗρεν
3096 3038 3159 3090 ἐκ
3192 3039 3286 3111 τῆς
3320 3040 3675 3109 ἀπολαύσεως
3704 3048 3853 3119 αὐτῷ

585 3113 914 3180 expetebat?
937 3116 1051 3185 jam
1085 3133 1215 3172 vero
1243 3120 1343 3190 qui
1374 3122 1710 3191 voluptatem
1742 3125 1979 3194 explevit
2012 3140 2166 3180 acro-

2271 3115 2477 3190 ταύτης
2522 3123 2940 3194 περιγενόμενον
2965 3142 2980 3190 ;
3008 3128 3082 3179 Ού
3129 3129 3307 3199 πάσης
3338 3133 3530 3205 ἡδονῆς
3565 3132 3709 3201 εἶδος
3752 3113 3854 3209 τῆς

587 3206 867 3261 amatibus
891 3213 1290 3277 spectaculisve
1307 3254 1323 3279 ,
1350 3222 1447 3269 aut
1473 3214 1683 3271 insanis
1708 3224 1762 3271 et
1789 3217 2016 3274 furiosis
2039 3235 2166 3274 ven-

2272 3208 2361 3262 διά
2403 3208 2650 3281 σώματος
2696 3213 3147 3288 ἐκπληρουμένης
3183 3200 3423 3294 ὁμοῦ
3476 3200 3852 3296 προσπελάσαι

582 3294 689 3348 tris
716 3296 915 3353 studiis
937 3335 952 3361 ,
985 3307 1078 3353 aut
1121 3300 1191 3355 iis
1233 3302 1397 3358 rebus
1436 3305 1745 3370 sectaudis,
1776 3320 1897 3375 quae
1923 3316 2166 3363 ventrem

2275 3301 2769 3370 παρίπταται,ούδέ
2798 3306 2933 3376 πρὸς
2952 3306 3012 3358 τὸ
3042 3306 3379 3380 βραχύτατον
3408 3294 3529 3377 τοῖς
3546 3316 3849 3387 ἁψαμένοις

586 3386 807 3456 plenum
836 3393 1099 3461 consequi
1128 3394 1307 3449 solent
1335 3413 1348 3450 :
1387 3395 1516 3465 quid
1551 3395 1656 3451 sibi
1684 3412 1750 3452 ex
1774 3414 1873 3468 eo,
1903 3400 2048 3470 quod
2081 3400 2166 3457 his

2272 3394 2341 3447 αὐ
2353 3393 2445 3463 τῆς
2470 3396 2922 3469 παραμενούσης;
2956 3399 3125 3454 Τοῦτο
3149 3402 3328 3457 τοίνυν
3358 3405 3420 3457 τὸ
3451 3408 3649 3479 ὑψηλὸν
3668 3386 3851 3481 δόγμα

583 3478 749 3534 rebus
783 3480 888 3534 frui
939 3490 1104 3553 atque
1133 3485 1294 3555 potiri
1326 3487 1510 3552 licuit,
1549 3503 1839 3559 superesse
1867 3492 2170 3562 deprehen-

582 3569 706 3624 dit?
768 3570 967 3629 Annon
1028 3577 1551 3649 omnisavoluptatis
1589 3582 1833 3650 species,
1879 3599 2002 3652 qua:
2041 3599 2167 3638 cor-

580 3678 715 3733 pore
750 3667 1068 3736 percipitur,
1100 3669 1265 3725 simul
1297 3680 1463 3742 atque
1495 3674 1986 3744 appropinquavit,
2021 3691 2164 3748 prte-

578 3758 845 3821 tervolat,
871 3773 940 3814 ne
966 3760 1354 3816 brevissimum
1384 3763 1604 3833 quidem
1637 3761 1854 3836 tempus
1880 3767 2023 3837 apud
2045 3783 2162 3833 eos,

580 3848 674 3918 qui
725 3849 874 3904 illam
917 3852 1200 3921 attigerint
1224 3889 1241 3917 ,
1293 3854 1572 3909 manens?
1604 3853 1758 3909 lianc
1790 3857 1961 3927 igitur
1993 3859 2164 3913 subli-

578 3952 743 4004 mem,
775 3949 980 3996 oertam
1012 3944 1370 4014 stabilemque
1400 3947 1727 4001 sententiam
1765 3962 1795 4002 a
1818 3948 2047 4005 Domino
2074 3951 2163 4006 di-

576 4030 818 4099 scimus,
852 4033 1001 4102 quod
1035 4035 1213 4088 solum
1246 4036 1469 4093 virtutis
1505 4038 1750 4093 studium
1787 4040 1841 4095 in
1871 4040 2033 4096 nobis
2061 4057 2159 4096 ex-

589 4120 796 4177 sistens
816 4159 834 4185 ,
869 4123 1116 4190 stabilis,
1152 4124 1257 4180 lixa
1277 4165 1294 4190 ,
1331 4126 1487 4181 lirma
1509 4167 1526 4193 ,
1562 4128 1983 4199 eonsistensque
2013 4146 2160 4200 quae-

576 4214 706 4269 dam
744 4230 830 4271 res
857 4218 951 4273 sit.
982 4216 1117 4273 Nam
1148 4220 1241 4289 qui
1277 4219 1483 4290 aliquid
1513 4236 1579 4275 ex
1624 4221 1789 4278 rebus
1833 4223 2159 4280 sublimibus

575 4314 863 4362 assecutus
893 4315 1010 4373 est,
1050 4309 1199 4364 verbi
1234 4312 1410 4381 gratia
1431 4350 1446 4378 ,
1476 4311 1909 4379 continentiam,
1950 4323 2158 4384 tempe-

573 4398 811 4453 rantiam
833 4438 848 4464 ,
881 4400 1204 4457 modestiam
1231 4410 1324 4456 aut
1356 4403 1787 4461 moderationem
1809 4445 1825 4472 ,
1861 4414 1956 4461 aut
1980 4407 2156 4477 pieta-

556 4495 681 4542 tem
713 4503 841 4561 erga
878 4506 1080 4546 numen
1110 4492 1353 4548 divinum
1377 4533 1392 4559 ,
1436 4504 1531 4550 aut
1560 4496 1709 4551 illam
1739 4498 2052 4569 quampiam
2082 4514 2150 4554 ex

570 4577 901 4636 sublimibus
952 4583 1161 4652 pariter
1208 4591 1262 4639 et
1306 4587 1637 4656 evangelicis
1681 4587 1985 4657 doctrinis,
2039 4604 2151 4645 non

570 4668 951 4724 transitoriam
990 4680 1044 4726 et
1081 4676 1465 4742 temporariam
1497 4678 1567 4732 ob
1599 4679 2027 4749 unumquodque
2056 4696 2151 4736 eo-

568 4770 729 4821 rum,
763 4772 886 4827 quae
917 4771 1249 4818 consecutus
1284 4773 1407 4830 est,
1440 4773 1495 4820 et
1538 4767 1850 4824 instabilem
1905 4770 2148 4825 laetitiam

566 4848 770 4914 habet,
821 4849 918 4904 sed
962 4860 1341 4922 constantem,
1393 4868 1848 4927 permanentem,
1898 4870 1954 4918 et
2001 4864 2149 4918 omni

560 4941 746 5010 spatio
800 4941 925 4997 vita:
970 4942 1280 5001 durantem.
1327 4946 1547 5014 Quare?
1580 4952 1707 5027 quia
1763 4953 1879 5010 haec
1923 4956 2145 5027 quidem

561 5047 786 5102 semper
816 5032 946 5089 licet
975 5049 1173 5106 agere,
1205 5053 1269 5094 ac
1312 5040 1524 5095 nullum
1577 5054 1661 5099 est
1708 5049 1969 5116 temporis
2001 5064 2144 5118 pun-

558 5130 715 5175 ctum
741 5123 799 5177 in
826 5125 975 5179 omni
1009 5130 1130 5181 vitae
1152 5127 1356 5198 spatio,
1395 5130 1542 5199 quod
1590 5135 1748 5209 bona:
1799 5137 2033 5194 actionis
2066 5140 2145 5194 in-

556 5222 787 5281 generat
821 5217 1145 5273 satietatem.
1187 5218 1322 5274 Nam
1364 5229 1419 5275 et
1461 5225 1799 5280 continentia
1837 5236 1892 5281 et
1931 5230 2144 5298 puritas

564 5305 740 5360 animi
774 5308 907 5363 etin
939 5312 1089 5364 omni
1117 5313 1261 5367 bono
1286 5316 1597 5371 constantia
1618 5357 1634 5381 ,
1680 5328 1737 5373 et
1765 5321 1954 5377 vitatio
1984 5324 2142 5391 mali,

567 5395 747 5453 donec
770 5398 971 5470 aliquis
996 5402 1252 5459 virtutem
1280 5406 1384 5462 sibi
1413 5412 1745 5479 propositam
1777 5413 1970 5479 habet,
2001 5432 2143 5471 sem-

566 5502 665 5557 per
693 5501 1046 5559 exercentur,
1097 5504 1152 5550 et
1194 5513 1300 5552 una
1346 5513 1471 5552 cum
1514 5502 1734 5556 actione
1784 5513 1840 5558 et
1871 5508 2143 5561 exercita-

556 5579 709 5635 tione
752 5596 877 5637 sese
915 5589 1305 5653 producentem
1338 5599 1392 5646 et
1426 5592 1714 5649 durantem
1760 5596 2004 5652 laetitiam
2043 5598 2143 5653 ha-

562 5666 712 5723 bent.
754 5667 814 5725 ln
854 5673 922 5729 iis
960 5686 1139 5732 autem
1164 5721 1178 5746 ,
1213 5682 1306 5751 qui
1337 5683 1593 5742 absurdis
1625 5686 2019 5757 cupiditatibus
2052 5706 2140 5745 ar-

565 5755 731 5826 dent,
760 5764 974 5821 etiamsi
1001 5783 1213 5840 semper
1258 5778 1440 5831 anima
1483 5794 1673 5835 corum
1718 5792 1926 5850 spectet
1972 5784 2139 5840 lasci-

2271 3483 2423 3554 παρά
2454 3483 2550 3538 τοῦ
2589 3487 2794 3559 Κυρίου
2826 3489 3189 3561 μανθάνομεν,
3218 3494 3299 3548 ὅτι
3335 3496 3468 3568 μόνη
3496 3501 3528 3569 ὴ
3562 3501 3682 3554 κατ’
3716 3503 3848 3573 ἀρε·

2268 3573 2366 3646 τὴν
2396 3577 2526 3647 ἡμῖν
2565 3579 2888 3651 ἐγγινομένη
2929 3582 3133 3656 σπουδὴ
3174 3586 3371 3654 πάγιόν
3407 3588 3459 3641 τί
3493 3592 3608 3645 ἐστι
3631 3595 3727 3646 καὶ
3758 3596 3847 3646 ὲν-

2269 3667 2590 3723 υπόστατον.
2645 3670 2703 3723 Ὀ
2726 3671 2835 3743 γάρ
2868 3690 2919 3726 τι
2957 3673 3063 3728 τῶν
3096 3677 3315 3749 ὑψηλῶν
3339 3681 3711 3752 κατορθώσας,
3732 3680 3845 3741 οἷον

2266 3760 2640 3831 σωφροσύνην,
2676 3761 2710 3833 ἢ
2758 3766 3107 3837 μετριότητα,
3135 3768 3165 3839 ἢ
3202 3769 3302 3841 τὴν
3328 3769 3463 3842 πρὸς
3486 3773 3547 3826 τὸ
3572 3774 3727 3829 Θείον
3753 3780 3845 3830 εύ-

2267 3848 2500 3914 σέὅειαν,
2538 3851 2571 3921 ἢ
2616 3852 2743 3906 ἄλλο
2777 3872 2830 3909 τι
2854 3855 2964 3909 τῶν
3005 3857 3222 3927 ὑψηλῶν
3253 3877 3314 3913 τε
3347 3863 3443 3915 καὶ
3469 3864 3843 3933 εύαγγελικῶν

2261 3939 2624 4012 διδαγμάτων,
2650 3945 2712 3996 ού
2742 3947 3039 4021 παροδικὴν
3073 3949 3158 4019 ἐφ’
3186 3951 3401 4024 ἑκάστῳ
3431 3954 3539 4009 τῶν
3564 3959 3845 4029 κατορθω-

2262 4032 2450 4103 μάτων
2480 4035 2573 4088 καὶ
2599 4036 2831 4091 ἄστατον
2851 4038 2950 4110 τὴν
2974 4041 3312 4113 εὐφροσύνην
3338 4044 3472 4116 εχει,
3491 4047 3601 4101 ἀλλ’
3625 4050 3841 4123 ἐνιδρυ-

2263 4126 2431 4195 μένην
2458 4126 2551 4179 καὶ
2589 4126 2947 4195 διαμένουσαν
2969 4172 2985 4196 ,
3011 4132 3106 4185 καὶ
3135 4135 3296 4187 παντὶ
3330 4152 3392 4188 συ
3402 4143 3838 4212 μπαρατεινομέ-

2259 4233 2356 4286 νην
2375 4215 2452 4287 τῷ
2479 4220 2576 4288 τῆς
2606 4217 2752 4288 ζωῆς
2779 4220 3126 4293 διαστήματι.
3152 4225 3253 4278 Διά
3272 4225 3356 4292 τί;
3381 4227 3503 4281 Ὅτι
3526 4229 3697 4285 ταῦτα
3738 4234 3838 4302 μὲν

2257 4306 2431 4372 ἔξεστι
2458 4306 2746 4374 διαπαντὸς
2776 4312 3015 4384 ἐνεργεῖν
3036 4356 3050 4380 ,
3079 4317 3174 4369 καὶ
3200 4317 3375 4382 ούδείς
3414 4323 3526 4374 ἐστι
3558 4324 3753 4393 καιρὸς
3781 4328 3841 4378 ἐν

2256 4400 2420 4453 παντὶ
2449 4398 2526 4469 τῷ
2563 4400 2664 4472 τῆς
2713 4398 2859 4473 ζωῆς
2902 4403 3250 4476 διαστήματι,
3282 4408 3380 4480 τῆς
3423 4410 3628 4482 ἀγαθῆς
3671 4414 3841 4483 κόρον

2255 4490 2501 4560 ἐμποιῶν
2536 4492 2836 4564 ἐνεργείας.
2857 4494 2930 4547 ’Ἢ
2951 4516 3008 4553 τε
3021 4497 3130 4569 γὰρ
3153 4501 3470 4573 σωφροσύνη
3495 4504 3585 4555 καὶ⁵
3609 4506 3641 4574 ἡ
3669 4505 3839 4559 καθα-

2257 4582 2440 4655 ρότης,
2473 4583 2569 4637 καὶ
2599 4584 2660 4637 τὸ
2710 4584 2768 4638 ἐν
2798 4587 2961 4641 παντὶ
2984 4587 3174 4660 ἀγαθῷ
3210 4591 3617 4661 ἀμετάπτωτον,
3650 4596 3751 4649 καὶ
3777 4597 3837 4651 τὸ

2252 4673 2391 4744 πρὸς
2424 4673 2484 4727 τὸ
2533 4674 2700 4729 κακὸν
2743 4675 3109 4749 ἀκοινώνητον
3149 4680 3236 4735 ἀεὶ
3269 4684 3598 4755 ἐνεργεῖται,
3625 4685 3731 4750 ἕως
3770 4688 3834 4741 ἀν

2249 4780 2335 4828 τις
2363 4764 2499 4835 πρὸς
2526 4765 2726 4838 ἀρετὴν
2750 4766 2951 4841 βλέπῃ,
2982 4771 3077 4823 καὶ
3111 4777 3682 4848 συμπαρατεινομένην
3718 4778 3834 4849 ἔχει

2249 4857 2317 4927 τῇ
2353 4857 2599 4929 ἐνεργείᾳ
2615 4857 2713 4928 τὴν
2747 4859 3104 4931 εὐφροσύνην.
3153 4864 3274 4917 Ἐπὶ
3304 4865 3362 4919 δὲ
3402 4866 3512 4920 τῶν
3550 4870 3668 4932 ταῖς
3698 4870 3833 4924 άτόο

2249 4963 2373 5010 ποις
2399 4947 2718 5018 ἐπιθυμίαις
2751 4951 3150 5023 ἐκκεχυμένων,
3176 4954 3277 5009 κάν
3324 4956 3613 5023 διαπαντὸς
3642 4960 3833 5025 αὐτοῖς

2248 5040 2281 5109 ἡ
2312 5037 2458 5109 ψυχὴ
2509 5038 2680 5111 βλέπῃ
2730 5042 2866 5113 πρὸς
2907 5042 2970 5096 τὸ
3001 5044 3301 5100 ἀκόλαστον
3320 5088 3336 5112 ,
3361 5048 3473 5101 ἀλλ’
3499 5051 3598 5103 οὐκ
3626 5051 3717 5104 ἀεὶ
3769 5052 3831 5105 τὺ

2246 5130 2471 5201 ἥδεσθαι
2528 5131 2812 5203 πάρεστιν.
2866 5134 2976 5206 Τήν
3020 5153 3079 5188 τε
3131 5137 3239 5209 γάρ
3282 5140 3412 5210 περὶ
3456 5140 3556 5211 τὴν
3619 5140 3829 5211 βρῶσιν

2246 5213 2484 5285 λιχνείαν
2513 5218 2540 5268 ὁ
2583 5217 2743 5289 κόρος
2776 5218 3024 5289 ἔστησεν,
3055 5225 3148 5277 καὶ
3178 5227 3210 5295 ή
3255 5226 3357 5278 τοῦ
3384 5227 3624 5290 πίνοντος
3659 5228 3826 5300 ἡδονὴ

2246 5309 2691 5379 συγκατεσϐέσθη
2720 5312 2784 5382 τῇ
2813 5311 2960 5385 δίψῃ,
2991 5315 3083 5367 καὶ⁴
3111 5315 3179 5368 τά
3209 5316 3345 5370 ἄλλα
3381 5319 3520 5372 κατά
3546 5319 3635 5371 τὸν
3657 5313 3824 5373 αὐτὸν

2242 5398 2442 5465 τρόπον
2486 5400 2578 5451 καὶ
2617 5400 2811 5469 χρόνου
2852 5402 2994 5465 τινὸς
3029 5396 3240 5475 χρῄζει,
3271 5407 3366 5460 καὶ
3407 5406 3821 5476 διαλείμματος,

2243 5485 2383 5539 ὥστε
2416 5486 2789 5558 μαρανθείσης
2822 5490 2929 5542 ἀπὸ
2957 5489 3058 5558 τῆς
3088 5492 3278 5564 ἡδονῆς
3309 5495 3399 5549 καὶ
3432 5496 3527 5566 τῆς
3570 5494 3825 5567 πλησμο-

2241 5581 2363 5650 νῆς,
2390 5581 2552 5634 πάλιν
2585 5579 2955 5651 ἀνακληθῆναι
2979 5584 3076 5655 τὴν
3099 5582 3191 5637 τοῦ
3222 5585 3503 5655 ἡδύνοντος
3524 5586 3724 5656 ὄρεξιν.
3754 5589 3820 5641 Ἡ

2239 5670 2293 5724 δὲ
2321 5671 2422 5742 τῆς
2444 5672 2646 5744 ἀρετῆς
2672 5674 2864 5745 κτῆσις
2880 5717 2893 5742 ,
2916 5668 2998 5736 οἷς
3030 5673 3095 5727 ἂν
3120 5675 3266 5740 ἅπαξ
3290 5676 3517 5745 βεϐαίως
3540 5677 3815 5749 ἐνιδρυθῇ.

2239 5764 2299 5816 οὐ
2334 5764 2512 5835 χρόνῳ
2564 5769 2874 5837 μετρεῖται,
2898 5764 3020 5820 οὔτε
3065 5766 3212 5840 κόρῳ
3250 5768 3642 5842 περιορίζεται·
3674 5768 3819 5825 ἀλλά
