4018 6360
219 385 356 439 ιειε

1243 393 1329 447 DE
1368 388 1971 449 BEATITUDINIBUS.
1990 389 2251 447 ORATIO
2283 390 2373 446 IV.

3335 384 3478 441 {2&6

214 502 448 555 πὰντοτε
482 504 594 567 τοῖς
611 507 733 557 κατ’
759 505 926 579 αὐτὴν
955 505 1124 572 ζῶσιν
1154 509 1432 581 ἀκραιφνῆ
1460 527 1521 563 τε
1554 510 1648 562 καὶ⁹
1673 525 1796 564 νεα-

1924 510 2039 561 iam
2071 514 2126 562 et
2156 504 2606 561 incontinentiam
2629 543 2644 571 ,
2676 510 2916 557 attamen
2952 514 3062 555 non
3097 514 3313 569 semper
3341 515 3473 570 gau-

216 594 338 663 ράν,
373 595 467 647 καὶ
502 595 855 665 ἀκμάζουσαν
888 597 996 652 τῶν
1026 599 1169 653 ίδίων
1194 600 1415 669 ἀγαθῶν
1442 601 1671 671 παρέχει
1698 598 1796 671 τὴν

214 682 489 752 αἴσθησιν.
507 684 597 737 Διὸ
625 688 736 747 τοῖς
762 686 931 740 ταῦτα
959 690 1235 755 πεινῶσιν,
1270 693 1298 744 6
1333 692 1464 754 Θεὸς
1501 691 1671 758 Λόγος
1698 690 1798 760 τὴν

216 774 537 846 πλησμονὴν
588 777 982 845 ἐπαγγέλλεται
1023 797 1038 812 ο
1087 780 1403 852 πλησμονὴν
1462 782 1797 847 ἐξάπτουσαν

216 864 369 934 κόρῳ
394 865 490 936 τὴν
515 864 694 937 ὄρεξιν
713 910 725 930 ,
754 869 851 921 οὐκ
882 870 1281 939 ἀμϐλύνουσαν.
1312 872 1481 926 Τοῦτο
1507 871 1600 927 οὖν
1629 875 1795 937 ἐστιν,

214 955 245 1008 ὃ
285 956 529 1010 διδάσκει
567 960 631 1010 ὲκ
672 958 765 1011 τοῦ
797 960 999 1030 ὑψηλοῦ
1031 962 1136 1014 τῶν
1176 965 1462 1033 νοημάτων
1498 966 1654 1034 ὅρους
1684 967 1800 1021 δια-

218 1048 534 1118 λεγόμενος,
571 1050 650 1121 τῷ
692 1051 881 1121 μηδενὶ
923 1053 1148 1124 τοιούτῳ
1183 1055 1283 1125 τὴν
1321 1056 1613 1126 ἐπιθυμίαν
1646 1058 1801 1127 ἡμῶν

221 1138 638 1208 προσασχολεῖν,
684 1132 745 1191 οῦ
780 1141 943 1211 μηδὲν
979 1143 1265 1212 πρόκειται
1298 1146 1411 1207 τοῖς
1441 1146 1799 1210 σπουδάζουσι

222 1227 420 1297 πέρας,
457 1229 514 1282 ὲν
547 1222 629 1292 οἷς
659 1229 862 1299 ματαία
889 1247 948 1282 τε
971 1230 1064 1283 καὶ
1093 1233 1317 1302 ἀνόητός
1345 1234 1494 1288 ἐστιν
1517 1236 1548 1306 ἡ
1572 1236 1795 1306 σπουδήο

220 1318 478 1389 καθάπερ
507 1322 619 1383 τοῖς
645 1322 711 1390 τῇ
748 1326 956 1394 κορυφῇ
991 1324 1089 1393 τῆς
1134 1325 1342 1378 ἑαυτῶν
1379 1328 1537 1389 σκιᾶς
1585 1328 1801 1399 ἐπιτρέ-

222 1426 434 1480 χουσιν,
481 1404 560 1473 οἷς
584 1413 612 1464 6
657 1412 856 1483 δρόμος
906 1414 999 1467 ἐπὶ
1038 1415 1100 1468 τὸ
1131 1418 1392 1487 ἀνήνυτον
1439 1419 1697 1489 φέρεται,
1725 1422 1803 1484 εἰς

223 1503 405 1554 ἐκεῖνο
431 1502 518 1556 ἀεὶ
538 1505 749 1573 ταχέως
770 1504 863 1557 τοῦ
885 1506 1213 1578 διωκομένου
1246 1509 1555 1575 ὑπεξιόντος
1582 1511 1659 1582 τῷ
1682 1514 1804 1565 ἐπι-

224 1591 474 1662 τρέχοντι
519 1608 531 1621 ·
565 1593 679 1645 ἀλλ’
719 1597 837 1647 ἐκεῖ
887 1596 1082 1666 τρέψαι
1126 1597 1223 1668 τὴν
1279 1598 1489 1668 ὄρεξιν,
1534 1603 1591 1653 ὲν
1639 1596 1720 1665 οἷς
1769 1603 1802 1673 ἡ

227 1683 432 1754 σπουδὴ
463 1686 646 1754 κτῆμα
668 1685 763 1738 τοῦ
804 1688 1193 1753 σπουδάζοντος
1218 1690 1444 1758 γίνεται.
1487 1693 1543 1745 Ὁ
1567 1693 1675 1765 γάρ
1705 1694 1805 1762 τῆς

226 1771 433 1842 ἀρετῆς
461 1773 825 1845 ἐπιθυμήσας,
864 1778 1048 1845 κτῆμα
1093 1779 1222 1830 ἴδιον
1252 1781 1558 1833 ποιεῖταιτὸ
1581 1781 1800 1848 ἀγαθὸν,

225 1865 289 1915 ὲν
315 1862 490 1934 ἐαυτῷ
522 1863 732 1934 βλέπων
760 1867 789 1919 ὃ
820 1867 1186 1939 ἐπεθύμησεν.
1215 1872 1497 1942 Μακαριος
1524 1868 1616 1926 οῦν
1642 1874 1670 1925 6
1692 1891 1809 1928 πει·
1838 1851 1879 1905 Β

226 1955 402 2019 νάσας
459 1957 559 2027 τὴν
614 1960 1005 2032 σωφροσύνην*
1043 1963 1486 2034 ἐμπλησθήσεται
1540 1967 1648 2037 γὰρ
1711 1968 1808 2037 τῆς

227 2046 621 2118 καθαρότητος.
658 2050 721 2102 'H
752 2051 808 2103 δὲ
858 2052 1174 2124 πλησμονὴ,
1206 2055 1387 2120 καθὼς
1434 2058 1680 2128 εἴρηται,
1711 2060 1811 2112 οὐκ

227 2137 585 2210 ἀποστροφὴν
607 2181 621 2203 ,
657 2140 773 2194 ἀλλ’
810 2143 1060 2199 ἐπίτασιν
1110 2148 1253 2199 ποιεῖ
1300 2148 1395 2219 τῆς
1439 2148 1689 2221 ὀρέξεως,
1717 2152 1813 2204 καὶ

230 2234 558 2300 συναύξεται
584 2236 834 2307 ἀλλήλοις
864 2241 1005 2294 κατὰ
1038 2242 1100 2295 τὸ
1141 2238 1257 2296 ἶσον
1285 2244 1588 2316 ἀμφότερα.
1628 2248 1705 2317 Τῇ
1750 2263 1809 2299 τε

230 2323 344 2397 γάρ
372 2325 637 2400 ἐπιθυμία
662 2329 760 2399 τῆς
795 2330 996 2401 ἀρετῆς
1035 2333 1069 2403 ή
1100 2332 1193 2385 τοῦ
1229 2334 1660 2405 ὲπιθυμηθέντος
1681 2336 1813 2406 κτῆ-

234 2434 318 2479 σις
354 2418 789 2489 ἐπηκολούθησεν
811 2437 822 2450 °
849 2422 943 2474 καὶ
966 2423 1025 2475 τὸ
1046 2424 1399 2496 ἐγγενόμενον
1423 2428 1624 2495 ἀγαθὸν
1646 2429 1814 2482 ἄπαυ-

232 2526 354 2567 στοι
391 2509 489 2581 τὴν
519 2512 853 2584 εὐφροσύνην
873 2522 938 2587 τῇ
957 2515 1099 2587 ψυχῇ
1130 2520 1563 2589 συνεισήνεγκεν.
1580 2520 1811 2591 Τοιαύτη

231 2600 344 2673 γὰρ
375 2603 408 2674 ἠ
440 2604 533 2657 τοῦ
568 2604 773 2672 ἀγαθοῦ
820 2609 1007 2659 τούτου
1041 2607 1199 2676 φύσις
1231 2608 1399 2675 ἐστὶν,
1428 2610 1503 2673 ὡς
1540 2610 1613 2682 μὴ
1655 2612 1713 2664 ὲν
1739 2612 1814 2681 τῷ

236 2690 467 2762 παρόντι
496 2690 655 2758 μόνον
694 2693 1147 2761 καταγλυκαίνειν
1181 2695 1272 2748 τὸν
1298 2695 1668 2762 ἀπολαύοντα,
1699 2698 1815 2751 ἀλλ’

234 2782 293 2833 ὲν
323 2781 463 2832 πᾶσι
496 2783 608 2843 τοῖς
645 2781 739 2834 τοῦ
789 2784 980 2853 χρόνου
1025 2785 1245 2856 μέρεσιν
1288 2786 1505 2857 ἐνεργὸν
1556 2789 1817 2859 παρέχειν

231 2872 336 2943 τὴν
376 2871 732 2943 εὐφροσύνην.
792 2875 903 2927 Καὶ
939 2874 1101 2945 γάρὴ
1147 2878 1335 2946 μνήμη
1378 2876 1485 2929 τῶν
1515 2878 1690 2947 ὀρθῶς
1729 2879 1818 2949 βε-

235 2962 520 3032 ϐιωμένων
550 2963 831 3032 εὐφραίνει
862 2964 952 3018 τὸν
980 2964 1402 3035 κατορθώσαντα
1420 2983 1434 2998 ’
1463 2968 1613 3039 καὶὴ
1650 2970 1707 3021 ὲν
1741 2968 1818 3040 τῷ

237 3053 469 3126 παρόντι
495 3055 643 3127 ζωὴ,
676 3057 804 3115 ὅταν
839 3056 904 3110 δι’
954 3058 1153 3128 ἀρετῆς
1182 3057 1518 3127 διεξάγηται,
1547 3060 1641 3112 καὶ
1666 3061 1697 3130 ἡ
1720 3061 1818 3130 τῆς

1897 600 2025 655 dere
2068 600 2214 655 licet.
2260 596 2398 652 Nam
2443 604 2498 652 et
2544 594 2858 651 aviditatem
2901 590 3010 645 cibi
3058 591 3474 645 immoderatam

1899 690 2126 745 satietas
2154 687 2329 753 sistit,
2362 702 2414 742 et
2462 684 2702 740 bibentis
2747 683 3000 751 voluptas
3052 695 3158 733 una
3209 694 3332 733 cum
3383 677 3478 732 siti

1898 778 2296 847 exstinguitur,
2344 786 2648 845 cmteraque
2700 773 2767 828 ad
2826 772 3080 828 eumdem
3140 767 3361 822 modum
3422 775 3478 822 et

1898 878 2141 940 tempore
2180 871 2361 940 aliquo
2404 884 2542 938 opus
2589 868 2789 921 habent
2828 874 2883 921 et
2925 862 3240 924 intervallo,
3291 870 3351 915 ut
3380 875 3478 914 ex.

1901 962 2135 1016 stinctus
2165 976 2195 1013 a
2225 961 2505 1030 voluptate
2550 966 2604 1012 et
2650 961 2900 1012 satietate
2944 970 3140 1010 rursus
3187 958 3479 1007 revocetur

1901 1052 2023 1120 ejus
2062 1052 2209 1121 quod
2231 1051 2471 1106 delectat
2510 1058 2562 1104 et
2602 1049 2780 1119 placet
2817 1047 3111 1117 appetitus.
3157 1044 3234 1097 Ac
3261 1042 3479 1097 virtutis

1901 1145 2177 1216 possessio
2226 1143 2649 1214 quibuscunque
2701 1138 2867 1195 semel
2908 1136 3136 1191 lirmiter
3179 1132 3475 1196 insederit,

1902 1251 2009 1289 non
2042 1235 2304 1303 temporis
2338 1231 2582 1301 subjacet
2612 1242 2916 1291 mensurae,
2955 1239 3063 1279 non
3091 1224 3341 1279 satietate
3367 1234 3479 1276 ter-

1902 1326 2163 1389 minatur,
2214 1324 2311 1379 sed
2362 1337 2579 1392 semper
2602 1335 2833 1392 purum,
2864 1317 3250 1385 sincerumque
3290 1323 3344 1368 et
3395 1328 3477 1367 re-

1903 1425 2112 1472 centem
2133 1455 2148 1479 ,
2181 1429 2245 1469 ac
2275 1415 2548 1485 vigentem
2588 1411 2888 1468 secundum
2919 1423 2978 1463 se
3010 1406 3317 1462 viventibus
3355 1420 3481 1459 sen-

1905 1523 2027 1563 sum
2063 1522 2291 1562 suorum
2325 1506 2591 1561 bonorum
2624 1504 2846 1574 prtebet.
2888 1499 3252 1566 Quamobrem
3285 1497 3352 1551 iis
3389 1494 3479 1565 qui

1906 1600 2021 1653 haec
2047 1598 2296 1652 esuriunt
2317 1636 2331 1660 ,
2360 1595 2503 1650 Deus
2526 1593 2763 1650 Verbum
2788 1592 3151 1662 expletionem
3178 1588 3478 1657 promittit:

1904 1690 2264 1758 expiationem
2283 1729 2299 1754 ,
2323 1689 2547 1758 inquam
2570 1728 2584 1750 ,
2616 1701 2738 1756 quas
2767 1685 3019 1739 satietate
3045 1680 3343 1741 accendat,
3374 1693 3484 1732 non

1907 1783 2125 1836 hebetet
2167 1781 2486 1851 appetitum.
2530 1777 2645 1833 Hoc
2689 1779 2854 1849 igitur
2900 1783 2984 1831 est
3033 1772 3181 1844 quod
3219 1773 3379 1827 docet
3417 1771 3487 1823 ab

1912 1872 2130 1926 excelso
2182 1871 2555 1923 intellectuum
2615 1876 2799 1921 monte
2839 1864 3245 1926 sermocinans,
3291 1874 3487 1930 nempe

1912 1972 1972 2019 ut
2002 1962 2069 2016 ad
2104 1961 2307 2016 nullam
2342 1958 2611 2028 ejusmodi
2644 1972 2759 2011 rem
2781 1997 2796 2021 ,
2848 1955 3202 2025 cupiditatem
3238 1959 3484 2005 nostram

1914 2055 2247 2124 applicentus
2270 2091 2286 2116 ,
2320 2053 2480 2120 cujus
2513 2051 2723 2104 nullum
2759 2049 3139 2118 expetentibus
3171 2043 3486 2115 propositus

1913 2152 1998 2201 est
2030 2144 2182 2207 ﬁnis,
2215 2145 2272 2198 in
2309 2143 2510 2212 quibus
2541 2148 2596 2197 et
2626 2157 2824 2196 vanum
2849 2180 2863 2204 ,
2908 2152 2960 2195 et
3010 2138 3201 2191 inutile
3245 2133 3486 2190 studium

1916 2244 2037 2292 est:
2089 2235 2548 2306 quemadmodum
2601 2235 2655 2287 in
2709 2233 2779 2289 iis
2831 2232 2925 2303 qui
2971 2229 3232 2284 verticem
3281 2224 3491 2279 umbrae

1917 2342 2030 2384 suae
2063 2342 2231 2383 cursu
2261 2328 2650 2395 insequuntur,
2689 2337 2925 2394 quorum
2974 2334 3175 2376 cursus
3220 2318 3396 2372 fertur
3433 2314 3492 2369 in

1916 2418 2225 2482 inlinitum,
2277 2427 2333 2472 et
2381 2415 2793 2485 inexplicabile,
2856 2427 2923 2468 eo
2974 2424 3191 2480 semper
3242 2407 3493 2462 celeriter

1917 2510 2197 2574 elabente,
2230 2524 2296 2564 eo
2325 2508 2469 2577 quod
2500 2511 2725 2579 petitur,
2758 2520 2867 2575 quo
2909 2517 3109 2558 cursus
3154 2497 3495 2568 insequentis

1916 2600 2230 2664 contendit,
2271 2600 2367 2654 sed
2414 2608 2473 2653 ut
2516 2600 2581 2653 ad
2613 2614 2707 2655 eas
2749 2614 2838 2653 res
2877 2596 3172 2668 appetitum
3211 2597 3496 2646 converta-

1917 2709 2040 2747 mus
2089 2693 2143 2747 in
2193 2693 2391 2762 quibus
2436 2707 2534 2762 per
2580 2693 2817 2747 studium
2865 2697 3013 2745 certa
3062 2684 3338 2757 possessio
3381 2690 3498 2737 stu-

1918 2783 2069 2837 denti
2113 2782 2441 2852 acquiritur.
2496 2781 2632 2836 Nam
2679 2782 2773 2851 qui
2833 2781 2899 2835 ad
2947 2780 3209 2834 virtutem
3256 2775 3493 2843 aspirat,

1917 2890 2032 2930 rem
2074 2876 2350 2944 propriam
2385 2874 2653 2944 acquirit,
2703 2874 2903 2929 bonum
2952 2870 3097 2939 quod
3139 2865 3399 2936 expetivit
3443 2862 3497 2916 in

1920 2982 2041 3023 sese
2061 2982 2312 3023 cernens.
2342 2967 2541 3022 Beatus
2583 2973 2668 3021 est
2709 2966 2874 3033 igitur
2903 2964 2994 3032 qui
3022 2960 3195 3016 esurit
3218 2956 3502 3012 continen-

1922 3060 2095 3125 tiam;
2138 3060 2451 3129 implebitur
2485 3059 2629 3112 enim
2680 3056 2938 3128 puritate.
2986 3051 3232 3122 Repletio
3288 3056 3499 3112 autem,

238 3144 564 3208 ἀντιδόσεως
602 3146 914 3216 προσδοκία,
952 3147 1017 3217 ἥν
1047 3146 1146 3199 οὐκ
1181 3146 1347 3216 ἄλλην
1376 3143 1515 3201 εἷναί
1546 3166 1667 3202 τινα
1691 3151 1821 3204 ὑπο-

1924 3151 2067 3205 sicut
2115 3151 2318 3204 dictum
2370 3158 2488 3216 est,
2526 3164 2636 3203 non
2671 3147 3063 3203 aversationem
3099 3154 3151 3197 et
3183 3139 3461 3195 fastidium
3485 3176 3501 3199 ,

237 3233 525 3304 λαμϐάνω,
552 3234 585 3305 ἢ
617 3235 786 3306 αὐτὴν
844 3233 1004 3289 πάλιν
1033 3233 1129 3305 τὴν
1170 3236 1393 3306 ἀρετὴν,
1429 3237 1462 3307 ἢ
1520 3238 1615 3290 καὶ
1661 3236 1821 3308 ἔργον

1927 3240 2021 3296 sed
2046 3240 2401 3294 intentionem
2427 3247 2480 3294 et
2507 3239 2901 3294 vehementiam
2928 3235 3091 3291 efﬁcit
3117 3231 3387 3303 appetitus
3408 3272 3423 3295 ,
3451 3235 3506 3283 et

238 3326 363 3379 ἐστὶ
388 3324 497 3378 τῶν
526 3325 951 3397 κατορθούντων,
976 3327 1071 3380 καὶ
1100 3327 1268 3401 γέρας
1293 3328 1385 3380 ἐπὶ
1411 3330 1523 3391 τοῖς
1547 3328 1821 3399 κατορθώο

1925 3344 1991 3386 ex
2020 3346 2176 3401 aequo
2208 3340 2436 3403 utraque
2464 3333 2627 3387 simul
2655 3332 2796 3386 inter
2824 3345 2943 3387 sese
2969 3335 3252 3397 augentur.
3285 3321 3420 3376 Nam
3453 3326 3509 3374 et

245 3431 383 3485 μασι
414 3415 642 3483 γίνεται·
1926 3422 2165 3476 studium
2188 3434 2239 3478 et
2254 3421 2590 3478 aﬂectionem
2608 3424 2827 3477 virtutis
2848 3424 2922 3477 rei
2944 3420 3206 3475 aﬁ‘ectatae
3222 3412 3509 3485 acquisitio

242 3507 644 3587 consequitur;
682 3515 736 3563 et
772 3508 1019 3563 innatum
1048 3508 1252 3563 bonum
1282 3507 1562 3564 assiduam
1600 3518 2031 3582 perpetuamque
2079 3516 2320 3569 laetitiam
2369 3515 2534 3569 simul
2580 3515 2635 3568 in
2687 3515 2923 3567 animam
2969 3510 3152 3565 infert.
3188 3507 3337 3561 Talis
3365 3505 3508 3559 enim

246 3599 416 3670 hujus
442 3597 568 3652 boni
615 3606 931 3652 natura.est
955 3637 972 3662 ,
1012 3605 1209 3652 utnon
1246 3598 1303 3652 in
1340 3599 1627 3668 praesentia
1667 3600 1830 3654 modo
1869 3600 2136 3658 fruentem
2176 3606 2483 3660 detnulceat
2513 3615 2676 3675 atque
2713 3605 2974 3665 delectet,
3022 3602 3115 3657 sed
3161 3601 3216 3653 in
3256 3597 3512 3653 omnibus

246 3691 513 3762 temporis
542 3690 793 3760 partibus
821 3690 1064 3744 laetitiam
1093 3701 1458 3759 repraasentet.
1493 3691 1626 3745 Nam
1658 3701 1711 3747 et
1739 3694 1862 3749 vitae
1894 3704 2040 3751 recte
2074 3705 2364 3752 transactte
2393 3698 2688 3760 memoria,
2719 3712 2842 3752 eum
2872 3697 2964 3766 qui
2993 3696 3046 3750 id
3083 3706 3367 3751 assecutus
3400 3692 3469 3747 sit
3495 3733 3510 3757 ,

244 3793 300 3839 et
332 3796 573 3853 praesens
600 3781 731 3847 vita,
751 3780 880 3835 dum
909 3795 1009 3851 per
1035 3782 1287 3836 virtutem
1311 3781 1652 3851 transigitur,
1668 3792 1721 3837 et
1744 3787 2082 3854 exspectatio
2108 3787 2481 3841 retributionis
2509 3794 2562 3840 et
2590 3784 3051 3841 remunerationis
3079 3784 3512 3852 delectat,quam

246 3877 748 3934 remunerationem
784 3892 894 3930 non
939 3876 1100 3930 aliam
1140 3877 1431 3946 quamdam
1459 3892 1582 3932 esse
1612 3890 1770 3947 puto,
1794 3896 1956 3951 quam
1986 3883 2159 3954 ipsam
2189 3900 2382 3941 rursus
2409 3885 2665 3940 virtutem
2685 3923 2700 3949 ,
2728 3897 2849 3953 quae
2876 3890 2929 3938 et
2959 3896 3099 3951 opus
3129 3888 3278 3935 recte
3311 3877 3516 3932 facien-

248 3970 390 4025 tium
428 3975 544 4035 est,
580 3977 635 4023 et
664 3969 947 4038 praemium
974 3976 1122 4023 recte
1150 3968 1419 4023 factorum
1450 3970 1689 4026 exsistit.

322 4064 389 4118 Ei
421 4063 477 4116 δὲ
502 4065 607 4136 χρή
644 4081 787 4127 τινος
820 4063 916 4118 καὶ
944 4062 1214 4136 τολμηροῦ
1256 4063 1602 4135 καθάψασθαι
1629 4066 1788 4135 λόγου
1809 4083 1824 4098 ο

250 4158 402 4211 δοκεῖ
416 4156 554 4227 τάχα
580 4174 667 4226 μοι
691 4154 779 4208 διά
800 4154 894 4208 τοῦ
913 4157 1054 4210 κατά
1072 4156 1170 4228 τὴν
1196 4159 1398 4228 ἀρετήν
1427 4176 1486 4211 τε
1514 4159 1605 4212 καὶ
1633 4160 1835 4215 δικαιο-

254 4248 423 4319 σύνην
454 4246 612 4316 λόγου
645 4245 834 4299 ἑαυτὸν
855 4246 1166 4318 προτιθέναι
1188 4251 1251 4320 τῇ
1278 4247 1453 4318 ὀρέξει
1475 4249 1581 4303 τῶν
1609 4252 1837 4306 ἀκουόν-

252 4356 362 4392 των
387 4341 416 4392 ὁ
450 4336 647 4408 Κύριος
677 4352 688 4365 ·
713 4336 771 4400 ὃς
799 4337 1030 4408 ἐγενήθη
1066 4341 1196 4409 ἡμῖν
1224 4328 1384 4408 σοφία
1420 4340 1527 4394 ἀπὸ
1570 4340 1727 4407 Θεοῦ,
1761 4342 1840 4396 δι-

254 4428 518 4500 καιοσύνη
553 4447 612 4481 τε
654 4429 748 4482 καὶ
792 4428 1082 4498 ἁγιασμὸς,
1128 4430 1221 4481 καὶ
1272 4430 1680 4502 ἀπολύτρωσις,
1707 4432 1842 4486 ἀλλά

254 4523 353 4577 καὶ
382 4521 543 4593 ἄρτος
574 4519 630 4586 ἐξ
670 4519 897 4590 ούρανοῦ
927 4519 1289 4585 καταϐαίνων,
1319 4522 1411 4573 καί⁵
1447 4520 1589 4593 ὕδωρ
1618 4522 1725 4586 ζῶν
1746 4539 1759 4552 ·
1778 4515 1840 4576 οὗ

254 4613 417 4682 διψῇν
450 4613 701 4681 ὁμολογεῖ
729 4610 892 4664 Δαϐὶδ
919 4610 975 4665 ἐν
1020 4628 1127 4663 τινι
1165 4610 1470 4682 ψαλμῳδίᾳ,
1510 4612 1572 4664 τὸ
1603 4629 1841 4683 μακαρι-

2001 4067 2264 4126 Caeterum
2296 4066 2344 4122 si
2385 4066 2548 4121 etiam
2588 4065 2823 4135 aliquem
2884 4062 3149 4117 audacem
3241 4057 3510 4130 attingere

1933 4175 2242 4217 sermonem
2292 4166 2527 4229 oportet,
2563 4158 2796 4212 forsitan
2827 4171 2923 4228 per
2948 4153 3171 4209 virtutis
3201 4161 3255 4206 et
3284 4149 3515 4221 justitiae

1934 4248 2267 4303 mentionem
2291 4250 2530 4317 seipsutn
2569 4245 2906 4300 audientium
2930 4244 3194 4315 appetitui
3217 4255 3521 4314 proponere

1941 4340 2075 4393 mibi
2101 4338 2370 4395 Dominus
2393 4338 2609 4391 videtur
2633 4356 2647 4391 :
2677 4337 2770 4407 qui
2802 4335 2979 4391 factus
3003 4343 3088 4390 est
3116 4334 3275 4389 nobis
3301 4334 3520 4403 sapien-

1948 4430 2023 4484 tia
2055 4446 2083 4482 a
2115 4429 2243 4493 Deo,
2278 4437 2331 4482 et
2358 4428 2592 4497 justitia,
2618 4434 2672 4481 et
2695 4426 3079 4488 sanctilicatio,
3106 4431 3161 4480 et
3191 4423 3518 4491 redemptio,

1947 4518 2243 4589 quinetiam
2278 4518 2434 4587 panis
2476 4516 2545 4571 de
2594 4517 2736 4571 cmlo
2771 4516 3113 4571 descendens
3155 4521 3208 4568 et
3256 4527 3397 4582 aqua
3441 4510 3522 4565 vi-

1946 4626 2118 4666 vens:
2152 4625 2315 4679 quam
2347 4609 2500 4665 sitire
2530 4623 2654 4663 sese
2693 4606 2862 4660 David
2920 4607 2979 4659 in
3034 4603 3271 4674 quodam
3307 4602 3522 4673 psalmo

259 4705 387 4759 στὸν
419 4702 576 4755 τοῦτο
608 4703 708 4772 τῆς
744 4701 922 4771 ψυχῆς
950 4701 1118 4763 πάθος
1148 4699 1224 4771 τῷ
1255 4700 1373 4771 Θεῷ
1401 4703 1746 4773 προσφέρων,
1782 4705 1821 4756 ἐι

1948 4697 2257 4763 conﬁtetur,
2290 4697 2436 4752 hunc
2468 4698 2686 4752 beatum
2724 4695 2978 4751 aﬂ‘ectum
3018 4696 3215 4748 animae
3252 4693 3360 4747 Deo
3388 4690 3524 4746 etle-

259 4793 342 4860 οἴς
370 4811 535 4865 φησιν
560 4811 572 4824 ⁸
610 4794 937 4862 Ἐδίψησεν
964 4794 1002 4861 ἠ
1031 4792 1199 4862 ψυχή
1224 4811 1343 4863 μου
1374 4793 1524 4863 πρὸς
1561 4794 1669 4849 τὸν
1698 4794 1847 4850 Θεὸν

258 4888 370 4942 τὸν
400 4885 675 4955 ἰσχυρὸν,
703 4886 811 4939 τὸν
851 4884 1036 4945 ζῶντα
1057 4903 1070 4917 ·
1099 4887 1243 4939 πότε
1283 4885 1409 4953 ἥξω
1436 4886 1535 4940 καὶ
1580 4887 1846 4956 ὀφθήσο-

258 4995 365 5049 μαι
396 4977 472 5042 τῷ
501 4975 800 5044 προσώπῳ
828 4976 933 5030 τοῦ
958 4974 1262 5040 88017;"0;
1298 4995 1386 5047 μοι
1407 4978 1557 5032 δοκεῖ
1593 4982 1659 5049 τῇ
1688 4980 1848 5034 δυνά-

263 5086 357 5139 μει
400 5067 492 5120 τοῦ
542 5067 857 5137 Πνεύματος
918 5069 1334 5138 προπαιδευθεὶς
1395 5069 1463 5122 τὰ
1529 5072 1848 5142 μεγαλοφυῆ

1952 4804 2080 4845 rens
2113 4790 2197 4844 his
2226 4788 2408 4845 verbis
2434 4808 2448 4843 :
2480 4787 2661 4844 Silivit
2703 4789 2887 4841 anima
2919 4802 3037 4840 mea
3067 4784 3136 4839 ad
3174 4785 3335 4839 Deum
3370 4784 3527 4837 illum

1952 4881 2206 4946 validum,
2242 4883 2490 4937 viventem
2512 4898 2532 4948 ;
2578 4880 2790 4951 quando
2825 4880 3028 4935 veniam
3063 4887 3113 4933 et
3160 4876 3420 4947 apparebo
3472 4875 3532 4928 in

1954 4987 2232 5046 conspectu
2275 4977 2376 5031 Dei
2409 4977 2499 5030 ιη
2536 4976 2641 5043 Qui
2682 4975 2845 5029 David
2892 4973 3024 5029 mihi
3071 4972 3284 5026 videtur
3332 4968 3533 5022 virtute:

1961 5066 2201 5143 Spiritus
2216 5070 2317 5125 has
2345 5070 2665 5140 magniﬁcas
2701 5067 2915 5123 Domini
2947 5066 3227 5120 doctrinas
3251 5062 3362 5132 jam
3401 5067 3528 5115 ante

258 5158 438 5214 ταῦτα
492 5158 586 5211 τοῦ
640 5159 845 5230 Κυρίου
896 5159 1222 5230 διδάγματα,
1251 5159 1345 5212 καὶ
1397 5162 1496 5229 τὴν
1536 5160 1821 5234 πλησμονὴ

1951 5163 2205 5228 edoctus,
2237 5163 2403 5217 etiam
2426 5162 2791 5232 expletionem
2817 5157 3086 5230 ejusmodi
3116 5157 3387 5227 appetitus
3418 5152 3532 5208 sibi

261 5251 363 5321 τῆς
398 5249 650 5320 τοιαύτης
694 5250 925 5321 ὀρέξεως
952 5251 1130 5321 ἑαυτῷ
1154 5248 1488 5324 προσειπεῖν.
1536 5252 1685 5323 Ἐγὼ
1721 5253 1852 5325 γὰρ,

266 5341 454 5411 φησιν,
475 5341 544 5395 ἐν
559 5339 917 5411 δικαιοσύνῃ
938 5341 1276 5425 ῥφθήσομαι
1297 5342 1377 5407 τῷ
1399 5344 1696 5413 προσώπῳ
1714 5360 1852 5409 σου,

266 5430 755 5502 χορτασθήσομαι
782 5431 854 5485 ἐν
877 5432 958 5498 τῷ
977 5432 1235 5501 ὀφθῆναί
1245 5452 1346 5503 μοι
1369 5435 1485 5503 τὴν
1501 5434 1691 5499 δόξαν
1712 5452 1850 5489 σου.

264 5524 420 5592 Α’ύτη
444 5520 535 5579 οῦν
564 5528 680 5578 ἐστι
704 5525 844 5580 κατά
863 5543 924 5595 γε
947 5527 1037 5580 τὸν
1057 5527 1189 5596 ἐμὸν
1207 5528 1412 5598 λόγονῆ
1438 5527 1644 5599 ἀληθὴς
1661 5529 1848 5599 ἁρετὴ,

266 5617 329 5670 τὸ
362 5616 560 5685 ἀμιγὲς
591 5615 685 5669 τοῦ
735 5616 974 5688 χείρονος
1018 5618 1221 5686 ἀγαθὸν
1247 5659 1260 5685 ,
1297 5618 1422 5690 περὶ
1460 5618 1488 5671 ὃ
1524 5621 1631 5673 πᾶν
1675 5618 1852 5689 νόημα

340 5794 388 5825 ²¹
430 5793 572 5851 Psal.
615 5811 735 5862 xu,
767 5796 821 5852 3.
898 5795 943 5829 ⁸³
980 5794 1122 5851 Psal.
1158 5810 1285 5865 ενι,
1320 5795 1406 5851 15.
1496 5856 1501 5863 ,

1950 5253 2287 5324 praedixisse.
2339 5250 2453 5323 Ego
2501 5256 2671 5319 enim,
2712 5252 2909 5321 inquit,
2945 5250 3235 5314 iniustitia
3268 5243 3529 5316 apparebo

1951 5345 2006 5398 in
2037 5353 2318 5413 conspectu
2352 5352 2461 5408 tuo,
2497 5343 2736 5398 satiabor
2769 5341 2989 5396 videndo
3018 5341 3246 5410 gloriam
3287 5348 3435 5390 tuam
3457 5334 3527 5389 ’³.

1958 5432 2083 5487 Haec
2115 5432 2303 5502 igitur,
2336 5442 2395 5487 ut
2420 5441 2537 5488 mea
2567 5433 2785 5502 quidem
2820 5431 3003 5500 opinio
3035 5429 3157 5495 fert,
3192 5441 3319 5482 vera
3352 5426 3535 5480 virtus

1957 5532 2062 5589 est,
2095 5524 2295 5579 bonum
2331 5526 2475 5595 quod
2514 5540 2637 5579 cum
2698 5524 2840 5577 malo
2874 5523 3193 5593 permistum
3250 5532 3359 5572 non
3421 5523 3529 5578 est,

1958 5617 2280 5695 circaquod
2321 5618 2502 5674 omnis
2540 5617 2851 5679 intellectus
2884 5628 3095 5680 eorum,
3132 5626 3251 5683 qua:
3290 5610 3346 5667 in
3393 5623 3531 5679 prte~
