4018 6418
572 419 714 475 1247

575 528 892 585 stantiorem
926 534 1136 598 partem
1189 529 1556 599 accipiuntur,
1605 530 2035 600 deprehenditur
2091 536 2147 584 et
2178 532 2222 589 A

574 619 877 690 percipitur
920 621 1037 688 ipse
1088 619 1231 677 Deus
1269 619 1530 687 Verbum,
1576 622 1752 678 virtus
1805 638 1927 693 quae
1981 626 2152 683 caelos

577 710 747 777 texit,
781 718 840 764 ιιι
874 710 1129 767 Habacuc
1170 712 1426 781 exponit,
1476 727 1540 767 ac
1574 721 1724 769 recte
1760 717 1851 784 qui
1887 716 2028 772 hanc
2057 717 2151 775 Dei

572 800 842 870 justitiam
871 802 1158 865 esuriunt,
1206 802 1347 858 beati
1377 804 1714 875 judicantur.
1753 805 1888 861 Nam
1944 823 2149 874 revera,

579 890 671 959 qui
694 889 982 947 Dominum
1009 896 1241 967 gustavit
1268 917 1296 964 ,3
1328 906 1387 951 ut
1418 897 1722 968 psalmodia
1771 899 1904 953 dicit
1928 901 1995 965 ",
2052 901 2153 955 hoc

577 990 686 1049 est,
723 984 817 1053 qui
852 984 906 1037 in
934 999 1056 1039 sese
1099 984 1265 1040 Deum
1320 987 1550 1056 recepit,
1606 988 1855 1056 expletur
1891 1004 1957 1044 eo
2006 990 2152 1061 quod

577 1081 632 1129 et
663 1074 855 1140 sitivit,
889 1082 944 1129 et
969 1077 1220 1142 esurivit,
1253 1077 1408 1147 juxta
1440 1077 1857 1149 promissionem
1888 1081 2026 1149 ejus,
2059 1081 2153 1151 qui

578 1166 754 1221 dixit:
789 1165 902 1236 Ego
958 1177 1009 1222 et
1038 1167 1205 1224 Pater
1246 1172 1531 1233 veniemus,
1573 1181 1622 1227 et
1655 1173 1979 1226 mansionem
2016 1171 2155 1241 apud

577 1271 697 1309 eum
727 1255 982 1324 faciemus
1006 1258 1073 1320 ",
1099 1258 1375 1322 videlicet,
1406 1259 1617 1330 Spiritu
1653 1269 1850 1317 sancto
1882 1262 2037 1331 prius
2070 1261 2157 1315 in-

580 1348 881 1405 habitante.
920 1351 995 1403 Ita
1028 1350 1161 1404 mihi
1198 1350 1413 1405 videtur
1442 1352 1607 1405 etiam
1635 1367 1865 1422 magnus
1892 1352 1983 1407 ille
2010 1351 2155 1407 Pau-

578 1438 685 1504 lus,
718 1440 809 1508 qui
844 1454 1079 1495 areanos
1120 1440 1243 1495 illos
1289 1440 1531 1510 paradisi
1584 1440 1796 1497 fructus
1829 1442 2152 1513 degustavit,

579 1540 631 1585 et
666 1531 861 1601 plenus
895 1547 1084 1587 eorum
1125 1547 1248 1602 quae
1267 1534 1526 1603 gustavit,
1574 1542 1627 1588 et
1668 1548 1883 1603 semper
1909 1534 2158 1588 esuriens

544 1607 728 1676 'esse.
760 1619 973 1681 Etenim
1018 1623 1288 1693 repletum
1345 1638 1405 1678 se
1429 1638 1552 1679 esse
1579 1623 1720 1692 ejus,
1759 1624 1903 1694 quod
1944 1625 2159 1680 dcside~

582 1710 829 1776 rahatur,
864 1710 1087 1777 fatetur,
1129 1713 1261 1768 dum
1296 1712 1470 1769 dicit:
1539 1713 1672 1769 Vivit
1725 1722 1903 1769 autem
1967 1715 2022 1769 in
2077 1732 2159 1771 me

584 1801 830 1857 Christus
851 1804 918 1870 “,
949 1812 1004 1858 et
1034 1810 1292 1874 tanquam
1320 1806 1593 1872 esuriens,
1620 1821 1835 1876 semper
1870 1806 2160 1875 praeteritis

584 1893 806 1948 omissis
836 1895 903 1949 ad
935 1870 1198 1950 ulteriora
1224 1897 1449 1966 aspirat.
1484 1870 1615 1951 dum
1651 1870 1787 1952 dicit
1813 1911 1831 1952 :
1865 1870 1991 1952 Non
2016 1898 2157 1969 quod
2194 1870 2232 1924 Β

577 1985 696 2055 jam
720 1987 964 2053 ceperim,
1005 1994 1098 2041 aut
1137 1987 1257 2058 jam
1281 1989 1542 2059 perfectus
1581 1990 1722 2051 sint;
1771 2006 1928 2044 curro
1959 2001 2156 2058 autem,

582 2084 643 2130 ut
676 2093 950 2148 assequar,
975 2087 1025 2132 et
1050 2079 1487 2147 comprehendam
1514 2081 1577 2135 ’⁷.
1605 2080 1774 2136 Detur
1798 2081 1943 2136 enim
1974 2083 2156 2148 nobis,

584 2177 646 2223 ut
698 2167 767 2222 ad
822 2168 1111 2224 arbitrium
1165 2183 1413 2226 nostrum
1476 2172 1681 2242 aliquid
1714 2174 1946 2244 exempli
1987 2175 2160 2243 gratia

582 2274 712 2315 esse
743 2258 1014 2326 dicamus,
1045 2260 1193 2331 quod
1228 2263 1285 2316 in
1311 2277 1496 2319 rerum
1528 2271 1722 2319 natura
1753 2280 1862 2320 non
1904 2267 2157 2329 habetur.

583 2350 1056 2419 Quemadmodum
1110 2354 1257 2409 enim
1313 2354 1370 2409 in
1423 2356 1672 2412 sensibili
1712 2358 1856 2420 cibo,
1915 2358 1963 2413 si
2027 2358 2163 2414 nihil

585 2460 802 2508 eorum,
835 2460 956 2515 quae
992 2445 1314 2501 nutrimenti
1372 2460 1540 2502 causa
1594 2457 1906 2512 sumuntur,
1941 2463 2041 2518 pro
2069 2465 2163 2504 ex-

586 2544 869 2591 cremento
922 2535 1235 2605 ejiceretur,
1299 2538 1393 2593 sed
1450 2545 1625 2592 totum
1681 2540 1748 2594 ad
1803 2538 2162 2609 adjectionem

586 2640 865 2697 corporeae
893 2626 1241 2697 proceritatis
1270 2636 1667 2692 assumeretur,
1700 2631 2021 2699 quotidiano
2060 2648 2165 2687 nu-

585 2719 847 2773 trimento
903 2732 1001 2789 per
1056 2733 1178 2774 sese
1226 2721 1531 2791 atlaugente
1588 2721 2044 2791 magnitudinem,
2104 2724 2160 2777 ἰν]

584 2809 817 2863 multam
855 2810 1242 2879 proceritatem
1276 2824 1511 2882 corpora
1542 2823 1927 2869 excrescerent
1969 2821 2024 2870 et
2078 2825 2159 2869 at.

586 2900 949 2966 tollerentur;
980 2901 1173 2956 itidem
1201 2900 1295 2955 illa
1321 2901 1558 2970 justitia,
1592 2911 1650 2959 et
1685 2904 1866 2960 omnis
1893 2921 2003 2961 una
2036 2922 2162 2961 cum

586 3002 654 3045 ea
682 2989 881 3054 virtus,
909 2991 1170 3060 quoniam
1203 2991 1504 3048 secundum
1528 3009 1676 3058 eum,
1708 2995 1803 3065 qui
1831 3004 2014 3052 mente
2048 3012 2144 3067 per

587 3079 819 3150 cipitur,
852 3081 907 3134 in
935 3081 1045 3136 cibi
1075 3081 1298 3136 modum
1332 3091 1575 3139 comesta
1618 3099 1729 3139 non
1763 3086 2024 3155 egeritur,
2083 3087 2163 3139 ai-

586 3171 760 3227 tiores
820 3185 1035 3241 semper
1090 3186 1190 3241 per
1244 3187 1365 3227 sese
1412 3174 1803 3244 participantes
1853 3176 2036 3240 eﬂicit,
2076 3177 2161 3231 sui

590 3272 807 3330 semper
831 3259 1139 3330 adjeCIione
1177 3260 1609 3331 magnitudinem
1639 3277 1865 3332 augens.
1893 3263 2164 3330 Quocirca

591 3349 703 3405 sia
747 3349 908 3404 nobis
963 3349 1242 3405 intellecta
1279 3358 1366 3407 est
1427 3352 1519 3406 illa
1562 3352 1722 3408 beata
1770 3353 1963 3420 fam'es,
2014 3356 2165 3412 omni

589 3439 913 3497 vitiositatis
958 3441 1317 3498 redundantia
1356 3459 1451 3513 per
1480 3444 1746 3500 vomitum
1774 3446 2000 3517 rejecta,
2033 3463 2166 3505 esu-

592 3531 799 3587 riamus
825 3532 1094 3601 justitiam
1147 3532 1266 3602 Dei,
1294 3541 1355 3590 ut
1386 3536 1552 3590 etiam
1596 3537 1664 3592 ad
1716 3537 2078 3608 expletionem
2108 3548 2164 3594 et

593 3627 900 3681 satietatem
944 3626 1067 3697 ejus
1113 3627 1518 3698 perveniamus,
1550 3642 1650 3698 per
1703 3630 1983 3688 Christum
2038 3630 2225 3688 Jesum

592 3731 736 3771 rum.
764 3716 955 3773 Amen.

2191 3224 2234 3282 C

1193 3831 1451 3892 ORATIO
1486 3836 1555 3892 ν.
1631 3898 1641 3906 ,

596 3942 752 3997 Beati
805 3943 1206 4009 misericordes,
1271 3947 1522 4016 quoniam
1588 3946 1690 4015 ipsi
1746 3946 2170 4002 misericordiam

1153 4030 1530 4086 consequentur
1548 4016 1617 4073 ³⁸.

667 4102 920 4159 Forsitan
950 4103 1156 4175 aliquid
1184 4107 1293 4161 tale
1339 4115 1424 4162 est
1449 4107 1503 4163 id
1548 4107 1697 4177 quod
1727 4123 1825 4179 per
1873 4108 2167 4180 quamdam

595 4193 862 4249 visionem
891 4193 1061 4250 Jacob
1092 4211 1192 4266 per
1211 4197 1446 4267 aenigma
1478 4197 1706 4254 edoctus
1726 4206 1831 4263 est,
1872 4213 1999 4253 cum
2030 4213 2168 4255 sca—

596 4285 706 4339 lam
739 4298 771 4337 a
799 4291 944 4339 terra
975 4285 1043 4340 ad
1087 4287 1435 4343 altitudinem
1493 4289 1621 4344 cmli
1676 4291 2062 4361 pertinentem,
2112 4302 2169 4346 et

597 4374 768 4430 Deum
795 4390 961 4445 super
986 4391 1051 4432 ea
1083 4384 1319 4434 stantem
1352 4378 1579 4434 vidisset
1598 4380 1668 4445 ",
1700 4381 1863 4450 quale
1907 4381 2168 4435 nimirum

595 4480 745 4522 nunc
771 4467 932 4523 etiam
957 4468 1115 4525 nobis
1143 4468 1396 4525 doctrina
1428 4470 1825 4528 beatitudinem
1854 4470 2015 4537 facit,
2043 4486 2167 4542 quae

598 4574 814 4628 semper
842 4560 912 4615 ad
944 4561 1296 4617 sublimiores
1317 4562 1630 4618 intellectus
1664 4578 1762 4633 per
1806 4577 1926 4620 eam
1975 4577 2167 4618 ascen-

597 4651 790 4706 dentes
813 4652 974 4721 erigit
999 4661 1053 4707 et
1076 4652 1310 4707 extollit.
1358 4650 1496 4707 Nam
1521 4659 1579 4708 et
1608 4653 1721 4707 illic
1751 4653 1949 4723 opinor
1996 4653 2165 4707 vitam

597 4755 724 4795 cum
752 4743 956 4796 virtute
984 4743 1337 4811 conjunctam
1391 4743 1721 4813 patriarcha:
1775 4758 1873 4814 per
1927 4743 2169 4813 speciem

599 4828 763 4885 scalae
806 4828 984 4900 ellingi
1027 4839 1191 4900 atque
1220 4831 1531 4897 informari,
1565 4839 1626 4886 ut
1656 4839 1710 4887 et
1746 4832 1866 4902 ipse
1908 4831 2166 4896 disceret,

597 4926 654 4973 et
699 4920 934 4989 posteris
972 4920 1213 4976 traderet
1265 4921 1416 4992 quod
1470 4922 1631 4977 aliter
1683 4922 1749 4978 ad
1808 4921 1977 4977 Deum
2033 4922 2169 4993 erigi

598 5019 763 5080 atque
790 5010 981 5066 extolli
1008 5026 1118 5066 non
1146 5012 1297 5079 licet,
1332 5013 1444 5069 nisi
1474 5013 1600 5083 quis
1656 5028 1872 5083 semper
1928 5028 2170 5085 superna

597 5108 922 5156 contineatur
950 5116 1014 5157 ac
1043 5110 1273 5173 spectet,
1304 5118 1370 5159 ac
1430 5104 1750 5160 sublimium
1800 5119 1984 5160 rerum
2017 5104 2171 5161 desi-

597 5188 752 5246 derio
784 5183 1086 5247 continenti
1117 5202 1385 5261 teneatur,
1420 5203 1482 5250 ut
1522 5210 1633 5250 non
1665 5204 1954 5251 contentus
1998 5195 2073 5251 sit
2115 5195 2175 5252 in

599 5279 695 5344 iis,
725 5295 847 5351 quas
876 5290 1027 5338 recte
1054 5283 1169 5354 jam
1203 5284 1417 5350 fecerit,
1453 5292 1509 5340 et
1536 5294 1868 5342 consecutus
1901 5286 1995 5353 sit,
2051 5300 2172 5341 ma-

599 5384 752 5434 nere,
788 5370 882 5425 sed
909 5372 964 5427 in
1003 5371 1204 5427 damno
1234 5382 1403 5443 ponat
1455 5375 1503 5430 si
1543 5376 1829 5445 superiora
1868 5389 1977 5429 non
2008 5375 2175 5430 attin-

600 5469 692 5528 gat
725 5467 780 5516 et
813 5472 1161 5533 assequatur.
1192 5463 1258 5518 Et
1288 5466 1379 5521 hic
1422 5466 1588 5537 igitur
1617 5466 1850 5520 aliarum
1899 5467 2035 5522 alias
2066 5480 2167 5522 ex-

601 5549 926 5621 cipientium
982 5552 1387 5611 beatitudinum
1450 5554 1682 5611 altitudo
1731 5554 1913 5620 efﬁcit,
1949 5563 2009 5609 ut
2058 5556 2164 5626 ipsi

1767 417 1825 473 S.
1868 413 2193 472 GREGORII
2229 414 2524 472 NYSS‘ENI

3731 404 3875 460 1-258

2248 530 2356 584 τῶν
2393 530 2532 602 πρὸς
2574 528 2640 583 τὸ
2683 530 2926 601 κρεῖττον
2957 526 3263 598 νοουμένων
3295 517 3818 592 καταλαμϐάνεται
3854 532 3871 549 ο

2251 622 2413 684 αὑτὸς
2431 623 2460 675 6
2479 621 2612 686 Θεὸς
2627 621 2815 689 Λόγος.
2832 622 2866 691 ἡ
2893 620 3020 683 τοὺς
3040 618 3304 692 οὐρανοὺς
3319 613 3633 685 καλύψασα
3662 608 3868 681 ἀρετὴ.

2251 712 2477 775 καθὼςό
2510 712 2829 783 Ἀμὸακοὺμ
2851 710 3202 781 διεξέρχεται,
3217 707 3314 762 καὶ
3341 704 3532 769 καλῶς
3557 704 3613 756 oi
3645 700 3870 771 ταύτην

2249 802 2345 855 τοῦ
2360 801 2492 855 Θεοῦ
2520 802 2618 872 τὴν
2648 801 2991 872 δικαιοσύνην
3011 800 3325 863 πεινῶντες,
3341 795 3864 869 ἐμακαρεσθησαν.

2253 892 2343 964 Τῷ
2374 894 2486 947 ὄντι
2514 893 2623 965 γὰρ
2665 898 2699 949 ό
2746 891 3116 963 γευσάμενος
3145 893 3253 947 τοῦ
3304 891 3554 958 Κιιρίου.
3587 885 3799 949 καθὼς
3830 887 3865 956 ἠ

2252 985 2537 1056 ψαλμῳδία
2558 985 2726 1054 λέγει,
2758 983 3054 1049 τουτέστιν,
3091 986 3119 1037 6
3149 985 3205 1037 ἐν
3222 980 3399 1053 ἐαυτῷ
3429 981 3747 1051 δεξάμενος
3770 979 3865 1030 τὸν

2254 1074 2386 1129 Θεὸν
2407 1115 2421 1140 ,
2453 1075 2665 1145 πλήρης
2693 1074 2901 1144 γίνεται
2927 1069 2987 1129 οὗ
3019 1073 3270 1144 ἐδίψησέν
3299 1089 3362 1125 τε
3398 1073 3494 1125 καὶ
3524 1068 3861 1132 ἐπείνασεν,

2254 1169 2397 1222 κατὰ
2443 1165 2538 1237 τὴν
2569 1167 2864 1237 ὑπόσχεσιν
2894 1165 2987 1220 τοῦ
3036 1165 3283 1229 εἰπόντος
3306 1181 3322 1195 ·
3350 1166 3432 1219 ὅτι
3486 1161 3643 1231 Ἐγὼ
3684 1161 3797 1216 καὶ
3828 1163 3865 1214 ό

2253 1254 2456 1325 Πατὴρ
2470 1255 2860 1327 ἐλευσόμεθα,
2883 1258 2980 1312 καὶ
3000 1256 3200 1329 μονὴν
3236 1257 3370 1325 παρ’
3395 1255 3559 1320 αὐτῷ
3581 1253 3863 1321 ποιήσο-

2253 1350 2491 1420 μεν,τοῦ
2520 1351 2677 1420 ἁγίου
2712 1350 3025 1421 Πνεύματος
3054 1351 3297 1422 δηλονότι
3318 1349 3859 1422 προενοικήσαντος.

2257 1440 2413 1496 Οὕτω
2442 1458 2532 1513 μοι
2555 1442 2702 1496 δοκεῖ
2727 1443 2822 1495 καὶ
2840 1442 3049 1505 Παῦλος
3076 1444 3102 1495 6
3121 1441 3291 1512 μέγας
3316 1442 3345 1493 6
3368 1439 3475 1494 τῶν
3502 1438 3861 1510 ἀπορρήτων

2256 1532 2478 1586 ἐκείνων
2518 1531 2745 1602 καρπῶν
2772 1530 2880 1584 τῶν
2908 1533 2972 1584 ὲκ
3003 1529 3098 1583 τοῦ
3151 1529 3473 1602 παραδείσου
3517 1526 3857 1596 ἀπογευσά-

2260 1639 2441 1693 μενος,
2471 1622 2564 1675 καί⁸
2605 1622 2821 1693 πλήρης
2852 1614 2928 1675 ὧν
2974 1620 3233 1689 ἐγεύσατο
3271 1615 3439 1681 εἶναι,
3469 1619 3569 1673 καὶ
3596 1618 3701 1672 ἀεὶ
3734 1634 3858 1669 πει-

2259 1716 2385 1771 νῶν.
2408 1714 2517 1768 Καί⁵
2537 1712 2644 1784 γὰρ
2672 1711 3062 1784 πεπληρῶσθαι
3089 1712 3182 1765 τοῦ
3219 1709 3552 1781 ποθουμένου
3580 1708 3861 1778 ὁμολογεί

2260 1807 2431 1875 λέγων
2448 1821 2461 1835 ’
2503 1804 2589 1873 Ζῇ
2614 1804 2681 1858 δὲ
2713 1805 2783 1859 ἐν
2812 1803 2940 1873 ἐμοὶ
2975 1804 3226 1871 Χριστός
3247 1819 3261 1833 ·
3287 1802 3379 1857 καὶ
3403 1801 3479 1864 ὡς
3522 1799 3745 1854 πεινῶν
3768 1799 3856 1851 ἀεὶ

2259 1901 2373 1960 τοῖς
2415 1896 2720 1968 ἔμπροσθεν
2756 1896 3128 1949 ἐπεκτείνεται
3158 1893 3330 1962 λέγων
3352 1907 3365 1921 ’
3401 1894 3526 1960 Οὐχ
3573 1890 3675 1943 ὅτι
3732 1888 3851 1957 ἤδη

2261 1990 2484 2045 ἔλαϐον
2511 1988 2549 2057 ἢ
2582 1987 2698 2057 ἤδη
2751 1986 3156 2056 τετελείωμαι,
3186 1984 3376 2053 τρέχω
3407 1981 3475 2035 δὲ
3509 1982 3615 2035 ἵνα
3656 1996 3851 2034 κατα-

2260 2078 2441 2135 λάϐω.
2469 2079 2710 2133 Δεδόσθω
2741 2077 2850 2149 γὰρ
2900 2080 3033 2149 ἡμῖν
3061 2069 3180 2131 κατ’
3220 2075 3463 2143 ἐξουσίαν
3492 2071 3851 2134 ὑποθετικῶς

2261 2168 2401 2225 εἶναι
2421 2188 2474 2224 τι
2502 2171 2702 2239 λέγειν,
2722 2168 2750 2223 6
2770 2171 2804 2241 ἡ
2835 2169 2995 2239 φύσις
3019 2170 3120 2223 οὐκ
3147 2168 3279 2239 ἔχει.
3314 2166 3583 2237 Καθάπερ
3608 2164 3734 2236 γὰρ
3758 2165 3850 2216 ἐπὶ

2261 2261 2363 2332 τῆς
2420 2261 2682 2333 αἰσθητῆς
2737 2259 3011 2331 βρώσεως,
3047 2260 3098 2312 εἰ
3135 2258 3301 2329 μηδὲν
3349 2256 3848 2328 περιττωματικῶς

2261 2353 2370 2407 τῶν
2408 2354 2487 2417 είς
2532 2351 2735 2424 τροφὴν
2777 2350 3200 2424 λαμϐανομένων
3242 2349 3555 2415 ἐξεποιεῖτο,
3596 2346 3745 2401 ἀλλὰ
3786 2347 3848 2399 τὸ

2262 2444 2383 2498 ὅλον
2428 2444 2510 2506 εἰς
2558 2443 2873 2514 προσθήκην
2908 2441 3005 2495 τοῦ
3055 2438 3365 2511 σωματικοῦ
3395 2437 3565 2508 ὕψους
3601 2436 3848 2508 ἀνελαμ-

2264 2534 2490 2598 ϐάνετο,
2526 2535 2606 2597 εἰς
2642 2533 2773 2586 πολὺ
2801 2532 2868 2586 ἂν
2900 2530 3035 2602 ὕψος
3084 2529 3299 2602 ἐπήρθη
3328 2530 3401 2582 τὰ
3441 2528 3713 2599 σώματα,
3749 2529 3847 2599 τῆς

2263 2631 2385 2685 καθ’
2416 2632 2630 2702 ἡμέραν
2664 2629 2871 2700 τροφῆς
2894 2629 2960 2679 δι’
2990 2627 3189 2699 ἑαυτῆς
3219 2624 3556 2696 ὲπαυξούσης
3583 2625 3645 2678 τὸ
3682 2625 3846 2696 μέγε-

2265 2722 2355 2786 θος
2382 2737 2397 2752 ⁸
2429 2720 2602 2785 οὕτως
2645 2722 2679 2791 ἡ
2723 2718 3035 2788 δικαιοσύνη
3079 2719 3260 2789 ἐκείνη
3281 2757 3296 2782 ,
3323 2718 3417 2771 καὶ
3455 2718 3608 2771 πᾶσα
3637 2718 3674 2788 ἡ
3728 2716 3843 2786 μετ’

2264 2812 2434 2884 αὐτῆς
2462 2810 2661 2883 ἀρετὴ,
2691 2809 2878 2881 ἐπειδὴ
2911 2811 3012 2865 οὐκ
3048 2811 3345 2864 ἐκποιεῖται
3378 2808 3665 2880 ἐσθιομένη
3703 2805 3842 2861 κατὰ

2261 2901 2353 2956 τὸν
2401 2900 2590 2972 νοητὸν
2633 2901 2734 2972 τῆς
2784 2899 3038 2971 βρώσεως
3089 2900 3307 2971 τρόπον,
3358 2898 3731 2970 ὑψηλοτέρους
3758 2898 3842 2950 ἀεὶ

2263 2995 2408 3046 ποιεῖ
2430 2991 2493 3046 δι’
2529 2991 2725 3063 ἑαυτῆς
2774 2991 2900 3055 τοὺς
2935 2991 3257 3061 μετέχοντας
3277 3032 3291 3057 ,
3323 2990 3554 3044 πάντοτε
3586 2993 3650 3060 τῇ
3709 2989 3841 3059 παρ’

2264 3084 2460 3153 ἑαυτῆς
2489 3082 2771 3154 προσθήκῃ
2796 3081 2859 3135 τὸ
2890 3081 3120 3152 μέγεθος
3148 3079 3404 3146 αὔξουσα.
3436 3080 3646 3135 Οὐκοῦν
3683 3081 3737 3132 εἰ
3766 3096 3841 3131 νε-

2263 3170 2451 3244 νόηται
2482 3174 2612 3244 ἡμῖν
2647 3173 2679 3244 ἡ
2715 3172 3027 3244 μακαριστὴ
3062 3173 3242 3235 πεῖνα,
3278 3173 3455 3226 πᾶσαν
3478 3171 3580 3242 τὴν
3604 3168 3717 3224 ἀπὺ
3737 3187 3839 3222 κα-

2269 3263 2395 3326 κίας
2435 3263 2726 3335 πληθώραν
2779 3263 3092 3334 ἐμέσαντες,
3127 3263 3471 3334 πεινάσωμεν
3498 3261 3600 3333 τὴν
3632 3262 3835 3316 δικαιο-

2271 3354 2436 3428 σύνην
2462 3354 2557 3409 τοῦ
2589 3357 2744 3422 Θεοῦ,
2773 3356 2861 3410 ἵνα
2887 3357 2980 3409 καὶ
3006 3358 3084 3419 εἰς
3125 3356 3438 3427 πλησμονὴν
3465 3356 3631 3425 αὐτῆς
3666 3354 3833 3408 ἔλθωο

2274 3466 2391 3519 μεν,
2421 3449 2479 3502 ἐν
2499 3448 2715 3519 Χριστῷ
2753 3448 2926 3520 Ἰησοῦ
2957 3448 3037 3519 τῷ
3062 3448 3250 3521 Κυρίῳ
3281 3449 3459 3520 ἡμῶν,
3479 3441 3522 3517 ᾧ
3545 3449 3580 3519 ἡ
3609 3447 3735 3514 δόξα
3755 3447 3832 3510 είς

2270 3542 2396 3605 τοὺς
2420 3542 2620 3606 αἰῶνας
2644 3540 2753 3596 τῶν
2784 3539 3015 3596 αἰώνων.
3049 3542 3224 3613 Αμήν.

2260 3633 2550 3688 Dominum
2588 3638 2859 3700 nostrum,
2893 3633 2981 3687 cui
3016 3631 3187 3704 gloria
3251 3633 3307 3688 in
3346 3632 3544 3691 saecula
3606 3632 3825 3687 saeculo-

2889 3834 3105 3888 ΛΟΓΟΣ
3146 3834 3226 3889 Ε’.

2266 3946 2556 4016 Μακάριοι
2591 3948 2646 4001 οἱ
2695 3945 3039 4017 ἐλεήμονες,
3066 3948 3156 4003 ὅτι
3183 3946 3354 4003 αὐτοὶ
3381 3948 3821 4019 ἐλεηθήσονται.

2338 4102 2491 4173 Τάχα
2530 4120 2585 4155 τι
2630 4102 2869 4157 τοιοῦτόν
2911 4106 3079 4169 ἐστιν,
3113 4105 3142 4157 ὅ
3183 4104 3273 4160 διά
3328 4123 3475 4169 τινος
3523 4104 3823 4171 ὀπτασίαςδ

2278 4192 2473 4249 Ἰακὼὸ
2514 4194 2583 4248 δι’
2604 4193 2923 4265 αἰνίγματος
2965 4195 3276 4267 ἐπαιδεύθη,
3302 4195 3542 4268 κλίμακα
3579 4196 3692 4252 ἰδὼν
3723 4199 3822 4252 ἀπὸ

2265 4287 2371 4356 γῆς
2424 4286 2517 4340 ἐπὶ⁹
2553 4285 2615 4340 τὸ
2645 4286 2893 4357 οὐράνιον
2931 4287 3062 4357 ὕψος
3110 4287 3424 4357 διήκουσαν,
3467 4288 3666 4342 καὶτὸν
3697 4289 3821 4343 Θεὸν

2267 4377 2355 4430 ἐπ’
2380 4375 2551 4447 αὐτῆς
2578 4376 2993 4448 ἐστηριγμένον,
3039 4371 3149 4431 οἷον
3173 4377 3238 4449 δὴ
3271 4376 3366 4431 νῦν
3397 4379 3493 4432 καὶ
3529 4379 3706 4451 ἡμῖνή
3743 4379 3823 4433 διὰ

2267 4466 2376 4521 τῶν
2405 4467 2770 4539 μακαρισμῶν
2801 4467 3119 4523 διδασκαλία
3154 4472 3313 4533 ποιεῖ,
3336 4469 3423 4522 ἀεὶ
3445 4470 3580 4540 πρὸς
3606 4469 3669 4523 τὰ
3693 4470 3823 4541 62in;-

2268 4557 2464 4629 λότερα
2505 4557 2616 4612 τῶν
2656 4557 2946 4629 νοημάτων
2991 4560 3118 4622 τοὺς
3148 4558 3214 4612 δι’
3254 4561 3422 4631 αὐτῆς
3456 4561 3691 4625 ἀνιόντας
3735 4564 3823 4616 ἐπ-

2268 4649 2521 4721 αίρουσα.
2538 4650 2648 4704 Καὶ
2668 4649 2776 4719 γὰρ
2805 4650 2922 4702 ἐκεῖ
2937 4648 3014 4719 τῷ
3043 4651 3358 4725 πατριάρχῃ
3376 4651 3468 4704 τὸν
3495 4652 3610 4705 κατ’
3637 4653 3820 4724 ἀρετὴν

2266 4733 2417 4810 οἴμαι
2450 4739 2562 4809 βίον
2593 4738 2672 4811 τῷ
2715 4738 2844 4792 εἴδει
2870 4739 2971 4809 τῆς
3012 4738 3277 4811 κλίμακος
3314 4740 3691 4796 διατυποῦσθαι
3712 4781 3727 4806 ,
3751 4743 3821 4808 ὡς

2264 4830 2332 4885 ἂν
2362 4830 2524 4894 αὑτός
2559 4847 2619 4884 τε
2652 4829 2813 4901 μάθοι
2842 4831 2937 4883 καὶ
2981 4833 3094 4893 τοῖς
3138 4833 3255 4903 μετ’
3284 4833 3445 4887 αὐτὸν
3481 4835 3813 4905 ὑφηγήσαιτο,

2264 4920 2346 4974 ﬁt
2377 4921 2478 4974 οὐκ
2504 4920 2650 4975 ἔστιν
2676 4921 2850 4985 ἄλλως
2875 4921 3013 4995 πρὸς
3049 4922 3139 4977 τὸν
3174 4922 3306 4978 Θεὸν
3334 4924 3627 4994 ὑψωθῆναι,
3651 4924 3716 4996 μὴ
3740 4927 3817 4979 ἀεὶ

2266 5012 2402 5084 πρὸς
2426 5012 2495 5066 τὰ
2523 5012 2636 5066 άνω
2670 5012 2957 5082 βλέποντα,
2994 5014 3086 5067 καὶ
3125 5014 3226 5084 τὴν
3269 5015 3379 5069 τῶν
3408 5015 3627 5086 ὑψηλῶν
3650 5017 3818 5070 ἐπιθυ-

2273 5100 2401 5170 μίαν
2438 5099 2669 5172 ἄληκτον
2715 5100 2927 5170 ἔχοντα,
2974 5102 3050 5165 ώς
3092 5102 3168 5172 μὴ
3200 5103 3419 5175 ἀγαπᾷν
3464 5104 3679 5157 ἐπὶτῶν
3722 5107 3814 5179 ἤδη

2270 5191 2725 5264 κατορθωθέντων
2759 5193 2973 5263 μένειν,
3023 5193 3157 5246 ἀλλὰ
3206 5194 3407 5264 ζημίαν
3459 5196 3740 5261 ποιεῖσθαι,
3774 5199 3816 5251 εἱ

2269 5283 2364 5335 τοῦ
2389 5282 2786 5353 ὑπερκειμένου
2825 5283 2899 5354 μὴ
2930 5281 3146 5351 ἅψαιτο.
3191 5283 3302 5337 Καὶ
3334 5284 3561 5338 ἐνταῦθα
3585 5281 3668 5338 οὖν
3700 5285 3817 5355 ὕψος

2270 5373 2379 5426 τῶν
2406 5374 2492 5426 ἐπ’
2513 5372 2756 5444 ἀλλήλων
2801 5373 3159 5444 μακαρισμῶν
3188 5374 3339 5445 αὐτῷ
3369 5376 3725 5446 προσεγγίζειν
3747 5378 3815 5449 τῷ

2272 5463 2392 5535 Θεῷ
2438 5464 2869 5536 παρασκευάζει,
2893 5464 2970 5535 τῷ
2999 5465 3214 5537 άληθῶς
3246 5468 3516 5538 μακαρίῳ,
3543 5468 3633 5521 καὶ
3658 5468 3815 5537 πάσης

2271 5554 2721 5627 ἐπεστηριγμένῳ
2776 5554 3195 5627 μακαριότητος.
3246 5556 3469 5621 Πάντως
3524 5557 3613 5623 δὲ,
3646 5557 3710 5621 ὡς
3746 5558 3816 5628 τῷ

673 5723 722 5756 ﬂ
758 5723 905 5801 Psat.
938 5742 1141 5797 χχχιιι,
1177 5732 1230 5787 9.
1305 5733 1351 5765 "
1386 5730 1542 5787 toan.
1572 5743 1687 5797 xIv,
1720 5729 1811 5784 25.
1888 5729 1933 5761 ’⁸
1971 5726 2090 5785 Gal.
2126 5743 2164 5784 ll

2265 5729 2316 5784 0.
2413 5730 2455 5764 ²⁷
2496 5727 2730 5801 Philipp.
2768 5743 2864 5797 III,
2906 5730 2986 5787 l5.
3072 5730 3117 5763 ’⁸
3157 5729 3343 5786 Matth.
3381 5746 3449 5798 ν,
3485 5728 3538 5785 7.
3625 5731 3667 5763 "
3692 5728 3810 5787 Gen.

602 5806 792 5855 XXVIII,
833 5793 916 5846 12.
