4018 6360
195 370 330 423 1249

1268 366 1354 420 DE
1395 361 1992 420 BEATITUDINIBUS.
2033 357 2288 415 ORATIO
2336 357 2398 414 Υ.

3323 356 3462 411 1250

195 481 342 553 σοφῷ
373 481 465 536 διὰ
502 482 731 551 σοφίας,
777 482 872 537 καὶ
913 482 1002 536 διά
1043 482 1412 553 καθαρότητος
1443 481 1521 552 τῷ
1561 479 1785 552 καθαρῷ

1914 480 1998 533 )eo
2049 477 2552 546 appropinquetur,
2608 461 2701 542 qui
2751 487 2882 527 vere
2933 471 3124 528 beatus
3181 483 3235 527 et
3293 488 3460 544 super

196 573 644 646 προσεγγίζομεν
663 614 682 640 ,
713 572 856 628 οὑτω
899 577 991 628 καὶ
1039 574 1116 645 τῷ
1155 577 1403 645 μακαρίῳ
1425 575 1512 627 διὰ
1541 575 1641 640 τῆς
1668 573 1786 627 ὁδοῦ

195 669 301 720 τῶν
349 664 730 738 μακαρισμῶν
758 665 1122 736 οἰκειούμεθα.
1156 663 1290 717 Θεοῦ
1326 665 1434 735 γὰρ
1471 665 1545 727 ὡς
1578 663 1791 733 ἀληθῶς

201 757 327 810 ἴδιον
375 757 408 827 ἡ
448 756 797 826 μακαριότης
829 753 1008 806 ἐστίν·
1047 753 1124 805 διὸ
1154 753 1247 805 καὶ
1296 750 1686 820 ὲπεστηρίχθαι
1723 751 1790 819 τῇ

202 848 425 920 τοιαύτῃ
473 847 710 916 κλίμακι
763 848 791 898 6
836 844 1030 898 Ἰακὼϐ
1072 843 1162 896 τὸν
1205 844 1335 895 Θεὸν
1375 843 1690 912 διηγήσατο.
1729 841 1794 892 Ἢ

205 935 292 991 οὖν
320 938 430 990 τῶν
459 934 834 1007 μακαρισμῶν
866 933 1122 1004 μετουσία
1153 933 1303 985 οὐδὲν
1329 931 1474 993 ἄλλο,
1504 932 1550 982 εί
1579 929 1652 1000 μὴ
1676 929 1790 982 θεό⁶

205 1045 362 1100 τητος
389 1026 654 1080 κοινωνία.
694 1026 830 1090 ἐστὶ,
876 1024 1011 1096 πρὸς
1043 1024 1109 1094 ἦν
1152 1025 1298 1095 ἡμᾶς
1326 1022 1514 1090 ἀνάγει
1558 1021 1646 1074 διὰ
1682 1019 1790 1074 τῶν

207 1119 515 1191 λεγομένων
535 1120 564 1172 ὁ
587 1117 812 1188 Κύριος.

282 1473 438 1525 Δοκεῖ
467 1463 563 1524 οῦν
609 1487 698 1540 μοι
720 1467 983 1522 θεοποιεῖν
1011 1467 1211 1539 τρόπον
1245 1467 1367 1521 τινὰ
1397 1466 1484 1521 διὰ
1505 1467 1602 1538 τῆς
1625 1467 1703 1530 είς
1735 1467 1796 1520 τὸ

216 1562 506 1616 ἀκόλουθον
535 1562 907 1633 προκειμένης
939 1561 1030 1614 τοῦ
1063 1559 1412 1632 μακαρισμοῦ
1447 1561 1792 1631 ὑφηγήσεως,

217 1654 306 1707 τὸν
345 1653 618 1706 ἀκούοντά
643 1671 702 1705 τε
745 1653 838 1706 καὶ
887 1652 1134 1706 συνιέντα
1171 1652 1265 1706 τοῦ
1309 1651 1795 1720 λόγου.Μακάριοι

1887 582 2102 623 omnem
2141 564 2532 621 beatitudinem
2587 565 2924 619 constitutus
2974 573 3028 618 et
3068 568 3317 619 ﬁrmatus
3349 571 3457 619 est.

1887 657 2122 713 Prorsus
2153 664 2353 717 autem,
2390 663 2449 708 ut
2498 655 2728 723 sapienti
2758 670 2852 724 per
2890 656 3219 724 sapientiam
3265 663 3319 709 et
3365 671 3462 725 per

1891 750 2184 821 puritatem
2221 763 2358 816 puro
2388 748 2914 816 appropinquamus,
2947 747 3020 799 ita
3049 747 3209 800 beato
3238 762 3460 817 quoque

1891 855 1988 909 per
2015 839 2159 891 viam
2199 837 2600 891 beatitudinum
2627 837 3005 890 conciliamur.
3048 835 3140 890 Dei
3175 837 3318 890 enim
3375 853 3461 892 re-

1893 946 2021 984 vera
2061 929 2283 999 propria
2318 928 2597 982 beatitudo
2627 935 2710 983 est
2739 947 2751 982 :
2781 930 3134 997 quamobrem
3166 930 3328 982 etiam
3368 929 3462 984 Ja-

1895 1021 1999 1075 cob
2029 1036 2195 1091 super
2219 1021 2489 1088 ejusmodi
2517 1022 2716 1076 scalam
2747 1020 2916 1075 Deum
2949 1023 3169 1076 stetisse
3196 1024 3461 1076 narravit.

1897 1113 2067 1182 Igitur
2097 1112 2449 1182 participatio
2502 1112 2898 1166 beatitudinum
2962 1113 3095 1166 nihil
3149 1122 3234 1168 est
3291 1115 3460 1178 aliud,

1893 1203 1998 1260 nisi
2032 1202 2260 1258 Deitatis
2293 1205 2720 1257 communicatio
2748 1223 2760 1257 :
2804 1203 2869 1257 ad
2900 1220 3063 1274 quam
3101 1219 3197 1274 per
3224 1220 3307 1272 ea,
3340 1219 3465 1276 qua:

1893 1295 2177 1361 dicuntur,
2209 1294 2474 1351 Dominus
2503 1310 2604 1351 nos
2638 1295 2921 1350 subducit.

1963 1471 2190 1529 Videtur
2216 1487 2345 1542 ergo
2379 1472 2511 1526 mihi
2541 1485 2637 1541 per
2662 1486 2803 1534 eam,
2837 1487 2957 1540 quae
2990 1470 3055 1525 ad
3114 1485 3464 1541 consequen-

1900 1564 2031 1618 tiam
2067 1565 2348 1634 proposita
2378 1571 2484 1626 est,
2512 1563 2868 1617 beatitudinis
2891 1563 3312 1631 expositionem,
3361 1563 3464 1616 ali-

1900 1669 2010 1725 quo
2039 1655 2198 1708 modo
2229 1652 2398 1708 Deum
2434 1653 2612 1708 facere
2640 1669 2789 1714 eum,
2825 1653 2916 1722 qui
2943 1660 2999 1707 et
3052 1653 3238 1707 audiat
3293 1662 3347 1708 et
3386 1654 3474 1707 in-

219 1747 342 1818 γὰρ,
370 1748 556 1817 φησὶν,
591 1749 645 1800 οἱ
669 1745 1011 1814 ἐλεήμονες,
1039 1743 1125 1797 ὅτι
1148 1743 1315 1799 αὐτοὶ
1344 1742 1795 1809 ἐλεηθήσονται.

1914 1747 2106 1816 :elligat
2135 1759 2462 1801 sermonem.
2510 1743 2664 1796 Beati
2700 1745 2866 1808 enim,
2917 1743 3116 1813 inquit,
3176 1745 3477 1798 misericor-

222 1835 349 1892 Οἶδα
399 1837 676 1907 πολλαχοῦ
715 1838 813 1908 τῆς
853 1836 1001 1900 θείας
1035 1835 1287 1907 Γραφῆς,
1314 1835 1389 1905 τῷ
1432 1835 1654 1905 ὀνόματι
1705 1832 1798 1887 τοῦ

222 1931 509 2000 ὲλεὴμονος
555 1930 684 1992 τοὺς
743 1929 927 1997 ἁγίους
970 1928 1167 1997 ἄνδρας
1218 1927 1317 1998 τὴν
1368 1925 1520 1980 Θείαν
1573 1924 1800 1996 δύναμιν

223 2020 738 2091 προσκαλουμένους
759 2037 771 2049 °
808 2019 978 2082 οὑτως
1011 2020 1039 2070 6
1065 2017 1227 2071 Δαϐὶδ
1253 2019 1310 2070 ὲν
1337 2018 1456 2081 ταῖς
1479 2017 1796 2087 ὑμνῳδίαις·

223 2112 389 2174 οὕτως
439 2112 629 2174 Ἰωνᾶς
667 2111 724 2162 ἐν
748 2112 812 2180 τῇ
843 2108 962 2162 καθ’
993 2108 1183 2162 ἑαυτὸν
1215 2107 1521 2178 προφητείᾳ
1540 2123 1552 2136 ⁸
1578 2103 1748 2169 οὑτως
1776 2107 1803 2158 6

229 2203 395 2270 μέγας
423 2203 670 2271 Μωῦσῆς
701 2202 758 2254 ἐν
803 2191 1013 2262 πολλοῖς
1035 2200 1134 2268 τῆς
1156 2199 1473 2269 νομοθεσίας
1502 2199 1805 2268 κατανομά-

226 2291 572 2355 ζειτὺθεῖον.
608 2293 673 2344 Εἰ
720 2287 813 2344 οὑν
848 2291 1131 2362 πρέπουσα
1151 2290 1230 2359 τῷ
1259 2289 1377 2360 Θεῷ
1405 2291 1438 2360 ή
1467 2288 1805 2361 προσηγορία

225 2381 314 2434 τοῦ
340 2381 635 2452 ὲλεήμονος
661 2398 674 2410 ο
693 2381 744 2433 τί
764 2380 890 2434 ἄλλο
916 2381 1009 2433 καὶ
1036 2381 1156 2449 οὑχὶ
1183 2379 1306 2434 θεόν
1334 2398 1392 2434 σε
1421 2379 1805 2448 προσκαλεῖται

225 2473 471 2538 γενέσθαι
497 2475 526 2525 6
554 2472 732 2540 λόγος,
759 2471 920 2524 οἱονεὶ
951 2470 1301 2542 μορφωθέντα
1323 2469 1400 2540 τῷ
1431 2473 1531 2540 τῆς
1558 2471 1806 2540 θεότητος

230 2562 509 2634 tamam;
544 2565 612 2616 Εἰ
633 2562 740 2634 γὰρ
771 2563 1018 2632 ἐλεήμων
1040 2563 1067 2615 6
1098 2561 1229 2626 Θεὸς
1262 2563 1410 2632 παρά
1434 2562 1531 2632 τῆς
1554 2561 1808 2614 θεοπνεύ-

231 2675 347 2711 στου
375 2659 604 2730 Γραφῆς
630 2657 950 2730 ὀνομάζεται
981 2674 994 2689 °
1028 2657 1087 2710 τὸ
1117 2658 1172 2710 δὲ
1209 2658 1422 2727 ἀληθῶς
1454 2657 1805 2728 μακαριστὸν,

229 2751 260 2818 ἡ
298 2749 482 2821 θεότης
518 2749 639 2802 ὲστί
665 2766 677 2780 ·
705 2749 933 2820 φανερὸν
962 2747 1026 2802 ἂν
1075 2749 1160 2818 εἴη
1187 2747 1246 2801 τὸ
1274 2750 1337 2800 ὲκ
1369 2747 1462 2800 τοῦ
1516 2747 1808 2800 ἀκολούθου

231 2839 632 2909 νοούμενον,ὅτι
662 2838 763 2892 κᾶν
785 2838 1069 2909 ἄνθρωπός
1089 2855 1172 2900 τις
1192 2837 1266 2890 ὢν
1293 2837 1536 2908 ἐλεήμων
1564 2837 1807 2906 γένηται,

234 2930 326 3000 τῆς
351 2930 500 2994 θείας
545 2929 793 2994 ἀξιοῦται
828 2931 1244 3001 μακαριότητος,
1283 2930 1341 2980 ὲν
1367 2929 1558 3000 ἐκείνῳ
1589 2930 1810 3000 γενόμε-

236 3036 339 3082 νος,
445 3020 506 3072 τὸ
528 3020 684 3074 Θεῖον
711 3021 1157 3091 κατονομάζεται.
1206 3020 1510 3089 Ἐλεήμων
1542 3024 1574 3074 ό
1596 3023 1812 3090 Κύριος

1901 1837 2014 1903 des,
2059 1837 2310 1905 quoniam
2335 1836 2436 1904 ipsi
2475 1835 2892 1888 misericordiam
2920 1845 3317 1904 consequentur.
3348 1835 3478 1890 Scio

1903 1930 1960 1984 in
2000 1929 2192 1983 multis
2222 1927 2357 1982 locis
2388 1928 2585 1981 divinae
2634 1926 2932 1996 Scriptura
2981 1927 3204 1981 nomine
3260 1927 3478 1980 miseri.

1902 2021 2084 2076 cordis
2108 2023 2332 2074 sant-tos
2370 2019 2519 2072 viros
2545 2017 2786 2071 divinam
2821 2018 3119 2086 potentiam
3161 2018 3470 2087 appellare:

1903 2112 1985 2167 sic
2011 2111 2179 2165 David
2212 2111 2264 2164 in
2297 2107 2556 2172 Psalmis,
2601 2108 2681 2163 sic
2713 2106 2892 2161 Jonas’
2916 2107 2970 2161 in
3013 2123 3114 2161 sua
3165 2108 3473 2176 prophetia,

1902 2205 1977 2258 ita
2009 2182 2242 2273 magnus
2272 2199 2487 2271 Moyses
2513 2201 2568 2254 in
2607 2200 2797 2254 multis
2830 2198 2966 2254 locis
2998 2214 3110 2253 suae
3175 2198 3480 2254 sanctionis

1906 2295 2151 2349 nominat
2183 2309 2381 2348 numen
2413 2292 2681 2346 divinum.
2715 2290 2772 2344 Si
2802 2305 2934 2360 ergo
2970 2290 3346 2345 misericordis
3377 2305 3480 2360 ap-

1903 2385 2124 2455 pellatio
2154 2385 2320 2437 Deum
2356 2383 2549 2446 decet,
2589 2381 2656 2435 ad
2689 2382 2819 2452 quid
2869 2381 3017 2435 aliud
3048 2391 3100 2435 te
3138 2397 3321 2436 sermo
3356 2383 3484 2435 bor-

1907 2483 2075 2536 tatur,
2111 2473 2221 2528 nisi
2265 2483 2323 2527 ut
2366 2468 2502 2528 deus
2541 2469 2659 2538 ﬁas,
2694 2481 2954 2541 tanquam
2989 2471 3255 2528 formatus
3313 2479 3366 2527 et
3399 2473 3484 2526 in-

1908 2565 2145 2634 signitus
2175 2565 2397 2634 propria
2434 2571 2561 2618 nota
2607 2563 3027 2618 deitatis?Nam
3061 2564 3106 2619 si
3141 2562 3282 2618 Deus
3313 2564 3484 2618 mise-

1908 2656 2084 2710 ricors
2113 2670 2143 2709 a
2176 2655 2358 2709 divina
2393 2654 2675 2725 Scriptura
2719 2655 3034 2709 nominatur
3060 2694 3075 2716 ,
3123 2655 3267 2724 quod
3300 2661 3484 2709 autem

1907 2761 2034 2801 vere
2063 2746 2282 2800 beatum
2327 2746 2686 2813 judicandum
2724 2745 2814 2810 sit,
2859 2744 2914 2798 id
2965 2746 3140 2799 deitas
3191 2753 3314 2800 est:
3366 2761 3488 2815 per-

1909 2836 2158 2903 spicuum
2192 2835 2355 2889 fuerit
2385 2835 2516 2905 quid
2575 2851 2643 2889 ex
2701 2835 3060 2904 consequenti
3119 2835 3479 2904 intelligatur,

1909 2926 2187 2989 videlicet,
2212 2927 2259 2981 si
2293 2927 2376 2980 vel
2411 2941 2478 2980 ex
2512 2926 2830 2981 hominibus
2858 2926 3058 2996 aliquis
3093 2927 3341 2989 exsistat,
3392 2925 3487 2994 qui

1912 3021 2229 3075 misericors
2261 3020 2354 3084 sit,
2398 3020 2737 3074 beatitudine
2763 3021 2949 3075 divina
2979 3020 3177 3089 dignus
3201 3021 3486 3082 habeatur,

238 3114 327 3166 καὶ
358 3113 620 3179 δίκαιος,
658 3112 756 3166 καὶ
800 3116 832 3166 ό
871 3112 1016 3178 Θεὸς
1052 3110 1220 3182 ἡμῶν
1244 3112 1417 3166 ἐλεεῖ.
1455 3112 1580 3176 Πῶς
1614 3109 1706 3166 οὖν
1754 3114 1812 3166 οὑ

1919 3113 2118 3183 quippe
2145 3127 2269 3166 cum
2305 3112 2357 3166 id
2393 3121 2681 3168 assecutus
2715 3113 2807 3177 sit,
2859 3127 2968 3181 quo
3006 3127 3207 3166 numen
3241 3111 3486 3165 divinum

243 3204 500 3273 μακάριον
546 3207 725 3258 ἐκεῖνο
755 3203 1018 3275 κληθῆναι
1051 3205 1141 3258 καὶ
1185 3204 1438 3272 γενέσθαι
1471 3204 1560 3257 τὸν
1604 3204 1814 3276 ἄνθρω-

241 3312 354 3357 πον,
390 3289 541 3367 ᾧπερ
583 3296 610 3348 6
638 3294 768 3357 Θεὸς
801 3296 864 3348 ὲκ
887 3293 978 3347 τοῦ
1001 3297 1170 3348 ποιεῖν
1199 3294 1522 3366 ὀνομάζεται
1546 3312 1561 3362 ;
1595 3294 1729 3348 ἀλλά
1756 3293 1816 3349 τὸ

246 3387 336 3454 μὲν
361 3387 556 3457 ζηλοῦν
579 3386 649 3440 τὰ
676 3387 895 3457 μείζονα
915 3387 1022 3439 τῶν
1052 3387 1424 3457 χαρισμάτων,
1455 3387 1815 3458 συμϐουλεύει

243 3476 323 3530 διὰ
357 3477 463 3531 τῶν
497 3477 644 3530 ίδίων
671 3477 842 3546 λόγων
877 3477 970 3530 καὶ
998 3478 1026 3529 6
1050 3476 1192 3539 θεῖος
1219 3477 1538 3540 ’Λπόστολος
1558 3490 1572 3504 ⁶
1598 3477 1730 3546 ἡμῖν
1760 3476 1817 3528 δὲ

248 3569 438 3632 σκοπός
470 3571 642 3633 ἐστιν,
672 3569 770 3639 οὐχ
804 3569 951 3632 ὅπως
995 3568 1452 3638 ἀναπεισθείημεν
1492 3567 1600 3620 τῶν
1635 3565 1817 3620 καλῶν

245 3659 522 3731 ὀρέγεσθαι
584 3661 760 3732 (τοῦτο
781 3660 889 3732 γὰρ
914 3660 1234 3731 αὐτομάτως
1255 3659 1495 3728 ἔγκειται
1517 3661 1586 3730 τῇ
1618 3657 1820 3729 ἀνθρω-

247 3754 370 3826 πίνῃ
401 3754 580 3824 φύσει,
615 3754 676 3808 τὸ
706 3756 841 3825 πρὸς
873 3753 932 3806 τὸ
955 3753 1118 3807 καλὸν
1154 3751 1467 3825 ὲπιρῤεπῶς
1486 3751 1649 3821 ἔχειν)
1669 3767 1682 3782 ο
1703 3748 1817 3803 ἀλλ’

248 3843 386 3908 ὅπως
415 3846 478 3899 ἂν
504 3847 583 3918 μὴ
621 3845 960 3915 ἁμάρτοιμεν
989 3843 1088 3912 τῆς
1128 3845 1220 3896 τοῦ
1250 3842 1414 3896 καλοῦ
1440 3843 1691 3912 κρίσεως.
1731 3842 1820 3894 Ἐν

250 3931 412 4003 τούτῳ
444 3937 552 4006 γὰρ
605 3935 838 4004 μάλιστα
866 3932 944 4003 τῷ
987 3933 1141 4003 μέρει
1173 3931 1571 4002 πλημμελεῖται
1597 3929 1752 4001 ἡμῶν
1787 3930 1820 4001 ὴ

251 4019 378 4093 ζωὴ,
401 4026 456 4078 ὲν
487 4025 567 4095 τῷ
599 4023 948 4094 μὴδύνασθαι
973 4021 1214 4092 ἀκριϐῶς
1249 4021 1486 4074 συνιέναι
1512 4019 1562 4072 τί
1577 4021 1638 4072 τὸ
1664 4018 1822 4089 φύσει

252 4113 426 4179 καλὸν,
445 4116 540 4169 καὶ
573 4115 625 4168 τί
656 4115 716 4167 τὸ
755 4114 822 4167 δι’
855 4115 1070 4184 ἀπάτης
1114 4111 1353 4166 τοιοῦτον
1403 4112 1821 4182 ὑπονοούμενον.

253 4203 311 4255 Εἰ
342 4206 446 4278 γὰρ
473 4205 655 4278 γυμνὴ
683 4205 964 4276 προέκειτο
987 4208 1020 4275 ἡ
1048 4205 1218 4258 κακία
1238 4205 1315 4274 τῷ
1340 4205 1460 4275 βίῳ,
1488 4205 1582 4258 καὶ
1618 4203 1690 4275 μή
1717 4219 1824 4257 τινι

253 4296 410 4351 καλοῦ
436 4298 1255 4370 φαντασίφπροσκεχρωσμένη,
1277 4298 1376 4350 οὑκ
1402 4297 1466 4350 ἂν
1488 4295 1826 4368 ηὐτομόλησε

1915 3203 2297 3258 denominatur
2327 3223 2339 3257 :
2372 3202 2677 3258 Misericors
2703 3203 2960 3258 Dominus
2978 3215 3030 3258 et
3045 3204 3246 3272 justus,
3269 3213 3317 3257 et
3350 3202 3490 3257 Deus

1915 3305 2090 3350 noster
2113 3297 2390 3349 miseretur
2413 3296 2483 3351 ³ο.
2514 3296 2617 3362 Qui
2647 3310 2775 3367 ergo
2802 3311 2909 3350 non
2939 3296 3155 3349 beatum
3181 3302 3264 3351 est
3287 3295 3418 3348 illud
3438 3302 3493 3348 ct

1917 3386 2034 3440 ﬁeri
2063 3393 2116 3440 et
2149 3387 2334 3440 vocari
2366 3386 2640 3440 hominem
2663 3429 2678 3452 ,
2725 3401 2836 3456 quo
2875 3385 3019 3441 Deus
3045 3427 3060 3450 ,
3117 3401 3183 3441 ex
3222 3401 3286 3440 eo
3349 3385 3494 3455 quod

1917 3473 2069 3537 facit,
2107 3475 2539 3528 denominatur?
2574 3474 2775 3529 Verum
2807 3474 3062 3530 affectare
3087 3476 3306 3544 quidem
3352 3476 3494 3528 dona

1918 3567 2125 3636 majora
2168 3566 2224 3620 in
2265 3566 2380 3620 suis
2412 3566 2634 3634 scriptis
2673 3565 2870 3621 suadet
2901 3566 3066 3620 etiam
3095 3566 3314 3620 divinus
3345 3569 3494 3636 Apo-

1919 3658 2094 3713 stolus
2114 3653 2184 3724 ⁸¹,
2209 3654 2370 3712 nobis
2389 3662 2572 3712 autem
2631 3656 2686 3712 id
2713 3655 2980 3727 agendum
3005 3663 3121 3718 est,
3169 3673 3277 3710 non
3313 3664 3374 3711 ut
3439 3657 3495 3712 in

1918 3747 2162 3800 animum
2199 3746 2525 3802 inducamus
2560 3755 2815 3818 appetere
2862 3763 2952 3803 res
2991 3749 3158 3803 bonas
3212 3757 3268 3801 et
3325 3748 3496 3802 hone-

1921 3847 2038 3893 stas
2073 3839 2222 3906 (hoc
2253 3839 2400 3893 enim
2435 3849 2626 3908 sponte
2671 3840 2897 3894 insitum
2951 3847 3036 3895 est
3091 3841 3343 3893 humanae
3399 3853 3498 3892 na-

1924 3936 2080 3992 turae,
2116 3936 2176 3982 ut
2211 3927 2278 3983 ad
2310 3929 2649 3985 honestatem
2679 3945 2952 4002 pr0pensa
2984 3932 3114 4002 sit).
3151 3930 3246 3984 sed
3300 3945 3368 3984 ne
3411 3945 3499 3984 er-

1923 4035 2109 4076 remus
2148 4030 2201 4076 et
2235 4019 2493 4077 fallamur
2515 4023 2888 4092 injudicando
2915 4030 3078 4092 atque
3113 4020 3496 4088 discernendo,

1922 4116 2055 4186 quid
2080 4116 2283 4171 bonum
2315 4125 2368 4172 et
2391 4117 2686 4173 honestum
2717 4119 2812 4173 sit.
2843 4117 2899 4170 In
2931 4117 3034 4171 hac
3069 4117 3215 4170 enim
3259 4115 3500 4170 maxime

1925 4217 2081 4279 parte
2107 4209 2219 4264 vita
2243 4218 2434 4264 nostra
2476 4217 2686 4280 peccat,
2747 4226 2940 4281 nempe
2974 4211 3028 4264 in
3059 4224 3126 4264 eo
3155 4208 3302 4280 quod
3341 4208 3502 4280 plene

1929 4301 2234 4372 intelligere
2264 4316 2374 4356 non
2407 4311 2607 4370 potest,
2644 4303 2775 4371 quid
2809 4310 3010 4356 natura
3055 4303 3259 4357 bonum
3316 4311 3368 4357 et
3398 4302 3502 4356 hoc

257 4389 384 4457 πρὸς
434 4391 604 4462 αὐτὴν
639 4391 701 4442 τὸ
747 4388 1104 4460 ἀνθρώπινον.
1134 4388 1341 4442 Οὑκοῦν
1389 4388 1654 4450 συνέσεως
1695 4389 1814 4458 ήμῖι

1929 4400 2146 4446 nestum
2181 4393 2274 4456 sit,
2307 4394 2437 4462 quid
2476 4392 2614 4447 falso
2645 4395 2750 4448 tale
2781 4401 3039 4463 putetur:
3106 4408 3231 4447 nam
3265 4392 3309 4447 si
3347 4392 3494 4446 nulla

256 4477 426 4545 χρεία,
461 4461 598 4552 πρός
627 4479 724 4550 τὴν
744 4479 838 4532 τοῦ
873 4479 1230 4548 προκειμένου
1275 4478 1439 4550 ῥητοῦ
1472 4479 1814 4547 κατανόησιν,

1922 4482 2048 4539 vitm
2078 4461 2354 4552 proposita
2379 4485 2582 4536 malitia
2613 4461 2984 4554 nequitiaque,
3014 4493 3068 4537 et
3124 4499 3235 4537 non
3274 4482 3494 4536 honesti

259 4568 328 4631 ὡς
363 4569 426 4624 ἂν
463 4571 800 4641 διδαχθέντες
841 4571 901 4622 τὸ
945 4569 1193 4639 ἀληθινὸν
1235 4569 1329 4622 τοῦ
1370 4568 1686 4639 ἐγκειμένου
1714 4570 1830 4640 νοή-

265 4673 421 4723 ματος
445 4661 656 4724 κάλλος,
688 4659 808 4714 κατ’
839 4659 970 4712 αὑτὸ
1015 4657 1452 4728 μορφωθείημεν.
1491 4658 1700 4729 Ὥσπερ
1722 4659 1830 4730 γὰρ

264 4747 294 4816 ἡ
328 4752 452 4821 περὶ
481 4753 542 4805 τὸ
557 4754 712 4807 Θεῖον
764 4749 1051 4819 ὑπόληψις,
1089 4748 1328 4816 ἔγκειται
1363 4749 1459 4819 μὲν
1511 4750 1643 4803 πᾶσι
1674 4767 1832 4818 φυσι-

263 4838 367 4902 κῶς
401 4844 512 4905 τοῖς
561 4838 868 4911 ἀνθρώποις
907 4855 922 4869 ·
965 4841 1022 4892 ὲν
1049 4839 1107 4892 δὲ
1152 4841 1218 4910 τῇ
1264 4839 1456 4911 ἀγνοίᾳ
1484 4840 1576 4893 τοῦ
1617 4840 1834 4912 ἀληθῶς

263 4928 406 4996 ὄντος
441 4933 675 5005 Θεοῦ,ή
725 4932 853 5002 περὶ
897 4930 957 4984 τὸ
1006 4930 1438 5001 σπουδαζόμενον
1488 4931 1695 4999 γίνεται
1747 4934 1829 4986 δι·-

265 5025 496 5094 αμαρτία
548 5019 650 5095 (οἷς
671 5023 767 5093 μὲν
783 5022 938 5093 γὰρὴ
955 5021 1158 5093 ἀληθὴς
1179 5021 1368 5090 θεότης
1384 5023 1499 5075 ἐστὶ
1515 5023 1828 5096 σεϐάσμιος,

265 5111 296 5180 ὴ
322 5113 376 5165 ὲν
394 5115 587 5186 Πατρὶ,
606 5114 700 5166 καὶ
731 5112 972 5183 Υἱῷ,κοιὶ⁵
1001 5112 1140 5182 ἁγίῳ
1161 5111 1439 5183 Πνεύματι
1459 5113 1827 5185 θεωρουμένη·

267 5200 313 5251 οἱ
369 5202 423 5255 δὲ
467 5206 602 5276 πρὸς
636 5203 866 5265 ἀτόπους
913 5201 1166 5281 ὑπονοίας
1215 5201 1625 5274 ἐπλανήθησαν,
1656 5207 1714 5258 ὲν
1762 5208 1831 5277 τῇ

270 5295 434 5350 κτίσει
453 5297 690 5352 τοιοῦτον
721 5293 1071 5357 ὑπονοοῦντες
1089 5293 1212 5347 ’καὶ
1241 5293 1328 5347 διὰ
1359 5294 1564 5366 τοῦτοή
1592 5297 1650 5349 ἐν
1670 5295 1834 5367 ὀλίγῳ

269 5385 362 5456 τῆς
391 5391 644 5462 ἀληθείας
669 5389 1012 5462 παρατροπὴ,
1029 5390 1093 5459 τῇ
1115 5387 1335 5460 ἀσεϐείᾳ
1362 5388 1458 5458 τὴν
1489 5389 1720 5460 πάροδον
1751 5389 1836 5442 δέ-

271 5475 464 5549 δωκεν)
491 5501 504 5514 ·
527 5484 669 5537 οὕτω
711 5483 805 5536 καὶ
841 5481 934 5533 ἐπὶ
973 5479 1064 5533 τοῦ
1102 5481 1459 5551 προκειμένου
1483 5482 1769 5552 νοήματος,
1788 5482 1837 5536 εί

278 5569 349 5641 μὴ
390 5574 784 5646 καταλάϐοιμεν
828 5572 925 5644 τὴν
957 5572 1135 5643 ἀληθῆ
1167 5571 1425 5638 διάνοιαν,
1463 5572 1564 5626 οὑκ
1589 5574 1646 5627 ἐν
1675 5571 1840 5647 ὀλίγῳ
1919 5575 1927 5584 ’

379 5749 422 5782 ³⁸
452 5752 596 5810 Psal.
625 5767 772 5817 cxiv,
811 5754 865 5809 5.
940 5753 982 5785 ³¹
1018 5753 1192 5809 lCor.
1226 5767 1322 5822 xu,
1355 5752 1379 5806 Ι
1419 5767 1544 5824 sqq.

1926 4573 2159 4642 quadam
2201 4575 2438 4642 imagine
2468 4574 2704 4629 obducta
2740 4583 2906 4643 atque
2959 4575 3277 4628 decolorata
3331 4583 3500 4640 esset,

1925 4679 2098 4734 genus
2131 4665 2430 4718 humanum
2469 4663 2534 4718 ad
2579 4680 2698 4718 eam
2732 4680 2842 4719 non
2912 4664 3321 4735 transfugisset.
3357 4665 3506 4731 Quo-

1927 4753 2074 4808 circa
2107 4753 2462 4825 intelligentia
2498 4759 2659 4822 atque
2714 4753 3004 4822 prudentia
3034 4755 3193 4810 nobis
3245 4762 3330 4811 est
3366 4771 3506 4824 opus

1930 4844 1996 4898 ad
2032 4845 2300 4914 propositi
2335 4844 2467 4898 dicti
2512 4845 2901 4915 cognitionem,
2939 4852 2999 4899 ut
3029 4844 3228 4909 edocti,
3267 4862 3389 4916 quae
3431 4848 3507 4901 sit

1934 4951 2064 4991 vera
2092 4936 2242 4992 insiti
2290 4936 2600 4992 intellectus
2631 4937 3003 5006 pulchritudo,
3033 4939 3099 4991 ad
3131 4953 3251 4993 eam
3302 4938 3508 4992 forme-

1936 5042 2082 5083 mur.
2102 5026 2570 5092 Quemadmodum
2602 5028 2747 5082 enim
2773 5029 2956 5098 opinio
2984 5030 3051 5082 de
3068 5027 3300 5082 Numine
3322 5027 3510 5082 divino

1938 5118 2263 5172 naturaliter
2291 5117 2513 5188 quidem
2547 5118 2712 5174 insita
2743 5127 2828 5174 est
2880 5119 3134 5174 omnibus
3163 5119 3509 5186 hominibus,

1940 5211 2034 5266 sed
2073 5210 2380 5281 ignorantia
2410 5213 2527 5266 veri
2555 5211 2648 5268 Dei
2679 5221 2935 5282 peccatur
2963 5215 3108 5267 circa
3135 5213 3188 5268 id
3221 5213 3366 5284 quod
3385 5214 3515 5269 coli-

1941 5309 2033 5356 tur
2078 5304 2096 5372 (
2121 5317 2247 5356 nam
2275 5303 2369 5356 alii
2397 5304 2618 5373 quidem
2650 5312 2982 5360 venerantur
3010 5319 3194 5359 veram
3230 5306 3514 5370 deitatem,

1941 5406 2062 5462 quae
2089 5402 2142 5446 et
2167 5392 2223 5446 in
2257 5390 2439 5454 Patre,
2469 5401 2524 5448 et
2548 5393 2708 5457 Filio,
2740 5403 2794 5449 et
2825 5393 3032 5464 Spiritu
3082 5406 3274 5450 sancto
3325 5395 3516 5448 consi-

1943 5483 2208 5550 deratur;
2247 5483 2341 5538 alii
2393 5499 2524 5540 vero
2555 5485 2623 5539 ad
2653 5486 2920 5541 absurdas
2961 5486 3246 5556 opiniones
3283 5484 3514 5554 delapsi.

1945 5576 2002 5632 in
2028 5583 2283 5633 creatura
2314 5576 2420 5633 tale
2451 5577 2581 5649 quid
2619 5592 2742 5634 esse
2773 5577 3124 5650 suspicantur
3156 5595 3170 5633 :
3233 5586 3396 5648 atque
3435 5576 3519 5632 id-
