3838 6386
438 369 576 425 ιεδι

1664 362 1724 417 S.
1765 361 2093 419 GBEGORII
2129 363 2426 419 NYSSENI

3603 361 3739 417 1(ὶέιῖ

437 483 590 540 circo
621 496 745 538 cum
778 480 833 536 in
863 493 924 535 re
958 479 1155 550 exigua
1186 492 1217 533 a
1240 477 1469 535 veritate
1509 476 1824 534 aberramm
1853 485 2020 542 esset,

2124 481 2334 550 γένοιτο
2364 480 2431 535 ἂν
2459 481 2589 552 ἡμῖν
2623 482 2656 552 ὴ
2683 480 2856 553 ζημία
2890 480 2992 554 τῆς
3027 480 3294 553 ἀληθείας
3350 482 3738 551 napaka

436 576 707 646 impietati
740 575 921 630 aditus
952 573 1260 644 patefactus
1279 572 1422 644 est):
1446 572 1637 628 eodem
1655 572 1818 628 modo
1845 588 1905 628 se
1933 587 2021 629 res

2128 591 2234 629 σιν.
2340 625 2347 632 .

443 670 608 724 habet
646 668 703 722 in
743 667 1024 737 proposito
1061 666 1364 731 intellectu,
1412 666 1523 721 nisi
1566 679 1756 721 veram
1804 665 2133 720 sententiam
2194 666 2601 736 perceperimus
2656 677 2710 723 et
2756 670 2995 725 assecuti
3066 669 3368 736 fuerimus,
3412 682 3536 723 non
3582 667 3641 722 in
3680 680 3735 720 re

445 763 636 831 exigua
668 759 825 815 nobis
853 774 884 813 a
931 760 1164 814 veritate
1207 760 1592 815 aberrantibus
1620 759 1880 813 damnum
1918 760 2195 837 acciderit.

516 851 662 918 Quid
693 851 861 920 igitur
898 849 1280 906 misericordia
1309 865 1414 916 est,
1445 857 1501 905 et
1530 850 1680 905 circa
1717 863 1883 919 quam
1912 862 2027 904 rem

445 944 787 1000 exercetur?
815 950 869 999 et
900 942 1178 1013 quomodo
1205 942 1399 997 beatus
1433 948 1517 996 est
1549 941 1616 1009 is,
1669 940 1765 1010 qui
1791 940 2027 995 invicem

442 1035 644 1104 accipit
671 1035 816 1105 quod
843 1036 978 1090 dat?
1014 1035 1165 1089 Beati
1199 1036 1364 1098 enim,
1402 1033 1599 1104 inquit,
1639 1031 2027 1097 misericordes,

440 1127 695 1196 quoniam
734 1128 839 1194 ipsi
870 1126 1294 1182 misericordiam
1324 1136 1724 1202 consequentar.
1749 1124 1869 1181 Jam
1899 1141 2030 1181 vero

334 1247 347 1262 ι
441 1233 565 1288 qua:
595 1218 819 1288 quidem
849 1219 1026 1289 prima
1055 1218 1200 1275 facie
1236 1219 1500 1287 occurrit,
1547 1228 1716 1290 atque
1746 1221 1802 1275 in
1842 1235 2031 1290 prom-

440 1319 537 1380 ptu
567 1319 653 1367 est
688 1311 821 1366 dicti
867 1314 1158 1381 sententia,
1196 1313 1265 1385 ad
1297 1320 1544 1368 mutuam
1597 1314 1923 1368 charitatem
1973 1322 2030 1368 et

439 1403 880 1471 compassionem
912 1402 1430 1474 condolentiamque
1463 1403 1740 1459 hominem
1801 1404 2024 1469 invitat,

439 1503 662 1564 propter
698 1494 1124 1566 inaequalitatem
1155 1502 1209 1550 et
1247 1495 1567 1551 varietatem
1616 1496 1743 1550 vitae
1775 1495 2027 1565 negotio-

440 1602 564 1640 rum
595 1602 707 1641 non
736 1587 996 1643 omnibus
1027 1588 1215 1644 eadem
1256 1587 1494 1652 fortuna,
1525 1588 1673 1659 quod
1700 1588 1786 1643 vel
1824 1588 1893 1643 ad
1937 1588 2026 1649 di-

440 1677 731 1747 gnitatem,
754 1679 838 1733 vel
863 1678 931 1733 ad
963 1680 1414 1735 constitutionem
1442 1688 1495 1735 et
1519 1681 1724 1735 cultum
1754 1681 2025 1750 corporis,

441 1769 524 1823 vel
548 1769 617 1822 ad
648 1770 888 1840 reliquas
923 1770 1212 1827 facultates
1243 1771 1460 1835 attinet,
1494 1771 1552 1826 in
1582 1772 1693 1826 vita
1726 1772 2025 1827 utentibus.

2197 852 2263 907 Τί
2292 852 2469 908 τοίνυν
2491 856 2640 908 ἐστὶν
2670 855 2697 907 6
2718 853 2881 917 ἕλεος.
2916 854 3012 908 καὶ
3041 854 3170 926 περὶ
3198 853 3254 909 τί
3280 849 3732 925 ὲνεργούμενοςς

2126 941 2237 995 Καὶ
2274 943 2391 1006 πῶς
2423 944 2690 1016 μακάριος
2727 947 2756 998 6
2789 943 3221 1014 ἀντιλαμϐάνων,
3243 944 3274 998 ὃ
3302 945 3539 999 δίδωσιν
3571 947 3733 1008 ςῌα-

2127 1032 2321 1102 πάριθι
2351 1035 2479 1107 γάρ,
2513 1037 2699 1107 φησιν,
2731 1039 2785 1091 οἱ
2810 1038 3167 1107 ἐλεήμονες,
3203 1035 3293 1091 ὅτι
3321 1037 3511 1091 αὐτοὶ
3558 1037 3733 1101 ἐλεη-

2127 1126 2439 1192 θήσονται.
2477 1129 2542 1181 Ἡ
2588 1130 2685 1199 μὲν
2724 1124 2818 1183 οὖν
2852 1129 3141 1202 πρόχειρος
3164 1128 3259 1182 τοῦ
3289 1129 3469 1201 ῥητοῦ
3492 1129 3728 1193 διάνοια,

2127 1219 2265 1291 πρὸς
2296 1218 2356 1273 τὸ
2395 1220 2718 1292 φιλάλληλον
2755 1237 2817 1274 τε
2864 1222 2959 1275 καὶ
3006 1222 3287 1292 συμπαθὲς
3318 1222 3728 1292 προσκαλεῖται

2124 1311 2216 1364 τὸν
2241 1310 2549 1382 ἄνθρωπον,
2578 1310 2668 1365 διὰ
2710 1311 2772 1366 τὸ
2800 1312 2984 1368 ἀνισόν
3026 1329 3085 1366 τε
3131 1315 3225 1367 διαὶ
3269 1313 3582 1383 ἀνώμαλον
3621 1313 3729 1367 τῶν

2123 1401 2218 1455 τοῦ
2251 1401 2366 1472 βίου
2396 1403 2737 1475 πραγμάτων
2779 1404 2841 1457 ού
2876 1404 3091 1458 πάντων
3114 1405 3173 1456 ἐν
3214 1409 3326 1469 τοῖς
3355 1406 3582 1475 ὁμοίοις
3616 1406 3727 1476 βιο-

2122 1491 2410 1556 τευόντων,
2436 1491 2560 1546 οὔτε
2599 1492 2742 1547 κατὰ
2786 1493 2886 1565 τὴν
2937 1493 3112 1561 ἀξίαν,
3152 1493 3275 1547 οὔτε
3308 1496 3457 1549 κατὰ
3490 1498 3600 1567 τὴν
3637 1497 3725 1550 τοῦ

2127 1584 2380 1660 σιῖξματος
2409 1587 2772 1660 κατασκευὴν,
2799 1584 2922 1641 οὔτε
2950 1586 3091 1640 κατά
3135 1588 3233 1657 τὴν
3263 1587 3462 1658 λοιπὴν
3498 1606 3725 1657 περιουο

2129 1646 2268 1733 at“...
2289 1646 2631 1752 Μεμέρισται
2655 1646 2769 1752 γέρ
2800 1680 2876 1745 ὡς
2899 1679 2967 1735 τὰ
2995 1646 3290 1740 solum
3314 1646 3429 1733 τῶᾴ
3456 1646 3725 1735 ἐναντίων

2125 1771 2154 1824 6
2187 1767 2321 1840 βίος,
2341 1769 2557 1841 δουλείᾳ
2586 1769 2680 1823 καὶ
2709 1769 3011 1841 κυριότητι,
3035 1770 3248 1842 πλούτῳ
3267 1771 3361 1824 καὶ
3386 1771 3721 1879 πενίαβῗξῃ

442 1857 728 1916 Scinditur
760 1864 905 1917 enim
938 1863 1045 1917 vita
1078 1864 1403 1935 plerumque
1434 1865 1488 1920 in
1523 1863 1822 1930 contraria,
1849 1863 2021 1920 servi-

2126 1860 2220 1914 καὶ
2242 1860 2456 1932 ἀτιμίᾳ,
2481 1859 2775 1932 σαθρότητι
2810 1860 3059 1932 σώματος
3091 1861 3186 1916 καὶ
3210 1861 3417 1932 εὐεξίᾳ,
3447 1864 3555 1917 καὶ
3591 1857 3720 1917 πᾶσι

438 1961 557 2008 tute
589 1962 645 2009 et
673 1954 1085 2021 dominatione,
1136 1956 1345 2013 divitiis
1383 1968 1439 2013 et
1465 1963 1809 2028 paupertate,
1854 1956 2026 2026 gloria

433 2053 493 2099 ct
522 2046 841 2116 ignominia,
884 2047 1198 2104 infirmitate
1226 2048 1470 2119 vitioque
1503 2047 1754 2118 corporis
1787 2054 1842 2103 et
1884 2047 2028 2102 bona

436 2137 770 2204 valetudine,
805 2146 861 2193 et
901 2140 1158 2197 omnibus
1188 2141 1392 2196 talibus
1426 2140 1621 2195 divisa.
1662 2137 1735 2195 Ut
1768 2139 1936 2210 igitur
1961 2153 2028 2195 ea

434 2242 584 2299 pars,
608 2233 696 2283 cui
720 2230 894 2297 deest,
917 2231 985 2285 ad
1008 2230 1256 2291 eamdem
1280 2231 1722 2287 commoditatem
1747 2230 2028 2301 perveniat

431 2326 559 2374 eum
575 2334 660 2382 ea.
678 2319 763 2375 cui
781 2321 910 2390 quid
929 2329 1202 2390 superest,
1222 2329 1277 2376 et
1289 2322 1608 2392 suppleatur
1626 2320 1679 2375 id
1693 2320 1839 2391 quod
1851 2319 2025 2388 deest,

435 2411 509 2464 ob
536 2425 602 2465 eo
644 2411 792 2481 qnod
822 2412 1114 2477 redundat,
1152 2413 1586 2469 misericordiam
1636 2413 1902 2469 adversus
1945 2420 2028 2468 te-

434 2500 659 2556 nuiores
684 2509 738 2557 et
768 2500 1055 2558 inferiores
1073 2501 1386 2558 hominibus
1407 2501 1745 2573 praescribit;
1773 2516 1897 2555 nam
1919 2500 2026 2557 nisi

434 2591 816 2647 misericordia
848 2593 1093 2647 animum
1126 2593 1194 2648 ad
1216 2592 1483 2663 ejusmodi
1511 2600 1716 2647 motum
1748 2590 2027 2646 emollive-

431 2683 524 2749 rit,
548 2699 658 2739 non
682 2684 884 2756 poterit
918 2683 1120 2754 alioqui
1162 2684 1288 2754 quis
1320 2684 1375 2738 in
1410 2683 1652 2737 animum
1686 2680 1944 2736 inducere
1972 2688 2026 2736 et

430 2776 679 2857 impelli,’
703 2785 764 2833 ut
799 2778 855 2833 in
909 2778 1219 2834 calamitate
1267 2776 1575 2848 proximum
1627 2774 1918 2830 sublevet:
1951 2786 2019 2829 ex

432 2871 716 2925 contrario
746 2872 918 2938 enim,
955 2870 1212 2926 videlicet
1246 2868 1670 2934 inhumanitate,
1704 2867 2023 2923 misericor-

428 2961 525 3016 dia
574 2963 916 3033 intelligitur.
959 2962 1027 3017 Ut
1066 2963 1232 3034 igitur
1261 2960 1432 3029 ferus,
1464 2975 1645 3017 saevus
1701 2966 1757 3016 et
1790 2959 2020 3016 immitis

430 3055 1008 3126 appropinquantibus
1040 3055 1364 3110 inaccessos
1390 3061 1497 3117 est,
1525 3052 1600 3107 ita
1630 3052 1725 3122 qui
1759 3059 1812 3105 et
1853 3050 2020 3106 miseo

431 3146 614 3202 ricors
635 3154 742 3209 est,
776 3156 830 3202 et
861 3145 1226 3202 incommodis
1262 3145 1496 3216 proximi
1531 3143 1894 3205 condolescit.
1943 3142 2019 3196 af-

2124 1956 2238 2018 τοῖς
2262 1953 2525 2018 τοιούτοις
2560 1953 2987 2025 διασχιζόμενος.
3030 1955 3119 2019 Ὦς
3150 1954 3215 2009 ἂν
3251 1951 3344 2010 οὖν
3368 1958 3450 2020 είς
3481 1957 3607 2010 ἴσον
3637 1957 3719 2009 ἕλ-

2125 2046 2207 2102 θοι
2239 2047 2316 2119 τῷ
2340 2046 2749 2102 πλεονεκτοῦντι
2777 2048 2838 2101 τὸ
2886 2048 3294 2121 ὑστερούμενον,
3320 2050 3419 2103 καὶ
3462 2051 3716 2122 ἀναπλη-

2128 2138 2326 2213 ρωθείη
2358 2139 2418 2195 τὸ
2439 2140 2759 2212 λειπόμενον
2775 2140 2853 2211 τῷ
2877 2141 3268 2212 περισσεύοντι,
3290 2140 3588 2212 νομοθετεῖ
3614 2146 3717 2207 τοῖς

2125 2230 2432 2303 ἀνθρώποις
2465 2232 2556 2285 ἐπὶ
2592 2230 2701 2285 τῶν
2725 2231 3157 2302 καταδεεστέρων
3194 2230 3254 2285 τὸ
3282 2229 3455 2286 ἔλεον.
3494 2232 3579 2286 Ού
3614 2232 3715 2302 γάρ

2124 2324 2273 2377 ἐστιν
2300 2322 2476 2387 ἄλλως
2500 2324 2637 2395 πρὸς
2657 2322 2953 2394 θεραπείαν
2977 2325 3075 2394 τῆς
3104 2326 3389 2396 συμφορᾶς
3418 2324 3519 2377 τοῦ
3553 2325 3713 2388 πέλας

2125 2413 2387 2485 ὁρμῆσαι,
2424 2412 2499 2484 μὴ
2523 2413 2671 2467 ἐλέου
2697 2413 2798 2485 τὴν
2833 2411 3010 2484 ψυχὴν
3039 2412 3174 2480 πρὸς
3207 2414 3304 2483 τὴν
3335 2412 3606 2482 τοιαύτην
3629 2413 3714 2484 ὀρ-

2128 2504 2235 2575 μὴν
2278 2503 2686 2575 ἐκμαλάξαντος
2710 2521 2724 2534 ⁸
2755 2506 2819 2558 ἐκ
2850 2505 2960 2575 γάρ
2991 2501 3083 2556 τοῦ
3113 2502 3352 2555 ἐναντίου
3383 2505 3450 2574 τῇ
3475 2505 3713 2574 ἀπηνέα

2124 2599 2326 2652 νοεῖται
2343 2599 2371 2650 6
2391 2596 2559 2662 ἕλεος.
2588 2597 2677 2660 Ὠς
2696 2591 2787 2650 οὖν
2801 2598 2829 2651 6
2849 2598 3061 2667 ἀπηνής
3073 2613 3132 2649 τε
3152 2596 3244 2649 καὶ
3262 2595 3476 2665 ἄγρα,
3502 2597 3711 2667 ἀπροσο

2124 2686 2390 2751 πέλαστός
2435 2689 2550 2741 ἐστι
2595 2689 2708 2751 τοῖς
2748 2685 3055 2755 ἐγγίζουσιν
3087 2701 3102 2716 °
3135 2684 3304 2749 οὕτως
3340 2685 3369 2737 6
3418 2686 3713 2757 συμπαθής

2127 2797 2189 2833 τε
2214 2779 2308 2833 καὶ
2343 2780 2611 2853 ἐλεήμων,
2643 2778 3040 2849 κατακιρνᾶταί
3070 2794 3186 2843 πως
3219 2780 3283 2848 τῇ
3312 2778 3561 2832 διαθέσει
3582 2778 3710 2850 πρὸς

2126 2870 2188 2925 τὸ
2219 2870 2492 2941 δεόμενον,
2520 2870 2712 2940 ἐκείνῳ
2738 2868 2815 2941 τῷ
2845 2868 3165 2940 λυπουμένῳ
3196 2868 3510 2939 γενόμενος,
3542 2868 3574 2921 ὃ
3600 2871 3710 2921 ἐπι-

2128 2959 2280 3029 ζητεῖ
2310 2962 2342 3030 ἠ
2374 2961 2649 3030 ἀνιωμένη
2677 2958 2905 3014 διάνοια.
2942 2960 3053 3012 Καὶ
3093 2958 3235 3013 ἔστιν
3263 2959 3290 3011 6
3324 2958 3495 3023 ἕλεος,
3543 2958 3623 3022 ὡς
3648 2959 3710 3012 ἀν

2125 3069 2211 3116 τις
2242 3054 2354 3124 ὅρῳ
2377 3051 2690 3124 περιλαόὼν
2720 3052 3127 3123 ἐρμηνεύσειεν,
3162 3050 3406 3115 ἑκούσιος
3439 3050 3589 3123 λύπη
3624 3053 3707 3105 ἐπ’

2124 3141 2425 3214 ἀλλοτρίοις
2458 3143 2649 3205 κακοῖς
2687 3141 3068 3213 συνισταμένη.

431 3236 668 3295 fectione
692 3240 853 3309 quasi
881 3245 1329 3306 contemperatur
1358 3252 1485 3292 cum
1526 3251 1614 3299 eo,
1644 3235 1740 3306 qui
1766 3236 1854 3291 vel
1906 3235 2090 3306 aliqua
2155 3250 2215 3290 re
2284 3249 2420 3307 opus
2491 3235 2679 3300 habet,
2748 3233 2814 3289 ad
2840 3233 2894 3289 id
2937 3249 3061 3290 sese
3088 3233 3298 3289 dolenti
3350 3240 3517 3305 atque
3556 3233 3706 3289 solli-

432 3330 545 3387 cito
586 3330 1036 3394 accommodans,
1072 3329 1221 3399 quod
1251 3343 1406 3384 mens
1446 3328 1609 3383 anxia
1657 3328 2038 3398 molestiisque
2076 3327 2451 3384 circumventa
2488 3326 2738 3397 requirit.
2765 3327 2842 3382 Ac
2870 3326 3265 3395 misericordia,
3296 3333 3356 3381 ut
3425 3342 3543 3383 eam
3610 3327 3704 3380 ali-

434 3419 563 3489 quis
594 3419 913 3475 definitione
942 3420 1395 3490 comprehensam
1428 3418 1779 3492 interpretari
1824 3427 1877 3476 et
1922 3420 2195 3491 explicare
2263 3419 2458 3491 possit,
2495 3410 2805 3474 voluntaria
2869 3420 3092 3476 tristitia
3136 3427 3240 3486 est,
3298 3434 3423 3490 quae
3491 3417 3699 3474 conﬂa-

433 3521 525 3570 tur
550 3513 622 3569 ob
648 3513 1001 3569 incommoda
1030 3513 1231 3567 aliena.

506 3604 667 3673 Quod
702 3605 749 3661 si
795 3620 910 3660 non
943 3594 1130 3676 plene,
1152 3602 1289 3675 quid
1352 3618 1453 3675 per
1480 3618 1600 3660 eam
1663 3603 2021 3676 intelligatur,

2197 3599 2261 3653 Et
2286 3598 2344 3653 δὲ
2371 3598 2473 3652 ούκ
2500 3597 2746 3670 ἀκριϐῶς
2778 3595 2876 3676 τὴν
2889 3597 3133 3653 διάνοιαν
3165 3599 3328 3657 αὐτοῦ
3360 3602 3697 3673 παρεστήσα-

432 3699 860 3770 expressimus:
898 3697 1134 3752 forsitan
1166 3697 1273 3750 alia
1301 3696 1518 3752 ratione
1560 3697 1736 3769 magis
1780 3695 2021 3752 dilucide

432 3809 497 3849 ac
546 3794 771 3865 planius
794 3792 1055 3863 explicari
1091 3789 1298 3862 possit.
1357 3789 1734 3847 Misericordia
1777 3800 1862 3847 est
1890 3801 2021 3860 erga

431 3902 549 3952 eos,
597 3888 691 3957 qui
723 3886 794 3942 ob
846 3900 938 3942 res
978 3884 1194 3954 aliquas
1252 3885 1442 3940 tristes
1487 3897 1552 3938 ac
1598 3884 1860 3939 molestas
1898 3897 2021 3938 sese

431 3979 804 4044 discruciant,
863 3992 992 4033 cum
1050 3976 1348 4034 dilectione
1401 3975 1703 4047 conjuncta
1775 3973 2017 4030 affectio.

431 4069 908 4138 Quemadmodum
951 4069 1100 4124 enim
1154 4069 1532 4125 inhumanitas
1584 4074 1640 4124 et
1697 4066 1886 4122 feritas
1949 4063 2020 4120 ab

434 4163 564 4217 odio
597 4176 823 4217 causam
853 4167 908 4215 et
940 4160 1211 4230 originem
1248 4160 1481 4214 habent:
1513 4158 1596 4215 sic
1627 4173 1693 4213 ex
1721 4157 2018 4213 dilectione

434 4251 842 4324 quodammodo
873 4250 1255 4305 misericordia
1290 4251 1571 4306 enascitur
1600 4266 1614 4305 :
1651 4263 1754 4305 nec
1800 4248 2021 4304 aliunde

433 4342 752 4408 exsisteret,
787 4340 894 4396 nisi
921 4357 987 4397 ex
1012 4341 1136 4395 hac.
1172 4342 1250 4397 Ac
1281 4343 1329 4397 si
1357 4341 1482 4411 quis
1520 4341 1681 4413 plene
1710 4341 2023 4398 misericor-

432 4435 537 4491 dia:
563 4433 952 4504 pr0prietatem
971 4433 1353 4503 exquisiverit,
1381 4434 1742 4490 intentionem
1768 4442 1823 4490 et
1858 4435 2019 4490 vehe-

432 4524 696 4579 mentiam
730 4523 976 4579 inveniet
1007 4523 1271 4593 diligendi
1306 4524 1612 4581 affectionis
1647 4541 1774 4579 cum
1818 4524 2027 4580 affectu

432 4613 675 4669 tristitia:
702 4617 1073 4671 commistam.
1106 4613 1242 4669 Nam
1276 4617 1754 4687 participationem
1796 4617 2019 4688 quidem

430 4704 700 4760 bonorum
720 4712 914 4762 Omnes
950 4707 1209 4762 similiter
1252 4717 1536 4779 appetunt,
1553 4717 1608 4765 et
1624 4708 1812 4772 amici,
1842 4709 2022 4764 etini-

434 4796 559 4850 mici
577 4813 593 4862 ;
611 4802 667 4850 at
691 4797 1268 4864 utincommodorum,
1294 4806 1348 4855 et
1377 4815 1559 4856 rerum
1589 4801 1830 4856 tristium
1854 4807 2020 4871 atque

435 4885 756 4941 acerbarum
791 4887 1085 4957 participes
1113 4904 1240 4945 esse
1290 4890 1480 4954 velint,
1513 4906 1704 4946 eorum
1748 4892 2018 4946 duntaxat

434 4978 721 5048 proprium
753 4987 860 5042 est,
909 4979 1006 5049 qui
1063 4979 1361 5037 dilectione
1408 4988 1709 5047 tenentur;
1761 4982 1913 5053 atqui
1947 4996 2015 5037 ex

432 5071 693 5127 omnibus
726 5072 915 5135 rebus,
961 5086 1085 5143 quae
1136 5088 1235 5142 per
1269 5073 1436 5127 vitam
1472 5073 1730 5128 coluntur
1777 5082 1831 5127 et
1858 5087 2021 5129 exer-

432 5168 654 5227 centur,
705 5170 928 5219 constat
976 5178 1093 5219 rem
1140 5164 1655 5234 praestantissimam
1710 5179 1834 5220 esse
1882 5164 2022 5220 dile-

431 5254 693 5310 ctionem.
744 5254 1069 5312 Dilectionis
1113 5261 1298 5309 autem
1339 5253 1568 5311 intentio
1617 5268 1785 5327 atque
1836 5254 2017 5310 incre-

432 5356 683 5404 mentum
718 5348 1102 5406 misericordia
1127 5354 1232 5404 est.
1264 5347 1360 5404 Est
1387 5348 1553 5420 igitur
1578 5348 1803 5420 pr0prie
1823 5348 2019 5404 beatus

430 5440 858 5506 exiStimandus,
893 5443 988 5511 qui
1022 5441 1081 5497 in
1113 5441 1211 5496 tali
1242 5439 1531 5496 affectione
1572 5440 1813 5494 animam
1846 5454 2017 5495 occu—

432 5540 613 5599 patam
646 5532 831 5600 habet,
865 5541 1057 5604 utpote
1082 5534 1177 5604 qui
1200 5547 1476 5589 summum
1498 5531 1719 5591 virtutis
1737 5530 2016 5604 fastigium

432 5624 736 5693 contingat.
762 5626 839 5680 Ac
871 5640 1036 5681 nemo
1066 5626 1122 5680 in
1151 5625 1287 5681 solis
1313 5624 1560 5680 materiis
1590 5623 1736 5679 illam
1754 5624 2016 5679 virtutem

435 5720 686 5779 spectet:
744 5715 829 5770 sic
880 5715 1027 5769 enim
1085 5731 1195 5770 non
1253 5715 1525 5785 cujusque
1574 5714 1816 5768 hominis
1868 5721 2018 5768 esset

433 5799 704 5870 ejusmodi
739 5805 817 5859 rei
846 5819 1159 5872 successus,
1190 5816 1555 5879 praeterquam
1586 5806 1728 5877 ejus,
1758 5804 1851 5877 qui
1883 5819 2016 5876 opes

2128 3708 2227 3764 μεν
2247 3707 2262 3721 ·
2292 3691 2432 3761 τάχα
2461 3688 2528 3744 ἂν
2554 3690 2698 3761 ἄλλῳ
2735 3671 2879 3762 λόγῳ
2907 3690 3316 3763 διερμηνευθείη
3353 3671 3693 3766 σαφέστερον.

2128 3783 2319 3846 Ἔλεός
2334 3785 2482 3836 ἐστιν
2509 3782 2601 3836 ἐπὶ
2619 3781 2729 3836 τῶν
2748 3782 3154 3855 δυσφορούντων
3171 3782 3270 3848 ἐπί
3290 3799 3434 3836 τισιν
3460 3785 3696 3855 ἀνιαροῖς

2124 3872 2441 3944 ἀγαπητικὴ
2465 3871 2825 3935 πνδιάθεσις.
2844 3872 3055 3942 Ὥσπερ
3080 3869 3188 3942 γὰρ
3203 3872 3264 3924 τὺ
3283 3872 3483 3941 ἀπηνές
3509 3888 3573 3925 τε
3604 3871 3694 3924 καὶ

2124 3964 2408 4037 θηριῶδες,
2425 3964 2534 4019 ἀπὸ
2582 3962 2677 4018 τοῦ
2722 3963 2912 4033 μίσους
2942 3962 3039 4027 τὰς
3080 3962 3331 4035 ἀφορμάς
3364 3962 3504 4034 ἔχειν
3527 3963 3693 4028 οὕτως

2122 4057 2385 4127 ἐκφύεταί
2442 4072 2561 4120 πως
2617 4055 2717 4126 τῆς
2774 4055 2995 4125 ἀγάπης
3035 4056 3064 4108 6
3101 4054 3282 4120 ἔλεος,
3314 4055 3409 4108 οὐκ
3448 4055 3511 4109 ἂν
3544 4057 3691 4125 γενό-

2127 4160 2309 4220 μενος,
2338 4149 2387 4202 εί
2422 4148 2496 4219 μὴ
2526 4149 2590 4201 ἐκ
2620 4146 2844 4219 ταύτης.
2891 4147 3002 4200 Καὶ
3032 4146 3088 4199 εῖ
3123 4163 3205 4210 τις
3242 4147 3477 4218 ἀκριϐῶς
3515 4148 3689 4214 ἐξετά-

2124 4256 2236 4294 σειε
2282 4238 2344 4293 τὸ
2405 4238 2499 4293 τοῦ
2559 4237 2710 4292 ἐλέου
2762 4237 2989 4310 ἰδίωμα,
3030 4237 3278 4292 ἐπίτασιν
3330 4239 3541 4310 εὑρήσει
3595 4241 3689 4311 τῆς

2122 4332 2472 4405 ἀγαπητικῆς
2525 4330 2835 4396 διαθέσεως,
2874 4329 2951 4400 τῷ
3003 4329 3142 4384 κατὰ
3189 4331 3287 4402 τὴν
3335 4330 3503 4402 λύπην
3534 4331 3687 4384 πάθει

2125 4424 2611 4498 συμμεμιγμένην.
2654 4423 2722 4476 Ἦ
2767 4422 2865 4495 μὲν
2915 4422 3024 4495 γάρ
3061 4421 3170 4475 τῶν
3219 4421 3397 4476 καλῶν
3449 4424 3683 4477 κοινωνία

2124 4520 2290 4573 πᾶσιν
2353 4517 2590 4590 ὁμοίιος,
2643 4516 2736 4570 καὶ
2788 4514 3036 4587 ἐχθροῖς,
3087 4515 3181 4569 καὶ
3241 4514 3410 4585 φίλοις
3467 4516 3681 4570 6:01:35:-

2121 4611 2311 4677 ζεταιτ
2347 4609 2407 4663 τὸ
2459 4592 2678 4662 esse»;
2727 4608 2967 4680 ἀνιαρῶν
3012 4610 3286 4663 κοινωνεῖν
3323 4607 3516 4662 ἐθέλειν
3542 4649 3556 4673 ,
3596 4609 3681 4678 μό-

2120 4721 2211 4759 νον
2241 4703 2372 4758 ῐδιον
2409 4701 2517 4756 τῶν
2553 4704 2620 4773 τῇ
2660 4702 2848 4775 ἀγάπῃ
2887 4702 3310 4773 κεκρατημένων
3346 4701 3507 4755 ἐστίν.
3535 4700 3684 4754 Ἀλλὰ

2124 4795 2233 4867 μὴν
2271 4794 2489 4849 πάντων
2526 4793 2871 4865 ὡμολόγηται
2906 4793 3016 4846 τῶν
3052 4792 3193 4846 κατὰ
3236 4793 3327 4848 τὸν
3366 4792 3474 4863 βίον
3509 4791 3682 4846 τοῦτον

2123 4887 2593 4958 ἐπιτηδευομένων
2630 4886 2663 4957 ή
2703 4885 2891 4956 ἀγάπη
2932 4882 2992 4938 τὸ
3028 4884 3315 4954 κράτιστον
3352 4877 3501 4935 εἶναι.
3540 4881 3680 4933 Ἐπί-

2120 4996 2279 5042 τασις
2323 4978 2379 5032 δὲ
2416 4977 2635 5048 ἀγάπης
2668 4977 2699 5030 ὁ
2730 4976 2901 5039 ἔλεος.
2941 4974 3163 5047 Κυρίως
3201 4974 3307 5046 ἄρα
3346 4971 3680 5044 μακαριστὸς,

2117 5075 2147 5126 6
2169 5073 2226 5126 ἐν
2246 5073 2313 5143 τῇ
2336 5069 2557 5142 τοιαύτῃ
2583 5068 2821 5124 διαθέσει
2841 5067 2942 5138 τὴν
2959 5066 3135 5138 ψυχὴν
3161 5066 3317 5138 ἔχων,
3337 5065 3410 5129 ὡς
3428 5063 3515 5117 τοῦ
3532 5066 3685 5137 ἀκρο-

2116 5164 2282 5219 τάτου
2304 5162 2447 5217 κατὰ
2467 5162 2566 5234 τὴν
2586 5160 2785 5234 ἀρετὴν
2804 5146 3194 5231 ἐφαπτόμενος·
3213 5158 3306 5212 καὶ
3328 5156 3504 5229 μηδεὶς
3526 5154 3583 5209 ἐν
3606 5156 3677 5226 μό-

2118 5273 2240 5319 ναις
2275 5256 2395 5319 ταῖς
2433 5253 2587 5318 ὕλαις
2623 5253 2723 5325 τὴν
2759 5253 2959 5324 ἀρετὴν
2993 5251 3292 5322 θεωρείτω·
3324 5250 3460 5303 οὕτω
3495 5246 3599 5321 γὰρ
3626 5249 3683 5302 ἄν

2118 5348 2178 5402 ού
2203 5348 2420 5412 πάντως
2447 5347 2530 5418 εἴη
2552 5346 2882 5418 κατόρθωμα
2904 5344 2967 5398 τὸ
2993 5343 3255 5408 τοιοῦτον,
3276 5342 3410 5415 πλὴν
3433 5342 3519 5396 τοῦ
3540 5341 3683 5396 δύνα-

2123 5440 2213 5511 μίν
2237 5457 2358 5495 τινα
2382 5441 2518 5513 πρὸς
2538 5440 2782 5493 εὐποιΐαν
2805 5438 3044 5509 ἔχοντοςο
3063 5436 3199 5492 ἀλλά
3225 5454 3313 5508 μοι
3337 5437 3476 5490 δοκεῖ
3493 5436 3680 5490 δικαιόο

2117 5546 2276 5602 τερον
2308 5533 2368 5584 ἐν
2394 5531 2712 5603 προαιρέσει
2757 5531 2819 5583 τὸ
2859 5528 3096 5582 τοιοῦτον
3134 5528 3374 5598 «βλέπειν.
3406 5528 3459 5580 ’0
3479 5527 3579 5599 γὰρ
3603 5528 3680 5582 θε-

2117 5621 2284 5693 λήσας
2320 5622 2382 5675 τὸ
2418 5621 2620 5691 ἀγαθὸν
2660 5622 2843 5693 μόνον,
2872 5619 3135 5683 κωλυθεὶς
3170 5619 3229 5673 δὲ
3250 5620 3382 5691 πρὸς
3417 5618 3474 5672 τὸ
3510 5619 3677 5684 καλὸν,

2116 5710 2192 5781 τῷ
2233 5710 2308 5782 μὴ
2342 5710 2625 5776 δύνασθαι,
2671 5710 2793 5764 κατ’
2841 5708 2993 5762 οὐδὲν
3034 5707 3346 5763 ἐλαττοῦται
3389 5708 3484 5777 τῆς
3517 5707 3677 5777 ψυχῆς

2115 5803 2370 5872 διαθέσει,
2405 5804 2500 5859 τοῦ
2538 5802 2625 5859 διὰ
2663 5803 2771 5859 τῶν
2807 5803 2983 5876 ἔργων
3011 5803 3107 5874 τὴν
3150 5804 3373 5874 γνώμην
3411 5801 3673 5868 δείξαντος.
