3838 6350
84 358 250 411 1255
1179 353 1268 411 DE
1302 349 1711 409 BEATITUDIF

1808 346 1909 405 US.
1950 347 2211 405 ORATIO
2250 348 2319 406 ν.
3244 355 3385 411 1234

87 471 279 526 Ὅσον
312 469 409 542 μὲν
430 464 524 525 οὗν
553 471 743 541 κέρδος
771 470 887 523 έστί
913 468 991 539 τῷ
1022 468 1141 540 βίῳ,
1184 469 1234 521 εἰ
1267 471 1406 541 πρὸς
1433 468 1594 522 τοῦτό
1621 485 1705 531 τις

1808 466 2286 536 aliquas-haberet
2318 463 2384 519 ad
2418 461 2871 519 benefaciendum
2899 479 2913 518 :
2969 461 3218 533 quinimo
3251 468 3385 523 mihi

87 561 450 631 ἐκλαμϐάνει
472 561 567 615 τοῦ
594 559 943 633 μακαρισμοῦ
965 561 1063 631 τὴν
1082 560 1340 624 διάνοιαν,
1363 560 1617 630 περιττὸν
1635 558 1703 613 ἂν

1808 560 2017 630 mquius
2044 566 2099 613 et
2131 558 2317 612 verius
2354 570 2477 612 esse
2510 556 2730 610 videtur
2778 556 3094 627 hujusmodi
3124 558 3384 615 virtutem

87 654 191 722 εἰη
216 653 494 718 διεξιέναι,
521 654 767 724 φανερῶν
789 652 959 707 ὄντων
981 654 1075 705 καὶ
1102 654 1214 714 τοῖς
1245 651 1441 722 κομιδῆ
1465 651 1700 722 νηπίοις,

89 744 219 797 τῶν
250 745 315 796 ὲκ
343 744 442 814 τῆς
478 743 785 813 συμϐουλῆς
825 742 1025 812 ταύτης
1052 740 1130 812 τῷ
1192 741 1292 813 βίῳ
1334 742 1705 812 κατορθουμέ-

91 852 240 889 νων.
280 836 343 888 Εἰ
366 834 477 904 γὰρ
500 836 635 887 πᾶσι
660 833 780 887 καθ’
806 833 1062 887 ὑπόθεσιν
1092 834 1125 904 ἡ
1149 832 1368 906 τοιαύτη
1396 834 1495 903 τῆς
1526 833 1705 904 ψυχῆς

94 925 397 993 ἐγγένοιτο
437 924 574 995 πρὸς
618 924 681 977 τὸ
731 923 1118 993 ἐλαττούμενον
1169 927 1372 994 σχέσις,
1423 923 1601 977 οὐκέτ’
1638 924 1704 978 ἂν

98 1016 201 1086 εἰη
233 1015 297 1068 τὸ
330 1016 622 1086 ὑπερέχον,
657 1016 748 1068 καὶ
779 1014 1196 1085 ἐλαττούμενον*
1237 1016 1423 1069 οὐκέτι
1462 1016 1600 1086 πρὸς
1624 1016 1705 1070 ητά

98 1105 341 1160 ἐναντία
387 1105 496 1159 τῶν
541 1105 821 1176 ὀνομάτων
872 1107 901 1158 6
955 1104 1068 1176 βίος
1112 1106 1548 1178 διενεχθήσεται·
1605 1107 1705 1161 οὐκ

98 1197 333 1251 ἀνιάσει
367 1196 527 1251 πενία
553 1197 644 1250 τὸν
673 1196 986 1268 ἄνθρωπον·
1025 1197 1087 1251 οὐ
1115 1196 1440 1251 ταπεινώσει
1473 1197 1701 1251 δουλεία·

98 1290 169 1343 οὑ
203 1290 441 1358 λυπήσει
467 1289 659 1358 ἀτιμία
680 1306 694 1321 ·
726 1290 905 1357 πάντα
933 1289 1043 1361 γάρ
1071 1289 1223 1343 ἔσται
1248 1291 1382 1343 πᾶσι
1403 1291 1585 1345 κοινά·
1609 1290 1705 1345 καὶ¹

103 1381 370 1452 ἰσονομία
399 1381 495 1434 καὶ
530 1382 782 1454 ἰσηγορία
812 1382 891 1452 τῷ
919 1381 1018 1452 βίῳ
1059 1382 1167 1435 τῶν
1200 1381 1502 1453 ἀνθρώπων
1534 1381 1705 1452 ἐμπο-

101 1471 424 1526 λιτεύεται·
455 1471 719 1535 ἑκουσίως
774 1471 868 1525 τοῦ
920 1471 1291 1536 πολιτεύοντος
1336 1471 1471 1543 πρὸς
1504 1472 1564 1525 τὸ
1598 1472 1705 1526 λεϊ-

103 1580 218 1616 πον
256 1563 628 1634 ὲξισουμένου.
659 1561 722 1616 Εἰ
751 1563 806 1617 δὲ
827 1563 985 1617 τοῦτο
1017 1563 1247 1633 γένοιτο,
1278 1563 1456 1617 οὐκέτ’
1478 1564 1543 1619 ἂν
1573 1564 1705 1617 ὑπο-

104 1654 364 1724 λειφθείη
404 1672 489 1719 τις
532 1654 829 1725 ἀπεχθείας
870 1655 1155 1720 ὑπόθεσιςυ
1205 1657 1369 1728 ἀργὸς
1394 1658 1423 1711 6
1476 1657 1700 1725 φθόνος·

103 1746 311 1817 νεκρὸν
339 1746 400 1799 τὸ
424 1748 580 1818 μῖσος
598 1762 611 1777 ·
640 1748 930 1819 ὑπερόριος
955 1747 988 1818 ἠ
1019 1749 1371 1819 μνησικακία,
1396 1748 1459 1802 τὸ
1484 1748 1699 1817 ψεῦδος,

104 1838 143 1908 ἡ
178 1838 391 1909 ἀπάτη,
438 1840 466 1891 6
516 1838 786 1909 πόλεμος·
820 1839 984 1910 (ἆπερ
1024 1838 1222 1909 ἔγγονα
1266 1840 1444 1894 πάντα
1483 1842 1550 1911 τῇ
1607 1839 1700 1892 τοῦ

106 1929 363 1993 πλείονος
399 1930 664 2002 ἐπιθυμίᾳ
704 1930 895 2001 ἐστίν.)
934 1931 1177 1996 Ἐκείνης
1218 1932 1275 1985 δὲ
1318 1932 1419 2003 τῆς
1449 1933 1704 2000 ἀσυμπα-

110 2018 243 2083 θοῦς
277 2018 567 2083 διαθέσεως
589 2017 977 2091 ἐξορισθείσης,
1006 2019 1423 2074 συνεκϐάλλεται
1464 2020 1700 2083 πάντως.

108 2106 229 2165 οἷόν
265 2128 372 2165 τινι
413 2112 625 2182 πονηρᾷ
653 2110 799 2182 ῥίζῃ,
846 2111 918 2165 τά
965 2111 1065 2181 τῆς
1098 2111 1294 2175 κακίας
1325 2110 1700 2182 βλαστήματα.

112 2204 287 2275 Τῇ.δὲ
316 2203 425 2257 τῶν
453 2201 706 2274 πονηρῶν
727 2202 1072 2274 ὑπεξαιρέσει
1102 2204 1132 2257 6
1155 2202 1265 2257 τῶν
1286 2201 1504 2271 ἀγαθῶν
1532 2201 1703 2256 κατά-
1724 2231 1736 2242 -

108 2295 278 2363 λογος
321 2294 762 2364 ἀντεισέρχεται,
819 2295 1008 2365 εἰρήνη
1055 2294 1149 2347 καὶ
1206 2292 1560 2364 δικαιοσύνη,
1608 2292 1704 2346 καὶ

113 2386 275 2439 πᾶσα
300 2384 410 2438 τῶν
435 2384 570 2456 πρὸς
592 2385 652 2439 τὸ
677 2386 924 2455 κρεῖττον
970 2385 1272 2469 νοουμένων
1299 2383 1609 2438 ἀκολουθία.
1639 2384 1704 2436 Τί

110 2477 301 2531 τοίνυν
343 2477 410 2531 ἂν
454 2476 541 2548 εἴη
593 2475 1073 2548 μακαριστότερον,
1124 2476 1185 2530 τὸ
1239 2475 1382 2530 οὕτω
1445 2475 1538 2529 τὸν
1591 2474 1705 2550 βίον

1805 669 1874 710 ex
1932 651 2117 707 studio
2176 655 2342 718 atque
2396 647 2678 703 voluntate
2732 650 3029 703 aestimare.
3085 649 3222 704 Nam
3289 651 3386 721 qui

1803 745 2009 801 bonum
2042 741 2322 795 voluntate
2351 739 2616 794 duntaxat
2646 739 2697 792 in
2732 741 2919 794 animo
2955 741 3059 796 sibi
3093 744 3387 813 proposuit

1806 852 1870 892 ac
1902 835 2216 896 destinavit,
2255 832 2351 889 sed
2386 833 2590 903 inopia,
2627 833 2939 902 quominus
2979 834 3032 887 id
3087 835 3234 904 quod
3286 836 3385 890 ho-

1805 937 2026 984 nestum
2060 937 2144 983 est
2175 935 2458 995 sequatur,
2490 925 2799 994 prohibitus
2831 934 2935 990 est,
2990 928 3155 981 animi
3213 929 3385 983 desti-

1805 1021 2032 1074 natione
2086 1018 2261 1072 nihilo
2318 1016 2545 1071 inferior
2595 1025 2680 1072 est
2741 1033 2839 1081 eo,
2901 1018 2994 1087 qui
3066 1034 3163 1088 per
3221 1034 3385 1090 opera

1804 1113 2142 1169 voluntatem
2176 1125 2331 1165 suam
2359 1109 2618 1164 ostendit.
2647 1108 2767 1163 Jam
2806 1124 2938 1164 vero
2963 1118 3229 1180 quantum
3261 1113 3385 1167 vitae

1804 1207 2025 1262 lucrum
2081 1209 2136 1259 et
2204 1202 2552 1259 commodum
2615 1201 2688 1257 sit
2756 1202 2801 1257 si
2866 1205 2991 1273 quis
3054 1204 3382 1258 sententiam

1806 1297 2168 1353 beatitudinis
2200 1295 2254 1349 in
2286 1295 2427 1348 hanc
2454 1301 2662 1364 partem
2695 1294 2949 1364 accipiat,
2984 1309 3383 1364 supervacuum

1809 1386 1977 1443 fuerit
2001 1399 2300 1455 exponere,
2337 1398 2462 1437 cum
2492 1384 2577 1438 vel
2613 1383 2905 1438 admodum
2960 1385 3304 1455 simplicibus
3331 1394 3385 1440 et

1806 1477 2076 1548 imperitis
2129 1475 2435 1531 manifestae
2463 1476 2576 1531 sint
2626 1491 2703 1530 eae
2732 1491 2852 1546 quae
2894 1492 2959 1531 ex
3005 1476 3107 1532 hoc
3153 1478 3384 1533 consilio

1803 1567 1928 1621 vitm
1957 1565 2156 1619 confici
2192 1564 2615 1620 commoditates
2661 1566 2898 1634 possint.
2935 1564 3071 1619 Nam
3109 1567 3178 1632 si,
3228 1565 3385 1621 verbi

1807 1661 2009 1731 gratia,
2045 1658 2302 1714 omnibus
2348 1659 2619 1728 ejusmodi
2652 1658 2820 1713 animi
2854 1657 3082 1714 affectus
3119 1659 3385 1717 adversus

1805 1753 2096 1810 inferiores
2128 1753 2351 1806 innatus
2385 1760 2549 1819 esset,
2582 1765 2696 1805 non
2738 1752 2972 1821 amplius
3021 1751 3207 1812 fuerit,
3238 1749 3383 1822 quod

1805 1846 1889 1901 vel
1914 1852 2158 1915 pra’stet,
2182 1844 2266 1897 vel
2290 1843 2523 1898 inferius
2552 1842 2623 1898 sit
2647 1860 2661 1897 :
2689 1858 2796 1897 non
2827 1844 3064 1914 amplius
3086 1845 3140 1897 in
3163 1843 3383 1901 diversa

1805 1939 2027 1994 nomina
2059 1938 2170 1991 vita
2205 1937 2527 2002 diducetur;
2576 1951 2688 1990 non
2741 1936 2971 1991 molesta
3004 1936 3211 1990 homini
3247 1952 3385 2007 pau-

1804 2038 1991 2099 pertas
2019 2028 2125 2082 erit
2153 2045 2168 2092 ;
2202 2042 2311 2081 non
2343 2027 2580 2081 servitus
2610 2025 2877 2096 deprimet
2904 2044 2918 2093 ;
2948 2041 3055 2080 non
3083 2027 3381 2097 ignominia

1804 2128 2004 2190 anget;
2054 2118 2238 2173 omnia
2295 2118 2443 2173 enim
2500 2116 2757 2173 omnibus
2807 2125 2969 2171 erunt
3026 2119 3379 2185 communia;

1803 2211 2163 2281 aequilibritas
2208 2219 2261 2266 et
2308 2208 2595 2279 aequabilis
2641 2208 2869 2264 tributio
2918 2208 3099 2278 juris,
3157 2219 3268 2263 tum
3324 2210 3380 2264 in

1807 2302 2077 2362 faciendo,
2110 2308 2225 2355 tum
2268 2300 2322 2355 in
2356 2300 2589 2356 dicendo
2617 2302 2672 2354 in
2703 2301 2813 2354 vita
2847 2300 3131 2355 hominum
3159 2316 3385 2357 exerce-

1805 2394 1972 2457 bitur,
2000 2409 2126 2447 cum
2176 2392 2247 2456 is,
2284 2392 2373 2446 cui
2425 2391 2557 2461 quid
2594 2390 2945 2461 superfuerit,
2994 2407 3118 2446 cum
3157 2408 3243 2457 eo,
3290 2393 3380 2448 cui

1805 2483 2061 2548 defuerit,
2086 2489 2280 2552 sponte
2311 2496 2409 2538 sua
2439 2496 2498 2536 se
2532 2489 2777 2551 exaequet
2805 2501 2817 2535 :
2848 2480 2991 2549 quod
3017 2484 3063 2536 si
3087 2483 3380 2549 accideret,

112 2567 289 2640 ἔχειν,
328 2569 509 2622 οὐκέτι
550 2569 764 2639 μοχλοῖς
802 2568 897 2623 καὶ
940 2569 1108 2633 λίθοις
1141 2567 1239 2638 τὴν
1273 2567 1571 2637 ἀσφάλειαν
1607 2567 1706 2638 τῆς

1806 2576 1956 2629 nulla
1982 2574 2218 2643 amplius
2242 2573 2658 2643 inimicitiarum
2686 2572 2914 2626 materia
2932 2573 3339 2643 relinqueretur
3364 2590 3392 2629 :-

115 2638 271 2730 ζωῆς
298 2660 455 2731 ἡμῶν
490 2638 878 2726 πιστευόντων,
924 2661 1037 2714 ἀλλ’
1087 2662 1145 2713 ὲν
1181 2659 1428 2730 ἀλλήλοις
1474 2659 1706 2730 ήσφαλι·
1805 2638 2260 2721 cessaret-inviti

1805 2671 2051 2721 cessaret
2110 2665 2361 2732 invidia;
2418 2673 2698 2719 mortuum
2737 2663 2966 2729 odium;
3004 2663 3245 2718 extorris
3293 2664 3382 2717 in-

117 2750 379 2821 σμένων;
416 2752 627 2822 Ὠσπερ
676 2752 785 2823 γὰρ
824 2753 857 2806 6
910 2752 1125 2822 ἀπηνής
1174 2767 1235 2805 τε
1278 2750 1369 2805 καὶ
1412 2749 1701 2821 θηριώδης,

1808 2758 2073 2827 iuriarnm
2140 2765 2299 2812 tenax
2368 2756 2674 2822 memoria;
2738 2755 3123 2818 mendacium,
3187 2753 3380 2819 fraus,

116 2842 404 2913 δυσμενεῖς
431 2842 611 2914 ἐαυτῷ
645 2843 772 2906 τοὺς
802 2843 900 2913 τῆς
931 2842 1251 2914 ἀγριότητος
1270 2843 1706 2912 πεπειραμένους

1808 2850 2006 2905 bellum
2047 2848 2188 2920 (quae
2238 2848 2423 2903 omnia
2488 2846 2707 2902 soboles
2756 2854 2921 2916 atque
2967 2861 3208 2917 prapago
3259 2846 3383 2915 plus

119 2935 306 2986 ποιεῖ’
359 2932 531 2996 οὕτως
573 2936 638 2988 ὲκ
675 2933 767 2987 τοῦ
816 2933 1055 2988 ἐναντίου
1081 2973 1097 2997 ,
1141 2934 1284 2988 εὖνοι
1348 2933 1583 2996 ἅπαντες
1625 2932 1705 3003 τῷ

1808 2942 2043 2997 habendi
2075 2941 2393 3011 cupiditatis
2424 2940 2573 3008 sunt)
2599 2940 2815 2995 sublata
2845 2948 3050 2993 essent.
3082 2938 3176 2991 illa
3200 2947 3382 2993 autem

119 3022 361 3079 ὲλεοῦντι
397 3025 681 3095 γινόμεθα,
712 3024 954 3094 φυσικῶς
983 3028 1095 3088 τοῖς
1123 3026 1403 3096 μετέχουσι
1434 3026 1527 3079 τοῦ
1554 3027 1703 3079 ὲλέου

1809 3020 2208 3103 ἰηωήιριιιίυἰιί
2274 3032 2743 3102 condolentiaeque
2802 3039 3028 3101 experte
3091 3031 3385 3087 affectione

119 3116 220 3186 τὴν
260 3115 481 3185 ἀγάπην
509 3117 859 3179 ἐντίκτοντος.
892 3115 1099 3169 Οὐκοῦν
1123 3119 1269 3170 ἐστιν
1300 3118 1328 3169 6
1352 3116 1515 3182 ἕλεος,
1543 3116 1619 3180 ῶς
1642 3134 1704 3186 γε

1808 3124 2209 3188 exterminata,
2269 3139 2378 3179 una
2440 3125 2599 3193 plane
2655 3122 2969 3191 ejicientur,
3031 3122 3199 3177 veluti
3259 3138 3386 3177 cum

121 3209 152 3260 6
177 3205 336 3274 λόγος
361 3206 665 3274 ὑπέδειξεν,
685 3208 897 3268 εὐνοίας
922 3208 1126 3278 πατὴρ,
1162 3208 1383 3277 ἀγάπης
1431 3208 1708 3280 ἐνέχυρον,

125 3298 428 3368 σύνδεσμος
469 3298 648 3368 πάσης
682 3298 901 3368 φιλικῆς
938 3299 1260 3362 διαθέσεως’
1300 3299 1399 3369 τῆς
1440 3299 1497 3352 δὲ
1536 3302 1711 3368 ἀσφα-

125 3386 281 3449 λείας
312 3385 536 3457 ταύτης,
570 3386 624 3439 τί
656 3386 721 3439 ἂν
757 3388 1067 3458 ἐπινοηθείη
1107 3389 1249 3441 κατά
1286 3388 1384 3460 τὴν
1414 3389 1559 3459 ζωὴν
1584 3391 1711 3459 ὀχυ-

129 3477 368 3549 ρώτερον
390 3493 406 3542 ;
437 3477 597 3530 Ὥστε
615 3476 838 3541 εἰκότως
870 3478 898 3529 6
923 3478 1094 3547 Λόγος
1119 3478 1410 3550 μακαρίζει
1440 3480 1532 3532 τὸν
1553 3478 1708 3551 ἐλεή-

129 3583 292 3636 μονα,
319 3566 586 3620 τοσούτων
613 3567 833 3636 ἀγαθῶν
874 3568 951 3640 τῷ
989 3569 1210 3640 ὀνόματι
1246 3570 1422 3640 τούτῳ
1453 3572 1710 3642 ἐμφαινο-

132 3658 330 3728 μένων.
375 3656 622 3713 ’Δλλάτὺ
657 3659 754 3730 μὲν
795 3660 1030 3732 βιωφελῆ
1067 3662 1167 3732 τὴν
1194 3661 1451 3733 τοιαύτην
1480 3662 1712 3733 συμὸου-

125 3747 230 3821 λὴν
257 3745 415 3814 εἶναι,
456 3752 655 3815 παντός
695 3754 810 3805 ἐστι
862 3752 935 3822 μὴ
984 3752 1281 3823 ἀγνοῆσαι⁸
1316 3753 1440 3823 ἐμοὶ
1474 3754 1532 3808 δὲ
1566 3754 1713 3807 δοκεί

130 3840 295 3894 πλέον
320 3860 375 3896 τι
410 3842 520 3896 τῶν
558 3844 622 3897 ὲκ
660 3842 753 3896 τοῦ
799 3844 1085 3914 προχείρου
1138 3843 1462 3914 νοουμένων,
1506 3847 1573 3915 τῇ
1615 3843 1710 3897 τοῦ

136 3927 422 4000 μέλλοντος
470 3933 693 4005 ὲκλήψει
764 3935 831 3988 δι’
881 3935 1209 4007 ἀπορρήτων
1272 3937 1616 4007 παραδηλῶν
1676 3938 1711 4008 ἡ

131 4020 358 4078 διάνοια.
383 4022 672 4093 Μακάριοι
691 4025 820 4099 γάρ,
837 4026 1023 4097 φησὶν,
1046 4030 1100 4081 οἱ
1121 4026 1464 4096 ἐλεήμονες·
1491 4028 1579 4081 ὅτι
1610 4030 1711 4082 αὑο

132 4112 225 4166 τοὶ
262 4113 699 4184 ἐλεηθήσονται
720 4132 736 4149 ⁸
778 4118 856 4181 ὡς
913 4116 1136 4187 ὕστερον
1183 4117 1550 4190 ἀποκειμένης
1597 4121 1712 4183 τοῖς

134 4202 345 4263 ἐλεοῦσι
376 4206 477 4276 τῆς
514 4207 655 4261 κατὰ
682 4208 772 4262 τὸν
805 4209 951 4262 ἔλεον
983 4209 1321 4273 ἀντιδόσεως.

1810 3230 1975 3286 prava
2010 3216 2244 3285 quadam
2301 3215 2507 3277 radice,
2541 3214 2706 3269 etiam
2763 3214 3082 3269 vitiositatis
3112 3215 3384 3285 germina.

1809 3308 1867 3363 In
1922 3309 2105 3363 locum
2155 3317 2337 3362 autem
2379 3315 2757 3378 exemplorum
2804 3309 3070 3362 malorum
3128 3307 3388 3362 succedet

1808 3399 2080 3455 bonorum
2102 3408 2342 3465 caterva,
2375 3415 2503 3468 pax,
2533 3408 2587 3453 et
2609 3400 2846 3468 jnstitia,
2865 3399 3153 3467 omnisque
3173 3412 3385 3460 eorum,

1813 3506 1936 3561 quae
1970 3490 2025 3545 in
2065 3490 2348 3544 meliorem
2397 3498 2608 3559 partem
2650 3489 3049 3558 intelliguntur,
3092 3488 3389 3543 comitatus

1808 3587 1970 3648 atque
2019 3578 2263 3649 sequela.
2326 3575 2471 3644 Quid
2524 3578 2693 3647 igitur
2744 3578 2917 3648 magis
2970 3578 3188 3633 beatum
3224 3577 3390 3631 fuerit

1804 3669 2190 3740 iudicandum,
2231 3684 2393 3739 quam
2444 3670 2487 3724 si
2523 3668 2596 3722 ita
2622 3668 2861 3735 vivatur,
2897 3679 2957 3724 ut
3006 3684 3115 3723 non
3153 3669 3388 3738 amplius

1806 3762 2053 3817 vectibus
2092 3770 2147 3816 et
2197 3760 2474 3830 lapidibus
2504 3759 2627 3814 vita:
2659 3768 2864 3814 nostrae
2894 3760 3164 3815 securitas
3192 3758 3388 3813 creda-

1807 3859 1917 3917 tur,
1955 3853 2049 3908 sed
2085 3851 2291 3905 mutuis
2319 3849 2510 3905 officiis
2542 3850 2736 3904 muniti
2769 3850 2987 3907 simus?
3035 3850 3390 3920 quemadmo-

1810 3945 1938 3999 dum
1973 3942 2119 3998 enim
2154 3942 2381 3997 immitis
2410 3950 2464 3997 et
2486 3941 2747 3999 eﬂ‘eratus
2779 3941 3024 3997 infensos
3052 3950 3106 3997 et
3134 3942 3389 4010 inimicos

1807 4035 1987 4092 effecit
2043 4049 2179 4099 eos,
2241 4033 2335 4104 qui
2392 4031 2671 4090 feritatem
2727 4044 2892 4103 atque
2940 4033 3205 4089 saaviliam
3268 4033 3389 4102 ejus

1806 4128 2015 4198 experti
2070 4127 2224 4183 sint:
2272 4127 2355 4182 sic
2405 4141 2471 4181 ex
2536 4127 2818 4180 contrario
2867 4127 3148 4182 miserenti
3197 4139 3390 4180 omnes

1810 4212 2059 4267 benevoli
2116 4212 2415 4276 eﬂicimnr,
2478 4213 2860 4269 misericordia
2931 4214 3393 4284 participantibus

134 4293 484 4352 dilectionem
551 4300 878 4355 naturaliter
925 4299 1299 4371 ingenerante.
1350 4302 1496 4372 Ergo
1559 4300 1961 4366 misericordia,
2000 4311 2061 4359 ut
2122 4304 2371 4359 definitio
2405 4306 2627 4375 quidem
2698 4304 2959 4366 ostendit,
2999 4304 3394 4360 benevolentia

137 4396 312 4443 mater
357 4396 477 4454 est,
535 4390 849 4446 dilectionis
919 4391 1136 4462 pignus,
1197 4393 1480 4447 vinculum
1536 4394 1718 4448 omnis
1793 4395 1985 4450 amica:
2048 4394 2539 4450 afl‘ectionis:‘hac
2577 4411 2709 4450 vero
2737 4397 2989 4451 cautione
3039 4404 3201 4464 atque
3234 4409 3392 4447 secu-

137 4476 317 4540 ritate,
337 4480 466 4548 quid
486 4481 542 4535 in
571 4481 684 4535 vita
716 4482 925 4537 firmius
945 4490 999 4537 et
1019 4484 1191 4539 tutius
1228 4485 1526 4554 eXCOgitari
1564 4484 1797 4555 'possit?
1833 4484 2019 4555 Itaque
2081 4487 2275 4540 merito
2338 4484 2576 4539 Verbum
2607 4527 2623 4549 ,
2694 4485 3103 4540 misericordem
3172 4486 3388 4540 beatum

136 4566 366 4635 judicat,
396 4586 522 4626 cum
555 4580 633 4627 tot
677 4572 731 4626 in
788 4573 892 4627 hoc
941 4574 1163 4629 nomine
1240 4574 1380 4629 bona
1424 4582 1744 4646 appareant.
1818 4574 2087 4630 Creterum
2138 4573 2286 4644 quod
2337 4574 2444 4627 hoc
2494 4574 2713 4643 quidem
2766 4574 3059 4629 consilium
3116 4575 3240 4629 vitae
3282 4589 3393 4628 non

141 4657 335 4716 inutile
384 4662 493 4731 sit,
555 4663 802 4733 cujusvis
859 4672 942 4719 est
1010 4664 1153 4718 haud
1221 4664 1521 4735 ignorare:
1579 4665 1715 4719 mihi
1757 4672 1940 4722 autem
1971 4666 2176 4735 aliquid
2208 4664 2465 4732 amplius,
2491 4678 2653 4731 quam
2683 4678 2767 4724 ea,
2799 4678 2920 4732 quae
2978 4664 3151 4733 prima
3214 4662 3397 4718 fronte

143 4748 541 4825 intelliguntur,
573 4757 927 4826 erpressione
953 4757 1216 4827 temporis
1249 4757 1419 4811 futuri
1448 4756 1718 4813 sententia
1792 4772 1890 4827 per
1960 4770 2161 4811 arcana
2213 4756 2445 4810 innuere
2499 4754 2734 4810 videtur.
2789 4754 2945 4817 Beati
2977 4752 3147 4815 enim,
3192 4758 3393 4826 inquit,

145 4847 541 4915 misericordes,
585 4851 838 4919 quoniam
894 4851 996 4917 ipsi
1055 4850 1477 4905 misericordiam
1530 4860 1957 4921 consequentur;
1991 4850 2149 4921 quasi
2178 4851 2233 4906 in
2304 4858 2583 4923 posterum
2640 4850 2923 4905 recondita
2984 4851 3376 4908 miserantibus

146 4939 537 4996 misericordia;
566 4941 1026 4996 remuneratione.

210 5030 420 5084 Οὐκοῦν
457 5032 535 5094 ὡς
575 5030 641 5083 ἂν
683 5024 786 5083 οἴυί
826 5046 886 5082 τε
916 5024 1066 5100 ὦμεν
1092 5030 1189 5100 τὴν
1217 5029 1482 5103 εὔληπτον
1512 5030 1711 5102 ταύτην

1891 5026 2036 5098 Ergo
2062 5038 2222 5099 prout
2242 5029 2544 5098 poterimus
2560 5029 2768 5085 omisso
2788 5029 2893 5084 hoc
2914 5027 3059 5084 facili
3090 5029 3396 5102 intellectu,

141 5123 237 5175 καὶ
281 5125 346 5177 ὲκ
400 5122 495 5177 τοῦ
559 5123 849 5194 προχείρου
893 5125 1006 5187 τοῖς
1053 5123 1268 5187 πολλοῖς
1325 5124 1718 5195 εὑρισκομένην

143 5212 534 5276 καταλιπόντες
560 5212 816 5278 διάνοιαν,
846 5212 982 5285 πρὸς
1016 5212 1079 5266 τὸ
1121 5212 1384 5285 ἐσώτερον
1419 5213 1513 5266 τοῦ
1547 5229 1717 5266 κατα-

144 5303 489 5374 πετάσματος
521 5302 895 5374 διακύψαι,τῷ
934 5303 1076 5374 λόγῳ
1122 5303 1260 5357 κατὰ
1285 5304 1346 5357 τὸ
1376 5303 1597 5357 δυνατὸν
1628 5304 1721 5370 ἐγ-

142 5396 502 5466 χειρήσωμεν.
521 5394 811 5464 Μακάριοι
834 5397 888 5448 οἱ
905 5395 1249 5464 ἐλεήμονες,
1262 5395 1347 5449 ὅτι
1372 5394 1542 5449 αὐτοί
1558 5394 1721 5463 ἐλεη-

146 5484 450 5549 θήσονται.
490 5487 648 5540 Ἔστι
677 5487 773 5558 μὲν
801 5482 892 5540 οὖν
923 5503 977 5539 τι
1022 5488 1114 5540 καὶ
1145 5487 1427 5557 δογμάτων
1451 5485 1714 5557 ὑψηλότε-

146 5586 239 5638 ρον
288 5575 348 5628 ὲν
383 5574 465 5645 τῷ
508 5574 653 5645 λόγῳ
691 5575 910 5645 μειιθείν⁹
962 5576 1046 5629 ὅτι
1088 5575 1305 5629 πάντων
1354 5573 1575 5642 ἀγαθῶν
1618 5573 1717 5637 τὰς

147 5660 396 5735 ἀφορμὰς
421 5667 450 5718 6
479 5668 598 5719 κατ’
620 5667 804 5718 εἰκόνα
833 5665 1024 5719 ἑαυτοῦ
1046 5668 1276 5736 ποιήσας
1303 5665 1392 5718 τὸν
1413 5665 1714 5734 ἄνθρωπον,

148 5752 213 5822 τῇ
246 5754 404 5825 φύσει
431 5758 523 5811 τοῦ
559 5756 869 5827 πλάσματος
906 5755 1213 5823 ἐναπέθετο,
1250 5755 1326 5821 ὡς
1382 5755 1548 5828 μηδὲν
1586 5755 1719 5825 ἡμῖν

1819 5120 1912 5189 qui
1950 5129 2201 5190 prompte
2224 5119 2512 5190 primoque
2542 5130 2767 5191 aspectu
2804 5136 2834 5176 a
2879 5122 3039 5191 vulgo
3070 5125 3394 5192 percipitur,

1820 5210 1887 5265 ad
1913 5213 2094 5266 velum
2140 5211 2395 5277 interius,
2428 5212 2645 5267 ratione
2679 5228 2780 5283 pro
2828 5213 3040 5268 viribus
3083 5218 3402 5285 prospicere

1818 5318 2105 5358 conemur.
2155 5302 2310 5358 Beati
2347 5304 2720 5359 misericordes
2747 5344 2762 5368 ,
2798 5306 3050 5373 quoniam
3099 5307 3201 5375 ipsi
3232 5309 3398 5363 mise-

1820 5394 2109 5449 ricordiam
2142 5404 2540 5467 consequentur.
2571 5395 2693 5451 Jam
2719 5412 2851 5452 vero
2882 5405 3087 5453 certam
3116 5400 3403 5455 stabilem-

1822 5503 1929 5558 que
1945 5489 2271 5543 sententiam
2297 5488 2588 5558 quamdam
2610 5495 2663 5542 et
2697 5488 3069 5545 sublimiorem
3091 5490 3397 5545 doctrinam

1822 5594 1920 5649 per
1951 5579 2065 5633 haec
2096 5580 2258 5634 verba
2290 5580 2503 5635 discere
2536 5581 2703 5646 licet;
2732 5580 2878 5650 quod
2926 5581 3187 5634 nimirum
3224 5578 3270 5634 is
3301 5578 3402 5648 qui

1817 5671 1975 5738 juxta
2043 5671 2129 5726 sui
2202 5670 2493 5739 imaginem
2566 5670 2838 5724 hominem
2915 5671 3086 5733 fecit,
3150 5669 3399 5728 omnium

1824 5762 2095 5817 bonorum
2150 5761 2412 5817 materias
2462 5770 2623 5831 atque
2668 5758 2913 5817 subsidia
2960 5760 3017 5815 in
3060 5767 3278 5832 natura_
3305 5759 3396 5815 sui
