3838 6370
491 334 631 386 1255

1687 329 1748 389 s.
1787 325 2118 384 cneconu
2157 326 2446 401 stssxt

3608 338 3704 391 1236

488 446 672 517 operis
706 445 1044 516 deposuerit,
1073 454 1132 500 ut
1165 447 1314 501 nulla
1344 461 1435 503 res
1468 447 1612 502 bona
1644 455 1808 516 atque
1837 446 2065 500 honesta

2178 446 2277 501 τῶν
2311 449 2490 503 καλῶν
2533 450 2730 515 ἔξωθεν
2763 452 3222 524 ἐπεισκρίνεσθαι,
3259 453 3374 507 ἀλλ’
3403 454 3487 522 ἐφ’
3515 453 3630 523 ἡμῖν
3655 448 3704 504 εἶ’

488 539 833 594 extrinsecus
871 539 925 591 in
980 554 1080 594 nos
1121 555 1180 594 se
1227 539 1442 609 ingerat
1474 547 1528 594 et
1571 539 1838 602 insinuet,
1874 538 1970 593 sed
2011 537 2066 592 in

491 637 759 698 potestate
803 635 990 682 nostra
1026 629 1117 693 sit,
1175 638 1235 682 ut
1265 629 1586 692 habeamus,
1629 629 1775 698 quod
1810 628 2064 694 velimus,

489 727 747 787 tanquam
798 733 864 773 ex
925 719 1062 774 cella
1121 719 1356 790 quadam
1400 722 1687 790 penuaria,
1742 736 1810 776 ex
1871 730 2068 775 natura

488 809 688 863 bonum
725 821 1083 880 prementes;
1125 828 1221 882 per
1252 812 1552 882 singularia
1602 812 1747 867 enim
1791 822 1844 868 et
1892 813 2066 883 parti-

487 903 694 956 cularia
731 904 798 958 de
845 905 1250 960 universalibus
1283 906 1570 968 docemur,
1607 905 1752 975 quod
1804 921 1914 960 non
1960 906 2068 959 alia

488 995 700 1048 ratione
730 997 891 1066 potiri
920 999 1046 1066 quis
1096 997 1272 1066 possit
1310 1012 1528 1060 eorum,
1574 1012 1697 1066 quae
1745 996 1918 1066 cupit,
1961 997 2066 1050 nisi

490 1088 607 1156 ipse
637 1089 742 1143 sibi
794 1091 994 1144 bonum
1050 1091 1355 1161 largiatur:
1405 1093 1758 1161 quamobrem
1805 1090 2068 1146 Dominus

489 1182 688 1235 alicubi
717 1182 850 1236 dicit
877 1184 943 1236 ad
973 1183 1254 1238 auditores
1283 1183 1352 1247 ³⁸,
1382 1182 1617 1253 Regnum
1647 1183 1745 1238 Dei
1802 1184 1945 1238 intra
1980 1199 2068 1238 vos

489 1284 600 1330 est:
649 1283 724 1336 et,
774 1274 1083 1343 Quicunque
1136 1276 1286 1344 petit,
1321 1277 1562 1344 accipit:
1615 1285 1666 1329 et
1719 1276 1810 1345 qui
1857 1277 2068 1344 quwrit,

487 1365 726 1428 invenit;
773 1374 821 1418 et
854 1366 1094 1434 pulsanti
1152 1368 1416 1434 aperietur
1441 1367 1521 1434 ³³;
1572 1375 1632 1421 ut
1677 1375 1732 1422 et
1765 1367 2070 1436 accipiendi

489 1455 636 1525 quod
689 1455 1052 1522 desideretur,
1102 1463 1156 1512 et
1208 1457 1522 1513 inveniendi
1569 1457 1713 1526 quod
1763 1468 2063 1528 quaeratur,

487 1556 544 1602 et
577 1547 892 1602 introeundi
940 1562 1050 1616 quo
1100 1549 1409 1619 cupiamus,
1451 1565 1618 1620 penes
1670 1565 1774 1606 nos
1823 1559 2070 1620 potestas

490 1639 608 1703 sit,
648 1647 701 1693 et
750 1653 780 1692 a
829 1648 1020 1693 nostro
1053 1641 1285 1707 pendeat
1321 1641 1577 1708 arbitrio,
1634 1656 1760 1696 cum
1817 1643 2067 1698 velimus.

494 1731 649 1788 Unde
700 1748 796 1803 per
854 1748 1198 1802 consequens
1261 1732 1428 1786 simul
1483 1732 1753 1802 probatur
1799 1734 1963 1787 etiam
2016 1732 2069 1787 id

489 1827 638 1896 quod
671 1842 737 1881 ex
777 1829 1056 1880 contrario
1091 1825 1434 1895 intelligitur,
1458 1824 1876 1895 quodnimirum
1904 1824 2069 1880 etiam

491 1917 779 1971 inclinatio
811 1923 972 1986 atque
1001 1916 1297 1986 propensio
1340 1916 1397 1970 in
1442 1917 1646 1970 malum
1696 1917 1846 1971 nulla
1881 1933 2073 1972 neces—

491 2009 654 2064 sitate
677 2009 1026 2064 extrinsecus
1053 2008 1360 2077 expellente
1391 2007 1719 2064 innascitur.
1767 2009 1864 2065 sed
1907 2008 2072 2064 simul

490 2109 652 2168 atque
690 2100 1108 2169 sumpserimus,
1130 2098 1332 2152 malum
1356 2099 1631 2164 subsistit,
1653 2106 1785 2154 tunc
1802 2099 1856 2152 in
1889 2114 2071 2154 rerum

490 2199 744 2243 naturam
773 2193 1120 2259 proveniens,
1140 2205 1264 2244 cum
1283 2190 1688 2260 sumpserimus
1711 2208 1726 2257 ;
1759 2201 1917 2246 extra
1940 2205 2073 2246 vero

490 2282 822 2335 destinatam
857 2282 1022 2336 animi
1057 2283 1394 2337 voluntatem
1442 2282 1622 2352 ipsum
1659 2297 1756 2352 per
1793 2298 1918 2338 sese
1956 2297 2075 2337 ma-

490 2372 602 2426 lum
624 2373 924 2428 secundum
939 2374 1216 2444 propriam
1233 2374 1598 2428 substantiam
1619 2389 1890 2444 nusquam
1908 2373 2072 2429 situm

489 2465 785 2533 reperitur.
832 2463 910 2517 Ex
943 2465 1030 2518 his
1062 2473 1245 2519 autem
1283 2466 1478 2530 libera,
1524 2465 1706 2534 plena,
1752 2481 2076 2535 summaque

490 2563 756 2624 potestas,
787 2569 951 2626 quam
999 2554 1055 2608 in
1089 2563 1288 2608 natura
1346 2554 1610 2611 Dominus
1647 2563 1860 2609 naturae
1907 2555 2074 2610 fabri-

490 2654 651 2703 catus
705 2655 810 2713 est,
861 2654 1050 2716 aperte
1091 2646 1501 2702 demonstratur
1535 2664 1548 2702 :
1589 2657 1881 2718 propterea
1924 2646 2075 2718 quod

491 2740 700 2808 omnia,
750 2741 864 2794 sive
895 2740 1057 2804 bona,
1096 2740 1212 2797 sive
1246 2739 1386 2794 mala
1413 2739 1544 2804 sint,
1577 2755 1644 2795 ex
1678 2748 1869 2794 nostra
1903 2739 2076 2794 libera

491 2832 776 2887 voluntate
817 2831 1164 2902 dependent;
1220 2841 1276 2887 et
1323 2831 1470 2902 quod
1508 2832 1756 2886 divinum
1804 2831 2073 2902 judicium

491 2927 813 2996 incorrupta
865 2926 1124 2996 justaque
1175 2926 1451 2982 sententia
1523 2940 1762 2994 sequens
1820 2938 1905 2987 ea,
1955 2937 2078 2992 quae

489 3016 647 3086 juxta
689 3015 1027 3085 propositum
1075 3022 1323 3069 nostrum
1365 3014 1658 3068 commissa
1691 3027 1757 3066 ac
1790 3012 2077 3083 designata

2167 557 2256 592 ναι
2282 540 2420 612 ὅπερ
2444 543 2765 614 βουλόμεθα,
2798 541 2908 598 οἷον
2939 547 3004 598 ἐκ
3047 545 3269 614 ταμείου
3304 543 3451 606 τινὸς
3478 561 3702 614 προχειρι-

2169 634 2428 704 ζομένους
2456 636 2517 689 τὸ
2544 637 2746 705 ἀγαθὸν
2775 639 2839 690 ἐκ
2873 637 2973 707 τῆς
3003 641 3247 706 φύσεως·
3279 636 3390 690 ἀπὸ
3422 636 3607 704 μέρους
3631 635 3702 703 γὰρ

2168 729 2319 801 περὶ’
2343 729 2439 782 τοῦ
2477 730 2676 793 παντὸς
2711 729 3092 800 διδασκόμεθα,
3121 731 3201 782 ὅτι
3247 729 3348 782 οῦκ
3395 728 3539 780 ἐστιν
3577 726 3702 787 ἄλλως

2167 821 2286 874 τινὰ
2317 820 2423 874 τῶν
2461 825 2582 875 κατ’
2615 822 2908 892 ἐπιθυμίαν
2938 824 3139 892 τυχεῖν,
3174 821 3249 892 μὴ
3285 821 3452 874 αὐτὸν
3491 818 3642 888 ἐαυτῷ
3663 818 3702 870 τὸ

2169 911 2374 978 ἀγαθὸν
2401 911 2788 983 χαριζόμενον·
2813 911 2893 964 διό
2927 913 3057 980 φησί
3083 927 3186 962 που
3215 911 3348 980 πρὸς
3375 909 3503 970 τοὺς
3530 909 3701 961 emim-

2166 1017 2266 1066 τας
2310 1003 2340 1055 6
2389 1005 2614 1073 Κύριος,
2661 1003 2744 1056 ὅτι
2787 1002 2857 1056 Ἠ
2893 1002 3182 1065 βασιλεία
3229 1000 3338 1054 τοῦ
3395 1000 3539 1054 Θεοῦ
3576 1001 3701 1064 mag

2168 1084 2340 1160 ὑμῶν
2369 1085 2564 1142 ἐστιν’
2589 1094 2703 1150 καὶ,
2724 1092 2805 1145 ὅτι
2843 1090 2968 1156 Πᾶς
3011 1095 3044 1144 ό
3093 1092 3273 1144 αἰτῶν
3303 1090 3600 1159 λαμϐάνει,
3632 1092 3697 1143 καὶ

2127 1252 2130 1253 ν
2169 1184 2203 1236 ό
2240 1180 2427 1250 ζητῶν
2461 1185 2728 1252 εὑρίσκει
2747 1223 2761 1249 ,
2793 1182 2893 1236 καὶ
2919 1181 3000 1248 τῷ
3028 1184 3301 1251 κρούοντι
3337 1181 3697 1250 ἀνοιγήσεται·

2167 1274 2244 1338 ὼς
2277 1276 2370 1330 καὶ
2411 1275 2472 1329 τὸ
2517 1276 2700 1330 λαϐεῖν
2749 1276 2807 1330 τὸ
2841 1275 3194 1344 ποθούμενον,
3234 1274 3328 1326 καὶ
3361 1273 3423 1326 τὸ
3475 1274 3630 1342 εὑρεῖν
3660 1273 3701 1324 τὸ

2170 1367 2520 1439 ζητούμενον,
2558 1370 2652 1423 καὶ
2684 1369 2743 1422 τὸ
2794 1368 2944 1431 ἐντὸς
2975 1367 3081 1420 τῶν
3119 1365 3565 1436 ἐπιθυμουμένων
3588 1364 3701 1431 γενέ-

2172 1461 2314 1525 σθαι,
2343 1464 2425 1530 ἐφ’
2453 1463 2584 1532 ἡμῖν
2613 1457 2751 1515 εἶναι
2781 1461 2908 1514 ὅταν
2941 1457 3271 1530 βουλώμεθα,
3304 1458 3401 1510 καὶ
3429 1456 3524 1526 τῆς
3548 1453 3700 1526 ἡμετὲ-

2175 1573 2272 1626 Pa;
2298 1555 2628 1628 ἐξηρτῆσθαι
2656 1552 2898 1624 γνώμης.
2925 1546 2998 1622 τῼ
3029 1549 3171 1604 κατά
3199 1548 3260 1602 τὺ
3284 1547 3570 1601 ἀκόλουθον
3608 1559 3701 1614 σογ-

2171 1647 2661 1711 κατασκευάζεται,
2696 1647 2789 1699 καὶ
2833 1645 2894 1698 τὸ
2942 1643 3000 1710 ἐξ
3047 1641 3289 1698 ἐναντίου
3322 1641 3613 1710 νοούμενον,
3642 1641 3698 1693 ὅτι

2171 1742 2322 1812 καὶὴ
2357 1740 2492 1812 πρὸς
2520 1739 2580 1792 τὸ
2606 1740 2788 1810 χεῖρον
2829 1736 2991 1808 ῥοπὴ,
3037 1738 3302 1808 μηδεμιᾶς
3339 1737 3532 1804 ἔξωθεν
3560 1733 3695 1804 βιαζο-

2176 1835 2342 1906 μένης
2385 1832 2629 1901 ἀνάγκης
2677 1829 2972 1898 ἐγγίνεται,
3016 1829 3129 1882 ἀλλ’
3168 1827 3301 1900 ὁμοῦ
3346 1829 3407 1882 τὸ
3449 1829 3636 1882 ἑλέσθαι
3656 1826 3698 1879 τδ

2172 1926 2360 1988 κακὸν,
2407 1924 2715 1993 ὑφίσταται,
2759 1921 2881 1974 τότε
2919 1923 2998 1984 είς
3034 1921 3243 1989 γένεσιν
3291 1921 3696 1992 παραγενόμενον.

2171 2020 2295 2072 ὅταν
2329 2015 2610 2087 ἑλώμεθαο
2643 2014 2775 2069 αὐτὸ
2812 2013 2868 2066 δέ
2914 2014 2996 2081 ἐφ’
3037 2011 3227 2066 ἐαυτοῦ
3277 2014 3401 2065 κατ’
3442 2011 3566 2064 ἰδίαν
3599 2011 3696 2063 6:6-

2175 2127 2360 2164 στασιν
2395 2107 2499 2175 ἔξω
2533 2106 2922 2178 προαιρέσεως,
2951 2103 3184 2173 οὐδαμοῦ
3219 2102 3280 2156 τὸ
3313 2103 3480 2157 κακὸν
3503 2102 3696 2171 εὑρίσκε-

2172 2219 2261 2255 ται
2280 2200 2549 2270 κείμενον.
2575 2199 2669 2252 Ἐκ
2695 2197 2752 2250 δὲ
2781 2195 2984 2250 τούτων
3012 2196 3044 2265 ὴ
3066 2195 3404 2265 αὑτοκρατής
3423 2210 3480 2247 τε
3503 2191 3585 2246 καὶ
3602 2191 3694 2244 αὐτ·

2173 2292 2413 2356 εξούσιος
2441 2290 2688 2360 δύναμις,
2718 2289 2784 2360 ἣν
2811 2288 3194 2358 ἐνετεκτήνατο
3221 2289 3286 2356 τῇ
3325 2286 3482 2355 φύσει
3518 2283 3610 2337 τῶν
3633 2282 3696 2335 ἀν-

2175 2383 2406 2454 θρώπων
2449 2384 2478 2436 6
2514 2383 2612 2452 τῆς
2639 2381 2852 2449 φύσεως
2888 2377 3112 2450 Κύριος,
3144 2377 3328 2446 σαφῶς
3369 2377 3694 2439 ἐπιδείκνυται,

2174 2476 2262 2529 διὰ
2295 2472 2386 2528 τοῦ
2419 2473 2595 2528 πάντα
2629 2472 2731 2542 τῆς
2758 2471 3128 2541 προαιρέσεως
3155 2470 3249 2540 τῆς
3278 2469 3545 2539 ἡμετέρας
3572 2465 3697 2536 ὴρτῆ·

2179 2566 2320 2629 σθαι,
2353 2567 2459 2619 εἴτε
2492 2563 2694 2633 ἀγαθὰ,
2727 2561 2837 2616 εἴτε
2865 2563 3081 2633 χείρονα
3102 2578 3115 2591 ο
3147 2561 3243 2632 τὴν
3283 2561 3339 2613 δὲ
3390 2560 3530 2614 θείαν
3563 2560 3696 2630 κρίσιν

2175 2658 2454 2728 ἀδεκάστῳ
2492 2656 2586 2711 καὶ
2621 2654 2813 2724 δικαίῳ
2851 2653 3018 2725 ψήφῳ
3046 2653 3147 2722 τῆς
3182 2651 3320 2706 κατά
3359 2651 3454 2723 τὴν
3479 2650 3697 2721 ἡμετέραν

2175 2750 2431 2823 πρόθεσιν
2475 2747 2768 2819 ἑπομένην,
2809 2747 2986 2800 ἐκεῖνο
3027 2746 3210 2815 νέμειν
3256 2744 3488 2815 ἐκάστῳ,
3516 2744 3628 2812 ὅπερ
3652 2739 3696 2793 ἂν

2177 2842 2354 2912 ἐαυτῷ
2393 2859 2475 2904 τις
2518 2839 2888 2910 παρεχόμενος
2938 2837 3104 2907 τύχῃ*
3137 2838 3247 2899 τοῖς
3288 2835 3405 2905 μὲν,
3444 2833 3604 2896 καθώς
3626 2849 3698 2900 φη·

2179 2949 2264 2986 σιν
2289 2933 2318 2985 6
2351 2929 2689 2992 Ἀπόστολος,
2721 2927 2842 2980 καθ’
2870 2926 3143 2995 ὑπομονὴν
3169 2924 3331 2996 ἔργου
3362 2922 3553 2992 ἀγαθοῦ
3582 2920 3697 2984 δόξαν

2178 3023 2272 3076 καὶ
2305 3023 2469 3091 τιμὴν
2497 3018 2738 3090 ζητοῦσι,
2768 3017 2912 3087 ζωὴν
2946 3016 3159 3070 αἰώνιον
3179 3033 3192 3048 ·
3232 3018 3345 3079 τοῖς
3378 3016 3434 3068 δὲ
3472 3014 3698 3068 ἀπειθοῦσι

494 3109 630 3171 sint,
669 3108 867 3177 cuique
901 3107 1094 3162 tribuit
1145 3105 1200 3161 id
1260 3105 1407 3177 quod
1449 3106 1576 3176 quis
1620 3106 1727 3162 sibi
1776 3105 1894 3175 ipse
1940 3105 2075 3160 forte

2183 3112 2283 3183 μὲν
2313 3114 2380 3183 τῇ
2412 3109 2659 3180 ἀληθείᾳ,
2689 3107 3029 3177 πειθομένοις
3061 3106 3116 3159 δὲ
3141 3108 3205 3176 τῇ
3239 3105 3442 3176 ἀδικίᾳ,
3465 3105 3611 3176 ὀργὴν
3633 3101 3700 3156 καὶ

494 3199 813 3269 praestiterit
847 3219 858 3252 :
893 3199 980 3252 his
1006 3197 1384 3268 quidem,qui,
1407 3207 1464 3251 ut
1487 3195 2069 3268 inquitApostolus“,

499 3295 919 3359 perseverantes
951 3287 1007 3340 in
1041 3287 1186 3340 bono
1237 3301 1402 3356 opere
1442 3288 1671 3358 gloriam
1716 3294 1772 3342 et
1810 3287 2074 3342 honorem

497 3386 776 3450 quaerunt,
808 3378 974 3433 vitam
1002 3387 1297 3445 aeternam;
1324 3377 1392 3432 iis
1432 3392 1562 3433 vero
1590 3377 1682 3447 qui
1714 3377 1936 3432 veritati
1963 3391 2073 3432 non

497 3472 901 3540 obtemperant,
932 3469 1027 3526 sed
1045 3465 1326 3536 injustitite
1354 3483 1558 3524 morem
1581 3470 2077 3539 gerunt,iram,af-

495 3561 790 3617 ilictionem
831 3570 886 3617 et
930 3561 1115 3616 omnia
1159 3574 1503 3631 quaecunque
1534 3561 1760 3616 nomina
1806 3562 1874 3617 ad
1917 3577 2076 3618 acer-

497 3655 624 3712 bam
664 3665 718 3710 et
751 3655 966 3710 tristem
1017 3655 1293 3723 pertinent
1334 3654 1777 3710 retributionem.
1805 3654 2080 3721 Quemad-

497 3748 718 3802 modum
747 3746 891 3801 enim
941 3745 1077 3801 artis
1131 3753 1356 3810 exactae,
1411 3745 1607 3814 proba,
1653 3760 1783 3799 vera
1819 3753 2081 3816 certaque

498 3838 742 3909 Specula,
782 3839 919 3893 tales
953 3839 1200 3893 vultuum
1242 3835 1545 3893 ostendunt
1581 3835 1808 3906 eﬂigies,
1861 3837 2081 3906 quales-

498 3946 717 4002 cunque
749 3929 852 4001 ipsi
893 3931 1078 3986 vultus
1113 3929 1245 3992 sint,
1277 3929 1482 3982 hilares
1517 3928 1739 3998 quidem
1781 3928 2074 3994 alacrium,

499 4022 725 4078 demissi
765 4030 966 4087 autem,
995 4021 1214 4077 obscuri
1247 4028 1301 4076 et
1341 4019 1601 4074 inammni
1640 4020 1989 4076 maerentium
2017 4034 2082 4076 ac

499 4115 857 4180 tetricorum;
891 4127 992 4168 nec
1033 4111 1243 4183 speculi
1289 4121 1541 4166 naturam
1595 4112 1795 4181 aliquis
1859 4114 2082 4182 culpare

509 4207 715 4276 possit,
765 4206 810 4260 si
860 4213 1000 4258 tetra
1051 4213 1105 4258 et
1150 4205 1426 4256 inamoena
1471 4209 1861 4272 repraesentata
1918 4203 2084 4259 fuerit

505 4296 732 4367 elligies,
759 4294 1050 4366 principali
1087 4293 1265 4348 forma
1305 4301 1532 4364 propter
1574 4307 1868 4348 maerorem
1915 4294 2082 4348 colla-

505 4405 603 4460 psa
635 4407 648 4443 :
679 4388 752 4442 ita
793 4387 1004 4457 justum
1043 4401 1263 4456 quoque
1298 4384 1392 4440 Dei
1451 4384 1722 4455 judicium
1760 4385 1972 4440 nostris
2009 4383 2084 4438 af-

2179 3204 2380 3274 θλίψιν,
2422 3203 2516 3254 καὶ
2565 3201 2742 3255 πάντα
2791 3199 2890 3251 ὅσα
2927 3200 3026 3268 τῆς
3075 3197 3402 3266 σκυθρωπῆς
3441 3193 3700 3255 ἀντιδόσεὼς

2180 3299 2327 3350 ἐστιν
2354 3293 2612 3364 ὀνόματα.
2639 3293 2850 3360 Ὥσπερ
2872 3289 2980 3359 γὰρ
2999 3288 3068 3342 τὰ
3088 3288 3287 3359 ἀκριϐῆ
3308 3288 3415 3342 τῶν
3436 3288 3700 3355 κατόπτρων

2180 3385 2432 3449 τοιαύτας
2482 3385 2718 3437 δείκνυσι
2767 3382 2868 3445 τὰς
2925 3381 3034 3433 τῶν
3090 3379 3398 3450 προσώπων
3454 3379 3698 3449 ἐμφάσεις,

2180 3474 2269 3533 οἷά
2297 3495 2401 3548 περ
2443 3477 2508 3531 ἂν
2545 3476 2613 3529 τὰ
2650 3474 2915 3546 πρόσωπα
2946 3468 3002 3546 ᾗ,
3034 3470 3233 3541 φαιδρὰ
3270 3471 3368 3540 μὲν
3399 3469 3501 3522 τῶν
3529 3467 3700 3538 φαιδρυ-

2182 3574 2442 3643 νομένων,
2467 3568 2684 3640 κατηφῆ
2723 3567 2778 3619 δὲ
2809 3564 2917 3618 τῶν
2959 3561 3484 3634 σκυθρωπαζόντωνο
3516 3560 3596 3612 καὶ
3629 3556 3701 3609 οὐκ

2184 3667 2250 3720 ἄν
2279 3683 2361 3728 τις
2389 3662 2691 3717 αἰτιάσαιτο
2733 3658 2829 3728 τὴν
2856 3655 2950 3709 τοῦ
2985 3655 3288 3725 κατόπτρου
3333 3653 3510 3722 φύσιν,
3539 3653 3581 3703 εί
3602 3665 3699 3701 σκε-

2185 3757 2402 3829 θρωπὸν
2424 3751 2690 3824 ἐμφανείη
2710 3749 2770 3804 τὸ
2795 3747 3159 3823 ἀπεικόνισμα
3180 3745 3272 3798 τοῦ
3300 3743 3624 3816 πρωτοτύπου
3640 3739 3700 3829 διε

2185 3827 2484 3917 κατηφείας
2528 3838 3022 3913 συμπεπτωκότος·
3048 3836 3188 3889 οὕτω
3235 3836 3327 3889 καὶ
3371 3839 3403 3906 ἡ
3443 3833 3604 3888 δικαία
3635 3827 3700 3880 τώ

2185 3937 2320 3992 Θεοῦ
2365 3935 2541 4007 κρίσις
2569 3935 2690 3995 ταῖς
2727 3929 3021 4002 ἡμετέραις
3066 3927 3367 3981 διαθέσεσιν
3399 3921 3700 3994 ἐξομοιοῦται,

2185 4026 2402 4098 οἷάπερ
2440 4025 2505 4079 ἂν
2544 4023 2612 4076 τὰ
2651 4021 2781 4093 παρ’
2827 4019 2982 4091 ἡμῶν
3027 4014 3084 4092 ᾖ,
3129 4017 3352 4070 τοιαῦτα
3389 4017 3511 4088 ἡμῖν
3547 4015 3602 4064 ὲκ
3626 4009 3700 4061 τῶν

2191 4121 2338 4174 ίδίων
2381 4116 2713 4189 παρέχουσα.
2767 4111 2963 4175 Δεῦτε,
2998 4108 3194 4179 φησὶν,
3232 4111 3285 4162 οὶ
3333 4102 3697 4174 εὐλογημένοι·

2189 4211 2303 4274 καὶ,
2354 4206 2708 4273 Πορεύεσθε,
2747 4205 2800 4256 ol
2841 4198 3255 4268 κατηραμένοι.
3292 4199 3381 4268 Μή
3425 4213 3503 4258 τις
3538 4192 3698 4256 ἀνάγκη

2187 4299 2296 4353 τῶν
2334 4295 2532 4361 ἔξωθεν
2577 4293 2668 4347 ἐπὶ
2705 4291 2908 4344 τούτων
2951 4289 3118 4351 ἐστὶν,
3165 4289 3276 4349 τοῖς
3305 4285 3490 4350 δεξιοῖς
3520 4283 3601 4352 μὲν
3630 4278 3700 4346 τὴν

2190 4387 2442 4456 γλυκεῖαν
2472 4382 2674 4452 φωνὴν,
2722 4382 2834 4442 τοῖς
2873 4378 2928 4431 δὲ
2970 4377 3273 4446 ἀριστεροῖς
3310 4375 3406 4446 τὴν
3436 4367 3700 4442 σκυθρωπὴν

508 4480 841 4536 feetionibus
859 4479 1199 4533 assimilatur
1224 4477 1661 4548 :qualiacunque
1683 4491 1712 4528 a
1744 4477 1903 4531 nobis
1933 4491 2075 4530 com-

2187 4474 2604 4546 ἀποκληροῦσα’;
2637 4472 2750 4542 Οῦχ
2778 4463 2922 4524 οὗτοι
2953 4469 3050 4539 μὲν
3083 4469 3150 4520 δι’
3183 4460 3258 4520 ὧν
3292 4466 3562 4536 ἐποίησαν,
3587 4461 3700 4526 ἔσχον

505 4574 673 4628 missa
705 4571 932 4635 fuerint,
973 4572 1111 4627 tales
1136 4571 1296 4627 nobis
1323 4571 1392 4625 de
1429 4585 1530 4624 suo
1558 4569 1808 4638 prazbens
1838 4568 2083 4623 retribu-

505 4664 708 4718 tiones.
757 4662 956 4726 Venite,
1008 4662 1185 4733 inquit
1208 4661 1274 4726 ³⁸,
1323 4660 1613 4723 benedicti;
1652 4666 1707 4714 et
1738 4677 1751 4712 :
1783 4658 1886 4723 Ite,
1928 4657 2086 4712 male-

510 4753 665 4810 dicti.
689 4753 872 4824 Ecqua
901 4756 1206 4810 necessitas
1253 4761 1482 4808 externa
1517 4753 1571 4806 in
1607 4751 1693 4806 his
1719 4759 1825 4818 est,
1857 4767 1979 4820 qua:
2016 4751 2085 4805 ad

507 4848 788 4901 dexteram
817 4845 1037 4915 quidem
1057 4845 1341 4900 collocatis
1357 4843 1685 4914 jucundam,
1705 4842 1771 4896 ad
1794 4843 2080 4897 sinistram

506 4950 639 4992 vero
684 4935 960 4989 stantibus
988 4934 1243 4990 acerbam
1285 4948 1475 4987 vocem
1510 4931 1816 4987 attribuat?
1859 4932 1942 4984 An
1973 4945 2084 4984 non

507 5023 563 5077 hi
608 5023 829 5094 quidem
882 5029 1108 5092 pr0pter-
1149 5036 1214 5076 ea
1257 5037 1380 5092 quae
1435 5020 1721 5086 fecerunt,
1763 5019 2083 5074 misericor-

508 5117 654 5170 diam
690 5115 973 5170 consecuti
999 5123 1148 5177 sunt,
1201 5113 1278 5166 illi
1310 5129 1460 5180 vero,
1531 5114 1742 5170 idcirco
1793 5110 1941 5183 quod
1987 5111 2084 5167 ad-

507 5221 702 5260 versus
733 5205 1033 5274 proximos,
1081 5211 1137 5257 et
1185 5204 1477 5274 populares
1519 5204 1781 5267 immites,
1839 5210 1892 5257 et
1929 5201 2086 5256 inhu-

507 5296 656 5350 mani
691 5293 934 5358 fuerunt,
968 5309 1172 5350 saevum
1204 5303 1258 5350 et
1299 5295 1508 5350 immite
1555 5293 1801 5363 sibiipsis
1833 5292 2079 5347 divinum

509 5402 713 5441 numen
760 5385 1168 5441 reddiderunt?
1226 5385 1386 5442 Dives
1435 5387 1525 5442 ille
1569 5385 1822 5441 diﬁluens
1869 5384 2084 5441 deliciis

511 5484 674 5544 atque
700 5474 938 5541 luxuria,
969 5473 1206 5529 mendici
1239 5475 1308 5529 ad
1329 5474 1662 5530 vestibulum
1700 5473 1900 5542 abjecti
1920 5483 2085 5544 atque

512 5567 696 5621 alllieti
743 5566 1005 5622 misertus
1054 5582 1164 5622 non
1227 5576 1341 5635 est;
1396 5566 1603 5622 idcirco
1648 5565 2080 5621 misericordiam

2187 4569 2278 4622 τὸν
2296 4567 2467 4632 ἔλεον,
2485 4565 2535 4616 οἱ
2549 4565 2605 4619 δέ
2621 4563 2698 4632 τῷ
2725 4562 2859 4629 πρὸς
2885 4561 3008 4623 τοὺς
3027 4557 3326 4629 ὁμοφύλους
3351 4555 3561 4626 ἀπηνῶς
3580 4553 3699 4621 ἔχειν,

2189 4657 2395 4728 ὰπηνές
2424 4657 2632 4718 ἐαυτοῖς
2671 4654 2729 4706 τὸ
2759 4654 2909 4707 Θείον
2949 4649 3245 4720 ἐποίησαν;
3283 4649 3396 4702 Οὐκ
3437 4647 3611 4718 ἠλέησε
3639 4640 3701 4692 τὸν

2190 4747 2267 4818 τῷ
2305 4747 2508 4801 πυλῶνι
2549 4741 3134 4817 προσταλαιπωροῦντα
3167 4739 3400 4810 πτωχὸν,
3421 4741 3449 4792 6
3481 4739 3587 4797 ταῖς
3609 4747 3701 4798 τρυ-

2191 4844 2318 4910 φαῖς
2356 4838 2739 4908 διακεχυμένος
2781 4833 3050 4896 πλούσιος,
3089 4832 3176 4885 διὰ
3222 4831 3376 4884 τοῦτο
3421 4827 3581 4895 ἐαυτῷ
3607 4825 3702 4877 ἀπο·

2186 4933 2375 4986 κόπτει
2404 4931 2492 4984 τὸν
2524 4930 2689 4990 ἔλεον,
2711 4926 2996 4996 ἐλεηθῆναι
3030 4924 3296 4994 δεόμενος,
3323 4922 3416 4976 καὶ
3443 4921 3534 4974 οὐκ
3559 4911 3704 4970 ἀκουόι

2189 5039 2367 5094 μενος·
2385 5021 2482 5089 οὐχ
2500 5021 2579 5072 ὃτι
2607 5017 2808 5088 ζημίαν
2839 5015 2998 5084 ἔφερε
3020 5013 3116 5083 μία
3137 5012 3290 5084 ῥανὶς
3309 5015 3386 5071 εἰς
3407 5012 3500 5082 τὴν
3519 5003 3704 5078 μεγάλην

2183 5113 2276 5166 τοῦ
2296 5111 2618 5184 παραδείσου
2641 5110 2841 5180 πηγὴν,
2859 5107 2970 5162 ἀλλ’
2991 5109 3072 5160 ὅτι
3093 5107 3125 5176 ἡ
3146 5105 3241 5174 τῆς
3262 5103 3383 5172 ἐλεη
3391 5101 3604 5173 μοσύνης
3623 5109 3705 5146 στα·

2183 5204 2295 5274 γὼν
2318 5204 2563 5274 ἀμίκτως
2581 5201 2696 5272 ἔχει
2722 5200 2856 5271 πρὸς
2879 5201 2976 5270 τὴν
3001 5198 3284 5267 ἀπήνειαν.
3326 5198 3420 5260 Τις
3435 5193 3536 5264 γὰρ
3552 5201 3705 5274 κρικω-

2188 5272 2290 5348 icta
2309 5272 2453 5363 φωτὶ
2474 5292 2622 5360 πρὸς
2645 5291 2900 5355 σκότος-ς
2923 5282 3047 5349 Οἷα,
3068 5285 3252 5355 φησὶν,
3270 5283 3345 5337 ἂν
3358 5282 3562 5349 σπείρῃ
3588 5279 3615 5329 ὁ

2191 5362 2440 5450 θρωπος,
2466 5378 2708 5433 τοιαῦτα
2742 5377 2841 5431 καί
2870 5377 3108 5444 θερίσει·
3133 5374 3216 5427 ὅτι
3247 5374 3275 5426 6
3300 5373 3526 5442 σπείρων
3548 5368 3614 5430 εἰς
3640 5362 3706 5428 τὴν

2193 5472 2391 5542 σάρκαν
2433 5472 2496 5522 ὲκ
2536 5469 2636 5540 τῆς
2680 5469 2878 5538 σαρκὸς
2923 5465 3126 5535 θερίσει
3165 5462 3400 5532 φθοράν*
3437 5462 3464 5513 6
3508 5459 3558 5512 δὲ
3599 5450 3706 5506 cmi-

2192 5580 2301 5635 ρων
2340 5563 2420 5627 είς
2458 5561 2516 5615 τὸ
2542 5558 2758 5632 πνεῦμα
2800 5561 2865 5612 ἐκ
2904 5558 2998 5612 τοῦ
3033 5555 3340 5627 πνεύματος
3378 5552 3565 5625 θερίσει
3604 5542 3706 5612 ζωὴν

578 5743 622 5774 ³²
650 5743 784 5800 Luc.
820 5762 955 5813 xv",
988 5751 1047 5805 21
1111 5747 1155 5779 ³³
1184 5745 1372 5801 Matth.
1402 5762 1476 5811 vr,
1523 5748 1573 5813 7,
1604 5748 1656 5804 8.
1718 5747 1761 5779 ³⁸⁸
1791 5745 1955 5804 Ilebr.
1987 5761 2075 5811 xu,

2234 5742 2277 5775 ³⁸
2308 5743 2498 5800 Matth.
2529 5755 2653 5808 xxv,
2682 5739 2771 5804 5t,
2806 5738 2891 5793 tt.
