3838 6362
111 390 263 446 1257
1203 387 1287 442 DE
1310 384 1904 443 BEATITUDINIBUS.
1942 385 2200 442 ORATIO
2240 386 2305 439 ν.
3235 393 3401 455 1259.

110 504 367 560 αἰώνιον.
414 504 632 575 Σπράν
676 499 826 575 οἶμαι
873 503 968 574 τὴν
1008 504 1355 576 ἀνθρωπίνην
1397 503 1534 559 εἶναι
1573 522 1701 577 προ-

1809 506 1909 561 sibi
1950 505 2217 574 praecidit,
2245 504 2622 561 misericordia
2650 505 2939 577 implorata
2981 523 3089 563 non
3130 512 3374 581 auditus;

107 596 374 665 αἰρεσιν·
407 596 562 666 θέρος
601 596 657 649 δὲ
691 597 789 667 τὴν
836 596 928 649 ὲπὶ
972 597 1038 666 τῇ
1068 595 1381 665 προαιρέσει
1416 596 1702 650 ἀντίδοσιν.

1809 609 1913 649 non
1980 594 2123 665 quod
2178 600 2328 664 gutta
2378 610 2484 649 una
2539 594 2608 650 de
2660 610 2859 665 magno
2923 597 3167 667 paradisi
3230 600 3380 658 fonto

107 686 403 758 Πολύχους
432 690 462 740 6
490 686 599 741 τῶν
642 686 861 755 ἀγαθῶν
906 686 1125 756 στάχυς.
1156 688 1268 748 τοῖς
1308 686 1561 757 τοιαύτην
1595 686 1705 741 ἑλο-

1809 686 2020 756 dempta
2065 685 2330 740 damnosa
2390 695 2570 754 esset,
2635 686 2729 744 sed
2792 688 2922 758 quia
2987 691 3377 747 misericordia

109 775 315 845 μένοις
349 774 586 846 σποράν·
642 774 897 837 ἐπίπονος
941 774 973 843 ἡ
1018 772 1372 839 ἀκανθολογία
1393 774 1504 835 τοῖς
1536 772 1705 825 ἀκαν-

1810 778 1954 833 stilla
1993 778 2337 832 commisceri
2374 785 2536 849 atque
2586 779 2979 835 communicari
3030 797 3153 837 cum
3213 783 3377 837 inliu-

104 866 268 937 θὼδη
318 866 610 937 σπέρματα
649 863 1135 934 καταϐαλλομένοις
1173 861 1253 932 τῷ
1297 862 1417 933 βίῳ.
1453 862 1571 933 Χρὴ
1599 861 1705 933 γὰρ

1809 865 2069 920 manitate
2090 880 2201 925 non
2228 876 2426 935 potest.
2508 868 2640 934 ραω
2659 866 2797 929 enim
2827 865 2932 920 luci
2947 868 3241 919 communio
3256 882 3375 919 cum

101 955 344 1018 πάντως
368 955 513 1008 ,αὐτὸ
546 954 757 1027 θερίσαι
806 953 946 1018 τινὰ,
993 953 1128 1024 ὅπερ
1175 951 1444 1024 ἔσπειρεν,
1477 953 1570 1007 καὶ
1605 952 1705 1005 οὐκ

1812 952 2037 1006 tenebris
2060 962 2141 1006 est
2180 958 2292 1013 παι
2331 957 2560 1024 Qualia,
2591 957 2788 1027 inquit,
2826 957 3156 1011 seminaverit
3195 956 3371 1011 homo.

100 1046 269 1101 ἐστιν
305 1048 499 1111 ἄλλως.

1809 1048 1942 1103 talia
1974 1056 2175 1113 metet;
2204 1050 2329 1120 quia
2361 1049 2452 1119 qui
2478 1046 2704 1101 seminat
2748 1049 2803 1101 in
2835 1060 3069 1112 carnem,
3106 1062 3171 1101 ex
3218 1060 3378 1100 carne

101 1153 278 1197 metet
334 1142 755 1208 corruptionem;
811 1149 867 1195 at
918 1139 1007 1210 qui
1048 1138 1270 1194 seminat
1326 1138 1381 1191 in
1435 1138 1704 1206 spiritum,
1760 1154 1827 1192 ea:
1873 1141 2065 1210 spiritu
2114 1150 2269 1196 metet
2308 1142 2469 1196 vitam
2506 1148 2754 1195 (sternam
2778 1138 2846 1193 ⁸⁸.
2899 1138 3206 1199 Semcntem
3253 1152 3377 1193 esse

101 1234 365 1288 arbitror
393 1233 631 1287 hominis
659 1232 985 1287 destinatam
1031 1231 1649 1297 voluntatem;messem
1670 1245 1800 1285 vero
1833 1232 2100 1288 voluntati
2130 1240 2294 1304 atque
2335 1233 2618 1305 pr0posito
2661 1231 3077 1288 convenientem
3115 1243 3373 1302 compen-

102 1324 393 1379 sationem
421 1329 474 1375 et
495 1323 927 1377 retributionem.
945 1319 1198 1376 Fecunda
1230 1320 1379 1390 spica
1403 1321 1668 1375 bonorum
1709 1328 1795 1375 cst
1825 1322 1893 1379 iis
1937 1323 2031 1393 qui
2077 1322 2345 1393 ejusmodi
2398 1329 2696 1378 sementem
2733 1321 2837 1377 sibi
2879 1322 3182 1393 elegerint;
3224 1320 3375 1377 labo-

99 1419 268 1476 riosa
311 1418 592 1486 spinarum
635 1415 886 1469 collectio
916 1419 1008 1469 'est
1065 1414 1135 1469 iis
1198 1412 1293 1482 qui
1359 1413 1581 1482 spinosa
1629 1413 1684 1466 in
1703 1413 1869 1467 vitam
1912 1416 2122 1469 semina
2161 1414 2483 1486 dejecerint.
2530 1411 2758 1483 Oportet
2798 1411 2944 1466 enim
2981 1412 3144 1483 plane
3173 1422 3378 1468 metere

100 1523 395 1579 quemque
448 1507 501 1561 id
545 1508 686 1576 quol
736 1505 1109 1570 seminaverit,
1166 1519 1230 1559 ac
1282 1504 1396 1559 ﬁeri
1457 1504 1612 1558 aliter
1664 1520 1774 1559 non
1818 1514 2018 1577 potest.

186 1598 483 1667 Μακάριοι
520 1600 575 1650 οι
613 1595 956 1666 ἐλεήμονες,
996 1595 1088 1649 ὅτι
1132 1596 1301 1651 αὐτοὶ
1334 1593 1702 1661 ἐλεηθήσον-

1877 1596 2033 1652 Beati
2061 1593 2425 1650 misericordes
2457 1608 2477 1647 :
2504 1595 2756 1665 quoniam
2804 1594 2907 1664 ipsi
2956 1593 3376 1649 misericordiam

102 1708 233 1746 ται.
266 1690 365 1754 Τίς
387 1689 454 1743 ἂν
480 1688 735 1753 διεξέλθοι
763 1687 918 1754 λόγος
954 1685 1291 1756 ἀνθρώπινος
1320 1685 1381 1739 τὺ
1406 1684 1566 1755 βάθος
1590 1683 1699 1738 τῶν

1809 1695 2196 1757 consequentur.
2229 1684 2486 1751 Quasnam
2537 1684 2714 1738 oratio
2755 1683 2995 1737 humana
3035 1681 3380 1753 profundita—

102 1780 457 1851 ἐγκειμένων
509 1780 797 1850 νοημάτων
839 1776 919 1848 τῷ
960 1778 1132 1848 λόγῳς
1174 1777 1247 1830 Τὸ
1289 1777 1397 1847 γὰρ
1440 1774 1705 1829 ἀπόλυτόν

102 1890 173 1928 τε
205 1874 306 1926 καὶ
330 1871 580 1941 ἀόριστον
612 1869 712 1939 τῆς
741 1868 924 1938 φωνῆς
950 1867 1133 1921 δίδωσί
1173 1884 1225 1921 τι
1261 1868 1354 1920 καὶ
1400 1865 1560 1920 πλέον
1596 1864 1705 1919 τῶν

102 1962 428 2034 εἰρημένων
461 1959 940 2032 περιεργάζεσθαι,
973 1959 1035 2012 τὸ
1085 1957 1159 2028 μὴ
1212 1956 1527 2028 προσθεῖναι
1563 1957 1706 2019 τίνες

105 2056 260 2109 εἰσιν
286 2056 365 2117 εἰς
389 2052 484 2114 οὓς
507 2051 726 2123 ἐνεργὸν
759 2047 897 2104 εἶναι
936 2051 1199 2120 προσήκει
1242 2049 1334 2102 τὸν
1368 2048 1548 2102 ἐλεοψ
1589 2046 1704 2101 ἀλλ’

104 2142 309 2206 ἁπλῶς
336 2143 509 2195 εἰπεῖν
540 2141 620 2194 ὃτι
652 2139 935 2207 Μακάριοι
954 2141 1014 2192 ὀὶ
1039 2136 1381 2207 ἐλεήμονες.
1411 2135 1564 2207 Τάχα
1600 2136 1704 2206 γὰρ

105 2237 256 2307 ἡμῖν
286 2232 527 2287 τοιοῦτόν
553 2250 606 2284 τι
629 2230 717 2284 διὰ
747 2231 856 2285 τῶν
888 2229 1194 2300 εἰρημένων
1224 2230 1253 2282 6
1288 2227 1446 2297 λόγος
1472 2227 1705 2282 αἰνίττε-

106 2341 236 2387 ται,
256 2323 333 2385 ὡς
356 2321 666 2375 ἀκολουθεῖν
695 2318 772 2390 τῷ
797 2316 1048 2388 μακαρίῳ
1073 2316 1256 2371 πένθει
1280 2314 1378 2387 τὴν
1406 2314 1499 2368 τοῦ
1525 2315 1706 2379 ἐλέους

105 2414 378 2468 διάνοιαν.
424 2412 533 2464 Καὶ
575 2409 682 2480 γὰρ
728 2410 844 2461 ἐκεῖ
886 2407 1218 2479 μακαριστὸς
1262 2402 1352 2477 ἦν,
1394 2409 1424 2461 6
1466 2406 1555 2459 τὸν
1580 2406 1708 2477 τῇδε

111 2504 237 2574 βίον
277 2505 335 2556 ὲν
364 2502 547 2555 πένθει
588 2500 928 2570 ποιούμενος,
970 2501 1065 2553 καὶ
1114 2499 1242 2553 ἔνθα
1278 2516 1369 2569 μοι
1410 2498 1559 2552 δοκεῖ
1605 2498 1706 2559 τὴν

110 2598 246 2667 ἴσην
279 2597 307 2648 6
334 2594 490 2661 λόγος
529 2592 922 2661 ὑποσημαίνειν
968 2590 1335 2645 διδασκαλίαν.
1354 2591 1440 2653 Ὠς
1473 2590 1581 2662 γὰρ
1612 2590 1708 2645 ἐπὶ

106 2686 227 2741 τῶν
273 2685 565 2755 ἀλλοτρίων
622 2682 971 2751 διατιθέμεθα
1021 2680 1335 2752 συμφορῶν,
1381 2681 1509 2734 ὅταν
1562 2682 1706 2744 τινὲς

108 2778 232 2834 τῶν
282 2776 599 2847 ἐπιτηδείων
644 2777 772 2846 ἡμῖν
824 2774 1141 2845 ἀϐουλήτοις
1192 2774 1300 2827 τισί⁵
1347 2772 1703 2843 συνενεχθῶσι

109 2870 404 2939 λύπαις,ἢ
444 2865 703 2937 πατρῴας
747 2866 925 2929 οἰκίας
978 2863 1414 2927 ἐκπεπτωκότες,
1453 2862 1486 2933 ἢ
1538 2878 1706 2916 ναυαο

109 2962 244 3032 γίου
302 2958 696 3031 περισωθέντες
737 2958 954 3028 γυμνοὶ,
990 2956 1022 3015 ἢ
1059 2957 1362 3026 πειραταῖς,
1398 2954 1432 3025 ἢ
1483 2954 1705 3025 λῃσταῖς

110 3016 424 3125 ύποχείριοι
492 3016 774 3119 γεγονότες
794 3016 890 3118 ,“ἥ
940 3016 1114 3102 δοῦλοι
1153 3016 1231 3112 ’ἐξ
1279 3016 1614 3116 ἐλευθέρῷν,
1668 3016 1772 3116 ἧς

110 3146 458 3217 αἰχμάλωτοι
504 3141 566 3208 ἐξ
611 3140 966 3212 εὐδαιμόνων,
1002 3141 1035 3211 ἢ
1066 3140 1194 3196 ἀλλο
1217 3157 1269 3193 τι
1293 3137 1533 3210 τοιοῦτον
1563 3139 1707 3191 ἀντι-

109 3236 377 3300 λαϐόντες
407 3238 596 3299 κακὸν,
632 3235 685 3289 ot
733 3232 871 3296 τέως
908 3234 967 3285 ὲν
1003 3230 1267 3301 εὐκληρίᾳ
1312 3229 1416 3284 τινὶ
1458 3229 1551 3282 τὸν
1593 3227 1705 3298 βίον

113 3326 518 3396 ἐξεταζόμενοι.
535 3325 624 3388 Ὠς
645 3323 823 3377 τοίνυν
843 3323 939 3374 ἐπὶ
965 3320 1170 3375 τούτων
1194 3321 1412 3391 ἀλγεινή
1452 3336 1536 3383 τις
1564 3317 1708 3387 γίνε-

113 3437 215 3475 ται
248 3421 368 3482 ταῖς
390 3418 588 3488 ψυχαῖς
609 3416 765 3487 ἡμῶν
793 3418 827 3486 ἡ
853 3415 1183 3476 συνδιάθεσις
1204 3431 1218 3444 ο
1252 3413 1391 3483 τάχα
1411 3412 1544 3465 πολὺ
1572 3410 1706 3481 μᾶλ-

115 3513 216 3566 λον
251 3513 336 3579 ἐφ’
368 3508 524 3580 ἡμῶν
562 3508 738 3562 αὐτῶν
786 3507 1040 3578 εὔκαιρον
1070 3505 1136 3559 ἂν
1183 3504 1266 3575 εἴη
1307 3504 1405 3574 τὴν
1449 3501 1705 3572 τοιαύτην

117 3600 440 3658 ἀνακεῖσθαι
471 3599 705 3653 διάνοιαν
734 3598 824 3652 ἐπὶ
849 3600 915 3668 τῇ
946 3597 1072 3667 παρ’
1095 3594 1249 3660 ἀξίαν
1276 3594 1368 3647 τοῦ
1396 3594 1509 3664 βίου
1552 3591 1701 3663 βολῇ.

118 3694 296 3746 Ὅταν
334 3692 444 3763 γὰρ
490 3688 860 3760 λογισώμεθα,
894 3687 977 3752 τίς
1022 3689 1055 3756 ἡ
1095 3684 1323 3757 λαμπρὰ
1362 3683 1518 3754 ἡμῶν
1555 3684 1703 3737 οίκία

114 3780 195 3856 ἧς
212 3781 643 3852 ἐκπεπτώκαμεν
660 3791 676 3806 ’
701 3779 820 3843 πῶς
851 3779 956 3832 ὑπὸ
986 3780 1099 3841 τοῖς
1129 3776 1350 3850 λῃσταῖς
1378 3773 1698 3844 γεγόναμεν·

117 3873 246 3936 πῶς
270 3873 346 3943 τῷ
382 3870 526 3942 βυθῷ
551 3869 642 3923 τοῦ
674 3869 799 3940 τῇδε
830 3868 946 3939 βίου
974 3865 1464 3928 καταὸυθισθέντες
1493 3864 1702 3932 ἀπεγυ-
1736 3886 1743 3889 “

121 3966 418 4040 μνώθημεν
440 3982 452 3996 ·
482 3964 629 4026 οἴους
661 3950 754 4016 κᾶι
784 3962 941 4021 ὅσους
982 3959 1243 4022 δεσπότας
1273 3957 1392 4012 ἀντὶ
1424 3958 1520 4028 τῆς
1551 3956 1702 4011 ἐλευ-

120 4057 311 4129 θερίας
340 4073 399 4109 τε
445 4054 540 4109 καὶ
586 4053 883 4125 αὐτονόμου
916 4051 1191 4121 διαγωγῆς
1232 4047 1661 4119 ὲπεσπασάμεθα
1685 4062 1699 4077 ·

120 4147 246 4212 πῶς
288 4148 348 4201 τὸ
398 4145 733 4219 μακαριστὸν
786 4144 888 4214 τῆς
928 4142 1070 4215 ζωῆς
1122 4141 1337 4213 θανάτῳ
1379 4141 1476 4196 καὶ
1528 4139 1704 4212 φθορᾷ

119 4235 453 4308 διεκόψαμεν
467 4253 480 4267 ⁸
509 4232 619 4306 ἆρα
641 4234 887 4295 δυνατὸν,
909 4236 958 4287 εἰ
977 4233 1176 4297 ταύτας
1197 4233 1349 4289 λάϐοι
1358 4249 1453 4304 μεν
1473 4230 1702 4296 ἐννοίας,

1806 1787 1914 1834 tem
1949 1777 2326 1834 intellectuum
2372 1774 2464 1846 qui
2508 1775 2596 1830 bis
2631 1774 2816 1830 verbis
2863 1774 3237 1839 continentur,
3277 1789 3376 1830 ex—

1805 1884 2009 1940 ponere
2038 1869 2257 1939 possit?
2282 1865 2416 1921 Nam
2453 1866 2706 1920 absoluta
2730 1865 2936 1935 pariter
2986 1872 3154 1935 atque
3182 1864 3376 1920 lndelk

1803 1962 1917 2015 nita
1942 1974 2045 2015 vox
2069 1959 2412 2014 occasionem
2442 1957 2647 2029 praebet
2674 1957 2835 2012 etiam
2869 1957 3079 2026 aliquid
3116 1955 3374 2027 amplius,

1804 2066 1967 2123 quam
2005 2066 2067 2106 ea
2092 2066 2214 2121 qua;
2237 2051 2398 2105 modo
2425 2051 2569 2105 dicta
2601 2057 2731 2106 sunt
2769 2050 3112 2120 exquirendi,
3142 2064 3210 2104 eo
3229 2050 3373 2120 quod

1806 2157 1916 2197 non
1961 2143 2162 2211 adjecit
2198 2140 2290 2210 qui
2336 2140 2447 2196 sint
2496 2140 2760 2195 adversus
2803 2154 2943 2210 quos
2986 2139 3371 2209 repraesentari

1804 2233 2239 2290 misericordiam
2298 2233 2610 2295 conveniat,
2673 2230 2769 2287 sed
2831 2231 3154 2301 simpliciter
3187 2231 3372 2286 dixit:

1806 2328 1962 2383 Beati
2016 2324 2402 2381 misericordes.
2459 2323 2713 2380 Forsitan
2763 2323 2908 2379 enim
2962 2322 3124 2378 nobis
3170 2322 3373 2393 aliquid

1803 2414 2072 2486 ejusmodi
2102 2429 2284 2469 sermo
2309 2428 2404 2484 per
2426 2412 2541 2468 liazc
2572 2413 2805 2467 latenter
2827 2411 3028 2477 innuit,
3054 2417 3114 2466 ut
3145 2418 3373 2466 senten-

1805 2507 1881 2561 tia
1913 2505 2306 2560 misericordiae
2329 2504 2489 2559 beato
2524 2503 2697 2557 luctui
2729 2508 3098 2559 consentanea
3127 2501 3376 2557 sitmam

1803 2605 1857 2652 et
1888 2596 2000 2651 illic
2026 2597 2218 2652 beatus
2252 2595 2578 2660 habebatur,
2624 2594 2719 2663 qui
2765 2600 3088 2664 praesentem
3118 2592 3281 2647 vitam
3316 2591 3374 2644 in

1808 2689 1958 2742 luctu
1980 2687 2259 2756 transigit,
2288 2695 2343 2741 et
2374 2685 2465 2740 hic
2497 2685 2631 2739 milii
2664 2698 2849 2740 sermo
2875 2684 3093 2740 videtur
3119 2683 3371 2739 eamdem

1803 2778 2109 2833 doctrinam
2141 2778 2407 2833 indicare.
2434 2776 2505 2831 Ut
2530 2776 2676 2831 enim
2696 2777 2752 2830 in
2771 2777 2965 2832 alienis
2991 2776 3260 2832 aﬂicimur
3279 2790 3375 2832 ca-

1807 2869 2165 2930 lamitatibus,
2224 2883 2347 2922 cum
2383 2869 2824 2923 necessariorum
2867 2875 3184 2922 nostrorum
3231 2866 3373 2921 ami-

1806 2976 1995 3014 corum
2023 2960 2186 3029 aliqui
2214 2960 2267 3013 in
2310 2957 2603 3028 improvisa
2634 2957 2881 3028 quasdam
2914 2956 3257 3012 incommoda
3293 2957 3376 3012 in-

1806 3050 2062 3116 ciderint,
2091 3050 2174 3104 vel
2206 3048 2417 3103 aedibus
2442 3047 2688 3116 paternis
2717 3045 2900 3117 ejecti,
2940 3047 3025 3102 vel
3045 3062 3110 3103 ex
3139 3046 3370 3103 naufra-

1807 3140 1893 3211 gio
1916 3140 2045 3195 nudi
2077 3139 2301 3205 servati,
2360 3138 2446 3192 vel
2505 3137 2560 3191 in
2602 3144 2929 3207 potestatem
2962 3137 3279 3207 praedonum
3314 3146 3370 3193 et

1808 3231 2079 3285 latronum
2118 3227 2343 3293 redacti,
2373 3228 2455 3283 vel
2487 3228 2628 3283 servi
2664 3242 2730 3283 ex
2766 3227 2955 3283 liberis
3002 3226 3154 3292 facti,
3181 3227 3268 3281 vel
3289 3240 3381 3280 ca-

1807 3323 2025 3393 ptiviex
2070 3320 2367 3375 fortunatis
2416 3326 2472 3374 et
2500 3318 2698 3384 beatis,
2749 3319 2836 3373 vel
2869 3333 2992 3373 cum
3049 3318 3232 3388 aliqua
3270 3318 3377 3372 alia

1806 3411 1971 3468 simili
1994 3412 2305 3467 calamitate
2338 3425 2600 3479 prospera
2656 3424 2848 3465 eorum
2880 3408 3104 3464 fortuna
3127 3423 3379 3464 commu-

1805 3512 1936 3567 tata,
1963 3503 2054 3572 qui
2086 3502 2248 3573 paulo
2275 3509 2400 3556 ante
2447 3500 2503 3554 in
2536 3500 2719 3571 aliqua
2744 3499 3005 3555 felicitate
3029 3507 3196 3570 atque
3225 3514 3381 3554 com-

1806 3595 2063 3650 moditate
2109 3593 2237 3648 vitae
2284 3592 2568 3662 conspicui
2623 3598 2916 3647 erantzut
2953 3590 3121 3660 igitur
3176 3591 3376 3646 acerba

1803 3685 2049 3758 quaedam
2086 3687 2139 3740 in
2175 3685 2373 3740 animis
2405 3683 2779 3749 nostris,dum
2806 3682 3376 3741 hiscondolescimus.

1803 3780 2021 3836 exsistit
2052 3778 2267 3835 affectio
2288 3783 2473 3832 tuatua
2496 3795 2511 3845 ;
2533 3775 2766 3832 Fortasse
2782 3774 2958 3829 multo
2980 3773 3154 3844 magis
3186 3773 3243 3829 in
3276 3789 3381 3829 no-

1804 3873 1889 3930 bis
1918 3873 2054 3942 ipsis
2095 3877 2463 3941 opportunum
2512 3868 2676 3923 fuerit
2719 3864 2990 3938 ejusmodi
3041 3865 3244 3921 mentis
3294 3865 3381 3919 iu-
3412 3880 3425 3895 κ

1804 3967 2035 4023 stituere
2056 3963 2401 4020 all‘ectionem
2429 3974 2493 4018 ac
2515 3960 2966 4031 dispositionem,
2984 3965 3208 4028 propter
3231 3971 3377 4021 eam,

1802 4075 1923 4132 quae
1943 4068 2140 4130 praeter
2169 4057 2487 4129 dignitatem
2508 4055 2565 4110 in
2588 4056 2697 4109 vita
2725 4059 2921 4108 nostra
2938 4048 3235 4119 contingit,
3255 4062 3376 4102 mu-

1805 4151 2089 4209 tationem.
2112 4148 2249 4205 Cum
2286 4146 2432 4202 enim
2458 4143 2897 4216 reputaverimus
2928 4154 3052 4211 qum
3072 4140 3146 4195 sit
3191 4139 3378 4208 epicu-

1820 4243 1947 4297 dida
1976 4242 2069 4298 illa
2098 4248 2289 4297 nostra
2329 4236 2492 4299 sedes
2529 4235 2681 4291 unde
2717 4232 3060 4297 excidimus,
3102 4228 3379 4301 quomodo

120 4324 431 4395 ἀλλοτρίαις
454 4327 761 4395 συμφοραῖς
788 4321 1273 4394 προσασχολεῖσθαι
1298 4322 1388 4376 τὸν
1414 4321 1582 4387 ἔλεον,
1611 4322 1705 4375 καὶ

1810 4336 1866 4391 ἱη
1920 4339 2253 4405 potestatem
2292 4332 2571 4385 latronum
2611 4326 2951 4390 venerimus,
3002 4320 3279 4391 quomodo
3320 4320 3378 4376 in

122 4415 231 4469 οὐκ
259 4414 425 4484 αὐτὴν
470 4415 716 4478 ἐλεεινῶς
747 4414 844 4485 τὴν
873 4414 1050 4486 ψυχὴν
1083 4413 1448 4479 διατίθεσθαι,
1492 4412 1704 4482 λογιζο-

127 4503 439 4577 μένηνᾶτε
487 4500 652 4575 εἶχεν,
685 4498 760 4559 ὧν
799 4523 859 4559 τε
905 4506 1295 4575 ὲκπέπτωκενς
1349 4504 1414 4557 Τί
1453 4504 1560 4573 γὰρ
1606 4503 1705 4573 τῆς

122 4594 502 4665 αἰχμαλωσίας
540 4595 745 4667 ταύτης
775 4596 1164 4668 ἐλεεινότερον;
1223 4595 1368 4648 Ἀντὶ
1399 4594 1499 4663 τῆς
1536 4595 1594 4646 ὲν
1626 4592 1706 4663 τῷ

127 4686 438 4759 παραδείσῳ
468 4689 708 4758 τρυφῆς,
760 4689 822 4742 τὸ
864 4688 1092 4751 νοσῶδες
1135 4686 1292 4741 τοῦτο
1320 4687 1414 4741 καὶ
1451 4684 1706 4740 ἐπίπονον

126 4777 328 4849 χωρίον
354 4778 412 4830 ὲν
449 4781 517 4849 τῇ
549 4780 661 4850 ζωῇ
697 4778 1120 4850 κεκληρώμεθα·
1165 4778 1284 4832 ἀντὶ
1309 4778 1409 4849 τῆς
1440 4775 1707 4837 ἀπαθείας

128 4865 366 4938 ἐκείνης,
402 4867 499 4931 τὰς
537 4868 736 4939 μυρίας
776 4868 884 4922 τῶν
936 4868 1273 4940 παθημάτων
1311 4868 1708 4939 ἀντειλήφαμεν

126 4959 341 5030 κῆραςο
375 4959 497 5012 ἀντὶ
532 4960 630 5029 τῆς
665 4959 876 5031 ὑψηλῆς
915 4960 1127 5030 ἐκείνης
1152 4958 1446 5029 διαγωγῆς,
1479 4958 1573 5012 καὶ
1610 4957 1707 5024 τῆς

132 5049 275 5122 μετὰ
298 5048 405 5102 τῶν
430 5049 678 5118 ἀγγέλων
709 5047 875 5122 ζωῆς,
906 5054 1019 5116 τοῖς
1044 5051 1255 5123 θηρίοις
1286 5049 1385 5120 τῆς
1410 5051 1512 5121 γῆς
1539 5064 1711 5101 συνοι-

130 5142 264 5229 κεῖν.
285 5140 720 5211 κατεκρίθημεν·
756 5142 851 5197 τοῦ
892 5140 1182 5211 ἀγγελικοῦ
1230 5158 1290 5195 τε
1332 5141 1427 5195 καὶ
1467 5138 1712 5202 ἀπαθοῦς

128 5233 227 5287 τὸν
263 5232 503 5302 κτηνώδη
532 5231 646 5301 βίον
669 5234 1125 5305 ἀνταλλαξάμενοι
1146 5274 1161 5297 ,
1198 5233 1322 5296 τοὺς
1354 5231 1583 5303 πικροὺς
1614 5229 1712 5301 τῆς

132 5320 279 5391 ζωῆς
299 5320 456 5407 ἡμῶν
472 5321 786 5392 τυράννους,
811 5324 934 5387 τοὺς
958 5323 1268 5385 λυσσῶντας
1292 5322 1386 5375 καὶ
1406 5321 1713 5392 ἀγριαίνον-

50 5408 53 5411 ’
131 5429 233 5475 τας
264 5411 525 5475 δεσπότας
543 5452 560 5477 ,
588 5414 672 5475 τίς
702 5413 768 5467 ἂν
803 5415 1000 5485 ῥαδίως
1029 5413 1244 5487 ἀριθμῷ
1273 5412 1585 5483 περιλάϐοι;
1615 5411 1714 5462 Πι-

134 5500 266 5572 atpr
287 5500 549 5569 δεσπότης
584 5501 613 5554 ὁ
646 5501 846 5573 θυμός³
881 5504 1120 5569 τοιοῦτος
1148 5504 1307 5566 ἄλλος
1337 5505 1366 5555 6
1393 5500 1587 5569 φθόνος
1611 5517 1623 5529 ’
1658 5498 1735 5552 τὸ·

140 5591 315 5666 μῖσος,
339 5589 400 5643 τὸ
421 5587 543 5643 καθ’
570 5589 946 5662 ὑπερηφανίαν
989 5593 1178 5659 πάθος,
1203 5591 1483 5662 λυσσώδης
1510 5605 1593 5653 τις
1622 5588 1716 5644 καὶ

208 5784 277 5821 ’δ’
303 5782 350 5841 ll
382 5783 509 5839 Cor.
540 5797 617 5845 vr,
654 5780 741 5834 14.
817 5774 997 5829 "Gal.
1023 5789 1097 5837 tv,
1127 5771 1182 5827 6.

382 5882 653 5942 PLTBOL.
698 5875 819 5938 Gn.
863 5868 1082 5933 XLIV.

1812 4424 2092 4497 profundo
2152 4421 2317 4491 huius
2373 4418 2559 4475 saeculi
2614 4415 2853 4472 demersi
2919 4412 3109 4469 nudati
3161 4410 3399 4472 simus,

1808 4516 1998 4589 quales
2026 4523 2080 4571 et
2108 4527 2273 4585 quam
2314 4510 2517 4565 multos
2551 4520 2652 4577 pro
2682 4519 2750 4560 eo
2800 4503 2946 4573 quod
2990 4501 3162 4556 libere
3209 4507 3263 4554 et
3308 4498 3375 4589 ad

1809 4587 2099 4662 arbitrium
2119 4610 2366 4658 nostrum
2384 4599 2548 4653 vitam
2575 4594 2934 4665 degebamus,
2956 4589 3212 4646 dominos
3230 4587 3346 4644 asci
3360 4617 3375 4628 ο

1808 4698 2090 4759 verimus,
2142 4689 2416 4764 quomodo
2438 4684 2834 4743 beatitudinem
2893 4683 3018 4735 vitae
3078 4686 3257 4734 morte
3301 4686 3379 4731 at-

1808 4805 1915 4863 que
1935 4785 2289 4857 corruptione
2319 4777 2810 4849 interruperimus:
2859 4770 3107 4842 nunquid
3131 4769 3246 4825 ﬁeri
3276 4782 3377 4840 po-

1808 4859 1952 4948 test,
1984 4881 2031 4936 si
2055 4880 2157 4934 has
2196 4874 2557 4945 cogitationes
2595 4865 3020 4937 sumpserimus,
3062 4871 3125 4915 ut
3164 4859 3380 4916 miseri-

1810 4972 1999 5028 cordia
2027 4970 2084 5024 in
2111 4964 2309 5021 alienis
2333 4955 2741 5017 calamitatibus
2770 4959 3042 5022 occupata
3073 4949 3166 5013 sit,
3184 4955 3241 5002 et
3264 4961 3375 5000 nou

1812 5063 2028 5118 animus
2068 5060 2215 5114 circa
2262 5052 2505 5123 seipsum
2539 5045 2925 5104 miserabiliter
2964 5039 3252 5113 adiciatur.
3291 5050 3378 5091 rc-

1811 5161 2012 5226 putans
2041 5163 2164 5221 qua
2195 5154 2250 5203 et
2288 5145 2508 5211 habeat,
2556 5148 2611 5197 et
2641 5138 2843 5209 quibus
2892 5130 3205 5191 exciderit?
3235 5128 3377 5226 Quid

1812 5218 1957 5302 enim
1983 5218 2087 5298 hac
2123 5237 2443 5309 captivitate
2483 5225 2898 5288 miserabilius?
2942 5238 3041 5295 pro
3069 5238 3138 5278 eo
3165 5227 3228 5276 ut
3266 5218 3380 5274 ala-

1812 5350 1936 5391 mur
1958 5336 2013 5388 in
2038 5330 2316 5402 paradiso,
2347 5326 2452 5382 hoc
2464 5321 2673 5397 morbis
2696 5316 3050 5383 etlaboribus
3073 5310 3377 5402 obnoxium

1814 5400 2076 5497 praedium
2102 5424 2157 5479 in
2196 5422 2303 5476 vita
2339 5417 2510 5476 sortiti
2567 5423 2622 5469 et
2655 5411 2845 5481 adepti
2890 5420 3125 5497 sumus;
3157 5417 3255 5497 pro
3286 5400 3382 5455 illa

1815 5493 2250 5588 impatibilitate,
2281 5508 2533 5588 .inlinitas
2569 5503 2890 5575 passionum
2922 5493 3379 5588 ct__al‘l'lictiorium

1817 5576 1992 5665 sortes
2011 5604 2243 5661 invicem
2274 5576 2619 5670 accepimus;
2644 5604 2745 5664 pro
2770 5589 2861 5646 illa
2884 5585 3107 5645 sublimi
3150 5590 3382 5638 conver-

2968 5830 3147 5896 'lt0.
