3838 6362
539 369 557 420 ι
570 369 678 425 259

534 589 816 630 cumcum
875 575 1000 628 feris
1041 575 1394 629 terrestribus
1443 575 1689 630 damnati
1735 590 1948 638 sumus,
2017 589 2114 628 an-

534 668 704 736 gelica
735 669 936 737 pariter
964 674 1018 721 et
1046 666 1333 736 impatibili
1365 667 1488 731 vita,
1543 682 1668 722 cum
1707 668 1964 737 pecuaria
2016 668 2113 721 be-

536 759 790 828 stialique
839 767 1188 828 permutata:
1224 761 1347 828 quis
1393 773 1618 812 numero
1669 757 1828 813 facile
1871 772 2117 828 compre-

534 850 771 906 hendere
805 849 980 921 possit
1014 851 1244 904 acerbos
1277 851 1401 904 vitae
1441 857 1643 904 nostra:
1672 857 1936 920 tyrannos
1957 890 1970 912 ,
2020 848 2105 903 fu-

532 953 714 999 rentes
744 950 798 998 et
835 943 1123 998 saevientes
1153 943 1454 998 dominos?
1483 945 1686 998 acerba
1741 943 1963 997 domina
2004 943 2115 996 ira-

528 1036 729 1092 cundia
759 1053 773 1102 ;
801 1036 971 1090 altera
1003 1036 1132 1090 talis
1174 1036 1383 1090 invidia
1411 1045 1537 1102 est;
1573 1036 1781 1096 odium,
1827 1037 2100 1106 superbiae

529 1130 746 1192 vitium,
779 1127 985 1184 furiosa
1017 1128 1272 1199 quaedam
1307 1144 1370 1184 ac
1394 1145 1536 1184 saeva
1561 1130 1814 1202 tyrannis
1834 1138 1918 1185 est
1948 1149 1962 1191 ;
1991 1138 2114 1184 tan-

530 1235 693 1291 quam
744 1222 974 1291 pecunia
1020 1220 1320 1290 redemptis
1365 1220 1639 1277 insultans
1685 1229 1846 1290 atque
1884 1221 2116 1275 illudens

529 1313 818 1366 libidinosa
851 1312 1109 1382 cogitatio
1143 1319 1246 1376 est,
1265 1327 1385 1382 quae
1403 1311 1660 1366 absurdis
1690 1319 1745 1367 et
1775 1312 1993 1368 vitiosis
2021 1327 2116 1383 pa-

527 1405 664 1459 riter
719 1413 883 1473 atquc
915 1403 1150 1473 impuris
1175 1403 1499 1458 ministeriis
1541 1410 1794 1457 naturam
1836 1404 2117 1473 mancipat

530 1505 699 1569 atque
753 1496 1156 1566 addicitz‘qua:
1215 1511 1346 1551 vero
1379 1503 1529 1550 tanta
1583 1504 1804 1566 tamque
1847 1497 2114 1551 immensa

530 1589 805 1645 acerbitas
834 1596 941 1652 est,
968 1602 1134 1657 quam
1169 1586 1414 1641 avaritiae
1460 1587 1711 1658 tyrannis
1746 1601 1858 1641 non
1891 1593 2115 1657 superet

533 1691 700 1750 atque
731 1677 1046 1750 praecedat,
1071 1693 1192 1748 quae
1219 1676 1477 1733 miseram
1521 1677 1759 1731 animam
1791 1678 1846 1732 in
1880 1677 2115 1732 servitu-

526 1783 640 1828 tem
699 1771 979 1826 redactam
1022 1784 1240 1840 semper
1283 1768 1640 1839 inexplebiles
1667 1779 1722 1825 et
1772 1769 2113 1826 insatiabiles

530 1877 660 1918 suas
689 1860 1020 1932 cupiditates
1065 1860 1212 1931 cogit
1253 1859 1476 1929 explere
1504 1900 1521 1927 ,
1572 1875 1694 1930 quae
1739 1875 1866 1914 cum
1899 1875 2114 1930 semper

529 1955 752 2026 accipit,
794 1963 906 2009 tum
956 1966 1239 2023 nunquam
1279 1950 1560 2021 impletur,
1600 1951 1765 2007 veluti
1820 1951 2114 2020 multiceps

525 2042 776 2114 quaedam
830 2041 949 2097 fera
991 2041 1184 2096 oribus
1219 2039 1527 2095 innumeris
1579 2037 1894 2109 inexplebili
1942 2039 2114 2094 ventri

527 2135 708 2191 cibum
736 2132 1116 2190 transmittens
1149 2130 1270 2184 :cui
1297 2130 1444 2183 nulla
1473 2144 1714 2200 unquam
1742 2129 1992 2184 lucrandi
2021 2143 2112 2184 sa-

525 2227 690 2283 tietas
719 2225 972 2291 exsistit;
1003 2222 1098 2278 sed
1136 2222 1188 2278 id
1223 2221 1369 2293 quod
1405 2236 1626 2292 semper
1666 2222 1956 2292 accipitur,
1997 2235 2114 2276 ma-

529 2319 695 2374 teries
719 2327 884 2386 atque
915 2316 1324 2370 incitamentum
1367 2313 1490 2382 plus
1521 2313 1755 2367 habendi
1793 2311 2110 2382 cupiditatis

529 2409 795 2474 titiQuis
824 2409 990 2478 igitur
1043 2406 1145 2460 hac
1187 2405 1393 2459 infelici
1436 2419 1500 2458 ac
1537 2403 1741 2457 misera
1791 2403 1901 2458 vita
1928 2403 2112 2459 consi-

528 2503 718 2558 derata
744 2510 908 2570 atque
939 2513 1227 2569 perpensa,
1273 2495 1544 2566 ejusmodi
1575 2496 1918 2551 calamitates
1940 2503 1993 2550 et
2022 2495 2109 2550 in-

525 2591 813 2647 commoda
845 2609 954 2646 non
996 2590 1291 2644 miseratur
1315 2630 1329 2653 ,
1375 2603 1483 2642 non
1519 2587 1758 2644 humano
1802 2605 1954 2644 more
1992 2588 2110 2646 alli-

1843 369 1901 424 S.
1944 368 2273 424 GREGORII
2309 369 2606 425 NYSSENI
3643 380 3720 432 ιειυ

535 485 766 549 satione,
793 485 1010 551 vitaque
1035 481 1313 537 communi
1345 497 1469 536 cum
1514 483 1745 553 angi-lis,
1799 484 1865 536 ad
1927 485 2111 539 viven-

2216 485 2402 555 ἄγριος
2439 485 2700 556 τύραννος
2719 502 2730 514 ⁸

2785 485 2860 549 ὡς
2911 485 3319 558 ἀργυρωνήτων
3375 492 3720 560 κατατρυφῶνά

2216 576 2512 639 ἀκόλαστός
2562 577 2676 628 ἐστι
2715 576 3000 647 λογισμὸς,
3031 581 3060 630 6
3115 579 3252 647 πρὸς
3297 580 3399 642 τὰς
3438 581 3660 648 ἐμπτοεξ
3689 599 3720 635 Lc

2217 665 2312 718 καὶ
2351 665 2692 736 ἀκαθάρτους
2721 667 3024 736 ὑπηρεσίας
3053 668 3519 739 ἐξανδραποδίζων
3561 672 3637 741 τὴν
3665 674 3720 740 ςε-

2220 773 2303 809 σιν
2325 773 2338 785 ·
2371 759 2403 828 ἡ
2445 757 2502 809 δέ
2529 757 2628 826 τῆς
2658 756 2968 821 πλεονεξίας
2999 761 3275 830 τυραννὶς,
3306 760 3427 812 τίνα
3452 762 3506 813 οὑ
3533 763 3721 832 παρέρχεο

2217 865 2307 900 ται
2339 847 2563 920 πικρίας
2597 847 2899 918 ὑπερϐολήν
2925 865 2938 914 ;
2985 849 3048 902 Ἡ
3072 850 3171 920 τὴν
3201 850 3401 906 ἀθλίαν
3428 851 3718 920 δουλωσιμέπ

2217 938 2395 1009 ψυχὴν
2415 977 2430 999 ,
2460 939 2548 991 ἀεὶ
2574 938 2674 1001 τὰς
2701 937 3014 1008 ἀπλήστους
3042 939 3213 1010 αὐτῆς
3247 941 3537 1011 ἐπιθυμίας
3559 942 3720 1014 πληροῐν

2217 1028 2539 1096 ἀναγκάζει,
2579 1029 2810 1083 πάντοτε
2851 1029 3112 1100 δεχομένη
3151 1031 3248 1084 καλ⁵
3283 1030 3529 1086 οὐδέποτε
3564 1035 3722 1103 πλην»-

2221 1118 2355 1192 μένη
2377 1137 2390 1150 ·
2432 1117 2545 1174 οἷόν
2579 1139 2632 1174 τι
2667 1121 3040 1190 πολυκέφαλον
3070 1121 3261 1194 θηρίον
3282 1163 3297 1185 ,
3334 1124 3535 1194 μυρίοις
3565 1125 3722 1192 στόμια

2216 1213 2282 1282 τῇ
2317 1205 2627 1284 ἀπληρὼτῳ
2669 1213 2869 1283 γαστρὶ
2925 1213 3024 1284 τὴν
3074 1215 3285 1286 τροφὴν
3337 1212 3723 1286 παραπέμπει-ιιῇ

2217 1301 2392 1364 οὑδείς
2437 1319 2567 1355 ποτε
2601 1302 2697 1355 τοῦ
2743 1302 3047 1372 κερδαίνειν
3086 1303 3298 1372 γίνεται
3351 1306 3532 1376 κόρος·
3561 1305 3663 1356 ἀλλά
3691 1307 3724 1356 tl

2216 1395 2306 1447 ἀεὶ
2321 1393 2752 1465 λαμϐανόμενον,
2777 1393 2878 1465 ὑλη
2909 1395 3002 1448 καὶ
3025 1394 3362 1464 ὑπέκκαυμα
3393 1399 3489 1466 τῆς
3506 1395 3587 1449 τοῦ
3607 1396 3724 1448 πλείο-

2216 1503 2306 1548 νος
2344 1486 2638 1556 ἐπιθυμίας
2669 1485 3016 1540 καθίσταται.
3056 1485 3152 1549 Τίς
3197 1486 3384 1538 τοίνυν
3421 1487 3507 1538 τὸν
3541 1486 3724 1553 δύστηνον

2215 1577 2404 1632 τοῦτον
2457 1577 2570 1648 βίον
2616 1579 2959 1648 κατανοήσας
3011 1577 3255 1648 ἀνηλεῶς
3294 1578 3388 1631 καὶ
3421 1578 3612 1649 ἀπηνῶς
3639 1579 3724 1648 πρὸς

2215 1669 2313 1733 τὰς
2357 1669 2612 1734 τοιαύτας
2648 1669 2934 1742 συμφορὰς
2966 1670 3301 1736 διατίθεται;
3355 1672 3490 1725 Ἀλλ’
3526 1671 3659 1724 αἴτιον
3689 1672 3722 1721 τὴ

2220 1762 2294 1833 μὴ
2339 1761 2510 1815 ἐλεεῖν
2549 1763 2697 1833 ἡμᾶς
2746 1762 2943 1826 αὑτοὺς
2992 1763 3050 1815 ἐν
3094 1761 3426 1834 ἀναισθησίᾳ
3469 1763 3564 1815 τῶν
3600 1761 3720 1815 κακῶν,

2147 1834 2187 1890 Β
2215 1849 2354 1908 εἶναι
2373 1870 2388 1884 ·
2418 1849 2528 1909 οἷόν
2550 1871 2602 1908 τι
2631 1855 2928 1924 πάσχουσιν
2960 1854 3009 1906 oi
3039 1856 3103 1907 ἐκ
3140 1854 3338 1924 μανίας
3380 1855 3659 1925 παράφοροι,
3678 1846 3721 1903 ὅτι

2211 1949 2244 2017 ή
2270 1946 2544 2018 ὑπερϐολὴ
2566 1944 2659 2000 τοῦ
2689 1944 2884 2011 κακοῦ,
2907 1946 3004 2000 καὶ
3027 1947 3127 2016 τὴν
3153 1945 3410 2016 αἴσθησιν
3430 1939 3500 1998 ὧν
3525 1944 3720 2014 πάσχουσι

2211 2039 2650 2110 προσαφῄρηται.
2693 2039 2758 2091 Εἰ
2807 2037 2984 2092 τοίνυν
3019 2056 3105 2102 τις
3149 2039 3344 2092 ἑαυτὸν
3390 2035 3624 2104 ἐπιγνοεη,
3654 2030 3722 2094 οἷός

2213 2149 2272 2185 τε
2301 2133 2565 2203 πρότερον
2613 2126 2716 2201 ἦν,
2753 2131 2849 2184 καὶ
2897 2126 3008 2194 οἷος
3038 2129 3131 2183 ἐπὶ
3165 2128 3261 2184 τοῦ
3311 2129 3563 2201 παρόντος
3603 2126 3719 2178 ἐστίν’

2213 2222 2351 2294 φησὶ
2376 2222 2433 2276 δέ
2470 2239 2570 2276 που
2601 2221 2695 2276 καὶ
2724 2221 2752 2274 6
2791 2220 3061 2293 Σολομῶν,
3091 2222 3174 2275 ὅτι
3203 2225 3269 2274 οι
3293 2219 3515 2274 ἑαυτῶν
3541 2218 3719 2285 ἐπιγνώ-

2211 2331 2396 2385 μονες
2437 2313 2644 2382 σοφοί·
2686 2313 2936 2366 οὐδέποτε
2968 2312 3132 2366 ἐλεῶν
3173 2315 3201 2366 6
3234 2312 3472 2374 τοιοῦτος
3509 2310 3718 2364 παύσεται,

2215 2410 2282 2478 τῇ
2326 2407 2384 2461 δὲ
2417 2406 2640 2478 τοιαύτῃ
2675 2406 2775 2475 τῆς
2812 2405 2991 2477 ψυχῆς
3031 2405 3268 2459 διαθέσει
3298 2405 3394 2459 καὶ
3429 2407 3456 2458 6
3483 2403 3601 2463 θεῖος
3628 2398 3720 2456 ἕλεος

2218 2499 2359 2554 κατά
2389 2500 2450 2553 τὸ
2479 2499 2624 2562 εἰκὸς
2655 2498 3028 2568 ἀκολουθήσει.
3073 2497 3163 2549 Διό
3197 2514 3362 2567 ερησιν
3389 2512 3401 2525 ·
3436 2492 3670 2560 Μακάριοι
3686 2489 3720 2540 (ιε

2221 2593 2567 2664 ἐλεήμονες,
2591 2593 2678 2646 ὅτι
2700 2592 2866 2646 αὐτοὶ
2890 2591 3347 2660 ἐλεηθήσονται.

527 2684 670 2739 citur
716 2689 771 2738 et
833 2679 1254 2740 commovetur?
1302 2677 1436 2732 Nam
1491 2677 1698 2733 idcirco
1758 2682 2123 2752 nosmetipsos
2179 2697 2289 2738 non
2357 2684 2706 2746 miseramur,
2764 2683 2892 2754 quia
2946 2698 3111 2740 sensu
3175 2683 3441 2736 malorum
3501 2687 3719 2734 caremus:

525 2781 686 2850 quale
734 2776 989 2848 quiddam
1061 2773 1244 2828 furore
1267 2772 1534 2842 correptis
1559 2770 1782 2850 accidit,
1812 2790 2044 2844 quorum
2085 2774 2458 2847 insuperabile
2513 2777 2716 2831 malum
2795 2777 2958 2830 etiam
3025 2790 3248 2830 sensum
3319 2789 3497 2830 eorum
3541 2786 3634 2841 qua!
3665 2783 3721 2836 pa-

528 2870 739 2925 tiuntur
785 2869 1008 2938 insuper
1057 2867 1283 2921 ademit.
1336 2864 1392 2919 Si
1445 2865 1568 2935 quis
1643 2865 1809 2934 igitur
1838 2867 2080 2937 seipsum
2119 2870 2419 2940 agnoverit,
2447 2871 2628 2941 qualis
2655 2877 2710 2924 et
2746 2869 2896 2940 prius
2931 2877 3098 2934 esset,
3142 2876 3195 2922 et
3227 2868 3408 2938 qualis
3454 2868 3500 2920 in
3537 2863 3719 2935 ιιι-περιιιί

527 2960 601 3014 sit
631 2960 728 3029 (ait
767 2961 912 3014 enim
963 2956 1126 3011 etiam
1193 2955 1450 3010 Salomon
1512 2955 1736 3019 alicubi,
1777 2955 1924 3026 quod
1983 2957 2084 3028 qui
2145 2961 2358 3030 seipsos
2399 2966 2741 3031 cognoscunt
2789 2967 2844 3014 et
2889 2968 3224 3023 scrutantur,
3262 2959 3526 3028 sapientes
3546 2954 3666 3020 sint),
3694 2951 3722 3001 is

527 3065 805 3120 ntu‘iquam
837 3049 1048 3104 desinet
1076 3049 1328 3106 miserari
1361 3069 1372 3104 :

1445 3051 1606 3104 talem
1677 3061 1857 3106 autem
1911 3053 2108 3108 anima:
2145 3055 2488 3110 affectionem
2519 3055 2681 3110 etiam
2703 3054 2888 3109 divina
2918 3055 3173 3109 nimirum
3199 3051 3560 3109 misericordia
3587 3063 3722 3103 conse—

527 3157 746 3219 quetur.
781 3147 1144 3215 Quamobrem
1211 3149 1287 3202 ait
1328 3165 1340 3201 :
1410 3148 1566 3202 Beati
1622 3149 2010 3214 misericordes,
2033 3155 2280 3222 quoniam
2313 3153 2417 3222 ipsi
2443 3151 2866 3206 misericordiam
2895 3159 3290 3222 consequentur.

596 3240 726 3310 Ipsi,
751 3255 858 3293 non
891 3239 983 3292 alii
1007 3258 1021 3294 :
1052 3255 1148 3308 per
1175 3240 1279 3292 hoc
1305 3239 1450 3294 enim
1473 3254 1673 3292 nomen
1702 3239 2041 3306 declaratur,
2061 3251 2113 3296 ul

2297 3244 2461 3297 Αὑτοὶ
2511 3243 2630 3313 οὑχὶ
2681 3241 2890 3312 ἕτεροι·
2937 3242 2995 3294 ἐν
3039 3239 3209 3310 τούτῳ
3253 3239 3364 3311 γάρ
3417 3234 3653 3307 σαφηνίζει
3687 3228 3723 3280 τὸ

529 3336 574 3390 si
615 3335 742 3404 quis
789 3333 938 3387 dicat
973 3351 987 3387 :
1031 3332 1258 3388 Beatum
1301 3340 1385 3387 est
1413 3333 1611 3388 habere
1651 3348 1839 3387 curam
1869 3335 2116 3404 corporis

523 3425 804 3498 sanitatis.
844 3422 975 3477 Nam
1013 3424 1103 3492 qui
1135 3437 1324 3477 curam
1376 3422 1563 3486 habet,
1602 3425 1719 3494 ipse
1774 3425 1829 3479 in
1883 3427 2118 3481 sanitate

528 3518 713 3572 vivet:
754 3519 828 3570 ita
865 3515 1183 3570 misericors
1216 3515 1409 3570 beatus
1427 3514 1834 3580 esthabeudus,
1853 3518 2116 3586 quoniam

527 3611 742 3664 fructus
781 3606 1176 3663 misericordiae
1214 3607 1496 3678 preprium
1583 3623 1749 3664 onum
1800 3611 2118 3667 misericor-

527 3703 614 3757 dis
664 3699 914 3766 exsistit,
957 3699 1073 3754 sive
1129 3699 1287 3769 juxta
1326 3714 1472 3754 nunc
1531 3709 1803 3770 repertam
1865 3717 1894 3756 a
1958 3703 2118 3758 nobis

527 3794 796 3848 rationem
831 3791 980 3848 dicta
1004 3791 1403 3863 intelligantur,
1453 3808 1574 3848 sive
1624 3793 1788 3848 etiam
1808 3795 1965 3864 juxta
1996 3809 2116 3850 eam

527 3900 650 3955 quat
679 3893 804 3938 ante
829 3882 1082 3938 discussa
1106 3891 1272 3952 atque
1299 3883 1572 3953 explicata
1614 3890 1718 3948 est,
1760 3883 1829 3940 de
1871 3899 1938 3940 eo
1969 3885 2114 3951 dico,

431 4007 433 4010 ‹
528 3975 622 4044 qui
646 3975 702 4030 in
726 3973 922 4029 alienis
948 3972 1360 4028 calamitatibus
1402 3973 1574 4028 animi
1611 3975 2017 4031 condolentiam
2062 3983 2117 4032 et

529 4064 970 4136 compassionem
993 4062 1235 4119 ostendit
1268 4082 1280 4118 :
1311 4065 1478 4119 simili
1504 4066 1651 4120 enim
1682 4076 1983 4138 utrumque
2012 4083 2117 4122 ra-

532 4157 682 4210 tione
720 4155 928 4210 bonum
978 4161 1088 4216 est,
1141 4162 1197 4210 et
1224 4154 1492 4224 seipsum,
1519 4155 1678 4226 juxta
1705 4157 1876 4212 modo
1905 4158 2115 4215 dictam

533 4246 824 4311 rationem,
895 4245 1173 4312 miserari,
1246 4254 1301 4300 et
1352 4245 1744 4304 condolescere
1794 4249 2115 4308 infortuniis

532 4347 697 4407 atque
734 4337 1144 4393 calamitatibus
1175 4338 1577 4406 proximorum,
1635 4348 1927 4411 prepterea
1961 4343 2111 4415 quod

527 4433 738 4501 justum
795 4429 886 4485 Dei
918 4429 1189 4498 judicium
1232 4429 1474 4486 hominis
1515 4431 1782 4488 adversus
1820 4432 2114 4492 inferiores

531 4533 586 4578 et
623 4523 901 4579 tenuiores
926 4535 1257 4592 propensam
1284 4521 1618 4578 voluntatem
1639 4523 1697 4578 in
1724 4540 1983 4596 suprema
2016 4542 2113 4598 po-

532 4623 732 4671 testate
759 4615 1195 4681 demonstrat,ut
1226 4615 1388 4670 homo
1401 4616 1806 4686 quodammodo
1824 4619 1911 4673 sui
1937 4619 2113 4689 ipsius
2147 4612 2191 4666 Ι)

531 4703 698 4772 judex
734 4707 949 4770 sit,sibi
983 4707 1098 4775 ipse
1131 4707 1458 4762 sententiam
1474 4706 1657 4763 ferens
1685 4708 1740 4763 in
1766 4706 2113 4766 subditorum

536 4795 720 4849 causis
747 4793 1081 4863 judicandis.
1114 4793 1389 4859 Quoniam
1424 4795 1590 4864 igitur
1616 4795 1864 4849 creditur
1894 4805 1948 4852 et
1980 4813 2106 4852 vere

534 4887 774 4941 creditur
806 4885 1049 4940 futurum
1081 4900 1204 4940 esse
1228 4894 1290 4939 ut
1319 4886 1500 4940 omnis
1537 4886 1768 4940 humana
1803 4895 1998 4943 natura
2020 4887 2118 4940 tri-

534 4977 722 5032 bunali
750 4976 954 5032 Christi
986 4979 1238 5042 sistatur,
1271 4985 1335 5031 ut
1365 4973 1594 5045 recipiat
1623 4977 1856 5048 quisque
1873 4994 1968 5049 per
1994 4993 2118 5033 cor-

535 5087 638 5139 pus
676 5070 898 5137 przemia
937 5069 1092 5140 paria
1134 5069 1314 5134 factis,
1341 5069 1459 5123 sive
1492 5069 1720 5133 bonum,
1754 5069 1871 5124 sive
1909 5070 2113 5123 malum

537 5163 663 5231 quis
691 5160 881 5216 fecerit
942 5159 1142 5229 (dicam
1201 5159 1434 5214 forsitan
1485 5161 1651 5215 etiam
1688 5159 1896 5230 aiiquid
1947 5160 2119 5213 auda-

537 5253 703 5321 cius),
741 5253 789 5312 si
823 5252 937 5305 fieri
968 5260 1150 5322 potest
1205 5262 1263 5306 ut
1292 5265 1491 5305 arcana
1515 5251 1720 5320 pariter
1741 5260 1795 5307 et
1829 5253 2004 5307 visum
2035 5251 2118 5306 ef-

535 5343 797 5415 fugientia
862 5344 1075 5398 ratione
1137 5340 1694 5412 comprehendamus,
1759 5344 1922 5399 etiam
1969 5359 2116 5399 nunc

535 5436 750 5490 beatam
784 5449 975 5490 eorum
1029 5435 1125 5504 qui
1194 5433 1630 5490 misericordiam
1681 5447 2115 5505 consequuntur,

537 5525 1036 5580 remunerationem
1108 5523 1546 5578 animadvertere
1617 5522 1764 5578 licet.
1812 5523 1946 5578 Nam
1995 5540 2118 5595 quae

528 5611 802 5669 adversus
835 5628 930 5667 eos
955 5612 1048 5682 qui
1083 5627 1176 5682 per
1203 5613 1306 5666 hoc
1347 5611 1611 5667 saeculum
1653 5612 1706 5665 in
1739 5611 1849 5666 vita
1895 5615 2114 5668 miseri-

537 5701 783 5755 cordiam
843 5702 1105 5757 exhibent
1178 5703 1398 5757 exsistit
1460 5703 1515 5756 in
1569 5703 1769 5759 animis
1831 5703 2111 5758 hominum

527 5790 939 5855 benevolentia,
992 5807 1054 5847 ea
1109 5782 1368 5854 nimirum
1424 5794 1478 5850 in
1547 5803 1868 5865 perpetuum
1933 5805 2116 5851 manet

2219 3335 2425 3407 ὄνομα,
2457 3335 2533 3400 ὡς
2584 3335 2650 3389 ἂν
2686 3335 2738 3387 εῐ
2772 3350 2856 3396 τις
2902 3332 3068 3400 λέγει,
3102 3331 3390 3403 Μακάριόν
3421 3331 3525 3382 ἐστι
3560 3325 3608 3378 τὸ

2223 3426 2504 3498 μελεῖσθαι
2532 3426 2629 3497 τῆς
2660 3423 2978 3495 σωματικῆς
3019 3422 3245 3490 ὑγιείας.
3288 3421 3349 3472 Ὀ
3380 3419 3481 3490 γὰρ
3509 3408 3722 3484 ἐπιμελού-

2224 3537 2402 3590 μενος,
2438 3518 2599 3581 αὐτὸς
2647 3519 2705 3570 ὲν
2751 3515 2930 3585 ὑγιείᾳ
2974 3513 3226 3584 βιώσεται
3250 3529 3266 3544 ’
3301 3512 3468 3572 οὑτως
3496 3511 3521 3562 ὁ
3545 3506 3721 3573 ἐλεήμων

2221 3611 2338 3664 ἐστὶ
2373 3608 2729 3682 μακαριστὸς,
2761 3608 2842 3660 ὅτι
2867 3609 2895 3660 ὁ
2923 3606 3130 3677 καρπὸς
3151 3605 3242 3658 τοῦ
3267 3603 3415 3658 ἐλέου
3457 3601 3570 3655 ῐδιον
3594 3596 3720 3663 κτῆμα

2218 3701 2310 3755 τοῦ
2343 3701 2619 3762 ἐλεοῦντος
2650 3699 2886 3767 γίνεται·
2918 3699 3026 3751 εἴτε
3059 3696 3198 3751 κατὰ
3230 3696 3319 3749 τὸν
3349 3695 3442 3749 νῦν
3469 3694 3582 3764 ἡμῖν
3617 3688 3719 3755 εὕρεο

2220 3793 2380 3846 θέντα
2412 3792 2599 3860 λόγον’
2629 3790 2739 3843 εἴτε
2768 3787 2912 3843 κατὰ
2943 3789 3034 3842 τὸν
3065 3786 3547 3860 προεξητασμένον,
3571 3781 3642 3833 τὸν
3661 3776 3719 3828 ἐπὶ

2219 3883 2327 3937 τῶν
2366 3882 2660 3954 ἀλλοτρίων
2692 3880 2836 3951 λέγω
2865 3879 3158 3951 συμφορῶν
3195 3879 3470 3932 δεικνύντα
3493 3877 3578 3945 τῆς
3597 3869 3719 3941 ψυχῆς

2219 3977 2317 4048 τὴν
2347 3975 2690 4048 συμπάθειαν
2710 3990 2724 4005 ⁸
2755 3973 2956 4043 ἀγαθὸν
2985 3974 3094 4044 γὰρ
3122 3972 3322 4043 ὁμοίως
3348 3970 3597 4039 ἑκάτερον,
3618 3961 3662 4014 τό
3681 3973 3718 4008 τε

2219 4069 2412 4124 ἐαυτὸν
2440 4069 2607 4122 ἐλεεῖν
2628 4067 2769 4122 κατὰ
2795 4066 2886 4120 τὸν
2907 4064 3197 4137 εἰρημένον
3223 4065 3440 4135 τρόπον,
3464 4059 3544 4115 καὶ
3561 4057 3609 4110 τὸ
3629 4068 3717 4120 ωμ·

2221 4159 2449 4232 πάσχειν
2475 4159 2596 4223 ταῖς
2617 4157 2980 4230 δυσπραγίαις
3000 4155 3109 4210 τῶν
3147 4155 3332 4219 πέλας’
3359 4153 3485 4208 διότι
3508 4150 3559 4204 τὸ
3574 4147 3717 4232 δίκαιοιν

2218 4256 2318 4326 τῆς
2338 4231 2502 4317 θείας
2535 4252 2791 4325 κρίσεως,
2824 4250 2922 4323 τὴν
2950 4249 3044 4304 ἐπὶ
3074 4249 3183 4304 τῶν
3228 4245 3625 4315 καταδεεστέρων
3656 4231 3714 4287 τοῦ

2218 4345 2506 4418 ἀνθρώπου
2537 4343 2856 4417 προαίρεσιν
2879 4383 2893 4406 ,
2943 4342 3035 4394 ἐπὶ
3063 4341 3163 4412 τῆς
3191 4338 3546 4410 ὑπερεχούσης
3571 4329 3716 4418 δείκνυ·

2217 4457 2306 4494 ται
2329 4437 2598 4504 ἐξουσίας·
2631 4435 2774 4490 ὥστε
2802 4433 3002 4505 τρόπον
3023 4431 3143 4486 τινὰ
3163 4429 3354 4485 ἑαυτοῦ
3383 4425 3608 4495 δικαστὴν
3626 4416 3714 4473 εἶναι

2217 4531 2310 4585 τὸν
2336 4531 2642 4602 ἄνθρωπον,
2674 4525 2852 4596 ἐαυτῷ
2882 4525 2980 4596 τὴν
3007 4523 3187 4595 ψῆφον
3221 4525 3280 4577 ἐν
3308 4526 3372 4594 τῇ
3405 4519 3504 4574 τῶν
3529 4509 3714 4602 ὑπηκόωγ

2217 4623 2451 4694 φέροντα
2501 4619 2700 4692 κρίσει.
2774 4615 2988 4686 Ἐπειδὴ
3048 4615 3225 4669 τοίνυν
3275 4613 3616 4668 πεπίστευται,
3657 4596 3714 4652 καὶ

2217 4712 2434 4783 άληθῶς
2465 4712 2841 4777 πεπίστευται,
2877 4710 3060 4762 πᾶσαν
3093 4702 3534 4778 παραστήσασθαι
3559 4698 3635 4766 τὴν
3657 4693 3714 4744 ἀν’

2216 4806 2243 4858 0
2254 4805 2493 4875 ρωπίνην
2511 4803 2671 4874 φύσιν
2683 4802 2760 4873 τῷ
2785 4803 2985 4874 βήματι
3009 4799 3101 4853 τοῦ
3123 4797 3166 4852 Χ
3177 4796 3359 4870 ριστοῦ
3369 4840 3382 4861 ,
3403 4797 3484 4849 ἵνα
3499 4789 3714 4875 κοξιλσηῗιι

2217 4873 2459 4959 ἕκαστος
2479 4894 2549 4949 τὰ
2584 4895 2671 4948 διὰ
2700 4893 2794 4947 τοῦ
2829 4891 3081 4963 σώματος
3103 4930 3117 4955 ,
3147 4889 3283 4962 πρὸς
3319 4888 3354 4942 ἃ
3382 4882 3616 4958 ἔπραξεν,
3645 4873 3713 4926 εἴτε

2218 4987 2441 5052 ἀγαθὸν,
2460 4988 2569 5040 εἴτε
2593 4985 2813 5056 φαὺλονο
2841 4985 2980 5054 τάχα
3008 4983 3103 5036 καὶ
3121 4981 3385 5052 τολμηρὸν
3407 4979 3560 5032 είπεῖν
3575 4990 3586 5004 ·
3606 4969 3641 5021 εξ
3661 4964 3715 5015 δυ-

2222 5077 2391 5130 νατόν’
2409 5079 2524 5130 ἐστι
2553 5075 2623 5131 τὰ
2655 5077 2940 5148 ἀπόρρητα
2971 5073 3066 5127 καὶ
3101 5072 3306 5126 ἀθέατα
3325 5065 3550 5138 λογισμῷ
3568 5057 3712 5115 λαϐεῖν.

2223 5170 2316 5221 καὶ
2340 5167 2440 5238 ήδη
2463 5166 2522 5219 τὸ
2549 5166 2819 5237 μακάριον
2852 5165 2949 5234 τῆς
2981 5161 3301 5224 ἀντιδόσεως
3331 5159 3436 5213 τῶν
3464 5148 3713 5219 ὲλεουμένων

2223 5257 2574 5326 κατανοῆσαι·
2632 5256 2696 5307 Ἦ
2721 5255 2829 5324 γὰρ
2866 5252 3191 5321 ἐγγινομένη
3223 5253 3343 5313 ταῖς
3367 5249 3547 5318 ψυχαῖς
3571 5240 3710 5295 εὔνοιαι

2223 5346 2358 5416 πρὸς
2389 5347 2516 5409 τοὺς
2551 5344 2641 5397 τὸν
2675 5343 2820 5396 έλεον
2851 5340 3340 5410 ἐπιδεικνυμένους,
3379 5338 3513 5409 παρὰ
3545 5334 3616 5386 τὸν
3641 5327 3713 5396 βίον

2223 5438 2280 5490 ἐν
2305 5439 2369 5507 τῇ
2412 5437 2522 5506 ζωῇ
2549 5435 2722 5488 εἰσαεὶ
2755 5434 2895 5488 κατά
2922 5434 2982 5484 τὸ
3015 5431 3159 5493 εἰκὸς
3188 5430 3482 5501 παραμένει
3517 5426 3713 5514 adipi-1'

2214 5528 2472 5599 εσχηκόσι
2503 5529 2602 5598 τῆς
2640 5528 2882 5598 χάριτος.
2914 5524 2978 5578 Τί
3007 5518 3100 5577 οὖν
3126 5523 3273 5586 εἰκὸς
3305 5525 3362 5575 ἐν
3387 5521 3459 5590 τῷ
3483 5511 3628 5584 καιρῷ
3652 5511 3713 5571 τῆς

2212 5619 2533 5682 ἐξετάσεως,
2564 5619 2611 5669 εἰ
2651 5613 3014 5684 ἐπιγνωσθείη
3044 5611 3196 5681 παρὰ
3221 5610 3329 5664 τῶν
3355 5604 3410 5663 εὖ
3449 5599 3712 5661 πεπινοὸτων

2208 5711 2235 5761 6
2267 5709 2582 5778 εὐεργέτης,
2619 5708 2768 5770 ὅπως
2804 5703 3178 5775 διατεθήσεται
3216 5701 3314 5772 τὴν
3341 5700 3507 5770 ψυχὴν
3533 5693 3607 5749 ἐπὶ
3636 5687 3711 5778 ταῖς

2215 5798 2556 5870 εὑχαρίστοις
2585 5800 2787 5869 φωναῖς
2817 5796 2907 5851 ἐπὶ
2940 5795 3074 5849 Θεοῦ
3112 5794 3288 5864 πάσης
3321 5792 3416 5863 τῆς
3445 5789 3635 5847 κτίσεως
3657 5795 3711 5830 ειν
