3838 6350
103 372 235 429 ηδι

1164 366 1252 421 DE
1282 364 1880 422 BEATITUDINIBUS.
1919 363 2178 420 ORATIO
2206 365 2267 420 V.

3222 370 3357 425 1202

56 516 65 549 :
99 478 486 564 φημούμενος;
517 486 664 561 τΑρά
691 508 833 553 τινος
856 489 1013 543 ἄλλου
1043 488 1391 561 μακαρισμοῦ
1422 488 1680 560 προσδεηη-

1791 487 1934 557 apud
1966 502 2062 543 eos
2103 486 2197 557 qui
2237 485 2384 542 illius
2427 484 2616 558 gratia:
2659 492 2826 553 atque
2868 483 3027 539 oflicii
3064 486 3360 557 participes

54 608 65 639 :
100 583 349 653 θήσεται,
376 583 404 635 ό
433 582 491 635 ἐν
520 581 758 650 τοσούτῳ
789 579 1000 652 θεάτρῳ
1028 579 1123 632 ἐπὶ
1150 582 1261 643 τοῖς
1293 581 1533 651 ἀρίστοις
1559 579 1689 631 ἀνα-

54 712 59 731 ι
99 673 540 745 κηρυττόμενος;
572 672 644 726 Τὸ
670 672 775 743 γάρ
807 672 1061 744 παρεῖναι
1092 672 1217 735 τοὺς
1243 666 1300 724 εὖ
1331 668 1686 732 πεπονθότας,

54 796 57 821 τ
97 764 130 833 ἠ
168 761 268 815 τοῦ
304 762 638 830 Εὑαγγελίου
684 761 926 814 διδάσκει
970 759 1154 830 φωνὴ,
1185 762 1241 813 ἐν
1285 763 1352 831 τῇ
1392 759 1528 831 πρὸς
1560 759 1686 822 τοὺς

54 884 59 913 ί
95 854 339 917 δικαίους
367 856 462 907 καὶ
494 856 560 923 τῇ
590 853 726 924 πρὸς
757 853 883 914 τοὺς
913 850 1270 921 ἁμαρτωλοὺς
1297 850 1391 905 τοῦ
1422 849 1685 921 βασιλέως

52 978 59 1006 ;
98 945 301 1015 κρίσει.
352 944 497 1015 Πρὸς
546 943 888 1014 ἀμφοτέρους
921 941 1031 1013 γὰρ
1062 940 1139 1012 τῷ
1166 941 1422 1013 δεικτικῷ
1466 942 1683 1013 χρῆται,

52 1068 57 1097 τ
99 1037 264 1089 οἱονεὶ
319 1035 568 1106 δακτύλῳ
620 1034 683 1087 τὸ
736 1032 1130 1105 ὑπερκείμενον
1187 1032 1489 1100 γνωρίσας
1562 1032 1685 1100 Ἐφ’

52 1162 55 1189 ι
98 1127 253 1181 ὅσον
279 1127 604 1195 ἐποιήσατε
624 1124 716 1179 ἐνὶ
740 1125 965 1178 τούτων
993 1121 1111 1176 τῶν
1134 1121 1412 1191 ἀδελφῶν
1431 1139 1545 1191 μου
1570 1121 1692 1174 σιῶν

52 1252 56 1281 τ
97 1216 462 1285 ἐλαχίστων.
496 1217 571 1270 Τὸ
603 1218 711 1286 γάρ
748 1214 964 1267 Τούτων
997 1214 1200 1278 εἰπεῖν,
1233 1214 1333 1285 τὴν
1382 1212 1491 1267 τῶν
1530 1213 1691 1265 εὐπε-

50 1344 53 1371 τ
99 1307 375 1363 πονθότων
404 1308 706 1379 παρουσίαν
733 1306 1088 1360 ἐνδείκνυται.

1787 579 2015 635 fuerint.
2043 578 2183 646 Quid
2216 578 2397 648 igitur,
2457 578 2504 634 si
2538 577 2854 646 benefactor
2899 577 2953 631 in
2985 585 3229 648 tempore
3279 580 3365 633 in-

1785 669 2103 736 quisitionis
2134 670 2359 739 agnitus
2385 670 2457 724 sit
2481 670 2551 725 ab
2591 670 2659 725 iis
2718 671 2810 741 qui
2837 669 3102 726 beneficio
3129 671 3250 738 ejus
3277 674 3365 727 usi

1784 760 2012 825 fuerint,
2037 761 2315 831 quomodo
2349 760 2647 817 verisimile
2684 769 2768 817 est
2818 777 2967 827 eum,
3001 762 3130 816 dum
3161 761 3364 831 jucun-

1783 851 1871 908 dis
1900 861 1954 907 et
1976 853 2149 923 gratis
2175 852 2406 908 vocibus
2428 867 2613 908 coram
2644 852 2754 908 Deo
2772 854 2953 909 omnis
2972 862 3241 909 creaturae
3269 870 3365 909 ex-

1785 943 2021 1013 cipietur
2072 953 2237 1013 atque
2288 943 2677 1006 celebrabitur,
2707 944 2892 998 animo
2927 943 3180 999 affectum
3248 945 3364 999 iri?

1786 1034 2034 1105 nunquid
2076 1035 2257 1105 aliqua
2281 1036 2386 1089 alia
2439 1034 2779 1091 beatitudine
2815 1036 3042 1107 insuper
3082 1052 3224 1107 opus
3260 1037 3361 1091 ha-

1789 1125 1963 1189 bebit,
1998 1125 2092 1195 qui
2124 1125 2178 1180 in
2214 1134 2326 1178 tam
2361 1124 2633 1196 frequenti
2663 1127 2879 1183 theatro
2906 1128 2978 1183 ob
3005 1143 3095 1184 res
3123 1128 3361 1198 optimas

1792 1215 1953 1283 quasi
1983 1215 2256 1285 prteconis
2283 1230 2419 1270 voce
2448 1217 2791 1272 celebretur?
2826 1232 2951 1272 nam
2981 1218 3126 1288 quod
3156 1218 3360 1279 adsint.

1793 1306 1887 1374 qui
1948 1306 2277 1362 beneficium
2325 1310 2659 1377 acceperint,
2694 1310 2854 1365 docet
2900 1310 3180 1381 Evangelii
3230 1326 3358 1372 vos.

50 1438 53 1443 ι
98 1401 190 1456 ubi
208 1418 302 1456 rex
329 1401 573 1471 etjustis
604 1408 657 1456 et
701 1399 1087 1469 peccatoribus
1111 1398 1427 1470 respondet.
1472 1398 1551 1453 Ad
1601 1404 1867 1467 utrosque
1909 1399 2057 1454 enim
2107 1400 2561 1455 demonstratiiris
2602 1401 2787 1457 verbis
2827 1402 3019 1468 utitur,
3100 1410 3362 1472 tanquam

98 1495 270 1566 digito
295 1494 546 1549 indicans
580 1494 887 1563 subjectum
921 1492 1244 1556 :Quatenus
1280 1493 1482 1563 fecistis
1524 1491 1613 1544 uni
1639 1504 1705 1544 ea:
1740 1489 1822 1543 his
1854 1490 2113 1559 fratribus
2153 1493 2280 1547 meis
2349 1492 2668 1550 minimis".
2712 1492 2816 1550 Per
2845 1496 2947 1550 hoc
2988 1494 3157 1559 enim,
3215 1493 3364 1565 quod

50 1620 52 1629 ι
99 1588 256 1653 dixit,
315 1588 393 1644 Ex
425 1589 531 1653 his,
564 1603 754 1644 eorum
805 1591 1008 1658 quibus
1047 1588 1393 1646 benefactum
1449 1586 1614 1640 fuerit
1655 1583 2001 1653 praesentiam
2028 1583 2292 1640 ostendit.

171 1686 287 1739 Νῦν
316 1702 410 1755 μοι
440 1684 646 1753 λεγέτω
672 1687 701 1740 ὀ
731 1684 826 1757 τὴν
853 1685 1060 1757 ἄψυχον
1093 1686 1224 1757 ὑλην
1252 1686 1359 1739 τῶν
1383 1683 1680 1755 χρημάτων

1857 1679 2013 1734 Dicat
2071 1695 2219 1736 nunc
2269 1681 2445 1746 mihi,
2501 1683 2594 1752 qui
2652 1682 2951 1736 inanimam
3004 1684 3363 1765 pecuniarum

48 1808 49 1833 :
98 1777 385 1850 προτιμῶν
408 1777 504 1848 τῆς
535 1776 833 1848 μελλούσης
857 1778 1283 1849 μακαριότητος
1303 1777 1438 1830 Ποία
1454 1775 1679 1846 χρυσίου

1788 1773 2072 1828 materiam
2132 1773 2330 1828 futura:
2377 1775 2707 1830 beatitudini
2754 1774 3016 1845 praefert,
3056 1771 3188 1838 Quis
3239 1777 3364 1831 auri

48 1902 49 1927 ;
99 1868 425 1942 λαμπρότης
457 1868 718 1939 τοιαύτης
763 1869 920 1933 Τίνες
960 1869 1070 1925 τῶν
1105 1870 1486 1942 πολυτιμήτων
1520 1865 1683 1919 λίθων

104 1962 269 2031 αὐγαί
289 1979 305 2028 ;
336 1962 431 2024 Τίς
458 1960 516 2027 ἐξ
536 1961 656 2014 ἐνδυ
666 1962 851 2031 μάτων
869 1960 1072 2031 κόσμος
1090 1960 1353 2024 τοιοῦτος,
1374 1955 1486 2014 οἷον
1509 1959 1685 2012 ἐκεῖνο

46 2084 47 2095 ι
103 2053 165 2106 τὸ
188 2050 397 2120 ἀγαθὸν
420 2054 453 2122 ἡ
480 2050 634 2114 ἐλπὶς
657 2050 967 2105 ὑποτίθεται
987 2067 1001 2116 ;
1026 2051 1194 2105 Ὅταν
1213 2052 1241 2104 ὁ
1263 2048 1558 2119 βασιλεύων
1582 2050 1683 2119 τῆς

46 2176 49 2205 ῖ
102 2143 333 2206 κτίσεως
367 2142 557 2196 ἐαυτὸν
583 2142 905 2215 ἀνακαλύψῃ
937 2145 1004 2214 τῇ
1034 2142 1346 2214 ἀνθρωπίνη
1382 2141 1563 2211 φύσει,
1590 2142 1683 2195 ἐπὶ

46 2272 47 2281 η
101 2234 192 2289 τοῦ
247 2234 456 2304 ὑψηλοῦ
518 2234 707 2305 θρόνου
762 2233 1195 2305 μεγαλοπρεπῶς
1245 2231 1679 2305 προκαθήμενος,

101 2328 224 2381 ὅταν
279 2326 492 2396 ὀφθῶσι
540 2326 670 2396 περὶ
719 2325 881 2379 αὑτὸν
925 2328 981 2378 αἱ
1019 2324 1381 2395 ἀναρίθμητοι
1425 2323 1683 2395 μυριάδες

44 2456 45 2481 ς
102 2420 208 2473 τῶν
232 2417 502 2488 ἀγγέλων,
527 2417 622 2471 καὶ
644 2417 707 2487 δὴ
736 2419 863 2471 ὅταν
890 2419 948 2471 ἐν
975 2416 1271 2486 ὀφθαλμοῖς
1294 2416 1520 2487 γένηται
1550 2416 1683 2469 πάν-

44 2566 45 2573 ,
101 2527 208 2563 των
239 2510 562 2580 ἀπόρρητος
580 2506 689 2561 τῶν
728 2507 972 2578 οὐρανῶν
1018 2507 1297 2577 βασιλεία,
1356 2507 1450 2560 καὶ
1477 2506 1684 2560 ἀναδει-

103 2600 203 2671 χθῇ
232 2600 398 2654 πάλιν
447 2600 513 2652 ἐκ
555 2598 649 2651 τοῦ
683 2598 926 2650 ἐναντίου
969 2597 1040 2650 τά
1076 2596 1281 2667 φοϐερά
1317 2597 1643 2666 κολαστήρια
1667 2612 1679 2623 ·

99 2694 156 2746 ἐν
210 2694 363 2764 μέσῳ
426 2687 485 2740 δὲ
518 2686 724 2741 τούτων
757 2688 966 2758 πᾶσαή
998 2686 1308 2757 ἀνθρωπίνη
1357 2686 1536 2756 φύσις,
1575 2685 1683 2738 τῶν

104 2777 210 2831 ἀπὸ
238 2777 463 2849 πρώτης
488 2778 718 2841 κτίσεως
752 2778 845 2832 καὶ¹
890 2778 1050 2849 μέχρι
1078 2778 1177 2848 τῆς
1202 2777 1295 2829 τοῦ
1325 2777 1525 2839 παντὸς
1554 2794 1686 2847 συμς

104 2868 435 2939 πληρώσεως
466 2869 787 2937 γεγονότων,
819 2868 968 2939 φόϐῳ
995 2885 1054 2921 τε
1080 2869 1173 2921 καὶ
1200 2868 1377 2920 ἐλπίδι
1416 2868 1525 2921 τῶν
1551 2868 1682 2938 μελ-

104 2954 298 3011 λόντων
338 2960 544 3030 ἑστήκῃ
572 2959 864 3030 μετέωρος,
894 2962 961 3029 τῇ
1004 2960 1088 3028 ἐφ’
1116 2958 1353 3028 ἑκάτερα
1383 2958 1491 3012 τῶν
1522 2976 1683 3030 προσ-

104 3049 423 3121 δοκωμένων
445 3050 666 3105 ἐκϐάσει
696 3050 1093 3123 κραδαινομένη
1132 3050 1392 3114 πολλάκις
1411 3068 1423 3082 ·
1452 3052 1544 3104 καὶ
1572 3052 1681 3105 τῶν

1784 1863 2046 1933 splendor
2123 1866 2453 1935 ejusmodi?
2514 1869 2606 1938 qui
2688 1868 3051 1937 pretiosorum
3116 1868 3359 1937 lapidum

1785 1951 2071 2023 fulgores?
2101 1959 2227 2025 quis
2270 1956 2717 2012 indumentorum
2749 1966 2979 2011 ornatus
3010 1957 3155 2021 talis,
3201 1958 3363 2027 quale
3426 2026 3432 2030 _

1784 2038 1988 2095 bonum
2036 2041 2170 2098 illud
2220 2059 2344 2100 esse
2392 2059 2519 2114 spes
2568 2046 2815 2115 suggerit
2859 2053 3025 2116 atque
3062 2047 3357 2117 proponit,

1783 2144 1909 2185 cum
1941 2147 2038 2188 rex
2066 2142 2335 2191 creatura:
2359 2137 2414 2191 in
2443 2137 2664 2192 sublimi
2689 2136 2830 2192 solio
2860 2138 3048 2207 gloriae
3075 2137 3383 2213 magnifice

1785 2223 2106 2293 praesidens,
2158 2225 2415 2283 humana:
2466 2235 2683 2283 naturae
2730 2243 2855 2283 sese
2907 2229 3256 2294 revelaverit,
3305 2238 3363 2285 et

1784 2310 2233 2381 conspiciendum
2299 2315 2638 2386 praebuerit,
2697 2332 2825 2372 cum
2912 2319 3121 2373 circum
3177 2319 3361 2389 ipsum

1785 2398 2217 2461 innumerabiles
2279 2407 2596 2475 angelorum
2647 2409 2778 2465 visae
2838 2408 3044 2464 fuerint
3092 2402 3358 2480 legiones,

1786 2500 1950 2563 atque
1981 2492 2118 2549 adeo
2151 2510 2276 2551 cum
2312 2498 2366 2552 in
2401 2502 2575 2558 oculis
2609 2505 2857 2558 omnium
2895 2504 3060 2561 fuerit
3096 2520 3361 2561 arcanum

1782 2591 1838 2637 et
1865 2584 2141 2642 ineffabile
2187 2588 2321 2644 illud
2362 2606 2589 2662 regnum
2624 2595 2887 2650 etelorum
2910 2638 2925 2663 ,
2959 2612 3024 2651 ac
3064 2613 3258 2654 rursus
3286 2613 3355 2653 ex

1782 2677 2060 2732 contrario
2106 2678 2480 2737 demonstrata
2529 2682 2732 2741 fuerint
2766 2688 3028 2743 terribilia
3058 2689 3167 2742 illa
3222 2704 3359 2760 sup-

1783 2766 1987 2835 plicia,
2049 2768 2105 2822 in
2162 2770 2341 2825 medio
2397 2787 2526 2829 vero
2575 2774 2772 2831 horum
2826 2778 3009 2833 omnis
3072 2777 3357 2833 hominum

1783 2862 1977 2910 natura
2017 2860 2111 2929 qui
2168 2874 2196 2912 a
2254 2860 2430 2931 prima
2479 2863 2761 2922 creatione
2815 2881 2992 2936 usque
3042 2867 3110 2922 ad
3170 2882 3357 2923 rerum

1783 2946 2163 3002 universarum
2225 2952 2761 3011 consummationem
2818 2957 2952 3011 nati'
2982 2956 3208 3024 fuerint,
3239 2967 3358 3014 tum

1785 3046 1955 3101 metu,
2013 3047 2128 3093 tum
2186 3048 2285 3112 spe
2345 3042 2661 3099 futurorum
2722 3053 2831 3101 stet
2883 3062 3150 3118 suspensa
3197 3054 3362 3119 atque

105 3118 275 3213 ἀγαθῇ
315 3141 613 3213 συνειδήσει
645 3118 1019 3211 συνεζηκότων
1051 3118 1424 3222 ἀπιστούντων
1452 3139 1530 3211 τῷ
1560 3141 1679 3212 μὲλ-

1784 3129 2038 3194 sollicita,
2095 3131 2151 3185 in
2206 3139 2498 3203 utramque
2528 3141 2740 3205 partem
2793 3144 3023 3193 eventus
3064 3118 3358 3209 exspecta-

107 3232 277 3299 λοντι,
328 3237 458 3292 ὅταν
513 3232 731 3304 ἐτέρους
760 3234 961 3295 ίδωσιν,
1007 3232 1110 3285 ὑπὸ
1148 3231 1242 3286 τοῦ
1281 3233 1516 3305 πονηροῦ
1551 3222 1677 3287 συν-

106 3325 321 3390 ειδότος,
353 3327 432 3388 είς
456 3325 517 3377 τὸ
543 3324 862 3396 σκυθρωπὸν
894 3326 1071 3378 ἐκεῖνο
1110 3324 1324 3387 σκότος,
1354 3323 1545 3395 ὥσπερ
1575 3326 1680 3379 ὑπό

106 3429 242 3476 τινος
266 3413 463 3483 δημίου
495 3412 924 3483 καθελκομένους
946 3430 959 3475 ;
997 3412 1122 3467 Ἐὰν
1148 3405 1302 3476 οὗτος
1328 3414 1386 3467 ἐν
1413 3414 1680 3485 εὐφήμοις

107 3520 162 3555 τε
209 3505 303 3558 καὶ
346 3504 690 3575 εὑχαρίστοις
733 3506 851 3568 ταῖς
907 3503 1057 3574 παρά
1103 3503 1212 3556 τῶν
1272 3504 1679 3559 εὑπεπονθότων

108 3597 329 3662 φωιαῖς,
371 3595 624 3665 λαμπρὸς
649 3597 715 3667 τῇ
753 3595 1036 3668 παρρησίᾳ
1079 3593 1158 3666 τῷ
1196 3597 1355 3666 κριτῇ
1392 3596 1542 3667 παρὰ
1570 3597 1678 3650 τῶν

108 3686 279 3758 ἔργων
309 3689 726 3760 προσαγάγηται
745 3705 760 3721 ο
798 3687 905 3760 ἆρα
941 3687 1083 3741 κατά
1109 3688 1200 3741 τὸν
1239 3688 1414 3758 ὑλώδη
1451 3689 1679 3745 πλοῦτον

107 3778 394 3849 εὐκληρίαν
420 3777 635 3848 ἐκείνην
661 3772 800 3831 εἶναι
824 3777 1129 3845 λογίσεται;
1154 3767 1300 3848 Ἀρα
1324 3776 1532 3843 δέξεται
1560 3779 1679 3833 ἀντὶ

106 3866 210 3920 τῶν
237 3866 454 3936 ἀγαθῶν
492 3866 714 3921 ἐκείνων
745 3866 845 3938 ὅρη
884 3866 1059 3920 πάντα
1096 3865 1191 3919 καὶ
1227 3865 1413 3932 πεδία,
1446 3869 1541 3921 καὶ
1585 3870 1678 3923 νά-

107 3975 228 4022 πας,
261 3959 356 4012 καὶ
386 3957 678 4023 θάλασσαν,
712 3960 794 4022 είς
831 3958 1030 4029 χρυσὸν
1060 3957 1208 4029 αὑτῷ
1244 3960 1678 4031 μεταποιηθέντα

107 4050 385 4117 γενέσθαι;
442 4049 502 4105 ’0
555 4050 613 4105 δὲ
663 4051 906 4120 ἀκριϐῶς
961 4051 1221 4121 σφραγίσι
1253 4051 1349 4106 καὶ
1384 4052 1675 4125 κλείθροις,

108 4142 201 4194 καὶ
252 4142 611 4214 σιδηροδέτοις
662 4142 877 4209 πύλαις,
926 4145 1018 4196 καὶ
1054 4143 1272 4216 ὀχυροῖς
1322 4147 1680 4218 κρυπτηρίοις

109 4229 195 4285 τὸν
254 4232 515 4303 μαμωνάν
569 4232 949 4303 κατακρύψας,
1002 4234 1095 4287 καὶ
1143 4236 1322 4306 πάσης
1364 4236 1580 4307 ἐντολῆς
1616 4237 1678 4291 τὸ

109 4320 426 4376 ἀποκεῖσθαι
454 4320 603 4393 αὐτῷ
634 4324 1090 4395 συγκεχωσμένην
1123 4327 1180 4379 ἐν
1211 4327 1290 4397 τῷ
1324 4326 1547 4401 κρυπτῷ
1580 4328 1679 4400 τὴν

1781 3220 1933 3275 tione
1991 3235 2135 3292 saepe
2195 3230 2471 3286 tremens.
2550 3235 2713 3297 atque
2767 3229 2932 3283 etiam
2988 3230 3056 3285 iis
3106 3230 3361 3299 quicum

1782 3310 1927 3365 bona
1986 3315 2325 3370 conscientia
2382 3318 2616 3372 vixerint
2668 3317 2914 3375 futurum
2964 3321 3042 3375 rei
3105 3333 3358 3377 eventum

1782 3412 2102 3473 suspectum
2134 3406 2466 3463 habentibus
2486 3450 2502 3475 ,
2534 3425 2660 3464 cum
2690 3411 2829 3466 alios
2866 3411 3106 3467 viderint
3132 3429 3162 3467 a
3192 3427 3359 3483 prava

1781 3493 2122 3549 conscientia
2175 3496 2229 3550 in
2267 3495 2521 3554 horridas
2556 3499 2678 3555 illas
2736 3516 2801 3555 ac
2856 3509 3023 3557 tetras
3082 3504 3357 3570 tenebras,

1781 3595 2039 3655 tanquam
2072 3586 2139 3641 ab
2177 3588 2362 3658 aliquo
2407 3588 2667 3646 carnifice
2708 3592 2891 3647 trahi?
2914 3593 2971 3647 Si
3020 3594 3133 3659 hic,
3163 3594 3359 3650 faustis

1780 3678 1988 3747 pariter
2049 3691 2113 3731 ac
2159 3679 2331 3749 gratis
2360 3679 2431 3735 ab
2471 3680 2537 3736 iis
2582 3681 2678 3751 qui
2722 3681 2988 3737 beneficia
3038 3687 3357 3755 acceperint

1779 3768 1942 3824 editis
1973 3770 2204 3826 vocibus
2254 3778 2419 3842 atque
2448 3773 2969 3842 acclamationibus,
2993 3775 3187 3835 fiducia
3225 3794 3359 3851 ope-

1781 3877 1900 3916 rum
1946 3862 2272 3932 magniﬁcus
2323 3879 2388 3918 ac
2438 3865 2761 3935 splendidus
2810 3868 2988 3937 judici
3037 3886 3095 3925 se
3149 3871 3352 3938 sistat,

1780 3953 2029 4023 nunquid
2100 3953 2339 4010 similem
2388 3970 2454 4011 ac
2484 3971 2669 4027 parem
2729 3961 3108 4017 materialibus
3147 3962 3355 4019 divitiis

1779 4044 2099 4101 felicitatem
2125 4061 2189 4101 ac
2214 4047 2608 4104 beatitudinem
2641 4049 2788 4104 illam
2819 4066 2943 4109 esse
2971 4053 3308 4109 existimabit
3332 4057 3358 4110 ?

1779 4136 2027 4207 nunquid
2060 4146 2277 4193 montes
2326 4153 2520 4195 omnes
2568 4147 2622 4195 et
2671 4156 2918 4212 campos,
2970 4151 3025 4198 et
3072 4145 3267 4211 saltus,
3301 4155 3358 4201 et

1778 4244 1933 4287 mare
1956 4230 2011 4285 in
2041 4245 2236 4286 aurum
2264 4239 2629 4287 transmutata
2659 4249 2758 4303 pro
2784 4235 2892 4293 illis
2921 4236 3079 4293 bonis
3101 4237 3203 4293 sibi
3235 4238 3356 4293 cedi

1780 4337 1846 4377 ac
1890 4322 2030 4377 tradi
2084 4331 2348 4391 pacturus
2396 4324 2515 4380 sit?
2574 4326 2670 4380 Ille
2730 4341 2861 4382 vero
2918 4328 3011 4397 qui
3069 4328 3359 4399 diligenter

111 4409 238 4482 ὓλην
270 4414 661 4485 προτιμότερον
687 4414 898 4487 κρίνας,
928 4415 1023 4469 ἐὰν
1047 4417 1139 4469 ἐπὶ
1164 4417 1222 4470 τὸ
1255 4418 1527 4473 σκοτεινὸν
1566 4420 1677 4491 πῦρ

1784 4411 2085 4485 signaculis
2118 4421 2172 4467 et
2223 4413 2502 4477 claustris,
2538 4413 2867 4485 ferratisq'ue
2901 4417 3076 4486 portis
3121 4427 3175 4473 et
3223 4420 3359 4474 tutis

110 4502 199 4555 ἐπὶ
226 4503 466 4574 κεφαλὴν
491 4504 860 4576 κατασύρηται
880 4523 893 4536 ’
931 4506 1147 4560 πάντων
1174 4507 1324 4579 αὑτῷ
1365 4509 1425 4562 τὸ
1460 4510 1679 4574 ἀπεινές

109 4594 199 4648 καὶ
222 4595 493 4667 ἀνήμερον
518 4596 920 4666 προφερόντων,
945 4597 1051 4650 τῶν
1080 4599 1223 4653 κατὰ
1249 4600 1348 4671 τὴν
1377 4600 1521 4672 ζωὴν
1550 4602 1681 4655 ταύ-

109 4700 205 4752 την
241 4684 693 4755 πεπειραμένων,
735 4684 829 4739 καὶ
882 4684 1175 4753 λεγόντων·
1222 4689 1537 4757 Μνήσθητι
1591 4690 1681 4743 ὅτι

107 4773 397 4840 ἀπέλαϐες
418 4773 607 4843 ἀγαθά
633 4789 748 4829 σου
769 4775 840 4828 ἐν
863 4774 936 4843 τῇ
959 4774 1070 4845 ζωῇ
1091 4792 1229 4831 σου’
1253 4779 1681 4846 συναπέκλεισας

107 4865 163 4915 ἐν
190 4866 299 4943 τοῖς
326 4862 643 4937 ὀχυρώμασι
676 4863 771 4918 τοῦ
803 4865 1030 4920 πλούτου
1072 4869 1163 4920 τὸν
1192 4868 1373 4933 ἔλεον,
1416 4872 1511 4924 καὶ
1545 4889 1679 4925 κατ·

109 4953 288 5020 ἔλιπες
333 4956 472 5027 ὑπὲρ
514 4958 618 5027 γῆς
668 4955 764 5027 τὴν
809 4956 1241 5028 εὑσπλαγχνίανο
1284 4960 1385 5014 οὑκ
1438 4962 1681 5033 ἐκομίσω

110 5047 241 5116 πρὸς
280 5046 369 5100 τὸν
400 5048 527 5119 τῇδε
561 5048 675 5119 βίον
704 5048 803 5119 τήν
843 5048 1249 5121 φιλανθρωπίαν
1272 5066 1288 5082 ·
1317 5053 1418 5106 οὑκ
1462 5052 1608 5123 ἐχεις
1654 5054 1683 5108 δ

114 5137 185 5209 μὴ
227 5138 411 5211 ἔσχες·
442 5141 540 5211 οὑχ
579 5136 852 5212 εὑρίσκεις
883 5140 912 5194 ὃ
945 5140 1018 5212 μή
1056 5140 1293 5195 ἀπέθουο
1330 5145 1390 5197 οὑ
1432 5148 1682 5215 συνάγεις

108 5226 136 5279 ὃ
173 5229 248 5300 μή
293 5231 648 5301 ἐσκόρπισας·
685 5232 746 5284 οὐ
781 5231 980 5303 θεριεῖς
1035 5225 1110 5285 ὧν
1160 5233 1223 5286 οὑ
1262 5234 1559 5290 κατεϐάλου
1612 5239 1682 5291 τὰ

112 5321 428 5391 σπέρματαο
462 5321 610 5401 ἄξιόν
642 5339 724 5376 σοι
755 5324 853 5394 τῆς
894 5325 1098 5394 σπορᾶς
1137 5325 1198 5377 τὸ
1232 5325 1391 5397 θέρος
1411 5345 1424 5360 ο
1461 5330 1683 5401 πικρίαν

111 5409 388 5483 ἔσπειρας,
422 5412 623 5485 δρέπου
665 5412 735 5467 τά
772 5413 1090 5484 δράγματαυ
1135 5414 1196 5468 τὸ
1229 5416 1456 5486 ἀνηλεές
1494 5421 1683 5493 ἐτίμη-

113 5517 226 5564 σας,
259 5503 346 5572 ἔχε
388 5504 526 5574 ὅπερ
556 5498 844 5574 ἠγάπησας
863 5520 877 5533 ο
921 5504 1022 5558 οὑκ
1049 5500 1189 5568 εἶδες
1216 5508 1515 5577 συμπαθῶς
1541 5528 1555 5541 ο
1584 5512 1683 5566 οὐκ

112 5591 324 5666 ὀφθήσῃ
359 5590 622 5656 ἐλεεινῶς.
656 5592 931 5664 Περιεῖδες
970 5594 1313 5666 θλιϐόμενον,
1344 5600 1685 5675 περιοφθήσῃ

181 5770 226 5804 δ”
261 5772 446 5829 Matth.
514 5790 641 5841 xxv,
684 5734 931 5843 NJS.’
1003 5777 1046 5810 "
1090 5778 1224 5834 an.
1264 5794 1376 5845 XVI,
1443 5779 1534 5836 25.

1783 4501 2108 4557 conditoriis
2165 4516 2535 4556 mammonam
2619 4503 3016 4569 absconderit,
3081 4513 3135 4561 et
3201 4508 3352 4561 omni

1777 4592 2034 4646 mandate
2085 4591 2368 4660 antiquius
2420 4591 2703 4661 magisque
2756 4591 3063 4647 curandum
3114 4592 3353 4658 duxerit,

1778 4691 1837 4737 ut
1872 4682 2101 4736 materia
2133 4682 2240 4737 sibi
2274 4681 2327 4735 iu
2355 4682 2574 4737 occulto
2628 4682 2848 4741 defossa
2888 4694 3052 4755 atque
3095 4697 3357 4757 congesta

1778 4779 1965 4828 esset:
2000 4773 2048 4828 si
2079 4773 2149 4836 is,
2182 4773 2430 4843 inquam,
2470 4787 2712 4844 praeceps
2740 4774 2794 4829 in
2827 4775 3174 4832 tenebrosum
3204 4778 3358 4833 illum

1781 4868 1962 4939 ignem
1995 4866 2325 4923 detrudatur
2348 4907 2364 4933 ,
2386 4868 2647 4926 omnibus
2678 4869 2747 4925 iis
2787 4870 2880 4941 qui
2906 4886 3002 4942 per
3027 4871 3167 4927 hanc
3186 4872 3357 4926 vitam

1785 4959 1994 5030 experti
2065 4958 2267 5015 fuerint
2339 4960 2615 5041 saevitiam.
2672 4969 2728 5015 et
2796 4961 3249 5016 inltumanitatem
3306 4960 3357 5016 ei

1784 5052 2173 5121 objicientibus
2200 5064 2256 5108 et
2276 5052 2589 5110 dicentibus
2614 5070 2627 5106 :
2660 5051 2922 5107 Memento
2943 5052 3083 5122 quod
3101 5052 3356 5119 receperis

1785 5145 1922 5198 bona
1954 5153 2048 5198 tua
2079 5145 2134 5198 in
2161 5145 2269 5199 vita
2298 5155 2392 5199 tua
2415 5146 2460 5177 ³⁸
2491 5163 2506 5199 :
2535 5145 2856 5201 conclusisti
2885 5144 3047 5199 simul
3077 5145 3134 5198 in
3171 5145 3358 5198 muni-

1785 5236 1985 5291 mentis
2006 5235 2319 5291 divitiarum
2343 5237 2799 5302 misericordiam,
2823 5247 2877 5293 et
2899 5234 3169 5306 reliquisti
3195 5250 3362 5306 super

1785 5333 1989 5380 terram
2021 5328 2319 5383 miserandi
2344 5328 2631 5396 affectum;
2665 5346 2771 5385 non
2795 5332 3027 5400 portasti
3057 5330 3122 5384 ad
3143 5330 3247 5385 hoc
3268 5345 3364 5386 sae-

1784 5418 1970 5472 culum
1991 5419 2387 5475 humanitatem
2411 5435 2552 5487 ;uon
2577 5422 2748 5477 babes
2772 5421 2917 5492 quod
2941 5437 3050 5477 non
3074 5422 3315 5477 habuiSti
3342 5438 3359 5488 ;

1787 5525 1894 5565 nou
1918 5511 2131 5565 invenis
2153 5512 2301 5583 quod
2326 5527 2435 5567 non
2473 5514 2811 5583 deposuisti;
2839 5527 2947 5568 non
2986 5513 3198 5583 colligis
3213 5512 3360 5584 quod

1789 5617 1895 5657 non
1926 5602 2272 5673 dispersisti;
2320 5620 2429 5661 non
2469 5614 2643 5663 metes
2680 5620 2914 5678 quorum
2966 5620 3074 5661 non
3107 5603 3358 5675 deiecisti
