3768 6000
186 43 366 54 4——

253 288 323 346 Π
1489 284 1771 343 norma
1809 285 1904 341 ex.
1939 283 2275 343 FABRICIO.
3443 262 3505 315 ιθ

261 407 444 461 Venet.
496 405 653 466 l5z53,
694 404 747 459 8.
787 404 951 458 Facit.
995 404 1217 457 Taurini
1274 401 1328 456 in
1366 403 1497 457 bibl.
1531 404 1663 473 Reg.
1705 402 1823 483 cod.

1976 405 2110 457 rima
2145 403 2371 473 incipit:
2406 401 2717 473 Προσευχῆς
2745 399 2874 470 ἡμῖν
2902 397 3269 451 διδασκαλίαν.
3307 394 3507 449 Trans-

257 496 435 556 LXXI,
488 496 584 549 fol.
619 492 738 559 166,
792 495 869 549 De
902 494 1247 548 Psalmorttm
1294 492 1750 560 inscriptionibus,
1787 500 1842 548 et
1945 496 2070 548 tulit
2119 494 2442 549 Laurentius
2485 491 2730 556 Sil‘anus,
2769 491 2930 558 cujus
2985 489 3160 543 versio
3201 496 3412 541 servata
3457 489 3509 540 in

257 585 345 640 fol.
390 584 519 639 195.
549 585 774 638 liomilia
810 586 878 649 in.
911 584 1173 652 psalmum
1202 598 1277 645 v1,
1324 582 1400 636 De
1426 593 1628 637 octava.
1662 582 1835 637 ΒΑΜ..

320 675 373 729 7.
427 675 752 744 Ἑξήγησις
778 673 1043 742 ἀκριϐής,
1072 680 1340 728 Accurata
1366 674 1623 744 expositio
1661 674 1840 729 Eccle-

256 770 433 823 siastce
463 765 790 829 Salomonis,
828 764 1067 819 homiliis
1094 762 1234 829 VIII,
1266 778 1494 832 quarum
1516 764 1700 817 ultima
1739 765 1836 818 de-

252 856 385 911 sinit
438 855 494 908 in
549 853 914 922 explicatione
963 855 1252 907 commatis
1305 854 1369 906 l3
1409 854 1603 922 capitis
1650 869 1733 915 ut,
1778 869 1832 923 p.

251 948 518 1004 373-467.
544 946 767 1017 incipit:
789 946 1078 1017 Πρὸκειται
1099 948 1232 1016 ἡμῖν
1260 948 1290 999 ὁ
1306 944 1733 1016 Ἐκκλησιαστὴς
1757 946 1835 1008 εἰς

256 1042 529 1112 ἐξήγησιν.
563 1039 810 1094 Meminit
833 1037 1035 1093 Suidas
1061 1039 1116 1091 in
1136 1037 1456 1109 Γρηγόριος.
1491 1035 1672 1092 Vertit
1693 1035 1834 1113 Gen-

252 1136 448 1189 tianus
482 1130 773 1196 Hervetus,
822 1130 984 1200 cujus
1038 1129 1543 1208 interpretationem
1602 1127 1835 1184 subinde

255 1226 487 1296 castigat
531 1223 762 1278 Ducaeus
807 1222 861 1276 in
906 1221 1073 1277 notis.
1114 1220 1383 1291 Integrius
1427 1221 1529 1275 hoc
1560 1235 1697 1289 opus
1732 1218 1833 1272 fuit

254 1317 399 1387 apud
433 1314 652 1371 Petrum
675 1312 995 1373 Possinum.
1031 1313 1124 1382 qui
1155 1312 1208 1366 in
1238 1311 1467 1382 Prologo
1495 1310 1564 1364 ad
1596 1310 1833 1365 Thesau-

260 1424 375 1461 rum
410 1407 713 1470 asceticum,
762 1404 939 1459 Paris.
972 1404 1132 1468 1684,
1184 1405 1240 1471 4,
1296 1404 1594 1473 vulgatum,
1644 1403 1739 1467 ait,
1766 1417 1831 1458 se

254 1498 324 1551 ad
374 1498 668 1553 editionem
716 1503 969 1567 paratum
1024 1496 1222 1551 habere
1273 1494 1549 1565 integrum
1599 1492 1830 1566 Nysseni

257 1571 711 1643 commentarium
760 1587 818 1640 in
864 1585 1242 1651 Ecclesiasten,
1284 1585 1616 1655 descriptum
1661 1600 1693 1640 e
1722 1601 1826 1641 ms.

256 1671 529 1745 Romano,
574 1694 736 1749 quem
783 1678 1050 1733 hactenus
1081 1678 1331 1732 mutilum
1367 1677 1636 1733 editiones
1675 1676 1830 1731 exhi-

265 1744 521 1825 buerint.
541 1744 801 1824 scd‘cum
833 1767 962 1823 illud
994 1783 1023 1821 a
1057 1768 1290 1823 Possino
1324 1767 1654 1839 promissum
1691 1782 1830 1837 opus
1862 1744 1903 1803 Β

264 1876 423 1916 nemo
455 1860 637 1914 adhuc
688 1859 743 1914 in
776 1859 952 1914 lucem
990 1858 1299 1930 protulerit,
1338 1867 1526 1913 notare
1550 1858 1728 1927 juvat,
1775 1858 1830 1912 in
1882 1864 1889 1869 ‘

261 1949 591 2005 bibliotheca
612 1947 971 2015 Seguieriaua
1002 1948 1119 2003 sive
1140 1946 1477 2002 Goisliniana
1497 1953 1713 2005 exstare
1730 1947 1833 2001 sub

256 2039 401 2096 falso
415 2039 577 2110 Greg.
601 2038 831 2111 Nysseni
858 2040 1076 2094 nomine
1100 2054 1207 2094 ms.
1237 2036 1480 2093 Graecum
1495 2036 1836 2091 Commenta-

261 2131 408 2183 rium
436 2132 491 2183 in
541 2129 910 2197 Ecclesiasten,
982 2130 1117 2184 nihil
1168 2145 1291 2184 cum
1339 2129 1487 2185 edito
1546 2129 1834 2184 habentem

261 2239 579 2289 commune,
615 2232 668 2278 et
701 2224 753 2278 in
786 2237 894 2293 quo
938 2222 1166 2293 hyssopi
1205 2220 1474 2291 expositio
1511 2222 1837 2291 quandoque

258 2315 598 2370 confutatur.
614 2315 877 2370 Dividitur
896 2316 950 2370 iu
962 2330 1245 2371 sermones
1256 2315 1468 2376 decem,
1483 2329 1714 2383 quorum
1734 2311 1839 2383 pri-

256 2424 380 2463 mus
419 2408 607 2477 incipit
632 2424 645 2459 :
676 2408 912 2477 ’Δμελγε
941 2407 1103 2475 γάλα,
1133 2406 1228 2460 καὶ
1252 2405 1405 2459 ἔσται
1445 2422 1531 2473 σοι.¹
1557 2405 1834 2475 βούτυρον.

259 2501 321 2554 ν.
346 2496 717 2555 Montfauconi
751 2502 1067 2572 Catalogum
1099 2500 1230 2555 bibl.
1250 2499 1598 2554 Coisliniauaa
1624 2514 1678 2568 p.
1713 2498 1836 2564 {20,

258 2607 375 2661 seq.
410 2591 576 2646 ana.
597 2592 857 2662 Augusta:
887 2590 1099 2647 Vindel.
1123 2590 1279 2661 Greg.
1311 2589 1469 2662 Syss.
1493 2591 1548 2643 in
1580 2589 1840 2645 Ecclesia—

254 2694 391 2746 sten,
421 2692 559 2739 teste
587 2682 812 2740 Reisero
837 2685 954 2741 Cat.
983 2700 1105 2754 pag.
1127 2683 1214 2738 '56.
1237 2713 1308 2722 —
1329 2682 1384 2737 In
1414 2693 1646 2752 quatuor
1675 2681 1835 2737 codd.

253 2775 389 2829 bibl.
417 2775 567 2845 pubi.
599 2774 777 2832 Paris.
808 2774 1080 2845 Expositio
1110 2775 1164 2828 in
1196 2773 1569 2828 Ecclesiasten.
1606 2772 1777 2829 HABL.

325 2866 381 2919 8.
428 2866 755 2936 Ἐξήγησις
779 2866 1044 2936 ἀκριϐής,
1069 2865 1335 2919 Accurata
1351 2866 1610 2934 expositio
1633 2865 1840 2919 Cantici

254 2959 607 3020 canticorum,
654 2958 722 3010 ad
770 2957 1154 3027 Olgmp'adem.
1188 2957 1423 3012 liomiliis
1454 2955 1568 3019 XV,
1607 2972 1838 3027 quarum

1942 585 2372 642 Grmco-Latinis
2395 585 2755 642 editionibus.
2784 581 2974 637 Exstat
2998 589 3053 635 et
3078 579 3220 634 Petri
3249 578 3509 633 Galesiuii

1940 676 2317 746 interpretatio
2342 675 2500 730 Rom.
2533 674 2691 735 1565,
2716 674 2770 727 4.
2801 671 2945 728 Citat
2970 685 3114 740 saepe
3144 669 3512 723 Damascenus

1943 766 1998 820 in
2043 766 2351 829 Parallelis,
2397 774 2450 820 et
2481 763 2804 818 Anastasius
2835 767 3026 833 quaest.
3066 776 3081 813 ι
3122 767 3176 813 ct
3206 773 3264 811 ιι.
3309 756 3510 811 Locum

1939 874 1969 910 a
2001 856 2209 912 Graecis
2258 858 2311 910 in
2360 857 2463 911 hoc
2509 868 2674 925 opere
2705 862 3023 923 corruptum
3053 850 3231 920 arguit
3279 849 3510 902 Allatius

1938 968 1987 1008 ο,
2025 948 2108 1016 I2,
2141 948 2211 1003 De
2227 950 2556 1018 processiouc
2585 947 2812 1015 Spiritus
2834 946 2893 1002 S.
2920 961 3041 1016 pag.
3067 943 3136 999 65
3155 958 3269 1013 seq.
3290 942 3511 998 Librum

1938 1046 2159 1101 tertium
2194 1043 2427 1117 Nysseni
2454 1044 2589 1114 Περὶ
2611 1041 2919 1114 προσευχῆς
2953 1041 3085 1094 citat
3107 1038 3429 1110 Eutliymius
3455 1038 3511 1092 in
3540 1032 3547 1037 ’

1938 1137 2222 1205 Panoplia.
2266 1134 2432 1189 FABR.
2486 1134 2545 1189 In
2581 1133 2701 1187 cod.
2739 1131 2870 1202 Reg.
2920 1130 3122 1186 Matrit.
3167 1130 3227 1183 L.
3271 1131 3512 1198 quinque

1936 1229 2123 1283 homil.
2160 1226 2226 1281 In
2257 1236 2397 1282 orat.
2433 1224 2712 1287 Dominic.,
2744 1238 2976 1294 quarum
2997 1223 3175 1292 prima
3204 1221 3312 1277 inc.
3333 1219 3511 1290 Εὑχῆς

1932 1318 2089 1391 ἡμῶν
2107 1335 2119 1347 ·
2152 1326 2206 1373 et
2226 1315 2467 1373 homiliaa
2489 1323 2613 1370 octo
2635 1315 2690 1368 in
2717 1321 2796 1368 tot
2824 1312 3211 1375 beatitudines.
3239 1310 3303 1364 V.
3330 1310 3509 1364 lriarl.

1931 1408 2051 1465 Cat.
2087 1407 2250 1463 codd.
2300 1406 2402 1463 Gr.
2454 1404 2656 1459 Matrit.
2695 1419 2749 1474 p.
2792 1402 2895 1458 168
2949 1418 3035 1473 sq.
3064 1433 3135 1443 ——
3178 1400 3513 1456 Vindobonae

1932 1499 1988 1554 in
2020 1482 2151 1555 bibl.
2180 1498 2385 1554 Ca‘sar.
2418 1496 2542 1553 cod.
2565 1493 2676 1550 CVI
2707 1495 2786 1567 (in
2813 1511 2944 1565 quo,
2969 1510 3001 1548 a
3026 1493 3280 1549 Lambec.
3305 1507 3505 1547 comm.

1934 1607 2011 1657 vi,
2038 1607 2093 1662 p.
2117 1590 2206 1645 51.
2233 1605 2355 1660 sqq.
2384 1587 2541 1644 valde
2563 1587 2805 1651 laudato,
2848 1585 2920 1641 28
2946 1593 3109 1641 oratt.
3131 1592 3186 1640 et
3205 1599 3329 1655 epp.
3347 1582 3509 1653 Greg.

1929 1682 2092 1754 Nyss.
2121 1679 2513 1753 continentur),
2542 1695 2625 1734 nr.
2667 1680 2723 1735 2.
2758 1678 2911 1734 Adde
2942 1687 3060 1734 not.
3089 1677 3294 1734 Kollar.
3330 1693 3383 1748 p.
3410 1676 3510 1751 _59.

1936 1805 2001 1816 —
2024 1775 2089 1830 Et
2116 1774 2330 1842 injcod.
2354 1772 2497 1840 Xlll,
2545 1788 2631 1827 nr.
2673 1771 2759 1837 t2,
2796 1778 2851 1827 et
2886 1786 2974 1826 nr.
3005 1772 3091 1832 l5,
3123 1777 3251 1826 sunt
3276 1767 3511 1840 Nysseni

1934 1866 2168 1920 homiliaa
2195 1864 2333 1931 VIII,
2378 1864 2432 1918 in
2477 1864 2700 1917 totidem
2730 1860 3096 1918 beatitudines
3131 1859 3387 1930 Evangel.
3421 1872 3510 1928 ap.

1934 1957 2318 2013 S.Mattlia:um
2353 1972 2473 2026 cap.
2499 1973 2549 2009 v.
2583 1954 2647 2008 V.
2671 1954 2935 2009 Lambec.
2962 1951 3050 2014 VI.
3078 1960 3215 2022 part.
3242 1967 3280 2013 1,
3311 1965 3365 2020 p.
3386 1948 3510 2016 I06,

1936 2063 2022 2118 sq.
2057 2077 2128 2089 -
2153 2046 2214 2102 In
2237 2065 2334 2103 sex
2368 2048 2528 2102 codd.
2555 2046 2728 2101 Paris.
2758 2045 2889 2100 bibl.
2921 2044 3078 2099 Publ.
3103 2075 3174 2087 —
3210 2041 3433 2097 Taurini
3455 2042 3509 2095 in

1936 2140 2059 2195 cod.
2111 2136 2297 2201 LXXI,
2355 2138 2483 2209 Reg.
2520 2137 2584 2193 V.
2629 2138 2829 2201 Catal.,
2877 2144 3011 2200 etc.,
3063 2153 3116 2206 p.
3174 2136 3294 2192 169.
3344 2134 3505 2189 Coiif.

1937 2229 2149 2288 Semler
2174 2231 2210 2285 l.
2245 2246 2295 2286 c.
2325 2245 2379 2300 p.
2411 2229 2532 2293 191,
2567 2236 2619 2284 et
2646 2226 2968 2284 Schrreekli.
3003 2245 3052 2299 p.
3078 2229 3138 2282 7|
3178 2244 3300 2299 sqq.
3334 2227 3508 2282 Hanc.

2013 2322 2112 2377 10.Δ
2138 2324 2241 2387 Εἰς
2264 2320 2406 2385 τοὺς
2430 2322 2867 2390 μακαρισμούς,
2897 2320 2960 2374 1η
2987 2330 3103 2375 octo
3135 2319 3508 2382 bcatitudines,

1939 2413 2128 2467 Matth.
2160 2428 2211 2474 ι’,
2246 2411 2480 2465 Ιιοιηίιὶω
2516 2410 2653 2477 VIII,
2690 2427 2741 2481 p.
2767 2411 3025 2465 762-857.
3074 2410 3254 2464 Prima
3288 2411 3507 2481 incipit:

1938 2505 2035 2568 Τίς
2058 2504 2166 2575 ἄρα
2187 2501 2426 2566 τοιοῦτός
2455 2504 2632 2564 ἐστινξ
2656 2502 2828 2557 Vertit
2852 2502 2992 2556 idem
3014 2500 3342 2556 Laurentius
3371 2500 3510 2554 Sira-

1939 2612 2066 2655 IIII-3.
2116 2595 2276 2666 cujus
2308 2593 2809 2665 interpretationem
2835 2591 3168 2649 Parisienses
3198 2600 3508 2654 servarunt.

1938 2699 1993 2744 et
2022 2687 2219 2742 Petrus
2243 2685 2573 2742 Galesinius.
2603 2683 2817 2739 Citatur
2838 2685 2891 2738 in
2920 2685 3057 2739 actis
3088 2684 3307 2739 concilii
3332 2682 3511 2753 Ephe—

1941 2780 2067 2843 sini,
2094 2793 2310 2833 necnon
2344 2793 2373 2831 a
2403 2776 2737 2833 'I‘heodorito
2781 2777 2835 2831 in
2860 2775 3070 2847 Dialog.
3099 2784 3153 2831 et
3176 2775 3511 2834 Damasceno

1941 2871 1995 2924 in
2020 2869 2306 2922 Parallelis
2322 2912 2335 2933 ,
2366 2868 2622 2923 Liberalo
2644 2869 2698 2923 in
2720 2867 2984 2931 Breviar.,
3009 2875 3114 2923 etc.
3145 2866 3201 2921 In
3226 2867 3327 2922 hoc
3350 2882 3512 2936 opere.

1940 2960 2143 3015 desinit
2200 2967 2383 3013 tomus
2438 2959 2644 3029 primus
2695 2958 2952 3014 editionis
3001 2973 3225 3028 operum
3281 2958 3509 3029 Nysseni

259 3050 454 3147 ultima
475 3048 683 3147 definit
720 3049 777 3147 in
803 3048 1128 3147 illustrando
1157 3061 1317 3147 versu
1335 3046 1624 3147 ‘9'.c.apitis.
1647 3062 1723 3112 νι,
1864 3086 1910 3147 c
1941 3050 2367 3106 Graeco-Latina:
2393 3050 2764 3147 a._I(i38,qua:
2786 3051 3048 3147 hactenus
3075 3050 3273 3147 prioris
3300 3064 3352 3103 a.
3380 3050 3512 3105 1615

253 3136 517 3192 468-7”.
544 3136 1100 3207 Prommiuuriu‘cipit
1134 3155 1147 3191 :
1199 3135 1569 3207 Ἀπεδεξάμην
1594 3138 1670 3200 ὡς
1703 3137 1837 3209 πρέ-

256 3243 467 3281 πουσαν
510 3228 589 3298 τῷ
626 3228 809 3300 σεμνῷ
857 3245 953 3281 σου
993 3227 1112 3300 βίῳ.
1156 3227 1298 3283 Citat
1355 3229 1724 3284 Damascenus
1780 3230 1835 3284 in

1941 3144 2167 3214 paginas
2209 3150 2410 3198 servat.
2447 3140 2614 3196 Fssn.
2654 3140 2886 3197 Liberali
2937 3140 3267 3195 Breviarium
3329 3157 3511 3197 causm

1935 3233 2387 3290 Nestorian'orum
2429 3240 2483 3289 et
2508 3232 2992 3303 Eutychianorum,
3030 3241 3161 3295 ete.,
3190 3233 3393 3288 editum
3421 3241 3509 3286 est
3574 3230 3589 3248 '

262 3316 580 3372 Parallelis.
608 3317 922 3374 Meminitet
945 3318 1143 3374 Suidas
1163 3319 1218 3374 in
1240 3319 1560 3392 Γρηγόριος,
1578 3320 1837 3375 etAdria-
1930 3339 2060 3379 eum
2109 3324 2253 3379 notis
2297 3322 2496 3379 Joann.
2540 3324 2812 3390 Garnerii,
2854 3323 3028 3378 Paris.
3068 3323 3227 3387 1675,
3278 3324 3334 3387 8,
3377 3324 3506 3379 hinc

259 3406 415 3462 nusl
454 3422 612 3477 papa,
640 3408 840 3464 inloco
872 3409 963 3477 qui
991 3408 1214 3464 atl'ertur
1236 3410 1291 3464 in
1329 3411 1468 3466 actis
1492 3411 1688 3466 concil.
1724 3409 1833 3475 VII,

257 3506 397 3553 tom.
441 3495 529 3551 VII
558 3497 690 3553 edit.
717 3498 942 3565 Labbei,
976 3516 1029 3571 p.
1066 3499 1187 3555 109.
1220 3498 1398 3555 Vertit
1434 3501 1574 3555 idem
1612 3484 1836 3556 Gentia—

257 3605 366 3646 nus
413 3588 703 3657 Hervetus,
753 3592 917 3661 cujus
962 3574 1270 3647 versionem
1327 3592 1558 3647 subinde
1605 3592 1836 3661 castigat

256 3681 469 3738 Fronto
496 3682 727 3738 Ducaeus
762 3684 814 3737 in
837 3683 1001 3747 notis,
1041 3684 1283 3739 adhibita
1316 3684 1481 3738 etiam
1514 3684 1835 3753 interpreta-

253 3775 410 3828 tione
458 3771 687 3828 Joannis
730 3771 1066 3839 Lcunclavii,
1118 3790 1239 3843 quae
1278 3773 1452 3828 lucem
1490 3773 1622 3827 vidit
1670 3772 1832 3827 Basil.

260 3864 425 3920 1570.
459 3861 629 3917 Fusa.
672 3863 932 3935 Augusta:
970 3864 1179 3919 Vindel.
1221 3865 1275 3919 in
1315 3861 1565 3933 Procopii
1596 3863 1835 3933 Epitome

248 3955 646 4025 expositionum
700 3958 754 4009 in
800 3955 1083 4010 Canticum
1125 3955 1455 4010 canticorum
1497 3972 1526 4010 c
1571 3954 1835 4026 Gregorio

251 4046 417 4117 Nyss.
451 4054 508 4102 et
554 4033 701 4102 aliis.
730 4076 802 4086 —
834 4046 892 4101 In
937 4048 1046 4101 alio
1085 4048 1208 4102 cod.
1249 4047 1545 4118 Gregorius
1586 4046 1746 4118 Nyss.
1780 4054 1835 4104 et

251 4138 645 4194 Theodoretus
693 4137 747 4193 in
778 4137 1060 4193 Canticum
1105 4139 1466 4194 canticorum.
1522 4137 1587 4192 V.
1617 4137 1830 4195 Reiser.

255 4227 376 4281 Cat.
432 4242 486 4296 p.
522 4226 592 4281 56
623 4234 676 4281 et
715 4227 804 4283 58.
835 4258 907 4267 —
937 4220 1180 4283 Venetiis
1230 4228 1284 4282 in
1328 4227 1462 4284 hibl.
1509 4225 1675 4282 Marc.
1708 4228 1827 4284 cod.

248 4320 417 4384 XXII,
460 4318 692 4390 Nysseni
722 4328 772 4374 et
806 4318 936 4383 Nili,
970 4334 1145 4384 mon.,
1183 4317 1559 4388 Interpretatio
1585 4322 1636 4374 in
1672 4319 1829 4375 Cant.

1936 3416 2196 3471 omissum
2247 3415 2313 3469 ab
2362 3412 2643 3470 Harduino
2680 3416 2735 3470 in
2768 3413 3086 3470 Collectione
3127 3414 3495 3470 conciliorum.

1938 3502 2072 3558 Vide
2132 3503 2233 3557 vol.
2270 3500 2470 3573 .Xl,‘p.
2513 3503 2738 3567 443,0:3
2786 3503 3085 3560 collectione
3133 3503 3500 3558 conciliorum.

1934 3625 2004 3636 —
2032 3592 2108 3650 De
2143 3589 2265 3650 cod.
2297 3592 2500 3651 Caesar.
2531 3610 2582 3648 v.
2617 3593 2684 3648 ad
2708 3610 2794 3649 nr.
2830 3595 2883 3650 9.
2909 3622 2980 3634 —-
3005 3594 3110 3648 Illa:
3135 3594 3279 3648 hom.
3306 3595 3361 3647 in
3382 3595 3504 3647 bea-

1938 3681 2091 3737 titud.
2129 3690 2258 3735 sunt
2282 3682 2337 3735 in
2363 3681 2603 3752 quinque
2629 3681 2787 3736 codd.
2811 3682 2943 3735 bibl.
2964 3680 3120 3737 Publ.
3151 3680 3325 3736 Paris.
3358 3691 3412 3737 et
3436 3684 3489 3738 in

1937 3772 2113 3828 tribus
2144 3770 2305 3826 codd.
2339 3773 2470 3827 bibl.
2504 3770 2686 3843 Regiae
2716 3769 2961 3826 Taurini.
2992 3772 3164 3828 lianc.

2008 3864 2093 3917 11.
2129 3862 2184 3916 In
2215 3861 2349 3916 illud
2383 3861 2668 3917 ICorinlh.
2697 3879 2786 3928 xv,
2813 3863 2883 3919 28
2909 3886 2923 3920 :
2954 3865 3182 3932 Quando
3211 3866 3311 3920 sibi
3335 3865 3512 3935 subje-

1943 3955 2073 4008 cerit
2107 3954 2306 4017 omnia,
2355 3962 2478 4007 tunc
2513 3953 2625 4023 ipse
2652 3970 2850 4025 quoque
2880 3953 3076 4020 Filius,
3119 3968 3224 4011 elc.
3257 3957 3358 4027 (a),
3386 3971 3508 4027 pag.

1935 4045 2197 4114 858-855,
2245 4060 2372 4100 cum
2403 4046 2653 4101 versione
2692 4044 2940 4101 Gentiani
2974 4045 3190 4103 Herveti
3226 4066 3243 4103 :
3285 4048 3506 4118 incipit:

1934 4138 2117 4191 Πάντα
2157 4137 2256 4208 μὲν
2296 4137 2365 4189 τὰ
2390 4135 2543 4205 λόγια
2568 4135 2792 4207 Κυρίου.
2828 4135 2988 4191 Fsan.
3019 4141 3075 4192 In
3114 4139 3237 4193 co.I.
3273 4137 3502 4192 Taurin.

1936 4226 2125 4283 LXXI.
2157 4226 2249 4282 Illa
2294 4227 2512 4282 bomilia
2545 4227 2689 4298 quod
2733 4228 2940 4298 repleta
2971 4238 3055 4285 est
3086 4230 3366 4284 erroribus
3389 4228 3506 4284 Ori-

1935 4319 2187 4390 gcnianis
2220 4326 2274 4374 et
2311 4318 2414 4388 ipsi
2438 4316 2702 4390 Gregorio
2737 4318 2983 4388 Nysseno
3018 4319 3071 4372 in
3100 4319 3220 4389 ejus
3273 4320 3513 4375 iudubiis

246 4415 518 4485 canticor.
562 4412 628 4466 aJ
673 4427 724 4465 vt
774 4413 957 4482 priora
1002 4427 1161 4483 capp.
1205 4410 1270 4466 V.
1311 4419 1419 4469 cat.
1464 4413 1622 4468 codd.
1662 4414 1830 4469 Marc.
1865 4420 1911 4479 ι)
1937 4408 2216 4479 epusculis
2256 4415 2550 4479 repugnat,
2593 4405 2793 4462 Oudin.
2823 4408 2860 4473 Ι,
2900 4422 2953 4477 ρ.
2986 4406 3087 4462 599
3144 4424 3254 4479 sq..
3281 4408 3512 4477 judicat.

250 4504 347 4560 Gr.
387 4520 512 4576 pag.
553 4504 646 4558 2t.
671 4530 743 4544 —
774 4501 1001 4558 Taurini
1034 4504 1087 4559 in
1118 4505 1250 4560 bibl.
1284 4503 1416 4576 Reg.
1448 4505 1581 4561 cod.
1602 4505 1832 4564 CXVIII.

252 4596 463 4653 Comm.
498 4598 557 4651 in
587 4595 748 4651 Cant.
787 4596 1065 4665 canticor.,
1097 4612 1235 4667 opus
1259 4599 1509 4653 mutilum
1536 4617 1550 4665 ;
1587 4615 1712 4653 nam
1739 4601 1828 4656 vix

253 4700 464 4760 septem
494 4695 625 4743 sunt
660 4702 964 4744 sermones.
1001 4686 1062 4741 V.
1102 4696 1211 4745 cat.
1247 4689 1405 4744 codd.
1439 4690 1533 4744 Gr.
1572 4689 1740 4744 Taur.
1775 4708 1829 4762 p.

253 4780 377 4838 227.
406 4810 479 4821 —-
505 4778 686 4834 Paris.
723 4779 777 4833 in
806 4778 1051 4849 quinque
1070 4779 1231 4834 codd.
1264 4780 1397 4834 bibl.
1425 4779 1582 4836 Publ.
1610 4813 1676 4823 —
1707 4780 1833 4837 Flo~

255 4871 447 4925 rentia;
480 4871 537 4924 in
555 4869 690 4925 bibl.
718 4867 979 4923 Laurent.
1014 4868 1136 4924 cod.
1170 4868 1340 4937 XXX,
1368 4871 1506 4940 plut.
1534 4872 1588 4937 7,
1622 4887 1831 4942 praece-

256 4962 334 5017 dit
373 4963 637 5034 prologns
659 4978 713 5019 ε.
739 4961 982 5032 Epistola
1012 4963 1080 5017 ad
1108 4961 1474 5033 Olympiadem
1498 4978 1516 5015 :
1550 4970 1665 5017 tum
1700 4964 1836 5018 inei-

256 5053 410 5122 piunt
426 5054 534 5125 ipsi
557 5052 941 5109 Commentarii
970 5055 1025 5108 in
1056 5053 1214 5109 Cant.
1243 5055 1499 5109 canticor.
1520 5055 1573 5111 in
1599 5053 1695 5108 XV
1720 5069 1838 5110 ser-

257 5158 448 5201 mones
501 5143 814 5207 distributi,
866 5158 1005 5214 quos
1054 5153 1301 5200 recenset
1337 5143 1567 5200 Bandin.
1620 5145 1672 5197 iu
1716 5142 1833 5199 Cat.

258 5236 414 5292 codd.
442 5235 539 5291 Gr.
569 5234 737 5291 Laur.
764 5236 804 5293 Ι.
840 5251 896 5306 p.
929 5234 1035 5311 299
1066 5252 1149 5306 sq.
1182 5232 1359 5291 Hum.

319 5351 376 5405 9.
415 5353 523 5417 Εις
547 5350 666 5420 τὴν
693 5351 1067 5423 προσευχήν,
1098 5350 1164 5406 In
1188 5351 1483 5405 orationem
1506 5350 1838 5406 .Dominicam

250 5437 486 5499 hornin
512 5442 580 5510 ν,
605 5443 749 5499 lecw
778 5442 1136 5516 dignissimae,
1163 5459 1285 5514 pag.
1310 5443 1571 5508 7i2-76I,
1605 5458 1835 5514 quarum

316 5620 402 5763 (ag
440 5621 662 5705 laedit.
689 5636 741 5677 a.
773 5622 936 5689 1658,
974 5633 1105 5679 tom.
1133 5621 1199 5691 ll,
1231 5638 1353 5697 pag.
1379 5625 1430 5680 6.

316 5691 373 5762 (6
438 5692 576 5749 Ibid.
602 5707 728 5763 pag.
756 5692 848 5748 22.

314 5691 399 5763 (ὁ)
438 5692 576 5749 Ibid.
602 5707 728 5764 pag.
756 5692 848 5748 22.

1940 4501 2020 4556 vel
2056 4500 2203 4554 illam
2248 4497 2475 4569 Gregor.
2532 4496 2693 4569 Nyss.
2741 4512 2849 4553 non
2898 4497 3157 4554 habuisse
3208 4505 3511 4568 parentem,

1938 4591 2025 4645 vel
2057 4589 2418 4661 probabilius,
2464 4590 2648 4643 omnia
2684 4591 2879 4644 mirum
2919 4590 2972 4644 in
3019 4591 3239 4646 modum
3285 4591 3354 4645 ab
3392 4591 3513 4644 aliis

1937 4697 2061 4738 esse
2093 4682 2442 4751 interpolata.
2475 4680 2646 4736 "ABL.

2005 4794 2090 4848 I2.
2122 4792 2182 4847 In
2208 4794 2342 4848 illud
2369 4794 2568 4849 Genes.
2599 4809 2637 4860 I,
2668 4792 2764 4848 16:
2793 4793 2875 4848 Ad
2907 4794 3190 4864 imaginem
3224 4790 3322 4846 Dei
3350 4801 3399 4845 et
3436 4789 3505 4844 ad

1932 4887 2331 4942 similitudinem
2368 4887 2467 4957 (ὁ),
2510 4902 2563 4956 p.
2613 4884 2873 4949 854-866,
2910 4900 3032 4939 cum
3060 4883 3307 4938 versione
3341 4880 3512 4935 Fron-

1937 4968 2082 5034 tonis
2128 4979 2333 5044 Duczei,
2385 4979 2479 5050 qui
2514 4978 2679 5033 etiam
2723 4986 2883 5033 notas
2925 4975 3198 5046 adjunxit.
3230 4972 3515 5028 Prodierat

1935 5070 2134 5143 Grece
2165 5085 2290 5125 cum
2345 5068 2526 5124 Ducaei
2564 5070 2818 5125 versione
2873 5065 3196 5139 lngolstadt.
3258 5063 3414 5129 1596,
3457 5069 3510 5117 8.

1936 5162 2163 5233 Incipit:
2195 5162 2259 5215 Οἱ
2280 5160 2381 5231 τὴν
2402 5159 2611 5214 ἑαυτῶν
2637 5159 2892 5222 ἀπλανῶς
2919 5157 3012 5211 τοῦ
3041 5154 3355 5230 προσώπου.
3376 5156 3512 5210 Aliis

1943 5261 2136 5309 auctor
2191 5252 2354 5321 hujus
2405 5251 2594 5322 scripti
2648 5266 2757 5305 non
2808 5247 3088 5320 Nyssenus
3128 5246 3366 5312 videtur,
3415 5247 3511 5301 sed

1944 5345 2270 5401 Anastasius
2317 5342 2526 5397 Siuaita
2552 5341 2644 5413 (c).
2671 5339 2807 5395 Vide
2832 5338 3236 5394 Tillemontium
3266 5347 3396 5393 tom.
3415 5334 3509 5403 IX,

1946 5458 1998 5513 p.
2033 5439 2159 5505 741,
2195 5439 2285 5511 qui
2320 5453 2439 5508 pag.
2471 5436 2598 5503 605,
2638 5435 2773 5491 illud
2812 5440 2967 5507 putat
2991 5448 3113 5490 esse
3149 5432 3508 5504 fragmentum

1978 5619 2052 5692 (c)
2084 5619 2224 5692 Vide
2272 5619 2329 5692 in
2352 5618 2457 5692 vol.
2476 5616 2577 5692 _I_X,
2603 5633 2724 5691 pag.
2752 5618 2875 5687 551,
2933 5631 3022 5672 nr.
3046 5614 3099 5681 7,
3120 5614 3186 5669 de
3238 5610 3507 5667 Anastasii

1943 5687 2165 5747 δὶιίειίιω
2195 5690 2428 5761 scriptis.
2476 5687 2644 5745 litat}.
