3768 6000
311 218 389 272 ’19
1033 271 1040 279 ,
1557 217 1840 274 NOTITIA
1878 217 1969 271 EX
2009 216 2348 273 FABIllCIO.
3513 217 3572 271 9.9

325 332 547 402 majoris
577 334 779 402 operis,
816 333 867 388 in
901 349 1008 403 quo
1043 334 1281 389 diilicilia
1313 334 1611 406 Scripturae
1655 338 1773 391 loca
1800 351 1899 389 au-
1930 338 1972 392 Α
2001 350 2218 390 excusse
2245 376 2258 396 ,
2321 333 2509 388 eodem
2575 333 2870 400 interprete
2972 327 3150 382 Lutct.
3231 345 3319 400 ap.
3382 328 3577 386 Vasco-

325 431 445 477 ctor
476 425 787 480 illustravit.
831 423 994 477 FABR.
1043 424 1205 479 Conf.
1241 424 1448 480 Semlcr
1491 426 1525 479 Ι.
1561 442 1610 480 e.
1645 441 1767 496 pag.
1803 425 1902 480 184

327 533 474 587 sqq.,
521 516 623 571 192
660 532 781 586 sqq.
817 516 1115 572 Schroeckh
1154 533 1207 587 p.
1239 519 1306 572 74
1340 533 1459 587 sqq.
1491 519 1654 573 etiam
1684 518 1752 572 de
1782 533 1898 588 seq.

325 624 518 678 opusc.
549 608 806 664 Lambec.
832 618 886 663 et
913 609 1119 664 Kollar.
1151 610 1362 665 Comm.
1391 609 1479 676 Ill,
1512 625 1634 681 pag.
1660 611 1897 680 ﬁll-seq.

325 701 394 756 de
423 700 544 754 cod.
572 699 730 755 LXV.
766 699 936 755 ΝΛΜ..

404 790 490 843 13.
522 789 601 842 Ad
637 787 1006 844 Theodosium
1038 791 1378 860 episcopum,
1420 789 1663 859 Epistola
1689 788 1753 842 de
1809 805 1902 843 en-

325 881 676 952 gastrimyllto
709 883 809 950 (a),
843 897 965 952 pag.
991 880 1252 943 867-871,
1285 896 1407 935 cum
1440 880 1686 948 ejusdem
1718 879 1900 934 Ductei

325 976 578 1030 versione
631 982 684 1030 et
729 974 892 1028 notis.
953 973 1170 1042 Incipit:
1240 973 1296 1026 '0
1337 971 1506 1026 εἰπὼν
1553 975 1664 1036 τοῖς
1708 972 1900 1026 ἑαυτοῦ

330 1068 618 1139 μαθηταῖς.
661 1067 720 1120 1η
753 1065 857 1120 ﬁne
886 1073 1140 1128 testatur,
1174 1080 1232 1120 se
1266 1064 1377 1134 ἰδίῳ
1404 1064 1548 1134 λόγῳ
1580 1063 1758 1120 fusius
1799 1080 1898 1119 ex-

326 1161 562 1229 plicasse
611 1158 730 1223 πῶς
775 1158 1134 1231 παραγίνεται
1175 1156 1236 1210 τὸ
1289 1154 1506 1226 πνεῦμα
1556 1155 1661 1227 πρὸ
1706 1155 1892 1225 βαπτί-

329 1270 552 1323 σματος.
606 1252 675 1305 At
704 1252 997 1316 sententia,
1054 1265 1160 1320 qua
1191 1265 1297 1304 non
1330 1263 1518 1304 verum
1565 1246 1899 1311 Samuelem',

327 1346 420 1400 sed
449 1347 747 1400 daemonem
774 1345 875 1398 sub
903 1343 1173 1398 Samuelis
1204 1341 1386 1411 specie
1411 1339 1563 1394 Sauli
1586 1339 1904 1410 apparuisse

327 1441 594 1506 disputat,
641 1439 948 1491 communis
985 1436 1086 1506 ipsi
1118 1442 1202 1489 est
1229 1449 1351 1489 cum
1387 1434 1634 1504 pluribus
1663 1431 1904 1502 antiquis

327 1527 590 1584 Ecclesiae
619 1527 956 1592 doctoribus,
986 1536 1046 1582 ut
1071 1525 1467 1582 demonstravit
1499 1523 1731 1578 Allatius
1757 1523 1901 1576 Diss.

327 1622 392 1674 de
420 1621 832 1691 engastrimytho
864 1620 956 1692 [ad
993 1619 1235 1674 Eustath.
1269 1617 1516 1672 Antioch.
1545 1620 1906 1671 Hexaemeron
1945 1688 1975 1692 _
2011 1618 2209 1680 dentia,
2230 1624 2360 1680 ctc.,
2382 1612 2594 1676 Latine,
2616 1611 2943 1680 Argentinw,
2973 1607 3116 1678 typis
3143 1604 3384 1659 Matthiae
3418 1602 3589 1658 Schu-
3702 1593 3703 1606 ¹

2007 443 2127 482 san.
2187 427 2345 494 1550,
2405 426 2456 479 4.
2505 424 2570 479 ν.
2624 423 2894 478 Maittaire
2950 426 3014 475 A.
3072 431 3111 476 ι.
3154 421 3218 486 ΙΙ,
3261 439 3316 492 p.
3364 423 3581 479 586.-

2007 516 2247 572 Veneliis
2300 515 2440 585 apud
2489 514 2612 568 Altli
2657 513 2817 567 Iilios.
2860 511 3020 574 1550,
3066 511 3118 564 8.
3164 509 3230 565 ν.
3277 510 3420 564 Seria
3464 511 3580 565 dell‘

2006 607 2165 662 Ediz.
2190 606 2400 672 Aldine,
2444 622 2500 676 p.
2526 605 2616 660 90.
2642 603 2780 658 Illud
2804 618 2997 674 opusc.
3023 611 3108 658 est
3137 602 3192 656 in
3216 602 3392 658 tribus
3421 601 3577 659 codd.

2005 699 2139 756 bibl.
2167 698 2344 754 Paris.
2389 698 2536 767 publ.
2575 695 2748 749 IlsnL.

2077 789 2164 843 17.
2219 790 2380 844 Κατὰ
2439 784 3060 857 εἷμαρμένης,(ἷοηιι·α
3120 783 3292 852 fatum
3343 783 3581 852 disputa—

2007 885 2080 936 tio
2112 899 2230 936 cum
2276 882 2480 936 ethnico
2511 880 2845 950 philosopho,
2882 877 3142 946 adjuncta
3177 876 3422 945 ejusdem
3469 875 3582 929 Zini

2006 973 2257 1027 versione
2307 972 2400 1041 (ε),
2457 987 2579 1040 pag.
2656 968 2922 1024 891-915.
2989 966 3183 1036 Incipit
3236 985 3250 1020 :
3301 966 3582 1036 Μέμνησαι

2007 1044 2224 1124 πάντως
2244 1062 2326 1114 ὅτι
2352 1078 2439 1131 μοι
2471 1060 2714 1128 γέγονεν.
2745 1057 2888 1114 Cilat
2917 1057 3243 1111 Anastasius
3274 1065 3470 1124 quaest.
3500 1056 3579 1108 19.

2007 1153 2356 1210 Tillemontio
2419 1139 2636 1207 videtur
2703 1151 2911 1219 scripta
2983 1147 3460 1216 ConstantinOpoli
3534 1160 3580 1197 a.

2005 1247 2066 1301 (Ἰ.
2108 1247 2233 1303 581.
2267 1246 2402 1302 Vide
2430 1247 2550 1315 ejus
2580 1245 2870 1300 Memorias
2906 1250 3038 1297 tom.
3072 1240 3165 1306 IX,
3203 1256 3326 1311 pag.
3357 1238 3462 1294 586
3501 1249 3594 1307 sq.”

2006 1339 2173 1394 FABR.
2206 1338 2366 1408 Grcg.
2396 1339 2557 1409 Nyss.
2585 1337 2753 1392 libelli
2783 1342 2909 1390 octo
2937 1334 3012 1388 De
3041 1333 3267 1396 homine,
3298 1330 3370 1386 De
3387 1331 3583 1391 anima,

2008 1432 2086 1486 De
2127 1431 2418 1494 elementis,
2463 1429 2537 1483 De
2573 1428 2771 1483 viribus
2803 1427 3016 1488 animae,
3069 1424 3141 1476 De
3165 1422 3484 1484 voluntario,
3513 1419 3587 1473 De

2010 1523 2386 1587 involuntario,
2434 1521 2510 1575 De
2543 1521 2675 1589 fato,
2709 1519 2784 1572 De
2813 1517 2974 1571 libero
3007 1514 3253 1577 arbitrio,
3301 1513 3374 1567 De
3399 1512 3579 1565 Provi-

327 1728 383 1768 v.
434 1688 551 1781 cap.
601 1688 726 1782 seq.
765 1713 791 1783 §
825 1688 883 1776 1,-
908 1729 993 1766 nr.
1031 1711 1120 1784 2].
1153 1710 1440 1765 Prodicrat
1485 1709 1590 1763 hoc
1643 1707 1900 1776 scriptum

2088 1723 2150 1771 r.,
2201 1706 2360 1771 1512,
2416 1705 2510 1760 fol.
2569 1703 2636 1757 ν.
2670 1700 3008 1755 Lamhachcr
3059 1697 3114 1752 in
3171 1695 3310 1752 Bibl.
3369 1694 3586 1762 antiqua

326 1802 560 1874 Nysseni
587 1819 708 1858 cum
744 1804 922 1858 Duczei
955 1805 1222 1867 versione,
1257 1802 1556 1872 Ingolstad.
1587 1799 1744 1863 1596,
1783 1798 1835 1853 8.

399 1896 487 1949 14.
528 1900 633 1961 Εἰς
663 1896 777 1964 τὴν
807 1895 1025 1954 ἑαυτοῦ
1054 1897 1426 1965 χειροτονίαν
1445 1935 1459 1960 ,
1493 1911 1608 1947 cum
1638 1894 1907 1962 episcopus

329 1988 603 2040 ordinatus
658 1999 789 2042 esset
829 1988 934 2059 (ὁ),
986 2003 1041 2058 p.
1106 1987 1384 2049 872—879,
1437 2001 1560 2039 cum
1617 1982 1910 2038 Frontonis

331 2079 509 2134 Duc-.ei
560 2081 811 2134 versione
869 2095 931 2132 ac
983 2079 1148 2133 notis.
1200 2079 1430 2145 Incipit:
1460 2073 1629 2128 Ἦλθε
1683 2076 1776 2128 καὶ
1825 2077 1909 2142 ἐφ’

328 2172 478 2240 ἡμᾶς
538 2173 570 2241 ἡ
629 2170 725 2240 ιῆς
792 2168 1167 2239 πνευματικῆς
1233 2169 1525 2230 ἑστιάσεως
1577 2166 1908 2236 λειτουργία.

329 2260 473 2314 Citat
501 2259 738 2314 Joannes
779 2260 1145 2314 Damascenus
1175 2259 1228 2312 in
1267 2256 1574 2320 Parallelis,
1619 2271 1740 2327 pag.
1785 2257 1906 2321 775,

332 2352 438 2407 sub
468 2352 627 2406 titulo
657 2351 792 2422 Περὶ
822 2351 923 2421 τῆς
970 2351 1026 2404 ὲν
1071 2349 1480 2402 Κωνσταντίνου
1536 2346 1689 2408 πόλει
1739 2364 1908 2400 κατα-

333 2445 574 2507 στάσεως
619 2441 712 2496 τοῦ
762 2443 918 2510 ἁγίου
971 2441 1293 2512 Γρηγορξου.
1351 2439 1540 2508 Itaque
1571 2439 1683 2492 haec
1734 2437 1912 2491 oratio

331 2536 476 2590 dicta
519 2551 570 2588 a.
623 2534 686 2590 C.
741 2534 866 2598 591,
901 2535 955 2588 in
1004 2534 1238 2588 concilio
1280 2529 1908 2600 Constantinopolitano,

331 2643 442 2682 non
484 2636 663 2680 antem
697 2627 820 2691 572,
854 2641 963 2696 quo
995 2626 1287 2694 episcopus
1317 2623 1604 2676 ordinatus
1629 2629 1735 2677 est.
1768 2621 1912 2676 Con-

332 2719 416 2773 fer
448 2718 858 2773 Tillemontium
909 2728 1039 2771 tom.
1085 2714 1176 2776 IX,
1210 2731 1262 2784 p.
1300 2712 1424 2779 775,
1457 2713 1582 2768 774.
1626 2712 1913 2768 Prodierat

335 2825 460 2864 cum
496 2809 673 2863 Ducaei
699 2809 949 2864 versione
987 2806 1284 2878 Ingolstad.
1317 2805 1480 2869 1596,
1517 2805 1570 2860 8.
1598 2859 1611 2868 ,

407 2901 492 2956 15.
536 2901 736 2956 Contra
765 2900 1155 2970 Apollinarium
1179 2899 1543 2970 fragmentum
1562 2898 1656 2968 (ο),
1685 2913 1739 2968 p.
1781 2896 1908 2960 879,

334 2991 460 3055 880,
492 3008 615 3046 cum
645 2991 889 3059 ejusdem
931 2990 1112 3046 Ducaei
1149 2989 1597 3060 interpretatione
1650 3003 1773 3043 cum
1805 3004 1912 3057 qua

330 3084 445 3154 jam
471 3085 647 3139 lucem
671 3085 879 3139 viderat
910 3084 1206 3156 lngolstad.
1236 3083 1394 3152 1596,
1420 3083 1474 3138 8.
1498 3082 1722 3154 Incipit:
1749 3083 1915 3136 Ὥστε

337 3175 581 3239 κίνδυνός
642 3178 790 3229 ἐστιν
817 3179 950 3248 ἡμῖν
975 3175 1169 3239 οὐδείς.
1195 3175 1356 3230 Aliud
1387 3173 1620 3245 Nysscni
1648 3172 1920 3244 fragmen-

336 3276 453 3322 tum
487 3268 737 3324 adversus
771 3268 1162 3338 Apollinarium
1196 3282 1228 3322 e
1267 3274 1412 3321 msto
1439 3267 1688 3322 Caesareo
1732 3265 1920 3320 Grasce

336 3361 642 3431 publicavit
689 3360 1015 3416 Lambecius
1056 3359 1142 3426 Ill,
1187 3376 1242 3430 p.
1274 3360 1378 3414 167
1415 3359 1492 3430 [ρ.
1531 3358 1657 3426 416,
1692 3375 1777 3429 sq.
1829 3357 1915 3412 ed.

339 3453 545 3509 Kollar.
589 3453 747 3523 cujus
783 3461 920 3508 nott.
967 3453 1091 3509 vide
1132 3452 1251 3524 H.].

411 3564 498 3620 16.
540 3567 678 3635 Περὶ
721 3566 1149 3636 φιλοπτωχίας,
1203 3562 1278 3618 De
1308 3561 1626 3633 pauperibus
1666 3561 1921 3615 charitate

340 3659 766 3726 complectendis,
805 3659 960 3727 λόγος
993 3658 1036 3728 β’
1069 3658 1243 3728 (prior
1291 3655 1484 3711 Latine
1516 3654 1680 3721 infra,
1712 3671 1796 3709 nr.
1827 3654 1918 3718 24,

339 3758 394 3803 et
426 3747 612 3802 Grzcce
641 3764 725 3802 nr.
761 3747 872 3817 72),
909 3748 960 3800 in
992 3747 1124 3800 illud
1155 3745 1344 3800 Matth.
1373 3761 1498 3812 xxv,
1533 3744 1623 3808 40,
1651 3744 1921 3808 Quatenus

340 3839 431 3890 uni
471 3853 534 3891 ea:
555 3839 633 3891 his
663 3838 884 3906 fecistis,
914 3836 1039 3889 mihi
1064 3836 1260 3905 fecistis
1281 3835 1380 3906 (ά),
1413 3851 1464 3904 p.
1499 3835 1760 3901 881-895,
1797 3851 1922 3889 cum

339 3928 490 3984 Petri
523 3928 798 3983 Francisci
854 3927 975 3981 Zini
1022 3928 1295 3993 versione,
1325 3943 1446 3996 qua:
1489 3926 1767 3997 prodierat
1817 3927 1923 3981 Ve-

344 4028 456 4074 net.
492 4018 651 4078 1571,
687 4020 740 4083 8,
785 4026 840 4072 et
885 4033 1046 4086 quam
1089 4018 1225 4072 locis
1270 4017 1549 4072 nonnullis
1595 4017 1826 4086 castigat
1868 4017 1925 4071 in

343 4111 491 4165 notis
541 4109 789 4165 Ducaeus.
822 4109 1016 4179 Incipit
1051 4127 1064 4162 :
1111 4110 1230 4162 Ἔτι
1273 4109 1409 4180 πρὸς
1451 4107 1527 4178 τῷ
1563 4107 1792 4179 Θεάματι
1827 4108 1927 4178 τῆς

345 4203 582 4275 φοϐερᾶς
611 4202 704 4256 τοῦ
742 4202 1003 4272 βασιλέως
1026 4201 1344 4270 ἐπιφανείας
1375 4201 1509 4272 εἰμί.
1559 4201 1746 4256 Graece
1777 4200 1927 4255 vide-

345 4307 431 4350 rat
461 4297 637 4350 lncem
669 4298 921 4366 Augusta:
950 4295 1091 4364 apud
1120 4294 1434 4364 Mangerum
1468 4293 1627 4358 1587,
1654 4295 1709 4358 8,
1735 4293 1929 4348 edente

2014 1800 2188 1854 civica
2235 1795 2468 1852 Vindob.
2502 1811 2556 1865 p.
2615 1783 2808 1856 90,'et
2857 1791 2958 1845 cel.
3015 1788 3244 1842 Panzer.
3295 1784 3360 1841 A.
3413 1792 3457 1837 t.
3499 1781 3584 1843 VI,

2012 1907 2136 1962 pag.
2186 1891 2278 1954 55,
2329 1905 2415 1943 m'.
2467 1886 2594 1941 249.
2622 1882 2852 1938 ——Cod.
2898 1881 3079 1945 DLIX,
3109 1880 3166 1934 in
3201 1877 3335 1932 bibl.
3387 1873 3587 1928 Veneta

2013 1983 2180 2038 Marc.
2243 1995 2367 2052 pag.
2414 1979 2557 2044 295,
2620 1975 2739 2031 Cat.
2799 1974 2959 2029 codd.
3022 1970 3116 2026 Gr.
3170 1999 3238 2010 -
3291 1967 3478 2022 Paris.
3537 1965 3587 2018 in

2014 2075 2134 2129 cod.
2175 2069 2311 2137 Dlll,
2349 2069 2481 2124 bibl.
2505 2067 2662 2121 Puhl.
2697 2064 2874 2119 HARL.

2087 2164 2172 2219 18.
2193 2163 2347 2230 Πρὸς
2378 2162 2683 2227 ’Έλληνας
2703 2157 2770 2210 ἐκ
2794 2154 2913 2210 τῶν
2949 2152 3166 2207 κοινῶν
3187 2148 3464 2212 ἐννοιῶν,
3487 2146 3589 2200 Ad-

2013 2273 2190 2312 versus
2213 2254 2446 2308 ethnicos
2482 2251 2550 2306 de
2577 2249 2683 2305 Deo
2708 2249 2849 2304 trino
2874 2262 2939 2301 ea:
2966 2243 3326 2299 communibus
3350 2240 3587 2294 notioni-

2015 2348 2110 2400 bus
2142 2345 2252 2419 (ί),
2298 2361 2350 2415 p.
2399 2341 2667 2406 914-921,
2713 2355 2838 2395 cum
2882 2336 3138 2393 versione
3185 2331 3426 2387 Federici
3485 2328 3589 2385 Mo-

2015 2437 2156 2492 relli.
2206 2434 2442 2505 Incipit:
2475 2433 2539 2486 Ei
2579 2431 2640 2485 τὸ
2681 2429 2812 2494 Θεὸς
2855 2428 3026 2498 ὄνομα
3061 2424 3370 2497 προσώπων
3420 2421 3586 2492 δηλω-

2012 2532 2162 2585 τικόν
2175 2568 2190 2584 .

2086 2624 2173 2679 19.
2214 2620 2353 2690 Περὶ
2384 2617 2608 2689 ψυχῆς,
2656 2617 2732 2671 De
2771 2617 2970 2678 anima,
3024 2628 3149 2668 cum
3195 2607 3443 2681 ejusdem
3491 2608 3591 2662 Mo-

2015 2716 2132 2772 relli
2173 2714 2427 2770 versione
2458 2712 2553 2782 (g),
2584 2724 2705 2780 pag.
2739 2704 3005 2760 922-945.
3047 2702 3242 2771 Incipit
3277 2721 3288 2755 :
3321 2696 3589 2766 Διαπεφώο

2015 2824 2171 2879 νηται
2224 2803 2406 2874 σχεδὸν
2459 2802 2626 2855 ἅπασι
2673 2798 2785 2858 τοῖς
2841 2793 3107 2854 παλαιοῖς.
3153 2790 3271 2845 Non
3326 2798 3414 2844 est
3454 2785 3588 2856 Nys-

2018 2861 2158 2962 seni,
2207 2896 2300 2952 sed
2347 2903 2510 2963 caput
2554 2887 2853 2946 secundum
2893 2898 2946 2941 et
2979 2884 3200 2939 tertium
3251 2880 3488 2936 Nemesii
3520 2877 3592 2931 De
3702 2869 3703 2944 ξ

2019 3001 2214 3046 natura
2250 2987 2497 3041 hominis.
2554 2980 2720 3037 FABB.
2751 2977 2865 3034 Sub
2902 2977 3122 3034 nomine
3157 2975 3314 3044 Greg.
3342 2971 3506 3044 Nyss.
3543 2971 3591 3022 in
3702 2977 3703 2980 ‘

2021 3081 2144 3137 cod.
2178 3076 2429 3133 Monach.
2459 3071 2644 3126 LXXI.
2689 3069 2748 3122 V.
2785 3069 2904 3123 Cat.
2941 3066 3100 3122 codd.
3127 3063 3223 3120 Gr.
3262 3065 3394 3117 Bav.
3424 3079 3476 3133 p.
3506 3060 3588 3114 21.

2018 3170 2176 3223 —In
2207 3167 2330 3222 cod.
2380 3161 2610 3234 August.
2647 3158 2861 3214 Vindel.
2911 3167 3050 3214 teste
3101 3154 3327 3209 Reiscro
3383 3155 3440 3208 in
3480 3152 3589 3207 Cat.

2022 3280 2075 3335 p.
2099 3262 2192 3316 21.
2216 3259 2372 3314 Conl‘.
2415 3257 2487 3310 cl.
2517 3251 2753 3309 Matthxi
2791 3251 2858 3306 ad
2892 3248 3207 3305 Nemesium
3233 3261 3356 3315 cap.
3399 3245 3437 3298 2
3469 3253 3522 3300 et
3541 3245 3592 3306 5,

2023 3375 2076 3429 p.
2116 3356 2184 3408 67
2220 3369 2340 3421 sqq.
2379 3351 2547 3406 "AM.

2093 3475 2180 3529 20.
2225 3471 2472 3541 Epistola
2499 3484 2755 3524 canonica
2791 3465 2858 3519 ad
2889 3460 3149 3524 Letoium,
3187 3458 3279 3528 qui
3309 3456 3364 3510 in
3400 3456 3597 3528 episco-

2025 3577 2153 3640 patu
2186 3565 2459 3621 Melitines
2482 3560 2846 3634 Cappadocia:
2883 3556 3016 3628 (non
3039 3552 3347 3625 Mytilenes,
3378 3561 3440 3605 ut
3475 3549 3598 3603 Pos-

2025 3659 2294 3730 sevinus),
2354 3664 2481 3729 post
2539 3671 2594 3710 a.
2649 3654 2709 3709 Ο.
2743 3651 2868 3718 581,
2909 3647 3096 3704 Otreio
3143 3643 3435 3707 successit,
3482 3654 3595 3696 cum

2025 3729 2277 3809 Gentiani
2319 3747 2536 3804 Hervcti
2569 3744 2844 3808 versione,
2887 3753 3008 3807 quae
3034 3739 3158 3808 plus
3206 3735 3370 3790 semel
3407 3729 3598 3804 prodiit

2025 3847 2167 3901 inter
2228 3840 2490 3912 epistolas
2557 3834 2659 3891 SS.
2719 3833 2939 3886 Patrum
2992 3829 3321 3888 canonicas,
3381 3821 3598 3878 scholiis

2027 3910 2647 3992 Tlieod._Balsamonis,
2696 3924 2857 3978 Joan.
2919 3919 3168 3980 Zonaraa,
3219 3925 3387 3986 atque
3437 3910 3599 3967 Alcxii

2027 4027 2265 4084 Aristeni
2321 4023 2625 4076 illustratas
2673 4013 2769 4085 (h).
2839 4013 3089 4082 Incipit:
3147 4009 3242 4061 Ἓν
3302 4007 3398 4059 καὶ
3455 4003 3602 4059 τοῦτο

2026 4120 2134 4174 τῶν
2162 4119 2240 4180 εἰς
2263 4114 2360 4186 τὴν
2385 4110 2544 4180 ἁγίαν
2572 4109 2765 4179 ἑορτήν
2789 4107 2872 4176 (ἱ),
2904 4120 2955 4175 p.
2980 4100 3244 4169 946-955.
3270 4096 3424 4151 Vidit
3447 4098 3598 4153 etiam

2029 4212 2207 4265 lucem
2238 4204 2482 4260 Venetiis
2510 4199 2670 4265 1581,
2704 4197 2759 4260 4,
2805 4211 2928 4250 cum
2958 4189 3327 4246 Ptenitentiali
3359 4186 3604 4242 Romano

2031 4310 2084 4357 et
2133 4298 2302 4352 variis
2359 4291 2668 4348 canonihus
2723 4283 3197 4358 ptenitentialibus
3241 4290 3294 4334 et
3344 4277 3504 4334 Beda:
3548 4289 3605 4328 ac

345 4387 680 4451 IIceschelio,
727 4365 834 4442 non
870 4387 1024 4449 1527,
1072 4395 1130 4440 ut
1171 4387 1224 4439 in
1260 4385 1441 4441 Ducmi
1472 4385 1616 4440 notis
1655 4400 1918 4440 exc-usum
1954 4371 2004 4430 D
2032 4390 2240 4447 [tabam
2301 4387 2442 4441 libro
2494 4379 2922 4442 Pceniteiitium,
2989 4390 3115 4429 cum
3185 4370 3330 4426 notis
3389 4365 3606 4424 Antonii

344 4487 449 4534 cst.
490 4477 656 4531 Faue.
705 4478 928 4549 Gregor.
965 4477 1222 4533 Nazianz.
1271 4477 1346 4531 De
1382 4476 1698 4545 pauperibus
1741 4469 1920 4530 aman-

344 4570 461 4634 dis,
513 4578 654 4625 orat.
709 4570 852 4634 Lat.,
885 4569 1047 4626 Petro
1104 4571 1298 4624 Franc.
1360 4567 1527 4636 Zino,
1580 4567 1919 4635 Veronensi,

347 4667 672 4734 interprete:
713 4663 959 4735 Gregorii
999 4663 1232 4736 Nysseni
1267 4665 1319 4716 in
1365 4662 1506 4716 idem
1545 4674 1922 4730 argumentum

346 4766 507 4813 oratt.
542 4758 663 4812 dua:
707 4757 918 4820 Latine,
937 4774 1216 4830 nunquam
1254 4757 1484 4811 antehac
1529 4772 1703 4825 neque
1731 4757 1919 4817 Latine

539 4950 594 5026 In
631 4952 762 5026 edit.
791 4969 840 5007 a.
878 4953 1034 5020 1658,
1059 4962 1192 5006 tom.
1223 4945 1288 5008 II.
1326 4966 1378 5021 p.
1403 4949 1488 5003 55.

419 5021 494 5089 (ὁ)
537 5020 665 5091 Pag.
700 5025 785 5080 40.

420 5091 493 5160 (c)
695 5095 786 5149 47.

420 5162 501 5232 (d)
540 5160 672 5232 pag.
706 5165 796 5220 49.

423 5235 494 5302 (el
535 5231 663 5302 Pag.
704 5235 793 5288 62.

420 5305 499 5374 (Γ)
540 5303 670 5374 E’as-
706 5306 796 5361 8%-

423 5373 498 5444 (ς)
539 5373 791 5446 Pas-.90.
892 5445 903 5446 ί
1257 5439 1319 5446 __
1429 5442 1442 5446 _
1517 5440 1528 5446 -
1887 5435 1896 5446 .

421 5438 498 5516 (ἦ)
552 5438 813 5501 111⁷1031).
872 5445 1095 5498 Zonarae
1154 5451 1208 5497 et
1257 5439 1532 5495 Theodori
1588 5438 1932 5516 Balsamonis

353 5507 697 5588 Synt'agmate
755 5529 1225 5588 canonum,__c_um
1282 5527 1473 5588 eorum
1524 5507 1932 5588 commentariis

352 5577 580 5651 Iliacis,
618 5586 794 5641 Lutet.
835 5585 1011 5640 Paris.
1048 5583 1186 5637 1618
1228 5590 1283 5637 et
1316 5581 1477 5644 1620,
1521 5589 1653 5636 tom.
1702 5577 1766 5651 Il,
1803 5591 1928 5647 pag.

299 5703 302 5706 .
356 5647 690 5714 1056—1059.
719 5687 782 5698 —-
819 5663 875 5715 In
917 5654 1188 5722 Bcvcregii
1239 5652 1500 5723 Synodico
1532 5660 1661 5707 tom.
1705 5647 1772 5715 II,
1807 5662 1925 5716 pag.

2038 4477 2350 4550 Augustini,
2400 4485 2610 4526 necnon
2677 4466 2811 4522 ibid.
2868 4465 3025 4527 1585,
3061 4463 3114 4524 8,
3171 4475 3280 4513 una
3323 4473 3453 4550 cum
3490 4456 3604 4510 aliis

2030 4548 2358 4645 quibusdam
2423 4561 2688 4634 Nysseni,
2742 4559 3042 4626 interprete
3088 4551 3325 4605 Maximo
3396 4548 3606 4617 Marga-

2033 4637 2148 4726 iiio,
2202 4661 2458 4729 episcopo
2502 4649 2847 4724 Cytherensi.
2879 4647 3078 4702 Confer
3117 4641 3492 4705 Lambecium,
3524 4637 3602 4706 Ill,

2030 4728 2693 4828 pag.1071,153,‘149(j).
2721 4736 2969 4807 Respicit
2997 4732 3290 4789 concilium
3328 4730 3382 4783 in
3427 4728 3605 4782 'l‘rullo

2035 4938 2161 5000 ⁸581,
2206 4951 2300 4990 vui
2351 4947 2616 4987 canones.
2649 4960 2716 4970 --
2740 4926 2798 4980 In
2834 4909 3604 5000 qollectionemconcilior:“ed:

2663 5014 2785 5074 s_n_q.
2852 4993 2916 5047 ν.
2976 4995 3084 5048 vol.
3133 4989 3204 5043 XI
3297 5000 3420 5056 pag.
3457 4980 3526 5038 56
3559 4987 3608 5033 et

2037 5078 2172 5144 590;
2204 5069 2484 5143 addfpag.
2526 5072 2648 5125 457.
2689 5069 2862 5122 Ι1Ακι..

2133 5151 2171 5204 it
2213 5145 2345 5213 Pag.
2388 5144 2508 5213 111.

2133 5151 2171 5204 it
2214 5149 2345 5213 Pag.
2388 5149 2508 5199 111.

2111 5149 2715 5288 ἷί)νίάε-ερειε-ιλικν
2759 5223 2845 5288 ην·
2901 5205 2984 5288 ιδ.
3030 5200 3222 5288 teet;
3279 5186 3604 5288 small].-

2079 5269 2301 5360 agt'266
2334 5283 2420 5337 ed.
2450 5283 2654 5337 Kollar.
2687 5269 2754 5320 -'—-
2789 5282 2842 5332 in
2874 5275 2996 5329 cod.
3030 5269 3212 5326 LXVII
3241 5311 3254 5332 ,
3281 5269 3422 5321 inter
3449 5272 3606 5330 opera

2082 5359 2246 5422 asilii,
2298 5355 2383 5408 cui
2435 5353 2566 5408 illud
2601 5349 2908 5422 encomium
2955 5340 3276 5422 ineo-cod.
3306 5343 3606 5422 perper-apt

2037 5409 2396 5486 attribuitur.
2443 5429 2667 5477 notante
2722 5419 2977 5471 Lamhcc.
3024 5413 3260 5486 il)itl._p.
3306 5409 3608 5486 351._——tl_l

2037 5481 2179 5554 Libui
2207 5481 2442 5558 LXXVI,
2490 5507 2575 5547 nr.
2620 5491 2673 5552 5,
2722 5491 2889 5543 inscr.
2941 5482 3197 5558 anonyini
3241 5481 3606 5558 csgel'p}an(;x

2399 5535 2626 5639 cpistola
2641 5535 2874 5639 quadam
2889 5535 3132 5639 paschali
3153 5569 3167 5615 ;
3193 5550 3286 5639 sed
3305 5535 3607 5639 Ira-inm)“.

3012 5609 3186 5697 _N}'ss.
3233 5617 3406 5686 Epist.
3450 5610 3517 5666 ad
3549 5609 3605 5661 ὸ.
