  <div class='ocr_page' id='page_1' title='image "/cluster/home/n/w/nwhite01/storage/ocr_20150623/44/mdp.39015011915454/018.png"; bbox 0 0 3746 5994; ppageno 0'>
   <div class='ocr_carea' id='block_1_1' title="bbox 205 165 3446 263">
    <p class='ocr_par' dir='ltr' id='par_1_1' title="bbox 205 165 3446 263">
     <span class='ocr_line' id='line_1_1' title="bbox 205 165 3446 263; baseline -0.003 0"><span class='ocrx_word' id='word_1_1' title='bbox 205 209 253 263; x_wconf 74' lang='grc' dir='ltr'><strong>ιιι</strong></span> <span class='ocrx_word' id='word_1_2' title='bbox 1381 194 1662 261; x_wconf 65' lang='lat' dir='ltr'><strong>norma</strong></span> <span class='ocrx_word' id='word_1_3' title='bbox 1688 202 1782 258; x_wconf 78' lang='lat' dir='ltr'><strong>ex</strong></span> <span class='ocrx_word' id='word_1_4' title='bbox 1825 196 2169 259; x_wconf 74' lang='lat' dir='ltr'><strong>FABRICIO.</strong></span> <span class='ocrx_word' id='word_1_5' title='bbox 2672 206 2715 241; x_wconf 56' lang='grc' dir='ltr'>ε</span> <span class='ocrx_word' id='word_1_6' title='bbox 3371 165 3446 253; x_wconf 67' lang='lat' dir='ltr'><strong>se</strong></span> 
     </span>
    </p>
   </div>
   <div class='ocr_carea' id='block_1_2' title="bbox 212 314 3447 390">
    <p class='ocr_par' dir='ltr' id='par_1_2' title="bbox 212 314 3447 390">
     <span class='ocr_line' id='line_1_2' title="bbox 212 314 3447 390; baseline -0.003 -11"><span class='ocrx_word' id='word_1_7' title='bbox 212 334 402 379; x_wconf 74' lang='lat' dir='ltr'><strong>canones</strong></span> <span class='ocrx_word' id='word_1_8' title='bbox 430 317 682 390; x_wconf 79' lang='lat' dir='ltr'><strong>Nysseni</strong></span> <span class='ocrx_word' id='word_1_9' title='bbox 727 315 981 381; x_wconf 84' lang='lat' dir='ltr'><strong>laudans,</strong></span> <span class='ocrx_word' id='word_1_10' title='bbox 1029 315 1156 371; x_wconf 77' lang='lat' dir='ltr'><strong>licet</strong></span> <span class='ocrx_word' id='word_1_11' title='bbox 1197 328 1307 370; x_wconf 82' lang='lat' dir='ltr'><strong>non</strong></span> <span class='ocrx_word' id='word_1_12' title='bbox 1347 316 1619 387; x_wconf 82' lang='lat' dir='ltr'><strong>integrum</strong></span> <span class='ocrx_word' id='word_1_13' title='bbox 1657 316 1761 371; x_wconf 82' lang='lat' dir='ltr'><strong>hoc</strong></span> <span class='ocrx_word' id='word_1_14' title='bbox 1788 318 1835 375; x_wconf 79' lang='grc' dir='ltr'>Α</span> <span class='ocrx_word' id='word_1_15' title='bbox 1865 314 2207 387; x_wconf 76' lang='lat' dir='ltr'><strong>Zaceagnins</strong></span> <span class='ocrx_word' id='word_1_16' title='bbox 2242 314 2296 370; x_wconf 91' lang='lat' dir='ltr'><strong>in</strong></span> <span class='ocrx_word' id='word_1_17' title='bbox 2337 314 2685 371; x_wconf 56' lang='lat' dir='ltr'><strong>Coliectaueis</strong></span> <span class='ocrx_word' id='word_1_18' title='bbox 2731 322 3193 368; x_wconf 75' lang='lat' dir='ltr'><strong>monumentorum</strong></span> <span class='ocrx_word' id='word_1_19' title='bbox 3218 324 3447 370; x_wconf 76' lang='lat' dir='ltr'><strong>veterum</strong></span> 
     </span>
    </p>
   </div>
   <div class='ocr_carea' id='block_1_3' title="bbox 218 409 1335 485">
    <p class='ocr_par' dir='ltr' id='par_1_3' title="bbox 218 409 1335 485">
     <span class='ocr_line' id='line_1_3' title="bbox 218 409 1335 485; baseline -0.008 -13"><span class='ocrx_word' id='word_1_20' title='bbox 218 415 441 485; x_wconf 80' lang='lat' dir='ltr'><strong>scriptum</strong></span> <span class='ocrx_word' id='word_1_21' title='bbox 463 412 731 467; x_wconf 82' lang='lat' dir='ltr'><strong>videatur</strong></span> <span class='ocrx_word' id='word_1_22' title='bbox 760 410 828 465; x_wconf 86' lang='lat' dir='ltr'><strong>ad</strong></span> <span class='ocrx_word' id='word_1_23' title='bbox 867 423 971 464; x_wconf 89' lang='lat' dir='ltr'><strong>nos</strong></span> <span class='ocrx_word' id='word_1_24' title='bbox 999 409 1335 478; x_wconf 89' lang='lat' dir='ltr'><strong>pervenisse.</strong></span> 
     </span>
    </p>
   </div>
   <div class='ocr_carea' id='block_1_4' title="bbox 271 496 1764 570">
    <p class='ocr_par' dir='ltr' id='par_1_4' title="bbox 271 496 1764 570">
     <span class='ocr_line' id='line_1_4' title="bbox 271 496 1764 570; baseline -0.004 -12"><span class='ocrx_word' id='word_1_25' title='bbox 271 504 342 558; x_wconf 76' lang='grc'>21.</span> <span class='ocrx_word' id='word_1_26' title='bbox 373 502 646 556; x_wconf 71' lang='lat' dir='ltr'><strong>Adversus</strong></span> <span class='ocrx_word' id='word_1_27' title='bbox 670 516 758 555; x_wconf 88' lang='lat' dir='ltr'><strong>eos</strong></span> <span class='ocrx_word' id='word_1_28' title='bbox 779 499 869 570; x_wconf 82' lang='lat' dir='ltr'><strong>qui</strong></span> <span class='ocrx_word' id='word_1_29' title='bbox 896 497 1150 568; x_wconf 69' lang='lat' dir='ltr'><strong>cii/ferunt</strong></span> <span class='ocrx_word' id='word_1_30' title='bbox 1174 498 1512 566; x_wconf 73' lang='lat' dir='ltr'><strong>baptismum,</strong></span> <span class='ocrx_word' id='word_1_31' title='bbox 1545 512 1599 567; x_wconf 92' lang='lat' dir='ltr'><strong>p.</strong></span> <span class='ocrx_word' id='word_1_32' title='bbox 1632 496 1764 552; x_wconf 48' lang='lat'><strong>956&#39;.</strong></span> 
     </span>
    </p>
   </div>
   <div class='ocr_carea' id='block_1_5' title="bbox 216 588 1763 664">
    <p class='ocr_par' dir='ltr' id='par_1_5' title="bbox 216 588 1763 664">
     <span class='ocr_line' id='line_1_5' title="bbox 216 588 1763 664; baseline -0.006 -14"><span class='ocrx_word' id='word_1_33' title='bbox 216 596 297 650; x_wconf 75' lang='lat'><strong>960</strong></span> <span class='ocrx_word' id='word_1_34' title='bbox 318 596 408 664; x_wconf 80' lang='grc' dir='ltr'><strong>(η).</strong></span> <span class='ocrx_word' id='word_1_35' title='bbox 445 594 664 656; x_wconf 83' lang='lat' dir='ltr'><strong>Latine,</strong></span> <span class='ocrx_word' id='word_1_36' title='bbox 692 591 884 648; x_wconf 89' lang='lat' dir='ltr'><strong>eodem</strong></span> <span class='ocrx_word' id='word_1_37' title='bbox 917 589 1152 645; x_wconf 85' lang='lat' dir='ltr'><strong>Hervelo</strong></span> <span class='ocrx_word' id='word_1_38' title='bbox 1181 589 1500 660; x_wconf 88' lang='lat' dir='ltr'><strong>interprete.</strong></span> <span class='ocrx_word' id='word_1_39' title='bbox 1528 588 1724 658; x_wconf 89' lang='lat' dir='ltr'><strong>Incipit</strong></span> <span class='ocrx_word' id='word_1_40' title='bbox 1749 606 1763 642; x_wconf 93' lang='lat'><strong>:</strong></span> 
     </span>
    </p>
   </div>
   <div class='ocr_carea' id='block_1_6' title="bbox 217 678 1766 755">
    <p class='ocr_par' dir='ltr' id='par_1_6' title="bbox 217 678 1766 755">
     <span class='ocr_line' id='line_1_6' title="bbox 217 678 1766 755; baseline -0.004 -14"><span class='ocrx_word' id='word_1_41' title='bbox 217 687 361 755; x_wconf 78' lang='lat' dir='ltr'><strong>liuius</strong></span> <span class='ocrx_word' id='word_1_42' title='bbox 405 686 593 740; x_wconf 84' lang='lat' dir='ltr'><strong>mundi</strong></span> <span class='ocrx_word' id='word_1_43' title='bbox 657 701 801 755; x_wconf 86' lang='lat' dir='ltr'><strong>reges</strong></span> <span class='ocrx_word' id='word_1_44' title='bbox 859 700 979 736; x_wconf 89' lang='lat' dir='ltr'><strong>cum</strong></span> <span class='ocrx_word' id='word_1_45' title='bbox 1025 682 1157 753; x_wconf 87' lang='lat' dir='ltr'><strong>leges</strong></span> <span class='ocrx_word' id='word_1_46' title='bbox 1214 681 1538 750; x_wconf 75' lang='lat' dir='ltr'><strong>scripserint.</strong></span> <span class='ocrx_word' id='word_1_47' title='bbox 1581 678 1766 736; x_wconf 62' lang='lat' dir='ltr'><strong>Graece</strong></span> 
     </span>
    </p>
   </div>
   <div class='ocr_carea' id='block_1_7' title="bbox 212 774 900 838">
    <p class='ocr_par' dir='ltr' id='par_1_7' title="bbox 212 774 900 838">
     <span class='ocr_line' id='line_1_7' title="bbox 212 774 900 838; baseline 0 -7"><span class='ocrx_word' id='word_1_48' title='bbox 212 785 438 832; x_wconf 74' lang='lat' dir='ltr'><strong>Occurrcl</strong></span> <span class='ocrx_word' id='word_1_49' title='bbox 483 776 651 838; x_wconf 86' lang='lat' dir='ltr'><strong>infra,</strong></span> <span class='ocrx_word' id='word_1_50' title='bbox 688 792 776 831; x_wconf 90' lang='lat' dir='ltr'><strong>nr.</strong></span> <span class='ocrx_word' id='word_1_51' title='bbox 813 774 900 831; x_wconf 91' lang='lat'><strong>70.</strong></span> 
     </span>
    </p>
   </div>
   <div class='ocr_carea' id='block_1_8' title="bbox 266 865 1768 940">
    <p class='ocr_par' dir='ltr' id='par_1_8' title="bbox 266 865 1768 940">
     <span class='ocr_line' id='line_1_8' title="bbox 266 865 1768 940; baseline -0.003 -16"><span class='ocrx_word' id='word_1_52' title='bbox 266 870 349 924; x_wconf 70' lang='lat'><strong>9.2.</strong></span> <span class='ocrx_word' id='word_1_53' title='bbox 383 871 440 924; x_wconf 86' lang='grc' dir='ltr'><strong>ιιι</strong></span> <span class='ocrx_word' id='word_1_54' title='bbox 483 869 613 923; x_wconf 72' lang='lat' dir='ltr'><strong>illud</strong></span> <span class='ocrx_word' id='word_1_55' title='bbox 663 867 932 940; x_wconf 75' lang='lat' dir='ltr'><strong>Apostoli,</strong></span> <span class='ocrx_word' id='word_1_56' title='bbox 967 866 986 920; x_wconf 91' lang='lat' dir='ltr'><strong>I</strong></span> <span class='ocrx_word' id='word_1_57' title='bbox 1032 865 1282 923; x_wconf 78' lang='lat' dir='ltr'><strong>Corinth.</strong></span> <span class='ocrx_word' id='word_1_58' title='bbox 1345 882 1418 932; x_wconf 76' lang='lat' dir='ltr'><strong>vi,</strong></span> <span class='ocrx_word' id='word_1_59' title='bbox 1459 866 1561 921; x_wconf 69' lang='lat'><strong>{8:</strong></span> <span class='ocrx_word' id='word_1_60' title='bbox 1600 865 1768 922; x_wconf 87' lang='lat' dir='ltr'><strong>Omne</strong></span> 
     </span>
    </p>
   </div>
   <div class='ocr_carea' id='block_1_9' title="bbox 205 960 1768 1031">
    <p class='ocr_par' dir='ltr' id='par_1_9' title="bbox 205 960 1768 1031">
     <span class='ocr_line' id='line_1_9' title="bbox 205 960 1768 1031; baseline -0.003 -15"><span class='ocrx_word' id='word_1_61' title='bbox 205 974 474 1031; x_wconf 75' lang='lat' dir='ltr'><strong>peccatum,</strong></span> <span class='ocrx_word' id='word_1_62' title='bbox 508 961 647 1031; x_wconf 81' lang='lat' dir='ltr'><strong>quod</strong></span> <span class='ocrx_word' id='word_1_63' title='bbox 693 961 876 1031; x_wconf 82' lang='lat' dir='ltr'><strong>fecerit</strong></span> <span class='ocrx_word' id='word_1_64' title='bbox 913 960 1088 1022; x_wconf 67' lang='lat' dir='ltr'><strong>hanno,</strong></span> <span class='ocrx_word' id='word_1_65' title='bbox 1123 967 1203 1014; x_wconf 90' lang='lat' dir='ltr'><strong>est</strong></span> <span class='ocrx_word' id='word_1_66' title='bbox 1242 968 1395 1012; x_wconf 74' lang='lat' dir='ltr'><strong>extra</strong></span> <span class='ocrx_word' id='word_1_67' title='bbox 1424 973 1648 1027; x_wconf 81' lang='lat' dir='ltr'><strong>corpus;</strong></span> <span class='ocrx_word' id='word_1_68' title='bbox 1678 960 1768 1029; x_wconf 85' lang='lat' dir='ltr'><strong>qui</strong></span> 
     </span>
    </p>
   </div>
   <div class='ocr_carea' id='block_1_10' title="bbox 206 1047 1763 1122">
    <p class='ocr_par' dir='ltr' id='par_1_10' title="bbox 206 1047 1763 1122">
     <span class='ocr_line' id='line_1_10' title="bbox 206 1047 1763 1122; baseline -0.002 -16"><span class='ocrx_word' id='word_1_69' title='bbox 206 1063 360 1107; x_wconf 75' lang='lat' dir='ltr'><strong>autem</strong></span> <span class='ocrx_word' id='word_1_70' title='bbox 386 1052 711 1121; x_wconf 76' lang='lat' dir='ltr'><strong>fornicatur.</strong></span> <span class='ocrx_word' id='word_1_71' title='bbox 738 1060 848 1107; x_wconf 90' lang='lat' dir='ltr'><strong>etc.</strong></span> <span class='ocrx_word' id='word_1_72' title='bbox 883 1067 933 1122; x_wconf 91' lang='lat' dir='ltr'><strong>p.</strong></span> <span class='ocrx_word' id='word_1_73' title='bbox 963 1049 1325 1119; x_wconf 70' lang='lat' dir='ltr'><strong>lilii-965(1)).</strong></span> <span class='ocrx_word' id='word_1_74' title='bbox 1356 1047 1763 1112; x_wconf 86' lang='lat' dir='ltr'><strong>Latine,inter-</strong></span> 
     </span>
    </p>
   </div>
   <div class='ocr_carea' id='block_1_11' title="bbox 206 1139 1770 1213">
    <p class='ocr_par' dir='ltr' id='par_1_11' title="bbox 206 1139 1770 1213">
     <span class='ocr_line' id='line_1_11' title="bbox 206 1139 1770 1213; baseline 0.001 -19"><span class='ocrx_word' id='word_1_75' title='bbox 206 1151 338 1213; x_wconf 78' lang='lat' dir='ltr'><strong>prcle</strong></span> <span class='ocrx_word' id='word_1_76' title='bbox 357 1140 632 1198; x_wconf 85' lang='lat' dir='ltr'><strong>Genliano</strong></span> <span class='ocrx_word' id='word_1_77' title='bbox 656 1139 912 1197; x_wconf 86' lang='lat' dir='ltr'><strong>IIerveto.</strong></span> <span class='ocrx_word' id='word_1_78' title='bbox 942 1140 1170 1211; x_wconf 89' lang='lat' dir='ltr'><strong>Incipit:</strong></span> <span class='ocrx_word' id='word_1_79' title='bbox 1196 1139 1472 1194; x_wconf 76' lang='lat' dir='ltr'><strong>Terribilis</strong></span> <span class='ocrx_word' id='word_1_80' title='bbox 1498 1140 1623 1194; x_wconf 85' lang='lat' dir='ltr'><strong>tuba</strong></span> <span class='ocrx_word' id='word_1_81' title='bbox 1647 1156 1770 1209; x_wconf 84' lang='lat' dir='ltr'><strong>apo-</strong></span> 
     </span>
    </p>
   </div>
   <div class='ocr_carea' id='block_1_12' title="bbox 203 1228 1619 1299">
    <p class='ocr_par' dir='ltr' id='par_1_12' title="bbox 203 1228 1619 1299">
     <span class='ocr_line' id='line_1_12' title="bbox 203 1228 1619 1299; baseline 0.001 -17"><span class='ocrx_word' id='word_1_82' title='bbox 203 1231 364 1283; x_wconf 76' lang='lat' dir='ltr'><strong>stolici</strong></span> <span class='ocrx_word' id='word_1_83' title='bbox 388 1232 660 1299; x_wconf 78' lang='lat' dir='ltr'><strong>pra-cepti.</strong></span> <span class='ocrx_word' id='word_1_84' title='bbox 695 1228 881 1285; x_wconf 59' lang='lat' dir='ltr'><strong>Graece</strong></span> <span class='ocrx_word' id='word_1_85' title='bbox 919 1241 1173 1284; x_wconf 87' lang='lat' dir='ltr'><strong>occurret</strong></span> <span class='ocrx_word' id='word_1_86' title='bbox 1211 1229 1374 1293; x_wconf 86' lang='lat' dir='ltr'><strong>infra,</strong></span> <span class='ocrx_word' id='word_1_87' title='bbox 1408 1245 1493 1285; x_wconf 90' lang='lat' dir='ltr'><strong>nr.</strong></span> <span class='ocrx_word' id='word_1_88' title='bbox 1533 1230 1619 1284; x_wconf 69' lang='grc'><strong>74.</strong></span> 
     </span>
    </p>
   </div>
   <div class='ocr_carea' id='block_1_13' title="bbox 262 1321 1769 1392">
    <p class='ocr_par' dir='ltr' id='par_1_13' title="bbox 262 1321 1769 1392">
     <span class='ocr_line' id='line_1_13' title="bbox 262 1321 1769 1392; baseline 0.001 -17"><span class='ocrx_word' id='word_1_89' title='bbox 262 1323 345 1377; x_wconf 70' lang='grc'><strong>25.</strong></span> <span class='ocrx_word' id='word_1_90' title='bbox 388 1321 455 1376; x_wconf 86' lang='lat' dir='ltr'><strong>In</strong></span> <span class='ocrx_word' id='word_1_91' title='bbox 510 1322 788 1377; x_wconf 72' lang='lat' dir='ltr'><strong>mulierem</strong></span> <span class='ocrx_word' id='word_1_92' title='bbox 838 1322 1202 1392; x_wconf 77' lang='lat' dir='ltr'><strong>peccatricem,</strong></span> <span class='ocrx_word' id='word_1_93' title='bbox 1255 1322 1380 1381; x_wconf 76' lang='lat' dir='ltr'><strong>sive,</strong></span> <span class='ocrx_word' id='word_1_94' title='bbox 1419 1321 1489 1373; x_wconf 88' lang='lat' dir='ltr'><strong>ad</strong></span> <span class='ocrx_word' id='word_1_95' title='bbox 1535 1338 1622 1376; x_wconf 92' lang='lat' dir='ltr'><strong>eos</strong></span> <span class='ocrx_word' id='word_1_96' title='bbox 1677 1324 1769 1392; x_wconf 81' lang='lat' dir='ltr'><strong>qui</strong></span> 
     </span>
    </p>
   </div>
   <div class='ocr_carea' id='block_1_14' title="bbox 199 1410 1770 1482">
    <p class='ocr_par' dir='ltr' id='par_1_14' title="bbox 199 1410 1770 1482">
     <span class='ocr_line' id='line_1_14' title="bbox 199 1410 1770 1482; baseline 0.003 -19"><span class='ocrx_word' id='word_1_97' title='bbox 199 1410 370 1466; x_wconf 79' lang='lat' dir='ltr'><strong>durius</strong></span> <span class='ocrx_word' id='word_1_98' title='bbox 399 1410 540 1464; x_wconf 87' lang='lat' dir='ltr'><strong>alios</strong></span> <span class='ocrx_word' id='word_1_99' title='bbox 548 1410 826 1481; x_wconf 80' lang='lat' dir='ltr'><strong>judicant,</strong></span> <span class='ocrx_word' id='word_1_100' title='bbox 851 1420 903 1464; x_wconf 91' lang='lat' dir='ltr'><strong>et</strong></span> <span class='ocrx_word' id='word_1_101' title='bbox 924 1412 1262 1465; x_wconf 77' lang='lat' dir='ltr'><strong>conversione</strong></span> <span class='ocrx_word' id='word_1_102' title='bbox 1284 1411 1537 1480; x_wconf 77' lang='lat' dir='ltr'><strong>indigent,</strong></span> <span class='ocrx_word' id='word_1_103' title='bbox 1558 1427 1612 1482; x_wconf 89' lang='lat' dir='ltr'><strong>p.</strong></span> <span class='ocrx_word' id='word_1_104' title='bbox 1637 1412 1770 1467; x_wconf 70' lang='grc'>964-</span> 
     </span>
    </p>
   </div>
   <div class='ocr_carea' id='block_1_15' title="bbox 201 1499 1763 1573">
    <p class='ocr_par' dir='ltr' id='par_1_15' title="bbox 201 1499 1763 1573">
     <span class='ocr_line' id='line_1_15' title="bbox 201 1499 1763 1573; baseline 0 -17"><span class='ocrx_word' id='word_1_105' title='bbox 201 1502 291 1556; x_wconf 84' lang='grc'><strong>970</strong></span> <span class='ocrx_word' id='word_1_106' title='bbox 317 1502 409 1573; x_wconf 86' lang='lat' dir='ltr'><strong>(c).</strong></span> <span class='ocrx_word' id='word_1_107' title='bbox 445 1500 667 1565; x_wconf 81' lang='lat' dir='ltr'><strong>Latine,</strong></span> <span class='ocrx_word' id='word_1_108' title='bbox 719 1500 881 1557; x_wconf 79' lang='lat' dir='ltr'><strong>Petro</strong></span> <span class='ocrx_word' id='word_1_109' title='bbox 926 1500 1224 1557; x_wconf 86' lang='lat' dir='ltr'><strong>Francisco</strong></span> <span class='ocrx_word' id='word_1_110' title='bbox 1269 1499 1407 1554; x_wconf 87' lang='lat' dir='ltr'><strong>Zino</strong></span> <span class='ocrx_word' id='word_1_111' title='bbox 1447 1501 1763 1571; x_wconf 84' lang='lat' dir='ltr'><strong>interprete.</strong></span> 
     </span>
    </p>
   </div>
   <div class='ocr_carea' id='block_1_16' title="bbox 202 1592 1760 1665">
    <p class='ocr_par' dir='ltr' id='par_1_16' title="bbox 202 1592 1760 1665">
     <span class='ocr_line' id='line_1_16' title="bbox 202 1592 1760 1665; baseline -0.001 -16"><span class='ocrx_word' id='word_1_112' title='bbox 202 1595 421 1665; x_wconf 80' lang='lat' dir='ltr'><strong>incipit:</strong></span> <span class='ocrx_word' id='word_1_113' title='bbox 468 1593 648 1648; x_wconf 82' lang='lat' dir='ltr'><strong><em>Homo</em></strong></span> <span class='ocrx_word' id='word_1_114' title='bbox 697 1593 1029 1657; x_wconf 75' lang='lat' dir='ltr'><strong>Pharisrrus,</strong></span> <span class='ocrx_word' id='word_1_115' title='bbox 1066 1601 1126 1647; x_wconf 89' lang='lat' dir='ltr'><strong>ut</strong></span> <span class='ocrx_word' id='word_1_116' title='bbox 1149 1608 1217 1648; x_wconf 80' lang='lat' dir='ltr'><strong>ex</strong></span> <span class='ocrx_word' id='word_1_117' title='bbox 1260 1592 1550 1664; x_wconf 83' lang='lat' dir='ltr'><strong>Evangelio</strong></span> <span class='ocrx_word' id='word_1_118' title='bbox 1578 1592 1760 1649; x_wconf 62' lang='lat' dir='ltr'><strong>Lucae.</strong></span> 
     </span>
    </p>
   </div>
   <div class='ocr_carea' id='block_1_17' title="bbox 195 1684 1760 1752">
    <p class='ocr_par' dir='ltr' id='par_1_17' title="bbox 195 1684 1760 1752">
     <span class='ocr_line' id='line_1_17' title="bbox 195 1684 1760 1752; baseline 0 -10"><span class='ocrx_word' id='word_1_119' title='bbox 195 1688 369 1743; x_wconf 74' lang='lat' dir='ltr'><strong>Grzecc</strong></span> <span class='ocrx_word' id='word_1_120' title='bbox 406 1693 671 1742; x_wconf 86' lang='lat' dir='ltr'><strong>occurret</strong></span> <span class='ocrx_word' id='word_1_121' title='bbox 710 1686 872 1751; x_wconf 86' lang='lat' dir='ltr'><strong>infra,</strong></span> <span class='ocrx_word' id='word_1_122' title='bbox 905 1702 993 1741; x_wconf 88' lang='lat' dir='ltr'><strong>nr.</strong></span> <span class='ocrx_word' id='word_1_123' title='bbox 1031 1685 1133 1752; x_wconf 82' lang='lat' dir='ltr'><strong>(i7;</strong></span> <span class='ocrx_word' id='word_1_124' title='bbox 1186 1684 1276 1740; x_wconf 88' lang='lat' dir='ltr'><strong>ubi</strong></span> <span class='ocrx_word' id='word_1_125' title='bbox 1325 1685 1526 1741; x_wconf 83' lang='lat' dir='ltr'><strong><em>notabo</em></strong></span> <span class='ocrx_word' id='word_1_126' title='bbox 1561 1686 1760 1742; x_wconf 88' lang='lat' dir='ltr'><strong>Asterii</strong></span> 
     </span>
    </p>
   </div>
   <div class='ocr_carea' id='block_1_18' title="bbox 196 1778 757 1851">
    <p class='ocr_par' dir='ltr' id='par_1_18' title="bbox 196 1778 757 1851">
     <span class='ocr_line' id='line_1_18' title="bbox 196 1778 757 1851; baseline 0.002 -18"><span class='ocrx_word' id='word_1_127' title='bbox 196 1796 324 1846; x_wconf 74' lang='lat' dir='ltr'><strong>csse,</strong></span> <span class='ocrx_word' id='word_1_128' title='bbox 354 1795 467 1835; x_wconf 90' lang='lat' dir='ltr'><strong>non</strong></span> <span class='ocrx_word' id='word_1_129' title='bbox 498 1778 757 1851; x_wconf 82' lang='lat' dir='ltr'><strong>Nysseni.</strong></span> 
     </span>
    </p>
   </div>
   <div class='ocr_carea' id='block_1_19' title="bbox 256 1869 1765 1939">
    <p class='ocr_par' dir='ltr' id='par_1_19' title="bbox 256 1869 1765 1939">
     <span class='ocr_line' id='line_1_19' title="bbox 256 1869 1765 1939; baseline -0.001 -12"><span class='ocrx_word' id='word_1_130' title='bbox 256 1872 343 1927; x_wconf 66' lang='grc' dir='ltr'><strong>ει.</strong></span> <span class='ocrx_word' id='word_1_131' title='bbox 393 1871 474 1926; x_wconf 82' lang='lat' dir='ltr'><strong>De</strong></span> <span class='ocrx_word' id='word_1_132' title='bbox 532 1869 852 1939; x_wconf 69' lang='lat' dir='ltr'><strong>pauperibus</strong></span> <span class='ocrx_word' id='word_1_133' title='bbox 890 1870 1149 1924; x_wconf 77' lang='lat' dir='ltr'><strong>charitate</strong></span> <span class='ocrx_word' id='word_1_134' title='bbox 1207 1870 1613 1938; x_wconf 78' lang='lat' dir='ltr'><strong>complectendis</strong></span> <span class='ocrx_word' id='word_1_135' title='bbox 1666 1872 1765 1927; x_wconf 89' lang='lat' dir='ltr'><strong>ho-</strong></span> 
     </span>
    </p>
   </div>
   <div class='ocr_carea' id='block_1_20' title="bbox 195 1960 1762 2033">
    <p class='ocr_par' dir='ltr' id='par_1_20' title="bbox 195 1960 1762 2033">
     <span class='ocr_line' id='line_1_20' title="bbox 195 1960 1762 2033; baseline 0.001 -17"><span class='ocrx_word' id='word_1_136' title='bbox 195 1963 334 2016; x_wconf 84' lang='lat' dir='ltr'><strong>milia</strong></span> <span class='ocrx_word' id='word_1_137' title='bbox 368 1962 391 2015; x_wconf 92' lang='grc' dir='ltr'><strong>ι</strong></span> <span class='ocrx_word' id='word_1_138' title='bbox 435 1960 539 2032; x_wconf 88' lang='lat' dir='ltr'><strong>(d),</strong></span> <span class='ocrx_word' id='word_1_139' title='bbox 582 1977 707 2033; x_wconf 91' lang='lat' dir='ltr'><strong>pag.</strong></span> <span class='ocrx_word' id='word_1_140' title='bbox 755 1960 1007 2027; x_wconf 80' lang='lat'><strong>970-975;</strong></span> <span class='ocrx_word' id='word_1_141' title='bbox 1047 1960 1241 2017; x_wconf 85' lang='lat' dir='ltr'><strong>eodem</strong></span> <span class='ocrx_word' id='word_1_142' title='bbox 1273 1960 1410 2016; x_wconf 86' lang='lat' dir='ltr'><strong>Zino</strong></span> <span class='ocrx_word' id='word_1_143' title='bbox 1448 1962 1762 2032; x_wconf 87' lang='lat' dir='ltr'><strong>interprete,</strong></span> 
     </span>
    </p>
   </div>
   <div class='ocr_carea' id='block_1_21' title="bbox 193 2048 1766 2131">
    <p class='ocr_par' dir='ltr' id='par_1_21' title="bbox 193 2048 1766 2131">
     <span class='ocr_line' id='line_1_21' title="bbox 193 2048 1766 2131; baseline 0.003 -26"><span class='ocrx_word' id='word_1_144' title='bbox 193 2048 404 2107; x_wconf 82' lang='lat' dir='ltr'><strong>Latine.</strong></span> <span class='ocrx_word' id='word_1_145' title='bbox 435 2052 627 2123; x_wconf 86' lang='lat' dir='ltr'><strong>Incipit</strong></span> <span class='ocrx_word' id='word_1_146' title='bbox 655 2071 669 2108; x_wconf 86' lang='lat'><strong>:</strong></span> <span class='ocrx_word' id='word_1_147' title='bbox 702 2053 812 2119; x_wconf 82' lang='lat' dir='ltr'><strong>Qui</strong></span> <span class='ocrx_word' id='word_1_148' title='bbox 836 2054 957 2107; x_wconf 79' lang='lat' dir='ltr'><strong>huic</strong></span> <span class='ocrx_word' id='word_1_149' title='bbox 996 2052 1250 2109; x_wconf 76' lang='lat' dir='ltr'><strong>Ecclesia:</strong></span> <span class='ocrx_word' id='word_1_150' title='bbox 1294 2052 1573 2131; x_wconf 64' lang='lat' dir='ltr'><strong>praesidet;</strong></span> <span class='ocrx_word' id='word_1_151' title='bbox 1610 2065 1766 2123; x_wconf 79' lang='lat' dir='ltr'><strong>atque</strong></span> 
     </span>
    </p>
   </div>
   <div class='ocr_carea' id='block_1_22' title="bbox 194 2143 1767 2211">
    <p class='ocr_par' dir='ltr' id='par_1_22' title="bbox 194 2143 1767 2211">
     <span class='ocr_line' id='line_1_22' title="bbox 194 2143 1767 2211; baseline 0.002 -14"><span class='ocrx_word' id='word_1_152' title='bbox 194 2143 328 2198; x_wconf 82' lang='lat' dir='ltr'><strong>adeo</strong></span> <span class='ocrx_word' id='word_1_153' title='bbox 376 2160 575 2198; x_wconf 80' lang='lat' dir='ltr'><strong>omnes.</strong></span> <span class='ocrx_word' id='word_1_154' title='bbox 612 2144 797 2200; x_wconf 66' lang='lat' dir='ltr'><strong>Graece</strong></span> <span class='ocrx_word' id='word_1_155' title='bbox 845 2153 1098 2200; x_wconf 81' lang='lat' dir='ltr'><strong>occurret</strong></span> <span class='ocrx_word' id='word_1_156' title='bbox 1137 2144 1300 2211; x_wconf 89' lang='lat' dir='ltr'><strong>infra,</strong></span> <span class='ocrx_word' id='word_1_157' title='bbox 1338 2161 1423 2200; x_wconf 88' lang='lat' dir='ltr'><strong>nr.</strong></span> <span class='ocrx_word' id='word_1_158' title='bbox 1456 2145 1552 2211; x_wconf 73' lang='lat'><strong>72;</strong></span> <span class='ocrx_word' id='word_1_159' title='bbox 1598 2146 1767 2200; x_wconf 83' lang='lat' dir='ltr'><strong>homi—</strong></span> 
     </span>
    </p>
   </div>
   <div class='ocr_carea' id='block_1_23' title="bbox 194 2235 1764 2307">
    <p class='ocr_par' dir='ltr' id='par_1_23' title="bbox 194 2235 1764 2307">
     <span class='ocr_line' id='line_1_23' title="bbox 194 2235 1764 2307; baseline 0.001 -18"><span class='ocrx_word' id='word_1_160' title='bbox 194 2237 259 2290; x_wconf 83' lang='lat' dir='ltr'><strong>lia</strong></span> <span class='ocrx_word' id='word_1_161' title='bbox 291 2236 333 2290; x_wconf 88' lang='lat' dir='ltr'><strong>II</strong></span> <span class='ocrx_word' id='word_1_162' title='bbox 360 2235 527 2305; x_wconf 80' lang='lat' dir='ltr'><strong>hujus</strong></span> <span class='ocrx_word' id='word_1_163' title='bbox 556 2237 859 2306; x_wconf 85' lang='lat' dir='ltr'><strong>argumenti</strong></span> <span class='ocrx_word' id='word_1_164' title='bbox 891 2235 1079 2293; x_wconf 72' lang='lat' dir='ltr'><strong>Graece</strong></span> <span class='ocrx_word' id='word_1_165' title='bbox 1108 2236 1272 2293; x_wconf 89' lang='lat' dir='ltr'><strong>etiam</strong></span> <span class='ocrx_word' id='word_1_166' title='bbox 1299 2236 1523 2307; x_wconf 87' lang='lat' dir='ltr'><strong>prodiit,</strong></span> <span class='ocrx_word' id='word_1_167' title='bbox 1565 2245 1619 2291; x_wconf 94' lang='grc' dir='ltr'><strong>ιιι</strong></span> <span class='ocrx_word' id='word_1_168' title='bbox 1652 2237 1764 2291; x_wconf 68' lang='lat' dir='ltr'><strong>disi</strong></span> 
     </span>
    </p>
   </div>
   <div class='ocr_carea' id='block_1_24' title="bbox 190 2324 1769 2397">
    <p class='ocr_par' dir='ltr' id='par_1_24' title="bbox 190 2324 1769 2397">
     <span class='ocr_line' id='line_1_24' title="bbox 190 2324 1769 2397; baseline -0.001 -16"><span class='ocrx_word' id='word_1_169' title='bbox 190 2342 371 2397; x_wconf 87' lang='lat' dir='ltr'><strong>supra,</strong></span> <span class='ocrx_word' id='word_1_170' title='bbox 395 2342 486 2381; x_wconf 82' lang='lat' dir='ltr'><strong>nr.</strong></span> <span class='ocrx_word' id='word_1_171' title='bbox 511 2326 599 2381; x_wconf 81' lang='lat' dir='ltr'><strong>I6.</strong></span> <span class='ocrx_word' id='word_1_172' title='bbox 620 2324 858 2396; x_wconf 84' lang='lat' dir='ltr'><strong>Utraque</strong></span> <span class='ocrx_word' id='word_1_173' title='bbox 882 2326 1072 2383; x_wconf 83' lang='lat' dir='ltr'><strong>Latine</strong></span> <span class='ocrx_word' id='word_1_174' title='bbox 1091 2342 1158 2383; x_wconf 74' lang='lat' dir='ltr'><strong>es</strong></span> <span class='ocrx_word' id='word_1_175' title='bbox 1175 2326 1294 2381; x_wconf 89' lang='lat' dir='ltr'><strong>Zini</strong></span> <span class='ocrx_word' id='word_1_176' title='bbox 1315 2328 1568 2382; x_wconf 80' lang='lat' dir='ltr'><strong>versione</strong></span> <span class='ocrx_word' id='word_1_177' title='bbox 1586 2335 1769 2383; x_wconf 75' lang='lat' dir='ltr'><strong>exstat</strong></span> 
     </span>
    </p>
   </div>
   <div class='ocr_carea' id='block_1_25' title="bbox 190 2416 1761 2489">
    <p class='ocr_par' dir='ltr' id='par_1_25' title="bbox 190 2416 1761 2489">
     <span class='ocr_line' id='line_1_25' title="bbox 190 2416 1761 2489; baseline 0 -17"><span class='ocrx_word' id='word_1_178' title='bbox 190 2426 239 2472; x_wconf 80' lang='lat' dir='ltr'><strong>et</strong></span> <span class='ocrx_word' id='word_1_179' title='bbox 271 2418 321 2471; x_wconf 92' lang='lat' dir='ltr'><strong>in</strong></span> <span class='ocrx_word' id='word_1_180' title='bbox 348 2416 895 2488; x_wconf 75' lang='lat' dir='ltr'><strong>Orthodosographis</strong></span> <span class='ocrx_word' id='word_1_181' title='bbox 946 2434 1001 2489; x_wconf 87' lang='lat' dir='ltr'><strong>p.</strong></span> <span class='ocrx_word' id='word_1_182' title='bbox 1050 2418 1210 2483; x_wconf 85' lang='lat' dir='ltr'><strong>I780,</strong></span> <span class='ocrx_word' id='word_1_183' title='bbox 1243 2419 1409 2475; x_wconf 88' lang='lat' dir='ltr'><strong>Basil.</strong></span> <span class='ocrx_word' id='word_1_184' title='bbox 1455 2418 1615 2484; x_wconf 66' lang='lat'><strong>4569,</strong></span> <span class='ocrx_word' id='word_1_185' title='bbox 1668 2418 1761 2475; x_wconf 89' lang='lat' dir='ltr'><strong>fol.</strong></span> 
     </span>
    </p>
   </div>
   <div class='ocr_carea' id='block_1_26' title="bbox 194 2496 1763 2582">
    <p class='ocr_par' dir='ltr' id='par_1_26' title="bbox 194 2496 1763 2582">
     <span class='ocr_line' id='line_1_26' title="bbox 194 2496 1763 2582; baseline 0.004 -21"><span class='ocrx_word' id='word_1_186' title='bbox 194 2507 348 2562; x_wconf 69' lang='lat' dir='ltr'><strong>FABB.</strong></span> <span class='ocrx_word' id='word_1_187' title='bbox 405 2508 550 2564; x_wconf 85' lang='lat' dir='ltr'><strong>lleil.</strong></span> <span class='ocrx_word' id='word_1_188' title='bbox 606 2496 811 2580; x_wconf 68' lang='lat' dir='ltr'><strong>swayer</strong></span> <span class='ocrx_word' id='word_1_189' title='bbox 861 2510 1097 2566; x_wconf 84' lang='lat' dir='ltr'><strong>Priester</strong></span> <span class='ocrx_word' id='word_1_190' title='bbox 1138 2510 1388 2582; x_wconf 76' lang='lat' dir='ltr'><strong>Gregorii</strong></span> <span class='ocrx_word' id='word_1_191' title='bbox 1433 2511 1763 2568; x_wconf 79' lang='lat' dir='ltr'><strong>Nazianzeni</strong></span> 
     </span>
    </p>
   </div>
   <div class='ocr_carea' id='block_1_27' title="bbox 191 2599 1762 2672">
    <p class='ocr_par' dir='ltr' id='par_1_27' title="bbox 191 2599 1762 2672">
     <span class='ocr_line' id='line_1_27' title="bbox 191 2599 1762 2672; baseline 0.002 -19"><span class='ocrx_word' id='word_1_192' title='bbox 191 2599 293 2654; x_wconf 86' lang='lat' dir='ltr'><strong>und</strong></span> <span class='ocrx_word' id='word_1_193' title='bbox 320 2600 576 2671; x_wconf 78' lang='lat' dir='ltr'><strong>Gregorii</strong></span> <span class='ocrx_word' id='word_1_194' title='bbox 600 2599 834 2672; x_wconf 83' lang='lat' dir='ltr'><strong>Nysscui</strong></span> <span class='ocrx_word' id='word_1_195' title='bbox 861 2602 988 2670; x_wconf 78' lang='lat' dir='ltr'><strong>drey</strong></span> <span class='ocrx_word' id='word_1_196' title='bbox 1019 2600 1227 2669; x_wconf 73' lang='grc' dir='ltr'><strong>ιτεμὶσή</strong></span> <span class='ocrx_word' id='word_1_197' title='bbox 1246 2601 1353 2655; x_wconf 82' lang='lat' dir='ltr'><strong>und</strong></span> <span class='ocrx_word' id='word_1_198' title='bbox 1378 2601 1610 2655; x_wconf 76' lang='lat' dir='ltr'><strong>uiitzlicit</strong></span> <span class='ocrx_word' id='word_1_199' title='bbox 1633 2603 1762 2656; x_wconf 83' lang='lat' dir='ltr'><strong>Pre-</strong></span> 
     </span>
    </p>
   </div>
   <div class='ocr_carea' id='block_1_28' title="bbox 185 2692 1762 2762">
    <p class='ocr_par' dir='ltr' id='par_1_28' title="bbox 185 2692 1762 2762">
     <span class='ocr_line' id='line_1_28' title="bbox 185 2692 1762 2762; baseline 0.002 -16"><span class='ocrx_word' id='word_1_200' title='bbox 185 2692 290 2762; x_wconf 80' lang='lat' dir='ltr'><strong>dig,</strong></span> <span class='ocrx_word' id='word_1_201' title='bbox 316 2692 446 2747; x_wconf 88' lang='lat' dir='ltr'><strong>dass</strong></span> <span class='ocrx_word' id='word_1_202' title='bbox 473 2693 802 2762; x_wconf 81' lang='lat' dir='ltr'><strong>yedermann</strong></span> <span class='ocrx_word' id='word_1_203' title='bbox 821 2693 908 2748; x_wconf 85' lang='lat' dir='ltr'><strong>die</strong></span> <span class='ocrx_word' id='word_1_204' title='bbox 930 2710 1119 2748; x_wconf 68' lang='lat' dir='ltr'><strong>‘armen</strong></span> <span class='ocrx_word' id='word_1_205' title='bbox 1147 2692 1279 2748; x_wconf 69' lang='lat' dir='ltr'><strong>Laut</strong></span> <span class='ocrx_word' id='word_1_206' title='bbox 1311 2693 1409 2748; x_wconf 85' lang='lat' dir='ltr'><strong>lieb</strong></span> <span class='ocrx_word' id='word_1_207' title='bbox 1438 2694 1616 2749; x_wconf 80' lang='lat' dir='ltr'><strong>Italten</strong></span> <span class='ocrx_word' id='word_1_208' title='bbox 1639 2695 1762 2762; x_wconf 70' lang='lat' dir='ltr'><strong>solt,</strong></span> 
     </span>
    </p>
   </div>
   <div class='ocr_carea' id='block_1_29' title="bbox 183 2780 1764 2854">
    <p class='ocr_par' dir='ltr' id='par_1_29' title="bbox 183 2780 1764 2854">
     <span class='ocr_line' id='line_1_29' title="bbox 183 2780 1764 2854; baseline 0.004 -21"><span class='ocrx_word' id='word_1_209' title='bbox 183 2810 251 2821; x_wconf 85' lang='lat'><strong><em>—</em></strong></span> <span class='ocrx_word' id='word_1_210' title='bbox 272 2782 538 2847; x_wconf 67' lang='lat' dir='ltr'><strong>getictscltt</strong></span> <span class='ocrx_word' id='word_1_211' title='bbox 560 2780 729 2835; x_wconf 76' lang='lat' dir='ltr'><strong>durclt</strong></span> <span class='ocrx_word' id='word_1_212' title='bbox 748 2781 1041 2851; x_wconf 80' lang='lat' dir='ltr'><strong>Christoplt</strong></span> <span class='ocrx_word' id='word_1_213' title='bbox 1070 2782 1461 2854; x_wconf 80' lang='lat' dir='ltr'><strong>Pltreysleben,</strong></span> <span class='ocrx_word' id='word_1_214' title='bbox 1483 2783 1578 2837; x_wconf 86' lang='lat' dir='ltr'><strong>der</strong></span> <span class='ocrx_word' id='word_1_215' title='bbox 1595 2782 1764 2839; x_wconf 70' lang='lat' dir='ltr'><strong>Recit-</strong></span> 
     </span>
    </p>
   </div>
   <div class='ocr_carea' id='block_1_30' title="bbox 180 2873 1761 2935">
    <p class='ocr_par' dir='ltr' id='par_1_30' title="bbox 180 2873 1761 2935">
     <span class='ocr_line' id='line_1_30' title="bbox 180 2873 1761 2935; baseline 0.004 -7"><span class='ocrx_word' id='word_1_216' title='bbox 180 2884 263 2928; x_wconf 75' lang='lat' dir='ltr'><strong>tea</strong></span> <span class='ocrx_word' id='word_1_217' title='bbox 299 2874 503 2930; x_wconf 79' lang='lat' dir='ltr'><strong><em>Doctor</em></strong></span> <span class='ocrx_word' id='word_1_218' title='bbox 534 2873 906 2930; x_wconf 75' lang='lat' dir='ltr'><strong>—Gedruckt</strong></span> <span class='ocrx_word' id='word_1_219' title='bbox 962 2891 1027 2928; x_wconf 84' lang='lat' dir='ltr'><strong>zu</strong></span> <span class='ocrx_word' id='word_1_220' title='bbox 1065 2873 1263 2930; x_wconf 85' lang='lat' dir='ltr'><strong>Wienn</strong></span> <span class='ocrx_word' id='word_1_221' title='bbox 1298 2878 1355 2931; x_wconf 88' lang='lat' dir='ltr'><strong>in</strong></span> <span class='ocrx_word' id='word_1_222' title='bbox 1414 2876 1761 2935; x_wconf 83' lang='lat' dir='ltr'><strong>OEsterreich</strong></span> 
     </span>
    </p>
   </div>
   <div class='ocr_carea' id='block_1_31' title="bbox 1861 403 3449 477">
    <p class='ocr_par' dir='ltr' id='par_1_31' title="bbox 1861 403 3449 477">
     <span class='ocr_line' id='line_1_31' title="bbox 1861 403 3449 477; baseline 0.003 -19"><span class='ocrx_word' id='word_1_223' title='bbox 1861 405 1977 475; x_wconf 84' lang='lat' dir='ltr'><strong>jam</strong></span> <span class='ocrx_word' id='word_1_224' title='bbox 2009 405 2265 471; x_wconf 82' lang='lat' dir='ltr'><strong>laudatis,</strong></span> <span class='ocrx_word' id='word_1_225' title='bbox 2301 421 2354 476; x_wconf 87' lang='lat' dir='ltr'><strong>p.</strong></span> <span class='ocrx_word' id='word_1_226' title='bbox 2385 405 2513 461; x_wconf 72' lang='lat'><strong>288.</strong></span> <span class='ocrx_word' id='word_1_227' title='bbox 2546 403 2859 460; x_wconf 86' lang='lat' dir='ltr'><strong>Notandum</strong></span> <span class='ocrx_word' id='word_1_228' title='bbox 2900 414 3084 462; x_wconf 83' lang='lat' dir='ltr'><strong>autem</strong></span> <span class='ocrx_word' id='word_1_229' title='bbox 3115 414 3201 462; x_wconf 89' lang='lat' dir='ltr'><strong>est</strong></span> <span class='ocrx_word' id='word_1_230' title='bbox 3237 418 3449 477; x_wconf 86' lang='lat' dir='ltr'><strong>postre-</strong></span> 
     </span>
    </p>
   </div>
   <div class='ocr_carea' id='block_1_32' title="bbox 1867 495 3449 569">
    <p class='ocr_par' dir='ltr' id='par_1_32' title="bbox 1867 495 3449 569">
     <span class='ocr_line' id='line_1_32' title="bbox 1867 495 3449 569; baseline 0.002 -19"><span class='ocrx_word' id='word_1_231' title='bbox 1867 511 2010 551; x_wconf 90' lang='lat' dir='ltr'><strong>mam</strong></span> <span class='ocrx_word' id='word_1_232' title='bbox 2047 504 2278 567; x_wconf 87' lang='lat' dir='ltr'><strong>partem,</strong></span> <span class='ocrx_word' id='word_1_233' title='bbox 2323 514 2376 569; x_wconf 91' lang='lat' dir='ltr'><strong>p.</strong></span> <span class='ocrx_word' id='word_1_234' title='bbox 2413 496 2519 552; x_wconf 74' lang='lat'><strong>993</strong></span> <span class='ocrx_word' id='word_1_235' title='bbox 2565 511 2675 567; x_wconf 88' lang='lat' dir='ltr'><strong>sq.,</strong></span> <span class='ocrx_word' id='word_1_236' title='bbox 2710 496 2826 552; x_wconf 82' lang='lat' dir='ltr'><strong>sive</strong></span> <span class='ocrx_word' id='word_1_237' title='bbox 2853 495 3275 566; x_wconf 84' lang='lat' dir='ltr'><strong>explicationem</strong></span> <span class='ocrx_word' id='word_1_238' title='bbox 3315 498 3449 553; x_wconf 85' lang='lat' dir='ltr'><strong>dicti</strong></span> 
     </span>
    </p>
   </div>
   <div class='ocr_carea' id='block_1_33' title="bbox 1862 588 3448 662">
    <p class='ocr_par' dir='ltr' id='par_1_33' title="bbox 1862 588 3448 662">
     <span class='ocr_line' id='line_1_33' title="bbox 1862 588 3448 662; baseline 0.003 -21"><span class='ocrx_word' id='word_1_239' title='bbox 1862 588 2024 645; x_wconf 79' lang='lat' dir='ltr'><strong>Joan.</strong></span> <span class='ocrx_word' id='word_1_240' title='bbox 2050 606 2165 654; x_wconf 68' lang='lat' dir='ltr'><strong>xxx,</strong></span> <span class='ocrx_word' id='word_1_241' title='bbox 2196 590 2287 655; x_wconf 71' lang='grc'><strong>54,</strong></span> <span class='ocrx_word' id='word_1_242' title='bbox 2322 589 2522 647; x_wconf 87' lang='lat' dir='ltr'><strong>Statim</strong></span> <span class='ocrx_word' id='word_1_243' title='bbox 2553 590 2710 645; x_wconf 67' lang='lat' dir='ltr'><strong>exivit</strong></span> <span class='ocrx_word' id='word_1_244' title='bbox 2738 590 2957 660; x_wconf 81' lang='lat' dir='ltr'><strong>sanguis</strong></span> <span class='ocrx_word' id='word_1_245' title='bbox 2981 599 3032 645; x_wconf 90' lang='lat' dir='ltr'><strong>et</strong></span> <span class='ocrx_word' id='word_1_246' title='bbox 3068 607 3228 662; x_wconf 78' lang='lat' dir='ltr'><strong>aqua,</strong></span> <span class='ocrx_word' id='word_1_247' title='bbox 3252 591 3306 645; x_wconf 88' lang='lat' dir='ltr'><strong>in</strong></span> <span class='ocrx_word' id='word_1_248' title='bbox 3341 606 3448 662; x_wconf 85' lang='lat' dir='ltr'><strong>qua</strong></span> 
     </span>
    </p>
   </div>
   <div class='ocr_carea' id='block_1_34' title="bbox 1869 678 3451 753">
    <p class='ocr_par' dir='ltr' id='par_1_34' title="bbox 1869 678 3451 753">
     <span class='ocr_line' id='line_1_34' title="bbox 1869 678 3451 753; baseline 0.002 -20"><span class='ocrx_word' id='word_1_249' title='bbox 1869 678 2176 753; x_wconf 84' lang='lat' dir='ltr'><strong>Theologus</strong></span> <span class='ocrx_word' id='word_1_250' title='bbox 2222 680 2671 753; x_wconf 82' lang='lat' dir='ltr'><strong>(Nazianzenus),</strong></span> <span class='ocrx_word' id='word_1_251' title='bbox 2710 689 2764 737; x_wconf 90' lang='lat' dir='ltr'><strong>et</strong></span> <span class='ocrx_word' id='word_1_252' title='bbox 2808 681 3239 753; x_wconf 84' lang='lat' dir='ltr'><strong>Cbrysostomus</strong></span> <span class='ocrx_word' id='word_1_253' title='bbox 3275 682 3451 738; x_wconf 86' lang='lat' dir='ltr'><strong>citan-</strong></span> 
     </span>
    </p>
   </div>
   <div class='ocr_carea' id='block_1_35' title="bbox 1869 773 3443 845">
    <p class='ocr_par' dir='ltr' id='par_1_35' title="bbox 1869 773 3443 845">
     <span class='ocr_line' id='line_1_35' title="bbox 1869 773 3443 845; baseline 0.003 -21"><span class='ocrx_word' id='word_1_254' title='bbox 1869 780 1978 834; x_wconf 86' lang='lat' dir='ltr'><strong>tur,</strong></span> <span class='ocrx_word' id='word_1_255' title='bbox 2003 775 2074 828; x_wconf 84' lang='lat' dir='ltr'><strong>ab</strong></span> <span class='ocrx_word' id='word_1_256' title='bbox 2101 774 2197 828; x_wconf 92' lang='lat' dir='ltr'><strong>illo</strong></span> <span class='ocrx_word' id='word_1_257' title='bbox 2227 775 2435 845; x_wconf 91' lang='lat' dir='ltr'><strong>scripto</strong></span> <span class='ocrx_word' id='word_1_258' title='bbox 2471 773 2726 839; x_wconf 83' lang='lat' dir='ltr'><strong>alienam,</strong></span> <span class='ocrx_word' id='word_1_259' title='bbox 2756 774 2813 828; x_wconf 92' lang='lat' dir='ltr'><strong>in</strong></span> <span class='ocrx_word' id='word_1_260' title='bbox 2844 773 3035 830; x_wconf 73' lang='lat' dir='ltr'><strong>Graeco</strong></span> <span class='ocrx_word' id='word_1_261' title='bbox 3057 782 3207 831; x_wconf 87' lang='lat' dir='ltr'><strong>recte</strong></span> <span class='ocrx_word' id='word_1_262' title='bbox 3227 775 3443 834; x_wconf 81' lang='lat' dir='ltr'><strong>abesse.</strong></span> 
     </span>
    </p>
   </div>
   <div class='ocr_carea' id='block_1_36' title="bbox 1869 863 3450 924">
    <p class='ocr_par' dir='ltr' id='par_1_36' title="bbox 1869 863 3450 924">
     <span class='ocr_line' id='line_1_36' title="bbox 1869 863 3450 924; baseline 0.001 -4"><span class='ocrx_word' id='word_1_263' title='bbox 1869 863 2034 921; x_wconf 64' lang='lat' dir='ltr'><strong>Fssn.</strong></span> <span class='ocrx_word' id='word_1_264' title='bbox 2067 867 2124 921; x_wconf 91' lang='lat' dir='ltr'><strong>In</strong></span> <span class='ocrx_word' id='word_1_265' title='bbox 2164 866 2338 922; x_wconf 86' lang='lat' dir='ltr'><strong>tribus</strong></span> <span class='ocrx_word' id='word_1_266' title='bbox 2365 867 2527 923; x_wconf 87' lang='lat' dir='ltr'><strong>codd.</strong></span> <span class='ocrx_word' id='word_1_267' title='bbox 2561 866 2739 924; x_wconf 85' lang='lat' dir='ltr'><strong>Paris.</strong></span> <span class='ocrx_word' id='word_1_268' title='bbox 2777 868 2910 923; x_wconf 86' lang='lat' dir='ltr'><strong>bibl.</strong></span> <span class='ocrx_word' id='word_1_269' title='bbox 2952 865 3111 922; x_wconf 86' lang='lat' dir='ltr'><strong>Publ.</strong></span> <span class='ocrx_word' id='word_1_270' title='bbox 3132 899 3206 911; x_wconf 91' lang='lat'><strong>-—</strong></span> <span class='ocrx_word' id='word_1_271' title='bbox 3231 867 3450 923; x_wconf 90' lang='lat' dir='ltr'><strong>Sculte-</strong></span> 
     </span>
    </p>
   </div>
   <div class='ocr_carea' id='block_1_37' title="bbox 1871 957 3450 1030">
    <p class='ocr_par' dir='ltr' id='par_1_37' title="bbox 1871 957 3450 1030">
     <span class='ocr_line' id='line_1_37' title="bbox 1871 957 3450 1030; baseline 0.002 -18"><span class='ocrx_word' id='word_1_272' title='bbox 1871 957 2245 1025; x_wconf 80' lang='lat' dir='ltr'><strong>tus.I’uvinus,</strong></span> <span class='ocrx_word' id='word_1_273' title='bbox 2273 958 2347 1013; x_wconf 91' lang='lat' dir='ltr'><strong>du</strong></span> <span class='ocrx_word' id='word_1_274' title='bbox 2378 958 2500 1025; x_wconf 90' lang='lat' dir='ltr'><strong>Pin,</strong></span> <span class='ocrx_word' id='word_1_275' title='bbox 2534 957 2747 1015; x_wconf 87' lang='lat' dir='ltr'><strong>Caveus</strong></span> <span class='ocrx_word' id='word_1_276' title='bbox 2767 967 2823 1015; x_wconf 89' lang='lat' dir='ltr'><strong>et</strong></span> <span class='ocrx_word' id='word_1_277' title='bbox 2851 957 3102 1016; x_wconf 88' lang='lat' dir='ltr'><strong>Oudinus</strong></span> <span class='ocrx_word' id='word_1_278' title='bbox 3127 959 3182 1014; x_wconf 92' lang='lat' dir='ltr'><strong>id</strong></span> <span class='ocrx_word' id='word_1_279' title='bbox 3210 974 3450 1030; x_wconf 83' lang='lat' dir='ltr'><strong>opuscu-</strong></span> 
     </span>
    </p>
   </div>
   <div class='ocr_carea' id='block_1_38' title="bbox 1870 1048 3450 1122">
    <p class='ocr_par' dir='ltr' id='par_1_38' title="bbox 1870 1048 3450 1122">
     <span class='ocr_line' id='line_1_38' title="bbox 1870 1048 3450 1122; baseline 0.004 -21"><span class='ocrx_word' id='word_1_280' title='bbox 1870 1049 2004 1112; x_wconf 88' lang='lat' dir='ltr'><strong>lum,</strong></span> <span class='ocrx_word' id='word_1_281' title='bbox 2027 1049 2157 1120; x_wconf 86' lang='lat' dir='ltr'><strong>quia</strong></span> <span class='ocrx_word' id='word_1_282' title='bbox 2185 1048 2485 1122; x_wconf 76' lang='lat' dir='ltr'><strong>Gregorius</strong></span> <span class='ocrx_word' id='word_1_283' title='bbox 2519 1051 2778 1106; x_wconf 81' lang='lat' dir='ltr'><strong>Nazianz.</strong></span> <span class='ocrx_word' id='word_1_284' title='bbox 2808 1050 2866 1105; x_wconf 89' lang='lat' dir='ltr'><strong>in</strong></span> <span class='ocrx_word' id='word_1_285' title='bbox 2898 1066 2964 1107; x_wconf 92' lang='lat' dir='ltr'><strong>eo</strong></span> <span class='ocrx_word' id='word_1_286' title='bbox 2984 1052 3206 1117; x_wconf 86' lang='lat' dir='ltr'><strong>citetur,</strong></span> <span class='ocrx_word' id='word_1_287' title='bbox 3239 1051 3450 1107; x_wconf 83' lang='lat' dir='ltr'><strong>adulte-</strong></span> 
     </span>
    </p>
   </div>
   <div class='ocr_carea' id='block_1_39' title="bbox 1870 1140 3449 1213">
    <p class='ocr_par' dir='ltr' id='par_1_39' title="bbox 1870 1140 3449 1213">
     <span class='ocr_line' id='line_1_39' title="bbox 1870 1140 3449 1213; baseline 0.003 -21"><span class='ocrx_word' id='word_1_288' title='bbox 1870 1140 2048 1193; x_wconf 89' lang='lat' dir='ltr'><strong>rinum</strong></span> <span class='ocrx_word' id='word_1_289' title='bbox 2083 1155 2208 1197; x_wconf 88' lang='lat' dir='ltr'><strong>esse</strong></span> <span class='ocrx_word' id='word_1_290' title='bbox 2238 1153 2484 1199; x_wconf 90' lang='lat' dir='ltr'><strong>censent.</strong></span> <span class='ocrx_word' id='word_1_291' title='bbox 2533 1141 2760 1199; x_wconf 83' lang='lat' dir='ltr'><strong>Accedit</strong></span> <span class='ocrx_word' id='word_1_292' title='bbox 2804 1141 3013 1201; x_wconf 78' lang='lat' dir='ltr'><strong>Semler</strong></span> <span class='ocrx_word' id='word_1_293' title='bbox 3058 1142 3094 1196; x_wconf 91' lang='lat' dir='ltr'><strong>l.</strong></span> <span class='ocrx_word' id='word_1_294' title='bbox 3135 1156 3186 1197; x_wconf 91' lang='lat' dir='ltr'><strong>c.</strong></span> <span class='ocrx_word' id='word_1_295' title='bbox 3223 1158 3277 1213; x_wconf 87' lang='lat' dir='ltr'><strong>p.</strong></span> <span class='ocrx_word' id='word_1_296' title='bbox 3318 1142 3449 1210; x_wconf 77' lang='lat'><strong>200,</strong></span> 
     </span>
    </p>
   </div>
   <div class='ocr_carea' id='block_1_40' title="bbox 1869 1230 2353 1287">
    <p class='ocr_par' dir='ltr' id='par_1_40' title="bbox 1869 1230 2353 1287">
     <span class='ocr_line' id='line_1_40' title="bbox 1869 1230 2353 1287; baseline 0.006 -3"><span class='ocrx_word' id='word_1_297' title='bbox 1869 1239 1982 1286; x_wconf 92' lang='lat' dir='ltr'><strong>not.</strong></span> <span class='ocrx_word' id='word_1_298' title='bbox 2019 1232 2145 1287; x_wconf 69' lang='grc'><strong>554.</strong></span> <span class='ocrx_word' id='word_1_299' title='bbox 2179 1230 2353 1287; x_wconf 79' lang='grc' dir='ltr'>ΗΑιιι..</span> 
     </span>
    </p>
   </div>
   <div class='ocr_carea' id='block_1_41' title="bbox 1974 1322 3315 1381">
    <p class='ocr_par' dir='ltr' id='par_1_41' title="bbox 1974 1322 3315 1381">
     <span class='ocr_line' id='line_1_41' title="bbox 1974 1322 3315 1381; baseline 0.001 -3"><span class='ocrx_word' id='word_1_300' title='bbox 1974 1322 2061 1380; x_wconf 94' lang='lat' dir='ltr'><strong>IIl.</strong></span> <span class='ocrx_word' id='word_1_301' title='bbox 2097 1325 2163 1379; x_wconf 88' lang='lat' dir='ltr'><strong>In</strong></span> <span class='ocrx_word' id='word_1_302' title='bbox 2194 1336 2334 1380; x_wconf 91' lang='lat' dir='ltr'><strong>tomo</strong></span> <span class='ocrx_word' id='word_1_303' title='bbox 2374 1324 2437 1379; x_wconf 83' lang='lat' dir='ltr'><strong>II</strong></span> <span class='ocrx_word' id='word_1_304' title='bbox 2508 1326 2638 1381; x_wconf 85' lang='lat' dir='ltr'><strong>edit.</strong></span> <span class='ocrx_word' id='word_1_305' title='bbox 2675 1343 2728 1380; x_wconf 92' lang='lat' dir='ltr'><strong>a.</strong></span> <span class='ocrx_word' id='word_1_306' title='bbox 2764 1324 2904 1381; x_wconf 77' lang='lat' dir='ltr'><strong>I6I5</strong></span> <span class='ocrx_word' id='word_1_307' title='bbox 2934 1327 3271 1381; x_wconf 84' lang='lat' dir='ltr'><strong>continentur</strong></span> <span class='ocrx_word' id='word_1_308' title='bbox 3294 1343 3315 1380; x_wconf 90' lang='lat'><strong>:</strong></span> 
     </span>
    </p>
   </div>
   <div class='ocr_carea' id='block_1_42' title="bbox 1935 1415 3444 1489">
    <p class='ocr_par' dir='ltr' id='par_1_42' title="bbox 1935 1415 3444 1489">
     <span class='ocr_line' id='line_1_42' title="bbox 1935 1415 3444 1489; baseline 0.001 -19"><span class='ocrx_word' id='word_1_309' title='bbox 1935 1415 2026 1471; x_wconf 78' lang='grc'>28.</span> <span class='ocrx_word' id='word_1_310' title='bbox 2052 1417 2214 1472; x_wconf 81' lang='grc' dir='ltr'><strong>Κατὰ</strong></span> <span class='ocrx_word' id='word_1_311' title='bbox 2229 1418 2531 1488; x_wconf 79' lang='grc' dir='ltr'><strong>Εὐνομίου</strong></span> <span class='ocrx_word' id='word_1_312' title='bbox 2550 1420 2720 1489; x_wconf 72' lang='grc' dir='ltr'><strong>λόγοι</strong></span> <span class='ocrx_word' id='word_1_313' title='bbox 2739 1418 3166 1488; x_wconf 78' lang='grc' dir='ltr'><strong>ἀντιῤῥητικοι,</strong></span> <span class='ocrx_word' id='word_1_314' title='bbox 3184 1416 3444 1472; x_wconf 80' lang='lat' dir='ltr'><strong>Adversus</strong></span> 
     </span>
    </p>
   </div>
   <div class='ocr_carea' id='block_1_43' title="bbox 1871 1505 3443 1578">
    <p class='ocr_par' dir='ltr' id='par_1_43' title="bbox 1871 1505 3443 1578">
     <span class='ocr_line' id='line_1_43' title="bbox 1871 1505 3443 1578; baseline -0.001 -15"><span class='ocrx_word' id='word_1_315' title='bbox 1871 1505 2220 1577; x_wconf 79' lang='lat' dir='ltr'><strong>Eunomium,</strong></span> <span class='ocrx_word' id='word_1_316' title='bbox 2254 1510 2393 1565; x_wconf 88' lang='lat' dir='ltr'><strong>liber</strong></span> <span class='ocrx_word' id='word_1_317' title='bbox 2433 1526 2496 1575; x_wconf 89' lang='grc' dir='ltr'>ιι,</span> <span class='ocrx_word' id='word_1_318' title='bbox 2529 1526 2612 1574; x_wconf 83' lang='grc' dir='ltr'>ιιι,</span> <span class='ocrx_word' id='word_1_319' title='bbox 2657 1525 2732 1575; x_wconf 79' lang='lat' dir='ltr'><strong>iv,</strong></span> <span class='ocrx_word' id='word_1_320' title='bbox 2779 1526 2832 1571; x_wconf 91' lang='lat' dir='ltr'><strong>v,</strong></span> <span class='ocrx_word' id='word_1_321' title='bbox 2862 1525 2937 1575; x_wconf 80' lang='lat' dir='ltr'><strong>vl,</strong></span> <span class='ocrx_word' id='word_1_322' title='bbox 2979 1525 3079 1578; x_wconf 87' lang='lat' dir='ltr'><strong>vn,</strong></span> <span class='ocrx_word' id='word_1_323' title='bbox 3117 1525 3236 1574; x_wconf 88' lang='lat' dir='ltr'><strong>vm,</strong></span> <span class='ocrx_word' id='word_1_324' title='bbox 3272 1525 3348 1572; x_wconf 75' lang='grc' dir='ltr'><strong>ιι,</strong></span> <span class='ocrx_word' id='word_1_325' title='bbox 3388 1524 3443 1572; x_wconf 79' lang='lat' dir='ltr'><strong>s,</strong></span> 
     </span>
    </p>
   </div>
   <div class='ocr_carea' id='block_1_44' title="bbox 1866 1599 3443 1672">
    <p class='ocr_par' dir='ltr' id='par_1_44' title="bbox 1866 1599 3443 1672">
     <span class='ocr_line' id='line_1_44' title="bbox 1866 1599 3443 1672; baseline -0.001 -18"><span class='ocrx_word' id='word_1_326' title='bbox 1866 1616 1947 1665; x_wconf 72' lang='lat' dir='ltr'><strong>xl,</strong></span> <span class='ocrx_word' id='word_1_327' title='bbox 1979 1616 2057 1655; x_wconf 78' lang='lat' dir='ltr'><strong>su</strong></span> <span class='ocrx_word' id='word_1_328' title='bbox 2088 1610 2143 1657; x_wconf 90' lang='lat' dir='ltr'><strong>et</strong></span> <span class='ocrx_word' id='word_1_329' title='bbox 2172 1617 2294 1665; x_wconf 78' lang='lat' dir='ltr'><strong>xm,</strong></span> <span class='ocrx_word' id='word_1_330' title='bbox 2336 1602 2748 1658; x_wconf 81' lang='lat' dir='ltr'><strong>cum-versione</strong></span> <span class='ocrx_word' id='word_1_331' title='bbox 2774 1599 2981 1657; x_wconf 84' lang='lat' dir='ltr'><strong>Nicolai</strong></span> <span class='ocrx_word' id='word_1_332' title='bbox 3014 1599 3232 1657; x_wconf 87' lang='lat' dir='ltr'><strong>Gulonii</strong></span> <span class='ocrx_word' id='word_1_333' title='bbox 3261 1602 3357 1672; x_wconf 84' lang='lat' dir='ltr'><strong>(g),</strong></span> <span class='ocrx_word' id='word_1_334' title='bbox 3389 1616 3443 1668; x_wconf 91' lang='lat' dir='ltr'><strong>p.</strong></span> 
     </span>
    </p>
   </div>
   <div class='ocr_carea' id='block_1_45' title="bbox 1868 1690 3449 1763">
    <p class='ocr_par' dir='ltr' id='par_1_45' title="bbox 1868 1690 3449 1763">
     <span class='ocr_line' id='line_1_45' title="bbox 1868 1690 3449 1763; baseline 0.001 -19"><span class='ocrx_word' id='word_1_335' title='bbox 1868 1690 2054 1747; x_wconf 63' lang='lat'><strong>1-437.</strong></span> <span class='ocrx_word' id='word_1_336' title='bbox 2109 1691 2350 1762; x_wconf 90' lang='lat' dir='ltr'><strong>Incipit:</strong></span> <span class='ocrx_word' id='word_1_337' title='bbox 2386 1692 2450 1744; x_wconf 83' lang='lat' dir='ltr'><strong>&#39;H</strong></span> <span class='ocrx_word' id='word_1_338' title='bbox 2498 1691 2609 1745; x_wconf 82' lang='grc' dir='ltr'><strong>τῶν</strong></span> <span class='ocrx_word' id='word_1_339' title='bbox 2653 1692 2997 1763; x_wconf 80' lang='grc' dir='ltr'><strong>Χριστιανῶν</strong></span> <span class='ocrx_word' id='word_1_340' title='bbox 3043 1692 3226 1755; x_wconf 77' lang='grc' dir='ltr'><strong>πίστις</strong></span> <span class='ocrx_word' id='word_1_341' title='bbox 3279 1693 3312 1761; x_wconf 81' lang='grc' dir='ltr'>ἠ</span> <span class='ocrx_word' id='word_1_342' title='bbox 3369 1693 3449 1756; x_wconf 70' lang='grc' dir='ltr'><strong>εἰς</strong></span> 
     </span>
    </p>
   </div>
   <div class='ocr_carea' id='block_1_46' title="bbox 1867 1766 3450 1854">
    <p class='ocr_par' dir='ltr' id='par_1_46' title="bbox 1867 1766 3450 1854">
     <span class='ocr_line' id='line_1_46' title="bbox 1867 1766 3450 1854; baseline 0.003 -20"><span class='ocrx_word' id='word_1_343' title='bbox 1867 1783 2047 1838; x_wconf 84' lang='grc' dir='ltr'>πάντα</span> <span class='ocrx_word' id='word_1_344' title='bbox 2091 1781 2163 1837; x_wconf 78' lang='grc' dir='ltr'><strong>τὰ</strong></span> <span class='ocrx_word' id='word_1_345' title='bbox 2211 1782 2359 1853; x_wconf 77' lang='grc' dir='ltr'>ἔθνη.</span> <span class='ocrx_word' id='word_1_346' title='bbox 2398 1782 2802 1854; x_wconf 84' lang='lat' dir='ltr'><strong>Castigationes</strong></span> <span class='ocrx_word' id='word_1_347' title='bbox 2848 1783 2904 1837; x_wconf 93' lang='lat' dir='ltr'><strong>in</strong></span> <span class='ocrx_word' id='word_1_348' title='bbox 2957 1766 3109 1838; x_wconf 86' lang='lat' dir='ltr'><strong>calce</strong></span> <span class='ocrx_word' id='word_1_349' title='bbox 3157 1784 3450 1838; x_wconf 77' lang='lat' dir='ltr'><strong>voluminis</strong></span> 
     </span>
    </p>
   </div>
   <div class='ocr_carea' id='block_1_47' title="bbox 1867 1873 3452 1946">
    <p class='ocr_par' dir='ltr' id='par_1_47' title="bbox 1867 1873 3452 1946">
     <span class='ocr_line' id='line_1_47' title="bbox 1867 1873 3452 1946; baseline 0 -18"><span class='ocrx_word' id='word_1_350' title='bbox 1867 1874 2068 1946; x_wconf 87' lang='lat' dir='ltr'><strong>adjecit</strong></span> <span class='ocrx_word' id='word_1_351' title='bbox 2097 1873 2319 1930; x_wconf 88' lang='lat' dir='ltr'><strong>Gulonii</strong></span> <span class='ocrx_word' id='word_1_352' title='bbox 2347 1874 2515 1939; x_wconf 83' lang='lat' dir='ltr'><strong>filius,</strong></span> <span class='ocrx_word' id='word_1_353' title='bbox 2539 1874 2781 1931; x_wconf 81' lang='lat' dir='ltr'><strong>Joannes</strong></span> <span class='ocrx_word' id='word_1_354' title='bbox 2814 1888 2841 1929; x_wconf 80' lang='grc' dir='ltr'><strong>ιι</strong></span> <span class='ocrx_word' id='word_1_355' title='bbox 2897 1873 2957 1929; x_wconf 88' lang='lat' dir='ltr'><strong>S.</strong></span> <span class='ocrx_word' id='word_1_356' title='bbox 2988 1873 3307 1939; x_wconf 84' lang='lat' dir='ltr'><strong>Francisco,</strong></span> <span class='ocrx_word' id='word_1_357' title='bbox 3334 1889 3452 1928; x_wconf 85' lang='lat' dir='ltr'><strong>mo-</strong></span> 
     </span>
    </p>
   </div>
   <div class='ocr_carea' id='block_1_48' title="bbox 1866 1965 3450 2037">
    <p class='ocr_par' dir='ltr' id='par_1_48' title="bbox 1866 1965 3450 2037">
     <span class='ocr_line' id='line_1_48' title="bbox 1866 1965 3450 2037; baseline 0.001 -16"><span class='ocrx_word' id='word_1_358' title='bbox 1866 1968 2081 2022; x_wconf 79' lang='lat' dir='ltr'><strong>nachus</strong></span> <span class='ocrx_word' id='word_1_359' title='bbox 2126 1965 2423 2030; x_wconf 84' lang='lat' dir='ltr'><strong>Fuliensis,</strong></span> <span class='ocrx_word' id='word_1_360' title='bbox 2481 1974 2738 2030; x_wconf 85' lang='lat' dir='ltr'><strong>testatus,</strong></span> <span class='ocrx_word' id='word_1_361' title='bbox 2792 1967 2991 2021; x_wconf 90' lang='lat' dir='ltr'><strong>librum</strong></span> <span class='ocrx_word' id='word_1_362' title='bbox 3044 1967 3305 2037; x_wconf 89' lang='lat' dir='ltr'><strong>primum,</strong></span> <span class='ocrx_word' id='word_1_363' title='bbox 3355 1968 3450 2037; x_wconf 87' lang='lat' dir='ltr'><strong>qui</strong></span> 
     </span>
    </p>
   </div>
   <div class='ocr_carea' id='block_1_49' title="bbox 1864 2056 3452 2129">
    <p class='ocr_par' dir='ltr' id='par_1_49' title="bbox 1864 2056 3452 2129">
     <span class='ocr_line' id='line_1_49' title="bbox 1864 2056 3452 2129; baseline 0 -16"><span class='ocrx_word' id='word_1_364' title='bbox 1864 2056 2067 2114; x_wconf 85' lang='lat' dir='ltr'><strong>deinde</strong></span> <span class='ocrx_word' id='word_1_365' title='bbox 2102 2058 2281 2113; x_wconf 91' lang='lat' dir='ltr'><strong>lucem</strong></span> <span class='ocrx_word' id='word_1_366' title='bbox 2315 2057 2459 2112; x_wconf 80' lang='lat' dir='ltr'><strong>vidit</strong></span> <span class='ocrx_word' id='word_1_367' title='bbox 2506 2057 2720 2129; x_wconf 87' lang='lat' dir='ltr'><strong>(confer</strong></span> <span class='ocrx_word' id='word_1_368' title='bbox 2762 2056 2925 2122; x_wconf 86' lang='lat' dir='ltr'><strong>infra,</strong></span> <span class='ocrx_word' id='word_1_369' title='bbox 2972 2073 3057 2112; x_wconf 88' lang='lat' dir='ltr'><strong>nr.</strong></span> <span class='ocrx_word' id='word_1_370' title='bbox 3086 2056 3202 2126; x_wconf 82' lang='grc'>66),</span> <span class='ocrx_word' id='word_1_371' title='bbox 3230 2067 3452 2114; x_wconf 82' lang='lat' dir='ltr'><strong>exstare</strong></span> 
     </span>
    </p>
   </div>
   <div class='ocr_carea' id='block_1_50' title="bbox 1868 2147 3452 2219">
    <p class='ocr_par' dir='ltr' id='par_1_50' title="bbox 1868 2147 3452 2219">
     <span class='ocr_line' id='line_1_50' title="bbox 1868 2147 3452 2219; baseline -0.001 -14"><span class='ocrx_word' id='word_1_372' title='bbox 1868 2165 1971 2206; x_wconf 89' lang='lat' dir='ltr'><strong>ms.</strong></span> <span class='ocrx_word' id='word_1_373' title='bbox 2004 2151 2060 2205; x_wconf 91' lang='lat' dir='ltr'><strong>in</strong></span> <span class='ocrx_word' id='word_1_374' title='bbox 2090 2148 2228 2205; x_wconf 85' lang='lat' dir='ltr'><strong>bibl.</strong></span> <span class='ocrx_word' id='word_1_375' title='bbox 2261 2147 2550 2215; x_wconf 83' lang='lat' dir='ltr'><strong>Vaticana,</strong></span> <span class='ocrx_word' id='word_1_376' title='bbox 2593 2156 2648 2205; x_wconf 90' lang='lat' dir='ltr'><strong>et</strong></span> <span class='ocrx_word' id='word_1_377' title='bbox 2685 2149 2928 2219; x_wconf 81' lang='lat' dir='ltr'><strong>incipere</strong></span> <span class='ocrx_word' id='word_1_378' title='bbox 2965 2148 3051 2204; x_wconf 81' lang='lat' dir='ltr'><strong>bis</strong></span> <span class='ocrx_word' id='word_1_379' title='bbox 3080 2149 3302 2207; x_wconf 79' lang='lat' dir='ltr'><strong>verbis:</strong></span> <span class='ocrx_word' id='word_1_380' title='bbox 3338 2149 3452 2204; x_wconf 81' lang='grc' dir='ltr'><strong>Οὐκ</strong></span> 
     </span>
    </p>
   </div>
   <div class='ocr_carea' id='block_1_51' title="bbox 1864 2228 3452 2310">
    <p class='ocr_par' dir='ltr' id='par_1_51' title="bbox 1864 2228 3452 2310">
     <span class='ocr_line' id='line_1_51' title="bbox 1864 2228 3452 2310; baseline 0.002 -20"><span class='ocrx_word' id='word_1_381' title='bbox 1864 2232 1933 2309; x_wconf 75' lang='grc' dir='ltr'><strong>ἦν</strong></span> <span class='ocrx_word' id='word_1_382' title='bbox 1954 2238 2032 2302; x_wconf 82' lang='grc' dir='ltr'><strong>ὡς</strong></span> <span class='ocrx_word' id='word_1_383' title='bbox 2057 2228 2231 2292; x_wconf 66' lang='grc' dir='ltr'><strong>ἔοικεν</strong></span> <span class='ocrx_word' id='word_1_384' title='bbox 2253 2236 2332 2309; x_wconf 86' lang='grc' dir='ltr'><strong>τῷ</strong></span> <span class='ocrx_word' id='word_1_385' title='bbox 2358 2236 2539 2291; x_wconf 81' lang='grc' dir='ltr'>πάντα</span> <span class='ocrx_word' id='word_1_386' title='bbox 2575 2254 2634 2290; x_wconf 83' lang='grc' dir='ltr'>σε</span> <span class='ocrx_word' id='word_1_387' title='bbox 2663 2237 2838 2292; x_wconf 78' lang='grc' dir='ltr'><strong>θέλειν</strong></span> <span class='ocrx_word' id='word_1_388' title='bbox 2877 2238 3208 2310; x_wconf 76' lang='grc' dir='ltr'>εὐεργετεῖν.</span> <span class='ocrx_word' id='word_1_389' title='bbox 3249 2239 3362 2296; x_wconf 88' lang='lat' dir='ltr'><strong>Con</strong></span> <span class='ocrx_word' id='word_1_390' title='bbox 3373 2240 3452 2294; x_wconf 87' lang='lat' dir='ltr'><strong>fer</strong></span> 
     </span>
    </p>
   </div>
   <div class='ocr_carea' id='block_1_52' title="bbox 1865 2326 3449 2399">
    <p class='ocr_par' dir='ltr' id='par_1_52' title="bbox 1865 2326 3449 2399">
     <span class='ocr_line' id='line_1_52' title="bbox 1865 2326 3449 2399; baseline 0.001 -17"><span class='ocrx_word' id='word_1_391' title='bbox 1865 2327 1935 2384; x_wconf 88' lang='lat' dir='ltr'><strong>de</strong></span> <span class='ocrx_word' id='word_1_392' title='bbox 1973 2327 2079 2382; x_wconf 90' lang='lat' dir='ltr'><strong>hoc</strong></span> <span class='ocrx_word' id='word_1_393' title='bbox 2095 2342 2266 2398; x_wconf 89' lang='lat' dir='ltr'><strong>opere</strong></span> <span class='ocrx_word' id='word_1_394' title='bbox 2294 2326 2703 2382; x_wconf 76' lang='lat' dir='ltr'><strong>Tillemontium</strong></span> <span class='ocrx_word' id='word_1_395' title='bbox 2738 2336 2870 2381; x_wconf 90' lang='lat' dir='ltr'><strong>tom.</strong></span> <span class='ocrx_word' id='word_1_396' title='bbox 2905 2326 2998 2394; x_wconf 75' lang='lat' dir='ltr'><strong>IX,</strong></span> <span class='ocrx_word' id='word_1_397' title='bbox 3025 2344 3146 2399; x_wconf 82' lang='lat' dir='ltr'><strong>pag.</strong></span> <span class='ocrx_word' id='word_1_398' title='bbox 3176 2327 3282 2383; x_wconf 79' lang='lat'><strong>577</strong></span> <span class='ocrx_word' id='word_1_399' title='bbox 3305 2344 3449 2399; x_wconf 83' lang='lat' dir='ltr'><strong>seq.,</strong></span> 
     </span>
    </p>
   </div>
   <div class='ocr_carea' id='block_1_53' title="bbox 1866 2415 3446 2489">
    <p class='ocr_par' dir='ltr' id='par_1_53' title="bbox 1866 2415 3446 2489">
     <span class='ocr_line' id='line_1_53' title="bbox 1866 2415 3446 2489; baseline 0.001 -19"><span class='ocrx_word' id='word_1_400' title='bbox 1866 2424 1927 2471; x_wconf 79' lang='lat' dir='ltr'><strong>et~</strong></span> <span class='ocrx_word' id='word_1_401' title='bbox 1950 2416 2018 2471; x_wconf 88' lang='lat' dir='ltr'><strong>de</strong></span> <span class='ocrx_word' id='word_1_402' title='bbox 2043 2415 2298 2472; x_wconf 78' lang='lat' dir='ltr'><strong>Eunomii</strong></span> <span class='ocrx_word' id='word_1_403' title='bbox 2359 2417 2533 2484; x_wconf 86' lang='lat' dir='ltr'><strong>libris,</strong></span> <span class='ocrx_word' id='word_1_404' title='bbox 2601 2432 2742 2488; x_wconf 89' lang='lat' dir='ltr'><strong>quos</strong></span> <span class='ocrx_word' id='word_1_405' title='bbox 2800 2416 3078 2489; x_wconf 75' lang='lat' dir='ltr'><strong>Nyssenus</strong></span> <span class='ocrx_word' id='word_1_406' title='bbox 3126 2418 3446 2485; x_wconf 80' lang='lat' dir='ltr'><strong>confutavit,</strong></span> 
     </span>
    </p>
   </div>
   <div class='ocr_carea' id='block_1_54' title="bbox 1863 2505 3450 2579">
    <p class='ocr_par' dir='ltr' id='par_1_54' title="bbox 1863 2505 3450 2579">
     <span class='ocr_line' id='line_1_54' title="bbox 1863 2505 3450 2579; baseline -0.001 -17"><span class='ocrx_word' id='word_1_407' title='bbox 1863 2506 1983 2563; x_wconf 75' lang='lat' dir='ltr'><strong>Jac.</strong></span> <span class='ocrx_word' id='word_1_408' title='bbox 2034 2505 2431 2576; x_wconf 87' lang='lat' dir='ltr'><strong>Godofredum,</strong></span> <span class='ocrx_word' id='word_1_409' title='bbox 2486 2506 2555 2562; x_wconf 80' lang='lat' dir='ltr'><strong>ad</strong></span> <span class='ocrx_word' id='word_1_410' title='bbox 2608 2506 2961 2579; x_wconf 85' lang='lat' dir='ltr'><strong>Philostorgii</strong></span> <span class='ocrx_word' id='word_1_411' title='bbox 3012 2507 3148 2573; x_wconf 87' lang='lat' dir='ltr'><strong>VIII,</strong></span> <span class='ocrx_word' id='word_1_412' title='bbox 3199 2508 3286 2565; x_wconf 72' lang='lat'><strong>12.</strong></span> <span class='ocrx_word' id='word_1_413' title='bbox 3336 2508 3450 2563; x_wconf 86' lang='lat' dir='ltr'><strong>Sir-</strong></span> 
     </span>
    </p>
   </div>
   <div class='ocr_carea' id='block_1_55' title="bbox 1868 2598 3442 2656">
    <p class='ocr_par' dir='ltr' id='par_1_55' title="bbox 1868 2598 3442 2656">
     <span class='ocr_line' id='line_1_55' title="bbox 1868 2598 3442 2656; baseline -0.001 -3"><span class='ocrx_word' id='word_1_414' title='bbox 1868 2600 2104 2655; x_wconf 89' lang='lat' dir='ltr'><strong>mondus</strong></span> <span class='ocrx_word' id='word_1_415' title='bbox 2129 2598 2196 2654; x_wconf 86' lang='lat' dir='ltr'><strong>ad</strong></span> <span class='ocrx_word' id='word_1_416' title='bbox 2229 2600 2425 2655; x_wconf 90' lang='lat' dir='ltr'><strong>librum</strong></span> <span class='ocrx_word' id='word_1_417' title='bbox 2494 2614 2541 2654; x_wconf 75' lang='lat' dir='ltr'><strong>vr</strong></span> <span class='ocrx_word' id='word_1_418' title='bbox 2580 2598 2822 2655; x_wconf 81' lang='lat' dir='ltr'><strong>Facundi</strong></span> <span class='ocrx_word' id='word_1_419' title='bbox 2864 2599 3277 2656; x_wconf 82' lang='lat' dir='ltr'><strong>Hermianensis</strong></span> <span class='ocrx_word' id='word_1_420' title='bbox 3312 2607 3442 2653; x_wconf 88' lang='lat' dir='ltr'><strong>tom.</strong></span> 
     </span>
    </p>
   </div>
   <div class='ocr_carea' id='block_1_56' title="bbox 1868 2687 3448 2762">
    <p class='ocr_par' dir='ltr' id='par_1_56' title="bbox 1868 2687 3448 2762">
     <span class='ocr_line' id='line_1_56' title="bbox 1868 2687 3448 2762; baseline -0.001 -21"><span class='ocrx_word' id='word_1_421' title='bbox 1868 2687 1911 2741; x_wconf 93' lang='lat' dir='ltr'><strong>ll</strong></span> <span class='ocrx_word' id='word_1_422' title='bbox 1938 2689 2077 2760; x_wconf 84' lang='lat' dir='ltr'><strong>Opp.</strong></span> <span class='ocrx_word' id='word_1_423' title='bbox 2113 2705 2169 2759; x_wconf 92' lang='lat' dir='ltr'><strong>p.</strong></span> <span class='ocrx_word' id='word_1_424' title='bbox 2203 2688 2329 2753; x_wconf 78' lang='grc'>765,</span> <span class='ocrx_word' id='word_1_425' title='bbox 2362 2689 2594 2754; x_wconf 91' lang='lat' dir='ltr'><strong>notavit,</strong></span> <span class='ocrx_word' id='word_1_426' title='bbox 2625 2689 2799 2745; x_wconf 85' lang='lat' dir='ltr'><strong>libros</strong></span> <span class='ocrx_word' id='word_1_427' title='bbox 2830 2689 2932 2744; x_wconf 88' lang='lat' dir='ltr'><strong>hos</strong></span> <span class='ocrx_word' id='word_1_428' title='bbox 2962 2689 3215 2762; x_wconf 79' lang='lat' dir='ltr'><strong>Nysseni,</strong></span> <span class='ocrx_word' id='word_1_429' title='bbox 3249 2690 3448 2760; x_wconf 79' lang='lat' dir='ltr'><strong>quibus</strong></span> 
     </span>
    </p>
   </div>
   <div class='ocr_carea' id='block_1_57' title="bbox 1868 2768 3449 2851">
    <p class='ocr_par' dir='ltr' id='par_1_57' title="bbox 1868 2768 3449 2851">
     <span class='ocr_line' id='line_1_57' title="bbox 1868 2768 3449 2851; baseline 0.001 -17"><span class='ocrx_word' id='word_1_430' title='bbox 1868 2780 2029 2835; x_wconf 82' lang='lat' dir='ltr'><strong>ﬁdem</strong></span> <span class='ocrx_word' id='word_1_431' title='bbox 2076 2768 2415 2835; x_wconf 79' lang='lat' dir='ltr'><strong>catholicam</strong></span> <span class='ocrx_word' id='word_1_432' title='bbox 2457 2781 2621 2847; x_wconf 89' lang='lat' dir='ltr'><strong>tueri,</strong></span> <span class='ocrx_word' id='word_1_433' title='bbox 2662 2789 2718 2836; x_wconf 92' lang='lat' dir='ltr'><strong>et</strong></span> <span class='ocrx_word' id='word_1_434' title='bbox 2768 2780 2980 2847; x_wconf 85' lang='lat' dir='ltr'><strong>Basilii,</strong></span> <span class='ocrx_word' id='word_1_435' title='bbox 3029 2782 3141 2851; x_wconf 81' lang='lat' dir='ltr'><strong>jam</strong></span> <span class='ocrx_word' id='word_1_436' title='bbox 3184 2780 3449 2848; x_wconf 79' lang='lat' dir='ltr'><strong>defuncti,</strong></span> 
     </span>
    </p>
   </div>
   <div class='ocr_carea' id='block_1_58' title="bbox 1867 2871 3450 2944">
    <p class='ocr_par' dir='ltr' id='par_1_58' title="bbox 1867 2871 3450 2944">
     <span class='ocr_line' id='line_1_58' title="bbox 1867 2871 3450 2944; baseline -0.001 -15"><span class='ocrx_word' id='word_1_437' title='bbox 1867 2889 2008 2944; x_wconf 88' lang='lat' dir='ltr'><strong>opus</strong></span> <span class='ocrx_word' id='word_1_438' title='bbox 2040 2872 2308 2929; x_wconf 86' lang='lat' dir='ltr'><strong>adversus</strong></span> <span class='ocrx_word' id='word_1_439' title='bbox 2337 2871 2668 2927; x_wconf 87' lang='lat' dir='ltr'><strong>Eunomium</strong></span> <span class='ocrx_word' id='word_1_440' title='bbox 2704 2872 2998 2930; x_wconf 79' lang='lat' dir='ltr'><strong>defendere</strong></span> <span class='ocrx_word' id='word_1_441' title='bbox 3040 2872 3450 2940; x_wconf 80' lang='lat' dir='ltr'><strong>instituit,&#39;ncn</strong></span> 
     </span>
    </p>
   </div>
   <div class='ocr_carea' id='block_1_59' title="bbox 180 2962 3453 3063">
    <p class='ocr_par' dir='ltr' id='par_1_59' title="bbox 180 2962 3453 3063">
     <span class='ocr_line' id='line_1_59' title="bbox 180 2962 3453 3063; baseline -0.001 -42"><span class='ocrx_word' id='word_1_442' title='bbox 180 2967 355 3023; x_wconf 85' lang='lat' dir='ltr'><strong>durch</strong></span> <span class='ocrx_word' id='word_1_443' title='bbox 401 2967 651 3038; x_wconf 79' lang='lat' dir='ltr'><strong>Rapbael</strong></span> <span class='ocrx_word' id='word_1_444' title='bbox 680 2965 1003 3033; x_wconf 78' lang='lat' dir='ltr'><strong>ﬂoﬂ’balter,</strong></span> <span class='ocrx_word' id='word_1_445' title='bbox 1031 2968 1152 3023; x_wconf 90' lang='lat' dir='ltr'><strong>sine</strong></span> <span class='ocrx_word' id='word_1_446' title='bbox 1180 2967 1310 3023; x_wconf 82' lang='lat' dir='ltr'><strong>anni</strong></span> <span class='ocrx_word' id='word_1_447' title='bbox 1339 2980 1470 3023; x_wconf 86' lang='lat' dir='ltr'><strong>nota</strong></span> <span class='ocrx_word' id='word_1_448' title='bbox 1506 2969 1672 3041; x_wconf 89' lang='lat' dir='ltr'><strong>(intra</strong></span> <span class='ocrx_word' id='word_1_449' title='bbox 1708 2986 1758 3026; x_wconf 89' lang='lat' dir='ltr'><strong>a.</strong></span> <span class='ocrx_word' id='word_1_450' title='bbox 1792 3004 1837 3063; x_wconf 62' lang='grc' dir='ltr'><em>ε</em></span> <span class='ocrx_word' id='word_1_451' title='bbox 1870 2981 1980 3021; x_wconf 84' lang='lat' dir='ltr'><strong>uno</strong></span> <span class='ocrx_word' id='word_1_452' title='bbox 2007 2966 2171 3059; x_wconf 86' lang='lat' dir='ltr'><strong>modo</strong></span> <span class='ocrx_word' id='word_1_453' title='bbox 2190 2966 2356 3044; x_wconf 79' lang='lat' dir='ltr'><strong>citari</strong></span> <span class='ocrx_word' id='word_1_454' title='bbox 2385 2967 2527 3036; x_wconf 86' lang='lat' dir='ltr'><strong>apud</strong></span> <span class='ocrx_word' id='word_1_455' title='bbox 2557 2974 2769 3023; x_wconf 80' lang='lat' dir='ltr'><strong>veteres</strong></span> <span class='ocrx_word' id='word_1_456' title='bbox 2795 2967 2994 3023; x_wconf 86' lang='lat' dir='ltr'><strong>solere.</strong></span> <span class='ocrx_word' id='word_1_457' title='bbox 3026 2964 3159 3032; x_wconf 81' lang='lat' dir='ltr'><strong>Quae</strong></span> <span class='ocrx_word' id='word_1_458' title='bbox 3183 2965 3328 3021; x_wconf 85' lang='lat' dir='ltr'><strong>enim</strong></span> <span class='ocrx_word' id='word_1_459' title='bbox 3347 2962 3453 3018; x_wconf 85' lang='lat' dir='ltr'><strong>Fa-</strong></span> 
     </span>
    </p>
   </div>
   <div class='ocr_carea' id='block_1_60' title="bbox 185 3054 1767 3129">
    <p class='ocr_par' dir='ltr' id='par_1_60' title="bbox 185 3054 1767 3129">
     <span class='ocr_line' id='line_1_60' title="bbox 185 3054 1767 3129; baseline 0.005 -18"><span class='ocrx_word' id='word_1_460' title='bbox 185 3058 323 3116; x_wconf 76' lang='grc'><strong>1556</strong></span> <span class='ocrx_word' id='word_1_461' title='bbox 346 3069 401 3115; x_wconf 85' lang='lat' dir='ltr'><strong>et</strong></span> <span class='ocrx_word' id='word_1_462' title='bbox 433 3058 621 3129; x_wconf 72' lang='grc'><strong>1562),</strong></span> <span class='ocrx_word' id='word_1_463' title='bbox 651 3059 707 3121; x_wconf 68' lang='grc'>6,</span> <span class='ocrx_word' id='word_1_464' title='bbox 750 3056 818 3114; x_wconf 75' lang='grc' dir='ltr'><strong>ν.</strong></span> <span class='ocrx_word' id='word_1_465' title='bbox 867 3059 1031 3115; x_wconf 86' lang='lat' dir='ltr'><strong>Denis</strong></span> <span class='ocrx_word' id='word_1_466' title='bbox 1073 3058 1255 3114; x_wconf 80' lang='lat' dir='ltr'><strong>Wieus</strong></span> <span class='ocrx_word' id='word_1_467' title='bbox 1298 3054 1633 3117; x_wconf 76' lang='lat' dir='ltr'><strong>Buchdruck.</strong></span> <span class='ocrx_word' id='word_1_468' title='bbox 1669 3061 1767 3119; x_wconf 85' lang='lat' dir='ltr'><strong>Ge-</strong></span> 
     </span>
    </p>
   </div>
   <div class='ocr_carea' id='block_1_61' title="bbox 178 3149 880 3221">
    <p class='ocr_par' dir='ltr' id='par_1_61' title="bbox 178 3149 880 3221">
     <span class='ocr_line' id='line_1_61' title="bbox 178 3149 880 3221; baseline 0.001 -17"><span class='ocrx_word' id='word_1_469' title='bbox 178 3150 432 3215; x_wconf 72' lang='lat' dir='ltr'><strong>schichte,</strong></span> <span class='ocrx_word' id='word_1_470' title='bbox 465 3166 521 3221; x_wconf 89' lang='lat' dir='ltr'><strong>p.</strong></span> <span class='ocrx_word' id='word_1_471' title='bbox 546 3150 673 3206; x_wconf 83' lang='lat'><strong>685.</strong></span> <span class='ocrx_word' id='word_1_472' title='bbox 704 3149 880 3205; x_wconf 66' lang='lat' dir='ltr'><strong>Ilua.</strong></span> 
     </span>
    </p>
   </div>
   <div class='ocr_carea' id='block_1_62' title="bbox 245 3241 1768 3316">
    <p class='ocr_par' dir='ltr' id='par_1_62' title="bbox 245 3241 1768 3316">
     <span class='ocr_line' id='line_1_62' title="bbox 245 3241 1768 3316; baseline 0.003 -19"><span class='ocrx_word' id='word_1_473' title='bbox 245 3242 338 3297; x_wconf 74' lang='grc'><strong>25.</strong></span> <span class='ocrx_word' id='word_1_474' title='bbox 376 3241 446 3297; x_wconf 81' lang='lat' dir='ltr'><strong>In</strong></span> <span class='ocrx_word' id='word_1_475' title='bbox 471 3242 833 3308; x_wconf 76' lang='lat' dir='ltr'><strong>Pentecosten,</strong></span> <span class='ocrx_word' id='word_1_476' title='bbox 856 3243 934 3299; x_wconf 87' lang='lat' dir='ltr'><strong>De</strong></span> <span class='ocrx_word' id='word_1_477' title='bbox 961 3242 1166 3312; x_wconf 83' lang='lat' dir='ltr'><strong>Spiritu</strong></span> <span class='ocrx_word' id='word_1_478' title='bbox 1186 3242 1248 3299; x_wconf 89' lang='lat' dir='ltr'><strong>S.</strong></span> <span class='ocrx_word' id='word_1_479' title='bbox 1285 3245 1380 3315; x_wconf 73' lang='grc' dir='ltr'><strong>(ε),</strong></span> <span class='ocrx_word' id='word_1_480' title='bbox 1414 3261 1468 3316; x_wconf 88' lang='lat' dir='ltr'><strong>p.</strong></span> <span class='ocrx_word' id='word_1_481' title='bbox 1493 3247 1620 3314; x_wconf 86' lang='lat'><strong>976,</strong></span> <span class='ocrx_word' id='word_1_482' title='bbox 1644 3248 1768 3314; x_wconf 84' lang='lat'><strong>977,</strong></span> 
     </span>
    </p>
   </div>
   <div class='ocr_carea' id='block_1_63' title="bbox 182 3330 1775 3405">
    <p class='ocr_par' dir='ltr' id='par_1_63' title="bbox 182 3330 1775 3405">
     <span class='ocr_line' id='line_1_63' title="bbox 182 3330 1775 3405; baseline 0.004 -16"><span class='ocrx_word' id='word_1_483' title='bbox 182 3330 379 3391; x_wconf 84' lang='lat' dir='ltr'><strong>Latine</strong></span> <span class='ocrx_word' id='word_1_484' title='bbox 416 3351 483 3391; x_wconf 75' lang='lat' dir='ltr'><strong>ex</strong></span> <span class='ocrx_word' id='word_1_485' title='bbox 511 3333 758 3404; x_wconf 75' lang='lat' dir='ltr'><strong>ejusdem</strong></span> <span class='ocrx_word' id='word_1_486' title='bbox 790 3334 910 3389; x_wconf 86' lang='lat' dir='ltr'><strong>Zini</strong></span> <span class='ocrx_word' id='word_1_487' title='bbox 943 3338 1212 3392; x_wconf 81' lang='lat' dir='ltr'><strong>versione.</strong></span> <span class='ocrx_word' id='word_1_488' title='bbox 1262 3334 1455 3405; x_wconf 91' lang='lat' dir='ltr'><strong>Incipit</strong></span> <span class='ocrx_word' id='word_1_489' title='bbox 1485 3357 1497 3392; x_wconf 94' lang='lat'><strong>:</strong></span> <span class='ocrx_word' id='word_1_490' title='bbox 1544 3337 1775 3394; x_wconf 86' lang='lat' dir='ltr'><strong>Nullum</strong></span> 
     </span>
    </p>
   </div>
   <div class='ocr_carea' id='block_1_64' title="bbox 176 3424 1774 3500">
    <p class='ocr_par' dir='ltr' id='par_1_64' title="bbox 176 3424 1774 3500">
     <span class='ocr_line' id='line_1_64' title="bbox 176 3424 1774 3500; baseline 0.003 -21"><span class='ocrx_word' id='word_1_491' title='bbox 176 3436 255 3479; x_wconf 83' lang='lat' dir='ltr'><strong>est</strong></span> <span class='ocrx_word' id='word_1_492' title='bbox 288 3434 401 3478; x_wconf 82' lang='lat' dir='ltr'><strong><em>tam</em></strong></span> <span class='ocrx_word' id='word_1_493' title='bbox 431 3426 643 3479; x_wconf 84' lang='lat' dir='ltr'><strong>clarum</strong></span> <span class='ocrx_word' id='word_1_494' title='bbox 672 3424 994 3479; x_wconf 75' lang='lat' dir='ltr'><strong>celebritatis</strong></span> <span class='ocrx_word' id='word_1_495' title='bbox 1037 3435 1422 3495; x_wconf 78' lang='lat' dir='ltr'><strong>argumentum.</strong></span> <span class='ocrx_word' id='word_1_496' title='bbox 1451 3425 1638 3483; x_wconf 72' lang='lat' dir='ltr'><strong>Graece</strong></span> <span class='ocrx_word' id='word_1_497' title='bbox 1661 3430 1774 3500; x_wconf 86' lang='lat' dir='ltr'><strong>pri—</strong></span> 
     </span>
    </p>
   </div>
   <div class='ocr_carea' id='block_1_65' title="bbox 181 3513 1773 3577">
    <p class='ocr_par' dir='ltr' id='par_1_65' title="bbox 181 3513 1773 3577">
     <span class='ocr_line' id='line_1_65' title="bbox 181 3513 1773 3577; baseline 0.005 -8"><span class='ocrx_word' id='word_1_498' title='bbox 181 3531 303 3572; x_wconf 84' lang='lat' dir='ltr'><strong>mus</strong></span> <span class='ocrx_word' id='word_1_499' title='bbox 337 3533 406 3573; x_wconf 80' lang='lat' dir='ltr'><strong>ex</strong></span> <span class='ocrx_word' id='word_1_500' title='bbox 458 3518 639 3571; x_wconf 81' lang='lat' dir='ltr'><strong>tribus</strong></span> <span class='ocrx_word' id='word_1_501' title='bbox 674 3514 836 3571; x_wconf 83' lang='lat' dir='ltr'><strong>codd.</strong></span> <span class='ocrx_word' id='word_1_502' title='bbox 877 3513 1124 3572; x_wconf 84' lang='lat' dir='ltr'><strong>Vatican.</strong></span> <span class='ocrx_word' id='word_1_503' title='bbox 1166 3533 1290 3572; x_wconf 88' lang='lat' dir='ltr'><strong>cum</strong></span> <span class='ocrx_word' id='word_1_504' title='bbox 1337 3532 1479 3573; x_wconf 87' lang='lat' dir='ltr'><strong>nova</strong></span> <span class='ocrx_word' id='word_1_505' title='bbox 1521 3520 1773 3577; x_wconf 84' lang='lat' dir='ltr'><strong>versione</strong></span> 
     </span>
    </p>
   </div>
   <div class='ocr_carea' id='block_1_66' title="bbox 183 3606 1775 3678">
    <p class='ocr_par' dir='ltr' id='par_1_66' title="bbox 183 3606 1775 3678">
     <span class='ocr_line' id='line_1_66' title="bbox 183 3606 1775 3678; baseline 0.004 -18"><span class='ocrx_word' id='word_1_506' title='bbox 183 3623 281 3662; x_wconf 78' lang='lat' dir='ltr'><strong>sua</strong></span> <span class='ocrx_word' id='word_1_507' title='bbox 316 3609 495 3663; x_wconf 78' lang='lat' dir='ltr'><strong>edidit</strong></span> <span class='ocrx_word' id='word_1_508' title='bbox 523 3606 687 3661; x_wconf 84' lang='lat' dir='ltr'><strong>Laur.</strong></span> <span class='ocrx_word' id='word_1_509' title='bbox 724 3607 1065 3678; x_wconf 79' lang='lat' dir='ltr'><strong>Zaccagnius</strong></span> <span class='ocrx_word' id='word_1_510' title='bbox 1106 3609 1162 3663; x_wconf 90' lang='lat' dir='ltr'><strong>in</strong></span> <span class='ocrx_word' id='word_1_511' title='bbox 1199 3607 1548 3667; x_wconf 81' lang='lat' dir='ltr'><strong>Collectaneis</strong></span> <span class='ocrx_word' id='word_1_512' title='bbox 1588 3629 1775 3667; x_wconf 76' lang='lat' dir='ltr'><strong>monu-</strong></span> 
     </span>
    </p>
   </div>
   <div class='ocr_carea' id='block_1_67' title="bbox 186 3698 1770 3775">
    <p class='ocr_par' dir='ltr' id='par_1_67' title="bbox 186 3698 1770 3775">
     <span class='ocr_line' id='line_1_67' title="bbox 186 3698 1770 3775; baseline 0.004 -22"><span class='ocrx_word' id='word_1_513' title='bbox 186 3710 481 3753; x_wconf 72' lang='lat' dir='ltr'><strong>mentorum</strong></span> <span class='ocrx_word' id='word_1_514' title='bbox 516 3709 764 3755; x_wconf 71' lang='lat' dir='ltr'><strong>ceterum.</strong></span> <span class='ocrx_word' id='word_1_515' title='bbox 794 3698 954 3753; x_wconf 77' lang='lat' dir='ltr'><strong>Rom.</strong></span> <span class='ocrx_word' id='word_1_516' title='bbox 986 3699 1148 3765; x_wconf 84' lang='lat' dir='ltr'><strong>I699,</strong></span> <span class='ocrx_word' id='word_1_517' title='bbox 1184 3700 1240 3766; x_wconf 70' lang='grc'>4,</span> <span class='ocrx_word' id='word_1_518' title='bbox 1270 3717 1322 3770; x_wconf 91' lang='lat' dir='ltr'><strong>p.</strong></span> <span class='ocrx_word' id='word_1_519' title='bbox 1356 3702 1463 3756; x_wconf 68' lang='grc'><strong>546</strong></span> <span class='ocrx_word' id='word_1_520' title='bbox 1490 3746 1503 3758; x_wconf 95' lang='grc'><strong>.</strong></span> <span class='ocrx_word' id='word_1_521' title='bbox 1539 3702 1770 3775; x_wconf 83' lang='lat' dir='ltr'><strong>Incipit:</strong></span> 
     </span>
    </p>
   </div>
   <div class='ocr_carea' id='block_1_68' title="bbox 187 3789 1811 3863">
    <p class='ocr_par' dir='ltr' id='par_1_68' title="bbox 187 3789 1811 3863">
     <span class='ocr_line' id='line_1_68' title="bbox 187 3789 1811 3863; baseline 0.007 -22"><span class='ocrx_word' id='word_1_522' title='bbox 187 3789 370 3844; x_wconf 66' lang='grc' dir='ltr'>Πᾶααν</span> <span class='ocrx_word' id='word_1_523' title='bbox 401 3789 596 3861; x_wconf 75' lang='grc' dir='ltr'>ἑορτῆς</span> <span class='ocrx_word' id='word_1_524' title='bbox 626 3790 887 3845; x_wconf 78' lang='grc' dir='ltr'><strong>ὑπόθεσιν</strong></span> <span class='ocrx_word' id='word_1_525' title='bbox 918 3790 1279 3863; x_wconf 72' lang='grc' dir='ltr'>φαιδροτέραν</span> <span class='ocrx_word' id='word_1_526' title='bbox 1310 3794 1340 3846; x_wconf 88' lang='grc' dir='ltr'>ὁ</span> <span class='ocrx_word' id='word_1_527' title='bbox 1366 3794 1530 3849; x_wconf 70' lang='grc' dir='ltr'><strong>Δαϐὶδ</strong></span> <span class='ocrx_word' id='word_1_528' title='bbox 1561 3794 1775 3850; x_wconf 68' lang='grc' dir='ltr'>δι’ὲαυσ</span> <span class='ocrx_word' id='word_1_529' title='bbox 1808 3850 1811 3853; x_wconf 87' lang='grc'><strong>.</strong></span> 
     </span>
    </p>
   </div>
   <div class='ocr_carea' id='block_1_69' title="bbox 184 3881 675 3952">
    <p class='ocr_par' dir='ltr' id='par_1_69' title="bbox 184 3881 675 3952">
     <span class='ocr_line' id='line_1_69' title="bbox 184 3881 675 3952; baseline 0.004 -18"><span class='ocrx_word' id='word_1_530' title='bbox 184 3882 274 3935; x_wconf 75' lang='grc' dir='ltr'><strong>τοῦ</strong></span> <span class='ocrx_word' id='word_1_531' title='bbox 291 3881 675 3952; x_wconf 67' lang='grc' dir='ltr'><strong>ἀπεργάζεται</strong></span> 
     </span>
    </p>
   </div>
   <div class='ocr_carea' id='block_1_70' title="bbox 249 3966 1769 4043">
    <p class='ocr_par' dir='ltr' id='par_1_70' title="bbox 249 3966 1769 4043">
     <span class='ocr_line' id='line_1_70' title="bbox 249 3966 1769 4043; baseline 0.008 -22"><span class='ocrx_word' id='word_1_532' title='bbox 249 3966 339 4021; x_wconf 77' lang='grc'><strong>26.</strong></span> <span class='ocrx_word' id='word_1_533' title='bbox 376 3966 583 4022; x_wconf 80' lang='lat' dir='ltr'><strong>Contra</strong></span> <span class='ocrx_word' id='word_1_534' title='bbox 625 3967 971 4036; x_wconf 74' lang='lat' dir='ltr'><strong>feneratores,</strong></span> <span class='ocrx_word' id='word_1_535' title='bbox 1014 3985 1067 4040; x_wconf 94' lang='lat' dir='ltr'><strong>p.</strong></span> <span class='ocrx_word' id='word_1_536' title='bbox 1092 3970 1352 4036; x_wconf 72' lang='lat'><strong>978-982,</strong></span> <span class='ocrx_word' id='word_1_537' title='bbox 1392 3972 1627 4043; x_wconf 38' lang='lat' dir='ltr'><strong>Latine“</strong></span> <span class='ocrx_word' id='word_1_538' title='bbox 1652 3974 1769 4033; x_wconf 73' lang='lat' dir='ltr'><strong>Jac.</strong></span> 
     </span>
    </p>
   </div>
   <div class='ocr_carea' id='block_1_71' title="bbox 188 4054 1774 4131">
    <p class='ocr_par' dir='ltr' id='par_1_71' title="bbox 188 4054 1774 4131">
     <span class='ocr_line' id='line_1_71' title="bbox 188 4054 1774 4131; baseline 0.008 -20"><span class='ocrx_word' id='word_1_539' title='bbox 188 4054 450 4115; x_wconf 79' lang='lat' dir='ltr'><strong>Grctsero</strong></span> <span class='ocrx_word' id='word_1_540' title='bbox 498 4060 822 4129; x_wconf 84' lang='lat' dir='ltr'><strong>interprete.</strong></span> <span class='ocrx_word' id='word_1_541' title='bbox 877 4060 1078 4131; x_wconf 82' lang='lat' dir='ltr'><strong>Incipit</strong></span> <span class='ocrx_word' id='word_1_542' title='bbox 1121 4081 1134 4115; x_wconf 90' lang='lat'><strong>:</strong></span> <span class='ocrx_word' id='word_1_543' title='bbox 1193 4062 1510 4131; x_wconf 78' lang='lat' dir='ltr'><strong>&quot;ominum,</strong></span> <span class='ocrx_word' id='word_1_544' title='bbox 1563 4068 1774 4124; x_wconf 81' lang='lat' dir='ltr'><strong>virtutis</strong></span> 
     </span>
    </p>
   </div>
   <div class='ocr_carea' id='block_1_72' title="bbox 189 4150 1772 4227">
    <p class='ocr_par' dir='ltr' id='par_1_72' title="bbox 189 4150 1772 4227">
     <span class='ocr_line' id='line_1_72' title="bbox 189 4150 1772 4227; baseline 0.009 -25"><span class='ocrx_word' id='word_1_545' title='bbox 189 4150 572 4218; x_wconf 66' lang='lat' dir='ltr'><strong>studiosorum,</strong></span> <span class='ocrx_word' id='word_1_546' title='bbox 614 4161 667 4206; x_wconf 88' lang='lat' dir='ltr'><strong><em>et</em></strong></span> <span class='ocrx_word' id='word_1_547' title='bbox 706 4152 799 4222; x_wconf 69' lang='lat' dir='ltr'><strong>qui</strong></span> <span class='ocrx_word' id='word_1_548' title='bbox 837 4168 1027 4226; x_wconf 78' lang='lat' dir='ltr'><strong>mores.</strong></span> <span class='ocrx_word' id='word_1_549' title='bbox 1076 4151 1267 4212; x_wconf 75' lang='lat' dir='ltr'><strong>Grzece</strong></span> <span class='ocrx_word' id='word_1_550' title='bbox 1306 4167 1563 4215; x_wconf 84' lang='lat' dir='ltr'><strong>occurret</strong></span> <span class='ocrx_word' id='word_1_551' title='bbox 1608 4158 1772 4227; x_wconf 85' lang='lat' dir='ltr'><strong>infra,</strong></span> 
     </span>
    </p>
   </div>
   <div class='ocr_carea' id='block_1_73' title="bbox 184 4244 409 4300">
    <p class='ocr_par' dir='ltr' id='par_1_73' title="bbox 184 4244 409 4300">
     <span class='ocr_line' id='line_1_73' title="bbox 184 4244 409 4300; baseline 0.022 -5"><span class='ocrx_word' id='word_1_552' title='bbox 184 4257 271 4295; x_wconf 51' lang='grc' dir='ltr'><strong>ειη.</strong></span> <span class='ocrx_word' id='word_1_553' title='bbox 313 4244 409 4300; x_wconf 77' lang='grc'><strong>71.</strong></span> 
     </span>
    </p>
   </div>
   <div class='ocr_carea' id='block_1_74' title="bbox 1874 3038 3453 3126">
    <p class='ocr_par' dir='ltr' id='par_1_74' title="bbox 1874 3038 3453 3126">
     <span class='ocr_line' id='line_1_74' title="bbox 1874 3038 3453 3126; baseline 0.001 -17"><span class='ocrx_word' id='word_1_554' title='bbox 1874 3052 2168 3111; x_wconf 65' lang='grc' dir='ltr'>ςιιιιιιιιέςει</span> <span class='ocrx_word' id='word_1_555' title='bbox 2216 3038 2410 3126; x_wconf 86' lang='lat' dir='ltr'><strong>Ecloge</strong></span> <span class='ocrx_word' id='word_1_556' title='bbox 2454 3056 2732 3111; x_wconf 75' lang='lat' dir='ltr'><strong>Anastasii</strong></span> <span class='ocrx_word' id='word_1_557' title='bbox 2762 3055 2908 3111; x_wconf 89' lang='lat' dir='ltr'><strong>Bibl.</strong></span> <span class='ocrx_word' id='word_1_558' title='bbox 2940 3054 3147 3126; x_wconf 82' lang='lat' dir='ltr'><strong>profert</strong></span> <span class='ocrx_word' id='word_1_559' title='bbox 3192 3071 3257 3111; x_wconf 80' lang='lat' dir='ltr'><strong>ex</strong></span> <span class='ocrx_word' id='word_1_560' title='bbox 3288 3055 3453 3111; x_wconf 88' lang='lat' dir='ltr'><strong>tertio</strong></span> 
     </span>
    </p>
   </div>
   <div class='ocr_carea' id='block_1_75' title="bbox 1870 3144 3446 3219">
    <p class='ocr_par' dir='ltr' id='par_1_75' title="bbox 1870 3144 3446 3219">
     <span class='ocr_line' id='line_1_75' title="bbox 1870 3144 3446 3219; baseline -0.003 -17"><span class='ocrx_word' id='word_1_561' title='bbox 1870 3148 1992 3217; x_wconf 85' lang='lat' dir='ltr'><strong>ejus</strong></span> <span class='ocrx_word' id='word_1_562' title='bbox 2023 3147 2208 3219; x_wconf 90' lang='lat' dir='ltr'><strong>operis</strong></span> <span class='ocrx_word' id='word_1_563' title='bbox 2238 3148 2402 3213; x_wconf 90' lang='lat' dir='ltr'><strong>libro,</strong></span> <span class='ocrx_word' id='word_1_564' title='bbox 2438 3147 2702 3203; x_wconf 87' lang='lat' dir='ltr'><strong>Leontius</strong></span> <span class='ocrx_word' id='word_1_565' title='bbox 2732 3148 2977 3204; x_wconf 88' lang='lat' dir='ltr'><strong>secundo</strong></span> <span class='ocrx_word' id='word_1_566' title='bbox 3010 3148 3151 3202; x_wconf 87' lang='lat' dir='ltr'><strong>libro</strong></span> <span class='ocrx_word' id='word_1_567' title='bbox 3180 3144 3446 3210; x_wconf 87' lang='lat' dir='ltr'><strong>attribuit;</strong></span> 
     </span>
    </p>
   </div>
   <div class='ocr_carea' id='block_1_76' title="bbox 1872 3237 3449 3312">
    <p class='ocr_par' dir='ltr' id='par_1_76' title="bbox 1872 3237 3449 3312">
     <span class='ocr_line' id='line_1_76' title="bbox 1872 3237 3449 3312; baseline -0.002 -18"><span class='ocrx_word' id='word_1_568' title='bbox 1872 3242 2053 3312; x_wconf 89' lang='lat' dir='ltr'><strong>reipsa</strong></span> <span class='ocrx_word' id='word_1_569' title='bbox 2075 3248 2256 3296; x_wconf 79' lang='lat' dir='ltr'><strong>autem</strong></span> <span class='ocrx_word' id='word_1_570' title='bbox 2293 3249 2511 3296; x_wconf 78' lang='lat' dir='ltr'><strong>exstant</strong></span> <span class='ocrx_word' id='word_1_571' title='bbox 2536 3240 2593 3296; x_wconf 89' lang='lat' dir='ltr'><strong>in</strong></span> <span class='ocrx_word' id='word_1_572' title='bbox 2623 3248 2819 3312; x_wconf 87' lang='lat' dir='ltr'><strong>quarto</strong></span> <span class='ocrx_word' id='word_1_573' title='bbox 2848 3241 2981 3296; x_wconf 88' lang='lat' dir='ltr'><strong>edit.</strong></span> <span class='ocrx_word' id='word_1_574' title='bbox 3004 3237 3449 3297; x_wconf 66' lang='lat' dir='ltr'><strong>Graeco-Latina}.</strong></span> 
     </span>
    </p>
   </div>
   <div class='ocr_carea' id='block_1_77' title="bbox 1872 3328 3449 3405">
    <p class='ocr_par' dir='ltr' id='par_1_77' title="bbox 1872 3328 3449 3405">
     <span class='ocr_line' id='line_1_77' title="bbox 1872 3328 3449 3405; baseline -0.004 -17"><span class='ocrx_word' id='word_1_575' title='bbox 1872 3334 2188 3405; x_wconf 86' lang='lat' dir='ltr'><strong>Eodemque</strong></span> <span class='ocrx_word' id='word_1_576' title='bbox 2223 3333 2384 3388; x_wconf 91' lang='lat' dir='ltr'><strong>modo</strong></span> <span class='ocrx_word' id='word_1_577' title='bbox 2418 3333 2473 3388; x_wconf 89' lang='lat' dir='ltr'><strong>in</strong></span> <span class='ocrx_word' id='word_1_578' title='bbox 2527 3333 2718 3403; x_wconf 84' lang='lat' dir='ltr'><strong>quinto</strong></span> <span class='ocrx_word' id='word_1_579' title='bbox 2745 3338 2966 3388; x_wconf 79' lang='lat' dir='ltr'><strong>exstant</strong></span> <span class='ocrx_word' id='word_1_580' title='bbox 2999 3331 3206 3401; x_wconf 83' lang='lat' dir='ltr'><strong>reliqua</strong></span> <span class='ocrx_word' id='word_1_581' title='bbox 3245 3328 3449 3388; x_wconf 88' lang='lat' dir='ltr'><strong>omnia,</strong></span> 
     </span>
    </p>
   </div>
   <div class='ocr_carea' id='block_1_78' title="bbox 1872 3417 3452 3497">
    <p class='ocr_par' dir='ltr' id='par_1_78' title="bbox 1872 3417 3452 3497">
     <span class='ocr_line' id='line_1_78' title="bbox 1872 3417 3452 3497; baseline -0.006 -16"><span class='ocrx_word' id='word_1_582' title='bbox 1872 3441 1995 3497; x_wconf 79' lang='lat' dir='ltr'><strong>quae</strong></span> <span class='ocrx_word' id='word_1_583' title='bbox 2038 3423 2334 3481; x_wconf 89' lang='lat' dir='ltr'><strong>Facundus</strong></span> <span class='ocrx_word' id='word_1_584' title='bbox 2377 3424 2511 3480; x_wconf 88' lang='lat' dir='ltr'><strong>citat</strong></span> <span class='ocrx_word' id='word_1_585' title='bbox 2555 3439 2622 3480; x_wconf 76' lang='lat' dir='ltr'><strong>ex</strong></span> <span class='ocrx_word' id='word_1_586' title='bbox 2661 3433 2883 3495; x_wconf 86' lang='lat' dir='ltr'><strong>quarto.</strong></span> <span class='ocrx_word' id='word_1_587' title='bbox 2929 3422 3161 3479; x_wconf 79' lang='lat' dir='ltr'><strong>Pliotius</strong></span> <span class='ocrx_word' id='word_1_588' title='bbox 3205 3420 3329 3476; x_wconf 90' lang='lat' dir='ltr'><strong>cod.</strong></span> <span class='ocrx_word' id='word_1_589' title='bbox 3383 3417 3452 3473; x_wconf 85' lang='lat' dir='ltr'><strong>VI</strong></span> 
     </span>
    </p>
   </div>
   <div class='ocr_carea' id='block_1_79' title="bbox 1872 3513 3455 3588">
    <p class='ocr_par' dir='ltr' id='par_1_79' title="bbox 1872 3513 3455 3588">
     <span class='ocr_line' id='line_1_79' title="bbox 1872 3513 3455 3588; baseline -0.004 -16"><span class='ocrx_word' id='word_1_590' title='bbox 1872 3516 2212 3573; x_wconf 79' lang='lat' dir='ltr'><strong>Bibliotheca:</strong></span> <span class='ocrx_word' id='word_1_591' title='bbox 2247 3532 2361 3573; x_wconf 75' lang='lat' dir='ltr'><strong>sua:</strong></span> <span class='ocrx_word' id='word_1_592' title='bbox 2382 3532 2523 3587; x_wconf 90' lang='lat' dir='ltr'><strong>opus</strong></span> <span class='ocrx_word' id='word_1_593' title='bbox 2554 3514 2800 3587; x_wconf 82' lang='lat' dir='ltr'><strong>Gregorii</strong></span> <span class='ocrx_word' id='word_1_594' title='bbox 2830 3514 3060 3588; x_wconf 82' lang='lat' dir='ltr'><strong>Nysseni</strong></span> <span class='ocrx_word' id='word_1_595' title='bbox 3092 3514 3263 3585; x_wconf 70' lang='grc' dir='ltr'>Ὑπὲρ</span> <span class='ocrx_word' id='word_1_596' title='bbox 3298 3513 3455 3566; x_wconf 80' lang='grc' dir='ltr'><strong>Βασι-</strong></span> 
     </span>
    </p>
   </div>
   <div class='ocr_carea' id='block_1_80' title="bbox 1873 3602 3454 3679">
    <p class='ocr_par' dir='ltr' id='par_1_80' title="bbox 1873 3602 3454 3679">
     <span class='ocr_line' id='line_1_80' title="bbox 1873 3602 3454 3679; baseline -0.003 -16"><span class='ocrx_word' id='word_1_597' title='bbox 1873 3609 2017 3664; x_wconf 82' lang='grc' dir='ltr'>λείου</span> <span class='ocrx_word' id='word_1_598' title='bbox 2065 3611 2184 3663; x_wconf 83' lang='grc' dir='ltr'><strong>κατ’</strong></span> <span class='ocrx_word' id='word_1_599' title='bbox 2233 3604 2495 3679; x_wconf 79' lang='grc' dir='ltr'><strong>Εὐνομίου</strong></span> <span class='ocrx_word' id='word_1_600' title='bbox 2542 3616 2829 3671; x_wconf 88' lang='lat' dir='ltr'><strong>memorat,</strong></span> <span class='ocrx_word' id='word_1_601' title='bbox 2871 3617 2924 3662; x_wconf 85' lang='lat' dir='ltr'><strong>et</strong></span> <span class='ocrx_word' id='word_1_602' title='bbox 2961 3623 3085 3662; x_wconf 75' lang='lat' dir='ltr'><strong>mox</strong></span> <span class='ocrx_word' id='word_1_603' title='bbox 3123 3606 3312 3662; x_wconf 88' lang='lat' dir='ltr'><strong>codice</strong></span> <span class='ocrx_word' id='word_1_604' title='bbox 3359 3602 3454 3658; x_wconf 89' lang='lat' dir='ltr'><strong>VII</strong></span> 
     </span>
    </p>
   </div>
   <div class='ocr_carea' id='block_1_81' title="bbox 1874 3696 3452 3770">
    <p class='ocr_par' dir='ltr' id='par_1_81' title="bbox 1874 3696 3452 3770">
     <span class='ocr_line' id='line_1_81' title="bbox 1874 3696 3452 3770; baseline -0.003 -15"><span class='ocrx_word' id='word_1_605' title='bbox 1874 3702 2101 3758; x_wconf 86' lang='lat' dir='ltr'><strong>alteram</strong></span> <span class='ocrx_word' id='word_1_606' title='bbox 2136 3700 2284 3754; x_wconf 89' lang='lat' dir='ltr'><strong>illius</strong></span> <span class='ocrx_word' id='word_1_607' title='bbox 2316 3696 2703 3770; x_wconf 81' lang='grc' dir='ltr'><strong>πραγματείαν</strong></span> <span class='ocrx_word' id='word_1_608' title='bbox 2746 3697 2991 3768; x_wconf 88' lang='lat' dir='ltr'><strong>ejusdem</strong></span> <span class='ocrx_word' id='word_1_609' title='bbox 3025 3699 3352 3769; x_wconf 73' lang='lat' dir='ltr'><strong>argumenti,</strong></span> <span class='ocrx_word' id='word_1_610' title='bbox 3393 3700 3452 3752; x_wconf 78' lang='grc' dir='ltr'><strong>ὲν</strong></span> 
     </span>
    </p>
   </div>
   <div class='ocr_carea' id='block_1_82' title="bbox 1873 3785 3453 3865">
    <p class='ocr_par' dir='ltr' id='par_1_82' title="bbox 1873 3785 3453 3865">
     <span class='ocr_line' id='line_1_82' title="bbox 1873 3785 3453 3865; baseline -0.001 -22"><span class='ocrx_word' id='word_1_611' title='bbox 1873 3785 1909 3865; x_wconf 76' lang='grc' dir='ltr'>ᾗ</span> <span class='ocrx_word' id='word_1_612' title='bbox 1940 3787 2301 3859; x_wconf 69' lang='grc' dir='ltr'><strong>λογικώτερον</strong></span> <span class='ocrx_word' id='word_1_613' title='bbox 2329 3787 2582 3859; x_wconf 81' lang='grc' dir='ltr'><strong>Εὑνομίῳ</strong></span> <span class='ocrx_word' id='word_1_614' title='bbox 2605 3786 2948 3859; x_wconf 71' lang='grc' dir='ltr'><strong>συμπλακεὶς</strong></span> <span class='ocrx_word' id='word_1_615' title='bbox 2975 3789 3116 3843; x_wconf 82' lang='grc' dir='ltr'>κατὰ</span> <span class='ocrx_word' id='word_1_616' title='bbox 3143 3789 3341 3861; x_wconf 76' lang='grc' dir='ltr'><strong>κράτος</strong></span> <span class='ocrx_word' id='word_1_617' title='bbox 3367 3791 3453 3842; x_wconf 83' lang='grc' dir='ltr'><strong>αἱ-</strong></span> 
     </span>
    </p>
   </div>
   <div class='ocr_carea' id='block_1_83' title="bbox 1878 3878 3454 3957">
    <p class='ocr_par' dir='ltr' id='par_1_83' title="bbox 1878 3878 3454 3957">
     <span class='ocr_line' id='line_1_83' title="bbox 1878 3878 3454 3957; baseline -0.001 -20"><span class='ocrx_word' id='word_1_618' title='bbox 1878 3885 1980 3957; x_wconf 82' lang='grc' dir='ltr'>ρεῖ,</span> <span class='ocrx_word' id='word_1_619' title='bbox 1999 3882 2177 3937; x_wconf 78' lang='grc' dir='ltr'>πάντα</span> <span class='ocrx_word' id='word_1_620' title='bbox 2197 3880 2295 3936; x_wconf 88' lang='grc' dir='ltr'>σαθ</span> <span class='ocrx_word' id='word_1_621' title='bbox 2304 3879 2487 3954; x_wconf 67' lang='lat' dir='ltr'><strong>prima;</strong></span> <span class='ocrx_word' id='word_1_622' title='bbox 2504 3878 2603 3949; x_wconf 80' lang='grc' dir='ltr'><strong>τῆς</strong></span> <span class='ocrx_word' id='word_1_623' title='bbox 2627 3879 2946 3945; x_wconf 68' lang='grc' dir='ltr'><strong>δυσσεϐείας</strong></span> <span class='ocrx_word' id='word_1_624' title='bbox 2974 3880 3140 3935; x_wconf 79' lang='grc' dir='ltr'>αὐτοῦ</span> <span class='ocrx_word' id='word_1_625' title='bbox 3163 3880 3230 3936; x_wconf 82' lang='grc' dir='ltr'><strong>τὰ</strong></span> <span class='ocrx_word' id='word_1_626' title='bbox 3244 3881 3454 3955; x_wconf 83' lang='grc' dir='ltr'><strong>ὀχυρώ-</strong></span> 
     </span>
    </p>
   </div>
   <div class='ocr_carea' id='block_1_84' title="bbox 1878 3973 3452 4049">
    <p class='ocr_par' dir='ltr' id='par_1_84' title="bbox 1878 3973 3452 4049">
     <span class='ocr_line' id='line_1_84' title="bbox 1878 3973 3452 4049; baseline 0.001 -19"><span class='ocrx_word' id='word_1_627' title='bbox 1878 3993 2044 4049; x_wconf 82' lang='grc' dir='ltr'>ματα.</span> <span class='ocrx_word' id='word_1_628' title='bbox 2083 3974 2269 4046; x_wconf 81' lang='lat' dir='ltr'><strong>Neque</strong></span> <span class='ocrx_word' id='word_1_629' title='bbox 2297 3973 2521 4029; x_wconf 87' lang='lat' dir='ltr'><strong>dubium</strong></span> <span class='ocrx_word' id='word_1_630' title='bbox 2550 3981 2653 4037; x_wconf 91' lang='lat' dir='ltr'><strong>est,</strong></span> <span class='ocrx_word' id='word_1_631' title='bbox 2691 3988 2788 4044; x_wconf 89' lang='lat' dir='ltr'><strong>per</strong></span> <span class='ocrx_word' id='word_1_632' title='bbox 2820 3974 3064 4028; x_wconf 81' lang='lat' dir='ltr'><strong>eamdem</strong></span> <span class='ocrx_word' id='word_1_633' title='bbox 3093 3974 3291 4030; x_wconf 88' lang='lat' dir='ltr'><strong>librum</strong></span> <span class='ocrx_word' id='word_1_634' title='bbox 3324 3976 3452 4031; x_wconf 90' lang='lat' dir='ltr'><strong>ulti-</strong></span> 
     </span>
    </p>
   </div>
   <div class='ocr_carea' id='block_1_85' title="bbox 1877 4065 3453 4137">
    <p class='ocr_par' dir='ltr' id='par_1_85' title="bbox 1877 4065 3453 4137">
     <span class='ocr_line' id='line_1_85' title="bbox 1877 4065 3453 4137; baseline 0.001 -14"><span class='ocrx_word' id='word_1_635' title='bbox 1877 4083 2029 4123; x_wconf 87' lang='lat' dir='ltr'><strong>mum</strong></span> <span class='ocrx_word' id='word_1_636' title='bbox 2059 4067 2129 4123; x_wconf 89' lang='lat' dir='ltr'><strong>ab</strong></span> <span class='ocrx_word' id='word_1_637' title='bbox 2156 4081 2223 4122; x_wconf 91' lang='lat' dir='ltr'><strong>eo</strong></span> <span class='ocrx_word' id='word_1_638' title='bbox 2256 4065 2505 4137; x_wconf 80' lang='lat' dir='ltr'><strong>intelligi,</strong></span> <span class='ocrx_word' id='word_1_639' title='bbox 2537 4065 2631 4136; x_wconf 90' lang='lat' dir='ltr'><strong>qui</strong></span> <span class='ocrx_word' id='word_1_640' title='bbox 2671 4066 2886 4122; x_wconf 81' lang='lat' dir='ltr'><strong>caeteris</strong></span> <span class='ocrx_word' id='word_1_641' title='bbox 2914 4067 3168 4123; x_wconf 84' lang='lat' dir='ltr'><strong>omnibus</strong></span> <span class='ocrx_word' id='word_1_642' title='bbox 3207 4076 3295 4124; x_wconf 81' lang='lat' dir='ltr'><strong>est</strong></span> <span class='ocrx_word' id='word_1_643' title='bbox 3330 4068 3453 4125; x_wconf 89' lang='lat' dir='ltr'><strong>Ion-</strong></span> 
     </span>
    </p>
   </div>
   <div class='ocr_carea' id='block_1_86' title="bbox 1878 4152 3453 4229">
    <p class='ocr_par' dir='ltr' id='par_1_86' title="bbox 1878 4152 3453 4229">
     <span class='ocr_line' id='line_1_86' title="bbox 1878 4152 3453 4229; baseline 0.002 -20"><span class='ocrx_word' id='word_1_644' title='bbox 1878 4157 2014 4229; x_wconf 81' lang='lat' dir='ltr'><strong>gior,</strong></span> <span class='ocrx_word' id='word_1_645' title='bbox 2053 4166 2107 4213; x_wconf 92' lang='lat' dir='ltr'><strong>et</strong></span> <span class='ocrx_word' id='word_1_646' title='bbox 2137 4157 2192 4210; x_wconf 90' lang='lat' dir='ltr'><strong>in</strong></span> <span class='ocrx_word' id='word_1_647' title='bbox 2231 4170 2340 4226; x_wconf 87' lang='lat' dir='ltr'><strong>quo</strong></span> <span class='ocrx_word' id='word_1_648' title='bbox 2370 4170 2570 4210; x_wconf 90' lang='lat' dir='ltr'><strong>novum</strong></span> <span class='ocrx_word' id='word_1_649' title='bbox 2600 4170 2726 4213; x_wconf 82' lang='lat' dir='ltr'><strong>cum</strong></span> <span class='ocrx_word' id='word_1_650' title='bbox 2760 4152 3027 4210; x_wconf 90' lang='lat' dir='ltr'><strong>Eunomio</strong></span> <span class='ocrx_word' id='word_1_651' title='bbox 3054 4164 3332 4212; x_wconf 88' lang='lat' dir='ltr'><strong>certamen</strong></span> <span class='ocrx_word' id='word_1_652' title='bbox 3365 4158 3453 4212; x_wconf 83' lang='lat' dir='ltr'><strong>in-</strong></span> 
     </span>
    </p>
   </div>
   <div class='ocr_carea' id='block_1_87' title="bbox 1880 4247 3455 4322">
    <p class='ocr_par' dir='ltr' id='par_1_87' title="bbox 1880 4247 3455 4322">
     <span class='ocr_line' id='line_1_87' title="bbox 1880 4247 3455 4322; baseline 0 -17"><span class='ocrx_word' id='word_1_653' title='bbox 1880 4250 2032 4322; x_wconf 88' lang='lat' dir='ltr'><strong>gredi</strong></span> <span class='ocrx_word' id='word_1_654' title='bbox 2063 4266 2122 4306; x_wconf 90' lang='lat' dir='ltr'><strong>se</strong></span> <span class='ocrx_word' id='word_1_655' title='bbox 2143 4249 2429 4320; x_wconf 82' lang='lat' dir='ltr'><strong>profitetur</strong></span> <span class='ocrx_word' id='word_1_656' title='bbox 2447 4247 2729 4320; x_wconf 82' lang='lat' dir='ltr'><strong>Nyssenus</strong></span> <span class='ocrx_word' id='word_1_657' title='bbox 2749 4248 2804 4302; x_wconf 91' lang='lat' dir='ltr'><strong>in</strong></span> <span class='ocrx_word' id='word_1_658' title='bbox 2832 4248 2949 4319; x_wconf 89' lang='lat' dir='ltr'><strong>ipso</strong></span> <span class='ocrx_word' id='word_1_659' title='bbox 2978 4248 3099 4303; x_wconf 86' lang='lat' dir='ltr'><strong>libri</strong></span> <span class='ocrx_word' id='word_1_660' title='bbox 3123 4249 3344 4306; x_wconf 87' lang='lat' dir='ltr'><strong>limine:</strong></span> <span class='ocrx_word' id='word_1_661' title='bbox 3373 4251 3455 4305; x_wconf 84' lang='grc' dir='ltr'>Τὰ</span> 
     </span>
    </p>
   </div>
   <div class='ocr_carea' id='block_1_88' title="bbox 250 4337 1750 4419">
    <p class='ocr_par' dir='ltr' id='par_1_88' title="bbox 250 4338 1750 4419">
     <span class='ocr_line' id='line_1_88' title="bbox 250 4338 1750 4419; baseline 0.006 -28"><span class='ocrx_word' id='word_1_662' title='bbox 250 4338 346 4395; x_wconf 79' lang='grc'><strong>27.</strong></span> <span class='ocrx_word' id='word_1_663' title='bbox 382 4339 718 4395; x_wconf 76' lang='lat' dir='ltr'><strong>Testimonia</strong></span> <span class='ocrx_word' id='word_1_664' title='bbox 744 4339 809 4395; x_wconf 83' lang='lat' dir='ltr'><strong>de</strong></span> <span class='ocrx_word' id='word_1_665' title='bbox 832 4339 937 4397; x_wconf 87' lang='lat' dir='ltr'><strong>SS.</strong></span> <span class='ocrx_word' id='word_1_666' title='bbox 972 4342 1233 4397; x_wconf 81' lang='lat' dir='ltr'><strong>Trinitate</strong></span> <span class='ocrx_word' id='word_1_667' title='bbox 1262 4356 1331 4398; x_wconf 81' lang='lat' dir='ltr'><strong>ea:</strong></span> <span class='ocrx_word' id='word_1_668' title='bbox 1375 4342 1549 4419; x_wconf 60' lang='lat' dir='ltr'><strong>Veteri</strong></span> <span class='ocrx_word' id='word_1_669' title='bbox 1580 4346 1750 4400; x_wconf 88' lang='lat' dir='ltr'><strong>Testa-</strong></span> 
     </span>
    </p>
   </div>
   <div class='ocr_carea' id='block_1_89' title="bbox 1935 4337 3453 4419">
    <p class='ocr_par' dir='ltr' id='par_1_89' title="bbox 1935 4337 3453 4415">
     <span class='ocr_line' id='line_1_89' title="bbox 1935 4337 3453 4415; baseline 0 -21"><span class='ocrx_word' id='word_1_670' title='bbox 1935 4362 1969 4397; x_wconf 68' lang='grc' dir='ltr'>ιν</span> <span class='ocrx_word' id='word_1_671' title='bbox 1996 4342 2060 4414; x_wconf 81' lang='grc' dir='ltr'>δὴ</span> <span class='ocrx_word' id='word_1_672' title='bbox 2083 4339 2274 4413; x_wconf 75' lang='grc' dir='ltr'>πρῶτα</span> <span class='ocrx_word' id='word_1_673' title='bbox 2301 4339 2409 4394; x_wconf 82' lang='grc' dir='ltr'><strong>τῶν</strong></span> <span class='ocrx_word' id='word_1_674' title='bbox 2437 4339 2572 4411; x_wconf 81' lang='grc' dir='ltr'><strong>πρὸς</strong></span> <span class='ocrx_word' id='word_1_675' title='bbox 2594 4337 2858 4408; x_wconf 81' lang='grc' dir='ltr'><strong>Εὐνόμιον</strong></span> <span class='ocrx_word' id='word_1_676' title='bbox 2879 4337 3106 4407; x_wconf 80' lang='grc' dir='ltr'><strong>ἀγώνων</strong></span> <span class='ocrx_word' id='word_1_677' title='bbox 3132 4339 3330 4405; x_wconf 77' lang='grc' dir='ltr'><strong>ἱκανῶς</strong></span> <span class='ocrx_word' id='word_1_678' title='bbox 3353 4341 3453 4415; x_wconf 72' lang='grc' dir='ltr'><strong>ήδη</strong></span> 
     </span>
    </p>
   </div>
   <div class='ocr_carea' id='block_1_90' title="bbox 184 4412 1767 4504">
    <p class='ocr_par' dir='ltr' id='par_1_90' title="bbox 184 4412 1767 4504">
     <span class='ocr_line' id='line_1_90' title="bbox 184 4412 1767 4504; baseline 0.009 -25"><span class='ocrx_word' id='word_1_679' title='bbox 184 4424 355 4484; x_wconf 70' lang='lat' dir='ltr'><strong>mento</strong></span> <span class='ocrx_word' id='word_1_680' title='bbox 382 4432 642 4486; x_wconf 73' lang='lat' dir='ltr'><strong>adversus</strong></span> <span class='ocrx_word' id='word_1_681' title='bbox 664 4431 992 4503; x_wconf 77' lang='lat' dir='ltr'><strong>Judteosm,</strong></span> <span class='ocrx_word' id='word_1_682' title='bbox 1028 4450 1084 4504; x_wconf 89' lang='lat' dir='ltr'><strong>p.</strong></span> <span class='ocrx_word' id='word_1_683' title='bbox 1116 4433 1244 4500; x_wconf 79' lang='lat'><strong>985,</strong></span> <span class='ocrx_word' id='word_1_684' title='bbox 1266 4412 1399 4489; x_wconf 58' lang='lat'><strong>984:</strong></span> <span class='ocrx_word' id='word_1_685' title='bbox 1434 4433 1648 4502; x_wconf 86' lang='lat' dir='ltr'><strong>Latine,</strong></span> <span class='ocrx_word' id='word_1_686' title='bbox 1682 4439 1767 4493; x_wconf 84' lang='lat' dir='ltr'><strong>in—</strong></span> 
     </span>
    </p>
   </div>
   <div class='ocr_carea' id='block_1_91' title="bbox 180 4519 1769 4595">
    <p class='ocr_par' dir='ltr' id='par_1_91' title="bbox 180 4519 1769 4595">
     <span class='ocr_line' id='line_1_91' title="bbox 180 4519 1769 4595; baseline 0.008 -24"><span class='ocrx_word' id='word_1_687' title='bbox 180 4522 427 4589; x_wconf 83' lang='lat' dir='ltr'><strong>terprete</strong></span> <span class='ocrx_word' id='word_1_688' title='bbox 444 4519 614 4575; x_wconf 88' lang='lat' dir='ltr'><strong>Laur.</strong></span> <span class='ocrx_word' id='word_1_689' title='bbox 637 4520 850 4578; x_wconf 89' lang='lat' dir='ltr'><strong>Sifano.</strong></span> <span class='ocrx_word' id='word_1_690' title='bbox 889 4521 1122 4595; x_wconf 85' lang='lat' dir='ltr'><strong>Incipit:</strong></span> <span class='ocrx_word' id='word_1_691' title='bbox 1156 4524 1301 4580; x_wconf 87' lang='lat' dir='ltr'><strong>Dicit</strong></span> <span class='ocrx_word' id='word_1_692' title='bbox 1331 4525 1499 4581; x_wconf 80' lang='lat' dir='ltr'><strong><em>David</em></strong></span> <span class='ocrx_word' id='word_1_693' title='bbox 1522 4527 1579 4582; x_wconf 83' lang='lat' dir='ltr'><strong>in</strong></span> <span class='ocrx_word' id='word_1_694' title='bbox 1610 4527 1769 4583; x_wconf 83' lang='lat' dir='ltr'><strong>Psal-</strong></span> 
     </span>
    </p>
   </div>
   <div class='ocr_carea' id='block_1_92' title="bbox 182 4610 1773 4684">
    <p class='ocr_par' dir='ltr' id='par_1_92' title="bbox 182 4610 1773 4684">
     <span class='ocr_line' id='line_1_92' title="bbox 182 4610 1773 4684; baseline 0.008 -23"><span class='ocrx_word' id='word_1_695' title='bbox 182 4625 264 4663; x_wconf 69' lang='lat' dir='ltr'><strong><em>mo</em></strong></span> <span class='ocrx_word' id='word_1_696' title='bbox 298 4628 482 4666; x_wconf 73' lang='lat' dir='ltr'><strong>xxxii.</strong></span> <span class='ocrx_word' id='word_1_697' title='bbox 515 4610 706 4668; x_wconf 70' lang='lat' dir='ltr'><strong>Graece</strong></span> <span class='ocrx_word' id='word_1_698' title='bbox 731 4615 940 4684; x_wconf 88' lang='lat' dir='ltr'><strong>primus</strong></span> <span class='ocrx_word' id='word_1_699' title='bbox 972 4631 1038 4672; x_wconf 77' lang='lat' dir='ltr'><strong>ex</strong></span> <span class='ocrx_word' id='word_1_700' title='bbox 1069 4616 1282 4674; x_wconf 88' lang='lat' dir='ltr'><strong>duobus</strong></span> <span class='ocrx_word' id='word_1_701' title='bbox 1311 4617 1595 4674; x_wconf 89' lang='lat' dir='ltr'><strong>codicibus</strong></span> <span class='ocrx_word' id='word_1_702' title='bbox 1623 4618 1773 4677; x_wconf 73' lang='lat' dir='ltr'><strong>Vati-</strong></span> 
     </span>
    </p>
   </div>
   <div class='ocr_carea' id='block_1_93' title="bbox 179 4702 1772 4768">
    <p class='ocr_par' dir='ltr' id='par_1_93' title="bbox 179 4702 1772 4768">
     <span class='ocr_line' id='line_1_93' title="bbox 179 4702 1772 4768; baseline 0.009 -15"><span class='ocrx_word' id='word_1_703' title='bbox 179 4703 336 4759; x_wconf 83' lang='lat' dir='ltr'><strong>canis</strong></span> <span class='ocrx_word' id='word_1_704' title='bbox 383 4718 514 4759; x_wconf 84' lang='lat' dir='ltr'><strong>cum</strong></span> <span class='ocrx_word' id='word_1_705' title='bbox 571 4719 713 4760; x_wconf 84' lang='lat' dir='ltr'><strong>nova</strong></span> <span class='ocrx_word' id='word_1_706' title='bbox 762 4707 1014 4763; x_wconf 84' lang='lat' dir='ltr'><strong>versione</strong></span> <span class='ocrx_word' id='word_1_707' title='bbox 1065 4723 1167 4766; x_wconf 86' lang='lat' dir='ltr'><strong>sua</strong></span> <span class='ocrx_word' id='word_1_708' title='bbox 1219 4709 1390 4766; x_wconf 85' lang='lat' dir='ltr'><strong>edidit</strong></span> <span class='ocrx_word' id='word_1_709' title='bbox 1445 4702 1772 4768; x_wconf 79' lang='lat' dir='ltr'><strong>Laurentius</strong></span> 
     </span>
    </p>
   </div>
   <div class='ocr_carea' id='block_1_94' title="bbox 176 4877 1773 4960">
    <p class='ocr_par' dir='ltr' id='par_1_94' title="bbox 176 4877 1773 4960">
     <span class='ocr_line' id='line_1_94' title="bbox 176 4877 1773 4960; baseline 0.007 -24"><span class='ocrx_word' id='word_1_710' title='bbox 176 4877 452 4939; x_wconf 72' lang='lat' dir='ltr'><strong>Letoinm.</strong></span> <span class='ocrx_word' id='word_1_711' title='bbox 480 4913 556 4960; x_wconf 66' lang='lat'><strong>:-</strong></span> <span class='ocrx_word' id='word_1_712' title='bbox 580 4881 641 4938; x_wconf 94' lang='lat' dir='ltr'><strong>In</strong></span> <span class='ocrx_word' id='word_1_713' title='bbox 688 4883 813 4960; x_wconf 85' lang='lat' dir='ltr'><strong>cod_.</strong></span> <span class='ocrx_word' id='word_1_714' title='bbox 842 4882 1048 4950; x_wconf 76' lang='lat' dir='ltr'><strong>XVIII,</strong></span> <span class='ocrx_word' id='word_1_715' title='bbox 1096 4901 1183 4941; x_wconf 89' lang='lat' dir='ltr'><strong>nr.</strong></span> <span class='ocrx_word' id='word_1_716' title='bbox 1201 4885 1257 4955; x_wconf 66' lang='lat'><strong>4;</strong></span> <span class='ocrx_word' id='word_1_717' title='bbox 1292 4886 1561 4960; x_wconf 74' lang='lat' dir='ltr'><strong>Excerpta</strong></span> <span class='ocrx_word' id='word_1_718' title='bbox 1629 4892 1773 4948; x_wconf 87' lang='lat' dir='ltr'><strong>inter</strong></span> 
     </span>
    </p>
   </div>
   <div class='ocr_carea' id='block_1_95' title="bbox 176 4952 1775 5027">
    <p class='ocr_par' dir='ltr' id='par_1_95' title="bbox 176 4952 1775 5027">
     <span class='ocr_line' id='line_1_95' title="bbox 176 4952 1775 5027; baseline 0.004 -18"><span class='ocrx_word' id='word_1_719' title='bbox 176 4964 434 5027; x_wconf 58' lang='lat' dir='ltr'><strong>veterum</strong></span> <span class='ocrx_word' id='word_1_720' title='bbox 491 4952 720 5010; x_wconf 86' lang='lat' dir='ltr'><strong>Patrum</strong></span> <span class='ocrx_word' id='word_1_721' title='bbox 774 4955 1084 5027; x_wconf 56' lang='lat' dir='ltr'><strong>fragmenta</strong></span> <span class='ocrx_word' id='word_1_722' title='bbox 1100 4952 1417 5027; x_wconf 72' lang='lat' dir='ltr'><strong>canonica.</strong></span> <span class='ocrx_word' id='word_1_723' title='bbox 1470 4952 1550 5015; x_wconf 58' lang='lat' dir='ltr'><strong>&#39;V.</strong></span> <span class='ocrx_word' id='word_1_724' title='bbox 1617 4961 1775 5016; x_wconf 89' lang='lat' dir='ltr'><strong>Lam-</strong></span> 
     </span>
    </p>
   </div>
   <div class='ocr_carea' id='block_1_96' title="bbox 176 5020 1771 5101">
    <p class='ocr_par' dir='ltr' id='par_1_96' title="bbox 176 5020 1771 5101">
     <span class='ocr_line' id='line_1_96' title="bbox 176 5020 1771 5101; baseline 0.006 -24"><span class='ocrx_word' id='word_1_725' title='bbox 176 5020 298 5078; x_wconf 80' lang='lat' dir='ltr'><strong>bec.</strong></span> <span class='ocrx_word' id='word_1_726' title='bbox 352 5023 472 5101; x_wconf 71' lang='lat' dir='ltr'><strong>VI,</strong></span> <span class='ocrx_word' id='word_1_727' title='bbox 522 5033 682 5101; x_wconf 87' lang='lat' dir='ltr'><strong>_part.</strong></span> <span class='ocrx_word' id='word_1_728' title='bbox 714 5020 976 5101; x_wconf 64' lang='lat' dir='ltr'><strong>_r,__p_ag.</strong></span> <span class='ocrx_word' id='word_1_729' title='bbox 1017 5024 1487 5101; x_wconf 74' lang='lat' dir='ltr'><strong>i30_._-—__Integra</strong></span> <span class='ocrx_word' id='word_1_730' title='bbox 1542 5032 1771 5100; x_wconf 86' lang='lat' dir='ltr'><strong>epistola</strong></span> 
     </span>
    </p>
   </div>
   <div class='ocr_carea' id='block_1_97' title="bbox 176 5093 1768 5168">
    <p class='ocr_par' dir='ltr' id='par_1_97' title="bbox 176 5093 1768 5168">
     <span class='ocr_line' id='line_1_97' title="bbox 176 5093 1768 5168; baseline 0.006 -22"><span class='ocrx_word' id='word_1_731' title='bbox 176 5097 481 5168; x_wconf 75' lang='lat' dir='ltr'><strong>canonica,</strong></span> <span class='ocrx_word' id='word_1_732' title='bbox 522 5093 581 5149; x_wconf 76' lang='lat' dir='ltr'><strong>in</strong></span> <span class='ocrx_word' id='word_1_733' title='bbox 611 5095 751 5168; x_wconf 73' lang='lat' dir='ltr'><strong>cod.</strong></span> <span class='ocrx_word' id='word_1_734' title='bbox 776 5093 1082 5168; x_wconf 63' lang='lat' dir='ltr'><strong>XL_IV,__nr.</strong></span> <span class='ocrx_word' id='word_1_735' title='bbox 1108 5097 1201 5151; x_wconf 69' lang='lat'><strong>87.</strong></span> <span class='ocrx_word' id='word_1_736' title='bbox 1238 5096 1305 5155; x_wconf 84' lang='lat' dir='ltr'><strong>V.</strong></span> <span class='ocrx_word' id='word_1_737' title='bbox 1353 5093 1611 5156; x_wconf 69' lang='lat' dir='ltr'><strong>Lambec.</strong></span> <span class='ocrx_word' id='word_1_738' title='bbox 1638 5101 1768 5168; x_wconf 87' lang='lat' dir='ltr'><strong>VIII,</strong></span> 
     </span>
    </p>
   </div>
   <div class='ocr_carea' id='block_1_98' title="bbox 174 5163 1768 5239">
    <p class='ocr_par' dir='ltr' id='par_1_98' title="bbox 174 5163 1768 5239">
     <span class='ocr_line' id='line_1_98' title="bbox 174 5163 1768 5239; baseline 0.005 -20"><span class='ocrx_word' id='word_1_739' title='bbox 174 5176 306 5234; x_wconf 74' lang='lat' dir='ltr'><strong>pag.</strong></span> <span class='ocrx_word' id='word_1_740' title='bbox 332 5165 480 5239; x_wconf 62' lang='grc' dir='ltr'><strong>Δ893.</strong></span> <span class='ocrx_word' id='word_1_741' title='bbox 505 5166 667 5239; x_wconf 81' lang='lat' dir='ltr'><strong>—_ln</strong></span> <span class='ocrx_word' id='word_1_742' title='bbox 700 5167 825 5239; x_wconf 89' lang='lat' dir='ltr'><strong>c_od.</strong></span> <span class='ocrx_word' id='word_1_743' title='bbox 859 5163 1026 5239; x_wconf 73' lang='lat' dir='ltr'><strong>XLV,</strong></span> <span class='ocrx_word' id='word_1_744' title='bbox 1066 5182 1152 5222; x_wconf 91' lang='lat' dir='ltr'><strong>nr.</strong></span> <span class='ocrx_word' id='word_1_745' title='bbox 1194 5168 1250 5239; x_wconf 84' lang='lat'><strong>9,</strong></span> <span class='ocrx_word' id='word_1_746' title='bbox 1301 5169 1356 5223; x_wconf 91' lang='lat' dir='ltr'><strong>in</strong></span> <span class='ocrx_word' id='word_1_747' title='bbox 1388 5186 1498 5239; x_wconf 86' lang='lat' dir='ltr'><strong>quo</strong></span> <span class='ocrx_word' id='word_1_748' title='bbox 1539 5163 1768 5239; x_wconf 76' lang='lat' dir='ltr'><strong>scholia,</strong></span> 
     </span>
    </p>
   </div>
   <div class='ocr_carea' id='block_1_99' title="bbox 176 5235 1845 5307">
    <p class='ocr_par' dir='ltr' id='par_1_99' title="bbox 176 5235 1845 5307">
     <span class='ocr_line' id='line_1_99' title="bbox 176 5235 1845 5307; baseline 0.009 -21"><span class='ocrx_word' id='word_1_749' title='bbox 176 5246 304 5307; x_wconf 56' lang='lat' dir='ltr'><strong>quae</strong></span> <span class='ocrx_word' id='word_1_750' title='bbox 332 5236 389 5288; x_wconf 91' lang='lat' dir='ltr'><strong>in</strong></span> <span class='ocrx_word' id='word_1_751' title='bbox 425 5236 693 5307; x_wconf 80' lang='lat' dir='ltr'><strong>synodico</strong></span> <span class='ocrx_word' id='word_1_752' title='bbox 716 5235 1062 5307; x_wconf 80' lang='lat' dir='ltr'><strong>Balsamonis</strong></span> <span class='ocrx_word' id='word_1_753' title='bbox 1082 5252 1204 5293; x_wconf 85' lang='lat' dir='ltr'><strong>esse</strong></span> <span class='ocrx_word' id='word_1_754' title='bbox 1233 5235 1504 5307; x_wconf 81' lang='lat' dir='ltr'><strong>feruntur,</strong></span> <span class='ocrx_word' id='word_1_755' title='bbox 1543 5235 1773 5299; x_wconf 62' lang='lat' dir='ltr'><strong>Zonaras</strong></span> <span class='ocrx_word' id='word_1_756' title='bbox 1834 5291 1845 5302; x_wconf 93' lang='lat'><strong>.</strong></span> 
     </span>
    </p>
   </div>
   <div class='ocr_carea' id='block_1_100' title="bbox 174 5304 1767 5396">
    <p class='ocr_par' dir='ltr' id='par_1_100' title="bbox 174 5304 1767 5396">
     <span class='ocr_line' id='line_1_100' title="bbox 174 5304 1767 5396; baseline 0.009 -43"><span class='ocrx_word' id='word_1_757' title='bbox 174 5304 533 5369; x_wconf 76' lang='lat' dir='ltr'><strong>trihmnttir,</strong></span> <span class='ocrx_word' id='word_1_758' title='bbox 573 5317 802 5396; x_wconf 50' lang='lat' dir='ltr'><strong>auctore</strong></span> <span class='ocrx_word' id='word_1_759' title='bbox 829 5306 1042 5396; x_wconf 72' lang='lat' dir='ltr'><strong>Kollar.</strong></span> <span class='ocrx_word' id='word_1_760' title='bbox 1079 5307 1132 5396; x_wconf 73' lang='lat' dir='ltr'><strong>in</strong></span> <span class='ocrx_word' id='word_1_761' title='bbox 1165 5304 1767 5396; x_wconf 44' lang='lat' dir='ltr'><strong>‘S‘thRIcul.li‘Iﬂt‘!.€l’lI-1R.</strong></span> 
     </span>
    </p>
   </div>
   <div class='ocr_carea' id='block_1_101' title="bbox 178 5376 1774 5529">
    <p class='ocr_par' dir='ltr' id='par_1_101' title="bbox 178 5376 1774 5529">
     <span class='ocr_line' id='line_1_101' title="bbox 178 5376 1774 5529; baseline 0.001 0"><span class='ocrx_word' id='word_1_762' title='bbox 634 5376 1774 5529; x_wconf 37' lang='lat' dir='ltr'><strong>seel-2:592;italae?ait</strong></span> 
     </span>
    </p>
   </div>
   <div class='ocr_carea' id='block_1_102' title="bbox 179 5510 1770 5591">
    <p class='ocr_par' dir='ltr' id='par_1_102' title="bbox 179 5510 1770 5591">
     <span class='ocr_line' id='line_1_102' title="bbox 179 5510 1770 5591; baseline 0.006 -23"><span class='ocrx_word' id='word_1_763' title='bbox 179 5510 522 5591; x_wconf 57' lang='lat' dir='ltr'><strong>Qublinijp</strong></span> <span class='ocrx_word' id='word_1_764' title='bbox 562 5518 701 5591; x_wconf 55' lang='lat' dir='ltr'><strong>cod.</strong></span> <span class='ocrx_word' id='word_1_765' title='bbox 734 5513 1009 5583; x_wconf 62' lang='lat' dir='ltr'><strong>CXXXV,</strong></span> <span class='ocrx_word' id='word_1_766' title='bbox 1059 5517 1275 5591; x_wconf 66' lang='lat' dir='ltr'><strong>collegii</strong></span> <span class='ocrx_word' id='word_1_767' title='bbox 1330 5520 1387 5576; x_wconf 90' lang='lat' dir='ltr'><strong>S.</strong></span> <span class='ocrx_word' id='word_1_768' title='bbox 1418 5510 1670 5579; x_wconf 61' lang='lat' dir='ltr'><strong>Trinitat.</strong></span> <span class='ocrx_word' id='word_1_769' title='bbox 1719 5524 1770 5577; x_wconf 88' lang='lat' dir='ltr'><strong>in</strong></span> 
     </span>
    </p>
   </div>
   <div class='ocr_carea' id='block_1_103' title="bbox 182 5581 1771 5665">
    <p class='ocr_par' dir='ltr' id='par_1_103' title="bbox 182 5581 1771 5665">
     <span class='ocr_line' id='line_1_103' title="bbox 182 5581 1771 5665; baseline 0.008 -30"><span class='ocrx_word' id='word_1_770' title='bbox 182 5581 970 5665; x_wconf 36' lang='lat' dir='ltr'><strong>Cat.A£odd‘._Anglica,Letc_.,</strong></span> <span class='ocrx_word' id='word_1_771' title='bbox 996 5581 1116 5665; x_wconf 68' lang='lat' dir='ltr'><strong>vol.</strong></span> <span class='ocrx_word' id='word_1_772' title='bbox 1138 5581 1230 5656; x_wconf 51' lang='lat' dir='ltr'><strong>Il,‘</strong></span> <span class='ocrx_word' id='word_1_773' title='bbox 1252 5600 1388 5665; x_wconf 67' lang='lat' dir='ltr'><strong>part.</strong></span> <span class='ocrx_word' id='word_1_774' title='bbox 1425 5609 1485 5655; x_wconf 89' lang='grc' dir='ltr'><strong>ιι,</strong></span> <span class='ocrx_word' id='word_1_775' title='bbox 1526 5610 1644 5665; x_wconf 82' lang='lat' dir='ltr'><strong>pag.</strong></span> <span class='ocrx_word' id='word_1_776' title='bbox 1678 5594 1771 5657; x_wconf 74' lang='grc'><strong>24,</strong></span> 
     </span>
    </p>
   </div>
   <div class='ocr_carea' id='block_1_104' title="bbox 188 5655 1774 5733">
    <p class='ocr_par' dir='ltr' id='par_1_104' title="bbox 188 5655 1774 5733">
     <span class='ocr_line' id='line_1_104' title="bbox 188 5655 1774 5733; baseline 0.004 -24"><span class='ocrx_word' id='word_1_777' title='bbox 188 5668 274 5710; x_wconf 82' lang='lat' dir='ltr'><strong>llr.</strong></span> <span class='ocrx_word' id='word_1_778' title='bbox 306 5655 443 5726; x_wconf 74' lang='lat'><strong>277,</strong></span> <span class='ocrx_word' id='word_1_779' title='bbox 473 5657 571 5721; x_wconf 72' lang='lat'><strong>25,</strong></span> <span class='ocrx_word' id='word_1_780' title='bbox 596 5655 742 5715; x_wconf 73' lang='lat' dir='ltr'><strong>conf.</strong></span> <span class='ocrx_word' id='word_1_781' title='bbox 794 5657 994 5714; x_wconf 86' lang='lat' dir='ltr'><strong>Oudin.</strong></span> <span class='ocrx_word' id='word_1_782' title='bbox 1026 5655 1063 5709; x_wconf 90' lang='lat' dir='ltr'><strong>l.</strong></span> <span class='ocrx_word' id='word_1_783' title='bbox 1114 5674 1164 5712; x_wconf 72' lang='grc' dir='ltr'><strong>υ.</strong></span> <span class='ocrx_word' id='word_1_784' title='bbox 1201 5655 1268 5730; x_wconf 65' lang='grc' dir='ltr'><strong>ρξ</strong></span> <span class='ocrx_word' id='word_1_785' title='bbox 1295 5661 1419 5731; x_wconf 86' lang='grc'><strong>600,</strong></span> <span class='ocrx_word' id='word_1_786' title='bbox 1453 5655 1546 5733; x_wconf 84' lang='grc' dir='ltr'>ιιιιῖ</span> <span class='ocrx_word' id='word_1_787' title='bbox 1583 5655 1774 5720; x_wconf 61' lang='lat' dir='ltr'><strong>contra</strong></span> 
     </span>
    </p>
   </div>
   <div class='ocr_carea' id='block_1_105' title="bbox 1875 4430 3455 4504">
    <p class='ocr_par' dir='ltr' id='par_1_105' title="bbox 1875 4430 3455 4504">
     <span class='ocr_line' id='line_1_105' title="bbox 1875 4430 3455 4504; baseline -0.003 -13"><span class='ocrx_word' id='word_1_788' title='bbox 1875 4435 2014 4492; x_wconf 73' lang='grc' dir='ltr'>κατὰ</span> <span class='ocrx_word' id='word_1_789' title='bbox 2069 4432 2219 4487; x_wconf 81' lang='grc' dir='ltr'>θείαν</span> <span class='ocrx_word' id='word_1_790' title='bbox 2266 4431 2579 4503; x_wconf 83' lang='grc' dir='ltr'>συμμαχίαν</span> <span class='ocrx_word' id='word_1_791' title='bbox 2626 4433 2686 4483; x_wconf 85' lang='grc' dir='ltr'><strong>ὲν</strong></span> <span class='ocrx_word' id='word_1_792' title='bbox 2727 4433 2838 4495; x_wconf 82' lang='grc' dir='ltr'><strong>τοῖς</strong></span> <span class='ocrx_word' id='word_1_793' title='bbox 2899 4430 3136 4500; x_wconf 79' lang='grc' dir='ltr'><strong>φθάσασι.</strong></span> <span class='ocrx_word' id='word_1_794' title='bbox 3178 4432 3455 4504; x_wconf 72' lang='grc' dir='ltr'>διήνυσται</span> 
     </span>
    </p>
   </div>
   <div class='ocr_carea' id='block_1_106' title="bbox 1876 4516 3456 4593">
    <p class='ocr_par' dir='ltr' id='par_1_106' title="bbox 1876 4516 3456 4593">
     <span class='ocr_line' id='line_1_106' title="bbox 1876 4516 3456 4593; baseline -0.001 -13"><span class='ocrx_word' id='word_1_795' title='bbox 1876 4527 2077 4589; x_wconf 78' lang='grc' dir='ltr'><strong>πόνοις.</strong></span> <span class='ocrx_word' id='word_1_796' title='bbox 2113 4521 2312 4578; x_wconf 83' lang='lat' dir='ltr'><strong>Suidas</strong></span> <span class='ocrx_word' id='word_1_797' title='bbox 2334 4523 2401 4577; x_wconf 88' lang='lat' dir='ltr'><strong>de</strong></span> <span class='ocrx_word' id='word_1_798' title='bbox 2418 4522 2678 4592; x_wconf 85' lang='lat' dir='ltr'><strong>Gregorio</strong></span> <span class='ocrx_word' id='word_1_799' title='bbox 2699 4520 2942 4593; x_wconf 85' lang='lat' dir='ltr'><strong>Nysseno</strong></span> <span class='ocrx_word' id='word_1_800' title='bbox 2966 4542 2980 4579; x_wconf 89' lang='lat'><strong>:</strong></span> <span class='ocrx_word' id='word_1_801' title='bbox 3007 4516 3176 4590; x_wconf 72' lang='grc' dir='ltr'><strong>Οὗτος</strong></span> <span class='ocrx_word' id='word_1_802' title='bbox 3197 4523 3456 4592; x_wconf 78' lang='grc' dir='ltr'><strong>συνέταξε</strong></span> 
     </span>
    </p>
   </div>
   <div class='ocr_carea' id='block_1_107' title="bbox 1879 4614 3457 4688">
    <p class='ocr_par' dir='ltr' id='par_1_107' title="bbox 1879 4614 3457 4688">
     <span class='ocr_line' id='line_1_107' title="bbox 1879 4614 3457 4688; baseline -0.003 -13"><span class='ocrx_word' id='word_1_803' title='bbox 1879 4618 1998 4675; x_wconf 83' lang='grc' dir='ltr'><strong>κατ’</strong></span> <span class='ocrx_word' id='word_1_804' title='bbox 2036 4615 2299 4688; x_wconf 79' lang='grc' dir='ltr'><strong>Εὐνομίου</strong></span> <span class='ocrx_word' id='word_1_805' title='bbox 2324 4614 2480 4684; x_wconf 78' lang='grc' dir='ltr'>λόγον</span> <span class='ocrx_word' id='word_1_806' title='bbox 2497 4614 2791 4686; x_wconf 75' lang='grc' dir='ltr'><strong>ἐξαίρετον.</strong></span> <span class='ocrx_word' id='word_1_807' title='bbox 2825 4614 3038 4672; x_wconf 83' lang='lat' dir='ltr'><strong>Citatur</strong></span> <span class='ocrx_word' id='word_1_808' title='bbox 3063 4631 3093 4671; x_wconf 86' lang='lat' dir='ltr'><strong>a</strong></span> <span class='ocrx_word' id='word_1_809' title='bbox 3123 4615 3457 4672; x_wconf 85' lang='lat' dir='ltr'><strong>Theodorito</strong></span> 
     </span>
    </p>
   </div>
   <div class='ocr_carea' id='block_1_108' title="bbox 1881 4706 3452 4781">
    <p class='ocr_par' dir='ltr' id='par_1_108' title="bbox 1881 4706 3452 4781">
     <span class='ocr_line' id='line_1_108' title="bbox 1881 4706 3452 4781; baseline -0.004 -12"><span class='ocrx_word' id='word_1_810' title='bbox 1881 4713 1939 4768; x_wconf 90' lang='lat' dir='ltr'><strong>in</strong></span> <span class='ocrx_word' id='word_1_811' title='bbox 2008 4709 2213 4780; x_wconf 86' lang='lat' dir='ltr'><strong>Dialog.</strong></span> <span class='ocrx_word' id='word_1_812' title='bbox 2307 4707 2365 4781; x_wconf 71' lang='grc' dir='ltr'>[ιι</span> <span class='ocrx_word' id='word_1_813' title='bbox 2444 4706 2802 4764; x_wconf 84' lang='lat' dir='ltr'><strong>Damasceno.</strong></span> <span class='ocrx_word' id='word_1_814' title='bbox 2885 4706 2953 4762; x_wconf 86' lang='lat' dir='ltr'><strong>V.</strong></span> <span class='ocrx_word' id='word_1_815' title='bbox 3025 4708 3132 4764; x_wconf 89' lang='lat' dir='ltr'><strong>vol.</strong></span> <span class='ocrx_word' id='word_1_816' title='bbox 3193 4706 3327 4772; x_wconf 91' lang='lat' dir='ltr'><strong>Vlll,</strong></span> <span class='ocrx_word' id='word_1_817' title='bbox 3398 4724 3452 4778; x_wconf 92' lang='lat' dir='ltr'><strong>p.</strong></span> 
     </span>
    </p>
   </div>
   <div class='ocr_carea' id='block_1_109' title="bbox 1874 4882 3454 4957">
    <p class='ocr_par' dir='ltr' id='par_1_109' title="bbox 1874 4882 3454 4957">
     <span class='ocr_line' id='line_1_109' title="bbox 1874 4882 3454 4957; baseline -0.001 -14"><span class='ocrx_word' id='word_1_818' title='bbox 1874 4888 2180 4944; x_wconf 83' lang='lat' dir='ltr'><strong>Seultetum</strong></span> <span class='ocrx_word' id='word_1_819' title='bbox 2203 4929 2218 4954; x_wconf 91' lang='lat'><strong>,</strong></span> <span class='ocrx_word' id='word_1_820' title='bbox 2252 4887 2307 4943; x_wconf 93' lang='lat' dir='ltr'><strong>in</strong></span> <span class='ocrx_word' id='word_1_821' title='bbox 2357 4884 2597 4957; x_wconf 74' lang='lat' dir='ltr'><strong>Medulla</strong></span> <span class='ocrx_word' id='word_1_822' title='bbox 2628 4882 2855 4940; x_wconf 83' lang='lat' dir='ltr'><strong>Patrum</strong></span> <span class='ocrx_word' id='word_1_823' title='bbox 2896 4901 3015 4943; x_wconf 86' lang='lat' dir='ltr'><strong>eam</strong></span> <span class='ocrx_word' id='word_1_824' title='bbox 3029 4885 3454 4957; x_wconf 21' lang='lat' dir='ltr'><strong>‘supposititiam</strong></span> 
     </span>
    </p>
   </div>
   <div class='ocr_carea' id='block_1_110' title="bbox 1871 4954 3458 5028">
    <p class='ocr_par' dir='ltr' id='par_1_110' title="bbox 1871 4954 3458 5028">
     <span class='ocr_line' id='line_1_110' title="bbox 1871 4954 3458 5028; baseline -0.002 -14"><span class='ocrx_word' id='word_1_825' title='bbox 1871 4974 1995 5014; x_wconf 87' lang='lat' dir='ltr'><strong>esse</strong></span> <span class='ocrx_word' id='word_1_826' title='bbox 2026 4958 2411 5019; x_wconf 83' lang='lat' dir='ltr'><strong>allirmantem,</strong></span> <span class='ocrx_word' id='word_1_827' title='bbox 2443 4956 2629 5020; x_wconf 89' lang='lat' dir='ltr'><strong>docet,</strong></span> <span class='ocrx_word' id='word_1_828' title='bbox 2663 4972 2833 5012; x_wconf 86' lang='lat' dir='ltr'><strong>vanas</strong></span> <span class='ocrx_word' id='word_1_829' title='bbox 2870 4972 2993 5013; x_wconf 86' lang='lat' dir='ltr'><strong>esse</strong></span> <span class='ocrx_word' id='word_1_830' title='bbox 3021 4954 3252 5028; x_wconf 80' lang='lat' dir='ltr'><strong>Sculteti</strong></span> <span class='ocrx_word' id='word_1_831' title='bbox 3292 4972 3458 5028; x_wconf 79' lang='lat' dir='ltr'><strong>argu-</strong></span> 
     </span>
    </p>
   </div>
   <div class='ocr_carea' id='block_1_111' title="bbox 1871 5027 3457 5097">
    <p class='ocr_par' dir='ltr' id='par_1_111' title="bbox 1871 5027 3457 5097">
     <span class='ocr_line' id='line_1_111' title="bbox 1871 5027 3457 5097; baseline -0.001 -13"><span class='ocrx_word' id='word_1_832' title='bbox 1871 5030 2239 5084; x_wconf 87' lang='lat' dir='ltr'><strong>mentationes</strong></span> <span class='ocrx_word' id='word_1_833' title='bbox 2292 5046 2305 5082; x_wconf 92' lang='lat'><strong>:</strong></span> <span class='ocrx_word' id='word_1_834' title='bbox 2354 5035 2617 5097; x_wconf 74' lang='lat' dir='ltr'><strong>praeterea</strong></span> <span class='ocrx_word' id='word_1_835' title='bbox 2685 5036 2949 5097; x_wconf 75' lang='lat' dir='ltr'><strong>memorat</strong></span> <span class='ocrx_word' id='word_1_836' title='bbox 2990 5027 3139 5097; x_wconf 5' lang='lat' dir='ltr'><strong>pedit.</strong></span> <span class='ocrx_word' id='word_1_837' title='bbox 3198 5027 3457 5097; x_wconf 65' lang='lat' dir='ltr'><strong>Anguista:</strong></span> 
     </span>
    </p>
   </div>
   <div class='ocr_carea' id='block_1_112' title="bbox 1872 5095 3459 5161">
    <p class='ocr_par' dir='ltr' id='par_1_112' title="bbox 1872 5095 3459 5161">
     <span class='ocr_line' id='line_1_112' title="bbox 1872 5095 3459 5161; baseline 0.001 -9"><span class='ocrx_word' id='word_1_838' title='bbox 1872 5097 2087 5156; x_wconf 89' lang='lat' dir='ltr'><strong>Vindel.</strong></span> <span class='ocrx_word' id='word_1_839' title='bbox 2117 5115 2185 5155; x_wconf 79' lang='lat' dir='ltr'><strong>ex</strong></span> <span class='ocrx_word' id='word_1_840' title='bbox 2215 5095 2473 5155; x_wconf 83' lang='lat' dir='ltr'><strong>versione</strong></span> <span class='ocrx_word' id='word_1_841' title='bbox 2500 5096 2752 5152; x_wconf 85' lang='lat' dir='ltr'><strong>Gentiani</strong></span> <span class='ocrx_word' id='word_1_842' title='bbox 2783 5095 3024 5161; x_wconf 86' lang='lat' dir='ltr'><strong>Herveti,</strong></span> <span class='ocrx_word' id='word_1_843' title='bbox 3054 5113 3179 5153; x_wconf 92' lang='lat' dir='ltr'><strong>cum</strong></span> <span class='ocrx_word' id='word_1_844' title='bbox 3210 5095 3459 5153; x_wconf 72' lang='lat' dir='ltr'><strong>oratione</strong></span> 
     </span>
    </p>
   </div>
   <div class='ocr_carea' id='block_1_113' title="bbox 1872 5166 3455 5236">
    <p class='ocr_par' dir='ltr' id='par_1_113' title="bbox 1872 5166 3455 5236">
     <span class='ocr_line' id='line_1_113' title="bbox 1872 5166 3455 5236; baseline 0 -13"><span class='ocrx_word' id='word_1_845' title='bbox 1872 5168 1949 5224; x_wconf 86' lang='lat' dir='ltr'><strong>De</strong></span> <span class='ocrx_word' id='word_1_846' title='bbox 1996 5171 2272 5225; x_wconf 84' lang='lat' dir='ltr'><strong>divinitate</strong></span> <span class='ocrx_word' id='word_1_847' title='bbox 2319 5166 2452 5222; x_wconf 86' lang='lat' dir='ltr'><strong>Filii</strong></span> <span class='ocrx_word' id='word_1_848' title='bbox 2485 5176 2537 5221; x_wconf 89' lang='lat' dir='ltr'><strong>et</strong></span> <span class='ocrx_word' id='word_1_849' title='bbox 2583 5166 2815 5236; x_wconf 85' lang='lat' dir='ltr'><strong>Spiritus</strong></span> <span class='ocrx_word' id='word_1_850' title='bbox 2847 5167 3040 5232; x_wconf 86' lang='lat' dir='ltr'><strong>sancti,</strong></span> <span class='ocrx_word' id='word_1_851' title='bbox 3075 5167 3232 5226; x_wconf 75' lang='grc'>1591.</span> <span class='ocrx_word' id='word_1_852' title='bbox 3280 5167 3455 5224; x_wconf 68' lang='grc' dir='ltr'><strong>ΙΙΑΜ..</strong></span> 
     </span>
    </p>
   </div>
   <div class='ocr_carea' id='block_1_114' title="bbox 1956 5236 3073 5311">
    <p class='ocr_par' dir='ltr' id='par_1_114' title="bbox 1956 5236 3073 5311">
     <span class='ocr_line' id='line_1_114' title="bbox 1956 5236 3073 5311; baseline 0 -17"><span class='ocrx_word' id='word_1_853' title='bbox 1956 5239 2032 5311; x_wconf 86' lang='lat' dir='ltr'><strong>(a)</strong></span> <span class='ocrx_word' id='word_1_854' title='bbox 2060 5239 2201 5311; x_wconf 65' lang='lat' dir='ltr'><strong>Edit.</strong></span> <span class='ocrx_word' id='word_1_855' title='bbox 2233 5254 2291 5311; x_wconf 79' lang='lat' dir='ltr'><strong>a.</strong></span> <span class='ocrx_word' id='word_1_856' title='bbox 2314 5236 2484 5311; x_wconf 64' lang='grc'><strong>⁸1638,</strong></span> <span class='ocrx_word' id='word_1_857' title='bbox 2521 5245 2656 5292; x_wconf 89' lang='lat' dir='ltr'><strong>tom.</strong></span> <span class='ocrx_word' id='word_1_858' title='bbox 2686 5236 2751 5300; x_wconf 92' lang='lat' dir='ltr'><strong>ll,</strong></span> <span class='ocrx_word' id='word_1_859' title='bbox 2788 5251 2911 5308; x_wconf 83' lang='lat' dir='ltr'><strong>pag.</strong></span> <span class='ocrx_word' id='word_1_860' title='bbox 2952 5236 3073 5294; x_wconf 70' lang='grc'>124.</span> 
     </span>
    </p>
   </div>
   <div class='ocr_carea' id='block_1_115' title="bbox 1953 5309 2358 5378">
    <p class='ocr_par' dir='ltr' id='par_1_115' title="bbox 1953 5309 2358 5378">
     <span class='ocr_line' id='line_1_115' title="bbox 1953 5309 2358 5378; baseline 0 -17"><span class='ocrx_word' id='word_1_861' title='bbox 1953 5309 2033 5378; x_wconf 63' lang='grc' dir='ltr'>(ιι</span> <span class='ocrx_word' id='word_1_862' title='bbox 2073 5309 2202 5378; x_wconf 75' lang='lat' dir='ltr'><strong>Pag.</strong></span> <span class='ocrx_word' id='word_1_863' title='bbox 2238 5309 2358 5362; x_wconf 63' lang='grc' dir='ltr'>ιρι).</span> 
     </span>
    </p>
   </div>
   <div class='ocr_carea' id='block_1_116' title="bbox 1954 5378 2457 5452">
    <p class='ocr_par' dir='ltr' id='par_1_116' title="bbox 1954 5378 2457 5452">
     <span class='ocr_line' id='line_1_116' title="bbox 1954 5378 2457 5452; baseline 0 0"><span class='ocrx_word' id='word_1_864' title='bbox 1954 5380 2026 5452; x_wconf 28' lang='grc' dir='ltr'><strong>(σε)</strong></span> <span class='ocrx_word' id='word_1_865' title='bbox 2060 5378 2192 5452; x_wconf 66' lang='lat' dir='ltr'><strong>ras.</strong></span> <span class='ocrx_word' id='word_1_866' title='bbox 2232 5379 2349 5452; x_wconf 57' lang='lat'><strong>@2-</strong></span> <span class='ocrx_word' id='word_1_867' title='bbox 2441 5397 2457 5409; x_wconf 86' lang='lat'><strong>-</strong></span> 
     </span>
    </p>
   </div>
   <div class='ocr_carea' id='block_1_117' title="bbox 1955 5448 2346 5522">
    <p class='ocr_par' dir='ltr' id='par_1_117' title="bbox 1955 5448 2346 5522">
     <span class='ocr_line' id='line_1_117' title="bbox 1955 5448 2346 5522; baseline 0 0"><span class='ocrx_word' id='word_1_868' title='bbox 1955 5448 2030 5522; x_wconf 75' lang='grc' dir='ltr'><strong>(τί)</strong></span> <span class='ocrx_word' id='word_1_869' title='bbox 2060 5448 2189 5522; x_wconf 69' lang='lat' dir='ltr'><strong>Pus-</strong></span> <span class='ocrx_word' id='word_1_870' title='bbox 2226 5450 2346 5522; x_wconf 62' lang='grc' dir='ltr'><strong>ἔδὲο</strong></span> 
     </span>
    </p>
   </div>
   <div class='ocr_carea' id='block_1_118' title="bbox 1954 5518 2348 5589">
    <p class='ocr_par' dir='ltr' id='par_1_118' title="bbox 1954 5518 2348 5589">
     <span class='ocr_line' id='line_1_118' title="bbox 1954 5518 2348 5589; baseline -0.01 -15"><span class='ocrx_word' id='word_1_871' title='bbox 1954 5518 2022 5584; x_wconf 65' lang='lat' dir='ltr'><strong>(e)</strong></span> <span class='ocrx_word' id='word_1_872' title='bbox 2064 5520 2190 5589; x_wconf 86' lang='lat' dir='ltr'><strong>Pag.</strong></span> <span class='ocrx_word' id='word_1_873' title='bbox 2227 5518 2348 5589; x_wconf 71' lang='lat' dir='ltr'><strong>M5.</strong></span> 
     </span>
    </p>
   </div>
   <div class='ocr_carea' id='block_1_119' title="bbox 1955 5588 2349 5661">
    <p class='ocr_par' dir='ltr' id='par_1_119' title="bbox 1955 5588 2349 5661">
     <span class='ocr_line' id='line_1_119' title="bbox 1955 5588 2349 5661; baseline 0 0"><span class='ocrx_word' id='word_1_874' title='bbox 1955 5590 2020 5661; x_wconf 85' lang='grc' dir='ltr'>(ιί</span> <span class='ocrx_word' id='word_1_875' title='bbox 2068 5588 2196 5661; x_wconf 63' lang='grc' dir='ltr'><strong>Ρυς.</strong></span> <span class='ocrx_word' id='word_1_876' title='bbox 2229 5588 2349 5661; x_wconf 62' lang='lat'><strong>153:</strong></span> 
     </span>
    </p>
   </div>
   <div class='ocr_carea' id='block_1_120' title="bbox 1954 5659 2355 5733">
    <p class='ocr_par' dir='ltr' id='par_1_120' title="bbox 1954 5659 2355 5733">
     <span class='ocr_line' id='line_1_120' title="bbox 1954 5659 2355 5733; baseline 0 -20"><span class='ocrx_word' id='word_1_877' title='bbox 1954 5659 2025 5733; x_wconf 65' lang='grc' dir='ltr'><strong>(ρ)</strong></span> <span class='ocrx_word' id='word_1_878' title='bbox 2066 5659 2193 5730; x_wconf 79' lang='lat' dir='ltr'><strong>Pug.</strong></span> <span class='ocrx_word' id='word_1_879' title='bbox 2230 5659 2355 5714; x_wconf 73' lang='lat'><strong>265.</strong></span> 
     </span>
    </p>
   </div>
  </div>
