3768 6000
349 198 421 250 25
1066 218 1087 233 δ
1554 199 1838 255 NUTITIA
1879 199 1970 255 EX
2011 199 2355 257 FABRICIU.
3529 205 3598 259 2b

319 307 477 375 .796,
506 323 595 362 nr.
623 308 707 373 II,
741 326 862 380 pag.
896 310 1002 365 796
1037 323 1140 366 vet.
1171 314 1284 385 ed.]
1319 316 1612 387 multisque
1638 320 1761 387 aliis
1786 327 1934 376 vetc-
1963 326 2008 382 Α
2035 318 2198 374 codd.
2232 317 2493 382 tribuant,
2538 292 2711 386 stylus
2756 312 2941 371 Basilii
2981 315 3149 372 fetum
3191 331 3315 372 esse
3343 315 3597 379 clamitet.

350 400 524 463 ribus,
561 415 795 468 quorum
830 402 945 455 loca
977 405 1183 457 notavit
1232 406 1613 465 Tillemontius
1652 418 1784 467 tom.
1832 409 1921 475 IX,

346 507 400 561 p.
434 490 538 546 579
566 507 707 560 scq.,
740 494 831 563 qui
859 509 911 563 p.
948 493 1054 549 585
1103 498 1346 567 conjicit,
1381 501 1526 570 quod
1561 500 1925 572 Hieronymus

345 597 467 651 cap.
502 582 624 644 128,
656 583 734 637 De
768 582 1031 653 Scriptor.
1063 588 1247 644 eecles.
1269 589 1457 655 refert,
1490 592 1659 647 lectos
1689 592 1925 647 Nazian-

345 686 483 724 zeno
522 680 576 725 et
613 674 715 727 sibi
752 689 783 727 a
832 674 1078 746 Nysseno
1127 678 1249 734 illos
1290 690 1476 735 contra
1510 680 1829 736 Eunomium
1861 682 1926 737 li-

346 762 510 826 bros,
571 764 624 818 id
681 764 882 820 factum
930 767 1441 842 Constantinopoli,
1490 774 1582 829 ubi
1635 775 1926 831 occasione

344 854 561 907 concilii
598 871 649 908 a.
700 856 762 912 C.
797 858 924 922 581,
958 860 1012 914 in
1049 862 1139 915 illa
1174 863 1311 918 urbe
1355 865 1610 919 celebrati
1658 881 1926 920 convene-

348 947 480 999 rint.
517 944 753 1017 Scripsit
784 948 1071 1020 Nyssenus
1099 960 1222 1022 post
1254 952 1442 1008 Basilii
1473 954 1701 1022 obitum,
1737 965 1797 1010 ut
1827 955 1924 1011 Ni-

344 1036 582 1104 cephoro
602 1039 766 1092 etiam
797 1055 872 1102 ιι,
897 1041 984 1107 19,
1010 1040 1177 1106 Hist.,
1196 1042 1699 1108 adnotatum,circa
1721 1062 1772 1101 a.
1795 1047 1920 1102 581.
2007 1041 2015 1049 ’

342 1124 513 1182 Ελωι.
551 1126 667 1183 Hoc
702 1144 862 1199 opus,
893 1133 1037 1202 quod
1065 1136 1574 1203 praestantissimum
1606 1137 1768 1209 Nyss.
1792 1155 1922 1209 ope-

342 1233 467 1271 rum
509 1218 762 1283 habetur,
789 1221 949 1277 docte
988 1231 1043 1276 et
1075 1225 1296 1294 copiose
1333 1236 1616 1281 recensent
1650 1229 1857 1283 Semler
1882 1230 1919 1283 l.

342 1321 394 1361 c.
430 1303 458 1376 §
489 1305 576 1372 99,
601 1322 721 1378 pag.
738 1310 1000 1376 201-219,
1028 1320 1082 1367 et
1116 1312 1436 1369 Schrtnckh.
1479 1331 1599 1387 pag.
1637 1317 1830 1375 28-54.
1852 1349 1922 1358 —

341 1395 440 1453 Est
463 1396 752 1455 Florentiae
794 1401 850 1456 in
897 1403 1029 1459 cod.
1073 1403 1332 1460 Laurent.
1380 1405 1547 1468 XVII,
1577 1408 1713 1477 plut.
1759 1410 1823 1462 6.
1856 1408 1918 1465 ν.

342 1486 580 1542 Bandin.
627 1499 735 1545 cat.
787 1493 946 1549 codd.
976 1493 1074 1549 Gr.
1120 1496 1287 1552 Laur.
1313 1497 1357 1563 I,
1398 1515 1450 1569 p.
1502 1500 1603 1554 I27
1650 1516 1735 1570 sq.
1782 1502 1922 1556 etin

343 1584 464 1633 cod.
509 1578 734 1638 Tanrin.
795 1582 980 1653 LXXI,
1034 1587 1129 1642 Iol.
1169 1588 1296 1643 216.
1348 1589 1410 1644 ν.
1456 1600 1564 1646 cat.
1611 1592 1774 1648 codd.
1823 1591 1917 1648 Gr.

341 1670 510 1724 Taur.
545 1687 603 1741 p.
629 1672 751 1727 I69.
778 1673 955 1733 Haut.

414 1761 508 1816 29.
543 1765 626 1816 Ad
660 1764 998 1821 Eustatltium
1037 1768 1445 1842 (Sebastenum),
1498 1773 1574 1829 De
1605 1773 1709 1830 SS.
1743 1775 1785 1829 Τ
1790 1776 1924 1829 rini-

344 1861 454 1906 tate
489 1862 538 1907 et
584 1865 773 1910 contra
820 1859 1353 1927 Pneumatomacltos,
1403 1864 1542 1934 quod
1583 1864 1816 1934 Spiritus
1862 1866 1921 1922 8.

340 1942 415 2019 sit
436 1941 578 1997 Dens
606 1944 721 2016 (a);
745 1960 776 2012 p
821 1946 1072 2011 459-447,
1106 1965 1229 2003 cum
1252 1951 1501 2007 versione
1527 1951 1804 2008 Laurentii
1836 1953 1893 2008 Si
1912 1983 1925 1994 ι

339 2032 480 2098 fani,
516 2035 610 2089 sed
653 2051 686 2089 a
722 2035 856 2093 Fed.
901 2038 1125 2093 Morello
1165 2042 1466 2111 recognita.
1502 2042 1617 2099 Hoc
1660 2044 1924 2113 scriptum

340 2124 617 2193 integrum
646 2124 761 2187 fere
794 2128 988 2182 iisdem
1025 2131 1208 2186 verbis
1244 2132 1384 2186 inter
1417 2131 1475 2185 S.
1511 2132 1692 2189 Basilii
1722 2136 1927 2205 episto-

341 2216 426 2271 las
464 2218 795 2287 oetogesima
826 2209 1087 2291 [ep-189,
1119 2231 1250 2277 tom.
1295 2223 1384 2289 Ill,
1417 2241 1473 2295 p.
1512 2225 1640 2290 276,
1676 2227 1764 2282 ed.
1791 2226 1927 2282 Gar-

341 2306 508 2379 nier.]
546 2308 766 2379 legitur,
815 2309 1062 2382 Nysseno
1110 2315 1318 2370 rectius
1365 2315 1776 2382 vindicandum,
1824 2318 1927 2373 sub

342 2400 504 2467 cujus
550 2401 769 2456 nomine
816 2402 1017 2457 citatur
1060 2405 1130 2458 ab
1179 2404 1473 2476 Euthymio
1523 2408 1578 2461 in
1637 2407 1922 2476 Panoplia.

342 2489 720 2560 Compositum
768 2492 916 2547 circa
969 2507 1021 2545 a.
1064 2492 1123 2549 C.
1161 2494 1288 2549 580.
1330 2495 1429 2567 [De
1457 2511 1543 2560 eo,
1590 2505 1645 2552 et
1676 2499 1735 2553 I-I
1770 2514 1924 2568 seqq.

342 2578 408 2635 γ.
444 2580 655 2638 Semler
687 2582 720 2637 I.
758 2597 805 2637 c.
836 2583 942 2637 220
968 2600 1050 2654 sq.
1083 2584 1261 2655 Atque
1295 2587 1347 2640 in
1379 2592 1494 2641 not.
1539 2588 1605 2641 ad
1635 2586 1802 2642 Garn.
1839 2589 1925 2643 ed.

343 2672 381 2727 I.
428 2689 478 2727 c.
511 2688 542 2727 a
575 2674 869 2729 scholiaste
909 2674 1006 2729 Gr.
1050 2674 1298 2746 Nysseno
1343 2677 1676 2734 adscribitur
1706 2687 1929 2750 propter

343 2765 618 2822 scribendi
655 2766 942 2830 rationem.
956 2766 1178 2840 HABL.].
1843 2753 1846 2757 9

414 2875 503 2931 50.
528 2878 668 2947 Περὶ
681 2879 788 2933 τοῦ
796 2880 883 2949 μὴ
908 2881 1138 2935 οῑεσθαι
1151 2881 1352 2952 λέγειν
1367 2882 1522 2951 τρεῖς
1541 2885 1682 2937 Θεοέ
1693 2904 1745 2950 ς.
1768 2883 1922 2949 Quod

347 2985 453 3024 non
484 2971 781 3039 putandum
819 2973 887 3026 sit
917 2986 1019 3027 tres
1054 2973 1190 3036 Deos
1219 2974 1326 3028 dici
1364 2985 1624 3040 oportere,
1657 2976 1724 3029 ad
1758 2977 1924 3030 Abla-

347 3063 497 3116 bium
530 3062 632 3134 (ὁ),
664 3079 719 3133 p.
751 3046 1620 3134 117460,ρυιηόῇιιεόθηιδίΐειηί
1652 3069 1921 3121 versione.

345 3152 586 3223 Incipit:
647 3155 822 3224 ’Υμᾶς
869 3155 966 3225 μὲν
1007 3156 1212 3209 δίκαιόν
1255 3159 1371 3211 ἐστι
1394 3162 1522 3222 τοὺς
1554 3159 1920 3231 ἀκμάζοντας.

347 3249 563 3304 Citatur
592 3261 622 3299 a
655 3245 862 3302 Joanne
890 3247 957 3309 II,
992 3262 1151 3317 papa,
1187 3248 1242 3301 in
1277 3251 1521 3317 Epistola
1553 3253 1623 3304 ad
1652 3254 1921 3318 Avienum,

351 3338 553 3408 scripta
604 3351 656 3391 a.
722 3335 784 3392 C.
847 3338 971 3392 532.
1002 3337 1108 3393 Sed
1161 3340 1401 3395 citantur
1436 3344 1598 3397 etiam
1623 3343 1690 3399 ab
1722 3343 1926 3413 Euthy-

352 3429 464 3482 mio
490 3430 545 3483 in
580 3428 844 3496 Panoplia
888 3445 953 3483 ex
998 3429 1245 3500 Nysseno
1279 3431 1348 3485 ad
1372 3433 1675 3499 Ablabium,
1710 3451 1830 3505 qua:
1869 3436 1925 3490 in

350 3522 457 3575 hoc
490 3520 693 3589 scripto
721 3536 830 3574 non
861 3523 1124 3591 reperias.
1163 3521 1328 3577 Fasn.
1374 3524 1565 3581 Exstat
1596 3525 1839 3582 Venetiis
1872 3527 1924 3581 in

352 3612 476 3667 cod.
517 3610 682 3666 Marc.
708 3610 843 3668 DIV.
876 3612 943 3668 V.
974 3612 1151 3670 Catal.
1186 3615 1349 3672 codd.
1380 3617 1475 3672 Gr.
1511 3617 1678 3672 Marc.
1711 3633 1763 3687 p.
1795 3617 1920 3671 267.

352 3704 556 3769 Paris.,
585 3705 640 3760 in
667 3706 801 3761 bibl.
833 3706 996 3763 Publ.
1026 3708 1184 3765 codd.
1219 3708 1505 3764 DLXXXV
1523 3722 1575 3767 et
1591 3708 1922 3774 DLXXXVI,

354 3798 408 3848 in
433 3794 634 3864 quibus
651 3794 804 3864 plura
821 3796 1050 3868 Nysseni
1070 3787 1334 3870 opuscula
1353 3802 1724 3857 continentur.
1749 3800 1922 3855 Haut.

425 3908 514 3965 51.
546 3912 685 3979 Περὶ
717 3911 1002 3982 διαφορᾶς
1032 3915 1248 3981 οὐσίας
1280 3915 1379 3969 καὶ
1404 3915 1816 3982 ὑποστάσεως,
1855 3915 1928 3970 De

354 3999 653 4067 differentia
682 4002 922 4055 essentiw
946 4011 996 4055 et
1029 4002 1390 4072 hypostaseos,
1424 4004 1489 4056 ad
1532 4002 1773 4066 Petrum,
1819 4003 1928 4057 I'ra-

356 4101 496 4146 trem
532 4091 630 4162 (c),
662 4107 714 4161 p.
733 4088 998 4158 160-469,
1026 4109 1149 4147 cum
1174 4095 1426 4149 versione
1453 4093 1697 4160 ejusdem
1728 4092 1925 4149 Sifani.

358 4181 553 4252 Incipit
582 4201 595 4237 :
626 4182 845 4253 Ἐπειδὴ
870 4183 1053 4237 πολλοὶ
1077 4185 1170 4237 τόν
1182 4200 1253 4237 ’τε
1280 4184 1376 4253 τῆς
1407 4184 1592 4248 οὐσίας
1613 4184 1786 4254 λόγον.
1807 4184 1925 4239 'Le-

356 4274 502 4345 gitur
531 4273 664 4338 haec,
689 4274 835 4330 velut
864 4290 894 4329 a
927 4274 983 4329 S.
1012 4275 1214 4331 Basilio
1255 4276 1321 4331 ad
1351 4275 1654 4347 Nyssenum
1696 4276 1924 4347 scripta,

2030 421 2085 466 et
2145 411 2262 480 ipsa
2325 408 2488 464 etiam
2548 406 2792 479 synodus
2852 408 3316 464 Chalcedonensis
3379 409 3595 477 (eoucil.

2030 498 2284 555 Chalced.
2343 508 2491 569 part.
2530 513 2614 562 m,
2660 513 2783 568 cap.
2847 498 2900 562 I,
2963 514 3087 570 pag.
3144 499 3293 570 825),
3340 499 3596 554 Basilium

2031 596 2292 659 agnoscat
2318 589 2564 659 epistola!
2592 598 2901 658 parentem.
2936 588 3109 644 IILBL.

2100 698 2188 753 52.
2219 699 2372 767 Πρὸς
2396 700 2770 767 Σιμπλίκιον,
2804 699 2938 768 περὶ
2964 700 3241 767 πίστεως,
3264 698 3351 753 Ad
3379 698 3599 768 Simpli-

2031 790 2190 855 cium,
2237 789 2541 852 tribunum,
2598 789 2662 842 de
2702 789 2830 859 ﬁde,
2874 791 2989 846 sive
3030 791 3098 845 de
3142 790 3323 855 Patre,
3372 789 3509 845 Filio
3544 800 3599 844 ct

2032 878 2240 950 Spiritu
2272 878 2328 934 S.
2360 879 2461 950 (ά),
2498 895 2552 951 p.
2583 880 2836 943 470-474,
2879 895 3004 934 cum
3037 881 3288 936 versione
3319 878 3595 936 Laurentii

2032 968 2227 1026 Sifani.
2269 969 2465 1041 Incipit
2496 989 2510 1024 :
2565 970 2790 1024 Κελεύει
2818 972 2848 1023 ὁ
2891 970 3022 1035 Θεὸς
3058 971 3274 1025 διά’τοῦ
3295 973 3592 1043 προφήτου.

2027 1062 2196 1118 Notas
2223 1062 2429 1117 Fronto
2474 1061 2703 1117 Ducaaus
2733 1063 2958 1117 addidit.
2993 1062 3274 1119 Prodierat
3320 1078 3446 1118 cum
3475 1063 3596 1118 aliis

2029 1160 2268 1220 quatuor
2292 1150 2519 1222 Nysseni
2541 1152 2842 1220 cpusculis,
2867 1151 3071 1219 Graece,
3098 1153 3268 1224 Lugd.
3291 1154 3409 1208 Bat.
3438 1154 3591 1217 1595,

2028 1245 2082 1299 8.
2124 1244 2373 1315 Magnam
2410 1252 2620 1314 partem
2671 1244 2825 1299 aliert
2867 1245 3185 1316 Euthymius
3226 1245 3279 1299 in
3305 1243 3591 1313 Panoptia,

2029 1338 2206 1393 citans
2226 1335 2530 1407 Nysscnum
2557 1339 2620 1390 ὲκ
2639 1335 2732 1389 τοῦ
2758 1336 2802 1405 β’
2827 1336 2983 1404 λόγου
3004 1335 3099 1389 τοῦ
3124 1335 3260 1405 πρὸς
3277 1335 3596 1406 Σιμπλίκιον

2034 1429 2163 1500 περὶ
2203 1426 2344 1481 υἱοῦ.
2414 1425 2580 1481 Fam.
2628 1426 2778 1481 Inter
2821 1428 2980 1482 codd.
3021 1427 3151 1481 Ant.
3208 1425 3463 1497 Eparehi.
3530 1425 3595 1478 γ.

2027 1516 2135 1571 vol.
2186 1514 2254 1579 X,
2314 1532 2368 1586 p.
2432 1515 2552 1569 482.
2586 1515 2756 1570 -οε
2806 1516 3131 1584 confessione
3184 1516 3240 1571 in
3268 1516 3392 1572 cod.
3419 1516 3593 1572 Paris.

2029 1608 2161 1663 bibl.
2192 1607 2342 1677 publ.
2377 1605 2690 1671 MDCXXX,
2722 1623 2809 1661 nr.
2853 1609 2943 1665 57.
2974 1607 3144 1664 ΒΑΜ..

1954 1682 1994 1736 Β
2092 1697 2181 1752 55.
2219 1698 2408 1768 Λόγος
2436 1698 2834 1766 κατηχητικὸς
2865 1701 2898 1752 ό
2921 1698 3127 1768 μέγας,
3164 1698 3349 1754 Sermo
3377 1713 3598 1768 magna:

2023 1788 2369 1843 catecheticus
2402 1804 2499 1858 pro
2548 1789 2639 1855 iis,
2687 1789 2782 1859 qui
2840 1789 3265 1844 catechumenos
3312 1789 3600 1843 instituere

2023 1877 2241 1943 debent,
2295 1879 2501 1933 divisus
2574 1879 2629 1933 in
2684 1877 2778 1932 LX
2816 1881 2995 1950 capita
3040 1879 3130 1951 (ε),
3166 1895 3292 1951 pag.
3339 1879 3594 1941 474-542,

2024 1984 2148 2024 cum
2182 1971 2438 2024 versione
2477 1969 2729 2024 Gentiani
2761 1969 2998 2035 Herveti,
3025 1970 3278 2040 notisque
3305 1968 3599 2025 Frontonis

2026 2060 2225 2117 Ducaei.
2265 2059 2437 2115 Vertit
2471 2062 2636 2116 etiam
2682 2060 2878 2117 Petrus
2908 2061 3181 2127 Morellus,
3216 2060 3394 2116 Paris.
3434 2060 3597 2121 I568;

2025 2150 2079 2216 8,
2111 2159 2166 2206 et
2209 2151 2402 2208 Petrus
2437 2152 2767 2208 Franciscus
2801 2152 2989 2217 Zinus,
3016 2154 3071 2207 in
3105 2151 3376 2222 Euthymii
3416 2149 3598 2206 Pano-

2024 2242 2156 2310 plia,
2204 2244 2292 2296 cui
2328 2258 2523 2312 magna
2566 2243 2730 2309 hujus
2774 2243 2903 2296 libri
2949 2258 3077 2311 pars
3124 2243 3327 2298 inserta
3372 2243 3600 2312 legitur.

2025 2331 2222 2401 Incipit
2262 2350 2275 2385 :
2332 2333 2390 2384 Ὀ
2428 2332 2530 2400 τῆς
2572 2331 2926 2400 κατηχήσεως
2968 2330 3122 2400 λόγος
3165 2331 3457 2399 ἀναγκαῖος
3501 2331 3601 2402 μέν

2026 2427 2162 2478 ἐστι.
2192 2423 2409 2479 Citatur
2445 2432 2498 2478 et
2533 2439 2561 2477 a
2590 2422 2922 2478 Theodorito
2962 2423 3018 2477 in
3060 2421 3273 2493 Dialtg.
3303 2424 3339 2477 2
3379 2431 3435 2478 et
3461 2424 3517 2490 5,
3548 2431 3601 2478 et

2026 2514 2291 2585 Gregorio
2326 2513 2395 2568 Μ.
2430 2522 2592 2585 atque
2624 2512 2960 2570 Damasceno
2990 2529 3115 2583 opus
3141 2515 3296 2585 plane
3319 2515 3597 2572 eximium.

2027 2606 2077 2660 si
2118 2620 2315 2672 paucos
2342 2620 2513 2658 nwvos
2542 2604 2798 2673 excipias,
2832 2590 2960 2672 quos
2991 2618 3057 2657 ea:
3082 2603 3303 2656 lectione
3351 2602 3599 2673 Origenis

2027 2696 2325 2759 contraxit,
2366 2702 2424 2748 ut
2472 2703 2657 2749 monet
2708 2695 2781 2748 Is.
2833 2692 3190 2749 Casaubonus
3247 2709 3300 2763 p.
3350 2692 3476 2759 116,
3532 2693 3598 2747 ad

2027 2785 2314 2854 epistolam
2345 2782 2599 2853 Nysseni.
2631 2781 2739 2837 Sed
2766 2782 2858 2836 illa
2878 2780 3207 2852 Origeniana
3229 2782 3299 2837 ab
3325 2781 3600 2838 haereticis

2029 2874 2235 2929 inserta
2260 2875 2387 2930 olim
2418 2874 2600 2944 arguit
2636 2874 2695 2929 S.
2736 2872 3063 2937 Germanus,
3092 2871 3248 2927 CPol.
3286 2873 3429 2942 apud
3460 2872 3603 2928 Pho-

2030 2966 2164 3020 tium
2196 2966 2317 3021 cod.
2362 2964 2688 3021 CCXXXIII.
2723 2965 2885 3019 Certe
2916 2964 3018 3020 sub
3048 2962 3208 3018 tinem
3229 2966 3425 3019 adsuta
3450 2967 3601 3021 clau-

2026 3058 2167 3122 sula,
2203 3058 2261 3112 in
2289 3072 2396 3129 qua
2462 3056 2649 3112 Severi
2681 3057 2923 3112 haeretici
2969 3056 3230 3127 Acepbali
3260 3058 3491 3126 mentio,
3535 3074 3597 3114 ex

2026 3148 2297 3205 Theodori
2337 3148 2692 3205 Baitbuensis
2724 3149 2862 3203 libro
2898 3147 2975 3203 De
3012 3148 3390 3204 incarnatione
3419 3149 3603 3206 Domi-

2025 3242 2103 3305 ni,
2157 3243 2373 3312 qualem
2423 3257 2535 3296 non
2571 3239 2729 3306 Beza,
2774 3239 2870 3294 sed
2908 3238 3049 3294 Rob.
3096 3239 3384 3296 Balforeus
3419 3239 3598 3297 Paris.

2026 3332 2185 3395 1599,
2225 3331 2278 3396 8,
2306 3340 2360 3386 et
2393 3331 2624 3386 Dueaeus
2662 3331 2851 3386 edidit.
2884 3330 3017 3386 Vide
3037 3330 3398 3400 Albertinum,
3430 3334 3500 3387 de
3540 3333 3598 3387 S.
3712 3330 3713 3399 l

2026 3420 2367 3476 Eucharistia
2412 3438 2466 3492 p.
2495 3422 2624 3476 486.
2655 3421 2820 3476 Fsun.
2858 3419 2923 3474 ν.
2953 3419 3151 3477 Oudin.
3193 3423 3230 3477 I.
3262 3438 3315 3477 c.
3342 3439 3469 3494 pag.
3501 3424 3604 3479 602
3712 3442 3713 3447 η

2026 3528 2110 3583 sq.
2154 3515 2248 3584 qui
2291 3514 2488 3584 repetit
2530 3515 2708 3569 locum
2759 3515 2979 3585 longum
3010 3514 3167 3572 Iidm.
3206 3516 3525 3585 Aubertini,
3574 3534 3600 3570 a

2029 3602 2282 3660 Fabricio
2306 3606 2533 3660 citatum
2568 3620 2583 3659 :
2616 3603 2743 3659 add.
2776 3603 3095 3660 Schrwckh.
3132 3607 3172 3662 l.
3204 3622 3256 3662 c.
3285 3623 3341 3678 p.
3366 3608 3432 3663 79
3447 3623 3605 3680 sqq.;

2027 3694 2256 3752 Semler.
2286 3698 2323 3753 Ι.
2350 3713 2513 3752 mem.
2543 3713 2599 3769 p.
2625 3697 2732 3754 220
2760 3713 2883 3768 sqq.
2908 3727 2980 3739 —
3010 3697 3307 3769 Gregorius
3329 3714 3435 3754 von
3464 3700 3604 3773 Nys-

2027 3805 2108 3854 sa,
2160 3790 2268 3843 und
2312 3789 2648 3859 Augustinus
2694 3786 2860 3843 Ueber
2901 3786 3001 3842 den
3050 3800 3227 3843 ersten
3268 3789 3603 3845 christlichen

2026 3882 2602 3954 Religionsunterricht.
2621 3883 2733 3935 Au:
2765 3882 2881 3937 dem
2904 3882 3275 3938 Griechischen
3297 3884 3402 3938 und
3418 3883 3603 3940 Latei-

2027 3972 2240 4027 nischen
2259 3969 2518 4023 tibersetst
2549 3970 2669 4037 (von
2715 3968 2998 4042 Glauber.)
3032 3971 3133 4024 Mit
3160 3972 3415 4026 Amnerk.
3445 3972 3601 4045 Lips.

2031 4064 2191 4127 1781,
2220 4061 2346 4130 maj.
2392 4062 2444 4117 8.
2475 4091 2545 4101 —
2569 4061 2759 4117 Exstat
2805 4064 2937 4118 illud
2969 4076 3108 4136 opus
3147 4071 3336 4119 notatu
3378 4066 3602 4136 dignum

2027 4155 2303 4212 Monachii
2334 4154 2386 4208 in
2438 4154 2561 4209 cod.
2592 4152 2811 4208 XXXIX
2844 4156 2978 4211 bibl.
3011 4158 3168 4212 elect.
3194 4155 3261 4212 ν.
3294 4157 3413 4212 Cat.
3436 4160 3603 4214 codd.

2028 4246 2224 4300 Bavar.
2254 4264 2308 4316 p.
2356 4245 2443 4300 11.
2470 4277 2539 4287 --
2562 4245 2821 4316 Augusta:
2854 4245 3064 4323 Vindel.
3101 4255 3240 4303 teste
3280 4247 3515 4305 Beisero
3552 4252 3607 4303 in

358 4365 501 4420 inter
523 4364 711 4420 Basilii
741 4367 1001 4435 epistolas
1034 4367 1309 4421 tricesima
1344 4336 1561 4437 quarta.
1602 4367 1777 4425 Vertit
1805 4336 1905 4422 aut

2054 4341 2153 4393 lat.
2186 4336 2348 4392 codd.
2385 4352 2438 4407 p.
2475 4338 2563 4392 11.
2593 4366 2662 4379 —-
2687 4336 3027 4395 Viudobonae
3062 4341 3116 4394 in
3140 4341 3265 4396 cod.
3293 4340 3485 4406 XVIII,
3520 4359 3607 4397 ur.

360 4451 607 4508 Sil‘anum
633 4451 873 4510 Joannes
895 4457 1066 4520 Cano,
1091 4456 1283 4512 Colon.
1314 4457 1611 4524 1557,1”οι.,
1636 4459 1778 4514 inter
1804 4458 1934 4529 Nys-

360 4543 478 4597 seni
516 4557 683 4613 Opera
709 4542 902 4599 Latine
929 4545 1093 4599 edita.
1128 4544 1293 4602 Fssn.
1342 4546 1630 4618 Reperitur
1667 4550 1721 4603 iu
1758 4550 1933 4604 tribus

360 4632 522 4689 codd.
552 4635 685 4690 bibl.
717 4636 1047 4706 publ.Paris.
1068 4654 1083 4705 ;
1103 4638 1156 4693 in
1179 4639 1301 4694 cod.
1331 4638 1536 4695 Veneto
1561 4639 1731 4695 Marc.
1763 4640 1929 4699 XXII.

362 4724 465 4779 sub
532 4723 719 4781 Basilii
787 4728 1041 4795 nomine;
1092 4745 1304 4786 necnon
1349 4730 1658 4787 Vindobon.
1704 4732 1759 4785 in
1805 4730 1929 4786 cod.

361 4815 565 4872 Caesar.
607 4816 719 4881 LX,
752 4834 837 4874 nr.
866 4820 953 4886 10,
984 4821 1077 4876 ubi
1106 4822 1423 4878 inscribitur
1457 4821 1702 4891 Epistola
1734 4821 1791 4876 S.
1829 4820 1936 4874 Ba-

342 4906 474 4960 ‘silii
500 4905 580 4962 Μ.
619 4908 689 4962 ad
723 4910 946 4978 fratrem
970 4927 1142 4973 suum.
1178 4912 1236 4970 S.
1266 4914 1419 4985 Greg.
1465 4912 1632 4984 Nysa.
1671 4912 1739 4967 V.
1771 4912 1935 4966 Lam-

360 4997 482 5052 bec.
510 4998 748 5066 Comm.,
774 4999 864 5067 III,
897 5018 1019 5073 pag.
1049 5004 1173 5070 275,
1206 5000 1476 5077 imprimis
1504 5005 1708 5059 Kollar.
1733 5004 1787 5058 in
1807 5010 1935 5057 nota

362 5088 434 5142 Δ.
461 5085 653 5143 Exstat
681 5089 737 5144 in
763 5091 896 5147 edit.
917 5092 1100 5148 Basilii
1133 5094 1203 5150 Μ.
1247 5096 1629 5155 Garuicriana,
1665 5101 1795 5146 tom.
1843 5090 1930 5155 Ill,

364 5194 420 5248 p.
450 5179 572 5240 115.
603 5182 764 5250 epist.
793 5183 883 5249 58,
914 5196 1077 5256 atque
1109 5187 1287 5242 editor
1317 5188 1373 5241 in
1403 5194 1532 5241 uota
1561 5184 1602 5238 C
1633 5184 1830 5238 asserit
1865 5183 1931 5235 il-

367 5269 471 5324 lam
499 5270 721 5340 Basilio,
740 5279 884 5346 quod
916 5278 1043 5334 huic
1069 5295 1281 5343 omnes,
1308 5294 1447 5348 quos
1475 5274 1710 5332 contulit
1732 5272 1955 5343 editor,‘

437 5450 517 5539 ‘9‘)
550 5453 689 5539 Edit.
713 5472 773 5539 at
807 5457 966 5527 1658,
999 5466 1129 5515 tom.
1162 5458 1246 5525 III,
1285 5474 1336 5527 p.
1370 5458 1423 5511 6.

434 5520 511 5665 ξὺῖ
543 5521 675 5595 Pag.
707 5527 790 5581 15.

459 5607 486 5645 t'
549 5592 672 5667 Pag.
707 5597 795 5650 28.

2038 4432 2092 4495 5,
2125 4431 2290 4485 multa
2327 4430 2394 4486 de
2419 4446 2484 4485 eo
2512 4431 2792 4486 adnotavit
2821 4431 3026 4486 Kollar.
3067 4431 3122 4485 in
3164 4433 3433 4501 supplem.
3482 4448 3609 4505 pag.

2039 4522 2144 4577 166
2171 4538 2256 4593 sq.
2283 4551 2354 4563 -—
2381 4520 2671 4578 Florentiae
2697 4523 2906 4578 in'cod.
2947 4522 3206 4577 Laurent.
3254 4522 3391 4586 XIII,
3430 4540 3522 4581 nr.
3554 4528 3609 4579 6.

2044 4613 2104 4668 ν.
2132 4613 2362 4667 Bandin.
2392 4613 2484 4678 111,
2513 4629 2567 4683 p.
2596 4615 2720 4669 555.
2750 4643 2816 4654 --
2838 4613 3015 4668 Paris.
3043 4614 3099 4669 in
3140 4614 3271 4669 bibl.
3304 4616 3450 4684 publ.
3481 4618 3608 4672 cod.

2041 4701 2163 4767 MX,
2195 4719 2283 4757 nr.
2312 4702 2366 4756 4.
2389 4733 2461 4743 --
2488 4702 2714 4758 Taurini
2743 4704 2796 4757 in
2825 4704 2957 4759 bibl.
2986 4720 3101 4774 reg.
3132 4705 3255 4759 cod.
3292 4705 3479 4770 LXXI,
3514 4709 3611 4764 [οι.

2037 4794 2127 4857 62,
2165 4804 2220 4850 et
2248 4793 2520 4851 CCLXIX.
2551 4793 2618 4850 ν.
2649 4805 2756 4850 cat.
2790 4796 2951 4851 codd.
2994 4796 3089 4852 Gr.
3133 4795 3360 4852 Taurin.
3404 4814 3458 4867 p.
3510 4801 3615 4855 168

2047 4896 2102 4940 et
2123 4885 2250 4941 575.
2276 4885 2550 4941 Particula
2597 4901 2661 4941 ex
2714 4887 2809 4941 illo
2839 4896 2924 4941 est
2966 4887 3022 4941 in
3055 4886 3316 4957 Liturgiis
3358 4885 3460 4941 SS.
3513 4886 3617 4942 Pa-

2038 4984 2205 5039 trum,
2237 4977 2414 5032 Paris.
2457 4977 2601 5048 apud
2638 4977 2782 5033 Guil.
2820 4977 3122 5035 Morellum.
3169 4977 3262 5034 l'ol.
3295 4978 3422 5034 Vid.
3502 4984 3611 5038 vol.

2037 5067 2175 5134 XIII,
2204 5086 2256 5141 p.
2288 5071 2392 5125 8M
2420 5087 2504 5142 sq.
2538 5070 2710 5126 IIABL.

2108 5184 2198 5237 54.
2242 5184 2382 5252 Περὶ
2414 5186 2755 5254 παρθενίας,
2798 5183 2875 5237 De
2922 5183 3221 5255 virginitate
3260 5181 3433 5248 liber,
3483 5199 3614 5238 cum

2039 5275 2324 5341 praemissa
2361 5276 2600 5346 epistola
2630 5276 3003 5333 exhortatoria
3031 5275 3098 5330 ad
3139 5275 3400 5331 virtutem
3424 5271 3520 5345 (ο,
3555 5289 3613 5347 p.

2107 5454 2184 5521 (ά)
2220 5454 2349 5523 Psg.
2383 5455 2469 5510 58.

2108 5525 2174 5595 (ς)
2214 5524 2340 5595 Pas.

2108 5591 2168 5661 tn
2213 5591 2335 5668 pag.
2374 5593 2490 5647 III.
2561 5606 2577 5672 4
