3768 6000
285 247 361 302 25
745 320 754 327 ο
1500 250 1778 313 NOTITIA
1826 256 1910 312 ex
1961 258 2298 316 FABRICIO.
3468 263 3540 326 ‘3}:

287 362 538 429 515-611,
571 374 696 414 cum
730 362 874 416 notis
906 361 1109 426 Ducazi,
1141 372 1193 417 et
1229 365 1479 421 versione
1513 366 1657 424 Petri
1705 371 1867 426 Gale-
1898 378 1944 434 Α
1971 373 2126 429 bona:
2165 381 2329 438 notae,
2376 382 2431 428 et
2465 381 2522 428 ut
2564 373 2859 444 plurimum
2903 374 2954 426 iu
3001 373 3090 436 iis,
3139 388 3262 443 quae
3305 373 3540 443 alicujus

288 454 431 515 sinii,
461 468 582 522 qua:
605 453 782 507 lucem
812 454 945 507 vidit
980 452 1137 517 Rom.
1170 455 1332 521 1562,
1364 457 1415 521 ι,
1445 472 1534 528 ap.
1569 459 1628 513 P.
1656 459 1863 516 Manut.

283 545 554 600 Praeterea
594 543 744 599 hunc
775 545 977 599 librum
1027 561 1152 599 eum
1187 547 1438 604 versione
1465 565 1567 604 sua
1612 554 1870 622 notisque

282 639 526 709 vulgavit
547 637 790 694 Joannes
815 638 1128 704 Liveneius,
1160 639 1442 711 Antwerp.
1484 657 1550 695 ex
1580 642 1672 697 011‘.
1705 643 1868 699 Plan-

279 729 386 783 tin.
408 727 567 793 1574,
593 727 648 781 4.
666 726 888 796 Incipit:
922 727 980 780 Ὀ
1003 727 1104 798 μὲν
1132 729 1332 791 σκοπὸς
1359 729 1622 798 τοῦλόγου
1647 734 1862 788 ἐστὶν...

278 817 580 887 ἐπιθυμίαν
630 818 732 887 τῆς
795 819 918 870 κατ’
981 818 1185 888 ἀρετὴν
1204 818 1367 889 ζωῆς.
1433 819 1684 890 Scriptus
1717 825 1866 878 circa

279 924 336 965 a.
365 910 428 962 C.
454 908 582 963 571.
612 908 674 963 In
700 908 932 964 Livineii
958 912 1210 966 versione
1233 914 1495 966 nonnulla
1519 917 1866 984 reprehendit

278 1001 478 1054 Billius
507 1001 650 1070 apud
674 999 1059 1057 Possevinum.
1089 998 1255 1056 FABR.
1287 1001 1517 1058 Strenue
1541 1013 1596 1060 et
1622 1007 1866 1062 inconsi-

278 1093 544 1148 deranter
573 1092 945 1157 commendat,
979 1094 1240 1163 abreptus
1269 1097 1666 1150 consuetudine
1691 1105 1746 1151 et
1775 1098 1867 1167 ju-

278 1185 432 1238 dicio
479 1186 735 1250 aliorum,
784 1193 992 1240 mutata
1024 1187 1251 1255 pristina
1298 1189 1590 1256 sententia,
1639 1191 1866 1245 caeliba-

278 1285 419 1331 tum.
451 1274 518 1334 V.
549 1277 872 1334 Schrtnckh.
916 1277 1060 1331 llist.
1106 1277 1306 1333 Eccles.
1347 1289 1490 1349 part.
1519 1297 1637 1346 vm,
1681 1283 1866 1351 p.252
1910 1351 1916 1358 ἢ

278 1385 406 1440 sqq.
433 1379 574 1439 part.
602 1385 717 1434 xrv,
747 1386 803 1440 p.
836 1369 868 1423 6
899 1377 952 1424 et
989 1369 1081 1424 151
1134 1386 1217 1440 sq.
1264 1371 1317 1425 Id
1346 1374 1668 1441 opusculum
1709 1376 1864 1445 abjn-

279 1461 490 1516 dicavit
528 1459 780 1532 Nysseno
809 1459 1124 1528 Scultetus;
1167 1461 1262 1516 sed
1293 1465 1629 1518 contrarium
1665 1467 1863 1521 docent

279 1552 366 1608 Du
393 1552 494 1606 Pin
538 1561 593 1607 et
615 1551 884 1609 Oudinus.
912 1553 1122 1607 Auctor
1151 1569 1306 1609 novae
1329 1554 1463 1610 edit.
1489 1556 1543 1610 in
1569 1557 1718 1625 praef.
1745 1573 1860 1613 rem

279 1647 342 1701 in
371 1646 540 1701 dubio
572 1647 816 1716 reliquit,
851 1661 950 1701 nec
985 1644 1198 1712 Riveto,
1233 1663 1288 1716 p.
1319 1648 1422 1702 547
1446 1664 1528 1717 sq.
1557 1649 1625 1704 de
1648 1665 1705 1704 re
1727 1650 1862 1705 levis

285 1737 548 1791 momenti
579 1736 740 1790 libuit
763 1735 1235 1791 altercari.—Est
1263 1752 1454 1806 opusc.
1483 1739 1534 1791 in
1560 1739 1682 1792 cod.
1710 1741 1861 1808 regio

285 1824 490 1880 Matrit.
534 1817 845 1889 LXXXVII,
891 1839 999 1878 una
1047 1840 1172 1880 cum
1215 1824 1444 1896 Nysseni
1501 1828 1865 1895 explicatione

284 1918 500 1988 apolog.
519 1917 575 1970 in
606 1917 992 1983 Hexaemeron,
1022 1926 1076 1971 et
1110 1916 1181 1970 De
1210 1919 1418 1986 api/icio
1440 1917 1654 1973 hom.V.
1682 1919 1862 1973 Iriart.

285 2015 393 2062 cat.
424 2008 586 2062 codd.
642 2007 845 2061 Matrit.
898 2023 952 2076 p.
1003 2006 1314 2060 556.—It.
1358 2007 1413 2062 in
1461 2008 1584 2062 cod.
1630 2006 1862 2064 LXXIV,

287 2114 400 2154 una
429 2114 552 2154 cum
578 2099 732 2170 Nyss.
756 2099 1004 2168 apologia
1032 2099 1085 2152 in
1123 2097 1503 2163 Hexaemeron,
1533 2106 1587 2153 et
1617 2114 1866 2154 sermone

289 2188 361 2245 In
399 2191 732 2244 dormientes.
781 2189 848 2244 V.
875 2190 1052 2247 Iriart.
1077 2205 1201 2260 pag.
1227 2189 1324 2244 501
1354 2206 1437 2259 sq.
1471 2191 1526 2243 in
1565 2189 1687 2245 cod.
1715 2188 1863 2244 Tau-

285 2285 394 2339 rin.
451 2282 638 2338 LXXI.
679 2282 742 2339 ν.
785 2290 896 2338 cat.
941 2281 1102 2338 codd.
1141 2282 1310 2335 Taur.
1343 2279 1437 2336 Gr.
1478 2296 1532 2350 p.
1565 2280 1692 2344 168,
1725 2289 1780 2336 et
1809 2281 1866 2336 in

281 2377 465 2432 tribus
495 2376 660 2431 codd.
689 2376 823 2430 bibl.
857 2375 1006 2446 publ.
1045 2375 1218 2430 Paris.
1248 2374 1421 2429 Hanc.

353 2469 445 2525 55.
475 2468 673 2522 Decem
702 2469 998 2538 syllogismi
1025 2467 1280 2521 adversus
1312 2466 1634 2521 Manicharos
1666 2466 1766 2536 (a),
1806 2481 1862 2537 p.

280 2555 410 2623 612,
449 2573 578 2612 cum
623 2557 877 2612 versione
921 2555 1215 2612 Frontonis
1259 2555 1464 2622 Duczri,
1506 2557 1668 2624 cujus
1698 2557 1862 2611 etiam

282 2660 426 2705 notae
447 2649 697 2704 videnda
741 2665 796 2719 p.
839 2649 926 2702 17.
958 2649 1189 2718 Incipit:
1226 2649 1293 2701 Ei.’
1325 2666 1378 2702 τι
1408 2649 1473 2703 ἂν
1516 2650 1684 2704 κακὸν
1707 2650 1866 2704 κολα-

283 2741 457 2795 στέον.
493 2740 663 2794 [τηιι.
709 2740 768 2794 1η
790 2741 893 2794 hoc
919 2741 1102 2795 libello
1135 2755 1326 2809 parum
1355 2742 1504 2811 gravi
1533 2743 1864 2812 probaturus

279 2841 401 2887 erat
441 2831 748 2903 Nyssenns,
795 2831 857 2884 τὸ
895 2831 1062 2885 κακὸν
1110 2847 1213 2886 nec
1247 2847 1369 2887 esse
1403 2833 1714 2904 ἀγέννητον,
1764 2849 1864 2888 nec

278 2923 468 2977 οὐσίαν
499 2923 616 2978 sive
645 2922 724 2988 ὃν,
751 2922 881 2992 quia
926 2922 979 2976 id
1024 2923 1093 2977 sit
1119 2925 1289 2986 ποῖον,
1320 2925 1576 2992 qualitas.
1614 2922 1790 2976 Hann.

1971 471 2100 518 sunt
2161 463 2442 526 momenti.
2493 463 2944 531 conspirantibus
2972 510 2990 531 ,
3027 461 3216 526 altero,
3263 461 3537 532 quondam

1970 551 2416 615 Ull‘eubachiano,
2445 567 2569 606 cum
2601 567 2714 606 var.
2783 553 3003 607 lection.
3050 551 3251 620 partim
3301 553 3356 605 in
3403 566 3540 604 mar-

1967 643 2114 712 gine,
2141 643 2336 711 partim
2371 642 2436 696 ad
2471 643 2673 698 calcem
2706 643 2944 712 scriptis,
2967 650 3022 697 et
3048 658 3208 711 quem
3236 648 3425 695 curate
3445 641 3541 696 de-

1971 732 2192 801 scripsit
2220 730 2262 787 1.
2290 731 2356 787 II.
2393 731 2566 788 Maius
2614 734 2666 786 in
2696 733 2948 788 biblioth.
3002 731 3321 787 Uﬁ‘enbach.
3371 741 3538 794 msta,

1967 831 2110 892 part.
2144 839 2208 888 II,
2248 839 2300 893 p.
2361 823 2487 886 425,
2543 839 2690 894 sqq.;
2739 825 2910 877 altero
2956 823 3441 878 IIasselmauniano
3487 823 3540 893 (a

1966 929 2285 984 possessore
2316 915 2482 978 illius,
2526 912 2761 968 Zachar.
2799 913 3218 977 IIasselmanno,
3261 913 3414 968 verbi
3459 913 3542 966 di-

1965 1006 2076 1058 vini
2102 1005 2246 1074 apud
2272 1004 2818 1075 Oldenburgensesin
2847 1004 3070 1074 Wagria
3108 1005 3380 1068 ministro,
3400 1020 3540 1057 nun-

1965 1101 2207 1168 cupato),
2239 1097 2294 1150 in
2324 1112 2432 1165 quo
2455 1096 2882 1165 colloqueutium
2907 1111 3212 1160 sermones,
3251 1095 3540 1163 descriptis

1966 1189 2135 1242 rubro
2187 1188 2371 1242 colore
2432 1188 2828 1257 disputantium
2876 1186 3120 1256 Gregorii
3175 1194 3229 1240 et
3284 1185 3539 1239 Macrinze

1966 1280 2298 1343 nominibus,
2329 1294 2360 1333 a
2395 1294 2453 1334 se
2485 1279 2717 1332 invicem
2737 1279 3171 1349 distinguuntur.
3201 1277 3276 1332 De
3304 1278 3408 1331 hoc
3423 1277 3538 1330 dia-

1966 1371 2111 1441 logo,
2139 1379 2194 1425 et
2221 1371 2289 1426 de
2312 1386 2506 1440 opusc.
2535 1369 2613 1424 De
2658 1371 2839 1424 anima
2882 1371 2948 1423 ad
2980 1369 3265 1424 historiam
3301 1369 3538 1436 antiqua:

1965 1463 2320 1534 philosophiae
2376 1470 2430 1517 et
2485 1469 2725 1519 veterum
2762 1461 3141 1532 philosophor.
3181 1474 3246 1513 ac
3311 1458 3534 1512 Patrum

1963 1555 2030 1610 de
2073 1556 2256 1610 animo
2309 1555 2596 1625 opiniones
2646 1554 2957 1610 noscendas
3014 1551 3171 1606 valde
3217 1551 3362 1611 utili,
3414 1551 3537 1603 vide

1965 1645 2174 1702 Semler
2208 1647 2245 1700 Ι.
2286 1663 2335 1702 c.
2377 1663 2431 1717 p.
2465 1647 2572 1701 255
2607 1662 2728 1716 sqq.
2752 1653 2806 1700 et
2843 1643 3183 1698 Schroeckh.
3221 1658 3274 1712 p.
3311 1643 3381 1696 97
3411 1658 3533 1711 sqq.

1962 1747 2015 1792 et
2054 1737 2156 1792 102
2199 1752 2316 1806 seq.
2352 1766 2423 1776 —
2454 1734 2644 1790 Exstat
2681 1749 2811 1788 vero
2860 1733 2912 1787 in
2966 1733 3215 1803 pluribus
3258 1731 3418 1785 codd.
3469 1746 3534 1784 ex

1962 1827 2056 1883 Gr.
2093 1827 2360 1883 Monaehii
2396 1828 2448 1881 in
2468 1827 2591 1880 cod.
2619 1824 2815 1879 XXXII
2852 1826 3044 1878 Bavar.
3067 1824 3380 1892 --August.
3405 1821 3536 1876 Vin-

1963 1922 2070 1976 del.
2106 1921 2211 1984 bis,
2240 1929 2377 1975 teste
2411 1919 2633 1974 Reisero
2662 1920 2715 1972 in
2747 1918 2870 1973 Cat.
2904 1933 2957 1986 p.
2993 1917 3064 1969 2").
3095 1924 3149 1970 et
3187 1917 3276 1970 54.
3311 1947 3380 1956 --
3403 1915 3536 1967 Vin-

1964 2013 2090 2066 dob.
2118 2012 2174 2065 in
2208 2011 2331 2064 cod.
2365 2011 2566 2064 Caesar.
2594 2007 2782 2062 XVIII.
2805 2023 2890 2060 nr.
2920 2009 2970 2061 1.
2995 2005 3060 2060 ν.
3095 2005 3299 2059 Kollar.
3323 2007 3376 2058 in
3401 2020 3533 2072 sup-

1963 2106 2126 2175 plem.
2161 2104 2229 2158 ad
2278 2103 2549 2156 Lambecii
2595 2101 2804 2156 Comm.
2847 2117 2900 2170 p.
2959 2098 3082 2152 165.
3112 2129 3180 2137 —
3210 2096 3448 2151 Venetiis
3480 2096 3535 2149 in

1963 2197 2097 2252 bibl.
2126 2193 2292 2250 Marc.
2320 2194 2474 2250 DCII.
2520 2193 2750 2265 Nysseni
2780 2191 2848 2245 ad
2899 2189 3194 2244 Macrinam
3233 2188 3307 2242 De
3356 2187 3536 2240 anima

1962 2298 2012 2341 et
2050 2287 2446 2350 resurrectione,
2486 2293 2540 2340 et
2583 2285 2656 2338 De
2689 2285 2871 2337 animo
2899 2297 3100 2338 sermo.
3129 2309 3199 2320 ——
3224 2278 3450 2332 Taurini
3475 2281 3529 2331 in

1963 2381 2101 2434 bibl.
2135 2379 2267 2449 Reg.
2321 2377 2482 2433 codd.
2520 2374 2761 2440 XXXIV,
2816 2371 2999 2438 LXIX,
3051 2381 3106 2427 et
3159 2367 3533 2426 CCLXXXIX.

1966 2468 2029 2522 V.
2051 2470 2169 2523 Cat.
2205 2467 2366 2522 codd.
2386 2465 2554 2521 Taur.
2586 2480 2707 2536 pag.
2734 2463 2978 2530 110,159
2998 2470 3051 2517 et
3079 2461 3202 2516 586.
3225 2491 3282 2500 -—
3313 2460 3536 2513 Floren-

1964 2560 2054 2614 tiae
2085 2559 2137 2612 in
2173 2559 2308 2613 bibl.
2332 2557 2596 2612 Laurent.
2629 2555 2756 2610 eod.
2795 2553 2836 2619 I,
2871 2570 2956 2608 nr.
2995 2553 3052 2618 2,
3113 2553 3249 2622 plut.
3287 2551 3337 2604 7.
3377 2579 3448 2590 ——-
3477 2549 3534 2603 In

1964 2649 2086 2704 cod.
2112 2646 2331 2711 XXXV,
2359 2662 2446 2701 nr.
2476 2645 2547 2700 26
2575 2644 2938 2714 ejusd.-plut.
2971 2671 3042 2682 —
3066 2652 3120 2697 et
3146 2642 3200 2696 in
3228 2640 3350 2694 cod.
3395 2638 3534 2702 XIII,

1965 2756 2048 2794 nr.
2081 2742 2135 2802 5,
2169 2740 2302 2810 plut.
2333 2739 2424 2794 86.
2453 2737 2576 2792 Vid.
2604 2735 2834 2790 Bandin.
2877 2744 3012 2794 cat.,
3056 2742 3184 2793 etc.,
3217 2731 3257 2794 I,
3288 2748 3354 2800 p.
3408 2729 3531 2791 165,

1963 2833 2070 2888 298
2095 2841 2148 2887 et
2177 2833 2260 2896 III,
2291 2849 2344 2903 p.
2378 2831 2502 2887 555.
2531 2860 2600 2871 —
2627 2829 2684 2884 In
2724 2837 2929 2897 septem
2964 2826 3152 2886 eodd.,
3183 2833 3237 2879 et
3273 2824 3397 2878 vitm
3431 2821 3538 2876 Ma-

1965 2930 2130 2980 crinae
2156 2925 2210 2978 in
2238 2925 2412 2978 tribus
2451 2921 2610 2978 codd.
2641 2921 2770 2974 bibl.
2815 2917 2974 2972 Publ.
3006 2916 3179 2970 Paris.
3209 2915 3379 2967 "ARL.

351 3015 443 3070 56.
515 3014 590 3069 Τὰ
658 3014 977 3082 Μακρίνια·
1016 3015 1143 3083 περὶ
1197 3013 1403 3083 ψυχῆς
1450 3013 1548 3068 και
1608 3014 1826 3068 ἀναστά

2035 3017 2122 3072 57.
2141 3017 2301 3072 Κατὰ
2329 3013 2806 3081 Ἀπολλιναρίου,
2828 3005 3026 3065 Contra
3045 3007 3458 3077 Apollinarium,
3474 3005 3539 3056 li-

281 3121 458 3171 σεως,
498 3102 788 3169 Macrinia,
810 3105 926 3160 sive
953 3104 1017 3157 de
1046 3105 1226 3156 anima
1246 3113 1294 3157 et
1325 3106 1722 3168 resurrectione,
1741 3103 1861 3157 dia-

279 3197 438 3267 logus
469 3211 594 3250 cum
617 3211 808 3251 sorore
850 3192 1113 3258 Macrina,
1135 3209 1257 3248 cum
1295 3194 1554 3250 Basiliam
1613 3195 1859 3259 fratrem,

279 3288 425 3344 a.G.
482 3289 589 3343 579
645 3286 1000 3348 exstinctum,
1053 3285 1298 3353 lugerent
1333 3285 1431 3354 (b),
1489 3301 1544 3355 p.
1594 3285 1860 3351 615-692,

280 3397 406 3436 cum
449 3379 702 3435 versione
753 3377 1033 3432 Laurentii
1085 3376 1281 3432 Silani.
1333 3376 1568 3447 Incipit:
1645 3377 1859 3448 Ἐπειδὴ

276 3472 372 3526 τοῦ
411 3471 760 3542 ἀνθρωπίνου
791 3470 910 3540 βίου
961 3468 1150 3533 πολύς.
1186 3468 1430 3522 Meminit
1463 3467 1690 3523 Photius
1732 3470 1856 3524 cod.

286 3563 617 3626 CCXXXIII,
663 3574 716 3618 et
753 3563 975 3629 Suidas,
1011 3569 1264 3624 testatus,
1300 3560 1624 3630 Gregorium
1657 3561 1860 3632 Nysse-

279 3671 408 3709 num
433 3654 728 3724 scripsisse
763 3653 972 3724 μακρόν
1001 3669 1124 3704 τινα
1143 3653 1237 3705 καὶ
1265 3651 1570 3722 περικαλλῆ
1602 3651 1737 3722 πρὸς
1763 3653 1860 3723 τὴν

276 3748 515 3817 ἀδελφὴν
558 3747 843 3818 Μακρίναν
880 3746 1010 3816 περὶ
1036 3745 1212 3814 ψυχῆς
1243 3745 1424 3811 λόγον.
1475 3742 1572 3797 Hic
1594 3751 1681 3799 est
1721 3743 1861 3815 Nys-

278 3843 399 3900 seni
461 3842 532 3895 De
585 3839 988 3894 immortalitate
1045 3853 1238 3890 anima:
1298 3837 1456 3900 liber,
1501 3837 1596 3907 qui
1639 3837 1860 3893 Daniele

277 3936 554 4007 Augentio
587 3936 880 4004 interprete
913 3931 1114 4002 prodiit
1136 3929 1349 3993 Latine,
1380 3929 1556 3986 Paris.
1607 3930 1768 3992 1557,
1799 3931 1854 3983 8.

277 4029 444 4085 FABR.
478 4028 701 4083 Diversa
729 4028 1008 4085 variorum
1045 4023 1112 4080 de
1141 4024 1233 4078 illo
1267 4024 1483 4093 dialogo
1507 4021 1715 4090 judicia
1747 4023 1862 4075 eol-

278 4122 406 4192 legit
435 4119 688 4174 Oudinus
723 4119 760 4171 1.
797 4134 849 4172 c.
881 4133 934 4187 p.
957 4115 1336 4170 θοι-10³11.
1355 4113 1668 4183 ChristOph.
1689 4112 1855 4166 Wolf.

276 4213 335 4268 in
375 4211 663 4265 Anecdotis
705 4208 925 4274 Cra'cis,
961 4219 1095 4263 tom.
1132 4207 1193 4272 II,
1227 4223 1279 4276 p.
1330 4207 1400 4261 28
1425 4223 1573 4276 sqq.,
1624 4206 1858 4276 primum

1965 3109 2061 3164 her
2094 3108 2162 3162 ad
2193 3105 2551 3175 Theophilum,
2596 3105 2663 3158 ab
2697 3119 2748 3157 a.
2798 3103 2859 3156 C.
2908 3101 3014 3157 585
3055 3101 3371 3168 episcOpnm
3417 3095 3538 3149 Ale-

1963 3200 2290 3254 xandrinum
2318 3197 2410 3269 (c),
2447 3213 2499 3266 p.
2536 3193 2799 3258 695-698,
2841 3207 2966 3246 cum
3006 3189 3304 3244 Frontonis
3355 3185 3533 3239 Bucari

1961 3291 2209 3342 versione
2239 3273 2292 3341 et
2322 3286 2488 3340 notis.
2522 3283 2713 3354 Incipit
2750 3302 2762 3336 :
2801 3282 2877 3334 Οὐ
2939 3281 3105 3350 μόνης
3136 3279 3253 3331 ἐστὶ
3303 3277 3406 3347 τῆς
3448 3291 3539 3329 κο-

1964 3377 2170 3447 σμικῆς
2187 3377 2378 3446 σοφίας
2413 3374 2660 3445 εὔφορος.
2690 3373 2908 3427 (litatur
2941 3371 3008 3424 ab
3028 3369 3316 3440 Euthymio
3351 3368 3404 3420 in
3433 3365 3541 3419 Pa-

1961 3468 2160 3536 noplia.
2221 3466 2430 3521 Prodiit
2467 3465 2673 3528 Graace,
2726 3473 2954 3519 curante
3003 3459 3533 3529 IImschelio,Lugd.

1962 3560 2081 3612 Bat.
2114 3559 2273 3623 1595,
2313 3560 2368 3624 8,
2401 3573 2524 3612 cum
2567 3557 2690 3610 aliis
2742 3555 2978 3626 Nysseni
3007 3553 3313 3623 opusculis.
3373 3552 3436 3604 Iit
3473 3567 3539 3605 ex

1962 3651 2142 3706 Πυθαεῖ
2207 3651 2658 3721 interpretatione
2691 3648 2900 3701 Latine.
2929 3646 3226 3714 Ingolstad.
3283 3645 3439 3702 1596.
3483 3646 3534 3697 8.

1963 3743 2039 3797 Ex
2066 3741 2323 3795 Turriani
2353 3749 2532 3794 autem
2558 3739 2810 3793 versione
2844 3738 2898 3789 in
2930 3745 3062 3789 tom.
3090 3735 3134 3787 ν
3169 3734 3403 3786 Lection.
3444 3749 3540 3785 an-

1964 3836 2226 3903 tiquarum
2258 3831 2478 3886 Henrici
2507 3829 2734 3894 Canisii,
2771 3827 3066 3897 Ingolslad.
3105 3827 3266 3886 1604,
3313 3826 3366 3889 4,
3415 3839 3536 3893 pag.

1967 3927 2088 3980 191.
2123 3923 2288 3977 han.
2343 3924 2404 3976 In
2451 3920 2706 3990 Basnagii
2768 3918 3033 3972 Thesauro
3082 3933 3316 3970 monum.
3354 3915 3537 3968 eccles.

1959 4017 2183 4071 Amstel.
2223 4014 2380 4077 1725,
2410 4013 2501 4065 l‘ol.
2537 4021 2669 4065 tom.
2703 4009 2766 4062 V.
2789 4009 2952 4079 p.161
2979 4047 2995 4071 ,
3021 4007 3322 4074 Basnagius
3346 4003 3534 4057 Graeca

1961 4109 2171 4163 addidit
2205 4123 2272 4161 ex
2305 4106 2440 4160 edit.
2489 4102 2754 4157 Fronton.
2814 4100 2991 4155 Ducazi
3037 4107 3168 4152 tom.
3209 4096 3268 4161 II,
3311 4113 3361 4164 p.
3413 4095 3536 4146 67?.

1959 4198 2118 4253 Gonl.
2156 4195 2366 4250 Semler
2397 4197 2434 4249 1.
2473 4210 2522 4248 c.
2557 4210 2610 4263 p.
2661 4192 2787 4246 256.
2829 4221 2898 4232 —
2933 4189 3124 4245 Exstat
3149 4189 3202 4242 in
3239 4187 3362 4242 cod.
3417 4185 3530 4238 DIII

275 4302 430 4359 dedit
461 4317 717 4372 magnam
763 4301 1088 4388 particulam
1119 4298 1216 4354 Gr.
1271 4314 1335 4353 ac
1369 4296 1488 4352 Lat.
1523 4313 1648 4352 cum
1712 4297 1858 4352 notis
1963 4292 2094 4345 bibl.
2135 4289 2294 4343 Publ.
2326 4287 2502 4342 Paris.
2541 4285 2712 4339 IImL.

277 4403 334 4448 nt
361 4394 658 4464 plurimum
694 4384 923 4454 criticis,
955 4401 1090 4454 tum,
1112 4406 1178 4444 ne
1209 4389 1424 4460 longior
1445 4395 1610 4453 esset,
1642 4403 1694 4458 p.
1729 4389 1856 4452 519,
1889 4384 1934 4439 D

272 4498 453 4554 usque
482 4482 551 4536 ad
580 4497 634 4552 p.
669 4482 796 4545 550,
825 4488 880 4536 et
909 4481 965 4534 in
1004 4487 1154 4534 tomo
1183 4479 1270 4544 Ill,
1303 4495 1354 4548 p.
1397 4478 1548 4542 1-17,
1577 4479 1630 4531 in
1662 4493 1856 4532 eorum

271 4573 628 4629 commodum
665 4580 721 4626 et
761 4588 945 4636 usum,
979 4573 1217 4642 quibus,
1268 4579 1329 4624 ut
1386 4571 1482 4634 ait,
1540 4571 1857 4624 consultum

268 4667 574 4730 videbitur,
627 4665 903 4736 egregiam
940 4664 1089 4718 illam
1152 4671 1508 4717 conunentat.
1563 4663 1857 4731 aliquando

269 4774 412 4814 nova
443 4759 567 4812 luce
605 4764 857 4812 ornatam
909 4756 1132 4826 publico
1162 4755 1377 4818 sistere,
1412 4755 1594 4808 varias
1624 4753 1854 4807 duorum

271 4851 435 4906 codd.
479 4836 768 4905 lectiones.
808 4846 865 4900 In
903 4846 1113 4917 praefat.
1146 4847 1215 4900 ad
1244 4857 1378 4902 tom.
1421 4846 1486 4908 II,
1545 4845 1700 4899 valde
1738 4845 1856 4898 lau-

270 4942 425 4997 davit
455 4939 1006 5003 commentationem,
1043 4947 1117 5004 et,
1150 4938 1296 5009 quod
1331 4937 1631 5008 perspexit,
1684 4944 1851 4989 totam

269 5038 419 5093 illam
453 5037 706 5108 pluribus
736 5036 876 5092 locis
917 5037 973 5091 in
1005 5045 1236 5107 utraque
1267 5036 1396 5091 edit.
1431 5035 1631 5100 Paris.,
1663 5036 1854 5104 impri-

271 5131 374 5186 mis
395 5146 530 5186 vero
565 5131 618 5184 in
649 5131 854 5199 priore,
897 5129 1134 5199 pessime
1183 5137 1460 5199 acceptam
1509 5143 1636 5182 esse
1663 5136 1714 5182 et
1755 5129 1853 5181 ha-

272 5222 440 5276 bitam
481 5241 498 5279 :
531 5232 745 5294 partem
805 5221 954 5276 illius
1004 5230 1172 5276 totam
1203 5236 1326 5276 cum
1377 5220 1628 5275 versione
1663 5219 1855 5275 Latina

274 5317 506 5385 pristina
539 5316 770 5386 suisque
809 5315 954 5370 notis
995 5314 1261 5369 exhibuit.
1320 5314 1426 5367 llas
1463 5314 1754 5366 varietates
1789 5315 1857 5366 le.-

274 5410 478 5465 ctionis
526 5409 766 5480 sumpsit
819 5423 884 5462 ex
936 5407 1154 5462 duobus
1192 5405 1426 5462 diversis
1466 5403 1625 5461 codd.
1686 5405 1859 5474 iisque

345 5591 424 5658 (α)
467 5592 563 5645 Ed.
609 5609 661 5645 a.
700 5591 862 5653 1658,
896 5598 1026 5644 tom.
1061 5587 1142 5654 III,
1178 5589 1374 5659 p.180.

344 5663 420 5730 (ὁ)
453 5662 580 5733 Pag.
622 5662 747 5717 181.

2036 4404 2124 4458 58.
2168 4401 2301 4468 Περὶ
2336 4400 2463 4462 τοῦ,
2498 4397 2564 4451 Τί
2596 4397 2661 4450 τὸ
2688 4394 3054 4464 Χριστιανῶν
3080 4393 3265 4461 ὄνομα
3297 4391 3334 4460 ἣ
3364 4390 3542 4460 ἐπάγ-

1963 4497 2172 4564 γελμα,
2209 4491 2349 4560 Quid
2394 4506 2578 4544 nomen
2610 4487 2928 4557 professiove
2974 4485 3400 4539 Christianofum
3440 4483 3541 4535 sibi

1965 4586 2106 4646 velit,
2140 4583 2206 4636 ad
2251 4582 2602 4636 Harmoniam
2636 4577 2740 4648 (tl),
2779 4592 2898 4645 pag.
2946 4574 3202 4636 699-707,
3258 4588 3380 4627 cmn
3424 4587 3542 4623 ver-

1967 4672 2120 4728 sione
2151 4668 2436 4722 Laurentii
2465 4666 2656 4720 Sil'ani.
2691 4665 2888 4734 Incipit
2933 4681 2946 4716 :
2981 4664 3159 4733 Ὄπερ
3185 4663 3380 4715 ποιῶσι
3406 4660 3541 4730 πρὸς

1963 4764 2090 4825 τοὺς
2115 4759 2467 4832 κρατοῦντας.
2496 4757 2744 4812 Verterat
2793 4764 2848 4811 et
2887 4755 3154 4809 Maximus
3202 4753 3540 4819 Margunius,

1959 4853 2318 4926 Cytherorum
2344 4851 2658 4919 episc0pns,
2707 4846 2895 4902 Venet.
2927 4847 3085 4910 1585,
3121 4847 3173 4900 8.
3211 4844 3396 4897 Graece
3421 4859 3540 4911 pro-

1961 4948 2062 5002 diit
2107 4945 2282 5015 Lugd.
2315 4943 2437 4996 But.
2481 4943 2640 5003 1595,
2673 4941 2725 4994 8.
2777 4939 2942 4994 Faue.
2996 4939 3288 5008 IIeperitur
3323 4938 3377 4990 in
3408 4952 3542 5006 qua-

1963 5049 2086 5094 tuor
2114 5037 2274 5093 codd.
2303 5035 2434 5089 bibl.
2475 5033 2632 5088 Publ.
2653 5031 2826 5089 Paris.
2853 5042 2907 5088 et
2930 5035 2984 5086 in
3019 5031 3142 5085 cod.
3169 5028 3537 5092 Taur.LXXI,

1964 5129 2058 5184 fol.
2092 5129 2214 5182 164.
2244 5127 2415 5181 ΒΑΜ..
3005 5165 3014 5169 -

2035 5219 2123 5276 59.
2176 5219 2313 5286 Περὶ
2383 5218 2776 5284 τελειότητος,
2831 5212 2932 5266 καὶ
2975 5211 3183 5266 ὁποῖον
3231 5212 3346 5281 χρὴ
3390 5206 3540 5264 εἶναι

1963 5311 2069 5365 τὸν
2122 5310 2497 5377 Χριστιανόν.
2552 5307 2715 5361 Liber
2761 5306 2833 5360 De
2877 5304 3208 5375 perfectione,
3245 5314 3294 5358 et
3333 5302 3539 5372 qualem

1965 5413 2199 5473 oporteat
2257 5419 2368 5455 esse
2424 5399 2814 5464 Christianum,
2862 5399 2930 5452 ad
2980 5396 3306 5468 Olympium,
3355 5410 3540 5450 mona-

2045 5583 2115 5650 (ε)
2157 5582 2286 5653 Pag.
2320 5583 2444 5636 216.

2036 5655 2110 5725 ld)
2157 5653 2281 5726 Pag.
2317 5653 2446 5710 267.
