3746 5994
280 173 350 230 27
1466 177 1745 235 NOTITIA
1767 178 1853 232 EX
1899 178 2237 238 FABRICIO.
3474 177 3550 233 28"

283 300 436 349 cf.th
467 295 563 365 (α),
595 311 646 366 p.
672 293 935 359 706-730,
966 309 1089 348 cum
1119 295 1374 350 versione
1400 295 1544 350 Petri
1571 296 1852 354 Francisci
1885 303 1928 358 Α
2026 299 2114 351 41.
2182 296 2247 350 In
2293 296 2351 350 S.
2405 293 2726 364 Stephanum
2795 259 3239 361 protomartyrem
3269 294 3361 363 (ε),
3420 308 3537 366 pag.

285 385 425 451 Zini,
475 397 527 440 ct
561 386 852 441 Frontonis
900 385 1075 440 Ducazi
1112 387 1256 441 nolis
1291 388 1358 440 ad
1411 390 1707 444 voluminis
1741 392 1853 444 cal-

281 491 419 532 cem.
451 477 675 546 Incipit:
701 478 988 548 Πρέπουσα
1011 481 1074 547 τῇ
1099 477 1410 548 προαιρέσει
1435 481 1704 552 ήσπουδή.
1736 483 1858 537 Ver-

285 569 349 621 tit
399 579 451 621 et
503 568 773 622 Maximus
809 568 1170 639 .Margunius,
1221 567 1410 623 Venet.
1459 570 1613 626 1585.
1669 571 1856 629 Graece

281 659 556 728 prodierat
593 661 824 727 primum
868 659 1061 712 Venet.
1102 644 1259 722 1574,
1296 662 1348 722 8.
1387 668 1440 714 et
1463 663 1657 718 deinde
1679 663 1851 733 Lugd.

280 751 399 802 But.
440 751 596 806 1595.
622 751 673 802 8.
698 749 911 802 tiitatur
945 750 1012 802 ab
1059 749 1354 804 Anastasio
1386 749 1618 814 Sinaita,
1656 762 1852 822 quaest.

283 841 321 896 1.
380 842 661 911 Nyssenus
709 842 776 894 ad
839 840 1141 910 Olympium
1191 842 1454 911 ἀσκητήν.
1497 841 1689 895 Photio
1730 843 1852 898 cod.

279 930 609 998 CCXXXIII,
668 930 821 996 λόγος
866 931 992 999 περὶ
1037 929 1130 982 τοῦ
1169 930 1371 982 τελείου
1415 929 1548 1000 βίον).
1592 930 1754 984 ῈΑΒιι.
1798 929 1856 985 In

279 1024 404 1078 eod.
439 1023 664 1077 Taurin.
689 1038 799 1093 reg.
829 1022 1015 1088 LXXI,
1044 1022 1136 1078 fol.
1174 1023 1296 1077 159.
1331 1022 1395 1077 V.
1429 1031 1535 1078 eat.
1571 1023 1732 1078 codd.
1755 1023 1852 1078 Gr.

279 1112 448 1168 Taur.
506 1131 558 1184 p.
603 1114 723 1171 169.
763 1145 824 1154 -
873 1114 930 1168 In
984 1123 1224 1184 quatuor
1268 1114 1428 1170 codd.
1465 1114 1669 1177 ,Paris.
1721 1115 1854 1170 bibl.

279 1204 438 1260 Publ.
473 1205 645 1260 I'IARL.

379 1300 468 1352 40.
537 1299 941 1363 Ὑποτύπωσις
1009 1299 1124 1354 sive
1192 1297 1501 1353 Summaria
1573 1298 1854 1367 descriptio

281 1387 388 1438 veri
442 1387 581 1454 scopi
625 1389 742 1441 vitw
793 1387 1056 1450 asceticw,
1099 1375 1225 1439 eum
1268 1387 1524 1442 versione
1576 1387 1702 1442 Fed.
1738 1389 1858 1441 Mo-

283 1478 420 1542 relli,
450 1494 501 1547 p.
531 1477 782 1532 739-715.
815 1478 1010 1546 Incipit
1042 1496 1055 1530 :
1088 1469 1256 1540 Εἴτις
1280 1477 1512 1548 σμικρὸν
1543 1479 1858 1548 ἀποστήσας

278 1570 372 1623 τοῦ
399 1570 663 1640 σώματος.
692 1570 830 1624 Prod
844 1572 980 1626 ierat
1014 1569 1306 1640 separatim
1340 1585 1464 1623 cum
1500 1569 1706 1626 Morelli
1739 1585 1856 1625 ver-

278 1665 436 1718 sione
463 1663 633 1718 Paris.
665 1661 822 1724 1606,
855 1664 907 1716 8.

350 1756 437 1808 II.
478 1754 633 1822 Πρὸς
674 1753 814 1819 τοὺς
843 1752 1214 1822 ἀχθομένους
1241 1751 1370 1817 ταῖς
1417 1751 1856 1822 ἐπιτιμήσεων·

278 1846 361 1899 Ad
389 1863 473 1900 eos
505 1847 594 1916 qui
634 1845 1013 1914 castigationes
1038 1860 1175 1911 (egre
1194 1846 1370 1912 [erunt
1399 1843 1496 1912 (b),
1515 1859 1568 1912 p.
1593 1843 1855 1906 7554749,

279 1949 404 1988 cum
439 1933 688 1986 versione
725 1931 981 1986 Gentiaui
1013 1931 1253 1986 Ilerveti.
1289 1932 1482 2002 Incipit
1514 1951 1528 1986 :
1564 1932 1714 1984 Θείον
1738 1933 1860 2002 ἀλη-

279 2025 385 2087 Οὼς
411 2025 505 2077 καὶ
531 2025 671 2093 ἱερὸν
692 2025 878 2094 χρῆμα
900 2027 928 2078 ὁ
956 2025 1111 2092 λόγος
1145 2025 1300 2078 Θεοῦ.
1344 2024 1628 2078 Prodierat
1673 2025 1859 2080 Greece

278 2115 453 2171 Paris.
489 2117 645 2181 1570,
675 2120 728 2170 8.
763 2116 925 2168 ann.
971 2116 1159 2170 Exstat
1192 2117 1247 2169 in
1275 2126 1514 2184 quatuor
1545 2117 1704 2170 codd.
1755 2116 1856 2171 Pa-

279 2209 374 2263 ris.
408 2215 460 2262 et
493 2209 545 2260 in
579 2207 702 2260 cod.
730 2206 954 2261 Taurin.
989 2206 1176 2261 LXXI.
1214 2206 1388 2262 I‘IARL.

349 2300 440 2354 42.
483 2299 622 2367 Περὶ
672 2299 787 2353 τῶν
846 2300 960 2368 πρὸ
1005 2300 1161 2371 ὧρας
1213 2301 1715 2371 ἀφαρπαζομένων
1751 2321 1854 2371 νη-

279 2392 448 2453 πίων,
504 2391 578 2445 De
625 2391 917 2459 infantibus
977 2393 1067 2461 qui
1127 2401 1448 2458 prwmature
1501 2395 1854 2462 abripiuntur,

277 2484 346 2535 ad
373 2482 616 2536 Hicrium
647 2484 743 2554 (c),
805 2482 1160 2551 Cappadocia:
1179 2484 1508 2552 prcefectum,
1529 2501 1583 2554 p.
1603 2485 1854 2550 748-770,

278 2591 402 2630 cum
441 2577 698 2631 versione
728 2574 1231 2638 LaureiitiLSifani.
1288 2575 1491 2644 Incipit
1545 2594 1559 2631 :
1621 2577 1711 2628 Σοὶ
1735 2577 1853 2646 μὲν,

275 2660 322 2719 ὦ
343 2668 550 2735 ἄριστε,
575 2667 776 2729 πάντες
799 2665 1047 2734 σοφισταί
1069 2683 1128 2718 τε
1147 2665 1242 2719 καὶ
1269 2667 1617 2737 λογογράφοι.
1643 2667 1857 2723 Citatur

277 2755 347 2812 ab
376 2759 693 2819 Anastasio,
719 2768 914 2827 qtuest.
957 2757 1042 2810 16.
1073 2757 1115 2809 A
1146 2755 1395 2828 Nysseno
1435 2759 1546 2828 jam
1581 2774 1712 2814 sene
1743 2759 1856 2812 haec

275 2849 506 2916 epistola
539 2850 740 2918 scripta
771 2856 873 2903 est.
901 2847 1064 2902 FABR.
1092 2847 1384 2918 Reperitur
1410 2849 1464 2903 in
1487 2849 1665 2904 tribus
1691 2849 1851 2904 codd.

277 2936 453 2992 Paris.
492 2945 545 2991 et
583 2937 637 2990 in
673 2939 794 2990 cod.
845 2935 1070 2990 Taurin.
1099 2935 1285 3000 LXXI,
1339 2935 1436 2989 fol.
1489 2936 1612 2990 551.
1659 2935 1717 2987 1η
1752 2934 1854 2988 hoc

273 3043 467 3098 Opusc.
506 3044 559 3096 p.
591 3028 694 3081 5‘22
725 3034 809 3081 est
855 3042 887 3080 a
918 3026 1115 3082 Ducam
1147 3028 1304 3082 locus
1333 3027 1401 3082 de
1442 3028 1566 3096 igne
1600 3032 1856 3096 purgato-

276 3118 361 3170 rio
388 3117 624 3169 insertus
655 3134 668 3167 :
699 3129 804 3184 qua
831 3113 898 3168 de
929 3130 986 3169 re
1017 3115 1108 3168 alii
1146 3113 1200 3167 id
1242 3115 1324 3169 vel
1368 3117 1616 3184 spurium
1658 3113 1740 3168 vel
1773 3112 1858 3165 in-

276 3208 604 3276 terpolatum
639 3207 973 3262 habuerunt.
1007 3204 1070 3258 V.
1091 3203 1289 3259 Oudin.
1315 3222 1370 3276 p.
1399 3205 1504 3260 605
1532 3214 1584 3260 et
1606 3204 1855 3258 Rivetum

277 3301 330 3353 in
361 3299 563 3354 Critico
604 3314 779 3363 sacro,
809 3313 934 3367 cap.
961 3297 1054 3359 25,
1089 3313 1144 3367 q.
1178 3296 1281 3351 548
1310 3313 1430 3367 sqq.
1470 3295 1578 3352 Sed
1599 3311 1856 3367 compara

277 3391 585 3445 'l‘illemont.
605 3388 768 3460 p.6I2
782 3397 835 3444 et
851 3387 975 3453 615,
997 3387 1226 3450 Semler,
1245 3387 1283 3441 l.
1299 3404 1348 3442 c.
1368 3405 1420 3458 p.
1440 3388 1566 3451 257,
1589 3388 1856 3458 imprimis

282 3480 605 3537 Schroeckh.
639 3481 705 3536 de
723 3480 816 3533 IIIO
836 3494 1028 3548 opusc.
1051 3479 1282 3548 locoque
1295 3479 1526 3550 pag.153
1547 3494 1666 3549 sqq.
1685 3477 1852 3534 Ilum.

351 3572 440 3626 45.
484 3573 585 3637 Εἰς
616 3571 731 3638 τὴν
763 3569 1072 3639 γέννησιν.
1115 3567 1183 3622 In
1209 3571 1441 3624 natalem
1459 3570 1670 3624 Domini
1687 3572 1856 3625 nostri

273 3662 404 3717 Jesu
429 3661 651 3727 Christi,
684 3671 733 3716 et
767 3663 822 3715 in
850 3662 1080 3731 infantes
1111 3661 1568 3716 Bethleltemiticos
1599 3661 1703 3732 (τι),
1729 3677 1853 3732 pag.

272 3755 534 3818 771-786,
566 3771 688 3808 cum
717 3755 970 3809 versione
1001 3753 1148 3809 Petri
1180 3753 1460 3811 Francisci
1481 3754 1624 3820 Zini,
1667 3764 1720 3810 et
1754 3755 1859 3810 Du-

276 3848 374 3900 «εἰ
409 3846 553 3900 uotis
583 3845 650 3898 ad
680 3845 980 3901 voluminis
1010 3847 1240 3900 calcem.
1274 3847 1473 3917 Incipit
1507 3863 1520 3898 :
1551 3847 1854 3901 Σαλπίσατε

273 3941 335 3990 ὲν
359 3937 618 4010 νεομηνία
639 3937 924 4006 σάλπιγγι.
943 3936 1131 3992 Griece
1155 3938 1399 3993 ediderat
1426 3938 1562 3991 Dan.
1596 3937 1856 3994 Haasche-

278 4029 404 4092 lius,
437 4030 700 4099 Augustae
725 4028 938 4084 Vindel.
973 4029 1132 4095 1587,
1166 4029 1222 4094 8,
1252 4030 1394 4086 inter
1426 4033 1608 4085 varias
1631 4030 1852 4085 Patrum

277 4121 537 4176 bomilias
579 4137 632 4191 p.
675 4122 798 4187 105,
829 4130 884 4178 et
923 4137 1028 4176 una
1049 4137 1171 4177 cum
1200 4121 1360 4193 Nyss.
1393 4133 1534 4178 orat.
1564 4122 1636 4177 De
1665 4123 1721 4178 S.
1747 4122 1857 4178 Ste-

273 4213 472 4282 phano,
497 4214 668 4282 primo
696 4224 948 4284 martyre,
981 4229 1104 4268 eum
1137 4214 1388 4268 versione
1421 4227 1517 4267 sua
1541 4210 1733 4267 Joacli.
1754 4214 1855 4267 Ca—

1961 389 2215 453 786-798,
2266 405 2390 444 cum
2428 385 2980 455 vcrsioneLaurentii
3040 384 3215 440 Sifani
3262 397 3317 440 et
3364 383 3539 441 Βυθωί

1959 482 2124 535 notis.
2159 479 2352 550 Incipit
2384 498 2398 534 :
2443 479 2531 540 Ὠς
2581 478 2719 548 καλὴ
2741 477 2848 530 τῶν
2886 476 3107 544 ἀγαθῶν
3142 480 3174 548 ὴ
3230 478 3536 532 ἀκολουθία.

1957 569 2166 623 Laudat
2208 569 2407 622 Suidas
2462 577 2516 622 et
2577 565 3026 635 πολυθαύμαστον
3091 567 3346 634 appellat.
3411 565 3539 621 Edi-

1958 663 2114 716 derat
2138 660 2480 716 lloeschelius
2521 657 2709 712 Graece
2738 659 2776 712 I.
2813 659 2907 712 cit.
2945 673 2995 711 a.
3032 657 3192 721 1587,
3231 659 3286 720 8,
3322 673 3377 727 p.
3415 659 3537 720 151.

1960 755 2218 824 Augusta:
2247 750 2458 805 Vindel.
2497 749 2688 804 Latine
2719 764 2784 804 ex
2819 747 2938 802 Zini
2993 749 3249 804 versione
3291 749 3541 802 occurrit

1963 842 2106 912 apud
2145 842 2364 896 Surium
2390 839 2456 893 ad
2484 838 2554 892 26
2577 837 2830 894 Decemb.
2858 837 3091 891 Fallitur
3115 846 3237 906 post
3261 836 3536 892 Labbeum

1962 934 2209 989 Oudinus
2236 950 2286 1003 p.
2317 933 2420 988 605
2445 947 2558 1002 sq.,
2599 931 2691 1001 qui
2720 929 3152 984 hanchomiliam
3180 929 3381 984 Asterii
3418 945 3542 984 esse

1963 1025 2215 1080 afﬁrmat.
2249 1025 2366 1078 Alia
2417 1024 2566 1078 enim
2611 1021 2776 1092 hujus
2828 1022 2882 1075 in
2937 1019 3272 1090 Stephanum
3315 1021 3539 1074 bomilia

1959 1127 2064 1181 est,
2093 1134 2214 1188 qua:
2245 1115 2430 1171 itidem
2479 1121 2682 1179 exstat,
2743 1121 2796 1168 et
2824 1112 2970 1167 edita
3005 1122 3090 1167 est
3119 1127 3150 1165 a
3209 1110 3540 1166 Combefisio

1962 1215 2092 1262 tom.
2127 1209 2142 1260 I
2178 1207 2420 1261 Auctarii
2447 1207 2588 1268 novi,
2619 1220 2738 1275 pag.
2777 1203 2903 1258 285.
2941 1203 3136 1272 Incipit
3169 1221 3182 1256 :
3261 1203 3348 1264 Ὠς
3397 1202 3539 1272 ἱερὸς

1959 1297 2191 1370 ἀληθῶς.
2226 1295 2389 1351 FABR.
2423 1294 2582 1350 Conf.
2609 1293 2930 1350 Schrteckh.
2974 1311 3029 1365 p.
3069 1294 3190 1360 151;
3217 1293 3344 1347 add.
3370 1293 3537 1355 infra,

1960 1403 2046 1443 nr.
2083 1388 2167 1442 79.
2195 1419 2264 1428 —-
2294 1386 2556 1443 Servatur
2587 1387 2640 1440 in
2696 1385 2812 1439 XVI
2849 1385 3011 1440 codd.
3063 1387 3194 1441 bibl.
3243 1386 3405 1440 I’ubl.
3438 1386 3540 1439 Pa-

1959 1482 2056 1538 ris.
2081 1482 2227 1536 —in
2257 1480 2378 1537 cod.
2421 1479 2646 1535 Coislin.
2677 1476 2899 1544 CCCVI,
2943 1477 3008 1532 ad
3046 1479 3102 1532 d.
3134 1477 3203 1531 27
3252 1479 3537 1536 Decembr.

1962 1574 2017 1628 in
2051 1581 2204 1643 parte
2256 1589 2274 1626 ι
2323 1571 2596 1626 homiliar.
2653 1571 2714 1626 V.
2765 1569 3066 1624 Montfauc.
3115 1569 3247 1624 bibl.
3302 1570 3538 1626 Coislin.

1887 1651 1935 1710 Β
1963 1679 2017 1734 p.
2049 1663 2154 1716 425
2189 1669 2243 1716 et
2275 1661 2342 1715 ad
2373 1661 2622 1716 eumdem
2656 1659 2800 1714 diem
2834 1660 2979 1713 inter
3001 1659 3254 1713 homilias
3280 1659 3335 1712 in
3367 1658 3541 1715 festos

1961 1755 2078 1810 dies
2110 1753 2352 1808 Floreat.
2393 1753 2446 1806 in
2483 1751 2606 1807 cod.
2653 1750 2917 1806 Laurent.
2954 1749 3045 1815 IV,
3100 1767 3182 1805 nr.
3231 1749 3320 1804 28.
3371 1781 3437 1790 ——
3483 1750 3540 1804 in

1959 1846 2082 1902 cod.
2114 1844 2281 1898 XXVI
2317 1860 2402 1898 nr.
2432 1845 2484 1898 ‘2.
2517 1842 2582 1898 V.
2617 1842 2849 1897 Bandin.
2898 1850 3006 1897 cat.
3046 1842 3205 1896 codd.
3249 1841 3344 1896 Cr.
3386 1843 3439 1906 1,
3481 1857 3537 1911 p.

1959 1929 2060 1985 277
2103 1941 2154 1986 et
2187 1933 2292 1986 5"22
2316 1938 2368 1986 et
2399 1931 2594 2001 fragm.
2633 1931 2688 1984 in
2723 1930 2846 1985 cod.
2883 1929 3102 1995 XXVII,
3152 1945 3236 1984 nr.
3272 1930 3325 1992 ‘2,
3369 1930 3538 1985 Laur.

1961 2024 2212 2094 (Bandin.
2246 2023 2285 2088 1,
2326 2040 2378 2093 p.
2417 2023 2566 2093 491).
2594 2052 2656 2062 -
2701 2022 2755 2076 in
2783 2021 2907 2077 cod.
2944 2021 3168 2076 Taurin.
3205 2021 3391 2076 LXXI.
3440 2021 3537 2076 fol.

1961 2115 2086 2170 106-
2112 2114 2280 2168 IIARL.

2027 2207 2098 2261 45
2159 2209 2262 2272 Εἰς
2289 2205 2403 2272 τὴν
2431 2205 2658 2273 ἡμέραν
2686 2205 2804 2258 τῶν
2830 2205 3060 2274 φωτῶν,
3089 2203 3156 2258 In
3196 2207 3334 2260 diem
3372 2208 3540 2261 lumi-

1961 2315 2106 2362 num,
2151 2315 2255 2367 qua
2284 2295 2526 2349 Christus
2557 2295 2856 2362 baptizatus
2883 2305 2963 2349 est
2998 2296 3098 2367 (ί),
3130 2298 3539 2368 pag.798-815,

1959 2404 2080 2443 cum
2099 2386 2340 2455 ejusdem
2370 2384 2542 2438 Sifani
2567 2385 2818 2441 versione
2833 2395 2888 2442 et
2908 2387 3090 2442 Duczei
3111 2390 3274 2444 notis.
3301 2389 3491 2461 Incipit
3524 2410 3538 2445 :

1959 2477 2071 2530 Νῦν
2094 2475 2342 2548 γνωρίζω
2369 2476 2467 2545 τὴν
2509 2476 2647 2546 ἐμὴν
2673 2475 2894 2547 ἀγέλην.
2936 2475 2993 2531 In
3039 2477 3278 2536 editione
3324 2479 3540 2546 Graeca,

1962 2581 2130 2637 quam
2173 2567 2302 2620 Dav.
2356 2564 2702 2620 Hceschelius
2755 2568 2968 2620 curavit
3015 2568 3275 2638 Augusta:
3319 2567 3542 2626 Vindel.

1960 2659 2117 2724 1587,
2167 2657 2216 2717 8,
2281 2656 2396 2711 haec
2449 2656 2669 2711 liomilia
2735 2658 3050 2713 inscribitur
3125 2659 3214 2721 Εἰς
3281 2659 3341 2713 τὸ
3382 2661 3546 2729 ἅγιον

1959 2752 2262 2821 βάπτισμα.
2289 2750 2498 2805 Gallice
2528 2764 2560 2803 a
2591 2749 2721 2804 Frui.
2757 2748 2982 2805 Morello
3013 2765 3164 2805 versa
3197 2752 3398 2822 prodiit
3432 2752 3542 2806 Pa-

1943 2843 2057 2896 .ris.
2114 2841 2272 2905 1606,
2317 2840 2402 2893 12.
2439 2838 2608 2894 Ὲηιι.
2649 2838 2807 2893 Conf.
2847 2839 3196 2895 Schroekh.l.
3233 2857 3282 2896 (ι.
3337 2859 3387 2912 p.
3431 2844 3544 2900 19.8

1959 2949 2044 3005 sq.
2072 2943 2129 2990 et
2164 2932 2399 2989 Semler.
2449 2947 2505 3002 p.
2540 2930 2666 2996 257,
2704 2947 2788 3001 sq.
2824 2933 2892 2986 de
2937 2933 3041 2987 hac
3085 2942 3140 2989 et
3190 2937 3538 2991 antecedenti

1960 3027 2222 3082 homiliis.
2247 3057 2314 3065 —
2339 3023 2436 3080 Est
2462 3025 2516 3078 in
2550 3025 2725 3079 tribus
2755 3025 2916 3079 codd.
2961 3023 3140 3080 Paris.
3172 3026 3304 3080 bibl.
3371 3026 3536 3083 Publ.

1955 3148 2026 3162 —
2049 3116 2108 3172 In
2137 3117 2261 3172 cod.
2293 3115 2458 3171 Taur.
2493 3114 2676 3169 LXXI.
2710 3113 2775 3170 V.
2810 3114 2984 3170 Catal.
3030 3115 3191 3171 codd.
3223 3115 3318 3170 Gr.
3359 3115 3536 3176 Taur.

1955 3227 2010 3282 p.
2041 3210 2164 3266 169.
2191 3207 2368 3263 Hanc.

2026 3302 2115 3356 46.
2157 3304 2262 3367 Εἰς
2291 3301 2356 3354 τὸ
2384 3300 2553 3369 ἅγιον
2577 3299 2811 3368 Πάσχα,
2853 3299 2949 3353 καὶ
2987 3299 3121 3369 περὶ
3160 3299 3270 3369 τῆς
3302 3301 3542 3371 spume-

1947 3412 2064 3464 ρου
2101 3395 2466 3464 προθεσμίας
2503 3391 2614 3461 τῆς
2659 3392 2764 3448 τοῦ
2817 3393 3074 3462 Χριστοῦ
3115 3393 3536 3460 ἀναστάσεως,

1958 3485 2025 3540 In
2048 3486 2108 3541 S.
2138 3485 2350 3540 Pascha
2373 3497 2422 3539 et
2439 3485 2504 3540 de
2527 3485 2778 3539 triduano
2803 3485 2936 3554 [esto
2955 3486 3352 3541 resurrectionis
3375 3487 3541 3541 Chri-

1955 3586 2025 3640 sti
2044 3583 2142 3654 (g),
2181 3597 2301 3653 pag.
2342 3579 2594 3644 814-851,
2623 3593 2747 3633 eum
2781 3577 2962 3634 Ducazi
2984 3579 3129 3634 notis
3151 3579 3218 3634 ad
3237 3580 3538 3636 voluminis

1955 3679 2186 3742 calcem,
2218 3685 2272 3728 et
2295 3674 2562 3734 versione
2612 3670 2810 3735 Sifani,
2852 3663 2973 3740 quae
3023 3678 3202 3726 exstat
3222 3672 3278 3725 in
3325 3669 3540 3729 Latinis

1956 3768 2187 3839 Nysseni
2211 3781 2435 3835 operum
2453 3763 2806 3819 editionibus.
2828 3759 3023 3831 Incipit
3043 3780 3056 3817 :
3076 3761 3144 3814 Εἴ
3161 3781 3244 3827 τις
3268 3781 3538 3835 πατριαρ-

1956 3861 2065 3931 χῶν
2087 3858 2322 3926 εὐλογία.
2356 3857 2518 3910 ΡΑΒιι.
2552 3856 2612 3910 In
2649 3856 2770 3910 cod.
2807 3855 3056 3911 Monach.
3094 3855 3280 3912 CXIV.
3308 3856 3371 3910 V.
3403 3857 3532 3913 Cat.

1955 3952 2116 4008 codd.
2171 3950 2264 4005 Gr.
2318 3948 2508 4002 Bavar.
2565 3963 2618 4018 p.
2670 3947 2760 4001 44.
2800 3977 2870 3986 —
2905 3946 3242 4003 Vindobona:
3294 3948 3348 4001 in
3402 3951 3532 4004 cod.

1955 4042 2159 4096 Caesar.
2182 4038 2459 4101 CCXLIV,
2497 4055 2533 4102 ι,
2569 4033 2827 4106 excerpta
2861 4053 2926 4092 ex
2953 4039 3053 4092 hac
3084 4049 3222 4092 orat.
3253 4023 3315 4091 V.
3362 4039 3535 4092 Larn-

1956 4135 2076 4189 bec.
2101 4148 2298 4189 comm.
2342 4131 2403 4188 V.
2438 4147 2490 4201 p.
2525 4130 2808 4185 235.—ln
2839 4130 3016 4184 tribus
3031 4130 3190 4184 codd.
3210 4131 3340 4185 bibl.
3368 4131 3530 4186 Publ.

1957 4223 2132 4278 Paris.
2164 4255 2233 4264 —
2264 4223 2320 4277 In
2352 4223 2475 4277 cod.
2511 4221 2737 4276 Taurin.
2765 4220 2952 4285 LXXI,
2978 4220 3071 4274 Iul.
3111 4221 3234 4276 102.
3267 4251 3334 4261 —
3363 4221 3533 4292 Nyss.

275 4307 566 4369 morarius,
597 4306 746 4375 Lips.
785 4306 946 4372 1561,
977 4305 1028 4360 8.
1061 4303 1119 4358 In
1140 4305 1242 4358 hoc
1272 4319 1525 4359 sermone
1550 4315 1679 4360 sunt
1701 4321 1851 4375 quaer

2025 4317 2234 4372 ationes
2260 4315 2323 4377 II,
2361 4331 2466 4368 una
2499 4313 2573 4367 De
2603 4311 2730 4366 Filii
2758 4323 2806 4365 et
2835 4310 3065 4379 Spiritus
3107 4311 3414 4375 S.deitate;
3445 4309 3528 4364 aI-

276 4397 400 4451 dam
432 4412 496 4451 ex
533 4398 866 4468 apocryphis
915 4407 970 4452 ct
1013 4397 1244 4450 incertis
1279 4395 1478 4450 hausta
1519 4396 1854 4450 narrationi-

279 4489 401 4542 bus.
454 4488 593 4542 Sunt
639 4497 694 4542 et
739 4488 986 4558 quzedam
1037 4489 1208 4559 petita
1261 4504 1326 4543 ex
1369 4503 1562 4558 magno
1617 4486 1848 4559 Nyssen.

278 4593 528 4633 sermone
552 4579 909 4652 catechetico.
945 4577 1203 4644 Quaedam
1235 4578 1427 4633 iisdem
1458 4578 1849 4648 propemodum

275 4673 458 4727 verbis
483 4673 741 4743 leguntur
772 4673 914 4744 apud
940 4672 1198 4743 Cyrillum
1227 4683 1413 4727 contra
1430 4671 1848 4740 Anthropomor-

277 4766 473 4819 vhitas.
512 4763 647 4818 Vide
685 4763 1087 4819 Tillemontium
1133 4771 1264 4817 tom.
1317 4761 1381 4815 IX
1454 4760 1677 4816 Memor.
1725 4779 1848 4833 pag.

273 4855 398 4910 6I'2.
442 4855 605 4912 Fann.
640 4856 706 4910 lat
745 4855 1066 4912 Sclirmckh.
1125 4855 1164 4910 l.
1193 4871 1242 4910 c.
1268 4872 1322 4926 p.
1355 4855 1456 4909 1‘25
1483 4871 1643 4925 sq.——-
1666 4853 1853 4910 Exstat

273 4948 330 4999 in
366 4944 435 4999 IX
487 4946 646 5002 codd.
687 4947 820 5000 bibl.
863 4945 1021 4999 Publ.
1057 4944 1324 5001 Paris.—
1354 4944 1407 4998 in
1461 4947 1580 4999 cod.
1620 4945 1849 5002 Taurin.

276 5036 462 5091 LXXI.
493 5069 563 5078 ——
596 5038 883 5092 Florentiae
914 5038 969 5091 in
998 5038 1128 5092 bibl.
1161 5037 1424 5094 Laurent.
1455 5039 1580 5093 cod.
1627 5037 1715 5102 IV,
1763 5055 1848 5093 nr.

276 5125 366 5182 ‘20.
401 5125 465 5180 V.
519 5127 745 5181 Bandin.
789 5127 905 5182 Cat.
963 5128 1121 5182 codd.
1170 5127 1264 5184 Cr.
1315 5129 1482 5184 Laur.
1531 5129 1568 5194 I,
1616 5147 1667 5199 p.
1724 5131 1847 5186 522.

277 5217 448 5273 lianc.

346 5361 418 5434 (rt)
463 5359 602 5434 βόῑι.
629 5377 688 5434 it.
728 5362 861 5416 1658
891 5401 905 5424 ,
974 5372 1104 5417 10m.
1144 5363 1235 5427 III,
1261 5379 1381 5434 pag.
1415 5363 1542 5418 298.

351 5429 422 5500 (11)
462 5430 585 5500 I’ag.
629 5430 751 5484 511.

347 5497 419 5566 (tt)
462 5497 587 5568 Pztg.
631 5503 754 5555 517.

359 5570 432 5636 (ά)
474 5569 599 5640 Pug.
643 5573 764 5628 53!).

1957 4415 2073 4460 tera
2094 4405 2238 4459 dicta
2264 4404 2350 4459 die
2382 4402 2704 4464 Paschatos,
2731 4400 2827 4454 Gr.
2847 4407 2900 4454 et
2927 4398 3051 4453 Lat.
3084 4415 3150 4456 ex
3170 4415 3311 4454 vers.
3341 4401 3526 4456 Ioacb.

1955 4494 2277 4559 Camerarii,
2304 4492 2453 4562 Lips.
2488 4489 2650 4554 1564,
2681 4490 2734 4543 8.
2772 4487 2947 4541 ΒΑΜ..

2024 4588 2114 4642 47.
2157 4585 2388 4640 Ilomilia
2441 4582 2504 4648 II,
2551 4582 2626 4636 De
2668 4581 3051 4636 resurrectione
3093 4578 3313 4647 Christi,
3362 4589 3416 4636 et
3447 4581 3538 4636 ὅτι

1954 4677 2093 4731 κατὰ
2119 4676 2282 4747 μηδὲν
2305 4674 2550 4743 ἀλλήλοις
2590 4671 2998 4733 ἐναντιωθέντες
3030 4673 3077 4724 οἱ
3109 4671 3531 4740 Εὑαγγελισταί,

1955 4770 2105 4836 Quod
2123 4769 2267 4822 nullo
2288 4765 2438 4820 modo
2454 4766 2709 4820 contrarii
2727 4766 2865 4818 inter
2877 4780 2931 4817 se
2945 4763 3410 4834 sintEvangelistw
3428 4766 3534 4836 (h),

1953 4874 2007 4928 p.
2059 4857 2320 4922 852-848,
2352 4870 2474 4910 cum
2513 4852 2681 4908 Laur.
2749 4852 2923 4906 Sifani
2975 4854 3246 4907 versione.
3283 4851 3481 4922 Incipit
3515 4873 3531 4909 :

1952 4950 2160 5011 Πάντες
2182 4948 2299 5018 μὲν,
2325 4945 2613 5016 ἀγαπητοὶ,
2645 4944 2720 5007 ὡς
2755 4945 2926 4996 εἰπεῖν
2965 4943 3328 5014 ἀναδέχονται.
3379 4942 3537 5000 Hanc

1955 5038 2058 5092 sub
2097 5036 2347 5106 Ilesychii
2379 5033 2652 5090 Hierosol.
2683 5035 2903 5088 nomine
2931 5033 3100 5087 edidit
3130 5032 3314 5088 Graece
3344 5043 3396 5088 et
3427 5031 3537 5088 La-

1954 5129 2068 5182 tine
2105 5126 2302 5182 Frane.
2331 5124 2690 5181 Combeﬁsius
2710 5135 2840 5178 tom.
2863 5121 3144 5177 IAuctarii
3165 5125 3281 5178 novi
3313 5140 3368 5194 p.
3403 5123 3532 5181 745.

1957 5217 2126 5270 ann.
2147 5215 2393 5272 Cou'ibef.
2421 5231 2475 5287 p.
2501 5216 2602 5272 775
2624 5224 2677 5271 et
2707 5215 2834 5279 777,
2867 5214 3140 5286 Hesychio
3189 5214 3327 5268 hanc
3353 5212 3539 5270 homi-

2019 5356 2087 5426 (ε)
2129 5355 2255 5425 Pag.
2292 5357 2416 5410 551.

2029 5427 2103 5495 in
2139 5426 2273 5496 pag.
2306 5427 2431 5479 866.

2023 5497 2095 5564 (g)
2137 5495 2264 5564 pag.
2295 5496 2417 5548 δερ.

2027 5563 2102 5634 (7t)
2144 5563 2272 5633 P318.
2296 5566 2419 5619 600.
