3768 6000
256 261 325 318 29
1445 272 1727 328 NOTITIA
1771 273 1856 328 EX
1901 275 2235 336 FABRICIO.
3453 282 3522 336 3O

256 383 386 436 liam
435 383 712 452 ascripsit,
769 386 1030 454 quoniam
1083 389 1138 442 in
1167 390 1292 445 cod.
1340 391 1578 460 quodam
1631 393 1833 448 tributa
1867 401 1908 455 A
1938 399 2188 469 απαντὴν
2225 415 2525 466 sermones,
2553 401 2646 471 qui
2675 399 2932 464 feruntur,
2951 400 3053 456 sub
3081 400 3394 455 nominibus
3420 415 3520 468 an;

256 476 327 528 sit
358 472 654 545 Hesychio,
691 483 745 529 et
778 476 870 530 illa
904 477 1140 534 bomilia:
1171 481 1359 550 prima:
1384 483 1438 536 in
1476 484 1838 552 explicatione
1860 495 1874 508 ‘

250 566 354 620 loci
408 566 700 635 cujusdam
753 568 809 622 in
861 568 1099 626 Matthaci
1165 572 1369 644 Evang.
1401 586 1692 646 repugnet,
1737 580 1874 633 nec"

248 655 503 710 eumdem
536 658 805 714 orationis
830 669 994 731 atque
1017 663 1342 732 eloquentiae
1371 667 1632 730 colorem,
1654 669 1746 738 qui
1780 669 1835 723 in

248 746 480 816 reliquis
533 745 771 819 Nysseni
815 757 983 807 oratt.
1047 762 1328 820 cernatur,
1391 771 1505 827 pra:
1537 773 1596 812 sc
1647 758 1830 814 ferat:

246 838 391 890 idem
431 837 667 902 dubitat,
701 855 831 894 num
873 843 1048 910 prima
1084 844 1283 900 similis
1323 849 1630 916 argumenti
1658 850 1835 904 oratio

245 930 319 984 sit
348 931 605 1000 genuina.
650 932 759 987 Sed
796 948 903 988 non
939 934 1209 991 satisfecit
1240 938 1595 994 Schroeckhio
1620 956 1672 1011 p.
1708 940 1867 1008 I28,‘

245 1025 344 1094 qui
375 1025 522 1078 illam
554 1025 803 1078 criticam
841 1025 1200 1096 qmestionem
1229 1031 1478 1087 curatius
1527 1048 1650 1088 esse
1686 1033 1834 1088 inve-

245 1117 560 1188 stigandam
593 1126 756 1187 atque
785 1119 1204 1175 examinandam
1233 1121 1488 1191 judicat:
1524 1140 1588 1179 ac
1640 1141 1692 1196 p.
1729 1124 1832 1179 126

245 1223 374 1278 sqq.
414 1209 576 1264 latius
603 1208 848 1278 disputat
885 1210 952 1264 de
981 1209 1024 1263 V
1055 1211 1297 1269 homiliis
1343 1213 1419 1268 De
1452 1217 1833 1270 resurrectione

246 1300 468 1354 Christi.
503 1330 572 1340 —
602 1300 676 1354 De
721 1305 1103 1356 resurrectione
1138 1305 1191 1357 in
1244 1320 1438 1360 novem
1485 1307 1644 1362 codd.
1696 1307 1828 1362 bibl.

243 1389 407 1444 Publ.
457 1390 632 1445 Paris.
668 1421 734 1430 ——
793 1392 866 1446 De
911 1397 1289 1450 resurrectione
1343 1394 1546 1450 Christi
1597 1406 1645 1451 et
1693 1397 1829 1466 quod

244 1476 397 1528 nullo
435 1475 587 1529 modo
631 1479 888 1530 contrarii
941 1481 1076 1533 inter
1111 1497 1166 1534 se
1216 1482 1325 1536 sint
1367 1482 1741 1552 Evangelistaz,
1774 1484 1830 1538 in

244 1565 378 1620 cod.
411 1564 639 1621 Taurin.
703 1567 888 1631 LXXI,
947 1569 1040 1623 fol.
1076 1571 1201 1625 114.
1236 1601 1304 1612 —
1343 1570 1543 1628 Eadem
1597 1575 1650 1627 in
1704 1575 1827 1630 cod.

243 1653 566 1725 liosquensi
594 1654 640 1709 ν
688 1666 912 1712 notante
943 1657 1179 1714 Matthaei
1217 1661 1270 1714 in
1308 1669 1421 1716 not.
1464 1663 1625 1717 codd.
1682 1663 1828 1718 Mos-

243 1762 444 1815 quens.
479 1762 534 1816 p.
567 1746 618 1814 7,
651 1763 738 1802 nr.
773 1747 863 1803 25.
894 1778 966 1790 -
994 1747 1056 1804 In
1085 1751 1209 1806 cod.
1251 1751 1484 1808 Coislin.
1513 1753 1670 1818 CVII,
1701 1735 1905 1810 sunt‘B

244 1854 335 1893 nr.
365 1838 454 1894 6-9
487 1847 723 1908 quatuor
749 1837 980 1911 Nysseni
1017 1842 1166 1898 hom.
1227 1843 1280 1897 in
1312 1843 1368 1898 S.
1433 1844 1644 1901 Pascha
1682 1847 1740 1900 h.
1789 1848 1824 1900 l.

247 1940 549 1986 numerata;
575 1929 756 1986 i649.
791 1930 855 1985 γ.
896 1930 1194 1988 Moatfauc.
1250 1935 1380 1990 bibl.
1436 1934 1667 1992 Coislin.
1702 1953 1824 2008 pag.

248 2023 376 2077 I82.
410 2022 600 2093 Esau}

322 2115 418 2168 48.
453 2112 519 2167 1η
551 2131 740 2185 magna
788 2114 1069 2170 Dominica
1097 2157 1112 2181 ,
1157 2116 1379 2172 bomilia
1431 2117 1520 2183 III,
1575 2119 1652 2173 De
1694 2121 1827 2188 festo

251 2205 548 2260 Pass/tatas
561 2217 610 2262 et
634 2209 1014 2262 resurrectione
1041 2208 1139 2279 (a),
1167 2209 1420 2274 848-866,
1439 2225 1563 2265 cum
1581 2211 1826 2280 ejusdem

245 2296 427 2352 Silani
463 2299 727 2354 versione.
770 2298 967 2370 Incipit
1001 2319 1014 2352 :
1053 2301 1116 2354 Οἱ
1143 2301 1371 2372 πένητες
1394 2302 1502 2355 τῶν
1523 2302 1826 2374 ἀνθρώπων

241 2389 535 2459 φιλέορτοι.

311 2483 401 2538 49.
438 2480 672 2536 Homilia
702 2479 794 2546 IV,
833 2483 924 2546 Ei;
943 2485 1002 2536 τὸ
1035 2483 1188 2552 ἅγιον
1211 2485 1304 2538 καὶ
1327 2486 1590 2557 σωτήριον
1615 2487 1822 2557 Πάσχα,

245 2573 324 2627 De
345 2583 530 2627 sancto
563 2583 613 2626 et
641 2573 922 2642 salutifero
949 2573 1206 2629 Paschate
1230 2575 1327 2646 (b),
1345 2592 1398 2646 ιι.
1420 2577 1675 2642 866-869,
1701 2595 1823 2633 cum

243 2666 526 2721 Laurentii
559 2664 738 2720 Sifani
763 2667 1038 2722 versione.
1071 2666 1264 2737 Incipit
1299 2688 1310 2722 :
1358 2669 1421 2722 Ἦ
1463 2669 1688 2740 ἀληθινὴ
1730 2670 1824 2723 τοῦ

243 2760 518 2813 σαϐϐάτου
532 2759 894 2823 κατάπαυσις.
917 2759 1107 2814 Exstat
1126 2767 1180 2815 et
1209 2775 1332 2815 cum
1354 2762 1603 2818 versione
1625 2761 1821 2818 Joaclt.

240 2851 566 2916 tiamerarii,
600 2851 798 2920 Lipsiae
824 2851 982 2914 1565,
1009 2851 1064 2916 8,
1129 2859 1182 2906 et
1211 2867 1334 2907 cum
1373 2852 1825 2922 interpretatione

238 2942 489 3010 ejusdem
517 2941 838 3010 Camerarii,
879 2950 1044 3013 atque
1074 2945 1246 2998 altera
1292 2943 1509 3000 Henrici
1541 2944 1841 3003 Oelschlae-

239 3035 402 3105 gerii,
424 3034 697 3104 hujusque
732 3036 876 3090 notis
916 3036 1264 3106 philologicis
1294 3052 1359 3092 ac
1388 3038 1741 3112 theologicis,
1766 3041 1822 3096 in
1852 3073 1894 3132 ο

241 3128 486 3182 tironum
523 3143 656 3183 usus
685 3128 992 3183 adornatis.
1026 3128 1247 3184 Dresdaa
1275 3130 1432 3196 I628,
1465 3132 1517 3187 8.

309 3217 401 3273 50.
448 3217 683 3272 Homilia
705 3216 769 3285 V,
802 3218 897 3281 Εἰς
919 3217 1016 3289 τὴν
1043 3220 1354 3292 φωτοφόρον
1389 3221 1483 3275 καὶ
1509 3222 1670 3291 ἁγίαν
1696 3222 1827 3275 ἀνά-ο

241 3326 456 3374 στας-ιν,
487 3308 552 3362 In
599 3309 955 3378 luminiferam
999 3321 1047 3364 et
1103 3320 1344 3366 sanctam
1391 3315 1823 3368 resurrectionem

244 3400 459 3458 Domini
485 3410 534 3454 et
555 3399 651 3454 Dei
683 3400 851 3453 nostri
879 3401 970 3470 (ε),
999 3416 1117 3470 pag.
1147 3400 1405 3469 869-875,
1429 3418 1551 3457 cum
1579 3404 1826 3459 versione

246 3493 494 3548 Federici
534 3491 764 3548 Morelli.
811 3491 1008 3562 Incipit
1033 3513 1044 3546 :
1069 3494 1375 3566 Εὐλογητὸς
1400 3497 1428 3548 ὁ
1459 3495 1612 3556 Θεός.
1643 3497 1825 3566 Εὐφη-

243 3588 528 3657 μὴσωμεν.
594 3583 877 3639 Prodierat
932 3586 1229 3655 separatim
1292 3586 1388 3642 Gr.
1434 3570 1574 3641 'cum
1616 3587 1823 3643 Morelli

239 3678 490 3732 versione
521 3675 695 3730 Paris.
730 3674 892 3737 1600,
926 3674 980 3738 8,
1031 3686 1084 3730 et
1139 3674 1491 3732 Tillemontio
1529 3686 1586 3731 ut
1636 3693 1822 3732 rerum

241 3772 446 3834 inanis,
475 3772 548 3824 ita
585 3770 820 3825 recentis
870 3768 1104 3824 Grreculi
1151 3785 1275 3826 esse
1307 3770 1526 3825 videtur
1559 3780 1690 3826 tom.
1753 3771 1824 3826 IX

242 3862 470 3918 Memor.
527 3865 711 3917 eccles.
758 3877 813 3932 p.
847 3861 972 3916 615.
1415 3850 1421 3856 ’

305 3958 395 4011 51.
439 3956 548 4020 Εἰς
584 3954 696 4022 τὴν
721 3953 1052 4022 ἀνάληψιν,
1097 3953 1161 4007 1η
1195 3955 1557 4009 ascensionem
1606 3953 1824 4009 Domini

241 4051 406 4104 nostri
438 4047 573 4101 Iesu
620 4046 842 4111 Christi,
899 4063 1020 4117 quae
1048 4047 1166 4102 dies
1221 4047 1358 4102 festa
1403 4047 1822 4118 Cappadocibus

240 4143 385 4195 dicta
417 4149 504 4196 est
531 4143 564 4210 ἠ
590 4141 965 4212 ἐπισωξομένη
1003 4140 1107 4212 (d'),
1147 4157 1200 4211 p.
1229 4141 1490 4206 873-876,
1543 4157 1667 4199 cum
1703 4159 1823 4197 ver-

1942 487 2240 556 tiquiorum
2267 487 2511 556 Patrum,
2550 489 2831 556 Methodii,
2865 489 3052 559 Cyrilli
3078 488 3374 552 Ilierosol.,
3408 488 3516 542 Na—

1940 579 2210 647 zianzeni,
2245 577 2500 651 Nysseni,
2533 581 2830 645 Ambrosii,
2876 580 3251 652 Chrysostomi
3291 590 3346 635 et
3393 579 3522 634 Ful-

1937 672 2102 741 gentii
2133 693 2144 726 :
2202 687 2324 727 cum
2359 674 2556 728 festum
2599 673 2728 726 illud
2762 678 2975 726 constet
3005 670 3222 724 demum
3256 671 3517 724 celebrari

1937 763 2172 830 coepisse
2226 764 2280 817 in
2309 763 2549 818 Ecclesia
2607 778 2751 816 anno
2780 779 2850 816 xv
2876 761 3197 826 Iustiniani,
3231 763 3360 830 imp.
3389 759 3521 815 Vide

1937 849 2359 908 Thomassinum
2426 855 2480 908 in
2524 856 2728 924 scripto
2776 853 2981 908 Gallice
3021 854 3166 908 edito
3205 853 3278 906 De
3327 853 3512 922 festis,

1935 939 2031 994 lib.
2067 957 2124 1004 ιι,
2156 951 2208 996 et
2237 942 2403 998 Willi.
2439 942 2730 999 Ernestum
2765 941 3104 996 Tentzelinm
3136 943 3271 996 diss.
3306 941 3379 994 De
3411 942 3516 993 ritu

1937 1023 2215 1087 lectionum
2257 1053 2460 1091 sacrar.
2494 1035 2519 1107 §
2553 1038 2606 1090 6.
2639 1034 2801 1090 Fssa.
2849 1035 2973 1089 Acc.
3007 1033 3305 1088 Seln-mckh
3329 1072 3341 1086 .
3392 1049 3517 1103 pag.

1935 1125 2058 1180 150.
2102 1125 2214 1180 Sub
2247 1127 2465 1182 nomine
2495 1135 2674 1181 tamen
2738 1127 2963 1196 Nysscni
3000 1134 3082 1181 est
3127 1126 3179 1177 in
3223 1125 3344 1177 cod.
3397 1123 3510 1177 M0-

1936 1221 2097 1274 nach.
2136 1217 2270 1271 VIII.
2310 1216 2369 1270 V.
2421 1218 2540 1270 Cat.
2566 1217 2725 1270 codd.
2757 1217 2851 1271 Gr.
2896 1217 3088 1268 Bavar.
3125 1231 3245 1285 pag.
3280 1216 3334 1269 5.
3359 1245 3430 1254 ~——
3461 1216 3512 1268 in

1933 1312 2056 1366 cod.
2119 1307 2427 1383 Vindobon.
2480 1309 2683 1364 Caesar.
2728 1308 2819 1376 ΧΙ,
2880 1325 2966 1363 nr.
3014 1308 3066 1362 5.
3101 1305 3222 1360 Vid.
3256 1307 3511 1360 Lanmcc.

1933 1402 2070 1468 VIII,
2103 1419 2158 1473 p.
2196 1402 2316 1456 155.
2349 1431 2418 1440 -—
2477 1399 2767 1454 Florentiae
2795 1400 2846 1453 in
2888 1399 3012 1453 cod.
3054 1397 3312 1451 Laurent.
3351 1395 3512 1459 XVII,

1934 1512 2018 1550 nr.
2052 1496 2112 1548 51
2141 1511 2154 1558 ;
2179 1493 2272 1548 sed
2305 1493 2378 1546 ibi
2410 1507 2580 1546 sermo
2606 1492 2659 1543 in
2693 1507 2971 1543 occursum
3007 1487 3224 1542 Domini
3251 1495 3304 1542 et
3337 1487 3427 1542 Dei
3459 1496 3513 1542 et

1931 1586 1981 1642 Ι.
2013 1587 2139 1642 (thr.
2164 1585 2414 1640 diversus
2441 1591 2525 1639 est
2555 1584 2622 1638 ab
2641 1583 2810 1646 edito,
2832 1591 2884 1637 et
2921 1581 3110 1650 incipit
3143 1599 3155 1634 :
3186 1575 3314 1649 Εἶχε
3346 1579 3444 1649 μὲν
3477 1584 3509 1648 ἡ

1932 1673 2039 1732 τῶν
2088 1677 2377 1747 γενεθλίων
2413 1677 2739 1747 πανήγυρις,
2775 1683 2882 1729 etc.
2911 1673 2975 1727 ν.
3009 1674 3162 1743 plura
3198 1673 3251 1726 in
3283 1672 3511 1725 Bandini

1933 1771 2050 1825 Cat.
2095 1770 2251 1824 codd.
2280 1769 2374 1823 Gr.
2411 1767 2574 1822 Laur.
2612 1766 2652 1830 I,
2686 1782 2739 1836 p.
2766 1765 2891 1820 419.
2920 1795 2990 1805 --
3015 1765 3073 1816 In
3107 1762 3228 1817 cod.
3282 1761 3508 1815 Taurin.

1935 1860 2092 1915 LXX.
2125 1861 2216 1915 l'ol.
2254 1859 2358 1914 545
2415 1859 2544 1928 (cat.
2608 1856 2768 1913 codd.
2832 1853 2927 1910 Gr.
2961 1853 3129 1908 Taur.
3188 1868 3308 1922 pag.
3361 1851 3508 1920 I67).

1931 1953 2101 2007 HARL.

2001 2044 2089 2097 5'5.
2122 2042 2262 2110 Περὶ
2333 2041 2627 2107 θεότητος,
2663 2037 2737 2091 De
2791 2037 2987 2089 deitate
3017 2032 3150 2088 Filii
3196 2042 3244 2087 et
3277 2032 3508 2101 Spiritus

1930 2135 2102 2186 sancti
2137 2141 2185 2186 et
2230 2131 2295 2184 de
2326 2131 2429 2198 ﬁde
2475 2127 2765 2181 Abrahami
2825 2127 3026 2194 (sermo
3064 2124 3244 2178 dictus
3280 2125 3334 2176 in
3378 2137 3511 2176 con-

1930 2223 2055 2278 cilio
2075 2221 2240 2276 CPoI.
2268 2235 2319 2272 a.
2337 2219 2466 2273 Chr.
2487 2219 2612 2278 583,
2645 2225 2702 2270 ut
2722 2224 2966 2268 notatum
2998 2212 3350 2267 Tillemontio
3375 2219 3505 2262 tom.

1929 2311 2021 2376 IX,
2053 2304 2417 2381 pag.586[{]),
2457 2322 2576 2376 pag.
2613 2305 3021 2367 896-9I0,cum
3063 2301 3304 2372 ejusdem
3334 2299 3506 2353 Siiani

1930 2402 2202 2462 versione,
2225 2400 2317 2469 qui
2345 2397 2598 2452 Grmceet
2631 2395 2750 2448 Lat.
2772 2393 3224 2449 edideratColon.
3253 2390 3392 2444 1586
3420 2432 3434 2453 ,
3452 2391 3503 2443 8.

1929 2490 2231 2562 Nyssenum
2273 2489 2367 2551 Εξς
2406 2487 2496 2540 τὸν
2529 2486 2779 2557 Ἀϐραάμ
2815 2482 3421 2538 laudantTheodorilus
3454 2482 3506 2534 in

1929 2578 2260 2645 Diat.,Joan.
2319 2578 2705 2641 Damascenus,
2735 2591 2774 2640 t,
2809 2574 2887 2628 De
2922 2575 3141 2644 imagg.,
3169 2573 3440 2627 Adrianus
3463 2570 3505 2634 I,

1929 2685 2064 2744 papa
2087 2713 2102 2738 ,
2133 2673 2188 2726 in
2227 2671 2418 2740 epist.,
2441 2678 2493 2723 et
2523 2669 2813 2723 concilium
2845 2682 2883 2721 it
2911 2665 3113 2720 Nicaea.
3141 2671 3247 2718 aet.
3289 2665 3341 2725 4,
3373 2671 3504 2716 tom.

1929 2763 2015 2828 III,
2043 2763 2183 2818 Binii
2212 2777 2334 2832 pag.
2375 2759 2498 2824 512,
2529 2768 2580 2814 et
2609 2759 2930 2830 Enthymius
2973 2758 3029 2811 in
3077 2755 3360 2822 Panoplia.
3394 2752 3508 2807 Ho-

1927 2856 2074 2909 milia
2108 2855 2164 2909 in
2226 2851 2492 2906 Abraham
2521 2859 2568 2904 et
2602 2849 2760 2904 Isaac
2790 2849 3057 2902 Latineex
3091 2845 3317 2900 Achillis
3354 2843 3510 2898 Statii

1927 2947 2178 3002 versione
2202 2945 2401 3015 prodiit
2443 2942 2666 2996 Lovanii
2715 2940 2870 3004 1551,
2915 2954 3021 2994 una
3055 2952 3180 2992 cum
3222 2939 3280 2990 S.
3331 2936 3508 3005 Chry-

1929 3038 2154 3095 sostomi
2179 3035 2558 3106 explanatione
2574 3033 2722 3088 Orat.
2748 3031 3045 3087 Dominicaa
3079 3037 3134 3084 et
3162 3030 3509 3084 sermonibus

1933 3130 2109 3185 tribus
2132 3127 2195 3182 In
2214 3127 2444 3181 natalem
2461 3125 2694 3189 Domini,
2717 3123 2780 3187 In
2801 3130 2988 3177 sancta
3008 3121 3346 3190 Theophania
3363 3129 3413 3174 et
3436 3119 3510 3172 De
3595 3173 3600 3193 ι

1932 3221 2130 3275 Doride
2141 3221 2410 3290 propheta,
2429 3227 2481 3274 et
2496 3219 2774 3274 Athanasii
2801 3217 2867 3271 In
2896 3233 3141 3287 magnam
3163 3229 3499 3284 parasceren,

1933 3313 2299 3382 Amphilochii
2334 3311 2398 3366 In
2433 3312 2711 3366 sabbatum
2745 3319 3007 3376 sanctum,
3037 3305 3282 3376 Gregorii
3327 3304 3511 3356 Antio-

1933 3405 2090 3459 clteni
2143 3403 2208 3457 In
2265 3407 2588 3471 sepulturam
2645 3410 2694 3456 et
2754 3400 3191 3454 resurrectionem
3226 3395 3508 3464 Domini:

1935 3493 2224 3564 Sophronii
2255 3492 2319 3547 In
2341 3494 2714 3546 excitationem
2744 3499 2942 3546 sancta:
2977 3490 3147 3542 crucis
3174 3497 3221 3541 et
3251 3501 3512 3540 resurrec-

1933 3592 2155 3654 tionem;
2178 3589 2365 3661 Cyrilli
2393 3591 2547 3644 Alex.
2587 3587 2652 3641 In
2675 3587 2986 3656 parabotam
3007 3586 3202 3648 vincte;
3236 3582 3513 3638 Anastasii

1934 3681 2156 3738 Sinaita:
2180 3683 2253 3738 De
2287 3700 2443 3736 sacra
2473 3681 2685 3750 synaa‘i,
2709 3689 2762 3733 et
2797 3679 2872 3732 De
2900 3679 3118 3745 injuriis
3151 3675 3510 3736 remittendis;

1931 3773 2192 3828 Marciani
2237 3771 2644 3826 Bethlehemitze
2704 3770 3028 3839 fragmento,
3089 3765 3218 3830 Nili,
3271 3765 3508 3828 abbatis,

1931 3865 2178 3934 epistolis
2221 3863 2304 3927 III,
2329 3869 2382 3918 et
2412 3863 2553 3933 typis
2575 3861 2880 3932 epistolicis
2909 3858 3163 3930 anonymi
3187 3865 3239 3911 et
3275 3855 3510 3920 Libanii,

1931 3973 2143 4012 necnon
2194 3957 2312 4010 loco
2350 3955 2418 4010 de
2449 3953 2730 4024 epistolica
2767 3951 3005 4006 dictione
3035 3966 3096 4004 ex
3137 3947 3390 4003 Demetrii
3447 3946 3514 3999 li-

1929 4050 2030 4105 bro
2071 4049 2203 4120 Ilsp‘t
2246 4046 2562 4118 ἑρμηνείας.
2600 4046 2790 4099 Exstat
2830 4051 2882 4098 et
2913 4058 3036 4096 cum
3071 4039 3512 4109 interpretatione

1929 4141 2118 4199 Joaeh.
2161 4138 2483 4202 Camerarii,
2531 4136 2728 4206 Lipsia:
2777 4135 2936 4197 1561,
2971 4133 3024 4196 8,
3051 4140 3105 4187 et
3150 4132 3342 4186 edente
3391 4127 3514 4183 Hoc-

243 4231 394 4285 sione
422 4228 569 4284 Petri
598 4229 876 4285 Francisci
904 4229 1045 4284 Zini.
1081 4230 1277 4302 Incipit
1308 4251 1320 4287 :
1352 4233 1438 4296 '0;
1461 4232 1667 4299 γλυκὺς
1691 4249 1820 4284 συν·
1932 4233 2137 4290 schelio
2182 4230 2387 4293 Graece,
2441 4231 2700 4298 Augusta:
2731 4225 2945 4280 Vindel.
2990 4222 3150 4285 1591,
3190 4221 3242 4274 8.
3276 4219 3468 4287 Incipit
3496 4238 3506 4271 :

239 4323 479 4393 ἐμπορος
529 4320 624 4374 τοῦ
671 4321 1011 4393 ἀνθρωπίνου
1063 4321 1180 4391 βίου
1235 4323 1263 4375 ὁ
1312 4325 1595 4394 προφήτης
1636 4324 1818 4378 Δαυΐδ.
1931 4319 2056 4378 Οἶόν
2101 4341 2154 4376 τι
2215 4322 2487 4392 πάσχουσι
2533 4320 2670 4390 πρὸς
2707 4319 2834 4380 τοὺς
2881 4313 3200 4376 πολυανθεῖς
3237 4311 3344 4363 τῶν
3398 4310 3511 4361 λει-

243 4411 415 4484 Vertit
443 4421 498 4467 et
514 4411 680 4466 Laur.
720 4411 964 4469 Siianus.
1028 4411 1134 4468 Sed
1164 4412 1283 4466 Zini
1325 4415 1507 4467 versio
1542 4413 1708 4469 etiam
1764 4415 1820 4469 in
1855 4431 1899 4486 ι)
1933 4416 2149 4488 μώνων.
2182 4413 2351 4481 Fasti.
2388 4412 2580 4468 Exstat
2612 4412 2667 4464 in
2691 4409 2931 4478 quinque
2975 4403 3135 4459 codd.
3170 4403 3302 4458 bibl.
3350 4400 3508 4464 Publ.

243 4503 519 4560 Breviario
550 4502 799 4558 Romano
848 4503 1158 4574 praefertur,
1206 4514 1267 4559 ut
1309 4504 1624 4560 Possevino
1676 4513 1832 4560 nota—
1931 4508 2107 4566 Paris.
2142 4515 2197 4564 et
2251 4508 2307 4561 in
2346 4506 2469 4561 cod.
2499 4503 2729 4558 Taurin.
2763 4498 2948 4554 LXXI.
2997 4495 3063 4552 V.
3103 4497 3222 4552 Cat.
3259 4495 3353 4548 cit.
3389 4509 3508 4563 pag.

241 4604 374 4652 tum.
427 4595 596 4651 FABR.
631 4595 730 4652 Est
759 4597 812 4650 in
845 4594 890 4648 II
939 4597 1100 4651 codd.
1133 4596 1312 4652 Paris.
1343 4605 1396 4652 et
1422 4599 1478 4652 in
1511 4597 1635 4653 cod.
1665 4597 1831 4652 LXXI
1931 4600 2256 4670 169.1Huu"
3024 4602 3039 4613 '

243 4686 464 4743 Taurin.
504 4687 677 4741 HARL.

1998 4693 2086 4748 54.
2133 4689 2488 4760 Ἐπιτάφιος,
2520 4689 2706 4745 Oratio
2739 4685 2971 4756 funebris
3002 4684 3054 4735 in
3079 4682 3322 4750 fratrem,
3358 4677 3512 4730 Basi-

306 4781 388 4836 59..
461 4783 567 4844 Εἰς
638 4780 752 4849 τὴν
814 4779 1193 4847 ὐπαπαντήν,
1261 4779 1338 4834 De
1388 4795 1609 4834 occursu
1643 4778 1825 4832 Domi—

1996 4797 2057 4835 tm
2094 4795 2374 4850 magnum,
2407 4778 2730 4832 defunctum
2756 4791 2806 4830 a.
2839 4773 2969 4828 (1hr.
3001 4772 3125 4836 379,
3158 4771 3302 4824 dicta
3336 4765 3516 4819 Carsa-

241 4871 310 4935 ni,
339 4871 573 4937 Deipara
597 4878 646 4921 et
674 4868 816 4934 iusto
840 4868 1080 4925 Simeone
1109 4869 1202 4941 (e),
1247 4885 1369 4940 pag.
1405 4867 1664 4933 876—896,
1699 4882 1822 4922 cum

1996 4873 2106 4927 ein
2131 4873 2218 4927 die
2245 4872 2365 4940 ejus
2415 4869 2714 4925 memoriali
2780 4869 2870 4941 lg],
2903 4860 3330 4936 pag.9Il-950,
3388 4873 3512 4912 cum

239 4962 488 5017 versione
518 4959 684 5015 Laur.
715 4959 912 5015 Sil’ani.
954 4959 1149 5029 Incipit
1183 4981 1196 5016 :
1258 4962 1338 5032 Τῇ
1402 4960 1663 5031 φρονήσει
1712 4958 1822 5011 τῶν

1998 4963 2182 5019 rsione
2207 4963 2488 5017 Laurentii
2525 4960 2717 5016 Sifani.
2763 4957 2993 5027 Incipit;
3029 4953 3215 5022 Καλὴν
3241 4949 3512 5018 ἐπέθηκεν

241 5053 507 5124 οὐρανίων
537 5051 833 5122 μετέωρος.
866 5050 1054 5108 Exstat
1084 5059 1139 5107 et
1189 5051 1381 5106 Latine
1427 5048 1568 5121 apud
1601 5049 1823 5104 Surium

1996 5055 2100 5119 leo;
2123 5056 2221 5125 τὴν
2241 5054 2414 5119 τάξιν.
2437 5053 2700 5108 Memorat
2717 5047 3126 5122 Amphilochius
3159 5044 3211 5097 in
3239 5043 3297 5098 S.
3321 5041 3512 5094 Basilii

239 5142 272 5195 9.
304 5145 466 5206 Febr.
503 5142 888 5214 Metaphrastze
927 5144 1335 5215 interpolatoris
1374 5143 1600 5215 vestigia
1635 5144 1688 5197 in
1717 5143 1818 5198 hac

242 5235 458 5292 bomilia
510 5244 704 5291 notant
756 5237 857 5291 viri
899 5238 1069 5293 docti.
1113 5237 1178 5292 Et
1208 5252 1238 5291 a
1277 5237 1416 5292 Lud.
1453 5236 1820 5292 Thomassino

243 5343 334 5395 pro
365 5329 738 5402 supposititiis
794 5329 1063 5385 habentur
1094 5345 1286 5386 omnes
1346 5330 1422 5384 illi
1475 5329 1530 5384 in
1587 5328 1685 5400 τὴν
1717 5328 1824 5380 ὐπ-

307 5472 382 5542 (a)
427 5467 574 5524 Edit.
612 5468 856 5542 a._1658,
884 5469 968 5535 IIl,
1002 5487 1126 5542 pag.
1171 5471 1293 5525 416.

311 5541 382 5610 (ὁ)
427 5544 554 5611 Pag.
605 5540 733 5611 49.5.

310 5612 378 5673 (ci
421 5610 548 5682 Pag.

312 5682 388 5744 td)
427 5680 555 5748 I’ag.
600 5680 728 5735 411.

1932 5147 2072 5202 Vita.
2105 5145 2225 5219 [Est
2261 5148 2314 5201 in
2345 5145 2413 5200 IlI
2437 5145 2596 5201 cod-.l.
2621 5143 2827 5216 Paris]

1991 5241 2079 5296 55.
2148 5239 2492 5308 Ἐγκώμιον,
2539 5238 2680 5292 Laus
2707 5247 3016 5292 sanctorum
3050 5231 3145 5286 XL
3213 5238 3510 5300 martyrum

1937 5332 2369 5398 Sebastenorum,
2421 5332 2660 5388 homiliis
2693 5331 2757 5395 Il,
2805 5340 3035 5400 quarum
3081 5324 3234 5396 prior
3274 5321 3506 5391 incipit:

2009 5472 2082 5536 (εἰ
2106 5469 2230 5542 Png.
2264 5471 2386 5542 ΑΗ.

2011 5543 2089 5613 (ί)
2112 5541 2247 5613 pag.
2274 5541 2398 5594 tot.

2010 5611 2079 5684 (ig)
2109 5611 2231 5684 I’ag.
2268 5613 2392 5665 479.
