3746 5994
272 172 343 232 Si;

1497 161 1772 217 NOTITIA
1815 158 1904 214 EX
1959 155 2294 212 FABRICIO.

3458 137 3526 219 gn

275 307 336 352 ut
362 297 595 357 videtur,
631 291 819 363 Nyssa:
846 290 900 345 in
932 305 1122 344 eorum
1151 286 1434 358 martyrio,
1470 284 1583 339 sive
1618 279 1838 349 templo,
1870 285 1917 342 Α
1950 284 2139 348 postea
2169 272 2446 331 recensuit
2468 271 2729 326 Lambcc.
2755 269 2808 323 in
2834 268 2940 323 vol.
2970 263 3107 330 VIll,
3137 279 3259 336 pag.
3284 264 3390 318 155
3408 278 3525 334 sqq-

276 401 485 446 etcum
521 386 636 443 Jac.
689 384 930 439 Gretseri
980 381 1236 438 versione
1279 393 1426 435 nunc
1455 377 1692 448 primum
1733 375 1853 429 edi-

279 490 333 537 ta
355 480 453 551 (a).
487 477 680 547 Incipit
707 492 720 527 :
746 476 808 529 Oi
835 475 936 545 μὲν
963 471 1180 525 ὁπλῖται
1219 468 1524 539 Ῥωμαίων.
1555 467 1685 522 Dute
1709 463 1853 537 prio-

278 587 365 626 res
391 566 632 622 homilite
661 580 848 635 supra,
880 577 966 617 nr.
991 562 1081 616 55.

350 683 441 738 70.
478 679 677 735 Contra
702 696 789 735 eos
846 677 935 748 qui
964 674 1215 744 differunt
1253 673 1572 743 baptismum
1607 667 1705 740 (b),
1732 680 1854 720 cum

280 773 535 830 versione
566 770 821 827 Gentiani
868 768 1111 823 llerveti.
1164 765 1359 835 Incipit
1400 784 1412 818 :
1449 762 1513 813 οἱ
1546 759 1645 829 τῆς
1679 760 1859 810 οἰκου-

287 867 452 938 μένης
476 864 678 934 ταύτης
701 860 956 932 βασιλεῖς.
986 858 1174 914 Latine
1192 857 1305 928 jam
1327 854 1428 909 fuit
1446 866 1636 923 supra,
1659 864 1745 905 nr.
1764 847 1856 902 21.

285 956 374 1030 [ν.
415 954 737 1012 δοὺνωειίιι.
772 969 825 1023 p.
856 951 958 1006 117
983 948 1132 1022 sqq.]
1224 937 1245 951 ’

356 1068 447 1123 71.
477 1066 637 1120 Κατὰ
670 1062 1036 1127 τοκιζόντων,
1068 1061 1276 1117 Contra
1313 1059 1609 1123 usurarios,
1642 1054 1758 1111 sive
1789 1052 1862 1120 fc—

288 1168 577 1222 neratores.
611 1170 734 1211 cum
760 1156 1010 1210 versione
1042 1152 1160 1208 Jac.
1197 1150 1442 1207 Gretseri
1471 1148 1570 1219 (ο).
1618 1144 1814 1214 Incipit
1843 1161 1857 1196 :

289 1252 412 1305 Τῶν
454 1248 758 1320 φιλαρέτων
790 1244 1112 1319 ἀνθρώπων.
1147 1243 1340 1297 Latine
1377 1241 1490 1311 jam
1523 1238 1627 1293 fuit
1674 1249 1861 1306 supra,

289 1357 377 1397 nr.
401 1340 492 1394 26.
519 1339 732 1393 Laudat
761 1338 820 1394 S.
857 1337 1119 1393 Basilium
1145 1342 1200 1390 et
1239 1348 1362 1404 quae
1393 1332 1485 1386 ille
1505 1331 1562 1385 in
1585 1328 1865 1383 Psalmum

290 1442 402 1496 xiv,
431 1440 623 1486 contra
648 1430 982 1485 feneratores
1009 1427 1327 1497 scripserat.

361 1545 448 1599 72.
486 1544 561 1598 De
600 1541 915 1612 pauperibus
946 1548 996 1593 et
1032 1536 1395 1605 beneﬁcentia,
1417 1532 1557 1601 Περὶ
1576 1533 1863 1599 εὐποιΐας,

1956 378 2012 423 et
2033 368 2086 426 in
2110 381 2239 438 quo,
2265 366 2338 420 ibi
2359 367 2481 419 cod.
2501 362 2548 416 X
2573 368 2879 426 numerato,
2902 358 3053 413 varia
3069 364 3201 413 sunt
3218 355 3361 409 Max.
3378 354 3527 438 Plan.

1957 459 2243 529 opuscula,
2270 458 2324 512 in
2347 457 2432 511 his
2449 471 2532 511 nr.
2560 453 2613 519 5,
2641 458 2941 507 tnernorata
2961 449 3159 514 oratio,
3177 447 3337 515 cujus
3348 432 3529 511 etiam,

1959 549 2061 606 sub
2092 547 2230 603 Max.
2265 546 2424 600 Plan.
2459 544 2683 599 nomine
2705 583 2721 610 ,
2756 541 3005 596 meminit
3052 542 3163 593 Leo
3204 538 3435 592 Allatius
3478 537 3531 591 in

1959 640 2191 694 diatriba
2228 639 2295 693 de
2330 636 2664 708 Symeonnm
2698 628 2917 702 sériptis
2952 646 3076 701 pag.
3113 630 3205 697 87,
3241 628 3366 684 add.
3401 626 3533 682 Nes-

1961 734 2079 790 selli
2112 741 2218 789 cat.
2253 731 2413 786 codd.
2443 729 2647 785 Caesar.
2681 734 2822 797 part.
2858 741 2911 791 ι,
2945 741 2998 795 p.
3030 724 3133 779 556
3157 763 3169 786 ,
3201 731 3255 777 et
3286 730 3426 792 part.
3460 735 3532 783 tv.

1961 841 2083 897 pag.
2115 823 2218 879 158
2237 864 2250 888 ,
2277 824 2433 877 codd.
2465 817 2740 876 CCLXIX.
2772 848 2838 858 -—
2862 816 2979 871 Sub
3004 814 3223 869 Maximi
3253 812 3409 867 Plan.
3438 828 3537 866 no-

1962 919 2107 970 mine
2132 922 2312 970 exstat
2337 927 2553 982 quoque
2583 910 2636 963 in
2668 908 2790 963 cod.
2837 907 3102 960 Laurent.
3142 902 3322 968 XXII,
3354 919 3440 957 nr.
3473 904 3537 968 5,

1960 1006 2098 1076 plut.
2133 1004 2220 1061 56.
2261 1002 2319 1057 V.
2356 1001 2586 1057 Bandin.
2618 1000 2738 1054 Cat.
2775 998 2946 1053 codd.
2983 997 3075 1052 Gr.
3109 994 3269 1049 Laur.
3305 993 3382 1059 II,
3413 1008 3534 1064 pag.

1962 1096 2088 1153 527.
2112 1094 2246 1149 Add.
2279 1093 2421 1148 infra
2449 1093 2556 1147 vol.
2594 1090 2675 1155 X,
2709 1106 2833 1161 pag.
2865 1088 3008 1153 554,
3042 1103 3128 1141 nr.
3168 1086 3257 1141 14.
3291 1084 3467 1140 II.uu..

2033 1186 2124 1242 76.
2154 1184 2428 1253 Expositio
2448 1183 2656 1237 Cantici
2686 1181 3034 1243 canticorum,
3064 1192 3156 1246 per
3189 1176 3539 1244 parapltrasin

1965 1279 2208 1342 colleCta,
2258 1293 2325 1332 cx
2370 1275 2471 1330 SS.
2516 1272 2762 1346 Gregorii
2795 1270 3049 1342 Nysseni,
3102 1269 3207 1323 Nili
3235 1278 3290 1324 et
3321 1268 3539 1323 Masimi

1966 1366 2400 1432 commentariis,
2432 1363 2618 1420 Graece
2643 1379 2765 1417 cum
2792 1362 2937 1418 Petri
2966 1360 3241 1416 Francisci
3271 1358 3391 1414 Zini
3423 1370 3543 1411 ver-

1969 1458 2123 1513 sione
2143 1456 2339 1528 legitur
2361 1463 2492 1509 tom.
2515 1451 2833 1514 ILAuctarii
2862 1451 3003 1506 Bibl.
3020 1450 3242 1505 Patrum
3269 1445 3542 1510 Ducaeani,

1968 1547 2146 1603 Paris.
2182 1546 2341 1609 1624,
2372 1552 2428 1600 et
2456 1544 2511 1599 in
2536 1543 2862 1596 Bibliotheca
2890 1541 3142 1605 Patrum,
3179 1538 3351 1593 Paris.
3388 1536 3539 1598 1654,

291 1650 413 1690 cum
462 1633 581 1686 Zini
612 1620 995 1700 versione'(d).
1044 1626 1277 1696 Incipit:
1331 1624 1389 1678 '0
1416 1624 1516 1695 τῆς
1548 1622 1863 1693 Ἐκκλησίας

2021 1656 2104 1695 im.
2131 1637 2271 1704 XIII,
2311 1652 2415 1693 ms.
2449 1634 2636 1690 Graece
2679 1645 2803 1705 post
2831 1632 3222 1689 Theodoritum
3258 1630 3313 1683 in
3355 1626 3544 1684 Canti-

291 1725 495 1796 ταύτης
546 1722 825 1794 πρόεδρος.
866 1718 1059 1774 Latine
1097 1717 1210 1788 jam
1260 1715 1363 1770 fuit
1400 1730 1587 1785 supra,
1634 1728 1722 1768 nr.
1774 1711 1866 1779 21,

294 1815 504 1880 ωηερε,
539 1813 722 1868 addita
756 1809 879 1864 Zini
917 1807 1391 1878 interpretatione,
1424 1806 1634 1876 primus
1683 1803 1872 1875 vulga-

293 1910 365 1964 v’it
408 1907 723 1969 Gretserus,
749 1918 780 1958 e
812 1900 1007 1957 codice
1042 1897 1313 1962 Caesareo,
1344 1897 1503 1967 cujus
1540 1893 1873 1965 Seb.Teng-

296 2000 544 2070 nagelius
596 1996 699 2067 ipsi
729 1994 942 2065 capiam
973 1991 1122 2056 fecit,
1178 2004 1230 2044 a.
1277 1988 1436 2049 1617,
1477 1987 1774 2059 Ingolstad.
1815 1987 1868 2051 4,

297 2093 362 2147 ad
399 2092 604 2145 calcem
626 2087 996 2154 Quaestionum
1030 2081 1307 2137 Anastasii
1340 2080 1588 2134 Sinaitze.

366 2185 455 2238 75.
511 2181 573 2234 1η
617 2178 933 2249 principium
975 2170 1870 2246 jejuniorum,Elc:mpsla'6’a0'tr

297 2269 751 2340 margarita-mum
782 2266 1038 2335 versione
1066 2262 1182 2318 Jac.
1232 2261 1497 2327 Gretseri,
1538 2261 1630 2329 qui
1668 2260 1877 2330 primus

200 2415 206 2427 ,
300 2372 529 2437 utraque
566 2361 750 2430 lingua
777 2357 945 2412 edidit
979 2352 1465 2426 Ingolstad.15l7,
1506 2356 1540 2408 1i
1585 2351 1680 2423 (ε).
1733 2350 1877 2404 Inci-

301 2456 411 2525 pit:
441 2452 698 2507 Σύνθετον
722 2448 857 2514 ζῶον
879 2449 907 2500 ὁ
932 2446 1237 2518 ἄνθρωπος.
1266 2443 1389 2500 Iltec
1413 2441 1636 2498 homilia
1666 2441 1881 2495 Asterio

301 2548 572 2598 Amaseno
616 2536 879 2594 tribuitur
926 2552 957 2591 a
996 2536 1208 2602 Photio,
1259 2537 1373 2606 qui,
1409 2532 1657 2590 nonnihil
1704 2547 1770 2586 ex
1816 2545 1905 2598 ea‘

299 2632 457 2689 aIl'crt
485 2630 608 2688 eod.
644 2627 916 2684 CCLXXI.
956 2626 1034 2699 [In
1080 2627 1203 2682 cod.
1245 2625 1499 2680 Laurent.
1534 2618 1726 2685 XXVI,
1756 2635 1859 2674 .nr.

309 2724 398 2789 14,
438 2724 578 2793 plut.
614 2721 667 2774 7.
702 2719 769 2775 V.
804 2719 1035 2773 Bandin.
1068 2718 1109 2782 I,
1141 2734 1194 2788 p.
1229 2717 1356 2784 279,
1389 2717 1444 2771 in
1488 2716 1527 2769 II
1587 2714 1746 2769 codd.
1776 2713 1881 2765 Pa-

285 2812 492 2885 _ris.,in
518 2808 640 2866 cod.
671 2808 898 2863 Taurin.
929 2806 1114 2862 LXXI.
1148 2804 1351 2885 iisan]

373 2900 462 2956 71.
510 2899 710 2957 Contra
750 2899 1088 2968 fornicarios,
1146 2897 1259 2951 sive
1305 2896 1361 2949 in
1403 2893 1536 2948 illud
1564 2891 1809 2962 Apostoli
1851 2889 1870 2942 l

1973 1748 2091 1787 cum
2152 1731 2481 1784 canticorum
2547 1728 2602 1781 in
2675 1726 2864 1782 codice
2932 1725 3235 1794 theologica
3296 1720 3547 1776 Caesareo

1973 1817 2243 1876 CCCXIV.
2302 1817 2469 1872 Fann.
2500 1846 2572 1857 —
2603 1815 2859 1871 Monach.
2916 1814 2971 1868 in
3024 1814 3147 1868 cod.
3200 1809 3440 1866 XXXIX.
3480 1808 3545 1862 V.

1973 1922 2077 1966 cat.
2117 1909 2211 1965 Gr.
2258 1907 2421 1963 codd.
2475 1907 2667 1961 Bavar.
2719 1922 2773 1977 p.
2818 1906 2906 1960 10.
2935 1937 3001 1948 —
3031 1904 3191 1960 Conf.
3247 1903 3369 1958 cod.
3412 1900 3546 1965 LVI,

1972 2002 2175 2056 Caesar.
2229 1999 2379 2055 etde
2419 1999 2513 2052 illo
2555 1996 2811 2053 Lambec.
2847 2012 3048 2053 comm.
3100 1995 3191 2060 lII,
3242 2010 3296 2064 p.
3327 1993 3458 2056 212,
3490 2008 3553 2048 ac

1975 2095 2029 2150 in
2067 2095 2173 2149 hoc
2216 2094 2323 2148 vol.
2364 2106 2427 2162 p.
2467 2092 2573 2148 285
2612 2106 2695 2162 sq.
2746 2106 2832 2145 nr.
2864 2091 2919 2156 5,
2952 2104 3017 2145 ac
3042 2104 3165 2159 pag.
3200 2086 3268 2145 96
3325 2087 3430 2143 sub
3459 2088 3549 2140 Iin.

1979 2187 2151 2243 “ARL.

2049 2319 2134 2374 77.
2180 2316 2423 2385 Epistola
2447 2314 2515 2368 ad
2537 2313 2850 2384 angrium,
2884 2311 3222 2374 monachum,
3256 2310 3388 2365 latet
3411 2309 3555 2364 inter

1977 2410 2258 2466 orationes
2307 2406 2659 2472 Nazianzeni,
2710 2421 2941 2469 numero
2974 2404 3136 2472 XLV,
3184 2404 3280 2469 sed
3316 2404 3555 2475 Nysscni

1976 2518 2100 2566 esse
2124 2502 2365 2565 videtur,
2398 2498 2660 2569 quoniam
2694 2498 2751 2551 in
2779 2511 2847 2553 ea
2874 2496 3153 2567 leguntur,
3189 2511 3313 2566 quae
3345 2495 3557 2566 Euthy-

1979 2597 2122 2650 mius
2151 2596 2207 2649 in
2238 2592 2504 2660 Panoplia
2535 2590 2694 2645 allert
2729 2605 2792 2645 ex
2827 2588 3079 2660 Nysseno
3106 2587 3242 2661 πρὸς
3288 2587 3556 2659 Εὐάγριον

1981 2688 2211 2759 μόναχον
2233 2686 2362 2756 περὶ
2385 2684 2667 2754 Θεότητος,
2699 2690 2755 2738 et
2780 2682 2884 2739 sub
2914 2681 3020 2736 hoc
3045 2681 3205 2735 titulo
3233 2679 3482 2735 occurrit
3504 2679 3556 2732 in

1979 2778 2147 2833 variis
2201 2775 2364 2833 codd.
2410 2790 2547 2831 mss.
2598 2782 2660 2829 ut
2706 2773 2959 2829 Caesareo
3016 2771 3208 2827 Graeco
3244 2770 3558 2841 theologico

1982 2870 2119 2926 XLII
2153 2870 2247 2941 (g).
2299 2869 2504 2927 Confer
2547 2882 2671 2937 quae
2714 2880 2884 2935 supra
2926 2865 2981 2919 in
3023 2862 3369 2917 Nazianzeno
3424 2858 3557 2914 dixi.

303 2993 432 3047 Cor.
463 3008 537 3055 vr,
571 2991 656 3055 18,
681 2989 785 3056 Qui
815 2989 1133 3058 fornicatur,
1158 2988 1212 3040 in
1240 2985 1512 3056 proprium
1539 2999 1728 3050 corpus
1758 2997 1863 3051 pec-

2021 2964 2123 3019 lcm
2163 2963 2446 3033 Evagrius,
2489 2975 2612 3031 quae
2637 2975 2667 3014 a
2693 2957 2955 3043 Gregorio
2988 2955 3056 3010 de
3077 2963 3317 3026 quatuor
3345 2952 3565 3007 virtuti-

303 3096 390 3140 cat
418 3085 508 3157 if),
533 3101 658 3139 cum
701 3086 950 3139 versione
972 3082 1225 3137 Cenliani
1262 3078 1500 3134 Herveti.
1524 3077 1718 3147 Incipit
1744 3094 1757 3130 :
1780 3077 1879 3128 Φο-

306 3177 440 3250 ϐερὰ
466 3178 565 3247 τῆς
603 3175 961 3246 ἀποστολικῆς
995 3170 1369 3243 παραγγελίας
1415 3171 1448 3240 ἡ
1490 3167 1743 3237 σάλπιγξ.
1779 3166 1881 3245 La-

307 3270 419 3326 tine
458 3269 570 3339 jam
593 3267 692 3321 fuit
721 3281 885 3336 supra
919 3280 1003 3318 nr.
1025 3264 1116 3317 22.
1148 3261 1334 3316 Cmce
1363 3262 1571 3331 primus
1593 3275 1714 3314 cum
1747 3258 1881 3314 Her-

308 3358 415 3414 vcti
476 3359 732 3413 versione
762 3355 935 3411 edidit
965 3354 1280 3409 Gretserus.
1310 3352 1605 3423 Ingolstad.
1644 3351 1801 3417 1617,
1823 3351 1877 3405 4.

308 3450 586 3504 Lacunam
616 3462 678 3501 ex
702 3446 891 3501 codice
910 3443 1101 3499 Graeco
1122 3442 1389 3497 Vaticano
1411 3443 1685 3513 supplevit
1716 3441 1879 3495 Laur.

309 3538 666 3608 Zaccagnius,
710 3537 763 3591 in
825 3535 1171 3591 Collectancis
1216 3543 1670 3589 monumentorum
1723 3541 1880 3587 vete-

312 3645 453 3692 rum,
495 3627 654 3684 llom.
691 3625 851 3693 1698,
886 3627 940 3693 4,
976 3640 1030 3695 p.
1068 3625 1194 3679 353.

379 3719 445 3776 V.
483 3720 550 3773 In
580 3727 769 3772 neutra
803 3717 1032 3772 editione
1078 3714 1489 3771 Caeco-Latina
1521 3715 1775 3769 habentur
1795 3731 1813 3768 :

380 3809 669 3872 Praeterea,
705 3824 827 3878 quae
856 3822 980 3862 cum
1008 3808 1264 3865 referrent
1292 3811 1459 3874 edita,
1490 3810 1650 3864 simul
1680 3821 1887 3862 memo-

311 3900 449 3963 ravi,
480 3915 566 3954 nr.
610 3900 660 3966 7;
704 3900 790 3967 ιδ,
822 3880 915 3968 es,
944 3899 1133 3968 27,58
1164 3909 1217 3956 et
1248 3901 1332 3954 74.

383 4004 473 4061 75.
536 4004 602 4058 In
638 4003 858 4059 Petrum
904 4014 954 4060 et
1037 4005 1283 4062 Paulum.
1348 4006 1579 4062 Ilomilia
1655 4006 1889 4075 longior,

313 4112 476 4169 quam
500 4112 566 4152 ex
590 4113 694 4153 ms.
719 4095 967 4153 Caesareo
988 4114 1110 4154 cum
1144 4101 1395 4156 versione
1420 4115 1517 4155 sua
1546 4098 1713 4154 edidit
1733 4098 1892 4153 Jaco-

319 4191 419 4245 bus
442 4187 732 4245 Gretserus
757 4190 1051 4262 Iugolstad.
1078 4191 1236 4257 1620,
1269 4192 1321 4246 8.
1348 4195 1642 4257 Incertum,
1663 4206 1730 4244 an
1760 4189 1895 4262 Nys-

1982 3057 2085 3112 bus
2112 3054 2489 3111 cardinalibus
2518 3051 2790 3114 didicerit,
2839 3034 3027 3105 retulit
3056 3047 3111 3101 in
3152 3061 3253 3101 suo
3287 3044 3563 3107 Gnastico,

1980 3161 2011 3201 e
2054 3160 2164 3216 quo
2223 3142 2481 3198 Socrates
2533 3156 2607 3205 tv,
2660 3138 2769 3193 23:
2815 3139 2902 3191 ’Ev
2929 3135 3009 3202 τῷ
3033 3133 3354 3198 Γνωστικῷ
3393 3130 3562 3186 αὐτοῦ

1984 3233 2296 3306 (Εὐάγριος)
2327 3228 2555 3284 τοιαῦτά
2592 3240 2746 3297 φησι·
2774 3225 3058 3296 Τέσσαρας
3091 3222 3288 3294 ἀρετὰς
3334 3220 3563 3284 καὶτὰς

1984 3327 2215 3397 θεωρίας
2266 3322 2445 3377 αὐτῶν
2491 3321 2641 3392 παρὰ
2664 3318 2759 3372 τοῦ
2801 3319 3012 3373 δικαίου
3047 3308 3348 3388 Γρηγορῖου
3384 3331 3565 3386 μεμα-

1986 3418 2233 3489 θήκαμεν
2268 3411 2432 3478 εἶναι,
2470 3412 2749 3484 φρόνησιν,
2776 3416 2883 3465 etc.

2056 3545 2143 3600 78.
2163 3538 2596 3612 Ἀντιρῤητικός
2621 3537 2770 3606 πρὸς
2788 3535 2861 3589 τὰ
2891 3532 3361 3601 Ἄπολλιναρίου,
3378 3530 3569 3586 Antir-

1987 3638 2212 3693 rltelicus
2238 3626 2487 3689 adversus
2515 3629 2901 3701 Apollinarem.
2933 3624 3161 3696 Incipit:
3186 3623 3364 3679 Καλὸν
3383 3620 3451 3676 ἂν
3475 3622 3569 3692 γέ-

1990 3747 2131 3784 νοιτο
2173 3726 2457 3799 προοίμιον
2495 3725 2649 3794 ἡμῖν.
2698 3720 2916 3791 Insigne
2956 3719 3059 3771 Il’oc
3099 3731 3236 3785 opus
3269 3730 3302 3770 ει
3337 3713 3569 3769 Leontio

1993 3821 2119 3892 Ilyz.
2151 3817 2395 3887 invariis
2423 3815 2667 3884 scriptis,
2699 3829 2728 3866 a
2751 3811 2909 3866 Joan.
2932 3809 3268 3864 Datnasceno
3289 3814 3342 3861 et
3363 3805 3573 3876 Euthy-

1993 3913 2119 3977 mio,
2155 3923 2369 3964 necnon
2401 3908 2456 3961 in
2496 3906 2635 3959 actis
2672 3913 2838 3959 sextae
2888 3900 3084 3972 synodi
3126 3899 3342 3953 actione
3369 3896 3419 3950 X
3450 3898 3571 3950 lau—

1992 4006 2198 4066 datum,
2254 4010 2726 4069 memoratumque
2775 3997 3077 4067 Nicephoro
3131 3982 3227 4057 ιι,
3270 3990 3358 4055 10,
3397 3987 3570 4052 Ilist.,

1994 4096 2203 4166 primus
2233 4108 2299 4149 ex
2333 4091 2525 4147 codice
2566 4088 2850 4154 Vaticano,
2884 4085 2986 4141 700
3023 4082 3243 4137 circiter
3272 4093 3571 4139 annorum,

1995 4188 2232 4258 vulgavit
2261 4201 2385 4240 cum
2427 4181 2679 4239 versione
2713 4194 2812 4235 sua
2854 4178 3108 4246 notisque
3149 4172 3312 4226 Laur.
3367 4170 3575 4225 Zacca-

318 4285 434 4339 seni
471 4285 560 4339 sit.
590 4283 758 4338 ann.
791 4261 885 4339 Est
908 4283 1124 4337 Maximi
1155 4283 1435 4347 Planudte,
1468 4290 1525 4335 ut
1558 4282 1666 4336 late
1706 4261 1890 4335 docuit
1925 4292 1966 4347 ι)
1995 4280 2174 4349 gnius,
2209 4279 2262 4332 in
2298 4274 2642 4330 Colleclaneis
2677 4277 3057 4325 monumentor.
3098 4274 3351 4326 veterum,
3403 4261 3573 4314 Rom.

318 4374 573 4431 Lambec.
592 4376 644 4428 in
669 4375 880 4429 Comm.
906 4376 1015 4432 vol.
1038 4373 1129 4437 IV,
1156 4390 1207 4445 p.
1243 4374 1344 4428 119
1373 4389 1493 4442 Sqq.
1527 4371 1595 4427 de
1610 4373 1737 4427 cod.
1757 4371 1893 4434 CIX,

318 4464 521 4522 Caesar.
553 4467 606 4519 in
635 4483 746 4534 quo
770 4478 858 4520 nr.
903 4466 991 4528 12,
1016 4467 1106 4520 illa
1137 4465 1336 4529 oratio,
1368 4465 1638 4533 principio
1673 4464 1892 4524 mutila.

318 4556 581 4626 Gregorio
614 4555 772 4627 Nyss.
805 4559 1118 4622 ascribitur,
1148 4566 1201 4612 et
1234 4572 1299 4611 ex
1329 4570 1436 4625 quo
1474 4554 1787 4618 Grctserus,
1825 4572 1892 4611 ex

321 4647 481 4715 cujus
522 4646 733 4716 praefat.
779 4646 1038 4702 Lambcc.
1088 4648 1307 4715 longum
1360 4648 1634 4715 excerpsit
1677 4647 1890 4707 locum,

324 4738 470 4791 illam
498 4737 668 4806 edidit
701 4737 1023 4792 orationem.
1062 4738 1165 4792 Sed
1192 4736 1448 4792 Lambee.
1484 4736 1893 4800 animadvertit,

323 4831 378 4884 in
404 4830 535 4885 bibl.
559 4830 669 4887 duo
694 4831 984 4886 memorari
1016 4830 1237 4886 codices
1263 4831 1465 4903 Caesar.
1495 4843 1727 4899 quorum
1760 4827 1898 4880 alter

326 4924 469 4977 inter
491 4922 652 4977 codd.
680 4922 877 4979 histor.
913 4921 1006 4976 Gr.
1041 4922 1206 4978 etiam
1235 4922 1475 4976 continet
1500 4920 1638 4974 duas
1674 4917 1895 4971 Maximi

328 5015 586 5071 Planudis
611 5023 798 5079 oratt.,
823 5014 878 5067 in
908 5014 993 5069 his
1023 5022 1161 5069 orat.
1190 5014 1243 5067 in
1272 5014 1538 5081 apostolos
1601 5008 1815 5065 Petrum
1848 5017 1899 5061 et

329 5110 599 5173 Paulum;
636 5111 796 5172 alter,
830 5108 957 5162 olim
989 5124 1099 5171 ut,
1135 5109 1277 5163 inter
1297 5108 1456 5161 codd.
1487 5106 1703 5176 philnl.,
1734 5119 1895 5173 quem

399 5288 477 5359 (ᾳ)
501 5287 646 5359 Edit.
675 5302 735 5359 τ).
761 5286 918 5353 1053,
950 5297 1083 5344 tom.
1115 5286 1180 5353 II,
1211 5301 1333 5358 pag.
1362 5284 1489 5339 205.

398 5329 476 5423 ἱῐὶ
505 5329 646 5427 ἷῶξῖ
674 5329 918 5412 est?“
1214 5329 1311 5376 "°

426 5434 473 5487 ε)
509 5428 637 5497 Pag.
672 5428 793 5481 Mi.

425 5498 479 5567 ά)
510 5498 637 5567 Pag.
666 5497 793 5551 255.

403 5568 473 5643 te)
505 5570 637 5640 Pag.
672 5568 796 5622 2i7.

2007 4369 2165 4435 1698,
2196 4370 2250 4433 4,
2282 4384 2336 4440 p.
2374 4366 2632 4422 125-287.
2659 4361 2860 4419 Confer
2902 4374 3089 4430 supra,
3138 4371 3223 4410 nr.
3260 4354 3349 4416 15,
3381 4351 3477 4407 ubi
3508 4351 3577 4407 de

1996 4462 2317 4533 fragmentis
2343 4468 2471 4515 ante
2503 4456 2668 4512 editis
2708 4453 2940 4524 Nysseni
2965 4459 3150 4505 contra
3182 4447 3575 4516 Apollinarem.

1999 4553 2165 4607 ana.
2199 4550 2536 4620 Zaccagnius
2566 4548 2604 4601 I.
2636 4561 2683 4601 c.
2711 4561 2763 4615 p.
2810 4544 2905 4598 121
2952 4557 3038 4612 sq.
3070 4539 3291 4608 collegit
3328 4536 3581 4590 testimo-

2000 4646 2090 4699 nia
2137 4645 2204 4698 dc
2243 4644 2335 4696 illo
2367 4640 2598 4711 Nysseni
2652 4635 3049 4697 Antirrltetico,
3103 4640 3266 4700 atque
3315 4629 3369 4682 in
3418 4627 3579 4696 praef.

2002 4752 2124 4808 pag.
2166 4735 2232 4790 18
2286 4750 2408 4804 sqq.
2441 4732 2783 4787 demonstrat
2812 4727 3076 4799 primum,
3114 4739 3253 4794 opus
3282 4721 3416 4776 illud
3452 4735 3583 4776 esse

2004 4826 2297 4897 genuinum
2328 4822 2555 4895 Nysseni
2586 4821 2787 4884 fetum;
2836 4829 2950 4874 tum
2988 4816 3217 4888 inquirit
3250 4816 3306 4868 in
3336 4820 3583 4882 tempus,

2005 4931 2115 4986 quo
2133 4915 2263 4969 illud
2282 4912 2384 4966 fuit
2400 4919 2705 4976 exaratum,
2719 4920 2773 4965 et
2789 4911 3097 4979 suspicatur
3114 4908 3385 4975 latiusque
3400 4913 3590 4960 osten-

2006 5007 2088 5061 dit
2116 5006 2321 5061 editum
2381 5002 2550 5057 fuisse
2581 5015 2611 5054 a
2640 4999 2892 5071 Nysseno
2920 4998 3101 5054 medio
3138 5008 3386 5066 tempore
3435 4994 3587 5049 inter

2007 5113 2209 5152 annum
2252 5095 2378 5161 575,
2425 5102 2479 5148 et
2519 5090 3185 5161 Constantinopolitanam
3232 5084 3584 5155 rsynodum,

2075 5275 2143 5342 if)
2171 5274 2300 5342 Pag.
2321 5271 2446 5327 260.
3436 5323 3450 5334 ,

2076 5348 2148 5413 lg)
2182 5345 2237 5396 In
2287 5344 2413 5413 cod.
2457 5342 2662 5413 Caesar.
2706 5334 2943 5413 LXXIX.
2996 5351 3081 5413 nr.
3125 5334 3326 5413 δ”-διώ
3360 5332 3591 5413 nomine
3635 5388 3645 5394 .

2005 5402 2251 5477 Gregorii
2288 5408 2876 5478 NazianzNidesupra
2899 5404 2954 5458 in
2996 5406 3102 5460 vol.
3133 5402 3271 5468 Vill,
3330 5418 3383 5472 p.
3449 5402 3589 5458 411.

2094 5499 2179 5535 ιιι..

2008 5485 2151 5626 ΗΔυι)
2186 5551 2242 5607 In
2266 5550 2385 5607 cod.
2418 5548 2580 5603 Laur.
2618 5548 2711 5607 καὶ
2745 5549 2893 5602 ποῖον
2920 5544 3108 5601 τοῦτον
3138 5544 3316 5608 ἄνθος.
3384 5559 3439 5609 n,
