3746 5994
2062 54 2101 69 Ὦ

222 185 273 236 31
1451 177 1732 234 NOTI'I'IA
1778 175 1799 228 1

1972 177 2252 237 tentato.
3410 158 3496 239 δι’

221 306 329 351 ante
386 299 802 355 meumenicam
888 315 924 352 ιι
983 297 1254 370 synodum
1305 305 1360 353 ct
1415 306 1541 353 ante
1592 297 1799 352 obitum
1830 299 1877 356 Α
1903 295 2064 368 Nyss.
2091 314 2198 368 qua
2227 298 2374 355 hunc
2396 299 2636 356 vindicat
2673 313 2867 358 contra
2906 319 3022 370 eos,
3055 304 3146 375 qui
3180 304 3359 375 ipsum
3394 304 3481 359 in-

227 390 574 463 Apollinaris:
620 406 749 461 pag.
796 391 858 445 2|
898 407 1070 462 usque
1108 391 1177 446 all
1222 405 1347 462 pag.
1393 390 1455 444 41
1492 389 1796 445 doctrinam

227 485 526 555 placitaque
566 482 806 555 Nysseni
852 485 1099 554 quaedam
1154 483 1411 552 explicat,
1466 489 1521 535 et
1568 481 1800 536 liberare

223 575 394 630 studet
436 590 568 630 eum
597 589 629 628 a
665 574 896 629 crimine
947 572 1333 634 heterodoxiaz,
1377 586 1542 641 quam
1572 577 1793 636 vocant,

221 666 432 735 agitque
468 665 537 719 de
585 664 837 735 reliquis,
888 681 1027 735 quos
1067 663 1253 729 edidit,
1307 661 1537 735 Nysseni
1572 662 1790 717 libellis.

221 758 322 813 Sed
352 772 620 828 compara
652 757 975 813 Sehrceckh.
1021 758 1060 816 I.
1109 771 1160 811 c.
1204 771 1326 826 pag.
1354 754 1423 810 69
1447 772 1568 826 sqq.
1599 755 1668 810 de
1703 755 1796 809 illo

215 864 399 918 opt-re,
450 849 546 919 qui
604 849 863 919 opinatur
917 850 1093 904 serius
1175 848 1419 919 potuisse
1470 863 1500 901 a
1549 846 1797 919 Nysseno

215 940 485 1009 scriptum
523 954 670 1001 esse,
723 947 777 993 et
826 939 1013 993 laudat
1053 938 1256 994 Christ.
1291 938 1427 1008 Aug.
1455 938 1650 1007 Salig.,
1702 937 1795 1008 qui

215 1031 537 1100 diligentius
575 1038 630 1085 et
662 1030 1000 1085 moderatius
1031 1031 1085 1084 in
1122 1030 1216 1084 lib.
1246 1028 1318 1083 De
1354 1028 1794 1098 Eutychianismo

215 1135 336 1178 ante
389 1122 684 1193 Eutychen,
733 1138 855 1192 cap.
897 1122 987 1187 20,
1037 1138 1089 1192 p.
1138 1122 1240 1176 176
1293 1139 1413 1192 sqq.
1461 1122 1796 1179 defendisset

216 1214 449 1287 Nysaea.
501 1215 785 1269 catholicae
827 1213 1130 1284 disciplina:
1175 1213 1438 1277 deditum,
1486 1230 1522 1268 a
1569 1215 1796 1269 crimine

216 1306 364 1360 falsa:
393 1304 685 1359 doctrinae.
727 1302 866 1360 Add.
910 1303 1122 1361 Scmler
1157 1321 1208 1375 p.
1237 1305 1360 1359 2'56.
1395 1315 1449 1359 et
1500 1304 1700 1359 Oudin.
1739 1322 1791 1377 p.

214 1396 339 1451 609.
400 1411 487 1467 sq.
538 1425 609 1436 —
659 1395 729 1472 Id.
761 1411 900 1465 opus
933 1405 1111 1452 exstat
1146 1411 1364 1468 quoque
1414 1396 1705 1453 Florentia
1738 1401 1792 1453 in

214 1487 481 1543 Laurent.
520 1487 678 1542 codd.
711 1486 803 1551 IV,
854 1495 938 1541 nr.
977 1488 1064 1555 10,
1109 1490 1246 1559 plut.
1283 1491 1334 1551 7.
1382 1498 1435 1543 et
1463 1489 1579 1555 XII,
1621 1506 1708 1544 nr.
1737 1489 1790 1557 6,

213 1582 350 1648 plut.
410 1578 501 1633 10.
539 1577 609 1631 γ.
650 1578 884 1633 Bandin.
940 1588 1047 1633 cat.
1100 1580 1261 1635 codd.
1296 1581 1388 1634 Gr.
1436 1579 1598 1636 Laur.
1643 1581 1696 1646 1,
1737 1597 1791 1652 p.

209 1672 317 1745 205
345 1680 403 1727 et
443 1671 571 1726 482.
608 1670 776 1725 ΙΙΑιιι..

281 1762 375 1818 79.
415 1760 658 1815 Humilia
682 1759 767 1822 II,
792 1762 849 1815 in
878 1759 936 1816 S.
977 1760 1296 1830 Stephanum
1334 1770 1795 1833 protomartyrem,

211 1854 564 1923 Ἑπεδήμησε
586 1852 820 1923 Χριστὸς
846 1852 924 1922 τῷ
949 1850 1139 1923 κόσμῳ
1156 1854 1234 1917 εἰς
1258 1853 1552 1923 σωτηρίαν.
1581 1850 1801 1912 Primus

210 1946 405 2001 ϐαβαί
435 1962 499 2000 ex
532 1944 724 1999 codice
752 1942 1019 1998 Vaticano
1043 1959 1168 1999 cum
1198 1947 1451 2000 versione
1493 1961 1592 2001 sua
1632 1948 1803 2003 edidit

213 2040 564 2109 Zaccagnius
581 2054 633 2109 p.
653 2038 919 2103 350-5l5,
951 2054 1075 2092 cum
1107 2039 1274 2094 notis.
1304 2037 1463 2093 Prior
1485 2038 1585 2094 fuit
1611 2055 1799 2111 supra,

217 2148 306 2184 ιη’.
1412 2162 1417 2163 ν

290 2218 385 2273 80.
418 2215 671 2284 Ερὶειοιω
692 2214 855 2268 XIV:
881 2216 928 2268 l.
958 2216 1026 2268 ad
1061 2213 1368 2280 Eusebium,
1391 2217 1584 2287 incipit
1604 2234 1618 2271 :
1637 2218 1804 2273 Ὅταν

212 2309 541 2373 πλεονάζειν
586 2307 840 2379 ἄρχηται.
886 2306 944 2361 2.
973 2307 1042 2360 ad
1089 2306 1422 2373 Sebastenos,
1470 2307 1803 2381 Ἐγνὼρισαν

216 2402 352 2471 ἡμῖν
369 2414 536 2461 τινες.
559 2397 898 2451 5.Διέσωσεν
919 2397 1065 2466 ἡμᾶς
1089 2398 1118 2449 6
1137 2396 1360 2468 Κύριος.
1382 2398 1416 2452 4
1460 2398 1643 2468 Νόμος
1658 2401 1803 2454 ἐστὶν

215 2491 490 2563 ἡμέτερος
506 2489 720 2543 κλαίειν
756 2487 892 2558 μετὰ
928 2487 1240 2542 κλαιόντων.
1268 2490 1322 2543 5.
1358 2490 1473 2559 Ἐφ’
1501 2483 1546 2557 ᾧ
1570 2491 1804 2559 μάλιστα

217 2582 373 2653 παρὰ
392 2581 501 2635 uin:
528 2580 712 2649 σοφῶν
730 2581 760 2632 6
783 2579 1035 2650 βασιλεὺς
1057 2580 1164 2632 τῶν
1186 2580 1529 2636 Μακεδόνων.
1556 2584 1611 2638 6.
1626 2585 1806 2638 Tato'S-

214 2674 310 2726 τόν
358 2691 407 2727 τι
448 2670 641 2742 θαῦμά
697 2687 861 2738 φασιν
923 2672 982 2724 ἐν
1040 2674 1151 2734 τοῖς
1215 2672 1483 2744 θεάτροις.
1541 2676 1584 2731 7.
1648 2678 1805 2731 Ποῖον

217 2764 463 2817 τοιοῦτον
487 2763 567 2833 (α)
602 2761 765 2827 ἄνθος
791 2764 849 2814 ὲν
871 2761 1012 2832 ἔαρι.
1045 2762 1097 2816 8.
1124 2763 1299 2818 Αιτῶν
1324 2780 1377 2818 τι
1418 2769 1491 2836 (1))
1532 2771 1807 2838 προσφυὲς

214 2857 314 2908 καὶ
343 2856 565 2907 οἰκεῖον.
599 2852 654 2907 9.
686 2852 822 2905 Οὐδὲ
842 2852 933 2905 τοῦ
962 2853 1121 2924 ἔαρος
1145 2855 1179 2923 ἡ
1220 2855 1397 2926 χάρις.
1443 2857 1528 2913 10.
1557 2860 1805 2916 Ἤκουσά

212 2964 369 3010 τινος
410 2944 705 3017 Ἰατρικοῦ.
742 2944 831 2997 11.
861 2942 1085 3015 Ἐορτὴν
1118 2945 1270 3013 ἄγειν
1301 2946 1527 3017 σύνηθες
1541 2953 1653 3014 τοῖς
1682 2953 1808 3007 Ῥω·
1833 2966 1877 3024 c

217 3040 429 3111 μαίοις.
473 3039 563 3092 12.
596 3037 709 3091 Καὶ
730 3036 839 3090 τῶν
867 3036 1040 3090 ἄλλων
1066 3037 1320 3092 ἁπάντων
1348 3042 1549 3112 μικροῦ
1572 3045 1681 3099 δεῖν
1711 3048 1804 3119 (c).

218 3134 309 3187 15.
355 3132 534 3200 ’Υμᾶς
571 3129 672 3198 μὲν
700 3131 729 3183 6
759 3128 942 3199 πατὴρ
990 3129 1098 3181 τῶν
1140 3132 1458 3202 οἰκτιρμῶν,
1490 3144 1543 3189 et
1583 3137 1670 3192 H.
1720 3139 1809 3203 Ὠς

211 3223 368 3278 καλὰ
400 3223 510 3276 τῶν
541 3221 725 3275 καλῶν
753 3223 868 3273 ἐστι
894 3220 965 3274 τὰ
990 3221 1334 3292 ὁμοιώματα.
1375 3208 1592 3284 Primus
1623 3229 1810 3286 (irzece

208 3331 349 3368 cum
397 3312 654 3367 versione
701 3326 800 3365 sua
830 3318 884 3364 et
916 3312 1062 3365 notis
1091 3302 1435 3369 edidit'idem
1470 3316 1810 3390 Zaccagnius

208 3420 346 3474 pag.
400 3402 671 3458 35i—400.
710 3399 878 3454 Fann.
915 3402 1056 3456 Idem
1095 3401 1363 3473 Zaccagn.
1403 3406 1457 3460 in
1490 3409 1810 3477 praefatione

207 3513 264 3565 p.
306 3495 387 3548 12
418 3510 530 3563 sq.,
553 3491 802 3563 quaedam
836 3501 1025 3546 notatu
1054 3494 1218 3563 digna
1248 3495 1318 3550 de
1348 3497 1456 3554 illis
1476 3500 1809 3563 observavit.

203 3617 283 3629 —
318 3586 391 3640 In
418 3585 543 3641 cod.
594 3592 777 3638 autem
818 3582 1078 3640 Laurent.
1106 3584 1247 3650 XIII,
1270 3587 1405 3657 plut.
1435 3588 1521 3651 76,
1555 3606 1584 3645 a
1613 3591 1813 3649 Bandi-

202 3681 309 3735 uio
351 3680 414 3734 in
444 3677 624 3733 Catal.
663 3674 823 3731 codd.
858 3676 952 3730 Gr.
988 3677 1249 3733 Laurent.
1289 3687 1425 3735 tom.
1463 3681 1551 3751 Ill,
1592 3700 1647 3755 p.
1704 3687 1810 3742 535

202 3788 341 3842 sqq.
386 3768 646 3825 curatius
668 3766 969 3836 descripto,
1004 3775 1131 3822 sunt
1164 3776 1359 3838 praeter
1387 3768 1548 3842 Nyss.
1590 3775 1814 3846 physic-

201 3863 429 3933 Iogiam
456 3874 506 3915 ε.
543 3857 615 3912 De
641 3868 837 3912 natura
862 3857 1089 3912 hominis
1115 3867 1168 3913 et
1196 3874 1502 3916 sermonem
1529 3862 1608 3918 De
1631 3867 1812 3921 anima

199 3961 390 4023 atque
430 3949 851 4013 Calecheticum,
894 3963 958 4003 ae
994 3960 1188 4019 praeter
1215 3967 1339 4023 epp.
1378 3954 1432 4009 in
1468 3942 1599 4010 edit.
1632 3957 1809 4017 Paris.

195 4047 453 4113 partim,
526 4042 727 4111 partim
786 4056 816 4095 a
872 4040 1176 4112 Zaceagnio
1228 4045 1553 4112 publicatas,
1606 4060 1810 4119 septem

196 4138 358 4199 alia,
392 4150 467 4190 ex
510 4133 618 4187 hoc
643 4132 766 4188 cod.
797 4146 828 4185 a
851 4132 1167 4188 Caracciolo
1193 4133 1286 4190 Gr.
1317 4146 1372 4190 et
1396 4137 1514 4193 Lat.
1552 4140 1605 4194 in
1637 4141 1811 4197 lucem

190 4230 465 4282 emissae.
506 4226 778 4296 Inscripta
818 4232 999 4279 autem
1028 4232 1113 4281 est
1147 4225 1343 4282 editio:

269 4340 339 4394 S.
377 4339 580 4392 Patris
607 4339 779 4393 nostri
804 4335 1066 4409 Gregorii,
1088 4343 1316 4410 episcopi
1336 4342 1391 4396 Ν
1392 4361 1549 4413 pasce.
1580 4347 1816 4415 epistola:
1851 4321 1890 4374 0

188 4443 441 4498 septem.
474 4429 667 4485 Primo
690 4428 882 4484 Latine
904 4431 1085 4495 vertit,
1109 4415 1164 4487 et
1189 4434 1377 4498 edidit,
1406 4438 1815 4494 commentariis

188 4522 631 4591 nonnullisqne
687 4520 1255 4579 animadversionibus
1317 4524 1585 4594 adjectis,
1645 4527 1694 4582 .I.
1753 4529 1813 4583 Β.

188 4613 615 4677 tlaracciolus,
673 4612 737 4666 C.
773 4610 841 4665 Il.
882 4612 934 4664 in
967 4610 1165 4668 Pisano
1193 4612 1370 4686 Lyceo
1408 4616 1661 4686 publicus
1691 4620 1815 4689 phi-

188 4706 502 4776 losophia
550 4702 696 4773 prol'.
738 4701 1048 4769 Florentire,
1101 4706 1247 4775 typis
1279 4709 1460 4778 magni
1508 4709 1686 4773 ducis,
1726 4727 1814 4781 ap.

188 4794 548 4852 Tartinium
576 4800 631 4846 et
658 4790 1009 4848 Francbium.
1044 4794 1201 4849 l75l.
1235 4794 1329 4850 l‘ol.
1370 4796 1730 4870 Suhjungitur
1751 4802 1817 4857 ad

186 4890 422 4943 calcem
456 4902 537 4941 ex
567 4884 696 4939 eod.
731 4885 855 4941 cod.
883 4886 941 4940 S.
981 4884 1198 4941 Maximi
1243 4889 1491 4959 apologia
1525 4907 1623 4960 pro
1652 4890 1814 4965 Greg.

269 4997 727 5065 Ἑπευξὰμενος
772 4996 950 5051 τοίνυν
994 4999 1108 5060 τοῖς
1139 4998 1557 5053 πεπιστευκόσιν
1592 5001 1690 5072 ⁸ἤδη
1725 5004 1823 5075 τὴν

186 5096 269 5156 εὶς
304 5092 493 5154 τέλος
528 5087 782 5157 αὔξησιν,
803 5090 899 5143 καὶ
916 5087 1014 5159 τὴν
1044 5089 1377 5161 ἐπιστροφὴν
1408 5093 1520 5155 τοῖς
1551 5092 1822 5159 ἀπίστοις,

259 5261 349 5324 (αι
390 5253 463 5306 In
499 5246 839 5324 cod._Laur.
869 5246 1026 5324 Ζηςῷ
1046 5264 1118 5324 ει.
1152 5246 1326 5324 Ιιτιιιι..

261 5316 347 5395 (bi
386 5325 456 5379 In
476 5318 616 5395 cod.
640 5316 902 5373 Laurent.
920 5316 1187 5395 dividit-ut:
1205 5319 1318 5371 haec
1339 5318 1647 5395 epistola_i_n
1662 5321 1823 5395 duas.

188 5384 362 5454 Prior
402 5392 491 5448 ad
545 5387 814 5443 Joannem
862 5397 913 5441 et
960 5384 1530 5443 Haximianuminc.:
1575 5391 1684 5444 Καὶ
1714 5392 1824 5444 τῶν

186 5472 417 5532 ama»;
458 5459 773 5533 posterior,
807 5458 1008 5533 quaein
1036 5458 1355 5533 collectione
1401 5457 1675 5533 zacagniig
1700 5477 1821 5531 pag.

189 5539 327 5602 me.
357 5527 476 5591 13'":
498 5528 611 5587 Qa,
638 5530 841 5582 “inultas
869 5528 1027 5580 habet
1052 5528 1280 5602 lacunas
1304 5535 1354 5602 et
1382 5543 1426 5602 a_
1446 5527 1716 5599 Zacagnio
1756 5527 1821 5585 ex

192 5597 439 5686 ingenio
488 5601 808 5669 suppletas,
850 5606 905 5651 at
933 5597 1294 5651 scmirirculis
1325 5597 1669 5667 inclusas—et
1695 5618 1823 5657 con-

1824 1638 1870 1694 Β

1902 390 2256 455 simulabant,
2285 391 2432 462 quod
2451 391 2696 449 fallacem
2721 394 3014 465 quamdam
3044 396 3478 453 immutationem

1906 487 2081 536 status
2146 481 2452 538 animarum
2513 482 2568 537 in
2630 484 2747 539 suis
2810 485 3035 553 scriptis
3095 480 3477 545 memorasset.

1903 573 2129 628 Accedit
2167 573 2337 629 series
2374 574 2702 630 varietatum
2745 577 3101 647 epistolarum
3143 575 3413 648 Gregorii,
3448 595 3480 635 a

1906 663 2215 735 Zaccagnio
2243 665 2536 734 editarum,
2562 682 2700 736 quas
2731 682 2795 722 ex
2820 668 3109 724 collatione
3148 667 3271 723 cod.
3298 667 3474 723 Vatic.

1904 766 1957 813 et
1980 756 2204 812 Medicei
2235 757 2531 812 observare
2558 758 2704 821 licet,
2735 759 3061 827 interposito
3092 757 3366 814 interdum
3413 759 3480 814 de
3522 832 3527 839 δ
3590 804 3599 811 .

1903 849 1972 904 iis
2013 848 2244 918 judicio.
2276 847 2441 903 Plura
2470 850 2617 920 leges
2664 849 2731 905 de
2766 852 2869 905 hac
2907 851 3040 907 edit.
3080 852 3135 906 in
3172 867 3302 906 nov.
3339 851 3480 907 actis

1902 940 2057 996 erud.
2079 940 2230 1011 Lips.
2261 956 2335 994 m.
2362 939 2493 996 Jun.
2526 955 2576 995 a.
2605 941 2763 997 I739.
2791 949 2930 1013 part.
2960 959 3017 1008 ιι,
3048 959 3171 1013 pag.
3195 944 3322 1007 3'57,
3354 958 3477 1012 sqq.

1900 1031 2302 1086 Animadvertit
2331 1042 2512 1086 tamen
2559 1030 2788 1087 Bandin.
2824 1033 2859 1086 I.
2890 1048 2939 1087 c.
2974 1049 3095 1102 pag.
3128 1034 3232 1088 337
3265 1044 3483 1103 postreo

1901 1137 2020 1176 mas
2050 1137 2172 1191 epp.
2199 1123 2252 1175 in
2271 1122 2358 1177 ed.
2383 1123 2686 1180 Caraccioli
2714 1124 2897 1179 minus
2921 1124 3025 1178 ﬁde
3048 1139 3113 1176 ex
3137 1124 3257 1177 cod.
3286 1122 3477 1177 Medic.

1901 1208 2073 1264 fuisse
2099 1208 2424 1281 descriptas,
2457 1222 2508 1267 et
2533 1227 2562 1265 a
2591 1211 2775 1267 luturo
2808 1227 2934 1281 opp.
2960 1210 3118 1283 Nyss.
3151 1211 3359 1266 editore
3385 1228 3483 1266 no—

1898 1316 2020 1355 vam
2068 1301 2214 1357 illius
2254 1302 2377 1357 cod.
2409 1303 2755 1357 collationem
2804 1317 2927 1356 esse
2960 1298 3377 1356 instituendam.
3411 1329 3482 1340 ——

1903 1393 2080 1448 Paris.
2114 1393 2169 1448 in
2214 1394 2347 1449 bibl.
2378 1393 2534 1449 Publ.
2571 1402 2698 1449 sunt
2736 1392 2899 1465 Nyss.
2942 1408 3130 1463 paucae
3158 1393 3269 1463 jam
3320 1391 3483 1448 edita:

1903 1484 2146 1553 epistola:
2174 1485 2228 1539 in
2255 1483 2372 1540 XIII
2399 1484 2587 1549 codd.,
2610 1486 2666 1540 in
2697 1485 2949 1555 plurimis
2985 1495 3163 1539 tamen
3193 1484 3354 1539 codd.
3392 1500 3481 1539 so-

1898 1575 2176 1632 lummodo
2204 1584 2289 1632 est
2322 1577 2553 1648 epistola
2582 1592 2782 1633 canon.
2811 1577 2877 1631 ad
2912 1576 3180 1632 Letoium.
3210 1574 3384 1630 "ARL.

1982 1688 2234 1757 Epistola:
2258 1689 2487 1762 Nysseni
2511 1691 2581 1744 ad
2603 1690 3049 1760 Amphilochium,
3083 1705 3190 1760 qua
3229 1690 3484 1760 queritur

1903 1777 1970 1831 ab
2002 1776 2250 1834 Ilelladio
2283 1795 2393 1834 non
2436 1780 2723 1834 invitatum
2769 1795 2849 1844 se,
2886 1789 2943 1833 ut
2983 1780 3038 1833 in
3087 1780 3325 1834 ecclesia
3361 1778 3482 1848 ejus

1901 1870 2065 1924 verba
2101 1885 2259 1925 sacra
2296 1873 2522 1935 laceret,
2595 1872 2842 1925 meminit
2905 1870 3196 1925 Baronius.
3231 1869 3484 1941 [Diversa

1902 1961 2070 2031 igitur
2111 1964 2214 2016 erit
2253 1963 2322 2017 ab
2373 1961 2544 2030 Epist.
2603 1961 2671 2014 ad
2715 1962 3044 2032 Amphiloch.
3081 1976 3202 2031 qua:
3248 1961 3484 2031 septima

1900 2061 1987 2108 est
2026 2055 2078 2108 in
2107 2053 2193 2108 ed.
2223 2055 2543 2109 Caraccioli.
2584 2053 2676 2126 H.]

1975 2186 2065 2242 VI.
2108 2187 2165 2242 In
2209 2185 2472 2258 Catalogo
2519 2187 2655 2244 bibl.
2682 2186 2999 2242 Barberinm
3046 2201 3100 2255 p.
3133 2183 3241 2240 494
3281 2200 3486 2240 ιιιοιιιοο

1906 2287 2059 2358 ratur
2075 2278 2236 2350 Greg.
2258 2278 2541 2350 Nyssenus
2566 2279 2645 2334 De
2667 2278 3280 2334 transsubstantiatione.
3313 2277 3490 2333 Nimi-

1906 2390 2028 2429 rum
2076 2373 2305 2430 Parisiis
2349 2388 2401 2428 a.
2444 2371 2603 2437 1560,
2647 2372 2744 2427 fol.
2791 2379 2918 2442 post
2969 2370 3243 2441 Liturgias
3272 2369 3484 2430 Jacobi.

1906 2465 2093 2520 Basilii
2134 2473 2187 2521 et
2219 2464 2597 2537 Chrysostomi
2635 2465 2778 2519 inter
2809 2463 2960 2518 varia
2987 2472 3229 2517 veterum
3259 2459 3485 2515 Patrum

1907 2560 2108 2628 scripta
2151 2558 2219 2614 de
2265 2557 2324 2613 S.
2362 2557 2523 2612 Cwua
2557 2574 2606 2627 p.
2649 2556 2911 2619 l‘25-I25,
2961 2554 3147 2610 Graece
3178 2561 3357 2609 exstat
3385 2553 3494 2607 sub

1905 2650 2135 2721 Nysscni
2171 2649 2413 2713 nomine,
2460 2650 2582 2702 Ὀτι
2628 2648 2986 2718 ἁγιαζόμενος
3018 2647 3181 2717 ἄρτος
3211 2647 3290 2708 εἰς
3332 2642 3490 2712 σῶμα

1906 2739 1998 2792 τοῦ
2049 2738 2185 2791 Θεοῦ
2198 2734 2372 2803 Λόγου
2405 2738 2801 2807 μεταποιεῖται,
2826 2734 2920 2787 καὶ
2956 2733 3040 2785 ὅτι
3084 2732 3390 2794 ἐπάναγκες
3419 2730 3490 2798 τῇ

1908 2825 2223 2898 ἀνθρωπεία
2265 2824 2420 2894 φύσει
2467 2822 2632 2877 αὑτοῦ
2676 2819 3133 2892 μεταλαμϐάνειν.
3180 2814 3332 2881 Quod
3372 2829 3492 2867 san-

1910 2920 2173 2990 ctiﬁcatus
2214 2917 2367 2986 panis
2411 2917 2467 2969 in
2507 2930 2695 2983 corpus
2732 2912 2831 2967 Dei
2882 2910 3038 2965 Verbi
3080 2915 3488 2967 transmittatur,

1912 3010 2150 3081 quodque
2179 3022 2386 3062 necesse
2428 3006 2498 3060 sit
2549 3007 2794 3059 humanae
2821 3012 3029 3058 natura:
3061 3017 3121 3055 eo
3151 2999 3489 3069 participare.

1915 3100 2113 3155 Eadem
2139 3097 2416 3168 Liturgica
2449 3096 2640 3151 Latine
2683 3096 2833 3151 edita
2877 3112 2907 3150 a
2945 3093 3176 3149 Claudio
3205 3090 3272 3146 de
3303 3088 3494 3144 Sainc—

1917 3203 2016 3261 tes,
2059 3196 2336 3261 Antwerp.
2372 3190 2532 3253 1562,
2562 3190 2616 3252 8.
2651 3190 2742 3243 ubi
2772 3186 3018 3259 Nysseni
3062 3185 3205 3240 idem
3254 3194 3492 3251 apospa-

1916 3285 2151 3342 smation
2188 3299 2312 3354 pag.
2354 3282 2420 3337 74
2451 3281 2646 3337 Latine
2671 3281 2888 3352 legitur.
2922 3278 3019 3333 Est
3048 3285 3228 3330 autem
3266 3272 3495 3343 petitum

1915 3391 1981 3430 ex
2004 3389 2198 3445 magno
2230 3373 2379 3428 illius
2414 3372 2764 3428 Catechetico
2798 3362 2922 3445 cap.
2959 3367 3051 3434 37,
3086 3375 3248 3434 atque
3289 3375 3495 3430 expen-

1917 3467 2068 3522 ditur
2094 3467 2316 3537 copiose
2345 3466 2413 3520 ab
2445 3464 2732 3519 Edmundo
2771 3462 3079 3525 Albertino,
3116 3460 3172 3513 in
3216 3471 3380 3527 opere
3419 3452 3500 3505 De

1919 3557 2259 3614 Sacramenta
2299 3554 2647 3608 Eucharistia:
2677 3569 2726 3622 p.
2758 3552 2865 3606 485
2896 3567 3013 3620 seq.
3058 3548 3133 3603 De
3158 3543 3497 3601 catechetico

1919 3652 2010 3706 illo
2052 3651 2194 3704 libro
2221 3649 2429 3701 dictum
2460 3659 2623 3713 supra
2655 3660 2739 3696 nr.
2782 3643 2868 3696 '53.

1990 3754 2295 3826 Symbolum
2339 3750 2464 3819 fidei
2504 3748 2838 3813 Christianae,
2867 3745 3009 3817 quod
3040 3741 3284 3814 Gregorii
3314 3739 3498 3794 Thau-

1919 3845 2154 3916 maturgi
2185 3854 2292 3907 est,
2339 3841 2632 3896 adducitur
2667 3855 2697 3894 a
2722 3838 2970 3911 Nysseno
3016 3837 3072 3890 in
3110 3834 3228 3889 I'ita
3260 3830 3498 3901 Gregorii

1932 3935 2349 4005 Thaumaturgi,
2424 3934 2478 3987 in
2536 3931 2863 4002 quibusdam
2909 3929 3188 3983 codicibus
3250 3941 3381 3981 mss.
3438 3933 3499 3977 ut

1920 4030 2111 4085 ϐεξοςο
2150 4026 2400 4083 Caesareo
2430 4024 2738 4095 theologico
2766 4020 2953 4075 XLXII
2997 4020 3192 4089 legitur
3223 4018 3327 4073 sub
3358 4015 3498 4088 Nys-

1921 4121 2040 4178 seni
2070 4120 2310 4175 nomine.

1993 4252 2049 4305 In
2097 4254 2284 4305 codice
2319 4251 2490 4305 altero
2538 4249 2672 4304 bibl.
2721 4244 3093 4316 Seguierianze
3145 4244 3261 4299 sive
3303 4240 3500 4297 Coisli-

1921 4344 2104 4398 niana:
2153 4343 2274 4397 Vita
2326 4343 2565 4413 Gregorii
2599 4339 2983 4408 Thaumaturgi
3042 4353 3174 4403 non,
3225 4344 3284 4390 ut
3322 4337 3378 4390 in
3421 4338 3502 4389 al-

1923 4444 2062 4501 tero,
2110 4434 2314 4490 desinit
2368 4435 2422 4487 in
2469 4433 2585 4487 haec
2638 4433 2824 4496 verba,
2872 4427 3066 4499 ψευδὲς
3113 4429 3347 4498 οἰόμενοι
3389 4430 3502 4490 τοῖς

1972 4527 2328 4597 εγραμμένοις
2347 4526 2407 4579 οὐ
2435 4522 2920 4596 προστεθείκαμεν,
2940 4536 3137 4591 neque,
3162 4532 3219 4575 ut
3238 4520 3291 4574 in
3318 4520 3501 4582 editis,
3610 4576 3617 4587 κ

1926 4619 2110 4673 statim
2143 4616 2425 4687 subjungit
2462 4616 2893 4682 conclusionem,
2936 4614 2992 4668 in
3025 4612 3266 4669 bomiliis
3290 4622 3342 4667 et
3372 4612 3502 4665 vitis

1928 4716 2244 4766 sanctorum
2276 4707 2530 4766 solitam;
2567 4705 2663 4761 sed
2686 4706 2811 4774 ejus
2842 4706 2964 4759 loco
3013 4704 3174 4759 habet
3217 4703 3350 4765 haec,
3382 4718 3503 4772 qua:

1928 4818 1993 4858 ex
2028 4798 2400 4856 Montl‘aueoni
2449 4798 2711 4868 Catalogo
2748 4796 2878 4852 bibl.
2912 4795 3261 4851 Coislinianar
3302 4808 3356 4863 p.
3398 4793 3505 4847 180

1930 4895 2020 4948 hic
2052 4892 2328 4949 ascribere
2351 4892 2507 4961 juvat
2540 4910 2551 4943 :

1999 5002 2292 5074 Postquam
2337 5002 2504 5073 igitur
2543 5010 2795 5071 precatus
2834 5008 2979 5056 esset
3011 5011 3111 5068 pro
3140 4996 3210 5053 iis
3255 4997 3348 5068 qui
3387 4994 3506 5066 jam

1927 5095 2292 5160 crediderant,
2342 5101 2401 5148 ut
2432 5108 2603 5164 usque
2630 5094 2698 5148 ad
2746 5094 2904 5147 [intem
2939 5092 2996 5145 in
3042 5090 3240 5145 melius
3271 5089 3505 5161 proﬁce-

1925 5256 2118 5323 junrta
2147 5264 2232 5310 est
2259 5270 2384 5309 cum
2411 5257 2718 5323 superiore;
2748 5254 2803 5308 in
2829 5252 2952 5323 cod.
2993 5251 3161 5307 Laur.
3188 5252 3389 5323 scripta
3420 5264 3507 5307 est

1926 5318 1999 5378 22d
2046 5327 2390 5395 Strategium,
2432 5318 2772 5395 incipitque:
2826 5318 2950 5395 Οἷόν
2997 5318 3332 5395 ’τι-’ποιοῦσιν
3358 5324 3408 5375 οι
3438 5326 3510 5394 τῇ

1932 5396 2159 5468 ςφαίρα,
2193 5391 2299 5450 etc.
2339 5394 2398 5448 in
2429 5394 2521 5468 illo
2555 5391 2728 5468 igitur
2752 5394 2873 5449 cod.
2898 5402 3025 5468 sunt
3052 5391 3167 5446 XIV
3216 5408 3337 5468 opp.
3368 5391 3511 5457 quas

1930 5461 2235 5588 ﬁaca'g‘nius
2296 5480 2363 5520 ex
2423 5463 2545 5522 εοιι.
2582 5461 2789 5519 Ὺιιιὶε.
2857 5467 3069 5535 primus
3133 5464 3503 5533 evulgaver.-.t.

1980 5551 2105 5588 ιιι..

1980 5551 2105 5589 λιιι..
