3768 6000
258 159 326 212 5)

1489 151 1618 207 ΝΟΤ
1629 150 1767 206 ITIA
1809 147 1898 202 EX
1932 145 2266 201 FABIiICIO.

3430 147 3502 198 ιο

258 278 402 336 rent,
458 279 511 326 et
549 269 603 325 in
655 269 923 337 ﬁdelibus,
989 279 1048 325 ut
1096 275 1546 325 converterentur
1579 285 1596 319 :
1629 266 1711 321 sic
1757 280 1822 319 ex

1996 279 2098 324 τως
2156 263 2251 313 τοῦ
2316 258 2653 330 ἀνθρωπίνου
2720 257 2835 328 βίου
2876 257 3010 328 πρὸς
3047 256 3137 311 τὸν
3180 254 3312 310 Θεδν
3336 272 3507 324 μετα-

259 360 496 414 humana
524 360 635 415 vita
670 360 736 414 ad
762 359 928 417 Deum
963 359 1313 422 transfertur,
1350 374 1473 414 cum
1506 357 1823 412 domesticis

261 451 377 507 suis
431 452 797 522 praecepisset,
843 460 901 506 ut
936 467 1004 506 ne
1060 451 1162 521 ipsi
1209 451 1386 504 locum
1430 451 1710 520 pr0prium
1755 448 1823 502 ad

262 542 597 612 sepulturam
626 550 909 596 emerent:
937 558 1060 595 nam
1101 542 1229 611 quia
1264 541 1393 595 dum
1435 541 1641 595 viveret
1686 555 1826 594 nun-

262 649 426 702 quam
454 634 687 688 voluerit
721 634 823 688 loci
855 634 1160 704 cujuspiam
1189 632 1445 688 dominus
1479 632 1689 694 vocari.
1729 630 1824 686 sed

264 732 323 776 ut
354 723 672 792 peregrinus
712 732 763 778 et
805 722 1012 776 advena
1061 723 1115 775 in
1146 721 1268 776 aliis
1302 722 1437 776 locis
1468 722 1633 775 vitam
1675 721 1829 790 dege-

236 816 356 878 'rit,
388 792 563 884 neque
592 824 713 883 post
745 823 972 868 mortem
1009 812 1233 883 pudebit
1268 812 1610 881 peregrinum
1645 826 1824 880 agere.

268 906 371 962 Sed
407 915 529 977 post
561 907 701 960 hanc
728 906 919 969 vitam,
964 904 1160 974 inquit,
1197 903 1302 957 hoc
1337 903 1390 957 in
1419 919 1517 958 ore
1546 903 1826 957 hominum

264 1005 531 1062 versetur,
578 1011 770 1064 nempe
812 993 1156 1064 Gregorium,
1203 992 1333 1046 dum
1384 994 1438 1046 in
1470 992 1608 1047 vivis
1662 999 1825 1055 esset,

267 1088 401 1140 nulli
450 1087 570 1140 loco
600 1101 796 1139 nomen
845 1084 1111 1139 indidisse
1143 1099 1324 1146 suum,
1353 1089 1408 1137 et
1440 1091 1561 1152 post
1599 1089 1827 1136 mortem

267 1179 411 1249 apud
438 1178 646 1231 alienos
686 1177 842 1247 quasi
878 1176 1140 1232 advenam
1178 1175 1370 1240 fuisse,
1401 1176 1529 1245 quia
1568 1190 1627 1230 se
1660 1190 1690 1228 a
1713 1182 1830 1229 toto

266 1268 399 1323 orbe
433 1279 699 1321 terrarmn
745 1267 977 1321 alienum
1030 1264 1254 1328 fecerat,
1302 1265 1461 1317 itaut
1500 1279 1568 1318 ne
1616 1267 1670 1317 in
1709 1262 1831 1317 loco

267 1358 487 1427 quidem
514 1356 616 1409 sibi
645 1356 866 1425 proprio
890 1355 1108 1423 sepeliri
1132 1355 1366 1409 voluerit
1393 1372 1406 1407 :
1434 1354 1605 1407 solam
1632 1353 1832 1423 quippe

268 1448 371 1505 sibi
426 1449 827 1517 possessionem
880 1445 1255 1500 honorabilem
1296 1459 1420 1499 esse
1485 1458 1647 1505 eam,
1713 1458 1833 1513 quae

266 1541 510 1594 avaritia:
542 1540 748 1592 nullum
777 1538 1012 1591 admittit
1043 1538 1350 1608 vestigium,
1382 1538 1437 1590 in
1458 1535 1677 1591 Christo
1702 1534 1832 1591 Jesu

1929 353 2193 415 νίσταται,
2221 350 2525 420 ἐπισκέψεις
2557 354 2669 413 τοῖς
2711 349 3036 420 ἐπιτηδείοις
3067 348 3141 419 μὴ
3192 346 3508 417 κτήσασθαι

1930 438 2280 511 αὑτῷτόπον
2307 443 2441 513 πρὸς
2478 442 2657 512 ταφὴν
2690 441 2976 506 ἰδιάζοντα.
3015 442 3078 493 ΕΞ
3111 438 3219 511 γὰρ
3248 437 3357 502 ζῶν
3386 440 3508 494 Κύ-

1934 554 2045 608 ριος
2088 536 2351 608 κληθῆναι
2375 538 2541 590 τόπου
2570 538 2714 601 τινὸς
2738 537 2802 589 οὐ
2835 536 3178 602 κατεδέξατο,
3205 532 3340 588 ἀλλὰ
3368 550 3509 605 παρ-

1930 627 2093 681 οικῶν
2125 631 2183 682 ὲν
2232 628 2530 700 ἀλλοτρίοις
2577 629 2666 683 τὸν
2716 629 2830 698 βίον
2879 618 3170 696 διήγαγεν,
3196 627 3316 680 οὐδὲ
3366 627 3511 697 μετὰ

1932 718 2160 773 οάνατον
2188 723 2255 791 τῇ
2295 719 2558 792 παροικίᾳ
2588 721 2805 783 πάντως
2850 719 3360 789 ἐπαισχυνθήσεται,
3388 717 3507 770 ἀλλ’

1930 812 2091 876 ἔστω,
2134 813 2319 882 φησὶν,
2350 812 2429 883 τῷ
2455 812 2593 884 μετά
2618 812 2788 867 ταῦτα
2816 812 2916 883 βίῳ
2949 812 3210 882 διήγημα,
3240 811 3321 864 ὅτι
3360 810 3511 881 Γρη-

1930 885 2113 975 γὸριος
2152 901 2274 955 οὔτε
2327 902 2435 968 ζῶν
2481 903 2840 975 ἐπωνομάσθη
2870 903 3021 972 τόπῳ
3064 902 3190 967 τινὶ,
3225 901 3317 955 καὶ
3365 901 3509 971 μετά

1933 994 2161 1048 θάνατον
2204 993 2499 1065 ἀλλοτρίων
2544 988 2761 1062 ἐγένετο
2791 994 2971 1065 πάσης
3016 993 3115 1063 τῆς
3164 994 3266 1063 γῆς
3315 992 3508 1045 ἑαυτὸν

1932 1084 2284 1155 ἀποστήσας,
2336 1083 2412 1147 ὡς
2467 1085 2540 1154 μὴ
2596 1085 2889 1154 ἐνταφῆναι
2950 1083 3063 1152 ἰδίῳ
3112 1078 3507 1147 καταδέξασθαι

1932 1173 2100 1244 τόπῳ.
2135 1172 2318 1240 Μόνην
2371 1171 2479 1241 γὰρ
2525 1172 2674 1243 αὐτῷ
2723 1173 2916 1242 κτῆσιν
2968 1171 3151 1241 τιμίαν
3205 1170 3444 1239 ἐκείνην,
3473 1169 3507 1238 ᾗ

1934 1262 2246 1328 πλεονεξίας
2272 1264 2356 1333 ἐφ’
2389 1263 2586 1334 ἑαυτὴν
2637 1263 2778 1333 ἴχνος
2826 1264 2885 1317 οὐ
2923 1262 3157 1333 δέχεται,
3200 1264 3257 1313 ὲν
3287 1259 3511 1331 Χριστῴ

1947 1354 2121 1425 Ἰησοῦ
2166 1355 2242 1426 τῷ
2294 1356 2484 1427 Κυρίῳ
2519 1354 2703 1425 ἡμῶνο
2733 1348 2779 1422 ᾧ
2819 1356 2852 1425 ἡ
2885 1353 3012 1418 δόξα
3053 1354 3149 1406 σὺν
3191 1352 3369 1423 Πατρὶ
3414 1351 3511 1404 καὶ

1934 1446 2212 1517 Πνεύματι
2263 1444 2366 1501 νῦν
2411 1445 2508 1499 καὶ
2564 1446 2645 1508 εἰς
2700 1445 2825 1507 τοὺς
2873 1442 3073 1506 αἰῶνας
3103 1442 3214 1496 τῶν
3260 1438 3505 1496 αἰώνων.

1950 1537 2141 1607 Ἀμήν.

268 1632 498 1687 Domino
537 1642 728 1687 nostro
756 1650 771 1686 :
802 1633 889 1685 cui
941 1630 1111 1702 gloria
1160 1645 1282 1684 cum
1321 1627 1481 1684 Patre
1513 1638 1566 1683 et
1612 1628 1842 1699 Spiritu,
1873 1646 2021 1685 nunc
2051 1637 2105 1684 et
2134 1630 2187 1683 in
2220 1630 2416 1685 saecula
2452 1614 2795 1685 surculorum.
2828 1628 3018 1684 Amen.

335 1745 632 1817 Gregorius
655 1743 937 1815 Nyssenus
963 1742 1041 1796 De
1069 1742 1294 1808 homine,
1325 1742 1524 1805 anima,
1547 1741 1833 1806 elementis,
1869 1731 1909 1784 Β
1938 1743 2033 1799 sed
2059 1743 2151 1798 illa
2183 1743 2580 1813 interpretatio,
2611 1742 2754 1812 quod
2788 1742 2982 1805 sciam,
3022 1740 3197 1795 lucem
3248 1753 3356 1793 non
3417 1751 3514 1793 as-

268 1833 462 1891 riribus
523 1836 739 1898 animae,
784 1832 975 1887 Latine
1021 1832 1178 1887 Joan.
1236 1831 1479 1897 Curione,
1526 1830 1840 1887 Norimber-

267 1926 442 1998 gensi,
508 1927 822 1995 interprete.
871 1925 1050 1978 editus
1105 1938 1197 1993 per
1246 1922 1464 1978 Beatum
1519 1921 1841 1977 Rhenanum

268 2022 555 2088 Argentor.
591 2017 732 2085 apud
766 2014 1026 2070 Schurer.
1046 2013 1204 2077 151ί2,
1231 2013 1326 2069 fol.
1357 2012 1534 2069 Paris.
1562 2014 1719 2079 1515,
1743 2014 1839 2070 fol.

268 2110 436 2164 Basil.
478 2110 631 2170 1521,
661 2109 714 2172 4,
747 2105 930 2177 [1519.
963 2106 1028 2162 .in
1058 2104 1280 2158 Panzeri
1316 2103 1380 2156 A.
1413 2111 1453 2157 t.
1478 2102 1570 2167 Vl,
1606 2118 1658 2173 p.
1689 2103 1840 2175 I90].

271 2201 339 2255 Ili
373 2208 501 2256 sunt
536 2200 659 2254 libri
688 2213 782 2254 vnr
850 2196 1204 2267 philosophiae
1234 2193 1310 2248 De
1354 2202 1547 2249 natura
1580 2195 1839 2258 humana,

270 2293 364 2363 qui
408 2292 512 2347 sub
552 2289 785 2362 Nysseni
835 2289 1052 2342 nomine
1095 2294 1312 2341 exstant
1351 2285 1404 2338 in
1456 2284 1699 2355 antiquis
1727 2286 1842 2341 edi-

269 2384 513 2438 tionibus
570 2381 816 2444 Latinis,
864 2390 918 2433 ut
973 2376 1272 2432 Basileensi
1332 2376 1499 2442 1562,
1557 2376 1652 2432 101.
1698 2376 1843 2431 Nihil

272 2483 451 2529 autem
507 2473 651 2527 aliud
710 2472 795 2526 his
842 2471 1176 2532 continetur,
1225 2483 1389 2537 quam
1433 2468 1570 2524 liber
1605 2468 1843 2524 Nemesii

276 2564 349 2618 De
386 2563 610 2624 homine,
638 2561 693 2613 in
722 2566 846 2613 octo
885 2557 1097 2617 libellos
1126 2555 1447 2617 distractus,
1482 2562 1541 2607 ut
1573 2554 1683 2621 jam
1721 2569 1842 2607 mo-

272 2657 366 2711 nui
431 2653 546 2707 Vlll
610 2650 882 2706 volumine
939 2649 1032 2701 lib.
1082 2663 1113 2700 v
1166 2645 1310 2717 icap.
1357 2645 1457 2708 10,
1512 2643 1539 2716 §
1589 2644 1654 2707 6,
1720 2661 1840 2717 pag.

273 2745 376 2801 448
414 2762 534 2816 sqq.
558 2742 695 2797 Add.
731 2741 999 2795 Mansium
1029 2738 1096 2793 ad
1122 2737 1333 2792 Fabric.
1374 2736 1515 2791 Bibl.
1543 2735 1667 2790 Lat.
1704 2736 1839 2791 med.

272 2848 319 2893 et
342 2837 440 2905 inf.
477 2847 564 2890 (et.
597 2845 728 2889 tom.
764 2833 802 2897 I,
835 2848 886 2902 p.
914 2830 1019 2885 305
1043 2847 1126 2901 sq.
1160 2828 1386 2901 Hum].

728 2920 836 2974 VII.
879 2920 1089 2988 Scripta
1121 2919 1410 2986 deperdita.

343 3015 411 3069 In
439 3012 726 3067 Proverbia
758 3011 1051 3081 scripsisse
1095 3025 1175 3074 se,
1211 3010 1426 3064 videtur
1452 3009 1680 3064 innuere
1705 3007 1842 3079 Nyso

274 3121 441 3163 senus
462 3104 649 3159 bomil.
675 3103 693 3157 l
720 3103 775 3156 in
805 3101 1140 3166 Ecclesiast.,
1172 3100 1299 3155 licet
1321 3101 1472 3154 locus
1497 3117 1604 3154 non
1633 3100 1706 3154 ita
1727 3099 1845 3155 evi-

273 3198 464 3252 denter
492 3196 597 3250 hoc
633 3194 868 3250 evincat.
896 3191 1097 3247 Confer
1134 3189 1544 3246 Tillemontium
1586 3199 1717 3245 tom.
1751 3188 1843 3262 IX,

275 3306 330 3360 p.
361 3288 483 3343 712.

346 3380 409 3434 In
473 3380 643 3451 Epist.
683 3380 752 3434 ad
813 3378 1189 3449 Philippenses.
1240 3376 1479 3449 Cytillus
1552 3378 1732 3442 Alex.,
1773 3379 1843 3431 ad

277 3470 577 3541 Evoptium.

346 3562 429 3617 Ad
454 3562 818 3630 Theodosium,
849 3563 1031 3631 episc.,
1060 3560 1332 3628 Quomodo
1363 3559 1637 3616 Cornelius
1668 3559 1846 3627 Spiri-

277 3666 388 3709 tum
451 3665 686 3709 sanctum
729 3665 849 3708 ante
898 3653 1210 3723 baptismum
1251 3652 1527 3721 acceperit.
1602 3649 1848 3704 Meminit

276 3748 555 3819 Nyssenus
601 3748 793 3817 ipsein
834 3747 940 3801 line
983 3747 1170 3817 scripti
1208 3745 1282 3800 De
1321 3745 1733 3817 engustrimgtho
1779 3742 1844 3797 ad

278 3839 527 3895 eumdem
563 3836 953 3891 Theodosium.

349 3927 715 3981 Damascenus
750 3926 806 3979 in
843 3924 1127 3981 Parallelis
1159 3941 1212 3994 ι).
1248 3925 1351 3980 775
1377 3926 1510 3979 citat
1533 3925 1843 3996 Nyssenum

278 4022 335 4075 in
365 4019 497 4073 illud
529 4017 669 4073 :Hic
706 4029 785 4072 est
813 4016 985 4072 Filius
1021 4035 1162 4072 meus
1193 4017 1434 4071 dilectus.

352 4111 672 4182 Eutbymius
704 4109 759 4164 in
798 4110 1057 4177 Panoplia
1090 4109 1244 4163 all'ert
1274 4110 1535 4163 nonnulla
1559 4110 1623 4161 ὲκ
1646 4109 1743 4179 τῆς
1762 4107 1849 4160 λε·

278 4204 515 4273 γομένης
549 4197 686 4254 εἶναι
717 4201 809 4255 τοῦ
850 4199 1198 4272 Νύσσης,καὶ
1239 4200 1576 4270 καλουμένης
1606 4199 1850 4267 Θεογνω-

280 4292 418 4354 σίας.

1945 1835 2114 1907 pexit.
2424 1891 2434 1907 .

2011 1925 2460 1983 Graeco-Latinae.
2489 1959 2556 1969 --
2582 1927 2757 1983 Paris.
2805 1926 2961 1991 1615,
3001 1925 3038 1979 2
3070 1924 3332 1988 volumin,
3393 1922 3515 1986 fcl.,

1944 2025 2172 2072 curante
2201 2015 2476 2071 Frontone
2515 2016 2733 2079 Ducaao,
2759 2031 2824 2071 ex
2863 2015 3081 2071 ofﬁcina
3109 2013 3436 2070 Nivelliana.

2013 2106 2293 2176 Appendix
2316 2108 2445 2163 ibid.
2476 2107 2632 2173 1618,
2659 2108 2775 2172 fol.,
2799 2121 2862 2162 ex
2881 2105 3238 2176 suppeditatis
3260 2112 3313 2160 et
3334 2114 3519 2159 trans-

1945 2198 2130 2253 missis
2161 2212 2189 2250 a
2223 2196 2429 2253 Iacobo
2453 2197 2731 2253 Gretscro.
2920 2212 2925 2219 '

2013 2288 2190 2342 Paris.
2233 2288 2393 2351 1658,
2424 2289 2519 2343 fol.
2555 2290 2734 2345 tribus
2766 2289 2994 2353 volum.,
3029 2288 3083 2342 in
3128 2303 3232 2355 qua
3272 2287 3521 2344 editione

1946 2376 2080 2430 nihil
2113 2386 2309 2447 pra-ter
2335 2378 2684 2448 appendicem
2718 2379 2828 2447 jam
2864 2390 3218 2433 memoratam
3257 2380 3519 2439 acceSsit.

1946 2480 2069 2519 cum
2103 2466 2306 2535 alioqui
2336 2483 2435 2520 nec
2469 2474 2578 2520 tam
2616 2467 2787 2521 nitida
2812 2468 2904 2531 sit,
2939 2484 3038 2523 nec
3068 2478 3176 2522 tam
3197 2467 3519 2531 emendata,

1946 2569 2109 2623 qualn
2144 2556 2295 2625 prior
2345 2553 2667 2611 Nivelliana.
2730 2556 2802 2611 De
2849 2567 3082 2629 utraque
3138 2557 3439 2622 Labbeum,
3470 2559 3523 2613 si

1947 2646 2145 2715 placet,
2181 2645 2307 2701 vide
2343 2654 2399 2701 et
2430 2646 2725 2701 Oudinum.
2762 2646 2931 2701 Fsun.

2022 2735 2127 2790 Sed
2157 2751 2319 2805 quam
2347 2738 2658 2794 necessaria
2691 2741 2762 2793 sit
2792 2752 2928 2792 nova
2968 2736 3129 2809 Greg.
3155 2737 3312 2810 Nyss.
3352 2738 3440 2793 ed.
3490 2753 3524 2794 e

1948 2826 2106 2881 codd.
2137 2828 2496 2892 emendanda,
2527 2839 2579 2883 et
2600 2844 2662 2883 ex
2696 2829 2803 2883 illis
2836 2838 2887 2883 et
2927 2827 3182 2898 Zacaguii
3218 2838 3378 2897 atque
3410 2827 3523 2882 (Ξει-
3594 2812 3601 2817 ’

1949 2918 2174 2973 raccioli
2200 2920 2356 2973 editt.
2397 2921 2710 2975 memoratis
2749 2919 3151 2990 locupletanda,
3176 2936 3240 2974 ex
3282 2920 3372 2980 iis.
3397 2934 3525 2989 quae

1950 3008 2233 3081 hucusque
2266 3026 2298 3065 a
2328 3026 2415 3066 me
2440 3019 2493 3067 et
2523 3026 2553 3065 a
2584 3011 2842 3066 Fabricio
2867 3012 3154 3066 observata
3187 3021 3336 3076 sunt,
3362 3012 3524 3066 facile

1951 3101 2204 3156 elucebit.
2245 3103 2632 3173 Amplissimus
2669 3111 2849 3158 autem
2903 3103 3086 3159 futuro
3133 3104 3328 3158 editori
3376 3113 3524 3174 patet

1950 3208 2202 3263 campus,
2239 3193 2295 3247 in
2346 3209 2455 3264 quo
2491 3193 2635 3249 vires
2692 3193 2916 3264 ingenii,
2961 3193 3305 3257 eruditionis,
3355 3203 3525 3265 atque

1950 3285 2242 3355 diligentiae
2271 3300 2396 3340 cum
2418 3284 2579 3340 laude
2606 3285 2808 3355 pariter
2836 3299 2901 3340 ac
2920 3284 3153 3338 utilitate
3177 3284 3352 3354 possit
3373 3300 3524 3340 exer-

1950 3392 2095 3432 CCI’C.

2019 3469 2227 3524 Aldinae
2250 3469 2516 3525 editiones
2558 3476 2737 3529 sunt:
2792 3468 3040 3538 Gregorii
3101 3466 3332 3540 Nysseni
3384 3468 3524 3525 liber

1950 3557 2032 3617 De
2076 3562 2302 3624 homine,
2332 3577 2456 3616 cum
2494 3561 2719 3630 Gregor.
2763 3560 3209 3620 Nazianz.oratt.
3251 3559 3343 3625 IX,
3403 3578 3526 3631 qua:

1949 3653 2133 3706 omnia
2177 3668 2322 3705 nunc
2360 3653 2591 3721 primum
2612 3653 3133 3708 cmendatissimain
3182 3653 3355 3708 lucem
3396 3670 3527 3725 pro-

1951 3742 2143 3808 deunt,
2204 3742 2299 3798 Gr.
2366 3741 2559 3798 Venet.
2611 3744 2666 3797 in
2704 3745 2915 3799 aedibus
2953 3746 3071 3799 her.
3105 3744 3227 3799 Aldi
3260 3755 3315 3800 et
3347 3746 3523 3801 Andr.

1952 3834 2177 3888 Asulani
2210 3834 2407 3887 soceri.
2442 3833 2601 3896 1556,
2638 3835 2691 3890 8.
2725 3865 2797 3876 —
2821 3834 3000 3906 -Greg.
3058 3834 3215 3907 Nyss.
3256 3839 3525 3908 Opuscula

1953 3923 2146 3979 Venet.
2183 3924 2322 3993 apud
2348 3923 2471 3978 Aldi
2523 3912 2664 3981 filios
2712 3927 2868 3992 1555,
2911 3928 2967 3983 8.
3025 3958 3094 3967 —
3143 3929 3451 3985 Conciones
3491 3947 3526 3986 v

1955 4015 2030 4069 De
2058 4017 2296 4070 oratione
2322 4016 2554 4072 Domini.
2590 4017 2780 4089 Ejusd.
2806 4020 3100 4075 conciones
3123 4029 3245 4076 octo
3266 4020 3346 4075 De
3370 4022 3527 4078 heata

1953 4108 2079 4161 rita.
2102 4106 2303 4165 Omnes
2332 4124 2362 4163 a
2384 4109 2544 4166 Petro
2574 4110 2849 4167 Galesinio
2869 4128 3145 4169 conversae
3173 4132 3185 4167 :
3214 4114 3298 4169 his
3329 4117 3528 4185 adjun-

1952 4211 2039 4256 cta
2072 4209 2154 4256 est
2183 4202 2252 4256 ab
2273 4194 2461 4257 eodem
2496 4203 2727 4275 Nysseni
2757 4206 2887 4264 vita.
2939 4223 2971 4260 e
3017 4207 3291 4262 veteribus
3336 4221 3529 4264 aucto-

1953 4292 2106 4348 ribus
2140 4294 2385 4349 collecta.
2409 4295 2612 4360 Romae,
2631 4295 2804 4349 Paull.
2832 4295 3127 4362 Manutius,
3156 4298 3313 4359 1565,
3345 4300 3400 4353 4.

350 4384 493 4437 Idem
536 4400 601 4461 e_x
638 4383 887 4454 Nysseno
926 4384 995 4437 ad
1044 4380 1594 4451 Ablabiumqntedam
1630 4383 1845 4446 reeitat,
1879 4406 1924 4460 ι)
2024 4384 2301 4456 Frequens
2354 4388 2560 4442 mentio
2614 4390 2872 4457 quoniam
2954 4388 3095 4443 facta
3140 4397 3226 4444 est
3265 4390 3525 4447 editionis

281 4488 402 4544 qua:
435 4488 546 4527 non
581 4474 835 4542 leguntur
875 4473 928 4526 in
962 4475 1164 4543 scripto
1189 4470 1269 4524 Ad
1308 4470 1611 4534 Ablabium,
1642 4472 1706 4525 de
1738 4485 1849 4540 quo

282 4578 467 4633 supra,
496 4577 579 4616 nr.
616 4561 704 4616 50.

597 4652 737 4710 VIII.
767 4653 1039 4708 Editiones
1067 4669 1277 4720 operum
1311 4651 1558 4723 Nysseui.

352 4745 658 4802 Latinw.—
694 4746 970 4808 Coloniae,
1018 4745 1176 4810 15⁸57,
1224 4743 1343 4810 101.,
1383 4743 1541 4812 cujus
1592 4742 1847 4798 editionis

284 4842 528 4894 notitiam
566 4849 746 4909 petere
776 4840 901 4893 licet
931 4853 993 4892 ex
1033 4835 1360 4889 Bibliotheca
1388 4833 1638 4889 Gesneri.

359 4930 522 4984 Basil.
554 4929 711 4993 1562,
742 4927 859 4993 fol.,
887 4928 1142 4997 pleraque
1164 4923 1455 4979 Laurentio
1482 4922 1672 4999 Silano
1691 4924 1854 4979 inter-

286 5032 456 5090 prete.
474 5019 623 5074 Ilanc
647 5020 939 5075 editionem
965 5027 1211 5072 recenset
1228 5015 1591 5073 Bellarntinus
1616 5015 1683 5069 de
1709 5016 1766 5071 S.
1789 5015 1850 5071 E.

356 5110 524 5164 Basil.
562 5110 715 5173 I571,
753 5109 871 5169 fol.,
895 5106 1072 5162 Paris.
1099 5107 1257 5171 1575,
1289 5106 1407 5171 fol.,
1441 5122 1558 5175 qua:
1576 5107 1743 5161 editio
1777 5122 1855 5162 re-

285 5211 539 5258 censetur
569 5216 599 5253 a
650 5199 944 5257 Possevino
970 5201 1024 5254 in
1054 5201 1325 5269 Apparatu
1355 5198 1413 5253 S.
1478 5198 1652 5254 Paris.
1694 5199 1851 5262 1665,

287 5295 656 5357 fol.,curante
703 5291 979 5349 Frontone
1031 5290 1249 5360 Ducam,
1293 5308 1413 5364 qua:
1459 5300 1513 5347 et
1564 5292 1775 5363 plenior
1802 5302 1895 5365 et.

284 5384 595 5440 accuratior
618 5385 831 5440 caneris
867 5394 950 5441 est
979 5384 1167 5443 editio.

353 5475 608 5530 Carolum
637 5474 861 5531 Boviqu
905 5473 1134 5547 Nysseni
1198 5488 1362 5544 opera
1428 5472 1658 5527 vertisse
1708 5472 1856 5541 legas

285 5565 339 5620 in
375 5575 521 5621 tomo
552 5563 620 5620 IX
678 5564 856 5620 Italiae
898 5566 972 5619 S..
1003 5564 1328 5619 Ferdinandi
1376 5562 1585 5634 Ughelli
1651 5578 1704 5632 p.
1764 5562 1853 5626 60,

1959 4475 2254 4539 llwschel.,
2287 4478 2534 4532 curatius
2564 4493 2683 4533 eam
2724 4489 2779 4534 et
2795 4488 3011 4549 propter
3040 4481 3320 4536 raritatem
3353 4481 3523 4546 illius,

1957 4583 2078 4637 ane
2107 4582 2272 4638 penes
2310 4583 2397 4621 me
2427 4576 2531 4630 est,
2565 4576 2621 4622 et
2658 4579 2882 4639 propter
2918 4571 3286 4627 additamenta
3315 4573 3527 4629 descri-

1957 4658 2100 4714 bam.
2126 4657 2332 4728 lntegra
2355 4668 2531 4713 autem
2554 4667 2637 4714 cst
2662 4660 2940 4730 inscriptio
2961 4680 2976 4716 :
3003 4680 3020 4713 ι
3043 4660 3105 4715 1).
3124 4661 3369 4735 Gregorii
3394 4665 3529 4737 Nys-

1952 4749 2068 4804 seni
2089 4751 2351 4819 opuscula
2373 4750 2630 4820 quinque.
2645 4770 2663 4801 ι
2695 4750 2734 4804 1.
2756 4750 2832 4804 De
2856 4752 3178 4820 professione
3196 4753 3523 4815 Christiana.

1952 4839 2015 4893 ll.
2053 4840 2124 4894 De
2148 4842 2478 4911 perfectione,
2500 4852 2547 4895 et
2571 4843 2775 4911 qualem
2808 4842 3171 4900 Christianum
3194 4863 3305 4902 esse
3324 4848 3527 4907 deceat.

1951 4924 2039 4979 Ill.
2068 4928 2372 4999 Attugogica
2392 4934 2509 4983 vitw
2538 4927 2742 4999 Moysis
2767 4933 3059 4997 enarratio,
3080 4946 3186 5002 qua
3207 4933 3330 4987 vita:
3367 4935 3531 4991 Chri-

1953 5020 2144 5073 stiana:
2166 5020 2386 5089 quidam
2421 5021 2466 5074 is
2492 5028 2653 5091 typus
2702 5020 2873 5077 fuisse
2898 5022 3230 5078 ostenditur.
3260 5022 3350 5078 IV.
3382 5024 3530 5082 Con-

1957 5120 2041 5164 tra
2063 5110 2475 5181 Apollinarium.
2521 5109 2584 5165 γ.
2619 5111 2691 5166 De
2728 5113 2853 5182 ﬁde.
2896 5113 3084 5170 Grmce
3115 5131 3262 5171 nunc
3287 5117 3528 5188 primum

1954 5202 2096 5255 edita
2120 5202 2301 5256 studio
2323 5214 2375 5257 et
2400 5219 2562 5274 opera
2602 5202 2820 5259 Davidis
2848 5204 3165 5277 Hmscbelii,
3199 5209 3531 5282 Augustani,

1956 5292 2129 5361 Lugd.
2169 5291 2355 5347 Dat-av.
2383 5311 2450 5348 es
2486 5293 2629 5349 ol‘lic.
2683 5293 2922 5351 Plantin.
2967 5301 3110 5368 apud
3157 5299 3359 5356 Franc.
3416 5303 3531 5358 Ra-

1957 5384 2331 5453 phelengium,
2359 5384 2518 5447 1595,
2552 5385 2605 5451 8,
2637 5401 2703 5440 ex
2736 5386 2897 5441 codd.
2930 5390 3163 5460 August.
3213 5402 3268 5448 et
3309 5394 3532 5450 Maximi
3592 5369 3597 5373 ἡ

1959 5473 2248 5543 Margnnii,
2280 5476 2347 5531 de
2375 5476 2574 5544 quibus
2600 5477 2708 5546 agit
2736 5478 2790 5533 in
2823 5481 3054 5548 praefat“
3083 5490 3138 5536 et
3164 5496 3265 5553 ego
3279 5484 3532 5553 quaedam

1967 5565 2219 5621 adnotavi
2246 5568 2300 5621 in
2328 5565 2625 5623 lntroduet.
2662 5577 2770 5624 etc.
2805 5569 2864 5635 ll,
2906 5572 2961 5635 9.,
2987 5588 3039 5641 p.
3081 5572 3209 5640 253,
3260 5592 3346 5641 sq.
3386 5576 3537 5639 (luo.
