3746 5994
340 191 405 246 45
1497 181 1553 238 S.
1595 178 1994 238 GREGORIUS
2033 176 2414 235 NYSSENUS.
3511 169 3574 224 64

338 308 438 377 τῆς
461 307 581 361 κατ’
619 303 820 378 ἀρετὴν
847 301 1200 372 τελειότητος.
1316 296 1491 368 Hujus
1529 298 1817 369 apograplu

2095 303 2152 349 ι’.
2211 295 2305 358 Εἰς
2368 292 2464 364 τὴν
2514 289 2606 345 τοῦ
2663 289 2960 361 ἀνθρώπου
3032 289 3400 362 κατασκευήν.
3433 289 3574 347 B.A.

342 397 623 456 reverend.
663 406 717 452 et
739 395 1089 451 doctissimus
1115 391 1369 446 dominus
1407 387 1749 458 Margunius,
1792 387 1912 439 ὲπίσ
2010 395 2188 442 exstat
2228 387 2526 454 interprete
2553 384 2707 439 Joan.
2736 381 3088 438 Leunclavio.

346 507 548 552 σκοπος
580 487 868 558 Κυθήρων,
892 499 992 541 sua
1023 497 1189 538 manu
1218 487 1527 546 exaratum,
1589 477 1734 534 dono
1787 476 1825 530 H

1856 492 1912 531 B—
2083 484 2194 549 μα’.
2231 476 2364 547 Περὶ
2385 475 2583 546 ψυχῆς,
2611 474 2749 546 πρὸς
2772 473 2871 544 τὴν
2894 473 3150 545 ἀδελφήν.
3190 471 3253 526 Β.
3289 471 3335 526 Α

345 580 554 638 schelio
594 579 764 632 misit.

2102 568 2194 638 ιβ’.
2228 570 2323 632 El;
2346 568 2414 621 τὰ
2442 567 2663 638 ᾄσματα
2689 564 2797 618 τῶν
2819 565 3101 635 ᾀσμάτων,
3133 564 3283 632 λόγοι
3323 563 3416 616 λε’.
3485 561 3581 618 La-

412 669 510 734 λζ’.
542 671 637 732 Εἰς
663 670 763 740 τὴν
803 668 998 722 ἑαυτοῦ
1029 664 1382 738 χειροτονίαν.
1413 665 1484 719 Μ.
1513 661 1584 716 Μ.

2013 663 2126 717 tine
2155 670 2390 722 exstant,
2423 661 2721 728 interprete
2751 659 2949 712 Joann.
2984 656 3338 711 Lennclavio.

414 765 515 838 λη’.
544 765 927 836 Κατηχητικδς
947 764 1125 832 λόγος,
1156 763 1227 817 Μ.
1268 762 1340 816 Μ.
1390 759 1556 829 hujus
1603 753 1910 824 exemplum
2090 750 2201 820 μγ’.
2269 750 2413 822 Πρὸς
2463 749 2591 812 τοὺς
2640 747 2976 818 ἀχθομένους
3039 747 3160 809 ταῖς
3214 744 3584 814 ὲπιτιμήσεσι.

345 861 414 914 ab
445 858 632 914 eodem
677 873 788 912 rev.
823 873 909 927 ep.
949 856 1108 926 Cyth.
1148 853 1489 911 Hoeschelius
1512 849 1742 918 accepit.
2016 840 2202 896 Graece
2234 841 2412 895 editus
2433 839 2682 894 Parisiis.
2915 925 2958 927 ﬂ
3029 919 3044 924 ﬂ

415 950 513 1005 λθι.
547 949 686 1019 Περὶ
708 925 1025 1019 παρθενίας,
1067 954 1247 1002 exstat
1289 944 1342 998 in
1384 941 1715 998 bibliotheca
1763 934 1894 992 Vati.

2105 931 2262 986 Jodex
2295 931 2600 986 orationum
2627 928 2684 983 S.
2709 928 2872 1000 Greg.
2911 925 3170 1000 Nysseni,
3198 925 3332 982 satis
3361 938 3584 993 magnus

349 1055 507 1106 cana,
536 1017 834 1095 conversus
859 1053 890 1093 a
923 1037 1080 1092 Joan.
1111 1035 1380 1097 Livineio,
1423 1033 1492 1088 ϐ.
2013 1026 2066 1081 in
2097 1026 2426 1082 bibliotheca
2452 1025 2652 1081 nobilis
2677 1031 2730 1080 ot
2753 1023 2824 1077 cl.
2859 1039 2911 1077 v.
2938 1022 3000 1075 D.
3043 1019 3314 1076 Theodori
3346 1017 3584 1075 Canteri.

367 1272 866 1284 —.—-—_——————-

367 1288 436 1301 —

504 1508 1542 1632 PROLEGOMENA
1627 1492 2362 1614 EDlTIONIS
2440 1486 3455 1609 MORELLIANfE.

1375 1920 1841 1966 ILLUSTRISSI‘MO
1902 1923 1982 1964 ET
2028 1921 2235 1963 REVEB
2245 1916 2571 1963 ENDISSIMO

1597 2065 1939 2123 FEDEBICO
1977 2065 2382 2122 ΒΟΒΒΟΜᾸΞΟ

1662 2238 1716 2280 S.
1750 2239 1815 2282 Β.
1855 2238 1917 2279 Ε.
1950 2236 2292 2280 CARDINALI

1419 2406 1465 2448 Μ
1475 2407 1508 2448 Ε
1519 2401 1990 2460 DIOLANENSIUM
2022 2400 2540 2454 ARCHIEPISCOPO,

1151 2547 1466 2600 CLAUDIUS
1522 2545 1861 2598 MORELLUS
1901 2545 2166 2594 ΧΑΙΡΕῘΝ
2209 2546 2322 2594 ΚΑΙ
2365 2546 2778 2596 ΕΥΟΔΟΥΣΘΑῙ.

434 2939 590 3008 Quod
629 2937 862 2994 Basilius
898 2935 1151 3005 Magnus,
1180 2934 1490 2992 Cardinalis
1515 2935 1873 3005 amplissime,
1905 2935 1972 2990 ad
1996 2935 2212 2992 beatum
2243 2936 2592 2992 Ambrosium
2624 2934 2982 2992 Mcdiolanen.
3008 2936 3304 2993 antistitem
3334 2939 3614 3001 scribens,

365 3043 491 3107 post
525 3034 857 3089 luculentam
915 3031 1279 3086 maximorum
1319 3027 1532 3082 Domini
1563 3026 1770 3098 Deique
1817 3031 1994 3085 nostri
2036 3030 2423 3085 beneﬁciorum
2473 3031 2528 3084 in
2574 3046 2746 3101 genus
2785 3033 3082 3088 humanum
3113 3035 3614 3100 enumerationem,

368 3133 445 3185 ait
479 3142 538 3184 se
567 3139 834 3182 summam
868 3121 962 3176 Dei
983 3121 1110 3193 Opt.
1144 3119 1283 3174 Max.
1317 3120 1545 3191 gloriam
1578 3120 1928 3189 praedicando
1957 3122 2240 3186 extollere,
2281 3123 2372 3191 qui
2405 3138 2502 3192 per
2529 3125 2742 3194 singula
2773 3141 3003 3194 quaeque
3044 3127 3240 3181 sarcula
3272 3127 3488 3182 numini
3517 3142 3619 3184 suo

367 3224 649 3296 placentes
679 3216 886 3286 deligit,
922 3212 1278 3283 ἐκλεγόμενος
1307 3211 1434 3275 τοὺς
1465 3211 1615 3282 αὐτῷ
1641 3212 1846 3282 εὐαρεσι

2139 3227 2239 3266 :um
2281 3213 2577 3282 prmsertim
2609 3229 2723 3268 aevo
2750 3231 2851 3270 suo
2884 3231 2915 3270 e
2943 3215 3164 3271 civitate
3197 3217 3362 3288 regali
3384 3256 3400 3278 ,
3432 3221 3618 3274 virum

369 3325 696 3390 Spectatum,
723 3312 883 3381 cujus
916 3309 1037 3362 ﬁdei
1062 3308 1231 3362 totius
1256 3307 1434 3377 gentis
1464 3305 1788 3377 praefectura
1818 3308 2112 3363 commissa
2136 3306 2333 3374 fuerat,
2359 3325 2626 3380 generosa
2653 3320 2856 3375 mente,
2894 3313 3092 3368 illustri
3118 3323 3296 3368 ortum
3327 3318 3618 3387 prosapia,

367 3415 492 3466 vitae
526 3406 847 3479 splendore,
900 3399 1118 3456 dicendi
1175 3399 1378 3453 virtute
1407 3397 1616 3452 clarum
1638 3441 1654 3465 ,
1683 3398 1919 3468 negotiis
1953 3399 2209 3454 civilibus
2264 3403 2564 3458 tractandis
2599 3405 2956 3474 conspicuum
2979 3443 2995 3470 ,
3048 3406 3114 3460 ad
3155 3407 3400 3462 sedulam
3455 3412 3625 3467 ovilis

365 3501 575 3560 Christi
600 3511 789 3555 curam
817 3494 1107 3558 traxisset,
1157 3499 1320 3560 atque
1355 3505 1387 3544 a
1416 3489 1700 3558 iudicibus
1738 3497 1899 3544 terrae
1952 3491 2018 3544 ad
2068 3492 2469 3561 praesidentiam
2520 3498 2874 3565 apostolicam
2921 3499 3320 3564 transtulisset,
3350 3500 3529 3573 ἄνδρα
3558 3506 3625 3557 ἐκ

370 3590 754 3666 βασιλευούσης
783 3587 988 3649 πόλεως
1031 3583 1202 3656 ἀρχὴν
1237 3583 1358 3637 ὅλου
1397 3581 1581 3645 ἔθνους
1611 3582 2039 3653 πεπιστευμένον
2063 3621 2077 3647 ,
2110 3583 2310 3652 ὑψηλὸν
2345 3585 2424 3655 τῷ
2451 3588 2752 3658 φρονήματι
2773 3627 2788 3652 ,
2830 3589 3021 3658 γένους
3047 3590 3389 3662 λαμπρότητι
3409 3636 3426 3661 ,
3461 3613 3627 3666 περι-

367 3686 570 3756 φανεία
604 3684 741 3754 βίου,
766 3681 939 3749 λόγων
977 3679 1197 3749 δυνάμει
1222 3718 1236 3743 ,
1273 3677 1562 3749 πράγμασι
1587 3679 1698 3740 τοῖς
1727 3676 1868 3730 κατά
1889 3676 1980 3731 τὸν
2004 3677 2116 3747 βίον
2149 3678 2508 3749 περίΰλεπτον
2531 3719 2545 3744 ,
2579 3679 2823 3738 εἵλκυσεν
2861 3685 2942 3746 εὶς
2966 3683 3060 3755 τὴν
3086 3684 3194 3737 τῶν
3227 3687 3497 3756 ποιμνίων
3527 3687 3624 3741 τοῦ

366 3775 603 3848 χριστοῦ
634 3773 974 3834 ἐπιμέλειαν,
1011 3771 1102 3822 καὶ
1133 3767 1240 3822 ἀπὸ
1271 3768 1378 3822 τῶν
1417 3768 1620 3840 κριτῶν
1651 3768 1748 3838 τῆς
1775 3767 1882 3836 γῆς
1902 3807 1918 3832 ,
1951 3768 2046 3822 ἐπὶ
2074 3766 2170 3839 τὴν
2203 3769 2494 3840 προεδρίαν
2521 3771 2628 3826 τῶν
2693 3773 3002 3827 ἀποστόλων
3039 3776 3354 3846 μετέθηκεν.
3387 3778 3530 3844 Quae
3556 3781 3628 3834 ab

358 3868 518 3928 omni
551 3863 920 3920 assentatione
968 3861 1339 3916 remotissima
1381 3860 1555 3931 elogia
1603 3873 1634 3913 a
1666 3866 1820 3913 tanto
1861 3859 2275 3929 archiepiscopo
2306 3860 2662 3928 Caesariensi,
2699 3865 3048 3920 sanctissimo
3087 3867 3308 3936 praesuli
3358 3867 3630 3924 Mediola-

360 3962 524 4020 tnensi
559 3963 684 4030 jure
735 3956 984 4023 tributa,
1025 3969 1208 4009 nonne
1263 3953 1619 4009 meritissimo
1670 3951 1738 4005 ad
1771 3951 2148 4008 beatissimum
2185 3951 2442 4008 Carolqu
2479 3955 2811 4011 cardinalem
2861 3957 3262 4024 Borromaeum,
3308 3963 3629 4028 patruelem

369 4068 556 4116 tuum,
584 4049 768 4121 patria
800 4062 1078 4118 regnoque
1117 4047 1327 4102 caelesti
1354 4047 1466 4114 jam
1502 4044 1874 4114 perfruentem
1902 4085 1918 4110 ,
1961 4055 2015 4102 et
2043 4045 2112 4100 ad
2156 4056 2208 4102 te
2237 4048 2356 4117 pari
2388 4062 2651 4119 purpura,
2693 4050 2860 4104 animi
2896 4049 3152 4114 candore,
3183 4049 3450 4106 doctrinae
3484 4069 3632 4122 prae-

368 4141 590 4205 stantia,
627 4139 750 4193 vitae
793 4151 1118 4206 morumque
1148 4136 1416 4190 modestia
1449 4149 1514 4189 ac
1545 4135 1906 4189 sanctimonia
1941 4143 2264 4192 exornatum
2285 4176 2299 4201 ,
2333 4138 2589 4193 videntur
2621 4138 3040 4194 transferenda?
3064 4138 3187 4194 Jam
3227 4156 3356 4195 vero
3382 4156 3520 4196 cum
3567 4142 3630 4198 S.

357 4238 617 4309 'Gregorii
642 4235 873 4308 Nysseni
905 4233 1171 4305 episcOpi,
1205 4232 1394 4288 Basilii
1445 4233 1593 4288 illius
1632 4233 1877 4303 germani
1926 4233 2152 4300 fratris,
2199 4233 2436 4306 Operum
2482 4234 2800 4306 fetuumque
2833 4237 3048 4307 augusti
3088 4237 3290 4307 ingenii
3342 4237 3634 4308 legitimo—

368 4348 492 4389 rum
525 4329 748 4386 editioni
778 4327 1052 4397 διγλώττῳ
1092 4326 1188 4379 καὶ
1235 4327 1516 4396 συμφερτῇ
1541 4365 1555 4390 ,
1588 4334 1847 4396 patronum

2155 4341 2180 4380 n
2230 4333 2286 4382 et
2329 4327 2704 4398 προασπιστὴν
2743 4329 3094 4399 πανάριστον,
3125 4345 3508 4400 quaereremus
3562 4331 3634 4386 ad

367 4421 637 4476 virulenta
659 4417 935 4472 Zoilorum
969 4415 1278 4481 κακοδόξων
1303 4416 1410 4470 tela
1455 4417 1830 4485 retundenda;
1865 4417 1921 4471 in
1961 4433 2121 4488 quem
2153 4417 2334 4489 potius
2361 4418 2546 4474 oculos
2582 4418 2854 4486 conjicere
2881 4419 3188 4486 debuimus,
3213 4434 3374 4489 quam
3411 4421 3472 4475 in
3499 4439 3635 4477 eum

371 4516 530 4585 cuius
559 4512 868 4583 respublica
899 4511 1209 4567 Christiana
1231 4552 1248 4577 ,
1294 4520 1592 4581 sanctaque
1622 4511 1867 4569 Ecclesia
1902 4513 2146 4569 Romana
2179 4515 2402 4570 nomine
2431 4513 2551 4585 ipso
2580 4514 2904 4569 recreatur?
2927 4515 3126 4585 quippe
3150 4515 3204 4569 in
3233 4529 3342 4583 quo
3390 4514 3638 4589 Ῥώμης

371 4623 529 4664 omen
559 4607 959 4662 faustissimum
988 4605 1327 4667 continetur;
1365 4603 1654 4676 ἐπώνυμον
1681 4608 1796 4669 τοῖς
1827 4625 1850 4660 a

2160 4625 2232 4671 ια,
2270 4606 2538 4677 siquidem
2559 4645 2574 4670 ,
2607 4604 2797 4676 Igneus
2836 4615 2916 4661 est
2951 4607 3094 4677 vigor
3123 4615 3172 4661 et
3207 4606 3432 4662 calcatis
3475 4612 3639 4680 origo

371 4700 719 4762 Borromazis,
761 4697 904 4768 quod
935 4696 1065 4752 olim
1095 4711 1182 4751 me
1204 4697 1271 4751 de
1299 4703 1490 4753 sancto
1513 4697 1728 4763 Carolo,
1755 4713 1916 4769 quem
1954 4708 2011 4754 tu
2047 4699 2292 4769 sequeris
2329 4713 2497 4769 prope
2525 4699 2780 4768 passibus
2811 4699 3004 4768 aequis,
3045 4698 3448 4770 depraadicasse
3484 4715 3642 4754 nun-

373 4808 535 4863 quam
570 4792 877 4864 pmnitebit.
917 4789 1190 4857 Quocirca
1221 4789 1527 4862 Nyssenum
1556 4792 1852 4861 pervigilen

2160 4808 2201 4845 m
2229 4829 2245 4856 ,
2275 4791 2608 4862 γρηγορήσει
2637 4789 2975 4862 φερώνυμον,
3015 4791 3083 4846 ad
3113 4801 3165 4846 te
3198 4791 3639 4861 ἐρρωμενέστα-

373 4901 464 4938 τον
493 4884 586 4936 καὶ
617 4881 1070 4952 ὀξυδερκέστατον
1099 4882 1380 4954 ἀρχιερέα,
1416 4883 1559 4936 ultro
1601 4896 1728 4937 cum
1764 4881 1852 4935 ch:

2162 4882 2342 4937 nentis
2375 4881 2692 4952 pignoribus
2729 4883 2920 4954 perdiu
2951 4881 3151 4939 abditis
3174 4922 3192 4949 ,
3241 4881 3641 4950 accedentem,

374 4991 438 5032 ea
471 4974 856 5047 φιλοφροσύνῃ,
893 4974 1246 5046 benignitate,
1277 4975 1613 5031 humanitate
1645 4982 1700 5030 et
1733 4974 2032 5040 alacritate,
2067 4988 2176 5044 qua
2205 4985 2448 5030 veterum
2487 4983 2802 5031 sanctorum
2839 4975 3181 5046 potissimum
3213 4975 3441 5030 Patrum
3475 4977 3648 5035 Grae-

372 5084 563 5124 corum
592 5078 646 5125 et
671 5069 988 5124 Latinorum
1015 5081 1366 5127 monumenta
1404 5070 1658 5141 prosequi
1697 5069 1862 5134 soles,
1890 5068 2157 5138 accipito;
2189 5083 2253 5123 ac
2283 5069 2484 5139 pietate
2510 5085 2727 5140 gravem
2758 5078 2812 5126 et
2842 5071 3052 5127 meritis
3081 5072 3134 5126 in
3167 5071 3647 5141 locupletissima

377 5162 721 5219 bibliothecae
752 5173 876 5228 tuae,
911 5180 1017 5234 qua
1072 5165 1431 5236 φιλομούσους
1456 5179 1647 5219 omnes
1677 5163 1951 5219 exhilaras
1973 5201 1988 5227 ,
2020 5164 2254 5234 potiori,
2289 5181 2474 5236 quaeso
2493 5208 2508 5233 ,
2539 5175 2694 5237 parte
2720 5168 3005 5223 collocato.
3039 5166 3130 5223 Sic
3159 5168 3347 5238 utique
3373 5209 3388 5234 ,
3420 5185 3650 5243 magno

375 5256 631 5314 Federice
658 5299 672 5323 ,
708 5259 886 5317 foedus
926 5246 1206 5317 Musarum
1246 5270 1519 5317 castarum
1553 5259 1864 5315 inviolabile
1897 5275 2158 5326 servans,
2199 5262 2478 5330 φιλοθέους
2509 5264 2608 5318 Tui
2637 5281 2890 5320 meritare:
2924 5266 3109 5336 fecisse
3137 5265 3380 5320 merendo
3401 5306 3418 5330 ,
3465 5271 3650 5344 χάρις

375 5352 532 5423 χάριν
559 5355 666 5427 γάρ
703 5356 850 5410 ἐστιν
884 5357 918 5427 ὴ
951 5357 1190 5410 τίκτουσ’
1218 5357 1334 5422 ἀει,
1363 5371 1524 5411 omne
1557 5371 1731 5410 mvum
1756 5354 1854 5410 ἀίει

2190 5355 2284 5409 τοῦ
2314 5357 2448 5412 Θεοῦ
2491 5359 2718 5430 εὐμενές
2763 5361 2859 5415 tibi
2894 5375 3017 5415 eum
3050 5361 3286 5417 nominis
3330 5360 3649 5422 immorta-

373 5447 526 5504 litate
549 5449 914 5520 comparabis.
947 5447 1090 5504 Bene
1124 5448 1347 5519 diuque,
1387 5447 1819 5503 Borromaeorum
1851 5458 1852 5473 π

2052 5445 2321 5516 θωμαλέον
2341 5487 2355 5511 ,
2387 5449 2587 5504 valeas.
2620 5449 2843 5505 Lutetiaa
2876 5451 3138 5508 Parisior.
3171 5450 3235 5504 A.
3264 5447 3531 5508 8.1615.

818 5583 865 5604 εδ
