3768 6000
177 256 244 310 65
1513 251 1727 310 PROLE

1865 251 2031 308 iENA
3347 252 3415 312 ιο

786 551 969 626 QUZE
1007 553 1110 612 AD
1141 553 1401 614 VITAM
1436 551 1930 627 LAUDEMQUE
1961 554 2021 614 S.
2054 549 2437 614 GREGORII
2465 554 2800 614 NYSSENI

1615 741 1978 786 PERTINENT

1201 883 1293 939 EX
1315 883 1627 944 ALIOBUM
1661 881 1972 943 SCRIPTIS
2005 884 2279 943 ELOGIA.

1046 1034 1116 1091 Β.
1186 1035 1540 1108 Hieronymus
1587 1040 1644 1090 in
1698 1037 1958 1109 Catalogo
2012 1039 2202 1108 script.
2237 1038 2433 1094 eccles.

1350 1342 1676 1414 Sophronias
1718 1343 1930 1401 Graecus
1963 1331 2238 1414 iulerpres.

234 1456 563 1528 Γρητόριος
603 1457 824 1530 Νύσσης
855 1458 1172 1522 ἐπίσκοπος,
1205 1457 1429 1527 ἀδελφὸς
1460 1457 1727 1511 Βασιλείοι

1918 1459 2196 1527 Gregorius
2226 1457 2506 1530 Nyssenus
2541 1458 2852 1530 cpiscopus,
2884 1458 3050 1512 frater
3077 1456 3264 1514 Basilii
3292 1458 3414 1514 Caio

160 1551 257 1604 τοῦ
293 1551 651 1621 Καισαρείας,
685 1550 790 1620 πρὸ
815 1549 1010 1617 ὀλίγων
1037 1547 1296 1602 ἐνιαυτῶν
1320 1549 1443 1618 ἐμοὶ
1476 1549 1568 1601 καὶ
1599 1550 1727 1620 Γρη-

1865 1553 2125 1614 ιιιτίεηςίε,
2168 1559 2292 1605 ante
2317 1565 2522 1620 paucos
2561 1564 2735 1604 annos
2767 1548 2898 1602 mihi
2929 1556 2981 1602 et
3017 1547 3279 1618 Gregorio
3309 1544 3415 1607 Na~

158 1640 335 1709 γορίῳ
378 1639 458 1709 τῷ
494 1636 848 1707 Ναζιανζηνῷ
889 1636 1038 1690 κατὰ
1084 1636 1385 1704 Εὐνομίου
1419 1637 1624 1706 ἀνέγνω
1651 1637 1727 1690 λό-

1865 1644 2107 1698 ιίιιηῑεηο
2157 1657 2289 1697 suos
2323 1652 2507 1695 contra
2548 1639 2867 1695 Eunomium
2910 1640 3039 1711 legit
3085 1640 3281 1706 libros,
3321 1638 3415 1710 qui

157 1743 314 1797 γους,
345 1731 494 1793 ὅστις
530 1730 625 1783 καὶ
651 1728 787 1783 ἄλλα
818 1726 988 1780 πολλὰ
1017 1727 1352 1800 γεγραφέναι
1391 1727 1483 1780 καὶ
1512 1729 1727 1800 γράφειη

1865 1745 1902 1791 et
1927 1735 2096 1789 multa
2124 1734 2228 1788 alia
2251 1743 2304 1789 et
2331 1734 2623 1804 scripsisse
2655 1741 2710 1788 et
2739 1731 2980 1788 scribere
3010 1732 3234 1789 dicitur.

163 1819 404 1888 λέγεται.

872 1906 1203 1975 Nicephorus
1239 1905 1498 1961 Callistus
1532 1907 1933 1967 Ecclesiastica:
1959 1911 2204 1967 historia:
2232 1910 2328 1966 lib.
2362 1927 2440 1974 ιι,
2469 1925 2591 1981 cap.
2626 1910 2717 1966 29.

239 2000 450 2054 Habuit
478 1999 716 2056 Basilius
745 1997 967 2065 fratres,
992 2012 1226 2067 quorum
1266 2015 1407 2055 unus
1445 1997 1741 2069 Gregorius
1783 2001 1904 2069 fuit,
1953 2001 2210 2058 Ecclesiae
2243 2000 2503 2072 Nysseme
2536 2003 2628 2054 lux
2661 2009 2716 2055 et
2764 2008 3144 2055 ornamentum
3176 2019 3188 2054 :
3218 1999 3300 2054 vir
3334 2011 3413 2055 sea

156 2094 411 2148 cundum
447 2095 664 2147 fratrem
698 2091 971 2157 doctrina,
1005 2091 1274 2154 moribus,
1302 2099 1358 2147 et
1395 2092 1520 2145 vita:
1559 2093 1852 2148 sanctitate
1883 2101 2183 2165 spectatus.
2211 2093 2277 2147 Et
2314 2094 2566 2164 quamvis
2611 2094 2901 2163 conjugem
2943 2092 3216 2157 habuerit,
3248 2093 3413 2146 rebus

151 2195 356 2238 tamen
399 2185 522 2238 aliis
550 2183 700 2236 fratri
741 2183 966 2237 minime
991 2183 1178 2236 cessit.
1211 2181 1315 2248 Qui
1354 2180 1558 2237 Basilio
1589 2191 1828 2248 mortuo,
1863 2188 2228 2240 Hexaemeron
2271 2185 2386 2240 sive
2422 2200 2516 2239 sex
2542 2170 2760 2239 dierum
2793 2198 2932 2256 Opus
2963 2183 3112 2240 illius
3157 2183 3412 2252 adimple=

147 2277 232 2330 vit
257 2295 272 2340 ;
317 2285 373 2330 et
395 2273 659 2329 Adversus
687 2273 1003 2326 Eunomium
1033 2281 1086 2328 et
1114 2273 1510 2342 Appollinarem
1539 2273 1941 2334 confutationes
1969 2279 2210 2349 scripsit.
2237 2277 2712 2348 Constantinopoli
2746 2292 2966 2347 quoque
2995 2276 3049 2331 in
3073 2277 3262 2333 divum
3305 2277 3411 2332 Mea

146 2370 355 2422 letium
394 2367 698 2421 orationem
749 2364 1034 2420 funebrem
1084 2366 1413 2436 composuit,
1458 2367 1675 2436 aliaque
1720 2367 1948 2439 insuper
1979 2373 2215 2442 plurima
2261 2369 2526 2440 opuscula
2559 2368 2828 2424 doctrinis
2861 2378 2914 2423 et
2972 2369 3412 2425 institutionibus

147 2465 330 2534 plena
366 2457 628 2514 Ecclesiae
663 2458 757 2513 Dei
795 2459 1038 2528 reliquit.
1069 2457 1378 2513 Ostendunt
1407 2468 1586 2514 autem
1624 2460 1801 2516 virum
1839 2465 2005 2520 talem
2033 2479 2157 2519 cum
2202 2464 2330 2529 alia',
2361 2473 2475 2518 tum
2506 2445 2780 2534 praecipue
2817 2464 2873 2519 in
2904 2462 3225 2534 Gregorium
3263 2465 3413 2522 illum

145 2552 448 2609 miraculis
475 2550 744 2605 celebrem
769 2550 946 2604 oratio
969 2550 1040 2604 ab
1073 2565 1138 2605 eo
1167 2551 1336 2605 edita.

231 2668 336 2719 Ἐκ
388 2667 494 2720 τοῦ
537 2660 888 2730 Σωκράτους
926 2663 1064 2742 ’ῐστη
1109 2663 1335 2735 ὲκκλησ.
1381 2666 1547 2730 ﬁrm.
1587 2671 1661 2734 A',

1933 2666 2016 2724 Ea:
2046 2669 2285 2726 Socratis
2322 2669 2463 2726 Hist.
2491 2669 2797 2726 ecclesiast.
2829 2670 2920 2724 lib.
2954 2685 3025 2735 ιν,
3053 2682 3171 2742 ‘cap.
3203 2671 3296 2728 21.

816 2750 948 2802 χείρ.
989 2740 1084 2788 κε’.

229 2825 518 2894 Ἐγένοντο
545 2823 602 2876 δὲ
634 2822 853 2891 ἀδελφοὶ
886 2823 1188 2885 Βασιλείου,
1221 2824 1428 2896 Πέτρος
1465 2826 1558 2880 καὶ
1592 2828 1734 2898 Γρηι

139 2915 368 2985 γόριοςο
413 2911 549 2965 ἀλλὰ
580 2912 784 2982 Πέτρος
817 2911 916 2981 μὲν
950 2911 1041 2966 τὸν
1071 2914 1277 2984 μονήρη
1309 2915 1420 2984 βίον
1450 2913 1732 2969 Βασιλείω

137 3003 401 3074 ἐζήλωσε
418 3021 431 3031 ·
466 3003 504 3054 Γ
511 3001 764 3072 ρηγόριος
788 3000 844 3053 δὲ
873 3000 933 3053 τὸ
955 3001 1330 3055 διδασκαλικὸν
1355 3003 1449 3055 τοῦ
1471 3003 1649 3072 λόγου,
1675 3005 1735 3069 ὃς

136 3093 241 3146 καὶ
275 3093 379 3163 τὴν
406 3091 736 3160 πονηθείσαν
775 3089 1037 3160 Βασιλείῳ
1069 3090 1393 3161 ἑξαήμερον,
1426 3092 1518 3146 ἆτε
1551 3093 1614 3164 δὴ
1640 3112 1736 3147 και

132 3181 532 3250 ταλειφθεῖσαν
558 3219 573 3241 ,
630 3177 1127 3250 προσανεπλήρωσε
1182 3181 1318 3250 μετὰ
1367 3181 1592 3236 θάνατον
1633 3186 1729 3239 τοῦ

132 3272 410 3342 ἀδελφοῦ,
444 3272 538 3324 καὶ
565 3270 852 3338 ἐπιτάφιον
878 3270 956 3331 εἰς
983 3269 1242 3323 Μελέτιον
1270 3271 1358 3324 τὸν
1405 3274 1732 3345 Ἀντιοχείας

130 3367 452 3418 ἐπίσκοπον
495 3364 556 3414 ὲν
595 3364 663 3431 τῇ
713 3361 1272 3414 Κωνσταντινουπόλει
1318 3363 1580 3434 διεξῆλθε.
1628 3368 1732 3420 Φέ-

134 3473 332 3526 ρονται
363 3454 424 3507 δὲ
455 3451 620 3504 αὐτοῦ
655 3451 749 3504 καὶ
786 3449 935 3503 ἄλλοι
971 3450 1116 3519 λόγοι
1147 3453 1410 3524 διάφοροι.

457 3542 848 3610 Θεοδὼρητος,
884 3541 1033 3595 Βι6λ.
1066 3545 1139 3603 A',
1178 3560 1299 3612 κεφ.
1334 3542 1432 3616 κη’.

207 3637 303 3688 Ἐν
326 3634 671 3698 ἐπισκόποις,
692 3631 828 3684 ἀλλὰ
854 3632 947 3683 καὶ
971 3631 1040 3684 τὰ
1068 3631 1206 3704 [τοῦ]
1230 3634 1433 3688 τούτων
1461 3639 1728 3708 νοήματα.

131 3730 192 3781 ὲν
225 3729 330 3799 μὲν
362 3724 458 3782 οὖν
489 3728 754 3796 ἀσκηταῖς
783 3726 876 3778 καὶ
909 3725 1006 3796 τῆς
1033 3725 1233 3796 ἀρετῆς
1265 3732 1605 3797 φροντισταῖς
1641 3725 1731 3784 οὗ.

130 3837 220 3872 τοι
270 3820 397 3873 κατ’
449 3819 659 3871 ἐκεῖνον
703 3815 996 3884 διέλαμπον
1046 3817 1138 3870 τὸν
1178 3817 1384 3888 καιρόν.
1435 3819 1727 3892 Γρηγόριος

1865 3826 2047 3882 erunt,
2073 3815 2364 3886 Gregorius
2405 3823 2657 3885 uterque,
2701 3812 3078 3870 Nazianzenus
3110 3821 3165 3869 et
3205 3814 3399 3887 Nysse-

131 3909 491 3980 ἐκάτερος,δ
558 3924 616 3960 τε
657 3905 984 3971 Ναζιανζοῢ,
1033 3908 1124 3959 καὶ
1173 3910 1202 3960 ὁ
1244 3908 1500 3980 Νύσσηςο
1549 3913 1575 3962 ό
1629 3911 1726 3980 μὲν

1869 3923 1932 3962 us
1964 3907 2139 3959 tulere
2172 3903 2560 3974 principatum,
2598 3917 2831 3968 quorum
2872 3902 2961 3956 hic
2998 3901 3168 3957 frater
3211 3903 3396 3959 Basilii

130 4001 397 4070 ἁδελφὸς,
433 4001 462 4052 ὁ
490 4000 546 4052 δὲ
570 3998 834 4069 σύσκηνός
861 4015 921 4050 τε
946 3999 1040 4051 καὶ
1069 4001 1328 4070 συνεργὸς
1358 4000 1450 4054 τοῦ
1489 4002 1720 4092 μεγάλου

1865 3998 2008 4070 iagni
2050 3995 2171 4061 fuit,
2214 3996 2305 4051 ille
2353 3995 2536 4050 socius
2568 3993 2878 4048 studiorum
2921 3993 3061 4062 ejus,
3092 4005 3147 4049 et
3182 3996 3396 4066 adjutor

130 4093 433 4146 Βασιλείω
471 4092 776 4162 τυγχάνων.
815 4086 975 4144 Οὗτοι
1013 4091 1111 4161 μὲν
1143 4088 1234 4145 οὖν
1268 4095 1324 4146 ὲν
1359 4085 1723 4166 Καππαδοκίᾳ

1865 4092 1947 4145 Iit.
1998 4088 2092 4145 Isti
2156 4087 2211 4142 in
2275 4085 2620 4156 Cappadocia
2669 4100 2769 4154 pro
2824 4085 3024 4154 pietate
3073 4086 3396 4143 dimicantes

126 4185 237 4252 τῆς
286 4182 574 4246 εὐσεϐείας
624 4181 1069 4253 ὑπερμαχοῦντες
1117 4183 1401 4253 ἡρίστευον
1428 4201 1443 4216 ο
1503 4187 1723 4257 συνηρι-

126 4293 300 4328 στευε
326 4275 388 4328 δὲ
409 4275 593 4337 αὐτοῖς
622 4274 716 4326 καὶ
737 4273 960 4343 Πέτρος,
984 4275 1313 4345 γεννήτορας
1340 4276 1436 4345 μὲν
1460 4277 1722 4348 Βασιλείῳ

1905 2821 2141 2877 Basilius
2162 2821 2302 2876 duos
2321 2820 2481 2874 habet
2498 2819 2713 2884 fratres,
2737 2819 2953 2874 Petrum
2976 2827 3030 2875 et
3054 2827 3404 2891 Gregorium:

1833 2911 2029 2968 Petrus
2064 2911 2369 2968 solitarium
2409 2911 2534 2964 vitae
2579 2925 2750 2980 genus
2796 2909 2981 2964 Basilii
3030 2919 3254 2966 secutus
3285 2921 3406 2977 est;

1834 3000 2130 3070 Gregorius
2175 3009 2394 3065 autem,
2440 2998 2669 3053 docendi
2716 3000 2982 3053 rationem
3020 3011 3034 3052 :
3067 2999 3156 3067 qui
3207 2999 3404 3054 librum

1834 3104 1864 3142 a
1915 3089 2118 3144 Basilio
2163 3090 2220 3142 in
2255 3087 2616 3142 Hexaemeron
2653 3087 2881 3150 editum,
2916 3096 3105 3156 utpote
3157 3089 3409 3159 imperfeI

1833 3192 2000 3242 ctum,
2033 3187 2157 3249 post
2185 3189 2412 3234 mortem
2441 3178 2628 3234 fratris
2671 3179 2944 3234 cumulate
2969 3181 3229 3250 explevit.
3260 3182 3406 3238 Idem

1835 3271 2116 3326 funebrem
2148 3271 2450 3325 orationem
2490 3270 2543 3323 in
2581 3269 2855 3325 Meletium
2882 3271 3197 3342 episcopum
3219 3274 3407 3328 Αηιίοι

1832 3365 2010 3426 chirs,
2061 3362 2532 3433 Constantinopoli
2595 3362 2866 3417 recitavit.
2917 3360 3145 3418 Exstant
3190 3379 3408 3434 quoque

1831 3457 1950 3510 aliae
1979 3454 2208 3510 diversae
2231 3454 2507 3509 orationes
2541 3454 2610 3508 ab
2642 3469 2708 3508 eo
2741 3455 3088 3523 conscriptae.

2149 3545 2535 3608 Theodoretus,
2571 3544 2666 3599 lib.
2701 3559 2775 3610 iv,
2802 3558 2926 3612 cap.
2956 3545 3044 3600 28.

1900 3636 1975 3690 Ex
2002 3651 2191 3692 eorum
2224 3650 2452 3690 numero
2475 3634 2569 3704 qui
2607 3625 2731 3687 vita:
2760 3634 3078 3688 monasticae
3115 3641 3168 3688 et
3200 3645 3402 3690 severa!

1829 3728 2046 3783 vivendi
2087 3725 2408 3796 disciplinae,
2449 3723 2743 3792 studioque
2784 3723 3004 3778 virtutis
3042 3738 3264 3792 operam
3302 3740 3400 3778 nas

1824 4173 1986 4235 facile
2030 4179 2236 4250 primas
2282 4179 2663 4232 obtinuerunt.
2710 4173 2769 4228 In
2809 4175 3060 4244 ejusdem
3103 4191 3228 4230 cum
3286 4178 3394 4234 illis

1824 4272 2001 4328 laudis
2043 4271 2358 4327 societatem
2393 4268 2544 4322 venit
2573 4265 2793 4330 Petrus,
2825 4267 2919 4334 qui
2952 4265 3136 4320 Basilii
3165 4275 3221 4321 et
3259 4265 3392 4322 Cres

127 4371 230 4421 καὶ
280 4367 575 4438 Γρηγορίῳ
602 4366 728 4429 τοὺς
758 4366 953 4429 αὐτοὺς
984 4365 1251 4436 ἐσχηκὼς,
1292 4369 1391 4437 τῆς
1429 4368 1485 4422 δὲ
1521 4369 1721 4439 Θύραθε

125 4461 397 4522 παιδείας
443 4458 505 4511 οὐ
565 4455 898 4528 μετειληχὼς
942 4456 1042 4510 σὺν
1081 4457 1344 4523 ἐκείνοις,
1385 4459 1484 4522 τὰς
1520 4458 1578 4512 δὲ
1623 4459 1718 4512 τοῦ

129 4553 253 4621 βίον
290 4549 666 4623 μαρμαρυγὰς
693 4549 893 4618 ἀφιείς.

614 4642 715 4694 Ἐκ
734 4639 854 4694 τῶν
883 4639 986 4696 τοῦ
1013 4641 1253 4697 45thov.
1479 4714 1487 4719 _

211 4732 567 4803 ’Δνεγνὼσθη
589 4731 888 4803 Γρηγορίου
919 4731 1141 4803 Νύσσης
1165 4733 1365 4804 ὁμοίως
1389 4733 1528 4805 ὑπὲρ
1559 4733 1719 4788 Βασι-

1823 4363 1962 4434 gorii
2007 4361 2177 4416 frater
2215 4373 2511 4430 germanus
2540 4357 2642 4411 fuit
2669 4375 2682 4411 :
2711 4357 2913 4426 quique
2951 4358 3169 4412 tametsi
3198 4359 3391 4414 humae

1826 4458 1980 4513 niore
2019 4457 2325 4511 litteratura
2376 4469 2486 4507 non
2544 4451 2788 4523 perinde,
2841 4461 2901 4506 ut
2945 4452 3046 4519 illi,
3091 4455 3392 4512 instructus

1824 4555 1963 4613 erat,
1986 4546 2076 4618 pio
2105 4552 2290 4601 tamen
2322 4542 2539 4599 vivendi
2569 4557 2767 4612 genere
2797 4543 3085 4599 admodum
3111 4549 3388 4603 excelluit.

2441 4635 2525 4688 Ea:
2553 4634 2769 4690 Plrolio.

1886 4730 2082 4785 Lectus
2110 4735 2194 4784 est
2220 4725 2469 4798 Gregorii
2499 4725 2689 4797 Nyssa:
2725 4725 2968 4796 episcopi
3015 4727 3266 4783 similiter
3288 4743 3390 4799 pro

123 4828 276 4883 λείου
327 4827 471 4883 Κατ’
505 4827 828 4894 Εὼ·ομ[ου,
861 4825 959 4898 τὴν
990 4828 1086 4898 μὲν
1127 4828 1326 4899 φράσιν
1365 4828 1418 4880 εἴ
1451 4847 1534 4892 τις
1562 4829 1718 4891 ἄλλος

1865 4819 2016 4874 asilio
2065 4816 2328 4871 Adversus
2385 4814 2706 4868 Eunomium
2751 4814 2906 4869 liber.
2958 4813 3142 4886 Stylus
3189 4815 3289 4878 illi,
3337 4817 3386 4870 si

128 4923 409 4992 ρητόρων,
445 4916 717 4990 λαμπρὸς,
759 4917 855 4971 καὶ
882 4918 1076 4988 ἡδονῆς
1101 4919 1234 4972 ὠσὶν
1267 4919 1606 4983 ἀποστάζων.
1641 4919 1714 4973 Οὐ

1865 4910 1904 4963 ll
1943 4910 2250 4972 rhetorum,
2306 4908 2556 4972 illustris,
2615 4915 2670 4963 et
2717 4906 3114 4976 jucunditatem
3161 4906 3386 4962 auribus

126 5015 232 5076 μέν
275 5030 359 5066 τοι
391 5010 630 5080 καθεξῆς
696 5008 804 5062 οὐδ’
851 5008 1009 5073 αὐτὸς
1046 5010 1146 5080 τὴν
1189 5009 1454 5081 Εὐνομίου
1497 5012 1714 5085 γραφὴν

122 5103 442 5173 ἑπελέγχει.
513 5101 607 5154 Διὸ
655 5100 749 5152 καὶ
797 5100 1202 5172 συντομώτερός
1242 5103 1358 5156 ὲστι
1399 5102 1708 5173 Θεοδώρου,

121 5194 443 5266 Σωφρονίου
476 5193 534 5248 δὲ
581 5194 934 5263 πλατύτερος.
983 5187 1272 5257 Πλεονάξει
1316 5190 1414 5262 μὲν
1446 5195 1554 5265 γὰρ
1599 5189 1711 5259 τοῖς

1820 5003 2111 5058 instillans.
2160 5000 2267 5055 Sed
2312 5014 2414 5055 nec
2465 5000 2582 5070 ipse
2634 5000 2853 5070 quidem
2903 4999 3095 5054 ordine
3129 4996 3383 5056 Eunomii

1818 5095 2083 5163 scriptum
2147 5091 2517 5163 reprehendit.
2567 5090 2930 5157 Quamobrem
2981 5097 3059 5145 et'
3098 5087 3386 5148 Theodoro

1817 5186 2091 5241 concisior
2138 5194 2247 5250 est,
2294 5192 2349 5238 et
2391 5183 2697 5253 Sophronia
2729 5183 2908 5245 latior,
2952 5182 3192 5236 abundat
3235 5183 3380 5238 enim

120 5247 486 5356 leLEaigpaat
511 5285 609 5338 καὶ
633 5282 746 5345 τοῖς
769 5247 1221 5350 παραδείγμασινῖ
1248 5247 1404 5334 Ἔστι
1424 5247 1500 5344 si.

1865 5247 2258 5347 ithymematis,
2314 5247 2483 5344 atque
2517 5273 2804 5342 exemplis.
2842 5270 2980 5344 lllud
3034 5281 3215 5328 autem
3253 5285 3383 5330 vera

119 5394 273 5441 στως
309 5380 508 5440 εἰπεῖν,
540 5375 616 5439 ὡς
644 5377 770 5428 ὅσον
799 5369 1126 5445 ὑπερϐάλλει
1159 5368 1341 5426 κάλλει
1366 5391 1426 5426 τε
1453 5376 1545 5428 καὶ
1571 5375 1714 5446 λαμ-

1865 5365 2322 5428 ronuntiaverim,
2375 5374 2640 5433 quantum
2708 5361 3003 5432 Gregorius
3049 5372 3376 5428 venustate,

117 5471 357 5540 πρότητι
382 5469 483 5523 καὶ
505 5467 585 5536 τῷ
614 5463 866 5536 ήδυτάτῳ
890 5463 1161 5534 Θεόδωρον
1182 5481 1195 5493 ·
1230 5464 1480 5518 τοσοῦτον
1503 5465 1564 5518 τὸ
1586 5465 1715 5537 πλῆι

117 5560 212 5622 θος
246 5560 363 5612 τῶν
395 5555 853 5628 ἐπιχειρημάτων
899 5553 992 5607 καὶ
1031 5553 1090 5606 τὸ
1126 5551 1347 5624 γόνιμον
1375 5555 1454 5618 εἰς
1490 5555 1552 5609 τὸ
1582 5573 1713 5628 προ..

113 5655 271 5724 ἐχειν
309 5650 647 5716 ἐκϐιάζεται.

1813 5459 2126 5529 splendore,
2155 5463 2210 5511 et
2255 5454 2483 5509 mirifica
2504 5451 2849 5524 jucunditate
2887 5453 3162 5508 antecellit
3201 5448 3380 5509 Theo:

1812 5549 1968 5615 doro,
1997 5556 2208 5604 tantum
2238 5546 2402 5603 etiam
2443 5551 2882 5616 argumentorum
2923 5543 3080 5615 copia
3117 5547 3172 5599 et
3211 5543 3378 5602 uber-

1811 5649 1924 5698 tate
1961 5641 2208 5698 eumdem
2233 5639 2454 5696 vincere
2479 5636 2794 5694 connititur.
