3768 6000
351 238 418 294 4⁸7
1511 234 1566 287 S.
1609 229 2001 288 GREG'OBIUS
2038 227 2408 286 NYSSENUS.

422 354 642 409 Lectum
689 362 772 408 est
819 353 1046 407 alterum
1099 351 1341 422 ejusdem
1391 351 1635 422 Gregorii
1683 353 1912 422 Nysseni
1946 365 1989 419 Α

353 461 508 516 opus,
556 443 622 498 de
664 443 852 498 eadem
907 443 1022 512 ipsa
1063 458 1122 497 re
1157 460 1170 496 :
1205 442 1261 496 in
1285 457 1392 511 quo
1436 443 1740 497 rationibus
1783 443 1917 496 vali-

353 535 602 591 dioribus
644 548 768 587 cum
806 532 1077 586 Eunomio
1115 547 1309 586 manus
1346 547 1662 597 conserens,
1708 531 1831 586 enm
1871 531 1918 584 vi

351 630 662 692 expugnat,
716 619 898 674 omnia
957 619 1254 688 impietatis
1309 619 1650 674 ﬁrmamenta
1716 619 1921 672 labefa-

353 719 529 763 ctans.
568 707 833 762 Venustas
865 721 993 761 vero
1029 706 1315 772 orationis,
1347 715 1401 762 et
1431 707 1687 777 splendor
1722 707 1921 777 jucun-

353 800 524 854 ditate
580 800 799 868 mistus,
856 799 1020 854 etiam
1076 799 1133 853 in
1183 799 1287 854 hoc
1335 813 1498 869 opere
1555 800 1810 855 decenter
1863 813 1923 855 se

353 891 610 949 ostendit.

985 998 1072 1052 Ea:
1101 999 1288 1054 Suida.

427 1089 720 1161 Gregorius
738 1088 1020 1161 Nyssenus
1058 1091 1370 1160 episcopus,
1405 1089 1590 1144 Basilii
1623 1087 1925 1143 Caesarien—

359 1184 437 1239 sis
471 1181 662 1248 frater,
711 1182 797 1235 vir
840 1188 895 1236 et
946 1182 1063 1251 ipse
1103 1182 1357 1252 insignis,
1390 1181 1648 1250 omnique
1676 1181 1924 1235 doctrina

359 1271 684 1335 exuberans,
719 1270 985 1324 addictior
1011 1279 1192 1326 tamen
1227 1271 1530 1325 rhetorices
1556 1270 1776 1335 studiis,
1812 1277 1925 1322 tam

360 1362 570 1417 celeber
603 1363 1006 1431 praeclarusque
1037 1362 1092 1416 in
1129 1376 1194 1417 ea
1219 1363 1409 1428 evasit,
1444 1375 1606 1430 quam
1638 1361 1924 1430 quisquam

361 1463 624 1508 veterum.
670 1453 721 1507 Is
748 1453 1072 1522 conscripsit
1107 1453 1384 1522 egregium
1435 1452 1631 1505 librum
1668 1451 1927 1504 Adversus

366 1543 708 1609 Eunomium,
767 1551 879 1597 tum
923 1559 1060 1612 opus
1118 1543 1494 1596 admirandum
1551 1541 1627 1595 De
1666 1543 1930 1595 creatione

363 1635 626 1699 hominis;
675 1635 982 1704 complures
1041 1641 1300 1703 prieterea
1350 1633 1664 1706 conciones,
1715 1640 1827 1686 tum
1874 1633 1929 1684 in

365 1724 588 1780 Cantica
621 1727 969 1785 canticorum.
994 1732 1157 1793 atque
1198 1724 1250 1776 in
1277 1721 1630 1776 Ecclesiasten
1662 1738 1680 1774 :
1719 1729 1832 1774 tum
1861 1721 1928 1774 ad

365 1833 594 1870 sororem
637 1815 936 1869 Macrinam
975 1829 1230 1884 magnum
1273 1821 1327 1867 et
1372 1813 1758 1883 perpulchrum
1802 1812 1931 1868 Ser-

364 1923 578 1962 monem
621 1906 698 1960 De
746 1908 924 1960 anima
953 1905 1278 1974 composuit,
1313 1905 1592 1974 multaque
1633 1904 1738 1958 alia
1785 1919 1935 1958 com-

367 2006 580 2053 mentus
633 2007 717 2052 est
778 2015 894 2055 :ex
969 1998 1168 2067 quibus
1225 1997 1437 2051 celebre
1478 1995 1612 2050 illud
1677 1995 1935 2064 Stephani

370 2089 785 2159 protomartyris
817 2090 1149 2154 encomium,
1179 2097 1234 2145 et
1263 2088 1510 2159 Gregorii
1545 2087 1937 2141 miraculorum

370 2180 579 2250 opiﬁcis
617 2180 724 2234 vita
755 2180 1041 2234 habentur.

3517 221 3589 278 48

2101 349 2435 418 Ἀνεγνώσθη
2473 347 2634 417 ἑτέρα
2681 341 3028 415 πραγματεία
3060 340 3155 396 τοῦ
3185 338 3348 396 αὐτοῦ
3375 343 3592 414 Γρηγοο

2020 442 2134 512 ρίου
2165 440 2404 509 Νύσσης,
2438 438 2566 508 περὶ
2604 439 2702 508 τῆς
2740 436 2911 504 αὐτῆς
2958 433 3263 497 ὑποθέσεως
3289 450 3302 464 ·
3353 434 3410 486 ἐν
3498 428 3594 481 λο-

2018 533 2314 601 γικώτερον
2349 529 2594 599 Εὑνομίῳ
2631 527 2988 596 συμπλακεὶς,
3015 526 3156 580 κατὰ
3188 525 3396 596 κράτος
3418 525 3593 594 αἱρεῖ,

2021 625 2195 677 πάντα
2242 621 2525 691 σαθρὼσας
2573 620 2670 690 τῆς
2710 616 3020 678 δυσσεϐείας
3057 614 3222 668 αὐτοῦ
3254 615 3340 667 κτὰ
3382 613 3598 683 ὀχυρώ-

2025 730 2185 782 ματα.
2243 711 2315 764 Τὺ
2363 711 2419 763 δὲ
2467 710 2662 771 κάλλος
2703 708 2795 761 τοῦ
2843 707 3025 774 λόγου,
3072 707 3164 760 καὶ¹
3204 708 3235 774 ή
3285 705 3597 776 σύγκρατος

2021 801 2372 870 λαμπρότης,
2425 797 2723 868 γλυκύτητι
2770 795 3050 850 κάνταῦθα
3102 793 3419 865 διαπρεπῶς
3470 795 3598 847 ἐπι-

2022 892 2291 945 δείκνυται

2558 1002 2658 1054 Ἔκ
2687 999 2805 1055 τῶν
2832 999 3072 1053 Σουίδα.

2093 1098 2392 1168 Γρηγόριος
2431 1093 2653 1162 Νύσσης
2696 1091 3010 1153 ἐπίσκοπος,
3055 1089 3283 1158 ἀδελφὸς
3313 1086 3600 1142 Βασιλείω

2024 1188 2118 1242 τοῦ
2147 1185 2470 1254 Καισαρέως
2497 1200 2510 1214 ·
2560 1183 2699 1252 ἀνὴρ
2727 1183 2820 1234 καὶ
2855 1182 3014 1243 αὐτὸς
3048 1179 3473 1248 ἐλλογιμώτατος
3501 1179 3604 1231 καὶ

2027 1282 2206 1348 πάσης
2245 1277 2502 1347 ὑπάρχων
2552 1275 2795 1336 παιδείας
2836 1273 3120 1334 ἀνάπλεως
3144 1289 3156 1302 ·
3203 1271 3605 1340 προσκείμενος

2026 1371 2083 1423 δὲ
2113 1369 2311 1440 μᾶλλον
2340 1369 2450 1429 τοῖς
2493 1368 2559 1434 τῇ
2599 1366 2859 1435 ῥητορικῇ
2899 1363 3168 1434 χαίρουσι.
3209 1363 3319 1414 Καὶ
3350 1359 3480 1429 γοῦν
3511 1362 3606 1412 εὐ-

2029 1461 2246 1530 δόκιμος
2278 1460 2334 1510 ὲν
2362 1456 2533 1528 ταύτῃ
2561 1455 2869 1524 γεγένηται,
2905 1454 2999 1506 καὶ
3027 1453 3292 1524 λαμπρὸς,
3311 1452 3364 1504 εί
3389 1469 3473 1514 τις
3503 1451 3604 1505 ἆλ-

2029 1549 2119 1612 λος
2147 1549 2254 1600 τῶν
2281 1546 2447 1600 πάλαι
2473 1545 2645 1617 ταύτῃ
2682 1543 3058 1613 γεγενημένων
3088 1560 3102 1572 ο
3151 1537 3301 1604 οὗτος
3345 1539 3605 1603 συνέταξε

2032 1640 2156 1693 κατ’
2174 1639 2471 1705 Εὑνομίου
2499 1636 2655 1703 λόγον
2688 1633 2984 1705 ἐξαίρετον,
3016 1634 3110 1686 καὶ
3154 1633 3342 1702 τεῦχος
3387 1632 3608 1703 θαυμά-

2032 1746 2142 1782 σιον
2163 1731 2250 1794 είς
2273 1727 2386 1793 τὴν
2407 1727 2514 1780 τοῦ
2539 1725 2850 1792 ἀνθρώπου
2881 1722 3264 1790 κατασκευήν
3283 1739 3296 1752 ·
3339 1722 3513 1785 ἄλλως
3545 1740 3606 1773 τε

2028 1820 2238 1882 πυκνὰς
2267 1819 2361 1872 καὶ
2389 1821 2627 1888 συνεχεῖς
2653 1817 2890 1886 ὁμιλίας,
2918 1816 3006 1880 εἷς
3034 1832 3097 1868 τε
3126 1815 3198 1868 τὰ
3224 1813 3460 1882 ᾄσματα
3486 1812 3610 1866 τῶν

2030 1910 2338 1978 ᾀσμάτων,
2384 1909 2478 1962 καὶ
2522 1911 2607 1974 εις
2637 1908 2745 1961 τὸν
2794 1904 3305 1970 Ἐκκλησιιιστήν’
3337 1905 3430 1957 καὶ
3457 1905 3610 1971 πρὸς

2031 1999 2146 2068 τὴν
2165 1999 2438 2068 ἀδελφὴν
2466 1999 2794 2066 Μακρίναν,
2834 1993 3042 2064 μακρόν
3061 2010 3182 2047 τινα
3201 1994 3295 2046 καὶ⁵
3315 1995 3614 2066 περικαλλῆ

2035 2090 2169 2158 περὶ
2201 2089 2406 2159 ¹ψυχῆς
2437 2089 2695 2158 συνέθηκε
2730 2089 2916 2154 λόγον’
2954 2085 3090 2138 ἄλλα
3112 2101 3172 2136 τε
3201 2082 3368 2135 πολλᾶ
3405 2098 3610 2152 γεγρα-

2042 2183 2202 2253 φήκει
2223 2201 2236 2214 ο
2288 2184 2381 2236 καὶ
2412 2180 2857 2250 πολυθαύμαστον
2883 2178 3099 2232 ἔπαινον
3131 2173 3224 2228 τοῦ
3259 2173 3473 2244 πρώτου
3504 2173 3610 2224 τῶν

2045 2273 2336 2345 μαρτύρων
2381 2273 2676 2340 Στεφάνου,
2713 2272 2807 2323 καὶ
2857 2269 2968 2338 βίον
3009 2269 3065 2320 δὲ
3108 2264 3361 2328 συνέταξε
3402 2265 3614 2335 Γρηγο-

2047 2365 2161 2436 ρίου
2190 2363 2284 2416 τοῦ
2317 2366 2372 2416 ὲν
2406 2362 2646 2432 θαύμασι
2669 2360 3084 2431 διαλάμψαντος.

444 2482 577 2549 Quis
623 2489 963 2552 quantusque
1011 2478 1095 2533 vir
1134 2477 1296 2532 fuerit
1335 2477 1632 2546 Gregorius
1678 2476 1976 2548 Nyssenus,
2027 2479 2186 2534 docet
2241 2479 2683 2550 Martyrologium
2733 2477 3026 2530 Romanum
3078 2475 3149 2529 IX
3183 2473 3384 2528 Martii.
3421 2469 3616 2540 Nyssce

375 2574 629 2644 depositio
673 2570 731 2626 S.
775 2569 1010 2639 Gregorii
1053 2569 1300 2637 episcopi,
1351 2568 1540 2636 fratris
1577 2567 1772 2620 Basilii
1811 2567 2014 2639 Magni,
2049 2571 2158 2624 vita
2192 2580 2242 2624 et
2283 2569 2574 2624 eruditione
2621 2568 2928 2633 clarissimi,
2971 2568 3060 2638 qui
3088 2566 3149 2620 ob
3181 2566 3305 2635 ﬁdei
3341 2561 3616 2616 catholica:

377 2668 725 2738 defensionem
749 2664 842 2720 sub
875 2663 1084 2717 Valente
1131 2667 1444 2730 imperatore
1483 2663 1684 2716 Ariano
1723 2664 1933 2717 civitate
1960 2682 2059 2718 sua
2077 2666 2261 2732 pulsus
2283 2677 2382 2721 est.

1499 2748 1761 2803 Menceum
1792 2748 2093 2805 Grazcorum
2124 2751 2169 2806 Χ
2205 2753 2477 2810 Januarii.

451 2843 551 2898 Hic
581 2851 699 2898 erat
729 2842 898 2896 frater
925 2841 1108 2897 Basilii
1142 2839 1341 2911 Magni,
1374 2841 1686 2910 eloquentia
1717 2843 1946 2912 praecla-

380 2953 477 2992 rus
515 2943 568 2991 et
620 2933 932 2988 orthodoxa:
967 2932 1086 2986 ﬁdei
1112 2933 1416 2996 aemulator,
1459 2941 1744 3002 propterea
1782 2935 1947 2986 etiam

2124 2840 2290 2910 Οῦτος
2315 2843 2383 2918 ἦν
2408 2848 2634 2916 ἁδελφὸς
2666 2847 2761 2902 τοῦ
2794 2847 3028 2918 μεγάλου
3063 2845 3340 2899 Βασιλείω
3368 2841 3624 2914 λαμπρὸς

2053 2936 2111 2988 ὲν
2156 2937 2333 3004 λόγοις
2373 2939 2467 2991 καὶ
2507 2939 2608 3008 τῆς
2633 2938 2912 3008 ὀρθοδόξου
2941 2938 3173 2997 πίστεως
3212 2935 3477 3005 ζηλωτής.
3524 2934 3630 2986 Διά

384 3029 643 3082 Ecclesiae
669 3026 760 3080 Dei
803 3025 1049 3094 praefuit;
1090 3033 1142 3078 et
1173 3040 1295 3078 cum
1326 3025 1453 3088 illis,
1513 3025 1604 3094 qui
1637 3025 1950 3080 Constanti-

2106 3046 2136 3080 ll.
2167 3028 2324 3081 τοῦτο
2353 3031 2448 3082 καὶ
2472 3030 2571 3099 τῆς
2615 3029 2938 3099 Ἐκκλησίας
2968 3028 3203 3098 Χριστοῦ
3235 3026 3495 3096 προέστη,
3528 3026 3630 3077 καὶ

386 3119 569 3189 nopoli
603 3117 897 3173 secundam
931 3115 1197 3185 synodum
1244 3117 1590 3172 celebrarunt
1620 3127 1808 3173 contra
1846 3119 1950 3172 im-

387 3213 506 3281 pias
537 3210 770 3263 haereses
818 3216 950 3262 tunc
977 3215 1352 3276 exsurgentes,
1403 3207 1665 3263 invictum
1716 3210 1952 3279 pugilem

389 3317 512 3357 sese
529 3298 786 3370 praebuit,
827 3297 1156 3353 adversariis
1183 3298 1401 3353 dicendi
1445 3301 1688 3369 potentia
1720 3311 1772 3355 et
1803 3300 1954 3355 Scri-

390 3401 671 3462 pturarum
728 3388 1284 3444 demoustrationibus
1337 3388 1656 3460 proﬂigatis.
1709 3389 1766 3443 In
1808 3390 1957 3448 omni

391 3483 534 3538 enim
566 3481 1055 3551 orationisgenere
1079 3480 1432 3542 exercitatus,
1461 3487 1515 3535 et
1535 3480 1756 3534 virtutis
1785 3480 1959 3549 gloria

395 3574 649 3637 illustris,
685 3574 790 3628 vim
827 3580 880 3627 et
906 3572 1082 3626 .robur
1111 3571 1368 3636 obtinuit,
1405 3579 1459 3626 et
1487 3571 1553 3625 ad
1575 3571 1780 3641 justam
1808 3586 1964 3626 sene-

393 3675 594 3722 ctutem
620 3671 928 3734 provectus,
955 3661 1304 3725 obdormivit,
1328 3670 1382 3716 et
1401 3661 1469 3716 ad
1499 3661 1782 3714 Dominum
1807 3661 1959 3715 abiit.

397 3758 527 3812 Erat
561 3767 738 3809 autem
782 3753 1028 3822 corporis
1054 3752 1445 3807 constitutione
1482 3759 1536 3807 et
1563 3751 1732 3822 ﬁgura
1765 3753 1963 3807 similis

399 3864 494 3919 per
531 3846 712 3901 omnia
761 3844 918 3898 fratri
970 3859 1070 3898 suo
1117 3842 1340 3908 Basilio,
1395 3851 1619 3913 excepta
1661 3843 1862 3898 canitie
1909 3849 1964 3897 et

399 3941 580 3996 minus
603 3938 841 4010 gratioso
879 3943 1122 4006 aspectu.

2057 3118 2195 3189 μετὰ
2223 3119 2330 3172 τῶν
2358 3120 2800 3188 συγκροτούντων
2823 3121 2921 3190 τὴν
2967 3121 3024 3170 ὲν
3053 3116 3629 3171 Κωνσταντινουπόλει

2050 3208 2308 3278 δευτέραν
2354 3207 2568 3263 σύνοδον
2617 3209 2759 3262 κατὰ
2787 3209 2893 3262 τῶν
2931 3206 3206 3260 δυσσεϐὦν
3234 3207 3494 3276 αἱρέσεων
3536 3206 3633 3258 ὲν·-

2057 3298 2358 3368 ισταμένων
2406 3298 2574 3352 ἐλθὼν
2613 3300 2927 3371 ὑπέρμαχος
2969 3297 3167 3368 εὑρέθη
3193 3297 3315 3360 τοὺς
3349 3295 3635 3358 ἐναντίους

2054 3390 2226 3458 λόγων
2252 3390 2476 3460 δυνάμει
2521 3392 2614 3444 καὶ
2661 3393 2958 3463 γραφικαῖς
2998 3388 3301 3452 ἀποδείξεσι
3340 3387 3638 3456 τροπωσά-

2061 3496 2239 3549 μενος.
2268 3479 2366 3532 Διὰ
2397 3480 2505 3550 γὰρ
2531 3481 2710 3550 πάσης
2740 3479 2910 3532 ἐλθὼν
2940 3478 3083 3541 ἰδέας
3104 3478 3277 3545 λόγων
3306 3476 3401 3530 καὶ
3426 3476 3637 3546 ἀρετῆς

2058 3568 2404 3640 εὐδοκιμήσει
2429 3570 2489 3622 τὸ
2510 3569 2708 3639 κράτος
2739 3568 2971 3632 ἐδέξατο.
3003 3567 3111 3619 Καὶ
3142 3565 3352 3634 φθάσας
3387 3566 3444 3616 ὲν
3466 3568 3637 3632 γήρει

2058 3659 2208 3730 καλῷ
2249 3659 2514 3730 ἐκοιμήθη
2535 3699 2552 3722 ,
2596 3659 2690 3713 καὶ
2722 3659 2857 3729 πρὸς
2887 3657 3092 3728 Κύριον
3121 3657 3473 3727 ἐξεδήμησεν.
3519 3647 3638 3707 Ἦν

2059 3751 2117 3803 δὲ
2169 3752 2310 3804 κατὰ
2356 3752 2447 3804 τὸν
2496 3750 2587 3803 τοῦ
2642 3749 2890 3820 σώματος
2936 3749 3104 3802 τύπον
3150 3747 3292 3800 κατὰ
3333 3746 3512 3800 πάντα
3552 3747 3639 3816 τῷ

2061 3840 2275 3910 ἀδελφῷ
2298 3839 2561 3909 Βασιλείῳ
2585 3838 2936 3910 προσεοικὼς,
2965 3837 3103 3907 πλὴν
3126 3839 3220 3891 τοῦ
3243 3835 3425 3889 πολιοῦ
3447 3852 3508 3887 τε
3532 3839 3641 3889 καὶ

2071 3933 2427 4003 χαριεστάτου
2457 3933 2550 3984 ἐπὶ
2579 3931 2769 4002 βραχύ.

1419 4029 1476 4083 S.
1509 4029 1855 4098 Hieronymus
1881 4027 1972 4082 lib.
2004 4027 2082 4083 De
2107 4030 2241 4083 viris
2276 4029 2600 4083 illustribus.

472 4123 750 4194 Gregorius
792 4122 1061 4191 Nyssenus
1095 4123 1365 4191 episcopus
1393 4122 1560 4189 frater
1587 4121 1778 4174 Basilii
1807 4119 2174 4182 Gwsariensis,
2206 4129 2326 4173 ante
2357 4134 2550 4186 paucos
2581 4134 2744 4170 annos
2777 4117 2906 4170 mihi
2930 4125 2977 4170 et
3011 4115 3258 4188 Gregorio
3286 4115 3641 4172 Nazianzeno

401 4225 591 4274 contra
618 4215 939 4269 Eunomium
961 4212 1083 4284 legit
1107 4214 1304 4267 libros:
1333 4213 1420 4282 qui
1443 4223 1492 4267 et
1515 4212 1681 4265 multa
1714 4213 1825 4265 alia
1857 4213 2144 4279 scripsisse,
2170 4221 2220 4264 et
2248 4211 2472 4264 scribere
2491 4210 2704 4262 dicitur.

475 4302 544 4362 Ut
592 4320 720 4360 vero
774 4315 886 4359 tota
933 4305 1048 4359 haec
1095 4319 1218 4358 cum
1274 4303 1540 4358 Eunomio
1593 4306 1965 4359 controversia
1997 4312 2041 4366 ι)
2071 4303 2390 4366 contudisse,
2447 4319 2508 4354 ac
2533 4302 2703 4369 putidi
2744 4300 3016 4354 cadaveris
3054 4301 3243 4366 instar,
3278 4305 3387 4354 risu
3415 4301 3643 4372 dignum

405 4397 598 4453 melius
663 4396 1012 4464 intelligatur,
1089 4393 1371 4449 sciendum
1435 4403 1540 4460 est,
1614 4396 1963 4463 Eunomium,

405 4487 620 4541 Arianae
667 4493 830 4540 sectae
860 4485 1273 4554 antesignanum
1315 4489 1370 4538 et
1399 4482 1578 4554 Cyzici
1625 4487 1964 4556 episcopum,

407 4575 908 4648 pestilentissimuin
963 4575 1159 4627 librum
1223 4570 1854 4628 adversusorthodoxam
1889 4576 1957 4632 de

404 4667 670 4724 Trinitate
687 4665 1006 4720 sententiam
1023 4667 1284 4722 edidisse:
1314 4663 1382 4719 de
1409 4681 1516 4734 quo
1540 4656 1730 4721 libello
1743 4665 1968 4721 Photius

407 4758 462 4810 in
492 4769 590 4810 sua
623 4752 944 4809 Bibliotheca
977 4753 1088 4823 (a):
1113 4753 1238 4824 Legi
1283 4755 1517 4810 libellum
1555 4757 1819 4821 Eunomii,
1867 4775 1968 4828 quo

406 4863 558 4900 suam
598 4848 707 4912 ipse
745 4845 919 4912 prodit
962 4846 1302 4914 impietatem,
1345 4849 1494 4916 cujus
1527 4849 1608 4902 hic
1652 4859 1727 4903 est
1761 4851 1969 4906 titulus.

407 4933 666 4988 Libellum
688 4933 840 4996 hunc,
859 4933 996 5002 quod
1019 4933 1360 4990 Eunomianis
1375 4940 1424 4991 in
1445 4940 1797 4994 admiratione
1811 4952 1968 5004 esset,

408 5025 471 5075 de
494 5024 778 5088 industria,
822 5041 882 5078 ne
915 5025 983 5078 ad
1009 5027 1142 5081 alios
1171 5031 1478 5097 perveniret,
1513 5033 1855 5098 occultatum,
1890 5035 1978 5087 vix

408 5113 618 5167 tandem
673 5125 854 5193 nactus
904 5115 1135 5171 Basilius
1184 5119 1432 5188 Magnus,
1492 5123 1700 5189 fortiter
1751 5139 1868 5175 eum
1917 5139 1978 5175 ac

411 5204 698 5273 splendide,
723 5223 1024 5277 omnemque
1051 5208 1178 5263 adeo
1212 5212 1420 5265 dicendi
1451 5214 1552 5266 vim
1573 5229 1636 5266 ac
1665 5213 1976 5282 facultatem

407 5296 714 5362 pervadens,
750 5299 928 5352 evertit
974 5316 1034 5352 ac
1057 5300 1353 5371 jugulavit:
1381 5303 1577 5356 diceres
1601 5321 1717 5358 eum
1741 5304 1973 5373 Babylo-

407 5389 585 5447 nicum
627 5389 884 5456 infantem
927 5390 995 5444 ad
1029 5393 1238 5461 ﬁrmant
1288 5395 1413 5464 fidei
1456 5405 1657 5463 petram
1705 5395 1975 5450 alliciendo

482 5575 558 5631 ta)
593 5571 806 5628 Vulum.
841 5573 962 5632 I37.

2029 4447 2034 4451 .
2077 4393 2381 4460 ostendisse,
2407 4392 2544 4462 quod
2580 4402 2778 4446 tantam
2809 4402 2929 4446 ante
2957 4393 3040 4445 sui
3067 4391 3473 4447 admirationem
3510 4394 3644 4448 aliis

2076 4486 2391 4538 concitarat.

2151 4578 2374 4633 Exstant
2404 4577 2582 4631 adhuc
2615 4576 2855 4646 quinque
2901 4575 3022 4630 libri
3059 4575 3116 4630 S.
3148 4576 3333 4631 Basilii
3385 4577 3644 4633 adversus

2083 4666 2419 4730 Eunomium,
2452 4673 2504 4719 et
2535 4667 2650 4734 ipse
2674 4665 2835 4718 etiam
2861 4665 3060 4736 impius
3084 4666 3332 4719 Eunomii
3360 4680 3646 4720 commen-

2078 4761 2305 4815 tariolus
2363 4759 2418 4810 in
2457 4757 2804 4824 Bibliothecis
2858 4758 3156 4826 reperitur:
3206 4756 3529 4810 nominatim
3585 4758 3646 4811 in

2081 4853 2358 4918 Bavarica,
2412 4860 2466 4906 et
2513 4852 2569 4907 in
2623 4850 2811 4905 codice
2857 4847 3104 4911 Livineii,
3157 4855 3280 4916 post
3308 4846 3537 4917 Nysseni
3589 4849 3649 4902 in

2087 4945 2402 5000 Eunomium
2425 4945 2592 4998 libros
2623 4941 2973 5011 subjungitur
2993 4937 3242 4993 Eunomii
3271 4939 3505 5001 libellus,
3539 4938 3650 4994 hac

2077 5036 2473 5104 inscriptione:
2531 5033 2598 5086 'H
2641 5033 2734 5085 τοῦ
2784 5031 3048 5101 δόγματος
3089 5027 3352 5098 Εὑνομίου
3403 5026 3648 5091 ἔκθεσις,

2079 5127 2353 5195 Expositio
2378 5124 2639 5195 dogmatis
2664 5122 2932 5185 Eunomii,
2967 5119 3112 5174 unde
3142 5118 3394 5173 fortassis
3423 5118 3650 5186 explere

2074 5219 2259 5274 licebit
2309 5219 2557 5271 lacunam
2589 5213 2929 5269 Photianam.
2961 5213 3259 5280 Praeposuit
3304 5210 3430 5262 huic
3478 5210 3649 5264 titulo

2073 5308 2293 5379 quidam
2349 5308 2463 5362 haec
2495 5307 2700 5362 verba:
2764 5305 2931 5372 Σίγα,
2963 5301 3125 5374 μιαρὲ
3178 5302 3271 5354 καὶ
3317 5299 3496 5370 ψυχὴν
3548 5302 3649 5353 καὶ

2075 5399 2321 5471 καρδίαν.
2362 5397 2473 5454 Sile
2499 5407 2548 5452 et
2591 5397 2770 5450 animo
2811 5405 2858 5449 et
2893 5393 3046 5449 corde
3078 5391 3440 5448 exsecrabilis.
3479 5388 3648 5461 [mpii
