3746 5994
167 246 227 303 49
1497 246 2029 312 PROLEGOMENA.
3326 252 3395 306 so

167 365 311 435 hujus
337 364 528 438 scripti
554 366 889 439 principium
919 377 1033 425 est:
1064 370 1171 424 Τοῦ
1197 368 1332 425 θεοῦ
1357 372 1450 425 καὶ
1469 372 1722 445 Σωτῆρος
1753 378 1797 432 Α
1824 371 2091 442 multoque
2117 370 2282 440 magis
2309 378 2505 425 nostra:
2532 367 2803 438 theologia:
2826 366 3063 436 pluribus
3099 362 3391 417 ostendens.

165 458 305 527 ἡμῶν
350 457 526 529 Ἰησοῦ
559 459 802 531 Χριστοῦ
830 461 972 516 κατὰ
1000 461 1213 516 δικαίαν
1244 462 1424 532 κρίσιν
1453 463 1723 534 φήσαντος

163 550 425 621 ὁμολογεῖν
453 550 767 622 ἔμπροσθεν
792 552 885 605 τοῦ
913 552 1048 606 Θεοῦ
1073 553 1164 607 καὶ
1194 553 1418 623 πατρός.

225 640 293 692 De
338 642 533 694 eodem
570 640 839 696 Euttomio
873 641 931 696 S.
968 642 1330 714 Hieronymus
1366 643 1419 696 in
1468 642 1725 713 Catalogo

160 732 470 812 scriptorum
542 731 1022 787 ecclesiasticorunt
1058 750 1077 787 :
1118 733 1448 799 Eunomius,
1508 736 1727 789 Ariona:

158 822 346 885 partis,
401 823 681 890 episcopus
721 824 1013 894 Cyzicenus
1067 826 1123 878 in
1181 836 1423 894 apertam
1471 826 1727 881 haereseos

156 928 494 980 prorumpens
533 913 934 983 blasphemiam,
983 926 1041 969 ut
1082 916 1220 986 quod
1263 918 1346 970 illi
1382 926 1581 987 tegunt,
1625 919 1724 972 iste

156 1004 347 1067 publice
374 1004 660 1073 fateretur,
694 1021 857 1075 usque
884 1007 1037 1061 hodie
1065 1008 1229 1062 vivere
1267 1007 1467 1062 dicitur
1500 1009 1555 1061 in
1587 1006 1726 1077 Cap-

158 1097 396 1162 padocia,
427 1104 479 1150 et
511 1098 682 1151 multa
709 1107 894 1151 contra
919 1097 1213 1153 Ecclesium
1239 1099 1482 1154 scribere.
1506 1098 1735 1168 Respon-

158 1186 340 1239 derunt
356 1187 407 1240 ei
428 1187 820 1255 Apollinarius,
859 1188 1151 1257 Didymus,
1174 1189 1414 1242 Basilius
1444 1189 1734 1245 Ca'sart'en-

159 1277 247 1340 sis,
288 1274 583 1345 Gregorius
618 1276 1020 1344 Nazianzenus,
1051 1290 1100 1333 et
1128 1278 1412 1349 Gregorius
1436 1279 1731 1350 Nyssenus.

223 1368 329 1424 Sed
360 1370 483 1424 haec
524 1371 713 1426 minus
740 1371 996 1427 distincte
1030 1372 1085 1425 S.
1124 1372 1508 1444 Hieronymus,
1553 1374 1736 1442 priora

159 1469 206 1515 et
225 1461 569 1530 prosteriora
601 1463 765 1517 simul
791 1462 1050 1533 iungens.
1094 1462 1162 1518 Ut
1190 1479 1321 1535 ergo
1351 1465 1735 1520 confusionem

161 1552 311 1617 vites,
340 1554 426 1606 sic
450 1551 675 1614 habeto,
708 1554 798 1607 ubi
822 1562 1014 1609 contra
1036 1555 1274 1625 primum
1297 1554 1548 1611 Eunomii
1570 1555 1738 1611 fetum

161 1641 563 1711 disputationes
624 1641 683 1696 S.
743 1642 928 1698 Basilii
984 1644 1041 1698 in
1101 1645 1383 1715 publicum
1428 1644 1735 1709 esiverunt,

163 1741 270 1787 tum
302 1733 397 1788 ille
423 1733 633 1799 furere,
663 1740 718 1790 et
740 1734 914 1790 instar
935 1736 1128 1790 calcati
1155 1735 1425 1807 serpentis
1447 1735 1586 1790 colla
1615 1750 1742 1791 con-

164 1824 285 1879 trita
326 1825 607 1889 attollere,
652 1836 980 1897 arreptoque
1016 1828 1229 1886 calamo
1270 1827 1597 1883 virulentius
1626 1833 1739 1881 tam

163 1917 216 1971 in
240 1916 534 1984 Basiliam,
574 1933 742 1987 quam
770 1919 826 1974 in
859 1919 1167 1975 doctrinam
1200 1920 1561 1976 orthodoxam
1606 1920 1739 1975 bac-

164 2008 317 2062 chari
359 2008 547 2077 erepit,
575 2016 631 2062 et
659 2010 878 2078 quidem
908 2011 1110 2080 triplici
1137 2011 1428 2076 invectiva,
1452 2010 1512 2065 S.
1537 2011 1741 2066 Basilio

166 2100 392 2155 interim
438 2100 513 2154 ad
539 2103 818 2157 caelestem
854 2102 1248 2159 beatitudinem
1278 2104 1565 2159 translato.
1599 2103 1740 2158 Audi

166 2187 427 2243 Photium
467 2190 575 2260 (a):
621 2189 841 2244 Lectum
891 2191 1126 2260 ejusdem
1174 2192 1325 2260 impii
1359 2193 1588 2247 hominis
1638 2202 1742 2247 tres

166 2280 331 2335 libros
362 2282 633 2359 continens
679 2282 941 2347 volumen,
982 2283 1120 2351 quod
1168 2284 1305 2338 velut
1340 2285 1633 2353 confutatio
1664 2294 1743 2339 est

166 2372 384 2424 illarum
407 2373 751 2440 ineptiarum,
799 2390 931 2442 quas
962 2375 1016 2427 in
1058 2375 1223 2442 ipsius
1253 2376 1473 2443 reperiri
1504 2374 1745 2444 blasphe-

168 2465 290 2518 uiis
338 2464 399 2518 S.
441 2464 684 2519 Basilius
730 2466 1077 2521 demonstrat.
1130 2466 1245 2521 Hoc
1282 2467 1335 2520 in
1375 2484 1526 2534 opere
1554 2477 1744 2537 partu-

168 2554 371 2619 rieado,
396 2555 599 2609 multas
627 2572 744 2609 eum
771 2572 1031 2611 annorum
1051 2558 1384 2628 olympiadas
1412 2559 1650 2613 tedicqu
1671 2561 1748 2613 in-

168 2646 375 2700 clusum
406 2663 520 2701 sua
550 2647 908 2716 absumpsisse
928 2649 1144 2718 ferunt;
1185 2667 1248 2703 ac
1278 2652 1365 2705 vix.
1388 2651 1598 2705 tandem
1631 2662 1748 2718 post

169 2738 458 2793 multorum
488 2756 751 2793 annorum
773 2740 1106 2794 interuallum
1125 2741 1430 2796 abortiendo
1455 2743 1748 2811 improbum

168 2827 325 2881 illum
374 2844 439 2882 ac
479 2830 865 2898 prodigiosum,
921 2847 1073 2899 quem
1127 2831 1341 2899 furtivis
1386 2833 1749 2902 congressibus

167 2934 503 2991 conceperat.
535 2921 700 2989 fetum
729 2922 784 2975 in
809 2923 978 2976 lucem
1006 2924 1241 2992 ejecisse.
1284 2924 1426 2990 Quin
1452 2935 1575 2979 tunc
1590 2927 1751 2980 etiam

1830 461 1933 517 Hic
1961 479 2079 517 vero
2106 460 2466 531 Mopsuestim,
2496 460 2993 531 utputo,episcopus
3013 458 3134 527 fuit.

1900 551 1976 608 De
2003 550 2311 621 Sophronio
2350 551 2491 606 idem
2526 548 2880 619 Photius(c):
2926 546 3114 602 Lectus
3153 548 3405 603 similiteu

1832 641 2117 712 Sophronii
2147 643 2279 697 liber
2295 659 2390 713 pro
2415 642 2613 696 Basilio
2635 648 2826 695 contra
2857 639 3207 703 Eunomittm,
3230 640 3397 693 Theo-

1830 734 1960 789 doro
1981 736 2213 803 apertior
2237 744 2287 789 et
2312 732 2476 788 multo
2506 732 2712 787 doctior
2741 740 2790 787 et
2819 732 3038 786 brevior.
3064 728 3247 801 Neque
3262 732 3400 785 enim

1830 842 1922 896 per
1961 827 2136 881 omnia
2167 824 2486 880 Eunomium
2530 824 2887 893 persequitur,
2932 822 3022 877 sed
3054 821 3155 875 illa
3180 822 3400 891 potissi-

1832 913 1977 972 mu'm
2018 916 2279 985 exagitat,
2328 925 2483 987 atque
2530 915 2745 985 refellit,
2796 930 2914 984 qua:
2962 930 3171 967 summa
3225 915 3403 983 capita

1833 1010 2048 1065 ha'resis
2091 1008 2340 1062 Eunomii
2388 1008 2651 1061 continere
2703 1005 3029 1062 videbantur.
3086 1005 3403 1061 Charactere

1836 1118 1961 1156 usus
1996 1111 2073 1155 est
2115 1100 2464 1170 distinguente
2490 1116 2551 1153 ac
2588 1098 2880 1168 deﬁciente,
2932 1106 2980 1151 et
3020 1106 3076 1150 ut
3114 1080 3405 1167 plurimum

1835 1192 2043 1246 solutus
2084 1190 2188 1257 illi,
2221 1190 2534 1260 minimeque
2550 1188 2771 1259 junctus
2803 1203 2995 1252 sermo,
3030 1203 3134 1242 non
3164 1189 3404 1259 ingratus
3486 1210 3494 1214 ·

1838 1292 2035 1346 tamen,
2088 1283 2194 1336 imo
2241 1290 2292 1336 et
2338 1281 2522 1352 logicis
2566 1278 3111 1351 argumentationibus
3156 1294 3405 1350 perquam

1835 1371 2059 1440 ﬂoridus
2082 1381 2181 1425 est.

1908 1462 1983 1518 De
2016 1463 2279 1533 Gregorio
2323 1462 2572 1535 Nysseno
2620 1463 2763 1519 idem
2804 1462 3032 1519 Photius
3072 1461 3181 1533 (d):
3217 1461 3405 1516 Lectus

1836 1562 1916 1609 est
1942 1552 2183 1624 Gregorii
2218 1553 2410 1625 Nyssa:
2433 1555 2662 1623 episcopi
2691 1554 2938 1608 similiter
2956 1571 3052 1624 pro
3077 1553 3282 1607 Basilio
3313 1552 3411 1606 ad-

1837 1634 2032 1702 versus
2072 1645 2397 1699 Eunomium
2437 1646 2587 1700 liber.
2623 1643 2806 1716 Stylus
2843 1645 3013 1709 illius,
3045 1647 3093 1699 si
3124 1647 3208 1698 cui
3239 1646 3412 1700 rheto-

1841 1718 1988 1804 rum:
2033 1738 2285 1802 illustris,
2335 1745 2384 1791 et
2417 1736 2810 1805 jucunditatem
2855 1737 3073 1791 auribus
3090 1736 3407 1790 ‘instillans.

1841 1828 1945 1885 Sed
1977 1846 2069 1885 nec
2093 1832 2201 1899 ipse
2230 1829 2438 1900 quidem
2468 1829 2651 1882 ordine
2677 1828 2924 1882 Eunomii
2961 1831 3217 1896 scriptum
3240 1845 3413 1895 repre-

1840 1921 2038 1976 hendit.
2101 1920 2455 1987 Quamobrem
2503 1928 2553 1973 et
2597 1919 2869 1974 Theodoro
2914 1920 3176 1974 concisior
3210 1930 3310 1983 est,
3361 1930 3413 1975 et

1842 2012 2135 2083 Sophronia
2158 2013 2355 2076 latior;
2390 2010 2625 2065 abundat
2644 2013 2785 2064 enim
2812 2010 3236 2080 enthymematis,
3262 2021 3415 2081 atque

1841 2104 2110 2172 exemplis.
2147 2104 2294 2157 Illud
2315 2113 2490 2157 autem
2520 2119 2636 2157 uere
2656 2103 3123 2170 pronuntiaverim,
3160 2114 3413 2174 quantunt

1846 2196 2127 2267 Gregorius
2161 2203 2451 2259 uenustate,
2498 2191 2793 2263 splendore,
2843 2203 2892 2246 et
2925 2193 3154 2262 miriﬁca
3171 2195 3417 2263 jucundi-

1847 2299 1953 2344 .'ate
1978 2289 2241 2343 antecellit
2261 2286 2553 2351 Theodoro,
2580 2294 2784 2339 tantum
2808 2285 2966 2338 etiam
2989 2295 3416 2355 argumentorum
3512 2294 3515 2295 '

1845 2382 1996 2450 copia
2021 2391 2066 2435 et
2092 2379 2330 2433 ubertate
2359 2377 2594 2432 eumdem
2626 2378 2825 2430 vincere
2853 2377 3160 2431 connititur.
3200 2375 3416 2430 Lectum

1843 2482 1923 2527 est
1957 2473 2187 2526 alterum
2222 2468 2455 2538 ejusdem
2487 2467 2729 2538 Gregorii
2778 2465 3007 2535 Nysseni
3042 2484 3192 2536 opus,
3227 2469 3292 2522 de
3337 2486 3421 2523 ea-

1844 2564 1963 2619 dem
1979 2566 2091 2633 ipsa
2110 2578 2202 2617 re:
2226 2563 2277 2616 in
2295 2578 2395 2632 quo
2415 2557 2711 2613 rationibus
2735 2556 3078 2611 ualidioribus
3102 2574 3219 2611 cum
3241 2556 3421 2612 Euno-

1846 2657 1953 2710 mio
1979 2670 2167 2709 manus
2203 2669 2508 2718 conserens,
2556 2667 2675 2705 eum
2710 2649 2757 2703 ui
2784 2658 3067 2718 expugnat.
3102 2650 3281 2703 omnia
3320 2650 3418 2702 int-

1847 2748 2059 2817 pietatis
2107 2747 2444 2816 ﬁrmamenta
2474 2741 2826 2810 labefactans.
2876 2737 3130 2793 Venustas
3158 2756 3274 2794 vere
3299 2758 3422 2794 ora-

1851 2838 2008 2892 tionis
2052 2846 2102 2890 et
2150 2835 2396 2904 splendor
2443 2829 2780 2903 jucunditate
2826 2830 3045 2894 mistus,
3101 2833 3262 2885 etiam
3326 2833 3422 2886 hoc

1850 2947 2004 3002 opere
2033 2929 2271 2984 decenter
2303 2944 2357 2981 se
2381 2923 2628 2981 ostendit.

170 3013 429 3066 miserum
474 3012 590 3066 illic
630 3012 852 3082 fovendo
904 3023 1142 3079 partum,
1179 3013 1308 3081 ipsis
1350 3030 1551 3084 quoque
1596 3024 1743 3069 secta

1923 3023 2191 3094 Loquitur
2241 3020 2471 3076 Pltotius
2520 3021 2589 3077 de
2634 3022 2959 3093 longissima
3004 3019 3098 3073 illa
3147 3016 3420 3085 oratione.

169 3103 395 3157 asseclis
453 3119 561 3156 non
611 3112 801 3157 temere
848 3102 1167 3170 exhibuisse,
1228 3106 1448 3158 veritum
1501 3105 1752 3160 nimirum

170 3193 432 3259 maxime,
447 3210 512 3247 ne
531 3192 745 3262 quando
767 3203 817 3247 et
836 3192 931 3248 hoc
952 3209 1081 3262 opus
1108 3195 1160 3247 in
1179 3194 1373 3249 Basilii
1395 3212 1581 3251 manus
1602 3199 1751 3264 prius

170 3287 407 3349 veniens,
439 3302 601 3356 quam
629 3286 959 3351 coalesceret,
994 3286 1370 3357 dissiparetur,
1398 3299 1447 3343 et
1470 3300 1750 3360 antequam

168 3378 413 3446 ﬂoreret,
452 3388 774 3447 praemature
813 3389 1120 3445 corruptum
1170 3390 1529 3435 marcesceret.
1584 3381 1758 3453 Igitur

172 3470 415 3524 studiose
444 3469 585 3523 uelut
608 3471 746 3523 alter
778 3470 831 3522 in
857 3469 1052 3538 fabulis
1084 3471 1371 3536 Saturnus,
1398 3482 1581 3526 natum
1613 3473 1759 3527 devo-

173 3559 349 3613 rando
382 3559 539 3621 texit,
587 3567 742 3626 atque
770 3557 1066 3625 abscondit,
1097 3559 1332 3630 quandiu
1359 3561 1567 3630 quidem
1604 3561 1760 3616 Basi-

176 3652 285 3704 lius
306 3653 359 3704 in
380 3650 536 3719 ﬂuxa
560 3651 667 3704 ista
695 3651 805 3704 vita
848 3651 1036 3720 degens
1069 3660 1264 3704 metum
1292 3653 1567 3707 incuteret.
1600 3652 1762 3708 Post-

178 3757 341 3810 quam
380 3758 503 3796 sero
546 3742 627 3795 rir
673 3742 764 3795 ille
810 3741 1041 3805 divinus,
1115 3743 1392 3812 peregrina
1436 3743 1762 3801 habitatione

182 3834 397 3895 relicta,
448 3834 506 3886 in
536 3849 713 3897 suam,
752 3834 856 3887 hoc
883 3846 983 3897 est,
1030 3834 1084 3887 in
1117 3834 1373 3889 caelestem
1401 3837 1763 3905 commigravit

182 3926 572 3988 hereditatem,
609 3936 661 3979 et
690 3926 885 3995 ingenti
922 3924 1016 3980 illo
1048 3934 1187 3979 metu
1222 3926 1484 3992 discusso,
1532 3929 1619 3982 vix
1642 3937 1759 3983 tan-

180 4018 305 4072 dem
350 4034 469 4073 sero
503 4018 692 4071 edendi
740 4018 953 4089 advenit.
1002 4019 1229 4083 occasio,
1270 4036 1333 4074 ne
1387 4030 1511 4074 tunc
1556 4023 1764 4091 quidem

183 4112 453 4175 omnibus,
492 4112 586 4164 sed
612 4111 798 4164 amicis
851 4109 1138 4176 duntaxat,
1187 4113 1429 4182 evulgare
1473 4130 1634 4169 ausus
1662 4124 1761 4170 est.

186 4200 259 4255 Its
288 4218 444 4271 quem
489 4201 778 4255 incidentes
816 4201 1122 4256 Theodorus
1151 4213 1202 4257 et
1243 4201 1530 4271 Gregorius
1563 4202 1765 4274 Nysse-

185 4307 309 4356 ns,
343 4302 501 4360 atque
525 4288 854 4356 Sophronias
878 4291 1121 4360 (quorum
1143 4307 1305 4359 supra
1328 4300 1405 4344 est
1429 4308 1460 4343 a
1481 4307 1561 4344 me
1583 4291 1766 4345 habita

1854 3132 1976 3186 quae
2009 3116 2061 3169 in
2089 3129 2255 3184 opere
2293 3123 2479 3166 contra
2525 3111 2868 3175 Eunomium,
2915 3109 3213 3165 secundum
3255 3121 3426 3177 quos-

1854 3208 2003 3269 dam,
2034 3204 2416 3260 duodecimum
2436 3245 2451 3269 ,
2494 3203 2792 3258 secundum
2824 3203 2983 3263 alios,
3018 3199 3292 3255 decimum
3318 3204 3427 3252 ter-

1855 3298 1991 3351 tium
2034 3298 2212 3350 locum
2252 3302 2422 3359 tenet,
2460 3294 2618 3363 cujus
2657 3294 2773 3349 haec
2812 3302 2897 3349 est
2927 3296 2981 3347 in
3028 3290 3292 3345 Bavarico
3330 3303 3428 3343 co-

1857 3390 1976 3446 dice
1998 3387 2279 3458 inscriptio
2312 3405 2326 3441 :
2364 3386 2471 3440 Τοῦ
2499 3384 2664 3439 αὐτοῦ
2713 3385 2870 3453 ἁγίου
2900 3384 3199 3456 Γρηγορίου
3246 3383 3429 3454 ὰντιῤ-

1861 3480 2081 3558 ρητικὸς
2111 3479 2247 3551 πρὸς
2274 3479 2367 3532 τὸν
2409 3478 2672 3549 Εὑνομίου
2701 3476 2792 3529 τοῦ
2836 3475 3130 3538 δυσσεϐοῦς
3181 3472 3430 3544 δεύτερον

1889 3569 2044 3638 λόγον
2067 3587 2080 3600 ·
2112 3569 2271 3639 cujus
2293 3569 2619 3638 principium
2648 3576 2753 3632 est,
2780 3567 2862 3621 Τὰ
2891 3566 2989 3637 μὲν
3014 3565 3080 3636 δὴ
3108 3565 3298 3635 πρῶτα
3322 3562 3431 3618 τῶν

1861 3660 1996 3732 πρὸς
2029 3660 2289 3728 Εὐνόμιον
2321 3656 2567 3726 ἀγώνων.

1933 3749 1992 3803 In
2020 3749 2229 3817 judicio
2270 3748 2339 3802 de
2398 3746 2538 3818 stylo
2583 3744 2926 3800 Eunomiano
2977 3745 3137 3816 plane
3191 3743 3432 3800 concinit

1862 3839 2094 3895 Photius
2124 3853 2248 3893 cum
2286 3824 2550 3909 Gregorio
2597 3836 2892 3910 Nysseuo:
2930 3837 2985 3892 id
3042 3836 3310 3906 intelliges
3364 3851 3431 3891 ex

1865 3933 2043 4003 primo
2091 3930 2234 3985 libro
2276 3927 2532 4000 Nysseni,
2566 3936 2622 3982 et
2653 3942 2719 3982 ex
2768 3926 2853 3982 his
2878 3925 3061 3981 Photii
3093 3926 3314 3981 verbis:
3349 3925 3433 3979 Ad

1866 4022 2065 4093 stglum
2098 4018 2394 4092 (Eunomii)
2437 4016 2575 4088 quod
2606 4016 2816 4082 attinet,
2868 4023 3075 4068 tantum
3104 4015 3153 4067 is
3190 4013 3255 4067 ab
3295 4014 3437 4067 omni

1868 4115 2047 4187 gratia
2085 4123 2135 4167 et
2173 4111 2512 4182 jucunditate
2542 4118 2772 4163 remotus
2802 4117 2904 4171 est,
2946 4115 3004 4160 ut
3038 4105 3437 4176 ne..cognovisse

1866 4207 2098 4278 quidem,
2143 4220 2211 4257 an
2240 4202 2345 4256 tale
2369 4203 2493 4272 quid
2522 4209 2776 4261 exstaret,
2813 4200 3073 4253 videatur.
3105 4196 3437 4251 Jactantiam

1871 4294 2234 4353 tantummodo
2282 4292 2570 4364 quamdam
2600 4291 2896 4362 prodigiose
2936 4296 3184 4351 ostentat,
3218 4304 3437 4342 sonum-

187 4384 405 4454 nentio)
448 4384 633 4437 multis
682 4382 956 4437 verborum
1003 4382 1198 4452 plagis;
1254 4398 1356 4436 non
1401 4397 1552 4436 secus
1603 4398 1762 4452 quam
1794 4404 1840 4461 ι)
1868 4403 1965 4457 que
1993 4386 2265 4439 dissonum
2290 4379 2561 4436 stridendo
2585 4380 2734 4433 edere
2753 4377 3114 4446 aﬂ'ectat,tum
3139 4389 3440 4429 consonan-

184 4480 415 4543 priorem
440 4476 619 4546 (illum
632 4477 891 4546 ejusdem)
912 4476 1166 4539 Basilius,
1182 4476 1534 4544 conﬁcientes.
1547 4475 1772 4547 jugula-

187 4570 456 4637 tttmjam,
482 4579 533 4623 et
561 4584 674 4638 pra:
696 4568 1000 4635 impuritate
1030 4566 1228 4620 alidum
1254 4567 1306 4620 in
1326 4576 1594 4621 auctorem
1615 4585 1769 4621 suum

187 4659 546 4727 mjecerunt.
588 4657 702 4711 Has
730 4659 907 4728 itaque
933 4667 1041 4710 tum
1078 4658 1361 4725 impietatis
1394 4674 1574 4726 pwnas
1601 4657 1766 4713 dedit.

256 4749 335 4803 De
364 4750 604 4820 singulis
644 4749 795 4804 hisce
839 4747 1086 4801 Eunomii
1130 4748 1599 4816 oppugnatoribus
1642 4762 1768 4816 spe-

186 4842 372 4895 ciatim
415 4840 672 4894 Photius.
723 4839 799 4894 De
837 4838 1124 4892 Theodoro
1164 4839 1265 4892 ista
1291 4836 1396 4909 (b):
1448 4837 1595 4891 Lecti
1645 4847 1769 4891 sunt

190 4932 454 4987 Theodori
467 4932 790 4987 Antiocheni
808 4948 901 5000 pro
923 4933 1126 4987 Basilio
1162 4933 1424 4987 adversus
1444 4930 1770 4983 Eunomium

186 5024 313 5078 libri
345 5027 537 5097 riginti
577 5025 821 5094 quinque.
853 5027 951 5078 Est
981 5024 1064 5077 illi
1102 5023 1310 5091 phrasis
1337 5039 1440 5076 non
1478 5036 1772 5091 usquequa-

186 5134 287 5187 que
320 5121 625 5187 perspicua,
651 5117 891 5171 sensibus
920 5126 1094 5169 tamen
1123 5126 1172 5169 et
1198 5114 1521 5186 argumentis
1551 5113 1772 5166 nimium

183 5219 449 5275 nutans
494 5209 717 5270 densus.
778 5206 839 5262 S.
883 5207 1171 5273 Scriptum
1220 5205 1533 5260 testimoniis
1572 5202 1774 5274 egregie

186 5301 452 5355 abundat.
495 5300 580 5354 Ad
608 5306 820 5354 uerbum
850 5298 958 5367 fere
990 5296 1239 5351 Eunomii
1279 5297 1510 5350 rationes
1552 5295 1772 5363 refellit,

183 5393 500 5463 inperitum
566 5406 687 5445 eum
750 5388 904 5444 ualde
958 5398 1289 5442 esternarum
1335 5384 1770 5460 .disciplinarum

255 5578 342 5635 (ai
374 5574 595 5629 anum.
627 5574 745 5629 I31.

255 5649 339 5714 (δ)
368 5646 480 5702 Vol.
514 5646 602 5700 IV.

1872 4474 2003 4527 tium
2036 4470 2243 4524 alterna
2278 4468 2659 4529 uicissitudine,
2704 4474 2815 4519 lum
2845 4464 3056 4518 vocibus
3092 4463 3446 4533 pronuntiatu

1871 4562 2191 4633 difficilibus,
2223 4569 2271 4613 et
2302 4575 2418 4629 quae
2450 4558 2630 4611 multis
2676 4556 2947 4610 abundant
2995 4556 3438 4608 consonantibus:

1873 4655 2028 4725 idque
2050 4654 2249 4722 poetico
2276 4667 2440 4713 more,
2463 4649 2569 4714 uel,
2611 4658 2669 4702 ut
2693 4649 2863 4703 verius
2889 4648 3088 4711 dicam,
3139 4646 3444 4715 dit/tyrant-

1875 4739 1987 4793 bico
2015 4741 2189 4808 potius
2223 4740 2350 4791 ritu;
2392 4735 2712 4805 Compositio
2741 4737 2908 4802 ipsius
2955 4745 3139 4788 coacta
3169 4742 3267 4798 est,
3312 4741 3363 4787 et
3392 4734 3442 4785 ui

1874 4847 2172 4901 compressa
2208 4839 2362 4900 atque
2387 4836 2594 4890 extusa,
2618 4836 2675 4880 ut
2698 4824 3106 4881 necessehabeat
3128 4824 3273 4876 illius
3303 4825 3441 4879 scri-

1867 4934 1959 4994 pta
2007 4924 2197 4994 legens,
2252 4940 2426 4978 aerem
2474 4923 2799 4976 vehementer
2856 4918 3012 4973 labiis
3059 4918 3350 4983 uerberare,
3391 4919 3441 4970 si

1869 5017 2022 5071 modo
2054 5024 2229 5085 aperte
2258 5014 2600 5085 pronuntiare
2634 5012 2779 5072 uelit,
2814 5026 2931 5080 qua:
2961 5009 3096 5077 forte
3132 5007 3442 5061 nanciscens

1870 5118 2025 5178 atque
2052 5114 2421 5175 contorquens,
2452 5112 2545 5157 aut
2567 5102 2822 5157 collidens
2851 5100 3033 5160 etiam,
3073 5088 3139 5151 ac
3160 5111 3348 5152 temere
3369 5099 3446 5150 iu-

1876 5195 2158 5265 terjiciens,
2190 5194 2295 5247 imo
2330 5202 2378 5246 et
2410 5201 2685 5248 truncans.
2723 5191 2811 5242 vix
2850 5186 3061 5240 tandem
3094 5187 3184 5240 ille
3225 5187 3448 5255 conjun-

1879 5289 1979 5343 ait.
2016 5287 2225 5356 Longas
2259 5300 2459 5354 quoque
2480 5280 2763 5344 interdum,
2787 5286 2838 5333 et
2861 5279 3139 5332 immodice
3157 5278 3444 5347 productas

1881 5378 2123 5451 periodos
2168 5376 2301 5446 facit
2333 5391 2352 5429 :
2385 5372 2758 5429 obscuritatem
2789 5372 3001 5441 insuper
3037 5380 3193 5442 atque
3231 5369 3454 5426 incertis

1953 5562 2025 5631 (τ)
2066 5557 2286 5631 νοιηγο

1955 5629 2169 5703 ((1)Ἶο1.
2196 5629 2279 5683 VI.
