3746 5994
334 244 393 306 κε
1493 257 1549 313 S.
1591 257 1924 315 GREGORII

2090 262 2415 325 YSSENUS.
3503 274 3569 329 5%

335 371 569 427 tudinem
598 387 693 441 per
719 388 870 428 omne
895 391 1025 445 opus
1049 375 1349 446 claudens.
1386 377 1521 434 Cum
1558 389 1614 433 ut
1636 380 1791 450 vulgo
1831 379 1904 434 vi-

2090 376 2246 446 initas
2275 401 2327 445 et
2358 393 2714 461 improbitatis
2743 374 3014 463 refutatio,
3054 401 3104 448 et
3139 409 3204 449 ea:
3237 395 3567 451 antecedenti-

333 467 524 521 deatur
560 466 677 533 ipsa
704 481 817 521 sum
864 464 1174 536 eloquentiae
1205 468 1256 522 vi
1294 484 1474 524 eorum
1512 470 1664 541 longe
1696 480 1907 537 captum

332 556 610 620 excedere;
646 566 756 610 tum
786 568 866 621 ut,
903 558 1044 629 quod
1065 560 1120 612 in
1144 560 1258 623 eius
1281 561 1448 618 sensis
1477 571 1634 631 alque
1661 563 1906 631 cogitatis

333 646 654 701 imbecillum
673 657 752 701 est
771 649 851 717 (ut
874 658 952 703 est
972 665 1101 704 sane
1123 650 1455 721 plurimum),
1480 651 1579 705 hac
1593 653 1708 722 ipsa
1723 652 1911 708 obscu-

332 740 493 795 ritate
519 748 570 793 et
608 741 936 812 intelligendi
965 740 1274 815 diﬂicultate
1314 744 1573 814 obtegere.
1604 746 1908 799 sententia-

331 848 430 902 que
467 833 638 888 celare
664 835 848 888 vitium
882 836 1069 904 possit.
1111 834 1328 889 Videtur
1354 852 1472 890 vero
1516 847 1569 891 et
1598 837 1782 907 logicis
1822 838 1906 890 in-

332 925 432 980 uiti
453 928 802 998 argumentis,
858 927 985 981 dum
1012 929 1207 995 partim
1235 928 1371 983 alios
1394 928 1493 982 hoc
1530 930 1740 983 nomine
1778 908 1911 997 inle-

335 1025 531 1080 ctatur,
564 1019 760 1082 partim
800 1019 909 1086 ipse
963 1017 1307 1074 libentissime
1356 1020 1425 1074 iis
1471 1021 1665 1083 utitur,
1697 1020 1910 1075 tametsi

335 1109 631 1177 frequenter
656 1111 795 1177 (cum
831 1125 949 1164 sero
995 1111 1092 1164 hoc
1116 1110 1351 1165 studium
1402 1112 1712 1180 arripuerit,
1748 1127 1912 1182 neque

335 1200 407 1253 ad
437 1200 550 1269 ejus
577 1202 767 1254 intima
786 1202 1100 1273 penetrarit)
1136 1203 1191 1258 in
1227 1203 1409 1259 multis
1440 1219 1577 1272 swpe
1613 1204 1798 1259 merito
1826 1219 1913 1258 er-

335 1294 475 1347 roris
514 1303 753 1350 notatur.
788 1293 914 1350 llrec
945 1293 1174 1351 Pbotius
1201 1296 1268 1355 de
1305 1311 1506 1367 genere
1548 1295 1766 1353 dicendi
1807 1294 1913 1350 Eu—

335 1384 613 1439 nomiano.

407 1476 573 1533 Visus
606 1486 690 1532 est
718 1476 776 1534 S.
809 1476 1106 1549 Gregorius
1133 1475 1419 1549 Nyssenus
1450 1476 1635 1533 lavere
1665 1477 1912 1549 opinioni

335 1567 586 1641 Origenis
606 1579 659 1624 et
680 1568 1112 1639 Origenistarum
1141 1570 1208 1626 de
1228 1574 1502 1626 communi
1533 1571 1776 1626 omnium
1804 1581 1912 1626 tam

335 1662 667 1749 dminonum’
703 1678 867 1731 quam
888 1663 1172 1719 hominum
1196 1662 1581 1729 damnatorum
1608 1678 1676 1718 ex
1698 1662 1912 1737 inferno

334 1752 682 1811 liberatione.
712 1752 817 1809 Sed
867 1752 1146 1825 Nyssenus
1179 1755 1419 1810 validum
1475 1764 1530 1810 et
1568 1763 1680 1809 tam
1728 1755 1913 1811 erudi-

333 1846 503 1912 tione,
550 1860 712 1916 quam
737 1845 1034 1900 sanctitate
1067 1854 1340 1916 potentem
1372 1847 1787 1919 hyperaspisten
1824 1862 1914 1902 re-

335 1938 480 2008 perit
515 1934 572 1991 S.
620 1936 977 2000 Germanum,
1033 1938 1399 2009 patriarcbam
1451 1938 1914 2009 Constantinopo-

336 2027 607 2095 litanum;
638 2042 704 2082 ex
733 2028 893 2098 cujus
936 2044 1036 2100 pro
1064 2028 1330 2100 Gregorio
1374 2031 1757 2087 lucubratione
1797 2032 1915 2086 haec

337 2128 596 2189 excerpta
641 2119 873 2175 Photius
923 2122 1083 2176 nobis
1130 2121 1642 2193 reliquit(a)=Legi
1698 2121 1912 2186 librum,

338 2223 551 2267 auctore
574 2210 857 2276 Germano,
890 2215 980 2284 qui
1018 2214 1249 2283 primum
1267 2213 1450 2291 (ἔμιξε-ι
1479 2213 1779 2279 ordinatus,
1798 2222 1916 2282 post

338 2292 966 2369 Constantinopolitauus
988 2303 1298 2372 patriarcha
1327 2302 1453 2373 fuit,
1466 2304 1554 2373 qui
1578 2302 1710 2356 liber
1727 2304 1916 2357 inscri-

340 2392 502 2457 bitur,
545 2392 876 2453 Retribuens
933 2404 988 2450 et
1026 2395 1302 2462 legitimus
1348 2415 1361 2451 :
1406 2396 1547 2465 quod
1580 2396 1798 2464 perinde
1838 2405 1916 2450 est

340 2501 404 2543 ac
432 2486 480 2540 si
522 2486 723 2541 dixeris
754 2502 771 2539 :
798 2485 876 2540 De
909 2503 1030 2541 vera
1060 2496 1108 2541 et
1133 2487 1365 2557 legitima
1396 2486 1916 2558 retributione,quod

338 2579 660 2648 rependatur
683 2577 1173 2647 hominibus,prout
1198 2580 1450 2633 vixerint.
1487 2577 1558 2637 Et
1578 2579 1691 2634 haec
1704 2579 1916 2650 quidem

342 2668 490 2726 tituli
522 2669 817 2736 inscriptio.
870 2662 1152 2727 Contendit
1190 2684 1310 2723 vero
1364 2666 1672 2739 Gregorium
1725 2667 1919 2740 Nyssa:

342 2761 663 2829 episcopum,
689 2762 906 2831 ejusque
933 2761 1136 2830 scripta
1188 2760 1252 2814 ab
1292 2759 1537 2831 Origenis
1590 2777 1772 2816 errore
1807 2777 1920 2816 esse

342 2853 622 2907 immunia.
654 2852 868 2910 Etenim
900 2853 1089 2923 quibus
1115 2852 1365 2906 delirium
1400 2853 1538 2907 illud
1583 2852 1776 2922 placet,
1808 2852 1920 2908 dte-

343 2944 583 3005 monibus
609 2954 659 2998 et
684 2942 986 3001 hominibus
1018 2946 1070 2998 in
1113 2955 1371 3000 cateruam
1411 2960 1618 3013 poenam
1656 2945 1916 3013 conjectis

2015 480 2110 535 bus
2135 482 2262 538 locis
2282 482 2607 552 depravatis,
2661 494 2712 539 et
2738 499 2804 541 ea:
2828 486 3265 556 consequentibus
3302 487 3570 556 conﬁcitur

2010 582 2060 626 et
2110 571 2538 642 demonstratur;
2576 585 2626 630 et
2666 592 2730 631 ex
2762 576 2885 631 aliis
2934 578 3190 632 sexcentis
3224 576 3290 630 B.
3345 575 3572 647 Gregorii

2015 661 2249 734 Ngsseni
2286 665 2457 731 libris,
2497 669 2588 738 qui
2635 669 2925 724 orthodoxe
2966 678 3016 724 et
3062 670 3287 739 legitime
3327 671 3571 735 sentiunt,

2012 762 2149 807 recte
2192 757 2480 821 excutiens,
2527 765 2585 809 ut
2619 773 2769 811 nemo
2801 757 2990 812 melius
3014 758 3069 811 in
3115 758 3379 812 salutares
3405 772 3571 826 preces

2009 854 2060 900 et
2099 844 2283 899 laudes
2308 845 2405 901 Dei
2423 847 2655 902 laborem
2684 849 2903 918 ﬁnierit.
2938 846 3088 903 Libri
3110 858 3306 910 autem,
3336 864 3465 916 quos
3498 847 3576 899 in-

2013 937 2166 990 sidiis
2208 938 2443 1006 excipere
2494 939 2728 994 haeretici
2776 938 2946 993 moliti
2983 947 3134 1003 sunt,
3186 948 3236 993 et
3276 954 3405 1009 quos
3449 935 3601 991 Ger-'

2013 1042 2204 1080 manus
2244 1027 2484 1081 veritatis
2522 1036 2882 1097 propugnator
2914 1028 3202 1097 primarius
3245 1042 3278 1079 a
3315 1027 3578 1079 latronum

2011 1115 2215 1171 insultu
2248 1117 2360 1172 sine
2383 1134 2523 1171 noxa
2546 1120 2793 1183 servavit,
2819 1127 2964 1183 sunt,
2999 1116 3259 1187 Dialogus
3293 1116 3360 1171 ad
3390 1114 3578 1169 Macri-

2014 1220 2139 1260 nam
2175 1221 2419 1261 sororem
2450 1208 2518 1262 de
2549 1208 2751 1273 anima,
2788 1218 2836 1262 et
2872 1206 3036 1262 Liber
3086 1206 3481 1267 catechetieus,
3533 1214 3580 1258 et

2014 1298 2106 1354 ille
2137 1300 2227 1368 qui
2257 1299 2330 1354 De
2357 1299 2599 1370 perfecta
2631 1299 2740 1354 vita
2767 1301 3132 1355 narrationem
3161 1301 3416 1352 continet.
3459 1295 3582 1350 “me

2019 1403 2117 1459 pro
2152 1387 2401 1460 Nysseno
2438 1387 2768 1447 Germanus.
2816 1387 2895 1442 Ex
2926 1389 3126 1459 quibus
3183 1386 3465 1442 evanescit
3497 1399 3583 1438 ca-

2015 1481 2220 1533 lumnia
2277 1477 2612 1540 Casauboui,
2663 1480 2758 1550 qui
2803 1479 2858 1533 in
2912 1478 3148 1534 Scholiis
3187 1476 3253 1531 ad
3297 1475 3585 1546 epistolam

2014 1567 2308 1638 quamdam
2356 1567 2607 1641 Nysseno
2651 1568 2969 1638 ascriptum,
3015 1576 3070 1622 et
3109 1566 3427 1631 Eustathius,
3467 1564 3588 1619 Am-

2015 1661 2238 1724 brosias,
2291 1670 2346 1717 et
2392 1660 2667 1717 Basilissat
2705 1661 3050 1732 inscriptam,
3094 1659 3422 1715 criminatur
3456 1655 3594 1727 Nys-

2021 1768 2216 1809 scnum
2245 1752 2301 1807 in
2320 1753 2653 1808 catechetica
2681 1753 2929 1807 oratione
2949 1767 3132 1807 naevos
3164 1750 3435 1821 quosdam
3451 1762 3587 1803 con-

2014 1845 2248 1901 traxisse
2281 1859 2345 1899 ex
2370 1844 2601 1899 lectione
2630 1841 2902 1914 Origenis.

2087 1934 2346 1991 Eamdem
2389 1936 2733 2007 Origenicam
2774 1935 2950 1990 labem
3000 1934 3069 1987 ab
3108 1933 3299 1988 eodem
3345 1930 3601 2005 Nysseno

2017 2026 2242 2097 depellit
2288 2034 2482 2083 auctor
2524 2041 2854 2100 anonymus,
2898 2025 2991 2098 qui
3039 2024 3204 2079 vitam
3234 2022 3491 2093 ejusdem
3544 2019 3603 2075 in

2017 2119 2226 2175 litteras
2253 2120 2462 2177 retulit.

2090 2211 2228 2265 Illud
2268 2220 2449 2266 tamen
2487 2212 2817 2272 monuerim,
2857 2210 3016 2264 linem
3049 2204 3312 2261 orationis
3346 2201 3605 2259 cateche-

2022 2304 2149 2359 tica:
2180 2320 2288 2358 non
2325 2319 2451 2359 esse
2482 2303 2730 2373 Gregorii
2766 2298 3017 2371 Nysseni.
3057 2296 3193 2350 Cum
3219 2294 3373 2349 enim
3414 2292 3606 2349 Severi

2021 2395 2354 2450 mentionem
2386 2394 2571 2458 iaciat,
2599 2400 2653 2448 et
2673 2407 2810 2462 opus
2854 2391 2923 2446 de
2967 2387 3321 2445 distinctione
3354 2384 3604 2440 vocabu-

2021 2488 2197 2542 lorum
2229 2494 2424 2541 contra
2457 2485 2610 2539 illum
2666 2484 2970 2554 promittat,
3026 2482 3235 2534 clarum
3287 2486 3382 2533 est
3434 2483 3610 2530 totum

2021 2580 2153 2634 illud
2184 2578 2321 2632 nihil
2355 2577 2518 2639 aliud,
2549 2591 2712 2646 quam
2750 2572 2971 2629 aliunde
3003 2572 3274 2627 adscitum
3313 2580 3613 2623 assumen-

2021 2671 2149 2726 dum
2181 2686 2324 2732 esse,
2355 2684 2478 2724 cum
2514 2667 2750 2723 Severus
2770 2665 3171 2735 Acephalorum
3202 2661 3620 2728 antesignanus

2022 2764 2212 2819 multis
2245 2762 2404 2818 annis
2420 2761 2638 2817 demum
2669 2769 2791 2830 post
2816 2756 3048 2829 Nysseni
3066 2755 3275 2809 obitum
3304 2749 3620 2809 exstiterit;

2023 2855 2169 2926 quod
2201 2862 2347 2910 recte
2376 2851 2542 2908 etiam
2590 2850 2904 2905 observavit
2931 2847 3135 2901 Fronto
3167 2842 3409 2897 Ducmus
3431 2849 3626 2895 noster

2026 2950 2080 3002 in
2126 2943 2589 3001 Annotalionibus
2627 2941 2698 2997 ad
2738 2952 2993 3011 magnam
3034 2934 3448 2991 catecheticam
3497 2945 3626 2985 ora-

346 3034 709 3091 liberationem
757 3035 879 3088 inde
924 3036 1331 3104 exspectandam
1368 3052 1387 3089 :
1419 3036 1503 3092 illi
1564 3037 1703 3106 quod
1756 3041 1922 3093 virum
1948 3065 1993 3128 ο
2026 3039 2228 3092 tionem

344 3123 592 3180 doctrina
654 3124 1001 3197 singularem,
1056 3136 1106 3184 et
1154 3128 1453 3196 eloquentia
1498 3129 1758 3199 insignem
1805 3145 1925 3183 eum

349 3228 710 3288 agnoscerent,
763 3219 1065 3290 claramque
1120 3220 1423 3275 sanctitatis
1478 3220 1927 3281 existimationem

345 3327 439 3380 per
467 3311 703 3365 omnium
742 3327 838 3365 ora
864 3314 1207 3367 decantatam
1247 3313 1501 3380 viderent,
1542 3316 1775 3387 aggressi
1803 3325 1925 3371 sunt

346 3403 511 3459 claris
541 3413 591 3457 et
622 3404 953 3459 salutaribus
995 3406 1112 3473 ejus
1135 3406 1369 3474 scriptis,
1404 3406 1630 3461 obscura
1674 3418 1722 3461 et
1758 3410 1931 3476 perni—

348 3495 497 3554 ciosa
523 3493 836 3565 Origeniani
859 3498 1031 3550 somni
1066 3513 1260 3552 venena
1300 3499 1612 3560 admiscere,
1648 3500 1929 3568 virtutique

351 3585 599 3654 hominis,
625 3597 675 3641 et
701 3588 956 3642 doctrina:
984 3588 1175 3644 celebri
1204 3589 1505 3646 htereticam
1527 3590 1728 3647 occulte
1749 3607 1930 3645 amen-

354 3679 483 3732 tiam
536 3679 815 3747 subjicere.
854 3681 1034 3747 Quare
1077 3682 1276 3750 partim
1329 3683 1706 3737 odditamentis
1750 3684 1928 3752 falsis,

350 3770 549 3838 partim
570 3772 725 3824 rectis
750 3774 1072 3840 argumentis
1109 3774 1360 3827 violenter
1394 3774 1636 3838 detortis,
1666 3776 1835 3828 multa
1866 3789 1932 3828 ex

355 3863 898 3932 irrepreltensibilibus
929 3863 1043 3932 ejus
1080 3867 1432 3920 monumentis
1481 3866 1804 3919 calumniari
1843 3882 1933 3920 co-

354 3956 470 4008 nati
498 3965 641 4010 sunt.
689 3955 889 4011 Contra
937 3973 1069 4027 quos
1104 3956 1398 4012 Germanus
1418 3960 1632 4028 pietatis
1654 3969 1931 4026 patronus,

355 4054 570 4101 acutum
591 4047 828 4099 veritatis
857 4046 1095 4116 gladium
1137 4048 1422 4118 stringens,
1463 4058 1513 4101 et
1552 4047 1761 4101 vulnere
1808 4065 1934 4116 pro-

353 4144 553 4190 stratos
609 4136 781 4191 hostes
849 4138 1144 4209 relinquens
1207 4140 1454 4192 victorem
1515 4140 1936 4209 superioremque

353 4244 473 4283 eum
507 4229 802 4295 constituit,
837 4230 893 4283 in
922 4246 1073 4300 quem
1119 4230 1365 4285 hrcretica
1413 4230 1664 4285 colluvies
1709 4233 1935 4286 insidias

366 4328 636 4375 struxerat
662 4331 712 4375 et
734 4332 1003 4389 posuerat.

2095 3128 2269 3183 Porro
2303 3126 2431 3182 licet
2460 3131 2571 3180 tam
2605 3122 2760 3177 multi
2790 3127 2984 3177 contra
3012 3115 3239 3187 impium
3276 3113 3631 3170 Eunomium

2027 3219 2372 3293 scripserint,
2400 3230 2701 3289 paucorum
2740 3224 2922 3268 tamen
2955 3215 3317 3265 monumenta
3356 3207 3464 3262 aevi
3505 3205 3635 3259 lon-

2030 3329 2179 3386 gaeva
2214 3320 2461 3367 vetustas
2490 3310 2699 3378 reliqua
2749 3306 2910 3361 nobis
2958 3302 3121 3369 fecit;
3174 3300 3271 3355 ubi
3330 3300 3491 3355 enim
3531 3296 3640 3350 So~

2031 3406 2270 3479 pltronii,
2297 3402 2593 3467 Theodori,
2627 3399 2864 3469 Didymi,
2904 3403 2959 3452 et
2990 3393 3321 3466 Apollinarii
3373 3391 3645 3461 disputas

2029 3498 2250 3553 tiones?
2286 3498 2405 3567 Ipse
2434 3495 2600 3549 etiam
2640 3490 2942 3564 Nyssenus,
2979 3486 3210 3542 nimium
3245 3491 3546 3554 quantum
3583 3480 3642 3534 in

2029 3591 2271 3646 tenebris
2303 3587 2518 3644 delituit
2550 3604 2563 3640 :
2603 3599 2763 3656 quem
2808 3582 2919 3650 jam
2954 3579 3083 3634 olim
3126 3578 3179 3631 in
3211 3577 3407 3631 lucem
3454 3570 3647 3629 vindi-

2029 3698 2159 3739 care
2195 3680 2439 3753 aggressi
2467 3692 2723 3742 eramus;
2767 3689 2952 3729 verum
2989 3671 3111 3724 aliis
3145 3679 3314 3736 atque
3353 3668 3493 3722 aliis
3544 3680 3647 3720 ne-

2030 3775 2195 3845 gotiis
2218 3787 2436 3842 semper
2480 3767 2871 3827 incidentibus,
2929 3759 3312 3817 desistendum
3349 3758 3489 3812 fuit.
3533 3755 3651 3812 Sed

2032 3866 2398 3922 cessationem
2431 3876 2605 3917 meam
2622 3859 3012 3928 suppleverunt
3042 3866 3214 3921 nuper
3244 3849 3650 3913 Parisienses,

2034 3960 2125 4030 qui
2157 3972 2321 4028 opera
2333 3954 2565 4026 Nysseni
2595 3950 2780 4007 Graece
2802 3955 2856 4006 et
2885 3947 3073 4002 Latine
3099 3941 3321 3998 duobus
3346 3940 3657 3999 tomisele-

2035 4060 2226 4122 ganter
2263 4048 2605 4117 evulgarunt,
2621 4041 2819 4096 additis
2845 4039 3007 4092 etiam
3046 4033 3201 4087 libris
3222 4039 3432 4084 contra
3457 4030 3659 4085 Euno~

2039 4143 2201 4196 mium
2221 4158 2241 4205 ;
2274 4138 2367 4194 sed
2398 4136 2603 4191 omisso
2628 4134 2825 4203 primo,
2851 4127 3011 4194 cujus
3038 4122 3348 4192 exemplari
3391 4123 3660 4179 editores

2039 4234 2303 4290 carebant
2328 4249 2342 4285 :
2363 4243 2524 4300 quem
2551 4239 2698 4281 nunc
2730 4238 2795 4276 ex
2829 4217 3089 4272 Bavarico
3135 4213 3339 4300 codice
3382 4216 3665 4284 publica-

2045 4339 2188 4390 mus,
2221 4330 2281 4375 ut
2311 4328 2366 4375 et
2380 4295 2502 4372 alia
2531 4311 2816 4372 nonnulla,
2843 4305 3044 4378 quibus
3077 4301 3243 4357 editio
3289 4295 3665 4357 Parisiensis

428 4407 719 4465 Nonnullis
750 4411 1054 4481 interjectis
1100 4411 1243 4466 idem
1277 4411 1507 4468 Pltotius
1538 4426 1555 4467 :
1597 4410 1665 4466 Ut
1711 4412 1932 4468 breviter
1962 4404 2007 4460 Ι)
2038 4424 2227 4479 caret,
2259 4422 2319 4467 ut
2348 4411 2509 4479 plene
2535 4403 2805 4460 conﬁdam
2839 4399 2946 4453 hoc
2974 4403 3224 4451 nostrum
3245 4390 3323 4445 ad
3353 4390 3667 4448 Parisien-

360 4500 553 4566 dicam,
589 4502 770 4556 omnia
811 4505 981 4557 sancti
1028 4503 1186 4574 hujus
1224 4505 1395 4572 patris
1430 4506 1630 4566 scripta
1685 4505 1745 4559 ab
1795 4505 1936 4559 omni

363 4594 615 4649 amretica
651 4596 937 4664 pravitate,
962 4606 1012 4650 et
1049 4614 1082 4650 a
1113 4597 1404 4659 calumnia,
1458 4614 1573 4668 qua:
1610 4599 1665 4651 in
1696 4600 1939 4667 impieta-

361 4696 465 4751 tem
498 4687 685 4757 vergit,
713 4686 972 4741 immania
1005 4704 1117 4743 esse
1158 4688 1418 4745 declarat.
1465 4688 1594 4744 Hazc
1628 4705 1785 4761 porro
1835 4691 1938 4753 im-

433 4860 510 4935 (ιι)
544 4859 762 4916 Volum.
791 4861 914 4918 εδδ.

2042 4523 2158 4563 sem
2190 4503 2485 4560 editionem
2511 4494 2816 4551 auctarium
2847 4505 2942 4546 seu
2982 4485 3433 4542 additamentum
3480 4484 3668 4545 lecto.

2043 4602 2195 4658 ribus
2227 4611 2336 4653 non
2367 4592 2485 4650 fore
2508 4592 2807 4663 ingratum.

1320 5231 1831 5331 LECTORI
1940 5224 2669 5340 AEQUANIMO.

435 5588 590 5658 Quod
619 5586 913 5660 aliquando
934 5585 1163 5659 contigit
1192 5586 1261 5642 iis
1299 5584 1498 5655 quibus
1527 5598 1692 5640 aurea
1725 5583 1936 5640 medio-

372 5687 541 5747 tritas
574 5684 734 5741 etiam
762 5684 828 5739 in
875 5683 1018 5741 votis
1054 5682 1353 5753 placuerat,
1389 5679 1583 5735 Lector
1610 5677 1935 5753 aequanime,

2041 5588 2104 5635 ut
2150 5578 2295 5651 quod
2339 5575 2671 5648 exoptabant
2711 5571 2927 5626 auctius
2968 5575 3135 5638 atque
3177 5565 3405 5625 melius
3440 5573 3685 5634 faceres

2046 5672 2338 5743 Deus,quo
2354 5669 2516 5727 modo
2537 5668 2645 5725 voti
2670 5666 2958 5739 plusquam
2982 5672 3206 5733 compos
3224 5655 3506 5722 Flaccus
3532 5680 3703 5722 an...
