3746 5994
181 243 242 299 55
1526 257 2061 318 PROLEGOMENA.
3378 266 3448 323 54

176 379 291 432 bene
314 381 414 439 est,
434 373 576 427 nihil
597 373 831 443 amplius
855 389 970 437 ora,
1001 374 1162 430 nobis
1184 374 1349 444 εὐχῆς
1371 374 1613 446 ἀμέτρου
1637 391 1762 431 cum
1792 388 1838 444 Α
1867 377 1989 446 fuit,
2020 379 2074 431 in
2097 376 2464 448 Polymorpho
2494 373 2717 448 Dialogo
2755 386 2804 446 t,
2842 378 2934 432 ubi
2965 377 3033 433 dc
3067 380 3451 441 incarnatione

175 469 434 540 Gregorio
463 467 819 523 Nazianzeno
852 469 1225 524 metuentibus
1267 469 1539 522 usuvenit.
1576 467 1764 523 Enim-

175 577 293 617 vero
315 563 558 632 primum
585 569 773 615 votum
796 567 850 614 et
871 559 1162 614 consilium
1188 566 1438 613 nostrum
1465 559 1642 615 fuerat
1665 561 1766 614 ini-

177 657 248 709 tio
283 655 460 708 libros
493 659 711 705 tantum
752 649 808 705 S.
845 649 1096 720 Gregorii
1140 659 1329 703 contra
1373 649 1692 704 Eunomium
1732 666 1763 705 a

175 747 496 801 doctissimo
524 745 646 799 viro
689 743 808 798 Nic.
852 743 1088 799 Gulonio
1131 741 1454 799 Professore
1482 744 1761 814 quondam

175 840 318 907 regio
342 839 626 892 latinitate
656 836 890 892 donatos
915 837 969 889 in
998 836 1173 890 lucem
1195 837 1377 900 edere,
1403 852 1543 906 quos
1559 836 1764 908 πατρὸς

171 931 412 1002 ἀμείνων
443 927 512 982 R.
556 929 616 982 Ρ.
648 927 889 982 Joannes
930 942 958 980 a
995 927 1052 981 S.
1089 926 1387 982 Francisco
1427 927 1761 984 Faliensium

172 1023 573 1078 monachorum
637 1021 785 1091 prior
839 1021 1174 1090 recognovit.
1242 1019 1349 1076 Sed
1407 1037 1531 1076 cum
1566 1021 1655 1075 ille
1709 1020 1763 1074 in

173 1114 425 1168 morbum
493 1113 802 1177 incidisset,
849 1128 1026 1182 neque
1096 1113 1262 1182 praelo
1335 1119 1519 1182 posset
1571 1126 1766 1181 prope-

172 1206 312 1259 ranti
336 1220 577 1275 pensum
605 1204 888 1271 subicere;
914 1207 1090 1259 visum
1120 1215 1204 1260 est
1235 1205 1371 1258 alios
1399 1203 1456 1259 S.
1519 1201 1762 1271 Gregorii

174 1297 340 1352 libros
364 1297 487 1366 jam
521 1296 708 1352 Graece
735 1311 968 1352 excusos
999 1297 1064 1351 ad
1122 1296 1351 1351 alterum
1383 1302 1589 1348 tomum
1629 1307 1764 1346 con-

173 1389 469 1442 ficiendum
498 1390 791 1458 colligere;
833 1385 941 1452 jam
972 1388 1116 1442 enim
1147 1385 1276 1441 olim
1301 1386 1439 1455 apud
1461 1384 1765 1453 Raphclen-

174 1477 315 1546 gium
353 1478 454 1531 lib.
504 1479 578 1531 De
622 1480 724 1531 sita
766 1477 970 1539 Hosis;
1014 1477 1156 1546 apud
1199 1475 1525 1538 Plantinum,
1570 1474 1662 1527 lib.
1691 1471 1767 1525 De

174 1569 516 1637 virginitate;
560 1570 704 1638 apud
770 1569 1096 1635 Sartorium,
1156 1578 1342 1621 contra
1379 1565 1763 1633 Apollinarem,

173 1667 224 1714 et
243 1661 350 1713 alia
379 1660 506 1728 ejus
533 1661 662 1715 alibi
685 1662 949 1729 opuscula
975 1660 1191 1714 fuerant
1207 1658 1410 1728 publici
1436 1657 1578 1726 juris
1601 1656 1760 1709 facta.

1865 469 2076 525 Domini
2129 469 2400 538 loquitur,
2443 469 2559 523 haec
2613 470 2919 539 desumpsit
2976 471 3293 527 testimonia
3350 474 3447 531 fol.

1867 561 1989 622 1‘24.
2008 560 2261 616 editionis
2287 559 2582 630 Tigurinaz,
2619 561 2713 615 τοῦ
2736 561 2905 617 αὐτοῦ’
2924 563 2990 615 ὲκ
3010 561 3103 616 τοῦ
3125 566 3266 617 κατὰ
3289 565 3454 620 Εὐνο-

1870 653 1990 724 μίου
2024 652 2202 720 λόγου.
2229 652 2412 722 Φαμὲν
2438 653 2638 716 τοίνυν,
2665 654 2745 707 ὅτι
2776 657 2834 706 ὲν
2871 655 2969 724 μὲν
2991 657 3102 719 τοῖς
3131 655 3237 727 πρὸ
3261 657 3451 714 τούτου

1864 744 2039 813 λόγοις
2070 742 2238 796 εἰπὼν
2270 743 2368 814 τὴν
2408 745 2606 812 Σοφίαν
2638 744 3050 816 ᾠκοδομηκέναι
3077 747 3243 819 ἑαυτῇ
3278 744 3447 811 οἶκον,

1863 837 1960 908 τὴν
1987 837 2084 908 τῆς
2111 837 2308 909 σαρκὸς
2332 836 2426 890 τοῦ
2447 838 2653 908 Κυρίου
2675 838 3101 911 κατασκευὴντῷ
3122 839 3265 910 λόγῳ
3281 840 3454 894 αἰνίσ-

1868 945 2039 983 σεται.
2089 929 2326 984 Dicimus
2376 947 2522 1000 ergo,
2570 947 2690 984 cum
2747 932 2804 985 in
2837 932 2903 986 iis
2962 949 3080 1002 qum
3115 935 3264 1001 prius
3305 932 3451 986 dicta

1866 1030 2008 1085 sunt,
2045 1020 2182 1074 dixit
2216 1020 2546 1090 Sapientiam
2591 1022 2892 1091 mdiﬁcasse
2931 1023 3034 1077 sibi
3061 1023 3298 1088 domum,
3327 1041 3451 1078 car-

1867 1113 1947 1167 nis
1981 1113 2196 1168 Domini
2241 1114 2402 1168 Verbo
2433 1116 2878 1169 constructionem
2923 1117 3140 1184 mystice
3178 1115 3449 1183 intelligit.

1868 1199 1984 1256 Hoc
2013 1203 2390 1258 testimonium
2423 1204 2666 1274 reperies
2700 1219 2820 1274 pag.
2864 1204 2954 1266 77,
2988 1203 3154 1272 hujus
3192 1202 3451 1258 editionis

1869 1298 2002 1345 tom.
2038 1292 2104 1346 ll.
2144 1292 2286 1364 Ergo
2333 1293 2591 1357 dicimus,
2627 1295 2778 1364 quod
2808 1295 2861 1348 in
2897 1294 3004 1360 his,
3046 1310 3167 1363 quae
3198 1293 3344 1348 hunc
3371 1294 3452 1348 Ιοο

1866 1398 1988 1437 cum
2038 1385 2356 1453 praecedunt
2404 1385 2604 1452 verbis,
2650 1401 2774 1440 cum
2830 1386 3061 1441 dixisset
3113 1385 3448 1456 Sapientiam

1867 1474 1970 1530 sibi
2001 1474 2222 1528 domum
2257 1476 2578 1533 aedificasse.

1939 1563 1994 1618 ln
2023 1565 2212 1620 eodem
2254 1565 2477 1637 Dialogo
2510 1575 2563 1623 et
2602 1566 2694 1622 fol.
2737 1568 2859 1633 124,
2913 1569 3008 1622 τοῦ
3049 1569 3216 1622 αὐτοῦ
3255 1571 3322 1624 ὲκ
3353 1572 3454 1642 τῆς

1866 1656 2032 1726 αὐτῆς
2058 1657 2471 1727 πραγματείας·
2505 1659 2533 1710 ὁ
2572 1657 2745 1726 Λόγος
2782 1661 2890 1730 πρὸ
2909 1659 3017 1714 τῶν
3050 1659 3261 1714 αἰώνων
3291 1656 3380 1732 ἦν,
3415 1665 3449 1733 ἡ

174 1748 327 1816 Quod
360 1768 491 1804 cum
543 1752 808 1806 audiisset
846 1753 1218 1823 amplissimus
1271 1765 1472 1820 praises
1506 1749 1761 1804 dominus

1939 1748 2000 1818 ρξ
2027 1748 2084 1800 δὲ
2110 1750 2196 1801 ἐπ’
2225 1749 2469 1819 ἐσχάτων
2495 1751 2714 1818 ἐγένετο
2740 1752 2848 1805 τῶν
2877 1753 3106 1824 χρόνων,
3139 1754 3233 1806 καὶ
3260 1730 3360 1807 ουκ
3384 1730 3450 1808 ἄν

175 1840 466 1908 Tbuanus,
509 1843 662 1911 Regii
726 1845 1054 1899 Consistorii
1124 1843 1501 1908 consiliarius,
1543 1840 1763 1896 codices

176 1947 309 1986 suos
331 1933 745 2002 manuscriptos
793 1933 953 1988 nobis
988 1933 1221 2003 benigne
1255 1931 1549 1994 concessit,
1581 1945 1612 1984 e
1643 1930 1765 1998 qui-

178 2022 286 2077 bus
322 2032 483 2076 emta
510 2031 597 2078 est
648 2023 966 2078 dissertatio
998 2023 1075 2076 De
1116 2023 1299 2076 anima
1357 2021 1624 2075 hactenus
1654 2032 1765 2071 non

177 2111 356 2165 edita.

253 2199 407 2254 Misit
441 2199 604 2252 etiam
635 2198 702 2254 ad
752 2213 856 2253 nos
888 2198 1165 2267 ingentem
1197 2196 1440 2263 codicem
1465 2195 1762 2263 Antuerpia

177 2291 247 2346 Β.
278 2293 344 2346 Ρ.
370 2292 619 2347 Andreas
675 2291 956 2355 Schottus,
999 2293 1090 2360 qui
1141 2289 1310 2345 libros
1363 2288 1478 2343 sive
1513 2287 1763 2342 homilias

177 2381 413 2454 Nysseni
476 2386 712 2453 amplius
759 2384 982 2452 triginta
1016 2382 1414 2450 complectitur,
1458 2377 1765 2448 sumptibus

181 2474 316 2527 clar.
378 2473 484 2528 viri
513 2471 789 2527 Theodori
833 2472 1048 2526 Canteri
1103 2468 1518 2539 Ultrajectensis
1543 2476 1765 2522 senato-

181 2570 262 2623 ris
281 2569 412 2623 olim
450 2569 785 2638 exscriptus,
832 2569 1032 2638 quibus
1064 2567 1237 2621 additi
1269 2576 1397 2622 sunt
1439 2566 1530 2619 alii
1589 2581 1655 2620 ex
1688 2564 1770 2618 bi-

182 2658 457 2712 bliotheca
506 2657 762 2712 nobiliss.
804 2657 905 2710 viri
960 2655 1243 2710 Francisci
1326 2653 1570 2717 Olivarii,
1629 2651 1759 2706 ch.

178 2749 413 2812 liorelli,
444 2748 692 2804 Profess.
718 2764 828 2818 reg.
867 2747 1090 2810 Decani,
1117 2756 1170 2802 et
1193 2747 1425 2800 aliorum
1461 2745 1760 2798 amicorum

177 2851 501 2896 nostrorum
537 2840 870 2909 deprompti,
904 2854 1137 2909 quorum
1164 2837 1487 2892 beneﬁcium
1517 2837 1570 2890 in
1615 2835 1762 2891 notis

178 2933 250 2987 ad
285 2933 532 3002 singulos
556 2932 729 2986 libros
761 2931 1164 3000 praedicabitur.

251 3021 405 3078 Licet
445 3024 594 3077 enim
634 3021 873 3076 editione
907 3036 1130 3090 operum
1175 3017 1232 3073 S.
1265 3017 1494 3074 Joannis
1525 3017 1763 3088 Chryso-

179 3117 346 3170 stomi
383 3115 564 3168 adhuc
603 3113 942 3167 detineretur
987 3114 1070 3166 vir
1108 3111 1480 3174 doctissimus,
1523 3109 1764 3177 θεοφιλέ-

178 3223 377 3269 στατος
409 3203 616 3259 Fronto
643 3202 873 3258 Ducazus
917 3201 973 3256 S.
1007 3201 1050 3255 Ι.
1090 3200 1419 3271 Theologus,
1451 3215 1551 3256 suo
1581 3208 1761 3254 tamen

177 3295 433 3351 snbsidio
467 3307 570 3348 nos
591 3293 786 3362 juvare
808 3307 917 3345 non
939 3291 1169 3356 destitit,
1229 3305 1354 3345 cum
1393 3299 1448 3345 et
1520 3290 1764 3344 delectus

177 3385 472 3440 habendus
515 3393 662 3439 esset
713 3383 874 3437 codd.
907 3397 1041 3438 mss.
1095 3390 1152 3437 et
1190 3383 1461 3437 variantes
1503 3381 1763 3436 lectiones

177 3492 308 3530 cum
334 3473 545 3544 judicio
581 3471 701 3526 aliae
733 3486 844 3541 pne
861 3472 992 3526 aliis.
1022 3471 1430 3540 amplectendae,
1463 3479 1517 3524 et
1545 3479 1686 3524 nota:
1708 3471 1764 3524 in

179 3567 368 3621 varios
397 3566 572 3619 libros
592 3564 723 3616 olim
759 3563 828 3616 ab
857 3563 976 3631 ipso
1013 3563 1332 3617 emendatos
1371 3576 1766 3631 recognoscen-

183 3659 284 3722 da,
315 3669 482 3727 atque
517 3657 644 3710 huic
673 3655 897 3710 editioni
925 3654 1246 3725 adaptandm
1268 3663 1478 3710 essent.

252 3747 646 3804 Verumtamen
699 3746 806 3800 hac
838 3745 1076 3800 adhibita
1128 3747 1412 3816 diligentia
1442 3761 1550 3800 non
1585 3746 1766 3816 potui-

185 3855 310 3895 mus
335 3836 682 3908 quarundam
705 3836 1053 3890 bomiliarum
1090 3834 1336 3892 Griecum
1382 3844 1591 3892 textum
1632 3853 1770 3893 nan-

186 3931 339 3991 cisci,
379 3945 521 4000 quas
569 3927 672 3983 sub
719 3927 882 3980 linem
915 3927 1141 3980 secundi
1175 3927 1306 3981 tomi
1333 3926 1527 3982 Latine
1552 3936 1776 3983 tantum.

187 4016 500 4081 edidimus;
542 4014 636 4068 sed
689 4027 864 4084 neque
905 4021 1047 4067 totos
1089 4027 1272 4067 contra
1315 4014 1626 4070 Eunomium
1671 4017 1776 4070 Χιι.

189 4107 356 4161 libros
402 4105 846 4175 suppeditanius,
885 4117 1014 4157 cum
1063 4113 1121 4160 ut
1157 4122 1226 4160 ex
1263 4108 1471 4176 synodo
1502 4106 1567 4161 Vl
1616 4121 1769 4162 (ecu-

188 4199 398 4253 menica
431 4206 670 4262 constat,
707 4196 985 4251 secundus
1007 4211 1270 4252 numerus
1297 4198 1454 4265 sitis,
1483 4199 1576 4269 qui
1605 4200 1768 4268 primi

188 4289 365 4345 lowm
414 4291 658 4345 editione
709 4298 902 4343 nostra
937 4288 1168 4352 obtinet,
1204 4305 1496 4360 expressos
1528 4307 1594 4346 ex
1645 4306 1768 4362 apo-

1862 1856 1946 1902 τις
1970 1840 2312 1911 ἀναστρέψας
2331 1840 2474 1894 εἴποι
2507 1841 2539 1912 ἦ
2560 1841 2764 1912 ταύτην
2791 1841 3114 1914 προαιὼνιον
3149 1838 3306 1909 εἶναι,
3335 1845 3367 1914 ἢ
3392 1847 3452 1898 ὲν

1863 1934 1974 1994 τοῖς
2026 1932 2275 2001 ἐσχάτοις
2320 1932 2648 2002 γεγενῆσθαι
2698 1933 2791 1986 τὸν
2818 1933 3012 2001 Λόγον.
3077 1934 3302 1989 Verbum
3333 1942 3453 1989 erat

1866 2029 1987 2073 ante
2015 2021 2232 2084 stecula,
2278 2037 2402 2075 caro
2433 2031 2609 2076 autem
2640 2025 2888 2077 extremis
2923 2026 3242 2093 temporibus
3302 2026 3450 2093 facta

1862 2120 1959 2174 est,
1985 2126 2074 2163 nec
2106 2122 2411 2165 convertens
2452 2120 2642 2164 contra
2680 2113 2943 2181 quispiam
2981 2114 3176 2170 dixerit
3208 2116 3288 2170 vel
3329 2133 3455 2170 eam

1863 2217 1974 2254 esse
2001 2211 2123 2254 ante
2160 2201 2382 2264 sarcula,
2421 2203 2497 2256 vel
2536 2203 2592 2255 in
2635 2205 2840 2256 ultimis
2879 2205 3199 2273 temporibus
3243 2207 3449 2275 factum

1864 2306 1975 2344 esse
2011 2288 2255 2343 Verbum.
2289 2290 2400 2346 Hoc
2420 2291 2794 2346 testimonium
2824 2294 2992 2348 habes
3027 2310 3080 2364 p.
3119 2296 3213 2350 161
3281 2297 3451 2366 hujus

1864 2381 1996 2434 edit.
2027 2380 2240 2435 Citatur
2275 2381 2414 2436 idem
2448 2382 2602 2437 locus
2642 2389 2696 2436 et
2741 2383 2796 2436 in
2841 2385 3051 2453 synodo
3085 2383 3150 2436 Vl
3181 2383 3450 2441 (llicume-

1865 2471 2009 2533 nica,
2036 2473 2250 2525 actione
2275 2473 2360 2535 10,
2388 2487 2507 2543 pag.
2533 2471 2655 2537 126,
2677 2471 2915 2528 editione
2943 2474 3204 2530 Romana.
3231 2476 3325 2527 Ἐκ
3350 2474 3445 2528 τοῦ

1864 2564 2004 2617 κατά
2037 2564 2302 2634 Εὑνομίου
2343 2565 2510 2634 τόμου
2546 2565 2828 2635 πέμπτου,
2857 2558 2917 2618 οὗ
2942 2568 2975 2636 ἡ
3021 2566 3185 2636 ἀρχὴ,
3227 2569 3361 2638 Περὶ
3389 2567 3446 2621 δὲ

1863 2655 1963 2724 τῆς
1993 2655 2201 2727 Πέτρου
2245 2654 2339 2708 τοῦ
2383 2655 2679 2709 ἀποστόλου
2715 2657 2919 2728 φωνῆς.
2971 2655 3054 2709 Ex
3092 2658 3273 2726 quinto
3305 2667 3450 2711 (omo

1864 2755 2048 2798 contra
2103 2745 2446 2813 Eunomium,
2494 2747 2646 2815 cujus
2693 2747 2922 2812 initium,
2976 2745 3054 2800 De
3103 2763 3221 2800 voce
3268 2749 3446 2817 itaque

1867 2833 1926 2891 S.
1966 2839 2116 2894 Petri
2173 2836 2432 2904 Apostoli.
2496 2837 2650 2892 Unde
2712 2837 3021 2904 colligimus
3080 2838 3272 2894 deesse
3319 2840 3446 2893 huic

1865 2933 2066 2978 nostra:
2091 2925 2318 2978 editioni
2358 2925 2556 2978 librum
2592 2925 2856 2994 primum,
2875 2933 2929 2980 et
2953 2927 3255 2980 orationem
3279 2943 3445 2996 quar-

1867 3021 1976 3065 tam
2009 3013 2128 3081 ejus
2168 3014 2220 3067 in
2257 3013 2468 3084 synodo
2520 3015 2626 3069 dici
2655 3023 2710 3070 et
2759 3031 2885 3070 vere
2913 3031 3038 3072 esse
3085 3017 3352 3086 quintam.
3388 3018 3444 3072 in

1867 3100 2128 3172 Catologu
2156 3107 2317 3157 etiam
2361 3104 2624 3158 librorum
2671 3104 3010 3162 bibliotheca:
3039 3104 3316 3162 Vaticana:
3344 3126 3446 3162 nn-

1864 3207 2016 3246 mero
2040 3192 2165 3259 ιει,
2200 3192 2412 3247 initium
2439 3195 2746 3265 assignatur
2767 3196 2910 3252 istud
2930 3198 3022 3253 lib.
3052 3214 3070 3254 ι
3123 3209 3305 3254 contra
3335 3201 3446 3253 κω.

1864 3284 2119 3348 nomium,
2176 3285 2290 3338 Οὐκ
2340 3280 2406 3356 ἦν
2459 3285 2535 3348 ὼς
2594 3284 2746 3340 ἔοικε
2788 3286 2866 3356 τῷ
2919 3288 3099 3342 πάντα
3157 3306 3216 3341 σε
3269 3288 3443 3342 θέλειν

1864 3376 2192 3447 εὐεργετεῖν·
2216 3377 2441 3432 secundi
2472 3385 2652 3432 autem
2684 3378 2852 3446 istud,
2887 3379 2949 3431 Ἡ
2974 3379 3081 3432 τῶν
3105 3380 3445 3451 Χριστιανῶν

1865 3465 2048 3528 πίστις
2072 3468 2152 3529 εἰς
2201 3467 2378 3520 πάντα
2434 3467 2596 3539 ἔθνηο
2633 3468 2779 3538 quod
2829 3477 2915 3524 est
2957 3471 3223 3525 orationis
3252 3472 3444 3542 prima!

1866 3554 2028 3623 hujus
2059 3556 2318 3610 editionis
2368 3556 2604 3610 initium.
2641 3556 2888 3613 Tertium
2926 3561 3294 3615 testimonium
3317 3577 3442 3629 pro-

1866 3646 1971 3701 fert
2002 3645 2383 3702 Theodoretus
2407 3651 2461 3702 in
2491 3648 2680 3704 eodem
2715 3649 2940 3720 Dialogo
2969 3651 3018 3704 1.
3053 3651 3146 3707 l'ol.
3177 3652 3300 3713 125,
3330 3653 3448 3705 υὺκ

1866 3738 1931 3791 ὲκ
1961 3737 2056 3790 τοῦ
2081 3739 2225 3791 Θείου
2253 3755 2313 3792 τε
2339 3740 2433 3792 καὶ
2465 3741 2743 3810 ἀκηράτου
2773 3742 2918 3795 ἐστὶν
2945 3744 2977 3813 ἡ
3008 3741 3103 3796 τοῦ
3135 3742 3320 3796 έκτισέ
3375 3761 3442 3814 με

1867 3828 2038 3899 φωνὴ,
2077 3828 2214 3882 ἀλλά
2244 3828 2426 3892 καθὼς
2456 3829 2669 3902 εἴρηται
2701 3833 2766 3884 ὲκ
2780 3831 2873 3884 τοῦ
2898 3832 3296 3904 ἀναληφθέντος
3323 3834 3444 3887 κατ’

1867 3920 2194 3990 οἰκονομίαν.
2221 3918 2346 3973 Νοη
2369 3923 2432 3974 de
2459 3921 2655 3986 divino,
2690 3931 2740 3976 et
2769 3923 2833 3976 ab
2865 3924 3011 3977 omni
3031 3925 3364 3990 corruptione
3394 3933 3444 3978 et

1868 4013 2083 4068 interitu
2106 4014 2279 4066 alieno
2306 4022 2384 4066 est
2407 4013 2516 4067 haec
2547 4030 2666 4075 vox,
2700 4034 2718 4064 ι
2755 4015 2965 4070 (Ir-cavit
2989 4032 3108 4069 me:
3141 4035 3157 4064 ι
3190 4016 3280 4069 sed
3308 4017 3444 4068 sicut

1868 4106 2067 4158 dictum
2100 4112 2199 4167 est,
2221 4104 2284 4157 de
2319 4119 2378 4158 eo
2403 4104 2541 4173 quod
2585 4119 2676 4172 per
2728 4107 2961 4160 divinam
3003 4107 3443 4174 dispensationem

1869 4206 2195 4265 assumptum
2217 4203 2315 4250 est.
2344 4193 2489 4251 ldem
2525 4195 2814 4251 exhibetur
2843 4197 3037 4250 iisdem
3072 4197 3232 4265 plane
3259 4196 3442 4251 verbis

1868 4303 1924 4359 p.
1955 4288 2025 4342 79.
2063 4287 2228 4357 hujus
2271 4285 2557 4353 editionis,
2603 4287 2714 4340 nisi
2763 4287 2908 4356 quod
2949 4301 3048 4355 pro
3101 4285 3441 4357 ἀναληφθέν-

187 4385 391 4452 grapho
413 4379 478 4435 V.
503 4380 567 4436 C.
606 4380 804 4436 Franc.
837 4381 1053 4448 Pithmi,
1089 4398 1199 4452 quo
1234 4390 1290 4437 et
1329 4383 1606 4452 interpres
1633 4383 1762 4437 dum

1938 4395 1958 4441 ;
2011 4379 2210 4448 legitur
2267 4379 2379 4433 illic
2435 4378 2850 4448 ἀνακραθέντος.
2910 4377 3178 4444 Quartum
3236 4379 3445 4450 profert

186 4475 389 4528 viveret
442 4488 654 4544 eosque
701 4471 894 4528 Latino
953 4482 1317 4538 converteret,
1373 4489 1509 4531 usus
1565 4473 1807 4529 fuerat.‘

187 4560 314 4615 Nam
344 4571 404 4617 ut
429 4579 498 4618 ex
524 4563 786 4632 Catalogo
817 4565 1082 4617 librorum
1119 4563 1465 4620 bibliotheca:
1491 4563 1766 4624 Vaticana:

190 4661 421 4714 constat,
454 4667 486 4704 a
519 4653 743 4706 librario
774 4653 830 4705 in
872 4652 1010 4707 duas
1048 4661 1232 4722 partes
1256 4653 1471 4709 divisus
1507 4654 1609 4708 fuit
1631 4655 1766 4710 liber

191 4757 283 4809 xu,
313 4745 474 4812 cujus
517 4744 668 4811 prior
713 4759 843 4812 pars
898 4745 1244 4799 undecimum
1284 4745 1506 4800 conficit
1561 4747 1762 4802 librum

188 4833 344 4904 hujus
368 4832 655 4898 editionis,
687 4836 790 4889 hoc
813 4836 970 4892 initio
1003 4839 1338 4905 inchoatum,
1377 4839 1491 4892 ἀλλ’
1535 4839 1765 4910 εἴδωμεν

189 4929 278 4978 καὶ
303 4928 362 4981 τὸ
396 4931 462 4981 ὲκ
494 4927 588 4980 τοῦ
615 4927 933 4993 ἀκολούθου,
967 4931 1120 4999 quod
1177 4931 1393 4986 initium
1427 4932 1518 4987 ille
1553 4935 1764 4986 catalo-

190 5034 284 5086 gus
335 5019 479 5072 libro
522 5033 598 5072 xu
645 5019 856 5074 tribuit.
909 5019 1154 5090 Itemque
1206 5021 1450 5092 synodus
1500 5031 1652 5078 sexta
1681 5038 1765 5078 ac-

189 5110 330 5164 tione
359 5111 450 5174 10,
477 5125 605 5180 pag.
639 5110 742 5164 127
797 5112 1055 5167 editionis
1097 5111 1389 5171 Vaticanur.

260 5199 598 5255 Exhibentur
625 5202 811 5271 itaque
841 5218 988 5258 nunc
1034 5204 1134 5258 tibi
1166 5203 1223 5258 S.
1255 5204 1502 5275 Gregorii
1531 5204 1762 5277 Nysseni

188 5304 366 5345 contra
398 5292 744 5360 Eunomium,
785 5311 925 5364 quos
951 5297 1008 5348 S.
1038 5297 1398 5368 Hieronymus
1428 5297 1482 5352 in
1509 5299 1762 5368 Catalogo

188 5381 517 5451 Scriptorum
553 5385 1027 5440 ecclesiasticarum
1059 5388 1164 5442 sibi
1211 5396 1264 5443 et
1307 5387 1468 5458 Greg.
1502 5389 1757 5445 Nazianz.

186 5475 355 5531 lectos
381 5476 451 5529 ab
480 5486 705 5531 auctore
763 5477 1026 5546 affirmat;
1063 5488 1118 5535 et
1157 5495 1224 5535 ne
1258 5480 1476 5536 dubites
1541 5498 1670 5537 num
1707 5483 1762 5537 hi

183 5566 295 5620 sint
321 5567 398 5620 illi
425 5566 531 5635 ipsi
565 5582 704 5636 quos
732 5583 764 5621 a
791 5583 852 5623 se
879 5572 1114 5639 scriptos
1140 5572 1413 5641 evulgavit
1447 5571 1762 5628 Theodore—

186 5661 298 5710 tus.
328 5655 420 5726 qui
460 5658 677 5726 synodo
710 5658 996 5726 Ephesium
1039 5675 1181 5716 anno
1220 5660 1419 5716 Christi
1460 5663 1564 5716 450
1603 5664 1761 5720 inter-

1870 4469 2010 4524 idem
2062 4469 2438 4526 Theodoretus
2502 4470 2724 4540 Dialogo
2774 4471 2832 4536 2,
2895 4472 2991 4527 ubi
3059 4473 3126 4527 de
3185 4474 3444 4543 passione

1867 4560 2069 4614 Christi
2098 4561 2340 4629 disputat
2365 4577 2429 4615 ex
2462 4562 2654 4616 eodem
2680 4576 2846 4632 opere
2879 4572 3066 4617 contra
3118 4561 3440 4618 Eunomium

1871 4653 1964 4707 fol.
1992 4652 2115 4706 M7.
2156 4653 2219 4704 El
2240 4652 2298 4705 δὲ
2330 4653 2358 4705 ὁ
2388 4653 2486 4723 μὲν
2519 4655 2584 4706 ὲκ
2615 4653 2713 4724 τῆς
2737 4654 2954 4726 Μαρίας
2982 4655 3230 4725 ἀδελφοῖς
3257 4655 3441 4710 διαλέ-

1869 4761 2042 4814 γεται,
2078 4745 2106 4796 ὁ
2150 4743 2206 4797 δὲ
2239 4746 2530 4816 μονογενὴς
2580 4746 2838 4816 ἀδελφοὺς
2867 4749 2968 4802 οὑκ
3008 4747 3120 4819 ἔχει
3145 4763 3158 4778 ·
3192 4748 3309 4810 πῶς
3331 4749 3441 4821 γὰρ

1868 4838 1926 4889 ὲν
1974 4837 2220 4905 ἀδελφοῖς
2250 4836 2310 4889 τὸ
2358 4839 2644 4906 μονογενὲς
2692 4838 3016 4907 διεσώζετο;
3060 4843 3154 4894 καὶ
3192 4839 3438 4894 ἁείπὼν·

1871 4948 1892 4981 ε
1918 4928 2140 5000 Πνεῦμα
2163 4933 2192 4982 ὁ
2224 4928 2374 4993 Θεὸς,
2414 4949 2434 4982 ι
2469 4932 2602 5001 φησὶ
2633 4932 2769 5002 πρὸς
2801 4933 2926 4997 τοὺς
2954 4931 3446 5005 μαθητάςὸαὐτὸς,

1870 5040 1888 5072 ι
1921 5021 2289 5093 Ψηλαφήσατέ
2321 5040 2409 5093 με.
2451 5042 2468 5075 ι
2496 5022 2556 5078 Si
2603 5033 2779 5078 autem
2819 5026 2910 5091 qui
2939 5040 3005 5078 ea:
3051 5023 3231 5078 Maria
3282 5037 3439 5080 natus

1861 5122 1960 5176 est,
1992 5130 2110 5167 cum
2143 5114 2399 5183 fratribus
2423 5114 2670 5179 disserit;
2704 5115 3000 5182 unigenitus
3032 5123 3208 5168 autem
3244 5115 3438 5181 fratres

1863 5223 1968 5259 non
1993 5205 2144 5258 habet
2175 5220 2193 5256 :
2223 5205 2482 5275 quomodo
2521 5207 2660 5259 enim
2702 5208 2837 5260 inter
2865 5205 3069 5274 fratres
3100 5221 3428 5261 conservare-

1865 5308 1950 5350 tur
1989 5314 2101 5352 esse
2132 5299 2498 5367 unigenitum?
2537 5296 2605 5350 Et
2652 5299 2742 5367 qui
2783 5297 2942 5362 dixit,
2980 5317 2999 5350 ι
3031 5299 3267 5366 Spiritus
3296 5299 3439 5354 Deus

1860 5400 1964 5453 est,
2003 5411 2022 5442 ι
2070 5391 2211 5443 idem
2254 5391 2382 5444 dicit
2427 5390 2702 5457 discipulis
2751 5409 2770 5442 ‹
2826 5391 3055 5461 Palpate
3107 5409 3207 5447 me.
3253 5411 3274 5446 ι
3312 5389 3440 5448 llaec

1862 5495 2040 5537 autem
2085 5497 2286 5536 excusa
2340 5484 2578 5552 reperies
2628 5499 2750 5554 pag.
2797 5485 2895 5538 281
2947 5485 3110 5555 hujus
3158 5484 3433 5539 editionis.

1938 5575 2199 5640 Quintum
2248 5574 2300 5626 in
2352 5574 2566 5644 dialogo
2596 5576 2629 5630 5
2669 5577 2940 5646 reperitur
2994 5576 3088 5630 fol.
3132 5574 3254 5629 129.
3314 5572 3437 5627 οὔτε

1863 5666 2116 5730 ζωοποιεῖ
2175 5665 2266 5718 τὸν
2333 5664 2583 5736 Λάζαρον
2631 5668 2666 5737 ἡ
2698 5665 3010 5739 ἀνθρωπίνη
3075 5664 3256 5734 φύσις,
3306 5661 3434 5717 οὔτε
