3746 5994
348 232 418 292 tt:
590 223 598 229 ’
1514 240 1571 295 s.
1612 240 2006 300 enecomus
2045 244 2416 304 NYSSENUS.
3521 255 3585 313 ss

343 352 565 425 δακρύει
625 350 713 402 τὸν
743 349 993 418 κείμενον
1022 350 1055 418 ἡ
1104 349 1327 417 ἀπαθὴς,
1369 352 1612 415 ἐξουσία·
1638 356 1749 408 ἀλλ’
1782 356 1822 411 τε

2109 359 2311 414 undum
2340 374 2463 415 esse
2496 358 2894 416 numerandum
2924 376 2976 432 p.
3008 360 3092 417 56.
3120 363 3394 431 Quomodo
3412 370 3587 428 Domi-

343 440 441 501 τοῦ,
478 441 573 511 μὲν
600 437 887 507 ἀνθρώπου
919 438 980 490 τὸ
1007 437 1259 509 δάκρυον,
1292 441 1388 511 τῆς
1416 441 1471 494 δὲ
1511 443 1655 513 ζωῆς
1686 446 1753 498 τὰ
1813 447 1910 516 τῆς

341 528 701 598 ὅντωςλζωῆς.
739 526 920 597 Neque
948 527 1182 583 humana
1214 540 1411 585 natura
1455 531 1723 587 Lazarum
1782 536 1911 589 viui—

341 622 486 686 [ἴσαι.
534 635 623 673 nec
654 618 809 686 deﬂet
839 621 1104 687 jaceutem
1154 621 1461 690 impatibilis
1489 626 1721 689 potentia
1751 642 1769 679 :
1818 627 1908 681 sed

340 710 579 778 lacryma
611 718 687 763 est
719 708 943 763 hominis
965 710 1203 779 propria,
1228 710 1348 765 vitae
1369 723 1547 767 autem
1568 731 1630 769 ea
1656 731 1772 784 qua:
1796 733 1909 770 vere

338 801 471 853 vitro
494 800 759 856 sunt.Sed
791 801 1167 857 emendandus
1197 810 1282 858 est
1306 802 1392 857 hic
1424 805 1576 859 locus
1596 820 1661 860 ex
1695 807 1908 863 actione

340 891 386 943 Χ
418 890 621 963 Synodi
663 900 831 948 sextae
858 891 1258 959 (Ecumenicaa,
1297 894 1388 951 ubi
1417 896 1621 949 citatur
1650 914 1714 954 ex
1754 901 1848 955 lib.
1870 913 1906 952 v

338 993 525 1037 contra
555 982 873 1037 Eunomium
904 999 1025 1054 pag.
1056 984 1156 1038 127
1187 984 1445 1041 editionis
1460 985 1816 1058 Vaticanmdj
1850 989 1907 1042 δὲ

339 1076 449 1145 ζωὴ
476 1076 575 1143 τῆς
599 1072 952 1143 ὅντωςζωῆς,
988 1076 1097 1128 vita
1127 1091 1245 1128 vero
1261 1076 1375 1143 ejus
1400 1078 1490 1145 qui
1521 1093 1634 1131 vere
1659 1078 1763 1131 vita
1790 1088 1905 1132 est:

340 1181 464 1218 nam
497 1174 552 1218 et
578 1176 648 1218 tta
683 1172 857 1219 totum
889 1166 1109 1222 exhibet
1172 1167 1349 1221 locum
1405 1168 1521 1222 haec
1549 1168 1720 1223 editio
1763 1177 1903 1223 orat.

2009 466 2106 502 nus
2124 465 2216 517 per
2242 449 2441 504 Christi
2472 450 2852 506 humanitatem
2905 454 3159 508 mundum
3208 457 3313 511 sibi
3364 461 3469 529 ipsi
3504 479 3586 518 rs-

2008 538 2316 600 concilians.
2368 542 2559 594 anima:
2586 551 2637 596 et
2684 545 2891 610 corpori
2942 544 3248 614 beneﬁcium
3300 566 3362 605 ea:
3380 567 3437 607 se
3466 569 3585 616 pro-

2008 629 2201 695 fectum
2292 630 2586 686 hominibus
2658 631 3009 703 dispertiende
3101 638 3329 704 tribuit,
3414 642 3586 698 uolens

2006 717 2216 807 quidem
2264 735 2355 788 per
2402 722 2658 791 animum,
2681 726 2943 796 attingens
2981 743 3096 781 vero
3128 744 3223 797 per
3243 747 3456 801 corpus.
3492 733 3588 790 Se-

2007 813 2233 882 ptimum
2273 815 2508 885 denique
2543 817 2786 888 synodus
2832 820 3020 875 eadem
3056 820 3121 874 Vl
3176 824 3232 877 in
3267 825 3458 881 eadem
3490 840 3585 881 ac-

2007 903 2155 965 tione
2202 904 2288 970 l0,
2344 920 2398 975 p.
2442 905 2543 959 127
2598 906 2870 963 Vaticanae
2925 911 3058 964 edit.
3108 913 3247 977 τέως
3293 914 3352 967 δὲ
3397 915 3587 986 μαθεῖν

2008 991 2156 1056 ἄξιον
2213 994 2364 1064 παρὰ
2414 996 2521 1049 τῶν
2566 999 2945 1069 προφερόντων
2990 1002 3119 1070 ἡμῖν
3179 1003 3278 1066 τὰς
3334 1005 3588 1071 τοιαύτας

2007 1082 2208 1149 φωνὰς,
2243 1083 2323 1136 ὅτι
2359 1083 2420 1137 τὸ
2445 1084 2756 1139 ὰναὸαῖνον.
2791 1086 2922 1152 Quae
2950 1089 3119 1143 verba
3152 1091 3232 1145 sic
3262 1093 3589 1162 interpreta-
3644 1113 3649 1117 ί

2007 1180 2097 1227 tur
2127 1172 2394 1229 Gulonius
2421 1189 2542 1244 pag.
2565 1176 2692 1231 280:
2725 1175 2934 1233 Interea
2961 1193 3135 1234 autem
3168 1181 3233 1235 ab
3255 1184 3319 1237 iis
3344 1186 3431 1252 qui
3454 1186 3587 1241 tales

306 1302 309 1305 .
337 1256 389 1316 4,
420 1270 472 1324 p.
510 1253 630 1308 161.
662 1252 884 1308 Sextum
910 1256 1137 1309 citatum
1166 1256 1335 1311 habes
1364 1272 1392 1310 a
1419 1259 1626 1328 synodo
1658 1273 1709 1311 νι
1755 1273 1906 1313 mcu-

340 1347 568 1408 Iueniea,
593 1346 809 1401 actione
826 1346 879 1410 4,
906 1361 1027 1416 pag.
1056 1346 1124 1401 '59
1173 1349 1305 1402 edit.
1326 1347 1501 1402 Vatic.
1543 1348 1636 1403 Ἐκ
1665 1349 1759 1402 τοῦ
1787 1349 1907 1402 δευο-

337 1437 492 1507 τέρου
528 1435 728 1506 βιϐλίου
759 1435 850 1490 τοῦ
885 1437 1020 1490 κατὰ
1052 1439 1334 1506 Εὐνομεου.
1372 1437 1494 1501 Πῶς
1525 1441 1554 1493 ὁ
1582 1438 1784 1510 Κύριος
1817 1440 1907 1494 τὸν

343 1528 543 1598 κόσμον
573 1526 751 1598 ἐαυτῷ
784 1528 1166 1582 καταλλάσσων
1204 1530 1497 1600 ἐπεμέριζε
1545 1533 1609 1602 τῇ
1667 1530 1811 1603 ψυχῇ

2115 1537 2459 1590 donabantur
2492 1545 2550 1590 ut
2581 1545 2636 1592 et
2672 1538 2963 1609 σφάλματα
2983 1541 3147 1597 nimis
3169 1543 3361 1598 crebra
3384 1559 3589 1614 opera-

345 1621 445 1673 ):at
467 1617 544 1689 τῷ
571 1617 780 1688 σώματι
815 1620 911 1690 τὴν
937 1620 1067 1690 παρ’
1108 1621 1271 1675 αὐτοῦ
1327 1620 1614 1690 γινομένην
1659 1623 1770 1682 τοῖς
1816 1641 1824 1673 ι

2107 1640 2135 1677 n
2194 1629 2622 1695 properantium,
2673 1645 2794 1698 quse
2841 1629 2931 1684 vix
2979 1631 3158 1701 Argus
3204 1634 3586 1705 πολυόμματος

338 1684 573 1781 θρώπόις
593 1684 930 1780 εὐεργεσίαν,
948 1684 1114 1766 Θέὶλων
1141 1712 1237 1781 μὲν
1252 1684 1667 1784 διὰ-τῆέψυίῆς,
1685 1714 1817 1767 ἁπτά

2109 1724 2215 1770 Icta
2274 1684 2749 1774 animadverteret.
2814 1720 2973 1792 Παρὰ
3006 1684 3233 1795 adiiciunt
3269 1723 3314 1777 δ’
3339 1684 3440 1780 oin:
3466 1684 3588 1781 seu;

337 1818 427 1866 νος
453 1801 509 1855 δὲ
538 1801 625 1855 διὰ
654 1802 749 1854 τοῦ
790 1801 1059 1872 σώματος.
1100 1800 1173 1854 Ea
1208 1817 1339 1857 vero
1397 1803 1496 1856 tibi
1553 1818 1816 1874 repraeselt

2138 1807 2434 1877 ἐσσύμενον
2460 1810 2816 1880 μαχέσασθαι.
2854 1810 2999 1868 Bene
3036 1814 3178 1878 vale,
3218 1822 3272 1869 et
3324 1832 3592 1888 κοινωφε-

334 1893 694 1964 primusliber
712 1893 874 1964 hujus
892 1894 1170 1956 editionis,
1191 1909 1349 1963 quem
1363 1894 1524 1949 etiam
1552 1895 1679 1951 hinc
1700 1903 1913 1952 constat
2019 1898 2168 1962 λείας
2205 1899 2471 1956 studiosis
2499 1901 2573 1954 tui
2604 1902 2873 1958 similibus
2904 1902 3042 1959 fave.
3129 1949 3133 1954 .

2007 1280 2151 1319 uoces
2176 1262 2325 1318 nobis
2347 1266 2639 1342 proferunt)
2665 1283 2835 1335 opera:
2852 1271 3077 1337 pretium
3099 1282 3176 1325 est
3195 1272 3416 1341 discere,
3440 1292 3510 1330 an
3532 1277 3587 1329 id

2009 1355 2151 1424 quod
2181 1354 2441 1419 ascendit,
2472 1364 2579 1411 etc.

2075 1443 2231 1509 Quod
2261 1443 2327 1498 ad
2358 1446 2678 1501 lacunarum
2711 1447 2981 1519 lacrymas
3011 1454 3226 1518 attinet,
3287 1451 3451 1509 facile
3472 1469 3504 1508 a
3535 1468 3592 1510 te

2454 2032 2479 2059 ,μ’

742 2110 3537 2148 .___————__.——_______________________

342 2113 733 2139 W—

870 2275 978 2345 DE
1007 2272 1421 2339 GREGOBIO
1456 2274 1838 2349 EPISCOPO
1871 2274 2259 2359 NYSSENO,
2307 2283 2408 2350 ET
2439 2280 2624 2345 EJUS
2653 2282 3042 2349 OPERIBUS

1514 2477 1593 2548 (⁸)
1653 2496 2452 2615 PR/EFATIO.

401 2900 566 2955 Divus
598 2898 914 2969 Gregorius,
945 2897 1237 2970 Nyssensis
1272 2899 1586 2970 episcopus,
1621 2898 2110 2969 frater‘germanus
2142 2896 2207 2956 Ι).
2237 2900 2443 2968 Basilii,
2474 2915 2538 2957 ac
2563 2910 2695 2958 natu
2725 2903 2944 2973 quidem
2976 2904 3221 2976 majoris.
3260 2917 3319 2963 ut
3347 2924 3417 2964 ex
3454 2910 3591 2981 ejus

330 2995 559 3065 scriptis.
587 2993 857 3063 conjicere
888 3001 993 3059 est,
1024 2993 1371 3064 potissimum
1403 3009 1470 3049 ex
1510 2997 1862 3060 Hexaemero,
1902 2995 1995 3049 ubi
2022 2995 2089 3050 de
2132 2994 2335 3051 Basilio
2380 2995 2610 3066 loquens
2653 3005 3037 3067 praeceptorem
3078 3015 3292 3071 semper
3317 3003 3590 3072 appellat,

274 3094 281 3101 ‘
332 3090 432 3145 l'uit
461 3089 969 3161 eloquentissimus,
1005 3097 1066 3143 ut
1097 3088 1297 3144 Suidas
1328 3097 1380 3144 et
1415 3089 1664 3159 plerique
1695 3096 1909 3145 veteres
1949 3089 2191 3151 tradunt,
2225 3089 2370 3156 quod
2397 3099 2450 3145 et
2478 3090 2626 3146 illius
2671 3091 2870 3161 scripta
2903 3079 3204 3156 declarant,
3251 3093 3597 3165 abundeque

330 3202 501 3245 sacra!
521 3194 793 3246 testantur
816 3186 1080 3243 historiae.
1122 3183 1363 3240 Primum
1399 3191 1545 3240 artes
1576 3184 1794 3239 dicendi
1833 3186 2100 3250 exercuit,
2149 3192 2474 3255 tantumque
2517 3186 2575 3240 in
2621 3185 2709 3240 his
2734 3184 2985 3255 profecit,
3026 3194 3087 3240 ut
3119 3186 3338 3242 tandem
3387 3188 3595 3247 rhetor

330 3282 560 3339 illustris
588 3283 849 3345 evaserit,
876 3280 1226 3351 laudatisque
1248 3280 1563 3335 oratoribus
1594 3280 1834 3350 antiquis
1868 3294 1977 3334 non
2009 3278 2236 3334 inferior
2263 3278 2555 3334 exstiterit.
2593 3276 2698 3333 Sed
2731 3279 2855 3334 istis
2889 3280 3214 3349 eloquentia:
3258 3279 3459 3337 studiis
3491 3297 3596 3338 re-

329 3377 471 3434 lictis
493 3378 849 3437 monasticam
879 3375 1221 3443 disciplinam
1250 3383 1495 3435 secutus,
1534 3380 1591 3427 ut
1618 3374 1810 3429 scribit
1836 3373 2212 3429 Theodoretus
2235 3373 2331 3428 lib.
2364 3389 2440 3437 Iv,
2469 3388 2589 3444 cap.
2623 3372 2692 3427 28
2716 3414 2730 3438 ,
2781 3374 2847 3426 ad
2878 3372 3203 3444 theologiam
3235 3388 3295 3428 se
3318 3375 3595 3440 contulit,

326 3473 749 3543 diligentemque
788 3470 971 3526 studio
1018 3484 1300 3526 sacrarum
1342 3468 1671 3522 Litterarum
1724 3484 1944 3538 operam
1995 3469 2233 3523 navavit.
2283 3468 2478 3523 Postea
2532 3476 2713 3522 tamen
2753 3483 2877 3522 cum
2921 3468 3037 3537 jam
3085 3468 3150 3522 ad
3207 3468 3595 3538 episcopatum

327 3567 512 3639 Nyssaa
554 3566 813 3628 civitatis,
845 3580 875 3618 a
901 3579 1007 3634 qua
1043 3563 1274 3634 Nysseni
1317 3578 1517 3619 nomen
1563 3564 1792 3633 accepit,
1825 3564 2147 3634 designatus
2177 3571 2282 3628 est,
2315 3564 2524 3620 sanctis
2554 3563 2850 3619 Bibliorum
2879 3564 3055 3627 libris,
3092 3576 3231 3633 quos
3260 3564 3314 3617 in
3340 3564 3595 3621 ecclesia

328 3662 570 3717 lectitare
600 3671 654 3715 et
700 3659 1047 3730 interpretari
1080 3659 1311 3725 solebat,
1347 3658 1633 3729 neglectis,
1664 3657 1729 3711 ad
1777 3657 2105 3712 rhetoricam
2137 3658 2333 3712 iterum
2380 3655 2737 3727 proﬁtendam
2773 3659 3016 3711 animum
3061 3657 3348 3711 convertit.
3396 3656 3595 3721 Quam

328 3760 597 3821 levitatem
626 3757 1153 3826 mutabilitatemque
1183 3756 1398 3811 consilii
1435 3753 1495 3811 D.
1520 3754 1818 3826 Gregorius
1838 3751 2225 3819 Nazianzenus
2252 3753 2484 3823 epistola
2513 3752 2582 3808 54
2605 3752 2671 3806 ad
2694 3752 2843 3806 illum
2873 3752 3120 3822 pluribus
3148 3751 3352 3819 scripta
3388 3765 3596 3819 repre-

325 3854 531 3914 hendit.
568 3852 687 3917 Quo
714 3866 840 3906 vero
879 3865 1024 3905 anno
1067 3852 1136 3907 ad
1166 3866 1289 3906 eum
1319 3851 1695 3920 episcopatum
1743 3849 2076 3919 pervenerit,
2120 3855 2390 3902 incertum
2429 3854 2551 3914 est;
2597 3845 2692 3902 sed
2736 3860 2855 3901 eam
2905 3843 3285 3914 praefecturam
3327 3851 3601 3911 tempore

322 3945 569 4004 Valentis
599 3945 946 4015 imperatoris
967 3944 1078 4013 jam
1110 3956 1221 4000 tum
1255 3945 1498 4014 gerebat,
1530 3959 1655 3998 cum
1685 3959 1715 3997 a
1745 3942 1804 3994 ι).
1832 3942 2033 3998 Basilio
2060 3942 2411 4012 episcopatus
2439 3941 2779 3997 Sasimorum
2807 3938 3156 3994 Nazianzeno
3180 3938 3434 3991 decretus
3463 3949 3597 3997 est.

323 4038 374 4097 ls
401 4038 544 4094 enim
575 4039 838 4105 postridie
878 4038 1025 4102 illius
1055 4039 1183 4104 diei,
1220 4053 1329 4108 quo
1368 4039 1655 4107 episcopus
1686 4036 1786 4092 fuit
1823 4047 2067 4104 creatus,
2092 4037 2157 4092 ad
2188 4036 2492 4119 Nyssenum
2525 4035 2711 4090 habita
2742 4035 3009 4099 oratione,
3049 4030 3344 4086 antistitem
3386 4036 3603 4102 διηνθι-
3668 4112 3671 4119 Ι

322 4131 396 4191 lat
434 4133 709 4202 tantisque
752 4132 1005 4191 laudibus
1044 4132 1203 4197 tollit,
1237 4139 1295 4186 ut
1326 4131 1498 4201 ipsius
1527 4131 1950 4198 commendatio,
2008 4133 2111 4188 etsi
2146 4139 2364 4186 taceant
2392 4128 2596 4197 czbteri,
2628 4130 2938 4185 Griecorum
2973 4128 3215 4182 omnium
3244 4126 3417 4181 instar
3448 4144 3603 4188 esse

320 4227 511 4294 possit.
545 4226 679 4282 Cum
712 4236 892 4282 autem
923 4242 1068 4283 anno
1100 4225 1204 4281 584
1232 4226 1500 4297 synodum
1534 4228 1915 4297 episc0porum
1944 4234 2135 4285 contra
2170 4224 2594 4285 Macedonianos
2630 4222 3161 4292 Constantinopolim
3205 4233 3596 4278 convocasset

319 4320 660 4388 Theodosius
688 4322 1003 4390 imperator,
1039 4321 1428 4391 decretumque
1460 4330 1605 4377 esset
1634 4330 1693 4376 ut
1722 4323 1905 4377 nullus
1938 4323 2228 4393 episcopus
2267 4322 2458 4378 relicta
2487 4336 2585 4377 sua
2618 4319 2844 4376 dioecesi
2869 4317 2935 4372 ad
2968 4318 3175 4372 alienas
3211 4316 3593 4386 demigraret,

319 4422 448 4469 tunc
485 4412 790 4483 dispertitis
834 4429 930 4483 per
972 4415 1284 4485 provincias
1330 4414 1609 4481 Ecclesiis,
1659 4416 1907 4471 Caesarea
1955 4423 2079 4487 post
2113 4416 2432 4474 defunctum
2479 4415 2766 4482 Basilium,
2815 4413 3036 4469 obvenit
3081 4412 3236 4467 fratri
3278 4411 3597 4479 Gregorio,

316 4508 503 4580 Nyssae
526 4509 678 4579 prius
701 4509 981 4580 episcopo,
1018 4519 1077 4564 ut
1101 4512 1294 4565 scribit
1330 4509 1585 4567 Socrates
1613 4512 1738 4566 libr.
1770 4530 1822 4577 v,
1861 4527 1981 4582 cap.
2013 4512 2066 4566 8.
2101 4511 2201 4567 llic
2235 4511 2427 4570 habuit
2457 4526 2707 4575 uxorem,
2741 4517 2800 4565 ut
2828 4510 3071 4563 historiae
3103 4507 3384 4563 mandarit
3403 4503 3599 4562 Nice-

317 4602 523 4670 phorus
550 4601 644 4658 lib.
684 4616 760 4665 XI,
795 4615 916 4671 cap.
953 4601 1041 4657 l9.
1087 4602 1242 4668 Quod
1270 4613 1450 4658 tamen
1500 4604 1591 4657 vix
1631 4603 1850 4673 probari
1892 4604 2085 4672 possit,
2120 4610 2180 4658 ut
2216 4604 2385 4674 aliqui
2420 4610 2667 4667 censent,
2714 4617 2780 4657 ex
2829 4599 3159 4655 Nazianzeni
3210 4598 3459 4652 oratione
3510 4602 3605 4659 de

316 4697 568 4752 laudibus
591 4694 799 4762 Basilii;
825 4710 950 4749 nam
975 4711 1100 4751 cum
1128 4705 1402 4767 parentes'
1425 4709 1532 4751 tam
1565 4698 1795 4768 egregia:
1832 4697 2039 4755 sobolis
2082 4692 2461 4770 procreati‘one
2491 4698 2707 4758 nobiles
2743 4696 2911 4752 fuisse
2945 4694 3200 4757 ostendit,
3237 4691 3315 4759 Id,
3365 4692 3601 4767 inquit,

314 4795 655 4853 demonstrat
683 4796 879 4852 beatus
912 4795 1260 4851 sacerdotum
1304 4805 1358 4851 et
1385 4795 1652 4865 virginum
1690 4811 1972 4863 numerus,
2011 4804 2065 4850 et
2097 4809 2286 4849 eorum
2320 4794 2414 4863 qui
2447 4794 2500 4847 in
2542 4795 2652 4850 vita
2686 4792 2976 4862 conjugata
3009 4791 3283 4851 vixerunt,
3316 4795 3427 4843 etc.
3464 4791 3604 4849 Sa.

313 4894 561 4950 cerdotes
586 4893 777 4964 procul
807 4892 974 4948 dubio
1014 4891 1232 4948 fuerunt
1258 4891 1514 4955 Basilius,
1546 4892 1860 4964 Gregorius,
1890 4901 1945 4949 et
1982 4891 2177 4946 Petrus
2216 4889 2460 4945 Sebastae
2499 4890 2813 4959 episcopus,
2850 4901 3010 4958 quem
3052 4884 3284 4940 Basilius
3315 4884 3433 4953 ipse
3476 4901 3606 4944 sa-

313 4988 423 5043 cris
452 4987 710 5054 initiavit,
741 4994 797 5042 et
819 4985 885 5041 ad
918 4987 1238 5058 presbyterii
1274 4986 1594 5057 dignitatem
1629 4989 1907 5059 provexit;
1945 5003 2104 5044 soror
2138 4994 2315 5042 autem
2351 4985 2591 5039 Macrina
2623 4993 2677 5039 et
2718 4982 3041 5037 Naucratius
3072 4981 3238 5039 frater
3265 4980 3430 5032 vitam
3471 4996 3601 5038 so.

312 5080 348 5135 li
378 5079 547 5132 ariam
601 5087 656 5134 et
698 5080 914 5148 inopem
954 5086 1083 5133 sunt
1133 5081 1422 5147 complexi,
1467 5087 1525 5132 ut
1572 5079 1639 5133 de
1681 5080 1788 5131 vita
1829 5080 2079 5132 Macrinae
2112 5078 2359 5133 continet
2388 5077 2638 5146 epistola,
2679 5090 2799 5146 quae
2844 5072 3091 5145 Nysseno
3137 5071 3375 5141 ascripta
3415 5070 3603 5133 inter

310 5185 626 5233 sanctorum
662 5176 923 5232 historias
962 5191 1058 5246 per
1078 5172 1310 5230 ‘Surium
1354 5186 1644 5246 congestas
1691 5175 1756 5229 ad
1792 5176 1933 5230 diem
1991 5175 2058 5245 19
2098 5173 2229 5229 Julii
2274 5174 2471 5245 legitur
2519 5187 2741 5236 excusa,
2793 5187 2862 5229 ex
2916 5167 3367 5239 interpretatione
3409 5166 3597 5231 Ρριιεῇ

311 5271 588 5327 Francisei
617 5271 768 5339 Zini;
798 5272 891 5327 sed
925 5273 1065 5326 inter
1095 5272 1217 5325 illos
1248 5271 1339 5339 qui
1371 5271 1609 5340 virgines
1636 5277 1691 5324 et
1719 5278 1966 5325 exsortes
1994 5269 2234 5339 conjugii
2259 5269 2643 5330 remanserint,
2666 5276 2760 5322 aut
2780 5282 2845 5323 ex
2880 5267 3094 5321 caeteris
3119 5264 3324 5335 (decem
3355 5264 3603 5339 quippe

311 5364 487 5429 liberi,
519 5365 564 5419 si
599 5364 730 5419 ﬁdes
761 5365 835 5417 illi
868 5364 1144 5418 tribuatur
1172 5363 1439 5433 epistolae,
1476 5363 1671 5417 iisdem
1704 5363 2023 5431 parentibus
2054 5362 2167 5416 nati
2203 5361 2351 5433 sunt)
2379 5359 2473 5432 qui
2505 5361 2912 5415 matrimonium
2945 5357 3233 5417 coluerint.
3276 5370 3386 5410 non
3424 5362 3604 5422 satis

307 5458 437 5520 hinc
465 5459 672 5530 liquido
702 5466 935 5517 constat.
969 5459 1088 5529 Ipse
1117 5474 1248 5514 vero
1278 5457 1579 5528 Gregorius
1608 5457 1661 5511 in
1690 5458 1829 5511 libro
1860 5472 2019 5528 quem
2052 5456 2131 5511 De
2159 5457 2457 5526 virginitate
2501 5455 2766 5525 scriptum
2803 5454 3043 5524 reliquit,
3071 5450 3286 5508 videtur
3313 5452 3611 5525 apertius

376 5618 451 5697 (α)
477 5617 600 5679 Haec
622 5618 866 5690 przel‘atio
891 5618 1098 5678 Latinis
1126 5618 1457 5679 editionibus
1486 5615 1714 5688 Nysseui
1753 5616 2015 5681 hactenus
2049 5625 2130 5672 est
2154 5615 2393 5691 praeﬁxa.
