3768 6000
229 203 296 257 57
1620 205 2006 263 PBASFATIO.
3412 204 3482 258 53

229 326 458 377 innuere
505 333 568 376 se
599 318 906 391 conjugem,
939 333 1046 374 non
1083 321 1325 376 caelibem
1360 323 1550 386 fuisse,
1597 339 1721 378 cum
1758 325 1832 378 ait
1861 340 1982 394 cap.
2016 327 2049 379 5
2081 343 2095 380 :
2127 321 2282 379 Nunc
2315 323 2440 377 milii
2478 323 2815 394 uirgtnalium
2843 323 3058 377 laudum
3090 325 3316 394 cognitio
3345 341 3476 394 quo-

227 413 510 466 dammodo
550 411 727 464 inanis
766 421 843 464 est
881 428 942 463 ac
981 413 1195 466 minime
1237 413 1534 481 fructuosa,
1577 425 1684 469 etc.
1725 415 1830 468 Sed
1861 424 1980 470 esto
2016 417 2398 470 connubialetn
2434 417 2599 469 vitam
2637 416 2708 468 sit
2733 415 3033 484 amplexus,
3072 416 3174 485 ipsi
3206 403 3385 470 tamen
3412 433 3478 470 ea

229 501 441 556 vivendi
475 501 617 554 ratio
648 501 785 554 nihil
819 501 1189 570 impedimenti
1233 505 1430 568 attulit,
1465 506 1760 574 quominus
1788 515 2010 560 strenue
2040 522 2138 576 pro
2169 506 2439 560 catholica
2473 505 2576 559 fide
2602 505 2908 566 decertans,
2945 506 3010 558 ad
3048 521 3229 574 part-In
3262 508 3481 561 virtutis

223 596 454 666 gloriam
486 595 766 663 aSpirarit.
811 593 944 648 Nam
974 606 1031 649 ut
1064 612 1162 665 per
1197 597 1470 653 Ecclesias
1499 600 1766 653 hurretica:
1792 601 2077 668 pravitatis
2105 601 2357 654 tenebras
2387 601 2502 654 suis
2523 599 2884 652 concionibus
2914 599 3232 661 discuteret,
3266 599 3480 651 lumen-

223 702 330 756 que
369 685 618 740 veritatis
663 687 977 741 hominibus
1023 690 1180 756 quasi
1221 691 1560 758 prmlucerct,
1596 691 1819 744 crebras
1860 691 2326 760 peregrinationes
2374 692 2636 758 suscepit,
2681 691 2910 758 viasque
2941 688 3189 742 dilliciles
3220 689 3475 740 confecit.

223 777 375 841 Quas
403 793 528 831 cum
566 793 707 848 aegre
737 777 920 841 ferret,
952 787 1004 833 et
1039 795 1192 833 suam
1221 781 1366 832 velut
1397 781 1820 832 inconstantiam
1863 788 2200 848 quereretur,
2232 779 2611 832 Nazianzenus
2646 779 2876 846 epistola
2919 777 2988 831 54
3023 779 3340 831 consolatus
3370 785 3474 834 est.

219 877 273 920 et
301 866 374 920 ad
401 867 539 921 bene
568 868 636 921 de
669 869 855 922 multis
887 870 1223 932 merendum,
1258 882 1418 938 atque
1447 871 1673 939 gratiam
1702 885 1732 923 a
1777 870 1886 924 Deo
1916 870 2240 939 sperandam
2279 871 2473 924 erexit.
2508 870 2627 934 Quo
2661 871 2894 938 denique
2939 883 3086 921 anno
3112 868 3411 922 decesserit
3447 881 3478 919 e

224 962 366 1016 vivis
401 970 454 1014 et
490 963 762 1030 posterior
797 963 996 1027 Basilio
1029 965 1109 1034 (ut
1142 975 1372 1020 testatur
1417 964 1669 1020 Socrates
1704 965 1795 1019 lib.
1847 983 1927 1028 nt,
1970 981 2083 1035 cap.
2134 968 2187 1028 8,
2233 966 2393 1034 idque
2439 965 2790 1019 manifestum
2841 964 3017 1018 reddit
3052 963 3372 1017 Nazianzeni
3409 962 3475 1016 ad

227 1053 539 1125 Nyssenum
573 1057 642 1110 57
668 1058 897 1126 epistola
942 1060 1304 1114 consolatoria
1338 1059 1404 1113 de
1447 1067 1620 1113 morte
1655 1058 1862 1129 fratris)
1905 1076 2013 1113 non
2046 1068 2263 1114 c0nstat
2303 1076 2366 1113 ex
2408 1059 2688 1123 historiis;
2739 1058 2832 1113 sed
2881 1058 2996 1126 ipse
3022 1060 3206 1110 multis
3237 1057 3291 1110 in
3343 1056 3475 1110 locis

220 1144 473 1197 meminit
505 1161 562 1200 se
586 1148 696 1215 jam
725 1147 982 1218 grandem
1019 1159 1146 1203 natu
1180 1159 1233 1204 et
1281 1165 1465 1204 senem
1498 1151 1759 1214 scribere,
1791 1151 2024 1204 maxime
2060 1151 2114 1203 itt
2163 1151 2390 1219 epistola
2425 1149 2498 1203 De
2533 1150 2856 1218 professione
2897 1148 3222 1212 Christiana,
3262 1149 3315 1200 in
3347 1147 3472 1199 libr.

220 1241 297 1292 De
321 1241 624 1310 virginitate
653 1261 774 1313 cap.
809 1245 1026 1309 ultimo;
1063 1257 1115 1300 ct
1145 1262 1197 1300 in
1226 1253 1470 1300 oratione
1499 1261 1660 1314 quam
1701 1245 1772 1298 De
1804 1245 2120 1312 infantibus,
2157 1247 2246 1313 qui
2273 1261 2337 1298 ex
2365 1255 2512 1298 utero
2545 1253 2864 1313 prwmature
2897 1244 3250 1310 abripiuntur.
3282 1240 3472 1305 edidit,

215 1336 470 1403 aliasque
506 1351 647 1406 saepe
677 1350 1013 1394 senectutem
1048 1356 1202 1395 suam
1235 1349 1483 1394 excusat.
1518 1339 1631 1393 Hoc
1663 1340 2007 1394 solummodo
2037 1339 2103 1394 de
2136 1339 2256 1407 ejus
2291 1340 2511 1392 interittt
2547 1340 2628 1392 sic
2652 1347 2874 1392 notatur
2907 1338 2959 1390 itt
3009 1335 3236 1390 Usnardi
3272 1334 3474 1403 Marty-

215 1428 432 1498 rologio
466 1431 536 1484 ad
566 1433 708 1485 diem
754 1447 809 1486 Ix
839 1433 1011 1486 Martii
1045 1452 1058 1488 :
1095 1435 1248 1502 Apud
1295 1433 1555 1488 Nicenam
1603 1437 1863 1488 civitatem
1915 1435 2168 1498 depositio
2201 1436 2259 1489 S.
2292 1434 2530 1504 Gregorii
2572 1435 2820 1502 episcopi,
2869 1433 3053 1500 fratris
3103 1431 3239 1484 beati
3284 1430 3475 1483 Basilii

215 1521 589 1588 Ca'sariensis,
629 1536 738 1578 tam
776 1531 881 1580 vita
914 1545 1073 1596 quam
1117 1530 1414 1599 eloquentia
1461 1529 1761 1584 clarissimi.
1820 1531 1998 1598 Atque
2037 1529 2150 1582 haec
2192 1529 2410 1598 quidem
2447 1527 2597 1583 brevi
2637 1527 2782 1582 dicta
2822 1525 3089 1581 suﬂiciant
3118 1523 3185 1578 de
3211 1521 3474 1592 Gregorio

216 1616 489 1686 Nysseno,
523 1620 594 1674 de
626 1619 785 1687 cujus
815 1621 1066 1676 laudibus
1091 1623 1266 1693 elogia
1297 1633 1540 1678 veterum
1573 1633 1757 1692 postea
1790 1623 1968 1680 fusius
2001 1623 2378 1692 subjiciemus.

285 1729 408 1784 Jam
442 1748 576 1787 vero
605 1733 859 1802 quoniam
891 1735 1191 1788 naturalem
1221 1743 1273 1788 et
1299 1736 1591 1805 legitimum
1623 1735 1868 1790 ordinem
1901 1752 2011 1806 quo
2037 1737 2268 1804 quisque
2292 1735 2554 1788 librorum
2587 1732 2823 1802 scriptus
2849 1739 2950 1796 est,
2979 1745 3088 1784 non
3122 1729 3395 1798 potuimus
3417 1728 3470 1783 in

215 1823 320 1875 hac
342 1823 582 1879 editione
610 1829 787 1894 sequi,
828 1826 1162 1880 artificialem
1203 1827 1538 1882 instituimus
1564 1845 1577 1880 :
1601 1843 1792 1897 nempe
1821 1835 1877 1880 ιιι
1915 1829 2151 1896 priorem
2186 1829 2366 1880 locum
2404 1826 2732 1880 sortirentur
2755 1841 2818 1878 ea
2849 1840 2968 1893 qua:
2994 1825 3059 1876 ad
3083 1821 3251 1877 Vetus
3275 1820 3469 1876 Testa-

217 1927 465 1971 mentum
505 1900 698 1974 referri
727 1935 884 1990 posse
914 1921 1272 1983 videbantur;
1300 1923 1496 1976 deinde
1523 1937 1643 1992 qum
1677 1921 1742 1974 ad
1774 1922 2056 1990 religionis
2092 1921 2417 1976 Christiana:
2441 1921 2864 1981 institutionem,
2898 1916 3152 1977 formam,
3181 1923 3234 1968 et
3263 1913 3473 1984 profes-

217 2015 428 2067 sionem
453 2024 722 2084 spectant,
752 2025 806 2070 et
837 2017 890 2070 in
915 2017 1116 2086 quibus
1142 2017 1345 2086 aliquot
1394 2019 1724 2088 evangelicae
1750 2018 2017 2072 doctrina:
2053 2016 2367 2070 testimonia
2404 2022 2733 2077 tractantur,
2774 2012 3074 2068 secundum
3112 2011 3290 2063 locum
3327 2008 3470 2062 obti-

219 2117 434 2172 nerent,
464 2121 652 2178 postea
681 2113 1039 2166 concionibus
1069 2114 1348 2167 nonnullis
1383 2114 1448 2166 ad
1482 2113 1738 2168 Ecclesia:
1765 2112 2219 2166 consuetudinem
2250 2127 2348 2180 pro
2387 2111 2598 2163 ratione
2631 2118 2684 2162 et
2713 2109 2854 2162 serie
2891 2106 3153 2161 festorum
3190 2103 3470 2174 dispositis

178 2236 187 2245 -
217 2202 501 2257 orationes
537 2202 795 2257 funebres
820 2205 886 2258 de
913 2205 1162 2259 laudibus
1191 2206 1552 2275 quorumdam
1590 2213 1904 2260 Sanctorum
1938 2205 2258 2273 adjecimus.
2285 2203 2351 2255 Et
2380 2203 2482 2257 hoc
2522 2201 2588 2256 de
2621 2200 2890 2254 universis
2913 2200 3031 2268 ejus
3059 2198 3299 2252 doctoris
3337 2212 3468 2266 ope-

217 2295 375 2350 ribus
403 2298 744 2366 prazmissum
777 2299 868 2351 sit.
901 2299 976 2354 De
1001 2300 1230 2370 singulis
1259 2309 1437 2355 autem
1477 2300 1724 2370 pluribus
1761 2308 1996 2354 tractare
2030 2313 2137 2354 non
2170 2299 2445 2362 convenit,
2489 2298 2582 2353 sed
2621 2295 2886 2368 quidquid
2929 2296 2996 2350 de
3037 2294 3309 2363 aliquibus
3352 2307 3467 2347 mo-

218 2389 461 2441 nendum
496 2389 656 2443 nobis
686 2397 962 2454 occurret,
1004 2392 1192 2460 paucis
1232 2393 1318 2446 hic
1348 2392 1629 2448 addemus.

292 2503 465 2572 Igitur
496 2515 724 2576 rogante
760 2507 924 2562 fratre
961 2525 1062 2564 suo
1091 2508 1254 2566 Petro
1286 2509 1528 2566 Sehasta:
1556 2512 1810 2581 episcopo
1841 2507 2078 2564 confecit
2110 2508 2310 2563 librum
2341 2510 2393 2561 in
2430 2510 2796 2573 Itexaemeron,
2824 2521 2984 2576 quem
3017 2506 3246 2559 affirmat
3274 2503 3470 2558 Socra-

218 2609 302 2654 tes
328 2601 452 2655 libr.
482 2618 554 2666 tv,
577 2617 698 2672 cap.
732 2603 823 2670 2|,
850 2619 880 2656 a
912 2603 1112 2658 Basilio
1130 2614 1306 2660 morte
1331 2605 1694 2675 pratveniente
1714 2603 2096 2674 imperfectum
2127 2619 2247 2658 esse
2277 2603 2550 2658 relictum.
2575 2603 2709 2655 Eum
2732 2616 2830 2655 nos
2855 2600 3029 2670 primo
3054 2599 3173 2653 loco
3199 2613 3261 2653 ex
3289 2607 3469 2653 trans-

220 2695 421 2749 latione
454 2696 575 2750 Zini
621 2698 928 2767 praecedere
971 2701 1246 2756 voluimus
1278 2719 1292 2755 :
1342 2703 1484 2771 quod
1531 2717 1596 2755 eo
1643 2701 1784 2754 libro
1811 2699 1886 2754 De
1911 2717 2060 2770 opere
2098 2715 2188 2753 sex
2226 2700 2430 2752 dierum
2463 2700 2516 2752 in
2548 2697 2791 2752 ordinem
2841 2711 2904 2750 ac
2949 2694 3297 2750 concordiam
3348 2707 3468 2763 qua:

216 2790 284 2841 de
317 2790 506 2842 mundi
541 2792 921 2858 procreatione
947 2794 1124 2862 primo
1163 2795 1383 2864 quidem
1414 2805 1635 2866 aspeCtu
1665 2794 1862 2849 diﬂ‘usa
1891 2805 1945 2849 et
1976 2796 2121 2848 inter
2147 2810 2207 2849 se
2237 2793 2514 2847 contraria
2547 2792 2821 2853 videntur,
2855 2790 3259 2844 accommodate
3283 2787 3466 2857 dispo-

215 2887 332 2942 nat,
365 2881 656 2951 ipsumque
685 2883 924 2955 Moysem
957 2887 1168 2957 sibiipsi
1203 2889 1634 2946 consentientem
1667 2899 1721 2944 et
1757 2898 2100 2945 constantem
2134 2890 2412 2959 eleganter
2455 2887 2725 2942 ostendat.
2758 2884 2960 2940 Verum
2990 2886 3117 2955 quia
3147 2886 3200 2938 in
3230 2899 3296 2938 eo
3320 2898 3469 2938 cont-

216 2976 552 3030 mentariolo
583 2978 772 3032 mundi
805 2978 1075 3035 fabricant
1103 2983 1176 3036 ita
1209 2986 1635 3054 contemplatur,
1664 2993 1722 3039 ttt
1747 2986 2057 3039 naturalem
2087 2983 2471 3037 tantummodo
2493 2989 2546 3036 et
2579 2981 2828 3035 historia:
2859 2985 3258 3050 congruentem
3295 2977 3352 3031 iu
3381 2991 3468 3030 re-

216 3066 322 3119 bus
349 3068 556 3124 creatis
607 3069 856 3124 ordinem
894 3073 1154 3141 explicet,
1211 3075 1343 3128 huic
1378 3077 1645 3130 continno
1681 3077 1819 3132 duas
1857 3077 2248 3144 subjunximus
2297 3074 2582 3128 orationes
2629 3073 2684 3126 in
2727 3071 2968 3125 hominis
3021 3069 3463 3140 procreationem

215 3160 515 3214 admodum
563 3163 683 3230 pias
731 3171 785 3218 et
827 3165 1123 3235 elegantes,
1175 3185 1311 3237 quae,
1363 3170 1538 3239 inquit
1593 3169 1761 3224 Zinus
1805 3173 1898 3240 qui
1947 3171 2146 3225 latinas
2187 3170 2336 3231 fecit,
2381 3169 2498 3221 licet
2531 3167 2594 3220 ab
2627 3164 2858 3234 ejusdem
2893 3164 3150 3228 auctoris,
3206 3171 3255 3214 et
3300 3160 3465 3212 multo

212 3255 376 3308 etiam
409 3257 578 3325 magis
626 3275 658 3309 a
708 3258 900 3312 Basilii
930 3262 1126 3330 magni,
1162 3263 1247 3314 cui
1297 3279 1328 3315 a
1371 3264 1683 3333 quibusdam
1730 3264 1869 3334 falso
1903 3263 2188 3318 attributas
2237 3263 2416 3323 audio,
2479 3260 2779 3330 (intelligit
2834 3259 3070 3312 fortasse
3111 3254 3464 3309 Godefridutn

214 3349 596 3414 Tilmannum,
627 3351 721 3420 qui
758 3367 853 3407 eas
900 3355 1042 3408 inter
1082 3355 1331 3424 ejusdem
1371 3356 1557 3411 Basilii
1602 3373 1768 3426 Opera
1801 3359 2108 3420 transtulit,
2165 3366 2219 3410 et
2252 3373 2350 3427 pro
2383 3358 2504 3410 loco
2553 3353 2876 3425 paraphrasi
2923 3351 3160 3420 diﬂudit)
3207 3349 3466 3403 scribendi

214 3440 595 3493 consuetudine
639 3440 817 3494 abesse
859 3443 1154 3511 rideantur,
1187 3447 1566 3514 antiquissima:
1599 3458 1772 3502 tamen
1817 3457 1956 3515 sunt,
2011 3457 2101 3500 aut
2152 3450 2216 3500 ab
2264 3449 2374 3516 ipso
2411 3446 2657 3515 Gregorio
2705 3445 2876 3498 adhuc
2918 3442 3107 3510 juvene
3152 3440 3284 3508 forte
3319 3455 3464 3490 com-

211 3535 426 3600 positae,
479 3544 760 3602 antequam
805 3535 1254 3592 absolutissimum
1311 3539 1503 3593 librum
1550 3540 1625 3597 De
1655 3543 1887 3596 hominis
1919 3542 2134 3610 Opificio
2181 3541 2620 3608 praescripsisset:
2649 3547 2741 3590 aut
2776 3538 2841 3590 ab
2872 3537 3048 3605 aliqua
3076 3534 3307 3603 ejusdem
3335 3543 3464 3586 aeta-

215 3631 282 3684 tis
328 3631 439 3682 viro
485 3640 597 3681 tum
649 3631 734 3697 pio
780 3640 888 3683 tum
935 3632 1148 3686 minime
1193 3633 1425 3688 indocto.
1471 3634 1582 3690 Nos
1620 3646 1798 3691 tamen
1844 3637 2174 3704 conjicimus
2211 3651 2276 3688 ex
2325 3635 2515 3704 primae
2549 3633 2816 3686 orationis
2853 3632 3032 3692 initio,
3087 3631 3174 3682 ubi
3203 3631 3464 3697 scriptum

214 3727 419 3795 legitur
458 3743 472 3779 :
507 3723 761 3793 Iniquum
791 3734 928 3778 esset
966 3743 1081 3779 cum
1109 3744 1169 3781 ea
1201 3744 1318 3797 qua:
1349 3731 1417 3782 ad
1451 3729 1593 3798 [eras
1619 3741 1729 3784 tum
1764 3741 2028 3794 natantes,
2081 3740 2192 3781 tum
2224 3727 2544 3797 gradientes,
2580 3735 2691 3778 tum
2733 3725 2988 3784 volantes,
3019 3738 3232 3792 quisque
3258 3723 3325 3774 ad
3364 3737 3465 3774 ca:-

215 3823 332 3875 lum
367 3817 436 3870 ad
465 3834 628 3887 caque
649 3835 767 3878 aute
793 3820 848 3872 in
878 3821 1004 3874 ctelo
1034 3833 1177 3885 sunt,
1207 3839 1422 3893 qua’que
1460 3825 1528 3877 ad
1561 3836 1758 3879 terram
1797 3835 1846 3879 et
1880 3825 1948 3878 ad
1979 3841 2041 3878 ea
2073 3840 2188 3894 qua:
2215 3833 2334 3876 sunt
2387 3825 2440 3874 in
2472 3831 2613 3874 terra
2655 3822 2937 3888 pertinent,
2969 3819 3332 3881 didicerimus,
3355 3829 3460 3872 etc.

211 3909 438 3964 easdem
468 3923 577 3961 non
602 3922 725 3962 esse
754 3907 1003 3980 Gregorii
1030 3914 1205 3966 nostri
1239 3932 1252 3967 :
1289 3929 1468 3984 neque
1509 3918 1654 3969 enim
1686 3917 1754 3970 de
1785 3917 1935 3971 hisce
1959 3916 2235 3976 tractavit,
2264 3913 2359 3967 sed
2389 3911 2624 3967 Basilius
2662 3912 2718 3966 in
2756 3911 3106 3965 Hexaemero.
3139 3909 3323 3963 Ambae
3369 3925 3464 3964 au-

213 4018 325 4064 tem
354 4009 401 4062 si
429 4023 536 4061 non
564 4007 760 4062 habita;
791 4009 856 4061 ad
888 4009 1176 4077 populum,
1205 4017 1385 4063 tamen
1416 4012 1636 4080 scriptae
1665 4011 1815 4064 domi
1846 4019 1901 4066 et
1927 4025 2117 4064 coram
2149 4009 2394 4064 recitatae
2423 4007 2699 4062 videntur.
2736 4005 2843 4060 Sed
2871 4005 2938 4060 de
2969 4005 3056 4060 his
3091 4008 3318 4060 aliorum
3346 4020 3462 4062 csto

210 4099 506 4168 judicium.
541 4097 704 4154 Liber
734 4099 826 4154 ille
854 4099 930 4154 De
959 4099 1184 4154 hominis
1231 4102 1442 4172 api/icio
1516 4119 1673 4172 quem
1704 4102 1914 4158 Latinis
1945 4104 2176 4157 auribus
2217 4100 2370 4155 dedit
2397 4099 2636 4155 Joannes
2664 4097 3050 4162 Lcunclavius,
3083 4099 3458 4153 admirandmn

212 4206 353 4259 opus
383 4204 414 4242 a
449 4188 614 4242 Suida
646 4199 896 4244 vocatur.
930 4191 1028 4247 llic
1055 4195 1099 4248 si
1140 4196 1350 4251 ordinis
1385 4199 1546 4254 ratio.
1595 4213 1704 4266 quo
1747 4197 1987 4267 scriptus
2019 4204 2126 4260 est,
2179 4201 2466 4264 sequatur,
2502 4194 2661 4247 debet
2714 4192 3043 4261 praecedere.
3086 4191 3248 4266 .Nam,
3286 4193 3462 4261 inquit

209 4277 498 4348 Nyssenus
531 4279 584 4332 in
615 4278 962 4344 Hexaemero,
996 4283 1193 4338 librum
1228 4285 1303 4339 De
1337 4286 1559 4340 heminis
1596 4288 1806 4356 opiﬁcio
1837 4296 1964 4341 ante
1999 4287 2144 4340 hunc
2179 4287 2450 4339 misimus.
2483 4283 2580 4336 Hic
2614 4283 2849 4351 primum
2895 4283 3091 4336 datnus
3124 4297 3188 4334 ex
3225 4284 3459 4337 transla-

211 4372 366 4426 tione
391 4369 646 4425 Gentiani
683 4370 908 4426 l‘lerveti‘
947 4376 1244 4430 conciones
1293 4384 1418 4430 octo
1468 4379 1521 4430 in
1572 4377 1950 4439 Ecclesiasten,
2000 4378 2055 4430 in
2101 4389 2332 4445 quarum
2368 4373 2550 4442 priore
2588 4370 2775 4425 statim
2822 4372 2877 4424 in
2910 4371 3098 4425 limine
3142 4380 3374 4426 testatur
3401 4388 3460 4428 se

211 4465 467 4517 etiamin
522 4460 818 4516 Proverbia
853 4462 1166 4531 scripsisse,
1223 4465 1350 4518 dum
1382 4468 1461 4522 sic
1486 4469 1563 4522 ait
1611 4486 1622 4521 :
1676 4468 1810 4522 Cum
1859 4484 2012 4522 sensa
2047 4466 2455 4520 Proserbiorum
2508 4463 2625 4530 jam
2661 4471 2882 4517 mentem
2923 4465 3069 4530 prius
3116 4466 3456 4523 ea‘et'cuerint.

210 4571 437 4626 quorum
471 4556 706 4608 obscura:
721 4562 842 4606 sunt
865 4555 1199 4621 rationes,ad
1222 4556 1354 4610 lianc
1385 4557 1736 4624 Scripturam,
1761 4575 1875 4629 qua:
1912 4574 2024 4612 vere
2075 4568 2151 4611 est
2178 4559 2408 4619 excelsa,
2458 4558 2670 4611 exsistit
2711 4571 2984 4609 ascensus.
3029 4556 3135 4610 Sed
3173 4557 3284 4610 haec
3311 4572 3460 4610 com-

211 4645 478 4703 mentatio
503 4645 744 4700 nondum
776 4645 998 4699 venitin
1031 4648 1330 4715 publicum.
1363 4649 1623 4705 llomilias
1656 4660 1833 4705 autem
1871 4651 2178 4720 quindecim
2232 4651 2284 4703 in
2329 4649 2550 4704 Cantica
2578 4649 2908 4701 canticorum
2961 4649 3128 4702 meris
3155 4651 3456 4717 tenigmati-

210 4737 317 4792 bus
344 4737 558 4806 plenas,
587 4736 786 4804 partim
810 4750 876 4788 ex
902 4735 1090 4790 eadem
1123 4735 1336 4792 llerveti
1371 4742 1752 4804 translatione,
1799 4758 1920 4810 quae
1944 4743 2074 4794 viris
2109 4741 2284 4795 doctis
2312 4740 2503 4809 purior
2530 4748 2585 4793 et
2623 4739 2838 4791 facilior
2888 4738 3001 4790 visa
3034 4745 3140 4798 est,
3193 4739 3458 4805 apprcssi—

213 4845 370 4894 mus;
404 4830 540 4883 alias
575 4843 772 4896 nempe
809 4837 1048 4899 quatuor
1087 4839 1393 4899 postremas
1423 4850 1710 4903 quousque
1745 4833 1960 4889 l-lerveti
1992 4835 2324 4904 procedebat
2363 4832 2662 4901 exemplar,
2695 4846 2760 4886 ex
2789 4830 3242 4898 interpretatione
3279 4828 3458 4884 Lenn-

211 4918 374 4972 clavii
423 4918 844 4987 complevimus.
890 4916 950 4971 In
987 4918 1093 4974 ﬁne
1148 4920 1507 4990 praafationis,
1549 4940 1711 4994 quam
1751 4925 1942 4980 iisdem
1979 4926 2218 4979 homiliis
2259 4924 2382 4992 ipse
2435 4923 2734 4992 Gregorius
2765 4920 3029 4991 praefecit,
3080 4919 3255 4972 reddit
3289 4922 3458 4974 ratio-

209 5026 334 5074 nem
362 5011 625 5065 instituta:
657 5012 1169 5078 commentationis,
1203 5015 1294 5068 tibi
1342 5016 1413 5070 ita
1445 5017 1720 5086 loquitur:
1753 5017 1874 5070 Non
1914 5028 1991 5071 est
2029 5017 2113 5069 ltic
2153 5016 2284 5068 liber
2318 5033 2350 5068 a
2399 5031 2478 5068 me
2517 5015 2743 5080 scriptus
2793 5011 2860 5064 ad
2903 5009 3339 5076 ostentationem;
3367 5013 3456 5065 sed

207 5102 456 5171 quoniam
485 5104 654 5155 multa
697 5115 765 5154 ea:
798 5101 864 5153 iis
909 5117 1026 5168 qua:
1059 5103 1113 5156 in
1150 5103 1400 5160 Ecclesiis
1429 5106 1571 5160 dicta
1602 5118 1746 5172 sunt,
1776 5108 1991 5176 quidam
2019 5123 2083 5160 ea:
2117 5109 2182 5161 iis
2206 5108 2295 5177 qui
2318 5106 2586 5159 nobiscttm
2615 5111 2911 5163 versantur,
2937 5099 3284 5166 adnotarunt,
3314 5119 3375 5155 ea
3402 5105 3458 5156 in

209 5192 434 5260 {armum
466 5192 818 5246 Itomiliarum
837 5193 1081 5244 enarravi
1115 5195 1168 5246 in
1200 5194 1380 5248 diebus
1395 5196 1725 5264 jejuniorunt
1746 5212 1764 5249 :
1796 5197 1848 5250 in
1877 5197 1956 5250 Itis
1973 5199 2112 5250 enim
2140 5197 2224 5249 hic
2256 5198 2386 5248 liber
2423 5195 2490 5248 ad
2521 5210 2673 5246 aures
2700 5190 2879 5259 populi
2909 5207 2941 5241 a
2969 5189 3120 5243 nobis
3150 5192 3254 5258 [uit
3277 5194 3458 5248 elabo-

209 5294 377 5340 ratus.
411 5283 656 5357 Singulis
697 5291 891 5339 autem
923 5284 1117 5340 diebus
1149 5289 1394 5357 singulas
1441 5291 1720 5345 orationes
1760 5292 2196 5345 recitavitmam
2253 5290 2475 5343 tertiam
2513 5287 2646 5341 dicit
2689 5300 2812 5339 esse
2853 5285 2958 5337 diei
2993 5285 3162 5352 tertii,
3197 5293 3250 5339 et
3278 5287 3358 5342 sic
3387 5287 3455 5342 de

209 5374 448 5443 reliquis.
479 5376 754 5448 Sequitur
778 5374 1188 5443 elegantissima
1229 5379 1426 5442 oratio,
1478 5396 1583 5448 qua
1615 5381 1911 5435 Christiani
1945 5379 2184 5434 hominis
2214 5377 2450 5432 formula
2495 5375 2734 5429 traditur
2767 5393 2778 5428 :
2806 5375 3043 5444 idipsum
3077 5391 3295 5444 quoque
3322 5393 3451 5445 pro-

208 5463 447 5523 ferturin
480 5469 624 5523 libro
657 5468 739 5522 De
777 5465 894 5518 vita
931 5465 1118 5528 Mosis,
1170 5485 1330 5537 quem
1356 5469 1652 5526 Latinitate
1677 5473 1898 5527 donavit
1937 5471 2357 5541 Trapezunlius.
2422 5467 2572 5520 Illam
2605 5483 2732 5523 vero
2759 5483 2820 5522 ex
2865 5482 3110 5522 seorsum
3161 5468 3392 5534 vulgatis
3421 5485 3449 5520 a

218 5553 498 5620 Francisco
533 5560 672 5616 Zino
701 5559 797 5613 hic.
830 5557 1203 5629 apposuimus,
1244 5562 1386 5616 sicut
1410 5572 1462 5621 ct
1489 5563 1894 5618 Catccheticam
1925 5564 2247 5626 orationem,
2276 5561 2566 5615 maximam
2601 5559 2940 5628 appellatalii,
2993 5573 3058 5610 ex
3091 5556 3452 5610 translaticnc
