3746 5994
285 122 357 178 59
1480 136 1535 191 S.
1578 135 1911 194 GllEGORll
1976 139 2262 196 NYSSENI
3523 135 3594 190 60

287 241 504 299 Herveti
532 261 546 309 ;
579 259 706 298 nam
748 262 873 302 cum
899 249 1013 318 jam
1043 250 1316 320 legeretur
1349 256 1560 310 reddita
1582 257 1778 314 Latine
1802 275 1899 331 per
1931 259 2157 316 Petrum
2187 260 2496 324 Morellum,
2525 257 2733 328 placuit
2761 265 2817 312 et
2843 255 2938 311 hic
2956 254 3280 311 versionem
3322 255 3593 310 nondum

287 337 559 393 hactenus
592 338 921 410 impressam
954 359 1282 414 pr0ponere.
1316 352 1393 406 lbi
1423 364 1626 419 autem,
1648 356 1889 410 maxime
1923 373 2041 428 cap.
2079 357 2146 412 57
2181 357 2351 411 multa
2391 356 2458 410 de
2491 355 2955 409 transmutatione
2996 348 3110 404 sive
3135 352 3593 407 transsubstan-

283 430 518 485 tiatione
548 429 822 488 Dominici
862 443 1115 507 corporis
1141 451 1195 497 et
1230 448 1514 515 sanguinis
1545 450 1914 518 adducuntur,
1944 459 1999 506 et
2026 467 2146 522 cap.
2178 451 2268 515 ’58,
2304 466 2364 506 se
2391 450 2514 505 aliis
2541 451 2596 503 in
2635 449 2771 504 locis
2801 449 2958 518 plura
2989 446 3055 501 de
3087 444 3468 501 Eucliaristia
3495 460 3596 500 ex-

283 526 536 589 posuisse
559 539 768 594 narrat,
794 536 939 601 quod
979 545 1156 593 tamen
1191 557 1298 596 non
1333 543 1407 597 ita
1441 544 1700 615 frequens
1727 555 1812 601 est
1842 549 1896 601 in
1939 549 2349 618 exemplaribus
2384 562 2505 617 qua:
2538 547 2702 614 vulgo
2737 545 3012 601 feruntur.
3045 543 3183 598 Huic
3221 544 3368 598 item
3415 541 3592 597 Cate-

282 618 494 672 cnetico
522 619 663 675 libro
694 623 798 693 (sic
825 630 970 682 enim
999 629 1297 701 Gregorius
1332 637 1448 704 ipse
1483 639 1718 706 appellat
1747 641 2076 708 saapissime)
2121 641 2264 694 sicut
2299 647 2354 694 et
2379 639 2454 693 illi
2480 639 2547 692 de
2576 637 2760 690 anima
2791 645 2844 691 et
2869 635 3297 691 resurrectione
3328 633 3594 702 disputa-

285 709 418 761 tioni
450 723 574 764 cum
601 727 794 768 sorore
830 714 1093 782 Macrina,
1127 723 1348 788 quidam
1383 723 1648 790 haeretici,
1677 728 1816 780 utin
1848 729 2127 797 plerisque
2151 736 2398 782 veterum
2437 725 2938 786 lucubrationibus,
2972 725 3237 794 dogmata
3272 722 3588 788 nonnulla,

281 805 558 874 praecipue
580 823 710 863 vero
741 809 994 881 Origenis
1019 814 1346 883 injecerunt,
1370 817 1677 889 Nicephoro
1703 829 1844 876 teste
1869 823 1962 876 lib.
2000 839 2060 886 ιι,
2093 837 2213 891 cap.
2249 820 2337 875 19.
2374 819 2478 874 Sed
2507 830 2561 874 et
2589 819 2860 873 immistas
2883 817 3204 886 hujusmodi
3236 815 3429 872 falsas
3465 817 3588 886 opi-

282 899 478 956 niones
507 901 887 963 demonstrare
914 907 1095 978 possis
1120 923 1186 962 ex
1218 923 1284 962 eo
1321 909 1466 978 quod
1500 911 1554 964 in
1583 909 1932 966 Catechetico
1964 927 2086 982 cap.
2122 911 2212 975 55,
2256 913 2402 965 circa
2437 911 2596 965 finem
2635 925 2701 963 ex
2729 910 3003 964 sententia
3044 907 3317 978 Origenis
3365 909 3590 978 reperi-

284 1001 397 1059 tur,
425 995 600 1066 longis
629 1005 751 1066 post
783 1001 1001 1054 saeculis
1028 998 1138 1056 Deo
1170 1016 1364 1070 puram
1393 1004 1826 1058 conservandam
1874 1012 2130 1058 naturam
2159 1013 2250 1057 :ct
2280 1002 2427 1072 quod
2470 1001 2599 1056 huic
2632 1001 2807 1055 errori
2840 1001 3185 1056 contrarium
3236 1000 3499 1054 habetur
3530 1001 3586 1055 in

284 1089 536 1143 oratione
566 1090 643 1143 De
667 1091 752 1145 die
780 1091 1102 1149 Nativitatis
1126 1095 1356 1160 Domini,
1378 1114 1500 1151 cum
1538 1099 1804 1154 scribitur
1833 1117 1846 1152 :
1881 1099 2037 1166 Quod
2069 1115 2161 1168 per
2188 1098 2639 1168 ,resurrectionem
2671 1098 2762 1166 qui
2786 1097 2924 1166 justi
2951 1105 3127 1159 erunt,
3165 1096 3244 1150 ad
3300 1097 3583 1152 caelestem

282 1180 508 1247 quietem
539 1185 784 1238 accedent
811 1189 939 1258 ;qui
969 1199 1147 1242 autem
1177 1193 1404 1258 peccatis
1437 1191 1677 1258 obnoxii,
1701 1194 1756 1247 in
1786 1195 2036 1264 gehennaz
2057 1197 2224 1264 ignem
2243 1193 2614 1257 detrudentur,
2651 1202 2760 1247 etc.
2795 1191 2908 1246 Nec
2929 1193 3076 1246 enim
3099 1195 3428 1263 pugnantia
3455 1201 3584 1247 tan-

286 1277 375 1324 tus
407 1270 490 1322 vir
517 1282 609 1325 aut
636 1276 806 1328 sensit
832 1279 1146 1333 autdocuit.
1183 1281 1250 1335 Et
1270 1291 1330 1336 ut
1353 1293 1546 1338 czetera
1577 1286 1768 1355 paucis
1790 1288 2239 1355 complectamur,
2271 1286 2375 1338 alia
2397 1284 2645 1354 quaedam
2668 1283 2929 1353 opuscula
2962 1285 3016 1338 in
3058 1285 3161 1339 hac
3194 1285 3459 1340 editione
3491 1299 3584 1339 ac-

282 1371 586 1425 cesserunt,
621 1364 881 1422 nimirum
913 1372 1193 1427 orationes
1225 1372 1300 1428 De
1330 1374 1578 1444 fugienda
1609 1377 2007 1445 fornicatione;
2058 1374 2125 1430 In
2175 1392 2264 1430 eos
2318 1375 2409 1445 qui
2449 1375 2707 1444 di/ferunt
2749 1375 3037 1443 baptisma,
3085 1386 3135 1430 et
3176 1378 3276 1447 qui
3310 1394 3460 1447 wgre
3502 1379 3581 1446 fc-

284 1461 407 1504 runt
429 1452 875 1522 reprehensiones,
914 1460 982 1513 ab
1011 1459 1246 1517 Herveto
1271 1465 1508 1533 primum
1548 1479 1850 1520 conversae.
1890 1465 1967 1519 De
1986 1465 2306 1519 Ascensione
2345 1480 2499 1527 vero,
2548 1472 2603 1518 et
2633 1465 2686 1517 in
2712 1462 3057 1519 Pcntecosten
3110 1481 3422 1521 sermones
3461 1467 3579 1535 jam

281 1541 408 1595 editi
445 1541 978 1602 circumferebantur
1011 1568 1022 1602 :
1065 1552 1212 1620 prior
1247 1554 1468 1622 quidem
1495 1557 1573 1609 'ex
1608 1554 1783 1608 Sifani
1818 1554 2091 1618 versione,
2137 1556 2280 1610 sicut
2321 1565 2376 1609 et
2410 1556 2670 1624 pleraque
2717 1553 2947 1624 Nysseni
2982 1557 3231 1625 scripta;
3291 1558 3395 1611 sed
3446 1559 3578 1627 quia

282 1628 418 1683 feria
455 1647 508 1684 tv
543 1641 667 1702 post
687 1635 1084 1694 Ascensiouem
1115 1642 1184 1697 de
1213 1643 1405 1696 eodem
1437 1659 1690 1699 sermone
1718 1661 1784 1700 ex
1817 1645 2178 1700 translatione
2209 1644 2326 1699 Zini
2359 1646 2557 1715 legitur
2590 1646 2646 1699 in
2682 1645 2955 1701 breviario
2987 1647 3245 1704 Romano
3295 1667 3484 1722 nuper
3511 1667 3578 1706 ex

280 1720 500 1777 decreto
520 1726 742 1779 concilii
772 1726 1363 1788 Tridentini-restituto
1383 1749 1400 1788 :
1424 1743 1714 1804 propterea
1746 1744 1800 1790 et
1833 1735 1979 1788 hunc
1999 1744 2054 1789 et
2083 1751 2444 1806 quoscunque
2473 1737 2712 1792 nancisci
2746 1739 3025 1806 potuimus
3056 1755 3119 1794 ex
3153 1741 3367 1796 eodem
3386 1720 3578 1799 inter-

283 1825 452 1884 prete,
477 1817 568 1886 qui
597 1817 664 1870 ab
696 1819 942 1876 Ecclesia
965 1825 1228 1892 probatus
1251 1840 1376 1881 esse
1405 1825 1703 1892 videretur,
1735 1827 1966 1881 selectos
1986 1826 2331 1893 excudimus,
2354 1836 2411 1880 ut
2443 1827 2518 1881 De
2537 1829 2852 1896 pauperibus
2885 1829 3154 1894 amandis,
3177 1830 3250 1886 In
3286 1835 3575 1888 mulierem

280 1910 646 1976 peccatricem,
672 1909 746 1963 De
772 1912 1183 1979 dormientibus,
1231 1924 1284 1971 et
1324 1916 1388 1970 de
1435 1917 1634 1972 Christi
1675 1919 1976 1984 nativitate,
2017 1918 2354 1988 ejusdemque
2403 1921 2808 1976 resurrectione.
2851 1920 3123 1976 Nonnulla
3170 1933 3455 1992 praeterea
3505 1943 3574 1982 ex

282 1997 515 2052 aliorum
556 2001 809 2058 versione
847 2018 1097 2060 seorsum
1142 2009 1357 2078 vulgata
1391 2010 1748 2076 inseruimus,
1787 2019 1846 2062 ut
1881 2010 2079 2064 librum
2103 2009 2181 2063 De
2227 2009 2540 2080 Virginitate
2564 2027 2594 2064 a
2624 2011 2785 2067 Petro
2814 2011 3091 2068 Galesinio
3124 2028 3573 2082 conversum,et

283 2086 466 2144 llomze
490 2091 630 2160 typis
661 2097 1040 2151 excusum:in
1067 2113 1178 2164 quo
1209 2100 1278 2155 de
1309 2100 1564 2170 virginali
1591 2100 1815 2166 virtute,
1847 2116 1954 2170 qua
1983 2116 2091 2154 una
2121 2101 2344 2170 reliquae
2382 2117 2575 2157 omnes
2589 2103 2965 2170 continentur,
2998 2106 3074 2158 ita
3100 2105 3367 2175 disputat
3403 2123 3571 2163 evan-

281 2181 466 2250 gelicae
495 2183 773 2241 doctrinae.
797 2189 1142 2259 majestatem
1176 2195 1574 2264 complectens,
1609 2204 1667 2248 ut
1700 2210 1808 2249 non
1839 2197 2015 2250 solum
2056 2211 2180 2249 cum
2213 2195 2415 2251 Stoicis
2447 2199 2514 2250 de
2539 2197 2790 2261 honesto,
2838 2213 3025 2252 verum
3063 2199 3235 2253 etiam
3271 2216 3412 2256 cum
3442 2203 3570 2257 reli-

280 2273 406 2344 quis
439 2275 684 2335 honestis
721 2282 1174 2354 philosophortrm
1221 2287 1532 2358 disciplinis
1573 2288 1832 2351 disserat,
1878 2289 2358 2358 patrociniumque
2407 2303 2594 2342 earum
2626 2290 2924 2354 actionum,
2987 2291 3041 2344 in
3071 2292 3288 2360 quibus
3340 2295 3568 2349 virtutis

281 2368 539 2436 splendor
578 2373 781 2439 elucet,
815 2379 1107 2448 suscipiat.
1155 2378 1242 2442 Et,
1287 2396 1356 2434 ne
1394 2381 1525 2449 qttid
1559 2381 1779 2434 silentio
1814 2380 2234 2448 praetermittere
2266 2387 2360 2432 aut
2394 2379 2749 2435 dissimulare
2779 2381 3082 2445 videamur,
3137 2384 3299 2452 quod
3345 2386 3440 2438 hic
3471 2387 3568 2438 ha-

280 2457 441 2513 betur
467 2460 794 2531 impressum
826 2468 1050 2522 nomine
1080 2467 1330 2539 Gregorii
1366 2469 1596 2539 Nysseni
1629 2469 1699 2523 ad
1728 2470 1949 2524 Petrum
1977 2471 2199 2538 fratrem
2243 2488 2421 2533 suum,
2475 2470 2552 2524 De
2581 2471 2880 2539 differentia
2913 2473 3236 2527 substantia:
3290 2485 3343 2529 et
3401 2476 3568 2544 hypo-
3625 2465 3628 2468 ’

279 2559 506 2618 staseos,
556 2554 700 2610 idem
730 2557 928 2627 legitur
957 2560 1097 2628 apud
1134 2559 1198 2613 D.
1236 2561 1501 2615 Basiliqu
1527 2562 1759 2631 epistola
1795 2563 1866 2616 45
1921 2564 1989 2615 ad
2023 2560 2334 2634 Gregorium
2389 2565 2616 2632 fratrem
2650 2562 2955 2633 Nyssenum
2993 2566 3334 2638 episcopum.
3397 2567 3566 2624 Vide-

279 2642 390 2698 rint
423 2643 698 2701 doctiores
722 2650 942 2703 cuinam
977 2651 1196 2704 illorum
1233 2651 1376 2706 hanc
1408 2651 1841 2721 disputationem
1877 2653 2183 2724 assignent.

351 2734 618 2790 Cmterum
650 2738 794 2794 inter
821 2748 1138 2795 sanctorum
1181 2739 1336 2797 Vitas
1384 2742 1452 2797 ab
1487 2743 1712 2814 Aloysio
1743 2743 1938 2799 Latine
1966 2759 2077 2798 non
2113 2745 2186 2796 ita
2241 2743 2450 2813 pridem
2489 2759 2553 2797 ex
2587 2742 2824 2798 diversis
2869 2742 3201 2801 auctoribus
3257 2747 3467 2809 editas,
3500 2756 3554 2802 et

279 2828 444 2882 modo
477 2845 574 2898 per
604 2832 848 2902 singulos
883 2835 1001 2890 dies
1032 2835 1300 2906 cujusque
1337 2839 1540 2892 mensis
1579 2852 1608 2890 a
1652 2837 1814 2892 Surio
1853 2838 2120 2908 digestas,
2176 2837 2352 2891 oratio
2399 2837 2671 2906 quaedam,
2716 2837 2804 2905 pia
2838 2847 2972 2891 sane
2995 2837 3158 2906 juxta
3205 2848 3264 2895 et
3309 2843 3557 2913 elegans,

278 2921 359 2976 De
400 2939 623 2979 occursu
663 2926 879 2980 Domini
907 2936 962 2984 et
988 2929 1065 2984 De
1093 2930 1189 2984 Dei
1215 2941 1453 3000 parente,
1486 2943 1642 3002 atque
1688 2932 1751 2987 de
1797 2932 1942 2998 iusto
1971 2931 2237 2994 Simeonc,
2289 2929 2538 3000 Gregorii
2585 2928 2818 3001 Nysseni
2853 2930 3071 2983 titulum
3130 2947 3250 3002 prie
3285 2949 3347 2991 se
3405 2936 3510 2990 fert
3544 2958 3555 2970 ι

279 3017 373 3072 sed
401 3023 658 3089 quoniam
690 3021 912 3078 Simeon
941 3024 1362 3094 Metapbrastcs,
1403 3029 1497 3097 qui
1533 3028 1772 3098 primum
1808 3027 2092 3097 dispersas
2121 3025 2309 3080 Graece
2339 3025 2657 3096 collegerat,
2683 3025 2899 3080 videtur
2933 3025 2989 3078 in
3041 3025 3148 3080 hac
3179 3032 3441 3084 nonnihil
3469 3039 3562 3084 aut

279 3109 621 3177 immutasse,
663 3116 939 3170 autetiam
973 3118 1181 3188 aliquid
1220 3120 1524 3187 addidisse,
1571 3121 1702 3175 dum
1736 3136 1836 3191 pro
1865 3136 1967 3175 suo
2001 3135 2156 3175 more
2189 3117 2472 3187 copiosius
2519 3116 2839 3186 explicavit,
2869 3131 2934 3169 ac
2970 3118 3345 3186 amplioribus
3377 3123 3556 3175 verbis

278 3207 555 3259 enarravit
586 3225 599 3261 :
630 3206 752 3262 ideo
790 3212 948 3278 quasi
989 3211 1132 3268 fetus
1175 3221 1320 3269 esset
1368 3215 1705 3284 illegitimus,
1762 3215 1904 3268 hanc
1953 3230 2077 3269 cum
2103 3227 2232 3267 vere
2269 3211 2467 3265 nativis
2525 3220 2675 3265 stare
2716 3209 3012 3263 noluimus.
3058 3207 3460 3267 Verumtamen
3513 3215 3558 3267 si

279 3297 404 3366 quis
435 3296 576 3353 forte
606 3313 766 3355 secus
797 3301 1027 3370 judicet,
1070 3305 1231 3359 habet
1254 3306 1496 3371 interim,
1536 3313 1686 3360 utne
1717 3306 1806 3359 bic
1842 3313 2148 3375 repetatur,
2207 3303 2340 3358 inibi
2369 3302 2514 3373 typis
2561 3301 2912 3369 impressam,
2968 3300 3118 3354 sicut
3158 3309 3215 3356 et
3261 3305 3553 3371 epistolam

277 3388 426 3443 illam
464 3390 532 3442 ad
568 3390 872 3462 Olympium
900 3396 1237 3460 monachum,
1271 3396 1347 3450 De
1373 3396 1481 3450 vita
1525 3396 1804 3452 Macrine.
1847 3397 2004 3464 Quod
2045 3413 2176 3453 vero
2201 3398 2438 3466 pertinet
2467 3394 2532 3448 ad
2575 3395 2830 3450 diversas
2863 3396 3239 3465 Quorumdam
3274 3397 3554 3450 librorum

277 3484 692 3554 inscriptiones,
728 3505 832 3545 nos
864 3498 923 3544 u-t
955 3492 1249 3561 plurimum
1281 3493 1338 3546 in
1371 3494 1620 3562 margine
1654 3494 1992 3560 notavimus,
2035 3501 2130 3548 aut
2159 3494 2215 3548 in
2245 3505 2475 3563 operum
2500 3489 2787 3560 Catatogo,
2835 3505 2999 3561 quem
3039 3491 3437 3562 subjiciemus,
3465 3492 3550 3545 in-

275 3576 606 3635 dicabitnus.

345 3673 739 3732 Desiderantur
772 3689 951 3734 autem
983 3689 1179 3750 praeter
1213 3681 1327 3735 haec
1361 3681 1464 3734 alia
1505 3679 1625 3750 ejus
1661 3678 1763 3733 viri
1799 3677 2132 3740 monimenta
2166 3683 2507 3745 temporum,
2545 3677 2630 3732 vel
2678 3677 2962 3732 hominum
2994 3677 3203 3748 injuria
3227 3679 3510 3750 deperdita
3531 3716 3547 3736 .

275 3775 370 3820 aut
394 3766 655 3822 hactenus
682 3769 734 3821 in
763 3770 940 3825 lucem
987 3770 1226 3824 nondum
1258 3772 1546 3841 evulgata;
1581 3784 1759 3838 neque
1787 3769 1932 3822 enim
1968 3767 2238 3836 reperitur
2272 3767 2432 3833 liber,
2465 3783 2624 3836 quem
2663 3769 2952 3838 scripsisse
2985 3781 3329 3826 memoratur
3361 3783 3547 3824 contra

273 3856 580 3920 Ablabium,
617 3859 690 3913 De
723 3859 930 3923 Patris,
966 3859 1117 3927 Filii,
1153 3870 1201 3915 et
1235 3861 1466 3929 Spiritus
1501 3861 1672 3913 sancti
1701 3857 2000 3922 divinitate,
2036 3857 2140 3912 nisi
2173 3857 2296 3927 quis
2329 3857 2480 3912 illum
2515 3874 2634 3914 esse
2668 3858 2809 3914 forte
2842 3861 3156 3930 suspicetur
3185 3880 3248 3917 cx
3286 3863 3488 3917 alliuita
3517 3882 3545 3915 e

274 3953 600 4021 argumenti,
623 3969 786 4024 quem
815 3955 884 4007 ad
905 3955 1184 4009 Abtabium
1217 3955 1385 4016 tnisit,
1407 3954 1558 4019 Quod
1588 3963 1688 4006 tres
1717 3953 1888 4005 dicere
1917 3951 2054 4005 Deos
2080 3967 2182 4003 non
2210 3961 2468 4019 oporteat,
2491 3967 2614 4024 pag.
2635 3953 2740 4007 447
2785 3955 2914 4008 tomi
2964 3954 3027 4017 Il,
3054 3957 3151 4011 sed
3178 3957 3332 4011 locus
3360 3965 3541 4010 tamen

272 4047 343 4101 ab
374 4046 664 4117 Eutltytnio
697 4050 937 4119 prolatus
972 4059 1125 4120 parte
1153 4067 1168 4103 ι
1223 4050 1308 4102 tit.
1338 4049 1374 4101 2
1431 4047 1656 4114 Panopl.
1688 4045 1741 4098 in
1774 4059 1840 4100 eo
1861 4045 2086 4099 minime
2115 4045 2402 4110 reperitur.

340 4134 580 4192 Necdum
616 4139 934 4209 prodierunt
960 4141 1014 4194 in
1046 4140 1223 4195 lucem
1260 4137 1639 4194 Commentarii
1670 4137 1725 4190 in
1752 4135 2049 4204 Epistulam
2073 4134 2141 4188 D.
2175 4133 2336 4188 Pauli
2362 4134 2431 4187 ad
2460 4133 2840 4204 Philippenses,
2867 4151 3027 4206 quos,
3061 4145 3121 4191 ut
3143 4137 3332 4193 docuit
3357 4137 3540 4193 Sixtus

273 4226 554 4298 Senensis,
591 4240 784 4286 auctor
813 4230 1153 4286 Bibliothecte
1191 4239 1422 4295 sanctae,
1453 4228 1692 4301 Cyrillus
1725 4229 1858 4283 citat
1889 4227 2117 4282 in‘libro
2153 4225 2222 4278 ad
2255 4224 2535 4292 Evoptium
2567 4226 2789 4294 fratrem
2823 4238 3010 4282 contra
3041 4229 3448 4283 Theodoretum.
3481 4228 3535 4281 Ιιι

271 4321 430 4389 cujus
463 4323 587 4378 libri
636 4325 742 4380 fine
773 4326 853 4380 sic
881 4327 1118 4396 legitur:
1155 4325 1221 4379 D.
1251 4323 1491 4393 Gregorii
1525 4323 1752 4391 episcopi
1779 4322 1834 4374 in
1869 4320 2160 4389 Epistotam
2195 4319 2263 4371 ad
2295 4317 2656 4386 Philippenses
2680 4334 2700 4374 :
2740 4319 2898 4389 cujus
2952 4319 3318 4390 fragmentum
3346 4339 3358 4374 :
3400 4319 3538 4376 Hor.

272 4418 469 4489 inquit,
499 4417 742 4484 sapiatur
762 4419 900 4486 quod
930 4427 1007 4472 est
1033 4419 1089 4471 in
1119 4415 1330 4472 Christo
1361 4415 1512 4482 Iesu,
1551 4433 1568 4466 t
1594 4415 1682 4484 qui
1713 4429 1832 4466 cum
1865 4412 1922 4465 in
1951 4412 2126 4481 forma
2168 4409 2260 4464 Dei
2280 4419 2434 4472 esset,
2475 4427 2578 4464 non
2612 4411 2854 4479 rapinam
2887 4411 3181 4467 arbitratus
3209 4422 3287 4467 est
3322 4429 3433 4467 esse
3483 4428 3537 4464 se

271 4511 524 4581 wqualem
555 4509 687 4575 Deo,
709 4512 801 4566 sed
823 4513 1152 4580 semetipsum
1174 4512 1482 4575 exinanivit,
1507 4510 1735 4580 formam
1760 4507 1896 4562 servi
1914 4506 2224 4576 suscipiens.
2247 4525 2265 4556 ι
2291 4506 2432 4571 Quid
2452 4506 2730 4575 pauperius
2757 4509 2810 4560 in
2838 4506 2962 4572 Deo,
2982 4525 3138 4578 quam
3166 4509 3341 4578 forma
3365 4507 3536 4560 servi?

274 4603 417 4669 Quid
449 4603 700 4658 humilius
729 4605 782 4658 in
808 4620 923 4674 rege
952 4613 1278 4668 cunctorum,
1305 4619 1462 4674 quam
1485 4601 1553 4654 ad
1577 4601 1991 4654 communionem
2014 4599 2261 4668 pauperis
2289 4607 2484 4651 nostra:
2503 4608 2710 4651 natura:
2733 4611 2915 4666 sponte
2943 4602 3115 4655 venire
3135 4604 3161 4657 ?
3199 4601 3311 4655 Rea:
3357 4615 3532 4668 regum

271 4705 321 4748 et
354 4694 614 4750 Dominus
645 4697 1035 4750 dominantium
1064 4695 1305 4749 induitur
1339 4695 1513 4764 forma
1544 4695 1712 4758 serui;
1741 4693 1910 4762 judex
1944 4693 2179 4746 omnium
2213 4691 2275 4760 ﬁt
2305 4689 2546 4744 subditus
2579 4691 2924 4758 potestatibus
2955 4703 3235 4756 creaturw,
3277 4691 3530 4746 Dominus

275 4797 329 4849 in
361 4790 608 4858 spelunca
638 4789 886 4859 ponitur:
929 4787 1023 4855 qui
1051 4786 1228 4840 omnia
1256 4787 1508 4850 continet,
1535 4785 1591 4838 in
1612 4784 1904 4838 diversorio
1929 4799 2033 4836 non
2055 4781 2249 4836 invenit
2279 4783 2472 4844 locum,
2504 4780 2593 4833 sed
2625 4783 2680 4833 in
2707 4796 2936 4849 praesepe
2962 4784 3247 4853 projicitur
3267 4783 3532 4852 jumento-

275 4905 430 4951 rum;
457 4886 683 4940 mundus
712 4893 761 4939 et
796 4881 1172 4937 immaculatus
1195 4881 1374 4935 sordes
1401 4881 1629 4950 suscepit
1656 4881 1901 4934 humanm
1930 4888 2154 4941 naturae,
2186 4885 2235 4928 et
2264 4889 2355 4942 per
2382 4877 2559 4928 omnia
2585 4885 2948 4945 paupertatem
2981 4889 3219 4932 nostram
3252 4875 3527 4930 transiens,

273 4998 435 5052 usque
461 4982 531 5035 ad
552 4982 736 5034 mortis
761 4979 897 5034 venit
914 4979 1345 5048 experimentum.
1373 4976 1717 5032 Considerate
1739 4975 2068 5046 paupertatis
2093 4982 2394 5042 spontanee:
2417 4988 2738 5036 mensuram,
2763 4972 2869 5024 vita
2900 4981 3117 5026 mortem
3143 4977 3341 5064 gustat,
3365 4963 3530 5064 judex

273 5075 550 5129 deducitur
579 5073 948 5142 adjudicium,
980 5073 1100 5126 vitae
1135 5073 1369 5126 omnium
1401 5073 1768 5127 exsistentium
1793 5070 2051 5124 Dominus
2083 5065 2326 5120 subditur
2345 5066 2613 5119 sententia
2635 5063 2954 5133 judicantis,
2984 5078 3077 5116 rex
3105 5058 3334 5157 omnium
3367 5062 3527 5157 mrtuo

239 5189 250 5197 ·
276 5180 409 5231 tum,
445 5185 561 5239 qua!
588 5172 732 5222 ultra
765 5167 1018 5222 mundum
1043 5179 1183 5234 sunt,
1213 5168 1595 5236 spiculatorum
1625 5184 1729 5220 non
1751 5166 1948 5234 respuit
1977 5178 2183 5215 manus.
2222 5159 2498 5214 Hactenus
2526 5155 2820 5228 Gregorius
2843 5155 3132 5251 episcopus
3154 5171 3165 5205 :
3189 5163 3286 5251 .qul

275 5233 489 5312 videtur
521 5273 643 5312 esse
669 5256 950 5328 Nyssenus
983 5268 1191 5322 nostcr,
1225 5274 1348 5312 cum
1382 5256 1758 5312 Nazianzenus
1789 5271 1888 5310 nec
1923 5256 1978 5309 in
2015 5255 2156 5307 hanc
2188 5252 2500 5322 epistolam,
2532 5265 2634 5304 nec
2667 5250 2720 5302 in
2756 5249 2991 5318 aliquem
3021 5244 3232 5300 Veteris
3271 5247 3363 5291 aut
3393 5233 3521 5328 Novt

275 5348 608 5402 Tcstamenti
630 5327 826 5402 librum
846 5365 911 5404 ex
937 5351 1182 5419 professo
1213 5351 1502 5420 scripsisse
1523 5357 1874 5403 metueretur.
1909 5349 1964 5399 ln
1999 5345 2268 5415 principio
2297 5343 2562 5397 orationis
2595 5342 2784 5411 prima:
2815 5340 2892 5393 De
2921 5335 3232 5408 pauperibus
3263 5327 3524 5390 amandw,

276 5438 368 5492 ubi
400 5437 690 5494 scribitur:
711 5439 973 5505 Quoniam
995 5440 1196 5494 duobus
1229 5440 1586 5509 superioribus
1611 5439 1792 5493 diebus
1811 5437 2152 5506 cupiditatem
2175 5435 2325 5488 illam
2347 5451 2463 5504 quae
2484 5434 2620 5505 gula:
2641 5434 2936 5502 ventrisque
2964 5426 3525 5522 voluptatem-sectatur

278 5529 670 5602 castigavimus,
700 5531 762 5586 de
794 5533 1022 5602 ipsisque
1055 5533 1224 5586 multa
1254 5531 1512 5599 diximus,
1549 5541 1674 5595 ete.,
1699 5530 1906 5585 clarum
1934 5543 2018 5587 est
2051 5529 2228 5600 ipsum
2263 5527 2584 5599 Gregorium
2619 5524 2685 5581 de
2724 5524 2827 5579 hac
2869 5539 2927 5579 re
2958 5522 3232 5578 orationes
3277 5513 3524 5570 habuisse
