3768 6000
198 182 261 236 61

1361 188 1431 248 IN
1469 192 1945 250 HEXAEMERON
1987 195 2216 251 LIBER.

3392 199 3464 253 6‘2

194 294 266 345 ad
292 293 559 365 populum
593 313 717 368 quae
742 313 856 370 1am
887 316 998 358 non
1028 304 1399 375 reperiuntur,
1434 309 1579 366 sicut
1607 327 1709 367 nec
1738 313 1843 366 alia
1874 313 2053 383 plura,
2086 329 2211 384 quas
2239 313 2461 384 scripsit
2490 314 2728 372 maxime
2789 316 3041 372 adversus
3077 317 3461 386 Eunomianoa,

196 386 425 481 Ariona:
452 396 507 443 et
530 392 778 481 reliquos
809 394 958 451 illius
986 400 1330 468 tempestatis
1362 401 1670 469 han-elices,
1693 419 1817 461 cum
1849 405 2052 474 quibus
2084 407 2268 461 animo
2303 406 2539 461 infracto
2568 422 2668 476 pro
2703 408 2931 463 veritate
2960 410 3231 465 catholica
3261 427 3465 481 propu-

194 472 399 573 gnavit,
428 486 488 531 ut
525 479 729 535 indicat
755 480 1134 542 Theodoretus
1156 488 1255 544 lib.
1288 505 1360 554 tv,
1387 504 1510 561 cap.
1537 489 1631 556 28,
1652 499 1709 545 et
1728 505 1758 545 a
1781 472 1981 563 quibus
2010 503 2233 565 propter
2254 495 2413 551 [idem
2442 472 2617 566 patria
2642 500 2835 568 pulsus
2869 500 2923 554 in
2954 501 3231 567 exsilium,
3262 472 3466 573 ubique

191 568 679 662 multasustinuit,
713 585 772 629 ut
818 578 1045 645 ipsemet
1074 581 1129 635 in
1166 581 1288 636 Vita
1317 582 1579 639 Macrino:
1616 584 1801 641 refert.
1833 585 1937 640 Sed
1973 587 2091 643 haec
2122 603 2244 658 quae
2279 589 2368 643 hic
2396 588 2546 643 brevi
2578 593 2806 659 repetita
2838 600 2986 657 sunt,
3018 591 3171 646 licuit
3196 608 3261 647 ex
3294 568 3468 662 ipsius

193 660 419 730 scriptis
438 660 776 735 Patrumque
797 666 1042 726 historiis
1080 672 1310 727 collecta
1340 674 1394 728 in
1430 674 1668 730 medium
1700 690 2026 746 proponere,
2049 686 2110 732 ut
2136 679 2183 733 si
2205 680 2333 749 quis
2355 681 2782 751 pervestiganda:
2813 683 3157 753 antiquitatis
3185 660 3467 739 studiosus

194 755 514 825 hujusmodi
545 757 813 816 librorum
836 760 1127 821 thesauros
1159 767 1415 837 reperiat,
1447 782 1545 824 eos
1577 768 1794 824 tandem
1824 768 2097 836 extrahat,
2128 778 2183 825 et
2213 771 2281 826 ad
2317 772 2588 843 publicam
2619 774 2906 830 utilitatem
2942 776 2996 832 in
3013 786 3255 846 apertam
3289 775 3465 831 lucem

193 849 433 904 emittat.

1015 1085 1326 1094 -——-—~

1329 1089 1792 1099 ____.._____...__
1815 1094 1913 1101 ..__
1929 1095 2374 1103 _._._._---_--__.--
2397 1098 2432 1102 ,_
2459 1097 2770 1104 ._---__....___-..
2791 1099 3047 1105 ____~--_.
3071 1102 3082 1104 ..
3111 1099 3413 1108 .-κ-...η

935 1235 1163 1322 ΤΟΥ
1239 1238 1385 1323 ΕΝ
1440 1238 1804 1324 ΑΓΙΟΙΣ

1250 1430 2411 1572 ΓΡΗΓΟΡΙΟΥ

1467 1663 1872 1721 ΕΠΙΣΚΟΠΟΥ
1907 1668 2201 1734 ΝΥΣΣΗΣ,

297 1826 1194 1923 ΑΠΟΛΟΓΗΤΙΚΟΣ
1266 1834 1557 1921 ΠΡΟΣ
1594 1836 2045 1926 ΠΕΤΡΟΝ
2081 1840 2310 1928 TON
2345 1833 2875 1930 ΑΔΕΛΦΟΝ
2948 1837 3356 1938 ΑΥΤΟΥ,

949 2027 1307 2142 ΠΕΡΙ
1378 2031 1680 2147 ΤΗΣ
1737 2020 2715 2151 ΕΞΑΗΜΕΡΟΥ.

1904 1238 2339 1326 ΠΑΤΡΟΣ
2415 1239 2744 1329 ΗΜΩΝ

957 2417 1117 2573 S.
1237 2425 1441 2577 P.
1522 2422 1709 2574 Ν.

1971 2419 2744 2578 REGORII

1543 2681 1854 2742 EPISCOPI
1878 2684 2178 2743 NYSSENI

323 2854 1077 2950 EXPLICATIO
1126 2853 1966 2951 APOLOGETICA
2004 2858 2155 2949 AD
2209 2860 2702 2953 PETRUM
2746 2860 3352 2967 FRATREM,

1218 3072 1366 3183 IN
1448 3074 2468 3196 HEXAEMERON.
2538 3186 2549 3201 ,

1157 3289 1378 3342 PETRO
1422 3290 1803 3344 FRANCISCO
1858 3292 2029 3344 ΖΙΝΟ
2074 3294 2532 3349 INTERPRETE.

808 3649 1212 3704 ΠΡΟΟΙΜΙΟΝ.

277 3769 458 3824 ταῦτα
481 3767 692 3830 ποιεῖς,
736 3758 784 3819 ὦ
821 3763 1075 3837 ἄνθρωπε
1103 3762 1200 3816 τοῦ
1233 3761 1401 3826 Θεοῦ;
1453 3761 1801 3832 κατατολμᾷν

215 3862 355 3934 ἡμᾶς
383 3860 491 3915 τῶν
522 3858 858 3929 ἀτολμήτων
880 3855 1317 3926 ἐγκελευόμενος,
1359 3857 1454 3909 καὶ
1482 3855 1802 3927 πράγμασιν

216 3955 473 4023 ἰγχειρεῖν
503 3949 818 4013 τοιούτοις,
869 3938 945 4001 ὧν
997 3947 1059 4001 οὐ
1107 3946 1170 3999 τὸ
1218 3949 1400 4017 τυχεῖν
1449 3945 1610 4017 μόνον
1654 3946 1804 3999 ἐστὶν

218 4045 487 4114 ἀμήχανον
505 4083 522 4107 ,
570 4040 718 4096 ἀλλὰ
751 4038 874 4092 οὐδὲ
919 4036 981 4091 τὸ
1028 4038 1370 4109 ἐγχειρῆσαι.
1415 4036 1559 4091 κατά
1602 4053 1667 4106 γε
1713 4037 1803 4091 τὸν

220 4136 342 4204 ἐμὸν
380 4135 563 4202 λόγον.
608 4130 985 4200 ἀνέγκλητον;
1036 4129 1158 4181 Τῶν
1194 4129 1303 4198 γὰρ
1334 4128 1474 4182 κατὰ
1504 4127 1653 4181 Θείαν
1680 4128 1803 4181 ἐπί-

221 4245 400 4285 πνοιαν
421 4230 482 4281 ἐν
509 4229 581 4297 τῇ
611 4223 954 4293 κοσμογονίᾳ
978 4220 1447 4291 φιλοσοφηθέντων
1472 4220 1550 4291 τῷ
1581 4219 1802 4291 μεγάλῳ

218 4319 401 4389 Μωσῇ,
452 4318 524 4373 τὰ
581 4315 852 4370 δοκοῦντα
900 4313 1041 4366 κατὰ
1101 4313 1203 4383 τὴν
1234 4312 1521 4383 πρόχειρον
1560 4309 1669 4364 τῶν
1713 4327 1807 4380 γε·-

220 4411 548 4481 γραμμένων
599 4406 917 4479 σημασίαν,
962 4403 1294 4467 ὑπεναντίως
1338 4402 1502 4473 ἔχειν,
1538 4401 1807 4468 ἐπέταξας

219 4501 342 4569 ἡμῖν
372 4500 464 4553 διά
492 4514 648 4560 τινος
683 4493 981 4549 ἀκολούθου
1026 4492 1265 4555 διανοίας
1306 4493 1387 4555 εἰς
1430 4489 1621 4562 εἱρμὸν
1666 4490 1806 4557 ἀγα-

218 4590 328 4656 γεῖν
352 4627 368 4653 ,
411 4589 513 4643 καὶ
565 4582 973 4656 συμφωνοῦσαν
1000 4582 1137 4653 πρὸς
1167 4580 1366 4652 ἑαυτὴν
1395 4580 1676 4646 ἀποδεῖξαι
1703 4579 1805 4652 τὴν

220 4678 371 4746 ἁγίαν
416 4679 655 4752 Γραφήν
678 4691 694 4706 ο
752 4674 849 4728 καὶ
892 4672 1062 4726 ταῦτα
1113 4659 1254 4742 μετὰ
1297 4672 1396 4741 τὴν
1447 4669 1807 4724 θεόπνευστον

221 4770 422 4838 ἐκείνην
467 4767 569 4821 τοῦ
619 4763 832 4834 πατρὸς
864 4762 1021 4834 ἡμῶν
1063 4765 1143 4825 εἰς
1186 4761 1246 4815 τὸ
1278 4760 1638 4831 προκείμενον
1674 4758 1808 4813 θεω-

224 4860 369 4930 ρίαν,
401 4860 471 4932 ἥν
516 4859 570 4912 οί
608 4856 912 4924 ἐγνωκότες
946 4855 1146 4914 πάντες
1167 4894 1183 4919 ,
1232 4851 1382 4906 οὐδὲν
1425 4851 1646 4907 ἔλαττον
1696 4850 1806 4905 τῶν

224 4953 361 5021 αὐτῷ
384 4953 602 5021 Μωῦσῇ
637 4948 976 5017 πεφιλοσοφη
987 4949 1164 5016 μένων
1192 4944 1563 5016 θαυμάζουσιν
1581 4960 1597 4975 ο
1630 4937 1691 4997 εὖ
1714 4943 1807 4997 καὶ

224 5043 455 5107 εἰκότως.
490 5039 681 5113 οἶμαι,
709 5041 870 5093 τοῦτο
898 5038 1197 5103 ποιοῦντες.
1236 5040 1334 5091 “Ov
1363 5037 1472 5108 γὰρ
1502 5036 1616 5107 ἔχει
1648 5035 1808 5105 λόγον

226 5133 350 5203 πρὸς
396 5134 491 5188 τὸν
544 5133 756 5187 κόκκον
801 5131 831 5183 ὁ
877 5130 1116 5201 ἄσταχυς
1142 5171 1157 5195 ,
1206 5131 1298 5182 καὶ
1340 5128 1399 5194 ἐξ
1448 5128 1658 5183 ἐκείνου
1708 5125 1804 5191 ὢν,

228 5225 434 5278 κάκεῖνο
463 5226 541 5297 μὴ
562 5225 671 5292 ὢν,
713 5220 913 5290 μᾶλλον
942 5221 999 5272 δὲ
1025 5222 1202 5274 ἐκεῖνο
1235 5219 1334 5290 μὲν
1361 5219 1437 5272 ὢν
1459 5221 1524 5289 τῇ
1551 5218 1803 5288 δυνάμει,

1826 3660 1873 3714 Δ

2483 3651 2902 3710 ΡΜΟΕΜιυΜ.

1971 3764 2113 3831 Quid
2160 3765 2300 3834 agis,
2349 3763 2515 3821 homo
2537 3765 2672 3822 Dei?
2697 3780 2798 3822 cur
2824 3781 2890 3822 ea
2918 3780 3020 3822 nos
3047 3780 3168 3836 quae
3200 3765 3349 3824 vires
3377 3768 3484 3824 hu-

1900 3871 2093 3911 manas
2122 3864 2386 3928 superant
2415 3858 2673 3929 aggredi,
2713 3864 2769 3914 et
2815 3873 2958 3914 onus
2998 3859 3143 3928 quod
3174 3874 3282 3913 non
3323 3862 3486 3915 modo

1905 3948 2196 4010 sustineri,
2241 3948 2335 4004 sed
2386 3963 2456 4003 ne
2501 3949 2711 4019 suscipi
2757 3949 3001 4020 quidem,
3051 3956 3112 4004 ut
3139 3963 3241 4020 ego
3277 3953 3483 4012 sentio,

1909 4037 2030 4092 sine
2055 4038 2483 4109 reprehensione
2509 4044 2712 4107 potest,
2745 4038 2934 4094 subire
2965 4039 3169 4108 iubes?
3212 4040 3310 4096 Vis
3338 4043 3485 4097 enim

1888 4140 1964 4184 ιιι
1998 4144 2121 4198 qua:
2146 4130 2357 4184 cmlesti
2382 4128 2608 4185 numine
2654 4128 2869 4184 alliatus
2900 4129 2968 4184 de
2998 4128 3191 4183 mundi
3224 4144 3488 4199 procrea-

1840 5009 1880 5063 Β

1905 4217 2055 4273 tione
2084 4232 2317 4288 magnus
2354 4216 2536 4274 Moses
2595 4217 2839 4287 prodidit
2871 4217 3247 4273 monumentis
3275 4218 3486 4274 littera-

1904 4322 2049 4370 rum,
2073 4322 2199 4380 qua).
2218 4321 2395 4379 primo
2413 4306 2631 4378 quidem
2664 4315 2890 4374 aspectu
2932 4306 3078 4362 inter
3101 4323 3162 4363 se
3206 4309 3487 4364 contraria

1904 4396 2181 4462 videntur,
2230 4396 2427 4453 ordine
2486 4395 2724 4467 quodam
2773 4395 3064 4466 disponam
3125 4406 3487 4469 sanctamque

1909 4487 2249 4558 Scripturam
2280 4488 2388 4544 sibi
2405 4488 2509 4559 ipsi
2541 4487 2976 4543 consentientem
3024 4503 3092 4545 ac
3134 4498 3485 4546 constantem

1907 4593 2031 4635 esse
2066 4579 2475 4644 demonstrem;
2500 4578 2667 4649 idque
2698 4586 2824 4650 post
2852 4578 3099 4634 divinam
3132 4581 3282 4635 illam
3311 4581 3487 4651 patris

1907 4670 2080 4727 nostri
2110 4671 2167 4725 in
2200 4670 2745 4742 idem'argumentum
2766 4673 3285 4727 commentationem
3320 4686 3486 4741 quam

1907 4763 2000 4835 qui
2029 4764 2297 4834 legerunt,
2323 4779 2433 4818 non
2469 4763 2652 4820 minus
2677 4778 2842 4833 Quam
2871 4777 2935 4818 ea
2966 4778 3091 4834 quae
3120 4763 3189 4817 ab
3224 4762 3344 4831 ipso
3366 4760 3484 4813 Mo-

1909 4870 1969 4910 se
1994 4855 2299 4925 perscripta
2327 4860 2479 4921 sunt,
2511 4868 2705 4909 omnes
2745 4853 3126 4931 admirantur:
3167 4858 3222 4904 et
3268 4850 3483 4915 merito,

1911 4961 2029 5002 mea
2058 4946 2280 5016 quidem
2320 4947 2615 5002 sententia.
2648 4943 2784 4999 Nam
2805 4959 2970 5014 quam
3000 4942 3270 4997 rationem
3320 4940 3490 4994 habet

1912 5052 2036 5092 cum
2080 5052 2252 5108 grano
2304 5036 2454 5106 spica
2483 5044 2680 5107 quaeet
2714 5052 2779 5092 ex
2810 5036 2902 5090 illo
2926 5032 3196 5103 provenit,
3248 5040 3303 5086 et
3351 5031 3486 5085 illud

1915 5145 2023 5185 non
2079 5137 2202 5195 est;
2256 5129 2341 5183 vel
2390 5129 2573 5198 potius
2616 5143 2759 5197 quae,
2800 5140 2926 5180 cum
2970 5122 3105 5178 illud
3156 5124 3334 5193 ipsum
3365 5137 3489 5177 esse

1912 5220 2110 5289 possit,
2146 5217 2522 5289 magnitudine
2545 5224 2729 5271 tamen
2756 5216 2825 5270 ab
2839 5229 2927 5277 eo,
2966 5225 3020 5270 et
3048 5212 3489 5284 pulchritudine,

228 5316 685 5387 παρηλλαγμένος
720 5313 779 5365 δὲ
812 5311 1053 5382 μεγέθει,
1088 5313 1183 5366 καὶ
1217 5311 1403 5367 κάλλει
1439 5312 1531 5364 καὶ
1564 5311 1801 5380 ποικιλίᾳ

1995 5309 2182 5364 formae
2224 5307 2408 5363 dill’ert
2426 5308 2720 5370 varietate,
2766 5304 3012 5360 eamdem
3068 5305 3339 5358 rationem
3383 5301 3484 5355 ha-

228 5406 314 5459 καὶ
346 5408 590 5478 σχήματι
612 5420 627 5434 θ
677 5403 775 5457 τὸν
810 5402 973 5456 αὐτὸν
1004 5404 1146 5458 εἴποι
1178 5420 1264 5468 τις
1288 5402 1355 5456 ἂν
1384 5402 1600 5473 ἐπέχειν
1626 5401 1803 5469 λόγον,

1916 5399 2044 5454 bere
2083 5398 2237 5453 dicas
2299 5412 2426 5452 cum
2472 5397 2721 5451 oratione
2755 5395 2936 5466 magni
2975 5393 3165 5457 Mosis,
3199 5407 3261 5447 ea
3298 5406 3420 5461 quae
3455 5404 3491 5445 a

231 5493 356 5564 πρὸς
385 5498 484 5565 τὴν
503 5494 602 5549 τοῦ
635 5491 882 5562 μεγάλου
911 5493 1184 5556 Μωῡσέως
1211 5491 1511 5562 φωνὴν,ιτὰ
1539 5490 1690 5558 παρὰ
1711 5489 1801 5543 τοῦ

1977 5501 2116 5558 agno
2143 5486 2347 5541 Basilio
2380 5486 2727 5540 accuratiore
2754 5484 2941 5539 studio
2990 5490 3120 5539 sunt
3168 5480 3485 5535 elaborata:

237 5586 461 5656 μεγάλου
513 5583 814 5645 Βασιλείου
857 5582 943 5636 διὰ
981 5582 1413 5654 φιλοπονωτέρας
1454 5581 1687 5654 θεωρίας
1726 5580 1814 5648 ἐξ·

1917 5580 2119 5637 etenim
2173 5593 2296 5650 quae
2341 5576 2535 5648 paucis
2583 5576 2675 5633 ille
2718 5574 2905 5633 verbis
2960 5573 3282 5644 complexus
3313 5572 3400 5624 est
3434 5572 3495 5621 et
