3768 6000
287 201 396 262 63,
1526 200 1583 255 S.
1626 197 1960 257 GREGOI‘JI
2019 199 2312 258 NYSSENI
3028 188 3048 195 ³
3483 195 3567 252 64

289 310 604 383 explicavit,
633 325 699 366 ea
749 310 943 365 doctor
982 317 1173 367 noster
1226 310 1451 366 sublimi
1512 312 1777 383 philosopl

2080 314 2300 369 ισθέντα
2316 315 2580 387 νοήματα·
2607 313 2643 368 ἃ
2667 311 2775 383 γὰρ
2790 311 2996 374 ἐκεῖνος
3014 302 3167 363 εἴπεν
3185 307 3243 361 ὲν
3263 305 3466 375 ὀλίγοις
3495 322 3568 359 τε

289 404 371 458 sic
390 402 616 457 adauxit
646 410 703 456 et
731 403 1053 465 cumulavit,
1087 412 1146 455 ut
1178 418 1284 457 non
1316 404 1547 472 spicam,
1576 404 1671 459 sed
1699 405 1863 458 arbo-

290 509 403 548 rem
424 492 689 555 eﬂ‘ecerit,
726 493 794 546 ad
817 493 1236 546 similitudinem
1272 493 1431 564 grani
1466 493 1697 563 sinapis,
1716 493 1864 563 quod

290 598 460 654 regno
512 583 777 637 cmlorum
837 594 1211 654 comparatum
1270 592 1374 640 est.
1431 584 1487 639 In
1543 585 1864 654 accipientis

290 675 435 727 enim
472 674 656 728 animo
684 675 962 729 excultum
1016 676 1186 730 arbor
1223 675 1300 741 lit,
1358 676 1866 746 cogitationumque

294 763 668 833 magnitudine
713 764 954 834 undique
1015 766 1294 829 dilatatur,
1327 774 1382 821 et
1429 782 1705 823 ramorum
1744 768 1865 822 loco

294 855 580 925 przeceptis
646 864 701 910 et
760 857 1031 913 institutis
1077 857 1428 927 expanditur,
1478 859 1867 929 propositoque

293 944 509 1013 pietatis
564 944 670 999 line
726 946 810 1000 sic
858 945 1080 1001 ell‘ertur
1119 948 1174 1001 in
1223 948 1480 1012 sublime,
1529 956 1589 1001 ut
1637 950 1868 1018 excelsa:

290 1034 456 1088 etiam
484 1035 717 1105 altaque
747 1043 984 1103 mentes,
1025 1053 1145 1106 qua:
1179 1038 1433 1093 volucres
1487 1040 1615 1093 cmli
1660 1054 1864 1094 vocan-

293 1131 382 1178 tur
406 1125 461 1178 in
523 1124 837 1198 Evangelia,
887 1129 991 1182 sub
1039 1128 1227 1184 talium
1272 1144 1554 1184 ramorum
1588 1133 1866 1202 magnitu-

292 1216 419 1269 dine
444 1226 644 1290 queant
673 1217 833 1273 nidos
871 1226 1196 1275 construere
1232 1220 1273 1273 ⁸.
1319 1218 1695 1285 Quaestionqu
1719 1221 1864 1276 enim

291 1306 603 1374 explanatio
633 1316 717 1363 est
743 1309 909 1362 animi
948 1310 1169 1379 quidam
1209 1310 1373 1365 veluti
1427 1310 1608 1377 nidus,
1656 1312 1712 1365 in
1756 1327 1866 1381 quo

293 1413 451 1452 mens
474 1398 717 1453 instabili
747 1400 1120 1456 sollicitudine
1144 1402 1465 1471 sciendique
1498 1404 1701 1467 studio,
1746 1414 1867 1457 tan-

293 1502 457 1557 quam
504 1490 793 1560 multiplici
832 1493 1046 1548 volatus
1086 1508 1297 1559 errore,
1326 1494 1470 1549 fessa
1503 1496 1864 1564 conquiescit.

293 1579 542 1644 Quonam
577 1581 742 1651 igitur
770 1590 932 1652 pacto
976 1583 1068 1637 tali
1097 1592 1370 1655 tantaeque
1418 1602 1733 1641 sermonum
1773 1601 1866 1640 ar—

1969 407 2063 458 καὶ
2082 406 2544 478 εὐπεριγράπτοις
2570 407 2682 468 τοῖς
2706 405 2931 475 ῥήμασι,
2947 397 3217 455 ταῦταδιά
3230 399 3327 469 τῆς
3342 397 3567 469 ὑψηλῆς

1970 496 2289 565 φιλοσοφίας
2337 498 2367 549 ὁ
2403 493 2716 557 διδάσκαλος
2746 492 2907 564 ἡμῶν
2939 491 3201 560 αὐξήσας,
3232 486 3356 559 οὐχὶ
3380 486 3565 542 ἀστα-

1970 604 2088 658 χυν,
2122 587 2260 641 ἀλλὰ
2305 586 2521 658 δένδρον
2564 586 2786 656 ἐποίησε
2817 584 2957 637 κατὰ
2987 583 3081 635 τὸν
3113 579 3454 651 ὁμοιωθέντα
3484 580 3563 649 τῇ

1972 678 2217 749 βασιλείᾳ
2242 676 2337 731 τοῦ
2369 676 2642 736 σινάπεως
2670 675 2892 737 κόκκον,
2921 672 3014 726 τὸν
3042 675 3100 726 ὲν
3128 674 3194 742 τῇ
3226 670 3429 742 καρδια
3455 670 3563 723 τοῦ

1970 763 2688 837 γεωργοῦντοςάποδενδρού
2698 781 2879 835 μενον,
2903 762 3043 816 ὥστε
3064 761 3321 830 γενέσθαι
3345 776 3564 812 παντα-

1971 858 2126 930 χόθεν
2146 858 2307 911 αὐτὸν
2326 856 2613 927 ἀμφιλαφῆ
2641 858 2754 918 τοῖς
2778 856 3034 924 νοήμασι,
3052 852 3146 907 καὶ
3170 851 3563 922 διηπλωμένον

1971 932 2093 1003 ἀντὶ
2136 947 2347 1002 κλάδων
2375 950 2488 1010 τοϊς
2521 946 2774 1016 δόγμασι,
2805 945 2899 997 καὶ
2925 942 3004 1013 τῷ
3047 940 3234 1011 σκοπῷ
3264 941 3364 1011 τῆς
3393 940 3551 992 εὐσε-

1972 1040 2125 1103 ϐείας
2154 1041 2234 1103 είς
2271 1037 2404 1108 ὕψος
2435 1037 2867 1106 ἀνατεινόμενον,
2898 1034 2974 1099 ὡς
2999 1033 3093 1086 καὶ
3120 1033 3217 1095 τάς
3243 1030 3460 1102 ὑψηλάς
3490 1047 3557 1084 τε

1972 1131 2066 1183 καὶ
2097 1128 2537 1200 μετεωροπόρους
2581 1127 2780 1196 ψυχὰς.
2819 1125 2884 1189 ἀς
2928 1123 3151 1177 πετεινὰ
3190 1121 3286 1175 τοῦ
3316 1119 3556 1193 οὐρανοῦ

1970 1221 2033 1275 τὸ
2079 1219 2409 1289 Εὑαγγέλιον
2456 1217 2732 1289 ὀνομάζει,
2780 1215 3041 1270 δύνασθαι
3085 1214 3162 1284 τῷ
3194 1211 3416 1285 μεγέθει
3443 1210 3558 1265 τῶν

1971 1313 2227 1367 τοιούτων
2279 1312 2487 1366 κλάδων
2534 1309 2889 1364 ὲννοσσεύειν.
2948 1307 3128 1362 Καλιὰ
3169 1306 3278 1377 γάρ
3316 1322 3403 1369 τις
3439 1300 3556 1361 οἶόν

1971 1404 2089 1458 ἐστι
2117 1403 2314 1473 ψυχῆς,
2343 1404 2377 1473 ἡ
2403 1402 2531 1471 περὶ
2555 1401 2615 1455 τὸ
2647 1400 2975 1471 ζητούμενον
3005 1397 3421 1468 συγκατάθεσις,
3450 1395 3558 1466 τὴν

1972 1498 2207 1553 ἄστατον
2253 1494 2346 1549 τοῦ
2397 1494 2489 1547 νοῦ
2541 1491 3108 1564 πολυπραγμοσύνην,
3144 1488 3395 1558 καθάπερ
3423 1486 3555 1541 τινὰ

1974 1588 2287 1659 πολυπλανῆ
2315 1587 2533 1657 πτῆσιν,
2565 1586 2648 1654 ἐφ’
2676 1586 2875 1654 ἑαυτῆς
2905 1582 3277 1636 ἀναπαύουσα.
3310 1578 3434 1641 Πῶς
3455 1573 3556 1631 οὖν

293 1669 413 1723 bori
448 1670 612 1725 liceat
646 1673 896 1742 exiguam
932 1684 1135 1729 nostra:
1163 1676 1516 1745 cogitationis
1562 1677 1773 1747 plantul

2068 1698 2085 1732 ι
2120 1678 2198 1750 τῷ
2228 1679 2454 1749 τοιούτῳ
2501 1677 2597 1731 καὶ
2622 1677 2927 1747 τηλικούτῳ
2954 1674 3155 1745 δένδρῳ
3195 1671 3304 1725 τῶν
3344 1671 3549 1738 λόγων,

293 1760 649 1829 comparare?
674 1761 759 1815 An
785 1778 915 1817 vero
950 1780 1126 1833 neque
1157 1772 1215 1819 tu
1246 1765 1504 1835 imperas,
1545 1781 1721 1836 neque
1765 1782 1869 1822 nos

294 1866 535 1921 unquam
566 1853 917 1919 conaremur,
950 1857 1123 1925 patris
1152 1857 1513 1927 magistrique
1544 1858 1721 1913 nostri
1755 1867 1871 1913 stu-

292 1943 383 1997 dio
420 1945 948 2002 laboremnostrum
988 1949 1308 2019 opponere?
1361 1948 1552 2020 Itaque
1596 1950 1868 2020 agricolas

293 2034 476 2104 potius
504 2036 862 2102 imitabimur,
891 2040 985 2108 qui
1019 2040 1256 2094 mirabili
1293 2041 1528 2108 quadam
1564 2041 1781 2096 ratione
1797 2057 1865 2097 ex

294 2142 404 2180 una
433 2127 732 2200 eademque
756 2132 944 2201 planta
976 2134 1161 2189 varios
1188 2133 1402 2188 fructus
1431 2135 1740 2204 percipiunt
1765 2153 1780 2201 ;
1815 2136 1867 2189 id

295 2228 477 2274 autem
510 2230 882 2291 assequuntur
917 2223 1193 2279 inserendi
1224 2224 1479 2289 artiﬁcio,
1526 2228 1670 2295 quod
1723 2226 1869 2295 ejus-

294 2310 440 2365 modi
505 2319 635 2367 est:
695 2314 954 2383 pusillum
1006 2315 1224 2381 aliquod
1281 2332 1347 2371 ex
1393 2318 1589 2372 arbore
1614 2319 1867 2387 quapiam

293 2413 536 2467 germen,
567 2416 675 2455 una
706 2418 827 2457 cum
856 2405 1062 2459 cortice
1100 2406 1221 2459 basi
1277 2406 1425 2461 illius
1476 2407 1725 2474 subjecto
1773 2407 1870 2460 de-

293 2497 564 2560 cerptum,
607 2491 663 2546 in
686 2492 916 2547 alterius
946 2493 1162 2547 arboris
1196 2492 1425 2562 majoris
1473 2494 1657 2562 aliqua
1712 2502 1870 2563 parte

294 2581 377 2636 sic
408 2582 608 2646 incisa,
641 2591 701 2637 ιιι
725 2583 776 2638 ei
820 2592 1012 2638 cortex
1043 2583 1295 2652 quadret,
1330 2584 1639 2649 includunt,
1680 2592 1739 2638 ut
1770 2600 1869 2638 na-

295 2672 458 2727 turali
487 2673 715 2742 majoris
746 2674 962 2729 arboris
1003 2674 1231 2729 humore
1254 2690 1475 2745 germen
1508 2676 1638 2731 illud
1662 2676 1869 2730 enutri-

294 2772 410 2816 tum
436 2763 712 2819 coalescat
740 2778 1040 2835 ramusque
1074 2766 1185 2819 ﬁat.
1216 2765 1387 2820 Meam
1419 2766 1603 2823 itidem
1633 2783 1733 2838 ego
1772 2783 1869 2823 co-

294 2853 633 2922 gitationem,
663 2854 821 2923 quasi
848 2870 1067 2925 germen
1117 2864 1211 2908 aut
1260 2856 1542 2910 surculum
1585 2859 1864 2928 exiguum,

296 2958 506 3013 magnae
539 2945 745 3008 arbori,
778 2960 976 3016 nempe
1001 2950 1353 3016 przeceptoris
1380 2947 1553 3002 nostri
1587 2949 1866 3018 sapientiae

296 3034 555 3102 inseram,
583 3036 980 3106 occasioneque
1007 3036 1140 3090 mihi
1175 3037 1300 3091 inde
1351 3038 1713 3107 suppeditata,
1749 3046 1871 3093 tan-

297 3141 460 3195 quam
488 3126 713 3183 humore
745 3129 982 3198 quodam
1011 3128 1294 3199 irrigatus,
1324 3143 1424 3197 pro
1441 3130 1652 3184 viribus
1679 3145 1867 3187 ramus

296 3217 417 3287 ejus
468 3216 695 3273 el‘ticiar.
742 3220 993 3274 Arbitror
1024 3218 1170 3272 enim
1225 3219 1493 3288 quosdam
1538 3212 1696 3274 haud
1724 3231 1869 3277 recte

298 3308 609 3377 percepisse
644 3308 777 3378 quid
813 3309 902 3364 ille
935 3308 1039 3364 sibi
1087 3309 1142 3363 in
1190 3307 1256 3363 iis
1283 3324 1403 3378 quae
1437 3310 1490 3364 in
1528 3326 1621 3365 sex
1655 3312 1865 3366 dierum

295 3396 573 3467 opiﬁcium
612 3400 960 3468 conscripsit,
993 3401 1370 3470 proposuerit:
1394 3400 1623 3470 ideoque
1657 3401 1868 3455 calum-

299 3486 461 3553 niari,
499 3487 645 3557 quod
685 3488 926 3546 dilucide
963 3506 1072 3544 non
1103 3491 1391 3560 explicarit
1417 3506 1480 3545 ea
1514 3507 1638 3561 qua:
1674 3490 1740 3545 ad
1780 3506 1870 3547 so-

1968 1768 2353 1840 άντιφυτεῦσαι
2383 1770 2479 1842 τὴν
2511 1770 2774 1842 βραχεῖαν
2816 1767 2917 1836 τῆς
2962 1765 3200 1829 διανοίας
3229 1763 3383 1834 ἡμῶν
3412 1763 3553 1817 ὑπο-

1969 1864 2177 1928 σπάδα;
2230 1864 2300 1916 Ἢ
2332 1862 2490 1916 τοῦτο
2522 1862 2620 1932 μὲν
2660 1860 2785 1914 οὔτε
2813 1861 2877 1913 σὺ
2902 1857 3167 1921 κελεύεις,
3205 1855 3316 1910 οὔτ’
3342 1855 3409 1910 ἂν
3433 1853 3553 1924 ἐγὼ

1966 1955 2229 2026 δεξαίμην
2259 1955 2408 2017 ποτὲ,
2442 1954 2504 2006 τὸ
2543 1954 2602 2018 ἐξ
2643 1950 2886 2005 ἐναντίου
2913 1952 2980 2021 τῇ
3010 1949 3104 2002 τοῦ
3155 1947 3359 2019 πατρὸς
3387 1945 3552 2016 ἡμῶν

1967 2046 2061 2098 καὶ⁵
2098 2043 2419 2099 διδασκάλου
2463 2039 2873 2111 φιλοπονίᾳητὺν
2902 2038 3172 2109 ἡμέτερον
3201 2035 3552 2106 ἀντιτεθῆναι

1967 2137 2161 2201 πόνον;
2223 2135 2363 2189 Ἀλλ’
2411 2134 2600 2205 ὥσπερ
2652 2135 2702 2187 οί
2743 2132 2980 2202 γεωργοὶ⁸
3026 2126 3431 2199 θαυματοποιοῦ
3443 2143 3550 2189 σιν,

1966 2227 2195 2298 καρπῶν
2223 2225 2483 2296 διαφορὰν
2516 2226 2574 2276 ἐν
2603 2224 2683 2277 ένὶ
2709 2222 2858 2292 φυτῷ
2895 2217 3261 2289 σοφιζόμενος·
3285 2219 3313 2269 ό
3341 2216 3398 2269 δὲ
3422 2215 3554 2286 τρό-

1968 2335 2067 2381 πος
2091 2317 2190 2383 τῆς
2218 2314 2552 2384 φυτοκομίας
2576 2308 2730 2376 οὗτός
2762 2314 2942 2365 ἐστιν·
2960 2308 3144 2381 Βραχύ
3173 2326 3226 2361 τι
3258 2306 3455 2375 φύλλον
3489 2306 3554 2372 ἐξ

1967 2408 2153 2478 ἐτέρου
2174 2406 2388 2477 δένδρου
2419 2404 2556 2475 μετά
2576 2403 2668 2457 τοῦ
2695 2401 3056 2473 ὑποκειμένου
3082 2402 3148 2469 τῇ
3183 2399 3336 2469 βάσει
3360 2394 3553 2466 φλοιοῦ

1966 2498 2361 2569 ἀποσύραντες,
2396 2495 2541 2567 ἄλλῳ
2576 2495 2728 2567 φυτῷ
2760 2494 2987 2566 μείζονι,
3021 2494 3165 2547 κατά
3191 2509 3245 2545 τι
3275 2490 3439 2562 μέρος
3464 2487 3551 2554 ἓν,

1967 2590 2139 2660 τομῆς
2176 2589 2270 2642 τὸν
2304 2588 2486 2658 φλοιὸν
2528 2587 2941 2659 ὲναρμόζουσιν,
2982 2584 3070 2638 ἵνα
3106 2585 3172 2654 τῇ
3216 2582 3417 2652 φυσικῇ
3449 2579 3554 2633 τοῦ

1970 2680 2216 2751 μείζονος
2257 2679 2443 2750 ἰκμάδι
2509 2678 2570 2731 τὸ
2604 2676 2818 2731 ὲντεθὲν
2850 2677 3027 2729 έκεῖνο
3063 2674 3431 2743 πιαινόμενον,
3465 2670 3556 2733 είς

1966 2772 2158 2828 κλάδον
2187 2770 2517 2841 ἀναφύηται.
2562 2767 2721 2821 Οὕτω
2767 2768 2864 2821 καὶ
2912 2765 3076 2830 αὐτὸς
3117 2764 3217 2836 τὴν
3263 2761 3401 2833 ἐμὴν
3431 2761 3555 2815 διά-

1966 2856 2266 2929 νοιαν,οἷόν
2288 2877 2410 2914 τινα
2439 2859 2642 2930 βραχὺν
2672 2858 2868 2928 μόσχον
2886 2859 2952 2928 τῇ
2984 2855 3170 2926 ίκμάδι
3190 2853 3283 2908 τοῦ
3310 2853 3553 2924 μεγάλου

1966 2954 2182 3025 δένδρου
2207 2955 2273 3022 τῇ
2304 2950 2398 3004 τοῦ
2426 2947 2748 3003 διδασκάλου
2778 2945 2933 3017 ἡμῶν
2964 2945 3124 3015 σοφίᾳ
3153 2942 3384 3014 ὲνείρας,
3415 2940 3557 2994 κλά-

1970 3044 2058 3106 δος
2102 3041 2309 3095 ἐκείνου
2356 3036 2609 3108 γενέσθαι
2660 3034 3029 3107 πειράσομαι,
3080 3031 3424 3103 ἐμφυόμενος
3469 3027 3557 3094 ὡς

1971 3135 2095 3188 ἔστιν
2115 3150 2204 3203 μοι
2244 3129 2465 3184 δυνατὸν
2514 3130 2625 3191 τοῖς
2658 3128 2914 3197 νοήμασι.
2955 3122 3049 3177 καὶ
3090 3123 3155 3193 τῇ
3186 3119 3420 3191 χορηγίᾳ
3445 3118 3557 3189 τῆς

1971 3220 2179 3276 ἐκεῖθεν
2236 3216 2579 3289 ἐνδιδομένης
2650 3215 2783 3285 ἡμῖν
2848 3210 3105 3282 ἀφορμῆς
3158 3208 3553 3278 ὲπαρδόμενος.

1971 3309 2135 3383 Οἶμαι
2160 3310 2267 3381 γὰρ
2301 3308 2411 3377 ἐγὼ
2443 3307 2517 3378 μὴ
2561 3305 2743 3369 καλῶς
2782 3321 2937 3366 τινας
2972 3302 3062 3356 τὸν
3093 3301 3291 3354 σκοπὸν
3322 3299 3434 3352 τῶν
3467 3301 3556 3364 είς

1968 3404 2066 3474 τὴν
2102 3403 2436 3473 Ἐξαήμερον
2468 3397 2616 3468 αὐτῷ
2645 3395 3036 3467 πεπονημένων
3062 3391 3451 3462 ἐπεγνωκέναι,
3483 3383 3554 3445 οὗ

1970 3496 2130 3566 χάριν
2160 3492 2438 3548 αἰτιῶνται
2471 3490 2532 3543 τὸ
2565 3490 2702 3560 μήτε
2740 3487 2867 3561 περὶ
2892 3484 2985 3540 τοῦ
3020 3485 3172 3556 ἡλίου
3203 3484 3349 3552 σαφῆ
3371 3498 3557 3552 παρα-

297 3578 400 3634 lem
428 3580 729 3648 partinent,
782 3583 1061 3651 quomodo
1108 3590 1232 3652 post
1267 3589 1380 3637 tres
1421 3581 1556 3648 dies,
1601 3598 1712 3636 non
1742 3597 1785 3636 Cl

2066 3585 2211 3639 560m
2241 3584 2336 3655 τὴν
2360 3581 2561 3652 γνῶσιν
2596 3580 2799 3643 αὐτοῖς,
2837 3577 2955 3641 πῶς
2988 3575 3125 3647 μετά
3152 3576 3303 3646 τρεῖς
3330 3573 3554 3646 ἡμέρας

296 3672 526 3743 reliquis
550 3673 723 3729 stellis
755 3672 1011 3728 conditus
1045 3671 1246 3741 fuerit;
1278 3673 1437 3743 quasi
1468 3672 1581 3728 ﬁeri
1612 3689 1784 3744 neque

2064 3675 2245 3747 ωστῆρ
2265 3717 2280 3741 ,
2325 3673 2436 3728 οὔτ’
2471 3673 2535 3727 ἀν
2568 3670 2707 3743 μετά
2748 3669 2856 3723 τῶν
2895 3668 3070 3722 ἄλλων
3099 3667 3347 3736 ἀστέρων
3375 3682 3552 3718 κατα-

296 3770 357 3816 ut
385 3777 544 3817 mane
581 3771 635 3817 et
672 3778 898 3832 vespera
923 3764 1178 3817 diurnum
1213 3765 1452 3833 spatium
1471 3765 1784 3819 constituatl

2065 3761 2295 3824 ιυάζεται
2317 3802 2330 3823 ,
2375 3760 2450 3823 ὡς
2491 3757 2753 3812 ἀδύνατον
2783 3757 2841 3810 ὃν
2871 3756 3053 3828 ὄρθρῳ
3081 3756 3176 3809 καὶ
3211 3754 3418 3826 ἑσπέρᾳ
3443 3754 3553 3809 διο-

298 3854 406 3908 nisi
434 3854 659 3907 omnino
709 3855 791 3909 sol
830 3861 885 3910 et
921 3854 1177 3910 occidens
1214 3869 1518 3925 vesperam,
1579 3862 1633 3911 et
1684 3855 1786 3910 orit

2065 3852 2223 3920 θῆναι
2251 3851 2311 3903 τὸ
2342 3850 2643 3921 ἡμερήσιον
2678 3849 2893 3920 μέτρον,
2928 3848 2976 3899 εί
3005 3846 3079 3918 μὴ
3110 3844 3324 3909 πάντως
3348 3846 3376 3898 ὁ
3396 3843 3553 3913 ἥλιος

298 3956 459 3996 mane
494 3940 771 3996 conﬁciat.

2066 3941 2211 4009 πέραν
2253 3940 2354 4010 μὲν
2397 3939 2675 4011 δυόμενος,
2716 3938 2910 4011 ὄρθρον
2954 3936 3013 3991 δὲ
3055 3936 3358 3991 ἀνατέλλων
3392 3937 3554 4009 ποιή-

1301 4070 1319 4083 κ
1974 4047 2138 4085 σειεν.

369 4115 606 4172 Duorum
640 4130 858 4187 quoque
884 4115 1148 4172 caelorum
1173 4117 1607 4188 procreationem
1640 4132 1749 4173 non
1777 4131 1857 4172 ea-

2066 4118 2328 4182 Ὠσαύτως
2364 4118 2422 4172 δὲ
2456 4120 2551 4172 καὶ
2582 4117 2680 4189 τὴν
2718 4118 2827 4172 τῶν
2864 4117 2957 4172 δύο
2996 4115 3242 4188 οὐρανῶν
3273 4116 3554 4188 δημιουρ-

296 4209 528 4276 pientes,
562 4224 686 4264 cum
709 4210 776 4265 de
807 4210 969 4265 tertio
997 4210 1140 4266 caelo
1166 4209 1494 4264 mentionem
1528 4208 1693 4264 faciat
1725 4208 1784 4281 Α]

2064 4229 2098 4265 ,ν
2129 4211 2191 4265 οὐ
2236 4210 2629 4283 παραδέχονται
2675 4209 2943 4277 λέγοντες,
3001 4210 3050 4262 εί
3098 4207 3193 4261 καὶ
3233 4206 3416 4278 τρίτου
3450 4206 3552 4277 μέ-

298 4294 472 4350 stolus
493 4298 537 4359 ³,
566 4295 961 4351 dubitationem
992 4296 1047 4351 in
1074 4297 1175 4350 hac
1204 4302 1358 4366 parte
1388 4310 1605 4352 manere
1635 4308 1786 4354 conte

2065 4319 2176 4373 ml.
2217 4301 2450 4374 οὐρανοῦ
2496 4304 2525 4354 ό
2563 4299 2885 4362 Ἀπόστολος
2910 4341 2924 4364 ,
2948 4285 3119 4351 ὀὐδὲν
3162 4291 3325 4369 ἦττον
3368 4296 3553 4367 μένειν

297 4386 451 4440 dunt.
486 4384 730 4451 Etenim,
772 4402 897 4441 cum
933 4388 987 4441 in
1033 4387 1303 4458 principio
1356 4386 1555 4442 factum
1592 4389 1663 4445 sit
1697 4407 1785 4445 unt

2064 4391 2133 4462 τῷ
2168 4392 2324 4464 μέρει
2347 4390 2521 4460 τούτῳ
2546 4389 2607 4443 τὸ
2632 4389 2837 4460 ἀπορον
2861 4405 2875 4420 ο
2906 4388 3040 4441 διότι
3066 4389 3123 4439 ὲν
3150 4388 3293 4457 ἀρχῇ
3323 4387 3552 4455 γεγονό-

296 4478 495 4533 calum
517 4477 558 4540 ³,
594 4487 776 4547 postea
816 4492 945 4532 vero
979 4477 1380 4533 ﬁrmamentum
1403 4478 1460 4547 *ς
1495 4495 1596 4535 nec
1643 4481 1721 4536 illi
1767 4500 1784 4537 ι

2085 4485 2207 4548 ἐνὸς
2238 4482 2493 4555 οὐρανοῦ,
2543 4481 2682 4554 μετά
2709 4480 2882 4534 ταῦτα
2927 4480 2986 4533 δὲ
3015 4478 3111 4532 τοῦ
3152 4478 3548 4549 στερεώματος,

298 4584 448 4625 mero
477 4569 739 4623 caelorum
780 4570 928 4624 aliud
969 4572 1268 4641 ascriptum
1305 4572 1376 4626 sit
1410 4574 1628 4627 tertium
1669 4575 1786 4630 cmlt

2065 4594 2124 4629 ou
2159 4576 2216 4628 δὲ
2245 4574 2496 4645 οὐρανοῦ,
2539 4573 2684 4627 τοῦτ’
2732 4572 2848 4625 ἔστι
2874 4571 3132 4641 δευτέρας
3162 4570 3552 4640 δημιουργίας,

298 4671 496 4732 przeter
529 4663 629 4720 hos
659 4663 826 4731 duos,
869 4673 1068 4735 negant
1108 4681 1271 4736 posse
1303 4666 1706 4731 demonstrari,
1742 4683 1786 4721 οι

2081 4665 2534 4738 προσγραφείσης
2557 4663 2634 4733 τῷ
2664 4664 2895 4733 Μωῦσῇ,
2928 4660 3315 4715 ἀναπόδεικτόν
3346 4661 3461 4713 ἐστι
3492 4661 3554 4714 τὸ

299 4770 473 4824 neque
502 4762 623 4824 post
658 4757 1059 4810 ﬁrmamentum
1094 4756 1240 4811 aliud
1267 4757 1512 4812 ell'ectum
1545 4759 1616 4814 sit
1645 4759 1867 4823 malum,

299 4862 398 4901 nec
426 4847 680 4918 principii
710 4849 848 4902 ratio
880 4847 1148 4917 patiatur,
1182 4856 1238 4903 ut
1267 4849 1562 4921 quidquam
1593 4851 1871 4920 antiquius

298 4936 621 5005 cogitemus.
655 4935 790 4990 Nam
824 4937 871 4992 si
901 4937 956 4990 in
996 4937 1266 5008 principio
1296 4939 1498 4994 factum
1535 4947 1619 4995 est
1646 4941 1866 5006 coelum,

300 5028 422 5083 unde
456 5028 712 5082 nimirum
754 5044 843 5084 res
877 5041 1177 5099 procreatas
1211 5042 1563 5101 sumpserunt
1598 5032 1815 5087 initium
1852 5051 1865 5087 :

301 5119 542 5190 alioquin
575 5127 725 5175 recte
754 5120 1086 5192 principium
1126 5138 1234 5177 non
1268 5123 1459 5179 fuisset
1494 5126 1823 5196 appellatum
1850 5164 1864 5189 ,

300 5209 343 5262 si
373 5210 696 5280 principium
722 5211 892 5281 ipsius
923 5213 1151 5268 alterum
1175 5215 1475 5271 exstitisset
1501 5236 1513 5270 :
1548 5216 1691 5286 quod
1722 5218 1865 5271 enim

301 5296 490 5352 ordine
521 5299 819 5353 secundum
844 5310 960 5365 est,
992 5302 1320 5374 principium
1354 5319 1456 5359 nec
1494 5313 1578 5360 est
1598 5346 1612 5370 ,
1646 5320 1747 5359 nec
1779 5304 1865 5357 di-

301 5387 462 5443 citur.
490 5387 740 5445 Attamen
769 5390 971 5449 Paulus
991 5396 1212 5450 tertium
1234 5398 1434 5452 coelum
1456 5403 1867 5462 commemorat,

1967 4756 2062 4811 καὶ
2106 4756 2286 4827 τρίτον
2328 4753 2555 4825 οὐρανὸν
2606 4753 2697 4805 ἐπὶ
2739 4753 2852 4814 τοῖς
2895 4750 2989 4803 δύο
3030 4749 3239 4812 τούτοις
3280 4751 3438 4811 νοεῖν,
3472 4748 3555 4818 τῷ

1971 4849 2107 4919 μήτε
2143 4847 2280 4918 μετὰ
2306 4844 2369 4897 τὸ
2408 4844 2692 4914 στερέωμα
2721 4841 3049 4912 γεγενῆσθαι
3080 4841 3259 4905 ἀλλον,
3290 4840 3427 4910 μήτε
3460 4840 3555 4892 τὸν

1966 4941 2065 5008 τῆς
2096 4939 2268 5010 ἀρχῆς
2301 4936 2456 5004 λόγον
2500 4936 2802 5005 συγχωρεῖν
2855 4933 3198 5002 προεπινοεῖν
3230 4948 3282 4984 τι
3312 4930 3558 5001 πρεσϐύ-

1966 5046 2144 5101 τερον.
2200 5027 2263 5081 El
2294 5026 2401 5099 γὰρ
2440 5028 2497 5079 ὲν
2527 5027 2668 5097 ἀρχῇ
2699 5024 2920 5094 γέγονεν
2954 5023 3182 5096 οὐρανὸς
3205 5064 3219 5087 ,
3269 5022 3426 5092 δῆλον
3473 5022 3557 5093 ὅτι

1968 5121 2076 5175 ἀπὸ
2103 5120 2223 5172 τότε
2250 5121 2283 5189 ἡ
2315 5118 2492 5182 κτίσις
2516 5119 2718 5190 ῆρξατο
2740 5133 2756 5149 ⁸
2807 5118 2870 5170 οὐ
2904 5117 3014 5187 γὰρ
3039 5115 3106 5170 ἂν
3138 5113 3281 5187 ἀρχνὴ
3307 5129 3553 5167 κατωνο-

1979 5210 2157 5284 μάσθη
2188 5210 2292 5263 ὑπὸ
2318 5209 2409 5263 τοῦ
2443 5209 2623 5277 λόγου,
2672 5210 2720 5261 εί
2752 5208 2916 5279 ἀλλην
2952 5202 3094 5277 εἶχεν
3134 5203 3306 5275 ἀρχὴν
3351 5203 3556 5274 ἑαυτῆς

1974 5302 2375 5374 ὑπερκειμένην
2399 5319 2413 5333 ο
2471 5301 2533 5353 τὸ
2569 5302 2677 5370 γὰρ
2716 5298 3030 5371 δευτερεῦον
3080 5296 3221 5351 κατά
3265 5294 3362 5365 τὴν
3399 5294 3556 5359 τάξιν

1978 5394 2091 5449 οὔτ’
2124 5392 2270 5446 ἐστιν
2293 5392 2458 5463 ἀρχὴ,
2492 5392 2612 5446 οὔτε
2639 5392 2872 5460 λέγεται.
2916 5388 3077 5444 ’.Αλλά
3112 5389 3217 5460 μὴν
3249 5387 3353 5442 καὶ
3367 5385 3555 5459 τρίτου

370 5569 607 5627 LMatth.
650 5589 767 5642 xm,
809 5575 897 5641 3|,
940 5577 1028 5632 52.
1107 5577 1126 5606 ¹
1159 5572 1200 5629 ll
1225 5576 1352 5633 Cor.
1387 5592 1482 5641 xu,
1524 5574 1572 5628 2.
1654 5575 1674 5605 ³
1705 5573 1840 5630 Gen.

977 5578 1028 5632 2.
1107 5577 1126 5606 ¹
1159 5572 1200 5629 ll
1225 5576 1352 5633 Cor.
1387 5592 1482 5641 xu,
1524 5574 1572 5628 2.
1654 5575 1674 5605 ³
1705 5573 1840 5630 Gen.
1882 5589 1918 5638 ι,
1968 5574 2013 5625 ι.
2092 5575 2114 5604 ⁴
2150 5573 2279 5629 ibid.
2319 5571 2372 5641 6,
2417 5572 2465 5627 7.
