3746 5994
223 158 302 215 65
1440 157 1504 213 ΙΝ
1546 158 1702 213 HE)“

1981 159 2017 211 Ν
2060 160 2281 213 LIBER.
3387 162 3460 224 66

232 266 461 340 οὐρανοῦ
503 266 722 339 μνήμην
770 266 1057 338 πεποίηται
1103 268 1133 320 ό
1186 267 1419 333 Παῦλος,
1467 270 1526 324 ὃν
1570 273 1604 342 ἡ
1649 271 1711 341 δη

1993 271 2054 325 od
2099 271 2286 335 mundi
2314 269 2522 325 fabrica
2555 284 2664 326 non
2699 269 2895 336 habet,
2930 273 3385 343 quemadmodum
3416 290 3472 330 (ει

232 359 429 430 ουργία
471 358 574 411 οὐκ
604 356 738 426 ἔχει.
779 357 922 428 Ἀρα
950 358 1044 410 καὶ
1071 358 1304 412 ἐνταῦθα
1353 361 1386 430 ἡ
1428 359 1521 413 τοῦ
1552 360 1803 432 δευτέρου

237 448 423 517 μνήμη
460 445 569 499 τῶν
612 444 959 516 ζητουμένων
1000 444 1163 499 ἐστίν.
1193 447 1255 500 Οἱ
1297 447 1469 500 ταῦτα
1504 446 1683 500 τοίνυν
1713 447 1806 501 καὶ

231 537 300 590 τά
324 535 556 591 τοιαῦτα
581 537 962 607 προφέροντες,
985 535 1046 589 οὗ
1079 554 1169 607 μοι
1197 538 1440 593 δοκοῦσιν
1473 539 1805 609 ἐπεσκέφθαι

232 628 320 682 τὸν
351 628 560 682 σκοπὸν
603 629 705 698 τῆς
749 630 844 682 τοῦ
891 630 1094 700 πατρὸς
1135 628 1294 700 ἡμῶν
1330 630 1704 696 διδασκαλίας,
1747 630 1806 694 ὃς

228 723 386 791 δήμῳ
438 721 680 790 τοσούτῳ
729 720 1108 791 διαλεγόμενος
1158 722 1216 775 ἐν
1267 721 1532 794 ἐκκλησίᾳ
1576 722 1806 775 πολυαν-

228 810 433 882 δρούσῃ
455 851 471 873 ,
527 810 869 881 κατάλληλον,
905 811 1210 881 ἐξάνάγκης
1254 813 1484 865 ἐποιεῖτο
1519 814 1629 876 τοῖς
1658 813 1807 883 δεχο-

234 903 417 972 μένοις
449 902 544 955 τὸν
590 902 769 969 λόγον.
811 902 897 956 Ἐν
934 902 1043 973 γὰρ
1072 902 1348 966 τοσούτοις
1384 904 1496 966 τοῖς
1524 901 1800 968 ἀκούουσι,

232 992 419 1046 πολλοὶ
452 992 552 1062 μὲν
578 986 719 1062 ἦσαν
760 993 854 1045 καὶ
903 993 953 1045 oi
1000 992 1108 1047 τῶν
1154 993 1495 1064 ὑψηλοτέρων
1528 994 1805 1058 ἐπαῖόντες

232 1081 407 1151 λόγων
429 1097 444 1111 ·
492 1082 926 1146 πολλαπλασίους
962 1083 1020 1136 δὲ
1058 1084 1111 1136 οἱ
1145 1084 1244 1153 τῆς
1269 1083 1597 1155 λεπτοτέρας
1615 1083 1806 1148 ἐξετά-

234 1190 372 1237 σεως
393 1172 510 1226 τῶν
531 1175 821 1244 νοημάτων
841 1172 940 1227 οὒκ
963 1175 1358 1246 ἐφικνούμενοι,
1384 1175 1573 1247 ἄνδρες
1605 1176 1805 1229 ίδιῶται

231 1267 328 1319 καὶ
356 1265 631 1336 1Βάναυσοι
660 1267 781 1329 ταῖς
819 1266 1141 1337 ἐπιδιφρίοις
1182 1267 1463 1341 ἐργασίαις
1507 1284 1807 1338 προσασχο-

226 1357 505 1427 λούμενοι,
535 1357 632 1409 καὶ
649 1354 685 1408 ό
728 1358 787 1410 ἐν
810 1356 1022 1425 γυναιξὶ
1047 1356 1174 1420 λαὸς
1203 1357 1314 1410 τῶν
1341 1356 1593 1410 τοιούτων
1629 1358 1804 1429 μαθη-

232 1448 419 1517 μάτων
448 1446 819 1517 ἀγύμναστος,
847 1447 940 1499 καὶ
960 1447 994 1517 ἡ
1019 1446 1233 1501 νεολαία
1252 1447 1359 1500 τῶν
1386 1447 1611 1514 παίδων,
1635 1449 1728 1500 καὶ
1755 1448 1805 1501 οἱ

230 1538 692 1609 παρηλικέστεροι
723 1536 866 1591 κατὰ
908 1536 999 1591 τὸν
1043 1537 1254 1608 χρόνον,
1295 1538 1494 1603 πάντες
1525 1531 1668 1593 οὗτοι
1697 1539 1805 1594 τῶν

228 1627 491 1681 τοιούτων
541 1626 752 1680 ἐδέοντο
797 1625 989 1696 λόγων,
1036 1628 1145 1680 τῶν
1182 1628 1320 1699 μετά
1353 1646 1496 1693 τινος
1535 1630 1801 1702 εύλήπτου

229 1717 590 1789 ψυχαγωγίας
616 1716 704 1771 διὰ
732 1717 833 1788 τῆς
861 1717 1188 1789 φαινομένης
1212 1719 1458 1786 κτίσεως,
1490 1721 1583 1775 καί⁸
1615 1722 1722 1776 τῶν
1747 1726 1805 1778 ἐν

229 1809 405 1882 ταύτῃ
447 1807 631 1863 καλῶν
676 1807 814 1878 πρὸς
861 1808 959 1878 τὴν
988 1806 1082 1861 τοῦ
1127 1811 1486 1879 πεποιηκότος
1523 1811 1590 1865 τά
1632 1813 1805 1867 πάντα

233 1901 438 1969 γνῶσιν
466 1897 970 1981 χειραγωγούντων.
1004 1899 1163 1951 Ὥστε
1196 1902 1245 1953 εί
1276 1901 1372 1970 μὲν
1402 1902 1536 1972 πρὸς
1564 1902 1655 1956 τὸν
1685 1921 1807 1957 σκο-

236 1990 339 2044 πδν
361 1991 463 2060 τῆς
496 1988 591 2042 τοῦ
624 1989 861 2061 μεγάλου
885 1988 1200 2043 διδασκάλου
1227 1992 1400 2061 κρίνει
1434 2010 1519 2056 τις
1548 1994 1616 2047 τά
1657 1993 1807 2063 λεγό-

245 2097 405 2151 μενα,
444 2079 615 2132 λείπει
643 2082 757 2143 τοῖς
787 2080 1095 2151 εἰρημένοις
1140 2081 1312 2135 οὐδέν.
1356 2083 1431 2135 Ού
1470 2083 1579 2154 γὰρ
1610 2086 1807 2152 ἀγωνι-

244 2170 571 2240 στικώτερον
605 2171 932 2240 ὲνεστήσατο
976 2171 1132 2240 λόγον
1163 2172 1298 2242 πρὸς
1336 2175 1455 2238 ταῖς
1499 2175 1608 2228 τῶν
1646 2175 1809 2247 ζητη-

243 2263 433 2332 μάτων
486 2260 763 2325 ἐνστάσεις
807 2260 1058 2333 ἐκθύμως
1087 2263 1526 2335 διαπλεκόμενος,
1552 2265 1688 2319 ἀλλά
1710 2270 1808 2338 τῆς

234 2354 610 2424 ἁπλουστέρας
638 2353 747 2407 τῶν
786 2354 1045 2425 ῥημάτων
1072 2354 1381 2427 ἐξηγήσεως
1406 2359 1525 2422 ὅλος
1556 2355 1644 2430 ἦν.
1668 2358 1809 2413 ὥστε

239 2444 545 2516 πρόσφορον
578 2445 646 2514 τῇ
680 2442 938 2512 ἁπλότητι
981 2443 1089 2498 τῶν
1133 2445 1436 2499 ἀκουόντων
1466 2446 1809 2516 παραθέσθαι

240 2536 327 2589 τὸν
349 2535 529 2604 λόγον,
558 2534 701 2607 μετά
725 2535 819 2589 τοῦ
842 2536 934 2589 καὶ
956 2538 1068 2599 τοῖς
1088 2536 1196 2589 τῶν
1229 2537 1487 2606 μειζόνων
1517 2540 1810 2610 ἀκροαταῖς

194 2613 205 2623 ’
242 2626 650 2680 συναναϐαίνειν
684 2643 801 2688 πως
844 2624 1007 2678 αὐτοῦ
1038 2625 1137 2698 τὴν
1178 2625 1457 2697 ἐξήγησιν,
1484 2628 1553 2681 τά
1592 2629 1811 2684 ποικίλα

238 2715 541 2785 μαθήματα
604 2714 706 2784 τῆς
764 2713 869 2779 ἔξω
931 2715 1247 2783 φιλοσοφίας
1293 2715 1807 2786 παραδεικνύουσαν.

241 2806 396 2859 Ὥστε
426 2803 587 2876 παρά
622 2805 722 2875 μὲν
753 2804 861 2858 τῶν
889 2805 1097 2859 πολλῶν
1122 2806 1376 2875 νοεῖσθαι,
1423 2808 1575 2878 παρά
1604 2808 1661 2862 δὲ
1704 2808 1810 2862 τῶν

239 2897 612 2967 ὑπερεχόντων
645 2895 1039 2967 θαυμάζεσθαι.
1093 2897 1157 2949 Ei
1185 2896 1241 2949 δέ
1279 2897 1342 2951 σὺ
1365 2937 1381 2963 ,
1423 2896 1671 2968 καθάπερ
1716 2898 1811 2951 ἐπὶ

1906 361 1994 414 hic
2023 361 2250 417 secundi
2282 361 2485 417 mentio
2511 362 2792 432 quaeritur.
2823 360 2926 428 Qui
2955 363 3069 419 haec
3100 373 3155 420 et
3188 365 3292 421 alia
3321 367 3459 436 ejus-

1905 452 2051 507 modi
2087 454 2417 523 loquuntur,
2447 454 2503 508 hi
2532 454 2666 509 mihi
2694 468 2805 509 non
2836 454 3093 510 videntur
3126 460 3466 526 propositum

1904 543 2076 611 patris
2118 543 2291 598 nostri
2337 542 2602 598 doctrinae
2642 542 2805 599 ﬁnem
2844 543 3078 611 intueri,
3117 547 3210 615 qui
3255 550 3310 601 in
3354 564 3464 603 am-

1904 634 2151 704 plissima
2198 635 2431 691 ecclesia
2486 636 2747 706 populum
2788 634 3293 707 frequentissimum
3336 642 3453 697 allo

1905 739 2099 794 quens,
2136 740 2236 796 pro
2262 727 2600 782 audientium
2628 726 2987 798 intelligentia
3015 743 3323 787 sermonem
3354 748 3456 786 mo

1904 820 2218 875 derabatur.
2252 818 2314 875 In
2341 827 2492 874 tanta
2528 819 2676 875 enim
2705 818 3054 876 multitudine
3078 858 3094 884 ,
3131 820 3258 875 licet
3286 834 3467 878 essent

1903 897 2156 967 nonnulli
2200 912 2294 982 qui
2343 911 2567 966 altiores
2611 911 2775 967 etiam
2821 910 3224 981 disputationes
3264 913 3467 968 intelli.

1905 1010 2119 1072 gerent,
2163 1001 2385 1071 plurimi
2432 1006 2617 1055 tamen
2653 1000 2918 1056 doctrina:
2954 1001 3311 1057 subtilitatem
3358 1019 3466 1059 non

1906 1091 2210 1161 capiebant,
2245 1097 2429 1160 utpote
2455 1089 2708 1145 homines
2732 1089 2989 1160 imperiti,
3025 1099 3190 1160 atque
3222 1091 3466 1162 opiﬁces,

1904 1186 1959 1233 et
1998 1180 2234 1248 negotiis
2269 1180 2469 1233 vilibus
2514 1176 2801 1248 occupati,
2834 1184 2891 1233 et
2928 1179 3187 1235 mulieres
3230 1179 3286 1232 in
3322 1179 3467 1249 ejus-

1904 1269 2054 1324 modi
2100 1269 2404 1338 disciplinis
2435 1269 2659 1324 minime
2690 1269 3038 1336 exercitatae;
3074 1275 3128 1324 et
3176 1284 3467 1338 puerorum

1904 1361 2086 1427 turba,
2115 1367 2379 1431 astateqtte
2400 1360 2645 1429 provecti
2672 1374 2854 1424 senes;
2883 1359 2978 1429 qui
2999 1373 3193 1415 omnes
3221 1360 3468 1415 oratione

1905 1449 2051 1505 facili
2097 1450 2418 1505 instituendi
2460 1449 2854 1520 recreandique
2902 1456 3090 1518 erant,
3137 1458 3192 1504 et
3243 1465 3341 1520 per
3381 1465 3469 1505 res

1908 1552 2216 1611 procreatas
2249 1555 2371 1611 quae
2411 1549 2732 1605 cernuntur,
2762 1553 3061 1608 earumque
3097 1538 3467 1609 pulchritudi—

1904 1648 2049 1697 nem,
2084 1633 2151 1686 ad
2174 1646 2355 1686 rerum
2382 1630 2623 1685 omnium
2649 1614 3469 1701 auctorem‘procreatoremque
3498 1631 3501 1635 ’

1904 1720 2255 1791 perducendi.
2293 1721 2474 1786 Quare
2513 1720 2561 1776 si
2593 1720 2718 1790 quis
2751 1734 2817 1775 ex
2853 1721 3204 1789 praeceptoris
3235 1721 3469 1776 consilio

1904 1812 2049 1867 dicta
2081 1813 2254 1882 ipsius
2282 1811 2622 1882 expenderit,
2644 1811 2783 1866 nihil
2805 1811 3164 1867 dubitationis
3195 1807 3469 1883 relinque-

1904 1916 2012 1960 tur.
2054 1903 2241 1973 Neque
2286 1905 2431 1958 enim
2465 1903 2757 1959 verborum
2802 1903 3182 1957 contentiones
3230 1916 3468 1972 aucupa-

1904 1995 2087 2059 batur,
2116 2008 2218 2049 nec
2246 1993 2406 2049 facile
2429 2009 2550 2049 sese
2577 1992 2972 2064 quaestionibus
2999 1993 3336 2062 implicabat,
3374 1996 3468 2048 sed

1905 2084 2139 2155 simplici
2177 2084 2465 2139 verborum
2501 2083 2841 2154 expositione
2880 2083 3217 2139 audientium
3262 2086 3471 2157 simpli.

1905 2175 2056 2229 citati
2086 2174 2167 2230 sic
2219 2174 2523 2229 orationem
2567 2189 2724 2230 suam
2766 2176 3246 2244 accommodabat,
3278 2186 3340 2232 ut
3371 2195 3465 2233 va-

1907 2262 2044 2315 riam
2088 2270 2270 2316 tamen
2307 2268 2550 2317 externae
2585 2262 2944 2333 philosophia:
2978 2264 3287 2320 doctrinam
3317 2267 3472 2323 redo-

1908 2350 2057 2414 lens,
2096 2349 2449 2418 peritioribus
2482 2351 2644 2405 etiam
2687 2351 3051 2408 satisfaceret.
3105 2353 3467 2420 Quamobrem

1907 2453 2025 2494 eam
2054 2446 2108 2492 et
2128 2438 2366 2508 imperiti
2391 2439 2787 2509 intelligebant,
2812 2447 2866 2495 et
2892 2441 3090 2496 eruditi
3122 2444 3471 2501 admiraban-

1908 2536 2017 2583 tur.
2064 2529 2146 2582 Tu
2179 2542 2329 2592 vero,
2361 2529 2430 2593 si,
2459 2537 2517 2582 ut
2551 2531 2605 2583 in
2641 2539 2825 2586 monte
2864 2529 3074 2598 Sinai",
3106 2535 3299 2591 relicto
3328 2537 3471 2592 infra

1908 2616 2108 2687 populo
2156 2615 2318 2670 simul
2361 2630 2485 2670 cum
2521 2632 2720 2688 magno
2760 2619 2909 2674 Mose
2955 2623 3156 2691 quaeris
3184 2624 3255 2689 in
3288 2639 3471 2680 rerum.

1909 2720 2233 2760 arcanarum
2266 2709 2742 2777 contemplationis
2780 2711 3033 2766 nebulam
3075 2713 3305 2769 introire
3329 2755 3346 2783 ,
3378 2716 3470 2770 ubi

1910 2794 2021 2859 ille,
2057 2809 2182 2849 cum
2215 2802 2393 2858 esset,
2424 2797 2557 2851 vidit
2589 2812 2653 2853 ea
2687 2814 2807 2868 quae
2849 2802 3030 2859 verbis
3073 2805 3337 2874 explicari
3361 2822 3471 2861 nou

1910 2895 2173 2955 possunt,
2214 2890 2695 2959 necessariumque
2726 2892 2880 2960 cupis
2924 2908 3104 2948 rerum
3130 2897 3470 2952 conditarum

240 2988 329 3040 τοῦ
356 2987 577 3039 Σιναῖου
613 2986 775 3057 ὅρους
804 2984 1117 3039 καταλιπὼν
1159 2985 1309 3039 κάτω
1339 2984 1429 3038 τὸν
1461 2984 1626 3039 πολὺν
1661 2984 1719 3038 λα

1995 2979 2159 3034 linem
2193 2993 2547 3050 cognoscere,
2578 2983 2870 3051 quomodo,
2903 2984 3043 3039 cmlo
3058 2992 3317 3057 terraque
3342 3003 3474 3044 con-

240 3078 331 3132 καὶ
370 3077 516 3147 ὑπὲρ
560 3076 689 3138 τοὺς
722 3074 914 3138 ἄλλους
958 3074 1192 3144 ὑψωθεὶς
1231 3074 1329 3145 τὴν
1375 3074 1633 3137 διάνοιαν,
1685 3091 1718 3127 σ

1994 3067 2104 3133 :tis,
2138 3066 2229 3122 lux
2263 3067 2481 3138 quidem
2529 3076 2589 3123 ut
2620 3079 2804 3136 esset,
2859 3072 3102 3127 divinum
3159 3074 3473 3131 mandatum

240 3169 496 3222 εισελθεῖν
540 3167 865 3237 φιλονεικεῖς
904 3165 982 3235 τῷ
1032 3165 1251 3235 μεγάλῳ
1296 3165 1503 3236 Μωῦσῇ
1529 3205 1546 3231 ,
1596 3166 1676 3228 είς
1716 3187 1719 3200 ι

1996 3161 2276 3228 spectarit,
2314 3160 2550 3216 tenebrae
2580 3170 2761 3216 autem
2801 3163 3112 3219 exstiterint
3153 3167 3316 3221 etiam
3354 3166 3475 3221 sine

239 3261 434 3329 γνόφον
476 3258 582 3329 τῆς
625 3257 734 3311 τῶν
778 3255 1104 3327 ἀπορρήτων
1152 3254 1402 3326 θεωρίας,
1446 3256 1504 3308 ἐν
1532 3248 1577 3322 ᾧ
1604 3256 1810 3317 ἐκεῖνος
1913 3252 2191 3308 mandato.
2653 3289 2663 3299 .

239 3353 547 3422 γενόμενος,
597 3345 705 3402 εἶδέ
752 3364 816 3401 τε
856 3344 927 3399 τά
955 3345 1161 3399 ἀθέατα
1196 3348 1290 3400 καὶ
1315 3346 1423 3398 τῶν
1449 3345 1731 3416 ἁλαλήτων
1772 3344 1877 3414 ἔπη
1910 3344 2219 3415 ἠκροάσατο
2246 3383 2261 3407 ,
2305 3344 2400 3397 καὶ
2437 3344 2618 3416 ζητεῖς
2638 3330 2866 3414 ’γνῶναι
2896 3345 2992 3416 τὴν
3033 3346 3333 3415 ἀναγκαίαν
3377 3345 3477 3414 τῆς

240 3442 468 3503 κτίσεως
488 3437 666 3504 τάξιν,
690 3436 811 3497 πῶς
854 3435 949 3490 τοῦ
977 3433 1226 3507 οὐρανοῦ,
1269 3434 1364 3487 καὶ
1407 3434 1506 3505 τῆς
1542 3434 1644 3505 γῆς
1688 3432 2019 3501 γεγονότων,
2060 3432 2121 3485 τὸ
2150 3433 2248 3503 μὲν
2276 3432 2391 3502 φῶς
2415 3432 2675 3503 ἀναμένει
2702 3433 2763 3486 τὸ
2792 3433 2932 3488 θεῖον
2962 3433 3317 3506 πρόσταγμα,
3342 3437 3477 3506 πρὸς

240 3531 301 3585 τὸ
317 3527 574 3599 γενέσθαι
600 3526 716 3595 φῶς
734 3541 749 3558 ο
774 3520 837 3577 τὶ
864 3524 922 3577 δὲ
950 3524 1136 3587 σκότος
1161 3523 1254 3576 καὶ
1275 3522 1403 3576 ἄνευ
1437 3523 1856 3595 προστάγματος
1889 3516 1978 3592 ἦν.

241 3687 245 3690 ν
305 3625 416 3678 Καὶ
471 3624 521 3675 εί
574 3620 742 3691 μηδὲν
788 3618 895 3673 ἔδει
947 3617 1026 3686 τῷ
1071 3619 1211 3687 φωτὶ
1244 3617 1382 3688 πρὸς
1419 3617 1480 3671 τὺ
1530 3617 1811 3687 καταλαμ-

243 3715 466 3787 πρύνειν
494 3713 587 3765 τὸν
618 3709 974 3778 ὑποκείμενον
1017 3708 1185 3778 ἀέρα,
1223 3707 1319 3762 καὶ
1361 3707 1517 3763 νυκτὶ
1562 3708 1655 3762 καί⁸
1687 3705 1822 3778 ἡμέ-

242 3822 318 3875 pq.
360 3803 615 3874 διορίζειν
672 3796 764 3852 τὸν
820 3798 1044 3872 χρόνον,
1088 3798 1172 3862 τίς
1224 3793 1294 3870 ἦν
1350 3796 1510 3869 χρεία
1568 3797 1668 3863 τῆς
1723 3796 1818 3850 τοῦ

247 3895 399 3965 ἡλίου
456 3890 839 3960 κατασκευῆςς
887 3888 981 3941 καὶ
1024 3888 1071 3940 εί
1115 3887 1391 3958 καταρχὰς
1437 3886 1573 3957 μετά
1604 3885 1699 3939 τοῦ
1731 3887 1821 3939 ού-

246 3983 409 4053 ρανοῦ
436 3983 660 4052 γέγονεν
686 3982 721 4051 ἡ
748 3979 843 4050 γῆ,
866 3970 983 4040 πῶς
1006 3976 1481 4031 ἀκατασκεύαστον
1506 3977 1569 4030 τὸ
1596 3992 1820 4047 γεγενη-

1983 3613 2284 3681 Praeterea,
2330 3617 2378 3671 si
2421 3616 2486 3671 ad
2520 3615 2823 3685 subjectum
2854 3630 3034 3671 aerem
3072 3617 3475 3683 illustrandum,

1917 3714 1972 3762 et
2008 3713 2224 3775 tempus
2266 3714 2430 3761 nocte
2477 3707 2676 3776 dieque
2722 3705 3197 3776 distinguendum.
3231 3707 3381 3761 nulla
3419 3724 3478 3761 re

1916 3794 2009 3849 lux
2039 3794 2289 3865 indiguit,
2316 3794 2446 3864 quid
2475 3794 2525 3849 ei
2556 3794 2722 3851 fuerit
2746 3810 2905 3866 opus,
2927 3803 2991 3851 ut
3013 3797 3095 3852 sol
3125 3797 3480 3852 conderetur?

1914 3885 1997 3939 Ad
2033 3885 2183 3950 haec,
2218 3887 2263 3942 si
2300 3885 2456 3940 initio
2491 3887 2655 3941 simul
2695 3903 2819 3944 cum
2852 3889 2992 3944 caelo
3024 3896 3167 3943 terra
3214 3888 3317 3943 fuit
3351 3905 3482 3959 pro-

1916 3986 2118 4041 creata,
2150 3991 2259 4046 quo
2280 3983 2438 4047 pacto
2465 3974 3034 4046 fueritincomposita?
3062 3977 3200 4032 Nam
3231 3979 3276 4034 si
3302 3978 3480 4036 facere

251 4075 410 4146 μένον
439 4073 589 4137 ἐστίς
640 4070 715 4124 Τὸ
738 4070 847 4140 γὰρ
882 4069 1309 4132 κατασκευάσαι,
1350 4068 1530 4122 καὶτὸ
1572 4070 1730 4139 ποιῆσ

2002 4082 2328 4137 componere
2357 4067 2492 4121 nihil
2526 4068 2666 4122 inter
2702 4085 2763 4124 se
2793 4068 3046 4124 videntur
3077 4069 3313 4137 diﬁ'erre,
3345 4087 3481 4140 quo-

247 4167 394 4219 οὐδὲν
422 4165 575 4218 δοκεῖ
596 4161 872 4231 διαφέρειν
899 4159 1040 4213 κατά
1061 4157 1158 4229 τὴν
1186 4159 1412 4214 ἔννοιαν.
1445 4159 1508 4213 Εί
1534 4155 1627 4213 οὖν
1649 4159 1814 4212 ταύτό

246 4257 357 4309 ἐστι
381 4256 445 4309 τὸ
479 4253 707 4321 ποιῆσαι
732 4250 810 4320 τῷ
835 4251 1260 4325 κατασκευάσαι,
1290 4250 1405 4314 πῶς
1432 4249 1492 4303 τὸ
1522 4249 1817 4320 πεποιημέ-

244 4363 331 4399 νον
358 4344 511 4398 ἐστὶν
554 4341 1063 4408 ἀκατασκεύαστον;
1111 4344 1207 4396 καὶ
1244 4340 1314 4394 τὰ
1348 4341 1475 4411 περὶ
1516 4340 1614 4412 τῆς
1644 4341 1814 4413 ὑγρᾶς

245 4438 428 4502 οὐσίας
456 4433 904 4505 ἐπαπορούμενα,
932 4434 1006 4499 ὡς
1038 4434 1099 4487 ού
1128 4434 1347 4488 δυνατὸν
1375 4433 1434 4487 ὃν
1462 4433 1572 4487 ἄνω
1601 4433 1698 4504 τῆς
1727 4433 1816 4486 ού-

248 4529 429 4600 ρανίου
467 4527 659 4596 ἀψίδος
686 4527 743 4579 ἐν
776 4524 854 4594 τῷ
888 4524 1213 4594 σφαιροειδεῖ
1239 4525 1475 4595 σχήματι
1503 4524 1564 4577 τὸ
1592 4522 1815 4593 ρευστδν

248 4616 527 4686 ἐφιζῆσαι.
577 4614 703 4676 Πῶς
738 4614 847 4685 γὰρ
893 4612 1235 4683 ἐφιδρυνθείη
1278 4612 1358 4683 τῷ
1386 4612 1570 4685 κυρτῷ
1598 4614 1631 4686 ἡ
1661 4611 1824 4683 ὑγρό-

247 4723 365 4777 της,
397 4707 546 4760 κατά
579 4707 759 4759 πᾶσαν
784 4704 1028 4775 ἀνάγκην
1053 4704 1162 4758 ἀπὸ
1190 4703 1284 4757 τοῦ
1309 4704 1395 4757 ἀεὶ
1418 4704 1821 4777 κορυφουμένου

248 4798 343 4868 τῆς
387 4796 659 4867 σφαίρας,
704 4795 840 4868 πρὸς
880 4794 951 4848 τά
991 4793 1241 4864 ἐπικλινῆ
1275 4792 1369 4847 τοῦ
1412 4795 1687 4864 σχήματος
1728 4792 1821 4848 τοῦ

250 4887 417 4959 ύγροῦ
442 4886 881 4958 μταρῤέοντος;
909 4883 1035 4947 Πῶς
1071 4883 1129 4937 δὲ
1166 4882 1259 4937 τοῦ
1289 4883 1646 4954 ὑποκειμένου
1669 4885 1825 4939 ἀστα-

252 4978 491 5044 τσῦντος,
511 4980 572 5031 ἐν
592 4978 759 5047 ἑαυτῇ
784 4975 895 5042 age;
922 4975 981 5028 τὸ
1008 4976 1285 5045 στάσιμον,
1315 4974 1401 5027 ἀεὶ
1427 4974 1524 5045 τῆς
1546 4973 1678 5037 ίδίας
1697 4975 1824 5028 ἀπο-

251 5066 600 5121 λισθαίνουσα
637 5066 877 5136 βάσεως;
920 5063 1045 5129 Πῶς
1081 5064 1139 5118 δὲ
1175 5064 1236 5116 ού
1271 5062 1694 5135 σκεδασθήσεται
1727 5064 1824 5134 τῆς

252 5160 516 5231 ὀξυτάτης
561 5158 658 5212 τοῦ
694 5156 860 5211 πόλου
905 5158 1201 5228 περιφορᾶς
1231 5156 1291 5209 τὸ
1326 5154 1574 5224 ἐφιζάνον
1610 5154 1825 5218 πάντως

255 5249 690 5323 ἀποκρουούσηςς
701 5246 864 5300 ’Δλλά
881 5247 986 5317 μὴν
1001 5248 1094 5302 καὶ
1110 5247 1171 5300 τὸ
1190 5246 1523 5300 δαπανᾶσθαι
1538 5245 1635 5316 τὴν
1652 5245 1824 5315 ὑγρὰν

255 5342 408 5410 φύσιν
426 5340 696 5397 ἀπίθανον
717 5340 833 5402 τοῖς
848 5336 1186 5406 ἀντιλέγουσι
1210 5337 1476 5406 φαίνεται.
1493 5335 1593 5391 Διά
1606 5337 1667 5391 τὸ
1687 5336 1823 5391 πάν-

324 5497 347 5529 ³
384 5493 559 5549 Exod.
602 5509 720 5559 nx,
759 5491 830 5546 16
893 5506 1013 5562 sqq.

1920 4158 2116 4224 modo,
2147 4159 2290 4228 quod
2325 4158 2526 4213 factum
2557 4169 2661 4224 est,
2693 4160 3110 4231 incompositum
3150 4160 3285 4215 fuit?
3318 4160 3476 4223 Tum,
3516 4220 3519 4223 _

1920 4263 2040 4318 quae
2078 4248 2145 4303 ad
2191 4264 2385 4319 aquam
2439 4250 2712 4319 pertinent
2757 4252 3120 4320 qumstio’nes,
3159 4252 3314 4321 quasi
3363 4251 3480 4305 ﬁeri

1920 4354 2030 4393 non
2073 4341 2266 4409 possit,
2296 4349 2356 4394 ut
2388 4356 2552 4410 super
2582 4341 2771 4411 apside
2809 4343 3018 4397 caalesti
3048 4342 3327 4413 ﬁguraque
3375 4325 3494 4413 glo:

1920 4430 2054 4486 bosa
2111 4438 2165 4486 et
2193 4431 2426 4485 rotunda
2474 4433 2774 4486 consistant
2821 4448 2940 4502 quae
2966 4432 3110 4487 ﬂuxa
3155 4441 3305 4488 sunt.
3336 4432 3483 4499 Quo-

1921 4521 2084 4576 modo
2105 4521 2250 4576 enim
2277 4530 2472 4576 natura
2507 4522 2725 4577 humida
2757 4523 2812 4578 in
2841 4540 3012 4578 curvo
3036 4524 3339 4588 consideat,
3362 4539 3484 4595 qua:

1919 4611 1987 4667 de
2015 4612 2241 4682 sphaera:
2280 4611 2495 4683 fastigio
2532 4613 2585 4667 in
2616 4628 2818 4684 pronas
2858 4615 3043 4686 ﬁgurae
3075 4624 3259 4686 partes
3296 4630 3485 4670 neces-

1920 4703 2069 4758 sario
2108 4702 2334 4758 deﬁnit?
2372 4713 2466 4757 aut
2503 4707 2811 4774 quomodo,
2849 4722 2974 4761 cum
3012 4706 3063 4760 id
3103 4721 3211 4775 quo
3243 4706 3484 4760 sustine-

1919 4798 2011 4845 tur
2040 4792 2291 4848 instabile
2317 4792 2654 4862 sit,cumque
2691 4808 2721 4847 a
2750 4810 2846 4849 sua
2876 4795 2991 4849 basi
3024 4808 3235 4862 semper
3264 4792 3485 4846 delaba-

1919 4890 2032 4948 tur,
2061 4882 2117 4937 in
2159 4898 2219 4938 se
2268 4883 2387 4954 ipsa
2432 4883 2653 4940 habebit
2682 4884 3030 4939 ﬁrmitatem?
3069 4891 3164 4936 aut
3210 4885 3485 4952 quomodo

1919 4989 2030 5028 non
2064 4973 2443 5045 dissipabitur,
2476 4990 2601 5030 cum
2630 4974 3010 5030 incitatissima
3043 4973 3151 5042 poli
3196 4975 3487 5029 conversio

1921 5065 2055 5119 nihil
2102 5080 2331 5135 prorsus
2374 5063 2620 5121 insidens
2647 5066 3028 5133 inbaarensque
3058 5063 3164 5117 sibi
3194 5079 3305 5118 non
3350 5062 3487 5132 abji-

1921 5158 2031 5214 ciat
2050 5200 2065 5225 ,
2096 5172 2160 5212 ac
2183 5158 2449 5228 repellat?
2474 5158 2782 5224 Quinetiam
2827 5156 2950 5213 istis
2988 5155 3490 5211 contradicentibus

1931 5263 2041 5304 non
2077 5248 2295 5304 videtur
2332 5264 2457 5304 esse
2491 5248 2817 5313 verisimile,
2847 5258 2908 5303 ut
2945 5263 3067 5319 qua:
3094 5248 3315 5303 humida
3359 5251 3491 5304 sunt

1929 5346 2343 5404 consumantur,
2376 5352 2501 5392 cum
2529 5344 2584 5394 et
2610 5336 2862 5406 fontium,
2888 5345 2942 5395 et
2964 5336 3276 5409 ﬂuminum,
3299 5344 3354 5394 et
3376 5351 3493 5392 ma-
