3768 6000
255 137 322 191 67
1498 122 1558 177 S.
1599 115 1928 176 GREGORII
1972 107 2260 172 NYSSENI

3455 108 3544 162 68

259 260 355 318 ris.
393 261 449 310 et
491 254 710 309 lacuum
751 264 922 321 aquas
973 251 1028 304 in
1085 249 1275 304 eadem
1330 259 1545 316 semper
1578 257 1803 298 mensur

2014 256 2057 292 τε
2079 239 2138 291 ἐν
2161 240 2262 308 ῐσῳ
2295 237 2374 309 τῷ
2398 238 2581 308 μέτρῳ
2605 235 2673 289 τὰ
2697 234 2804 289 τῶν
2833 233 3040 290 ὑδάτων
3069 232 3301 305 ὁρᾶσθαι
3333 236 3544 303 συστή-

257 349 560 404 consistere
603 345 851 407 videant,
905 341 1146 411 exceptis
1195 337 1524 410 quibusdam
1568 335 1833 398 fontibus,

260 441 351 509 qui
398 455 461 493 ex
499 436 757 491 imbrium
789 435 1108 503 niviumque
1145 432 1198 486 vi
1229 431 1442 501 copiam
1478 442 1744 498 aquarum
1779 428 1836 481 in

256 528 548 599 superﬁcie
579 529 741 581 sitam
780 526 1097 596 colligentes
1122 567 1136 590 ,
1177 521 1506 578 torrentium
1538 521 1714 575 instar
1738 532 1838 589 pro

261 624 519 676 facultate
553 635 674 689 qua:
717 633 938 674 sursum
983 617 1270 687 provenit,
1302 615 1385 670 vel
1427 621 1718 683 augentur,
1751 613 1838 667 vel

258 712 538 766 deﬁciunt.
571 709 703 763 Nam
734 725 798 766 ex
833 709 1033 778 quibus
1069 707 1326 779 perennia
1352 705 1550 760 fluenta
1590 710 1835 768 manant,

261 817 362 856 nec
390 801 558 855 ullum
594 801 1003 854 decrementum
1049 799 1130 864 ﬁt,
1179 805 1272 852 aut
1320 795 1838 871 incrementum,.in

262 894 331 948 iis
356 893 492 947 nihil
514 893 764 947 humoris
795 891 1068 956 consumi,
1093 889 1385 945 manifesto
1414 896 1652 944 constat.
1681 887 1838 954 Quod

261 985 404 1038 enim
430 985 800 1051 consumitur,
829 983 1076 1038 eamdem
1108 989 1372 1052 perpetuo
1399 996 1713 1036 mensuram
1744 979 1840 1034 ob—

260 1076 435 1129 tinere
469 1089 578 1128 non
607 1081 806 1144 potest.
827 1073 906 1127 Ac
931 1089 998 1127 ne
1021 1074 1163 1144 ignis
1195 1072 1433 1144 quidem,
1459 1073 1504 1127 si
1531 1071 1689 1126 modo
1718 1087 1838 1126 eam

260 1180 387 1219 vere
417 1171 668 1217 naturam
711 1163 893 1227 habet,
931 1172 991 1218 ut
1025 1179 1219 1234 aquam
1262 1170 1578 1228 consumat,
1618 1179 1840 1218 mensu-

259 1270 374 1309 ram
403 1257 679 1324 pr0priam
711 1263 976 1319 tueretur,
1007 1264 1098 1309 aut
1125 1256 1334 1310 nullum
1367 1263 1714 1325 augmentum
1741 1271 1842 1308 nu-

261 1345 646 1399 trimeutumve
675 1344 1001 1414 susciperet.
1039 1344 1223 1414 Neque
1249 1346 1392 1401 enim
1433 1345 1546 1399 ﬁeri
1579 1353 1756 1415 potest
1786 1353 1842 1400 ut

258 1436 379 1504 ejus
404 1447 597 1490 natura
626 1451 692 1489 ex
727 1436 953 1491 materia
993 1445 1317 1506 consumpta
1349 1451 1456 1490 non
1486 1444 1768 1505 augeatur.

329 1527 455 1581 Haec
497 1535 549 1581 et
579 1526 778 1581 similia
812 1527 856 1582 si
883 1535 938 1580 tu
971 1527 1264 1596 diligenter
1301 1526 1566 1596 indagans
1595 1535 1648 1582 et
1673 1527 1838 1582 rebus

260 1612 588 1666 sublimibus
621 1613 968 1677 incumbens,
996 1629 1060 1669 ea
1093 1630 1214 1683 quae
1247 1630 1278 1669 a
1307 1613 1456 1671 Mose
1498 1615 1553 1669 in
1587 1616 1837 1686 caliginis

261 1703 600 1758 obscuritate
628 1712 922 1774 conspecta
943 1713 1090 1771 sum,
1118 1712 1172 1760 et
1200 1707 1312 1775 ipse
1330 1705 1636 1775 perspicere
1657 1705 1835 1776 cupis,

261 1801 316 1847 et
343 1793 676 1849 multitudini
720 1794 1048 1865 patefacere,
1086 1797 1388 1866 prudentiae
1415 1804 1518 1851 tua:
1547 1798 1840 1853 consulue-

258 1885 381 1948 rim,
413 1900 482 1939 ne
512 1885 678 1938 alium
709 1895 1010 1955 spectares,
1046 1887 1140 1941 sed
1175 1888 1240 1942 ad
1271 1903 1388 1942 eam
1431 1889 1659 1958 gratiam
1699 1904 1835 1944 con-

259 1975 495 2045 fugeres,
526 1992 648 2046 quae
685 1977 740 2030 in
773 1986 824 2030 te
855 1984 960 2040 est,
992 1987 1044 2032 et
1073 1977 1141 2032 ad
1174 1978 1434 2048 Spiritum
1469 1981 1834 2046 revelationis,

258 2066 350 2135 qui
379 2067 634 2131 precibus
663 2075 928 2121 exoratus
964 2083 1149 2122 rerum
1195 2069 1503 2123 divinarum
1550 2077 1604 2123 et
1635 2070 1834 2125 altissi-

258 2168 470 2206 marum
513 2169 712 2209 arcana
752 2156 1039 2211 reserabit.
1071 2156 1270 2213 Verum
1305 2160 1560 2228 quoniam
1592 2175 1660 2214 ex
1695 2161 1838 2231 Apo—

260 2245 456 2299 stolica
486 2245 599 2316 lege
627 2246 888 2304 debemus
913 2256 1108 2305 mutuo
1138 2250 1296 2305 nobis
1328 2251 1430 2320 ipsi
1459 2251 1683 2315 servire,
1719 2251 1836 2306 lau-

256 2336 563 2406 dabilisque
612 2339 896 2394 servitutis
941 2341 1222 2410 proprium
1266 2352 1368 2406 est,
1412 2341 1573 2398 factis
1618 2359 1682 2397 ea
1716 2359 1836 2413 quae

259 2430 514 2483 mandata
547 2437 677 2484 sunt
706 2431 962 2500 exsequi;
999 2432 1404 2499 precationibus
1436 2433 1545 2486 tuis
1574 2432 1836 2502 adjuvan-

253 2521 402 2576 tibus
429 2535 650 2590 Operam
687 2520 850 2582 dabo.
897 2530 957 2573 ut
989 2533 1254 2588 quantum
1288 2521 1402 2574 ﬁeri
1435 2523 1658 2590 poterit,
1688 2537 1836 2591 quaa-

255 2611 462 2665 stiones
504 2610 604 2663 has
647 2610 886 2664 breviter
923 2612 1207 2680 explicem.
1249 2609 1355 2665 Sed
1399 2621 1689 2682 antequam
1734 2628 1833 2668 ex-

251 2703 460 2766 ordiar,
507 2701 637 2756 illud
673 2709 926 2755 testatum
957 2704 1102 2768 volo,
1134 2703 1264 2756 mihi
1296 2711 1505 2756 certum
1534 2720 1653 2759 esse
1685 2705 1832 2759 nulla

252 2795 308 2846 in
339 2807 399 2847 re
435 2793 815 2847 contradicere
857 2792 925 2847 iis
963 2809 1084 2862 quae
1117 2807 1147 2846 a
1193 2791 1250 2846 S.
1304 2793 1505 2848 Basilio
1540 2795 1592 2849 in
1643 2797 1832 2850 mundi

254 2883 689 2952 procreationem
721 2884 1035 2952 conscripta
1064 2891 1214 2947 sunt,
1245 2885 1454 2940 etiamsi
1492 2902 1580 2940 me
1612 2887 1826 2941 dicendi
1856 2916 1898 2971 ο

252 2972 388 3025 ordo
420 2971 487 3025 ad
519 2971 679 3024 aliam
712 2972 1111 3042 expositionem
1145 2973 1452 3030 adduxerit.
1485 2972 1623 3030 Rata
1663 2978 1828 3048 igitur

249 3065 363 3117 sint
395 3062 540 3117 illius
579 3064 805 3132 scripta,
845 3073 1231 3135 praestemque,
1257 3082 1359 3120 nec
1393 3067 1541 3132 ullis,
1591 3069 1693 3122 nisi
1725 3067 1830 3125 Te-

252 3154 506 3210 stamenti
527 3155 712 3210 divino
743 3154 952 3226 Spiritu
979 3157 1223 3211 dictante
1251 3160 1480 3222 exarati,
1505 3175 1828 3216 monumen-

250 3245 321 3299 tis
351 3243 564 3299 cedant.
603 3241 802 3298 Nostra
832 3260 962 3300 vero
995 3247 1304 3316 quicunque
1335 3247 1595 3316 legerint,
1637 3250 1830 3302 et.ali-

248 3335 381 3404 quid
411 3343 608 3405 praeter
637 3349 982 3390 communem
1024 3336 1338 3406 Opinionem
1373 3338 1698 3402 invenerint,
1746 3341 1826 3395 sic

248 3428 542 3496 accipiant,
591 3433 652 3480 ut
679 3427 800 3482 sine
831 3419 997 3482 ullius
1040 3427 1242 3496 iniuria
1276 3429 1329 3482 in
1359 3429 1575 3485 dicendi
1615 3432 1826 3486 exerci-

252 3519 457 3572 tatione
485 3517 840 3586 probabiliter
865 3517 1162 3588 disputata.
1207 3516 1394 3590 Neque
1437 3521 1580 3575 enim
1622 3537 1824 3592 propo-

250 3609 415 3664 situm
444 3607 757 3673 defendere,
783 3617 878 3664 aut
900 3611 1096 3681 dogma
1127 3614 1461 3667 constituere
1485 3613 1820 3681 profitemur,

250 3707 308 3752 ut
364 3699 828 3754 calumniantibus
876 3700 1223 3755 occasionem
1277 3702 1650 3772 praebeamus,
1724 3720 1825 3760 nec

249 3790 400 3843 hisee
452 3790 674 3857 scriptis
714 3790 1182 3859 interpretationis
1231 3792 1534 3847 doctrinam
1583 3795 1820 3859 tradere,

247 3879 342 3933 sed
369 3878 612 3932 animum
648 3887 702 3934 et
730 3880 1112 3949 cogitationem
1153 3891 1398 3936 nostram
1434 3883 1490 3937 in
1523 3884 1628 3938 hoc
1655 3899 1821 3955 argui-

247 3980 434 4026 mento
478 3972 745 4025 duntaxat
781 3986 1055 4026 exercere.
1091 3971 1259 4028 Nemo
1293 3975 1457 4043 igitur
1486 3985 1761 4045 exspectet
1792 3992 1821 4030 a

247 4063 426 4127 nobis,
459 4069 518 4116 ut
544 4062 961 4132 quaestionibus,
989 4078 1110 4132 quae
1146 4064 1230 4118 vel
1253 4079 1320 4118 ex
1350 4073 1539 4120 sancta
1573 4059 1821 4136 Scrlptu-

248 4168 328 4218 ra,
364 4152 447 4208 vel
481 4168 549 4208 ex
589 4153 658 4208 iis
688 4167 810 4223 quae
848 4168 878 4206 a
914 4161 1244 4224 praeceptore
1280 4164 1472 4212 nostro
1501 4159 1683 4212 statim
1712 4159 1822 4213 de-

246 4244 452 4299 clarata
481 4251 630 4308 sunt,
663 4259 891 4316 quaeque
919 4246 974 4299 in
1007 4259 1352 4302 communem
1386 4248 1695 4317 opinionem
1727 4264 1820 4304 ca-
1849 4278 1894 4333 ι)

246 4335 376 4389 dere
403 4334 676 4398 videntur,
704 4338 1064 4408 implicemur.
1078 4337 1395 4394 Nobisenim
1409 4351 1606 4396 nonest
1620 4355 1817 4410 propo-

248 4426 414 4482 situm
447 4431 506 4478 ut
539 4439 602 4480 ea
634 4425 991 4482 conciliemus
1017 4441 1137 4495 quae
1165 4426 1413 4494 protinus
1450 4438 1712 4498 apparent
1738 4431 1822 4486 in-

248 4528 330 4570 ter
356 4531 416 4570 se
450 4515 749 4568 contraria.
782 4514 1146 4581 Quamobrem
1174 4517 1334 4571 liceat
1369 4518 1529 4574 nobis
1565 4535 1629 4575 ex
1665 4521 1823 4578 insti-

250 4618 367 4662 luto
397 4615 587 4661 nostro
614 4607 907 4662 verborum
939 4621 1160 4662 sensum
1195 4609 1501 4678 explorare,
1537 4619 1591 4666 et
1617 4611 1671 4666 in
1699 4629 1818 4668 eam

248 4713 433 4752 curam
462 4697 802 4764 incumbere,
834 4706 893 4751 ut
916 4696 1144 4752 vocibus
1176 4696 1231 4751 in
1261 4698 1662 4769 signiﬁcatione
1687 4719 1818 4774 pro-

249 4789 364 4858 pria
389 4789 836 4858 permanantibus
861 4798 1070 4844 certum
1101 4804 1281 4844 rerum
1302 4795 1696 4862 procreationis
1723 4811 1814 4852 or-

247 4877 450 4943 dinem,
488 4893 552 4933 ac
601 4880 798 4934 seriem
851 4879 1304 4950 contemplemur.
1344 4900 1364 4934 ι
1445 4885 1500 4940 1η
1557 4888 1826 4959 principio

247 4968 528 5041 (inquit),
566 4970 694 5026 fecit
736 4971 879 5026 Deus
913 4972 1112 5026 coalum
1145 4982 1202 5028 et
1235 4982 1437 5032 terram
1460 4977 1500 5042 ⁸,
1548 4996 1567 5028 ι
1608 4986 1659 5033 et
1685 4980 1818 5034 reli-

246 5076 373 5130 qua,
409 5077 529 5131 qua:
559 5062 818 5133 deinceps
857 5064 1044 5119 mundi
1089 5063 1347 5123 fabricam
1375 5079 1428 5124 et
1464 5085 1528 5125 ea
1559 5087 1681 5141 qua:
1721 5087 1816 5127 sex

244 5153 456 5208 dierum
486 5154 665 5224 spatio
695 5153 835 5210 facta
871 5165 1002 5212 sunt
1032 5160 1484 5230 complectuntur.
1521 5161 1811 5230 Caeterum,

245 5248 563 5316 priusquam
599 5262 788 5303 eorum
823 5265 944 5321 qua:
973 5252 1175 5322 scripta
1222 5261 1372 5320 sunt,
1420 5255 1813 5322 expositionem

244 5337 643 5404 aggrediamur,
692 5338 822 5396 illud
867 5343 1026 5398 nobis
1067 5345 1303 5414 positum
1343 5347 1814 5416 constitutumque

242 5430 382 5488 sitin
401 5438 594 5486 natura
607 5433 787 5490 divina
805 5451 930 5492 cum
949 5436 1230 5496 voluntate
1258 5439 1332 5494 ita
1355 5452 1686 5496 concurrere
1710 5454 1810 5510 po-

345 5545 367 5579 ⁶
399 5543 533 5601 Gen.
559 5561 602 5614 ι,
639 5546 692 5601 1.

1940 350 2106 404 ματα,
2128 335 2186 386 ἐν
2206 333 2410 402 πηγαῖς
2427 347 2487 384 τε
2513 332 2607 384 καὶ
2629 331 2914 398 ποταμοῖς,
2932 329 3026 382 καὶ
3055 326 3292 398 λίμναις,
3315 327 3458 400 πλὴν
3479 327 3545 380 εἰ

1935 442 2080 488 τινες
2093 424 2201 478 τῶν
2223 422 2411 494 πηγῶν
2427 421 2746 476 ἐπιπολαίαν
2764 421 2980 490 ἔχουσαι
2995 420 3093 492 τὴν
3112 419 3206 472 τοῦ
3226 419 3418 483 ὓδατος
3435 437 3544 490 χο·-

1942 517 2156 588 ρηγίαν,
2189 517 2283 569 καὶ
2302 516 2679 586 διαπηδήσεως
2712 513 2989 586 δμϐρωνῆ
3022 513 3214 583 χιόνων
3242 511 3542 581 πηγάξου-

1939 625 2056 662 σιν·
2092 609 2147 661 αἳ
2181 608 2481 679 χειμάρρου
2517 607 2717 678 τρόπον
2757 609 2822 677 τῇ
2871 605 3076 659 ἄνωθεν
3119 605 3352 674 ἐπιρροῇ
3399 618 3539 654 συν-

1939 700 2270 770 απολήγουσί
2300 717 2358 753 τε
2397 700 2489 753 καὶ
2520 699 2896 764 συναύξονται.
2939 697 3056 766 Ἐφ’
3093 689 3168 750 ὧν
3207 694 3264 748 δέ
3299 693 3538 748 ἀένναον

1940 795 2222 862 προχεῖται
2255 792 2316 844 τὸ
2351 792 2584 863 ῥεῖθρον,
2620 791 2887 862 μηδεμιᾶς
2917 787 3264 850 ἐλαττώσεως
3299 785 3535 857 ἢαὺξὴ-

1942 899 2080 946 σεως
2125 884 2436 953 γενομένης,
2471 883 2784 950 ἀναγκαίως
2816 879 2876 933 τὸ
2930 879 3096 950 μηδὲν
3135 875 3534 931 ἀναλίσκεσθαι

1939 975 2038 1045 τῆς
2079 975 2252 1045 ὑγρᾶς
2279 974 2466 1037 οὐσίας
2500 974 2864 1044 ὁμολογεῖται.
2913 970 2988 1024 Οὑ
3019 969 3129 1040 γὰρ
3158 968 3439 1037 ἐνδέχεται
3465 967 3533 1020 τὸ

1939 1062 2324 1135 δαπανώμενον
2367 1064 2425 1117 ἐν
2473 1063 2551 1134 τῷ
2585 1063 2683 1133 ἴσῳ
2734 1063 2916 1132 μέτρῳ
2994 1059 3130 1130 πρὸς
3162 1060 3222 1112 τὺ
3279 1059 3532 1128 διηνεκὲς

1939 1155 2240 1224 διαμένειν·
2280 1154 2394 1207 ἀλλ’
2422 1154 2542 1207 οὐδὲ
2580 1152 2640 1206 τὸ
2674 1151 2805 1224 πῦρ,
2838 1151 2993 1223 εἴπερ
3025 1151 3102 1221 τῷ
3129 1150 3243 1202 ὄντι
3273 1149 3529 1219 δαπανη-

1940 1244 2088 1298 τικὸν
2117 1245 2210 1298 τοῦ
2244 1243 2432 1308 ὓδατος
2459 1240 2547 1316 ἦν,
2581 1243 2771 1314 ἔμενεν
2803 1242 2867 1297 ἂν
2897 1242 2990 1295 ἐπὶ
3023 1242 3116 1295 τοῦ
3148 1241 3277 1295 ιδίου
3320 1240 3527 1312 μέτρου

1941 1336 2172 1402 άναυξές
2215 1354 2277 1390 τε
2323 1337 2416 1390 καὶ
2464 1337 2714 1406 ἄτροφον.
2752 1337 2825 1388 Οὑ
2877 1335 2987 1405 γάρ
3039 1335 3154 1386 ἐστι
3201 1333 3426 1386 δυνατὸν
3454 1334 3526 1403 τῇ

1941 1430 2302 1500 δαπανωμένῃ
2357 1428 2456 1500 ὕλῃ
2489 1428 2581 1481 τοῦ
2614 1429 2784 1499 πυρὸς
2834 1430 2908 1498 μὴ
2945 1425 3304 1491 συναύξεσθαι
3334 1424 3526 1493 φύσιν.

2014 1517 2077 1571 Εί
2102 1514 2194 1572 οὖν
2222 1518 2396 1572 ταῦτα
2426 1519 2488 1570 σὺ
2513 1519 2607 1571 καὶ
2631 1517 2698 1570 τά
2720 1515 2945 1570 τοιαῦτα
2974 1513 3464 1585 πολυπραγμονῶν,
3495 1513 3530 1564 ό

1940 1611 2073 1664 πᾶσι
2119 1610 2230 1673 τοῖς
2281 1609 2506 1680 ὑψηλοῖς
2553 1607 3031 1678 ἐπεκτεινόμενος,
3083 1607 3178 1660 καὶ
3222 1605 3290 1658 τὰ
3343 1606 3401 1657 ἐν
3440 1603 3528 1674 τῷ

1940 1701 2087 1771 ζόφῳ
2116 1703 2216 1771 τῆς
2252 1699 2346 1754 τοῦ
2377 1699 2655 1763 Μωὺσέως
2684 1697 2948 1760 ὀπτασίας
2981 1697 3232 1767 κείμενα,
3267 1695 3430 1758 αὑτός
3461 1710 3524 1747 τε

1942 1795 2066 1849 ίδεῖν
2102 1798 2166 1865 τῇ
2202 1795 2456 1865 φρονήσει
2492 1809 2605 1855 σου,
2645 1790 2719 1862 μὴ
2761 1789 2894 1862 πρὸς
2933 1789 3087 1842 ἄλλον
3119 1787 3354 1858 βλέπειν.
3381 1787 3526 1840 ἀλλά

1937 1889 2074 1960 πρὸς
2098 1887 2196 1958 τὴν
2225 1889 2282 1940 ἐν
2317 1888 2398 1940 σοὶ
2430 1887 2608 1957 χάριν,
2649 1885 2743 1938 καὶ
2771 1884 2846 1954 τῷ
2881 1881 3147 1953 πνεύματι
3185 1883 3282 1952 τῆς
3306 1882 3522 1934 άποκα·

1936 1979 2148 2049 λύψεως
2179 1979 2258 2048 τῷ
2279 1977 2369 2031 διά
2396 1977 2504 2029 τῶν
2539 1975 2855 2046 προσευχῶν
2885 1991 2966 2027 σοι
3005 1973 3414 2045 φανερουμένῳ,
3447 1972 3522 2026 τά

1937 2070 2056 2123 Θεία
2105 2068 2241 2140 βάθη
2296 2067 2692 2138 διερευνᾶσθαι.
2752 2065 2907 2120 Ἐπεὶ
2960 2065 3017 2118 δέ
3073 2066 3177 2136 χρὴ
3231 2065 3372 2118 κατά
3422 2064 3520 2117 τὸν

1936 2165 2288 2218 ἀποστολικὸν
2319 2164 2480 2236 νόμον
2509 2164 2678 2218 εἴκειν
2707 2161 2954 2234 ἀλλήλοις
2985 2163 3052 2215 δι’
3078 2162 3299 2229 ἀγάπης
3331 2161 3480 2228 ἡμᾶς
3502 2179 3516 2192 ο

1937 2254 2066 2308 ἴδιον
2098 2255 2154 2307 δὲ
2203 2255 2300 2324 τῆς
2330 2255 2620 2323 ἐπαινετῆς
2662 2252 2905 2315 δουλείας
2949 2252 3084 2317 ἐστὶ,
3123 2251 3183 2304 τὸ
3229 2253 3308 2314 είς
3351 2250 3522 2322 ἔργον

1935 2346 2162 2412 ἀγαγεῖν
2193 2348 2260 2397 τὰ
2287 2345 2652 2414 ἐπιτάγματα,
2690 2343 2780 2396 διὰ
2810 2343 3055 2414 βραχέων
3088 2343 3164 2404 ὡς
3203 2341 3318 2394 ἔστι
3355 2340 3521 2394 δυνα-

1933 2437 2046 2502 τὸν,
2087 2437 2185 2507 τὴν
2217 2436 2343 2507 περὶ
2369 2435 2572 2489 τούτων
2616 2432 2882 2504 ὑπόληψιν
2916 2432 3219 2501 ἐκκαλύψαι
3251 2431 3520 2502 πειράσο-

1939 2545 2054 2598 μαι,
2082 2529 2146 2598 τῇ
2176 2530 2246 2598 σῇ
2278 2528 2551 2596 προσευχῇ
2580 2525 2852 2594 συμμάχῳ
2909 2523 3046 2593 πρὸς
3071 2521 3160 2575 τὸν
3186 2520 3341 2589 λόγον
3368 2520 3522 2592 χρώ-

1938 2636 2118 2688 μενος.
2150 2617 2318 2670 Τοῦτο
2343 2617 2399 2670 δέ
2436 2634 2524 2687 μοι
2550 2615 2655 2685 πρὸ
2683 2617 2782 2684 τῆς
2811 2614 3176 2684 ἐγχειρήσεως
3204 2612 3521 2682 διαμεμαρ-

1932 2707 2202 2777 τυρήσθω,
2249 2706 2308 2758 τὸ
2356 2705 2522 2776 μηδὲν
2561 2705 2710 2774 ἡμᾶς
2760 2700 3228 2772 ἀντιδογματίζειν
3257 2699 3334 2770 τῷ
3368 2699 3519 2771 ἁγίῳ

1933 2795 2216 2864 Βασιλείῳ,
2249 2795 2377 2866 περὶ
2407 2794 2515 2848 τῶν
2545 2793 2686 2847 κατά
2713 2792 2813 2862 τὴν
2839 2791 3198 2861 κοσμογονίαν
3231 2789 3380 2860 αὑτῷ
3417 2807 3518 2859 φι-

1932 2886 2357 2955 λοσοφηθέντων,
2412 2885 2533 2956 μηδ’
2587 2884 2654 2938 ἂν
2706 2885 2842 2954 πρὸς
2890 2883 3083 2953 ἑτέραν
3135 2881 3392 2952 ἐξήγησιν
3444 2882 3518 2934 ἐκ

1929 2993 2073 3040 τινος
2111 2975 2426 3038 ἀκολουθίας
2458 2979 2486 3028 ό
2513 2975 2668 3043 λόγος
2717 2975 2844 3044 ἔλθῃ
2865 2991 2878 3004 ’
2926 2973 3039 3027 ἀλλ’
3073 2975 3256 3026 ἐκεῖνα
3293 2972 3392 3042 μὲν
3417 2989 3520 3024 κε-

1928 3067 2242 3139 κρατήσθω,
2283 3068 2377 3120 καὶ
2410 3069 2575 3138 μόνης
2604 3066 2705 3136 τῆς
2761 3060 3114 3117 θεοπνεύστου
3142 3063 3411 3134 Διαθὴκης
3436 3063 3516 3116 τὰ

1926 3160 2204 3228 δευτερεῖα
2236 3158 2483 3228 φερέσθω
2507 3175 2520 3190 ο
2561 3157 2632 3210 τά
2659 3158 2715 3210 δέ
2743 3158 2990 3228 ἡμέτερα
3020 3155 3095 3218 ώς
3131 3156 3188 3208 ἐν
3218 3155 3515 3224 γυμνασίῳ

1926 3250 2032 3302 τινὶ
2077 3248 2445 3319 σχολαπικσῦς
2495 3248 2916 3318 ἐπιχειρούμενα
2963 3249 3076 3309 τοῖς
3119 3245 3510 3313 ἐντυγχάνουσι

1927 3340 2269 3411 προκείσθω,
2326 3340 2596 3410 μηδεμιᾶς
2651 3338 2839 3408 μηδενὶ
2894 3337 2982 3390 διά
3035 3335 3239 3388 τούτων
3298 3334 3511 3406 βλάϐης

1926 3431 2380 3501 προσγινομένης,
2427 3428 2480 3480 εἴ
2505 3446 2557 3480 τι
2586 3429 2738 3498 παρὰ
2764 3429 2864 3498 τὴν
2912 3426 3094 3496 κοινὴν
3129 3425 3395 3494 ὑπόληψιν
3445 3427 3509 3478 ἐν

1925 3525 2032 3585 τοῖς
2060 3521 2372 3592 λεγομένοις
2399 3521 2723 3597 εὑρίσκοιτο.
2757 3518 2832 3572 υὺ
2859 3518 2968 3588 γάρ
2999 3517 3174 3588 δόγμα
3213 3516 3302 3570 τὸν
3343 3515 3507 3583 λόγον

1925 3613 2245 3683 ποιούμεθα,
2279 3612 2420 3664 ὥστε
2448 3611 2700 3682 ἀφορμὴν
2740 3610 2922 3663 δοῦναι
2947 3611 3061 3671 τοῖς
3090 3607 3464 3661 διαϐάλλουσιν
3483 3621 3502 3638 ·

1924 3704 2037 3757 ἀλλ’
2088 3703 2458 3774 ὁμολογοῦμεν
2503 3702 2867 3772 ἐγγυμνάζειν
2922 3700 3081 3770 μόνον
3144 3698 3350 3752 ἑαυτῶν
3401 3698 3505 3768 τὴν

1923 3794 2183 3858 διάνοιαν,
2208 3797 2320 3856 τοῖς
2351 3794 2734 3864 προκειμένοις
2754 3797 3040 3863 νοήμασιν,
3070 3791 3129 3842 οὑ
3153 3788 3504 3842 διδασκαλίαν

1923 3884 2253 3953 ἐξηγητικὴν
2304 3885 2416 3945 τοῖς
2466 3883 2664 3951 ἐφεξῆς
2715 3881 3088 3934 ἀποτίθεσθαι.
3143 3880 3215 3932 Tb
3265 3880 3363 3948 μὲν
3405 3874 3503 3933 οὖν

1925 3973 2328 4044 συμπλέκεσθαι
2368 3972 2502 4044 πρὸς
2533 3973 2630 4036 τὰς
2659 3973 2938 4034 ἐνστάσεις
2964 3971 3062 4034 τὰς
3082 3971 3189 4024 ἀπὸ
3211 3971 3310 4040 τῆς
3337 3971 3503 4038 ἁγίας

1922 4067 2142 4138 Γραφῆς
2199 4067 2329 4136 ἡμῖν
2405 4065 2860 4135 προτεινομένας,
2914 4064 3009 4116 καὶ
3071 4064 3135 4115 ἐκ
3191 4061 3298 4115 τῶν
3363 4064 3492 4130 περὶ

1921 4155 2059 4207 πόδα
2086 4153 2237 4225 παρά
2288 4153 2380 4207 τοῦ
2437 4154 2753 4207 διδασκάλου
2805 4153 2961 4224 ἡμῶν
3012 4153 3494 4223 ἐρμηνευθέντων,

1920 4247 2020 4299 ὅσα
2082 4247 2230 4299 δοκεῖ
2263 4247 2336 4316 μὴ
2388 4245 2706 4316 συμϐαίνειν
2750 4248 2869 4308 ταῖς
2911 4245 3116 4308 κοιναῖς
3163 4243 3497 4313 ὑπολήψεοι,

1926 4338 2114 4410 μηδεὶς
2170 4338 2465 4392 ἀπαιτείτω
2511 4337 2602 4391 τὸν
2648 4337 2779 4407 ἐμὸν
2825 4337 3003 4406 λόγον.
3054 4337 3129 4390 Ub
3181 4337 3291 4408 γὰρ
3339 4334 3500 4389 τοῦτό

1921 4447 2010 4501 μοι
2072 4430 2376 4500 πρόκειται,
2429 4429 2508 4491 τὸ,
2561 4429 2888 4499 συνηγορίαν
2938 4428 3061 4482 τινὰ
3107 4429 3219 4490 τοῖς
3265 4427 3330 4480 ἐκ
3399 4423 3498 4480 τοῦ

1917 4519 2206 4591 προχείρου
2284 4519 2626 4590 φαινομένοις
2703 4517 3101 4589 ἐναντιώμασιν
3171 4517 3494 4587 ἐπινοῆσαι·

1916 4612 2053 4666 ἀλλά
2087 4628 2176 4680 μοι
2208 4611 2616 4682 συγχωρηθήτω
2650 4610 2772 4664 κατ’
2801 4609 3046 4675 ἐξουσίαν
3080 4609 3218 4682 πρὸς
3250 4609 3341 4662 τὸν
3364 4610 3499 4662 [διον

1919 4702 2120 4756 σκοπὸν
2162 4701 2260 4772 τὴν
2307 4700 2416 4754 τῶν
2469 4699 2646 4772 ῥητῶν
2692 4699 2944 4766 ἐξετάσαι
2999 4699 3273 4752 διάνοιαν·
3326 4698 3497 4761 εἶπως

1917 4796 2048 4867 ἡμῖν
2079 4795 2289 4862 γένοιτο
2314 4792 2559 4855 δυνατὸν,
2588 4790 2875 4862 συμμαχίᾳ.
2912 4789 3070 4852 Θεοῦ,
3100 4788 3368 4860 μενούσης
3393 4785 3498 4856 τῆς

1916 4887 2113 4953 λέξεως
2144 4888 2238 4939 ἐπὶ
2269 4884 2370 4954 τῆς
2411 4883 2544 4946 ἰδίας
2573 4883 2883 4952 ἐμφάσεως,
2916 4880 3331 4951 συνηρτημένην
3374 4879 3498 4930 τινὰ

1917 4983 2009 5035 καὶ
2038 4976 2326 5033 ἀκόλουθον
2363 4977 2420 5028 ἐν
2444 4976 2511 5044 τῇ
2541 4972 2715 5028 κτίσει
2743 4973 2852 5026 τῶν
2889 4971 3190 5041 γεγονότων
3214 4969 3498 5040 ἐπινοῆσαι

1922 5074 2022 5142 τὴν
2071 5068 2324 5137 θεωρίαν.
2379 5085 2398 5118 ι
2449 5065 2539 5120 Ἐν
2563 5067 2710 5139 ἀρχῇ
2764 5062 3010 5133 ἐποίησε,
3063 5064 3248 5132 φησὶν,
3301 5065 3329 5114 ό
3361 5060 3498 5123 Θεὸς

1920 5163 2010 5216 τὸν
2042 5159 2269 5230 οὐρανὸν
2299 5159 2393 5211 καὶ
2419 5158 2518 5229 τὴν
2546 5155 2672 5226 γῆν,
2712 5173 2730 5206 ι
2758 5154 2853 5208 καὶ
2881 5153 2952 5207 τά
2986 5153 3184 5222 ἐφεξῆς
3213 5154 3312 5205 ὅσα
3337 5165 3503 5218 περι-

1922 5251 2036 5322 έχει
2061 5250 2159 5318 τῆς
2185 5244 2542 5316 κοσμογονίας
2566 5245 2595 5296 ό
2624 5243 2799 5312 λόγος,
2827 5241 2898 5295 τά
2929 5243 3026 5312 μὲν
3055 5240 3119 5312 δὴ
3154 5242 3498 5308 γεγενημένα

1919 5341 2060 5396 κατὰ
2100 5341 2198 5410 τὴν
2252 5337 2586 5410 Ἐξαήμερον
2632 5334 2826 5388 ταῦτα.
2873 5333 2993 5404 Χρὴ
3040 5332 3119 5394 δὲ,
3164 5327 3338 5400 οἶμαι,
3386 5328 3501 5396 πρὸ

1917 5434 2018 5505 τῆς
2052 5432 2349 5496 ἐξετάσεως
2379 5428 2487 5484 τῶν
2511 5425 2932 5498 γεγραμμένων,
2970 5425 3147 5479 ἐκεῖνο
3176 5421 3498 5493 διομολογη-
