3746 5994
154 143 216 195 69
1353 130 1418 185 IN
1454 128 1926 187 HEXAEMERON
1966 129 2185 184 LIBER.
3337 135 3408 190 7o

155 256 310 321 θῆναι
339 251 422 322 τῷ
446 251 609 321 λόγῳ,
642 250 727 304 ὅτι
761 250 855 304 ἐπὶ
880 249 982 320 τῆς
1012 248 1163 313 θείας
1194 249 1407 319 φύσεως
1440 247 1734 321 σύνδρομός

1924 256 2110 313 tatem,
2130 254 2189 302 ut
2205 247 2299 303 Dei
2323 247 2612 319 potestatis
2635 262 2891 304 mensura
2915 247 2988 302 sit
3005 249 3120 318 ipsa
3137 249 3411 317 voluntas;

154 350 265 398 ἐστι
293 349 360 414 τῇ
415 344 671 415 βουλήσει
704 345 738 415 ἡ
786 343 1035 412 δύναμις,
1071 343 1167 396 καὶ
1202 341 1399 415 μέτρον
1433 342 1534 412 τῆς
1570 341 1732 396 δυνά-

158 451 300 503 μεως
331 432 431 486 τοῦ
483 430 620 486 Θεοῦ
665 431 728 486 τὸ
760 431 968 501 θέλημα
1015 431 1259 499 γίνεται’
1307 431 1369 484 τὸ
1419 431 1478 484 δὲ
1529 429 1738 501 θέλημα

157 526 310 596 σοφία
346 526 523 579 ἐστίν.
557 524 758 593 Σοφίας
799 523 856 575 δὲ
887 523 1035 586 ἴδιον,
1064 522 1126 576 τὸ
1157 521 1320 594 μηδὲν
1351 522 1562 589 ἀγνοεῖν
1591 521 1738 584 ὅπως

155 620 216 672 ἂν
239 618 308 670 τὰ
334 616 463 670 καθ’
487 617 717 669 ἕκαστον
740 614 967 683 γένοιτο.
995 615 1074 684 Τῇ
1103 613 1159 666 δὲ
1183 612 1382 681 γνώσει
1413 611 1738 683 συμπέφυκε

155 710 246 763 καὶ
285 712 318 780 ἡ
351 708 623 777 δύναμις·
662 706 804 759 ὥστε
837 705 971 776 ὁμοῦ
1017 705 1160 773 ἔγνω
1193 705 1254 757 τὸ
1303 705 1420 757 δέον
1466 703 1736 772 γενέσθαι,

156 801 498 870 συνέδραμεν
525 800 560 868 ἡ
608 797 971 868 ὲξεργαστικὴ
1001 795 1110 849 τῶν
1143 796 1312 848 ὄντων
1357 797 1528 864 ίσχὺς,
1564 793 1625 846 τὸ
1652 811 1741 846 νο-

155 893 284 962 ηθὲν
336 893 421 954 εἰς
473 890 756 961 ἐνέργειαν
805 888 1046 956 ἄγουσα,
1097 888 1190 939 καὶ
1246 885 1398 939 οὐδὲν
1459 886 1618 956 μετὰ·
1645 884 1741 954 τὴν

157 982 359 1050 γνῶσιν
404 979 866 1052 ύφεστερίζουσα,
901 977 1038 1032 ἀλλὰ
1080 976 1439 1047 συνημμένως
1468 975 1561 1029 καλ¹
1589 977 1742 1030 ἀδια-

159 1073 372 1133 στὰτως
434 1069 908 1123 συναναδείκνυται
963 1069 1030 1137 τῇ
1091 1065 1252 1136 βουλῇ
1300 1066 1394 1118 καὶ
1445 1064 1506 1118 τὸ
1561 1064 1739 1134 ἔργον.

157 1162 402 1232 Δύναμις
431 1161 543 1231 γάρ
578 1163 724 1213 ἐστιν
751 1160 784 1229 ἡ
815 1158 977 1228 βουλὴ
1011 1157 1166 1222 ,κατά
1192 1156 1383 1210 ταυτὸν
1405 1197 1418 1219 ,
1473 1157 1566 1210 καὶ
1598 1157 1744 1219 ὅπως

160 1255 225 1308 ἃν
255 1254 325 1306 τά
355 1252 488 1306 ὄντα
520 1251 731 1320 γένοιτο
762 1248 1214 1321 προϐουλεύουσα,
1246 1247 1338 1300 καὶ
1367 1247 1465 1310 τὰς
1492 1247 1745 1318 ἀφορμὰς

163 1346 298 1416 πρὸς
336 1347 441 1416 τὴν
472 1345 584 1396 τῶν
615 1343 916 1414 νοηθέντων
960 1341 1190 1412 ὓπαρξιν
1230 1341 1613 1413 ἐκπορίζουσα.
1661 1342 1746 1405 Ὠς

160 1437 297 1507 ὁμοῦ
327 1437 400 1491 τὰ
435 1438 616 1492 πάντα
640 1436 734 1490 τοῦ
763 1435 894 1490 Θεοῦ
922 1436 1048 1504 περὶ
1073 1436 1172 1504 τὴν
1203 1435 1382 1488 κτίσιν
1403 1433 1658 1503 νοεῖσθαι,
1687 1436 1749 1488 τὸ

1835 339 2091 394 voluntas
2129 347 2312 394 autem
2355 345 2438 395 est
2475 339 2764 409 sapientia.
2813 337 3104 410 Sapientia:
3141 356 3268 396 vero
3311 356 3410 412 po-

1836 431 2013 502 prium
2028 441 2134 501 est,
2149 447 2257 486 non
2284 432 2534 503 ignorare
2552 430 2826 501 quomodo
2848 431 3272 501 unumquodque
3298 433 3410 488 flat.

1836 521 2008 578 Porro
2057 524 2424 594 cognitionem
2470 529 2714 592 potestas
2763 523 3030 592 sequitur.
3073 521 3412 592 Quapropter

1840 615 2003 670 simul
2027 622 2083 670 et
2114 615 2362 671 facienda
2393 615 2670 685 cognovit,
2695 621 2749 668 et
2779 614 2927 668 nulla
2959 615 3278 683 interposita
3307 628 3410 668 mo-

1838 719 1899 760 ra
1931 707 2210 761 concurrit
2243 722 2423 762 rerum
2465 707 2706 762 effectrix
2746 709 2851 770 vis,
2883 723 3004 776 quae
3035 708 3250 777 cognita
3289 723 3414 776 per-

1843 798 2052 860 liceret,
2096 807 2152 852 et
2190 798 2309 854 sine
2341 799 2453 852 ullo
2487 799 2774 854 intervallo
2807 814 2929 854 cum
2960 799 3242 854 voluntate
3279 813 3414 853 con-

1836 888 2087 958 junctum
2123 904 2263 958 opus
2303 891 2648 944 continenter
2692 898 2976 944 ostensum
3006 897 3128 944 est:
3165 889 3416 959 quando-

1841 978 2061 1048 quidem
2095 980 2338 1050 potentia
2381 980 2634 1035 voluntas
2667 988 2772 1046 est,
2807 980 3108 1048 eodemque
3142 985 3416 1034 momento

1844 1071 2113 1141 prospicit
2145 1071 2421 1142 quomodo
2450 1086 2539 1126 res
2573 1071 2726 1134 ﬁant,
2760 1079 2814 1126 et
2841 1071 3160 1126 occasiones
3190 1070 3414 1140 praebet,

1844 1173 1904 1217 ut
1945 1165 2182 1232 cogitata
2219 1164 2327 1218 sint
2371 1163 2533 1217 facta.
2576 1162 2940 1228 Quamobrem
2983 1164 3164 1218 omnia
3194 1178 3314 1233 qua:
3361 1164 3416 1218 in

1845 1253 1955 1309 Deo
1989 1264 2139 1319 sunt,
2173 1255 2240 1309 ad
2277 1271 2458 1310 rerum
2493 1256 2926 1325 procreationem
2964 1257 3290 1326 pertinentia
3337 1257 3417 1312 si-

1847 1346 1958 1399 mul
1987 1347 2317 1416 cogitantur,
2350 1346 2626 1410 voluntas,
2659 1347 2949 1416 sapientia,
2981 1353 3224 1416 potestas
3251 1354 3306 1402 et
3329 1361 3419 1401 re-

1845 1450 1966 1488 rum
1998 1435 2241 1504 ipsarum
2273 1443 2490 1491 natura.
2525 1435 2657 1501 Quae
2681 1451 2805 1491 cum
2841 1435 2918 1490 ita
2959 1438 3090 1502 sint,
3127 1453 3287 1492 nemo
3311 1452 3420 1492 am-

162 1529 398 1601 θέλημα,
439 1527 542 1599 τὴν
591 1529 806 1595 σοφίαν,
854 1528 951 1598 τὴν
997 1526 1244 1597 δύναμιν,
1289 1527 1388 1598 τὴν
1418 1527 1606 1582 οὐσίαν
1636 1527 1746 1580 τῶν

1927 1541 2010 1590 us,
2055 1525 2328 1596 quomodo
2365 1533 2459 1580 aut
2496 1528 2660 1594 unde,
2706 1529 3102 1598 perscrutando
3137 1528 3419 1599 inquiren-

161 1622 348 1674 ὅντων.
389 1620 600 1674 Τούτου
624 1618 687 1672 δὲ
713 1618 883 1683 οὕτως
933 1620 1167 1690 ἔχοντος,
1209 1619 1385 1673 οὐκέτ’
1415 1619 1481 1674 ἄν
1505 1638 1590 1684 τις
1629 1637 1748 1674 are-

1924 1634 2026 1688 que
2076 1627 2424 1688 torqueatur;
2478 1619 2656 1674 solent
2693 1619 2835 1674 enim
2891 1619 3113 1690 quidam
3156 1621 3223 1676 ad
3273 1623 3421 1682 hunc

164 1716 459 1785 νοχωροῖτο
490 1712 621 1782 περὶ
646 1709 747 1782 τῆς
776 1711 906 1778 ῦλης
940 1713 1380 1783 διερευνώμενος,
1409 1713 1471 1766 τὸ
1511 1713 1627 1779 πῶς
1654 1715 1749 1767 καὶ

165 1804 222 1855 τὺ
249 1803 420 1856 ⁸πόθεν
451 1799 730 1871 ἐπιζητῶν
753 1819 768 1834 ⁶
803 1796 891 1854 οἷα
927 1802 989 1874 δὴ
1022 1803 1287 1872 λεγόντων
1321 1803 1467 1857 ἐστιν
1509 1804 1746 1869 ἀκούειν,

167 1896 228 1946 Εἰ
255 1894 423 1957 ἀῦλὸς
459 1896 607 1946 ἐστιν
643 1895 672 1947 6
711 1893 862 1957 Θεὸς,
912 1894 1075 1948 πόθεν
1117 1897 1150 1966 ή
1193 1894 1315 1966 ὕλη,
1347 1895 1466 1959 πῶς
1494 1896 1556 1949 τὸ
1583 1897 1750 1950 ποσὸν

168 1990 231 2040 ὲκ
253 1987 350 2040 τοῦ
380 1986 612 2050 ἀπόσου,
646 1989 739 2040 καὶ
770 1987 834 2039 ἐκ
863 1986 956 2039 τοῦ
990 1986 1191 2039 ἀόπτου
1220 1988 1281 2040 τδ
1307 1988 1519 2058 ὁρατὸν,
1550 1989 1644 2042 καὶ
1687 1990 1751 2042 ἐκ

169 2079 268 2131 τοῦ
298 2078 603 2147 ἀμεγέθους
630 2095 690 2130 τε
709 2079 804 2132 καὶ
843 2077 1112 2148 ἀορίστου,
1137 2080 1195 2132 τὸ
1223 2079 1438 2143 πάντως
1465 2079 1615 2150 ὄγκῳ
1643 2079 1751 2133 τινὶ

170 2171 272 2224 καὶ
315 2156 634 2240 πηλικότητι
670 2168 984 2241 ὁριζόμενον
1010 2186 1024 2233 ;
1060 2172 1153 2224 καὶ
1185 2170 1254 2223 τὰ
1283 2171 1416 2226 ἀλλα
1449 2171 1625 2224 πάντα
1654 2173 1752 2226 ὅσα

171 2263 304 2334 περὶ
348 2263 452 2332 τὴν
499 2262 628 2332 ὕλην
673 2265 888 2334 ὁρᾶται,
939 2263 1118 2336 πῶςῆ
1158 2263 1320 2318 πόθεν
1353 2267 1672 2336 παρήγαγεν
1724 2269 1753 2321 6

175 2355 343 2426 μηδὲν
376 2355 436 2405 ἐν
476 2356 543 2425 τῇ
592 2355 787 2409 ἑαυτοῦ
819 2355 977 2424 φύσει
1005 2355 1241 2409 τοιοῦτον
1269 2356 1442 2426 ἐχων;
1493 2357 1607 2411 Μία
1639 2357 1753 2429 γὰρ

172 2444 406 2496 ἑκάστου
453 2442 566 2496 τῶν
600 2445 730 2513 περὶ
767 2447 868 2514 τῆς
899 2443 1033 2510 ὕλης
1081 2446 1501 2517 προφερομένων
1548 2449 1679 2518 ἡμῖν
1718 2449 1752 2518 ἡ

171 2535 342 2600 λύσις,
383 2535 449 2590 τὸ
481 2537 622 2606 μήτε
649 2536 908 2591 ἀδύνατον
933 2537 1030 2610 τὴν
1074 2539 1265 2608 σοφίαν
1288 2539 1382 2592 τοῦ
1403 2539 1536 2593 Θεοῦ
1563 2540 1752 2594 ὑποτί-

173 2627 384 2691 θεσθαι,
435 2628 577 2698 μήτε
619 2628 716 2699 τὴν
749 2628 976 2700 δύναμιν
1007 2631 1208 2701 ἄσοφον
1229 2648 1244 2662 ·
1275 2631 1410 2684 ἀλλὰ
1442 2631 1560 2702 μετ’
1591 2631 1755 2701 ἀλλή-

169 2721 278 2772 λων
326 2716 471 2773 εἶναι
520 2720 715 2780 ταῦτα,
765 2720 860 2773 καὶ
887 2720 946 2773 ἓν
990 2722 1275 2796 ἀμφότερα
1305 2724 1637 2795 δείκνυσθαι,
1676 2724 1753 2788 ὡς

171 2813 290 2880 ἅμα
323 2812 420 2864 καὶ
459 2810 603 2863 κατά
645 2810 842 2864 ταύτὸν
885 2810 965 2880 τῷ
1011 2812 1182 2882 ἐτέρῳ
1217 2813 1650 2883 συγκαθορᾶσθαι
1692 2813 1755 2866 τὸ

168 2903 378 2971 ἕτερον.
413 2901 490 2953 Τό
530 2917 593 2954 τε
637 2901 747 2971 γὰρ
779 2901 942 2970 σοφὸν
969 2901 1134 2956 αὐτοῦ
1169 2903 1379 2974 θέλημα
1409 2908 1474 2975 τῇ
1526 2905 1752 2976 δυνάμει

166 2993 278 3046 ’.ὢν
327 2993 743 3064 ἐνεργουμένων
795 2994 1150 3064 ἐφανερώθη,
1205 2995 1300 3048 καὶ
1324 2998 1357 3066 ἡ
1423 2996 1750 3068 ὲνεργητικὴ

166 3084 334 3138 αὐτοῦ
365 3084 602 3154 δύναμις
662 3084 722 3136 ἐν
763 3083 842 3154 τῷ
870 3084 1016 3154 σοφῷ
1050 3085 1314 3155 θελήματι
1344 3085 1652 3156 ἐτελειώθη.
1690 3087 1752 3140 Ei

167 3172 261 3228 οὖν
287 3177 348 3227 ἐν
387 3173 469 3244 τῷ
491 3174 640 3244 αὐτῷ
669 3175 762 3228 καί⁹
791 3174 929 3228 κατά
955 3176 1145 3228 ταύτόν
1174 3179 1320 3229 ἐστιν
1347 3177 1379 3247 ή
1419 3176 1578 3246 σοφία
1602 3177 1695 3230 καὶ
1719 3178 1752 3248 ἡ

167 3265 401 3335 δύναμις
457 3263 587 3316 οὔτε
630 3265 815 3332 ἀγνοεῖ
843 3266 989 3328 ὅπως
1020 3265 1087 3319 ἂν
1135 3267 1235 3336 ὕλη
1281 3266 1416 3338 πρὸς
1443 3268 1544 3339 τὴν
1582 3285 1754 3322 κατα-

169 3357 374 3427 σκευὴν
404 3355 661 3426 εὑρεθείη
694 3355 802 3408 τῶν
829 3356 1018 3424 ὄντων,
1053 3355 1164 3411 οὔτ’
1200 3359 1448 3414 ἀδυνατεῖ
1476 3359 1538 3413 τὸ
1563 3359 1754 3430 νοηθὲν

169 3451 520 3520 προαγαγεῖν
553 3449 636 3510 εἰς
668 3447 968 3518 ἐνέργειαν.

243 3541 435 3594 Πάντα
450 3539 506 3591 δὲ
523 3537 838 3608 δυνάμενος.
857 3538 992 3609 ὁμοῦ
1007 3538 1077 3592 τά
1095 3539 1274 3593 πάντα
1287 3539 1354 3593 δι’
1373 3533 1493 3611 ὧνὴ
1513 3541 1611 3610 ὕλη
1631 3559 1756 3596 συν-

176 3632 396 3684 ίσταται
417 3627 499 3699 τῷ
521 3627 672 3698 σοφῷ
691 3645 750 3680 τε
773 3629 866 3681 καὶ
881 3627 1090 3698 δυνατῷ
1117 3629 1380 3700 θελήματι
1431 3628 1757 3684 κατεϐάλετο

175 3725 313 3793 πρὸς
333 3723 436 3792 τὴν
452 3720 800 3790 ἀπεργασίαν
813 3719 919 3773 τῶν
933 3720 1122 3784 ὄντων,
1135 3719 1194 3773 τὸ
1207 3719 1426 3790 κοῦφον,
1443 3719 1505 3773 r6
1522 3719 1683 3791 βαρὺ,
1697 3719 1758 3773 τὸ

177 3815 395 3876 ναστὸν,
411 3814 476 3866 τὸ
495 3813 710 3883 ἀραιὸν,
729 3812 792 3865 τὸ
812 3812 1069 3882 μαλακὸν,
1090 3811 1150 3865 τὸ
1164 3813 1473 3878 ἀντίτυπον,
1491 3815 1550 3866 τὸ
1570 3813 1756 3885 ὑγρὸν,

175 3907 243 3960 τὸ
262 3905 450 3974 ξηρὸν,
477 3905 537 3957 τὸ
567 3903 794 3973 ψυχρὸν,
823 3903 883 3956 τὸ
901 3902 1119 3974 θερμὸν,
1135 3901 1197 3956 τὸ
1213 3902 1432 3974 χρῶμα,
1462 3903 1522 3956 τὸ
1551 3905 1758 3974 σχῆμα,

177 4001 279 4068 τὴν
295 3997 669 4068 πριγραφὴν,
689 3995 750 4049 τὺ
765 3994 1058 4064 διάστημαο
1079 3994 1114 4048 ἃ
1140 3995 1314 4047 πάντα
1338 3995 1435 4064 μὲν
1455 3995 1575 4049 καθ’
1592 3996 1761 4050 ἐαυτά

181 4089 385 4142 ἔννοιαί
407 4090 525 4140 ἐστι
551 4087 644 4140 καὶ
660 4085 792 4156 ψιλά
813 4087 1078 4155 νοήματα.
1112 4085 1187 4138 Ού
1218 4085 1326 4155 γάρ
1357 4103 1410 4138 τι
1439 4087 1646 4141 τούτων
1675 4089 1759 4156 ἐφ’

182 4180 380 4234 ἑαυτοῦ
398 4177 498 4248 ὖλη
519 4178 687 4243 ἐστὶν,
717 4177 853 4231 ἀλλὰ
869 4177 1240 4249 συνδραμόντα
1262 4179 1398 4250 πρὸς
1414 4178 1636 4250 ἄλληλα,
1661 4179 1758 4250 ὕλη

1854 1709 2068 1762 modum
2104 1709 2414 1778 percontari
2440 1729 2452 1764 :
2475 1711 2532 1765 Si
2565 1710 2814 1773 materia,
2847 1711 3119 1780 inquiunt,
3163 1711 3304 1768 Deus
3326 1729 3420 1767 va-

1849 1809 1956 1865 cat,
1994 1801 2136 1856 unde
2153 1803 2415 1856 materia?
2445 1803 2720 1871 quomodo
2743 1812 2921 1856 autem
2949 1812 3216 1872 quantum
3240 1819 3306 1858 ex
3331 1819 3418 1869 eo,

1850 1894 1940 1960 qui
1975 1901 2124 1947 caret
2139 1894 2459 1962 quantitate.
2483 1901 2576 1946 aut
2594 1893 2922 1962 aspectabile
2942 1909 3008 1949 ex
3027 1895 3138 1958 illo,
3158 1895 3249 1964 qui
3269 1898 3421 1950 cerni

1850 1997 1959 2034 non
1980 1983 2301 2050 potest?aut
2319 1998 2385 2036 ex
2408 1997 2494 2046 eo,
2523 1983 2614 2052 qui
2639 1984 2786 2037 nulla
2815 1985 2955 2039 mole
2973 1985 3422 2054 circumscriptus

1850 2083 1955 2134 est,
1982 2072 2032 2126 id
2050 2073 2191 2140 quod
2215 2072 2395 2142 aliqua
2414 2073 2636 2127 omnino
2656 2074 3027 2144 magnitudine
3044 2077 3423 2145 amplitudine-

1853 2178 1959 2232 que
1977 2164 2354 2218 concluditur?
2372 2163 2497 2218 Haec
2518 2171 2572 2220 et
2589 2165 2693 2218 alia
2714 2165 2894 2219 omnia
2919 2166 3161 2235 ejusdem
3182 2169 3420 2238 generis,

1853 2272 1972 2320 quae
2002 2257 2056 2311 in
2102 2257 2216 2326 ipsa
2241 2256 2468 2310 materia
2509 2257 2780 2322 videntur,
2825 2273 3061 2327 quonam
3105 2268 3283 2329 pacto,
3330 2271 3424 2316 aut

1855 2348 1999 2405 unde
2020 2349 2273 2418 produxit
2295 2349 2404 2410 ille,
2424 2347 2516 2417 qui
2537 2349 2591 2402 in
2613 2357 2807 2403 natura
2834 2363 2933 2402 sua
2951 2349 3084 2403 nihil
3102 2349 3263 2405 habet
3285 2351 3424 2422 ejus-

1857 2438 2035 2491 modi?
2063 2437 2145 2491 Ad
2174 2437 2418 2506 singulas
2449 2437 2616 2503 enim,
2647 2453 2768 2506 qua:
2794 2437 2862 2492 de
2885 2439 3110 2493 materia
3142 2439 3424 2508 proferun-

1851 2538 1942 2583 tur
1969 2528 2318 2598 quazstiones,
2359 2544 2466 2582 una
2496 2529 2586 2582 illa
2622 2529 2779 2583 nobis
2804 2529 3002 2584 solutio
3039 2538 3122 2584 est
3159 2549 3173 2584 :
3199 2547 3299 2586 nec
3328 2530 3422 2586 Dei

1852 2621 2197 2690 sapientiam,
2218 2620 2566 2690 impotentem
2587 2637 2602 2687 ;
2621 2635 2720 2674 nec
2737 2621 3056 2690 potentiam,
3077 2621 3421 2692 insipientem

1852 2713 2102 2781 proponi,
2127 2711 2221 2766 sed
2253 2711 2395 2765 inter
2415 2725 2474 2766 se
2503 2719 2693 2765 mutuo
2709 2711 3004 2781 conjuncta
3035 2728 3178 2777 esse,
3199 2721 3252 2768 et
3276 2726 3425 2768 ulrao

1851 2817 1959 2871 que
1977 2817 2144 2856 unum
2165 2801 2404 2865 ostendi,
2427 2810 2484 2854 ut
2499 2801 2660 2857 simul
2687 2803 3001 2874 pariterque
3025 2804 3078 2858 in
3101 2813 3331 2874 utroque
3352 2807 3426 2860 al-

1853 2903 2030 2950 terum
2054 2903 2334 2948 cernatur.
2364 2892 2643 2964 Siquidem
2665 2903 2719 2950 et
2741 2897 2961 2965 sapiens
2980 2897 3152 2968 ipsius
3171 2900 3424 2954 voluntas

1854 2992 2122 3058 potestate
2157 2985 2425 3039 factorum
2462 2993 2548 3040 est
2583 2987 2855 3040 declarata
2880 3027 2895 3051 ,
2938 2995 2992 3042 et
3023 2989 3266 3044 effectrix
3305 2992 3426 3061 ejus

1853 3085 2100 3149 potestas
2139 3079 2194 3131 in
2231 3078 2408 3148 ipsius
2447 3078 2695 3148 sapiente
2727 3085 3008 3136 voluntate
3042 3081 3283 3151 perfecta
3319 3091 3424 3138 est.

1853 3167 2114 3234 Proinde,
2133 3169 2178 3223 si
2201 3176 2255 3223 et
2279 3169 2332 3223 in
2351 3168 2539 3224 eodem
2565 3177 2619 3224 et
2646 3170 2811 3224 simul
2839 3173 3106 3241 sapientia
3132 3182 3237 3238 est,
3264 3183 3428 3245 atque

1853 3259 2126 3330 potentia;
2149 3275 2252 3315 nec
2273 3259 2509 3330 ignorat,
2531 3264 2803 3330 quomodo
2839 3265 2904 3315 ad
2930 3268 3112 3319 rerum
3153 3268 3430 3336 composi-

1853 3350 2060 3404 tionem
2108 3351 2424 3410 inveniatur
2467 3352 2718 3416 materia.
2769 3369 2872 3408 nec
2915 3356 3191 3412 invalidus
3241 3369 3324 3414 est
3360 3359 3428 3414 ad

1854 3442 1988 3497 illud
2017 3441 2382 3508 efﬁciendum,
2413 3442 2561 3513 quod
2593 3445 2762 3500 novit.
3111 3457 3128 3474 η

1924 3535 2112 3603 Itaque
2138 3549 2264 3589 cum
2298 3537 2480 3589 omnia
2498 3537 2690 3604 possit,
2709 3537 2773 3590 ad
2795 3553 2976 3592 rerum
3000 3547 3428 3608 procreationem

1856 3624 2086 3693 sapienti
2120 3626 2434 3694 potentique
2453 3626 2734 3687 voluntate
2766 3628 2930 3680 simul
2961 3630 3143 3680 omnia
3170 3631 3425 3695 contulit,

1857 3714 2153 3779 levitatem,
2189 3715 2530 3784 gravitatem,
2565 3715 2912 3781 densitatem,
2954 3718 3255 3784 raritatem,
3291 3721 3430 3773 mol-

1857 3805 2164 3879 iitudinem,
2205 3806 2481 3870 duritiam,
2522 3807 2925 3873 humiditatem,
2970 3809 3294 3874 siccitatem,
3336 3810 3432 3868 fri-

1857 3898 2161 3971 giditatem,
2201 3899 2553 3968 caliditatem,
2592 3902 2852 3966 colorem,
2891 3902 3142 3974 ﬁguram,
3181 3905 3432 3960 circum—

1860 3989 2234 4059 scriptionem,
2265 3991 2641 4045 intervallum:
2674 4008 2796 4062 quas
2817 3993 3034 4062 quidem
3066 3995 3279 4065 singula
3305 4005 3433 4052 sunt

1862 4092 2054 4136 tenues
2085 4081 2328 4152 quaedam
2361 4084 2628 4154 nudaeque
2661 4085 2948 4154 notiones;
2984 4087 3122 4142 nihil
3155 4091 3300 4144 enim
3333 4091 3434 4145 ho-

1862 4189 1983 4228 rum
2017 4189 2185 4227 unum
2221 4189 2317 4242 per
2349 4189 2408 4230 se
2434 4177 2662 4230 materia
2691 4187 2796 4244 est,
2831 4181 2923 4233 sed
2959 4181 3172 4236 cunctis
3201 4181 3343 4236 inter
3374 4197 3435 4237 se

181 4275 411 4340 γίνεται.
437 4270 506 4322 Et
533 4264 629 4322 οὖν
648 4267 725 4338 τῷ
751 4267 1069 4341 ὑπερέχοντι
1094 4269 1191 4338 τῆς
1215 4268 1406 4338 σοφίας
1431 4271 1524 4322 καὶ
1547 4269 1648 4339 τῆς
1667 4270 1756 4323 δυ-

1924 4265 2325 4323 incurrentibus
2355 4268 2578 4322 materia
2623 4269 2702 4322 lit.
2740 4268 2794 4323 Si
2827 4270 2994 4340 igitur
3017 4273 3298 4340 sapientiae
3335 4287 3434 4342 po-

181 4364 421 4433 νάμεως,
443 4359 542 4413 καὶ
559 4358 738 4413 πάντα
755 4355 864 4411 οἶδε
889 4359 983 4411 καὶ
1005 4359 1180 4412 πάντα
1207 4359 1449 4424 δύναται,
1475 4359 1615 4429 τάχα
1647 4377 1761 4424 πως

186 4452 626 4525 προσεγγίζομεν
645 4454 709 4522 τῇ
726 4451 900 4522 ὑψηλῇ
916 4449 1010 4503 τοῦ
1026 4451 1158 4504 Μωῦ
1167 4451 1301 4514 σέως
1313 4455 1485 4522 φωνῇ,
1499 4452 1558 4514 ὃς
1575 4468 1758 4521 φησιν·

197 4547 297 4600 Ἑν
325 4542 637 4612 κεφαλαίῳ
667 4540 846 4612 (τοῦτο
872 4540 978 4610 γὰρ
1007 4539 1129 4593 ἀντὶ
1164 4539 1266 4610 τῆς
1297 4537 1490 4609 ἀρχῆς
1534 4538 1764 4603 Ἀκύλας

189 4631 475 4696 ἐκδέδωκε)
512 4627 843 4697 πεποιῆσθαι
879 4626 1032 4698 παρὰ
1077 4626 1172 4680 τοῦ
1219 4627 1355 4680 Θεοῦ
1397 4628 1493 4681 τὸν
1535 4629 1764 4699 οὐρανὸν

189 4723 276 4773 καὶ
299 4721 404 4791 τὴν
421 4720 553 4788 γῆν.
589 4717 810 4786 Ἐπειδὴ
833 4717 941 4787 γὰρ
969 4716 1330 4785 είσαγωγικὸν
1362 4718 1500 4792 πρὸς
1528 4718 1763 4787 θεογνω-

192 4813 305 4864 σειν
335 4811 400 4864 τὸ
429 4809 536 4878 τῆς
555 4808 824 4876 γενέσεως
855 4807 1054 4878 βιϐλίον
1084 4811 1113 4862 6
1136 4809 1422 4880 προφήτης
1451 4809 1764 4880 πεποίηται,

192 4903 278 4953 καὶ
310 4900 520 4962 σκοπός
544 4899 663 4952 ἐστι
694 4897 774 4969 τῷ
801 4900 1030 4970 Μωῦσῇ,
1063 4901 1189 4963 τοὺς
1215 4902 1279 4970 τῇ
1313 4899 1561 4971 αἰσθήσει
1589 4901 1767 4954 δεδου-

193 4991 465 5063 λωμένους
489 4991 900 5063 χειραγωγῖψαι
923 4990 1010 5044 διὰ
1035 4991 1144 5044 τῶν
1169 4993 1506 5063 φαινομένων
1534 4993 1669 5064 πρὸς
1698 4991 1767 5046 τὰ

197 5080 563 5150 ὑπερκείμενα
608 5079 708 5150 τῆς
750 5079 1074 5151 αἰσθητικῆς
1112 5081 1500 5152 καταλήψεωςο
1551 5082 1766 5154 οὐρανῷ

195 5171 247 5223 δέ
271 5172 366 5224 καὶ
392 5175 459 5243 τῇ
492 5175 564 5244 γῇ
586 5171 834 5241 ὁρίζεται
864 5172 995 5241 ἡμῖν
1020 5173 1054 5243 ὴ
1096 5171 1185 5228 διὰ
1203 5175 1304 5244 τῆς
1321 5173 1498 5244 ὅψεως
1525 5175 1724 5243 γνῶσις
1747 5192 1760 5206 ⁸

195 5264 278 5316 διὰ
300 5264 457 5318 τοῦτο
473 5264 550 5328 ὡς
572 5262 901 5335 περιεκτικὰ
922 5262 1032 5317 τῶν
1047 5264 1217 5320 ὅντων
1235 5266 1303 5319 τὰ
1323 5265 1525 5338 ἔσχατα
1545 5267 1656 5323 τῶν
1678 5266 1767 5322 διὰ

195 5356 289 5424 τῆς
320 5355 625 5426 αἰσθήσεως
641 5357 780 5427 ἡμῖν
799 5355 1215 5426 γινωσκομένων
1242 5360 1271 5411 6
1286 5357 1442 5427 λόγος
1461 5359 1761 5430 ὠνόμασεν,

197 5445 279 5497 tu
305 5445 395 5498 διὰ
438 5445 535 5498 τοῦ
553 5446 620 5499 τὰ
654 5445 980 5516 περιέχοντα
998 5447 1171 5501 εἰπεῖν
1195 5449 1346 5519 παρά
1382 5449 1515 5502 Θεοῦ
1535 5452 1764 5520 γεγενῆ-

197 5535 333 5601 dat,
361 5536 740 5606 συμπεριλάὁη
773 5537 881 5590 πᾶν
907 5536 966 5589 τὸ
992 5537 1140 5601 ἐντὸς
1167 5538 1275 5592 τῶν
1305 5539 1486 5606 ἄκρων
1515 5542 1762 5612 περιεχόο

1859 4356 2150 4424 tentiaeque
2180 4356 2491 4426 praestantia
2523 4365 2577 4412 et
2601 4357 2787 4430 omnia
2820 4360 2992 4424 novit,
3023 4368 3077 4414 et
3109 4368 3286 4430 potest
3316 4377 3436 4416 om-

1858 4447 1971 4508 nia,
1999 4446 2182 4515 aliquo
2204 4446 2365 4502 modo
2397 4447 2631 4503 fortasse
2662 4447 2726 4502 ad
2750 4452 3018 4506 excelsam
3053 4452 3220 4508 Mosis
3246 4469 3436 4510 vocem

1859 4537 2195 4604 accepimus,
2231 4537 2358 4607 qui,
2411 4555 2431 4589 ι
2461 4537 2517 4592 in
2561 4552 2803 4603 summa,
2843 4558 2863 4591 ι
2912 4541 3090 4610 inquit
3140 4543 3243 4611 (sic
3289 4545 3438 4598 enim

1860 4629 2086 4698 Aquilas
2115 4644 2233 4699 pro,
2274 4647 2292 4679 ι
2319 4630 2371 4682 in
2405 4629 2695 4700 principio,
2717 4650 2736 4682 ι
2771 4632 2954 4704 vertit)
2991 4633 3122 4688 fecit
3152 4634 3296 4690 Deus
3318 4650 3436 4690 caeo

1872 4721 1981 4774 lum
2019 4729 2074 4776 et
2103 4729 2323 4779 terram.
2355 4720 2623 4788 Quoniam
2648 4724 2791 4780 enim
2821 4728 3218 4797 procreationis
3239 4728 3438 4782 librum

1870 4812 2176 4882 composuit
2215 4813 2512 4884 propheta,
2555 4823 2616 4870 ut
2658 4816 2726 4871 ad
2776 4816 2870 4874 Dei
2915 4820 3279 4890 cognitionem
3326 4819 3439 4873 dux

1868 4911 2032 4968 esset,
2060 4902 2225 4973 idque
2255 4902 2388 4959 Mosi
2417 4905 2756 4976 propositum
2781 4906 2902 4973 fuit,
2937 4917 2994 4962 ut
3015 4923 3110 4964 eos
3137 4907 3228 4978 qui
3263 4907 3439 4964 sensi-

1869 4995 1972 5050 bus
1993 4994 2213 5050 obnoxii
2240 4995 2585 5068 devinctique
2610 5006 2759 5066 sunt,
2777 5015 2874 5069 per
2894 5014 2956 5053 ea
2979 5014 3099 5068 quae
3118 5009 3441 5065 cernuntur,

1869 5083 1934 5138 ad
1971 5084 2061 5138 illa
2099 5085 2420 5154 perduceret
2452 5103 2574 5157 quae
2615 5088 2869 5143 sensibus
2903 5087 3290 5157 comprehendi
3330 5103 3441 5144 non

1867 5185 2133 5246 possunt;
2158 5177 2298 5232 caelo
2327 5186 2508 5234 autem
2534 5185 2588 5234 et
2616 5185 2764 5233 terra
2791 5185 2978 5233 nostra
3011 5194 3110 5249 per
3137 5181 3326 5236 oculos
3354 5196 3441 5235 co—

1868 5268 2040 5336 gnitio
2091 5269 2460 5336 terminatur;
2513 5269 2720 5325 idcirco
2776 5278 3018 5324 extrema
3071 5286 3262 5327 eorum
3316 5287 3440 5343 quae

1868 5373 2033 5414 sensu
2077 5374 2109 5413 a
2151 5359 2310 5416 nobis
2357 5359 2759 5432 percipiuntur,
2807 5368 3064 5433 tanquam
3109 5379 3201 5420 res
3244 5377 3437 5421 omnes

1872 5450 2286 5520 complectentia
2311 5451 2633 5518 nominavit,
2660 5461 2717 5508 ut
2742 5468 2806 5509 ea
2829 5470 2950 5526 quae
2975 5456 3434 5528 complectuntur,

1871 5559 1900 5598 a
1941 5545 2048 5600 Deo
2090 5542 2230 5600 facta
2274 5561 2396 5602 esse
2445 5561 2912 5616 commemorans,
2959 5545 3442 5619 comprehenderet
