  <div class='ocr_page' id='page_1' title='image "/cluster/home/n/w/nwhite01/storage/ocr_20150623/44/mdp.39015011915454/043.png"; bbox 0 0 3768 6000; ppageno 0'>
   <div class='ocr_carea' id='block_1_1' title="bbox 321 132 3570 198">
    <p class='ocr_par' dir='ltr' id='par_1_1' title="bbox 321 132 3570 198">
     <span class='ocr_line' id='line_1_1' title="bbox 321 132 3570 198; baseline -0.002 -5"><span class='ocrx_word' id='word_1_1' title='bbox 321 139 384 194; x_wconf 79' lang='grc'><strong>71</strong></span> <span class='ocrx_word' id='word_1_2' title='bbox 1567 134 1622 190; x_wconf 89' lang='lat' dir='ltr'><strong>S.</strong></span> <span class='ocrx_word' id='word_1_3' title='bbox 1651 132 1977 192; x_wconf 79' lang='lat' dir='ltr'><strong>GREGORII</strong></span> <span class='ocrx_word' id='word_1_4' title='bbox 2007 133 2302 192; x_wconf 81' lang='lat' dir='ltr'><strong>NYSSENI</strong></span> <span class='ocrx_word' id='word_1_5' title='bbox 3494 141 3570 198; x_wconf 62' lang='lat'><strong>72</strong></span> 
     </span>
    </p>
   </div>
   <div class='ocr_carea' id='block_1_2' title="bbox 323 248 1884 328">
    <p class='ocr_par' dir='ltr' id='par_1_2' title="bbox 323 248 1884 321">
     <span class='ocr_line' id='line_1_2' title="bbox 323 248 1884 321; baseline -0.001 -16"><span class='ocrx_word' id='word_1_6' title='bbox 323 249 586 321; x_wconf 77' lang='lat' dir='ltr'><strong>quidquid</strong></span> <span class='ocrx_word' id='word_1_7' title='bbox 614 248 682 304; x_wconf 89' lang='lat' dir='ltr'><strong>ab</strong></span> <span class='ocrx_word' id='word_1_8' title='bbox 709 249 816 304; x_wconf 84' lang='lat' dir='ltr'><strong>illis</strong></span> <span class='ocrx_word' id='word_1_9' title='bbox 845 249 1182 315; x_wconf 78' lang='lat' dir='ltr'><strong>continetur,</strong></span> <span class='ocrx_word' id='word_1_10' title='bbox 1217 258 1272 304; x_wconf 90' lang='lat' dir='ltr'><strong>et</strong></span> <span class='ocrx_word' id='word_1_11' title='bbox 1308 265 1402 320; x_wconf 88' lang='lat' dir='ltr'><strong>pro</strong></span> <span class='ocrx_word' id='word_1_12' title='bbox 1431 265 1525 313; x_wconf 91' lang='lat' dir='ltr'><strong>eo,</strong></span> <span class='ocrx_word' id='word_1_13' title='bbox 1547 261 1627 306; x_wconf 86' lang='lat' dir='ltr'><strong>ut</strong></span> <span class='ocrx_word' id='word_1_14' title='bbox 1656 253 1884 316; x_wconf 80' lang='lat' dir='ltr'><strong>diceret,</strong></span> 
     </span>
    </p>
   </div>
   <div class='ocr_carea' id='block_1_3' title="bbox 2029 248 3573 328">
    <p class='ocr_par' dir='ltr' id='par_1_3' title="bbox 2029 255 3573 328">
     <span class='ocr_line' id='line_1_3' title="bbox 2029 255 3573 328; baseline 0.004 -25"><span class='ocrx_word' id='word_1_15' title='bbox 2029 269 2181 318; x_wconf 90' lang='grc' dir='ltr'>ιενον,</span> <span class='ocrx_word' id='word_1_16' title='bbox 2209 255 2303 309; x_wconf 78' lang='grc' dir='ltr'>καὶ</span> <span class='ocrx_word' id='word_1_17' title='bbox 2323 256 2441 309; x_wconf 75' lang='grc' dir='ltr'>ἀντὶ</span> <span class='ocrx_word' id='word_1_18' title='bbox 2457 255 2551 309; x_wconf 90' lang='grc' dir='ltr'><strong>τοῦ</strong></span> <span class='ocrx_word' id='word_1_19' title='bbox 2573 257 2743 310; x_wconf 79' lang='grc' dir='ltr'>εἰπεῖν</span> <span class='ocrx_word' id='word_1_20' title='bbox 2763 256 2844 310; x_wconf 82' lang='grc' dir='ltr'>ὅτι</span> <span class='ocrx_word' id='word_1_21' title='bbox 2864 255 3073 328; x_wconf 82' lang='grc' dir='ltr'>ἁθρόως</span> <span class='ocrx_word' id='word_1_22' title='bbox 3097 255 3276 311; x_wconf 85' lang='grc' dir='ltr'>πάντα.</span> <span class='ocrx_word' id='word_1_23' title='bbox 3303 255 3369 310; x_wconf 84' lang='grc' dir='ltr'>τὰ</span> <span class='ocrx_word' id='word_1_24' title='bbox 3391 255 3519 310; x_wconf 73' lang='grc' dir='ltr'>ὅντα</span> <span class='ocrx_word' id='word_1_25' title='bbox 3540 260 3573 309; x_wconf 83' lang='grc' dir='ltr'><strong>ὁ</strong></span> 
     </span>
    </p>
   </div>
   <div class='ocr_carea' id='block_1_4' title="bbox 323 341 1896 410">
    <p class='ocr_par' dir='ltr' id='par_1_4' title="bbox 323 341 1896 410">
     <span class='ocr_line' id='line_1_4' title="bbox 323 341 1896 410; baseline 0.002 -17"><span class='ocrx_word' id='word_1_26' title='bbox 323 342 486 394; x_wconf 73' lang='lat' dir='ltr'><strong>simul</strong></span> <span class='ocrx_word' id='word_1_27' title='bbox 513 344 695 395; x_wconf 81' lang='lat' dir='ltr'><strong>omnia</strong></span> <span class='ocrx_word' id='word_1_28' title='bbox 729 341 896 394; x_wconf 87' lang='lat' dir='ltr'><strong>Deum</strong></span> <span class='ocrx_word' id='word_1_29' title='bbox 944 341 1170 410; x_wconf 73' lang='lat' dir='ltr'><strong>fecisse,</strong></span> <span class='ocrx_word' id='word_1_30' title='bbox 1207 361 1225 392; x_wconf 75' lang='grc' dir='ltr'><strong>ι</strong></span> <span class='ocrx_word' id='word_1_31' title='bbox 1250 342 1302 395; x_wconf 90' lang='lat' dir='ltr'><strong>in</strong></span> <span class='ocrx_word' id='word_1_32' title='bbox 1342 356 1594 396; x_wconf 65' lang='lat' dir='ltr'><strong>summa»</strong></span> <span class='ocrx_word' id='word_1_33' title='bbox 1642 343 1757 397; x_wconf 86' lang='lat' dir='ltr'><strong>sive</strong></span> <span class='ocrx_word' id='word_1_34' title='bbox 1802 343 1896 396; x_wconf 70' lang='lat' dir='ltr'><strong>«in</strong></span> 
     </span>
    </p>
   </div>
   <div class='ocr_carea' id='block_1_5' title="bbox 321 431 1892 500">
    <p class='ocr_par' dir='ltr' id='par_1_5' title="bbox 321 431 1892 500">
     <span class='ocr_line' id='line_1_5' title="bbox 321 431 1892 500; baseline 0.004 -17"><span class='ocrx_word' id='word_1_35' title='bbox 321 432 649 500; x_wconf 69' lang='lat' dir='ltr'><strong>principio,»</strong></span> <span class='ocrx_word' id='word_1_36' title='bbox 695 432 852 495; x_wconf 78' lang='lat' dir='ltr'><strong>dixit,</strong></span> <span class='ocrx_word' id='word_1_37' title='bbox 894 431 1060 485; x_wconf 90' lang='lat' dir='ltr'><strong>Deum</strong></span> <span class='ocrx_word' id='word_1_38' title='bbox 1098 431 1293 487; x_wconf 86' lang='lat' dir='ltr'><strong>fecisse</strong></span> <span class='ocrx_word' id='word_1_39' title='bbox 1338 433 1535 486; x_wconf 86' lang='lat' dir='ltr'><strong>coelum</strong></span> <span class='ocrx_word' id='word_1_40' title='bbox 1569 441 1622 487; x_wconf 91' lang='lat' dir='ltr'><strong>et</strong></span> <span class='ocrx_word' id='word_1_41' title='bbox 1669 441 1892 489; x_wconf 89' lang='lat' dir='ltr'><strong>terram.</strong></span> 
     </span>
    </p>
   </div>
   <div class='ocr_carea' id='block_1_6' title="bbox 321 519 1896 594">
    <p class='ocr_par' dir='ltr' id='par_1_6' title="bbox 321 519 1896 594">
     <span class='ocr_line' id='line_1_6' title="bbox 321 519 1896 594; baseline 0.002 -17"><span class='ocrx_word' id='word_1_42' title='bbox 321 519 615 591; x_wconf 77' lang='lat' dir='ltr'><strong>Utriisque</strong></span> <span class='ocrx_word' id='word_1_43' title='bbox 644 532 822 576; x_wconf 84' lang='lat' dir='ltr'><strong>autem</strong></span> <span class='ocrx_word' id='word_1_44' title='bbox 854 523 1004 576; x_wconf 85' lang='lat' dir='ltr'><strong>vocis</strong></span> <span class='ocrx_word' id='word_1_45' title='bbox 1033 538 1140 575; x_wconf 92' lang='lat' dir='ltr'><strong>una</strong></span> <span class='ocrx_word' id='word_1_46' title='bbox 1172 523 1500 592; x_wconf 82' lang='lat' dir='ltr'><strong>significatio</strong></span> <span class='ocrx_word' id='word_1_47' title='bbox 1527 532 1612 578; x_wconf 90' lang='lat' dir='ltr'><strong>est</strong></span> <span class='ocrx_word' id='word_1_48' title='bbox 1641 543 1655 579; x_wconf 93' lang='lat'><strong>:</strong></span> <span class='ocrx_word' id='word_1_49' title='bbox 1693 527 1896 594; x_wconf 91' lang='lat' dir='ltr'><strong>princi-</strong></span> 
     </span>
    </p>
   </div>
   <div class='ocr_carea' id='block_1_7' title="bbox 322 612 1895 682">
    <p class='ocr_par' dir='ltr' id='par_1_7' title="bbox 322 612 1895 682">
     <span class='ocr_line' id='line_1_7' title="bbox 322 612 1895 682; baseline 0.004 -18"><span class='ocrx_word' id='word_1_50' title='bbox 322 612 469 680; x_wconf 84' lang='lat' dir='ltr'><strong>pium</strong></span> <span class='ocrx_word' id='word_1_51' title='bbox 498 613 640 666; x_wconf 88' lang='lat' dir='ltr'><strong>cnim</strong></span> <span class='ocrx_word' id='word_1_52' title='bbox 659 654 671 677; x_wconf 93' lang='lat'><strong>,</strong></span> <span class='ocrx_word' id='word_1_53' title='bbox 700 621 754 666; x_wconf 92' lang='lat' dir='ltr'><strong>et</strong></span> <span class='ocrx_word' id='word_1_54' title='bbox 782 627 993 666; x_wconf 88' lang='lat' dir='ltr'><strong>summa</strong></span> <span class='ocrx_word' id='word_1_55' title='bbox 1020 628 1172 682; x_wconf 73' lang='lat' dir='ltr'><strong>aeque</strong></span> <span class='ocrx_word' id='word_1_56' title='bbox 1199 614 1475 668; x_wconf 80' lang='lat' dir='ltr'><strong>declarant</strong></span> <span class='ocrx_word' id='word_1_57' title='bbox 1507 614 1687 669; x_wconf 89' lang='lat' dir='ltr'><strong>simul.</strong></span> <span class='ocrx_word' id='word_1_58' title='bbox 1717 614 1895 681; x_wconf 86' lang='lat' dir='ltr'><strong>Quare</strong></span> 
     </span>
    </p>
   </div>
   <div class='ocr_carea' id='block_1_8' title="bbox 322 702 1890 774">
    <p class='ocr_par' dir='ltr' id='par_1_8' title="bbox 322 702 1890 774">
     <span class='ocr_line' id='line_1_8' title="bbox 322 702 1890 774; baseline 0.004 -20"><span class='ocrx_word' id='word_1_59' title='bbox 322 715 416 769; x_wconf 91' lang='lat' dir='ltr'><strong>per</strong></span> <span class='ocrx_word' id='word_1_60' title='bbox 433 716 729 754; x_wconf 71' lang='lat' dir='ltr'><strong>«summam</strong></span> <span class='ocrx_word' id='word_1_61' title='bbox 743 721 759 752; x_wconf 69' lang='grc' dir='ltr'><strong>ι</strong></span> <span class='ocrx_word' id='word_1_62' title='bbox 779 702 1015 756; x_wconf 76' lang='lat' dir='ltr'><strong>ostendit</strong></span> <span class='ocrx_word' id='word_1_63' title='bbox 1032 703 1211 756; x_wconf 87' lang='lat' dir='ltr'><strong>omnia</strong></span> <span class='ocrx_word' id='word_1_64' title='bbox 1231 704 1391 758; x_wconf 90' lang='lat' dir='ltr'><strong>simul</strong></span> <span class='ocrx_word' id='word_1_65' title='bbox 1408 703 1575 759; x_wconf 87' lang='lat' dir='ltr'><strong>fuisse</strong></span> <span class='ocrx_word' id='word_1_66' title='bbox 1589 715 1890 774; x_wconf 89' lang='lat' dir='ltr'><strong>procreata,</strong></span> 
     </span>
    </p>
   </div>
   <div class='ocr_carea' id='block_1_9' title="bbox 320 792 1894 861">
    <p class='ocr_par' dir='ltr' id='par_1_9' title="bbox 320 792 1894 861">
     <span class='ocr_line' id='line_1_9' title="bbox 320 792 1894 861; baseline 0.004 -17"><span class='ocrx_word' id='word_1_67' title='bbox 320 797 374 844; x_wconf 90' lang='lat' dir='ltr'><strong>et</strong></span> <span class='ocrx_word' id='word_1_68' title='bbox 401 805 497 859; x_wconf 88' lang='lat' dir='ltr'><strong>per</strong></span> <span class='ocrx_word' id='word_1_69' title='bbox 525 808 544 840; x_wconf 75' lang='grc' dir='ltr'><strong>ι</strong></span> <span class='ocrx_word' id='word_1_70' title='bbox 571 792 896 861; x_wconf 85' lang='lat' dir='ltr'><strong>principium</strong></span> <span class='ocrx_word' id='word_1_71' title='bbox 921 811 940 844; x_wconf 73' lang='grc' dir='ltr'><strong>ι</strong></span> <span class='ocrx_word' id='word_1_72' title='bbox 974 801 1192 855; x_wconf 89' lang='lat' dir='ltr'><strong>cuncta,</strong></span> <span class='ocrx_word' id='word_1_73' title='bbox 1230 801 1525 857; x_wconf 90' lang='lat' dir='ltr'><strong>momento,</strong></span> <span class='ocrx_word' id='word_1_74' title='bbox 1553 803 1607 848; x_wconf 91' lang='lat' dir='ltr'><strong>et</strong></span> <span class='ocrx_word' id='word_1_75' title='bbox 1636 796 1756 850; x_wconf 88' lang='lat' dir='ltr'><strong>sine</strong></span> <span class='ocrx_word' id='word_1_76' title='bbox 1785 797 1894 850; x_wconf 89' lang='lat' dir='ltr'><strong>ullo</strong></span> 
     </span>
    </p>
   </div>
   <div class='ocr_carea' id='block_1_10' title="bbox 321 883 1892 956">
    <p class='ocr_par' dir='ltr' id='par_1_10' title="bbox 321 883 1892 956">
     <span class='ocr_line' id='line_1_10' title="bbox 321 883 1892 956; baseline 0.005 -23"><span class='ocrx_word' id='word_1_77' title='bbox 321 883 579 950; x_wconf 89' lang='lat' dir='ltr'><strong>temporis</strong></span> <span class='ocrx_word' id='word_1_78' title='bbox 624 883 798 951; x_wconf 90' lang='lat' dir='ltr'><strong>spatio</strong></span> <span class='ocrx_word' id='word_1_79' title='bbox 844 889 989 936; x_wconf 71' lang='lat' dir='ltr'><strong>facta</strong></span> <span class='ocrx_word' id='word_1_80' title='bbox 1034 883 1203 936; x_wconf 84' lang='lat' dir='ltr'><strong>fuisse</strong></span> <span class='ocrx_word' id='word_1_81' title='bbox 1237 884 1526 954; x_wconf 87' lang='lat' dir='ltr'><strong>signiﬁcat.</strong></span> <span class='ocrx_word' id='word_1_82' title='bbox 1561 885 1892 956; x_wconf 90' lang='lat' dir='ltr'><strong>Principium</strong></span> 
     </span>
    </p>
   </div>
   <div class='ocr_carea' id='block_1_11' title="bbox 317 973 1889 1048">
    <p class='ocr_par' dir='ltr' id='par_1_11' title="bbox 317 973 1889 1048">
     <span class='ocr_line' id='line_1_11' title="bbox 317 973 1889 1048; baseline 0.005 -22"><span class='ocrx_word' id='word_1_83' title='bbox 317 973 460 1026; x_wconf 79' lang='lat' dir='ltr'><strong>enim</strong></span> <span class='ocrx_word' id='word_1_84' title='bbox 492 988 601 1026; x_wconf 92' lang='lat' dir='ltr'><strong>non</strong></span> <span class='ocrx_word' id='word_1_85' title='bbox 634 973 864 1043; x_wconf 90' lang='lat' dir='ltr'><strong>patitur,</strong></span> <span class='ocrx_word' id='word_1_86' title='bbox 900 982 960 1027; x_wconf 93' lang='lat' dir='ltr'><strong>ut</strong></span> <span class='ocrx_word' id='word_1_87' title='bbox 987 975 1156 1029; x_wconf 90' lang='lat' dir='ltr'><strong>ullum</strong></span> <span class='ocrx_word' id='word_1_88' title='bbox 1192 975 1537 1029; x_wconf 89' lang='lat' dir='ltr'><strong>intervallum</strong></span> <span class='ocrx_word' id='word_1_89' title='bbox 1567 979 1889 1048; x_wconf 78' lang='lat' dir='ltr'><strong>cogitemus.</strong></span> 
     </span>
    </p>
   </div>
   <div class='ocr_carea' id='block_1_12' title="bbox 315 1062 1894 1134">
    <p class='ocr_par' dir='ltr' id='par_1_12' title="bbox 315 1062 1894 1134">
     <span class='ocr_line' id='line_1_12' title="bbox 315 1062 1894 1134; baseline 0.006 -19"><span class='ocrx_word' id='word_1_90' title='bbox 315 1062 450 1116; x_wconf 87' lang='lat' dir='ltr'><strong>Nam</strong></span> <span class='ocrx_word' id='word_1_91' title='bbox 480 1073 538 1117; x_wconf 92' lang='lat' dir='ltr'><strong>ut</strong></span> <span class='ocrx_word' id='word_1_92' title='bbox 573 1072 834 1133; x_wconf 89' lang='lat' dir='ltr'><strong>punctum</strong></span> <span class='ocrx_word' id='word_1_93' title='bbox 871 1072 954 1119; x_wconf 91' lang='lat' dir='ltr'><strong>est</strong></span> <span class='ocrx_word' id='word_1_94' title='bbox 983 1066 1309 1134; x_wconf 88' lang='lat' dir='ltr'><strong>principium</strong></span> <span class='ocrx_word' id='word_1_95' title='bbox 1362 1068 1535 1132; x_wconf 64' lang='lat' dir='ltr'><strong>lineae,</strong></span> <span class='ocrx_word' id='word_1_96' title='bbox 1581 1076 1634 1124; x_wconf 90' lang='lat' dir='ltr'><strong>et</strong></span> <span class='ocrx_word' id='word_1_97' title='bbox 1683 1069 1894 1124; x_wconf 89' lang='lat' dir='ltr'><strong>indivi—</strong></span> 
     </span>
    </p>
   </div>
   <div class='ocr_carea' id='block_1_13' title="bbox 317 1154 1892 1229">
    <p class='ocr_par' dir='ltr' id='par_1_13' title="bbox 317 1154 1892 1229">
     <span class='ocr_line' id='line_1_13' title="bbox 317 1154 1892 1229; baseline 0.007 -23"><span class='ocrx_word' id='word_1_98' title='bbox 317 1154 484 1207; x_wconf 89' lang='lat' dir='ltr'><strong>duum</strong></span> <span class='ocrx_word' id='word_1_99' title='bbox 519 1155 787 1223; x_wconf 91' lang='lat' dir='ltr'><strong>corporis,</strong></span> <span class='ocrx_word' id='word_1_100' title='bbox 819 1157 898 1210; x_wconf 88' lang='lat' dir='ltr'><strong>sic</strong></span> <span class='ocrx_word' id='word_1_101' title='bbox 925 1166 1256 1210; x_wconf 86' lang='lat' dir='ltr'><strong>momentum</strong></span> <span class='ocrx_word' id='word_1_102' title='bbox 1286 1157 1460 1226; x_wconf 90' lang='lat' dir='ltr'><strong>ipsius</strong></span> <span class='ocrx_word' id='word_1_103' title='bbox 1490 1161 1767 1229; x_wconf 88' lang='lat' dir='ltr'><strong>temporis.</strong></span> <span class='ocrx_word' id='word_1_104' title='bbox 1796 1160 1892 1217; x_wconf 80' lang='lat' dir='ltr'><strong>Be-</strong></span> 
     </span>
    </p>
   </div>
   <div class='ocr_carea' id='block_1_14' title="bbox 314 1245 1892 1313">
    <p class='ocr_par' dir='ltr' id='par_1_14' title="bbox 314 1245 1892 1313">
     <span class='ocr_line' id='line_1_14' title="bbox 314 1245 1892 1313; baseline 0.006 -15"><span class='ocrx_word' id='word_1_105' title='bbox 314 1260 434 1298; x_wconf 92' lang='lat' dir='ltr'><strong>rum</strong></span> <span class='ocrx_word' id='word_1_106' title='bbox 458 1245 627 1313; x_wconf 82' lang='lat' dir='ltr'><strong>igitur</strong></span> <span class='ocrx_word' id='word_1_107' title='bbox 654 1246 814 1299; x_wconf 90' lang='lat' dir='ltr'><strong>simul</strong></span> <span class='ocrx_word' id='word_1_108' title='bbox 846 1246 1086 1300; x_wconf 91' lang='lat' dir='ltr'><strong>omnium</strong></span> <span class='ocrx_word' id='word_1_109' title='bbox 1110 1250 1450 1304; x_wconf 84' lang='lat' dir='ltr'><strong>constructio</strong></span> <span class='ocrx_word' id='word_1_110' title='bbox 1476 1250 1544 1304; x_wconf 90' lang='lat' dir='ltr'><strong>ab</strong></span> <span class='ocrx_word' id='word_1_111' title='bbox 1587 1251 1892 1308; x_wconf 87' lang='lat' dir='ltr'><strong>incredibili</strong></span> 
     </span>
    </p>
   </div>
   <div class='ocr_carea' id='block_1_15' title="bbox 314 1333 1892 1408">
    <p class='ocr_par' dir='ltr' id='par_1_15' title="bbox 314 1333 1892 1408">
     <span class='ocr_line' id='line_1_15' title="bbox 314 1333 1892 1408; baseline 0.008 -22"><span class='ocrx_word' id='word_1_112' title='bbox 314 1334 558 1403; x_wconf 90' lang='lat' dir='ltr'><strong>potentia</strong></span> <span class='ocrx_word' id='word_1_113' title='bbox 589 1333 681 1389; x_wconf 90' lang='lat' dir='ltr'><strong>Dei</strong></span> <span class='ocrx_word' id='word_1_114' title='bbox 715 1334 976 1404; x_wconf 81' lang='lat' dir='ltr'><strong>proiecta,</strong></span> <span class='ocrx_word' id='word_1_115' title='bbox 1009 1338 1336 1408; x_wconf 87' lang='lat' dir='ltr'><strong>principium</strong></span> <span class='ocrx_word' id='word_1_116' title='bbox 1366 1356 1396 1392; x_wconf 88' lang='lat' dir='ltr'><strong>a</strong></span> <span class='ocrx_word' id='word_1_117' title='bbox 1421 1340 1588 1401; x_wconf 87' lang='lat' dir='ltr'><strong>Mose.</strong></span> <span class='ocrx_word' id='word_1_118' title='bbox 1623 1357 1719 1397; x_wconf 91' lang='lat' dir='ltr'><strong>seu</strong></span> <span class='ocrx_word' id='word_1_119' title='bbox 1745 1359 1892 1398; x_wconf 90' lang='lat' dir='ltr'><strong>sum-</strong></span> 
     </span>
    </p>
   </div>
   <div class='ocr_carea' id='block_1_16' title="bbox 314 1421 1887 1498">
    <p class='ocr_par' dir='ltr' id='par_1_16' title="bbox 314 1421 1887 1498">
     <span class='ocr_line' id='line_1_16' title="bbox 314 1421 1887 1498; baseline 0.008 -24"><span class='ocrx_word' id='word_1_120' title='bbox 314 1437 403 1474; x_wconf 90' lang='lat' dir='ltr'><strong>ma</strong></span> <span class='ocrx_word' id='word_1_121' title='bbox 440 1421 498 1475; x_wconf 92' lang='lat' dir='ltr'><strong>in</strong></span> <span class='ocrx_word' id='word_1_122' title='bbox 539 1437 643 1492; x_wconf 87' lang='lat' dir='ltr'><strong>qua</strong></span> <span class='ocrx_word' id='word_1_123' title='bbox 696 1425 948 1479; x_wconf 87' lang='lat' dir='ltr'><strong>consistit</strong></span> <span class='ocrx_word' id='word_1_124' title='bbox 995 1425 1345 1495; x_wconf 84' lang='lat' dir='ltr'><strong>universitas,</strong></span> <span class='ocrx_word' id='word_1_125' title='bbox 1392 1429 1724 1485; x_wconf 81' lang='lat' dir='ltr'><strong>nominatur.</strong></span> <span class='ocrx_word' id='word_1_126' title='bbox 1779 1433 1887 1498; x_wconf 88' lang='lat' dir='ltr'><strong>ille,</strong></span> 
     </span>
    </p>
   </div>
   <div class='ocr_carea' id='block_1_17' title="bbox 314 1511 1888 1586">
    <p class='ocr_par' dir='ltr' id='par_1_17' title="bbox 314 1511 1888 1586">
     <span class='ocr_line' id='line_1_17' title="bbox 314 1511 1888 1586; baseline 0.009 -22"><span class='ocrx_word' id='word_1_127' title='bbox 314 1511 443 1566; x_wconf 92' lang='lat' dir='ltr'><strong>dum</strong></span> <span class='ocrx_word' id='word_1_128' title='bbox 477 1528 657 1567; x_wconf 90' lang='lat' dir='ltr'><strong>rerum</strong></span> <span class='ocrx_word' id='word_1_129' title='bbox 685 1523 926 1569; x_wconf 82' lang='lat' dir='ltr'><strong>extrema</strong></span> <span class='ocrx_word' id='word_1_130' title='bbox 956 1517 1326 1586; x_wconf 89' lang='lat' dir='ltr'><strong>prosequitur,</strong></span> <span class='ocrx_word' id='word_1_131' title='bbox 1358 1522 1521 1575; x_wconf 91' lang='lat' dir='ltr'><strong>tacite</strong></span> <span class='ocrx_word' id='word_1_132' title='bbox 1551 1524 1714 1576; x_wconf 90' lang='lat' dir='ltr'><strong>etiam</strong></span> <span class='ocrx_word' id='word_1_133' title='bbox 1743 1524 1888 1578; x_wconf 87' lang='lat' dir='ltr'><strong>indi-</strong></span> 
     </span>
    </p>
   </div>
   <div class='ocr_carea' id='block_1_18' title="bbox 315 1597 1960 1678">
    <p class='ocr_par' dir='ltr' id='par_1_18' title="bbox 315 1597 1960 1678">
     <span class='ocr_line' id='line_1_18' title="bbox 315 1597 1960 1678; baseline 0.009 -22"><span class='ocrx_word' id='word_1_134' title='bbox 315 1613 406 1657; x_wconf 89' lang='lat' dir='ltr'><strong>cat</strong></span> <span class='ocrx_word' id='word_1_135' title='bbox 435 1619 555 1673; x_wconf 76' lang='lat' dir='ltr'><strong>quae</strong></span> <span class='ocrx_word' id='word_1_136' title='bbox 583 1605 717 1675; x_wconf 92' lang='lat' dir='ltr'><strong>ipsis</strong></span> <span class='ocrx_word' id='word_1_137' title='bbox 751 1609 1292 1678; x_wconf 80' lang='lat' dir='ltr'><strong>comprehenduntur</strong></span> <span class='ocrx_word' id='word_1_138' title='bbox 1323 1615 1604 1670; x_wconf 82' lang='lat' dir='ltr'><strong>extremis.</strong></span> <span class='ocrx_word' id='word_1_139' title='bbox 1635 1614 1886 1671; x_wconf 84' lang='lat' dir='ltr'><strong>Extrema</strong></span> <span class='ocrx_word' id='word_1_140' title='bbox 1920 1597 1960 1650; x_wconf 74' lang='grc' dir='ltr'>Β</span> 
     </span>
    </p>
   </div>
   <div class='ocr_carea' id='block_1_19' title="bbox 313 1693 1888 1772">
    <p class='ocr_par' dir='ltr' id='par_1_19' title="bbox 313 1693 1888 1772">
     <span class='ocr_line' id='line_1_19' title="bbox 313 1693 1888 1772; baseline 0.008 -25"><span class='ocrx_word' id='word_1_141' title='bbox 313 1693 457 1759; x_wconf 93' lang='lat' dir='ltr'><strong>dico,</strong></span> <span class='ocrx_word' id='word_1_142' title='bbox 509 1695 692 1749; x_wconf 88' lang='lat' dir='ltr'><strong>habita</strong></span> <span class='ocrx_word' id='word_1_143' title='bbox 735 1698 946 1752; x_wconf 87' lang='lat' dir='ltr'><strong>ratione</strong></span> <span class='ocrx_word' id='word_1_144' title='bbox 991 1714 1184 1754; x_wconf 89' lang='lat' dir='ltr'><strong>sensus</strong></span> <span class='ocrx_word' id='word_1_145' title='bbox 1226 1701 1471 1766; x_wconf 88' lang='lat' dir='ltr'><strong>humani,</strong></span> <span class='ocrx_word' id='word_1_146' title='bbox 1525 1705 1617 1772; x_wconf 91' lang='lat' dir='ltr'><strong>qui</strong></span> <span class='ocrx_word' id='word_1_147' title='bbox 1655 1720 1753 1759; x_wconf 90' lang='lat' dir='ltr'><strong>nec</strong></span> <span class='ocrx_word' id='word_1_148' title='bbox 1786 1708 1888 1760; x_wconf 89' lang='lat' dir='ltr'><strong>sub</strong></span> 
     </span>
    </p>
   </div>
   <div class='ocr_carea' id='block_1_20' title="bbox 313 1790 1888 1864">
    <p class='ocr_par' dir='ltr' id='par_1_20' title="bbox 313 1790 1888 1864">
     <span class='ocr_line' id='line_1_20' title="bbox 313 1790 1888 1864; baseline 0.007 -26"><span class='ocrx_word' id='word_1_149' title='bbox 313 1792 513 1840; x_wconf 89' lang='lat' dir='ltr'><strong>terram</strong></span> <span class='ocrx_word' id='word_1_150' title='bbox 548 1794 795 1855; x_wconf 88' lang='lat' dir='ltr'><strong>penetrat</strong></span> <span class='ocrx_word' id='word_1_151' title='bbox 833 1803 932 1843; x_wconf 90' lang='lat' dir='ltr'><strong>nec</strong></span> <span class='ocrx_word' id='word_1_152' title='bbox 965 1790 1163 1844; x_wconf 69' lang='lat' dir='ltr'><strong>caelum</strong></span> <span class='ocrx_word' id='word_1_153' title='bbox 1199 1792 1561 1848; x_wconf 89' lang='lat' dir='ltr'><strong>transcendit.</strong></span> <span class='ocrx_word' id='word_1_154' title='bbox 1594 1793 1650 1847; x_wconf 90' lang='lat' dir='ltr'><strong>ln</strong></span> <span class='ocrx_word' id='word_1_155' title='bbox 1683 1796 1888 1864; x_wconf 89' lang='lat' dir='ltr'><strong>princi-</strong></span> 
     </span>
    </p>
   </div>
   <div class='ocr_carea' id='block_1_21' title="bbox 311 1875 1890 1955">
    <p class='ocr_par' dir='ltr' id='par_1_21' title="bbox 311 1875 1890 1955">
     <span class='ocr_line' id='line_1_21' title="bbox 311 1875 1890 1955; baseline 0.008 -27"><span class='ocrx_word' id='word_1_156' title='bbox 311 1875 402 1943; x_wconf 91' lang='lat' dir='ltr'><strong>pio</strong></span> <span class='ocrx_word' id='word_1_157' title='bbox 431 1877 597 1946; x_wconf 82' lang='lat' dir='ltr'><strong>igitur</strong></span> <span class='ocrx_word' id='word_1_158' title='bbox 627 1878 889 1931; x_wconf 91' lang='lat' dir='ltr'><strong>mundum</strong></span> <span class='ocrx_word' id='word_1_159' title='bbox 918 1895 1042 1934; x_wconf 88' lang='lat' dir='ltr'><strong>esse</strong></span> <span class='ocrx_word' id='word_1_160' title='bbox 1069 1880 1344 1936; x_wconf 92' lang='lat' dir='ltr'><strong>conditum</strong></span> <span class='ocrx_word' id='word_1_161' title='bbox 1380 1883 1589 1949; x_wconf 91' lang='lat' dir='ltr'><strong>dicens,</strong></span> <span class='ocrx_word' id='word_1_162' title='bbox 1622 1887 1890 1955; x_wconf 83' lang='lat' dir='ltr'><strong>signiﬁcat</strong></span> 
     </span>
    </p>
   </div>
   <div class='ocr_carea' id='block_1_22' title="bbox 312 1967 1888 2044">
    <p class='ocr_par' dir='ltr' id='par_1_22' title="bbox 312 1967 1888 2044">
     <span class='ocr_line' id='line_1_22' title="bbox 312 1967 1888 2044; baseline 0.01 -26"><span class='ocrx_word' id='word_1_163' title='bbox 312 1981 494 2019; x_wconf 88' lang='lat' dir='ltr'><strong>rerum</strong></span> <span class='ocrx_word' id='word_1_164' title='bbox 534 1967 774 2021; x_wconf 87' lang='lat' dir='ltr'><strong>omnium</strong></span> <span class='ocrx_word' id='word_1_165' title='bbox 806 1972 1125 2026; x_wconf 87' lang='lat' dir='ltr'><strong>occasiones</strong></span> <span class='ocrx_word' id='word_1_166' title='bbox 1154 1980 1208 2026; x_wconf 91' lang='lat' dir='ltr'><strong>et</strong></span> <span class='ocrx_word' id='word_1_167' title='bbox 1247 1988 1462 2040; x_wconf 89' lang='lat' dir='ltr'><strong>causas,</strong></span> <span class='ocrx_word' id='word_1_168' title='bbox 1497 1983 1552 2029; x_wconf 91' lang='lat' dir='ltr'><strong>et</strong></span> <span class='ocrx_word' id='word_1_169' title='bbox 1592 1985 1888 2044; x_wconf 89' lang='lat' dir='ltr'><strong>potestates</strong></span> 
     </span>
    </p>
   </div>
   <div class='ocr_carea' id='block_1_23' title="bbox 313 2055 1904 2138">
    <p class='ocr_par' dir='ltr' id='par_1_23' title="bbox 313 2055 1904 2138">
     <span class='ocr_line' id='line_1_23' title="bbox 313 2055 1904 2138; baseline 0.009 -31"><span class='ocrx_word' id='word_1_170' title='bbox 313 2070 344 2107; x_wconf 87' lang='lat' dir='ltr'><strong>a</strong></span> <span class='ocrx_word' id='word_1_171' title='bbox 361 2055 466 2110; x_wconf 90' lang='lat' dir='ltr'><strong>Deo</strong></span> <span class='ocrx_word' id='word_1_172' title='bbox 487 2055 658 2113; x_wconf 89' lang='lat' dir='ltr'><strong>fuisse</strong></span> <span class='ocrx_word' id='word_1_173' title='bbox 685 2059 984 2127; x_wconf 88' lang='lat' dir='ltr'><strong>confectas,</strong></span> <span class='ocrx_word' id='word_1_174' title='bbox 1007 2071 1060 2115; x_wconf 91' lang='lat' dir='ltr'><strong>et</strong></span> <span class='ocrx_word' id='word_1_175' title='bbox 1079 2062 1143 2116; x_wconf 89' lang='lat' dir='ltr'><strong>ad</strong></span> <span class='ocrx_word' id='word_1_176' title='bbox 1170 2063 1406 2131; x_wconf 88' lang='lat' dir='ltr'><strong>primum</strong></span> <span class='ocrx_word' id='word_1_177' title='bbox 1430 2065 1904 2138; x_wconf 85' lang='lat' dir='ltr'><strong>voluntatisillius_</strong></span> 
     </span>
    </p>
   </div>
   <div class='ocr_carea' id='block_1_24' title="bbox 311 2150 1887 2222">
    <p class='ocr_par' dir='ltr' id='par_1_24' title="bbox 311 2150 1887 2222">
     <span class='ocr_line' id='line_1_24' title="bbox 311 2150 1887 2222; baseline 0.008 -22"><span class='ocrx_word' id='word_1_178' title='bbox 311 2153 519 2201; x_wconf 87' lang='lat' dir='ltr'><strong>motum</strong></span> <span class='ocrx_word' id='word_1_179' title='bbox 547 2163 637 2203; x_wconf 88' lang='lat' dir='ltr'><strong>res</strong></span> <span class='ocrx_word' id='word_1_180' title='bbox 665 2150 910 2219; x_wconf 86' lang='lat' dir='ltr'><strong>singulas</strong></span> <span class='ocrx_word' id='word_1_181' title='bbox 936 2153 1237 2220; x_wconf 81' lang='lat' dir='ltr'><strong>exstitisse,</strong></span> <span class='ocrx_word' id='word_1_182' title='bbox 1259 2155 1480 2216; x_wconf 83' lang='lat' dir='ltr'><strong>ccelum,</strong></span> <span class='ocrx_word' id='word_1_183' title='bbox 1508 2156 1729 2222; x_wconf 53' lang='lat' dir='ltr'><strong>aethera,</strong></span> <span class='ocrx_word' id='word_1_184' title='bbox 1760 2160 1887 2212; x_wconf 89' lang='lat' dir='ltr'><strong>stel-</strong></span> 
     </span>
    </p>
   </div>
   <div class='ocr_carea' id='block_1_25' title="bbox 310 2239 1883 2318">
    <p class='ocr_par' dir='ltr' id='par_1_25' title="bbox 310 2239 1883 2318">
     <span class='ocr_line' id='line_1_25' title="bbox 310 2239 1883 2318; baseline 0.005 -24"><span class='ocrx_word' id='word_1_185' title='bbox 310 2241 417 2304; x_wconf 87' lang='lat' dir='ltr'><strong>las,</strong></span> <span class='ocrx_word' id='word_1_186' title='bbox 447 2239 642 2309; x_wconf 80' lang='lat' dir='ltr'><strong>ignem,</strong></span> <span class='ocrx_word' id='word_1_187' title='bbox 678 2256 826 2306; x_wconf 89' lang='lat' dir='ltr'><strong>aera,</strong></span> <span class='ocrx_word' id='word_1_188' title='bbox 862 2259 1010 2298; x_wconf 89' lang='lat' dir='ltr'><strong>mare</strong></span> <span class='ocrx_word' id='word_1_189' title='bbox 1045 2253 1290 2314; x_wconf 90' lang='lat' dir='ltr'><strong>,terram,</strong></span> <span class='ocrx_word' id='word_1_190' title='bbox 1326 2246 1603 2312; x_wconf 90' lang='lat' dir='ltr'><strong>animalia,</strong></span> <span class='ocrx_word' id='word_1_191' title='bbox 1637 2249 1883 2318; x_wconf 89' lang='lat' dir='ltr'><strong>plantas:</strong></span> 
     </span>
    </p>
   </div>
   <div class='ocr_carea' id='block_1_26' title="bbox 310 2332 1889 2408">
    <p class='ocr_par' dir='ltr' id='par_1_26' title="bbox 310 2332 1889 2408">
     <span class='ocr_line' id='line_1_26' title="bbox 310 2332 1889 2408; baseline 0.008 -26"><span class='ocrx_word' id='word_1_192' title='bbox 310 2345 434 2400; x_wconf 83' lang='lat' dir='ltr'><strong>quae</strong></span> <span class='ocrx_word' id='word_1_193' title='bbox 457 2332 673 2400; x_wconf 87' lang='lat' dir='ltr'><strong>quidem</strong></span> <span class='ocrx_word' id='word_1_194' title='bbox 707 2334 889 2387; x_wconf 91' lang='lat' dir='ltr'><strong>omnia</strong></span> <span class='ocrx_word' id='word_1_195' title='bbox 921 2333 1011 2390; x_wconf 89' lang='lat' dir='ltr'><strong>Dei</strong></span> <span class='ocrx_word' id='word_1_196' title='bbox 1044 2337 1205 2391; x_wconf 94' lang='lat' dir='ltr'><strong>oculo</strong></span> <span class='ocrx_word' id='word_1_197' title='bbox 1235 2339 1619 2400; x_wconf 84' lang='lat' dir='ltr'><strong>cernebantur.</strong></span> <span class='ocrx_word' id='word_1_198' title='bbox 1650 2350 1889 2408; x_wconf 86' lang='lat' dir='ltr'><strong>potesta-</strong></span> 
     </span>
    </p>
   </div>
   <div class='ocr_carea' id='block_1_27' title="bbox 311 2420 1888 2498">
    <p class='ocr_par' dir='ltr' id='par_1_27' title="bbox 311 2420 1888 2498">
     <span class='ocr_line' id='line_1_27' title="bbox 311 2420 1888 2498; baseline 0.009 -26"><span class='ocrx_word' id='word_1_199' title='bbox 311 2420 383 2476; x_wconf 88' lang='lat' dir='ltr'><strong>tis</strong></span> <span class='ocrx_word' id='word_1_200' title='bbox 434 2423 645 2477; x_wconf 89' lang='lat' dir='ltr'><strong>ratione</strong></span> <span class='ocrx_word' id='word_1_201' title='bbox 681 2425 1010 2493; x_wconf 79' lang='lat' dir='ltr'><strong>conSpicua,</strong></span> <span class='ocrx_word' id='word_1_202' title='bbox 1058 2435 1118 2480; x_wconf 93' lang='lat' dir='ltr'><strong>ut</strong></span> <span class='ocrx_word' id='word_1_203' title='bbox 1165 2429 1341 2497; x_wconf 91' lang='lat' dir='ltr'><strong>inquit</strong></span> <span class='ocrx_word' id='word_1_204' title='bbox 1389 2430 1695 2498; x_wconf 82' lang='lat' dir='ltr'><strong>pmpbeta:</strong></span> <span class='ocrx_word' id='word_1_205' title='bbox 1739 2449 1756 2482; x_wconf 77' lang='grc' dir='ltr'><strong>ι</strong></span> <span class='ocrx_word' id='word_1_206' title='bbox 1783 2430 1888 2497; x_wconf 86' lang='lat' dir='ltr'><strong>Qui</strong></span> 
     </span>
    </p>
   </div>
   <div class='ocr_carea' id='block_1_28' title="bbox 313 2512 1889 2590">
    <p class='ocr_par' dir='ltr' id='par_1_28' title="bbox 313 2512 1889 2590">
     <span class='ocr_line' id='line_1_28' title="bbox 313 2512 1889 2590; baseline 0.01 -28"><span class='ocrx_word' id='word_1_207' title='bbox 313 2512 462 2567; x_wconf 82' lang='lat' dir='ltr'><strong>videt</strong></span> <span class='ocrx_word' id='word_1_208' title='bbox 484 2516 670 2568; x_wconf 85' lang='lat' dir='ltr'><strong>omnia</strong></span> <span class='ocrx_word' id='word_1_209' title='bbox 696 2517 1050 2585; x_wconf 91' lang='lat' dir='ltr'><strong>prius,quam</strong></span> <span class='ocrx_word' id='word_1_210' title='bbox 1078 2517 1264 2572; x_wconf 80' lang='lat' dir='ltr'><strong>ﬁant&quot;.</strong></span> <span class='ocrx_word' id='word_1_211' title='bbox 1291 2539 1310 2570; x_wconf 85' lang='grc'><strong>›</strong></span> <span class='ocrx_word' id='word_1_212' title='bbox 1347 2518 1453 2574; x_wconf 90' lang='lat' dir='ltr'><strong>Sed</strong></span> <span class='ocrx_word' id='word_1_213' title='bbox 1483 2529 1772 2590; x_wconf 88' lang='lat' dir='ltr'><strong>potestate,</strong></span> <span class='ocrx_word' id='word_1_214' title='bbox 1803 2538 1889 2578; x_wconf 88' lang='lat' dir='ltr'><strong>sa-</strong></span> 
     </span>
    </p>
   </div>
   <div class='ocr_carea' id='block_1_29' title="bbox 311 2602 1888 2683">
    <p class='ocr_par' dir='ltr' id='par_1_29' title="bbox 311 2602 1888 2683">
     <span class='ocr_line' id='line_1_29' title="bbox 311 2602 1888 2683; baseline 0.009 -28"><span class='ocrx_word' id='word_1_215' title='bbox 311 2602 622 2672; x_wconf 90' lang='lat' dir='ltr'><strong>pientiaque</strong></span> <span class='ocrx_word' id='word_1_216' title='bbox 648 2605 715 2659; x_wconf 90' lang='lat' dir='ltr'><strong>ad</strong></span> <span class='ocrx_word' id='word_1_217' title='bbox 749 2606 1084 2676; x_wconf 87' lang='lat' dir='ltr'><strong>singularum</strong></span> <span class='ocrx_word' id='word_1_218' title='bbox 1121 2609 1306 2663; x_wconf 91' lang='lat' dir='ltr'><strong>mundi</strong></span> <span class='ocrx_word' id='word_1_219' title='bbox 1340 2611 1573 2679; x_wconf 90' lang='lat' dir='ltr'><strong>partium</strong></span> <span class='ocrx_word' id='word_1_220' title='bbox 1603 2612 1888 2683; x_wconf 81' lang='lat' dir='ltr'><strong>perfectio-</strong></span> 
     </span>
    </p>
   </div>
   <div class='ocr_carea' id='block_1_30' title="bbox 272 2686 1887 2774">
    <p class='ocr_par' dir='ltr' id='par_1_30' title="bbox 272 2686 1887 2774">
     <span class='ocr_line' id='line_1_30' title="bbox 272 2686 1887 2774; baseline 0.009 -29"><span class='ocrx_word' id='word_1_221' title='bbox 272 2686 274 2688; x_wconf 63' lang='grc'>’</span> <span class='ocrx_word' id='word_1_222' title='bbox 311 2707 434 2747; x_wconf 89' lang='lat' dir='ltr'><strong>nem</strong></span> <span class='ocrx_word' id='word_1_223' title='bbox 467 2695 686 2759; x_wconf 87' lang='lat' dir='ltr'><strong>collata,</strong></span> <span class='ocrx_word' id='word_1_224' title='bbox 718 2698 1030 2751; x_wconf 88' lang='lat' dir='ltr'><strong>necessaria</strong></span> <span class='ocrx_word' id='word_1_225' title='bbox 1057 2697 1304 2766; x_wconf 66' lang='lat' dir='ltr'><strong>quadam</strong></span> <span class='ocrx_word' id='word_1_226' title='bbox 1332 2703 1502 2758; x_wconf 88' lang='lat' dir='ltr'><strong>series</strong></span> <span class='ocrx_word' id='word_1_227' title='bbox 1531 2703 1721 2758; x_wconf 87' lang='lat' dir='ltr'><strong>ordine</strong></span> <span class='ocrx_word' id='word_1_228' title='bbox 1748 2721 1887 2774; x_wconf 87' lang='lat' dir='ltr'><strong>quo-</strong></span> 
     </span>
    </p>
   </div>
   <div class='ocr_carea' id='block_1_31' title="bbox 310 2782 1884 2861">
    <p class='ocr_par' dir='ltr' id='par_1_31' title="bbox 310 2782 1884 2861">
     <span class='ocr_line' id='line_1_31' title="bbox 310 2782 1884 2861; baseline 0.009 -25"><span class='ocrx_word' id='word_1_229' title='bbox 310 2782 432 2837; x_wconf 90' lang='lat' dir='ltr'><strong>dam</strong></span> <span class='ocrx_word' id='word_1_230' title='bbox 464 2795 758 2840; x_wconf 90' lang='lat' dir='ltr'><strong>consecuta</strong></span> <span class='ocrx_word' id='word_1_231' title='bbox 791 2795 897 2851; x_wconf 86' lang='lat' dir='ltr'><strong>est,</strong></span> <span class='ocrx_word' id='word_1_232' title='bbox 933 2799 992 2841; x_wconf 89' lang='lat' dir='ltr'><strong>ut</strong></span> <span class='ocrx_word' id='word_1_233' title='bbox 1021 2804 1188 2843; x_wconf 89' lang='lat' dir='ltr'><strong>unum</strong></span> <span class='ocrx_word' id='word_1_234' title='bbox 1214 2791 1434 2861; x_wconf 88' lang='lat' dir='ltr'><strong>aliquod</strong></span> <span class='ocrx_word' id='word_1_235' title='bbox 1464 2808 1529 2847; x_wconf 82' lang='lat' dir='ltr'><strong>ex</strong></span> <span class='ocrx_word' id='word_1_236' title='bbox 1560 2801 1672 2848; x_wconf 87' lang='lat' dir='ltr'><strong>tota</strong></span> <span class='ocrx_word' id='word_1_237' title='bbox 1704 2810 1884 2850; x_wconf 91' lang='lat' dir='ltr'><strong>rerum</strong></span> 
     </span>
    </p>
   </div>
   <div class='ocr_carea' id='block_1_32' title="bbox 311 2874 1887 2952">
    <p class='ocr_par' dir='ltr' id='par_1_32' title="bbox 311 2874 1887 2952">
     <span class='ocr_line' id='line_1_32' title="bbox 311 2874 1887 2952; baseline 0.009 -24"><span class='ocrx_word' id='word_1_238' title='bbox 311 2874 669 2932; x_wconf 82' lang='lat' dir='ltr'><strong>universitate</strong></span> <span class='ocrx_word' id='word_1_239' title='bbox 690 2879 924 2946; x_wconf 90' lang='lat' dir='ltr'><strong>primum</strong></span> <span class='ocrx_word' id='word_1_240' title='bbox 947 2880 1243 2945; x_wconf 83' lang='lat' dir='ltr'><strong>exstiterit,</strong></span> <span class='ocrx_word' id='word_1_241' title='bbox 1261 2890 1315 2935; x_wconf 91' lang='lat' dir='ltr'><strong>et</strong></span> <span class='ocrx_word' id='word_1_242' title='bbox 1332 2885 1665 2952; x_wconf 90' lang='lat' dir='ltr'><strong>apparuerit.</strong></span> <span class='ocrx_word' id='word_1_243' title='bbox 1684 2884 1887 2942; x_wconf 89' lang='lat' dir='ltr'><strong>Deinde</strong></span> 
     </span>
    </p>
   </div>
   <div class='ocr_carea' id='block_1_33' title="bbox 309 2965 1886 3042">
    <p class='ocr_par' dir='ltr' id='par_1_33' title="bbox 309 2965 1886 3042">
     <span class='ocr_line' id='line_1_33' title="bbox 309 2965 1886 3042; baseline 0.007 -24"><span class='ocrx_word' id='word_1_244' title='bbox 309 2973 434 3032; x_wconf 82' lang='lat' dir='ltr'><strong>post</strong></span> <span class='ocrx_word' id='word_1_245' title='bbox 459 2965 588 3019; x_wconf 92' lang='lat' dir='ltr'><strong>illud</strong></span> <span class='ocrx_word' id='word_1_246' title='bbox 624 2967 936 3022; x_wconf 89' lang='lat' dir='ltr'><strong>necessario</strong></span> <span class='ocrx_word' id='word_1_247' title='bbox 961 2969 1189 3024; x_wconf 89' lang='lat' dir='ltr'><strong>alterum</strong></span> <span class='ocrx_word' id='word_1_248' title='bbox 1220 2979 1491 3027; x_wconf 90' lang='lat' dir='ltr'><strong>secutum.</strong></span> <span class='ocrx_word' id='word_1_249' title='bbox 1523 2972 1680 3042; x_wconf 89' lang='lat' dir='ltr'><strong>Tum,</strong></span> <span class='ocrx_word' id='word_1_250' title='bbox 1712 2983 1770 3028; x_wconf 95' lang='lat' dir='ltr'><strong>ut</strong></span> <span class='ocrx_word' id='word_1_251' title='bbox 1798 2992 1886 3029; x_wconf 90' lang='lat' dir='ltr'><strong>ar-</strong></span> 
     </span>
    </p>
   </div>
   <div class='ocr_carea' id='block_1_34' title="bbox 309 3052 1886 3132">
    <p class='ocr_par' dir='ltr' id='par_1_34' title="bbox 309 3052 1886 3132">
     <span class='ocr_line' id='line_1_34' title="bbox 309 3052 1886 3132; baseline 0.007 -25"><span class='ocrx_word' id='word_1_252' title='bbox 309 3052 442 3108; x_wconf 78' lang='lat' dir='ltr'><strong>tifex</strong></span> <span class='ocrx_word' id='word_1_253' title='bbox 478 3062 672 3107; x_wconf 83' lang='lat' dir='ltr'><strong>natura</strong></span> <span class='ocrx_word' id='word_1_254' title='bbox 712 3056 956 3125; x_wconf 82' lang='lat' dir='ltr'><strong>cogebat,</strong></span> <span class='ocrx_word' id='word_1_255' title='bbox 998 3059 1218 3112; x_wconf 85' lang='lat' dir='ltr'><strong>tertium</strong></span> <span class='ocrx_word' id='word_1_256' title='bbox 1249 3067 1302 3113; x_wconf 91' lang='lat' dir='ltr'><strong>et</strong></span> <span class='ocrx_word' id='word_1_257' title='bbox 1329 3067 1606 3130; x_wconf 87' lang='lat' dir='ltr'><strong>quartum,</strong></span> <span class='ocrx_word' id='word_1_258' title='bbox 1643 3071 1697 3116; x_wconf 90' lang='lat' dir='ltr'><strong>et</strong></span> <span class='ocrx_word' id='word_1_259' title='bbox 1725 3064 1886 3132; x_wconf 90' lang='lat' dir='ltr'><strong>quin-</strong></span> 
     </span>
    </p>
   </div>
   <div class='ocr_carea' id='block_1_35' title="bbox 308 3147 1886 3219">
    <p class='ocr_par' dir='ltr' id='par_1_35' title="bbox 308 3147 1886 3219">
     <span class='ocr_line' id='line_1_35' title="bbox 308 3147 1886 3219; baseline 0.008 -21"><span class='ocrx_word' id='word_1_260' title='bbox 308 3155 444 3211; x_wconf 88' lang='lat' dir='ltr'><strong>tum,</strong></span> <span class='ocrx_word' id='word_1_261' title='bbox 478 3155 531 3200; x_wconf 89' lang='lat' dir='ltr'><strong>et</strong></span> <span class='ocrx_word' id='word_1_262' title='bbox 561 3147 768 3216; x_wconf 89' lang='lat' dir='ltr'><strong>reliqua</strong></span> <span class='ocrx_word' id='word_1_263' title='bbox 802 3147 1081 3218; x_wconf 88' lang='lat' dir='ltr'><strong>deinceps,</strong></span> <span class='ocrx_word' id='word_1_264' title='bbox 1110 3165 1218 3204; x_wconf 90' lang='lat' dir='ltr'><strong>non</strong></span> <span class='ocrx_word' id='word_1_265' title='bbox 1241 3164 1372 3204; x_wconf 90' lang='lat' dir='ltr'><strong>casu</strong></span> <span class='ocrx_word' id='word_1_266' title='bbox 1399 3161 1452 3206; x_wconf 91' lang='lat' dir='ltr'><strong>et</strong></span> <span class='ocrx_word' id='word_1_267' title='bbox 1479 3151 1718 3219; x_wconf 83' lang='lat' dir='ltr'><strong>fortuna,</strong></span> <span class='ocrx_word' id='word_1_268' title='bbox 1743 3155 1886 3210; x_wconf 89' lang='lat' dir='ltr'><strong>inor-</strong></span> 
     </span>
    </p>
   </div>
   <div class='ocr_carea' id='block_1_36' title="bbox 308 3236 1888 3307">
    <p class='ocr_par' dir='ltr' id='par_1_36' title="bbox 308 3236 1888 3307">
     <span class='ocr_line' id='line_1_36' title="bbox 308 3236 1888 3307; baseline 0.007 -18"><span class='ocrx_word' id='word_1_269' title='bbox 308 3236 496 3290; x_wconf 87' lang='lat' dir='ltr'><strong>dinato</strong></span> <span class='ocrx_word' id='word_1_270' title='bbox 517 3245 571 3291; x_wconf 91' lang='lat' dir='ltr'><strong>et</strong></span> <span class='ocrx_word' id='word_1_271' title='bbox 591 3239 751 3292; x_wconf 88' lang='lat' dir='ltr'><strong>celeri</strong></span> <span class='ocrx_word' id='word_1_272' title='bbox 775 3239 1010 3307; x_wconf 89' lang='lat' dir='ltr'><strong>quodam</strong></span> <span class='ocrx_word' id='word_1_273' title='bbox 1037 3249 1207 3306; x_wconf 88' lang='lat' dir='ltr'><strong>motu,</strong></span> <span class='ocrx_word' id='word_1_274' title='bbox 1231 3242 1324 3296; x_wconf 83' lang='lat' dir='ltr'><strong>sed</strong></span> <span class='ocrx_word' id='word_1_275' title='bbox 1355 3252 1412 3296; x_wconf 91' lang='lat' dir='ltr'><strong>ut</strong></span> <span class='ocrx_word' id='word_1_276' title='bbox 1430 3245 1772 3300; x_wconf 86' lang='lat' dir='ltr'><strong>necessarius</strong></span> <span class='ocrx_word' id='word_1_277' title='bbox 1789 3261 1888 3300; x_wconf 87' lang='lat' dir='ltr'><strong>na-</strong></span> 
     </span>
    </p>
   </div>
   <div class='ocr_carea' id='block_1_37' title="bbox 310 3330 1884 3403">
    <p class='ocr_par' dir='ltr' id='par_1_37' title="bbox 310 3330 1884 3403">
     <span class='ocr_line' id='line_1_37' title="bbox 310 3330 1884 3403; baseline 0.006 -22"><span class='ocrx_word' id='word_1_278' title='bbox 310 3335 448 3382; x_wconf 85' lang='lat' dir='ltr'><strong>turae</strong></span> <span class='ocrx_word' id='word_1_279' title='bbox 475 3330 611 3384; x_wconf 92' lang='lat' dir='ltr'><strong>ordo</strong></span> <span class='ocrx_word' id='word_1_280' title='bbox 641 3331 697 3384; x_wconf 88' lang='lat' dir='ltr'><strong>in</strong></span> <span class='ocrx_word' id='word_1_281' title='bbox 730 3330 896 3385; x_wconf 90' lang='lat' dir='ltr'><strong>rebus</strong></span> <span class='ocrx_word' id='word_1_282' title='bbox 923 3330 1278 3400; x_wconf 83' lang='lat' dir='ltr'><strong>disponendis</strong></span> <span class='ocrx_word' id='word_1_283' title='bbox 1308 3335 1639 3403; x_wconf 86' lang='lat' dir='ltr'><strong>requirebat,</strong></span> <span class='ocrx_word' id='word_1_284' title='bbox 1667 3336 1740 3389; x_wconf 86' lang='lat' dir='ltr'><strong>ita</strong></span> <span class='ocrx_word' id='word_1_285' title='bbox 1773 3337 1884 3390; x_wconf 88' lang='lat' dir='ltr'><strong>sin-</strong></span> 
     </span>
    </p>
   </div>
   <div class='ocr_carea' id='block_1_38' title="bbox 308 3419 1884 3490">
    <p class='ocr_par' dir='ltr' id='par_1_38' title="bbox 308 3419 1884 3490">
     <span class='ocr_line' id='line_1_38' title="bbox 308 3419 1884 3490; baseline 0.006 -17"><span class='ocrx_word' id='word_1_286' title='bbox 308 3420 434 3490; x_wconf 83' lang='lat' dir='ltr'><strong>gula</strong></span> <span class='ocrx_word' id='word_1_287' title='bbox 461 3419 603 3476; x_wconf 84' lang='lat' dir='ltr'><strong>facta</strong></span> <span class='ocrx_word' id='word_1_288' title='bbox 633 3421 803 3477; x_wconf 89' lang='lat' dir='ltr'><strong>fuisse</strong></span> <span class='ocrx_word' id='word_1_289' title='bbox 838 3431 1046 3486; x_wconf 90' lang='lat' dir='ltr'><strong>narrat,</strong></span> <span class='ocrx_word' id='word_1_290' title='bbox 1076 3431 1129 3478; x_wconf 92' lang='lat' dir='ltr'><strong>et</strong></span> <span class='ocrx_word' id='word_1_291' title='bbox 1161 3424 1227 3478; x_wconf 94' lang='lat' dir='ltr'><strong>de</strong></span> <span class='ocrx_word' id='word_1_292' title='bbox 1254 3427 1594 3482; x_wconf 89' lang='lat' dir='ltr'><strong>naturalibus</strong></span> <span class='ocrx_word' id='word_1_293' title='bbox 1621 3428 1884 3482; x_wconf 89' lang='lat' dir='ltr'><strong>institutis</strong></span> 
     </span>
    </p>
   </div>
   <div class='ocr_carea' id='block_1_39' title="bbox 308 3511 1880 3587">
    <p class='ocr_par' dir='ltr' id='par_1_39' title="bbox 308 3511 1880 3587">
     <span class='ocr_line' id='line_1_39' title="bbox 308 3511 1880 3587; baseline 0.006 -22"><span class='ocrx_word' id='word_1_294' title='bbox 308 3511 739 3582; x_wconf 85' lang='lat' dir='ltr'><strong>philosophatur.</strong></span> <span class='ocrx_word' id='word_1_295' title='bbox 760 3512 1033 3580; x_wconf 87' lang='lat' dir='ltr'><strong>Quasdam</strong></span> <span class='ocrx_word' id='word_1_296' title='bbox 1056 3516 1217 3568; x_wconf 90' lang='lat' dir='ltr'><strong>etiam</strong></span> <span class='ocrx_word' id='word_1_297' title='bbox 1240 3531 1401 3571; x_wconf 90' lang='lat' dir='ltr'><strong>voces</strong></span> <span class='ocrx_word' id='word_1_298' title='bbox 1424 3517 1741 3587; x_wconf 89' lang='lat' dir='ltr'><strong>imperantis</strong></span> <span class='ocrx_word' id='word_1_299' title='bbox 1764 3518 1880 3582; x_wconf 90' lang='lat' dir='ltr'><strong>Dei,</strong></span> 
     </span>
    </p>
   </div>
   <div class='ocr_carea' id='block_1_40' title="bbox 309 3604 1884 3680">
    <p class='ocr_par' dir='ltr' id='par_1_40' title="bbox 309 3604 1884 3680">
     <span class='ocr_line' id='line_1_40' title="bbox 309 3604 1884 3680; baseline 0.004 -21"><span class='ocrx_word' id='word_1_300' title='bbox 309 3604 537 3672; x_wconf 76' lang='lat' dir='ltr'><strong>singulis</strong></span> <span class='ocrx_word' id='word_1_301' title='bbox 563 3605 727 3660; x_wconf 90' lang='lat' dir='ltr'><strong>rebus</strong></span> <span class='ocrx_word' id='word_1_302' title='bbox 745 3621 866 3676; x_wconf 69' lang='lat' dir='ltr'><strong>quae</strong></span> <span class='ocrx_word' id='word_1_303' title='bbox 889 3615 1237 3677; x_wconf 76' lang='lat' dir='ltr'><strong>generantur,</strong></span> <span class='ocrx_word' id='word_1_304' title='bbox 1269 3608 1531 3678; x_wconf 86' lang='lat' dir='ltr'><strong>assignat,</strong></span> <span class='ocrx_word' id='word_1_305' title='bbox 1568 3610 1732 3680; x_wconf 88' lang='lat' dir='ltr'><strong>idque</strong></span> <span class='ocrx_word' id='word_1_306' title='bbox 1759 3626 1884 3666; x_wconf 86' lang='lat' dir='ltr'><strong>rec-</strong></span> 
     </span>
    </p>
   </div>
   <div class='ocr_carea' id='block_1_41' title="bbox 308 3697 1883 3769">
    <p class='ocr_par' dir='ltr' id='par_1_41' title="bbox 308 3697 1883 3769">
     <span class='ocr_line' id='line_1_41' title="bbox 308 3697 1883 3769; baseline 0.005 -21"><span class='ocrx_word' id='word_1_307' title='bbox 308 3703 382 3760; x_wconf 90' lang='lat' dir='ltr'><strong>te,</strong></span> <span class='ocrx_word' id='word_1_308' title='bbox 413 3703 467 3751; x_wconf 88' lang='lat' dir='ltr'><strong>et</strong></span> <span class='ocrx_word' id='word_1_309' title='bbox 495 3702 881 3753; x_wconf 85' lang='lat' dir='ltr'><strong>convenienter</strong></span> <span class='ocrx_word' id='word_1_310' title='bbox 912 3697 1061 3753; x_wconf 83' lang='lat' dir='ltr'><strong>facit.</strong></span> <span class='ocrx_word' id='word_1_311' title='bbox 1091 3697 1368 3769; x_wconf 88' lang='lat' dir='ltr'><strong>Quidquid</strong></span> <span class='ocrx_word' id='word_1_312' title='bbox 1399 3701 1763 3757; x_wconf 70' lang='lat' dir='ltr'><strong>enim-ordine</strong></span> <span class='ocrx_word' id='word_1_313' title='bbox 1795 3718 1883 3756; x_wconf 90' lang='lat' dir='ltr'><strong>sa-</strong></span> 
     </span>
    </p>
   </div>
   <div class='ocr_carea' id='block_1_42' title="bbox 307 3786 1885 3860">
    <p class='ocr_par' dir='ltr' id='par_1_42' title="bbox 307 3786 1885 3860">
     <span class='ocr_line' id='line_1_42' title="bbox 307 3786 1885 3860; baseline 0.007 -22"><span class='ocrx_word' id='word_1_314' title='bbox 307 3786 626 3856; x_wconf 89' lang='lat' dir='ltr'><strong>pienterque</strong></span> <span class='ocrx_word' id='word_1_315' title='bbox 669 3790 871 3842; x_wconf 87' lang='lat' dir='ltr'><strong>factum</strong></span> <span class='ocrx_word' id='word_1_316' title='bbox 907 3798 1010 3855; x_wconf 88' lang='lat' dir='ltr'><strong>est,</strong></span> <span class='ocrx_word' id='word_1_317' title='bbox 1051 3790 1341 3860; x_wconf 88' lang='lat' dir='ltr'><strong>quamdam</strong></span> <span class='ocrx_word' id='word_1_318' title='bbox 1374 3792 1540 3847; x_wconf 87' lang='lat' dir='ltr'><strong>veluti</strong></span> <span class='ocrx_word' id='word_1_319' title='bbox 1569 3809 1757 3848; x_wconf 89' lang='lat' dir='ltr'><strong>vocem</strong></span> <span class='ocrx_word' id='word_1_320' title='bbox 1789 3793 1885 3850; x_wconf 92' lang='lat' dir='ltr'><strong>Dei</strong></span> 
     </span>
    </p>
   </div>
   <div class='ocr_carea' id='block_1_43' title="bbox 307 3875 773 3931">
    <p class='ocr_par' dir='ltr' id='par_1_43' title="bbox 307 3875 773 3931">
     <span class='ocr_line' id='line_1_43' title="bbox 307 3875 773 3931; baseline 0.006 -3"><span class='ocrx_word' id='word_1_321' title='bbox 307 3875 552 3930; x_wconf 85' lang='lat' dir='ltr'><strong>vicissim</strong></span> <span class='ocrx_word' id='word_1_322' title='bbox 583 3875 773 3931; x_wconf 87' lang='lat' dir='ltr'><strong>refert.</strong></span> 
     </span>
    </p>
   </div>
   <div class='ocr_carea' id='block_1_44' title="bbox 1999 343 3573 418">
    <p class='ocr_par' dir='ltr' id='par_1_44' title="bbox 1999 343 3573 418">
     <span class='ocr_line' id='line_1_44' title="bbox 1999 343 3573 418; baseline 0.004 -24"><span class='ocrx_word' id='word_1_323' title='bbox 1999 343 2131 407; x_wconf 85' lang='grc' dir='ltr'>Θεὸς</span> <span class='ocrx_word' id='word_1_324' title='bbox 2151 345 2422 416; x_wconf 86' lang='grc' dir='ltr'>ἐποίησεν,</span> <span class='ocrx_word' id='word_1_325' title='bbox 2453 345 2602 402; x_wconf 81' lang='grc' dir='ltr'>εἶπεν</span> <span class='ocrx_word' id='word_1_326' title='bbox 2625 349 2694 402; x_wconf 84' lang='grc' dir='ltr'>ἐν</span> <span class='ocrx_word' id='word_1_327' title='bbox 2711 348 3034 417; x_wconf 71' lang='grc' dir='ltr'>κεφαλαίῳ,</span> <span class='ocrx_word' id='word_1_328' title='bbox 3054 348 3171 418; x_wconf 78' lang='grc' dir='ltr'>ἦτοι</span> <span class='ocrx_word' id='word_1_329' title='bbox 3198 347 3268 400; x_wconf 77' lang='grc' dir='ltr'><strong>ἐν</strong></span> <span class='ocrx_word' id='word_1_330' title='bbox 3293 347 3451 416; x_wconf 80' lang='grc' dir='ltr'>ἀρχῇ</span> <span class='ocrx_word' id='word_1_331' title='bbox 3473 365 3573 400; x_wconf 86' lang='grc' dir='ltr'>πε-</span> 
     </span>
    </p>
   </div>
   <div class='ocr_carea' id='block_1_45' title="bbox 1998 433 3573 509">
    <p class='ocr_par' dir='ltr' id='par_1_45' title="bbox 1998 433 3573 509">
     <span class='ocr_line' id='line_1_45' title="bbox 1998 433 3573 509; baseline 0.003 -26"><span class='ocrx_word' id='word_1_332' title='bbox 1998 433 2278 503; x_wconf 89' lang='grc' dir='ltr'>ποιηκέναι</span> <span class='ocrx_word' id='word_1_333' title='bbox 2325 435 2415 486; x_wconf 91' lang='grc' dir='ltr'><strong>τὸν</strong></span> <span class='ocrx_word' id='word_1_334' title='bbox 2461 437 2590 489; x_wconf 87' lang='grc' dir='ltr'>Θεὸν</span> <span class='ocrx_word' id='word_1_335' title='bbox 2632 438 2723 491; x_wconf 89' lang='grc' dir='ltr'><strong>τὸν</strong></span> <span class='ocrx_word' id='word_1_336' title='bbox 2765 437 2990 509; x_wconf 81' lang='grc' dir='ltr'>οὐρανὸν</span> <span class='ocrx_word' id='word_1_337' title='bbox 3030 438 3123 490; x_wconf 72' lang='grc' dir='ltr'><strong>καὶ</strong></span> <span class='ocrx_word' id='word_1_338' title='bbox 3159 436 3258 506; x_wconf 84' lang='grc' dir='ltr'><strong>τὴν</strong></span> <span class='ocrx_word' id='word_1_339' title='bbox 3290 440 3413 506; x_wconf 88' lang='grc' dir='ltr'>γῆν.</span> <span class='ocrx_word' id='word_1_340' title='bbox 3451 437 3573 490; x_wconf 81' lang='grc' dir='ltr'>Μία</span> 
     </span>
    </p>
   </div>
   <div class='ocr_carea' id='block_1_46' title="bbox 1994 521 3569 599">
    <p class='ocr_par' dir='ltr' id='par_1_46' title="bbox 1994 521 3569 599">
     <span class='ocr_line' id='line_1_46' title="bbox 1994 521 3569 599; baseline 0.004 -26"><span class='ocrx_word' id='word_1_341' title='bbox 1994 521 2052 573; x_wconf 85' lang='grc' dir='ltr'>δὲ</span> <span class='ocrx_word' id='word_1_342' title='bbox 2071 523 2178 576; x_wconf 85' lang='grc' dir='ltr'><strong>τῶν</strong></span> <span class='ocrx_word' id='word_1_343' title='bbox 2203 524 2294 577; x_wconf 92' lang='grc' dir='ltr'><strong>δύο</strong></span> <span class='ocrx_word' id='word_1_344' title='bbox 2323 526 2514 595; x_wconf 80' lang='grc' dir='ltr'>φωνῶν</span> <span class='ocrx_word' id='word_1_345' title='bbox 2548 528 2581 598; x_wconf 81' lang='grc' dir='ltr'><strong>ἡ</strong></span> <span class='ocrx_word' id='word_1_346' title='bbox 2618 528 2878 599; x_wconf 86' lang='grc' dir='ltr'>σημασία,</span> <span class='ocrx_word' id='word_1_347' title='bbox 2915 529 3014 598; x_wconf 81' lang='grc' dir='ltr'>τῆς</span> <span class='ocrx_word' id='word_1_348' title='bbox 3045 545 3102 580; x_wconf 85' lang='grc' dir='ltr'><strong>τε</strong></span> <span class='ocrx_word' id='word_1_349' title='bbox 3137 527 3332 596; x_wconf 80' lang='grc' dir='ltr'>ἀρχῆς</span> <span class='ocrx_word' id='word_1_350' title='bbox 3357 527 3451 580; x_wconf 72' lang='grc' dir='ltr'><strong>καὶ</strong></span> <span class='ocrx_word' id='word_1_351' title='bbox 3468 526 3569 580; x_wconf 86' lang='grc' dir='ltr'><strong>τοῦ</strong></span> 
     </span>
    </p>
   </div>
   <div class='ocr_carea' id='block_1_47' title="bbox 1995 614 3573 687">
    <p class='ocr_par' dir='ltr' id='par_1_47' title="bbox 1995 614 3573 687">
     <span class='ocr_line' id='line_1_47' title="bbox 1995 614 3573 687; baseline 0.003 -24"><span class='ocrx_word' id='word_1_352' title='bbox 1995 614 2343 679; x_wconf 62' lang='grc' dir='ltr'>κεφαλαίου.</span> <span class='ocrx_word' id='word_1_353' title='bbox 2395 615 2656 686; x_wconf 86' lang='grc' dir='ltr'>Δηλοῦται</span> <span class='ocrx_word' id='word_1_354' title='bbox 2706 617 2814 687; x_wconf 82' lang='grc' dir='ltr'>γὰρ</span> <span class='ocrx_word' id='word_1_355' title='bbox 2863 617 3057 686; x_wconf 78' lang='grc' dir='ltr'><strong>ἐπίσης</strong></span> <span class='ocrx_word' id='word_1_356' title='bbox 3097 616 3163 669; x_wconf 84' lang='grc' dir='ltr'>δι’</span> <span class='ocrx_word' id='word_1_357' title='bbox 3190 615 3466 685; x_wconf 80' lang='grc' dir='ltr'><strong>ἑκατέρων</strong></span> <span class='ocrx_word' id='word_1_358' title='bbox 3507 615 3573 668; x_wconf 86' lang='grc' dir='ltr'><strong>τὸ</strong></span> 
     </span>
    </p>
   </div>
   <div class='ocr_carea' id='block_1_48' title="bbox 1994 696 3574 779">
    <p class='ocr_par' dir='ltr' id='par_1_48' title="bbox 1994 696 3574 779">
     <span class='ocr_line' id='line_1_48' title="bbox 1994 696 3574 779; baseline 0.001 -24"><span class='ocrx_word' id='word_1_359' title='bbox 1994 702 2219 774; x_wconf 86' lang='grc' dir='ltr'>ἀθρόον·</span> <span class='ocrx_word' id='word_1_360' title='bbox 2266 696 2335 749; x_wconf 71' lang='grc' dir='ltr'>ἐν</span> <span class='ocrx_word' id='word_1_361' title='bbox 2371 705 2464 776; x_wconf 80' lang='grc' dir='ltr'><strong>μὲν</strong></span> <span class='ocrx_word' id='word_1_362' title='bbox 2514 706 2621 779; x_wconf 89' lang='grc' dir='ltr'><strong>γὰρ</strong></span> <span class='ocrx_word' id='word_1_363' title='bbox 2666 706 2744 772; x_wconf 83' lang='grc' dir='ltr'>τῷ</span> <span class='ocrx_word' id='word_1_364' title='bbox 2786 708 3108 770; x_wconf 76' lang='grc' dir='ltr'>κεφαλαίῳ,</span> <span class='ocrx_word' id='word_1_365' title='bbox 3154 705 3216 758; x_wconf 91' lang='grc' dir='ltr'><strong>τὸ</strong></span> <span class='ocrx_word' id='word_1_366' title='bbox 3266 705 3574 775; x_wconf 70' lang='grc' dir='ltr'>συλλήϐδην</span> 
     </span>
    </p>
   </div>
   <div class='ocr_carea' id='block_1_49' title="bbox 1992 795 3571 869">
    <p class='ocr_par' dir='ltr' id='par_1_49' title="bbox 1992 795 3571 869">
     <span class='ocr_line' id='line_1_49' title="bbox 1992 795 3571 869; baseline 0.007 -23"><span class='ocrx_word' id='word_1_367' title='bbox 1992 795 2060 848; x_wconf 84' lang='grc' dir='ltr'>τὰ</span> <span class='ocrx_word' id='word_1_368' title='bbox 2085 796 2264 851; x_wconf 83' lang='grc' dir='ltr'>πάντα</span> <span class='ocrx_word' id='word_1_369' title='bbox 2291 797 2618 867; x_wconf 79' lang='grc' dir='ltr'>γεγενῆσθαι</span> <span class='ocrx_word' id='word_1_370' title='bbox 2655 797 2988 869; x_wconf 86' lang='grc' dir='ltr'>περιίστησι,</span> <span class='ocrx_word' id='word_1_371' title='bbox 3012 798 3102 851; x_wconf 81' lang='grc' dir='ltr'><strong>διὰ</strong></span> <span class='ocrx_word' id='word_1_372' title='bbox 3141 798 3197 850; x_wconf 85' lang='grc' dir='ltr'>δὲ</span> <span class='ocrx_word' id='word_1_373' title='bbox 3226 798 3325 867; x_wconf 80' lang='grc' dir='ltr'>τῆς</span> <span class='ocrx_word' id='word_1_374' title='bbox 3365 797 3571 867; x_wconf 79' lang='grc' dir='ltr'><strong>ἀρχῆς</strong></span> 
     </span>
    </p>
   </div>
   <div class='ocr_carea' id='block_1_50' title="bbox 1992 885 3571 958">
    <p class='ocr_par' dir='ltr' id='par_1_50' title="bbox 1992 885 3571 958">
     <span class='ocr_line' id='line_1_50' title="bbox 1992 885 3571 958; baseline 0.001 -21"><span class='ocrx_word' id='word_1_375' title='bbox 1992 885 2243 957; x_wconf 88' lang='grc' dir='ltr'>δηλοῦται</span> <span class='ocrx_word' id='word_1_376' title='bbox 2297 888 2360 940; x_wconf 92' lang='grc' dir='ltr'><strong>τὸ</strong></span> <span class='ocrx_word' id='word_1_377' title='bbox 2405 888 2609 958; x_wconf 84' lang='grc' dir='ltr'>ἀκαρές</span> <span class='ocrx_word' id='word_1_378' title='bbox 2665 904 2726 940; x_wconf 91' lang='grc' dir='ltr'><strong>τε</strong></span> <span class='ocrx_word' id='word_1_379' title='bbox 2783 889 2877 941; x_wconf 80' lang='grc' dir='ltr'><strong>καὶ</strong></span> <span class='ocrx_word' id='word_1_380' title='bbox 2929 887 3269 942; x_wconf 83' lang='grc' dir='ltr'>ἀδιάστατον.</span> <span class='ocrx_word' id='word_1_381' title='bbox 3330 887 3402 940; x_wconf 89' lang='grc' dir='ltr'><strong><em>Ἡ</em></strong></span> <span class='ocrx_word' id='word_1_382' title='bbox 3455 887 3571 958; x_wconf 82' lang='grc' dir='ltr'>γὰρ</span> 
     </span>
    </p>
   </div>
   <div class='ocr_carea' id='block_1_51' title="bbox 1991 977 3569 1050">
    <p class='ocr_par' dir='ltr' id='par_1_51' title="bbox 1991 977 3569 1050">
     <span class='ocr_line' id='line_1_51' title="bbox 1991 977 3569 1050; baseline 0.001 -19"><span class='ocrx_word' id='word_1_383' title='bbox 1991 977 2149 1046; x_wconf 77' lang='grc' dir='ltr'>ἀρχὴ</span> <span class='ocrx_word' id='word_1_384' title='bbox 2210 979 2409 1042; x_wconf 87' lang='grc' dir='ltr'>παντὸς</span> <span class='ocrx_word' id='word_1_385' title='bbox 2467 977 2892 1050; x_wconf 81' lang='grc' dir='ltr'>διαστηματικοῦ</span> <span class='ocrx_word' id='word_1_386' title='bbox 2941 980 3210 1050; x_wconf 82' lang='grc' dir='ltr'><strong>νοήματος</strong></span> <span class='ocrx_word' id='word_1_387' title='bbox 3266 977 3569 1049; x_wconf 77' lang='grc' dir='ltr'><strong>ἀλλοτρίως</strong></span> 
     </span>
    </p>
   </div>
   <div class='ocr_carea' id='block_1_52' title="bbox 1992 1068 3566 1141">
    <p class='ocr_par' dir='ltr' id='par_1_52' title="bbox 1992 1068 3566 1141">
     <span class='ocr_line' id='line_1_52' title="bbox 1992 1068 3566 1141; baseline 0.001 -20"><span class='ocrx_word' id='word_1_388' title='bbox 1992 1068 2124 1140; x_wconf 77' lang='grc' dir='ltr'>ἔχει.</span> <span class='ocrx_word' id='word_1_389' title='bbox 2166 1071 2253 1132; x_wconf 80' lang='grc' dir='ltr'>Ὠς</span> <span class='ocrx_word' id='word_1_390' title='bbox 2298 1070 2357 1123; x_wconf 85' lang='grc' dir='ltr'><strong>τὸ</strong></span> <span class='ocrx_word' id='word_1_391' title='bbox 2404 1071 2624 1140; x_wconf 85' lang='grc' dir='ltr'>σημεῖον</span> <span class='ocrx_word' id='word_1_392' title='bbox 2670 1071 2812 1141; x_wconf 84' lang='grc' dir='ltr'>ἀρχὴ</span> <span class='ocrx_word' id='word_1_393' title='bbox 2863 1071 2961 1140; x_wconf 88' lang='grc' dir='ltr'>τῆς</span> <span class='ocrx_word' id='word_1_394' title='bbox 3010 1069 3293 1140; x_wconf 79' lang='grc' dir='ltr'><strong>γραμμῆς,</strong></span> <span class='ocrx_word' id='word_1_395' title='bbox 3332 1071 3426 1122; x_wconf 71' lang='grc' dir='ltr'><strong>καὶ</strong></span> <span class='ocrx_word' id='word_1_396' title='bbox 3469 1069 3566 1122; x_wconf 81' lang='grc' dir='ltr'><strong>τού</strong></span> 
     </span>
    </p>
   </div>
   <div class='ocr_carea' id='block_1_53' title="bbox 1990 1159 3568 1231">
    <p class='ocr_par' dir='ltr' id='par_1_53' title="bbox 1990 1159 3568 1231">
     <span class='ocr_line' id='line_1_53' title="bbox 1990 1159 3568 1231; baseline 0 -17"><span class='ocrx_word' id='word_1_397' title='bbox 1990 1161 2154 1228; x_wconf 76' lang='grc' dir='ltr'>ὄγκου</span> <span class='ocrx_word' id='word_1_398' title='bbox 2196 1161 2256 1213; x_wconf 91' lang='grc' dir='ltr'><strong>τὸ</strong></span> <span class='ocrx_word' id='word_1_399' title='bbox 2282 1162 2500 1230; x_wconf 83' lang='grc' dir='ltr'>ἄτομον,</span> <span class='ocrx_word' id='word_1_400' title='bbox 2527 1159 2697 1224; x_wconf 79' lang='grc' dir='ltr'>οὓτως</span> <span class='ocrx_word' id='word_1_401' title='bbox 2722 1161 2816 1215; x_wconf 76' lang='grc' dir='ltr'>καὶ</span> <span class='ocrx_word' id='word_1_402' title='bbox 2842 1161 2904 1214; x_wconf 92' lang='grc' dir='ltr'><strong>τὸ</strong></span> <span class='ocrx_word' id='word_1_403' title='bbox 2942 1161 3145 1230; x_wconf 84' lang='grc' dir='ltr'>ἀκαρὲς</span> <span class='ocrx_word' id='word_1_404' title='bbox 3179 1159 3275 1213; x_wconf 86' lang='grc' dir='ltr'><strong>τοῦ</strong></span> <span class='ocrx_word' id='word_1_405' title='bbox 3306 1160 3568 1231; x_wconf 88' lang='grc' dir='ltr'>χρονικοῦ</span> 
     </span>
    </p>
   </div>
   <div class='ocr_carea' id='block_1_54' title="bbox 1989 1249 3566 1323">
    <p class='ocr_par' dir='ltr' id='par_1_54' title="bbox 1989 1249 3566 1323">
     <span class='ocr_line' id='line_1_54' title="bbox 1989 1249 3566 1323; baseline 0 -18"><span class='ocrx_word' id='word_1_406' title='bbox 1989 1252 2375 1322; x_wconf 85' lang='grc' dir='ltr'>διαστήματος.</span> <span class='ocrx_word' id='word_1_407' title='bbox 2437 1252 2498 1304; x_wconf 87' lang='grc' dir='ltr'><em>Ἢ</em></span> <span class='ocrx_word' id='word_1_408' title='bbox 2549 1249 2642 1307; x_wconf 83' lang='grc' dir='ltr'><strong>οῦν</strong></span> <span class='ocrx_word' id='word_1_409' title='bbox 2685 1252 2857 1322; x_wconf 86' lang='grc' dir='ltr'>ἀθρόα</span> <span class='ocrx_word' id='word_1_410' title='bbox 2898 1251 3007 1306; x_wconf 83' lang='grc' dir='ltr'><strong>τῶν</strong></span> <span class='ocrx_word' id='word_1_411' title='bbox 3054 1253 3221 1306; x_wconf 80' lang='grc' dir='ltr'>όντων</span> <span class='ocrx_word' id='word_1_412' title='bbox 3263 1252 3416 1323; x_wconf 82' lang='grc' dir='ltr'><strong>παρὰ</strong></span> <span class='ocrx_word' id='word_1_413' title='bbox 3458 1252 3566 1322; x_wconf 79' lang='grc' dir='ltr'>τῆς</span> 
     </span>
    </p>
   </div>
   <div class='ocr_carea' id='block_1_55' title="bbox 1990 1341 3568 1415">
    <p class='ocr_par' dir='ltr' id='par_1_55' title="bbox 1990 1341 3568 1415">
     <span class='ocr_line' id='line_1_55' title="bbox 1990 1341 3568 1415; baseline -0.001 -18"><span class='ocrx_word' id='word_1_414' title='bbox 1990 1343 2267 1414; x_wconf 86' lang='grc' dir='ltr'>ἀφράστου</span> <span class='ocrx_word' id='word_1_415' title='bbox 2297 1341 2578 1412; x_wconf 88' lang='grc' dir='ltr'>δυνάμεως</span> <span class='ocrx_word' id='word_1_416' title='bbox 2605 1341 2699 1396; x_wconf 90' lang='grc' dir='ltr'><strong>τοῦ</strong></span> <span class='ocrx_word' id='word_1_417' title='bbox 2733 1343 2868 1396; x_wconf 85' lang='grc' dir='ltr'>Θεοῦ</span> <span class='ocrx_word' id='word_1_418' title='bbox 2901 1344 3196 1414; x_wconf 81' lang='grc' dir='ltr'>καταϐολὴ,</span> <span class='ocrx_word' id='word_1_419' title='bbox 3226 1344 3383 1413; x_wconf 81' lang='grc' dir='ltr'>ἁρχὴ</span> <span class='ocrx_word' id='word_1_420' title='bbox 3409 1344 3568 1415; x_wconf 80' lang='grc' dir='ltr'>παρὰ</span> 
     </span>
    </p>
   </div>
   <div class='ocr_carea' id='block_1_56' title="bbox 1988 1429 3566 1506">
    <p class='ocr_par' dir='ltr' id='par_1_56' title="bbox 1988 1429 3566 1506">
     <span class='ocr_line' id='line_1_56' title="bbox 1988 1429 3566 1506; baseline 0.002 -22"><span class='ocrx_word' id='word_1_421' title='bbox 1988 1431 2081 1484; x_wconf 91' lang='grc' dir='ltr'><strong>τοῦ</strong></span> <span class='ocrx_word' id='word_1_422' title='bbox 2109 1432 2404 1496; x_wconf 84' lang='grc' dir='ltr'>Μωῦσέως,</span> <span class='ocrx_word' id='word_1_423' title='bbox 2435 1433 2596 1502; x_wconf 78' lang='grc' dir='ltr'>ήτουν</span> <span class='ocrx_word' id='word_1_424' title='bbox 2625 1431 2954 1501; x_wconf 71' lang='grc' dir='ltr'>κεφάλαιον</span> <span class='ocrx_word' id='word_1_425' title='bbox 2992 1435 3406 1505; x_wconf 84' lang='grc' dir='ltr'>κατωνομάσθη,</span> <span class='ocrx_word' id='word_1_426' title='bbox 3434 1436 3494 1487; x_wconf 89' lang='grc' dir='ltr'><strong>ἑν</strong></span> 
     </span>
    </p>
   </div>
   <div class='ocr_carea' id='block_1_57' title="bbox 1989 1523 3568 1596">
    <p class='ocr_par' dir='ltr' id='par_1_57' title="bbox 1989 1523 3568 1596">
     <span class='ocr_line' id='line_1_57' title="bbox 1989 1523 3568 1596; baseline 0.003 -20"><span class='ocrx_word' id='word_1_427' title='bbox 1989 1523 2049 1576; x_wconf 93' lang='grc' dir='ltr'><strong>τὸ</strong></span> <span class='ocrx_word' id='word_1_428' title='bbox 2088 1525 2197 1577; x_wconf 78' lang='grc' dir='ltr'>πᾶν</span> <span class='ocrx_word' id='word_1_429' title='bbox 2231 1524 2492 1593; x_wconf 80' lang='grc' dir='ltr'>συστῆναι</span> <span class='ocrx_word' id='word_1_430' title='bbox 2525 1525 2761 1593; x_wconf 88' lang='grc' dir='ltr'>λέγεται.</span> <span class='ocrx_word' id='word_1_431' title='bbox 2803 1526 2884 1578; x_wconf 82' lang='grc' dir='ltr'>Τὰ</span> <span class='ocrx_word' id='word_1_432' title='bbox 2933 1525 3030 1596; x_wconf 83' lang='grc' dir='ltr'><strong>μὲν</strong></span> <span class='ocrx_word' id='word_1_433' title='bbox 3062 1526 3206 1596; x_wconf 80' lang='grc' dir='ltr'>ἄκρα</span> <span class='ocrx_word' id='word_1_434' title='bbox 3245 1526 3352 1579; x_wconf 82' lang='grc' dir='ltr'><strong>τῶν</strong></span> <span class='ocrx_word' id='word_1_435' title='bbox 3392 1527 3568 1580; x_wconf 73' lang='grc' dir='ltr'>όντων</span> 
     </span>
    </p>
   </div>
   <div class='ocr_carea' id='block_1_58' title="bbox 1989 1614 3570 1689">
    <p class='ocr_par' dir='ltr' id='par_1_58' title="bbox 1989 1614 3570 1689">
     <span class='ocr_line' id='line_1_58' title="bbox 1989 1614 3570 1689; baseline 0.002 -21"><span class='ocrx_word' id='word_1_436' title='bbox 1989 1614 2159 1669; x_wconf 80' lang='grc' dir='ltr'>εἰπών</span> <span class='ocrx_word' id='word_1_437' title='bbox 2179 1632 2192 1646; x_wconf 75' lang='grc' dir='ltr'><strong>ο</strong></span> <span class='ocrx_word' id='word_1_438' title='bbox 2225 1615 2297 1668; x_wconf 85' lang='grc' dir='ltr'>τὰ</span> <span class='ocrx_word' id='word_1_439' title='bbox 2322 1615 2379 1668; x_wconf 83' lang='grc' dir='ltr'><strong>δὲ</strong></span> <span class='ocrx_word' id='word_1_440' title='bbox 2411 1616 2548 1685; x_wconf 84' lang='grc' dir='ltr'>μέσα</span> <span class='ocrx_word' id='word_1_441' title='bbox 2580 1617 2718 1670; x_wconf 81' lang='grc' dir='ltr'>κατὰ</span> <span class='ocrx_word' id='word_1_442' title='bbox 2749 1617 2809 1670; x_wconf 88' lang='grc' dir='ltr'><strong>τὸ</strong></span> <span class='ocrx_word' id='word_1_443' title='bbox 2842 1615 3191 1687; x_wconf 85' lang='grc' dir='ltr'>σιωπώμενον</span> <span class='ocrx_word' id='word_1_444' title='bbox 3227 1620 3339 1680; x_wconf 88' lang='grc' dir='ltr'>τοῖς</span> <span class='ocrx_word' id='word_1_445' title='bbox 3370 1617 3570 1689; x_wconf 79' lang='grc' dir='ltr'><strong>ἄκροις</strong></span> 
     </span>
    </p>
   </div>
   <div class='ocr_carea' id='block_1_59' title="bbox 1991 1707 3568 1780">
    <p class='ocr_par' dir='ltr' id='par_1_59' title="bbox 1991 1707 3568 1780">
     <span class='ocr_line' id='line_1_59' title="bbox 1991 1707 3568 1780; baseline 0.001 -20"><span class='ocrx_word' id='word_1_446' title='bbox 1991 1707 2481 1777; x_wconf 83' lang='grc' dir='ltr'>συνενδειξάμενος.</span> <span class='ocrx_word' id='word_1_447' title='bbox 2537 1709 2716 1777; x_wconf 78' lang='grc' dir='ltr'>Ἀκρα</span> <span class='ocrx_word' id='word_1_448' title='bbox 2743 1708 2800 1761; x_wconf 87' lang='grc' dir='ltr'><strong>δέ</strong></span> <span class='ocrx_word' id='word_1_449' title='bbox 2835 1726 2997 1779; x_wconf 85' lang='grc' dir='ltr'>φημι,</span> <span class='ocrx_word' id='word_1_450' title='bbox 3036 1709 3125 1763; x_wconf 82' lang='grc' dir='ltr'>διὰ</span> <span class='ocrx_word' id='word_1_451' title='bbox 3161 1708 3260 1780; x_wconf 82' lang='grc' dir='ltr'><strong>τὴν</strong></span> <span class='ocrx_word' id='word_1_452' title='bbox 3285 1708 3568 1779; x_wconf 82' lang='grc' dir='ltr'>ἀνθρωπί-</span> 
     </span>
    </p>
   </div>
   <div class='ocr_carea' id='block_1_60' title="bbox 1988 1796 3567 1870">
    <p class='ocr_par' dir='ltr' id='par_1_60' title="bbox 1988 1796 3567 1870">
     <span class='ocr_line' id='line_1_60' title="bbox 1988 1796 3567 1870; baseline 0.003 -18"><span class='ocrx_word' id='word_1_453' title='bbox 1988 1817 2085 1869; x_wconf 84' lang='grc' dir='ltr'><strong>νην</strong></span> <span class='ocrx_word' id='word_1_454' title='bbox 2114 1798 2388 1868; x_wconf 82' lang='grc' dir='ltr'>αἴσθησιν,</span> <span class='ocrx_word' id='word_1_455' title='bbox 2422 1799 2455 1869; x_wconf 82' lang='grc' dir='ltr'>ἢ</span> <span class='ocrx_word' id='word_1_456' title='bbox 2484 1796 2608 1851; x_wconf 74' lang='grc' dir='ltr'>οὔτε</span> <span class='ocrx_word' id='word_1_457' title='bbox 2646 1801 2724 1862; x_wconf 82' lang='grc' dir='ltr'><strong>είς</strong></span> <span class='ocrx_word' id='word_1_458' title='bbox 2751 1800 2820 1852; x_wconf 89' lang='grc' dir='ltr'>τὰ</span> <span class='ocrx_word' id='word_1_459' title='bbox 2857 1800 2961 1853; x_wconf 84' lang='grc' dir='ltr'><strong>ὑπὸ</strong></span> <span class='ocrx_word' id='word_1_460' title='bbox 2987 1801 3090 1870; x_wconf 85' lang='grc' dir='ltr'><strong>γῆν</strong></span> <span class='ocrx_word' id='word_1_461' title='bbox 3121 1800 3406 1867; x_wconf 81' lang='grc' dir='ltr'>διαδύεται,</span> <span class='ocrx_word' id='word_1_462' title='bbox 3436 1802 3567 1856; x_wconf 78' lang='grc' dir='ltr'>οὕτε</span> 
     </span>
    </p>
   </div>
   <div class='ocr_carea' id='block_1_61' title="bbox 1986 1891 3565 1968">
    <p class='ocr_par' dir='ltr' id='par_1_61' title="bbox 1986 1891 3565 1968">
     <span class='ocr_line' id='line_1_61' title="bbox 1986 1891 3565 1968; baseline 0.006 -25"><span class='ocrx_word' id='word_1_463' title='bbox 1986 1891 2077 1944; x_wconf 91' lang='grc' dir='ltr'><strong>τὸν</strong></span> <span class='ocrx_word' id='word_1_464' title='bbox 2122 1893 2349 1962; x_wconf 81' lang='grc' dir='ltr'>οὐρανὸν</span> <span class='ocrx_word' id='word_1_465' title='bbox 2381 1892 2663 1947; x_wconf 79' lang='grc' dir='ltr'>διαϐαίνει.</span> <span class='ocrx_word' id='word_1_466' title='bbox 2702 1893 2909 1947; x_wconf 84' lang='grc' dir='ltr'>υύκοῦν</span> <span class='ocrx_word' id='word_1_467' title='bbox 2953 1895 3113 1948; x_wconf 87' lang='grc' dir='ltr'>τοῦτο</span> <span class='ocrx_word' id='word_1_468' title='bbox 3143 1899 3301 1962; x_wconf 79' lang='grc' dir='ltr'>νοεῖν,</span> <span class='ocrx_word' id='word_1_469' title='bbox 3346 1899 3378 1966; x_wconf 89' lang='grc' dir='ltr'><strong>ή</strong></span> <span class='ocrx_word' id='word_1_470' title='bbox 3415 1896 3565 1968; x_wconf 79' lang='grc' dir='ltr'>ἀρχὴ</span> 
     </span>
    </p>
   </div>
   <div class='ocr_carea' id='block_1_62' title="bbox 1986 1983 3566 2058">
    <p class='ocr_par' dir='ltr' id='par_1_62' title="bbox 1986 1983 3566 2058">
     <span class='ocr_line' id='line_1_62' title="bbox 1986 1983 3566 2058; baseline 0.004 -22"><span class='ocrx_word' id='word_1_471' title='bbox 1986 1983 2086 2054; x_wconf 81' lang='grc' dir='ltr'>τῆς</span> <span class='ocrx_word' id='word_1_472' title='bbox 2127 1984 2483 2054; x_wconf 87' lang='grc' dir='ltr'>κοσμογονίας</span> <span class='ocrx_word' id='word_1_473' title='bbox 2515 1985 2844 2058; x_wconf 82' lang='grc' dir='ltr'>ὑποτίθεται,</span> <span class='ocrx_word' id='word_1_474' title='bbox 2873 1987 2954 2040; x_wconf 85' lang='grc' dir='ltr'>ὅτι</span> <span class='ocrx_word' id='word_1_475' title='bbox 2986 1989 3203 2042; x_wconf 89' lang='grc' dir='ltr'>πάντων</span> <span class='ocrx_word' id='word_1_476' title='bbox 3239 1988 3346 2042; x_wconf 81' lang='grc' dir='ltr'>τῶν</span> <span class='ocrx_word' id='word_1_477' title='bbox 3389 1989 3566 2043; x_wconf 73' lang='grc' dir='ltr'>ὄντων</span> 
     </span>
    </p>
   </div>
   <div class='ocr_carea' id='block_1_63' title="bbox 1987 2077 3564 2152">
    <p class='ocr_par' dir='ltr' id='par_1_63' title="bbox 1987 2077 3564 2152">
     <span class='ocr_line' id='line_1_63' title="bbox 1987 2077 3564 2152; baseline 0.003 -22"><span class='ocrx_word' id='word_1_478' title='bbox 1987 2077 2085 2141; x_wconf 81' lang='grc' dir='ltr'>τὰς</span> <span class='ocrx_word' id='word_1_479' title='bbox 2116 2078 2370 2149; x_wconf 81' lang='grc' dir='ltr'>ἀφορμάς</span> <span class='ocrx_word' id='word_1_480' title='bbox 2403 2079 2498 2132; x_wconf 72' lang='grc' dir='ltr'>καὶ</span> <span class='ocrx_word' id='word_1_481' title='bbox 2523 2079 2623 2142; x_wconf 83' lang='grc' dir='ltr'><strong>τὰς</strong></span> <span class='ocrx_word' id='word_1_482' title='bbox 2651 2079 2849 2147; x_wconf 77' lang='grc' dir='ltr'>αἰτίας,</span> <span class='ocrx_word' id='word_1_483' title='bbox 2879 2081 2972 2134; x_wconf 77' lang='grc' dir='ltr'><strong>καὶ</strong></span> <span class='ocrx_word' id='word_1_484' title='bbox 3002 2080 3102 2144; x_wconf 88' lang='grc' dir='ltr'>τὰς</span> <span class='ocrx_word' id='word_1_485' title='bbox 3123 2081 3400 2152; x_wconf 86' lang='grc' dir='ltr'>δυνάμεις,</span> <span class='ocrx_word' id='word_1_486' title='bbox 3431 2081 3564 2134; x_wconf 64' lang='grc' dir='ltr'>συλδ</span> 
     </span>
    </p>
   </div>
   <div class='ocr_carea' id='block_1_64' title="bbox 1989 2168 3561 2242">
    <p class='ocr_par' dir='ltr' id='par_1_64' title="bbox 1989 2168 3561 2242">
     <span class='ocr_line' id='line_1_64' title="bbox 1989 2168 3561 2242; baseline 0.002 -23"><span class='ocrx_word' id='word_1_487' title='bbox 1989 2168 2186 2239; x_wconf 78' lang='grc' dir='ltr'>λήϐδην</span> <span class='ocrx_word' id='word_1_488' title='bbox 2233 2169 2261 2220; x_wconf 84' lang='grc' dir='ltr'><strong>ὸ</strong></span> <span class='ocrx_word' id='word_1_489' title='bbox 2311 2168 2442 2231; x_wconf 84' lang='grc' dir='ltr'>Θεὸς</span> <span class='ocrx_word' id='word_1_490' title='bbox 2489 2172 2546 2222; x_wconf 85' lang='grc' dir='ltr'><strong>ἐν</strong></span> <span class='ocrx_word' id='word_1_491' title='bbox 2593 2171 2790 2242; x_wconf 85' lang='grc' dir='ltr'>ἀκαρεῖ</span> <span class='ocrx_word' id='word_1_492' title='bbox 2843 2170 3222 2236; x_wconf 72' lang='grc' dir='ltr'>κατεϐάλλετο,</span> <span class='ocrx_word' id='word_1_493' title='bbox 3266 2171 3360 2224; x_wconf 68' lang='grc' dir='ltr'>καὶ</span> <span class='ocrx_word' id='word_1_494' title='bbox 3399 2173 3457 2223; x_wconf 91' lang='grc' dir='ltr'><strong>ἐν</strong></span> <span class='ocrx_word' id='word_1_495' title='bbox 3491 2174 3561 2242; x_wconf 79' lang='grc' dir='ltr'>τῇ</span> 
     </span>
    </p>
   </div>
   <div class='ocr_carea' id='block_1_65' title="bbox 1989 2257 3562 2331">
    <p class='ocr_par' dir='ltr' id='par_1_65' title="bbox 1989 2257 3562 2331">
     <span class='ocr_line' id='line_1_65' title="bbox 1989 2257 3562 2331; baseline 0.003 -21"><span class='ocrx_word' id='word_1_496' title='bbox 1989 2257 2178 2329; x_wconf 84' lang='grc' dir='ltr'>πρώτῃ</span> <span class='ocrx_word' id='word_1_497' title='bbox 2207 2258 2301 2311; x_wconf 83' lang='grc' dir='ltr'><strong>τοῦ</strong></span> <span class='ocrx_word' id='word_1_498' title='bbox 2349 2259 2652 2330; x_wconf 83' lang='grc' dir='ltr'>θελήματος</span> <span class='ocrx_word' id='word_1_499' title='bbox 2685 2263 2852 2330; x_wconf 84' lang='grc' dir='ltr'>ὁρμῇ,</span> <span class='ocrx_word' id='word_1_500' title='bbox 2894 2263 2927 2331; x_wconf 88' lang='grc' dir='ltr'><strong>ή</strong></span> <span class='ocrx_word' id='word_1_501' title='bbox 2970 2261 3199 2315; x_wconf 79' lang='grc' dir='ltr'>ἑκάστου</span> <span class='ocrx_word' id='word_1_502' title='bbox 3242 2261 3349 2315; x_wconf 84' lang='grc' dir='ltr'><strong>τῶν</strong></span> <span class='ocrx_word' id='word_1_503' title='bbox 3386 2262 3562 2316; x_wconf 81' lang='grc' dir='ltr'>ὄντων</span> 
     </span>
    </p>
   </div>
   <div class='ocr_carea' id='block_1_66' title="bbox 1987 2350 3561 2426">
    <p class='ocr_par' dir='ltr' id='par_1_66' title="bbox 1987 2350 3561 2426">
     <span class='ocr_line' id='line_1_66' title="bbox 1987 2350 3561 2426; baseline 0.003 -24"><span class='ocrx_word' id='word_1_504' title='bbox 1987 2350 2142 2403; x_wconf 82' lang='grc' dir='ltr'>οὐσία</span> <span class='ocrx_word' id='word_1_505' title='bbox 2191 2351 2539 2422; x_wconf 82' lang='grc' dir='ltr'>συνέδραμεν,</span> <span class='ocrx_word' id='word_1_506' title='bbox 2583 2352 2829 2423; x_wconf 80' lang='grc' dir='ltr'>οὐρανὸς,</span> <span class='ocrx_word' id='word_1_507' title='bbox 2876 2352 3072 2424; x_wconf 77' lang='grc' dir='ltr'>αἰθὴρ,</span> <span class='ocrx_word' id='word_1_508' title='bbox 3124 2353 3370 2424; x_wconf 82' lang='grc' dir='ltr'>ἀστέρες,</span> <span class='ocrx_word' id='word_1_509' title='bbox 3423 2352 3561 2426; x_wconf 84' lang='grc' dir='ltr'>πῦρ,</span> 
     </span>
    </p>
   </div>
   <div class='ocr_carea' id='block_1_67' title="bbox 1988 2440 3564 2514">
    <p class='ocr_par' dir='ltr' id='par_1_67' title="bbox 1988 2440 3564 2514">
     <span class='ocr_line' id='line_1_67' title="bbox 1988 2440 3564 2514; baseline 0.001 -21"><span class='ocrx_word' id='word_1_510' title='bbox 1988 2440 2117 2510; x_wconf 78' lang='grc' dir='ltr'>ἀὴρ,</span> <span class='ocrx_word' id='word_1_511' title='bbox 2153 2440 2412 2507; x_wconf 81' lang='grc' dir='ltr'>Θάλασσα,</span> <span class='ocrx_word' id='word_1_512' title='bbox 2447 2441 2541 2511; x_wconf 85' lang='grc' dir='ltr'>γῆ,</span> <span class='ocrx_word' id='word_1_513' title='bbox 2574 2440 2735 2506; x_wconf 82' lang='grc' dir='ltr'>ζῶον,</span> <span class='ocrx_word' id='word_1_514' title='bbox 2770 2443 2943 2511; x_wconf 75' lang='grc' dir='ltr'>φυτάο</span> <span class='ocrx_word' id='word_1_515' title='bbox 2992 2443 3028 2497; x_wconf 78' lang='grc' dir='ltr'><strong>ἃ</strong></span> <span class='ocrx_word' id='word_1_516' title='bbox 3055 2442 3134 2513; x_wconf 83' lang='grc' dir='ltr'>τῷ</span> <span class='ocrx_word' id='word_1_517' title='bbox 3167 2445 3265 2514; x_wconf 86' lang='grc' dir='ltr'><strong>μὲν</strong></span> <span class='ocrx_word' id='word_1_518' title='bbox 3299 2443 3427 2514; x_wconf 84' lang='grc' dir='ltr'>θείῳ</span> <span class='ocrx_word' id='word_1_519' title='bbox 3453 2445 3564 2512; x_wconf 86' lang='grc' dir='ltr'><strong>ὀφ-</strong></span> 
     </span>
    </p>
   </div>
   <div class='ocr_carea' id='block_1_68' title="bbox 1989 2529 3565 2607">
    <p class='ocr_par' dir='ltr' id='par_1_68' title="bbox 1989 2529 3565 2607">
     <span class='ocr_line' id='line_1_68' title="bbox 1989 2529 3565 2607; baseline 0.005 -25"><span class='ocrx_word' id='word_1_520' title='bbox 1989 2529 2178 2601; x_wconf 85' lang='grc' dir='ltr'>θαλμῴ</span> <span class='ocrx_word' id='word_1_521' title='bbox 2232 2532 2407 2587; x_wconf 85' lang='grc' dir='ltr'>πάντα</span> <span class='ocrx_word' id='word_1_522' title='bbox 2452 2532 2790 2602; x_wconf 81' lang='grc' dir='ltr'>καθεωρᾶτο,</span> <span class='ocrx_word' id='word_1_523' title='bbox 2835 2533 2914 2604; x_wconf 79' lang='grc' dir='ltr'>τῷ</span> <span class='ocrx_word' id='word_1_524' title='bbox 2963 2535 3062 2605; x_wconf 85' lang='grc' dir='ltr'>τῆς</span> <span class='ocrx_word' id='word_1_525' title='bbox 3098 2534 3378 2606; x_wconf 81' lang='grc' dir='ltr'>δυνάμεως</span> <span class='ocrx_word' id='word_1_526' title='bbox 3415 2535 3565 2607; x_wconf 82' lang='grc' dir='ltr'>λόγῳ</span> 
     </span>
    </p>
   </div>
   <div class='ocr_carea' id='block_1_69' title="bbox 1987 2621 3565 2696">
    <p class='ocr_par' dir='ltr' id='par_1_69' title="bbox 1987 2621 3565 2696">
     <span class='ocr_line' id='line_1_69' title="bbox 1987 2621 3565 2696; baseline 0.005 -22"><span class='ocrx_word' id='word_1_527' title='bbox 1987 2621 2330 2691; x_wconf 88' lang='grc' dir='ltr'>δεικνύμενα,</span> <span class='ocrx_word' id='word_1_528' title='bbox 2379 2623 2478 2694; x_wconf 85' lang='grc' dir='ltr'><strong>τῷ,</strong></span> <span class='ocrx_word' id='word_1_529' title='bbox 2503 2624 2680 2688; x_wconf 85' lang='grc' dir='ltr'>καθώς</span> <span class='ocrx_word' id='word_1_530' title='bbox 2710 2642 2876 2696; x_wconf 89' lang='grc' dir='ltr'>φησιν</span> <span class='ocrx_word' id='word_1_531' title='bbox 2904 2627 2937 2696; x_wconf 89' lang='grc' dir='ltr'><strong>ή</strong></span> <span class='ocrx_word' id='word_1_532' title='bbox 2975 2628 3308 2696; x_wconf 80' lang='grc' dir='ltr'>προφητεία,</span> <span class='ocrx_word' id='word_1_533' title='bbox 3345 2645 3364 2678; x_wconf 76' lang='grc' dir='ltr'><strong>ι</strong></span> <span class='ocrx_word' id='word_1_534' title='bbox 3394 2627 3565 2682; x_wconf 82' lang='grc' dir='ltr'>εἰδότι</span> 
     </span>
    </p>
   </div>
   <div class='ocr_carea' id='block_1_70' title="bbox 1988 2714 3566 2791">
    <p class='ocr_par' dir='ltr' id='par_1_70' title="bbox 1988 2714 3566 2791">
     <span class='ocr_line' id='line_1_70' title="bbox 1988 2714 3566 2791; baseline 0.003 -24"><span class='ocrx_word' id='word_1_535' title='bbox 1988 2714 2170 2768; x_wconf 85' lang='grc' dir='ltr'>πάντα</span> <span class='ocrx_word' id='word_1_536' title='bbox 2199 2715 2306 2785; x_wconf 83' lang='grc' dir='ltr'><strong>πρὸ</strong></span> <span class='ocrx_word' id='word_1_537' title='bbox 2341 2715 2440 2784; x_wconf 83' lang='grc' dir='ltr'>τῆς</span> <span class='ocrx_word' id='word_1_538' title='bbox 2474 2716 2738 2785; x_wconf 89' lang='grc' dir='ltr'>γενέσεως</span> <span class='ocrx_word' id='word_1_539' title='bbox 2789 2715 2990 2772; x_wconf 81' lang='grc' dir='ltr'>αὐτῶν.</span> <span class='ocrx_word' id='word_1_540' title='bbox 3027 2738 3047 2771; x_wconf 71' lang='grc' dir='ltr'><strong>ι</strong></span> <span class='ocrx_word' id='word_1_541' title='bbox 3083 2720 3160 2791; x_wconf 81' lang='grc' dir='ltr'><strong>Τῇ</strong></span> <span class='ocrx_word' id='word_1_542' title='bbox 3192 2719 3250 2772; x_wconf 83' lang='grc' dir='ltr'>δὲ</span> <span class='ocrx_word' id='word_1_543' title='bbox 3288 2735 3566 2787; x_wconf 80' lang='grc' dir='ltr'>συγκατα-</span> 
     </span>
    </p>
   </div>
   <div class='ocr_carea' id='block_1_71' title="bbox 1989 2805 3563 2883">
    <p class='ocr_par' dir='ltr' id='par_1_71' title="bbox 1989 2805 3563 2883">
     <span class='ocr_line' id='line_1_71' title="bbox 1989 2805 3563 2883; baseline 0.003 -25"><span class='ocrx_word' id='word_1_544' title='bbox 1989 2805 2246 2879; x_wconf 77' lang='grc' dir='ltr'>6ληθείοῃ</span> <span class='ocrx_word' id='word_1_545' title='bbox 2289 2806 2513 2879; x_wconf 86' lang='grc' dir='ltr'>δυνάμει</span> <span class='ocrx_word' id='word_1_546' title='bbox 2543 2826 2601 2861; x_wconf 89' lang='grc' dir='ltr'><strong>τε</strong></span> <span class='ocrx_word' id='word_1_547' title='bbox 2647 2809 2740 2862; x_wconf 84' lang='grc' dir='ltr'>καὶ</span> <span class='ocrx_word' id='word_1_548' title='bbox 2786 2810 2949 2881; x_wconf 81' lang='grc' dir='ltr'>σοφίᾳ</span> <span class='ocrx_word' id='word_1_549' title='bbox 2982 2811 3118 2882; x_wconf 92' lang='grc' dir='ltr'>πρὸς</span> <span class='ocrx_word' id='word_1_550' title='bbox 3159 2811 3254 2883; x_wconf 82' lang='grc' dir='ltr'>τὴν</span> <span class='ocrx_word' id='word_1_551' title='bbox 3281 2811 3563 2864; x_wconf 84' lang='grc' dir='ltr'>τελείωσιν</span> 
     </span>
    </p>
   </div>
   <div class='ocr_carea' id='block_1_72' title="bbox 1988 2895 3564 2970">
    <p class='ocr_par' dir='ltr' id='par_1_72' title="bbox 1988 2895 3564 2970">
     <span class='ocr_line' id='line_1_72' title="bbox 1988 2895 3564 2970; baseline 0.004 -22"><span class='ocrx_word' id='word_1_552' title='bbox 1988 2896 2216 2950; x_wconf 77' lang='grc' dir='ltr'>ἑκάστου</span> <span class='ocrx_word' id='word_1_553' title='bbox 2235 2895 2342 2949; x_wconf 86' lang='grc' dir='ltr'><strong>τῶν</strong></span> <span class='ocrx_word' id='word_1_554' title='bbox 2365 2898 2566 2968; x_wconf 83' lang='grc' dir='ltr'>μορίων</span> <span class='ocrx_word' id='word_1_555' title='bbox 2587 2897 2678 2951; x_wconf 88' lang='grc' dir='ltr'><strong>τοῦ</strong></span> <span class='ocrx_word' id='word_1_556' title='bbox 2699 2899 2924 2969; x_wconf 86' lang='grc' dir='ltr'>κόσμου,</span> <span class='ocrx_word' id='word_1_557' title='bbox 2949 2900 3137 2970; x_wconf 83' lang='grc' dir='ltr'>είρμός</span> <span class='ocrx_word' id='word_1_558' title='bbox 3161 2918 3243 2964; x_wconf 89' lang='grc' dir='ltr'><strong>τις</strong></span> <span class='ocrx_word' id='word_1_559' title='bbox 3265 2902 3564 2969; x_wconf 83' lang='grc' dir='ltr'>ἀναγκαῖος</span> 
     </span>
    </p>
   </div>
   <div class='ocr_carea' id='block_1_73' title="bbox 1991 2987 3565 3063">
    <p class='ocr_par' dir='ltr' id='par_1_73' title="bbox 1991 2987 3565 3063">
     <span class='ocr_line' id='line_1_73' title="bbox 1991 2987 3565 3063; baseline 0.003 -23"><span class='ocrx_word' id='word_1_560' title='bbox 1991 2987 2131 3041; x_wconf 86' lang='grc' dir='ltr'>κατά</span> <span class='ocrx_word' id='word_1_561' title='bbox 2157 3005 2278 3041; x_wconf 90' lang='grc' dir='ltr'>τινα</span> <span class='ocrx_word' id='word_1_562' title='bbox 2311 2989 2462 3053; x_wconf 84' lang='grc' dir='ltr'>τάξιν</span> <span class='ocrx_word' id='word_1_563' title='bbox 2482 2990 2936 3061; x_wconf 83' lang='grc' dir='ltr'>ἐπηκολούθησεν,</span> <span class='ocrx_word' id='word_1_564' title='bbox 2972 2991 3111 3045; x_wconf 81' lang='grc' dir='ltr'>ὥστε</span> <span class='ocrx_word' id='word_1_565' title='bbox 3140 2992 3200 3045; x_wconf 92' lang='grc' dir='ltr'><strong>τὸ</strong></span> <span class='ocrx_word' id='word_1_566' title='bbox 3227 2993 3336 3062; x_wconf 86' lang='grc' dir='ltr'><strong>πῦρ</strong></span> <span class='ocrx_word' id='word_1_567' title='bbox 3359 2992 3565 3063; x_wconf 69' lang='grc' dir='ltr'>προλαο</span> 
     </span>
    </p>
   </div>
   <div class='ocr_carea' id='block_1_74' title="bbox 1993 3076 3565 3155">
    <p class='ocr_par' dir='ltr' id='par_1_74' title="bbox 1993 3076 3565 3155">
     <span class='ocr_line' id='line_1_74' title="bbox 1993 3076 3565 3155; baseline 0.005 -27"><span class='ocrx_word' id='word_1_568' title='bbox 1993 3076 2103 3130; x_wconf 76' lang='grc' dir='ltr'>δεῖν</span> <span class='ocrx_word' id='word_1_569' title='bbox 2145 3078 2243 3146; x_wconf 85' lang='grc' dir='ltr'><strong>μὲν</strong></span> <span class='ocrx_word' id='word_1_570' title='bbox 2287 3079 2380 3130; x_wconf 78' lang='grc' dir='ltr'><strong>καὶ</strong></span> <span class='ocrx_word' id='word_1_571' title='bbox 2415 3082 2823 3152; x_wconf 85' lang='grc' dir='ltr'>προεκφανῆναι</span> <span class='ocrx_word' id='word_1_572' title='bbox 2858 3082 2967 3134; x_wconf 86' lang='grc' dir='ltr'>τῶν</span> <span class='ocrx_word' id='word_1_573' title='bbox 3021 3082 3198 3136; x_wconf 81' lang='grc' dir='ltr'>ἄλλων</span> <span class='ocrx_word' id='word_1_574' title='bbox 3233 3083 3340 3135; x_wconf 86' lang='grc' dir='ltr'><strong>τῶν</strong></span> <span class='ocrx_word' id='word_1_575' title='bbox 3381 3084 3440 3136; x_wconf 87' lang='grc' dir='ltr'><strong>ἐν</strong></span> <span class='ocrx_word' id='word_1_576' title='bbox 3479 3084 3565 3155; x_wconf 78' lang='grc' dir='ltr'><strong>τῷ</strong></span> 
     </span>
    </p>
   </div>
   <div class='ocr_carea' id='block_1_75' title="bbox 1993 3166 3564 3245">
    <p class='ocr_par' dir='ltr' id='par_1_75' title="bbox 1993 3166 3564 3245">
     <span class='ocr_line' id='line_1_75' title="bbox 1993 3166 3564 3245; baseline 0.008 -27"><span class='ocrx_word' id='word_1_577' title='bbox 1993 3166 2156 3220; x_wconf 77' lang='grc' dir='ltr'>παντὶ</span> <span class='ocrx_word' id='word_1_578' title='bbox 2183 3167 2592 3239; x_wconf 80' lang='grc' dir='ltr'>θεωρουμένων,</span> <span class='ocrx_word' id='word_1_579' title='bbox 2623 3173 2718 3225; x_wconf 75' lang='grc' dir='ltr'><strong>καὶ</strong></span> <span class='ocrx_word' id='word_1_580' title='bbox 2749 3172 2890 3226; x_wconf 78' lang='grc' dir='ltr'>οὕτω</span> <span class='ocrx_word' id='word_1_581' title='bbox 2924 3174 3040 3244; x_wconf 86' lang='grc' dir='ltr'>μετ’</span> <span class='ocrx_word' id='word_1_582' title='bbox 3069 3176 3262 3241; x_wconf 82' lang='grc' dir='ltr'>ἐκεῖνο,</span> <span class='ocrx_word' id='word_1_583' title='bbox 3304 3176 3365 3228; x_wconf 91' lang='grc' dir='ltr'><strong>τὸ</strong></span> <span class='ocrx_word' id='word_1_584' title='bbox 3389 3177 3564 3245; x_wconf 84' lang='grc' dir='ltr'>ἀναγ-</span> 
     </span>
    </p>
   </div>
   <div class='ocr_carea' id='block_1_76' title="bbox 1992 3257 3566 3337">
    <p class='ocr_par' dir='ltr' id='par_1_76' title="bbox 1992 3257 3566 3337">
     <span class='ocr_line' id='line_1_76' title="bbox 1992 3257 3566 3337; baseline 0.008 -29"><span class='ocrx_word' id='word_1_585' title='bbox 1992 3257 2159 3319; x_wconf 80' lang='grc' dir='ltr'>καίως</span> <span class='ocrx_word' id='word_1_586' title='bbox 2187 3257 2264 3327; x_wconf 81' lang='grc' dir='ltr'><strong>τῷ</strong></span> <span class='ocrx_word' id='word_1_587' title='bbox 2304 3260 2625 3330; x_wconf 76' lang='grc' dir='ltr'>προλαϐόντι</span> <span class='ocrx_word' id='word_1_588' title='bbox 2660 3263 2943 3333; x_wconf 80' lang='grc' dir='ltr'>ἑπόμενον,</span> <span class='ocrx_word' id='word_1_589' title='bbox 2987 3265 3081 3318; x_wconf 82' lang='grc' dir='ltr'><strong>καὶ</strong></span> <span class='ocrx_word' id='word_1_590' title='bbox 3121 3265 3213 3318; x_wconf 75' lang='grc' dir='ltr'><strong>ἐπὶ</strong></span> <span class='ocrx_word' id='word_1_591' title='bbox 3239 3266 3415 3337; x_wconf 84' lang='grc' dir='ltr'>τούτῳ</span> <span class='ocrx_word' id='word_1_592' title='bbox 3443 3269 3566 3336; x_wconf 82' lang='grc' dir='ltr'>τρί-</span> 
     </span>
    </p>
   </div>
   <div class='ocr_carea' id='block_1_77' title="bbox 1987 3347 3565 3428">
    <p class='ocr_par' dir='ltr' id='par_1_77' title="bbox 1987 3347 3565 3428">
     <span class='ocr_line' id='line_1_77' title="bbox 1987 3347 3565 3428; baseline 0.009 -28"><span class='ocrx_word' id='word_1_593' title='bbox 1987 3365 2100 3414; x_wconf 88' lang='grc' dir='ltr'>τον,</span> <span class='ocrx_word' id='word_1_594' title='bbox 2125 3347 2201 3411; x_wconf 82' lang='grc' dir='ltr'>ὡς</span> <span class='ocrx_word' id='word_1_595' title='bbox 2236 3351 2270 3419; x_wconf 87' lang='grc' dir='ltr'>ἡ</span> <span class='ocrx_word' id='word_1_596' title='bbox 2301 3352 2522 3422; x_wconf 86' lang='grc' dir='ltr'>τεχνικὴ</span> <span class='ocrx_word' id='word_1_597' title='bbox 2562 3353 2934 3424; x_wconf 82' lang='grc' dir='ltr'>συνηνάγκαζε</span> <span class='ocrx_word' id='word_1_598' title='bbox 2979 3354 3172 3424; x_wconf 80' lang='grc' dir='ltr'>φύσις’</span> <span class='ocrx_word' id='word_1_599' title='bbox 3211 3358 3471 3428; x_wconf 87' lang='grc' dir='ltr'>τέταρτόν</span> <span class='ocrx_word' id='word_1_600' title='bbox 3498 3377 3565 3414; x_wconf 76' lang='grc' dir='ltr'><strong>τε</strong></span> 
     </span>
    </p>
   </div>
   <div class='ocr_carea' id='block_1_78' title="bbox 1989 3438 3564 3520">
    <p class='ocr_par' dir='ltr' id='par_1_78' title="bbox 1989 3438 3564 3520">
     <span class='ocr_line' id='line_1_78' title="bbox 1989 3438 3564 3520; baseline 0.008 -29"><span class='ocrx_word' id='word_1_601' title='bbox 1989 3439 2084 3491; x_wconf 74' lang='grc' dir='ltr'><strong>καὶ</strong></span> <span class='ocrx_word' id='word_1_602' title='bbox 2112 3438 2380 3510; x_wconf 85' lang='grc' dir='ltr'>πέμπτον,</span> <span class='ocrx_word' id='word_1_603' title='bbox 2412 3443 2505 3494; x_wconf 76' lang='grc' dir='ltr'><strong>καὶ</strong></span> <span class='ocrx_word' id='word_1_604' title='bbox 2533 3443 2602 3495; x_wconf 80' lang='grc' dir='ltr'><strong>τά</strong></span> <span class='ocrx_word' id='word_1_605' title='bbox 2633 3444 2795 3499; x_wconf 76' lang='grc' dir='ltr'>λοιπὰ</span> <span class='ocrx_word' id='word_1_606' title='bbox 2820 3447 2917 3517; x_wconf 82' lang='grc' dir='ltr'>τῆς</span> <span class='ocrx_word' id='word_1_607' title='bbox 2943 3447 3081 3500; x_wconf 88' lang='grc' dir='ltr'>κατὰ</span> <span class='ocrx_word' id='word_1_608' title='bbox 3105 3447 3167 3500; x_wconf 88' lang='grc' dir='ltr'><strong>τὸ</strong></span> <span class='ocrx_word' id='word_1_609' title='bbox 3196 3447 3392 3520; x_wconf 82' lang='grc' dir='ltr'>ἐφεξῆς</span> <span class='ocrx_word' id='word_1_610' title='bbox 3423 3450 3564 3504; x_wconf 86' lang='grc' dir='ltr'>ἀκο-</span> 
     </span>
    </p>
   </div>
   <div class='ocr_carea' id='block_1_79' title="bbox 1989 3529 3566 3610">
    <p class='ocr_par' dir='ltr' id='par_1_79' title="bbox 1989 3529 3566 3610">
     <span class='ocr_line' id='line_1_79' title="bbox 1989 3529 3566 3610; baseline 0.01 -29"><span class='ocrx_word' id='word_1_611' title='bbox 1989 3529 2228 3596; x_wconf 85' lang='grc' dir='ltr'>λουθίας,</span> <span class='ocrx_word' id='word_1_612' title='bbox 2278 3533 2378 3585; x_wconf 77' lang='grc' dir='ltr'><strong>οὐκ</strong></span> <span class='ocrx_word' id='word_1_613' title='bbox 2419 3535 2713 3606; x_wconf 81' lang='grc' dir='ltr'>αὐτομάτῳ</span> <span class='ocrx_word' id='word_1_614' title='bbox 2754 3538 2863 3591; x_wconf 75' lang='grc' dir='ltr'>τινὶ</span> <span class='ocrx_word' id='word_1_615' title='bbox 2913 3541 3205 3610; x_wconf 75' lang='grc' dir='ltr'>συντυχίᾳ,</span> <span class='ocrx_word' id='word_1_616' title='bbox 3247 3541 3389 3595; x_wconf 86' lang='grc' dir='ltr'>κατὰ</span> <span class='ocrx_word' id='word_1_617' title='bbox 3433 3542 3566 3596; x_wconf 77' lang='grc' dir='ltr'>τινὰ</span> 
     </span>
    </p>
   </div>
   <div class='ocr_carea' id='block_1_80' title="bbox 1989 3620 3561 3703">
    <p class='ocr_par' dir='ltr' id='par_1_80' title="bbox 1989 3620 3561 3703">
     <span class='ocr_line' id='line_1_80' title="bbox 1989 3620 3561 3703; baseline 0.011 -31"><span class='ocrx_word' id='word_1_618' title='bbox 1989 3620 2220 3676; x_wconf 80' lang='grc' dir='ltr'>ἄτακτον</span> <span class='ocrx_word' id='word_1_619' title='bbox 2270 3623 2364 3677; x_wconf 73' lang='grc' dir='ltr'><strong>καὶ</strong></span> <span class='ocrx_word' id='word_1_620' title='bbox 2399 3625 2626 3696; x_wconf 83' lang='grc' dir='ltr'>τυχαίαν</span> <span class='ocrx_word' id='word_1_621' title='bbox 2675 3628 2864 3700; x_wconf 84' lang='grc' dir='ltr'>φορὰν,</span> <span class='ocrx_word' id='word_1_622' title='bbox 2892 3630 3087 3695; x_wconf 77' lang='grc' dir='ltr'>ὀὕτως</span> <span class='ocrx_word' id='word_1_623' title='bbox 3132 3632 3561 3703; x_wconf 86' lang='grc' dir='ltr'>άναφαινόμενα.</span> 
     </span>
    </p>
   </div>
   <div class='ocr_carea' id='block_1_81' title="bbox 2003 3708 3565 3790">
    <p class='ocr_par' dir='ltr' id='par_1_81' title="bbox 2003 3708 3565 3790">
     <span class='ocr_line' id='line_1_81' title="bbox 2003 3708 3565 3790; baseline 0.009 -28"><span class='ocrx_word' id='word_1_624' title='bbox 2003 3708 2139 3762; x_wconf 87' lang='grc' dir='ltr'>Ἀλλ’</span> <span class='ocrx_word' id='word_1_625' title='bbox 2169 3709 2244 3774; x_wconf 87' lang='grc' dir='ltr'>ὼς</span> <span class='ocrx_word' id='word_1_626' title='bbox 2268 3713 2301 3782; x_wconf 85' lang='grc' dir='ltr'>ἡ</span> <span class='ocrx_word' id='word_1_627' title='bbox 2327 3713 2600 3782; x_wconf 84' lang='grc' dir='ltr'>ἀναγκαία</span> <span class='ocrx_word' id='word_1_628' title='bbox 2627 3720 2725 3788; x_wconf 82' lang='grc' dir='ltr'>τῆς</span> <span class='ocrx_word' id='word_1_629' title='bbox 2755 3718 2970 3786; x_wconf 86' lang='grc' dir='ltr'>φύσεως</span> <span class='ocrx_word' id='word_1_630' title='bbox 2988 3720 3139 3784; x_wconf 82' lang='grc' dir='ltr'>τάξις</span> <span class='ocrx_word' id='word_1_631' title='bbox 3158 3719 3404 3790; x_wconf 82' lang='grc' dir='ltr'>ἐπιζητεῖ</span> <span class='ocrx_word' id='word_1_632' title='bbox 3419 3723 3480 3774; x_wconf 90' lang='grc' dir='ltr'><strong>τὸ</strong></span> <span class='ocrx_word' id='word_1_633' title='bbox 3499 3725 3565 3778; x_wconf 83' lang='grc' dir='ltr'><strong>ἑν</strong></span> 
     </span>
    </p>
   </div>
   <div class='ocr_carea' id='block_1_82' title="bbox 1987 3801 3565 3884">
    <p class='ocr_par' dir='ltr' id='par_1_82' title="bbox 1987 3801 3565 3884">
     <span class='ocr_line' id='line_1_82' title="bbox 1987 3801 3565 3884; baseline 0.011 -35"><span class='ocrx_word' id='word_1_634' title='bbox 1987 3801 2099 3862; x_wconf 86' lang='grc' dir='ltr'>τοῖς</span> <span class='ocrx_word' id='word_1_635' title='bbox 2131 3802 2434 3871; x_wconf 87' lang='grc' dir='ltr'>γινομένοις</span> <span class='ocrx_word' id='word_1_636' title='bbox 2471 3805 2781 3874; x_wconf 83' lang='grc' dir='ltr'>ἀκόλουθον,</span> <span class='ocrx_word' id='word_1_637' title='bbox 2811 3809 2980 3872; x_wconf 72' lang='grc' dir='ltr'>οὕτως</span> <span class='ocrx_word' id='word_1_638' title='bbox 3007 3810 3213 3864; x_wconf 75' lang='grc' dir='ltr'>ἕκαστα</span> <span class='ocrx_word' id='word_1_639' title='bbox 3234 3812 3565 3884; x_wconf 83' lang='grc' dir='ltr'>γεγενῆσθαί</span> 
     </span>
    </p>
   </div>
   <div class='ocr_carea' id='block_1_83' title="bbox 1993 3891 3564 3972">
    <p class='ocr_par' dir='ltr' id='par_1_83' title="bbox 1993 3891 3564 3972">
     <span class='ocr_line' id='line_1_83' title="bbox 1993 3891 3564 3972; baseline 0.012 -32"><span class='ocrx_word' id='word_1_640' title='bbox 1993 3906 2155 3959; x_wconf 90' lang='grc' dir='ltr'>φησιν</span> <span class='ocrx_word' id='word_1_641' title='bbox 2178 3891 2236 3944; x_wconf 84' lang='grc' dir='ltr'><strong>ἐν</strong></span> <span class='ocrx_word' id='word_1_642' title='bbox 2256 3893 2561 3964; x_wconf 79' lang='grc' dir='ltr'>διηγήσεως</span> <span class='ocrx_word' id='word_1_643' title='bbox 2578 3898 2706 3951; x_wconf 75' lang='grc' dir='ltr'>εἴδει</span> <span class='ocrx_word' id='word_1_644' title='bbox 2730 3901 2858 3972; x_wconf 70' lang='grc' dir='ltr'>περὶ</span> <span class='ocrx_word' id='word_1_645' title='bbox 2882 3900 2990 3956; x_wconf 86' lang='grc' dir='ltr'>τῶν</span> <span class='ocrx_word' id='word_1_646' title='bbox 3012 3903 3255 3971; x_wconf 80' lang='grc' dir='ltr'>φυσικῶν</span> <span class='ocrx_word' id='word_1_647' title='bbox 3273 3904 3564 3972; x_wconf 86' lang='grc' dir='ltr'>δογμάτων</span> 
     </span>
    </p>
   </div>
   <div class='ocr_carea' id='block_1_84' title="bbox 309 3971 3566 4067">
    <p class='ocr_par' dir='ltr' id='par_1_84' title="bbox 309 3971 3566 4067">
     <span class='ocr_line' id='line_1_84' title="bbox 309 3971 3566 4067; baseline 0.011 -45"><span class='ocrx_word' id='word_1_648' title='bbox 309 3971 694 4042; x_wconf 79' lang='grc' dir='ltr'>φιλοσοφήσας.</span> <span class='ocrx_word' id='word_1_649' title='bbox 725 3973 836 4026; x_wconf 74' lang='grc' dir='ltr'>Καὶ</span> <span class='ocrx_word' id='word_1_650' title='bbox 859 3975 1041 4043; x_wconf 87' lang='grc' dir='ltr'>φωνάς</span> <span class='ocrx_word' id='word_1_651' title='bbox 1071 3993 1221 4039; x_wconf 87' lang='grc' dir='ltr'>τινας</span> <span class='ocrx_word' id='word_1_652' title='bbox 1261 3976 1356 4029; x_wconf 87' lang='grc' dir='ltr'><strong>τοῦ</strong></span> <span class='ocrx_word' id='word_1_653' title='bbox 1398 3977 1531 4030; x_wconf 84' lang='grc' dir='ltr'>Θεοῦ</span> <span class='ocrx_word' id='word_1_654' title='bbox 1575 3981 1949 4049; x_wconf 86' lang='grc' dir='ltr'>προσακτικὰς</span> <span class='ocrx_word' id='word_1_655' title='bbox 1979 3985 2207 4039; x_wconf 78' lang='grc' dir='ltr'>ἑκάστου</span> <span class='ocrx_word' id='word_1_656' title='bbox 2233 3989 2343 4041; x_wconf 85' lang='grc' dir='ltr'>τῶν</span> <span class='ocrx_word' id='word_1_657' title='bbox 2371 3993 2668 4063; x_wconf 86' lang='grc' dir='ltr'>γινομένων</span> <span class='ocrx_word' id='word_1_658' title='bbox 2697 3997 3085 4067; x_wconf 85' lang='grc' dir='ltr'>προσγράφων,</span> <span class='ocrx_word' id='word_1_659' title='bbox 3115 4000 3295 4065; x_wconf 83' lang='grc' dir='ltr'>καλῶς</span> <span class='ocrx_word' id='word_1_660' title='bbox 3319 3971 3411 4055; x_wconf 76' lang='grc' dir='ltr'><strong>καὶ</strong></span> <span class='ocrx_word' id='word_1_661' title='bbox 3439 4003 3566 4057; x_wconf 85' lang='grc' dir='ltr'>θεο-</span> 
     </span>
    </p>
   </div>
   <div class='ocr_carea' id='block_1_85' title="bbox 307 4066 3560 4168">
    <p class='ocr_par' dir='ltr' id='par_1_85' title="bbox 307 4066 3560 4168">
     <span class='ocr_line' id='line_1_85' title="bbox 307 4066 3560 4168; baseline 0.009 -48"><span class='ocrx_word' id='word_1_662' title='bbox 307 4066 537 4138; x_wconf 83' lang='grc' dir='ltr'>πρεπῶς</span> <span class='ocrx_word' id='word_1_663' title='bbox 557 4067 821 4121; x_wconf 70' lang='grc' dir='ltr'>καὶτοῦτο</span> <span class='ocrx_word' id='word_1_664' title='bbox 842 4069 1026 4122; x_wconf 88' lang='grc' dir='ltr'>ποιῶν.</span> <span class='ocrx_word' id='word_1_665' title='bbox 1046 4071 1160 4124; x_wconf 84' lang='grc' dir='ltr'>Πᾶν</span> <span class='ocrx_word' id='word_1_666' title='bbox 1181 4070 1290 4141; x_wconf 85' lang='grc' dir='ltr'>γὰρ</span> <span class='ocrx_word' id='word_1_667' title='bbox 1315 4071 1376 4123; x_wconf 85' lang='grc' dir='ltr'><strong>τὸ</strong></span> <span class='ocrx_word' id='word_1_668' title='bbox 1405 4071 1526 4124; x_wconf 82' lang='grc' dir='ltr'>καθ’</span> <span class='ocrx_word' id='word_1_669' title='bbox 1552 4072 1741 4142; x_wconf 80' lang='grc' dir='ltr'>εἱρμόν</span> <span class='ocrx_word' id='word_1_670' title='bbox 1762 4091 1882 4127; x_wconf 91' lang='grc' dir='ltr'>τινα</span> <span class='ocrx_word' id='word_1_671' title='bbox 1909 4076 2004 4130; x_wconf 76' lang='grc' dir='ltr'><strong>καὶ</strong></span> <span class='ocrx_word' id='word_1_672' title='bbox 2033 4079 2224 4148; x_wconf 84' lang='grc' dir='ltr'>σοφίαν</span> <span class='ocrx_word' id='word_1_673' title='bbox 2252 4083 2533 4154; x_wconf 84' lang='grc' dir='ltr'>γινόμενον</span> <span class='ocrx_word' id='word_1_674' title='bbox 2559 4086 2650 4139; x_wconf 92' lang='grc' dir='ltr'><strong>τοῦ</strong></span> <span class='ocrx_word' id='word_1_675' title='bbox 2676 4087 2831 4154; x_wconf 85' lang='grc' dir='ltr'>Θεοῦ,</span> <span class='ocrx_word' id='word_1_676' title='bbox 2861 4092 2943 4152; x_wconf 70' lang='grc' dir='ltr'><strong>τις</strong></span> <span class='ocrx_word' id='word_1_677' title='bbox 2961 4089 3219 4163; x_wconf 76' lang='grc' dir='ltr'>ἄντικρύς</span> <span class='ocrx_word' id='word_1_678' title='bbox 3244 4095 3358 4147; x_wconf 85' lang='grc' dir='ltr'>ἐστι</span> <span class='ocrx_word' id='word_1_679' title='bbox 3380 4097 3560 4168; x_wconf 84' lang='grc' dir='ltr'>φωνή.</span> 
     </span>
    </p>
   </div>
   <div class='ocr_carea' id='block_1_86' title="bbox 378 4158 1884 4233">
    <p class='ocr_par' dir='ltr' id='par_1_86' title="bbox 378 4158 1884 4233">
     <span class='ocr_line' id='line_1_86' title="bbox 378 4158 1884 4233; baseline 0.005 -21"><span class='ocrx_word' id='word_1_680' title='bbox 378 4158 565 4228; x_wconf 82' lang='lat' dir='ltr'><strong>itaque</strong></span> <span class='ocrx_word' id='word_1_681' title='bbox 587 4173 710 4212; x_wconf 91' lang='lat' dir='ltr'><strong>cum</strong></span> <span class='ocrx_word' id='word_1_682' title='bbox 735 4159 827 4215; x_wconf 89' lang='lat' dir='ltr'><strong>Dei</strong></span> <span class='ocrx_word' id='word_1_683' title='bbox 852 4171 1096 4215; x_wconf 91' lang='lat' dir='ltr'><strong>naturam</strong></span> <span class='ocrx_word' id='word_1_684' title='bbox 1126 4161 1461 4230; x_wconf 82' lang='lat' dir='ltr'><strong>ignoremus,</strong></span> <span class='ocrx_word' id='word_1_685' title='bbox 1490 4162 1664 4231; x_wconf 89' lang='lat' dir='ltr'><strong>ipsam</strong></span> <span class='ocrx_word' id='word_1_686' title='bbox 1693 4171 1884 4233; x_wconf 89' lang='lat' dir='ltr'><strong>poten-</strong></span> 
     </span>
    </p>
   </div>
   <div class='ocr_carea' id='block_1_87' title="bbox 307 4251 1884 4323">
    <p class='ocr_par' dir='ltr' id='par_1_87' title="bbox 307 4251 1884 4323">
     <span class='ocr_line' id='line_1_87' title="bbox 307 4251 1884 4323; baseline 0.006 -20"><span class='ocrx_word' id='word_1_687' title='bbox 307 4252 436 4304; x_wconf 83' lang='lat' dir='ltr'><strong>tiam</strong></span> <span class='ocrx_word' id='word_1_688' title='bbox 461 4251 744 4321; x_wconf 88' lang='lat' dir='ltr'><strong>ipsamque</strong></span> <span class='ocrx_word' id='word_1_689' title='bbox 759 4253 1083 4323; x_wconf 88' lang='lat' dir='ltr'><strong>sapientiam</strong></span> <span class='ocrx_word' id='word_1_690' title='bbox 1100 4255 1283 4308; x_wconf 91' lang='lat' dir='ltr'><strong>animo</strong></span> <span class='ocrx_word' id='word_1_691' title='bbox 1303 4254 1694 4323; x_wconf 89' lang='lat' dir='ltr'><strong>concipientes,</strong></span> <span class='ocrx_word' id='word_1_692' title='bbox 1716 4256 1884 4312; x_wconf 92' lang='lat' dir='ltr'><strong>Deum</strong></span> 
     </span>
    </p>
   </div>
   <div class='ocr_carea' id='block_1_88' title="bbox 309 4340 1886 4413">
    <p class='ocr_par' dir='ltr' id='par_1_88' title="bbox 309 4340 1886 4413">
     <span class='ocr_line' id='line_1_88' title="bbox 309 4340 1886 4413; baseline 0.005 -21"><span class='ocrx_word' id='word_1_693' title='bbox 309 4351 487 4395; x_wconf 89' lang='lat' dir='ltr'><strong>mente</strong></span> <span class='ocrx_word' id='word_1_694' title='bbox 511 4355 613 4395; x_wconf 92' lang='lat' dir='ltr'><strong>nos</strong></span> <span class='ocrx_word' id='word_1_695' title='bbox 643 4340 1428 4410; x_wconf 89' lang='lat' dir='ltr'><strong>credimuscomprehendisse.</strong></span> <span class='ocrx_word' id='word_1_696' title='bbox 1444 4341 1654 4396; x_wconf 90' lang='lat' dir='ltr'><strong>Idcirco</strong></span> <span class='ocrx_word' id='word_1_697' title='bbox 1667 4344 1886 4413; x_wconf 89' lang='lat' dir='ltr'><strong>quando</strong></span> 
     </span>
    </p>
   </div>
   <div class='ocr_carea' id='block_1_89' title="bbox 307 4430 1888 4505">
    <p class='ocr_par' dir='ltr' id='par_1_89' title="bbox 307 4430 1888 4505">
     <span class='ocr_line' id='line_1_89' title="bbox 307 4430 1888 4505; baseline 0.005 -23"><span class='ocrx_word' id='word_1_698' title='bbox 307 4431 563 4484; x_wconf 75' lang='lat' dir='ltr'><strong>conditus</strong></span> <span class='ocrx_word' id='word_1_699' title='bbox 583 4437 666 4484; x_wconf 90' lang='lat' dir='ltr'><strong>est</strong></span> <span class='ocrx_word' id='word_1_700' title='bbox 694 4430 844 4484; x_wconf 90' lang='lat' dir='ltr'><strong>orbis</strong></span> <span class='ocrx_word' id='word_1_701' title='bbox 871 4432 1178 4494; x_wconf 87' lang='lat' dir='ltr'><strong>universus,</strong></span> <span class='ocrx_word' id='word_1_702' title='bbox 1203 4438 1490 4500; x_wconf 89' lang='lat' dir='ltr'><strong>antequam</strong></span> <span class='ocrx_word' id='word_1_703' title='bbox 1513 4434 1736 4505; x_wconf 67' lang='lat' dir='ltr'><strong>singulae</strong></span> <span class='ocrx_word' id='word_1_704' title='bbox 1764 4451 1888 4505; x_wconf 85' lang='lat' dir='ltr'><strong>par-</strong></span> 
     </span>
    </p>
   </div>
   <div class='ocr_carea' id='block_1_90' title="bbox 309 4519 1885 4594">
    <p class='ocr_par' dir='ltr' id='par_1_90' title="bbox 309 4519 1885 4594">
     <span class='ocr_line' id='line_1_90' title="bbox 309 4519 1885 4594; baseline 0.003 -19"><span class='ocrx_word' id='word_1_705' title='bbox 309 4531 389 4575; x_wconf 86' lang='lat' dir='ltr'><strong>tes</strong></span> <span class='ocrx_word' id='word_1_706' title='bbox 411 4519 583 4588; x_wconf 88' lang='lat' dir='ltr'><strong>ipsius</strong></span> <span class='ocrx_word' id='word_1_707' title='bbox 601 4526 944 4586; x_wconf 87' lang='lat' dir='ltr'><strong>apparerent,</strong></span> <span class='ocrx_word' id='word_1_708' title='bbox 957 4519 1196 4574; x_wconf 88' lang='lat' dir='ltr'><strong>tenebris</strong></span> <span class='ocrx_word' id='word_1_709' title='bbox 1212 4527 1359 4575; x_wconf 85' lang='lat' dir='ltr'><strong>totus</strong></span> <span class='ocrx_word' id='word_1_710' title='bbox 1370 4520 1742 4592; x_wconf 86' lang='lat' dir='ltr'><strong>obtegebatur,</strong></span> <span class='ocrx_word' id='word_1_711' title='bbox 1759 4526 1885 4594; x_wconf 90' lang='lat' dir='ltr'><strong>quia</strong></span> 
     </span>
    </p>
   </div>
   <div class='ocr_carea' id='block_1_91' title="bbox 309 4589 1960 4683">
    <p class='ocr_par' dir='ltr' id='par_1_91' title="bbox 309 4589 1960 4683">
     <span class='ocr_line' id='line_1_91' title="bbox 309 4589 1960 4683; baseline 0.004 -17"><span class='ocrx_word' id='word_1_712' title='bbox 309 4610 568 4682; x_wconf 90' lang='lat' dir='ltr'><strong>splendor</strong></span> <span class='ocrx_word' id='word_1_713' title='bbox 590 4608 747 4678; x_wconf 82' lang='lat' dir='ltr'><strong>ignis,</strong></span> <span class='ocrx_word' id='word_1_714' title='bbox 783 4625 903 4679; x_wconf 83' lang='lat' dir='ltr'><strong>quae</strong></span> <span class='ocrx_word' id='word_1_715' title='bbox 926 4611 1028 4666; x_wconf 89' lang='lat' dir='ltr'><strong>sub</strong></span> <span class='ocrx_word' id='word_1_716' title='bbox 1050 4611 1290 4666; x_wconf 83' lang='lat' dir='ltr'><strong>materiae</strong></span> <span class='ocrx_word' id='word_1_717' title='bbox 1313 4589 1594 4683; x_wconf 83' lang='lat' dir='ltr'><strong>particulis</strong></span> <span class='ocrx_word' id='word_1_718' title='bbox 1612 4589 1880 4683; x_wconf 83' lang='lat' dir='ltr'><strong>latitabat,</strong></span> <span class='ocrx_word' id='word_1_719' title='bbox 1915 4589 1960 4644; x_wconf 69' lang='grc' dir='ltr'><strong>θ</strong></span> 
     </span>
    </p>
   </div>
   <div class='ocr_carea' id='block_1_92' title="bbox 309 4699 1892 4773">
    <p class='ocr_par' dir='ltr' id='par_1_92' title="bbox 309 4699 1892 4773">
     <span class='ocr_line' id='line_1_92' title="bbox 309 4699 1892 4773; baseline 0.006 -17"><span class='ocrx_word' id='word_1_720' title='bbox 309 4701 551 4756; x_wconf 90' lang='lat' dir='ltr'><strong>nondum</strong></span> <span class='ocrx_word' id='word_1_721' title='bbox 593 4700 892 4756; x_wconf 78' lang='lat' dir='ltr'><strong>ell‘ulserat.</strong></span> <span class='ocrx_word' id='word_1_722' title='bbox 933 4699 1168 4768; x_wconf 90' lang='lat' dir='ltr'><strong>Etenim,</strong></span> <span class='ocrx_word' id='word_1_723' title='bbox 1211 4704 1664 4773; x_wconf 84' lang='lat' dir='ltr'><strong>quemadmodum</strong></span> <span class='ocrx_word' id='word_1_724' title='bbox 1707 4709 1892 4765; x_wconf 89' lang='lat' dir='ltr'><strong>silices</strong></span> 
     </span>
    </p>
   </div>
   <div class='ocr_carea' id='block_1_93' title="bbox 310 4790 1892 4868">
    <p class='ocr_par' dir='ltr' id='par_1_93' title="bbox 310 4790 1892 4868">
     <span class='ocr_line' id='line_1_93' title="bbox 310 4790 1892 4868; baseline 0.008 -26"><span class='ocrx_word' id='word_1_725' title='bbox 310 4790 366 4844; x_wconf 92' lang='lat' dir='ltr'><strong>in</strong></span> <span class='ocrx_word' id='word_1_726' title='bbox 393 4791 631 4846; x_wconf 88' lang='lat' dir='ltr'><strong>tenebris</strong></span> <span class='ocrx_word' id='word_1_727' title='bbox 659 4791 904 4845; x_wconf 86' lang='lat' dir='ltr'><strong>obscurae</strong></span> <span class='ocrx_word' id='word_1_728' title='bbox 929 4790 1134 4860; x_wconf 90' lang='lat' dir='ltr'><strong>jacent,</strong></span> <span class='ocrx_word' id='word_1_729' title='bbox 1168 4793 1296 4848; x_wconf 91' lang='lat' dir='ltr'><strong>licet</strong></span> <span class='ocrx_word' id='word_1_730' title='bbox 1329 4794 1435 4848; x_wconf 90' lang='lat' dir='ltr'><strong>vim</strong></span> <span class='ocrx_word' id='word_1_731' title='bbox 1466 4795 1700 4851; x_wconf 90' lang='lat' dir='ltr'><strong>lucidam</strong></span> <span class='ocrx_word' id='word_1_732' title='bbox 1731 4808 1892 4868; x_wconf 89' lang='lat' dir='ltr'><strong>atque</strong></span> 
     </span>
    </p>
   </div>
   <div class='ocr_carea' id='block_1_94' title="bbox 310 4882 1892 4959">
    <p class='ocr_par' dir='ltr' id='par_1_94' title="bbox 310 4882 1892 4959">
     <span class='ocr_line' id='line_1_94' title="bbox 310 4882 1892 4959; baseline 0.006 -24"><span class='ocrx_word' id='word_1_733' title='bbox 310 4884 678 4937; x_wconf 88' lang='lat' dir='ltr'><strong>illustrantem</strong></span> <span class='ocrx_word' id='word_1_734' title='bbox 723 4882 1046 4939; x_wconf 82' lang='lat' dir='ltr'><strong>naturaliter</strong></span> <span class='ocrx_word' id='word_1_735' title='bbox 1080 4884 1138 4938; x_wconf 91' lang='lat' dir='ltr'><strong>in</strong></span> <span class='ocrx_word' id='word_1_736' title='bbox 1188 4899 1249 4940; x_wconf 90' lang='lat' dir='ltr'><strong>se</strong></span> <span class='ocrx_word' id='word_1_737' title='bbox 1292 4886 1642 4953; x_wconf 85' lang='lat' dir='ltr'><strong>contineant,</strong></span> <span class='ocrx_word' id='word_1_738' title='bbox 1689 4888 1892 4959; x_wconf 88' lang='lat' dir='ltr'><strong>quippe</strong></span> 
     </span>
    </p>
   </div>
   <div class='ocr_carea' id='block_1_95' title="bbox 311 4974 1891 5054">
    <p class='ocr_par' dir='ltr' id='par_1_95' title="bbox 311 4974 1891 5054">
     <span class='ocr_line' id='line_1_95' title="bbox 311 4974 1891 5054; baseline 0.005 -26"><span class='ocrx_word' id='word_1_739' title='bbox 311 4990 431 5044; x_wconf 69' lang='lat' dir='ltr'><strong>quae</strong></span> <span class='ocrx_word' id='word_1_740' title='bbox 466 4976 682 5046; x_wconf 86' lang='lat' dir='ltr'><strong>pariant</strong></span> <span class='ocrx_word' id='word_1_741' title='bbox 711 4974 912 5044; x_wconf 88' lang='lat' dir='ltr'><strong>ignem,</strong></span> <span class='ocrx_word' id='word_1_742' title='bbox 938 4977 984 5031; x_wconf 91' lang='lat' dir='ltr'><strong>si</strong></span> <span class='ocrx_word' id='word_1_743' title='bbox 1017 4977 1160 5032; x_wconf 90' lang='lat' dir='ltr'><strong>inter</strong></span> <span class='ocrx_word' id='word_1_744' title='bbox 1188 4993 1249 5035; x_wconf 91' lang='lat' dir='ltr'><strong>se</strong></span> <span class='ocrx_word' id='word_1_745' title='bbox 1279 4979 1628 5054; x_wconf 80' lang='lat' dir='ltr'><strong>collidantur,</strong></span> <span class='ocrx_word' id='word_1_746' title='bbox 1653 4981 1891 5036; x_wconf 82' lang='lat' dir='ltr'><strong>scintilla</strong></span> 
     </span>
    </p>
   </div>
   <div class='ocr_carea' id='block_1_96' title="bbox 310 5064 1889 5144">
    <p class='ocr_par' dir='ltr' id='par_1_96' title="bbox 310 5064 1889 5144">
     <span class='ocr_line' id='line_1_96' title="bbox 310 5064 1889 5144; baseline 0.008 -28"><span class='ocrx_word' id='word_1_747' title='bbox 310 5079 443 5120; x_wconf 91' lang='lat' dir='ltr'><strong>vero</strong></span> <span class='ocrx_word' id='word_1_748' title='bbox 473 5066 543 5119; x_wconf 90' lang='lat' dir='ltr'><strong>ab</strong></span> <span class='ocrx_word' id='word_1_749' title='bbox 573 5064 709 5134; x_wconf 90' lang='lat' dir='ltr'><strong>ipsis</strong></span> <span class='ocrx_word' id='word_1_750' title='bbox 742 5066 973 5135; x_wconf 74' lang='lat' dir='ltr'><strong>prolata,</strong></span> <span class='ocrx_word' id='word_1_751' title='bbox 1007 5069 1297 5138; x_wconf 87' lang='lat' dir='ltr'><strong>splendore</strong></span> <span class='ocrx_word' id='word_1_752' title='bbox 1332 5071 1480 5128; x_wconf 90' lang='lat' dir='ltr'><strong>illius</strong></span> <span class='ocrx_word' id='word_1_753' title='bbox 1514 5073 1645 5143; x_wconf 74' lang='lat' dir='ltr'><strong>ipsa:</strong></span> <span class='ocrx_word' id='word_1_754' title='bbox 1669 5089 1889 5144; x_wconf 80' lang='lat' dir='ltr'><strong>quoque</strong></span> 
     </span>
    </p>
   </div>
   <div class='ocr_carea' id='block_1_97' title="bbox 310 5158 1888 5236">
    <p class='ocr_par' dir='ltr' id='par_1_97' title="bbox 310 5158 1888 5236">
     <span class='ocr_line' id='line_1_97' title="bbox 310 5158 1888 5236; baseline 0.007 -26"><span class='ocrx_word' id='word_1_755' title='bbox 310 5164 615 5210; x_wconf 88' lang='lat' dir='ltr'><strong>cernuntur</strong></span> <span class='ocrx_word' id='word_1_756' title='bbox 647 5173 658 5210; x_wconf 92' lang='lat'>:</span> <span class='ocrx_word' id='word_1_757' title='bbox 694 5158 772 5213; x_wconf 86' lang='lat' dir='ltr'><strong>sic</strong></span> <span class='ocrx_word' id='word_1_758' title='bbox 801 5160 1036 5216; x_wconf 90' lang='lat' dir='ltr'><strong>obscura</strong></span> <span class='ocrx_word' id='word_1_759' title='bbox 1061 5176 1314 5233; x_wconf 70' lang='lat' dir='ltr'><strong>ctecaque</strong></span> <span class='ocrx_word' id='word_1_760' title='bbox 1347 5172 1504 5218; x_wconf 88' lang='lat' dir='ltr'><strong>erant</strong></span> <span class='ocrx_word' id='word_1_761' title='bbox 1525 5165 1708 5219; x_wconf 91' lang='lat' dir='ltr'><strong>omnia</strong></span> <span class='ocrx_word' id='word_1_762' title='bbox 1735 5167 1888 5236; x_wconf 90' lang='lat' dir='ltr'><strong>prius</strong></span> 
     </span>
    </p>
   </div>
   <div class='ocr_carea' id='block_1_98' title="bbox 311 5248 1886 5326">
    <p class='ocr_par' dir='ltr' id='par_1_98' title="bbox 311 5248 1886 5326">
     <span class='ocr_line' id='line_1_98' title="bbox 311 5248 1886 5326; baseline 0.006 -24"><span class='ocrx_word' id='word_1_763' title='bbox 311 5262 473 5317; x_wconf 91' lang='lat' dir='ltr'><strong>quam</strong></span> <span class='ocrx_word' id='word_1_764' title='bbox 513 5248 783 5318; x_wconf 87' lang='lat' dir='ltr'><strong>pellucida</strong></span> <span class='ocrx_word' id='word_1_765' title='bbox 817 5263 980 5324; x_wconf 88' lang='lat' dir='ltr'><strong>atque</strong></span> <span class='ocrx_word' id='word_1_766' title='bbox 1016 5254 1304 5310; x_wconf 89' lang='lat' dir='ltr'><strong>illustrans</strong></span> <span class='ocrx_word' id='word_1_767' title='bbox 1337 5269 1532 5312; x_wconf 86' lang='lat' dir='ltr'><strong>natura</strong></span> <span class='ocrx_word' id='word_1_768' title='bbox 1561 5258 1615 5312; x_wconf 92' lang='lat' dir='ltr'><strong>in</strong></span> <span class='ocrx_word' id='word_1_769' title='bbox 1635 5265 1886 5326; x_wconf 88' lang='lat' dir='ltr'><strong>apertum</strong></span> 
     </span>
    </p>
   </div>
   <div class='ocr_carea' id='block_1_99' title="bbox 312 5337 1886 5408">
    <p class='ocr_par' dir='ltr' id='par_1_99' title="bbox 312 5337 1886 5408">
     <span class='ocr_line' id='line_1_99' title="bbox 312 5337 1886 5408; baseline 0.007 -16"><span class='ocrx_word' id='word_1_770' title='bbox 312 5337 671 5408; x_wconf 84' lang='lat' dir='ltr'><strong>proferretur.</strong></span> <span class='ocrx_word' id='word_1_771' title='bbox 707 5342 838 5398; x_wconf 82' lang='lat' dir='ltr'><strong>Nam</strong></span> <span class='ocrx_word' id='word_1_772' title='bbox 873 5361 996 5400; x_wconf 91' lang='lat' dir='ltr'><strong>cum</strong></span> <span class='ocrx_word' id='word_1_773' title='bbox 1049 5362 1157 5401; x_wconf 91' lang='lat' dir='ltr'><strong>uno</strong></span> <span class='ocrx_word' id='word_1_774' title='bbox 1184 5348 1382 5403; x_wconf 59' lang='lat' dir='ltr'><strong>divina</strong></span> <span class='ocrx_word' id='word_1_775' title='bbox 1405 5349 1704 5404; x_wconf 85' lang='lat' dir='ltr'><strong>voluntatis</strong></span> <span class='ocrx_word' id='word_1_776' title='bbox 1731 5357 1886 5403; x_wconf 87' lang='lat' dir='ltr'><strong>motu</strong></span> 
     </span>
    </p>
   </div>
   <div class='ocr_carea' id='block_1_100' title="bbox 312 5431 1885 5500">
    <p class='ocr_par' dir='ltr' id='par_1_100' title="bbox 312 5431 1885 5500">
     <span class='ocr_line' id='line_1_100' title="bbox 312 5431 1885 5500; baseline 0.008 -17"><span class='ocrx_word' id='word_1_777' title='bbox 312 5445 486 5500; x_wconf 87' lang='lat' dir='ltr'><strong>nuper</strong></span> <span class='ocrx_word' id='word_1_778' title='bbox 520 5431 836 5490; x_wconf 89' lang='lat' dir='ltr'><strong>indistincta</strong></span> <span class='ocrx_word' id='word_1_779' title='bbox 873 5452 1054 5494; x_wconf 89' lang='lat' dir='ltr'><strong>rerum</strong></span> <span class='ocrx_word' id='word_1_780' title='bbox 1087 5440 1421 5497; x_wconf 83' lang='lat' dir='ltr'><strong>universitas</strong></span> <span class='ocrx_word' id='word_1_781' title='bbox 1451 5439 1615 5495; x_wconf 89' lang='lat' dir='ltr'><strong>simul</strong></span> <span class='ocrx_word' id='word_1_782' title='bbox 1641 5440 1885 5496; x_wconf 78' lang='lat' dir='ltr'><strong>exstitis-</strong></span> 
     </span>
    </p>
   </div>
   <div class='ocr_carea' id='block_1_101' title="bbox 379 5523 847 5598">
    <p class='ocr_par' dir='ltr' id='par_1_101' title="bbox 379 5523 847 5598">
     <span class='ocr_line' id='line_1_101' title="bbox 379 5523 847 5598; baseline 0.017 -20"><span class='ocrx_word' id='word_1_783' title='bbox 379 5523 404 5558; x_wconf 88' lang='grc'>⁷</span> <span class='ocrx_word' id='word_1_784' title='bbox 432 5525 566 5581; x_wconf 90' lang='lat' dir='ltr'><strong>Dan.</strong></span> <span class='ocrx_word' id='word_1_785' title='bbox 601 5544 717 5598; x_wconf 63' lang='lat' dir='ltr'><strong>tura,</strong></span> <span class='ocrx_word' id='word_1_786' title='bbox 758 5531 847 5587; x_wconf 71' lang='grc'><strong>42.</strong></span> 
     </span>
    </p>
   </div>
   <div class='ocr_carea' id='block_1_102' title="bbox 2055 4171 3564 4263">
    <p class='ocr_par' dir='ltr' id='par_1_102' title="bbox 2055 4171 3564 4263">
     <span class='ocr_line' id='line_1_102' title="bbox 2055 4171 3564 4263; baseline 0.013 -40"><span class='ocrx_word' id='word_1_787' title='bbox 2055 4171 2198 4225; x_wconf 87' lang='grc' dir='ltr'>Διότι</span> <span class='ocrx_word' id='word_1_788' title='bbox 2220 4173 2354 4228; x_wconf 88' lang='grc' dir='ltr'>Θεοῦ</span> <span class='ocrx_word' id='word_1_789' title='bbox 2374 4177 2472 4246; x_wconf 84' lang='grc' dir='ltr'><strong>μὲν</strong></span> <span class='ocrx_word' id='word_1_790' title='bbox 2490 4177 2675 4232; x_wconf 81' lang='grc' dir='ltr'>οὐσίαν</span> <span class='ocrx_word' id='word_1_791' title='bbox 2690 4179 2810 4249; x_wconf 78' lang='grc' dir='ltr'>ἥτις</span> <span class='ocrx_word' id='word_1_792' title='bbox 2829 4182 2998 4242; x_wconf 77' lang='grc' dir='ltr'>ἐστὶν.</span> <span class='ocrx_word' id='word_1_793' title='bbox 3011 4183 3070 4236; x_wconf 79' lang='grc' dir='ltr'><strong>ού</strong></span> <span class='ocrx_word' id='word_1_794' title='bbox 3088 4184 3444 4256; x_wconf 86' lang='grc' dir='ltr'>γινώσκομεν·</span> <span class='ocrx_word' id='word_1_795' title='bbox 3457 4190 3564 4263; x_wconf 79' lang='grc' dir='ltr'>τὴν</span> 
     </span>
    </p>
   </div>
   <div class='ocr_carea' id='block_1_103' title="bbox 1987 4259 3564 4344">
    <p class='ocr_par' dir='ltr' id='par_1_103' title="bbox 1987 4259 3564 4344">
     <span class='ocr_line' id='line_1_103' title="bbox 1987 4259 3564 4344; baseline 0.014 -32"><span class='ocrx_word' id='word_1_796' title='bbox 1987 4259 2043 4312; x_wconf 88' lang='grc' dir='ltr'><strong>δὲ</strong></span> <span class='ocrx_word' id='word_1_797' title='bbox 2063 4262 2386 4332; x_wconf 84' lang='grc' dir='ltr'>αὑτοσοφίαν</span> <span class='ocrx_word' id='word_1_798' title='bbox 2406 4267 2500 4319; x_wconf 72' lang='grc' dir='ltr'>καὶ</span> <span class='ocrx_word' id='word_1_799' title='bbox 2514 4266 2613 4338; x_wconf 82' lang='grc' dir='ltr'><strong>τὴν</strong></span> <span class='ocrx_word' id='word_1_800' title='bbox 2633 4269 2989 4340; x_wconf 84' lang='grc' dir='ltr'>αύτοδύναμιν</span> <span class='ocrx_word' id='word_1_801' title='bbox 3009 4275 3067 4325; x_wconf 85' lang='grc' dir='ltr'><strong>ἐν</strong></span> <span class='ocrx_word' id='word_1_802' title='bbox 3087 4273 3162 4344; x_wconf 83' lang='grc' dir='ltr'>νῷ</span> <span class='ocrx_word' id='word_1_803' title='bbox 3178 4275 3450 4342; x_wconf 73' lang='grc' dir='ltr'>λαϐόντες,</span> <span class='ocrx_word' id='word_1_804' title='bbox 3464 4259 3564 4335; x_wconf 80' lang='grc' dir='ltr'><strong>τὸν</strong></span> 
     </span>
    </p>
   </div>
   <div class='ocr_carea' id='block_1_104' title="bbox 1989 4351 3566 4440">
    <p class='ocr_par' dir='ltr' id='par_1_104' title="bbox 1989 4351 3566 4440">
     <span class='ocr_line' id='line_1_104' title="bbox 1989 4351 3566 4440; baseline 0.012 -36"><span class='ocrx_word' id='word_1_805' title='bbox 1989 4351 2118 4405; x_wconf 87' lang='grc' dir='ltr'>Θεὸν</span> <span class='ocrx_word' id='word_1_806' title='bbox 2139 4355 2484 4426; x_wconf 86' lang='grc' dir='ltr'>ἀνειληφέναι</span> <span class='ocrx_word' id='word_1_807' title='bbox 2500 4361 2563 4428; x_wconf 83' lang='grc' dir='ltr'><strong>τῇ</strong></span> <span class='ocrx_word' id='word_1_808' title='bbox 2590 4358 2799 4430; x_wconf 78' lang='grc' dir='ltr'>διανοίᾳ</span> <span class='ocrx_word' id='word_1_809' title='bbox 2816 4363 3160 4434; x_wconf 80' lang='grc' dir='ltr'>πιστεύομεν.</span> <span class='ocrx_word' id='word_1_810' title='bbox 3181 4366 3381 4420; x_wconf 89' lang='grc' dir='ltr'>Τούτου</span> <span class='ocrx_word' id='word_1_811' title='bbox 3400 4369 3566 4440; x_wconf 86' lang='grc' dir='ltr'>χάριν</span> 
     </span>
    </p>
   </div>
   <div class='ocr_carea' id='block_1_105' title="bbox 1989 4445 3564 4530">
    <p class='ocr_par' dir='ltr' id='par_1_105' title="bbox 1989 4445 3564 4530">
     <span class='ocr_line' id='line_1_105' title="bbox 1989 4445 3564 4530; baseline 0.011 -33"><span class='ocrx_word' id='word_1_812' title='bbox 1989 4445 2078 4498; x_wconf 81' lang='grc' dir='ltr'>ὅτε</span> <span class='ocrx_word' id='word_1_813' title='bbox 2099 4446 2158 4498; x_wconf 88' lang='grc' dir='ltr'><strong>τὸ</strong></span> <span class='ocrx_word' id='word_1_814' title='bbox 2172 4446 2291 4500; x_wconf 82' lang='grc' dir='ltr'>ὅλον</span> <span class='ocrx_word' id='word_1_815' title='bbox 2307 4448 2542 4516; x_wconf 89' lang='grc' dir='ltr'>ἐγένετο,</span> <span class='ocrx_word' id='word_1_816' title='bbox 2570 4451 2700 4520; x_wconf 74' lang='grc' dir='ltr'>πρὶν</span> <span class='ocrx_word' id='word_1_817' title='bbox 2719 4451 2945 4507; x_wconf 75' lang='grc' dir='ltr'>ἕκαστον</span> <span class='ocrx_word' id='word_1_818' title='bbox 2969 4454 3078 4509; x_wconf 84' lang='grc' dir='ltr'>τῶν</span> <span class='ocrx_word' id='word_1_819' title='bbox 3097 4457 3313 4529; x_wconf 89' lang='grc' dir='ltr'>συμπλη</span> <span class='ocrx_word' id='word_1_820' title='bbox 3323 4459 3564 4530; x_wconf 86' lang='grc' dir='ltr'>ρούντων</span> 
     </span>
    </p>
   </div>
   <div class='ocr_carea' id='block_1_106' title="bbox 1989 4535 3566 4616">
    <p class='ocr_par' dir='ltr' id='par_1_106' title="bbox 1989 4535 3566 4616">
     <span class='ocr_line' id='line_1_106' title="bbox 1989 4535 3566 4616; baseline 0.011 -29"><span class='ocrx_word' id='word_1_821' title='bbox 1989 4535 2050 4588; x_wconf 90' lang='grc' dir='ltr'><strong>τὸ</strong></span> <span class='ocrx_word' id='word_1_822' title='bbox 2069 4536 2188 4589; x_wconf 80' lang='grc' dir='ltr'>ὅλον</span> <span class='ocrx_word' id='word_1_823' title='bbox 2208 4539 2290 4606; x_wconf 85' lang='grc' dir='ltr'>ἐφ’</span> <span class='ocrx_word' id='word_1_824' title='bbox 2313 4539 2503 4592; x_wconf 89' lang='grc' dir='ltr'>ἑαυτοῦ</span> <span class='ocrx_word' id='word_1_825' title='bbox 2539 4539 2833 4612; x_wconf 80' lang='grc' dir='ltr'>δειχθῆναι,</span> <span class='ocrx_word' id='word_1_826' title='bbox 2874 4542 3034 4613; x_wconf 79' lang='grc' dir='ltr'>ζόφος</span> <span class='ocrx_word' id='word_1_827' title='bbox 3071 4547 3149 4616; x_wconf 81' lang='grc' dir='ltr'>τῷ</span> <span class='ocrx_word' id='word_1_828' title='bbox 3178 4551 3339 4602; x_wconf 74' lang='grc' dir='ltr'>παντὶ</span> <span class='ocrx_word' id='word_1_829' title='bbox 3366 4551 3566 4604; x_wconf 73' lang='grc' dir='ltr'>ἐπεκέ-</span> 
     </span>
    </p>
   </div>
   <div class='ocr_carea' id='block_1_107' title="bbox 1989 4619 3563 4706">
    <p class='ocr_par' dir='ltr' id='par_1_107' title="bbox 1989 4619 3563 4706">
     <span class='ocr_line' id='line_1_107' title="bbox 1989 4619 3563 4706; baseline 0.014 -36"><span class='ocrx_word' id='word_1_830' title='bbox 1989 4637 2138 4688; x_wconf 89' lang='grc' dir='ltr'>χυτο·</span> <span class='ocrx_word' id='word_1_831' title='bbox 2168 4619 2320 4674; x_wconf 74' lang='grc' dir='ltr'>οὔπω</span> <span class='ocrx_word' id='word_1_832' title='bbox 2350 4623 2460 4693; x_wconf 86' lang='grc' dir='ltr'><strong>γὰρ</strong></span> <span class='ocrx_word' id='word_1_833' title='bbox 2487 4624 2719 4699; x_wconf 80' lang='grc' dir='ltr'>ἐξεφάνη</span> <span class='ocrx_word' id='word_1_834' title='bbox 2751 4628 2846 4682; x_wconf 86' lang='grc' dir='ltr'><strong>τοῦ</strong></span> <span class='ocrx_word' id='word_1_835' title='bbox 2884 4633 3053 4702; x_wconf 89' lang='grc' dir='ltr'>πυρὸς</span> <span class='ocrx_word' id='word_1_836' title='bbox 3092 4636 3124 4704; x_wconf 90' lang='grc' dir='ltr'><strong>ή</strong></span> <span class='ocrx_word' id='word_1_837' title='bbox 3175 4635 3315 4706; x_wconf 85' lang='grc' dir='ltr'>αὐγὴ</span> <span class='ocrx_word' id='word_1_838' title='bbox 3354 4639 3563 4691; x_wconf 84' lang='grc' dir='ltr'>ὑποκε-</span> 
     </span>
    </p>
   </div>
   <div class='ocr_carea' id='block_1_108' title="bbox 1989 4713 3565 4800">
    <p class='ocr_par' dir='ltr' id='par_1_108' title="bbox 1989 4713 3565 4800">
     <span class='ocr_line' id='line_1_108' title="bbox 1989 4713 3565 4800; baseline 0.015 -37"><span class='ocrx_word' id='word_1_839' title='bbox 1989 4713 2280 4783; x_wconf 86' lang='grc' dir='ltr'>κρυμμένη</span> <span class='ocrx_word' id='word_1_840' title='bbox 2349 4718 2459 4779; x_wconf 88' lang='grc' dir='ltr'>τοῖς</span> <span class='ocrx_word' id='word_1_841' title='bbox 2536 4718 2744 4788; x_wconf 84' lang='grc' dir='ltr'>μορίοις</span> <span class='ocrx_word' id='word_1_842' title='bbox 2812 4722 2912 4792; x_wconf 80' lang='grc' dir='ltr'>τῆς</span> <span class='ocrx_word' id='word_1_843' title='bbox 2970 4723 3101 4795; x_wconf 72' lang='grc' dir='ltr'>ὕλης</span> <span class='ocrx_word' id='word_1_844' title='bbox 3167 4728 3417 4800; x_wconf 81' lang='grc' dir='ltr'>καθάπερ</span> <span class='ocrx_word' id='word_1_845' title='bbox 3465 4731 3565 4787; x_wconf 70' lang='grc' dir='ltr'>καὶ</span> 
     </span>
    </p>
   </div>
   <div class='ocr_carea' id='block_1_109' title="bbox 1989 4803 3562 4890">
    <p class='ocr_par' dir='ltr' id='par_1_109' title="bbox 1989 4803 3562 4890">
     <span class='ocr_line' id='line_1_109' title="bbox 1989 4803 3562 4890; baseline 0.013 -34"><span class='ocrx_word' id='word_1_846' title='bbox 1989 4804 2044 4856; x_wconf 80' lang='lat' dir='ltr'><strong>al</strong></span> <span class='ocrx_word' id='word_1_847' title='bbox 2127 4803 2354 4872; x_wconf 77' lang='grc' dir='ltr'>ψηφῖδες</span> <span class='ocrx_word' id='word_1_848' title='bbox 2426 4807 2650 4875; x_wconf 74' lang='grc' dir='ltr'>ἀφανεῖς</span> <span class='ocrx_word' id='word_1_849' title='bbox 2722 4812 2781 4864; x_wconf 87' lang='grc' dir='ltr'><strong>ἑν</strong></span> <span class='ocrx_word' id='word_1_850' title='bbox 2874 4813 2948 4884; x_wconf 82' lang='grc' dir='ltr'>τῷ</span> <span class='ocrx_word' id='word_1_851' title='bbox 3027 4816 3208 4870; x_wconf 88' lang='grc' dir='ltr'>σκότει</span> <span class='ocrx_word' id='word_1_852' title='bbox 3271 4821 3562 4890; x_wconf 80' lang='grc' dir='ltr'>μένουσιν,</span> 
     </span>
    </p>
   </div>
   <div class='ocr_carea' id='block_1_110' title="bbox 1988 4893 3563 4980">
    <p class='ocr_par' dir='ltr' id='par_1_110' title="bbox 1988 4893 3563 4980">
     <span class='ocr_line' id='line_1_110' title="bbox 1988 4893 3563 4980; baseline 0.013 -35"><span class='ocrx_word' id='word_1_853' title='bbox 1988 4894 2037 4945; x_wconf 86' lang='grc' dir='ltr'><strong>εί</strong></span> <span class='ocrx_word' id='word_1_854' title='bbox 2077 4893 2170 4946; x_wconf 78' lang='grc' dir='ltr'><strong>καὶ</strong></span> <span class='ocrx_word' id='word_1_855' title='bbox 2209 4894 2454 4962; x_wconf 85' lang='grc' dir='ltr'>φυσικῶς</span> <span class='ocrx_word' id='word_1_856' title='bbox 2497 4898 2556 4950; x_wconf 83' lang='grc' dir='ltr'><strong>ἑν</strong></span> <span class='ocrx_word' id='word_1_857' title='bbox 2600 4900 2820 4966; x_wconf 84' lang='grc' dir='ltr'>ἑαυταῖς</span> <span class='ocrx_word' id='word_1_858' title='bbox 2863 4903 2963 4974; x_wconf 84' lang='grc' dir='ltr'>τὴν</span> <span class='ocrx_word' id='word_1_859' title='bbox 2994 4909 3328 4980; x_wconf 86' lang='grc' dir='ltr'>φωτιστικὴν</span> <span class='ocrx_word' id='word_1_860' title='bbox 3375 4910 3563 4980; x_wconf 77' lang='grc' dir='ltr'>έχουσι</span> 
     </span>
    </p>
   </div>
   <div class='ocr_carea' id='block_1_111' title="bbox 1987 4984 3565 5076">
    <p class='ocr_par' dir='ltr' id='par_1_111' title="bbox 1987 4984 3565 5076">
     <span class='ocr_line' id='line_1_111' title="bbox 1987 4984 3565 5076; baseline 0.013 -39"><span class='ocrx_word' id='word_1_861' title='bbox 1987 4984 2234 5055; x_wconf 83' lang='grc' dir='ltr'>δύναμιν,</span> <span class='ocrx_word' id='word_1_862' title='bbox 2271 4985 2359 5040; x_wconf 81' lang='grc' dir='ltr'><strong>διά</strong></span> <span class='ocrx_word' id='word_1_863' title='bbox 2391 4987 2492 5056; x_wconf 83' lang='grc' dir='ltr'><strong>τῆς</strong></span> <span class='ocrx_word' id='word_1_864' title='bbox 2518 4990 2656 5061; x_wconf 89' lang='grc' dir='ltr'>πρὸς</span> <span class='ocrx_word' id='word_1_865' title='bbox 2689 4992 2924 5064; x_wconf 81' lang='grc' dir='ltr'>ἀλλήλας</span> <span class='ocrx_word' id='word_1_866' title='bbox 2955 4998 3328 5068; x_wconf 86' lang='grc' dir='ltr'>συμπτώσεως</span> <span class='ocrx_word' id='word_1_867' title='bbox 3357 5002 3418 5055; x_wconf 91' lang='grc' dir='ltr'><strong>τὸ</strong></span> <span class='ocrx_word' id='word_1_868' title='bbox 3447 5003 3565 5076; x_wconf 88' lang='grc' dir='ltr'><strong>πῦρ</strong></span> 
     </span>
    </p>
   </div>
   <div class='ocr_carea' id='block_1_112' title="bbox 1989 5076 3565 5164">
    <p class='ocr_par' dir='ltr' id='par_1_112' title="bbox 1989 5076 3565 5164">
     <span class='ocr_line' id='line_1_112' title="bbox 1989 5076 3565 5164; baseline 0.015 -36"><span class='ocrx_word' id='word_1_869' title='bbox 1989 5076 2395 5143; x_wconf 84' lang='grc' dir='ltr'>ἁποτίκτουσαι,</span> <span class='ocrx_word' id='word_1_870' title='bbox 2425 5079 2520 5132; x_wconf 87' lang='grc' dir='ltr'><strong>τοῦ</strong></span> <span class='ocrx_word' id='word_1_871' title='bbox 2551 5081 2609 5134; x_wconf 88' lang='grc' dir='ltr'>δὲ</span> <span class='ocrx_word' id='word_1_872' title='bbox 2638 5085 2933 5159; x_wconf 78' lang='grc' dir='ltr'>σπινθῆρος</span> <span class='ocrx_word' id='word_1_873' title='bbox 2963 5088 3023 5154; x_wconf 81' lang='grc' dir='ltr'>ἐξ</span> <span class='ocrx_word' id='word_1_874' title='bbox 3052 5092 3230 5148; x_wconf 83' lang='grc' dir='ltr'>αὐτῶν</span> <span class='ocrx_word' id='word_1_875' title='bbox 3256 5095 3565 5164; x_wconf 81' lang='grc' dir='ltr'>ἀναφανέν-</span> 
     </span>
    </p>
   </div>
   <div class='ocr_carea' id='block_1_113' title="bbox 1988 5353 3566 5446">
    <p class='ocr_par' dir='ltr' id='par_1_113' title="bbox 1988 5353 3566 5446">
     <span class='ocr_line' id='line_1_113' title="bbox 1988 5353 3566 5446; baseline 0.017 -45"><span class='ocrx_word' id='word_1_876' title='bbox 1988 5353 2320 5423; x_wconf 81' lang='grc' dir='ltr'>φωτιστικὴν</span> <span class='ocrx_word' id='word_1_877' title='bbox 2349 5355 2537 5411; x_wconf 83' lang='grc' dir='ltr'>οὐσίαν</span> <span class='ocrx_word' id='word_1_878' title='bbox 2578 5360 2658 5423; x_wconf 79' lang='grc' dir='ltr'>εἰς</span> <span class='ocrx_word' id='word_1_879' title='bbox 2698 5361 2759 5415; x_wconf 90' lang='grc' dir='ltr'><strong>τὸ</strong></span> <span class='ocrx_word' id='word_1_880' title='bbox 2785 5365 3018 5434; x_wconf 83' lang='grc' dir='ltr'>ἐκφανὲς</span> <span class='ocrx_word' id='word_1_881' title='bbox 3049 5369 3350 5440; x_wconf 80' lang='grc' dir='ltr'>προελθεῖν.</span> <span class='ocrx_word' id='word_1_882' title='bbox 3396 5373 3566 5446; x_wconf 75' lang='grc' dir='ltr'>Ἄρτι</span> 
     </span>
    </p>
   </div>
   <div class='ocr_carea' id='block_1_114' title="bbox 1987 5441 3570 5536">
    <p class='ocr_par' dir='ltr' id='par_1_114' title="bbox 1987 5441 3570 5536">
     <span class='ocr_line' id='line_1_114' title="bbox 1987 5441 3570 5536; baseline 0.017 -41"><span class='ocrx_word' id='word_1_883' title='bbox 1987 5441 2096 5514; x_wconf 81' lang='grc' dir='ltr'>γὰρ</span> <span class='ocrx_word' id='word_1_884' title='bbox 2141 5443 2351 5516; x_wconf 84' lang='grc' dir='ltr'>ἁθρόως</span> <span class='ocrx_word' id='word_1_885' title='bbox 2390 5450 2449 5506; x_wconf 85' lang='grc' dir='ltr'><strong>ἑν</strong></span> <span class='ocrx_word' id='word_1_886' title='bbox 2489 5453 2558 5522; x_wconf 78' lang='grc' dir='ltr'>τῇ</span> <span class='ocrx_word' id='word_1_887' title='bbox 2603 5455 2700 5526; x_wconf 77' lang='grc' dir='ltr'>μιᾷ</span> <span class='ocrx_word' id='word_1_888' title='bbox 2749 5457 2888 5529; x_wconf 73' lang='grc' dir='ltr'>ῥοπῇ</span> <span class='ocrx_word' id='word_1_889' title='bbox 2928 5459 3021 5513; x_wconf 85' lang='grc' dir='ltr'><strong>τοῦ</strong></span> <span class='ocrx_word' id='word_1_890' title='bbox 3067 5459 3209 5516; x_wconf 87' lang='grc' dir='ltr'>θείου</span> <span class='ocrx_word' id='word_1_891' title='bbox 3257 5441 3570 5536; x_wconf 76' lang='grc' dir='ltr'>θελήματος</span> 
     </span>
    </p>
   </div>
  </div>
