3768 6000
160 199 215 259 π,
1316 198 1382 253 ΙΝ
1421 198 1648 255 HEXAE

1882 200 1896 254 ί
1930 198 2164 253 LIBER.
3297 192 3370 252 74

166 321 446 393 ἁθιακρίτως
489 318 585 372 τοῦ
624 317 823 381 παντὸς
862 316 1214 382 ὑποστάντος,
1254 318 1347 371 καὶ
1389 318 1499 373 τῶν
1552 337 1654 373 στοι

1887 360 1899 384 ,
1941 319 2242 388 omniaque
2272 315 2545 370 elementa
2596 313 2739 367 inter
2782 326 2841 368 se
2868 319 3126 368 concreta
3177 312 3375 383 penni-

165 415 293 489 χείων
317 411 530 465 πάντων
560 412 620 463 ὲν
644 409 891 479 ἀλλήλοις
919 409 1304 479 πεφυρμένων,
1334 409 1396 462 τὸ
1422 410 1697 481 πανταχοῦ

166 501 571 573 κατεσπαρμένον
601 497 714 570 πῦρ
743 501 1115 563 ὲπεσκοτεῖτο,
1139 498 1218 568 τῷ
1237 498 1579 564 πλεονάζοντι
1598 503 1699 571 τῆς

165 596 269 664 ὕλης
314 589 827 661 ὲπιπροσθούμενον.
870 588 1025 642 Ἐπεὶ
1066 588 1124 642 δὲ
1163 588 1314 659 ὀξεῖά
1353 588 1436 651 τίς
1475 590 1622 645 ἐστιν
1664 591 1698 661 ἠ

164 686 355 756 δύναμις
404 679 573 736 αὑτοῦ
621 680 719 735 καὶ
767 679 1077 751 εὐκίνητος,
1107 678 1244 750 όμοῦ
1277 678 1339 732 τὸ
1382 678 1600 751 δοθῆναι
1637 683 1704 751 τῇ

164 776 297 845 φύσει
316 772 417 828 τῶν
446 772 620 825 όντων
649 769 788 843 πρὸς
817 769 915 841 τὴν
944 768 1039 823 τοῦ
1078 769 1286 839 κόσμου
1314 768 1528 836 γένεσιν
1556 771 1707 842 παρὰ

163 866 238 920 τοῦ
264 863 382 918 Θεοῦ
411 863 474 917 τὸ
496 862 797 933 ἐνδόσιμον,
826 862 1008 931 πάσης
1029 860 1131 932 τῆς
1160 859 1466 933 βαρυτέρας
1494 862 1709 931 φύσεως

166 957 472 1030 προεξέθορε,
507 955 603 1009 καὶ
641 956 804 1018 εὐθὺς
829 953 910 1025 τῷ
937 952 1077 1022 φωτὶ
1104 953 1172 1007 τὰ
1202 953 1384 1008 πάντα
1412 955 1709 1027 περιηυγά-

167 1049 282 1112 ζετο.
313 1050 375 1117 'Q
409 1046 467 1099 δὲ
507 1045 652 1099 κατὰ
689 1045 780 1098 τὸν
822 1045 923 1114 τῆς
953 1044 1148 1113 σοφίας
1177 1043 1358 1113 λόγον,
1386 1047 1452 1116 τῇ
1482 1045 1707 1114 δυνάμει

166 1138 243 1193 τοῦ
270 1137 617 1206 πεποιηκότος
646 1136 884 1203 ἐγένετο,
918 1134 993 1199 ὡς
1022 1134 1181 1202 λόγος
1208 1134 1342 1199 Θεοῦ
1372 1153 1706 1209 προστακτι-

164 1228 256 1289 κὸς,
266 1219 793 1296 παρὰτοῦΜωῦσέως
802 1216 1171 1291 ἐμνημονεύθη
1180 1218 1308 1285 ,τδ,‹
1319 1216 1488 1277 Εῖπεν
1500 1219 1529 1271 ὀ
1549 1225 1704 1289 Θεὸς,

165 1315 411 1389 Γενηθήτω
448 1319 581 1385 φῶς·
625 1347 641 1372 ,
674 1307 768 1361 καὶ
796 1306 1011 1376 ἐγένετο
1039 1308 1174 1379 φῶς.
1214 1327 1235 1361 ι
1292 1310 1412 1364 Ἐπὶ
1454 1313 1564 1385 γὰρ
1612 1313 1705 1368 τοῦ

161 1399 291 1464 θεοῦ,
319 1401 452 1454 κατά
482 1415 549 1467 γε
579 1399 679 1469 τὴν
713 1399 988 1471 ἡμετέραν
1015 1399 1303 1470 ὑπόληψιν,
1336 1401 1397 1455 τὸ
1424 1398 1585 1473 ἔργον
1615 1404 1704 1459 λό-

161 1507 237 1557 γος
262 1492 382 1544 ἐστι.
409 1491 557 1544 Διότι
586 1491 699 1545 πᾶν
733 1490 796 1543 τὸ
823 1490 1127 1562 γινόμενον,
1158 1492 1302 1563 λόγῳ
1343 1494 1578 1563 γίνεταιο
1614 1497 1707 1550 καὶ

158 1582 318 1651 ἄλογόν
356 1599 406 1635 τι
454 1582 553 1636 καὶ
606 1583 925 1653 συντυχικὸν
974 1583 1069 1637 καὶ
1120 1584 1428 1653 αὐτόματον
1482 1588 1539 1639 ὲν
1594 1592 1706 1651 τοῖς

160 1677 312 1731 θεόθεν
354 1676 629 1747 ὑφεστῶσι
669 1681 871 1732 νοεῖται
920 1679 1094 1733 οὐδέν.
1151 1678 1310 1732 Ἀλλὰ
1355 1681 1459 1751 χρὴ
1492 1681 1706 1752 ἑκάστῳ

156 1767 248 1821 τῶν
285 1768 441 1822 ὄντων
492 1770 591 1824 καὶ
635 1769 792 1839 λόγον
837 1771 960 1824 τινὰ
1007 1772 1169 1841 σοφόν
1214 1789 1273 1824 τε
1320 1772 1414 1825 καὶ
1462 1773 1706 1843 τεχνικὸν

157 1859 397 1926 ἐγκεῖσθαι
436 1860 752 1925 πιστεύειν,
806 1861 909 1915 κᾶν
939 1864 1184 1935 κρεῖττον
1288 1866 1386 1934 τῆς
1431 1865 1705 1935 ἡμετέρας

155 1948 320 2018 ὄψεως.
337 1951 396 2003 Τί
415 1947 510 2005 οὖν
532 1948 687 2004 εἶπεν
706 1953 736 2004 ό
754 1951 904 2018 Θεὸς,
930 1953 1115 2024 ἐπειδὴ
1138 1952 1295 2023 λόγου
1319 1957 1700 2027 παραστατική

155 2039 279 2092 ἐστιν
302 2043 331 2112 ἡ
355 2042 581 2113 τοιαύτη
618 2042 794 2114 φωνὴ,
834 2041 1175 2114 θεοπρεπῶς,
1214 2045 1291 2109 ὡς
1313 2041 1483 2116 οἶμαι,
1512 2048 1699 2117 νοήσο-

157 2146 243 2198 μεν
265 2133 333 2192 είς
360 2133 446 2187 τὸν
472 2133 800 2204 ἐγκείμενον
842 2134 939 2205 τῆς
979 2135 1209 2200 κτίσεως
1237 2135 1393 2205 λόγον
1432 2137 1494 2190 τὸ
1541 2138 1703 2209 ῥητὸν

154 2220 496 2293 ἀναφέροντες.
563 2224 722 2279 Οὕτω
760 2225 867 2298 γὰρ
925 2225 1022 2278 καὶ
1075 2227 1104 2278 ό
1165 2225 1338 2296 μέγας
1392 2227 1555 2281 Δαϐὶδ
1598 2228 1704 2292 τὰς

153 2312 372 2379 τοιαύτας
399 2318 588 2385 φωνὰς
635 2318 769 2388 ἡμῖν
801 2315 1107 2387 ἐξηγήσατο
1139 2316 1305 2372 είπών
1325 2333 1339 2345 ’
1370 2339 1390 2370 α
1429 2319 1616 2374 Πάντα
1646 2322 1704 2373 ὲν

154 2404 290 2474 σοφίᾳ
314 2405 608 2478 ἐποίησας.
630 2426 649 2460 ι
692 2408 774 2461 Τὰ
802 2407 909 2478 γὰρ
942 2408 1317 2477 προστακτικᾶ
1350 2409 1448 2480 τῆς
1472 2408 1580 2462 τῶν
1613 2409 1701 2463 όν-

153 2508 242 2545 των
266 2494 481 2560 κτίσεως
534 2496 782 2567 ῥήματα,
811 2494 847 2550 ἃ
888 2495 1039 2565 παρὰ
1064 2493 1159 2547 τοῦ
1189 2496 1469 2561 Μωῡσέως
1510 2498 1575 2552 ὲκ
1605 2499 1704 2569 τῆς

150 2581 278 2647 θείας
310 2586 488 2657 φωνῆς
523 2585 962 2656 ἀναγέγραπται,
1006 2585 1179 2640 ταῦτα
1212 2586 1242 2638 ό
1281 2586 1445 2641 Δαϐιδ
1488 2588 1585 2659 τὴν
1619 2590 1704 2642 ὲν-

152 2670 496 2745 θεωρουμένην
529 2679 651 2740 τοῖς
686 2677 934 2745 γεγονόσι
977 2676 1170 2746 σοφίαν
1199 2677 1505 2749 ὠνόμασεν.
1543 2680 1705 2734 Ὅθεν

151 2759 229 2810 καὶ
262 2760 558 2832 διηγεῖσθαι
595 2763 743 2831 λέγει
770 2765 896 2828 τοὺς
924 2765 1188 2836 οὐρανοὺς
1217 2765 1378 2831 δόξαν
1410 2767 1544 2822 Θεοῦ
1564 2809 1579 2831 ,
1608 2769 1703 2840 δη-

151 2844 261 2918 λαδὴ
297 2851 390 2922 τῆς
420 2853 839 2927 ἐμφαινομένης
860 2855 1044 2918 αὐτοῖς
1070 2857 1327 2929 τεχνικῆς
1355 2857 1586 2931 θεωρίας
1617 2858 1707 2915 διὰ

148 2937 232 3009 τῆς
253 2940 566 3012 ἐναρμονίου
594 2945 919 3015 περιφορᾶς,
943 2945 1065 2998 ἀντὶ
1089 2944 1246 3014 λόγου
1276 2949 1568 3020 γινομένης
1593 2951 1704 3014 τοῖς

151 3028 498 3101 ἐπιστήμοσιν.
539 3029 731 3085 Εἰπὼν
764 3031 873 3103 γὰρ
914 3032 1218 3102 διηγεῖσθαι
1246 3025 1373 3098 τοῦς
1416 3036 1702 3106 οὐρανοὺς,

150 3118 227 3171 καὶ
247 3121 597 3192 ἀναγγέλλειν
625 3124 686 3177 τὸ
712 3124 1017 3195 στερέωμα,
1041 3126 1348 3198 διορθοῦται
1373 3130 1497 3191 τοὺς
1533 3131 1706 3201 παχύ-

1804 419 1998 479 staque
2020 414 2227 473 essent,
2264 408 2408 479 ignis
2443 406 2535 476 qui
2567 404 2771 475 ubique
2807 404 3199 459 disseminatus
3234 414 3374 469 erat,

1803 502 2072 557 obscurus
2115 499 2352 566 jacebat,
2400 497 2749 566 materiaeque
2797 495 3119 565 impotentia
3165 494 3378 565 suppri-

1804 590 2058 645 mebatur
2112 604 2350 643 :verum
2403 587 2664 659 quoniam
2730 587 2815 643 vis
2866 586 2987 657 ejus
3025 586 3181 641 velox
3216 594 3379 656 atque

1806 679 1965 749 agilis
1984 687 2090 744 est,
2113 678 2278 735 simul
2297 686 2462 749 atque
2490 691 2675 733 rerum
2706 684 2921 733 natura:
2947 676 3013 731 ad
3048 675 3382 731 mundicon-

1806 771 2148 826 stitutionem
2175 784 2205 824 a
2231 767 2341 825 Deo
2375 776 2557 824 motus
2580 768 2913 840 principium
2937 777 3099 839 atque
3128 767 3380 823 incitatio

1807 861 2050 917 adhibita
2082 871 2188 930 est,
2241 870 2372 918 ante
2420 862 2512 917 illa
2545 862 2733 917 omnia
2765 876 2888 933 qua:
2933 862 3187 933 graviora
3224 868 3377 924 sunt,

1807 952 2090 1019 exsiliens,
2118 952 2329 1008 lumine
2354 958 2556 1006 cuncta
2586 951 2771 1006 statim
2803 950 3117 1005 illustravit.
3143 947 3259 1004 Hoc
3285 963 3382 1002 au-

1808 1051 1916 1099 tem
1970 1044 2249 1115 sapientiae
2288 1044 2502 1100 ratione
2565 1042 2694 1099 fecit
2740 1042 2982 1113 potentia
3044 1041 3380 1105 conditoris,

1806 1137 1921 1207 qui,
1956 1143 2020 1191 ut
2076 1137 2197 1208 ejus
2242 1137 2488 1209 jubentis
2545 1136 2722 1191 oratio
2769 1150 2798 1188 a
2844 1133 2995 1189 Mose
3026 1132 3381 1198 describitur,

1812 1244 1832 1278 ι
1864 1224 2008 1290 Fiat,
2031 1221 2210 1295 inquit
2237 1260 2254 1287 ,
2312 1223 2408 1279 lux
2438 1259 2456 1290 ,
2495 1233 2551 1281 et
2604 1224 2750 1280 facta
2806 1231 2895 1279 est
2938 1224 3030 1278 lux
3056 1223 3117 1277 ἐ
3154 1243 3173 1275 ι
3209 1224 3385 1278 oratio

1806 1317 1948 1372 enim
2002 1325 2057 1372 et
2096 1318 2235 1373 ratio
2279 1317 2335 1372 in
2373 1317 2505 1381 Deo,
2536 1325 2595 1372 ut
2650 1331 2749 1388 ego
2798 1316 2995 1383 sentio,
3029 1325 3113 1371 est
3163 1330 3302 1385 opus
3329 1323 3385 1371 et

1807 1406 2030 1462 factum.
2060 1407 2336 1478 Quidquid
2373 1408 2516 1462 enim
2562 1407 2630 1463 ab
2657 1422 2722 1462 eo
2749 1406 2831 1472 ﬁt,
2863 1407 3076 1462 ratione
3130 1405 3208 1461 tit.
3247 1405 3384 1462 Etin

1806 1497 1875 1571 iis
1893 1515 2015 1568 quae
2038 1513 2070 1553 a
2087 1498 2198 1556 Deo
2218 1498 2665 1570 proﬁciscuntur,
2688 1498 2825 1553 nihil
2850 1512 2880 1552 a
2899 1498 3111 1554 ratione
3122 1497 3381 1563 alienum,

1805 1591 1942 1645 nihil
1998 1590 2364 1655 inordinatum
2426 1600 2520 1647 aut
2572 1590 2857 1646 fortuitum
2908 1591 3380 1646 animadvertitur.

1806 1681 1988 1750 Quare
2010 1682 2342 1740 credendum
2372 1692 2479 1747 est,
2513 1683 2569 1738 in
2610 1684 2774 1740 rebus
2819 1683 3052 1753 singulis
3080 1684 3380 1755 sapientem

1806 1773 2094 1845 quamdam
2124 1788 2189 1828 ac
2210 1775 2464 1829 solertem
2488 1774 2669 1830 inesse
2691 1774 2979 1837 rationem,
3016 1773 3172 1843 longe
3196 1779 3381 1826 tamen

1808 1864 2260 1934 praestantiorem,
2292 1880 2453 1934 quam
2482 1872 2540 1918 ut
2569 1871 2792 1933 aspectu
2816 1871 3004 1918 nostro
3027 1863 3381 1931 comprehen-

1804 1952 1987 2008 datur.
2024 1952 2181 2020 Quod
2204 1954 2372 2024 igitur
2400 1954 2539 2009 dixit
2581 1956 2742 2020 Deus,
2767 1953 2984 2024 quando
3020 1953 3259 2008 rationis
3278 1954 3382 2008 im-

1806 2045 2048 2113 perantis
2069 2059 2133 2099 ca
2164 2060 2264 2098 vox
2294 2053 2397 2109 est,
2428 2059 2536 2099 non
2569 2044 2871 2114 indignam,
2904 2043 3118 2114 Opinor,
3155 2043 3268 2099 Deo
3296 2060 3384 2100 co-

1804 2135 2121 2206 gitationem
2156 2136 2540 2207 suscipiemus,
2589 2138 2634 2192 si
2678 2135 2746 2191 ad
2800 2137 3065 2191 rationem
3130 2136 3207 2192 rei
3251 2152 3379 2205 pro-

1804 2235 2003 2282 creatae
2034 2227 2253 2283 insitam
2307 2228 2512 2283 dictum
2559 2227 2925 2284 retulerimus.
2968 2227 3059 2283 Sic
3100 2228 3245 2283 enim
3281 2229 3380 2283 has

1806 2333 1968 2374 voces
2010 2333 2241 2389 magnus
2264 2319 2427 2375 etiam
2460 2318 2630 2374 David
2656 2318 2816 2374 nobis
2838 2320 3090 2388 exposuit
3119 2337 3132 2373 :
3177 2336 3197 2370 ‹
3249 2318 3381 2374 0m-

1804 2409 1917 2475 uia,
1951 2428 1969 2463 ι
2008 2409 2283 2480 inquiens,
2311 2428 2331 2464 ι
2367 2410 2421 2465 in
2446 2410 2713 2481 sapientia
2744 2407 2919 2466 fecisti
2940 2409 2983 2465 '.
3008 2408 3182 2463 rNam
3212 2409 3380 2479 impeo

1804 2501 1978 2557 rantia
2011 2516 2194 2557 rerum
2228 2501 2570 2557 conditarum
2612 2503 2792 2564 verba,
2826 2515 2946 2572 quae
2983 2499 3177 2556 aMose
3199 2516 3263 2556 ex
3300 2502 3382 2556 di-

1804 2592 1928 2647 vina
1968 2607 2099 2648 voce
2138 2592 2415 2662 descripta
2442 2600 2591 2655 sunt,
2652 2592 2820 2648 David
2876 2592 2994 2663 ipsc
3030 2602 3379 2663 conspectam

1806 2684 1860 2742 in
1887 2684 2049 2739 rebus
2082 2683 2356 2752 generatis
2396 2685 2718 2754 sapientiam
2763 2685 3072 2755 appellavit.
3113 2685 3381 2751 Quocirca

1805 2773 1977 2830 cmlos
1998 2772 2158 2828 etiam
2190 2772 2264 2826 ait
2284 2786 2507 2827 narrare
2535 2773 2761 2844 gloriam
2786 2772 2881 2828 Dei
2915 2773 2978 2826 ¹⁰.
3010 2772 3380 2829 Artiﬁciosum

1806 2865 2083 2929 nimirum,
2135 2863 2281 2936 quod
2312 2864 2368 2919 in
2421 2864 2556 2935 ipsis
2588 2880 2652 2919 ex
2696 2865 3073 2921 conversionis
3112 2874 3380 2921 concentu

1812 2957 2183 3027 spectaculum
2232 2958 2454 3022 visitur,
2486 2958 2630 3030 apud
2660 2960 2864 3029 peritos
2889 2973 3114 3015 munere
3134 2959 3391 3032 fungitur

1807 3048 2095 3105 orationis.
2133 3048 2316 3107 leos
2362 3058 2542 3106 autem
2572 3065 2852 3113 enarrare,
2898 3059 2952 3106 et
2981 3050 3378 3107 ﬁrmamentum

1807 3138 2133 3194 annuntiare
2177 3139 2387 3203 dicens,
2439 3138 2621 3194 erudit
2650 3154 2766 3201 eos,
2803 3140 2893 3209 qui
2914 3138 3186 3208 ejusmodi
3216 3141 3382 3195 verba

148 3227 277 3280 τερον
297 3215 400 3267 τῶν
427 3214 745 3287 λεγομένων
781 3215 1077 3281 ἀκούοντας
1097 3234 1110 3247 ·
1139 3219 1234 3272 καὶ
1257 3219 1386 3283 ἴσως
1410 3222 1502 3274 καὶ
1522 3238 1636 3290 φων

1891 3230 2050 3286 ιδείιιε
2084 3230 2466 3301 intelligerent,
2501 3237 2556 3286 et
2611 3229 2844 3285 fortasse
2871 3231 3021 3287 vocis
3066 3231 3228 3286 etiam
3288 3246 3379 3287 so-

146 3293 258 3371 ἦχον
271 3304 357 3357 καὶ
371 3304 526 3374 λόγον
539 3305 809 3378 ἔναρθρον
819 3306 885 3359 ἐκ
899 3307 999 3377 τῆς
1014 3306 1123 3361 τῶν
1139 3309 1382 3379 οὐρανῶν
1401 3311 1485 3383 διη
1493 3314 1560 3383 γή
1568 3329 1634 3364 σε‹

1895 3337 1958 3385 ιιι,
1996 3321 2424 3396 distinctumque
2448 3335 2753 3377 sermonem
2787 3336 2852 3376 ex
2882 3321 3194 3377 narratione
3216 3323 3383 3377 caelo-

146 3396 583 3466 προσδεχομένους
603 3439 618 3462 ,
665 3398 724 3450 ὲν
768 3393 850 3462 οἷς
876 3416 1062 3471 φησιν,
1090 3400 1171 3454 ὅτι
1214 3401 1330 3455 Οὐκ
1364 3404 1471 3456 εἰσὶ
1501 3403 1701 3467 λαλιαὶ,

148 3484 248 3537 οὐδὲ
298 3487 441 3558 λόγοι
491 3483 570 3544 ὧν
633 3490 753 3560 οὐχὶ
815 3490 1106 3545 ἀκούονται
1160 3493 1215 3546 αἱ
1274 3494 1451 3562 φωναὶ
1501 3494 1702 3558 αὑτῶν,

145 3574 218 3627 ῖνα
255 3577 393 3652 δείξῃ
451 3583 536 3636 ὅτι
583 3585 620 3653 ή
675 3584 735 3636 ἒν
785 3585 851 3654 τῇ
900 3583 1075 3638 κτίσει
1123 3583 1471 3657 θεωρουμένη
1522 3586 1704 3656 σοφία.

147 3662 279 3734 λόγος
304 3671 438 3736 ἐστὶ,
462 3673 570 3727 κᾶν
604 3672 684 3744 μὴ
720 3671 978 3747 ἔναρθρος
1095 3675 1207 3729 Καὶ
1238 3674 1398 3729 πάλιν
1430 3674 1523 3729 τοῦ
1550 3676 1708 3731 Μωῦ-

147 3752 265 3822 σέως
297 3759 594 3827 διεξοδικάς
624 3781 785 3827 τινας
830 3761 925 3817 τοῦ
964 3763 1100 3818 Θεοῦ
1142 3764 1324 3834 φωνὰς
1373 3766 1506 3838 πρὸς
1546 3766 1708 3821 αὑτὸν

147 3848 439 3920 γεγενῆσθαι
474 3855 733 3917 εἰπόντος
761 3855 820 3906 ὲν
859 3856 928 3926 τῇ
968 3854 1369 3928 θαυματοποιία
1396 3856 1503 3910 τῶν
1532 3858 1590 3911 ὲν
1621 3858 1711 3911 Δί-

146 3936 310 4011 γύπτῳ
339 3945 605 4014 σημείων,
643 3945 977 4016 ὑψηλότερον
1011 3945 1043 4017 ἢ
1075 3946 1215 4001 κατὰ
1241 3946 1338 4018 τὴν
1364 3947 1471 4001 τῶν
1496 3948 1709 4002 πολλῶν

147 4024 384 4097 ὑπόληψιν
412 4034 442 4086 ὁ
476 4033 795 4105 Ψαλμῳδὸς
828 4033 1132 4106 ἐξηγήσατο
1162 4035 1351 4099 εἰπὼν,
1383 4055 1402 4088 t
1435 4036 1629 4105 Ἔθετο
1651 4039 1709 4090 ὲν

145 4118 307 4184 αὐτοῖς
353 4125 477 4189 τοὺς
525 4126 729 4195 λόγους
775 4125 885 4179 τῶν
931 4125 1172 4198 σημείων
1226 4127 1412 4193 αὐτοῦ,
1463 4129 1556 4181 καὶ
1597 4127 1710 4182 τῶν

146 4211 361 4279 τεράτων
385 4218 555 4272 αὑτοῦ
585 4220 649 4272 ὲν
680 4220 754 4290 γῇ
783 4217 934 4289 Χάμ.
971 4236 991 4269 ι
1028 4218 1119 4289 Τῷ
1149 4219 1256 4290 γὰρ
1292 4218 1435 4289 λόγῳ
1474 4219 1579 4272 τινὶ
1611 4219 1709 4288 τὴν

133 4303 526 4382 ⁵ὁπεργαστικὴν
568 4312 814 4366 ἑκάστου
861 4310 971 4363 τῶν
1012 4313 1315 4380 γινομένων
1357 4308 1584 4380 δύναμιν
1629 4313 1709 4374 είς

145 4395 395 4465 ἐνέργειαν
433 4399 678 4468 ἄγεσθαι
698 4439 714 4461 ,
758 4399 945 4468 σαφῶς
973 4399 1061 4454 διὰ
1088 4400 1188 4471 τῆς
1225 4402 1408 4472 φωνῆς
1438 4399 1642 4469 ταύτης
1680 4402 1710 4452 ό

1804 3426 1924 3465 rum
1946 3420 2347 3483 exspectarent,
2381 3413 2506 3468 dum
2534 3412 2708 3482 inquit
2743 3411 2809 3475 ιι,
2848 3427 2957 3466 non
2986 3426 3108 3467 esse
3140 3410 3384 3483 loquelas

1806 3519 1981 3576 neque
2014 3520 2313 3571 sermones,
2365 3505 2565 3575 quibus
2602 3519 2710 3557 non
2765 3503 3058 3558 audiantur
3105 3518 3269 3561 voces
3292 3519 3386 3558 eo-

1807 3611 1951 3659 rum,
1985 3604 2045 3651 ut
2085 3595 2430 3665 sapientiam,
2471 3609 2592 3664 quae
2628 3593 2681 3647 in
2714 3592 2878 3647 rebus
2909 3594 3207 3661 procreatis
3263 3608 3386 3663 pcr-

1809 3689 2056 3759 spicitur,
2106 3687 2411 3743 orationem
2444 3700 2568 3742 esse
2604 3684 2859 3750 declaret,
2905 3684 3026 3738 licet
3054 3682 3196 3741 haud
3249 3685 3385 3739 arti-

1809 3780 1989 3835 culate
2024 3779 2390 3850 distincteque
2419 3793 2526 3832 non
2569 3775 2971 3849 prbnuntietur.
2996 3774 3226 3839 Rursus,
3258 3791 3382 3831 cum

1809 3870 2114 3942 magniﬁcis
2160 3869 2486 3940 quibusdam
2533 3867 2760 3924 vocibus
2797 3865 2967 3922 Deum
3002 3867 3105 3923 sibi
3141 3867 3382 3923 locutum

1809 3979 1933 4019 esse
1957 3963 2184 4019 dixisset
2215 3961 2412 4026 Moses,
2460 3961 2589 4016 dum
2624 3956 3057 4015 admiranda‘illa
3079 3959 3232 4028 signa
3260 3959 3387 4015 ede-

1810 4054 1968 4108 retin
1993 4052 2248 4125 Egypto,
2274 4051 2328 4107 id
2355 4052 2473 4123 ipse
2496 4049 2663 4106 David
2687 4050 2976 4106 sublimius
3005 4051 3384 4123 multo,quam

1814 4153 1873 4199 ut
1910 4145 2139 4216 quilibet
2177 4145 2504 4216 suspicetur,
2556 4142 2846 4213 explicavit
2883 4181 2897 4206 ,
2936 4161 2955 4194 ι
2988 4140 3202 4207 Posuit,
3242 4160 3261 4194 ι
3302 4144 3386 4196 in-

1814 4236 2032 4307 quiens,
2074 4255 2092 4287 t
2126 4237 2179 4290 in
2214 4237 2295 4292 eis
2325 4235 2490 4290 verba
2522 4234 2801 4305 signorum
2836 4231 2979 4300 ejus,
3016 4241 3070 4285 et
3112 4232 3389 4301 prodigio-

1813 4343 1933 4383 rum
1964 4326 2140 4399 ipsius
2168 4327 2224 4381 in
2255 4333 2405 4381 terra
2429 4325 2600 4379 Cham
2624 4323 2689 4378 “.
2731 4342 2749 4375 ι
2792 4321 2904 4377 Hac
2930 4322 3074 4378 enim
3103 4336 3233 4378 voce
3257 4321 3390 4378 Pro.

1813 4416 1995 4487 pheta,
2020 4416 2128 4471 vim
2165 4430 2354 4470 earum
2382 4429 2562 4470 rerum
2585 4411 3007 4467 admirabilium
3037 4410 3385 4478 effectricem,

147 4483 415 4574 ταλμῳδὸς
453 4490 789 4562 ὑπῃνίξατο,
822 4489 896 4552 ὡς
926 4491 1026 4543 οὐκ
1063 4491 1123 4544 ὲν
1148 4491 1388 4562 ῥήμασιν
1416 4489 1568 4554 ὄντος
1610 4494 1635 4543 τ

1898 4504 2026 4558 ,ioue
2052 4503 2286 4574 quadam
2331 4517 2425 4558 eas
2444 4494 2782 4566 exsecutam,
2820 4501 3140 4571 planissime
3160 4501 3386 4558 demon.

144 4572 295 4642 λόγου,
326 4580 461 4634 ἀλλὰ
483 4582 589 4651 τῆς
618 4583 705 4644 είς
727 4580 796 4633 τὰ
825 4586 1022 4652 σημεῖα
1047 4582 1346 4655 δυνάμεως,
1378 4582 1548 4646 οὕτως
1573 4583 1632 4636 ὼγ

1900 4591 2019 4656 avit,
2043 4572 2165 4647 cum
2184 4606 2294 4646 non
2311 4591 2576 4646 rationem
2594 4589 2649 4644 in
2661 4590 2844 4645 verbis
2864 4589 3277 4656 consistentem,
3296 4591 3388 4646 sed

149 4670 418 4745 μασμένης,
1818 4683 2095 4755 signorum
2117 4681 2521 4739 eiﬁciendorum
2555 4688 2874 4752 potestatem
2906 4682 2982 4736 ita
3011 4680 3336 4737 nominaret.

201 4779 386 4835 Οὐκοῦν
450 4784 548 4838 καὶ
613 4781 857 4837 ἐνταῦθα
917 4782 1226 4854 προέδραμε
1286 4783 1383 4853 μὲν
1428 4784 1519 4838 καὶ
1569 4784 1689 4838 ἀπεε

1902 4775 1984 4831 Sic
2034 4775 2200 4846 igitur
2247 4775 2412 4830 etiam
2473 4781 2605 4830 tunc
2646 4774 2956 4839 antevertit,
3011 4780 3063 4829 et
3116 4771 3390 4827 celeritate

146 4866 279 4941 κρίθη
325 4871 431 4927 τῶν
479 4873 664 4927 ὄντων
722 4872 782 4923 ὲν
805 4870 882 4942 τῷ
903 4874 1061 4943 ταχεῖ
1103 4889 1161 4926 τε
1189 4873 1283 4925 καὶ
1318 4873 1584 4944 εὐκινήτῳ
1612 4890 1634 4925 τ

1901 4866 2227 4938 ὼὶιίιοιεᾳιιε
2254 4880 2374 4931 sua,
2399 4865 2482 4920 vis
2512 4863 2855 4919 illuminandi
2900 4879 2931 4917 a
2960 4877 3137 4918 rerum
3169 4862 3389 4915 univer-

148 4957 377 5035 φύσεωςη
408 4962 730 5034 φωτιστικὴ
758 4961 1008 5032 δύναμις,
1039 4963 1239 5034 ἑαυτὴν
1268 4962 1377 5016 τῶν
1404 4965 1636 5034 έτεροφυ

1902 4967 1979 5014 ate
2003 4957 2252 5022 secessit,
2283 4971 2449 5025 seque
2492 4955 2666 5025 ipsam
2696 4954 2764 5010 ab
2805 4954 2926 5009 aliis
2950 4951 3162 5007 naturis
3199 4952 3390 5021 sejun-

149 5047 516 5126 ἀποκρίνουσα,
566 5056 671 5109 καὶ
723 5054 782 5107 τὸ
827 5053 1204 5125 περιλαμφθὲν
1266 5053 1410 5107 ἆπαν
1469 5053 1557 5105 διὰ
1608 5070 1636 5105 τ

1904 5091 1918 5116 ,
1947 5058 2109 5121 atque
2140 5050 2212 5103 ita
2235 5047 2515 5120 splendida
2543 5049 2690 5102 illius
2712 5044 2953 5117 potentia
2971 5043 3274 5099 illustratus
3306 5052 3392 5100 est

148 5141 529 5221 ἀταυγαστικῆς
571 5143 754 5202 αὐτοῦ
793 5143 1071 5215 δυνάμεως
1110 5143 1509 5215 κατεφωτίσθη.
1543 5137 1613 5215 Ὦ

1901 5142 1984 5196 iis.
2017 5140 2133 5207 Qua
2157 5149 2338 5196 autem
2362 5139 2576 5194 ratione
2595 5138 2710 5192 haec
2752 5133 2992 5191 effecerit
3010 5133 3149 5204 ignis
3170 5141 3389 5198 natura,

148 5228 266 5306 λόγῳ
292 5239 459 5297 ταῦτα
494 5238 729 5311 ἐνεργεῖ
759 5235 851 5289 τοῦ
881 5235 1052 5306 πυρὸς
1080 5239 1114 5307 ἡ
1144 5236 1321 5299 οὐσία,
1362 5236 1526 5306 μόνου
1570 5237 1636 5289 Gs

1908 5235 1984 5290 ius
2037 5232 2132 5287 Dei
2160 5240 2244 5288 est
2297 5226 2588 5301 esplicare,
2615 5229 2710 5299 qui
2767 5236 2973 5283 natum
2996 5226 3105 5282 vim
3164 5227 3396 5285 inseruit

148 5322 270 5378 ἐστιν
295 5331 482 5395 εἰπεῖν,
512 5328 614 5382 τοῦ
648 5324 1058 5397 ὲναποθεμένου
1085 5326 1178 5379 τὸν
1204 5325 1527 5394 φωτιστικὸν
1554 5325 1636 5394 λόγ

1905 5322 2159 5401 uninandi
2190 5330 2354 5391 atque
2409 5318 2720 5375 illustrandi
2757 5317 2899 5388 quod
2958 5317 3240 5390 Scriptura
3292 5331 3393 5374 sua

146 5413 201 5483 τῇ
228 5415 402 5487 φύσει·
432 5422 530 5473 καὶ
552 5417 731 5472 τοῦτο
757 5414 844 5468 διὰ
874 5417 972 5486 τῆς
1013 5416 1147 5479 ἰδίας
1180 5416 1397 5487 γραφῆς
1432 5415 1523 5468 καὶ
1550 5417 1579 5468 ό
1614 5434 1634 5485 ι

1908 5429 2048 5484 gnus
2097 5411 2260 5467 etiam
2309 5410 2485 5466 Moses
2535 5417 2787 5472 testatur,
2834 5408 3128 5465 cumait:
3177 5427 3197 5462 ι
3249 5407 3395 5464 Dixit

205 5611 378 5674 'Gen.
411 5616 452 5679 I,
494 5618 550 5671 3.
632 5616 656 5647 ’
703 5611 851 5667 Psal.
900 5628 1014 5679 cm,
1058 5614 1148 5669 24.
1226 5618 1267 5649 ¹⁰
1309 5614 1452 5672 Psal.
1492 5626 1647 5679 xvm,
1687 5616 1693 5665 Ἰ

1226 5618 1267 5649 ¹⁰
1309 5614 1452 5672 Psal.
1492 5626 1647 5679 xvm,
1687 5612 1741 5665 2.
1820 5612 1859 5644 “
1904 5610 2039 5668 lbid.
2080 5613 2132 5668 4.
2201 5612 2255 5680 ,⁸³
2295 5611 2439 5670 Psal.
2477 5625 2584 5680 CIV,
2614 5610 2702 5668 27.

345 5716 625 5777 Ριτκοι..
672 5709 815 5809 Gu.’
835 5708 1054 5772 XLIV.
1120 5716 1154 5731 ⁹
