3746 5994
302 192 363 247 15
1553 184 1609 239 ε.
1652 177 1984 241 GBEGOBII
2021 177 2064 233 Ν
2073 176 2314 235 YSSENI
3469 184 3537 239 76

290 310 456 373 Deus,
484 307 606 364 l'iat
634 309 755 373 lux;
790 326 806 373 ι
834 304 1103 375 ejusmodi
1132 302 1332 369 verbis,
1358 310 1417 357 ut
1445 303 1678 359 arbitror
1705 300 1843 370 signi

2121 300 2455 373 μαρτύρεται
2496 300 2755 369 Μωῦσῆς,
2792 298 2849 351 ὲν
2891 293 2969 362 οἷς
3023 315 3205 369 φησιν,
3254 299 3336 352 ὅτι
3379 317 3396 350 ι
3429 300 3539 353 Καὶ

293 402 486 462 licans.
511 400 746 456 divinam
781 397 1082 451 orationem
1118 410 1243 451 esse
1276 394 1415 449 lucis
1474 409 1612 464 opus
1650 404 1865 446 onmem

292 492 579 547 humanam
605 487 987 557 cogitationem
1012 492 1386 555 superantem.
1410 481 1522 539 Nos
1548 482 1693 537 enim
1718 477 1863 549 quod

291 583 492 638 factum
517 588 602 636 est
654 578 1032 633 tantummodo
1057 578 1376 649 aspicimus,
1403 588 1677 644 sensuque
1701 571 1867 642 perci-

287 676 488 744 pimus,
521 680 574 728 et
597 671 952 725 admiramur.
990 667 1097 724 Ubi
1152 676 1334 723 autem
1365 667 1506 736 ignis
1533 666 1752 719 latitans
1786 678 1870 715 re-

292 773 452 835 pente
478 770 791 834 generetur,
827 762 944 817 sive
967 776 1034 817 ex
1071 760 1308 831 lapidum
1333 758 1638 818 collisione,
1663 754 1779 808 sive
1804 767 1869 808 ex

289 857 522 910 aliarum
563 869 742 910 rerum
776 852 963 907 attritu
1019 850 1284 921 prosiliat,
1324 855 1378 903 et
1409 860 1653 916 quaenam
1684 845 1763 898 vis
1793 844 1868 907 id,

293 945 439 1016 quod
463 946 531 1000 ab
555 947 672 1014 ipso
697 940 1197 1013 comprehenditur,
1219 938 1434 1001 exedat,
1471 945 1635 1005 atque
1670 950 1872 990 consu-

297 1046 431 1100 mat,
466 1050 692 1105 quaeque
737 1048 917 1087 aerem
941 1030 1155 1083 ﬂamma
1188 1029 1493 1090 collustret,
1545 1041 1720 1095 neque
1750 1040 1871 1079 cer-

294 1142 426 1181 nere
474 1139 787 1196 possumus,
830 1136 1005 1191 neque
1033 1120 1139 1173 ulla
1177 1117 1506 1189 cogitatione
1547 1116 1870 1185 complecti;

292 1220 388 1275 sed
421 1221 474 1274 in
509 1217 626 1271 solo
656 1216 763 1270 Deo
790 1224 899 1268 tam
937 1212 1181 1266 miriﬁca;
1211 1212 1286 1266 rei
1318 1211 1582 1264 rationem
1622 1205 1876 1265 recondi-

293 1318 403 1361 tam
430 1320 553 1360 esse
576 1304 830 1368 dicimus,
876 1303 966 1372 qui
1004 1315 1206 1355 arcana
1258 1299 1548 1370 potestatis
1575 1298 1786 1352 ratione
1817 1295 1873 1350 in

294 1398 417 1469 igne
440 1397 614 1450 lucem
644 1395 941 1464 ingenerat.
980 1388 1447 1456 Quemadmodum
1494 1405 1746 1446 sermone
1775 1403 1875 1445 suo

292 1488 475 1541 Moses
506 1493 812 1545 attestatur,
850 1501 866 1532 ι
897 1481 1061 1544 Dixit,
1101 1499 1118 1532 t
1168 1481 1436 1549 inquiens,
1492 1500 1510 1532 ι
1548 1478 1714 1542 Deus,
1758 1477 1876 1532 Fiat

293 1579 406 1641 lux,
439 1586 491 1630 et
529 1576 670 1629 facta
705 1581 790 1628 est
820 1573 933 1627 lux.
982 1580 1034 1627 et
1064 1571 1196 1625 vidit
1227 1570 1368 1626 Deus
1400 1571 1579 1626 lucem
1615 1562 1738 1627 esse
1776 1570 1874 1626 bo-

294 1682 418 1721 nam
441 1665 504 1719 ¹³.
548 1682 567 1717 ι
599 1662 739 1719 Vere
762 1663 905 1717 enim
943 1661 1037 1716 Dei
1068 1661 1236 1717 solius
1260 1668 1344 1717 est
1374 1661 1569 1715 intueri
1603 1660 1874 1732 quomodo
1906 1642 1948 1700 Β

296 1759 367 1813 sit
387 1759 459 1812 ita
481 1758 618 1812 bona
639 1773 654 1823 ;
679 1755 1018 1809 imbecillitas
1043 1763 1220 1808 autem
1254 1762 1463 1807 natura:
1484 1761 1702 1818 nostrae,
1727 1752 1875 1823 quod

298 1851 374 1915 ﬁt,
421 1849 678 1920 perspicit
720 1847 810 1900 illa
863 1845 1120 1917 quidem;
1163 1861 1269 1916 qua
1320 1846 1530 1900 ratione
1559 1856 1733 1900 autem
1763 1847 1873 1909 liat,

298 1957 399 1997 nec
428 1943 735 2012 perspicere
761 1947 957 2010 potest,
988 1954 1086 1993 nec
1109 1939 1332 1993 laudare
1371 1958 1383 1994 :
1418 1939 1710 1994 laudantur
1731 1939 1873 1993 enim

300 2048 420 2102 quae
477 2037 902 2101 cognoscuntur,
972 2045 1079 2084 non
1136 2038 1316 2083 autem
1364 2044 1485 2099 qua}
1535 2030 1873 2100 ignoantur.

306 2144 325 2175 ι
377 2124 523 2177 Vidit
561 2142 580 2175 ι
617 2122 800 2192 igitur,
835 2121 1030 2190 inquit,
1068 2140 1085 2173 ι
1119 2122 1258 2176 Deus
1293 2121 1467 2176 lucem
1502 2136 1624 2186 esse
1656 2120 1883 2179 bonam,

295 2223 348 2269 et
376 2214 559 2269 divisit
587 2212 731 2268 Deus
756 2213 899 2266 inter
930 2213 1103 2267 lucem
1136 2222 1183 2266 et
1217 2213 1466 2266 tenebras
1491 2213 1598 2265 υθέ»
1640 2210 1875 2266 Rursum

298 2306 500 2369 Moses,
532 2306 674 2377 quod
714 2304 948 2360 naturali
982 2303 1216 2374 quodam
1278 2302 1468 2358 ordine
1527 2310 1691 2373 atque
1741 2316 1875 2356 con-

296 2408 459 2453 centu
504 2399 579 2464 iit,
636 2397 946 2453 necessario
978 2395 1042 2449 ad
1074 2395 1241 2450 Deum
1289 2402 1563 2449 auctorem
1596 2392 1781 2457 refert,
1809 2406 1872 2446 ex

299 2492 368 2547 iis
401 2507 521 2561 quae
551 2491 694 2546 dicta
752 2499 900 2555 sunt,
954 2498 1011 2543 ut
1056 2504 1157 2558 ego
1212 2489 1405 2552 sentin,
1438 2487 1662 2550 docens,
1691 2484 1877 2538 omnia

300 2600 423 2652 qua:
475 2583 789 2638 necessario
823 2581 1015 2635 ordine
1062 2595 1121 2633 se.
1160 2578 1550 2646 consequentia
1600 2575 1877 2647 proditura

300 2684 476 2739 erant,
513 2674 621 2730 Deo
646 2674 880 2744 primum
933 2672 1101 2728 fuisse
1121 2674 1357 2741 cegnita.
1392 2669 1601 2724 Etenim
1631 2684 1753 2722 cum
1784 2683 1881 2721 na-

300 2775 426 2821 tura
459 2766 550 2819 illa
598 2764 777 2819 lucida
808 2771 970 2833 atque
1012 2760 1322 2817 illustrandi
1363 2761 1470 2814 vim
1502 2760 1729 2825 habens,
1761 2772 1881 2828 quae

304 2853 359 2908 in
426 2870 605 2908 rerum
670 2852 1022 2907 universitate
1101 2849 1459 2906 disseminata
1524 2849 1882 2919 dispersaque

304 2952 443 3007 erat,
471 2945 536 2999 ad
582 2943 633 2997 id
665 2942 810 3012 quod
840 2943 943 2997 sibi
974 2949 1262 3013 cognatum
1298 2954 1363 2995 ac
1414 2940 1592 2995 simile
1620 2947 1758 3005 erat,
1791 2954 1883 2992 ac-

305 3042 572 3097 curreret,
611 3049 777 3104 seque
810 3042 920 3088 tota
948 3032 1244 3103 colligeret,
1272 3030 1586 3088 necessario
1614 3045 1677 3086 ea
1715 3044 1835 3100 quae
1853 3044 1884 3083 a

307 3128 515 3197 reliqua
545 3127 936 3181 elementorum
962 3126 1187 3181 materia
1219 3132 1473 3180 contecta
1505 3122 1885 3186 remanebant,

306 3219 742 3275 obscurabanlur
771 3238 784 3272 :
816 3228 870 3273 et
905 3219 1019 3273 haec
1076 3216 1391 3273 obscuratio
1443 3216 1678 3272 tenebrae
1710 3223 1886 3271 erant.

308 3313 464 3380 Quod
498 3312 661 3383 igitur
720 3320 1075 3367 consecutum
1114 3318 1217 3376 est,
1275 3325 1342 3365 ne
1375 3310 1498 3380 quis
1521 3310 1575 3364 in
1601 3308 1886 3364 fortuitum

312 3404 543 3475 aliquem
582 3417 769 3457 casum
842 3402 1114 3471 rejiceret,
1179 3399 1358 3455 Moses
1405 3415 1527 3455 esse
1588 3398 1681 3454 Dei
1752 3414 1890 3467 opus

314 3493 568 3555 asseruit,
597 3494 688 3560 qul
725 3492 885 3547 rebus
917 3491 1151 3545 conditis
1202 3504 1322 3544 eam
1350 3490 1631 3545 tribuisset
1661 3488 1891 3543 faculta-

315 3594 446 3641 tem.
513 3584 655 3656 Ignis
684 3590 863 3637 autem
893 3588 1146 3636 naturam
1198 3587 1251 3635 et
1285 3579 1514 3635 celerem
1543 3593 1687 3644 esse,
1740 3585 1794 3633 et
1825 3577 1891 3631 ad

316 3678 596 3749 superiora
648 3675 977 3739 tendentem,
1032 3687 1356 3743 semperque
1402 3671 1674 3733 mobilem,
1710 3685 1774 3725 ex
1825 3669 1893 3724 iis

315 3785 438 3840 quae
486 3768 756 3829 videntur,
796 3765 1019 3820 cuilibet
1070 3773 1237 3834 patet.
1275 3763 1341 3820 Et
1371 3764 1485 3818 hate
1516 3762 1736 3832 quidem
1797 3776 1896 3832 per

317 3862 422 3915 hoc
444 3857 768 3929 principium
798 3857 1145 3926 intelligenda
1197 3863 1595 3926 proponuntur.
1634 3853 1768 3908 Illud
1798 3868 1898 3908 au-

318 3960 425 4007 tem
461 3953 514 4005 in
562 3964 759 4020 genere
802 3948 1136 4003 narrationis
1184 3948 1444 4004 historice
1503 3961 1533 4000 a
1566 3945 1716 4001 Mose
1768 3961 1898 4000 con-

319 4043 581 4112 scriptum
605 4049 720 4097 est:
748 4058 766 4092 ι
795 4040 861 4094 Ει
883 4039 1088 4095 factum
1114 4048 1196 4096 est
1219 4054 1443 4109 vespere
1461 4081 1475 4104 ,
1508 4047 1561 4093 et
1588 4036 1788 4092 factum
1815 4044 1900 4092 est

321 4149 481 4189 mane
510 4134 574 4187 ".
601 4153 618 4184 ι
658 4132 792 4198 Quis
812 4132 955 4187 enim
980 4132 1213 4201 ignorat,
1244 4144 1365 4185 cum
1390 4144 1479 4185 res
1512 4136 1806 4198 procreatae
1827 4128 1899 4183 ita

323 4226 508 4286 divisae
521 4225 650 4289 sint,
683 4234 742 4278 ut
764 4223 885 4278 aliae
905 4230 1103 4289 mente,
1127 4223 1245 4277 aliae
1271 4222 1523 4279 sensibus
1545 4220 1901 4291 comprehen-

1969 390 2122 447 εἴπεν
2145 396 2172 447 6
2199 392 2350 455 Θεός’
2375 391 2664 462 Γενηθήτω
2690 390 2825 458 φῶς·
2856 410 2875 441 ι
2900 389 3057 443 τοῦτο
3077 388 3163 442 διὰ
3186 388 3292 443 τῶν
3318 390 3542 461 εἰρημέο

1970 504 2110 552 νων,
2143 485 2219 548 ὡς
2250 480 2426 555 οἶμαι,
2466 482 2637 546 διδοὺς
2659 521 2672 546 ,
2710 483 2792 534 ὅτι
2827 481 2969 551 θεῖος
3005 480 3160 548 λόγος
3202 480 3319 532 ἐστὶ
3346 479 3406 532 τὸ
3447 475 3539 532 τοῦ

1970 578 2147 648 φωτὸς
2199 577 2358 648 ἔργον
2411 576 2592 628 πᾶσαν
2650 574 2859 626 ἔννοιαν
2915 570 3124 642 παριὼν
3171 568 3539 639 ἀνθρωπίνην.

1980 669 2174 737 Ἡμεῖς
2212 665 2310 737 μὲν
2350 664 2459 736 γὰρ
2492 664 2628 734 πρὸς
2661 663 2820 732 μόνον
2844 660 2905 712 τὸ
2937 660 3218 730 γινόμενον
3250 656 3539 726 βλέπομεν,

1971 761 2064 815 καὶ
2092 762 2157 831 τῇ
2198 758 2447 828 αἰσθήσει
2485 756 2546 809 τὸ
2576 754 2761 826 θαῦμα
2791 752 3078 824 δεχόμεθα.
3112 750 3223 805 Ποῦ
3256 751 3312 803 δὲ
3344 749 3404 803 τὸ
3432 747 3543 819 πῦρ

1970 849 2320 920 διαιτώμενον
2343 847 2406 902 ἁθ
2417 848 2553 918 ρόως
2575 847 2935 914 ἀπογεννᾶται
2960 860 2973 873 ·
3008 844 3056 896 εί
3078 844 3143 896 ἐκ
3167 843 3267 911 τῆς
3292 857 3354 892 συ
3363 838 3545 909 μπτώ-

1973 960 2112 1006 σεως
2138 941 2245 995 τῶν
2271 941 2518 1012 ψηφίδων
2557 937 2995 1007 ἀναπαλλόμενον
3038 973 3056 1002 ,
3086 936 3150 987 έκ
3189 932 3378 984 τίνων·
3413 929 3447 1000 ἢ
3483 932 3544 982 ὲκ

1971 1035 2114 1099 τίνος
2144 1033 2309 1104 ἄλλης
2339 1031 2474 1104 πρὸς
2504 1030 2703 1097 ἑαυτὴν
2739 1027 3047 1097 τριὸείσηςο
3084 1023 3178 1075 καὶ
3204 1021 3287 1087 τίς
3322 1021 3354 1091 ή
3385 1018 3546 1072 δύνα-
3603 1050 3614 1065 ι.

1976 1142 2087 1195 μις,
2124 1124 2157 1192 ἡ
2188 1123 2248 1175 τὸ
2275 1122 2373 1192 μὲν
2406 1119 2763 1191 περιδραχθὲν
2788 1117 2877 1168 ὑπ’
2909 1112 3072 1166 αὐτοῦ
3103 1109 3425 1171 διεσθίουσα,
3455 1108 3545 1159 τὸν

1972 1218 2029 1270 δὲ
2057 1216 2196 1289 ἀέρα
2217 1218 2283 1287 τῇ
2308 1213 2464 1283 φλογὶ
2488 1207 2929 1277 καταυγάζουσα,
2954 1205 3076 1259 οὔτε
3100 1204 3223 1257 ίδεῖν
3246 1201 3544 1271 δυνάμεθα,

1973 1307 2096 1361 οὔτε
2131 1307 2338 1360 ἔννοιάν
2374 1322 2496 1359 τινα
2536 1302 2664 1372 περὶ
2688 1299 2878 1353 τούτου
2918 1295 3133 1350 λαϐεῖν’
3164 1293 3277 1347 ἀλλ’
3305 1296 3362 1345 ὲν
3401 1290 3546 1361 μόνῳ

1973 1400 2051 1471 τῷ
2089 1398 2207 1470 Θεῷ
2237 1398 2330 1452 τὸν
2364 1396 2521 1464 λόγον
2562 1393 2661 1464 τῆς
2698 1388 3000 1461 παραδόξου
3026 1384 3231 1456 ταύτης
3274 1382 3548 1453 θαυματο-

1976 1494 2157 1556 ποιίας
2199 1487 2519 1545 ἀποκεῖσθαί
2564 1502 2772 1556 φαμεν,
2818 1481 2896 1563 τῷ
2939 1481 3225 1550 ποιήσαντι
3268 1475 3412 1528 κατὰ
3456 1474 3548 1525 τὸν

1977 1586 2213 1658 ἄρρητον
2248 1583 2349 1653 τῆς
2387 1579 2668 1650 δυνάμεως
2708 1576 2899 1642 λόγον,
2937 1569 3260 1641 γεννηθῆναι
3293 1565 3369 1636 τῷ
3417 1563 3552 1631 πυρὶ

1976 1680 2037 1733 τὸ
2063 1678 2197 1749 φῶς.
2236 1673 2433 1738 Καθὼς
2455 1674 2483 1726 6
2518 1670 2754 1740 Μωῦσῆς
2776 1670 2833 1721 ἐν
2854 1666 2931 1737 τῷ
2963 1665 3074 1735 ἰδίῳ
3101 1662 3246 1732 λόγῳ
3278 1658 3552 1731 μαρτύρε-

1976 1790 2098 1835 ται,
2128 1772 2209 1824 ότι
2254 1789 2271 1821 ι
2313 1767 2424 1822 Καὶ
2464 1762 2615 1819 εἶπεν
2659 1763 2688 1815 ό
2732 1761 2894 1824 Θεὸς,
2940 1756 3228 1827 Γενηθήτω
3263 1752 3412 1823 φῶς,
3457 1751 3551 1804 καὶ

1978 1866 2194 1934 ἐγένετο
2237 1861 2367 1930 φῶς
2419 1857 2512 1911 καὶ
2554 1852 2691 1909 εἶδεν
2723 1857 2752 1907 6
2777 1852 2909 1916 Θεὸς
2941 1851 3001 1903 τὸ
3034 1849 3149 1918 φῶς
3182 1847 3264 1900 ὅτι
3295 1843 3480 1898 καλόν.
3525 1861 3546 1893 ι

1979 1958 2156 2014 Μόνον
2196 1956 2305 2025 γὰρ
2330 1953 2402 2016 ὡς
2443 1948 2658 2020 ἀληθῶς
2702 1943 2837 1999 Θεοῦ
2882 1943 2942 1996 τὸ
2985 1941 3142 2005 ἰδεῖν,
3180 1939 3326 1999 ὅπως
3356 1935 3423 1989 ἂν
3460 1934 3554 2001 γέ-

1980 2067 2123 2104 νοιτο
2148 2049 2208 2102 τὸ
2239 2047 2382 2101 οὕτω
2412 2042 2575 2097 καλόν
2596 2059 2609 2072 θ
2633 2042 2666 2110 ή
2690 2039 2744 2091 δὲ
2766 2038 2863 2106 τῆς
2887 2032 3160 2105 ἡμετέρας
3182 2028 3393 2120 φύσεως
3417 2042 3555 2120 πτω-

1981 2142 2122 2214 χεία,
2161 2138 2223 2191 τὸ
2256 2136 2354 2207 μὲν
2379 2133 2659 2204 γινόμενον
2702 2127 2918 2199 βλέπει,
2951 2123 3040 2176 τὸν
3082 2121 3139 2175 δὲ
3175 2118 3296 2173 καθ’
3325 2114 3555 2183 ὂν’γίνε-

1980 2206 2070 2288 ται
2106 2206 2286 2301 λόγον,
2325 2226 2446 2281 οὔτε
2485 2224 2631 2287 ἰδεῖν,
2670 2219 2794 2273 οὔτε
2828 2217 3107 2269 ἐπαινέσαι
3145 2208 3382 2271 δυνατῶς
3418 2206 3551 2275 ἔχει.

1983 2324 2104 2377 Τῶν
2128 2296 2236 2390 γάρ
2262 2314 2698 2387 γνωριζομένων,
2729 2308 2848 2378 οὐχὶ
2874 2306 2984 2359 τῶν
3009 2300 3385 2373 ἀγνοουμένων
3410 2296 3558 2349 ἐστὶν

1983 2419 2011 2469 ὁ
2041 2388 2278 2474 ἔπαινος.
2316 2429 2334 2461 ι
2371 2404 2522 2461 Εἷδεν
2559 2423 2577 2456 ι
2610 2399 2724 2466 οὖν,
2761 2400 2945 2470 φησίν,
2983 2416 3002 2449 ι
3038 2398 3066 2448 6
3096 2394 3227 2455 Θεὸς
3256 2392 3317 2444 τὸ
3343 2389 3455 2458 φῶς
3476 2388 3560 2440 ὅτι

1985 2505 2171 2568 καλὸν,
2203 2502 2299 2555 7.).
2338 2497 2651 2567 διεχώρισεν
2676 2494 2704 2545 6
2736 2493 2866 2552 Θεὸς
2914 2489 3017 2543 ἀνά
3052 2485 3213 2557 μέσον
3255 2481 3347 2535 τοῦ
3383 2477 3561 2549 φωτὸς

1987 2597 2080 2651 καί
2105 2593 2209 2649 ἀνά
2247 2592 2408 2662 μέσον
2441 2586 2534 2641 τοῦ
2573 2584 2816 2644 σκότους.
2860 2600 2878 2634 ι
2931 2577 3098 2632 Πάλιν
3148 2574 3209 2626 τὸ
3248 2569 3559 2662 ἀναγκαίως

1987 2687 2127 2743 κατά
2164 2660 2263 2756 τὴν
2300 2678 2621 2736 ἀκολουθίαν
2658 2676 2757 2745 τῆς
2795 2671 3009 2741 φύσεως
3037 2669 3094 2722 ὲν
3125 2664 3277 2730 τάξει
3317 2663 3420 2716 τινι
3467 2660 3564 2713 καὶ

1987 2754 2231 2851 ἁρμονία
2270 2773 2577 2845 γινόμενον,
2625 2770 2703 2832 εἰς
2749 2765 2900 2818 θείαν
2948 2761 3223 2832 ἐνέργειαν
3261 2758 3290 2810 6
3324 2754 3565 2851 Μωῡσῆς

1986 2842 2211 2940 ἀνάγειί
2259 2842 2558 2927 διδάσκων,
2612 2855 2800 2928 οἶμαι,
2842 2853 2930 2908 διά
2973 2851 3082 2905 τῶν
3117 2846 3455 2940 εἰρημένων,
3482 2842 3565 2940 Δτὸ

1990 2964 2167 3017 πάντα
2197 2953 2730 3031 προκατανενοῆσθαι
2752 2953 2818 3021 τῇ
2853 2946 2947 3001 τοῦ
2986 2943 3121 2998 Θεοῦ
3157 2940 3315 3010 σοφίᾳ
3339 2980 3353 3005 ,
3381 2936 3452 2990 τὰ
3477 2936 3568 2991 διά

1987 3071 2131 3117 τινος
2160 3028 2461 3120 ἀναγκαίας
2494 3045 2700 3109 τάξεως
2734 3039 2877 3094 κατά
2910 3038 2971 3090 τὸ
2997 3033 3288 3089 ἀκόλουθον
3331 3028 3568 3098 ἐκϐησό-

1990 3160 2146 3215 μενα.
2189 3141 2300 3211 Τῆς
2356 3137 2465 3207 γὰρ
2512 3132 2842 3204 φωτιστικῆς
2893 3129 3081 3189 οὐσίας
3128 3125 3229 3195 τῆς
3277 3122 3355 3193 τῷ
3403 3120 3569 3173 παντὶ

1988 3211 2477 3301 κατεσπαρμένης,
2537 3224 2669 3293 πρὸς
2721 3221 2783 3275 τὸ
2826 3217 3082 3287 συγγενὲς
3130 3211 3567 3285 συνδραμούσης,

1988 3327 2082 3382 καὶ
2110 3325 2291 3393 πάσης
2322 3320 2452 3392 περὶ
2485 3317 2680 3383 ἑαυτὴν
2713 3310 3120 3384 ἀθροισθείσης,
3148 3304 3459 3375 ἀναγκαίως
3497 3303 3572 3356 τὰ

1990 3413 2464 3487 ὲπιπροσθούμενα
2495 3411 2562 3480 τῇ
2613 3407 2772 3476 λοιπῇ
2825 3403 2933 3457 τῶν
2973 3399 3249 3470 στοιχείων
3295 3396 3395 3468 ὕλῃ
3440 3413 3573 3449 κατ-

1991 3509 2292 3574 εσκιάζετο,
2319 3507 2413 3559 καὶ
2440 3503 2500 3556 τὸ
2518 3498 2892 3568 ἀποσκίασμα,
2918 3495 3105 3558 σκότος
3132 3488 3217 3563 ἦν.
3251 3488 3422 3543 Τοῦτο
3455 3487 3536 3540 τοί
3554 3518 3571 3528 -

1992 3620 2085 3658 νυν
2118 3602 2180 3656 τὸ
2208 3594 2514 3657 ἀκολούθως
2553 3591 2863 3661 γενόμενον,
2898 3587 2972 3649 ὼς
3023 3583 3089 3637 ἂν
3129 3583 3201 3652 μή
3249 3597 3333 3643 τις
3377 3578 3574 3646 ἀνάγοι

1994 3694 2128 3763 πρὸς
2157 3687 2461 3758 αὐτόματόν
2492 3702 2613 3738 τινα
2652 3677 2965 3748 συντυχίαν,
2992 3673 3128 3728 Θεοῦ
3157 3689 3321 3744 φησιν
3352 3669 3517 3741 ἔργον
3541 3669 3577 3721 6

1994 3784 2254 3853 Μωῦσῆς,
2283 3781 2375 3835 τοῦ
2416 3780 2511 3849 τὴν
2544 3777 2770 3846 δύναμιν
2796 3771 3002 3841 ταύτην
3036 3766 3428 3836 ὲναποθεμένου
3457 3766 3576 3826 τοῖς

1995 3877 2307 3948 γενομένοις
2327 3891 2340 3904 ’
2371 3871 2506 3925 ἀλλά
2537 3869 2642 3940 μὴν
2671 3867 2731 3921 τὸ
2758 3864 2936 3931 ὀξεῖἀν
2964 3880 3024 3916 τε
3057 3861 3152 3915 καὶ
3182 3856 3438 3929 ἀνωφερῆ
3478 3857 3579 3909 καὶ

1997 3967 2306 4036 ἀεικίνητον
2342 3962 2434 4016 τοῦ
2469 3960 2640 4030 πυρὸς
2676 3954 2814 4010 εῖναι
2846 3956 2963 4037 τὴν.
2988 3953 3169 4023 φύσιν,
3211 3952 3376 4004 παντὶ
3413 3948 3580 4017 δῆλον

1997 4065 2062 4116 ὲκ
2080 4060 2188 4114 τῶν
2211 4055 2549 4127 φαινομένων
2579 4052 2723 4105 ἐστίν
2741 4069 2755 4082 ι
2785 4049 2820 4103 ἃ
2849 4049 2902 4100 δὲ
2929 4046 3020 4101 διὰ
3042 4046 3140 4114 τῆς
3168 4043 3343 4114 ἀρχῆς
3369 4041 3581 4110 ταύτης

1999 4158 2064 4209 ὲκ
2090 4152 2181 4208 τοῦ
2210 4148 2503 4205 ἀκολούθου
2529 4147 2667 4199 νοεῖν
2696 4139 3010 4195 ὑποτίθεται
3031 4140 3059 4190 6
3079 4136 3254 4204 λόγος,
3285 4136 3584 4204 ἱστορικῶς

2001 4246 2152 4319 παρά
2180 4242 2272 4298 τοῦ
2309 4238 2581 4300 Μωῦσέως
2622 4239 2678 4289 ἐν
2715 4234 3047 4304 διηγήματος
3077 4227 3206 4281 εῖδει
3240 4227 3586 4295 συγκαταγέ-

325 4316 542 4378 dantur,
573 4329 734 4369 omne
772 4314 1101 4385 legislatoris
1145 4314 1386 4369 studium
1431 4329 1577 4369 nunc
1608 4328 1674 4369 eo
1705 4313 1843 4383 dirig

2089 4313 2260 4399 ιπται,
2275 4336 2355 4399 τὸ,
2370 4330 2507 4385 «Καὶ
2535 4327 2748 4397 ἐγένετο
2766 4323 2897 4378 έσπέ
2907 4340 2994 4393 ρα,
3013 4323 3107 4375 καὶ
3130 4320 3348 4388 ἐγένετο
3371 4319 3541 4388 πρωΐ.
3560 4338 3579 4368 ι

323 4422 434 4464 non
463 4419 519 4461 ut
547 4421 642 4461 eas
684 4420 805 4474 qua:
857 4414 1037 4460 mente
1072 4414 1233 4474 atque
1282 4405 1465 4459 animo
1499 4403 1891 4474 percipiuntur,

323 4508 575 4569 exponat,
616 4496 711 4553 sed
749 4508 805 4552 ut
836 4498 901 4551 iis
930 4512 1049 4566 qua:
1080 4506 1382 4552 cernuntur
1415 4512 1594 4552 rerum
1636 4498 1893 4553 sensibus

325 4589 682 4646 obnoxiarum
709 4594 960 4642 ornatum
977 4595 1031 4644 et
1054 4587 1466 4658 dispositionem
1500 4587 1789 4643 ostendat?

394 4799 531 4857 Cum
562 4799 727 4870 igitur
765 4798 927 4869 ignis,
975 4799 1065 4869 qui
1095 4809 1290 4854 natura
1333 4815 1432 4855 sua
1463 4802 1745 4856 celerrime
1776 4816 1898 4857 sur-

325 4907 448 4949 sum
496 4890 686 4957 tendit,
742 4898 999 4959 tanquam
1054 4892 1252 4961 sagitta
1306 4893 1375 4947 ab
1437 4907 1565 4947 arcu
1596 4894 1794 4950 emissa
1835 4896 1903 4951 ab

328 4985 449 5040 aliis
495 4983 779 5039 elementis
821 4982 1183 5051 progrediens
1229 4999 1295 5037 ex
1331 4984 1688 5040 universitate
1720 5002 1902 5043 rerum

326 5081 454 5129 ante
477 5073 826 5137 exsilivisset,
847 5080 901 5127 et
918 5086 1080 5142 quam
1113 5072 1341 5142 cogitari
1368 5074 1539 5143 possit
1595 5076 1905 5142 celerrime,

327 5173 552 5219 czeteras
585 5165 770 5220 sensui
804 5163 988 5219 amnes
1013 5177 1101 5218 res
1125 5164 1535 5243 pertransisset,
1562 5181 1661 5221 nec
1698 5176 1905 5224 motum

328 5262 537 5311 rectum
591 5255 806 5328 longius
848 5257 1053 5311 valeret
1099 5255 1420 5324 producere,
1457 5257 1603 5327 quod
1671 5275 1759 5314 res
1800 5261 1905 5316 illte

329 5360 449 5416 qua:
478 5355 658 5400 mente
719 5347 892 5401 solum
941 5347 1333 5417 percipiuntur,
1390 5349 1543 5404 nullo
1592 5359 1750 5420 pacto
1778 5368 1901 5407 cum

330 5437 474 5502 istis,
501 5451 620 5507 quae
656 5436 909 5493 sensibus
958 5445 1086 5494 sunt
1115 5439 1392 5509 expositae,
1421 5441 1599 5510 qualis
1623 5451 1708 5496 est
1739 5443 1903 5500 etiam

324 5719 346 5731 .
404 5638 451 5674 ιι
489 5637 626 5694 σευ.
690 5655 727 5706 ι,
780 5641 834 5708 5,
872 5639 924 5696 4.
1014 5642 1058 5674 ιι
1094 5638 1231 5696 ibid.
1276 5644 1328 5697 ι.
1411 5644 1453 5675 ιι
1494 5643 1631 5701 lbid.
1673 5643 1727 5694 8-

1992 4407 2098 4493 ’Ἰζίς
2116 4427 2225 4497 γὰρ
2238 4426 2338 4479 οὐκ
2354 4416 2494 4476 οἶδεν
2514 4420 2595 4471 ὅτι
2609 4415 2733 4485 διχῆ
2743 4415 2838 4485 τῆς
2854 4412 3081 4472 κτίσεως
3096 4408 3410 4479 νοουμένης,
3426 4407 3507 4470 εἰς
3521 4423 3587 4459 τε

1999 4521 2060 4575 τὸ
2075 4518 2263 4590 νοητὸν
2283 4515 2376 4569 καὶ
2392 4510 2703 4580 αἱσθητὸν,ή
2723 4508 2872 4560 πᾶσα
2895 4502 3190 4575 σπουδὴτῷ
3207 4501 3474 4571 νομοθέτῃ
3486 4500 3589 4554 νῦν

2001 4613 2169 4674 ἐστιν,
2186 4609 2247 4661 οὑ
2262 4606 2333 4659 τὰ
2347 4603 2511 4674 νοητά
2528 4597 2916 4671 ἐξηγήσασθαι,
2933 4596 3067 4650 ἀλλά
3082 4594 3358 4658 ὑποδεῖξαι
3371 4592 3459 4646 διὰ
3472 4593 3589 4646 τῶν

1892 4690 1905 4697 ’
2004 4698 2343 4770 φαινομένων
2367 4696 2496 4765 ήμῖν
2515 4693 2613 4765 τὴν
2638 4693 2695 4744 ὲν
2720 4692 2833 4753 τοῖς
2867 4687 3144 4758 αἰσθητοῖς
3182 4685 3544 4753 διακόσμησιν
3568 4701 3586 4749 ς

2089 4805 2243 4860 Ἐπεὶ
2280 4799 2373 4856 οὖν
2424 4801 2485 4855 τὸ
2543 4801 2654 4872 πῦρ
2701 4799 2835 4871 όμοῦ
2894 4798 2957 4851 τὸ
3016 4797 3275 4866 συστῆναι
3333 4794 3395 4847 τὸ
3446 4795 3589 4858 πᾶν,

2006 4899 2116 4955 τῶν
2148 4895 2454 4968 ἑτεροφυῶν
2486 4894 2765 4965 στοιχείων
2822 4889 3163 4955 ἑκτοξευθὲν,
3215 4887 3465 4957 καθάπερ
3530 4904 3594 4939 τι

2009 4992 2185 5063 βέλος,
2247 4992 2305 5042 ἐν
2376 4988 2454 5058 τῷ
2531 4987 2805 5058 ἀνωφερεῖ
2864 4985 2959 5038 καὶ
3037 4982 3224 5053 κούφῳ
3279 4981 3378 5049 τῆς
3440 4979 3594 5033 κατὰ

2009 5083 2170 5155 φύσιν
2222 5081 2489 5150 κινήσεως
2531 5077 2626 5130 τοῦ
2679 5075 2878 5137 παντὸς
2925 5072 3287 5144 πῳεξήλατο·
3339 5069 3433 5123 καὶ
3485 5071 3599 5140 ἴσῳ

2008 5172 2241 5242 νοήματι
2266 5167 2364 5237 τὴν
2402 5164 2664 5235 αἰσθητὴν
2693 5163 2882 5216 οὐσίαν
2907 5161 3243 5231 διαπερᾶσαν
3265 5199 3281 5224 ,
3312 5159 3414 5211 οὐκ
3458 5158 3597 5228 ἔσχε

2011 5263 2382 5334 προσαγαγεῖν
2426 5259 2513 5311 ἐπ’
2561 5255 2774 5319 εὐθείας
2824 5255 2922 5326 τὴν
2968 5253 3200 5323 κίνησιν,
3239 5251 3338 5320 τῆς
3387 5253 3601 5321 νοητῆς

2011 5353 2241 5416 κτίσεως
2272 5351 2650 5421 ἀκοινωνήτως
2695 5348 2830 5416 πρὸς
2870 5347 2968 5416 τὴν
3004 5345 3111 5398 τῶν
3156 5342 3428 5412 αἰσθητῶν
3461 5344 3597 5398 ἑπι-

2016 5445 2198 5517 μιξίαν
2242 5443 2503 5515 ἐχούσης,
2536 5442 2795 5513 αίσθητὸν
2836 5440 2890 5493 δὲ
2928 5440 2987 5493 τὸ
3020 5438 3159 5509 πῦρ·
3200 5437 3393 5490 τούτου
3427 5437 3604 5508 χάριν
