3768 6000
173 164 243 222 τι

1367 160 1431 215 ΙΝ
1464 158 1938 217 HEXAEMERON

1999 157 2222 211 LlBl-IR.
3298 178 3303 183 λ
3352 153 3419 211 78

176 289 235 341 ἐν
258 286 377 348 τοῖς
404 284 596 354 ἄκροις
629 283 731 353 τῆς
770 283 997 345 κτίσεως
1035 281 1179 354 ὅροις
1209 283 1267 334 τό
1296 280 1406 353 πῦρ
1436 282 1735 351 γενόμενον,

1999 278 2377 345 ,commisceri
2423 287 2623 348 queant
2666 295 2677 330 :
2733 291 3000 333 summam
3036 276 3221 332 mundi
3251 277 3424 348 τελείο-
3520 310 3535 319 κ

176 375 490 445 evanuit»;
511 374 795 445 κυκλοειδῆ
831 376 1063 428 ποιεῖται
1091 373 1192 443 τὴν
1219 372 1458 443 κίνησιν,
1485 374 1620 442 πρὸς
1652 373 1750 442 μὲν

176 468 235 521 τὸ
256 470 369 521 πᾶν
393 466 658 537 φέρεσθαι
695 465 802 518 ὑπὸ
831 465 930 536 τῆς
957 463 1283 534 ἐγκειμένης
1303 467 1369 533 τῇ
1398 463 1557 533 φύσει
1595 463 1748 516 δυνά-

179 575 326 628 μεως
373 555 862 619 συνελαυνόμενον,
903 555 1004 625 τῆς
1048 554 1106 607 δὲ
1156 555 1275 607 κατ’
1330 554 1544 617 εὐθείας
1583 555 1752 625 φορᾶς

174 648 361 720 χώραν
389 648 492 700 οὑκ
538 647 804 716 ἐχούσης
851 647 1000 699 πᾶσα
1037 643 1146 715 γὰρ
1191 646 1228 715 ἡ
1275 643 1504 715 αἰσθητὴ
1555 645 1751 710 κτίσις,

180 740 328 802 ἰδίοις
362 739 512 809 ὅροις
537 736 858 807 περιέχεται
877 752 891 765 ·
921 735 1000 805 τῷ
1028 735 1183 806 ἄκρῳ
1210 734 1406 805 πέρατι
1438 734 1540 804 τῆς
1564 733 1756 803 αἰσθη-

174 834 274 901 τῆς
316 831 536 898 φύσεως
572 827 891 889 ἐνδιοδεύει,
921 828 980 880 ἐν
1016 822 1100 890 οἷς
1134 825 1760 898 εὑοδοῦταικινοὺμενον,

175 926 276 994 τῆς
307 923 507 993 νοητῆς
544 921 787 989 φύσεως,
835 917 1017 982 καθὼς
1052 917 1353 987 φθάσαντες
1389 918 1649 987 εἴπομεν,
1693 919 1755 971 οὑ

180 1012 632 1084 παραδεχομένης
684 1012 745 1064 ἐν
790 1010 956 1080 ἑαυτῇ
1008 1007 1102 1062 τοῦ
1162 1008 1332 1079 πυρὸς
1392 1006 1483 1061 τὸν
1538 1007 1755 1078 δρόμον.

178 1105 278 1157 Διά
355 1103 514 1156 τοῦτο
574 1103 607 1154 6
675 1099 920 1169 Μωῦσῆς
989 1096 1432 1168 ἐπακολουθήσας
1509 1097 1596 1151 διὰ
1662 1098 1759 1166 τῆς

177 1195 422 1257 διανοίας
472 1195 540 1263 τῇ
595 1190 690 1244 τοῦ
747 1190 916 1261 πυρὸς
971 1190 1217 1260 κινήσει,
1281 1188 1355 1260 μὴ
1420 1191 1531 1251 τοῖς
1579 1189 1762 1252 αὑτοῖς

184 1286 409 1355 μέρεσιν
454 1281 922 1355 ἐπιμεμενηκέναι
973 1282 1105 1351 φησὶ
1160 1280 1221 1334 τὸ
1282 1281 1570 1350 γενόμενον
1615 1280 1758 1348 φῶς,

182 1377 300 1429 ἀλλ’
334 1374 794 1445 ἐκπεριεχόμενον
820 1373 915 1442 τὴν
948 1372 1260 1443 παχυτέραν
1286 1372 1393 1425 τῶν
1424 1371 1592 1424 ὄντων
1635 1372 1763 1426 ὑπό-

186 1485 377 1521 στασιν
402 1509 417 1530 ,
458 1468 516 1519 ἐν
557 1464 637 1534 τῷ
687 1463 903 1535 σφοδρῷ
936 1464 1034 1533 τῆς
1081 1465 1343 1533 κινήσεως
1386 1463 1764 1533 ἀντιμετάγειν

183 1559 272 1613 διὰ
296 1559 401 1626 τῆς
432 1555 707 1627 περιόδου.
737 1556 850 1615 τοῖς
882 1570 941 1606 τε
974 1554 1301 1621 ἀφωτίστοις
1332 1554 1390 1607 τὸ
1421 1553 1643 1622 φέγγος,
1672 1552 1765 1606 καὶ

181 1655 297 1713 tot;
352 1647 791 1717 πεφωτισμένοις
836 1645 923 1699 τὸν
970 1644 1152 1713 ζόφον.
1206 1644 1364 1708 Ἴσως
1412 1646 1470 1699 δὲ
1515 1646 1766 1714 κατὰ,τά

186 1741 419 1812 χρονικὰ
447 1740 794 1808 διαστήματα
819 1737 919 1806 τῆς
944 1736 1198 1808 τοιαύτης
1229 1737 1479 1808 διαδοχῆς
1513 1740 1639 1806 περὶ
1671 1739 1769 1809 τὴν

189 1835 343 1888 κάτω
396 1830 585 1902 χώραν
630 1829 954 1905 γινομένης,
993 1827 1084 1883 τοῦ
1122 1828 1301 1898 φωτός
1351 1845 1491 1898 φημι
1535 1829 1629 1882 καὶ⁵
1674 1828 1766 1882 τοῦ

191 1927 451 1987 σκότους·
499 1923 661 1977 πάλιν
699 1921 777 1992 τῷ
813 1920 932 1991 Θεῷ
970 1921 1068 1992 τὴν
1111 1920 1527 1991 όνοματοποιίαν
1558 1920 1770 1990 ἡμέρας

188 2034 251 2070 τε
277 2021 371 2070 καὶ
400 2014 595 2077 νυκτὸς
622 2015 653 2067 6
681 2013 921 2081 Μωῦσῆς
952 2012 1285 2083 ἀνατίθησιν,
1317 2012 1465 2066 οὐδὲν
1495 2012 1601 2065 τῶν
1631 2011 1771 2065 κατὰ

194 2107 256 2161 τὸ
287 2106 584 2159 ἀκόλουθον
618 2104 1000 2173 γεγενημένων
1026 2102 1363 2173 αὐτομάτως,
1392 2103 1424 2172 ἢ
1457 2102 1549 2170 ἀφ’
1586 2101 1769 2172 ἐτέρου

194 2198 340 2260 τινὸς
378 2195 675 2266 ἐσχηκέναι
714 2195 815 2265 τὴν
853 2193 1027 2264 ἀρχὴν
1060 2195 1259 2247 ἐννοεῖν
1302 2192 1632 2262 ἐπιτρέπων.
1676 2191 1772 2245 Διὰ

192 2288 357 2342 τοῦτο
395 2287 561 2357 φησίν
587 2303 601 2316 ·
653 2304 673 2335 ι
721 2286 781 2338 Ὀ
822 2285 952 2347 Θεὸς
995 2283 1221 2338 ἐκάλεσε
1264 2284 1325 2337 τὸ
1369 2282 1484 2352 φῶς
1526 2282 1772 2353 ἡμέραν,

193 2381 290 2433 καὶ
319 2380 382 2430 τὸ
416 2377 607 2440 σκότος
660 2380 890 2435 ἐκάλεσε
927 2375 1146 2428 νύκτα.»
1177 2375 1289 2445 Τῆς
1312 2375 1419 2444 γὰρ
1444 2375 1776 2443 φωτιστικῆς

194 2469 485 2539 δυνάμεως
512 2468 775 2538 ἀτρεμεῖν
803 2466 867 2519 ἐκ
891 2464 1105 2533 φύσεως
1136 2463 1503 2534 ἀδυνατούσης
1525 2503 1539 2526 ,
1566 2464 1655 2516 ὅτε
1697 2462 1776 2533 τῷ

194 2560 307 2613 ἄνω
334 2558 497 2629 μέρει
522 2556 617 2610 τοῦ
654 2555 854 2608 κύκλου
880 2555 1121 2624 διεξῆλθε
1162 2554 1223 2608 τὸ
1258 2554 1459 2623 φέγγος
1477 2594 1492 2618 ,
1522 2555 1615 2608 καὶ
1642 2553 1778 2625 πρὸς

194 2649 257 2702 τὸ
289 2647 653 2717 ὑποκείμενον
684 2641 752 2715 ἦν
787 2646 819 2716 ἡ
848 2645 1008 2717 φορὰ,
1038 2645 1096 2711 ἐξ
1129 2645 1372 2714 ἀνάγκης
1395 2648 1460 2717 τῇ
1500 2645 1777 2716 ὑποδρομῇ

195 2740 292 2794 τοῦ
319 2740 495 2810 πυρὸς
526 2739 589 2792 τὸ
622 2737 1017 2809 ὑπερκείμενον
1054 2736 1395 2806 ἀπεσκιάσθη
1419 2775 1434 2799 ,
1476 2736 1578 2806 τῆς
1603 2754 1779 2807 παχυ-

194 2830 392 2899 τέρας,
424 2828 500 2890 ὡς
537 2825 708 2891 εἰκὸς,
741 2824 955 2893 φύσεως
974 2825 1073 2895 τὴν
1109 2824 1283 2894 αὐγὴν
1325 2825 1778 2897 ἐπιπροσθούσης.

1852 387 1973 426 nem
2012 371 2262 426 obtinens
2295 371 2351 424 in
2399 369 2587 424 orbem
2614 369 2926 424 necessario
2954 377 3158 421 motum
3183 368 3309 437 egit.
3341 367 3424 422 Ab

1853 464 2016 520 insita
2055 464 2200 518 enim
2231 463 2280 517 vi
2313 462 2550 517 naturali
2589 477 2711 515 cum
2765 460 3022 515 universo
3056 460 3258 515 mundo
3297 461 3421 515 ferri

1854 555 2220 625 compellitur,
2253 554 2434 608 locum
2486 561 2669 608 autem
2693 567 2787 622 per
2810 567 2974 620 quem
3011 559 3157 606 recta
3185 550 3425 605 motione

1856 647 2081 711 feratur,
2107 660 2217 700 non
2245 644 2428 711 habet,
2462 644 2606 714 quod
2635 654 2689 698 et
2729 659 2818 698 res
2866 643 3120 698 sensibus
3169 645 3430 712 expositae

1856 737 1973 792 suis
1995 750 2225 806 qumque
2249 733 2446 791 ﬁnibus
2477 734 2841 798 continentur,
2876 744 2929 787 et
2954 749 3074 803 quae
3103 734 3286 787 animo
3312 743 3430 788 tan—

1857 833 1972 881 tum
1999 824 2554 895 comprehenduntur,
2587 824 2726 894 ignis
2764 838 3008 887 cursum,
3039 834 3095 878 ut
3141 831 3267 878 ante
3293 824 3431 878 dixi-

1859 932 2004 981 mus,
2043 930 2152 970 non
2182 915 2509 985 suscipiunt,
2534 917 2736 970 idcirco
2782 917 2837 969 in
2874 929 3126 984 suprema
3157 915 3306 968 orbis
3344 930 3433 968 re.

1860 1007 2021 1078 gione
2065 1021 2325 1077 prospere
2362 1007 2565 1078 degens
2604 1007 3062 1061 circumvertitur.
3106 1006 3289 1075 Itaque
3316 1006 3430 1060 Mo-

1863 1114 1951 1155 ses
1979 1098 2119 1167 ignis
2147 1107 2351 1153 motum
2393 1099 2771 1164 considerans,
2810 1114 2918 1153 non
2983 1100 3061 1152 ait
3090 1099 3266 1154 lucem
3303 1114 3432 1169 pro-

1863 1199 2100 1246 creatam
2120 1191 2173 1245 in
2209 1174 2412 1248 eisdem
2441 1193 2684 1262 partibus
2711 1192 3098 1262 permansisse,
3134 1192 3229 1248 sed
3271 1191 3432 1246 velte-

1865 1286 2034 1339 menti
2070 1292 2219 1339 motu
2247 1284 2572 1340 crassiorem
2611 1300 2792 1340 rerum
2818 1285 3013 1339 molem
3044 1284 3356 1349 obeuntem,
3382 1292 3436 1339 et

1865 1376 2114 1431 obscuris
2134 1377 2380 1432 attulisse
2401 1377 2765 1448 splendorem.
2794 1386 2845 1431 et
2871 1375 3156 1431 illustratis
3181 1374 3436 1430 tenebras

1867 1466 2174 1535 reliquisse.
2240 1465 2351 1522 llac
2415 1476 2595 1522 autem
2656 1467 2792 1523 lucis
2828 1468 3282 1536 tenebrarumque
3320 1480 3440 1519 sue.

1868 1557 2117 1613 cessione
2134 1558 2307 1627 aequis
2337 1560 2599 1628 temporis
2634 1558 2937 1613 intervallis
2967 1559 3022 1612 in
3052 1558 3273 1627 regione
3298 1554 3437 1610 infe-

1868 1647 2005 1702 riori
2055 1657 2294 1717 peracta,
2349 1647 2546 1715 Moses,
2577 1658 2631 1703 ιιι
2678 1649 2811 1702 nihil
2845 1664 3051 1711 eorum,
3078 1663 3199 1718 quae
3250 1648 3440 1702 ordine

1870 1747 2160 1796 consecuta
2184 1747 2331 1804 sunt,
2366 1748 2459 1794 aut
2490 1741 2712 1796 fortuito
2737 1748 2829 1795 aut
2859 1741 2925 1793 ab
2955 1740 3060 1793 alia
3094 1754 3261 1794 causa
3290 1738 3442 1809 prin-

1870 1832 2075 1902 cipium
2100 1831 2357 1886 habuisse
2382 1830 2706 1896 declararet,
2731 1831 2837 1886 diei
2882 1831 3169 1900 noctisque
3195 1830 3443 1885 denomi-

1871 1925 2145 1980 nationem
2182 1924 2290 1979 Deo
2315 1924 2580 1988 tribuens,
2619 1942 2637 1975 ι
2676 1924 2998 1995 Appellavit,
3039 1924 3231 1993 inquit,
3267 1936 3444 1977 mecm

1871 2016 2039 2081 diem,
2068 2024 2118 2071 et
2146 2016 2400 2071 tenebras
2431 2023 2642 2070 noctem
2662 2016 2727 2069 ¹⁶.
2768 2034 2787 2067 ι
2826 2013 2960 2067 Nam
2985 2027 3107 2068 eum
3138 2013 3442 2069 illustrandi

1873 2108 1956 2163 vis
1988 2107 2305 2161 naturaliter
2361 2120 2467 2160 non
2524 2114 2708 2176 posset
2736 2105 3038 2175 quiescere,
3100 2112 3306 2157 ubrlux
3350 2119 3443 2172 per

1876 2214 2142 2253 summam
2178 2199 2367 2253 circuli
2421 2209 2628 2269 partem
2685 2196 2955 2252 transiens
3040 2194 3107 2249 ad
3163 2194 3444 2264 superiora

1876 2291 2138 2359 pervenit,
2168 2305 2395 2344 necesse
2439 2289 2554 2353 fuit,
2603 2297 2659 2342 ut
2687 2287 2942 2341 inferiora
2996 2285 3441 2345 obscurarentur.

1877 2380 2151 2436 crassiore
2179 2387 2394 2441 natura,
2432 2389 2488 2433 ut
2548 2376 2652 2448 par‘
2670 2385 2773 2442 est,
2832 2377 3172 2447 splendorem
3210 2390 3320 2431 non
3352 2375 3447 2428 ad-

1878 2471 2146 2525 mittente.
2187 2468 2332 2541 Ignis
2384 2471 2547 2539 igitur
2593 2471 2906 2525 abscessum
2951 2483 3231 2538 vesperam
3266 2470 3446 2523 nomi-
3502 2506 3511 2513 κ

1879 2562 2046 2615 navit.
2080 2562 2290 2617 Rursus
2313 2568 2490 2615 autem
2522 2574 2645 2614 cum
2671 2560 2809 2631 ignis
2841 2574 3155 2629 supremum
3182 2558 3447 2613 circulum

1881 2660 2240 2721 percurreret,
2275 2660 2328 2706 et
2394 2652 2768 2721 superioribus
2820 2652 3001 2705 lumen
3030 2649 3265 2714 all‘erret,
3320 2650 3448 2707 illud

1880 2743 2061 2813 ipsum
2082 2742 2284 2798 factum
2310 2742 2526 2798 vocavit
2546 2757 2726 2808 mane,
2760 2742 3145 2812 crepusculum
3175 2742 3253 2797 sic
3278 2742 3453 2811 appelo

1883 2833 2023 2887 laus.
2057 2830 2161 2886 Sed
2188 2830 2349 2900 paulo
2381 2831 2541 2886 altius
2591 2843 2896 2884 sermonem
2927 2832 3253 2896 repetamus,
3279 2838 3453 2883 nter-

197 2920 311 2988 Τὴν
340 2916 437 2973 οὖν
464 2917 561 2970 τοῦ
598 2915 773 2985 φωτὸς
801 2915 1146 2987 ὑποχώρησιν
1166 2953 1180 2978 ,
1211 2916 1447 2987 ἑσπέραν
1471 2916 1735 2987 ὠνόμασεε

1999 2923 2173 2978 ὶιίοηίε
2198 2923 2372 2977 allata:
2400 2937 2428 2975 a
2460 2921 2618 2976 nobis
2648 2920 2783 2976 ordo
2809 2936 2872 2975 ex
2899 2920 2964 2975 iis
2989 2934 3109 2990 quae
3133 2920 3365 2989 sparsim
3399 2921 3453 2975 in

196 3011 311 3063 Καὶ
343 3008 509 3061 πάλιν
538 3007 1027 3077 ἐκπεριδραμόντος
1051 3005 1144 3059 τοῦ
1172 3007 1339 3078 πυρὸς
1370 3007 1459 3060 τὸν
1492 3008 1782 3079 ὑποκείμε-

199 3116 292 3151 νον
324 3098 554 3160 κύκλον,
584 3096 815 3159 καὶτοῖς
845 3096 956 3150 ἄνω
984 3096 1081 3167 τὴν
1109 3098 1284 3167 αὐγὴν
1319 3099 1782 3167 ἐπαναγαγόντος,

200 3194 425 3263 πρωίαν
462 3191 525 3242 τὸ
561 3191 844 3259 γινόμενον
877 3191 1338 3262 προσηγόρευσεν,
1373 3190 1546 3255 οὕτως
1583 3192 1784 3264 ὀνομά-

201 3301 303 3348 σας
332 3268 442 3336 τὸν
462 3281 680 3353 δρθρον.
715 3282 916 3352 Μικρὸν
946 3282 1002 3335 δὲ
1024 3283 1113 3335 τὸν
1145 3282 1299 3351 λόγον
1334 3285 1784 3355 ἐπαναλάϐωμεν,

200 3378 280 3439 ὡς
304 3377 374 3430 ἂν
414 3376 508 3429 καὶ
532 3375 601 3427 τά
631 3374 941 3444 παραθέντα
966 3377 1065 3446 τῆς
1093 3374 1241 3438 θείας
1265 3375 1510 3447 Γραφῆς,
1536 3376 1672 3447 πρὸς
1697 3376 1787 3429 τὸν

202 3467 401 3536 εἱρμὸν
432 3469 533 3536 τῆς
561 3464 916 3534 ἀποδοθείσης
949 3464 1183 3535 θεωρίας
1211 3466 1345 3536 ἡμῖν
1379 3466 1783 3535 συνεργήσειεν.

203 3554 344 3611 Εἷπε
386 3556 499 3628 γάρ
528 3558 586 3609 ἐν
618 3555 854 3627 πρώτοις
883 3558 912 3610 6
948 3556 1045 3626 τῆς
1070 3556 1459 3625 κοσμογενείας
1499 3556 1676 3624 λόγος,
1706 3557 1789 3609 ὅτι

212 3668 230 3699 ι
282 3649 373 3700 Ἐν
418 3648 564 3717 ἀρχῇ
606 3646 862 3715 ἐποίησεν
907 3648 935 3698 6
976 3646 1109 3709 Θεὸς
1151 3646 1241 3700 τὸν
1279 3647 1507 3717 οὐρανὸν
1556 3648 1648 3701 καὶ
1691 3648 1788 3717 τὴν

207 3739 336 3809 γῆν.
351 3758 372 3791 ›
395 3738 569 3790 Τοῦτο
586 3737 645 3791 δὲ
667 3739 827 3806 ἡμεῖς
851 3736 1214 3807 ὑπελάϐομεν,
1237 3738 1319 3790 ὅτι
1346 3737 1540 3810 ἀθρόον
1560 3739 1656 3809 τῆς
1683 3738 1790 3792 τῶν

208 3828 382 3884 ὅντων
418 3828 729 3890 συστάσεως
756 3828 784 3880 6
813 3827 969 3895 λόγος
999 3827 1324 3898 παρίστησιν
1343 3870 1357 3891 ,
1386 3829 1451 3882 ἐκ
1506 3829 1599 3882 τοῦ
1636 3846 1785 3900 περιο

211 3921 431 3990 ἔχοντος
456 3920 551 3972 καὶ
584 3918 645 3971 τὺ
668 3918 820 3981 ἐντὸς
843 3917 1265 3989 ἐνδεικνύμενος,
1309 3920 1432 3983 Τοῖς
1464 3920 1571 3992 γὰρ
1603 3920 1791 3991 ἄκροις

211 4013 309 4065 καὶ
328 4010 403 4063 τὰ
437 4009 578 4079 μέσα
605 4009 820 4073 πάντως
843 4009 1250 4080 ἐμπεριέχεται.
1278 4009 1457 4081 ’Ἄκρα
1483 4010 1538 4063 δὲ
1561 4011 1634 4074 ὡς
1658 4011 1792 4082 πρὸς

213 4103 315 4173 τὴν
362 4100 712 4171 ἀνθρωπίνην
766 4098 1050 4171 αἴσθησιν,
1110 4088 1337 4172 οὐρανός
1389 4102 1504 4154 ἐστι
1558 4103 1651 4155 καὶ
1696 4105 1789 4172 γῆ.

214 4193 361 4245 Διότι
419 4190 629 4253 τούτοις
688 4189 1029 4260 ἑκατέρωθεν
1075 4191 1109 4260 ἡ
1161 4189 1270 4243 τῶν
1319 4190 1619 4262 ἀνθρώπων
1672 4191 1793 4260 ὄψις

1887 3022 2075 3070 saneta
2092 3012 2372 3083 Scriptura
2402 3013 2580 3083 posita
2611 3018 2762 3075 sunt,
2811 3011 3216 3082 comprobetur.
3253 3011 3454 3073 Verba.

1886 3124 2007 3179 quae
2039 3109 2229 3167 mundi
2262 3107 2543 3171 continent
2592 3106 2889 3177 opificium,
2928 3107 3007 3161 sic
3057 3106 3259 3163 habent
3293 3123 3308 3159 :
3341 3124 3359 3157 ι
3395 3104 3455 3161 ln

1887 3200 2157 3270 principio
2184 3198 2313 3255 fecit
2337 3198 2481 3254 Deus
2508 3199 2707 3253 ccelum
2738 3206 2794 3253 et
2826 3205 3047 3252 terram.
3078 3215 3097 3250 ι
3122 3196 3246 3252 Haec
3262 3212 3363 3254 nos
3383 3197 3459 3257 ita

1889 3307 2079 3348 sumus
2123 3291 2482 3361 interpretati,
2511 3298 2570 3343 ut
2612 3305 2792 3346 rerum
2842 3289 3085 3343 omnium
3139 3290 3461 3359 procreatio-

1892 3398 2012 3438 nem
2057 3383 2220 3440 simul
2256 3383 2427 3439 fuisse
2476 3384 2852 3447 constitutam,
2909 3397 2972 3437 ex
3022 3382 3087 3438 iis
3165 3381 3459 3453 signiﬁcari

1891 3473 2211 3529 dixerimus.
2280 3473 2355 3528 Ex
2413 3488 2479 3529 eo
2537 3473 2680 3528 enim
2764 3474 2909 3543 quod
3008 3474 3269 3538 continet,
3328 3475 3459 3531 illud

1890 3568 2053 3621 etiam
2115 3565 2351 3619 ostendit
2438 3564 2581 3633 quod
2658 3565 2999 3629 continetur;
3088 3579 3212 3618 nam
3279 3573 3462 3621 extre-

1890 3657 1994 3711 mis
2038 3656 2218 3711 media
2250 3653 2798 3724 comprehenduntur.
2832 3652 3083 3707 Extrema
3111 3668 3257 3718 vero,
3296 3670 3466 3723 quau-

1891 3759 2005 3801 tum
2082 3746 2301 3816 quidem
2375 3745 2441 3800 ad
2494 3760 2718 3802 sensum
2806 3744 3041 3815 pertinet
3122 3745 3461 3812 humanum,

1894 3847 2021 3893 sunt
2053 3840 2251 3894 coelum
2280 3847 2333 3893 et
2362 3847 2527 3893 terra.
2580 3837 2675 3893 His
2712 3839 2857 3893 enim
2894 3845 3147 3909 aspectus
3184 3826 3463 3895 hominum

1894 3931 2149 4007 utrinque
2173 3929 2663 3986 circumscribitur.
2701 3928 3170 3995 Quemadmodum
3194 3931 3338 3986 enim
3372 3933 3465 4002 qui

1893 4021 2050 4086 dixit,
2102 4022 2156 4075 in
2200 4037 2362 4075 manu
2408 4020 2529 4091 ejus
2564 4036 2686 4075 esse
2761 4020 2894 4076 ﬁnes
2948 4030 3105 4077 terra:
3161 4023 3230 4087 ¹⁷,
3290 4024 3468 4078 media

1894 4115 2055 4169 etiam
2106 4129 2225 4184 quae
2279 4113 2481 4167 ﬁnibus
2526 4112 2945 4176 concluduntur,
2994 4113 3259 4168 intellexit
3319 4133 3332 4167 :
3388 4115 3469 4170 sic

1896 4203 2072 4259 Moses
2152 4218 2248 4273 per
2315 4203 2689 4259 extremitates
2762 4204 3069 4257 universam
3124 4204 3272 4258 orbis
3302 4213 3469 4259 mate-

212 4283 480 4351 ὁρίζεται.
526 4281 737 4352 Ὠσπερ
775 4280 955 4334 τοίνυν
1000 4283 1028 4334 6
1076 4280 1245 4335 εἰπὼν
1292 4283 1373 4336 ὅτι
1424 4282 1513 4339 Ἑν
1546 4287 1612 4356 τῇ
1654 4303 1735 4355 χει

1999 4310 2037 4348 ιιι
2113 4295 2429 4363 complexus
2496 4301 2599 4357 est,
2661 4308 2782 4360 qua:
2844 4292 3062 4362 quidem
3138 4294 3322 4363 opinio
3403 4309 3470 4349 ex

214 4373 384 4426 αὑτοῦ
417 4372 487 4425 τά
515 4372 727 4443 πέρατα
753 4372 852 4442 τῆς
888 4374 992 4443 γῆς
1016 4412 1030 4436 ,
1060 4374 1154 4426 καὶ
1195 4373 1262 4426 τά
1303 4374 1444 4444 μέσα
1470 4378 1535 4446 τῇ
1566 4380 1793 4448 περιοχῇ

213 4464 326 4519 τῶν
359 4464 615 4533 περάτων
648 4464 1085 4534 συμπεριέλαὸεν
1109 4477 1122 4491 ·
1167 4463 1310 4516 οὑτω
1351 4465 1444 4519 καὶ
1485 4468 1513 4518 6
1557 4466 1797 4535 Μωῦσῆς

214 4556 317 4626 τῆς
342 4555 536 4625 ὑλικῆς
556 4554 651 4608 τοῦ
680 4555 880 4616 παντὸς
905 4555 1108 4623 κόσμου
1130 4555 1434 4627 καταϐολῆς
1458 4555 1555 4626 τὴν
1576 4555 1797 4620 ἔνδειξιν

216 4647 303 4705 διὰ
350 4647 465 4700 τῶν
510 4648 764 4717 περάτων
812 4646 1134 4716 πεποίηται·
1191 4650 1469 4719 συνεργεῖν
1514 4647 1572 4700 δέ
1620 4664 1799 4719 φαμεν

220 4741 357 4812 πρὸς
407 4738 512 4810 τὴν
565 4738 825 4809 τοιαύτην
875 4739 1175 4811 ὑπόληψιν,
1225 4739 1295 4792 τὰ
1341 4739 1429 4796 διὰ
1477 4739 1643 4809 μέσου
1702 4741 1800 4811 Μ’·

221 4849 388 4903 ματα.
437 4832 761 4902 Γέγραπται
802 4829 930 4900 γὰρ,
973 4832 1055 4884 ὅτι
1107 4849 1126 4883 ι
1168 4832 1235 4884 Ἠ
1272 4831 1328 4884 δὲ
1358 4834 1429 4903 γῆ
1462 4828 1529 4901 ἦν
1570 4832 1800 4902 ἀόρατος

222 4926 315 4977 καὶ
362 4923 881 4988 ἀκατασκεύαστος·
918 4942 935 4974 ι
978 4908 1055 4986 ὥς
1102 4924 1167 4976 ἐκ
1199 4923 1390 4977 τούτου
1434 4924 1590 4994 δῆλον
1639 4919 1801 4985 εἶναι,

220 5015 302 5069 ὃτι
330 5019 395 5087 τῇ
437 5016 537 5086 μὲν
567 5014 800 5085 δυνάμει
837 5014 906 5067 τὰ
939 5014 1114 5069 πάντα
1147 5010 1216 5085 ἦν
1238 5017 1294 5069 ἐν
1324 5014 1516 5087 πρώτῃ
1546 5014 1641 5069 τοῦ
1668 5016 1802 5068 Θεοῦ

223 5108 349 5179 περὶ
381 5108 483 5179 τὴν
528 5108 709 5161 κτίσιν
741 5108 909 5177 ὁρμῇ,
940 5107 1103 5160 οἱονεὶ
1146 5107 1521 5177 σπερματικῆς
1549 5123 1692 5169 τινος
1723 5106 1808 5159 δυο

223 5200 438 5270 νάμεως
470 5200 607 5271 πρὸς
628 5198 728 5269 τὴν
754 5198 852 5251 τοῦ
887 5198 1085 5261 παντὸς
1113 5199 1327 5267 γένεσιν
1350 5197 1804 5269 καταϐληθείσης,

220 5291 472 5361 ἐνεργείᾳ
498 5291 557 5344 δὲ
583 5289 653 5343 τὰ
676 5289 812 5361 καθ’
848 5289 1078 5342 ἕκαστον
1123 5288 1273 5342 οὑπω
1322 5285 1411 5359 ἦν.
1450 5288 1516 5342 'H
1557 5289 1663 5357 γάρ
1707 5285 1805 5357 γῆ,

221 5384 417 5454 φησὶν,
450 5380 530 5453 ἦν
561 5383 843 5451 ἀόρατος,
893 5379 992 5433 καί
1035 5380 1583 5443 ἁκατασκεύαστος.
1632 5381 1807 5448 Ὅπερ

291 5563 333 5597 ¹’
372 5562 510 5617 Gen.
545 5576 588 5630 ι,
630 5560 686 5614 5.
769 5558 811 5589 ¹⁷
855 5555 1001 5611 Psal.
1038 5569 1175 5622 χειν,
1216 5557 1268 5612 4.
1348 5556 1389 5586 ¹⁸
1429 5554 1562 5610 Gen.
1604 5572 1639 5622 I,
1681 5556 1735 5617 εὶ,

1903 4386 2085 4441 verbis
2136 4401 2257 4454 qua:
2309 4393 2437 4440 sunt
2506 4383 2826 4454 interiecta.
2883 4372 3470 4440 conﬁrmalurfScri.

1902 4488 2054 4549 ptum
2103 4487 2187 4533 est
2222 4477 2366 4532 enim
2429 4496 2440 4530 :
2506 4494 2524 4527 ι
2577 4474 2745 4531 Terra
2787 4483 2969 4530 autem
3013 4483 3132 4531 erat
3180 4475 3473 4532 invisibilis

1905 4580 1958 4624 et
1994 4569 2353 4638 incomposita
2382 4568 2425 4599 ⁸⁸
2457 4586 2469 4620 :
2508 4587 2525 4617 ι
2564 4574 2623 4620 ιιι
2653 4566 2872 4636 planum
2924 4566 3093 4633 ﬁeret,
3129 4567 3310 4621 omnia
3354 4568 3475 4636 qui-

1907 4659 2028 4714 dem
2066 4658 2234 4713 fuisse
2254 4664 2523 4727 potestate
2554 4657 2608 4709 in
2639 4656 2815 4725 primo
2849 4655 2943 4711 Dei
2971 4655 3039 4710 ad
3078 4655 3473 4727 procreandum
3516 4660 3527 4693 ἰ

1906 4750 2135 4821 appulsu
2161 4789 2176 4814 ,
2217 4759 2472 4818 tanquam
2512 4749 2565 4801 vi
2616 4747 2849 4817 quadam
2901 4747 3125 4803 seminis
3165 4747 3229 4800 ad
3287 4747 3475 4800 mundi

1907 4839 2343 4909 procreationem
2366 4837 2638 4907 conjecta,
2675 4849 2799 4891 aetu
2832 4850 2961 4889 vero
2985 4850 3074 4890 res
3108 4832 3349 4902 singulas
3373 4832 3476 4885 mi.

1910 4928 2057 4984 nime
2076 4930 2263 4985 fuisse.
2301 4948 2318 4979 ι
2344 4928 2512 4981 Terra
2534 4947 2552 4978 ι
2578 4927 2747 4989 enin,
2777 4925 2971 4994 inquit,
3000 4941 3018 4976 ι
3042 4929 3160 4977 erat
3189 4920 3479 4976 invisibilis

1910 5028 1964 5074 et
1991 5020 2378 5089 incomposita.
2418 5037 2437 5070 ι
2466 5017 2619 5084 Quod
2649 5015 2872 5087 perinde
2896 5022 2979 5069 est
3012 5013 3155 5095 ac’si
3183 5012 3477 5073 diceretur.

1913 5117 2051 5175 erat,
2083 5116 2137 5165 et
2185 5125 2292 5164 non
2337 5116 2454 5164 erat
2488 5128 2500 5163 :
2533 5107 2803 5178 siquidem
2842 5105 2906 5160 ad
2935 5119 3054 5159 eam
3080 5096 3329 5159 (nondum
3349 5118 3482 5161 cona-

1913 5206 2199 5255 currerant
2250 5200 2561 5269 qualitates.
2614 5197 2787 5266 Cujus
2821 5194 3038 5265 quidem
3082 5195 3366 5250 sententia:
3403 5194 3484 5249 in-

1913 5290 2114 5344 dicium
2169 5299 2275 5350 est,
2327 5289 2472 5358 quod
2508 5286 2798 5343 invisibilis
2839 5285 3010 5341 fuisse
3059 5285 3281 5341 dicitur.
3327 5282 3485 5350 Quod

1915 5383 2060 5435 enim
2102 5394 2208 5433 non
2255 5380 2487 5447 videtur,
2531 5380 2683 5433 color
2715 5393 2824 5433 non
2858 5386 2968 5446 est;
3020 5376 3172 5432 color
3196 5382 3377 5435 autem
3402 5380 3488 5436 est
