3746 5994
289 160 363 216 79

1555 158 1612 213 S.
1640 156 1968 213 (ΞΜ-200311
1990 154 2278 214 NYSSENI

3461 154 3531 209 80

287 276 511 350 quidam
554 276 720 331 veluti
761 274 942 331 ﬂuxus
986 290 1052 330 ex
1097 274 1383 346 superﬁcie
1425 274 1607 344 ﬁgura:
1642 292 1655 327 :
1691 273 1844 342 ﬁgur:

2020 273 2077 326 όν
2116 276 2230 327 ἐστι
2253 270 2330 342 τῷ
2368 271 2566 340 λέγειν,
2590 271 2670 323 ὅτι
2698 266 2784 341 ἦν,
2813 271 2907 325 καὶ
2939 272 3039 325 οὐκ
3065 266 3153 343 ἦν.
3183 271 3257 324 Οὐ
3287 269 3395 343 γάρ
3426 286 3529 324 που

286 381 420 425 Vero
463 382 569 421 non
603 373 686 419 est
728 364 848 418 sine
896 378 1146 432 corpore.
1173 362 1536 429 Quamobrem
1581 362 1630 415 si
1660 360 1854 414 invisi-

287 455 415 512 bilis
459 462 597 519 erat,
632 461 687 509 et
719 454 904 509 colore
942 454 1165 509 carebat
1198 455 1420 508 omnino
1455 471 1468 506 :
1500 453 1641 522 quod
1674 458 1853 506 autem

285 550 485 603 coloris
532 555 617 602 est
670 560 887 615 expers,
924 530 1151 617 ﬁguram
1209 561 1318 599 non
1372 544 1556 607 habet,
1602 549 1658 598 et
1709 544 1855 611 quod

286 637 554 705 ejusmodi
592 643 698 698 est,
739 650 969 705 corpore
1003 642 1178 689 vacat.
1218 635 1403 701 Quare
1454 633 1510 687 in
1549 630 1727 686 subita
1764 630 1855 683 illa

284 727 472 780 mundi
499 726 781 782 molitione
811 725 975 780 simul
1002 740 1124 780 cum
1154 725 1377 794 reliquis
1407 723 1571 779 rebus
1595 721 1852 776 omnibus

284 819 463 873 inerat
496 826 641 875 terra
676 836 699 883 :~
721 818 961 874 restabat
993 824 1193 879 autem,
1241 825 1298 870 ut
1329 814 1406 885 (id
1449 812 1593 884 quod
1635 821 1722 867 est
1754 827 1848 881 ge-

284 909 490 981 nerari)
510 910 797 981 qualitates
826 909 1233 964 adhiberentur.
1265 905 1474 961 Etenim
1499 920 1565 961 ει
1588 919 1674 969 εο,
1698 901 1843 972 quod

282 1000 610 1056 invisibilem
656 1014 774 1054 eam
823 997 991 1053 fuisse
1032 997 1162 1052 dicit
1194 996 1498 1067 Scriptura,
1538 1008 1639 1049 nec
1686 993 1847 1045 aliam

280 1090 444 1145 ullam
464 1090 516 1143 in
534 1090 649 1159 ipsa
664 1088 976 1159 qualitatem
996 1085 1164 1141 fuisse
1184 1086 1537 1143 demonstrat.
1569 1084 1722 1150 Quod
1751 1098 1848 1136 au-

279 1195 386 1237 tem
400 1181 814 1249 incompositam
832 1184 1012 1243 vocat,
1025 1177 1228 1233 indicat
1249 1192 1366 1232 earn
1385 1176 1624 1231 nondum
1660 1187 1849 1241 corpo-

281 1274 389 1330 reis
410 1272 828 1343 proprietatibus
851 1268 1021 1325 fuisse
1042 1278 1348 1323 concretam
1365 1276 1419 1323 et
1439 1266 1845 1322 condcnsatam.

1964 361 2497 432 συνδεδραμήκεισαν
2542 361 2669 431 περὶ
2717 361 2886 432 αὐτὴν
2930 363 2984 415 αἱ
3039 363 3319 433 ποιότητες
3351 380 3367 393 ·
3395 364 3531 415 ἀπό-

1961 453 2125 519 δειξις
2168 453 2225 506 δὲ
2263 453 2362 522 τῆς
2407 451 2644 517 διανοίας
2675 452 2902 523 ταύτης,
2929 454 3014 506 ὅτι
3054 454 3281 525 ἀόρατον
3308 453 3477 522 αὐτὴν
3501 455 3531 506 ό

1956 540 2114 608 λόγος
2140 536 2278 593 εἶναι
2312 539 2496 611 φησίν.
2524 541 2598 593 Τὸ
2630 540 2737 612 γὰρ
2766 543 3016 612 ἀόρατον,
3046 542 3243 614 χρῶμα
3268 542 3367 596 οὐκ
3391 544 3525 596 ἐστι’

1954 629 2016 682 τὸ
2061 629 2117 682 δὲ
2149 628 2365 700 χρῶμα,
2396 625 2507 685 οἶόν
2534 647 2620 695 τις
2649 631 2896 704 ἀπορροὴ
2948 632 3041 686 τοῦ
3075 633 3213 687 κατά
3257 632 3357 704 τὴν
3412 636 3530 687 ὲπι-

1956 720 2182 789 φάνειαν
2205 722 2482 791 σχήματος
2510 721 2743 790 γίνεται,
2772 723 2833 776 τὸ
2859 722 2916 776 δὲ
2936 725 3118 795 σχῆμα
3140 725 3239 778 οὐκ
3264 727 3391 780 ἄνευ
3422 726 3527 779 σώ-

1956 827 2143 880 ματος.
2193 811 2254 863 Εἰ
2287 807 2380 864 οὖν
2411 812 2640 883 ἀόρατον
2682 808 2772 884 ἦν,
2805 815 2897 867 καὶ
2941 815 3356 886 ἀχρωμάτιστον
3390 818 3527 869 πάν-

1952 918 2086 964 τως.
2115 901 2298 971 Τούτῳ
2325 902 2380 956 δὲ
2419 895 2800 975 συνθεωρεῖται
2832 907 2894 959 τὸ
2920 907 3324 978 ἀσχημάτιστον
3344 925 3358 939 ο
3382 910 3527 963 ὲκείο

1953 1005 2029 1058 νῳ
2071 988 2127 1040 δὲ
2167 990 2228 1042 τὸ
2257 989 2584 1061 ἀσώματονο
2625 994 2819 1049 ούκοῦν
2860 1001 2920 1050 ὲν
2961 997 3040 1067 τῷ
3071 999 3252 1070 ἀθιρόῳ
3298 1001 3398 1069 τῆς
3428 1000 3525 1054 τοῦ

1955 1078 2161 1147 κόσμου
2215 1079 2522 1149 καταϐολῆς
2543 1120 2558 1143 ,
2588 1076 2655 1152 ἦν
2707 1082 2806 1153 μὲν
2851 1086 3052 1149 ἐνιτοῖς
3089 1082 3241 1141 οὖσιν
3267 1089 3300 1154 ἡ
3325 1086 3417 1158 γῆ,
3447 1089 3524 1151 ὡς

1954 1168 2048 1222 καὶ
2070 1167 2139 1222 τὰ
2164 1167 2297 1224 ἄλλα
2324 1171 2519 1227 πάντα.
2547 1173 2821 1244 Ἀνέμεινε
2836 1178 2893 1232 δὲ
2916 1175 2977 1229 τὸ
2996 1176 3084 1230 διὰ
3105 1177 3208 1249 τῆς
3236 1178 3346 1234 τῶν
3376 1197 3524 1233 ποιο-

1953 1260 2128 1329 τὴτων
2156 1262 2517 1333 κατασκευῆς,
2543 1263 2678 1333 ὅπερ
2711 1265 2830 1319 ἐστὶ
2857 1267 3128 1335 γενέσθαι.
3159 1270 3257 1323 Διά
3286 1272 3395 1343 γὰρ
3425 1272 3521 1325 τοῦ

277 1367 508 1438 ἀόρατον
537 1365 706 1435 αὐτὴν
733 1367 903 1419 εἰπεῖν
930 1361 1094 1422 εἶναι,
1119 1362 1180 1416 τὸ
1227 1363 1361 1434 μηδὲ
1402 1358 1567 1430 ἀλλην
1596 1356 1718 1411 τινὰ
1749 1353 2007 1423 ποιότητα
2040 1351 2360 1425 θεωρεῖσθαι
2395 1358 2522 1428 περὶ
2547 1357 2714 1429 αὐτὴν
2768 1360 2797 1412 ὁ
2829 1358 2986 1429 λόγος
3027 1356 3375 1419 ἐνδείκνυται.
3409 1367 3521 1421 Καὶ

275 1459 363 1513 διά
388 1456 480 1510 τοῦ
509 1458 983 1513 ἀκατασκεύαστον
1018 1456 1300 1528 ὀνομάσαι,
1336 1455 1475 1508 νοεῖν
1505 1451 1686 1505 δίδωσι
1719 1447 1780 1501 τὸ
1811 1444 1977 1515 μήπω
2002 1444 2170 1515 αὐτὴν
2204 1447 2589 1503 πεπυκνῶσθαι
2614 1453 2734 1514 ταῖς
2766 1457 3105 1523 σωματικαῖς
3140 1456 3412 1527 ἰδιότησιν,

350 1551 465 1607 Ηοε
507 1558 686 1605 autem
728 1566 796 1605 ex
843 1550 1177 1622 Symmachi,
1232 1555 1285 1604 et
1330 1547 1740 1608 Theodotionls,
1789 1551 1844 1598 et

2017 1536 2397 1610 Φανερώτερον
2449 1540 2505 1594 δὲ
2559 1540 2647 1595 διὰ
2689 1542 2788 1613 τῆς
2842 1545 3135 1616 Συμμάχου
3193 1549 3284 1602 καὶ
3339 1549 3524 1604 Θεοδο-

275 1643 484 1713 Aquilae
542 1608 993 1711 interpretatione
1038 1640 1242 1695 clarius
1295 1639 1405 1705 ﬁt;
1451 1654 1574 1692 cum
1636 1637 1844 1708 primus

2017 1608 2172 1691 υνοςή
2216 1608 2314 1682 καῖ
2403 1631 2602 1686 Ἀκύλα
2678 1608 2895 1706 γραφῆς
2922 1608 2934 1615 ⁷
2966 1608 3075 1708 ἠ..
3098 1638 3319 1711 τοιαύτη
3403 1641 3521 1694 διά-

276 1750 466 1791 eorum
486 1735 667 1789 dicat:
696 1751 715 1784 ‹
740 1730 909 1788 Terra
940 1739 1121 1787 autem
1152 1739 1271 1787 erat
1309 1732 1477 1794 iners,
1508 1739 1564 1785 et
1595 1728 1849 1784 indistin-

275 1837 396 1894 cta;
433 1846 451 1879 ι
482 1804 617 1881 alter
639 1833 854 1879 autem:
885 1841 903 1874 ι
931 1822 1062 1875 Erat
1081 1822 1281 1887 inanis,
1308 1831 1362 1877 et
1385 1822 1533 1876 nulla
1560 1837 1576 1882 ς
1601 1841 1620 1873 ν
1652 1819 1847 1876 tertius

277 1935 405 1975 vero
440 1936 454 1973 :
495 1938 514 1971 ι
544 1917 675 1972 Erat
717 1915 851 1970 nihil
889 1920 943 1969 et
975 1913 1226 1970 nihilum.
1254 1932 1274 1967 ›
1321 1912 1397 1968 Ex
1441 1913 1527 1968 his
1574 1912 1741 1974 enim,
1786 1918 1847 1966 ut

275 2026 377 2081 ego
424 2009 641 2079 quidem
691 2005 888 2066 sentio.
933 2005 1254 2075 intelligitur
1288 2011 1452 2069 terra,
1498 2020 1564 2059 ex
1603 2018 1668 2059 eo
1700 2001 1845 2072 quod

278 2120 299 2153 ι
330 2100 474 2154 iners
500 2117 519 2150 ι
553 2105 718 2158 esset,
769 2095 1005 2150 nondum
1054 2106 1176 2149 actu
1229 2095 1417 2159 fuisse,
1465 2092 1560 2150 sed
1595 2093 1709 2147 sola
1749 2108 1846 2162 po-

273 2184 679 2255 testate;quod
722 2191 902 2240 autem
957 2183 1346 2247 «indistincta,
1386 2201 1404 2235 ι
1456 2181 1696 2237 nondum
1726 2181 1844 2236 sin-

270 2278 427 2349 gulas
459 2276 751 2347 qualitates
796 2276 939 2331 inter
982 2291 1042 2331 se
1074 2275 1293 2345 preprie
1336 2272 1503 2330 fuisse
1536 2280 1838 2344 separatas,

272 2369 369 2426 sed
417 2370 605 2425 orbem
655 2367 969 2423 universum
1018 2367 1073 2420 in
1117 2363 1348 2419 confusa
1388 2364 1620 2434 quadam
1662 2372 1717 2418 et
1756 2364 1841 2417 in-

271 2461 530 2516 distincta
581 2459 861 2529 qualitate,
893 2471 1017 2512 cum
1052 2471 1151 2511 nec
1183 2456 1353 2519 color,
1388 2470 1487 2509 nec
1511 2453 1704 2525 ﬁgura,
1741 2468 1840 2509 nec

270 2553 464 2615 moles,
500 2566 599 2606 nec
628 2550 942 2618 amplitudo,
999 2564 1097 2602 nec
1134 2547 1240 2602 ulla
1279 2547 1380 2600 alia
1408 2545 1673 2615 ejusmodi
1702 2560 1839 2615 qna-

268 2644 396 2699 litas
439 2643 659 2714 propria
703 2642 914 2695 ratione
957 2640 1213 2695 distincta
1266 2639 1321 2692 in
1368 2636 1616 2707 subjecto
1649 2651 1841 2692 cerne-

266 2743 439 2788 retur.
488 2731 632 2787 ldcm
674 2729 941 2801 signiﬁcat
979 2728 1157 2791 nobis,
1209 2745 1228 2779 ι
1267 2726 1466 2792 inanis,
1513 2734 1567 2781 et
1606 2726 1773 2779 nulla.
1812 2742 1867 2783 ι,

268 2825 423 2889 Nam,
443 2840 576 2880 voce
606 2823 722 2886 illa,
773 2841 791 2874 ι
829 2821 1028 2887 inanis,
1065 2838 1084 2872 ι
1120 2820 1204 2875 vis
1249 2820 1538 2887 qualitates
1576 2831 1836 2889 separaris

266 2915 561 2977 indicatur,
608 2922 667 2969 ut
701 2913 1082 2982 intelligamus,
1119 2911 1305 2965 mundi
1354 2910 1691 2965 conditorem
1734 2922 1835 2979 po-

1860 2958 1902 3018 C

1949 1734 2065 1772 νοια
2118 1720 2468 1791 σαφηνίζεται
2493 1739 2507 1753 '
2551 1722 2644 1777 τοῦ
2690 1724 2789 1795 μὲν
2820 1727 3062 1792 εἰπόντος
3085 1746 3098 1758 ·
3141 1747 3160 1780 ι
3189 1729 3255 1782 Ἥ
3275 1730 3332 1784 δὲ
3355 1734 3424 1803 γῆ
3449 1729 3518 1803 ἦν

1946 1810 2114 1880 ἀργὸν
2139 1811 2233 1865 καὶ
2259 1812 2587 1884 ἀδιάκριτον’
2609 1834 2627 1867 ι
2659 1816 2752 1869 τοῦ
2782 1817 2839 1871 δὲ
2869 1818 3078 1889 ἐτέρου,
3113 1839 3131 1871 ι
3159 1821 3396 1892 Κένωμα
3420 1826 3518 1877 καὶ

1945 1899 2122 1953 οὐθέν·
2149 1921 2167 1954 ι
2201 1903 2294 1956 τοῦ
2333 1903 2388 1958 δὲ
2413 1904 2596 1971 ἄλλου,
2632 1926 2651 1958 ι
2678 1907 2847 1961 Οὐθὲν
2879 1909 2971 1963 καὶ
2997 1910 3175 1966 οὐθέν.
3202 1931 3221 1965 ι
3255 1913 3517 1983 Δηλοῦται

1945 1991 2053 2062 γὰρ
2087 1992 2175 2046 διὰ
2198 1994 2404 2048 τούτων
2424 2034 2438 2056 ,
2471 1997 2613 2050 κατά
2664 1997 2754 2051 τὸν
2806 1999 2936 2069 ἐμὸν
2975 2001 3151 2070 λόγον,
3180 2002 3267 2057 διὰ
3297 2005 3393 2075 μὲν
3418 2008 3515 2060 τοῦ

1944 2082 2150 2152 ἀργοῦ,
2189 2084 2270 2137 ὅτι
2322 2087 2569 2158 ἐνεργείᾳ
2606 2089 2705 2159 μὲν
2766 2090 2917 2144 οὔπω
2947 2087 3014 2163 ἦν
3045 2109 3058 2124 ο
3087 2095 3144 2147 ὲν
3179 2095 3316 2169 μόνῃ
3354 2095 3409 2149 δὲ
3447 2100 3513 2169 τῇ

1941 2173 2168 2245 δυνάμει
2193 2176 2253 2229 τὸ
2287 2172 2425 2230 εἶναι
2454 2173 2595 2249 εἶχεο
2631 2180 2717 2233 διὰ
2746 2181 2804 2235 δὲ
2830 2181 2925 2236 τοῦ
2953 2184 3286 2255 ἀδιακρίτου,
3322 2189 3383 2242 τὸ
3407 2207 3517 2259 μη-

1940 2265 2088 2319 δέπω
2116 2269 2416 2338 ἀποστῆναι
2446 2272 2539 2324 ἀπ’
2557 2272 2802 2342 ἀλλήλων
2829 2276 2922 2329 καὶ
2955 2277 3039 2346 ἐφ’
3067 2278 3266 2349 ἑαυτῆς
3298 2281 3519 2346 ἰδιαζόν-

1938 2371 2048 2419 τως
2093 2357 2332 2424 ἑκάστην
2372 2359 2479 2412 τῶν
2525 2361 2823 2431 ποιοτήτων
2875 2368 3267 2438 γνωρίζεσθαι,
3296 2371 3410 2424 ἀλλ’
3454 2374 3516 2425 ἐν

1941 2463 2178 2517 συγκεχυ
2186 2449 2320 2522 μένῃ
2347 2451 2452 2505 τινὶ
2468 2452 2563 2505 acati.
2585 2453 2882 2528 ἀδιακρίτῳ
2904 2461 3145 2532 ποιότητι
3169 2462 3231 2516 τὸ
3255 2466 3360 2517 πᾶν
3379 2466 3516 2520 καθ-

1937 2536 2185 2607 ορᾶσθαι,
2220 2539 2293 2618 μὴ
2331 2540 2650 2614 χρώματος,
2673 2546 2747 2617 μὴ
2778 2550 3074 2619 σχήματος,
3113 2555 3186 2625 μὴ
3219 2555 3403 2624 ὄγκου,
3439 2559 3515 2629 μὴ

1940 2633 2159 2705 βάρους,
2190 2636 2264 2707 μὴ
2284 2637 2662 2709 πηλικότητος,
2680 2640 2753 2712 μὴ
2781 2644 2938 2697 ἄλλου
2958 2647 3102 2710 τινὸς
3129 2648 3238 2702 τῶν
3256 2650 3515 2704 τοιούτων

1936 2723 2021 2792 ἐφ’
2054 2724 2249 2778 ἑαυτοῦ
2282 2726 2424 2781 κατά
2449 2729 2539 2781 τὸν
2575 2730 2704 2783 ἴδιον
2754 2732 2909 2802 λόγον
2952 2735 3010 2789 ὲν
3054 2736 3129 2807 τῷ
3169 2738 3515 2810 ὑποκειμένῳ

1936 2812 2323 2885 θεωρουμένου.
2341 2818 2448 2890 Τὴν
2473 2821 2527 2873 δὲ
2548 2822 2716 2892 αὐτὴν
2741 2822 2973 2878 διάνοιαν
2998 2827 3326 2883 ἐνδείκνυται
3356 2832 3511 2900 ἡμῖν,

1936 2905 2115 2959 καὶτὸ
2157 2907 2377 2979 κένωμα
2407 2912 2499 2964 καὶ
2540 2914 2718 2967 οὐθέν.
2753 2916 2863 2981 Τὴν
2906 2916 3014 2988 γὰρ
3047 2922 3361 2992 χωρητικὴν
3399 2923 3513 2979 τῶν

268 3012 515 3062 testatem
546 3004 865 3075 qualitatum
897 3002 1283 3071 susceptricem
1327 3001 1671 3070 produxisse,
1710 3015 1831 3071 quae

2017 2997 2236 3067 ιοτήτων
2260 2997 2508 3070 δύναμιν,
2541 3005 2606 3073 τῇ
2640 3003 2735 3056 τοῦ
2757 3004 3069 3075 κενώματος
3093 3012 3242 3080 φωνῇ
3273 3013 3513 3084 παρεδή-

266 3095 484 3166 quidem
527 3094 707 3149 inanis
744 3101 879 3160 erat,
926 3101 979 3148 et
1010 3092 1065 3146 in
1105 3107 1162 3146 se
1194 3092 1328 3146 nihil
1372 3092 1705 3154 continebat,
1737 3106 1832 3147 an-

265 3192 484 3256 tequam
532 3182 888 3254 qualitatibus
931 3179 1316 3248 compleretur.
1371 3177 1609 3234 Tertiam
1655 3180 1829 3233 inter-

264 3275 641 3346 pretationem,
668 3280 728 3328 ut
746 3288 812 3328 ex
831 3270 1046 3340 Epicuri
1068 3269 1443 3340 depromptam
1466 3269 1828 3339 phil050phia,

266 3366 385 3421 sine
424 3364 861 3420 consideratione
900 3362 1310 3432 relinquendam
1341 3361 1613 3415 existimo.
1645 3359 1834 3414 Simile

265 3458 410 3513 enim
442 3454 696 3526 quiddam
727 3454 816 3509 ille
848 3469 1066 3522 quoque
1089 3454 1323 3509 declarat
1348 3452 1414 3506 tle
1444 3453 1619 3521 primo
1650 3465 1831 3504 rerum

264 3546 550 3617 principio,
572 3558 732 3599 voces
755 3543 945 3599 inanes
973 3542 1250 3614 emngens,
1279 3558 1375 3613 per
1398 3556 1601 3612 easque
1626 3541 1831 3595 nullam

267 3638 438 3695 fuisse
481 3651 659 3693 rerum
686 3650 794 3690 non
822 3634 1208 3691 subsistentem
1233 3643 1482 3690 naturam
1511 3634 1832 3701 ostendens,

264 3730 352 3784 cui
377 3729 552 3785 simile
583 3734 667 3782 est
696 3725 829 3781 nihil
850 3734 905 3781 et
926 3726 1177 3783 nihilum.
1210 3726 1408 3781 Verum
1430 3725 1497 3780 ad
1524 3726 1831 3782 institutum

182 3876 195 3885 ,
266 3826 514 3875 nostrum
550 3825 909 3881 revertamur,
924 3816 1316 3888 videamusque
1339 3818 1613 3888 quomodo
1644 3832 1834 3886 supre-

266 3925 356 3965 mo
377 3918 583 3964 natura:
604 3909 821 3964 sensilis
844 3910 1077 3963 termino
1102 3910 1171 3964 ab
1200 3909 1322 3981 igne
1343 3910 1511 3966 semel
1539 3916 1828 3978 occupato,

264 3999 664 4054 ﬁrmamentum
695 3998 951 4070 deinceps
983 3998 1185 4053 factum
1216 3998 1461 4068 sit,quod
1486 4000 1830 4068 superiorum

261 4094 315 4145 et
353 4088 670 4143 inferiorum
716 4104 981 4160 aquarum
1024 4090 1319 4145 conﬁnium
1354 4104 1477 4145 esse
1518 4089 1671 4144 dicit.
1713 4088 1827 4160 Ego

260 4180 406 4235 enim
438 4182 688 4237 existimo
717 4181 1137 4247 ﬁrmamentum,
1163 4181 1276 4235 sive
1306 4181 1377 4236 sit
1400 4196 1566 4235 unum
1602 4196 1667 4235 ex
1696 4197 1865 4251 qua-,

1935 3087 2134 3142 λωσεν·
2173 3090 2313 3144 ὥστε
2351 3091 2439 3145 διὰ
2487 3094 2677 3147 τούτου
2716 3095 2906 3165 μαθεῖν
2927 3139 2940 3162 ,
2974 3098 3055 3149 ὅτι
3085 3097 3334 3170 δεκτικὴν
3360 3101 3516 3156 δύνα-

1939 3197 2029 3250 μιν
2066 3181 2174 3235 τῶν
2214 3185 2515 3254 ποιοτήτων
2553 3188 2581 3239 ὁ
2611 3186 2705 3240 τοῦ
2751 3190 2949 3252 παντὸς
3001 3191 3221 3262 κτίστης
3267 3211 3513 3265 προκατ-

1933 3271 2214 3325 εϐἀλλετο·
2254 3276 2382 3346 κενὴ
2410 3274 2465 3328 δέ
2499 3294 2582 3340 τις
2617 3273 2683 3349 ἦν
2717 3278 2852 3351 αὕτη
2908 3280 3003 3333 καὶ
3054 3283 3113 3336 ἐν
3165 3284 3327 3356 ἑαυτῇ
3364 3280 3513 3357 εἶχεν

1932 3361 2127 3425 οὐθὲν,
2165 3364 2293 3435 πρὶν
2328 3367 2793 3440 συμπληρωθῆναι
2840 3372 3006 3443 αὐτὴν
3059 3377 3177 3439 ταῖς
3236 3378 3507 3448 ποιότησι.

1935 3450 2037 3505 Τὸν
2089 3452 2146 3505 δὲ
2180 3455 2363 3525 τρίτον
2407 3456 2584 3526 λόγον,
2617 3458 2693 3523 ὡς
2731 3463 2795 3513 ὲκ
2830 3465 2931 3533 τῆς
2997 3465 3315 3538 Ἐπικούρου
3359 3470 3513 3539 φιλο-

1935 3544 2127 3613 σοφίας
2166 3547 2592 3619 παρευρεθέντα,
2626 3552 2945 3607 καταλιπεῖν
2988 3554 3139 3625 οἶμαι
3172 3558 3507 3631 ἀθεώρητον.

1934 3636 2157 3707 Ὅμοιον
2183 3639 2290 3710 γάρ
2321 3657 2374 3693 τι
2401 3641 2649 3705 κάκεῖνός
2676 3659 2808 3712 φησι
2837 3646 2966 3718 περὶ
3010 3648 3108 3718 τῆς
3141 3648 3360 3721 πρώτης
3394 3651 3511 3707 τῶν

1931 3726 2099 3781 ὄντων
2131 3729 2325 3799 ἀρχῆς,
2357 3732 2658 3799 κενόφωνον
2712 3733 2770 3787 δὲ
2822 3737 2917 3788 καὶ
2963 3738 3128 3808 μηδὲν
3160 3741 3256 3811 τὴν
3306 3742 3507 3795 ἀνυπό-

1935 3835 2126 3873 στατον
2155 3820 2264 3873 τῶν
2304 3823 2522 3892 ἀτόμων
2557 3824 2719 3893 φύσιν
2757 3826 2844 3880 διὰ
2874 3827 2980 3882 τῶν
3015 3830 3271 3884 τοιούτων
3311 3832 3508 3899 φωνῶν

1932 3908 2358 3977 ἐνδεικνύμενος,
2376 3912 2512 3982 ὅπερ
2540 3914 2725 3983 ὅμοιόν
2758 3918 2871 3968 ἐστι
2892 3919 2969 3987 τῷ
3001 3919 3171 3986 οὐδὲν,
3197 3922 3290 3975 καὶ
3322 3921 3507 3978 οὐθέν.

1944 3998 2081 4051 Ἀλλ’
2111 4001 2202 4052 ἐπὶ
2230 4003 2295 4053 τὰ
2345 4003 2542 4072 συνεχῆ
2584 4004 2681 4076 τῆς
2735 4006 2967 4079 θεωρίας
3010 4011 3171 4064 πάλιν
3200 4015 3504 4083 προΐωμεν,

1932 4091 2049 4155 πῶς
2071 4092 2303 4156 εἰσάπαξ
2337 4092 2430 4146 τοῦ
2462 4095 2631 4165 πυρὸς
2658 4098 2747 4149 τὸν
2773 4099 3072 4167 ἀκρότατον
3102 4102 3203 4171 τῆς
3237 4104 3508 4179 αἰσθητῆς

1931 4182 2144 4250 φύσεως
2168 4183 2291 4255 ὅρον
2312 4185 2773 4255 περιοδεύσαντος,
2796 4188 3104 4254 ἀκολούθως
3128 4193 3189 4245 τὸ
3218 4199 3508 4269 στερέωμα

261 4278 407 4335 tuor,
437 4270 552 4325 sive
579 4270 723 4325 aliud
756 4270 848 4324 illa
896 4271 1283 4341 complectens,
1314 4279 1376 4326 ut
1405 4273 1615 4327 externi
1650 4273 1829 4343 philo-

2021 4292 2137 4329 εται
2164 4292 2177 4306 ·
2208 4278 2344 4347 ὅπερ
2379 4277 2626 4348 μεθόριόν
2662 4296 2827 4350 φησιν
2878 4277 3018 4335 εἶναι
3072 4284 3180 4338 τῶν
3230 4303 3287 4339 τε
3336 4291 3509 4362 ὑπερ-

262 4361 417 4432 sophi
475 4361 838 4424 tradiderunt,
888 4378 996 4417 non
1044 4378 1166 4418 esse
1215 4378 1416 4434 corpus
1475 4364 1709 4419 solidum
1761 4380 1825 4419 ac

261 4452 478 4515 durum,
525 4452 621 4507 sed
663 4454 1068 4522 comparatione
1107 4456 1449 4524 sempiternae
1480 4464 1535 4511 et
1569 4456 1825 4526 incorpo-

260 4556 400 4605 reae,
457 4549 510 4597 et
550 4558 671 4612 qua:
717 4550 865 4598 tactu
901 4559 1008 4598 non
1063 4544 1387 4614 percipitur,
1443 4547 1823 4616 proprietatis,

258 4641 560 4688 extremum
595 4632 725 4687 illud
777 4645 983 4690 natura:
1025 4636 1265 4697 sensilis,
1300 4636 1443 4705 quod
1472 4638 1613 4705 ignis
1644 4638 1694 4691 vi
1724 4653 1825 4692 sua

259 4734 517 4795 perpetuo
565 4725 752 4781 mobili
795 4727 984 4793 ambit,
1031 4728 1428 4783 ﬁrmamentum
1485 4743 1515 4782 a
1543 4729 1825 4798 Scriptura

258 4816 385 4870 diei.
419 4814 553 4882 Quis
579 4819 723 4873 enim
746 4818 943 4883 nescit,
970 4820 1113 4888 quod
1151 4819 1385 4874 solidum
1415 4828 1520 4885 est,
1547 4820 1825 4876 resistenti

257 4904 493 4975 quadam
522 4906 724 4963 duritie
756 4907 1125 4963 condensari?
1171 4911 1313 4980 quod
1354 4919 1536 4965 autem
1578 4919 1661 4965 est
1693 4910 1827 4965 den-

257 5011 401 5059 sum,
432 5008 484 5052 et
523 4998 744 5062 durum,
795 5014 859 5054 ac
889 5001 1174 5067 resistens,
1213 5002 1472 5070 qualitate
1519 5001 1668 5070 gravi
1718 5016 1823 5057 non

254 5101 413 5144 vacat
450 5108 464 5144 :
495 5090 642 5160 quod
686 5105 814 5146 vero
841 5098 1035 5145 natura
1084 5107 1245 5161 grave
1283 5100 1387 5155 est,
1435 5107 1653 5148 sursum
1695 5091 1821 5148 ferri

255 5192 364 5231 non
406 5187 605 5246 potest.
649 5180 717 5233 At
756 5180 922 5236 rebus
957 5180 1173 5237 cunctis
1223 5181 1517 5237 sensilibus
1569 5180 1822 5250 superius

253 5258 796 5335 est'ﬁrmamentum,
832 5287 898 5327 ex
931 5287 1040 5342 quo
1093 5271 1172 5338 ﬁt,
1227 5279 1285 5325 ut
1320 5271 1457 5329 nihil
1486 5272 1541 5326 in
1571 5287 1637 5329 eo
1667 5286 1821 5327 cras—

254 5373 375 5413 sum
397 5367 490 5414 aut
512 5361 891 5430 corpulentum
909 5363 1137 5433 cogitari
1161 5364 1353 5433 possit,
1387 5363 1504 5427 sed,
1533 5373 1592 5418 ut
1614 5364 1819 5418 dictum

253 5458 359 5514 est,
405 5466 585 5505 rerum
626 5466 748 5521 quae
791 5466 1022 5524 corpore
1054 5466 1268 5521 vacant,
1312 5464 1367 5510 et
1401 5456 1585 5510 animo
1614 5466 1820 5511 tantum

254 5543 807 5613 comprehenduntur,
831 5548 1256 5618 comparatione,
1281 5549 1543 5622 quidquid
1568 5551 1820 5607 sensibus

1931 4370 2198 4458 κειμένων
2226 4373 2320 4424 καὶ
2358 4372 2466 4425 τῶν
2515 4372 2889 4444 ὑποκειμένων
2932 4376 3159 4433 ὑδάτων.
3209 4382 3347 4450 Ἐγὼ
3394 4387 3508 4458 γὰρ

1930 4456 2082 4530 οἶμαι
2120 4461 2277 4532 σῶμα
2311 4462 2408 4532 μέν
2450 4480 2530 4516 τοι
2567 4464 2791 4535 στερρὸν
2825 4467 2920 4520 καὶ
2946 4469 3258 4535 ἀντίτυπον,
3278 4475 3331 4528 εί
3358 4476 3414 4527 τὲ
3450 4456 3505 4532 τι

1929 4548 2037 4600 τῶν
2064 4551 2360 4621 τεσσάρων,
2386 4552 2441 4604 ετ
2460 4553 2518 4606 τέ
2553 4570 2604 4605 τι
2640 4556 2735 4607 καὶ
2764 4557 2912 4627 παρά
2964 4557 3130 4613 ταῦτα
3156 4562 3359 4634 ἕτερον,
3397 4583 3505 4618 κα-

1931 4639 2039 4704 θὼς
2066 4643 2097 4708 ή
2125 4640 2321 4706 ἔξωθεν
2363 4644 2672 4717 ὲφαντάσθη
2730 4648 3035 4718 φιλοσοφία,
3080 4653 3242 4723 μηδὲν
3290 4657 3413 4726 περὶ
3442 4658 3507 4712 τὸ

1933 4731 2218 4802 στερέωμα
2271 4732 2614 4806 θεωρεῖσθαι,
2641 4738 2776 4793 ἀλλά
2805 4738 2866 4793 τὸ
2909 4740 3076 4812 ἀκρον
3105 4744 3203 4812 τῆς
3236 4745 3507 4817 αἰσθητῆς

1929 4821 2135 4907 οὐσίας,
2162 4823 2298 4894 ὅπερ
2326 4826 2359 4895 ὴ
2392 4826 2487 4878 τοῦ
2527 4830 2698 4900 πυρὸς
2725 4830 2885 4901 φύσις
2921 4833 3060 4887 κατά
3080 4835 3175 4904 τὴν
3198 4836 3508 4907 ἀεικίνητον

1928 4910 2156 4983 δύναμιν
2206 4915 2512 4986 περιπολεῖ,
2542 4918 2701 4974 τοῦτο
2745 4923 3031 4995 στερέωμα
3058 4926 3205 4997 παρά
3238 4928 3332 4998 τῆς
3360 4929 3507 4999 Γρα-

1928 5004 2034 5075 φῆς
2061 5004 2311 5078 ῥηθῆναι,
2348 5012 2631 5081 συγκρίσει
2658 5013 2760 5082 τῆς
2803 5015 2970 5069 ἀϊδίου
3001 5033 3060 5069 τε
3087 5019 3179 5071 καὶ
3210 5019 3505 5089 ἀσωμάτου

1929 5095 2020 5148 καὶ
2040 5096 2276 5165 ἀναφοῦς
2303 5098 2582 5172 ἰδιότητος.
2625 5104 2720 5168 Τίς
2749 5105 2858 5176 γάρ
2888 5107 2987 5160 οὐκ
3015 5104 3153 5161 οἶδεν
3195 5109 3276 5161 ὅτι
3312 5112 3419 5163 πᾶν
3442 5113 3506 5165 τὸ

1928 5184 2154 5259 στερρὸν
2183 5188 2272 5243 διά
2320 5208 2464 5256 τινος
2493 5194 2709 5259 πάντως
2750 5197 3071 5261 ἀντιτυπίας
3104 5199 3454 5255 πεπύκνωται
3488 5220 3503 5268 ;

1928 5277 2002 5330 Τὸ
2023 5279 2079 5332 δὲ
2121 5281 2323 5336 πυκνὸν
2353 5284 2447 5336 καὶ
2478 5286 2787 5349 ἀντίτυπον,
2822 5289 2883 5341 οὐ
2911 5290 3201 5362 καθαρεύει
3231 5291 3329 5361 τῆς
3359 5296 3509 5348 κατά

1925 5370 1988 5422 τὸ
2019 5369 2183 5444 βάρος
2218 5375 2534 5446 ποιότητος*
2564 5377 2621 5431 τὸ
2668 5378 2725 5431 δὲ
2771 5378 2931 5451 βαρὺ·
2967 5380 3104 5435 κατά
3160 5381 3259 5453 τὴν
3317 5383 3503 5451 φύσιν,

1926 5463 2206 5534 ἀνωφερὲς
2233 5460 2369 5519 εἶναι
2393 5468 2455 5519 οὐ
2498 5466 2739 5520 δύναται.
2780 5469 2939 5523 Ἀλλά
2972 5470 3077 5541 μὴν
3108 5471 3287 5542 πάσης
3332 5473 3507 5546 ὑπέρ-

1927 5569 2103 5607 κειται
2150 5555 2250 5626 τῆς
2284 5556 2545 5629 αἰσθητῆς
2573 5558 2802 5622 κτίσεως
2828 5560 2888 5612 τὸ
2917 5561 3202 5634 στερέωμα
3220 5604 3234 5629 ,
3263 5564 3361 5619 οὐκ
3390 5565 3506 5636 ἄρα
