3768 6000
213 249 271 309 8|
1390 259 1459 314 IN
1498 259 1971 319 IIEXAEMERON
2002 261 2223 318 LIBER.
3370 263 3443 321 82

214 367 346 437 παχύ
372 385 418 421 τι
444 366 538 422 καὶ
566 365 894 441 σωματῶδες
916 372 1042 446 περὶ
1077 374 1210 429 αὐτὸ
1242 379 1379 430 νοεῖν
1411 378 1446 450 ἡ
1474 377 1765 433 ἀκολουθία

1946 420 1953 434 ,
2009 380 2306 436 obnoxium
2335 420 2350 447 ,
2394 380 2629 438 solidum
2672 378 2995 451 firmumque
3029 378 3270 445 dicitur,
3314 378 3442 435 licet

211 457 296 511 τοῦ
338 460 492 527 Λόγου
518 460 755 529 δίδωσιν,
781 464 917 518 ἀλλὰ
946 464 1128 530 καθὼς
1172 466 1407 539 εἴρηται,
1436 471 1502 539 τῇ
1544 469 1681 540 πρὸς
1706 470 1767 523 τὸ

210 549 383 619 νοητόν
411 566 472 602 τε
518 552 615 604 καὶ
651 552 942 625 ἀσώματον
985 557 1306 628 παραθέσει,
1339 560 1448 613 πᾶν
1494 561 1616 614 ὅσον
1671 560 1766 614 τοῦ

207 639 451 711 αἰσθητοῦ
477 642 668 710 γένους
689 644 825 711 ἐστὶ,
846 647 1073 719 στερρὸν
1096 649 1331 717 λέγεται,
1352 650 1454 705 κᾶν
1473 654 1540 724 τῇ
1562 654 1766 724 φυσικῇ

207 732 478 803 λεπτότητι
516 734 800 806 διαφεύγει
843 738 940 811 τὴν
987 742 1331 812 κατανόησιν.
1377 743 1587 799 Οὐκοῦν
1637 746 1767 799 ἀκο-

204 822 395 887 λούθως
410 825 533 877 ὅσον
554 828 620 897 τῇ
646 828 877 900 περιόδῳ
896 830 990 883 τοῦ
1019 832 1189 904 πυρὸς
1202 832 1482 906 διελήφθη·
1500 834 1764 907 διελήφθη

204 912 256 967 δὲ
274 913 331 968 τὸ
348 914 517 987 πέρας
544 920 644 988 τῆς
660 917 850 991 ὑλικῆς
868 922 1055 987 οὐσίας
1074 939 1089 955 ο
1117 923 1196 996 τῷ
1217 925 1364 991 ἅπαξ
1385 925 1498 998 ἰδίῳ
1525 927 1632 982 τινὶ
1659 927 1769 998 ὅρῳ

208 1006 549 1074 περιγραφὲν,
585 1009 875 1080 στερέωμα
913 1013 1012 1078 μὲν
1048 1014 1139 1068 διὰ
1169 1014 1266 1087 τὴν
1295 1016 1487 1090 ὑλικὴν
1515 1018 1676 1087 φύσιν
1698 1020 1766 1090 τῇ

206 1097 474 1167 συγκρίσει
506 1099 617 1151 τῶν
652 1100 1028 1175 ὑποκειμένων
1059 1108 1499 1180 προσηγορεύθη.Δ
1532 1111 1770 1182 υὺρανὸς

202 1185 255 1239 δὲ
297 1184 415 1257 ἔσχε
465 1187 527 1241 τὸ
573 1187 767 1261 ὄνομα,
797 1190 985 1265 ὥσπερ
1030 1195 1126 1248 κοιλ⁸
1155 1196 1234 1268 τῷ
1272 1197 1412 1266 φωτὶ⁵
1453 1198 1625 1269 ὄνομα
1674 1198 1771 1271 τὴν

203 1277 398 1347 ἡμέραν
424 1279 597 1347 ἔθετο,
637 1283 732 1336 καὶ
765 1283 845 1354 τῷ
899 1286 1081 1340 σκότει
1109 1288 1207 1360 τὴν
1236 1288 1431 1345 νύκτα.
1478 1291 1538 1344 Ἥ
1568 1291 1624 1345 δέ
1662 1290 1770 1345 τῶν

202 1369 395 1427 ἰδὰτων
445 1373 785 1447 διάκρισιςή
844 1380 1224 1453 κεχωρισμένη
1258 1384 1325 1452 τῇ
1387 1383 1633 1455 μεσιτείᾳ
1672 1381 1767 1437 τοῦ

202 1462 590 1534 στερεὼματος,
613 1465 737 1518 οὑτε
769 1467 868 1538 τῆς
897 1467 1215 1540 ὑπολήψεως
1242 1470 1614 1544 ἀλλοτριοῦται
1641 1474 1772 1527 ταύ-

178 1555 411 1624 .της,καὶ
439 1555 572 1625 πρὸς
600 1555 700 1628 τὴν
730 1557 951 1630 Γραφὴν
971 1559 1281 1626 ἀκολούθως
1302 1562 1433 1634 ἔχει.
1455 1564 1769 1635 Γέγραπται

198 1644 297 1715 γὰρ
324 1646 378 1698 ἐν
404 1648 469 1718 τῇ
511 1648 804 1720 ἀκολουθίᾳ
835 1649 943 1704 τῶν
994 1652 1301 1724 εἰρημένων
1353 1655 1492 1724 μετὰ
1543 1655 1604 1709 τὸ
1643 1658 1769 1727 περὶ

1868 479 2119 527 naturam
2164 486 2327 541 quam
2384 472 2619 528 maxime
2672 469 2900 541 cogitari
2940 470 3113 540 possit
3185 467 3439 524 subtilem

1868 562 2132 619 obtineat.
2161 563 2350 618 Merito
2384 562 2569 634 igitur,
2601 561 2746 634 quod
2769 562 2910 633 ignis
2945 561 3150 616 ambitu
3195 574 3445 631 compre-

1868 653 2128 710 henditur
2150 654 2652 726 (comprehenditur
2673 662 2853 710 autem
2875 651 3139 724 quidquid
3162 667 3229 707 ex
3253 665 3440 706 crassa

1869 744 2095 800 materia
2155 746 2416 815 constat),
2437 744 2488 799 id
2530 745 2769 816 propriis
2823 745 2993 801 semel
3037 743 3288 800 terminis
3335 742 3446 798 cir-

1869 836 2285 905 cumscriptum,
2312 836 2383 891 ob
2402 837 2702 893 naturalem
2732 837 2974 898 materia:
2995 835 3440 899 crassitudinem,

1868 926 1939 982 ad
1964 929 2303 997 superiorum
2332 926 2697 985 differentiam
2737 937 2994 985 vocatum
3024 937 3106 984 est
3132 928 3446 983 firmamen-

1869 1024 2006 1071 tum.
2041 1015 2509 1083 Quemadmodum
2547 1025 2724 1073 autcm
2752 1026 2805 1072 et
2836 1019 3032 1078 lucem,
3064 1015 3243 1082 diem;
3274 1020 3329 1069 et
3366 1020 3445 1069 te~

1869 1109 2068 1165 nebras
2100 1118 2317 1166 noctem
2352 1128 2365 1164 :
2404 1109 2486 1164 sic
2512 1110 2667 1175 illud,
2692 1110 2889 1165 coelum
2916 1108 3228 1179 appellavit.
3260 1106 3445 1176 Atque

1870 1203 1939 1258 ab
1970 1202 2075 1258 hac
2118 1203 2334 1273 quidem
2365 1205 2707 1275 expositione
2748 1203 2943 1259 divisio
2970 1215 3237 1272 aquarum
3274 1200 3447 1254 inter-

1869 1293 2049 1365 positu
2078 1294 2477 1366 iuterjectuque
2512 1295 2839 1351 firmamenti
2869 1294 3163 1348 constituta
3199 1306 3306 1346 non
3344 1289 3445 1346 ab.

1870 1384 2073 1451 horret,
2090 1394 2145 1439 et
2163 1386 2458 1456 Scripturae
2473 1387 2726 1441 convenit
2752 1404 2765 1442 :
2793 1385 2873 1441 sic
2891 1383 3036 1439 enim
3054 1390 3177 1452 post
3195 1380 3307 1445 illa,
3325 1392 3448 1450 quas

1870 1474 1938 1530 de
1952 1483 2093 1530 terra
2114 1477 2318 1546 scripta
2331 1488 2477 1543 sunt,
2497 1477 2770 1547 sequitur:
2796 1493 2813 1526 ι
2835 1473 3095 1529 Tenebrae
3106 1478 3264 1529 erant
3279 1484 3446 1541 super

1870 1567 2150 1638 abyssum,
2178 1577 2232 1622 et
2260 1567 2487 1637 spiritus
2511 1568 2609 1622 Dei
2636 1567 2912 1623 ferebatur
2941 1580 3108 1635 super
3128 1561 3438 1634 aquam".r

1869 1657 2215 1714 Arbitrantur
2233 1658 2396 1730 igitur
2415 1666 2625 1714 tantum
2644 1658 2858 1722 abesse,
2877 1666 2935 1712 ut
2958 1656 3186 1727 spiritus
3204 1653 3451 1710 tenebra-

195 1735 285 1806 τῆς
313 1738 412 1807 γῆς
435 1741 614 1794 εἰπεῖν
633 1756 645 1769 ·
675 1740 757 1793 ὅτι
784 1760 803 1792 ι
844 1742 1043 1807 Σκότος
1072 1739 1141 1816 ἦν
1164 1744 1350 1799 ἐπάνω
1373 1746 1471 1816 τῆς
1499 1724 1762 1812 ἀϐύσσου,

1946 1766 2015 1814 m,
2038 1724 2278 1820 spiritus
2291 1749 2384 1806 Dei
2416 1751 2508 1817 sit,
2537 1757 2803 1821 quantum
2828 1724 3080 1805 abestiab
3102 1744 3251 1801 omni
3271 1743 3445 1799 malo:

197 1827 281 1877 καὶ
324 1827 543 1899 πνεῦμα
588 1829 726 1883 Θεοῦ
774 1832 1075 1905 ἐπεφέρετο
1119 1834 1305 1889 ἐπάνω
1347 1834 1442 1889 τοῦ
1491 1836 1701 1902 ὓδατος.
1740 1857 1758 1892 ι

196 1918 562 1991 Στοχαζόμεθα
600 1922 780 1975 τοίνυν
813 1924 897 1977 ὅτι
927 1924 988 1977 τὸ
1028 1925 1246 1997 πνεῦμα
1295 1927 1388 1980 τοῦ
1416 1927 1551 1981 Θεοῦ
1587 1930 1763 1984 τοσοῦ-

192 2026 275 2061 τον
315 2012 505 2082 ἀπέχει
540 2012 637 2066 τοῦ
688 2013 914 2079 σκότους
943 2010 1101 2080 εἶναι,
1131 2018 1254 2071 ὅσον
1302 2021 1393 2071 καὶ
1438 2020 1639 2092 παντὸς
1667 2038 1764 2075 καο

1869 1840 2014 1913 quod
2039 1840 2532 1906 innumerabilibus
2565 1848 2771 1897 sancta:
2796 1832 3449 1909 Scripturatestimoniis

1871 1945 2165 2001 possumus
2188 1931 2568 1999 comprobare,
2598 1944 2721 1999 qua:
2744 1928 2914 1984 Deum
2941 1935 2996 1982 et
3017 1927 3192 1980 lucem
3213 1937 3337 1978 esse
3361 1937 3449 1978 ve-

1871 2037 1989 2077 ram
2026 2021 2070 2054 ”
2098 2062 2113 2088 ,
2136 2029 2190 2076 et
2213 2021 2460 2078 habitare
2489 2022 2664 2077 lucem
2699 2021 3038 2075 inaccessam
3080 2019 3121 2050 “
3155 2017 3443 2073 allirtnant.

196 2099 284 2153 κοῦ
306 2102 601 2174 ἀλλοτρίως
631 2103 763 2176 ἔχει.
789 2105 896 2157 Καὶ
930 2106 1132 2177 μυρίας
1162 2106 1278 2160 ἐστι
1318 2109 1446 2181 περὶ
1479 2108 1670 2163 τούτου
1700 2110 1797 2179 τῆς
1825 2111 1987 2180 ἁγίας
2015 2111 2235 2181 Γραφῆς
2278 2111 2636 2183 παραθέσθαις
2663 2110 2876 2181 φωνὰς,
2903 2110 2984 2163 ὅτι
3013 2108 3109 2162 καὶ
3149 2107 3266 2178 φῶς
3300 2107 3448 2160 ἐστιν

194 2193 423 2262 ἀληθινὸν
468 2198 499 2248 ὀ
548 2196 702 2260 Θεὸς,
746 2198 841 2250 καὶ
895 2198 1035 2253 οἰκεῖ
1086 2200 1380 2272 ἀπρόσιτον
1423 2201 1559 2270 φῶς.

257 2285 392 2338 res:
419 2287 643 2357 πνεῦμα
667 2287 761 2340 τοῦ
783 2288 917 2344 Θεοῦ
946 2291 1222 2364 ταύτὸντῇ
1260 2294 1418 2364 φύσει
1447 2298 1596 2352 ἐστὶν
1624 2295 1772 2368 αὐτῷ

191 2377 260 2448 τῷ
274 2378 403 2448 Θεῷ·
422 2381 471 2433 εί
501 2380 565 2433 δὲ
598 2380 698 2451 μία
716 2380 879 2449 φύσις
900 2381 995 2437 τοῦ
1018 2382 1153 2437 Θεοῦ
1177 2386 1272 2438 καὶ
1298 2384 1390 2439 τοῦ
1426 2386 1761 2458 πνεύματος,

193 2467 296 2535 erit;
320 2467 374 2520 δὲ
388 2467 589 2533 ὁθεὸς,
613 2467 729 2536 φῶς
744 2468 810 2522 ἂν
825 2468 908 2540 εἴη
930 2469 1143 2534 πάντως
1169 2471 1262 2524 καὶ
1278 2470 1371 2525 τοῦ
1384 2470 1520 2524 Θεοῦ
1537 2471 1597 2524 τὸ
1614 2467 1771 2524 πνεῦ-

193 2575 279 2628 μα.
299 2560 365 2613 Τὸ
395 2560 452 2613 δὲ
478 2560 599 2630 φῶς
630 2563 687 2614 ἐν
714 2561 856 2629 φωτὶ
886 2560 1100 2625 πάντως
1132 2564 1279 2617 ποιεῖ
1304 2562 1512 2630 ἐκεῖνα,
1542 2556 1625 2627 οἷς
1650 2564 1769 2617 ἐπι-

194 2651 418 2721 φέρεται.
440 2653 515 2706 Τὸ
531 2653 594 2707 δὲ
618 2652 764 2724 ὕδωρ
779 2646 822 2721 ᾧ
845 2653 905 2706 τὸ
932 2654 1149 2726 πνεῦμα
1174 2653 1267 2708 τοῦ
1288 2653 1423 2708 Θεοῦ
1447 2654 1766 2726 ἐπεφέρετο,

190 2741 305 2796 ἄλλο
346 2761 398 2797 τι
453 2745 618 2816 παρά
652 2745 752 2817 τὴν
809 2745 1100 2816 κατωφερῆ
1140 2745 1348 2817 ταύτην
1379 2745 1486 2799 τῶν
1527 2746 1768 2816 ρευστῶν

191 2835 381 2890 ὑδάτων
420 2837 596 2907 φύσιν
644 2837 812 2901 ἐστὶν,
844 2836 873 2890 ὃ
894 2835 972 2906 τῷ
1008 2835 1347 2908 περεώματι
1370 2837 1505 2908 πρὸς
1537 2837 1597 2890 τὸ
1626 2836 1764 2909 βαρύ

188 2945 240 2981 τε
278 2932 366 2984 καὶ
410 2931 739 3001 κατωφερὲς
774 2928 915 3001 ὕδωρ
965 2929 1369 3000 διατειχίζεται.
1416 2931 1481 2983 Εἰ
1518 2930 1575 2983 δέ
1625 2930 1765 3001 ὕδωρ

188 3020 396 3074 κάκεῖνο
434 3020 597 3092 παρὰ
649 3020 747 3090 τῆς
785 3020 1007 3090 Γραφῆς
1054 3018 1411 3090 ὀνομάζεται,
1449 3011 1493 3087 ᾧ
1546 3019 1634 3073 διὰ
1666 3018 1765 3088 τῆς

1946 2280 2185 2361 Spiritus
2222 2297 2401 2345 autem
2428 2288 2523 2346 Dei
2563 2305 2625 2346 ea
2658 2304 2825 2359 super
2854 2304 2975 2359 quae
3009 2285 3202 2353 fertur,
3242 2289 3446 2346 similia

1875 2378 2005 2434 facit
2034 2379 2101 2434 iis
2130 2394 2251 2449 quae
2279 2379 2335 2433 in
2371 2379 2491 2434 luce
2526 2389 2677 2435 sunt.
2709 2378 3073 2446 Quamobrem
3108 2395 3248 2450 aqua
3283 2382 3471 2450 supcr'

1873 2488 2034 2543 quam
2065 2471 2160 2528 Dei
2208 2472 2435 2542 spiritus
2469 2472 2767 2538 ferebatur,
2807 2472 2862 2527 in
2898 2473 3018 2528 luce
3045 2481 3163 2528 erat
3195 2475 3445 2540 omnino,

1870 2575 1925 2621 et
1959 2580 1991 2620 a
2018 2564 2259 2621 tenebris
2289 2572 2543 2634 separata
2564 2603 2580 2628 ,
2612 2572 2667 2620 et
2703 2564 2825 2620 ideo
2860 2565 2936 2619 illi
2968 2580 3076 2619 nun
3109 2572 3230 2620 erat
3258 2580 3400 2635 opus
3430 2607 3446 2631 ,

1870 2672 1996 2712 cum
2027 2658 2084 2725 in
2115 2656 2357 2711 tenebris
2388 2670 2493 2710 non
2524 2663 2704 2723 esset,
2735 2664 2796 2711 ut
2822 2656 3212 2712 illustraretur.
3241 2656 3374 2723 Quae
3400 2657 3449 2714 si

1869 2754 2020 2803 recte
2053 2747 2404 2803 considerata
2438 2753 2599 2811 sunt,
2637 2762 2779 2816 aqua
2815 2745 3102 2817 profecto,
3136 2762 3300 2817 super
3329 2762 3443 2818 qua

1873 2838 2147 2895 ferebatur
2219 2837 2451 2908 spiritus
2504 2836 2643 2904 Dei,
2690 2836 2907 2893 diversa
2957 2846 3042 2893 est
3092 2838 3163 2894 ab
3211 2840 3445 2895 istarum

1867 2944 2133 3001 aquarum
2163 2936 2393 2994 natura,
2447 2944 2570 2998 quae
2620 2928 2877 2984 deorsum
2913 2927 3125 2994 fluunt,
3167 2938 3234 2995 et,
3262 2929 3447 2986 firma-

1869 3026 2055 3074 mento
2085 3019 2154 3074 ab
2190 3034 2331 3090 aqua
2366 3019 2520 3091 gravi
2555 3027 2610 3075 et
2644 3019 2709 3074 ad
2751 3018 3010 3075 inferiora
3053 3019 3315 3083 tendente
3357 3036 3449 3078 se-

189 3111 513 3183 ὑψηλοτέρας
562 3111 801 3181 θεωρίας
836 3111 899 3163 τὸ
934 3109 1044 3163 τῶν
1069 3110 1275 3182 νοητῶν
1315 3111 1595 3180 δυνάμεων
1626 3108 1763 3180 πλή-

1946 3108 2133 3179 igitur.
2187 3109 2344 3176 Quod
2392 3121 2573 3164 autem
2624 3109 2679 3163 in
2717 3107 2999 3180 Scriptura
3032 3118 3260 3166 vocetur
3306 3125 3448 3182 aqua

188 3222 332 3274 ρωμα
365 3203 739 3276 σημαίνεσθαι
774 3203 1165 3274 στοχαζόμεθα,
1201 3202 1492 3269 ξενιζέσθω
1542 3202 1629 3255 διὰ
1671 3202 1769 3273 τῆς

185 3298 488 3368 ὁμωνυμίας
542 3295 758 3367 μηδείς.
809 3295 919 3349 Καὶ.
947 3295 1058 3367 γὰρ
1100 3295 1197 3348 καὶ
1228 3296 1258 3348 ό
1301 3295 1433 3358 Θεὸς
1479 3294 1591 3366 πῦρ
1638 3312 1769 3349 κατ-

184 3389 460 3442 αναλίσκον
487 3387 668 3447 ἐστὶν,
717 3385 853 3439 ἀλλὰ
888 3384 1181 3455 καθαρεύει
1214 3386 1314 3456 τῆς
1364 3384 1555 3456 ὑλικῆς
1585 3401 1766 3456 σημα-

186 3478 295 3540 σίας
325 3478 417 3531 τοῦ
444 3476 631 3548 πυρὸς
660 3478 690 3529 ό
734 3475 913 3544 λόγος,
969 3476 1178 3544 ’Ὠσπερ
1207 3470 1300 3529 οὖν
1349 3475 1441 3528 τὸν
1489 3474 1622 3529 Θεὸν
1656 3472 1768 3546 πῦρ

188 3569 358 3639 μαθὼν
376 3563 546 3633 εἶναι,
576 3560 713 3623 ἄλλο
742 3583 796 3619 τι
827 3565 989 3631 αὑτὸν
1023 3565 1178 3636 παρά
1199 3564 1259 3618 τὸ
1295 3562 1409 3636 πῦρ
1434 3564 1592 3618 τοῦτο
1612 3565 1767 3635 ἐνόη-

188 3677 277 3723 σας
303 3679 317 3691 ·
345 3660 622 3715 οὕτωκαὶ
668 3656 816 3728 ὕδωρ
861 3656 992 3728 θείῳ
1045 3655 1318 3726 πνεύματι
1369 3654 1767 3725 ἐπιφερόμενον

184 3754 455 3826 διδαχθεὶς,
493 3755 573 3826 μὴ
613 3751 717 3824 τὴν
761 3750 1060 3821 κατωφερῆ
1110 3749 1270 3818 φύσιν
1307 3749 1506 3822 νοήσῃς
1544 3747 1639 3818 τὴν
1690 3748 1770 3811 είς

187 3848 282 3916 γῆν
311 3848 758 3920 καταρρέουσαν.
813 3843 888 3897 Τὸ
924 3843 1034 3915 γὰρ
1083 3840 1298 3913 πνεῦμα
1337 3840 1434 3895 τοῦ
1481 3839 1616 3895 Θεοῦ
1656 3843 1770 3903 τοῖς

188 3936 470 4008 χθαμαλοῖς
518 3955 584 3991 τε
642 3934 744 3989 καὶ¹
779 3933 1033 3996 ἀστάτοις
1052 3932 1153 3985 οὐκ
1183 3932 1525 4005 ἐπιφέρεται.
1555 3929 1767 3985 Οὐκοῦν

186 4026 253 4090 ὡς
274 4027 336 4080 ἂν
375 4028 771 4099 φανερώτερον
800 4026 934 4096 ἡμῖν
980 4022 1346 4094 ἐκκαλυφθείη
1369 4023 1430 4077 τὸ
1457 4021 1655 4091 νόημα,
1681 4018 1769 4074 διὰ

190 4120 467 4191 συντομίας
513 4119 613 4174 τὸν
645 4116 775 4171 νοῦν
818 4115 930 4170 τῶν
970 4115 1277 4188 εἰρημένων
1327 4109 1731 4181 ἀναληψώμεθα
1750 4126 1765 4142 ο

188 4210 339 4263 ὅτιτὸ
370 4212 675 4281 στερέωμα
713 4207 744 4261 ὃ
770 4206 1050 4278 ἐπεκλήθη
1099 4205 1349 4275 οὐρανὸς,
1388 4204 1638 4275 μεθόριον
1666 4204 1769 4273 τῆς

186 4298 432 4371 αἰσθητῆς
466 4301 594 4353 ἐστι
648 4297 903 4360 κτίσεως,
936 4295 1000 4349 τὸ
1033 4295 1088 4348 δὲ
1115 4294 1211 4348 ἀπ’
1241 4293 1470 4356 ἐκείνου,
1497 4293 1660 4367 νοητή
1686 4309 1770 4357 τις

186 4390 469 4461 διαδέχεται
498 4390 707 4452 κτίσις,
745 4388 804 4441 ἐν
832 4381 867 4460 ᾖ
907 4387 1009 4441 οὑκ
1040 4383 1201 4449 εἶδος,
1226 4385 1288 4437 οὐ
1337 4382 1585 4454 μέγεθος,
1609 4382 1708 4452 οὑχ
1734 4384 1767 4452 ή

1869 3201 2035 3255 etiam
2069 3201 2161 3254 illa
2183 3240 2198 3265 ,
2230 3215 2337 3270 qua
2383 3200 2690 3257 sublimiori
2731 3201 3196 3273 contemplatione
3237 3202 3449 3258 divinae

1870 3305 1993 3345 rum
2040 3291 2310 3346 mentium
2356 3290 2639 3361 plenitudo
2694 3292 3059 3363 signiﬁcatur,
3108 3308 3176 3351 ne
3217 3295 3342 3364 quis
3392 3292 3449 3350 id

1870 3382 2147 3450 alienum,
2201 3392 2296 3439 aut
2348 3399 2550 3438 novum
2597 3391 2770 3454 putet.
2821 3384 2957 3439 Nam
3004 3393 3058 3440 et
3105 3385 3250 3441 Deus
3304 3385 3449 3457 ignis

1869 3488 2202 3530 consumens
2235 3482 2320 3530 est
2351 3477 2420 3541 “,
2455 3482 2698 3531 attamen
2729 3475 2798 3530 ab
2832 3476 2977 3545 ignis
3008 3477 3239 3532 materia
3269 3491 3446 3548 purus

1869 3564 2211 3639 intelligitur.
2233 3564 2703 3631 Quemadmodum
2730 3565 2918 3636 igitur,
2943 3580 3068 3621 cum
3091 3567 3249 3622 audis
3275 3565 3446 3623 Deum

1867 3670 1992 3711 esse
2031 3657 2241 3727 ignem,
2278 3656 2429 3711 aliud
2458 3656 2718 3727 quiddam
2759 3657 2830 3713 ab
2860 3657 2967 3714 isto
2999 3658 3123 3728 igne
3156 3657 3445 3714 diversum

1868 3763 1993 3804 esse
2020 3749 2175 3803 illum
2215 3748 2468 3819 cogitas:
2510 3747 2593 3803 sic
2635 3748 2801 3802 etiam
2845 3763 2969 3804 cum
3000 3749 3188 3804 divino
3227 3748 3449 3819 spiritui

1869 3854 2066 3911 aquam
2095 3839 2397 3910 subjectam
2427 3839 2624 3903 discis,
2650 3855 2721 3895 ne
2754 3849 2913 3912 putes
2949 3841 3098 3896 illam
3130 3856 3255 3898 esse
3284 3841 3448 3897 istam

1869 3947 1990 4003 quae
2016 3930 2276 3991 inferiora
2304 3939 2496 4001 petens
2527 3932 2582 3986 in
2616 3940 2817 3986 terram
2856 3931 2995 3988 lluit.
3031 3931 3168 3988 Nam
3218 3932 3448 4003 spiritus

1869 4021 1967 4078 Dei
2025 4036 2190 4092 super
2250 4020 2484 4077 terrenis
2539 4022 2661 4076 istis
2714 4031 2880 4092 atque
2929 4024 3279 4081 instabilibus
3334 4038 3448 4080 non

1868 4111 2059 4168 fertur.
2092 4110 2327 4175 Verum,
2360 4118 2418 4165 ut
2450 4111 2653 4167 clarior
2686 4115 2846 4170 nobis
2881 4113 2968 4169 hic
2998 4129 3195 4170 sensus
3228 4108 3445 4186 pateat,

1867 4205 2103 4261 breviter
2115 4210 2425 4274 repetamus
2449 4218 2513 4258 ea
2526 4219 2647 4274 qua!
2663 4204 2807 4259 dicta
2821 4212 2971 4259 sunt.
2990 4204 3445 4273 Firmamentum,

1870 4295 2016 4367 quod
2046 4303 2301 4349 vocatum
2324 4302 2412 4350 est
2440 4294 2640 4350 etelum
2665 4334 2681 4359 ,
2705 4295 2978 4351 terminus
3003 4305 3089 4352 est
3115 4312 3298 4352 rerum
3325 4313 3448 4370 qua

1872 4387 2128 4444 sensibus
2159 4384 2739 4454 comprehenduntur:
2775 4384 2924 4456 quod
2955 4385 3101 4441 ultra
3133 4387 3287 4443 illum
3332 4395 3443 4445 ter-

192 4482 273 4534 ἐπὶ
303 4484 468 4537 τόπου
510 4482 697 4547 θέσις,
720 4480 781 4532 οὐ
826 4477 889 4532 τὸ
933 4479 998 4532 ἐκ
1028 4476 1415 4548 διαστημάτων
1461 4474 1682 4546 μέτρον,
1702 4473 1763 4527 οὐ

1950 4492 2079 4532 num
2115 4482 2230 4542 est,
2282 4476 2336 4530 id
2374 4491 2465 4532 res
2514 4476 2620 4530 illae
2657 4491 2781 4547 quae
2817 4484 3000 4534 mente
3038 4478 3444 4550 percipiuntur.

189 4573 388 4644 χρῶμα,
410 4574 474 4627 οὐ
508 4572 731 4642 σχῆμα,
778 4569 840 4623 οὐ
876 4568 1199 4639 πηλικότης,
1250 4567 1351 4620 οὑκ
1399 4564 1529 4619 ἀλλο
1564 4581 1618 4618 τι
1656 4563 1764 4618 τῶν

190 4666 281 4720 ὑπὸ
304 4667 392 4721 τὸν
418 4665 664 4738 οὐρανὸν
694 4659 1085 4730 θεωρουμένων
1124 4656 1297 4713 οὐδέν.
1332 4657 1444 4711 Καί
1477 4673 1544 4727 με
1578 4654 1766 4727 μηδεὶς

192 4758 466 4812 ὑπονοείτω
494 4757 589 4810 διὰ
633 4752 739 4822 τῆς
769 4750 1127 4825 τροπολογίας
1161 4749 1422 4820 σύγχυσιν
1443 4747 1670 4816 ἐπάγειν
1696 4749 1761 4818 τῇ

194 4846 377 4921 θεωρία
423 4848 529 4920 τῆς
573 4845 806 4910 λέξεως,
862 4843 937 4907 ὡς
979 4844 1101 4905 ταῖς
1158 4839 1435 4902 ὑπονοίαις
1495 4838 1604 4892 τῶν
1660 4838 1766 4910 πρὸ

193 4941 332 5007 ἡμῶν
377 4939 446 4993 τὰ
482 4935 728 4992 τοιαῦτα
770 4932 1193 5005 τεθεωρηκότων
1251 4929 1644 5003 συμφέρεσθαι,
1671 4929 1767 4983 καί

195 5029 350 5099 λέγειν
375 5050 389 5063 ·
424 5030 527 5096 τὰς
567 5028 678 5098 μὲν
711 5022 1076 5097 ἀποπατικὰς
1104 5022 1381 5092 δυνάμεις,
1416 5020 1650 5076 ἄϐυσσον
1679 5020 1765 5074 λέ-

198 5124 398 5187 γεσθαιο
416 5124 516 5177 τὸν
540 5122 604 5176 δὲ
633 5117 1064 5188 κοσμοκράτορα
1085 5114 1179 5169 τοῦ
1202 5113 1456 5179 σκότους,
1490 5113 1553 5166 τὸ
1581 5113 1765 5167 ἐπάνω

196 5212 284 5281 τῆς
309 5213 546 5266 ἀϐύσσου
583 5208 839 5265 νοεῖσθαι
889 5206 1097 5271 σκότος.
1128 5207 1355 5276 Μήποτε
1382 5204 1526 5258 οὕτω
1584 5221 1764 5275 παρα-

195 5306 514 5377 νομήσαιμι,
547 5304 632 5367 ὡς
700 5303 914 5371 ποίημα
945 5300 1081 5355 Θεοῦ
1124 5285 1225 5373 τὴν
1281 5298 1479 5354 κακίαν
1522 5299 1712 5371 νοῆσαι
1748 5316 1764 5332 ο

197 5393 365 5462 σαφῶς
382 5395 637 5457 εἰπόντος
668 5391 770 5445 ἐπὶ
815 5388 1111 5459 κεφαλαίου
1148 5388 1242 5443 τοῦ
1288 5388 1435 5443 θείου
1466 5388 1648 5458 λόγου,
1683 5388 1765 5442 ὅτι

204 5499 223 5535 ι
256 5485 356 5539 Καὶ
406 5479 550 5540 εἶδεν
596 5485 629 5538 ὁ
685 5480 827 5544 Θεὸς
874 5480 943 5533 τὰ
989 5480 1168 5535 πάντα
1209 5480 1311 5535 ὅσα
1352 5479 1627 5552 ἐποίησεν,
1673 5479 1767 5533 καὶ

1871 4571 2154 4641 excipiunt
2177 4610 2194 4637 ,
2241 4570 2298 4624 in
2335 4569 2537 4640 quibus
2574 4586 2675 4626 nec
2706 4571 2920 4641 species
2947 4579 3067 4639 est,
3100 4588 3204 4630 nec
3233 4573 3443 4645 magni-

1874 4662 2040 4723 tudo,
2087 4675 2190 4716 nec
2232 4660 2374 4715 situs
2419 4661 2474 4714 in
2520 4660 2671 4722 loco,
2700 4676 2802 4715 nec
2836 4661 3106 4718 intervalli
3140 4676 3444 4726 mensura,

1870 4769 1973 4810 nec
2021 4753 2193 4819 color,
2233 4767 2337 4808 nec
2384 4753 2589 4825 ﬁgura,
2639 4768 2741 4808 nec
2768 4756 3085 4823 quantitas,
3136 4766 3240 4807 nec
3282 4750 3443 4820 quid-

1870 4860 2033 4917 quam
2079 4845 2225 4900 aliud
2261 4860 2451 4901 eorum
2484 4859 2608 4916 quae
2644 4844 2748 4902 sub
2782 4845 2925 4900 coelo
2957 4850 3283 4899 cernuntur.
3331 4840 3448 4898 Nec

1873 4935 2167 5005 quisquam
2197 4933 2517 5001 arbitretur,
2543 4949 2646 4991 nos
2678 4934 2970 4989 verborum
3005 4930 3441 5000 interpretationi

1872 5039 1939 5081 ex
1972 5029 2073 5079 hac
2107 5026 2301 5081 morali
2331 5025 2673 5096 expositione
2697 5022 3083 5081 confusionem
3127 5020 3350 5089 afferre,
3383 5027 3444 5077 ut

1873 5117 2228 5188 Opinionibus
2259 5131 2450 5171 eorum
2485 5116 2580 5186 qui
2609 5122 2737 5170 ante
2766 5129 2868 5169 nos
2897 5112 3241 5183 interpretati
3272 5123 3441 5180 sunt,

1870 5208 2150 5264 faveamus
2175 5248 2191 5273 ,
2221 5208 2585 5278 dicamusque
2624 5212 2928 5276 potestates
2953 5204 3077 5261 illas
3122 5220 3245 5276 quae
3288 5203 3441 5261 defe-

1872 5305 2070 5354 cerunt
2088 5336 2105 5363 ,
2134 5298 2395 5369 abyssum
2425 5298 2570 5353 dici:
2598 5294 2903 5368 principem
2928 5310 3062 5352 vero
3089 5296 3443 5353 tenebrarum

1871 5389 2102 5459 intelligi
2131 5388 2387 5445 tenebras
2417 5389 2541 5445 illas
2561 5427 2577 5453 ,
2611 5402 2733 5458 quae
2761 5402 2928 5459 super
2953 5388 3215 5460 abyssum
3259 5393 3439 5444 erant.

1872 5479 2166 5552 Nunquam
2192 5479 2338 5536 enim
2365 5480 2442 5535 ita
2474 5476 2766 5537 delirarem
2793 5521 2809 5549 ,
2845 5487 2905 5536 ut
2939 5495 3028 5537 res
3058 5494 3089 5535 a
3120 5477 3231 5536 Deo
3266 5473 3441 5539 factas

265 5656 305 5694 ¹⁹
337 5658 541 5729 Gen.t,
584 5658 644 5713 2.
731 5657 779 5687 ’°
816 5653 1030 5722 Joan.t,
1068 5657 1118 5713 9.
1197 5659 1238 5689 ²¹
1281 5656 1303 5711 l
1343 5656 1483 5713 Tim.
1529 5673 1603 5725 γι,
1646 5652 1733 5713 l6.

1946 5665 2047 5714 cut.
2104 5672 2178 5723 tv,
2219 5657 2324 5727 εκ
2365 5655 2531 5714 Hebr.
2575 5671 2673 5722 xu,
2716 5656 2804 5713 29.
