3768 6000
311 253 384 312 83
1572 264 1630 320 5.
1662 265 1877 323 Giich

2028 268 2319 327 NYSSENI
3487 272 3567 330 84

314 376 485 432 inalas
516 392 638 434 esse
673 379 926 435 ducerem
949 420 965 444 ,
999 394 1121 437 cum
1158 381 1447 452 perspicue
1471 399 1741 441 summam
1773 390 1877 444 col-

1998 393 2101 446 ἰδοὺ
2149 392 2219 446 τὰ
2252 394 2427 447 πάντα
2452 392 2608 461 ,καλὰ
2644 393 2784 447 λίαν.
2826 412 2843 445 ι
2879 394 2941 446 Εἰ
2976 392 3031 446 δὲ
3076 393 3252 446 πάντα
3281 391 3422 446 καλὰ
3461 394 3568 446 ὅσα

313 469 489 537 ligens
516 470 698 524 divina
728 471 1012 542 Scriptura
1044 475 1226 529 dicat:
1249 493 1269 525 ε
1299 476 1363 529 Et
1396 476 1534 530 vidit
1567 475 1710 533 Deus
1743 494 1883 534 cun-

314 570 399 614 cta
436 577 556 630 qua:
592 561 832 629 fecerat,
865 575 917 620 et
946 576 1103 620 erant
1146 568 1302 622 valde
1334 569 1474 623 bona
1501 568 1569 622 ".
1602 588 1619 620 ι
1642 570 1799 636 Quod
1835 572 1879 626 si

311 667 651 723 quaecumque
689 654 831 709 Deus
865 656 993 710 fecit
1027 659 1361 723 sunt‘bona,
1396 659 1628 731 abyssus
1662 673 1840 716 autem
1863 701 1879 726 ,

287 758 538 813 quaeque
572 744 641 797 ad
677 746 823 800 illam
858 747 1164 817 pertinent,
1201 764 1230 801 a
1266 766 1495 805 numero
1527 767 1714 805 eorum
1763 769 1884 823 quae

318 833 460 886 facta
493 842 623 888 sunt
654 850 683 887 a
719 836 828 892 Deo
849 878 864 901 ,
902 854 1013 893 non
1039 840 1450 895 excluduntur:
1486 848 1541 895 et
1569 841 1683 896 hac
1716 845 1882 914 igitur

314 924 368 977 in
398 924 591 980 ordine
620 943 721 982 suo
750 929 892 982 bona
913 970 928 995 ,
968 930 1133 985 etiam
1179 931 1414 1002 abyssus
1445 932 1563 1001 ipsa
1584 972 1598 998 ,
1632 932 1758 988 licet
1791 933 1882 987 lux

288 1018 476 1072 rebus
503 1019 668 1074 insita
698 1021 940 1075 nondum
975 1024 1122 1077 circa
1175 1024 1323 1077 illam
1374 1024 1703 1095 splenderet.
1746 1025 1883 1081 Pro-

312 1112 439 1166 inde
469 1128 590 1166 cum
620 1113 673 1166 in
702 1112 985 1184 Scriptura
1033 1117 1292 1188 abyssum
1325 1118 1522 1181 audio,
1571 1118 1881 1173 multitudi-

315 1219 436 1257 nem
480 1218 743 1273 aquarum
789 1207 1088 1275 signiﬁcari
1136 1209 1281 1262 dico.
1338 1208 1427 1262 Sic
1458 1210 1604 1264 enim
1646 1211 1698 1263 in
1734 1211 1882 1279 psal-

313 1294 421 1347 mis
445 1310 662 1365 quoque
691 1296 1055 1351 describitur:
1095 1318 1113 1350 ι
1134 1300 1486 1354 Conturbatae
1517 1310 1644 1354 sunt
1671 1301 1878 1371 abyssi,

314 1386 608 1441 multitudo
652 1389 864 1443 sonitus
912 1405 1179 1459 aquarum
1212 1391 1277 1444 ω.
1318 1411 1334 1441 ι
1368 1390 1646 1447 Tenebras
1698 1401 1879 1445 autem

312 1477 461 1530 circa
526 1479 673 1531 illam
728 1481 998 1544 audiens,
1047 1481 1154 1534 vim
1208 1481 1519 1536 illustrandi
1574 1482 1628 1535 in
1691 1497 1878 1536 rerum

314 1567 671 1624 universitate
691 1572 851 1626 sitam
880 1572 1117 1626 nondum
1139 1573 1376 1628 eluxisse
1409 1573 1672 1643 intelligo.
1703 1574 1881 1643 Aqua-

313 1673 435 1711 rum
464 1675 591 1713 vero
617 1663 1015 1729 separationem
1046 1679 1141 1733 per
1177 1665 1577 1720 ﬁrmamentum
1609 1679 1880 1720 conseru-

314 1758 420 1803 tam
456 1750 674 1806 discens
708 1768 738 1806 a
773 1753 1091 1823 Scriptura,
1141 1756 1274 1809 nihil
1317 1756 1652 1821 absurdum,
1705 1764 1800 1809 aut
1848 1771 1876 1809 a

311 1843 552 1898 nominis
592 1846 990 1915 signilicatione
1016 1848 1251 1902 alienum
1287 1848 1416 1901 mihi
1465 1848 1644 1904 facere
1669 1851 1878 1912 videor.

313 1931 360 1984 si
411 1932 709 1988 discrimen
756 1935 896 1989 inter
924 1950 1110 1989 earum
1153 1944 1381 1992 naturas
1423 1938 1762 2009 intelligam,
1808 1948 1882 1993 at-

312 2037 417 2090 que
462 2038 631 2077 unum
677 2039 849 2095 genus
903 2025 1120 2079 illarum
1164 2041 1383 2081 sursum
1435 2027 1692 2090 tendere,
1744 2028 1882 2081 nihil

316 2113 605 2180 gravitatis
669 2114 907 2178 habere,
972 2124 1025 2169 et
1088 2116 1265 2185 ignem
1328 2117 1546 2172 levitate
1615 2133 1878 2188 superare

314 2204 447 2256 mihi
494 2207 891 2274 persuadeam,
942 2207 1079 2261 adeo
1121 2218 1180 2261 ut
1221 2223 1386 2278 supra
1440 2217 1692 2263 naturam
1747 2211 1879 2264 cali-

312 2295 436 2348 dum
495 2311 752 2359 manens,
800 2298 945 2354 illius
1002 2301 1232 2370 subjecti
1293 2316 1391 2355 nec
1448 2310 1598 2355 motu
1659 2303 1883 2357 convel-

313 2388 474 2451 latur,
512 2402 611 2443 nec
643 2389 835 2443 ardore
883 2391 935 2444 in
977 2391 1252 2446 diversum
1294 2393 1538 2446 ordinem
1582 2402 1883 2447 commute-

311 2489 421 2541 tur,
455 2479 550 2533 sed
582 2478 693 2550 igni
720 2480 1151 2535 subtercurrcnti
1176 2482 1384 2534 nullum
1417 2482 1484 2535 ad
1514 2496 1573 2536 se
1596 2495 1881 2537 accessum

314 2571 562 2641 praebens
583 2610 596 2635 ,
631 2572 903 2640 integrum
934 2580 1170 2625 maneat.
1204 2571 1490 2638 Quomodo
1520 2573 1667 2627 enim
1688 2613 1701 2638 ,
1737 2573 1882 2643 quod

287 2663 540 2718 .materia
579 2671 758 2724 caret,
795 2677 845 2717 et
880 2677 940 2717 se
978 2662 1158 2717 locum
1193 2664 1601 2729 accommodet,
1632 2664 1778 2734 quod
1815 2679 1883 2720 ex

313 2755 541 2811 materia
572 2755 833 2809 constat?
863 2752 1111 2810 Alterum
1154 2763 1333 2809 autem
1386 2755 1519 2810 illud
1556 2771 1680 2812 esse
1722 2757 1883 2827 cujus

315 2855 567 2901 naturam
618 2855 671 2903 et
716 2847 922 2909 oculis,
977 2858 1030 2902 et
1068 2855 1266 2917 gustu,
1318 2855 1368 2902 et
1411 2856 1557 2903 tactu
1598 2851 1882 2919 cognosci-

290 2955 456 2993 ‘mus.
491 2939 621 3004 Quae
654 2943 799 2993 enim
844 2941 929 2993 hic
952 2979 965 3003 ,
1001 2948 1054 2995 ct
1092 2940 1350 2994 deorsum
1396 2940 1568 2994 fertur
1609 2956 1747 3009 aqua
1771 2980 1784 3003 ,
1828 2950 1883 2995 et

315 3032 589 3099 perlucida
621 3032 882 3096 cernitur,
914 3039 968 3087 et
997 3041 1156 3102 gustu
1191 3033 1550 3102 dignoscitur,
1585 3048 1703 3088 eam
1728 3075 1742 3096 ,
1776 3048 1876 3088 na-
1905 3047 1948 3104 α

314 3134 436 3177 tura
467 3123 585 3192 ejus
619 3131 898 3192 perspecta
926 3133 979 3177 et
1008 3124 1223 3193 cognita
1246 3166 1258 3189 ,
1298 3125 1363 3179 ad
1395 3124 1554 3177 aliam
1606 3126 1882 3181 notionem

315 3213 613 3269 transferre
645 3230 751 3268 non
779 3215 1043 3284 cogimur.

292 3330 297 3339 -
387 3313 451 3362 At
480 3325 600 3380 qum
633 3310 743 3364 illic
774 3324 913 3379 aqua
943 3309 1162 3372 dicitur,
1195 3326 1319 3364 cum
1351 3323 1450 3365 nec
1488 3312 1752 3374 videatur.
1783 3328 1883 3369 nec

315 3404 480 3466 ﬂuat,
510 3417 609 3456 ncc
636 3402 761 3456 ullis
791 3417 1018 3472 prorsus
1048 3400 1317 3470 ejusmodi
1349 3403 1597 3458 terminis
1630 3420 1882 3459 coercea-

312 3502 425 3555 tnr,
468 3490 667 3560 quibus
706 3498 899 3543 natura
940 3488 1163 3543 humida
1202 3491 1535 3558 continetur,
1584 3493 1677 3547 sed
1729 3504 1881 3548 extra

313 3581 492 3632 locum
537 3579 607 3633 sit
636 3587 689 3633 et
718 3592 914 3648 expers
949 3578 1192 3632 ouminm
1224 3579 1585 3647 qualitatum,
1627 3598 1746 3651 qua:
1780 3585 1882 3637 sub

312 3684 530 3725 sensum
589 3668 824 3731 cadunt,
878 3668 926 3724 si
1001 3684 1168 3737 super
1218 3669 1335 3739 ipsa
1387 3669 1593 3724 feratur
1653 3674 1880 3742 spiritus

313 3759 440 3824 Dei,
494 3768 547 3814 et
588 3774 751 3826 supra
804 3761 973 3813 caelos
1011 3775 1134 3814 esse
1184 3760 1463 3824 credatur,
1520 3768 1573 3816 et
1623 3763 1880 3817 omnibus

310 3864 432 3919 quae
470 3864 633 3902 sensu
664 3855 1091 3916 cognoscuntur,
1128 3849 1382 3916 superior
1412 3851 1514 3911 sit,
1550 3855 1644 3919 qui
1693 3866 1801 3906 non
1850 3868 1877 3904 a

311 3939 586 3995 communi
620 3954 759 4007 aqua
791 3939 1062 3992 diversam
1110 3946 1297 4008 pttlet,
1350 3951 1713 4010 naturamque
1754 3958 1879 3996 scn—

310 4032 464 4086 sibus
506 4046 614 4083 non
649 4030 939 4084 obnoxiam
963 4071 977 4093 ,
1019 4029 1113 4083 sed
1164 4030 1347 4084 animo
1393 4046 1456 4084 ac
1492 4042 1669 4086 nseute
1702 4034 1877 4087 solum

308 4110 759 4192 comprehensam
806 4120 1114 4186 existimet,
1167 4119 1311 4173 inter
1337 4135 1471 4183 eos;
1502 4121 1595 4189 qui
1629 4122 1879 4189 judicare

308 4220 573 4284 possunt,
623 4211 862 4265 arbitror
899 4224 1022 4265 esse
1063 4210 1355 4263 neminem.
1400 4208 1535 4262 Nam
1571 4224 1627 4264 ut
1673 4228 1737 4266 es
1782 4230 1876 4268 su-

307 4306 521 4377 periore
556 4304 915 4373 1isputatione
939 4301 1311 4356 conclusimus
1332 4341 1346 4365 ,
1397 4302 1660 4370 quidquid
1693 4320 1873 4360 move-

1984 484 2238 554 ἐποίησεν
2264 485 2292 535 ὑ
2338 484 2490 549 Θεὸς,
2521 487 2552 554 ἡ
2585 485 2641 537 δὲ
2690 484 2923 547 ἄϐυσσος
2976 484 3070 537 καὶ⁵
3101 485 3168 537 τά
3209 484 3338 555 περὶ
3383 485 3568 554 αὑτὴν

1984 573 2082 627 οὑκ
2112 573 2214 639 ἔξω
2242 573 2349 626 τῶν
2389 575 2541 646 παρὰ
2588 574 2680 627 τοὺ
2714 574 2847 627 Θεοῦ
2878 575 3176 643 γεγονότων
3221 575 3367 627 ἐστίν
3403 592 3417 605 ·
3449 574 3565 647 ἄρα

1985 665 2126 719 καλὰ
2171 666 2263 719 καὶ
2303 665 2477 720 ταῦτα
2505 667 2583 736 τῷ
2634 666 2746 736 ἰδίῳ
2769 666 2933 737 λόγῳ,
2971 666 3075 719 κᾶν
3096 665 3332 729 ἄϐυσσος
3454 666 3566 719 κᾶν
3616 732 3621 741 ⁸

1987 759 2152 827 μήπω
2194 757 2323 828 περὶ
2368 757 2538 829 αὐτὴν
2583 758 2772 828 λάμπῃ
2818 758 2877 810 τὸ
2906 760 3018 818 τοῖς
3059 753 3209 812 οὖσιν
3240 758 3567 828 ἐγκείμενον

1985 848 2118 917 φῶς.
2161 848 2371 904 Οὐκοῦν
2411 848 2645 903 ἄϐυσσον
2679 850 2775 919 μὲν
2812 849 2962 920 παρὰ
2994 849 3095 919 τῆς
3128 849 3348 919 Γραφῆς
3389 849 3565 902 ἀκού-

1986 955 2102 1003 σας,
2135 938 2195 990 τδ
2224 938 2426 1009 πλῆθος
2451 937 2560 992 τῶν
2582 938 2786 992 ὑδάτων
2818 938 3177 1009 σημαίνεσθαι
3208 937 3371 1005 λέγω.
3400 936 3565 991 Οὕτω

1983 1032 2092 1101 γὰρ
2127 1029 2293 1102 αὑτὴν
2331 1030 2425 1085 καὶ
2460 1031 2495 1101 ἡ
2528 1029 2815 1101 ψαλμωδία
2849 1029 3087 1100 ὁρίζεται
3110 1028 3363 1096 λέγουσα·
3393 1049 3410 1080 ι
3436 1029 3591 1087 Ἑτα-

1990 1121 2267 1194 ράχθησαν
2326 1122 2382 1174 αἱ
2445 1119 2694 1185 ἄϐυσσοι,
2734 1118 2935 1188 πλῆθος
2968 1119 3133 1188 ἤχους
3170 1117 3398 1170 ὑδάτων·
3445 1134 3465 1167 ι
3502 1115 3564 1168 τὺ

1981 1208 2037 1262 δὲ
2065 1208 2193 1280 περὶ
2235 1208 2406 1280 αὐτὴν
2449 1211 2637 1272 σκότος
2673 1208 2929 1272 ἀκούσας,
2953 1209 3014 1261 τὸ
3045 1210 3212 1277 μήπω
3255 1206 3563 1275 πεφηνέναι

1981 1297 2078 1369 τὴν
2129 1296 2458 1368 φωτιστικὴν
2489 1297 2718 1368 δύναμιν
2763 1297 2858 1368 τὴν
2908 1297 3229 1367 ἐγκειμένην
3276 1298 3341 1365 τῇ
3396 1294 3563 1362 φύσει

1980 1390 2089 1444 τῶν
2115 1390 2281 1444 ὄντων
2308 1391 2524 1460 ἐνόησα.
2551 1391 2839 1460 Χωρισμὸν
2862 1389 2918 1442 δέ
2942 1389 3163 1444 ὑδάτων.
3188 1388 3276 1441 διὰ
3314 1386 3407 1439 τοῦ
3443 1403 3564 1438 πε-

1986 1481 2263 1554 ριίδματος
2285 1482 2545 1552 γεγονότα
2574 1482 2723 1552 παρά
2752 1480 2852 1551 τῆς
2882 1480 3102 1551 Γραφῆς
3140 1479 3525 1546 διδασκόμενος
3545 1516 3561 1539 ,

1981 1574 2080 1626 οὐκ
2105 1573 2208 1639 ἔξω
2254 1590 2344 1644 μοι
2376 1571 2517 1625 δοκῶ
2546 1570 2638 1625 τοῦ
2688 1571 2895 1634 εἰκότος
2929 1572 3119 1631 ποιεῖν,
3161 1570 3254 1622 καὶ
3298 1569 3399 1637 τῆς
3432 1569 3563 1621 κατ’

1980 1664 2150 1733 ὄνομα
2198 1663 2491 1734 σημασίας,
2531 1663 2623 1715 ἐπὶ
2666 1661 2759 1715 τοῦ
2809 1661 2996 1724 ὓδατος
3030 1660 3306 1732 χωρισμὸν
3335 1659 3560 1717 ἐννοῶν,

1982 1756 2121 1809 ὥστε
2169 1755 2423 1826 διάφορον
2455 1755 2713 1826 ἐκατέρου
2761 1754 2859 1824 τὴν
2911 1753 3069 1822 φύσιν
3099 1752 3306 1805 οἴεσθαι
3339 1751 3437 1804 καὶ
3464 1766 3563 1802 πε·
3594 1814 3599 1819 τ

1984 1845 2202 1901 πεῖσοαι
2223 1863 2235 1877 ·
2277 1845 2336 1898 τὸ
2366 1845 2462 1914 μὲν
2495 1845 2773 1915 ἀνωφερὲς
2802 1861 2861 1896 τε
2902 1847 2994 1897 καὶ
3026 1844 3227 1913 κοῦφον
3264 1838 3422 1904 εἶναι,
3462 1839 3565 1892 καὶ

1982 1938 2081 2007 τῆς
2102 1936 2429 2006 κουφότητος
2457 1933 2555 1988 τοῦ
2595 1935 2763 2005 πυρὸς
2790 1935 3146 2005 ἐλαφρότερον
3178 1952 3194 1967 ·
3226 1932 3363 1986 ὥστε
3386 1933 3561 2000 ὑπερ·

1983 2028 2095 2081 ἀνω
2123 2027 2218 2098 τῆς
2246 2025 2453 2096 θερμῆς
2500 2024 2683 2087 οὐσίας
2733 2024 2923 2094 μένον,
2959 2023 3092 2092 μήτε
3124 2024 3188 2091 τῇ
3225 2021 3433 2090 κινήσει
3461 2018 3562 2071 τοῦ

1984 2114 2343 2184 ὑποκειμένου
2394 2112 2907 2184 συμμετατίθεσθαι.
2966 2112 3100 2181 μήτε
3152 2112 3218 2180 τῇ
3260 2107 3562 2177 θερμότητι

1984 2208 2121 2280 πρὸς
2174 2206 2462 2260 ἀντίπαλον
2489 2205 2639 2272 τάξιν
2673 2202 3167 2266 ἀποκαθίστασθαι,
3198 2200 3310 2254 ἀλλ’
3337 2199 3471 2252 αὑτό
3500 2215 3561 2251 τε

1987 2299 2168 2368 μένειν
2193 2296 2476 2368 ἀμείωτον,
2504 2296 2583 2365 τῷ
2630 2312 2690 2348 τε
2723 2295 3071 2365 ὑποτρέχοντι
3121 2294 3253 2362 πυρὶ
3285 2288 3564 2361 μηδεμίαν

1983 2390 2049 2444 δι’
2079 2388 2270 2442 ἐαυτοῦ
2296 2388 2526 2458 πάροδον
2561 2388 2677 2458 ἐᾷν.
2704 2386 2826 2448 Πῶς
2859 2385 2967 2454 γὰρ
3002 2384 3066 2437 ἂν
3094 2384 3256 2445 τόπος
3280 2381 3358 2451 τῷ
3386 2379 3565 2450 ὑλικῷ

1983 2483 2044 2535 τὸ
2078 2482 2236 2536 άῦλον
2265 2481 2472 2549 γένοιτο
2497 2497 2511 2546 ;
2535 2481 2608 2533 Τὸ
2635 2479 2692 2532 δέ
2738 2479 2922 2550 ἕτερον
2949 2477 3093 2547 ὕδωρ
3120 2474 3274 2528 τοῦτο
3299 2470 3463 2537 εἶναι,
3495 2467 3563 2526 οὗ

1982 2573 2081 2645 τὴν
2111 2572 2270 2642 φύσιν
2299 2572 2390 2625 καὶ
2418 2569 2680 2641 ὀφθαλμῷ
2724 2568 2817 2623 καὶ
2861 2569 2968 2638 ἁφῇ
3007 2567 3098 2619 καὶ
3146 2564 3329 2633 γεύσει
3358 2563 3559 2634 γνωρι-

1983 2663 2166 2735 ζομεν.
2202 2665 2267 2715 Ὃ
2306 2663 2413 2733 γάρ
2447 2664 2539 2715 καὶ
2576 2662 2725 2714 κάτω
2782 2660 3025 2730 φέρεται,
3050 2658 3142 2710 καὶ
3185 2655 3370 2719 διειδὲς
3423 2652 3562 2707 καθ-

1983 2756 2195 2826 ορᾶται,
2223 2754 2314 2806 καὶ
2335 2756 2400 2823 τῇ
2427 2750 2612 2820 γεύσει
2641 2749 2982 2818 γινώσκεται,
3001 2748 3087 2802 διὰ
3116 2748 3216 2817 τῆς
3232 2744 3561 2815 ἐγκειμένης

1983 2845 2285 2914 ποιότητος,
2301 2842 2455 2895 τοῦτο
2479 2842 2613 2911 πρὸς
2633 2840 2798 2912 ἄλλην
2819 2840 2938 2893 τινὰ
2972 2839 3296 2911 μεταφέρειν
3324 2837 3561 2902 ἔννοιαν,

1984 2939 2018 3009 ἡ
2052 2936 2144 2990 τοῦ
2183 2933 2583 3005 γνωριζομένου
2632 2931 2793 3001 φύσις
2840 2932 2940 2984 οὐκ
2994 2929 3310 2998 ἀναγκάζει.

2013 3298 2218 3353 Ἐκεῖνο
2235 3296 2330 3366 μέν
2355 3311 2436 3347 τοι
2453 3291 2808 3360 τὸλεγόμενον
2827 3288 2991 3359 ὕδωρ,
3006 3288 3034 3340 ὃ
3053 3287 3185 3357 μήτε
3202 3285 3393 3355 ὁρᾶται
3416 3284 3564 3351 μήτε

1985 3394 2086 3461 ῥεῖ,
2113 3391 2247 3460 μήτε
2260 3387 2369 3438 τισὶ
2395 3384 2702 3456 περιέχεται
2722 3381 2876 3444 ὅλως,
2904 3374 2982 3442 οἷς
2998 3381 3030 3444 ὴ
3052 3377 3193 3447 ὑγρὰ
3210 3376 3415 3444 πέφυκε
3435 3375 3564 3427 δια-

1983 3480 2297 3554 κρατεῖσθαι
2323 3480 2502 3546 φύσις,
2538 3475 2650 3527 ἁλλ’
2678 3473 2782 3537 ἔξω
2825 3472 2922 3543 μὲν
2954 3470 3118 3523 τόπου
3150 3468 3317 3528 ἐστὶν,
3351 3465 3563 3533 ἀμιγὲς

1980 3578 2036 3630 δὲ
2063 3575 2240 3644 πάσης
2267 3573 2364 3642 τῆς
2395 3570 2512 3624 κατ’
2540 3567 2789 3636 αἴσθησιν
2815 3560 3216 3632 γνωριζομένης
3247 3557 3561 3626 ποιότητος,

1981 3670 2078 3721 οὐκ
2115 3668 2178 3722 ἄν
2207 3681 2328 3717 τινα
2363 3660 2514 3732 οἶμαι
2541 3659 2646 3711 τῶν
2680 3657 2883 3728 κρίνειν
2920 3651 3360 3721 ἐπεσκεμμὲνων,
3383 3648 3471 3701 διά
3494 3665 3559 3701 τε

1981 3760 2041 3814 τὸ
2069 3753 2435 3826 ὑποφέρεσθαι
2468 3751 2544 3820 τῷ
2593 3748 2860 3817 πνεύματι
2905 3744 2997 3799 τοῦ
3039 3743 3195 3815 Θεοῦ,
3225 3742 3316 3794 καὶ
3360 3739 3447 3792 διὰ
3492 3737 3563 3793 τὸ

1982 3848 2235 3917 ὑπεράνω
2284 3843 2392 3894 τῶν
2437 3838 2679 3908 οὐρανῶν
2712 3833 2849 3889 εἶναι
2897 3832 3188 3893 πιστεύειν,
3231 3831 3324 3883 καὶ
3355 3829 3445 3882 διὰ
3493 3830 3560 3882 τὸ

1982 3940 2198 3992 πάντων
2256 3934 2363 3987 τῶν
2417 3933 2482 3985 δι’
2540 3929 2843 4000 αἰσθήσεως
2895 3923 3310 3993 γινωσκομένων
3371 3920 3561 3991 μένειν

1981 4030 2262 4100 ἐξώτερον,
2293 4027 2366 4097 μὴ
2416 4023 2542 4078 ἄλλο
2586 4039 2638 4074 τι
2686 4018 2834 4090 παρὰ
2865 4018 2925 4070 τὸ
2961 4015 3136 4069 κοινὸν
3179 4016 3379 4066 ἐννοεῖν
3407 4012 3558 4085 ὕδωρ

1981 4121 2115 4191 πρὸς
2147 4118 2242 4189 τὴν
2287 4115 2480 4186 νοητὴν
2522 4112 2708 4166 οὑσίαν
2741 4112 2858 4171 ταῖς
2904 4106 3179 4167 ὑπονοίαις
3227 4104 3553 4174 φερόμενον.

1980 4210 2149 4263 Τοῦτο
2173 4207 2281 4277 γάρ
2300 4207 2365 4259 ἐκ
2387 4202 2494 4257 τῶν
2520 4197 2899 4269 ἐξητασμένων
2925 4192 3418 4262 ὑπενοήσαμεν,ὂτι
3442 4192 3558 4245 πᾶν

1979 4303 2038 4355 τὸ
2069 4299 2380 4368 κινούμενον
2411 4293 2558 4355 ἐντὸς
2576 4291 2674 4361 τῆς
2697 4288 2892 4359 νοητῆς
2916 4285 3127 4354 φύσεως
3157 4282 3557 4353 περιείργεται,

308 4374 418 4461 tur,
470 4412 499 4449 a
537 4403 733 4448 natura
760 4432 774 4455 ,
819 4408 941 4462 qua:
973 4401 1153 4447 mente
1188 4392 1302 4446 sola
1338 4393 1657 4469 percipitur,
1695 4398 1877 4449 exciu-

1998 4393 2076 4446 ιαί
2102 4392 2228 4461 περὶ
2268 4387 2426 4442 ἐαυτδ
2458 4386 2557 4455 τὴν
2591 4380 2932 4453 ἀναστροφὴν
2966 4378 3096 4448 ἔχει.
3135 4376 3299 4469 Ὄρος
3439 4378 3560 4439 τοῖς

309 4506 430 4545 sum
479 4498 589 4550 est,
643 4495 699 4541 et
748 4486 888 4539 circa
935 4486 1175 4553 scipsum
1224 4485 1636 4539 conversionem
1695 4487 1876 4544 habet.

309 4582 513 4636 Natura
541 4594 670 4635 vero
699 4580 942 4633 locorum
979 4577 1170 4645 spatiis
1205 4577 1530 4643 terminata,
1566 4579 1729 4633 rebus
1760 4597 1880 4650 quae

310 4680 601 4729 moventur
628 4669 761 4723 lines
795 4666 1113 4728 constituit,
1148 4668 1288 4718 ultra
1321 4683 1458 4735 quos
1495 4677 1722 4727 natura,
1767 4673 1880 4724 sola

309 4761 671 4833 intelligentia
706 4757 1140 4827 comprehensa,
1176 4759 1453 4826 nullisque
1502 4758 1743 4814 locorum
1790 4770 1882 4814 aut

312 4855 726 4911 intervallorum
795 4849 1228 4920 proprietatibus
1289 4850 1527 4904 obnoxia
1586 4853 1879 4921 reperitur.

312 4948 639 5016 Supremum
676 4945 840 5015 igitur
877 4949 1088 4995 natura:
1120 4941 1339 4995 sensilis
1381 4942 1696 5002 terminum,
1731 4951 1884 4996 extra

309 5054 471 5107 quem
511 5037 645 5089 nihil
681 5036 785 5089 tale
830 5041 934 5096 est,
968 5034 1146 5102 qualia
1180 5040 1305 5086 sunt
1339 5047 1401 5085 ea
1433 5048 1551 5101 qua:
1583 5032 1882 5093 cernimus,

310 5128 636 5183 lirmamcnti
687 5128 907 5181 nomine.
951 5126 1214 5180 declarari
1264 5124 1517 5189 dicimus,
1556 5124 1881 5179 sententiam

308 5231 553 5274 nostram
600 5218 885 5288 Scriptura
934 5219 1113 5273 verbis
1156 5219 1261 5273 illis
1303 5217 1711 5286 approbantezt
1742 5215 1885 5266 Divi-

310 5317 382 5367 sit
417 5311 560 5367 Deus
596 5313 737 5367 inter
783 5328 1002 5379 aquam,
1047 5328 1168 5381 qua:
1215 5318 1333 5365 erat
1383 5310 1487 5363 sub
1521 5308 1882 5365 ﬁrmamento,

309 5412 365 5457 et
394 5419 587 5471 aquam
620 5419 739 5473 qua:
765 5412 882 5459 erat
917 5419 1080 5472 super
1108 5403 1502 5455 firmamentum
1529 5400 1593 5452 ⁸³.
1625 5418 1642 5449 υ
1693 5395 1768 5449 Ετ
1800 5397 1882 5449 his

311 5498 474 5549 etiam
507 5502 674 5564 patet,
718 5512 786 5549 ne
821 5495 976 5549 initio
1005 5496 1222 5564 quidem
1257 5495 1395 5547 hanc
1428 5506 1552 5544 cum
1589 5489 1677 5541 illa
1710 5486 1881 5540 fuisse

389 5669 438 5704 "
474 5671 611 5727 Gen.
663 5688 701 5734 1.
751 5672 835 5728 5|.
916 5669 1120 5725 “Psal.
1157 5682 1339 5727 |.)'\\’l,
1385 5665 1464 5723 l7.
1517 5664 1592 5727 ις.

1987 4485 2317 4553 κινουμένοις
2334 4479 2395 4531 τὸ
2421 4478 2591 4548 πέρας
2614 4474 2712 4542 τῆς
2725 4472 2911 4541 διαστη
2922 4469 3154 4540 ματικῆς
3177 4467 3293 4519 ἐστι
3312 4464 3557 4533 φύσεως,

1990 4576 2104 4646 μεθ’
2122 4576 2149 4628 ὃ
2165 4574 2301 4627 καθα
2309 4571 2375 4642 ρὰ
2400 4569 2509 4622 τῶν
2525 4565 2760 4620 τοπικῶν
2779 4581 2836 4616 τε
2853 4562 3143 4629 καὶδιαστη
3153 4557 3397 4629 ματικῶν
3421 4557 3563 4609 ἰδιω-

1987 4668 2171 4738 μάτων
2200 4660 2562 4734 εὑρίσκεταιή
2605 4656 2767 4725 νοητή
2806 4671 2866 4706 τε
2892 4654 2986 4706 καὶ
3019 4651 3338 4711 ἀδιάστατος
3367 4648 3556 4738 φύσις.

1984 4732 2056 4808 τό
2080 4752 2171 4808 οὖν
2201 4732 2495 4824 ἀκρότατον
2526 4748 2696 4817 πέρας
2720 4746 2818 4815 τῆς
2839 4742 3101 4812 αἰσθητῆς
3134 4741 3342 4802 οὐσίας,
3375 4732 3438 4791 οὗ
3468 4740 3536 4791 τδ

1983 4847 2237 4899 ἐπέκεινα
2263 4841 2415 4895 οὐδὲν
2444 4837 2684 4892 τοιοῦτόν
2715 4838 2884 4899 ἐστιν,
2910 4830 3021 4885 οἷον
3054 4834 3111 4884 ἐν
3143 4833 3258 4892 τοῖς
3292 4829 3563 4898 φαινομέ-

1982 4960 2093 5005 νοις
2121 4939 2467 5009 γινώσκεται,
2507 4933 2663 4987 τοῦτό
2697 4925 2990 5000 φαμενίτῷ
3030 4923 3255 4993 ὀνόματι
3304 4918 3560 4989 παραδη-

1985 5030 2206 5082 λοῦσθαι
2233 5026 2324 5080 τοῦ
2353 5023 2747 5095 στερεώματος,
2782 5016 3103 5089 βεϐαιούσης
3133 5015 3263 5083 ἡμῖν
3287 5011 3388 5078 τῆς
3411 5010 3450 5061 Γ
3457 5027 3561 5079 ρα-

1987 5122 2092 5191 φῆς
2120 5120 2218 5189 τὴν
2243 5118 2516 5179 ὑπόνοιαν,
2547 5116 2581 5185 ἦ
2607 5130 2770 5183 φησιν
2791 5128 2806 5142 ο
2831 5131 2849 5161 ι
2893 5108 3002 5162 Καὶ
3029 5105 3344 5177 διεχώρισεν
3371 5107 3399 5156 ὁ
3425 5104 3564 5166 Θεὸς
3594 5165 3605 5168 Α

1985 5211 2089 5264 ἀνά
2125 5208 2287 5279 μέσον
2316 5206 2411 5260 τοῦ
2457 5206 2646 5267 ὓδατος
2694 5204 2723 5256 δ
2758 5199 2828 5273 ἦν
2872 5200 3128 5253 ὑποκάτω
3167 5195 3262 5248 τοῦ
3313 5194 3561 5264 στερεώ-

1988 5317 2183 5370 ματος,
2232 5301 2326 5352 καὶ
2365 5298 2459 5351 τοῦ
2493 5297 2685 5356 ὓδατος
2732 5294 2761 5346 ὃ
2801 5289 2868 5364 ἦν
2898 5290 3083 5343 ἐπάνω
3111 5287 3203 5341 τοῦ
3232 5285 3560 5356 στερεώμαο

1984 5409 2094 5453 τος.
2122 5409 2139 5440 ι
2179 5390 2460 5444 Δεικνυται
2490 5388 2599 5457 γὰρ
2622 5386 2708 5438 διὰ
2741 5384 2967 5445 τούτων,
2995 5382 3076 5433 ὅτι
3101 5378 3221 5432 οὐδὲ
3253 5378 3353 5447 τὴν
3380 5374 3561 5446 ἀρχὴν

1990 5481 2359 5552 κατεκέκρατο
2383 5478 2542 5532 τοῦτο
2584 5475 2721 5546 πρὸς
2750 5476 2929 5528 ἐκεῖνο
2960 5472 3020 5527 τὸ
3055 5471 3219 5538 ὕδωρ,
3249 5468 3364 5522 ἀλλ’
3400 5469 3460 5520 ἐν
3491 5467 3561 5538 τῇ

1673 5662 1715 5689 ""
1757 5658 1891 5711 Gen.
1933 5674 1969 5719 ι,
2015 5657 2066 5711 7.
