3746 5994
204 237 268 296 85
1408 233 1479 288 ΙΝ
1509 231 1683 289 ΗΕΧΑ

1969 231 1985 286 ι
2018 227 2239 286 LIBER.
2714 198 2717 199 ⁷
3379 221 3448 277 ss

205 352 313 405 τῶν
335 347 624 419 ὀνομάτων
654 347 941 419 κοινωνίᾳ,
970 347 1199 419 ἄμικτος
1235 339 1307 418 ἦν
1332 348 1366 417 ἡ
1403 346 1585 416 φύσις,
1623 348 1681 399 ὲν

1975 341 2201 405 afusam,
2249 338 2345 397 sed
2379 352 2505 394 cum
2550 345 2699 394 esset
2725 337 2946 395 nomine
2985 337 3301 409 conjuncta,
3341 336 3454 389 nui-

212 441 386 494 εἰπεῖν
410 479 424 503 ,
457 438 559 507 οὑχ
585 438 671 490 ὅτι
724 438 972 507 Ἐγένετο
1009 437 1265 490 ὑποκάτω
1284 475 1298 500 ,
1326 436 1360 506 ἢ
1387 432 1496 489 Ἦν
1536 435 1790 505 ὑπεράνω

213 528 306 581 τοῦ
343 526 757 598 περεώματοςο
789 527 884 581 καί
911 528 940 582 ὃ
963 523 1031 599 ἦν
1059 528 1319 581 ὑποκάτω
1351 525 1445 580 τοῦ
1479 525 1792 597 στερεώμα-

212 633 323 679 τος,
366 616 497 671 ἄλλο
524 634 576 669 τι
610 617 798 671 ἐπάνω
825 613 911 688 ἦν.
961 618 1023 670 El
1056 616 1111 670 δὲ
1135 617 1197 670 τὸ
1237 617 1336 688 μὲν
1367 615 1529 680 εὐθὺς
1556 617 1614 669 ἐν
1645 613 1792 684 ζόφῳ

214 708 349 777 πρὸς
384 706 483 777 τὴν
512 706 666 760 κάτω
699 706 847 760 θέσιν
875 707 1289 780 ἀπεωρισμένον
1320 707 1472 761 ἐστί’
1516 705 1578 760 τὸ
1611 706 1669 759 δὲ
1694 706 1793 759 οὐκ

215 798 275 849 ὲν
305 796 484 867 ζόφῳ·
530 799 588 851 ὲν
612 797 754 866 φωτὶ
780 796 890 867 γὰρ
930 798 1147 861 πάντως
1175 798 1292 851 ἐστὶ
1324 798 1385 851 τὸ
1423 800 1481 851 ἐν
1526 797 1791 868 πνεύματι

214 885 373 951 θεοῦ,
407 887 503 940 καὶ
525 886 617 940 τοῦ
640 885 807 957 ζόφου
829 886 1178 959 κεχώρισται,
1206 888 1320 958 ἅμα
1344 888 1401 942 δὲ
1429 888 1520 941 καὶ
1540 888 1793 959 ὑπεράνω

214 971 284 1046 ἦν
314 975 413 1029 τοῦ
433 976 843 1047 ἀναδειχθέντος
873 977 1077 1048 μεταξὺ
1112 977 1494 1048 περεὼματος
1515 1017 1529 1040 ,
1555 977 1793 1048 κρινάτω

214 1068 245 1118 6
276 1066 498 1129 συνετὸς
531 1065 823 1137 ἀκροατὴς,
856 1065 912 1119 εί
932 1084 982 1120 τι
1014 1066 1116 1137 τῆς
1141 1066 1456 1139 πρεπούσης
1474 1056 1793 1138 ὑπολήψεως

217 1160 247 1209 6
276 1157 435 1223 λόγος
467 1156 625 1226 ἡμῶν
659 1158 716 1210 ὲν
736 1159 850 1220 τοῖς
876 1158 1187 1231 εἰρημένοις
1210 1159 1675 1229 παρεστοχάσατο.
1713 1159 1793 1211 Τά

223 1250 324 1317 μὲν
374 1244 470 1301 οὖν
519 1249 653 1318 περὶ
696 1248 796 1319 τῆς
837 1248 1059 1319 πρώτης
1106 1249 1215 1303 τῶν
1265 1249 1433 1303 ὄντων
1483 1252 1792 1312 συστάσεως

219 1340 353 1407 ἡμῖν
385 1337 785 1408 ὑπονοηθέντα,
821 1342 916 1393 καὶ
949 1339 1067 1403 πῶς
1107 1343 1166 1393 ὲν
1196 1343 1262 1411 τῇ
1312 1340 1538 1411 δυνάμει
1575 1341 1673 1410 τῆς
1701 1341 1794 1393 οὑ-

224 1429 343 1491 σίας
373 1429 437 1481 ού
465 1428 775 1500 δευτερεύει
799 1431 858 1482 τὸ
886 1430 1001 1499 φῶς
1028 1430 1138 1484 τῶν
1166 1431 1337 1484 ὄντων
1357 1471 1370 1496 ,
1409 1433 1513 1486 κᾶν
1605 1431 1793 1503 Γραφὴ

219 1517 328 1587 πρὸ
351 1516 446 1570 τοῦ
468 1517 650 1586 φωτὸς
689 1518 1016 1590 ἱστορεῖσθαι
1048 1519 1110 1572 τὺ
1139 1521 1328 1583 σκότος
1359 1520 1539 1586 λέγει,
1574 1522 1668 1574 καὶ
1693 1521 1794 1574 ὅσα

222 1608 351 1677 περὶ
374 1607 469 1661 τοῦ
494 1608 881 1686 δστερεώματος
908 1610 1276 1682 ποχαστικῶς
1294 1613 1674 1682 ἐνενοήσαμεν,
1700 1613 1794 1665 καὶ

220 1700 351 1769 mp!
372 1700 473 1769 τῆς
494 1682 607 1752 ⁴τῶν
641 1700 848 1755 ὑδάτων
877 1679 1161 1773 διαφορᾶς,
1193 1695 1267 1755 ὧν
1312 1703 1345 1772 ἡ
1385 1679 1708 1772 φύσιςπρδς
1736 1701 1795 1754 τὸ
1830 1679 1871 1732 Β

220 1790 543 1861 κατωφερές
568 1808 628 1843 τε
657 1792 750 1844 καὶ
778 1791 979 1860 κοῦφον
1015 1793 1427 1864 μεμερισμένη,
1461 1792 1561 1854 τὰς
1597 1792 1796 1846 καταλε-

219 1879 418 1949 λὴλους
436 1882 570 1951 ἡμῖν
593 1883 717 1952 περὶ
738 1883 1001 1953 ἐκατέρου
1029 1882 1136 1935 τῶν
1159 1883 1463 1954 ὁμωνύμως
1492 1883 1795 1953 λεγομένων

221 1970 482 2032 ὑπονοίας
540 1970 799 2042 ἐντίθησι,
863 1972 1034 2026 ταῦτα
1084 1973 1178 2026 καὶ
1227 1974 1295 2027 τὰ
1345 1973 1595 2046 τοιαῦτα,
1624 1973 1790 2026 ἐστίν.

233 2058 460 2129 Ἐπειδὴ
478 2058 533 2111 δὲ
551 2058 796 2131 διεκρίθη
830 2062 926 2129 μὲν
955 2061 1048 2113 ἀπ’
1075 2060 1314 2131 ἀλλήλων
1333 2061 1401 2115 τὰ
1428 2060 1614 2125 ὕδατα,
1647 2060 1716 2114 τά
1734 2077 1806 2113 τε»

220 2147 485 2218 ὁρώμενα
504 2150 593 2203 καὶ
624 2151 691 2204 τά
713 2150 1000 2221 νοούμενα,
1038 2153 1131 2206 καὶ
1161 2152 1323 2222 μέσος
1348 2152 1472 2224 ὅρος
1499 2151 1792 2221 ἀπεδείχθη

221 2240 329 2309 τῆς
351 2239 545 2311 διπλῆς
569 2240 674 2293 τῶν
705 2241 915 2295 ὑδάτων
944 2241 1158 2310 φύσεως
1179 2243 1206 2295 6
1233 2242 1479 2311 οὐρανὸς,
1506 2243 1534 2293 6
1561 2243 1617 2293 ὲν
1651 2241 1793 2312 ἀρχῇ

223 2331 330 2401 μὲν
361 2330 693 2402 γεγενῆσθαι
727 2331 864 2401 μετά
893 2331 994 2402 τῆς
1022 2332 1126 2403 γῆς
1164 2334 1256 2387 καὶ
1279 2333 1495 2386 πάντων
1527 2331 1637 2384 τῶν
1661 2330 1795 2401 πρὸς

220 2423 324 2493 τὴν
354 2421 695 2492 κατασκευὴν
730 2422 825 2476 τοῦ
860 2424 1065 2494 κόσμου
1095 2422 1539 2493 καταϐληθέντων
1567 2414 1794 2491 λεγόμε-

221 2530 335 2576 νος,
360 2514 480 2566 νυνὶ
500 2514 557 2567 δὲ
584 2514 890 2577 τελειωθείς
919 2531 977 2567 τε
1011 2515 1101 2567 καὶ
1132 2514 1450 2585 ὀνομασθείς
1484 2517 1540 2567 ὲν
1566 2515 1632 2584 τῇ
1665 2514 1795 2566 ἀνα-

222 2603 386 2667 δείξει
414 2603 509 2657 τοῦ
554 2602 931 2675 στερεώματος
964 2603 1056 2656 τοῦ
1095 2603 1183 2657 διὰ
1210 2604 1307 2674 τῆς
1337 2603 1672 2674 περιδρομῆς
1698 2603 1793 2655 τοῦ

225 2694 398 2764 πυρὸς
423 2692 763 2765 ὁρισθέντος,
790 2694 886 2748 καὶ
928 2696 961 2764 ἡ
998 2694 1226 2766 δευτέρα
1256 2693 1349 2747 τοῦ
1389 2695 1564 2764 φωτὸς
1601 2695 1795 2748 κυκλο-

224 2785 407 2857 φορία,
443 2785 609 2838 πάλιν
636 2785 698 2837 τὸ
741 2785 1098 2855 ὑποκείμενον
1135 2785 1240 2839 ἀνά
1277 2785 1440 2857 μέρος
1477 2785 1794 2840 ὲπεσκότισέ

221 2895 283 2931 τε
330 2879 425 2930 καὶ
477 2874 766 2946 ἐφώτισεν.
806 2877 982 2947 Ὅπερ
1033 2877 1127 2930 καὶ
1174 2876 1465 2947 ὠνομάσθη
1511 2876 1650 2930 κατά
1695 2876 1794 2949 τὴν

223 2966 607 3039 προλαϐοῦσαν
640 2966 979 3031 ἀκολουθίαν,
1027 2967 1119 3021 καὶ
1167 2966 1323 3020 τοῦτο
1363 2967 1564 3038 ἡμέρα.
1609 2969 1796 3037 Ἀναγ-
1821 3002 1865 3063 c

225 3062 398 3121 καίως
444 3059 503 3111 δὲ
536 3060 631 3113 καὶ
676 3059 982 3122 ἀκολούθως
1027 3060 1185 3129 καὶὴ
1228 3058 1323 3111 τοῦ
1364 3058 1598 3129 ἀριθμοῦ
1634 3060 1796 3129 φύσις

222 3149 543 3221 συνεισῆλθε
575 3153 640 3221 τῇ
684 3149 878 3204 κτίσει.
924 3151 1086 3203 Οὐδὲν
1130 3149 1239 3220 γὰρ
1271 3149 1454 3220 ἔτερόν
1493 3153 1640 3203 ἐστιν
1678 3153 1797 3222 ἀρι-

224 3242 382 3313 θμὺς,
413 3244 467 3295 εί
495 3242 571 3313 μὴ
602 3241 842 3312 μονάδων
870 3240 1130 3304 σύνθεσις.
1164 3241 1279 3293 Πᾶν
1301 3239 1358 3292 δὲ
1378 3240 1438 3292 τὸ
1464 3241 1798 3315 διωρισμένη

223 3334 333 3384 ’τινί⁵
379 3333 699 3403 περιγραφῇ
756 3330 1162 3400 θεωρούμενον,
1227 3332 1394 3401 μονὰς
1448 3332 1794 3403 ὀνομάζεται.

236 3422 394 3476 Ἐπεὶ
428 3418 524 3476 οὖν
567 3420 906 3491 πανταχόθεν
932 3423 960 3474 6
982 3420 1178 3484 κύκλος
1207 3421 1526 3492 ἀνελλειπής
1562 3425 1710 3476 ἐστιν
1742 3424 1799 3476 ὲν

225 3512 408 3582 ἑαυτῷ
432 3511 749 3583 ὁριζόμενος
773 3527 785 3540 ·
811 3510 990 3575 καλῶς
1018 3513 1045 3565 6
1068 3511 1225 3579 λόγος
1257 3512 1314 3565 ἓν
1342 3530 1395 3566 τι
1432 3512 1680 3584 ὠνόμασε
1702 3512 1800 3584 τὴν

227 3605 361 3673 μίαν
380 3601 479 3655 τοῦ
509 3601 708 3655 κύκλου
741 3601 1007 3672 περίοδον,
1030 3602 1198 3654 εἰπών
1219 3620 1233 3633 ·
1263 3620 1282 3653 ι
1320 3603 1565 3671 Ἐγένετο
1592 3603 1818 3674 ἑσπέρα,

227 3688 322 3740 καὶ
348 3688 572 3755 ἐγένετο
605 3685 751 3755 πρωῒ
775 3686 956 3756 ἡμέρα
984 3685 1099 3755 μίαυ
1141 3705 1159 3737 ι
1196 3687 1287 3740 καὶ
1321 3686 1481 3741 πάλιν
1508 3688 1605 3758 τὴν
1637 3688 1801 3759 ἄλλην

227 3779 492 3842 ὡσαύτως
519 3777 600 3832 ἒν.
631 3776 852 3840 Συνθεὶς
880 3777 936 3829 δὲ
966 3778 1269 3849 ἀμφότερα,
1306 3778 1399 3832 δύο
1423 3779 1663 3848 ἐποίησε.
1692 3779 1803 3831 Καὶ

227 3867 402 3931 οὔτως
435 3870 466 3921 6
496 3867 655 3935 λόγος
683 3867 781 3935 τὴν
818 3865 912 3919 τοῦ
945 3866 1178 3937 ἀριθμοῦ
1214 3868 1428 3937 γένεσιν
1456 3871 1567 3932 τοῖς
1595 3870 1803 3941 μορίοις

231 3960 504 4028 συνήγαγε
538 3957 638 4025 τῆς
677 3955 908 4019 κτίσεως
928 3996 942 4019 ,
977 3958 1095 4025 τὴν
1123 3957 1441 4012 ἀκολουθίαν
1473 3963 1570 4031 τῆς
1598 3961 1804 4026 τάξεως

227 4053 337 4112 τοῖς
369 4049 602 4117 ὀνόμασι
628 4046 721 4099 τοῦ
754 4045 989 4117 ἀριθμοῦ
1023 4048 1428 4119 σημειούμενος.
1456 4069 1475 4102 ι
1511 4051 1754 4119 Ἐγένετο
1781 4072 1799 4104 ι

228 4140 359 4210 γάρ,
393 4139 581 4209 φησὶν,
618 4156 636 4188 ι
672 4138 898 4209 ἑσπέρα,
930 4138 1021 4192 καὶ
1062 4140 1273 4208 ἐγένετο
1309 4141 1453 4212 πρωῒ
1484 4142 1663 4215 ἡμέρα
1684 4144 1807 4197 δευ-

229 4233 381 4304 τέρα.
422 4251 443 4283 ι

1892 435 1996 488 lam
2028 442 2211 488 tamen
2260 430 2521 486 habuisse
2556 437 2768 484 natura:
2805 427 3234 499 permistionem.
3274 424 3457 495 Neque

1889 526 2034 578 enim
2057 524 2289 578 dicitur:
2321 522 2450 576 Erat
2478 522 2667 578 subter
2700 528 2794 574 aut
2825 533 2992 588 supra
3023 518 3454 578 (irritamentum.

1892 614 1986 671 scd
2033 615 2147 669 haec
2179 621 2298 669 erat
2327 614 2432 668 sub
2475 613 2837 673 firmamento,
2871 609 2964 664 illa
3006 615 3125 665 erat
3163 622 3325 677 supra
3367 606 3457 659 [ir-

1892 714 2245 759 mamentum.
2281 703 2435 770 Quod
2460 705 2504 759 si
2545 718 2653 757 una
2680 702 2864 757 statim
2906 701 2961 756 in
2998 699 3255 763 tenebris,
3289 699 3459 752 altera

1893 808 2119 863 prorsus
2161 793 2217 847 in
2271 794 2390 849 luce
2429 802 2482 847 et
2528 807 2561 845 ar
2615 791 2856 846 tenebris
2893 791 3163 860 sejuncta,
3202 788 3458 843 nimirum

1893 883 1984 937 illa
2010 897 2174 953 super
2195 896 2302 952 qua
2341 883 2589 951 spiritus,
2631 896 2750 949 qua:
2777 880 2941 934 simul
2965 880 3128 935 etiam
3158 876 3261 931 fuit
3293 891 3458 945 supra

1895 974 2313 1041 ﬁrmamentum,
2343 973 2488 1043 quod
2522 973 2865 1040 interiectum
2892 978 2997 1035 est,
3044 985 3166 1041 qua:
3185 971 3252 1025 de
3277 984 3455 1023 rerum

1894 1065 2266 1121 universitatis
2306 1064 2697 1119 consututione
2730 1061 3178 1132 excogitavimus,
3236 1068 3288 1113 et
3318 1072 3458 1127 quo~

1895 1156 2056 1211 modo
2088 1156 2140 1209 in
2173 1163 2384 1210 naturae
2413 1155 2656 1225 potentia
2688 1154 2920 1224 reliquis
2943 1153 3107 1208 rebus
3136 1151 3228 1204 lux
3262 1165 3367 1203 non
3391 1152 3462 1203 sit

1894 1249 2191 1320 posterior,
2246 1250 2374 1303 licet
2429 1249 2712 1319 Scriptura
2766 1240 3024 1303 tenebras
3073 1244 3224 1316 prius
3300 1258 3463 1313 quam

1895 1341 2068 1395 lucem
2108 1347 2518 1406 commemoret,
2552 1354 2780 1409 quaeque
2809 1338 2875 1392 de
2898 1338 3242 1391 [irritamento
3270 1334 3465 1405 proba-

1894 1430 2077 1486 biliter
2118 1430 2420 1493 attulimus,
2459 1436 2514 1484 et
2554 1429 2621 1484 de
2658 1442 2921 1498 aquarum
2976 1426 3299 1492 differentia,
3345 1438 3465 1493 quas

1895 1522 2017 1578 illas
2064 1521 2302 1577 nominis
2352 1519 2737 1575 communione
2785 1518 3107 1587 conjunctas
3147 1517 3202 1570 in
3246 1529 3463 1584 gravem

1897 1613 2182 1683 levemque
2230 1612 2500 1676 dividens,
2544 1610 2791 1666 diversas
2839 1610 2906 1664 de
2956 1617 3183 1678 utraque
3225 1608 3463 1676 ipsarum

1897 1703 2185 1773 Opiniones
2231 1700 2428 1768 affert;
2484 1701 2600 1754 haec
2653 1708 2708 1754 et
2751 1699 2838 1755 bis
2889 1699 3089 1754 similia
3142 1704 3268 1752 sunt
3302 1714 3315 1750 :
3349 1711 3468 1764 qua:

1897 1798 2079 1847 utrum
2117 1798 2265 1846 recta
2301 1798 2355 1845 et
2397 1780 2779 1845 convenientia
2812 1789 2944 1855 sint,
2979 1787 3188 1857 judicet
3229 1785 3468 1855 prudens

1897 1883 2132 1937 auditor.
2167 1880 2530 1950 Posteaquam
2566 1881 2754 1951 igitur,
2790 1895 2912 1950 quas
2943 1886 3245 1934 cernuntur
3289 1862 3465 1945 aquai,

1896 1975 1964 2028 ab
1995 1974 2103 2028 illis
2137 1988 2259 2043 quae
2294 1972 2694 2043 intelliguntur,
2737 1977 2962 2027 secreta:
2995 1975 3122 2023 sunt
3151 2008 3165 2033 ,
3202 1965 3469 2021 medium-

1896 2080 2001 2134 que
2056 2065 2198 2119 inter
2248 2063 2519 2132 duplicem
2564 2076 2829 2132 aquarum
2883 2069 3133 2113 naturam
3176 2056 3469 2111 conﬁnium

1895 2156 2242 2226 interjecmm
2271 2163 2354 2210 est
2375 2153 2598 2215 malum,
2638 2152 2780 2222 quod
2811 2151 2973 2206 simul
2996 2164 3118 2203 cum
3144 2158 3286 2202 terra
3308 2155 3468 2214 atque

1895 2247 2150 2300 omnibus
2179 2245 2270 2310 iis,
2306 2259 2428 2313 qua:
2462 2242 2527 2296 ad
2573 2240 2761 2296 mundi
2793 2239 3240 2294 constitutionem
3275 2236 3467 2290 collata

1897 2343 2048 2399 sunt,
2082 2337 2135 2389 in
2172 2335 2441 2405 principio
2468 2332 2673 2387 factum
2706 2347 2827 2405 esse
2850 2331 3073 2394 dicitur,
3105 2324 3444 2383 nundautev

1898 2426 2198 2498 perfectum
2236 2432 2290 2480 et
2323 2426 2664 2479 nominatum
2701 2423 2755 2477 in
2789 2422 3254 2478 demonstratione
3289 2419 3444 2472 lirma

1896 2518 2086 2581 menti,
2118 2517 2258 2588 ignis
2293 2516 2497 2570 ambitu
2539 2515 2775 2581 dilliniti,
2807 2515 3146 2578 ostenditur;
3172 2512 3307 2565 alter
3334 2511 3472 2565 lucis

1896 2608 2159 2663 circuitus
2190 2623 2405 2662 rursum
2438 2615 2492 2661 et
2525 2607 2838 2661 oliscuravit
2868 2604 2921 2659 id
2958 2604 3103 2675 quod
3134 2613 3250 2658 erat
3286 2602 3468 2671 subje—

1895 2709 2043 2754 ctum
2092 2700 2361 2760 vicissim,
2409 2708 2462 2753 et
2512 2698 2805 2753 illustravit
2839 2717 2851 2752 :
2888 2697 3053 2766 idque
3096 2697 3306 2760 eadem,
3354 2710 3474 2764 qua:

1896 2798 2023 2845 ante
2052 2791 2195 2845 dicta
2231 2799 2336 2855 est,
2370 2790 2580 2844 ratione
2602 2796 2852 2843 vocatum
2879 2797 2960 2843 est
2986 2787 3124 2841 dies.
3157 2784 3473 2839 Necessario

1897 2894 2075 2936 autem
2119 2888 2282 2951 atque
2311 2880 2505 2935 ordine
2537 2888 2733 2934 natura
2780 2878 2995 2933 muneri
3036 2868 3218 2931 rerum
3251 2876 3464 2930 univer-

1898 2974 2115 3028 sitatem
2160 2974 2407 3043 ingressa
2436 2980 2540 3027 est.
2578 2971 2766 3042 Neque
2793 2971 2937 3025 enim
2982 2968 3126 3022 aliud
3168 2978 3254 3022 est
3288 2980 3476 3020 nume-

1898 3081 2016 3126 rus,
2076 3064 2181 3119 nisi
2232 3067 2502 3118 unitatum
2551 3063 2897 3134 compositio.
2959 3060 3235 3131 Quidquid
3295 3069 3472 3112 autem

1899 3154 2161 3225 praeﬁnita
2227 3154 2407 3223 aliqua
2478 3154 2991 3223 circumscriptione
3055 3149 3472 3211 consideratur,

1900 3260 2065 3297 unum
2123 3244 2477 3313 appellamus.
2537 3244 2719 3310 Quare
2763 3260 2888 3298 cum
2945 3242 3186 3297 circulus
3238 3239 3477 3308 undique

1900 3333 2175 3403 perfectus
2219 3336 2275 3387 in
2330 3349 2391 3389 se
2439 3342 2825 3404 cognoscatur,
2882 3342 3030 3388 recte
3077 3326 3362 3401 Scriptura
3419 3328 3475 3382 in

1899 3427 2118 3479 nomine
2149 3440 2316 3479 unum
2358 3426 2549 3480 circuli
2589 3426 2852 3480 ambitum
2893 3425 3197 3489 constituit,
3234 3422 3426 3477 dicens
3458 3438 3471 3474 :

1906 3534 1924 3566 ι
1962 3514 2185 3570 Factum
2236 3523 2322 3570 est
2373 3531 2617 3585 vespere,
2666 3524 2720 3570 et
2774 3515 2976 3569 factum
3020 3522 3104 3569 est
3151 3527 3311 3567 mane
3356 3511 3476 3565 dies

1901 3621 2065 3670 unus,
2102 3626 2126 3659 ι
2158 3616 2212 3661 et
2243 3622 2461 3661 rursum
2496 3606 2728 3660 alterum
2755 3606 3019 3658 ambitum
3063 3605 3251 3658 itidem
3280 3617 3472 3656 unum.

1902 3690 2203 3763 Utriusque
2238 3708 2371 3748 vero
2400 3694 2729 3763 compositio
2762 3692 2873 3746 duo
2914 3691 3165 3747 reddidit.
3200 3693 3373 3759 Atque
3401 3691 3475 3744 ita

1905 3782 2186 3853 Scriptura
2212 3785 2427 3839 numeri
2451 3791 2701 3839 naturam
2726 3784 2911 3839 mundi
2938 3769 3182 3854 partibus
3206 3782 3474 3853 adiunxit,

1904 3876 2116 3932 ordinis
2166 3878 2616 3947 consequentiam
2654 3877 2970 3932 nominibus
3016 3877 3225 3933 numeri
3268 3875 3476 3946 signifi-

1904 3983 2059 4024 cans.
2099 3987 2119 4021 ι
2159 3967 2382 4023 Factum
2429 3976 2514 4025 est
2540 3988 2561 4021 ι
2597 3968 2774 4033 enim,
2828 3968 3036 4039 inquit,
3085 3986 3103 4019 ι
3129 3983 3371 4039 vespere,
3422 3974 3476 4024 et

1906 4058 2111 4116 factum
2143 4067 2227 4116 est
2258 4075 2417 4115 mane
2444 4059 2563 4117 dies
2582 4061 2876 4121 secundas.
2913 4080 2932 4114 ι

310 4323 469 4377 Ἐπεὶ⁵
501 4318 596 4376 οὖν
646 4320 820 4375 ταῦτα
884 4322 1136 4390 ἐγένετο,
1196 4324 1358 4377 πάλιν
1401 4327 1434 4395 ἡ
1496 4324 1655 4395 φύσις
1692 4324 1789 4379 τῶκ

2002 4326 2109 4381 tum
2142 4326 2307 4398 igitur
2335 4326 2448 4381 haec
2479 4325 2622 4381 facta
2657 4333 2867 4391 essent,
2919 4340 3101 4381 rerum
3141 4336 3334 4381 natura
3362 4341 3481 4381 rur-

229 4418 396 4471 δντων
439 4416 510 4468 δι’
553 4412 850 4467 ἀκολούθου
896 4413 1181 4484 βαδίζουσα
1204 4456 1218 4481 ,
1251 4417 1312 4469 τὸ
1345 4416 1660 4484 ἀναγκαίως
1690 4420 1803 4481 τοῖς

232 4506 621 4577 προγεγονόσιν
659 4505 925 4575 ἑπόμενον
963 4506 1312 4578 ἐξεργάζεται
1341 4524 1354 4539 ⁸
1395 4510 1715 4580 προηγεῖται
1748 4509 1803 4562 δὲ

231 4601 323 4652 καὶ
343 4599 538 4652 τούτου
567 4596 663 4650 τοῦ
697 4596 859 4668 ἔργου
902 4596 1043 4649 θεῖον
1073 4598 1372 4669 ἐπίταγμα,
1408 4599 1680 4670 πανταχοῦ
1710 4599 1803 4653 τοῦ

231 4690 511 4752 Μωῦσέως
536 4687 970 4758 ἀσφαλιζομένου
1010 4688 1164 4760 ἡμῶν
1187 4689 1286 4760 τὴν
1312 4690 1549 4745 διάνοιαν
1575 4690 1669 4744 τοῦ
1697 4708 1803 4762 μη-

230 4783 314 4837 δὲν
336 4781 491 4836 ἀθεεί
520 4798 571 4832 τι
599 4780 706 4834 τῶν
735 4779 901 4833 όντων
929 4780 1205 4847 συστῆναι,
1234 4781 1308 4844 ὠς
1336 4780 1400 4834 ἂν
1429 4781 1490 4835 τὸ
1520 4783 1648 4854 περὶ
1680 4783 1807 4837 ἑκά-

234 4893 356 4929 στου
388 4875 501 4928 τῶν
533 4874 839 4942 γεγονότων
880 4871 1086 4942 θαῦμα,
1118 4874 1197 4935 είς
1225 4872 1317 4925 τὸν
1343 4873 1684 4942 πεποιηκότα
1706 4874 1805 4943 τὴν

233 4967 513 5037 ἀναφοράν
558 4967 693 5034 ἔχοι.
728 4963 918 5033 Πάσης
945 4964 1055 5035 γὰρ
1088 4963 1191 5033 τῆς
1236 4965 1571 5035 φωτιστικῆς
1616 4981 1676 5017 τε
1711 4965 1807 5018 καὶ

236 5057 517 5128 πυρώδους
553 5054 742 5117 οὑσίας
819 5056 939 5116 ταῖς
985 5052 1142 5117 ίδίαις
1184 5054 1429 5125 ποιότησι
1476 5054 1587 5108 τῶν
1631 5054 1806 5109 ἄλλων

234 5147 648 5219 ἀποκριθείσης,
676 5147 711 5217 η
742 5146 841 5217 μὲν
866 5144 960 5198 τοῦ
986 5145 1147 5217 ἀέρος
1173 5146 1481 5217 κατασκευὴ
1510 5147 1803 5209 σιωπᾶται,

233 5238 326 5292 καί
356 5255 437 5291 τοι
458 5235 729 5292 καὶτοῦτο
757 5236 815 5290 ὲν
848 5236 1122 5308 δευτέροις
1150 5237 1296 5303 είκδς
1323 5233 1391 5309 ἦν
1421 5237 1558 5308 μετά
1588 5237 1685 5309 τὴν
1711 5237 1804 5291 τοῦ

234 5330 403 5401 πυρὸς
430 5329 744 5402 ἀναδρομὴν
783 5328 1199 5399 φυσιολογῆσαι·
1236 5332 1370 5385 διότι
1405 5331 1694 5399 συγγένειά
1721 5329 1807 5394 τίς

234 5422 378 5474 ἑστιν
422 5418 576 5490 αὐτῷ
608 5421 751 5473 κατὰ
777 5419 840 5472 τὸ
867 5418 1091 5489 κοῦφον,
1120 5420 1255 5492 πρὸς
1299 5421 1400 5493 τὴν
1442 5421 1520 5491 τῷ
1547 5421 1682 5493 πυρὶ
1715 5423 1804 5475 ὲν-

232 5511 616 5584 θεωρουμένην
648 5511 962 5582 κουφότητα
985 5529 999 5542 ·
1038 5507 1138 5566 εἷθ’
1166 5511 1338 5577 οὕτως
1385 5514 1515 5586 περὶ
1559 5515 1659 5585 τῆς
1702 5513 1800 5585 βα-

231 5603 384 5675 ρείας
422 5605 789 5676 διηγήσασθαι
833 5603 1068 5674 φύσεως.
1124 5606 1181 5658 '0
1216 5605 1272 5658 δὲ
1318 5605 1556 5676 Μωῦσῆς
1596 5607 1664 5660 τὰ
1708 5606 1803 5677 μὲν

1911 4433 2007 4474 sus
2044 4418 2235 4473 ordine
2268 4417 2622 4488 progrediens
2655 4416 3101 4473 antecedentibus
3137 4432 3480 4488 consequens

1911 4509 2120 4564 addidit
2154 4509 2488 4565 necessario.
2525 4508 2705 4578 Atque
2734 4508 2860 4564 huic
2890 4509 3018 4564 item
3058 4511 3208 4580 operi
3237 4510 3480 4564 divinum

1911 4603 2226 4656 mandatum
2282 4602 2473 4665 anteit,
2534 4602 2748 4657 animos
2813 4601 3014 4671 ubique
3066 4609 3288 4657 nostros
3334 4600 3482 4656 Mose

1911 4694 2288 4759 conﬁrmante,
2323 4708 2391 4746 ne
2413 4691 2542 4762 quid
2581 4691 2701 4748 sine
2748 4691 2839 4747 Dei
2870 4702 3003 4747 nutu
3045 4694 3349 4748 consistere
3382 4706 3479 4746 θοις

1910 4787 2166 4858 gitemus,
2195 4786 2288 4843 sed
2314 4802 2434 4856 quas
2457 4787 2686 4858 singulis
2727 4787 2779 4840 in
2811 4788 2975 4844 rebus
3009 4784 3324 4842 admiranda
3356 4798 3481 4852 per-

1912 4879 2194 4949 spicimus,
2237 4880 2301 4933 ad
2354 4878 2522 4933 Deum
2570 4895 2758 4935 eorum
2802 4880 3046 4949 epiiicem
3097 4885 3482 4948 auctoremque

1911 4968 2256 5025 referamus:
2286 4968 2434 5022 omni
2476 4984 2605 5040 ergo
2635 4977 2748 5024 tum
2789 4968 2987 5033 lucida,
3025 4976 3135 5021 tum
3178 4967 3336 5035 ignea
3378 4981 3480 5020 na-

1912 5068 2035 5115 tura
2069 5060 2306 5131 propriis
2337 5060 2695 5129 qualitatibus
2725 5075 2755 5113 a
2782 5059 2992 5114 ca-teris
3022 5057 3290 5127 sejuncta,
3317 5064 3481 5129 atque

1911 5150 2195 5214 distincta,
2227 5151 2370 5206 acris
2417 5151 2736 5207 constitutio
2776 5149 2992 5204 silentio
3026 5148 3477 5219 praetermittitur,

1910 5256 2032 5297 cum
2060 5250 2239 5296 tamen
2269 5241 2478 5297 ordinis
2508 5242 2646 5296 ratio
2683 5241 3002 5310 postularet,
3032 5251 3090 5297 ut
3118 5243 3242 5313 igne
3269 5244 3481 5298 consti-

1910 5343 2047 5399 tuto,
2084 5334 2152 5390 de
2183 5334 2301 5404 ipso
2334 5348 2458 5388 aere
2487 5333 2889 5402 disputaretur;
2923 5333 3037 5403 qui,
3072 5349 3195 5389 cum
3230 5333 3365 5391 levis
3385 5335 3481 5403 sit,

1911 5440 2034 5480 cum
2089 5425 2228 5496 ignis
2280 5424 2496 5480 levitate
2518 5424 2811 5494 quamdam
2860 5424 3025 5482 habet
3067 5425 3482 5497 cognationem;

1911 5516 2106 5573 deinde
2144 5517 2212 5572 de
2237 5523 2432 5571 natura
2469 5516 2621 5587 gravi
2651 5515 2815 5572 verba
2846 5516 3061 5572 ﬁerent.
3092 5513 3271 5572 Moses
3296 5523 3479 5570 autem

1912 5609 2117 5666 omisso
2144 5623 2268 5665 aere
2310 5607 2377 5666 de
2400 5608 2503 5665 hac
2530 5609 2647 5680 ipsa
2676 5608 2917 5668 disserit.
2946 5606 3103 5676 Quod
3140 5605 3361 5689 quidem
3389 5604 3484 5664 ille
