3746 5994
297 224 369 282 8⁸1
698 218 701 221 ’
1556 226 1612 282 S.
1639 225 1963 284 GREGORII
1990 226 2035 282 Ν
2043 226 2286 285 YSSENI
3471 224 3538 283 88

297 360 409 401 non
448 342 573 401 ideo
622 342 770 405 facit,
803 341 946 413 quod
983 340 1121 397 nihil
1171 341 1238 397 ad
1284 342 1471 397 mundi
1517 344 1895 401 constitutio»

2073 346 2096 399 ἰ
2127 347 2328 418 ταύτης
2355 346 2501 416 λέγει
2526 364 2539 378 ι
2572 346 2663 400 τὸν
2699 346 2755 400 δὲ
2786 344 2922 417 ἀέρα
2959 343 3039 417 τῷ
3065 342 3211 416 λόγῳ
3256 343 3540 415 παρίησιν,

298 451 419 491 nem
467 449 561 490 aer
604 434 903 498 conducat,
936 441 1031 488 aut
1061 432 1204 503 quod
1256 434 1506 489 seclusus
1544 435 1615 490 sit
1653 434 1725 489 ab
1753 435 1867 490 ele-

294 534 605 581 mentorum
663 532 965 593 potestate,
1047 522 1144 579 sed
1195 524 1324 593 quia
1378 522 1616 580 fortasse
1670 531 1865 578 natura

293 615 446 671 molli
476 630 541 669 ac
568 614 726 671 facile
767 615 979 671 cedenti
1013 613 1273 685 praeditus
1302 629 1391 670 res
1420 622 1610 670 omnes
1657 614 1712 668 in
1748 628 1869 670 sese

295 706 544 776 suscipit,
574 706 905 776 easdemque
940 720 1051 776 praa
1079 720 1140 761 se
1174 705 1295 771 fert,
1330 719 1455 760 cum
1492 718 1592 759 nec
1631 704 1868 759 colorem

295 798 599 867 proprium,
645 812 747 853 nee
784 798 1032 868 ﬁgurant,
1083 811 1185 851 nec
1218 795 1451 866 speciem
1502 794 1722 860 habeat,
1772 794 1867 851 sed

298 888 492 943 alienis
543 897 598 942 et
647 888 943 952 coloribus,
993 894 1048 943 et
1098 886 1284 957 figuris
1334 884 1678 941 informetur.
1732 883 1869 939 Nam

295 985 355 1034 et
407 978 548 1033 lucis
576 976 787 1049 fulgore
832 975 1148 1047 splendidus
1181 975 1260 1040 fit,
1305 983 1359 1030 et
1389 976 1734 1031 tenebrarum
1781 975 1869 1028 in-

300 1078 546 1126 terventu
568 1070 721 1140 niger
754 1077 808 1125 et
847 1070 1135 1125 obscurus.
1165 1066 1265 1122 Per
1292 1082 1352 1122 se
1380 1068 1525 1123 enim
1555 1082 1655 1122 nec
1688 1066 1871 1137 splen-

299 1160 463 1217 didus
491 1176 591 1216 nec
635 1161 905 1215 obscurus
935 1166 1040 1224 est,
1090 1157 1186 1215 sed
1228 1157 1375 1212 omni
1410 1157 1579 1227 ﬁgura
1611 1156 1871 1226 omnique

300 1255 542 1307 colorum
596 1252 776 1322 specie
826 1252 1107 1316 imbuitur,
1162 1257 1216 1304 et
1256 1249 1322 1303 ad
1395 1248 1639 1303 omnium
1687 1262 1868 1303 rerum

298 1357 435 1411 quas
498 1341 755 1409 suscipit-
809 1347 1013 1395 motum
1070 1354 1130 1395 se
1193 1337 1593 1393 accommodat.
1659 1335 1871 1392 Etenim

301 1431 453 1485 nullo
506 1430 692 1485 labore
744 1430 854 1483 illis
917 1429 1176 1498 utrinque
1243 1426 1431 1491 cedit,
1495 1435 1549 1481 et
1604 1425 1732 1480 hinc
1788 1433 1873 1480 at-

301 1538 407 1592 que
477 1522 656 1584 illinc,
728 1527 1006 1589 utcunque
1089 1525 1454 1581 moveantur,
1526 1517 1594 1571 ad
1679 1532 1870 1572 earum

304 1612 729 1683 magnitudinem
791 1609 1152 1666 circumcisus
1215 1624 1355 1680 pone
1412 1609 1675 1664 succedit.
1729 1609 1871 1674 Quin

304 1681 466 1756 etiam
538 1704 584 1758 si
659 1702 943 1757 humidum
1009 1717 1075 1757 ex
1140 1700 1449 1770 amphora,
1509 1681 1949 1769 quodcunqueB

306 1795 360 1847 in
420 1810 483 1849 ea
533 1793 729 1855 fuerit,
786 1782 1129 1857 eil‘undatur',
1176 1806 1269 1846 aer
1304 1797 1357 1845 et
1403 1788 1632 1844 eﬂ'usum
1674 1788 1878 1858 ample-

305 1885 492 1946 et‘tur,
546 1892 600 1936 et
647 1884 791 1936 ultro
841 1883 896 1935 in
942 1882 1230 1936 interiores
1263 1879 1411 1935 vasis
1463 1885 1648 1947 partes
1701 1878 1883 1948 ingre-

304 1972 461 2027 diens
512 1982 743 2028 vacuum
788 1980 1038 2041 occupat.
1093 1968 1189 2026 His
1233 1977 1287 2026 et
1336 1970 1457 2023 aliis
1513 1969 1882 2024 innumerabi-

305 2063 448 2117 libus
467 2064 802 2134 argumentis
822 2064 965 2120 aeris
987 2071 1181 2117 natura
1207 2062 1408 2126 mollis,
1429 2070 1482 2116 et
1502 2060 1661 2115 facile
1681 2059 1883 2115 cedens

302 2155 630 2208 ostenditur.
656 2154 836 2220 Quare
868 2170 993 2208 cum
1026 2154 1079 2207 in
1105 2168 1171 2208 eo
1201 2160 1448 2208 versetur
1484 2152 1763 2206 hominum
1802 2151 1883 2205 vi-

304 2255 379 2307 ta,
405 2234 639 2313 cumque
667 2246 847 2300 omnis
880 2260 1048 2315 prope
1081 2243 1298 2313 vivendi
1355 2243 1607 2308 facultas,
1660 2250 1715 2298 et
1754 2258 1875 2297 sen-

304 2351 465 2389 suum
500 2337 643 2391 aetio
678 2337 732 2391 iu
775 2352 900 2391 aere
932 2337 1036 2390 vim
1076 2351 1231 2390 suam
1273 2336 1555 2401 obtineat;
1602 2334 1873 2404 siquidem

304 2444 400 2497 per
434 2428 609 2497 ipsum
634 2429 899 2491 videmus,
952 2428 1226 2490 audimus,
1287 2427 1606 2489 odoramur,
1660 2433 1715 2481 et
1757 2425 1879 2478 ani-

303 2534 447 2573 niam
487 2519 761 2585 ducimus,
788 2519 933 2589 quod
954 2520 1074 2573 vita:
1109 2534 1308 2573 munus
1340 2517 1576 2570 maxime
1599 2516 1878 2587 proprium

305 2625 369 2663 ac
410 2611 778 2667 necessarium
805 2617 909 2675 est;
940 2609 1031 2679 qui
1063 2609 1208 2662 enim
1239 2607 1569 2677 respirandi,
1618 2606 1760 2662 idem
1809 2606 1881 2661 si-

306 2702 418 2755 mul
455 2702 579 2756 fecit
606 2702 771 2755 etiam
801 2700 1017 2755 vivendi
1055 2699 1214 2755 linem
1252 2715 1266 2751 :
1299 2699 1506 2753 idcirco
1539 2698 1879 2768 sapientissi-

306 2807 429 2848 mus
449 2791 622 2849 Moses
650 2792 803 2847 illum
830 2799 889 2846 ut
916 2798 1208 2860 cognatum
1234 2789 1697 2859 conjunctumque
1721 2790 1881 2846 nobis

307 2874 658 2949 elementum,
697 2885 749 2937 in
783 2899 893 2953 quo
926 2885 995 2939 ab
1024 2885 1142 2954 ipso
1167 2883 1349 2938 statim
1379 2890 1503 2936 ortu
1544 2881 1878 2945 enutrimur,

1972 439 2070 508 ούχ
2111 439 2187 502 ὼς
2220 437 2383 509 μηδὲν
2429 434 2848 508 συνεισφέροντα
2890 433 3027 506 πρὸς
3067 432 3167 504 τὴν
3199 430 3294 486 τοῦ
3333 430 3538 504 κόσμου

1975 528 2175 592 παντὸς
2200 526 2608 599 συμπλήρωσιν,
2630 525 2749 579 οὐδὲ
2774 525 2849 588 ὡς
2869 522 3301 595 ἀποκεκριμένον
3314 522 3413 593 τῆς
3431 531 3542 576 τῶν

1977 621 2252 691 στοιχείων
2288 620 2567 690 δυνάμεως
2587 658 2602 683 ,
2639 616 2775 671 ἀλλά
2814 616 2955 685 τάχα
2981 615 3063 668 ὅτι
3108 613 3186 684 τῷ
3218 612 3449 684 μαλακῷ
3482 629 3542 666 τε

1977 710 2070 765 καὶ
2090 710 2317 781 εύείκτῳ
2340 710 2440 780 τῆς
2465 702 2683 779 φύσεως
2707 708 2939 762 ἑκάστου
2964 704 3075 759 τῶν
3107 704 3276 757 ὄντων
3294 703 3544 767 δεκτικός

1976 804 2122 856 ἐστιν
2162 804 2191 855 ὁ
2221 801 2348 872 ἀὴρ,
2378 803 2435 856 ὲν
2463 799 2640 871 ἐαυτῷ
2671 798 2931 853 δεικνύων
2966 796 3035 851 τὰ
3060 795 3208 859 ὄντα,
3245 795 3306 847 ού
3343 793 3544 865 χρῶμα

1975 894 2106 947 ῐδιον
2134 893 2291 963 ἔχων,
2318 893 2384 946 ού
2422 891 2629 962 σχῆμα,
2657 892 2760 944 οὐκ
2780 888 3122 957 ἐπιφάνειαν,
3153 883 3292 939 ἀλλά
3312 887 3425 947 τοίς
3448 883 3545 937 ἀλ·-

1974 984 2206 1057 λοτρίοις
2258 983 2511 1055 χρώμασί
2556 999 2616 1036 τε
2653 981 2748 1036 καὶ
2795 982 3038 1051 σχήμασι
3085 975 3543 1049 περιμορφοῦται.

1976 1073 2242 1144 Λαμπρός
2270 1089 2327 1125 τε
2357 1070 2462 1144 γὰρ
2486 1071 2692 1140 γίνεται
2720 1071 2785 1140 τῇ
2813 1068 2907 1123 τοῦ
2933 1067 3107 1137 φωτὸς
3135 1064 3422 1135 ἐλλάμψει,
3452 1063 3546 1118 καὶ

1979 1165 2138 1218 πάλιν
2165 1163 2478 1235 μελαίνεται
2510 1160 2863 1231 σκιαζόμενος
2881 1178 2897 1194 ο
2934 1159 3095 1222 αὐτὸς
3125 1158 3183 1211 δὲ
3209 1156 3331 1211 καθ’
3354 1156 3546 1209 ἑαυτὸν

1977 1255 2099 1310 οὔτε
2119 1254 2369 1326 λαμπρδς
2388 1253 2511 1307 οὔτε
2536 1253 2704 1324 μέλας
2729 1250 3040 1305 ὲστίοπαντὶ
3066 1249 3123 1303 δὲ
3137 1249 3375 1319 σχήματι
3399 1264 3547 1319 περι-

1978 1347 2288 1417 φύεται,καὶ
2303 1347 2406 1400 ὑπὸ
2422 1345 2602 1416 πάσης
2614 1343 2917 1416 χρωμάτων
2930 1341 3071 1404 ἰδέας
3080 1338 3546 1412 καταχρώννυται,

1979 1440 2070 1493 καὶ
2095 1439 2228 1511 πρὸς
2245 1440 2426 1491 πᾶσαν
2446 1436 2657 1507 κίνησιν
2672 1434 2783 1488 τῶν
2796 1436 2853 1486 ἐν
2872 1433 3016 1502 αύτῷ
3032 1432 3344 1503 φερομένων
3362 1433 3550 1501 ἐπιτη-

1977 1531 2133 1593 δείως
2155 1529 2287 1599 ἔχει.
2306 1529 2545 1591 Ἀπόνως
2565 1544 2624 1579 τε
2639 1525 2747 1597 γὰρ
2759 1525 3033 1595 ὑποχωρεί
3060 1523 3197 1594 πρὸς
3222 1521 3285 1574 τὸ
3312 1520 3548 1591 φερόμε-

1979 1638 2066 1676 νον
2087 1619 2444 1692 ἑκατέρωθεν,
2466 1604 2558 1672 καὶ
2577 1617 2896 1687 αὐτομάτως
2913 1613 2989 1685 τῷ
3008 1614 3155 1684 ὄγκῳ
3176 1612 3269 1665 τοῦ
3293 1610 3553 1681 κινουμέ-

1980 1729 2072 1766 νου
2114 1710 2557 1782 περισχιζόμενος
2589 1706 2738 1761 ἐνθεν
2769 1705 2863 1759 καὶ
2899 1704 3078 1769 ἐνθεν,
3111 1704 3191 1767 εἰς
3227 1702 3288 1756 τὸ
3316 1700 3554 1754 κατόπιν

1982 1803 2445 1859 ἀντικαθίσταται.
2503 1798 2663 1852 Ἀλλά
2693 1799 2788 1852 καὶ
2821 1797 2882 1850 τὸ
2929 1795 3093 1867 ὑγρὸν
3129 1793 3224 1847 τοῦ
3254 1792 3554 1864 ἀμφορέως

1982 1895 2307 1968 προχέοντος
2328 1932 2343 1957 ,
2370 1892 2453 1947 ὅτι
2487 1908 2594 1963 περ
2620 1890 2686 1945 ἂν
2725 1891 2782 1942 ὲν
2823 1886 3002 1957 ἐαυτῷ
3034 1886 3170 1956 τύχῃ
3191 1924 3206 1949 ,
3253 1886 3377 1937 τότε
3414 1898 3556 1953 προα-

1982 1988 2227 2060 χεομένῳ
2272 1986 2576 2049 διίσταται,
2627 1982 2721 2036 καὶ
2770 1980 3176 2060 ἀντεισέρχεται
3229 1975 3556 2046 αὐτομάτως

1982 2054 2094 2134 ἐπὶ-
2119 2054 2209 2133 τά⁷
2248 2078 2397 2140 ἐντὸς
2448 2074 2541 2129 τοῦ
2600 2054 2847 2143 ἀγγείουΙ
2882 2069 3018 2142 πρὸς
3082 2068 3143 2120 τὸ
3189 2065 3551 2135 κενούμενονο

1981 2171 2077 2227 καὶ
2135 2170 2302 2241 μυρία
2348 2163 2571 2220 τοιαῦτα
2622 2164 2685 2217 τὸ
2740 2159 2981 2233 μαλακόν
3036 2173 3098 2211 τε
3147 2155 3244 2241 καὶ
3298 2153 3549 2207 εῠεικτον

1980 2264 2079 2333 τῆς
2110 2239 2397 2327 τοῦ-ἀέρος
2432 2254 2671 2307 δείκνυσι
2706 2250 2937 2320 φύσεως.
2985 2246 3136 2300 Ἐπεί
3161 2239 3255 2297 οὖν
3282 2243 3342 2296 ὲν
3367 2239 3547 2312 τούτῳ

1982 2331 2129 2403 ἐστὶν
2162 2350 2196 2417 ἡ
2227 2347 2334 2400 τῶν
2370 2343 2674 2415 ἀνθρώπων
2704 2339 2848 2410 ζωὴ,
2881 2338 2978 2393 καὶ
3007 2338 3155 2390 πᾶσα
3182 2333 3366 2405 σχεδὸν
3396 2335 3430 2404 ἡ
3456 2331 3556 2385 τοῦ

1982 2442 2080 2512 ζῇν
2111 2440 2359 2509 δύναμις,
2388 2437 2481 2490 καὶ
2508 2436 2543 2507 ἡ
2575 2432 2684 2486 τῶν
2716 2430 3085 2502 αἰσθητηρίων
3113 2427 3362 2499 ἐνέργεια
3388 2427 3449 2478 ὲν
3473 2423 3558 2497 τῷ

1981 2527 2103 2597 ἀέρι
2130 2526 2230 2594 τὴν
2268 2525 2420 2595 ἰσχὺν
2456 2522 2586 2594 ἔχει’
2622 2519 2890 2591 βλέπομέν
2917 2534 2977 2571 τε
3010 2517 3121 2588 γὰρ
3146 2516 3214 2569 δι’
3248 2513 3411 2569 αὑτοῦ
3457 2513 3557 2568 καὶ

1980 2618 2268 2688 ἀκούομεν,
2308 2615 2401 2669 καὶ
2439 2614 2547 2668 τῶν
2592 2611 2879 2684 ὀσφρητῶν
2910 2608 3009 2681 τὴν
3052 2605 3336 2676 ἀντίληψιν
3370 2604 3559 2660 ὡσαύ-

1980 2729 2087 2775 τως
2126 2711 2196 2764 δι’
2244 2707 2409 2763 αὐτοῦ
2456 2702 2757 2775 ποιούμεθα
2782 2743 2796 2767 ,
2826 2704 2892 2773 τῇ
2935 2699 3031 2754 τοῦ
3080 2698 3388 2770 πνεύματος
3419 2697 3558 2767 ὁλκῇ

1980 2802 2039 2857 τὸ
2054 2800 2388 2876 κυριώτατον
2409 2798 2517 2853 τῶν
2530 2796 2673 2851 κατά
2690 2794 2785 2867 τὴν
2806 2794 2948 2865 ζωὴν
2964 2789 3370 2873 ἐνεργουμένων
3383 2787 3558 2842 ἐστίν·

1981 2898 2010 2949 ὁ
2052 2896 2161 2967 γὰρ
2192 2893 2288 2947 τοῦ
2326 2887 2865 2957 ἀνά⁴παυσάμενος,
2928 2881 3143 2938 καὶτοῦ
3194 2880 3294 2953 ζῇν
3342 2880 3565 2943 πάντως

308 2974 470 3029 tacite
508 2976 770 3044 prmtcriit
799 2993 812 3027 :
840 2974 905 3029 ad
940 2975 1100 3045 hujus
1127 2975 1299 3046 partis
1327 2974 1749 3030 declarationem
1787 2990 1877 3030 sa-

2073 2987 2281 3040 ιύσατο·
2316 2982 2505 3037 τούτου
2540 2980 2701 3051 χάριν
2729 2979 2757 3031 ὁ
2799 2976 2959 3046 σοφὸς
2992 2973 3228 3043 Μωῦσῆς
3270 2969 3566 3041 ἀφυσιολό-

309 3068 381 3122 tis
407 3082 532 3123 esse
554 3075 774 3137 putans,
799 3070 1038 3121 innatam
1062 3068 1210 3121 illam
1232 3076 1396 3137 atque
1425 3067 1645 3122 insitam
1673 3074 1882 3122 natura:

312 3166 515 3213 nostra:
564 3174 686 3213 cum
720 3174 846 3215 acre
899 3159 1340 3228 conjunctionem
1396 3166 1561 3228 atque
1608 3158 1879 3213 habitum.

311 3245 442 3311 Quae
497 3262 627 3302 vero
681 3255 735 3302 in
788 3247 904 3317 ipso
937 3246 1374 3317 conspiciuntur,
1418 3261 1482 3303 ea
1516 3247 1792 3317 quomodo
1826 3261 1886 3305 se

310 3338 566 3403 habeant,
602 3339 875 3408 sigillatim
908 3337 1275 3410 persequitur.
1330 3337 1543 3393 Etenim
1590 3352 1715 3392 eum
1767 3338 1886 3392 dies

310 3430 584 3485 secundus
623 3430 936 3493 transisset,
972 3431 1191 3500 sapiens
1232 3438 1289 3483 ct
1340 3430 1586 3484 numeris
1632 3429 1887 3483 omnibus

311 3520 598 3575 absolutus
622 3535 804 3574 rerum
831 3520 1174 3575 conditarum
1203 3524 1358 3583 ordo,
1383 3534 1492 3590 quo
1520 3534 1661 3588 aqua
1684 3533 1714 3572 a
1742 3527 1886 3573 terra

312 3619 564 3681 separata
595 3621 698 3675 est,
741 3611 831 3668 Dci
872 3627 975 3666 vox
1018 3610 1447 3682 mandatumque
1470 3611 1697 3666 dicitur.
1749 3609 1889 3666 Vere

312 3705 480 3769 enim,
516 3704 778 3774 quidquid
810 3704 1087 3775 sapienter
1120 3703 1199 3767 lit,
1243 3703 1336 3758 Dei
1372 3703 1597 3758 verbum
1626 3712 1729 3769 est,
1778 3720 1887 3759 non

315 3800 696 3855 instrumentis
729 3799 856 3854 ullis
904 3798 1188 3853 vocalibus
1239 3798 1601 3865 enuntiatum,
1646 3796 1745 3852 sed
1799 3797 1889 3864 iis,

317 3907 437 3961 quae
461 3891 514 3945 in
548 3891 684 3961 ipsis
725 3893 887 3947 rebus
930 3891 1168 3947 conditis
1224 3889 1568 3945 admirabilia
1613 3889 1888 3955 videntur,

314 3998 655 4054 expressum.
688 3984 819 4037 Nam
852 3998 973 4038 cum
1008 3983 1186 4037 adhuc
1214 3988 1430 4036 terrena
1476 3981 1714 4048 qualitas
1765 3995 1891 4036 cum

318 4080 511 4125 natura
536 4069 759 4125 humida
782 4070 1071 4125 commista
1098 4076 1267 4133 esset,
1300 4069 1460 4140 cujus
1495 4069 1600 4125 nisi
1638 4083 1765 4124 vere
1811 4067 1894 4122 di-

315 4163 455 4217 vinae
489 4162 774 4232 potestatis
807 4177 873 4217 ac
898 4161 1184 4230 sapientiae
1230 4160 1353 4227 fuit,
1402 4161 1488 4215 vel
1524 4169 1725 4215 terram
1761 4173 1893 4230 pro-

318 4253 453 4324 priis
478 4252 835 4323 qualitatibus
867 4253 939 4307 ita
965 4252 1218 4317 densare,
1257 4260 1319 4306 ut
1354 4251 1611 4307 omnibus
1646 4249 1768 4320 ejus
1821 4249 1898 4306 si-

1986 3097 2153 3152 γητον
2194 3077 2344 3130 εἴασε
2430 3075 2491 3128 τδ
2543 3069 2837 3141 σύντροφόν
2880 3084 2938 3121 τε
2983 3066 3077 3120 καὶ
3120 3063 3387 3135 ὁμόφυλον
3425 3065 3566 3134 ἡμῖν

1987 3173 2248 3242 στοιχεῖον
2275 3163 2478 3239 ,ᾧὰπὸ
2491 3165 2795 3234 γεννήσεως
2828 3160 2988 3222 εὐθὺς
3020 3153 3393 3228 ὲντρεφόμεθα
3412 3170 3427 3185 ’
3458 3156 3569 3227 ἀρε

1985 3261 2207 3323 κοῦσαν,
2241 3258 2540 3331 ἡγούμενος
2594 3253 2687 3308 τοῦ
2740 3252 2940 3323 μέρους
2985 3247 3174 3302 τούτου
3219 3245 3564 3309 διδάσκαλον,

1986 3353 2085 3424 τὴν
2113 3350 2351 3422 ἔμφυτόν
2372 3365 2432 3401 τε
2464 3347 2557 3401 καὶ
2588 3345 2821 3413 συγγενῆ
2856 3341 2956 3411 τῆς
2995 3339 3208 3410 φύσεως
3237 3335 3392 3408 ἡμῶν
3423 3335 3569 3408 πρὸς

1986 3444 2077 3498 τὸν
2106 3443 2245 3514 ἀέρα
2279 3440 2481 3511 σχέσιν*
2506 3437 2574 3490 τὰ
2602 3438 2658 3490 δὲ
2689 3437 2746 3488 ὲν
2771 3433 2918 3504 αὐτῷ
2940 3431 3079 3486 κατά
3100 3430 3196 3501 τὴν
3231 3430 3405 3483 κτίσιν
3435 3445 3573 3497 φαι-

1988 3535 2208 3606 νόμενα,
2228 3534 2375 3595 ὅπως
2396 3529 2464 3583 τά
2485 3527 2603 3583 καθ’
2626 3527 2855 3581 ἕκαστον
2882 3523 3031 3595 ἔσχε,
3051 3521 3129 3593 τῷ
3151 3521 3294 3591 λόγῳ
3319 3518 3565 3586 διέξεισι.

1990 3626 2373 3700 Παρελθούσης
2419 3623 2529 3694 γάρ
2574 3621 2671 3692 τῆς
2724 3617 2984 3688 δευτέρας
3037 3615 3271 3686 ἡμέρας,
3312 3612 3475 3667 πάλιν
3526 3612 3569 3682 ἠ

1993 3724 2130 3791 σοφή
2161 3736 2221 3771 τε
2246 3718 2342 3772 καί
2379 3713 2747 3785 παναρμόνιος
2772 3709 2882 3764 τῶν
2923 3707 3219 3778 γινομένων
3252 3704 3401 3769 τάξις
3431 3704 3465 3773 ἡ
3503 3700 3573 3754 τὸ

1993 3813 2137 3883 ὕδωρ
2162 3811 2259 3890 τῇς
2289 3808 2389 3879 γῆς
2424 3805 2812 3876 ἀποκρίνουσα,
2844 3799 2979 3855 Θεοῦ
3023 3797 3173 3870 φωνὴ
3204 3797 3299 3849 καὶ
3325 3794 3573 3866 πρόστα-

1994 3921 2109 3975 γμα
2134 3887 2368 3970 λέγεται·
2397 3894 2612 3968 ἀληθῶς
2635 3896 2743 3966 γὰρ
2769 3895 2877 3947 πᾶν
2906 3892 2966 3945 τὸ
2989 3894 3047 3945 ὲν
3074 3889 3236 3959 σοφίᾳ
3258 3887 3572 3957 γινόμενον,

1993 3996 2126 4053 Θεοῦ
2152 3994 2307 4062 λόγος
2329 3990 2496 4053 ἐστὶν,
2525 3988 2625 4041 οὐκ
2653 3986 2901 4058 ὀργάνοις
2923 3984 3035 4035 τισὶ
3064 3982 3390 4050 φωνητικοίς
3412 3977 3575 4050 διαρ-

1995 4086 2319 4158 θρὸύμενος,
2368 4078 2505 4134 ἀλλά
2535 4077 2599 4130 δι’
2634 4074 2815 4130 αὐτῶν
2861 4068 3275 4140 ὲκφωνούμενος
3367 4066 3478 4120 τῶν
3513 4068 3579 4120 ὲν

1995 4181 2104 4241 τοῖς
2135 4173 2478 4247 φαινομένοις
2508 4167 2822 4239 θαυμάτων.
2859 4164 2977 4217 Ἔτι
3022 4164 3131 4231 γὰρ
3173 4158 3567 4233 συμπεφυρμέ-

1996 4288 2094 4338 νης
2140 4266 2276 4339 πρὸς
2308 4264 2406 4337 τὴν
2455 4259 2628 4332 ύγράν
2661 4256 2821 4328 φύσιν
2849 4256 2948 4326 τῆς
2976 4251 3209 4323 γεώδους
3242 4250 3531 4323 ποιότητος
3555 4291 3576 4316 ,

316 4344 541 4400 milibus
578 4345 864 4415 particulis
898 4346 950 4399 in
980 4344 1215 4401 solidum
1266 4343 1526 4408 redactis,
1569 4357 1632 4397 ac
1686 4341 1892 4397 consti-

2073 4378 2141 4425 νος
2160 4336 2228 4431 ἦν
2256 4356 2464 4429 ἐτέρου,
2492 4353 2589 4424 τὴν
2623 4350 2719 4421 μὲν
2757 4349 2858 4419 γῆν
2880 4349 2997 4411 ταῖς
3030 4345 3187 4408 ἰδίαις
3213 4340 3577 4431 καταπυκνιῖμ

318 4438 484 4505 palis,
518 4438 897 4491 humiditatem
938 4438 1156 4491 insitam
1186 4436 1255 4490 ab
1288 4435 1405 4505 ipsa
1438 4432 1777 4498 secluderet,
1811 4433 1893 4488 vel

319 4543 515 4597 aquam
557 4535 716 4581 terra:
766 4529 1017 4583 cavernis
1081 4527 1377 4583 cohibitam
1410 4533 1465 4582 et
1513 4526 1779 4580 inclusam
1830 4523 1898 4579 ab

318 4620 439 4688 cjus
469 4618 826 4689 permistione
855 4633 1162 4685 secernere,
1189 4625 1352 4689 atque
1376 4619 1430 4672 in
1461 4632 1629 4672 unum
1665 4630 1894 4685 congre-

318 4729 450 4784 gare
468 4713 494 4767 ἵ

2002 4472 2092 4508 σαι
2126 4430 2423 4521 ποιότησιν,
2458 4444 2597 4498 ὣστε
2620 4441 2838 4495 πάντων
2867 4437 3033 4509 αὐτῆς
3064 4435 3173 4489 τῶν
3203 4432 3407 4507 μορίων
3435 4430 3582 4502 πρὸς

1998 4547 2066 4601 τά
2107 4542 2323 4615 ὁμοφυῆ
2352 4535 2812 4609 συμπιεσθέντων,
2845 4534 2902 4585 ὲν
2937 4529 3014 4602 τῷ
3043 4526 3222 4599 ναστῷ
3258 4543 3315 4580 τε
3344 4525 3438 4579 καὶ
3472 4541 3582 4577 πε-

1999 4636 2283 4708 πιλημένῳ
2308 4629 2603 4699 ἀποθλῖψαι
2626 4627 2721 4681 ἀπ’
2750 4625 2918 4695 αὐτῆς
2945 4623 3044 4695 τὴν
3067 4618 3392 4691 ὲγκειμένην
3412 4615 3582 4687 ὑγρό-

1996 4746 2153 4800 τητα’
2189 4725 2248 4779 τὸ
2280 4723 2337 4778 δὲ
2365 4722 2509 4793 ὕδωρ
2538 4718 2871 4790 διακρίνεται
2906 4715 3005 4786 τῆς
3036 4713 3172 4784 πρὸς
3196 4711 3294 4782 τὴν
3320 4708 3425 4779 γῆν
3450 4709 3583 4800 ἐπι-

323 4841 540 4912 μιξίας,
584 4841 679 4896 καὶ
722 4839 849 4910 περὶ
882 4838 1045 4892 ἑαυτὸ
1088 4837 1464 4907 συναγείρεται
1506 4836 1624 4898 ταῖς
1662 4831 1936 4900 κοιλότησι
1987 4798 2085 4895 τῆής
2122 4820 2224 4890 γῆς
2264 4813 2731 4886 ἐγκρατούμενον;
2771 4809 2895 4862 ἐπεὶ
2941 4802 3033 4860 οὖν
3065 4804 3214 4868 θείας
3256 4802 3332 4864 ὡς
3362 4798 3585 4871 ἀληθῶς

320 4935 601 5006 δυνάμεώς
633 4951 691 4989 τε
723 4934 815 4989 καὶ
844 4934 1038 5002 σοφίας
1067 4933 1129 4986 τὸ
1173 4929 1409 4985 τοιοῦτόν
1439 4930 1586 4981 ἐστιν
1605 4968 1619 4981 .

392 5027 600 5083 Idcirco
648 5026 829 5083 Moses
871 5026 999 5081 huic
1054 5025 1133 5079 rei
1189 5022 1526 5078 admirandae
1586 5037 1895 5080 sermonem

325 5116 417 5173 Dei
445 5117 732 5187 praefuisse
762 5118 916 5179 dicit,
959 5114 1275 5171 mandatum
1309 5113 1484 5185 ipsius
1508 5113 1895 5184 explicantem,

324 5223 436 5280 quo
464 5209 683 5280 quidem
723 5210 1109 5281 egorationcm
1160 5222 1341 5263 rerum
1389 5206 1735 5262 conditarum
1793 5221 1895 5261 na-

329 5308 466 5353 tura
519 5298 743 5354 insitam
794 5299 1093 5372 signiﬁcari
1125 5298 1341 5370 judico.
1398 5317 1416 5349 ι
1451 5296 1665 5359 Dixit,»
1696 5297 1894 5367 inquit,

334 5390 509 5448 «Deus
542 5412 554 5448 :
589 5390 870 5464 Cogantur
899 5410 1055 5464 aqua:
1086 5393 1139 5449 in
1172 5393 1634 5466 congregationes
1666 5408 1816 5459 suas,
1846 5403 1901 5447 et

329 5490 589 5554 appareat
617 5484 855 5541 arida".
890 5504 909 5537 ι
974 5484 1351 5543 Necessarium
1399 5493 1606 5540 natura:
1655 5482 1902 5539 ordinem

407 5666 453 5700 ²⁶
480 5665 612 5723 ϐου.
654 5680 693 5735 t,
722 5664 775 5722 9.

2073 5022 2275 5078 Τούτου
2301 5019 2461 5090 χάριν
2491 5017 2521 5069 ὁ
2545 5011 2783 5081 Μωῦσῆς
2816 5009 2971 5077 λόγον
2998 5002 3134 5059 Θεοῦ
3162 5018 3293 5074 φησι
3319 4998 3412 5054 τοῦ
3450 4997 3597 5090 Οαύο-

2006 5132 2172 5189 ματος
2196 5089 2627 5182 καθηγήσασθαι,
2656 5098 3063 5175 προστακτικήν
3089 5112 3211 5189 τινα
3242 5089 3586 5189 ῥῆσιν-διεξο-

2000 5183 2243 5273 δεύοντα,
2260 5206 2334 5269 ὡς
2354 5203 2409 5256 δὲ
2437 5199 2547 5270 ἐγὼ
2566 5197 2696 5269 περὶ
2722 5194 2909 5249 τούτου
2935 5191 3125 5262 κρίνω,
3144 5188 3236 5242 τὸν
3260 5183 3587 5273 ἐγκείμενον

2002 5300 2069 5369 τῇ
2103 5270 2263 5366 φύσει
2289 5294 2388 5363 τῆς
2419 5290 2649 5350 κτίσεως
2671 5284 2849 5352 λόγον,
2881 5281 2969 5335 διὰ
2996 5279 3094 5350 τῆς
3116 5270 3587 5369 έξοδικῆςᾼτα-ύτης

2006 5362 2351 5443 ἑνδέίκνυται
2381 5383 2608 5454 ρήσεως.
2644 5395 2665 5430 t
2690 5369 2827 5429 Εἶπε
2860 5392 2878 5424 ι
2907 5371 3036 5442 γάρ,
3080 5369 3265 5438 φησιν,
3305 5382 3324 5416 t
3361 5365 3390 5418 ὁ
3423 5362 3586 5454 Dein,

2010 5474 2335 5547 Συναχθήτω
2381 5449 2457 5525 ⁷τά.
2503 5467 2668 5522 ὕδατα
2732 5464 2810 5526 εἰς
2860 5461 2956 5524 τὰς
3011 5454 3326 5526 συναγωγὰς
3380 5449 3583 5514 αὐτῶν.
