3768 6000
128 205 197 266 89

1338 214 1407 269 IN
1445 212 1582 269 HEX
1593 211 1922 270 AEMERON
1954 216 2176 276 LIBER.

3313 240 3382 294 90

128 330 224 385 καὶ
262 329 481 401 ὀφθήτω
526 329 559 400 ἡ
605 328 767 401 ξηρά.
812 348 830 382 ι
886 330 1048 402 Ὁρᾷς
1082 331 1180 403 τὴν
1217 332 1522 401 ἀναγκαίαν
1550 332 1616 386 τά

1897 338 2019 393 nis:
2071 341 2366 411 quomodo,
2424 333 2683 412 expressa
2740 355 2877 412 aqua
2922 341 2990 397 ab
3048 341 3165 413 ipsa
3212 349 3384 410 terra,

128 420 227 492 τῆς
258 419 502 489 φύσεως.
544 420 665 484 πῶς
701 420 802 491 τῆς
834 420 936 493 γῆς
978 422 1410 491 ἀφελκυσθέντος
1447 424 1545 478 τοῦ
1578 423 1707 478 ὑδα-

127 530 220 576 τος
270 511 586 583 ξηραίνεται
633 513 698 565 τὸ
740 511 1037 585 ἀποκριθὲν
1083 512 1186 585 τῆς
1242 514 1571 586 ὑγρότητος,
1616 517 1711 569 καὶ

130 601 245 663 πῶς
316 601 515 671 μηκέτι
563 601 863 671 πηλοειδῶς
904 602 1360 675 ἀνακεκραμένης
1413 605 1550 675 πρὸς
1612 605 1711 676 τὴν

130 693 228 763 γῆν
279 692 381 763 τῆς
429 692 759 763 ὑγρότητος,
813 687 1153 761 ἀναγκαίως
1182 693 1411 764 δοχείοις
1468 697 1582 747 τισὶ
1650 695 1714 749 τὸ

130 785 271 856 ὕδωρ
322 784 820 854 περιστοιχίζεταιο
873 784 948 848 ὡς
996 784 1062 839 ἂν
1114 784 1190 856 μὴ
1229 785 1306 855 τῷ
1356 784 1563 858 ῥευστῷ
1613 788 1714 856 τῆς

131 877 348 946 φύσεως
382 877 463 937 εἰς
492 874 800 954 ἀφανισμὸν
838 874 981 928 ἔλθοι
1006 915 1022 938 ,
1060 875 1286 947 μηδενὸς
1332 877 1431 947 τὴν
1467 876 1714 948 διάχυσιν

132 963 301 1019 αὑτοῦ
348 965 827 1037 περισφίγγοντος.
873 966 1034 1021 Ἀλλά
1081 984 1172 1037 μοι
1201 967 1347 1021 δοκεῖ
1379 968 1454 1040 μὴ
1487 969 1714 1040 ἄκαιρον

132 1055 269 1111 εἶναι
306 1057 469 1111 πάλιν
497 1057 606 1111 τῶν
632 1057 1037 1131 ὑπερουρανίων
1065 1059 1270 1114 ὑδάτων
1301 1046 1710 1132 μνήμην’ποιή·

134 1150 352 1203 σασθαι.
408 1151 470 1203 Εἰ
511 1150 620 1220 γάρ
665 1151 979 1218 ἀναγκαίως
1018 1150 1253 1205 ἐνταῦθα
1281 1151 1415 1224 πρὸς
1448 1151 1714 1222 ὑποδοχὴν

134 1240 238 1292 τῶν
265 1241 478 1294 ὑδάτων
510 1242 544 1311 ἡ
572 1242 644 1313 γῆ
671 1241 1098 1312 σχηματίζεται,
1130 1240 1241 1297 οἷόν
1260 1260 1372 1297 τισι
1404 1243 1623 1307 κόλποις
1655 1244 1717 1298 τὸ

134 1332 360 1401 ρευστδν
405 1332 586 1387 αὑτῶν
626 1334 1009 1405 περιείργουσα
1028 1376 1043 1400 ,
1090 1336 1186 1389 καὶ
1234 1339 1300 1407 τῇ
1348 1335 1567 1407 ἀστάτῳ
1607 1336 1718 1391 τῶν

134 1425 342 1479 ὑδάτων
365 1425 551 1493 φύσει,
576 1424 655 1496 τῷ
688 1426 804 1495 ἰδίῳ
838 1424 1085 1497 σταθερῷ
1114 1428 1463 1499 παρεχομένη
1498 1429 1559 1482 τὸ
1585 1429 1716 1483 στά-

134 1533 311 1587 σιμον’
346 1516 467 1580 πῶς
494 1517 562 1571 ἂν
601 1518 663 1570 rb
701 1515 871 1589 ὕδωρ,
904 1517 1065 1588 εἴπερ
1104 1516 1182 1587 τῷ
1211 1517 1327 1570 ὄντι
1359 1516 1499 1588 ὕδωρ
1547 1520 1715 1583 ἐστὶν,

1810 428 1957 497 quod
2005 430 2074 484 ab
2127 431 2450 486 bumiditate
2496 442 2767 487 secretum
2822 439 2928 498 est,
2974 442 3280 500 exarescat,
3331 443 3386 489 et

1809 522 2082 590 quomodo
2120 537 2244 576 cum
2286 523 2338 577 id
2359 523 2505 593 quod
2538 522 2821 577 humidum
2850 531 2955 588 est,
2985 539 3094 578 non
3150 524 3386 595 amplius

1811 610 1867 664 in
1908 612 2051 665 omni
2085 627 2289 670 morem
2313 628 2436 668 cum
2461 621 2609 668 terra
2644 614 2968 684 permistum
3012 614 3104 677 sit,
3147 625 3386 685 recepta-

1812 701 1951 756 culis
1972 702 2300 771 quibusdam
2329 703 2582 773 cingatur
2610 717 2772 773 aqua,
2802 717 2869 757 ne
2894 709 3115 772 propter
3135 712 3382 756 naturam

1811 791 2011 847 ﬂuxam
2043 792 2337 863 dispereat,
2371 792 2421 847 si
2446 791 2638 847 effusio
2658 792 2832 863 ipsius
2858 793 3008 846 nulla
3038 806 3098 847 re
3127 806 3383 846 coercea-

1812 892 1923 939 tur.
1962 884 2094 939 Mihi
2125 900 2232 939 non
2257 884 2473 940 videtur
2509 884 2770 951 alienum,
2799 886 2867 938 de
2903 884 3084 953 aquis,
3115 898 3236 953 quae
3290 897 3386 938 su-

1815 991 1910 1046 per
1940 976 2111 1031 ctalos
2144 983 2302 1040 sunt,
2341 976 2537 1031 iterum
2578 976 2902 1030 mentionem
2940 974 3138 1029 facere.
3172 972 3306 1027 Nam
3338 975 3385 1029 si

1814 1080 2041 1121 necesse
2102 1074 2210 1129 est,
2272 1073 2332 1119 ut
2379 1065 2468 1119 hic
2517 1073 2639 1134 apte
2687 1063 2755 1119 ad
2786 1079 2958 1134 aquas
3008 1063 3387 1139 susvipiendas

1816 1167 1958 1213 terra
2021 1157 2319 1221 formetur,
2375 1170 2497 1226 qua:
2551 1156 2878 1226 quibusdam
2937 1156 3149 1210 sinibus
3197 1170 3385 1209 carum

1814 1247 2016 1303 ﬂuenta
2045 1246 2323 1312 cohibeat,
2354 1254 2674 1315 naturaque
2703 1245 2947 1301 instabili
2974 1244 3186 1299 ﬁrmam
3220 1245 3390 1298 stabi-

1815 1340 2022 1395 litatem
2056 1354 2210 1394 suam
2249 1346 2529 1409 opponat:
2561 1337 2656 1408 qui
2716 1337 2833 1392 ﬁeri
2889 1344 3090 1409 potest,
3139 1344 3199 1392 ut
3242 1351 3386 1405 aqua

1816 1432 1907 1485 illa
1967 1432 2241 1500 superior,
2298 1431 2343 1486 si
2393 1444 2520 1484 vere
2553 1438 2638 1485 est
2684 1445 2846 1499 aqua,
2906 1444 3068 1498 super
3104 1444 3162 1483 re
3205 1428 3389 1482 mobili

1815 1524 2103 1589 consistat,
2146 1537 2246 1579 nec
2276 1537 2442 1592 super
2472 1536 2639 1576 curva
2672 1537 2730 1577 re
2769 1522 2961 1591 jacens
2992 1520 3340 1591 dispergatur
3368 1519 3392 1572 ?

134 1610 350 1663 ἵσταται
394 1610 494 1681 μὲν
532 1611 629 1664 ἐπὶ
655 1608 750 1664 τοῦ
797 1611 1053 1675 ἀστάτου,
1085 1611 1371 1682 ἀδιάχυτον
1401 1613 1458 1666 δὲ
1495 1614 1587 1667 ἐπὶ
1619 1636 1622 1646 λ

1905 1617 2030 1669 enim
2066 1615 2112 1671 si
2146 1630 2309 1669 unam
2339 1621 2392 1669 et
2413 1614 2659 1670 eamdem
2689 1615 2975 1681 utriusque
2996 1623 3247 1667 naturam
3270 1626 3393 1666 esse

134 1702 335 1774 κυρτοῦ
360 1701 638 1771 διαμένει;
660 1702 724 1755 El
746 1700 854 1773 γάρ
882 1702 1011 1773 μίαν
1048 1719 1109 1755 τε
1149 1704 1243 1756 καὶ
1278 1703 1377 1773 τὴν
1405 1704 1574 1776 αὐτὴν
1612 1724 1622 1739 ι

1911 1709 2136 1777 tuimus,
2177 1708 2549 1763 necessarium
2606 1716 2710 1770 est,
2760 1713 2818 1759 ut
2851 1721 2977 1776 quae
3000 1706 3053 1759 in
3112 1705 3198 1759 his
3236 1703 3393 1773 aquis

133 1795 225 1848 δύο
270 1794 486 1847 ὑδάτων
514 1792 616 1865 τὴν
646 1792 809 1863 φύσιν
850 1794 1239 1865 ὑποτιθέμεθα,
1286 1796 1500 1867 ἀνάγκη
1549 1798 1718 1864 πᾶσα,

1823 1799 2216 1870 conspicimus,
2240 1798 2428 1855 eadem
2462 1797 2645 1852 omnia
2676 1797 2743 1851 de
2769 1797 2878 1850 illis
2908 1796 3232 1865 cogitemus.
3254 1793 3392 1864 Ergo

135 1887 281 1957 άπερ
320 1885 417 1937 ἐπὶ
462 1885 667 1940 τούτων
697 1885 988 1956 βλέπομεν,
1029 1885 1207 1941 ταῦτα
1239 1887 1333 1942 καὶ
1377 1890 1464 1942 ἐπ’
1498 1889 1623 1943 ὲκείε

1911 1891 1949 1945 li
1972 1898 2122 1958 terga
2152 1890 2389 1945 dissecta
2427 1895 2577 1953 sunt,
2633 1896 2794 1957 atque
2827 1894 3086 1942 excavata
3132 1885 3188 1939 in
3224 1886 3396 1940 valles

134 1976 366 2031 οἴεσθαι·
395 1977 596 2031 ούκοῦν
644 1977 714 2032 τὰ
753 1976 900 2031 νῶτα
927 1977 1022 2031 τοῦ
1069 1978 1299 2048 ούρανοῦ
1349 1977 1594 2050 σχίζεται
1641 1981 1723 2042 είς

135 2069 406 2134 αὐλῶνας,
434 2069 554 2123 καθ’
586 2070 878 2140 ὁμοιότητα
902 2069 1010 2123 τῶν
1036 2069 1130 2122 ἐπὶ
1158 2069 1259 2139 τῆς
1289 2070 1393 2142 γῆς
1422 2071 1723 2142 γινομένων

136 2162 278 2233 πρὸς
302 2161 404 2226 τάς
431 2160 541 2216 τῶν
573 2161 834 2232 κρημνῶν
857 2161 1167 2224 διαστάσεις
1197 2161 1718 2232 ἐκφαραγγούμενα,

138 2252 224 2306 ἵνα
250 2253 316 2306 rb
343 2252 488 2325 ὕδωρ
512 2252 827 2325 ὲγκρατηθῇ
861 2256 982 2317 ταῖς
1009 2252 1305 2323 κοιλότησι.
1340 2254 1408 2305 Τί
1439 2249 1533 2307 οὖν
1564 2253 1722 2325 ἐροῦ-

135 2363 241 2410 σιν,
268 2346 405 2398 ὅταν
437 2346 472 2415 ἠ
500 2345 788 2414 ὲγκύκλιος
831 2344 926 2398 τοῦ
957 2343 1119 2398 πόλου
1166 2342 1442 2415 περιφορά
1475 2345 1612 2415 πρὸς
1656 2345 1725 2399 τά

135 2436 288 2491 κάτω
324 2436 484 2506 κλίνῃ
513 2436 575 2489 τὸ
616 2434 713 2490 νῦν
759 2435 1176 2506 ὑπερκείμενον,
1220 2436 1328 2505 ἀρα
1368 2435 1443 2507 μὴ
1488 2436 1726 2506 πώματά

133 2545 256 2582 τινα
285 2528 404 2592 τοῖς
436 2527 660 2592 κύκλοις
694 2528 1072 2597 ὲπινοὴσωσιν,
1112 2527 1188 2592 ὡς
1222 2527 1288 2581 ἂν
1339 2527 1412 2598 μὴ
1453 2528 1725 2599 ἐκκρεμὲς

136 2622 197 2675 rb
233 2621 384 2693 ὕδωρ
412 2621 722 2691 γενόμενον,
760 2619 870 2673 τῶν
908 2620 1262 2691 κοιλωμάτων
1304 2621 1518 2693 ἐκρὲοις
1566 2620 1727 2689 Ἀλλά

138 2729 271 2783 φησι
298 2709 672 2781 δαπανητικὸν
711 2710 811 2778 μὲν
843 2704 982 2762 εἶναι
1019 2709 1080 2762 τὸ
1115 2708 1249 2781 πῦρ,
1279 2709 1469 2781 χρείαν
1492 2710 1548 2763 δὲ
1580 2709 1728 2780 ἔχειν

139 2802 270 2872 ὕλης
301 2800 450 2865 τινὸς
491 2801 593 2871 τῆς
625 2799 1036 2871 ὑποτρεφούσης
1084 2800 1256 2853 είσαεὶ
1293 2800 1391 2871 τὴν
1424 2800 1616 2870 φλόγα,
1650 2800 1726 2864 ὡς

138 2889 201 2943 ἂν
233 2889 311 2960 μὴ
336 2888 791 2961 καταμαρανθείη
810 2928 826 2952 ,
870 2892 936 2960 τῇ
968 2889 1172 2962 ἀπορίᾳ
1200 2888 1296 2943 τοῦ
1336 2890 1727 2954 ὑπεκκαίοντος

139 2982 268 3035 αὑτὸ
298 2981 433 3052 περὶ
469 2981 632 3035 ἑαυτὸ
666 2978 1075 3051 δαπανώμενον.
1126 2980 1268 3050 Ἐγὼ
1312 2981 1369 3034 δὲ
1408 2981 1575 3053 κᾶνή
1627 2999 1724 3052 με-

139 3072 277 3144 γάλη
310 3070 411 3125 τοῦ
439 3072 765 3125 διδασκάλου
805 3072 962 3141 ἡμῶν
992 3073 1143 3144 φωνὴ
1173 3076 1238 3146 τῇ
1271 3073 1495 3144 τοιαύτῃ
1525 3074 1727 3146 ὑπολή-

139 3161 226 3230 ψει
259 3161 616 3234 συμφέρεται
638 3200 655 3225 ,
683 3163 1096 3233 παραιτήσομαι
1128 3148 1250 3227 τοὺς
1279 3165 1728 3235 ἐντυγχάνοντας,

145 3254 216 3324 μὴ
265 3252 530 3324 χαλεπῶς
583 3251 750 3321 ἔχειν,
801 3255 849 3306 εί
896 3253 1033 3325 πρὸς
1060 3254 1120 3307 rb
1152 3255 1446 3310 ἀκόλουθον
1493 3255 1728 3327 βλέπων,

141 3346 319 3416 πάντη
346 3343 591 3398 δουλεύω
614 3346 726 3408 τοῖς
756 3344 1193 3416 προκαθημένοις
1223 3348 1281 3400 ὲν
1303 3350 1370 3419 τῇ
1395 3346 1597 3420 θεωρίᾳ
1624 3348 1733 3401 τῶν

141 3435 332 3490 ὗντων.
386 3434 501 3488 Καὶ
538 3433 650 3505 γάρ
696 3434 792 3487 καὶ
835 3434 912 3505 τῷ
951 3434 1252 3508 διδασκάλῳ
1300 3438 1502 3502 σκοπὸς
1534 3434 1627 3510 ἦν,
1672 3438 1734 3492 οὐ

144 3529 364 3589 πάντως
389 3527 490 3590 τάς
520 3527 657 3590 ἰδίας
686 3526 983 3598 ὑπολήψεις
1033 3530 1144 3592 τοῖς
1175 3530 1545 3601 ἀκροωμένοις
1571 3547 1735 3601 νομο-

145 3618 342 3681 θετεῖν,
379 3616 523 3671 ἀλλὰ
558 3616 748 3686 apon
785 3634 906 3671 τινα
940 3616 1028 3671 διὰ
1060 3619 1157 3689 τῆς
1199 3619 1547 3682 διδασκαλίας
1571 3619 1737 3675 αὑτοῦ

147 3711 281 3780 πρὸς
307 3710 413 3781 τὴν
435 3708 703 3779 ἀλήθειαν
729 3710 786 3762 ὲν
820 3712 933 3773 τοῖς
959 3710 1425 3782 μαθητευομένοις
1461 3710 1734 3780 γενέσθαιο

149 3802 242 3855 ml.
270 3802 438 3871 ἡμεῖς
480 3800 665 3853 τοίνυν
695 3801 1165 3871 ὲγγυμνασθέντες
1199 3805 1310 3866 τοῖς
1362 3804 1491 3874 παρ’
1528 3803 1737 3857 ἐκείνου

150 3889 563 3958 καταλειφθεῖσι
607 3888 910 3961 μαθήμασι.
947 3889 1084 3960 πρὸς
1109 3890 1170 3943 τὸ
1212 3890 1501 3946 ἀκόλουθον
1541 3892 1738 3963 βλέπο-

154 3997 271 4048 μεν.
308 3979 413 4048 Είη
457 3977 501 4030 δ’
549 3977 619 4033 ἂν
643 3972 817 4042 οὗτος,
847 3978 1005 4050 εἴπερ
1049 3979 1295 4050 ἐπιτύχοι
1334 3964 1427 4034 τοῦ
1462 3981 1672 4046 εἰκότος
1711 3985 1740 4036 ὁ

150 4070 330 4139 λόγος,
364 4072 448 4134 εἰς
479 4070 580 4140 τὴν
612 4069 706 4123 τοῦ
735 4070 1055 4124 διδασκάλου
1090 4072 1282 4139 σοφίαν
1310 4072 1737 4143 ἀναφερόμενος.

151 4163 217 4216 Τί
244 4164 430 4216 τοίνυν
462 4161 601 4232 πρὸς
622 4161 720 4231 τὴν
749 4161 1137 4232 ὑπενεχθεῖσαν
1169 4162 1439 4217 ἀντίθεσιν
1471 4165 1625 4234 ἡμεῖς
1649 4163 1740 4217 λο-

152 4255 461 4326 γιζόμεθας
498 4256 577 4309 Oti
602 4256 712 4325 γάρ
743 4254 902 4325 μόνον
931 4256 989 4307 ὲν
1022 4254 1101 4326 τῷ
1140 4255 1275 4325 πυρὶ
1304 4256 1398 4309 καὶ
1426 4254 1580 4308 ὕδατι
1608 4254 1742 4310 θεω-

1752 3031 1796 3091 C

1820 1997 2009 2036 earum
2047 1981 2279 2046 similes,
2303 1996 2426 2051 quae
2466 1987 2692 2050 propter
2720 1978 3007 2033 intervalla
3040 1978 3302 2031 montium
3339 1977 3393 2032 in

1821 2079 1968 2127 terra
1993 2083 2140 2138 sunt,
2174 2082 2234 2128 ut
2267 2073 2376 2129 illis
2400 2087 2540 2143 aqua
2563 2072 2904 2127 coerceat‘ur.
2943 2071 3010 2125 At
3034 2069 3163 2140 quid
3190 2069 3394 2133 dicent,

1821 2164 2042 2234 quando
2070 2163 2178 2235 poli
2202 2165 2562 2219 conversione
2591 2162 2641 2216 id
2672 2160 2816 2232 quod
2835 2161 3088 2231 superius
3118 2175 3266 2215 nunc
3291 2169 3396 2227 est,

1826 2255 2056 2310 inferius
2092 2256 2202 2319 fiet,
2238 2255 2508 2325 poeulane
2537 2255 2722 2324 aliqua
2754 2252 2809 2308 in
2856 2251 3089 2307 orbibus
3117 2251 3398 2321 excogita-

1824 2348 1980 2412 bunt,
2031 2363 2099 2402 ne
2159 2363 2302 2419 aqua
2367 2360 2635 2415 suspensa
2669 2361 2734 2399 ex
2782 2343 2932 2398 cavis
2960 2342 3177 2398 eﬂlnat?
3217 2341 3400 2396 Verax

1824 2451 1928 2505 est,
1969 2439 2246 2510 inquiunt,
2285 2439 2450 2509 ignis,
2502 2438 2840 2506 materiaque
2878 2435 3082 2505 indiget
3128 2433 3397 2488 “annnam

1826 2542 2089 2604 perpetuo
2140 2532 2440 2591 nutriente,
2473 2547 2542 2584 ne
2603 2526 2993 2585 succendentis
3023 2526 3393 2596 exstinguatm

1826 2625 2029 2695 inopia,
2056 2631 2109 2679 et
2134 2639 2164 2676 a
2205 2622 2501 2692 semetipso
2533 2626 2910 2676 consumatur.
2940 2618 3053 2688 Ego
3090 2632 3240 2681 vero,
3273 2615 3402 2669 licet

1825 2730 2022 2785 magna
2048 2715 2398 2787 praeceptoris
2424 2713 2596 2768 nostri
2626 2728 2730 2767 vox
2755 2710 2883 2766 huic
2915 2708 3201 2765 sententia:
3223 2706 3403 2761 favere

1827 2807 2095 2871 videatur,
2130 2807 2332 2877 rogabo
2371 2814 2550 2860 tamen
2573 2819 2689 2866 eos,
2719 2803 2771 2856 in
2812 2816 3042 2871 quorum
3066 2813 3260 2853 manus
3288 2797 3403 2850 hac

1827 2895 2144 2957 inciderint,
2199 2909 2268 2949 ne
2316 2891 2550 2964 graviter
2596 2889 2794 2954 ferant,
2841 2886 2937 2943 sed
2971 2884 3271 2955 patiantur,
3320 2895 3404 2933 me

1828 2987 2137 3043 institutum
2168 2985 2416 3040 ordinem
2446 2982 2622 3052 sequi.
2675 2979 2861 3048 Neque
2912 2976 3059 3030 enim
3116 2973 3404 3043 opiniones

1831 3085 2074 3143 nostras,
2120 3084 2182 3131 ut
2211 3078 2386 3146 leges,
2419 3072 2762 3129 auditoribus
2810 3064 3298 3138 prOponimus,scd
3337 3077 3402 3117 ex

1831 3170 2079 3228 doctrina
2114 3169 2288 3239 ipsius
2330 3167 2677 3223 occasionem
2725 3163 3067 3232 arripientes,
3110 3161 3405 3211 consenta-

1832 3276 1996 3316 neum
2021 3259 2267 3314 ordinem
2298 3260 2589 3312 intuemur.
2618 3253 2982 3321 Quamobrem
3006 3256 3060 3305 et
3087 3249 3203 3303 haec
3232 3244 3405 3301 oratio

1804 3361 2044 3415 .nostra,
2096 3352 2143 3405 si
2197 3349 2416 3420 quidem
2450 3363 2479 3401 a
2512 3348 2713 3402 decoro
2754 3359 2863 3398 non
2912 3339 3282 3401 abborruerit,
3341 3334 3406 3389 ad

1834 3443 1952 3513 ejus
1983 3441 2304 3512 sapientiam
2341 3437 2628 3493 referetur.
2664 3434 2806 3500 Quid
2836 3434 3003 3502 igitur
3028 3429 3095 3482 ad
3154 3442 3240 3490 ea,
3289 3439 3407 3496 quae

1836 3542 2028 3589 contra
2052 3533 2397 3593 dicebantur,
2428 3522 2928 3596 respondebimus?
2976 3519 3095 3573 Non
3130 3519 3304 3573 solum
3353 3515 3408 3569 in

1836 3626 1962 3696 igne
1990 3632 2044 3678 et
2073 3636 2212 3693 aqua
2234 3619 2543 3675 contrarias
2580 3615 2871 3686 qualitates
2897 3609 3285 3682 perspicimus,
3317 3606 3409 3660 sed

1838 3716 1893 3771 in
1922 3715 2151 3785 singulis
2176 3711 2460 3767 clementis
2493 3707 2676 3763 videre
2704 3706 2832 3760 licet
2858 3701 3149 3773 quamdam
3171 3698 3415 3768 proprie-

1839 3813 2012 3860 tatum
2043 3817 2170 3859 cum
2194 3801 2460 3872 oppositis
2482 3813 2740 3870 pugnam.
2774 3791 3242 3861 Quemadmodum
3267 3789 3411 3845 enim

1838 3897 1894 3951 in
1920 3893 2206 3950 elementis
2232 3908 2352 3962 qua:
2387 3887 2962 3946 commemoravimus.
3019 3882 3294 3938 contraria
3327 3890 3413 3937 εει

1841 3981 2419 4056 frigiditaticaliditas,
2441 3979 2661 4035 siccitas
2691 3975 3024 4040 bumiditati,
3050 3972 3129 4027 sic
3154 3972 3209 4027 in
3242 3970 3413 4026 altera

1840 4078 2236 4133 elementorum
2270 4071 2616 4143 oppositione
2660 4068 2956 4124 contrariae
3005 4072 3132 4121 sunt
3185 4064 3330 4117 inter
3357 4077 3414 4118 se

1840 4169 2154 4239 qualitates,
2181 4165 2456 4228 soliditas,
2481 4170 2537 4219 et
2558 4162 2779 4223 raritas,
2812 4158 3014 4214 duritia
3054 4164 3109 4210 et
3139 4154 3412 4218 mollitia,

1840 4259 2187 4331 gravitas-et
2229 4256 2420 4311 levitas
2464 4273 2477 4308 :
2526 4262 2581 4309 et
2627 4254 2674 4309 si
2729 4251 2857 4322 quid
2911 4247 3057 4303 aliud
3111 4248 3166 4300 in
3219 4246 3414 4299 borum

155 4348 358 4421 ροῦμεν
388 4348 490 4411 τὰς
528 4345 969 4417 άντιστοιχούσας
1017 4346 1335 4417 ποιότητας,
1380 4348 1517 4401 ἀλλὰ
1541 4349 1637 4403 καὶ

1925 4365 2083 4421 έοῳιε
2117 4348 2427 4420 proprium,
2464 4346 2623 4401 alteri
2661 4343 2997 4400 contrarium
3042 4336 3413 4409 cognoscitur.

155 4441 373 4512 ἑκάστῳ
409 4439 522 4493 τῶν
556 4439 839 4509 στοιχείων
880 4438 1028 4493 ἐστιν
1055 4439 1238 4509 εὑρεῖν
1268 4456 1390 4495 τινα
1434 4439 1653 4504 πάντως
1685 4441 1743 4494 ὲν

154 4535 263 4597 τοῖς
309 4531 574 4601 ίδιώμασι
611 4531 751 4602 πρὸς
785 4529 855 4583 τά
889 4530 1239 4602 ἀντικείμενα
1281 4531 1480 4604 μάχην.
1536 4532 1744 4601 ’Ὥσπερ

156 4623 259 4695 γάρ
289 4624 388 4676 ἐπὶ
435 4622 548 4675 τῶν
583 4619 1064 4692 μνημονευθὲντων
1117 4620 1396 4691 στοιχείων
1442 4620 1744 4675 ἀντιϐαίνει

156 4715 230 4784 τῷ
246 4714 348 4784 μὲν
362 4709 615 4783 ψυχρῷή
634 4709 929 4782 θερμότης,
946 4708 1023 4780 τῷ
1037 4708 1093 4763 δὲ
1115 4709 1267 4780 ὑγρῷ
1283 4712 1315 4780 ἡ
1335 4710 1588 4781 ξηρότης,
1603 4709 1746 4763 οὕτω

161 4803 318 4856 πάλιν
341 4800 491 4856 κατά
520 4798 619 4870 τὴν
650 4798 847 4869 ὲτέραν
873 4796 1163 4868 διάμετρον
1195 4797 1286 4850 ἐπὶ
1313 4797 1410 4867 τῆς
1440 4796 1544 4867 γῆς
1566 4814 1626 4850 τε
1653 4797 1751 4871 καὶ.

162 4898 252 4951 τοῦ
283 4898 452 4969 ἀέρος
486 4893 550 4961 ἐξ
572 4892 819 4947 ἐναντίου
841 4892 976 4944 είσὶν
1018 4893 1075 4945 αί
1102 4892 1160 4944 ὲν
1191 4890 1435 4962 ἑκατέρῳ
1467 4886 1748 4962 ποιότητες

160 4988 416 5059 ἀλλήλαις
442 4984 900 5056 άντικαθήμεναι·
929 4983 1223 5054 στερρότης
1264 4999 1324 5035 τε
1351 4984 1446 5037 καὶ
1475 4985 1744 5055 μανότης,

160 5080 446 5134 ἀντιτυπία
462 5079 562 5133 καὶ
585 5074 872 5149 ἀραιότης,
904 5074 1144 5147 βαρύτης
1157 5091 1217 5127 τε
1238 5075 1331 5128 καὶ
1346 5076 1633 5147 κουφότης
1655 5078 1749 5131 καὶ

161 5170 256 5225 ὅπα
278 5171 418 5226 ἄλλα
447 5168 595 5224 κατὰ
615 5168 679 5221 τὸ
704 5165 911 5231 ἰδιάζον
934 5168 992 5219 ὲν
1017 5165 1266 5238 ἑκατέρῳ
1289 5166 1514 5229 τούτων,
1546 5169 1612 5222 ὲκ
1640 5168 1749 5223 τῶν

162 5263 418 5315 ἐναντίων
445 5256 804 5331 γνωρίζεται.
843 5256 1052 5326 ’Ὠσπερ
1084 5256 1264 5310 τοίνυν
1310 5259 1367 5310 ὲν
1410 5255 1621 5322 τούτοις
1650 5259 1750 5313 οὐκ

162 5352 303 5407 εστιν
331 5354 511 5406 εἰπεῖν
543 5346 848 5422 τρέφεσθαι
897 5345 975 5416 τῷ
1009 5347 1235 5417 ἐναντίῳ
1266 5347 1326 5401 rb
1357 5347 1544 5420 ἕτερον
1568 5366 1581 5379 ⁸
1627 5349 1751 5404 οὗτε

164 5445 268 5516 γάρ
293 5448 362 5517 τῇ
389 5444 613 5514 δαπάνῃ
635 5439 735 5495 τοῦ
766 5439 1060 5510 ἐμϐριθοῦς
1084 5440 1118 5510 ἡ
1146 5441 1202 5494 ὲν
1224 5439 1303 5511 τῷ
1331 5439 1455 5511 ἀέρι
1481 5441 1752 5513 κουφότης

168 5536 406 5602 αὔξεται,
439 5534 566 5589 οὔτε
605 5533 668 5587 rb
700 5531 899 5586 ναστὸν
929 5530 1029 5600 τῆς
1066 5533 1166 5600 γῆς
1215 5534 1429 5601 ἐνεργεῖ
1472 5532 1565 5585 τοῦ
1601 5534 1750 5587 ἀντι-

171 5629 504 5700 στοιχοῦντος
543 5627 648 5697 τὴν
682 5622 1006 5694 ἀραιότητα,
1052 5622 1172 5679 οὔτε
1205 5625 1268 5678 τά
1296 5625 1456 5679 λοιπά
1491 5626 1619 5697 περὶ
1650 5626 1750 5698 τὴν

1847 4446 1919 4502 Ut
1950 4445 2116 4515 igitur
2159 4442 2216 4496 in
2244 4441 2327 4495 bis
2363 4439 2545 4495 dicere
2572 4452 2681 4491 non
2723 4449 3048 4507 possumus,
3083 4429 3416 4486 contrarium

1846 4553 2014 4593 unum
2046 4536 2218 4590 altero
2243 4531 2524 4589 contrario
2564 4528 2788 4593 nutriri,
2824 4541 2927 4583 nec
2956 4524 3250 4596 [gravitatis
3286 4537 3412 4577 con-

1846 4627 2158 4695 sumptione
2187 4621 2329 4677 aeris
2354 4620 2627 4674 levitatem
2656 4615 2865 4686 augeri,
2897 4628 3071 4685 neque
3104 4620 3263 4667 terra:
3288 4610 3423 4664 den-

1848 4717 2064 4773 sitatem
2106 4712 2343 4784 oppositi
2386 4707 2641 4766 elementi
2706 4706 2985 4761 raritatem
3036 4702 3268 4765 ellicere,
3330 4706 3423 4752 aut

1848 4806 2087 4875 reliquas
2124 4804 2246 4872 ejus
2283 4799 2644 4871 proprietates
2698 4796 2842 4852 alere
2870 4808 3061 4849 aereas
3089 4789 3416 4861 qualitates:

1849 4900 1952 4961 sic.
1989 4897 2200 4965 inquiet
2222 4893 2443 4963 aliquis,
2485 4891 2739 4965 frigidum
2801 4886 3018 4959 quidem
3051 4892 3107 4939 et
3138 4880 3420 4936 humidum

1848 4990 2027 5047 calido
2075 4995 2129 5043 et
2167 4989 2315 5043 sicco
2344 4999 2471 5040 esse
2508 4983 2810 5045 contraria,
2870 4993 2981 5033 non
3021 4985 3199 5029 tamen
3240 4973 3419 5043 sequi,

1850 5091 1911 5136 ut
1939 5087 2130 5135 mutuo
2160 5078 2303 5133 inter
2331 5090 2393 5131 se
2424 5074 2650 5129 interitu
2680 5070 3015 5129 nutriantur,
3057 5079 3233 5134 neque
3264 5079 3331 5119 ex
3359 5077 3426 5118 eo

1849 5171 1994 5243 quod
2018 5170 2247 5224 alterum
2269 5180 2379 5220 non
2406 5164 2498 5227 sit,
2526 5163 2755 5218 alterum
2779 5171 2921 5213 esse.
2951 5153 3067 5207 Hoc
3092 5153 3239 5209 enim
3266 5160 3426 5223 pacto

1850 5267 2106 5320 neutrum
2158 5256 2508 5317 consisteret,
2564 5253 2612 5307 si
2654 5250 2942 5316 utriusque
2979 5244 3064 5300 vis
3111 5244 3168 5299 in
3198 5244 3426 5302 alterius

1852 5353 2073 5410 interitu
2118 5348 2222 5404 sita
2266 5346 2445 5401 foret:
2501 5356 2601 5412 par
2637 5339 2785 5395 enim
2828 5339 2885 5392 in
2923 5343 3154 5407 utroque
3181 5350 3427 5392 corrum-

1851 5443 2014 5516 pendi
2048 5440 2278 5495 alterum
2302 5439 2547 5506 potestas
2575 5438 2680 5493 est,
2710 5435 2766 5485 et
2796 5443 3012 5499 semper
3040 5424 3427 5495 exsuperantis

1855 5534 2094 5608 potentia
2142 5528 2267 5585 victi
2327 5523 2597 5598 pernicies
2656 5521 2923 5583 nascitur.
2994 5520 3159 5590 idque
3214 5516 3426 5585 experi-

1856 5607 2040 5683 mento
2065 5620 2437 5679 conﬁrmatur.
2485 5615 2543 5669 Si
2576 5611 2857 5668 materiam
2892 5610 3130 5680 aliquam
3162 5607 3303 5677 ignis
3329 5616 3423 5672 ap-
