3746 5994
337 186 394 240 οι
1586 199 1641 254 S.
1684 199 2009 260 GREGORII
2048 202 2342 261 NYSSENI
3543 217 3617 273 9‘2

345 303 713 369 prehenderit,
740 304 937 362 deinde
960 322 1100 378 aqua
1121 308 1478 380 conjiciatur,
1511 302 1759 369 mutuum
1789 332 1821 370 u

2158 317 2425 389 ἰδιώματα
2444 361 2459 382 ,
2509 319 2598 374 διά
2626 320 2729 391 τῆς
2762 322 2973 377 ἑαυτῶν
3018 322 3265 398 δαπάνης
3296 327 3490 399 τρέφει
3515 333 3620 399 τὰς

344 411 518 465 usque
560 396 870 455 videbimus
914 401 1164 456 exitium.
1219 401 1375 468 Quod
1422 406 1564 460 enim
1603 406 1655 461 in
1686 417 1823 463 utro:

1152 443 1164 456 .
1219 401 1375 468 Quod
1422 406 1564 460 enim
1603 406 1655 461 in
1686 417 1919 478 utroque
2019 412 2238 483 ἀερίους
2283 414 2573 485 ποίότητας
2606 432 2620 446 ·

344 485 681 550 dominatur,
724 489 954 544 alterum
993 492 1186 561 perdit,
1214 509 1336 547 cum
1371 504 1662 567 utrumque
1696 500 1920 556 alterius

343 564 625 643 potentiae
657 584 942 647 superanti
992 584 1196 651 pariter
1239 585 1419 641 cedat.
1468 564 1721 653 Quandiu
1774 593 1917 647 enim

342 665 569 733 aequalis
603 676 687 722 est
711 671 998 741 utriusque
1029 675 1109 731 vis
1141 684 1351 741 mutua,
1386 681 1644 750 utrinque
1678 690 1921 737 tentatur

346 757 683 824 internecio;
731 768 785 814 et
828 773 1077 818 neutrum
1130 768 1300 822 altero
1331 770 1495 825 alitur
1525 783 1618 827 aut
1658 775 1916 840 nutritur,

346 846 440 899 sed
481 854 777 919 utrumque
810 853 974 908 simul
1015 856 1256 913 vicissim
1289 861 1520 917 deletur.
1560 866 1630 921 Ut
1655 881 1749 922 eas
1780 866 1922 925 feras

344 952 453 988 non
481 937 727 995 dicemus
757 953 1000 997 mutuam
1036 948 1139 1001 sibi
1179 949 1393 1007 vivendi
1435 953 1748 1012 facultatem
1783 974 1920 1027 prm-

344 1024 493 1088 bere,
529 1043 648 1097 qum
677 1045 798 1085 sese
827 1033 1067 1095 vicissim
1099 1037 1398 1096 devorant:
1433 1044 1514 1099 sic
1551 1024 1832 1102 humidum
1865 1057 1919 1104 et

346 1134 552 1171 siccum
619 1120 690 1173 ita
732 1128 1007 1180 contraria
1063 1137 1211 1195 sunt,
1265 1140 1325 1186 ut
1362 1144 1617 1192 neutrum
1647 1139 1717 1194 ab
1745 1142 1918 1197 altero

345 1220 720 1277 conservetur,
775 1216 821 1268 si
877 1233 1042 1271 unum
1090 1221 1319 1279 alterius
1363 1225 1587 1281 interitu
1624 1232 1916 1287 nutriatur.

346 1299 710 1364 Quamobrem
743 1305 874 1360 mihi
911 1310 1086 1379 magis
1116 1323 1544 1371 consentaneum
1579 1319 1809 1383 videtur,
1862 1332 1921 1376 ut

345 1391 419 1443 ita
445 1400 773 1459 statuamus,
798 1402 1053 1468 quoniam
1083 1407 1266 1460 omnia
1288 1424 1409 1477 qua:
1433 1409 1574 1467 Deus
1602 1413 1747 1476 fecit,
1767 1416 1922 1471 valde

344 1482 483 1536 bona
515 1486 849 1557 pulchraque
883 1500 1031 1559 sunt,
1057 1494 1110 1548 in
1142 1497 1373 1567 singulis
1403 1500 1599 1572 inspici
1622 1504 1922 1573 pulchritu-

344 1571 488 1626 dinis
536 1576 927 1642 perfectionem
971 1594 1251 1652 oportere.
1306 1571 1526 1644 Additio
1576 1571 1721 1647 enim
1774 1595 1923 1650 illius

346 1662 628 1729 particulae
662 1664 850 1731 Valde,
892 1672 1359 1741 significationem
1407 1679 1663 1747 intendit,
1698 1696 1817 1735 eam

1085 1677 1359 1732 cationem
1407 1679 1663 1747 intendit,
1698 1696 1928 1751 eamque
1961 1672 2000 1726 Β
2028 1662 2560 1772 ετξρξῖτίοξὲέατέρου

344 1754 732 1821 perfectionem
761 1762 848 1815 cui
896 1764 1035 1819 nihil
1073 1764 1239 1832 desit,
1290 1771 1450 1838 plane
1489 1771 1758 1831 declarat.
1790 1774 1926 1829 Nam

350 1852 408 1896 ut
448 1844 504 1899 in
554 1848 870 1905 animalium
921 1870 1140 1924 genere,
1181 1863 1437 1928 quamvis
1499 1864 1929 1923 innumerabiles

346 1934 680 1995 differentias
705 1956 1019 2013 cernamus,
1063 1953 1303 2018 generali
1337 1960 1519 2009 tamen
1552 1972 1734 2011 rerum
1778 1973 1927 2012 com-

346 2028 696 2085 mendatione
741 2036 1035 2093 convenire
1083 2039 1339 2107 dicimus,
1395 2056 1451 2099 ut
1501 2050 1930 2119 uniunquodque

348 2118 637 2187 pulchrum
677 2138 800 2179 esse
845 2126 1080 2184 dicatur.
1122 2130 1254 2197 Quae
1293 2142 1472 2191 tamen
1533 2140 1652 2195 laus
1692 2118 1746 2195 et
1774 2157 1926 2196 eom-

348 2209 628 2265 mendatio
665 2228 773 2268 non
807 2216 1040 2272 refertur
1079 2222 1147 2275 ad
1173 2239 1293 2278 eam
1319 2228 1558 2296 speciem
1589 2240 1642 2286 et
1675 2230 1926 2300 formam,

348 2314 470 2367 quae
499 2305 856 2372 conspicitur.
889 2310 1108 2381 Alioqui
1153 2330 1253 2369 nec
1282 2318 1664 2389 scolopendra,
1697 2340 1798 2379 nec
1827 2335 1932 2381 ter-

350 2392 547 2448 restris
581 2411 735 2460 rana,
772 2415 872 2455 nec
905 2419 1024 2471 quae
1050 2420 1115 2459 ex
1147 2408 1289 2475 putri
1323 2412 1548 2465 materia
1578 2426 1926 2483 generantur,

347 2484 604 2539 animalia
657 2498 840 2543 essent
884 2495 1040 2548 valde
1095 2498 1342 2565 pulchra.
1396 2499 1513 2555 Non
1556 2505 1700 2558 enim
1750 2523 1929 2561 rerum

349 2578 588 2643 speciem
624 2580 845 2637 divinus
895 2587 1089 2641 oculus
1122 2588 1386 2655 intuetur,
1441 2609 1541 2649 nec
1570 2597 1801 2665 quadam
1837 2615 1930 2653 co-

348 2670 502 2735 loris,
542 2673 839 2747 formmque
872 2684 1204 2749 praestantia,
1260 2687 1610 2755 pulchritudo
1647 2692 1927 2761 definitur,

348 2762 443 2815 sed
466 2778 553 2828 eo,
585 2765 728 2834 quod
765 2768 1000 2839 singula,
1033 2783 1303 2842 quatenus
1332 2770 1482 2843 shnt,
1519 2788 1769 2836 naturam
1809 2798 1932 2853 per-

2667 415 2843 480 οὖτως
2877 418 3019 471 εἴποι
3052 436 3136 483 τις
3184 420 3251 474 ἂν
3279 421 3338 488 ἑξ
3371 425 3619 480 ὲναντίου

2024 505 2122 574 μὲν
2149 502 2288 558 εἶναι
2330 507 2391 559 τὸ
2425 507 2591 579 ὑγρόν
2619 526 2677 561 τε
2724 510 2819 563 καὶ
2865 511 3108 582 ψυχρὸν,
3153 513 3234 583 τῷ
3284 514 3476 588 θερμῷ
3524 520 3618 574 καὶ

2022 593 2209 666 ξηρῷ,
2261 596 2337 667 μὴ
2387 598 2569 668 μέντοι
2615 600 2913 671 τρέφεσθαι
2970 603 3143 656 ταῦτα
3196 608 3315 670 ταῖς
3370 608 3620 681 ἀλλήλων

2023 686 2249 759 φθοραῖς
2273 730 2287 753 ,
2351 690 2489 760 μηδὲ
2548 693 2647 762 τὴν
2715 693 2809 746 τοῦ
2872 690 3013 749 εἶναι
3085 696 3291 751 τούτων
3356 701 3619 774 ἑκάτερον

2022 777 2275 848 δύναμιν,
2320 782 2378 833 ἑν
2406 781 2484 853 τῷ
2520 784 2593 854 μὴ
2626 779 2766 838 εἶναι
2794 785 2855 838 τὸ
2885 785 3072 855 ἕτερον
3101 787 3270 859 ἔχειν.
3316 790 3478 844 Οῦτω
3508 793 3618 865 γάρ

2024 869 2091 924 ἂν
2117 873 2402 945 οὐθέτερον
2436 876 2518 946 εἴη
2541 916 2554 937 ,
2606 878 2762 946 εἴπερ
2790 878 2823 946 ἡ
2854 877 3082 949 διαμονὴ
3108 882 3421 954 ἀμφοτέρου
3458 887 3517 938 ἑν
3548 889 3614 959 τῇ

2024 960 2134 1016 τῶν
2156 963 2248 1018 δύο
2278 966 2454 1037 φθορᾷ
2482 968 2578 1038 τὴν
2593 967 2823 1038 δύναμιν
2848 969 2992 1040 ἔχοι·
3029 970 3115 1042 ἴση
3136 973 3245 1045 γὰρ
3271 976 3327 1027 ἑν
3344 976 3613 1048 ἑκάστῳή

2027 1053 2120 1107 τοῦ
2147 1048 2388 1128 φθείρειν
2413 1057 2475 1111 τὺ
2503 1058 2686 1130 ἓτερον
2714 1059 2966 1131 δύναμις,
2993 1064 3085 1115 καὶ
3121 1064 3207 1117 ἀεὶ
3244 1067 3618 1122 καταπλεονά-

2030 1148 2137 1213 ζων
2168 1147 2262 1201 τοῦ
2310 1150 2733 1221 ἐπικρατοῦντος
2759 1153 2787 1205 6
2820 1152 3126 1224 ἀφανισμὸς
3154 1155 3250 1208 τοῦ
3287 1144 3616 1229 λειπομένου

2029 1241 2274 1309 γίνεται·
2324 1242 2418 1295 καὶ
2443 1242 2525 1294 ὅτι
2556 1240 2763 1313 ἀληθὴς
2794 1242 2823 1295 6
2855 1242 3035 1312 λόγος,
3068 1244 3128 1310 ἑξ
3171 1247 3342 1318 αὐτῆς
3369 1247 3489 1302 ἔστι
3517 1250 3619 1319 τῆς

2031 1334 2227 1405 πείρας
2270 1332 2426 1413 τοῦτο
2464 1333 2676 1404 μαθεῖν.
2723 1335 2892 1390 Ὅταν
2922 1338 3031 1409 γάρ
3060 1355 3206 1401 τινος
3235 1338 3366 1410 ὕλης
3412 1340 3475 1394 τό
3506 1341 3620 1413 πῦρ

2030 1422 2442 1495 περιδρὰξηται,
2492 1420 2611 1477 εἶτα
2658 1425 2871 1497 ἑπαχθῇ
2912 1427 2973 1480 τὸ
3013 1426 3176 1498 ὓδωρ,
3226 1429 3416 1498 σαφῶς
3467 1431 3621 1484 ἔστιν

2033 1517 2161 1571 ἰδεῖν
2179 1517 2289 1570 τῶν
2312 1516 2405 1571 δύο
2432 1517 2635 1571 τούτων
2658 1518 2756 1590 τὴν
2782 1521 2839 1572 ἑν
2866 1519 3117 1592 ἀλλήλοις
3148 1522 3352 1593 φθοράν
3374 1539 3389 1553 ·
3421 1523 3486 1576 τὸ
3511 1524 3621 1595 γὰρ

2029 1610 2359 1682 ἐπικρατοῦν
2413 1612 2471 1664 ὲν
2514 1611 2723 1674 τούτοις
2770 1613 3019 1681 ἀφανίζει
3080 1615 3142 1667 τὸ
3196 1615 3427 1683 ἕτερον,
3488 1615 3623 1680 ἴσως

2597 1704 2661 1772 τῇ
2711 1702 3002 1773 δυναστείᾳ
3052 1704 3147 1757 τοῦ
3195 1705 3619 1776 πλησιάζοντος.

2032 1792 2176 1855 Ἕως
2216 1791 2259 1844 δ’
2292 1792 2355 1844 ἂν
2389 1791 2675 1863 ἰσόρροπος
2721 1795 2777 1845 ἑν
2824 1795 3157 1865 ἀμφοτέροις
3201 1797 3234 1865 ἡ
3281 1795 3537 1868 δύναμις,
3586 1797 3620 1867 ἢ

2029 1881 2229 1952 ὁμοίιος
2298 1883 2428 1953 παρ’
2497 1883 2822 1952 ἀμφοτέρων
2897 1884 3150 1952 ἀλλήλοις
3218 1887 3246 1938 6
3308 1885 3626 1954 ἀφανισμδς

2033 1974 2355 2044 ἐνεργεῖται,
2387 1972 2481 2026 καὶ
2508 1974 2789 2045 οὐθέτερον
2829 1974 2906 2044 τῷ
2953 1975 3125 2046 ἑτέρῳ
3156 1976 3434 2047 τρέφεται,
3485 1976 3626 2029 ἀλλά

2030 2064 2099 2117 τά
2141 2065 2234 2118 δύο
2277 2064 2527 2136 ἀλλήλοις
2556 2065 2956 2134 ἑναφανίζεται.
3010 2066 3098 2130 Ὧς
3149 2068 3328 2121 τοίνυν
3369 2068 3465 2119 ἒπὶ
3512 2068 3625 2119 τῶν

2030 2154 2542 2225 ἀλληλοφαγούντων
2573 2155 2777 2226 θηρίων
2810 2158 2909 2210 οὐκ
2946 2156 3056 2228 ἑχει
3091 2157 3284 2226 φόσιν,
3329 2158 3625 2229 ἀμφότερα

2030 2246 2096 2299 δι’
2124 2247 2370 2319 ἀλλήλων
2397 2249 2517 2319 ζῇν,
2548 2248 2618 2301 τὰ
2652 2250 2741 2301 ὑπ’
2777 2248 3022 2319 ἀλλήλων
3051 2249 3384 2319 φθειρόμενα
3419 2267 3434 2282 θ
3478 2250 3627 2303 οἰτω

2032 2339 2125 2391 καὶ
2154 2340 2186 2409 ὴ
2221 2338 2315 2391 τοῦ
2342 2336 2508 2409 ὑγροῦ
2537 2339 2672 2408 πρὸς
2697 2340 2759 2392 τὸ
2784 2338 2947 2410 ξηρὸν
2972 2339 3307 2404 ἐναντίωσις,
3333 2339 3628 2410 οὐθέτερον

2030 2429 2097 2482 ἂν
2129 2432 2187 2482 ἑν
2214 2429 2292 2499 τῷ
2320 2425 2459 2483 εἶναι
2492 2430 2755 2498 φυλάσσοι
2776 2470 2790 2495 ,
2835 2432 2992 2502 εἴπερ
3031 2432 3063 2501 ἡ
3110 2430 3206 2483 τοῦ
3238 2431 3426 2501 ἑτέρου
3462 2431 3622 2484 ἀπώ-

2031 2519 2150 2573 λεια
2194 2520 2381 2592 τρέφοι
2411 2522 2470 2574 τὸ
2507 2522 2712 2593 ἕτερον.
2778 2522 2938 2576 Ἀλλά
2970 2539 3060 2593 μοι
3091 2522 3241 2575 δοκεῖ
3276 2521 3448 2585 ιαλῶς
3479 2522 3626 2592 ἔχειν

2030 2610 2201 2689 οὕτως
2225 2611 2290 2665 ἂν
2311 2613 2510 2684 μᾶλλον
2539 2616 2668 2684 ἡμῖν
2696 2615 2835 2667 κατά
2855 2615 2915 2667 τὸ
2941 2614 3231 2667 ἀκόλουθον
3255 2613 3625 2683 διαληφθῆναι

2031 2704 2121 2756 τδν
2151 2703 2308 2771 λόγον
2331 2722 2343 2734 ·
2384 2704 2571 2775 ἐπειδὴ
2611 2708 2788 2758 πάντα
2818 2706 2919 2758 ὅσα
2950 2706 3206 2776 ἑποίησεν
3238 2707 3265 2758 6
3293 2705 3448 2769 Θεὸς,
3481 2704 3628 2759 καλὰ

2032 2792 2150 2845 λίαν
2182 2795 2349 2859 ἐστὶν,
2391 2796 2606 2865 ἑκάστῳ
2638 2795 2780 2866 φημὶ
2826 2796 2935 2849 δεῖν
2981 2795 3090 2848 τῶν
3124 2795 3294 2849 ὄντων
3333 2794 3629 2865 ἑνθεωρεῖ-

348 2852 545 2908 fectam
576 2857 798 2916 habent.
831 2861 948 2915 Non
984 2865 1127 2918 enim
1163 2866 1215 2919 in
1240 2884 1305 2922 eo
1330 2871 1496 2924 situm
1529 2881 1635 2937 est,
1665 2883 1723 2927 ut
1756 2852 1819 2945 eq

2152 2887 2288 2955 ,τὴν
2335 2852 2428 2939 τοῦ
2465 2852 3010 2958 καλοῦιτέλειότητα.
3073 2888 3140 2940 Ἥ
3189 2885 3298 2959 γὰρ
3339 2886 3434 2940 τοῦ
3480 2852 3631 2941 λίαν

350 2945 444 3010 sit,
470 2949 616 3018 quod
645 2950 743 3005 bos
775 2968 883 3008 non
908 2956 998 3017 sit,
1031 2965 1125 3011 aut
1152 2968 1375 3029 contra;
1407 2963 1499 3017 sed
1520 2966 1662 3034 quod
1693 2967 1748 3020 in
1781 2977 1829 3022 ut

2147 2945 2316 3045 σθήκη
2343 3013 2357 3035 ,
2408 2974 2496 3027 διὰ
2521 2976 2620 3044 τῆς
2650 2945 2973 3045 ἑπιτατικίῆς
3004 2945 3281 3046 σημασίας
3317 2974 3503 3043 σαφῶς
3533 2975 3626 3027 ὲν-

348 3052 454 3104 que
477 3054 664 3092 eorum
701 3058 759 3096 se
794 3043 966 3113 ipsam
1010 3056 1204 3102 natura
1229 3066 1535 3118 conservat,
1572 3058 1827 3127 propriasi

2152 3043 2303 3116 νυται
2316 3063 2375 3116 τὸ
2396 3043 2706 3128 ἀνελλειπὲς
2728 3067 2808 3128 είς
2830 3043 3122 3119 τελείωσιν.
3141 3066 3230 3128 Ὡς
3247 3065 3351 3136 γάρ
3372 3066 3429 3118 ἑν
3446 3067 3512 3135 τῇ
3530 3080 3629 3133 γε-

349 3129 416 3183 ad
458 3133 813 3190 stabilitatem
855 3152 1009 3192 suam
1062 3140 1273 3196 obtinet
1317 3143 1627 3213 facultates,
1671 3165 1773 3204 nec
1804 3166 1828 3205 c

2148 3174 2180 3209 ει
2211 3156 2318 3210 τῶν
2344 3155 2496 3221 ζώων
2530 3157 2728 3229 μυρίας
2767 3159 2864 3228 μὲν
2907 3158 3022 3211 ἔστι
3052 3129 3627 3229 διαφοράς-ἰδεῖνῃτῦιν

353 3225 661 3291 rumpendi,
692 3229 787 3281 sed
818 3232 1183 3287 conservandi
1216 3234 1320 3287 vim
1352 3235 1536 3293 babrt.

2150 3247 2333 3310 εούτοις
2376 3225 2710 3320 γενῶνξτῷ
2761 3225 2817 3302 δὲ
2862 3225 3325 3318 καθολικῷήλόγῳ
3368 3248 3467 3318 τῆς
3512 3246 3629 3299 τῶν

347 3311 516 3369 ὄντων
564 3317 835 3390 ἀποδοχῆς
880 3322 1141 3392 ἁρμόζειν
1180 3325 1265 3394 ἐφ’
1294 3328 1524 3380 ἑκάστου
1558 3331 1753 3400 φαμὲν,
1803 3336 1943 3390 κατὰ
1972 3338 2030 3391 τὸ
2062 3334 2176 3391 ἴσον
2222 3339 2284 3392 τὸ
2318 3311 2478 3392 καλὸν
2510 3311 2648 3394 εἶναι
2681 3311 2806 3396 λίαν
2834 3360 2847 3373 ·
2893 3344 2954 3396 ού
3002 3311 3117 3414 μὴν·
3158 3311 3308 3414 πρδς
3340 3340 3401 3394 τὸ
3423 3311 3632 3408 ’φαινό-

353 3425 512 3477 μενον
558 3408 654 3480 τὴν
696 3412 968 3485 ἀποδοχὴν
1012 3410 1170 3481 εἶναι,
1206 3417 1238 3487 ἢ
1290 3418 1355 3470 ἂν
1386 3421 1478 3472 καὶ
1511 3422 1542 3491 ὴ
1577 3423 1961 3499 σκολόπενδρα,
1995 3431 2088 3483 καὶ
2132 3433 2159 3484 6
2191 3434 2442 3500 χερσαῖος
2472 3432 2759 3502 βάτραχος,
2790 3434 2884 3486 καὶ
2914 3408 3090 3487 ’τὰ-ὲκ
3118 3408 3218 3503 τῆς
3260 3432 3476 3503 σήψεως
3514 3434 3629 3484 τῶν

351 3500 627 3573 βορϐόρων
667 3504 1098 3577 ζωογονούμενα,
1135 3509 1246 3580 ἔχοι
1288 3511 1349 3565 τὸ
1383 3512 1501 3566 λίαν
1554 3516 1723 3570 καλά·
1754 3518 1867 3572 ἀλλ’
1902 3522 1960 3574 οὐ
2004 3523 2138 3595 πρὸς
2169 3524 2266 3595 τὴν
2297 3523 2445 3596 ὥραν
2615 3500 2915 3594 γεγονότων
2956 3526 2985 3578 6
3030 3500 3472 3594 θεῖος-ὀφθαλμὸς
3503 3523 3630 3593 βλέ-

349 3616 486 3663 πων,
515 3601 573 3653 ἑν
596 3602 817 3674 εὐχροίᾳ
845 3605 951 3657 τινὶ
976 3605 1068 3659 καὶ
1094 3606 1368 3679 εὐμορφίᾳ
1409 3610 1469 3663 τὸ
1516 3612 1678 3667 καλὸν
1727 3616 1988 3685 ὁρίζεται,
2028 3621 2141 3674 ἀλλ’
2172 3623 2229 3674 ὲν
2261 3621 2338 3692 τῷ
2369 3622 2600 3676 ἕκαστον
2620 3661 2634 3685 ,
2698 3621 2833 3674 καθὸ
2876 3621 2987 3675 ἔστι
3016 3661 3027 3684 ,
3079 3621 3289 3674 τελείαν
3338 3622 3395 3672 ἑν
3442 3618 3628 3688 ἑαυτῷ

349 3690 493 3761 ἔχειν
527 3692 625 3764 τὴν
670 3696 866 3764 φύσιν
923 3699 983 3750 ού
1028 3698 1137 3770 γὰρ
1169 3701 1227 3752 ὲν
1272 3702 1350 3772 τῷ
1379 3702 1506 3772 βοῦν
1557 3704 1630 3776 μὴ
1682 3701 1843 3771 εἶναι,
1893 3710 1984 3764 τὸν
2034 3714 2197 3767 ἵππον
2240 3713 2385 3766 ἔστιν
2424 3710 2584 3778 εἶναι,
2633 3712 2747 3765 ἀλλ’
2789 3712 2846 3763 ἑν
2893 3712 3106 3781 ἑκάστῳ
3134 3710 3341 3764 τούτων
3367 3710 3630 3777 συντηρεῖ

350 3783 605 3853 ἑαυτὴνὴ
640 3784 821 3852 φύσις,
859 3785 993 3849 ἰδίας
1022 3788 1276 3859 ἀφορμὰς
1311 3791 1448 3862 πρὸς
1486 3792 1584 3864 τὴν
1635 3794 1768 3848 ἰδίαν
1818 3797 2076 3871 διαμονὴν
2105 3803 2432 3872 κεκτημένη,
2465 3803 2563 3855 οὐκ
2594 3805 2648 3854 ἐν
2676 3802 2849 3873 φθορᾷ
2880 3802 2979 3871 τῆς
3012 3801 3246 3871 φύσεως,
3281 3799 3392 3853 ἀλλ’
3415 3801 3491 3861 εἷς
3521 3799 3625 3869 τὴν

348 3872 444 3928 τοῦ
471 3868 607 3926 εἶναι
634 3872 858 3944 δύναμιν
885 3876 1100 3945 ἔχουσα.

424 3964 518 4018 Sic
549 3966 710 4019 etiam
738 3968 1027 4034 elementa,
1071 3971 1198 4027 licet
1233 3975 1390 4030 aliter
1428 3975 1571 4031 inter
1591 3992 1650 4032 se
1678 3978 1903 4033 habeant

2146 3980 2252 4053 ύτω
2277 3979 2380 4033 κᾶν
2410 3980 2609 4050 ἑτέρως
2632 3980 2744 4050 ἔχοι
2769 3979 2837 4032 τὰ
2857 3982 3091 4050 στοιχεῖα
3104 3979 3239 4049 πρὸς
3258 3978 3481 4049 ἄλληλα,
3504 3980 3625 4032 ἀλλ’

356 4056 569 4127 singula
610 4066 788 4114 tamen
838 4060 893 4114 in
936 4078 996 4117 se
1052 4065 1211 4121 valde
1259 4078 1389 4123 sunt
1427 4069 1674 4138 pulchra.
1708 4070 1835 4140 Pro;

2155 4073 2239 4140 ἐφ’
2273 4070 2465 4124 ἑαυτοῦ
2495 4072 2724 4123 ἑκαστον
2752 4070 2918 4124 καλόν
2945 4073 3058 4123 ἑστι
3090 4070 3232 4123 λίαν.
3277 4071 3390 4137 Ἐφ’
3423 4071 3621 4123 ἑαυτοῦ

354 4149 501 4202 enim
535 4154 960 4224 unumquodque
992 4152 1203 4212 ratione
1224 4161 1556 4229 completum
1588 4168 1672 4216 est
1701 4163 1823 4231 pulc

2172 4162 2311 4217 κατά
2321 4163 2412 4216 τὸν
2430 4163 2558 4215 ἴδιον
2574 4161 2729 4230 λόγον
2762 4165 2818 4215 ἑν
2838 4161 2915 4232 τῷ
2939 4159 3085 4230 καλῷ
3127 4160 3416 4230 συμπεπλή
3426 4177 3621 4230 ρωται.

355 4237 566 4294 tudine.
586 4239 821 4296 Pulchra
850 4252 932 4298 est
953 4253 1116 4311 terra,
1141 4247 1342 4318 quippe
1367 4265 1487 4318 qua:
1516 4266 1621 4305 non
1644 4262 1763 4321 eget
1793 4268 1834 4305 at

2146 4258 2208 4311 ,όν
2239 4260 2383 4311 ἑστιν
2402 4258 2434 4322 ή
2459 4256 2552 4327 γῆο
2577 4257 2637 4308 οὐ
2652 4256 2761 4326 γὰρ
2780 4255 2876 4325 τῆς
2903 4253 3177 4315 ἀπωλείας
3194 4250 3284 4304 τοῦ
3304 4252 3463 4339 ἀέρος
3480 4253 3625 4322 χρῄ-

356 4331 602 4397 interitu,
642 4341 697 4386 ut
725 4343 868 4389 terra
900 4337 991 4401 sit,
1032 4340 1125 4393 sed
1161 4341 1394 4394 naturali
1426 4342 1528 4397 sibi
1564 4358 1592 4396 a
1628 4341 1736 4397 Deo
1768 4345 1835 4400 in:

2144 4349 2277 4420 πρὸς
2287 4348 2349 4401 τὸ
2370 4343 2508 4401 εἶναι
2523 4348 2618 4417 γῆ,
2639 4347 2771 4400 ἀλλά
2792 4346 2940 4415 μένει
2962 4347 3019 4399 ἑν
3035 4347 3153 4408 ταῖς
3175 4344 3330 4406 ἰδίαις
3346 4335 3533 4415 ποιότη
3542 4362 3623 4411 σι,

356 4432 624 4491 potestate
658 4440 780 4478 sese
813 4441 1173 4492 conservans,
1209 4429 1262 4483 in
1307 4432 1543 4500 propriis
1574 4435 1835 4503 qualitati]

2146 4444 2229 4513 τῆς
2252 4441 2485 4511 φυσικῆς
2499 4440 2635 4509 αὐτῇ
2650 4438 2832 4490 θεόθεν
2849 4435 3173 4506 ἐγκειμένης
3191 4435 3472 4505 δυνάμεως
3489 4438 3625 4488 ἑαυ-

359 4522 561 4568 manct.
597 4512 829 4570 Pulcher
864 4526 948 4573 est
981 4534 1095 4584 aer,
1128 4536 1236 4574 non
1258 4536 1327 4575 ex
1364 4538 1428 4577 eo
1455 4524 1599 4593 quod
1632 4533 1778 4581 terra
1822 4543 1838 4580 ι

2164 4512 2521 4600 συντηροῦσα.
2546 4527 2723 4580 Καλὸν
2738 4528 2767 4578 6
2788 4528 2897 4597 ἀήρ
2918 4542 2932 4556 σ
2957 4527 3056 4578 οὐκ
3084 4526 3140 4578 ἑν
3156 4525 3233 4595 τῷ
3257 4528 3330 4595 μὴ
3353 4521 3489 4578 εἶναι
3516 4525 3622 4595 τὴν

359 4605 451 4668 sit,
502 4604 595 4659 sed
626 4607 767 4676 quod
800 4608 916 4677 ipse
962 4618 1066 4676 est,
1114 4626 1283 4683 seque
1324 4625 1534 4670 natura?
1575 4633 1689 4672 suae
1725 4620 1933 4676 viribus

357 4707 653 4753 sustentat.
724 4699 814 4757 Sic
863 4702 1028 4756 etiam
1071 4720 1212 4774 aqua
1258 4714 1342 4761 est
1386 4708 1543 4764 valde
1590 4710 1838 4780 pulchra,
1878 4721 1935 4769 et

359 4789 498 4857 ignis
534 4791 760 4860 pulcher
784 4800 869 4847 est
891 4795 1065 4860 valde,
1096 4805 1148 4849 et
1179 4798 1415 4866 propriis
1444 4808 1673 4871 uterque
1702 4805 1933 4872 qualita-

358 4882 505 4938 tibus
534 4883 838 4947 absolutus,
880 4887 933 4939 in
965 4901 1028 4940 ea
1071 4902 1328 4944 mensura
1357 4908 1464 4961 qua
1499 4895 1730 4962 primum
1766 4912 1934 4967 gene-

358 4981 512 5027 ratus
549 4983 654 5039 est,
709 4975 908 5031 divinae
950 4978 1249 5035 voluntatis
1278 4983 1479 5039 virtute
1515 4995 1775 5056 perpetuo
1804 5003 1935 5043 con-

359 5074 628 5119 servatur.
693 5064 922 5131 cTerra,
982 5070 1205 5141 inquit,
1254 5072 1306 5126 in
1340 5082 1602 5127 aeternum
1642 5081 1751 5131 stat
1776 5075 1864 5128 ’τε
1905 5093 1924 5125 ι

356 5174 465 5213 non
515 5156 874 5225 imminuitur,
906 5176 1013 5214 non
1044 5171 1303 5233 augetur:
1341 5179 1433 5220 aer
1464 5166 1517 5220 in
1551 5169 1786 5239 prepriis
1817 5184 1930 5224 ser-

360 5257 521 5299 vatur
555 5249 833 5315 terminis;
865 5250 1005 5321 ignis
1034 5269 1142 5307 non
1176 5258 1460 5312 minuitur.
1494 5258 1740 5324 Quonam
1769 5260 1934 5330 igitur

360 5344 519 5406 ροοῑο
551 5351 691 5406 aqua
739 5341 855 5395 8013
894 5358 957 5397 ex
986 5360 1173 5400 eorum
1207 5363 1408 5418 genere
1434 5357 1535 5414 est,
1579 5365 1700 5420 qua:
1732 5365 1932 5404 6011811·

362 5429 626 5483 utuntur?
664 5429 925 5491 Praeterea
966 5438 1018 5491 in
1066 5439 1229 5496 rebus
1276 5440 1409 5511 ipsis
1441 5441 1584 5495 inter
1621 5455 1681 5496 se
1715 5454 1932 5509 compa-

435 5605 481 5641 ’⁷
515 5607 675 5667 Erue
733 5612 834 5671 ul.

2032 4626 2154 4694 γῆν,
2182 4622 2295 4676 ἀλλ’
2322 4623 2379 4672 ἑν
2469 4619 2629 4681 αὑτός
2657 4620 2772 4671 ἑστι
2784 4620 2903 4680 ταῖς
2933 4616 3073 4670 κατά
3097 4616 3257 4685 φύσιν
3276 4617 3620 4686 ἐνυπαρχούς

2035 4733 2154 4779 σαις
2182 4712 2328 4782 αύτῷ
2339 4712 2599 4781 δυνάμεσι
2623 4709 2759 4780 πρὸς
2770 4710 2869 4778 τὴν
2889 4708 3147 4778 διαμονὴν
3168 4706 3431 4778 ἐξαρκῶν.
3456 4707 3625 4761 Οὕτω

2034 4807 2128 4860 καὶ
2158 4806 2302 4875 ὕδωρ
2348 4804 2467 4855 λίαν
2516 4801 2677 4855 καλὸν
2698 4840 2712 4863 ,
2763 4803 2856 4854 καὶ
2884 4802 2942 4853 τὸ
2972 4798 3081 4870 πῦρ
3129 4800 3291 4853 καλόν
3321 4801 3436 4852 ἑστι
3464 4800 3618 4866 λίαν,

2031 4901 2156 4961 ταῖς.
2172 4897 2326 4958 ἰδίαις
2353 4894 2610 4965 ἑκάτερον
2639 4892 3182 4965 συμπεπληρωμένον
3211 4892 3483 4961 ποιότησι,
3515 4895 3622 4947 καὶ

2030 4994 2097 5061 τῇ
2130 4990 2355 5058 δυνάμει
2385 4986 2478 5040 τοῦ
2511 4984 2655 5038 θείου
2687 4984 2988 5054 θελήματος
3020 4984 3163 5037 κατά
3194 4984 3262 5037 τά
3298 4984 3405 5037 ἴδια
3435 4984 3623 5055 μέτρα

2029 5080 2131 5148 τῆς
2169 5079 2390 5148 πρώτης
2428 5075 2715 5145 γενέσεως,
2751 5074 2829 5136 είς
2877 5074 2939 5126 τὸ
2986 5073 3230 5143 διηνεκὲς
3274 5074 3618 5144 παραμένον.

2037 5186 2056 5220 ι
2078 5169 2143 5221 Ἦ
2161 5167 2255 5237 γῆ,
2269 5164 2479 5234 ιφησὶν,
2497 5185 2515 5217 ί
2536 5166 2615 5228 εἰς
2640 5163 2731 5217 τὸν
2750 5162 2922 5217 αίῶνα
2941 5162 3190 5233 έστηκεψ
3206 5182 3223 5215 ι
3244 5163 3344 5215 οὐκ
3359 5161 3625 5216 ἐλαττου-

2032 5258 2193 5329 μένη,
2240 5257 2300 5310 ού
2352 5253 2738 5318 πλεονάζουσα.
2806 5254 2864 5306 '0
2907 5254 3015 5324 ἀὴρ
3048 5256 3105 5308 ὲν
3143 5256 3256 5314 τοῖς
3283 5252 3438 5316 ἰδίοις
3464 5255 3621 5325 ὅροις

2030 5350 2389 5420 φυλάσσεται,
2435 5347 2496 5399 τὸ
2537 5345 2647 5416 πῦρ
2698 5346 2758 5398 ού
2807 5345 3047 5416 μειοῦται
3075 5361 3090 5377 ·
3154 5343 3269 5407 πῶς
3337 5343 3499 5413 μόνον
3547 5346 3621 5399 ἐκ

2030 5443 2246 5497 πάντων
2295 5441 2353 5493 τὸ
2401 5438 2543 5507 ὕδωρ
2588 5436 2699 5490 τῶν
2726 5435 3129 5505 δαπανωμένων
3162 5434 3314 5501 aut;
3370 5434 3485 5492 Καὶ
3532 5435 3622 5490 ἑτι
