3746 5994
149 247 216 315 93
1320 245 1390 302 ΙΝ
1428 247 1905 308 llEXAEMERON
1945 250 2168 308 LlBEll-
3337 252 3404 307 9i

148 362 280 434 πρὸς
304 355 510 425 τούτοις
543 361 752 433 πολλὴν
777 360 991 434 ὁρῶμεν
1014 362 1072 416 ὲν
1107 336 1389 434 συγκρίσει
1412 364 1520 418 τῶν
1553 364 1723 420 ὄντων

1904 368 2020 423 udis
2056 368 2302 423 videmus
2344 381 2463 421 eam
2505 378 2625 434 qua:
2671 372 2921 419 naturam
2959 381 3021 420 ac
3055 368 3160 421 vim
3194 369 3406 438 igneam

148 453 245 523 τὴν
270 452 488 525 πυρώδη
522 453 717 508 οὐσίαν
761 455 854 508 καὶ
885 453 1148 525 δύναμιν
1201 454 1296 507 καὶ
1336 454 1494 509 τοῦτο
1538 456 1725 526 σαφῶς

150 545 211 596 ἐκ
236 542 344 594 τῶν
372 543 443 597 τά
491 543 742 615 μετέωρα
785 542 1294 612 πεφιλοσοφηκότων
1342 544 1421 607 είς
1455 543 1727 610 ἀπόδειξιν

145 635 354 702 ἄγεται,
386 634 450 687 τὸ
482 634 919 688 πολλαπλασίονα
960 634 1062 705 τῆς
1093 635 1195 705 γῆς
1225 630 1363 687 εἶναι
1394 635 1486 688 τὸν
1531 635 1683 706 ἥλιον
1708 648 1722 663 '

146 725 218 787 ὡς
255 725 396 795 μηδὲ
427 726 523 779 ἐπὶ
565 726 702 780 πολὺ
746 725 841 779 τοῦ
893 724 1052 796 ἀέρος
1083 726 1184 795 τὴν
1217 726 1311 778 ἀπ’
1365 725 1531 797 αὐτῆς
1571 726 1726 779 σκιὰν

145 814 495 880 ἐξικνεῖσθαι,
530 815 608 886 τῷ
636 816 1025 889 ὑπερϐάλλοντι
1068 816 1162 871 τοῦ
1207 816 1432 888 ἡλιακοῦ
1465 817 1726 887 μεγέθους

149 908 453 971 κωνοειδῶς
484 909 544 960 ὲν
573 910 640 978 τῇ
675 908 946 979 προσϐολῇ
976 907 1085 962 τῶν
1111 908 1344 962 ἀκτίνων
1372 907 1726 979 συστελλομέ-

146 1015 263 1068 νην.
291 997 359 1052 El
383 992 480 1051 οὖν
500 996 674 1062 οὕτως
697 999 876 1067 ὀλίγον
900 998 1057 1053 τοῦτο
1079 998 1154 1062 ὡς
1185 998 1319 1067 πρὸς
1352 1000 1526 1052 έκεῖνο
1554 999 1729 1070 κρινό-

150 1108 308 1161 μενον
334 1130 353 1154 ,
402 1091 545 1145 ὥστε
580 1091 868 1145 πολλοστὸν
908 1088 1048 1145 εἶναι
1078 1092 1170 1145 τοῦ
1206 1091 1431 1163 ἡλιακοῦ
1465 1090 1728 1162 μεγέθους

150 1183 287 1253 μετά
312 1183 497 1253 πάσης
521 1184 621 1252 τῆς
655 1184 757 1254 γῆς
790 1184 851 1236 τὸ
880 1182 1023 1255 ὕδωρ
1055 1183 1540 1254 ἀντιμετρούμενον
1578 1198 1591 1212 ·
1650 1186 1729 1245 εἰς

149 1273 312 1325 πόσον
356 1272 426 1325 ἂν
470 1273 658 1344 χρόνον
699 1272 761 1324 τὺ
792 1271 964 1343 βραχὺ
1010 1272 1166 1325 τοῦτο
1205 1272 1284 1343 τῷ
1328 1272 1563 1343 τοσούτῳ
1595 1272 1729 1342 πυρὶ

150 1367 282 1434 1:90;
322 1365 426 1435 τὴν
452 1364 697 1433 δαπάνην
727 1363 1041 1435 διήρκεσενς
1090 1364 1248 1418 Ἀλλὰ
1293 1365 1400 1435 μὴν
1441 1363 1730 1427 διαπαντὸς

148 1456 363 1526 ὁρῶμεν
394 1456 496 1525 τὴν
519 1455 791 1509 θάλασσαν
818 1457 875 1508 ὲν
902 1455 979 1526 τῷ
1011 1457 1117 1526 ἴσῳ
1143 1455 1596 1527 πλημμύρουσαν,
1637 1457 1729 1507 καὶ

148 1549 253 1600 τῶν
284 1549 553 1618 ποταμῶν
580 1549 679 1619 τὴν
707 1548 878 1619 φορὰν
914 1550 971 1601 έν
1003 1551 1116 1613 τοῖς
1147 1549 1297 1614 ίδίοις
1339 1549 1600 1620 μένουσαν
1630 1546 1728 1617 μέ-

149 1653 295 1707 τροις
318 1655 335 1668 ο
388 1642 495 1708 ἄρα
522 1638 584 1691 τὸ
613 1638 688 1709 μὴ
716 1637 1058 1693 δαπανᾶσθαι
1082 1656 1133 1692 τι
1161 1639 1256 1693 τοῦ
1282 1638 1450 1710 ὑγροῦ
1472 1678 1486 1703 ,
1517 1639 1604 1692 διὰ
1631 1638 1729 1707 τῆς

1826 459 2052 522 obtinet,
2103 458 2474 529 magnitudine
2506 458 2663 527 longe
2709 465 2990 527 praestare.
3023 457 3156 512 Nam
3204 459 3281 512 illi
3311 461 3406 529 qui

1825 547 1894 603 de
1939 549 2099 604 rebus
2138 548 2465 603 sublimibus
2499 546 2973 616 philosophantur,
3019 548 3189 601 solem
3226 549 3406 618 ipsum

1826 639 2012 692 multis
2040 639 2287 708 partibus
2334 645 2478 691 terra
2508 638 2773 705 majorem
2824 653 2947 691 esse
2981 637 3140 692 facile
3179 638 3407 692 demon-

1828 736 2025 782 strant.
2050 726 2238 797 Neque
2261 728 2405 782 enim
2439 727 2686 780 umbram
2714 733 2871 781 terra:
2900 727 3114 796 longius
3148 727 3203 780 in
3229 743 3406 781 aerem

1826 818 2097 889 protendi,
2129 817 2274 888 quod
2322 826 2615 886 superante
2640 817 2774 871 solis
2801 817 3198 885 magnitudine,
3227 816 3411 869 radio-

1825 926 1948 965 rum
1968 926 2193 966 accessu
2225 910 2277 963 in
2304 910 2541 965 turbinis
2568 924 2770 964 morem
2795 910 3151 963 contrahatur
3174 916 3226 963 et
3253 924 3409 963 coar-

1826 1010 2021 1058 ctetur.
2071 1002 2226 1070 Quod
2258 1004 2303 1058 si
2336 1012 2508 1057 totum
2558 1003 2681 1067 hoc,
2721 1001 2867 1071 quod
2911 1018 2975 1055 ex
3008 1010 3152 1056 terra
3178 1010 3232 1056 et
3266 1015 3408 1071 aqua

1828 1093 2137 1159 conﬁcitur,
2176 1108 2300 1147 cum
2329 1095 2449 1164 ipso
2474 1101 2682 1146 tantum
2719 1092 2832 1146 sole
2857 1100 3257 1162 comparatum,
3296 1099 3406 1145 tam

1829 1186 2082 1257 exiguum
2132 1191 2251 1247 est,
2323 1191 2382 1237 ut
2424 1182 2610 1237 sumtis
2678 1182 2928 1251 partibus
2985 1181 3221 1237 excellat
3274 1180 3409 1235 solis

1830 1274 2165 1347 magnitudo,
2225 1272 2466 1344 quandiu
2517 1273 2788 1327 tantulum
2832 1271 2975 1326 istud
3017 1271 3223 1325 humidi
3259 1277 3409 1325 tanto

1831 1367 1940 1438 igni
1979 1367 2374 1421 nutrimentum
2410 1363 2929 1420 subministrassct?
2957 1363 3209 1416 Attamen
3233 1363 3409 1417 omni-

1832 1459 1936 1515 bus
1975 1458 2191 1514 saeculis
2233 1459 2483 1515 videmus
2534 1472 2685 1512 mare
2736 1459 2940 1527 pariter
2995 1458 3305 1522 exundans,
3356 1466 3410 1513 et

1829 1548 2111 1605 ﬂuminum
2134 1563 2329 1605 cursus
2356 1549 2560 1604 eisdem
2597 1548 2794 1603 finibus
2822 1557 2873 1602 et
2898 1548 3072 1602 modis
3111 1548 3407 1603 contineri.

1831 1640 1949 1708 Quo
2004 1642 2221 1712 quidem
2274 1642 2652 1712 experimento
2708 1640 2843 1695 nihil
2899 1641 3107 1694 humidi
3159 1640 3410 1695 oonsumi

148 1728 407 1797 τοιαύτης
439 1732 796 1801 μαρτυρεῖται
828 1729 1036 1799 πείρας.
1079 1729 1216 1783 Ἀλλ’
1243 1729 1431 1801 ὥσπερ
1465 1729 1613 1800 παρὰ
1632 1729 1729 1800 τὴν

1904 1734 2127 1801 obatur;
2179 1740 2234 1789 et
2272 1734 2736 1804 quemadmodum
2773 1733 2931 1787 initio
2966 1748 3073 1785 non
3123 1748 3189 1786 ex
3227 1732 3410 1786 humi-

152 1820 377 1891 πρώτην
410 1822 514 1874 οὑκ
544 1823 600 1873 ὲν
622 1824 687 1892 τῇ
716 1821 895 1892 φθορᾷ
922 1824 1022 1894 τῆς
1056 1823 1350 1893 ὑγρότητος
1375 1822 1436 1875 τὸ
1466 1822 1576 1892 πῦρ
1604 1821 1727 1891 ἔσχε

147 1909 246 1979 τὴν
259 1909 497 1977 γένεσιν,
511 1910 645 1964 ἀλλὰ
658 1911 808 1982 παρὰ
818 1912 915 1983 τῆς
925 1912 1096 1983 αὐτῆς
1113 1912 1315 1982 ὑπέστη
1332 1911 1627 1983 δυνάμεως·
1639 1912 1729 1965 καὶ

149 2000 311 2055 τοῦτο
336 2001 511 2065 οὕτως
526 2003 666 2056 κατὰ
677 2002 776 2073 τὴν
810 2002 1032 2074 πρώτην
1044 2003 1138 2057 τοῦ
1156 2004 1417 2074 στοιχείου
1450 2002 1725 2067 σύστασιν,

148 2095 247 2146 καὶ
266 2094 353 2155 εἰς
375 2091 682 2163 τὸδιηνεκὲς
698 2094 733 2163 ἡ
750 2092 978 2163 διαμονὴ
1008 2093 1428 2165 φυλαχθήσεται,
1451 2094 1603 2146 οὐδὲν
1629 2093 1728 2162 τῆς

148 2187 334 2254 ὑγράς
355 2183 566 2251 φύσεως
592 2184 725 2256 πρὸς
745 2185 806 2237 τὸ
826 2186 1095 2256 διαμεῖναι
1116 2186 1178 2239 τὸ
1199 2186 1306 2256 πῦρ
1322 2187 1529 2256 διοχλου
1538 2186 1724 2257 μένης.

252 2276 403 2328 Ἀλλ’
462 2276 674 2347 ὁρῶμεν
699 2320 714 2343 ,
778 2278 912 2348 φησὶ
944 2317 959 2343 ,
1038 2278 1296 2341 πολλάκις
1369 2276 1729 2348 ὑγρανθεῖσαν

148 2370 205 2435 ἐξ
294 2368 606 2441 ἐπομϐρίας
663 2369 765 2438 τὴν
819 2368 942 2438 γῆν,
1025 2363 1144 2420 εἶτα
1225 2366 1578 2438 σφοδρότερον
1633 2366 1726 2418 τοῦ

148 2460 299 2530 ἡλίου
352 2459 413 2511 τὸ
457 2459 815 2529 ὑποκείμενον
861 2458 1180 2528 θάλψαντος,
1221 2458 1391 2528 ξηρὰν
1440 2458 1728 2528 γινομένην

146 2550 245 2621 τὴν
270 2550 379 2620 πρὸ
402 2548 588 2618 ὀλίγου
642 2549 926 2621 διάϐροχον
946 2565 960 2578 ·
1025 2548 1126 2602 ποῦ
1156 2549 1357 2613 τοίνυν,
1388 2551 1571 2620 φησὶν,
1603 2550 1635 2618 ἡ
1672 2551 1728 2601 ἐν

146 2642 357 2705 τούτοις
400 2643 662 2712 ὑγρότης,
706 2642 864 2711 εῐπερ
914 2640 988 2711 μὴ
1036 2639 1264 2694 καθόλου
1311 2640 1372 2693 τὸ
1403 2639 1602 2710 θερμὸν
1630 2639 1729 2710 τῆς

145 2733 366 2792 ἀκτῖνος
387 2730 880 2794 ὲπαναλίσκοντοςς
913 2725 1038 2799 'Ap‘
1060 2725 1153 2781 οὖν
1181 2729 1275 2782 καὶ
1299 2729 1361 2781 τὸ
1386 2729 1443 2780 ὲν
1467 2727 1546 2798 τῷ
1574 2728 1729 2799 κερά-

150 2842 237 2894 μῳ
279 2822 428 2893 ὕδωρ
474 2824 523 2875 εἰ
580 2821 941 2891 μεταϐληθείη
995 2821 1131 2891 πρὸς
1177 2821 1390 2892 ἕτερον,
1434 2821 1527 2872 καὶ
1575 2819 1729 2872 κενὸν

146 2915 360 2984 ἀθρόως
406 2914 470 2965 τὸ
502 2912 708 2982 πλῆρες
740 2914 949 2979 γένοιτο
985 2927 996 2941 ’
1051 2912 1172 2963 ἐπεὶ
1217 2911 1274 2963 δὲ
1323 2912 1380 2962 ὲν
1424 2910 1597 2980 τούτῳ
1630 2911 1729 2963 οὐκ

147 3008 295 3059 ἔστιν
320 3045 336 3067 ,
388 3005 513 3058 οὑδὲ
557 2999 695 3057 εἶναι
741 3002 879 3066 ὅλως
920 3002 979 3055 τὸ
1016 3004 1074 3055 ὲν
1123 3003 1293 3074 ἑτέρῳ
1335 3002 1616 3072 γινόμενον
1646 3001 1730 3053 λέ-

146 3113 373 3165 γουσινς
418 3099 488 3148 ὐ
509 3094 618 3165 γὰρ
644 3093 878 3147 ἐνταῦθα
910 3094 1138 3162 γίνεται,
1167 3093 1326 3147 τοῦτο
1348 3094 1441 3146 καὶ
1473 3094 1556 3145 ἐπ’
1588 3092 1728 3145 ὲκεί-

146 3204 237 3241 νω
275 3205 362 3249 τις
401 3185 733 3244 ὑπολαϐὼν,
783 3183 875 3237 τοῦ
922 3186 1130 3248 εἰκότος
1183 3185 1278 3254 οὐχ
1333 3185 1722 3255 ἁμαρτήσεται.

149 3276 294 3332 Ἴσον
331 3280 443 3349 γάρ
492 3279 607 3330 ἐστι
638 3278 737 3347 τήν
760 3293 822 3328 τε
852 3275 959 3328 άπὸ
995 3275 1088 3328 τοῦ
1128 3276 1308 3327 κοίλου
1332 3274 1519 3327 τούτου
1547 3274 1641 3326 ἐπὶ
1671 3273 1731 3325 τὸ

148 3371 337 3440 ἕτερον
368 3368 549 3421 κοῖλον
578 3366 669 3419 τοῦ
701 3365 869 3434 ὑγροῦ
901 3364 1204 3437 μεταρῤοὴν
1229 3363 1500 3432 γενέσθαι,
1528 3363 1621 3416 καὶ
1636 3360 1731 3432 τὴν

149 3460 329 3512 νοτίδα
373 3458 479 3527 τῆς
506 3458 613 3526 γῆς
644 3454 1085 3525 ἐξικμασθεῖσαν,
1122 3453 1418 3523 ἀναχθῆναι
1468 3451 1603 3522 πρὸς
1640 3450 1731 3503 τὸν

149 3550 307 3619 ἀέρα,
346 3546 593 3616 φυσικῶς
637 3545 731 3598 τοῦ
762 3544 950 3615 ὑγροῦ,
978 3546 1106 3599 ὅταν
1141 3546 1173 3616 ἡ
1211 3544 1304 3598 τοῦ
1334 3543 1730 3615 ὑπερκειμένου

150 3640 423 3710 θερμότης
453 3638 591 3709 πρὸς
612 3637 810 3708 ἑαυτὴν
843 3636 1131 3706 ἐφέλκηται
1162 3634 1510 3706 λεπτομερῶς
1541 3635 1607 3686 ἐκ
1632 3634 1732 3702 τῆς

149 3732 271 3798 γῆς,
316 3730 457 3799 πρὸς
503 3727 575 3780 τὰ
616 3726 730 3780 άνω
778 3726 1146 3797 διηθουμένου.
1182 3727 1485 3796 Τεκμήριον
1526 3724 1584 3778 δὲ
1624 3722 1732 3777 τῶν

150 3821 477 3889 γινομένων,
512 3818 594 3871 ὅτι
621 3817 943 3887 παχυτέρων
983 3817 1239 3880 πολλάκις
1265 3816 1373 3869 τῶν
1399 3815 1587 3886 ἀτμῶν
1625 3813 1732 3868 ἀπὸ

149 3912 242 3965 τοῦ
291 3910 496 3980 βάθους
534 3910 633 3979 τῆς
668 3910 770 3979 γῆς
803 3908 1216 3978 ἀναδιδομένων,
1248 3906 1488 3978 νεφώδης
1516 3923 1601 3970 τις
1638 3905 1732 3958 σύ-

154 4019 344 4064 στασις
380 3999 672 4071 άναϐρύειν
699 3999 867 4063 δοκεῖ,
914 3999 1009 4053 καὶ
1052 3999 1285 4068 τοσαύτη
1328 3998 1435 4051 τῶν
1476 3998 1662 4066 ἀτμῶν
1696 3999 1729 4069 ἠ

153 4093 404 4162 ωχῦτης
439 4093 670 4160 γίνεται,
700 4090 775 4153 ὼς
806 4091 898 4142 καὶ
928 4094 1041 4153 τοῖς
1076 4089 1370 4160 ὀφθαλμοῖς
1411 4091 1580 4161 αὑτὴν
1636 4091 1732 4157 ἐφ·

154 4188 309 4255 ατήν
343 4181 502 4237 εἶναι.
536 4183 576 4236 Γ
578 4183 747 4235 ένοιτο
786 4183 830 4234 δ’
876 4181 939 4234 ἄν
969 4197 1097 4234 ποτε
1124 4181 1218 4233 καὶ
1260 4179 1731 4251 λεπτομερεστέρα

153 4293 231 4339 τις
266 4279 302 4347 ἡ
349 4275 450 4343 τῆς
488 4272 690 4335 νοτίδος
716 4270 1100 4339 ἀναθυμίασις,
1143 4270 1219 4333 ὼς
1250 4270 1558 4334 ἐξισοῦσθαι
1592 4271 1731 4341 πρὸς

1833 1824 2020 1880 ditatis
2061 1826 2283 1880 interitu
2334 1825 2479 1894 ignis
2504 1833 2684 1878 ortum
2732 1812 2940 1889 habuit,
2998 1823 3092 1877 sed
3120 1824 3189 1877 ab
3219 1822 3405 1879 eadem

1834 1918 2164 1972 constitutus
2183 1925 2268 1971 est
2289 1925 2574 1987 potestate.
2601 1919 2679 1971 sic
2704 1926 2761 1969 ut
2790 1916 2922 1970 nihil
2944 1915 3163 1967 humida
3190 1925 3403 1978 natura,

1832 2024 1940 2078 quo
1972 2009 2089 2079 ipse
2117 2017 2353 2072 maneat,
2404 2009 2774 2077 perturbetur,
2812 2007 2865 2060 in
2912 2006 3087 2075 primo
3122 2020 3221 2059 suo
3261 2011 3403 2057 statu

1834 2108 2095 2170 perpetuo
2129 2107 2513 2155 conservatum
2544 2099 2630 2151 iri.

1904 2281 1969 2333 At
2001 2280 2167 2343 enim,
2199 2278 2395 2349 inquit.
2432 2286 2811 2347 saepenumero
2840 2285 3038 2330 terram
3076 2273 3251 2327 imbre
3290 2287 3407 2324 ma-

1831 2372 2099 2427 defactam
2131 2373 2397 2435 videmus,
2430 2370 2626 2424 deinde
2657 2370 2772 2425 sole
2803 2367 3179 2423 vehementius
3205 2365 3406 2419 calefa-

1832 2465 2028 2526 cientc,
2056 2463 2300 2518 eamdem
2328 2476 2675 2525 exarescere,
2728 2475 2849 2531 quae
2904 2459 3068 2529 paulo
3103 2468 3228 2512 ante
3290 2465 3407 2511 erat

1833 2556 2055 2624 irrigua.
2082 2554 2330 2620 Quonam
2364 2554 2546 2622 igitur,
2581 2553 2775 2621 inquit,
2809 2551 2945 2605 abiit
2978 2549 3268 2604 humiditas
3293 2549 3404 2610 illa,

1832 2645 1876 2700 si
1904 2645 2177 2698 radiorum
2213 2643 2408 2697 ardore
2433 2658 2540 2695 non
2571 2651 2653 2696 est
2680 2648 3003 2710 consumpta
3030 2639 3053 2693 ?
3085 2640 3166 2691 An
3204 2654 3323 2707 que
3350 2637 3404 2691 in

1830 2736 1975 2790 dolio
1995 2744 2075 2790 est
2100 2750 2262 2803 aqua,
2298 2735 2341 2788 si
2375 2734 2428 2787 in
2462 2734 2695 2787 alterum
2726 2732 2931 2785 dolium
2966 2729 3405 2797 transfundatur,

1832 2828 2127 2894 statimque
2149 2824 2523 2887 exinaniatur,
2556 2822 2702 2891 quod
2740 2822 2958 2891 plenum
3006 2829 3142 2881 erat,
3175 2820 3299 2887 quia
3352 2819 3406 2872 in

1832 2932 1940 2969 uno
1974 2932 2112 2984 aqua
2147 2930 2253 2969 non
2289 2925 2401 2978 est,
2444 2930 2513 2968 ne
2560 2914 2615 2967 in
2657 2913 2830 2966 altero
2861 2909 3079 2980 quidem
3111 2910 3257 2963 erit?
3293 2906 3408 2963 Hoc

1834 3008 1878 3060 si
1910 3007 2033 3076 quis
2070 3007 2135 3059 ad
2170 3006 2438 3060 elementa
2492 3004 2764 3068 retulerit,
2802 3002 2938 3055 nihil
2990 3000 3211 3055 errabit.
3266 3000 3405 3054 Idem

1833 3097 1976 3151 enim
2005 3106 2108 3158 est.
2140 3114 2203 3151 ex
2231 3113 2340 3151 uno
2361 3112 2492 3151 vase
2519 3096 2571 3149 in
2596 3096 2826 3148 alterum
2851 3108 3047 3162 aquam
3071 3090 3405 3146 transfundi.

1833 3197 1887 3243 et
1912 3188 2287 3243 humiditatem
2313 3198 2512 3242 eterra
2551 3185 2763 3256 exsugi,
2796 3186 2846 3238 in
2894 3198 3186 3251 acremque
3229 3189 3408 3233 trans-

1833 3278 2059 3348 portari.
2080 3277 2415 3332 Naturaliter
2443 3278 2610 3340 enim,
2644 3275 2864 3346 quando
2893 3275 3235 3343 superiorum
3269 3272 3406 3326 cali—

1833 3370 1976 3425 ditas
2001 3370 2067 3424 ad
2103 3386 2160 3425 se
2187 3371 2431 3432 attrahit,
2464 3369 2745 3423 humidum
2771 3366 3077 3421 subtilitate
3109 3364 3346 3433 partium
3377 3378 3406 3415 a

1832 3469 1977 3518 terra
2008 3478 2221 3517 sursum
2245 3462 2471 3515 tollitur.
2494 3459 2734 3528 Hujusce
2757 3459 2832 3514 rei
2859 3458 2990 3511 illud
3034 3457 3292 3510 indicium
3316 3453 3407 3520 sit,

1833 3551 1979 3622 quod
2002 3552 2370 3607 crassioribus
2395 3567 2424 3605 e
2449 3550 2719 3619 proﬂuuio
2747 3557 2906 3603 terrae
2930 3548 3247 3616 plerumque
3280 3545 3393 3599 sub-

1831 3641 1959 3694 latis
2007 3640 2321 3709 vaporibus,
2369 3639 2727 3708 caliginosum
2777 3636 3047 3704 quoddam
3077 3649 3278 3701 corpus
3313 3633 3407 3686 de-

1832 3728 1969 3793 ﬂuit,
1996 3738 2251 3797 tantaque
2277 3729 2348 3780 sit
2376 3741 2634 3796 vaporum
2671 3724 3089 3793 coagmentatio.
3129 3731 3191 3776 ut
3231 3722 3407 3778 oculis

1831 3820 2118 3891 perspicue
2161 3825 2442 3873 cernatur.
2503 3816 2653 3873 Alias
2684 3823 2862 3871 autem
2900 3814 3115 3871 tenuior
3162 3813 3403 3885 quaedam

1832 3912 2049 3981 vaporis
2083 3911 2141 3964 ﬂt
2170 3910 2464 3975 exhalatio,
2497 3926 2618 3980 quae
2648 3910 2714 3962 ad
2755 3909 2899 3963 acris
2930 3909 3248 3963 tenuitatem
3283 3920 3406 3975 pro-

1831 4006 1979 4059 xime
2007 4003 2238 4068 accedit,
2276 4017 2376 4057 nec
2400 4004 2553 4072 prius
2577 3999 2755 4055 oculis
2785 4000 2989 4070 percipi
3019 4005 3217 4069 potest,
3243 4011 3403 4067 quam

1832 4096 1977 4150 inter
2014 4110 2073 4150 se
2105 4102 2295 4149 coacta
2331 4102 2493 4163 atque
2515 4102 2768 4156 concreta
2809 4091 3280 4162 coagmentatione
3307 4103 3403 4143 sua

1833 4187 2032 4242 nubem
2064 4185 2279 4240 alliciat.
2307 4183 2522 4239 Tenues
2553 4194 2713 4253 igztur
2739 4192 2902 4253 atque
2928 4179 3136 4232 humidi
3178 4194 3407 4249 vapores

1835 4280 1910 4334 illi
1970 4279 2189 4335 levitate
2238 4293 2336 4332 sua
2383 4278 2435 4331 in
2482 4292 2605 4331 aere
2648 4275 2881 4329 ﬂuitant.
2937 4273 3089 4339 Quod
3146 4273 3190 4326 si
3232 4272 3408 4341 major

152 4368 241 4420 τὶν
268 4368 408 4438 ἀέρα
437 4363 641 4434 τρόπον
668 4361 790 4414 τινὰ
813 4363 878 4431 τῇ
909 4360 1215 4431 λεπτότητι,
1242 4362 1335 4413 καὶ
1364 4360 1438 4431 μὴ
1470 4362 1729 4432 πρότερον

1913 4373 2040 4429 midi
2064 4372 2221 4441 capia
2258 4371 2311 4423 in
2342 4385 2513 4424 unum
2545 4366 2825 4421 conﬂuens
2855 4365 3174 4436 gravitatem
3211 4363 3402 4431 arqui—

157 4457 522 4530 φανεροῦσθαι
569 4456 688 4516 ταῖς
729 4453 906 4522 ὂψεσι,
956 4452 1083 4522 πρὶν
1132 4453 1301 4524 αὐτὴν
1348 4454 1484 4524 πρὸς
1533 4454 1731 4524 ἑαυτὴν

161 4552 478 4620 συμποιεῖν,
522 4544 622 4614 τὴν
665 4544 773 4596 τῶν
816 4543 1073 4597 τοιούτων
1115 4544 1296 4615 ὑγρῶν
1346 4544 1728 4616 ἀναθυμίασιν,

158 4645 246 4697 καὶ
269 4642 414 4695 οὕτω
435 4635 694 4707 γενέσθαι
717 4634 877 4704 νέφος
903 4636 989 4689 διὰ
1019 4638 1116 4706 τῆς
1143 4636 1526 4707 συμπιλήσεως
1546 4655 1560 4670 ο
1590 4637 1730 4691 ὥστε

162 4731 473 4793 ὡλεπτάς
499 4745 560 4780 τε
594 4728 686 4780 καὶ
712 4727 1010 4797 ὰτμοειδεῖς
1040 4726 1289 4798 ἰκμάδας,
1319 4731 1453 4792 τέως
1486 4730 1585 4800 μὲν
1614 4732 1733 4783 ἐπι..

161 4824 402 4888 πολάζειν
431 4821 516 4891 τῷ
539 4820 665 4889 ἀέρι
696 4817 783 4872 διά
810 4820 1134 4889 κουφότητα,
1170 4822 1263 4875 καὶ
1289 4821 1599 4891 ἐποχεῖσθαι
1620 4825 1732 4884 τοῖς

163 4913 483 4983 πνεύμασιν,
524 4914 575 4964 εἰ
608 4912 666 4965 δὲ
692 4911 874 4963 πλεῖον
898 4912 930 4982 ἡ
957 4911 1049 4964 τοῦ
1081 4912 1248 4983 ὑγροῦ
1278 4913 1563 4982 συγγένεια
1595 4914 1730 4983 πρὸς

351 5006 652 5077 συρῤυῖσα
686 5004 881 5075 βαρεῖα
924 5002 1154 5071 γένοιτο,
1185 5004 1304 5057 τότε
1361 5006 1730 5058 ἐκπίπτουσαν

161 5093 251 5147 τοῦ
280 5097 435 5168 ἀέρος
461 5096 556 5148 ἐπὶ
586 5095 689 5166 τὴν
708 5096 813 5165 γῆν
843 5094 1076 5162 σταγόνα
1098 5094 1362 5161 γίνεσθαι.
1392 5097 1600 5151 Οὐκοῦν
1630 5098 1731 5150 οὐκ

162 5186 425 5240 ἀνάλωσεν
451 5187 489 5255 ἡ
519 5185 793 5256 θερμότης
840 5186 977 5254 ὅπερ
1025 5184 1089 5239 ἐκ
1127 5185 1225 5255 τῆς
1256 5187 1359 5256 γῆς
1403 5188 1728 5258 ἀνεμάξατο,

314 5276 373 5340 ἐξ
419 5276 601 5329 αὑτῶν
654 5276 753 5346 μὲν
787 5274 1016 5345 συνέστη
1061 5276 1120 5328 τὸ
1164 5278 1355 5346 νέφος,
1398 5278 1459 5330 τὸ
1486 5279 1542 5331 δὲ
1571 5279 1731 5348 νέφος

158 5368 453 5432 συνθλιῦἒν,
483 5368 629 5440 ῦδωρ
654 5368 894 5436 ἐγένετοο
922 5366 1075 5420 τοῦτο
1103 5367 1161 5420 δὲ
1187 5368 1347 5435 πάλιν
1370 5372 1435 5440 τῇ
1470 5373 1538 5441 γῇ
1567 5388 1730 5425 κατα-

158 5457 378 5523 μιχθὶν,
423 5459 506 5519 εἰς
547 5457 720 5528 ἀτμὸν
760 5455 1006 5527 ἀνήχθη,
1057 5457 1150 5511 καὶ
1179 5461 1207 5512 ὀ
1252 5460 1422 5529 ἀτμὸς
1450 5462 1726 5530 νεφωθεὶς,

152 5545 356 5616 ὀμϐρος
393 5548 635 5615 ἐγένετο.
691 5548 792 5602 Ἐκ
835 5546 890 5598 δὲ
936 5546 1120 5600 τούτου
1174 5550 1333 5603 πάλιν
1385 5553 1417 5622 ἡ
1477 5552 1548 5621 γῆ
1606 5555 1730 5617 τοὺς

154 5638 358 5705 aqua);
388 5636 670 5691 άπεκῦησε
694 5652 711 5668 ⁸
769 5637 1007 5689 κάκεῖνοι
1052 5638 1408 5707 παχυνθέντες
1441 5643 1496 5703 ἐν
1527 5645 1589 5712 τῇ
1635 5660 1728 5693 συθ

1835 4470 1941 4529 rat,
1982 4473 2111 4516 tunc
2151 4477 2216 4516 ex
2270 4474 2395 4515 aere
2441 4458 2692 4529 guttatim
2725 4455 2893 4509 cadit.
2933 4457 3122 4524 Itaque
3161 4452 3303 4523 quod
3340 4468 3404 4506 ex

1836 4561 1978 4608 terra
2002 4551 2256 4606 caliditas
2310 4548 2542 4602 attrahit
2591 4554 2645 4601 et
2677 4546 2907 4612 extollit,
2949 4544 3003 4598 id
3061 4544 3129 4598 ab
3175 4559 3236 4597 ea
3297 4557 3405 4595 ltOl

1834 4643 2200 4706 consumitur,
2235 4641 2330 4696 sed
2384 4640 2558 4695 nubes
2595 4638 2815 4693 evadit:
2869 4652 2976 4708 qua
3008 4637 3223 4705 quidem
3257 4651 3405 4687 com-

1835 4751 2044 4806 pressa,
2096 4734 2269 4787 imber
2300 4732 2553 4788 eﬂicitur.
2592 4729 2706 4784 Hoc
2742 4736 2924 4783 autem
2991 4741 3208 4782 rursum
3249 4733 3406 4777 teme

1834 4825 2143 4889 commisto,
2169 4837 2338 4892 vapor
2358 4820 2637 4889 consurgit
2662 4838 2675 4875 :
2701 4818 2793 4888 qui
2820 4817 3075 4872 redactus
3097 4816 3149 4868 in
3179 4813 3402 4875 nubem,

1832 4919 2071 4990 pluviam
2124 4925 2178 4971 et
2231 4916 2458 4969 imbrem
2511 4915 2674 4983 parit.
2736 4910 2892 4966 Unde
2940 4921 3167 4977 vapores
3206 4905 3401 4959 iterum

1834 5013 2069 5082 concipit
2132 5021 2311 5070 terra.
2379 5008 2473 5078 qui
2541 5008 2595 5061 in
2670 5005 2844 5061 nubes
2901 4998 3258 5069 coagmentati
3310 4996 3402 5051 dc-

1833 5102 2006 5159 ﬂuunt
2042 5122 2053 5157 :
2098 5102 2243 5173 quod
2283 5108 2464 5176 a_utem
2524 5097 2772 5159 deﬂuxit,
2804 5105 3022 5148 rursum
3052 5104 3146 5158 per
3181 5104 3403 5158 vapores

1832 5195 2060 5264 cogitur.
2089 5194 2267 5263 Atque
2287 5192 2359 5246 ita
2382 5190 2531 5245 orbis
2561 5187 2782 5259 quidam
2818 5185 2897 5247 ﬁt,
2927 5181 3021 5250 qui
3053 5180 3106 5233 in
3143 5195 3200 5233 se
3225 5180 3401 5248 ipsum

1831 5285 1993 5348 redit,
2022 5293 2074 5337 et
2098 5283 2289 5337 iisdem
2319 5279 2561 5349 vestigiis
2585 5275 2804 5330 assidue
2831 5271 3062 5327 vertitur
3082 5283 3144 5322 ac
3170 5268 3402 5322 circum-

1831 5375 2093 5429 volvitur.
2148 5371 2305 5438 Quod
2353 5371 2397 5426 si
2442 5370 2655 5438 plantas
2696 5381 2758 5419 ac
2799 5364 3042 5435 germina
3087 5359 3402 5430 objeceris:

1831 5463 2193 5532 respondebo,
2248 5460 2430 5516 omnia
2480 5460 2531 5511 in
2587 5455 2773 5512 orbem
2830 5456 3012 5508 itidem
3073 5464 3400 5505 commeare.

1832 5554 2039 5607 llumor
2075 5553 2219 5607 enim
2252 5569 2346 5623 per
2385 5552 2597 5622 plantas
2624 5559 2717 5604 aut
2777 5547 2987 5602 semina
3040 5544 3093 5598 in
3152 5540 3401 5611 germina

1833 5646 2076 5710 conﬂuit,
2101 5660 2224 5699 cum
2251 5643 2397 5717 quod
2433 5654 2711 5698 terrenum
2739 5648 2842 5703 cst,
2863 5634 3220 5705 consequitur
3242 5648 3254 5684 :
3277 5627 3397 5698 qui-
