3746 5994
308 140 376 202 95
1542 138 1599 192 s.
1642 134 1972 193 GREGORll
2011 135 2303 193 ursssm
3495 145 3570 200 98

298 255 403 311 bus
425 254 684 310 admissis
717 269 806 310 res
850 255 1089 309 enutrita
1139 255 1339 312 crescit
1395 265 1449 311 et
1504 265 1754 326 augetur.
1815 258 1881 310 At

2090 271 2169 306 σει
2214 253 2322 308 τῶν
2355 251 2531 323 νεφῶν
2584 253 2965 328 κατερρύησαν
2992 274 3006 288 ·
3057 259 3150 312 καὶ
3184 259 3246 312 τὸ
3287 259 3571 331 ἀπορρυὲν

300 347 394 402 ubi
436 347 732 412 exaruerit,
776 347 849 400 ita
885 347 1223 412 dissolvitur,
1261 355 1319 400 ut
1348 347 1576 417 singqu
1602 357 1784 416 partes
1810 347 1878 402 ad

301 438 636 492 elementum
677 436 762 490 sui
800 436 975 489 simile
1007 443 1370 489 revertantur.
1406 434 1621 490 Etenim
1649 451 1773 489 cum
1824 436 1878 489 in
1920 443 1924 447 '

301 526 586 595 particulis
619 525 734 580 suis
776 540 868 579 aer
891 526 961 580 sit
1001 541 1183 592 rarus,
1227 527 1588 595 tenuibusque
1616 541 1880 595 vaporum

302 616 552 686 partibus
611 616 772 686 longe
819 615 1062 679 tenuior,
1089 617 1355 686 quidquid
1403 618 1456 670 in
1499 617 1615 685 ipso
1653 624 1766 679 est,
1813 614 1882 668 ad

302 715 595 777 cognatum
653 708 756 762 sibi
801 708 1130 762 elementum
1172 723 1269 777 per
1312 709 1490 778 ipsum
1541 708 1756 762 transit.
1794 705 1883 761 Sic

305 801 450 854 enim
483 806 537 852 et
566 799 766 868 pulvis,
799 799 923 852 licet
972 799 1066 852 diu
1117 798 1170 852 in
1210 813 1338 853 aere
1376 797 1575 852 diﬁ‘usa
1624 797 1881 867 jactetur,

307 894 522 946 tandem
571 891 818 945 redditur
853 901 1012 945 terrae
1040 909 1054 957 ;
1085 899 1138 945 et
1172 891 1370 944 humor
1427 906 1536 944 non
1587 890 1752 960 perit,
1786 889 1884 944 sed

308 984 514 1053 aliquid
545 985 771 1039 omnino
806 983 911 1038 sibi
953 985 1311 1054 coniunctum
1343 997 1407 1036 ac
1449 981 1626 1037 simile
1654 981 1881 1045 invenit,

310 1077 396 1130 cui
442 1075 733 1141 admistus,
767 1083 1073 1145 auctusque
1123 1076 1360 1145 partium
1389 1075 1649 1129 similiqu
1698 1088 1885 1127 acces-

313 1166 483 1229 sione,
519 1181 735 1219 rursum
771 1165 824 1218 in
851 1167 1049 1220 nubem
1090 1167 1422 1230 concrescit,
1463 1175 1626 1235 atque
1670 1165 1744 1218 ita
1793 1178 1888 1234 per

314 1257 510 1327 pluviae
540 1265 723 1326 guttas
754 1256 806 1310 in
841 1267 1092 1310 naturam
1115 1272 1270 1311 suam
1304 1257 1636 1311 restituitur.
1678 1254 1753 1308 Ex
1777 1269 1887 1324 quo

316 1343 394 1414 ﬁt,
455 1358 514 1402 ut
550 1349 736 1402 mundi
793 1359 998 1419 partes,
1044 1365 1166 1418 qua:
1217 1347 1409 1403 ordine
1465 1347 1778 1403 constituta:
1832 1346 1886 1400 in

316 1440 680 1494 universitate
734 1455 914 1494 rerum
954 1440 1224 1504 videntur,
1253 1439 1505 1493 eumdem
1543 1437 1763 1491 modum
1836 1445 1889 1491 et

316 1546 828 1600 mensuram,quam
850 1530 1063 1600 opiﬁcis
1095 1531 1356 1600 sapientia
1385 1529 1582 1600 cuique
1605 1528 1670 1582 ad
1699 1527 1884 1581 mundi

1985 344 2144 398 πάλιν
2177 345 2244 415 δι’
2279 344 2467 416 ἀτμῶν
2496 345 2744 416 ἀνεδόθη,
2786 348 2878 400 καὶ⁷
2905 347 3048 401 οὕτω
3081 349 3278 414 κύκλος
3311 367 3395 413 τις
3418 351 3573 420 γίνε-

1982 453 2071 488 ται
2108 436 2243 506 πρὸς
2272 436 2462 489 ἑαυτὸν
2496 436 2870 507 ἀναστρέφων,
2899 439 2994 491 καὶ
3022 439 3109 492 διὰ
3133 440 3240 492 τῶν
3273 442 3454 493 αὐτῶν
3480 443 3573 494 ἀεὶ

1983 528 2304 599 περιχωρῶν
2335 545 2392 581 τε
2426 528 2518 581 καὶ
2551 529 2914 598 ἑλισσόμενος.
2962 531 3079 584 Κάν
3105 532 3174 585 τά
3207 532 3350 600 φυτά
3377 532 3571 603 εἴπῃς,

1985 621 2087 674 κᾶν
2129 621 2197 673 τὰ
2246 621 2635 691 βλαστήματα,
2676 621 2855 674 πάντα
2907 621 2984 693 τῷ
3025 621 3174 693 αὑτῷ
3211 622 3396 692 κύκλῳ
3425 640 3576 694 σύμ-κ

1985 711 2353 782 περιέρχεται.
2401 711 2468 764 Ἥ
2498 710 2608 782 γὰρ
2643 711 2806 782 ίκμάς
2832 711 2920 766 διὰ
2957 713 3200 783 φυτῶνῆ
3235 714 3580 784 σπερμάτων

1986 806 2101 866 τοῖς
2149 803 2396 872 βλαστοῖς
2445 802 2844 874 συνανέδραμεν
2870 819 2885 834 ·
2936 801 3035 857 εἷθ’
3075 805 3198 858 ὅσον
3227 805 3342 857 ἐστὶ
3367 805 3576 872 γεῶδες

1987 894 2123 964 αὐτῇ
2171 893 2554 962 συνεπόμενον,
2585 894 2844 961 ὲναφεῖσα
2889 893 2966 964 τῷ
2995 895 3143 964 ὄγκῳ
3171 894 3264 946 τοῦ
3299 894 3582 963 τρεφομέο

1987 1002 2076 1038 νου
2105 1025 2118 1050 ,
2170 985 2296 1038 ὅταν
2327 983 2564 1056 ξηρανθῇ
2612 984 2674 1038 τὸ
2724 985 3078 1056 ὑποκείμενον
3116 985 3194 1055 τῷ
3240 987 3578 1055 περιέχοντι,

1989 1073 2148 1126 πάλιν
2181 1075 2318 1146 πρὸς
2354 1075 2414 1127 τὸ
2454 1075 2723 1144 ὁμόφυλον
2752 1075 3121 1144 ἑξατμίζεται.
3170 1077 3382 1145 ’Λραιὸς
3413 1076 3473 1128 δὲ
3501 1074 3582 1127 ὢν

1987 1166 2015 1216 ὁ
2042 1163 2151 1234 ἀὴρ
2179 1166 2238 1217 ὲν
2268 1167 2379 1228 τοῖς
2408 1165 2600 1222 ἑαυτοῦ
2639 1167 2868 1237 μορίοις,
2915 1166 3009 1219 καὶ
3037 1167 3136 1236 τῆς
3178 1165 3582 1237 λεπτομερείας

1987 1254 2096 1307 τῶν
2123 1254 2309 1326 ἀτμῶν
2332 1254 2846 1326 λεπτομερέστερος,
2879 1255 3024 1309 ἅπαν
3055 1257 3116 1309 τὸ
3154 1259 3211 1310 ὲν
3245 1256 3392 1326 αὐτῷ
3422 1257 3585 1324 γενό-

1993 1363 2171 1416 μενον,
2207 1346 2344 1417 πρὸς
2386 1347 2446 1399 τὸ
2499 1349 2759 1416 συγγενὲς
2803 1347 3097 1417 διαφίησιν,
3141 1348 3297 1401 Οῦτω
3327 1349 3488 1421 γάρῆ
3523 1367 3585 1402 τε

1990 1439 2156 1500 κόνις,
2188 1437 2289 1490 κᾶν
2313 1438 2541 1492 ἐπιπολὺ
2575 1439 2668 1492 τοῦ
2703 1439 2861 1507 ἀέρος
2889 1438 3165 1509 διασχεθῇ,
3197 1439 3356 1492 πάλιν
3407 1443 3476 1510 τῇ
3509 1441 3586 1510 γῇ

1992 1529 2340 1582 ἀποδίδοται·
2396 1531 2490 1584 καὶ
2530 1533 2564 1602 ἡ
2616 1531 2781 1602 ικμάς
2823 1531 2922 1584 οὐκ
2953 1516 3281 1594 ἀπόλλυται,
3330 1531 3447 1584 ἀλλ’
3491 1532 3588 1584 εὑ-

316 1592 780 1690 pulchritudinem
832 1592 988 1673 initio
1022 1592 1381 1690 praescripsit,
1436 1592 1690 1671 tueantur
1723 1623 1887 1683 atque

2089 1634 2173 1669 κει
2227 1618 2287 1671 τὸ
2341 1620 2560 1683 πάντως
2591 1621 2758 1692 ἑαυτῇ
2795 1621 3052 1688 συγγενές
3083 1638 3142 1672 τε
3177 1621 3270 1674 καὶ
3302 1621 3589 1689 σύμφυλον

315 1720 664 1766 οοιιερτνθιιι.

1997 1707 2140 1761 κατὰ
2165 1709 2254 1763 τὸν
2282 1710 2420 1781 ἀέρα
2448 1710 2818 1781 πλανώμενον,
2847 1705 2891 1779 ᾧ
2917 1712 3359 1783 προσπλασθεῖσα
3386 1713 3480 1764 καὶ
3499 1712 3594 1765 διὰ

313 1808 414 1874 τῆς
445 1804 552 1856 τῶν
581 1803 780 1874 ὁμοίων
830 1804 1232 1874 προχωρήσεως
1278 1800 1572 1871 αὐξηθεῖσα
1594 1840 1608 1863 ,
1658 1797 1818 1851 πάλιν
1855 1797 2162 1865 διογκοῦται
2196 1802 2329 1872 πρὸς
2361 1803 2556 1870 νέφους
2588 1803 2864 1867 σύστασιν,
2904 1803 2997 1856 καὶ
3027 1802 3168 1856 οὓτω
3194 1801 3281 1855 διὰ
3307 1801 3592 1870 σταγόνων

315 1903 380 1970 τῇ
415 1900 517 1971 ἰδίᾳ
545 1900 703 1967 φύσει
734 1898 1164 1952 ἀποκαθίσταται
1185 1915 1198 1928 ’
1241 1897 1381 1949 ὥστε
1412 1893 1687 1964 πανταχοῦ
1716 1892 1784 1945 τά
1814 1891 1906 1944 τοῦ
1939 1893 2143 1964 κόσμου
2173 1913 2231 1948 τε
2269 1896 2623 1966 στοιχειωδῶς
2667 1899 2724 1950 ὲν
2762 1896 2840 1968 τῷ
2874 1898 3035 1951 παντὶ
3091 1896 3442 1967 θεωρούμενα
3496 1894 3594 1947 ἐπὶ

316 1991 408 2043 τοῦ
436 1990 596 2043 αὑτοῦ
633 1991 829 2061 μέτρου
861 1989 1250 2058 φυλάσσεσθαι,
1277 1989 1304 2039 ὃ
1337 1987 1486 2059 παρὰ
1529 1987 1628 2057 τὴν
1677 1983 1898 2055 πρώτην
1932 1985 2016 2052 ἐφ’
2053 1987 2284 2040 ἑκάστου
2329 1989 2436 2042 τῶν
2479 1989 2647 2045 ὄντων
2681 1991 2922 2061 ή,σοφία
2961 1989 3055 2044 τοῦ
3089 1987 3418 2060 δημιουργοῦ
3452 1987 3594 2059 πρὸς

316 2084 412 2154 τὴν
443 2083 806 2152 εὐαρμοστίαν
835 2083 926 2134 τοῦ
959 2082 1155 2142 παντὸς
1185 2082 1480 2147 διετάξατο.

394 2180 524 2232 Illud
558 2179 723 2247 objici
776 2193 1081 2246 posse.non
1148 2177 1360 2247 ignoro,
1422 2186 1795 2244 saepenumero
1844 2170 1900 2224 in

321 2271 578 2325 maximis
605 2271 882 2324 caloribus
916 2271 1088 2325 nubes
1112 2284 1205 2338 per
1240 2285 1419 2322 acrem
1444 2267 1702 2335 disjectas
1745 2263 1899 2326 ferri,

324 2363 377 2415 in
405 2376 545 2430 quas
577 2361 621 2415 si
650 2359 858 2414 diutius
886 2360 1084 2428 aliquis
1111 2360 1280 2414 aciem
1311 2359 1594 2412 oculorum
1655 2354 1904 2409 intende-

329 2454 424 2518 rit,
467 2452 759 2521 redarguet
803 2450 1204 2520 quodammodo
1265 2448 1528 2501 rationem
1566 2460 1778 2509 eorum,
1810 2444 1903 2512 qui

324 2550 576 2595 asserunt
611 2551 816 2594 naturae
851 2539 1085 2592 humida:
1117 2538 1251 2590 nihil
1286 2535 1556 2592 consumi.
1603 2533 1738 2588 Nam
1777 2543 1895 2587 tur-

327 2633 563 2687 bulentae
610 2632 774 2686 nubis
823 2631 1117 2691 sectiones,
1169 2645 1288 2698 quae
1319 2631 1544 2682 multum
1600 2626 1741 2680 aeris
1776 2641 1902 2695 spa-

326 2729 462 2778 tium
490 2731 790 2792 occupant,
827 2722 1059 2792 primum
1094 2721 1315 2789 quidem
1371 2719 1540 2773 nimia
1575 2717 1791 2772 ardoris
1849 2717 1899 2770 vi

328 2828 577 2866 accensa).
601 2810 1031 2880 magnitudinem
1059 2810 1409 2875 contrahunt,
1429 2807 1626 2862 deinde
1654 2807 1902 2861 incendio

328 2907 616 2959 exsiccatae
677 2903 897 2972 penitus
945 2902 1252 2965 abolentur,
1299 2901 1435 2954 adeo
1468 2907 1527 2954 ut
1573 2899 1801 2954 humore
1835 2898 1903 2951 ab

329 3005 463 3049 testu
510 3002 860 3063 consumpto,
917 2993 1050 3046 nihil
1081 2992 1308 3045 omnino
1371 2991 1732 3059 relinquatur.
1785 2972 1973 3054 QuoC

330 3079 551 3150 quidem
587 3089 910 3150 argumento
946 3094 1208 3148 vapormn
1242 3079 1382 3132 ratio
1407 3077 1692 3133 refellitur.
1722 3077 1905 3132 Nubes

333 3172 478 3226 enim
504 3171 558 3224 in
588 3172 874 3241 superiore
892 3171 1193 3225 turbulenti
1219 3170 1543 3239 ventosique
1577 3169 1738 3237 hujus
1766 3168 1908 3223 aeris

338 3270 490 3331 parte
523 3246 837 3317 constituta:
871 3263 1004 3317 nihil
1036 3263 1350 3332 graviorum
1401 3275 1664 3332 vaporum
1720 3261 1773 3314 in
1810 3275 1908 3313 na-

336 3362 475 3407 tura:
505 3369 619 3408 suae
640 3353 960 3408 tenuitatem
984 3353 1295 3418 admittunt,
1318 3367 1439 3408 cum
1468 3367 1657 3406 omnes
1683 3366 1911 3422 vapores

337 3454 391 3500 et
419 3447 797 3501 exhalationes
827 3445 1157 3500 crassiorem
1180 3444 1328 3498 illam
1360 3443 1503 3498 aeris
1526 3451 1758 3512 partem,
1793 3457 1914 3513 quae

339 3547 538 3592 terram
575 3538 802 3608 propius
834 3537 1022 3600 ambit,
1061 3545 1255 3590 natura
1297 3534 1621 3606 przeﬁnitam
1653 3535 1910 3599 habeant,

339 3643 440 3684 nec
492 3630 724 3685 ulterius
754 3628 1008 3700 progredi
1054 3628 1288 3698 possint.
1327 3625 1460 3681 Nam
1521 3627 1702 3682 tenuis
1749 3637 1915 3698 atque

339 3721 560 3775 aetheria
593 3722 684 3774 illa
714 3721 863 3788 regio
899 3719 1036 3773 nihil
1086 3735 1336 3774 crassum
1372 3718 1632 3774 admittit.
1682 3717 1914 3785 Quidam

341 3828 399 3866 se
423 3811 692 3866 montium
720 3811 1116 3866 altissimorum
1144 3813 1378 3866 vertices
1403 3811 1607 3868 vidisse
1640 3811 1917 3866 memorize

341 3901 718 3971 prodiderunt,
746 3901 802 3954 in
827 3915 967 3970 quos
986 3916 1086 3955 nec
1114 3901 1289 3956 nubes
1317 3902 1749 3964 ascendere,nec
1771 3901 1918 3954 venti

344 3993 614 4062 aspirare,
636 4008 738 4047 nec
758 3993 1012 4048 volucres
1036 3992 1208 4063 magis
1223 3993 1479 4048 advolare
1497 3994 1735 4063 possint,
1752 4005 1916 4060 quam

344 4084 600 4139 animalia
620 4099 739 4154 qua:
753 4084 902 4138 humi
921 4083 1170 4140 demersa
1189 4094 1337 4149 sunt,
1353 4083 1404 4136 in
1421 4083 1718 4139 aerevitam
1740 4096 1916 4152 agere.

346 4176 416 4233 Ut
458 4177 763 4246 perspicum
795 4176 887 4241 sit,
914 4191 1036 4231 esse
1069 4175 1356 4246 quemdam
1392 4175 1446 4228 in
1471 4189 1594 4228 aere
1628 4172 1920 4227 terminum

345 4271 723 4330 constitutum,
758 4283 917 4338 quem
965 4267 1333 4323 crassioribus
1369 4274 1526 4319 terra:
1558 4263 1919 4319 exhalationi-

345 4364 449 4418 bus
496 4361 790 4423 transilire,
839 4369 896 4414 ut
943 4359 1009 4413 ad
1055 4359 1336 4429 superiora
1379 4356 1770 4422 conscendant,
1813 4371 1922 4410 non

344 4457 525 4510 liceat.
577 4452 938 4519 Quamobrem
996 4453 1050 4506 in
1101 4451 1364 4505 montium
1423 4448 1800 4505 cacuminibus
1854 4446 1923 4501 ad

346 4555 587 4603 aestatem
641 4562 813 4615 usque
860 4551 1180 4616 permanent
1229 4543 1409 4607 nives,
1461 4555 1562 4596 nec
1607 4539 1920 4610 liqueﬁunt,

347 4640 489 4710 quod
523 4640 813 4694 humerum
848 4639 902 4692 in
931 4652 994 4692 ea
1027 4643 1178 4705 parte
1208 4633 1487 4689 concretio
1516 4634 1737 4689 assidue
1767 4633 1925 4688 refri-

348 4739 498 4803 geret
531 4747 730 4787 aerem.
769 4728 1073 4795 Quinetiam
1107 4728 1293 4796 igneos
1330 4731 1558 4789 tractus,
1593 4739 1731 4794 quos
1751 4725 1924 4794 prosi-

349 4811 765 4878 lientes'stellas
794 4817 1012 4890 quidam
1045 4825 1258 4882 vocant,
1292 4831 1359 4871 ex
1387 4817 1575 4872 eadem
1608 4830 1772 4872 causa
1812 4816 1923 4870 ﬁeri

349 4915 547 4968 docent
576 4911 870 4981 sapientes,
905 4907 996 4977 qui
1024 4922 1109 4962 res
1132 4906 1396 4976 ejusmodi
1421 4906 1757 4976 proﬁtentur.
1783 4905 1925 4962 Ven-

349 5009 528 5056 torum
548 5001 692 5055 enim
722 4998 770 5051 vi
791 4997 1090 5051 crassiores
1105 4996 1370 5065 quasdam
1387 5011 1451 5052 ac
1473 4996 1755 5053 densiores
1783 4998 1925 5054 aeris

350 5104 534 5162 partes
568 5091 620 5144 in
653 5089 928 5159 regionem
976 5088 1253 5142 aetheriam
1299 5088 1578 5158 compelli,
1614 5103 1723 5159 quo
1764 5089 1926 5144 simul

353 5193 511 5252 atque
525 5179 888 5251 pervenerint,
907 5178 1142 5244 incendi,
1159 5178 1791 5250 ﬁammamquoquecum
1806 5196 1928 5236 ven-

353 5283 409 5328 to
431 5273 591 5328 simul
609 5271 1274 5340 exstingui.Quamobrem
1301 5285 1422 5325 cum
1447 5270 1554 5325 dici
1585 5287 1691 5326 non
1714 5273 1927 5342 possint

354 5379 584 5435 vapores
617 5363 886 5417 exstincta
931 5362 1072 5417 nube
1111 5377 1330 5418 rursum
1381 5362 1714 5427 consistere,
1764 5371 1823 5417 ut
1859 5379 1924 5419 ex

357 5453 958 5522 illis,qucmadmodum
1001 5454 1053 5506 in
1103 5452 1453 5508 inferioribus
1493 5451 1607 5506 ﬁeri
1651 5453 1923 5520 videmus,

358 5545 532 5602 relicti
583 5547 785 5602 humidi
837 5546 1040 5603 reditus
1093 5546 1298 5616 sperari
1342 5554 1532 5616 queat,
1579 5561 1803 5601 necesse
1846 5559 1927 5602 est

2089 2171 2225 2224 Ἀλλ’
2253 2168 2370 2226 οῖδα
2415 2172 2504 2225 τὸν
2545 2170 2934 2228 ἀντιπίπτοντα
2953 2174 3144 2240 λόγον’
3181 2169 3444 2231 πολλάκις
3480 2167 3595 2238 γὰρ

2004 2260 2151 2314 ἔστιν
2176 2262 2316 2322 ἰδεῖν,
2351 2264 2408 2314 ὲν
2433 2262 2774 2333 σφοδροτέρῳ
2805 2263 3046 2316 καύσωνι
3071 2261 3207 2330 νέφη
3235 2259 3359 2313 τινά
3379 2258 3472 2312 διὰ
3492 2258 3599 2311 τοῦ

2007 2351 2164 2420 ἀέρος
2207 2353 2650 2422 κατεσπαρμένα,
2682 2347 2764 2418 οἷς
2810 2355 2862 2408 εἴ
2901 2372 2984 2417 τις
3015 2354 3108 2406 ἐπὶ
3137 2353 3319 2406 πλεῖον
3347 2351 3599 2405 ὲνατενί-

2009 2459 2170 2508 σειεν,
2215 2443 2424 2511 ἐλέγξει
2474 2461 2594 2507 πως
2626 2445 2716 2498 τὸν
2754 2445 2910 2513 λόγον
2957 2445 3165 2505 τοῦτον,
3197 2445 3256 2509 ὃς
3293 2444 3460 2515 μηδὲν
3487 2443 3598 2514 τῆς

2007 2534 2180 2604 ὑγρᾶς
2216 2535 2428 2603 φύσεως
2458 2535 2901 2600 ὲξαναλίσκεσθαι
2933 2537 3100 2604 λέγει.
3153 2535 3234 2590 Τὰ
3264 2537 3372 2607 γὰρ
3419 2537 3600 2607 θρομ-

2008 2626 2184 2697 ϐοειδῆ
2235 2627 2330 2679 τοῦ
2374 2627 2571 2696 νέφους
2618 2629 2920 2699 τμήματα,
2973 2628 3214 2700 πολλαχῆ
3277 2629 3370 2681 τοῦ
3429 2628 3600 2698 ἀέρος

2008 2717 2397 2787 ὲσκεδασμένα,
2431 2717 2643 2788 πρῶτον
2669 2718 2768 2787 μὲν
2799 2717 3115 2771 ἐλαττοῦται
3141 2719 3282 2772 κατά
3313 2719 3404 2772 τὸν
3425 2719 3601 2787 δγκον

2008 2809 2086 2879 τῷ
2115 2810 2504 2879 ὑπερϐάλλοντι
2530 2809 2623 2862 τοῦ
2655 2808 2898 2878 φλογμοῦ
2931 2809 3280 2881 ὲξοπτὼμενα
3347 2806 3466 2863 εἶτα
3495 2810 3600 2864 καὶ

1991 2903 2088 2962 ,εἰς
2127 2901 2188 2953 τὸ
2240 2901 2501 2964 παντελὲς
2529 2899 2847 2970 ἀφανίζεται
2882 2903 3303 2972 καταφρυγέντα
3342 2901 3418 2971 τῷ
3459 2901 3605 2955 καύ-

2010 3009 2159 3054 σωνι,
2187 2991 2263 3054 ὡς
2293 2993 2427 3062 μηδὲ
2463 2992 2631 3064 βραχύ
2665 3010 2718 3045 τι
2769 2991 3019 3061 λείψανον
3053 2993 3463 3062 ὑπολειφθῆναι,
3493 2991 3602 3046 τοῦ

2011 3082 2253 3152 φλογμοῦ
2280 3084 2379 3153 τὴν
2413 3083 2613 3152 ἰκμάδα
2642 3082 3139 3152 καταξηράναντος.
3179 3082 3347 3135 Τοῦτο
3376 3083 3432 3135 δὲ
3463 3083 3605 3134 οὑκ-

2011 3172 2089 3225 έτι
2113 3174 2229 3224 ἐστὶ
2251 3171 2327 3243 τῷ
2347 3172 2454 3225 τῶν
2475 3173 2662 3243 ἀτμῶν
2684 3173 2825 3244 λόγῳ
2849 3172 3366 3244 παραμυθήσασθαι.
3397 3174 3460 3225 Ἡ
3485 3174 3604 3245 γάρ

2013 3261 2123 3316 ἄνω
2150 3261 2258 3316 τῶν
2281 3262 2458 3330 νεφῶν
2485 3262 2815 3324 κατάστασις
2843 3264 2876 3332 ἡ
2907 3261 3000 3315 τοῦ
3035 3261 3255 3333 θολεροῦ
3285 3262 3475 3314 τούτου
3500 3264 3605 3316 καὶ

2011 3354 2429 3426 πνευματώδους
2449 3354 2607 3426 ἀέρος
2636 3354 3030 3425 ὑπερκειμένη,
3061 3354 3213 3407 οὐδὲν
3237 3353 3344 3406 τῶν
3367 3353 3607 3424 βαρυτέ-

2019 3465 2126 3519 ρων
2156 3450 2214 3501 ὲν
2241 3451 2306 3519 τῇ
2335 3447 2623 3519 λεπτότητι
2648 3448 2748 3516 τῆς
2782 3447 2917 3511 ἰδίας
2953 3446 3168 3516 φύσεως
3199 3445 3561 3515 καταδέχεται
3585 3463 3600 3477 ο

2014 3537 2149 3591 ἀλλὰ
2168 3538 2365 3601 πάντες
2387 3537 2548 3607 ἀτμοὶ
2568 3537 2661 3591 καὶ
2679 3538 2846 3590 πᾶσαι
2863 3537 3252 3608 ἀναθυμιάσεις
3269 3540 3394 3609 ὅρον
3411 3536 3538 3607 ἔχου
3548 3555 3603 3590 σι

2015 3630 2115 3699 τῆς
2137 3631 2231 3682 ἐπὶ
2250 3631 2308 3682 τὸ
2330 3629 2442 3683 ἀνω
2466 3631 2636 3700 φορᾶς
2657 3629 2755 3700 τὴν
2775 3628 2867 3683 τοῦ
2890 3628 3168 3700 περιγείου
3193 3629 3352 3700 ἀέρος
3377 3629 3519 3682 κατὰ
3539 3629 3604 3682 τὸ

2022 3720 2186 3791 μέρος
2209 3722 2384 3773 ἐκεῖνο
2411 3720 2714 3790 παχύτητα,
2737 3715 2804 3793 ἦς
2831 3719 3074 3773 διαδῦναι
3103 3720 3195 3772 ἐπὶ
3218 3719 3279 3772 τὸ
3300 3720 3410 3773 ἀνω
3435 3719 3602 3788 φύσιν

2019 3809 2117 3862 οὐκ
2150 3809 2282 3879 ἔχει.
2314 3809 2388 3861 Ού
2409 3809 2517 3879 γὰρ
2547 3808 2613 3862 ἂν
2640 3809 2990 3878 ὑπολειφθείη
3019 3810 3077 3862 ἐν
3096 3809 3174 3879 τῷ
3201 3808 3379 3880 λεπτῷ
3410 3827 3468 3862 τε
3505 3811 3603 3864 καὶ

2019 3902 2334 3972 αἰθεροειδεῖ
2351 3902 2458 3954 τῶν
2481 3902 2972 3972 παχυμερεστέρων
2989 3902 3161 3955 οὐδέν.
3188 3901 3373 3964 Οὕτως
3392 3898 3486 3955 οῦν
3505 3905 3602 3956 καὶ

2021 3992 2160 4063 ὀρῶν
2174 4011 2332 4045 τινων
2353 3993 2744 4064 ὑπερμεγεθῶν
2759 3993 2860 4056 τὰς
2890 3992 3197 4063 ἀκρωρείας
3218 3993 3268 4045 οἱ
3288 3995 3604 4064 ἱστορήσαν-

2020 4101 2110 4147 τες
2131 4083 2378 4153 λέγουσιν
2402 4085 2726 4155 ὑπερνεφεῖς
2754 4085 2850 4154 μὲν
2878 4080 3018 4137 εἶναι
3043 4084 3131 4136 ἀεὶ
3164 4083 3258 4135 καὶ
3276 4083 3605 4154 ἀνεφίκτους

2019 4177 2132 4239 τοῖς
2151 4175 2442 4246 πνεύμασι,
2458 4177 2552 4229 καὶ
2575 4179 2687 4240 τοῖς
2706 4179 2930 4246 πτηνοῖς
2946 4177 3224 4247 ἀμήχανον
3240 4177 3338 4246 τὴν
3365 4179 3452 4229 ἐπ’
3467 4178 3605 4230 ὲκεί-

1954 4301 1996 4356 D
2024 4285 2130 4323 νων
2147 4266 2398 4335 γενέσθαι
2418 4270 2632 4338 πτῆσιν,
2653 4268 2750 4337 οὑχ
2769 4264 2931 4338 ἦττον
2948 4268 2986 4336 ἢ·
3003 4270 3112 4329 τοῖς
3135 4266 3484 4337 ὑποϐρυχίοις
3506 4267 3604 4336 τὴν

2028 4360 2085 4412 ὲν
2106 4358 2228 4430 ἀέρι
2258 4357 2425 4428 ζωὴν,
2455 4359 2530 4421 ὼς
2573 4357 2661 4410 διὰ
2690 4359 2908 4412 πάντων
2939 4358 3124 4426 σαφῶς
3158 4359 3602 4423 ἀποδείκνυσθαι,

2024 4445 2162 4503 εἷναί
2193 4467 2246 4501 τι
2277 4448 2418 4502 κατά
2455 4449 2545 4502 τὸν
2587 4448 2724 4520 ἀέρα
2756 4448 2892 4518 πρὸς
2931 4449 3022 4501 τὸν
3056 4449 3445 4519 ὑπερκείμενον
3491 4450 3605 4518 χῶ-

2027 4557 2118 4610 ρον
2154 4538 2419 4609 μεθόριον,
2449 4539 2477 4590 ὃ
2508 4541 2640 4591 πᾶσι
2690 4542 2802 4601 τοῖς
2844 4539 3343 4610 παχυμερεστέροις
3389 4540 3494 4592 τῶν
3536 4543 3605 4595 ὲκ

2023 4635 2121 4702 τῆς
2155 4632 2258 4702 γῆς
2283 4631 2743 4701 ἀναθυμιωμένων
2770 4631 2941 4700 ὁρίζει
2976 4631 3074 4701 τὴν
3111 4631 3318 4684 στάσιν·
3351 4625 3414 4684 οὑ
3442 4632 3606 4703 χάριν

2025 4723 2117 4776 καὶ
2149 4723 2307 4793 μέχρι
2334 4721 2430 4790 τῆς
2460 4720 2605 4790 ὥρας
2637 4719 2729 4773 τοῦ
2771 4721 2979 4789 θέρους,
3019 4721 3252 4789 ἀτηκτος
3291 4721 3323 4790 ἡ
3366 4723 3456 4773 ἐπὶ
3494 4724 3606 4778 τῶν

2025 4813 2340 4885 ἀκρωρειῶν
2367 4812 2606 4882 διαμένει
2626 4811 2776 4882 χιὼν,
2800 4813 2896 4881 τῆς
2923 4811 3031 4865 τῶν
3052 4812 3240 4883 ἀτμῶν
3293 4812 3617 4878 συστάσεως

2025 4908 2145 4961 κατ’
2173 4908 2346 4960 έκεῖνο
2377 4904 2436 4958 τὸ
2467 4903 2630 4974 μέρος
2667 4903 2926 4973 διηνεκῶς
2960 4904 3052 4957 τὸν
3090 4904 3226 4975 ἀέρα
3256 4905 3508 4975 καταψυχ
3520 4905 3610 4958 ού-

2028 5015 2145 5070 σης.
2184 4996 2341 5050 Ἀλλὰ
2387 4995 2481 5049 καὶ
2531 4995 2656 5057 τοὺς
2703 4994 3005 5065 πυροειδείς
3052 4996 3262 5058 ὁλκοὺς,
3311 4995 3402 5059 οὓς
3460 5013 3616 5059 τινες

2025 5090 2334 5151 διάττοντας
2381 5085 2636 5141 καλοῦσιν
2675 5085 2932 5158 ἀστέρας,
2983 5088 3048 5140 ὲκ
3088 5088 3188 5157 τῆς
3223 5088 3396 5157 αὑτῆς
3425 5088 3538 5141 αῐτί
3551 5103 3617 5148 ας

2025 5177 2287 5249 γίνεσθαι,
2347 5174 2752 5245 φυσιολογοῦσιν
2805 5175 2855 5228 οἱ
2905 5176 3077 5228 ταῦτα
3133 5176 3318 5244 σοφοὶ,
3366 5177 3493 5229 ὅταν
3538 5174 3605 5229 ἔκ

2027 5286 2186 5324 τινων
2225 5267 2544 5337 πνευμάτων
2593 5265 2712 5335 βίας
2755 5265 3026 5337 ὑπερχεθῇ
3069 5283 3120 5318 τι
3157 5261 3252 5318 τοῦ
3299 5265 3601 5335 παχυτέρου

2029 5365 2120 5417 καὶ
2152 5361 2511 5431 ὑλωδεστέρου
2538 5358 2698 5428 ἀέρος
2729 5359 2820 5411 ἐπὶ
2846 5358 2935 5410 τὸν
2965 5357 3410 5426 αἰθέριονςτόπον,
3443 5356 3606 5421 εὐθὺς

2029 5449 2419 5520 ἐκφλογοῦσθαι
2465 5449 2577 5502 ἀνω
2633 5447 2952 5518 γενόμενον·
3011 5447 3271 5501 καὶκατὰ
3318 5447 3414 5518 τὴν
3461 5446 3608 5499 ἐνδο-

2031 5545 2214 5597 θεῖσαν
2246 5544 2308 5595 ὲκ
2342 5539 2432 5595 τοῦ
2465 5539 2766 5609 πνεύματος
2803 5540 2999 5611 ὁρμὴν,
3027 5540 3123 5610 τὴν
3175 5540 3344 5608 φλόγα
3377 5538 3609 5608 ῥέουσαν
