3768 6000
132 164 189 225 97
1305 164 1373 219 IN
1414 163 1551 220 HEX
1561 162 1892 221 AEMERON
1934 163 2160 219 LIBER.
3299 164 3368 221 98

130 279 380 356 φέρεσθαι·
418 279 735 345 σϐεσθέντος
779 280 837 334 δὲ
864 278 956 334 τοῦ
1005 278 1330 352 πνεύματος,
1374 300 1618 355 συναπομ

1880 296 1980 337 ἰιω
2004 280 2330 339 sententiam
2354 280 2675 352 approbare,
2702 280 2796 351 qui
2814 281 3095 337 humidum
3118 282 3294 348 exuri,
3312 289 3368 338 et

133 372 376 447 ραίνεσθαι
419 373 513 425 καὶ
560 373 659 443 τὴν
689 372 882 441 φλόγα,
918 371 1010 443 Τῷ
1058 373 1325 444 πνεύματι
1370 374 1547 429 τοίνυν
1586 376 1688 431 οὐκ

130 467 230 520 ἐπι
274 462 489 517 δυνατὸν
536 464 711 517 εἰπεῖν
757 464 916 519 πάλιν
958 465 1165 535 ἀτμοὺς
1193 467 1251 519 ὲν
1280 465 1359 537 τῷ
1395 464 1688 537 ἀφανισμῷ

130 554 210 609 τοῦ
256 554 438 622 νέφους
477 554 870 608 συνίστασθαιο
921 555 997 619 ὡς
1047 556 1115 609 δι’
1165 556 1389 610 ἐκείνων
1445 556 1684 624 ἐλπίσαι,

132 652 232 705 καθ’
269 650 556 723 ὁμοιότητα
599 649 710 704 τῶν
759 649 1000 705 κάτωθεν
1034 649 1326 723 ῥηθέντων,
1361 651 1459 705 τοῦ
1479 651 1698 723 ἀναληιί

132 742 329 811 φθέντος
380 739 551 813 ὑγροῦ
609 742 711 813 τὴν
756 741 1034 807 ἐπάνοδον,
1084 743 1296 814 ἀνάγκη
1345 742 1686 799 συντίθεσθαι

129 838 225 899 τοῖς
259 835 570 891 ὲκκαίεσθαι
603 835 667 889 τὸ
718 835 884 908 ὑγρὸν
932 835 1340 906 δογματίζουσι,
1388 838 1483 892 καὶ
1521 838 1601 901 είς
1625 838 1687 892 τὸ

135 930 198 1001 μὴ
236 927 292 982 δν
336 912 739 999 περιΐστασθαι,
780 927 915 981 Ἀλλ’
947 926 1058 995 ἐγὼ
1089 927 1149 981 τδ
1187 928 1284 998 μὲν
1333 928 1687 997 ἀφανίζεσθαι

129 1019 196 1091 τῷ
218 1018 593 1091 ὑπερϐάλλοντι
632 1017 865 1089 φλογμῷ
904 1018 1005 1089 τὴν
1043 1020 1101 1072 ὲν
1142 1022 1256 1081 τοῖς
1295 1019 1486 1089 ἀτμοῖς
1520 1019 1684 1091 ὑγρό-

129 1126 248 1180 τητα
275 1107 547 1179 πείθομαι,
585 1107 815 1178 μάταιον
848 1108 942 1160 καὶ
982 1106 1253 1179 ἐριστικὸν
1290 1102 1428 1160 εἶναι
1462 1108 1682 1180 κρίνων,

127 1199 181 1254 τὺ
203 1201 305 1264 τοῖς
333 1200 583 1271 φανεροῖς
615 1197 1037 1269 ἀπιμάχεσθαν
1065 1198 1188 1252 ἐπεὶ
1219 1197 1277 1251 δὲ
1310 1199 1577 1270 προσήκει
1610 1198 1685 1271 μὴ

130 1291 302 1361 κιμείν
329 1287 665 1359 πανταχόθεν
690 1287 1066 1359 ἀνιχνεύοντας
1093 1289 1191 1360 τὴν
1225 1288 1505 1360 ἀλήθειαν,
1535 1289 1685 1342 οὐδὲν

126 1376 265 1453 ἦττον
288 1380 491 1433 τούτων
529 1379 849 1452 γινομένων,
885 1379 1028 1451 φημὶ
1060 1379 1119 1433 τὸ
1156 1379 1352 1451 μέτρον
1380 1381 1479 1451 τῆς
1510 1381 1683 1453 ὑγρᾶς

128 1473 314 1541 φύσεως
344 1471 616 1542 ἀμείωτον
646 1469 1024 1538 διασώζεσθαι,
1068 1472 1162 1525 καὶ
1199 1472 1288 1525 ἀεὶ
1336 1469 1398 1525 τὸ
1437 1472 1686 1527 δαπανώ-

127 1577 265 1633 μενον
287 1560 696 1629 ἀντεισάγεσθαι
734 1560 952 1624 πάντως
979 1560 1055 1631 τῷ
1096 1559 1357 1615 λείποντι.
1399 1562 1463 1613 Ὃ
1504 1558 1561 1614 δέ
1592 1577 1683 1631 μοι

1786 374 1841 430 in
1868 374 2098 430 nihilum
2127 371 2301 445 redigi
2328 371 2573 428 tradunt.
2603 370 2716 443 Ego
2744 387 2890 438 vero,
2923 381 2985 427 ut
3016 374 3231 443 vaporis
3263 374 3366 428 h‘u-

1785 480 1993 521 morem
2016 465 2085 521 ab
2107 471 2472 535 exsuperante
2493 463 2747 519 incendio
2768 465 3018 520 consumi
3056 466 3364 521 concedam

1784 555 1965 629 (stulti
1984 556 2132 613 enim
2154 571 2218 611 ac
2240 556 2537 626 pertinacis
2562 554 2799 611 hominis
2816 555 3024 626 judico,
3056 557 3218 613 rebus
3244 572 3369 628 per-

1786 646 1994 718 spicuis
2024 645 2347 712 adversari),
2380 654 2582 713 tamen,
2613 646 2873 716 quoniam
2907 643 3147 714 undique
3165 645 3367 699 verita-

1785 748 1893 795 tem
1935 737 2257 808 indagantes
2291 737 2512 809 fatigari
2555 752 2666 793 non
2703 737 2882 801 decet,
2926 751 3114 794 assero
3158 745 3369 793 naturae

1787 830 2025 886 humida;
2051 844 2366 885 mensuram
2395 829 2532 884 nihil
2576 829 2921 884 imminutam
2950 831 3287 895 conservari,
3313 839 3369 886 et

1787 922 1933 994 quod
1960 928 2345 992 consumptum
2376 929 2483 985 est,
2509 920 2733 992 rependi
2760 936 2989 991 prorsus
3013 930 3176 993 atque
3205 922 3367 978 resti-

1786 1013 1888 1069 tui.
1912 1012 2069 1080 Quod
2100 1019 2282 1067 autem
2312 1012 2367 1067 in
2398 1012 2498 1066 hac
2525 1027 2612 1067 me
2638 1013 2905 1067 sententia
2928 1012 3234 1080 confirmat,
3260 1013 3369 1067 hoc

1785 1113 1872 1162 est
1901 1105 2106 1176 :lgnis,
2167 1112 2227 1159 ut
2259 1120 2324 1159 ex
2359 1105 2574 1160 actione
2603 1105 2776 1175 ipsius
2797 1104 2883 1159 hic
2913 1105 3054 1176 apud
3072 1120 3173 1160 nos
3203 1121 3368 1176 expe-

1786 1196 1978 1260 rimur,
2011 1211 2118 1251 non
2149 1211 2341 1252 omnes
2369 1197 2627 1264 materiae,
2668 1213 2831 1268 quam
2859 1198 3107 1268 corripit,
3134 1197 3369 1268 qualita-

1786 1292 1870 1342 tes
1896 1285 2228 1357 depascitur.
2271 1285 2516 1358 Exempli
2560 1287 2736 1358 gratia
2765 1288 2819 1342 in
2849 1286 2954 1341 olei
2983 1288 3232 1352 materia,
3266 1286 3369 1340 hu-

1786 1377 2007 1433 miditas
2033 1384 2388 1448 posteaquam
2411 1393 2441 1431 a
2465 1379 2726 1447 qualitate
2753 1377 2946 1449 frigida
2978 1378 3226 1448 seiuncta
3257 1386 3364 1443 est,

1789 1470 1948 1526 facile
1970 1470 2039 1525 ab
2069 1470 2209 1541 ignis
2241 1470 2518 1527 caliditate
2546 1471 2859 1536 attrahitur,
2889 1480 2944 1526 et
2975 1469 3363 1525 inﬂammatur.

1790 1558 1896 1616 Sed
1928 1576 2037 1615 non
2073 1561 2248 1615 solum
2277 1561 2332 1616 in
2362 1560 2633 1616 flammam
2670 1563 2849 1618 oleum
2882 1562 3240 1627 convertitur,
3272 1577 3366 1617 ve-

126 1652 209 1721 τὴν
243 1650 489 1722 τοιαύτην
542 1650 810 1722 ὑπόληψιν
866 1650 1089 1720 βεϐαίαν
1137 1653 1300 1718 ποιεῖ,
1330 1650 1474 1705 τοῦτ’
1516 1651 1607 1705 ἐστ

1878 1668 1907 1707 n
1954 1653 2118 1708 etiam
2159 1662 2283 1723 post
2334 1654 2515 1724 ignem
2569 1670 2636 1709 ex
2674 1654 2780 1709 olei
2826 1653 3149 1708 humiditate
3186 1662 3366 1707 ortum

136 1744 211 1798 Ἐν
237 1747 298 1816 τῇ
330 1744 450 1799 καθ’
479 1745 632 1814 ἡμᾶς
662 1742 756 1796 τοῦ
785 1742 954 1814 πυρὸς
984 1743 1256 1815 é"5975”,
1284 1742 1442 1798 τοῦτο
1469 1744 1556 1799 διὰ
1587 1747 1681 1816 τῆς

126 1835 294 1906 πείρας
332 1836 696 1906 μανθάνομεν,
727 1834 809 1888 ὅτι
840 1835 901 1888 οὐ
938 1834 1120 1899 πάσας
1146 1834 1246 1898 τὰς
1273 1836 1560 1908 ποιότητας
1585 1837 1684 1907 τῆς

128 1924 239 1993 ὕλης
261 1926 317 1980 τὸ
346 1926 456 1998 πῦρ
505 1926 877 1990 ἔπιδόσκεται,
905 1925 1019 1979 ἀλλ’
1049 1920 1118 1997 ἦς
1165 1925 1231 1980 ἂν
1258 1927 1647 1999 περιδράξηται
1665 1943 1681 1959 ο

126 2011 218 2071 οἷον
238 2019 361 2090 φέρε
385 2020 564 2073 είπεῖν
591 2019 684 2071 ἐπὶ
722 2017 824 2089 τῆς
863 2017 956 2071 τοῦ
987 2017 1168 2071 ἐλαίου
1200 2016 1352 2088 ὕλης,
1383 2018 1570 2089 ἐπειδὴ
1596 2035 1686 2071 κε-

127 2107 359 2181 χώρισται
383 2111 484 2181 τῆς
516 2109 734 2181 ψυχρᾶς
766 2109 1071 2182 ποιότητος,
1103 2111 1160 2161 ὲν
1196 2110 1264 2179 τῇ
1296 2107 1395 2180 ὕλῃ
1425 2107 1596 2180 ταύτῃ
1623 2107 1685 2161 τὸ

128 2202 268 2272 ὑγρὸν
308 2202 545 2266 εὐκόλως
586 2202 693 2255 ὑπὸ
737 2200 836 2271 τῆς
870 2200 1198 2274 θερμότητος
1228 2200 1331 2254 ῖτοῦ
1379 2202 1546 2271 πυρὸς
1596 2200 1677 2268 ἐξ·

127 2291 371 2364 ειλκύσθη,
395 2295 487 2348 καὶ
515 2293 651 2364 φλὸξ
670 2293 904 2362 ἐγένετο.
945 2292 1081 2346 Ἀλλ’
1125 2294 1186 2346 οὐ
1212 2291 1370 2364 μόνον
1402 2294 1481 2356 είς
1511 2292 1685 2363 φλόγα

126 2383 175 2436 τὸ
197 2384 359 2439 ἔλαιον
395 2386 481 2439 διὰ
507 2384 606 2438 τοῦ
644 2383 814 2454 πυρὸς
845 2382 1136 2455 ἠλλοιώθη,
1167 2383 1304 2437 ἀλλά
1350 2385 1445 2437 καὶ
1491 2384 1552 2437 τὸ
1589 2384 1683 2438 τοῦ

128 2476 271 2547 πυρὸς
307 2477 398 2531 τοῦ
430 2476 735 2548 γενομένου
763 2475 871 2529 ἀπὸ
914 2475 1008 2528 τοῦ
1055 2474 1259 2539 ὲλαίου,
1293 2475 1477 2547 φησὶν,
1520 2476 1686 2546 ὑγρὸν

128 2569 245 2639 μετά
278 2570 332 2623 τὸ
369 2569 505 2641 πῦρ,
547 2567 687 2640 ξηρά
720 2567 928 2637 γίνεται
970 2568 1151 2633 κόνις’
1187 2567 1325 2639 ὅπερ
1359 2567 1545 2637 σαφῶς
1582 2567 1686 2621 δεί-

126 2674 289 2711 κνυσιν
338 2660 369 2730 ἠ
417 2660 483 2712 ὲκ
532 2657 629 2712 τοῦ
675 2657 869 2729 λύχνου
898 2657 1083 2725 λιγνὺς
1119 2656 1592 2727 καταμελαίνουσα
1626 2656 1686 2712 τὸ

127 2749 206 2820 τῆς
232 2748 414 2820 φλογὸς
462 2749 905 2821 ὑπερκείμενονο
946 2749 1082 2817 ὅπερ
1124 2749 1173 2800 εί
1225 2747 1316 2801 ἐπὶ
1370 2745 1552 2800 πλεῖον
1602 2746 1686 2815 γί-

127 2856 292 2909 γνοιτο,
322 2844 412 2897 καὶ
459 2842 633 2911 ὄγκος
676 2858 760 2905 τις
800 2839 1234 2912 ὑποστρέψεσθαι
1259 2837 1337 2909 τῷ
1367 2838 1455 2892 διὰ
1478 2839 1577 2907 τῆς
1604 2837 1685 2892 λι-

127 2932 257 2998 γνύος
290 2933 665 3006 μελαινομένῳ
701 2933 872 3003 τόπῳ.
908 2930 1071 2985 Ὅθεν
1102 2930 1259 3001 δῆλόν
1287 2931 1455 2996 ἐστιν,
1492 2930 1573 2983 ὅτι
1606 2931 1685 2993 είς

1787 1745 1975 1801 aridus
2007 1747 2149 1801 cinis
2178 1745 2431 1812 efiicitur,
2472 1746 2525 1801 id
2558 1747 2703 1817 quod
2726 1758 2911 1816 aperte
2944 1746 3274 1816 perspicitur
3299 1761 3367 1800 ex

1787 1836 2026 1891 lucernae
2058 1837 2303 1906 fuligine,
2335 1852 2443 1907 qua
2472 1852 2536 1893 ea
2565 1852 2686 1906 quae
2732 1852 2899 1906 supra
2939 1836 3212 1890 ﬂammam
3264 1835 3367 1890 sita

1788 1936 1939 1992 sunt,
1971 1929 2308 1997 nigrescunt.
2346 1928 2499 1994 Quod
2536 1929 2582 1983 si
2613 1928 2818 1982 diutius
2849 1927 2963 1990 flat,
3000 1926 3103 1996 ipsi
3135 1926 3256 1981 loco
3302 1941 3368 1979 cx

1786 2019 2025 2074 lucerna).
2068 2018 2293 2089 fuligine
2342 2018 2544 2073 infecto
2589 2019 2760 2075 moles
2809 2017 3054 2088 quadam
3102 2019 3369 2074 accrescit

1787 2119 1954 2181 atque
1984 2109 2241 2164 adhaeret.
2264 2110 2341 2164 Ex
2372 2126 2481 2180 quo
2513 2111 2732 2179 planum
2760 2110 2841 2175 ﬁt,
2869 2111 3045 2166 oleum
3071 2125 3167 2181 per
3188 2111 3366 2180 ignem

1784 2186 2120 2255 exsiccatum
2162 2200 2217 2254 in
2263 2202 2661 2258 minutissimas
2699 2213 2751 2257 et
2796 2210 3076 2273 aspectum
3118 2212 3369 2259 nostrum

1786 2291 2106 2362 eﬂ'ugientes
2139 2292 2437 2362 particulas
2482 2294 2833 2359 commutari,
2879 2305 3043 2364 atque
3084 2294 3156 2349 ita
3185 2310 3369 2350 aerem

1785 2392 1993 2455 petere,
2036 2383 2273 2453 indeque
2305 2384 2564 2439 desiliens
2594 2384 2647 2438 in
2678 2392 2879 2440 terram
2915 2386 3220 2442 considere.
3266 2385 3367 2439 Mi-

1787 2473 2201 2528 nutissitnarum
2227 2482 2407 2528 autem
2444 2473 2689 2544 fuliginis
2721 2476 3107 2546 particularum
3132 2477 3186 2531 in
3248 2492 3373 2532 aere

1788 2563 1904 2619 fieri
1952 2562 2296 2628 effusionem,
2330 2580 2397 2619 ex
2447 2581 2511 2620 eo
2548 2575 2727 2635 potest
2756 2567 3003 2639 intelligi,
3034 2567 3178 2638 quod
3210 2584 3372 2625 nares

1787 2656 1936 2712 hunc
1968 2656 2149 2726 ipsum
2179 2671 2355 2711 aerem
2381 2658 2769 2713 attrahentium
2795 2658 2963 2729 nigrae
2987 2657 3144 2713 fiunt.
3199 2657 3371 2724 Quin-

1787 2748 1953 2802 etiam
1988 2748 2042 2803 id
2073 2748 2216 2818 quod
2246 2764 2309 2803 ex
2342 2756 2561 2819 pectore
2590 2751 2925 2820 respirantes
2959 2750 3238 2815 emittunt,
3288 2751 3372 2804 ni-

1789 2854 1946 2911 grum
1977 2854 2102 2895 esse
2132 2840 2499 2909 conspicitur,
2530 2849 2813 2911 propterea
2836 2841 2982 2912 quod
3011 2841 3253 2912 fuliginis
3278 2857 3370 2895 co-

1789 2931 1903 2986 lore
1930 2946 2023 3001 per
2057 2930 2200 2985 aeris
2231 2932 2612 3001 attrac‘tionem
2647 2932 2939 2988 accedente
2971 2932 3041 2988 sit
3083 2931 3367 2987 infectum.

126 3023 271 3077 λεπτά
292 3042 347 3077 τε
374 3025 470 3077 καὶ
518 3023 708 3093 ἀφανῆ
746 3022 911 3094 μόρια
944 3023 1006 3076 τὸ
1046 3021 1221 3076 ἔλαιον
1258 3019 1346 3097 διά
1368 3020 1461 3074 τοῦ
1497 3022 1668 3093 πυρὸς
1705 3021 2077 3093 ἀποξηρανθὲν
2112 3022 2438 3087 ἀλλοιοῦται,
2465 3023 2559 3075 καὶ
2588 3022 2758 3087 οὕτως
2801 3025 2859 3077 ὲν
2885 3024 2963 3095 τῷ
2990 3023 3112 3097 ἀέρι
3141 3026 3369 3094 γίνεται,

128 3115 343 3169 κάκεῖθεν
366 3118 461 3169 ἐπὶ
500 3115 605 3187 τὴν
632 3115 735 3186 γῆν
775 3114 1066 3179 συνιζάνει.
1086 3095 1333 3169 Δείκνυσι
1361 3114 1420 3167 δὲ
1452 3112 1513 3166 τὸ
1539 3116 1597 3167 ὲν
1617 3113 1692 3184 τῷ
1716 3114 1840 3186 ἀέρι
1863 3114 1961 3185 τὴν
1985 3114 2292 3187 λεπτομερῆ
2328 3117 2429 3186 τῆς
2455 3114 2669 3184 λιγνύος
2711 3112 2846 3170 εἶναι
2882 3095 3148 3188 διάχυσιν,
3184 3120 3249 3171 ὲκ
3281 3117 3374 3172 τοῦ

125 3207 228 3270 τοὺς
250 3209 525 3279 μυκτῆρας
556 3206 670 3259 τῶν
695 3208 787 3260 τὸν
820 3208 959 3278 ἀέρα
985 3207 1172 3261 τοῦτον
1201 3206 1575 3261 ἀναπνεόντων
1603 3206 2078 3277 ὑπομελαίνεσθαι.
2099 3208 2365 3272 Πολλάκις
2383 3209 2439 3262 δὲ
2470 3209 2562 3262 καὶ
2588 3209 2646 3262 τὸ
2672 3208 2882 3264 ἔνδοθεν
2911 3213 2975 3263 ὲκ
3003 3211 3095 3264 τοῦ
3129 3209 3377 3282 θώρακος

127 3300 521 3370 ἀναπτυόμενον,
579 3298 745 3370 μέλαν
787 3300 1037 3371 ὁρᾶσθαι,
1085 3298 1175 3354 διὰ
1208 3299 1272 3353 τὸ
1301 3298 1383 3364 τῷ
1423 3297 1672 3371 χρώματι
1710 3299 1809 3370 τῆς
1834 3299 2049 3369 λιγνύος
2090 3302 2183 3354 καὶ
2217 3301 2350 3365 αὐτὸ
2401 3301 2887 3374 καταχρώννυσθαι
2917 3302 2995 3374 τῷ
3020 3302 3106 3359 διὰ
3143 3302 3241 3373 τῆς
3282 3302 3376 3356 τοῦ

126 3392 259 3463 ἀέρος
283 3392 559 3462 ἀναπνοῆς
589 3392 1043 3447 συνεισπίπτοντι.

183 3484 373 3538 Οὐκοῦν
416 3484 583 3554 δῆλόν
626 3484 779 3539 ἐστιν
818 3486 883 3538 ὲκ
918 3485 1153 3549 τούτων,
1180 3485 1264 3539 ὅτι
1292 3482 1387 3538 τοῦ
1427 3484 1605 3538 ἐλαίου
1637 3501 1667 3537 τ

1887 3483 1952 3539 Εἰ
1977 3485 2062 3541 his
2090 3494 2300 3542 constat
2332 3487 2707 3543 humiditatem
2737 3489 2843 3543 olei
2874 3488 2954 3544 sic
2988 3488 3040 3542 in
3073 3487 3375 3544 siccitatem

132 3577 211 3646 μὲν
246 3577 402 3648 ὑγρὸν
435 3579 516 3640 είς
560 3576 837 3648 ξηρότητα
873 3579 1234 3650 μετεποιήθη,
1274 3579 1303 3631 ὁ
1329 3577 1385 3630 δὲ
1424 3576 1565 3631 κατά
1592 3576 1693 3648 τὴν

132 3666 239 3737 ὓλην
276 3668 434 3737 ὄγκος
482 3670 589 3722 οὐκ
624 3670 710 3733 εἰς
755 3669 1092 3740 ἀνυπαρξίαν
1136 3668 1407 3740 ἠφανίσθη
1455 3666 1542 3720 διὰ
1587 3667 1696 3720 τῶν

131 3756 311 3815 λεπτῶν
361 3779 421 3815 τε
467 3763 565 3816 καὶ
629 3761 853 3832 ἀφανῶν
902 3762 1105 3833 μορίων
1174 3759 1551 3822 ὲνσκεδασθεὶς
1618 3757 1697 3830 τῷ

132 3849 252 3921 ἀέρι.
287 3854 456 3925 Ὅπερ
498 3854 687 3907 τοίνυν
734 3853 826 3907 ἐπὶ
881 3852 976 3907 τοῦ
1016 3852 1184 3924 ὑγροῦ
1235 3852 1427 3906 τούτου
1467 3850 1556 3904 διὰ
1599 3850 1698 3920 τῆς

132 3942 222 3995 τῶν
253 3945 543 4016 γινομένων
592 3944 877 4016 ἐνεργείας
923 3944 1232 4016 ὲμάθομεν,
1258 3944 1341 3997 ὅτι
1392 3942 1698 3996 ἀλλοιοῦται

137 4033 270 4101 μόνον
292 4035 349 4088 τὺ
379 4037 548 4108 ὑγρὸν
578 4038 658 4099 είς
704 4035 994 4107 ξηρότητα,
1027 4036 1127 4088 οὐκ
1155 4036 1233 4098 είς
1262 4035 1322 4087 τὸ
1350 4033 1610 4097 παντελὲς
1638 4032 1699 4086 τὸ

136 4127 294 4183 ὑλικὸν
322 4129 682 4201 ἀφανίζεται·
716 4128 873 4183 τοῦτό
922 4147 1007 4193 τις
1059 4128 1154 4182 καὶ
1200 4127 1328 4200 περὶ
1368 4125 1462 4180 τοῦ
1499 4126 1701 4191 παντὸς

137 4219 323 4284 ἐννοῶν,
348 4220 438 4274 τοῦ
475 4220 696 4283 εἰκότος
722 4219 822 4289 οὐχ
848 4220 1226 4290 ἁμαρτήσεται
1243 4233 1256 4247 ’
1294 4216 1449 4287 δῆλον
1474 4215 1584 4287 γὰρ
1618 4216 1700 4268 ὅτι

139 4309 190 4362 ἐκ
224 4312 391 4382 μερῶν
435 4313 500 4366 τὸ
550 4312 677 4365 ὅλον
730 4310 1077 4381 συνέστηκεν.
1116 4309 1293 4379 Ὅπερ
1327 4307 1372 4360 δ’
1402 4306 1468 4360 ἂν
1518 4306 1576 4359 ὲν
1622 4302 1702 4376 τῷ

142 4400 270 4470 μέρει
292 4402 589 4471 ἐμάθομεν,
624 4401 784 4454 τοῦτο
810 4401 905 4454 καὶ
932 4401 1061 4472 περί
1082 4399 1177 4453 τοῦ
1203 4398 1403 4462 παντὸς
1424 4396 1704 4468 ἐδιδάχθη-

143 4506 239 4558 μεν.
275 4494 416 4548 Μίαν
453 4495 513 4548 δὲ
544 4493 626 4566 τῷ
664 4494 813 4561 γένει
853 4493 953 4564 τὴν
995 4493 1269 4563 ὑγρότητα
1302 4487 1462 4555 εἶναι,
1497 4489 1606 4543 οὐδ’
1638 4488 1704 4542 ἂν

141 4582 228 4635 τῶν
250 4586 533 4656 ἐριστικῶν
564 4602 653 4648 τις
677 4585 940 4639 ἀντείποι.
984 4584 1144 4637 Ἀλλά
1180 4585 1286 4655 μὴν
1331 4581 1502 4652 λεπτὴ
1555 4581 1706 4642 κόνις

144 4673 435 4733 ὲκκαυθεῖσα
464 4679 557 4733 διὰ
595 4678 695 4731 τοῦ
739 4677 910 4748 πυρὸς
952 4679 987 4748 ἡ
1035 4678 1272 4749 ὑγρότης
1317 4675 1551 4745 ἐγένετοο
1599 4673 1706 4744 ἄρα

145 4768 220 4819 καὶ
244 4773 340 4824 πᾶν
367 4772 536 4844 ὑγρὸν
572 4773 634 4823 ὲν
658 4769 735 4841 τῷ
758 4770 889 4840 πυρὶ
932 4769 1220 4839 γενόμενον
1262 4755 1584 4839 μεταϐάλλει
1606 4765 1705 4836 τὴν

147 4855 300 4924 ἕντοῖς
338 4862 547 4934 μορίοις
574 4862 860 4931 ποιότητα,
883 4861 1020 4933 πρὸς
1044 4863 1103 4914 τὸ
1133 4859 1294 4934 ξηρὸν
1323 4863 1387 4913 ὲκ
1412 4858 1507 4912 τοῦ
1538 4855 1705 4929 ὑγροῦ

150 4949 527 5025 μεθιστάμενον,
558 4954 668 5007 οὐκ
694 4954 772 5016 εἰς
802 4952 863 5005 τὸ
891 4952 1151 5016 παντελὲς
1177 4950 1518 5021 ἀφανίζεται.
1556 4949 1707 5002 Ἐπεὶ

146 5034 221 5091 οὖν
259 5043 422 5114 ἀτμοῦ
473 5045 748 5107 σύστασις
790 5045 852 5096 τὸ
896 5045 1054 5112 νέφος
1082 5044 1248 5110 ἐστὶν,
1288 5045 1316 5097 ὁ
1365 5042 1422 5095 δὲ
1465 5039 1639 5112 ἀτμὸς
1674 5040 1707 5111 ἡ

148 5129 449 5209 λεπτομερὴς
498 5136 597 5191 τοῦ
650 5135 822 5207 ὑγροῦ
880 5137 1023 5190 ἐστιν
1069 5135 1450 5207 ἀναθυμίασις,
1494 5133 1705 5205 ἀνάγκη

150 5223 291 5289 πᾶσα,
321 5226 445 5280 ὅταν
487 5226 852 5295 καταφρυγὲν
885 5224 962 5295 τῷ
994 5225 1222 5298 φλογμῷ
1269 5226 1330 5280 τὸ
1371 5225 1563 5297 νέφος,
1617 5224 1708 5278 τὸν

149 5310 313 5371 λεπτὸν
341 5320 547 5374 ἐκεῖνον
576 5319 680 5374 καὶ
730 5317 909 5389 ἀμερῆ
935 5316 1027 5370 τοῦ
1056 5318 1231 5389 ἀτμοῦ
1258 5318 1442 5388 ὄγκον,
1476 5317 1578 5372 κᾶν
1608 5316 1708 5389 τὴν

151 5404 297 5476 ὖγρὰν
339 5410 410 5481 μὴ
458 5409 712 5480 διασώζῃ
772 5408 1042 5478 ποιότητα,
1097 5409 1171 5481 μὴ
1223 5411 1408 5481 μέντοι
1471 5396 1611 5464 κατά
1651 5409 1713 5463 τὸ

152 5494 474 5571 ὑποκείμενον
514 5505 599 5566 είς
640 5499 956 5570 ἀφανισμδν
985 5504 1327 5572 μεταῦαίνειν
1371 5505 1450 5566 είς
1493 5503 1554 5557 τὺ
1579 5501 1713 5574 μηδὲ

150 5588 503 5665 ἀναλυόμενον.
537 5594 809 5663 Τέσσαρα
843 5591 950 5663 γὰρ
982 5596 1103 5666 περὶ
1145 5596 1237 5651 τὸν
1283 5596 1455 5667 ἀτμὸν
1489 5594 1719 5668 θεωρεῖ·

1798 3579 2142 3641 commutari,
2174 3586 2232 3633 ut
2264 3579 2504 3633 materiae
2549 3579 2865 3649 magnitudo
2895 3594 2990 3648 per
3026 3579 3380 3634 tenuissimas

1796 3668 2117 3738 particulas,
2141 3676 2195 3723 et
2217 3683 2339 3739 quae
2363 3668 2533 3722 aciem
2561 3668 2844 3720 oculorum
2876 3666 3158 3737 effugiunt,
3184 3668 3236 3720 in
3258 3682 3382 3722 aere

1799 3758 2028 3828 disjecta
2073 3772 2185 3812 non
2227 3757 2493 3813 deleatur.
2539 3756 2596 3811 Si
2642 3757 2766 3826 quis
2805 3757 2991 3828 igitur,
3038 3767 3098 3812 ut
3136 3758 3239 3813 hoc
3275 3758 3381 3812 olei

1799 3848 2084 3903 humidum
2103 3848 2368 3902 duntaxat
2389 3847 2443 3901 in
2461 3847 2668 3903 siccum
2689 3848 3045 3915 convertitur,
3066 3862 3175 3902 non
3197 3854 3382 3902 autem

1800 3947 1910 3994 tota
1939 3938 2167 3992 materia
2189 3938 2408 4008 penitus
2435 3936 2705 4001 aboletur,
2729 3937 2807 3992 sic
2830 3939 2899 3991 de
2921 3937 3180 3991 universo
3207 3936 3384 3990 humi-

1799 4029 1870 4084 do
1897 4029 2236 4099 cogitaverit,
2273 4043 2383 4082 non
2422 4028 2662 4097 errabit;
2692 4027 3040 4083 manifesthm
3079 4030 3224 4082 enim
3268 4035 3380 4093 est,

1800 4129 1974 4178 totum
2013 4138 2079 4178 ex
2114 4122 2362 4193 partibus
2398 4128 2675 4177 constare.
2717 4118 2874 4187 Quod
2908 4129 3089 4176 autem
3132 4121 3199 4175 de
3231 4128 3386 4191 parte

1802 4214 2088 4277 discimus,
2120 4215 2261 4268 idem
2290 4212 2358 4269 de
2389 4220 2504 4269 toto
2532 4213 2846 4269 edocemur.
2883 4212 3056 4268 Unam
3089 4220 3267 4267 autem
3292 4227 3386 4283 ge-

1802 4322 1933 4361 nere
1982 4305 2359 4360 humiditatem
2403 4320 2526 4360 esse
2574 4321 2735 4361 nemo
2793 4320 2862 4359 ne
2912 4304 3386 4374 pertinacissimus

1804 4397 2024 4468 quidem
2056 4399 2294 4468 negabit.
2319 4396 2493 4468 Atque
2521 4398 2817 4453 humiditas
2850 4398 2919 4451 ah
2949 4398 3072 4467 igne
3100 4397 3386 4452 combusta

1807 4492 1987 4547 tenuis
2020 4492 2199 4561 pulvis
2227 4490 2573 4548 elﬁcitur:et
2597 4507 2758 4547 omne
2798 4490 3102 4555 humidum,
3143 4490 3273 4545 dum
3303 4497 3389 4546 est

1805 4582 1863 4638 in
1892 4584 2036 4655 igne,
2076 4586 2465 4655 particularum
2509 4587 2827 4657 qualitatem
2862 4603 2926 4642 ex
2961 4587 3291 4642 humiditate
3333 4585 3389 4639 in

1810 4678 2110 4743 siccitatem
2143 4680 2434 4744 convertit,
2464 4695 2575 4734 non
2606 4688 2786 4735 autem
2820 4679 3040 4749 penitus
3070 4678 3282 4733 deletur
3306 4684 3390 4730 at-

1810 4787 1915 4842 que
1943 4773 2304 4829 consumitur.
2351 4771 2620 4839 Quoniam
2661 4773 2827 4844 igitur
2862 4771 3057 4827 nebula
3084 4784 3181 4825 seu
3215 4768 3391 4822 nubes

1738 4841 1784 4898 Ῐ)
1816 4862 1951 4917 nihil
1982 4864 2128 4920 aliud
2155 4874 2259 4929 est,
2297 4864 2402 4920 nisi
2437 4879 2699 4934 vaporum
2733 4864 2946 4918 coactio
2979 4871 3141 4931 atque
3166 4873 3393 4913 concre—

1816 4955 1927 5010 tio:
1960 4972 2128 5027 vapor
2159 4965 2339 5013 autem
2366 4966 2449 5013 est
2481 4956 2805 5012 tenuissima
2836 4953 3042 5009 humidi
3072 4950 3348 5007 exhalatio
3374 4967 3389 5005 :

1814 5059 2040 5101 necesse
2078 5057 2182 5110 est,
2215 5061 2337 5100 cum
2371 5047 2566 5101 ardore
2598 5046 2771 5101 nubes
2803 5043 3098 5107 exaruerit,
3135 5040 3394 5095 minutis—

1815 5138 2012 5193 simum
2056 5140 2191 5194 illud
2231 5146 2285 5194 et
2328 5140 2669 5194 individuum
2715 5135 2933 5205 vaporis
2982 5132 3392 5204 corpusculum,

1815 5231 2066 5300 quamvis
2092 5231 2367 5286 humidam
2385 5230 2700 5301 qualitatem
2727 5242 2834 5280 non
2862 5232 3062 5288 servet,
3084 5240 3191 5280 non
3212 5232 3397 5280 tamen

1816 5325 2039 5379 omnino
2067 5323 2304 5393 disperdi
2320 5332 2376 5379 et
2406 5323 2632 5377 aboleri.
2657 5320 2906 5387 Quatuor
2931 5319 3079 5376 enim
3113 5320 3168 5374 in
3197 5334 3399 5390 vapore

1815 5417 2265 5481 considerantur,
2312 5415 2639 5480 lmmiditas,
2679 5413 2983 5485 frigiditas,
3027 5413 3300 5486 gravitas,
3342 5419 3399 5467 et

1816 5508 2115 5580 quantitas.
2149 5507 2222 5562 Ex
2249 5506 2335 5563 his
2364 5520 2485 5577 quae
2514 5513 2723 5562 natura;
2752 5504 2896 5577 ignis
2917 5505 3302 5567 adversantur,
3329 5516 3398 5557 ea

1816 5602 1865 5659 vi
1882 5602 2059 5674 ipsius
2077 5599 2455 5673 exsuperantis
2483 5588 2792 5657 abolentur:
2815 5598 3170 5662 quamobrem
3188 5608 3290 5652 nec
3304 5592 3417 5705 itu-11
