3768 6000
350 138 417 193 99
1588 135 1647 188 S.
1692 134 2021 190 GREGORII
2065 132 2357 189 NYSSENI

3488 132 3595 185 1ὒῦ

348 254 553 310 midutn
580 270 679 310 nec
700 253 949 319 frigidum
982 253 1036 307 in
1067 254 1191 324 igne
1229 255 1331 309 sita
1366 264 1585 308 manent
1622 252 1911 324 ejusmodi.

2110 295 2124 317 ,
2154 254 2214 306 τὸ
2245 255 2427 325 ὑγρὸν,
2454 255 2513 306 τὸ
2540 254 2764 324 ψυχρὸν,
2791 252 2851 304 τὸ
2886 251 3047 323 βαρὺ,
3073 252 3104 321 η
3138 248 3455 321 πηλικότης.
3499 251 3598 302 Ἕκ

349 345 635 411 Quantitas
657 359 785 399 vero
801 344 870 397 ab
896 343 1036 413 ignis
1065 353 1261 398 natura
1285 358 1393 398 non
1420 344 1720 413 discrepat,
1748 360 1914 412 quan-

348 426 637 506 doquidem
667 442 719 490 et
749 435 889 503 ignis
919 436 974 488 in
1003 444 1208 503 quanto
1275 435 1672 499 consideratur,
1707 442 1760 489 et
1789 449 1912 489 cum

347 534 554 595 quanto
584 525 863 594 quantitas
892 540 1000 578 non
1029 531 1249 595 pugnat.
1282 522 1468 594 Itaque
1498 524 1714 594 vaporis
1742 539 1915 594 quan-

348 618 479 672 titas
497 616 566 671 ab
589 615 863 671 humidiet
885 616 1061 685 frigidi
1083 617 1343 686 qualitate
1371 617 1617 686 sejuncta
1644 627 1910 673 servatur.

349 708 480 773 Quae
511 715 689 762 autem
728 723 792 762 ex
829 709 1097 777 gravitate
1129 709 1370 777 qualitas
1412 707 1599 777 vapori
1652 706 1915 761 naturali-

349 808 435 851 ter
470 799 630 862 inest,
658 814 765 853 una
787 815 911 854 cum
938 798 1314 869 magnitudine
1362 807 1765 863 conservatur;
1812 813 1911 867 pa-

350 892 479 944 riter
513 892 658 946 enim
694 899 749 946 et
779 890 1004 945 humida
1037 900 1090 946 et
1141 891 1344 962 frigida
1397 905 1616 960 gravem
1661 897 1912 942 naturam

347 982 567 1036 habent.
600 981 677 1035 Ex
705 982 807 1037 hac
835 997 1017 1037 rerum
1034 982 1184 1037 Serie
1220 998 1375 1036 mens
1409 981 1558 1034 nullo
1595 980 1785 1033 labore
1820 992 1915 1033 co»

345 1084 591 1142 gnoscet,
641 1074 915 1141 quomodo
957 1088 1096 1141 aqua
1130 1073 1222 1126 ﬁat
1273 1082 1418 1127 terra
1470 1079 1914 1138 commutataque

344 1165 565 1232 vaporis
596 1164 855 1232 qualitate
877 1174 1127 1218 naturam
1157 1164 1388 1219 similem
1420 1169 1770 1232 assequatur.
1797 1159 1913 1215 Sic-

346 1271 469 1311 cum
503 1256 671 1320 enim,
715 1263 767 1309 et
798 1271 960 1325 grave
1011 1256 1316 1325 qualitatis,
1374 1270 1500 1324 quae
1544 1262 1707 1308 terra:
1746 1254 1910 1317 inest,

342 1347 566 1417 propria
600 1348 749 1409 'sunt,
784 1348 838 1401 in
868 1362 1037 1416 eaque
1066 1362 1238 1416 vapor
1266 1353 1495 1401 exustus
1553 1344 1910 1399 convertitur.

345 1438 423 1492 Ac
454 1438 586 1491 mihi
619 1437 837 1507 quidem
871 1453 979 1491 non
1006 1436 1315 1491 faciendum
1355 1434 1591 1499 videtur,
1614 1441 1672 1488 ιιι
1707 1435 1913 1503 princi-

345 1527 495 1596 pium
561 1526 663 1579 hoc
718 1525 990 1597 assecuti,
1032 1531 1458 1593 consequentem
1510 1522 1780 1585 ordinem,
1845 1520 1911 1573 ad

345 1631 506 1685 quem
533 1616 903 1670 consideratio
928 1616 1045 1685 ipsa
1070 1629 1170 1669 nos
1199 1629 1297 1683 per
1329 1612 1647 1668 verisimilia
1667 1610 1733 1664 ad
1772 1612 1914 1666 veri-

346 1715 512 1762 tatem
570 1708 778 1762 ducens
839 1707 1208 1778 progreditur,
1283 1705 1621 1758 omittamus.
1689 1700 1916 1758 Videtur

343 1802 485 1852 enim
517 1798 587 1851 ob
627 1798 767 1852 hanc
807 1814 1027 1853 causam
1063 1805 1116 1852 et
1159 1810 1308 1850 mare
1352 1811 1567 1865 semper
1593 1795 1647 1848 in
1680 1793 1915 1864 propriis

345 1889 592 1943 terminis
622 1902 955 1957 permanere.
991 1885 1256 1952 Quoniam
1300 1887 1546 1940 accessio
1576 1885 1689 1951 illa,
1747 1898 1910 1953 quam

341 1994 406 2034 ev
446 1979 851 2033 conﬂuentibus
903 1979 1062 2046 aquis
1100 1977 1323 2033 assidue
1359 1977 1618 2047 paulatim
1654 1975 1910 2044 acquirit,

341 2069 663 2123 exhauritur
695 2079 746 2122 et
779 2068 1122 2122 consumitur
1148 2082 1177 2120 a
1204 2067 1503 2135 ealitlirale,
1556 2081 1679 2136 quae
1721 2080 1914 2119 cucur-

342 2158 529 2211 bitulae
571 2157 745 2212 instar
781 2164 973 2210 tenues
1020 2155 1255 2209 humida:
1307 2162 1519 2209 natura:
1566 2170 1797 2225 vapores
1833 2162 1914 2207 at-

342 2248 530 2302 trahit.
552 2246 754 2301 Verum
786 2247 912 2316 quia
942 2246 1340 2300 mediterranea
1367 2246 1509 2308 loca,
1566 2253 1620 2299 et
1648 2260 1769 2315 quae
1797 2260 1912 2298 ma-

341 2339 427 2411 gis
472 2340 536 2392 ad
585 2339 895 2408 aquilonem
938 2343 1190 2406 vergunt,
1235 2336 1362 2391 huic
1405 2322 1604 2390 rationi
1660 2336 1913 2391 videntur

343 2427 648 2492 adversari,
686 2435 971 2496 propterea
998 2426 1169 2495 quod,
1192 2442 1315 2480 cum
1353 2427 1407 2480 in
1445 2427 1530 2481 his
1551 2426 1803 2495 partibus
1844 2426 1914 2480 ob

343 2520 487 2574 acris
535 2519 826 2572 ambientis
873 2515 1222 2586 [rigiditatem
1263 2530 1410 2570 mare
1455 2531 1565 2569 non
1617 2516 1910 2570 admodum

342 2608 579 2672 caleﬁat,
620 2622 883 2677 vaporum
909 2605 1178 2662 confectio
1204 2613 1436 2677 torpeat,
1456 2621 1575 2661 eam
1610 2606 1906 2678 dupliciter

341 2698 809 2754 conﬁrmabimus.

2014 342 2215 394 τούτων
2240 343 2338 395 ὃσα
2365 343 2462 411 μὲν
2484 343 2736 405 ἐναντίως
2778 342 2913 410 πρὸς
2943 341 3003 392 τὸ
3028 338 3139 410 πῦρ
3164 339 3295 410 ἔχει,
3322 340 3388 409 τῇ
3428 338 3595 391 δυνα-

2017 433 2169 502 στείᾳ
2204 433 2298 486 τοῦ
2344 432 2761 504 ἐπικρατοῦντος
2804 430 3218 499 ὲξαφανίζεταυ
3247 428 3370 482 οὗτε
3405 430 3507 497 γὰρ
3535 430 3599 481 τό

2015 523 2200 593 ὑγρὸν,
2232 524 2353 577 οὔτε
2376 525 2437 577 τὸ
2460 524 2665 595 ψυχρὸν
2695 527 2751 577 ἐν
2778 522 2854 593 τῷ
2880 524 3010 593 πυρὶ
3038 521 3325 591 γενόμενον
3346 519 3599 590 διαμένει

2015 614 2264 667 τοιοῦτον.
2305 616 2367 668 ’Π
2423 615 2603 685 μέντοι
2662 613 2958 683 πηλικότης
2997 612 3269 680 συγγενῶς
3312 610 3409 664 καὶ
3456 610 3595 679 πρός

2014 705 2110 776 τὴν
2131 705 2223 758 τοῦ
2249 707 2419 777 πυρὸς
2447 705 2632 759 οὐσίαν
2662 705 2802 775 ἔχει·
2847 705 2940 758 καὶ
2974 703 3082 775 γὰρ
3112 703 3173 756 τὸ
3205 701 3317 773 πῦρ
3344 703 3403 754 ἐν
3439 701 3599 770 ποσῷ

2015 797 2347 868 καθορᾶται·
2400 796 2551 867 ποσῷ
2592 797 2650 850 δὲ
2706 796 2936 867 ποσότης
2983 797 3043 848 οὐ
3093 795 3340 865 μάχεται.
3390 794 3455 846 Et
3503 789 3599 845 οὑν

2013 889 2045 957 ή
2112 887 2408 959 πηλικότης
2475 888 2570 941 τοῦ
2633 887 2805 957 ἀτμοῦ
2866 886 3226 949 διασώζεται,
3288 887 3385 954 τῆς
3452 884 3600 935 κατά

2012 978 2073 1031 τὸ
2123 980 2284 1049 ὑγρόν
2327 997 2386 1032 τε
2431 980 2523 1062 καὶ
2574 978 2778 1049 ψυχρὸν
2844 978 3126 1046 ποιότητος
3180 975 3596 1045 διαζευχθεῖσα·

2015 1072 2048 1141 ἡ
2081 1071 2137 1123 δὲ
2171 1071 2309 1125 κατά
2346 1069 2405 1124 τὸ
2433 1068 2597 1140 βάρος
2631 1070 2852 1139 ποιότης
2884 1066 3154 1129 οὑσιωδῶς
3187 1065 3483 1135 ἐγκειμένη
3526 1069 3593 1135 τῇ

2014 1159 2106 1214 τοῦ
2132 1159 2304 1229 ἀτμοῦ
2332 1159 2520 1229 φύσει,
2552 1157 2879 1226 συνδιεσώθη
2906 1160 2970 1227 τῇ
3004 1155 3325 1225 πηλικότητι
3357 1155 3599 1225 (ἐπίσης

2014 1249 2176 1321 γάρή
2203 1249 2443 1323 βαρύτης
2472 1251 2564 1302 καὶ
2595 1250 2779 1319 ὑγροῖς
2802 1247 2895 1301 καὶ
2923 1247 3107 1317 ξηροῖς
3136 1246 3467 1315 ἐνυπάρχειν
3500 1246 3598 1297 σι-ιέ⁸

2016 1359 2184 1411 φυκεν
2204 1346 2246 1409 )⁶
2276 1341 2451 1394 οὐκέτ’
2498 1339 2565 1393 ἀν
2596 1341 2622 1392 δ
2665 1337 2791 1401 νοῦς
2819 1339 2951 1408 ἡμῖν
2986 1336 3168 1407 κάμνῃ
3198 1339 3265 1406 τῇ
3295 1335 3598 1406 ἀκολουθίᾳ

2015 1432 2122 1486 τῶν
2151 1432 2447 1502 γινομένων
2482 1431 2745 1500 ἑπόμενος
2766 1469 2780 1491 ,
2809 1428 2950 1481 ὥστε
2984 1426 3308 1494 ἐπιγνῶναι,
3339 1428 3494 1490 ὅπως
3537 1427 3600 1479 τὸ

2017 1521 2161 1594 ὕδωρ
2188 1523 2259 1591 γῆ
2289 1521 2598 1591 γενόμενον,
2628 1520 2714 1573 διὰ
2738 1520 2829 1573 τοῦ
2859 1518 3212 1590 μεταϐάλλειν
3233 1520 3360 1583 τοὺς
3383 1519 3603 1589 ἀτμοὺς

2013 1611 2111 1680 τὴν
2156 1611 2437 1680 ποιότητα,
2471 1610 2571 1680 τὴν
2604 1609 2818 1679 ὁμοειδῆ
2851 1609 3009 1677 φύσιν
3048 1607 3484 1677 καταλαμϐάνει.
3525 1610 3603 1661 Τὸ

2011 1700 2119 1771 γὰρ
2147 1701 2310 1771 ξηρὸν
2351 1702 2439 1754 καὶ
2485 1700 2622 1772 βαρὺ
2665 1700 2791 1753 ἴδιον
2820 1701 2886 1754 ἂν
2915 1700 3000 1771 εἴη
3047 1700 3145 1770 τῆς
3180 1701 3308 1768 περὶ
3336 1699 3438 1770 τὴν
3488 1701 3600 1771 γῆν

2013 1790 2394 1861 θεωρουμένης
2421 1790 2704 1860 ποιότητος
2724 1832 2739 1854 ,
2770 1791 2848 1852 εἰς
2878 1790 3013 1859 ὅπερ
3043 1790 3331 1852 ἐκκαυθεὶς
3360 1790 3399 1841 ὁ*
3419 1791 3601 1860 ἀτμὸς

2015 1881 2366 1952 μετεποιήθη.
2418 1882 2526 1935 Καί
2582 1898 2668 1950 μοι
2702 1880 2848 1934 δοκεῖ
2892 1881 3071 1945 καλῶς
3103 1880 3247 1951 ἔχειν
3279 1882 3380 1951 τῆς
3414 1883 3599 1953 ἀρχῆς

2011 1972 2216 2042 ταύτης
2245 1974 2594 2044 λαϐομένους,
2628 1973 2702 2043 μὴ
2731 1974 2996 2042 διαφεῖναι
3021 1974 3121 2042 τὴν
3148 1974 3473 2028 ἀκολουθίαν
3499 1977 3598 2045 τῆς

2019 2063 2332 2129 ἐξετάσεως,
2360 2067 2435 2127 εἰς
2462 2065 2527 2134 ἢν
2558 2064 2768 2133 πρόεισι
2798 2064 2882 2118 διὰ
2912 2065 3018 2117 τῶν
3046 2064 3269 2118 εἰκότων
3299 2067 3333 2136 ἡ
3366 2064 3601 2137 θεωρία,

2019 2156 2434 2227 χειραγωγοῦσα
2474 2158 2608 2226 πρὸς
2658 2157 2757 2227 τὴν
2791 2156 3071 2226 ἀλήθειαν.
3113 2157 3297 2219 ’ξΕοικε
3341 2157 3456 2226 γὰρ
3505 2160 3602 2216 καί

2019 2248 2052 2317 ή
2092 2246 2331 2300 θάλασσα
2377 2246 2464 2301 διὰ
2488 2247 2643 2301 τοῦτο
2671 2250 2729 2300 ἐν
2764 2249 2875 2311 τοῖς
2913 2247 3061 2310 ἰδίοις
3090 2248 3236 2317 ὅροις
3265 2247 3354 2300 διὰ
3392 2249 3602 2311 παντὸς

2023 2335 2222 2404 μένειν,
2263 2336 2344 2388 ὅτι
2381 2337 2498 2388 κατ’
2526 2336 2705 2403 ὀλίγον
2731 2336 2830 2405 τῆς
2878 2336 2964 2388 ἀεὶ
3006 2337 3295 2407 γινομένης
3325 2337 3466 2408 αὑτῇ
3514 2338 3605 2390 διά

2018 2422 2130 2476 τῶν
2164 2422 2370 2475 ὑδάτων
2406 2424 2740 2495 προσθήκης,
2782 2427 2814 2491 ἡ
2853 2425 2938 2478 διὰ
2966 2425 3073 2477 τῶν
3112 2426 3300 2496 ἀτμῶν
3333 2426 3602 2497 ὲξάντλη-

2023 2528 2106 2576 σις
2144 2512 2237 2564 ἐπὶ
2277 2513 2337 2565 τὸ
2374 2513 2766 2584 ὑπερκείμενον
2810 2514 3018 2582 γίνεται
3058 2516 3157 2586 τῆς
3188 2515 3602 2589 ἐπιθαλπούσης

2018 2604 2380 2676 θερμότητος,
2416 2606 2608 2667 σικύας
2653 2605 2807 2675 δίκην
2848 2606 2907 2658 τὸ
2955 2606 3289 2678 λεπτομερὲς
3336 2608 3441 2678 τῆς
3489 2609 3604 2663 τῶν

2017 2697 2198 2768 ὑγρῶν
2240 2697 2454 2766 φύσεως
2502 2696 2869 2767 άνιμωμένης.
2916 2699 3002 2751 Ἐν
3046 2698 3101 2752 δέ
3142 2702 3254 2762 τοῖς
3292 2702 3605 2769 μεσογείοις

340 2807 398 2843 τε
441 2790 530 2843 καὶ
571 2788 958 2860 βορεινοτέροις
1003 2787 1111 2841 τῶν
1139 2789 1320 2842 τόπων
1356 2792 1389 2860 ἡ
1438 2789 1531 2842 τοῦ
1575 2789 1919 2861 περιέχοντος
1956 2791 2229 2861 ψυχρότης
2263 2789 2633 2843 ἐναντιοῦσθαι
2673 2789 2818 2841 δοκεῖ
2862 2788 2939 2859 τῷ
2988 2789 3150 2857 λόγῳ,
3194 2790 3269 2855 ὼς
3297 2790 3386 2845 διά
3416 2791 3482 2844 τὸ
3525 2795 3604 2863 μὴ

342 2882 640 2938 θάλπεσθαι
684 2881 927 2953 σφοδρῶς
956 2880 1054 2952 τὴν
1100 2882 1158 2933 ἐν
1195 2884 1305 2945 τοῖς
1352 2883 1543 2953 μέρεσι
1585 2882 1794 2946 τούτοις
1828 2883 2136 2947 θάλασσαν,
2192 2881 2465 2953 ἀργούσης
2510 2881 2608 2952 τῆς
2652 2881 2760 2934 τῶν
2797 2881 2982 2951 ἀτμῶν
3024 2881 3353 2945 ἀναδόσεως,
3386 2880 3603 2949 διπλοῖς

342 2972 459 3027 ἔστι
490 2972 768 3042 λογισμοῖς
806 2972 902 3043 τὴν
940 2974 1209 3026 ἀντίθεσιν
1242 2973 1444 3044 ταύτην
1474 2975 1991 3046 παραμυθήσασθαι.

413 3063 659 3117 Primum
693 3063 856 3132 igitur
901 3062 1156 3126 dicimus,
1191 3064 1315 3117 licet
1361 3064 1781 3119 innumerabilia
1806 3080 1922 3118 ma-
1949 3071 1990 3127 c

345 3157 428 3212 ria
490 3154 803 3221 videantur,
863 3170 1031 3209 unum
1077 3163 1258 3210 tamen
1309 3164 1363 3210 et
1424 3156 1742 3210 continuum
1793 3172 1915 3213 esse

344 3261 516 3309 mare,
573 3245 628 3299 in
668 3260 789 3300 sese
838 3260 936 3315 per
967 3243 1154 3300 orbem
1211 3246 1531 3300 universum
1575 3260 1911 3312 commeans,

342 3352 447 3394 nec
478 3336 587 3390 ullo
612 3344 769 3405 pacto
798 3351 828 3389 a
858 3335 1249 3403 conjunctione
1287 3351 1386 3390 sua
1420 3335 1701 3391 divulsum
1753 3342 1916 3405 atque

344 3428 651 3497 sejunctqu
708 3445 721 3481 :
778 3426 1154 3497 quamobrem,
1195 3426 1241 3481 si
1296 3434 1558 3497 perpetua
1618 3425 1915 3481 caliditatis

343 3516 657 3584 pra-sentia,
696 3515 840 3584 quod
873 3514 1114 3568 australe
1139 3524 1243 3579 est,
1274 3513 1674 3578 succendatur,
1718 3514 1773 3567 in
1803 3512 1915 3568 illis

346 3607 475 3662 item
508 3607 759 3677 partibus
800 3605 1221 3660 diminutionem
1254 3606 1467 3669 sentiri,
1520 3605 1679 3675 aquis
1723 3614 1917 3675 sponte

343 3714 443 3757 Sua
474 3700 727 3755 deorsum
762 3700 1083 3754 naturaliter
1124 3697 1528 3753 conﬂuentibus
1580 3697 1644 3751 ad
1691 3696 1915 3766 explen-

343 3792 471 3845 dum
499 3792 576 3855 id,
601 3791 745 3860 quod
774 3792 1098 3845 exhaustum
1126 3798 1180 3845 et
1213 3792 1552 3845 exinanitum
1578 3799 1683 3845 est.
1713 3790 1917 3845 Deinde

344 3897 469 3937 cum
503 3891 674 3935 totum
711 3895 860 3935 mare
904 3896 971 3935 ex
1026 3881 1220 3948 quavis
1263 3896 1406 3949 aqua
1451 3879 1787 3939 confectum.
1844 3880 1916 3933 sit

347 3974 576 4034 salsum,
606 3985 790 4041 parem
823 3970 937 4025 ﬁeri
971 3985 1233 4040 vaporum
1267 3972 1628 4039 digestionem
1663 3984 1917 4038 compro-

348 4062 504 4129 bari;
534 4062 815 4115 salsorunr
835 4060 977 4114 enim
1016 4061 1283 4116 naturalis
1322 4070 1405 4115 est
1435 4060 1681 4117 siccitas.
1736 4058 1918 4127 Quare

348 4153 394 4208 si
427 4152 664 4223 qualitas
696 4152 809 4205 haec
844 4166 940 4221 per
967 4159 1139 4205 totum
1179 4166 1330 4207 mare
1361 4151 1567 4222 pariter
1595 4150 1793 4207 diffusa
1810 4159 1914 4217 est,

348 4244 554 4314 pariter
589 4244 754 4299 etiam
801 4245 913 4314 agit
957 4244 1011 4297 in
1044 4244 1301 4300 omnibus
1344 4245 1494 4299 illius
1536 4244 1807 4314 partibus.
1860 4241 1915 4297 ιιι

2106 3063 2329 3134 Ιιρῶτον
2395 3065 2491 3133 μὲν
2542 3066 2624 3117 ὅτι
2670 3065 2769 3133 μία
2830 3064 2947 3117 ἐστὶ
2991 3063 3083 3116 καὶ
3156 3064 3384 3135 συνεχὴς
3459 3067 3609 3135 πρὸς

2015 3155 2213 3226 ἑαυτὴν
2278 3155 2449 3208 διόλου
2494 3158 2527 3226 ἡ
2584 3155 2842 3221 θάλασσα,
2894 3155 2999 3209 κᾶν
3056 3157 3137 3219 είς
3189 3158 3357 3227 μυρία
3401 3157 3604 3229 διῄρην

2013 3264 2105 3299 ται
2162 3246 2372 3317 πελάγη
2398 3287 2413 3312 ,
2470 3247 2708 3317 οὐδαμοῦ
2752 3248 2853 3317 τῆς
2886 3247 3022 3318 πρὸς
3063 3249 3261 3320 ἑαυτὴν
3300 3251 3604 3318 συναφείας

2013 3337 2368 3408 διασπωμένη
2390 3354 2401 3369 ’
2443 3338 2605 3404 ὥστε,
2639 3341 2687 3392 εί
2715 3339 2776 3392 τὸ
2804 3340 2977 3393 νότιον
3013 3343 3077 3410 τῇ
3115 3341 3354 3411 διηνεκεῖ
3381 3358 3602 3413 παρου-

2018 3426 2109 3498 σίᾳ
2146 3427 2241 3481 τοῦ
2273 3428 2473 3499 θερμοῦ
2502 3430 2823 3499 ὑπερκέοιτο
2862 3430 2959 3500 (a),
2996 3433 3053 3484 ἐν
3096 3434 3207 3495 τοῖς
3247 3432 3602 3504 κατεψυγμέ-

2018 3537 2128 3584 νοις
2160 3521 2352 3593 μέρεσι
2389 3521 2492 3592 τῆς
2519 3524 2632 3576 ἐκεῖ
2660 3524 2956 3595 γενομένης
2986 3524 3334 3589 ἐλαττώσεως
3374 3527 3478 3598 τὴν
3513 3530 3599 3581 αῖ.-

2020 3612 2209 3682 σθησιν
2239 3612 2503 3681 γίνεσθαι.
2549 3614 2871 3686 αὐτομάτως
2907 3617 3005 3687 τῆς
3036 3618 3144 3671 τῶν
3180 3617 3387 3676 ὑδάτων
3420 3622 3601 3691 φορᾶς

2017 3700 2074 3752 ἐν
2105 3700 2181 3771 τῷ
2206 3705 2518 3772 κατωφερεῖ
2542 3703 2642 3772 τῆς
2674 3704 2883 3773 φύσεως
2912 3705 3047 3777 πρὸς
3075 3706 3137 3764 τὸ
3159 3707 3244 3763 ἀεὶ
3273 3707 3603 3778 κινούμενον

2021 3792 2446 3863 μεταρῤεούσης.
2477 3795 2705 3854 Ἔπειτα
2741 3796 2797 3849 δὲ
2828 3797 2923 3849 καὶ
2951 3798 3011 3850 τὸ
3037 3800 3216 3854 πᾶσαν
3247 3800 3425 3870 ἆλμην
3453 3798 3601 3858 εἶναι

2017 3881 2113 3953 τὴν
2147 3882 2442 3949 θάλασσαν,
2490 3887 2552 3938 ἐκ
2587 3887 2785 3950 παντὸς
2815 3888 2909 3940 τοῦ
2946 3889 3135 3954 ὓδατος
3166 3891 3478 3962 γινομένην,
3508 3894 3600 3949 διὰ

2015 3971 2114 4043 τὴν
2146 3973 2253 4027 τῶν
2282 3975 2470 4044 ἀτμῶν
2504 3975 2774 4043 ἀνάδοσιν,
2805 3979 2946 4032 κατὰ
2972 3981 3034 4033 τὸ
3065 3978 3182 4036 ῖσον
3217 3985 3561 4056 μαρτύρεται
3582 4005 3597 4018 ο

2019 4059 2148 4117 ἴδιον
2178 4063 2286 4134 γὰρ
2310 4067 2410 4134 τῆς
2437 4064 2545 4121 τῶν
2574 4066 2715 4120 ἁλῶν
2746 4069 2960 4138 φύσεως
2992 4073 3023 4142 ἡ
3062 4073 3295 4147 ξηρότης
3327 4076 3498 4131 ἐστίν.
3535 4079 3601 4131 El

2016 4150 2072 4207 δὲ
2094 4153 2232 4207 κατὰ
2259 4155 2321 4208 τὸ
2342 4151 2457 4210 ἴσον
2484 4158 2515 4225 ἡ
2546 4158 2765 4227 ποιότης
2786 4159 2921 4232 αὕτη
2952 4161 3084 4230 πρὸς
3109 4166 3288 4217 πᾶσαν
3315 4165 3600 4222 θάλασσαν

2016 4243 2404 4317 ἀνακέκραται,
2432 4250 2540 4320 ἀρα
2571 4252 2773 4318 ὁμοίως
2800 4254 2857 4305 ἐν
2898 4255 3059 4306 παντὶ
3103 4255 3258 4325 μέρει
3293 4257 3352 4310 τὸ
3392 4261 3601 4333 ἑαυτῆς

346 4336 491 4389 enim
516 4335 783 4405 cujusque
818 4344 1030 4390 naturae
1070 4335 1351 4405 proprium
1395 4343 1504 4399 est,
1533 4343 1590 4389 ut
1632 4350 1696 4390 ex
1730 4336 1781 4390 vi
1818 4350 1911 4390 sua

2114 4341 2306 4409 ργήσει
2341 4343 2373 4413 ὴ
2415 4342 2581 4413 ἅλμη.
2620 4344 2777 4397 Πᾶσα
2814 4343 2921 4415 γὰρ
2967 4345 3127 4413 φύσις
3158 4347 3219 4400 τὸ
3259 4349 3601 4422 κατάλληλον

349 4433 493 4496 agat.
527 4402 662 4480 Nam
693 4402 751 4479 ut
780 4426 923 4495 ignis
955 4402 1225 4492 accendit,
1274 4433 1327 4481 et
1374 4426 1467 4483 nix
1519 4426 1825 4496 refrigerat,
1863 4432 1911 4480 et

2114 4402 2232 4501 ,ἰδία
2257 4402 2500 4502 δυνάμει.
2517 4402 2731 4497 πάντως
2760 4402 3068 4503 ἐργάζεται.
3109 4402 3199 4501 ζΩς
3228 4439 3337 4510 γὰρ
3364 4402 3511 4497 καίει

347 4518 451 4571 mel
480 4516 661 4570 dulcia
691 4516 886 4581 reddit,
941 4517 1015 4571 ita
1046 4517 1127 4573 sal
1169 4517 1432 4573 exsiccat.
1470 4517 1741 4586 Quocirca
1790 4532 1914 4572 cum

348 4606 553 4677 passim
587 4620 685 4679 per
727 4606 915 4660 omnia
959 4606 1134 4660 maria
1182 4608 1313 4663 salis
1345 4608 1678 4663 exsiccativa
1718 4617 1914 4663 natura

348 4695 420 4752 sit
453 4694 769 4759 distributa,
800 4695 881 4748 sic
915 4694 980 4748 ad
1016 4695 1231 4750 facilem
1259 4710 1522 4766 vaporum
1549 4696 1913 4767 digestionem

347 4785 716 4855 prospiciente
759 4784 942 4838 divina
981 4784 1287 4853 sapientia;
1324 4800 1517 4841 omnes
1545 4787 1693 4841 enim
1728 4796 1913 4856 partes

347 4892 502 4947 aquze
529 4885 723 4932 tenues
763 4876 846 4930 sal
880 4876 1282 4945 quodammodo
1310 4878 1574 4942 excludit,
1620 4886 1785 4950 atque
1823 4896 1917 4935 ex-

350 4967 504 5036 pellit
528 4982 559 5022 e
599 4968 755 5032 mari,
781 4966 983 5038 quippe
1010 4966 1155 5036 quod
1183 4968 1496 5024 dominetur
1527 4971 1750 5025 humido
1786 4988 1916 5042 pro-

350 5069 468 5129 pter
516 5058 735 5112 insltam
799 5066 1009 5112 natura“
1070 5058 1370 5114 siccitatem
1403 5078 1416 5116 :
1451 5076 1563 5115 non
1618 5062 1914 5117 absurdum

346 5158 434 5204 est
490 5148 828 5216 existimare,
869 5149 1486 5223 mquabiliter'undique
1533 5152 1914 5210 humiditatem

348 5239 623 5306 consumi,
651 5254 803 5296 mare
832 5256 927 5312 per
947 5255 1177 5310 vapores
1198 5241 1563 5300 exhaurientc
1592 5259 1736 5301 aere.
1754 5244 1912 5311 Quod

349 5338 531 5385 autem
562 5329 742 5385 omnis
764 5345 958 5385 aereus
999 5329 1198 5387 humor
1221 5331 1275 5386 in
1306 5332 1552 5389 nubibus
1592 5333 1708 5401 (lat,
1749 5342 1914 5411 atque

421 5510 499 5584 (α)
524 5510 796 5584 interpres
830 5511 979 5584 legit,
1011 5512 1381 5583 ὑπερκαίοιτο.
1410 5510 1562 5571 Eutr.

2026 4520 2157 4590 πῦρ,
2189 4522 2283 4576 καὶ
2312 4524 2345 4593 ἡ
2388 4524 2522 4594 χιὼν
2545 4525 2728 4596 ψύχει,
2758 4529 2850 4580 καὶ
2878 4528 3156 4595 γλυκαίνει
3181 4530 3242 4583 τὸ
3277 4532 3420 4602 μέλι,
3451 4534 3604 4590 οὕτω

2024 4610 2118 4663 καὶ
2156 4612 2206 4664 oi
2254 4611 2381 4677 ἅλες
2429 4613 2792 4685 ξηραίνουσιν,
2833 4616 3041 4671 Οὐκοῦν
3084 4619 3270 4691 ἐπειδὴ
3316 4625 3615 4693 πανταχοῦ

2023 4703 2135 4763 τοῖς
2163 4701 2452 4771 πελάγεσιν
2478 4706 2511 4775 ἡ
2543 4705 2838 4779 ξηραντικὴ
2869 4708 2976 4764 τῶν
3002 4709 3143 4764 ἀλῶν
3175 4714 3601 4785 συγκαταμέμι-

2024 4811 2147 4847 κται
2175 4794 2353 4864 φύσις,
2384 4797 2542 4850 τοῦτο
2570 4798 2701 4870 πρὸς
2729 4801 2977 4854 εὐκολίαν
2999 4803 3096 4871 τῆς
3124 4803 3233 4857 τῶν
3255 4804 3449 4874 ἀτμῶν
3472 4809 3603 4862 ἀνα.

2021 4887 2217 4950 δόσεως
2244 4887 2342 4957 τῆς
2375 4888 2524 4953 θείας
2554 4892 2743 4959 σοφίας
2769 4894 3157 4966 προειδομένης
3185 4902 3200 4965 (
3224 4896 3463 4951 ἐκθλίϐει
3489 4902 3607 4973 γάρ

2024 4994 2140 5039 πως
2173 4978 2263 5029 καὶ
2293 4977 2568 5043 ἐξωθεῖται
2594 4981 2690 5050 τῆς
2719 4981 2993 5052 θαλάσσης
3028 4987 3135 5037 πᾶν
3166 4984 3226 5037 τὸ
3262 4984 3599 5057 λεπτομερὲς

2026 5065 2118 5119 τοῦ
2162 5066 2352 5130 ὓδατος
2394 5069 2427 5139 η
2470 5068 2651 5139 ἅλμη,
2699 5069 2787 5125 διὰ
2828 5072 2927 5142 τῆς
2959 5073 3285 5144 ἐγκειμένης
3329 5077 3397 5145 τῇ
3434 5075 3599 5144 φύσει

2022 5155 2317 5228 ξηρότητος
2366 5159 2507 5215 κατά
2548 5159 2642 5213 τοῦ
2692 5162 2859 5233 ὑγροῦ
2914 5164 3388 5236 δυναστεύουσα)’
3439 5167 3598 5223 οὐδὲν

2022 5246 2125 5313 ἔξω
2171 5249 2265 5303 τοῦ
2318 5250 2525 5315 εἰκότος
2575 5253 2723 5306 ἐστὶν
2768 5254 2961 5325 ἐπίσης
3003 5255 3208 5323 οἴεσθαι
3258 5258 3597 5327 πανταχόθεν

2023 5337 2265 5409 γίνεσθαι
2293 5341 2370 5416 τῷ
2398 5342 2549 5417 ὑγρῷ
2589 5344 2685 5417 τὴν
2716 5346 2981 5419 δαπάνην.
3015 5348 3108 5404 τ-οὖ
3158 5348 3318 5420 ἀέρος
3360 5350 3447 5404 διὰ
3486 5352 3596 5411 τῶν
