3746 5994
153 135 250 196 ίθι

1351 145 1417 202 IN
1458 147 1931 208 llEXAEMERON
1969 147 2191 227 LIBER.

3316 154 3423 211 ιηε

155 258 345 329 ἀτμιῖιν
387 237 706 329 ἀρυομένου
739 261 837 330 τὴν
869 216 1167 318 θάλασσαν.
1216 263 1375 318 Ἀλλά
1412 266 1517 337 μὴν
1548 267 1609 320 τὸ
1642 269 1749 321 πᾶ-

1926 266 1975 322 le
2003 268 2199 338 pluviae
2247 267 2302 322 in
2355 274 2556 323 terram
2602 270 2877 334 decidant,
2930 278 2983 327 et
3013 285 3117 328 nos
3167 274 3424 344 superius

157 369 256 405 σαν
297 351 398 422 τὴν
433 351 685 423 ἐναέριον
732 352 935 422 ἰκμάδα
969 353 1129 421 νέφος
1168 354 1450 423 γίνεσθαι,
1492 358 1746 412 κάκεῖθεν

154 444 406 513 ὶπιρῤεῖν
443 445 574 507 τοὺς
622 443 867 516 ὄμϐρους
902 447 969 516 τῇ
1012 448 1104 517 γῇ,
1144 446 1174 499 ὅ
1212 464 1273 499 τε
1323 448 1608 518 προλαϐὼν
1643 451 1749 503 ἀπ-

150 534 325 598 έδειξε
355 533 520 602 λόγος
541 574 556 599 ,
599 536 697 588 καὶ
727 538 762 606 ἡ
804 536 1109 607 προφητεία
1145 537 1386 592 διδάσκει
1422 537 1498 610 τῷ
1536 538 1655 610 Θεῷ
1687 540 1747 593 τὸ

150 625 396 682 τοιοῦτον
418 626 581 697 ἔργον
600 627 939 692 ἀνατιθεῖσα,
959 630 1016 680 ὲν
1036 621 1117 690 οἷς
1134 644 1318 698 φησιν,
1339 628 1421 681 ὅτι
1453 647 1471 678 ε
1496 623 1558 679 'U
1584 645 1747 699 προσ-

154 717 493 786 καλούμενος
526 717 586 770 τὺ
620 714 767 786 ὕδωρ
795 717 895 786 τῆς
926 715 1222 787 θαλάσσης,
1253 718 1347 771 καὶ
1379 717 1584 788 ὲκχέων
1615 717 1746 770 αὐτὸ

153 807 295 861 κατά
343 808 639 878 πρόσωπον
686 809 788 877 τῆς
838 809 968 876 γῆς,
1009 825 1031 862 ι
1078 809 1172 862 καὶ
1219 809 1355 863 ἄλλα
1403 808 1591 862 πολλά.
1636 810 1747 862 Καὶ

152 900 211 953 τὸ
248 900 588 964 ὲξοπτᾶσθαι
626 900 807 953 πάντα
842 900 912 952 τὰ
951 902 1084 971 νέφη
1113 904 1176 953 ἐκ
1207 902 1306 970 τῆς
1343 901 1746 972 ὑπερκειμένης

156 992 522 1063 θερμότητος,
551 993 646 1045 καὶ
672 995 752 1055 είς
775 992 836 1045 τὸ
866 993 1129 1056 παντελὲς
1156 992 1621 1062 καταφρύγεσθαι,
1652 993 1746 1044 καὶ

154 1083 312 1135 τοῦτο
343 1082 437 1135 διὰ
481 1086 581 1153 τῆς
615 1084 896 1153 ἐνεργείας
938 1084 1237 1154 ἐμάθομεν.
1275 1084 1534 1138 Λείπεται
1566 1082 1745 1137 τοίνυν

160 1175 232 1246 μῆ
268 1175 659 1246 παραδραμεῖν
696 1175 794 1247 τὴν
825 1175 1133 1243 ἀκολούθως
1162 1176 1581 1230 ἀνακύπτουσαν
1614 1178 1744 1247 ἡμῖν

156 1271 220 1321 ἐκ
242 1267 355 1320 τῶν
382 1267 696 1339 εἰρημένων
721 1267 1009 1321 ἀντίθεσιν.
1059 1270 1206 1338 Ἐρεῖ
1227 1269 1335 1338 γάρ
1360 1287 1443 1331 τις
1473 1270 1584 1331 τοῖς
1618 1285 1747 1338 προ-

155 1358 557 1429 εξητασμένοις
587 1359 853 1428 ἑπόμενος
874 1398 887 1421 ,
919 1359 999 1411 ὅτι
1035 1359 1191 1412 Κατὰ
1221 1359 1281 1411 τὸ
1307 1360 1398 1411 ἐπὶ
1431 1358 1524 1411 τοῦ
1563 1359 1743 1412 ελαίου

156 1452 466 1525 ὑπὸδειαμα
504 1448 927 1520 μεμαθήκαμεν,
959 1451 1020 1502 τὸ
1046 1452 1142 1521 μὲν
1174 1449 1357 1501 ὑλικὸν
1390 1450 1484 1503 τοῦ
1522 1450 1735 1503 ὑποκεισ

159 1541 322 1614 μένου
356 1542 456 1595 καὶ
485 1540 626 1611 μετά
658 1541 756 1611 τὴν
784 1541 1072 1610 ὲξόπτησιν
1110 1541 1182 1611 μὴ
1225 1539 1588 1604 ἀπόλλυσθαι,
1629 1526 1761 1594 ἀλλ”

1848 357 2213 423 ostendimus,
2239 368 2293 414 et
2328 360 2611 430 prOphetia
2645 376 2781 431 opus
2813 362 3087 432 ejusmodi
3114 362 3225 418 Deo
3253 365 3422 420 trlbui

1848 449 2010 505 docet
2046 450 2134 506 his
2154 451 2367 527 ‘verbis,
2412 452 2603 509 dicens
2640 472 2653 507 :
2697 472 2715 505 ι
2742 452 2845 519 Qui
2885 461 3046 509 vocat
3075 469 3272 524 aquam
3305 470 3423 509 ma-

1848 542 1944 606 ris,
1978 548 2034 597 et
2064 541 2245 598 fundit
2280 558 2398 598 eam
2436 560 2602 615 super
2637 545 2832 601 faciem
2857 556 3015 601 terra:
3031 545 3098 600 ’⁸.
3127 564 3144 597 ι
3197 545 3264 599 Ει
3294 562 3418 600 cum

1847 633 1952 686 alia
1989 635 2182 700 multa,
2229 645 2342 689 tum
2390 637 2565 692 nubes
2599 652 2629 689 a
2673 637 2959 706 superiore
3004 636 3286 691 caliditate
3326 653 3420 690 ae-

1847 723 2029 786 cendi,
2063 732 2117 778 et
2164 725 2380 795 penitus
2405 726 2669 781 exsiccari
2706 727 2888 795 reipsa
2913 724 3425 792 didicimus.Quare

1847 828 1956 868 non
2004 822 2090 870 est
2161 817 2537 884 praetereunda
2589 818 2838 885 quaestio,
2886 833 3007 887 quae
3048 817 3209 872 nobis
3232 833 3297 872 ex
3354 817 3423 871 iis

1847 921 1968 976 qua:
1994 905 2140 960 dicta
2175 914 2324 974 sunt,
2359 908 2552 964 ordine
2597 910 2859 964 occurrit.
2909 909 2999 963 Sic
3026 909 3171 965 enim
3223 909 3423 979 aliquis

1846 997 2111 1068 objiciat:
2146 997 2221 1052 Ex
2263 1009 2693 1056 commemorato
2728 1001 2832 1055 olei
2864 1001 3112 1071 exemplo
3153 1000 3426 1055 intellexi-

1847 1104 1990 1153 mus,
2033 1091 2317 1144 materiam
2348 1092 2651 1161 subiectam
2706 1092 2871 1146 etiam
2908 1101 3031 1162 post
3080 1093 3422 1148 combustio-

1847 1195 1967 1234 nem
1999 1196 2105 1233 nun
2142 1182 2368 1249 aboleri,
2399 1183 2494 1238 sed
2525 1184 2577 1237 in
2605 1198 2783 1240 aerem
2804 1184 3078 1249 secedere,
3104 1182 3424 1253 atqueignis

1845 1273 1896 1325 vi
1937 1273 1988 1324 in
2019 1284 2220 1327 terram
2260 1274 2455 1344 redigi,
2481 1290 2547 1329 eo
2582 1287 2927 1344 consumpto,
2966 1275 3110 1345 quod
3146 1276 3268 1345 ejus
3297 1292 3426 1345 qua-

1855 1363 1991 1415 litati
2021 1364 2360 1417 contrarium
2394 1372 2535 1419 erat.
2583 1365 2948 1431 Quamobrem
2977 1367 3070 1435 qui
3107 1374 3286 1436 potest
3319 1368 3423 1422 hu-

1849 1454 1993 1506 mida
2019 1461 2215 1507 natura
2250 1470 2465 1524 semper
2501 1456 2808 1521 imminuta,
2855 1466 3017 1527 atque
3058 1457 3268 1528 integra
3301 1475 3427 1528 per-

1854 1557 2096 1603 manere,
2135 1557 2258 1596 cum
2306 1558 2566 1611 vaporum
2621 1544 2932 1611 humorem,
2971 1554 3029 1598 ut
3084 1546 3424 1601 declaratum

155 1635 233 1695 εἰς
262 1632 353 1685 τὺν
379 1631 523 1702 ἀέρα
552 1635 890 1701 μεταχωρεῖν
916 1631 1004 1684 διὰ
1029 1632 1128 1701 τῆς
1150 1630 1242 1683 τοῦ
1269 1632 1439 1700 πυρὸς
1468 1632 1747 1701 ἐνεργείας

1926 1639 1955 1692 l.
1985 1631 2189 1702 ubique
2223 1632 2475 1689 caliditas
2513 1633 2792 1699 arefaciat,
2822 1646 2873 1691 et
2916 1636 2968 1690 in
2997 1637 3202 1692 siccam
3252 1638 3425 1707 quali-

154 1725 586 1794 ἀπογεοῦμενον.
618 1723 724 1775 Τοῦ
748 1722 804 1775 δὲ
834 1723 1001 1794 ὑγροῦ
1031 1722 1479 1790 ἐναφανισθέντος
1500 1726 1564 1793 τῇ
1592 1724 1745 1776 ἐναν-

156 1816 243 1886 τία
274 1814 528 1884 ποιότητι
549 1855 561 1871 ,
595 1814 713 1875 πῶς
742 1812 890 1865 ἐστιν
934 1813 1204 1883 άμείωτον
1240 1813 1336 1882 τὴν
1371 1813 1540 1880 ὑγρὰν
1586 1814 1745 1881 φύσιν

156 1908 328 1958 εἰσαεὶ
361 1905 665 1975 διαμένειν,
703 1905 936 1957 πάντοτε
982 1904 1080 1972 τῆς
1123 1903 1332 1974 θερμῆς
1375 1905 1561 1967 οὐσίας
1604 1905 1661 1957 τὸ
1690 1907 1745 1957 ἐν

154 2000 269 2060 τοῖς
316 1998 517 2067 ἀτμοῖς
557 1996 727 2067 ὑγρὸν
775 1995 1280 2065 καταφρυττούσης,
1316 1998 1408 2049 καὶ
1454 1999 1533 2059 εἰς
1577 1996 1746 2066 ξηρὰν

158 2088 609 2159 μεταϐαλλούσης
649 2088 940 2157 ποιότητα,
990 2086 1172 2150 καθὼς
1212 2090 1243 2159 ἡ
1288 2087 1489 2158 θεωρία
1519 2090 1657 2141 κατά
1690 2088 1746 2140 τὸ

155 2178 459 2235 ἀκόλουθον
499 2180 584 2232 διά
621 2180 729 2231 τῶν
763 2178 1145 2248 ὲξητασμένων
1185 2177 1504 2244 ἀπέδειξεν;
1548 2178 1611 2230 Ei
1655 2173 1746 2230 οὖν

156 2273 511 2344 ἑξατμίζεται
556 2273 654 2344 μὲν
695 2272 756 2324 τὸ
787 2272 973 2342 ὑγρὸν,
1020 2273 1288 2332 εὐάλωτος
1324 2270 1628 2340 δὲδγίνεται
1670 2269 1747 2338 τῷ

156 2364 343 2434 θερμῷ
371 2366 403 2434 η
430 2363 683 2433 ὑγρότης.
714 2364 794 2425 εἰς
814 2363 880 2414 τὰ
897 2362 1069 2415 λεπτά
1088 2380 1144 2414 τε
1169 2362 1261 2414 καὶ
1283 2360 1460 2431 ἀμερῆ
1486 2361 1748 2430 τμήματα

155 2457 238 2508 διὰ
268 2455 378 2508 τῶν
408 2454 601 2525 ἀτμῶν
635 2453 956 2525 μερισθεῖσα
977 2471 990 2483 ο
1031 2454 1246 2522 ἀνάγκη
1278 2454 1448 2511 πᾶσα,
1486 2452 1620 2522 πρὸς
1650 2450 1748 2522 τὴν

159 2547 329 2618 ξηράν
367 2546 635 2616 ποιότητα
662 2545 756 2597 τοῦ
786 2544 954 2615 ὑγροῦ
987 2544 1419 2615 μεταϐαίνοντος,
1453 2543 1747 2613 ἀληθέστεο

160 2657 249 2710 ρον
278 2640 492 2691 ἐκεῖνον
530 2637 620 2689 τὸν
666 2636 824 2703 λόγον
862 2636 1098 2701 οἴεσθαι,
1136 2637 1217 2689 ὅτι
1266 2634 1382 2687 ὲστί
1426 2652 1508 2697 τις
1543 2634 1748 2686 ὑδάτων

158 2728 447 2801 περιουσία
474 2767 487 2790 ,
530 2730 563 2798 ἡ
597 2728 683 2781 ἀεὶ
713 2728 1100 2798 ἁναττληροῦσα
1138 2728 1197 2779 τὸ
1227 2729 1291 2779 ἐκ
1328 2725 1423 2779 τοῦ
1459 2726 1626 2795 πυρὸς
1657 2725 1749 2777 δα-

159 2820 519 2891 πανώμενον.
563 2820 727 2882 Ἴσως
769 2818 813 2870 δ’
859 2817 922 2871 ἄν
957 2835 1079 2871 τινα
1118 2819 1213 2870 καὶ
1258 2815 1564 2888 μαρτυρίαν
1613 2814 1751 2884 πρὸς

156 2914 251 2983 τὴν
310 2910 571 2981 τοιαύτην
620 2908 890 2979 ὑπόληψιν
928 2909 1034 2961 ἀπὸ
1087 2909 1188 2977 τῆς
1226 2908 1453 2976 Γραφῆς
1507 2904 1750 2974 παραλά-

1850 1730 2012 1777 tatem
2039 1725 2361 1779 convertat?
2422 1725 2552 1788 Cur.
2616 1742 2738 1779 cum
2799 1727 3082 1781 humidum
3122 1728 3424 1790 exhalctur,

1846 1822 1900 1868 et
1924 1815 2102 1869 calido
2130 1823 2238 1869 tam
2274 1816 2342 1871 sit
2372 1818 2692 1881 obnoxium,
2726 1828 2783 1872 ut
2814 1820 2867 1873 iu
2901 1821 3107 1883 tenuia,
3140 1827 3307 1890 atque
3341 1819 3426 1873 in-

1847 1904 2069 1958 dividua
2113 1907 2444 1976 corpuscula
2482 1922 2574 1976 per
2613 1923 2841 1977 vapores
2869 1910 3165 1965 dissectum
3210 1911 3263 1964 in
3314 1912 3426 1965 ari-

1846 1994 1969 2047 dam
1999 1997 2320 2064 qualitatem
2353 2001 2418 2051 ab
2447 2014 2512 2053 eo
2551 2014 2778 2055 necesse
2809 2000 2878 2055 sit
2917 2003 3268 2070 commutari,
3314 2019 3425 2057 non

1846 2100 1910 2142 ea
1970 2087 2152 2140 verior
2210 2088 2554 2143 existimetur
2623 2091 2829 2158 opinio,
2877 2107 2998 2160 quae
3054 2093 3253 2147 asserit
3305 2108 3426 2148 esse

1848 2177 2140 2246 quamdam
2178 2193 2445 2247 aquarum
2478 2180 2714 2249 copiam,
2765 2196 2870 2250 qua
2897 2197 3112 2251 semper
3148 2182 3427 2238 instaure-

1848 2276 1958 2330 tur,
1990 2278 2042 2323 et
2065 2268 2363 2324 suﬁiciatur
2402 2272 2452 2325 id
2485 2272 2631 2341 quod
2666 2273 2734 2325 ab
2769 2273 2889 2342 igne
2922 2284 3311 2344 consumptum
3360 2290 3425 2329 ac

1847 2358 2190 2428 deperditum
2244 2363 2368 2416 est?
2415 2364 2713 2432 pra‘scrtim
2759 2380 2881 2417 cum
2924 2363 3222 2434 Scripturae
3271 2367 3428 2420 testi-

1848 2452 2034 2506 monio
2057 2451 2365 2506 conﬁrmari
2401 2456 2598 2524 possit,
2638 2471 2758 2525 qua:
2789 2455 2953 2509 tradit
2985 2465 3202 2525 apertas
3253 2455 3428 2512 fuisse

1848 2549 2152 2595 cataractas
2208 2542 2416 2609 cmli",
2482 2559 2604 2597 cum
2684 2543 2842 2612 aquis
2897 2543 3183 2599 altissimis
3236 2557 3427 2598 omnes

1852 2631 2112 2684 tuontium
2164 2633 2397 2688 vertices
2449 2633 2835 2703 superantibus
2884 2632 3160 2702 snbmergi
3221 2642 3426 2688 terram

1849 2731 2146 2792 oporteret.
2182 2724 2293 2778 lloc
2325 2741 2423 2793 ego
2461 2726 2759 2795 Scriptura:
2812 2725 3186 2780 testimonium
3240 2725 3422 2780 dicam

1851 2815 1957 2869 alio
2014 2816 2259 2884 ejusdem
2314 2817 2611 2886 Scriptura:
2651 2816 2961 2871 testimonio
3011 2817 3180 2873 refelli
3235 2832 3424 2887 posse.

1836 2898 2003 2959 Solet
2035 2906 2179 2959 enim
2231 2904 2416 2958 divina
2470 2905 2750 2977 Scriptura
2792 2921 2821 2960 a
2856 2907 3079 2977 propria
3129 2907 3427 2961 verborum

158 3006 275 3057 εοι⁹
326 3003 391 3055 τὸ
447 3000 735 3071 ἀνοιγῆναι
797 3001 923 3064 τοῦς
991 3001 1379 3072 καταρράκτας
1435 2996 1528 3049 τοῦ
1591 2998 1739 3066 οὑρα-

1926 2996 2254 3063 ;niﬁcatione
2306 2995 2580 3051 recedere.

156 3096 284 3159 νοῦ,
336 3095 429 3148 ὅτε
487 3091 821 3162 ὑποϐρύχιον
870 3091 973 3143 ἔδει
1027 3091 1280 3159 γενέσθαι
1330 3090 1427 3159 τὴν
1467 3090 1598 3158 γῆν,
1641 3087 1819 3156 πάσης
1876 3086 2018 3158 ὀρῶν
2074 3088 2318 3158 κορυφῆς
2404 3089 2499 3141 ἐπὶ
2525 3087 3011 3159 πλεῖστον.βάθους
3069 3090 3430 3163 ὑπερέχοντος

158 3185 245 3238 τοῦ
280 3184 503 3245 ὓδατος.
538 3181 677 3234 ’Δλλ’
708 3180 819 3248 ἐγὼ
847 3180 941 3252 τὴν
975 3181 1072 3250 μὲν
1103 3181 1378 3250 γραφικὴν
1408 3176 1679 3230 ἀντίθεσίν
1709 3194 1849 3246 φημι
1889 3176 2111 3230 δυνατὸν
2140 3172 2278 3231 εῖναι
2301 3177 2391 3232 διὰ
2425 3178 2644 3253 Γραφῆς
2676 3180 2868 3249 ἑτέρας
2903 3182 3426 3254 παραμυθήσασθαιο

157 3273 273 3329 οἶδα
318 3275 434 3344 γὰρ
460 3274 559 3345 τὴν
593 3272 931 3344 κατάχρησιν
962 3271 1070 3324 τῶν
1104 3271 1263 3325 θείων
1298 3271 1558 3341 ῥημάτων
1592 3268 1682 3321 ἐπὶ
1712 3267 1813 3336 τῆς
1838 3270 2109 3338 γραφικῆς
2135 3269 2440 3338 συνηθείας.

224 3372 292 3424 Τί
364 3370 625 3439 σημαίνει
683 3367 772 3421 διὰ
835 3366 926 3420 τοῦ
977 3366 1205 3432 ἀνοῖξαι,
1265 3368 1360 3420 καὶ
1413 3366 1466 3418 τί
1517 3366 1604 3420 διὰ
1657 3365 1749 3418 τοῦ

160 3462 372 3516 κλεῖσαι
432 3461 795 3526 ένδείκνυται;
838 3460 1004 3529 Δῆλον
1038 3461 1145 3530 γὰρ
1193 3460 1275 3511 ὅτι
1325 3459 1387 3510 τὸ
1442 3458 1752 3527 κλειόμενον

159 3554 475 3621 ἀνοίγεται,
506 3553 601 3605 καὶ
628 3552 689 3604 τὸ
724 3550 1072 3621 ἀνοιγόμενον
1120 3549 1382 3603 κλείεται.
1436 3548 1589 3602 Ἐπεὶ
1632 3544 1746 3612 οῦν,

160 3644 333 3715 ἀτμοῦ
395 3660 529 3695 ποτε
587 3644 733 3695 κατά
790 3643 913 3706 τοὺς
969 3642 1196 3711 χρόνους
1264 3640 1441 3693 Ἠλίου
1517 3641 1748 3710 ἐπικρα-

158 3736 399 3797 τοῦντος.
424 3733 568 3787 οὕτω
589 3734 751 3804 φησὶν
773 3734 807 3810 η
833 3731 1041 3804 Γραφὴ,
1068 3732 1150 3784 ὅτι
1181 3752 1196 3783 ι
1226 3731 1506 3801 Ἐκλείσθη
1524 3733 1550 3783 ὁ
1579 3731 1745 3799 οὐρα-

161 3824 247 3888 νος
276 3826 371 3878 ἐπὶ
405 3824 501 3894 ἐτη
533 3824 661 3893 τρία
691 3824 785 3877 καὶ
816 3825 988 3894 μῆνας
1022 3822 1099 3887 ἓξ·
1132 3844 1151 3874 ι
1180 3823 1334 3875 τοῦτο
1360 3818 1510 3894 οἶμαι
1534 3820 1625 3873 τοῦ
1648 3822 1740 3873 οὑ-

161 3914 324 3985 ρανοῦ
366 3914 497 3978 τοὺς
532 3914 920 3985 καταρράκτας
945 3912 1213 3983 ὴνεῷχθαι
1250 3912 1341 3965 τὸν
1378 3913 1473 3982 τῆς
1517 3912 1741 3982 Γραφῆς

158 4006 313 4075 λόγον
338 4007 542 4073 λέγειν,
572 4006 653 4070 ὼς
684 4005 936 4076 ἐκλείσθη
964 4007 1019 4057 ὲν
1046 4005 1124 4075 τῷ
1159 4005 1257 4075 τῆς
1288 4003 1586 4075 ἀνομϐρίας
1614 4020 1736 4056 και-

161 4100 258 4170 ρῷ.
305 4100 471 4153 Ἀλλά
502 4098 616 4169 μὴν
655 4098 774 4150 τότε
807 4097 893 4151 διὰ
932 4095 1031 4168 τῆς
1066 4097 1368 4167 προσευχῆς
1398 4094 1492 4149 τοῦ
1534 4096 1736 4161 Ἠλίου,

159 4191 315 4259 νέφος
336 4192 403 4243 ὲκ
432 4190 532 4259 τῆς
562 4189 834 4260 θαλάσσης
865 4190 1155 4258 ἀναφανὲν,
1188 4188 1279 4241 τὸν
1307 4188 1532 4260 οὐρανὸν
1559 4188 1740 4252 αὑτοῖς

158 4282 240 4335 διὰ
275 4282 377 4352 τῆς
419 4281 729 4352 ἐπομϐρίας
758 4280 986 4352 ῆνοιξεν.
1027 4281 1170 4351 ’Ἄρα
1196 4277 1384 4349 σαφῶς
1418 4278 1739 4331 ἀποδείκνυ-

156 4389 243 4426 ται
270 4374 361 4426 διὰ
407 4372 637 4436 τούτων,
671 4372 732 4425 τὸ
769 4371 902 4443 μηδὲ
939 4371 1061 4424 τότε
1091 4372 1150 4425 τὸ
1188 4370 1473 4443 στερέωμα
1515 4368 1612 4423 τοῦ
1649 4369 1740 4421 οὑ-

160 4465 321 4537 ρανοῦ
372 4463 706 4535 διασχισθὲν,
762 4466 827 4516 ὲκ
881 4462 991 4516 τῶν
1040 4461 1398 4534 ὑπερκεῖσθαι
1437 4460 1745 4530 λεγομένων

160 4557 363 4611 ὑδάτων
388 4555 738 4628 ωταρρῆξαι
777 4554 867 4607 τον
905 4553 1130 4625 ὄμϐρον,
1162 4552 1279 4607 ἀλλ’
1310 4553 1537 4624 οὐρανὸν
1565 4551 1742 4620 λέγει,

156 4648 244 4700 τὸν
294 4647 581 4718 περίγειον
624 4646 799 4717 ἀέρα,
841 4645 929 4697 τὸν
972 4644 1224 4714 ὁρίζοντα
1261 4646 1372 4708 τοῖς
1406 4645 1600 4715 ἀτμοῖς
1644 4641 1744 4714 τὴν

159 4741 364 4803 στάσιν,
399 4739 542 4807 ὅπερ
568 4740 684 4791 ἐστὶ
715 4738 811 4808 τῆς
834 4736 1342 4808 λετπομερεστάτης
1369 4735 1463 4788 τοῦ
1488 4737 1745 4807 ὑπερκει-

162 4832 321 4902 μένου
367 4833 499 4902 ὅρος
530 4829 768 4900 φύσεως·
801 4829 919 4900 μεθ’
950 4829 1008 4882 ὃν
1030 4828 1287 4899 οὐδεμίαν
1336 4828 1563 4899 δύναμιν
1608 4826 1744 4898 πρὸς

156 4924 252 4993 τὴν
281 4923 471 4979 ἄνοδον
503 4922 619 4993 ἔχει
659 4921 767 4974 τῶν
802 4920 1242 4992 ὲμϐριθεστέρων
1274 4919 1448 4984 οὐδὲν,
1478 4918 1539 4972 οὑ
1561 4917 1742 4986 νέφος,

158 5016 217 5067 οὗ
250 5015 494 5086 πνεῦμα,
528 5016 629 5069 οὑκ
663 5013 859 5085 ἀτμὸς,
891 5014 991 5067 οὑκ
1023 5012 1416 5083 ἀναθυμίασις,
1437 5011 1534 5081 οὑχ
1565 5013 1597 5080 ἠ
1636 5008 1743 5062 τῶν

160 5107 376 5178 πτηνῶν
428 5107 611 5177 φύσις.
671 5107 747 5161 Τὸ
795 5101 888 5159 οῦν
933 5106 1075 5177 ὑπὲρ
1134 5103 1377 5174 κεφαλῆς
1415 5101 1659 5171 συνήθως
1707 5102 1741 5170 ἡ

160 5197 348 5269 Γραφῇ
362 5198 593 5269 οὐρανὸν
610 5198 781 5267 λέγει.
808 5216 826 5248 ‹
853 5197 1079 5269 οὐρανοῦ
1097 5196 1319 5251 πετεινά
1341 5215 1359 5248 ι
1384 5194 1636 5262 λέγουσα,
1652 5192 1744 5245 τὸν

160 5287 294 5358 ἀέρα
316 5289 511 5342 τοῦτον
537 5288 925 5359 διαπετόμεναι.
967 5287 1105 5340 Ἀλλ’
1144 5288 1192 5340 εί
1225 5285 1516 5341 καὶταῦτα
1555 5283 1740 5339 τοῦτον

158 5378 272 5452 ἔχει
303 5380 397 5436 τδν
448 5382 669 5455 τρόπον,
698 5380 857 5437 οῦπω
906 5381 966 5434 τὸ
1012 5382 1197 5455 ἕτερον
1224 5384 1252 5436 ὁ
1288 5381 1442 5451 λόγος
1473 5382 1603 5452 ἡμῖν
1634 5379 1732 5436 ὑπ-

1926 3362 2066 3429 Quid
2104 3364 2268 3433 igitur
2307 3380 2404 3434 per
2427 3365 2642 3435 aperire
2678 3374 2730 3420 et
2785 3365 3043 3422 claudere
3100 3367 3228 3423 velit
3272 3368 3430 3424 intel-

1856 3454 1950 3521 ligi
2005 3455 2437 3510 consideremus.
2491 3455 2564 3509 Ea
2614 3457 2871 3512 nimirum
2906 3459 3252 3528 aperiuntur,
3307 3474 3430 3529 qua:

1852 3545 2042 3599 clausa
2081 3557 2227 3612 sunt,
2250 3554 2301 3599 et
2338 3562 2457 3615 quae
2479 3556 2608 3601 sunt
2635 3556 2841 3616 aperta,
2872 3546 3227 3603 clauduntur.
3264 3548 3429 3604 Tem-

1852 3634 2087 3705 poribus
2118 3634 2284 3707 igltur
2318 3635 2450 3690 Elize
2478 3652 2600 3690 cum
2634 3637 2761 3690 olim
2795 3651 2988 3705 magna
3012 3637 3235 3691 siccitas
3258 3647 3426 3707 esset,

1852 3743 1914 3781 ea
1958 3743 2047 3782 res
2108 3728 2162 3781 in
2218 3725 2504 3798 Scriptura
2557 3726 2709 3782 hisce
2763 3728 2944 3782 verbis
2991 3734 3076 3782 est
3115 3727 3423 3797 explicata:

1856 3840 1873 3871 ι
1903 3820 2166 3874 Clausum
2204 3828 2291 3875 est
2340 3820 2540 3874 coelum
2597 3820 2760 3874 annis
2791 3820 2988 3883 tribus,
3038 3826 3094 3874 et
3139 3820 3426 3876 mensibus

1850 3929 1948 3969 sex
1971 3914 2038 3968 '°.
2073 3933 2091 3964 ›
2121 3911 2301 3979 Quare
2323 3927 2385 3966 ea
2422 3909 2719 3982 Scripturae
2745 3912 3014 3975 oratione,
3035 3926 3142 3981 qua
3165 3911 3428 3967 dicuntur

1849 4016 2052 4074 apertae
2088 4011 2380 4058 cataractae
2421 4004 2570 4067 caeli,
2624 4003 2924 4074 signiﬁcari
2960 4003 3201 4059 arbitror
3244 4004 3424 4075 ipsum

1847 4097 2048 4150 coelum
2085 4095 2258 4151 fuisse
2285 4096 2532 4151 clausum
2562 4105 2806 4164 tempore
2843 4096 3129 4153 siccitatis.
3157 4096 3279 4164 Quo
3300 4100 3427 4169 qui-

1849 4187 1972 4243 dem
2006 4196 2255 4258 tempore
2278 4203 2402 4242 cum
2422 4188 2673 4258 precibus
2695 4185 2828 4241 Ehae
2859 4189 3030 4243 nubes
3062 4205 3092 4244 e
3120 4191 3258 4245 mari
3291 4191 3427 4247 sub—

1849 4280 1995 4345 lata,
2041 4281 2225 4351 pluvia
2263 4280 2503 4336 demissa
2557 4280 2756 4334 caelum
2815 4280 3123 4349 aperuerit,
3183 4290 3425 4349 constat,

1851 4388 1920 4428 ne
1948 4382 2081 4427 tunc
2097 4372 2317 4443 quidem
2346 4372 2691 4427 ﬁrmamento
2721 4372 2844 4427 caeli
2873 4372 3149 4443 disrupto,
3174 4390 3242 4431 ex
3267 4376 3425 4443 aquis

1849 4479 1971 4534 qua:
2005 4479 2169 4534 super
2205 4463 2297 4518 illo
2328 4464 2590 4518 dicuntur
2636 4480 2781 4529 esse,
2822 4466 3054 4522 imbrem
3107 4465 3423 4532 deﬂuxisse,

1848 4556 1945 4611 sed
1976 4556 2174 4610 coelum
2206 4555 2466 4625 appellari
2514 4570 2719 4619 aerem,
2782 4559 2876 4626 qui
2921 4567 3128 4613 terram
3178 4559 3427 4612 ambiens

1846 4647 2144 4716 vaporibus
2196 4648 2489 4701 terminum
2549 4648 2851 4714 constituit,
2898 4664 3007 4720 quo
3061 4664 3091 4702 a
3142 4650 3427 4704 subtiliore

1849 4746 2048 4794 natura
2098 4738 2188 4792 illa
2230 4739 2513 4809 superiore
2548 4740 2930 4810 sejungantur,
2970 4740 3114 4795 ultra
3136 4755 3296 4809 quem
3347 4740 3425 4794 ni-

1849 4830 1924 4884 hil
1963 4845 2152 4883 eorum
2179 4845 2298 4900 qua;
2324 4832 2575 4899 graviora
2605 4841 2756 4897 sunt,
2789 4840 2968 4901 potest
3015 4832 3281 4900 aspirare,
3312 4845 3422 4887 nou

1848 4923 2045 4983 nubes,
2078 4936 2187 4975 non
2214 4932 2434 4986 ventus,
2483 4939 2592 4977 non
2623 4938 2813 4992 vapor,
2858 4939 2967 4978 non
2991 4922 3288 4986 exhalatio,
3312 4937 3424 4978 non

1847 5014 1981 5084 ipsae
2012 5013 2280 5071 volucres.
2335 5015 2490 5081 Quod
2524 5026 2704 5071 aulem
2746 5031 2840 5071 aer
2892 5015 2978 5068 hic
3030 5012 3308 5082 capitibus
3333 5029 3426 5067 no-

1846 5108 1979 5163 stris
2004 5108 2326 5178 impendens
2360 5108 2559 5164 coelum
2596 5110 2649 5162 in
2675 5107 2961 5177 Scriptura
2992 5112 3243 5170 vocetur,
3262 5103 3426 5161 facile

1848 5199 2218 5271 intelligimus,
2249 5200 2377 5254 dum
2407 5203 2460 5254 in
2490 5215 2552 5255 ea
2572 5200 2825 5269 legimus,
2849 5216 2868 5249 ι
2896 5195 3136 5251 volatilia
3170 5196 3296 5251 caeli
3316 5196 3422 5251 “.s

1848 5289 2042 5344 Aerem
2071 5289 2213 5343 enim
2240 5303 2336 5359 per
2360 5305 2423 5344 ea
2446 5304 2566 5358 quae
2595 5288 2649 5342 in
2684 5289 2803 5357 ipso
2831 5286 3039 5352 volant,
3079 5286 3280 5342 coelum
3310 5286 3424 5343 dici

1845 5381 2250 5452 cognoscimus.
2279 5381 2546 5435 Caeterum
2570 5380 2695 5435 licet
2707 5379 2823 5435 haec
2840 5379 2986 5437 itase
3011 5379 3267 5447 habeant,
3286 5394 3425 5436 non-

228 5562 481 5618 ”Amos.
524 5579 578 5630 ν,
613 5564 669 5619 8.
747 5563 793 5594 ¹⁹
827 5560 961 5617 Gen.
992 5561 1166 5629 vn,“
1208 5577 1327 5633 sua.
1405 5561 1449 5592 ³⁸
1484 5558 1547 5613 lll
1581 5556 1712 5629 Reg.
1743 5574 1875 5623 xvn,
1913 5558 1979 5627 9;
2014 5557 2146 5613 Luc.
2176 5574 2247 5623 Iv,
2276 5558 2367 5612 25.
2445 5557 2484 5589 ³¹
2515 5556 2651 5613 Gen.
2693 5573 2733 5627 ι,
2771 5556 2842 5614 26
2871 5573 2885 5624 ;
2919 5520 3110 5613 Matth.
3148 5571 3225 5627 vr,
3260 5554 3356 5614 26.
