3768 6000
322 148 429 208 103

1565 148 1620 202 5.
1655 145 1986 203 GRECORII
2019 147 2308 209 NYSSENI

3493 159 3600 213 ιυι

319 264 450 322 dum
485 263 756 335 explicata
778 270 864 320 est
895 263 988 319 illa
1014 264 1266 335 qurestio,
1313 264 1590 336 quomodo
1626 281 1827 337 vaporu

2075 270 2245 336 ὅσατο,
2278 270 2394 335 πῶς
2420 272 2453 342 ή
2491 272 2570 335 εἰς
2596 271 2655 325 rb
2684 270 2847 343 ξηρὸν
2878 271 2986 326 τῶν
3019 272 3210 344 ἀτμῶν
3235 275 3600 347 μεταποίησις

319 358 379 412 in
402 357 610 413 siccum
641 357 999 412 commulatio
1033 356 1313 412 humidum
1335 357 1390 411 vi
1442 366 1653 411 naturae
1705 358 1897 412 calida:

319 455 710 519 consumptum
746 448 855 503 non
886 447 1373 505 imminuat.Aliud
1403 456 1668 519 prazterea
1697 450 1895 505 ordine

319 541 579 611 sequitur
626 540 1016 611 inquirendum
1047 578 1062 605 ,
1116 540 1265 611 quod
1307 542 1653 597 accuratiore
1710 540 1896 596 studio

319 631 648 702 indagantes
664 631 811 685 forte
838 645 1263 702 consequemur.
1298 632 1513 687 Audisti
1548 631 1896 703 prophetiam

319 722 521 778 divinae
588 722 881 793 potestatis
936 722 1377 794 magnitudinem
1420 738 1487 779 ex
1538 723 1609 779 iis
1659 738 1783 793 quae
1835 724 1895 778 in

322 815 490 869 rebus
531 814 839 883 procreatis
887 812 1210 867 admiranda
1253 821 1582 879 cernuntur,
1628 828 1896 869 enarran-

320 910 427 956 tem
456 902 563 957 hoc
598 903 764 957 modo
796 920 809 956 :
854 922 871 955 ι
895 902 1032 969 Quis
1052 917 1216 957 manu
1240 902 1531 959 dimensus
1552 910 1639 959 est
1665 917 1890 973 aquam,

316 1001 371 1048 et
400 994 605 1048 cretum
654 995 859 1064 palmo,
914 1005 970 1050 ct
1016 994 1226 1065 pugillo
1277 1003 1484 1049 terram
1539 994 1897 1049 universam?

315 1084 454 1151 Quis
482 1088 539 1140 in
565 1094 769 1140 statera
801 1093 1041 1150 montes,
1075 1093 1130 1141 et
1164 1086 1337 1141 valles
1367 1086 1423 1139 in
1465 1085 1625 1140 lance
1653 1085 1895 1140 colloca-

318 1177 396 1230 vit
415 1176 492 1230 "‘i
522 1194 540 1227 ι
585 1174 680 1231 llis
712 1176 914 1240 verbis,
954 1186 1011 1230 ut
1048 1176 1308 1240 arbitror,
1338 1182 1533 1245 aperte
1565 1176 1731 1230 docet
1762 1190 1896 1246 pro-

317 1267 501 1338 pheta,
516 1267 793 1338 propriam
816 1268 1051 1338 singulis
1071 1267 1356 1323 elementis
1375 1268 1753 1337 praescriptam
1774 1283 1897 1324 esse

318 1372 658 1422 mensuram,
690 1373 719 1411 a
755 1357 850 1414 Dei
886 1359 1073 1413 omnia
1124 1359 1548 1428 complectentis
1595 1365 1893 1428 potestate,

316 1464 481 1519 quam
517 1450 610 1505 ille
634 1465 881 1516 manum,
905 1458 958 1506 et
997 1451 1263 1521 palmum,
1299 1457 1354 1506 et
1386 1450 1654 1521 pugillum
1709 1458 1895 1518 vocat,

316 1542 436 1597 suis
464 1542 894 1613 unumquodque
926 1543 1182 1599 terminis
1216 1551 1271 1598 et
1316 1543 1596 1598 mensuris
1630 1557 1896 1598 coercen-

1997 365 2095 417 οὐκ
2121 364 2332 418 ἐλαττοῖ
2359 365 2421 418 rb
2446 363 2631 436 ὑγρόν,
2657 365 2719 418 rb
2742 366 3104 437 ἐπικρατήσει
3135 367 3235 437 τῆς
3264 367 3473 440 θερμῆς
3500 370 3598 423 οὐ·

2000 455 2121 519 σίας
2159 454 2632 527 ἐκδαπανώμενον.
2671 456 2815 528 Πρὸς
2846 457 2902 510 δὲ
2933 456 3107 510 ταῦτα
3141 456 3320 520 καλῶς
3369 457 3437 511 ἂν
3479 461 3598 529 ἔχοι

1997 541 2189 612 έτέραν
2211 542 2531 597 ἀκολουθίαν
2554 542 2799 614 ἐξευρεῖν
2829 547 2893 615 τῇ
2917 544 3118 616 θεωρίᾳ
3144 544 3238 599 τοῦ
3264 539 3425 616 λόγου
3455 564 3602 619 συμ-

1998 632 2309 687 ϐαίνουσαψ
2347 633 2478 698 ἴσως
2504 634 2613 706 γὰρ
2646 635 2712 689 ἂν
2753 635 2963 704 γένοιτο
3003 638 3135 707 ἡμῖν
3179 636 3269 690 διὰ
3309 638 3411 709 τῆς
3445 637 3600 707 φιλο-

1997 728 2306 800 πονωτέρας
2369 729 2720 801 προσεδρίας,
2763 730 2838 803 μὴ
2901 730 3218 800 διαμαρτεῖν
3262 731 3361 802 τῆς
3424 748 3603 804 προσ-

1996 820 2237 891 ηκούσης
2254 823 2380 893 περὶ
2404 821 2497 876 τοῦ
2520 822 2836 893 σκέμματος
2854 820 3198 893 ὑπολήψεως.
3214 822 3464 875 Ἤκουσα
3495 821 3602 892 τῆς

1998 911 2333 982 προφητείας
2359 913 2420 965 rb
2448 911 2733 983 μεγαλεῖον
2764 912 2865 983 τῆς
2892 912 2986 965 τοῦ
3026 912 3163 965 Θεοῦ
3191 912 3479 982 δυνάμεως
3508 912 3600 965 διά

1997 999 2105 1055 τῶν
2137 1000 2195 1053 ὲν
2223 1002 2289 1072 τῇ
2332 1001 2510 1054 κτίσει
2547 1000 2843 1071 θαυμάτων
2873 1000 3200 1071 διεξιούσης,
3231 1003 3288 1055 ὲν
3314 995 3397 1064 οἷς
3425 1017 3597 1070 φησι’

2003 1108 2023 1142 ι
2060 1090 2157 1153 Τίς
2181 1091 2457 1165 ἐμέτρησε
2494 1094 2560 1162 τῇ
2609 1092 2754 1163 χειρὶ
2779 1092 2841 1147 rb
2887 1091 3052 1164 ὕδωρ,
3102 1093 3198 1146 καὶ
3236 1093 3327 1146 τὸν
3358 1092 3600 1165 οὐρανὸν

2000 1183 2278 1254 σπιθαμῇ,
2322 1185 2418 1237 καλ⁴
2450 1185 2631 1238 πᾶσαν
2665 1183 2763 1256 τὴν
2799 1185 2903 1255 γῆν
2948 1184 3144 1256 δρακί;
3178 1184 3263 1249 τίς
3291 1184 3491 1255 ἔστησε
3527 1184 3596 1237 τὰ

1999 1274 2127 1346 ὅρια
2164 1273 2411 1346 σταθμῷ,
2458 1274 2554 1329 καὶ
2582 1274 2680 1339 τὰς
2728 1274 2905 1338 νάπας
2945 1275 3127 1345 ζυγῷ;
3163 1294 3181 1327 ι
3224 1275 3290 1328 δι’
3320 1268 3397 1329 ὧν
3434 1273 3596 1345 οἶμαι

1999 1365 2186 1435 σαφῶς
2210 1365 2361 1428 ἰδίοις
2390 1366 2606 1436 μέτροις
2648 1364 2757 1419 τῶν
2794 1364 3072 1436 στοιχείων
3105 1364 3334 1417 ἕκαστον
3362 1381 3599 1436 περιγε-

1996 1456 2239 1527 γράφθαι
2260 1456 2350 1509 τὸν
2373 1455 2659 1528 προφήτην
2679 1454 2970 1520 διδάσκειν,
2990 1455 3090 1526 τῆς
3109 1455 3472 1527 περιεκτικῆς
3499 1450 3596 1507 τοῦ

1997 1542 2132 1596 Θεοῦ
2167 1542 2470 1615 δυνάμεως,
2518 1545 2583 1615 ἣν
2613 1547 2773 1616 χεῖρα
2803 1544 2899 1597 καὶ
2941 1543 3138 1616 δράκα,
3168 1544 3264 1597 καὶ
3306 1543 3598 1615 σπιθαμὴν

316 1640 447 1687 tem.
485 1633 721 1689 Necesse
746 1642 831 1689 est
865 1635 1052 1705 igitur,
1079 1635 1125 1690 si
1155 1633 1249 1689 Dei
1286 1641 1530 1706 potestas
1577 1634 1778 1689 coelum
1810 1649 1827 1687 ι

2075 1633 2278 1706 ψάζει,
2306 1634 2489 1698 ίδικῶς
2512 1634 2744 1689 ἕκαστον
2772 1634 2880 1689 τῶν
2911 1634 3079 1690 ὄντων
3106 1637 3164 1688 ὲν
3192 1635 3271 1705 τῷ
3294 1636 3598 1707 καθήκοντι

314 1741 504 1781 mensa
543 1734 648 1792 est,
680 1728 727 1783 si
755 1742 952 1782 manus
983 1727 1104 1798 ejus
1135 1742 1358 1798 aquam,
1392 1728 1436 1783 si
1482 1727 1725 1798 pugiilus
1763 1726 1898 1781 uni-

315 1834 533 1876 versam
583 1830 811 1882 terram.
866 1821 911 1876 si
947 1803 1202 1876 vallesoin
1241 1828 1447 1877 statera
1478 1820 1793 1884 constituit,
1848 1818 1895 1875 si

313 1912 594 1969 montibus
631 1912 848 1983 pondus
886 1912 1201 1983 praelinivit,
1247 1912 1429 1967 omnia
1468 1927 1784 1967 mensuram
1833 1926 1898 1967 ac

312 2002 534 2057 modum
567 2004 708 2059 tueri
745 2019 929 2069 suum,
981 2005 1118 2058 nihil
1152 2019 1347 2059 eorum
1374 2006 1585 2076 augeri,
1618 2005 1758 2058 nihil
1793 2004 1897 2058 im-

313 2093 511 2155 minui,
544 2109 666 2163 qua:
700 2110 927 2149 mensus
977 2102 1062 2149 est
1093 2094 1259 2159 Deus,
1300 2111 1534 2166 quaeque
1574 2096 1753 2166 ipsius
1799 2111 1898 2166 po-

316 2191 515 2239 testate
540 2185 936 2253 continentur;
987 2187 1032 2240 si
1068 2187 1218 2240 nulla
1261 2195 1442 2242 autem
1490 2188 1654 2243 rebus
1695 2187 1898 2243 accidit

313 2277 580 2342 accrctio,
636 2279 786 2333 nulla
824 2279 1142 2346 diminutio,
1194 2286 1254 2334 ut
1283 2280 1576 2351 prophetia
1633 2288 1892 2348 testatur,

314 2367 369 2421 in
415 2382 517 2421 sua
568 2384 799 2438 prorsus
848 2371 1283 2443 unumquodque
1327 2387 1591 2427 mensura
1634 2382 1897 2443 perpetuo

312 2466 517 2522 manet,
544 2474 667 2513 cum
701 2472 895 2515 natura
915 2460 1033 2531 ipsa
1052 2476 1231 2516 rerum
1257 2463 1669 2516 commutabilis
1697 2473 1896 2517 cuncta

311 2550 557 2606 vicissim
588 2561 892 2615 convertat,
928 2561 981 2607 et
1012 2570 1182 2607 unum
1219 2555 1275 2608 in
1316 2554 1466 2609 aliud
1501 2563 1697 2616 mutet,
1734 2555 1897 2610 idem-

313 2656 421 2710 que
454 2657 678 2695 rursum
733 2643 1097 2698 conversione
1132 2645 1554 2715 mutationeque
1597 2646 1894 2716 pristinum

313 2733 369 2785 in
404 2740 606 2787 statum
648 2732 899 2788 reducat.
933 2733 1040 2790 Sed
1068 2735 1196 2807 quia
1237 2752 1497 2808 vaporem
1528 2738 1676 2791 hunc
1718 2737 1896 2792 humi—

312 2824 441 2879 dum
480 2825 534 2878 in
562 2823 779 2880 ﬂamma
823 2826 1090 2897 positum,
1123 2828 1380 2885 siccitate
1412 2845 1510 2901 per
1540 2829 1892 2884 combustio-

2000 1728 2185 1800 μέτρῳ
2216 1726 2705 1799 περισφιγγούσης.
2750 1729 2815 1783 Ei
2845 1724 2937 1783 οὖν
2975 1728 3317 1800 μεμέτρηται
3361 1729 3599 1799 οὐρανὸς

1996 1818 2063 1887 τῇ
2096 1816 2214 1887 θείᾳ
2252 1815 2503 1886 δυνάμει,
2540 1818 2633 1869 καὶ
2661 1819 2727 1888 τῇ
2756 1819 2902 1890 χειρὶ
2921 1818 2981 1871 rb
3011 1818 3188 1890 ὕδωρ,
3217 1818 3310 1872 καὶ
3336 1821 3402 1889 τῇ
3431 1819 3597 1889 δρακὶ

1998 1912 2204 1981 πᾶσαή
2235 1911 2326 1980 γῆ,
2362 1911 2454 1964 καὶ
2489 1910 2948 1979 ζυγοστατοῦνται
2981 1914 3038 1966 αἱ
3065 1914 3258 1977 νάπαι,
3296 1914 3392 1967 καὶ
3427 1925 3597 1983 φανεο

2002 2000 2093 2071 ρδς
2133 2003 2247 2063 τοῖς
2292 2000 2473 2071 ὄρεσιν
2505 1999 2826 2071 ἀφορίζεται
2864 2001 3137 2073 σταθμὸς,
3184 2003 3401 2072 ἀνάγκη
3435 2004 3593 2055 πᾶσα

2001 2094 2183 2164 μένειν
2217 2092 2448 2145 ἕκαστον
2478 2093 2570 2145 ἐπὶ
2613 2091 2708 2145 τοῦ
2758 2092 2888 2146 ἰδίου
2923 2093 3119 2164 μέτρου
3163 2093 3257 2146 καὶ
3305 2092 3553 2164 σταθμοῦ
3576 2134 3592 2156 ,

2000 2186 2139 2257 μήτε
2186 2182 2491 2256 αὐξήσεως,
2533 2187 2671 2256 μήτε
2716 2184 3064 2249 κολοϐώσεως
3096 2186 3154 2239 ἐν
3200 2187 3313 2247 τοῖς
3347 2184 3458 2238 ὑπὸ
3498 2182 3594 2238 τοῦ

1996 2276 2131 2330 Θεοῦ
2184 2276 2640 2348 μεμετρημένοις,
2688 2278 2781 2331 καὶ
2834 2279 2926 2331 ὑπ’
2969 2275 3133 2329 αὑτοῦ
3179 2277 3597 2348 περιεχομένοις

1995 2366 2304 2440 δυναμένης
2332 2367 2606 2437 γενέσθαι.
2657 2369 2722 2422 Εἰ
2752 2364 2843 2422 οὖν
2880 2369 3016 2439 μήτε
3067 2368 3406 2439 προσθήκην,
3450 2368 3594 2438 μήτε

1996 2459 2288 2514 ἐλάττωσιν
2314 2459 2441 2532 περὶ
2462 2458 2529 2513 τὰ
2549 2460 2677 2516 ὄντα
2702 2460 3019 2531 συμϐαίνειν
3053 2462 3085 2532 ή
3109 2460 3416 2532 προφητεία
3449 2477 3597 2531 μαρ-

1994 2547 2242 2619 τύρεται,
2278 2549 2492 2613 πάντως
2528 2549 2621 2603 ἐπὶ
2655 2547 2735 2620 τῷ
2771 2550 2885 2621 ἰδίῳ
2933 2549 3164 2603 ἕκαστον
3205 2549 3389 2620 μέτρῳ
3415 2550 3597 2603 εἰσαεὶ

1995 2640 2262 2712 διαμένει,
2298 2644 2397 2713 τῆς
2425 2641 2667 2714 τρεπτῆς
2698 2641 2912 2711 φύσεως
2939 2642 3037 2711 τῆς
3068 2641 3127 2694 ὲν
3159 2644 3272 2704 τοῖς
3298 2636 3419 2695 οὖσι
3454 2640 3600 2695 θεω-

2000 2733 2288 2805 ρουμένης,
2322 2732 2499 2786 πάντα
2519 2735 2598 2796 εἰς
2620 2731 2823 2804 ἄλληλα
2846 2730 3309 2803 μεταϐαλλούσης,
3336 2732 3430 2786 καὶ
3453 2731 3600 2787 ἕκα-

1998 2842 2120 2879 στον
2146 2827 2225 2888 εἰς
2252 2824 2313 2878 τὸ
2335 2825 2519 2895 ἕτερον
2544 2823 2863 2894 ἀλλοιούσης
2884 2865 2899 2889 ,
2925 2824 3021 2877 καὶ
3059 2823 3221 2877 πάλιν
3250 2823 3344 2877 ἀπ’
3370 2822 3599 2877 ἐκείνου

314 2932 437 2971 nem
466 2917 766 2987 acquisita,
820 2919 874 2971 in
908 2920 1233 2989 qualitatem
1284 2928 1602 2976 terrestrem
1656 2921 1826 2975 transi

2075 2935 2082 2969 ι
2122 2914 2426 2986 μεταϐολῆς
2474 2931 2535 2967 τε
2573 2914 2668 2967 καὶ
2694 2911 3034 2977 ἀλλοιώσεως
3074 2914 3155 2977 εἰς
3202 2913 3264 2966 rb
3297 2912 3364 3014 ἐς
3409 2912 3601 2984 ἀρχῆς

311 3024 376 3063 ex
414 3008 701 3079 superiore
730 3009 833 3065 olei
865 3012 1119 3081 exemplo
1148 3012 1286 3068 satis
1321 3011 1694 3074 ostendimus,
1728 3010 1889 3066 dein-

313 3114 445 3169 σερε
487 3100 949 3180 considerandum
997 3109 1103 3165 est,
1155 3110 1336 3156 utrum
1383 3102 1608 3173 vaporis
1664 3102 1896 3157 materia

313 3188 368 3243 in
396 3189 733 3243 contrariam
772 3191 1098 3260 qualitatem
1130 3207 1399 3248 conversa
1443 3193 1692 3262 reliqnize
1723 3192 1898 3262 ipsius

313 3279 695 3333 combustione
716 3279 1035 3336 subtiliores
1059 3297 1124 3337 ac
1156 3283 1440 3338 tenuiores
1475 3282 1687 3338 enectae
1713 3296 1886 3353 supra

313 3383 538 3424 manere
576 3369 812 3439 possint.

1994 3000 2149 3069 αὖθις
2179 3003 2581 3074 ὲπαναγούσης.
2627 3003 2769 3057 Ἀλλ’
2799 3005 2881 3057 ὅτι
2911 3003 3008 3073 μὲν
3042 3004 3070 3056 ὁ
3106 3003 3271 3074 ὑγρὸς
3306 2996 3463 3065 οὗτος
3494 3003 3600 3056 ἀτο

2000 3097 2117 3169 μὸς,
2154 3097 2213 3149 ὲν
2246 3095 2322 3168 τῷ
2349 3095 2575 3166 φλογμῷ
2603 3095 3004 3166 διαγενόμενος,
3039 3095 3120 3159 εἰς
3150 3094 3248 3166 τὴν
3277 3094 3452 3164 γεώδη
3498 3110 3603 3165 με·

1997 3189 2243 3244 ταϐαίνει
2292 3188 2584 3258 ποιότητα,
2620 3187 2757 3258 πρὸς
2785 3187 2843 3241 rb
2882 3187 3041 3259 ξηρὸν
3095 3186 3456 3258 μεταϐληθεὶς
3496 3184 3597 3239 διὰ

1998 3280 2100 3350 τῆς
2131 3278 2494 3349 ὲξοπτήσεως,
2534 3277 2692 3331 τοῦτο
2724 3277 2781 3329 ἐν
2815 3277 2928 3340 τοῖς
2972 3275 3300 3348 προλαϐοῦσι
3326 3274 3507 3342 λόγοις
3534 3272 3603 3326 ὲὺ

2000 3370 2078 3441 τῷ
2125 3368 2268 3422 κατά
2304 3368 2365 3421 rb
2412 3367 2588 3420 ἔλαιον
2633 3367 2997 3437 ὑποδείγματι
3046 3366 3282 3437 μετρίως
3314 3363 3601 3434 νενόηται,

315 3466 537 3517 σκοπεῖν
563 3465 620 3518 δὲ
655 3465 716 3519 τὲ
754 3466 890 3538 μετά
924 3468 1080 3523 τοῦτο
1113 3471 1400 3541 προσήκει,
1428 3471 1477 3523 εἰ
1510 3471 1608 3540 τῆς
1643 3469 1777 3541 ὕλης
1805 3468 1898 3523 τοῦ
1934 3464 2110 3537 ἀτμοῦ
2151 3464 2288 3536 πρὸς
2320 3463 2420 3534 τὴν
2447 3461 2696 3516 ἐναντίαν
2742 3460 3126 3532 ἀλλοιωθείσης
3176 3459 3467 3530 ποιότητα,
3502 3458 3603 3512 δυ-

312 3556 473 3611 νατόν
495 3557 640 3611 ἐστιν
667 3559 779 3613 ἄνω
807 3561 988 3632 μένειν
1014 3562 1191 3616 ἐκεῖνο
1221 3561 1316 3615 τοῦ
1349 3561 1520 3634 ἀτμοῦ
1555 3561 1614 3615 rb
1641 3561 1915 3631 λείψανον,
1948 3560 2030 3614 ὅτι
2055 3556 2187 3612 ποτὲ
2217 3557 2469 3609 κατανοεῖ
2491 3558 2518 3608 ὁ
2538 3554 2696 3623 λόγος
2722 3553 2782 3606 rb
2804 3552 2890 3608 διὰ
2923 3553 3022 3621 τῆς
3049 3552 3393 3622 ὲξοπτήσεως
3427 3568 3603 3621 μετα-

313 3649 555 3722 ποιηθὲν,
587 3651 723 3722 πρὸς
745 3653 806 3706 rb
823 3653 1144 3726 λεπτότερόν
1172 3672 1229 3708 τε
1250 3656 1344 3709 καλ⁵
1368 3654 1760 3726 ἀφανέστερον.

384 3739 498 3797 Hoc
521 3751 704 3797 autem
736 3746 1002 3816 exemplis
1047 3746 1178 3801 item
1235 3748 1394 3802 vobis
1430 3746 1746 3803 manifestis
1797 3759 1895 3815 po-

312 3833 545 3888 tet-«imus
570 3834 925 3903 investigare.
976 3832 1166 3904 Neque
1198 3837 1345 3891 enim
1387 3836 1561 3908 fuligo
1606 3839 1695 3892 illa
1725 3836 1899 3892 subti-

313 3922 525 3977 lissima
568 3933 832 3994 perpetuo
861 3923 950 3977 hic
1005 3925 1062 3978 in
1106 3939 1232 3980 aere
1281 3935 1567 3995 permanet
1617 3926 1894 3991 sublimis,

312 4009 412 4066 sed
444 4025 541 4080 per
571 4011 717 4067 aeris
747 4012 1031 4066 raritatem
1061 4013 1129 4067 ad
1155 4021 1454 4083 cognatum
1502 4014 1608 4070 sibi
1654 4015 1899 4070 elemen-

315 4104 434 4152 tum
468 4099 769 4163 transiens,
823 4109 983 4154 terra:
1036 4109 1091 4156 et
1141 4101 1474 4170 parietibus,
1516 4110 1901 4171 tectorumque

318 4184 673 4256 laquearibus
723 4185 1074 4243 adbzerescit.
1126 4188 1283 4255 Quod
1328 4189 1397 4244 de
1443 4189 1745 4259 vaporibus
1792 4188 1900 4242 illis

2075 3734 2237 3789 Ἀλλά
2262 3734 2367 3804 μὴν
2396 3728 2552 3802 οἶμαι
2581 3731 2805 3785 δυνατὸν
2836 3725 2972 3784 εἶναι
2993 3731 3087 3786 καί⁵
3112 3739 3243 3809 περ)⁵
3271 3732 3482 3786 ἐκείνου
3504 3732 3599 3789 διὰ

2002 3825 2110 3879 τῶν
2132 3823 2422 3893 γνωρίμων
2449 3823 2576 3893 ὑμῖν
2606 3820 3023 3892 ὑποδειγμάτων
3048 3821 3432 3892 στοχάσασθαι.
3452 3824 3595 3880 Οὐδὲ

2003 3916 2114 3989 γὰρ
2138 3913 2374 3969 ἐνταῦθα
2397 3912 2458 3966 rb
2477 3912 2814 3984 λεπτομερὲς
2845 3912 2945 3982 τῆς
2968 3910 3182 3979 λιγνύος
3204 3913 3375 3966 εἰσαεὶ
3400 3912 3598 3985 διαμέ-

2003 4029 2084 4065 νει
2113 4008 2251 4064 κατὰ
2277 4007 2368 4061 τὸν
2399 4004 2537 4077 ἀέρα
2562 4005 2854 4076 μετέωρον,
2876 4002 2991 4057 ἀλλ’
3016 4003 3122 4058 ὑπὸ
3143 4004 3242 4073 τῆς
3266 4004 3596 4076 ἁραιότητος

2002 4101 2097 4156 τοῦ
2122 4102 2290 4169 ἀέρος
2320 4098 2459 4170 πρὸς
2480 4096 2542 4150 rb
2574 4095 2836 4164 συγγενὲς
2877 4094 3189 4164 διαφύεται,
3245 4097 3315 4165 γῇ
3352 4095 3448 4149 καὶ
3476 4097 3597 4150 τεί-

2005 4210 2124 4263 χεσι
2165 4191 2261 4245 καὶ
2305 4192 2417 4253 τοῖς
2445 4186 2539 4242 τοῦ
2584 4188 2786 4259 ὀρόφου
2825 4185 3004 4256 ξύλοις
3050 4186 3593 4258 περιχρωννύμενον.

317 4291 534 4348 quoque
558 4276 911 4348 cogitandum
945 4286 1051 4342 est,
1074 4285 1134 4332 ut
1177 4278 1245 4334 ad
1276 4278 1613 4348 superiorem
1652 4278 1827 4349 igneat

2075 4280 2214 4334 »κοῦν
2241 4276 2534 4335 ἀκόλουθον
2554 4276 2648 4330 καὶ
2671 4276 2799 4348 περὶ
2822 4275 3031 4329 ἐκείνου
3054 4275 3116 4329 rb
3140 4271 3255 4329 ἴσον
3275 4276 3595 4339 ὑπολαϐεῖν,

317 4383 426 4440 que
448 4369 723 4439 regionem
753 4385 782 4423 a
812 4370 991 4424 ventis
1011 4370 1445 4440 compellantur,
1486 4378 1540 4425 et
1562 4368 1616 4423 in
1658 4367 1899 4423 humidae

319 4458 598 4530 qualitatis
642 4461 1078 4516 commutatione
1130 4460 1422 4516 materiam
1492 4467 1735 4524 servent,
1786 4474 1902 4515 are-

320 4549 560 4619 factique
607 4549 675 4604 ad
718 4549 772 4604 id
808 4552 952 4621 quod
985 4553 1066 4610 eis
1096 4562 1388 4625 cognatum
1425 4561 1507 4610 est
1589 4569 1652 4609 ac
1699 4554 1898 4621 simile,

320 4643 681 4699 detrahantur
719 4642 981 4713 humique
1032 4645 1380 4702 consideant.
1420 4642 1700 4702 Naturalis
1754 4646 1902 4702 enim

321 4733 489 4789 rebus
530 4733 788 4789 omnibus
846 4735 1155 4791 attraheudi
1207 4737 1290 4792 vis
1328 4736 1494 4793 insita
1528 4744 1632 4801 est,
1689 4743 1749 4790 ut
1792 4736 1898 4790 mi-

321 4825 471 4880 nime
500 4824 801 4879 absurdum
835 4824 1109 4895 videatur,
1159 4828 1206 4883 si
1237 4842 1468 4899 vapores
1494 4828 1717 4899 quidam
1759 4827 1896 4882 sicci

323 4927 388 4967 ac
436 4920 728 4970 terrestres
780 4911 982 4978 ell'ecti,
1050 4925 1213 4971 terrae
1265 4917 1499 4974 siccitati
1537 4924 1593 4973 et
1648 4917 1899 4988 qualitati

322 5005 805 5063 commisceantur.
867 5006 1026 5073 Quod
1074 5009 1122 5064 si
1159 5025 1227 5065 ex
1267 5010 1372 5067 olei
1422 5010 1653 5067 materia
1698 5017 1897 5066 cuncta

324 5100 732 5164 constarent,in
748 5100 1134 5157 crassitudinis
1171 5104 1433 5174 qualitate
1470 5119 1703 5176 vapores
1753 5103 1902 5175 ejus-

325 5187 471 5243 modi
504 5189 559 5243 in
580 5191 816 5248 colorem
858 5193 1080 5265 nigrum
1104 5196 1394 5253 exustione
1417 5203 1901 5263 converterentur,

325 5285 378 5331 et
399 5292 468 5333 ex
492 5280 674 5348 specie
704 5281 796 5336 illa
830 5294 1149 5355 conspecta,
1200 5287 1334 5359 quid
1366 5288 1540 5353 ﬂeret,
1588 5290 1764 5346 cuivis
1811 5305 1902 5346 es-

328 5378 412 5427 set
437 5372 807 5442 perspicuum.
831 5373 1032 5434 Verum
1073 5393 1201 5450 quia
1236 5380 1607 5439 subtilissima
1645 5380 1900 5453 liquidis-

402 5545 446 5578 “
468 5547 574 5606 lsa.
609 5562 698 5615 ιι,
728 5545 812 5604 12.

2002 4372 2084 4443 ότι
2131 4371 2234 4424 ὑπὸ
2276 4369 2386 4423 τῶν
2421 4367 2746 4439 πνευμάτων
2792 4366 3058 4430 ἀνωσθεὶς
3105 4367 3134 4418 ό
3167 4366 3339 4436 ἀτμὸς
3386 4368 3465 4431 εἰς
3500 4369 3601 4421 rbv

2004 4461 2399 4534 ὑπερκείμενον
2420 4461 2514 4515 καὶ
2536 4458 2784 4529 φλογώδη
2809 4458 3007 4529 χῶρον,
3031 4458 3126 4512 καὶ
3153 4461 3211 4511 ὲν
3226 4460 3292 4529 τῇ
3318 4458 3594 4531 μεταϐολῇ

2003 4552 2104 4623 τῆς
2125 4553 2297 4625 ὑγρᾶς
2337 4550 2620 4619 ποιότητος
2643 4589 2658 4615 ,
2689 4549 2749 4602 rb
2775 4549 2958 4603 ὑλικὸν
2986 4548 3299 4612 διεσώσατο,
3346 4548 3507 4622 ξηρὸς
3536 4550 3597 4605 δὲ

2004 4644 2293 4716 γενόμενος
2317 4643 2454 4715 πρὸς
2485 4642 2545 4695 rb
2572 4641 2831 4710 συγγενὲς
2865 4636 3229 4712 καθειλκύσθη
3257 4641 3350 4695 καὶ
3378 4642 3595 4695 ἀπεκι-

2004 4737 2168 4808 τέστη
2197 4739 2289 4807 γῇ.
2331 4735 2585 4804 Ἐλκτικὴ
2615 4733 2722 4806 γὰρ
2747 4732 2856 4787 τῶν
2880 4733 3095 4787 οἰκείων
3117 4734 3346 4806 δύναμις
3375 4734 3596 4806 ἑκάστῳ

2004 4827 2113 4881 τῶν
2142 4829 2309 4882 ὅντων
2332 4828 2396 4880 ὲκ
2421 4824 2636 4894 φύσεως
2656 4824 2920 4894 ἔγκειται,
2946 4824 3022 4888 ὡς
3052 4825 3188 4897 μηδὲ
3210 4824 3314 4890 ἔξω
3339 4825 3432 4879 τοῦ
3457 4827 3596 4880 ἀκο-

2006 4918 2195 4973 λούθου
2224 4916 2323 4989 τὴν
2359 4915 2612 4985 τοιαύτην
2653 4912 2793 4970 εἶναι
2841 4916 3130 4987 ὑπόληψιν,
3167 4918 3249 4970 ὅτι
3296 4915 3462 4988 ξηρός
3504 4935 3597 4982 τις

2008 5009 2102 5063 καὶ
2123 5007 2331 5080 γεώδης
2362 5008 2391 5059 ὁ
2438 5006 2611 5077 ἀτμὸς
2633 5007 2923 5078 γενόμενος
2945 5008 3045 5078 τὴν
3074 4997 3354 5080 ποιότητα,
3386 5011 3453 5081 τῇ
3493 5009 3594 5081 ξηι-

2012 5101 2197 5173 ρότητι
2221 5099 2320 5171 τῆς
2350 5099 2454 5171 γῆς
2495 5098 2820 5172 κατεμίχθη.
2844 5101 2918 5171 Εἰ
2956 5100 3053 5172 μὲν
3090 5097 3184 5155 οὖν
3223 5096 3292 5173 ἦν
3331 5100 3597 5172 ὲλαιὼδης

2010 5194 2161 5245 πᾶσα
2189 5192 2288 5255 ri;
2327 5192 2500 5263 ὑγρᾶς
2535 5191 2721 5256 οὐσίας
2764 5194 2797 5263 ή
2850 5193 3030 5262 φύσις,
3067 5193 3285 5258 πάντως
3322 5193 3390 5248 ἂν
3423 5195 3482 5249 ἐν
3512 5195 3595 5264 τῷ

2011 5284 2320 5355 παχυμερεί
2350 5283 2452 5354 τῆς
2489 5283 2772 5355 ποιότητος
2805 5284 2940 5356 πρὸς
2973 5284 3034 5338 τὺ
3074 5286 3241 5358 μέλαν
3267 5285 3461 5359 ἔτρεψε
3484 5288 3597 5342 τῶν

2012 5374 2266 5431 τοιούτων
2290 5374 2481 5446 ἀτμῶν
2507 5376 2606 5446 τὴν
2635 5374 2802 5446 χρόαν
2827 5377 2859 5448 ή
2886 5375 3195 5449 ὲξόπτησιςσ
3224 5377 3312 5435 καὶ
3340 5378 3596 5451 ἐπίδηλον
