3768 6000
192 204 293 259 n35
763 182 835 219 “"

1391 199 1459 258 IN
1500 199 1971 259 HEXAEMERON
2004 199 2230 257 LIBER.

3330 204 3433 264 106

190 328 254 380 ἀν
286 325 422 379 πᾶσι
452 324 516 378 τὸ
554 324 837 395 γινόμενον
869 318 960 396 ἦν,
1006 324 1095 378 διὰ
1122 321 1216 379 τοῦ
1243 322 1493 393 δέχεσθαι
1541 322 1602 376 τὺ
1634 318 1678 376 εἳ

1941 337 2123 393 naque
2160 329 2355 378 natura
2384 320 2438 374 in
2476 320 2769 390 vaporibus
2789 328 2890 385 est,
2923 320 2977 375 lii
3009 336 3137 377 vero
3177 336 3243 376 eo
3268 338 3429 392 quem

190 413 551 484 δεικνύμενον.
590 415 744 467 Ἐπεὶ
769 414 827 467 δὲ
849 413 909 466 τὺ
932 412 1259 466 λεπτότατόν
1285 428 1342 465 τε
1369 411 1464 464 καὶ
1480 410 1770 463 διειδέστα-

194 522 282 557 τον
320 506 424 574 τῆς
453 505 564 558 τῶν
602 505 808 558 ὑδάτων
843 505 1058 574 φύσεως
1097 505 1156 555 ἐν
1177 505 1290 565 τοῖς
1325 504 1516 572 ἀτμοῖς
1540 501 1766 569 γίνεται,

188 592 328 649 οὗτοι
343 595 400 647 δὲ
420 596 562 648 κατὰ
591 596 681 647 τὸν
697 593 1190 665 προαποδειχθέντα
1206 594 1360 662 λόγον
1384 593 1611 646 ἐναποθέ
1618 610 1769 664 μενοι

190 685 264 755 τῷ
296 686 430 754 πυρὶ
449 686 547 755 τὴν
580 684 754 755 ὑγρὰν
783 686 1058 753 ποιότητα,
1078 685 1212 756 πρὸς
1228 685 1286 737 τὸ
1304 685 1464 755 ξηρὸν
1480 682 1771 752 ἠλλοιώθη-

192 792 305 828 σανσ
322 777 538 845 ἀνάγκη
560 778 729 840 πᾶσα,
744 775 979 844 καθαρὸν
1003 775 1158 828 τοῦτο
1178 776 1273 829 καὶ
1292 774 1524 844 ἀερῶδες
1544 772 1768 837 οἴεσθαι,

187 867 271 919 ὅτι
295 868 427 919 ποτὲ
447 866 541 919 καὶ
568 862 707 919 εἶναι
727 867 856 919 αὐτὸ
882 865 1287 937 καταλαμϐάνει
1300 867 1332 935 ἡ
1347 863 1523 917 ἔννοια
1533 863 1592 916 τὸ
1610 866 1675 933 τῇ
1694 862 1773 915 λε-

192 958 416 1028 πτότητι
432 959 721 1027 διαφεῦγον
736 957 831 1028 τὴν
847 958 1193 1027 κατανόησιν.
1221 957 1283 1009 Εἰ
1299 956 1355 1008 δὲ
1383 956 1481 1025 τῆς
1494 954 1588 1007 τοῦ
1611 954 1770 1021 λόγου

192 1050 549 1119 καταλήψεως
580 1049 1031 1119 ἀξιοπιστοτέραν
1059 1047 1231 1101 οἴεταί
1263 1064 1346 1110 τις
1371 1048 1469 1116 τὴν
1497 1045 1769 1113 αἴσθησιν,

191 1140 285 1193 καὶ
312 1140 470 1209 ζητεῖ
499 1139 579 1207 τῷ
616 1138 881 1208 όφθαλμῷ
907 1138 1032 1200 τοὺς
1060 1137 1285 1207 ἀμερεῖς
1320 1150 1379 1187 τε
1413 1135 1508 1187 καὶ
1540 1133 1767 1199 ἀφανεῖς

191 1230 432 1292 ἐκείνους
474 1229 671 1296 ὄγκους
730 1227 1025 1281 θεάσασθαι
1050 1241 1063 1255 ·
1111 1226 1287 1292 ἔξεστι
1336 1224 1413 1294 τῷ
1461 1223 1770 1294 βουλομένῳ

191 1320 382 1373 ναστὸν
402 1319 513 1373 τῶν
530 1319 785 1372 τοιούτων
814 1319 1015 1389 μορίων
1038 1318 1130 1370 τὸν
1154 1318 1295 1387 ἀέρα
1321 1316 1471 1378 ἰδεῖν,
1497 1316 1624 1368 ὅταν
1648 1317 1768 1367 εἰσ-

190 1413 411 1482 χεθεῖσα
442 1411 531 1465 διὰ
556 1410 770 1480 θυρίδος
796 1409 960 1471 αὐτὸς
983 1448 997 1471 ,
1032 1407 1386 1477 ἐκδηλότερον
1427 1409 1627 1477 ποιήσῃ
1673 1405 1766 1458 τοῦ

189 1504 353 1572 ἀέρος
394 1502 613 1564 ἐκεῖνο,
658 1501 782 1554 ὅσον
828 1500 895 1553 ἂν
941 1499 1029 1553 διά
1078 1500 1175 1569 τῆς
1210 1498 1383 1568 αὐγῆς
1419 1497 1767 1570 καταλάμψῃ.

193 1593 259 1646 '0
284 1592 393 1661 γὰρ
422 1592 484 1642 ὲν
510 1588 589 1659 τῷ
621 1588 793 1659 λοιπῷ
820 1589 941 1659 ἀέρι
969 1590 1082 1650 τοῖς
1108 1586 1404 1655 ὀφθαλμοῖς
1432 1589 1577 1639 ἐστιν
1602 1588 1769 1653 ἀνέφ-

194 1659 381 1745 ικτον,
447 1679 606 1732 τοῦτο
658 1678 745 1731 διά
790 1678 888 1746 τῆς
946 1678 1166 1738 ἀκτῖνος
1224 1678 1414 1745 ὁρᾶται
1463 1675 1520 1725 ἐν
1577 1672 1768 1745 πλήθει
1798 1659 1840 1715 Β

187 1772 403 1843 ἀπείρῳ
440 1771 583 1823 κατά
610 1770 702 1822 τὸν
735 1769 870 1840 ἀέρα
908 1768 1296 1839 στρεφόμενον.
1338 1768 1397 1820 Ὀ
1418 1762 1509 1820 οὖν
1531 1766 1768 1836 ἐπισχὼν

185 1864 401 1926 τούτοις
422 1863 515 1917 τὸν
543 1860 837 1930 ὀφθαλμὸν,
868 1860 1090 1930 εὑρήσει
1118 1858 1206 1910 ἀεὶ
1243 1857 1378 1928 πρὸς
1406 1855 1467 1909 τὸ
1495 1856 1645 1908 κάτω
1671 1854 1770 1924 τὴν

189 1956 305 2008 τῶν
345 1952 563 2006 λεπτῶν
590 1952 820 2005 ἐκείνων
855 1951 1026 2020 φορὰν
1061 1948 1487 2020 καταρρέουσαν.
1526 1948 1601 1999 Τὸ
1631 1946 1687 1998 δὲ
1714 1948 1771 1999 ἐν

188 2044 270 2114 τῷ
313 2043 471 2114 μέρει
516 2041 613 2096 τοῦ
657 2042 818 2112 ἀέρος
846 2039 1191 2109 δεικνύμενον
1222 2037 1493 2102 ἀπόδειξίς
1529 2039 1646 2090 ἐστι
1674 2036 1769 2089 τοῦ

189 2138 287 2189 καὶ
321 2136 379 2186 ἐν
410 2132 491 2202 τῷ
534 2132 700 2186 παντὶ⁴
728 2132 791 2184 τὸ
831 2130 1071 2184 τοιοῦτον
1109 2124 1282 2191 εἶναι,
1310 2127 1498 2197 ἐπειδὴ
1547 2126 1770 2196 συνεχές
1816 2150 1821 2153 τ

188 2226 311 2277 ἐστι
339 2223 400 2276 τὸ
430 2224 538 2275 πᾶν
582 2220 758 2292 ἐαυτῷ
779 2262 794 2285 ,
818 2222 913 2275 καὶ
943 2223 1007 2274 ἐκ
1036 2219 1215 2292 μερῶν
1266 2217 1681 2289 συμπληροῦται
1710 2218 1771 2270 τὺ

188 2316 332 2368 ὅλον.
377 2315 442 2366 Ei
471 2313 528 2366 δὲ
556 2314 787 2367 πάντοτε
831 2313 866 2383 ἠ
896 2311 1007 2365 τῶν
1032 2312 1243 2364 λεπτῶν
1276 2309 1481 2364 τούτων
1524 2308 1617 2361 καὶ
1641 2308 1770 2361 ἀτό-

193 2423 311 2474 μων
334 2403 483 2474 φορά
511 2402 602 2455 διά
637 2403 732 2455 τοῦ
759 2402 920 2473 ἀέρος
944 2401 1038 2454 ἐπὶ
1062 2400 1161 2471 τὴν
1184 2401 1288 2470 γῆν
1317 2397 1629 2470 καταρρέει,
1662 2414 1771 2465 φα-

190 2496 350 2567 νερὸν
378 2496 437 2548 δὲ
464 2496 548 2547 ὅτι
580 2494 642 2546 οὐ
676 2494 737 2546 τὸ
779 2494 1015 2565 αἰθέριον
1038 2487 1176 2557 εἶδος
1214 2494 1295 2555 είς
1333 2491 1506 2546 ταῦτα
1534 2489 1773 2562 θρυπτό-

194 2602 357 2655 μενον
394 2583 765 2636 διασκίδναται
792 2581 920 2652 (τὴν
944 2581 1052 2651 γὰρ
1076 2583 1156 2644 εἰς
1182 2579 1252 2633 τὰ
1289 2578 1460 2633 λεπτά
1492 2579 1689 2650 θρύψιν
1710 2594 1770 2630 τε

192 2677 288 2729 καὶ
310 2676 559 2744 διάχυσιν
583 2677 616 2745 ἡ
640 2674 733 2727 τοῦ
760 2673 931 2746 πυρὸς
958 2672 1117 2741 φύσις
1139 2672 1200 2724 οὐ
1232 2671 1428 2740 πάσχει
1450 2670 1470 2740 )
1497 2686 1512 2701 ⁸
1552 2670 1771 2738 ἀνάγκη

193 2770 345 2821 πᾶσα
375 2767 602 2819 ἐκείνων
630 2766 730 2833 τὴν
769 2764 901 2835 ὓλην
947 2763 1195 2817 κατιέναι
1243 2760 1540 2823 πιστεύειν,
1569 2752 1643 2813 ὧν
1671 2758 1770 2826 τὴν

191 2854 380 2909 ἄνοδον
408 2854 438 2905 ό
464 2853 622 2919 λόγος
650 2852 740 2904 διὰ
762 2852 871 2905 τῶν
905 2852 1092 2922 ἀτμῶν
1120 2849 1447 2921 ἐθεώρησεν,
1468 2846 1607 2899 ὥστε
1630 2844 1772 2916 ὑγρά

194 2944 296 3013 μὲν
323 2944 459 2995 ὄντα
507 2942 613 2994 ὑπὸ
654 2941 754 3009 τῆς
784 2941 992 3011 θερμῆς
1023 2938 1345 2993 ἀνέλκεσθαι
1390 2937 1604 3006 φύσεως
1626 2974 1641 2999 ,
1673 2936 1769 2988 ὲκ-

194 3034 467 3089 καυθέντα
506 3033 563 3085 δὲ
594 3032 685 3085 καὶ
707 3031 881 3101 γεώδη
914 3030 1202 3100 γενόμενα,
1232 3028 1426 3099 μηκέτι
1456 3029 1513 3079 ὲν
1537 3026 1614 3096 τῷ
1645 3025 1776 3095 πυρὶ

194 3123 536 3192 κρατεῖσθαι,
561 3122 695 3175 ἀλλά
719 3122 853 3192 πρὸς
868 3122 966 3191 τὴν
984 3123 1085 3191 γῆν
1109 3120 1266 3173 πάλιν
1291 3114 1770 3172 ἀποκαθίστασθαι.

196 3217 474 3285 Καθάπερ
507 3215 563 3267 δὲ
610 3215 710 3284 τῆς
757 3216 814 3266 ἐν
856 3214 988 3283 ἡμῖν
1032 3212 1241 3285 τροφῆς
1291 3213 1370 3273 εἰς
1416 3209 1618 3279 λεπτήν
1655 3224 1777 3261 τινα

195 3307 465 3373 ποιότητα
505 3304 593 3357 διά
618 3304 716 3373 τῆς
749 3302 967 3371 πέψεως
1006 3300 1410 3369 ἁλλοιωθείσης,
1440 3291 1484 3365 ᾧ
1515 3297 1579 3351 ἂν
1605 3297 1776 3367 ἐμπε-

200 3399 356 3453 λάσει
383 3397 474 3450 διὰ
505 3398 600 3466 τῆς
627 3380 931 3456 ἀναδόσεως
959 3393 1116 3463 μέρει
1142 3391 1238 3444 τοῦ
1264 3390 1533 3461 σώματος,
1570 3388 1775 3441 ἐκείνου

198 3483 489 3554 προσθήκη
505 3482 565 3533 τὸ
585 3480 961 3550 ἀναδιδόμενον
978 3480 1204 3547 γίνεται,
1239 3480 1326 3531 atat
1348 3477 1597 3547 ποικίλης
1610 3474 1778 3546 οΰσης

196 3576 254 3626 ἐν
279 3578 346 3644 τῇ
365 3573 626 3625 συστάσει
641 3571 736 3625 τοῦ
754 3570 1002 3641 σώματος
1013 3570 1110 3639 τῆς
1124 3569 1232 3622 τῶν
1254 3568 1429 3639 μελῶν
1443 3568 1700 3637 διαφορᾶς
1720 3566 1777 3618 ἐν

193 3664 275 3733 τῷ
289 3662 444 3733 ξηρῷ
458 3680 519 3715 τε
538 3662 631 3715 καὶ
660 3660 831 3731 ὑγρῷ,
856 3660 947 3713 καὶ⁹
974 3658 1049 3729 τῷ
1069 3660 1275 3712 καίοντι
1301 3659 1394 3710 καὶ
1422 3656 1501 3726 τῷ
1521 3656 1745 3726 ψύχοντι
1759 3673 1772 3686 '

196 3756 326 3824 παρ’
360 3746 437 3805 ὧν
466 3752 533 3805 ἂν
559 3751 785 3820 γένηται
810 3750 870 3803 τὸ
899 3750 1016 3820 τῆς
1037 3750 1243 3820 τροφῆς
1281 3749 1463 3819 μέρος,
1489 3749 1663 3800 ἐκεῖνο
1694 3747 1777 3814 γί-

194 3860 370 3905 νεται,
413 3842 442 3894 δ
487 3842 549 3894 τὸ
592 3841 952 3911 ὑποκείμενον
986 3838 1126 3892 κατά
1164 3838 1325 3907 φύσιν
1357 3841 1504 3892 ἐστὶν
1543 3838 1640 3907 (τὺ
1671 3838 1778 3907 γὰρ

196 3933 536 4001 ἐπικρατοῦν
566 3932 838 4002 εὐκαίρως
878 3931 976 4002 τὴν
1007 3929 1314 4000 λεπτότητα
1348 3930 1446 3999 τῆς
1478 3929 1778 3991 ἀναδόσεως

195 4024 377 4093 ἐαυτῷ
409 4022 835 4092 προσῳκείωσε)
858 4037 873 4052 ο
909 4020 1001 4072 τὸν
1039 4018 1201 4073 αὐτὸν
1231 4020 1430 4091 τρόπον
1452 4017 1780 4088 ἀνεπαίσθη-

195 4131 292 4177 to;
325 4114 541 4181 γίνεται
591 4112 680 4165 διὰ
722 4110 830 4164 τῶν
869 4110 1092 4182 ἀμερῶν
1139 4110 1363 4163 ἐκείνων
1407 4110 1584 4177 δγκων
1627 4110 1660 4180 ἡ
1693 4108 1779 4163 ἀεὶ

192 4203 459 4271 γινομένη
480 4204 549 4271 τῇ
570 4204 640 4272 γῇ
666 4200 971 4271 προσθήκη.
1001 4200 1143 4252 Διότι
1159 4201 1321 4252 παντὶ
1347 4199 1421 4270 τῷ
1438 4200 1779 4270 ὑποκειμένῳ

1872 429 2042 483 supra
2074 414 2315 468 diximus
2348 411 2531 480 modo,
2571 414 2626 466 in
2659 413 2782 482 igne
2799 412 2961 482 positi
2986 414 3301 483 qualitatem
3330 416 3430 467 hu-

1868 500 2071 554 midam
2092 502 2145 554 in
2162 502 2365 556 siccam
2380 509 2723 564 convertunt,
2739 516 2964 556 necesse
2977 510 3081 565 est,
3099 504 3431 572 utquidquitl

1867 590 2001 644 illud
2039 590 2224 655 fuerit,
2248 593 2393 661 quod
2423 608 2487 648 ex
2517 593 2626 648 illis
2652 593 2933 647 redactum
2962 594 3145 646 animo
3184 608 3427 662 compre-

1870 677 2239 744 henderimus,
2260 696 2454 751 purum
2485 688 2540 736 et
2560 694 2777 736 aereum
2795 679 3019 749 aliquid,
3049 680 3191 748 quod
3220 681 3433 735 subtili-

1871 778 1982 825 tate
2017 784 2118 825 sua
2152 772 2519 841 cognitionem
2549 771 2784 842 eﬂ‘ugiat,
2815 773 3135 842 cogitemus.
3168 770 3262 826 Sin
3290 773 3437 841 quis-

1871 861 2013 930 piam
2053 864 2238 918 sensui
2269 864 2443 932 magis
2471 878 2633 933 quam
2663 862 2860 917 rationi
2892 862 3220 918 credendum
3259 872 3432 933 putat,

1872 952 2178 1021 quaeritque
2211 953 2390 1007 oculis
2416 953 2693 1007 individua
2731 967 2796 1007 ac
2824 967 2965 1008 caeca
2989 952 3078 1006 illa
3112 956 3433 1021 corpuscula

1870 1042 2139 1106 contueri,
2176 1043 2225 1097 is
2258 1042 2458 1112 poterit
2498 1057 2676 1098 aerem
2708 1043 2910 1098 talibus
2943 1044 3223 1112 particulis
3264 1043 3433 1097 refer-

1871 1139 1986 1186 tum
2014 1134 2283 1202 aspicere,
2318 1135 2536 1203 quando
2558 1133 2695 1188 radii
2724 1135 2857 1190 solis
2890 1149 2983 1203 per
3016 1134 3310 1189 fenestram
3342 1150 3436 1189 ex-

1875 1223 2037 1291 cepti,
2101 1238 2222 1278 eam
2274 1224 2416 1279 aeris
2468 1233 2676 1294 partem
2735 1225 3019 1280 clariorem
3080 1225 3432 1288 reddiderint,

1872 1328 1992 1382 quae
2029 1314 2317 1383 splendore
2366 1314 2530 1370 fuerit
2574 1316 2866 1372 illustrata.
2901 1316 3002 1372 Hic
3040 1318 3181 1372 enim
3225 1318 3432 1372 inﬁnita

1871 1405 2328 1474 corpusculorum
2358 1406 2414 1460 in
2442 1421 2571 1462 aere
2595 1408 2935 1462 volitantium
2972 1408 3279 1470 multitudo,
3316 1425 3435 1477 quat:

1872 1493 1926 1547 in
1958 1495 2169 1565 reliquo
2202 1497 2346 1551 aeris
2373 1498 2550 1566 spatio
2586 1500 2760 1554 oculis
2789 1498 2935 1554 cerni
2970 1514 3078 1553 non
3119 1508 3314 1568 potest,
3343 1514 3432 1551 ra-

1871 1582 2083 1640 diorum
2128 1586 2392 1643 beneﬁcio
2426 1590 2770 1659 perspicitur.
2805 1590 2864 1645 Si
2901 1591 3025 1661 quis
3058 1591 3222 1659 igitur
3262 1591 3433 1644 aciem

1867 1676 2148 1731 oculorum
2204 1678 2515 1746 intenderit,
2545 1682 2867 1750 corpuscula
2914 1682 3001 1735 illa
3040 1681 3261 1736 subtilia
3295 1681 3433 1733 assi-

1870 1766 1977 1822 due
2015 1767 2308 1823 deﬂuentia
2335 1769 2592 1825 deorsum
2634 1771 2764 1825 ferri
2804 1772 3118 1840 conspiciet.
3154 1770 3308 1837 Quod
3338 1786 3435 1824 an-

1868 1864 1976 1912 tem
2007 1858 2062 1911 in
2094 1872 2197 1913 una
2224 1867 2376 1929 parte
2409 1860 2553 1915 aeris
2577 1861 2903 1924 ostenditur,
2932 1862 3134 1916 indicio
3154 1871 3259 1925 est,
3290 1861 3431 1915 idem

1869 1947 1923 2001 in
1958 1948 2212 2002 universo
2258 1949 2461 2004 mundo
2501 1949 2637 2014 ﬁeri,
2678 1950 2943 2020 siquidem
2989 1953 3128 2006 inter
3164 1967 3222 2007 se
3260 1953 3437 2006 conti-

1869 2054 2011 2094 nuus
2040 2046 2144 2099 est,
2184 2049 2239 2095 et
2277 2056 2345 2095 ex
2396 2042 2643 2109 partibus
2681 2050 3022 2113 compactos.
3053 2044 3223 2098 Porro
3271 2044 3315 2099 si
3359 2053 3436 2097 te-
3540 2076 3543 2077 ν

1869 2129 1998 2182 nuia
2029 2129 2144 2183 hanc
2176 2130 2563 2201 individuaque
2596 2133 2943 2201 corpuscula,
2976 2149 3097 2203 qum
3120 2134 3174 2188 in
3207 2150 3333 2190 aere
3351 2134 3429 2202 ja-

1869 2228 2106 2286 ctantur,
2136 2221 2191 2275 in
2226 2229 2426 2276 terram
2467 2222 2753 2278 deﬂuunt:
2794 2231 3112 2293 certumque
3153 2235 3237 2279 est
3272 2225 3438 2280 atthe-

1869 2309 2007 2363 riam
2061 2312 2296 2381 speciem
2348 2327 2459 2367 non
2509 2313 2744 2382 discerpi
2796 2314 2852 2367 in
2899 2329 2961 2369 ea
3009 2329 3109 2370 nec
3157 2315 3437 2385 dissipari,

1870 2403 2089 2472 quando
2143 2402 2573 2459 contractionem
2617 2414 2778 2475 atque
2817 2404 3134 2460 ell‘usionem
3169 2406 3436 2474 ejusmodi

1869 2506 1978 2546 non
2002 2493 2207 2561 patitur
2233 2494 2372 2564 ignis
2403 2502 2594 2549 natura
2621 2513 2634 2549 :
2675 2509 2899 2551 necesse
2925 2503 3004 2551 est
3042 2504 3099 2549 ut
3127 2499 3437 2559 credamus,

1869 2583 2160 2638 materiam
2191 2599 2314 2639 esse
2348 2583 2563 2640 illorum
2597 2601 2880 2656 vaporum,
2915 2602 3146 2657 quorum
3178 2587 3437 2658 digestio—

1870 2688 1993 2727 nem
2027 2680 2153 2729 ante
2184 2674 2692 2730 consideravimus:
2730 2677 2823 2745 qui
2855 2692 2979 2730 cum
3009 2677 3217 2730 humidi
3250 2677 3380 2743 sint,
3408 2693 3438 2731 a

1870 2760 2045 2815 calida
2085 2761 2436 2816 attrahuntur
2477 2771 2697 2828 natura,
2736 2765 3025 2835 exustique
3054 2780 3117 2820 ac
3148 2774 3437 2821 terrestres

1871 2849 2071 2915 eﬂ'ecti,
2096 2867 2204 2906 non
2232 2854 2464 2921 amplius
2488 2854 2543 2907 in
2563 2869 2687 2910 aere
2707 2855 3075 2921 continentur,
3100 2856 3191 2912 sed
3219 2874 3436 2911 rursum

1875 2941 1932 2995 in
1961 2949 2165 2996 terram
2190 2953 2563 2999 revertuntur.
2586 2946 3050 3010 Quemadmodum
3077 2954 3256 3002 autem
3284 2949 3442 3003 cibus

1879 3031 1933 3085 in
1983 3032 2143 3086 nobis
2194 3048 2290 3101 per
2335 3034 2743 3090 concoctionem
2796 3036 2852 3090 in
2898 3044 3111 3092 tenuem
3149 3039 3438 3107 quamdam

1877 3125 2204 3194 qualitatem
2225 3125 2561 3190 immutatur,
2601 3136 2656 3183 et
2692 3129 3001 3199 cuicunque
3028 3131 3275 3201 corporis
3301 3133 3439 3201 parti

1876 3231 1973 3285 per
2004 3215 2361 3285 digestionem
2409 3219 2724 3282 accesserit,
2753 3235 2872 3275 eam
2903 3230 3085 3290 auget,
3123 3237 3351 3291 cumque
3385 3222 3439 3276 iu

1876 3305 2126 3374 corporis
2155 3307 2547 3362 constitutione
2580 3308 2731 3361 varia
2766 3310 2837 3364 sit
2866 3309 3228 3364 membrorum
3258 3310 3310 3362 in
3342 3309 3442 3364 sic-

1877 3411 1943 3450 co
1972 3406 2025 3450 et
2054 3396 2300 3462 humido,
2335 3407 2389 3452 et
2417 3398 2594 3452 calido
2628 3407 2683 3453 et
2716 3398 2915 3469 frigido
2944 3400 3267 3464 diﬂ‘erentia,
3306 3417 3441 3470 quo-

1877 3502 2092 3557 cunque
2146 3499 2445 3545 coucoctus
2501 3493 2857 3560 digestusque
2913 3493 3251 3560 pervenerit,
3317 3493 3442 3547 talis

1876 3579 2075 3643 evadit,
2111 3580 2290 3650 qualis
2327 3589 2411 3635 est
2444 3594 2508 3635 ea
2550 3583 2799 3649 corporis
2826 3595 2951 3649 pars
2985 3596 3015 3634 a
3062 3597 3168 3651 qua
3210 3585 3443 3651 suscipi-

1877 3678 1988 3734 tur,
2016 3686 2137 3739 quae
2172 3671 2391 3740 quidem
2431 3679 2735 3741 opportune
2773 3672 3091 3727 tenuitatem
3127 3673 3444 3743 digestionis

1877 3760 2310 3827 comprehendit.
2336 3774 2565 3830 eamque
2592 3760 2695 3814 sibi
2716 3762 3112 3826 accommodat,
3134 3771 3189 3817 et
3214 3761 3441 3816 similem

1878 3856 1942 3896 ac
1970 3844 2247 3913 propriam
2277 3846 2450 3900 reddit
2481 3864 2495 3900 :
2523 3846 2712 3901 eodem
2739 3857 2895 3916 pacto
2921 3849 3048 3903 licet
3084 3865 3190 3904 non
3238 3850 3443 3904 sentia-

1878 3943 1987 3996 tur,
2034 3936 2254 3990 assidua
2303 3945 2458 3992 terrae
2497 3937 2554 3991 ﬁt
2611 3940 2855 3995 accessio
2900 3954 2996 4008 per
3032 3941 3309 3995 individua
3352 3941 3443 3995 illa

1879 4026 2225 4093 corpuscula.
2268 4025 2633 4091 Quamobrem
2674 4030 2934 4099 quidquid
2975 4031 3170 4085 alicubi
3205 4035 3446 4089 cohaese—

1878 4114 1970 4179 rit,
2010 4122 2063 4169 et
2093 4116 2378 4181 coaluerit,
2414 4116 2561 4172 illius
2595 4119 2766 4188 partis
2805 4134 2834 4172 ιι
2861 4134 2967 4188 qua
2998 4129 3307 4189 susceptum
3337 4133 3442 4183 est,

1882 4215 2135 4261 naturam
2167 4208 2336 4269 subit,
2370 4208 2536 4278 [itque
2564 4210 2719 4280 gleba
2747 4211 2800 4263 in
2835 4210 3014 4279 gleba,
3053 4225 3217 4266 arena
3247 4213 3300 4264 in
3324 4227 3446 4266 are-

196 4292 541 4362 συμφυέντα,
567 4292 702 4361 ὅπερ
730 4291 796 4344 ἂν
819 4290 939 4344 κατ’
965 4288 1203 4363 οὐσίανῇ
1234 4290 1294 4342 τὸ
1314 4282 1615 4360 δεχόμενον,
1644 4307 1684 4341 π

1958 4340 1973 4363 ,
2013 4299 2151 4367 lapis
2198 4299 2254 4352 in
2307 4300 2504 4368 lapide,
2541 4308 2595 4354 et
2633 4300 2688 4353 in
2740 4299 2997 4354 universo
3026 4300 3362 4368 universum,
3391 4310 3446 4355 ct

197 4385 421 4453 ἐκείνην
450 4382 715 4453 ἠλλοιώθη
760 4382 859 4452 τὴν
897 4383 1081 4451 φύσιν,
1124 4383 1218 4435 καὶ
1245 4381 1461 4450 ἐγένετο
1506 4381 1676 4451 βῶλος
1720 4382 1777 4435 ἐν

198 4474 381 4545 βώλῳ,
414 4476 513 4526 καὶ
541 4473 771 4543 ψάμμος
797 4473 855 4524 ἐν
871 4473 1102 4542 ψάμμῳ,
1129 4474 1224 4541 καὶ
1250 4472 1394 4535 λίθος
1418 4473 1473 4524 ὲν
1498 4472 1660 4541 λίθῳ,
1687 4473 1780 4524 καὶ

198 4567 255 4618 ὲν
281 4566 453 4618 παντὶ
474 4566 604 4627 πᾶν,
632 4565 827 4633 ὅτιπερ
849 4564 915 4616 ἂν
937 4564 1073 4635 τύχῃ
1104 4563 1211 4615 τῶν
1243 4564 1610 4634 στερροτέρων
1630 4563 1781 4628 δεξά-

201 4674 382 4725 μενον,
425 4655 565 4725 πρὸς
590 4654 650 4706 τὸ
699 4654 1033 4724 ἐπικρατοῦν
1066 4651 1348 4723 μετετέθη.
1382 4653 1444 4704 Εἰ
1477 4652 1532 4705 δὲ
1573 4652 1779 4705 δυσπα-

202 4749 465 4817 ράδεκτον
502 4745 672 4799 οῑεταί
714 4763 797 4809 τις
850 4743 943 4797 τοῦ
992 4743 1138 4796 λίθου
1186 4743 1284 4811 τὴν
1319 4742 1641 4796 ἀντιτυπίαν
1682 4741 1781 4812 τῆς

132 4862 147 4875 -
199 4840 457 4908 τοιαύτης
497 4838 838 4907 προσθήκης,
879 4834 980 4888 κᾶν
1007 4838 1035 4888 ὁ
1061 4834 1217 4903 λόγος
1240 4833 1301 4887 τὸ
1326 4833 1612 4886 ἀκόλουθον
1644 4831 1743 4904 ἔχῃ
1762 4871 1778 4895 ,

202 4930 347 4998 ὅμως
377 4929 493 4998 ἐγὼ
520 4929 657 4998 πρὸς
687 4928 814 4989 τοὺς
838 4927 1014 4980 ταῦτα
1046 4926 1376 4997 φρονοῦντας
1401 4965 1416 4989 ,
1441 4924 1593 4978 οὐδὲν
1629 4921 1779 4994 οἶμαι

198 5025 307 5077 δεῖν
332 5023 758 5094 ἀντιμάχεσθαι.
785 5022 951 5075 Οὐδὲν
972 5021 1080 5093 γὰρ
1108 5022 1218 5088 ἕξει
1241 5022 1304 5075 τὺ
1322 5021 1470 5081 είκός
1496 5023 1529 5091 ή
1559 5020 1779 5090 θεωρία,

198 5118 286 5170 διὰ
316 5117 654 5186 πνευμάτων
685 5114 794 5167 ἀπὸ
836 5112 929 5165 τοῦ
957 5114 1030 5183 μὴ
1065 5111 1481 5183 περιδεχομένου
1503 5150 1517 5172 ,
1550 5110 1686 5182 πρὸς
1723 5110 1783 5163 τὸ

200 5206 586 5276 συμφυόμενον
613 5205 712 5272 τῆς
732 5202 942 5257 ἀνωθεν
963 5201 1057 5255 τοῦ
1078 5201 1311 5269 γεώδους
1331 5200 1590 5270 ἐπιρῤοῆς
1616 5216 1783 5269 μετα-

200 5296 530 5365 πιπτούσης.
549 5296 691 5347 Ἀλλ’
712 5296 829 5365 ἐρεῖ
844 5311 926 5356 τις
943 5292 1072 5356 ἴσως
1088 5292 1161 5363 μὴ
1180 5293 1314 5361 πρὸς
1331 5292 1419 5344 τὸν
1440 5290 1568 5342 ἴδιον
1584 5289 1784 5342 σκοπὸν

202 5387 419 5459 βλέπειν
440 5388 532 5441 τὸν
550 5388 709 5454 λόγον
735 5388 768 5457 ἠ
779 5385 915 5457 μῶν,
932 5384 1068 5438 ἀλλά
1084 5384 1376 5455 προθέσθαι
1395 5382 1494 5452 μὲν
1510 5379 1783 5443 ἀποδεῖξαι

201 5482 297 5552 τὴν
314 5478 487 5550 ὑγρὰν
512 5478 678 5548 φύσιν
696 5478 788 5529 ἐπὶ
805 5476 898 5529 τοῦ
915 5474 976 5539 ἐξ
1000 5477 1171 5549 ἀρχῆς
1191 5474 1386 5545 μέτρου
1402 5473 1562 5543 μέχρι
1588 5471 1785 5533 παντὸς

200 5572 588 5643 διαμένουσαν,
621 5569 809 5623 λαθεῖν
841 5568 899 5620 δὲ
934 5570 997 5619 τὶο
1023 5568 1259 5623 ἐναντίον
1293 5563 1781 5629 κατασκευάζοντα.

392 5667 681 5727 Parnm;
724 5662 840 5720 Gn.
880 5660 1091 5721 XLIV.

1878 4389 2241 4460 quodcunque
2280 4389 2443 4445 fuerit
2480 4389 2738 4453 solidum,
2768 4389 2901 4445 illud
2925 4406 2953 4443 a
2988 4406 3097 4459 quo
3123 4391 3445 4460 suscipitur,

1878 4478 1933 4531 in
1972 4477 2210 4544 ejusdem
2242 4487 2493 4533 naturam
2524 4486 2911 4534 commutatur.
2945 4479 3100 4545 Quod
3147 4480 3193 4535 si
3237 4484 3360 4550 quis
3391 4482 3448 4535 in

1878 4567 2054 4636 lapide
2086 4576 2308 4636 propter
2340 4568 2598 4623 duritiam
2627 4556 2779 4639 putet
2809 4585 2930 4625 esse
2955 4569 3190 4634 diiIicile,
3229 4572 3354 4625 licet
3393 4570 3447 4625 id

1878 4660 2055 4728 ipsum
2102 4660 2244 4713 ratio
2288 4661 2635 4729 persuadeat,
2681 4676 2781 4731 ego
2820 4670 3001 4716 tamen
3047 4676 3171 4715 cum
3213 4661 3305 4714 illo
3336 4675 3447 4712 non

1880 4748 2188 4803 decertabo.
2226 4747 2591 4803 Nihilominus
2622 4750 2767 4803 enim
2789 4748 3126 4811 conﬁcietur,
3155 4746 3298 4815 quod
3323 4759 3448 4812 pro-

1879 4838 2112 4908 positum
2141 4847 2243 4902 est,
2268 4852 2390 4892 cum
2414 4840 2689 4893 terrestris
2718 4838 2944 4891 materia
2970 4838 3224 4891 deorsum
3248 4833 3443 4897 ﬂuens.

1880 4943 1911 4982 a
1942 4928 2187 4997 partibus
2216 4943 2334 4982 eam
2374 4944 2484 4982 non
2525 4928 2950 4998 suscipientibus
2984 4926 3049 4978 ad
3081 4924 3447 4993 suscipientes

1881 5036 1911 5074 ει
1942 5021 2113 5075 ventis
2138 5018 2521 5074 transferatur.
2548 5020 2616 5071 At
2646 5018 2844 5087 aliquis
2866 5016 3009 5070 dicet
3045 5014 3298 5076 fortasse,
3330 5028 3448 5067 ora-

1883 5112 2081 5165 tionem
2107 5121 2347 5164 nostram
2376 5124 2486 5163 non
2520 5124 2585 5163 eo
2621 5109 2862 5169 tendere,
2887 5120 2995 5175 quo
3018 5104 3400 5175 proposuimus
3430 5122 3442 5158 :

1882 5202 2040 5257 nobis
2087 5201 2231 5255 enim
2280 5200 2450 5256 fuisse
2507 5200 2875 5269 propositum,
2937 5205 2996 5251 ut
3035 5196 3447 5253 ostenderemus

1884 5309 2080 5364 aquam
2111 5308 2325 5361 semper
2357 5294 2411 5346 in
2434 5306 2495 5346 ea
2522 5306 2799 5355 mensura,
2827 5306 2987 5361 quam
3009 5292 3164 5346 initio
3186 5291 3445 5351 obtinuit,

1884 5395 2243 5453 permanere;
2278 5380 2648 5450 imprudenter
2676 5389 2854 5436 autem
2890 5384 3017 5436 illuc
3042 5397 3164 5438 esse
3197 5397 3447 5451 progres-

1886 5488 1998 5535 sos,
2044 5480 2103 5525 ut
2125 5474 2457 5526 contrarium
2495 5472 2982 5529 conﬁrmarcmus:
3025 5475 3138 5528 sive
3182 5486 3324 5526 ctum
3364 5472 3448 5523 di-

1887 5562 2021 5634 gesti
2052 5574 2278 5631 vapores
2318 5561 2371 5616 in
2416 5563 2537 5631 igne
2567 5561 2907 5631 consideant,
2950 5563 3064 5618 sive
3111 5566 3445 5613 revertantur

3128 5655 3161 5701 4
