3746 5994
358 243 458 297 107

1582 250 1639 308 S.
1679 248 2007 308 GREGORII
2033 249 2320 308 NYSSENI

3509 262 3613 319 108

356 373 409 425 in
439 375 637 423 terram
667 385 679 421 :
719 374 948 436 utraque
993 381 1050 422 re
1085 368 1498 426 diminutionem
1529 384 1685 440 aquas
1721 370 1919 440 pariter

2098 386 2150 423 τε
2174 369 2282 441 γὰρ
2306 372 2365 423 ἐν
2391 369 2473 443 τῷ
2503 373 2637 443 πυρὶ
2663 371 2726 425 τὸ
2754 371 3138 442 ἀναδιδόμενον
3170 374 3340 443 μένοι,
3371 376 3480 428 εῐτε
3514 378 3610 433 καὶ

352 459 528 528 sequi,
558 473 732 527 eoque
759 459 880 527 ipso
921 460 1134 528 c0piam
1178 474 1444 529 aquarum
1490 460 1728 525 ostendi,
1777 461 1924 531 quod

352 549 578 604 omnino
632 563 847 619 semper
892 551 1270 606 absumantur.
1321 550 1706 608 Necessarium
1758 553 1924 623 igitur

350 640 478 702 erit,
510 647 569 693 ut
598 654 779 693 rerum
804 648 1055 695 naturam
1099 642 1294 696 iterum
1337 643 1768 706 consideremus,
1811 656 1923 712 quo

353 727 654 797 disputatio
692 737 881 784 nostra
911 729 1116 787 rectius
1159 743 1256 801 per
1285 731 1458 802 ipsam
1495 730 1565 785 ad
1601 731 1760 786 linem
1789 743 1920 800 pro-

353 819 588 889 positum
621 821 975 890 perducatur.

423 1094 681 1161 Quaenam
715 1095 882 1165 igitur
909 1101 995 1149 est
1036 1107 1223 1149 rerum
1259 1094 1495 1148 natura?
1527 1093 1668 1148 Nihil
1708 1108 1919 1160 eorum,

348 1201 474 1255 qua:
519 1191 821 1238 cernuntur
872 1185 1066 1238 ordine
1117 1193 1317 1238 terram
1368 1183 1596 1247 ambire,
1639 1192 1920 1246 constans,

351 1277 588 1340 iirmum,
631 1284 683 1330 et
731 1276 1070 1330 immutabile
1119 1275 1481 1331 constitutum
1527 1282 1612 1330 est
1649 1287 1690 1328 ~a
1737 1287 1921 1329 rerum

345 1367 592 1422 omnium
623 1367 817 1437 opiﬂce
866 1361 1017 1422 Deo:
1060 1367 1156 1421 sed
1191 1366 1376 1420 omnia
1410 1367 1552 1420 inter
1581 1377 1641 1420 se
1677 1365 1922 1420 vicissim

351 1467 776 1514 commutantur.
803 1459 951 1514 Inest
977 1458 1122 1513 enim
1153 1455 1400 1528 quasdam
1425 1457 1530 1521 vis,
1557 1457 1716 1526 cujus
1738 1469 1926 1526 perpe-

352 1557 447 1604 tuo
476 1548 712 1618 quodam
753 1548 814 1602 in
841 1547 1038 1602 orbem
1068 1555 1219 1600 motu
1265 1552 1468 1600 cuncta
1511 1544 1626 1600 haec
1661 1544 1922 1600 inferiora

353 1639 821 1707 circumaguntur,
865 1645 920 1692 et
951 1643 1357 1706 permutantur,
1384 1648 1714 1706 rursumque
1748 1636 1804 1689 in
1837 1649 1920 1691 sc-

2029 460 2295 531 ξηρανθὲν
2311 461 2473 516 πάλιν
2487 460 2580 516 ἐπὶ
2593 463 2692 534 τήν
2713 463 2816 534 γῆν
2841 462 3214 534 ἐπανέρχοιτο,
3233 466 3322 536 ῐση
3345 465 3466 520 καθ’
3483 468 3611 522 ἐκά-

2028 567 2186 625 τερον
2205 554 2238 624 ή
2277 552 2373 606 τοῦ
2395 553 2585 618 ὕδατος
2609 555 2906 618 ἐλάττωσις
2937 554 3090 608 ἔσται
3107 572 3120 586 ο
3157 557 3254 609 καὶ
3276 557 3426 611 οὐδὲν
3447 554 3611 633 ἦττον

2009 642 2117 696 ,διὰ
2135 638 2235 713 τῆς
2254 643 2602 714 κατασκευῆς
2629 644 2831 716 ταύτης
2857 645 3132 712 ἀναγκαία
3149 644 3423 701 δείκνυται
3454 649 3490 718 ή
3515 647 3610 702 τοῦ

2027 734 2196 804 ὑγροῦ
2235 735 2542 805 περιουσία,
2585 735 2673 790 διά
2707 736 2770 790 τὸ
2801 736 3019 800 πάντως
3051 737 3223 790 είσαεὶ
3245 737 3608 794 δαπανᾶσθαι.

2027 824 2237 878 υύκοῦν
2257 825 2550 894 ἀναγκαῖον
2564 826 2630 881 ἀν
2649 825 2736 897 εἴη
2766 827 2903 899 πρὸς
2927 827 3018 882 τὸν
3045 827 3200 897 λόγον
3214 827 3422 892 τοῦτον,
3445 831 3610 885 πάλιν

2027 914 2127 984 τὴν
2149 913 2312 984 φύσιν
2329 915 2439 969 τῶν
2461 915 2631 970 ὄντων
2655 919 3008 988 κατανοῆσαι,
3018 919 3096 983 ὡς
3115 918 3182 973 ἂν
3199 917 3268 974 δι’
3281 921 3454 991 αὐτῆς
3475 925 3611 993 ἡμῖν

2029 1005 2312 1077 εύοδωθείη
2339 1008 2475 1079 πρὸς
2506 1007 2598 1062 τδν
2619 1009 2978 1082 προκείμενον
3007 1011 3206 1064 σκοπὸν
3233 1011 3295 1064 τὸ
3321 1010 3606 1084 θεώρημα.

2098 1095 2196 1160 Τίς
2242 1093 2334 1151 οὖν
2371 1099 2405 1168 ὴ
2441 1097 2602 1167 φύσις
2621 1115 2646 1163 ;.
2692 1100 2857 1153 Οὐδὲν
2895 1099 3002 1153 τῶν
3056 1099 3412 1171 στοιχειωδῶς
3450 1104 3509 1156 ἐν
3535 1107 3606 1176 τῇ

2031 1183 2286 1238 συστάσει
2337 1185 2430 1238 τοῦ
2464 1187 2743 1257 περιγείου
2773 1189 2978 1259 κόσμου
3010 1188 3400 1261 θεωρουμένων
3446 1191 3610 1265 ἀτρε-

2029 1277 2162 1328 πτόν
2215 1291 2276 1328 τε
2335 1275 2427 1329 καὶ
2481 1276 2840 1332 ἀναλλοίωτον
2894 1280 3046 1352 παρὰ
3101 1280 3197 1334 τοῦ
3259 1283 3608 1353 Δημιουργοῦ

2027 1367 2135 1420 τῶν
2194 1367 2331 1421 ὅλων
2395 1369 2691 1440 πεποίηται
2719 1386 2734 1402 ο
2797 1369 2937 1424 ἀλλὰ
3005 1373 3186 1427 πάντα
3240 1373 3299 1425 ἐν
3357 1373 3608 1444 ἀλλήλοις

2027 1455 2173 1520 ἐστὶ,
2214 1457 2309 1511 καὶ
2367 1459 2434 1512 δι’
2473 1458 2716 1530 ἀλλήλων
2773 1460 3180 1531 διακρατεῖται,
3214 1462 3314 1534 τῆς
3366 1464 3610 1534 τρεπτῆς

2025 1548 2306 1620 δυνάμεως
2363 1551 2452 1606 διά
2507 1569 2654 1616 τινος
2715 1553 3004 1620 ἐγκυκλίου
3063 1555 3365 1624 περιφορᾶς
3427 1554 3608 1609 πάντα

2029 1641 2110 1704 είς
2172 1640 2379 1712 ἄλληλα
2431 1641 2503 1695 τά
2562 1641 2737 1714 γεώδη
2799 1643 3240 1714 μεταϐαλλούσης
3265 1686 3280 1712 ,
3352 1644 3453 1697 καὶ
3507 1645 3608 1698 ἀπ’

352 1728 480 1783 meti
488 1742 584 1798 psa
617 1728 973 1782 reducuntur.
1000 1725 1132 1791 Quae
1158 1726 1379 1796 quidem
1409 1725 1762 1781 commutatio
1789 1737 1918 1778 cum

2098 1730 2392 1807 tﬁhwvsic
2447 1732 2614 1786 ἑαυτὰ
2661 1733 2824 1786 πάλιν
2857 1733 3270 1804 ἐπαναγούσηςο
3321 1736 3490 1807 αὐτῆς
3546 1735 3608 1789 δὲ

351 1819 466 1875 ﬁeri
498 1831 779 1889 nunquam
810 1824 1012 1882 cesset,
1049 1830 1280 1873 necesse
1308 1824 1415 1882 est,
1453 1817 1509 1871 in
1537 1817 1643 1871 alia
1676 1815 1919 1871 vicissim

347 1909 534 1964 omnia.
562 1908 819 1972 transire,
860 1916 914 1962 et
951 1924 1050 1979 per
1086 1910 1277 1964 eadem
1313 1909 1513 1963 iterum
1563 1906 1787 1978 vestigia
1834 1920 1922 1962 re-

348 2014 549 2056 meare.
579 1999 723 2054 Nihil
761 2000 907 2054 enim
943 2001 1136 2056 horum
1171 2014 1203 2054 a
1241 2014 1301 2055 se
1331 2000 1451 2069 ipso
1477 2005 1919 2064 conservaretur,

348 2091 456 2144 nisi
483 2105 606 2144 cum
643 2089 814 2143 altero
846 2104 1044 2158 genere
1085 2089 1434 2145 commistu-m
1481 2094 1730 2142 naturam
1765 2101 1920 2143 suam

347 2181 642 2235 obtineret.
675 2178 986 2245 Quomodo,
1022 2179 1262 2250 inquies,
1298 2178 1391 2234 illa
1429 2175 1798 2232 commutandi
1838 2177 1922 2232 vis

347 2287 445 2344 per
471 2279 710 2342 quatuor
759 2271 1031 2330 elementa
1067 2271 1128 2328 in
1167 2270 1356 2326 orbem
1391 2269 1695 2326 commeat?
1737 2267 1922 2339 Neque

345 2366 489 2421 enim
521 2364 774 2435 quaelibet
808 2378 872 2419 ex
904 2363 1236 2433 quibuslibet
1267 2361 1510 2417 vicissim
1549 2361 1702 2426 liuent,
1745 2373 1922 2430 neque

345 2455 796 2511 commutationis
829 2454 1072 2509 circulus
1102 2468 1199 2523 per
1235 2465 1328 2508 res
1365 2451 1610 2521 singulas
1640 2451 1923 2520 aequaliter

344 2555 573 2616 vagatur
605 2564 619 2600 :
657 2546 750 2600 sed
800 2557 942 2614 aqua
980 2542 1203 2613 quidem
1244 2557 1343 2612 per
1377 2555 1606 2611 vapores
1643 2541 1698 2595 in
1739 2553 1919 2595 aerem

343 2637 677 2702 refunditur,
709 2650 940 2703 vapores
971 2641 1158 2690 autem
1204 2633 1406 2704 pabulo
1447 2631 1678 2688 llamm‘m
1712 2631 1921 2687 submi-

343 2730 576 2784 nistrato
610 2735 900 2783 terrestres
949 2727 1108 2792 (lunt,
1139 2725 1196 2779 in
1239 2725 1479 2779 cinerem
1508 2721 1920 2792 quodammodo

344 2821 569 2884 redacti,
616 2827 972 2888 posteaquam
1021 2831 1147 2872 cum
1201 2819 1325 2886 igne
1376 2815 1578 2871 versati
1619 2822 1768 2872 sunt.
1822 2813 1919 2871 llis

345 2926 474 2964 vero
505 2909 776 2979 susceptis
805 2916 948 2963 terra
993 2907 1317 2962 mutationis
1353 2907 1406 2960 in
1447 2919 1510 2960 se
1531 2905 1796 2959 circulum
1840 2905 1915 2958 si-

341 2999 456 3052 stit.
485 2996 673 3068 Neque
697 2998 845 3053 enim
879 3011 1034 3067 aqua:
1083 3007 1277 3051 natura
1304 3010 1498 3050 rursus
1531 3003 1710 3049 ortum
1751 2995 1913 3050 habet

341 3105 372 3145 e
405 3098 570 3145 terra.
608 3089 727 3156 Qua
768 3090 987 3160 quidem
1027 3091 1241 3144 ratione
1289 3087 1620 3156 relinquitur
1661 3087 1913 3144 conside-

341 3181 594 3245 randum,
621 3163 806 3235 utrum
836 3190 981 3234 terra
1008 3181 1061 3234 in
1101 3194 1255 3250 aqua:
1278 3186 1529 3232 naturam
1554 3179 1749 3231 mutari
1781 3193 1907 3248 ρος·

341 3276 436 3329 sit.
473 3272 630 3338 Quod
661 3273 791 3327 dum
833 3273 1248 3342 investigamus,
1283 3284 1448 3326 nemo
1471 3270 1772 3325 orationem
1806 3285 1909 3325 no-

343 3373 512 3420 stram
548 3372 608 3418 ut
643 3365 944 3434 longiorem
997 3372 1238 3418 accuset.
1273 3357 1536 3416 Videmus
1563 3376 1625 3416 ea
1663 3376 1784 3431 quae
1813 3375 1911 3416 nao

343 3464 465 3510 tura
499 3465 625 3511 sunt
668 3456 837 3521 sicca,
885 3462 1081 3525 sponte
1113 3467 1213 3509 sua
1254 3453 1492 3508 naturali
1519 3452 1752 3522 quadam
1783 3465 1910 3524 pros

339 3545 569 3615 prietate
605 3545 906 3600 madeﬁeri.
947 3543 1013 3598 Ut
1050 3545 1102 3598 in
1136 3544 1250 3600 sale
1298 3544 1425 3599 licet
1463 3545 1685 3608 intueri,
1714 3546 1909 3600 metal-

338 3641 432 3705 lis,
475 3650 530 3696 et
570 3642 625 3695 in
664 3641 733 3696 iis
771 3655 894 3711 qum
935 3654 998 3695 ex
1042 3639 1270 3695 humore
1316 3639 1500 3710 aliquo
1532 3638 1908 3710 conglaciante

332 3732 674 3786 consistunt.
713 3729 914 3785 Horum
944 3743 1069 3784 cum
1102 3730 1322 3786 siccitas
1353 3730 1573 3800 propria
1601 3728 1694 3795 sit,
1726 3735 1907 3782 tamen

335 3820 387 3874 si
415 3819 638 3889 quidam
667 3835 732 3874 ex
762 3819 899 3887 ipsis
923 3817 1106 3887 liquor
1135 3817 1452 3881 descendat,
1497 3813 1719 3870 humida
1749 3813 1905 3878 liunt,

336 3907 754 3976 siccitatemque
798 3921 953 3961 suam
996 3905 1050 3959 in
1095 3905 1369 3960 humidam
1413 3904 1730 3976 qualitatem
1775 3917 1909 3957 cono

338 4006 577 4054 vertunt.
620 3997 766 4052 Talis
809 3998 974 4052 etiam
1013 3997 1256 4052 cernitur
1297 3997 1474 4052 mellis
1510 4003 1725 4055 natura,
1759 3992 1906 4062 quod

336 4090 520 4144 calore
542 4089 896 4151 exsiccatum,
926 4102 1144 4143 rursum
1167 4102 1298 4144 casu
1327 4087 1511 4156 aliquo
1538 4085 1592 4138 in
1617 4084 1904 4138 humorem

336 4179 646 4235 resolvitur.
695 4176 800 4232 Sed
841 4177 955 4233 haec
991 4179 1358 4234 omittantur:
1401 4184 1620 4246 prastat
1657 4175 1805 4231 enim
1837 4191 1904 4232 ex

2020 1801 2147 1892 τῆς
2203 1801 2542 1886 ἀλλοιώσεως
2621 1823 2917 1887 ἀπαύστως
2989 1801 3053 1878 ἐν
3129 1801 3240 1890 soi;
3320 1801 3608 1896 στοιχείοις

2020 1911 2443 1982 ἐνεργουμένης,
2507 1913 2720 1983 ἀνάγκη
2789 1915 2968 1969 πάντα
3034 1917 3114 1979 είς
3178 1912 3382 1988 ἄλληλα
3439 1933 3606 1988 μετα-

2021 1999 2259 2062 ϐαίνειν,
2311 1999 2638 2072 ἐξιστάμενά
2699 2017 2757 2055 τε
2813 2005 2907 2056 ἀπ’
2961 2004 3242 2076 ἀλλήλων,
3294 2006 3387 2058 καὶ
3437 2006 3605 2060 πάλιν

2022 2090 2164 2143 κατά
2204 2089 2266 2143 τὸ
2299 2086 2416 2144 ἴσον
2465 2092 2716 2161 ἀλλήλοις
2747 2089 3167 2164 ἐπεμϐαίνοντα.
3199 2098 3274 2149 Οὐ
3311 2097 3419 2168 γὰρ
3449 2098 3520 2152 ἀν
3546 2113 3602 2152 τι

2021 2181 2225 2234 τούτων
2249 2181 2553 2253 φυλαχθείη
2595 2184 2679 2252 ἐφ’
2714 2184 2934 2250 ἑαυτοῦ,
2965 2185 3014 2238 εί
3057 2186 3129 2257 μὴ
3157 2188 3190 2256 ἡ
3229 2184 3364 2258 πρὸς
3403 2186 3465 2240 τὸ
3491 2189 3603 2242 ἔτι·

2025 2271 2245 2342 ρογενές
2264 2271 2520 2342 ἐπιμιξία
2549 2273 2868 2345 διακρατοίη
2901 2276 3002 2346 τὴν
3033 2276 3214 2345 φύσιν.
3253 2275 3378 2340 Πῶς
3401 2273 3495 2330 οὖν
3524 2277 3603 2330 εἵ-

2024 2380 2114 2415 ποι
2142 2379 2227 2425 τις
2255 2361 2323 2416 ἂν
2342 2401 2356 2426 ,
2391 2362 2479 2416 διὰ
2517 2362 2626 2416 τῶν
2665 2361 2947 2434 τεσσάρων
2981 2365 3082 2436 τὴν
3111 2363 3517 2437 μεταϐλητικήν
3539 2384 3601 2420 τε

2023 2453 2118 2505 καὶ
2151 2452 2506 2522 ἀλλοιωτικὴν
2531 2452 2791 2524 δύναμιν,
2823 2456 3155 2526 περιοδεύειν
3185 2457 3599 2526 κυκλεύουσανς

2023 2545 2098 2597 Οὐ
2122 2545 2230 2616 γὰρ
2258 2545 2434 2598 πάντα
2471 2545 2537 2597 δι’
2567 2545 2814 2616 ἀλλήλων
2853 2547 3062 2616 γίνεται
3086 2585 3100 2613 ,
3133 2548 3254 2601 οὐδέ
3286 2547 3353 2601 δι’
3390 2549 3599 2618 ὁμαλοῦ

2020 2636 2050 2689 ὁ
2086 2635 2184 2705 τῆς
2238 2634 2575 2699 ἀλλοιώσεως
2623 2637 2824 2699 κύκλος
2845 2676 2861 2701 ,
2896 2638 2964 2690 δι’
3011 2639 3244 2692 ὲκάστου
3274 2638 3384 2692 τῶν
3422 2639 3600 2693 ὅντων

2022 2728 2356 2796 περιχωρεῖ,
2393 2726 2530 2780 ἀλλά
2561 2727 2622 2779 τὸ
2654 2727 2751 2796 μὲν
2789 2727 2931 2798 ὕδωρ
2978 2729 3118 2798 πρὸς
3170 2729 3264 2782 τὸν
3308 2729 3449 2800 ἀέρα
3494 2729 3588 2784 διὰ

2021 2813 2129 2866 τῶν
2181 2814 2372 2884 ἀτμῶν
2423 2816 2654 2886 ἅνεχέθη
2677 2855 2691 2879 ,
2738 2819 2786 2870 oi
2817 2817 2874 2871 δέ
2912 2819 3075 2888 ἀτμοὶ
3104 2819 3203 2890 τήν
3245 2819 3420 2889 φλόγα
3471 2821 3600 2892 θρέ-

2018 2903 2220 2974 ψαντες
2266 2906 2430 2959 πάλιν
2469 2906 2885 2978 ἀπεγεώθησαν,
2929 2904 3042 2963 οἷον
3094 2927 3178 2974 τις
3225 2911 3419 2964 σποδιά
3452 2913 3598 2982 μετά

2013 2993 2074 3045 τὸ
2101 2993 2178 3062 τῷ
2217 2996 2348 3064 πυρὶ
2381 2993 2741 3064 καθομιλῆσαι
2771 2996 3053 3066 γενόμενοι
3081 3013 3094 3028 ο
3137 2999 3169 3068 ὴ
3201 2997 3258 3051 δὲ
3297 2999 3370 3068 γῆ
3421 2999 3600 3054 ταῦτα

2016 3082 2286 3153 δεξαμένη
2332 3083 2558 3152 ἔστησεν
2607 3084 2664 3136 ἐν
2733 3085 2908 3155 ἑαυτῇ.
2959 3085 3051 3139 τὸν
3096 3086 3198 3156 τῆς
3254 3086 3601 3153 ἀλλοιώσεως

2011 3175 2228 3246 δρόμον.
2297 3173 2466 3230 Οὔπω
2519 3175 2628 3245 γάρ
2687 3175 3014 3248 ἐξήτασται,
3072 3179 3119 3230 εί
3167 3179 3202 3250 ἡ
3246 3177 3341 3232 τοῦ
3397 3178 3599 3244 ὓδατος

2012 3265 2174 3336 φύσις
2217 3267 2282 3320 ἐκ
2321 3267 2424 3337 γῆς
2481 3267 2592 3337 ἔχει
2617 3268 2716 3338 τὴν
2763 3268 2997 3336 γένεσιν.
3048 3268 3257 3322 Οὐκοῦν
3301 3269 3478 3340 τούτῳ
3514 3273 3599 3343 τῷ

2013 3357 2290 3427 σκέμματι
2335 3355 2617 3422 λείπεται,
2653 3358 2704 3410 εί
2747 3357 2976 3412 δυνατόν
3033 3359 3281 3430 ἐστιτήν
3346 3362 3450 3431 γῆν
3511 3363 3598 3428 είς

2011 3446 2202 3510 ὓδατος
2262 3449 2596 3519 μεταστῆναι
2637 3450 2819 3519 φύσιν.
2865 3450 3091 3515 Πάντως
3131 3451 3188 3504 δὲ
3242 3449 3414 3515 οὐδεὶς
3456 3456 3598 3524 ἡμῖν

2009 3538 2328 3610 ἀδολεσχίαν
2357 3540 2733 3608 ἐπεγκαλέσει,
2769 3540 2836 3593 δι’
2866 3534 2940 3594 ὧν
2971 3539 3037 3594 ἂν
3084 3536 3152 3612 ἦν
3197 3542 3418 3595 δυνατὸν
3455 3545 3595 3598 ἀνα-

2009 3628 2235 3700 ζητοῦσι
2263 3631 2324 3684 τὸ
2374 3632 2433 3684 ἐν
2465 3632 2581 3694 τοῖς
2623 3631 2940 3702 εἰρημένας
2979 3631 3292 3685 ἀκόλουθον.
3341 3633 3596 3703 Ὀρῶμεν

2007 3720 2184 3775 τοίνυν
2211 3720 2380 3775 πολλὰ
2405 3721 2514 3775 τῶν
2553 3719 2754 3792 ξηρῶν,
2780 3721 3102 3791 αὐτομάτως
3145 3719 3209 3774 ἐκ
3233 3739 3377 3788 τινος
3427 3742 3595 3794 φυσι-

2008 3810 2113 3881 κῆς
2188 3811 2450 3882 ἰδιότητος
2501 3811 2869 3884 ὑγραινόμενα
2890 3853 2905 3878 ,
2972 3807 3083 3866 οἷον
3135 3815 3228 3868 ἐπὶ
3282 3815 3393 3868 τῶν
3440 3817 3594 3874 ἀλῶν

2007 3902 2154 3956 ἔστιν
2200 3901 2349 3966 ἰδεῖν,
2398 3902 2508 3955 τῶν
2557 3920 2616 3955 τε
2673 3903 3169 3974 μεταλλευομένων,
3223 3906 3314 3958 καὶ
3359 3906 3472 3960 τῶν
3523 3909 3592 3962 ἐκ

2005 4009 2150 4056 τινος
2181 3992 2352 4063 ὑγροῦ
2385 3993 2868 4064 καταφρυγομένου
2916 3996 3347 4065 συνισταμένων,
3379 3991 3456 4049 ὧν
3490 3997 3593 4069 ξη-

2010 4083 2172 4155 ρότης
2201 4083 2301 4154 μέν
2323 4086 2439 4138 ἐστι
2465 4084 2526 4138 τὸ
2547 4085 2758 4154 ἰδίωμα,
2785 4087 2834 4138 εί
2864 4085 2920 4138 δέ
2950 4103 3034 4150 τις
3065 4086 3245 4139 αὐτῶν
3271 4087 3423 4140 νοτία
3451 4091 3592 4144 καθ-

2010 4175 2196 4239 ίκοιτο,
2231 4175 2478 4246 ῐκμαλέοι
2503 4175 2760 4244 γίνονται,
2799 4176 2893 4230 καὶ
2925 4176 3058 4247 πρὸς
3087 4177 3182 4246 τὴν
3221 4179 3394 4249 ὑγρὰν
3431 4183 3592 4234 ποιό-

334 4271 607 4340 principio
652 4271 837 4339 aliquo
877 4273 1192 4326 necessario
1233 4269 1623 4340 disputationis
1653 4267 1902 4324 ordinem

2098 4283 2143 4320 ra
2211 4266 2272 4321 τὸ
2336 4269 2393 4322 ἐν
2459 4266 2607 4336 σφίσι
2659 4265 2821 4338 ξηρὸν
2884 4267 3326 4338 μεταϐάλλουσιν.
3393 4271 3592 4337 Οὕτως

332 4377 745 4431 persequamur.
798 4361 1298 4417 Animadvertimus
1346 4374 1454 4414 non
1487 4373 1596 4414 una
1637 4359 1899 4429 qualitate

331 4453 597 4507 elementa
630 4453 842 4522 singula
872 4445 1155 4515 constitui,
1186 4462 1239 4506 et
1260 4452 1327 4505 ab
1354 4450 1476 4506 aliis
1499 4451 1784 4506 elementis
1811 4466 1898 4506 ses

332 4544 535 4615 parari,
576 4545 669 4598 sed
701 4545 866 4600 variis
910 4543 1264 4614 qualitatibus
1305 4541 1712 4612 comprehendi,
1760 4555 1896 4611 qua-

329 4651 451 4690 rum
475 4637 596 4690 alia:
623 4639 766 4691 inter
791 4651 849 4691 se
871 4643 1131 4706 pugnant,
1169 4633 1287 4687 aliae
1312 4633 1472 4688 simul
1507 4632 1893 4702 inspiciuntur,

329 4733 383 4781 et
413 4725 780 4796 pugnantibus
822 4727 962 4780 inter
1012 4739 1072 4779 se
1116 4723 1322 4792 pariter
1361 4722 1637 4776 cohaerent
1663 4731 1715 4776 et
1762 4737 1897 4790 qua-

329 4817 510 4873 drant.
563 4815 634 4872 Ut
681 4818 737 4871 in
780 4825 925 4870 terra
969 4823 1023 4868 et
1061 4828 1200 4884 aqua
1244 4813 1462 4868 siccitas
1499 4821 1553 4868 et
1597 4812 1894 4868 humiditas

328 4907 586 4977 conjungi
613 4912 920 4974 nequeunt;
961 4904 1154 4957 horum
1187 4911 1368 4958 tamen
1396 4902 1613 4973 utrique
1640 4917 1705 4957 ex
1739 4915 1895 4972 aquo

328 4999 597 5069 l'rigiditas
645 4999 807 5059 inest,
855 5009 960 5064 qua
1005 5002 1309 5065 pugnantes
1347 4993 1750 5065 quodammodo
1795 4992 1892 5047 de-

325 5091 661 5144 vinciuntur.
702 5089 858 5156 Aqua
893 5086 1021 5140 item
1056 5094 1108 5141 et
1147 5101 1240 5140 aer
1268 5087 1530 5156 gravitate
1567 5085 1893 5154 levitatequc

327 5186 677 5250 separantur,
721 5177 816 5233 sed
872 5177 927 5232 in
967 5177 1052 5234 his
1097 5191 1315 5247 quoque
1366 5175 1634 5246 frigiditas
1673 5175 1892 5243 utrique

325 5270 672 5344 conveniens,
701 5275 761 5321 ut
791 5269 1026 5323 medium
1066 5267 1337 5340 quoddam
1363 5267 1640 5322 vinculum
1676 5275 1893 5336 specta‘

323 5370 430 5416 tur.
481 5361 757 5430 Discrepat
795 5377 887 5417 aer
926 5363 994 5417 ab
1026 5363 1149 5434 igne
1189 5376 1251 5417 ea
1280 5375 1401 5432 quae
1432 5370 1516 5416 est
1547 5361 1690 5414 inter
1739 5357 1892 5428 frigi-

323 5454 454 5509 dum
505 5459 560 5506 et
590 5452 825 5531 calidum
869 5452 1196 5518 differentia,
1231 5452 1326 5508 sed
1377 5449 1596 5506 levitate
1647 5449 1790 5502 inter
1831 5463 1892 5503 se

322 5545 684 5601 conciliantur
713 5555 874 5616 atque
903 5545 1254 5600 conveniunt.
1286 5541 1429 5612 ignis
1451 5541 1684 5608 denique
1715 5551 1746 5592 a
1780 5547 1890 5593 ter-

323 5654 380 5692 ra
411 5638 623 5692 levitate
652 5636 978 5708 scjungitur,
1025 5635 1117 5692 scd
1169 5633 1436 5690 siccitatis
1481 5631 1888 5687 necessitudine

2007 4356 2177 4426 ἔγνων
2209 4356 2302 4410 καὶ
2341 4356 2440 4426 τὴν
2471 4355 2564 4409 τοῦ
2597 4356 2812 4424 μέλιτος
2841 4356 3002 4426 φύσιν
3030 4357 3204 4427 ξηρὰν
3232 4359 3433 4429 τρόπον
3459 4365 3592 4418 τινὰ

2003 4447 2092 4500 διὰ
2123 4447 2224 4518 τῆς
2251 4449 2531 4517 ὀπτήσεως
2555 4447 2866 4518 γινομένην,
2900 4447 2994 4499 καὶ
3029 4447 3190 4500 πάλιν
3220 4449 3283 4500 ἐκ
3315 4453 3591 4518 περιστὰ-

2007 4537 2142 4601 σεὼς
2172 4554 2315 4601 τινος
2337 4539 2416 4600 είς
2444 4538 2503 4590 τὸ
2527 4537 2690 4607 ὑγρὸν
2719 4537 3073 4592 ἀναλύουσαν.
3107 4538 3268 4592 Ἀλλά
3295 4541 3591 4610 παρείσθω

2001 4631 2196 4684 ταῦτα’
2222 4633 2468 4702 κρεῖττον
2490 4629 2597 4702 γὰρ
2621 4628 2678 4696 ἐξ
2706 4628 2880 4701 ἀρχῆς
2905 4646 3048 4694 τινος
3075 4630 3382 4699 ἀναγκαίας
3394 4631 3590 4690 δοῧναι

2001 4724 2100 4794 τὴν
2136 4721 2459 4776 ἀκολουθίαν
2482 4721 2563 4791 τῷ
2591 4721 2926 4794 θεωρήματι.
2961 4724 3037 4776 Οὐ
3075 4723 3202 4793 μίαν
3235 4723 3590 4796 γινώσκομεν

2002 4816 2084 4883 ἐφ’
2145 4815 2374 4868 ἑκάστου
2422 4815 2532 4867 τῶν
2566 4815 2844 4885 στοιχείων
2895 4817 3174 4888 ποιότητα,
3226 4816 3291 4868 δι’
3336 4811 3405 4886 ἧς
3439 4833 3592 4890 συμ-

2002 4906 2301 4977 πληροῦται
2345 4906 2404 4960 τὸ
2445 4907 2818 4977 ὑποκείμενον,
2855 4907 2950 4960 καὶ
2981 4906 3076 4960 τοῦ
3111 4907 3590 4977 ἀπιστοιχοῦντος

2001 4995 2420 5066 ἀποχωρίζεται,
2462 4993 2578 5046 ἀλλ’
2623 4997 2683 5048 ἐν
2712 4994 2988 5066 διαφόροις
3025 4995 3254 5050 ἕκαστον
3285 4996 3587 5068 καταλαμο

2001 5082 2218 5139 σάνεται
2269 5087 2392 5149 ταῖς
2446 5085 2745 5155 ποιότησιν,
2803 5079 2879 5138 ὦν
2927 5087 2984 5137 αἱ
3051 5086 3148 5153 μὲν
3197 5087 3588 5158 ἀκοινωνήτως

2000 5173 2182 5246 ἔχουσι
2227 5176 2362 5245 πρὸς
2399 5175 2648 5246 ἀλλήλας,
2677 5177 2731 5227 αί
2759 5174 2815 5227 δὲ
2844 5175 2986 5227 κατὰ
3009 5175 3070 5227 τὸ
3093 5171 3208 5228 ἴσον
3243 5174 3587 5245 ἐνθεωροΰν-

1997 5284 2120 5334 ται,
2167 5267 2383 5331 οἰκείως
2431 5285 2490 5320 τε
2541 5269 2636 5321 καὶ
2693 5266 2967 5337 ἁρμοδίως
3011 5265 3228 5334 ἔχουσαι
3278 5263 3415 5334 πρὸς
3472 5269 3586 5333 τὰς

2002 5359 2314 5429 μαχομένας
2354 5359 2611 5430 ἀλλήλαις
2659 5357 2986 5428 ποιὸτητας·
3023 5353 3135 5409 οἷον
3179 5355 3272 5408 ἐπὶ
3319 5355 3422 5426 τῆς
3468 5359 3586 5428 γῆς

1997 5450 2091 5502 καὶ
2137 5449 2230 5503 τοῦ
2272 5450 2477 5513 ὕδατος,
2529 5450 2772 5519 ἀμίκτως
2807 5449 2904 5519 μὲν
2938 5448 3118 5516 έχουσι
3164 5445 3300 5515 πρὸς
3332 5445 3587 5518 ἀλλήλαις

1995 5543 2028 5611 ὴ
2081 5539 2310 5612 ξηρότης
2334 5559 2391 5593 τε
2441 5542 2534 5596 καὶ
2563 5541 2814 5611 ὑγρότης,
2850 5539 3041 5607 ἐπίσης
3070 5536 3126 5588 δὲ
3177 5535 3417 5606 ἑκατέρᾳ
3446 5539 3588 5595 τού.

1993 5648 2101 5686 των
2137 5631 2380 5684 σύνεστιν
2435 5635 2468 5702 ἡ
2513 5633 2808 5703 ψυχρότης,
2859 5631 3050 5685 ἐνοῦσα
3085 5629 3282 5702 τρόπον
3329 5628 3457 5686 τινὰ
3503 5633 3580 5690 δι’
