3746 5994
374 228 472 281 ιιι

1640 235 1696 290 S.
1740 235 2069 293 GREGORII
2108 237 2402 296 NYSSENI

3535 245 3631 300 ιη

369 353 678 400 conservet.
713 345 805 398 Sic
830 359 962 416 ergo
988 358 1130 415 aqua
1152 346 1459 412 coniicitur,
1484 347 1738 420 frigidum
1767 367 1848 406 ma

2153 355 2262 408 κέτι
2304 354 2402 426 τὴν
2447 354 2680 428 ἡλιακὴν
2727 355 3038 428 θερμότητα.
3069 358 3380 413 διαδύεσθαι
3421 361 3489 432 τῇ
3535 379 3632 414 πυ-

375 433 536 499 lacit,
567 443 626 488 et
657 434 853 490 humor
891 451 956 490 ex
994 435 1291 507 frigiditate
1317 447 1484 496 totam
1519 456 1673 512 aqua:
1700 453 1951 499 naturam

375 526 690 595 perﬁriente
723 526 1106 582 constituitur.
1146 530 1222 583 Ex
1255 545 1396 600 aqua
1424 547 1556 587 vero
1587 543 1778 589 coacta
1819 551 1955 590 con-

371 625 706 686 gregataque
727 616 990 673 ﬂuentum
1019 627 1340 690 generatum
1363 661 1379 686 ,
1422 638 1752 694 quacunque
1799 627 1956 681 detur

372 708 586 774 aditus,
629 718 833 765 terram
879 713 1092 781 aperit,
1144 721 1199 767 et
1250 713 1372 770 fons
1426 717 1753 786 appellatur.
1797 716 1955 784 Quod

372 809 556 856 autem
598 818 866 873 aquarum
907 814 1064 859 ortus
1102 812 1297 859 auctor
1325 815 1379 860 et
1409 821 1578 862 causa
1609 808 1682 864 sit
1711 809 1828 878 ipsa
1859 807 1954 862 fri-

375 892 614 960 gid'tas,
649 892 784 946 illud
825 892 1090 947 indicium
1130 895 1234 958 sit,
1272 895 1418 964 quod
1461 897 1580 951 loca
1620 899 1954 967 septentrio-

375 983 538 1038 nibus
592 985 985 1057 propinquiora
1044 983 1435 1057 frigidioraque
1467 988 1642 1058 magis
1671 990 1956 1045 abundant

373 1091 643 1143 aquarum
674 1077 865 1146 copia.-
894 1077 1097 1146 Aprica
1127 1077 1272 1132 enim
1306 1077 1552 1148 profecto
1579 1090 1634 1136 et
1660 1095 1832 1152 Opaca
1860 1081 1956 1138 de-

374 1183 674 1238 pressaque
703 1179 888 1224 essent
916 1169 1201 1240 aequaliter
1227 1171 1385 1239 aquis
1428 1172 1634 1244 irrigua
1657 1211 1673 1237 ,
1711 1175 1760 1229 si
1803 1176 1956 1246 frigi-

375 1259 564 1315 ditatis
595 1261 845 1316 absentia
894 1263 1033 1317 nihil
1077 1277 1348 1333 aquarum
1402 1271 1586 1320 ortum
1641 1266 1952 1338 impediret.

379 1340 861 1415 Quemadmodum
894 1363 1076 1409 autem
1118 1369 1187 1409 ex
1232 1354 1487 1410 imbrium
1529 1358 1696 1427 guttis
1727 1359 1952 1414 collecta

381 1457 522 1510 aqua
553 1451 825 1500 torrentes
857 1452 1186 1510 nascuntur,
1228 1445 1354 1501 licet
1388 1455 1572 1517 guttas
1600 1450 1748 1518 ipsas
1791 1464 1952 1519 sepa-

379 1533 538 1586 ratim
572 1534 845 1604 aspiciens
867 1576 881 1599 ,
913 1536 1160 1606 singulas
1191 1552 1286 1607 per
1319 1553 1379 1593 se
1408 1540 1663 1608 pusillum
1694 1541 1952 1611 quiddam

379 1634 434 1679 et
468 1641 564 1696 pro
593 1626 768 1680 nihilo
799 1627 1109 1682 habendum
1141 1629 1426 1685 existimes
1454 1645 1468 1683 :
1501 1633 1582 1686 sic
1610 1647 1678 1687 ex
1706 1633 1954 1691 humoris

351 1711 354 1714 ’
379 1718 582 1772 sensim
600 1726 788 1772 eterra
823 1720 1098 1774 manantis
1113 1721 1268 1790 copia
1292 1722 1478 1778 multis
1497 1722 1716 1780 fluentis
1747 1728 1953 1783 coactis

375 1809 628 1863 oriuntur
655 1807 878 1863 ﬂumina
907 1829 920 1864 :
953 1826 1185 1880 quorum
1229 1812 1276 1867 si
1323 1814 1448 1884 quis
1491 1817 1949 1887 magnitudinem,

380 1915 761 1970 perennesque
795 1915 996 1958 cursus
1029 1896 1384 1970 consideret,
1430 1906 1700 1961 undenam
1751 1923 1947 1979 suppe-

375 1987 536 2043 ditari
581 1996 786 2042 tantam
828 2004 1096 2060 aquarum
1134 1991 1526 2048 abundantiam
1575 1997 1955 2054 existimabit?

376 2077 515 2133 Num
548 2079 762 2150 aliquos
792 2080 897 2134 sibi
928 2081 982 2156 in
1010 2090 1172 2136 terrae
1206 2083 1418 2139 sinibus
1459 2084 1615 2140 lacus
1645 2088 1955 2158 conﬁnget?

376 2169 610 2236 Quinam
632 2209 647 2234 ,
674 2160 936 2238 obsecro,
966 2173 1104 2226 tanti
1137 2173 1290 2228 lacus
1317 2188 1439 2230 esse
1462 2187 1694 2244 queant,
1723 2182 1815 2249 qui
1849 2181 1952 2236 nisi

377 2276 518 2316 nova
549 2261 772 2318 assidue
804 2262 1070 2318 accedant
1107 2263 1314 2317 auxilia
1337 2303 1352 2328 ,
1386 2279 1494 2320 non
1525 2267 1672 2322 brevi
1709 2277 1955 2340 tempore

375 2350 816 2407 exhauriantur?
847 2351 917 2405 At
963 2352 1123 2416 alios,
1171 2353 1386 2424 inquis,
1438 2356 1590 2412 lacus
1620 2361 1955 2430 excogitabi-

378 2457 521 2498 mus.
551 2441 664 2513 Ego
682 2457 808 2498 vero
833 2443 1132 2512 requiram,
1155 2443 1415 2514 quidnam
1435 2447 1710 2504 aliosillos
1733 2464 1950 2525 rursum

375 2533 672 2588 exhaustos
701 2532 962 2601 explebit.
993 2530 1149 2596 Quod
1181 2534 1227 2587 si
1258 2533 1396 2588 alios
1430 2541 1595 2604 atque
1636 2537 1772 2592 alios
1802 2538 1954 2594 lacus

379 2624 677 2686 inveneris,
723 2637 827 2692 ego
874 2623 1116 2678 vicissim
1167 2622 1535 2695 interrogabo,
1572 2627 1715 2682 unde
1763 2644 1954 2686 omnes

377 2714 594 2770 tandem
620 2713 884 2769 exinaniti
907 2713 1349 2784 complebuntur.
1378 2715 1604 2788 Coget-is
1635 2719 1800 2789 igitur
1826 2737 1954 2790 pro-

377 2805 528 2877 gredi
567 2806 621 2860 in
653 2805 924 2859 inﬁnitum
947 2844 960 2869 ,
993 2814 1157 2875 atque
1184 2806 1259 2860 ita
1288 2808 1466 2862 oratio
1497 2819 1587 2862 tua
1621 2810 1773 2866 lacus
1805 2812 1954 2866 lacu-

379 2899 482 2953 bus
523 2896 918 2960 accumulans,
962 2912 1031 2952 ne
1077 2896 1322 2953 fontibus
1357 2900 1534 2955 desint
1576 2901 1760 2965 lacus,
1812 2904 1954 2960 unde

379 2997 657 3057 postremo
686 3001 826 3057 aqua
857 2995 1014 3044 ortus
1043 2988 1376 3058 principium
1409 2990 1640 3053 habeat,
1669 3006 1949 3063 nunquam
1981 3028 2025 3088 ε

379 3078 665 3132 consistet.
715 3076 1112 3144 Quamobrem,
1155 3093 1279 3132 cum
1317 3079 1636 3148 reperienda
1673 3083 1745 3136 sit
1787 3099 1954 3139 causa

379 3185 487 3240 qua
536 3171 723 3240 primae
770 3186 925 3240 aquae
969 3181 1164 3225 natura
1200 3173 1583 3234 constituitur,
1621 3173 1796 3244 magis
1829 3190 1960 3229 con-

381 3270 702 3318 sentaneum
732 3271 852 3326 est,
879 3277 998 3318 eam
1030 3264 1083 3316 in
1115 3263 1263 3332 ipsos
1295 3263 1474 3318 fontes
1498 3264 1770 3328 conferre,
1794 3281 1956 3335 quam

381 3354 486 3409 sub
516 3362 660 3408 terra
689 3354 843 3410 lacus
873 3355 1221 3426 conﬁngere,
1250 3371 1485 3426 quorum
1512 3358 1650 3411 ratio
1677 3372 1959 3412 commen-

381 3445 497 3499 titia
540 3445 724 3500 statim
753 3446 822 3502 ab
868 3461 1024 3516 aquae
1067 3457 1262 3502 natura
1308 3447 1562 3503 deorsum
1598 3449 1852 3505 tendente
1882 3450 1958 3504 la—

380 3535 710 3603 befactetur,
755 3545 809 3592 et
848 3538 1206 3592 convellatur.
1245 3538 1531 3604 Quomodo
1561 3540 1706 3594 enim
1737 3555 1956 3595 sursum

381 3625 544 3692 ﬂuet,
595 3627 776 3697 quod,
825 3627 1081 3682 deorsum
1145 3637 1204 3682 ut
1252 3628 1414 3692 ﬂuat,
1467 3635 1716 3683 naturam
1764 3630 1960 3684 habet?

381 3716 677 3779 Prmterea,
736 3734 899 3787 quam
962 3720 1208 3788 ingentes
1275 3720 1492 3773 lacuum
1554 3720 1725 3776 moles
1795 3730 1960 3775 erunt

381 3807 787 3877 excogitanda,
851 3823 1002 3878 quae,
1059 3824 1183 3864 cum
1239 3827 1508 3880 perennes
1561 3824 1639 3868 tot
1692 3830 1956 3884 aquarum

383 3899 552 3968 c0piae
581 3899 795 3953 saeculis
823 3899 1078 3954 omnibus
1115 3899 1367 3966 eilluant,
1422 3912 1477 3957 et
1523 3904 1657 3957 nihil
1717 3920 1958 3973 unquam

384 3998 748 4060 reponatur,
790 4005 900 4045 non
965 3991 1349 4048 exinaniantur
1427 4004 1608 4049 tamen
1687 4009 1788 4049 nec
1863 4010 1960 4049 ex-

385 4079 750 4134 haurianturl
813 4079 1041 4135 Constat
1112 4081 1277 4152 igitur
1356 4099 1422 4137 ex
1495 4083 1562 4137 iis
1628 4098 1749 4152 quae
1812 4081 1960 4138 dicta

387 4177 548 4236 sunt,
595 4169 715 4225 ideo
757 4169 1075 4226 ﬂuminibus
1111 4186 1309 4242 aquam
1363 4187 1469 4226 non
1507 4171 1774 4238 deiicere,
1813 4173 1958 4244 quod

387 4275 530 4318 terra
560 4265 612 4318 in
641 4264 787 4318 illam
812 4272 1228 4320 transmutetur.
1257 4262 1440 4318 Terrae
1459 4280 1588 4319 vero
1617 4267 1956 4335 magnitudo,

2055 447 2274 516 κνότητι
2299 445 2394 498 τοῦ
2420 445 2568 500 λίθου
2599 448 2946 520 κωλυομένην
2964 466 2979 481 ο
3007 452 3130 503 τότε
3151 451 3348 505 λεπταί
3375 452 3523 516 τινες
3545 454 3635 507 τοῦ

2057 536 2247 600 ὓδατος
2277 536 2473 606 φλέϐες
2499 537 2588 590 διὰ
2611 538 2710 608 τῆς
2735 540 2996 609 ἐργασίας
3035 541 3516 612 ἀνεστομώθησαν,
3545 543 3637 613 ἀφ’

2055 617 2130 678 ὧν
2163 625 2220 676 ἐν
2241 623 2424 695 κύκλῳ
2449 625 2578 696 περὶ
2597 626 2656 678 τὸ
2689 626 2853 696 βάθος
2870 628 2972 698 τῆς
3005 629 3302 693 συνδέσεως
3321 631 3636 702 γινομένης,

2055 712 2362 782 εὑθηνεῖται
2394 714 2454 766 τὸ
2485 715 2660 786 φρέαρ
2683 716 2761 787 τῷ
2787 716 2966 772 ὕδατι.
2991 718 3172 789 Ὅπερ
3193 719 3372 771 τοίνυν
3405 720 3638 774 ἐνταῦθα

2055 803 2263 872 γίνεται
2288 804 2423 875 πρὸς
2459 805 2558 876 τὴν
2602 807 2976 878 χειροποίητον
3017 808 3324 878 κοιλότητα,
3370 810 3638 864 συνδοθείο

2057 911 2158 964 σης
2196 895 2295 966 τῆς
2335 897 2669 967 πανταχόθεν
2718 899 2845 969 περὶ
2888 898 2949 952 τὸ
2994 899 3170 971 φρέαρ
3209 899 3640 972 συνθλιϐομένης

2059 985 2304 1056 ἰκμάδος,
2338 987 2495 1041 τοῦτο
2523 989 2668 1051 εἰκὸς
2703 991 2760 1042 ἐν
2795 989 2956 1044 παντὶ
2983 991 3227 1058 γίνεσθαι
3252 992 3424 1062 τόπῳ,
3459 994 3554 1045 καὶ
3579 995 3639 1047 τδ

2054 1076 2142 1129 διὰ.
2171 1077 2268 1148 τῆς
2293 1077 2498 1148 λεπτῆς
2531 1079 2758 1150 ίκμάδος
2790 1081 2876 1134 ἀεὶ
2908 1082 3276 1152 συνδιδόμενον
3305 1082 3392 1136 διὰ
3423 1083 3638 1152 φλεϐῶν

2055 1167 2215 1219 τινῶν
2250 1168 2344 1220 ἐπὶ
2367 1167 2494 1231 τοὺς
2530 1168 2857 1239 εὑρυτέρους
2897 1169 3242 1240 ὀχετεύεσθαι
3285 1171 3505 1242 πόρους,
3533 1173 3636 1244 ἦδη

2053 1257 2153 1326 τῆς
2176 1257 2378 1328 λεπτῆς
2423 1259 2680 1330 συρῤοίας
2703 1259 2840 1330 πρὸς
2867 1260 3064 1331 ἐαυτὴν
3109 1261 3416 1331 ἐνωθείσης.
3451 1261 3642 1326 Οὕτως

2053 1343 2148 1401 οὖν
2187 1348 2552 1416 ἀπογεννᾶται
2579 1348 2642 1402 τὸ
2684 1349 2846 1420 ὕδωρ,
2873 1351 2968 1402 τοῦ
3009 1352 3107 1421 μὲν
3138 1351 3345 1422 ψυχροῦ
3400 1353 3500 1421 τὴν
3533 1354 3638 1423 γῆν

2056 1437 2530 1510 καθυγραίνοντος,
2559 1440 2659 1509 τῆς
2692 1439 2749 1494 δὲ
2779 1440 3077 1511 ὑγρότητος
3106 1443 3203 1513 τῆς
3225 1444 3290 1494 ἐκ
3309 1441 3402 1496 τοῦ
3425 1442 3636 1513 ψυχροῦ

2057 1528 2491 1599 συνισταμένης,
2549 1529 2796 1599 καὶὸλην
2841 1530 2940 1602 τὴν
2983 1531 3079 1584 τοῦ
3125 1530 3314 1595 ὓδατος
3365 1531 3530 1600 φύσιν
3581 1534 3639 1585 ἐν

2054 1619 2222 1689 ἑαυτῇ
2256 1619 2586 1691 τελειούσης.
2621 1621 2785 1675 ’Ὀθεν
2810 1621 3094 1692 ἀθροισθὲν
3133 1623 3256 1694 ἢδη,
3286 1623 3380 1676 καὶ
3421 1623 3639 1695 ῥεῖθρον

2054 1707 2365 1778 γενόμενον,
2411 1702 2554 1782 ᾗπερ
2608 1710 2674 1764 ἂν
2719 1711 2975 1782 εὐοδωθῇ,
3009 1714 3129 1767 κατ’
3169 1715 3344 1767 ἐκεῖνο
3384 1715 3485 1784 τὴν
3533 1719 3638 1785 γῆν

2053 1798 2450 1869 ἀνεστόμωσεν.
2486 1799 2658 1855 Τοῦτο
2683 1801 2740 1855 δὲ
2775 1802 2925 1874 πηγὴ
2954 1803 3298 1874 ὀνομάζεται.
3320 1805 3638 1875 Τεκμήριον

2053 1885 2110 1939 δὲ
2141 1887 2235 1940 τοῦ
2266 1888 2624 1959 καθηγεῖσθαι
2667 1891 2766 1962 τὴν
2799 1891 3113 1964 ψυχρότητα
3159 1894 3257 1964 τῆς
3294 1894 3400 1947 τῶν
3426 1895 3640 1948 ὑδάτων

2053 1977 2340 2045 γενέσεως,
2392 1979 2452 2033 τὸ
2499 1982 2626 2046 τοὺς
2672 1981 2809 2054 πρὸς
2857 1983 3138 2054 ἀρκτῴους
3164 1985 3273 2038 τῶν
3316 1984 3499 2040 τόπων
3544 1986 3638 2039 καὶ

2057 2068 2256 2138 μᾶλλον
2300 2070 2746 2143 κατεψυγμένους
2781 2075 3124 2146 εὑθηνεῖσθαι
3157 2079 3267 2140 τοῖς
3311 2077 3523 2132 ὕδασιν.
3562 2075 3636 2131 Ἦ

2053 2159 2162 2230 γὰρ
2197 2159 2262 2213 ἂν
2292 2161 2486 2232 ἐπίσης
2523 2162 2594 2216 τὰ
2629 2164 2925 2236 ήλιούμενά
2969 2184 3029 2220 τε
3060 2169 3152 2222 καὶ
3179 2169 3347 2232 νότια,
3375 2169 3640 2240 διάϐροχα

2052 2253 2165 2314 τοῖς
2201 2249 2387 2307 ὕδασιν
2412 2249 2501 2324 ῆν,
2543 2256 2592 2308 εί
2639 2256 2805 2327 μηδὲν
2841 2259 2873 2327 ή
2915 2258 3151 2312 ἀπουσία
3180 2260 3280 2328 τῆς
3322 2259 3540 2330 ψύξεως
3573 2264 3638 2332 τῇ

2054 2344 2263 2411 γενέσει
2288 2345 2394 2398 τῶν
2436 2345 2619 2417 ὑγρῶν
2653 2349 2976 2414 ἐνεπόδιξεν.
3008 2351 3218 2422 Ὥσπερ
3251 2350 3305 2404 δὲ
3332 2353 3391 2405 τὸ
3437 2352 3495 2419 ἐξ
3542 2356 3638 2423 ὁμο

2056 2435 2216 2506 ὁρίας
2244 2435 2387 2508 ὓδωρ
2416 2437 2700 2507 ἀθροισθὲν
2727 2441 2825 2510 μὲν
2857 2443 2922 2494 ἐκ
2940 2443 3038 2513 τῆς
3060 2441 3170 2495 τῶν
3196 2444 3476 2511 σταγόνων
3509 2450 3645 2517 συρ-

2055 2525 2224 2595 ῥοίας,
2256 2528 2587 2598 χειμάρρους
2616 2529 2844 2599 γίνεται,
2875 2532 3002 2584 εἰδὲ
3029 2531 3202 2596 αὑτὰς
3237 2533 3336 2596 τὰς
3362 2536 3639 2603 σταγόνας

2053 2611 2138 2678 ἐφ’
2158 2611 2364 2666 ἑαυτῶν
2385 2631 2468 2677 τις
2493 2614 2698 2684 βλέποι,
2719 2616 2890 2688 βραχύ
2908 2636 2958 2672 τι
2979 2619 3074 2672 καὶ
3102 2621 3216 2672 ἀντ’
3246 2622 3537 2686 οὑδενὸςτδ
3571 2628 3632 2678 ἐν

2061 2703 2268 2775 ἑκάστῃ
2293 2705 2588 2775 φανήσεται
2605 2723 2618 2737 ⁸
2647 2706 2788 2762 οὑτω
2803 2711 2896 2762 καὶ
2919 2711 2951 2779 ἡ
2970 2710 3071 2780 τῆς
3085 2711 3226 2764 κατὰ
3250 2710 3448 2767 λεπτὸν
3463 2717 3650 2770 κάτων

2055 2792 2147 2845 θεν
2189 2793 2274 2846 dts‘t
2330 2793 2424 2847 τοῦ
2467 2796 2633 2867 ὑγροῦ
2685 2801 3080 2871 συνισταμένης
3121 2803 3452 2875 ποσότητοςο
3515 2808 3650 2862 ὅταν

2054 2882 2112 2936 ἓν
2139 2887 2203 2937 ἐκ
2243 2885 2450 2939 πολλῶν
2491 2889 2720 2960 ῥείθρων
2744 2890 2805 2943 τὸ
2833 2891 2938 2945 τῶν
2976 2892 3187 2948 λεπτῶν
3224 2895 3505 2966 ἄθροισμα
3553 2902 3650 2968 γέ-

2055 2993 2234 3044 νηται,
2271 2976 2331 3030 τὸ
2373 2978 2613 3033 τοιοῦτον
2646 2983 2726 3044 εἰς
2766 2984 3011 3054 ποταμοῦ
3043 2986 3206 3054 φύσιν
3233 2987 3530 3046 ἐκδίδοται.
3592 2993 3652 3046 '0

2058 3067 2115 3120 δὲ
2139 3067 2342 3132 ταύτας
2365 3069 2466 3134 τάς
2494 3071 2786 3143 ὑπολήψεις
2827 3080 3341 3149 παραγραφόμενος,
3377 3083 3554 3137 πόθεν
3585 3087 3655 3140 ἂν

2057 3161 2267 3232 οἰηθείη
2315 3163 2442 3226 τοὺς
2492 3165 2748 3230 ἀεννάους
2790 3167 2901 3221 τῶν
2944 3170 3207 3240 ποταμῶν
3253 3172 3651 3241 ἀναδίδοσθαις

2058 3247 2204 3322 Ἀρα
2254 3255 2328 3323 μή
2369 3271 2520 3318 τινας
2567 3255 2761 3327 λίμνας
2798 3259 2950 3324 ἐντὸς
2988 3261 3095 3315 τῶν
3132 3263 3234 3333 τῆς
3274 3264 3377 3334 γῆς
3421 3268 3657 3323 κόλπων

2059 3346 2434 3416 ὑπονοήσειενς
2484 3348 2640 3436 Ἀλλὰ
2661 3349 2757 3402 καὶ
2777 3345 2936 3404 αὗται
2974 3351 3191 3417 πάντως
3220 3357 3269 3408 εί
3301 3356 3376 3424 μὴ
3405 3357 3475 3410 τὸ
3497 3362 3656 3430 ἐπιρ-

2060 3437 2182 3507 ρέον
2233 3437 2442 3509 ἔχοιεν,
2497 3441 2554 3494 ἐν
2607 3440 2798 3512 βραχεῖ
2850 3443 3274 3516 κενωθήσονται,
3331 3447 3479 3502 ὥστε
3525 3454 3656 3508 κατ’

2057 3529 2300 3600 ἀνάγκην
2345 3531 2440 3584 xal.
2484 3531 2649 3595 ἄλλας
2698 3533 2901 3588 τούτων
2931 3536 3286 3607 ὑπερκεῖσθαι
3326 3543 3585 3609 νομίσειο
3617 3548 3652 3614 ὴ

2057 3619 2112 3672 δὲ
2151 3620 2440 3676 ἀκολουθία
2472 3622 2566 3676 τοῦ
2595 3623 2776 3691 λόγου,
2825 3625 2919 3678 καὶ⁸
2967 3625 3064 3690 τὰς
3099 3627 3264 3691 ἄλλας
3290 3629 3659 3704 ἀναπληροῦν

2058 3709 2414 3782 ἀναζητήσευ
2443 3712 2546 3766 κᾶν
2586 3713 2751 3778 ἄλλας
2789 3716 3142 3785 ὑπερκεῖσθαι
3178 3717 3372 3788 λίμνας
3412 3722 3658 3778 ἐκείνων

2061 3802 2402 3872 ὑποτίθηται,
2445 3804 2627 3860 καὶτὸ
2657 3805 2763 3858 τῶν
2795 3807 2970 3862 ἄλλων
3017 3808 3287 3880 πλήρωμα
3326 3812 3493 3877 ποίας
3537 3817 3660 3887 ἔχει

2058 3891 2154 3954 τὰς
2203 3892 2456 3963 ἀφορμὰς
2494 3895 2804 3964 ἀναγκαίως
2850 3897 3272 3970 διερευνήσεται.
3319 3904 3433 3956 Καὶ
3468 3907 3660 3973 οὕτως

2059 3982 2140 4043 είς
2168 3983 2391 4052 ἄπειρον
2419 3983 2623 4056 προῖὼν
2643 3987 2672 4039 ό
2692 3987 2848 4056 λόγος
2867 3989 3102 4060 οὐδαμοῦ
3126 3993 3400 4063 στήσεται,
3431 3995 3662 4068 λιμνῶν

2059 4070 2254 4140 λίμνας
2287 4073 2598 4146 ὑπερτιθείς
2621 4093 2634 4107 ο
2683 4079 2770 4131 ἵνα
2798 4081 2852 4132 αἱ
2892 4081 3028 4151 πρὸς
3067 4085 3185 4146 ταῖς
3215 4087 3420 4153 πηγαῖς
3453 4087 3662 4159 λίμναι

2064 4163 2138 4234 μὴ
2175 4165 2553 4253 ἐπιλείπωσιν,
2581 4170 2684 4233 ἐως
2725 4169 2790 4224 ἂν
2827 4171 2937 4225 τῶν
2979 4173 3222 4242 ἐσχάτων
3247 4175 3345 4238 τὰς
3379 4177 3664 4253 ἀφορμὰς

2062 4255 2363 4329 καταλάϐῃ,
2405 4258 2472 4311 δι’
2518 4251 2654 4330 ὧνή
2692 4261 2786 4314 τοῦ
2833 4262 3024 4326 ὓδατος
3066 4265 3276 4331 γένεσις
3323 4267 3424 4337 τὴν
3469 4251 3667 4344 ἀρχὴν

390 4357 515 4410 licet
554 4363 762 4408 tantum
805 4371 870 4410 ex
914 4372 977 4410 ea
1016 4356 1172 4425 copia
1217 4371 1482 4424 aquarum
1522 4366 1804 4428 erumpat,
1849 4374 1869 4412 ι

2184 4345 2347 4402 ΰάνει.
2388 4350 2562 4420 Ὅπερ
2607 4351 2783 4405 τοίνυν
2818 4353 2962 4418 εἰκός
2990 4355 3106 4408 ἐστι
3137 4356 3237 4426 τῆς
3279 4358 3516 4431 πρώτης
3560 4366 3663 4420 τοῦ

387 4447 749 4510 imminuitur,
781 4449 1036 4518 quoniam
1085 4446 1302 4503 assidue
1342 4448 1410 4501 ab
1454 4449 1744 4505 exsiccatis
1788 4466 1958 4521 vapo-

389 4541 543 4595 ribus
575 4539 934 4596 instauratur.
969 4540 1068 4597 His
1098 4541 1174 4594 ita
1199 4541 1514 4598 constitutis
1535 4581 1548 4605 ,
1580 4558 1690 4597 non
1724 4546 1960 4614 amplius

388 4642 577 4687 nuntua
633 4634 793 4689 nobis
845 4635 1238 4689 elementorum
1299 4633 1441 4687 inter
1491 4649 1550 4690 se
1599 4639 1958 4692 commutatio

289 4773 297 4784 ,
387 4726 742 4780 claudicabit.
780 4727 1020 4794 Apparet
1048 4725 1193 4779 enim
1223 4724 1392 4788 ordo,
1423 4741 1532 4794 quo
1575 4728 1738 4782 unius
1782 4729 1837 4782 in
1882 4730 1960 4783 al-

388 4827 566 4872 terum
599 4818 957 4873 commutatio
992 4825 1076 4871 est
1107 4826 1262 4874 ortus
1297 4818 1440 4872 illius
1475 4833 1660 4874 causa.
1713 4819 1958 4892 Exempli

388 4911 563 4979 gratia
590 4926 604 4962 :
637 4923 776 4978 aqua
805 4923 900 4977 per
929 4923 1158 4977 vapores
1187 4906 1404 4962 sublata
1449 4908 1507 4964 ﬁt
1547 4926 1662 4966 aer.
1708 4911 1816 4967 Acr
1845 4929 1962 4966 ma-

388 4999 636 5054 defactus
666 4999 722 5052 in
754 4997 1040 5068 superiore
1065 4997 1283 5052 ﬂamma
1312 5000 1640 5055 exsiccatur.
1669 5001 1824 5068 Quod
1855 5014 1962 5058 ter-

391 5104 580 5142 rcmun
613 5095 697 5142 est
727 5101 822 5155 per
853 5087 998 5157 ignis
1026 5095 1278 5142 naturam
1324 5090 1393 5146 ab
1440 5091 1664 5147 humido
1713 5097 1956 5149 secerni-

389 5197 497 5252 tur,
532 5196 800 5257 terraeque
835 5189 1105 5245 redditum
1143 5207 1239 5263 per
1267 5194 1584 5264 qualitatem
1619 5195 1869 5266 frigidam
1902 5199 1958 5252 in

391 5306 587 5362 aquam
614 5303 1004 5352 commutatur.
1044 5296 1121 5350 Ex
1147 5313 1256 5368 quo
1290 5297 1382 5364 ﬁt,
1415 5309 1474 5355 ut
1505 5303 1622 5356 sine
1649 5303 1760 5355 ullo
1789 5303 1962 5372 impe-

391 5395 635 5452 dimento
677 5413 890 5469 semper
934 5400 1200 5457 elementa
1252 5401 1497 5458 vicissim
1544 5404 1685 5458 inter
1724 5420 1783 5459 se
1812 5419 1961 5459 com-

393 5506 576 5555 meent
601 5542 615 5567 ,
648 5511 702 5558 et
730 5503 1207 5570 circumferantur,
1247 5507 1568 5575 nullumque
1610 5523 1676 5562 ex
1720 5508 1827 5563 illis
1868 5518 1961 5564 aut

392 5615 749 5662 consumatur
778 5616 870 5663 aut
895 5607 1160 5664 redundet
1190 5619 1352 5680 atque
1383 5610 1680 5673 exuberet,
1714 5609 1809 5663 sed
1843 5626 1964 5666 οωο

2063 4436 2254 4501 ὕδατος
2272 4440 2484 4510 φύσεως
2513 4443 2693 4497 αἰτίαν
2723 4444 3095 4517 ἐξευρεθῆναι,
3113 4448 3248 4501 πολὺ
3266 4448 3331 4502 ἂν
3348 4451 3674 4523 εὐλογώτε-

2065 4548 2157 4602 ρον
2188 4531 2272 4602 εἴη
2297 4531 2456 4586 τοῦτο
2495 4535 2621 4604 περὶ
2653 4533 2749 4606 τὴν
2764 4537 2872 4589 τῶν
2891 4535 3084 4608 πηγῶν
3114 4538 3370 4592 σύστασιν
3413 4544 3670 4613 ἐννοεῖν,

2062 4621 2157 4674 καὶ
2194 4623 2266 4691 μὴ
2309 4622 2407 4687 τὰς
2455 4624 2741 4692 ὑπογείους
2790 4626 2984 4695 λίμνας
3019 4629 3401 4696 φαντάζεσθαι,
3441 4637 3554 4706 ἀφ’
3591 4635 3675 4695 ὧν

2060 4711 2221 4774 εὐθὺς
2264 4713 2358 4764 καὶ⁸
2395 4713 2456 4764 τὸ
2494 4715 2811 4785 κατωφερὲς
2842 4717 2941 4798 τῆς
2961 4717 3056 4770 τοῦ
3088 4719 3280 4784 ὓδατος
3317 4722 3558 4792 φύσεως
3611 4734 3677 4798 ἐξ

2061 4799 2302 4854 ἐναντίου
2349 4801 2483 4872 πρὸς
2523 4803 2615 4856 τὸν
2662 4803 2818 4871 λόγον
2856 4796 3089 4862 ἴάταται.
3146 4807 3272 4872 Πῶς
3303 4809 3414 4880 γὰρ
3453 4817 3568 4872 ἐπὶ
3609 4796 3679 4876 τό

2060 4892 2172 4946 ἄνω
2223 4893 2483 4962 ρυήσεται
2527 4890 2588 4948 οὑ
2653 4896 2686 4965 ἡ
2733 4897 2894 4964 φύσις
2945 4898 3082 4953 ἰδίαν
3131 4899 3242 4970 εχει
3290 4901 3387 4973 τὴν
3439 4908 3556 4964 ἐπὶ
3611 4916 3680 4968 τὺ

2060 4982 2210 5036 κάτω
2239 4985 2443 5054 φοράν;
2497 4986 2728 5040 Ἔπειτα
2767 4987 2824 5040 δὲ
2869 4989 2962 5042 καὶ
3003 4990 3128 5044 ὅσον
3159 4991 3220 5044 τὸ
3265 4993 3518 5064 μέγεθος
3555 5006 3682 5059 τῶν

2060 5074 2266 5144 λιμνῶν
2318 5075 2542 5129 ἐκείνων
2589 5078 2621 5146 ἠ
2664 5077 2917 5151 διηνεκὴς
2961 5081 3070 5135 τῶν
3114 5083 3380 5138 τοσούτων
3432 5089 3682 5152 ὑδάτων

2061 5163 2305 5234 ἀπορροὴ
2345 5164 2700 5235 στοχάζεσθαι
2746 5167 2980 5238 δίδωσιν,
3011 5171 3152 5225 ὥστε
3197 5174 3462 5232 τοσοῦτον
3523 5203 3685 5259 προ.

2061 5253 2323 5322 χεύουσαν
2355 5255 2413 5307 ἐν
2436 5257 2712 5322 τοσούτοις
2729 5257 2962 5329 χρόνοις,
2987 5262 3257 5318 ἀκένωτον
3298 5267 3527 5336 μένειν,
3566 5253 3687 5352 μη.

2060 5343 2208 5406 δενὺς
2259 5343 2470 5399 ἔνδοθεν
2509 5347 2575 5405 τὸ
2609 5347 2750 5412 ἐξιὸν
2791 5350 3220 5421 ἀντεισάγοντοςς
3274 5356 3442 5414 Ἀλλὰ
3499 5343 3689 5440 δῆλςξν

2063 5433 2129 5486 ἂν
2161 5433 2246 5504 εῐη
2279 5434 2366 5488 διὰ
2393 5435 2500 5490 τῶν
2532 5437 2934 5508 ὲξητασμένων,
2964 5441 3044 5496 ὅτι
3075 5443 3152 5514 τῷ
3191 5448 3423 5519 ποταμῷ
3463 5433 3588 5525 μὲ.)
3617 5461 3686 5519 ῦς)

2060 5521 2236 5575 λείπει
2285 5525 2317 5593 ὴ
2365 5525 2596 5597 χορηγία
2640 5525 2732 5580 τοῦ
2779 5527 2988 5593 ὓδατος,
3019 5531 3120 5602 τῆς
3156 5533 3261 5602 γῆς
3299 5521 3690 5610 «pegmata

2062 5613 2488 5685 μεθισταμένης.
2535 5616 2592 5669 '0
2631 5616 2687 5670 δὲ
2729 5618 2890 5686 ὄγκος
2925 5620 3027 5690 τῆς
3065 5622 3168 5693 γῆς
3195 5625 3292 5678 οὑκ
3318 5626 3689 5701 ἐλαττοῦται
