3768 6000
137 147 244 204 H3

1353 154 1416 214 IN
1456 157 1930 218 HEXAEML‘RON
1971 161 2192 218 Linea.
3299 151 3402 220 tu.

132 263 220 317 διὰ
251 261 347 318 τοῦ
376 262 709 333 ὑπεξιόντος,
731 266 828 340 τῆς
848 265 1076 324 πάντοτε
1100 267 1390 341 γινομένης
1409 271 1516 325 τῶν
1537 273 1717 346 ξηρῶν

1904 299 1910 330 l
1936 277 1990 330 in
2019 291 2125 346 qua
2154 277 2392 347 primum
2422 283 2717 330 constituta
2750 285 2879 332 sunt
2913 292 3172 334 mensura
3203 294 3398 350 perpe-

132 353 327 424 ἀτμῶν
372 357 698 428 μεταϐολῆς,
741 359 802 413 τὸ
850 361 937 413 ἀεὶ
987 361 1306 432 μειούμενον
1331 363 1397 416 ἑκ
1426 362 1520 416 τοῦ
1559 365 1722 433 ὄγκου

1904 384 1922 423 )
1953 376 2229 424 maneant.

139 444 584 520 ἀναπληρούσης.
619 442 720 502 ’Ὧν
762 451 1080 521 γινομένων,
1132 450 1310 504 οὐκέτ’
1351 451 1418 506 ἂν
1465 455 1600 523 ἡμῖν
1649 456 1683 525 ἡ
1737 457 1816 521 είς
1841 457 2044 529 ἄλληλα
2092 458 2200 511 τῶν
2256 454 2531 526 στοιχείων
2583 455 2864 520 ἀλλοίωσις
2913 454 3133 518 σκάζειν
3196 455 3403 524 δοκοίη,

133 537 271 592 ἀλλὰ
311 540 378 593 δι’
412 542 709 596 ἀκολούθου
751 545 1027 615 δεσμεῖται
1063 547 1092 599 6
1147 545 1340 614 λόγος,
1400 547 1499 617 τὴν
1545 548 1777 602 ἑκάστου
1837 553 1973 622 πρὸς
2018 553 2079 605 τὸ
2129 552 2316 622 ἕτερον
2369 548 2573 619 τροπὴν
2598 591 2613 616 ,
2658 550 2869 618 γένεσιν
2921 550 3126 603 ἐκείνου
3189 549 3283 602 τοῦ
3325 555 3403 612 εἰς

132 629 160 674 ὃ
191 632 498 704 μετεϐλήθη
547 633 779 705 βλέπων,
813 637 908 690 καὶ
939 638 1039 708 τὴν
1067 637 1160 691 ἀπ’
1195 638 1402 692 ἐκείνου
1433 639 1569 710 πρὸς
1620 641 1679 694 τὸ
1731 641 1790 707 ἑξ
1817 644 1993 714 ἀρχῆς
2033 645 2194 699 πάλιν
2231 645 2690 700 ἀποκατάστασιν.
2725 639 2848 697 υἷον
2872 644 2933 696 τὸ
2964 642 3107 713 ὕδωρ
3146 641 3280 711 πρὸς
3314 643 3404 694 τὸν

135 716 273 794 ἀέρα
300 723 388 777 διὰ
419 725 525 778 τῶν
566 727 758 798 ἀτμῶν
800 727 1064 798 ἀναχθὲν,
1111 730 1220 800 ἀὴρ
1255 729 1502 798 ἐγένετοο
1543 734 1572 785 6
1611 733 1719 805 ἀὴρ
1753 734 1810 802 ὑγ
1827 736 2040 806 ρανθεὶς
2085 738 2144 791 ὲν
2190 737 2266 808 τῷ
2316 738 2698 810 ὑπερκειμένη)
2738 733 2965 805 φλογμῷ
2987 732 3403 802 κατεξηοάνθηο

134 822 195 867 το
251 816 456 884 γεῶδες
497 817 594 870 τοῦ
641 817 813 890 ὑγροῦ
862 818 951 872 διά
1003 819 1105 888 τῆς
1141 819 1236 872 τοῦ
1285 821 1456 892 πυρὸς
1511 822 1726 891 φύσεως
1783 826 2094 899 ἀπεκρίθη·
2143 828 2301 882 τοῦτο
2345 831 2401 882 ἑν
2444 831 2510 899 τῇ
2563 830 2632 899 γῇ
2671 827 2958 895 γενόμενον
2997 823 3082 877 διὰ
3144 824 3239 894 τῆς
3298 824 3404 894 ψο-

135 913 275 981 χρᾶς
322 912 608 981 ποιότητος
645 915 728 976 είς
780 913 923 983 ὕδωρ
974 915 1340 986 μετεποιήθη·
1388 917 1482 970 καὶ
1523 916 1696 982 οὑτως
1729 919 2073 987 ἀδιάλειπτος
2097 964 2113 989 ,
2135 918 2154 938 ⁹
2181 923 2274 976 καὶ
2289 924 2566 996 άνωμένου
2615 923 2706 976 καὶ
2741 921 2954 986 οὐδενὸς
2995 920 3403 988 πλεονάζοντος,

133 1004 250 1055 ἀλλ’
274 1005 334 1056 ἑν
359 1007 472 1068 τοῖς
495 1005 554 1069 ἐξ
572 1006 748 1076 ἀρχῆς
771 1006 988 1076 μέτροις
1012 1008 1089 1070 είς
1112 1007 1172 1060 τὸ
1196 1007 1436 1078 διηνεκὲς
1464 1009 1826 1080 διαμένοντος.

219 1094 437 1148 οὐκοῦν
509 1095 637 1148 ἄλλο
697 1113 749 1148 τι
811 1097 960 1168 παρά
1031 1097 1132 1168 τὴν
1193 1098 1367 1168 ὑγράν
1435 1099 1596 1168 φύσιν
1661 1102 1730 1156 τά

135 1186 515 1256 ὑπερκείμενα
561 1187 657 1239 τοῦ
711 1187 1085 1258 στερεώματος
1137 1183 1303 1242 ὕδατα
1344 1192 1504 1254 νοεῖν,
1538 1192 1571 1261 ἡ
1620 1190 1728 1243 τῶν

135 1275 539 1341 ἑξετασθέντων
593 1277 884 1331 ἀκολουθία
944 1279 1195 1345 δίδωσιν,
1249 1277 1413 1353 εἴπερ
1490 1280 1568 1351 τῷ
1653 1281 1728 1353 μὴ

134 1369 436 1440 τρέφεσθαι
493 1371 560 1440 τῇ
625 1367 719 1421 τοῦ
778 1369 946 1440 ὑγροῦ
981 1341 1195 1443 δαπάνη
1243 1341 1394 1440 ’τῆν’
1419 1369 1514 1423 τοῦ
1540 1341 1728 1441 ’πυρδξ

136 1458 305 1527 φύσιν
351 1460 418 1512 ἑκ
460 1458 571 1512 τῶν
613 1459 917 1531 εἰρημένων
964 1461 1394 1530 κατενοήσαμεν.
1449 1459 1728 1513 Δέδεικται

136 1551 248 1620 γὰρ
287 1552 348 1603 ἑν
387 1551 502 1611 τοῖς
542 1548 950 1620 ἑξητασμένοις,
979 1550 1059 1602 ὅτι
1096 1549 1156 1602 τὸ
1187 1548 1387 1620 θερμὸν
1422 1549 1500 1620 τῷ
1533 1549 1726 1620 ψυχρῷ

137 1641 262 1710 οὐχὶ
302 1641 586 1712 τρέφεται,
630 1641 768 1695 ἀλλά
817 1642 1135 1696 σϐέννυται·
1183 1643 1277 1696 καὶ
1320 1643 1382 1696 τὸ
1447 1642 1613 1713 ὑγρὸν
1649 1642 1726 1714 τῷ

137 1730 293 1801 ξηρῷ
339 1731 679 1799 ἀφανίζεται,
717 1732 778 1785 οὒ
804 1730 1105 1796 πλεονάζει.
1159 1731 1298 1786 Ἀλλ’
1325 1732 1417 1785 ἐπὶ
1445 1734 1505 1785 τὸ
1539 1733 1725 1804 ἕτερον

1904 1099 1980 1154 Ex
2011 1099 2100 1166 iis,
2128 1115 2250 1170 ηοω
2273 1100 2545 1170 disputata
2569 1107 2724 1162 sunt,
2750 1095 3024 1166 sequitur,
3049 1103 3108 1149 ut
3129 1110 3284 1164 aqua:
3306 1110 3401 1148 su-

1829 1207 1925 1262 pra
1947 1192 2345 1247 tirmamentum
2369 1193 2486 1248 εἱιω
2507 1191 2576 1246 ab
2597 1191 2699 1245 hac
2722 1188 2948 1244 humida
2971 1195 3166 1242 natura
3190 1185 3400 1241 discre-

1830 1291 1980 1352 pent.
2015 1283 2170 1338 Patet
2199 1283 2344 1338 enim
2376 1281 2584 1338 humidi
2615 1289 2776 1352 pastu
2807 1287 3064 1336 naturam
3094 1278 3238 1349 ignis
3284 1292 3398 1331 non

1831 1375 1898 1428 ali
1928 1374 2504 1444 :demonstratumque
2524 1381 2630 1439 est,
2654 1371 2891 1427 calidum
2911 1369 3110 1439 frigido
3131 1383 3243 1423 non
3269 1382 3400 1422 enu-

1829 1465 1949 1518 triri
1969 1505 1983 1527 ,
2007 1464 2102 1520 sed
2126 1466 2396 1535 exstingui
2424 1483 2439 1520 :
2465 1471 2518 1520 et
2545 1462 2768 1518 humido
2795 1462 3003 1518 siccum
3035 1459 3242 1525 deleri,
3282 1473 3395 1512 non

1830 1556 2097 1626 adjuvari.
2125 1555 2491 1621 Quamobrem
2513 1563 2732 1626 tempus
2755 1561 2838 1609 est
2858 1592 2873 1617 ,
2897 1560 2957 1607 ut
2976 1550 3278 1606 orationem
3307 1562 3400 1603 no-

1827 1656 1998 1704 stram
2052 1648 2172 1710 alio
2198 1654 2618 1715 convertamus,
2660 1659 3086 1717 quaeramusque
3123 1640 3398 1712 quomodo

1828 1737 1989 1792 tertio
2006 1736 2095 1792 die
2113 1736 2268 1791 factis.
2285 1745 2413 1792 sunt
2431 1751 2641 1801 omnes,
2663 1750 2784 1805 ηοω
2806 1735 2860 1788 in
2879 1733 3020 1788 coelo
3043 1741 3190 1797 sunt,
3206 1731 3395 1788 stellae.

137 1821 248 1873 τῶν
295 1821 646 1891 ζητουμένων
674 1822 866 1894 καιρὸς
898 1821 964 1876 ἂν
994 1822 1080 1892 εἴη
1099 1821 1296 1893 τρέψαι
1333 1823 1434 1894 τὴν
1472 1822 1724 1895 θεωρίαν,

1904 1828 1981 1882 ιοὰ
2003 1828 2167 1896 igitur
2187 1827 2442 1882 omnibus
2465 1825 2629 1881 rebus
2655 1825 3127 1893 admirandisqua:
3143 1835 3402 1891 procrea-

141 1912 262 1975 πῶς
308 1913 448 1982 μετά
475 1913 574 1982 τὴν
610 1913 802 1984 τρίτην
841 1912 1056 1984 ἡμέραν
1098 1914 1302 1978 πάντες
1331 1915 1380 1967 οἱ
1422 1916 1541 1969 κατ’
1567 1915 1729 1984 οὐρα-

137 2003 231 2055 νὸν
268 2002 556 2073 φωστῆρες
583 2003 926 2073 πεποίηνται.
961 2003 1086 2056 Ὅτι
1115 2003 1214 2072 μὲν
1235 1998 1326 2057 οῦν
1351 2004 1581 2056 ἑκάστου
1621 2003 1729 2058 τῶν

139 2094 454 2161 γινομένων
504 2094 798 2164 θαυμάτων
859 2093 1018 2162 λόγος
1070 2111 1154 2157 τις
1209 2095 1352 2158 θεῖος
1403 2094 1731 2166 καθηγεῖται

141 2185 584 2254 προστακτικὸς,
626 2184 769 2237 οῦτω
818 2184 911 2238 τοῦ
958 2186 1204 2250 Μωσέως
1251 2185 1538 2257 ίστορικῶς
1581 2187 1731 2256 ἡμᾶς

139 2273 209 2325 τὰ
252 2271 438 2341 ὑψηλά
481 2271 592 2324 τῶν
637 2271 922 2342 δογμάτων
967 2273 1339 2338 διδάσκοντος,
1360 2275 1419 2330 ἐν
1449 2276 1560 2339 τοῖς
1596 2274 1732 2344 φθά-

144 2381 305 2416 σασιν
355 2362 700 2432 ἑξητάσαμεν
737 2363 950 2431 λόγοις,
982 2366 1041 2416 ἑν
1078 2361 1160 2427 οἷς
1202 2363 1362 2416 τοῦτο
1397 2366 1730 2435 κατενοήσα-

143 2473 244 2525 μεν
271 2496 286 2520 ,
317 2455 380 2507 τὸ
409 2456 484 2525 μὴ
516 2456 846 2525 πρόσταγμα
877 2451 1014 2508 εἶναι
1037 2452 1126 2508 διὰ
1157 2453 1418 2527 ῥημάτων
1449 2455 1733 2526 γινόμενον

142 2547 240 2617 τὴν
274 2545 430 2599 θείαν
470 2547 684 2617 φωνὴν,
714 2546 853 2600 ἀλλά
890 2548 989 2617 τὴν
1031 2549 1288 2618 τεχνικήν
1330 2565 1390 2600 τε
1428 2548 1522 2601 καὶ
1564 2547 1734 2619 σοφὴν

140 2639 377 2708 δύναμιν
405 2638 639 2692 ἑκάστου
673 2638 782 2691 τῶν
811 2639 1130 2709 γινομένων,
1167 2638 1290 2692 καθ’
1335 2641 1401 2711 ἢν
1429 2641 1733 2711 ἐνεργεῖται

140 2731 210 2782 τὰ
239 2732 301 2783 ὲν
329 2733 443 2792 τοῖς
475 2726 594 2784 οὖσι
617 2729 891 2800 θαύματα,
923 2729 1082 2784 τοῦτο
1112 2730 1269 2800 λόγον
1296 2730 1430 2784 Θεοῦ
1460 2734 1552 2786 καὶ
1587 2728 1730 2786 εἶναι

144 2821 238 2873 καὶ
263 2821 558 2888 λέγεσθαι,
597 2823 694 2875 καὶ
719 2822 801 2874 ὅτι
833 2821 1036 2886 παντὸς
1066 2821 1278 2892 ἀθρόως
1309 2819 1405 2876 τοῦ
1453 2820 1596 2876 κατά
1633 2823 1733 2893 τὴν

145 2912 329 2965 κτίσιν
375 2911 745 2984 πληρώματος
793 2915 851 2967 ἑν
891 2912 970 2983 τῷ
1011 2911 1216 2984 πρώτῳ
1263 2913 1358 2966 τοῦ
1393 2913 1529 2967 Θεοῦ
1578 2913 1735 2986 θελήο

147 3017 278 3068 ματι
321 3001 708 3072 συστάντος,ή
749 3001 1061 3070 ἀναγκαίως
1103 3001 1247 3056 κατά
1278 3001 1376 3073 τὴν
1404 3003 1734 3074 ἑγκειμένην

143 3094 257 3153 τοῖς
283 3085 408 3144 οὖσι
445 3092 639 3159 σοφίαν
677 3093 916 3164 ἑπομένη
952 3092 1136 3158 τάξις,
1188 3093 1326 3164 πρὸς
1367 3093 1465 3166 τὴν
1499 3095 1733 3148 ἑκάστου

145 3181 252 3232 τῶν
307 3181 595 3251 στοιχείων
635 3183 926 3250 ἀνάδειξιν,
961 3183 1068 3237 τῶν
1101 3183 1261 3237 θείων
1293 3184 1736 3254 προσταγμάτων

143 3273 242 3342 τὴν
267 3272 596 3328 ἀκολουθίαν
631 3274 762 3345 ἔχει.
803 3273 1045 3329 Συνελὼν
1072 3275 1181 3347 γὰρ
1206 3277 1264 3328 ἑν
1301 3278 1367 3346 τῇ
1413 3274 1604 3346 πρώτῃ
1637 3276 1736 3346 τῆς

146 3363 482 3432 αἱσθητικῆς
516 3365 744 3428 κτίσεως
782 3364 1110 3431 ὑποστάσει,
1150 3366 1518 3437 περιληπτικῇ
1546 3367 1696 3436 φωνῇ
1719 3403 1734 3428 ,

143 3455 205 3506 τὸ
257 3456 372 3506 πᾶν
419 3457 450 3507 6
497 3453 700 3523 Μωσῆς
755 3455 1058 3519 ἐνεδείξατο
1101 3456 1304 3510 εἰπών·
1373 3475 1392 3508 ι
1456 3457 1542 3509 Ἐν
1594 3457 1735 3527 ἀρχῇ

146 3545 409 3613 ἐποίησεν
447 3546 478 3596 6
505 3545 638 3609 Θεὸς
672 3547 764 3600 τὸν
802 3547 1028 3618 οὐρανὸν
1059 3547 1152 3600 καὶ
1190 3546 1288 3616 τὴν
1317 3547 1444 3617 γῆν.
1486 3564 1504 3597 ι
1542 3546 1616 3598 Τὸ
1642 3542 1736 3599 οῦν

149 3634 431 3705 πλήρωμα
459 3635 570 3688 τῶν
595 3637 765 3690 ὄντων
802 3636 970 3691 εἰπὼν
995 3638 1077 3690 ὅτι
1104 3637 1380 3706 ἐποίησεν,
1407 3634 1642 3705 καθεξῆς
1679 3637 1738 3689 ἑν

149 3723 301 3788 τάξει
328 3727 441 3777 τινὶ
489 3731 691 3799 φυσικῇ
721 3727 819 3798 τὴν
857 3728 1148 3798 γινομένην
1178 3729 1409 3781 ἑκάστου
1439 3727 1548 3780 τῶν
1569 3727 1736 3780 ὄντων

147 3815 422 3881 ἀνάδειξιν
479 3818 896 3888 ἑπισημειοῦται
949 3817 1026 3887 τῷ
1085 3818 1249 3888 λόγῳ.
1309 3818 1504 3887 Γέγονε
1556 3818 1736 3872 τοίνυν

149 3911 290 3980 μετὰ
328 3910 548 3963 πάντων
584 3910 645 3962 τὸ
679 3909 826 3978 φῶς,
857 3909 971 3963 ἀλλ’
998 3910 1099 3962 οὐκ
1128 3909 1288 3971 εὐθὺς
1320 3908 1604 3980 προεφάνη
1627 3906 1736 3961 τῶν

147 4002 401 4064 πάντων,
429 4001 534 4064 ἕως
574 4000 646 4053 τά
672 4000 890 4069 ἀφεγγῆ
916 4003 1015 4071 τῆς
1054 3999 1282 4062 κτίσεως
1311 3998 1450 4070 μέρη
1481 4000 1577 4070 τῆς
1623 4015 1737 4067 φωο

145 4095 399 4164 ’πιστικῆς
430 4094 864 4164 ἐπιπροσθοῦντα
896 4094 1177 4164 δυνάμεως
1214 4093 1404 4164 ἑμενεν
1425 4109 1439 4123 ⁸
1494 4091 1628 4164 ὁμοῦ
1678 4093 1735 4145 δὲ

1828 1924 1897 1971 ιω
1939 1925 2109 1980 sunt,
2138 1916 2386 1970 divinum
2427 1914 2698 1985 quoddam
2730 1913 3046 1967 mandatum
3079 1911 3401 1981 imperium-

1829 2022 1935 2076 que
1978 2007 2254 2076 sigillatim
2304 2004 2685 2076 praecesserit,
2728 2019 2796 2059 ex
2838 2003 3006 2059 Mosis
3051 2002 3280 2058 historia
3322 1999 3404 2056 sic

1828 2098 2042 2153 excelsa
2084 2097 2200 2152 haec
2243 2096 2461 2152 decreta
2499 2095 2898 2165 complectente
2926 2094 2983 2147 in
3018 2091 3400 2162 superioribus

1828 2189 2348 2252 animadvertimus,
2400 2186 2849 2256 didicimusque,
2903 2183 3148 2238 divinam
3206 2197 3400 2237 vocem

1830 2296 1940 2334 non
1997 2295 2120 2335 esse
2153 2279 2470 2334 mandatum
2503 2279 2686 2335 verbis
2731 2290 3078 2348 expressum,
3125 2283 3181 2328 et
3225 2273 3404 2344 expli-

1830 2372 2039 2432 catum,
2074 2365 2170 2421 sed
2193 2366 2458 2421 artificem
2480 2380 2544 2420 ac
2569 2367 2873 2435 sapientem
2898 2364 2954 2418 in
2981 2364 3145 2418 rebus
3169 2361 3402 2432 singulis

1829 2464 2187 2526 potestatem,
2225 2471 2333 2526 qua
2366 2471 2452 2522 ea,
2481 2471 2605 2528 ηοω
2639 2457 2693 2510 in
2726 2456 2860 2526 ipsis
2888 2464 3194 2510 cernuntur
3225 2452 3403 2506 admi-

1831 2549 2056 2614 rabilia,
2105 2547 2351 2618 perfecta
2395 2557 2560 2611 sunt,
2618 2549 2906 2618 primaque
2955 2544 3052 2600 Dei
3119 2545 3403 2599 voluntate

1833 2640 2018 2694 statim
2048 2640 2274 2694 omnino
2304 2655 2488 2695 rerum
2519 2639 2935 2694 universitatem
2969 2637 3274 2701 exstitisse,
3311 2651 3407 2690 or-
3471 2640 3476 2643 ’

1833 2730 2132 2802 dinemque
2189 2731 2481 2802 sapientiae
2539 2731 2596 2785 in
2653 2731 2791 2801 ipsis
2857 2729 3036 2785 insita:
3087 2728 3407 2784 necessario

1761 2867 1804 2926 c
1834 2829 2246 2894 permanentem
2263 2822 2576 2878 divinorum
2596 2823 2984 2877 mandatorum
3005 2821 3111 2874 vim
3131 2831 3184 2876 et
3207 2820 3406 2875 seriem

1834 2914 2105 2969 obtinere.
2153 2912 2397 2968 Breviter
2441 2913 2588 2967 enim
2641 2928 2852 2976 rerum,
2901 2926 3026 2981 ηοω
3077 2926 3245 2966 sensu
3281 2924 3406 2979 per-

1833 3003 2136 3074 cipiuntur,
2191 3004 2637 3075 procreationem
2698 3005 3094 3074 complectens,
3143 3002 3407 3056 mundum

1835 3096 2152 3150 universum
2177 3095 2438 3162 ostendit,
2473 3095 2569 3150 «In
2592 3095 2887 3166 principio,
2922 3114 2940 3147 ι
2978 3096 3260 3165 inquiens,
3281 3113 3299 3144 ι
3327 3093 3410 3148 fc-

1836 3184 1909 3238 cit
1943 3183 2090 3240 Deus
2131 3184 2334 3240 ccelum
2363 3192 2419 3240 et
2444 3191 2670 3239 terram.
2697 3203 2716 3236 ι
2753 3182 2966 3250 Quibus
3004 3182 3186 3237 verbis
3219 3193 3408 3235 rerum

1836 3274 2202 3331 universitate
2249 3273 2689 3345 comprehensa,
2758 3273 3024 3344 deinceps
3094 3271 3406 3326 naturalem

1837 3365 2126 3436 quemdam
2152 3365 2498 3437 singulorum
2530 3365 2784 3422 ordinem
2817 3365 3189 3436 persequitur.
3230 3359 3410 3415 Simul

1835 3446 2004 3526 igitur
2045 3470 2171 3510 cum
2223 3455 2456 3525 reliquis
2503 3455 2670 3510 rebus
2724 3453 2984 3507 omnibus
3041 3457 3300 3522 generata
3327 3455 3411 3501 est

1837 3547 1954 3612 lux,
1999 3545 2095 3601 sed
2140 3561 2250 3600 non
2298 3545 2571 3614 extemplo
2623 3544 2790 3598 rebus
2839 3543 3097 3598 omnibus
3133 3539 3408 3609 pt'asluxit,

1836 3638 2080 3708 quandiu
2118 3647 2301 3706 partes
2332 3650 2513 3689 rerum
2545 3635 2796 3688 obscuras
2829 3633 2936 3685 vim
2971 3631 3092 3700 ejus
3128 3630 3411 3683 illustran-

1837 3734 1948 3781 tem
1984 3724 2422 3794 impediverunt;
2467 3730 2521 3776 at
2554 3722 2719 3777 simul
2773 3731 2942 3792 atque
2977 3720 3120 3774 ratio
3147 3732 3410 3773 concessa

1837 3820 1923 3868 est
1976 3828 2006 3866 a
2039 3812 2173 3878 Deo,
2211 3812 2368 3883 ignea
2398 3812 2482 3866 vis
2507 3810 2827 3888 iilustrandi
2853 3804 3408 3878 praefulsitomnibus,

1839 3905 2055 3975 sibique
2099 3913 2306 3959 natura;
2344 3904 2582 3969 levitate,
2635 3917 2700 3957 ac
2753 3901 3081 3968 mobilitate,
3133 3897 3408 3969 patefacta

1837 3998 1948 4062 via,
1997 3997 2290 4068 prosilivit.
2351 3996 2430 4050 Ac
2477 4004 2612 4050 tunc
2669 3994 2890 4065 quidem
2937 3995 3190 4048 universa
3240 3991 3296 4043 in
3352 4005 3412 4044 se

1839 4097 2032 4144 coacta
2069 4088 2334 4144 mundum
2361 4089 2549 4143 obibat
2581 4104 2596 4142 :
2628 4101 2753 4141 mox
2809 4093 2992 4140 autem
3027 4081 3266 4153 propriis
3298 4095 3424 4148 par-

144 4186 225 4256 τῷ
263 4185 489 4254 δοθῆναι
535 4185 689 4255 παρά
724 4183 818 4238 τοῦ
859 4183 993 4238 Θεοῦ
1021 4188 1086 4256 τῇ
1115 4185 1288 4238 κτίσει
1319 4184 1455 4255 πρὸς
1486 4183 1584 4255 τὴν
1615 4183 1730 4236 δια-

1904 4195 1987 4235 nts
2019 4181 2072 4233 in
2097 4195 2183 4244 ea,
2210 4193 2332 4248 ηοω
2375 4178 2479 4234 sibi
2517 4185 2752 4248 cognata
2785 4175 3196 4244 coniunctaque
3231 4178 3411 4232 erant,

147 4277 422 4345 κόσμησιν
465 4275 635 4344 αὐτῆς
675 4275 736 4327 τὸ
787 4274 1083 4345 ἐνδόσιμον,
1130 4276 1160 4342 ἡ
1221 4275 1476 4345 πυρώδης
1531 4291 1590 4326 τε
1637 4275 1734 4326 καὶ

147 4365 454 4435 φωτιστικὴ
501 4364 730 4435 δύναμις
781 4365 882 4434 τῆς
929 4365 1160 4427 κτίσεως
1219 4365 1500 4436 προεφάνη
1545 4365 1603 4417 ἑν
1656 4363 1734 4434 τῷ

147 4454 337 4524 κούφῳ
393 4456 489 4508 καὶ
536 4456 804 4526 εὐκινήτῳ
853 4455 952 4526 τῆς
991 4455 1240 4525 φύσεως,
1289 4454 1732 4526 προεξαλλομένη

145 4545 253 4597 τῶν
283 4545 486 4599 ἄλλων.
540 4547 651 4599 Καὶ
702 4549 841 4610 τέως
889 4548 986 4618 μὲν
1047 4544 1117 4619 ἦν
1155 4549 1306 4601 πᾶσα
1350 4547 1478 4617 περὶ
1526 4547 1733 4616 ἑαυτὴν

148 4636 485 4707 ἠθροισμένη
517 4637 611 4689 καὶ
638 4638 1006 4712 περιπολοῦσα
1034 4640 1094 4692 τὺ
1129 4639 1236 4692 πᾶν
1257 4655 1270 4668 ’
1303 4637 1440 4709 μετά
1471 4636 1629 4691 τοῦτο
1673 4638 1730 4690 δὲ

147 4728 310 4780 πάλιν
364 4730 481 4792 τοῖς
531 4728 682 4792 ἰδίοις
728 4731 937 4800 μορίοις
987 4728 1123 4800 πρὸς
1165 4729 1235 4781 τά
1263 4729 1498 4798 συγγενῆ
1545 4745 1604 4781 τε
1637 4727 1732 4780 καὶ

148 4820 464 4890 κατάλληλα
503 4820 858 4892 διακρίνεται.
896 4822 1062 4891 Δῆλον
1099 4821 1208 4892 γάρ
1250 4823 1315 4873 ὲκ
1367 4819 1476 4872 τῶν
1517 4819 1730 4890 ὁρωμέ-

1838 4273 2008 4327 divisa
2049 4279 2154 4328 est.
2208 4271 2364 4337 Quod
2413 4277 2599 4325 autem
2643 4268 2768 4337 ejus
2817 4275 3017 4321 natura
3059 4279 3172 4318 non
3223 4265 3295 4318 sit
3347 4277 3413 4317 ex

1835 4365 1924 4428 iis,
1955 4379 2078 4433 ηοω
2105 4363 2380 4425 videntur,
2415 4359 2769 4431 perspicuum
2805 4363 2912 4412 est.
2959 4353 3018 4408 Si
3061 4353 3188 4424 quis
3227 4361 3412 4406 tamen

1839 4456 2014 4509 lucem
2042 4469 2107 4509 ex
2144 4453 2404 4508 omnibus
2436 4457 2686 4506 coactam
2718 4463 2886 4503 unam
2921 4461 3046 4502 esse
3087 4460 3289 4516 genere
3329 4443 3413 4498 di-

1837 4554 1947 4609 cat,
2005 4561 2118 4600 non
2178 4545 2408 4609 errabit,
2471 4541 2695 4614 quando
2742 4541 2966 4595 divinus
3018 4539 3185 4595 etiam
3229 4552 3413 4594 sermo
3487 4539 3506 4552 ‘

1840 4637 2107 4707 singulari
2159 4651 2293 4691 voce
2350 4636 2665 4690 universam
2716 4634 3009 4706 signiﬁcat,
3064 4633 3411 4703 praecipiens,

1840 4737 1901 4782 ut
1927 4729 2015 4782 lux
2037 4769 2053 4792 ,
2089 4742 2198 4781 non
2230 4735 2432 4791 autem,
2478 4734 2538 4780 ut
2572 4726 2757 4797 plures
2787 4727 2942 4782 fiant.
2977 4725 3175 4780 Verum
3210 4723 3258 4778 si
3288 4723 3414 4791 quis

1839 4832 1926 4884 ea,
1947 4831 2067 4888 ηοω
2097 4817 2376 4880 videntur,
2411 4817 2709 4887 aspexerit,
2740 4816 3100 4887 multiplicem
3133 4815 3414 4868 illustran-

147 4931 272 4978 νων,
312 4914 397 4966 ὅτι
442 4913 506 4966 οὐ
542 4915 643 4984 μία
673 4916 772 4984 τῆς
797 4915 1125 4984 φωτιστικῆς
1154 4912 1367 4983 φύσεώς
1407 4913 1552 4964 ἑστιν
1577 4912 1610 4980 ἠ
1639 4909 1730 4963 δύ-

1904 4927 1911 4963 ι
1942 4910 2197 4980 potentiae
2227 4909 2596 4965 diﬂ‘erentiam
2646 4910 2702 4965 in
2737 4911 2908 4966 rebus
2957 4905 3375 4962 animadvertat.

148 5019 343 5073 ναμις⁶
386 5004 527 5058 ἀλλά
565 5004 644 5076 τῷ
687 5005 788 5076 μὲν
840 5001 1042 5073 γενικῷ
1079 5002 1221 5072 λόγῳ
1264 5003 1323 5055 ἑν
1375 5019 1456 5065 τις
1505 5001 1786 5071 ὀνομάζων
1824 5002 1940 5072 φῶς
1978 5003 2040 5056 τὸ
2081 5005 2145 5056 ἑκ
2186 5003 2406 5058 πάντων
2450 5001 2868 5075 ἀθροιζόμενον,
2912 4999 3012 5053 οὑκ
3041 4996 3106 5050 ἂν
3146 4996 3415 5066 ἁμάρτοι,

149 5098 265 5150 ἐπεὶ
291 5098 389 5150 καὶ
409 5101 438 5150 6
469 5097 614 5161 θεῖος
643 5097 800 5165 λόγος
827 5098 895 5167 τῇ
927 5096 1076 5164 ἑνικῇ
1112 5097 1263 5165 φωνῇ
1293 5094 1573 5166 καταρχὰς
1595 5095 1656 5146 τὸ
1689 5095 1796 5147 πᾶν
1823 5094 2197 5165 διασημαίνει,
2242 5093 2378 5164 φῶς,
2424 5094 2545 5166 οὐχὶ
2574 5095 2728 5164 φῶτα
2761 5090 3056 5163 γενηθῆναι
3085 5091 3414 5159 προστάξας.

151 5192 220 5244 ΕΞ·
240 5190 297 5243 δὲ
321 5189 459 5261 πρὸς
489 5189 560 5242 τά
589 5189 896 5259 φαινόμενα
925 5186 1110 5257 βλέποι
1134 5201 1236 5252 τις,
1279 5186 1478 5256 πολλὴν
1507 5186 1604 5254 τὴν
1634 5186 1733 5256 τῆς
1760 5187 2094 5257 φωτιστικῆς
2128 5187 2408 5258 δυνάμεως
2439 5186 2700 5257 διαφοράν
2729 5187 2785 5237 ἑν
2813 5185 2926 5245 τοῖς
2956 5177 3076 5234 οὖσι
3097 5182 3299 5252 κατόψε
3314 5200 3411 5238 ιιαι.

171 5329 178 5332 .
216 5283 379 5338 Ὀθεν
419 5283 518 5335 καὶ
572 5285 602 5336 6
632 5279 947 5352 Ψαλμῳδός
1000 5295 1188 5350 φησιν·
1251 5296 1269 5329 ι
1305 5277 1396 5348 Τῷ
1452 5279 1730 5349 ποιήσαντι

1911 5277 2254 5348 Quapropter
2301 5278 2466 5331 etiam
2517 5276 2790 5347 Propheta
2842 5274 2976 5329 dicit
3013 5292 3027 5330 :
3064 5293 3085 5326 ι
3127 5274 3231 5340 Qui
3283 5275 3411 5330 iacit

148 5377 296 5443 τῶτα
352 5375 566 5446 μεγάλα
616 5376 788 5448 μόνῳ.
843 5394 863 5428 ι
899 5372 1044 5440 Καὶ,
1081 5391 1122 5433 ι,
1155 5372 1321 5443 ’Λλλη
1350 5370 1476 5436 δόξα
1510 5372 1686 5443 ἡλίου,
1711 5392 1728 5425 ι

1904 5369 2133 5426 minaria
2164 5382 2357 5440 magna
2391 5368 2542 5424 solus
2561 5368 2627 5422 ⁸³.
2657 5385 2676 5420 ι
2705 5366 2771 5424 Et
2789 5366 3086 5439 Apostolus
3118 5384 3132 5422 :
3163 5385 3182 5418 ‹
3221 5366 3360 5434 Alia,
3390 5384 3411 5419 ι

215 5559 258 5591 ⁸³
283 5558 424 5616 Psal.
458 5578 657 5626 cxxxv,
685 5560 741 5616 4.
