3746 5994
393 102 494 164 US

1620 108 1673 164 S.
1719 105 2044 166 GREGORII
2081 102 2370 160 NYSSENI

3525 94 3624 154 “6

393 219 592 288 inquit,
639 237 658 270 ι
688 228 772 274 est
807 221 1033 277 claritas
1059 222 1216 288 solis,
1250 223 1355 277 alia
1386 197 1611 284 claritas
1657 225 1820 292 lunae,
1848 241 1872 280 a

2141 224 2218 280 σὶν
2250 223 2279 276 ὁ
2306 219 2654 283 Ἀπόστολος,
2711 233 2732 268 ι
2761 216 2855 275 καὶ
2901 213 3030 284 ἄλλη
3070 210 3204 277 δόξα
3247 210 3492 282 σελήνης,
3536 214 3620 265 καὶ

396 309 619 364 claritas
671 311 954 364 stellarum
990 329 1002 366 :
1039 312 1200 367 stella
1239 315 1386 369 enim
1429 313 1612 372 differt
1646 330 1676 369 a
1714 315 1871 372 stella
1902 315 1961 370 in

394 400 644 456 claritate
688 400 765 469 “;
816 421 836 454 ι
885 402 1073 474 itaque
1119 405 1290 460 multa
1349 405 1491 465 lucis
1553 405 1777 465 omnino
1833 413 1962 464 sunt

392 490 734 544 discrimina.
766 489 830 549 Et
861 508 1174 564 quanquam
1199 495 1406 561 omnia,
1432 511 1553 566 quae
1575 495 1780 551 Paulus
1817 510 1957 550 enu-

392 581 644 645 meravit,
669 579 978 638 illustrandi
999 585 1108 638 vim
1140 584 1363 654 habent,
1388 594 1442 640 et
1485 600 1586 642 sua
1609 581 1959 658 unumquod-

391 686 499 740 que
564 679 836 741 potestate
897 675 1257 747 claritateque
1325 677 1840 748 comprehenditur,
1901 687 1961 739 ut

391 774 590 825 cuncta
643 762 921 826 communi
971 769 1195 828 nomine
1237 769 1330 824 lux
1380 783 1492 826 una
1548 778 1700 824 recte
1747 769 1961 840 possint

391 855 678 924 appellari,
724 865 889 910 certze
935 864 1114 914 tamen
1165 858 1219 912 in
1262 858 1350 913 his
1384 859 1773 930 distinctaeque
1802 857 1958 915 dilIe-

389 944 580 998 rentim
625 953 966 1013 spectantur.
1004 945 1135 1012 Qua:
1166 961 1292 1002 cum
1317 948 1394 1002 ita
1422 963 1482 1005 se
1510 949 1764 1014 habeant,
1794 964 1897 1005 nos
1926 965 1957 1004 a

393 1048 521 1087 vero
545 1035 768 1089 minime
798 1051 1118 1091 recessuros
1146 1037 1418 1102 existimo,
1450 1036 1497 1094 si
1534 1038 1857 1106 dixerimus,
1881 1038 1955 1093 ita

391 1123 593 1178 Mosam
649 1125 988 1187 intellexisse
1046 1143 1061 1180 :
1129 1127 1291 1191 initio
1348 1129 1568 1202 quidem
1617 1137 1789 1184 totam
1846 1129 1954 1184 vim

389 1212 707 1267 illustrandi
758 1215 812 1269 in
857 1231 1026 1270 unum
1067 1224 1452 1294 congregatam
1492 1218 1666 1274 fuisse
1701 1234 1955 1282 :verum,

389 1315 515 1356 cum
570 1304 755 1357 multae
799 1312 983 1360 essent
1031 1307 1086 1361 in
1151 1307 1459 1364 subtilitate
1503 1308 1952 1382 mobilitateque,

388 1400 658 1462 quantum
723 1393 790 1448 ad
838 1395 1100 1464 majorem
1149 1398 1531 1467 minoremque
1580 1399 1954 1472 praestantiam

389 1482 648 1551 pertinet,
689 1482 743 1536 in
773 1483 1145 1540 universitatis
1188 1496 1384 1540 natura
1421 1485 1763 1553 diﬂerentiaa,
1791 1487 1955 1542 trium

2060 312 2192 384 άλλη
2242 310 2372 375 δόξα
2426 308 2700 378 ἀστέρων·
2749 302 2924 381 ἀστὴρ
2979 301 3088 378 γὰρ
3111 299 3337 368 ἀστέρος
3383 297 3620 369 διαφέρει

2059 405 2117 457 ἐν
2141 401 2299 472 δόξῃ,
2334 418 2352 457 ›
2383 399 2461 461 ὼς
2489 397 2689 466 πολλῆς
2718 393 2933 458 πάντως
2951 392 3050 462 τῆς
3081 388 3222 444 κατά
3242 387 3303 442 τὸ
3324 387 3438 456 φῶς
3464 386 3623 458 ούσης

2057 492 2338 564 διαφορᾶς.
2384 489 2446 542 Ei
2466 486 2575 559 γάρ
2602 486 2696 539 καὶ
2721 484 2902 543 πάντα
2929 481 3186 550 φωτίζειν
3209 479 3450 548 πέφυκεν
3482 479 3579 532 ὅσα
3596 481 3622 531 ό

2058 583 2267 646 Παῦλος
2300 580 2742 652 ἀπηριθμήσατο,
2769 576 2864 634 καὶ
2879 574 3109 634 ἕκαστον
3133 574 3190 626 ἐν
3220 569 3492 644 ἰδιαζούσῃ
3520 571 3622 623 τινὶ

2057 673 2282 744 δυνάμει
2304 672 2398 732 καὶ
2429 669 2555 745 δόξῃ
2585 665 3067 736 καταλαμϐάνεται
3087 678 3099 692 ·
3146 659 3329 725 καλῶς
3378 662 3446 716 ἂν
3494 661 3620 730 έχοι,

2057 765 2116 818 ἓν
2154 761 2268 833 φῶς
2307 760 2375 815 τά
2398 760 2572 816 πάντα
2608 755 2753 820 κατά
2788 757 2879 809 τὸν
2908 754 3124 829 γενικδν
3155 750 3518 822 ὀνομάζεσθαι
3545 751 3623 805 λό-

2056 871 2173 924 γον,
2195 852 2496 924 ἀσύγχυτον
2525 850 2583 905 δέ
2603 849 2697 902 καὶ
2722 845 3060 918 διῃρημένην
3078 844 3179 913 τὴν
3199 844 3257 896 ἐν
3280 842 3488 906 τούτοις
3513 841 3619 895 δια-

2058 943 2229 1014 φορὰν
2267 941 2512 1012 θεωρεῖν.
2549 940 2614 992 Et
2648 937 2707 991 δὲ
2730 936 2902 990 ταῦτα
2924 933 3112 988 τοῦτον
3143 931 3255 1002 ἔχει
3283 931 3374 994 τὸν
3405 931 3618 1003 τρόπον,

2055 1033 2154 1087 οὐκ
2178 1033 2244 1085 ἀν
2259 1026 2412 1102 οἶμαι
2427 1029 2746 1100 διαμαρτεῖν
2770 1026 2869 1097 τῆς
2889 1021 3207 1085 ἀκολουθίας
3226 1021 3324 1092 τὴν
3353 1021 3619 1092 ἡμετέραν

2057 1120 2345 1194 ὑπόληψιν,
2357 1122 2404 1173 εἰ
2415 1117 2573 1174 τοῦτο
2588 1115 2952 1186 ὑπολάϐοιμεν
2964 1113 3279 1188 νενοηκέναι
3295 1112 3388 1166 τὸν
3407 1111 3614 1172 Μωσέα·

2053 1213 2137 1268 ὅτι
2163 1209 2444 1284 καταρχὰς
2457 1208 2556 1280 μὲν
2573 1209 2722 1262 πᾶσα
2738 1209 2771 1278 ὴ
2791 1203 3092 1278 φωτιστικὴ
3112 1202 3338 1273 δύναμις
3362 1203 3498 1273 πρὸς
3512 1204 3619 1255 ἐαυ-

2055 1302 2153 1374 τὴν
2169 1299 2517 1373 ἀθροισθεῖσα
2539 1298 2598 1352 ἐν
2614 1297 2829 1368 ἐγένετο
2844 1297 2982 1366 φῶς·
3001 1296 3122 1349 ἐπεὶ
3134 1295 3188 1349 δὲ
3204 1292 3372 1364 πολλή
3390 1311 3472 1358 τις
3483 1289 3546 1364 ἦν
3566 1294 3618 1345 ἐν

2055 1391 2133 1464 τῷ
2154 1389 2332 1461 λεπτῷ
2351 1407 2412 1444 τε
2437 1389 2530 1443 καλ⁸
2559 1389 2827 1460 εὐκινήτῳ
2856 1389 3005 1461 παρὰ
3036 1389 3098 1442 τὸ
3131 1389 3330 1460 μᾶλλον
3351 1385 3445 1440 καὶ
3468 1381 3617 1456 ἦττον

2057 1484 2091 1554 ἡ
2108 1481 2339 1556 διαφορὰ
2389 1482 2446 1535 ἐν
2469 1481 2532 1551 τῇ
2556 1479 2661 1534 τῶν
2680 1479 2816 1533 ὅλων
2847 1479 3005 1550 φύσει
3033 1478 3403 1551 θεωρουμένη,
3427 1476 3616 1548 ῆρκεσε

390 1574 601 1627 dierum
635 1575 870 1644 Spatium
909 1567 1083 1632 fuisse
1109 1581 1246 1634 satis
1283 1577 1350 1632 ad
1385 1594 1506 1634 eam
1543 1593 1669 1640 vera
1702 1587 1869 1634 certat

2145 1575 2441 1648 τριήμερω
2477 1571 2668 1647 χρόνου
2691 1569 2992 1642 διάστημα,
3024 1571 3124 1640 τὴν
3162 1571 3393 1624 ἑκάστου
3423 1567 3615 1620 τούτων

388 1663 604 1720 ratione
637 1665 1099 1736 distinguendam,
1147 1677 1227 1734 ut,
1271 1668 1418 1738 quod
1461 1671 1518 1722 in
1564 1679 1761 1725 natura
1802 1670 1958 1740 ignea

391 1753 626 1808 maxime
669 1761 786 1808 erat
831 1755 1051 1820 subtile,
1096 1772 1161 1813 ac
1191 1758 1329 1824 leve,
1381 1765 1436 1813 et
1484 1774 1622 1828 pure
1655 1775 1686 1814 a
1732 1760 1958 1815 materia

388 1853 682 1908 remotum,
715 1861 990 1901 summum
1033 1863 1236 1915 rerum,
1287 1865 1409 1921 quae
1450 1852 1554 1907 sub
1599 1867 1820 1908 sensum
1862 1867 1956 1906 ca-

388 1930 548 1995 dunt,
583 1930 864 2002 fastigium
899 1932 1171 1989 obtineret
1201 1952 1215 1989 :
1242 1934 1345 1990 hoc
1371 1949 1500 1990 vero
1527 1936 1880 2006 intelligibilis
1903 1943 1958 1991 et

389 2020 715 2089 incorporea
745 2026 941 2075 natura
985 2021 1262 2076 admittit:
1291 2023 1439 2091 quod
1484 2031 1664 2078 autem
1704 2024 1955 2090 inertius,

391 2122 456 2163 ac
481 2109 726 2178 segnius,
760 2111 901 2162 intra
933 2110 1238 2166 subtilioris
1265 2111 1597 2181 leviorisque
1617 2113 1955 2182 complexum

389 2198 753 2265 consisteret;
799 2205 854 2254 et
891 2201 994 2254 hoc
1029 2214 1250 2254 rursum
1289 2215 1355 2256 ex
1396 2201 1573 2256 insitae
1608 2199 1957 2271 proprietatis

389 2288 696 2344 diﬂ‘erentia
726 2289 783 2344 in
823 2300 1030 2360 septem
1065 2292 1204 2347 lucis
1236 2299 1418 2362 partes
1453 2291 1809 2358 divideretur,
1841 2307 1960 2346 om-

389 2393 488 2432 nes
531 2379 672 2434 inter
712 2395 772 2434 se
816 2381 1023 2437 similes
1119 2390 1283 2453 atque
1331 2390 1628 2453 cognatas,
1681 2383 1958 2450 sejunctas

388 2485 573 2530 autem
604 2491 634 2529 a
665 2477 848 2542 rebus,
870 2493 991 2546 qua:
1007 2478 1207 2532 diversi
1229 2478 1444 2547 generis
1470 2476 1664 2532 forent.
1689 2474 1957 2532 Omnibus

386 2578 517 2634 ergo
548 2563 852 2634 particulis,
885 2579 1006 2634 qua:
1035 2565 1089 2618 in
1123 2565 1257 2620 solis
1303 2565 1672 2620 illustrantem
1704 2572 1958 2617 naturam

388 2653 655 2723 conjecta:
701 2661 872 2718 sunt,
915 2654 1375 2710 concurrentibus
1406 2693 1422 2719 ,
1482 2669 1651 2708 unum
1699 2652 1958 2723 quiddam

387 2761 647 2815 magnum
673 2745 922 2802 eﬂ'ectum
963 2755 1067 2803 est.
1101 2746 1258 2813 Quod
1294 2745 1482 2802 itidem
1513 2745 1694 2801 evenit
1716 2745 1772 2799 in
1806 2745 1956 2809 luna,

386 2837 710 2905 caeterisque
724 2846 837 2890 tum
855 2836 1165 2891 errantibus
1183 2844 1296 2889 tum
1311 2849 1420 2889 non
1437 2834 1745 2890 errantibus
1761 2834 1954 2896 stellis,

2056 1665 2325 1736 διάκρισιν
2363 1661 2578 1734 τρανῶς
2616 1679 2677 1715 τε
2723 1662 2818 1717 καὶ
2855 1660 3176 1732 ἀσυγχύτως
3231 1661 3327 1714 ἀπ’
3383 1659 3615 1729 ἀλλήλων

2058 1753 2404 1828 ποιήσασθαι,
2452 1752 2591 1806 ὥστε
2629 1751 2689 1806 τὸ
2731 1751 2829 1822 μὲν
2853 1751 3037 1823 ἄκρως
3066 1751 3260 1804 λεπτόν
3281 1766 3341 1803 τε
3379 1750 3474 1804 καὶ
3498 1746 3614 1801 κού-

2057 1862 2156 1914 φον
2176 1845 2275 1913 τῆς
2302 1841 2580 1914 πυρώδους
2592 1841 2802 1908 οὐσίας,
2820 1841 2914 1896 καὶ
2942 1838 3196 1910 καθαρῶς
3229 1838 3390 1892 ἀῡλον
3407 1878 3422 1902 ,
3453 1840 3509 1891 ἐν
3544 1835 3614 1904 τῷ

2056 1935 2342 2007 ἀκροτάτῳ
2379 1930 2628 2001 γενέσθαι
2663 1930 2762 1999 τῆς
2805 1931 3069 2002 αἰσθητῆς
3113 1931 3344 1992 κτίσεως
3394 1927 3611 2000 (ὅπερή

2056 2024 2218 2093 νοητή
2265 2038 2323 2078 τε
2358 2021 2452 2073 καὶ⁸
2491 2017 2782 2088 ἀσώματος
2831 2017 3131 2087 διαδέχεται
3175 2016 3367 2089 φύσις)
3392 2034 3406 2048 ο
3458 2017 3516 2068 τὸ
3560 2014 3612 2067 δὲ

2057 2111 2351 2184 ἀργότερόν
2409 2127 2468 2162 τε
2506 2109 2604 2163 καὶ
2641 2107 3075 2178 ναρκωδέστερον
3125 2107 3302 2172 ἅπαν,
3350 2106 3499 2170 ἐντὸς
3523 2104 3612 2172 τῆς

2058 2203 2319 2276 περιοχῆς
2367 2202 2461 2257 τοῦ
2503 2197 2701 2253 λεπτοῦ
2737 2215 2815 2274 ¹τε
2854 2198 2951 2251 καὶ
2987 2197 3190 2266 κούφου
3223 2195 3352 2266 περὶ
3431 2194 3610 2250 ἑαυτοῦ

2058 2294 2343 2363 συστῆναι·
2385 2290 2542 2345 τοῦτο
2580 2289 2637 2342 δὲ
2697 2288 2858 2347 πάλιν
2901 2289 3041 2342 κατά
3082 2288 3180 2359 τὴν
3221 2283 3491 2365 διαφορὰν.
3524 2282 3612 2348 τῆς

2057 2383 2383 2454 ἐγκειμένης
2416 2381 2561 2458 αύτῷ
2587 2380 2844 2449 ἰδιότητος
2875 2379 3082 2450 ἐπταχῆ
3110 2376 3456 2450 μερισθῆναι·
3488 2375 3611 2427 πάν-

2057 2495 2165 2532 των
2207 2477 2316 2536 τῶν
2359 2473 2701 2546 καταλλήλων
2743 2489 2804 2524 τε
2845 2471 2939 2524 καὶ
2978 2468 3262 2540 ὁμοφύλων
3303 2465 3402 2518 τοῦ
3453 2463 3612 2534 φωτὸς

2063 2571 2263 2641 μορίων
2311 2567 2558 2638 ἀλλήλοις
2580 2563 2720 2618 κατά
2742 2563 2802 2616 τὸ
2824 2560 3081 2630 συγγενὲς
3105 2557 3462 2630 συμφυέντων
3478 2595 3492 2619 ,
3530 2552 3614 2607 καὶ

2059 2661 2166 2716 ἀπὸ
2199 2659 2305 2720 τῶν
2341 2655 2669 2730 ἐτερογενῷς
2705 2653 2937 2728 ἐχόντων
2979 2647 3388 2718 διακριθέντων.
3442 2643 3612 2703 Οὕτως

2058 2749 2150 2812 οὖν
2173 2752 2294 2804 ὅσον
2331 2751 2386 2802 ἐν
2417 2750 2484 2819 τῇ
2519 2745 2820 2816 φωτιστικῇ
2847 2741 3000 2814 ούσίᾳ
3031 2741 3129 2812 τῆς
3150 2737 3383 2814 ἡλιακῆς
3416 2734 3615 2819 φύσεως

2059 2817 2482 2906 ἐνεσπαρμένων
2506 2830 2723 2885 πάντων
2751 2829 2860 2882 τῶν
2900 2825 3105 2898 μορίων
3140 2823 3342 2895 τούτων
3376 2821 3511 2891 πρὸς
3533 2817 3614 2870 ἀλ-

387 2934 450 2978 υι
473 2927 733 2980 similium
757 2926 1026 2996 cujusque
1052 2926 1446 2997 particularum
1463 2939 1769 2980 concursus
1792 2940 1863 2980 un

2144 2945 2192 2982 ια
2215 2923 2644 2996 συνδραμόντων,
2668 2919 2725 2974 ἓν
2769 2918 2912 2989 μέγα
2967 2915 3180 2985 ἐγένετο
3201 2928 3216 2945 ·
3246 2912 3508 2974 ὡσαύτως
3531 2908 3623 2961 καὶ.

390 3013 630 3082 aliquam
661 3029 849 3067 earum
878 3014 1144 3081 efﬁceret;
1173 3021 1336 3084 atque
1363 3014 1440 3070 ita
1472 3028 1664 3069 omnes
1696 3012 1959 3068 confectas

389 3111 542 3158 sunt.
585 3103 891 3160 Contentus
932 3113 1111 3160 autem
1135 3105 1334 3171 Moses,
1362 3120 1426 3161 ex
1453 3107 1520 3160 iis
1548 3105 1817 3160 luminare
1837 3115 1958 3159 tan-

389 3201 504 3246 tum
535 3193 712 3263 majus
739 3203 794 3249 et
835 3195 1101 3251 luminare
1135 3196 1320 3251 minus
1367 3196 1703 3260 nominasse,
1732 3205 1958 3251 caeteras

380 3299 579 3339 omnes
614 3285 888 3340 communi
951 3286 1170 3341 nomine
1211 3286 1398 3342 stellas
1449 3287 1758 3355 appellavit.
1800 3287 1957 3353 Quod

397 3383 581 3431 autem
611 3375 872 3446 fatigetur
901 3393 1058 3435 mens
1085 3385 1294 3445 nostra,
1315 3388 1369 3434 et
1391 3381 1629 3448 pondere
1649 3393 1750 3434 suo
1769 3395 1956 3449 pressa

396 3483 508 3523 non
544 3469 716 3537 possit
763 3469 960 3525 divinae
1008 3470 1289 3542 sapientia:
1319 3471 1682 3526 subtilitatem
1715 3473 1955 3541 assequi,

380 3575 548 3615 nemo
592 3559 926 3626 admiretur,
986 3561 1081 3616 sed
1138 3568 1344 3616 natum
1387 3569 1589 3616 nostra:
1637 3562 1956 3616 tenuitatem

385 3658 654 3718 excuset;
705 3667 828 3706 cum
865 3666 974 3722 qua
1013 3651 1277 3721 praeclare
1318 3653 1517 3722 agitur,
1568 3667 1678 3705 non
1719 3651 1763 3705 si
1807 3651 1956 3704 nulla

380 3745 441 3796 in
473 3752 526 3798 te
577 3744 941 3811 aberraverit,
989 3744 1088 3801 sed
1132 3746 1180 3800 si
1225 3745 1309 3801 vel
1359 3759 1524 3799 unam
1565 3744 1826 3815 consequi
1862 3758 1958 3813 po-

383 3835 574 3887 tuerit.
619 3832 746 3888 Hzec
795 3843 977 3890 autem
1011 3835 1156 3901 dico,
1193 3835 1323 3891 illuc
1354 3835 1677 3905 respiciens,
1717 3850 1837 3904 qua:
1887 3834 1958 3895 sit

385 3924 526 3976 ratio
574 3922 741 3993 hujus
765 3926 932 3977 trium
982 3924 1200 3980 dierum
1235 3925 1420 3995 spatii,
1454 3925 1600 3994 quod
1632 3910 1767 3979 satis
1793 3923 1958 3977 fuerit

2058 3020 2151 3074 ἐπὶ
2184 3021 2282 3089 τῆς
2323 3015 2552 3085 σελήνης
2578 3012 2672 3065 καὶ
2693 3012 2780 3080 ἐφ’
2801 3009 3030 3062 ἑκάστου
3057 3006 3164 3059 τῶν
3191 3003 3366 3057 ἄλλων
3396 3001 3503 3056 τῶν
3523 3016 3614 3052 πε-

2057 3106 2414 3179 πλανημένων
2463 3101 2693 3165 καὶτῶν
2725 3097 3240 3168 κατεστηριγμένων
3277 3094 3550 3164 ἀστέρωι,
3584 3089 3615 3156 ἡ

2058 3202 2192 3273 πρὸς
2222 3199 2289 3252 τά
2311 3196 2542 3269 ὁμογενῆ
2567 3193 2675 3247 τῶν
2697 3191 2927 3246 ἑκάστου
2947 3189 3151 3260 μορίων
3171 3184 3468 3255 συνδρομὴ,
3486 3183 3543 3234 ἐν
3567 3197 3614 3231 τι

2056 3291 2162 3346 τῶν
2184 3273 2518 3359 φαινομένων
2541 3284 2812 3355 ἐποίησεν·
2837 3281 2930 3334 καὶ
2949 3280 3088 3332 οὕτω
3107 3277 3175 3330 τὰ
3191 3279 3366 3330 πάντα
3384 3273 3611 3343 ἐγένετο.

2069 3381 2129 3435 Ἦ
2139 3381 2337 3453 ρκέσθη
2352 3379 2407 3432 δὲ
2428 3379 2457 3430 ό
2481 3377 2648 3447 μέγας
2669 3373 2875 3444 Μωσῆς
2892 3371 2961 3424 τὰ
2972 3367 3367 3450 γνωριμώτερα
3391 3365 3546 3435 μόνον
3563 3362 3615 3453 ἐν

2054 3451 2267 3536 τούτοις
2299 3453 2703 3538 κατονομᾴσας,
2746 3465 2838 3518 τὸν
2879 3463 3051 3534 μέγαν
3086 3458 3347 3528 φωστῆρα
3401 3455 3495 3508 καὶ
3531 3451 3615 3503 τὸν

2056 3566 2294 3628 ἐλάσσω,
2324 3562 2391 3630 τὰ
2415 3561 2547 3616 ἄλλα
2591 3559 2765 3612 πάντα
2797 3555 3028 3624 γενικῶς
3066 3551 3384 3622 προσειπεῖν
3418 3545 3496 3615 τῷ
3515 3542 3614 3606 τῶν

2056 3655 2298 3726 ἀστέρων
2325 3651 2563 3721 ὀνόματι.
2587 3647 2650 3700 El
2667 3647 2724 3698 δὲ
2744 3646 2928 3724 κάμνῃ
2945 3641 3101 3713 ἡμῶν
3133 3640 3167 3709 ἡ
3205 3637 3300 3691 τοῦ
3322 3638 3416 3690 νού
3449 3631 3613 3726 παχύ-

2054 3763 2174 3816 της,
2197 3725 2274 3815 μὴ
2297 3741 2569 3812 δυναμένη
2598 3740 2663 3809 τῇ
2687 3736 2974 3805 λεπτότητι
3000 3729 3331 3795 συνεξελθεῖν
3351 3728 3453 3796 τῆς
3475 3725 3613 3816 θείας

2059 3812 2282 3899 σοφίας,
2319 3824 2606 3892 ξενιζέσθω
2647 3824 2744 3894 μὲν
2795 3821 2980 3892 μηδεὶς
3020 3818 3157 3890 πρὸς
3199 3816 3297 3886 τὴν
3348 3812 3612 3883 πτωχείαν

2055 3921 2153 3990 τῆς
2185 3917 2398 3988 φύσεως
2428 3915 2583 3987 ἡμῶν
2609 3913 2929 3968 ἀποσλέπων
2947 3914 2987 3976 ⁶,
3081 3906 3363 3976 ἀγαπητόν
3395 3908 3539 3959 ἐστιν
3558 3901 3614 3955 ού

361 4013 452 4074 ,ad
506 4029 569 4068 ca
620 4013 1031 4083 distinguenda,
1067 4031 1187 4084 quae
1217 4017 1341 4070 luce
1385 4015 1611 4086 praedita
1668 4021 1818 4068 sunt.

2151 4009 2376 4081 μηδενὸς
2420 4007 2757 4077 διαμαρτεῖν,
2786 4003 2921 4059 ἀλλὰ
2948 4001 3009 4054 τδ
3032 4001 3148 4063 ἐνὸς
3179 3997 3308 4067 γοῦν
3346 3995 3614 4086 ἐπιτυχεῖν

383 4103 529 4157 enim
563 4105 745 4174 aliqua
792 4105 1052 4160 nimirum
1095 4107 1266 4172 ratio,
1309 4085 1436 4162 licet
1474 4104 1824 4175 praestantior
1861 4146 1862 4153 η

2136 4101 2370 4173 θηθῆναι.
2405 4097 2590 4153 Ταῦτα
2627 4097 2684 4150 δέ
2718 4113 2858 4166 φημι
2907 4092 3041 4164 πρὸς
3063 4093 3237 4144 ἐκεῖνο
3275 4087 3512 4175 βλέπων,
3539 4085 3615 4175 τίς

385 4209 548 4261 quam
589 4202 648 4248 ut
677 4209 797 4249 cam
831 4211 931 4252 nos
955 4197 1260 4265 intelligere
1286 4198 1586 4259 valeamus,
1617 4211 1725 4266 qua
1744 4203 1864 4266 tem]

2139 4169 2261 4260 όγος
2295 4188 2389 4242 τοῦ
2425 4185 2724 4259 τριημέρου
2743 4182 2934 4236 τούτου
2959 4178 3343 4288 διαστήματος,
3368 4173 3511 4275 ὥστε
3533 4169 3615 4288 τδν

382 4283 464 4337 ris
517 4284 680 4354 lmjus
729 4301 989 4341 mensura
1018 4289 1182 4343 rebus
1212 4288 1413 4342 lucidis
1435 4286 1792 4358 disponendis
1821 4302 1861 4356 p:

2137 4281 2312 4335 τοῦτον
2361 4278 2552 4352 χρόνον
2593 4274 2824 4346 ἀρκέσαι
2874 4270 3012 4342 πρὸς
3043 4267 3140 4339 τὴν
3169 4260 3616 4358 ἐκάστοιιᾼτῶνιέν

386 4351 604 4438 scripta
621 4383 725 4440 est,
774 4377 1022 4434 adhibito
1065 4380 1332 4449 temporis
1362 4351 1544 4432 modo
1569 4387 1624 4434 et
1654 4351 1865 4449 quantit

2161 4371 2299 4442 φωτὶ
2321 4351 2705 4440 θεωρουμένων
2728 4362 3017 4434 διάκρισιν.
3054 4358 3222 4449 Δῆλον
3240 4355 3471 4449 γάρᾼὸτι
3493 4351 3619 4449 πάν·

391 4466 628 4520 actionis
659 4466 803 4535 ignis
826 4467 880 4522 in
905 4475 1077 4534 motu,
1111 4470 1364 4539 factaque
1392 4469 1531 4526 lucis
1562 4469 1870 4540 divisione]

2141 4441 2181 4524 ς
2206 4459 2320 4513 ἐστι
2355 4476 2438 4522 τις
2469 4456 2654 4524 λόγος,
2699 4451 2800 4506 κᾶν
2839 4449 3098 4543 κρείττων
3206 4444 3306 4515 τῆς
3352 4441 3620 4543 ημετέρας

390 4569 578 4608 carum
612 4567 802 4611 natura
824 4598 838 4622 ,
879 4559 1016 4614 adeo
1061 4567 1153 4626 ut,
1185 4575 1310 4614 cum
1351 4559 1464 4616 sint
1497 4561 1552 4614 in
1587 4563 1667 4615 eis
1699 4561 1869 4614 innun

2138 4551 2336 4621 όψεως,
2379 4546 2500 4601 καθ’
2549 4544 2608 4598 δν
2643 4540 2929 4613 συμϐαίνει
2955 4538 3017 4592 τὸ
3051 4539 3268 4608 μέτριον
3296 4532 3391 4635 τοῦ

388 4645 590 4700 rabiles
628 4645 965 4714 differentias,
1007 4651 1064 4704 in
1115 4665 1216 4706 suo
1260 4658 1441 4705 tamen
1487 4651 1717 4722 singulae
1764 4651 1867 4707 situ

2140 4619 2248 4696 ὅτου
2301 4639 2436 4708 πρὸς
2479 4635 2578 4706 τὴν
2621 4634 2889 4702 διάκρισιν
2915 4629 3015 4700 τῆς
3052 4623 3386 4696 φωτιστικῆς
3415 4619 3619 4724 οὐσίας,

389 4737 628 4790 naturali
674 4743 1008 4810 proprietate
1051 4741 1331 4796 collocatae
1375 4741 1507 4806 sint,
1553 4715 1662 4812 quo
1696 4743 1868 4797 nimirl

2155 4726 2538 4802 μεμετρημένῃ
2565 4721 2865 4793 παρατάσει
2884 4717 2978 4773 τοῦ
3003 4717 3216 4789 χρόνου,
3244 4715 3338 4817 καὶ
3371 4715 3456 4816 τιῖί
3479 4715 3619 4815 ποσῷ

391 4836 602 4881 naturae
643 4827 726 4883 vis
777 4807 940 4884 insita
984 4831 1228 4900 singulas
1270 4831 1446 4885 duxit.
1502 4807 1614 4887 Nec
1667 4833 1776 4886 ulla
1824 4849 1870 4887 cc

2144 4821 2308 4886 εκατὰ
2323 4821 2420 4888 τὴν
2440 4816 2647 4885 κίνησιν
2665 4812 2758 4866 τοῦ
2776 4810 2946 4882 πυρὸς
2960 4807 3254 4900 ἐνεργείας,
3267 4807 3370 4900 τῆς
3385 4807 3497 4900 των
3517 4807 3623 4868 φώ-

393 4926 580 4971 secula
628 4918 879 4976 confusio
922 4930 1026 4985 est,
1076 4895 1170 4976 aut
1194 4923 1552 4993 perturbatio,
1591 4932 1813 4994 propter
1865 4943 1872 4973 t

2143 4910 2462 4980 νδιαστολῆς
2511 4910 2568 4960 ἐν
2599 4911 2666 4977 τῇ
2707 4905 2816 4959 τῶν
2851 4903 3156 4973 φωστήρων
3181 4895 3621 4994 ίδιότητιδέαιρε-

390 5007 573 5062 dinem
623 5024 653 5062 a
702 5009 886 5064 divina
936 4985 1211 5082 sapientia
1261 5027 1361 5084 pro
1407 4985 1646 5067 naturali
1692 4985 1869 5082 cujuSt

2142 5005 2273 5074 ἴσης,
2301 5002 2439 5057 ὥστε
2462 4999 2560 5062 τὰς
2583 4997 2844 5070 ἀπείρους
2870 4992 3072 5055 ταύτας
3091 4989 3202 5044 τῶν
3222 4986 3418 5058 φώτων
3439 4985 3621 5084 dupe:

389 5099 723 5167 proprietate
766 5068 1020 5172 singulis.
1049 5068 1378 5171 adhibitum,
1445 5068 1860 5169 immutabilem,

2143 5112 2168 5157 ς
2201 5068 2336 5163 πρὸς
2357 5091 2454 5161 τὴν
2472 5089 2678 5142 οἰκείαν
2705 5068 2851 5139 θέσιν
2866 5083 3101 5153 ἑκάστην
3123 5076 3504 5172 ἀποκριθῆναι,
3525 5068 3622 5172 ύπὸ

393 5189 731 5255 superiorem
771 5192 1049 5260 regionem
1084 5194 1324 5250 circulus
1373 5194 1669 5267 obliquus,
1731 5211 1826 5250 seu

2142 5202 2164 5247 ς
2187 5182 2422 5253 φυσικῆς
2469 5180 2727 5251 ἰδιότητος
2778 5179 2897 5232 ἐκεῖ
2937 5173 3252 5245 ταχθείσας,
3295 5171 3430 5223 ὅπου
3445 5167 3503 5267 -ἡ
3533 5167 3621 5267 ἐγ-

393 5276 570 5346 gnifer
615 5293 934 5351 occuparet,
988 5286 1042 5343 in
1092 5286 1199 5342 hoc
1261 5297 1444 5346 autem
1503 5253 1712 5344 certam
1762 5300 1872 5340 runu

2143 5275 2296 5350 ιμένη
2334 5263 2534 5344 φυσικὴ
2558 5271 2784 5342 δύναμις
2839 5267 3079 5337 ἑκάστην
3103 5266 3330 5337 ἢγαγεν,
3361 5253 3622 5333 μηδεμιᾶς

464 5439 508 5478 ³⁵
545 5438 706 5495 lCor.
742 5457 794 5510 ν,
834 5443 919 5499 ιι.
