3768 6000
3432 121 3530 176 US

260 117 366 174 H7
1511 125 1582 182 ΙΝ
1622 126 2097 186 HEXAEMERON
2137 125 2363 181 LIBER.

255 243 322 294 ὲν
351 258 570 307 τούτοις.
607 243 858 313 ἀταξίας,
897 247 933 320 ἢ
975 246 1289 319 συγχύσεως
1323 247 1643 321 γενομένης,
1668 248 1755 312 δ,ιά
1786 250 1848 304 τὸ

1995 250 2202 320 uodque
2252 247 2472 317 signum
2513 245 2695 302 sedem
2743 242 3056 308 obtineret,
3105 241 3161 295 in
3207 237 3378 309 signis
3405 247 3534 289 vero
3641 235 3644 238 ’

261 332 552 407 κεκρίσθαι
593 337 654 390 ὲν
681 338 869 402 αὐτοῖς
911 340 976 392 ἐκ
1005 339 1156 404 Θείας
1198 341 1411 411 σοφίας,
1452 342 1594 395 κατά
1638 342 1736 412 τὴν
1764 344 1850 396 ὲν-

1995 341 2188 412 ingulis
2235 340 2406 393 stella:
2437 353 2548 392 non
2590 335 2840 398 fortuito,
2873 333 2969 388 sed
3007 331 3200 386 ordine
3243 329 3360 384 suis
3385 339 3535 396 quae-

260 425 512 481 τεθεῖσαν
532 427 753 498 ἑκάστῳ
787 431 1020 502 φυσικὴν
1052 431 1311 502 ἰδιότητα,
1353 433 1452 501 τὴν
1495 433 1852 504 ἀπαράϐατον

1999 447 2064 486 ue
2096 429 2234 485 locis
2261 429 2691 490 collocarentur,
2737 422 3103 494 aequabilique
3127 435 3189 474 ac
3221 417 3454 472 naturali
3480 416 3534 471 vi

259 516 437 582 τάξιν,
475 516 617 571 ὥστε
642 518 744 589 τὴν
768 520 868 590 μὲν
893 521 1159 576 ἀνωτάτω
1183 521 1369 595 χώραν
1392 524 1637 594 ἐπισχεῖν
1669 526 1856 578 ἐκεῖνα

1995 535 2063 573 ua
2087 519 2354 583 adductae,
2388 514 2698 570 immobiles
2719 528 2782 568 ac
2815 513 2983 566 lirma:
3009 515 3412 578 permanerent,
3439 505 3536 561 ubi

255 607 330 661 τά
356 609 543 680 πάσης
575 610 894 681 ἀνωφεροῦς
919 611 1108 675 οὐσίας
1167 613 1592 683 ἀνωφερέστερα
1611 629 1625 642 ·
1659 614 1754 667 καὶ
1795 616 1853 668 ὲν

1999 609 2326 665 rocreatoris
2368 606 2636 679 sapientia
2665 602 3077 677 praescribebat.

258 696 495 761 ἐκείνοις
516 697 684 753 πάλιν
713 700 748 771 ἢ
784 703 844 754 ὲν
884 700 963 771 τῷ
993 701 1141 772 μέσῳ
1188 701 1472 773 ταχθῆναι,
1507 702 1540 773 ἢ
1581 702 1731 756 νότια
1760 719 1852 772 γε·-

255 788 450 842 νέσθαι
476 790 622 856 τινὰ,
653 791 689 862 ἢ
715 791 856 862 πρὸς
899 793 1118 863 ἀρκτια,
1176 794 1210 863 ἢ
1264 792 1362 864 τὴν
1408 793 1608 863 μεταξὺ
1635 792 1819 864 χώραν
1873 793 2220 858 καταλαϐεῖν,
2257 794 2289 863 ἢ
2341 793 2432 847 τὸν
2481 791 2766 864 γαλαξίαν,
2820 789 2856 862 ἦ
2899 789 2990 843 τὸν
3034 784 3292 852 ζωδιακὸν
3333 782 3538 838 κύκλον

258 879 680 950 ἀναπληρῶσαι,
709 881 806 935 καὶ
863 882 1027 937 πάλιν
1066 885 1130 938 ὲν
1173 883 1368 953 τούτῳ,
1411 883 1444 955 ἢ
1477 883 1683 954 ταύτην
1704 885 1738 953 ἢ
1771 883 1868 955 τὴν
1895 883 2088 956 ἑτέραν
2133 884 2226 938 τοῦ
2269 884 2470 955 ἄστρου
2501 881 2846 955 περιγραφὴν
2891 876 3326 950 ἀπεργάσασθαι,
3360 875 3453 928 καὶ
3483 876 3540 928 ὲν

255 973 340 1043 τῷ
364 973 552 1045 ἄστρῳ
585 975 770 1042 πάλιν,
796 975 872 1047 μὴ
899 977 1044 1032 κατά
1069 977 1453 1048 τὺαύτόματον
1495 978 1726 1032 ἕκαστον
1780 976 1888 1030 τῶν
1917 979 1975 1030 ὲν
2012 977 2090 1048 τῷ
2126 979 2361 1049 σχήματι
2405 976 2672 1048 κειμένων
2731 976 2965 1046 ἄστρων,
3008 973 3042 1044 ἢ
3077 965 3178 1026 ὧδε
3208 970 3241 1042 ἢ
3283 963 3384 1024 ὧδε
3439 969 3541 1038 τὴν

255 1067 415 1121 θέσιν
459 1068 624 1138 ἔχειν,
661 1069 798 1124 ἀλλά
830 1069 1098 1141 ῖσομερῶς
1139 1071 1430 1142 ἐγκειμένη
1471 1070 1618 1142 αὑτῷ
1653 1071 1854 1141 ἰδιότης
1881 1072 2189 1142 ἀπήγαγεν,
2245 1073 2362 1124 ἐκεῖ
2415 1071 2596 1141 μένειν
2628 1071 2686 1124 ὲν
2730 1067 3050 1140 ἀμεταθέτῳ
3097 1070 3164 1137 τῇ
3224 1065 3537 1134 παγιότητι,

255 1161 330 1230 τῇ
370 1161 473 1230 τῆς
516 1161 654 1224 ιδίας
686 1160 902 1230 φύσεως
928 1162 1176 1233 δυνάμει,
1221 1162 1362 1217 κατά
1393 1163 1493 1236 τὴν
1530 1163 1624 1248 τοῦ
1662 1165 2024 1234 πεποιηκότος
2085 1165 2279 1233 σοφίαν
2331 1161 2851 1236 περικρατούμενον.

331 1249 526 1304 Ταῦτά
546 1252 663 1303 ἐστι
692 1252 789 1305 καὶ
813 1251 885 1305 τά
913 1251 1156 1320 τοιαῦτα,
1186 1255 1323 1326 πρὸς
1348 1253 1386 1309 ἀ
1417 1254 1634 1326 βλέπων
1661 1257 1690 1310 ὁ
1732 1255 1858 1320 νοῦς

263 1341 527 1413 ίλλιγγιᾷ,
547 1343 641 1397 καὶ
665 1343 768 1414 τῆς
792 1343 927 1408 ἰδίας
945 1345 1172 1410 νωθείας
1195 1344 1653 1418 καταψηφίζεται,
1675 1348 1750 1418 μὴ
1769 1346 1860 1399 δυ-

259 1431 494 1502 νάμενος
507 1431 750 1504 ἐξευρεῖν
763 1434 854 1488 τὸν
868 1434 1044 1504 λόγον,
1059 1437 1178 1501 πῶς
1191 1439 1226 1508 ῄ
1242 1438 1366 1509 τριή
1375 1455 1537 1508 μερος
1553 1438 1648 1492 τοῦ
1663 1438 1856 1509 χρόνου

257 1519 578 1588 παράτασις
591 1520 728 1591 πρὸς
738 1520 840 1592 τὴν
852 1524 1120 1578 τοσούτων
1139 1526 1385 1595 ἀστέρων
1404 1526 1674 1597 διάκρισιν
1689 1527 1857 1598 ἦρκε-

261 1626 382 1674 σεν,
407 1609 443 1680 ἢ
469 1609 588 1673 πῶς
602 1611 691 1664 διὰ
708 1613 809 1683 τὴν
829 1613 1057 1684 άπειρον
1078 1615 1178 1684 τῆς
1197 1615 1470 1682 ἀπλανοῦς
1490 1609 1723 1689 σφαίρας
1747 1619 1861 1674 τῶν

260 1698 564 1768 περιγείων
585 1699 890 1755 ὑπόστασιν
903 1703 960 1756 ὲν
983 1703 1132 1774 μέσῳ
1148 1705 1241 1758 τοῦ
1260 1707 1458 1788 παντὸς
1472 1698 1855 1780 διαστήματος,

259 1788 366 1860 τὴν
395 1788 626 1861 ἡλιακὴν
654 1789 815 1860 φύσιν
874 1794 908 1863 ἡ
951 1793 1160 1864 μεγάλη
1199 1796 1294 1850 τοῦ
1331 1797 1470 1850 Θεοῦ
1526 1798 1688 1868 σοφία
1726 1816 1860 1853 κατ-

263 1880 480 1951 έταξεν,
513 1882 589 1944 ὡς
633 1882 700 1937 ἂν
741 1882 818 1954 μὴ
858 1885 1078 1949 τελείως
1124 1889 1182 1942 έν
1217 1887 1297 1960 τῷ
1334 1890 1511 1962 σκότῳ
1537 1890 1856 1962 διαὸιῶμεν,

265 1974 372 2044 τῆς
403 1975 469 2028 ἐκ
491 1973 601 2028 τῶν
626 1975 846 2046 ἀστρων
867 1976 1334 2051 ἀπαυγαζομένης
1363 1980 1706 2053 λαμπηδόνος
1730 1981 1859 2054 πρὶν

264 2067 303 2137 ἢ
327 2068 406 2130 εἰς
428 2067 576 2138 ἡμᾶς
605 2067 783 2121 ἐλθεῖν
811 2067 1266 2142 ὲνδαπανωμένης
1297 2070 1376 2143 τῷ
1398 2073 1598 2143 μεταξὺ
1635 2075 1860 2146 διαστή-

270 2176 429 2228 ματι.
463 2152 540 2211 Ub
562 2159 722 2230 χάριν
743 2159 844 2231 τὴν
873 2161 1250 2236 ὲκλαμπτικὴν
1271 2165 1371 2236 τῆς
1390 2165 1626 2237 ἡλιακῆς
1646 2166 1860 2236 φύσεως

265 2249 502 2320 δύναμιν
548 2250 804 2304 τοσοῦτον
876 2253 1037 2324 ἡμῶν
1085 2255 1456 2327 ὑπερέθηκεν,
1519 2255 1664 2332 ,ὥστε
1723 2259 1859 2331 μήτε

265 2339 656 2410 ἀμαυροῦσθαι
676 2342 779 2412 τὴν
806 2343 1000 2397 ἀκτῖνα
1019 2344 1099 2416 τῷ
1128 2346 1309 2418 πολλῷ
1338 2348 1690 2420 διαστήματι,
1721 2350 1860 2420 μήτε

261 2430 351 2501 τῷ
375 2432 517 2500 ἄγαν
544 2435 939 2506 προσεγγισμῷ
968 2435 1216 2508 λυπηρὰν
1246 2434 1405 2506 εῖναι,
1439 2439 1474 2510 ἢ
1514 2441 1635 2504 πῶς
1665 2440 1726 2494 τὸ
1749 2439 1860 2494 ὑλι-

267 2524 514 2596 κώτερόν
541 2543 603 2579 τε
633 2525 730 2579 καὶ
764 2528 1073 2600 παχύτερον
1103 2532 1168 2583 ὲκ
1203 2530 1315 2586 τῶν
1338 2531 1768 2603 ὑπερκειμένων,
1799 2533 1860 2586 τὸ

269 2616 556 2688 σεληναῖον
587 2618 748 2689 σῶμά
781 2637 945 2690 φημι,
985 2620 1122 2692 πρὸς
1149 2622 1211 2675 τὸ
1240 2623 1551 2694 κατώτερον
1586 2624 1860 2679 κατεσπά·

271 2705 399 2778 σθη,
422 2707 626 2762 καὶτὸν
651 2709 929 2780 περίγειον
947 2710 1122 2782 χῶρον
1143 2713 1433 2781 περιπολεῖ
1449 2729 1464 2743 ο
1491 2705 1552 2766 οῦ
1583 2713 1722 2784 μέση
1745 2731 1860 2778 πως

269 2797 563 2870 θεωρεῖται
601 2801 634 2870 ή
667 2799 849 2868 φύσις,
879 2801 978 2872 τῆς
996 2818 1059 2855 τε
1097 2803 1404 2875 ἀλαμποῦς,
1439 2805 1532 2858 καὶ
1559 2806 1658 2876 τῆς
1687 2823 1858 2874 φωτι-

269 2890 469 2960 στικῆς
494 2891 777 2962 δυνάμεως
819 2892 962 2946 κατὰ
1001 2894 1064 2947 τὸ
1097 2895 1210 2949 ῐσον
1255 2894 1578 2966 μετέχουσα.
1611 2896 1724 2966 Τὴν
1758 2897 1860 2968 μὲν

2033 1256 2161 1313 Haec
2196 1266 2250 1314 et
2288 1257 2486 1314 similia
2521 1264 2652 1312 sunt
2684 1270 2748 1310 ea
2778 1268 2903 1325 quae
2931 1267 3091 1308 mens
3120 1251 3392 1322 aspiciens
3429 1250 3537 1305 hae-

1942 1349 2115 1412 sitat,
2153 1356 2208 1405 et
2235 1347 2668 1404 imbecillitatem
2695 1361 2760 1402 ac
2794 1344 3078 1416 segnitiem
3108 1357 3264 1398 suam
3293 1351 3536 1406 accusat,

1961 1438 2110 1508 quod
2155 1440 2426 1496 rationem
2469 1437 2782 1508 excogitare
2836 1451 2946 1492 non
2994 1435 3192 1506 possit,
3243 1448 3351 1503 qua
3398 1448 3538 1503 prae—

1962 1530 2176 1590 ﬂnitum
2228 1531 2389 1585 trium
2435 1529 2650 1585 dierum
2703 1527 2941 1598 spatium
2993 1525 3062 1580 ad
3119 1532 3203 1579 tot
3259 1524 3538 1578 stellarum

1962 1622 2373 1678 distinctionem
2408 1620 2544 1678 satis
2573 1619 2773 1675 fuerit:
2804 1626 2900 1674 aut
2928 1615 3223 1688 quomodo,
3258 1631 3382 1670 cum
3418 1615 3539 1670 inli—

1959 1713 2072 1773 nita
2103 1721 2248 1770 esset
2275 1712 2570 1768 inerrantis
2599 1711 2823 1780 sphaera:
2853 1709 2921 1764 ab
2961 1708 3028 1764 iis
3070 1701 3190 1778 quaé
3229 1715 3357 1763 sunt
3390 1708 3537 1760 circa

1960 1813 2160 1861 terram
2181 1802 2468 1869 distantia,
2489 1803 2544 1857 in
2572 1800 2754 1857 medio
2781 1798 2971 1856 mundi
3001 1799 3179 1870 spatio
3216 1813 3419 1868 magna
3446 1797 3538 1852 Dei

1959 1894 2233 1965 sapientia
2283 1893 2455 1950 solem
2503 1890 2880 1956 constituerit,
2937 1905 3028 1954 ne,
3079 1902 3202 1944 cum
3251 1887 3537 1942 stellarum

1955 1985 2222 2056 [splendor
2252 1994 2477 2056 pr0pter
2523 1983 2853 2038 immensum
2891 1980 3244 2036 intervallum
3298 1987 3424 2032 ante
3449 1978 3538 2032 de-

1961 2077 2130 2140 ﬁciat,
2162 2090 2328 2145 quam
2355 2075 2420 2129 ad
2467 2089 2570 2130 nos
2602 2071 2891 2143 pervenire
2937 2072 3136 2141 possit,
3173 2071 3227 2125 in
3257 2070 3536 2140 perpetuis

1962 2167 2206 2226 tenebris
2245 2165 2575 2222 viveremus.
2626 2157 3016 2234 Splendentem
3055 2161 3225 2233 igitur
3256 2160 3392 2216 solis
3424 2161 3534 2214 vim

1959 2257 2038 2312 ita
2077 2273 2247 2328 supra
2297 2272 2401 2314 nos
2441 2256 2752 2320 collocavit,
2793 2270 2866 2310 ne
2909 2254 3302 2310 obscuraretur
3346 2251 3546 2306 radius

1959 2363 2073 2423 prae
2127 2348 2292 2418 longo
2337 2346 2666 2412 intervallo,
2713 2359 2852 2400 neve
2904 2341 3317 2414 prOpinquitate
3365 2340 3536 2393 nimia

1959 2438 2267 2493 molestiam
2301 2435 2554 2498 afferret,
2603 2443 2697 2490 aut
2748 2431 3025 2504 quomodo
3072 2430 3316 2485 materiae
3363 2428 3538 2496 magis

1959 2527 2277 2583 immersum
2299 2525 2582 2595 magisque
2607 2538 2857 2579 crassum
2889 2523 3033 2576 lunae
3061 2533 3263 2590 corpus
3295 2515 3529 2572 inferius

1960 2616 2322 2671 constitutum
2355 2617 2452 2679 sit,
2480 2615 2809 2684 oberretque
2839 2619 3001 2667 terra:
3025 2613 3329 2682 proximam
3359 2606 3537 2678 regio-

1960 2724 2084 2764 nem
2120 2728 2133 2762 :
2166 2715 2259 2760 aut
2290 2708 2414 2761 talis
2445 2707 2516 2761 sit
2541 2705 2801 2775 splendor
2831 2703 2974 2773 ejus,
3000 2717 3122 2774 quae
3143 2715 3267 2756 cum
3302 2699 3537 2763 obscura

1961 2798 2055 2863 sit,
2092 2796 2406 2852 illustrandi
2458 2803 2644 2850 tamen
2690 2794 2888 2849 habeat
2935 2791 3274 2848 facultatem.
3319 2789 3539 2844 Natura:

1960 2887 2106 2943 enim
2132 2887 2306 2957 ipsius
2335 2885 2648 2941 crassitudo
2679 2883 2964 2955 proprium
2994 2883 3226 2937 nitorem
3262 2881 3535 2945 obtundit,

269 2981 384 3052 γὰρ
417 2982 630 3035 οἴκοθεν
658 2983 982 3054 λαμπηδόνα
1003 2985 1036 3055 ὴ
1057 2984 1158 3054 τῆς
1183 2984 1370 3050 οὐσίας
1400 2985 1647 3057 παχύτης
1668 2987 1859 3059 ἀπήμ-

1995 2975 2061 3032 ed
2088 2975 2341 3047 opposito
2374 2975 2506 3031 solis
2538 2974 2818 3029 radiorum
2863 2972 3070 3029 lumine
3112 2973 3180 3027 ab
3225 2972 3539 3028 illustrandi

268 3070 458 3134 σλυνε,
473 3070 550 3141 τῷ
560 3071 617 3124 δὲ
630 3073 1015 3144 ἀντιφωτισμῷ
1025 3075 1123 3145 τῆς
1133 3074 1362 3147 ἡλιακῆς
1377 3076 1593 3140 ἀκτῖνος
1608 3078 1668 3130 ού
1683 3077 1859 3150 πάντη

268 3163 374 3232 τῆς
405 3163 736 3234 φωτιστικῆς
769 3164 1124 3235 ἠλλοτρίωται
1163 3165 1396 3236 φύσεως.
1444 3168 1602 3222 Ἀλλά
1637 3170 1728 3224 τὸν
1764 3171 1862 3242 μὲν

269 3253 435 3318 λόγον
463 3253 560 3324 τῆς
585 3255 642 3306 ὲν
677 3254 890 3325 ἑκάστῳ
933 3255 1040 3309 τῶν
1089 3257 1258 3311 όντων
1297 3259 1629 3332 φαινομένης
1670 3261 1864 3330 σοφίας

276 3343 410 3397 tam
460 3346 494 3414 ἡ
524 3346 767 3415 πτωχεία
802 3345 903 3416 τῆς
932 3345 1146 3416 φύσεως
1167 3349 1323 3419 ἡμῶν
1348 3351 1621 3418 ἀδυνατεῖ,
1654 3353 1717 3406 τὸ
1745 3352 1865 3424 μένα

272 3452 360 3488 τοι
399 3434 540 3490 κατά
566 3436 666 3505 τὴν
711 3436 1022 3491 ὲκτεθεῖσαν
1065 3439 1216 3512 παρά
1256 3440 1350 3494 τοῦ
1388 3442 1677 3514 νομοθέτου
1704 3443 1856 3508 τάξιν

274 3525 374 3578 ἐπὶ
412 3525 514 3594 τῆς
555 3527 664 3580 τῶν
710 3527 881 3584 ὅντων
929 3531 1181 3596 κτίσεως,
1227 3531 1545 3588 ἀκολουθίαν
1589 3535 1711 3589 τινὰ
1746 3536 1858 3600 τοῖς

275 3616 564 3684 γεγονόσιν
594 3617 950 3689 ὲνθεωρῆσαι,
995 3621 1206 3686 τούτοις
1251 3618 1404 3694 οἶμαι
1438 3624 1663 3679 δυνατὸν
1694 3624 1855 3693 εἶναι,

275 3706 343 3758 τὸ
372 3706 609 3776 μετρίως
641 3708 778 3778 πρὸς
804 3708 863 3761 τὸ
895 3708 1187 3765 ἀκόλουθον
1214 3711 1596 3783 ἐπισταμένοις
1617 3713 1855 3784 βλέπειν,

277 3797 374 3855 διά
413 3816 574 3852 τινων
615 3801 937 3871 ποχασμῶν
982 3802 1229 3856 ὁπωσοῦν
1266 3804 1616 3876 κατανοῆσαι.

357 3888 569 3943 Οὐκοῦν
593 3883 846 3952 ἀναλάϐω
853 3909 950 3962 μεν
965 3893 1063 3962 τὴν
1078 3893 1184 3947 τῶν
1199 3897 1497 3965 γεγονότων
1516 3897 1860 3954 ἀκολουθίαν.

281 3981 444 4035 Ἔστι
460 3982 519 4035 δὲ
541 3981 679 4054 αῦτη
697 3998 712 4013 ⁸
739 3983 832 4037 τοῦ
850 3983 1136 4040 καθολικοῦ
1152 4004 1210 4041 τε
1233 3990 1326 4041 καὶ
1338 3989 1554 4058 γενικοῦ
1585 3991 1762 4060 φωτὸς
1776 3991 1864 4046 διὰ

276 4075 344 4128 τὸ
376 4073 660 4145 εὐκίνητον
696 4075 1062 4146 προφανέντος
1092 4077 1201 4132 τῶν
1237 4078 1432 4146 ἄλλων,
1453 4079 1861 4151 ἐπηκολούθησε

277 4163 378 4218 τοῦ
407 4163 786 4234 στερεώματος
813 4168 1153 4241 περιγραφὴ,
1185 4170 1252 4238 τῇ
1290 4168 1606 4239 κυκλοτερεῖ
1629 4169 1862 4240 περιόδῳ

278 4253 378 4307 τοῦ
407 4254 582 4324 πυρὸς
603 4254 901 4325 ὀρισθεῖσα.
924 4256 1034 4327 Τῆς
1062 4256 1118 4310 δὲ
1151 4257 1358 4328 κούφης
1386 4257 1597 4327 φύσεως
1623 4257 1730 4312 τῶν
1763 4259 1858 4331 βα·

282 4345 533 4417 ρυτέρων
573 4347 980 4418 ἀποκριθείσης,
1001 4347 1306 4414 ἀκολούθως
1333 4348 1730 4404 διαστέλλονται
1766 4349 1864 4404 ἀπ’

276 4437 531 4510 ἀλλήλων
580 4439 637 4495 αἱ
677 4437 890 4511 βαρεῖαι
941 4439 1241 4510 ποιότητες,
1271 4441 1329 4494 ἐν
1370 4443 1440 4512 γῇ
1472 4457 1532 4493 τε
1576 4441 1669 4494 καὶ
1712 4439 1863 4494 ὕδατι

277 4526 667 4597 διακριθεῖσαι.
703 4529 819 4600 Τῆς
847 4527 904 4582 δὲ
936 4529 1084 4583 κάτω
1126 4529 1342 4598 φύσεως
1383 4529 1862 4601 διακοσμηθείσης,

277 4620 313 4686 ἡ
348 4619 526 4692 λεπτή
565 4637 626 4673 τε
667 4620 762 4672 καὶ
803 4620 978 4690 κούφη
1012 4620 1104 4673 καὶ
1150 4620 1420 4692 μετέωρος
1458 4621 1634 4687 οὐσία,
1681 4621 1768 4676 διά
1803 4619 1864 4674 τὸ

281 4713 359 4784 μὴ
395 4713 582 4768 πᾶσαν
612 4711 782 4782 αὐτὴν
811 4709 1064 4780 όμοφυῶς
1086 4711 1223 4782 πρὸς
1254 4711 1452 4783 ἑαυτὴν
1481 4711 1644 4783 ἔχειν,
1673 4714 1730 4766 ὲν
1763 4729 1861 4782 με·

277 4802 415 4866 ταξῦ
438 4802 770 4871 διαστήματι
797 4801 891 4854 τοῦ
925 4801 1315 4874 παρῳχηκότος
1341 4802 1558 4874 χρόνου,
1599 4804 1734 4875 πρὸς
1764 4804 1864 4868 τάς

277 4894 568 4962 ὁμογενεῖς
598 4891 863 4962 ἰδιότητας
898 4892 962 4946 ὲκ
989 4892 1084 4946 τοῦ
1121 4893 1299 4947 κοινοῦ
1345 4894 1700 4966 διακρίνεται,
1733 4897 1795 4950 ὲν
1827 4890 1861 4972 ᾖ
1893 4943 1904 4949 ..

277 4983 341 5036 τὸ
364 4984 596 5055 ἄπειρον
625 4984 731 5037 τῶν
754 4984 972 5055 άστρων
1005 4984 1207 5055 πλῆθος
1230 4986 1561 5055 ὲξαπλωθὲν,
1596 4988 1738 5044 κατὰ
1763 4989 1862 5060 τὴν

279 5074 611 5146 ἐγκειμένην
653 5075 870 5144 ἑκάστῳ
902 5075 1059 5146 μέρει
1107 5077 1344 5148 φυσικὴν
1384 5077 1641 5150 ἰδιότητα,
1669 5079 1762 5132 ἐπὶ
1801 5080 1861 5133 τὸ

279 5161 585 5232 ἀκρότατον
628 5166 730 5236 τῆς
774 5163 1007 5227 κτίσεως
1051 5163 1359 5238 ἀνατρέχει,
1390 5165 1486 5221 καὶ
1520 5167 1577 5220 ἐν
1624 5165 1701 5238 τῷ
1747 5167 1860 5238 ἰδίῳ

279 5252 510 5307 ἕκαστον
537 5254 746 5324 γίνεται
785 5254 958 5324 τόπῳ,
993 5253 1117 5307 οὔτε
1150 5256 1454 5328 παυόμενον
1491 5256 1591 5327 τῆς
1623 5258 1867 5328 ἀεικινή-

277 5358 374 5396 του
408 5346 597 5416 φορᾶς,
640 5345 768 5400 οὔτε
807 5344 1268 5417 μετακινούμενον
1296 5347 1403 5402 ἀπὺ
1436 5347 1535 5418 τῆς
1573 5349 1630 5402 ὲν
1656 5340 1700 5415 ᾧ
1753 5350 1868 5400 ἐστι

278 5433 502 5500 θέσεως.
555 5438 695 5492 Ἀλλ’
737 5440 773 5508 ἡ
824 5437 926 5507 μὲν
966 5435 1120 5500 τάξις
1163 5441 1220 5492 ὲν
1269 5439 1480 5502 τούτοις
1510 5439 1572 5491 τὸ
1611 5439 1867 5510 ἀκίνητον

276 5524 407 5596 ἔχει,
443 5529 472 5601 ἡ
501 5529 556 5584 δὲ
585 5530 754 5600 φύσις
790 5528 856 5581 τὸ
895 5527 1216 5600 ἀεικίνητον.
1264 5530 1486 5602 Ἐφεξῆς
1521 5530 1576 5583 δὲ
1618 5531 1651 5599 ἡ
1693 5529 1867 5582 Saure-

1962 3067 2016 3122 vi
2050 3081 2158 3121 non
2187 3073 2271 3121 est
2301 3080 2528 3136 prorsus
2574 3065 2775 3119 aliena.
2807 3062 3077 3118 Caeterum
3109 3062 3391 3132 sapientiae
3423 3064 3539 3117 sin-

1963 3157 2107 3230 gulis
2137 3159 2193 3212 in
2220 3157 2387 3212 rebus
2414 3157 2733 3227 conspicua:
2779 3155 3048 3211 rationem
3096 3163 3304 3209 naturae
3339 3162 3540 3209 nostra:

1963 3245 2254 3303 inﬁrmitas
2287 3246 2486 3302 intueri
2509 3262 2620 3302 non
2645 3253 2843 3317 potest,
2867 3246 3158 3316 quemdam
3178 3254 3356 3300 tamen
3382 3261 3540 3299 mun-

1964 3336 2020 3393 di
2057 3339 2225 3394 totius
2259 3330 2509 3394 ordinem
2541 3337 2595 3392 in
2629 3337 2697 3392 iis
2718 3352 2839 3408 qum
2868 3335 3014 3391 facta
3037 3348 3187 3403 sunt,
3222 3353 3290 3392 ex
3315 3336 3528 3392 descri-

1965 3428 2152 3498 ptione
2198 3417 2658 3500 legislatoris,‘ab
2700 3427 2769 3484 iis
2798 3428 2893 3498 qui
2934 3426 3285 3483 mediocriter
3334 3434 3539 3482 norunt

1964 3515 2253 3588 dispicere,
2287 3533 2408 3588 quae
2435 3533 2500 3574 ex
2533 3518 2735 3588 quibus
2766 3525 3201 3587 consequantur,
3237 3530 3334 3586 per
3363 3530 3536 3586 quas-

1964 3607 2091 3662 dam
2137 3608 2526 3680 conjecturas,
2576 3617 2858 3679 utcunque
2916 3606 3178 3678 cognosci
3239 3620 3400 3676 posse
3446 3619 3536 3658 ar-

1963 3696 2162 3753 bitror.

2035 3898 2398 3966 Quamobrem
2473 3903 2787 3968 repetamus
2852 3895 3099 3953 ordinem
3163 3909 3355 3951 eorum
3415 3911 3534 3967 qua

1964 3989 2108 4046 facta
2144 3998 2277 4044 sunt
2321 4006 2336 4044 :
2388 3989 2470 4044 sic
2509 3997 2693 4043 autem
2736 3987 2902 4044 habet
2934 3986 3178 4044 :Lucem
3222 3988 3532 4046 universam

1965 4065 2270 4136 mobilitate
2289 4093 2390 4134 sua
2417 4085 2545 4133 ante
2567 4078 2677 4132 alia
2701 4078 3062 4149 prodeuntem
3089 4077 3416 4135 ﬁrmamenti
3448 4079 3536 4132 ab-

1968 4171 2170 4227 solutio
2200 4171 2269 4225 ab
2310 4168 2455 4240 ignis
2489 4169 2698 4226 circulo
2727 4170 2951 4226 deﬁnita
2991 4170 3369 4240 consequitur.
3406 4169 3535 4224 Levi

1967 4269 2148 4316 autem
2183 4268 2379 4315 natura
2419 4275 2449 4314 a
2480 4259 2827 4331 gravioribus
2858 4270 3132 4330 separata,
3165 4274 3356 4330 graves
3394 4259 3537 4314 inter

1975 4364 2037 4405 se
2070 4348 2363 4420 qualitates
2410 4347 2848 4420 distinguuntur,
2877 4348 2930 4404 in
2960 4355 3104 4404 terra
3147 4356 3201 4403 et
3232 4362 3372 4418 aqua
3404 4363 3536 4403 con.

1973 4437 2182 4493 stitutm
2216 4456 2230 4493 :
2275 4437 2536 4494 inferiore
2565 4453 2697 4494 vero
2729 4448 2925 4500 natura
2961 4445 3247 4506 exornata,
3291 4438 3532 4502 subtilis,

1965 4535 2021 4584 et
2051 4529 2208 4592 levis,
2240 4529 2588 4600 excelsaque,
2625 4530 2883 4599 quoniam
2912 4545 3019 4586 non
3046 4530 3224 4586 omnis
3250 4537 3368 4586 erat
3394 4531 3536 4585 inter

1966 4631 2027 4673 se
2066 4618 2284 4681 similis,
2331 4619 2603 4689 interiecti
2637 4620 2902 4690 temporis
2946 4621 3125 4691 spatio
3157 4636 3222 4679 ex
3255 4621 3350 4675 illa
3386 4636 3536 4675 com-

1967 4710 2234 4765 munitate
2258 4711 2315 4772 in
2338 4722 2598 4784 cognatas
2627 4711 2892 4772 dividitur
2928 4713 3323 4782 proprietates:
3347 4711 3402 4765 in
3427 4726 3533 4779 qua

1970 4802 2385 4859 innumerabilis
2423 4804 2726 4860 rstellarum
2773 4802 3067 4859 multitudo
3113 4801 3384 4872 explicata
3435 4815 3536 4870 pro

1969 4897 2132 4953 insita
2163 4899 2366 4967 cuique
2398 4899 2620 4969 propria
2644 4898 2720 4966 vi,
2750 4897 2942 4954 mundi
2974 4894 3253 4966 fastigium
3283 4903 3533 4963 occupat,

1967 4999 2129 5061 atque
2158 4991 2232 5045 ita
2262 4991 2317 5045 in
2349 5006 2449 5047 sua
2481 5004 2710 5061 quaeque
2741 4991 2872 5046 sede
2905 4989 3095 5054 haeret,
3132 4993 3193 5039 ut
3235 4999 3362 5040 cum
3392 5000 3536 5040 sem-

1967 5100 2065 5154 per
2089 5082 2528 5151 circumferatur,
2553 5097 2834 5154 nunquam
2856 5089 3037 5137 tamen
3058 5077 3239 5134 locum
3262 5077 3535 5147 relinquat

1965 5189 2147 5228 suum.
2178 5171 2382 5228 Horum
2425 5173 2572 5229 enim
2615 5181 2678 5228 ut
2715 5173 2852 5227 ordo
2894 5167 3248 5224 immutabilis
3289 5176 3403 5234 est,
3453 5169 3534 5222 sic

1963 5269 2158 5314 natura
2193 5275 2408 5328 semper
2437 5260 2675 5314 mobilis.
2721 5258 2855 5313 Post
2884 5255 3287 5311 velocissimum
3323 5264 3526 5310 motum

1967 5351 2216 5420 sequitur
2245 5349 2490 5404 secundo
2510 5350 2650 5413 loco,
2682 5364 2803 5418 quae
2831 5347 3124 5402 velocitate
3156 5346 3403 5416 proxima
3427 5357 3532 5403 est,

1966 5441 2397 5510 subeuntemque
2449 5438 2716 5494 circulum
2767 5437 3008 5503 obtinet,
3063 5435 3226 5490 tertio
3275 5433 3532 5500 deinceps

1967 5532 2089 5596 alia,
2137 5539 2188 5588 et
2226 5541 2446 5604 quarto,
2497 5530 2563 5585 ad
2611 5531 2901 5602 septimum
2947 5542 3119 5597 usque
3176 5540 3274 5595 pro
3320 5522 3533 5576 ratione
