3768 6000
249 59 351 114 H9

1472 56 1530 115 S.
1561 54 1888 112 GREGORII
1931 53 2226 110 NYSSENI

3384 51 3492 104 190

248 169 573 226 velocitatis.
613 168 789 224 Tanto
843 167 988 224 enim
1026 183 1372 240 unaquteque
1406 170 1621 240 longius
1663 169 1816 225 abest

2025 169 2150 223 δῦσα
2192 169 2268 238 (α)
2305 167 2442 238 μετά
2472 167 2572 238 τὴν
2613 165 2879 236 ὀξυτάτην
2926 163 3136 233 κίνησιν
3169 165 3228 216 ὲν
3267 165 3334 235 τῇ
3387 165 3496 234 ista

248 277 277 314 a
329 262 631 330 superiore.
661 272 866 330 quanto
898 261 987 314 illa
1022 261 1088 314 ad
1124 261 1448 315 movendum
1480 269 1672 315 natura
1706 272 1816 316 tar-

247 348 367 401 dior
394 356 496 402 est.
550 346 675 400 Hice
723 347 890 415 igitur
946 354 1147 416 quarto
1188 345 1275 398 die
1319 346 1455 399 facta
1505 358 1650 412 sunt,
1707 363 1815 402 non

249 440 391 507 quod
417 449 546 490 tunc
580 437 742 490 fuerit
768 436 858 490 lux
895 444 1205 506 procreata,
1235 437 1328 492 sed
1359 437 1506 505 quod
1538 438 1818 491 illustran-

247 528 300 581 di
329 531 376 580 vi
406 544 503 588 pro
537 537 732 580 natura
756 543 855 581 sua
892 527 1054 580 simul
1080 539 1290 592 coacta,
1317 529 1669 597 apparuerint
1693 543 1816 583 cum

249 620 470 685 reliqua:
504 615 691 670 stellae.
736 623 850 669 ttttn
889 617 993 671 illa:
1031 631 1151 686 qua:
1195 617 1572 686 magnitudine
1608 618 1819 672 caeteris

265 715 546 777 pnrslant,
576 707 655 762 sul
687 715 741 762 et
773 707 923 773 luna,
947 722 1182 777 quorum
1218 716 1372 762 ortus
1407 707 1624 776 quidem
1657 723 1816 762 occa-

255 801 338 853 sio
374 799 583 852 exstitit
612 799 751 852 1ιιειε
799 799 855 852 in
891 798 1288 868 procreatione,
1322 799 1609 868 utriusque
1639 806 1816 852 autent

253 889 575 944 constitutio
634 888 875 958 (quando
906 897 1156 943 movetur
1193 889 1246 942 in
1277 896 1519 958 tempore
1556 889 1819 957 quidquid

251 988 522 1039 movetur,
558 988 613 1032 et
641 987 868 1033 mutuus
919 979 1308 1047 particularum
1345 993 1651 1032 concursus
1699 986 1822 1046 eget

252 1074 434 1139 aliquo
474 1069 734 1138 temporis
781 1069 1094 1138 intervallo)
1139 1069 1315 1122 tribus
1345 1068 1538 1122 diebus
1577 1068 1820 1137 perfecta

252 1168 360 1213 est.
407 1157 586 1223 Quare
635 1173 742 1210 non
785 1155 1024 1211 absurde
1069 1157 1323 1212 conditus
1355 1157 1506 1210 orbis
1544 1171 1574 1210 a
1625 1171 1822 1226 magno

260 1247 407 1302 Mose
467 1249 538 1300 ita
587 1232 941 1307 describitur,
994 1255 1054 1300 ut
1110 1255 1373 1316 quantum
1416 1247 1481 1301 ad
1536 1246 1821 1300 materiam

256 1341 508 1408 pertinet,
531 1337 692 1390 simul
719 1337 899 1390 omnia
935 1336 1188 1390 dicantur
1234 1337 1432 1390 virtute
1453 1335 1664 1405 epillcis
1687 1349 1821 1391 con-

255 1431 445 1481 stituta
490 1445 504 1481 :
549 1427 844 1497 singularis
885 1435 1064 1481 autem
1111 1442 1320 1494 eorum,
1363 1442 1483 1496 quae
1520 1427 1576 1480 in
1618 1427 1822 1480 mundo

1915 262 2076 332 φορᾷ,
2106 259 2196 312 τὸν
2229 257 2606 329 ύποϐεϐηκότα
2638 256 2834 309 κύκλον
2863 253 3244 324 διαλαμϐάνειο
3275 255 3368 307 καὶ
3388 255 3497 308 πά·-

1915 352 1995 404 λιν
2030 354 2094 414 ὲκ
2139 351 2322 422 τρίτου
2366 351 2460 402 καὶ
2487 348 2748 418 τετάρτου
2795 347 2890 399 καὶ
2932 346 3037 408 ἕως
3080 344 3308 414 ἑϐδόμου
3358 344 3498 414 πρὸς

1916 440 2071 506 λόγον
2091 438 2188 508 τῆς
2217 437 2356 490 κατὰ
2376 438 2436 489 τὸ
2465 436 2627 505 τάχος
2661 433 2894 503 φύσεως.
2923 431 3187 484 ’Τοσοῦτον
3217 433 3499 484 ὑποκατα-

1917 529 2093 582 ϐαίνει
2126 528 2218 582 τοῦ
2248 528 2506 598 ἀνωτέρω
2534 526 2784 590 ἕκαστον,
2811 524 2935 576 ὅσον
2971 522 3120 594 αὑτῷ
3145 523 3500 593 σχολαιοτέρα

1916 621 2025 672 τῶν
2069 618 2474 690 ὑπερκειμένων
2505 619 2539 687 ἡ
2581 614 2741 685 φύσις
2781 615 2897 667 ἐστὶ
2935 615 3070 685 πρὸς
3112 615 3211 686 τὴν
3254 615 3494 684 κίνησιν.

1918 711 2101 765 Ταῦτα
2120 707 2211 763 οὑν
2233 709 2436 777 γίνεται
2461 707 2600 761 κατά
2621 707 2718 778 τὴν
2741 709 3004 777 τετάρτην
3030 708 3261 778 ἡμέραν,
3287 708 3350 760 οὺ
3371 707 3500 760 τότε

1919 806 2010 860 τοῦ
2053 806 2229 874 φωτὸς
2275 803 2789 875 δημιουργηθέντος,
2835 801 2972 855 ἀλλά
3015 802 3113 872 τῆς
3167 805 3504 872 φαντιστικῆς
3571 870 3581 880 ι

1923 897 2183 967 ἰδιότητος
2213 894 2342 966 περὶ
2377 894 2440 946 τὸ
2477 893 2618 946 κατά
2647 891 2808 960 φύσιν
2841 893 3004 962 ἑαυτῇ
3035 892 3131 944 καὶ
3167 890 3506 962 κατάλληλον

1920 986 2325 1058 ἀθροισθείσης·
2354 983 2423 1037 τά
2450 1001 2508 1035 τε
2531 982 2663 1035 ἄλλα
2700 982 2930 1052 ἐξεφάνη
2960 981 3067 1034 τῶν
3108 983 3374 1054 ἀστέρων,
3409 984 3509 1035 καὶ

1920 1074 1970 1125 οἱ
2015 1073 2073 1123 ἐν
2115 1070 2318 1141 μείζονι
2366 1069 2514 1139 ὄγκῳ
2547 1069 2674 1138 περὶ
2718 1068 2788 1119 τὰ
2836 1068 2997 1122 λοιπά
3048 1069 3442 1140 καθορώμενοι,
3477 1073 3509 1124 ὁ

1920 1161 2069 1231 ἥλιός
2093 1177 2151 1212 τε
2180 1159 2271 1214 καὶ
2299 1160 2333 1229 ἠ
2351 1158 2565 1228 σελήνη,
2595 1151 2669 1211 ὧν
2699 1160 2732 1229 ἡ
2757 1159 2852 1228 μὲν
2879 1158 3111 1226 γένεσις,
3133 1163 3190 1212 ἐν
3213 1163 3278 1230 τῇ
3309 1159 3509 1232 πρώτῃ

1922 1251 2213 1323 καταϐολῇ,
2262 1251 2354 1304 τοῦ
2387 1252 2562 1319 φωτὸς
2598 1251 2695 1313 τὰς
2732 1251 2985 1322 ἀφορμὰς
3024 1237 3262 1322 έσχεν,’ὴ
3311 1252 3370 1304 δὲ
3412 1251 3512 1304 σύ-

1925 1361 2110 1406 στασις
2130 1342 2358 1396 ἑκάστου
2385 1342 2584 1412 (ἐπειδὴ
2609 1341 2822 1405 πάντως
2847 1343 2908 1395 ὲν
2933 1343 3109 1416 χρόνῳ
3132 1347 3359 1397 κινεῖται
3397 1346 3510 1398 πᾶν

1922 1433 1986 1486 τὸ
2024 1433 2358 1503 κινούμενον,
2393 1433 2486 1484 καὶ
2522 1431 2602 1484 δεῖ
2625 1432 2722 1502 τὴν
2750 1432 2859 1485 τῶν
2905 1433 3107 1504 μορίων
3134 1434 3269 1506 πρὸς
3301 1433 3514 1500 ἄλληλα

252 1516 528 1580 videntur,
573 1517 854 1571 distinctio
905 1517 1094 1570 ordine
1121 1519 1354 1585 quodam
1393 1532 1456 1570 ac
1483 1517 1624 1571 serie
1663 1523 1817 1570 natu-

2025 1525 2255 1596 ιδρομὴν,
2286 1524 2379 1577 καὶ¹
2412 1523 2661 1597 χρονικοῦ
2679 1540 2823 1586 τινος
2850 1524 3238 1596 διαστήματος)
3311 1526 3370 1578 ὲν
3387 1528 3510 1589 ταῖς

254 1609 382 1671 rali.
417 1623 480 1662 eo
528 1609 703 1681 spatio
749 1608 894 1678 quod
946 1609 1150 1663 dictum
1182 1616 1288 1674 est,
1349 1608 1618 1662 absoluta.
1673 1605 1826 1662 Tunc

255 1705 418 1758 simul
461 1703 715 1758 universa
760 1702 849 1754 lux
893 1700 1124 1764 exstitit,
1157 1707 1287 1752 tunc
1325 1700 1504 1753 omnis
1531 1713 1716 1752 rerum
1761 1698 1827 1751 il-

256 1794 614 1847 lustrantium
664 1800 857 1845 natura
911 1790 1146 1860 propriis
1204 1788 1463 1843 distincta
1507 1787 1828 1844 diﬂ'erentiis

257 1889 534 1960 apparuit,
581 1903 814 1958 quarum
855 1902 886 1941 e
920 1900 1150 1940 numero
1209 1886 1289 1940 sol
1334 1893 1437 1948 est,
1466 1893 1518 1940 et
1556 1885 1706 1940 luna.
1748 1885 1827 1940 Ac

257 1976 720 2048 quemadmodum
757 1990 819 2030 ea
854 1990 975 2044 qua:
1018 1973 1273 2029 ﬂuentem
1320 1977 1429 2028 vim
1461 1975 1684 2040 habent,
1717 1991 1827 2030 non

257 2077 391 2123 sunt
435 2069 598 2123 unius
629 2069 846 2138 generis
883 2067 1090 2132 omnia,
1133 2066 1226 2121 sed
1257 2065 1562 2121 diﬂ‘erentia
1591 2068 1827 2136 quadam

256 2161 402 2214 inter
423 2175 483 2214 se
510 2158 751 2213 vicissim
782 2157 1116 2226 discrepant,
1143 2163 1205 2209 ut
1229 2155 1416 2210 videre
1442 2156 1568 2211 licet
1597 2156 1651 2211 in
1683 2157 1826 2220 oleo,

256 2259 310 2305 et
341 2264 502 2319 aqua,
535 2259 587 2303 et
621 2257 844 2319 argento
875 2249 1018 2313 vivo,
1062 2262 1182 2318 quae
1223 2246 1268 2301 si
1302 2247 1427 2317 quis
1457 2246 1636 2301 omnia
1665 2248 1829 2302 simul

257 2343 313 2394 in
344 2357 454 2395 uno
491 2355 621 2396 vase
654 2339 976 2403 confundat,
1012 2354 1176 2409 parva
1212 2338 1496 2408 interjecta
1535 2354 1686 2394 mora
1717 2341 1832 2406 pri-

256 2449 405 2493 mum
441 2432 670 2502 aspiciet
699 2439 980 2501 argentum
1017 2431 1201 2484 vivum
1233 2430 1304 2485 ob
1336 2431 1642 2498 graviorem
1669 2430 1832 2485 deor-

258 2538 491 2594 sumque
531 2522 838 2576 tendentem
889 2529 1140 2574 naturam
1192 2520 1248 2574 in
1284 2519 1453 2574 fundo
1493 2528 1668 2575 totum
1700 2537 1831 2577 con-

259 2617 460 2681 sidere,
508 2615 638 2668 lieet
669 2613 852 2667 omnia
905 2611 1190 2666 commista
1234 2610 1603 2677 sint;dcinde
1636 2627 1831 2682 aquam

262 2706 423 2760 simul
470 2712 716 2758 coactam
763 2717 979 2758 omnem
1023 2701 1354 2767 succedere;
1409 2713 1687 2772 postremo
1728 2705 1834 2758 olei

1930 1617 2106 1688 τρισὶν
2131 1615 2367 1686 ἡμέραις
2392 1613 2677 1685 ἐτελειώθη
2693 1631 2707 1644 ·
2731 1615 2806 1676 ὡς
2833 1615 2994 1687 μηδὲν
3018 1615 3122 1683 ἔξω
3146 1619 3244 1686 τῆς
3275 1616 3512 1670 ἀκολου-

1933 1708 2055 1772 θίας
2105 1707 2255 1778 παρά
2301 1706 2393 1759 τοῦ
2433 1706 2669 1776 μεγάλου
2696 1707 2936 1768 Μωσέως
2982 1709 3040 1759 ἐν
3076 1709 3141 1776 τῇ
3193 1706 3301 1760 τῶν
3336 1707 3516 1762 όντων

1931 1799 2186 1868 διασκευῇ
2216 1796 2542 1869 γεγράφθαι,
2569 1798 2617 1849 εί
2646 1797 2860 1851 πάντων
2888 1797 3029 1850 κατὰ
3051 1798 3112 1849 τὸ
3138 1797 3333 1867 ἀθρόον
3357 1799 3517 1868 παρὰ

1933 1891 2031 1962 τῆς
2062 1889 2154 1943 τοῦ
2173 1886 2517 1959 Δημιουργοῦ
2540 1887 2826 1961 δυνάμεως
2842 1888 3039 1951 ὑλικῶς
3063 1888 3517 1959 προκαταϐεϐληο

1937 1983 2136 2052 μένων,
2161 1980 2294 2051 πρὸς
2316 1979 2414 2050 τὴν
2445 1979 2552 2034 τῶν
2576 1979 2746 2033 ὄντων
2776 1979 3053 2043 σύστασιν,
3093 1981 3127 2050 ὴ
3161 1980 3358 2051 μερικὴ
3402 1980 3520 2032 τῶν

1935 2073 1992 2124 ὲν
2036 2071 2114 2141 τῷ
2163 2066 2358 2141 κόσμῳ
2386 2069 2811 2141 τεθεωρημένων
2867 2069 3156 2136 ἀνάδειξις,
3214 2068 3365 2133 τάξει
3404 2070 3520 2124 τινὶ

1936 2163 2136 2232 φυσικῇ
2165 2161 2256 2213 καὶ
2279 2159 2570 2230 ἀκολουθίᾳ
2595 2161 2651 2212 ὲν
2676 2159 2823 2232 ρητῷ
2840 2160 3170 2230 διαστήματι
3201 2159 3519 2230 ἐτελειώθη·

1934 2251 2056 2305 τότε
2077 2252 2176 2322 μὲν
2204 2250 2401 2321 ἀθρόου
2427 2249 2522 2303 τοῦ
2561 2251 2737 2320 φωτὸς
2763 2250 3107 2320 ἐκφανέντος,
3138 2249 3232 2302 νῦν
3253 2250 3311 2302 δὲ
3337 2250 3526 2319 πάσης

1935 2346 2033 2413 τῆς
2065 2342 2400 2412 φωτιστικῆς
2434 2339 2650 2410 φύσεως
2690 2340 2871 2404 ἰδικῶς
2901 2341 3274 2413 διαφανείσης,
3303 2335 3378 2394 ὧν
3402 2345 3526 2398 ἐστι

1938 2435 2033 2488 καὶ
2068 2436 2096 2487 ό
2122 2433 2291 2504 ἥλιος,
2322 2432 2415 2486 καὶ
2441 2433 2474 2502 ἡ
2517 2431 2735 2503 σελήνη.
2763 2433 2872 2486 Και
2902 2432 3088 2504 ὥσπερ
3120 2433 3214 2485 ἐπὶ
3256 2432 3364 2485 τῶν
3390 2432 3525 2504 ῥευ-

1940 2523 2070 2593 στήν
2106 2539 2226 2577 τινα
2256 2520 2484 2591 δύναμιν
2521 2521 2771 2590 ἑχόντων,
2810 2519 2911 2574 κᾶν
2941 2522 3118 2574 πάντα
3144 2521 3264 2591 ῥέῃ,
3294 2522 3355 2574 ού
3383 2521 3526 2574 πάν-

1937 2630 2045 2677 τως
2075 2612 2348 2684 όμογενῶς
2378 2612 2489 2682 ἔχει
2523 2611 2657 2683 πρὸς
2689 2611 2912 2682 ἄλληλα,
2937 2612 3072 2665 ἀλλά
3099 2612 3180 2676 τίς
3207 2612 3530 2667 ἐστιν“έκ6.·

1941 2721 2051 2775 στῳ
2098 2703 2330 2773 διαφορά
2385 2701 2523 2772 πρὸς
2575 2701 2635 2754 τὸ
2685 2699 2891 2772 ἕτερον,
2940 2697 3050 2754 οἷον
3093 2703 3152 2755 ὲν
3215 2702 3380 2772 ἐλαίῳ
3430 2703 3532 2756 καὶ

261 2805 620 2869 congregatas
656 2795 954 2866 particulas
985 2800 1344 2864 supernatare
1388 2803 1442 2848 et
1476 2810 1640 2866 super
1669 2803 1817 2850 utro-

2025 2794 2266 2867 >αργύρῳ
2313 2793 2404 2846 καὶ
2454 2793 2627 2856 ὕδατι,
2671 2792 2815 2863 ἅπερ
2865 2792 2918 2845 εί
2954 2810 3038 2855 τις
3069 2792 3304 2862 ἀναχέας
3345 2793 3531 2849 πάντα

264 2907 373 2960 que
405 2890 709 2944 consistere
739 2905 754 2942 :
786 2886 976 2942 eodem
1007 2895 1167 2956 pacto
1191 2884 1258 2940 de
1289 2901 1347 2940 re
1374 2887 1534 2942 nobis
1555 2888 1621 2942 ad
1651 2888 1811 2958 dispu

2025 2889 2074 2950 ὸς
2113 2884 2316 2956 ἄλληλα
2370 2883 2453 2939 ἐνὶ
2499 2883 2780 2954 περιϐάλοι
2823 2883 3050 2952 ἀγγείῳ,
3103 2883 3329 2954 βραχέος
3363 2885 3534 2951 ἐγγε-

264 2980 492 3039 tandnm
533 2979 811 3055 proposita
843 2993 1140 3049 possumus
1176 2976 1472 3046 conjicere,
1503 2977 1636 3032 illud
1672 2995 1817 3032 unun

2025 2977 2164 3030 ιένου
2192 2975 2409 3047 χρόνου,
2440 2972 2654 3044 πρῶτον
2685 2972 2876 3042 ὄψεται
2914 2973 3010 3044 τὴν
3041 2973 3401 3045 ὑδράργυρον,
3433 2972 3529 3030 διὰ.

267 3071 622 3148 ἰιιξειεηιρίο
674 3077 888 3122 tantum
939 3075 1367 3134 commutantes,
1425 3077 1486 3124 ut
1541 3069 1687 3140 quod
1735 3071 1817 3124 illi

2035 3065 2342 3138 βαρυτέραν
2378 3080 2439 3117 τε
2467 3063 2559 3116 καὶ
2600 3063 3086 3134 κατωφερεστέραν
3119 3061 3257 3118 εἶναι
3299 3062 3406 3116 τῶν
3432 3063 3536 3117 ἆλ-

271 3169 494 3239 propter
536 3160 885 3230 gravitatem,
939 3158 1029 3213 hic
1077 3167 1269 3213 contra
1316 3167 1539 3231 propter
1573 3161 1817 3221 levitatem

2025 3177 2070 3224 ν,
2096 3161 2210 3220 τοῖς
2249 3156 2400 3220 ἰδίοις
2431 3155 2822 3224 συμφυομένην
2870 3154 3100 3224 μορίοις,
3135 3153 3240 3208 κᾶν
3276 3153 3535 3225 πανταχῆ

266 3255 503 3310 eveniat.
547 3253 603 3307 In
635 3246 812 3326 prima
853 3250 1000 3311 enim
1032 3265 1217 3304 rerum
1259 3250 1674 3314 constitutione,
1727 3269 1817 3322 qut

2025 3249 2115 3302 Βτα
2173 3244 2594 3315 διεσκεδασμένα
2647 3243 2816 3314 τύχῃο
2868 3242 3057 3296 ἔπειτα
3092 3242 3154 3295 τὸ
3202 3241 3346 3312 ὕδωρ
3391 3242 3537 3312 πρὸς

270 3346 494 3400 levitate
544 3357 765 3398 sursum
809 3340 1127 3405 tendebant,
1165 3340 1410 3410 quandiu
1443 3341 1514 3395 ob
1537 3344 1817 3398 naturalen

2025 3339 2113 3394 υτδ
2153 3337 2544 3406 συναγόμενον
2577 3330 2697 3389 εἶτα
2730 3333 2822 3387 τοῦ
2855 3334 3034 3388 ἐλαίου
3077 3334 3146 3387 τά
3181 3334 3354 3404 μόρια
3391 3335 3534 3387 πᾶσι

270 3433 380 3487 vim
417 3432 636 3487 insitam
673 3430 950 3486 celeritate
975 3429 1245 3490 valebant,
1270 3429 1476 3499 pariter
1499 3431 1684 3484 omnia
1714 3447 1816 3491 con

2025 3432 2061 3491 ἴς
2086 3427 2467 3497 ὑποκειμένοις
2495 3424 2912 3488 ἐπιπολάζοντα,
2939 3425 3034 3478 καὶ
3062 3425 3190 3496 περὶ
3215 3422 3382 3477 ἑαυτά
3405 3439 3540 3478 συν-

272 3531 586 3586 currerunt,
618 3529 731 3576 tum
760 3537 824 3576 ex
858 3519 1165 3576 velocitatis
1207 3521 1524 3592 praestantia
1555 3521 1672 3592 ipsa
1707 3539 1817 3594 quo

2025 3521 2245 3591 τάμενα·
2303 3517 2474 3581 οὕτως
2519 3511 2673 3588 οἶμαι
2712 3516 2822 3569 δεῖν
2854 3517 2948 3569 καὶ
2994 3516 3123 3586 περὶ
3161 3515 3262 3586 τῆς
3308 3531 3541 3587 προκει-

270 3626 378 3682 que
418 3611 559 3666 inter
598 3603 949 3666 sc'distincta
985 3618 1133 3666 sunt.

2025 3629 2120 3682 νης
2151 3609 2382 3682 θεωρίας
2430 3607 2806 3679 στοχάζεσθαι,
2837 3605 3090 3659 τοσοῦτον
3122 3605 3537 3669 ὑπαλλάξαντας

274 3707 433 3778 μόνον
474 3703 569 3757 τοῦ
607 3701 1034 3771 ὑποδείγματος,
1083 3701 1223 3754 ὥστε
1262 3699 1322 3753 τὸ
1349 3701 1408 3754 ὲν
1454 3703 1567 3765 τοῖς
1613 3703 1858 3772 ρευστοῖς
1894 3697 1996 3758 ὧδε
2026 3701 2113 3755 διά
2161 3699 2254 3754 τοῦ
2319 3698 2519 3768 βάρους
2577 3697 2893 3767 γινόμενον,
2941 3695 3033 3748 ἐπὶ
3074 3694 3173 3760 τῆς
3219 3690 3540 3764 ἀνωφεροῦς

273 3799 490 3865 φύσεως
543 3795 683 3847 κατά
729 3794 790 3846 τὸ
843 3793 1077 3862 ἔμπαλιν
1133 3793 1426 3863 θεωρῆσαι.
1484 3794 1709 3848 Πάντων
1760 3796 1870 3867 γὰρ
1908 3794 2328 3865 ἀναφερομένων
2388 3791 2493 3843 ὑπὸ
2531 3790 2862 3859 κουφότητος
2894 3787 3009 3856 ἅμα
3057 3789 3124 3858 τῇ
3171 3785 3360 3856 πρώτῃ
3420 3783 3540 3837 τῶν

276 3893 443 3946 ὄντων
491 3887 784 3955 καταϐολῇ,
825 3886 900 3947 ὡς
944 3881 1056 3954 εἶχε
1104 3885 1299 3954 τάχους
1349 3886 1577 3939 ἕκαστον
1633 3888 1776 3940 κατά
1819 3889 1918 3960 τὴν
1946 3887 2271 3958 ὲγκειμένην
2297 3887 2407 3947 τοῖς
2446 3885 2611 3936 πᾶσιν
2637 3885 2701 3936 ὲκ
2728 3881 2940 3954 φύσεως
2967 3880 3211 3950 δύναμιν,
3242 3877 3542 3932 ἀκόλουθον

273 3981 343 4055 ἦν
365 3981 446 4052 τῷ
474 3976 840 4049 ίσοδρομοῦντι
868 3975 1118 4046 ἀλλήλοις
1155 3975 1332 4028 πάντα
1375 3975 1718 4045 συνδραμεῖν,
1749 3978 1843 4054 καὶ
1870 3977 2011 4031 οὑτω
2062 3975 2404 4053 διακριθῆναι
2461 3973 2606 4031 κατὰ
2637 3973 2734 4045 τὴν
2771 3972 2865 4025 τοῦ
2893 3972 3089 4042 τάχους
3135 3970 3397 4038 διαφορὰν
3432 3969 3541 4023 ἀπ’

275 4076 542 4148 ἀλλήλων,
569 4073 677 4127 τῶν
720 4071 982 4134 ὡσαύτως
1009 4071 1328 4139 πεφυκότων
1370 4087 1428 4123 τε
1473 4072 1568 4124 καὶ
1608 4071 1938 4142 δυναμένων.

350 4166 420 4222 Ut
452 4165 616 4236 igitur
644 4165 699 4218 in
733 4162 982 4234 exemplo
1021 4161 1301 4231 proposito
1348 4175 1530 4215 rerum
1565 4161 1846 4217 ﬂuentium
1883 4168 1926 4221 D

281 4259 512 4313 secretio
533 4263 587 4310 et
614 4253 888 4325 separatio
912 4251 1196 4306 materiam
1230 4251 1561 4321 singularem
1589 4266 1696 4304 non
1728 4266 1856 4305 eon-

282 4351 478 4412 stituit,
507 4349 602 4402 sed
628 4347 740 4417 jam
773 4347 969 4400 factam
991 4342 1266 4407 distinxit,
1299 4342 1723 4412 distinctamque
1759 4343 1856 4398 de-

281 4439 649 4496 monstravit:
688 4437 766 4492 sic
797 4437 853 4490 in
902 4436 1067 4490 trium
1098 4435 1309 4490 dierum
1345 4433 1522 4509 spatio
1577 4434 1857 4490 illustrans

284 4531 418 4587 solis
442 4537 657 4594 natura,
685 4535 1037 4598 potestasque
1074 4526 1214 4581 facta
1243 4541 1348 4583 non
1384 4532 1489 4588 est,
1518 4525 1613 4585 sed
1647 4541 1770 4580 cum
1801 4526 1855 4580 in

285 4622 638 4676 universitate
689 4633 873 4673 rerum
919 4616 1112 4672 diﬂ‘usa
1142 4626 1308 4678 esset,
1346 4615 1509 4671 simul
1560 4601 1749 4669 co’acta
1778 4624 1862 4670 est

285 4724 341 4769 et
391 4713 702 4781 conjuncta.
739 4708 796 4763 Si
831 4708 954 4777 quis
980 4718 1159 4762 autem
1189 4721 1227 4768 ιι
1253 4705 1412 4762 nobis
1441 4713 1496 4760 et
1548 4705 1695 4760 tertii
1734 4705 1859 4760 cmli

289 4806 561 4859 rationem
615 4808 784 4872 petat,
849 4798 997 4870 quod
1059 4798 1238 4854 Moses
1294 4812 1403 4852 non
1465 4796 1708 4867 scripsit,
1766 4797 1862 4853 sed

291 4895 493 4950 Paulus
519 4893 677 4957 vidit,
699 4899 754 4947 et
779 4893 835 4945 in
869 4892 989 4961 ipso
1013 4899 1268 4958 tanquam
1300 4889 1353 4943 in
1383 4888 1559 4959 adytis
1584 4888 1864 4958 sapientiae

293 4985 603 5040 consistens
634 4995 834 5036 arcana
867 4978 1074 5032 audivit
1099 4977 1164 5042 ³⁸,
1209 4977 1281 5031 ab
1319 4977 1427 5031 illis
1473 4991 1592 5046 qua:
1619 4977 1863 5045 exposita

297 5083 445 5138 sunt,
475 5073 695 5128 tertium
751 5069 883 5124 illttd
915 5069 1114 5124 ccnlutn
1147 5082 1254 5122 non
1287 5067 1477 5122 abesse
1509 5063 1866 5134 respondem-

299 5182 440 5220 nms.
495 5163 721 5218 Videtur
749 5161 892 5215 enim
946 5159 1077 5212 mihi
1117 5173 1344 5230 magnus
1379 5159 1536 5213 etiam
1576 5155 1870 5226 Apostolus

369 5303 412 5336 ³³
445 5301 482 5353 Η
515 5303 640 5354 (lor.
685 5317 774 5362 ut,
809 5298 927 5353 2-4.

2025 4163 2235 4232 ’Ὠσπερ
2281 4153 2372 4212 οὖν
2436 4155 2530 4209 ἐπὶ
2589 4153 2681 4207 τοῦ
2723 4152 3118 4223 ὑποδείγματος
3173 4150 3206 4220 ἡ
3265 4148 3373 4201 τῶν
3407 4150 3540 4220 ρευυ

1963 4253 2102 4306 στῶν
2123 4250 2326 4304 τούτων
2356 4249 2624 4317 διάκρισις
2663 4245 2764 4297 οὐκ
2801 4243 3024 4312 ἐποίησε
3058 4240 3145 4293 διὰ
3185 4239 3284 4309 τῆς
3323 4237 3546 4290 διαστο-

1960 4342 2060 4412 λῆς
2083 4340 2180 4402 τὰς
2208 4338 2360 4402 ὕλας,
2390 4337 2525 4390 ἀλλὰ
2552 4335 2651 4397 τὰς
2686 4330 3054 4403 γεγενημένας
3076 4328 3169 4382 καὶ
3197 4329 3254 4379 ὲν
3277 4323 3543 4396 ἀλλήλαις

1962 4430 2265 4502 κεχυμένας
2310 4425 2566 4497 καθαρῶς
2603 4423 2840 4493 ἑκάστην
2865 4423 2972 4474 ἀτιο
3008 4421 3103 4488 τῆς
3132 4418 3297 4488 ἄλλης
3325 4417 3545 4486 διακρι-

1963 4519 2147 4571 θεῖσαν
2193 4513 2480 4579 ἀνέδειξεν·
2519 4510 2662 4565 οὕτω
2699 4511 2794 4564 καὶ
2834 4508 2969 4580 μετά
3011 4507 3072 4558 τὸ
3102 4508 3396 4578 τριήμερόν
3438 4505 3545 4560 τοῦ

1963 4612 2154 4682 χρόνου
2175 4608 2450 4678 διάστημα
2479 4605 2600 4674 οὐχ.
2622 4602 2836 4669 ἐγένετο
2861 4602 2893 4669 ἡ
2925 4598 3224 4668 φωτιστικὴ
3257 4597 3350 4650 τοῦ
3379 4596 3543 4666 ἡλίου

1966 4701 2126 4770 φύσις
2162 4698 2257 4752 καὶ
2295 4695 2542 4765 δύναμις,
2586 4691 2720 4745 ἀλλά
2751 4689 3116 4760 διακεχυμένη
3157 4687 3294 4757 πρὸς
3333 4688 3392 4740 τὸ
3429 4688 3547 4740 πᾶν

1969 4792 2105 4863 πρὸς
2137 4787 2303 4858 ὲαυτὴ
2381 4783 2646 4853 διεκρίθη.
2679 4782 2740 4834 Εἰ
2770 4781 2827 4833 δέ
2857 4797 2942 4840 τις
2970 4779 3116 4848 ἡμᾶς
3165 4777 3412 4847 ἐπαιτοίη
3446 4779 3550 4830 καὶ

1972 4884 2099 4954 περὶ
2131 4879 2226 4931 ’τ’-ἦ
2253 4877 2435 4949 τρίτου
2465 4873 2695 4945 ούρανοῦ
2720 4872 2898 4940 λόγον,
2941 4870 2999 4922 ὃν
3027 4870 3056 4921 ό
3084 4869 3288 4938 Μωσῆς
3323 4867 3422 4938 μὲν
3441 4867 3551 4922 οὑκ

1974 4969 2228 5042 Erexi-.1,
2260 4965 2468 5024 Παῦλος
2495 4961 2551 5014 δὲ
2600 4957 2759 5023 εἶδεν,
2799 4957 2978 5010 καὶέν
3005 4954 3153 5026 αὑτῷ
3193 4954 3442 5024 καθάπερ
3484 4954 3553 5009 ὲν

1974 5060 2187 5122 ἀδύτοις
2214 5057 2324 5110 τισὶ
2346 5054 2446 5124 τῆς
2467 5052 2658 5120 σοφίας
2678 5049 2988 5118 γενόμενος,
3014 5047 3123 5100 τῶν
3157 5046 3408 5117 ἀρρήτων
3453 5044 3552 5096 £7:-

1975 5151 2309 5226 ηκροάσατο,
2330 5145 2488 5201 τοῦτό
2517 5159 2718 5216 φαμεν,
2743 5141 2825 5195 ὅτι
2856 5140 2956 5194 οὑκ
2984 5138 3088 5205 ἕξω
3109 5137 3217 5192 τῶν
3244 5133 3557 5208 ἐξητασμέρ

373 5436 447 5512 (ιἰΪ1
480 5433 589 5487 Vox
653 5441 920 5510 suspecta.
975 5429 1280 5497 ln‘gendnm
1337 5427 1586 5495 δεύτερον
1649 5416 1802 5474 οὖσα.
1859 5419 2012 5473 Eutr.
