3768 6000
176 91 260 151 191

1401 97 1470 151 ΙΝ
1510 98 1981 156 IIEXAEMERON
2020 101 2241 158 LIBER.

3310 107 3416 161 122

145 226 148 228 ⁷
176 228 272 266 νων
296 209 322 262 6
343 207 531 279 τρίτος
571 207 772 270 ἐκεῖνος
805 201 1033 277 οὐρανός
1057 207 1192 261 ἐστι.
1240 211 1398 262 Δοκεῖ
1439 209 1546 281 γάρ
1594 229 1684 282 μοι
1705 213 1734 264 6

1931 229 2062 268 cens
2085 229 2275 268 omnes
2306 215 2617 284 superiores
2641 217 2810 274 totius
2831 225 3058 282 naturae,
3096 232 3216 287 qua:
3245 233 3411 272 sensu

182 299 336 369 μέγας
398 295 722 359 ’Λπόστολος
768 298 798 350 6
843 298 978 349 πᾶσι
1027 300 1140 361 τοῖς
1183 297 1495 370 ἔμπροσθεν
1543 301 1736 354 ἑαυτὸν

1839 305 2156 373 percipitur,
2208 307 2471 361 terminos
2518 311 2940 375 transcendisse,
2976 311 3042 363 ad
3070 325 3300 379 eamque
3329 311 3414 363 itt-

183 387 507 448 ὲπεκτείνων,
538 385 730 448 διαϐὰς
753 386 933 457 πάσης
959 387 1059 456 τῆς
1087 388 1347 458 αἰσθητῆς
1369 387 1585 458 φύσεως
1611 390 1738 453 τοὺς

1933 411 2083 452 ssum
2138 412 2280 462 esse,
2317 414 2435 466 qua:
2467 401 2651 454 animo
2681 409 2971 472 menteque
2999 402 3414 472 comprehendi-

181 483 339 550 ὅρους,
379 479 462 540 εἰς
493 478 592 547 τὴν
631 478 827 547 νοητὴν
870 477 1200 530 κατάστασιν
1243 478 1618 549 παρεισδῦναι,
1674 480 1736 532 ού

181 570 484 642 σωματικῆς
504 568 748 640 ἀκριϐῶς
771 570 1065 640 γινομένης
1091 568 1238 640 αὐτῷ
1263 570 1361 638 τῆς
1391 570 1500 622 τῶν
1533 569 1739 640 νοητῶν

177 663 412 734 θεωρίας.
450 658 622 714 Τοῦτο
654 660 763 730 γὰρ
807 661 901 713 καὶ
931 660 1096 724 αὐτὸς
1123 659 1202 731 τῷ
1238 661 1352 731 ίδίῳ
1383 661 1526 731 λόγῳ
1561 678 1741 733 παρα-

179 754 487 824 σημαίνεται
516 743 708 816 είπῖὼν,
729 753 810 806 ὅτι
834 771 852 803 ι
885 752 994 806 είτε
1025 755 1082 806 έν
1110 751 1322 822 σώματι
1345 754 1445 806 οὐκ
1470 750 1605 819 οἶδα,
1629 753 1740 807 εἴτε

176 849 318 911 ἐκτὸς
340 844 432 901 τοῦ
461 847 708 914 σώματος
733 847 832 900 οὐκ
847 843 992 901 οἶδα’
1021 849 1050 898 6
1072 847 1204 910 Θεὸς
1243 844 1383 900 οῐδεν
1425 847 1741 919 ἁρπαγέντα

176 942 257 992 τὸν
279 939 516 992 τοιοῦτον
547 938 653 1002 ἓως
682 939 867 1010 τρίτου
901 937 1150 1010 ούρανοῦ.
1181 957 1199 989 ι
1221 939 1295 990 Τὸ
1322 933 1413 992 οὖν
1445 939 1741 1008 ἀκρότατον

174 1030 258 1082 τοῦ
287 1029 545 1100 αἰσθητοῦ
579 1030 785 1100 κόσμου
822 1031 1004 1100 τρίτον
1033 1025 1186 1100 οἶμαι
1225 1028 1453 1097 οὐρανὸν
1485 1042 1744 1097 προειρη-

175 1122 319 1174 κέναι
346 1122 437 1174 τὸν
458 1120 692 1186 Παῦλον,
717 1121 877 1192 τριχῆ
901 1123 998 1191 μὲν
1017 1123 1252 1192 τεμόντα
1272 1122 1378 1173 πᾶν
1393 1119 1454 1172 τὸ
1483 1118 1742 1188 φαινόμε-

175 1231 278 1278 νον,
313 1213 454 1266 κατά
496 1212 554 1265 δὲ
609 1211 708 1283 τὴν
758 1211 1042 1283 συνήθειαν
1080 1212 1179 1280 τῆς
1221 1210 1464 1282 Γραφῆς,
1513 1209 1744 1264 ἕκαστον

174 1305 274 1357 τῶν
306 1305 612 1375 τμημάτων
637 1304 843 1358 τούτων
878 1304 1108 1376 οὐρανὸν
1145 1303 1506 1374 ὀνομάσαντα.
1541 1302 1604 1354 '0
1635 1300 1744 1372 γὰρ

172 1397 264 1465 τῆς
288 1397 511 1467 Γραφῆς
544 1395 722 1464 λόγος,
751 1400 808 1449 έν
838 1397 1174 1467 καταχρήσει
1202 1395 1310 1449 τινὶ
1338 1395 1617 1466 ῥημάτων,
1647 1393 1745 1446 ’ἐνα

176 1488 269 1558 μὲν
289 1489 516 1556 οὐρανὸν
554 1486 830 1557 ὀνομάζει,
858 1486 949 1539 τὸν
977 1488 1102 1557 ὅρον
1141 1485 1236 1538 τοῦ
1264 1485 1744 1556 παχυμερεστέρου

173 1581 347 1652 ἀέρος,
405 1580 599 1651 μέχρις
635 1575 695 1634 οὗ
730 1581 824 1632 καὶ
867 1579 1000 1650 νέφη
1042 1579 1134 1632 καὶ
1179 1578 1367 1648 ἄνεμοι
1412 1579 1506 1630 καὶ
1554 1578 1587 1647 ἡ
1637 1577 1745 1630 τῶν
1777 1562 1818 1615 Β

171 1669 444 1738 ὑψιπετῶν
481 1668 683 1739 ὀρνέων
717 1668 939 1739 φέρεται
978 1667 1158 1735 φύσις.
1188 1666 1298 1718 Καὶ
1325 1665 1432 1736 γὰρ
1462 1666 1556 1718 καὶ
1585 1663 1744 1732 νεφέ-

173 1760 265 1824 λας
297 1758 525 1830 οὐρανοῦ
567 1758 734 1826 λέγει,
785 1759 878 1812 καὶ
926 1757 1145 1811 πετεινά
1195 1755 1426 1826 ούρανοῦ
1449 1772 1464 1786 ο
1507 1755 1598 1808 καὶ
1649 1755 1748 1823 οὐχ

171 1851 354 1914 ἁπλῶς
407 1849 636 1922 οὐρανὸν
686 1850 836 1918 λέγει
885 1848 1092 1912 τοῦτον,
1147 1845 1282 1900 ἀλλά
1326 1847 1422 1899 καὶ
1472 1845 1609 1914 μετά
1653 1842 1747 1896 τοῦ

174 1943 570 2016 περεὼματος.
622 1942 783 2010 Λέγει
831 1940 962 2010 γὰρ,
999 1959 1018 1990 ι
1071 1937 1414 2007 Ἐξαγαγέτω
1459 1937 1529 1991 τὰ
1582 1937 1751 1989 ὕδατα

171 2039 377 2109 ἑρπετὰ
405 2035 590 2106 ψυχῶν
618 2032 829 2100 ζωσῶν,
857 2032 950 2085 καὶ
989 2031 1210 2084 πετεινά
1243 2029 1519 2099 πετόμενα
1540 2029 1630 2082 ἐπὶ
1649 2027 1750 2098 τῆς

169 2127 273 2196 γῆς
303 2125 442 2178 κατά
467 2123 529 2176 τὸ
575 2121 862 2192 στερέωμα
893 2119 989 2173 τοῦ
1021 2117 1270 2191 ούρανοῦ.
1313 2137 1331 2169 ι
1369 2113 1502 2170 Εἶτα
1533 2117 1595 2169 τὸ
1633 2115 1752 2168 ἓτε-

171 2235 285 2288 ρον,
312 2214 538 2283 οὐρανόν
562 2229 622 2266 τε
665 2213 757 2265 καὶ
798 2210 1084 2281 στερέωμα
1118 2207 1496 2279 κατονομάζει,
1526 2209 1588 2260 τὸ
1615 2207 1754 2278 μετά

171 2309 265 2376 τὴν
292 2303 509 2374 ἀπλανῆ
540 2303 775 2372 σφαῖραν
817 2301 947 2371 περὶ
983 2299 1046 2352 τὸ
1077 2299 1227 2363 ὲντδς
1257 2298 1654 2371 θεωρούμενον,
1694 2300 1753 2353 ὲν

168 2391 210 2466 ᾧ
240 2398 291 2450 οἱ
346 2394 615 2465 πλανῆται
659 2381 766 2446 τῶν
801 2391 1045 2462 ἀστέρων
1108 2389 1540 2461 διαπορεύονται.
1590 2388 1754 2458 Λέγει

169 2491 297 2561 γὰρ,
349 2489 434 2541 ὅτι
465 2506 482 2538 t
533 2484 820 2553 Ἐποίησεν
864 2485 893 2536 ὀ
939 2482 1070 2544 Θεὸς
1106 2481 1236 2543 τοὺς
1285 2483 1580 2552 φωστῆρας
1628 2481 1756 2543 τοὺς

171 2581 462 2654 μεγάλους,
507 2577 602 2630 καὶ
642 2575 794 2628 ἔθετο
829 2575 1026 2637 αὐτοὺς
1062 2575 1121 2626 ὲν
1164 2571 1243 2643 τῷ
1281 2573 1620 2644 στερεώματι
1657 2570 1754 2624 τοῦ

167 2671 423 2745 οὐρανοῦ,
453 2670 596 2725 ὥστε
643 2667 853 2737 φαίνειν
883 2666 976 2719 ἐπὶ
1002 2664 1103 2735 τῆς
1129 2664 1255 2734 γῆς.
1297 2683 1316 2714 ι
1341 2665 1513 2717 Παντὶ
1545 2663 1601 2716 δὲ
1625 2663 1759 2734 πρό-

168 2767 328 2837 δῆλον
341 2763 421 2835 τῷ
438 2759 686 2816 ὁπωσοῦν
703 2757 1098 2827 ὲπεσκεμμένῳ
1115 2756 1210 2825 τὴν
1226 2753 1320 2807 τοῦ
1337 2753 1538 2816 παντὸς
1552 2754 1759 2807 διακόσο

171 2859 498 2935 μησιν,ὅσον
517 2852 858 2919 ύπο6έ6ληκε
876 2849 1049 2902 ταῦτα
1066 2865 1134 2900 πε
1143 2851 1195 2919 ρὶ
1209 2849 1308 2919 τὴν
1319 2847 1430 2902 ἀνω
1451 2847 1640 2918 φορὰν,
1663 2847 1757 2900 καὶ

167 2949 303 3003 αὐτὸ
321 2948 378 3001 δὲ
397 2946 461 2999 τὸ
474 2945 770 3015 ἀκρότατον
789 2940 882 2993 τοῦ
913 2936 1174 3009 αίσθητοῦ
1197 2939 1426 3008 κόσμου,
1455 2937 1483 2989 ὀ
1505 2937 1756 3008 μεθόριον

167 3042 269 3113 τῆς
285 3038 488 3110 νοητῆς
503 3036 730 3097 κτίσεως
739 3073 754 3099 ,
771 3049 858 3086 στε
867 3030 974 3102 ρέω
980 3031 1055 3101 μά
1069 3047 1128 3083 τε
1141 3031 1234 3084 καὶ
1245 3030 1470 3101 οὐρανὸν
1482 3029 1570 3082 ὀνο
1575 3028 1710 3099 μάζε
1719 3047 1754 3082 ι.

252 3131 313 3183 ’0
361 3122 458 3181 οὖν
505 3121 848 3193 ἐπιθυμητὴς
877 3118 986 3172 τῶν
1033 3119 1172 3189 ὑπὲρ
1200 3117 1379 3185 λόγον,
1414 3116 1510 3169 καὶ
1541 3115 1759 3169 σκοπῶν

169 3221 360 3284 καθὼς
425 3217 522 3272 καὶ
572 3216 704 3285 ἡμῖν
767 3209 1111 3280 ὲγκελεύεται
1174 3209 1342 3280 μηδὲν
1404 3205 1514 3259 τῶν
1568 3207 1762 3277 βλεπο-

174 3316 392 3384 μένων·
445 3309 527 3361 ὅτι
579 3305 647 3358 τὰ
701 3304 798 3374 μὲν
840 3301 1147 3373 βλεπόμενα
1191 3299 1533 3371 πρόσκαιρα,
1585 3297 1654 3352 τὰ
1705 3297 1762 3350 δὲ

175 3405 252 3479 μὴ
318 3401 630 3474 βλεπόμενα
687 3394 918 3448 αἰώνια⁶
985 3394 1118 3446 ὅπου
1181 3393 1342 3444 αὐτὸν
1399 3391 1433 3461 ἡ
1493 3387 1762 3460 ἐπιθυμία

171 3498 406 3568 ἐπῆρεν,
455 3493 573 3545 ἐκεῖ
624 3489 841 3557 ἐγένετο
891 3485 1125 3554 ὑψωθεὶς
1174 3487 1240 3556 τῇ
1297 3483 1546 3554 δυνάμει,
1594 3480 1764 3534 Τοῦτο

173 3583 519 3656 ἐπιθυμητὸν
571 3579 718 3649 αὐτῷ
767 3575 1200 3648 προδεικνύντος,
1241 3575 1336 3628 καὶ
1385 3574 1507 3627 ἀντὶ¹
1569 3574 1763 3638 εἰπεῖν,

173 3673 308 3732 Οἶδα
333 3675 622 3745 ἄνθρωπον
650 3672 831 3724 πᾶσαν
858 3668 957 3738 τὴν
987 3665 1251 3738 αἰσθητὴν
1278 3664 1538 3719 διαόάντα
1568 3663 1765 3727 κτίσιν,

172 3772 272 3825 καὶ
313 3771 375 3821 ὲν
416 3769 529 3828 τοῖς
561 3763 774 3825 ἀδύτοις
812 3761 910 3830 τῆς
955 3759 1154 3831 νοητῆς
1199 3757 1489 3828 γενόμενον
1522 3754 1763 3825 φύσεωςο

173 3859 375 3930 ἐπειδὴ
403 3860 469 3910 ὲκ
499 3855 690 3917 παιδὸς
713 3853 783 3906 τὰ
823 3850 945 3922 ίερά
968 3850 1268 3920 γράμματα
1305 3844 1464 3913 οἶδεν,
1489 3849 1610 3910 ταῖς
1633 3861 1770 3917 γρα-

173 3955 373 4022 φικαῖς
407 3949 611 4019 φωναῖς
650 3943 998 4015 διασημαίνει
1046 3941 1109 3995 τὸ
1148 3941 1340 4010 ὄνομα,
1380 3938 1561 4009 τρίτον
1604 3936 1769 4006 ούρα-⁹

173 4052 267 4098 νὸν
323 4027 612 4109 ὀνομάσας
656 4037 754 4106 τὴν
803 4034 912 4088 τῶν
948 4032 1120 4106 τριῶν
1172 4032 1376 4084 τούτων
1427 4027 1539 4081 τῶν
1589 4028 1647 4079 ὲν
1692 4024 1771 4096 τῷ

176 4135 351 4189 παντὶ
403 4129 795 4202 θεωρουμένων
844 4127 1149 4197 τμημάτων
1199 4121 1428 4186 διέξοδον
1447 4135 1470 4161 ·-
1513 4117 1771 4170 κατέλιπε

172 4229 288 4296 γὰρ
324 4223 419 4276 τὸν
464 4221 638 4292 ἀέραο
672 4217 989 4289 παρέδραμε
1044 4215 1136 4268 καὶ
1170 4213 1270 4283 τὴν
1316 4211 1404 4264 διὰ
1451 4210 1616 4280 μέσου
1664 4206 1773 4259 τῶν

1838 498 1949 554 tur,
2010 505 2133 544 cum
2195 491 2570 559 speetaculum
2623 492 2756 546 illud
2813 493 3036 548 minime
3089 507 3412 560 corporeum

1841 580 2024 645 fuerit,
2053 589 2113 634 ut
2145 581 2374 650 ipsemet
2395 581 2684 652 signiﬁcat,
2715 601 2733 634 ‹
2766 584 2881 640 sive
2908 583 2964 638 in
2993 599 3242 653 corpore,
3274 602 3292 634 ι
3330 583 3415 636 itt-

1839 673 2052 742 quiens,
2095 691 2112 723 ι
2149 671 2336 727 nescio
2377 691 2390 726 :
2429 674 2543 728 sive
2587 682 2741 728 extra
2783 689 3004 744 corpus,
3029 673 3243 728 nescio:
3269 672 3415 726 Deus

1841 762 1945 816 scit
1992 769 2207 830 raptum
2233 763 2500 830 ejusmodi
2550 764 2827 820 hominem
2877 781 3050 834 usque
3089 766 3155 819 ad
3190 765 3413 819 tertium

1840 853 2060 906 caelum.
2102 871 2121 902 ι
2181 850 2464 907 Summum
2522 854 2687 924 igitur
2735 855 2866 909 illud
2921 856 3136 910 culmen
3185 854 3416 923 hujusce

1842 943 2052 1008 mundi,
2085 959 2244 1012 quem
2271 943 2530 1008 dicimus,
2551 945 2788 998 arbitror
2808 961 2837 1000 a
2859 944 3029 1000 Paulo
3056 946 3273 1000 tertium
3299 959 3415 999 ca:-

1842 1035 1953 1088 lnm
1988 1034 2248 1104 appellari
2283 1053 2295 1088 :
2336 1034 2625 1105 tripliciter
2656 1036 2802 1090 enim
2831 1035 3027 1090 dividit
3066 1051 3228 1090 omne
3271 1034 3417 1104 quod

1843 1123 2108 1188 cernitur,
2158 1132 2211 1178 et
2235 1139 2301 1178 ex
2365 1123 2663 1194 Scriptum
2711 1125 3109 1182 consuetudine
3173 1125 3420 1195 singulas

1843 1223 2027 1284 partes
2073 1216 2274 1268 omium
2309 1222 2488 1270 vocat.
2521 1217 2767 1271 Abutens
2793 1216 2936 1290 enim
2968 1214 3203 1286 quodam
3257 1215 3420 1270 modo

1844 1305 2241 1377 signiﬁcatione
2301 1307 2611 1371 verborum,
2675 1309 2909 1376 spatium
2949 1307 3082 1361 illud
3131 1307 3420 1361 crassioris

1845 1399 1987 1453 aeris
2039 1414 2146 1468 quo
2173 1406 2226 1452 et
2278 1398 2470 1465 nubes,
2503 1407 2556 1454 et
2588 1399 2754 1462 venti,
2801 1407 2855 1454 et
2884 1399 3083 1454 excelsi
3142 1399 3422 1452 volucrum

1847 1491 2058 1543 volatus
2082 1490 2426 1559 perveniunt,
2466 1492 2664 1544 cmlum
2696 1506 2865 1544 unum
2901 1491 3165 1551 nominat,
3207 1504 3330 1543 cum
3371 1497 3426 1541 et

1846 1582 1982 1636 caeli‘
2004 1581 2180 1636 nubes
2233 1580 2367 1634 dicit
2403 1589 2457 1636 et
2490 1582 2738 1637 volucres
2767 1582 2913 1636 cmli.
2949 1581 3060 1636 Nec
3108 1579 3427 1650 simpliciter

1847 1671 2046 1725 coelum
2124 1671 2231 1725 hoc
2307 1684 2500 1736 vocat,
2577 1672 2670 1727 sed
2758 1671 3005 1743 adjungit
3070 1673 3231 1727 etiam
3306 1671 3426 1726 illas

1847 1777 2030 1828 voces,
2066 1760 2169 1817 sub
2206 1761 2568 1816 ﬁrmamento.
2596 1760 2737 1816 Dicit
2792 1764 2938 1816 enim
2979 1782 2992 1816 :
3042 1782 3060 1814 ι
3118 1761 3428 1816 Producant

1849 1869 2002 1922 aqua:
2025 1854 2238 1922 reptilta
2275 1853 2580 1906 animarum
2611 1853 2908 1908 viventium
2955 1861 3013 1908 et
3063 1854 3302 1908 volatilia
3331 1869 3429 1908 vo-

1849 1946 2018 1999 lantia
2074 1960 2240 2015 super
2280 1952 2518 2007 terram,
2561 1945 2664 1999 sub
2724 1947 3067 1999 ﬁrmamento
3131 1945 3256 1998 σωΙί
3292 1944 3359 1997 ³⁸.
3404 1963 3423 1995 ι

1792 2103 1806 2115 ‘
1851 2035 2056 2090 Deinde
2107 2036 2336 2088 alterum
2383 2035 2583 2087 cmlum
2631 2041 2686 2088 et
2742 2033 3144 2088 ﬁrmamentum
3196 2033 3432 2102 appellat

1852 2126 2086 2197 spatium
2140 2124 2296 2190 illud,
2361 2123 2504 2194 quod
2564 2124 2828 2178 inerranti
2881 2124 3110 2194 sphaera:
3155 2123 3428 2178 inclusum

1852 2220 2265 2281 consideratur,
2317 2217 2370 2270 in
2405 2232 2514 2286 quo
2567 2216 2760 2277 stellae,
2794 2230 2931 2285 quas
2963 2225 3210 2269 errantes
3263 2215 3435 2268 norni-

1854 2318 2008 2370 nant,
2041 2315 2424 2378 pervagantur.
2457 2305 2549 2360 Sic
2577 2306 2691 2360 ait:
2728 2324 2746 2356 ‹
2779 2304 2929 2359 Fecit
2966 2304 3110 2358 Deus
3142 2305 3448 2357 luminaria

1853 2415 2071 2469 magna,
2105 2405 2158 2453 et
2188 2397 2368 2468 posuit
2407 2412 2470 2451 ea
2515 2397 2569 2451 in
2617 2397 2959 2450 ﬁrmamento
2998 2396 3146 2455 coeli.
3180 2403 3238 2448 ut
3285 2395 3434 2448 luce-
3485 2377 3491 2387 ’

1856 2498 1976 2545 rent
2003 2503 2167 2558 super
2203 2497 2404 2542 terram
2429 2487 2494 2539 ³⁷.
2529 2504 2547 2538 ι
2581 2485 2767 2541 Cuivis
2805 2485 3124 2540 distinctum
3166 2485 3317 2538 orbis
3348 2500 3434 2537 or-

1855 2586 2044 2633 natum
2071 2585 2348 2647 utcunque
2387 2575 2759 2630 consideranti
2793 2574 3140 2644 perspicuum
3188 2581 3295 2637 est,
3323 2573 3437 2626 haec

1857 2667 2000 2722 infra
2044 2680 2357 2736 supremum
2402 2665 2534 2718 illud
2582 2664 2858 2734 fastigium
2908 2663 3222 2732 contigisse,
3289 2660 3436 2730 quod

1859 2761 2042 2818 omnia
2066 2759 2325 2814 sensibus
2363 2757 2596 2811 obnoxia
2620 2756 3012 2825 complectens,
3041 2769 3213 2824 eaque
3254 2741 3439 2822 sejun-

1860 2867 1994 2922 gens
2021 2864 2051 2903 a
2080 2848 2245 2904 rebus
2274 2846 2382 2900 illis
2427 2844 2751 2915 procreatis,
2793 2859 2914 2912 qua:
2947 2851 3128 2898 mente
3157 2843 3356 2908 solum,
3385 2851 3440 2895 et

1863 2942 2219 3015 intelligentia
2283 2937 2838 3009 comprehenduntur,
2899 2935 3328 3000 ﬁrmamentum,
3386 2943 3442 2990 et

1861 3037 2060 3092 coelum
2091 3031 2344 3104 appellat.

1930 3125 2006 3179 Ea
2035 3126 2220 3196 igitur,
2252 3138 2374 3193 quae
2402 3121 2584 3176 verbis
2613 3120 2877 3191 explicari
2909 3134 3016 3174 non
3051 3123 3307 3189 possunt,
3340 3131 3439 3170 cn-

1860 3222 2017 3292 picns
2052 3218 2371 3288 Apostolus.
2411 3223 2467 3271 et
2507 3213 2965 3285 quemadmodum
3005 3226 3108 3265 nos
3157 3212 3282 3263 item
3313 3208 3443 3262 lior-

1861 3317 2029 3373 tatur,
2066 3307 2199 3360 nihil
2232 3313 2691 3374 eorumspectans
2723 3317 2843 3373 quae
2859 3302 3008 3357 cerni
3047 3310 3277 3370 queunt,
3314 3313 3438 3351 cum

1862 3415 1926 3454 ea
1964 3414 2086 3468 qua:
2110 3397 2387 3464 videntur,
2421 3395 2749 3465 temporaria
2792 3394 2927 3456 sint,
2969 3405 3089 3462 quae
3124 3398 3304 3444 autem
3332 3403 3442 3443 non

1864 3489 2140 3552 videntur,
2183 3495 2385 3542 acterna
2436 3487 2523 3552 '3;
2563 3486 2746 3539 divina
2795 3484 2996 3536 virtute
3027 3481 3281 3536 sublatus
3325 3493 3448 3548 per-

1864 3581 2013 3636 venit
2037 3595 2102 3635 eo
2135 3595 2244 3648 quo
2273 3577 2544 3632 desiderio
2588 3574 2863 3628 ferebatur
2889 3611 2906 3635 ,
2965 3584 3201 3638 cumque
3259 3581 3448 3623 sacras

1867 3669 2101 3725 Litteras
2131 3686 2158 3722 a
2180 3665 2748 3738 pueritia‘didicisset,
2791 3661 2970 3716 verbis
2999 3659 3298 3729 Scriptura:
3332 3658 3448 3712 usi-

1867 3759 1996 3814 tatis
2021 3772 2132 3812 rem
2164 3757 2338 3826 ipsam
2359 3753 2652 3823 expressit,
2681 3751 2903 3806 tertium
2934 3750 3134 3804 coelum
3169 3748 3451 3818 appellans

1869 3833 2063 3904 barum
2095 3849 2260 3916 trium
2302 3847 2631 3910 sectionum,
2681 3857 2804 3914 quae
2853 3842 2908 3896 in
2942 3841 3143 3894 mundo
3175 3839 3450 3900 videntur,

1869 3948 2190 3996 extremam.
2231 3936 2445 3992 Relicto
2492 3938 2635 3990 enim
2677 3949 2823 4000 aere,
2857 3939 3224 4002 superatoque
3275 3927 3455 3984 medio

1871 4033 1967 4088 illo
2004 4031 2202 4102 spatio,
2234 4031 2289 4084 in
2334 4045 2444 4100 quo
2489 4027 2790 4086 errantium
2832 4027 3114 4082 stellarum
3158 4025 3321 4078 orbes
3346 4037 3456 4077 ver-

1873 4131 2104 4186 santur,
2164 4136 2438 4178 summum
2517 4119 2867 4175 aetlteriorum
2939 4117 3127 4170 ﬁnium
3193 4115 3454 4167 ambitum

1873 4213 2234 4278 transcendit,
2275 4222 2330 4268 et
2380 4212 2448 4266 ad
2480 4212 2688 4266 ﬁrmam
2743 4195 2911 4272 illam,
2965 4222 3086 4277 qua:
3119 4206 3234 4260 sola
3281 4217 3460 4258 mente
3531 4216 3536 4220 ‘

172 4290 436 4384 ἀστέρων
464 4290 828 4378 κυκλοφορίαν
849 4326 861 4337 ·
889 4304 1124 4375 ἐπέρασε
1146 4303 1204 4356 δὲ
1224 4301 1320 4355 καὶ
1344 4299 1441 4372 τὴν
1465 4299 1640 4370 ἄκραν
1663 4297 1742 4348 τῶ

1930 4299 2214 4367 :rcipitur,
2285 4307 2536 4352 naturam
2598 4298 2956 4366 perveniens,
3023 4293 3262 4363 paradisi
3323 4290 3460 4346 vidit

173 4405 448 4476 αἰθερίων
481 4402 623 4471 ὅρων
675 4396 986 4469 περιϐολὴν,
1030 4393 1122 4447 καὶ
1165 4393 1224 4446 ὲν
1262 4394 1327 4462 τῇ
1386 4389 1634 4459 στασίμῳ
1677 4403 1742 4438 κα

1932 4391 2358 4454 tlcltritudinem,
2392 4397 2447 4444 et
2487 4389 2695 4443 audivit
2722 4402 2784 4441 ea
2807 4402 2928 4457 quae
2975 4386 3213 4440 humana
3263 4391 3458 4436 natura

174 4501 353 4568 νοητῇ
379 4494 544 4565 φύσει
573 4492 883 4562 γενόμενος.
901 4485 1006 4541 οίδε
1027 4486 1097 4540 τὰ
1118 4484 1214 4538 τοῦ
1237 4481 1561 4554 παραδείσου
1581 4479 1742 4548 κάλλη

1930 4495 1988 4535 )η
2031 4480 2292 4549 loquitur.
2338 4479 2462 4534 Haec
2490 4480 2607 4542 tibi,
2647 4479 2730 4532 vir
2766 4477 2882 4544 Dei,
2911 4477 2977 4531 ad
3014 4476 3318 4546 propositas
3357 4488 3458 4527 non

303 4563 546 4657 ἤκουσεν
573 4583 611 4637 ἃ
636 4579 950 4654 ἀνθρωπίνη
981 4579 1140 4647 φύσις
1166 4577 1227 4630 οὐ
1253 4575 1568 4644 φθέγγεται.
1593 4571 1739 4624 Ταῦτ

1930 4574 1967 4626 is
1989 4586 2020 4624 a
2051 4571 2338 4641 prudentia
2363 4581 2454 4625 tua
2485 4572 2816 4641 qumstiones
2848 4567 3256 4638 respondimus,
3288 4563 3461 4616 nullis

181 4701 291 4749 σοι,
422 4678 680 4748 ἄνθρωπε
722 4673 817 4728 τοῦ
850 4671 1010 4737 Θεοῦ,
1050 4671 1179 4742 περὶ
1221 4668 1329 4723 τῶν
1359 4665 1742 4739 προδληθέντω

1930 4662 2147 4716 rationis
2175 4662 2463 4732 pigmentis
2483 4661 2714 4718 morales
2737 4659 3023 4730 allegorias
3039 4655 3456 4724 eonquirentes:

181 4744 323 4846 ἡμίν
370 4744 542 4842 παρά
570 4768 672 4838 τῆς
714 4762 984 4827 συνέσεώς
1021 4780 1113 4816 σου
1161 4757 1595 4831 ἀπεκρινάμεθα,
1646 4756 1742 4827 μήτ

1930 4771 1990 4811 ec
2039 4755 2434 4824 inexploratum
2496 4760 2887 4823 praetereuntes
2930 4748 3228 4819 quidquam
3260 4758 3461 4798 eorum

279 4865 390 4936 τῆς
442 4858 725 4932 γραφικῆς
758 4855 959 4921 λέξεως
1005 4854 1086 4916 είς
1129 4847 1394 4922 τροπικὴν
1458 4843 1786 4916 ἀλληγορίαν

188 4955 692 5027 μεταποιήσαντες,
755 4948 894 5019 μήτε
949 4942 1264 5014 παριδόντες
1311 4957 1365 4992 τι
1418 4937 1527 4990 τῶν
1579 4938 1788 4989 ἀντιτε-

186 5025 403 5101 θέντων
457 5046 592 5116 ἡμῖν
655 5039 1042 5106 ἀνεξέταστον·
1113 5033 1229 5088 ἀλλ’
1290 5033 1366 5094 ὠς
1425 5025 1494 5101 ἦν
1551 5027 1788 5108 ⁴δυνατὸν

187 5137 472 5208 μενούσης
528 5136 628 5206 τῆς
683 5131 885 5196 λέξεως
951 5125 1044 5180 ἐπὶ
1106 5126 1206 5195 τῆς
1273 5123 1412 5185 ἰδίας
1473 5121 1789 5191 ἐμφάσεως,

181 5231 269 5301 τῷ
301 5230 408 5300 τῆς
446 5228 663 5298 φύσεως
707 5221 888 5293 είρμῷ
927 5218 1018 5272 διά
1046 5217 1146 5287 τῆς
1192 5215 1426 5286 θεωρίας
1455 5212 1564 5266 τῶν
1592 5213 1788 5282 ὀνομά-

181 5339 301 5377 των
340 5320 798 5393 ἠκολουθήσαμέν
821 5357 837 5382 ,
887 5313 957 5366 δι’
1007 5304 1082 5365 ὧν
1129 5310 1189 5364 τὸ
1244 5307 1408 5379 μηδὲν
1456 5304 1788 5368 ὑπεναντίως

268 5500 314 5532 ³⁸
345 5499 485 5554 Gcn.
525 5514 562 5562 t,
594 5495 691 5550 20.
771 5492 814 5523 ³⁷
853 5487 997 5544 ibid.-
1026 5485 1104 5539 16.
1183 5484 1226 5515 ³³
1255 5483 1296 5537 ll
1329 5482 1452 5536 Cor.
1479 5496 1551 5547 tv,
1593 5480 1675 5535 18.

1885 4861 2006 4915 quae
2063 4844 2222 4900 nobis
2257 4843 2693 4914 Opponebantur,
2731 4841 2828 4897 sed
2889 4839 3108 4910 pmpria
3169 4833 3461 4888 verborum

1886 4939 2286 5011 signiﬁcatione
2311 4945 2548 5000 servata,
2582 4943 2792 4989 natura:
2845 4931 3090 4986 ordinem
3137 4921 3464 4994 disputando

1889 5028 2168 5099 persecuti
2186 5040 2398 5088 sumus,
2421 5031 2476 5080 et
2498 5023 2632 5077 nihil
2656 5035 2870 5084 eorum,
2895 5030 3014 5087 qua:
3041 5013 3217 5084 primo
3240 5016 3464 5080 aspectu

1889 5119 2164 5174 contraria
2229 5115 2574 5178 videbantur,
2615 5112 2684 5166 ab
2708 5111 2832 5164 aliis
2864 5108 3177 5175 discrepare
3202 5117 3300 5173 pro
3336 5101 3466 5155 viri-

1893 5210 1997 5264 bus
2033 5204 2547 5262 demonstravimus.
2585 5199 2643 5254 ln
2678 5196 2904 5266 reliquis
2937 5203 3117 5250 autem
3169 5191 3236 5246 ad
3273 5187 3466 5246 mundi

1897 5300 2326 5374 procreationem
2401 5292 2833 5367 pertinentibus,
2903 5303 3022 5360 quae
3093 5302 3189 5342 sex
3254 5282 3466 5338 dierum
