3768 6000
375 109 480 166 125

1591 107 1648 161 S.
1692 104 2018 160 GREGORII
2048 101 2342 159 NYSSENI
2396 56 2399 58 ί

3532 87 3644 144 124

367 224 546 294 spatio
602 223 744 278 facta
781 232 930 288 sunt,
966 223 1248 278 immorari
1285 237 1747 294 supervacaneum
1784 224 1852 278 du

2141 237 2188 272 ιν
2221 218 2329 277 τῶν
2356 215 2653 272 δοκούντων
2687 209 2828 272 κατὰ
2865 209 2962 280 τὴν
3000 206 3450 279 ἐπιπολαιοτέραν
3496 204 3627 262 ἀνά-

365 329 513 379 mus,
549 330 672 368 cum
707 316 956 369 sublimis
990 316 1079 369 illa
1128 316 1477 386 praeceptoris
1507 330 1612 369 vox
1645 315 1782 368 nihil
1807 330 1853 368 οι

2141 326 2268 374 οσιν,
2296 308 2332 363 ἃ
2385 307 2696 380 συμφωνεῖν
2728 299 2998 373 ἀλλήλοις,
3044 295 3223 390 καθὼς
3271 291 3341 368 ἦν
3383 294 3629 390 δυνατὸν,

367 406 502 459 serit
533 406 677 474 quod
698 404 764 458 ad
794 420 913 459 eam
942 404 1360 475 disputationem
1385 405 1704 476 pertineret,
1722 413 1948 474 excepto

368 494 607 548 hominis
630 493 867 566 opilicio,
897 493 1041 562 quod
1081 495 1304 564 proprio
1330 493 1490 557 libro,
1517 509 1678 564 quem
1711 494 1826 563 tibi,
1863 494 1948 546 vir

369 584 592 654 Optime,
633 593 758 639 ante
792 585 941 638 hunc
970 585 1240 650 misimus,
1296 599 1397 639 nos
1427 585 1838 654 explicavimus.
1871 583 1949 645 Te

369 684 574 742 autem,
600 684 654 731 et
682 690 873 730 omnes
912 675 978 729 ad
1013 689 1243 744 quorum
1278 689 1476 731 manus
1509 675 1565 729 hi
1601 675 1726 730 libri
1754 691 1946 747 perve-

363 767 573 832 nerint,
600 774 825 838 rogatos
876 767 1152 831 volumus,
1195 773 1255 821 ut
1288 766 1344 821 in
1376 775 1574 826 neutro
1609 767 1829 821 illorum
1863 782 1949 822 me

334 885 336 888 ν
369 859 554 913 studio
587 861 940 929 praeceptoris
970 861 1173 930 putetis
1209 859 1488 915 adversari
1521 878 1534 914 :
1563 859 1658 914 sed
1688 860 1744 913 in
1765 859 1949 930 priore

367 949 586 1019 quidem
622 950 870 1005 relictum
920 957 1300 1020 argumentum
1331 951 1740 1020 suscipientem,
1795 951 1948 1005 addi-

367 1040 515 1094 disse
549 1039 974 1109 disputationem
1014 1040 1082 1095 de
1111 1041 1354 1105 homine,
1387 1041 1456 1096 iis
1500 1056 1622 1112 quae
1649 1041 1704 1095 in
1736 1041 1947 1098 Hexae-

367 1144 556 1184 meron
610 1131 678 1184 ab
733 1145 799 1185 eo
850 1129 1068 1186 fuerant
1117 1131 1438 1190 elaborata:
1479 1132 1535 1184 in
1588 1132 1692 1186 hoc
1735 1138 1945 1196 autem,

366 1228 589 1290 propter
637 1236 732 1277 eos
767 1222 860 1291 qui
890 1223 943 1276 in
975 1221 1272 1292 Scriptura:
1299 1222 1670 1278 monumentis
1701 1221 1949 1278 ordinem

368 1313 676 1388 requirunt,
705 1314 773 1368 ad
805 1314 920 1369 hac
951 1313 1242 1370 scribenda
1268 1316 1348 1370 sic
1376 1316 1620 1369 animum
1647 1314 1946 1384 appulisse,

365 1409 425 1456 ut
445 1404 735 1458 verborum
761 1405 843 1459 vis
876 1406 929 1459 in
960 1404 1030 1460 iis
1057 1420 1177 1474 qua:
1209 1406 1412 1475 scripta
1435 1413 1585 1471 sunt,
1617 1413 1946 1470 servaretur,

365 1503 420 1546 et
442 1494 708 1549 naturalis
741 1495 1128 1550 commentatio
1172 1510 1203 1549 a
1235 1496 1416 1551 verbis
1467 1512 1580 1550 non
1609 1495 1944 1551 dissentiret.

368 1581 428 1637 Si
460 1584 590 1654 quid
619 1593 800 1640 autem
829 1587 1094 1641 omissum
1118 1586 1302 1652 fuerit,
1339 1603 1407 1642 ne
1433 1602 1596 1659 grave
1625 1586 1716 1649 sit,
1738 1587 1820 1641 vel
1848 1586 1944 1642 tibi

365 1689 468 1744 pro
515 1675 783 1745 sapientia
837 1684 952 1745 tua,
983 1678 1067 1734 vel
1097 1678 1412 1748 quicunque
1459 1679 1573 1734 haec
1621 1679 1833 1750 legerit,
1880 1696 1946 1736 ea

364 1764 625 1835 perﬁcere
656 1780 779 1836 quae
801 1767 992 1823 deesse
1021 1768 1307 1838 judicabit.
1344 1770 1533 1841 Neque
1572 1771 1715 1826 enim
1751 1772 1842 1824 illa
1866 1772 1948 1824 vi-

363 1855 485 1910 duae
528 1855 761 1912 duorum
795 1857 1086 1914 obolorum
1140 1860 1344 1914 oblatio
1405 1860 1666 1917 divitibus
1713 1862 1942 1925 obstitit,

363 1959 475 2015 quo
507 1947 691 2004 minus
725 1949 904 2018 ampla
940 1950 1043 2021 ipsi
1094 1967 1194 2007 sua
1230 1968 1456 2008 munera
1491 1953 1750 2010 offerrent
1792 1973 1804 2009 :
1845 1971 1946 2011 nec

1979 1556 2020 1612 B

361 2037 459 2107 qui
507 2039 673 2106 pelles
699 2048 754 2096 et
785 2041 949 2112 ligna,
981 2053 1035 2097 et
1063 2043 1206 2113 pilos
1255 2042 1388 2100 Mosi
1420 2044 1486 2098 ad
1528 2045 1944 2102 tabernaculum
1986 2116 1992 2121 _

362 2128 810 2185 exwdiﬁcandum
864 2132 1200 2198 obtulerunt,
1233 2149 1449 2199 aurum,
1479 2144 1532 2190 et
1564 2144 1871 2206 argentum,
1890 2145 1945 2191 et

363 2215 568 2286 lapides
589 2220 861 2288 pretiosos
887 2221 1241 2279 oll'erentibus
1276 2223 1499 2280 fuerunt
1530 2225 1941 2296 impedimento.

359 2307 656 2366 Nobiscum
705 2313 871 2384 igitur
909 2316 1348 2372 existimabimus
1397 2317 1537 2374 bene
1575 2327 1755 2374 actum
1796 2336 1941 2386 esse,

362 2398 410 2453 si
440 2407 628 2454 nostra
683 2400 800 2457 haec
851 2404 1178 2460 munuscula
1215 2406 1271 2459 in
1319 2407 1556 2475 pilorum
1585 2423 1816 2465 numero
1847 2410 1944 2464 ha-

359 2486 612 2556 beantur,
670 2491 834 2544 modo
871 2508 966 2561 per
993 2501 1233 2548 vestram
1287 2509 1420 2549 auro
1459 2504 1942 2569 contextampur-

360 2589 554 2644 puram
588 2578 826 2631 orationi
865 2578 1181 2648 imponatur
1230 2581 1800 2652 superindumentum,
1851 2587 1942 2642 cui

359 2679 562 2720 nomen
588 2677 691 2731 est,
723 2666 1028 2736 Rationale,
1059 2679 1113 2726 et
1135 2671 1462 2742 Declaratio,
1493 2684 1547 2731 et
1569 2675 1805 2745 Veritas,
1837 2681 1944 2736 sic-

2046 387 2408 476 άπεδείξαμεν
2438 416 2450 429 ⁶
2487 401 2601 461 τοῖς
2637 395 2696 450 δὲ
2751 394 2962 456 λοιποῖς
3013 387 3289 454 ἐπεξιέναι
3341 387 3450 443 τῶν
3491 388 3634 441 κατά

2048 495 2146 566 τὴν
2216 492 2523 566 ἐξαὴμερον
2569 487 2932 558 κοσμογονίαν
2965 481 3370 553 πεποιημένων,
3392 480 3635 552 μάταιον

2048 584 2399 661 ἐνομίσαμεν.
2423 582 2525 652 τῆς
2554 580 2768 652 ὑψηλῆς
2794 577 2889 636 τοῦ
2917 573 3238 630 διδασκάλου
3279 571 3465 640 φωνῆς
3529 588 3636 640 μη-

2045 677 2136 736 ,δέν
2171 675 2280 736 τῶν
2333 673 2680 746 ζητουμένων
2719 672 2803 734 είς
2846 667 3085 736 θεωρίαν
3138 661 3588 736 παραλειπούσης
3615 675 3634 691 ο

2051 767 2191 837 πλὴν
2223 766 2324 836 τῆς
2372 763 2468 818 τοῦ
2514 762 2806 834 ἀνθρώπου
2859 759 3232 826 κατασκευῆς,
3265 755 3334 825 ἢν
3378 755 3546 825 ⁴ἡμεῖς
3576 754 3637 804 ἐν

2054 853 2304 920 ἰδιάζοντι
2335 851 2524 923 βιϐλίῳ
2556 850 2662 921 πρὸ
2679 848 2886 908 τούτων
2920 846 3275 916 πονήσαντες,
3308 839 3638 896 ἀπεστείλα-

2053 945 2154 1016 μέν
2190 961 2282 996 σου
2311 945 2376 1018 τῇ
2403 940 2723 1011 τελειότητι,
2745 937 2904 997 τοῦτο
2930 936 3026 993 καὶ
3069 936 3128 988 ὲν
3155 932 3346 1004 ἐκείνῳ
3371 930 3452 1002 τῷ
3484 931 3639 999 λόγῳ
3703 1008 3710 1014 .

2052 1036 2145 1094 καὶ
2178 1036 2236 1088 ἐν
2260 1033 2338 1104 τῷ
2365 1032 2612 1104 παρόντι,
2651 1031 2710 1088 σέ
2744 1048 2806 1084 τε
2838 1028 2934 1082 καὶ
2966 1027 3175 1088 πάντας
3216 1025 3343 1087 τοὺς
3367 1023 3638 1092 ἐντυγχά-

2050 1148 2238 1194 νοντας
2267 1129 2692 1206 παραιτούμενοι
2710 1165 2727 1191 ,
2756 1126 2816 1180 τὸ
2861 1125 2936 1196 μὴ
2968 1121 3178 1177 οἴεσθαι
3206 1121 3355 1194 ἡμᾶς
3387 1116 3639 1184 άντεγεί-

2051 1239 2167 1296 ρειιν
2190 1222 2415 1286 ἑαυτοὺς
2437 1224 2558 1284 ταῖς
2578 1219 2673 1274 τοῦ
2705 1214 3026 1274 διδασκάλου
3063 1211 3321 1272 σπουδαῖς
3335 1227 3348 1239 ·
3367 1209 3486 1262 ἀλλ’
3517 1210 3639 1261 ἐκεῖ

2053 1313 2154 1382 μὲν
2184 1310 2632 1383 ἀναπληροῦντας
2667 1307 2742 1374 ὡς
2785 1301 2853 1378 ἦν
2900 1301 3124 1358 δυνατὸν
3173 1298 3242 1353 τὰ
3269 1297 3637 1366 ἐλλείμματα,

2052 1403 2368 1474 προσθεῖναι
2395 1402 2494 1472 τὴν
2536 1401 2616 1463 είς
2654 1397 2746 1452 τὸν
2775 1395 3060 1466 ἄνθρωπον
3086 1389 3319 1460 θεωρίαν
3347 1389 3460 1451 τοῖς
3493 1385 3641 1440 κατὰ

2051 1493 2150 1563 τὴν
2190 1493 2522 1564 Ἐξαήμερον
2568 1487 2880 1560 πονηθεῖσιν
2929 1482 3077 1554 αὐτῷ
3103 1499 3117 1512 ·
3159 1478 3393 1535 ἐνταῦθα
3443 1477 3504 1530 δὲ
3551 1476 3643 1529 διὰ

2047 1585 2174 1648 τοὺς
2202 1581 2591 1653 ἐπιζητοῦντας
2623 1581 2681 1633 ἐν
2705 1579 2819 1639 τοῖς
2845 1574 3134 1646 γραφικοῖς
3157 1572 3389 1643 νοήμασι
3423 1567 3485 1621 τὸ
3516 1568 3645 1623 ἀκό-

2045 1677 2254 1739 λουθον,
2290 1675 2460 1728 ταῦτα
2485 1670 2694 1743 γράψαι
2723 1665 3162 1741 προθυμηθῆναι,
3186 1662 3261 1726 ὡς
3280 1659 3416 1732 ὁμοῦ
3445 1676 3510 1712 τε
3538 1659 3643 1728 τὴν

2045 1767 2190 1831 λέξιν
2239 1767 2337 1823 ἐπὶ
2371 1764 2480 1818 τῶν
2519 1759 2924 1832 γεγραμμένων
2971 1752 3358 1824 φυλάττεσθαι,
3395 1750 3493 1804 καὶ
3541 1749 3644 1818 τὴν

2047 1859 2285 1932 φυσικὴν
2317 1855 2548 1927 θεωρίαν
2591 1850 2973 1920 συναγορεύειν
3010 1847 3088 1920 τῷ
3121 1845 3430 1916 γράμματι.
3468 1843 3540 1894 Ei
3582 1843 3644 1895 δὲ

2045 1949 2307 2013 ἐλλειπῶς
2335 1946 2448 2018 ἔχει
2477 1945 2547 2000 τὰ
2590 1942 2882 2014 εἰρημένα,
2916 1938 3109 2008 φθόνος
3158 1935 3334 1999 οὐδεὶς
3383 1934 3547 2004 παρά
3581 1951 3643 1986 τε

2044 2041 2143 2111 τῆς
2185 2040 2284 2111 σῆς
2334 2038 2621 2100 συνέσεως,
2651 2033 2747 2088 καὶ
2780 2030 2930 2104 παρὰ
2960 2031 3190 2085 ἑκάστου
3219 2027 3329 2082 τῶν
3367 2027 3642 2096 ἐντυγχα-

2002 2134 2244 2188 κνόντων
2291 2129 2682 2202 ἐξεργασθῆναι
2713 2126 2783 2181 τὰ
2839 2123 3118 2178 λείποντα.
3170 2119 3303 2174 Οὑδέ
3355 2118 3467 2188 γὰρ
3526 2118 3643 2170 τῶν

2046 2223 2316 2279 πλουσίων
2341 2221 2443 2296 τὴν
2472 2216 2810 2295 δωροφορίαν
2838 2213 3110 2270 ἐκώλυσεν
3139 2213 3174 2282 ἡ
3201 2212 3311 2263 τοῖν
3341 2209 3488 2292 δυεῖν
3516 2207 3644 2260 66o-

2044 2317 2158 2370 λοῖν
2181 2312 2520 2386 γεγενημένη
2549 2309 2700 2382 παρὰ
2727 2309 2830 2379 τῆς
2853 2309 3030 2379 χήρας
3064 2303 3305 2366 ἐπίδοσις
3324 2315 3340 2331 °
3370 2298 3485 2353 οὔθ’
3522 2301 3644 2353 ὅσοι

2043 2407 2115 2462 τὰ
2143 2407 2408 2478 δέρματα,
2442 2402 2538 2456 καὶ
2563 2401 2634 2455 τὰ
2674 2398 2827 2478 ξύλα,
2857 2397 3078 2462 καὶτὰς
3121 2395 3311 2467 τρίχας
3343 2392 3423 2463 τῷ
3454 2393 3640 2463 Μωσῇ

2046 2500 2183 2574 πρὸς
2210 2476 2313 2568 τῆν
2339 2491 2692 2566 σκηνοποιίαν
2726 2476 3070 2560 εἰσήνεγκαν,
3099 2484 3362 2557 ἐμπόδιον
3376 2484 3525 2574 τοῖςΔ
3539 2481 3646 2574 τὸν

2047 2571 2245 2666 χρυσὸν
2273 2589 2367 2644 καὶ
2387 2586 2480 2641 τὸν
2521 2585 2782 2656 ἄργυρον,
2810 2581 2905 2635 καὶ
2929 2579 3056 2642 τοὺς
3091 2576 3302 2666 τιμίους
3333 2571 3452 2666 τῶνΔ
3469 2571 3647 2626 λίθων

2045 2663 2378 2736 άήνατιθεῖσιν
2408 2674 2677 2744 ἐγένοντο.
2709 2670 2821 2726 Καὶ
2850 2671 3014 2742 ἡμεῖς
3059 2666 3240 2721 τοίνυν
3269 2663 3646 2732 ἀγαπήσομεν

361 2767 422 2811 ut
458 2759 694 2828 appellat
752 2759 952 2824 Moses,
1017 2763 1109 2832 qui
1171 2765 1308 2821 tales
1373 2769 1609 2826 amictus
1669 2772 1849 2827 sacerd

2150 2788 2186 2825 .v
2236 2767 2438 2841 τριχῶν
2481 2765 2634 2831 τάξει
2680 2762 2750 2816 τά
2789 2761 2929 2833 ,παρ’
2976 2758 3135 2830 ἡμῶν
3193 2753 3430 2827 κριθείη,
3473 2753 3638 2824 μόνω

361 2847 601 2902 confecit
647 2849 905 2905 mandato
950 2851 1043 2907 Dei
1076 2871 1090 2907 :
1127 2854 1216 2908 cui
1246 2870 1370 2909 cum
1402 2858 1680 2930 unigenito
1723 2860 1849 2915 Filic

2141 2877 2255 2915 οιτο
2285 2858 2374 2914 διὰ
2404 2857 2502 2927 τῆς
2538 2855 2812 2944 ὑμετέρας
2853 2849 3162 2944 πορφιὶρας,
3193 2848 3289 2944 τῆς
3311 2845 3392 2944 τῷ
3425 2845 3629 2944 ζρυσίς

363 2936 570 3007 Spiritu
595 2949 786 2996 sancto
811 2943 983 3014 gloria
1007 2953 1061 3000 et
1093 2945 1380 3023 imperium
1411 2949 1465 3003 in
1489 2952 1689 3014 saecula
1720 2965 1851 3006 δοιοί

2155 2946 2522 3017 .πλεκομὲνης,
2544 2943 2859 3014 ἐπιτεθῆναι
2892 2941 2970 3012 τῷ
3002 2941 3145 3010 λόγῳ
3176 2939 3267 2994 τὸν
3307 2935 3643 3005 ἐπενδύτην,

360 3045 505 3083 ram.
541 3030 734 3085 Amen.

2047 3038 2090 3113 ᾧ
2117 3040 2288 3112 ὄνομά
2335 3038 2474 3100 ἐστι,
2500 3035 2696 3104 Λόγιόν
2727 3049 2788 3088 τε
2831 3033 2924 3086 καὶ
2949 3031 3190 3102 Δήλωσις
3220 3029 3312 3086 καὶ
3355 3026 3645 3097 Ἀλήθεια,

359 3120 542 3185 καθώς
571 3139 701 3194 φησι
745 3123 836 3177 καὶ
865 3125 893 3177 ὁ
921 3128 1124 3200 Μωσῆς
1153 3131 1181 3183 ὁ
1209 3132 1277 3187 τὰ
1332 3131 1557 3188 τοιαῦτα
1589 3135 2016 3200 κατασκευάζων
2048 3133 2126 3205 τῷ
2155 3132 2290 3204 ἱερεῖ
2316 3126 2656 3198 περιϐόλαια,
2697 3122 2841 3181 κατὰ
2877 3123 2975 3195 τὴν
3016 3122 3294 3192 ὑφήγησιν
3330 3116 3428 3170 τοῦ
3475 3115 3647 3184 Θεοῦ,

359 3206 406 3281 ᾧ
438 3213 636 3284 πρέπει
667 3215 871 3286 ήδόξα,
899 3221 992 3273 καί
1038 3222 1100 3276 τὸ
1152 3225 1349 3296 κράτος
1399 3229 1495 3281 σὺν
1545 3227 1625 3301 τῷ
1666 3232 1944 3301 μονογενεῖ
1995 3227 2109 3300 Υἱῴ
2158 3229 2252 3286 καὶ
2281 3227 2360 3298 τῷ
2407 3221 2658 3292 παναγίῳ
2692 3217 2971 3288 Πνεύματι
3018 3213 3250 3282 εἰςτοὺς
3293 3209 3502 3273 αἰῶνας
3530 3209 3648 3263 τῶν

362 3306 596 3362 αἰώνων.
637 3310 832 3382 Ἀμήν.

392 3477 3634 3520 mw

1733 3625 1871 3679 ΤΟΥ
1905 3625 1999 3680 EN
2030 3627 2257 3680 ΔΓΙΟΙΣ

1426 3792 2050 3880 ΓΡΗΓΟΡΙΟΥ
2119 3792 2548 3880 ΝΥΣΣΗΣ

721 3979 1117 4094 ΠΕΡΙ
1171 3981 2270 4103 ΚΑΤΑΣΚΕΥΗΣ
2323 3919 3265 4110 ΑΝΘΡΩΠΟΥ.

1329 4367 1424 4460 S.
1496 4366 2076 4459 GBEGOBII
2153 4370 2662 4465 NYSSENI

1039 4575 1242 4688 DE
1325 4538 2036 4691 HOMINIS
2127 4577 2934 4696 OPIFICIO.

1687 4797 1733 4850 J.
1756 4799 2080 4854 ansucano
2102 4801 2288 4864 interp.

458 5179 550 5234 DE
594 5177 653 5234 S.
691 5174 1045 5234 GREGORIO
1082 5175 1486 5234 EPIGRAMMA
1520 5177 1821 5237 NICETE.

352 5267 640 5339 Gregorius
699 5267 866 5336 frater
927 5270 1106 5339 magni
1155 5269 1302 5339 illius
1343 5268 1536 5324 Basilii

487 5355 586 5394 unc
613 5339 804 5410 librum
823 5338 1032 5396 eximio!
1058 5338 1293 5395 condidit
1335 5343 1467 5398 artis
1491 5357 1642 5410 opus.

357 5407 503 5475 Nam
527 5425 643 5463 cum
664 5409 915 5464 doctrina:
934 5427 1168 5476 currum,
1192 5421 1306 5478 post
1338 5407 1531 5474 funera‘
1547 5411 1756 5480 fratris,

423 5480 535 5553 Qui
568 5481 948 5547 moderaretur,
974 5482 1150 5536 nullus
1180 5482 1232 5535 in
1264 5481 1385 5535 orbe
1409 5479 1540 5547 [om
1577 5497 1594 5533 :

1959 5193 2006 5250 D

2201 5145 2311 5236 Et:
2342 5180 2480 5235 TON
2505 5179 2713 5234 APION
2744 5179 3132 5234 I‘PHI‘OPION
3161 5177 3460 5234 NIKHTA.

2039 5273 2258 5337 Βίϐλος
2309 5271 2424 5342 ἐγὼ
2468 5271 2753 5342 μεγάλοιο
2807 5270 3078 5340 ἀδελφοῦ
3129 5270 3262 5342 τοῦ-
3295 5270 3644 5329 Βασίλειον

2114 5339 2447 5411 Γρηγορῖου
2469 5339 2701 5396 ’τελέθω
2744 5339 3031 5410 τέρματος
3075 5339 3355 5411 εὐφυέος.

2047 5409 2272 5482 Αὐτίκα
2302 5409 2412 5482 γὰρ
2438 5413 2764 5482 μετὰτισᾷε
2795 5409 3158 5482 τανηλεγέος(
3187 5409 3496 5482 θανάτοιο,

2117 5476 2222 5535 Οἷά
2265 5476 2650 5551 τὶς’ἠ’νὶοχος
2684 5481 2902 5551 ἅρμασι
2931 5476 3062 5549 ’τῆς
3118 5476 3357 5550 σοφίης,
