3768 6000
263 135 362 190 127

1459 137 1517 195 S.
1559 140 1885 198 GREGORII
1923 143 2216 200 NYSSENI
2303 157 2308 160 '

3405 142 3521 198 198

258 268 451 322 capere
480 237 588 309 non
625 255 984 325 potuerimus.
1028 253 1404 326 Res‘quidem,
1440 257 1495 312 in
1523 261 1835 316 considera-

1998 265 2163 335 ωρίαν
2197 261 2414 328 σκοπὸς,
2449 261 2568 317 οὐδέ
2604 281 2745 327 τινος
2779 260 2889 316 τῶν
2924 263 2980 316 ἐν
3005 261 3191 333 κόσμῳ
3218 259 3516 332 θαυμάτων

261 345 460 398 tionem
514 360 635 413 qua
695 345 860 410 venit,
923 361 1030 399 non
1089 346 1286 416 exigua
1341 356 1447 412 est,
1511 365 1687 419 neque
1740 351 1835 406 ulli

261 448 446 490 earum
485 437 682 490 cedens
716 451 852 506 quas
879 437 968 491 hic
997 437 1233 493 mundus
1263 437 1612 495 admirandas
1645 443 1836 496 conti-

262 535 356 580 net
384 546 396 581 :
428 537 587 595 atque
643 526 784 580 baud
829 527 945 583 scio
1000 543 1067 582 an
1115 543 1222 583 non
1265 530 1506 584 omnium
1534 569 1550 595 ,
1599 547 1833 601 quarum

265 619 627 686 cognitionem
670 622 995 690 expetimus,
1045 620 1305 676 maxima.
1343 619 1462 674 Non
1494 623 1638 677 enim
1681 625 1834 693 quid-

266 714 426 779 quam
474 726 660 764 eorum
705 701 970 778 omnium,
1012 728 1134 781 qua:
1168 712 1223 766 in
1252 720 1448 766 natura
1476 729 1657 768 rerum
1692 715 1838 770 exsi-

263 806 434 862 stunt,
471 799 563 854 Dei
608 801 672 855 ad
719 802 1007 870 imaginem
1045 800 1246 854 factum
1285 811 1388 867 est,
1433 809 1632 872 prater
1670 818 1836 857 unum

262 892 368 945 hoc
395 900 658 958 creatum,
690 891 836 962 quod
877 891 1152 946 hominem
1182 890 1438 946 dicimus.
1486 890 1698 946 Idcirco
1739 892 1836 946 be-

264 982 460 1050 nignos
489 982 766 1038 auditores
805 983 1150 1052 perlubenter
1181 981 1340 1036 nobis
1369 981 1580 1034 veniam
1609 982 1836 1036 daturos

263 1070 608 1135 conﬁdimus,
646 1071 859 1126 etiamsi
899 1071 1058 1140 longe
1106 1069 1248 1123 infra
1294 1069 1610 1139 dignitatem
1650 1071 1764 1124 haec
1805 1084 1837 1123 a

264 1162 423 1216 nobis
477 1170 838 1231 exponantur.
889 1160 1020 1214 Nam
1066 1163 1120 1216 in
1168 1162 1290 1226 hac,
1345 1161 1560 1230 opinor.
1614 1161 1838 1231 inquisi-

262 1252 409 1305 tione
437 1259 628 1304 nostra
648 1252 781 1304 nihil
808 1251 1049 1305 omnium
1072 1266 1261 1307 eorum
1292 1266 1412 1320 quae
1442 1251 1649 1304 homini
1681 1250 1838 1305 initio

264 1341 532 1395 accidisse
571 1341 864 1405 credimus,
901 1350 956 1395 et
983 1349 1243 1397 eventura
1265 1341 1526 1410 deinceps
1549 1349 1839 1410 exspectas

263 1447 427 1496 mus,
476 1439 642 1501 atque
701 1433 867 1487 etiam
913 1448 1058 1488 nunc
1121 1433 1518 1504 perspicimus,
1586 1433 1840 1488 omitten-

264 1521 391 1575 dum
421 1522 544 1575 erit.
597 1521 846 1577 Profecto
878 1525 1020 1577 enim
1072 1524 1269 1579 merito
1313 1523 1551 1577 studium
1588 1531 1837 1578 nostrum

267 1613 744 1684 reprehensionem
787 1616 1112 1679 incurreret,
1153 1622 1410 1684 tanquam
1448 1613 1838 1684 pollicitatione
1869 1596 1909 1652 Β

267 1718 366 1758 sua
404 1705 562 1775 longe
599 1704 850 1770 inferius,
887 1707 932 1762 si
961 1707 1198 1761 hominis
1223 1706 1500 1775 proposita
1531 1705 1840 1759 considera-

266 1795 413 1848 tione
437 1795 840 1864 relinqueretur
867 1795 1091 1865 aliquid,
1118 1795 1261 1864 quod
1291 1795 1359 1849 ad
1391 1794 1702 1849 institutum
1735 1795 1838 1848 hoc

265 1895 516 1940 uestrum
553 1885 776 1943 faceret.
825 1886 1113 1942 Enimvero
1142 1895 1196 1942 et
1224 1887 1316 1940 illa
1357 1902 1478 1958 qua“:
1517 1887 1572 1941 in
1601 1885 1839 1943 hominis

265 1985 460 2031 natura
492 1993 637 2032 nunc
674 1993 704 2031 a
734 1979 906 2047 primo
935 1977 1181 2046 ejusdem
1223 1985 1369 2033 statu
1419 1977 1838 2047 conditioneque

265 2067 484 2123 diversa
520 2085 663 2136 esse,
701 2070 864 2125 rebus
910 2070 986 2123 ita
1035 2071 1156 2125 sese
1191 2066 1510 2133 ferentibus,
1542 2069 1788 2123 videmus
1818 2083 1834 2121 :

268 2176 389 2215 cum
419 2177 482 2216 ex
536 2176 817 2214 sacrarum
846 2159 1174 2214 Litterarum
1227 2159 1572 2222 auctoritate,
1603 2169 1716 2212 tum
1750 2172 1840 2210 ra-

269 2251 690 2304 tiocinationum
746 2250 995 2305 acumine
1039 2247 1343 2318 adjicienda
1373 2255 1533 2300 erunt
1561 2256 1658 2302 :ut
1707 2261 1841 2300 con-

273 2351 430 2412 gruat
470 2344 718 2397 universa
755 2342 1010 2396 tractatio
1049 2340 1116 2394 ad
1161 2339 1356 2395 seriem
1387 2348 1549 2408 atque
1591 2336 1837 2392 ordinem

272 2449 478 2498 rerum,
527 2449 647 2503 quas
693 2433 943 2488 videntur
997 2447 1122 2488 esse
1170 2432 1274 2486 illae
1316 2429 1534 2500 quidem
1584 2429 1726 2482 inter
1781 2441 1842 2481 se

275 2523 524 2586 diversae,
548 2524 790 2577 eamdem
823 2531 1004 2576 tamen
1033 2521 1102 2575 ad
1139 2531 1337 2574 metam
1364 2520 1627 2572 tendunt:
1659 2517 1842 2572 divina

274 2616 532 2670 nimirum
560 2623 828 2685 potestate
866 2629 1017 2683 spem
1059 2613 1223 2667 rebus
1259 2619 1413 2667 extra
1441 2624 1655 2663 omnem
1692 2623 1842 2677 spem

1934 353 2003 406 τά
2045 351 2275 423 δεύτερα
2304 352 2617 424 φερόμενος,
2649 353 2788 422 τάχα
2813 352 2868 404 δὲ
2916 353 3012 405 καὶ
3045 351 3243 420 μείζων
3275 352 3515 405 ἑκάστου

1934 441 2044 494 τῶν
2069 442 2542 512 γιγνωσκομένων,
2571 442 2705 495 διότι
2747 442 2897 495 οὐδὲν
2938 442 3124 511 ἕτερον
3159 440 3279 511 Θεῷ
3307 443 3372 493 ὲκ
3403 440 3518 494 τῶν

1935 534 2102 587 ὀντων
2149 533 2446 604 ὡμοίωται,
2469 534 2607 603 πλὴν
2636 533 2737 603 τῆς
2774 533 2913 588 κατά
2941 533 3032 587 τὸν
3069 533 3353 604 ἄνθρωπον
3392 532 3520 586 κτί-

1938 625 2251 688 σεως,ὦστε
2270 627 2420 696 παρὰ
2443 627 2555 689 τοῖς
2583 625 2883 694 εὐγνώμοσι
2914 624 3022 677 τῶν
3056 623 3341 694 ἀκροατῶν
3377 624 3520 693 πρό-

1936 731 2116 784 χειρον
2138 715 2267 784 ἡμῖν
2284 715 2381 782 τὴν
2407 716 2498 767 ἐπὶ
2517 717 2630 778 τοῖς
2656 713 2968 785 λεγομένοις
2993 706 3325 783 συγγνώμην
3346 706 3518 775 εἶναι,

1936 804 2040 856 κᾶν
2083 805 2215 858 πολὺ
2247 805 2471 860 κατόπιν
2500 805 2599 874 τῆς
2627 803 2780 868 ἀξίας
2814 808 2842 858 ὀ
2869 805 3022 872 λόγος
3060 803 3224 858 ἔλθοι.
3258 805 3350 856 Δεῖ
3381 804 3520 872 γὰρ,

1936 891 2088 965 οἴμαι
2107 936 2121 959 ,
2146 895 2253 948 τῶν
2273 895 2401 965 περὶ
2426 896 2518 948 τὸν
2551 897 2833 967 ἄνθρωπον
2863 896 3137 956 ἀπάντων.
3157 895 3266 947 τῶν
3287 911 3348 946 τε
3378 911 3522 964 προ-

1938 982 2267 1052 γεγενῆσθαι
2303 984 2774 1053 πεπιστευμένων,
2802 983 2896 1036 καὶ
2945 982 3052 1036 τῶν
3077 982 3392 1052 είσύστερον
3419 983 3520 1032 ὲκ-

1936 1073 2199 1144 ϐήσεσθαι
2225 1073 2706 1143 προσδοκωμένων,
2744 1075 2836 1126 καὶ
2867 1074 2976 1126 τῶν
2997 1073 3091 1126 νῦν
3122 1072 3522 1142 θεωρουμένων

1940 1163 2104 1232 μηδὲν
2153 1163 2480 1232 παραλιπεῖν
2517 1162 2888 1227 ἀνεξέταστον.
2924 1159 3003 1216 Ἦ
3047 1163 3156 1233 γάρ
3198 1161 3264 1215 ἀν
3301 1163 3522 1214 ἐλλιπε-

1939 1252 2104 1320 στέρα
2137 1250 2230 1304 τοῦ
2281 1253 2692 1324 ἐπαγγέλματος
2722 1257 2756 1325 ἡ
2805 1255 3008 1325 σπουδὴ
3063 1255 3390 1323 διελέγχοιτο
3418 1294 3434 1320 ,
3467 1255 3522 1305 εἰ

1936 1342 2031 1396 τοῦ
2064 1342 2348 1414 ἀνθρώπου
2383 1346 2745 1416 προκειμένου
2782 1349 2848 1418 τῇ
2889 1345 3127 1417 θεωρίᾳ,
3160 1345 3424 1416 παρεθείη
3459 1362 3520 1396 τι

1936 1433 2046 1486 τῶν
2073 1435 2454 1488 συντεινόντων
2502 1435 2641 1507 πρὸς
2674 1434 2772 1506 τὴν
2818 1435 3094 1489 ὑπόθεσιν.
3135 1434 3296 1487 Ἀλλά
3320 1435 3417 1487 καὶ
3446 1433 3523 1486 τὰ

1938 1522 2194 1577 δοκοῦντα
2249 1525 2377 1596 περὶ
2406 1526 2564 1580 αὑτὸν
2594 1527 2850 1589 ἐναντίως
2896 1525 3060 1595 ἔχειν,
3103 1525 3190 1577 διά
3223 1525 3282 1577 τὸ
3317 1525 3392 1595 μὴ
3448 1524 3523 1577 τὰ

1937 1613 2077 1667 αύτά
2112 1617 2225 1677 τοῖς
2248 1615 2309 1680 ἐξ
2336 1618 2509 1688 ἀρχῆς
2539 1619 2953 1688 γεγενημένοις,
2981 1617 3073 1671 καὶ
3111 1618 3206 1670 νῦν
3248 1618 3376 1687 περὶ
3417 1618 3523 1686 τὴν

1939 1703 2100 1772 φύσιν
2140 1705 2369 1776 ὁρᾶσθαι
2410 1707 2498 1760 διά
2535 1725 2677 1771 τινος
2716 1708 3018 1776 ἀναγκαίας
3061 1707 3383 1770 ἀκολουθίας
3415 1724 3429 1738 ο
3454 1707 3520 1759 ἐκ

1937 1813 1997 1849 τε
2047 1795 2146 1865 τῆς
2177 1797 2451 1866 γραφικῆς
2486 1795 2930 1866 ὑφηγήσεως-καὶ
2972 1795 3036 1847 ἐκ
3067 1794 3168 1864 τῆς
3200 1793 3354 1865 παρὰ
3403 1792 3524 1845 τῶν

1937 1883 2211 1954 λογισμῶν
2242 1884 2638 1955 εύρισκομένης
2681 1884 2924 1947 ἐπινοίας
2958 1883 3290 1953 συναρτῆσαι
3345 1897 3524 1952 προσ-

1935 1977 2084 2048 ήκει,
2117 1977 2192 2040 ὡς
2231 1977 2300 2030 ἂν
2339 1977 2627 2047 συμϐαίνοι
2655 1978 2804 2030 πᾶσα
2835 1977 2868 2046 ἡ
2917 1975 3172 2039 ὑπόθεσις
3211 1973 3388 2046 εἱρμῷ
3423 1973 3524 2026 καὶ

1938 2068 2089 2133 τάξει
2125 2066 2234 2120 τῶν
2266 2067 2519 2131 ἐναντίως
2575 2067 2716 2138 ἔχειν
2755 2066 3054 2120 δοκούντων
3085 2065 3219 2136 πρὸς
3246 2065 3302 2117 ἓν
3331 2065 3427 2117 καὶ
3461 2063 3524 2116 τὸ

1939 2153 2073 2206 αὐτὸ
2101 2152 2274 2223 πέρας
2305 2153 2912 2225 συμφερομένων,οῠτω
2941 2155 3036 2208 καὶ
3059 2155 3154 2224 τῆς
3180 2152 3330 2216 θείας
3358 2153 3524 2206 δυνά-

1945 2259 2089 2314 μεως
2115 2242 2306 2296 ἐλπίδα
2335 2245 2447 2306 τοῖς
2481 2245 2618 2315 ὑπὲρ
2665 2244 2873 2310 ἐλπίδα,
2900 2243 2994 2296 καὶ
3041 2244 3206 2313 πόρον
3239 2245 3350 2305 τοῖς
3374 2242 3527 2310 ἀμη-

1943 2335 2126 2405 χάνοις
2165 2333 2614 2404 ἐφευρισκούσης.
2652 2334 2954 2404 Σαφηνείας
3013 2333 3070 2386 δὲ
3121 2333 3278 2403 χάριν
3337 2331 3525 2394 καλῶς

1945 2424 2090 2494 ἔχειν
2120 2424 2326 2496 ᾠήθην,
2343 2424 2435 2476 ἐπὶ
2460 2423 2768 2492 κεφαλαίων
2797 2441 2877 2476 σοι
2905 2423 3184 2495 προθεῖναι
3215 2423 3305 2476 τὸν
3339 2423 3526 2490 λόγον,

1948 2516 2023 2578 ὡς
2049 2513 2114 2568 ἂν
2147 2513 2288 2585 ἔχοις
2340 2514 2520 2585 πάσης
2569 2515 2668 2586 τῆς
2706 2515 3086 2586 πραγματείας
3129 2516 3186 2567 ἐν
3219 2513 3384 2582 ὀλίγῳ
3412 2512 3530 2565 τῶν

1948 2605 2280 2660 καθέκαστον
2305 2607 2749 2677 ἐπιχειρημάτων
2771 2606 2971 2659 εἰδέναι
2995 2606 3095 2676 τὴν
3130 2604 3411 2658 ὑπόθεσιν.

269 2709 494 2778 positis,
540 2717 594 2763 et
634 2708 837 2762 exitum
879 2707 1148 2778 perplexis
1195 2706 1522 2761 inveniente.
1571 2702 1835 2758 Caeterum
1901 2700 2042 2756 lucis
2085 2715 2149 2755 ac
2187 2699 2595 2770 perspicuitatis
2638 2701 2814 2771 gratia
2847 2700 3024 2754 visum
3071 2709 3155 2756 est
3193 2698 3385 2769 paucis
3443 2711 3533 2752 ca-

276 2803 479 2874 pitibus
537 2818 648 2859 rem
682 2817 897 2858 omnem
950 2802 1048 2856 tibi
1088 2801 1378 2870 subjicere,
1418 2813 1527 2870 quo
1558 2798 1916 2868 singulorum
1952 2805 2393 2868 argumentorum
2441 2796 2612 2852 totius
2656 2795 3132 2851 commentationis
3174 2794 3302 2856 vim,
3344 2790 3534 2846 brevi-

277 2897 380 2952 bus
406 2896 585 2951 verbis
605 2894 1052 2965 comprehensam
1080 2893 1388 2962 perspicere
1415 2889 1623 2960 liquido
1646 2887 1847 2960 possis.

787 3005 1016 3062 CAPUT
1051 3005 1341 3060 PRIMUM.
1879 2979 1924 3038 Ο

282 3099 347 3154 In
366 3117 467 3169 quo
509 3100 574 3154 de
617 3098 813 3169 mundo
850 3098 1209 3166 particulatim
1256 3096 1556 3159 disseritur,
1593 3093 1855 3162 jucunde-

349 3167 448 3240 q'ue
474 3186 535 3223 ea
563 3185 680 3239 quia
713 3167 937 3223 hominis
973 3178 1145 3223 ortum
1174 3181 1504 3238 prwcessere,
1545 3178 1854 3218 commemo-

348 3248 558 3292 rantur.

351 3331 452 3386 llic
471 3339 575 3394 est,
601 3331 854 3400 inquiunt
871 3327 1088 3385 Littera:
1119 3343 1307 3394 sacrae,
1335 3327 1473 3382 liber
1496 3325 1563 3380 de
1577 3332 1699 3379 ortu
1727 3323 1851 3378 coeli

281 3435 347 3475 ac
383 3429 560 3475 terrae.
596 3418 672 3473 Eo
702 3419 961 3473 nimirum
987 3427 1246 3489 tempore,
1294 3416 1555 3488 quidquid
1586 3413 1848 3478 cernitur,

281 3511 584 3582 perfectum
618 3510 722 3566 fuit
753 3530 765 3566 :
799 3521 961 3581 atque
999 3519 1180 3565 creata
1215 3508 1428 3577 singula
1467 3515 1677 3563 secreta
1714 3505 1854 3559 inter

282 3620 365 3667 se,
416 3619 573 3659 suum
611 3603 864 3674 quaelibet
905 3603 961 3656 in
1004 3602 1184 3656 locum
1235 3600 1685 3670 commigrarunt,
1736 3611 1852 3652 ca:-

283 3696 522 3765 lesteqne
549 3709 749 3764 corpus
781 3694 914 3749 orbe
955 3707 1055 3748 suo
1080 3692 1335 3747 universa
1359 3690 1814 3761 complectebatur
1836 3707 1852 3756 ;

283 3787 539 3857 gravibus
567 3801 631 3840 ac
669 3786 923 3841 deorsum
952 3785 1298 3856 vergentibus
1323 3785 1669 3854 corporibus,
1707 3789 1854 3838 terra

283 3887 339 3932 et
378 3893 540 3947 aqua,
573 3875 809 3930 medium
839 3876 895 3929 in
939 3890 1120 3931 rerum
1164 3874 1516 3929 universitate
1552 3874 1730 3929 locum
1757 3888 1854 3928 oc-

284 3970 632 4039 cupantibus,
679 3969 1039 4037 amplexuque
1083 3975 1274 4022 mutuo
1320 3982 1379 4022 se
1422 3966 1849 4020 continentibus.

288 4060 458 4116 lndita
482 4068 595 4114 tum
626 4067 710 4113 est
743 4068 947 4112 naturae
976 4073 1154 4113 rerum
1183 4057 1366 4111 divina
1398 4055 1645 4125 quaedam
1675 4055 1766 4108 ars
1789 4069 1855 4110 ac

286 4153 553 4216 facultas,
602 4165 723 4221 qua:
767 4165 857 4205 res
915 4147 1164 4204 conditas
1211 4147 1367 4217 quasi
1417 4160 1557 4198 nexu
1616 4145 1853 4214 quodam

286 4239 554 4295 stabilitas
590 4245 952 4310 perpetuaret,
989 4235 1301 4307 duplicique
1342 4235 1394 4288 vi
1426 4241 1623 4288 cuncta
1671 4233 1857 4288 mode-

2364 2996 2760 3049 ΚΕΦΑΛΑῙΟΝ
2810 2994 3106 3048 ΠΡΩΤΟΝ.
3131 3057 3134 3060 ,

1965 3078 2139 3164 Ἕνιῷ
2169 3085 2656 3164 τιςέστιμερικὴ
2686 3087 2819 3164 περ)
2839 3086 2947 3140 τοῦ
2970 3087 3202 3164 κόσμου
3222 3089 3554 3164 ,φυσιολο-Δ

2024 3158 2143 3226 για,
2177 3157 2278 3210 καί
2295 3172 2386 3226 τις
2406 3155 2689 3224 ἁδροτέρα
2711 3156 2992 3226 διήγησις·
3011 3155 3144 3226 περὶ
3177 3155 3293 3208 τῶν
3316 3171 3536 3225 προγε-

2022 3225 2287 3296 γονότων
2317 3225 2428 3294 τῆς
2456 3226 2564 3279 τοῦ
2593 3225 2908 3293 ἀνθρώπου
2929 3225 3242 3293 γενέσεως.

2022 3313 2170 3384 Αὕτη
2199 3315 2232 3383 ἡ
2262 3313 2441 3382 βίϐλος
2469 3313 2734 3382 γενέσεως
2761 3314 2991 3385 ούρανοῦ
3025 3315 3117 3367 καὶ
3138 3314 3261 3383 γῆς,
3294 3311 3462 3382 φησὶν
3497 3317 3532 3385 ἡ

1952 3402 2160 3473 Γραφή·
2185 3403 2274 3456 ὅτε
2295 3402 2649 3472 συνετελέσθη
2680 3405 2787 3457 πᾶν
2815 3402 2877 3455 τὸ
2904 3403 3240 3473 φαινόμενον,
3271 3405 3364 3456 καὶ
3390 3403 3534 3476 πρὸς

1950 3489 2049 3561 τὴν
2086 3490 2291 3545 οίκείαν
2325 3491 2474 3545 θέσιν
2501 3492 2729 3546 ἕκαστον
2757 3493 2866 3546 τῶν
2898 3493 3065 3547 ὀντων
3098 3495 3392 3565 ἀποκριθὲν
3427 3498 3535 3549 ἀν-

1953 3583 2259 3656 εχώρησεν·
2290 3586 2380 3638 ὅτε
2409 3585 2698 3657 περιέσχεν
2729 3587 2784 3638 ἐν
2814 3585 2999 3656 κύκλῳ
3035 3586 3103 3640 τά
3132 3587 3308 3642 πάντα
3339 3588 3400 3640 τὸ
3431 3588 3531 3641 ούυ-

1955 3676 2135 3749 ράνιον
2158 3675 2334 3747 σῶμα,
2357 3677 2456 3748 τὴν
2475 3677 2532 3730 δέ
2561 3675 2731 3747 μέσην
2743 3675 2838 3729 τοῦ
2862 3677 3061 3740 παντὸς
3079 3677 3316 3730 ἀπέλαϐε
3341 3676 3530 3746 χώραν

1952 3768 2023 3820 τὰ
2061 3767 2231 3838 βαρέα
2262 3767 2355 3820 καὶ
2395 3769 2685 3838 κατωφερῆ
2719 3765 2827 3819 τῶν
2860 3767 3148 3838 σωμάτων,
3200 3768 3272 3838 γῆ
3321 3785 3379 3819 τε
3430 3769 3533 3822 καὶ

1953 3857 2118 3928 ὕδωρ,
2153 3860 2210 3912 ἐν
2238 3859 2486 3930 ἀλλήλοις
2511 3860 2964 3932 διακρατούμενα.
3010 3860 3310 3929 Σύνδεσμος
3348 3858 3404 3910 δέ
3444 3875 3535 3922 τις

1953 3950 2046 4003 καὶ
2073 3949 2358 4020 βεϐαιότης
2381 3951 2491 4004 τῶν
2519 3952 2899 4022 γεγενημένων
2927 3953 2960 4020 ἡ
2983 3951 3102 4004 θεία
3128 3951 3289 4021 τέχνη
3315 3949 3410 4002 καὶ
3438 3949 3536 4001 δύ-

1953 4056 2119 4110 ναμις
2146 4042 2211 4111 τῇ
2237 4039 2398 4110 φύσει
2431 4041 2536 4095 τῶν
2566 4041 2733 4095 ὀντων
2767 4042 3085 4112 ἐναπετέθη,
3118 4041 3332 4104 διπλαῖς
3369 4043 3534 4113 ἐνερ-

1953 4131 2128 4199 γείαις
2163 4131 2450 4201 ὴνιοχοῦσα
2478 4132 2548 4186 τά
2576 4133 2769 4186 πάντα.
2803 4133 2996 4186 Στάσει
3028 4132 3137 4201 γὰρ
3178 4132 3272 4185 καὶ
3318 4133 3537 4200 κινήσει

1955 4218 2054 4290 τὴν
2079 4219 2288 4288 γένεσιν
2309 4223 2420 4284 τοῖς
2450 4221 2523 4292 μὴ
2552 4217 2691 4287 οὖσι,
2722 4221 2815 4274 καί
2840 4221 2938 4292 τὴν
2957 4220 3216 4290 διαμονὴν
3243 4222 3354 4282 τοῖς
3379 4215 3536 4273 οὖσιν

284 4342 519 4390 raretur.
569 4331 701 4386 Nam
739 4332 920 4401 quiete
957 4345 1022 4385 ac
1061 4337 1211 4383 motu
1237 4325 1488 4382 cﬂ‘ectum
1539 4333 1643 4389 est,
1674 4333 1734 4379 ut
1772 4341 1852 4382 res

1998 4312 2368 4382 μηχανήσατο,
2419 4313 2548 4383 περὶ
2601 4312 2661 4364 τὸ
2715 4311 2853 4382 βαρὺ
2905 4311 3002 4366 καὶ
3049 4311 3379 4380 ἀμετάθετον
3431 4310 3538 4378 τῆς

288 4424 521 4479 necdum
563 4422 888 4476 exsistentes
933 4421 1228 4480 orirentur,
1282 4424 1336 4472 et
1383 4423 1518 4470 ortae
1565 4430 1858 4470 conserva—

290 4519 501 4575 rentur,
535 4523 661 4562 cum
708 4507 853 4563 circa
885 4523 974 4563 res
1026 4507 1290 4578 gravitate
1332 4504 1538 4578 ﬁrmas,
1584 4519 1648 4559 ac
1679 4513 1860 4561 motus

290 4601 470 4656 omnis
534 4607 824 4668 expertes,
861 4598 1024 4652 veluti
1070 4598 1218 4652 circa
1271 4595 1505 4651 solidum
1567 4595 1858 4666 quemdam

291 4707 472 4754 axem,
503 4689 820 4745 celerrimus
849 4688 959 4758 poli
999 4696 1180 4742 motus
1224 4686 1399 4741 instar
1423 4694 1558 4741 rota:
1605 4685 1858 4754 ferretur,

292 4795 347 4838 et
381 4791 568 4837 mutua
600 4783 756 4853 quasi
807 4795 910 4850 ope
957 4789 1130 4834 semet
1163 4779 1278 4834 haec
1319 4787 1580 4849 perpetuo
1614 4779 1862 4835 contine-

293 4883 448 4940 rent;
477 4882 671 4928 natura
705 4887 825 4941 qua:
853 4871 908 4924 in
940 4870 1125 4926 orbem
1155 4869 1356 4941 agitur,
1387 4871 1557 4926 veloci
1587 4879 1736 4925 motu
1763 4885 1865 4926 suo

294 4973 453 5019 terrm
502 4963 828 5018 densitatem
876 4961 1114 5031 undique
1159 4961 1460 5031 complexa,
1512 4976 1577 5016 ac
1620 4962 1864 5018 vicissim

296 5055 458 5111 rebus
491 5055 663 5118 ﬁrmis
696 5053 954 5123 nullaque
993 5067 1060 5106 ex
1095 5060 1248 5122 parte
1277 5052 1620 5118 cedentibus,
1670 5053 1866 5109 immo-

297 5145 392 5199 bili
442 5143 718 5198 soliditate
745 5157 842 5196 sua
879 5142 1288 5196 conversionem
1310 5142 1626 5198 volubilium
1663 5161 1866 5218 augen-

295 5237 462 5290 tibus.
521 5237 696 5306 Atque
748 5235 832 5290 his
880 5235 1040 5290 rebus
1099 5234 1315 5288 diversa
1361 5235 1414 5289 vi
1445 5246 1498 5290 et
1550 5237 1868 5300 elﬁcacitate

298 5327 560 5398 praeditis,
604 5336 811 5382 natura:
834 5326 1086 5382 videlicet
1128 5327 1412 5392 immobili,
1452 5339 1506 5383 et
1527 5330 1682 5385 alteri
1714 5333 1868 5402 quie-

298 5423 370 5474 tis
396 5418 627 5489 expcrti,
670 5434 768 5488 par
795 5418 1014 5490 quidem
1048 5419 1188 5476 inest
1236 5429 1524 5490 utramque
1565 5423 1618 5474 in
1655 5431 1865 5489 partem

296 5530 578 5573 excessus.
603 5517 734 5572 Nam
760 5530 934 5586 neque
960 5523 1104 5572 terra
1129 5532 1368 5587 unquam
1395 5532 1424 5570 a
1447 5515 1743 5570 stabilitate
1769 5531 1868 5571 sua

1959 4403 2216 4471 ἀκινήτου
2257 4401 2499 4471 φύσεως,
2527 4398 2636 4455 οῗον
2676 4401 2802 4473 περί
2840 4417 2962 4454 τινα
2989 4401 3185 4469 πάγιον
3211 4398 3397 4466 ἄξονα,
3432 4401 3540 4472 τὴν

1959 4492 2222 4562 ὀξυτάτην
2251 4491 2347 4545 τοῦ
2376 4492 2540 4546 πόλου
2574 4493 2788 4563 κίνησιν
2839 4492 3036 4564 τροχοῦ
3065 4492 3222 4563 δίκην
3258 4493 3314 4546 ἐν
3349 4491 3540 4561 κύκλῳ

1961 4583 2418 4655 περιελαύνουσα,
2451 4583 2546 4636 καὶ
2582 4583 2650 4637 δι’
2683 4583 2929 4654 ἀλλήλων
2965 4584 3296 4655 ἀμφοτέροις
3342 4599 3539 4652 συντησ

1965 4674 2132 4747 ροῦσα
2164 4676 2227 4728 τὺ
2257 4675 2537 4729 ἀδιάλυτον
2556 4693 2569 4705 ·
2607 4674 2704 4745 τῆς
2726 4691 2788 4726 τε
2817 4675 3323 4746 κυκλοφορουμένης
3350 4673 3544 4738 οὐσίας

1967 4765 2054 4819 διά
2081 4766 2180 4836 τῆς
2214 4763 2390 4829 ὀξείας
2421 4766 2684 4835 κινήσεως
2707 4764 2768 4817 τὸ
2791 4763 2984 4817 ναστὸν
3011 4765 3108 4834 τῆς
3140 4765 3242 4832 γῆς
3270 4765 3326 4815 ἐν
3353 4761 3546 4833 κύκλῳ

1969 4858 2432 4931 περισφιγγούσης
2453 4897 2470 4923 ,
2506 4856 2601 4910 τοῦ
2652 4873 2712 4908 τε
2749 4855 2976 4927 στερροῦ
3007 4856 3102 4909 καὶ
3133 4840 3413 4908 ἀνενδότου
3451 4853 3548 4910 διὰ

1965 4951 2066 5023 τῆς
2092 4949 2426 5021 ἀμεταθέτου
2451 4948 2780 5018 παγιότητος
2802 4947 3159 5009 ἀδιαλείπτως
3181 4947 3550 5010 ἐπιτείνοντος

1965 5045 2075 5099 τῶν
2109 5043 2236 5114 περὶ
2277 5042 2448 5114 αὐτὴν
2486 5041 2870 5111 κυκλουμένων
2917 5039 3017 5110 τὴν
3055 5039 3281 5108 δίνησιν.
3326 5039 3447 5107 Ἰση
3483 5039 3549 5091 δὲ

1967 5135 2088 5190 καθ’
2132 5134 2387 5203 ἑκάτερον
2435 5132 2543 5186 τῶν
2592 5135 2711 5196 ταῖς
2763 5132 3061 5202 ἐνεργείαις
3101 5129 3460 5200 διεστηκότων
3514 5130 3550 5199 ἡ

1971 5225 2243 5298 ὑπερϐολὴ
2269 5225 2688 5297 ἐναπειργάσθη,
2714 5227 2783 5296 τῇ
2809 5241 2868 5278 τε
2893 5224 3139 5294 στασίμῳ
3168 5222 3325 5291 φύσει
3353 5221 3447 5275 καὶ
3474 5225 3548 5292 τῇ

1973 5319 2189 5386 ἀστάτῳ
2218 5318 2510 5388 περιφορᾷ.
2548 5316 2684 5369 Οὔτε
2712 5316 2819 5386 γὰρ
2849 5317 2882 5386 ἠ
2917 5316 2987 5385 γῆ
3031 5316 3129 5384 τῆς
3161 5313 3292 5376 ιδίας
3334 5311 3549 5381 βάσεως

1978 5410 2351 5478 μετατίθεται,
2385 5408 2509 5461 οὔτε
2541 5411 2570 5460 ὀ
2611 5408 2836 5476 οὐρανός
2879 5424 3008 5459 ποτε
3049 5407 3110 5458 τὸ
3151 5403 3376 5474 σφοδρὸν
3408 5402 3551 5456 ἐνδί-

1974 5503 2104 5558 δωσι
2130 5502 2222 5556 καὶ
2246 5499 2490 5570 ὑποχαλᾷ
2514 5499 2610 5569 τῆς
2639 5498 2918 5568 κινήσεως.
2946 5497 3128 5552 Ταῦτα
3151 5493 3204 5548 δέ
3233 5493 3324 5548 καὶ
3355 5493 3552 5564 πρῶτα
