3768 6000
264 148 374 209 Ηθ

1488 158 1570 212 DE
1611 160 1891 217 IIOMINIS
1928 164 2239 224 OPIFICIO.
3425 178 3524 231 150

261 269 408 333 κατά
437 270 534 342 τὴν
562 272 656 325 τοῦ
694 274 1055 345 πεποιηκότος
1091 276 1302 343 σοφίαν,
1330 270 1440 327 οἷόν
1470 294 1552 341 τις
1575 279 1716 349 ἀρχὴ
1746 279 1835 332 τοῦ

2009 288 2207 361 mpveri
2252 296 2460 357 potest;
2499 301 2676 357 neque
2708 285 2907 341 caelum
2956 286 3023 341 de
3053 288 3371 346 vehemente
3413 309 3521 347 mo-

260 363 463 426 παντὸς
512 367 905 435 μηχανήματος
945 367 1459 438 πῳκατεσκευάσθη
1503 370 1611 421 τῶν
1651 370 1840 431 όντων,

256 452 579 518 δεικνύντος,
614 448 794 523 οἶμαι,
827 454 920 508 τοῦ
970 457 1206 525 μεγάλου
1253 457 1494 520 Μωσέως
1533 458 1621 510 διά
1647 458 1740 511 τοῦ
1782 460 1842 510 ὲν

252 542 397 611 ἀρχῇ
432 542 524 594 τὸν
562 543 791 613 οὐρανὸν
822 544 916 597 καὶ
959 545 1058 616 τὴν
1087 546 1192 615 γῆν
1218 546 1365 616 παρά
1393 546 1488 599 τοῦ
1518 547 1651 600 Θεοῦ
1680 565 1843 615 γεγε-

254 632 451 700 νῆσθαι
478 634 686 696 εἰπεῖν,
721 635 804 687 ὅτι
848 635 1113 704 κινήσεώς
1139 652 1201 687 τε
1230 637 1323 689 καὶ
1361 637 1600 700 στάσεως
1643 637 1839 707 ἔκγονα

248 722 321 775 τά
350 726 409 775 ἐν
438 727 503 794 τῇ
540 724 715 777 κτίσει
751 726 1050 794 φαινόμενα
1084 727 1256 780 πάντα
1276 768 1289 790 ,
1324 728 1393 780 τά
1427 730 1567 783 κατά
1597 731 1657 783 τὸ
1699 731 1839 784 θεῖον

250 812 505 883 βούλημα
536 814 890 885 παραχθέντα
933 817 1011 879 εἰς
1046 816 1279 883 γένεσιν.
1324 817 1431 870 Τοῦ
1468 818 1646 872 τοίνυν
1671 820 1836 890 οὐρα-

247 903 345 956 νοῦ
380 906 597 975 καὶτῆς
634 906 737 974 γῆς
767 906 833 958 ἐκ
865 906 1155 977 διαμέτρου
1200 908 1335 977 πρὸς
1365 908 1568 978 ἄλληλα
1606 911 1746 963 κατά
1777 912 1838 964 τὸ

248 995 494 1047 ἐναντίον
527 996 624 1063 τῆς
664 996 943 1066 ἐνεργείας
982 995 1361 1063 διεστηκότων,
1398 998 1431 1066 ἡ
1476 998 1679 1067 μεταξὺ
1720 1000 1835 1052 τῶν

248 1087 507 1139 ἐναντίων
547 1086 725 1149 κτίσις
762 1088 821 1139 ἐν
876 1087 1032 1157 μέρει
1072 1086 1179 1138 τῶν
1237 1089 1654 1157 παρακειμένων
1706 1106 1835 1158 μετ-

248 1176 469 1243 έχουσα.
496 1176 564 1227 δι’
586 1177 787 1248 ἑαυτῆς
812 1176 1083 1246 μεσιτεύει
1099 1179 1212 1238 τοῖς
1232 1177 1439 1248 ἄκροις,
1464 1179 1538 1242 ὠς
1562 1180 1627 1233 ἂν
1649 1180 1835 1250 ἐπίδη-

246 1265 340 1317 λον
368 1266 622 1332 γενέσθαι
656 1268 756 1335 τὴν
788 1267 925 1337 πρὸς
953 1267 1156 1337 ἄλληλα
1200 1269 1306 1321 τῶν
1335 1270 1593 1323 ἐναντίων
1623 1270 1711 1324 διὰ
1737 1272 1830 1324 τοῦ

248 1357 420 1424 μέσου
452 1359 767 1425 συνάφειαν.
811 1359 884 1410 Τὸ
914 1358 1021 1430 γάρ
1055 1359 1364 1430 ἀεικίνητον
1392 1363 1484 1414 καὶ
1511 1362 1705 1416 λεπτὸν
1732 1364 1835 1433 τῆς

243 1447 534 1515 πυρώδους
561 1449 747 1511 οὐσίας
782 1452 1027 1519 μιμεῖται
1067 1452 1165 1521 μέν
1197 1468 1314 1515 πως
1353 1452 1382 1504 ὁ
1410 1453 1535 1523 ἀὴρ,
1571 1453 1629 1505 ἐν
1666 1471 1721 1506 τε
1751 1453 1831 1524 τῷ

244 1539 437 1609 κούφῳ
476 1541 574 1609 τῆς
602 1540 817 1607 φύσεως
853 1542 946 1594 καὶ
973 1542 1051 1611 τῷ
1084 1542 1219 1613 πρὸς
1245 1542 1343 1612 τὴν
1388 1544 1599 1614 κίνησιν
1644 1546 1830 1615 ἐπιτη-

1950 380 2037 426 tus
2066 374 2267 444 impetu
2304 376 2603 446 quidquam
2644 375 2888 430 remittit.
2923 375 3047 429 Haec
3078 378 3249 446 prima
3283 381 3527 436 omnium

1947 465 2209 520 exstitere
2242 467 2297 520 in
2332 474 2453 520 ortu
2492 482 2697 530 rerum,
2733 468 2945 521 volente
2970 468 3233 522 creatoris
3259 472 3525 538 sapientia

1946 571 2151 612 esseea
2205 558 2478 628 quoddam
2515 558 2728 611 initium
2776 558 2975 628 Opincii
3025 561 3130 613 sui.
3173 560 3355 629 Itaque
3411 579 3524 615 ma-

1944 663 2109 717 gnnm
2147 648 2297 701 illum
2339 648 2547 710 Mosen,
2587 664 2711 704 cum
2757 650 2831 703 ait
2865 650 3023 704 initio
3065 650 3263 705 caelum
3295 668 3359 707 ac
3412 663 3527 706 ter-

1945 751 2060 789 ram
2097 735 2264 790 Deum
2302 738 2633 803 condidisse,
2693 738 2797 792 hoc
2845 738 3088 793 indicare
3133 739 3371 793 voluisse
3410 743 3527 794 exis

1945 825 2111 880 stimo
2146 843 2158 879 :
2193 842 2281 881 res
2322 826 2629 891 universas,
2660 842 2781 896 quae
2812 827 2953 881 inter
2981 836 3162 882 creata
3198 838 3520 894 cernuntur,

1943 911 2118 981 deque
2176 914 2454 967 voluntate
2513 929 2577 967 ac
2629 917 2896 970 sententia
2961 914 3054 970 Dei
3104 928 3303 971 exorta:
3357 928 3521 983 sunt,

1942 1015 1972 1053 a
2006 1011 2154 1054 motu
2190 1010 2242 1056 et
2282 1004 2464 1072 quiete
2510 1004 2782 1073 profectas
2828 1021 2972 1059 esse.
3006 1007 3182 1075 Atque
3230 1008 3331 1061 hoc
3362 1018 3525 1077 pacto

1941 1090 2083 1146 coelo
2132 1100 2185 1145 et
2220 1100 2363 1145 terra
2394 1109 2459 1146 ex
2506 1093 2773 1148 diametro
2816 1094 2957 1147 inter
2990 1109 3050 1149 se
3076 1096 3355 1149 contraria
3392 1096 3523 1151 alie-

1940 1181 2124 1235 ctione
2150 1181 2568 1247 dissidentibus,
2602 1191 2783 1238 creata
2823 1193 3038 1248 caetera,
3072 1199 3194 1254 quae
3221 1185 3309 1239 his
3349 1187 3514 1239 inter-

1934 1269 2076 1339 jecta
2107 1280 2257 1335 sunt,
2294 1287 2418 1325 cum
2460 1273 2709 1327 nonnihil
2740 1288 2863 1327 cum
2899 1274 3062 1329 rebus
3103 1275 3207 1329 sibi
3248 1275 3521 1345 contiguis

1939 1378 2232 1420 commune
2264 1365 2520 1429 habeant,
2562 1366 2704 1421 inter
2730 1374 2972 1421 extrema
3021 1366 3113 1419 illa
3152 1377 3324 1421 semet
3357 1369 3516 1436 quasi

1937 1453 2314 1525 interponunt,
2363 1465 2421 1510 ut
2472 1457 2629 1511 facile
2679 1465 2937 1526 appareat
2984 1472 3093 1526 quo
3125 1465 3285 1527 pacto
3318 1474 3412 1527 per
3452 1474 3517 1512 ea

1936 1556 2058 1610 quae
2117 1543 2295 1597 media
2347 1545 2490 1597 inter
2550 1544 2665 1598 haec
2704 1546 3038 1608 consistunt,
3081 1560 3167 1599 res
3221 1549 3513 1615 ceteroqui

240 1631 398 1693 δείως
424 1630 588 1699 ἔχειν.
619 1632 692 1685 Οὐ
719 1632 825 1702 μὴν
855 1633 1094 1697 τοιοῦτός
1128 1636 1296 1701 ἐστιν,
1334 1630 1446 1699 οἷος
1472 1638 1568 1707 τῆς
1598 1638 1734 1708 πρὸς
1757 1639 1827 1693 τά

2009 1632 2260 1687 ιεὶᾱεηιοε
2325 1642 2517 1687 mutuo
2560 1640 2975 1688 connectantur.
3024 1632 3159 1687 Nam
3216 1650 3310 1689 aer
3355 1636 3518 1689 modo

243 1724 422 1788 πάγια
470 1723 794 1790 συγγενείας
844 1723 1289 1794 ἀλλοτριοῦσθαι,
1338 1724 1462 1778 οὔτε
1511 1726 1598 1779 ἀεὶ
1652 1726 1828 1796 μένων

240 1816 518 1885 ἀκίνητος,
552 1814 679 1868 οὔτε
726 1816 1017 1879 διαπαντὸς
1055 1818 1195 1887 ῥέων
1227 1817 1321 1871 καὶ
1367 1818 1785 1889 σκεδαννύμενος
1810 1835 1825 1851 ·

241 1904 384 1957 ἀλλά
402 1906 467 1973 τῇ
483 1904 617 1975 πρὸς
636 1905 822 1974 ἕτερον
834 1905 1123 1975 οἰκειότητι
1145 1901 1253 1960 οἶόν
1274 1923 1325 1959 τι
1346 1906 1701 1977 μεθόριοντῆς
1723 1907 1829 1960 τῶν

243 1993 538 2063 ἐνεργειῶν
562 1996 936 2064 ἐναντιότητος
964 1995 1191 2061 γίνεται,
1212 1996 1405 2063 μιγνὺς
1434 1996 1549 2065 ἅμα
1579 1996 1673 2050 καὶ
1691 1997 1829 2050 διαι-

246 2084 357 2153 ρῶν
369 2086 426 2135 ἐν
442 2083 590 2153 αὐτῷ
600 2085 668 2138 τὰ
678 2084 937 2137 διεστῶτα
948 2088 1014 2155 τῇ
1028 2084 1362 2154 φύσει.Κατά
1372 2087 1464 2140 τὸν
1474 2087 1634 2139 αὑτὸν
1647 2086 1828 2155 λόγον,

246 2176 347 2228 καί⁵
369 2177 402 2245 ἡ
434 2175 575 2246 ὑγρά
599 2176 755 2230 οὐσία
775 2176 987 2239 διπλαῖς
1010 2177 1251 2248 ποιότησι
1275 2178 1411 2249 πρὸς
1431 2178 1689 2251 ἐκάτερον
1718 2178 1828 2231 τῶν

242 2268 506 2318 ἐναντίων
537 2267 857 2337 ἁρμόζεται.
886 2266 975 2337 Τῷ
1012 2267 1109 2338 μὲν
1125 2269 1233 2339 γάρ
1254 2269 1445 2339 βαρεῖά
1464 2286 1524 2322 τε
1545 2270 1636 2323 καὶ
1650 2286 1827 2322 κατω⁹

242 2372 311 2422 φε
319 2354 417 2424 ρὴς
429 2351 565 2411 εἶναι
574 2356 795 2425 ,πολλὴν
810 2356 945 2426 πρὸς
956 2356 1015 2409 τὸ
1029 2357 1226 2425 γεῶδες
1237 2358 1334 2429 τὴν
1352 2359 1669 2429 συγγένειαν
1686 2360 1773 2429 ἔχε
1784 2376 1819 2412 ι.

1936 1722 2173 1791 quodam
2244 1723 2601 1777 mobilitatem
2648 1731 2987 1793 perpetuam,
3048 1723 3517 1793 subtilitatemque

1937 1813 2112 1883 igneae
2147 1822 2359 1869 naturae
2397 1816 2660 1870 imitatur.
2700 1815 2796 1871 Est
2834 1816 2980 1869 enim
3012 1823 3066 1870 et
3096 1816 3311 1870 levitate
3350 1823 3512 1869 natu-

1932 1904 2033 1957 rali
2063 1905 2351 1974 praeditus,
2384 1915 2438 1961 et
2476 1906 2542 1959 ad
2586 1916 2792 1960 motum
2828 1907 3111 1976 aptissime
3137 1916 3510 1976 comparatus.

1931 1991 2117 2063 Neque
2154 2002 2336 2049 tamen
2368 1996 2573 2050 idcirco
2605 1996 2762 2065 plane
2808 2004 2892 2051 est
2921 1997 2989 2050 ab
3026 1997 3175 2050 omni
3207 1996 3510 2051 solidorum

1932 2084 2255 2152 cognatione
2300 2085 2544 2148 alienus,
2591 2100 2715 2139 nam
2758 2094 2816 2140 ut
2847 2102 3060 2156 semper
3100 2094 3278 2141 motus
3317 2102 3513 2156 expers

1930 2188 2039 2226 non
2072 2183 2191 2238 est,
2228 2175 2300 2229 ita
2335 2192 2551 2245 semper
2581 2175 2745 2231 etiam
2788 2191 2898 2231 non
2935 2176 3050 2231 ﬂuit
3089 2186 3183 2231 aut
3215 2178 3514 2247 spargitur,

1929 2262 2025 2317 sed
2075 2266 2133 2319 tit
2161 2266 2394 2336 quadam
2430 2266 2496 2321 ad
2544 2274 2837 2336 utrumque
2879 2269 3225 2338 cognatione,
3264 2276 3322 2322 ut
3372 2270 3513 2323 inter

1925 2372 2015 2413 res
2053 2357 2430 2414 eﬂ‘ectionibus
2461 2358 2692 2413 diversis
2727 2357 3077 2433 adversantes
3122 2358 3226 2413 sibi
3265 2359 3510 2428 quidam,

241 2448 405 2518 quasi
450 2444 609 2504 limes
656 2450 756 2515 sit;
795 2458 961 2521 atque
1001 2451 1139 2507 adeo
1195 2461 1392 2507 natura
1446 2456 1586 2510 inter
1641 2470 1701 2510 se
1735 2455 2056 2512 dissidentia
2089 2468 2215 2509 cum
2246 2452 2549 2517 consociet,
2592 2459 2707 2505 tum
2760 2460 3027 2507 secernat.
3089 2450 3290 2506 Eodem
3352 2454 3514 2506 modo

240 2551 300 2598 et
334 2543 533 2597 humor
560 2542 765 2614 duplici
792 2546 1056 2614 qualitate
1085 2547 1151 2602 ad
1182 2555 1475 2619 utrumque
1528 2548 1725 2604 borum
1780 2549 2188 2605 adversantium
2241 2554 2506 2617 perpetuo
2569 2545 2672 2600 sibi
2732 2553 2905 2600 semet
2947 2544 3341 2600 accommodat.
3377 2543 3511 2600 Nam

243 2656 358 2695 non
384 2640 578 2709 exigua
609 2655 734 2694 cum
765 2648 923 2695 terra
938 2643 1261 2712 cognatione
1292 2653 1529 2709 tenetur,
1571 2660 1679 2716 qua
1713 2646 1896 2717 gravis
1932 2654 2041 2707 est,
2072 2650 2126 2698 et
2159 2657 2268 2713 qua
2301 2642 2559 2696 deorsum
2589 2638 2784 2695 fertur.

320 2732 411 2803 Τῷ
464 2733 522 2786 δέ
579 2734 828 2804 μετέχειν
872 2736 1105 2805 ροώδους
1149 2738 1295 2801 τινὸς
1348 2741 1442 2792 καὶ
1504 2740 1835 2812 πορευτικῆς

245 2824 535 2893 ἐνεργείας
558 2865 573 2890 ,
627 2827 687 2879 οὐ
724 2826 899 2898 πάντη
952 2828 1055 2898 τῆς
1111 2830 1433 2900 κινουμένης
1477 2831 1833 2903 ἠλλοτρίωται

2009 2739 2277 2793 Caeterum
2306 2751 2414 2807 qua
2448 2735 2610 2790 etiam
2657 2733 2883 2788 ﬂuidum
2933 2733 3191 2803 quiddam
3237 2734 3286 2789 ei
3346 2735 3512 2799 inest,

1937 2832 2130 2901 visque
2160 2828 2505 2901 permeabilis
2538 2844 2553 2880 :
2586 2841 2695 2881 non
2733 2840 2959 2896 prorsus
2993 2840 3023 2878 a
3055 2825 3221 2881 rebus
3259 2826 3348 2891 iis,
3393 2844 3514 2897 quae

246 2915 499 2985 φύσεως,
556 2916 693 2971 ἀλλά
723 2919 807 2980 τίς
852 2920 969 2972 ἐστι
1027 2921 1121 2974 καί¹
1162 2920 1251 2974 διά
1299 2922 1488 2976 τούτου
1530 2923 1671 2993 μίξις
1724 2924 1831 2980 τῶν

2009 2938 2025 2977 s
2080 2928 2341 2991 perpetuo
2401 2926 2726 2981 moventur,
2791 2916 3005 2987 sejungi
3057 2925 3270 2987 potest;
3332 2919 3516 2989 itaque

247 3004 510 3058 ἐναντίων
560 3005 654 3057 καὶ
699 3004 933 3070 σύνοδος,
974 3009 1074 3078 τῆς
1099 3026 1159 3061 τε
1187 3009 1486 3082 βαρύτητος
1511 3014 1590 3075 εἰς
1619 3012 1830 3082 κίνησιν

252 3095 664 3166 μετατεθείσης,
719 3097 954 3168 καὶτῆς
1006 3101 1269 3170 κινήσεως
1320 3105 1377 3155 ἐν
1406 3103 1483 3173 τῷ
1541 3102 1695 3174 βάρει
1757 3103 1831 3174 μὴ

250 3188 621 3258 πδηθείσης,
679 3188 821 3242 ὥστε
894 3191 1213 3261 συμϐαίνειν
1289 3194 1426 3264 πρὸς
1495 3195 1697 3265 ἄλληλα
1765 3193 1833 3248 τὰ

250 3280 398 3333 κατά
442 3280 502 3333 τὸ
545 3282 849 3353 ἀκρότατον
902 3286 967 3354 τῇ
1021 3284 1181 3353 φύσει
1228 3285 1547 3358 διεστηκότα
1593 3288 1680 3341 διὰ
1722 3287 1832 3341 τῶν

254 3374 652 3443 μεσιτευόντων
673 3374 921 3447 ἀλλήλοις
946 3376 1231 3447 ὲνούμενα.
1258 3378 1474 3433 Μᾶλλον
1498 3380 1554 3433 δέ
1577 3380 1715 3433 κατά
1740 3381 1832 3434 τὸν

250 3464 459 3533 ἀκριϐῆ
494 3463 649 3533 λόγον
680 3465 801 3519 οὐδὲ
827 3466 966 3536 αὑτὴ
1013 3467 1121 3520 τῶν
1156 3468 1546 3539 ἀντικειμένων
1584 3474 1616 3542 ἡ
1671 3471 1834 3541 φύσις

250 3553 504 3623 ἀμίκτως
527 3554 700 3625 πάντη
734 3554 869 3625 πρὸς
889 3556 987 3627 τὴν
1026 3556 1219 3627 ἑτέραν
1245 3561 1359 3621 τοῖς
1390 3558 1674 3628 ίδιώμασιν
1698 3560 1832 3630 ἔχει,

248 3644 331 3708 ὡς
368 3645 455 3709 ἂν,
483 3639 665 3715 οἶμαι,
695 3647 872 3700 πάντα
897 3648 1036 3719 πρὸς
1060 3648 1262 3719 ἄλληλα
1302 3649 1448 3702 νεύοι
1476 3650 1547 3703 τά
1577 3651 1718 3705 κατά
1742 3652 1836 3705 τὸν

252 3736 461 3807 κόσμον
492 3739 794 3809 φαινόμενα
812 3778 829 3804 ,
854 3740 948 3793 καὶ
972 3739 1234 3810 ξυμπνέοι
1267 3742 1404 3812 πρὸς
1433 3742 1633 3814 ἑαυτὴν
1659 3744 1692 3814 ἠ
1719 3744 1838 3796 κτί-

254 3845 343 3891 σις
424 3830 483 3881 ἐν
554 3832 666 3892 τοῖς
738 3829 848 3883 τῶν
924 3830 1312 3901 ἀντικειμένων
1393 3833 1675 3904 ίδιώμασιν
1744 3834 1837 3887 εὐ-

253 3919 578 3991 ρισκομένη.
627 3920 739 3990 Τῆς
769 3920 879 3993 γὰρ
924 3923 1191 3991 κινήσεως
1232 3924 1293 3976 οὐ
1348 3924 1506 3993 μόνον
1555 3925 1695 3979 κατά
1740 3924 1838 3996 τὴν

249 4010 483 4080 τοπικὴν
531 4012 861 4080 μετάστασιν
911 4015 1225 4085 νοουμένης,
1259 4015 1396 4069 ἀλλά
1437 4018 1529 4077 καὶ
1564 4019 1620 4070 ἐν
1662 4020 1835 4089 τροπῇ

252 4102 350 4153 καὶ
409 4102 690 4155 ἀλλοιώσει
760 4103 1173 4176 θεωρουμένης·
1240 4106 1403 4162 πάλιν
1464 4108 1510 4160 δ’
1578 4104 1678 4175 αὖ,
1738 4110 1838 4180 τῆς

252 4193 589 4262 ἀμεταθέτου
655 4193 869 4261 φύσεως
908 4196 1007 4266 τὴν
1043 4196 1182 4250 κατὰ
1214 4197 1276 4250 τὺ
1310 4197 1650 4252 ἀλλοιοῦσθαι
1683 4201 1838 4271 κίνη-

252 4300 341 4336 σιν
396 4284 456 4335 ού
505 4285 899 4356 προσιεμένης·
949 4285 1283 4351 ἐναλλάξασα
1330 4288 1430 4352 τὰς
1482 4288 1747 4361 ἰδιότητας
1802 4292 1834 4360 ἡ

250 4374 348 4428 τοῦ
390 4375 526 4428 Θεοῦ
574 4377 753 4443 σοφία,
791 4375 870 4446 τῷ
902 4377 999 4446 μὲν
1033 4378 1324 4448 ἀεικινήτῳ
1356 4378 1418 4431 τὸ
1449 4378 1733 4449 ἄτρεπτον,
1762 4380 1841 4450 τῷ

249 4469 308 4520 δέ
356 4468 598 4537 ἀκινήτῳ
647 4467 747 4538 τὴν
794 4469 1002 4539 τροπὴν
1045 4470 1350 4540 ἐνεποίησε,
1398 4471 1704 4542 προμηθείᾳ
1738 4473 1842 4525 τινὶ

250 4561 389 4627 τάχα
437 4558 499 4609 τὸ
546 4557 784 4610 τοιοῦτον
831 4559 1253 4629 οίκονομήσασα,
1296 4558 1371 4622 ὡς
1409 4558 1474 4612 ἂν
1520 4560 1593 4631 μὴ
1647 4560 1708 4612 τὸ
1744 4561 1843 4629 τῆς

251 4651 471 4718 φύσεως
506 4648 656 4711 ίδιον,
689 4649 826 4721 ὅπερ
868 4649 985 4701 ἐστὶ
1024 4649 1085 4702 τὸ
1132 4650 1395 4719 ἀτρεπτόν
1424 4668 1482 4703 τε
1517 4652 1610 4705 καὶ
1637 4651 1842 4721 ἀμετά-

252 4739 426 4803 θετον,
461 4738 552 4790 ὲπί
584 4755 726 4801 τινος
770 4737 879 4790 τῶν
926 4737 1069 4791 κατὰ
1114 4738 1215 4809 τὴν
1262 4739 1435 4793 κτίσιν
1476 4739 1838 4810 βλεπομένων,

251 4828 382 4879 Θεὸν
431 4825 747 4895 νομίζεσθαι
786 4826 847 4878 τὸ
892 4826 1098 4896 κτίσμα
1150 4828 1443 4898 ποιήσειεν.
1490 4830 1561 4882 Οὐ
1616 4827 1722 4897 γὰρ
1764 4828 1843 4881 ἔτι

254 4914 505 4985 θεότητος
554 4914 819 4984 ὑπόληψιν
882 4916 1036 4986 σχοίη
1055 4956 1070 4981 ,
1126 4917 1262 4988 ὅπερ
1321 4917 1385 4972 ἂν
1442 4918 1755 4989 κινούμενον
1806 4919 1839 4990 ἢ

254 5006 632 5076 ἀλλοιούμενον
673 5007 833 5078 τύχῃ.
890 5007 989 5061 Διά
1038 5008 1196 5061 τοῦτο
1242 5011 1275 5079 ὴ
1330 5012 1427 5081 μὲν
1469 5011 1539 5081 γῆ
1583 5011 1843 5081 στάσιμός

254 5099 389 5163 ἐστι,
437 5099 531 5152 καὶ
569 5100 670 5153 οὐκ
713 5100 1009 5171 ἄτρεπτος·
1045 5101 1073 5152 ὁ
1116 5101 1171 5155 δὲ
1201 5103 1428 5173 οὐρανὸς
1467 5102 1559 5157 τοῦ
1603 5096 1842 5157 ἐναντίου

253 5190 313 5241 τὸ
344 5192 580 5261 τρεπτὸν
605 5192 708 5245 οὐκ
737 5191 897 5261 ἔχων,
932 5193 1049 5246 οὐδὲ
1083 5196 1342 5265 στάσιμον
1372 5194 1504 5265 ἔχει,
1535 5196 1621 5249 ἵνα
1646 5197 1711 5265 τῇ
1747 5196 1845 5266 μὲν

254 5281 413 5351 φύσει
444 5283 661 5355 ἑστώσῃ
693 5284 795 5353 τὴν
836 5285 1063 5356 τροπὴν,
1095 5289 1159 5356 τῇ
1195 5286 1251 5338 δέ
1294 5287 1368 5357 μὴ
1406 5288 1716 5358 τρεπομένῃ
1746 5287 1845 5358 τὴν

253 5375 531 5446 κίνησινή
571 5375 693 5429 θεία
739 5376 1092 5445 συμπλέξασα
1135 5376 1381 5448 δύναμις,
1441 5380 1535 5432 καὶ
1590 5380 1841 5450 ἀλλήλαις,

252 5469 569 5539 ἀμφοτέρας
628 5469 695 5537 τῇ
756 5466 903 5519 ἐναλ)
916 5466 1031 5531 ἀξει
1102 5467 1211 5520 τῶν
1273 5469 1574 5540 ἰδιωμάτων
1631 5490 1846 5543 προσοι-

255 5560 478 5631 κειώσῃ,
507 5561 601 5614 καὶ
630 5559 736 5628 τῆς
769 5559 895 5630 περὶ
929 5559 987 5613 τὸ
1019 5559 1158 5613 θεῖον
1193 5560 1510 5632 ὑπολήψεως
1554 5564 1843 5636 ἀλλοτριώ-

1931 3021 1985 3069 et
2032 3013 2086 3067 in
2131 3012 2360 3066 humore
2411 3010 2525 3065 haec
2559 3012 2838 3064 contraria
2870 3009 3015 3063 inter
3072 3024 3133 3064 se
3188 3011 3514 3065 consocian-

1930 3113 2051 3172 tur,
2090 3112 2144 3160 et
2199 3105 2359 3173 quasi
2402 3110 2637 3168 coeunt,
2681 3117 2805 3156 cum
2855 3101 2999 3171 quod
3054 3117 3218 3171 grave
3264 3109 3349 3156 est
3398 3117 3515 3155 mo-

1931 3203 2046 3249 tum
2091 3194 2341 3264 recipiat,
2388 3202 2443 3249 et
2487 3200 2678 3249 contra
2723 3200 2905 3248 motus
2949 3207 2978 3247 a
3009 3191 3247 3261 pondere
3274 3207 3381 3246 non
3414 3193 3513 3245 im-

1932 3285 2200 3356 pediatur.
2250 3284 2364 3339 Hoc
2414 3283 2551 3339 adeo
2594 3290 2755 3353 pacto
2804 3292 2999 3336 natura
3038 3282 3284 3351 partibus
3327 3289 3513 3335 extre.

1935 3378 2043 3433 mis
2088 3375 2437 3439 dissidentia,
2484 3389 2581 3446 per
2629 3388 2693 3429 ea
2742 3389 2865 3444 quae
2907 3373 3145 3427 medium
3194 3373 3337 3427 inter
3398 3374 3513 3441 ipsa

1933 3466 2116 3521 locum
2164 3465 2428 3527 obtinent,
2458 3464 2890 3533 coniunguntur.
2920 3461 2986 3515 Et
3011 3477 3141 3518 vero
3175 3463 3220 3517 si
3252 3470 3515 3517 accurate

1934 3573 2049 3613 rem
2080 3556 2482 3617 existimemus,
2519 3554 2927 3608 adversantium
2963 3553 3068 3608 sibi
3100 3560 3317 3615 natura,
3348 3553 3511 3607 etiam

1936 3648 2158 3719 propria
2184 3645 2365 3716 quoad
2413 3645 2753 3713 singulorum
2786 3643 3050 3696 attributa
3085 3643 3299 3705 attinet,
3347 3642 3515 3711 quid-

1935 3740 2060 3795 dam
2097 3740 2243 3792 inter
2270 3752 2330 3792 se
2369 3750 2659 3790 commune
2706 3733 2909 3789 habet:
2959 3747 3078 3787 eam
3131 3732 3392 3786 nimirum
3443 3733 3515 3787 ob

1936 3844 2187 3893 causam,
2215 3837 2274 3882 ut
2301 3824 2539 3882 arbitror
2574 3824 2720 3895 quod
2749 3840 2839 3880 res
2872 3824 2977 3879 hoc
3033 3824 3088 3879 in
3131 3823 3338 3877 mundo
3388 3824 3514 3878 uni-

1936 3936 2111 3977 versae
2156 3921 2221 3975 ad
2273 3926 2518 3972 mutuam
2567 3916 2864 3988 quamdam
2912 3915 3264 3971 concordiam
3320 3924 3512 3969 natura

1936 4012 2249 4066 ducantur:
2302 4017 2356 4063 ct
2402 4022 2525 4076 quae
2575 4007 2857 4061 attributis
2915 4006 3154 4076 pr0priis
3206 4019 3517 4074 repugnare

1940 4101 2043 4156 sibi
2099 4106 2281 4155 creata
2338 4096 2642 4161 sentimus,
2692 4096 2883 4151 eadem
2941 4095 3188 4150 vicissim
3252 4095 3397 4149 inter
3456 4110 3515 4149 se

1941 4191 2287 4260 conspirent.
2354 4186 2486 4241 Nam
2539 4202 2663 4241 cum
2715 4201 2823 4239 non
2876 4200 2981 4240 una
3041 4185 3155 4240 hac
3208 4195 3391 4239 motus
3444 4187 3515 4240 sit

1872 4285 1914 4339 D
1943 4282 2176 4352 species,
2208 4294 2331 4335 cum
2376 4278 2504 4348 quid
2548 4276 2617 4332 de
2648 4278 2770 4331 loco
2818 4276 2884 4330 ad
2932 4277 3109 4329 locum
3145 4275 3511 4341 transfertur;

1943 4387 2131 4428 verum
2161 4370 2330 4425 etiam
2370 4384 2494 4423 cum
2525 4367 2657 4437 quid
2690 4366 2771 4421 vel
2810 4372 3079 4428 mutatur,
3115 4365 3198 4419 vel
3235 4366 3514 4420 converti-

1943 4474 2070 4533 tur;
2124 4474 2319 4518 natura
2361 4478 2526 4533 porro
2614 4458 3083 4514 incommutabilis
3158 4473 3279 4512 eam
3332 4466 3515 4512 motus

1943 4557 2203 4628 speciem.
2228 4569 2334 4625 qua
2374 4552 2507 4623 quid
2531 4560 2793 4614 mutatur,
2837 4566 2944 4604 non
2986 4550 3239 4603 admittat
3267 4568 3282 4615 ;
3310 4549 3515 4603 idcirco

1943 4650 2127 4705 divina
2178 4646 2448 4717 sapientia
2498 4644 2825 4714 permutatis
2869 4642 3130 4711 utrinque
3170 4640 3518 4709 proprietati-

1944 4744 2067 4803 bus.
2100 4749 2353 4796 naturam
2393 4754 2574 4793 rerum
2606 4752 2822 4807 semper
2851 4736 3133 4792 mobilium
3171 4734 3305 4787 nulli
3338 4742 3523 4787 muta-

1943 4835 2080 4889 tioni
2132 4832 2457 4902 subiectam,
2509 4830 2738 4885 alteram
2773 4844 2922 4893 vero,
2979 4835 3160 4880 motus
3212 4826 3514 4892 expertium

1946 4925 2261 4980 mutabilem
2318 4938 2442 4978 esse
2499 4922 2693 4976 voluit.
2754 4921 2933 4990 Atque
2991 4918 3095 4971 hoc
3152 4916 3293 4969 haud
3354 4915 3519 4969 dubie

1944 5016 2234 5088 prudentia
2265 5014 2534 5084 singulari
2566 5012 2826 5073 instituit,
2857 5024 2924 5063 ne
2968 5007 3218 5061 homines
3268 5005 3322 5058 in
3354 5006 3519 5059 rebus

1944 5108 2167 5170 creatis,
2215 5120 2352 5175 quas
2377 5104 2676 5165 cernimus,
2702 5116 2824 5156 esse
2866 5096 3072 5167 aliquid
3117 5106 3379 5165 perpetuo
3411 5097 3515 5149 im-

1946 5199 2208 5255 mutabile
2238 5197 2749 5256 animadvertentes,
2783 5198 2978 5245 natura
3007 5190 3110 5244 hoc
3135 5190 3185 5244 ei
3218 5190 3516 5251 tribuente,

1946 5292 2089 5347 idem
2133 5306 2233 5360 pro
2265 5289 2375 5343 Deo
2423 5288 2684 5343 colerent.
2739 5283 2859 5337 Non
2890 5283 3034 5336 enim
3070 5296 3199 5337 vero
3229 5290 3520 5335 consenta-

1948 5397 2110 5438 neum
2145 5380 2315 5435 videri
2355 5385 2532 5449 potest
2564 5376 2613 5431 ei
2649 5376 2727 5431 rei
2772 5374 3115 5428 divinitatem
3162 5375 3365 5434 inesse,
3398 5385 3522 5440 qua:

1948 5489 2037 5529 res
2069 5474 2152 5529 vel
2199 5471 2368 5527 motui
2398 5470 2481 5524 vel
2532 5468 2820 5522 mutationi
2871 5467 3109 5521 obnoxia
3168 5465 3261 5520 sit.
3307 5462 3519 5515 lucirco

1951 5576 2149 5623 terram
2185 5564 2402 5636 quidem
2438 5564 2650 5617 tlrmam
2684 5575 2804 5617 esse
2852 5558 3120 5629 videmus,
3154 5566 3208 5611 at
3258 5551 3518 5607 mutatio-
