3746 5994
317 169 428 226 135

1551 165 1608 220 S.
1645 118 1975 221 GREGbRII
2012 163 2309 222 NYSSENI

3481 177 3583 232 156

318 299 432 337 sam
467 281 604 335 ³⁹-⁸⁰.
644 301 664 332 ι
704 279 748 335 Ο
783 296 899 337 rem
929 280 1340 337 admirandam!
1377 281 1467 337 Sol
1501 292 1719 337 creatur
1748 282 1888 335 nulla

2062 301 2204 354 ιματι
2226 286 2373 356 μόνῳ
2391 285 2454 339 τὸ
2472 286 2709 342 τοιοῦτον
2733 287 2917 360 θαῦμα
2943 291 3274 358 συνίσταται,
3292 288 3420 344 οὔτε
3438 293 3579 358 ὅθεν,

316 375 708 430 deliberatione
743 374 1115 442 praecedente,
1141 375 1444 444 eodemque
1483 385 1641 445 pacto
1666 375 1893 438 ctelum,

315 468 517 537 quibus
535 467 750 520 duobus
771 465 908 520 nihil
931 481 1055 522 esse
1080 481 1178 536 par
1199 467 1400 522 creatis
1424 468 1478 521 in
1504 467 1667 521 rebus
1689 473 1890 535 potest.

319 557 438 614 Uno
461 557 628 612 verbo
655 555 970 626 hujusmodi
1001 558 1056 610 in
1101 573 1285 612 rerum
1326 566 1522 611 natura
1566 556 1890 611 miraculum

315 649 526 705 exstitit
555 666 569 702 :
607 663 784 716 neque
831 649 1006 712 unde,
1038 647 1123 701 vel
1165 647 1440 717 quomodo
1465 662 1529 702 ea
1560 646 1702 700 facta
1746 646 1890 710 sint,

312 741 620 810 expositum
650 748 754 794 est.
785 738 932 793 idem
964 738 1179 794 caeteris
1209 739 1264 792 in
1293 739 1460 793 rebus
1493 738 1727 808 singulis
1755 753 1892 792 usu-

313 829 482 884 venit.
515 827 732 892 IEther,
764 828 945 884 sidera
967 866 982 890 ,
1013 826 1334 896 interjcctus
1366 827 1508 881 inter
1538 828 1654 881 hac
1699 835 1754 881 et
1791 841 1895 881 nos

314 937 428 986 aer,
467 936 649 986 mare,
702 928 878 986 terra,
929 919 1224 984 animalia,
1274 919 1506 988 plantae,
1551 918 1734 974 omnia
1785 933 1896 972 uno

315 1013 410 1066 Dei
439 1015 606 1067 verbo
632 1013 687 1066 in
713 1020 895 1065 ortum
926 1010 1196 1080 producta
1225 1020 1375 1065 sunt.
1405 1010 1592 1066 Solius
1619 1010 1686 1065 ad
1715 1010 1896 1064 homio

317 1104 402 1158 nis
441 1102 860 1156 fabricationem
893 1109 1111 1155 creator
1151 1102 1243 1157 ille
1283 1102 1666 1158 universitatis
1708 1116 1895 1157 rerum

311 1195 546 1263 quadam
590 1209 714 1247 cum
768 1193 1213 1250 consideratione
1253 1194 1463 1250 accedit
1498 1213 1512 1248 :
1562 1203 1894 1265 praeparata-

311 1289 417 1354 que
457 1285 692 1354 primum
736 1284 939 1353 Opificii
985 1285 1249 1350 materie,
1298 1285 1558 1356 illiusque
1600 1285 1774 1339 forma
1821 1280 1890 1336 ad

1995 372 2117 426 οὔτε
2150 376 2319 442 ὅπως,
2353 376 2478 430 οὔτε
2513 379 2641 433 ἄλλο
2667 397 2720 433 τι
2761 381 3003 436 τοιοῦτον
3041 384 3580 454 παρασημηναμένου

1992 463 2086 517 τοῦ
2113 466 2292 534 λόγου.
2323 467 2480 522 Οὕτω
2517 470 2610 522 καὶ⁹
2652 471 2720 524 τά
2752 472 2872 526 καθ’
2895 472 3125 527 ἕκαστον
3156 473 3363 536 πάντα,
3394 472 3582 543 αἰθὴρ.

1983 558 2243 631 ἀστέρες,
2277 563 2305 614 ό
2332 562 2423 616 διὰ
2455 565 2624 634 μέσου
2665 568 2794 639 ἀὴρ,
2819 567 3081 634 Θάλαττα,
3119 569 3213 640 γῆ,
3256 569 3391 634 ζῶα,
3415 571 3581 637 φυτὰ.

1995 650 2175 704 πάντα
2214 651 2358 723 λόγῳ
2405 655 2542 724 πρὸς
2586 656 2800 724 γένεσιν
2835 661 3049 728 ἄγεται.
3093 661 3244 732 Μόνη
3283 661 3340 714 δέ
3375 663 3443 731 τῇ
3486 659 3582 714 τοῦ

1995 740 2283 812 ἀνθρώπου
2332 750 2640 819 κατασκευῇ
2703 750 3184 821 περιεσκεμμένως
3228 751 3513 820 πρόσεισιν
3553 752 3583 802 ό

1993 832 2089 886 τοῦ
2120 834 2320 898 παντὸς
2349 837 2600 910 ποιητὴς,
2643 840 2718 904 ὡς
2764 842 2855 897 καὶ
2894 842 3026 913 ὕλην
3066 843 3216 913 αύτῷ
3257 842 3354 913 τῆς
3383 843 3584 896 συστά-

1995 938 2134 987 σεως
2177 928 2593 998 προετοιμάσαι,
2633 931 2728 984 καὶ
2773 931 3067 1004 ἀρχετύπῳ
3104 933 3212 986 τινὶ
3252 931 3438 986 κάλλει
3483 932 3584 1002 τὴν

1997 1014 2210 1086 μορφὴν
2232 1018 2514 1089 ὁμοιῶσαι,
2561 1024 2656 1076 καὶ
2709 1024 2977 1096 προθέντα
3018 1025 3109 1078 τὸν
3136 1024 3357 1090 σκοπὸν,
3391 1017 3454 1077 οὗ
3483 1026 3584 1095 χά·

1995 1118 2082 1171 ριν
2122 1106 2445 1176 γενήσεται,
2488 1113 2822 1186 κατάλληλον
2866 1115 3017 1185 αὐτῷ
3067 1117 3162 1169 καὶ
3200 1117 3409 1170 οἰκείαν
3459 1119 3582 1179 ταῖς

1995 1193 2298 1265 ἐνεργείαις
2322 1201 2723 1276 δημιουργῆσαι
2764 1206 2863 1281 τὴν
2885 1207 3067 1277 φύσιν,
3096 1208 3418 1279 ἐπιτηδείως
3444 1208 3582 1279 πρὸς

1993 1284 2056 1337 τὸ
2083 1290 2442 1361 προκείμενον
2463 1295 2712 1365 ἔχουσαν.

309 1377 524 1431 eximite
557 1374 982 1444 pulchritudinis
1012 1375 1292 1444 exemplar
1315 1374 1732 1446 exprimendum
1763 1372 2046 1444 designata
2065 1416 2082 1442 ,
2115 1375 2222 1434 ﬁne
2247 1381 2413 1436 etiam
2443 1361 2750 1455 proposito,
2783 1387 2853 1444 ad
2891 1361 3366 1459 quem‘creandus
3395 1396 3577 1442 esset:

310 1481 422 1525 tum
455 1470 651 1525 deinde
680 1477 930 1524 naturam
964 1469 1071 1526 sibi
1100 1471 1444 1526 consimilem
1475 1480 1530 1527 et
1559 1469 1873 1526 actionibus
1897 1466 2113 1526 aﬂinem
2143 1473 2412 1546 fabricat,
2465 1495 2589 1550 qua:
2625 1483 2813 1554 operi,
2844 1485 2934 1538 cui
2976 1482 3374 1548 destinaretur,
3429 1489 3581 1537 esset

309 1562 614 1632 aptissima.

909 1741 1140 1799 CAPUT
1179 1739 1269 1798 IV.

419 1900 666 1956 Hominis
707 1898 975 1968 api/icium
1010 1899 1063 1951 in
1097 1898 1340 1952 omnibus
1382 1898 1777 1967 imperatoriam

587 1969 875 2040 quamdam
911 1969 1285 2022 auctoritatem
1316 1978 1600 2022 ostentare.

376 2127 514 2182 Nam
545 2128 1006 2196 quemadmodum
1054 2127 1109 2181 in
1152 2126 1322 2183 rebus
1355 2125 1612 2180 humanis
1650 2122 1888 2178 artifices

307 2221 378 2275 iis
425 2220 807 2276 instrumentis
857 2233 982 2288 qua:
1027 2217 1392 2281 fabricantur,
1444 2215 1674 2270 formam
1721 2215 1884 2270 talem

307 2313 592 2378 tribuunt,
641 2311 822 2380 qualis
870 2325 993 2365 esse
1032 2308 1101 2363 ad
1147 2324 1345 2373 usum,
1387 2307 1476 2363 cui
1517 2307 1882 2368 destinantur,

309 2405 593 2475 aptissima
640 2401 817 2456 videri
866 2409 1090 2471 potest:
1134 2401 1215 2455 sic
1259 2399 1748 2470 praestantissimus
1794 2397 1886 2451 ille

308 2509 494 2549 rerum
523 2491 721 2547 artifex
756 2501 1005 2545 naturam
1032 2498 1278 2545 nostram
1323 2488 1566 2543 condidit
1602 2488 1752 2541 velut
1796 2486 1882 2540 in-

308 2593 679 2644 strumentum
725 2582 998 2651 quoddam
1047 2595 1216 2650 regno
1268 2577 1705 2633 administrando
1766 2577 1886 2632 ido-

307 2690 492 2738 neum,
525 2681 694 2740 utque
717 2676 864 2724 esset
895 2669 961 2723 ad
998 2668 1104 2722 hoc
1135 2668 1299 2721 homo
1328 2680 1493 2735 quam
1529 2663 1880 2733 aptissimus,

307 2781 431 2820 cum
461 2759 929 2835 praestantissimis
959 2759 1127 2812 animi
1156 2757 1377 2812 dotibus
1399 2795 1414 2820 ,
1447 2764 1561 2810 tum
1589 2769 1652 2810 ea
1673 2796 1688 2821 ,
1716 2769 1881 2824 quam

305 2857 586 2912 cernimus
607 2897 620 2920 ,
650 2853 898 2924 corporis
928 2865 1054 2906 eum
1088 2849 1267 2904 forma
1313 2845 1620 2904 exornavit.
1653 2844 1718 2899 Et
1761 2845 1883 2899 ani-

307 2936 432 3001 mus
463 2945 680 3015 quidem
707 2942 913 3012 regiam
952 2940 1336 3009 excelsumque
1375 2937 1689 3007 dignitatem
1725 2950 1880 2991 suam

305 3005 574 3107 longe-ah
612 3005 922 3088 humilitate
965 3033 1176 3102 privata
1217 3005 1522 3100 sejunctain
1545 3069 1560 3094 ,
1592 3028 1650 3081 in
1691 3041 1755 3082 eo
1782 3025 1880 3081 de-
1908 3005 1953 3064 (ἶ

305 3132 482 3185 clarat
510 3143 526 3181 :
554 3125 700 3196 quod
737 3125 1021 3178 dominum
1063 3122 1337 3176 nemiuem
1369 3119 1651 3190 agnoscit,
1682 3126 1737 3173 et
1781 3131 1884 3172 suo

305 3235 370 3274 ex
403 3217 631 3272 arbitrio
661 3216 772 3285 agit
799 3216 1021 3279 omnia;
1071 3226 1332 3281 meroque
1361 3220 1415 3265 ct
1454 3224 1674 3265 summo
1714 3209 1886 3278 impe-

305 3312 391 3365 rio
411 3351 424 3375 ,
457 3319 518 3362 ut
545 3308 646 3377 ipsi
679 3307 842 3372 libet,
872 3314 1043 3361 semet
1070 3305 1364 3374 gubernat.
1390 3300 1524 3355 Nam
1550 3302 1638 3355 cui
1663 3301 1882 3377 tandem

306 3399 410 3452 hoc
439 3397 693 3452 convenit
719 3439 732 3457 ,
767 3395 812 3449 si
846 3409 952 3447 non
985 3393 1098 3463 regi
1125 3393 1148 3446 ?
1177 3391 1447 3445 Praeterea
1482 3391 1752 3445 hominem
1785 3367 1886 3444 ha-

306 3501 443 3544 tura:
480 3488 714 3548 divinae,
748 3485 907 3552 cujus
935 3487 1117 3538 omnia
1149 3490 1342 3552 parent
1381 3481 1615 3551 imperio
1637 3521 1651 3545 ,
1692 3481 1884 3552 imagi-

307 3596 430 3636 nem
467 3595 625 3644 csse,
671 3577 808 3632 nihil
851 3591 974 3631 esse
1018 3573 1322 3646 putandum
1363 3581 1448 3628 est
1486 3575 1672 3640 aliud,
1715 3589 1882 3644 quam

305 3675 513 3744 regium
545 3675 594 3727 ci
622 3671 792 3726 decus
836 3671 892 3724 in
938 3671 1058 3740 ipsa
1101 3669 1379 3724 creatione
1427 3667 1691 3722 tributum
1737 3682 1880 3723 esse.

305 3762 774 3830 Quemadmodum
802 3760 946 3814 enim
979 3775 1132 3812 more
1157 3758 1420 3820 humano,
1453 3756 1546 3826 qui
1574 3755 1881 3826 principum

305 3855 571 3923 imagines
603 3851 844 3913 faciunt,
877 3849 1059 3902 nativa
1109 3847 1298 3902 forma:
1343 3847 1546 3902 indicia
1586 3846 1881 3917 eﬂingunt,

304 3955 468 4014 atque
514 3943 679 3997 etiam
731 3957 991 4012 purpura:
1039 3942 1245 3996 amictu
1296 3942 1502 4011 regiam
1560 3940 1880 4010 dignitatem

303 4039 657 4108 exprimunt:
689 4050 862 4104 eaque
901 4033 1096 4090 deinde
1121 4034 1237 4090 suis
1278 4036 1458 4106 imago
1497 4033 1745 4088 numeris
1786 4032 1884 4086 ab-

305 4132 483 4186 soluta
510 4143 575 4183 ex
607 4125 1005 4181 consuetudine
1050 4141 1141 4181 rex
1189 4127 1528 4196 appellatur;
1584 4127 1655 4178 ita
1699 4134 1751 4178 et
1795 4123 1887 4177 ho-

306 4223 474 4278 minis
502 4228 696 4274 uatura
715 4259 730 4284 ,
761 4219 842 4274 sic
867 4220 1090 4274 condita
1118 4229 1176 4274 ut
1205 4220 1545 4288 reliquorum
1573 4226 1882 4271 creatorum

303 4314 523 4368 domina
549 4319 732 4375 esset,
765 4322 985 4382 propter
1027 4327 1186 4377 eam,
1235 4326 1344 4381 qua
1388 4324 1569 4380 regem
1610 4308 1883 4363 universi-

305 4405 432 4459 tatis
462 4403 628 4472 hujus
654 4401 860 4466 refert,
884 4403 1303 4458 similitudinem
1326 4443 1340 4467 ,
1370 4404 1550 4472 imago
1571 4402 1730 4471 quasi
1759 4400 1880 4454 viva

303 4502 485 4549 erecta
509 4504 595 4548 cst
615 4533 630 4557 ,
659 4508 784 4548 cum
813 4509 920 4564 qua
948 4503 1000 4549 et
1025 4494 1266 4564 dignitas
1292 4503 1346 4548 ct
1372 4507 1570 4547 nomen
1599 4491 1875 4562 archetypi

2523 1743 2921 1801 ΚΕΦΑΛΑΙΟΝ
2963 1748 3038 1801 Δ’.

1995 1889 2125 1943 "Ott
2168 1889 2266 1944 διὰ
2307 1891 2550 1966 πάντων
2591 1897 2974 1966 ἐπισημαίνει
3016 1896 3133 1966 τὴν
3177 1897 3443 1966 ἀρχικὴν
3489 1896 3580 1963 ἐεο

2187 1964 2408 2016 ουσίαν
2439 1963 2478 2031 ἠ
2517 1965 2624 2018 τοῦ
2652 1963 2964 2035 ἀνθρώπου
3003 1963 3372 2034 ἰα’τασᾶιέὺή.

2062 2122 2329 2192 Καθάπερ
2369 2123 2479 2194 γὰρ
2525 2126 2584 2178 ἐν
2629 2123 2711 2194 τῷ
2761 2123 2862 2196 βίῳ
2897 2123 3074 2196 τούτῳ
3111 2124 3461 2195 καταλλήλως
3510 2127 3574 2195 τῇ

1991 2207 2152 2278 χρείᾳ
2185 2209 2581 2279 σχηματίζεται
2620 2212 2769 2282 παρά
2807 2213 2917 2266 τῶν
2939 2213 3356 2284 τεχνιτευόντων
3389 2213 3450 2265 τὶ.
3487 2213 3578 2285 δρ-

1991 2314 2155 2366 γανον
2174 2315 2188 2329 '
2216 2298 2389 2364 οὕτως
2418 2295 2530 2355 οἷόν
2557 2319 2610 2355 τι
2650 2301 2844 2366 σκεῦος
2878 2305 2959 2366 εἰς
2987 2303 3262 2373 βασιλείας
3293 2303 3577 2374 ἐνέργειαν

1989 2391 2294 2463 ἐπιτήδειον
2316 2393 2416 2465 τὴν
2455 2394 2730 2465 ἡμετέραν
2762 2395 2923 2464 φύσιν
2961 2397 2992 2448 ό
3026 2394 3415 2468 ἀριστοτέχνης
3451 2395 3576 2464 ἐδη-

1993 2481 2315 2553 μιούργησε,
2364 2485 2477 2548 τοῖς
2528 2501 2589 2537 τε
2637 2484 2777 2538 κατά
2823 2483 2922 2555 τὴν
2967 2484 3146 2555 ψυχὴν
3193 2486 3578 2556 προτερήμασι

1989 2571 2084 2624 καὶ
2127 2571 2274 2641 αύτῷ
2313 2571 2394 2643 τῷ
2431 2572 2526 2626 τοῦ
2570 2571 2818 2642 σώματος
2873 2575 3110 2644 σχήματι
3154 2574 3396 2627 τοιοῦτον
3435 2571 3577 2630 εἶναι

1989 2661 2435 2732 παρασκευάσας,
2459 2657 2570 2716 οἷον
2599 2664 2916 2734 ἐπιτηδείως
2941 2664 3077 2735 πρὸς
3107 2663 3382 2734 βασιλείαν
3406 2665 3572 2735 ἔχειν.

2001 2753 2064 2806 Ἦ
2096 2753 2195 2824 μὲν
2224 2754 2332 2826 γὰρ
2362 2755 2508 2827 ψυχὴ
2525 2755 2586 2809 τὸ
2609 2755 2884 2824 βασιλικόν
2919 2774 2977 2810 τε
3005 2757 3098 2810 καὶ
3129 2757 3447 2827 ἐπηρμένον
3475 2759 3576 2810 αύ-

1987 2844 2142 2897 τόθεν
2163 2845 2403 2900 δείκνυσι
2432 2847 2619 2918 πόρρω
2639 2846 2738 2916 τῆς
2766 2847 3040 2916 ἰδιωτικῆς
3063 2849 3456 2919 ταπεινότητος
3487 2867 3577 2902 κε-

1989 2937 2347 3006 χωρισμένον,
2395 2939 2461 2990 ἐκ
2505 2938 2598 2991 τοῦ
2630 2938 2921 2993 ἀδέσποτον
2956 2939 3126 3010 αὐτὴν
3149 2937 3288 2994 εἰναι
3316 2940 3411 2994 καὶ
3447 2942 3578 2995 αὐτο

1985 3027 2244 3092 εξούσιον,
2274 3029 2421 3093 ἰδίοις
2446 3029 2571 3099 θελή
2581 3047 2744 3100 μασιν
2764 3031 3242 3102 αὐτοκρατορικῶς
3263 3033 3577 3102 διοικουμέ-

1986 3136 2110 3190 νην.
2129 3120 2288 3182 Τίνος
2316 3119 2424 3191 γάρ
2453 3119 2614 3174 ἄλλου
2643 3120 2822 3187 τοῦτο,
2841 3123 2937 3175 καὶ
2965 3122 3084 3193 οὐχὶ
3108 3122 3371 3192 βασιλέως
3386 3123 3573 3187 ἐστίνς

1985 3209 2097 3266 Καὶ
2119 3208 2202 3262 ἐτι
2226 3209 2363 3280 πρὸς
2376 3209 2606 3275 τούτοις,
2632 3211 2695 3264 τὸ
2722 3212 2823 3281 τῆς
2847 3212 3280 3283 δυναστευούσης
3307 3212 3418 3266 τῶν
3442 3214 3576 3267 πάν-

1984 3319 2092 3354 των
2125 3301 2344 3369 φύσεως
2385 3301 2571 3355 είκόνα
2612 3301 2907 3370 γενέσθαι,
2937 3303 3090 3357 οὐδὲν
3115 3303 3302 3374 ἕτερόν
3335 3305 3508 3369 ἐστιν,
3536 3305 3571 3376 ἢ

1983 3392 2150 3456 εὐθὺς
2182 3392 2426 3462 βασιλίδα
2477 3393 2952 3464 δημιουργηθῆναι
2990 3394 3090 3465 τὴν
3130 3393 3314 3462 φύσιν.
3353 3395 3574 3466 Ὥσπερ

1939 3537 1942 3542 ,
1983 3485 2094 3556 γὰρ
2124 3484 2268 3538 κατὰ
2299 3485 2402 3556 τὴν
2447 3485 2798 3558 ἀνθρωπίνην
2831 3486 3117 3557 συνήθειαν
3145 3488 3196 3539 οἰ
3228 3486 3328 3548 τὰς
3355 3487 3573 3549 εἰκόνας

1983 3575 2090 3629 τῶν
2115 3575 2464 3646 κρατούντων
2491 3576 3014 3642 κατασκευάζοντες,
3040 3578 3132 3631 τόν
3155 3594 3215 3629 τε
3243 3579 3572 3649 χαρακτῆρα

1982 3668 2082 3738 τῆς
2110 3669 2326 3740 μορφῆς
2353 3669 2784 3741 ἀναμάσσονται,
2809 3671 2904 3723 καὶ
2929 3672 2995 3740 τῇ
3019 3668 3281 3741 περιϐολῇ
3306 3669 3410 3738 τῆς
3439 3687 3572 3740 1:09-

1985 3758 2209 3829 φυρίδος
2245 3757 2344 3828 τὴν
2374 3757 2661 3832 βασιλικὴν
2685 3759 2843 3824 ἀξίαν
2875 3759 3445 3832 συμπαραγράφουσι,
3477 3761 3571 3814 καὶ

1983 3850 2201 3918 λέγεται
2221 3850 2363 3904 κατά
2392 3851 2682 3921 συνήθειαν
2708 3851 2802 3905 καὶ
2824 3852 2857 3923 ἡ
2886 3850 3078 3916 εἰκὼν,
3103 3850 3356 3920 βασιλεύς
3375 3867 3386 3878 ·
3423 3853 3571 3905 om

1985 3945 2130 4015 καὶὴ
2153 3942 2468 4015 ἀνθρωπίνη
2484 3943 2666 4012 φύσις,
2699 3943 2884 4014 ἐπειδὴ
2906 3943 3042 4014 πρὸς
3058 3941 3155 4012 τὴν
3187 3943 3362 4012 ἀρχὴν
3391 3942 3568 3996 ἄλλων

1984 4036 2438 4101 κατεσκευάζετο,
2469 4035 2558 4089 διὰ
2578 4036 2677 4106 τῆς
2708 4035 2844 4106 πρὸς
2872 4035 2962 4089 τὸν
2997 4033 3219 4105 βασιλέα
3246 4033 3341 4087 τοῦ
3363 4034 3569 4097 παντὸς

1984 4129 2319 4199 ὁμοιότητος,
2345 4123 2456 4181 οἷόν
2487 4145 2572 4191 τις
2601 4127 2841 4198 ἔμψυχος
2863 4125 3028 4180 εἰκὼν
3051 4126 3342 4195 ἀνεστάθη,
3369 4143 3570 4181 κοινω-

1985 4220 2154 4275 νοῦσα
2190 4219 2268 4290 τῷ
2298 4219 2591 4290 ἀρχετύπῳ
2617 4219 2726 4274 ..καὶ
2764 4219 2864 4289 τῆς
2905 4218 3062 4284 ἀξίας
3108 4217 3201 4271 καὶ
3232 4216 3326 4270 τοῦ
3367 4217 3570 4288 ὀνόμα-

1987 4329 2112 4375 τοςο
2148 4312 2210 4366 οὐ
2248 4311 2554 4382 πορφυρίδα
2591 4311 2972 4381 περικειμένη,
3011 4310 3131 4364 οὐδὲ
3161 4311 3428 4381 σκήπτρῳ
3476 4312 3572 4365 καὶ

1983 4403 2277 4474 διαδήματι
2329 4402 2428 4473 τὴν
2471 4401 2625 4466 ἀξίαν
2667 4401 3103 4472 ἐπισημαίνουσα
3151 4401 3316 4471 (ούδέ
3355 4403 3470 4474 γὰρ
3511 4403 3572 4455 τὸ

1983 4493 2290 4564 ἀρχέτυπον
2340 4493 2399 4544 ἐν
2453 4491 2666 4554 τούτοις
2712 4490 2937 4564 ἐστὶν),
2971 4491 3085 4544 ἀλλ’
3130 4492 3252 4545 ἀντὶ
3306 4492 3405 4557 μὲν
3465 4493 3569 4560 τῆξ

303 4585 826 4646 communicaretur.
873 4585 1053 4655 Atque
1095 4590 1211 4639 haec
1254 4585 1436 4652 imago
1479 4597 1588 4638 non
1634 4598 1877 4653 purpura

2062 4553 2302 4656 ουργίδος
2351 4582 2450 4653 τὴν
2488 4581 2689 4652 ἀρετὴν
2742 4553 3124 4652 ἠμφίεσμένη,
3167 4582 3197 4634 ὃ
3235 4553 3315 4651 δὴ⁷
3339 4553 3568 4636 πάντων

302 4686 387 4732 est
431 4684 726 4739 exornata,
767 4691 946 4746 neque
991 4683 1208 4745 sceptro
1247 4681 1302 4728 ct
1341 4673 1488 4744 regia
1531 4672 1700 4728 fascia
1740 4687 1882 4742 pra:-

305 4769 698 4824 stantissimam
745 4767 1067 4838 dignitatem
1126 4780 1284 4820 suam
1335 4775 1394 4818 ut
1441 4773 1742 4821 ostentaret
1791 4781 1882 4821 ne-

305 4875 461 4915 cesse
505 4859 774 4920 habebat,
822 4857 1042 4926 quando
1090 4872 1157 4910 ne
1201 4857 1380 4928 ipsum
1430 4858 1647 4928 quidem
1698 4873 1881 4914 exem-

313 4953 492 5022 plum,
538 4951 605 5005 ad
647 4947 796 5019 quod
837 4955 921 5002 est
961 4946 1335 5012 conformata,
1380 4950 1547 5004 rebus
1590 4949 1645 5004 iu
1693 4950 1881 5019 hujus-

307 5043 454 5099 modi
501 5042 794 5104 consistit,
847 5038 940 5093 sed
997 5055 1096 5108 pro
1141 5056 1385 5110 purpura
1431 5043 1632 5097 virtute
1676 5043 1876 5098 amicta

305 5144 418 5198 est,
458 5149 568 5204 quo
602 5132 751 5187 cultu
786 5129 920 5184 nihil
953 5131 1126 5201 magis
1153 5148 1276 5188 esse
1302 5134 1506 5203 regium
1538 5141 1752 5203 potest:
1787 5151 1884 5204 pro

1987 4674 2410 4747 βασιλικώτατον
2453 4674 2775 4744 ἐσθημάτων
2798 4673 2974 4727 ἐστίν’
3007 4674 3128 4728 ἀντὶ
3163 4673 3219 4725 δὲ
3252 4672 3347 4727 τοῦ
3382 4677 3569 4746 σκηπα-

1986 4784 2118 4839 τρου
2137 4769 2216 4836 τῇ
2237 4766 2595 4838 μακαριότητι
2621 4764 2720 4834 τῆς
2744 4763 3044 4828 ἀθανασίας
3064 4765 3381 4836 ἐρειδομένη
3401 4780 3417 4794 ⁸
3447 4767 3568 4821 ἀντὶ

1983 4859 2041 4912 δέ
2070 4858 2164 4912 τοῦ
2195 4855 2472 4928 βασιλικοῦ
2492 4856 2822 4927 διαδήματος
2844 4853 2922 4926 τῷ
2945 4857 3045 4926 τῆς
3067 4857 3412 4928 δικαιοσύνης
3447 4876 3569 4912 στε-

1989 4953 2142 5022 φάνῳ
2173 4948 2584 5020 κεκοσμημένη,
2617 4947 2756 5002 ὥστε
2783 4949 2871 5002 διὰ
2904 4948 3122 5002 πάντων
3148 4949 3207 5000 ἐν
3240 4947 3317 5018 τῷ
3341 4949 3441 5018 τῆς
3474 4949 3568 5018 βα-

1990 5041 2194 5103 σιλείας
2241 5037 2511 5109 ἀξιώματι
2545 5037 2856 5091 δείκνυσθαι
2891 5038 3286 5110 δι’νάκριϐείας
3317 5039 3461 5108 πρὸς
3507 5041 3569 5092 τὸ

1991 5132 2295 5204 ἀρχέτυπον
2321 5128 2514 5191 κάλλος
2544 5127 2919 5198 όμοιωθείσαν.

307 5233 562 5296 sceptro,
591 5223 886 5278 immortali
923 5225 1184 5282 heatitate
1214 5225 1436 5283 suﬂulta
1464 5245 1477 5282 :
1517 5242 1614 5296 pro
1647 5227 1794 5298 regia
1830 5225 2032 5289 fascia,
2062 5223 2289 5293 iustitiae
2318 5237 2520 5278 corona
2577 5229 2861 5276 exornata.
2909 5219 3153 5290 Denique
3187 5221 3254 5275 de
3300 5223 3569 5277 omnibus

307 5336 429 5392 quae
461 5316 731 5387 maiestati
766 5318 931 5389 regia:
957 5320 1324 5388 conveniunt,
1362 5329 1617 5392 apparet,
1671 5335 1834 5374 unam
1885 5321 2025 5374 hanc
2077 5317 2401 5387 imaginem,
2440 5312 2903 5386 pulchritudinem
2936 5314 3198 5385 principis
3229 5317 3569 5385 exemplaris

307 5422 558 5472 accurate
587 5410 810 5468 referre.

333 5632 340 5636 ,
377 5572 498 5606 ’ὀδο
523 5570 656 5627 Gen.
695 5586 733 5636 ι,
759 5573 846 5629 26.
