3768 6000
198 191 286 267 izr
914 214 923 219 ·
1448 200 1535 255 os
1582 197 1864 253 Honms
1912 197 2220 255 omnem.

710 320 1107 376 ΚΕΦΑΛΑΙΟΝ
1146 321 1219 375 Ε’.

192 414 310 472 ὀτι
341 417 606 485 ὁμοίωμα
645 413 756 482 τῆς
799 414 961 478 θείας
988 412 1313 477 ,βασιλείας
1346 414 1377 464 ό
1418 410 1747 479 ἄνθρωπος.
1784 420 1827 476 Α

254 508 321 561 Τδ
345 508 403 561 δὲ
443 507 590 560 Θεῖον
627 505 823 568 κάλλος
847 504 909 558 οὒ
946 503 1185 575 σχήματί
1226 519 1363 566 τινι,
1408 504 1502 556 καὶ
1533 503 1746 574 μορφῆς

193 598 462 671 εὐμοιρίᾳ,
508 596 598 651 διά
638 612 783 658 τινος
830 595 1082 666 εὐχροίας
1128 592 1474 662 ἀγλαΐζεται,
1502 592 1639 671 ,ἀλλ’
1692 594 1750 646 ὲν

191 687 438 758 ἀφράστῳ
465 684 827 756 μακαριότητι
853 685 971 736 κατ’
991 682 1188 756 ἀρετὴν
1204 682 1506 753 θεωρεῖται.
1539 682 1749 752 Ὠσπερ

188 776 352 829 τοίνυν
378 776 483 838 τὰς
512 773 858 844 ἀνθρωπίνας
891 772 1103 843 μορφὰς
1129 771 1217 825 διὰ
1244 772 1551 844 χρωμάτων
1585 771 1749 825 τινῶν

190 865 270 919 ἐπὶ
300 866 427 928 τοὺς
474 864 708 926 πίνακας
733 865 782 915 οἱ
813 865 1044 934 γραφεῖς
1094 862 1456 934 μεταφέρουσι
1481 904 1494 929 ,
1520 862 1620 927 τὰς
1673 864 1751 916 οἰ-

188 955 328 1018 κείας
359 972 420 1007 τε
458 954 551 1008 καὶ
595 954 962 1023 καταλλήλους
1013 953 1190 1023 βαφὰς
1236 952 1628 1023 ἀπαλείφοντες
1672 952 1751 1023 τῷ

190 1046 493 1115 μιμήματι,
516 1045 593 1108 ὡς
622 1045 687 1098 ἂν
717 1045 783 1097 δι’
823 1043 1106 1114 ἀκριϐείας
1133 1043 1194 1095 τὺ
1222 1042 1526 1113 ἀρχέτυπον
1557 1042 1750 1106 κάλλος

190 1136 530 1207 μετενεχθείη
559 1135 694 1206 πρὸς
713 1135 773 1187 τὸ
796 1136 1047 1205 ὁμοίωμα
1073 1150 1087 1165 ο
1111 1133 1253 1188 οὕτω
1285 1152 1373 1205 μοι
1399 1134 1509 1189 νόει
1539 1134 1633 1187 καὶ
1659 1132 1750 1187 τὸν

185 1229 444 1300 ἡμέτερον
479 1228 753 1297 πλάστην,
777 1224 889 1280 οἷόν
917 1244 1026 1279 τισι
1056 1226 1252 1297 βαφαῖς
1283 1228 1350 1298 τῇ
1393 1226 1499 1280 τῶν
1543 1226 1751 1296 ἀρετῶν

184 1320 399 1391 ἐπιϐολῇ
417 1319 553 1389 πρὸς
568 1318 627 1372 τὺ
650 1320 777 1372 ἴδιον
794 1317 987 1382 κάλλος
999 1316 1095 1388 τὴν
1109 1316 1291 1370 εἰκόνα
1309 1335 1375 1370 πε
1382 1314 1751 1390 ριανθίσαντα,

184 1412 235 1464 ἰν
258 1414 389 1481 ἡμῖν
412 1409 585 1475 δεῖξαι
618 1409 714 1479 τὴν
742 1408 876 1461 ἰδίαν
912 1409 1105 1479 ἀρχήν.
1136 1407 1396 1478 Πολυειδῆ
1423 1408 1478 1461 δὲ
1503 1409 1597 1461 καὶ¹
1633 1424 1752 1461 ποι-

184 1506 299 1559 κίλα
322 1505 394 1557 τὰ
413 1505 579 1558 οἰονεί
600 1502 866 1577 χρώματα
888 1504 987 1572 τῆς
1015 1500 1241 1566 εἰκόνος,
1266 1500 1332 1554 δι’
1362 1497 1437 1556 ὧν
1461 1503 1493 1571 ή
1523 1500 1749 1571 ἀληθινὴ

184 1595 663 1664 ἀναζωγραφεῖται
695 1595 876 1666 μορφὴ
899 1633 913 1657 ,
947 1595 1047 1648 ούκ
1069 1592 1356 1666 ὲρύθρημα
1385 1592 1479 1646 καὶ
1508 1591 1753 1664 λαμπρό-

3322 194 3422 252 153

2475 315 2702 372 CAPUT
2734 315 2799 369 V.

1991 407 2270 463 Hominem
2302 409 2467 463 divini
2504 409 2707 477 imperii
2738 407 3014 477 imaginem
3045 408 3303 464 exhibere.

1928 501 2195 555 Caeterum
2227 499 2576 569 pulchritudo
2601 498 2699 553 illa
2736 500 2941 563 divina,
2976 512 3082 553 non
3112 499 3218 553 ulla
3248 499 3420 555 forma

1860 593 1941 647 vel
1989 591 2186 648 eximia
2234 598 2519 647 venustate
2567 597 2791 645 externa
2845 588 3171 657 resplendet,
3228 589 3324 646 sed
3367 592 3422 645 in

1858 680 2116 736 beatitate
2172 679 2471 737 secundum
2520 679 2775 734 virtutem
2833 676 3094 733 ineffabili
3147 678 3420 735 consistit.

1858 769 2066 826 Idcirco
2109 767 2562 840 quemadmodum
2597 769 2834 839 pictores
2862 767 3140 823 coloribus
3190 768 3426 838 quibus~

1859 860 1984 916 dam
2018 861 2220 932 ﬁguras
2250 861 2522 917 humanas
2554 860 2610 915 in
2648 860 2846 915 tabulis
2875 859 3206 931 exprimunt,
3246 860 3425 915 omni-

1858 967 1966 1021 que
1997 952 2175 1007 studio
2197 952 2410 1007 colores
2435 952 2690 1022 proprios
2719 959 2773 1007 et
2806 938 3196 1007 convenientes
3225 951 3425 1007 addere

1860 1041 2089 1112 picturae
2141 1057 2254 1097 sua:-
2311 1052 2599 1105 conantur,
2654 1050 2713 1096 ut
2763 1041 3224 1112 pulchritudinem
3281 1041 3422 1110 ejus,

1857 1130 2003 1201 quod
2027 1123 2372 1201 exprimunt,~
2389 1131 2735 1201 exemplaris,
2760 1137 3014 1185 accurate
3042 1129 3097 1183 in
3134 1129 3422 1199 imaginem

1858 1223 2033 1293 ipsam
2066 1221 2400 1278 transferant
2431 1240 2443 1275 :
2494 1221 2573 1277 sic
2602 1229 2847 1277 nostrum
2877 1221 3040 1276 etiam
3087 1219 3422 1275 conditorem

1857 1315 2218 1381 existimabis,
2272 1315 2545 1370 indentem
2586 1315 2813 1370 virtutes
2841 1310 3038 1368 animis
3072 1312 3297 1374 nostris,
3330 1306 3426 1366 iis-

1857 1407 1980 1463 dem
2025 1408 2189 1463 veluti
2224 1407 2500 1464 coloribus
2534 1407 2822 1478 imaginem
2871 1420 3024 1461 suam
3060 1404 3125 1458 ad
3167 1404 3426 1459 similitu-

1858 1498 2041 1554 dinem
2080 1500 2314 1570 propriae
2359 1499 2781 1570 pulchritudinis
2828 1513 3077 1562 ornasse,
3122 1507 3181 1551 ut
3220 1496 3422 1566 princi-

1859 1599 2019 1661 patus
2048 1594 2134 1647 sui
2165 1594 2345 1663 imago
2368 1593 2422 1648 in
2451 1595 2608 1649 nobis
2631 1593 3052 1664 perspiceretur.
3078 1589 3219 1646 Sunt
3245 1598 3422 1646 autem

182 1704 292 1756 της,
312 1685 410 1738 καὶ
438 1686 473 1756 ἡ
503 1685 633 1738 ποιά
652 1684 855 1738 τούτων
877 1685 1014 1756 πρὸς
1035 1682 1237 1754 ἄλληλα
1269 1681 1434 1753 μίξις,
1463 1681 1583 1736 οὐδὲ
1608 1699 1751 1747 τινος

1889 1682 2184 1753 tultiplices
2230 1699 2294 1738 ac
2330 1684 2467 1739 varii
2507 1684 2673 1755 hujus
2721 1684 2972 1754 imaginis
3022 1684 3254 1748 colores,
3299 1684 3421 1752 qui-

184 1777 406 1848 μέλανος
434 1776 728 1847 ὑπογραφὴ
765 1774 940 1846 ὀφρύν
973 1792 1032 1828 τε
1068 1775 1162 1829 καὶ
1192 1775 1503 1846 ὀφθαλμοὺς
1534 1775 1751 1830 ὑπαλεί-

1891 1788 1958 1827 us
2004 1773 2184 1829 nativa
2216 1773 2309 1830 Dei
2359 1774 2532 1830 forma
2560 1776 2625 1830 ad
2658 1775 2837 1830 vivum
2891 1775 3217 1846 exprimitur
3250 1793 3263 1829 ε
3315 1788 3421 1828 non

182 1885 371 1936 φουσα,
397 1869 496 1921 καὶ⁵
525 1867 666 1921 κατά
697 1883 819 1919 τινα
851 1867 1044 1938 κρᾶσιν
1075 1867 1143 1921 τὰ
1177 1867 1327 1920 κοῖλα
1353 1864 1446 1919 τοῦ
1472 1867 1753 1938 χαρακτῆ-

184 1975 270 2029 ρος
291 1957 720 2020 ὑποσκιάζουσα,
747 1957 842 2008 καὶ
867 1954 967 2009 ὅσα
994 1954 1219 2009 τοιαῦτα
1245 1956 1549 2026 ζωγράφων
1570 1960 1751 2027 χεῖρες

182 2050 608 2120 ἑπετεχνήσαντο
629 2065 643 2079 ⁸
690 2047 806 2101 ἀλλ’
832 2047 952 2102 ἀντὶ
983 2046 1189 2100 τούτων
1227 2047 1535 2119 καθαρότης
1558 2089 1571 2114 ,
1602 2047 1750 2101 ἀπά-

181 2140 296 2194 θεια
319 2179 334 2203 ,
371 2139 743 2211 μακαριότης,
783 2138 955 2192 κακοῦ
993 2138 1193 2202 παντὸς
1234 2138 1607 2209 ἀλλοτρίωσις,
1655 2139 1749 2192 καὶ

177 2234 274 2286 δσα
298 2232 390 2285 τοῦ
418 2231 664 2285 τοιούτου
705 2230 896 2300 γένους
924 2230 1060 2292 ἐστὶ,
1094 2230 1161 2283 δι’
1204 2224 1280 2284 ὧν
1312 2231 1609 2301 μορφοῦται
1637 2234 1749 2294 τοῖς

176 2321 483 2392 ἀνθρώποις
508 2323 542 2392 ὴ
566 2321 700 2393 πρὸς
723 2321 783 2374 τὸ
809 2320 962 2375 Θεῖον
990 2322 1265 2390 ὁμοίωσις.
1294 2321 1567 2384 Τοιούτοις
1595 2321 1750 2375 ἄνθε-

180 2428 258 2465 σιν
286 2413 313 2463 6
340 2410 675 2482 δημιουργὸς
699 2410 799 2480 τῆς
824 2410 961 2473 ἰδίας
1008 2411 1215 2475 εἰκόνος
1236 2411 1334 2482 τὴν
1361 2412 1639 2483 ἡμετέραν
1667 2411 1747 2464 δι-

178 2501 407 2572 εχάραξε
437 2501 621 2569 φύσιν.
666 2501 728 2554 Εἰ
765 2501 822 2554 δὲ
852 2502 946 2554 καὶ
969 2502 1034 2554 τά
1069 2501 1205 2556 ἄλλα
1243 2500 1615 2568 συνεξετάζοις
1635 2542 1649 2566 ,
1682 2501 1749 2555 δι’

176 2585 249 2646 ὧν
286 2593 349 2645 τὸ
388 2591 536 2645 θεῖον
579 2590 775 2654 κάλλος
809 2589 1308 2662 χαρακτηρίζεταιο
1355 2592 1610 2662 εὑρήσεις
1656 2592 1751 2644 καὶ

177 2684 308 2754 am
330 2685 515 2738 ἐκεῖνα
537 2684 606 2735 δι’
634 2681 918 2753 ἀκριϐείας
952 2681 1263 2753 σωζομένην
1282 2685 1338 2736 ὲν
1364 2684 1430 2753 τῇ
1453 2681 1573 2736 καθ’
1603 2683 1749 2753 ἡμᾶς

177 2774 340 2827 εἰκόνι
358 2774 463 2844 τὴν
483 2772 797 2843 ὁμοιότητα.
824 2770 964 2835 Νοῦς
989 2773 1084 2827 καὶ
1110 2772 1270 2840 λόγος
1297 2771 1554 2844 ήθειότης
1581 2772 1761 2859 ἐστίν’)

176 2870 232 2921 ἑν
273 2869 417 2938 ἀρχῇ
452 2881 512 2917 τε
545 2864 656 2935 γὰρ
682 2860 750 2934 ἦν
783 2864 811 2915 6
844 2865 1034 2931 Λόγος.
1065 2864 1175 2917 Καὶ
1210 2865 1260 2918 οἰ
1302 2865 1575 2935 προφῆται
1611 2863 1750 2917 κατά

178 2957 383 3009 Παῦλον
408 2954 538 3008 νοῦν
562 2953 800 3025 Χριστοῦ
826 2952 1025 3023 ἔχουσι,
1056 2953 1148 3005 τὸν
1177 2954 1236 3005 ὲν
1263 2953 1445 3016 αὐτοῖς
1467 2952 1748 3008 λαλοῦντα.

171 3047 246 3101 οὗ
295 3046 490 3117 πόρρω
530 3044 735 3097 τούτων
788 3046 879 3098 καὶ
925 3044 987 3096 τὸ
1039 3042 1398 3114 ἀνθρώπινον.
1467 3044 1628 3114 Ὁρᾷς
1692 3045 1749 3096 ὲν

174 3136 386 3206 σεαυτῷ
411 3135 510 3190 καὶ
528 3135 621 3188 τὸν
650 3134 831 3202 λόγον,
873 3135 966 3188 καὶ
990 3133 1250 3199 διάνοιαν,
1284 3135 1508 3205 μίμημα
1537 3135 1629 3188 τοῦ
1663 3134 1750 3190 ὅν-

168 3245 276 3291 τως
323 3227 421 3281 νοῦ
466 3244 526 3279 τε
573 3227 667 3279 καὶ
717 3226 897 3294 λόγου.
946 3225 1158 3297 Ἀγὰπη
1193 3226 1354 3281 πάλιν
1393 3230 1420 3281 ὁ
1449 3226 1582 3291 Θεὸς
1604 3267 1619 3291 ,
1656 3227 1752 3281 καὶ

169 3317 393 3386 ἀγάπης
437 3317 613 3387 πηγή.
642 3316 812 3369 Τοῦτο
827 3316 945 3387 ξγόιρ
994 3333 1157 3387 φησιν
1200 3316 1453 3387 Ἰωάννης
1484 3318 1514 3370 6
1555 3317 1747 3387 μέγας,

169 3409 249 3460 ὅτι
272 3426 291 3458 ι
312 3406 535 3475 ’Δγάπη
551 3408 614 3459 ὲκ
631 3404 722 3458 τοῦ
740 3386 872 3458 Θεοῦ
888 3422 902 3436 -
926 3426 945 3458 ι
969 3386 1083 3470 καὶ,
1105 3426 1123 3457 ι
1145 3405 1203 3459 'U
1222 3406 1351 3464 Θεὸς
1370 3386 1685 3477 ἀγάπηὲστί
1700 3423 1711 3436 ’
1729 3427 1747 3461 ι

168 3497 329 3551 τοῦτο
350 3497 451 3550 καὶ
473 3498 738 3567 ἡμέτερον
761 3498 1051 3569 πεποίηται
1071 3498 1360 3569 πρόσωπον
1375 3501 1404 3552 ὁ
1424 3499 1521 3570 τῆς
1542 3499 1755 3567 φύσεως

168 3588 442 3658 πλάστης.
471 3607 489 3641 ι
512 3589 602 3643 Ἐν
618 3587 791 3658 τούτῳ
810 3609 830 3641 ι
851 3586 979 3660 γὰρ,
1001 3590 1154 3659 φησί,
1174 3607 1192 3640 ι
1215 3587 1511 3657 γνώσονται
1534 3589 1753 3656 πάντες,

165 3680 246 3733 ὅτι
279 3679 525 3750 μαθηταί
558 3696 659 3749 μου
691 3680 838 3742 ἐστὲ,
873 3681 967 3733 ἐὰν
998 3681 1245 3748 ἀγαπᾶτε
1276 3680 1558 3749 ἀλλήλους.
1581 3699 1602 3731 ›
1657 3682 1756 3735 Οὐ·

167 3768 299 3823 κοῦν
336 3769 412 3839 μὴ
446 3767 729 3839 παρούσης
760 3767 984 3838 ταύτης,
1016 3767 1159 3830 ἄπας
1191 3770 1219 3822 6
1252 3766 1534 3839 χαρακτὴρ
1554 3767 1654 3837 τῆς
1677 3768 1755 3821 εἰ-

166 3861 327 3923 κόνος
371 3861 828 3931 μεταπεποίηται.
871 3860 1057 3915 Πάντα
1102 3859 1418 3926 ὲπιϐλὲπει,
1452 3860 1546 3912 καί
1576 3857 1753 3913 πάντα

164 3951 436 4006 ἐπακούει
460 3952 522 4005 τὸ
548 3952 723 4016 Θείον,
749 3953 844 4006 καὶ
867 3952 1042 4007 πάντα
1057 3952 1415 4023 διερευνᾶται.
1442 3952 1628 4022 Ἔχεις
1656 3950 1753 4005 καὶ

167 4044 235 4097 σὺ
268 4045 376 4115 τὴν
404 4045 475 4098 δι’
526 4044 703 4113 ὅψεως
741 4046 836 4099 καὶ
864 4044 1036 4114 ἀκοῆς
1076 4044 1183 4097 τῶν
1226 4043 1394 4097 ὄντων
1425 4041 1710 4114 ἀντίληψιν
1733 4081 1749 4109 ,

168 4136 265 4189 καὶ
300 4136 406 4207 τὴν
447 4134 747 4206 ζητητικΰν
775 4152 835 4189 τε
876 4136 970 4190 καὶ
1006 4134 1413 4207 διερευνητικὴν
1444 4134 1551 4188 τῶν
1580 4133 1750 4187 ὄντων

164 4226 440 4281 διάνοιαν.

1777 3003 1826 3069 C

1854 1861 1932 1915 illi
1970 1862 2189 1931 quidem
2227 1865 2312 1919 vel
2367 1864 2554 1930 rubor,
2596 1865 2680 1919 vel
2733 1863 3009 1934 splendor,
3042 1864 3127 1919 vel
3160 1865 3302 1918 facta
3332 1878 3422 1919 se—

1850 1950 2089 2005 cundum
2137 1953 2461 2023 qualitatum
2495 1955 2897 2024 proportionem
2944 1953 3139 2008 borum
3193 1953 3336 2007 inter
3364 1968 3425 2007 sc

1850 2040 2182 2108 commistio,
2214 2042 2298 2096 vel
2330 2043 2617 2097 atramenti
2652 2041 2719 2097 ad
2758 2042 2941 2098 fucum
2976 2040 3287 2112 usurpatio,
3317 2057 3421 2112 qua

1848 2133 2140 2203 supercilia
2180 2133 2393 2188 oculive
2439 2134 2808 2198 sublinantur,
2850 2150 2914 2190 ac
2951 2134 3189 2204 quodam
3221 2143 3423 2203 tempe—

1848 2232 2100 2279 ramento
2127 2232 2308 2294 partes
2334 2225 2607 2295 depressa:
2634 2226 2942 2281 sublustres
2978 2225 3294 2292 reddantur,
3337 2226 3420 2281 vel

1849 2317 1896 2372 si
1926 2316 2056 2387 quid
2086 2324 2171 2371 est
2199 2317 2513 2387 hujusmodi
2548 2318 2691 2388 quod
2728 2317 2994 2371 artificum
3032 2317 3302 2372 industria
3332 2334 3421 2373 re-

1852 2409 1991 2477 perit
2023 2424 2034 2455 :
2077 2408 2170 2464 sed
2201 2409 2436 2479 puritas,
2474 2410 2791 2463 immunitas
2819 2425 2847 2463 a
2896 2411 3419 2479 perturbationibus,

1850 2497 2151 2563 beatitudo,
2197 2498 2441 2554 conditio
2474 2501 2601 2554 mali
2645 2501 2824 2555 omnis
2856 2515 3070 2570 expers,
3106 2509 3160 2555 et
3191 2501 3277 2558 his
3320 2502 3423 2556 alia

1854 2589 2182 2656 consimilia,
2246 2605 2370 2660 quae
2420 2590 2696 2646 hominem
2768 2590 2873 2645 Deo
2927 2606 3108 2661 parem
3163 2592 3421 2649 elﬁciunt.

1854 2679 2135 2750 Ejusmodi
2190 2678 2418 2736 floribus
2466 2681 2747 2735 hominum
2802 2693 3053 2738 naturam
3098 2683 3293 2739 artifex
3335 2685 3425 2740 ille

1854 2770 2087 2840 propriae
2115 2768 2367 2841 imaginis
2398 2771 2637 2826 ornavit.
2668 2772 2823 2838 Quod
2860 2774 2905 2828 si
2932 2780 2986 2827 ct
3020 2773 3121 2826 alia
3145 2774 3274 2829 libet
3302 2789 3426 2846 per-

1853 2861 2093 2930 quirere,
2125 2862 2325 2930 quibus
2352 2862 2534 2916 divina
2561 2862 2908 2931 pulchritudo
2942 2863 3306 2932 exprimitur:
3342 2864 3426 2918 in-

1856 2949 2064 3020 telliges
2120 2950 2284 3005 etiam
2335 2950 2426 3004 illa
2469 2950 2617 3021 quod
2655 2953 2869 3016 attinet,
2922 2952 3332 3007 similitudinem
3368 2953 3425 3009 in

1856 3041 2094 3113 imagine
2126 3049 2317 3097 nostra
2344 3050 2598 3098 accurate
2624 3052 2894 3099 servatam
2939 3058 3082 3100 esse.
3130 3045 3191 3100 In
3232 3052 3426 3101 natura

1856 3132 2039 3186 divina
2062 3139 2147 3187 est
2178 3147 2333 3187 mens
2359 3140 2413 3187 et
2442 3149 2642 3191 sermo.
2670 3135 2767 3190 Est
2786 3135 2930 3189 enim
2963 3136 3138 3192 sacris
3172 3136 3225 3191 in
3254 3135 3428 3194 Litte-
3513 3192 3517 3197 .

1857 3223 1934 3306 ris
1962 3223 2261 3293 proditum,
2289 3224 2446 3279 initio
2475 3239 2654 3280 rerum
2681 3226 2996 3283 Sermonem
3024 3228 3135 3298 jam
3164 3229 3335 3285 fuisse
3358 3230 3422 3283 δ’.

1856 3313 2061 3369 Paulus
2093 3315 2255 3369 etiam
2287 3324 2441 3371 vates
2463 3315 2668 3370 Christi
2692 3324 2926 3373 mentem
2958 3319 3217 3376 habuisse
3240 3320 3423 3385 tradit,

1859 3421 1955 3477 per
1987 3421 2083 3462 eos
2129 3407 2442 3476 loquentem
2465 3406 2532 3460 ”.
2565 3405 3005 3464 Consentaneum
3053 3410 3138 3465 his
3167 3410 3426 3481 quiddam
3538 3480 3553 3490 .

1856 3504 1941 3553 est
1968 3498 2024 3552 in
2054 3497 2292 3553 homine.
2340 3497 2474 3552 Nam
2505 3499 2562 3553 in
2607 3499 2786 3569 tcipso
2817 3500 3208 3558 animadvertis
3233 3513 3287 3559 et
3310 3518 3427 3559 ser-

1857 3604 2073 3644 monem
2105 3603 2249 3653 esse,
2289 3597 2344 3643 et
2380 3589 2486 3645 vim
2534 3588 2945 3661 intelligentem,
2969 3607 3090 3660 quae
3126 3582 3255 3648 sunt
3284 3609 3427 3649 vera:

1856 3677 2005 3732 illius
2028 3680 2226 3731 mentis
2257 3686 2310 3731 et
2333 3679 2604 3732 sermonis
2630 3679 2827 3747 imago.
2855 3679 3000 3736 Deus
3034 3681 3161 3735 item
3187 3682 3427 3741 charitas

1855 3777 1963 3834 est,
2000 3778 2055 3824 et
2093 3767 2215 3824 fons
2253 3768 2369 3838 ipse
2408 3769 2611 3825 amoris
2657 3772 2850 3826 mutui.
2898 3770 2989 3826 Sic
3021 3773 3165 3827 enim
3195 3788 3426 3845 magnus

1856 3860 1947 3915 ille
1972 3857 2212 3915 Joannes
2242 3860 2505 3930 loquitur,
2543 3875 2668 3917 cum
2696 3863 2773 3916 ait
2803 3879 2817 3915 :
2861 3883 2879 3915 ι
2902 3863 2977 3918 Ex
3010 3864 3116 3921 Deo
3141 3873 3225 3921 cst
3248 3866 3426 3922 chari-

1853 3958 1992 4016 tas,»
2014 3959 2090 4017 et,
2118 3970 2138 4004 ι
2161 3951 2303 4009 Deus
2325 3953 2439 4022 ipse
2460 3952 2594 4008 nihil
2619 3962 2702 4010 est
2721 3954 2865 4011 aliud
2889 3973 3047 4027 quam
3071 3959 3309 4017 charitas
3325 3960 3420 4015 “.n

1854 4042 2029 4098 Etiam
2061 4045 2203 4098 hanc
2236 4043 2400 4101 faciei
2430 4057 2630 4102 nostrae
2657 4056 2838 4102 notam
2870 4064 3050 4105 rerum
3080 4050 3305 4107 Creator
3334 4052 3428 4107 im-

1853 4135 2090 4205 pressit:
2137 4136 2325 4207 itaque
2360 4137 2579 4208 inquit:
2618 4156 2635 4189 ι
2673 4140 2751 4194 Ex
2794 4155 2860 4195 eo
2887 4141 3187 4214 intelligent
3215 4159 3424 4211 omnes,

1850 4240 1967 4313 vos.
2004 4241 2156 4283 meos
2206 4242 2328 4283 esse
2374 4228 2694 4313 discipulos,
2755 4231 2801 4285 si
2855 4241 3045 4287 mutuo
3096 4250 3192 4288 vos
3242 4248 3427 4290 amore

165 4316 605 4387 complectimini
628 4318 747 4372 δέ»
792 4317 1002 4375 Idcirco
1028 4319 1072 4373 si
1103 4327 1328 4373 mutuus
1361 4318 1449 4372 hic
1478 4331 1633 4371 amor
1663 4316 1718 4371 in
1742 4316 1900 4373 nobis
1929 4305 2288 4384 desideretur,
2324 4320 2490 4376 totius
2510 4305 2772 4391 imaginis
2799 4329 2939 4377 notae
2972 4330 3190 4379 mutatae
3219 4324 3427 4380 scilicet

164 4418 360 4466 erunt.
389 4409 588 4466 Omnia
626 4412 872 4467 intuetur
896 4414 1138 4468 divinum
1183 4411 1418 4478 Numen,
1448 4412 1634 4466 omnia
1681 4411 1925 4478 exaudit,
1981 4412 2161 4466 omnia
2222 4422 2614 4482 perscrutatur.
2666 4412 2841 4467 Etiam
2891 4423 2947 4469 tu
2982 4416 3098 4471 visu
3134 4417 3430 4489 audituque

165 4519 258 4560 res
288 4503 558 4575 percipis,
594 4512 650 4559 et
680 4509 880 4563 mentis
907 4507 1263 4577 intelligentia
1298 4506 1552 4563 universa
1581 4505 1815 4575 inquiris
1841 4513 1894 4561 et
1918 4507 2299 4575 perscrutaris.

706 4598 1101 4652 ΚΕΦΑΛΔΙΟΝ
1128 4600 1218 4665 ς’.

2475 4597 2705 4654 CAPUT
2742 4597 2827 4654 VI.

176 4688 507 4760 Ἐξέτασις
535 4666 648 4760 τῇς
688 4689 796 4760 τοῦ
826 4688 937 4743 νοῦ
967 4690 1130 4760 ,πρὸς
1162 4688 1288 4760 ri)?
1333 4690 1522 4760 φύσιν
1552 4702 1751 4758 cvm-

1889 4684 2202 4760 Iognotionis
2244 4702 2363 4760 quia
2403 4688 2563 4760 menti
2594 4704 2709 4741 cum
2741 4699 2938 4760 natura
2981 4699 3080 4754 est,
3118 4689 3427 4760 indagatio;

234 4760 434 4830 νείας,
464 4752 713 4830 ἑνῷίᾶιαὶ
733 4759 804 4813 ἐκ
818 4752 1084 4828 παρόδου
1104 4752 1180 4811 τὸ
1208 4752 1662 4830 τῶν-’Ἀνομοίωτὲ
1676 4752 1761 4815 δι-

232 4829 557 4902 ελέγχεται
582 4829 789 4901 δόγμα.

235 4917 355 4971 Καί
388 4934 459 4987 με
497 4917 686 4988 μηδεὶς
710 4916 905 4972 οἰέσθω
948 4918 1070 4972 καθ’
1101 4919 1394 4989 ὁμοιότητα
1423 4918 1522 4989 τῆς
1545 4916 1756 4988 ἀνθρω-

164 5008 339 5079 πίνης
360 5008 646 5080 ἐνεργείας
662 5011 720 5062 ὲν
739 5007 1015 5080 διαφόροις
1040 5007 1299 5080 δυνάμεσι
1323 5008 1382 5061 τὸ
1407 5007 1560 5061 Θείον
1580 5006 1757 5076 λέγειν

161 5097 279 5152 τῶν
310 5099 490 5152 ὄντων
522 5098 882 5167 ἐφάπτεσθαι.
918 5098 993 5152 Οὐ
1026 5099 1135 5171 γάρ
1171 5099 1289 5152 ἐστι
1342 5096 1565 5152 δυνατὸν
1597 5098 1657 5152 ἐν
1683 5099 1753 5169 τῇ

159 5188 443 5262 ἁπλότητι
469 5191 571 5262 τῆς
594 5190 971 5262 θειότητοςλτδ
997 5189 1240 5243 ποικίλον
1266 5206 1326 5242 τε
1356 5189 1450 5242 καί⁷
1478 5185 1753 5251 πολυειδὲς

156 5279 264 5349 τῆς
316 5279 721 5351 ἀπιληπτικῆς
772 5280 1054 5350 ἐνεργείας
1084 5279 1434 5350 κατανοῆσαι.
1464 5278 1602 5332 Οὐδὲ
1643 5278 1752 5348 γὰρ

1931 4757 2020 4829 ιιὸί
2047 4756 2213 4829 obiter
2251 4767 2300 4829 et
2344 4757 2727 4822 haereticorum,
2771 4761 2862 4827 qui
2888 4758 3126 4814 Anomwi
3155 4756 3423 4829 dicantur,

1929 4825 2174 4879 doctrina
2204 4826 2489 4896 refutatur.

1929 4913 2101 4972 Nemo
2127 4924 2306 4970 autem
2341 4917 2619 4973 existimet
2658 4917 2729 4971 ita
2757 4932 2842 4972 me
2872 4916 3049 4989 loqui;
3072 4918 3226 4987 quasi
3256 4917 3425 4977 Deum

1859 5015 2093 5063 statuam
2127 5007 2207 5064 sic
2259 5022 2438 5077 agere,
2469 5016 2527 5062 ut
2584 5008 2859 5065 hominem
2907 5008 3154 5063 videmus
3197 5008 3428 5077 diversis

1859 5098 2210 5154 facultatibus
2280 5099 2337 5152 in
2397 5099 2610 5170 agendo
2664 5100 2765 5154 uti.
2828 5098 2944 5154 Non
2998 5099 3142 5153 enim
3209 5097 3293 5155 fas
3341 5110 3432 5159 est

1859 5186 1928 5242 de
1979 5184 2129 5251 Deo,
2190 5185 2350 5255 cujus
2397 5195 2484 5243 est
2547 5197 2739 5242 natura
2805 5187 3029 5256 simplex
3063 5225 3079 5251 ,
3150 5188 3426 5259 cogitare:

1860 5276 2018 5347 quasi
2073 5276 2225 5330 varia
2276 5275 2674 5346 multiplicique
2698 5274 2954 5331 facultate
2979 5276 3237 5346 praeditus
3266 5294 3433 5349 agat--

154 5370 302 5439 "jva
352 5370 566 5434 πολλαίξ
590 5370 739 5435 τινές
774 5371 913 5423 εἰσιν
941 5371 996 5424 αἱ
1043 5370 1428 5441 ἀντιληπτικαὶ
1461 5369 1569 5423 τῶν
1614 5385 1751 5440 πρα-

1889 5368 1916 5422 li
1970 5368 2060 5422 sit.
2116 5364 2248 5419 Nam
2309 5366 2355 5421 si
2409 5366 2464 5419 in
2492 5367 2650 5422 nobis
2692 5366 2912 5438 quidem
2961 5369 3141 5424 multa:
3181 5377 3312 5428 sunt
3352 5369 3432 5424 fa-

156 5458 400 5530 γμάτων
424 5458 709 5532 δυνάμεις,
747 5460 797 5513 εἰ
822 5459 915 5512 καὶ
938 5459 1288 5531 πολυτρόπως
1311 5457 1400 5512 διά
1427 5458 1535 5512 τῶν
1563 5456 1751 5547 αἰσθή-

1889 5459 2097 5514 :ultatt-s
2135 5474 2233 5528 per
2274 5473 2411 5529 quas
2447 5458 2693 5530 agimus,
2758 5460 2973 5515 etiamsi
3022 5459 3254 5518 diversis
3310 5474 3433 5529 mo-

234 5592 287 5626 "
315 5592 491 5651 Joan.
519 5610 561 5663 ι,
598 5596 653 5649 1.
741 5595 786 5627 ⁸⁸
821 5593 840 5649 1
874 5594 1002 5649 Cor.
1034 5600 1132 5662 vii,
1162 5594 1262 5662 40;
1302 5594 1345 5649 ll
1372 5595 1498 5650 Cor.
1538 5608 1658 5663 xm,
1691 5592 1745 5648 5.
1843 5592 1902 5669 “_
1935 5591 1956 5648 ι
1991 5592 2149 5651 Joan.
2178 5568 2259 5664 iv,
2299 5592 2350 5663 7,
2384 5593 2436 5651 8.
2530 5595 2575 5628 "
2603 5592 2757 5652 Joau.
2794 5596 2917 5661 xxii,
2953 5594 3042 5652 55.

411 5693 693 5755 Pax-non.
740 5691 865 5754 Gn.
911 5689 1124 5753 XLIV.
2204 5736 2213 5745 ,
3147 5686 3190 5748 5
