  <div class='ocr_page' id='page_1' title='image "/cluster/home/n/w/nwhite01/storage/ocr_20150623/44/mdp.39015011915454/077.png"; bbox 0 0 3768 6000; ppageno 0'>
   <div class='ocr_carea' id='block_1_1' title="bbox 318 155 421 211">
    <p class='ocr_par' dir='ltr' id='par_1_1' title="bbox 318 155 421 211">
     <span class='ocr_line' id='line_1_1' title="bbox 318 155 421 211; baseline -0.019 0"><span class='ocrx_word' id='word_1_1' title='bbox 318 155 421 211; x_wconf 75' lang='grc'><strong>159</strong></span> 
     </span>
    </p>
   </div>
   <div class='ocr_carea' id='block_1_2' title="bbox 1563 154 2319 215">
    <p class='ocr_par' dir='ltr' id='par_1_2' title="bbox 1563 154 2319 215">
     <span class='ocr_line' id='line_1_2' title="bbox 1563 154 2319 215; baseline 0.001 -4"><span class='ocrx_word' id='word_1_2' title='bbox 1563 156 1621 212; x_wconf 91' lang='lat' dir='ltr'><strong>S.</strong></span> <span class='ocrx_word' id='word_1_3' title='bbox 1664 154 1992 212; x_wconf 79' lang='lat' dir='ltr'><strong>GREGORII</strong></span> <span class='ocrx_word' id='word_1_4' title='bbox 2029 159 2319 215; x_wconf 71' lang='lat' dir='ltr'><strong>NYSSENI</strong></span> 
     </span>
    </p>
   </div>
   <div class='ocr_carea' id='block_1_3' title="bbox 3470 161 3583 218">
    <p class='ocr_par' dir='ltr' id='par_1_3' title="bbox 3470 161 3583 218">
     <span class='ocr_line' id='line_1_3' title="bbox 3470 161 3583 218; baseline 0 -1"><span class='ocrx_word' id='word_1_5' title='bbox 3470 161 3583 218; x_wconf 75' lang='lat' dir='ltr'><strong>HO</strong></span> 
     </span>
    </p>
   </div>
   <div class='ocr_carea' id='block_1_4' title="bbox 317 250 1875 343">
    <p class='ocr_par' dir='ltr' id='par_1_4' title="bbox 317 264 1875 339">
     <span class='ocr_line' id='line_1_4' title="bbox 317 264 1875 339; baseline -0.003 -15"><span class='ocrx_word' id='word_1_6' title='bbox 317 270 401 324; x_wconf 85' lang='lat' dir='ltr'><strong>dis</strong></span> <span class='ocrx_word' id='word_1_7' title='bbox 454 283 548 339; x_wconf 86' lang='lat' dir='ltr'><strong>per</strong></span> <span class='ocrx_word' id='word_1_8' title='bbox 604 279 797 321; x_wconf 87' lang='lat' dir='ltr'><strong>sensus</strong></span> <span class='ocrx_word' id='word_1_9' title='bbox 856 267 1041 320; x_wconf 84' lang='lat' dir='ltr'><strong>omnia</strong></span> <span class='ocrx_word' id='word_1_10' title='bbox 1095 264 1448 337; x_wconf 84' lang='lat' dir='ltr'><strong>suscipimus.</strong></span> <span class='ocrx_word' id='word_1_11' title='bbox 1498 264 1593 323; x_wconf 89' lang='lat' dir='ltr'><strong>Est</strong></span> <span class='ocrx_word' id='word_1_12' title='bbox 1638 268 1783 323; x_wconf 87' lang='lat' dir='ltr'><strong>enim</strong></span> <span class='ocrx_word' id='word_1_13' title='bbox 1836 268 1875 321; x_wconf 82' lang='lat' dir='ltr'><strong>ir</strong></span> 
     </span>
    </p>
   </div>
   <div class='ocr_carea' id='block_1_5' title="bbox 2065 250 3580 343">
    <p class='ocr_par' dir='ltr' id='par_1_5' title="bbox 2065 250 3580 343">
     <span class='ocr_line' id='line_1_5' title="bbox 2065 250 3580 343; baseline 0.004 -20"><span class='ocrx_word' id='word_1_14' title='bbox 2065 290 2133 324; x_wconf 87' lang='grc' dir='ltr'><strong>ων</strong></span> <span class='ocrx_word' id='word_1_15' title='bbox 2165 272 2272 325; x_wconf 89' lang='grc' dir='ltr'><strong>τῶν</strong></span> <span class='ocrx_word' id='word_1_16' title='bbox 2302 250 2443 324; x_wconf 73' lang='grc' dir='ltr'>κατὰ</span> <span class='ocrx_word' id='word_1_17' title='bbox 2473 272 2617 343; x_wconf 77' lang='grc' dir='ltr'>ζωὴν</span> <span class='ocrx_word' id='word_1_18' title='bbox 2647 270 3034 341; x_wconf 80' lang='grc' dir='ltr'>ἐφαπτώμεθα.</span> <span class='ocrx_word' id='word_1_19' title='bbox 3066 271 3178 324; x_wconf 84' lang='grc' dir='ltr'>Μία</span> <span class='ocrx_word' id='word_1_20' title='bbox 3209 272 3315 343; x_wconf 91' lang='grc' dir='ltr'><strong>γάρ</strong></span> <span class='ocrx_word' id='word_1_21' title='bbox 3342 272 3424 337; x_wconf 87' lang='grc' dir='ltr'><strong>τίς</strong></span> <span class='ocrx_word' id='word_1_22' title='bbox 3454 273 3580 328; x_wconf 76' lang='grc' dir='ltr'>ἐστι</span> 
     </span>
    </p>
   </div>
   <div class='ocr_carea' id='block_1_6' title="bbox 318 357 1887 429">
    <p class='ocr_par' dir='ltr' id='par_1_6' title="bbox 318 357 1887 429">
     <span class='ocr_line' id='line_1_6' title="bbox 318 357 1887 429; baseline 0 -15"><span class='ocrx_word' id='word_1_23' title='bbox 318 362 475 416; x_wconf 88' lang='lat' dir='ltr'><strong>nobis</strong></span> <span class='ocrx_word' id='word_1_24' title='bbox 506 374 611 414; x_wconf 89' lang='lat' dir='ltr'><strong>una</strong></span> <span class='ocrx_word' id='word_1_25' title='bbox 642 357 886 429; x_wconf 64' lang='lat' dir='ltr'><strong>quaedam</strong></span> <span class='ocrx_word' id='word_1_26' title='bbox 916 357 997 413; x_wconf 91' lang='lat' dir='ltr'><strong>vis</strong></span> <span class='ocrx_word' id='word_1_27' title='bbox 1035 372 1099 411; x_wconf 93' lang='lat' dir='ltr'><strong>ac</strong></span> <span class='ocrx_word' id='word_1_28' title='bbox 1134 357 1386 420; x_wconf 76' lang='lat' dir='ltr'><strong>facultas,</strong></span> <span class='ocrx_word' id='word_1_29' title='bbox 1425 359 1685 412; x_wconf 84' lang='lat' dir='ltr'><strong>nimirum</strong></span> <span class='ocrx_word' id='word_1_30' title='bbox 1712 374 1887 423; x_wconf 89' lang='lat' dir='ltr'><strong>mens,</strong></span> 
     </span>
    </p>
   </div>
   <div class='ocr_carea' id='block_1_7' title="bbox 316 447 1889 523">
    <p class='ocr_par' dir='ltr' id='par_1_7' title="bbox 316 447 1889 523">
     <span class='ocr_line' id='line_1_7' title="bbox 316 447 1889 523; baseline -0.004 -15"><span class='ocrx_word' id='word_1_31' title='bbox 316 467 437 523; x_wconf 73' lang='lat' dir='ltr'><strong>quae</strong></span> <span class='ocrx_word' id='word_1_32' title='bbox 461 451 703 521; x_wconf 87' lang='lat' dir='ltr'><strong>singulas</strong></span> <span class='ocrx_word' id='word_1_33' title='bbox 757 462 1018 504; x_wconf 83' lang='lat' dir='ltr'><strong>sensuum</strong></span> <span class='ocrx_word' id='word_1_34' title='bbox 1065 447 1223 505; x_wconf 80' lang='lat' dir='ltr'><strong>sedes</strong></span> <span class='ocrx_word' id='word_1_35' title='bbox 1255 449 1586 519; x_wconf 90' lang='lat' dir='ltr'><strong>permeando</strong></span> <span class='ocrx_word' id='word_1_36' title='bbox 1632 452 1889 505; x_wconf 89' lang='lat' dir='ltr'><strong>universa</strong></span> 
     </span>
    </p>
   </div>
   <div class='ocr_carea' id='block_1_8' title="bbox 317 541 1890 612">
    <p class='ocr_par' dir='ltr' id='par_1_8' title="bbox 317 541 1890 612">
     <span class='ocr_line' id='line_1_8' title="bbox 317 541 1890 612; baseline -0.003 -13"><span class='ocrx_word' id='word_1_37' title='bbox 317 544 505 600; x_wconf 82' lang='lat' dir='ltr'><strong>el‘licit.</strong></span> <span class='ocrx_word' id='word_1_38' title='bbox 540 542 665 597; x_wconf 68' lang='lat' dir='ltr'><strong>llaec</strong></span> <span class='ocrx_word' id='word_1_39' title='bbox 696 542 871 597; x_wconf 87' lang='lat' dir='ltr'><strong>oculis</strong></span> <span class='ocrx_word' id='word_1_40' title='bbox 915 541 1177 612; x_wconf 78' lang='lat' dir='ltr'><strong>quidquid</strong></span> <span class='ocrx_word' id='word_1_41' title='bbox 1231 541 1480 607; x_wconf 76' lang='lat' dir='ltr'><strong>offertur,</strong></span> <span class='ocrx_word' id='word_1_42' title='bbox 1528 541 1717 596; x_wconf 89' lang='lat' dir='ltr'><strong>videt:</strong></span> <span class='ocrx_word' id='word_1_43' title='bbox 1775 542 1890 595; x_wconf 72' lang='lat' dir='ltr'><strong>ham</strong></span> 
     </span>
    </p>
   </div>
   <div class='ocr_carea' id='block_1_9' title="bbox 316 631 1889 707">
    <p class='ocr_par' dir='ltr' id='par_1_9' title="bbox 316 631 1889 707">
     <span class='ocr_line' id='line_1_9' title="bbox 316 631 1889 707; baseline -0.001 -18"><span class='ocrx_word' id='word_1_44' title='bbox 316 633 579 707; x_wconf 87' lang='lat' dir='ltr'><strong>quidquid</strong></span> <span class='ocrx_word' id='word_1_45' title='bbox 620 632 843 698; x_wconf 88' lang='lat' dir='ltr'><strong>dicitur,</strong></span> <span class='ocrx_word' id='word_1_46' title='bbox 884 633 1098 687; x_wconf 91' lang='lat' dir='ltr'><strong>aurium</strong></span> <span class='ocrx_word' id='word_1_47' title='bbox 1133 647 1234 702; x_wconf 89' lang='lat' dir='ltr'><strong>ope</strong></span> <span class='ocrx_word' id='word_1_48' title='bbox 1280 633 1529 703; x_wconf 80' lang='lat' dir='ltr'><strong>percipit.</strong></span> <span class='ocrx_word' id='word_1_49' title='bbox 1592 631 1719 687; x_wconf 64' lang='lat' dir='ltr'><strong>Haec</strong></span> <span class='ocrx_word' id='word_1_50' title='bbox 1769 648 1889 702; x_wconf 64' lang='lat' dir='ltr'><strong>qua:</strong></span> 
     </span>
    </p>
   </div>
   <div class='ocr_carea' id='block_1_10' title="bbox 316 722 1883 795">
    <p class='ocr_par' dir='ltr' id='par_1_10' title="bbox 316 722 1883 795">
     <span class='ocr_line' id='line_1_10' title="bbox 316 722 1883 795; baseline -0.003 -15"><span class='ocrx_word' id='word_1_51' title='bbox 316 734 466 795; x_wconf 86' lang='lat' dir='ltr'><strong>grata</strong></span> <span class='ocrx_word' id='word_1_52' title='bbox 505 734 632 780; x_wconf 89' lang='lat' dir='ltr'><strong>sunt</strong></span> <span class='ocrx_word' id='word_1_53' title='bbox 675 722 1040 791; x_wconf 87' lang='lat' dir='ltr'><strong>amplectitur,</strong></span> <span class='ocrx_word' id='word_1_54' title='bbox 1096 723 1308 791; x_wconf 87' lang='lat' dir='ltr'><strong>ingrata</strong></span> <span class='ocrx_word' id='word_1_55' title='bbox 1371 737 1501 778; x_wconf 88' lang='lat' dir='ltr'><strong>vero</strong></span> <span class='ocrx_word' id='word_1_56' title='bbox 1560 733 1883 788; x_wconf 76' lang='lat' dir='ltr'><strong>aversatur;</strong></span> 
     </span>
    </p>
   </div>
   <div class='ocr_carea' id='block_1_11' title="bbox 316 813 1885 882">
    <p class='ocr_par' dir='ltr' id='par_1_11' title="bbox 316 813 1885 882">
     <span class='ocr_line' id='line_1_11' title="bbox 316 813 1885 882; baseline -0.004 -10"><span class='ocrx_word' id='word_1_57' title='bbox 316 818 430 872; x_wconf 65' lang='lat' dir='ltr'><strong>haec</strong></span> <span class='ocrx_word' id='word_1_58' title='bbox 473 830 633 869; x_wconf 81' lang='lat' dir='ltr'><strong>manu</strong></span> <span class='ocrx_word' id='word_1_59' title='bbox 677 815 927 867; x_wconf 83' lang='lat' dir='ltr'><strong>ministra</strong></span> <span class='ocrx_word' id='word_1_60' title='bbox 978 827 1360 882; x_wconf 84' lang='lat' dir='ltr'><strong>quamcunque</strong></span> <span class='ocrx_word' id='word_1_61' title='bbox 1412 813 1478 867; x_wconf 90' lang='lat' dir='ltr'><strong>ad</strong></span> <span class='ocrx_word' id='word_1_62' title='bbox 1546 828 1662 868; x_wconf 91' lang='lat' dir='ltr'><strong>rem</strong></span> <span class='ocrx_word' id='word_1_63' title='bbox 1708 813 1885 870; x_wconf 80' lang='lat' dir='ltr'><strong>visum</strong></span> 
     </span>
    </p>
   </div>
   <div class='ocr_carea' id='block_1_12' title="bbox 316 903 1884 973">
    <p class='ocr_par' dir='ltr' id='par_1_12' title="bbox 316 903 1884 973">
     <span class='ocr_line' id='line_1_12' title="bbox 316 903 1884 973; baseline -0.002 -14"><span class='ocrx_word' id='word_1_64' title='bbox 316 906 498 970; x_wconf 84' lang='lat' dir='ltr'><strong>fuerit,</strong></span> <span class='ocrx_word' id='word_1_65' title='bbox 527 906 717 970; x_wconf 85' lang='lat' dir='ltr'><strong>utitur,</strong></span> <span class='ocrx_word' id='word_1_66' title='bbox 745 904 989 973; x_wconf 85' lang='lat' dir='ltr'><strong>ejusdem</strong></span> <span class='ocrx_word' id='word_1_67' title='bbox 1023 911 1082 957; x_wconf 93' lang='lat' dir='ltr'><strong>ut</strong></span> <span class='ocrx_word' id='word_1_68' title='bbox 1121 903 1469 957; x_wconf 85' lang='lat' dir='ltr'><strong>instrumenti</strong></span> <span class='ocrx_word' id='word_1_69' title='bbox 1515 918 1617 973; x_wconf 88' lang='lat' dir='ltr'><strong>ope</strong></span> <span class='ocrx_word' id='word_1_70' title='bbox 1665 919 1751 959; x_wconf 88' lang='lat' dir='ltr'><strong>res</strong></span> <span class='ocrx_word' id='word_1_71' title='bbox 1803 904 1884 959; x_wconf 88' lang='lat' dir='ltr'><strong>vel</strong></span> 
     </span>
    </p>
   </div>
   <div class='ocr_carea' id='block_1_13' title="bbox 312 994 1878 1064">
    <p class='ocr_par' dir='ltr' id='par_1_13' title="bbox 312 994 1878 1064">
     <span class='ocr_line' id='line_1_13' title="bbox 312 994 1878 1064; baseline -0.003 -12"><span class='ocrx_word' id='word_1_72' title='bbox 312 998 578 1061; x_wconf 86' lang='lat' dir='ltr'><strong>continet,</strong></span> <span class='ocrx_word' id='word_1_73' title='bbox 606 996 687 1050; x_wconf 90' lang='lat' dir='ltr'><strong>vel</strong></span> <span class='ocrx_word' id='word_1_74' title='bbox 722 996 918 1064; x_wconf 85' lang='lat' dir='ltr'><strong>rejicit,</strong></span> <span class='ocrx_word' id='word_1_75' title='bbox 947 1004 1099 1064; x_wconf 87' lang='lat' dir='ltr'><strong>prout</strong></span> <span class='ocrx_word' id='word_1_76' title='bbox 1129 1010 1192 1049; x_wconf 79' lang='lat' dir='ltr'><strong>ex</strong></span> <span class='ocrx_word' id='word_1_77' title='bbox 1218 1009 1318 1049; x_wconf 90' lang='lat' dir='ltr'><strong>usu</strong></span> <span class='ocrx_word' id='word_1_78' title='bbox 1352 994 1465 1049; x_wconf 81' lang='lat' dir='ltr'><strong>fore</strong></span> <span class='ocrx_word' id='word_1_79' title='bbox 1492 996 1700 1050; x_wconf 88' lang='lat' dir='ltr'><strong>statuit.</strong></span> <span class='ocrx_word' id='word_1_80' title='bbox 1725 994 1878 1060; x_wconf 88' lang='lat' dir='ltr'><strong>Quod</strong></span> 
     </span>
    </p>
   </div>
   <div class='ocr_carea' id='block_1_14' title="bbox 315 1085 1880 1157">
    <p class='ocr_par' dir='ltr' id='par_1_14' title="bbox 315 1085 1880 1157">
     <span class='ocr_line' id='line_1_14' title="bbox 315 1085 1880 1157; baseline -0.001 -15"><span class='ocrx_word' id='word_1_81' title='bbox 315 1089 359 1142; x_wconf 91' lang='lat' dir='ltr'><strong>si</strong></span> <span class='ocrx_word' id='word_1_82' title='bbox 392 1088 559 1157; x_wconf 78' lang='lat' dir='ltr'><strong>igitur</strong></span> <span class='ocrx_word' id='word_1_83' title='bbox 603 1087 657 1142; x_wconf 89' lang='lat' dir='ltr'><strong>in</strong></span> <span class='ocrx_word' id='word_1_84' title='bbox 709 1087 927 1141; x_wconf 83' lang='lat' dir='ltr'><strong>homine</strong></span> <span class='ocrx_word' id='word_1_85' title='bbox 969 1102 1134 1139; x_wconf 89' lang='lat' dir='ltr'><strong>unum</strong></span> <span class='ocrx_word' id='word_1_86' title='bbox 1178 1085 1438 1156; x_wconf 86' lang='lat' dir='ltr'><strong>quiddam</strong></span> <span class='ocrx_word' id='word_1_87' title='bbox 1486 1096 1569 1142; x_wconf 90' lang='lat' dir='ltr'><strong>est</strong></span> <span class='ocrx_word' id='word_1_88' title='bbox 1608 1095 1662 1141; x_wconf 92' lang='lat' dir='ltr'><strong>et</strong></span> <span class='ocrx_word' id='word_1_89' title='bbox 1715 1086 1880 1151; x_wconf 89' lang='lat' dir='ltr'><strong>idem,</strong></span> 
     </span>
    </p>
   </div>
   <div class='ocr_carea' id='block_1_15' title="bbox 312 1176 1885 1250">
    <p class='ocr_par' dir='ltr' id='par_1_15' title="bbox 312 1176 1885 1250">
     <span class='ocr_line' id='line_1_15' title="bbox 312 1176 1885 1250; baseline -0.001 -17"><span class='ocrx_word' id='word_1_90' title='bbox 312 1179 456 1250; x_wconf 91' lang='lat' dir='ltr'><strong>quod</strong></span> <span class='ocrx_word' id='word_1_91' title='bbox 496 1193 588 1247; x_wconf 87' lang='lat' dir='ltr'><strong>per</strong></span> <span class='ocrx_word' id='word_1_92' title='bbox 632 1178 815 1232; x_wconf 89' lang='lat' dir='ltr'><strong>omnia</strong></span> <span class='ocrx_word' id='word_1_93' title='bbox 845 1178 897 1230; x_wconf 90' lang='lat' dir='ltr'><strong>vi</strong></span> <span class='ocrx_word' id='word_1_94' title='bbox 934 1176 1294 1246; x_wconf 80' lang='lat' dir='ltr'><strong>facultateque</strong></span> <span class='ocrx_word' id='word_1_95' title='bbox 1332 1192 1429 1231; x_wconf 87' lang='lat' dir='ltr'><strong>sua</strong></span> <span class='ocrx_word' id='word_1_96' title='bbox 1467 1176 1572 1247; x_wconf 83' lang='lat' dir='ltr'><strong>agit</strong></span> <span class='ocrx_word' id='word_1_97' title='bbox 1607 1191 1669 1230; x_wconf 91' lang='lat' dir='ltr'><strong>ac</strong></span> <span class='ocrx_word' id='word_1_98' title='bbox 1703 1191 1885 1231; x_wconf 89' lang='lat' dir='ltr'><strong>move-</strong></span> 
     </span>
    </p>
   </div>
   <div class='ocr_carea' id='block_1_16' title="bbox 313 1266 1880 1336">
    <p class='ocr_par' dir='ltr' id='par_1_16' title="bbox 313 1266 1880 1336">
     <span class='ocr_line' id='line_1_16' title="bbox 313 1266 1880 1336; baseline -0.003 -13"><span class='ocrx_word' id='word_1_99' title='bbox 313 1281 422 1336; x_wconf 85' lang='lat' dir='ltr'><strong>tur,</strong></span> <span class='ocrx_word' id='word_1_100' title='bbox 462 1276 516 1325; x_wconf 88' lang='lat' dir='ltr'><strong>et</strong></span> <span class='ocrx_word' id='word_1_101' title='bbox 534 1267 777 1323; x_wconf 88' lang='lat' dir='ltr'><strong>vicissim</strong></span> <span class='ocrx_word' id='word_1_102' title='bbox 806 1281 951 1321; x_wconf 92' lang='lat' dir='ltr'><strong>nunc</strong></span> <span class='ocrx_word' id='word_1_103' title='bbox 1004 1266 1107 1321; x_wconf 89' lang='lat' dir='ltr'><strong>hoc</strong></span> <span class='ocrx_word' id='word_1_104' title='bbox 1146 1280 1293 1320; x_wconf 89' lang='lat' dir='ltr'><strong>nunc</strong></span> <span class='ocrx_word' id='word_1_105' title='bbox 1347 1267 1438 1320; x_wconf 89' lang='lat' dir='ltr'><strong>illo</strong></span> <span class='ocrx_word' id='word_1_106' title='bbox 1489 1281 1653 1322; x_wconf 89' lang='lat' dir='ltr'><strong>sensu</strong></span> <span class='ocrx_word' id='word_1_107' title='bbox 1688 1267 1880 1330; x_wconf 91' lang='lat' dir='ltr'><strong>utitur,</strong></span> 
     </span>
    </p>
   </div>
   <div class='ocr_carea' id='block_1_17' title="bbox 312 1358 1880 1436">
    <p class='ocr_par' dir='ltr' id='par_1_17' title="bbox 312 1358 1880 1436">
     <span class='ocr_line' id='line_1_17' title="bbox 312 1358 1880 1436; baseline -0.004 -17"><span class='ocrx_word' id='word_1_108' title='bbox 312 1363 564 1436; x_wconf 86' lang='lat' dir='ltr'><strong>quodque</strong></span> <span class='ocrx_word' id='word_1_109' title='bbox 593 1361 664 1415; x_wconf 91' lang='lat' dir='ltr'><strong>ob</strong></span> <span class='ocrx_word' id='word_1_110' title='bbox 691 1359 881 1429; x_wconf 79' lang='lat' dir='ltr'><strong>agendi</strong></span> <span class='ocrx_word' id='word_1_111' title='bbox 910 1358 1227 1413; x_wconf 87' lang='lat' dir='ltr'><strong>varietatem</strong></span> <span class='ocrx_word' id='word_1_112' title='bbox 1270 1365 1521 1412; x_wconf 90' lang='lat' dir='ltr'><strong>naturam</strong></span> <span class='ocrx_word' id='word_1_113' title='bbox 1574 1373 1729 1412; x_wconf 90' lang='lat' dir='ltr'><strong>suam</strong></span> <span class='ocrx_word' id='word_1_114' title='bbox 1774 1373 1880 1412; x_wconf 94' lang='lat' dir='ltr'><strong>non</strong></span> 
     </span>
    </p>
   </div>
   <div class='ocr_carea' id='block_1_18' title="bbox 310 1449 1882 1522">
    <p class='ocr_par' dir='ltr' id='par_1_18' title="bbox 310 1449 1882 1522">
     <span class='ocr_line' id='line_1_18' title="bbox 310 1449 1882 1522; baseline -0.006 -10"><span class='ocrx_word' id='word_1_115' title='bbox 310 1462 506 1519; x_wconf 88' lang='lat' dir='ltr'><strong>mutat,</strong></span> <span class='ocrx_word' id='word_1_116' title='bbox 539 1460 815 1522; x_wconf 88' lang='lat' dir='ltr'><strong>utcunque</strong></span> <span class='ocrx_word' id='word_1_117' title='bbox 838 1465 1099 1507; x_wconf 88' lang='lat' dir='ltr'><strong>sensuum</strong></span> <span class='ocrx_word' id='word_1_118' title='bbox 1123 1450 1491 1505; x_wconf 88' lang='lat' dir='ltr'><strong>instrumenta</strong></span> <span class='ocrx_word' id='word_1_119' title='bbox 1511 1449 1725 1505; x_wconf 85' lang='lat' dir='ltr'><strong>diversa</strong></span> <span class='ocrx_word' id='word_1_120' title='bbox 1774 1450 1882 1504; x_wconf 91' lang='lat' dir='ltr'><strong>sint</strong></span> 
     </span>
    </p>
   </div>
   <div class='ocr_carea' id='block_1_19' title="bbox 309 1542 1881 1615">
    <p class='ocr_par' dir='ltr' id='par_1_19' title="bbox 309 1542 1881 1615">
     <span class='ocr_line' id='line_1_19' title="bbox 309 1542 1881 1615; baseline -0.005 -11"><span class='ocrx_word' id='word_1_121' title='bbox 309 1566 339 1604; x_wconf 88' lang='lat' dir='ltr'><strong>a</strong></span> <span class='ocrx_word' id='word_1_122' title='bbox 369 1555 564 1603; x_wconf 91' lang='lat' dir='ltr'><strong>natura</strong></span> <span class='ocrx_word' id='word_1_123' title='bbox 599 1545 819 1602; x_wconf 89' lang='lat' dir='ltr'><strong>condita</strong></span> <span class='ocrx_word' id='word_1_124' title='bbox 851 1564 863 1599; x_wconf 92' lang='lat'>:</span> <span class='ocrx_word' id='word_1_125' title='bbox 890 1558 999 1615; x_wconf 93' lang='lat' dir='ltr'><strong>quo</strong></span> <span class='ocrx_word' id='word_1_126' title='bbox 1019 1549 1179 1613; x_wconf 90' lang='lat' dir='ltr'><strong>pacto</strong></span> <span class='ocrx_word' id='word_1_127' title='bbox 1203 1543 1327 1612; x_wconf 90' lang='lat' dir='ltr'><strong>quis</strong></span> <span class='ocrx_word' id='word_1_128' title='bbox 1354 1542 1488 1597; x_wconf 89' lang='lat' dir='ltr'><strong>adeo</strong></span> <span class='ocrx_word' id='word_1_129' title='bbox 1507 1542 1733 1596; x_wconf 88' lang='lat' dir='ltr'><strong>demens</strong></span> <span class='ocrx_word' id='word_1_130' title='bbox 1760 1556 1881 1596; x_wconf 90' lang='lat' dir='ltr'><strong>esse</strong></span> 
     </span>
    </p>
   </div>
   <div class='ocr_carea' id='block_1_20' title="bbox 309 1633 1955 1712">
    <p class='ocr_par' dir='ltr' id='par_1_20' title="bbox 309 1633 1955 1712">
     <span class='ocr_line' id='line_1_20' title="bbox 309 1633 1955 1712; baseline -0.01 -12"><span class='ocrx_word' id='word_1_131' title='bbox 309 1641 506 1712; x_wconf 83' lang='lat' dir='ltr'><strong>possit,</strong></span> <span class='ocrx_word' id='word_1_132' title='bbox 547 1647 606 1694; x_wconf 89' lang='lat' dir='ltr'><strong>ut</strong></span> <span class='ocrx_word' id='word_1_133' title='bbox 633 1637 729 1692; x_wconf 90' lang='lat' dir='ltr'><strong>Dei</strong></span> <span class='ocrx_word' id='word_1_134' title='bbox 758 1644 1009 1692; x_wconf 90' lang='lat' dir='ltr'><strong>naturam</strong></span> <span class='ocrx_word' id='word_1_135' title='bbox 1048 1650 1145 1704; x_wconf 91' lang='lat' dir='ltr'><strong>per</strong></span> <span class='ocrx_word' id='word_1_136' title='bbox 1180 1634 1470 1689; x_wconf 82' lang='lat' dir='ltr'><strong>facultates</strong></span> <span class='ocrx_word' id='word_1_137' title='bbox 1497 1634 1677 1688; x_wconf 82' lang='lat' dir='ltr'><strong>varias</strong></span> <span class='ocrx_word' id='word_1_138' title='bbox 1723 1633 1876 1698; x_wconf 87' lang='lat' dir='ltr'><strong>quasi</strong></span> <span class='ocrx_word' id='word_1_139' title='bbox 1913 1642 1955 1700; x_wconf 77' lang='grc' dir='ltr'><strong>Β</strong></span> 
     </span>
    </p>
   </div>
   <div class='ocr_carea' id='block_1_21' title="bbox 307 1724 1903 1799">
    <p class='ocr_par' dir='ltr' id='par_1_21' title="bbox 307 1724 1903 1799">
     <span class='ocr_line' id='line_1_21' title="bbox 307 1724 1903 1799; baseline -0.004 -13"><span class='ocrx_word' id='word_1_140' title='bbox 307 1731 767 1787; x_wconf 89' lang='lat' dir='ltr'><strong>multimembrem</strong></span> <span class='ocrx_word' id='word_1_141' title='bbox 810 1727 829 1799; x_wconf 95' lang='lat'>(</span> <span class='ocrx_word' id='word_1_142' title='bbox 859 1736 917 1783; x_wconf 94' lang='lat' dir='ltr'><strong>ut</strong></span> <span class='ocrx_word' id='word_1_143' title='bbox 949 1729 1021 1782; x_wconf 91' lang='lat' dir='ltr'><strong>ita</strong></span> <span class='ocrx_word' id='word_1_144' title='bbox 1051 1727 1310 1796; x_wconf 83' lang='lat' dir='ltr'><strong>dixerim)</strong></span> <span class='ocrx_word' id='word_1_145' title='bbox 1344 1726 1712 1796; x_wconf 81' lang='lat' dir='ltr'><strong>imaginetur?</strong></span> <span class='ocrx_word' id='word_1_146' title='bbox 1744 1724 1903 1780; x_wconf 58' lang='lat' dir='ltr'><strong>Nam‘</strong></span> 
     </span>
    </p>
   </div>
   <div class='ocr_carea' id='block_1_22' title="bbox 313 1804 1882 1888">
    <p class='ocr_par' dir='ltr' id='par_1_22' title="bbox 313 1804 1882 1888">
     <span class='ocr_line' id='line_1_22' title="bbox 313 1804 1882 1888; baseline -0.001 -15"><span class='ocrx_word' id='word_1_147' title='bbox 313 1842 331 1873; x_wconf 79' lang='grc' dir='ltr'><strong>ι</strong></span> <span class='ocrx_word' id='word_1_148' title='bbox 371 1821 472 1888; x_wconf 86' lang='lat' dir='ltr'><strong>Qui</strong></span> <span class='ocrx_word' id='word_1_149' title='bbox 502 1819 718 1875; x_wconf 84' lang='lat' dir='ltr'><strong>oculum</strong></span> <span class='ocrx_word' id='word_1_150' title='bbox 749 1818 923 1884; x_wconf 77' lang='lat' dir='ltr'><strong>finxit,</strong></span> <span class='ocrx_word' id='word_1_151' title='bbox 945 1839 964 1870; x_wconf 71' lang='grc' dir='ltr'><strong>ι</strong></span> <span class='ocrx_word' id='word_1_152' title='bbox 994 1820 1070 1873; x_wconf 90' lang='lat' dir='ltr'><strong>uti</strong></span> <span class='ocrx_word' id='word_1_153' title='bbox 1106 1804 1268 1873; x_wconf 80' lang='lat' dir='ltr'><strong>Vates</strong></span> <span class='ocrx_word' id='word_1_154' title='bbox 1290 1817 1532 1887; x_wconf 89' lang='lat' dir='ltr'><strong>loquitur</strong></span> <span class='ocrx_word' id='word_1_155' title='bbox 1560 1817 1625 1884; x_wconf 77' lang='lat'><strong>&quot;,</strong></span> <span class='ocrx_word' id='word_1_156' title='bbox 1664 1836 1682 1869; x_wconf 83' lang='grc' dir='ltr'><strong>ι</strong></span> <span class='ocrx_word' id='word_1_157' title='bbox 1709 1825 1761 1873; x_wconf 90' lang='lat' dir='ltr'><strong>et</strong></span> <span class='ocrx_word' id='word_1_158' title='bbox 1784 1833 1882 1871; x_wconf 87' lang='lat' dir='ltr'><strong>au-</strong></span> 
     </span>
    </p>
   </div>
   <div class='ocr_carea' id='block_1_23' title="bbox 307 1906 1882 1981">
    <p class='ocr_par' dir='ltr' id='par_1_23' title="bbox 307 1906 1882 1981">
     <span class='ocr_line' id='line_1_23' title="bbox 307 1906 1882 1981; baseline -0.004 -13"><span class='ocrx_word' id='word_1_159' title='bbox 307 1927 420 1968; x_wconf 89' lang='lat' dir='ltr'><strong>rem</strong></span> <span class='ocrx_word' id='word_1_160' title='bbox 462 1908 744 1981; x_wconf 87' lang='lat' dir='ltr'><strong>plantavit,</strong></span> <span class='ocrx_word' id='word_1_161' title='bbox 775 1926 794 1957; x_wconf 75' lang='grc' dir='ltr'><strong>ι</strong></span> <span class='ocrx_word' id='word_1_162' title='bbox 836 1906 1123 1961; x_wconf 80' lang='lat' dir='ltr'><strong>facultates</strong></span> <span class='ocrx_word' id='word_1_163' title='bbox 1183 1906 1346 1961; x_wconf 90' lang='lat' dir='ltr'><strong>hasce</strong></span> <span class='ocrx_word' id='word_1_164' title='bbox 1403 1913 1659 1974; x_wconf 87' lang='lat' dir='ltr'><strong>tanquam</strong></span> <span class='ocrx_word' id='word_1_165' title='bbox 1722 1912 1882 1962; x_wconf 91' lang='lat' dir='ltr'><strong>notas</strong></span> 
     </span>
    </p>
   </div>
   <div class='ocr_carea' id='block_1_24' title="bbox 307 1998 1882 2076">
    <p class='ocr_par' dir='ltr' id='par_1_24' title="bbox 307 1998 1882 2076">
     <span class='ocr_line' id='line_1_24' title="bbox 307 1998 1882 2076; baseline -0.003 -18"><span class='ocrx_word' id='word_1_166' title='bbox 307 2006 569 2076; x_wconf 77' lang='lat' dir='ltr'><strong>quasdam</strong></span> <span class='ocrx_word' id='word_1_167' title='bbox 600 2001 664 2055; x_wconf 88' lang='lat' dir='ltr'><strong>de</strong></span> <span class='ocrx_word' id='word_1_168' title='bbox 688 2000 887 2069; x_wconf 85' lang='lat' dir='ltr'><strong>quibus</strong></span> <span class='ocrx_word' id='word_1_169' title='bbox 911 1998 1036 2053; x_wconf 81' lang='lat' dir='ltr'><strong>facti</strong></span> <span class='ocrx_word' id='word_1_170' title='bbox 1071 1998 1136 2052; x_wconf 92' lang='lat' dir='ltr'><strong>ad</strong></span> <span class='ocrx_word' id='word_1_171' title='bbox 1168 1998 1343 2068; x_wconf 89' lang='lat' dir='ltr'><strong>ipsius</strong></span> <span class='ocrx_word' id='word_1_172' title='bbox 1373 1999 1680 2068; x_wconf 85' lang='lat' dir='ltr'><strong>exemplum</strong></span> <span class='ocrx_word' id='word_1_173' title='bbox 1711 2011 1882 2068; x_wconf 87' lang='lat' dir='ltr'><strong>agno-</strong></span> 
     </span>
    </p>
   </div>
   <div class='ocr_carea' id='block_1_25' title="bbox 308 2088 1882 2159">
    <p class='ocr_par' dir='ltr' id='par_1_25' title="bbox 308 2088 1882 2159">
     <span class='ocr_line' id='line_1_25' title="bbox 308 2088 1882 2159; baseline -0.004 -9"><span class='ocrx_word' id='word_1_174' title='bbox 308 2108 606 2154; x_wconf 89' lang='lat' dir='ltr'><strong>sceremur,</strong></span> <span class='ocrx_word' id='word_1_175' title='bbox 643 2092 922 2146; x_wconf 87' lang='lat' dir='ltr'><strong>hominum</strong></span> <span class='ocrx_word' id='word_1_176' title='bbox 958 2098 1167 2143; x_wconf 74' lang='lat' dir='ltr'><strong>natura:</strong></span> <span class='ocrx_word' id='word_1_177' title='bbox 1212 2090 1513 2159; x_wconf 87' lang='lat' dir='ltr'><strong>impressit.</strong></span> <span class='ocrx_word' id='word_1_178' title='bbox 1553 2088 1762 2143; x_wconf 90' lang='lat' dir='ltr'><strong>Idcirco</strong></span> <span class='ocrx_word' id='word_1_179' title='bbox 1795 2088 1882 2143; x_wconf 93' lang='lat' dir='ltr'><strong>in-</strong></span> 
     </span>
    </p>
   </div>
   <div class='ocr_carea' id='block_1_26' title="bbox 306 2179 1874 2257">
    <p class='ocr_par' dir='ltr' id='par_1_26' title="bbox 306 2179 1874 2257">
     <span class='ocr_line' id='line_1_26' title="bbox 306 2179 1874 2257; baseline -0.007 -15"><span class='ocrx_word' id='word_1_180' title='bbox 306 2188 424 2257; x_wconf 85' lang='lat' dir='ltr'><strong>quit</strong></span> <span class='ocrx_word' id='word_1_181' title='bbox 453 2206 468 2239; x_wconf 83' lang='lat'><strong>;</strong></span> <span class='ocrx_word' id='word_1_182' title='bbox 499 2207 514 2236; x_wconf 82' lang='grc' dir='ltr'><strong>ι</strong></span> <span class='ocrx_word' id='word_1_183' title='bbox 537 2183 822 2237; x_wconf 85' lang='lat' dir='ltr'><strong>Faciamus</strong></span> <span class='ocrx_word' id='word_1_184' title='bbox 854 2182 1123 2236; x_wconf 90' lang='lat' dir='ltr'><strong>hominem</strong></span> <span class='ocrx_word' id='word_1_185' title='bbox 1155 2180 1221 2233; x_wconf 90' lang='lat' dir='ltr'><strong>ad</strong></span> <span class='ocrx_word' id='word_1_186' title='bbox 1241 2179 1528 2250; x_wconf 76' lang='lat' dir='ltr'><strong>imaginem</strong></span> <span class='ocrx_word' id='word_1_187' title='bbox 1558 2191 1823 2234; x_wconf 91' lang='lat' dir='ltr'><strong>nostram.</strong></span> <span class='ocrx_word' id='word_1_188' title='bbox 1856 2199 1874 2231; x_wconf 71' lang='grc' dir='ltr'><strong>ι</strong></span> 
     </span>
    </p>
   </div>
   <div class='ocr_carea' id='block_1_27' title="bbox 309 2270 1881 2341">
    <p class='ocr_par' dir='ltr' id='par_1_27' title="bbox 309 2270 1881 2341">
     <span class='ocr_line' id='line_1_27' title="bbox 309 2270 1881 2341; baseline -0.006 -8"><span class='ocrx_word' id='word_1_189' title='bbox 309 2278 411 2333; x_wconf 88' lang='lat' dir='ltr'><strong>Sed</strong></span> <span class='ocrx_word' id='word_1_190' title='bbox 443 2276 532 2331; x_wconf 89' lang='lat' dir='ltr'><strong>ubi</strong></span> <span class='ocrx_word' id='word_1_191' title='bbox 574 2275 735 2329; x_wconf 91' lang='lat' dir='ltr'><strong>nobis</strong></span> <span class='ocrx_word' id='word_1_192' title='bbox 767 2273 1050 2329; x_wconf 75' lang='lat' dir='ltr'><strong>Anommi?</strong></span> <span class='ocrx_word' id='word_1_193' title='bbox 1098 2271 1226 2341; x_wconf 89' lang='lat' dir='ltr'><strong>quid</strong></span> <span class='ocrx_word' id='word_1_194' title='bbox 1270 2271 1338 2325; x_wconf 92' lang='lat' dir='ltr'><strong>ad</strong></span> <span class='ocrx_word' id='word_1_195' title='bbox 1376 2271 1490 2325; x_wconf 57' lang='lat' dir='ltr'><strong>haec</strong></span> <span class='ocrx_word' id='word_1_196' title='bbox 1536 2270 1753 2325; x_wconf 88' lang='lat' dir='ltr'><strong>tandem</strong></span> <span class='ocrx_word' id='word_1_197' title='bbox 1794 2270 1881 2325; x_wconf 85' lang='lat' dir='ltr'><strong>di-</strong></span> 
     </span>
    </p>
   </div>
   <div class='ocr_carea' id='block_1_28' title="bbox 308 2361 1881 2434">
    <p class='ocr_par' dir='ltr' id='par_1_28' title="bbox 308 2361 1881 2434">
     <span class='ocr_line' id='line_1_28' title="bbox 308 2361 1881 2434; baseline -0.005 -11"><span class='ocrx_word' id='word_1_198' title='bbox 308 2368 451 2423; x_wconf 82' lang='lat' dir='ltr'><strong>cturi</strong></span> <span class='ocrx_word' id='word_1_199' title='bbox 482 2374 611 2422; x_wconf 89' lang='lat' dir='ltr'><strong>sunt</strong></span> <span class='ocrx_word' id='word_1_200' title='bbox 631 2365 654 2417; x_wconf 88' lang='lat'><strong>?</strong></span> <span class='ocrx_word' id='word_1_201' title='bbox 676 2379 784 2434; x_wconf 93' lang='lat' dir='ltr'><strong>quo</strong></span> <span class='ocrx_word' id='word_1_202' title='bbox 809 2373 967 2433; x_wconf 89' lang='lat' dir='ltr'><strong>pacto</strong></span> <span class='ocrx_word' id='word_1_203' title='bbox 999 2362 1259 2418; x_wconf 87' lang='lat' dir='ltr'><strong>adversus</strong></span> <span class='ocrx_word' id='word_1_204' title='bbox 1285 2376 1346 2416; x_wconf 90' lang='lat' dir='ltr'><strong>ea</strong></span> <span class='ocrx_word' id='word_1_205' title='bbox 1364 2378 1483 2431; x_wconf 76' lang='lat' dir='ltr'><strong>quae</strong></span> <span class='ocrx_word' id='word_1_206' title='bbox 1506 2361 1703 2415; x_wconf 91' lang='lat' dir='ltr'><strong>tradita</strong></span> <span class='ocrx_word' id='word_1_207' title='bbox 1733 2377 1760 2415; x_wconf 95' lang='lat' dir='ltr'><strong>a</strong></span> <span class='ocrx_word' id='word_1_208' title='bbox 1785 2375 1881 2415; x_wconf 88' lang='lat' dir='ltr'><strong>no-</strong></span> 
     </span>
    </p>
   </div>
   <div class='ocr_carea' id='block_1_29' title="bbox 304 2438 1881 2521">
    <p class='ocr_par' dir='ltr' id='par_1_29' title="bbox 304 2438 1881 2521">
     <span class='ocr_line' id='line_1_29' title="bbox 304 2438 1881 2521; baseline -0.008 -8"><span class='ocrx_word' id='word_1_209' title='bbox 304 2459 389 2513; x_wconf 89' lang='lat' dir='ltr'><strong>bis</strong></span> <span class='ocrx_word' id='word_1_210' title='bbox 422 2464 568 2521; x_wconf 89' lang='lat' dir='ltr'><strong>sunt,</strong></span> <span class='ocrx_word' id='word_1_211' title='bbox 618 2454 921 2509; x_wconf 86' lang='lat' dir='ltr'><strong>doctrinam</strong></span> <span class='ocrx_word' id='word_1_212' title='bbox 972 2468 1126 2507; x_wconf 92' lang='lat' dir='ltr'><strong>suam</strong></span> <span class='ocrx_word' id='word_1_213' title='bbox 1180 2438 1478 2505; x_wconf 79' lang='lat' dir='ltr'><strong>absurdam</strong></span> <span class='ocrx_word' id='word_1_214' title='bbox 1545 2451 1881 2504; x_wconf 87' lang='lat' dir='ltr'><strong>tuebuntur?</strong></span> 
     </span>
    </p>
   </div>
   <div class='ocr_carea' id='block_1_30' title="bbox 308 2542 1879 2615">
    <p class='ocr_par' dir='ltr' id='par_1_30' title="bbox 308 2542 1879 2615">
     <span class='ocr_line' id='line_1_30' title="bbox 308 2542 1879 2615; baseline -0.005 -10"><span class='ocrx_word' id='word_1_215' title='bbox 308 2551 538 2605; x_wconf 86' lang='lat' dir='ltr'><strong>hoccine</strong></span> <span class='ocrx_word' id='word_1_216' title='bbox 570 2548 780 2604; x_wconf 85' lang='lat' dir='ltr'><strong>scilicet</strong></span> <span class='ocrx_word' id='word_1_217' title='bbox 811 2544 1240 2615; x_wconf 77' lang='lat' dir='ltr'><strong>respondebunt,</strong></span> <span class='ocrx_word' id='word_1_218' title='bbox 1290 2542 1403 2597; x_wconf 83' lang='lat' dir='ltr'><strong>ﬁeri</strong></span> <span class='ocrx_word' id='word_1_219' title='bbox 1453 2552 1716 2611; x_wconf 84' lang='lat' dir='ltr'><strong>possent</strong></span> <span class='ocrx_word' id='word_1_220' title='bbox 1772 2558 1879 2597; x_wconf 87' lang='lat' dir='ltr'><strong>una</strong></span> 
     </span>
    </p>
   </div>
   <div class='ocr_carea' id='block_1_31' title="bbox 305 2618 1879 2710">
    <p class='ocr_par' dir='ltr' id='par_1_31' title="bbox 305 2618 1879 2710">
     <span class='ocr_line' id='line_1_31' title="bbox 305 2618 1879 2710; baseline -0.006 -14"><span class='ocrx_word' id='word_1_221' title='bbox 305 2642 603 2710; x_wconf 86' lang='lat' dir='ltr'><strong>eademque</strong></span> <span class='ocrx_word' id='word_1_222' title='bbox 661 2639 841 2707; x_wconf 89' lang='lat' dir='ltr'><strong>imago</strong></span> <span class='ocrx_word' id='word_1_223' title='bbox 891 2634 1082 2689; x_wconf 80' lang='lat' dir='ltr'><strong>formis</strong></span> <span class='ocrx_word' id='word_1_224' title='bbox 1134 2618 1368 2687; x_wconf 83' lang='lat' dir='ltr'><strong>diversis</strong></span> <span class='ocrx_word' id='word_1_225' title='bbox 1407 2631 1733 2701; x_wconf 86' lang='lat' dir='ltr'><strong>respondeat</strong></span> <span class='ocrx_word' id='word_1_226' title='bbox 1763 2631 1879 2687; x_wconf 82' lang='lat' dir='ltr'><strong>?At</strong></span> 
     </span>
    </p>
   </div>
   <div class='ocr_carea' id='block_1_32' title="bbox 305 2720 1878 2792">
    <p class='ocr_par' dir='ltr' id='par_1_32' title="bbox 305 2720 1878 2792">
     <span class='ocr_line' id='line_1_32' title="bbox 305 2720 1878 2792; baseline -0.008 -2"><span class='ocrx_word' id='word_1_227' title='bbox 305 2749 435 2791; x_wconf 88' lang='lat' dir='ltr'><strong>vero</strong></span> <span class='ocrx_word' id='word_1_228' title='bbox 474 2732 519 2789; x_wconf 89' lang='lat' dir='ltr'><strong>si</strong></span> <span class='ocrx_word' id='word_1_229' title='bbox 553 2739 748 2786; x_wconf 85' lang='lat' dir='ltr'><strong>natura</strong></span> <span class='ocrx_word' id='word_1_230' title='bbox 781 2726 928 2781; x_wconf 89' lang='lat' dir='ltr'><strong>Patri</strong></span> <span class='ocrx_word' id='word_1_231' title='bbox 954 2725 1238 2781; x_wconf 86' lang='lat' dir='ltr'><strong>dissimilis</strong></span> <span class='ocrx_word' id='word_1_232' title='bbox 1268 2731 1353 2779; x_wconf 88' lang='lat' dir='ltr'><strong>est</strong></span> <span class='ocrx_word' id='word_1_233' title='bbox 1384 2720 1578 2786; x_wconf 87' lang='lat' dir='ltr'><strong>Filius,</strong></span> <span class='ocrx_word' id='word_1_234' title='bbox 1604 2721 1878 2792; x_wconf 87' lang='lat' dir='ltr'><strong>quomodo</strong></span> 
     </span>
    </p>
   </div>
   <div class='ocr_carea' id='block_1_33' title="bbox 306 2815 1879 2887">
    <p class='ocr_par' dir='ltr' id='par_1_33' title="bbox 306 2815 1879 2887">
     <span class='ocr_line' id='line_1_33' title="bbox 306 2815 1879 2887; baseline -0.009 -6"><span class='ocrx_word' id='word_1_235' title='bbox 306 2837 627 2881; x_wconf 86' lang='lat' dir='ltr'><strong>naturarum</strong></span> <span class='ocrx_word' id='word_1_236' title='bbox 680 2823 1019 2878; x_wconf 88' lang='lat' dir='ltr'><strong>diversarum</strong></span> <span class='ocrx_word' id='word_1_237' title='bbox 1054 2819 1244 2874; x_wconf 87' lang='lat' dir='ltr'><strong>eadem</strong></span> <span class='ocrx_word' id='word_1_238' title='bbox 1303 2817 1495 2872; x_wconf 83' lang='lat' dir='ltr'><strong>etTecta</strong></span> <span class='ocrx_word' id='word_1_239' title='bbox 1548 2817 1727 2887; x_wconf 81' lang='lat' dir='ltr'><strong>imago</strong></span> <span class='ocrx_word' id='word_1_240' title='bbox 1764 2815 1879 2871; x_wconf 86' lang='lat' dir='ltr'><strong>est?</strong></span> 
     </span>
    </p>
   </div>
   <div class='ocr_carea' id='block_1_34' title="bbox 306 2910 1933 2976">
    <p class='ocr_par' dir='ltr' id='par_1_34' title="bbox 306 2910 1933 2976">
     <span class='ocr_line' id='line_1_34' title="bbox 306 2910 1933 2976; baseline -0.007 -3"><span class='ocrx_word' id='word_1_241' title='bbox 306 2918 442 2974; x_wconf 83' lang='lat' dir='ltr'><strong>Nam</strong></span> <span class='ocrx_word' id='word_1_242' title='bbox 472 2932 595 2971; x_wconf 91' lang='lat' dir='ltr'><strong>cum</strong></span> <span class='ocrx_word' id='word_1_243' title='bbox 625 2915 860 2976; x_wconf 89' lang='lat' dir='ltr'><strong>dicatur,</strong></span> <span class='ocrx_word' id='word_1_244' title='bbox 916 2931 934 2963; x_wconf 85' lang='grc' dir='ltr'><strong>ι</strong></span> <span class='ocrx_word' id='word_1_245' title='bbox 969 2910 1258 2965; x_wconf 85' lang='lat' dir='ltr'><strong>Faciamus</strong></span> <span class='ocrx_word' id='word_1_246' title='bbox 1286 2910 1560 2964; x_wconf 88' lang='lat' dir='ltr'><strong>hominem</strong></span> <span class='ocrx_word' id='word_1_247' title='bbox 1603 2911 1669 2965; x_wconf 88' lang='lat' dir='ltr'><strong>ad</strong></span> <span class='ocrx_word' id='word_1_248' title='bbox 1703 2910 1877 2964; x_wconf 87' lang='lat' dir='ltr'><strong>nostri</strong></span> <span class='ocrx_word' id='word_1_249' title='bbox 1926 2946 1933 2951; x_wconf 74' lang='lat'><strong>.</strong></span> 
     </span>
    </p>
   </div>
   <div class='ocr_carea' id='block_1_35' title="bbox 1994 362 3576 433">
    <p class='ocr_par' dir='ltr' id='par_1_35' title="bbox 1994 362 3576 433">
     <span class='ocr_line' id='line_1_35' title="bbox 1994 362 3576 433; baseline 0.003 -18"><span class='ocrx_word' id='word_1_250' title='bbox 1994 362 2241 433; x_wconf 85' lang='grc' dir='ltr'>δύναμις,</span> <span class='ocrx_word' id='word_1_251' title='bbox 2273 364 2432 427; x_wconf 82' lang='grc' dir='ltr'>αὐτὸς</span> <span class='ocrx_word' id='word_1_252' title='bbox 2465 367 2493 417; x_wconf 99' lang='lat'><strong>6</strong></span> <span class='ocrx_word' id='word_1_253' title='bbox 2520 363 2835 433; x_wconf 79' lang='grc' dir='ltr'><strong>ἐγκείμενος</strong></span> <span class='ocrx_word' id='word_1_254' title='bbox 2869 362 3013 427; x_wconf 82' lang='grc' dir='ltr'>νοῦς,</span> <span class='ocrx_word' id='word_1_255' title='bbox 3042 365 3070 416; x_wconf 87' lang='grc' dir='ltr'><strong>ό</strong></span> <span class='ocrx_word' id='word_1_256' title='bbox 3098 364 3163 415; x_wconf 80' lang='grc' dir='ltr'>δι’</span> <span class='ocrx_word' id='word_1_257' title='bbox 3199 363 3435 418; x_wconf 80' lang='grc' dir='ltr'><strong>ἑκάστου</strong></span> <span class='ocrx_word' id='word_1_258' title='bbox 3460 367 3576 421; x_wconf 84' lang='grc' dir='ltr'><strong>τῶν</strong></span> 
     </span>
    </p>
   </div>
   <div class='ocr_carea' id='block_1_36' title="bbox 1992 454 3576 528">
    <p class='ocr_par' dir='ltr' id='par_1_36' title="bbox 1992 454 3576 528">
     <span class='ocr_line' id='line_1_36' title="bbox 1992 454 3576 528; baseline 0.001 -18"><span class='ocrx_word' id='word_1_259' title='bbox 1992 455 2363 526; x_wconf 73' lang='grc' dir='ltr'><strong>αἰσθητηρίων</strong></span> <span class='ocrx_word' id='word_1_260' title='bbox 2382 455 2615 519; x_wconf 82' lang='grc' dir='ltr'>διεξιὼν,</span> <span class='ocrx_word' id='word_1_261' title='bbox 2640 455 2733 509; x_wconf 81' lang='grc' dir='ltr'>καὶ</span> <span class='ocrx_word' id='word_1_262' title='bbox 2753 454 2860 507; x_wconf 89' lang='grc' dir='ltr'><strong>τῶν</strong></span> <span class='ocrx_word' id='word_1_263' title='bbox 2885 454 3053 508; x_wconf 73' lang='grc' dir='ltr'>ὄντων</span> <span class='ocrx_word' id='word_1_264' title='bbox 3088 455 3576 528; x_wconf 81' lang='grc' dir='ltr'>έπιδρασσόμενος.</span> 
     </span>
    </p>
   </div>
   <div class='ocr_carea' id='block_1_37' title="bbox 1999 541 3578 618">
    <p class='ocr_par' dir='ltr' id='par_1_37' title="bbox 1999 541 3578 618">
     <span class='ocr_line' id='line_1_37' title="bbox 1999 541 3578 618; baseline 0.001 -18"><span class='ocrx_word' id='word_1_265' title='bbox 1999 542 2166 610; x_wconf 75' lang='grc' dir='ltr'>Οὗτος</span> <span class='ocrx_word' id='word_1_266' title='bbox 2198 547 2393 618; x_wconf 85' lang='grc' dir='ltr'>θεωρεῖ</span> <span class='ocrx_word' id='word_1_267' title='bbox 2430 547 2516 600; x_wconf 90' lang='grc' dir='ltr'><strong>διά</strong></span> <span class='ocrx_word' id='word_1_268' title='bbox 2545 547 2652 600; x_wconf 87' lang='grc' dir='ltr'><strong>τῶν</strong></span> <span class='ocrx_word' id='word_1_269' title='bbox 2683 545 2976 616; x_wconf 75' lang='grc' dir='ltr'><strong>ὀφθαλμῶν</strong></span> <span class='ocrx_word' id='word_1_270' title='bbox 3005 545 3066 599; x_wconf 83' lang='grc' dir='ltr'>τὸ</span> <span class='ocrx_word' id='word_1_271' title='bbox 3096 547 3417 617; x_wconf 86' lang='grc' dir='ltr'>φαινόμενον</span> <span class='ocrx_word' id='word_1_272' title='bbox 3435 564 3449 578; x_wconf 78' lang='grc'><strong>’</strong></span> <span class='ocrx_word' id='word_1_273' title='bbox 3480 541 3578 602; x_wconf 66' lang='grc' dir='ltr'>οὗ·</span> 
     </span>
    </p>
   </div>
   <div class='ocr_carea' id='block_1_38' title="bbox 1990 636 3578 710">
    <p class='ocr_par' dir='ltr' id='par_1_38' title="bbox 1990 636 3578 710">
     <span class='ocr_line' id='line_1_38' title="bbox 1990 636 3578 710; baseline 0.002 -20"><span class='ocrx_word' id='word_1_274' title='bbox 1990 654 2081 700; x_wconf 87' lang='grc' dir='ltr'><strong>τος</strong></span> <span class='ocrx_word' id='word_1_275' title='bbox 2107 640 2275 690; x_wconf 88' lang='grc' dir='ltr'>συνιεῖ</span> <span class='ocrx_word' id='word_1_276' title='bbox 2302 636 2391 691; x_wconf 88' lang='grc' dir='ltr'><strong>διά</strong></span> <span class='ocrx_word' id='word_1_277' title='bbox 2430 638 2528 708; x_wconf 84' lang='grc' dir='ltr'>τῆς</span> <span class='ocrx_word' id='word_1_278' title='bbox 2567 638 2732 709; x_wconf 84' lang='grc' dir='ltr'>ἀκοῆς</span> <span class='ocrx_word' id='word_1_279' title='bbox 2758 637 2819 689; x_wconf 80' lang='grc' dir='ltr'><strong>τὸ</strong></span> <span class='ocrx_word' id='word_1_280' title='bbox 2847 636 3165 706; x_wconf 87' lang='grc' dir='ltr'>λεγόμενον,</span> <span class='ocrx_word' id='word_1_281' title='bbox 3207 639 3395 710; x_wconf 83' lang='grc' dir='ltr'>ἀγαπᾷ</span> <span class='ocrx_word' id='word_1_282' title='bbox 3421 657 3480 692; x_wconf 88' lang='grc' dir='ltr'><strong>τε</strong></span> <span class='ocrx_word' id='word_1_283' title='bbox 3511 640 3578 693; x_wconf 81' lang='grc' dir='ltr'><strong>τὸ</strong></span> 
     </span>
    </p>
   </div>
   <div class='ocr_carea' id='block_1_39' title="bbox 1991 725 3572 798">
    <p class='ocr_par' dir='ltr' id='par_1_39' title="bbox 1991 725 3572 798">
     <span class='ocr_line' id='line_1_39' title="bbox 1991 725 3572 798; baseline 0.003 -21"><span class='ocrx_word' id='word_1_284' title='bbox 1991 726 2370 797; x_wconf 85' lang='grc' dir='ltr'>κατευθύμιον,</span> <span class='ocrx_word' id='word_1_285' title='bbox 2422 727 2515 779; x_wconf 82' lang='grc' dir='ltr'><strong>καὶ</strong></span> <span class='ocrx_word' id='word_1_286' title='bbox 2544 725 2605 779; x_wconf 85' lang='grc' dir='ltr'><strong>τὸ</strong></span> <span class='ocrx_word' id='word_1_287' title='bbox 2642 726 2714 796; x_wconf 88' lang='grc' dir='ltr'><strong>μὴ</strong></span> <span class='ocrx_word' id='word_1_288' title='bbox 2743 725 2866 778; x_wconf 91' lang='grc' dir='ltr'>καθ’</span> <span class='ocrx_word' id='word_1_289' title='bbox 2897 726 3092 797; x_wconf 80' lang='grc' dir='ltr'>ἡδονὴν</span> <span class='ocrx_word' id='word_1_290' title='bbox 3140 727 3572 798; x_wconf 81' lang='grc' dir='ltr'><strong>ἀποστρέφεται,</strong></span> 
     </span>
    </p>
   </div>
   <div class='ocr_carea' id='block_1_40' title="bbox 1990 815 3575 887">
    <p class='ocr_par' dir='ltr' id='par_1_40' title="bbox 1990 815 3575 887">
     <span class='ocr_line' id='line_1_40' title="bbox 1990 815 3575 887; baseline 0.002 -19"><span class='ocrx_word' id='word_1_291' title='bbox 1990 818 2082 869; x_wconf 73' lang='grc' dir='ltr'>καὶ</span> <span class='ocrx_word' id='word_1_292' title='bbox 2117 820 2181 887; x_wconf 81' lang='grc' dir='ltr'>τῇ</span> <span class='ocrx_word' id='word_1_293' title='bbox 2222 818 2363 887; x_wconf 71' lang='grc' dir='ltr'>χειρὶ</span> <span class='ocrx_word' id='word_1_294' title='bbox 2396 815 2592 887; x_wconf 78' lang='grc' dir='ltr'>χρῆται</span> <span class='ocrx_word' id='word_1_295' title='bbox 2639 815 2774 884; x_wconf 78' lang='grc' dir='ltr'>πρὸς</span> <span class='ocrx_word' id='word_1_296' title='bbox 2814 815 2874 867; x_wconf 83' lang='grc' dir='ltr'><strong>τὸ</strong></span> <span class='ocrx_word' id='word_1_297' title='bbox 2912 816 2939 867; x_wconf 83' lang='grc' dir='ltr'>ὃ</span> <span class='ocrx_word' id='word_1_298' title='bbox 2966 832 3017 867; x_wconf 90' lang='grc' dir='ltr'><strong>τι</strong></span> <span class='ocrx_word' id='word_1_299' title='bbox 3050 815 3314 884; x_wconf 88' lang='grc' dir='ltr'>βούλεται,</span> <span class='ocrx_word' id='word_1_300' title='bbox 3350 818 3575 887; x_wconf 89' lang='grc' dir='ltr'>κρατῶν</span> 
     </span>
    </p>
   </div>
   <div class='ocr_carea' id='block_1_41' title="bbox 1987 905 3569 980">
    <p class='ocr_par' dir='ltr' id='par_1_41' title="bbox 1987 905 3569 980">
     <span class='ocr_line' id='line_1_41' title="bbox 1987 905 3569 980; baseline 0 -19"><span class='ocrx_word' id='word_1_301' title='bbox 1987 908 2053 961; x_wconf 84' lang='grc' dir='ltr'>δι’</span> <span class='ocrx_word' id='word_1_302' title='bbox 2075 908 2245 978; x_wconf 82' lang='grc' dir='ltr'>αὐτῆς</span> <span class='ocrx_word' id='word_1_303' title='bbox 2268 909 2360 961; x_wconf 76' lang='grc' dir='ltr'><strong>καὶ</strong></span> <span class='ocrx_word' id='word_1_304' title='bbox 2388 906 2773 976; x_wconf 81' lang='grc' dir='ltr'>ἀπωθούμενος</span> <span class='ocrx_word' id='word_1_305' title='bbox 2801 907 2944 977; x_wconf 80' lang='grc' dir='ltr'>άπερ</span> <span class='ocrx_word' id='word_1_306' title='bbox 2968 905 3033 959; x_wconf 85' lang='grc' dir='ltr'><strong>ἂν</strong></span> <span class='ocrx_word' id='word_1_307' title='bbox 3061 906 3358 960; x_wconf 86' lang='grc' dir='ltr'>λυσιτελεῖν</span> <span class='ocrx_word' id='word_1_308' title='bbox 3377 909 3569 980; x_wconf 77' lang='grc' dir='ltr'>κρίνῃ,</span> 
     </span>
    </p>
   </div>
   <div class='ocr_carea' id='block_1_42' title="bbox 1986 996 3573 1070">
    <p class='ocr_par' dir='ltr' id='par_1_42' title="bbox 1986 996 3573 1070">
     <span class='ocr_line' id='line_1_42' title="bbox 1986 996 3573 1070; baseline 0.001 -19"><span class='ocrx_word' id='word_1_309' title='bbox 1986 1001 2052 1069; x_wconf 80' lang='grc' dir='ltr'>τῇ</span> <span class='ocrx_word' id='word_1_310' title='bbox 2083 998 2174 1051; x_wconf 79' lang='grc' dir='ltr'>τοῦ</span> <span class='ocrx_word' id='word_1_311' title='bbox 2199 998 2431 1070; x_wconf 85' lang='grc' dir='ltr'>ὀργάνου</span> <span class='ocrx_word' id='word_1_312' title='bbox 2461 997 2720 1068; x_wconf 79' lang='grc' dir='ltr'>συνεργίᾳ</span> <span class='ocrx_word' id='word_1_313' title='bbox 2762 999 2842 1061; x_wconf 85' lang='grc' dir='ltr'><strong>είς</strong></span> <span class='ocrx_word' id='word_1_314' title='bbox 2872 996 3029 1050; x_wconf 84' lang='grc' dir='ltr'>τοῦτο</span> <span class='ocrx_word' id='word_1_315' title='bbox 3065 997 3469 1070; x_wconf 70' lang='grc' dir='ltr'>συγχρώμενος.</span> <span class='ocrx_word' id='word_1_316' title='bbox 3504 1001 3573 1052; x_wconf 80' lang='grc' dir='ltr'><strong>ΕΞ</strong></span> 
     </span>
    </p>
   </div>
   <div class='ocr_carea' id='block_1_43' title="bbox 1986 1088 3573 1161">
    <p class='ocr_par' dir='ltr' id='par_1_43' title="bbox 1986 1088 3573 1161">
     <span class='ocr_line' id='line_1_43' title="bbox 1986 1088 3573 1161; baseline -0.001 -20"><span class='ocrx_word' id='word_1_317' title='bbox 1986 1090 2163 1143; x_wconf 87' lang='grc' dir='ltr'>τοίνυν</span> <span class='ocrx_word' id='word_1_318' title='bbox 2210 1091 2266 1143; x_wconf 83' lang='grc' dir='ltr'>ὲν</span> <span class='ocrx_word' id='word_1_319' title='bbox 2304 1089 2381 1159; x_wconf 86' lang='grc' dir='ltr'>τῷ</span> <span class='ocrx_word' id='word_1_320' title='bbox 2425 1088 2696 1161; x_wconf 82' lang='grc' dir='ltr'>ἀνθρώπῳ</span> <span class='ocrx_word' id='word_1_321' title='bbox 2746 1088 2852 1142; x_wconf 82' lang='grc' dir='ltr'><strong>κᾶν</strong></span> <span class='ocrx_word' id='word_1_322' title='bbox 2886 1088 3118 1159; x_wconf 84' lang='grc' dir='ltr'>διάφορα</span> <span class='ocrx_word' id='word_1_323' title='bbox 3159 1089 3296 1159; x_wconf 82' lang='grc' dir='ltr'><strong>τύχῃ</strong></span> <span class='ocrx_word' id='word_1_324' title='bbox 3327 1088 3394 1142; x_wconf 77' lang='grc' dir='ltr'>τὰ</span> <span class='ocrx_word' id='word_1_325' title='bbox 3432 1089 3573 1160; x_wconf 82' lang='grc' dir='ltr'>πρὸς</span> 
     </span>
    </p>
   </div>
   <div class='ocr_carea' id='block_1_44' title="bbox 1985 1180 3564 1252">
    <p class='ocr_par' dir='ltr' id='par_1_44' title="bbox 1985 1180 3564 1252">
     <span class='ocr_line' id='line_1_44' title="bbox 1985 1180 3564 1252; baseline 0.001 -18"><span class='ocrx_word' id='word_1_326' title='bbox 1985 1182 2237 1252; x_wconf 79' lang='grc' dir='ltr'>αἴσθησιν</span> <span class='ocrx_word' id='word_1_327' title='bbox 2270 1180 2751 1250; x_wconf 75' lang='grc' dir='ltr'>κατεσκευασμένα</span> <span class='ocrx_word' id='word_1_328' title='bbox 2778 1181 2928 1251; x_wconf 81' lang='grc' dir='ltr'><strong>παρά</strong></span> <span class='ocrx_word' id='word_1_329' title='bbox 2949 1181 3048 1250; x_wconf 76' lang='grc' dir='ltr'><strong>τῆς</strong></span> <span class='ocrx_word' id='word_1_330' title='bbox 3082 1180 3297 1248; x_wconf 87' lang='grc' dir='ltr'>φύσεως</span> <span class='ocrx_word' id='word_1_331' title='bbox 3325 1181 3564 1251; x_wconf 77' lang='grc' dir='ltr'>ὄργανα,</span> 
     </span>
    </p>
   </div>
   <div class='ocr_carea' id='block_1_45' title="bbox 1983 1270 3572 1342">
    <p class='ocr_par' dir='ltr' id='par_1_45' title="bbox 1983 1270 3572 1342">
     <span class='ocr_line' id='line_1_45' title="bbox 1983 1270 3572 1342; baseline -0.001 -16"><span class='ocrx_word' id='word_1_332' title='bbox 1983 1275 2011 1325; x_wconf 89' lang='lat'><strong>6</strong></span> <span class='ocrx_word' id='word_1_333' title='bbox 2026 1273 2113 1326; x_wconf 83' lang='grc' dir='ltr'>διὰ</span> <span class='ocrx_word' id='word_1_334' title='bbox 2138 1272 2352 1326; x_wconf 85' lang='grc' dir='ltr'>πάντων</span> <span class='ocrx_word' id='word_1_335' title='bbox 2374 1271 2611 1342; x_wconf 76' lang='grc' dir='ltr'>ἐνεργῶν</span> <span class='ocrx_word' id='word_1_336' title='bbox 2639 1272 2735 1324; x_wconf 72' lang='grc' dir='ltr'><strong>καὶ</strong></span> <span class='ocrx_word' id='word_1_337' title='bbox 2758 1270 3077 1341; x_wconf 67' lang='grc' dir='ltr'>κινούμενος</span> <span class='ocrx_word' id='word_1_338' title='bbox 3098 1271 3190 1324; x_wconf 68' lang='grc' dir='ltr'><strong>καὶ</strong></span> <span class='ocrx_word' id='word_1_339' title='bbox 3214 1272 3572 1342; x_wconf 76' lang='grc' dir='ltr'>καταλλήλως</span> 
     </span>
    </p>
   </div>
   <div class='ocr_carea' id='block_1_46' title="bbox 1984 1359 3571 1436">
    <p class='ocr_par' dir='ltr' id='par_1_46' title="bbox 1984 1359 3571 1436">
     <span class='ocr_line' id='line_1_46' title="bbox 1984 1359 3571 1436; baseline -0.003 -19"><span class='ocrx_word' id='word_1_340' title='bbox 1984 1365 2199 1435; x_wconf 79' lang='grc' dir='ltr'>ἑκάστῳ</span> <span class='ocrx_word' id='word_1_341' title='bbox 2235 1364 2369 1436; x_wconf 83' lang='grc' dir='ltr'>πρὸς</span> <span class='ocrx_word' id='word_1_342' title='bbox 2413 1364 2475 1416; x_wconf 84' lang='grc' dir='ltr'><strong>τὸ</strong></span> <span class='ocrx_word' id='word_1_343' title='bbox 2516 1362 2878 1432; x_wconf 84' lang='grc' dir='ltr'>προκείμενον</span> <span class='ocrx_word' id='word_1_344' title='bbox 2916 1362 3290 1433; x_wconf 74' lang='grc' dir='ltr'>κεχρημένος,</span> <span class='ocrx_word' id='word_1_345' title='bbox 3334 1359 3413 1425; x_wconf 75' lang='grc' dir='ltr'>εἷς</span> <span class='ocrx_word' id='word_1_346' title='bbox 3446 1365 3571 1416; x_wconf 76' lang='grc' dir='ltr'>ἐστι</span> 
     </span>
    </p>
   </div>
   <div class='ocr_carea' id='block_1_47' title="bbox 1983 1452 3574 1525">
    <p class='ocr_par' dir='ltr' id='par_1_47' title="bbox 1983 1452 3574 1525">
     <span class='ocr_line' id='line_1_47' title="bbox 1983 1452 3574 1525; baseline -0.003 -17"><span class='ocrx_word' id='word_1_347' title='bbox 1983 1458 2077 1509; x_wconf 70' lang='grc' dir='ltr'>καὶ</span> <span class='ocrx_word' id='word_1_348' title='bbox 2103 1459 2130 1510; x_wconf 91' lang='grc' dir='ltr'><strong>ό</strong></span> <span class='ocrx_word' id='word_1_349' title='bbox 2157 1454 2317 1519; x_wconf 74' lang='grc' dir='ltr'>αὐτὸς</span> <span class='ocrx_word' id='word_1_350' title='bbox 2344 1494 2358 1518; x_wconf 93' lang='grc'><strong>,</strong></span> <span class='ocrx_word' id='word_1_351' title='bbox 2398 1458 2517 1518; x_wconf 88' lang='grc' dir='ltr'>ταῖς</span> <span class='ocrx_word' id='word_1_352' title='bbox 2551 1455 2831 1525; x_wconf 73' lang='grc' dir='ltr'>διαφοραῖς</span> <span class='ocrx_word' id='word_1_353' title='bbox 2873 1452 2979 1507; x_wconf 89' lang='grc' dir='ltr'><strong>τῶν</strong></span> <span class='ocrx_word' id='word_1_354' title='bbox 3019 1453 3306 1522; x_wconf 81' lang='grc' dir='ltr'>ἐνεργειῶν</span> <span class='ocrx_word' id='word_1_355' title='bbox 3348 1454 3406 1505; x_wconf 81' lang='grc' dir='ltr'>οὐ</span> <span class='ocrx_word' id='word_1_356' title='bbox 3440 1470 3574 1505; x_wconf 76' lang='grc' dir='ltr'>συνο</span> 
     </span>
    </p>
   </div>
   <div class='ocr_carea' id='block_1_48' title="bbox 1987 1543 3573 1617">
    <p class='ocr_par' dir='ltr' id='par_1_48' title="bbox 1987 1543 3573 1617">
     <span class='ocr_line' id='line_1_48' title="bbox 1987 1543 3573 1617; baseline -0.003 -15"><span class='ocrx_word' id='word_1_357' title='bbox 1987 1549 2332 1617; x_wconf 82' lang='grc' dir='ltr'>εξαλλάσσων</span> <span class='ocrx_word' id='word_1_358' title='bbox 2361 1547 2458 1617; x_wconf 81' lang='grc' dir='ltr'><strong>τὴν</strong></span> <span class='ocrx_word' id='word_1_359' title='bbox 2492 1547 2653 1615; x_wconf 84' lang='grc' dir='ltr'>φύσιν</span> <span class='ocrx_word' id='word_1_360' title='bbox 2680 1564 2691 1576; x_wconf 91' lang='grc'><strong>·</strong></span> <span class='ocrx_word' id='word_1_361' title='bbox 2726 1544 2839 1606; x_wconf 86' lang='grc' dir='ltr'><strong>πῶς</strong></span> <span class='ocrx_word' id='word_1_362' title='bbox 2880 1544 2939 1599; x_wconf 75' lang='grc' dir='ltr'>ἄν</span> <span class='ocrx_word' id='word_1_363' title='bbox 2968 1562 3049 1607; x_wconf 87' lang='grc' dir='ltr'><strong>τις</strong></span> <span class='ocrx_word' id='word_1_364' title='bbox 3077 1545 3169 1597; x_wconf 75' lang='grc' dir='ltr'>ἐπὶ</span> <span class='ocrx_word' id='word_1_365' title='bbox 3197 1543 3288 1598; x_wconf 83' lang='grc' dir='ltr'>τοῦ</span> <span class='ocrx_word' id='word_1_366' title='bbox 3322 1543 3454 1597; x_wconf 80' lang='grc' dir='ltr'>Θεοῦ</span> <span class='ocrx_word' id='word_1_367' title='bbox 3477 1544 3573 1598; x_wconf 78' lang='grc' dir='ltr'>διὰ</span> 
     </span>
    </p>
   </div>
   <div class='ocr_carea' id='block_1_49' title="bbox 1983 1634 3575 1707">
    <p class='ocr_par' dir='ltr' id='par_1_49' title="bbox 1983 1634 3575 1707">
     <span class='ocr_line' id='line_1_49' title="bbox 1983 1634 3575 1707; baseline -0.003 -14"><span class='ocrx_word' id='word_1_368' title='bbox 1983 1640 2090 1693; x_wconf 91' lang='grc' dir='ltr'><strong>τῶν</strong></span> <span class='ocrx_word' id='word_1_369' title='bbox 2120 1640 2378 1692; x_wconf 83' lang='grc' dir='ltr'>ποικίλων</span> <span class='ocrx_word' id='word_1_370' title='bbox 2394 1637 2671 1707; x_wconf 84' lang='grc' dir='ltr'>δυνάμεων</span> <span class='ocrx_word' id='word_1_371' title='bbox 2693 1637 2754 1689; x_wconf 81' lang='grc' dir='ltr'>τὸ</span> <span class='ocrx_word' id='word_1_372' title='bbox 2785 1635 3088 1706; x_wconf 83' lang='grc' dir='ltr'>πολυμερὲς</span> <span class='ocrx_word' id='word_1_373' title='bbox 3110 1635 3207 1705; x_wconf 83' lang='grc' dir='ltr'>τῆς</span> <span class='ocrx_word' id='word_1_374' title='bbox 3227 1634 3410 1698; x_wconf 80' lang='grc' dir='ltr'>οὐσίας</span> <span class='ocrx_word' id='word_1_375' title='bbox 3436 1652 3575 1688; x_wconf 87' lang='grc' dir='ltr'>κατ-</span> 
     </span>
    </p>
   </div>
   <div class='ocr_carea' id='block_1_50' title="bbox 1983 1725 3574 1801">
    <p class='ocr_par' dir='ltr' id='par_1_50' title="bbox 1983 1725 3574 1801">
     <span class='ocr_line' id='line_1_50' title="bbox 1983 1725 3574 1801; baseline -0.001 -20"><span class='ocrx_word' id='word_1_376' title='bbox 1983 1729 2325 1795; x_wconf 86' lang='grc' dir='ltr'>οπτεύσειεν;</span> <span class='ocrx_word' id='word_1_377' title='bbox 2364 1747 2383 1781; x_wconf 77' lang='grc' dir='ltr'><strong>ι</strong></span> <span class='ocrx_word' id='word_1_378' title='bbox 2407 1728 2467 1783; x_wconf 84' lang='grc'><strong>’0</strong></span> <span class='ocrx_word' id='word_1_379' title='bbox 2487 1749 2505 1781; x_wconf 74' lang='grc' dir='ltr'><strong>ι</strong></span> <span class='ocrx_word' id='word_1_380' title='bbox 2531 1729 2637 1801; x_wconf 89' lang='grc' dir='ltr'><strong>γάρ</strong></span> <span class='ocrx_word' id='word_1_381' title='bbox 2660 1748 2679 1780; x_wconf 84' lang='grc' dir='ltr'><strong>ι</strong></span> <span class='ocrx_word' id='word_1_382' title='bbox 2702 1727 2910 1791; x_wconf 84' lang='grc' dir='ltr'>πλάσας</span> <span class='ocrx_word' id='word_1_383' title='bbox 2924 1728 3012 1780; x_wconf 83' lang='grc' dir='ltr'><strong>τὸν</strong></span> <span class='ocrx_word' id='word_1_384' title='bbox 3036 1726 3328 1797; x_wconf 73' lang='grc' dir='ltr'>ὀφθαλμὸν,</span> <span class='ocrx_word' id='word_1_385' title='bbox 3343 1745 3360 1776; x_wconf 79' lang='grc' dir='ltr'><strong>ι</strong></span> <span class='ocrx_word' id='word_1_386' title='bbox 3382 1725 3574 1788; x_wconf 83' lang='grc' dir='ltr'>καθὼς</span> 
     </span>
    </p>
   </div>
   <div class='ocr_carea' id='block_1_51' title="bbox 1985 1813 3573 1896">
    <p class='ocr_par' dir='ltr' id='par_1_51' title="bbox 1985 1813 3573 1896">
     <span class='ocr_line' id='line_1_51' title="bbox 1985 1813 3573 1896; baseline -0.001 -24"><span class='ocrx_word' id='word_1_387' title='bbox 1985 1838 2148 1892; x_wconf 75' lang='grc' dir='ltr'>φησιν</span> <span class='ocrx_word' id='word_1_388' title='bbox 2178 1822 2206 1872; x_wconf 89' lang='lat'><strong>6</strong></span> <span class='ocrx_word' id='word_1_389' title='bbox 2238 1822 2545 1896; x_wconf 82' lang='grc' dir='ltr'>Προφήτης,</span> <span class='ocrx_word' id='word_1_390' title='bbox 2567 1821 2661 1874; x_wconf 69' lang='grc' dir='ltr'><strong>καὶ</strong></span> <span class='ocrx_word' id='word_1_391' title='bbox 2701 1838 2718 1870; x_wconf 80' lang='grc' dir='ltr'><strong>ι</strong></span> <span class='ocrx_word' id='word_1_392' title='bbox 2738 1821 2766 1872; x_wconf 93' lang='lat'><strong>6</strong></span> <span class='ocrx_word' id='word_1_393' title='bbox 2797 1818 3067 1887; x_wconf 75' lang='grc' dir='ltr'>φυτεύσας</span> <span class='ocrx_word' id='word_1_394' title='bbox 3093 1817 3152 1870; x_wconf 80' lang='grc' dir='ltr'><strong>τὸ</strong></span> <span class='ocrx_word' id='word_1_395' title='bbox 3179 1813 3321 1880; x_wconf 76' lang='grc' dir='ltr'>οὖς,»</span> <span class='ocrx_word' id='word_1_396' title='bbox 3342 1817 3478 1887; x_wconf 82' lang='grc' dir='ltr'>πρὸς</span> <span class='ocrx_word' id='word_1_397' title='bbox 3495 1817 3573 1870; x_wconf 78' lang='grc' dir='ltr'>τὰ</span> 
     </span>
    </p>
   </div>
   <div class='ocr_carea' id='block_1_52' title="bbox 1984 1902 3572 1983">
    <p class='ocr_par' dir='ltr' id='par_1_52' title="bbox 1984 1902 3572 1983">
     <span class='ocr_line' id='line_1_52' title="bbox 1984 1902 3572 1983; baseline -0.001 -20"><span class='ocrx_word' id='word_1_398' title='bbox 1984 1912 2041 1963; x_wconf 82' lang='grc' dir='ltr'>ὲν</span> <span class='ocrx_word' id='word_1_399' title='bbox 2072 1912 2219 1983; x_wconf 71' lang='grc' dir='ltr'>αὐτῷ</span> <span class='ocrx_word' id='word_1_400' title='bbox 2254 1911 2669 1983; x_wconf 85' lang='grc' dir='ltr'>παραδείγματα</span> <span class='ocrx_word' id='word_1_401' title='bbox 2690 1911 2787 1974; x_wconf 80' lang='grc' dir='ltr'><strong>τὰς</strong></span> <span class='ocrx_word' id='word_1_402' title='bbox 2818 1910 3094 1978; x_wconf 84' lang='grc' dir='ltr'>ἐνεργείας</span> <span class='ocrx_word' id='word_1_403' title='bbox 3122 1908 3318 1971; x_wconf 87' lang='grc' dir='ltr'>ταύτας</span> <span class='ocrx_word' id='word_1_404' title='bbox 3349 1902 3459 1962; x_wconf 76' lang='grc' dir='ltr'>οἷόν</span> <span class='ocrx_word' id='word_1_405' title='bbox 3482 1925 3572 1961; x_wconf 84' lang='grc' dir='ltr'>τι-</span> 
     </span>
    </p>
   </div>
   <div class='ocr_carea' id='block_1_53' title="bbox 1984 1997 3570 2075">
    <p class='ocr_par' dir='ltr' id='par_1_53' title="bbox 1984 1997 3570 2075">
     <span class='ocr_line' id='line_1_53' title="bbox 1984 1997 3570 2075; baseline -0.003 -20"><span class='ocrx_word' id='word_1_406' title='bbox 1984 2020 2079 2065; x_wconf 88' lang='grc' dir='ltr'><strong>νας</strong></span> <span class='ocrx_word' id='word_1_407' title='bbox 2096 2003 2486 2075; x_wconf 72' lang='grc' dir='ltr'>γνωριστικοὺς</span> <span class='ocrx_word' id='word_1_408' title='bbox 2506 2002 2856 2074; x_wconf 82' lang='grc' dir='ltr'>χαρακτῆρας</span> <span class='ocrx_word' id='word_1_409' title='bbox 2871 2003 2936 2071; x_wconf 81' lang='grc' dir='ltr'>τῇ</span> <span class='ocrx_word' id='word_1_410' title='bbox 2960 2000 3118 2070; x_wconf 87' lang='grc' dir='ltr'>φύσει</span> <span class='ocrx_word' id='word_1_411' title='bbox 3139 1998 3244 2053; x_wconf 89' lang='grc' dir='ltr'><strong>τῶν</strong></span> <span class='ocrx_word' id='word_1_412' title='bbox 3262 1998 3357 2052; x_wconf 88' lang='grc' dir='ltr'><strong>ἀνθ</strong></span> <span class='ocrx_word' id='word_1_413' title='bbox 3366 1997 3570 2069; x_wconf 82' lang='grc' dir='ltr'>ρώπων</span> 
     </span>
    </p>
   </div>
   <div class='ocr_carea' id='block_1_54' title="bbox 1983 2087 3659 2169">
    <p class='ocr_par' dir='ltr' id='par_1_54' title="bbox 1983 2087 3659 2169">
     <span class='ocr_line' id='line_1_54' title="bbox 1983 2087 3659 2169; baseline -0.001 -26"><span class='ocrx_word' id='word_1_414' title='bbox 1983 2092 2373 2162; x_wconf 79' lang='grc' dir='ltr'>ὲνεσημήνατο.</span> <span class='ocrx_word' id='word_1_415' title='bbox 2407 2111 2424 2142; x_wconf 81' lang='grc' dir='ltr'><strong>ι</strong></span> <span class='ocrx_word' id='word_1_416' title='bbox 2452 2092 2770 2161; x_wconf 77' lang='grc' dir='ltr'>Ποιήσωμεν</span> <span class='ocrx_word' id='word_1_417' title='bbox 2794 2109 2811 2141; x_wconf 74' lang='grc' dir='ltr'><strong>ι</strong></span> <span class='ocrx_word' id='word_1_418' title='bbox 2845 2089 2973 2159; x_wconf 86' lang='grc' dir='ltr'>γάρ,</span> <span class='ocrx_word' id='word_1_419' title='bbox 3016 2088 3201 2158; x_wconf 63' lang='grc' dir='ltr'>φησιν,</span> <span class='ocrx_word' id='word_1_420' title='bbox 3240 2087 3569 2160; x_wconf 76' lang='grc' dir='ltr'>«ἄνθρωπον</span> <span class='ocrx_word' id='word_1_421' title='bbox 3656 2166 3659 2169; x_wconf 75' lang='lat'><em>_</em></span> 
     </span>
    </p>
   </div>
   <div class='ocr_carea' id='block_1_55' title="bbox 1988 2179 3566 2254">
    <p class='ocr_par' dir='ltr' id='par_1_55' title="bbox 1988 2179 3566 2254">
     <span class='ocr_line' id='line_1_55' title="bbox 1988 2179 3566 2254; baseline -0.001 -18"><span class='ocrx_word' id='word_1_422' title='bbox 1988 2185 2107 2236; x_wconf 80' lang='grc' dir='ltr'>κατ’</span> <span class='ocrx_word' id='word_1_423' title='bbox 2136 2184 2320 2237; x_wconf 78' lang='grc' dir='ltr'>εἰκόνα</span> <span class='ocrx_word' id='word_1_424' title='bbox 2345 2180 2671 2254; x_wconf 73' lang='grc' dir='ltr'>ἡμετέραν.»</span> <span class='ocrx_word' id='word_1_425' title='bbox 2709 2180 2867 2235; x_wconf 81' lang='grc' dir='ltr'><strong>Ἀλλά</strong></span> <span class='ocrx_word' id='word_1_426' title='bbox 2896 2179 2998 2233; x_wconf 81' lang='grc' dir='ltr'>ποῦ</span> <span class='ocrx_word' id='word_1_427' title='bbox 3026 2198 3112 2251; x_wconf 89' lang='grc' dir='ltr'><strong>μοι</strong></span> <span class='ocrx_word' id='word_1_428' title='bbox 3138 2180 3246 2233; x_wconf 90' lang='grc' dir='ltr'><strong>τῶν</strong></span> <span class='ocrx_word' id='word_1_429' title='bbox 3269 2180 3566 2251; x_wconf 82' lang='grc' dir='ltr'>Ἀνομοίων</span> 
     </span>
    </p>
   </div>
   <div class='ocr_carea' id='block_1_56' title="bbox 1984 2272 3567 2346">
    <p class='ocr_par' dir='ltr' id='par_1_56' title="bbox 1984 2272 3567 2346">
     <span class='ocr_line' id='line_1_56' title="bbox 1984 2272 3567 2346; baseline -0.001 -18"><span class='ocrx_word' id='word_1_430' title='bbox 1984 2276 2016 2345; x_wconf 78' lang='grc' dir='ltr'><strong>ἡ</strong></span> <span class='ocrx_word' id='word_1_431' title='bbox 2046 2275 2287 2346; x_wconf 81' lang='grc' dir='ltr'>αἴρεσις;</span> <span class='ocrx_word' id='word_1_432' title='bbox 2335 2274 2385 2327; x_wconf 84' lang='grc' dir='ltr'><strong>τί</strong></span> <span class='ocrx_word' id='word_1_433' title='bbox 2416 2274 2548 2344; x_wconf 68' lang='grc' dir='ltr'>πρὸς</span> <span class='ocrx_word' id='word_1_434' title='bbox 2576 2274 2671 2342; x_wconf 83' lang='grc' dir='ltr'>τὴν</span> <span class='ocrx_word' id='word_1_435' title='bbox 2694 2273 2945 2341; x_wconf 73' lang='grc' dir='ltr'>τοιαύτην</span> <span class='ocrx_word' id='word_1_436' title='bbox 2981 2272 3163 2342; x_wconf 80' lang='grc' dir='ltr'>ἐροῦσι</span> <span class='ocrx_word' id='word_1_437' title='bbox 3196 2275 3410 2344; x_wconf 82' lang='grc' dir='ltr'>φωνήν;</span> <span class='ocrx_word' id='word_1_438' title='bbox 3444 2274 3567 2339; x_wconf 82' lang='grc' dir='ltr'><strong>πῶς</strong></span> 
     </span>
    </p>
   </div>
   <div class='ocr_carea' id='block_1_57' title="bbox 1989 2363 3567 2434">
    <p class='ocr_par' dir='ltr' id='par_1_57' title="bbox 1989 2363 3567 2434">
     <span class='ocr_line' id='line_1_57' title="bbox 1989 2363 3567 2434; baseline -0.001 -16"><span class='ocrx_word' id='word_1_439' title='bbox 1989 2364 2347 2419; x_wconf 87' lang='grc' dir='ltr'>διασώσουσιν</span> <span class='ocrx_word' id='word_1_440' title='bbox 2379 2365 2436 2416; x_wconf 81' lang='grc' dir='ltr'>ὲν</span> <span class='ocrx_word' id='word_1_441' title='bbox 2462 2367 2573 2426; x_wconf 88' lang='grc' dir='ltr'>τοῖς</span> <span class='ocrx_word' id='word_1_442' title='bbox 2612 2364 2920 2434; x_wconf 83' lang='grc' dir='ltr'>εἰρημένοις</span> <span class='ocrx_word' id='word_1_443' title='bbox 2948 2363 3040 2416; x_wconf 80' lang='grc' dir='ltr'>τοῦ</span> <span class='ocrx_word' id='word_1_444' title='bbox 3079 2363 3345 2434; x_wconf 88' lang='grc' dir='ltr'>δόγματος</span> <span class='ocrx_word' id='word_1_445' title='bbox 3382 2364 3567 2418; x_wconf 76' lang='grc' dir='ltr'>αὐτῶν</span> 
     </span>
    </p>
   </div>
   <div class='ocr_carea' id='block_1_58' title="bbox 1980 2448 3566 2525">
    <p class='ocr_par' dir='ltr' id='par_1_58' title="bbox 1980 2448 3566 2525">
     <span class='ocr_line' id='line_1_58' title="bbox 1980 2448 3566 2525; baseline 0.001 -18"><span class='ocrx_word' id='word_1_446' title='bbox 1980 2455 2078 2525; x_wconf 84' lang='grc' dir='ltr'><strong>τὴν</strong></span> <span class='ocrx_word' id='word_1_447' title='bbox 2113 2455 2411 2524; x_wconf 86' lang='grc' dir='ltr'>κενότητα;</span> <span class='ocrx_word' id='word_1_448' title='bbox 2442 2449 2550 2525; x_wconf 86' lang='grc' dir='ltr'>ἆρα</span> <span class='ocrx_word' id='word_1_449' title='bbox 2582 2452 2804 2505; x_wconf 76' lang='grc' dir='ltr'>δυνατὸν</span> <span class='ocrx_word' id='word_1_450' title='bbox 2836 2448 2975 2505; x_wconf 78' lang='grc' dir='ltr'>εἶναι</span> <span class='ocrx_word' id='word_1_451' title='bbox 3018 2454 3292 2524; x_wconf 74' lang='grc' dir='ltr'>φήσουσι,</span> <span class='ocrx_word' id='word_1_452' title='bbox 3326 2454 3456 2524; x_wconf 87' lang='grc' dir='ltr'>μίαν</span> <span class='ocrx_word' id='word_1_453' title='bbox 3482 2459 3566 2509; x_wconf 76' lang='grc' dir='ltr'>είο</span> 
     </span>
    </p>
   </div>
   <div class='ocr_carea' id='block_1_59' title="bbox 1981 2544 3564 2617">
    <p class='ocr_par' dir='ltr' id='par_1_59' title="bbox 1981 2544 3564 2617">
     <span class='ocr_line' id='line_1_59' title="bbox 1981 2544 3564 2617; baseline 0 -18"><span class='ocrx_word' id='word_1_454' title='bbox 1981 2547 2113 2599; x_wconf 89' lang='grc' dir='ltr'>κόνα</span> <span class='ocrx_word' id='word_1_455' title='bbox 2160 2546 2437 2615; x_wconf 75' lang='grc' dir='ltr'>διαφόροις</span> <span class='ocrx_word' id='word_1_456' title='bbox 2486 2544 2816 2614; x_wconf 81' lang='grc' dir='ltr'>ὁμοιωθῆναι</span> <span class='ocrx_word' id='word_1_457' title='bbox 2862 2547 3132 2615; x_wconf 81' lang='grc' dir='ltr'>μορφαῖς;</span> <span class='ocrx_word' id='word_1_458' title='bbox 3188 2547 3249 2599; x_wconf 78' lang='grc' dir='ltr'><strong>Εἰ</strong></span> <span class='ocrx_word' id='word_1_459' title='bbox 3299 2547 3564 2617; x_wconf 84' lang='grc' dir='ltr'>ἀνόμοιος</span> 
     </span>
    </p>
   </div>
   <div class='ocr_carea' id='block_1_60' title="bbox 1981 2634 3566 2708">
    <p class='ocr_par' dir='ltr' id='par_1_60' title="bbox 1981 2634 3566 2708">
     <span class='ocr_line' id='line_1_60' title="bbox 1981 2634 3566 2708; baseline -0.001 -17"><span class='ocrx_word' id='word_1_460' title='bbox 1981 2638 2121 2692; x_wconf 83' lang='grc' dir='ltr'>κατὰ</span> <span class='ocrx_word' id='word_1_461' title='bbox 2162 2637 2260 2708; x_wconf 83' lang='grc' dir='ltr'>τὴν</span> <span class='ocrx_word' id='word_1_462' title='bbox 2296 2635 2456 2705; x_wconf 88' lang='grc' dir='ltr'>φύσιν</span> <span class='ocrx_word' id='word_1_463' title='bbox 2495 2634 2573 2705; x_wconf 82' lang='grc' dir='ltr'>τῷ</span> <span class='ocrx_word' id='word_1_464' title='bbox 2612 2637 2787 2705; x_wconf 73' lang='grc' dir='ltr'>Πατρὶ</span> <span class='ocrx_word' id='word_1_465' title='bbox 2819 2636 2846 2687; x_wconf 91' lang='lat'><strong>6</strong></span> <span class='ocrx_word' id='word_1_466' title='bbox 2884 2635 3029 2698; x_wconf 75' lang='grc' dir='ltr'>Υἱὸς,</span> <span class='ocrx_word' id='word_1_467' title='bbox 3073 2636 3189 2699; x_wconf 87' lang='grc' dir='ltr'><strong>πῶς</strong></span> <span class='ocrx_word' id='word_1_468' title='bbox 3223 2636 3351 2706; x_wconf 90' lang='grc' dir='ltr'>μίαν</span> <span class='ocrx_word' id='word_1_469' title='bbox 3391 2655 3566 2690; x_wconf 89' lang='grc' dir='ltr'>κατα-</span> 
     </span>
    </p>
   </div>
   <div class='ocr_carea' id='block_1_61' title="bbox 1983 2726 3555 2801">
    <p class='ocr_par' dir='ltr' id='par_1_61' title="bbox 1983 2726 3555 2801">
     <span class='ocr_line' id='line_1_61' title="bbox 1983 2726 3555 2801; baseline 0.001 -19"><span class='ocrx_word' id='word_1_470' title='bbox 1983 2728 2233 2792; x_wconf 75' lang='grc' dir='ltr'>σκευάζει</span> <span class='ocrx_word' id='word_1_471' title='bbox 2255 2727 2362 2779; x_wconf 90' lang='grc' dir='ltr'><strong>τῶν</strong></span> <span class='ocrx_word' id='word_1_472' title='bbox 2388 2726 2655 2796; x_wconf 80' lang='grc' dir='ltr'>διαφόρων</span> <span class='ocrx_word' id='word_1_473' title='bbox 2686 2726 2899 2801; x_wconf 78' lang='grc' dir='ltr'>φύσεων</span> <span class='ocrx_word' id='word_1_474' title='bbox 2931 2728 3029 2797; x_wconf 86' lang='grc' dir='ltr'>τὴν</span> <span class='ocrx_word' id='word_1_475' title='bbox 3061 2728 3279 2793; x_wconf 85' lang='grc' dir='ltr'>εἰκόνα;</span> <span class='ocrx_word' id='word_1_476' title='bbox 3325 2730 3383 2781; x_wconf 93' lang='lat'><strong>&#39;0</strong></span> <span class='ocrx_word' id='word_1_477' title='bbox 3417 2730 3555 2800; x_wconf 74' lang='grc' dir='ltr'>γὰρ,</span> 
     </span>
    </p>
   </div>
   <div class='ocr_carea' id='block_1_62' title="bbox 1986 2818 3561 2891">
    <p class='ocr_par' dir='ltr' id='par_1_62' title="bbox 1986 2818 3561 2891">
     <span class='ocr_line' id='line_1_62' title="bbox 1986 2818 3561 2891; baseline 0.001 -18"><span class='ocrx_word' id='word_1_478' title='bbox 1986 2841 2003 2872; x_wconf 80' lang='grc' dir='ltr'><strong>ι</strong></span> <span class='ocrx_word' id='word_1_479' title='bbox 2035 2821 2350 2891; x_wconf 81' lang='grc' dir='ltr'>Ποιήσωμεν</span> <span class='ocrx_word' id='word_1_480' title='bbox 2364 2818 2645 2889; x_wconf 72' lang='grc' dir='ltr'>ἄνθρωπον</span> <span class='ocrx_word' id='word_1_481' title='bbox 2658 2818 3021 2888; x_wconf 74' lang='grc' dir='ltr'>κατέίιιόναὴ</span> <span class='ocrx_word' id='word_1_482' title='bbox 3032 2820 3285 2890; x_wconf 85' lang='grc' dir='ltr'>μετέραν,</span> <span class='ocrx_word' id='word_1_483' title='bbox 3313 2839 3332 2871; x_wconf 70' lang='grc' dir='ltr'><strong>ι</strong></span> <span class='ocrx_word' id='word_1_484' title='bbox 3361 2820 3561 2883; x_wconf 78' lang='grc' dir='ltr'>εἰπὼν,</span> 
     </span>
    </p>
   </div>
   <div class='ocr_carea' id='block_1_63' title="bbox 1985 2908 3563 2982">
    <p class='ocr_par' dir='ltr' id='par_1_63' title="bbox 1985 2908 3563 2982">
     <span class='ocr_line' id='line_1_63' title="bbox 1985 2908 3563 2982; baseline 0 -18"><span class='ocrx_word' id='word_1_485' title='bbox 1985 2913 2077 2965; x_wconf 55' lang='grc' dir='ltr'><strong>κοιλ⁴</strong></span> <span class='ocrx_word' id='word_1_486' title='bbox 2111 2910 2198 2963; x_wconf 71' lang='grc' dir='ltr'><strong>διὰ</strong></span> <span class='ocrx_word' id='word_1_487' title='bbox 2226 2913 2324 2980; x_wconf 78' lang='grc' dir='ltr'>τῆς</span> <span class='ocrx_word' id='word_1_488' title='bbox 2348 2908 2713 2979; x_wconf 84' lang='grc' dir='ltr'>πληθυντικῆς</span> <span class='ocrx_word' id='word_1_489' title='bbox 2749 2909 3023 2979; x_wconf 73' lang='grc' dir='ltr'>σημασίας</span> <span class='ocrx_word' id='word_1_490' title='bbox 3047 2909 3143 2979; x_wconf 85' lang='grc' dir='ltr'><strong>τὴν</strong></span> <span class='ocrx_word' id='word_1_491' title='bbox 3162 2910 3320 2977; x_wconf 89' lang='grc' dir='ltr'>ἁγίαν</span> <span class='ocrx_word' id='word_1_492' title='bbox 3351 2911 3563 2982; x_wconf 72' lang='grc' dir='ltr'><strong>Τριάδα⁵</strong></span> 
     </span>
    </p>
   </div>
   <div class='ocr_carea' id='block_1_64' title="bbox 307 2977 1875 3092">
    <p class='ocr_par' dir='ltr' id='par_1_64' title="bbox 307 3002 1875 3092">
     <span class='ocr_line' id='line_1_64' title="bbox 307 3002 1875 3092; baseline -0.01 -22"><span class='ocrx_word' id='word_1_493' title='bbox 307 3012 627 3092; x_wconf 73' lang='lat' dir='ltr'><strong>imaginem;</strong></span> <span class='ocrx_word' id='word_1_494' title='bbox 673 3026 690 3058; x_wconf 74' lang='grc' dir='ltr'><strong>ι</strong></span> <span class='ocrx_word' id='word_1_495' title='bbox 737 3020 1075 3074; x_wconf 87' lang='lat' dir='ltr'><strong>numeroque</strong></span> <span class='ocrx_word' id='word_1_496' title='bbox 1109 3002 1476 3057; x_wconf 88' lang='lat' dir='ltr'><strong>multitudinis</strong></span> <span class='ocrx_word' id='word_1_497' title='bbox 1520 3010 1875 3058; x_wconf 87' lang='lat' dir='ltr'><strong>sacrosancta</strong></span> 
     </span>
    </p>
   </div>
   <div class='ocr_carea' id='block_1_65' title="bbox 2065 2977 3561 3092">
    <p class='ocr_par' dir='ltr' id='par_1_65' title="bbox 2065 2977 3561 3075">
     <span class='ocr_line' id='line_1_65' title="bbox 2065 2977 3561 3075; baseline 0 -19"><span class='ocrx_word' id='word_1_498' title='bbox 2065 3003 2242 3066; x_wconf 82' lang='grc' dir='ltr'>λώσας</span> <span class='ocrx_word' id='word_1_499' title='bbox 2267 2977 2402 3067; x_wconf 77' lang='grc' dir='ltr'>,οὐκ</span> <span class='ocrx_word' id='word_1_500' title='bbox 2429 2977 2495 3055; x_wconf 78' lang='grc' dir='ltr'><strong>ἀν</strong></span> <span class='ocrx_word' id='word_1_501' title='bbox 2511 3001 2609 3072; x_wconf 82' lang='grc' dir='ltr'>τῆς</span> <span class='ocrx_word' id='word_1_502' title='bbox 2642 2977 2847 3064; x_wconf 76' lang='grc' dir='ltr'>είκόνος</span> <span class='ocrx_word' id='word_1_503' title='bbox 2889 2977 3188 3072; x_wconf 80' lang='grc' dir='ltr'>μοναδικῶς</span> <span class='ocrx_word' id='word_1_504' title='bbox 3214 2977 3561 3075; x_wconf 56' lang='grc' dir='ltr'>ἐπεμνήσθη,</span> 
     </span>
    </p>
   </div>
   <div class='ocr_carea' id='block_1_66' title="bbox 306 3093 1875 3167">
    <p class='ocr_par' dir='ltr' id='par_1_66' title="bbox 306 3094 1872 3164">
     <span class='ocr_line' id='line_1_66' title="bbox 306 3094 1872 3164; baseline -0.009 -4"><span class='ocrx_word' id='word_1_505' title='bbox 306 3104 551 3160; x_wconf 84' lang='lat' dir='ltr'><strong>Trinitas</strong></span> <span class='ocrx_word' id='word_1_506' title='bbox 592 3098 863 3154; x_wconf 91' lang='lat' dir='ltr'><strong>indicetur</strong></span> <span class='ocrx_word' id='word_1_507' title='bbox 916 3114 929 3150; x_wconf 92' lang='lat'>:</span> <span class='ocrx_word' id='word_1_508' title='bbox 987 3110 1095 3150; x_wconf 93' lang='lat' dir='ltr'><strong>non</strong></span> <span class='ocrx_word' id='word_1_509' title='bbox 1151 3101 1267 3149; x_wconf 88' lang='lat' dir='ltr'><strong>erat</strong></span> <span class='ocrx_word' id='word_1_510' title='bbox 1322 3109 1551 3148; x_wconf 88' lang='lat' dir='ltr'><strong>numero</strong></span> <span class='ocrx_word' id='word_1_511' title='bbox 1608 3094 1872 3164; x_wconf 81' lang='lat' dir='ltr'><strong>singulari</strong></span> 
     </span>
    </p>
   </div>
   <div class='ocr_carea' id='block_1_67' title="bbox 2065 3093 3562 3167">
    <p class='ocr_par' dir='ltr' id='par_1_67' title="bbox 2065 3093 3562 3167">
     <span class='ocr_line' id='line_1_67' title="bbox 2065 3093 3562 3167; baseline 0.002 -20"><span class='ocrx_word' id='word_1_512' title='bbox 2065 3114 2132 3167; x_wconf 69' lang='lat' dir='ltr'><strong>rep</strong></span> <span class='ocrx_word' id='word_1_513' title='bbox 2148 3094 2411 3166; x_wconf 83' lang='grc' dir='ltr'>ἀνομοίως</span> <span class='ocrx_word' id='word_1_514' title='bbox 2430 3094 2542 3163; x_wconf 79' lang='grc' dir='ltr'>έχοι</span> <span class='ocrx_word' id='word_1_515' title='bbox 2568 3094 2704 3164; x_wconf 84' lang='grc' dir='ltr'>πρὸς</span> <span class='ocrx_word' id='word_1_516' title='bbox 2719 3094 2920 3165; x_wconf 79' lang='grc' dir='ltr'>ἄλληλα</span> <span class='ocrx_word' id='word_1_517' title='bbox 2934 3093 3004 3146; x_wconf 78' lang='grc' dir='ltr'>τὰ</span> <span class='ocrx_word' id='word_1_518' title='bbox 3021 3095 3321 3164; x_wconf 86' lang='grc' dir='ltr'>ἀρχέτυπα.</span> <span class='ocrx_word' id='word_1_519' title='bbox 3346 3097 3421 3149; x_wconf 78' lang='grc' dir='ltr'><strong>Οὐ</strong></span> <span class='ocrx_word' id='word_1_520' title='bbox 3445 3096 3562 3167; x_wconf 82' lang='grc' dir='ltr'><strong>γὰρ</strong></span> 
     </span>
    </p>
   </div>
   <div class='ocr_carea' id='block_1_68' title="bbox 306 3185 1875 3267">
    <p class='ocr_par' dir='ltr' id='par_1_68' title="bbox 306 3185 1875 3267">
     <span class='ocr_line' id='line_1_68' title="bbox 306 3185 1875 3267; baseline -0.008 -15"><span class='ocrx_word' id='word_1_521' title='bbox 306 3194 560 3267; x_wconf 84' lang='lat' dir='ltr'><strong>imaginis</strong></span> <span class='ocrx_word' id='word_1_522' title='bbox 578 3188 825 3246; x_wconf 83' lang='lat' dir='ltr'><strong>facienda</strong></span> <span class='ocrx_word' id='word_1_523' title='bbox 852 3187 1073 3251; x_wconf 88' lang='lat' dir='ltr'><strong>mentio,</strong></span> <span class='ocrx_word' id='word_1_524' title='bbox 1100 3186 1365 3256; x_wconf 89' lang='lat' dir='ltr'><strong>siquidem</strong></span> <span class='ocrx_word' id='word_1_525' title='bbox 1396 3185 1690 3242; x_wconf 89' lang='lat' dir='ltr'><strong>dissimiles</strong></span> <span class='ocrx_word' id='word_1_526' title='bbox 1720 3195 1875 3241; x_wconf 86' lang='lat' dir='ltr'><strong>erant</strong></span> 
     </span>
    </p>
   </div>
   <div class='ocr_carea' id='block_1_69' title="bbox 2065 3185 3561 3267">
    <p class='ocr_par' dir='ltr' id='par_1_69' title="bbox 2089 3187 3561 3259">
     <span class='ocr_line' id='line_1_69' title="bbox 2089 3187 3561 3259; baseline 0.001 -18"><span class='ocrx_word' id='word_1_527' title='bbox 2089 3188 2307 3242; x_wconf 82' lang='grc' dir='ltr'>δυνατὸν</span> <span class='ocrx_word' id='word_1_528' title='bbox 2348 3187 2455 3242; x_wconf 91' lang='grc' dir='ltr'><strong>τῶν</strong></span> <span class='ocrx_word' id='word_1_529' title='bbox 2495 3188 2739 3259; x_wconf 80' lang='grc' dir='ltr'>ἀλλήλοις</span> <span class='ocrx_word' id='word_1_530' title='bbox 2788 3188 2862 3259; x_wconf 83' lang='grc' dir='ltr'><strong>μὴ</strong></span> <span class='ocrx_word' id='word_1_531' title='bbox 2909 3188 3310 3258; x_wconf 71' lang='grc' dir='ltr'>συμϐαωόντων</span> <span class='ocrx_word' id='word_1_532' title='bbox 3355 3190 3434 3251; x_wconf 83' lang='grc' dir='ltr'><strong>είς</strong></span> <span class='ocrx_word' id='word_1_533' title='bbox 3487 3188 3561 3243; x_wconf 79' lang='grc' dir='ltr'>ἓν</span> 
     </span>
    </p>
   </div>
   <div class='ocr_carea' id='block_1_70' title="bbox 306 3275 1875 3357">
    <p class='ocr_par' dir='ltr' id='par_1_70' title="bbox 306 3277 1875 3357">
     <span class='ocr_line' id='line_1_70' title="bbox 306 3277 1875 3357; baseline -0.008 -14"><span class='ocrx_word' id='word_1_534' title='bbox 306 3292 373 3343; x_wconf 77' lang='lat' dir='ltr'><strong>ad</strong></span> <span class='ocrx_word' id='word_1_535' title='bbox 436 3299 668 3357; x_wconf 78' lang='lat' dir='ltr'><strong>quorum</strong></span> <span class='ocrx_word' id='word_1_536' title='bbox 728 3279 1008 3350; x_wconf 81' lang='lat' dir='ltr'><strong>exemplar</strong></span> <span class='ocrx_word' id='word_1_537' title='bbox 1072 3292 1136 3333; x_wconf 89' lang='lat' dir='ltr'><strong>ea</strong></span> <span class='ocrx_word' id='word_1_538' title='bbox 1206 3277 1678 3333; x_wconf 83' lang='lat' dir='ltr'><strong>conformabatur.</strong></span> <span class='ocrx_word' id='word_1_539' title='bbox 1730 3278 1875 3332; x_wconf 86' lang='lat' dir='ltr'><strong>Fieri</strong></span> 
     </span>
    </p>
   </div>
   <div class='ocr_carea' id='block_1_71' title="bbox 2065 3275 3561 3357">
    <p class='ocr_par' dir='ltr' id='par_1_71' title="bbox 2065 3275 3561 3351">
     <span class='ocr_line' id='line_1_71' title="bbox 2065 3275 3561 3351; baseline -0.001 -18"><span class='ocrx_word' id='word_1_540' title='bbox 2065 3280 2360 3351; x_wconf 82' lang='grc' dir='ltr'>ιδειχθῆναι</span> <span class='ocrx_word' id='word_1_541' title='bbox 2407 3280 2698 3351; x_wconf 83' lang='grc' dir='ltr'>ὁμοίωμα·</span> <span class='ocrx_word' id='word_1_542' title='bbox 2746 3280 2862 3333; x_wconf 78' lang='grc' dir='ltr'>ἀλλ’</span> <span class='ocrx_word' id='word_1_543' title='bbox 2912 3280 2960 3332; x_wconf 84' lang='grc' dir='ltr'>εξ</span> <span class='ocrx_word' id='word_1_544' title='bbox 3011 3279 3257 3349; x_wconf 85' lang='grc' dir='ltr'>διάφοροι</span> <span class='ocrx_word' id='word_1_545' title='bbox 3304 3275 3439 3350; x_wconf 66' lang='grc' dir='ltr'>ἦσαν</span> <span class='ocrx_word' id='word_1_546' title='bbox 3500 3282 3561 3332; x_wconf 81' lang='grc' dir='ltr'>αἱ</span> 
     </span>
    </p>
   </div>
   <div class='ocr_carea' id='block_1_72' title="bbox 307 3369 1875 3446">
    <p class='ocr_par' dir='ltr' id='par_1_72' title="bbox 307 3369 1875 3446">
     <span class='ocr_line' id='line_1_72' title="bbox 307 3369 1875 3446; baseline -0.008 -11"><span class='ocrx_word' id='word_1_547' title='bbox 307 3381 450 3435; x_wconf 90' lang='lat' dir='ltr'><strong>enim</strong></span> <span class='ocrx_word' id='word_1_548' title='bbox 488 3376 907 3446; x_wconf 85' lang='lat' dir='ltr'><strong>haudquaquam</strong></span> <span class='ocrx_word' id='word_1_549' title='bbox 944 3377 1176 3441; x_wconf 87' lang='lat' dir='ltr'><strong>poterat,</strong></span> <span class='ocrx_word' id='word_1_550' title='bbox 1219 3378 1278 3423; x_wconf 92' lang='lat' dir='ltr'><strong>ut</strong></span> <span class='ocrx_word' id='word_1_551' title='bbox 1320 3369 1616 3425; x_wconf 87' lang='lat' dir='ltr'><strong>dissimiles</strong></span> <span class='ocrx_word' id='word_1_552' title='bbox 1671 3384 1735 3424; x_wconf 89' lang='lat' dir='ltr'><strong>ac</strong></span> <span class='ocrx_word' id='word_1_553' title='bbox 1791 3369 1875 3424; x_wconf 90' lang='lat' dir='ltr'><strong>di—</strong></span> 
     </span>
    </p>
   </div>
   <div class='ocr_carea' id='block_1_73' title="bbox 305 3462 1875 3532">
    <p class='ocr_par' dir='ltr' id='par_1_73' title="bbox 305 3462 1875 3532">
     <span class='ocr_line' id='line_1_73' title="bbox 305 3462 1875 3532; baseline -0.008 -4"><span class='ocrx_word' id='word_1_554' title='bbox 305 3471 449 3528; x_wconf 90' lang='lat' dir='ltr'><strong>versi</strong></span> <span class='ocrx_word' id='word_1_555' title='bbox 492 3470 635 3524; x_wconf 85' lang='lat' dir='ltr'><strong>inter</strong></span> <span class='ocrx_word' id='word_1_556' title='bbox 687 3482 747 3523; x_wconf 91' lang='lat' dir='ltr'><strong>se</strong></span> <span class='ocrx_word' id='word_1_557' title='bbox 786 3480 893 3521; x_wconf 90' lang='lat' dir='ltr'><strong>una</strong></span> <span class='ocrx_word' id='word_1_558' title='bbox 934 3462 1231 3532; x_wconf 85' lang='lat' dir='ltr'><strong>eademque</strong></span> <span class='ocrx_word' id='word_1_559' title='bbox 1284 3462 1520 3530; x_wconf 78' lang='lat' dir='ltr'><strong>imagine</strong></span> <span class='ocrx_word' id='word_1_560' title='bbox 1572 3477 1875 3532; x_wconf 69' lang='lat' dir='ltr'><strong>reprmsen-</strong></span> 
     </span>
    </p>
   </div>
   <div class='ocr_carea' id='block_1_74' title="bbox 304 3550 1874 3628">
    <p class='ocr_par' dir='ltr' id='par_1_74' title="bbox 304 3550 1874 3628">
     <span class='ocr_line' id='line_1_74' title="bbox 304 3550 1874 3628; baseline -0.01 -9"><span class='ocrx_word' id='word_1_561' title='bbox 304 3570 553 3619; x_wconf 90' lang='lat' dir='ltr'><strong>tarentur</strong></span> <span class='ocrx_word' id='word_1_562' title='bbox 578 3574 595 3613; x_wconf 89' lang='lat'><strong>:</strong></span> <span class='ocrx_word' id='word_1_563' title='bbox 624 3558 869 3628; x_wconf 87' lang='lat' dir='ltr'><strong>adeoque</strong></span> <span class='ocrx_word' id='word_1_564' title='bbox 901 3555 948 3611; x_wconf 92' lang='lat' dir='ltr'><strong>si</strong></span> <span class='ocrx_word' id='word_1_565' title='bbox 976 3560 1133 3609; x_wconf 90' lang='lat' dir='ltr'><strong>erant</strong></span> <span class='ocrx_word' id='word_1_566' title='bbox 1162 3559 1374 3607; x_wconf 66' lang='lat' dir='ltr'><strong>naturai</strong></span> <span class='ocrx_word' id='word_1_567' title='bbox 1398 3550 1649 3614; x_wconf 86' lang='lat' dir='ltr'><strong>diversae,</strong></span> <span class='ocrx_word' id='word_1_568' title='bbox 1710 3553 1874 3605; x_wconf 86' lang='lat' dir='ltr'><strong>etiam</strong></span> 
     </span>
    </p>
   </div>
   <div class='ocr_carea' id='block_1_75' title="bbox 307 3641 1872 3727">
    <p class='ocr_par' dir='ltr' id='par_1_75' title="bbox 307 3641 1872 3727">
     <span class='ocr_line' id='line_1_75' title="bbox 307 3641 1872 3727; baseline -0.012 -14"><span class='ocrx_word' id='word_1_569' title='bbox 307 3657 575 3727; x_wconf 86' lang='lat' dir='ltr'><strong>imagines</strong></span> <span class='ocrx_word' id='word_1_570' title='bbox 635 3667 731 3709; x_wconf 89' lang='lat' dir='ltr'><strong>eos</strong></span> <span class='ocrx_word' id='word_1_571' title='bbox 770 3650 858 3707; x_wconf 90' lang='lat' dir='ltr'><strong>sui</strong></span> <span class='ocrx_word' id='word_1_572' title='bbox 918 3649 1161 3727; x_wconf 85' lang='lat' dir='ltr'><strong>divorsas</strong></span> <span class='ocrx_word' id='word_1_573' title='bbox 1200 3644 1435 3701; x_wconf 89' lang='lat' dir='ltr'><strong>condere</strong></span> <span class='ocrx_word' id='word_1_574' title='bbox 1484 3658 1706 3699; x_wconf 84' lang='lat' dir='ltr'><strong>necesse</strong></span> <span class='ocrx_word' id='word_1_575' title='bbox 1750 3641 1872 3707; x_wconf 78' lang='lat' dir='ltr'><strong>fuit,</strong></span> 
     </span>
    </p>
   </div>
   <div class='ocr_carea' id='block_1_76' title="bbox 307 3724 1872 3819">
    <p class='ocr_par' dir='ltr' id='par_1_76' title="bbox 307 3724 1872 3819">
     <span class='ocr_line' id='line_1_76' title="bbox 307 3724 1872 3819; baseline -0.009 -16"><span class='ocrx_word' id='word_1_576' title='bbox 307 3724 537 3819; x_wconf 73' lang='lat' dir='ltr'><strong>quarum</strong></span> <span class='ocrx_word' id='word_1_577' title='bbox 575 3742 831 3815; x_wconf 76' lang='lat' dir='ltr'><strong>quaelibet</strong></span> <span class='ocrx_word' id='word_1_578' title='bbox 865 3724 1163 3808; x_wconf 82' lang='lat' dir='ltr'><strong>exemplari</strong></span> <span class='ocrx_word' id='word_1_579' title='bbox 1212 3751 1313 3792; x_wconf 91' lang='lat' dir='ltr'><strong>suo</strong></span> <span class='ocrx_word' id='word_1_580' title='bbox 1347 3734 1718 3806; x_wconf 90' lang='lat' dir='ltr'><strong>responderet.</strong></span> <span class='ocrx_word' id='word_1_581' title='bbox 1768 3732 1872 3790; x_wconf 86' lang='lat' dir='ltr'><strong>Sed</strong></span> 
     </span>
    </p>
   </div>
   <div class='ocr_carea' id='block_1_77' title="bbox 307 3831 1873 3900">
    <p class='ocr_par' dir='ltr' id='par_1_77' title="bbox 307 3831 1873 3900">
     <span class='ocr_line' id='line_1_77' title="bbox 307 3831 1873 3900; baseline -0.009 -7"><span class='ocrx_word' id='word_1_582' title='bbox 307 3853 432 3893; x_wconf 88' lang='lat' dir='ltr'><strong>eum</strong></span> <span class='ocrx_word' id='word_1_583' title='bbox 492 3850 601 3890; x_wconf 88' lang='lat' dir='ltr'><strong>una</strong></span> <span class='ocrx_word' id='word_1_584' title='bbox 655 3842 865 3888; x_wconf 85' lang='lat' dir='ltr'><strong>tantum</strong></span> <span class='ocrx_word' id='word_1_585' title='bbox 918 3832 1092 3900; x_wconf 91' lang='lat' dir='ltr'><strong>imago</strong></span> <span class='ocrx_word' id='word_1_586' title='bbox 1152 3831 1259 3892; x_wconf 91' lang='lat' dir='ltr'><strong>sit,</strong></span> <span class='ocrx_word' id='word_1_587' title='bbox 1318 3844 1427 3883; x_wconf 92' lang='lat' dir='ltr'><strong>non</strong></span> <span class='ocrx_word' id='word_1_588' title='bbox 1476 3842 1644 3882; x_wconf 90' lang='lat' dir='ltr'><strong>unum</strong></span> <span class='ocrx_word' id='word_1_589' title='bbox 1692 3834 1873 3881; x_wconf 87' lang='lat' dir='ltr'><strong>tamen</strong></span> 
     </span>
    </p>
   </div>
   <div class='ocr_carea' id='block_1_78' title="bbox 308 3917 1875 3995">
    <p class='ocr_par' dir='ltr' id='par_1_78' title="bbox 308 3917 1875 3995">
     <span class='ocr_line' id='line_1_78' title="bbox 308 3917 1875 3995; baseline -0.007 -12"><span class='ocrx_word' id='word_1_590' title='bbox 308 3930 471 3983; x_wconf 86' lang='lat' dir='ltr'><strong>unius</strong></span> <span class='ocrx_word' id='word_1_591' title='bbox 529 3924 784 3995; x_wconf 87' lang='lat' dir='ltr'><strong>imaginis</strong></span> <span class='ocrx_word' id='word_1_592' title='bbox 842 3922 1240 3991; x_wconf 83' lang='lat' dir='ltr'><strong>archetypum:</strong></span> <span class='ocrx_word' id='word_1_593' title='bbox 1297 3920 1422 3989; x_wconf 89' lang='lat' dir='ltr'><strong>quis</strong></span> <span class='ocrx_word' id='word_1_594' title='bbox 1477 3919 1615 3973; x_wconf 89' lang='lat' dir='ltr'><strong>adeo</strong></span> <span class='ocrx_word' id='word_1_595' title='bbox 1675 3917 1875 3972; x_wconf 90' lang='lat' dir='ltr'><strong>mentis</strong></span> 
     </span>
    </p>
   </div>
   <div class='ocr_carea' id='block_1_79' title="bbox 308 4008 1876 4089">
    <p class='ocr_par' dir='ltr' id='par_1_79' title="bbox 308 4008 1876 4089">
     <span class='ocr_line' id='line_1_79' title="bbox 308 4008 1876 4089; baseline -0.01 -14"><span class='ocrx_word' id='word_1_596' title='bbox 308 4022 465 4089; x_wconf 83' lang='lat' dir='ltr'><strong>inops</strong></span> <span class='ocrx_word' id='word_1_597' title='bbox 496 4017 678 4081; x_wconf 78' lang='lat' dir='ltr'><strong>fuerit,</strong></span> <span class='ocrx_word' id='word_1_598' title='bbox 712 4023 769 4068; x_wconf 93' lang='lat' dir='ltr'><strong>ut</strong></span> <span class='ocrx_word' id='word_1_599' title='bbox 804 4014 1035 4083; x_wconf 87' lang='lat' dir='ltr'><strong>ignoret,</strong></span> <span class='ocrx_word' id='word_1_600' title='bbox 1061 4026 1183 4081; x_wconf 76' lang='lat' dir='ltr'><strong>qua:</strong></span> <span class='ocrx_word' id='word_1_601' title='bbox 1210 4011 1304 4065; x_wconf 92' lang='lat' dir='ltr'><strong>uni</strong></span> <span class='ocrx_word' id='word_1_602' title='bbox 1339 4008 1625 4078; x_wconf 84' lang='lat' dir='ltr'><strong>eidemque</strong></span> <span class='ocrx_word' id='word_1_603' title='bbox 1662 4008 1739 4061; x_wconf 89' lang='lat' dir='ltr'><strong>rei</strong></span> <span class='ocrx_word' id='word_1_604' title='bbox 1801 4008 1876 4061; x_wconf 91' lang='lat' dir='ltr'><strong>si-</strong></span> 
     </span>
    </p>
   </div>
   <div class='ocr_carea' id='block_1_80' title="bbox 309 4098 1879 4172">
    <p class='ocr_par' dir='ltr' id='par_1_80' title="bbox 309 4098 1879 4172">
     <span class='ocr_line' id='line_1_80' title="bbox 309 4098 1879 4172; baseline -0.009 -7"><span class='ocrx_word' id='word_1_605' title='bbox 309 4110 459 4165; x_wconf 90' lang='lat' dir='ltr'><strong>milia</strong></span> <span class='ocrx_word' id='word_1_606' title='bbox 488 4115 636 4172; x_wconf 91' lang='lat' dir='ltr'><strong>sunt,</strong></span> <span class='ocrx_word' id='word_1_607' title='bbox 678 4104 865 4161; x_wconf 85' lang='lat' dir='ltr'><strong>eadem</strong></span> <span class='ocrx_word' id='word_1_608' title='bbox 900 4103 1042 4157; x_wconf 91' lang='lat' dir='ltr'><strong>inter</strong></span> <span class='ocrx_word' id='word_1_609' title='bbox 1087 4117 1146 4157; x_wconf 90' lang='lat' dir='ltr'><strong>se</strong></span> <span class='ocrx_word' id='word_1_610' title='bbox 1194 4115 1412 4171; x_wconf 91' lang='lat' dir='ltr'><strong>quoque</strong></span> <span class='ocrx_word' id='word_1_611' title='bbox 1464 4099 1666 4154; x_wconf 89' lang='lat' dir='ltr'><strong>similia</strong></span> <span class='ocrx_word' id='word_1_612' title='bbox 1713 4098 1879 4153; x_wconf 77' lang='lat' dir='ltr'><strong>esse?</strong></span> 
     </span>
    </p>
   </div>
   <div class='ocr_carea' id='block_1_81' title="bbox 1979 3369 3560 3442">
    <p class='ocr_par' dir='ltr' id='par_1_81' title="bbox 1979 3369 3560 3442">
     <span class='ocr_line' id='line_1_81' title="bbox 1979 3369 3560 3442; baseline -0.004 -17"><span class='ocrx_word' id='word_1_613' title='bbox 1979 3372 2188 3442; x_wconf 89' lang='grc' dir='ltr'>φύσεις,</span> <span class='ocrx_word' id='word_1_614' title='bbox 2205 3371 2492 3442; x_wconf 85' lang='grc' dir='ltr'>διαφόρους</span> <span class='ocrx_word' id='word_1_615' title='bbox 2520 3370 2734 3433; x_wconf 83' lang='grc' dir='ltr'>πάντως</span> <span class='ocrx_word' id='word_1_616' title='bbox 2758 3370 2849 3422; x_wconf 72' lang='grc' dir='ltr'><strong>καὶ</strong></span> <span class='ocrx_word' id='word_1_617' title='bbox 2872 3369 2970 3422; x_wconf 78' lang='grc' dir='ltr'><strong>τὰς</strong></span> <span class='ocrx_word' id='word_1_618' title='bbox 2996 3370 3203 3431; x_wconf 81' lang='grc' dir='ltr'>εἰκόνας</span> <span class='ocrx_word' id='word_1_619' title='bbox 3233 3369 3411 3421; x_wconf 70' lang='grc' dir='ltr'>αὐτῶν</span> <span class='ocrx_word' id='word_1_620' title='bbox 3477 3371 3560 3421; x_wconf 66' lang='grc' dir='ltr'><strong>ἐν-</strong></span> 
     </span>
    </p>
   </div>
   <div class='ocr_carea' id='block_1_82' title="bbox 1984 3448 3558 3532">
    <p class='ocr_par' dir='ltr' id='par_1_82' title="bbox 1984 3448 3558 3532">
     <span class='ocr_line' id='line_1_82' title="bbox 1984 3448 3558 3532; baseline -0.002 -18"><span class='ocrx_word' id='word_1_621' title='bbox 1984 3462 2280 3532; x_wconf 88' lang='grc' dir='ltr'>εστήσατο,</span> <span class='ocrx_word' id='word_1_622' title='bbox 2332 3460 2429 3529; x_wconf 78' lang='grc' dir='ltr'><strong>τὴν</strong></span> <span class='ocrx_word' id='word_1_623' title='bbox 2476 3458 2807 3527; x_wconf 82' lang='grc' dir='ltr'>κατάλληλον</span> <span class='ocrx_word' id='word_1_624' title='bbox 2854 3448 3068 3528; x_wconf 52' lang='grc' dir='ltr'>ίέκάστῃ</span> <span class='ocrx_word' id='word_1_625' title='bbox 3122 3458 3558 3528; x_wconf 81' lang='grc' dir='ltr'>δημιουργήσας.</span> 
     </span>
    </p>
   </div>
   <div class='ocr_carea' id='block_1_83' title="bbox 1996 3546 3563 3620">
    <p class='ocr_par' dir='ltr' id='par_1_83' title="bbox 1996 3546 3563 3620">
     <span class='ocr_line' id='line_1_83' title="bbox 1996 3546 3563 3620; baseline -0.002 -16"><span class='ocrx_word' id='word_1_626' title='bbox 1996 3551 2135 3604; x_wconf 83' lang='grc' dir='ltr'>Ἀλλ’</span> <span class='ocrx_word' id='word_1_627' title='bbox 2167 3549 2357 3620; x_wconf 80' lang='grc' dir='ltr'>ἐπειδὴ</span> <span class='ocrx_word' id='word_1_628' title='bbox 2390 3550 2487 3619; x_wconf 88' lang='grc' dir='ltr'><strong>μία</strong></span> <span class='ocrx_word' id='word_1_629' title='bbox 2529 3549 2627 3619; x_wconf 83' lang='grc' dir='ltr'>μὲν</span> <span class='ocrx_word' id='word_1_630' title='bbox 2655 3550 2688 3618; x_wconf 85' lang='grc' dir='ltr'>ἠ</span> <span class='ocrx_word' id='word_1_631' title='bbox 2723 3546 2905 3605; x_wconf 78' lang='grc' dir='ltr'>εἰκὼν,</span> <span class='ocrx_word' id='word_1_632' title='bbox 2946 3547 3044 3615; x_wconf 80' lang='grc' dir='ltr'>οὺχ</span> <span class='ocrx_word' id='word_1_633' title='bbox 3080 3546 3137 3599; x_wconf 80' lang='grc' dir='ltr'>ἓν</span> <span class='ocrx_word' id='word_1_634' title='bbox 3176 3547 3231 3599; x_wconf 81' lang='grc' dir='ltr'>δὲ</span> <span class='ocrx_word' id='word_1_635' title='bbox 3259 3548 3320 3599; x_wconf 78' lang='grc' dir='ltr'><strong>τὸ</strong></span> <span class='ocrx_word' id='word_1_636' title='bbox 3351 3549 3449 3615; x_wconf 85' lang='grc' dir='ltr'>τῆς</span> <span class='ocrx_word' id='word_1_637' title='bbox 3481 3551 3563 3601; x_wconf 81' lang='grc' dir='ltr'>εί-</span> 
     </span>
    </p>
   </div>
   <div class='ocr_carea' id='block_1_84' title="bbox 1982 3638 3561 3712">
    <p class='ocr_par' dir='ltr' id='par_1_84' title="bbox 1982 3638 3561 3712">
     <span class='ocr_line' id='line_1_84' title="bbox 1982 3638 3561 3712; baseline -0.001 -16"><span class='ocrx_word' id='word_1_638' title='bbox 1982 3644 2135 3706; x_wconf 86' lang='grc' dir='ltr'>κόνος</span> <span class='ocrx_word' id='word_1_639' title='bbox 2174 3642 2507 3712; x_wconf 84' lang='grc' dir='ltr'>ἀρχέτυπον·</span> <span class='ocrx_word' id='word_1_640' title='bbox 2540 3640 2620 3704; x_wconf 88' lang='grc' dir='ltr'><strong>τίς</strong></span> <span class='ocrx_word' id='word_1_641' title='bbox 2653 3639 2825 3702; x_wconf 76' lang='grc' dir='ltr'>οὕτως</span> <span class='ocrx_word' id='word_1_642' title='bbox 2868 3638 2971 3705; x_wconf 78' lang='grc' dir='ltr'><strong>ἔξω</strong></span> <span class='ocrx_word' id='word_1_643' title='bbox 3016 3639 3251 3701; x_wconf 84' lang='grc' dir='ltr'>διανοίας</span> <span class='ocrx_word' id='word_1_644' title='bbox 3292 3640 3441 3692; x_wconf 76' lang='grc' dir='ltr'>ἐστὶν</span> <span class='ocrx_word' id='word_1_645' title='bbox 3481 3641 3561 3705; x_wconf 81' lang='grc' dir='ltr'><strong>ὡς</strong></span> 
     </span>
    </p>
   </div>
   <div class='ocr_carea' id='block_1_85' title="bbox 1984 3729 3553 3802">
    <p class='ocr_par' dir='ltr' id='par_1_85' title="bbox 1984 3729 3553 3802">
     <span class='ocr_line' id='line_1_85' title="bbox 1984 3729 3553 3802; baseline -0.001 -15"><span class='ocrx_word' id='word_1_646' title='bbox 1984 3736 2223 3802; x_wconf 89' lang='grc' dir='ltr'>ἀγνοεῖν,</span> <span class='ocrx_word' id='word_1_647' title='bbox 2254 3734 2335 3785; x_wconf 84' lang='grc' dir='ltr'>ὅτι</span> <span class='ocrx_word' id='word_1_648' title='bbox 2369 3733 2436 3785; x_wconf 81' lang='grc' dir='ltr'>τὰ</span> <span class='ocrx_word' id='word_1_649' title='bbox 2465 3732 2542 3802; x_wconf 81' lang='grc' dir='ltr'><strong>τῷ</strong></span> <span class='ocrx_word' id='word_1_650' title='bbox 2566 3732 2646 3786; x_wconf 79' lang='grc' dir='ltr'>ένὶ</span> <span class='ocrx_word' id='word_1_651' title='bbox 2672 3729 3000 3802; x_wconf 88' lang='grc' dir='ltr'>ὁμοιούμενα</span> <span class='ocrx_word' id='word_1_652' title='bbox 3020 3771 3034 3794; x_wconf 92' lang='grc'><strong>,</strong></span> <span class='ocrx_word' id='word_1_653' title='bbox 3066 3730 3159 3783; x_wconf 73' lang='grc' dir='ltr'>καὶ</span> <span class='ocrx_word' id='word_1_654' title='bbox 3187 3730 3322 3801; x_wconf 80' lang='grc' dir='ltr'>πρὸς</span> <span class='ocrx_word' id='word_1_655' title='bbox 3350 3729 3553 3802; x_wconf 81' lang='grc' dir='ltr'>ἄλληλα</span> 
     </span>
    </p>
   </div>
   <div class='ocr_carea' id='block_1_86' title="bbox 1986 3821 3554 3893">
    <p class='ocr_par' dir='ltr' id='par_1_86' title="bbox 1986 3821 3554 3893">
     <span class='ocr_line' id='line_1_86' title="bbox 1986 3821 3554 3893; baseline -0.001 -15"><span class='ocrx_word' id='word_1_656' title='bbox 1986 3826 2205 3887; x_wconf 85' lang='grc' dir='ltr'>πάντως</span> <span class='ocrx_word' id='word_1_657' title='bbox 2233 3822 2434 3892; x_wconf 85' lang='grc' dir='ltr'>ὁμοίως</span> <span class='ocrx_word' id='word_1_658' title='bbox 2468 3823 2615 3892; x_wconf 80' lang='grc' dir='ltr'>ἕχει;</span> <span class='ocrx_word' id='word_1_659' title='bbox 2645 3822 2744 3875; x_wconf 82' lang='grc' dir='ltr'>Διά</span> <span class='ocrx_word' id='word_1_660' title='bbox 2774 3821 2930 3875; x_wconf 77' lang='grc' dir='ltr'>τοῦτό</span> <span class='ocrx_word' id='word_1_661' title='bbox 2973 3838 3135 3891; x_wconf 88' lang='grc' dir='ltr'>φησι,</span> <span class='ocrx_word' id='word_1_662' title='bbox 3163 3823 3301 3892; x_wconf 87' lang='grc' dir='ltr'>τάχα</span> <span class='ocrx_word' id='word_1_663' title='bbox 3327 3822 3425 3893; x_wconf 85' lang='grc' dir='ltr'>τὴν</span> <span class='ocrx_word' id='word_1_664' title='bbox 3455 3841 3554 3877; x_wconf 88' lang='grc' dir='ltr'>κα-</span> 
     </span>
    </p>
   </div>
   <div class='ocr_carea' id='block_1_87' title="bbox 1986 3902 3554 3983">
    <p class='ocr_par' dir='ltr' id='par_1_87' title="bbox 1986 3902 3554 3983">
     <span class='ocr_line' id='line_1_87' title="bbox 1986 3902 3554 3983; baseline -0.006 -15"><span class='ocrx_word' id='word_1_665' title='bbox 1986 3917 2106 3968; x_wconf 85' lang='grc' dir='ltr'>κίαν</span> <span class='ocrx_word' id='word_1_666' title='bbox 2152 3912 2352 3982; x_wconf 88' lang='grc' dir='ltr'>ταύτην</span> <span class='ocrx_word' id='word_1_667' title='bbox 2381 3913 2437 3964; x_wconf 83' lang='grc' dir='ltr'><strong>έν</strong></span> <span class='ocrx_word' id='word_1_668' title='bbox 2474 3915 2539 3982; x_wconf 81' lang='grc' dir='ltr'>τῇ</span> <span class='ocrx_word' id='word_1_669' title='bbox 2572 3915 2880 3982; x_wconf 84' lang='grc' dir='ltr'>κατασκευῇ</span> <span class='ocrx_word' id='word_1_670' title='bbox 2910 3913 3009 3982; x_wconf 80' lang='grc' dir='ltr'>τῆς</span> <span class='ocrx_word' id='word_1_671' title='bbox 3038 3912 3380 3983; x_wconf 84' lang='grc' dir='ltr'>ἀνθρωπίνης</span> <span class='ocrx_word' id='word_1_672' title='bbox 3408 3902 3554 3983; x_wconf 46' lang='lat' dir='ltr'><strong>gms};</strong></span> 
     </span>
    </p>
   </div>
   <div class='ocr_carea' id='block_1_88' title="bbox 1983 4002 3557 4075">
    <p class='ocr_par' dir='ltr' id='par_1_88' title="bbox 1983 4002 3557 4075">
     <span class='ocr_line' id='line_1_88' title="bbox 1983 4002 3557 4075; baseline -0.003 -17"><span class='ocrx_word' id='word_1_673' title='bbox 1983 4008 2011 4058; x_wconf 93' lang='lat'><strong>6</strong></span> <span class='ocrx_word' id='word_1_674' title='bbox 2043 4003 2199 4071; x_wconf 88' lang='grc' dir='ltr'>λόγος</span> <span class='ocrx_word' id='word_1_675' title='bbox 2229 4002 2693 4071; x_wconf 80' lang='grc' dir='ltr'>ὑποτεμνόμενος,</span> <span class='ocrx_word' id='word_1_676' title='bbox 2727 4023 2745 4054; x_wconf 82' lang='grc' dir='ltr'><strong>ι</strong></span> <span class='ocrx_word' id='word_1_677' title='bbox 2775 4005 3096 4075; x_wconf 86' lang='grc' dir='ltr'>Ποιήσωμεν</span> <span class='ocrx_word' id='word_1_678' title='bbox 3118 4002 3398 4073; x_wconf 76' lang='grc' dir='ltr'>ἄνθρωπον</span> <span class='ocrx_word' id='word_1_679' title='bbox 3435 4007 3557 4056; x_wconf 75' lang='grc' dir='ltr'>κατ’</span> 
     </span>
    </p>
   </div>
   <div class='ocr_carea' id='block_1_89' title="bbox 1984 4092 2963 4165">
    <p class='ocr_par' dir='ltr' id='par_1_89' title="bbox 1984 4092 2963 4165">
     <span class='ocr_line' id='line_1_89' title="bbox 1984 4092 2963 4165; baseline -0.006 -14"><span class='ocrx_word' id='word_1_680' title='bbox 1984 4099 2166 4151; x_wconf 82' lang='grc' dir='ltr'>εἰκόνα</span> <span class='ocrx_word' id='word_1_681' title='bbox 2199 4092 2292 4145; x_wconf 82' lang='grc' dir='ltr'>καὶ</span> <span class='ocrx_word' id='word_1_682' title='bbox 2326 4094 2582 4163; x_wconf 83' lang='grc' dir='ltr'>ὁμοίωσιν</span> <span class='ocrx_word' id='word_1_683' title='bbox 2612 4094 2907 4165; x_wconf 81' lang='grc' dir='ltr'>ἡμετέραν.</span> <span class='ocrx_word' id='word_1_684' title='bbox 2945 4113 2963 4145; x_wconf 74' lang='grc' dir='ltr'><strong>ι</strong></span> 
     </span>
    </p>
   </div>
   <div class='ocr_carea' id='block_1_90' title="bbox 308 4183 3558 4268">
    <p class='ocr_par' dir='ltr' id='par_1_90' title="bbox 308 4183 3558 4268">
     <span class='ocr_line' id='line_1_90' title="bbox 308 4183 3558 4268; baseline -0.006 -10"><span class='ocrx_word' id='word_1_685' title='bbox 308 4200 517 4259; x_wconf 87' lang='lat' dir='ltr'><strong>Idcirco</strong></span> <span class='ocrx_word' id='word_1_686' title='bbox 543 4198 623 4255; x_wconf 90' lang='lat' dir='ltr'><strong>sic</strong></span> <span class='ocrx_word' id='word_1_687' title='bbox 656 4196 913 4268; x_wconf 87' lang='lat' dir='ltr'><strong>loquitur,</strong></span> <span class='ocrx_word' id='word_1_688' title='bbox 949 4194 1199 4251; x_wconf 82' lang='lat' dir='ltr'><strong>fortassis</strong></span> <span class='ocrx_word' id='word_1_689' title='bbox 1226 4192 1364 4247; x_wconf 91' lang='lat' dir='ltr'><strong>utin</strong></span> <span class='ocrx_word' id='word_1_690' title='bbox 1394 4191 1512 4261; x_wconf 89' lang='lat' dir='ltr'><strong>ipsa</strong></span> <span class='ocrx_word' id='word_1_691' title='bbox 1543 4190 1782 4247; x_wconf 91' lang='lat' dir='ltr'><strong>hominis</strong></span> <span class='ocrx_word' id='word_1_692' title='bbox 1817 4193 2092 4247; x_wconf 88' lang='lat' dir='ltr'><strong>creatione</strong></span> <span class='ocrx_word' id='word_1_693' title='bbox 2127 4204 2346 4260; x_wconf 77' lang='lat' dir='ltr'><strong>pravam</strong></span> <span class='ocrx_word' id='word_1_694' title='bbox 2380 4186 2574 4240; x_wconf 89' lang='lat' dir='ltr'><strong>horum</strong></span> <span class='ocrx_word' id='word_1_695' title='bbox 2615 4184 2862 4240; x_wconf 73' lang='lat' dir='ltr'><strong>haeresim</strong></span> <span class='ocrx_word' id='word_1_696' title='bbox 2891 4185 3206 4256; x_wconf 71' lang='lat' dir='ltr'><strong>praecideret</strong></span> <span class='ocrx_word' id='word_1_697' title='bbox 3240 4202 3253 4237; x_wconf 75' lang='grc' dir='ltr'>ε</span> <span class='ocrx_word' id='word_1_698' title='bbox 3293 4204 3312 4237; x_wconf 85' lang='grc' dir='ltr'><strong>ι</strong></span> <span class='ocrx_word' id='word_1_699' title='bbox 3354 4183 3558 4241; x_wconf 83' lang='lat' dir='ltr'><strong>Facia-</strong></span> 
     </span>
    </p>
   </div>
   <div class='ocr_carea' id='block_1_91' title="bbox 308 4280 2055 4354">
    <p class='ocr_par' dir='ltr' id='par_1_91' title="bbox 308 4280 2055 4354">
     <span class='ocr_line' id='line_1_91' title="bbox 308 4280 2055 4354; baseline -0.008 -9"><span class='ocrx_word' id='word_1_700' title='bbox 308 4305 431 4345; x_wconf 87' lang='lat' dir='ltr'><strong>mus</strong></span> <span class='ocrx_word' id='word_1_701' title='bbox 456 4286 730 4344; x_wconf 89' lang='lat' dir='ltr'><strong>hominem</strong></span> <span class='ocrx_word' id='word_1_702' title='bbox 751 4283 817 4339; x_wconf 90' lang='lat' dir='ltr'><strong>ad</strong></span> <span class='ocrx_word' id='word_1_703' title='bbox 857 4281 1146 4354; x_wconf 86' lang='lat' dir='ltr'><strong>imaginem</strong></span> <span class='ocrx_word' id='word_1_704' title='bbox 1183 4280 1709 4350; x_wconf 90' lang='lat' dir='ltr'><strong>similitudinemquc</strong></span> <span class='ocrx_word' id='word_1_705' title='bbox 1734 4287 2002 4348; x_wconf 82' lang='lat' dir='ltr'><strong>nostram.</strong></span> <span class='ocrx_word' id='word_1_706' title='bbox 2037 4298 2055 4331; x_wconf 71' lang='grc' dir='ltr'><strong>ι</strong></span> 
     </span>
    </p>
   </div>
   <div class='ocr_carea' id='block_1_92' title="bbox 898 4396 1278 4455">
    <p class='ocr_par' dir='ltr' id='par_1_92' title="bbox 898 4396 1278 4455">
     <span class='ocr_line' id='line_1_92' title="bbox 898 4396 1278 4455; baseline -0.008 -1"><span class='ocrx_word' id='word_1_707' title='bbox 898 4397 1125 4455; x_wconf 84' lang='lat' dir='ltr'><strong>CAPUT</strong></span> <span class='ocrx_word' id='word_1_708' title='bbox 1165 4396 1278 4452; x_wconf 83' lang='lat' dir='ltr'><strong>VII.</strong></span> 
     </span>
    </p>
   </div>
   <div class='ocr_carea' id='block_1_93' title="bbox 2512 4391 3012 4446">
    <p class='ocr_par' dir='ltr' id='par_1_93' title="bbox 2512 4391 3012 4446">
     <span class='ocr_line' id='line_1_93' title="bbox 2512 4391 3012 4446; baseline -0.002 0"><span class='ocrx_word' id='word_1_709' title='bbox 2512 4392 2910 4446; x_wconf 81' lang='grc' dir='ltr'><strong>ΚΕΦΑΛΑΙΟΝ</strong></span> <span class='ocrx_word' id='word_1_710' title='bbox 2940 4391 3012 4445; x_wconf 87' lang='lat' dir='ltr'><strong>Z&#39;.</strong></span> 
     </span>
    </p>
   </div>
   <div class='ocr_carea' id='block_1_94' title="bbox 311 4485 1875 4562">
    <p class='ocr_par' dir='ltr' id='par_1_94' title="bbox 311 4487 1875 4562">
     <span class='ocr_line' id='line_1_94' title="bbox 311 4487 1875 4562; baseline -0.004 -14"><span class='ocrx_word' id='word_1_711' title='bbox 311 4491 657 4562; x_wconf 80' lang='lat' dir='ltr'><strong>Quamobrem</strong></span> <span class='ocrx_word' id='word_1_712' title='bbox 689 4491 896 4543; x_wconf 80' lang='lat' dir='ltr'><strong>nullisa</strong></span> <span class='ocrx_word' id='word_1_713' title='bbox 915 4490 1189 4562; x_wconf 70' lang='lat' dir='ltr'><strong>naturaait</strong></span> <span class='ocrx_word' id='word_1_714' title='bbox 1220 4488 1385 4541; x_wconf 76' lang='lat' dir='ltr'><strong>armis</strong></span> <span class='ocrx_word' id='word_1_715' title='bbox 1410 4487 1585 4552; x_wconf 83' lang='lat' dir='ltr'><strong>homo,</strong></span> <span class='ocrx_word' id='word_1_716' title='bbox 1617 4489 1875 4558; x_wconf 74' lang='lat' dir='ltr'><strong>nullisque</strong></span> 
     </span>
    </p>
   </div>
   <div class='ocr_carea' id='block_1_95' title="bbox 2065 4485 3559 4562">
    <p class='ocr_par' dir='ltr' id='par_1_95' title="bbox 2065 4485 3559 4562">
     <span class='ocr_line' id='line_1_95' title="bbox 2065 4485 3559 4562; baseline -0.004 -19"><span class='ocrx_word' id='word_1_717' title='bbox 2065 4490 2084 4544; x_wconf 64' lang='lat' dir='ltr'><strong>i</strong></span> <span class='ocrx_word' id='word_1_718' title='bbox 2110 4492 2165 4542; x_wconf 87' lang='grc' dir='ltr'><strong>τι</strong></span> <span class='ocrx_word' id='word_1_719' title='bbox 2204 4487 2429 4557; x_wconf 71' lang='grc' dir='ltr'>γυμνὸς</span> <span class='ocrx_word' id='word_1_720' title='bbox 2455 4485 2582 4562; x_wconf 9' lang='grc' dir='ltr'>,τῶν</span> <span class='ocrx_word' id='word_1_721' title='bbox 2604 4487 2672 4562; x_wconf 57' lang='lat' dir='ltr'><strong>ex</strong></span> <span class='ocrx_word' id='word_1_722' title='bbox 2702 4486 3170 4562; x_wconf 52' lang='lat' dir='ltr'><strong>gﬁqsgogé’zlwr</strong></span> <span class='ocrx_word' id='word_1_723' title='bbox 3199 4500 3262 4538; x_wconf 82' lang='grc' dir='ltr'><strong>τε</strong></span> <span class='ocrx_word' id='word_1_724' title='bbox 3282 4499 3379 4539; x_wconf 80' lang='grc' dir='ltr'><strong>και</strong></span> <span class='ocrx_word' id='word_1_725' title='bbox 3414 4503 3527 4552; x_wconf 46' lang='grc' dir='ltr'><strong>προ</strong></span> <span class='ocrx_word' id='word_1_726' title='bbox 3544 4518 3559 4526; x_wconf 62' lang='grc' dir='ltr'><strong>ς</strong></span> 
     </span>
    </p>
   </div>
   <div class='ocr_carea' id='block_1_96' title="bbox 772 4560 1417 4629">
    <p class='ocr_par' dir='ltr' id='par_1_96' title="bbox 772 4560 1417 4629">
     <span class='ocr_line' id='line_1_96' title="bbox 772 4560 1417 4629; baseline -0.002 -16"><span class='ocrx_word' id='word_1_727' title='bbox 772 4560 1074 4629; x_wconf 79' lang='lat' dir='ltr'><strong>tegumentis</strong></span> <span class='ocrx_word' id='word_1_728' title='bbox 1108 4560 1417 4612; x_wconf 77' lang='lat' dir='ltr'><strong>instructus.</strong></span> 
     </span>
    </p>
   </div>
   <div class='ocr_carea' id='block_1_97' title="bbox 376 4648 1875 4722">
    <p class='ocr_par' dir='ltr' id='par_1_97' title="bbox 376 4648 1875 4722">
     <span class='ocr_line' id='line_1_97' title="bbox 376 4648 1875 4722; baseline -0.003 -14"><span class='ocrx_word' id='word_1_729' title='bbox 376 4653 521 4722; x_wconf 83' lang='lat' dir='ltr'><strong>Quid</strong></span> <span class='ocrx_word' id='word_1_730' title='bbox 555 4667 683 4708; x_wconf 91' lang='lat' dir='ltr'><strong>vero</strong></span> <span class='ocrx_word' id='word_1_731' title='bbox 715 4651 820 4707; x_wconf 91' lang='lat' dir='ltr'><strong>sibi</strong></span> <span class='ocrx_word' id='word_1_732' title='bbox 849 4650 966 4705; x_wconf 88' lang='lat' dir='ltr'><strong>vult</strong></span> <span class='ocrx_word' id='word_1_733' title='bbox 991 4661 1170 4704; x_wconf 89' lang='lat' dir='ltr'><strong>erecta</strong></span> <span class='ocrx_word' id='word_1_734' title='bbox 1204 4649 1257 4704; x_wconf 92' lang='lat' dir='ltr'><strong>in</strong></span> <span class='ocrx_word' id='word_1_735' title='bbox 1292 4649 1510 4704; x_wconf 88' lang='lat' dir='ltr'><strong>homine</strong></span> <span class='ocrx_word' id='word_1_736' title='bbox 1541 4648 1752 4719; x_wconf 81' lang='lat' dir='ltr'><strong>ﬁgura?</strong></span> <span class='ocrx_word' id='word_1_737' title='bbox 1781 4658 1875 4705; x_wconf 91' lang='lat' dir='ltr'><strong>aut</strong></span> 
     </span>
    </p>
   </div>
   <div class='ocr_carea' id='block_1_98' title="bbox 306 4741 1874 4813">
    <p class='ocr_par' dir='ltr' id='par_1_98' title="bbox 306 4741 1874 4813">
     <span class='ocr_line' id='line_1_98' title="bbox 306 4741 1874 4813; baseline -0.004 -12"><span class='ocrx_word' id='word_1_738' title='bbox 306 4762 407 4801; x_wconf 80' lang='lat' dir='ltr'><strong>cur</strong></span> <span class='ocrx_word' id='word_1_739' title='bbox 432 4760 543 4801; x_wconf 91' lang='lat' dir='ltr'><strong>non</strong></span> <span class='ocrx_word' id='word_1_740' title='bbox 580 4743 796 4812; x_wconf 87' lang='lat' dir='ltr'><strong>corpori</strong></span> <span class='ocrx_word' id='word_1_741' title='bbox 814 4742 973 4813; x_wconf 85' lang='lat' dir='ltr'><strong>quasi</strong></span> <span class='ocrx_word' id='word_1_742' title='bbox 1006 4742 1307 4811; x_wconf 67' lang='lat' dir='ltr'><strong>congenitaa</strong></span> <span class='ocrx_word' id='word_1_743' title='bbox 1352 4747 1482 4796; x_wconf 88' lang='lat' dir='ltr'><strong>sunt</strong></span> <span class='ocrx_word' id='word_1_744' title='bbox 1513 4741 1757 4810; x_wconf 80' lang='lat' dir='ltr'><strong>quaedam</strong></span> <span class='ocrx_word' id='word_1_745' title='bbox 1808 4743 1874 4795; x_wconf 93' lang='lat' dir='ltr'><strong>ad</strong></span> 
     </span>
    </p>
   </div>
   <div class='ocr_carea' id='block_1_99' title="bbox 308 4828 1877 4899">
    <p class='ocr_par' dir='ltr' id='par_1_99' title="bbox 308 4828 1877 4899">
     <span class='ocr_line' id='line_1_99' title="bbox 308 4828 1877 4899; baseline -0.001 -13"><span class='ocrx_word' id='word_1_746' title='bbox 308 4832 563 4888; x_wconf 87' lang='lat' dir='ltr'><strong>tuendam</strong></span> <span class='ocrx_word' id='word_1_747' title='bbox 596 4830 757 4885; x_wconf 90' lang='lat' dir='ltr'><strong>vitam</strong></span> <span class='ocrx_word' id='word_1_748' title='bbox 792 4828 1114 4884; x_wconf 75' lang='lat' dir='ltr'><strong>necessariae</strong></span> <span class='ocrx_word' id='word_1_749' title='bbox 1155 4828 1341 4883; x_wconf 85' lang='lat' dir='ltr'><strong>vires?</strong></span> <span class='ocrx_word' id='word_1_750' title='bbox 1385 4830 1685 4899; x_wconf 89' lang='lat' dir='ltr'><strong>imparatus</strong></span> <span class='ocrx_word' id='word_1_751' title='bbox 1741 4830 1877 4885; x_wconf 91' lang='lat' dir='ltr'><strong>adeo</strong></span> 
     </span>
    </p>
   </div>
   <div class='ocr_carea' id='block_1_100' title="bbox 305 4919 1873 4992">
    <p class='ocr_par' dir='ltr' id='par_1_100' title="bbox 305 4919 1873 4992">
     <span class='ocr_line' id='line_1_100' title="bbox 305 4919 1873 4992; baseline -0.001 -15"><span class='ocrx_word' id='word_1_752' title='bbox 305 4924 375 4979; x_wconf 89' lang='lat' dir='ltr'><strong>ab</strong></span> <span class='ocrx_word' id='word_1_753' title='bbox 425 4921 680 4978; x_wconf 87' lang='lat' dir='ltr'><strong>omnibus</strong></span> <span class='ocrx_word' id='word_1_754' title='bbox 732 4927 940 4975; x_wconf 87' lang='lat' dir='ltr'><strong>naturae</strong></span> <span class='ocrx_word' id='word_1_755' title='bbox 998 4919 1289 4989; x_wconf 73' lang='lat' dir='ltr'><strong>praesidiis,</strong></span> <span class='ocrx_word' id='word_1_756' title='bbox 1338 4920 1593 4985; x_wconf 91' lang='lat' dir='ltr'><strong>inermis,</strong></span> <span class='ocrx_word' id='word_1_757' title='bbox 1649 4937 1873 4992; x_wconf 90' lang='lat' dir='ltr'><strong>pauper,</strong></span> 
     </span>
    </p>
   </div>
   <div class='ocr_carea' id='block_1_101' title="bbox 305 5012 1871 5083">
    <p class='ocr_par' dir='ltr' id='par_1_101' title="bbox 305 5012 1871 5083">
     <span class='ocr_line' id='line_1_101' title="bbox 305 5012 1871 5083; baseline -0.001 -15"><span class='ocrx_word' id='word_1_758' title='bbox 305 5015 548 5069; x_wconf 89' lang='lat' dir='ltr'><strong>omnium</strong></span> <span class='ocrx_word' id='word_1_759' title='bbox 571 5013 636 5068; x_wconf 89' lang='lat' dir='ltr'><strong>ad</strong></span> <span class='ocrx_word' id='word_1_760' title='bbox 661 5028 821 5069; x_wconf 89' lang='lat' dir='ltr'><strong>usum</strong></span> <span class='ocrx_word' id='word_1_761' title='bbox 838 5012 961 5065; x_wconf 59' lang='lat' dir='ltr'><strong>vitae</strong></span> <span class='ocrx_word' id='word_1_762' title='bbox 984 5013 1415 5066; x_wconf 86' lang='lat' dir='ltr'><strong>necessariorum</strong></span> <span class='ocrx_word' id='word_1_763' title='bbox 1443 5028 1609 5083; x_wconf 85' lang='lat' dir='ltr'><strong>egens</strong></span> <span class='ocrx_word' id='word_1_764' title='bbox 1636 5024 1871 5080; x_wconf 86' lang='lat' dir='ltr'><strong>creatur,</strong></span> 
     </span>
    </p>
   </div>
   <div class='ocr_carea' id='block_1_102' title="bbox 306 5102 1873 5174">
    <p class='ocr_par' dir='ltr' id='par_1_102' title="bbox 306 5102 1873 5174">
     <span class='ocr_line' id='line_1_102' title="bbox 306 5102 1873 5174; baseline 0.004 -20"><span class='ocrx_word' id='word_1_765' title='bbox 306 5102 525 5173; x_wconf 80' lang='lat' dir='ltr'><strong>dignior</strong></span> <span class='ocrx_word' id='word_1_766' title='bbox 580 5103 1092 5164; x_wconf 87' lang='lat' dir='ltr'><strong>commiseratione,</strong></span> <span class='ocrx_word' id='word_1_767' title='bbox 1154 5102 1230 5153; x_wconf 87' lang='lat' dir='ltr'><strong>uti</strong></span> <span class='ocrx_word' id='word_1_768' title='bbox 1289 5102 1508 5172; x_wconf 86' lang='lat' dir='ltr'><strong>quidem</strong></span> <span class='ocrx_word' id='word_1_769' title='bbox 1559 5105 1873 5174; x_wconf 87' lang='lat' dir='ltr'><strong>apparebat,</strong></span> 
     </span>
    </p>
   </div>
   <div class='ocr_carea' id='block_1_103' title="bbox 307 5191 1875 5260">
    <p class='ocr_par' dir='ltr' id='par_1_103' title="bbox 307 5191 1875 5260">
     <span class='ocr_line' id='line_1_103' title="bbox 307 5191 1875 5260; baseline 0.004 -16"><span class='ocrx_word' id='word_1_770' title='bbox 307 5204 472 5260; x_wconf 82' lang='lat' dir='ltr'><strong>quam</strong></span> <span class='ocrx_word' id='word_1_771' title='bbox 501 5191 592 5260; x_wconf 92' lang='lat' dir='ltr'><strong>qui</strong></span> <span class='ocrx_word' id='word_1_772' title='bbox 624 5191 819 5246; x_wconf 83' lang='lat' dir='ltr'><strong>beatus</strong></span> <span class='ocrx_word' id='word_1_773' title='bbox 852 5191 1258 5259; x_wconf 55' lang='lat' dir='ltr'><strong>praedicaretur.</strong></span> <span class='ocrx_word' id='word_1_774' title='bbox 1290 5191 1406 5248; x_wconf 84' lang='lat' dir='ltr'><strong>Non</strong></span> <span class='ocrx_word' id='word_1_775' title='bbox 1436 5210 1702 5250; x_wconf 89' lang='lat' dir='ltr'><strong>cornuum</strong></span> <span class='ocrx_word' id='word_1_776' title='bbox 1756 5213 1875 5251; x_wconf 91' lang='lat' dir='ltr'><strong>mu-</strong></span> 
     </span>
    </p>
   </div>
   <div class='ocr_carea' id='block_1_104' title="bbox 307 5278 1874 5350">
    <p class='ocr_par' dir='ltr' id='par_1_104' title="bbox 307 5278 1874 5350">
     <span class='ocr_line' id='line_1_104' title="bbox 307 5278 1874 5350; baseline 0.004 -17"><span class='ocrx_word' id='word_1_777' title='bbox 307 5278 514 5334; x_wconf 85' lang='lat' dir='ltr'><strong>nitione</strong></span> <span class='ocrx_word' id='word_1_778' title='bbox 533 5287 798 5341; x_wconf 90' lang='lat' dir='ltr'><strong>armatus,</strong></span> <span class='ocrx_word' id='word_1_779' title='bbox 839 5294 943 5333; x_wconf 90' lang='lat' dir='ltr'><strong>non</strong></span> <span class='ocrx_word' id='word_1_780' title='bbox 976 5282 1236 5350; x_wconf 91' lang='lat' dir='ltr'><strong>unguium</strong></span> <span class='ocrx_word' id='word_1_781' title='bbox 1267 5285 1538 5350; x_wconf 85' lang='lat' dir='ltr'><strong>acumine,</strong></span> <span class='ocrx_word' id='word_1_782' title='bbox 1566 5300 1672 5339; x_wconf 90' lang='lat' dir='ltr'><strong>non</strong></span> <span class='ocrx_word' id='word_1_783' title='bbox 1696 5286 1874 5341; x_wconf 86' lang='lat' dir='ltr'><strong>denti-</strong></span> 
     </span>
    </p>
   </div>
   <div class='ocr_carea' id='block_1_105' title="bbox 304 5368 1871 5442">
    <p class='ocr_par' dir='ltr' id='par_1_105' title="bbox 304 5368 1871 5442">
     <span class='ocr_line' id='line_1_105' title="bbox 304 5368 1871 5442; baseline 0.001 -17"><span class='ocrx_word' id='word_1_784' title='bbox 304 5371 430 5434; x_wconf 75' lang='lat' dir='ltr'><strong>bus,</strong></span> <span class='ocrx_word' id='word_1_785' title='bbox 464 5383 572 5423; x_wconf 90' lang='lat' dir='ltr'><strong>non</strong></span> <span class='ocrx_word' id='word_1_786' title='bbox 614 5368 852 5437; x_wconf 89' lang='lat' dir='ltr'><strong>ungulis,</strong></span> <span class='ocrx_word' id='word_1_787' title='bbox 877 5383 987 5424; x_wconf 72' lang='lat' dir='ltr'><strong>non</strong></span> <span class='ocrx_word' id='word_1_788' title='bbox 1016 5369 1203 5424; x_wconf 87' lang='lat' dir='ltr'><strong>aculeo</strong></span> <span class='ocrx_word' id='word_1_789' title='bbox 1243 5382 1526 5438; x_wconf 84' lang='lat' dir='ltr'><strong>venenato,</strong></span> <span class='ocrx_word' id='word_1_790' title='bbox 1561 5372 1871 5442; x_wconf 84' lang='lat' dir='ltr'><strong>cujusmodi</strong></span> 
     </span>
    </p>
   </div>
   <div class='ocr_carea' id='block_1_106' title="bbox 393 5547 884 5615">
    <p class='ocr_par' dir='ltr' id='par_1_106' title="bbox 393 5547 884 5615">
     <span class='ocr_line' id='line_1_106' title="bbox 393 5547 884 5615; baseline -0.002 -12"><span class='ocrx_word' id='word_1_791' title='bbox 393 5550 440 5583; x_wconf 77' lang='lat'><strong>“</strong></span> <span class='ocrx_word' id='word_1_792' title='bbox 477 5547 620 5606; x_wconf 66' lang='lat' dir='ltr'><strong>Psal.</strong></span> <span class='ocrx_word' id='word_1_793' title='bbox 653 5562 807 5615; x_wconf 78' lang='lat' dir='ltr'><strong>xcni,</strong></span> <span class='ocrx_word' id='word_1_794' title='bbox 836 5550 884 5606; x_wconf 90' lang='lat'><strong>9.</strong></span> 
     </span>
    </p>
   </div>
   <div class='ocr_carea' id='block_1_107' title="bbox 2353 4555 3172 4624">
    <p class='ocr_par' dir='ltr' id='par_1_107' title="bbox 2353 4555 3172 4624">
     <span class='ocr_line' id='line_1_107' title="bbox 2353 4555 3172 4624; baseline -0.001 -15"><span class='ocrx_word' id='word_1_795' title='bbox 2353 4555 2754 4624; x_wconf 71' lang='grc' dir='ltr'>καλυμμάτων</span> <span class='ocrx_word' id='word_1_796' title='bbox 2778 4559 2809 4608; x_wconf 80' lang='grc' dir='ltr'><em>ὀ</em></span> <span class='ocrx_word' id='word_1_797' title='bbox 2843 4557 3172 4623; x_wconf 70' lang='grc' dir='ltr'>ἄνθρωπος.</span> 
     </span>
    </p>
   </div>
   <div class='ocr_carea' id='block_1_108' title="bbox 2065 4644 3555 4718">
    <p class='ocr_par' dir='ltr' id='par_1_108' title="bbox 2065 4644 3555 4718">
     <span class='ocr_line' id='line_1_108' title="bbox 2065 4644 3555 4718; baseline -0.003 -17"><span class='ocrx_word' id='word_1_798' title='bbox 2065 4649 2223 4702; x_wconf 87' lang='grc' dir='ltr'>Ἀλλά</span> <span class='ocrx_word' id='word_1_799' title='bbox 2254 4649 2305 4701; x_wconf 91' lang='grc' dir='ltr'><strong>τί</strong></span> <span class='ocrx_word' id='word_1_800' title='bbox 2337 4648 2582 4718; x_wconf 82' lang='grc' dir='ltr'>βούλεται</span> <span class='ocrx_word' id='word_1_801' title='bbox 2620 4648 2680 4699; x_wconf 83' lang='grc' dir='ltr'><strong>τὸ</strong></span> <span class='ocrx_word' id='word_1_802' title='bbox 2714 4647 2805 4700; x_wconf 78' lang='grc' dir='ltr'>τοῦ</span> <span class='ocrx_word' id='word_1_803' title='bbox 2848 4649 3121 4717; x_wconf 85' lang='grc' dir='ltr'>σχήματος</span> <span class='ocrx_word' id='word_1_804' title='bbox 3158 4644 3371 4717; x_wconf 73' lang='grc' dir='ltr'>δρθιονς</span> <span class='ocrx_word' id='word_1_805' title='bbox 3405 4647 3467 4697; x_wconf 81' lang='grc' dir='ltr'>Τί</span> <span class='ocrx_word' id='word_1_806' title='bbox 3499 4648 3555 4697; x_wconf 72' lang='grc' dir='ltr'><strong>δὲ</strong></span> 
     </span>
    </p>
   </div>
   <div class='ocr_carea' id='block_1_109' title="bbox 1981 4737 3557 4810">
    <p class='ocr_par' dir='ltr' id='par_1_109' title="bbox 1981 4737 3557 4810">
     <span class='ocr_line' id='line_1_109' title="bbox 1981 4737 3557 4810; baseline -0.004 -17"><span class='ocrx_word' id='word_1_807' title='bbox 1981 4741 2102 4810; x_wconf 77' lang='grc' dir='ltr'>οὐχὶ</span> <span class='ocrx_word' id='word_1_808' title='bbox 2151 4741 2413 4810; x_wconf 83' lang='grc' dir='ltr'>συμφυεῖς</span> <span class='ocrx_word' id='word_1_809' title='bbox 2455 4741 2591 4791; x_wconf 85' lang='grc' dir='ltr'>εἰσιν</span> <span class='ocrx_word' id='word_1_810' title='bbox 2636 4739 2692 4790; x_wconf 80' lang='grc' dir='ltr'>αἱ</span> <span class='ocrx_word' id='word_1_811' title='bbox 2728 4738 2863 4807; x_wconf 82' lang='grc' dir='ltr'>πρὸς</span> <span class='ocrx_word' id='word_1_812' title='bbox 2899 4737 2990 4791; x_wconf 80' lang='grc' dir='ltr'><strong>τὸν</strong></span> <span class='ocrx_word' id='word_1_813' title='bbox 3032 4738 3144 4807; x_wconf 86' lang='grc' dir='ltr'>βίον</span> <span class='ocrx_word' id='word_1_814' title='bbox 3187 4737 3444 4807; x_wconf 84' lang='grc' dir='ltr'>δυνάμεις</span> <span class='ocrx_word' id='word_1_815' title='bbox 3477 4739 3557 4807; x_wconf 58' lang='grc' dir='ltr'>τίει</span> 
     </span>
    </p>
   </div>
   <div class='ocr_carea' id='block_1_110' title="bbox 1985 4827 3557 4901">
    <p class='ocr_par' dir='ltr' id='par_1_110' title="bbox 1985 4827 3557 4901">
     <span class='ocr_line' id='line_1_110' title="bbox 1985 4827 3557 4901; baseline -0.003 -18"><span class='ocrx_word' id='word_1_816' title='bbox 1985 4830 2194 4901; x_wconf 84' lang='grc' dir='ltr'>σώματι</span> <span class='ocrx_word' id='word_1_817' title='bbox 2219 4849 2234 4897; x_wconf 85' lang='grc'>;</span> <span class='ocrx_word' id='word_1_818' title='bbox 2260 4829 2394 4882; x_wconf 90' lang='grc' dir='ltr'><strong>ἁλλά</strong></span> <span class='ocrx_word' id='word_1_819' title='bbox 2427 4828 2631 4899; x_wconf 78' lang='grc' dir='ltr'>γυμνὸς</span> <span class='ocrx_word' id='word_1_820' title='bbox 2663 4828 2761 4899; x_wconf 84' lang='grc' dir='ltr'><strong>μὲν</strong></span> <span class='ocrx_word' id='word_1_821' title='bbox 2807 4827 2913 4881; x_wconf 89' lang='grc' dir='ltr'><strong>τῶν</strong></span> <span class='ocrx_word' id='word_1_822' title='bbox 2948 4827 3194 4895; x_wconf 80' lang='grc' dir='ltr'>φυσικῶν</span> <span class='ocrx_word' id='word_1_823' title='bbox 3234 4829 3557 4896; x_wconf 86' lang='grc' dir='ltr'>σκεπασμά-</span> 
     </span>
    </p>
   </div>
   <div class='ocr_carea' id='block_1_111' title="bbox 1985 4916 3557 4989">
    <p class='ocr_par' dir='ltr' id='par_1_111' title="bbox 1985 4916 3557 4989">
     <span class='ocr_line' id='line_1_111' title="bbox 1985 4916 3557 4989; baseline -0.002 -16"><span class='ocrx_word' id='word_1_824' title='bbox 1985 4939 2109 4988; x_wconf 83' lang='grc' dir='ltr'>των,</span> <span class='ocrx_word' id='word_1_825' title='bbox 2152 4922 2349 4984; x_wconf 82' lang='grc' dir='ltr'>ἄοπλος</span> <span class='ocrx_word' id='word_1_826' title='bbox 2380 4920 2435 4974; x_wconf 90' lang='grc' dir='ltr'><strong>δέ</strong></span> <span class='ocrx_word' id='word_1_827' title='bbox 2472 4937 2555 4983; x_wconf 87' lang='grc' dir='ltr'><strong>τις</strong></span> <span class='ocrx_word' id='word_1_828' title='bbox 2585 4922 2679 4972; x_wconf 71' lang='grc' dir='ltr'>καὶ</span> <span class='ocrx_word' id='word_1_829' title='bbox 2706 4919 2873 4989; x_wconf 84' lang='grc' dir='ltr'>πένης</span> <span class='ocrx_word' id='word_1_830' title='bbox 2899 4921 2927 4971; x_wconf 95' lang='lat'><strong>6</strong></span> <span class='ocrx_word' id='word_1_831' title='bbox 2973 4917 3276 4988; x_wconf 85' lang='grc' dir='ltr'>ἄνθρωπος,</span> <span class='ocrx_word' id='word_1_832' title='bbox 3308 4916 3403 4970; x_wconf 72' lang='grc' dir='ltr'>καὶ</span> <span class='ocrx_word' id='word_1_833' title='bbox 3448 4919 3557 4971; x_wconf 79' lang='grc' dir='ltr'><strong>τῶν</strong></span> 
     </span>
    </p>
   </div>
   <div class='ocr_carea' id='block_1_112' title="bbox 1982 5007 3559 5084">
    <p class='ocr_par' dir='ltr' id='par_1_112' title="bbox 1982 5007 3559 5084">
     <span class='ocr_line' id='line_1_112' title="bbox 1982 5007 3559 5084; baseline -0.003 -20"><span class='ocrx_word' id='word_1_834' title='bbox 1982 5013 2116 5084; x_wconf 74' lang='grc' dir='ltr'>πρὸς</span> <span class='ocrx_word' id='word_1_835' title='bbox 2164 5012 2260 5084; x_wconf 82' lang='grc' dir='ltr'><strong>τὴν</strong></span> <span class='ocrx_word' id='word_1_836' title='bbox 2294 5013 2482 5083; x_wconf 81' lang='grc' dir='ltr'>χρείαν</span> <span class='ocrx_word' id='word_1_837' title='bbox 2513 5011 2693 5081; x_wconf 69' lang='grc' dir='ltr'>ἐνδεὴς</span> <span class='ocrx_word' id='word_1_838' title='bbox 2729 5011 2983 5064; x_wconf 85' lang='grc' dir='ltr'>ἁπάντων</span> <span class='ocrx_word' id='word_1_839' title='bbox 3022 5009 3114 5061; x_wconf 76' lang='grc' dir='ltr'>ἐπὶ</span> <span class='ocrx_word' id='word_1_840' title='bbox 3151 5008 3241 5061; x_wconf 75' lang='grc' dir='ltr'>τὸν</span> <span class='ocrx_word' id='word_1_841' title='bbox 3271 5007 3401 5077; x_wconf 63' lang='grc' dir='ltr'>βίον.</span> <span class='ocrx_word' id='word_1_842' title='bbox 3417 5025 3559 5079; x_wconf 80' lang='grc' dir='ltr'>παρ-</span> 
     </span>
    </p>
   </div>
   <div class='ocr_carea' id='block_1_113' title="bbox 1977 5098 3558 5175">
    <p class='ocr_par' dir='ltr' id='par_1_113' title="bbox 1977 5098 3558 5175">
     <span class='ocr_line' id='line_1_113' title="bbox 1977 5098 3558 5175; baseline -0.003 -17"><span class='ocrx_word' id='word_1_843' title='bbox 1977 5106 2189 5173; x_wconf 87' lang='grc' dir='ltr'>άγεται,</span> <span class='ocrx_word' id='word_1_844' title='bbox 2214 5103 2475 5157; x_wconf 77' lang='grc' dir='ltr'>ἐλεεῖσθαι</span> <span class='ocrx_word' id='word_1_845' title='bbox 2498 5103 2694 5175; x_wconf 77' lang='grc' dir='ltr'>μᾶλλον</span> <span class='ocrx_word' id='word_1_846' title='bbox 2714 5104 2745 5172; x_wconf 84' lang='grc' dir='ltr'>ἢ</span> <span class='ocrx_word' id='word_1_847' title='bbox 2770 5100 3163 5173; x_wconf 75' lang='grc' dir='ltr'>μακαρίζεσθαι</span> <span class='ocrx_word' id='word_1_848' title='bbox 3187 5098 3327 5152; x_wconf 86' lang='grc' dir='ltr'><strong>κατά</strong></span> <span class='ocrx_word' id='word_1_849' title='bbox 3344 5099 3407 5153; x_wconf 83' lang='grc' dir='ltr'><strong>τὸ</strong></span> <span class='ocrx_word' id='word_1_850' title='bbox 3430 5118 3558 5169; x_wconf 88' lang='grc' dir='ltr'>φαι-</span> 
     </span>
    </p>
   </div>
   <div class='ocr_carea' id='block_1_114' title="bbox 1979 5188 3553 5264">
    <p class='ocr_par' dir='ltr' id='par_1_114' title="bbox 1979 5188 3553 5264">
     <span class='ocr_line' id='line_1_114' title="bbox 1979 5188 3553 5264; baseline -0.004 -18"><span class='ocrx_word' id='word_1_851' title='bbox 1979 5195 2199 5264; x_wconf 88' lang='grc' dir='ltr'>νόμενον</span> <span class='ocrx_word' id='word_1_852' title='bbox 2222 5194 2389 5259; x_wconf 79' lang='grc' dir='ltr'>ἄξιος,</span> <span class='ocrx_word' id='word_1_853' title='bbox 2416 5194 2475 5247; x_wconf 81' lang='grc' dir='ltr'><strong>οὑ</strong></span> <span class='ocrx_word' id='word_1_854' title='bbox 2505 5192 2795 5264; x_wconf 79' lang='grc' dir='ltr'>προϐολαῖς</span> <span class='ocrx_word' id='word_1_855' title='bbox 2820 5190 3062 5260; x_wconf 80' lang='grc' dir='ltr'>κεράτων</span> <span class='ocrx_word' id='word_1_856' title='bbox 3086 5188 3553 5259; x_wconf 84' lang='grc' dir='ltr'>καθωπλισμένος,</span> 
     </span>
    </p>
   </div>
   <div class='ocr_carea' id='block_1_115' title="bbox 1977 5279 3554 5354">
    <p class='ocr_par' dir='ltr' id='par_1_115' title="bbox 1977 5279 3554 5354">
     <span class='ocr_line' id='line_1_115' title="bbox 1977 5279 3554 5354; baseline -0.002 -17"><span class='ocrx_word' id='word_1_857' title='bbox 1977 5286 2075 5337; x_wconf 79' lang='grc' dir='ltr'><strong>οὐκ</strong></span> <span class='ocrx_word' id='word_1_858' title='bbox 2109 5284 2314 5354; x_wconf 79' lang='grc' dir='ltr'>ὀνύχων</span> <span class='ocrx_word' id='word_1_859' title='bbox 2364 5286 2569 5353; x_wconf 78' lang='grc' dir='ltr'>ἀκμαῖς</span> <span class='ocrx_word' id='word_1_860' title='bbox 2592 5324 2605 5345; x_wconf 93' lang='grc'><strong>,</strong></span> <span class='ocrx_word' id='word_1_861' title='bbox 2645 5283 2743 5352; x_wconf 79' lang='grc' dir='ltr'><strong>οὐχ</strong></span> <span class='ocrx_word' id='word_1_862' title='bbox 2769 5281 2992 5344; x_wconf 81' lang='grc' dir='ltr'>ὁπλαῖς,</span> <span class='ocrx_word' id='word_1_863' title='bbox 3037 5280 3068 5350; x_wconf 79' lang='grc' dir='ltr'>ἢ</span> <span class='ocrx_word' id='word_1_864' title='bbox 3104 5279 3332 5343; x_wconf 78' lang='grc' dir='ltr'>ὀδοῦσιν,</span> <span class='ocrx_word' id='word_1_865' title='bbox 3367 5282 3400 5351; x_wconf 76' lang='grc' dir='ltr'>ἦ</span> <span class='ocrx_word' id='word_1_866' title='bbox 3445 5299 3554 5334; x_wconf 82' lang='grc' dir='ltr'>τινι</span> 
     </span>
    </p>
   </div>
   <div class='ocr_carea' id='block_1_116' title="bbox 1979 5365 3557 5445">
    <p class='ocr_par' dir='ltr' id='par_1_116' title="bbox 1979 5365 3557 5445">
     <span class='ocr_line' id='line_1_116' title="bbox 1979 5365 3557 5445; baseline -0.001 -19"><span class='ocrx_word' id='word_1_867' title='bbox 1979 5376 2189 5445; x_wconf 85' lang='grc' dir='ltr'>κέντρῳ</span> <span class='ocrx_word' id='word_1_868' title='bbox 2218 5374 2591 5445; x_wconf 84' lang='grc' dir='ltr'>θανατηφόρον</span> <span class='ocrx_word' id='word_1_869' title='bbox 2618 5375 2692 5427; x_wconf 76' lang='grc' dir='ltr'>ἰὸν</span> <span class='ocrx_word' id='word_1_870' title='bbox 2723 5375 2783 5425; x_wconf 81' lang='grc' dir='ltr'>ὲκ</span> <span class='ocrx_word' id='word_1_871' title='bbox 2810 5371 3021 5441; x_wconf 83' lang='grc' dir='ltr'>φύσεως</span> <span class='ocrx_word' id='word_1_872' title='bbox 3058 5372 3253 5441; x_wconf 76' lang='grc' dir='ltr'>ἔχοντι,</span> <span class='ocrx_word' id='word_1_873' title='bbox 3282 5365 3367 5426; x_wconf 75' lang='grc' dir='ltr'>οἷα</span> <span class='ocrx_word' id='word_1_874' title='bbox 3393 5366 3457 5442; x_wconf 72' lang='grc' dir='ltr'>δὴ</span> <span class='ocrx_word' id='word_1_875' title='bbox 3486 5370 3557 5426; x_wconf 76' lang='grc' dir='ltr'><strong>τά</strong></span> 
     </span>
    </p>
   </div>
  </div>
