3768 6000
258 237 353 294 ιιι

1480 238 1568 298 DE
1615 234 1893 298 llOMlNlS
1951 234 2264 294 OPIFICIO.

3414 239 3515 295 142

255 348 427 403 πολλά
450 348 558 403 τῶν
592 349 749 414 ζώων
770 349 828 404 ἐν
857 348 1069 413 ἑαυτοῖς
1099 350 1236 421 πρὸς
1256 349 1356 422 τὴν
1384 350 1493 403 τῶν
1527 349 1743 403 λυπούνη

2022 366 2106 404 ius
2137 349 2407 402 instructa
2443 346 2699 417 pleraque
2737 345 2991 403 animalia
3039 349 3147 404 vim
3202 351 3510 409 lzedentium

253 441 468 511 ἄμυναν
485 441 773 512 κέκτητιπ.ι⁹
798 440 858 494 οὐ
878 445 945 513 τῇ
964 441 1073 496 τῶν
1093 442 1297 514 τριχῶν
1316 442 1575 514 περιϐολῇ
1590 443 1650 496 τὸ
1668 443 1829 512 σῶμα

253 534 614 590 καλύπτεται·
649 535 896 605 καίτοιγε
926 535 1056 599 ἴσως
1085 536 1176 590 τὸν
1209 538 1288 599 εἰς
1320 535 1496 607 ἀρχὴν
1517 535 1626 587 τῶν
1656 533 1831 589 ἄλλων

250 626 731 697 προτεταγμένον,
761 627 980 689 οἰκείοις
1012 626 1198 690 ὅπλοις
1234 625 1341 679 ἔδει
1386 623 1832 696 περιπεφράχθαι

251 717 410 789 παρά
435 717 533 787 τῆς
557 715 796 785 φύσεως,
818 716 893 780 ὡς
922 715 988 770 ἂν
1009 716 1083 787 μὴ
1108 716 1206 787 τῆς
1231 717 1360 788 παρ’
1390 716 1597 788 ἐτέρων
1617 717 1836 769 ἐπικου-

254 806 383 876 ρίας
420 805 557 875 πρὸς
583 804 681 876 τὴν
726 804 863 858 ἰδίαν
894 805 1191 873 ἀσφάλειαν
1227 804 1417 860 δέοιτο.
1444 805 1580 859 Νυνί
1613 804 1671 857 δὲ
1702 803 1836 858 λέων

257 897 381 966 μὲν,
421 898 514 950 καὶ
551 895 678 962 σῦς,
715 896 811 950 καὶ
862 896 1039 967 τίγρις
1063 936 1077 959 ,
1123 896 1218 948 καὶ
1242 896 1508 967 πάρδαλις
1530 936 1544 962 ,
1575 896 1669 951 καὶ
1700 895 1755 948 εί
1782 913 1835 950 τι

250 986 502 1039 τοιοῦτον
534 986 722 1056 ἕτερον
747 1026 762 1049 ,
795 985 1072 1056 ἀρκοῦσαν
1111 983 1225 1056 ἔχει
1268 984 1405 1056 πρὸς
1435 985 1707 1056 σωτηρίαν
1736 985 1836 1055 τὴν

254 1079 323 1131 ἐκ
351 1077 569 1147 φύσεως
613 1077 864 1147 δύναμιν.
909 1077 1018 1129 Καὶ
1054 1074 1131 1146 τῷ
1171 1076 1355 1147 ταύρῳ
1397 1077 1493 1146 μὲν
1537 1076 1598 1128 τὸ
1630 1076 1833 1147 κέρας,

253 1169 353 1222 καὶ
382 1168 461 1238 τῷ
488 1167 684 1237 λαγωῷ
715 1167 776 1220 τὸ
801 1167 994 1237 τάχος,
1036 1167 1130 1219 καὶ
1161 1169 1227 1237 τῇ
1262 1166 1481 1237 δορκάδι
1509 1166 1570 1219 τὸ
1607 1166 1836 1236 πήδημα

255 1260 351 1315 καὶ
380 1259 579 1313 τὸκατ’
609 1259 886 1329 ὀφθαλμὸν
905 1258 1162 1327 ἀσφαλὲς,
1196 1259 1291 1311 καὶ
1319 1258 1463 1330 ἄλλῳ
1487 1259 1596 1312 τινὶ
1626 1257 1753 1328 ζώῳ
1774 1256 1834 1310 τὸ

256 1354 515 1423 μέγεθος,
547 1353 641 1405 καὶ
670 1352 877 1422 ἑτέροις
905 1350 1281 1422 ἡπρονομαία,
1316 1352 1409 1404 καὶ
1436 1353 1545 1414 τοῖς
1572 1352 1837 1413 πετεινοῖς

250 1441 315 1497 τὸ
337 1444 557 1511 πτερὸν,
590 1443 683 1495 καὶ
711 1444 776 1513 τῇ
809 1441 1036 1513 μελίσσῃ
1058 1442 1121 1494 τὸ
1146 1442 1390 1511 κέντρον,
1419 1440 1514 1496 καί
1546 1442 1680 1494 πᾶσι
1703 1438 1838 1491 πάν-

248 1553 363 1600 τως
388 1537 449 1589 ἓν
475 1554 528 1588 τι
558 1537 639 1598 εἰς
674 1535 949 1606 σωτηρίαν
977 1535 1129 1605 παρὰ
1165 1535 1267 1605 τῆς
1285 1535 1501 1605 φύσεως
1528 1534 1831 1602 ἐμπέφυκε·

254 1626 419 1696 μόνος
445 1625 503 1678 δὲ
533 1627 750 1679 πάντων
788 1626 817 1676 ὁ
846 1624 1130 1695 ἄνθρωπος
1157 1625 1265 1677 τῶν
1302 1624 1400 1693 μὲν
1434 1622 1836 1695 ταχυδρομούν-

1942 456 2001 496 se
2032 439 2354 510 propulsare
2386 437 2657 502 videmus,
2683 451 2750 492 ne
2779 437 2902 507 pilis
2932 439 3152 509 quidem
3197 457 3395 513 corpus
3438 458 3509 501 tre-

1942 533 2107 602 gitur.
2165 531 2236 585 At
2278 544 2408 586 vero
2434 546 2578 595 eum,
2625 545 2714 584 CUI
2756 530 2811 584 in
2853 545 2938 586 res
2969 539 3193 589 caeteras
3226 534 3511 606 imperium

1943 622 2347 688 destinabatur,
2372 622 2542 675 armis
2560 636 2591 674 a
2618 629 2811 675 natura
2841 624 3078 693 prepriis
3106 626 3372 681 nnmitum
3394 644 3516 685 esse

1943 713 2247 783 oportebat,
2280 728 2347 767 ne
2370 712 2439 767 ad
2492 712 2754 768 tuendum
2779 729 2899 769 sese
2939 729 3042 784 ope
3082 716 3259 771 aliena
3311 730 3511 787 egeret.

1942 800 2060 858 Jam
2088 803 2192 866 leo,
2224 817 2375 872 aper,
2406 802 2588 874 tigris,
2632 804 2891 873 pardalis,
2934 814 3127 861 caetera
3184 812 3515 867 necessariis

1945 909 1974 946 a
2009 902 2202 948 natura
2240 893 2451 949 viribus
2478 894 2545 948 ad
2580 895 2832 948 tuendam
2856 896 3084 952 salutem
3112 914 3268 953 suam
3294 900 3515 973 egregie

1945 984 2213 1038 instructa
2242 990 2390 1039 sunt.
2417 983 2598 1039 Tauro
2629 999 2854 1053 cornua,
2888 987 3056 1057 lepori
3111 990 3378 1057 celeritas,
3417 1008 3507 1047 ca-

1943 1089 2087 1142 preae
2144 1075 2226 1128 vis
2280 1075 2528 1154 saliendi,
2582 1077 2975 1147 oculorumque
3018 1081 3371 1148 praestantia;
3420 1084 3514 1139 alii

1946 1164 2167 1218 animali
2193 1166 2528 1235 magnitudo,
2560 1167 2652 1221 alii
2685 1168 2970 1238 proboscis
2998 1187 3014 1235 ;
3054 1169 3369 1225 volucribus
3395 1174 3513 1232 alze.

1945 1255 2032 1323 api
2064 1255 2310 1318 aculeus,
2350 1264 2513 1326 atque
2545 1258 2681 1313 adeo
2716 1258 2972 1313 omnibus
3025 1259 3253 1329 aliquid,
3302 1278 3412 1331 quo
3457 1280 3517 1320 se

1944 1352 2295 1409 conservent,
2328 1355 2522 1401 natura
2561 1347 2753 1418 largita
2784 1356 2888 1403 est.
2923 1347 3085 1406 Solus
3120 1350 3281 1405 homo
3333 1356 3518 1421 perni-

1944 1435 2101 1489 cibus
2119 1435 2347 1501 tardior,
2383 1440 2721 1508 corpulentis
2744 1439 2944 1507 minor,
2991 1441 3073 1497 eis
3131 1457 3252 1512 quae
3294 1445 3461 1499 armis
3485 1462 3515 1499 a

1943 1539 2140 1581 natura
2171 1528 2314 1584 datis
2342 1536 2635 1596 tuta-sunt,
2671 1531 2992 1585 imbecillior
3020 1539 3126 1588 est.
3176 1532 3280 1599 Qui
3329 1535 3515 1605 igitur,

1944 1617 2147 1672 dixerit
2170 1619 2394 1688 aliquis,
2430 1629 2859 1677 consentaneum
2883 1630 2997 1688 est,
3026 1625 3117 1678 tali
3146 1641 3329 1680 rerum
3363 1643 3518 1683 sum-

248 1735 361 1771 των
390 1717 711 1789 ἀργότερος,
742 1715 849 1770 τῶν
876 1715 932 1769 δὲ
967 1715 1452 1787 πολυσαρκούντων
1479 1714 1736 1787 βραχύτεε

2024 1724 2082 1762 ιιι
2107 1710 2406 1781 obtigisse?
2422 1710 2532 1781 Ego
2553 1728 2682 1768 vero
2711 1713 2856 1768 haud
2879 1714 3176 1771 difﬁculter
3200 1718 3512 1783 ostendero,

249 1806 363 1861 τῶν
397 1806 455 1860 δὲ
478 1808 592 1868 τοῖς
634 1805 936 1877 συμφύτοις
969 1806 1155 1869 ὅπλοις
1182 1805 1603 1877 ἠσφαλισμὲνων
1632 1804 1838 1859 εὐαλω-

251 1898 495 1969 τότερος.
520 1898 633 1950 Καὶ
663 1896 801 1961 πῶς,
832 1897 947 1966 ἐρεῖ
969 1913 1072 1963 τις,
1100 1899 1128 1950 ὁ
1148 1896 1386 1961 τοιοῦτος
1410 1896 1508 1967 τὴν
1539 1895 1710 1968 ἀρχὴν
1738 1895 1839 1964 τὴν

254 1986 399 2040 κατά
422 1984 643 2039 πάντων
672 1983 842 2054 κεκλή
853 2001 1055 2053 ρωται;
1087 1983 1224 2036 Ἀλλ’
1256 1983 1406 2036 οὐδὲν
1431 1979 1585 2054 οἶμαι
1606 1981 1838 2052 χαλεπὸν

253 2078 460 2144 δεῖξαι,
516 2077 599 2130 ὅτι
648 2076 710 2128 τὸ
748 2075 939 2128 δοκοῦν
979 2074 1191 2138 ἐπιδεὲς
1237 2076 1336 2146 τῆς
1386 2074 1600 2143 φύσεως
1640 2073 1834 2144 ἡμῶν.

253 2170 481 2240 ἀφορμὴ
520 2169 655 2238 πρὸς
693 2167 754 2219 τὸ
794 2168 1012 2238 κρατεῖν
1055 2165 1163 2219 τῶν
1202 2165 1527 2234 ὑποχειρίων
1575 2163 1741 2217 ἐστίν.
1773 2164 1837 2216 Εἰ

255 2262 367 2333 γάρ
407 2260 551 2313 οὕτω
582 2258 866 2328 δυνάμεως
915 2253 1059 2326 εἶχεν
1092 2258 1120 2309 ὁ
1160 2255 1447 2325 ἄνθρωπος
1476 2295 1489 2319 ,
1521 2254 1597 2317 ὡς
1636 2256 1702 2325 τῇ
1737 2254 1835 2322 μὲν

253 2353 506 2422 ὠκύτητι
554 2349 925 2421 παρατρέχειν
956 2348 1047 2400 τὸν
1095 2346 1282 2410 ἵππον,
1330 2345 1591 2418 ἄτριπτον
1643 2345 1699 2398 δὲ
1735 2344 1839 2397 ὑπὸ

258 2442 618 2512 στερρότητος
647 2438 792 2508 ἔχειν
838 2436 927 2490 τὸν
959 2434 1112 2500 πόδα,
1164 2434 1358 2498 ὁπλαῖς
1403 2451 1544 2487 τισιν
1585 2434 1619 2503 ἢ
1654 2432 1845 2504 χηλαῖς

257 2532 624 2604 ἐρειδόμενον,
659 2529 869 2600 κέρατα
910 2527 968 2580 δὲ
1013 2528 1107 2580 καὶ
1147 2527 1346 2599 κέντρα
1395 2526 1489 2578 καὶ
1529 2525 1729 2596 ὄνυχας
1782 2526 1841 2577 ἐν

258 2621 440 2690 ἐαυτῷ
481 2619 705 2690 φέρειν·
756 2616 970 2689 πρῶτον
1009 2617 1109 2689 μὲν
1162 2616 1434 2689 θηριώδης
1490 2634 1575 2679 τις
1628 2618 1692 2670 ἂν
1737 2612 1805 2687 ἦν
1833 2656 1847 2680 ,

260 2714 354 2767 καὶ
406 2712 768 2782 δυσάντητος,
819 2709 1072 2763 τοιούτων
1123 2709 1288 2763 αὑτοῦ
1337 2709 1414 2780 τῷ
1462 2708 1673 2779 σώματι
1709 2726 1846 2779 συμ-

259 2804 605 2874 πεφυκότων.
650 2804 881 2855 Ἔπειτα
917 2800 972 2854 δέ
1012 2800 1263 2872 παρεῖδεν
1291 2799 1356 2854 ἂν
1384 2798 1481 2871 τὴν
1530 2798 1638 2852 τῶν
1670 2798 1845 2853 ἄλλων

259 2895 473 2967 ἀρχὴν,
528 2893 681 2946 οὐδὲν
730 2894 829 2963 τῆς
880 2891 1168 2963 συνεργίας
1219 2890 1327 2945 τῶν
1366 2892 1692 2962 ὑποχειρίων
1731 2890 1845 2944 δεό-

265 3005 448 3059 μενος.
498 2986 638 3039 Νυνί
669 2986 727 3038 δὲ
772 2985 959 3038 τούτου
1003 2984 1161 3055 χάριν
1204 2981 1288 3053 ἐφ’
1322 2983 1549 3037 ἕκαστον
1587 2985 1694 3037 τῶν
1740 2985 1843 3037 ὑπ·
1870 3014 1913 3071 C

260 3079 610 3150 ἐζευγμένων
631 3080 761 3149 ἡμῖν
787 3080 843 3130 αἰ
882 3076 974 3130 τοῦ
1001 3076 1114 3146 βίου
1140 3078 1320 3147 χρεῖαι
1349 3074 1840 3147 κατεμερίσθησαν,

259 3170 336 3234 ὡς
364 3170 670 3239 ἀναγκαίαν
698 3171 871 3221 ποιεῖν
896 3168 993 3238 τὴν
1021 3166 1139 3245 κατ’
1173 3165 1396 3218 ἐκείνων
1428 3164 1621 3235 ἀρχήν.
1653 3164 1725 3216 Τὸ
1748 3163 1847 3234 μὲν

264 3261 437 3333 βραδὺ
472 3260 567 3314 τοῦ
604 3258 856 3329 σώματος
884 3258 1230 3328 δυσκίνητον,
1275 3256 1363 3310 τὸν
1396 3257 1559 3310 ἵππον
1593 3257 1657 3327 τῇ
1691 3253 1849 3325 χρείᾳ

268 3352 592 3424 προσήγαγέ
633 3368 691 3403 τε
736 3351 828 3403 καὶ
877 3349 1201 3420 ἐδαμάσατο.
1295 3349 1359 3401 Ἢ
1408 3348 1463 3401 δὲ
1506 3347 1606 3414 τῆς
1649 3350 1850 3417 σαρκὸς

267 3444 545 3515 γυμνότης
573 3443 881 3510 ἀναγκαίαν
924 3443 1021 3512 τὴν
1064 3441 1172 3494 τῶν
1220 3441 1504 3513 προϐάτων
1530 3438 1849 3497 ἐπιστασίαν

269 3535 547 3605 ἐποίησεν,
578 3535 642 3585 ἐκ
676 3533 776 3602 τῆς
811 3531 1024 3601 ἐτησίου
1057 3530 1164 3584 τῶν
1193 3531 1354 3603 ἐρίων
1386 3531 1557 3601 φορᾶς
1589 3529 1686 3598 τῆς
1713 3529 1851 3598 ἡμε-

264 3627 433 3697 τέρας
467 3624 684 3694 φύσεως
739 3621 1148 3693 ὰιραπληροῦσαν
1200 3623 1259 3675 τὸ
1300 3621 1504 3675 λεῖπον.
1555 3620 1627 3672 Τὸ
1669 3618 1725 3671 δὲ
1754 3618 1851 3681 τὰς

267 3716 525 3787 ἀφορμάς
557 3718 691 3785 ἡμῖν
746 3714 843 3777 τὰς
874 3714 1005 3785 πρὸς
1037 3714 1125 3766 τὸν
1163 3712 1276 3781 βίον
1301 3712 1394 3765 καὶ
1419 3711 1476 3778 ἐξ
1510 3711 1709 3780 ἐτέρων
1742 3711 1852 3761 εἰσ-

269 3808 523 3876 άγεσθαι,
566 3806 636 3859 τὰ
667 3804 945 3875 ἀχθοφόρα
974 3803 1080 3856 τῶν
1117 3803 1271 3867 ζώων
1300 3805 1421 3867 ταῖς
1448 3802 1722 3865 τοιαύταις
1752 3801 1852 3853 ὑπ-

270 3899 522 3971 ηρεσίαις
549 3897 865 3962 ύπέζευξεν.
914 3895 1071 3949 Ἀλλὰ
1106 3896 1211 3966 μὴν
1236 3895 1296 3948 τὸ
1329 3895 1403 3966 μὴ
1437 3894 1696 3948 δύνασθαι
1730 3893 1851 3946 καθ’

270 3992 565 4062 ὁμοιότητα
610 3990 716 4042 τῶν
772 3988 1129 4059 βοσκημάτων
1176 3989 1501 4056 ποηφαγεῖν,
1544 3986 1854 4056 ὑποχείριον

270 4084 348 4155 τῷ
384 4082 489 4152 βίῳ
518 4082 609 4134 τὸν
637 4079 763 4150 βοῦν
793 4079 1187 4150 ἀπειργάσατο,
1222 4080 1334 4141 τοῖς
1371 4074 1517 4139 ἰδίοις
1546 4074 1726 4138 πόνοις
1756 4074 1854 4145 τὴν

273 4174 421 4245 ζωὴν
448 4175 581 4244 ἡμῖν
607 4172 1056 4243 ἐξευμαρίξοντσ.
1093 4171 1243 4224 Ἑπεί
1272 4171 1328 4223 δὲ
1370 4170 1463 4223 καὶ
1505 4168 1730 4221 ὀδόντων
1763 4170 1857 4220 καὶ

272 4266 551 4337 δήγματος
572 4259 641 4334 ἦν
672 4262 831 4334 χρεία
854 4262 988 4333 πρὸς
1012 4259 1073 4313 τὸ
1106 4258 1571 4328 καταγωνίζεσθαί
1597 4275 1716 4331 τινα
1750 4256 1856 4309 τῶν

1945 1799 1999 1854 id
2033 1800 2178 1868 quod
2204 1816 2236 1855 a
2265 1808 2462 1856 natura
2488 1803 2646 1858 nobis
2687 1803 2880 1860 deesse
2925 1806 3159 1870 videtur,
3199 1823 3362 1862 unam
3394 1820 3520 1865 esse

1944 1906 2170 1947 causam
2209 1893 2280 1948 ob
2312 1909 2476 1964 quam
2505 1902 2702 1949 caetera
2746 1905 2934 1951 nostra
2967 1897 3078 1952 sint
3120 1898 3177 1953 in
3223 1908 3514 1968 potestate.
3566 1914 3575 1917 ‘

1943 1980 2079 2035 Nam
2114 1981 2162 2036 si
2187 1997 2264 2037 eae
2297 1982 2535 2037 hominis
2557 1984 2699 2038 vires
2746 1982 2945 2051 forent,
2987 1994 3048 2039 ut
3100 2002 3273 2057 equos
3316 1990 3516 2046 celeri-

1944 2080 2054 2130 tate
2094 2082 2469 2145 przecurreret,
2521 2090 2584 2129 ac
2621 2076 2785 2145 pedes
2831 2076 3057 2133 haberet
3096 2094 3160 2134 ea
3199 2080 3418 2148 duritie,
3461 2095 3519 2138 ut

1944 2166 2065 2220 laedi
2090 2182 2198 2221 non
2238 2172 2484 2236 possent,
2521 2165 2742 2235 ungulis
2775 2167 3032 2221 nimirum
3060 2169 3252 2226 solidis
3277 2173 3363 2227 vel
3386 2173 3517 2228 clleo

1946 2255 2014 2311 lis
2040 2255 2324 2323 munitos;
2370 2262 2630 2325 praeterea
2669 2255 2773 2325 ipsi
2811 2271 2913 2310 nec
2944 2271 3151 2313 cornua
3198 2276 3300 2316 nec
3346 2264 3520 2319 aculei

1945 2360 2046 2400 nec
2085 2361 2293 2415 ungues
2316 2346 2577 2407 deessent
2606 2364 2618 2399 :
2654 2346 2889 2415 primum
2925 2348 3153 2418 quidem
3177 2353 3520 2408 immanitate

1947 2434 2096 2491 ferus
2124 2451 2186 2490 ac
2211 2436 2451 2493 crudelis
2485 2444 2653 2503 esset,
2696 2438 2861 2494 rebus
2890 2439 2957 2492 ad
3012 2444 3370 2499 exercendam
3418 2460 3521 2501 saa—

1948 2526 2133 2580 vitiam
2163 2529 2495 2597 comparatis
2526 2543 2556 2582 a
2597 2539 2793 2583 natura
2828 2529 3149 2588 instructus.
3182 2530 3388 2590 Deinde
3419 2535 3520 2590 im-

1946 2618 2155 2687 perium
2195 2618 2251 2672 in
2286 2634 2375 2673 res
2399 2626 2625 2674 caeteras
2659 2635 2766 2674 non
2806 2632 3151 2692 occupasset,
3183 2627 3402 2695 quando
3440 2627 3520 2682 eis

1946 2708 2109 2762 etiam
2140 2708 2370 2778 imperio
2406 2724 2507 2764 suo
2532 2710 2796 2779 subjectis
2830 2712 3032 2767 nullam
3077 2713 3144 2768 ad
3179 2730 3294 2770 rem
3341 2718 3521 2787 eguis-

1946 2806 2048 2855 set.
2086 2798 2242 2854 Nunc
2279 2800 2382 2855 hac
2404 2800 2521 2870 ipsa
2556 2801 2623 2856 de
2660 2816 2826 2857 causa
2869 2804 3081 2875 singula
3107 2807 3260 2876 quasi
3314 2811 3519 2865 manci-

1945 2893 2032 2962 pia
2072 2899 2258 2948 nostra
2288 2893 2534 2950 diversos
2562 2895 2629 2949 ad
2668 2910 2802 2951 usus
2823 2897 2947 2952 vitae
2992 2897 3411 2966 destinavimus,
3463 2914 3523 2957 ut.

1947 2983 2169 3039 omnino
2191 2984 2349 3039 nobis
2369 2999 2591 3041 necesse
2621 2987 2693 3042 sit
2715 2988 2847 3057 ipsis
2872 3003 2995 3043 cum
3022 2991 3250 3060 imperio
3268 3008 3520 3063 praeesse.
3563 2976 3568 2981 ’

1950 3072 2135 3144 Itaque
2174 3090 2297 3131 cum
2320 3077 2391 3131 ob
2422 3079 2670 3147 corporis
2695 3080 3048 3149 exiguitatem
3090 3083 3210 3138 loco
3231 3070 3343 3139 non
3386 3087 3522 3142 saxis

1950 3165 2161 3237 agiliter
2211 3182 2545 3235 moveamur,
2603 3185 2803 3241 equum
2862 3172 3071 3228 scilicet
3122 3174 3397 3231 domitum
3454 3180 3522 3233 ad

1952 3273 2108 3313 usum
2145 3266 2394 3314 nostrum
2423 3260 2741 3316 accivimus.
2778 3261 3035 3333 Corporis
3084 3266 3323 3334 nuditas,
3363 3276 3425 3322 ut
3465 3269 3521 3322 in

1950 3365 2078 3406 oves
2131 3350 2415 3421 imperium
2456 3353 2770 3407 necessario
2834 3340 3259 3425 usui-paremus,
3302 3356 3519 3413 effecit:

1949 3455 2059 3511 quo
2087 3455 2153 3496 ex
2181 3443 2378 3499 annuis
2412 3457 2598 3498 earum
2647 3443 2812 3508 lanis,
2864 3446 3007 3515 quod
3066 3455 3274 3502 natum
3326 3456 3525 3504 nostra:

1951 3531 2155 3601 deerat,
2191 3548 2549 3589 sumeremus.
2578 3533 2733 3600 Quod
2773 3535 2893 3589 aliis
2929 3550 2996 3590 ex
3027 3537 3342 3604 regionibus
3376 3555 3525 3609 quae-

1952 3623 2076 3679 dam
2126 3623 2194 3677 ad
2243 3623 2406 3677 vitam
2437 3622 2814 3680 sustinendam
2876 3624 3107 3692 petenda
3162 3636 3367 3690 essent,
3397 3628 3526 3684 fecit

1952 3723 2011 3769 ut
2052 3714 2305 3769 animalia
2339 3729 2459 3783 quae
2480 3712 2716 3768 ferendis
2746 3714 3007 3769 oneribus
3034 3722 3241 3780 essent,
3280 3719 3336 3772 in
3381 3719 3525 3775 hunc

1955 3822 2111 3861 usum
2146 3806 2455 3876 subjugum
2493 3806 2853 3861 mitteremus.
2896 3806 3032 3872 Quia
3072 3823 3235 3878 porro
3254 3810 3367 3865 fieri
3415 3826 3526 3866 non

1956 3906 2168 3968 poterat
2200 3904 2260 3951 ut
2288 3897 2464 3975 instar
2494 3896 2826 3969 reliquorum
2864 3912 3123 3967 pecorum
3170 3896 3353 3957 herbis
3403 3918 3529 3973 gra-

1956 3986 2209 4056 mineque
2242 4000 2585 4042 vescerentur
2617 4004 2631 4039 :
2670 3985 2877 4042 idcirco
2919 3988 3109 4043 bovem
3146 3990 3302 4051 nobis
3340 3994 3521 4062 subje-

1957 4079 2151 4140 cimus,
2194 4093 2301 4147 quo
2340 4092 2436 4147 pro
2464 4078 2624 4133 nobis
2664 4077 2946 4135 laborante
2992 4080 3275 4149 confieret,
3325 4091 3383 4136 ut
3428 4100 3530 4138 nos

1952 4171 2192 4240 jucunde
2225 4170 2586 4241 facillimeque
2615 4172 2966 4242 agitaremus.
2999 4171 3267 4229 Dentibus
3293 4190 3355 4228 ac
3382 4189 3529 4229 moro

1959 4278 2021 4316 su
2059 4260 2213 4316 nobis
2249 4275 2387 4331 opus
2415 4269 2533 4316 erat
2576 4260 2641 4313 ad
2680 4262 3041 4330 expugnanda
3073 4270 3270 4318 caetera
3319 4267 3528 4318 anima-

274 4357 452 4413 ἄλλων
481 4355 655 4419 ζώων,
687 4354 774 4409 διά
800 4354 898 4422 τῆς
924 4352 1029 4407 τῶν
1062 4352 1289 4405 ὀδόντων
1324 4350 1546 4422 βλάϐης,
1581 4348 1762 4420 παρέσ

2042 4352 2303 4424 ,przebuit
2342 4352 2408 4407 ad
2450 4352 2595 4406 hunc
2627 4368 2784 4408 usum
2825 4352 2984 4407 nobis
3024 4354 3299 4409 maxillam
3356 4358 3530 4423 canis,

274 4450 304 4502 δ
335 4446 484 4502 κύων
514 4444 649 4517 μετὰ
671 4444 766 4498 τοῦ
798 4444 991 4513 τάχους
1015 4444 1113 4513 τὴν
1142 4442 1275 4495 ἰδίαν
1304 4441 1463 4509 γένυν
1490 4441 1554 4509 τῇ
1612 4439 1858 4509 ἡμετέρᾳ

274 4541 458 4613 χρείᾳ,
489 4534 601 4593 οἷόν
642 4556 725 4602 τις
761 4536 1000 4607 ἔμψυχος
1032 4536 1275 4606 μάχαιρα
1307 4532 1383 4603 τῷ
1416 4530 1685 4603 ἀνθρώπῳ
1709 4530 1860 4598 γενό-

281 4651 461 4706 μενος.
517 4631 778 4702 Κεράτων
822 4629 879 4682 δέ
935 4628 1204 4700 προϐολῆς
1264 4626 1357 4680 καὶ
1415 4626 1623 4695 ὀνύχων
1675 4624 1858 4694 ἀκμῆς

281 4725 628 4799 ἰσχυρότερός
657 4740 715 4776 τε
747 4722 841 4775 καὶ
882 4719 1189 4791 τομώτερος
1227 4718 1567 4788 ἐπινενόηται
1615 4718 1726 4780 τοῖς
1768 4715 1860 4767 ἀν-

278 4816 519 4888 θρώποις
549 4817 577 4867 ό
604 4813 718 4884 σίδη
730 4830 839 4883 ρος,
866 4810 965 4864 οὐκ
992 4810 1078 4863 ἀεὶ
1107 4807 1474 4881 συμπεφυκὼς
1496 4810 1647 4878 ἡμῖν,
1671 4805 1857 4876 ὥσπερ

280 4910 390 4969 τοῖς
419 4905 631 4977 θηρίοις
660 4905 865 4959 ἐκεῖνα,
893 4900 1005 4955 ἀλλ’
1037 4901 1129 4954 ἐπὶ
1162 4900 1354 4969 καιροῦ
1384 4899 1769 4968 συμμαχήσας,
1796 4896 1859 4947 τὸ

278 4999 461 5053 λοιπὸν
493 4999 577 5067 ἐφ’
605 4995 801 5049 ἑαυτοῦ
835 4995 1004 5064 μένει.
1052 4994 1158 5046 Καὶ
1190 4993 1311 5045 ἀντὶ
1337 4992 1435 5061 τῆς
1461 4990 1553 5042 τοῦ
1576 4988 1860 5060 κροκοδεί-

279 5090 370 5143 λου
419 5089 648 5159 φωλίδος
674 5126 689 5151 ,
748 5085 866 5138 ἐστι
925 5083 1020 5154 μέν
1078 5083 1170 5137 καὶ
1223 5082 1383 5136 αὑτὸν
1436 5083 1642 5142 ἐκεῖνον
1697 5080 1860 5132 ὅπλον

279 5180 630 5252 ποιήσασθαι,
665 5177 812 5231 κατά
842 5175 1033 5246 καιρὸν
1060 5173 1157 5244 τὴν
1195 5173 1354 5245 δορὰν
1384 5172 1760 5242 περιθέμενον.
1796 5171 1861 5224 Εἰ

278 5274 331 5327 δὲ
360 5274 452 5344 μὴ,
484 5269 886 5343 σχηματίζεται
920 5268 1013 5319 καὶ
1039 5266 1173 5336 πρὸς
1200 5264 1356 5317 τοῦτο
1379 5262 1528 5336 παρὰ
1551 5263 1651 5331 τῆς
1671 5262 1864 5331 τέχνης

279 5367 307 5419 δ
340 5366 572 5436 σίδηρος,
603 5363 663 5425 ὃς
698 5360 794 5412 ἐπὶ
823 5355 1014 5428 καιροῦ
1048 5359 1181 5429 πρὸς
1208 5355 1298 5409 τὸν
1329 5353 1562 5423 πόλεμον
1592 5353 1868 5423 ὑπηρετή-

281 5475 395 5522 σας,
430 5457 597 5511 πάλιν
659 5450 949 5520 ἐλεύθερον
1010 5447 1102 5502 τοῦ
1140 5447 1336 5518 ἄχθους
1386 5446 1474 5497 ἐπ’
1512 5442 1733 5515 εἰρήνης
1773 5441 1867 5495 τδν

274 5549 494 5623 ὁπλίτην
508 5547 830 5604 κατέλιπεν.
867 5542 1155 5611 ’Υπηρετεῖ
1176 5541 1232 5611 δέ
1255 5539 1332 5611 τῷ
1352 5540 1449 5610 βίῳ
1473 5538 1565 5593 καί
1592 5539 1652 5591 τὸ
1672 5535 1869 5608 πτερὸν

276 5648 379 5700 τῶν
410 5631 643 5715 ὀρνέων,
675 5636 752 5698 ὡς
791 5633 923 5705 μηδέ
952 5632 1043 5685 τοῦ
1069 5631 1267 5703 πτηνοῦ
1302 5630 1497 5701 τάχους
1530 5630 1595 5683 δι’
1630 5627 1868 5691 ἐπινοίας

1965 4454 2125 4513 atque
2167 4444 2329 4500 etiam
2355 4443 2692 4498 velocitatem
2724 4458 2899 4507 suam,
2950 4450 3008 4497 ut
3047 4460 3154 4499 non
3185 4445 3419 4504 absurde
3456 4449 3535 4503 vi—

1964 4553 2064 4591 vus
2120 4534 2356 4589 hominis
2399 4533 2611 4603 gladius
2635 4533 2739 4588 dici
2776 4534 2966 4604 possit.
3003 4534 3281 4591 Cornuum
3319 4547 3373 4594 ct
3435 4557 3534 4594 un-

1962 4629 2146 4699 guium
2182 4626 2303 4681 loco
2332 4625 2475 4680 ferro
2507 4623 2767 4679 utendum
2788 4639 2909 4679 esse
2944 4624 3123 4694 potius
3146 4626 3393 4682 homines
3420 4630 3536 4681 ani-

1966 4716 2392 4778 madverterunt,
2436 4713 2578 4784 quod
2610 4714 2701 4767 illa
2734 4728 2858 4768 cum
2886 4713 3105 4778 duritie,
3138 4722 3252 4768 tum
3286 4719 3537 4773 acumine

1965 4809 2123 4879 longe
2155 4808 2340 4862 vincit.
2365 4804 2686 4875 Quanquam
2721 4803 2924 4859 ferrum
2971 4804 3216 4858 homines
3246 4820 3353 4858 non
3390 4821 3535 4861 sem-

1967 4914 2063 4969 per
2094 4903 2379 4967 usurpant,
2417 4896 2558 4949 sicut
2593 4894 2683 4947 illa
2718 4892 2847 4948 feris
2862 4908 3138 4961 nunquam
3173 4908 3279 4947 non
3316 4895 3536 4961 adsunt;

1969 4990 2061 5045 sed
2100 4989 2303 5042 utimur
2335 5002 2400 5042 eo
2434 4985 2728 5048 interdum,
2775 4999 2896 5038 cum
2931 4984 3005 5036 ita
3046 4998 3131 5037 res
3174 4986 3433 5052 postulat,
3473 5002 3540 5042 ac

1970 5080 2166 5135 deinde
2196 5079 2436 5133 vicissim
2477 5076 2785 5146 deponitur.
2854 5073 2961 5127 Pro
2988 5074 3247 5129 crocodili
3280 5090 3539 5145 squamea

1968 5182 2113 5235 cute,
2149 5171 2273 5224 licet
2299 5169 2368 5223 ab
2404 5167 2597 5223 eodem
2637 5172 2819 5236 petere
2859 5164 3005 5234 Quod
3064 5181 3164 5220 nos
3220 5168 3450 5235 muniat,
3492 5170 3542 5225 si

1970 5262 2220 5318 videlicet
2240 5268 2333 5314 aut
2354 5269 2588 5329 tergora,
2631 5265 2724 5311 aut
2758 5257 2958 5311 ferrum
2995 5257 3059 5312 ad
3083 5258 3332 5313 eumdem
3379 5275 3539 5316 usum

1971 5354 2374 5410 conformatum
2406 5349 2718 5403 induamus.
2753 5347 2866 5403 Hoc
2920 5349 3049 5404 belli
3099 5358 3339 5420 tempore
3393 5360 3543 5420 post—

1973 5462 2133 5518 quam
2194 5445 2349 5499 miles
2412 5441 2716 5509 usurpavit,
2756 5455 2890 5511 pace
2928 5442 3242 5506 constituta,
3298 5442 3542 5512 ejusdem

1977 5548 2143 5589 onere
2177 5548 2237 5587 se
2267 5533 2427 5587 levat.
2462 5530 2634 5584 Etiam
2660 5530 2838 5584 avium
2865 5545 3055 5600 pennae
3093 5529 3372 5583 hominum
3395 5544 3546 5584 eom-

1981 5627 2156 5685 modis
2198 5626 2464 5696 serviunt,
2489 5622 2758 5681 efﬁciente
2783 5623 3063 5679 hominum
3101 5618 3379 5685 industria,
3402 5614 3543 5682 quod
