3746 5994
263 221 369 278 ιιδ

1507 212 1563 270 S.
1596 210 1919 269 GREGORII
1953 212 2245 273 NYSSENI

3415 215 3517 271 Hi

265 358 335 396 ne
356 338 591 396 volucris
617 335 836 407 quidem
866 334 956 389 Illa
979 333 1271 404 pernicitas
1300 346 1328 387 a
1361 334 1516 391 nobis
1565 334 1835 391 desidere-

2009 341 2089 404 ιᾶς
2135 339 2541 394 ἀπολείπεσθαι.
2581 338 2663 391 Τά
2708 337 2806 408 μὲν
2839 336 2946 410 γὰρ
2986 336 3044 404 ἐξ
3075 334 3255 391 αὐτῶν
3285 332 3518 390 τιθασσά

266 442 375 489 tur.
411 433 605 488 Avium
635 430 779 486 enim
814 426 1060 499 quaedam
1094 426 1250 483 facta
1285 426 1522 493 cicures,
1566 428 1839 482 venatori-

268 524 370 580 bus
407 522 527 579 usui
560 530 688 576 suut
718 536 733 585 ;
765 532 951 573 earum
994 532 1231 587 namque
1272 531 1436 587 opera
1472 525 1699 574 caeteras
1744 532 1838 572 ca-

264 609 467 679 pimus.
495 606 637 672 Quin
663 613 716 661 et
749 605 921 659 alatas
958 605 1185 675 sagittas
1220 620 1310 659 ars
1332 605 1661 673 machinata,
1687 606 1838 661 volu-

264 710 412 751 crem
435 696 580 750 illam
603 694 977 766 pernicitatem
998 694 1063 748 ad
1086 707 1220 748 usus
1242 703 1461 750 nostros
1484 696 1537 749 in
1560 710 1691 750 arcu
1716 695 1838 749 imi-

226 818 237 825 -
269 796 378 841 tata
408 794 509 841 est.
537 784 692 852 Quod
714 793 893 839 autem
919 784 1119 854 plautas
1145 780 1347 840 nostra;
1367 785 1432 839 ad
1460 784 1653 839 itinera
1670 783 1839 855 portio

264 880 456 936 cienda
479 887 805 950 comparatae
824 893 930 932 non
951 886 1097 943 sunt,
1121 878 1321 949 quippe
1340 894 1459 949 qua:
1477 877 1732 935 facillime
1755 879 1839 935 lae-

265 975 498 1028 dantur:
526 971 762 1042 idipsum
785 970 936 1036 facit,
971 978 1031 1024 ut
1070 970 1173 1025 hac
1207 971 1368 1026 etiam
1398 970 1451 1024 iu
1474 979 1625 1040 parte
1659 986 1834 1026 reme-

246 1066 406 1121 dium
426 1078 753 1136 quaeramus,
771 1061 1107 1132 pedibusque
1122 1062 1324 1116 nostris
1341 1062 1552 1116 calceos
1566 1070 1832 1131 aptemus.

860 1172 1092 1229 CAPUT
1132 1171 1270 1227 Vill.

267 1289 618 1356 Quamobrem
649 1294 791 1339 recta
822 1285 891 1340 sit
923 1285 1150 1337 hominis
1169 1284 1361 1356 ﬁgura,
1407 1292 1516 1356 tum
1544 1283 1699 1356 etiam
1724 1300 1837 1356 mn-

334 1375 431 1412 nus
461 1358 717 1412 sermonis
743 1372 907 1409 causa
937 1356 1108 1422 factas
1129 1370 1240 1407 esse
1266 1352 1542 1423 :denique,
1560 1363 1606 1407 et
1633 1352 1697 1406 de
1716 1355 1835 1406 ani-

334 1444 540 1482 morum
566 1426 871 1480 discrimine
899 1425 1203 1478 disseritur.

330 1540 675 1598 Conveniunt
707 1547 756 1594 et
790 1538 881 1593 illa
899 1535 1235 1607 imperatori,
1259 1534 1530 1604 regiaeque
1550 1533 1835 1604 dignitatis

261 1633 464 1689 iudicia
482 1638 630 1697 sunt,
649 1628 791 1699 quod
816 1635 961 1682 recta
983 1626 1191 1681 homini
1210 1624 1381 1696 ﬁgura
1399 1623 1599 1677 tributa
1617 1623 1708 1685 sit,
1726 1636 1833 1692 qua

260 1726 329 1782 ad
349 1724 547 1779 co'lum
571 1721 764 1786 tendit,
787 1732 850 1773 ac
871 1733 1090 1773 sursum
1115 1724 1343 1786 spectat.
1361 1714 1497 1769 Nam
1517 1713 1662 1783 quod
1684 1714 1835 1769 solus

258 1819 422 1875 homo
453 1815 593 1870 inter
628 1811 762 1868 alias
795 1825 883 1866 res
912 1816 1125 1865 creatas
1166 1807 1481 1877 huiusmodi
1503 1807 1595 1872 sit,
1614 1805 1838 1876 reliquis

258 1907 512 1964 omnibus
543 1918 772 1975 corpore
809 1901 1066 1957 deorsum
1106 1899 1495 1971 vergentibus:
1534 1898 1839 1953 clarissime

258 2001 631 2062 demonstrat,
672 2002 880 2066 quanto
918 2000 1158 2062 potestas
1196 2000 1404 2046 naturae
1441 2005 1609 2061 supra
1643 1997 1836 2044 caetera

256 2088 547 2144 eminentis
578 2084 926 2156 praestantior
958 2084 1065 2138 illis
1096 2083 1191 2148 sit,
1220 2097 1344 2151 qua:
1373 2097 1434 2137 se
1463 2081 1631 2151 hujus
1663 2081 1839 2149 impe-

194 2179 215 2197 ‘
259 2181 343 2235 rio
382 2178 734 2235 submittunt.
770 2174 976 2229 Horum
1008 2173 1284 2227 anteriora
1310 2172 1561 2241 corporis
1592 2171 1838 2226 membra

259 2271 422 2341 pedes
448 2274 596 2339 sunt,
618 2266 766 2337 quod
792 2279 856 2320 ea
884 2278 1004 2334 quae
1032 2264 1289 2318 deorsum
1315 2269 1582 2332 spectant,
1615 2261 1840 2316 omnino

257 2361 494 2432 quodam
525 2358 683 2428 quasi
717 2356 893 2412 fulcro
923 2355 1256 2424 indigebant.
1293 2351 1352 2406 In
1385 2352 1624 2408 hominis
1654 2360 1835 2406 autem

255 2452 474 2525 opiﬁcio
499 2467 694 2506 manus
720 2451 916 2505 horum
941 2450 1062 2504 loco
1078 2454 1207 2503 sunt
1236 2448 1411 2501 factae.
1432 2445 1565 2499 Nam
1586 2447 1640 2499 in
1666 2444 1835 2516 ﬁgura

257 2554 442 2603 erecta
482 2560 650 2600 unum
692 2545 849 2613 quasi
888 2541 1301 2595 fundamentum
1335 2538 1652 2603 suliioiebat,
1691 2537 1836 2609 quod

262 2648 494 2708 utroque
517 2637 653 2707 pede
682 2641 914 2690 stantem
945 2632 1173 2688 ﬁrmiter
1207 2630 1446 2686 fulciret.
1483 2630 1613 2685 Erat
1643 2640 1696 2687 et
1730 2646 1836 2687 cae-

258 2728 472 2801 teroqui
505 2742 766 2782 manuum
800 2739 967 2795 Opera
995 2722 1063 2779 ad
1096 2723 1387 2794 eloquendi
1417 2724 1525 2778 vim
1559 2724 1839 2793 adjuvan-

258 2824 382 2877 dam
407 2818 739 2876 necessaria.
763 2816 952 2886 Itaque
977 2815 1022 2870 si
1044 2815 1167 2885 quis
1187 2812 1332 2869 dicat
1361 2821 1571 2869 naturae
1595 2816 1836 2885 loquenti

259 2926 455 2967 manus
473 2908 746 2967 sermonis
767 2922 934 2963 causa
958 2921 1082 2962 esse
1101 2906 1276 2972 datas,
1301 2922 1407 2961 non
1433 2907 1479 2961 is
1496 2906 1713 2976 quidem
1733 2909 1838 2977 pla-

1940 430 2166 497 γίνεται,
2195 429 2289 484 καὶ
2315 431 2564 500 συνεργεῖ
2592 430 2702 492 τοῖς
2731 426 3053 500 θηρεύουσιο
3091 425 3160 480 τὰ
3186 424 3245 480 δὲ
3271 424 3340 478 δι’
3371 426 3517 479 ὲκεί-

1938 542 2044 581 νων
2068 527 2187 589 ταῖς
2214 524 2424 596 χρείαις
2450 523 2608 594 ήμῶν
2640 522 2708 578 δι’
2741 520 2986 585 ἐπινοίας
3014 520 3306 588 ὑπάγεται.
3355 517 3518 572 Ἀλλά

1937 616 2032 669 καὶ
2051 614 2375 686 πτερόεντας
2398 615 2526 686 ἡμῖν
2547 614 2672 677 τοὺς
2692 612 2905 676 ὀϊστοὺς
2927 612 2961 682 ἡ
2994 611 3159 681 τέχνη
3187 609 3253 662 δι’
3272 607 3519 670 ἐπινοίας

1938 706 2301 779 ποιησαμένη,
2331 707 2390 760 τὸ
2420 704 2621 776 πτηνὸν
2652 706 2815 775 τάχος
2840 705 2959 767 ταῖς
2982 700 3280 773 ἡμετέραις
3305 700 3520 771 χρείαις

1936 800 2025 855 διὰ
2051 801 2145 854 τοῦ
2169 800 2322 866 τόξου
2372 797 2672 871 χαρίζεται.
2724 796 2798 849 Τὸ
2826 795 2883 848 δὲ
2915 793 3172 856 εὑπαθεῖς
3204 793 3300 846 καὶ
3332 791 3519 862 εὐτρί-

1938 910 2104 956 πτους
2130 895 2261 963 ἡμῖν
2287 891 2423 963 πρὸς
2443 890 2543 961 τὴν
2565 889 2790 960 πορείαν
2820 882 2960 941 εἶναι
2988 885 3086 950 τὰς
3118 885 3324 956 βάσεις,
3350 880 3520 951 ἀναγ-

1936 984 2098 1038 καίαν
2132 985 2276 1037 ποιεῖ
2300 982 2398 1051 τὴν
2425 983 2490 1035 ὲκ
2519 981 2628 1034 τῶν
2655 978 2979 1049 ὑποχειρίων
3003 977 3312 1048 συνεργίαν.
3343 976 3518 1029 Ἐκεῖ-

1938 1074 2028 1129 θεν
2060 1076 2168 1145 γάρ
2199 1076 2313 1127 ἐστι
2337 1075 2448 1137 τοῖς
2476 1071 2601 1124 ποσὶ
2633 1070 2997 1140 περιαρμόσαι
3020 1069 3089 1122 τὰ
3116 1066 3325 1121 πέδιλα.

2473 1185 2867 1238 ΚΕΦΑΛΑῙΟΝ
2903 1184 2984 1235 H'.

1937 1301 2039 1355 Διά
2065 1301 2123 1355 τί
2161 1300 2359 1366 ὄρθιον
2402 1300 2506 1353 τοῦ
2539 1299 2851 1366 ἀνθρώπου
2888 1296 2954 1366 τί)
2994 1293 3236 1366 σχῆμα,
3283 1291 3521 1366 κᾳὶᾲότι

2007 1370 2103 1423 διὰ
2128 1360 2236 1439 τόν
2264 1372 2452 1439 λόγον
2476 1372 2535 1423 al
2563 1360 2778 1438 χεῖρες·
2806 1368 2877 1421 ἐν
2900 1360 2949 1433 ᾧ
2976 1360 3075 1430 ne
3097 1360 3197 1417 aiat
3227 1363 3361 1430 περὶ
3389 1360 3521 1416 δια-

2005 1438 2194 1508 φορᾶς
2218 1438 2435 1508 ψυχῶν
2460 1439 2809 1508 φιλοσοφία.

2012 1549 2230 1620 Ὄρθιον
2269 1549 2328 1603 δὲ
2370 1549 2448 1621 τῷ
2478 1548 2749 1621 ἀνθρώπῳ
2790 1550 2849 1602 τὸ
2881 1548 3088 1619 σχῆμα,
3137 1544 3399 1617 καὶπρὸς
3424 1544 3520 1598 τὸν

1939 1636 2163 1707 οὑρανδν
2192 1638 2565 1703 ἀνατείνεται,
2612 1639 2705 1690 καὶ
2740 1637 2850 1692 ἅνω
2886 1637 3090 1707 βλέπει.
3147 1635 3374 1707 Ἀρχικά
3422 1636 3523 1689 καὶ

1940 1728 2132 1790 ταῦτα,
2166 1729 2260 1782 καὶ
2283 1729 2383 1800 τὴν
2416 1729 2701 1801 βασιλικὴν
2730 1729 2885 1794 ἀξίαν
2922 1728 3397 1799 ἐπισημαίνονται.
3443 1725 3522 1779 Τὸ

1939 1818 2049 1890 γὰρ
2082 1819 2240 1890 μόνον
2265 1821 2322 1873 ὲν
2348 1823 2462 1884 τοῖς
2494 1816 2613 1874 οὖσι
2639 1820 2877 1874 τοιοῦτον
2908 1816 3047 1872 εἶναι
3079 1817 3170 1872 τὸν
3208 1816 3520 1888 ἄνθρωπον,

1938 1913 2052 1974 τοῖς
2079 1911 2135 1965 δὲ
2177 1912 2359 1977 ἄλλοις
2408 1912 2580 1968 ἅπασι
2624 1913 2760 1984 πρὸς
2794 1912 2852 1964 τὸ
2898 1912 3047 1965 κάτω
3091 1908 3403 1964 νενευκέναι
3449 1908 3522 1961 τὰ

1942 2001 2188 2073 σώματα,
2215 2003 2401 2072 σαφῶς
2420 2003 2656 2057 δείκνυσι
2681 2003 2779 2073 τὴν
2803 2003 2904 2072 τῆς
2932 2002 3087 2066 ἀξίας
3105 1999 3388 2071 διαφορὰν,
3409 1999 3522 2051 τῶν

1938 2112 1998 2148 τε
2026 2095 2444 2149 ὑποκυπτόντων
2462 2097 2527 2166 τῇ
2553 2095 2861 2166 δυναστείᾳ,
2890 2094 2985 2148 καὶ
3012 2094 3110 2163 τῆς
3138 2089 3522 2162 ὑπερανεστώ·

1942 2204 2041 2257 σης
2073 2186 2249 2240 αὑτῶν
2290 2186 2553 2252 ἐξουσίας.
2603 2188 2730 2250 Τοῖς
2762 2188 2859 2258 μὲν
2894 2185 3000 2258 γὰρ
3045 2185 3223 2248 ἄλλοις
3253 2183 3424 2237 ἆπασι
3449 2184 3522 2238 τὰ

1939 2278 2245 2350 ἔμπροσθεν
2274 2279 2425 2333 κῶλα
2449 2279 2543 2333 τοῦ
2576 2278 2827 2350 σώματος
2855 2278 3011 2341 πόδες
3037 2278 3163 2340 είσὶ,
3186 2276 3319 2330 διότι
3343 2276 3407 2329 τὸ
3430 2294 3524 2329 κε-

1940 2370 2111 2438 κυφὸς
2138 2370 2305 2424 ἐδεῖτο
2332 2371 2550 2435 πάντως
2589 2369 2682 2423 τοῦ
2714 2362 3135 2441 ὑπερείδοντοςο
3186 2368 3281 2421 ἐπὶ
3319 2366 3377 2427 δὲ
3419 2366 3543 2435 τῆς,

1937 2461 2031 2516 τοῦ
2066 2461 2356 2534 ἀνθρώπου
2384 2463 2728 2534 κατασκευῆς
2756 2466 2935 2533 χεῖρες
2963 2459 3032 2513 τὰ
3064 2459 3215 2535 κῶλα
3247 2458 3521 2527 ἐγένοντο.

1939 2552 2044 2607 Τοῦ
2090 2556 2198 2626 γὰρ
2248 2555 2432 2628 ὀρθίου
2483 2556 2761 2625 σχήματος
2807 2554 3087 2625 αὐτάρκης
3125 2548 3193 2624 ἦν
3239 2552 3378 2623 πρὸς
3422 2550 3525 2622 τὴν

1939 2646 2127 2717 χρείαν
2178 2648 2279 2718 μία
2328 2648 2520 2718 βάσις,
2563 2645 2768 2710 διπλοῖς
2810 2645 2967 2699 ποσὶν
3013 2646 3070 2697 ἐν
3096 2642 3372 2713 ἀσφαλείᾳ
3421 2642 3525 2714 τὴν

1942 2738 2130 2791 στάσιν
2164 2737 2463 2809 ὲρείδουσα.
2504 2735 2713 2795 Ἀλλως
2741 2734 2797 2787 δὲ
2827 2734 2919 2788 καὶ
2942 2735 3008 2805 τῇ
3040 2731 3133 2786 τοῦ
3167 2732 3325 2800 λόγου
3361 2731 3528 2804 χρείᾳ

1941 2832 2199 2901 συνεργός
2227 2831 2427 2900 ὲστινή
2456 2828 2564 2882 τῶν
2591 2826 2787 2899 χειρῶν
2812 2826 3101 2898 ὑπουργία.
3140 2823 3247 2878 Καί
3283 2841 3364 2886 τις
3389 2824 3527 2877 ῐδιον

1939 2923 2038 2994 τῆς
2069 2922 2295 2992 λογικῆς
2330 2921 2545 2991 φύσεως
2591 2921 2690 2992 τὴν
2727 2920 2833 2975 τῶν
2874 2919 3074 2990 χειρῶν
3108 2917 3413 2989 ὑπηρεσίαν
3442 2916 3527 2970 εί·-

258 2996 328 3059 ne
364 3020 395 3059 α
437 3018 568 3059 vero
614 3000 963 3057 aberraverit.
1004 2999 1064 3053 In
1097 3014 1207 3069 quo
1241 3014 1348 3053 non
1381 2999 1444 3053 ad
1481 2999 1584 3055 hoc
1621 3007 1835 3053 tantum

2009 3030 2076 3077 ›ν,
2114 3014 2174 3066 οὑ
2213 3012 2305 3066 τοῦ
2349 3012 2550 3075 παντὸς
2595 3012 2993 3083 ἁμαρτήσεται,
3024 3010 3084 3063 οὑ
3116 3009 3274 3080 μόνον
3301 3008 3439 3079 πρὸς
3462 3007 3528 3061 τὺ

258 3097 442 3150 animo
469 3093 868 3165 respiciendum
889 3102 994 3157 est,
1013 3092 1156 3162 quod
1188 3093 1377 3147 venire
1404 3092 1578 3147 cuivis
1598 3092 1651 3148 in
1686 3108 1836 3147 men-

258 3198 365 3242 tem
401 3195 599 3258 potest,
622 3188 881 3241 nimirum
914 3187 1060 3257 quod
1096 3186 1295 3241 litteris
1325 3186 1559 3257 exprimi
1596 3203 1776 3243 sermo
1806 3203 1839 3241 τι

258 3279 420 3334 nobis
448 3292 708 3353 manuum
740 3278 961 3334 solertia
983 3279 1122 3334 solet
1157 3295 1179 3353 εἴ
1205 3293 1515 3348 quanquam
1536 3279 1637 3334 hoc
1657 3281 1837 3350 ipsum

259 3385 368 3426 non
402 3384 432 3423 a
466 3370 615 3424 nulla
647 3350 876 3424 rationis
905 3350 1217 3441 praestantia
1255 3369 1557 3437 profectum
1595 3384 1701 3435 est,
1737 3372 1837 3428 ho-

259 3466 433 3518 mines
464 3478 560 3533 per
597 3462 808 3518 litteras
841 3463 1013 3532 loqui,
1063 3478 1127 3516 ac
1172 3477 1341 3533 pr0pe
1390 3462 1550 3519 modo
1602 3464 1837 3534 quodam

259 3552 511 3608 manibus
552 3552 697 3607 inter
738 3568 800 3608 se
841 3552 1132 3617 disserere,
1165 3553 1466 3608 litterarum
1502 3555 1649 3610 notis
1675 3571 1840 3610 voces

258 3642 1040 3715 ipsascommehendentibus.
1072 3643 1187 3715 Ego
1218 3658 1348 3699 vero
1373 3659 1497 3700 cum
1538 3661 1734 3702 manus
1783 3647 1838 3700 in

257 3734 615 3807 exprimendo
636 3749 888 3790 sermone
911 3734 1120 3805 aliquid
1159 3734 1354 3792 aﬂ‘erre
1388 3737 1690 3808 adjumenti
1711 3739 1798 3794 aio
1822 3755 1835 3792 :

259 3828 404 3883 aliud
422 3827 601 3881 habeo
617 3841 725 3896 quo
743 3825 1057 3895 respiciam.
1080 3824 1139 3880 ln
1162 3826 1309 3896 quod
1335 3837 1626 3900 antequam
1662 3830 1843 3900 inqui—

261 3932 468 3984 ramus,
483 3916 614 3972 libet
642 3914 900 3985 quiddam
938 3915 1308 3985 considerare,
1324 3920 1469 3989 quod
1514 3921 1782 3976 omissum
1809 3938 1840 3976 a

259 4009 421 4066 nobis
432 4007 753 4065 est.Parum
764 4009 906 4063 enim
926 4008 1100 4064 abfuit
1118 4012 1247 4081 quin
1266 4012 1385 4082 ejus
1401 4012 1556 4068 obliti
1573 4028 1839 4078 essemus,

258 4097 407 4167 quod
427 4097 484 4151 in
506 4096 698 4152 ordine
712 4111 918 4164 rerum,
941 4105 999 4152 ut
1022 4113 1099 4154 eae
1126 4100 1359 4156 conditae
1379 4110 1527 4166 sunt,
1552 4103 1838 4172 praecedit:

261 4185 628 4252 Quamobrem
667 4189 819 4257 prius
853 4202 940 4243 res
977 4203 1008 4243 e
1039 4198 1181 4244 terra
1219 4200 1508 4248 nascentes
1545 4194 1843 4262 pullulasse

1940 3104 2117 3158 κοινὸν
2144 3104 2302 3158 τοῦτο
2324 3105 2418 3158 καὶ
2442 3103 2729 3174 πρόχειρον
2755 3102 3071 3172 ἀποτρέχων
3092 3103 3156 3171 τῇ
3188 3100 3417 3166 διανοίᾳ,
3440 3100 3528 3153 ὅτι

1938 3196 2229 3267 γράμμασι
2256 3195 2348 3248 τὸν
2386 3194 2541 3264 λόγον
2568 3195 2779 3265 διὰ-τῆς
2819 3193 2935 3259 τῶν,
2955 3192 3153 3265 χειρῶν
3179 3191 3408 3262 εὐφυΐας
3434 3193 3528 3244 ὲν-

1941 3283 2323 3356 σημαινόμεθα
2349 3284 2483 3355 (ἔστι
2516 3284 2614 3355 μὲν
2641 3283 2749 3353 γὰρ
2774 3283 2893 3337 οὑδὲ
2918 3282 3078 3336 τοῦτο
3110 3282 3333 3353 λογικῆς
3359 3283 3524 3355 χάρι-

1939 3395 2029 3441 τος
2056 3377 2303 3449 ἄμοιρον,
2344 3378 2406 3431 τὸ
2456 3379 2788 3449 φθέγγεσθαι
2835 3379 2920 3431 διὰ
2956 3378 3301 3450 γραμμάτων
3348 3380 3524 3448 ἡμᾶς,

1940 3468 2035 3521 καὶ
2080 3469 2279 3538 τρόπον
2323 3468 2445 3522 τινὰ
2475 3468 2564 3522 διὰ
2610 3469 2790 3540 χειρὸς
2835 3467 3214 3537 διαλέγεσθαι,
3268 3471 3380 3532 τοῖς
3411 3468 3529 3523 τῶν

1942 3562 2219 3632 στοιχείων
2247 3562 2589 3634 χαρακτῆρσι
2618 3560 2716 3625 τὰς
2750 3562 2932 3630 φωνὰς
2951 3559 3331 3631 διασώζοντας)
3354 3576 3367 3590 °
3407 3560 3528 3615 ἀλλ’

1940 3652 2051 3721 ἐγὼ
2076 3653 2212 3725 πρὸς
2237 3655 2423 3725 ἕτερον
2454 3653 2686 3722 βλέπων,
2722 3655 3002 3723 συνεργεῖν
3031 3670 3175 3722 φημι
3204 3651 3300 3714 τὰς
3334 3655 3528 3721 χεῖρας

1939 3748 2006 3817 τῇ
2040 3747 2344 3816 έκφωνήσει
2376 3744 2468 3799 τοῦ
2496 3746 2652 3813 λόγου
2674 3764 2686 3776 ο
2730 3745 2930 3815 μᾶλλον
2988 3745 3043 3798 δὲ
3080 3745 3209 3816 πρὶν
3243 3744 3370 3814 περὶ
3397 3744 3529 3797 τοὺ-

1939 3855 2047 3890 των
2075 3836 2399 3901 διεξετάσαι,
2431 3837 2521 3889 τὸν
2552 3837 2856 3908 παρεθέντα
2887 3837 3043 3905 λόγον
3078 3834 3525 3906 κατανοή“σωμεν.

1941 3926 2154 3998 Μικροῦ
2183 3926 2292 3997 γὰρ
2322 3927 2467 3996 ἡμᾶς
2500 3927 2560 3980 τὸ
2586 3927 2727 3981 κατὰ
2760 3928 2861 3999 τὴν
2897 3927 3050 3993 τάξιν
3076 3926 3187 3980 τῶν
3218 3927 3532 3995 γεγονότων

1940 4017 2183 4071 διέλαθεν
2209 4035 2222 4049 ’
2268 4019 2413 4082 τίνος
2440 4020 2601 4090 χάριν
2630 4021 2959 4091 προηγεῖται
2991 4021 3088 4091 μὲν
3117 4023 3150 4090 ὴ
3187 4020 3390 4093 βλάστη
3416 4022 3531 4076 τῶν

1942 4110 2007 4163 ὲκ
2045 4110 2143 4180 τῆς
2183 4109 2286 4179 γῆς
2334 4112 2617 4180 φυομένων
2637 4150 2651 4174 ,
2703 4112 3003 4180 ἐπιγίνεται
3031 4112 3086 4166 δὲ
3120 4113 3187 4166 τὰ
3219 4112 3387 4183 ἀλογα
3416 4113 3532 4169 τῶν

1944 4198 2098 4264 ζώων
2118 4242 2132 4266 ,
2176 4203 2269 4256 καὶ
2298 4200 2441 4255 οὑτω
2474 4202 2612 4273 μετά
2637 4202 2735 4274 τὴν
2772 4204 3117 4275 κατασκευὴν
3145 4203 3348 4257 τούτων
3375 4207 3402 4257 ό
3427 4206 3530 4260 ἀν-

259 4283 534 4347 dicautur,
559 4280 758 4337 deinde
781 4291 899 4337 orta
936 4298 1063 4339 esse
1096 4284 1355 4340 animalia
1387 4287 1618 4343 rationis
1645 4303 1835 4359 exper-

2009 4311 2181 4363 ιωπος.
2231 4295 2386 4365 Τάχα
2426 4295 2534 4366 γὰρ
2578 4296 2640 4348 οὑ
2691 4297 2850 4365 μόνον
2892 4295 2953 4348 τὸ
2999 4297 3063 4348 ἐκ
3102 4294 3197 4349 τοῦ
3232 4298 3530 4369 προχείρου

260 4377 368 4430 tia:
389 4374 617 4443 locoque
644 4373 861 4429 demum
892 4376 1076 4440 tertio,
1095 4377 1294 4433 creatis
1310 4377 1418 4439 his,
1435 4379 1711 4435 hominem
1731 4381 1840 4452 pri-

260 4477 411 4518 mum
432 4464 732 4519 exstitisse.
756 4464 1010 4522 Fortasse
1038 4465 1105 4521 de
1128 4467 1233 4522 hoc
1263 4474 1370 4521 non
1398 4468 1451 4522 id
1478 4470 1655 4525 solum
1686 4472 1841 4529 intel:

261 4554 355 4625 ligi
400 4561 604 4624 potest,
645 4554 790 4625 quod
838 4557 1014 4614 cuivis
1041 4558 1294 4624 colligere
1330 4560 1472 4626 licet,
1507 4561 1684 4616 visum
1718 4578 1844 4619 esse

263 4643 509 4699 Creatori
555 4644 708 4709 utile,
755 4655 815 4700 ut
845 4646 913 4700 ad
951 4647 1269 4701 animalium
1305 4656 1519 4718 pastum
1555 4650 1753 4708 herbas
1781 4668 1845 4709 ac

261 4735 511 4813 gramina
540 4737 818 4799 conderet,
844 4737 1098 4791 animalia
1136 4753 1264 4793 vero
1284 4740 1348 4793 ad
1373 4742 1610 4799 hominis
1634 4760 1794 4799 usum
1827 4763 1842 4800 :

264 4825 473 4881 idcirco
514 4836 639 4882 ante
665 4826 982 4881 animalium
1014 4842 1225 4897 greges,
1266 4831 1580 4886 eorumdem
1617 4836 1846 4890 alimen-

265 4926 381 4972 tum
407 4937 421 4972 :
448 4929 504 4975 et
530 4936 652 4991 quae
683 4919 921 4974 hominis
949 4921 1069 4975 vitae
1093 4923 1366 4977 servitura
1396 4936 1572 4991 erant,
1603 4937 1728 4983 ante
1748 4930 1846 4984 Ιιο-

267 5010 467 5065 minem
491 5013 783 5068 exstitisse.
809 5012 923 5080 Ego
948 5012 1029 5067 sic
1047 5022 1248 5080 statuo,
1274 5015 1459 5073 Mosen
1496 5020 1551 5075 in
1578 5020 1665 5077 his
1688 5024 1847 5091 quid-

268 5103 393 5157 dam
422 5103 719 5158 tradidisse
749 5102 979 5158 arduum
1005 5124 1019 5160 :
1063 5116 1115 5162 et
1142 5109 1323 5166 verbis
1359 5113 1577 5168 arcanis
1608 5113 1845 5183 philoso-

270 5194 476 5263 phiam,
498 5208 620 5262 quae
646 5200 731 5249 est
756 5194 823 5250 de
841 5196 1044 5264 animo,
1074 5208 1437 5269 pertractasse
1458 5223 1471 5259 :
1493 5204 1844 5261 informatam

268 5286 421 5365 illam
445 5284 662 5355 quidem
685 5286 849 5341 etiam
874 5289 942 5343 ab
964 5289 1053 5356 iis,
1080 5292 1173 5362 qui
1201 5293 1255 5349 in
1281 5296 1453 5352 electo
1476 5286 1567 5354 Dei
1601 5298 1654 5353 in
1685 5300 1847 5355 terris

267 5386 418 5432 cmtu
443 5379 823 5446 comprehensi
857 5398 964 5437 non
999 5383 1240 5452 fuerunt,
1269 5389 1579 5460 magistris:
1611 5393 1704 5447 sed
1732 5408 1850 5463 pro-

268 5468 416 5523 fecto
445 5469 701 5527 obscure.
748 5470 824 5529 De
866 5474 952 5530 his
989 5477 1134 5531 enim
1166 5479 1349 5536 verbis
1398 5481 1705 5552 intelligere
1732 5490 1845 5548 est,

267 5560 489 5616 vivendi
517 5561 625 5617 vim
654 5565 929 5637 animique
958 5566 1269 5627 facultatem
1303 5572 1568 5642 triplicem
1603 5583 1847 5628 statuen-

1944 4387 2231 4456 νοούμενον
2253 4385 2340 4440 διὰ
2368 4387 2556 4439 τούτου
2590 4384 2951 4456 μανθάνομεν,
2976 4388 3057 4439 ὅτι
3087 4387 3193 4439 τῶν
3216 4386 3372 4450 ζώων
3406 4389 3533 4442 ἓνε-

1945 4495 2038 4533 κεν
2067 4480 2100 4550 ὴ
2147 4480 2255 4533 πόα
2291 4480 2561 4551 χρήσιμος
2601 4479 2771 4549 ἐφάνη
2813 4478 2890 4548 τῷ
2920 4480 3187 4543 κτίσαντι,
3220 4479 3311 4533 διὰ
3348 4479 3404 4533 δὲ
3439 4481 3535 4534 τὸν

1944 4569 2228 4642 ἄνθρωπον
2253 4571 2321 4623 τὰ
2346 4568 2510 4640 βοτά·
2548 4562 2609 4623 οὗ
2642 4569 2801 4641 χάριν
2833 4568 2940 4641 πρὸ
2970 4570 3068 4640 μὲν
3099 4569 3205 4624 τῶν
3241 4570 3533 4642 βοσκημά-

1944 4678 2073 4727 των,
2114 4663 2340 4716 ἐκείνων
2393 4662 2587 4733 τροφὴ,
2625 4662 2729 4733 πρὸ
2757 4661 2814 4715 δὲ
2854 4661 2948 4715 τοῦ
2974 4661 3264 4733 ἀνθρώπου
3304 4662 3366 4715 τὸ
3426 4664 3536 4718 ὑπ-

1945 4754 2159 4822 ηρετεῖν
2190 4750 2384 4823 μέλλον
2410 4753 2476 4822 τῇ
2511 4750 2822 4823 ἀνθρωπίνῃ
2864 4751 2999 4823 ζωῇ.
3049 4751 3186 4805 Ἀλλ’
3230 4753 3356 4821 ἐμοὶ
3383 4752 3541 4807 δοκεῖ

1956 4845 2136 4916 δόγμα
2174 4862 2227 4898 τι
2258 4844 2369 4898 τῶν
2402 4845 2800 4916 κεκρυμμένων
2832 4844 3176 4916 παραδηλοῦν
3206 4844 3293 4898 διὰ
3322 4845 3535 4901 τούτων

1944 4937 1974 4990 ό
2009 4938 2268 5008 Μωῦσῆς,
2299 4936 2394 4991 καὶ
2415 4937 2515 5007 τὴν
2542 4937 2670 5007 περὶ
2693 4935 2869 5007 ψυχῆς
2901 4936 3217 5007 φιλοσοφίαν
3243 4936 3310 4990 δι’
3350 4938 3535 5010 ἀπορ-

1949 5029 2127 5101 ρήτων
2156 5028 2528 5100 παραδιδόναι,
2559 5028 2625 5098 ἢν
2652 5028 2961 5099 ἐφαντάσθη
2997 5028 3095 5098 μὲν
3127 5030 3219 5082 καὶ
3253 5030 3287 5100 ἡ
3327 5027 3536 5094 ἔξωθεν

1947 5119 2256 5183 παίδευσις,
2304 5119 2365 5172 οὑ
2416 5104 2521 5191 μὴν
2569 5118 2853 5189 τηλαυγῶς
2903 5119 3219 5191 κατενόησε.
3275 5119 3537 5175 Διδάσκει

1947 5210 2056 5283 γὰρ
2085 5211 2230 5282 ἡμᾶς
2260 5211 2350 5265 διὰ
2374 5211 2578 5266 τούτων
2604 5213 2632 5265 ὁ
2658 5211 2833 5281 λόγος,
2864 5214 2921 5266 ὲν
2949 5213 3096 5285 τρισὶ
3121 5212 3407 5283 διαφοραῖς
3430 5215 3538 5285 τὴν

1948 5302 2181 5375 ζωτικὴν
2202 5304 2294 5358 καὶ
2317 5305 2550 5376 ψυχικὴν
2573 5303 2798 5374 δύναμιν
2825 5303 3166 5377 θεωρεῖσθιι.
3209 5305 3273 5357 Ἡ
3298 5306 3398 5375 μὲν
3422 5307 3539 5376 γάρ

1947 5395 2033 5459 τίς
2060 5396 2207 5449 ἐστιν
2240 5396 2504 5467 αὑξητική
2531 5413 2589 5448 τε
2612 5396 2772 5468 μόνον
2799 5396 2892 5450 καὶ
2922 5395 3210 5468 θρεπτικὴ,
3237 5394 3299 5448 τὸ
3324 5398 3539 5451 κατάλ-

1947 5486 2106 5558 ληλον
2128 5489 2209 5551 είς
2237 5487 2551 5559 προσθήκην
2575 5488 2683 5541 τῶν
2712 5488 3061 5560 τρεφομένων
3090 5488 3464 5559 προσάγουσα,
3498 5492 3541 5562 ἢ

1951 5580 2155 5651 φυσικὴ
2187 5580 2425 5649 λέγεται,
2459 5582 2554 5636 καὶ
2590 5582 2716 5654 περὶ
2745 5582 2815 5636 τὰ
2855 5584 2997 5653 φυτὰ
3022 5583 3326 5654 θεωρεῖται.
3372 5585 3543 5642 Ἐστι

258 5651 394 5708 dam
420 5670 566 5726 esse;
592 5658 787 5714 harum
810 5659 1041 5732 primam
1066 5677 1189 5719 esse
1211 5663 1380 5731 illam,
1401 5679 1506 5735 qua
1525 5680 1614 5721 res
1642 5673 1835 5722 tantun

2009 5670 2071 5744 ἀρ
2099 5673 2190 5726 καὶ
2227 5674 2286 5728 ὲν
2315 5677 2425 5738 τοῖς
2449 5651 2736 5746 φυομένοις
2766 5651 2999 5747 ζωτικὴν
3027 5651 3148 5729 τινα
3185 5675 3413 5746 δύναμιν
3447 5680 3540 5733 αξ-
