3768 6000
256 220 355 275 HS

1538 224 1627 278 DE
1672 224 1954 281 HOMINIS
2005 222 2315 281 OPIFICIO.

3408 227 3513 284 146

253 351 491 422 αθήσεως
510 350 739 422 ἄμοιρον
768 353 1122 423 κατανοῆσαι.
1145 353 1371 425 Ἕτερον
1399 354 1456 408 δὲ
1487 354 1639 426 παρά
1669 354 1828 409 τοῦτο

2001 362 2145 411 mtur
2168 363 2222 412 et
2244 364 2586 423 accrescant,
2612 356 2975 413 attrahentem
2998 360 3387 415 nutrimentum
3414 374 3514 414 na-

251 443 394 512 ζωῆς
422 439 561 506 εἶδός
600 446 771 511 ἐστιν,
812 445 841 497 δ
871 445 966 498 καὶ
994 445 1153 498 τοῦτο
1187 445 1322 517 ἔχει,
1355 446 1449 501 καὶ
1487 446 1550 499 τὸ
1582 450 1703 502 κατ’
1735 447 1822 502 ατ-

252 534 438 605 σθησιν
479 534 837 606 οἰκονομῆσαι
871 536 1255 608 προσείληφεν,
1302 539 1440 608 ὅπερ
1479 540 1537 593 ὲν
1569 541 1635 609 τῇ
1667 539 1828 609 φύσει

249 624 352 676 τῶν
379 623 591 693 ἀλόγων
626 626 795 680 ἐστίν.
826 627 900 679 Οὐ
928 628 1038 697 γὰρ
1071 627 1231 697 μόνον
1254 628 1511 701 τρέφεται
1545 629 1639 682 καὶ
1665 629 1826 696 αὔξε-

248 730 355 777 ται,
387 714 523 768 ἀλλά
557 716 653 769 καὶ
680 716 779 786 τὴν
808 716 1129 788 αἰσθητικὴν
1156 718 1438 789 ἐνέργειάν
1468 736 1530 773 τε
1562 721 1655 773 καὶ
1683 721 1828 774 ἀντί-

246 806 406 876 ληψιν
452 807 585 877 ἔχει.
640 809 708 863 Ἡ
735 810 792 868 δὲ
821 809 1002 863 τελεία
1042 813 1099 863 ὲν
1136 809 1351 880 σώματι
1382 810 1495 881 ζωὴ
1530 812 1589 865 ὲν
1631 813 1697 882 τῇ
1730 811 1823 865 λο-

246 900 396 968 γικῇ,
427 901 494 969 τῇ
526 898 845 971 ἀνθρωπίνῃ
876 901 1039 969 λέγω,
1074 900 1377 971 καθορᾶται
1410 901 1590 969 φύσει,
1628 918 1825 972 τρεφο-

249 989 386 1058 μένη
424 1007 483 1042 τε
526 991 619 1044 καὶ
654 991 1042 1063 αἰσθανομένη,
1073 993 1166 1046 καὶ
1190 992 1348 1061 λόγου
1385 992 1705 1064 μετέχουσα,
1731 993 1827 1046 καὶ

246 1079 321 1150 νῷ
342 1080 707 1153 διοικουμένη.
744 1084 783 1135 Γ
789 1084 958 1136 ένοιτο
988 1084 1033 1137 δ’
1059 1083 1124 1137 ἂν
1157 1086 1288 1154 ἡμῖν
1318 1084 1536 1154 τοιαύτη
1565 1101 1647 1148 τις
1673 1086 1706 1155 ἠ
1729 1083 1823 1137 τοῦ

245 1171 404 1240 λόγου
438 1172 719 1244 διαίρεσις·
771 1175 890 1228 Τῶν
921 1174 1088 1229 ὅντων
1115 1175 1177 1228 τὸ
1209 1174 1307 1246 μέν
1334 1192 1385 1228 τι
1419 1175 1631 1244 νοητὸν,
1663 1174 1725 1227 τὸ
1766 1174 1824 1228 δὲ

247 1265 557 1334 σωματικόν
601 1266 818 1329 πάντως
866 1267 1032 1320 ἐστίν.
1108 1266 1269 1319 Ἀλλά
1316 1265 1408 1320 τοῦ
1474 1267 1570 1337 μὲν
1628 1264 1821 1338 νοητοῦ

246 1356 525 1426 παρείσθω
548 1356 641 1411 νῦν
684 1360 718 1427 ἡ
755 1358 891 1429 πρὸς
921 1357 989 1410 τὰ
1018 1358 1195 1411 οἰκεῖα
1222 1358 1361 1427 τομή
1393 1372 1406 1385 ·
1454 1357 1515 1410 οὐ
1549 1355 1659 1428 γάρ
1697 1355 1821 1410 τού-

242 1462 349 1499 των
381 1449 412 1501 ό
440 1447 618 1516 λόγος.

1930 454 2065 503 turae
2093 463 2284 504 earum
2308 463 2491 509 rerum
2523 464 2643 519 qua:
2665 449 2909 516 aluntur,
2956 450 3209 506 idoneum
3247 469 3261 505 :
3305 468 3371 507 ex
3403 466 3513 522 quo

1927 539 2034 594 illae
2062 556 2278 610 semper
2307 541 2516 612 aliquid
2559 542 2883 598 incrementi
2920 551 3160 598 sumant.
3197 543 3513 614 Appellatur

1927 631 2042 687 hac
2092 634 2383 699 naturalis,
2435 642 2599 704 atque
2644 634 2698 688 in
2740 634 2942 704 plantis
2987 634 3336 705 perspicitur.
3378 632 3512 688 Nam

1927 722 2364 779 animadvertere
2418 733 2503 781 est
2546 725 2709 780 etiam
2770 726 2828 781 in
2879 726 3147 798 stirpibus
3205 726 3514 783 facultatem

1925 812 2218 882 quamdam
2252 814 2471 870 vivendi
2517 816 2721 881 inesse,
2759 831 2955 872 sensus
2989 824 3168 871 tamen
3202 816 3382 871 omnis
3415 831 3516 869 ex-

1926 912 2157 974 pertem.
2194 905 2395 961 Praeter
2419 906 2558 961 hanc
2584 908 2755 962 altera
2777 907 2901 963 vitae
2924 909 3135 978 species
3157 918 3241 964 est
3262 923 3384 978 qua:
3406 908 3516 977 pri-

1927 1010 2071 1050 mam
2102 998 2240 1051 hanc
2269 999 2645 1068 complexa,vi
2669 999 2831 1054 etiam
2862 1000 3133 1055 sentiendi
3158 1009 3242 1057 est
3264 999 3512 1069 praedita.

1926 1082 2024 1138 Est
2052 1091 2233 1139 autem
2267 1086 2382 1141 haec
2411 1088 2732 1142 animalium
2764 1088 2996 1146 rationis
3031 1089 3363 1159 expertium,
3395 1103 3517 1158 qua

1930 1188 2039 1230 non
2070 1176 2233 1231 modo
2264 1176 2554 1234 alunturet
2576 1187 2930 1235 accrescunt:
2963 1181 3058 1235 sed
3088 1181 3253 1235 etiam
3284 1178 3515 1233 faculta-

1931 1272 2038 1320 tem
2062 1268 2354 1336 quamdam
2382 1269 2711 1326 sentientem
2736 1271 2963 1327 babent.
2994 1269 3245 1326 Perfecta
3278 1266 3516 1340 denique

1929 1355 1984 1411 in
2015 1374 2245 1429 corpore
2272 1361 2385 1425 vita
2410 1360 2465 1414 in
2498 1368 2698 1416 natura
2730 1364 2944 1418 ratione
2979 1369 3184 1430 utente,
3217 1377 3382 1432 quam
3415 1360 3517 1416 hu-

1928 1463 2145 1503 manam
2211 1449 2465 1516 dicimus,
2536 1453 2829 1522 quaerenda
2877 1461 2982 1509 est.
3026 1452 3102 1507 Ea
3173 1452 3519 1507 nimirumet

243 1545 510 1605 nutritur,
546 1550 600 1598 et
641 1542 829 1606 sentit,
869 1550 923 1597 et
948 1541 1159 1598 ratione
1194 1552 1387 1598 ornata
1418 1549 1533 1609 est,
1580 1550 1635 1598 et
1660 1557 1691 1595 a
1735 1548 1916 1597 mente
1944 1544 2171 1612 regitur.
2204 1542 2381 1613 Atque
2400 1544 2500 1600 hoc
2515 1545 2637 1601 loco
2654 1546 2828 1616 placet
2844 1546 2900 1601 in
2920 1545 3255 1616 explicandis
3271 1546 3517 1600 oratione

244 1634 408 1688 rebus
433 1633 1192 1703 hisce,hujusmodiquadam
1223 1634 1513 1705 partitione
1538 1633 1931 1690 uti:Universa:
1970 1651 2059 1690 res
2089 1635 2313 1691 omnino
2363 1645 2458 1692 aut
2498 1644 2626 1692 sunt
2671 1637 2830 1704 tales,
2861 1649 2920 1694 ut
2952 1646 3132 1694 mente
3170 1645 3332 1707 atque
3355 1636 3508 1691 intel-

242 1725 465 1793 ligentia
497 1723 1050 1794 comprehendantur,
1088 1736 1178 1778 aut
1217 1735 1346 1781 sunt
1388 1740 1682 1797 corporeae.
1716 1725 1822 1781 Eas
1847 1742 1968 1797 quae.
1993 1735 2173 1782 mente
2201 1727 2597 1796 percipiuntur,
2629 1743 2759 1784 suas
2789 1728 2845 1783 in
2879 1729 3090 1800 species
3120 1728 3279 1798 quasi
3300 1726 3515 1797 partiri,

240 1818 343 1871 hoc
371 1815 590 1886 quidem
622 1818 677 1871 in
712 1817 835 1881 loco
855 1832 964 1871 non
989 1825 1072 1872 est
1097 1818 1333 1882 animus,
1358 1818 1576 1889 quando
1606 1818 1687 1872 hac
1714 1818 1781 1872 ad
1803 1818 2100 1874 institutam
2129 1819 2429 1874 orationem
2460 1819 2595 1875 nihil
2627 1820 2877 1876 attinent.
3376 1810 3384 1817 ’

309 1952 420 2007 Τοῦ
443 1953 499 2007 δὲ
532 1916 940 2025 σωματικοῦιτδ
981 1956 1077 2025 μὲν
1119 1956 1344 2027 ἄμοιρον
1378 1954 1605 2008 καθόλου
1648 1954 1827 2025 ζωῆς,

2001 1953 2205 2009 Rerum
2243 1970 2406 2025 porro
2445 1970 2834 2026 corporearum
2867 1954 2986 2010 alia:
3024 1954 3126 2009 vita
3157 1966 3382 2025 prorsus
3414 1940 3512 2007 de-

243 2045 301 2098 τὸ
328 2045 384 2098 δὲ
419 2046 634 2115 μετέχει
680 2045 915 2114 ζωτικῆς
944 2047 1240 2117 ἐνεργείας.
1278 2045 1444 2099 Πάλιν
1471 2044 1564 2097 τοῦ
1594 2043 1824 2108 ζωτικοῦ

245 2139 495 2208 σώματος
534 2138 592 2191 τὸ
626 2139 724 2207 μὲν
757 2137 1001 2209 αἰσθήσει
1049 2137 1220 2209 συζῇ,
1269 2137 1329 2190 τὸ
1374 2137 1429 2189 δὲ
1471 2138 1691 2208 ἀμοιρεῖ
1727 2136 1827 2208 τῆς

242 2226 569 2295 αἰσθήσεως.
609 2223 743 2278 Εἶτα
789 2226 847 2279 τὸ
891 2225 1205 2303 αἰσθητικὸν
1251 2226 1505 2297 τέμνεται
1548 2227 1708 2280 πάλιν
1747 2228 1827 2289 εἰς

242 2316 459 2383 λογικόν
492 2334 550 2369 τε
586 2317 681 2370 καὶ
726 2316 937 2383 ἄλογον.
988 2308 1086 2369 Ᾰιά
1121 2317 1280 2370 τοῦτο
1325 2317 1535 2387 πρῶτον
1570 2317 1704 2386 μετά
1730 2316 1826 2386 τὴν

241 2408 449 2478 ἄψυχον
489 2407 621 2479 ὕλην
649 2403 761 2462 οἷον
803 2407 1115 2479 ὑποϐάθραν
1152 2409 1274 2461 τινὰ
1304 2409 1402 2479 τῆς
1435 2408 1541 2462 τῶν
1572 2408 1826 2478 ἐμψύχων

245 2499 389 2563 ἰδέας
402 2500 501 2570 τὴν
516 2499 750 2570 φυσικὴν
769 2499 971 2570 ταύτην
999 2500 1144 2571 ζωὴν
1166 2500 1425 2569 συστῆναι
1452 2500 1598 2568 λέγει
1623 2502 1651 2553 6
1671 2516 1826 2570 νομο-

242 2590 425 2661 θέτης,
462 2592 523 2643 ὲν
555 2593 622 2661 τῇ
655 2591 765 2643 τῶν
797 2591 977 2659 φυτῶν
1021 2590 1222 2662 βλάστῃ
1246 2593 1663 2662 προῦποστᾶσαν
1684 2608 1696 2621 ·
1728 2587 1826 2643 εἷθ’

241 2682 416 2745 οὕτως
459 2683 654 2749 ὲπάγει
699 2681 806 2736 τῶν
851 2683 969 2736 κατ’
1017 2681 1268 2752 αἴσθησιν
1307 2682 1692 2753 διοικουμένων
1730 2683 1828 2753 τὴν

240 2773 478 2840 γένεσιν.

312 2862 423 2916 Καὶ
477 2861 668 2933 ἐπειδὴ
714 2860 853 2915 κατὰ
899 2861 995 2932 τὴν
1043 2861 1212 2934 αὐτὴν
1239 2862 1557 2916 ἀκολουθίαν
1592 2862 1699 2915 τῶν
1742 2862 1829 2916 διά

241 2952 447 3024 σαρκὸς
509 2952 607 3023 τὴν
660 2952 807 3023 ζωὴν
873 2952 1165 3024 εἰληχότων
1226 2954 1294 3007 τὰ
1364 2954 1464 3023 μὲν
1513 2954 1826 3025 αἰσθητικά,

239 3046 333 3097 καὶ
364 3043 490 3114 δίχα
538 3044 639 3113 τῆς
680 3045 872 3115 νοερᾶς
918 3044 1133 3112 φύσεως
1181 3044 1265 3113 ἐφ’
1296 3044 1504 3097 ἑαυτῶν
1544 3044 1683 3099 εἶναι
1733 3045 1827 3097 δύ-

237 3154 419 3198 ναται,
450 3137 513 3188 τὸ
541 3135 599 3189 δὲ
634 3136 851 3205 λογικὸν
889 3136 989 3189 οὐκ
1032 3134 1097 3188 ἂν
1127 3134 1327 3204 ἑτέρως
1371 3135 1574 3202 γένοιτο
1616 3137 1672 3188 ὲν
1722 3133 1828 3188 σώ-

239 3246 392 3297 ματι,
412 3230 459 3280 εἰ
489 3227 564 3298 μὴ
593 3226 671 3298 τῷ
697 3227 938 3298 αἰσθητῷ
961 3225 1313 3298 συγκραθείη·
1345 3226 1432 3279 διὰ
1456 3227 1612 3280 τοῦτο
1640 3218 1823 3281 τελευ-

233 3322 386 3382 ταῖος
427 3318 565 3387 μετὰ
596 3317 667 3370 τὰ
716 3318 1067 3388 βλαστήματα
1107 3316 1200 3370 καὶ
1223 3316 1293 3369 τὰ
1332 3316 1462 3386 βοτὰ
1494 3318 1824 3371 κατεσκευά-

236 3408 337 3476 σθη
369 3411 400 3461 6
429 3408 736 3479 ἄνθρωπος,
768 3407 872 3477 ὁδῷ
898 3424 1005 3467 τινι
1036 3407 1172 3478 πρὸς
1198 3408 1259 3459 τὸ
1287 3406 1488 3460 τέλειον
1512 3405 1820 3469 ἀκολούθως

1929 2044 2252 2112 stituuntur,
2282 2046 2400 2101 alim
2416 2045 2630 2101 vivendi
2652 2045 2907 2100 facultate
2934 2045 3172 2115 praedita:
3194 2050 3344 2100 sunt.
3375 2041 3514 2096 Rur-

1929 2153 2049 2191 sum
2083 2153 2281 2208 corpus
2311 2139 2420 2193 vita
2452 2137 2762 2208 praeditum,
2801 2148 2896 2191 aut
2930 2151 3152 2192 sensum
3196 2134 3378 2197 habet,
3419 2138 3513 2187 aut

1927 2242 1992 2282 eo
2021 2236 2189 2283 caret.
2224 2227 2437 2300 Corpus
2467 2238 2647 2285 autem
2681 2230 2925 2287 sentiens
2954 2228 3040 2282 vel
3076 2225 3305 2281 rationis
3340 2224 3390 2278 vi
3423 2240 3513 2279 or-

1929 2324 2115 2372 natum
2140 2359 2154 2383 ,
2209 2321 2294 2375 vel
2344 2321 2469 2392 ejus
2507 2337 2703 2391 expers
2737 2337 2858 2378 esse
2886 2334 3113 2375 necesse
3151 2328 3254 2373 est.
3307 2315 3513 2371 Idcirco

1930 2408 2107 2466 Moses
2139 2412 2408 2465 inanimas
2441 2428 2529 2468 res
2555 2413 2809 2483 primum,
2843 2426 2965 2482 qua:
2995 2410 3359 2464 animatorutn
3392 2415 3514 2460 tan-

1929 2516 2091 2571 quam
2117 2502 2270 2569 ,imus
2298 2502 2519 2574 quidam
2553 2503 2755 2574 gradus
2795 2496 3001 2582 essent,
3040 2500 3237 2555 deinde
3276 2497 3511 2553 naturali

1928 2593 2038 2647 vita
2063 2593 2339 2663 praeditas,
2366 2600 2517 2648 ortas
2547 2609 2669 2651 esse
2699 2593 2885 2657 tradit,
2911 2607 3032 2663 quae
3070 2592 3327 2645 nimirum
3360 2590 3515 2661 plan-

1930 2696 2106 2741 tarum
2146 2685 2388 2757 germina
2415 2693 2572 2739 erant
2597 2704 2610 2740 :
2642 2691 2766 2755 post
2797 2684 2942 2750 haec,
2966 2678 3154 2738 eorum
3184 2696 3303 2751 qua:
3346 2695 3512 2737 sensu

1931 2775 2224 2845 agitantur,
2250 2775 2514 2844 originem
2540 2780 2953 2829 commemorat.

2001 2866 2136 2921 Cum
2165 2872 2346 2920 autem
2371 2872 2803 2919 consentaneum
2849 2864 2941 2929 sit,
2988 2876 3174 2917 rerum
3221 2875 3513 2931 corporea.

1930 2973 2052 3012 rum
2100 2958 2212 3011 vita
2251 2956 2627 3027 praeditarum,
2674 2970 2768 3010 eas
2815 2954 3034 3025 quidem
3078 2968 3200 3024 qua:
3243 2951 3512 3007 sentiendi

1929 3050 2040 3104 vim
2069 3049 2295 3115 habent,
2322 3050 2486 3103 etiam
2519 3048 2657 3103 citra
2689 3055 2943 3103 naturam
2992 3045 3378 3115 intelligentem
3408 3044 3515 3099 exi-

1932 3149 2077 3196 stere
2106 3156 2265 3211 posse
2288 3181 2303 3203 ,
2335 3141 2446 3195 vim
2480 3154 2608 3196 vero
2636 3138 3054 3194 ratiocinantem
3072 3136 3126 3191 in
3144 3150 3372 3205 corpore
3405 3148 3512 3188 non

1932 3245 2074 3292 esse,
2110 3229 2213 3283 nisi
2256 3227 2502 3284 facultati
2535 3227 2790 3284 sentienti
2836 3224 3239 3298 quodammodo
3282 3224 3512 3278 commi-

1926 3327 2181 3376 sceatur:
2211 3319 2417 3375 idcirco
2437 3326 2560 3390 post
2584 3321 2798 3390 plantas
2824 3329 2875 3373 ct
2897 3332 3098 3389 pecora
3112 3316 3278 3370 homo
3293 3316 3512 3371 demum

1930 3413 2188 3469 conditus
2218 3420 2320 3476 est,
2361 3421 2554 3466 natura
2587 3411 2779 3467 ordine
2821 3409 2890 3464 ad
2920 3419 3160 3465 creatum
3196 3408 3354 3479 plane
3386 3420 3513 3477 per-

234 3497 537 3569 προῖούσης
578 3497 676 3567 τῆς
726 3496 957 3565 φύσεως.
1008 3497 1107 3550 Διά
1155 3497 1336 3568 πάσης
1372 3495 1481 3567 γάρ
1524 3495 1667 3558 ἰδέας
1710 3494 1820 3547 τῶν

2001 3514 2130 3559 :tum
2160 3503 2561 3574 progrediente.
2596 3500 2729 3554 Nam
2765 3496 2965 3553 animal
2994 3499 3099 3552 hoc
3128 3497 3361 3551 rationis
3392 3509 3514 3565 par-

230 3590 426 3662 ψυχῶν
455 3590 853 3660 κατακιρνᾶται
882 3590 943 3641 τὸ
970 3589 1186 3656 λογικὸν
1227 3587 1383 3642 τοῦτο
1407 3585 1583 3650 ζῶονό
1615 3587 1821 3658 ἄνθρω-

407 3681 682 3752 Τρέφεται
716 3682 813 3750 μὲν
844 3681 950 3750 γὰρ
983 3681 1123 3734 κατὰ
1154 3680 1222 3732 τὸ
1263 3677 1490 3746 φυσικὸν
1518 3681 1617 3749 τῆς
1642 3677 1820 3748 ψυχῆς

232 3771 407 3838 εἶδος
461 3776 531 3843 τῇ
573 3772 631 3826 δὲ
679 3771 945 3842 αὑξητικῇ
994 3772 1219 3843 δυνάμει
1250 3774 1282 3843 ἡ
1315 3769 1605 3840 αἰσθητικὴ
1654 3786 1821 3841 προσ-

232 3864 410 3935 εφύη,
449 3863 632 3933 μέσως
676 3862 876 3933 ἔχουσα
924 3862 1066 3915 κατὰ
1106 3863 1204 3932 τὴν
1257 3861 1391 3916 ἰδίαν
1426 3861 1588 3931 φύσιν
1620 3861 1718 3931 τῆς
1758 3877 1818 3912 τε

231 3957 430 4026 νοερᾶς
460 3955 556 4008 καὶ
580 3955 679 4024 τῆς
705 3953 1076 4024 ύλωδεστέρας
1100 3953 1287 4016 οὐσίας
1317 3969 1331 3983 ο
1376 3951 1613 4022 τοσούτῳ
1642 3967 1819 4021 παχυ-

232 4048 547 4119 μερεστέρα
586 4046 813 4117 ταύτης,
860 4047 968 4116 ὅσῳ
1006 4045 1364 4116 καθαρωτέρα
1406 4045 1638 4114 ἐκείνης.
1686 4037 1820 4097 Εἶτά

229 4155 315 4202 τις
340 4138 559 4207 γίνεται
596 4138 733 4210 πρὸς
758 4137 819 4189 τὸ
845 4137 1039 4190 λεπτὸν
1072 4138 1165 4189 καὶ
1196 4134 1483 4206 φωτοειδὲς
1506 4137 1606 4205 τῆς
1631 4134 1819 4204 αἰσθη-

194 4296 199 4301 _
228 4236 391 4305 τικῆς
426 4232 644 4303 φύσεως
682 4234 717 4303 ἡ
757 4231 856 4301 τῆς
882 4232 1073 4301 νοερᾶς
1116 4231 1305 4293 ούσίας
1334 4228 1605 4292 οἰκείωσίς
1636 4246 1696 4281 τε
1728 4230 1821 4284 καὶ

228 4329 577 4398 ἀνάκρασις,
619 4325 693 4388 ὡς
745 4327 805 4379 ὲν
842 4325 987 4395 τρισὶ¹
1033 4323 1242 4386 τούτοις
1272 4322 1362 4375 τὸν
1404 4322 1690 4393 ἄνθρωπον
1723 4323 1820 4392 τὴν

229 4420 496 4473 σύστασιν
527 4417 672 4487 ἔχειν
707 4431 720 4444 ⁸
768 4414 950 4477 καθὼς
980 4415 1072 4467 καὶ
1100 4412 1250 4485 παρά
1273 4412 1364 4466 τοῦ
1405 4413 1726 4466 Ἀποστόλου
1760 4414 1821 4465 τὸ

224 4509 477 4564 τοιοῦτον
513 4505 812 4577 ἐμάθομεν,
843 4507 899 4557 ὲν
931 4498 1011 4568 οἷς
1044 4504 1181 4575 πρὸς
1208 4504 1334 4567 τοὺς
1376 4501 1657 4571 Ἐφεσίους
1692 4502 1817 4573 ἔφη,

227 4600 673 4669 προσευχόμενος
704 4598 888 4659 αὐτοῖς
918 4596 1017 4667 τὴν
1053 4595 1272 4666 ὁλοτελῆ
1304 4594 1463 4665 χάριν
1500 4593 1593 4647 τοῦ
1636 4594 1820 4664 σώμα-

225 4709 337 4756 τος,
378 4692 477 4745 καὶ
506 4689 609 4759 τῆς
648 4689 848 4759 ψυχῆς,
878 4687 974 4740 καὶ
1011 4687 1104 4741 τοῦ
1149 4686 1459 4755 πνεύματος
1492 4688 1548 4737 ἐν
1577 4687 1642 4755 τῇ
1678 4701 1817 4755 παρ·

224 4784 388 4853 ουσία
421 4781 520 4835 τοῦ
568 4780 781 4851 Κυρίου
826 4777 1186 4848 φυλαχθῆναι,
1222 4777 1345 4832 ἀντὶ
1388 4776 1507 4831 τοῦθ
1523 4776 1817 4846 θρεπτικοῦ

228 4852 432 4947 μέρους
473 4873 539 4926 τὸ
580 4872 742 4943 σῶμα
779 4870 977 4939 λέγων,
1018 4870 1078 4923 τὸ
1110 4869 1167 4923 δὲ
1211 4868 1526 4940 αἰσθητικὸν
1568 4871 1632 4940 τῇ
1674 4869 1818 4942 ψυχῇ
1853 4852 1898 4907 Ῑ)

221 4963 630 5035 διασημαίνων,
665 4962 729 5016 τὸ
767 4961 954 5033 νοερὸν
989 4960 1046 5013 δὲ
1086 4958 1164 5030 τῷ
1195 4958 1489 5029 πνεύματι.
1547 4959 1818 5024 Ὡσαύτως

224 5058 319 5111 καὶ
340 5058 435 5111 τὸν
459 5055 799 5128 γραμματέα
816 5053 903 5109 διὰ
923 5053 1017 5107 τοῦ
1041 5051 1369 5120 Εὑαγγελίου
1391 5051 1634 5105 παιδεύει
1656 5055 1684 5106 6
1711 5053 1822 5106 Κύ-

226 5165 379 5221 ριος,
424 5150 611 5218 πάσης
644 5145 870 5216 ἐντολῆς
910 5144 1224 5216 προτιθέναι
1264 5142 1361 5214 τὴν
1393 5144 1473 5206 εἰς
1511 5143 1644 5197 Θεὸν
1687 5145 1821 5212 ἀγά-

224 5256 356 5308 πην,
393 5238 493 5310 τὴν
524 5237 586 5303 ἐξ
613 5238 745 5306 ὅλης
778 5234 1003 5305 καρδίας
1033 5234 1126 5288 καὶ
1148 5233 1327 5304 ψυχῆς
1356 5234 1448 5287 καί
1473 5232 1709 5298 διανοίας
1735 5236 1821 5288 ἐν·-

223 5332 587 5403 εργουμὲνην,
642 5329 758 5384 Καὶ
811 5326 920 5397 γὰρ
956 5324 1190 5380 ἐνταῦθα.
1224 5325 1323 5396 τὴν
1355 5325 1525 5395 αὐτὴν
1557 5325 1703 5380 δοκεῖ
1732 5344 1820 5397 μοι

220 5421 488 5495 διαφορὰν
550 5417 884 5493 ἑρμηνεύειν
938 5419 968 5470 6
1019 5416 1210 5485 λόγος,
1267 5415 1367 5486 τὴν
1416 5416 1516 5487 μὲν
1581 5433 1820 5486 σωματι-

223 5515 471 5587 κωτέραν
511 5513 854 5568 κατάστασιν
894 5507 1118 5578 καρδίαν
1156 5507 1324 5561 εἰπὼν
1348 5548 1361 5571 ,
1412 5506 1586 5578 ψυχὴν
1631 5508 1683 5560 δὲ
1724 5508 1821 5579 τὴν

226 5603 437 5677 μέσην,
492 5605 747 5660 διάνοιαν
798 5598 857 5651 δὲ
914 5597 1010 5667 τὴν
1061 5596 1397 5669 ὑψηλοτέραν
1466 5596 1663 5666 φύσιν,
1724 5597 1821 5668 τὴν

1928 3596 2121 3665 ticeps,
2153 3606 2315 3663 quem
2342 3592 2617 3646 hominem
2642 3590 2899 3652 dicimus,
2930 3603 2996 3642 ex
3019 3586 3166 3640 omni
3197 3594 3280 3639 est
3315 3585 3511 3655 anima:

1928 3684 2102 3739 forma
2134 3682 2291 3753 quasi
2340 3686 2721 3749 temperatum.
2749 3674 2983 3731 Perinde
3009 3675 3154 3731 enim
3192 3683 3356 3744 atque
3383 3674 3513 3727 stir-

1927 3775 2074 3845 pium
2116 3772 2327 3833 anima,
2356 3784 2520 3840 quam
2567 3766 2870 3821 naturalem
2913 3764 3184 3829 diximus,
3228 3762 3513 3818 nutritur:

1926 3863 2124 3921 deinde.
2152 3861 2392 3917 facultati
2423 3858 2752 3916 accretionis
2781 3857 2945 3913 etiam
2981 3857 3220 3912 sentiens
3251 3854 3508 3917 adhwret,

1927 3961 2086 4031 cujus
2116 3967 2202 4015 est
2228 3967 2424 4014 natura
2450 3956 2609 4027 quasi
2637 3955 2815 4010 media
2834 3953 3080 4025 quaedam
3105 3953 3246 4008 inter
3271 3953 3511 4006 animam

1927 4054 2073 4108 illam
2117 4053 2349 4123 primam
2391 4048 2665 4104 rudiorem
2715 4054 2770 4103 et
2816 4047 3031 4102 tertiam
3074 4045 3507 4115 intelligentem:

1928 4151 2079 4198 tanto
2106 4139 2363 4195 nimirum
2391 4137 2735 4207 intelligente
2763 4133 3022 4197 crassior,
3052 4142 3261 4202 quanto
3292 4130 3382 4183 illa
3411 4144 3510 4199 pu-

1927 4235 2059 4289 rior.
2089 4231 2329 4301 Denique
2354 4244 2478 4285 cum
2504 4227 2688 4283 subtili
2716 4236 2770 4281 et
2793 4224 2973 4279 lucida
2998 4230 3192 4278 natura
3220 4221 3507 4283 sentiente,

1927 4326 2090 4378 etiam
2116 4320 2425 4391 intelligens
2449 4318 2737 4388 aptissimo
2771 4319 3200 4384 temperamento
3223 4306 3510 4381 conjungi-

1929 4420 2039 4475 tur,
2084 4419 2140 4464 ut
2179 4411 2290 4480 jam
2336 4410 2510 4465 tribus
2556 4408 2708 4463 hisce
2745 4407 2911 4462 rebus
2957 4405 3194 4460 hominis
3233 4403 3506 4475 opificium

1927 4510 2159 4560 constet.
2193 4501 2343 4557 Licet
2371 4502 2475 4555 hoc
2503 4500 2570 4555 de
2598 4497 2847 4571 Apostoli
2904 4496 3105 4559 verbis,
3141 4511 3263 4567 qua:
3294 4496 3348 4549 in
3379 4494 3504 4564 epi-

1928 4599 2065 4652 stola
2098 4595 2164 4648 ad
2186 4593 2447 4664 Ephesios
2474 4599 2710 4654 exstant,
2730 4576 3050 4660 intelligere.
3083 4586 3423 4657 Optatenim,
3450 4592 3508 4639 ut

1928 4688 2137 4758 integra
2170 4686 2420 4755 corporis
2449 4691 2504 4739 et
2535 4683 2749 4748 animat,
2777 4689 2830 4736 et
2858 4680 3087 4751 spiritus
3115 4679 3289 4748 gratia
3332 4676 3385 4729 in
3413 4675 3509 4729 ad—

1930 4788 2146 4832 ventum
2182 4776 2397 4830 Domini
2429 4780 2803 4838 conservetur,
2836 4772 3036 4842 quibus
3064 4768 3120 4822 in
3162 4767 3343 4822 verbis
3379 4780 3506 4820 cor-
3610 4830 3617 4833 _

1925 4869 2076 4941 poris
2106 4868 2394 4939 appellatio
2424 4874 2632 4936 partem
2659 4865 2712 4919 in
2750 4863 2969 4919 homine
2998 4863 3352 4920 nutrientem,
3384 4856 3506 4911 ani-

1927 4977 2014 5015 ma
2050 4960 2403 5023 sentientem.
2436 4957 2629 5027 spiritu
2671 4955 3062 5025 intelligentem
3103 4958 3274 5003 notat.
3305 4947 3507 5003 Eodem

1928 5052 2089 5106 modo
2119 5050 2355 5106 scribam
2385 5049 2537 5102 illum
2585 5046 2849 5100 Dominus
2895 5044 2949 5097 in
2990 5039 3281 5110 Evangelia
3324 5039 3504 5101 docet,

1928 5158 2166 5199 amorem
2195 5141 2249 5196 in
2281 5139 2449 5195 Deum
2473 5154 2537 5194 ex
2571 5146 2682 5192 toto
2712 5135 2877 5190 corde
2907 5141 2962 5188 et
3006 5131 3187 5185 anima
3232 5138 3286 5184 et
3327 5137 3509 5187 mente

1930 5234 2257 5305 profectum,
2302 5230 2516 5285 caeteris
2563 5228 2656 5282 Dei
2696 5226 2855 5282 scitis
2893 5225 3052 5293 longe
3090 5220 3507 5277 anteierendum

1928 5338 2071 5378 esse.
2104 5319 2235 5373 Nam
2267 5326 2322 5373 et
2345 5317 2461 5373 haec
2490 5317 2666 5371 oratio
2689 5314 2821 5369 mihi
2847 5314 3143 5370 discrimen
3172 5312 3311 5367 idem
3339 5327 3506 5382 expo-

1929 5429 2059 5469 nere
2091 5411 2326 5471 videtur.
2357 5418 2416 5464 ut
2457 5406 2641 5464 cordis
2680 5406 3043 5477 appellatione
3080 5406 3323 5461 crassius
3373 5403 3505 5457 illud

1929 5505 2172 5575 corporis
2202 5504 2256 5557 in
2291 5502 2509 5558 homine
2536 5507 3021 5570 temperamentum
3048 5499 3267 5553 veniat:
3313 5497 3507 5549 animm

1932 5612 2082 5664 vero,
2118 5595 2353 5651 medium
2388 5609 2399 5645 :
2437 5593 2632 5647 mentis
2661 5592 2893 5663 denique
2922 5605 3025 5648 vox
3066 5586 3504 5643 cxcellentiorem
