3768 6000
260 240 367 300 147

1499 241 1556 300 S.
1584 244 1915 303 GREGORII
1953 244 2040 301 ΝΥ
2054 243 2245 301 SSENI

3413 241 3517 301 “3

260 360 408 419 illam
429 359 741 418 facultatem
763 361 1050 433 significet,
1074 378 1181 434 qua
1204 363 1386 419 omnia
1408 374 1462 421 et
1483 365 1840 437 intelligimus

2039 367 2131 438 ράν
2162 383 2219 418 τε
2260 364 2351 418 καὶ
2400 362 2685 433 ποιητικὴν
2718 360 2964 432 δύναμιν.
3019 358 3181 414 ’Ὅθεν
3228 360 3319 414 καὶ
3366 364 3517 433 τρεῖς

259 464 314 511 et
341 452 621 511 efﬁcimus.
640 454 852 510 idcirco
876 464 929 510 et
953 456 1266 525 Apostolus,
1294 457 1489 526 triplex
1512 472 1635 513 esse
1658 457 1841 512 homi-

264 559 394 600 num
422 545 478 599 in
499 544 748 619 eligendo
769 546 1010 602 studium
1039 547 1225 602 tradit.
1255 549 1331 602 Ac
1357 549 1593 617 primum
1621 549 1839 617 quidem

261 636 447 691 carnis
474 637 717 691 studium
743 646 923 701 vocat,
957 638 1105 706 quod
1128 638 1305 693 ventri
1335 639 1541 693 scilicet
1572 638 1838 705 deditum,

263 728 321 781 in
349 728 655 797 quaerendis
685 729 753 783 iis
783 745 903 799 quae
931 730 1060 785 huic
1106 729 1300 786 atl'erre
1340 730 1670 800 voluptatem
1715 745 1841 800 pos-

263 818 405 882 sint,
452 829 773 889 occupatur.
829 821 994 876 Alteri
1036 822 1105 876 ab
1152 820 1333 878 anima
1371 836 1570 876 nomen
1609 820 1841 884 indidit,

263 907 409 977 quod
440 908 600 964 modo
641 910 874 981 quodam
916 912 1071 981 quasi
1128 913 1365 968 medium
1410 917 1551 969 inter
1588 913 1841 967 virtutem

265 1007 319 1054 et
340 999 527 1054 vitium
553 1002 787 1066 exsistit,
811 1003 943 1057 vitio
969 1004 1186 1074 quidem
1209 1007 1482 1076 superius.
1506 1005 1691 1060 virtuti
1715 1018 1844 1058 vero

265 1104 373 1144 non
399 1091 611 1145 sincere
644 1107 707 1146 ac
745 1109 969 1163 prorsus
1010 1093 1304 1149 addictum.
1338 1094 1580 1150 Tertium
1617 1093 1844 1164 spiritus

265 1190 387 1247 est,
432 1183 576 1253 quod
626 1184 691 1238 ad
739 1184 1031 1254 perfectam
1072 1186 1288 1241 vivendi
1336 1188 1600 1241 rationem
1645 1200 1844 1240 secun-

267 1269 398 1327 dum
444 1271 539 1327 Dei
590 1274 965 1343 praescriptum
1020 1289 1141 1330 sese
1179 1276 1383 1345 dirigit.
1420 1275 1604 1345 Itaque
1637 1274 1703 1329 ad
1737 1274 1845 1328 Co-

268 1362 506 1419 rinthios
550 1364 830 1429 scribens,
881 1367 1097 1436 illisque
1128 1369 1487 1437 voluptariam
1528 1367 1728 1431 vitam,
1758 1366 1844 1419 cui

270 1462 456 1512 essent
515 1456 838 1526 impotenter
889 1458 1092 1525 dediti,
1142 1459 1486 1529 exprobrans
1549 1475 1560 1510 :
1617 1471 1847 1511 carneos

271 1545 348 1600 ait
377 1562 500 1603 esse
535 1547 601 1613 ⁸⁷,
633 1565 809 1619 neque
849 1549 1112 1604 doctrina:
1145 1549 1486 1619 perfectioris
1529 1550 1846 1619 praeceptio-

272 1652 373 1692 nes
415 1653 629 1709 capere.
660 1641 780 1697 Alio
813 1642 939 1696 item
982 1642 1101 1697 loco
1134 1639 1354 1706 mediae,
1389 1655 1551 1711 quam
1590 1640 1846 1703 diximus,

1940 454 2204 525 διαφορὰς
2251 452 2620 522 προαιρέσεως
2665 453 2693 504 6
2754 449 3076 512 Ἀπόστολος
3109 445 3237 512 οἶδε,
3282 449 3381 518 τὴν
3417 451 3517 519 μὲν

1942 544 2208 616 σαρκικὴν
2233 542 2637 612 κατονομάζων,
2668 541 2703 611 ἢ
2746 539 2874 610 περί
2895 538 3136 609 γαστέρα
3157 538 3249 590 καί
3275 538 3371 600 τὰς
3389 538 3518 608 περὶ

1940 636 2144 707 ταύτην
2176 633 2507 705 ἡδυπαθείας
2558 631 2851 702 ἡσχόληται
2882 647 2894 658 ·
2946 630 3043 698 τὴν
3081 629 3137 683 δὲ
3193 629 3447 700 ψυχικὴν,
3479 628 3516 699 ἢ

1945 728 2124 799 μέσως
2176 726 2310 795 πρὸς
2380 724 2578 794 ἀρετὴν
2628 723 2723 776 καὶ
2789 721 2987 775 κακίαν
3048 720 3202 790 ἔχει,
3264 719 3361 787 τῆς
3419 717 3519 781 μὲν

1943 816 2406 889 ὑπερανεστῶσα,
2476 815 2576 885 τῆς
2631 813 2688 865 δὲ
2739 810 2992 883 καθαρῶς
3046 811 3105 863 οὐ
3176 809 3513 880 μετέχουσα⁶

1941 910 2038 981 τὴν
2071 909 2127 962 δὲ
2160 905 2552 978 πνευματικὴν,
2583 906 2615 972 ἢ
2636 904 2694 957 1:6
2726 903 2929 956 τέλειον
2964 901 3220 973 ὲνθεωρεί
3245 899 3346 970 τῆς
3376 899 3519 953 κατὰ

1942 1003 2075 1056 Θεὸν
2112 1000 2401 1063 πολιτείας.
2436 999 2524 1050 Διό
2554 1014 2686 1068 φησι
2736 996 2871 1066 πρὸς
2909 992 3257 1064 Κορινθίους,
3288 991 3350 1043 τὸ
3382 991 3521 1044 ἀπο-

1944 1093 2230 1147 λαυστικὸν
2263 1089 2440 1145 αὐτῶν
2477 1092 2571 1142 καί
2605 1086 2848 1158 ἐμπαθὲς
2880 1084 3175 1150 ὀνειδίζων,
3209 1083 3292 1134 ὅτι
3328 1081 3523 1151 Σάρκι-

1944 1185 2023 1237 νοί
2053 1187 2197 1246 ἐστε,
2231 1183 2324 1236 καὶ
2359 1180 2468 1233 τῶν
2499 1177 2845 1247 τελειοτέρων
2884 1176 3169 1245 δογμάτων
3206 1173 3481 1243 ἀχώρητοι
3502 1188 3519 1203 ο

1945 1273 2170 1344 ἑτέρωθι
2195 1273 2249 1325 δὲ
2289 1270 2573 1341 σύγκρισίν
2599 1287 2719 1320 τινα
2745 1267 2839 1320 τοῦ
2873 1268 3037 1338 μέσου
3066 1265 3200 1335 πρὸς
3227 1265 3288 1316 τὸ
3313 1262 3520 1316 τέλειον

1914 1427 1922 1433 _
1949 1365 2292 1434 ποιούμενος,
2321 1362 2470 1431 λέγει
2489 1378 2502 1392 ·
2527 1380 2544 1411 ι
2565 1359 2805 1429 Ψυχικος
2836 1358 2893 1411 δὲ
2920 1356 3202 1427 ἄνθρωπος
3220 1354 3278 1406 οὐ
3308 1353 3524 1422 δέχεται

1946 1458 2016 1510 τὰ
2052 1455 2146 1509 τοῦ
2177 1453 2512 1524 πνεύματος
2537 1451 2716 1522 μωρία
2743 1450 2851 1520 γὰρ
2864 1446 3010 1516 αὐτῷ
3036 1450 3181 1499 ἐστιν
3200 1460 3213 1472 ⁸
3238 1446 3266 1495 6
3286 1443 3340 1496 δὲ
3362 1459 3537 1495 πνευ-’

1952 1548 2177 1619 ματικδς
2207 1545 2487 1615 ἀνακρίνει
2532 1544 2628 1613 μὲν
2669 1541 2870 1602 πάντα,
2908 1538 3068 1601 αὐτὸς
3102 1537 3157 1589 δὲ
3190 1535 3280 1588 ὑπ’
3312 1533 3530 1595 οὐδενὸς

1948 1636 2316 1706 ἀνακρίνεται.
2357 1653 2375 1684 ι
2430 1633 2518 1695 Ὧς
2575 1626 2667 1684 οὖν
2718 1628 3055 1697 ἀναϐέϐηκεν
3087 1629 3115 1679 6
3159 1624 3387 1695 ψυχικὸς
3431 1622 3529 1675 τὸν

274 1727 550 1785 facultatis
579 1729 646 1783 ad
691 1731 981 1800 perfectam
1033 1730 1494 1802 comparationem
1528 1729 1842 1790 instituens,

2039 1728 2229 1790 >xtx6v,
2246 1724 2391 1779 κατὰ
2411 1725 2508 1794 τὴν
2526 1722 2690 1793 αὐτὴν
2708 1720 2994 1788 ἀναλογίαν
3015 1720 3105 1771 καὶ
3121 1721 3149 1770 6
3163 1713 3530 1786 πνευματικὸς

275 1820 451 1890 inquit
498 1838 510 1873 :
555 1840 572 1871 ι
629 1820 801 1876 llomo
835 1831 1013 1878 autem
1044 1823 1210 1877 animi
1241 1824 1323 1879 sui
1353 1822 1569 1877 deditus
1599 1820 1846 1876 affectio-

275 1909 474 1976 nibus,
515 1926 577 1965 ea
625 1926 745 1982 quae
787 1913 1012 1982 spiritus
1049 1921 1178 1968 sunt
1208 1929 1313 1968 non
1343 1913 1509 1983 capit,
1546 1923 1673 1967 sunt
1702 1912 1846 1966 enim

274 2002 324 2054 ei
374 2016 520 2056 mera
564 2003 789 2057 stultitia
831 2003 892 2058 ⁸⁸.
940 2023 958 2056 ι
1011 2004 1280 2060 Caeterum
1329 2004 1630 2074 spiritualis
1667 2004 1849 2057 omnia

281 2088 562 2159 diiudicat,
591 2107 716 2145 cum
745 2094 858 2162 ipse
890 2109 918 2146 a
946 2097 1163 2150 nemine
1192 2096 1524 2165 dijudicetur
1545 2096 1614 2149 ⁸⁸.
1649 2095 1850 2160 Quem-

280 2183 569 2237 admodum
631 2184 794 2254 igitur
844 2186 1097 2242 animalis
1135 2202 1372 2253 carneo,
1430 2187 1506 2241 ita
1537 2195 1591 2242 et
1629 2186 1852 2240 animali

279 2275 583 2344 spiritualis
626 2278 973 2345 praestantior
1004 2287 1108 2335 est.
1148 2279 1285 2335 Cum
1322 2294 1452 2351 ergo
1482 2279 1701 2334 Litterae
1733 2287 1855 2347 post

281 2378 472 2419 omnes
514 2378 602 2419 res
650 2367 828 2421 anima
871 2368 1129 2438 praeditas
1167 2370 1443 2425 hominem
1476 2370 1694 2425 demum
1732 2385 1854 2425 esse

282 2452 482 2508 factum
521 2456 773 2523 tradunt;
819 2462 1060 2514 sciamus
1113 2462 1169 2514 in
1216 2461 1319 2514 hoc
1348 2460 1532 2515 Mosen
1563 2461 1630 2515 de
1670 2462 1853 2514 animo

1950 1804 2139 1871 τούτου
2175 1817 2633 1887 ὐπερανέστηκεν.
2666 1813 2727 1874 Εἰ
2765 1807 2856 1863 οὖν
2893 1809 3197 1861 τελευταῖον
3234 1804 3372 1875 μετὰ
3418 1805 3530 1855 πᾶν

1955 1911 2194 1984 ἔμψυχον
2233 1912 2266 1980 ἡ
2298 1907 2489 1979 Γραφὴ
2535 1902 2861 1973 γεγενῆσθαι
2898 1901 3044 1968 λέγει
3090 1899 3180 1951 τὸν
3220 1896 3530 1965 ἄνθρωπον,

1954 2005 2106 2058 οὐδὲν
2135 1999 2374 2072 ἕτερονῆ
2410 1998 2686 2066 φιλοσοφεῖ
2704 1995 2771 2046 τὰ
2799 1993 2925 2064 περί
2946 1991 3123 2061 ψυχῆς
3149 1991 3277 2060 ἡμῖν
3314 1989 3342 2040 6
3374 2002 3536 2056 νομο-

1960 2096 2138 2164 θέτης,
2165 2094 2249 2146 ἐπ’
2284 2090 2557 2160 ἀναγκαίᾳ
2578 2087 2684 2140 τινλ⁸
2709 2089 2774 2156 τῇ
2802 2083 3008 2149 τάξεως
3034 2078 3322 2150 ἀκολουθίᾳ
3349 2076 3411 2130 τὸ
3443 2075 3536 2128 τέ-

1959 2186 2101 2239 λειον
2137 2185 2195 2236 ὲν
2228 2179 2556 2242 τελευταίοις
2596 2177 2828 2248 βλέπων.
2863 2175 2951 2227 Ἐν
2985 2173 3083 2243 μὲν
3111 2171 3220 2242 γὰρ
3235 2169 3314 2240 τῷ
3333 2165 3538 2235 λογικῷ

1961 2278 2055 2330 καὶ
2084 2275 2153 2329 τὰ
2179 2273 2342 2327 λοιπὰ
2382 2271 2765 2342 περιείληπται
2784 2285 2796 2297 ·
2829 2269 2885 2319 ὲν
2929 2265 2984 2318 δὲ
3015 2265 3091 2334 τῷ
3116 2260 3413 2333 αἰσθητικῷ
3443 2258 3540 2312 καὶ

1959 2367 2020 2419 τὸ
2046 2364 2270 2434 φυσικὸν
2307 2358 2444 2425 εἶδος
2496 2359 2710 2419 πάντως
2770 2355 2934 2408 ἐστίν.
2978 2354 3185 2408 Ἐκεῖνο
3213 2352 3269 2405 δὲ
3304 2350 3429 2422 περί
3478 2348 3542 2400 τὸ

1962 2457 2143 2510 ὑλικὸν
2170 2455 2450 2524 θεωρεῖται
2494 2450 2673 2520 μόνον.

283 2544 575 2609 disserere,
636 2549 947 2602 necessaria
1000 2548 1233 2617 quadam
1286 2549 1497 2603 ordinis
1546 2549 1780 2611 ratione,
1829 2548 1971 2619 quod
2003 2555 2118 2601 erat
2148 2545 2422 2605 omnibus,
2452 2551 2509 2595 ut
2540 2540 2761 2603 dicitur,
2794 2536 3039 2591 numeris
3064 2536 3381 2607 perfectum,
3418 2533 3544 2588 loco

285 2643 562 2703 postremo
611 2636 1070 2692 considerantem.
1119 2636 1255 2690 Nam
1305 2647 1535 2703 natura,
1589 2641 1674 2694 cui
1717 2640 1946 2695 rationis
1994 2653 2128 2694 usus
2152 2643 2234 2691 est
2274 2647 2592 2695 concessus,
2639 2629 2802 2683 etiam
2860 2637 3055 2683 caetera
3111 2625 3540 2695 complectitur:

287 2721 433 2811 sicut
460 2724 515 2779 in
543 2727 811 2781 sentiente
834 2727 1102 2782 naturalis
1133 2728 1297 2782 etiam
1339 2729 1516 2783 anima
1562 2728 1722 2796 inest,
1761 2744 1925 2800 quam
1952 2728 2156 2783 deinde
2194 2726 2365 2781 solam
2410 2723 2464 2776 in
2512 2721 2711 2786 rebus,
2765 2734 2903 2788 quas
2940 2732 3106 2788 supra
3157 2713 3543 2778 indicavimus,

287 2817 658 2874 crassioribus
702 2819 1114 2876 constituimus.

364 2908 576 2965 Idcirco
611 2917 806 2964 natura
853 2913 1243 2967 convenienter
1273 2914 1538 2983 quosdam
1577 2915 1733 2984 quasi
1765 2930 1861 2986 per

292 3001 519 3070 gradus,
553 3001 644 3070 qui
678 3013 806 3057 sunt
835 3003 1065 3058 diversa:
1102 3003 1208 3058 illae
1237 3019 1267 3058 a
1296 3007 1455 3061 nobis
1479 3008 1744 3077 expositae
1773 3007 1856 3061 vi-

2039 2907 2246 2964 Οὐκοῦν
2290 2906 2545 2968 εἰκότως,
2587 2902 2830 2974 καθάπερ
2870 2899 2958 2954 διὰ
3007 2896 3230 2968 βαθμῶν
3270 2896 3303 2966 ἡ
3359 2892 3545 2962 φύσις,

1969 3005 2076 3059 τῶν
2122 3004 2219 3074 τῆς
2264 3002 2407 3073 ζωῆς
2453 2982 2596 3067 λέγω
2639 2996 2965 3067 ἰδιωμάτων,
2998 2992 3107 3048 ἀπὸ
3136 2990 3243 3044 τῶν
3288 2986 3548 3060 μικροτέ-

296 3091 451 3146 vendi
489 3092 751 3157 rationes,
785 3110 814 3147 ιι
847 3097 1013 3149 rebus
1040 3096 1344 3153 minoribus
1375 3098 1440 3151 ad
1469 3097 1523 3152 id
1554 3075 1705 3169 quod
1737 3114 1859 3169 per-

2039 3112 2077 3148 w
2130 3095 2220 3149 ἐπὶ
2264 3093 2327 3146 τὸ
2378 3090 2584 3143 τέλειον
2644 3090 2874 3141 ποιεῖται
2926 3085 3021 3156 τὴν
3065 3082 3267 3137 ἄνοδον.
3328 3075 3551 3146 Ἐπειδὴ

294 3182 494 3237 fectum
525 3191 691 3247 esset,
721 3199 1009 3256 progressa
1043 3196 1145 3243 est.
1190 3187 1363 3243 llomo
1392 3189 1558 3257 igitur
1596 3205 1719 3245 cum
1753 3191 1867 3245 ani-

299 3275 407 3328 mal
446 3275 516 3329 sit
549 3276 822 3331 sermonis
861 3275 1121 3332 facultate
1159 3279 1466 3348 praeditum,
1498 3296 1723 3336 necesse
1748 3290 1864 3337 erat

297 3366 554 3435 corporis
585 3366 1011 3422 instrumentum
1056 3369 1260 3437 parari,
1306 3370 1453 3440 quod
1488 3370 1556 3424 ad
1595 3370 1868 3425 sermonis

299 3471 461 3511 nsunt
491 3466 636 3513 esset
666 3457 1032 3527 aptissimum.
1068 3458 1303 3516 Perinde
1331 3469 1495 3532 atque
1518 3461 1764 3517 musicos
1788 3462 1871 3515 vi-

298 3549 492 3603 demus
524 3547 760 3604 diversis
801 3550 855 3602 in
899 3550 1283 3608 instrumentis
1329 3553 1580 3607 diversas
1623 3553 1760 3607 artis
1794 3551 1872 3606 ef-

299 3641 568 3697 fectiones
591 3643 908 3711 ostendere,
937 3659 1115 3714 neque
1150 3660 1216 3700 ex
1254 3644 1469 3699 harbito
1500 3626 1758 3697 tibiarum
1783 3658 1873 3699 so-

302 3747 431 3786 num
456 3732 637 3797 edere,
666 3749 845 3802 neque
868 3734 1019 3790 tibiis
1042 3737 1270 3790 citharae
1293 3743 1513 3790 cantum
1538 3735 1866 3805 exprimere.

304 3822 504 3877 Eodem
537 3829 696 3892 pacto
721 3831 773 3876 et
814 3825 1057 3878 sermoni
1092 3825 1509 3880 accommodata
1543 3823 1871 3878 fabricanda

301 3922 462 3967 erant
497 3912 889 3976 insuzumenta,
928 3920 989 3967 ut
1030 3914 1122 3967 ille
1158 3914 1375 3968 scilicet
1413 3929 1442 3967 a
1473 3914 1728 3983 partibus
1758 3929 1876 3968 cor-

304 4007 456 4075 poris
498 4003 737 4057 orationi
769 4002 1068 4057 formandae
1092 4004 1383 4058 destinatis
1414 4018 1729 4072 expressus,
1762 4005 1875 4058 ele-

303 4103 521 4168 gantem
553 4109 748 4150 sonum
779 4095 987 4151 ederet.
1022 4093 1135 4151 Hac
1161 4097 1328 4166 igitur
1368 4096 1435 4151 de
1461 4110 1631 4150 causa
1684 4109 1879 4149 manus

309 4187 526 4259 corpori
554 4186 751 4242 additae
782 4193 929 4242 sunt.
952 4184 1277 4255 Quanquam
1298 4186 1445 4240 enim
1472 4184 1720 4240 infinitas
1740 4184 1877 4238 alias

306 4280 725 4335 commoditates
751 4286 804 4333 et
831 4294 990 4344 usus,
1034 4292 1175 4348 quos
1224 4277 1279 4330 in
1325 4276 1434 4329 vita
1476 4276 1637 4331 nobis
1683 4290 1879 4330 manus

310 4371 701 4436 (instrumenta
750 4368 1099 4440 perprofecto
1136 4366 1405 4436 expedita,
1452 4365 1764 4434 multasque
1812 4364 1880 4419 ad
1913 4408 1959 4465 Β

312 4477 399 4516 res
429 4459 748 4516 alliciendas
782 4460 1000 4529 idonea)
1033 4459 1263 4513 inomni
1309 4458 1446 4512 artis
1485 4464 1539 4511 et
1583 4457 1767 4527 operis
1789 4471 1881 4526 ge-

310 4567 442 4608 nere
471 4558 754 4621 prtestant,
799 4566 1092 4606 recensere
1125 4550 1382 4606 facillime
1414 4549 1611 4617 possit,
1654 4549 1748 4619 qui
1796 4563 1884 4602 re-

314 4648 419 4701 bus
446 4658 583 4715 pace
618 4643 872 4714 belloque
916 4643 1170 4715 gerendis
1208 4642 1541 4698 exercitatus
1583 4648 1668 4696 est
1700 4659 1712 4695 :
1746 4654 1884 4709 pra:-

313 4740 474 4810 cipue
503 4747 686 4793 tamen
714 4737 989 4793 sermonis
1039 4751 1135 4791 eas
1185 4749 1356 4791 causa
1411 4733 1629 4803 corpori
1687 4740 1884 4787 natura

314 4828 598 4885 annexuit.
632 4825 769 4881 Nam
793 4827 841 4881 si
868 4827 955 4881 his
981 4825 1278 4880 carendum
1324 4823 1529 4879 homini
1562 4821 1883 4889 esset,haud

314 4921 483 4975 dubie
504 4920 825 4974 animalium
857 4919 1032 4974 instar
1058 4914 1497 4988 quadrupedum,
1517 4914 1601 4969 sic
1634 4913 1887 4967 humana:

317 5007 476 5064 faciei
515 5017 700 5078 partes
743 5006 1008 5083 formatas
1050 5021 1174 5062 esse
1219 5020 1450 5060 necesse
1495 5004 1656 5068 foret,
1713 5012 1770 5057 ut
1809 5017 1887 5057 ea:

317 5101 384 5153 ad
430 5099 706 5156 hominem
769 5100 1121 5155 nutriendum
1197 5105 1383 5154 essent
1433 5094 1884 5152 accommodatae.

316 5191 577 5262 Adeoque
606 5192 840 5247 formam
863 5190 1031 5260 hujus
1062 5189 1350 5259 oblongam
1381 5202 1526 5251 esse,
1551 5193 1884 5240 attenuatam

318 5298 385 5340 ac
417 5298 685 5354 pressam,
729 5297 835 5352 qua
861 5297 1022 5338 nares
1053 5281 1173 5336 sitae
1214 5286 1372 5345 sunt;
1412 5278 1562 5333 labra
1595 5291 1725 5332 vero
1755 5276 1892 5332 emi-

207 5382 213 5387 '
240 5416 245 5419 -
323 5374 528 5436 tientia,
562 5372 801 5428 obducta
830 5373 991 5438 callo,
1023 5373 1160 5429 dura
1198 5386 1498 5441 crassaque
1519 5384 1641 5424 esse
1671 5374 1891 5438 Oporte-

323 5467 437 5533 bat,
471 5473 530 5519 ut
586 5464 839 5521 nimirum
892 5467 958 5521 ad
1008 5464 1310 5537 carpendas
1340 5464 1538 5518 herbas
1580 5468 1706 5530 apte
1744 5472 1895 5514 com-

324 5566 514 5633 parata
581 5567 781 5615 essent.
846 5556 1113 5614 Praeterea
1190 5557 1432 5625 linguam
1499 5552 1640 5607 inter
1707 5548 1896 5605 dentes

396 5677 443 5713 ⁴⁷
472 5678 493 5734 l
518 5677 639 5733 Cor.
676 5693 752 5743 tu,
786 5679 830 5734 ί.
909 5677 993 5731 ’⁵⁸1
1022 5677 1147 5732 Cor.
1184 5690 1243 5742 ιι,
1282 5673 1364 5727 14.
1443 5671 1484 5703 δ’
1515 5667 1650 5724 Ibid.
1682 5664 1773 5718 ‘22.

1966 3160 2144 3240 τοίνυν
2184 3181 2400 3253 λογικόν
2437 3199 2489 3234 τι
2533 3179 2669 3244 ζῶόν
2720 3180 2866 3230 ἐστιν
2920 3178 2949 3228 6
2995 3162 3304 3243 ἅνθρωπος,
3339 3167 3549 3222 κατάλ-

1968 3278 2127 3348 ληλον
2175 3275 2280 3328 ἔδει
2335 3275 2401 3345 τῇ
2462 3270 2621 3343 χρεία
2671 3266 2765 3321 τοῦ
2824 3266 2984 3332 λόγου
3038 3257 3551 3328 κατασκευασθῆναι

1970 3370 2029 3425 τὸ
2070 3368 2162 3422 τοῦ
2217 3365 2467 3437 σώματος
2511 3362 2758 3432 ὄργανον.
2794 3356 3063 3423 Καθάπερ
3098 3355 3223 3416 τοὺς
3258 3351 3556 3424 μουσικοὺς

1971 3461 2116 3525 ἔστιν
2146 3459 2271 3511 ἰδεῖν
2311 3454 2443 3526 πρὸς
2478 3452 2537 3504 τὸ
2567 3449 2673 3502 τῶν
2706 3447 2951 3518 ὀργάνων
2990 3439 3127 3506 εἶδος
3155 3442 3252 3513 τὴν
3289 3438 3556 3511 μουσικὴν

1974 3548 2368 3610 ἐκπονοῦντας,
2423 3543 2514 3597 καὶ
2566 3539 2688 3594 οὐτε
2752 3538 2836 3591 διὰ
2901 3534 3170 3606 βαρϐίτων
3229 3530 3553 3594 αὐλοῦντας,

1973 3644 2095 3697 οὐτε
2130 3645 2186 3695 ὲν
2220 3639 2401 3700 αὐλοῖς
2431 3631 2801 3705 κιθαρίζοντας
2826 3646 2838 3659 ο
2872 3625 3012 3681 κατὰ
3043 3624 3133 3677 τὸν
3155 3622 3314 3676 αὐτὸν
3352 3623 3559 3693 τρόπον

1976 3734 2081 3788 ἔδει
2100 3732 2178 3802 τῷ
2199 3730 2339 3797 λόγῳ
2356 3724 2687 3795 κατάλληλον
2716 3716 2854 3774 εἶναι
2880 3718 2979 3788 τὴν
3006 3715 3111 3769 τῶν
3125 3714 3370 3785 ὀργάνων
3387 3731 3561 3767 κατα-

1978 3823 2197 3888 σκευὴν,
2229 3821 2303 3881 ὼς
2336 3817 2401 3871 ἂν
2441 3815 2734 3886 προσφυῶς
2765 3810 2982 3883 ὲνηχοίη
3013 3809 3147 3881 πρὸς
3184 3809 3283 3878 τὴν
3320 3805 3429 3858 τῶν
3461 3809 3560 3876 ρη-

1980 3913 2167 3985 μάτων
2179 3908 2366 3979 χρείαν
2380 3905 2484 3960 ὑπὸ
2503 3904 2609 3957 τῶν
2633 3902 2954 3973 φωνητικῶν
2981 3899 3181 3971 μορίων
3197 3895 3365 3974 τηυποῦ
3374 3911 3556 3965 μενος.
3580 3908 3583 3911 ·

1980 3977 2077 4057 Ᾰιὰ
2103 3977 2260 4054 τοῦτο
2292 3997 2706 4068 συνηρτήθησαν
2732 3997 2785 4048 αἱ
2807 3998 2983 4064 χεῖρες
3017 3991 3092 4061 τῷ
3110 3980 3338 4060 σώματι.
3363 3977 3561 4056 Εῖγάρ

1980 4096 2072 4150 καί
2103 4091 2300 4164 μυρίας
2340 4088 2485 4141 ἔστιν
2516 4083 3004 4157 ἀπαριθμήσασθαι
3030 4080 3129 4145 τὰς
3153 4078 3294 4133 κατὰ
3324 4078 3414 4130 τὸν
3446 4076 3565 4146 βίον

1981 4186 2191 4258 Χρείας,
2244 4182 2380 4252 πρὸς
2432 4181 2498 4244 ἃς
2524 4181 2591 4232 τὰ
2634 4177 2917 4250 εὐμήχανα
2952 4175 3124 4229 ταῦτα
3155 4173 3249 4255 καὶ
3275 4169 3561 4241 πολυαρκῆ

1981 4278 2090 4331 τῶν
2123 4275 2319 4346 χειρῶν
2343 4272 2547 4343 ὄργανα
2569 4269 2851 4341 χρησίμως
2870 4266 2981 4337 ἔχει
3008 4265 3143 4336 πρὸς
3165 4265 3342 4316 πᾶσαν
3367 4261 3562 4330 τέχνην
3581 4262 3601 4280 ⁶

1986 4368 2079 4422 καὶ
2105 4368 2282 4419 πᾶσαν
2306 4363 2602 4434 ἐνέργειαν,
2632 4360 2722 4412 τὸν
2759 4361 2900 4410 κατὰ
2934 4353 3168 4423 πόλεμόν
3195 4369 3251 4403 τε
3287 4350 3379 4402 καί
3411 4348 3565 4417 εἰρή-

1986 4479 2083 4531 νην
2113 4457 2328 4525 εὐαφῶς
2352 4454 2605 4524 μετιόντα
2625 4469 2637 4482 ·
2674 4450 2810 4505 ἀλλὰ
2843 4449 2937 4502 καί¹
2972 4447 3077 4518 πρὸ
3097 4442 3204 4498 τῶν
3241 4441 3413 4495 ἄλλων
3444 4439 3563 4531 δια-

1988 4528 2261 4616 φερόντως
2291 4541 2385 4597 τοῦ
2413 4542 2572 4611 λόγου
2602 4539 2761 4611 χάριν
2790 4536 3124 4608 προσέθηκεν
3154 4532 3368 4600 αὐτὰςή
3401 4528 3563 4597 φύσις

1986 4638 2063 4707 τῷ
2091 4635 2325 4706 σώματι.
2357 4635 2419 4687 Εἰ
2471 4632 2578 4703 γὰρ
2615 4633 2837 4702 ἄμοιρος
2866 4628 2974 4681 τῶν
3007 4625 3201 4697 χειρῶν
3231 4621 3563 4689 ὁᾶνθρωπος

1987 4722 2076 4797 ἦν,
2107 4726 2322 4788 πάντως
2352 4723 2417 4777 ἂν
2443 4720 2592 4792 αὐτῷ
2617 4720 2739 4773 καθ’
2765 4718 3054 4789 ὁμοιότητα
3080 4714 3186 4767 τῶν
3215 4708 3562 4781 τετραπόδων

1990 4796 2341 4886 καταλλήλως
2393 4816 2459 4884 τῇ
2515 4812 2615 4883 τῆς
2667 4810 2872 4882 τροφῆς
2908 4808 3065 4879 χρεία
3098 4801 3446 4859 διεσκεύαστο
3468 4796 3562 4886 τοῦ

1995 4905 2284 4978 προσώπου
2339 4903 2405 4957 τὰ
2468 4903 2650 4973 μόρια,
2682 4898 2819 4952 ὥστε
2855 4896 3114 4967 προμήκη
3139 4909 3197 4944 τε
3228 4890 3322 4961 τὴν
3349 4885 3565 4957 μορφὴν

1992 4995 2150 5063 εἰναι,
2192 4997 2283 5050 καὶ
2323 4995 2415 5049 ἐπὶ
2472 4993 2755 5064 μυκτῆρας
2794 4983 3276 5046 ἁπολεπτύνεσθαι,
3311 4979 3405 5033 καὶ
3437 4993 3567 5046 προ-

1993 5089 2283 5159 ϐεϐλῆσθαι
2330 5086 2398 5141 τὰ
2440 5084 2592 5156 χείλη
2623 5080 2715 5136 τοῦ
2747 5080 3010 5149 στόματος
3077 5072 3282 5141 τυλώδη
3321 5068 3413 5121 καὶ
3442 5083 3569 5119 στας

1995 5182 2148 5254 θερὰ,
2176 5182 2269 5234 καὶ
2300 5178 2501 5250 παχέα,
2540 5176 2672 5249 πρὸς
2709 5173 2807 5244 τὴν
2845 5170 3121 5239 ἀναίρεσιν
3154 5166 3249 5234 τῆς
3280 5161 3417 5254 πόας
3449 5161 3570 5211 ἐπι-

1994 5252 2217 5346 τηδείως
2235 5272 2446 5343 ἔχοντα,
2468 5265 2749 5337 ἐγκεῖσθαι
2776 5264 2831 5316 δὲ
2854 5263 2967 5324 τοῖς
2993 5257 3169 5312 ὀδοῦσι
3201 5255 3301 5325 τὴν
3316 5252 3568 5346 γλῶσσαν

1998 5339 2161 5436 ἄλλην
2223 5339 2342 5416 τινὰ
2387 5360 2664 5427 τοιαύτην,
2725 5353 3104 5423 πολύσαρκον,
3150 5347 3245 5399 καὶ
3299 5339 3568 5436 ἁντιτυπῆ

2000 5458 2093 5511 καὶ
2144 5456 2430 5527 τραχεῖαν,
2478 5450 2573 5502 καὶ
2613 5438 3199 5515 συγκατεργαζομένην
3246 5438 3358 5497 τοῖς
3390 5429 3610 5523 ὀδοῦσι.

2002 5549 2062 5602 τὸ
2106 5522 2209 5601 ὐπδ
2382 5541 2566 5597 ὀδόντα
2620 5537 2937 5609 γινόμενονο
2968 5534 3000 5606 ἢ
3031 5531 3203 5604 ὐγρόιν
3236 5547 3293 5582 τε
3331 5525 3424 5581 καί
3455 5522 3574 5577 διας·
