3768 6000
174 219 279 275 H9

1384 227 1471 282 DE
1501 225 1786 284 HOMlNlS
1818 226 2110 285 OPIFICIO

3336 217 3435 276 150

175 331 478 403 κεχυμένην
528 330 671 384 κατά
721 331 788 384 τὰ
821 333 1043 404 πλάγια,
1097 336 1184 389 οἵα
1240 338 1273 407 ἡ
1321 338 1428 392 τῶν
1470 340 1648 393 κυνῶν

1881 356 1968 395 non
1999 342 2145 394 illam
2174 340 2414 411 {quidem
2451 338 2637 404 talem,
2690 337 2837 409 quali
2876 352 3020 391 nunc
3058 337 3283 404 utimur,
3334 337 3430 392 sed

177 424 267 476 καὶ
290 421 397 476 τῶν
417 422 622 475 λοιπῶν
645 423 754 479 τῶν
769 424 1067 498 ὠμοϐόρων
1091 430 1227 493 ἐστὶ,
1246 430 1326 499 τῷ
1346 432 1611 503 καρχάρῳ
1648 433 1758 487 τῶν

176 511 395 564 ὀδόντων
444 513 651 581 μεταξὺ
688 514 793 567 τῶν
824 515 1206 588 διαστημάτων
1241 521 1639 594 ὲνδιαρῤἐουσα.
1695 524 1758 576 Εί

175 597 264 655 οὖν
295 603 371 674 μὴ
403 605 658 675 παρῆσαν
688 607 745 660 αί
772 609 952 678 χεῖρες
977 608 1054 678 τῷ
1085 608 1320 680 σώματι,
1352 612 1467 675 πῶς
1501 612 1566 665 ἂν
1603 612 1760 683 ἔναρ-

176 695 300 764 θρος
340 694 515 764 τούτῳ
564 697 880 767 ὲνετυπὼθη
920 699 1093 770 φωνὴ,
1132 702 1231 771 τῆς
1273 703 1619 773 κατασκευῆς
1649 703 1757 757 τῶν

177 786 312 837 κατὰ
336 784 400 836 τὸ
425 786 602 855 στόμα
632 788 836 858 μορίων
851 790 910 841 ού
933 791 1219 862 συνδιασχη
1230 793 1596 862 ματιζομένης
1620 794 1756 863 πρὸς

175 873 268 944 τὴν
296 874 486 944 χρείαν
522 874 615 929 τοῦ
646 876 916 946 φθόγγου;
959 879 1034 943 ὡς
1061 880 1370 949 ἐπάναγκες
1402 877 1591 952 εἶναιῆ
1629 882 1756 953 βλη-

179 966 376 1035 χᾶσθαι
404 966 641 1033 πάντως,
677 969 709 1038 ἢ
748 971 1035 1041 μηκάζειν,
1067 970 1395 1042 ἢὺλακτεῖν,
1432 972 1464 1043 ἢ
1497 974 1756 1044 χρεμετί-

177 1055 287 1120 ζειν
310 1058 403 1110 τὸν
435 1058 798 1130 ἄνθρωπον,ἢ
831 1060 1033 1130 βουσὶν,
1068 1062 1101 1131 ἢ
1133 1062 1275 1125 ὄνοις
1308 1062 1436 1133 βοᾷν
1468 1064 1757 1134 παραπλή-

181 1165 308 1213 σιον,
344 1150 379 1220 ἦ
408 1168 531 1204 τινα
565 1151 806 1221 θηριώδη
832 1151 1118 1224 μυκηθμὸν
1145 1153 1385 1222 ἀφιέναι.
1411 1154 1546 1207 Νυν1¹
1577 1155 1634 1207 δὲ
1660 1156 1760 1226 τῆς

177 1237 354 1307 χειρὸς
386 1238 696 1311 ὲντεθείσης
717 1239 795 1310 τῷ
815 1239 1047 1310 σώματι,
1078 1240 1332 1312 εύσχολόν
1355 1243 1470 1295 ἐστι
1499 1242 1559 1294 τὸ
1588 1242 1763 1313 στόμα

166 1328 239 1397 τῇ
282 1327 557 1400 ὑπηρεσίᾳ
599 1329 694 1382 τοῦ
748 1330 924 1398 λόγου.
986 1331 1193 1385 Οὐκοῦν
1238 1331 1369 1384 ἴδιον
1413 1332 1510 1403 τῆς
1540 1331 1763 1403 λογικῆς

178 1417 390 1483 φύσεως
427 1420 482 1471 αἱ
516 1421 697 1490 χεῖρες
728 1420 1159 1491 ἀναπεφήνασιν,
1198 1420 1359 1475 οὖτω-
1393 1422 1485 1475 τοῦ
1521 1422 1760 1476 πλάστου

175 1506 257 1559 διὰ
280 1506 490 1561 τούτων
515 1508 904 1578 ἐπινοήσαντος
938 1509 1015 1580 τῷ
1040 1510 1183 1580 λόγῳ
1214 1511 1314 1582 τὴν
1349 1511 1619 1567 εὐκολίαν.

1857 432 1942 486 vel
1983 446 2150 486 carne
2190 431 2450 501 amplam,
2503 428 2756 492 solidam,
2796 444 3065 499 asperam,
3114 444 3235 499 qua:
3272 429 3434 494 quid-

1857 521 1987 592 quid
2015 522 2276 577 dentibus
2311 522 2573 592 injectum
2608 529 2779 586 esset,
2833 535 2941 575 una
2975 535 3099 574 cum
3147 518 3257 573 illis
3286 534 3433 572 com.

1855 609 2163 665 minueret:
2192 610 2277 664 vel
2324 617 2534 675 contra,
2580 610 2793 665 mollem
2847 625 3040 665 versus
3095 609 3285 674 latera,
3318 605 3437 660 flui-

1856 699 2116 770 damque,
2160 700 2473 770 cujusmodi
2507 715 2706 755 canum
2755 700 3205 770 reliquorumque
3233 698 3437 751 anima-

1860 787 1996 841 lium
2039 788 2460 844 crudivororum
2511 790 2696 859 lingua
2725 797 2836 856 est,
2885 804 3006 859 qua:
3032 790 3174 843 inter
3195 788 3435 842 dentium

1863 880 2019 948 quasi
2066 888 2405 936 serratorum
2452 881 2625 936 rimas
2687 881 3025 936 dilIunditur.
3069 880 3437 946 Quamobrem

1863 968 1910 1024 si
1940 983 2134 1023 manus
2165 968 2405 1025 humano
2436 972 2652 1040 corpori
2688 972 2885 1027 addita:
2904 988 3013 1027 non
3049 972 3299 1035 fuissent,
3326 985 3437 1038 quo

1863 1068 2025 1129 pacto
2050 1061 2271 1114 tandem
2303 1064 2535 1132 exprimi
2568 1066 2853 1119 articulata
2885 1067 3040 1135 quasi
3081 1080 3184 1119 vox
3231 1065 3439 1133 potuis-

1864 1157 1967 1213 set,
1995 1152 2246 1220 partibus
2269 1154 2381 1209 oris
2412 1154 2478 1207 ad
2509 1170 2705 1210 sonum
2732 1156 3102 1225 adjuvandum
3157 1170 3265 1208 non
3294 1153 3432 1209 satis

1870 1248 1993 1310 apte
2017 1241 2377 1298 conformatis
2397 1242 2690 1299 ‘tProfecto
2719 1247 2864 1301 enim
2885 1254 2980 1300 aut
3000 1246 3319 1312 balandum,
3345 1254 3440 1300 aut

1868 1334 2307 1402 caprissandum,
2330 1343 2425 1389 aut
2455 1337 2789 1401 latrandum,
2811 1346 2903 1391 aut
2930 1338 3309 1401 hinniendum,
3344 1347 3436 1391 aut

1875 1424 2179 1488 boandum,
2218 1433 2311 1480 aut
2349 1427 2655 1482 rudendum
2690 1428 2897 1483 homini
2951 1427 3165 1494 fuisset,
3203 1437 3296 1482 aut
3323 1443 3440 1481 mu—

1870 1515 2014 1584 gitus
2040 1514 2263 1585 quidam
2296 1518 2599 1572 belluarum
2637 1534 2787 1574 more
2811 1519 3074 1575 edendos.
3124 1518 3279 1574 Nunc
3307 1534 3430 1573 cum

178 1612 369 1651 manus
410 1598 621 1653 homini
665 1599 805 1654 datae
834 1600 965 1666 sint,
1025 1608 1236 1655 tantum
1282 1603 1520 1657 sermoni
1567 1616 1631 1656 os
1674 1603 2032 1671 exprimendo
2074 1606 2313 1661 deservit
2343 1615 2506 1678 atque
2549 1618 2872 1680 occupatur.
2907 1608 3118 1663 Idcirco
3146 1617 3293 1664 recte
3327 1617 3441 1663 sta-

177 1690 365 1755 tuitur,
398 1705 598 1746 manus
620 1707 744 1748 esse
776 1696 1055 1763 proprium
1073 1696 1346 1763 quoddam
1379 1705 1584 1751 natum
1611 1698 1865 1767 loquendi
1894 1699 2149 1755 facultate
2172 1701 2409 1771 prazditae
2439 1704 2886 1770 instrumentum,
2914 1704 3058 1758 hunc
3091 1705 3432 1775 potissimum

178 1785 241 1840 ad
272 1784 437 1841 tinem
469 1787 661 1850 factas,
695 1795 756 1842 ut
787 1805 973 1843 earum
999 1806 1163 1861 opera
1196 1792 1500 1861 expeditior
1528 1794 1582 1847 in
1615 1793 1770 1849 nobis
1803 1795 2071 1851 sermonis
2095 1811 2228 1851 usus
2258 1806 2419 1854 esset.

708 1901 1106 1955 ΚΕΦΑΛΑΙΟΝ
1154 1898 1231 1960 9'.
1254 1926 1259 1931 '

2466 1911 2698 1967 CAPUT
2754 1912 2843 1966 ιχ.
2963 1906 2972 1914 ’

181 1990 296 2042 ὀτι
338 1989 661 2065 timur-mor
708 1992 1174 2065 ιιςατεςνκεινάσθηΔ
1206 1993 1312 2047 τοῦ
1338 1993 1651 2061 ἀνθρώπου

1939 1996 2219 2053 Hominem
2262 2001 2338 2053 sic
2360 2002 2636 2053 conditum
2659 2017 2794 2065 esse,
2820 2010 2878 2053 ut
2909 2001 3265 2053 instrumenta
3302 2000 3371 2051 ad

392 2059 604 2128 σχῆμα
634 2060 787 2128 πρὸς
814 2060 926 2128 τὴν
967 2062 1070 2115 τοῦ
1098 2063 1283 2136 λργου
1305 2059 1531 2132 χρείαν.

255 2149 475 2220 Ἐπειδὴ
529 2151 708 2203 τοίνυν
771 2150 979 2223 θεοειδῆ
1011 2170 1133 2206 τινα
1175 2154 1335 2223 χάριν
1370 2155 1448 2224 τῷ
1485 2156 1760 2224 πλάσματι

180 2240 329 2310 ἡμῶν
357 2243 386 2294 ὁ
411 2243 641 2312 ποιήσας
665 2241 985 2313 δεδώρηται,
1026 2242 1131 2296 τῶν
1162 2244 1306 2298 ίδίων
1342 2246 1562 2314 ἀγαθῶν
1589 2247 1762 2310 ἐνθεὶς

176 2335 237 2403 τῇ
264 2334 435 2387 εἰκόνι
459 2333 558 2396 τάς
578 2333 901 2405 ὁμοιότητας
923 2353 935 2366 ο
955 2335 1043 2389 διὰ
1070 2336 1226 2389 τοῦτο
1246 2337 1313 2390 τὰ
1344 2337 1442 2407 μὲν
1464 2338 1622 2391 λοιπὰ
1654 2338 1760 2391 τῶν

178 2425 394 2492 ἀγαθῶν
429 2424 628 2478 ἔδωκεν
659 2429 724 2479 ὲκ
770 2426 1080 2497 φιλοτιμίας
1124 2430 1190 2497 τῇ
1230 2427 1543 2498 ἀνθρωπίνῃ
1579 2428 1756 2496 φύσει.

179 2516 281 2569 Νοῦ
308 2517 366 2570 δὲ
394 2518 489 2571 καὶ
520 2517 839 2588 φρονήσεως
868 2519 965 2571 οὐκ
994 2518 1108 2571 ἐστι
1143 2518 1346 2589 κυρίως
1378 2520 1551 2571 εἰπεῖν
1574 2520 1654 2571 ὅτι
1680 2520 1763 2571 δέ·

177 2608 363 2674 δωκεν,
390 2609 506 2661 ἀλλ’
531 2609 614 2661 ὅτι
645 2609 936 2679 μετέδωκε,
960 2609 1047 2661 τὸν
1066 2608 1198 2662 ἴδιον
1226 2608 1390 2662 αὑτοῦ
1413 2610 1510 2681 τῆς
1539 2609 1754 2679 φύσεως

180 2701 373 2770 κόσμον
398 2699 674 2753 ἐπιϐαλὼν
702 2704 766 2771 τῇ
792 2702 978 2763 εἰκόνι,
998 2701 1153 2753 Ἐπεὶ
1172 2697 1264 2754 οὖν
1294 2701 1478 2771 νοερόν
1491 2719 1543 2753 τι
1570 2701 1759 2771 χρῆμα

180 2791 263 2842 καὶ
292 2789 589 2859 ἀσώματόν
618 2789 767 2842 ἐστιν
791 2792 819 2843 ὁ
853 2788 999 2855 νοῦς,
1031 2790 1391 2859 ἀκοινώνητον
1416 2791 1480 2844 ἂν
1511 2791 1637 2861 ἔσχε
1667 2792 1765 2862 τὴν

179 2884 329 2953 χάριν
359 2884 457 2936 καὶ
510 2882 761 2951 ἄμικτον,
800 2883 874 2953 μὴ
916 2881 1003 2937 διά
1037 2899 1181 2946 τινος
1227 2883 1469 2945 ἐπινοίας
1505 2900 1768 2953 φανερού-

182 2972 340 3041 μένης
366 2972 536 3026 αὑτοῦ
559 2972 659 3040 τῆς
698 2972 979 3041 κινήσεως,
1007 2972 1206 3025 Τούτου
1242 2972 1400 3043 χάριν
1425 2974 1523 3042 τῆς
1552 2973 1768 3043 ὀργανι-

179 3065 273 3134 λῆς
296 3063 506 3134 ταύτης
535 3062 871 3135 προσεδεήθη
889 3064 1252 3131 κατασκευῆς,
1278 3065 1364 3117 ἵνα
1396 3064 1671 3135 πλήκτρου
1690 3063 1768 3118 δί-

181 3171 273 3224 κην
285 3155 397 3207 τῶν
422 3154 752 3223 φωνητικῶν
770 3153 972 3224 μορίων
1003 3154 1331 3224 ἁπτόμενος,
1362 3154 1449 3207 διὰ
1478 3155 1574 3224 τῆς
1608 3154 1765 3219 ποιᾶς

178 3246 278 3300 τῶν
311 3246 571 3315 φθόγγων
591 3245 886 3307 τυπώσεως
911 3245 1224 3317 ὲρμηνεύσῃ
1243 3245 1343 3316 τὴν
1369 3244 1579 3299 ἔνδοθεν
1614 3246 1766 3316 κίνη-

180 3354 274 3391 σιν.
309 3339 424 3391 Καὶ
445 3337 637 3406 ῶσπερ
680 3354 762 3398 τις
805 3337 1067 3407 μουσικῆς
1106 3335 1367 3408 ἔμπειρος
1395 3335 1492 3398 ὢν,
1524 3336 1588 3390 ἂν
1633 3338 1767 3391 ἰδίαν

177 3429 235 3481 ὲκ
265 3426 477 3490 πάθους
531 3425 606 3497 μὴ
666 3426 778 3496 ἔχοι
827 3427 1028 3496 φωνὴν,
1070 3426 1391 3497 βουλόμενος
1431 3428 1486 3481 δὲ
1527 3429 1768 3500 φανερὰν

180 3518 400 3589 ποιῆσαι
423 3517 523 3589 τὴν
560 3518 892 3587 ἐπιστήμην,
923 3517 1228 3589 ἀλλοτρίαις
1281 3519 1623 3590 ὲμμελῳδοίη
1657 3537 1768 3588 φω.

178 3612 309 3675 ναῖς,
336 3610 409 3662 δι’
440 3609 670 3680 αὐλῶνῆ
698 3608 865 3679 λύρας
890 3608 1224 3679 δημοσιεύων
1253 3610 1351 3680 τὴν
1381 3609 1574 3680 τέχνην
1596 3627 1608 3640 ·
1627 3610 1768 3665 οὕτω

179 3701 268 3753 καὶ
296 3702 326 3753 ὀ
355 3699 700 3771 ἀνθρώπινος
733 3697 877 3764 νοῦς,
916 3698 1271 3752 παντοδαπῶν
1305 3700 1591 3771 νοημάτων
1619 3701 1769 3769 εὐρε-

180 3798 272 3865 τὴς
305 3793 514 3864 ῶν),τῷ
560 3792 636 3864 μὴ
668 3792 928 3845 δύνασθαι
961 3792 1049 3845 διὰ
1092 3791 1419 3863 σωματικῶν
1464 3791 1768 3863 αἰσθήσεων

175 3884 439 3954 ἑπαῖούσῃ
484 3887 552 3954 τῇ
585 3885 733 3954 ψυχῇ
762 3883 1022 3936 δεικνύειν
1038 3884 1134 3945 τὰς
1158 3884 1257 3952 τῆς
1289 3882 1529 3946 διανοίας
1560 3882 1762 3954 ὁρμὰς,

176 3976 430 4045 καθάπερ
476 3992 562 4038 τις
606 3973 884 4044 ἁρμοστὴς
916 3974 1180 4043 ἔντεχνος,
1206 3972 1310 4026 τῶν
1350 3972 1608 4044 ἐμψύχων
1640 3973 1770 4028 τού-

176 4084 277 4119 των
333 4067 590 4137 ὀργάνων
652 4064 971 4134 ἁπτόμενος,
1007 4065 1095 4117 διὰ
1137 4065 1235 4134 τῆς
1282 4065 1339 4116 ὲν
1370 4065 1577 4126 τούτοις
1628 4064 1766 4135 ἠχῆς

176 4158 383 4226 φανερά
440 4157 589 4208 ποιεῖ
638 4155 704 4207 τὰ
752 4154 1112 4223 κεκρυμμένα
1146 4154 1414 4223 νοήματα.
1449 4153 1765 4222 Σύμμικτος

173 4248 223 4301 δέ
244 4265 328 4312 τις
360 4250 397 4318 ἡ
431 4247 666 4318 μουσικὴ
709 4247 837 4317 περὶ
864 4246 922 4298 τὸ
952 4244 1288 4315 ἀνθρώπινον
1332 4245 1563 4315 ὖργανον
1600 4242 1763 4298 αὐλοῦ

177 4340 262 4390 καὶ
277 4338 477 4408 λύρας,
504 4336 694 4406 ῶσπερ
718 4337 777 4387 ὲν
804 4335 1036 4406 συνῳδίά
1068 4334 1176 4387 τινὶ
1208 4333 1349 4387 κατά
1375 4333 1569 4387 ταύτὸν
1599 4333 1763 4404 ἀλλή-

175 4429 278 4493 λοις
340 4427 871 4498 συμφθεγγομένων.
919 4426 991 4479 Τὸ
1019 4427 1117 4497 μὲν
1152 4425 1260 4496 γὰρ
1298 4424 1514 4494 πνεῦμα
1554 4424 1641 4478 διὰ
1668 4426 1763 4496 τῆς

175 4520 467 4591 ἀρτηρίας,
505 4516 616 4572 ἀπὸ
645 4517 752 4570 τῶν
785 4517 1233 4586 πνευματοδόχων
1259 4516 1496 4585 ἀγγείων
1528 4515 1765 4569 ἀνωθού-

178 4627 352 4679 μενον,
406 4611 543 4662 ὅταν
590 4611 624 4678 ὴ
682 4608 827 4677 ὁρμὴ
852 4606 945 4659 τοῦ
992 4597 1362 4685 φθεγγομένου
1411 4606 1547 4674 πρὸς
1585 4605 1766 4676 φωνὴν

134 4748 141 4755 .
176 4700 376 4772 τονώσῃ
403 4701 467 4753 τὸ
490 4700 817 4771 μέρος,ταῖς
843 4696 1051 4750 ἔνδοθεν
1076 4698 1766 4769 προσαρασσόμενονπροσς

176 4792 371 4859 ϐολαῖς,
396 4793 456 4845 αἳ
494 4788 840 4858 κυκλοτερῶς
863 4788 953 4840 τὸν
982 4788 1226 4859 αύλοειδῆ
1243 4788 1430 4841 τοῦτον
1459 4788 1765 4858 διειλήφασι

176 4882 353 4953 πόρον,
371 4880 629 4954 μιμεῖταί
664 4897 779 4943 πως
799 4879 896 4949 τὴν
912 4879 999 4933 διὰ
1016 4879 1109 4932 τοῦ
1142 4879 1307 4933 αὐλοῦ
1337 4881 1630 4950 γινομένην
1656 4898 1766 4947 φω-

175 4972 282 5043 νὴν,
296 4977 421 5037 ταῖς
433 4974 464 5025 ὑ
472 4971 680 5044 μενώδε
687 4987 772 5023 σιν
788 4969 998 5039 ἐξοχαῖς
1018 4974 1075 5023 ὲν
1094 4970 1278 5040 κύκλῳ
1296 4987 1361 5022 πε
1370 4970 1572 5045 ριδονού
1581 4987 1758 5040 μενον.

183 5066 435 5138 ’Υπερῲα
462 5064 522 5119 δὲ
555 5064 649 5118 τὸν
689 5061 937 5116 κάτωθεν
967 5061 1199 5131 φθόγγον
1231 5061 1506 5131 ἐκδέχεται
1534 5061 1612 5132 τῷ
1639 5063 1759 5114 κατ’

171 5159 334 5233 αὐτὴν
361 5157 665 5228 κενώματι,
702 5153 941 5224 διδύμοις
961 5154 1141 5217 αὐλοῖς
1162 5157 1273 5216 τοῖς
1294 5154 1385 5206 ἐπὶ
1410 5154 1535 5216 τοὺς
1554 5153 1760 5222 μυκτῆ-

175 5262 266 5314 ρας
282 5246 556 5317 διήκουσι,
580 5244 678 5297 καὶ
706 5235 821 5295 οἷον
844 5240 1075 5294 λεπίδων
1092 5242 1234 5295 τισὶν
1255 5241 1465 5310 ἐξοχαῖς
1495 5244 1607 5304 τοῖς
1635 5243 1763 5311 περὶ

169 5335 253 5386 τὴν
271 5335 450 5406 ἠθμὸν
477 5334 730 5405 χόνδροις
758 5330 858 5400 τὴν
890 5332 1071 5400 φωνὴν
1102 5330 1509 5401 περισχίζουσα,
1539 5346 1766 5398 γεγωνο-

167 5425 327 5495 τὲραν
355 5427 458 5498 τὴν
481 5426 624 5496 ἠχὴν
648 5419 1043 5493 ἀπεργάζεται.
1069 5420 1277 5491 Παρειά
1300 5421 1374 5482 δὲ,
1405 5421 1498 5473 καὶ
1519 5420 1759 5488 γλῶσσα,

169 5516 257 5568 καὶ
293 5518 328 5587 ἡ
367 5518 495 5588 περὶ
550 5516 644 5569 τὸν
677 5513 939 5582 φάρυγγα
963 5511 1243 5581 διασκευὴ,
1274 5511 1392 5563 καθ’
1425 5510 1491 5581 ἢν
1522 5513 1549 5562 ὁ
1588 5510 1760 5563 ἀνθε-

166 5605 302 5674 pain
320 5607 662 5679 ὐποχαλᾶται
688 5602 1108 5693 κοιλαινόμενος,
1139 5604 1230 5657 καὶ
1260 5601 1524 5668 ὀξυτονῶν
1551 5600 1755 5655 ἐπιτεί⁹

2218 2086 2506 2124 sermonem
2540 2072 2839 2124 necessaria
2878 2069 3086 2124 habeat.

1943 2155 2167 2212 Donavit
2211 2158 2376 2229 igitur
2409 2160 2614 2214 homini
2645 2161 2867 2215 condito
2902 2174 3085 2215 rerum
3112 2158 3316 2213 Auctor
3356 2156 3441 2210 di-

1866 2248 2045 2301 vinam
2090 2250 2380 2319 quamdam
2408 2250 2661 2319 gratiam,
2693 2249 2882 2304 inditis
2922 2248 3144 2316 imagini
3181 2247 3343 2302 bonis
3373 2246 3441 2301 iis

1867 2353 1987 2406 quae
2022 2340 2259 2408 propriis
2286 2340 2462 2409 ipsius
2487 2340 2644 2393 bonis
2676 2347 2805 2394 sunt
2839 2337 3170 2393 consimilia.
3192 2338 3268 2390 Ac
3299 2336 3440 2389 bona

1868 2429 2085 2499 quidem
2133 2438 2327 2485 uetera
2370 2440 2581 2484 naturae
2624 2429 2865 2484 hominis
2912 2445 2977 2482 ex
3022 2442 3170 2481 mera
3203 2424 3441 2494 magniﬁv

1868 2520 2051 2575 centia
2103 2521 2341 2582 tribuit:
2378 2530 2615 2576 mentem
2661 2535 2788 2574 vero
2826 2519 3284 2591 prudentiamque
3328 2531 3439 2569 non

1868 2611 2090 2681 proprie
2117 2611 2301 2666 datam
2333 2611 2600 2677 dicemus,
2639 2613 2734 2666 sed
2766 2626 2892 2664 eum
2938 2609 3157 2664 homine
3191 2623 3439 2662 commu-

1871 2702 2106 2755 nicatam
2149 2720 2161 2754 :
2197 2701 2409 2757 volente
2453 2700 2711 2760 nimirum
2754 2699 2865 2755 Deo
2925 2700 3167 2754 debitum
3236 2706 3442 2751 natura:

1872 2805 1985 2845 sua:
2017 2790 2119 2843 soli
2146 2796 2401 2843 ornatum
2431 2790 2652 2860 imagini
2686 2788 3048 2843 circumdare.
3090 2787 3239 2842 Mens
3279 2802 3442 2856 porro

1872 2896 1994 2937 cum
2044 2881 2211 2934 animi
2259 2889 2468 2935 tantum
2519 2881 2879 2951 intelligentia
2922 2880 3436 2950 comprehendatur,

1875 2987 2151 3042 corporeae
2198 2972 2405 3026 scilicet
2438 2987 2646 3040 expers,
2686 2971 2930 3025 materiei
2966 2989 2977 3024 :
3013 2969 3290 3041 habitura
3313 2982 3441 3036 pro-

1875 3061 2017 3118 fecto
2049 3062 2381 3132 praestantiae
2427 3077 2545 3116 sum
2589 3062 2732 3116 dona
2765 3062 2845 3115 sic
2890 3068 3028 3125 erat,
3087 3067 3232 3113 utea
3288 3059 3436 3111 nulla

1874 3171 1997 3210 cum
2029 3170 2088 3209 re
2121 3138 2685 3218 communicarentur,
2720 3155 2825 3208 nisi
2863 3154 3081 3207 inventa
3115 3152 3252 3205 ratio
3285 3164 3436 3220 quae.

1875 3247 1999 3302 dam
2033 3255 2200 3309 esset,
2238 3261 2345 3316 qua
2383 3252 2566 3300 motus
2600 3247 2773 3316 ipsius
2814 3247 2969 3316 quasi
3011 3245 3309 3314 patelicret.
3343 3241 3443 3296 Id-

1876 3339 2027 3392 circo
2075 3346 2194 3394 erat
2243 3353 2382 3407 opus
2434 3337 2730 3391 artificiosa
2772 3337 3258 3390 instrumentorum
3295 3342 3441 3388 stru-

1876 3442 2053 3497 ctura,
2103 3446 2212 3500 quo
2260 3445 2414 3484 mens
2439 3439 2620 3499 partes
2653 3430 2779 3482 voci
2808 3427 3106 3482 formandae
3136 3426 3441 3480 destinatas

1877 3530 2135 3592 tanquam
2186 3523 2451 3588 plectrum
2488 3519 2708 3585 feriens,
2758 3520 2907 3573 sonis
2943 3527 3092 3573 certo
3143 3515 3302 3570 modo
3346 3531 3444 3569 ex-

1874 3616 2079 3686 pressis
2172 3621 2378 3668 motum
2424 3629 2583 3668 suum
2627 3611 2944 3667 interiorem
2998 3613 3320 3678 exponeret.
3366 3607 3444 3659 Ae

1875 3704 2334 3776 quemadmodum
2367 3703 2413 3757 si
2442 3703 2568 3773 quis
2596 3701 2818 3757 musicae
2837 3701 3059 3775 peritus,
3084 3714 3181 3756 sua
3217 3698 3441 3768 quidem

1874 3812 2006 3853 voce
2033 3796 2166 3851 vitio
2195 3792 2431 3865 quodam
2480 3792 2826 3856 destituatur,
2867 3800 3039 3847 artem
3074 3804 3206 3846 vero
3246 3790 3447 3844 nihilo:

1875 3887 2058 3941 minus
2091 3894 2369 3941 ostentare
2399 3882 2549 3945 velit,
2588 3889 2648 3935 ut
2696 3896 2827 3954 ergo
2872 3883 2961 3937 hic
2997 3882 3256 3938 ascititiis
3299 3881 3443 3935 voci.

1874 3978 1979 4034 bus
2010 3978 2288 4048 eleganter
2337 3977 2533 4041 utitur,
2585 3975 2668 4031 vel
2708 3976 2821 4046 lyra
2851 3974 2936 4029 vel
2974 3973 3129 4038 tibia,
3177 3982 3471 4043 quantum_

1875 4077 1991 4125 arte
2024 4070 2218 4133 valeat,
2257 4067 2640 4123 demonstrans
2673 4085 2684 4120 ε
2715 4067 2796 4121 sic
2838 4080 2993 4120 mens
3056 4066 3292 4118 humana
3344 4080 3439 4115 va-
3534 4122 3541 4125 Α

1872 4162 2079 4215 riarum
2146 4159 2419 4214 rationum
2472 4159 2815 4228 indagatrix,
2869 4172 2994 4211 cum
3050 4156 3439 4225 cogitationum

1872 4267 2092 4308 suarum
2124 4252 2349 4307 ccnsilia
2389 4265 2498 4304 non
2529 4252 2703 4319 possit
2741 4249 2926 4303 animo
2959 4247 3191 4316 aperire,
3219 4245 3311 4315 qui
3347 4260 3441 4314 per

1872 4351 2127 4398 externos
2161 4356 2358 4396 sensus
2388 4355 2476 4395 res
2512 4338 2777 4408 percipit:
2817 4337 2962 4391 velut
3016 4334 3324 4390 industrius
3350 4348 3439 4386 ar-

1874 4434 2005 4488 tifex
2036 4433 2275 4488 animata
2306 4445 2512 4502 organa
2547 4429 2748 4499 pulsat,
2785 4442 2989 4497 perque
3018 4425 3227 4482 editum
3260 4424 3439 4478 abhis

1872 4537 2065 4579 sonum
2098 4521 2311 4577 abditas
2343 4520 2703 4591 cogitationes
2726 4533 2855 4574 suas
2882 4517 3159 4587 patefacit.
3200 4515 3294 4570 Est
3333 4529 3440 4568 au—

1869 4621 1978 4669 tem
2011 4613 2069 4667 in
2099 4613 2202 4666 hoc
2245 4611 2494 4680 hominis
2544 4610 2909 4665 instrumento
2955 4608 3245 4662 commista
3285 4620 3433 4673 quae—

1871 4705 1993 4760 dam
2028 4704 2175 4759 tibia:
2207 4703 2445 4774 lyraeque
2475 4703 2703 4764 musica,
2725 4716 2832 4755 non
2869 4700 3028 4755 aliter
3054 4706 3218 4767 atque
3241 4696 3288 4751 si
3323 4695 3438 4749 haec

1870 4796 1978 4851 duo
2019 4802 2208 4849 mutuo
2250 4800 2515 4848 concentu
2572 4799 2959 4848 consonarent.
3012 4787 3145 4842 Nam
3210 4785 3437 4852 spiritus

1869 4903 1964 4957 per
2029 4885 2288 4941 arteriam
2328 4900 2394 4939 ex
2451 4883 2621 4949 vasis,
2671 4883 2872 4952 quibus
2926 4882 3041 4950 ipse
3100 4877 3433 4939 continetur,

1870 4994 2088 5033 sursum
2157 4976 2445 5043 impulsus,
2513 4975 2736 5030 homine
2810 4974 3065 5027 locuturo
3126 4967 3431 5022 membrum

1868 5070 2066 5138 ipsum,
2098 5073 2158 5120 ut
2187 5080 2377 5121 vocem
2413 5064 2557 5127 edat,
2607 5065 2805 5135 cupide
2849 5061 3007 5132 quasi
3061 5058 3377 5114 intendente
3415 5076 3431 5114 :

1869 5170 1979 5213 tum
2010 5158 2174 5229 igitur
2221 5156 2450 5227 spiritus
2483 5155 2553 5211 ad
2587 5154 2875 5209 interiores
2918 5149 3134 5204 arteria:
3175 5148 3435 5204 commis-

1870 5266 2028 5306 suras
2068 5248 2265 5312 illisus,
2325 5260 2445 5315 quae
2497 5253 2734 5299 meatum
2790 5243 2942 5296 illum
2989 5241 3137 5295 tibia:
3198 5240 3436 5295 similem

1868 5340 2014 5395 omni
2044 5353 2108 5392 ex
2153 5345 2305 5407 parte
2348 5335 2650 5398 continent,
2695 5332 2842 5388 tibiae
2878 5346 3075 5386 sonum
3108 5330 3269 5384 modo
3297 5343 3434 5399 quo-

1870 5431 1991 5485 dam
2024 5428 2291 5493 imitatur,
2332 5425 2575 5494 undique
2604 5440 2700 5495 per
2743 5422 3006 5494 quasdam
3053 5421 3219 5477 veluti
3266 5420 3433 5474 strias

1865 5519 2240 5575 membraneas
2274 5517 2525 5588 agitatus.
2548 5516 2748 5570 Deinde
2774 5516 3010 5584 palatum
3039 5511 3301 5582 capedine
3333 5522 3430 5562 sua

1862 5619 2033 5662 vacua
2068 5620 2262 5663 sonum
2304 5605 2372 5662 ab
2404 5604 2513 5660 imo
2558 5606 2867 5660 tendentem
2912 5600 3213 5671 excipiens,
3251 5594 3430 5667 gemi-
