3768 6000
341 215 432 270 ιιιι

1571 228 1626 282 S.
1669 227 1997 287 GRECOﬂll
2055 230 2347 290 NYSSENI

3488 241 3597 298 152

339 333 426 383 nis
449 328 698 382 eumdem
726 327 922 386 fistulis
965 330 1031 386 ad
1064 345 1228 389 nares
1273 335 1698 404 pertinentibus,
1743 348 1895 411 atque

2078 323 2190 398 rat"
2233 347 2406 399 ταῦτα
2469 343 2645 399 πάντα
2695 345 2792 417 τὴν
2829 345 2886 399 ὲν
2924 347 3040 410 ταῖς
3087 349 3300 418 νευραῖς
3331 351 3424 406 τοῦ
3455 353 3602 429 πλή-

333 421 498 472 etiam
522 420 613 472 illa
641 421 984 492 cartilagine,
1029 439 1152 494 quae
1185 425 1238 479 id
1288 428 1433 496 quod
1479 430 1662 484 colum
1711 445 1908 489 vocant

327 510 732 579 complectitur,
767 520 1022 583 tanquam
1065 530 1164 584 per
1213 531 1474 587 squamas
1506 521 1758 575 nonnihil
1807 538 1904 578 ex-

330 609 542 657 stantes
566 602 637 656 ita
668 605 982 674 disrumpit,
1016 617 1077 660 ut
1102 624 1204 663 vox
1228 610 1386 680 longe
1408 611 1609 666 clarior
1624 613 1901 670 reddatur.

329 688 492 744 Cena:
520 706 704 761 porro,
762 701 815 748 et
847 694 1050 765 lingua,
1085 707 1141 749 et
1175 696 1411 751 faucium
1450 706 1726 753 structura
1750 701 1897 754 circa

329 798 492 851 quam
541 792 781 838 mentum
841 787 894 839 in
954 786 1185 841 formam
1226 804 1522 846 concavam
1566 791 1895 860 explicatum

331 872 549 927 tandem
613 875 669 927 in
735 890 965 932 acumen
1016 877 1222 932 desinit
1257 894 1268 930 :
1303 881 1418 934 haec
1462 896 1594 950 ergo
1636 882 1896 938 universa

2012 453 2176 503 κτρου
2199 437 2413 508 κίνησιν
2437 437 2785 508 ὑποκρίνεται
2816 439 3073 502 ποικίλως
3107 441 3200 493 καὶ
3222 442 3598 514 πολυτρόπως,

2008 527 2101 578 ἐπὶ
2131 529 2322 598 καιροῦ
2376 529 2472 581 σὺν
2523 528 2701 598 πολλῷ
2731 528 2810 598 τῷ
2839 529 2991 598 τάχει
3022 527 3432 602 μεθαρμόζοντα
3460 539 3603 608 πρὸς

2007 617 2106 687 τὴν
2158 619 2347 688 χρείαν
2405 621 2533 682 τοὺς
2582 621 2788 682 τόνους.
2834 619 3070 674 Χειλέων
3100 621 3156 674 δὲ
3198 621 3448 696 διαστολὴ
3503 635 3601 683 καὶ

2007 709 2266 778 ἐπίμυσις
2297 711 2491 764 ταύτὸν
2521 714 2665 764 ποιεῖ
2691 714 2801 774 τοῖς
2825 710 2910 764 διὰ
2938 711 3046 764 τῶν
3075 712 3350 766 δακτύλων
3372 715 3605 784 ἐπιλαμ·

2007 797 2225 853 σάνουσι
2270 801 2363 854 τοῦ
2409 801 2572 854 αὐλοῦ
2599 801 2661 855 τὸ
2691 799 2927 872 πνεῦμα,
2964 804 3056 854 καὶ
3080 803 3179 873 τὴν
3208 804 3472 874 ἁρμονίαν
3501 805 3600 858 τοῦ

2007 887 2220 957 μέλους.

326 965 515 1034 plectri
557 966 609 1020 in
650 967 844 1022 (ilibus
880 976 1084 1059 motum
1120 973 1269 1025 varie
1313 973 1793 1043 multipliciterque
1833 988 2270 1045 repraesentant:
2310 992 2364 1037 et
2404 999 2597 1055 magna
2645 985 2944 1051 celeritate,
2991 995 3152 1055 prout
3194 1003 3282 1042 res
3332 991 3592 1059 postulat,

327 1069 518 1108 vocum
549 1062 709 1110 tonos
759 1065 990 1112 mutant.
1045 1056 1337 1114 Labiorum
1377 1061 1613 1132 denique
1650 1063 1986 1130 diductione,
2032 1072 2460 1140 eorumdemque
2497 1077 2737 1131 vicissim
2788 1077 3196 1146 compressione
3233 1056 3603 1144 sic‘utimur,

330 1156 386 1202 ut
417 1147 612 1202 musici
639 1148 932 1217 digitorum
964 1167 1127 1222 opera
1153 1153 1402 1223 spiritum
1438 1155 1492 1207 in
1536 1155 1754 1220 fistulis,
1784 1165 1838 1212 et
1859 1167 2054 1216 cantus
2085 1164 2222 1218 adeo
2270 1165 2608 1221 harmoniam
2643 1167 3014 1222 moderantur.

953 1264 1188 1320 CAPUT
1230 1265 1298 1321 Χ.

731 1355 961 1410 Mentem
985 1372 1076 1426 per
1103 1373 1288 1411 sensus
1323 1375 1492 1428 agere.

398 1449 514 1506 Hoc
537 1451 700 1522 igitur
739 1460 899 1521 pacto
927 1460 1110 1507 mente
1143 1467 1238 1522 per
1263 1453 1542 1522 opiﬁcium
1572 1455 1896 1524 organicum

2557 1281 2949 1335 ΚΕΦΑΛΑΙΟΝ
2997 1281 3052 1336 I'.

2151 1372 2278 1425 ’Ὁτι
2313 1370 2411 1426 διὰ
2449 1371 2566 1426 τῶν
2594 1373 2940 1440 αἰσθήσεων
2981 1378 3012 1427 ό
3037 1373 3182 1440 νοῦς
3206 1374 3450 1444 ἐνεργεῖ.

2078 1458 2234 1512 Οὕτω
2287 1461 2463 1514 τοίνυν
2520 1461 2614 1514 τοῦ
2649 1461 2739 1514 νοῦ
2781 1462 2868 1515 διὰ
2911 1463 3010 1532 τῆς
3062 1464 3358 1534 ὀργανικῆς
3393 1463 3604 1534 ταύτης

330 1556 641 1598 sermonem
699 1543 753 1597 in
813 1542 974 1598 nobis
1030 1545 1190 1613 quasi
1248 1543 1584 1610 modulante,
1639 1547 1895 1616 loquendi

2079 1551 2348 1621 τασκευῆς
2376 1553 2432 1603 ἐν
2461 1554 2591 1623 ἡμῖν
2613 1553 3076 1622 μουσουργοῦντος
3111 1554 3202 1606 τὸν
3239 1554 3418 1622 λόγον,
3449 1553 3604 1621 λογι-

330 1632 649 1688 facultatem
695 1634 876 1704 adepti
917 1649 1110 1690 sumus
1157 1655 1168 1690 :
1213 1651 1322 1706 quo
1356 1636 1557 1707 insigni
1588 1638 1732 1694 dono
1759 1640 1902 1694 cari-

330 1725 438 1777 turi
471 1739 713 1789 eramus,
782 1725 827 1780 si
883 1741 1046 1795 grave
1101 1728 1506 1798 molestumque
1553 1732 1905 1801 comparandi

328 1818 570 1872 humano
634 1817 851 1886 corpori
904 1829 1092 1886 pastus
1143 1818 1424 1886 negotium
1493 1819 1661 1876 labris
1719 1821 1905 1876 datum

329 1909 545 1964 fuisset.
605 1907 944 1963 Nunc'cum
998 1909 1052 1963 id
1107 1907 1266 1963 oﬂicii
1318 1910 1576 1965 manibus
1622 1911 1902 1982 obtigerit,

326 2001 475 2054 nulla
519 2016 584 2055 ex
617 2001 720 2055 alia
760 2016 818 2056 re
867 2016 929 2056 os
971 2002 1231 2070 occupari
1287 2017 1512 2058 necesse
1550 2009 1654 2068 est,
1708 2004 1815 2060 nisi
1845 2011 1905 2058 ut

329 2107 638 2146 sermonem
673 2108 838 2161 quam
883 2092 1170 2162 aptissime
1197 2091 1432 2162 efﬁngat.
1473 2094 1650 2163 Atque
1689 2104 1772 2150 est
1803 2094 1905 2148 hu-

324 2184 418 2251 jus
450 2184 640 2253 organi
665 2183 864 2253 duplex
905 2184 1124 2253 quidem
1169 2198 1326 2247 usus,
1361 2185 1500 2239 alter
1529 2185 1582 2238 in
1616 2185 1904 2240 efﬁciendo

328 2287 483 2337 sono,
515 2274 653 2328 alter
685 2273 739 2328 in
771 2275 1101 2344 recipiendis
1138 2275 1246 2330 illis
1280 2276 1607 2346 rebus,quas
1627 2291 1716 2330 res
1747 2284 1903 2330 extra

328 2381 431 2422 nos
455 2367 661 2435 positas
691 2366 1128 2422 consideramus.
1172 2365 1374 2420 Harum
1435 2375 1618 2421 autem
1668 2365 1902 2421 faculta-

329 2465 443 2509 tum
468 2463 660 2510 neutra
698 2470 822 2509 cum
867 2455 1036 2509 altera
1079 2455 1380 2509 miscetur:
1413 2453 1508 2508 sed
1553 2455 1809 2522 quaelibet
1849 2455 1902 2510 id

329 2547 460 2618 agit,
489 2547 557 2601 ad
579 2545 727 2616 quod
761 2561 790 2598 a
823 2555 1018 2600 natura
1052 2553 1136 2600 est
1156 2546 1448 2600 destinata.
1487 2544 1695 2599 Idcirco
1725 2562 1902 2616 neque

330 2639 556 2692 auditus
612 2637 880 2706 loquitur,
922 2653 1099 2707 neque
1145 2653 1251 2692 vox
1294 2635 1472 2699 audit,
1525 2653 1700 2707 neque
1732 2637 1902 2693 altera

331 2729 526 2782 harum
556 2724 842 2799 perturbat
882 2729 1130 2784 alteram.
1165 2729 1302 2782 Nam
1348 2745 1451 2783 vox
1495 2729 1715 2800 quidem
1761 2745 1902 2785 sem-

332 2835 429 2888 per
465 2820 670 2889 aliquid
700 2821 900 2876 emittit
935 2861 949 2884 ,
993 2827 1295 2890 contraque
1334 2820 1554 2875 auditus
1585 2834 1901 2891 quanquam

2009 1642 2093 1694 κοὶ
2118 1642 2438 1712 γεγόναμεν,
2468 1643 2567 1695 οὐκ
2590 1642 2672 1706 ἂν,
2701 1643 2776 1706 ὠς
2806 1639 2979 1714 οἶμαι,
3025 1643 3236 1713 ἔχοντες
3263 1645 3361 1714 τὴν
3391 1643 3482 1695 τοῦ
3513 1644 3604 1697 λό-

2007 1747 2103 1799 γου
2135 1731 2313 1802 χάριν,
2346 1734 2393 1785 εἰ
2423 1733 2484 1786 τὸ
2525 1733 2660 1804 βαρύ
2691 1751 2748 1787 τε
2796 1735 2889 1787 καὶ
2920 1734 3172 1787 ἐπίπονον
3203 1735 3301 1804 τῆς
3330 1734 3469 1786 κατά
3500 1733 3603 1805 τὴν

2010 1821 2211 1892 βρῶσιν
2263 1821 2512 1892 λατρείας
2574 1824 2684 1885 τοῖς
2741 1822 2941 1892 χείλεσι
2980 1823 3116 1892 πρὸς
3158 1824 3255 1893 τὴν
3284 1821 3472 1892 χρείαν
3502 1822 3600 1874 τοῦ
3687 1875 3698 1888 δ

2010 1912 2259 1981 σώματος
2289 1912 2633 1982 ἐπορίζομεν.
2683 1913 2819 1965 Νυνὶ
2849 1914 2904 1966 δὲ
2943 1913 3040 1984 τὴν
3070 1911 3326 1982 τοιαύτην
3352 1913 3600 1983 λειτουρ-

2005 2002 2128 2072 γίαν
2161 2003 2217 2055 αἰ
2261 2005 2441 2073 χεῖρες
2487 2004 2567 2066 εἰς
2596 2004 2793 2067 ἑαυτὰς
2833 2005 3250 2072 μετενέγκασαι,
3292 2002 3597 2072 εὖθετοντῇ

2007 2094 2280 2164 ὑπηρεσίᾳ
2321 2093 2414 2146 τοῦ
2464 2094 2622 2162 λόγου
2674 2094 2734 2146 τὸ
2779 2095 2951 2166 στόμα
2988 2096 3297 2150 κατέλιπον.
3341 2093 3516 2162 Διπλῆ
3542 2093 3601 2146 δὲ

2006 2186 2134 2255 περὶ
2173 2185 2234 2237 τὸ
2283 2185 2510 2256 ὄργανον
2543 2187 2576 2254 ἡ
2608 2185 2854 2256 ἐνέργεια
2879 2205 2890 2217 ·
2927 2190 2960 2257 ἡ
2997 2187 3094 2257 μὲν
3150 2187 3282 2256 πρὸς
3336 2184 3602 2255 ἐργασίαν

2005 2275 2162 2345 ἠχῆς,
2191 2277 2224 2345 ἡ
2250 2275 2304 2327 δὲ
2322 2275 2456 2345 πρὸς
2490 2277 2754 2346 ὑποδοχὴν
2777 2277 2884 2330 τῶν
2913 2277 3111 2341 ἔξωθεν
3144 2275 3450 2346 νοημάτων.
3486 2274 3602 2327 Καὶ

2005 2366 2104 2418 οὐκ
2141 2367 2490 2435 ἐπιμίγνυται
2509 2367 2644 2437 πρὸς
2675 2367 2772 2438 τὴν
2804 2369 3046 2439 ὲτέρανή
3073 2368 3229 2437 ἄλλη,
3257 2366 3392 2419 ἀλλὰ
3412 2381 3599 2434 παρα-

2009 2455 2158 2525 μένει
2197 2458 2261 2526 τῇ
2314 2458 2584 2527 ἐνεργείᾳ.
2618 2458 2701 2526 ἐφ’
2798 2458 2998 2528 ἐτάχθη
3046 2460 3196 2528 παρὰ
3229 2458 3327 2528 τῆς
3359 2456 3599 2525 φύσεως,

2003 2549 2103 2600 οὐκ
2139 2547 2425 2617 ἐνοχλοῦσα
2455 2552 2519 2618 τῇ
2554 2550 2776 2615 γείτονι,
2811 2549 2933 2602 οὔτε
2964 2551 3061 2620 τῆς
3095 2551 3263 2619 ἀκοῆς
3307 2549 3598 2615 λαλούσης,

2004 2635 2126 2692 οὔτε
2153 2636 2252 2706 τῆς
2282 2638 2462 2707 φωνῆς
2502 2638 2824 2708 ἀκουούσης.
2870 2639 2932 2690 Ἢ
2975 2640 3072 2708 μὲν
3113 2639 3226 2707 γὰρ
3262 2639 3346 2691 ἀεί
3378 2655 3431 2688 τι
3462 2637 3605 2690 πάν-

2004 2745 2109 2789 τως
2121 2729 2388 2797 προΐεται,
2407 2729 2440 2795 ἡ
2459 2727 2512 2778 δὲ
2538 2727 2674 2796 ἀκοὴ
2699 2727 2959 2798 δεχομένη
2976 2727 3236 2798 διηνεκῶς
3267 2727 3365 2778 οὐκ
3386 2723 3604 2794 ἐμπίμ-

2005 2819 2225 2884 πλαται,
2279 2818 2458 2882 καθώς
2509 2821 2640 2890 φησί
2685 2838 2786 2872 που
2823 2820 3072 2890 Σολομῶν
3095 2835 3106 2849 ·
3139 2819 3166 2871 ὃ
3214 2837 3302 2888 μοι
3334 2818 3605 2871 δοκεῖκαὶ

329 2917 592 2980 perpetuo
627 2911 877 2980 recipiat,
916 2925 1195 2980 nunquam
1219 2919 1399 2964 tamen
1431 2911 1689 2980 repletur,
1717 2925 1895 2982 quem-

2078 2911 2246 2963 ιλιστα
2274 2909 2380 2962 τῶν
2433 2911 2489 2963 ἐν
2537 2913 2666 2980 ἡμῖν
2701 2909 2848 2974 ἄξιον
2889 2905 3026 2962 εἶναι
3073 2912 3166 2962 καὶ
3197 2907 3598 2978 Θαυμάζεσῦαι·

332 3003 625 3057 admodum
661 3002 880 3057 Salomo
913 3003 1113 3057 alicubi
1147 3001 1390 3072 loquitur
1411 3003 1620 3069 ".Quae
1651 3018 1739 3058 res
1767 3003 1902 3057 mihi

333 3095 568 3150 maxime
593 3095 647 3150 in
679 3096 838 3150 nobis
874 3096 1236 3151 admiratione
1271 3097 1434 3167 digna
1478 3096 1716 3161 videtur,
1771 3110 1894 3166 qua:

332 3187 590 3240 nimirum
629 3186 719 3239 illa
764 3187 836 3242 sit
880 3187 1160 3243 interioris
1198 3196 1402 3243 nostra:
1442 3187 1761 3257 capacitatis
1798 3201 1907 3240 am-

334 3278 566 3347 plitudo,
603 3279 658 3332 in
697 3293 862 3348 quam
904 3279 1088 3333 omnia
1125 3294 1220 3349 per
1259 3279 1510 3332 auditum
1558 3277 1739 3332 infusa
1774 3293 1907 3332 cons.

336 3371 540 3436 fluunt;
595 3371 689 3442 qui
745 3372 856 3427 sint
905 3370 1063 3441 quasi
1115 3386 1146 3424 a
1196 3370 1629 3434 commentariis,
1671 3385 1904 3440 quorum

333 3477 499 3530 opera
552 3463 948 3532 consignentur
989 3477 1053 3518 ea
1101 3477 1223 3532 qua:
1275 3462 1332 3516 in
1373 3477 1535 3518 aures
1577 3471 1904 3531 penetrant;

333 3567 456 3621 quae
489 3553 835 3623 receptacula
870 3554 980 3608 sint
1041 3568 1222 3608 rerum
1250 3553 1440 3607 auditu
1501 3561 1906 3622 perceptarum,

333 3658 444 3714 quo
474 3654 632 3714 pacto
663 3643 777 3700 fieri
811 3645 1010 3715 possit,
1055 3656 1115 3698 ut
1143 3659 1269 3699 cum
1300 3643 1436 3699 adeo
1475 3645 1645 3698 multa
1683 3654 1736 3700 et
1756 3645 1907 3698 varia

334 3734 722 3801 immittantur,
782 3749 888 3788 non
928 3734 983 3788 in
1038 3734 1398 3788 collocatione
1436 3749 1618 3788 rerum
1677 3733 1906 3788 aliarum

333 3839 502 3894 super
541 3825 676 3877 alias
710 3823 965 3878 confusio
1003 3838 1067 3877 ac
1107 3825 1448 3892 perturbatio
1489 3827 1737 3893 quaedam
1786 3841 1912 3880 con-

337 3918 530 3986 tingat.
584 3915 731 3970 ldem
757 3925 810 3970 et
843 3914 896 3968 in
940 3915 1199 3970 facultate
1239 3917 1459 3972 vidente
1497 3918 1550 3970 in
1595 3917 1911 3970 admiratio-

337 4021 460 4061 nem
489 4007 656 4060 venit.
687 4003 824 4058 Nam
854 4012 909 4060 et
940 4021 1036 4075 per
1059 4005 1202 4059 hanc
1231 4005 1395 4060 modo
1441 4008 1680 4074 quodam
1731 4006 1912 4060 consi-

340 4098 456 4151 mili
483 4111 636 4151 mens
675 4096 914 4150 extraria
966 4095 1288 4165 prehendit,
1340 4098 1684 4166 receptisque
1729 4112 1910 4151 rerum

340 4189 718 4260 apparentium
753 4188 1085 4250 simulacris,
1141 4188 1344 4244 formas
1376 4203 1566 4242 eorum
1596 4203 1718 4258 qua:
1762 4189 1910 4243 cerni

339 4286 570 4348 possunt
591 4279 729 4348 apud
763 4294 884 4334 sese
913 4277 1176 4348 depingit.
1205 4278 1382 4347 Atque
1412 4286 1471 4331 ut
1502 4278 1556 4330 in
1581 4278 1758 4348 ampla
1776 4292 1914 4348 qua-

339 4369 463 4424 dam
485 4369 639 4432 urbe,
670 4385 790 4438 qum
831 4385 928 4441 per
965 4370 1210 4424 diversos
1239 4370 1423 4424 aditus
1471 4370 1720 4426 homines
1752 4371 1913 4426 adve-

342 4460 554 4514 nientes
605 4461 817 4528 recipit,
868 4477 978 4515 non
1031 4476 1198 4515 unum
1253 4461 1545 4531 quemdam
1605 4463 1673 4516 ad
1731 4463 1912 4518 locum

341 4567 533 4607 omnes
562 4562 925 4615 concurrunt,
958 4554 1052 4609 sed
1094 4555 1232 4610 alios
1262 4555 1448 4610 videre
1475 4563 1559 4610 est
1595 4557 1660 4610 ad
1707 4558 1907 4622 forum,

342 4644 480 4698 alios
514 4643 569 4697 in
593 4642 756 4708 azdes,
795 4644 933 4700 alios
963 4646 1030 4700 ad
1057 4647 1301 4708 comitia,
1345 4647 1570 4717 plateas,
1603 4648 1910 4720 angiporta,

341 4734 574 4800 theatra,
600 4747 872 4803 quemque
897 4735 981 4789 sui
1005 4750 1071 4790 ex
1097 4736 1266 4790 animi
1297 4739 1589 4802 sententia,
1606 4740 1913 4806 tendentes,

339 4829 415 4880 ita
427 4835 481 4881 et
497 4829 698 4882 mentis
718 4827 999 4897 oppidum,
1019 4829 1164 4898 quod
1181 4837 1265 4885 est
1279 4830 1420 4886 intra
1436 4847 1537 4887 nos
1550 4840 1914 4900 exstructum,

342 4919 546 4974 diversi
610 4918 830 4988 quidem
873 4934 1134 4975 sensuum
1183 4922 1544 4993 aditusquasi
1607 4927 1918 4996 complent;

343 5024 496 5064 mens
525 5018 703 5064 tamen
727 5009 794 5066 de
818 5010 1048 5082 singulis
1074 5027 1195 5081 qure
1216 5014 1623 5083 ingrediuntur,
1647 5016 1918 5085 judicium

342 5102 569 5166 faciens.
602 5110 656 5158 et
687 5103 742 5156 in
782 5103 1036 5173 quaelibet
1073 5103 1374 5173 inquirens,
1424 5107 1504 5162 sic
1551 5109 1749 5164 deinde
1792 5127 1919 5180 pro-

343 5194 492 5263 prias
515 5209 578 5248 ea
603 5195 751 5250 velut
775 5196 828 5248 in
861 5195 1018 5251 sedes
1037 5198 1246 5253 notitiae
1272 5200 1526 5258 collocat.
1546 5202 1623 5256 Ac
1652 5203 1917 5272 quemad-

343 5283 564 5339 modum
616 5301 716 5340 usu
748 5287 934 5342 venire
975 5296 1150 5358 potest
1185 5289 1335 5361 (libet
1376 5291 1521 5347 enim
1569 5293 1645 5348 uti
1704 5293 1916 5354 eadem,

342 5391 449 5444 qua
487 5377 776 5446 cmpimus,
815 5379 883 5434 ab
917 5380 1114 5451 Oppido
1147 5390 1362 5452 sumpta
1397 5383 1822 5453 comparatione)
1861 5391 1918 5436 ut

343 5466 592 5533 tribules,
652 5471 737 5524 vel
774 5472 938 5527 etiam
987 5476 1229 5545 cognati,
1277 5472 1465 5530 eadem
1518 5476 1705 5529 urbem
1763 5481 1918 5544 porta

417 5620 462 5653 "
491 5625 669 5684 Eccle.
719 5647 756 5697 ι,
787 5627 838 5685 8.

2016 3000 2069 3055 τί
2117 3001 2178 3053 τὸ
2232 3000 2431 3062 πλάτος
2474 3003 2682 3054 ἐκείνου
2713 3003 2807 3054 τοῦ
2841 3001 3051 3054 ἔνδοθεν
3075 3002 3421 3071 χωρήματος,
3463 3001 3545 3061 εἰς
3575 2999 3607 3051 ὃ

2009 3093 2184 3146 πάντα
2211 3095 2399 3164 συρῤΞί
2429 3094 2496 3146 τὰ
2524 3094 2610 3146 διὰ
2636 3093 2731 3162 τῆς
2771 3095 2939 3163 ἀκοῆς
2984 3095 3302 3163 εἰσχεόμενα
3326 3108 3339 3156 ;
3381 3092 3525 3154 τίνες
3554 3092 3606 3144 οἱ

2009 3184 2567 3254 ὑπομνηματογράφοι
2593 3184 2700 3236 τῶν
2722 3183 3094 3254 εἰσαγομένων
3126 3186 3183 3237 ἐν
3211 3185 3346 3252 αὐτῇ
3388 3182 3564 3249 λόγων
3587 3200 3603 3245 ς

2010 3277 2101 3329 καὶ
2126 3279 2251 3329 ποῖα
2275 3276 2452 3346 δοχεῖα
2478 3277 2583 3330 τῶν
2617 3275 2970 3345 ἐντιθεμένων
2998 3279 3061 3346 τῇ
3100 3278 3234 3348 ἀκοῇ
3264 3275 3556 3345 νοημάτων
3587 3291 3605 3337 ;

2009 3367 2102 3421 καὶ
2130 3367 2264 3430 πῶς,
2289 3368 2497 3420 πολλῶν
2512 3369 2602 3420 καὶ
2623 3367 2975 3420 παντοδαπῶν
2989 3367 3236 3436 ἀλλήλοις
3265 3365 3576 3434 ἐπεμϐαλλο
3594 3396 3609 3404 -

2013 3459 2208 3528 μένων,
2240 3458 2499 3528 σύγχυσις
2530 3459 2622 3510 καὶ
2645 3457 2818 3526 πλάνη
2847 3457 2986 3508 κατὰ
3013 3457 3112 3526 τὴν
3137 3457 3438 3526 ἐπάλληλον
3453 3455 3608 3507 θέσιν

2009 3550 2116 3604 τῶν
2130 3553 2461 3622 ἐγκειμένων
2479 3550 2538 3602 ού
2561 3550 2790 3616 γίνεται;
2809 3547 2880 3600 Τὸ
2902 3549 3013 3600 ἴσον
3027 3549 3070 3601 δ’
3093 3549 3156 3603 ἄν
3186 3566 3268 3611 τις
3285 3549 3376 3602 καὶ
3395 3549 3489 3600 ἐπὶ
3505 3549 3608 3615 τῆς

2010 3642 2116 3696 τῶν
2146 3642 2321 3710 ὄψεων
2341 3640 2616 3710 ἐνεργείας
2639 3638 2988 3708 θαυμάσειεν.
3007 3638 3235 3708 Ὁμοίως
3272 3638 3378 3707 γὰρ
3401 3640 3494 3692 καί
3516 3639 3607 3693 διὰ

2011 3734 2213 3787 τούτων
2231 3735 2258 3784 ὁ
2283 3733 2404 3796 νοῦς
2422 3734 2528 3786 τῶν
2547 3731 2650 3796 ἔξω
2670 3731 2762 3784 τοῦ
2783 3732 3032 3802 σώματος
3067 3730 3476 3801 ἐπιδρασσεται,
3509 3734 3606 3784 καὶ

2014 3825 2146 3896 πρὸς
2161 3823 2346 3875 ἐαυτὸν
2362 3822 2508 3874 ἕλκει
2527 3823 2631 3874 τῶν
2646 3823 2982 3892 φαινομένων
2998 3821 3064 3874 τὰ
3081 3821 3289 3886 εἴδωλα,
3306 3821 3608 3892 τοὺςχαρα·

2014 3917 2220 3987 κτῆρας
2235 3917 2342 3968 τῶν
2357 3917 2570 3987 ὁρατῶν
2596 3920 2652 3971 ἐν
2681 3917 2858 3987 ἐαυτῷ
2880 3918 3266 3988 καταγράφων.
3288 3916 3398 3968 Καὶ
3413 3915 3606 3986 ὥσπερ

2015 4007 2168 4069 εἴτις
2196 4005 2505 4078 πολύχωρος
2540 4009 2622 4079 εἴη
2660 4009 2812 4070 πόλις
2839 4010 2901 4060 ἐκ
2934 4008 3205 4079 διαφόρων
3239 4006 3458 4060 εἰσόδων
3479 4009 3606 4069 τοὺς

2017 4098 2153 4167 πρὸς
2200 4098 2366 4167 αὐτὴν
2413 4098 2822 4168 συμφοιτῶντας
2855 4097 3227 4168 εἰσδεχομένη,
3276 4098 3376 4149 οὐκ
3410 4097 3503 4148 ἐπὶ
3543 4095 3604 4149 τὸ

2017 4187 2148 4240 αὐτὸ
2171 4188 2313 4241 κατά
2332 4205 2382 4239 τι
2412 4188 2517 4240 τῶν
2536 4190 2592 4240 ἐν
2617 4191 2680 4259 τῇ
2702 4189 2852 4242 πόλει
2881 4188 3279 4258 συνδραμόντες
3299 4189 3345 4239 οί
3376 4187 3598 4250 πάντες,

2019 4279 2132 4332 ἀλλ’
2151 4283 2198 4331 οἰ
2225 4279 2320 4349 μὲν
2337 4280 2474 4332 κατὰ
2496 4279 2591 4349 τὴν
2613 4281 2834 4350 ἀγορὰν,
2858 4281 2904 4332 οἰ
2933 4279 2988 4330 δὲ
3011 4279 3153 4332 κατὰ
3173 4280 3433 4348 οἰκήσεις,
3453 4277 3600 4330 ἄλλοι

2021 4372 2159 4424 κατὰ
2182 4371 2278 4434 τὰς
2321 4371 2632 4441 ἐκκλησίας,
2670 4370 2702 4440 ἢ
2738 4371 2834 4434 τὰς
2865 4371 3144 4434 πλατείας,
3190 4371 3223 4442 ἢ
3270 4371 3394 4432 τοὺς
3447 4387 3604 4421 στενο-

2020 4463 2222 4524 ωποὺς,
2245 4463 2278 4532 ἢ
2304 4463 2370 4515 τὰ
2411 4462 2634 4533 Θέατρα,
2661 4462 2801 4516 κατὰ
2823 4464 2920 4533 τὴν
2962 4463 3093 4515 ἰδίαν
3115 4463 3341 4524 ἕκαστος
3373 4461 3602 4530 γνώμην

2025 4554 2424 4624 μεταχωροῦσι⁸
2459 4554 2713 4625 τοιαύτην
2759 4555 2879 4608 τινὰ
2923 4555 3104 4626 βλέπω
3137 4555 3230 4606 καὶ
3260 4553 3356 4623 τὴν
3383 4551 3474 4604 τοῦ
3510 4551 3602 4604 νοῦ

2022 4647 2176 4700 πόλιν
2225 4647 2324 4716 τὴν
2355 4646 2564 4700 ἔνδοθεν
2599 4648 2654 4698 ἐν
2684 4649 2816 4726 ἡμῖν
2849 4646 3279 4717 συνῳκισμένην,
3316 4647 3381 4715 ῆν
3418 4645 3606 4712 διάφοο

2023 4755 2106 4808 ροι
2138 4736 2234 4808 μὲν
2263 4739 2317 4790 αἰ
2342 4736 2427 4789 διὰ
2454 4735 2561 4788 τῶν
2591 4735 2892 4806 αἰσθήσεων
2921 4737 3111 4789 εἴσοδοι
3143 4733 3604 4803 καταπληροῦσιν·

2028 4834 2253 4886 ἕκαστον
2327 4829 2384 4882 δὲ
2413 4828 2522 4880 τῶν
2567 4828 2842 4880 εἰσιόντων
2887 4826 3225 4898 φιλοκρινῶν
3281 4843 3341 4878 τε
3386 4825 3482 4878 καὶ
3525 4825 3610 4878 δι·-

2024 4924 2294 4992 εξετάζων
2326 4925 2354 4974 ὁ
2389 4921 2512 4983 νοῦς
2533 4961 2547 4983 ,
2582 4924 2695 4983 τοῖς
2730 4919 3083 4991 καταλλήλοις
3115 4921 3214 4991 τῆς
3235 4916 3489 4987 γνώσεως
3519 4919 3610 4982 τότ-

2029 5034 2148 5078 ποις
2194 5012 2590 5067 ἐναποτίθεται.
2650 5013 2758 5065 Καὶ
2813 5013 3001 5083 ὥσπερ
3047 5013 3139 5066 ἐπὶ
3185 5012 3279 5064 τοῦ
3328 5011 3470 5064 κατὰ
3508 5011 3610 5082 τὴν

2028 5110 2181 5163 πόλιν
2210 5107 2630 5176 ύποδείγματος,
2669 5105 2782 5158 ἐστι
2817 5105 3078 5168 πολλάκις
3111 5103 3419 5176 ὁμοφύλους
3452 5102 3612 5166 τινὰς

2028 5199 2188 5262 ὄντας
2230 5199 2325 5250 καὶ
2369 5198 2648 5266 συγγενεῖς
2691 5195 2824 5265 μηδέ
2877 5197 2975 5266 τῆς
3022 5196 3190 5264 αὐτῆς
3241 5193 3416 5263 πύλης
3455 5194 3610 5257 ἐντὸς

2028 5290 2303 5360 γενέσθαι,
2334 5289 2491 5343 ἄλλου
2526 5289 2646 5340 κατ’
2678 5287 2843 5358 ἄλλην
2875 5287 3078 5340 εἴσοδον
3115 5286 3254 5339 κατὰ
3292 5284 3353 5337 τὸ
3391 5283 3608 5354 συμϐὰν

2029 5379 2439 5452 εἰσδραμόντος,
2487 5378 2641 5430 οὐδὲν
2673 5377 2728 5429 δέ
2772 5373 2934 5446 ἦττον
2984 5377 3132 5439 ἐντὸς
3166 5377 3262 5447 τῆς
3308 5373 3608 5445 περιϐολῆς

2031 5472 2121 5526 τοῦ
2177 5472 2385 5541 τείχους
2435 5470 2746 5538 γενόμενοι,
2795 5469 2954 5522 πάλιν
3012 5471 3127 5536 μετ’
3175 5468 3422 5538 ἀλλήλων
3475 5468 3610 5532 εἰσὶ,
