3746 5994
233 175 328 235 153
1390 192 1478 253 DE
1548 196 1712 255 HOMI

2011 200 2211 258 FICIO.
3382 227 3490 284 154

228 294 359 366 πρὸς
386 295 659 368 ἀλλήλους
682 298 900 364 οἰκείως
921 301 1157 376 ἔχοντες·
1184 309 1278 363 καὶ
1308 310 1370 364 τὸ
1402 312 1636 384 ἔμπαλιν
1662 315 1707 369 ἐς

2009 336 2019 373 I
2037 319 2437 391 ingrediantur,
2454 323 2563 381 alio
2585 325 2965 387 forte'fortuna
2984 350 3080 405 per
3095 339 3259 396 alium
3277 342 3488 399 aditum

227 387 405 457 εὑρεῖν
457 389 780 460 γινόμενον·
839 395 890 447 οἰ
953 397 1060 469 γὰρ
1116 401 1526 475 ἀπεξενωμένοι
1588 423 1647 461 τε

2032 387 2219 468 urbem
2251 414 2441 479 itante,
2498 420 2590 489 qui
2633 387 3302 501 nihilominus‘postquam
3342 435 3484 491 intra

225 478 488 546 ἄγνωστοι
521 480 773 553 ἀλλήλων
814 488 912 558 μιᾷ
939 487 1180 559 χρῶνται
1207 492 1346 564 πρὸς
1381 494 1479 567 τὴν
1506 497 1660 550 πόλιν
1687 515 1704 551 ε

2430 478 2436 479 ί
2515 478 2531 489 ,
3014 478 3302 501 ,---,__...
3342 478 3484 491 .......

2005 503 2238 559 ιηίοτιιιη
2288 509 2553 564 ambitum
2595 527 2880 580 venerunt,
2917 522 3274 586 conveniunt,
3307 532 3360 579 et
3386 542 3484 582 nc-

222 567 323 640 ιῖδῳ
356 570 658 639 πολλάκις,
694 574 810 629 ἀλλ’
841 577 901 632 οὐ
938 580 1201 636 συνάπτει
1229 583 1452 647 τούτους
1480 587 1699 660 άλλήλοι

2007 592 2249 650 situdiue
2284 605 2472 652 mutua
2528 601 2634 656 sibi
2685 603 2925 661 devincti
2968 617 3134 678 sunt;
3184 620 3486 685 contraque

221 660 362 715 κατὰ
386 664 490 733 τὴν
515 663 724 720 εἴσοδον
753 670 1040 725 κοινωνίαι
1072 672 1329 729 δύνανται
1365 676 1476 749 γάρ
1521 679 1615 733 καὶ
1650 682 1700 734 ὲν

2006 683 2025 737 i
2046 692 2242 754 potest,
2303 698 2361 741 ut
2392 690 2641 748 homines
2658 710 2884 767 peregre
2911 701 3208 769 venientes,
3234 660 3485 777 interque

219 754 503 825 γενόμενοι
526 756 879 831 διακριθῆναι
902 763 1039 835 πρὸς
1066 765 1127 818 τὸ
1150 767 1438 837 ὁμόφυλον·
1478 771 1698 826 τοιοῦτόπ

2002 791 2031 831 e
2064 778 2254 847 ignoti,
2307 781 2499 837 eodem
2535 785 2601 839 ad
2645 754 2834 843 urbem
2893 791 3043 846 aditu
3094 754 3430 851 contendant
3466 814 3481 853 :

219 844 405 914 βλέπω
433 848 529 901 καὶ⁵
561 850 656 903 ἐπὶ
681 852 783 921 τῆς
815 853 958 907 κατά
988 855 1080 910 τὸν
1113 856 1239 912 νοῦν
1272 859 1631 931 εὐρυχωρίας.
1666 865 1698 917 ll

2004 883 2046 922 »ε
2102 876 2282 925 tamen
2335 878 2643 932 communis
2678 879 2731 932 in
2786 880 2974 936 urbem
3011 883 3293 951 ingressus
3333 890 3483 944 nullo

219 934 373 999 λάκις
401 936 515 1010 γὰρ
538 941 633 994 καὶ
663 944 730 996 ὲκ
762 943 1038 1016 διαφόρων
1062 947 1431 1022 αἰσθητηρίων
1472 952 1570 1023 μία
1597 955 1698 1023 γνᾶ

1997 960 2070 1015 do
2101 964 2404 1038 coniungit,
2448 973 2668 1040 quando
2707 977 2892 1032 urbem
2929 978 3161 1048 ingressi
3205 987 3353 1040 sunt.
3377 992 3476 1047 pro

218 1029 350 1097 ἡμῖν
374 1031 786 1103 συναγείρεται,
811 1035 904 1089 τοῦ
928 1039 1095 1092 αὑτοῦ
1125 1042 1448 1112 πράγματος
1474 1045 1797 1119 πολυμερῶς

218 1119 353 1189 πρὸς
380 1121 486 1185 τὰς
515 1124 799 1196 αἰσθήσεις
831 1128 1208 1202 μεριζομένου.
1245 1134 1415 1188 Πάλιν
1443 1136 1489 1190 δ’
1521 1132 1588 1192 αὖ
1619 1140 1679 1193 τὸ
1706 1143 1795 1193 ὲν-

214 1210 416 1275 αθτίον,
466 1213 618 1268 ἔστιν
662 1218 729 1269 ὲκ
782 1221 911 1289 μιᾶς
941 1238 1087 1287 τινος
1125 1223 1234 1277 τῶν
1282 1226 1588 1297 αἰσθήσεων
1624 1232 1795 1287 πολλὰ

213 1301 307 1354 καὶ
344 1304 572 1360 ποικίλα
602 1306 832 1376 μαθεῖν,
866 1312 1020 1366 οὐδὲν
1052 1314 1300 1387 ἀλλήλοις
1334 1319 1475 1374 κατὰ
1502 1322 1602 1392 τὴν
1632 1323 1794 1393 φύσιν

216 1392 586 1461 συμϐαίνοντα
606 1411 620 1425 ⁸
675 1392 784 1453 οἷον
827 1399 847 1470 (
883 1405 1130 1473 κρεῖττον
1170 1405 1278 1478 γὰρ
1321 1408 1379 1460 ἐν
1431 1392 1792 1482 ὑποδείγματι

208 1482 604 1556 διασαφηνίσαι
648 1489 741 1543 τὸν
775 1489 1013 1563 λόγον),
1052 1496 1364 1566 προκείσθω
1416 1500 1696 1570 ζητεῖσθαι
1739 1522 1791 1558 τι

209 1577 335 1647 περὶ
364 1578 563 1648 χυμῶν
596 1580 877 1653 ἰδιότητος,
898 1585 951 1638 τί
986 1585 1086 1655 μὲν
1109 1587 1207 1656 ἡδὺ
1236 1589 1370 1661 πρὸς
1391 1592 1490 1661 τὴν
1515 1593 1787 1665 αἴσθησιν,

1910 1049 2067 1105 libitu
2092 1055 2328 1127 quisque
2352 1075 2409 1116 se
2432 1063 2501 1117 ab
2517 1065 2640 1121 aliis
2654 1076 2893 1137 separat,
2923 1070 3152 1139 singulis
3175 1085 3305 1125 suos
3327 1084 3473 1138 qua!-

1907 1140 2159 1197 rentibus
2191 1161 2339 1200 :uon
2378 1148 2701 1208 dissimilem
2750 1157 3054 1226 intelligere
3090 1157 3281 1212 videor
3308 1157 3471 1213 etiam

1901 1230 2102 1285 mentis
2130 1233 2542 1302 amplitudinem
2570 1251 2715 1293 esse.
2741 1237 2876 1294 Nam
2896 1257 3273 1312 saepenumero
3302 1261 3368 1301 ex
3397 1245 3482 1301 di-

1902 1319 2072 1373 versis
2100 1333 2361 1376 sensuum
2381 1325 2605 1395 organis
2631 1328 2795 1384 unius
2818 1329 2896 1384 rei
2929 1331 3291 1401 cognitionem
3315 1349 3478 1404 para-

1899 1424 2044 1474 mus,
2080 1410 2194 1481 ipsa
2223 1427 2281 1467 re
2298 1414 2530 1470 diversis
2552 1418 2727 1473 modis
2757 1420 3011 1477 sensibus
3038 1438 3097 1477 se
3129 1422 3473 1480 insinuante:

1898 1512 2089 1557 contra
2123 1504 2304 1561 videre
2347 1516 2452 1573 est,
2486 1524 2598 1563 uno
2628 1511 2932 1584 eodemque
2982 1530 3147 1569 sensu
3182 1518 3349 1571 multa
3382 1533 3477 1571 va-

1897 1595 2090 1665 riaque
2141 1598 2371 1675 percipi,
2412 1616 2533 1670 quae
2566 1606 2857 1675 caeteroqui
2884 1614 3080 1661 natura
3110 1608 3251 1662 inter
3280 1625 3339 1665 se
3369 1624 3475 1665 non

206 1667 259 1720 τί
288 1669 348 1722 δὲ
380 1671 620 1738 φευκτὸν
650 1676 762 1736 τοῖς
791 1677 1108 1747 γευομένοις
1137 1679 1306 1734 ἐστίν.
1339 1684 1551 1739 Οὐκοῦν
1589 1688 1685 1757 εὑρ

2000 1674 2245 1742 veniunt.
2286 1667 2448 1744 Verbi
2486 1694 2661 1761 gratia
2706 1667 2868 1765 (nam
2905 1699 3108 1752 rectius
3143 1699 3256 1754 hanc
3294 1714 3478 1754 exem-

205 1758 291 1812 διὰ
339 1761 445 1831 τῆς
489 1763 685 1834 πείρας
716 1765 750 1834 ἦ
790 1782 851 1819 τε
900 1768 1001 1838 τῆς
1044 1768 1211 1839 χολῆς
1249 1773 1548 1844 πικρότης,
1586 1777 1681 1830 καὶ
1730 1758 1790 1832 τδ

207 1853 483 1922 προσηνὲς
505 1854 608 1924 τῆς
637 1855 778 1909 κατὰ
801 1856 865 1909 τὸ
900 1858 1026 1927 μέλι
1068 1862 1372 1934 ποιότητος.
1418 1868 1703 1938 Διαφόρων
1732 1871 1790 1924 δὲ

205 1944 374 1999 ὄντων
398 1946 630 2013 τούτων,
663 1952 793 2020 μίαν
819 1954 1031 2023 εἰσάγει
1053 1955 1253 2024 γνῶσιν
1285 1958 1346 2010 τὸ
1375 1959 1506 2013 αὐτὸ
1533 1963 1786 2034 πρᾶγμα.

208 2036 532 2108 πολυμερῶς
574 2042 639 2112 τῇ
689 2041 899 2114 διανοίᾳ
938 2044 1386 2118 εἰσοικιζόμενον,
1427 2049 1460 2119 ἦ
1513 2052 1721 2120 γεύσει,
1754 2055 1787 2126 ἢ

204 2126 490 2199 ὀσφρήσει,
539 2129 573 2201 ἢ
624 2131 785 2201 ἀκοῇ,
821 2134 1083 2199 πολλάκις
1111 2137 1169 2190 δὲ
1202 2140 1296 2192 καὶ
1334 2141 1398 2210 τῇ
1431 2141 1564 2211 ἁφῇ,
1598 2142 1691 2195 καὶ
1717 2145 1785 2215 τῇ

203 2217 347 2287 ὕψει.
394 2221 509 2274 Καὶ
544 2222 656 2293 γὰρ
692 2222 814 2278 ἰδών
841 2242 928 2289 τις
967 2227 1029 2281 τὸ
1077 2228 1232 2299 μέλι,
1263 2230 1358 2284 καὶ
1399 2232 1493 2285 τοῦ
1523 2233 1785 2305 ὀνόματος

200 2307 447 2372 ἀκούσας
467 2349 484 2372 ,
534 2312 630 2365 καὶ
658 2316 724 2385 τῇ
763 2314 949 2382 γεύσει
980 2316 1161 2372 λαϐὼν
1181 2359 1194 2384 ,
1229 2320 1324 2374 καὶ
1356 2322 1445 2375 τὸν
1475 2323 1646 2393 ἀτμὸν
1697 2325 1787 2379 διὰ

200 2399 297 2468 τῆς
324 2400 655 2472 ὀσφρήσεως
688 2405 965 2473 ἐπιγνοὺς,
993 2409 1090 2462 καὶ
1114 2412 1182 2480 τῇ
1212 2411 1327 2482 ἁφῇ
1357 2411 1661 2483 δοκιμάσας
1679 2455 1694 2480 ,
1722 2417 1786 2469 τὸ

202 2490 333 2544 αὐτὸ
374 2493 616 2563 πρᾶγμα
654 2495 721 2547 δι’
766 2497 1000 2552 ἑκάστου
1039 2500 1147 2556 τῶν
1199 2503 1574 2576 αἰσθητηρίων
1617 2508 1784 2577 ἐγνώ-

205 2596 342 2649 ρισε.
374 2584 610 2640 Ποικίλα
636 2586 694 2640 δὲ
723 2588 887 2643 πάλιν
924 2591 1022 2645 καὶ
1056 2592 1312 2666 πολυειδῆ
1346 2596 1434 2651 διὰ
1466 2601 1597 2669 μιᾶς
1639 2618 1784 2664 τινος

201 2669 510 2742 αἰσθήσεως
541 2674 907 2748 διδασκόμεθα
928 2696 942 2710 ο
965 2680 1062 2751 τῆς
1090 2698 1150 2734 τε
1187 2684 1357 2756 ἀκοῆς
1392 2689 1654 2754 παντοίας
1694 2690 1782 2744 δε-

200 2761 441 2834 χομένης
480 2766 698 2832 φωνάς,
764 2769 863 2840 τῆς
898 2789 957 2826 τε
997 2773 1089 2827 διὰ
1131 2775 1243 2830 τῶν
1286 2775 1582 2849 ὀφθαλμῶν
1629 2781 1781 2835 ἀντι-

198 2849 413 2922 λήψεως
433 2855 749 2929 ἀδιάκριτον
771 2861 1003 2935 ἐχούσης
1015 2864 1120 2937 τὴν
1142 2867 1422 2940 ἐνέργειαν
1444 2871 1537 2925 ἐπὶ
1555 2872 1654 2944 τῆς
1673 2874 1781 2927 τῶν

199 2942 530 3015 ἑτερογενῶν
561 2946 813 3018 θεωρίας.
860 2952 1093 3023 Ὁμοίως
1118 2958 1227 3029 γὰρ
1260 2959 1438 3032 λευκῷ
1461 2979 1520 3015 τε
1543 2942 1779 3035 προσπί-

199 3052 343 3100 πτει,
378 3036 477 3090 καί⁸
522 3039 732 3109 μέλανι,
782 3044 878 3097 καί⁵
925 3047 1058 3100 πᾶσι
1101 3051 1216 3113 τοῖς
1252 3051 1392 3106 κατὰ
1422 3053 1484 3106 τὸ
1537 3056 1779 3111 ἐναντίον

197 3125 451 3182 διεστῶσι
496 3129 584 3200 τῷ
631 3131 902 3204 χρώματι.
959 3137 1146 3204 Οῦτως
1194 3142 1226 3211 ή
1282 3143 1491 3211 γεῦσις,
1538 3145 1775 3220 οῦτωςῆ

197 3217 488 3291 δσφρησις,
519 3221 693 3289 οὕτως
724 3228 758 3297 ἠ
776 3227 878 3301 ,διὰ
904 3231 1001 3301 τῆς
1027 3232 1173 3304 ἁφῆς
1200 3236 1544 3306 κατανόησις,
1580 3217 1777 3294 παντοέ

198 3309 385 3406 δαπῶν
410 3317 774 3406 πραγμάτων
806 3322 1010 3395 ἑκάστη
1054 3324 1143 3380 διὰ
1182 3328 1280 3399 τῆς
1318 3329 1527 3395 οἰκείας
1557 3333 1777 3406 ἀντιλή-

196 3399 343 3469 ψεως
369 3405 472 3477 τὴν
507 3406 710 3476 γνῶσιν
743 3412 1036 3485 ἐντίθησιν.

720 3683 1120 3741 ΚΕΦΔΛΑΙΟΝ
1156 3690 1258 3744 IA'.

338 3774 471 3828 Ὅτι
506 3773 843 3844 ἀθεώρητος
873 3780 911 3849 ἠ
939 3779 1047 3834 τοῦ
1075 3781 1389 3851 ἀνθρώπου
1427 3787 1633 3855 φύσις.

268 3926 333 3978 Τί
357 3927 538 3980 τοίνυν
567 3928 686 3981 ἐστὶ
706 3929 856 3983 κατά
879 3930 976 4003 τὴν
1009 3934 1201 3989 ἑαυτοῦ
1236 3939 1397 4005 φύσιν
1421 3942 1450 3994 ό
1475 3933 1635 4007 νοῦς,
1667 3946 1695 3997 ὁ
1721 3947 1781 3998 ὲν

195 4019 541 4090 αἰσθητικαίς
585 4020 878 4090 δυνάμεσιν
920 4026 1114 4081 ἑαυτὸν
1158 4029 1516 4102 ὲπιμερίξων,
1569 4037 1665 4089 καὶ
1710 4036 1807 4091 δι”

196 4110 433 4181 ἑκάστης
467 4112 819 4183 καταλλήλως
845 4114 947 4186 τὴν
975 4117 1083 4171 τῶν
1104 4118 1276 4175 ὄντων
1298 4122 1500 4192 γνῶσιν
1532 4127 1776 4199 ἀναλαμ-

196 4200 407 4267 6άνωνς
439 4203 567 4256 Ὀτι
596 4205 705 4275 γὰρ
742 4204 870 4259 ἄλλο
908 4224 961 4260 τι
988 4210 1141 4281 παρὰ
1165 4211 1265 4276 τὰς
1291 4214 1573 4286 αἰσθήσεις
1604 4219 1773 4285 ἐστὶν,

1890 1777 1997 1847 plis
2029 1778 2419 1851 illustrantur),
2473 1786 2815 1853 propositum
2865 1787 3026 1842 nobis
3055 1797 3174 1843 esto
3217 1790 3473 1859 quiddam

1876 1868 1956 1922 .de
2015 1884 2268 1937 saporum
2327 1874 2661 1941 proprietate
2715 1877 3054 1946 perquirere,
3113 1878 3238 1949 quis
3268 1878 3468 1941 dulcis,

1888 1957 2014 2029 quis
2059 1962 2300 2029 gustatui
2340 1970 2534 2017 contra
2594 1965 2844 2035 ingratus
2881 1967 3080 2023 humor
3132 1970 3224 2023 sit.
3287 1970 3475 2040 Itaque

1887 2052 2149 2107 docemur
2184 2055 2521 2124 experientia
2559 2057 2721 2112 bilem
2772 2060 2991 2130 quidem
3031 2077 3155 2117 esse
3181 2077 3421 2118 amaram
3454 2080 3470 2118 :

1887 2152 2096 2214 gratam
2159 2162 2289 2201 vero
2350 2148 2495 2201 melli
2556 2150 2873 2220 qualitatem
2924 2154 3217 2222 quamdam
3265 2153 3468 2209 inesse.

1890 2236 2013 2293 Haec
2045 2253 2171 2292 cum
2216 2222 2431 2295 diversa
2456 2240 2596 2295 inter
2619 2257 2679 2297 se
2713 2244 2999 2308 exsistant,
3028 2228 3141 2299 uua
3183 2254 3362 2300 tamen
3393 2246 3471 2301 rei

1886 2329 2077 2382 notitia
2124 2338 2491 2400 comparatur,
2528 2332 2706 2387 modis
2745 2333 2912 2389 variis
2940 2336 3110 2388 menti
3159 2335 3466 2402 insinuata,

1886 2419 2145 2474 nimirum
2184 2428 2428 2491 gustatu,
2461 2420 2717 2486 odoratu,
2760 2424 2976 2488 auditu,
3013 2425 3178 2480 etiam
3209 2433 3468 2480 contactu

1887 2522 2300 2578 nonnunquam,
2332 2515 2386 2563 et
2410 2519 2655 2579 aspectu.
2689 2509 2826 2565 Nam
2848 2526 2974 2566 cum
3008 2513 3134 2582 quis
3164 2513 3270 2568 mel
3293 2513 3471 2569 intueo

1885 2608 1995 2665 tur,
2027 2615 2227 2654 nomen
2271 2599 2445 2668 audit,
2472 2610 2690 2672 gustum
2718 2603 2968 2681 percipit,
2999 2603 3227 2658 halitum
3255 2603 3467 2670 olfacit,

1885 2699 2141 2747 contactu
2207 2693 2445 2762 denique
2499 2692 2678 2762 ipsum
2744 2696 3011 2764 explorat,
3053 2696 3300 2750 eamdem
3352 2710 3466 2752 rem

1884 2780 2115 2850 singulis
2162 2780 2418 2836 sensibus
2450 2781 2731 2851 percipit:
2792 2790 2986 2837 contra
3038 2798 3168 2839 vero
3207 2784 3361 2838 varia
3412 2792 3470 2840 et

1883 2873 2066 2942 specie
2089 2871 2303 2927 diversa
2340 2887 2450 2927 uno
2494 2872 2739 2929 vicissim
2794 2888 2962 2929 sensu
3000 2882 3086 2929 est
3112 2889 3464 2945 cognoscere.

1887 2964 2356 3030 Quemadmodum
2388 2965 2578 3020 auditu
2613 2965 2794 3021 omnis
2840 2966 3057 3037 generis
3094 2981 3257 3022 voces
3287 2968 3468 3039 perci-

1891 3058 2119 3126 piuntur
2150 3074 2164 3111 :
2196 3066 2250 3111 et
2266 3058 2549 3111 oculorum
2580 3072 2644 3112 ea
2669 3057 2906 3113 laeultas
2927 3068 3031 3122 est,
3058 3065 3119 3113 ut
3154 3059 3467 3128 promiscue

1891 3162 1980 3203 res
2031 3148 2194 3202 etiam
2223 3164 2422 3219 genere
2450 3150 2696 3207 diversas
2722 3150 2970 3206 videant:
3002 3151 3275 3206 consimili
3319 3152 3467 3206 enim

1888 3239 2054 3294 modo
2079 3239 2295 3294 videndi
2320 3241 2404 3296 vis
2433 3241 2487 3294 in
2516 3242 2720 3307 album,
2738 3244 2977 3317 nigrum,
3004 3259 3092 3299 res
3122 3243 3248 3297 item
3281 3243 3467 3298 colore

1888 3331 2033 3387 inter
2066 3348 2125 3388 se
2150 3333 2397 3389 diversas
2423 3340 2649 3390 caeteras
2687 3334 2900 3390 incidit.
2954 3334 3047 3390 Sic
3098 3350 3295 3391 sensus
3336 3336 3466 3390 reli-

1886 3424 2001 3496 qui,
2029 3434 2301 3497 gustatus,
2349 3426 2633 3491 odoratus,
2667 3434 2976 3490 contactus,
3030 3427 3306 3480 variarum
3347 3425 3466 3511 sin-

1881 3518 1995 3589 guli
2045 3533 2230 3574 rerum
2286 3533 2384 3574 sua
2439 3519 2786 3588 perceptione
2837 3519 3088 3581 notitiam
3150 3517 3314 3572 nobis
3367 3532 3462 3587 pa-

1883 3607 2057 3663 riunt.

2484 3690 2714 3747 CAPUT
2767 3689 2860 3745 XI.

1881 3788 2149 3843 Naturam
2172 3785 2400 3840 hominis
2423 3791 2590 3838 totam
2608 3781 3028 3836 consideratione
3043 3789 3224 3834 nostra
3242 3778 3467 3850 perspici

2523 3869 2628 3907 non
2652 3868 2824 3922 posse.

1953 3946 2096 4015 Quid
2142 3946 2330 4018 igitur,
2381 3942 2621 4013 inquies,
2657 3949 2855 3997 natura
2890 3954 2990 3997 sua
3030 3955 3186 3995 mens
3220 3938 3466 3994 hominis
3526 3938 3541 3947 ’

1880 4049 1986 4105 est,
2022 4053 2145 4109 quae
2183 4051 2282 4108 per
2314 4049 2575 4090 sensuum
2618 4033 2863 4088 diversas
2896 4048 2958 4088 se
2993 4032 3278 4088 facultates
3301 4031 3461 4096 didit,

1878 4144 1933 4190 et
1966 4148 2062 4203 per
2083 4132 2180 4185 has
2220 4128 2322 4184 sibi
2347 4143 2532 4181 rerum
2555 4126 2802 4180 notitiam
2836 4124 3151 4194 comparat?
3182 4124 3462 4178 Diversum

1880 4240 2013 4281 sane
2042 4222 2301 4293 quiddam
2330 4234 2456 4273 esse
2498 4225 2738 4273 mentem
2771 4216 2840 4269 ab
2887 4215 3026 4285 ipsis
3054 4215 3330 4278 sensibus,
3369 4212 3462 4282 qui

191 4294 291 4346 οὐκ
341 4293 409 4347 ἂν
440 4288 600 4364 οἶμαί
636 4315 758 4351 τινα
809 4300 919 4353 τῶν
965 4302 1252 4372 ἐμφρόνων
1294 4306 1670 4376 άμφιῦάλλειν.

1986 4288 2139 4386 sig-5t,
2178 4313 2296 4368 fore
2321 4311 2621 4373 neminem,
2657 4307 2753 4379 qui
2801 4307 3024 4377 quidem
3076 4306 3274 4375 sapiat,
3317 4305 3465 4358 arbi-

192 4384 299 4455 γὰρ
322 4385 525 4440 ταύτὸν
550 4382 620 4457 ἦν
644 4391 711 4460 τῇ
742 4390 1013 4463 αἰσθήσει,
1036 4394 1174 4465 πρὸς
1201 4394 1260 4448 ἓν
1284 4398 1502 4462 πάντως
1527 4397 1640 4470 εἶχε
1665 4400 1773 4454 τῶν

192 4478 312 4529 κατ’
341 4477 602 4547 αἰσθησιν
634 4480 1041 4553 ἐνεργουμένων
1084 4485 1184 4556 τὴν
1222 4487 1564 4557 οἰκειότητα,
1598 4489 1687 4543 διὰ
1715 4490 1775 4544 τὸ

190 4566 400 4620 ἁπλοῦν
441 4568 543 4638 μὲν
579 4571 742 4624 αὑτὸν
780 4568 937 4640 εἶναι,
990 4576 1157 4646 μηδὲν
1207 4577 1265 4630 δὲ
1310 4579 1552 4633 ποικίλον
1593 4580 1651 4633 ὲν
1695 4580 1775 4652 τῷ

193 4659 351 4731 ἁπλῷ
400 4660 750 4732 θεωρεῖσθαι.
799 4665 937 4719 Νυνὶ
984 4667 1043 4720 δὲ
1087 4667 1306 4723 πάντων
1354 4670 1773 4743 συντιθεμένων,

192 4751 318 4805 ἄλλο
348 4752 454 4822 μέν
484 4770 537 4807 τι
565 4753 666 4825 τὴν
696 4755 838 4827 ἁφὴν
871 4753 1009 4812 εἶναι
1030 4799 1044 4824 ,
1074 4759 1204 4814 ἄλλο
1246 4761 1303 4814 δὲ
1348 4761 1449 4832 τὴν
1482 4764 1768 4835 ὄσφρησιν,

193 4844 289 4907 καὶ
302 4844 417 4898 τῶν
444 4845 626 4898 ἄλλων
646 4846 908 4912 ὡσαύτως
927 4851 1306 4922 άκοινωνήτως
1329 4870 1386 4906 τε
1410 4854 1506 4913 καὶ
1525 4854 1772 4924 ἀμίκτως

194 4937 329 5007 πρὸς
357 4938 573 5011 ἄλληλα
603 4939 987 5013 διακειμένων,
1022 4943 1209 5017 ἐπειδὴ
1242 4945 1380 4998 κατὰ
1402 4945 1465 5000 τὸ
1493 4945 1606 5000 ῐσον
1636 4946 1774 5000 ἐκά-

196 5045 294 5101 am
328 5032 692 5105 καταλλήλως
721 5035 1015 5108 πάρεστιν,
1042 5036 1228 5109 ἕτερόν
1267 5055 1392 5093 τινα
1427 5039 1646 5105 πάντως
1673 5040 1774 5094 αὺ-

192 5120 280 5173 τὸν
315 5124 424 5195 χρὴ
466 5125 620 5194 παρὰ
652 5124 752 5197 τὴν
790 5126 1055 5199 αἰσθητὴν
1085 5129 1436 5183 ὑποτίθεσθαι
1481 5130 1665 5200 φύσιν,
1700 5131 1777 5195 ὼς

189 5209 256 5265 ἂν
288 5214 365 5286 μή
388 5231 479 5279 τις
506 5217 748 5272 ποικιλία
771 5219 851 5290 τῷ
880 5228 1056 5291 νοητῷ
1086 5221 1435 5294 συμμιχθείη.
1474 5244 1493 5275 ι
1514 5224 1610 5286 Τίς
1634 5223 1776 5293 ἔγνω

189 5302 314 5358 νοῦν
339 5305 628 5378 Κυρίου;›
671 5310 840 5380 φησὶν
875 5312 905 5365 ὁ
951 5313 1288 5379 ’Δπόστολος.
1334 5314 1477 5384 Ἐγὼ
1518 5316 1576 5370 δὲ
1624 5318 1775 5389 παρὰ

190 5394 345 5450 τοῦτό
372 5414 541 5468 φημι,
568 5399 664 5463 Τίς
695 5401 786 5454 τὸν
822 5402 955 5456 ἴδιον
983 5405 1106 5460 νοῦν
1138 5408 1490 5479 κατενόησεν;
1526 5409 1773 5464 Είπάτω-

193 5503 290 5541 σειν
314 5490 365 5543 οἰ
385 5490 485 5544 τοῦ
507 5491 644 5546 θεοῦ
675 5494 774 5566 τὴν
801 5494 963 5565 φύσιν
1000 5501 1147 5564 ἐντὸς
1184 5502 1493 5573 ποιούμενοι
1524 5504 1621 5574 τῆς
1644 5504 1772 5559 ἐαυ-

259 5591 299 5623 ’¹
338 5603 501 5662 Rom.
535 5623 612 5675 xl,
646 5607 737 5665 ὖιῑ.

1876 4420 2010 4465 tror.
2045 4406 2179 4462 Nam
2233 4405 2279 4462 si
2309 4404 2454 4459 idem
2484 4409 2633 4458 esset
2658 4401 2803 4472 quod
2844 4413 3064 4461 sensus,
3100 4397 3324 4452 omnino
3354 4395 3453 4450 uni

1875 4518 1942 4557 ex
1991 4498 2246 4556 sensibus
2275 4502 2424 4551 esset
2466 4493 2688 4548 aﬂinis:
2745 4491 2966 4563 quando
3000 4505 3158 4546 mens
3198 4490 3317 4559 ipsa
3362 4503 3464 4542 na-

1877 4606 2013 4649 tura:
2048 4588 2314 4659 simplicis
2353 4593 2458 4651 est,
2490 4586 2544 4640 in
2580 4599 2688 4655 qua
2733 4583 2872 4638 nihil
2927 4582 3094 4638 statui
3121 4581 3331 4637 varium
3364 4593 3456 4649 poo

1874 4692 2001 4742 test.
2060 4682 2133 4737 At
2164 4695 2293 4737 vero
2330 4678 2651 4747 compositis
2695 4676 2972 4739 omnibus,
3019 4688 3144 4728 cum
3192 4671 3338 4726 aliud
3384 4671 3457 4725 sit

1871 4784 2176 4840 contactus,
2208 4770 2354 4828 aliud
2384 4770 2663 4834 odoratus,
2686 4767 3009 4836 (ueterisque
3037 4764 3220 4819 itidem
3261 4762 3343 4818 sic
3369 4761 3457 4816 in-

1872 4880 1956 4927 ter
1978 4885 2039 4927 se
2061 4867 2319 4933 diversis,
2347 4872 2409 4918 ut
2432 4861 2805 4932 nihilquidem
2832 4861 2974 4915 inter
2997 4859 3146 4927 ipsos
3168 4869 3460 4910 commune

1874 4969 1968 5033 sit,
2007 4980 2166 5021 mens
2213 4971 2393 5018 tamen
2427 4958 2660 5033 singulis
2698 4956 2905 5027 pariter
2951 4952 3162 5007 ratione
3218 4949 3455 5019 quadam

1875 5056 2235 5115 conveniente
2257 5051 2421 5115 adsit,
2455 5049 2681 5125 omnino
2722 5044 3059 5102 censendum
3091 5048 3178 5097 est
3215 5048 3455 5097 mentem

1878 5145 2026 5201 aliud
2082 5141 2339 5214 quiddam
2368 5152 2513 5204 esse,
2545 5150 2707 5206 quam
2768 5134 2839 5189 sit
2883 5138 3081 5186 natura
3115 5130 3357 5197 sensilia,
3386 5143 3458 5185 ne

1877 5233 2113 5306 simplici
2164 5230 2265 5296 rei,
2296 5236 2351 5285 et
2380 5243 2504 5298 qua;
2548 5224 2906 5295 intelligentia
2945 5221 3453 5293 comprehenditur,

1877 5329 2059 5384 inesse
2108 5323 2322 5379 diversa
2356 5317 2603 5388 quaedam
2634 5323 2962 5372 statuamus.
3016 5314 3284 5371 Praeclare
3311 5313 3456 5383 Apo-

1882 5419 2056 5476 stolus
2113 5414 2384 5471 exclamat
2420 5428 2434 5464 :
2471 5426 2491 5461 ι
2530 5408 2665 5474 Quis
2709 5415 2948 5465 mentem
3006 5406 3220 5463 Domini
3247 5418 3454 5474 cogno-

1879 5513 1955 5567 vit
1981 5511 2025 5544 "
2055 5510 2079 5564 τ
2117 5528 2134 5560 ι
2183 5503 2310 5561 Mihi
2344 5516 2471 5557 vero
2500 5501 2632 5557 libet
2665 5500 2769 5556 hoc
2798 5500 2963 5556 etiam
3003 5498 3242 5571 adjicere
3270 5513 3283 5550 :
3314 5493 3453 5562 Quis
