3746 5994
306 188 415 248 155

1543 206 1599 262 S.
1627 209 1959 269 GREGORII
2003 215 2298 274 NYSSENI

3476 216 3575 293 136

304 312 537 362 mentem
576 311 851 380 propriam
888 313 1241 385 perspectam
1269 318 1466 375 habet?
1492 319 1868 392 Respondeanl

2037 331 2091 385 ὒν
2143 336 2530 407 καταλήψεως,
2579 342 2626 393 εἰ
2670 342 2899 408 ἑαυτοὺς
2955 347 3330 421 κατενόησανς
3379 354 3426 406 εἰ
3479 356 3574 409 τοῦ

304 400 485 465 nobis,
513 403 605 470 qui
649 403 741 458 Dei
776 414 1028 462 naturam
1060 409 1229 464 animi
1276 413 1707 482 cogitationibus
1738 434 1889 474 com-

303 490 564 557 prehendi
629 508 791 561 posse
848 498 1187 565 existimant,
1238 503 1522 573 seipsosne
1553 508 1713 576 plane
1761 524 1889 565 con-

301 581 737 649 templati-sunt?
774 591 1042 645 mentisve
1066 576 1301 662 propri-ae
1338 609 1590 652 naturam
1633 603 1887 671 explora-

302 679 409 723 tam
441 681 493 725 et
524 676 794 744 cognitam
829 678 1240 739 habent?Diccs
1275 685 1415 741 hanc
1441 686 1579 744 forte
1604 693 1787 748 multis
1819 710 1886 749 ex

299 761 465 817 rebus
496 763 730 822 diversis
762 779 1040 826 constare.
1079 773 1146 827 At
1187 791 1296 845 quo
1326 787 1483 845 pacto
1513 779 1626 835 fieri
1680 791 1882 852 potest,

299 859 359 905 ut
389 853 532 922 quod
581 856 764 911 animo
816 859 1157 932 intelligitur,
1221 870 1584 937 compositum
1618 872 1730 926 sit?
1782 884 1879 930 aut

297 961 417 1014 quae
448 947 659 1002 tandem
694 951 747 1004 in
773 952 873 1006 hoc
896 970 1019 1009 esse
1050 958 1221 1026 possit
1275 962 1549 1018 mistionis
1585 981 1766 1021 rerum
1791 986 1884 1039 ge-

298 1053 426 1093 nere
453 1040 797 1097 diversarum
842 1047 1016 1101 ratio?
1075 1049 1170 1104 Sin
1204 1060 1392 1107 contra
1430 1064 1637 1112 statues
1673 1060 1883 1130 simpli.-

296 1142 415 1180 cem
467 1133 758 1199 quamdam
824 1136 1031 1194 mentis
1068 1156 1189 1195 esse
1234 1153 1504 1209 naturam,
1550 1149 1882 1220 minimeque

296 1222 652 1288 compositam
711 1242 723 1277 :
772 1241 875 1295 qua
923 1229 1040 1283 fieri
1073 1231 1222 1286 dices
1248 1233 1479 1297 ratione,
1504 1246 1563 1290 ut
1611 1238 1666 1291 in
1701 1242 1879 1296 varios

295 1300 497 1365 eadem
527 1328 722 1371 sensus
778 1323 1104 1389 spargatur?
1138 1324 1412 1393 quomodo
1454 1326 1508 1381 in
1546 1344 1656 1382 uno
1690 1333 1881 1385 varia?

216 1423 223 1430 -
295 1403 574 1470 quomodo
622 1406 676 1460 in
724 1409 892 1466 variis
928 1426 1051 1466 esse
1110 1431 1277 1468 unum
1326 1418 1540 1485 potest?
1585 1419 1879 1479 Enimvero

294 1508 405 1561 quo
435 1495 487 1548 in
505 1504 555 1549 te
575 1498 810 1554 obscura
839 1516 940 1558 nos
967 1515 1128 1573 pacto
1153 1507 1509 1576 explicemus,
1531 1512 1878 1568 animadver-

295 1593 369 1637 to.
401 1603 420 1635 σ
462 1584 748 1645 Faciamus
772 1592 1069 1661 hominem,
1103 1615 1122 1647 ι
1185 1597 1361 1666 inquit
1394 1596 1554 1663 Deus,
1593 1619 1613 1652 ο
1648 1602 1713 1655 ad
1737 1605 1875 1658 ima-

1993 423 2122 476 ἰδίου
2153 425 2242 478 νοῦ
2269 428 2367 497 τὴν
2397 429 2559 497 φύσιν
2584 432 2935 503 ὲπέγνωσαν;
2968 437 3289 513 Πολυμερής
3321 441 3407 506 τίς
3428 442 3572 511 ἐστι,

1988 516 2082 568 καὶ
2114 516 2527 584 πολυσύνθετος.
2569 524 2679 576 Καὶ
2725 526 2841 589 πῶς
2880 528 2941 580 τὸ
2970 528 3158 600 νοητὸν
3188 533 3246 584 ὲν
3289 530 3571 599 συνθέσεις

1986 606 2133 677 ἥτίς
2181 611 2210 662 ὁ
2257 610 2358 680 τῆς
2405 612 2514 666 τῶν
2558 616 2889 686 ἑτερογενῶν
2935 620 3292 691 ἀνακράσεως
3326 623 3569 693 τρόποςς

1999 697 2137 751 Ἀλλ’
2174 699 2378 764 ἀπλοῧς
2419 704 2510 756 καὶ
2551 705 2840 770 ἀσύνθετος
2866 722 2879 735 ⁸
2910 709 3004 761 καὶ
3031 711 3147 773 πῶς
3169 714 3249 775 εἰς
3273 711 3373 782 τὴν
3403 713 3570 766 πολυ-

1990 788 2214 860 μέρειαν
2242 793 2343 862 τὴν
2383 795 2702 868 αἰσθητικὴν
2728 798 3131 870 διασπείρεται;
3167 802 3284 867 πῶς
3314 806 3374 858 ὲν
3404 805 3568 874 μονό-

1984 897 2108 950 τητι
2159 883 2220 935 τὸ
2277 884 2550 949 ποικίλον;
2601 888 2714 951 πῶς
2762 890 2821 940 ὲν
2863 892 3101 963 ποικιλίᾳ
3154 892 3212 945 τὸ
3253 895 3351 960 έν;
3424 898 3568 950 Ἀλλ’

1983 969 2154 1037 ἔγνων
2202 973 2312 1025 τῶν
2348 976 2711 1047 ἠπορημένων
2748 982 2847 1050 τὴν
2886 982 3039 1036 λύσιν
3065 1035 3075 1047 ,
3106 987 3195 1037 ἐπ’
3229 987 3400 1058 αὐτὴν
3431 990 3567 1041 ἀνα-

1981 1061 2201 1133 δραμὼν
2229 1064 2324 1117 τοῦ
2343 1066 2475 1117 Θεοῦ
2506 1067 2600 1138 τὴν
2625 1073 2806 1140 φωνήν
2824 1087 2837 1100 ο
2875 1073 3238 1143 «Ποιήσωμεν
3260 1094 3278 1125 ι
3307 1075 3438 1147 γὰρ,
3462 1094 3536 1148 φη
3558 1107 3570 1117 -

1984 1149 2088 1207 σὶν,
2121 1167 2139 1197 ι
2163 1149 2445 1222 ἄνθρωπον
2470 1158 2585 1208 κατ’
2607 1158 2785 1212 εἰκόνα
2815 1160 2909 1213 καὶ
2938 1161 3057 1215 καθ’
3076 1164 3333 1233 ὁμοίωσιν
3360 1167 3568 1235 ἡμετέ-

1983 1256 2102 1308 ραν.
2131 1256 2149 1288 ι
2191 1242 2253 1294 Ἠ
2286 1244 2391 1314 γὰρ
2424 1245 2585 1301 εἰκὼν
2617 1248 2720 1312 ἕως
2748 1249 2814 1302 ἂν
2841 1253 2898 1304 ὲν
2943 1253 3131 1323 μηδενὶ
3166 1255 3423 1327 λείπηται
3456 1257 3567 1312 τῶν

1980 1330 2120 1382 κατά
2148 1332 2208 1385 τὸ
2249 1335 2553 1404 ἀρχέτυπον
2580 1341 2902 1410 νοουμένων,
2935 1344 3141 1414 κυρίως
3172 1347 3319 1399 ἐστὶν
3362 1348 3530 1401 εἰκών
3550 1366 3563 1376 ·

1980 1419 2100 1472 καθ’
2131 1422 2159 1473 ὃ
2197 1423 2240 1475 δ’
2273 1424 2338 1477 ἂν
2365 1427 2595 1501 διαπέσῃ
2622 1431 2718 1501 τῆς
2744 1433 2879 1503 πρὸς
2903 1435 2962 1486 τὸ
2980 1437 3345 1505 »πρωτότυπον
3375 1441 3566 1508 ὁμοιόν-

1979 1527 2174 1581 τητος,
2208 1518 2326 1568 κατ’
2364 1519 2540 1572 ἐκεῖνο
2576 1522 2637 1572 τὸ
2682 1523 2845 1594 μέρος
2891 1527 3055 1579 εἰκὼν
3103 1528 3203 1580 οὐκ
3248 1529 3414 1582 ἔστιν.

1979 1601 2107 1655 κοῦν
2142 1606 2327 1676 ἐπειδὴ
2358 1608 2415 1659 ἓν
2444 1608 2551 1661 τῶν
2589 1612 2713 1682 περί
2750 1613 2845 1684 τὴν
2876 1615 3024 1668 θείαν
3065 1616 3223 1685 φύσιν
3253 1618 3567 1692 θεωρουμέ-

293 1675 495 1745 ginem,
525 1680 1050 1755 similitudinemque
1079 1698 1343 1742 nostram.
1380 1708 1397 1741 ι
1430 1692 1613 1761 [mago
1649 1694 1694 1748 si
1726 1697 1868 1749 nulla

2037 1711 2089 1745 ον
2133 1697 2251 1749 ἐστὶ
2282 1699 2341 1750 τὸ
2367 1701 2750 1771 ἀκατάληπτον
2781 1707 2879 1775 τῆς
2907 1708 3093 1771 οὐσίας
3115 1724 3126 1737 ·
3164 1711 3378 1782 ἀνάγκη
3411 1715 3565 1768 πᾶσα

292 1765 348 1819 in
391 1776 543 1836 parte
578 1771 850 1829 desideret
877 1791 941 1830 ea
969 1793 1089 1847 qua}
1122 1789 1251 1833 sunt
1280 1781 1332 1834 in
1367 1784 1681 1855 archetypo,
1733 1796 1880 1842 recte

292 1857 501 1912 scilicet
573 1861 752 1932 imago
806 1868 1218 1936 appellabitur:
1262 1872 1346 1925 sin
1397 1875 1576 1944 aliqua
1626 1892 1689 1931 ex
1727 1888 1879 1948 parte

290 1947 699 2007 similitudinem
734 1958 1082 2027 exemplaris,
1114 1960 1180 2014 ad
1228 1962 1374 2031 quod
1405 1974 1488 2019 est
1515 1947 1873 2035 conformata,

290 2054 399 2094 non
446 2042 633 2109 refert,
688 2049 987 2103 secundum
1019 2052 1264 2106 eamdem
1298 2065 1506 2124 partem
1541 2058 1720 2128 imago
1767 2043 1897 2115 non,

288 2140 394 2187 est.
453 2134 688 2199 Quando
747 2139 914 2209 igitur
944 2158 1111 2195 unum
1145 2143 1243 2197 hoc
1276 2157 1361 2200 est
1395 2147 1461 2201 de
1492 2149 1559 2203 iis
1603 2166 1724 2219 qua:
1756 2168 1878 2208 esse

290 2222 345 2274 in
379 2222 488 2279 Deo
518 2236 755 2292 constat,
793 2228 885 2285 Dei
911 2232 1171 2287 nimirum
1204 2243 1457 2290 naturam
1485 2243 1875 2309 compreln-ndi

288 2314 436 2368 nulla
483 2317 713 2372 rationis
742 2321 791 2373 vi
826 2337 1015 2390 posse;
1067 2327 1439 2381 necessarium
1486 2332 1590 2384 erit
1627 2334 1873 2401 omnino,

287 2404 390 2460 hac
422 2408 586 2462 etiam
624 2410 679 2464 in
700 2418 865 2481 parte
895 2414 1183 2485 imaginem
1222 2418 1311 2470 Dei
1347 2420 1399 2471 in
1435 2419 1654 2475 homine
1684 2425 1873 2479 arche-

286 2504 414 2565 typo
448 2513 550 2553 suo
574 2503 926 2571 respondere.
961 2505 1094 2558 Nam
1140 2507 1184 2561 si
1216 2517 1412 2561 natura
1446 2510 1698 2580 imaginis
1733 2531 1870 2584 qua-

1986 1786 2077 1837 καὶ
2100 1789 2157 1838 ἐν
2180 1788 2353 1859 τούτῳ
2379 1791 2474 1861 τὴν
2504 1794 2685 1847 εἰκόνα
2714 1796 2850 1866 πρὸς
2878 1797 2938 1849 τὸ
2964 1798 3268 1869 ἀρχέτυπον
3294 1801 3439 1873 ἔχειν
3464 1804 3563 1875 τὴν

1987 1875 2237 1944 μίμησιν.
2284 1879 2344 1930 Εἰ
2377 1880 2485 1950 γὰρ
2513 1885 2550 1952 ἦ
2586 1884 2683 1952 μὲν
2717 1886 2815 1955 τῆς
2860 1886 3066 1949 εἰκόνος
3098 1889 3257 1957 φύσις
3288 1894 3564 1964 κατελαμ-

1984 1966 2197 2033 ϐάνετο,
2242 1970 2302 2022 τὸ
2350 1971 2407 2024 δὲ
2456 1975 2807 2043 πρωτότυπον
2847 1978 2986 2050 ὑπὲρ
3039 1980 3340 2051 κατάληψιν
3381 1979 3482 2053 ἦν·
3528 1986 3560 2055 ἠ

1982 2059 2288 2131 ἐναντιότης
2334 2064 2441 2118 τῶν
2485 2067 2967 2140 ἐπιθεωρουμένων
3014 2072 3073 2125 τὸ
3118 2072 3561 2145 διημαρτημένον

1981 2150 2076 2220 τῆς
2116 2152 2321 2216 εἰκόνος
2375 2156 2675 2227 διήλεγχεν.
2744 2160 2963 2231 Ἐπειδὴ
3015 2162 3073 2214 δὲ
3123 2163 3405 2233 διαφεύγει
3460 2166 3561 2237 τὴν

1982 2240 2240 2319 γνῶσιννή
2273 2246 2414 2299 κατά
2444 2247 2534 2301 τὸν
2566 2251 2688 2302 νοῦν
2720 2251 2808 2303 τὸν
2843 2253 3110 2323 ἡμέτερον
3135 2255 3315 2323 φύσις,
3354 2257 3412 2318 ὃς
3440 2259 3562 2311 ἐστι

1981 2334 2098 2384 κατ’
2124 2336 2304 2388 εἰκόνα
2328 2337 2419 2389 τοῦ
2444 2340 2745 2403 κτίσαντος,
2767 2343 2968 2414 ἀκριϐῆ
2991 2345 3127 2414 πρὸς
3146 2345 3207 2397 τὸ
3230 2347 3564 2416 ὑπερκείμε-

1980 2442 2069 2479 νον
2111 2428 2221 2498 ἕχει
2259 2431 2359 2501 τὴν
2388 2434 2682 2506 ὁμοιότητα
2708 2478 2721 2500 ,
2762 2436 2841 2508 τῷ
2879 2438 3001 2491 καθ’
3060 2439 3251 2493 ἑαυτὸν
3294 2440 3562 2512 ἀγνώστῳ

1980 2521 2396 2591 χαρακτηρίζων
2419 2526 2514 2595 τὴν
2544 2526 2924 2599 ἀκατάληπτον
2949 2528 3129 2597 φύσιν.

285 2591 352 2646 Iis
395 2595 487 2657 sit,
546 2597 772 2667 intelligi
826 2607 1044 2667 posset;
1098 2600 1375 2670 exemplar
1416 2619 1544 2657 vero
1591 2607 1844 2678 princeps
1895 2625 2061 2681 supra
2126 2591 2717 2685 intelligcnlriaenostra:
2747 2591 2890 2673 vires
2936 2621 3174 2690 positum
3202 2628 3347 2675 esset
3390 2640 3405 2674 :
3443 2621 3561 2677 haec

284 2684 401 2753 ipsa
428 2684 720 2742 diversitas
771 2688 975 2744 indicio
1024 2689 1182 2758 foret,
1224 2700 1491 2761 quantum
1537 2697 1605 2749 ah
1637 2701 1932 2771 archetypo
1982 2703 2158 2774 imago
2190 2684 2323 2775 ipsa,
2342 2709 2687 2762 recessisset.
2715 2707 2869 2763 Nunc
2915 2725 3035 2763 cum
3077 2718 3326 2763 naturam
3361 2714 3561 2768 mentis

284 2785 508 2838 nostra.
541 2779 605 2833 ad
632 2783 895 2837 creatoris
924 2783 1215 2853 imaginem
1267 2785 1442 2849 facta},
1481 2788 1850 2861 intelligentia:
1880 2795 1960 2851 vis
1988 2798 2206 2866 assequi
2247 2815 2351 2853 non
2376 2801 2567 2870 poSsit,
2588 2810 2898 2855 accuratam
2928 2816 2987 2854 ea
3013 2808 3222 2854 natura:
3250 2816 3416 2871 supra
3455 2818 3561 2860 nos

283 2869 598 2926 exsistcntis
639 2872 1048 2928 similitudinem
1093 2877 1289 2945 refert,
1346 2880 1510 2950 inque
1538 2898 1604 2937 eo
1638 2887 1780 2954 quod
1827 2896 1880 2942 et
1932 2889 2049 2959 ipsa
2101 2892 2347 2962 indagari
2379 2869 2503 2947 inon
2555 2901 2759 2964 potest,
2798 2908 3086 2963 expressas
3114 2896 3559 2950 naturaeincom-

284 2962 609 3032 prrhensilis
642 2973 801 3021 notas
828 2970 1089 3025 os:endit.

887 3082 1118 3139 CAPUT
1161 3085 1271 3140 Xll.

282 3184 401 3267 Quia
432 3197 583 3254 parte
617 3191 874 3267 contineri
890 3194 1160 3267 princeps
1216 3198 1381 3250 animi
1426 3198 1658 3266 facultas
1710 3201 1870 3267 (quod

349 3256 673 3326 ἡγεμονικόν
730 3256 1159 3334 (ἔνισι-ϊάίσιιιὶι)
1193 3256 1435 3333 ριιιαιιτιά
1483 3270 1571 3321 sit.
1615 3256 1752 3333 Qua;
1796 3272 1868 3323 la-

349 3342 650 3402 crumarum
686 3345 747 3382 ac
787 3333 927 3385 risus
968 3350 1166 3397 cauare,
1207 3337 1547 3402 explicatum.
1582 3338 1870 3394 Theorema

349 3395 567 3472 {leuique
591 3399 886 3467 physicum,
916 3402 979 3456 de
1006 3395 1527 3472 utateriei,'nuturw,
1582 3426 1644 3461 ac
1678 3411 1867 3464 mentis

349 3466 487 3518 inter
514 3484 568 3521 se
604 3466 788 3523 mquo
816 3487 975 3525 neau.

350 3576 559 3634 idcirco
589 3582 808 3638 tandem
857 3585 1074 3641 curiosa
1110 3588 1324 3645 vanitas
1373 3590 1654 3656 hominum
1683 3594 1869 3662 conje-

279 3672 449 3727 cturis
511 3675 756 3731 visorum
813 3676 1068 3743 facessat,
1116 3696 1257 3750 quos
1300 3685 1499 3739 mentis
1552 3683 1864 3740 facultatem

278 3776 400 3829 ipsa:
420 3763 778 3835 intelligentia
801 3771 1316 3839 comprehenditur,
1342 3775 1602 3830 membris
1633 3777 1865 3830 nonnul-

279 3853 346 3907 lis
371 3858 619 3923 corporis
642 3856 925 3915 includere
953 3875 1062 3914 non
1090 3870 1175 3916 est
1198 3865 1453 3920 veritum.
1498 3865 1633 3919 Nam
1672 3867 1866 3920 horum

278 3945 398 4000 aliis
426 3946 477 3998 in
512 3947 678 4001 corde
719 3950 1015 4019 principem
1049 3953 1217 4007 animi
1249 3955 1354 4008 vim
1380 3957 1651 4011 collocare
1679 3958 1862 4011 visum

278 4047 379 4101 cst,
433 4036 555 4091 aliis
595 4037 647 4090 in
703 4040 930 4095 cerebro
968 4059 981 4096 :
1037 4058 1163 4097 cum
1191 4044 1483 4113 opiniones
1538 4045 1704 4099 hasce
1736 4061 1866 4101 suas

280 4129 489 4185 levibus
539 4129 759 4200 quidem
795 4132 922 4196 illis,
953 4134 1050 4190 sed
1077 4144 1260 4190 tamen
1312 4151 1342 4189 a
1378 4136 1489 4190 veri
1524 4138 1707 4205 specie
1753 4153 1862 4191 non

279 4220 700 4277 abhorrentibus
766 4225 927 4294 plane
1001 4228 1309 4283 rationibus
1355 4227 1705 4282 confirment.
1759 4229 1863 4295 Qui

276 4313 420 4366 eitim
454 4315 601 4369 cordi
641 4317 1005 4386 principatum
1033 4318 1307 4381 deferunt,
1344 4318 1519 4388 ipsius
1547 4320 1649 4374 loci
1689 4321 1858 4374 situm

2499 3095 2891 3152 ΚΕΦΔΛΑΙΟΝ
2927 3099 3029 3154 ΙΒ’.

1986 3206 2291 3285 Ἐέξέταο-ις
2319 3247 2332 3269 ,
2357 3209 2440 3285 ’ἐξ
2479 3210 2593 3285 τίνι
2621 3211 2689 3264 τὸ
2719 3213 3081 3285 ἡγεμονικὸν
3105 3217 3448 3285 νομιστέον,
3487 3220 3558 3275 ἐν

2034 3273 2099 3359 ᾧ.
2119 3278 2217 3330 καὶ
2240 3279 2370 3367 περὶ
2400 3279 2676 3365 δακρύων
2699 3273 2798 3334 κάλ
2826 3273 2960 3367 ἓτερί
2988 3273 3243 3367 ratam-9c
3267 3273 3558 3367 φυσιοέᾷ

2039 3348 2158 3428 τίςι,
2187 3349 2282 3400 καὶ
2314 3347 2653 3428 (ζεώρημάιτι
2676 3347 3103 3428 gnatae-aeriam
3126 3347 3240 3428 τῆξ·
3267 3347 3418 3413 κατὰ
3442 3359 3558 3428 τὴν

2041 3417 2220 3484 ὓλην,
2254 3418 2353 3472 καὶ
2385 3418 2497 3486 τὴν
2525 3417 2735 3488 eum»,
2765 3422 2865 3476 καὶ
2900 3423 3008 3477 τὸν
3037 3417 3196 3479 ἱροῦῦ
3215 3417 3551 3497 κοινωνίας.

2037 3587 2250 3656 Σιγάτω
2294 3590 2470 3644 τοίνυν
2506 3592 2652 3644 πᾶσα
2688 3595 3014 3667 στοχαστικὴ
3047 3599 3405 3668 ματαιολογία
3446 3601 3555 3654 τῶν

1972 3679 2178 3751 μορίοις
2208 3682 2315 3734 τισὶ
2358 3686 2688 3753 σωματικοῖς
2728 3685 2827 3755 τὴν
2865 3688 3064 3758 νοητὴν
3093 3689 3555 3746 ἐναποκλειόντων

1968 3771 2268 3842 ἐνέργειαν,
2290 3765 2363 3826 ὧν
2389 3776 2437 3826 οἰ
2465 3776 2561 3844 μὲν
2584 3777 2639 3829 ὲν
2663 3777 2859 3848 καρδίᾳ
2880 3778 2940 3831 τὸ
2963 3779 3287 3850 ἡγεμονικὸν
3311 3778 3553 3838 εἶναιτί-

1970 3864 2170 3929 θενται,
2202 3866 2252 3917 οἱ
2276 3865 2332 3917 δὲ
2366 3866 2441 3935 τῷ
2467 3868 2752 3939 ἐγκεφάλῳ
2780 3870 2871 3923 τὸν
2901 3871 3024 3925 νοῦν
3055 3874 3424 3929 ὲνδιαιτᾶσθαί
3453 3893 3554 3945 φα-

1970 3973 2086 4018 σιν,
2112 3956 2463 4026 ξὲπιπολαίοις
2497 3960 2606 4011 τισὶ
2652 3961 2972 4033 πιθανότησι
3006 3964 3108 4028 τὰς
3144 3966 3399 4030 τοιαύτας
3432 3970 3555 4021 ὲπι-

1966 4046 2115 4110 νοίας
2144 4047 2493 4118 κρατοῦντες.
2546 4051 2602 4103 Ὀ
2638 4052 2736 4121 μὲν
2767 4053 2876 4124 γὰρ
2916 4057 2981 4125 τῇ
3016 4055 3215 4127 καρδίᾳ
3240 4057 3554 4127 προστιθεὶς

1965 4134 2062 4206 τὴν
2096 4137 2411 4206 ἡγεμονίαν,
2440 4138 2538 4209 τὴν
2579 4142 2720 4195 κατὰ
2744 4142 2906 4194 τόπον
2935 4144 3105 4214 αὐτῆς
3131 4143 3280 4200 θέσιν
3315 4151 3550 4202 ποιεῖται

1965 4223 2058 4276 τοῦ
2098 4224 2256 4289 λόγου
2292 4229 2619 4300 τεκμήριον,
2651 4229 2739 4283 διὰ
2776 4231 2836 4283 τὸ
2872 4231 3048 4285 δοκεῖν
3095 4251 3212 4298 πως
3242 4234 3339 4306 τὴν
3376 4238 3551 4309 μέσην

1965 4315 2057 4368 τοῦ
2097 4317 2297 4381 παντὸς
2340 4318 2591 4389 σώματος
2642 4320 2857 4390 ἐπέχειν
2888 4321 3072 4393 χώραν
3100 4325 3290 4395 αὐτὴν,
3334 4326 3410 4391 ὡς
3453 4330 3551 4400 τῆς

278 4420 376 4473 pro
400 4407 609 4460 ratione
640 4418 926 4478 usurpant.
960 4410 1167 4464 Etenim
1199 4426 1296 4465 cor
1331 4411 1512 4463 locum
1540 4410 1594 4464 in
1627 4410 1865 4468 humano

2037 4410 2359 4480 ιοαιρετικῆς
2405 4414 2669 4481 κινήσεως
2709 4414 2943 4488 εὐκόλως
2975 4419 3039 4468 ὲκ
3074 4415 3165 4468 τοῦ
3209 4417 3375 4487 μέσον
3415 4421 3553 4491 πρὸς

276 4509 509 4561 corpore
568 4503 681 4549 toto
734 4498 970 4552 medium
1011 4516 1181 4571 prope
1229 4501 1482 4556 obtinere
1527 4501 1765 4569 videtur,
1809 4512 1866 4557 ut

277 4595 458 4640 motus
496 4600 526 4639 a
558 4588 789 4641 consilio
819 4589 1096 4657 profectus
1129 4592 1289 4646 facile
1326 4593 1382 4645 in
1414 4608 1618 4663 corpus
1650 4597 1866 4649 univcr-

277 4691 396 4730 sum
430 4693 497 4732 ex
550 4678 654 4733 hoc
709 4681 886 4733 medio
942 4696 1002 4735 se
1035 4681 1398 4745 diffunderet,
1472 4690 1636 4754 atque
1692 4687 1763 4738 ita
1795 4685 1865 4740 ad

277 4768 543 4836 agendum
576 4770 1010 4839 progrederetur.
1040 4772 1175 4827 lluic
1198 4774 1483 4828 sententiae
1519 4775 1651 4829 illud
1696 4776 1860 4831 etiam

278 4862 613 4929 patrocinari
668 4870 884 4932 putant,
944 4863 1091 4933 quod
1146 4864 1367 4919 homine
1406 4867 1490 4921 vel
1547 4876 1743 4923 maesto
1778 4870 1860 4925 vel

276 4952 439 5017 irato,
492 4954 939 5023 perturbationes
992 4955 1307 5025 hujusmodi
1347 4972 1444 5011 cor
1475 4960 1709 5013 maxime
1737 4976 1859 5029 per-

277 5058 495 5099 movere
516 5046 792 5112 videntur,
830 5054 890 5101 ut
938 5047 1132 5102 iisdem
1165 5048 1448 5103 afficiatur.
1485 5049 1723 5105 Cerebro
1758 5053 1858 5122 .qui

280 5135 638 5192 ratiocinandi
662 5139 770 5192 vim
793 5148 1142 5205 consecrant,
1158 5149 1319 5208 caput
1344 5156 1373 5193 a
1393 5149 1585 5195 natura
1605 5152 1862 5213 tanquam

279 5239 460 5279 arcem
497 5229 787 5296 quamdam
847 5231 1018 5286 totius
1074 5234 1325 5301 corporis
1364 5243 1704 5289 exstructum
1743 5251 1867 5291 esse

279 5315 569 5369 alliz-mant.
607 5317 718 5372 llac
771 5319 823 5373 in
849 5335 977 5376 arce
1008 5323 1207 5378 mentis
1257 5324 1419 5379 veluti
1454 5327 1597 5396 regis
1638 5327 1866 5382 domici-

281 5405 412 5459 lium
443 5421 586 5468 esse,
624 5424 744 5476 qua:
769 5411 1008 5482 undique
1033 5429 1291 5469 sensuum
1320 5417 1567 5487 organis,
1600 5426 1859 5486 tanquam

281 5495 656 5565 apparitorum
714 5501 1150 5576 stipatorumque
1217 5507 1481 5562 satellitio
1555 5509 1852 5561 muniatur.

285 5583 521 5642 Utuntur
567 5591 729 5647 etiam
796 5594 860 5650 ad
918 5597 1301 5655 stabiliendam
1331 5602 1659 5653 sententiam
1699 5616 1852 5653 suam

1970 4496 2115 4549 ἅπαν
2158 4498 2519 4571 μεριζομένης
2574 4502 2754 4571 σῶμα,
2807 4506 2900 4557 καὶ
2941 4505 3116 4569 οὕτως
3156 4509 3237 4570 εἰς
3270 4508 3552 4580 ἐνέργειαν

1969 4589 2282 4660 προϊούσης.
2325 4594 2433 4645 Καὶ
2480 4594 2779 4665 μαρτύριον
2835 4599 3070 4652 ποιεῖται
3112 4598 3205 4651 τοῦ
3254 4599 3414 4669 λόγου
3454 4603 3553 4675 τὴν

1966 4680 2214 4752 λυπηράν
2241 4700 2299 4734 τε
2334 4684 2428 4735 καὶ
2460 4685 2680 4757 θυμώδη
2711 4687 2806 4741 τοῦ
2842 4688 3128 4760 ἀνθρώπου
3163 4689 3404 4746 διάθεσιν
3424 4733 3442 4759 ,
3470 4695 3551 4748 ὅτι

1966 4770 2114 4824 δοκεί
2138 4790 2253 4836 πως
2284 4774 2351 4825 τὰ
2373 4774 2598 4829 τοιαῦτα
2636 4776 2783 4848 πάθη
2819 4782 3092 4847 συγκινείν
3119 4780 3180 4832 τὸ
3207 4781 3371 4853 μέρος
3393 4783 3554 4837 τοῦτο

1967 4866 2103 4936 πρὸς
2133 4865 2229 4936 τὴν
2260 4866 2621 4936 συμπάθειαν.
2654 4871 2716 4920 υἱ
2745 4869 2801 4921 δὲ
2826 4870 2916 4922 τὸν
2939 4871 3239 4940 ἐγκέφαλον
3263 4874 3555 4943 ἀφιεροῦνο

1964 4973 2053 5019 τες
2101 4956 2179 5024 τῷ
2208 4955 2479 5027 λογισμῷ,
2512 4957 2700 5028 ὥσπερ
2732 4958 3025 5029 ἀκρόπολίν
3072 4978 3191 5014 τινα.
3219 4961 3312 5015 τοῦ
3350 4966 3553 5029 παντὸς

1968 5048 2219 5119 σώματος
2259 5049 2357 5118 τὴν
2389 5049 2630 5119 κεφαλὴν
2660 5050 2985 5122 δεδομῆσθαι
3016 5057 3169 5123 παρά
3197 5054 3297 5123 τῆς
3333 5055 3552 5124 φύσεως

1966 5138 2246 5206 λέγουσιν·
2284 5143 2514 5193 ἐνοικεῖν
2559 5140 2617 5209 δὲ
2651 5142 2826 5215 ταύτῃ
2869 5142 3123 5217 καθάπερ
3164 5144 3287 5198 τινὰ
3325 5136 3559 5215 βασιλέί

1968 5229 2059 5282 τὸν
2096 5228 2240 5294 νοῦν,
2289 5225 2399 5284 οἷόν
2446 5248 2586 5286 τισιν
2634 5234 3054 5307 ἀγγελιαφόροις
3096 5236 3551 5307 ῆύπασπισταῖο,

1971 5322 2082 5383 τοῖς
2108 5321 2482 5394 αἰσθητηρίοις
2508 5325 2565 5378 ἐν
2592 5324 2777 5396 κύκλῳ
2804 5325 3286 5397 δορυφορούμενον.
3312 5328 3492 5398 Σημεί
3512 5349 3553 5383 ni

1969 5414 2025 5467 δὲ
2073 5416 2165 5467 καὶ
2212 5410 2355 5468 οὗτοι
2396 5418 2493 5485 τῆς
2536 5417 2789 5488 τοιαύτης
2837 5419 3092 5481 ὑπονοίας
3131 5419 3445 5483 ποιοῦνται,
3490 5420 3555 5476 'tb

1969 5506 2308 5576 παράγεσθαι
2337 5507 2430 5559 τοῦ
2465 5508 2800 5572 καθεστῶτος
2832 5511 2919 5564 τὸν
2956 5511 3213 5580 λογισμὸν
3242 5510 3348 5563 τῶν
3379 5529 3553 5567 κεκα-

1931 5605 1937 5610 ’
1966 5600 2226 5670 κωμὲνων
2260 5599 2353 5664 τὰς
2402 5601 2699 5671 μήνιγγας,
2733 5602 2825 5655 καὶ
2863 5603 2922 5655 τὸ
2958 5605 3014 5657 ἐν
3052 5603 3243 5674 ἀγνοίᾳ
3289 5604 3381 5656 τοῦ
3415 5605 3557 5671 πρέο
