3768 6000
195 217 286 278 I57
1160 212 1170 221 ’
1454 223 1540 278 DE
1597 222 1878 280 HOMINIS
1922 222 2237 280 OPlFlClO.
3338 224 3439 280 £58
3524 174 3536 185 ο

189 349 372 399 ⁴ιιινιντοις
397 333 642 403 γίνεσθαι
661 336 787 400 τοὺς
809 336 866 391 ἐν
889 335 1027 409 μέθῃ
1051 339 1560 410 καρηϐαρήσαντας.
1583 341 1677 410 Πρι

1945 356 1969 394 e
2006 348 2346 410 argumento,
2378 342 2524 411 quod
2559 339 2916 395 ratiocinandi
2957 338 3187 395 facultas
3239 340 3292 395 in
3335 342 3433 405 eis,

190 427 388 481 τιθέασι
424 427 481 480 δὲ
512 429 606 481 καί
634 444 789 493 τινας
818 430 1194 502 φυσικωτέρας
1220 432 1396 495 αἰτίας
1440 433 1537 502 τῆς
1579 449 1678 484 τοις

1950 446 2091 485 Μ’(ιίη
2117 432 2415 500 meninges,
2444 432 2543 486 hoc
2574 440 2658 487 est
2693 431 3021 486 membratim
3050 432 3258 485 cerebri
3299 432 3438 485 lmsa:

188 534 278 585 της
300 516 431 587 περὶ
468 517 531 569 τὺ
555 518 887 589 ἡγεμονικὸν
922 520 1170 584 ὑπονοίας
1200 520 1457 592 ἑκάτερος
1484 523 1592 576 τῶν
1628 540 1676 575 τι

1945 530 2010 587 tt,
2043 523 2110 577 de
2141 537 2243 577 suo
2266 523 2421 591 quasi
2462 530 2606 577 statu
2641 523 3031 593 proturbetur:
3074 531 3128 576 et
3158 524 3305 591 quod
3333 524 3433 575 bo-

185 622 296 670 ταις
323 612 448 674 ταῖς
493 609 676 677 δόξαις
721 610 1159 681 παρισταμένων.
1195 612 1254 663 Ὁ
1279 613 1374 681 μὲν
1395 612 1503 683 γὰρ
1528 612 1663 682 πρὸς

1945 629 2037 667 nes
2076 613 2259 668 obruti
2312 614 2595 679 ebrietate,
2650 618 2869 669 omnem
2925 612 3108 667 decori
3169 617 3433 668 rationem

184 698 427 768 πυρῶδες
449 700 724 769 συγγενῶς
758 701 904 771 ἔχειν
932 703 1032 771 τὴν
1060 703 1125 754 ὲκ
1155 701 1256 771 τῆς
1280 702 1518 765 διανοίας
1543 702 1667 771 κίνη

1950 711 2126 758 o’rent.
2161 702 2390 772 Utrique
2422 709 2682 772 praeterea
2707 701 2879 771 magis
2901 702 3063 755 etiam
3088 700 3351 755 doctrinae
3370 702 3436 756 de

186 790 352 857 λέγει,
400 790 490 843 διὰ
525 792 584 844 τὸ
617 793 925 862 ἀεικίνητον
965 788 1103 845 εἶναι
1139 794 1233 845 καὶ⁸
1272 793 1333 846 τὸ
1377 793 1486 865 πῦρ
1532 793 1624 846 καὶ
1656 810 1674 845 1

1942 809 2036 847 um
2069 800 2263 847 natura
2309 799 2703 847 consentaneas
2752 792 2993 845 rationes
3027 790 3326 854 adducunt,
3365 792 3430 844 ad

184 880 438 935 διάνοιαν.
502 884 613 935 Kal.
661 883 849 954 ἐπειδὴ
897 883 1164 952 πηγάζειν
1205 884 1262 937 ὲν
1308 883 1386 953 τῷ
1445 884 1615 955 μορίῳ
1654 903 1672 936 1

1941 884 2185 938 nentiam
2213 883 2280 937 de
2313 882 2577 953 principis
2610 881 2779 935 animi
2811 881 3087 935 facultatis
3113 881 3241 935 sede
3272 896 3429 935 suam

183 971 399 1042 καρδίας
436 974 469 1043 ἠ
506 973 779 1043 θερμότης
814 974 1153 1043 ὁμολογεῖται
1176 991 1189 1004 ·
1230 973 1315 1027 διὰ
1357 973 1517 1027 τοῦτο
1558 975 1671 1044 τῷε

1946 974 2307 1028 tfirmandam.
2336 971 2469 1025 Nam
2502 972 2639 1027 alter
2667 970 2888 1041 quidem
2926 971 3000 1023 ait
3040 977 3248 1024 motum
3282 986 3434 1024 men-

182 1064 378 1132 κινήτῳ
414 1063 516 1132 τῆς
552 1063 887 1134 θερμότητος
923 1065 1022 1135 τὴν
1054 1064 1149 1117 τοῦ
1188 1063 1281 1116 νοῦ
1309 1064 1520 1134 κίνησιν
1556 1065 1670 1117 ὰναε

1957 1070 2125 1139 ignea:
2158 1077 2365 1122 natura:
2405 1065 2617 1121 affinem
2675 1079 2797 1120 esse
2820 1104 2835 1129 ,
2869 1065 3087 1133 quando
3126 1072 3181 1118 et
3210 1064 3350 1132 ignis
3380 1071 3433 1116 et

181 1154 409 1223 χρᾶσθαι
434 1155 631 1222 λέγων,
660 1155 864 1224 δοχεῖω
892 1156 995 1224 τῆς
1028 1156 1220 1225 νοερᾶς
1253 1154 1466 1223 φύσεως
1494 1154 1591 1225 τὴν
1624 1171 1669 1207 κε

1944 1173 2007 1214 ns
2039 1171 2314 1226 nunquam
2347 1169 2453 1208 non
2502 1162 2840 1209 moveantur.
2891 1154 3139 1222 Cumque
3175 1153 3228 1206 in
3270 1152 3432 1205 corde

178 1246 285 1296 δίαν
310 1241 451 1298 εἷναί
480 1262 667 1315 φησιν,
705 1248 762 1298 ὲν
855 1246 915 1298 τὸ
946 1245 1146 1316 Θερμὸν
1169 1246 1570 1315 περιείληπται.
1616 1246 1666 1297 Ὀ

1943 1249 2050 1303 oris
2079 1249 2279 1303 fontem
2311 1262 2432 1302 esse
2466 1248 2536 1301 sit
2566 1248 2620 1300 in
2670 1245 2923 1301 confesso
2943 1284 2957 1310 ,
2992 1244 3196 1298 ideirco
3233 1243 3431 1297 mentis

177 1338 353 1406 ἔτερος
390 1337 529 1389 πᾶσι
559 1339 677 1399 τοῖς
712 1336 1086 1407 αἰσθητηρίοις
1126 1331 1236 1389 οἷον
1284 1336 1596 1407 ὑποϐάθραν
1629 1352 1659 1387 τ

1945 1349 2056 1395 tum
2107 1353 2231 1393 cum
2272 1339 2471 1393 caloris
2523 1337 2821 1391 mobilitate
2883 1336 3042 1406 quasi
3069 1339 3428 1403 temperatum

176 1427 260 1478 καὶ
292 1425 452 1495 ῥίζαν
505 1421 645 1478 εἶναι
685 1425 833 1493 λέγει
864 1426 962 1496 τὴν
1004 1426 1243 1495 μήνιγγα
1286 1424 1459 1494 (οὑτω
1492 1424 1599 1494 γὰρ
1632 1424 1664 1475 ό

1941 1448 1997 1501 e,
2023 1446 2225 1501 corque
2268 1431 2405 1485 adeo
2460 1437 2668 1483 naturae
2725 1429 3079 1498 intelligentis
3111 1434 3428 1494 receptacu-

178 1518 403 1587 μάςουσι
432 1517 526 1571 τὸν
560 1519 908 1589 περιεκτικὴν
933 1517 1027 1570 τοῦ
1054 1517 1355 1586 ἐγκεφάλου
1383 1517 1621 1587 ὑμένα)’
1656 1535 1666 1569 :

1941 1538 1960 1576 λ
1994 1523 2207 1586 statuit,
2258 1521 2402 1591 quod
2445 1521 2597 1574 calor
2622 1534 2685 1574 eo
2720 1519 3084 1573 contineatur.
3127 1516 3274 1569 Alter
3301 1528 3429 1568 vero

174 1608 337 1677 τούτῳ
362 1609 682 1662 πιστοῦνται
705 1609 796 1662 τόν
828 1609 955 1662 ἴδιον
979 1609 1155 1677 λόγον,
1173 1610 1248 1672 ὼς
1277 1609 1374 1679 οὑχ
1400 1608 1622 1679 ἑτέρωθι
1652 1625 1662 1640 ι

1941 1616 2156 1685 ningem
2218 1615 2319 1685 (sic
2353 1615 2498 1668 enim
2545 1612 2818 1682 appelLant
2865 1610 3235 1664 membranam
3280 1620 3428 1660 cere-

172 1672 423 1767 νοητίκῆς
451 1697 735 1768 ἐνεργείας
767 1672 1200 1767 καθιδρυμένης,
1227 1701 1275 1750 εί
1418 1672 1537 1750 κατ’
1571 1700 1660 1750 ὲκε

1937 1722 2007 1761 tm
2050 1703 2483 1776 amplectentem)
2520 1703 2761 1757 omnium
2819 1715 3150 1771 organorum
3185 1697 3425 1753 sentien-

172 1786 227 1839 τὸ
260 1786 452 1856 μέρος,
473 1779 521 1854 ᾧ
548 1788 643 1840 καί
667 1787 727 1839 τὸ
752 1784 846 1849 οὖς
875 1788 1289 1858 ὲφηρμοσμένον
1314 1788 1410 1851 τὰς
1439 1790 1660 1858 ὲμπιπτ‹

1939 1813 1983 1852 m
2014 1796 2183 1851 veluti
2235 1798 2419 1851 basem
2451 1810 2514 1849 ac
2545 1795 2781 1848 radicem
2810 1792 3101 1862 quamdam
3135 1805 3258 1843 esse
3283 1786 3427 1842 allir-

174 1878 433 1946 σαςαὺτῴ
466 1878 651 1944 φωνὰς
682 1879 1077 1949 προσαράσσει.
1113 1881 1224 1934 Καὶ
1260 1882 1292 1950 ὴ
1336 1879 1456 1949 ὄψις
1490 1879 1662 1933 κατὰε

1940 1895 1979 1943 t.
2022 1887 2159 1941 Huic
2190 1900 2317 1955 ergo
2382 1883 2657 1954 prOpriam
2696 1882 2961 1935 rationem
2997 1878 3155 1948 quasi
3210 1877 3428 1939 credere

172 1969 415 2039 πυθμένα
440 1971 541 2038 τῆς
569 1970 679 2023 τῶν
706 1969 997 2041 ὀφθαλμῶν
1028 1970 1188 2042 ἕδρας
1224 1975 1627 2041 συμπεφυκυῖα,
1659 2004 1660 2011 η

1941 1997 1955 2033 ι
1985 1978 2215 2042 dubitat,
2251 1990 2425 2045 neque
2454 1975 2564 2028 ullo
2597 1974 2707 2026 alio
2746 1972 2802 2025 in
2850 1971 2971 2025 loco
2996 1968 3308 2031 facultatem
3342 1968 3429 2045 in-

169 2062 269 2117 τῶν
293 2063 686 2132 ἐμπιπτόντων
734 2066 855 2126 ταῖς
893 2064 1081 2134 κόραις
1112 2064 1345 2118 εἰδώλων
1380 2065 1517 2135 πρὸς
1545 2065 1605 2117 τὸ
1639 2066 1657 2117 ἓ

1936 2072 2173 2140 .igentem
2206 2068 2365 2123 sitam
2398 2066 2698 2126 existimat,
2728 2070 2883 2117 extra
2932 2076 3095 2131 quam
3141 2074 3203 2114 ea
3234 2060 3287 2111 in
3324 2044 3424 2111 Ιιβ

169 2154 397 2204 ποιεῖται
433 2150 534 2221 τὴν
562 2151 828 2205 τύπωσιν.
864 2152 969 2205 Kal.
1002 2152 1108 2207 τῶν
1141 2152 1329 2222 ἀτμῶν
1371 2155 1427 2206 αἰ
1464 2154 1657 2223 ποιότηί

1938 2159 2009 2213 iis
2043 2165 2217 2226 parte,
2246 2155 2310 2207 ad
2366 2168 2528 2223 quam
2575 2166 2737 2206 aures
2801 2150 3089 2220 aptissime
3137 2146 3426 2215 adjunctre,

166 2243 248 2295 διὰ
268 2243 371 2312 τῆς
398 2242 859 2314 τῶνόσφρήσεων
886 2244 1052 2313 ὁλκῆς
1093 2246 1151 2297 ἐν
1176 2245 1325 2314 αὑτῴ
1358 2246 1654 2315 διακρίνοντ

1941 2262 2009 2302 es
2038 2246 2141 2300 sibi
2174 2243 2475 2299 incidentes
2509 2242 2666 2311 quasi
2700 2239 2948 2294 nonnihil
2984 2236 3251 2308 pulsando
3282 2234 3429 2291 defe-

168 2333 267 2385 Καί
305 2335 339 2403 ἡ
390 2334 536 2387 κατὰ
575 2336 677 2405 τὴν
719 2334 909 2402 γεῦσιν
954 2335 1204 2406 αἴσθησις
1241 2340 1304 2407 τῇ
1347 2337 1656 2406 ἐπικρίσεισ

1937 2345 1995 2390 it.
2029 2335 2127 2391 Cui
2165 2342 2421 2404 aspectus
2459 2333 2513 2386 in
2551 2333 2656 2384 ima
2686 2330 2974 2384 oculorum
3010 2328 3137 2382 sedc
3167 2343 3196 2380 a
3234 2335 3425 2380 natura

169 2426 427 2495 μήνιγγος
447 2425 824 2494 δοκιμάζεται,
854 2428 919 2479 ἐκ
949 2426 1043 2479 τοῦ
1087 2427 1352 2494 σύνεγγυς
1382 2428 1638 2496 ἐκφύσεις

1938 2439 2248 2486 iterescens,
2292 2436 2387 2491 per
2435 2420 2728 2475 incidentia
2763 2418 2816 2471 in
2846 2416 3077 2487 pupulas
3112 2415 3425 2475 simulacra,

165 2514 255 2578 vi;
290 2516 585 2586 νευρώδεις
609 2516 703 2584 ἀφ’
731 2518 929 2587 ἑαυτῆς
969 2517 1290 2588 αἰσθητικὰς
1326 2518 1413 2571 διὰ
1446 2519 1552 2570 τῶν
1579 2519 1653 2585 αὑ

1940 2531 2031 2569 um
2085 2514 2290 2568 formas
2314 2511 2561 2566 ‘interius
2607 2508 2887 2578 exprimit,
2947 2506 3210 2559 balituum
3263 2506 3425 2558 etiam

166 2606 283 2659 νίων
327 2606 645 2660 σπονδύλων
689 2609 784 2660 ἐπὶ
813 2608 903 2660 τὸν
941 2608 1204 2679 ἠθμοειδῆ
1248 2610 1412 2678 πόρον
1449 2609 1589 2675 κατὰ
1618 2627 1654 2661 τ‹

1942 2608 2136 2660 ilitates
2177 2619 2274 2673 per
2324 2604 2587 2657 odoratus
2613 2598 2994 2654 attractioncm
3034 2596 3136 2649 bac
3186 2595 3239 2648 in
3276 2601 3430 2664 parte

167 2697 343 2749 αὑτόοι
384 2697 530 2766 μύας
557 2699 1023 2771 ὲγκαταμιξάσης.
1065 2700 1208 2769 Ἐγὼ
1242 2702 1298 2754 δὲ
1327 2702 1387 2754 τὸ
1422 2702 1522 2771 μὲν
1555 2703 1655 2754 ἐπι·

1941 2704 2249 2754 cernuntur.
2305 2694 2505 2749 Eodem
2537 2692 2701 2768 modo
2723 2705 2847 2759 quae
2885 2702 2916 2741 a
2978 2702 3145 2742 sensu
3177 2692 3429 2755 gustatus

168 2788 454 2859 ράσσεσθαι
500 2790 762 2854 πολλάκις
798 2793 932 2861 πρὸς
964 2792 1061 2855 τὰς
1094 2793 1201 2845 τῶν
1246 2794 1584 2864 παθημάτων
1630 2796 1655 2846 ὲ

1944 2790 2239 2860 cipiuntur,
2271 2786 2514 2856 ejusdem
2544 2782 2816 2851 meningis
2840 2780 3036 2835 vicinae
3070 2777 3279 2847 judicio
3302 2776 3432 2832 sub-

166 2881 459 2950 κρατήσεις
487 2882 550 2934 τὸ
584 2882 928 2953 διανοητικὸν
967 2886 1068 2954 τῆς
1096 2886 1297 2955 ψυχῆς,
1336 2887 1431 2939 καί⁵
1468 2886 1647 2955 suam

1986 2892 2214 2934 necesse
2270 2885 2374 2939 est,
2432 2872 2653 2944 quando
2721 2885 2784 2924 ea
2850 2869 3106 2924 surculos
3163 2865 3428 2938 quosdam

165 2970 280 3024 σθαι
310 2972 413 3041 τῆς
436 2973 582 3025 κατὰ
610 2973 770 3042 φύσιν
795 2976 1074 3045 ἐνεργείας
1095 2977 1187 3030 τὸν
1210 2976 1468 3047 λογισμὸν
1496 2977 1559 3029 ἐκ
1596 2995 1649 3031 τι

1943 2986 2093 3035 veos,
2122 2969 2322 3038 quibus
2351 2982 2416 3021 ex
2444 2966 2560 3035 ipsa
2585 2963 2668 3018 vis
2692 2962 2833 3017 inest
2855 2958 3149 3021 sentiendi,
3185 2972 3279 3026 per
3310 2969 3431 3010 cer-

163 3061 482 3132 σωματικῆς
531 3063 935 3133 περιστάσεως,
987 3065 1184 3135 ἀληθὲς
1231 3062 1373 3118 εἶναί
1420 3084 1594 3137 φημι·

1939 3066 1982 3119 is
2003 3061 2283 3117 vertebras
2317 3057 2384 3112 ad
2411 3063 2645 3110 meatum
2669 3069 2830 3124 quem
2861 3053 2930 3106 ab
2960 3049 3168 3112 isthmi,
3195 3049 3297 3102 hoc
3324 3055 3427 3108 est,

164 3155 345 3226 πηγήν
371 3171 499 3207 τινα
527 3155 621 3207 τοῦ
653 3155 794 3209 κατὰ
821 3156 881 3208 τὸ
910 3157 1068 3227 σῶμα
1095 3157 1376 3227 πυρώδους
1402 3158 1500 3228 τὴν
1523 3160 1652 3231 καρῦ

1944 3165 2091 3221 gusta:
2123 3154 2268 3206 inter
2305 3150 2413 3203 duo
2466 3146 2638 3200 maria
2714 3156 2867 3202 terra!
2888 3142 3234 3199 similitudine
3254 3138 3432 3210 appel-

159 3240 323 3308 εἶναι,
384 3244 525 3315 πρὸς
578 3246 676 3308 τὰς
737 3246 1003 3318 θυμὼδεις
1057 3249 1234 3318 ὁρμὰς
1285 3230 1647 3321 συγκινουμέν

1942 3239 2272 3315 ιὴθμοειδῆ,
2311 3240 2609 3300 derivatos,
2651 3234 2919 3291 musculis
2946 3233 3148 3288 ibidem
3199 3231 3322 3286 sitis
3349 3230 3430 3282 in-

159 3337 262 3391 Ka‘t
290 3340 377 3390 ἐτι
407 3337 548 3409 πρὸς
569 3337 798 3403 τούτοις,
828 3339 888 3391 τὸ
912 3340 1316 3410 ὑποϐεϐλῆσθαι
1355 3345 1465 3405 τοῖς
1489 3320 1647 3414 αἰσθη

1939 3338 1999 3391 it.
2034 3335 2146 3405 Ego
2195 3347 2322 3386 vero
2356 3345 2466 3384 non
2497 3327 2733 3382 difliteor
2780 3325 3096 3379 facultatem
3136 3321 3304 3376 animi
3341 3320 3424 3373 in-

161 3428 290 3496 ρίοις
315 3429 421 3499 τὴν
460 3430 728 3498 μήνιγγα,
770 3430 911 3483 κατὰ
944 3430 1034 3484 τὸν
1078 3431 1233 3499 λόγον
1266 3433 1375 3485 τῶν
1412 3434 1482 3487 τὰ
1516 3411 1649 3487 τοιαί

1945 3427 2179 3496 igentem
2210 3436 2352 3490 saepe
2384 3435 2414 3473 a
2445 3419 2760 3472 morborum
2792 3414 3052 3468 violentia
3078 3411 3275 3465 victam
3307 3425 3429 3479 pcr-

157 3518 663 3586 φυσιολογούντων,
726 3522 1240 3593 περιπτυσσομένην
1298 3525 1355 3576 ὲν
1427 3514 1605 3594 ἑαυτῆ

1942 3517 2093 3582 bari,
2149 3522 2204 3569 et
2277 3528 2341 3567 ex
2391 3524 2558 3564 causa
2613 3514 2844 3561 externa
2894 3512 3102 3573 partem
3144 3501 3430 3555 ratiocina.

154 3610 458 3680 ἐγκέφαλον
479 3649 495 3674 ,
550 3610 647 3664 καὶ
698 3614 813 3675 τοῖς
866 3612 1071 3667 ἐκεῖθεν
1130 3592 1322 3684 ἀτμοῖς
1382 3592 1642 3684 ὑπαλειιρο

1938 3626 2041 3665 :em
2073 3608 2127 3661 in
2184 3602 2503 3658 eﬂicacitate
2553 3614 2651 3651 sua
2709 3595 2946 3649 naturali
2975 3592 3133 3679 quasi
3182 3592 3426 3645 hebetem

154 3718 249 3771 νην
278 3745 295 3766 ,
376 3702 487 3755 τῶν
543 3706 666 3766 ταῖς
721 3705 1079 3775 ἀνατομικαῖς
1136 3683 1392 3776 θεωρίαις
1455 3683 1642 3777 ὲσχολα

1940 3703 2025 3757 Idi.
2063 3699 2238 3752 Etiam
2300 3692 2445 3764 quod
2481 3700 2565 3745 est
2631 3689 2849 3758 igneum
2893 3686 2950 3739 in
2988 3700 3239 3752 corpore,
3273 3683 3428 3751 profi-

152 3810 261 3847 των
289 3796 356 3848 τὸ
385 3796 630 3848 τοιοῦτον
658 3796 893 3863 ἁκούων,
930 3799 1032 3851 οὑκ
1069 3798 1245 3851 ἀθετῶ
1276 3798 1338 3850 τὸ
1366 3799 1640 3870 λεγόμενοι

1940 3796 1986 3850 ci
2042 3807 2108 3847 ex
2154 3786 2319 3842 corde
2348 3793 2606 3852 tanquam
2640 3795 2707 3834 ex
2740 3778 2907 3839 fonte,
2956 3775 3207 3842 idemque
3236 3787 3331 3826 cor
3365 3769 3428 3822 ad

155 3884 515 3939 vehementes
562 3886 729 3938 animi
794 3887 1188 3941 commotiones
1230 3902 1335 3941 una
1366 3862 1569 3944 moveri
1609 3907 1713 3945 non
1744 3904 1884 3960 nego
1920 3906 1934 3941 :
1969 3881 2203 3948 denique
2250 3891 2318 3929 ne
2370 3874 2474 3927 hoc
2509 3869 2728 3940 quidem
2787 3865 3016 3931 inﬁcior,
3068 3862 3429 3917 membranam

151 3978 442 4065 cerebrum
480 3977 785 4045 amplexam
811 3993 1069 4033 sensuum
1116 3982 1334 4049 organis
1378 3982 1552 4037 instar
1591 3984 1737 4039 basis
1769 3954 2057 4051 cujusdam
2093 3985 2245 4034 esse,
2282 3974 2341 4021 ut
2372 3963 2642 4043 quosdam
2672 3960 2740 4014 de
2767 3960 2929 4013 rebus
2971 3957 3121 4010 hisce
3164 3954 3436 4009 disserere

150 4056 384 4138 scimus,
446 4086 572 4140 qua:
622 4072 906 4126 cerebrum
951 4073 1054 4127 sibi
1109 4075 1407 4130 involutum
1439 4080 1737 4142 contineat,
1772 4050 1849 4132 et,
1882 4071 2146 4129 halitibus
2182 4064 2250 4118 ab
2300 4060 2523 4130 organis
2566 4069 2828 4112 sensuum
2884 4052 3140 4123 profectis
3170 4050 3325 4121 quasi
3360 4050 3420 4104 rio

147 4177 304 4237 getur
330 4186 345 4220 :
383 4166 610 4236 quando
631 4182 716 4222 me
743 4168 1056 4238 bujusmodi
1079 4172 1323 4240 quaedam
1354 4173 1421 4227 ab
1448 4174 1535 4239 iis,
1565 4175 1657 4244 qui
1696 4174 1811 4228 haec
1842 4184 1939 4241 per
1965 4175 2258 4233 corporum
2292 4156 2561 4212 sectiones
2588 4156 2865 4219 comperta
2896 4147 3184 4213 habebant,
3215 4145 3439 4199 audisse

148 4262 528 4316 commemini.
3240 4262 3243 4263 '

215 4358 292 4411 οὗ
351 4356 464 4427 μὴν
504 4354 780 4420 ἀπόδειξιν
826 4357 1084 4426 ποιοῦμαι
1127 4358 1329 4427 ταύτην
1371 4356 1467 4408 τοῦ
1496 4355 1703 4408 τοπικαῑ

1949 4344 2126 4399 ferum
2158 4352 2500 4409 nequaquam
2528 4337 2781 4391 existimo
2809 4332 3172 4389 demonstrari
3202 4347 3296 4403 per
3320 4332 3437 4387 haec

147 4463 253 4499 τισι
335 4425 714 4515 περιγραφαῖς
776 4425 1231 4516 ἐμπεριειλῆφθαι
1288 4425 1391 4516 ⁷τὴν
1452 4442 1635 4512 ἁσώμο

1946 4452 2032 4501 se,
2068 4441 2319 4487 naturam
2373 4436 2647 4498 expertem
2699 4427 2950 4497 cosporis
3004 4427 3123 4480 loco
3186 4425 3434 4494 spatiove

148 4537 330 4603 φύσιν·
402 4536 518 4595 Τάς
582 4552 641 4587 τε
706 4535 816 4605 γὰρ
886 4535 1210 4606 παραφορὰς
1282 4535 1382 4587 οὑκ
1446 4534 1510 4586 ὲκ
1576 4534 1636 4603 μό

1944 4525 2127 4595 ιονίριο
2159 4521 2446 4577 contineri.
2509 4517 2642 4572 Nam
2701 4518 2898 4574 mentis
2950 4517 3141 4571 deliria
3199 4532 3307 4570 non
3366 4531 3432 4570 ex

148 4626 532 4698 καρηεαρείας
581 4626 826 4694 γίνεσθαι
870 4614 1288 4697 μεμαθήκαμεν,
1338 4625 1471 4678 ἀλλὰ
1506 4624 1601 4677 καὶ

1938 4620 2113 4672 'ietate
2144 4614 2259 4669 sola
2292 4612 2422 4665 oriri
2452 4617 2667 4665 constat
2697 4628 2711 4675 ;
2748 4610 2841 4664 sed
2884 4618 2936 4663 et
2968 4610 3019 4662 in
3056 4608 3192 4672 illis,
3230 4608 3426 4676 quibus

145 4696 238 4781 τὰς
268 4696 523 4787 πλευρὰς
551 4716 914 4781 ὑπεζωκότων
945 4696 1158 4787 ὑμένων
1189 4715 1453 4784 ἐμπαθῶς
1475 4716 1633 4767 διατει

1942 4707 2183 4761 ιηιπαηαῑ
2210 4702 2379 4757 costis
2403 4700 2677 4755 subtensae
2740 4700 2932 4752 morbo
2978 4699 3164 4766 aliquo
3225 4696 3426 4749 affecta:

147 4824 270 4875 των,
299 4808 514 4880 ὁμοίως
542 4810 851 4880 ἀρρωστεῖν
876 4808 937 4861 τὸ
978 4786 1315 4880 διανοητικὸν
1342 4806 1635 4877 διορίζοντα

1947 4807 2003 4862 ιι,
2028 4797 2219 4853 eodem
2253 4792 2416 4847 modo
2447 4792 2836 4860 inlelligeutem
2881 4789 3192 4842 facultatem
3243 4786 3435 4838 debili-

147 4899 239 4967 τῆς
272 4879 532 4969 ἰατρικῆς
555 4879 938 4967 ἐπιστήμονες,
967 4898 1208 4967 φρενῖτιν
1230 4894 1292 4947 τὸ
1322 4894 1487 4957 πάθος
1518 4893 1635 4946 καλε

1938 4890 1975 4953 i,
2005 4888 2163 4959 periti
2189 4887 2324 4940 artis
2357 4883 2637 4939 medicina:
2670 4879 3216 4948 tradunt.Appellant
3243 4884 3422 4930 autem

146 5004 255 5055 τες,
285 4987 482 5057 ἐπειδὴ
519 4986 717 5056 φρένες
741 4989 853 5049 τοῖς
882 4987 1044 5055 ὑμέσι
1075 4986 1284 5048 τούτοις
1316 4986 1431 5037 ἐστὶ
1458 4983 1519 5037 τὸ
1547 4983 1634 5036 ὀνο

1939 4980 2108 5057 morbi
2142 4994 2312 5049 genus
2346 4975 2704 5047 phrenitidem
2733 4990 2761 5028 a
2781 4972 3098 5043 pbrenibus,
3120 4983 3228 5037 quo
3258 4983 3427 5023 mem-

146 5081 254 5151 Καὶ
300 5083 336 5152 ἡ
376 5081 491 5135 ἀπὸ
536 5081 636 5150 τῆς
696 5078 874 5149 λύπης
920 5080 1012 5131 ἐπὶ
1056 5080 1154 5147 τὴν
1202 5078 1430 5149 καρδίαν
1482 5091 1634 5145 γινομ

1933 5086 2030 5123 inte
2057 5074 2175 5122 ista:
2205 5067 2423 5121 nomine
2462 5071 2742 5118 notantur.
2782 5060 2994 5115 Doloris
3035 5071 3162 5111 vero
3204 5071 3421 5114 sensus.

146 5146 502 5241 συναίσθησις
525 5146 887 5237 ὲσέσαλμένως
911 5146 1235 5219 ὑπονοείται.
1363 5164 1471 5236 γὰρ
1491 5166 1590 5234 τῆς
1614 5181 1634 5215 ι

1937 5166 1940 5216 i
1970 5180 2033 5219 ex
2069 5160 2330 5215 mmstitia
2366 5155 2672 5212 redundare
2720 5152 2785 5205 ad
2822 5165 2918 5204 cor
2973 5148 3195 5213 dicitur,
3251 5146 3425 5201 homi-

141 5263 276 5329 δίας,
308 5239 449 5318 ἀλλὰ
483 5261 581 5316 τοῦ
615 5260 887 5329 στόματος
915 5261 1011 5329 τῆς
1053 5259 1261 5321 κοιλίας
1286 5255 1629 5328 δριμυσσομέε

1936 5270 1978 5307 m
2013 5266 2202 5308 errore
2252 5264 2359 5303 non
2389 5255 2556 5303 caret.
2614 5246 2750 5298 Cum
2789 5241 2932 5295 enim
2987 5255 3093 5299 non
3153 5254 3266 5304 cor,
3329 5239 3424 5294 sed

142 5360 218 5420 εἰς
267 5357 370 5429 τὴν
410 5356 648 5428 καρδίαν
684 5354 749 5406 τὸ
800 5353 970 5415 πάθος
1014 5354 1105 5405 ὑπ’
1155 5351 1409 5421 ἀπειρίας
1457 5348 1630 5415 ἅνόιγοπ

1930 5344 2097 5399 :ulum
2126 5338 2391 5395 stomachi
2435 5336 2546 5390 acri
2578 5336 2767 5390 dolore
2795 5339 3056 5395 tentetur,
3088 5345 3189 5385 nos
3239 5339 3418 5383 tamen

141 5423 389 5501 Τοιοῦτον
429 5423 499 5500 δέ’
523 5446 579 5498 τί
623 5459 796 5513 φασιν
832 5444 881 5495 οἰ
923 5440 1324 5511 ὲπεσκεμμένοι
1363 5438 1429 5490 δι’
1456 5436 1629 5506 ἁκριϐε

1943 5447 2040 5487 cor
2070 5430 2321 5485 morbum
2358 5428 2505 5482 hunc
2542 5442 2606 5480 cx
2650 5424 3187 5495 imperitiaquadam
3234 5423 3423 5477 referi-

138 5539 208 5592 τὰ
240 5541 410 5611 πάθη,
449 5539 536 5592 ὅτι
568 5532 948 5605 συμπτώσεως
971 5532 1081 5585 τῶν
1104 5532 1285 5602 πόρων
1326 5529 1417 5583 καὶ
1452 5527 1626 5599 μύσειι

1930 5544 1991 5583 IS.
2023 5524 2271 5587 Tradunt
2299 5529 2479 5576 autem
2502 5521 2812 5589 ltujusmodi
2843 5518 3099 5588 quiddam
3136 5518 3193 5577 ii,
3222 5516 3418 5585 quibus

137 5634 254 5697 ταῖς
282 5632 568 5705 λυπηραῖς
615 5626 891 5681 διαθέσεσι
924 5625 1165 5696 φυσικῶς
1196 5642 1259 5677 πε
1271 5625 1319 5695 pl.
1346 5624 1490 5678 ἅπαν
1516 5639 1625 5690 γινς

1928 5629 2100 5674 .‘uratc
2139 5617 2455 5671 morborum
2499 5615 2738 5674 rationes
2774 5620 3071 5683 perspectae
3092 5617 3241 5671 sunt,
3267 5603 3416 5675 quod
