3794 6000
344 181 449 239 159

1571 178 1629 236 S.
1664 179 1989 237 GREGORII
2017 181 2059 238 Ν
2072 182 2313 240 YSSENI

3499 184 3607 239 160

343 310 468 350 cum
499 308 530 347 a
564 301 759 348 natura
807 292 887 348 sic
917 299 1293 362 comparatum
1331 292 1423 356 sit,
1457 299 1516 346 ut
1548 292 1602 346 in
1650 292 1913 349 maestitia

2076 314 2113 363 ίς
2146 296 2207 350 τὸ
2241 278 2421 368 σῶμα,
2455 297 2591 368 πρὸς
2619 296 2717 361 τὰς
2750 298 2807 350 ὲν
2839 296 2914 367 τῷ
2943 297 3096 367 βάθει
3129 296 3440 367 κοιλότητας
3472 313 3607 349 ουν-

345 393 620 441 meatuum
651 392 767 439 toto
799 398 1031 453 corpore
1052 384 1357 438 contractio
1389 384 1637 454 quaadam
1682 393 1738 441 et
1765 401 1915 441 com-

347 478 561 547 pressio
588 476 722 530 ﬁat:
756 474 1024 546 quidquid
1061 475 1213 530 exire
1250 476 1508 545 impedita
1552 478 1918 546 respiratione

350 576 605 635 nequeat,
638 565 705 619 ad
724 566 900 645 {imam
923 565 1171 635 corporis
1193 567 1548 636 capacitatem
1575 566 1915 622 detrudatur.

351 654 478 710 Inde
527 656 854 720 usuvcnire,
905 662 963 708 ut
1020 671 1144 709 cum
1199 655 1266 709 ad
1324 655 1737 724 reSpirationem
1778 656 1918 711 facta

351 748 564 802 viscera
595 747 664 801 ab
694 747 782 809 iis,
820 762 848 800 a
882 748 1083 817 quibus
1133 747 1379 817 undique
1437 749 1809 813 continentur,
1862 750 1916 804 in

353 846 644 907 angustum
678 846 977 903 arctanlur,
1007 839 1326 909 plerumque
1359 840 1650 915 violentior
1693 842 1922 911 spiritus

353 931 606 984 attractio
648 939 860 984 naturae
894 932 941 983 vi
970 931 1079 994 liat,
1139 946 1260 1000 quae
1317 933 1463 1002 quod
1519 941 1603 988 est
1652 943 1920 988 arctatqu

353 1021 582 1077 dilatare
614 1024 829 1086 nititur,
868 1031 926 1077 ut
948 1040 1012 1080 ea
1044 1040 1165 1095 quae
1197 1040 1516 1094 compressa
1564 1032 1716 1090 sunt,
1752 1025 1922 1081 vicis-

357 1112 460 1167 sim
511 1113 856 1168 diducantur.
907 1113 1080 1183 Atque
1133 1116 1445 1184 hujusmodi
1498 1116 1553 1169 in
1601 1114 1925 1184 respirando

357 1201 729 1258 ditiicultatem
764 1206 1038 1261 mestitiae
1073 1205 1335 1261 iudicium
1364 1205 1639 1276 quoddam
1664 1220 1786 1261 esse
1812 1216 1926 1261 sta-

360 1297 587 1359 tuimus,
615 1296 761 1366 quod
787 1307 841 1352 et
866 1296 1162 1366 suspirium
1193 1305 1247 1351 et
1275 1297 1536 1367 gemitum
1564 1296 1923 1367 appellamus.

364 1386 454 1442 Sic
482 1387 626 1458 quod
652 1398 838 1459 partes
869 1390 1020 1444 cordi
1054 1388 1342 1459 contiguas
1382 1404 1628 1458 premere
1680 1394 1925 1459 putatur,

362 1492 470 1532 non
497 1480 703 1555 cordis,
745 1480 839 1535 sed
868 1482 982 1537 oris
1024 1481 1078 1535 in
1106 1481 1407 1538 ventriculo
1428 1481 1656 1535 molesta
1685 1488 1769 1536 est
1795 1479 1925 1534 alle-

360 1566 492 1631 ctio,
531 1566 721 1621 iisdem
762 1583 831 1623 ex
870 1569 1057 1623 causis
1106 1577 1250 1629 orta,
1288 1569 1354 1623 de
1388 1568 1592 1638 quibus
1647 1576 1929 1623 meatuum

2020 384 2238 439 ωθεῖται
2264 389 2371 441 πᾶν
2397 387 2460 440 τὸ
2487 387 2622 459 πρὸς
2648 387 2747 456 τὴν
2776 387 3029 457 διαπνοὴν
3058 386 3396 455 κωλυόμενον
3417 402 3429 414 ·
3478 385 3610 440 ὅθεν

2022 476 2116 529 καὶ
2158 476 2263 531 τῶν
2301 476 2743 532 ἁναπνευστικῶν
2788 478 3108 547 σπλάγχνων
3161 475 3613 547 στενοχωρουμέ-

2018 585 2127 631 ,νων
2153 566 2231 639 τῷ
2278 571 2600 640 περιέχοντι,
2654 568 2932 640 βιαιοτέρα
2976 568 3234 630 πολλάκις
3267 569 3300 638 ἡ
3337 565 3471 639 ὁλκὴ
3502 565 3610 619 τοῦ

2024 658 2331 728 πνεύματος
2366 661 2471 714 ὑπὸ
2511 661 2607 730 τῆς
2644 660 2859 728 φύσεως
2891 658 3125 727 γίνεται,
3184 657 3320 728 πρὸς
3362 657 3460 726 τὴν
3492 655 3613 708 τῶν

2027 751 2503 820 συμπεπτωκότων
2531 750 2811 820 διαστολὴν
2844 749 2906 803 τὸ
2953 748 3213 803 στενωθὲν
3240 745 3608 818 εὐρυνούσης.

2027 839 2100 891 Τὸ
2129 839 2185 892 δὲ
2226 841 2462 897 τοιοῦτον
2503 839 2690 913 ἆσθμα
2719 843 3031 911 σύμπτωμα
3058 839 3235 910 λύπης
3272 837 3610 907 ποιούμεθα.

2030 931 2327 1001 στεναγμὸν
2343 932 2472 984 αὐτὸ
2485 934 2578 984 καὶ
2603 931 3036 1001 ἀναποτνιασμὸν
3050 929 3421 999 ὀνομάζοντες.
3441 926 3615 979 Ἀλλὰ

2028 1020 2124 1075 καὶ
2159 1020 2219 1074 τὸ
2254 1020 2445 1074 δοκοῦν
2484 1022 2790 1076 ὑποθλίσειν
2834 1022 2894 1076 τὸ
2927 1019 3274 1092 περικάρδιον
3322 1017 3506 1088 μέρος,
3542 1016 3616 1068 οὐ

2029 1113 2129 1182 τῆς
2168 1114 2420 1185 καρδίας,
2468 1113 2604 1167 ἀλλὰ
2635 1114 2727 1168 τοῦ
2763 1112 3027 1185 στόματός
3065 1114 3180 1164 ἐστι
3225 1111 3323 1179 τῆς
3368 1110 3621 1177 γαστρὸς

2031 1205 2212 1274 ἀηδία,
2240 1205 2327 1258 διὰ
2355 1205 2452 1275 τῆς
2478 1205 2650 1274 αὐτῆς
2684 1206 2882 1269 αίτίας,
2925 1204 3070 1272 λέγω
3098 1202 3163 1272 δὴ
3206 1200 3306 1270 τῆς
3334 1199 3475 1252 κατὰ
3507 1196 3621 1267 τὴν

2035 1296 2348 1367 σύμπτωσιν
2398 1297 2504 1350 τῶν
2552 1297 2755 1367 πόρων,
2802 1294 2895 1348 τοῦ
2930 1293 3216 1365 χοληδόχου
3262 1289 3485 1358 ἀγγείου
3517 1286 3621 1339 τὸν

1984 1436 1997 1448 ,
2033 1386 2227 1457 δριμὺν
2265 1389 2469 1441 ἐκεῖνον
2507 1386 2603 1440 καὶ
2637 1384 2880 1455 δακνώδη
2911 1384 3081 1455 χυμὸν
3112 1381 3217 1434 ὑπὸ
3246 1376 3621 1447 στενοχωρίας

2034 1476 2127 1529 ἐπὶ
2161 1479 2222 1531 τὸ
2250 1479 2424 1549 στόμα
2461 1477 2560 1547 τῆς
2591 1477 2825 1548 γαστρὸς
2855 1472 3264 1545 παρεγχέοντοςι
3307 1465 3622 1531 Ἀπόδειξις

2035 1568 2092 1621 δὲ
2138 1570 2328 1623 τούτου
2359 1570 2420 1622 τὸ
2459 1568 2715 1640 ὕπωχρον
2764 1567 3006 1638 γίνεσθαι
3052 1565 3147 1619 καὶ
3194 1560 3451 1632 ίκτερώδη
3500 1558 3628 1620 τοῖς

361 1658 825 1726 compressionem
859 1659 974 1714 ﬁeri
1007 1659 1268 1715 diximus.
1305 1659 1439 1714 Nam
1481 1674 1576 1713 vas
1628 1659 1724 1712 bili
1779 1657 1931 1713 excio

2076 1661 2392 1731 δπουμένοις
2427 1662 2526 1731 τὴν
2558 1661 2901 1730 ἐπιφάνειαν,
2929 1657 3037 1712 ἀπὸ
3074 1656 3172 1725 τῆς
3213 1654 3349 1721 ἄγαν
3381 1648 3627 1720 συνοχῆς

361 1749 571 1819 piendae
602 1749 958 1814 destinatum,
983 1768 1165 1807 acrem
1207 1752 1358 1806 illum
1392 1766 1457 1807 ac
1479 1750 1791 1805 mordacem
1823 1750 1925 1803 huv

362 1854 567 1913 morem
602 1850 824 1911 propter
848 1842 1273 1898 coarctationem
1309 1843 1392 1898 sui
1429 1842 1482 1895 in
1535 1841 1780 1895 osculum
1816 1847 1930 1897 sto-

361 1930 539 1985 machi
575 1933 806 1997 derivat.
845 1934 977 2004 Eius
1008 1935 1084 1988 rei
1122 1935 1489 1990 certissimum
1517 1942 1605 1989 est
1632 1948 1929 2004 argumen-

361 2014 500 2084 Hm,
526 2023 668 2092 quod
714 2024 917 2093 quibus
970 2024 1085 2079 hwc
1109 2024 1371 2093 aegritudo
1424 2024 1646 2087 accidit,
1707 2024 1928 2080 eosdem

361 2112 700 2179 suppallidos
746 2123 799 2167 et
842 2114 1117 2181 aerugine
1176 2114 1552 2168 laborantibus
1609 2113 1926 2168 consimiles

363 2205 622 2260 extremis
655 2205 708 2259 in
736 2205 984 2275 partibus
1011 2206 1128 2260 ﬁeri
1173 2205 1437 2268 videmus,
1497 2204 1605 2260 bile
1639 2207 1923 2260 humorem

2035 1750 2127 1803 ἐπὶ
2158 1751 2255 1813 τὰς
2284 1750 2483 1819 φλέϐας
2514 1751 2605 1803 τὸν
2644 1751 2772 1804 ἴδιον
2813 1748 2987 1819 χυμὸν
3025 1746 3124 1815 τῆς
3156 1744 3316 1814 χολῆς
3358 1745 3627 1795 ἐπισπει-

2038 1840 2236 1912 ρούσης
2259 1857 2271 1870 ”
2301 1841 2436 1896 ἀλλά
2463 1842 2556 1895 καὶ
2583 1842 2644 1895 τὸ
2671 1842 2728 1908 ἐξ
2750 1840 2993 1895 ἐναντίου
3023 1838 3303 1908 γινόμενον
3336 1833 3531 1896 πάθος,
3556 1831 3628 1883 τὴ

2034 1931 2178 1985 κατὰ
2206 1932 2304 2002 τὴν
2348 1933 2688 2004 εὐφροσύνην
2731 1932 2874 2002 φημὶ
2916 1929 3013 1983 καὶ
3039 1929 3130 1981 τὸν
3155 1927 3385 1996 γέλωτα,
3413 1922 3627 1994 μᾶλλον

2034 2023 2123 2078 τὸν
2167 2024 2323 2092 λόγον
2360 2026 2661 2096 συνίστησι.
2696 2025 3009 2095 Διαχέονται
3052 2022 3161 2093 γάρ
3208 2036 3323 2082 πως
3367 2016 3460 2070 καὶ
3501 2014 3626 2069 δια-

2032 2112 2246 2166 λύονται
2266 2113 2334 2166 δι’
2359 2115 2551 2185 ἡδονῆς
2577 2116 2627 2168 οί
2654 2114 2748 2168 τοῦ
2770 2113 3022 2183 σώματος
3045 2111 3200 2183 πόροι
3238 2108 3346 2164 τῶν
3378 2106 3441 2160 ἔκ
3468 2121 3625 2167 τινος

2033 2206 2203 2275 ἀκοῆς
2229 2205 2406 2275 ἡδείας
2434 2207 2806 2277 διαχεθέντων.

364 2314 524 2363 suum
572 2296 642 2352 ob
681 2297 1139 2367 compressionem
1193 2297 1416 2351 nimiam
1451 2298 1506 2350 in
1559 2312 1729 2353 venas
1779 2305 2084 2367 spargente.
2121 2297 2260 2363 Quin
2293 2308 2348 2354 et
2395 2299 2669 2353 contraria
2697 2299 2826 2353 huic
2859 2298 3092 2361 allectio,
3132 2294 3387 2349 nimirum
3432 2293 3629 2346 latitia

362 2401 418 2448 et
455 2393 620 2457 risus,
663 2391 835 2461 magis
881 2392 1042 2445 etiam
1076 2392 1315 2446 rationes
1365 2400 1582 2446 nostras
1629 2389 1974 2444 conﬁrmant.
2020 2390 2157 2445 Nam
2203 2407 2326 2446 cum
2380 2393 2566 2447 auditu
2620 2392 2867 2447 nonnihil
2916 2388 3220 2461 jucundum
3254 2385 3629 2457 percepimus,

362 2484 705 2554 explicantur
734 2499 798 2538 ac
816 2484 1163 2538 resolvuntur
1189 2483 1425 2551 quodam
1460 2482 1624 2536 modo
1656 2489 1878 2552 propter
1904 2482 2239 2567 voluptatem
2271 2492 2484 2541 meatus
2514 2485 2785 2553 corporis.

434 2575 490 2629 In
532 2575 753 2637 dolore,
787 2585 1007 2643 propter
1039 2572 1319 2627 tristitiam
1372 2572 1601 2628 subtiles
1649 2582 1930 2627 meatuum

2126 2575 2214 2638 Ὠς
2249 2577 2356 2647 γὰρ
2385 2578 2521 2630 ἐκεῖ
2547 2574 2636 2629 διὰ
2677 2574 2777 2645 τῆς
2819 2573 2993 2644 λύπης
3050 2570 3274 2642 μύουσιν
3323 2571 3379 2623 al
3424 2566 3629 2623 λεπταί

364 2665 853 2734 transpirationes,
897 2678 1019 2732 quae
1064 2672 1288 2733 prepter
1329 2663 1681 2732 exiguitatem
1739 2663 1935 2734 depre-

2076 2688 2098 2724 ε
2133 2671 2229 2723 καὶ
2264 2669 2448 2738 ἄδηλοι
2496 2665 2607 2719 τῶν
2660 2664 2838 2735 πόρων
2893 2662 3170 2727 διαπνοαὶ,
3222 2660 3315 2729 καὶ
3368 2660 3630 2729 διασφίγ-

366 2754 531 2809 bendi
581 2754 669 2806 vix
721 2759 988 2822 possunt,
1035 2766 1360 2821 compressae
1408 2752 1622 2806 viscera
1667 2752 1930 2808 interiora

2076 2781 2194 2822 ασαι
2244 2763 2343 2832 τὴν
2396 2756 2605 2813 ἔνδοθεν
2663 2754 2771 2807 τῶν
2829 2752 3149 2823 σπλάγχνων
3201 2750 3476 2813 διάθεσιν,
3527 2750 3633 2819 ἐπὶ

367 2845 772 2914 constringunt,
808 2849 862 2896 et
917 2842 982 2895 ad
1018 2851 1182 2911 caput
1217 2856 1281 2896 ac
1325 2842 1533 2898 cerebri
1586 2843 1932 2898 membranas

2076 2862 2131 2933 ὴν
2179 2850 2421 2923 κεφαλὴν
2463 2847 2558 2901 καὶ
2599 2844 2699 2907 τὰς
2744 2843 3013 2913 μήνιγγας
3174 2839 3388 2910 νοτερὸν
3447 2838 3628 2933 ἕτμδν

369 2934 535 2989 udum
567 2933 718 2986 illum
748 2932 976 2985 halitum
1001 2939 1190 3000 agunt,
1228 2944 1287 2986 ut
1320 2934 1523 2987 multus
1550 2932 1693 2987 intra
1722 2934 1935 2988 cerebri

2076 2928 2430 3009 ναθλίϐουσιν,
2455 2939 2514 3003 ὃς
2560 2935 2726 2998 πολὺς
2779 2931 3171 3002 ὲναποληφθεὶς
3220 2936 3339 2992 ταῖς
3383 2928 3477 2982 τοῦ
3528 2930 3632 2996 ἐγ-

369 3023 633 3077 cavitates
661 3022 946 3085 collectus,
981 3037 1075 3091 per
1101 3029 1312 3077 meatus
1344 3024 1440 3092 qui
1490 3022 1557 3077 ad
1601 3023 1765 3077 imam
1807 3033 1936 3079 sunt

370 3113 613 3183 ejusdem
645 3121 875 3183 partem,
893 3115 944 3166 in
967 3116 1157 3170 oculos
1178 3114 1485 3184 deiiciatur,
1520 3117 1935 3185 superciliorum

371 3206 746 3259 contractione
793 3204 1043 3274 guttatim
1094 3205 1371 3260 humorem
1421 3208 1779 3277 exprimente,
1817 3224 1939 3279 qua:

371 3296 569 3351 deinde
605 3304 772 3366 guttae
808 3297 1058 3366 lacrymae
1091 3298 1456 3366 appellantur.
1503 3297 1704 3353 Eodem
1776 3302 1940 3356 modo

373 3397 552 3445 tecum
578 3398 790 3460 putato,
823 3389 1110 3445 aﬂ‘ectioue
1150 3391 1428 3447 contraria
1465 3393 1734 3447 meatibus
1790 3409 1943 3449 more

374 3490 640 3536 consueto
676 3481 852 3552 magis
881 3482 1162 3551 aliquanto
1182 3482 1440 3547 dilatatis,
1474 3483 1723 3553 spiritum
1754 3500 1943 3554 quem-

374 3572 499 3628 dam
530 3573 599 3626 ab
632 3572 768 3643 ipsis
812 3580 1102 3628 attractum
1153 3573 1210 3627 in
1276 3574 1386 3631 imo
1415 3573 1720 3640 subsidere,
1782 3584 1945 3645 atque

377 3665 502 3720 inde
527 3664 774 3718 vicissim
803 3678 833 3717 a
891 3675 1087 3718 natura
1125 3679 1221 3734 per
1273 3673 1511 3719 meatum
1555 3665 1671 3720 oris
1725 3666 1942 3736 expelli,

376 3755 677 3809 visceribus
698 3754 989 3817 universis,
1010 3755 1614 3825 maxintequejecinore
1637 3756 1655 3825 (
1681 3764 1740 3811 ut
1772 3756 1944 3827 aiunt)

376 3843 610 3914 quadam
668 3843 1026 3899 succussione
1076 3851 1131 3897 et
1191 3843 1433 3899 fervente
1488 3854 1637 3901 motu
1695 3846 1945 3915 spiritum

379 3938 692 4009 hujusmodi
722 3936 1161 3993 extrudeutibus.
1213 3937 1422 3993 Idcirco
1463 3947 1680 4004 natura,
1713 3948 1773 3993 ut
1823 3940 1949 3994 huic

380 4033 595 4105 spiritui
626 4033 829 4089 exitum
861 4031 1075 4087 facilem
1105 4041 1302 4099 struat,
1331 4040 1571 4089 meatum
1593 4034 1704 4090 oris
1725 4034 1946 4101 dilatat;

379 4133 553 4204 genis,
571 4146 669 4201 per
694 4146 832 4201 quas
862 4130 1162 4186 anhelitum
1190 4131 1341 4186 exire
1370 4137 1593 4186 necesse
1620 4141 1725 4196 est,
1767 4131 1948 4187 utrin-

380 4245 487 4297 que
523 4228 779 4284 diductis.
810 4228 1047 4284 lnditum
1104 4229 1231 4284 huic
1281 4240 1367 4284 est
1427 4228 1504 4283 rci
1544 4243 1741 4283 nomen
1778 4229 1944 4284 risus.

2036 3040 2273 3111 κεφάλου
2315 3031 2609 3100 κοιλότησι,
2633 3025 2722 3081 διὰ
2758 3024 2868 3078 τῶν
2912 3022 3051 3077 κατὰ
3093 3021 3190 3091 τὴν
3236 3021 3390 3091 βάσιν
3440 3020 3636 3090 πόρων

2038 3136 2132 3188 ἐπὶ
2180 3130 2307 3190 τοὺς
2351 3122 2662 3193 ὀφθαλμοὺς
2718 3117 3037 3182 ἐξωθεῖται,
3092 3114 3190 3184 τῆς
3236 3113 3345 3166 τῶν
3405 3111 3635 3182 ὀφρύων

2042 3220 2411 3297 συμπτώσεως
2460 3212 2816 3282 ὲξελκομένης
2866 3208 2955 3262 διὰ
2998 3206 3272 3297 σταγόνων
3319 3202 3420 3272 τὴν
3459 3204 3634 3297 ὑγρα-

2042 3293 2162 3371 σίαν
2199 3314 2262 3383 (ἡ
2287 3311 2343 3364 δὲ
2372 3304 2584 3374 σταγὼν
2615 3304 2849 3374 δάκρυον
2882 3297 3132 3367 λέγεται)
3160 3313 3173 3327 ³
3207 3295 3349 3348 οὕτω
3380 3311 3479 3383 μοι
3501 3293 3636 3383 νόη-

2044 3425 2154 3473 σον,
2189 3381 2260 3458 ἐκ
2280 3403 2377 3471 τῆς
2422 3395 2668 3457 ἐναντίας
2713 3390 3006 3450 διαθέσεως
3038 3386 3198 3440 πλέον
3241 3384 3333 3437 τοῦ
3362 3381 3635 3481 συνήθους

2042 3471 2415 3567 εὐρυνομένων
2458 3486 2566 3540 τῶν
2601 3484 2806 3553 πόρων.
2845 3475 3184 3532 είσέλκεσθαί
3208 3492 3258 3528 τι
3306 3471 3526 3541 πνεῦμα
3558 3472 3611 3524 δι

2045 3562 2225 3639 αὐτῶν
2245 3562 2340 3634 ἐπὶ
2368 3578 2429 3632 τὸ
2455 3575 2635 3646 βάθος,
2659 3571 2910 3626 κάκεῖθεν
2935 3568 3095 3623 πάλιν
3128 3562 3442 3629 ἐξωθεῖσθαι
3474 3563 3633 3631 παρὰ

2044 3677 2146 3746 τῆς
2182 3674 2394 3744 φύσεως
2429 3669 2518 3723 διὰ
2564 3664 2657 3721 τοῦ
2698 3663 2838 3719 κατὰ
2874 3661 2935 3715 τὸ
2975 3660 3149 3728 στόμα
3177 3656 3367 3727 πόρου,
3408 3655 3633 3707 πάντων

2046 3744 2156 3817 τῶν
2184 3760 2527 3828 σπλάγχνων,
2548 3757 2641 3809 καὶ
2664 3752 2897 3824 μάλιστά
2918 3767 2981 3818 γε
3007 3748 3100 3802 τοῦ
3127 3747 3357 3818 ἥπατος,
3384 3744 3629 3811 ὤςφασι,

2048 3854 2138 3909 διά
2163 3869 2306 3915 τινος
2344 3850 2531 3905 κλόνου
2560 3849 2655 3901 καὶ
2693 3842 3048 3917 βρασμώδους
3077 3841 3345 3909 κινήσεως
3371 3837 3431 3890 τὸ
3456 3836 3633 3889 τοιοῦ-

2048 3960 2142 3997 τον
2173 3941 2387 4012 πνεῦμα
2431 3937 2890 4005 συνεξωθούντων.
2929 3933 3089 3986 Ὅθεν
3115 3929 3360 3983 εὐκολίαν
3406 3928 3527 3981 τινὰ
3562 3931 3631 3998 τῇ

2051 4032 2266 4103 διεξόδῳ
2287 4030 2379 4084 τοῦ
2410 4029 2716 4100 πνεύματος
2747 4024 3108 4098 μηχανωμένη
3130 4023 3162 4093 ἡ
3191 4022 3372 4091 φύσις,
3397 4020 3631 4089 ἀνευρύο

2055 4145 2134 4180 νει
2170 4126 2261 4178 τὸν
2293 4124 2510 4194 περὶητὺ
2557 4122 2730 4191 στόμα
2783 4119 2983 4189 πόρον,
3026 4113 3366 4186 ἑκατέρωθεν
3403 4113 3530 4183 περὶ
3571 4113 3634 4164 τὸ

2056 4215 2241 4290 ἆσθμα
2268 4217 2397 4280 τὰςκ
2409 4214 2642 4285 παρειὰς
2671 4210 3070 4267 διαστέλλουσα.
3123 4209 3331 4277 Ὄνομα
3359 4205 3414 4257 δὲ
3436 4203 3511 4273 τῷ
3546 4222 3634 4272 γι-

381 4326 451 4380 At
476 4342 603 4382 vero
629 4342 738 4381 non
772 4336 1063 4397 propterea
1092 4326 1176 4381 vis
1214 4324 1381 4403 animi
1433 4327 1686 4396 princeps
1719 4326 1936 4396 jecinori

2076 4306 2260 4378 νομένῳ
2287 4304 2460 4373 γέλως
2516 4303 2682 4355 ἐστίν.
2744 4299 2881 4353 Οὔτε
2921 4294 3014 4352 οὖν
3035 4297 3123 4351 διὰ
3164 4296 3321 4350 τοῦτο
3349 4294 3427 4365 τῷ
3456 4296 3632 4364 ἥπατι

383 4422 694 4486 tribuenda,
725 4437 899 4491 neque
923 4429 1144 4490 propter
1172 4421 1454 4490 sanguinis
1487 4421 1631 4475 circa
1673 4437 1769 4476 cor
1795 4422 1950 4477 ebul-

383 4517 652 4580 litionem,
686 4531 808 4585 qua:
837 4515 1050 4571 aﬂ‘ectio
1080 4516 1453 4571 vehementius
1486 4518 1668 4571 animo
1697 4517 1946 4583 exsistit,

386 4614 441 4669 in
471 4612 636 4668 corde
678 4612 879 4666 mentis
912 4611 1094 4666 sedem
1146 4627 1270 4667 esse
1324 4613 1622 4682 putandum
1681 4622 1800 4669 est:
1857 4614 1952 4669 sed

385 4715 517 4767 sunt
547 4709 745 4763 horum
801 4722 983 4762 causae
1015 4707 1070 4760 in
1117 4718 1394 4762 structura
1440 4710 1690 4777 corporis
1747 4709 1953 4764 consti-

347 4805 359 4816 '
384 4807 617 4860 tuendae.
651 4802 885 4857 Mentem
923 4802 1143 4872 quidem
1183 4803 1499 4859 existimare
1530 4804 1793 4860 debemus
1833 4806 1952 4859 cui-

385 4902 520 4957 libet
548 4901 793 4957 membro
811 4900 1173 4970 aequabiliter,
1199 4915 1263 4956 ea
1301 4901 1576 4957 mistionis
1601 4902 1811 4957 ratione
1832 4917 1956 4972 quae

384 4998 647 5069 explicari
674 4997 907 5054 dicendo
934 5006 1201 5067 nequeat,
1233 5000 1446 5056 adesse.
1501 5000 1655 5067 Quod
1689 4999 1736 5055 si
1793 5012 1955 5056 erunt

383 5093 479 5163 qui
506 5092 741 5149 Litteras
780 5095 943 5150 etiam
970 5109 1157 5150 sacras
1199 5096 1302 5151 hac
1328 5097 1381 5150 in
1414 5105 1566 5167 parte
1595 5094 1755 5151 nobis
1787 5110 1955 5166 oppo-

385 5196 541 5249 nant,
559 5202 681 5258 qum
705 5188 761 5269 in
788 5189 951 5243 corde
981 5191 1087 5244 vim
1111 5191 1258 5244 illam
1287 5192 1588 5263 principem
1612 5206 1735 5248 esse
1758 5198 1957 5248 testen-

389 5292 497 5347 tur,
527 5297 597 5338 ne
626 5284 819 5367 horum
849 5285 1070 5355 quidem
1101 5290 1337 5345 orationi
1367 5291 1447 5346 sic
1476 5292 1867 5354 assentiemur,
1898 5301 1957 5346 ut

386 5392 496 5434 non
528 5377 681 5447 prius
702 5378 756 5433 in
778 5396 896 5435 eam
927 5382 1287 5454 inquiramus.
1316 5386 1451 5441 Nam
1481 5402 1604 5442 cum
1639 5388 1694 5441 in
1718 5385 1953 5457 quodam

387 5490 457 5532 ex
485 5476 655 5532 sacris
687 5477 827 5532 libro
864 5483 1048 5538 cordis
1072 5485 1280 5540 mentio
1324 5485 1436 5548 ﬁat,
1473 5485 1672 5539 ibidem
1708 5493 1761 5539 et
1796 5499 1954 5539 rencs

389 5571 588 5644 adiecti
619 5587 766 5644 sunt,
804 5588 929 5634 sunt
964 5581 1110 5636 enim
1143 5582 1455 5652 hujusmodi
1480 5580 1723 5652 quidam
1752 5581 1912 5637 verba
1939 5599 1950 5635 :

2049 4400 2109 4452 τὸ
2138 4397 2460 4469 ἡγεμονικὸν
2500 4394 2809 4463 λογιστέον,
2858 4390 2980 4444 οὔτε
3007 4390 3094 4443 διὰ
3134 4389 3232 4459 τὴν
3278 4386 3636 4456 περικάρδιον

2050 4490 2195 4557 ζέσιν
2222 4488 2315 4541 τοῦ
2362 4489 2590 4557 αἵματος
2627 4485 2685 4536 ὲν
2711 4485 2827 4546 ταῖς
2879 4481 3137 4551 θυμικαῖς
3182 4478 3518 4538 διαθέσεσιν,
3574 4480 3638 4529 ἐν

2050 4579 2247 4650 καρδίᾳ
2276 4577 2552 4648 νομιστέον
2582 4570 2721 4627 εἶναι
2747 4573 2841 4626 τοῦ
2869 4571 2958 4625 νοῦ
2982 4571 3078 4641 τὴν
3107 4570 3422 4640 καθίδρυσιν
3443 4585 3458 4595 ·
3491 4567 3635 4622 ἀλλὰ

2050 4672 2221 4726 ταῦτα
2253 4670 2349 4741 μὲν
2386 4671 2465 4731 είς
2513 4666 2609 4729 τὰς
2639 4666 2796 4729 ποιὰς
2833 4664 2940 4717 τῶν
2994 4664 3259 4733 σωμάτων
3287 4660 3635 4722 κατασκευὰς

2051 4763 2336 4817 ἀνακτέον.
2372 4760 2475 4813 Τὸν
2496 4759 2553 4812 δὲ
2580 4756 2701 4811 νοῦν
2729 4757 3003 4827 όμοτίμως
3027 4754 3239 4824 ἑκάστῳ
3263 4753 3369 4806 τῶν
3400 4752 3632 4821 μορίων,

2052 4852 2192 4910 κατὰ
2213 4851 2304 4904 τὸν
2330 4848 2604 4919 ἄφραστον
2620 4847 2717 4915 τῆς
2737 4844 3090 4915 ἀνακράσεως
3112 4843 3269 4912 λόγον
3290 4840 3636 4910 ἐφάπτεσθαι

2058 4942 2353 5012 νομιστέον.
2384 4938 2501 4994 Κᾶν
2552 4937 2654 5008 τὴν
2685 4936 2904 5005 Γραφήν
2935 4950 3078 4996 τινες
3102 4934 3250 5003 εὴμῖν
3298 4932 3433 5000 πρὸς
3471 4929 3637 4985 τοῦτο

2054 5032 2478 5104 προτείνωνται,
2530 5029 2596 5098 τῇ
2636 5026 2834 5098 καρδίᾳ
2864 5025 2927 5078 τὸ
2966 5022 3290 5095 ἡγεμονικὸν
3323 5021 3637 5104 μαρτυροῦο

2056 5101 2185 5186 adv‘,
2235 5123 2336 5175 οὐκ
2373 5119 2739 5185 ἀνεξετάστως
2783 5117 2874 5170 τὸν
2913 5115 3068 5183 λόγον
3097 5111 3383 5182 δεξόμεθα.
3434 5112 3494 5165 ὐ
3516 5101 3637 5183 γὰρ

2055 5215 2280 5287 καρδίαν
2310 5211 2586 5284 μνησθεὶς,
2615 5209 2709 5263 καὶ
2734 5205 2947 5279 νεφρῶν
2980 5203 3400 5275 ἐμνημόνευσεν,
3427 5202 3598 5255 εἰπών
3621 5221 3635 5235 ·

2062 5326 2080 5356 ι
2110 5306 2347 5371 Ἐτάζων
2370 5303 2593 5374 καρδίας
2614 5300 2709 5353 καὶ
2738 5298 2967 5369 νεφροὺς
2991 5298 3019 5349 ὁ
3042 5295 3203 5358 Θεός·
3226 5314 3245 5346 ι
3284 5293 3426 5346 ὥστε
3456 5293 3487 5364 ἢ
3528 5295 3638 5363 ἀμ-

2058 5397 2323 5466 φοτέροις,
2358 5393 2680 5465 ἧοὺδετέρῳ
2717 5390 2779 5442 τὸ
2820 5388 3001 5459 νοερὸν
3028 5383 3458 5439 κατακλείουσιν.
3499 5384 3634 5452 Ἀμ-

2056 5486 2342 5543 6).ύνεσθαι
2362 5485 2419 5538 δὲ
2447 5483 2544 5547 τὰς
2567 5481 2820 5552 νοητικὰς
2845 5479 3142 5549 ἐνεργείας,
3168 5477 3199 5547 ἢ
3224 5475 3317 5529 καὶ
3346 5475 3635 5527 παντάπα-

2061 5596 2143 5631 σιν
2176 5576 2476 5646 ἀπρακτεῖν
2516 5575 2572 5627 ἐν
2618 5574 2684 5644 τῇ
2717 5571 2844 5639 ποιᾷ
2874 5567 3107 5622 διαθέσει
3144 5565 3238 5620 τοῦ
3278 5565 3529 5634 σώματος
3558 5563 3630 5619 δι-

3530 5712 3559 5723 ε
