3794 6000
119 247 219 303 Hii
1296 190 1301 195 ἡ
1407 238 1492 295 DE
1521 237 1807 297 HOIIINIS
1850 237 2160 297 OPIFICIO.
3222 228 3223 231 “
3289 241 3395 302 ιω

111 365 367 431 δαχθεὶς,
409 362 512 433 οὐχ
556 360 742 415 ίκανὺν
774 355 1031 430 ποιοῦμαι
1076 356 1235 412 τοῦτο
1272 361 1590 432 τεκμήριον,
1633 359 1720 413 τοῦ

1834 376 1852 411 ι
1896 357 2042 414 Deus
2062 357 2230 412 corda
2255 366 2315 413 et
2349 370 2507 411 rencs
2531 356 2854 425 explorat".
2871 354 3203 412 »Ιάοἰτςοιοι
3220 358 3273 412 in
3295 358 3396 412 ho-

110 457 275 529 τόπῳ
305 457 418 510 τινὶ
440 454 801 525 τὴνδύναμιν
826 452 920 506 τοῦ
942 451 1034 516 νοῦ
1059 452 1490 525 περιείργεσθαι,
1511 453 1587 516 ὡς
1605 456 1720 516 ταῖς

1826 461 1946 500 rum
1980 454 2292 514 utrumque,
2324 444 2406 498 vel
2438 452 2692 499 neutrum
2742 443 2879 497 adeo
2918 450 2976 496 ut
3008 443 3394 514 intelligentem

117 544 543 616 ἑπιγινομέναις
584 545 701 606 τοῖς
752 542 942 613 μέρεσι
996 540 1326 612 φλεγμοναῖς
1376 542 1473 612 τῆς
1519 542 1720 605 οἰκείας

1828 537 1996 591 animi
2047 536 2154 589 vim
2182 535 2465 591 includant
2494 550 2722 590 necesse
2750 542 2855 590 est.
2877 532 3145 589 Caeterum
3177 535 3394 591 etiamsi

121 639 472 709 εὐρυχωρίας
522 634 928 705 ἑξειργομένης.
979 631 1275 703 Σωματικὴ
1302 631 1408 703 γὰρ
1434 634 1467 703 ἡ
1499 632 1721 704 τοιαύτη

119 727 268 793 δόξα,
309 728 378 779 τὸ
414 726 491 796 μὴ
518 723 778 778 δύνασθαι
811 722 1354 795 προκατειλημμένου
1377 723 1470 776 τοῦ
1498 723 1720 792 ἀγγείου

117 819 202 872 διά
228 835 387 879 τινος
403 821 517 868 τῶν
538 815 778 885 ὲμὸεὸλη
788 814 984 885 μένων,
1003 815 1087 866 ἓτε
1097 814 1188 885 ρόν
1203 831 1255 866 τι
1282 817 1340 867 ὲν
1360 814 1507 885 αὐτῷ
1538 813 1721 885 χώραν

118 911 327 978 εὑρεῖν.
372 908 437 960 Ἦ
464 906 575 977 γὰρ
609 905 774 976 νοητὴ
808 903 968 973 φύσις
999 903 1122 957 οὔτε
1154 906 1274 968 ταῖς
1300 904 1593 958 κενώσεσιν
1621 907 1721 974 ἐμ·-

113 998 431 1068 φιλοχωρεῖ
460 998 571 1049 τῶν
600 997 897 1065 σωμάτων,
946 994 1069 1048 οὔτε
1107 994 1186 1065 τῷ
1232 996 1576 1059 πλεονάζοντι
1621 998 1719 1067 τῆς

116 1089 329 1161 σαρκὸς
356 1087 668 1153 ἐξωθεῖται.
733 1086 871 1139 Ἀλλ’
902 1086 1085 1155 ἐπειδὴ
1110 1086 1367 1159 καθάπερ
1384 1105 1435 1140 τι
1465 1089 1719 1158 μουσικὸν

113 1182 357 1249 ὄργανον
398 1179 549 1231 ἅπαν
579 1178 639 1230 τὺ
672 1176 829 1248 σῶμα
862 1176 1337 1246 δεδημιούργηται,
1371 1177 1559 1249 ὥσπερ
1584 1195 1719 1248 συμ-

114 1271 297 1323 ϐαίνει
323 1269 591 1331 πολλάκις
630 1269 724 1320 ἐπὶ
747 1267 855 1319 τῶν
893 1266 1150 1337 μελῳδεῖν
1187 1267 1286 1337 μὲν
1319 1269 1714 1338 ἐπισταμένων,

115 1363 537 1416 ἁδυνατούντων
594 1360 652 1413 δὲ
707 1359 874 1423 δεῖξαι
926 1360 1025 1431 τὴν
1076 1361 1384 1431 ἐπιστήμην
1405 1400 1419 1424 ,
1472 1361 1571 1431 τῆς
1610 1361 1716 1414 τῶν

118 1454 373 1524 ὀργάνων
426 1450 733 1523 ἀχρηστίας
776 1452 835 1503 ού
886 1452 1329 1523 παραδεχομένης
1375 1454 1473 1524 τὴν
1522 1453 1716 1524 τέχνην

122 1547 210 1611 (τὸ
268 1544 389 1614 γάρ
435 1542 469 1613 ἥ
523 1542 698 1613 χρόνῳ
743 1542 984 1613 φθαρὲν,
1046 1544 1079 1613 ἢ
1146 1544 1599 1615 παρερρηγμένον
1651 1546 1717 1599 ἐκ

121 1634 561 1699 καταπτώσεως,
594 1632 627 1703 ἢ
668 1633 773 1686 ὑπό
819 1650 963 1696 τινος
1002 1632 1078 1687 ίοῦ
1104 1634 1197 1685 καὶ
1226 1634 1463 1704 εὐρῶτος
1485 1637 1717 1705 ὴχρειω-

1824 629 2052 683 edoceat
2074 628 2363 683 facultates
2390 626 2762 697 intelligentia
2791 625 3120 695 quibusdam
3156 627 3209 679 in
3234 625 3395 682 allec-

1828 718 2069 774 tionibus
2095 720 2346 789 corporis
2384 719 2539 788 quasi
2569 717 2834 783 hebetari,
2857 719 2941 773 vel
2977 718 3137 772 etiam
3162 733 3394 788 prorsus

1818 812 2004 882 jacere
2031 832 2042 866 :
2077 824 2184 864 non
2220 818 2398 865 tamen
2442 810 2575 864 satis
2605 810 2857 865 idoneum
2885 817 3263 877 argumentum
3292 808 3400 863 hoc

1823 920 1945 961 esse
1969 914 2171 969 statuo,
2206 920 2315 974 quo
2348 903 2628 973 probetur,
2679 903 2800 957 loco
2852 911 3005 957 certo
3048 901 3156 954 vim
3189 903 3393 957 mentis

1822 996 1898 1051 ita
1931 997 2335 1061 circumscribi,
2353 1004 2411 1049 ut
2427 994 2732 1050 tumoribus
2751 994 2991 1047 membra
3016 994 3105 1047 illa
3122 1008 3397 1063 occupan-

1821 1089 1992 1152 tibus,
2030 1089 2095 1143 de
2117 1103 2219 1143 suo
2258 1088 2377 1156 ipsa
2411 1086 2567 1157 quasi
2604 1085 2781 1154 spatio
2814 1085 3061 1139 excedat.
3120 1083 3218 1139 Est
3250 1084 3393 1137 enim

1819 1180 2134 1250 hujusmodi
2155 1181 2400 1250 quaedam
2421 1179 2678 1249 cogitatio
2696 1177 2978 1247 corporeis
2999 1176 3163 1231 rebus
3184 1190 3397 1230 accom-

1819 1274 2060 1336 modata,
2118 1288 2248 1327 vase
2288 1272 2453 1327 rebus
2494 1272 2702 1343 injectis
2718 1272 2938 1341 repleto,
2983 1283 3091 1324 non
3144 1282 3302 1338 posse
3340 1266 3400 1322 in

1816 1364 2007 1420 eodem
2049 1366 2172 1419 aliis
2205 1365 2381 1418 locum
2415 1377 2555 1418 esse.
2594 1361 2806 1431 Quippe
2839 1371 3035 1415 natura
3072 1362 3189 1416 solo
3216 1361 3398 1415 animo
3428 1386 3432 1397 θ

1820 1453 2302 1522 comprehensilis,
2344 1459 2404 1505 ut
2438 1452 2492 1505 in
2527 1461 2706 1521 partes
2735 1450 2982 1519 corporis
3039 1464 3243 1504 vacuas
3288 1464 3403 1504 non

1816 1547 2114 1618 immigrat,
2154 1548 2235 1602 sic
2272 1556 2326 1603 et
2386 1561 2417 1601 a
2467 1560 2632 1600 carne
2674 1545 2829 1614 quasi
2894 1543 3235 1598 redundante
3288 1559 3397 1598 non
3464 1564 3477 1567 -

1816 1639 2129 1708 expellitur.
2166 1638 2261 1694 Est
2297 1637 2522 1692 omnino
2549 1645 2722 1691 totum
2750 1651 2953 1706 corpus
2981 1637 3283 1691 humanum
3315 1635 3403 1690 in-

127 1727 316 1795 μένον,
371 1723 652 1793 ἄφθογγον
692 1724 839 1794 μένει
887 1724 980 1777 καὶ
1010 1725 1367 1796 ἀνενέργητον
1387 1764 1403 1789 ,
1456 1725 1560 1778 κάν
1610 1724 1716 1779 ὑπὸ

1826 1738 1935 1785 star
1966 1730 2163 1785 musici
2198 1730 2545 1785 instrumenti
2598 1728 2947 1784 fabricatum.
3006 1727 3156 1782 Solet
3214 1734 3403 1782 autem

127 1815 212 1867 τοῦ
254 1815 519 1885 προέχειν
555 1813 837 1878 δοκοῦντος
887 1814 1031 1868 κατά
1068 1815 1165 1886 τὴν
1200 1816 1492 1887 αὐλητικὴν
1519 1818 1715 1889 τέχνην

128 1907 456 1977 ὲμπ-ιέηται)
480 1925 494 1936 ·
535 1907 680 1960 οὕτω
729 1908 822 1959 καὶ
866 1909 894 1960 ὁ
923 1905 1047 1970 νοῦς
1090 1906 1158 1960 δι’
1187 1906 1307 1960 ὅλου
1354 1906 1447 1960 τοῦ
1482 1908 1714 1978 ὀργάνου

126 2000 348 2071 διήκων.
402 2002 500 2053 καὶ
538 1999 891 2068 καταλλήλως
932 2000 1051 2062 ταῖς
1090 2000 1365 2068 νοητικαῖς
1395 1999 1714 2070 ἐνεργείαις,

130 2089 262 2141 καθὸ
303 2089 582 2156 πέφυκεν,
616 2087 830 2156 ἑκάστῳ
876 2085 986 2138 τῶν
1031 2086 1213 2157 μερῶν
1247 2088 1714 2158 προσαπτόμενος,

129 2181 215 2232 ἐπὶ
249 2179 353 2250 μὲν
380 2179 492 2232 τῶν
526 2177 671 2231 κατά
705 2179 867 2247 φύσιν
910 2177 1267 2248 διακειμένων
1316 2177 1376 2231 τὸ
1404 2180 1598 2232 οίκεῖον
1630 2181 1715 2232 ὲν-

131 2275 393 2343 ήργησεν,
423 2271 518 2324 ἐπὶ
544 2270 601 2324 δὲ
623 2269 731 2323 τῶν
752 2268 1121 2322 ἀσθενούντων
1148 2268 1400 2335 δέξασθαι
1423 2269 1521 2340 τὴν
1539 2287 1716 2340 τεχνι-

130 2364 226 2433 κὴν
274 2361 448 2415 αὑτοῦ
494 2359 732 2428 κίνησιν,
791 2358 1070 2428 ἄπρακτος
1117 2375 1176 2411 τε
1219 2359 1314 2412 καὶ
1356 2359 1716 2432 ἀνενέργητος

130 2452 328 2521 ἔμεινε.
382 2449 606 2518 Πέφυκε
641 2450 751 2521 γάρ
796 2465 912 2509 πως
946 2448 974 2500 ὁ
1005 2447 1128 2510 νοῦς
1161 2448 1297 2519 πρὸς
1345 2447 1443 2518 μὲν
1470 2449 1531 2502 τὸ
1573 2450 1714 2503 κατὰ

133 2540 284 2608 φύσιν
309 2539 660 2610 διακείμενον
693 2538 910 2602 οἰκείως
938 2537 1103 2609 ἔχειν,
1133 2538 1272 2613 πρὸς
1295 2539 1361 2592 ’δὲ
1396 2540 1456 2594 τὸ
1487 2557 1716 2614 παρενε-

134 2632 248 2701 χθὲν
274 2632 390 2686 ἀπὸ
411 2630 638 2701 ταύτης,
670 2629 1099 2701 ἀλλοτριοῦσθαι.

1816 1836 2212 1891 nonnunquam
2236 1821 2556 1886 usuvenire,
2579 1829 2646 1874 ut
2685 1820 2915 1874 canendi
2949 1819 3168 1889 quidem
3200 1817 3400 1888 aliquis

1810 1913 2028 1981 peritus
2074 1912 2168 1973 sit,
2209 1926 2398 1966 verum
2438 1911 2574 1966 artis
2607 1926 2721 1965 sua:
2757 1910 3141 1965 instrumentis
3194 1909 3407 1965 vitiatis

1818 2003 2207 2078 documentum
2266 2003 2523 2057 idoneum
2584 2002 2747 2057 edere
2806 2008 3064 2071 nequeat.
3120 1999 3193 2054 Ea
3251 2001 3405 2054 enim.

1820 2092 1964 2149 forte
1992 2094 2073 2148 vel
2106 2109 2135 2147 a
2168 2102 2413 2163 tempore
2458 2092 2670 2159 vitiata,
2707 2093 2790 2147 vel
2844 2091 3124 2146 confracta
3162 2106 3257 2161 per
3289 2091 3401 2145 rui-

1820 2198 1974 2249 nam,
2008 2185 2094 2240 vel
2127 2200 2156 2238 a
2189 2184 2441 2254 rubigine
2494 2198 2559 2239 ac
2618 2183 2727 2238 situ
2780 2185 2961 2252 inepta
2997 2181 3230 2245 reddita,
3263 2195 3410 2237 sono

1818 2282 2030 2341 carent,
2063 2274 2388 2343 nullumque
2411 2272 2479 2327 ad
2512 2287 2672 2327 usum
2728 2271 2925 2326 idonea
2983 2278 3131 2333 sunt,
3188 2269 3403 2325 etiamsi

1818 2366 1905 2420 vel
1946 2366 2017 2420 ab
2050 2366 2252 2420 eximio
2294 2364 2521 2420 tibicine
2552 2362 2832 2418 inﬂentur.
2876 2360 2968 2417 Sic
3011 2378 3069 2418 se
3102 2375 3256 2417 mens
3305 2375 3405 2431 per
3462 2405 3467 2409 .

1820 2457 2138 2511 universum
2181 2471 2448 2527 organum
2483 2471 2643 2512 suum
2680 2456 2904 2522 didens,
2932 2463 2986 2511 et
3017 2454 3294 2525 applicans
3341 2470 3401 2512 se

1818 2545 2031 2599 ratione
2053 2553 2420 2601 consentanea
2451 2544 2715 2599 membris
2742 2544 2972 2614 singulis
2994 2559 3087 2614 per
3114 2543 3403 2600 facultates

1820 2644 2029 2690 natura:
2092 2652 2205 2691 suae
2246 2636 2632 2691 convenientes
2664 2637 2716 2689 in
2765 2635 2834 2691 iis
2872 2650 2991 2704 qua:
3025 2643 3171 2689 recte
3202 2635 3403 2689 habent

137 2725 431 2781 secundum
470 2735 752 2791 naturam,
783 2726 888 2778 vim
928 2740 1089 2780 suam
1116 2734 1379 2793 exercet;
1434 2728 1486 2782 in
1529 2731 1740 2786 cmteris
1791 2745 1913 2801 qua:
1950 2730 2307 2786 artiﬁciosum
2361 2731 2534 2800 ipsius
2580 2737 2785 2784 motum
2843 2743 2941 2798 per
2981 2727 3402 2782 imbecillitatem

136 2833 319 2888 capere
357 2825 664 2887 nequeunt,
691 2815 838 2885 jacet
875 2825 1037 2886 atque
1081 2818 1254 2875 otiosa
1302 2827 1407 2874 est.
1462 2819 1557 2875 Est
1596 2822 1740 2876 enim
1798 2822 1904 2878 hoc
1946 2823 2114 2877 menti
2177 2823 2470 2892 peculiare,
2514 2830 2575 2876 ut
2611 2823 2664 2875 in
2712 2820 2970 2877 membris
3022 2827 3217 2874 natura
3266 2819 3403 2874 bene

138 2909 331 2965 aﬂectis
357 2907 737 2963 eﬂicacitatem
775 2922 929 2962 suam
970 2908 1247 2966 obtineat:
1276 2925 1339 2964 ea
1368 2926 1494 2964 vero
1525 2927 1646 2981 qua:
1673 2913 1962 2982 depravata
1989 2920 2136 2978 sunt,
2172 2920 2474 2967 aversetur.

197 3001 304 3055 Καί
332 3017 433 3071 μοι
460 2999 611 3052 δοκεῖ
638 2996 1009 3070 φυσικώτερον
1042 2994 1183 3053 εἷναί
1223 3019 1275 3054 τι
1309 3002 1451 3056 κατά
1473 3001 1533 3056 τὸ
1562 3003 1720 3076 μέρος

1899 3006 1979 3059 Ac
2039 3005 2172 3058 mihi
2226 3005 2445 3074 quidem
2503 3002 2745 3081 videtut
2778 3016 2940 3073 posse
2985 3002 3088 3057 hac
3147 3001 3204 3055 in
3253 3009 3412 3071 parte

139 3093 278 3146 τοῦτο
297 3091 588 3163 θεώρημα,
614 3090 682 3144 δι’
705 3084 765 3145 οὗ
794 3090 982 3160 μαθεῖν
1011 3090 1126 3145 ἔστι
1146 3110 1199 3145 τι
1224 3093 1333 3146 τῶν
1362 3095 1717 3166 ἀστειοτέρων

138 3184 431 3254 δογμάτων.
451 3181 671 3253 Ἐπειδὴ
711 3184 818 3253 γὰρ
856 3182 915 3235 τὸ
948 3182 1230 3237 κάλλιστον
1273 3185 1488 3239 πάντων
1518 3187 1611 3240 καὶ
1633 3186 1721 3253 ἐξ-

137 3275 398 3343 οχώτατον
422 3273 630 3341 ἀγαθὸν
650 3273 780 3326 αὐτὸ
813 3274 873 3326 τὸ
907 3272 1063 3327 Θεῖόν
1086 3276 1223 3335 ἐστι,
1237 3273 1372 3345 πρὸς
1395 3274 1424 3327 ὃ
1447 3276 1622 3328 πάντα
1641 3275 1722 3328 νέ-

138 3380 337 3425 νευκεν,
363 3364 471 3417 ὅσα
496 3361 592 3415 τοῦ
618 3360 784 3415 καλοῦ
812 3361 909 3431 τὴν
936 3360 1119 3429 ἔφεσιν
1151 3360 1282 3431 ἔχει,
1311 3361 1398 3415 διὰ
1431 3362 1587 3415 τοῦτό
1614 3380 1719 3431 φα-

139 3472 226 3525 μεν
250 3456 346 3507 καὶ
375 3453 471 3506 τὸν
499 3453 647 3515 νοῦν,
670 3451 766 3505 an:
802 3453 918 3504 κατ’
958 3452 1143 3505 εἰκόνα
1177 3451 1271 3504 τοῦ
1311 3452 1593 3506 καλλίστου
1627 3469 1720 3520 γε·

138 3548 370 3617 νόμενον,
400 3546 510 3608 ἕως
539 3544 606 3598 ἂν
631 3544 833 3617 μετέχῃ
851 3543 951 3613 τῆς
972 3543 1108 3616 πρὸς
1130 3543 1189 3597 τὸ
1210 3543 1516 3615 ἀρχέτυπον
1542 3545 1724 3616 ὁμοιό-

136 3654 304 3706 τητος,
336 3635 578 3689 καθόσον
601 3634 896 3703 ἐνδέχεται,
927 3635 1022 3687 καὶ
1054 3634 1219 3687 αὑτὸν
1250 3636 1307 3687 ὲν
1329 3633 1406 3705 τῷ
1438 3634 1589 3705 καλῷ
1607 3635 1723 3689 δια-

139 3730 328 3797 μένειν,
354 3730 408 3780 εἰ
434 3726 495 3780 δέ
529 3744 646 3788 πως
672 3724 774 3790 ἔξω
795 3724 1004 3793 γένοιτο
1026 3725 1239 3788 τούτου,
1258 3725 1595 3796 γυμνοῦσθαι
1628 3725 1720 3780 τοῦ

138 3818 351 3881 κάλλους
382 3820 445 3870 ὲν
469 3810 517 3884 ᾧ
538 3813 629 3884 ἦν.
655 3816 864 3887 Ὠσπερ
902 3815 959 3868 δὲ
990 3816 1198 3887 ἔφαμεν
1235 3818 1301 3886 τῇ
1341 3815 1594 3887 ὁμοιώσει
1626 3815 1719 3869 τοῦ

136 3910 493 3980 πρωτοτύπου
530 3907 760 3970 κάλλους
802 3908 1263 3977 κατακοσμείσθαι
1303 3908 1394 3962 τὸν
1427 3906 1574 3972 νοῦν,
1609 3904 1719 3962 οἷόν

134 4020 181 4055 τι
210 4002 532 4071 κάτοπτρον
569 3998 648 4069 τῷ
680 3999 989 4070 χαρακτῆρι
1028 3998 1122 4053 τοῦ
1160 4001 1561 4071 ὲμφαινομένου
1590 4018 1723 4072 μορ-

135 4094 420 4167 φούμενον·
452 4090 600 4145 κατά
626 4092 728 4162 τὴν
754 4090 921 4162 αὐτὴν
952 4090 1262 4159 ἀναλογίαν,
1288 4092 1381 4144 καλ⁸
1405 4092 1502 4163 τὴν
1524 4095 1724 4145 οἰκονο-

138 4186 409 4257 μωμένην
432 4183 532 4237 ὑπ’
557 4182 723 4237 αὐτοῦ
741 4181 902 4251 φύσιν
918 4181 1137 4252 ἔχεσθαι
1155 4182 1248 4236 τοῦ
1266 4182 1357 4236 νοῦ
1374 4182 1720 4252 λογιζόμεθα,

134 4277 217 4329 καὶ
229 4274 310 4347 τῷ
331 4273 736 4345 παρακειμένῳ
757 4271 942 4326 κάλλει
961 4272 1057 4327 καὶ
1070 4272 1239 4343 αὐτὴν
1261 4272 1599 4343 κοσμεῖσθαι,
1613 4269 1723 4327 οἶόν

133 4387 176 4422 τι
197 4370 515 4437 κατόπτρου
539 4364 843 4435 κάτοπτρον
864 4365 1174 4437 γινομένην·
1196 4365 1513 4436 κρατεῖσθαι
1533 4365 1590 4419 δὲ
1615 4365 1723 4421 ὑπὸ
1752 4351 1796 4407 D

136 4457 325 4536 ταύτης
356 4456 461 4509 καὶ
477 4453 800 4525 συνέχεσθαι
820 4454 880 4508 τὸ
896 4455 1076 4509 ὑλικὸν
1089 4455 1187 4527 τῆς
1211 4455 1576 4520 ὑποστάσεως,
1596 4457 1724 4528 περὶ

136 4550 190 4618 ἣν
211 4550 515 4621 θεωρεῖται
536 4548 569 4616 ἡ
598 4546 780 4615 φύσις.
818 4548 960 4610 Ἕως
993 4546 1060 4601 ἂν
1087 4544 1181 4602 οὖν
1198 4547 1390 4619 ἔχηται
1415 4547 1508 4602 τοῦ
1537 4549 1723 4620 ἐτέρου

137 4640 187 4692 τὸ
198 4640 414 4712 ἕτερον,
440 4636 537 4692 διὰ
568 4639 785 4693 πάντων
816 4638 1093 4708 ἀναλόγως
1119 4641 1152 4711 ἡ
1174 4639 1270 4693 τοῦ
1298 4640 1465 4703 δντως
1494 4639 1725 4703 κάλλους

140 4732 385 4785 κοινωνία
415 4729 670 4796 διέξεισι,
711 4729 797 4782 διὰ
828 4728 923 4783 τοῦ
947 4731 1342 4802 ὑπερκειμένου
1374 4731 1434 4784 τὸ
1459 4731 1724 4802 προσεχὲς

141 4820 574 4886 καλλωπίζουσα.
625 4819 872 4873 Ἐπειδὰν
910 4821 965 4874 δέ
997 4838 1081 4884 τις
1112 4822 1335 4892 γένηται
1373 4823 1475 4893 τῆς
1517 4823 1725 4892 ἀγαθῆς

141 4914 324 4987 ταύτης
345 4914 642 4985 συμφυΐας
657 4913 1019 4984 διασπασμὸς,
1047 4915 1083 4987 ἢ
1106 4916 1200 4969 καὶ
1223 4917 1358 4987 πρὸς
1380 4916 1439 4969 τὸ
1465 4916 1723 4986 ἔμπαλιν,

142 5005 503 5076 ἀντακολουθῇ
534 5003 616 5075 τῷ
632 5003 998 5074 ύποὸεὗηκότι
1024 5006 1086 5059 τὸ
1104 5005 1386 5078 ύπερέχοψ
1413 5007 1535 5060 τότε
1558 5006 1727 5075 αὐτῆς

143 5110 188 5145 τε
210 5095 307 5165 τῆς
339 5093 504 5164 ὕλης,
537 5094 669 5147 ὅταν
709 5093 926 5165 μονωθῇ
960 5098 1061 5165 τῆς
1104 5094 1346 5164 φύσεως,
1376 5095 1626 5167 διηνέχθη
1666 5096 1728 5148 τὸ

143 5186 374 5257 ἄσχημον
423 5184 719 5255 (ἄμορφον
755 5183 871 5255 γάρ
916 5200 970 5238 τι
1011 5184 1133 5238 καθ’
1172 5185 1368 5257 ἑαυτὴν
1410 5189 1442 5256 ἡ
1492 5184 1593 5255 ὕλη
1629 5185 1724 5239 καὶ

146 5275 539 5345 ἀκατάσκευον)
570 5275 662 5329 καὶ
682 5276 751 5346 τῇ
780 5275 1027 5347 ἀμορφία
1050 5277 1251 5347 ταύτης
1278 5277 1638 5349 συνδιεφθάρη
1664 5277 1724 5331 τὸ

148 5365 323 5430 κάλλος
366 5366 471 5437 τῆς
518 5363 762 5434 φύσεως,
817 5362 853 5434 ἠ
901 5363 989 5418 διὰ
1026 5365 1119 5419 τοῦ
1159 5365 1250 5422 νοῦ
1301 5366 1720 5432 καλλωπίζεται.

150 5452 239 5507 Καὶ
267 5454 447 5519 οὕτως
496 5453 590 5508 ἐπ’
624 5452 792 5507 αὑτὸν
833 5452 926 5508 τὸν
977 5454 1100 5509 νοῦν
1139 5454 1232 5510 τοῦ
1283 5456 1562 5528 κατάτὴν
1590 5457 1726 5529 ὓλην

210 5627 248 5661 ⁸⁸
275 5628 419 5688 Psal.
446 5647 552 5702 vn,
593 5631 688 5688 10.

1828 3093 2089 3163 quiddam
2127 3093 2466 3148 considerari
2501 3107 2529 3145 a
2566 3092 2724 3147 nobis
2765 3107 2830 3147 ex
2866 3090 3044 3146 media
3083 3105 3264 3146 rerum
3306 3106 3405 3145 na-

1827 3185 2083 3239 turalium
2132 3187 2463 3239 tractatione
2513 3185 2885 3254 desumptum,
2942 3186 3009 3238 de
3047 3198 3158 3254 quo
3197 3183 3400 3253 percipi

1823 3272 2073 3328 doctrina
2124 3275 2346 3344 elegans
2399 3274 2595 3344 possit.
2637 3273 2773 3329 Nam
2819 3288 2942 3328 eum
2989 3272 3233 3327 omnium
3277 3272 3401 3341 pul-

1822 3365 2152 3419 cherrimum
2210 3380 2274 3419 ac
2326 3365 2839 3435 praestantissimum
2881 3365 3084 3419 bonum
3138 3363 3211 3419 sit
3257 3361 3404 3419 Deus

1820 3456 1956 3526 ipse,
2004 3458 2069 3509 ad
2116 3471 2278 3525 quem
2315 3456 2499 3510 omnia
2532 3457 2858 3525 respiciunt,
2897 3470 3238 3526 quaecunque
3266 3454 3401 3510 boni

1821 3548 2095 3603 desiderio
2141 3556 2462 3616 tanguntur,
2513 3549 2719 3602 idcirco
2750 3555 2806 3602 et
2854 3554 3093 3602 mentem
3141 3545 3401 3612 dicimus,

1822 3639 2021 3693 iactam
2059 3638 2126 3692 ad
2166 3639 2293 3693 boni
2325 3637 2684 3708 pulcherrimi
2710 3637 3023 3706 imaginem,
3054 3636 3293 3705 quandiu
3326 3637 3405 3691 si-

1820 3730 2151 3785 militudinis
2201 3729 2497 3800 archetypo
2535 3726 2921 3798 respondentis
2965 3726 3240 3797 particeps
3292 3732 3404 3792 est,

1822 3822 2000 3891 quoad
2032 3821 2152 3890 ejus
2182 3821 2296 3875 fieri
2331 3829 2538 3890 potest,
2579 3821 2719 3875 haud
2754 3821 2920 3876 dubie
2965 3821 3091 3874 boni
3135 3828 3405 3890 praestana

1824 3914 1952 3967 tiam
1981 3913 2120 3966 tueri
2139 3928 2202 3965 ac
2233 3927 2586 3966 conservare.
2616 3911 2873 3967 Eamdem
2899 3920 3119 3978 contra,
3149 3912 3195 3967 si
3220 3913 3403 3984 aliquo

1823 4011 1984 4074 pacto
2016 4019 2046 4057 a
2088 4003 2332 4074 principe
2361 4003 2507 4058 bono
2541 4004 2834 4067 exorbitet,
2882 4011 2998 4058 tota
3041 4004 3132 4057 illa
3158 4004 3404 4074 pulchri~

1820 4096 2034 4157 tudine,
2076 4111 2183 4164 qua
2214 4104 2336 4150 erat
2378 4104 2592 4159 ornata,
2627 4095 2877 4166 spoliari.
2928 4094 3099 4149 Porro
3141 4096 3406 4165 quemad-

1823 4185 2043 4240 modum
2069 4186 2367 4240 indicatum
2390 4196 2474 4239 est
2490 4186 2850 4240 similitudine
2873 4186 3142 4255 principis
3167 4187 3405 4255 pulchri-

1824 4274 2036 4329 tudinis
2093 4280 2344 4327 ornatam
2406 4288 2530 4329 esse
2591 4281 2848 4337 mentem,
2908 4272 3131 4340 perinde
3175 4287 3238 4327 ac
3278 4288 3402 4343 spe-

1824 4365 2011 4419 culum
2051 4364 2221 4434 figura
2258 4363 2413 4419 faciei
2448 4380 2515 4418 ex
2564 4364 2685 4434 ipso
2736 4362 3033 4418 relucentis
3070 4362 3401 4433 insignitur:

1823 4454 2016 4509 eadem
2069 4455 2285 4509 ratione
2334 4462 2389 4508 et
2434 4461 2708 4517 naturam,
2769 4467 2892 4522 quae
2935 4466 2966 4506 a
3006 4460 3187 4509 mente
3228 4453 3401 4508 admi-

1824 4547 2114 4613 nistratur,
2156 4561 2285 4617 erga
2333 4546 2579 4601 eamdem
2624 4544 2871 4599 aﬂ'ectam
2920 4559 3044 4600 esse
3089 4547 3403 4610 statuimus,

1824 4644 1885 4692 ut
1923 4637 2133 4693 scilicet
2164 4644 2218 4691 et
2248 4637 2419 4707 ipsam
2454 4637 2640 4691 ornari
2669 4638 2972 4706 propinqua
2998 4637 3406 4707 pulchritudine

1823 4727 2096 4792 dicamus,
2127 4734 2182 4782 et
2213 4729 2370 4797 quasi
2410 4727 2617 4796 speculi
2667 4728 2951 4796 speculum
2990 4741 3135 4782 esse.
3184 4725 3405 4782 Naturze

1824 4833 1991 4889 porro
2021 4819 2349 4875 crassiorem
2383 4818 2540 4888 quasi
2578 4819 2861 4873 materiem
2899 4819 3071 4874 nostri
3103 4818 3400 4881 cohaerere,

1823 4910 1912 4965 cui
1948 4911 2062 4980 ipsa
2100 4920 2295 4965 natura
2342 4910 2503 4965 inest.
2534 4910 2706 4980 Igitur
2733 4910 2974 4980 quandiu
3026 4909 3140 4963 haec
3174 4908 3317 4963 inter
3341 4923 3401 4965 se

1824 5007 1950 5068 apte
1991 5014 2243 5055 connexa
2294 5007 2444 5064 sunt,
2498 4999 2663 5053 etiam
2715 4999 3004 5053 verissima
3048 4997 3402 5066 pulchritudo

1823 5092 2183 5147 conveniente
2228 5091 2463 5162 quadam
2514 5091 2728 5145 ratione
2775 5104 2900 5144 cum
2951 5087 3209 5144 omnibus
3246 5103 3401 5143 com-

1828 5185 2181 5239 municatur:
2222 5196 2440 5251 semper
2482 5196 2569 5245 eo,
2613 5180 2761 5251 quod
2810 5181 2932 5235 loco
2970 5187 3055 5234 est
3097 5180 3403 5251 superiore,

1828 5275 2141 5347 proximum
2174 5272 2276 5328 sibi
2301 5281 2619 5326 exornante.
2659 5269 2756 5325 Ubi
2779 5285 2907 5326 vero
2931 5270 3205 5341 praeclarae
3241 5271 3405 5340 hujus

1830 5364 2233 5437 conjunctionis
2254 5362 2499 5418 estfacta
2522 5362 2790 5428 divulsio;
2816 5364 2899 5418 vel
2923 5370 3135 5429 contra,
3150 5365 3296 5436 quod
3319 5371 3404 5419 est

1833 5454 2180 5529 praestantius
2223 5452 2416 5510 ordine
2445 5452 2664 5508 inverso
2691 5454 2938 5526 sequitur
2980 5453 3246 5511 inferius:
3285 5463 3400 5513 tum
