3794 6000
427 228 532 288 965

1661 226 1718 282 S.
1759 224 2090 283 GBEGOBII
2123 226 2409 282 NYSSENI

3584 236 3693 294 ισι

422 343 637 403 scilicet
667 342 905 398 rudiaris
947 342 1002 397 in
1055 326 1276 397 homine
1306 342 1553 398 materiei
1600 357 1630 396 a
1661 351 1859 398 natura
1905 364 1920 399 ι

2202 361 2327 414 χους
2363 342 2454 396 διά
2498 340 2598 410 τῆς
2628 340 2841 411 φύσεως
2878 341 2910 413 ἡ
2941 341 3176 407 διάδοσις
3201 341 3432 411 γίνεται,
3468 342 3547 406 ὡς
3590 361 3700 414 μη-

421 442 587 490 serta:
617 434 899 503 turpitudo
931 433 1164 503 insignis
1200 442 1445 504 apparet.
1477 433 1616 488 Nam
1652 434 1770 503 ipsa
1809 450 1905 505 per
1939 450 2001 490 se

425 526 682 581 materies
714 524 971 595 quiddam
1003 532 1095 580 est
1115 524 1361 580 deforme
1386 534 1442 580 et
1468 524 1864 595 imperfectum.
1894 524 1997 579 Dc-

427 613 751 668 fortmtatem
775 628 906 668 vero
927 613 1197 680 materiei,
1229 614 1659 683 pulchritudinis
1691 615 1855 668 etiam
1879 613 2000 683 ejus

424 720 546 774 quae
577 705 629 759 in
682 713 876 758 natura
924 714 1031 769 est,
1087 720 1118 758 a
1171 715 1350 760 mente
1408 704 1687 775 profectae,
1747 705 2000 759 interitus

425 796 800 865 consequitur.
835 795 926 850 Sic
958 797 1093 852 adeo
1128 797 1375 852 materiei
1404 796 1689 866 turpitudo
1724 812 1819 866 per
1845 805 2001 849 natu«

426 903 542 941 ram
578 887 646 941 ad
676 899 909 943 mentem
956 891 1130 958 ipsam
1163 888 1456 955 redundat,
1505 897 1565 942 ut
1614 905 1720 943 non
1742 890 1853 958 jam
1886 904 2001 942 am-

425 978 569 1048 plius
614 977 669 1031 in
702 978 872 1032 creati
927 978 1098 1049 ﬁgura
1149 980 1329 1050 imago
1386 980 1476 1033 Dei
1525 988 1803 1049 appareat.
1849 978 2000 1033 Mens

425 1070 571 1124 enim
601 1070 869 1123 bonorum
899 1070 1075 1124 ideam
1118 1080 1374 1140 tanquam
1416 1072 1699 1141 speculum
1734 1083 1855 1139 post
1894 1082 2002 1124 ter-

425 1175 552 1229 gttm
594 1159 898 1221 coilocans,
940 1160 1173 1213 eximios
1207 1159 1335 1213 boni
1382 1158 1783 1228 reSpIendentis
1821 1160 2002 1213 radios

426 1251 627 1320 reiicit,
663 1265 727 1305 ac
759 1251 1004 1305 materiei
1034 1250 1441 1306 deformitatem
1472 1252 1528 1304 in
1565 1266 1686 1306 sese
1714 1252 1998 1304 transfert.

427 1341 541 1397 Hoc
569 1344 822 1421 videlicet
861 1343 1025 1399 modo
1051 1346 1292 1413 pravitas
1338 1346 1481 1398 bono
1512 1344 1663 1414 prius
1711 1344 1867 1412 quasi
1918 1347 2001 1396 in-

418 1444 670 1491 terverso
723 1449 787 1488 ac
816 1436 1049 1501 sublato,
1098 1438 1275 1491 oritur
1322 1444 1377 1490 ct
1424 1438 1659 1491 exsistit.
1705 1435 2001 1490 Pulchrum

426 1539 554 1578 vero
582 1526 796 1579 censeri
836 1526 1017 1589 debet,
1060 1527 1432 1595 quodcunque
1490 1527 1555 1579 ad
1607 1527 1861 1596 princeps
1904 1526 2003 1581 bo-

426 1632 557 1670 num
594 1618 867 1688 congruit.
918 1619 1186 1689 Quodque
1218 1631 1647 1675 consentaneum
1685 1619 1859 1673 eidem
1893 1634 2001 1672 non

425 1713 529 1769 est,
561 1707 742 1762 omnis
767 1716 850 1762 est
870 1707 1295 1777 pulchritudinis
1312 1724 1523 1779 expers.
1561 1708 1926 1774 Quamobrem
1955 1706 2001 1761 si

426 1798 494 1852 de
525 1800 795 1853 sententia
818 1799 1091 1853 rationum
1122 1800 1515 1871 expositarum,
1549 1815 1716 1854 unum
1745 1798 2000 1868 quiddam

422 1897 511 1944 est
550 1905 677 1944 vere
715 1890 959 1945 bonum:
1003 1907 1157 1946 mens
1193 1903 1373 1947 autem
1407 1892 1548 1955 ideo,
1580 1890 1725 1961 quod
1758 1890 1824 1944 ad
1864 1889 2003 1943 ima-

425 1979 603 2051 ginem
631 1980 843 2048 pulchri
871 1987 957 2036 est
984 1981 1346 2046 conformata,
1375 1991 1428 2037 et
1450 1983 1567 2052 ipsa
1601 1980 2004 2051 pulchritudine

425 2072 660 2141 quadam
695 2080 890 2125 ornata
934 2081 1017 2127 est
1052 2092 1065 2126 :
1103 2074 1341 2143 denique
1384 2084 1599 2135 natura,
1635 2068 1799 2143 quam
1851 2086 2004 2125 mens

427 2163 693 2224 continet,
736 2162 780 2216 si
814 2171 896 2215 est
939 2162 1196 2231 imaginis
1244 2163 1408 2232 hujus
1439 2164 1543 2217 alia
1583 2162 1830 2232 quaedam
1873 2162 2006 2214 ima-

426 2265 495 2319 go
530 2268 542 2302 :
572 2250 677 2303 erit
706 2260 988 2305 ostensum
1024 2250 1167 2304 haud
1209 2251 1372 2306 dubie
1412 2252 1690 2305 rudiorem
1718 2252 1865 2305 illam
1904 2266 2006 2305 no-

425 2337 526 2393 stri
558 2338 837 2393 materiem
887 2347 1002 2392 tum
1045 2340 1262 2394 demum
1310 2349 1458 2394 recte
1502 2340 1661 2409 quasi
1705 2340 2005 2394 stabilitam

426 2446 570 2493 esse,
610 2431 832 2499 quando
871 2446 899 2484 a
937 2439 1129 2485 natura
1160 2433 1521 2502 gubernatur.
1554 2431 1823 2486 Cieterum
1860 2447 2007 2486 eam-

428 2524 551 2579 dem
592 2524 827 2578 solutam
869 2524 1089 2586 collabi,
1138 2525 1355 2592 quando
1401 2526 1470 2578 ab
1513 2540 1598 2588 eo,
1643 2538 1751 2593 quo
1780 2523 2009 2579 firmiter

429 2616 766 2678 continetur,
808 2614 1164 2685 disjungitur,
1198 2625 1251 2671 et
1278 2631 1307 2669 a
1338 2616 1550 2686 pulchri
1577 2617 1839 2671 societate
1864 2618 2010 2671 avel-

430 2708 580 2762 litur.
622 2705 765 2762 Fieri
790 2707 893 2760 hoc
921 2708 1226 2772 consuevit,
1266 2723 1389 2763 cuin
1428 2717 1640 2763 natura:
1668 2708 2008 2763 ordoinver-

432 2798 586 2863 titur,
620 2797 789 2851 animi
838 2798 1065 2853 libidine
1108 2813 1218 2853 non
1268 2797 1336 2852 ad
1377 2798 1798 2868 pulchritudinis
1840 2799 2009 2854 decus

435 2890 754 2955 inclinante,
808 2888 901 2943 sed
937 2889 1003 2942 ad
1047 2889 1124 2952 id,
1165 2889 1309 2958 quod
1361 2890 1536 2959 ipsum
1590 2905 1916 2961 magnopere
1953 2898 2013 2944 ut

434 2988 729 3035 exornetur
756 2979 977 3051 indiget.
1006 2978 1120 3033 Non
1153 2981 1297 3035 enim
1328 2981 1443 3035 fieri
1465 2982 1622 3035 aliter
1642 2992 1842 3051 potest,
1878 2983 2008 3051 quin

434 3071 580 3143 quod
625 3071 869 3126 materiei
919 3073 1138 3142 propria
1187 3071 1363 3126 forma
1409 3072 1681 3127 destitutae
1728 3073 2013 3127 consimile

435 3163 667 3218 eﬂicitur
708 3163 913 3217 :etiam
945 3162 1306 3217 deformitatis
1353 3161 1724 3233 faeditatisquc
1768 3164 2012 3233 ejusdem

439 3255 728 3325 imaginem
759 3251 970 3307 induat.
1004 3252 1111 3309 Sed
1157 3254 1273 3309 haec
1299 3253 1518 3323 quidem
1559 3254 1628 3307 ab
1662 3255 1785 3309 aliis
1814 3253 1880 3307 ad
1909 3255 2015 3308 alia

436 3345 670 3415 delapsi,
704 3345 881 3399 obiter
908 3344 1118 3399 scilicet
1144 3345 1475 3414 explicando
1504 3343 1886 3408 indicavimus,
1915 3347 2017 3398 im-

441 3437 802 3492 miscentibus
846 3451 967 3491 sese
996 3437 1080 3491 his
1108 3436 1158 3491 ei
1202 3434 1655 3496 considerationi,
1705 3451 1812 3503 qua
1854 3437 1911 3489 id
1948 3437 2015 3491 de

439 3547 547 3600 quo
578 3530 778 3601 agitur,
812 3529 1102 3600 complecti
1136 3537 1255 3585 erat
1280 3529 1517 3583 animus.
1550 3526 1663 3582 Hoc
1693 3528 1838 3583 enim
1875 3543 2018 3597 quie-

440 3624 715 3687 rebamus,
744 3639 915 3693 ecqua
947 3624 1000 3677 in
1044 3630 1197 3693 parte
1238 3627 1411 3679 nostri
1444 3622 1674 3679 facultas
1714 3620 2017 3692 intelligen-

441 3716 529 3769 tize
556 3715 736 3770 sedem
768 3716 1059 3785 quamdam
1088 3723 1293 3769 certam
1319 3717 1589 3771 obtineret
1622 3735 1634 3769 :
1668 3730 1735 3768 an
1763 3729 1889 3768 vero
1923 3728 2018 3782 per

441 3809 624 3861 omnia
657 3809 912 3876 aequabili
955 3824 1014 3861 se
1056 3809 1268 3862 ratione
1312 3809 1480 3863 didat.
1527 3812 1714 3879 Itaque
1754 3806 2016 3862 adversus

441 3914 537 3954 eos
568 3900 659 3967 qui
697 3898 863 3951 certis
893 3898 1130 3966 partium
1171 3899 1306 3952 locis
1338 3909 1575 3954 mentem
1620 3899 1928 3964 includunt,
1965 3905 2019 3952 et

444 3989 511 4043 ad
540 3986 969 4041 confirmandam
1002 3987 1143 4040 hanc
1173 3990 1543 4056 conjecturam
1576 4006 1730 4045 suam
1761 3989 2014 4051 afferunt,

443 4095 566 4135 esse
615 4082 669 4132 in
710 4078 780 4133 iis
822 4077 1199 4148 intelligentia:
1244 4080 1353 4133 vim
1403 4081 1736 4153 languidam,
1784 4092 2017 4148 quorum

444 4172 586 4228 male
613 4172 818 4227 cerebri
851 4170 1054 4225 allecta-
1076 4171 1185 4225 sint
1211 4174 1543 4227 membrame
1568 4190 1580 4224 :
1608 4180 1886 4225 ostensum
1911 4177 2014 4236 est,

446 4263 672 4317 inomni
704 4263 951 4333 corporis
980 4263 1247 4328 membro,
1276 4263 1422 4332 quod
1462 4263 1680 4332 quidem
1717 4262 1907 4332 agendi
1939 4261 2019 4314 fa-

2101 433 2219 486 κέτι
2233 432 2327 486 τοῦ
2346 432 2481 486 Θεοῦ
2502 433 2601 504 τὴν
2621 434 2803 487 εἰκόνα
2827 435 2885 487 ἐν
2902 433 2979 504 τῷ
3006 434 3315 505 χαρακτῆρι
3343 433 3698 505 καθορᾶσθαι

2101 525 2193 579 τοῦ
2225 524 2562 593 πλάσματος.
2616 519 2741 577 Οἶον
2767 524 2877 595 γάρ
2913 542 2967 578 τι
3002 526 3306 595 κάτοπτρον
3337 524 3479 578 κατά
3510 522 3695 577 νώτου

2099 614 2198 686 τὴν
2226 614 2333 667 τῶν
2363 614 2580 683 ἀγαθῶν
2617 613 2762 667 ἰδέαν
2791 615 2820 666 ὁ
2843 613 2968 677 νοῦς
3005 614 3393 684 ποιησάμενος,
3425 612 3695 667 ἐκϐάλλει

2105 706 2201 775 μὲν
2232 706 2330 775 τῆς
2361 703 2684 774 ἐκλάμψεως
2723 702 2815 756 τοῦ
2863 702 3072 771 ἀγαθοῦ
3103 702 3202 765 τὰς
3242 701 3533 771 ἐμφάσεις,
3588 700 3698 769 τῆς

2100 799 2156 852 δὲ
2198 798 2327 868 ῦλης
2359 797 2457 866 τὴν
2496 796 2771 867 ἀμορφίαν
2812 797 2891 859 εἰς
2925 795 3115 849 ἐαυτὸν
3145 794 3543 864 ἀναμάσσεται.
3576 796 3699 848 Καὶ

2102 889 2273 959 τούτῳ
2287 890 2492 957 γίνεται
2517 887 2593 958 τῷ
2612 888 2798 958 τρόπῳ
2825 886 2917 939 τοῦ
2939 885 3108 939 κακοῦ
3139 887 3171 956 ἡ
3206 885 3438 953 γένεσις,
3466 885 3561 938 διὰ
3589 888 3699 956 τῆς

2103 980 2502 1051 ὑπεξαιρέσεως
2541 979 2634 1032 τοῦ
2666 978 2832 1031 καλοῦ
2874 978 3352 1049 παρυφισταμένη.
3414 976 3606 1029 Καλδν
3640 977 3701 1030 ὁὶ

2104 1073 2233 1133 πᾶν,
2265 1072 2401 1138 ὅπερ
2439 1069 2506 1121 ἂν
2549 1070 2686 1139 τύχῃ
2721 1068 2855 1138 πρὸς
2893 1067 2956 1119 τὸ
2999 1066 3215 1137 πρῶτον
3244 1066 3442 1134 ἀγαθὸν
3464 1064 3698 1128 οἰκείως

2104 1162 2222 1231 ἔχον
2240 1177 2252 1190 ·
2283 1161 2311 1213 ὅ
2339 1177 2391 1212 τι
2416 1159 2458 1211 δ’
2491 1158 2556 1211 ἂν
2582 1158 2687 1223 ἔξω
2717 1158 2937 1228 γένηται
2965 1158 3062 1227 τῆς
3095 1158 3233 1227 πρὸς
3260 1156 3416 1210 τοῦτο
3443 1156 3699 1226 σχέσεώς

2102 1270 2160 1305 τε
2186 1254 2279 1305 καὶ
2314 1250 2644 1321 ὁμοιώσεως,
2670 1251 2896 1320 ἄμοιρον
2944 1250 3037 1303 τοῦ
3078 1250 3242 1303 καλοῦ
3268 1252 3484 1313 πάντως
3514 1250 3696 1303 ἐστίν.

2103 1346 2165 1398 Εἰ
2194 1339 2287 1398 οὖν
2320 1344 2376 1398 ἐν
2407 1343 2505 1413 μὲν
2538 1342 2682 1396 κατὰ
2718 1342 2807 1395 τὸν
2852 1341 3195 1413 θεωρηθέντα
3227 1342 3382 1410 λόγον
3422 1343 3486 1395 τὺ
3517 1342 3699 1404 ὅντως

2104 1439 2303 1508 ἀγαθόν
2327 1453 2339 1467 ο
2400 1440 2428 1490 ὁ
2453 1438 2508 1489 δὲ
2533 1436 2657 1498 νοῦς
2680 1435 2761 1505 τῷ
2791 1435 2911 1488 κατ’
2934 1435 3119 1488 εἰκόνα
3144 1433 3237 1486 τοῦ
3270 1432 3435 1487 καλοῦ
3461 1433 3702 1502 γεγενῆ-

2105 1532 2248 1592 σθαι,
2281 1530 2376 1583 καὶ
2409 1529 2568 1592 αὐτὸς
2583 1528 2693 1598 ἔχει
2712 1528 2772 1581 τὸ
2802 1526 2963 1590 καλὸς
2987 1521 3123 1578 εἷναι
3146 1528 3215 1595 ’ἠ
3246 1525 3303 1577 δὲ
3337 1526 3500 1593 φύσις
3531 1526 3565 1596 ἡ
3586 1525 3700 1577 ὑπὸ

2104 1622 2199 1676 τοῦ
2229 1621 2321 1674 νοῦ
2354 1620 2706 1690 συνεχομένη,
2734 1618 2984 1688 καθάπερ
3005 1635 3090 1680 τις
3115 1616 3275 1670 εἰκὼν
3298 1617 3506 1679 εἰκόνος
3539 1618 3663 1670 ἐστί
3682 1635 3695 1647 ·

2036 1693 2074 1746 Β
2103 1713 2378 1765 δείκνυται
2411 1710 2499 1763 διὰ
2530 1710 2755 1772 τούτων,
2783 1709 2864 1761 ὃτι
2899 1709 2960 1761 τὸ
2987 1708 3168 1771 ὑλικὸν
3199 1711 3230 1778 ἠ
3242 1706 3355 1777 μῶν
3387 1707 3696 1785 συνέστηκε

2108 1804 2204 1874 μὲν
2239 1804 2332 1856 καὶ¹
2383 1803 2815 1872 περικρατεῖται,
2862 1802 2991 1854 ὅταν
3043 1800 3393 1870 οἰκονομῆται
3436 1802 3544 1854 ὑπὸ
3589 1804 3699 1871 τῆς

2105 1894 2320 1963 φύσεως
2340 1910 2353 1923 ·
2382 1892 2569 1945 λύεται
2597 1891 2676 1954 δὲ,
2726 1892 2821 1945 καὶ
2848 1891 3127 1943 διαπίπτει
3158 1890 3337 1954 πάλιν,
3368 1891 3494 1944 ὅταν
3519 1909 3695 1962 χωρι-

2108 1983 2206 2055 σθῇ
2233 1984 2344 2053 τοῦι
2371 1981 2825 2055 περικρατοῦντός
2858 1998 2919 2034 τε
2959 1982 3051 2033 καὶ
3080 1981 3413 2051 συνέχοντος,
3448 1982 3545 2034 καὶ
3571 1982 3699 2035 δια-

2108 2077 2321 2147 σπασθῇ
2350 2077 2447 2147 τῆς
2476 2075 2612 2144 πρὸς
2639 2074 2698 2126 τὸ
2730 2072 2894 2125 καλὸν
2925 2072 3223 2142 συμφυΐας.
3253 2072 3327 2124 Τὸ
3358 2071 3414 2123 δὲ
3447 2070 3699 2124 τοιοῦτον

2105 2169 2206 2222 οὐκ
2240 2168 2414 2229 ἄλλως
2444 2166 2671 2234 γίνεται,
2704 2164 2737 2233 ἢ
2772 2164 2901 2217 ὅταν
2928 2164 3027 2232 τῆς
3072 2161 3285 2230 φύσεως
3312 2160 3448 2231 πρὸς
3480 2160 3542 2213 τὸ
3589 2159 3697 2229 ἐμ-

2107 2260 2270 2315 παλιν
2301 2260 2524 2329 γένηται
2566 2258 2600 2327 ή
2639 2253 2962 2325 ἐπιστροφὴ,
2996 2253 3070 2324 μὴ
3109 2253 3245 2324 πρὸς
3279 2252 3340 2305 τὸ
3381 2251 3548 2305 καλὸν
3593 2252 3702 2321 τῆς

2108 2352 2399 2423 ἐπιθυμίας
2429 2348 2709 2419 νευούσης,
2735 2346 2869 2400 ἀλλά
2891 2345 3025 2417 πρὸς
3054 2345 3113 2397 τὸ
3135 2344 3334 2416 χρῇζον
3359 2343 3453 2397 τοῦ
3479 2343 3701 2397 καλλω-

2109 2446 2374 2510 πίζοντος.
2404 2443 2641 2511 Ἀνάγκη
2658 2440 2765 2511 γὰρ
2780 2441 2927 2492 πᾶσα
2958 2441 3024 2509 τῇ
3056 2436 3407 2508 πτωχευούσῃ
3434 2436 3535 2505 τῆς
3557 2436 3702 2499 ἰδίας

2113 2538 2326 2611 μορφῆς
2354 2536 2452 2606 ὕλῃ
2484 2533 2628 2588 κατά
2654 2534 2716 2586 τὸ
2744 2530 2991 2602 ἀσχημόν
3008 2546 3067 2581 τε
3098 2530 3194 2582 καὶ
3219 2527 3450 2590 ἀκαλλὲς
3474 2543 3699 2597 συμμε-

2109 2628 2516 2701 ταμορφοῦσθαι
2544 2625 2603 2678 τὸ
2632 2623 3001 2695 ὁμοιούμενον,
3056 2620 3193 2674 ἀλλά
3226 2620 3397 2673 ταῦτα
3433 2620 3532 2690 μὲν
3558 2622 3702 2690 ἡμῖν

2110 2720 2167 2787 ἐξ
2190 2718 2507 2780 ἀκολουθίας
2536 2716 2682 2779 τινὸς
2707 2713 3115 2785 παρεξητάσθη.
3132 2712 3221 2765 διὰ
3250 2715 3347 2783 τῆς
3378 2713 3458 2773 εἰς
3477 2711 3541 2763 τὺ
3558 2729 3702 2783 προ-

2111 2810 2361 2879 κείμενον
2403 2805 2637 2877 θεωρίας
2666 2802 3067 2856 ἐπεισελθόντα.
3108 2801 3182 2854 Τὸ
3210 2801 3318 2871 γὰρ
3347 2800 3704 2875 ζητούμενον

2110 2894 2200 2970 ἦν,
2232 2901 2280 2952 εἰ
2310 2901 2368 2951 ἐν
2409 2898 2564 2969 μέρει
2600 2896 2705 2949 τινὶ
2740 2894 2850 2949 τῶν
2874 2896 2931 2947 ἐν
2955 2896 3088 2964 ἡμῖν
3116 2895 3150 2965 ἡ
3184 2893 3346 2964 νοερὰ
3374 2892 3703 2962 καθίδρυται

2112 2990 2358 3062 δύναμις,
2384 2990 2416 3060 ἢ
2450 2989 2539 3042 διὰ
2566 2988 2782 3042 πάντων
2815 2985 2956 3040 κατὰ
2983 2986 3044 3039 τὸ
3078 2987 3190 3039 ἴσον
3213 2984 3407 3056 διήκει.
3442 2983 3567 3037 Τῶν
3588 2984 3705 3053 γὰρ

2115 3086 2358 3146 τοπικοῖς
2408 3082 2594 3153 μέρεσι
2627 3078 3051 3150 περιειργόντων
3081 3076 3170 3130 τὸν
3199 3076 3344 3138 νοῦν,
3376 3076 3470 3129 καὶ
3496 3077 3579 3137 εἰς
3604 3075 3707 3127 σύ-

2117 3190 2304 3230 στασιν
2329 3173 2427 3243 τῆς
2454 3171 2709 3241 τοιαύτης
2734 3168 2912 3223 αὐτῶν
2939 3166 3260 3238 ὑπολήψεως
3286 3164 3704 3236 προφερόντων,

2114 3267 2177 3319 τὸ
2212 3265 2286 3336 μὴ
2311 3250 2623 3318 εὐοδοῦσθαι
2654 3264 2752 3333 τὴν
2793 3261 3029 3315 διάνοιαν
3063 3258 3156 3313 ἐπὶ
3186 3257 3293 3311 τῶν
3341 3256 3493 3326 παρά
3530 3254 3705 3324 φύσιν

2115 3356 2474 3427 διακειμένων
2523 3356 2622 3418 τὰς
2672 3356 2976 3425 μήνιγγας·
3016 3349 3292 3413 ἀπέδειξεν
3324 3349 3353 3400 ό
3401 3346 3582 3416 λόγος,
3620 3349 3708 3400 ὅτι

2118 3447 2257 3500 κατά
2286 3448 2393 3499 πᾶν
2441 3444 2602 3515 μέρος
2638 3442 2732 3495 τοῦ
2770 3441 3105 3512 ἀνθρωπίνου
3148 3438 3538 3507 συγκρίματος,
3576 3439 3709 3491 καθ’

2116 3540 2145 3593 δ
2172 3540 2414 3608 πέφυκεν
2440 3539 2668 3600 ἕκαστος
2694 3538 2955 3607 ἐνεργεῖν,
2989 3536 3118 3598 ἴσως
3144 3536 3177 3604 ἡ
3204 3535 3302 3604 τῆς
3327 3533 3506 3603 ψυχῆς
3535 3532 3709 3587 δύνα-

2121 3651 2212 3704 μις
2241 3631 2598 3704 ἀνενέργητος
2630 3628 2799 3698 μένει,
2847 3628 2919 3697 μὴ
2959 3627 3302 3697 διαμένοντος
3339 3627 3398 3679 ἐν
3434 3627 3501 3696 τῇ
3539 3625 3709 3692 φύσει

2116 3725 2209 3779 τοῦ
2246 3724 2462 3794 μέρους.
2496 3721 2604 3774 Καὶ
2630 3720 2717 3772 διὰ
2740 3718 2899 3793 τοῦτο
2922 3718 2977 3783 ἐξ
3009 3717 3327 3779 ἀκολουθίας
3350 3716 3412 3769 τὸ
3438 3717 3711 3787 προτεθὲν

2120 3812 2456 3883 παρενέπεσε
2485 3809 2562 3879 τῷ
2588 3810 2730 3878 λόγῳ
2762 3806 3044 3879 θεώρημα,
3077 3806 3144 3859 δι’
3164 3798 3223 3859 οὗ
3254 3805 3617 3876 μανθάνομεν,
3644 3808 3710 3860 ἐν

2117 3903 2195 3973 τῷ
2232 3900 2555 3971 ἀνθρωπίνῳ
2588 3900 2918 3970 συγκρίματι
2947 3898 3050 3951 ὑπὸ
3081 3898 3215 3951 Θεοῦ
3255 3899 3352 3968 μὲν
3380 3896 3709 3952 διοικεῖσθαι

2116 3993 2210 4047 τὸν
2255 3992 2399 4056 νοῦν,
2450 3992 2541 4043 ὑπ’
2571 3991 2780 4043 ἐκείνου
2826 3990 2883 4044 δὲ
2939 3991 3037 4060 τὴν
3082 3991 3273 4060 ὑλικὴν
3317 3988 3477 4059 ἡμῶν
3526 3987 3708 4058 ζωὴν,

2117 4084 2244 4137 ὃταν
2277 4084 2335 4141 ἐν
2369 4085 2433 4153 τῇ
2466 4081 2624 4150 φύσει
2672 4081 2827 4153 μένῃ,
2861 4082 2909 4132 εἰ
2951 4081 3007 4132 δὲ
3038 4079 3422 4151 παρατραπείη
3463 4080 3565 4149 τῆς
3595 4079 3708 4147 φύο

2121 4191 2277 4237 σεως,
2309 4174 2403 4225 καὶ
2449 4172 2550 4243 τῆς
2594 4173 2733 4226 κατά
2774 4172 2865 4224 τὸν
2906 4171 3030 4224 νοῦν
3063 4171 3347 4242 ἐνεργείας
3389 4169 3711 4240 ἀλλοτριοῦ-

2122 4266 2265 4320 σθαι.
2312 4265 2451 4318 Ἀλλ’
2490 4265 2874 4335 ἐπανέλθωμεν
2918 4264 3081 4317 πάλιν
3124 4263 3246 4317 ὃθεν
3293 4263 3577 4332 ἐξέϐημεν,
3617 4263 3709 4315 ὅτι

444 4355 648 4409 cultate
701 4355 987 4424 praaditum
1021 4362 1125 4420 est,
1174 4369 1282 4409 non
1333 4355 1528 4407 mirum
1577 4369 1722 4417 esse,
1785 4355 1831 4408 si
1879 4355 1942 4407 nil

2257 4356 2365 4409 τῶν
2401 4358 2474 4428 μὴ
2521 4357 2990 4427 παρατραπέντων
3036 4356 3100 4409 ἐκ
3154 4355 3359 4416 πάθους
3408 4354 3551 4416 τινὸς
3599 4354 3709 4423 τῆς

447 4442 664 4509 animus
707 4442 926 4505 efﬁciat,
966 4460 1085 4499 cum
1122 4444 1423 4498 membrum
1464 4445 1643 4515 ipsum
1692 4445 1770 4499 ita
1807 4454 1864 4500 ut
1896 4462 1945 4500 es

2212 4452 2348 4520 πικῆς
2398 4449 2784 4512 καταστάσεως
2830 4449 2928 4519 τὴν
2980 4449 3189 4502 οἰκείαν
3238 4447 3467 4517 δύναμιν
3512 4448 3541 4499 ό
3576 4448 3710 4511 νοῦς

446 4540 822 4602 comparatum
856 4548 886 4587 a
918 4544 1112 4589 natura
1148 4535 1399 4600 debebat,
1437 4552 1544 4590 non
1591 4542 1806 4595 existat.
1845 4536 1944 4607 Atq

2215 4546 2349 4614 ργεῖ,
2385 4542 2480 4595 καὶ
2506 4541 2741 4613 ἔρρωται
2778 4540 2876 4610 μὲν
2907 4540 3001 4594 ἐπὶ
3034 4540 3144 4592 τῶν
3180 4538 3548 4600 συνεστώτων,
3577 4537 3713 4591 ἀδυ-

448 4625 550 4679 hoc
576 4624 694 4679 loco
722 4639 830 4679 non
859 4626 1330 4692 inconvenienter,
1364 4629 1578 4697 opinor,
1610 4629 1944 4685 intexuimus

2212 4636 2264 4685 εἰ
2305 4632 2362 4685 δέ
2417 4632 2579 4685 πάλιν
2613 4632 2705 4684 ἐπὶ
2746 4630 2854 4683 τῶν
2899 4626 2978 4702 μὴ
3020 4629 3340 4702 χωρούντων
3388 4626 3553 4681 αὑτοῦ
3601 4627 3710 4698 τὴν

449 4715 539 4769 lnd
572 4712 873 4779 theor‘cma,
904 4717 973 4771 de
1001 4734 1109 4787 quo
1144 4720 1443 4789 intelligere
1471 4729 1577 4782 est,
1612 4721 1664 4774 in
1698 4728 1811 4775 tota
1844 4722 1947 4776 ιιοη

2213 4740 2417 4795 ργειαν.
2454 4721 2611 4775 Ἔστι
2638 4721 2746 4793 γὰρ
2776 4722 2872 4774 καὶ
2902 4722 2968 4775 δι’
3001 4722 3204 4792 ἐτέρων
3235 4722 3297 4775 τὸ
3330 4720 3457 4791 περὶ
3493 4720 3711 4772 τούτων

448 4809 534 4862 nis
559 4823 817 4879 compage
841 4818 1076 4863 mentem
1104 4810 1324 4879 quidem
1348 4812 1606 4867 divinitus
1636 4813 1946 4880 gubernari,

2220 4831 2296 4885 μα
2341 4812 2744 4867 πιστώσασθαν
2789 4814 2885 4867 καὶ
2914 4815 2961 4865 εἰ
3009 4813 3083 4883 μὴ
3128 4813 3264 4884 βαρὺ
3304 4815 3368 4883 τῇ
3417 4813 3553 4881 ἀκοῇ
3591 4810 3711 4863 τῶν

448 4909 628 4953 mente
662 4914 789 4952 vero
821 4899 986 4954 vitam
1017 4900 1258 4957 rudiaris
1288 4902 1340 4955 in
1370 4902 1527 4956 nobis
1567 4904 1835 4967 materiei,
1867 4905 1913 4959 si

2215 4905 2589 4976 κεκμηκότων
2618 4905 2716 4976 ἤδη
2747 4904 2825 4975 τῷ
2870 4904 3033 4974 λόγῳ,
3070 4905 3163 4957 καὶ
3207 4902 3587 4975 περὶτούτων,
3626 4902 3713 4965 ὡς

446 4999 599 5045 extra
629 5000 878 5045 naturam
907 5006 1016 5045 non
1046 4993 1336 5049 exorbitat.
1375 4992 1506 5046 Nam
1548 4994 1594 5048 si
1630 5009 1659 5047 a
1700 5005 1894 5049 natura
1924 5012 1944 5050 ι

1855 5010 1894 5049 'a
1924 5012 2016 5050 τε·
2126 4997 2192 5050 ἂν
2215 4991 2315 5049 οἷοί
2344 5012 2403 5048 τε
2427 4989 2599 5065 ὦμεν,
2628 4994 2695 5048 δι’
2732 4995 2928 5064 ὀλίγων
2946 4994 3353 5070 διαληψὼμεθα.

448 5079 638 5144 cedat,
683 5081 874 5151 agendi
927 5080 1278 5147 facultatem,
1324 5099 1484 5153 quam
1534 5084 1730 5140 haheat
1774 5100 1802 5138 a
1847 5094 2057 5152 mente,
2106 5101 2333 5156 prorsus
2382 5089 2649 5141 amittere.
2696 5086 2989 5142 Enimvero
3035 5094 3340 5142 revertatur
3375 5099 3441 5139 eo
3482 5082 3713 5138 tandem

448 5173 647 5234 oratio,
680 5175 821 5229 unde
846 5174 1082 5240 deﬂexit,
1116 5186 1348 5232 mentem
1390 5179 1637 5234 videlicet
1671 5180 1724 5233 in
1767 5181 1834 5233 iis
1867 5181 2140 5250 partibus,
2187 5196 2419 5251 quarum
2460 5181 2701 5235 conditio
2748 5181 3017 5236 naturalis
3070 5180 3259 5234 morbo
3290 5179 3473 5247 aliquo
3513 5175 3713 5229 vitiata

449 5278 557 5315 non
593 5265 683 5325 sit,
711 5264 1078 5321 efficacitatcm
1105 5282 1256 5320 suam
1281 5269 1547 5333 obtinere,
1588 5270 1641 5324 in
1689 5272 1993 5325 valentibus
2021 5272 2284 5328 membris
2312 5273 2601 5338 valentem,
2640 5274 2694 5326 in
2743 5272 2808 5329 iis
2854 5280 3033 5327 autem
3071 5287 3191 5342 qua:
3216 5272 3494 5325 actionum
3530 5269 3715 5338 ipsius

445 5354 670 5420 capacia
690 5369 797 5408 non
826 5366 971 5420 sunt,
1002 5358 1335 5429 languidam.
1381 5360 1555 5431 Atque
1600 5362 1725 5417 huic
1766 5363 1984 5433 quidem
2034 5365 2316 5419 sententiae
2348 5380 2454 5418 non
2495 5371 2579 5419 est
2605 5363 2821 5420 difﬁcile
2846 5365 3148 5419 rationibus
3178 5364 3339 5418 etiam
3387 5361 3510 5417 aliis
3545 5362 3715 5418 fidem

448 5444 645 5498 lacere.
679 5442 832 5511 Quod
875 5446 919 5501 si
965 5450 1253 5505 molestum
1285 5467 1392 5505 non
1426 5453 1529 5507 erit
1557 5453 1645 5516 iis,
1677 5454 1769 5523 qni
1812 5454 2058 5509 oratione
2100 5456 2380 5525 superiore
2411 5462 2621 5511 tantum
2651 5471 2758 5510 non
2790 5454 3069 5526 defatigati
3109 5462 3256 5519 sunt,
3293 5452 3468 5522 placet
3510 5460 3567 5508 et
3592 5453 3716 5523 illa,

448 5539 624 5609 qno.:d
658 5541 776 5611 ejus
805 5540 919 5598 fieri
954 5547 1172 5615 poterit,
1211 5562 1371 5615 quam
1414 5547 1734 5603 brevissime
1768 5549 2148 5619 perstringere.
