3794 6000
166 184 261 244 165

665 294 1081 349 ΚΕΦΑΛΑΙΟΝ.
1126 295 1223 348 ll".

1439 188 1525 242 DE
1568 185 1847 242 IIOMINIS
1885 185 2194 241 OPlFlClO.

3320 188 3423 245 1δὸ

2444 293 2672 349 CAPUT
2711 293 2850 349 χιιι.

163 386 293 457 Περὶ
320 386 543 449 ὕπνου,
571 384 670 438 καὶ
694 384 954 453 χάσμης,
985 385 1083 437 καὶ
1106 385 1372 451 ὀνείρων,
1396 386 1742 456 αἰτιολογία.

1876 384 2062 449 Somni,
2096 386 2465 451 oscitationis,
2502 386 2890 438 insomniorum
2935 401 3112 441 causa
3149 386 3419 443 indicum.

239 480 311 531 Ἡ
348 477 509 546 ὑλικὴ
561 478 657 530 καὶ
699 477 906 547 ῥοώδης
951 476 1089 547 αὕτη
1148 476 1257 529 τῶν
1290 478 1556 549 σωμάτων
1606 479 1739 551 ζωὴ,

162 571 388 627 πάντοτε
434 570 522 622 διὰ
555 571 827 639 κινήσεως
870 569 1154 639 προϊοῦσα,
1187 570 1246 622 ἐν
1293 570 1465 641 τούτῳ
1492 571 1602 640 ἔχει
1648 572 1742 625 τοῦ

163 658 296 715 εἶναι
328 662 430 732 τὴν
461 660 714 730 δύναμιν,
752 663 810 714 ἐν
837 658 916 729 τῷ
962 659 1036 731 μὴ
1073 661 1262 731 στῆναί
1304 679 1432 715 ποτε
1460 665 1559 734 τῆς
1588 665 1743 734 κινή-

164 765 313 811 σεως.
347 747 623 819 Καθάπερ
651 747 709 800 δέ
746 766 828 811 τις
875 750 1117 819 ποταμὸς
1139 749 1280 803 κατά
1319 750 1417 821 τὴν
1444 751 1577 805 ἰδίαν
1607 753 1745 822 ρἐν

162 841 358 911 ὁρμὴν,
384 839 569 910 πλήρη
606 839 707 908 μέν
735 839 973 892 δείκνυσι
1013 840 1111 910 τὴν
1141 841 1448 912 κοιλότητα,
1479 843 1547 896 δι’
1573 840 1640 915 ἧς
1680 844 1745 898 ἂν

162 930 297 1004 τύχῃ
324 932 648 1001 φερόμενος,
689 931 748 983 οὐ
788 930 893 1001 μὴν
935 932 992 982 ἐν
1024 930 1101 1001 τῷ
1132 931 1279 1002 αὐτῷ
1319 932 1469 987 ὕδατι
1502 936 1630 1004 περὶ
1654 935 1744 987 τὸν

162 1024 324 1077 αὐτὸν
354 1024 442 1077 ἀεὶ
470 1023 634 1075 τόπον
663 1023 878 1093 ὁρᾶται,
911 1022 1044 1075 ἀλλά
1072 1022 1132 1076 τὸ
1173 1024 1270 1093 μὲν
1303 1025 1617 1095 ὑπέδραμεν
1652 1027 1747 1079 αὐ-

163 1114 274 1178 τοῦ,
310 1115 376 1167 τὸ
415 1114 474 1167 δὲ
522 1105 813 1184 ὑπερρέει·
849 1112 994 1167 οὕτω
1040 1115 1133 1168 καὶ
1162 1115 1223 1167 τὸ
1256 1116 1437 1169 ὑλικὸν
1487 1117 1587 1188 τῆς
1620 1118 1747 1188 τῇδε

165 1202 307 1272 ζωῆς
342 1201 435 1254 διά
476 1218 621 1263 τινος
660 1204 925 1271 κινήσεως
957 1204 1051 1255 καὶ
1102 1204 1230 1274 ῥοῆς
1255 1207 1320 1275 τῇ
1372 1206 1622 1278 συνεχείᾳ
1651 1206 1751 1275 τῆς

164 1293 268 1348 τῶν
314 1291 580 1345 ἐναντίων
622 1290 872 1362 διαδοχῆς
919 1292 1222 1362 ἀμείϐεται,
1270 1294 1344 1356 ὡς
1372 1294 1439 1348 ἂν
1482 1296 1751 1366 μηδέποτε

168 1384 360 1453 στῆναι
384 1382 765 1464 δύνασθαι-τῆς
795 1383 1117 1455 μεταϐολῆς,
1148 1385 1280 1438 ἀλλᾶ
1307 1389 1371 1457 τῇ
1401 1387 1627 1459 δυνάμει
1657 1388 1750 1442 τοῦ

167 1476 427 1546 ἀτρεμεῖν
474 1473 754 1527 ἄπαυστον
786 1473 929 1544 ἔχειν
971 1474 1057 1528 διὰ
1086 1475 1194 1529 τῶν
1232 1476 1433 1547 ὁμοίων
1467 1479 1753 1550 ἐναμειϐο-

171 1567 335 1637 μένην
366 1564 468 1636 τὴν
509 1565 745 1637 κίνησιν.
774 1567 836 1621 Εἰ
862 1566 917 1620 δέ
950 1584 1081 1620 ποτε
1111 1568 1426 1640 κινούμενον
1469 1571 1749 1638 παύσοιτο,

1923 476 2177 530 Crassior
2209 477 2300 530 illa
2335 476 2589 546 tluxaque
2621 491 2910 545 corporum
2944 485 3257 532 nostrorum
3291 480 3420 543 vita,

1850 580 1972 632 quae
2024 581 2241 635 semper
2286 577 2555 629 movetur,
2602 581 2667 619 ex
2701 580 2766 619 eo
2816 567 2935 635 ipso
2980 566 3087 619 vim
3124 566 3423 621 exsistendi

1851 655 2035 721 habet,
2073 658 2220 727 quod
2264 666 2415 711 motu
2446 656 2671 727 pra-dita
2720 659 2793 713 sit
2822 658 3022 727 quietis
3064 668 3305 727 experte.
3347 658 3428 711 Ac

1852 748 2017 802 veluti
2046 748 2245 805 ﬂuvius
2274 749 2477 820 impetu
2510 764 2611 804 suo
2634 751 2930 814 volutatus,
2957 750 3168 803 alveum
3204 748 3425 817 quidem

1853 856 2014 896 suum
2046 855 2261 910 semper
2294 842 2503 910 implet,
2529 859 2624 912 per
2656 857 2815 911 quem
2847 843 3065 907 labitur,
3101 855 3210 896 non
3246 853 3427 894 tamen

1852 932 2044 986 eadem
2071 946 2210 1001 aqua
2236 932 2424 986 eodem
2455 933 2509 986 iu
2541 933 2661 987 loco
2688 941 2949 1003 perpetuo
2975 932 3165 998 liazret,
3198 931 3427 986 sed'alia

1853 1023 2201 1086 decurrente,
2247 1022 2418 1077 aﬂluit
2458 1024 2563 1077 alia
2608 1042 2621 1077 :
2663 1024 2743 1078 sic
2792 1023 3033 1077 crassior
3075 1023 3165 1076 illa
3219 1022 3324 1075 vita
3373 1023 3430 1075 in

1855 1114 2018 1167 terris
2069 1121 2261 1168 nostra
2313 1122 2461 1167 motu
2494 1115 2731 1183 quodam
2780 1130 2843 1168 ac
2894 1114 3130 1167 ﬂuxione
3168 1112 3430 1166 continua

1856 1204 2088 1260 diversis
2110 1204 2271 1259 rebus
2293 1205 2719 1261 succedentibus
2751 1206 2876 1269 sibi,
2902 1207 2953 1259 in
2986 1213 3239 1275 perpetua
3267 1205 3429 1259 vicis-

1857 1297 2097 1351 situdine
2127 1312 2404 1366 nunquam
2443 1297 2839 1367 interquiescit,
2860 1297 2954 1353 sed
2993 1313 3100 1350 una
3128 1312 3251 1351 cum
3278 1296 3432 1366 quie-

1858 1389 2044 1444 scendi
2078 1388 2336 1444 facultate
2368 1405 2663 1459 perennem
2696 1390 2859 1443 etiam
2887 1396 3092 1443 motum
3124 1387 3323 1442 similia
3351 1385 3432 1439 vi-
3479 1405 3489 1414 -

1857 1462 2042 1533 cissim
2089 1481 2451 1535 alternantem
2486 1480 2668 1535 habet.
2715 1479 2868 1545 Quod
2901 1481 2947 1535 si
2989 1480 3078 1534 hic
3102 1480 3220 1548 ejus
3251 1486 3432 1533 motus

1858 1571 2152 1640 aliquando
2180 1572 2448 1641 quiescat,
2479 1571 2648 1641 ipsam
2670 1585 2888 1640 quoque
2911 1569 3183 1638 exstingui
3208 1584 3435 1625 necesse

168 1656 256 1709 καὶ
306 1654 406 1707 τοῦ
456 1649 599 1708 εἶναι
647 1654 863 1719 πάντως
904 1656 1001 1727 τὴν
1045 1657 1257 1711 παῦλαν
1296 1659 1405 1723 ἕξει
1429 1676 1441 1688 ·
1486 1658 1617 1726 οἷον,
1679 1662 1754 1715 δι-

1876 1670 1960 1717 :st.
1990 1662 2307 1726 Evacuatio,
2348 1664 2500 1718 verbi
2545 1663 2748 1733 gratia,
2795 1663 3149 1732 repletionem
3193 1661 3431 1730 excipit;

169 1743 389 1811 εδέξατο
412 1744 476 1796 τὺ
510 1744 718 1815 πλῆρες
752 1745 785 1815 ἡ
819 1745 1064 1811 κένωσις,
1092 1748 1185 1800 καὶ
1217 1747 1377 1802 πάλιν
1407 1750 1754 1821 ἀντεισῆλθεν

169 1840 201 1909 ἡ
248 1837 538 1907 πλήρωσις
589 1838 655 1906 τῇ
709 1826 975 1907 κενότητι.
1020 1837 1245 1913 ’Ύπνοςὴ
1274 1839 1336 1891 τὸ
1385 1839 1631 1895 σύντονον
1656 1842 1756 1912 τῆς

169 1929 559 1999 ἐγρηγόρσεως
612 1926 974 1997 ὑπεχάλασεν,
1008 1925 1127 1982 εἶτα
1160 1932 1485 2004 ἐγρήγορσις
1523 1934 1582 1987 τὸ
1613 1935 1757 1988 ἀνει-

173 2020 332 2089 μένον
364 2018 623 2071 ἐτόνωσε.
653 2018 765 2071 Καὶ
803 2019 1080 2091 οὐδέτερον
1104 2020 1307 2075 τούτων
1334 2026 1392 2076 ὲν
1418 2024 1497 2095 τῷ
1521 2028 1759 2096 διηνεκεῖ

173 2111 464 2181 συμμένει,
514 2108 632 2162 ἀλλ’
667 2111 941 2182 ὑποχωρεῖ
978 2114 1098 2175 ταῖς
1146 2115 1466 2184 παρουσίαις
1513 2116 1758 2186 ἀλλήλων

171 2202 482 2272 ἀμφότερα,
513 2200 656 2255 οὕτω
682 2202 783 2272 τῆς
804 2201 1017 2272 φύσεως
1045 2204 1241 2276 ἑαυτὴν
1267 2209 1387 2270 ταῖς
1422 2208 1760 2276 ὑπαλλαγαῖς

172 2291 654 2363 ἀνακαινιζούσης,
692 2292 767 2357 ὡς
798 2294 1073 2366 ἑκατέρων
1094 2295 1152 2347 ἐν
1182 2295 1258 2366 τῷ
1306 2297 1461 2369 μέρει
1494 2298 1761 2368 μεταλαγ-

172 2387 443 2458 χάνουσαν
490 2386 876 2449 ἀδιασπάστως
904 2386 1008 2439 ἀπὸ
1045 2387 1139 2440 τοῦ
1186 2388 1371 2459 ἐτέρου
1416 2390 1761 2459 μεταϐαίνειν

172 2479 260 2531 ἐπὶ
286 2479 352 2531 τὸ
387 2478 602 2551 ἕτερον.
634 2477 709 2531 Τό
734 2495 793 2531 τε
815 2478 923 2549 γὰρ
946 2478 1236 2543 διαπαντὸς
1261 2481 1615 2535 συντετάσθαι
1643 2486 1763 2546 ταῖς

174 2570 476 2638 ἐνεργείαις
509 2568 571 2621 τὸ
609 2567 768 2632 ζῶον,
806 2568 958 2639 ρἧίν
995 2586 1115 2622 τινα
1158 2570 1250 2622 καὶ
1288 2570 1627 2642 διασπασμὸν
1655 2571 1763 2627 τῶν

175 2661 651 2733 ὕπερτεινομένων
702 2662 935 2712 ποιεῖται
983 2661 1166 2731 μερῶν
1189 2679 1202 2691 ο
1234 2662 1349 2733 ἤτε
1375 2663 1626 2734 διηνεκὴς
1669 2661 1762 2716 τοῦ

179 2751 429 2822 σώματος
474 2752 660 2815 ἄνεσις
702 2751 996 2805 διάπτωσιν
1034 2770 1152 2806 τινα
1180 2753 1272 2806 τοῦ
1309 2754 1639 2818 συνεστῶτος
1673 2755 1765 2808 καὶ

176 2844 325 2898 λύσιν
362 2843 686 2914 ἐργάζεται.
720 2841 794 2895 Τὸ
819 2843 875 2895 δὲ
904 2844 1046 2897 κατὰ
1072 2845 1262 2916 καιρὸν
1299 2845 1537 2916 μετρίως
1573 2847 1765 2901 ἐκατέ-

181 2955 283 3007 ρων
313 2935 732 3006 ἐπιτυγχάνειν,
777 2935 1005 3007 δύναμις
1052 2937 1187 3008 πρὸς
1215 2937 1477 3009 διαμονήν
1517 2941 1630 2992 ἐστι
1665 2940 1766 3009 τῆς

174 3029 415 3098 φύσεως,
437 3027 532 3081 διὰ
566 3030 666 3099 τῆς
701 3027 980 3097 διηνεκοῦς
1011 3028 1146 3099 πρὸς
1182 3028 1251 3082 τὰ
1293 3031 1643 3102 ἀντικείμενα
1675 3048 1770 3102 με-
1797 3012 1839 3069 C

179 3120 464 3183 ταϐάσεως
501 3120 561 3173 ἐν
593 3119 877 3190 ἑκατέροις
902 3119 1098 3190 ἑαυτὴν
1130 3121 1238 3174 ἀπὸ
1270 3121 1377 3175 τῶν
1412 3123 1613 3194 ἐτέρων
1646 3125 1773 3176 ἀνα·

182 3214 486 3284 παυούσης.
526 3210 897 3266 Οὖτωτοίνυν
932 3212 1295 3283 ητετονωμένον
1332 3214 1420 3267 διὰ
1471 3215 1573 3284 τῆς
1609 3217 1773 3287 ἐγρη-

182 3305 427 3376 γόρσεως
479 3302 544 3356 τὺ
593 3303 753 3374 σῶμα
798 3303 1254 3379 λαϐοῦσα,νλύσιν
1300 3308 1514 3376 ἐμποιεῖ
1556 3306 1644 3360 διὰ
1676 3305 1770 3360 τοῦ

184 3396 350 3450 ὕπνου
382 3395 465 3466 τῷ
490 3394 651 3465 τόνῳ,
681 3396 782 3458 τὰς
805 3394 1120 3466 αίσθητικὰς
1142 3396 1398 3468 δυνάμεις
1428 3399 1560 3469 πρὸς
1584 3399 1770 3471 καιρὸν

183 3488 244 3540 ἐκ
270 3488 381 3541 τῶν
399 3486 697 3556 ἐνεργειῶν
716 3486 1094 3553 ἁναπαύσασα,
1118 3481 1228 3540 οἷόν
1247 3505 1397 3552 τινας
1420 3490 1616 3554 ἵππους
1636 3490 1775 3560 μετὰ

183 3578 306 3641 τοὺς
337 3577 567 3645 ἀγῶνας
601 3577 708 3631 τῶν
753 3576 1012 3648 ἁρμάτων
1050 3577 1343 3632 ἐκλύσασα.
1390 3579 1687 3648 Ἀναγκαία
1714 3579 1773 3633 δὲ

185 3675 248 3743 τῇ
280 3670 550 3725 συστάσει
591 3669 686 3722 τοῦ
724 3669 975 3740 σώματος
1016 3671 1049 3740 ἡ
1080 3669 1335 3742 εὔκαιρος
1371 3670 1574 3732 ἄνεσις,
1601 3672 1675 3735 ὡς
1709 3671 1774 3725 ἂν

186 3764 487 3826 ἀκωλύτως
519 3765 605 3830 ἐφ’
634 3762 781 3816 ἅπαν
804 3761 865 3815 τὸ
899 3762 1055 3832 σῶμα
1086 3762 1174 3817 διὰ
1200 3763 1309 3816 τῶν
1340 3765 1396 3817 ἐν
1421 3762 1567 3833 αὐτῷ
1595 3765 1774 3835 πόρων

186 3857 219 3925 ὴ
251 3854 433 3925 τροφὴ
478 3853 768 3923 διαχέοιτο,
820 3853 1045 3923 μηδενὸς
1074 3853 1229 3907 τόνου
1267 3857 1332 3925 τῇ
1377 3855 1531 3926 διόδῳ
1557 3873 1774 3927 παρεμ-

183 3946 522 4011 ποδίζοντος.
577 3944 844 4015 Καθάπερ
881 3943 989 4015 γὰρ
1036 3945 1099 3996 ἐκ
1157 3944 1256 4013 τῆς
1316 3945 1602 4016 διαϐρόχου
1648 3948 1770 4017 γῆς,

182 4038 310 4092 ὅταν
354 4035 651 4109 ἐπιλάμψῃ
694 4034 1050 4108 θερμοτέραις
1089 4037 1301 4089 ἀκτῖσιν
1338 4040 1366 4090 ό
1406 4038 1576 4108 ἥλιος,
1613 4040 1805 4108 ἁτμοίί

184 4148 327 4195 τινες
363 4126 699 4200 ὁμιχλώδεις
731 4126 838 4180 ἀπὸ
866 4126 959 4180 τοῦ
991 4128 1188 4198 βάθους
1231 4128 1564 4183 ἀνέλκονται·
1592 4132 1775 4200 ὅμοιόν

184 4241 235 4276 τι
267 4223 486 4292 γίνεται
521 4219 617 4273 καὶ
637 4219 694 4271 ἐν
718 4222 787 4288 τῇ
819 4217 938 4271 καθ’
977 4220 1124 4289 ἡμᾶς
1152 4222 1244 4291 γῇ,
1274 4221 1371 4291 τῆς
1404 4222 1608 4292 τροφῆς
1643 4222 1775 4275 ἔσω-

1857 1763 2159 1825 contraque
2185 1755 2411 1825 repletio
2436 1755 2692 1810 vaeuitati
2731 1754 2998 1809 succedit.
3029 1752 3268 1808 Somnus
3301 1767 3436 1806 con-

1856 1847 2042 1900 tinuas
2067 1846 2281 1916 vigilias
2308 1846 2537 1901 remittit
2566 1863 2581 1900 :
2609 1845 2828 1915 vigiliae,
2880 1845 3027 1914 quod
3058 1845 3293 1898 laxatum
3326 1854 3431 1909 est,

1856 1938 2099 1993 vicissim
2131 1936 2381 1991 tendunt.
2415 1935 2681 1990 Neutrum
2713 1936 2909 1989 horum
2951 1937 3214 1989 continuo
3252 1936 3431 1999 durat,

1858 2029 1952 2084 sed
1990 2029 2223 2084 alterum
2258 2029 2417 2084 alteri
2453 2031 2661 2082 mutuis
2688 2028 2905 2083 vicibus
2933 2029 3201 2089 succedit,
3238 2036 3432 2083 natura

1860 2120 2094 2187 seipsam
2132 2117 2955 2187 bujusmodivicissitudinibus
2981 2120 3344 2180 instaurante,
3377 2126 3437 2173 ut

1861 2209 2024 2263 modo
2051 2210 2177 2272 hoc,
2206 2208 2367 2262 modo
2397 2209 2493 2262 illo
2538 2223 2659 2273 usa,
2688 2215 2950 2278 perpetuo
2981 2209 3049 2263 ab
3073 2224 3183 2263 uno
3213 2211 3279 2263 ad
3310 2212 3440 2265 alte-

1862 2315 1983 2354 rum
2028 2308 2294 2354 transeat.
2327 2299 2462 2354 Nam
2495 2300 2543 2354 si
2581 2315 2798 2369 semper
2825 2301 2971 2355 vires
3016 2301 3272 2355 animalis
3313 2316 3440 2355 con-

1865 2400 2023 2446 tentae
2048 2392 2178 2455 sint,
2216 2390 2390 2460 frangi
2418 2405 2483 2444 ac
2504 2391 2770 2460 disrumpi
2803 2391 3019 2445 tandem
3054 2390 3301 2445 membra
3342 2406 3438 2446 su-

1864 2498 1961 2553 pra
1991 2483 2209 2537 modum
2247 2493 2394 2537 tenta
2434 2496 2664 2537 necesse
2693 2491 2813 2548 est;
2847 2490 3148 2551 contraque
3175 2483 3440 2537 continua

1865 2576 2115 2645 corporis
2142 2576 2431 2640 relaxatio,
2466 2574 2541 2629 rei
2572 2576 2724 2644 quasi
2747 2574 3025 2628 corruenti
3061 2589 3124 2628 ac
3159 2575 3442 2629 dissoluta

1866 2667 2148 2720 interitum
2190 2666 2366 2720 allert.
2410 2665 2553 2721 Usus
2599 2673 2780 2719 autem
2826 2666 3111 2735 utriusque
3158 2668 3442 2736 tempesti-

1865 2774 1968 2812 vus
1995 2766 2249 2811 naturam
2283 2764 2594 2820 conservat,
2628 2772 2749 2825 quae
2776 2757 2831 2809 in
2864 2766 3120 2826 perpetua
3154 2774 3334 2812 rerum
3368 2759 3443 2814 si-

1867 2850 2034 2905 bimet
2068 2849 2475 2904 adversantium
2524 2850 2925 2918 permutatione
2972 2866 3117 2904 nunc
3147 2851 3266 2914 hac,
3295 2866 3443 2906 nunc

1872 2939 1964 2995 illa
2013 2957 2072 2996 se
2123 2949 2358 2996 recreat.
2396 2940 2563 3010 Igitur
2600 2956 2722 2996 eum
2775 2956 2872 3011 per
2910 2943 3121 3013 vigilias
3168 2945 3445 2999 contentio

1873 3032 2072 3085 virium
2124 3046 2326 3099 corpus
2371 3031 2625 3086 nonnihil
2671 3031 3002 3096 debilitavit,
3053 3048 3247 3088 somno
3289 3033 3443 3087 laxa-

1873 3130 1989 3176 tum
2029 3123 2292 3177 relicitur.
2331 3120 2396 3175 Et
2433 3131 2492 3176 ut
2514 3125 2642 3192 equi
2673 3132 2796 3192 post
2828 3124 3127 3177 certamina
3153 3123 3446 3193 quadrigis

1872 3216 2211 3277 eximuntur,
2235 3214 2315 3267 sic
2337 3213 2625 3269 facultates
2659 3216 2961 3270 sentientes
2984 3216 3195 3285 agendo
3228 3216 3447 3270 lassam

1874 3306 2186 3376 aliquandiu
2230 3322 2260 3359 a
2300 3314 2496 3360 natura
2547 3306 2789 3362 vicissim
2841 3314 3183 3361 recreantur.
3230 3305 3445 3362 Etenim
3514 3333 3518 3336 ‹

1873 3410 1960 3453 est
2010 3399 2323 3453 necessaria
2378 3412 2466 3453 res
2519 3397 2589 3451 ad
2644 3398 3117 3453 conservationem
3171 3399 3443 3466 corporis,

1873 3491 2196 3558 tempestiva
2246 3489 2524 3550 remissio,
2564 3497 2622 3541 ut
2654 3496 2768 3542 toto
2809 3488 2864 3541 in
2910 3503 3143 3557 corpore
3182 3503 3281 3557 per
3316 3504 3447 3543 suos

1875 3589 2089 3635 meatus
2121 3580 2239 3635 sine
2265 3580 2414 3633 omni
2453 3578 2841 3647 impedimento
2865 3578 2973 3631 cibi
3005 3577 3293 3640 didantur,
3326 3575 3448 3631 nul-

1874 3673 1928 3726 la
1961 3673 2200 3742 partium
2247 3671 2560 3725 intensione
2608 3670 2710 3722 hoc
2750 3669 2910 3737 quasi
2957 3670 3061 3721 iter
3098 3667 3445 3724 obstruente.

1876 3762 2348 3830 Quemadmodum
2377 3762 2519 3816 enim
2557 3777 2620 3815 ex
2661 3770 2803 3815 terra
2836 3761 3044 3831 irrigua
3074 3776 3306 3830 vapores
3352 3775 3447 3814 ca-

1876 3855 2099 3925 liginosi
2150 3855 2218 3909 ab
2270 3853 2383 3907 imo
2410 3853 2781 3919 attrahuntur,
2824 3856 3167 3922 maximeque
3209 3868 3333 3907 cum
3365 3854 3448 3908 sol

1876 3945 2063 3999 radios
2099 3943 2392 3998 calidiores
2420 3943 2629 4013 spargit
2660 3961 2674 3998 :
2718 3943 2904 3996 itidem
2942 3943 3113 3996 nostri
3156 3942 3211 3995 in
3245 3942 3446 4011 opiﬁcii

1874 4037 1993 4091 solo
2022 4036 2298 4099 usuvenit,
2332 4034 2470 4090 cibis
2509 4036 2652 4088 intra
2689 4048 2792 4087 nos
2825 4048 2921 4102 per
2950 4033 3186 4087 calorem
3227 4043 3449 4089 natura-

1875 4131 1982 4184 lem
2013 4129 2430 4185 ebullieutibus.
2481 4128 2727 4195 Cumque
2755 4140 2988 4194 vapores
3037 4140 3067 4177 a
3097 4133 3291 4178 natura
3321 4140 3448 4180 sur-

1877 4237 1997 4278 sum
2027 4220 2274 4283 tendant,
2310 4228 2364 4275 et
2408 4220 2552 4274 aerei
2600 4221 2734 4284 sint,
2788 4222 2844 4271 ﬁt
2875 4225 2935 4271 ut
2974 4219 3027 4271 in
3068 4219 3203 4272 locis
3254 4219 3447 4287 capitis

187 4314 275 4367 θεν
312 4313 427 4366 ὑπὸ
453 4312 557 4380 τῆς
590 4310 825 4379 φυσικῆς
855 4309 1183 4380 θερμότητος
1212 4311 1564 4383 ἀναζεούσης.
1610 4314 1761 4366 Ἀνω-

1878 4313 2190 4377 considant,
2231 4320 2283 4366 et
2315 4313 2540 4382 perinde
2571 4320 2736 4377 atque
2771 4312 2952 4365 fumus
2982 4325 3077 4379 per
3111 4312 3258 4380 ipsas
3284 4312 3444 4365 etiam

186 4407 372 4477 ιξερεῖς
400 4403 460 4456 δὲ
496 4403 652 4464 ὅντες
681 4403 730 4455 οἱ
772 4401 935 4469 ἀτμοὶ
972 4402 1112 4455 κατὰ
1156 4401 1333 4471 φύσιν,
1376 4404 1467 4455 καὶ
1499 4403 1775 4474 ἀερώδεις,

188 4498 278 4549 καὶ
310 4494 456 4567 πρὸς
483 4492 549 4546 τὸ
579 4492 974 4563 ὑπερκείμενον
1002 4493 1381 4558 ἁναπνέοντες,
1409 4497 1466 4547 ἐν
1500 4498 1610 4557 τοῖς
1647 4502 1779 4548 κατὰ

187 4587 282 4657 τὴν
317 4583 579 4654 κεφαλὴν
621 4584 860 4651 γίνονται
911 4583 1150 4653 χωρίοις,
1183 4580 1292 4637 οἷόν
1332 4602 1413 4648 τις
1457 4587 1661 4648 καπνὸς
1701 4589 1779 4649 εἰς

190 4678 459 4748 ἁρμονίαν
496 4674 682 4745 τοίχου
712 4673 1056 4744 διαδυόμενος
1075 4692 1087 4705 ⁸
1126 4671 1245 4730 εἷτα
1267 4677 1515 4755 ἐντεύθεν
1543 4680 1633 4731 ἐπὶ
1656 4679 1779 4741 τοὺς

192 4767 293 4821 τῶν
324 4764 709 4836 αἰσθητηρίων
752 4765 950 4834 πόρους
1003 4764 1414 4837 ἐξατμιζόμενοι
1461 4769 1779 4840 διαφοροῦν-

192 4874 297 4922 ται,
321 4858 389 4911 δι’
427 4854 506 4911 ῶν
542 4858 709 4927 ἀργεῖ
746 4855 865 4908 κατ’
902 4856 1202 4928 ἀνάγκηνή
1236 4858 1504 4928 αἴσθησις,
1539 4863 1602 4930 τῇ
1637 4877 1779 4930 παρ-

194 4948 290 5019 όδῳ
311 4948 425 5002 τῶν
463 4946 659 5017 ἀτμῶν
684 4946 911 4999 ἐκείνων
934 4947 1245 5012 ὑπεξιοῦσα,
1274 4950 1339 5002 Ai
1366 4949 1466 5021 μὲν
1488 4950 1595 5021 γὰρ
1630 4951 1781 5020 ὄψεις

197 5043 296 5103 τοίς
343 5039 646 5109 βλεφάροις
687 5035 1168 5107 ἐπιλαμϐάνονται,
1210 5034 1319 5092 οἷόν
1362 5057 1501 5103 τινος
1537 5043 1782 5111 μηχανῆς

200 5129 540 5201 μολυϐδίνης,
585 5127 682 5182 τοῦ
729 5128 969 5181 τοιούτου
1013 5130 1153 5197 λέγω
1194 5131 1413 5203 βάρους,
1447 5136 1558 5196 τοῖς
1588 5134 1782 5202 ὀφθαλ-

204 5226 315 5288 μοῖῖ
355 5219 713 5292 ἐπιχαλὼσης
759 5218 821 5271 τὸ
872 5218 1156 5292 βλέφαρον.
1196 5224 1535 5292 Παχυνθεῖσα
1582 5225 1639 5277 δέ
1671 5229 1781 5287 τοῖς

200 5311 372 5375 αὐτοῖς
396 5310 614 5375 τούτοις
651 5310 853 5378 ἀτμοῖς
881 5311 913 5378 ἡ
940 5309 1093 5379 ἀκοὴ,
1136 5313 1384 5383 καθάπερ
1427 5312 1594 5385 θύρας
1639 5313 1781 5375 τινὸς

213 5403 303 5465 ιοίς
342 5404 693 5464 ἀκουστικοῖς
745 5400 959 5470 μορίοις
1008 5402 1366 5473 ἐπιτεθείσης,
1410 5405 1637 5475 ἡσυχίαν
1676 5405 1783 5460 ὰπὸ

207 5491 291 5560 τῆς
308 5496 445 5549 κατά
473 5495 643 5567 φύσιν
678 5490 971 5562 ἐνεργείας
1008 5491 1160 5559 ἄγει·
1198 5495 1292 5547 καὶ
1332 5494 1389 5546 τὸ
1417 5495 1651 5548 τοιοῦτον
1680 5495 1782 5548 πά-

207 5583 283 5649 θος
310 5585 469 5654 ὕπνος
517 5587 703 5651 ἐστὶν,
738 5582 1085 5653 ἀτρεμούσης
1114 5586 1170 5637 ὲν
1201 5585 1277 5656 τῷ
1320 5587 1527 5656 σώματι
1564 5587 1660 5657 τῆς
1704 5588 1781 5639 αἱ·

1878 4403 2039 4473 quasi
2096 4403 2321 4473 parietis
2373 4402 2770 4456 commissuras
2832 4409 3135 4469 penetrem.
3197 4401 3327 4456 Inde
3380 4402 3445 4456 ad

1878 4502 2091 4548 meatus
2152 4508 2483 4563 organorum
2539 4506 2737 4545 sensus
2785 4493 3047 4560 paulatim
3101 4492 3448 4561 evaporando

1878 4583 2063 4647 delati,
2099 4582 2306 4651 passim
2337 4596 2460 4636 sese
2492 4579 2847 4649 permiscent,
2882 4592 2942 4634 ut
2978 4596 3198 4636 sensum
3231 4596 3445 4635 onmem

1880 4674 2121 4728 otiosum
2158 4672 2315 4726 reddi
2357 4687 2585 4727 necesse
2628 4672 2718 4733 sit,
2760 4671 3041 4734 cedentem
3085 4670 3344 4724 halitiltus
3384 4671 3449 4723 il-

1879 4765 1949 4819 lis
1984 4778 2190 4833 organa
2223 4778 2286 4818 ea
2314 4764 2736 4833 occupantibus.
2780 4761 2936 4817 Oculi
2980 4777 3009 4815 a
3060 4760 3340 4832 palpebris
3371 4768 3451 4813 te-

1881 4855 2419 4927 guntur,bujusmo,di
2444 4870 2703 4925 vaporum
2729 4856 2973 4924 pondere
2994 4851 3452 4921 tanquam'plum-

1882 4946 1981 5000 bea
2023 4946 2275 5001 machina
2308 4946 2546 5015 quadam
2588 4946 2875 5015 palpebras
2905 4945 3081 4998 oculis
3125 4943 3448 4997 obducente.

1879 5035 2117 5091 Auditus
2160 5036 2229 5090 ab
2258 5037 2456 5111 iisdem
2508 5036 2826 5090 obstructus
2873 5034 3155 5098 lialitibus,
3189 5034 3453 5102 quasdam

1846 5184 1851 5197 τ
1882 5130 2038 5197 quasi
2070 5128 2221 5184 fores
2258 5129 2507 5197 partibus
2545 5128 2755 5182 auditui
2789 5126 3076 5181 destinatis
3104 5125 3273 5188 obdit,
3307 5135 3361 5179 et
3386 5126 3454 5179 ab

1883 5220 2103 5273 actione
2132 5234 2230 5274 sua
2268 5219 2505 5271 naturali
2545 5206 2744 5273 cessat.
2784 5217 2963 5286 Atque
2994 5215 3456 5286 hujusmodiqui-

1882 5309 2003 5364 dem
2056 5309 2271 5364 aﬂ‘ectio
2325 5308 2576 5377 corporis
2628 5323 2852 5363 somnus
2892 5307 3115 5374 dicitur,
3175 5321 3340 5363 sensu
3399 5309 3454 5363 in

1882 5417 2116 5473 corpore
2161 5403 2499 5472 quiescente,
2533 5413 2586 5457 et
2633 5402 2701 5456 ab
2737 5402 2887 5455 omni
2938 5412 3088 5455 motu
3125 5401 3451 5463 abstinente,

1885 5502 1945 5548 ut
1975 5493 2125 5547 facili
2160 5495 2373 5549 ratione
2404 5494 2561 5549 cibus
2590 5493 2832 5558 didatur,
2861 5503 2914 5548 et
2946 5508 3053 5548 una
3082 5509 3207 5549 cum
3236 5493 3456 5563 vapori-

1886 5584 1990 5642 bus
2024 5585 2133 5641 illis
2169 5602 2263 5655 pcr
2296 5596 2507 5642 meatus
2540 5586 2784 5657 singulos
2824 5594 3089 5657 penetret.
