3794 6000
350 213 454 269 187

1579 214 1635 269 S.
1678 212 2005 269 GREGORII
2039 212 2329 269 NYSSENI

3499 215 3606 273 1.68

354 334 619 405 σθήσεως,
642 334 735 387 καὶ
757 333 1097 387 παντάπασιν
1120 334 1184 386 ἐκ
1218 333 1317 403 τῆς
1352 334 1493 387 κατὰ
1533 333 1693 403 φύσιν
1715 336 1993 418 ⁸κινήσεως
2032 333 2438 404 ἀπρακτούσης,
2472 332 2547 397 ὼς
2585 331 2651 386 ἂν
2684 332 2999 402 εὐπόρευτοι
3034 333 3296 401 γένωνται
3333 332 3433 403 τῆς
3482 350 3609 406 τρο.

350 430 459 502 φῆς
488 430 543 484 αἱ
576 429 872 493 ἀναδόσεις,
900 430 968 482 δι’
996 429 1227 483 ἑκάστου
1255 428 1366 482 τῶν
1392 429 1573 500 πόρων
1595 431 1707 493 τοῖς
1730 431 1926 499 ἀτμοῖς
1950 427 2366 498 συνδιεξιούσης.

423 518 552 572 Eam
569 520 637 572 ob
658 534 770 574 rem
788 534 910 574 cum
936 519 1052 572 loca
1067 521 1269 588 passim
1290 523 1436 574 circa
1459 534 1718 574 sensuum
1732 533 1932 589 organa

2147 520 2214 573 .atl.
2241 517 2430 571 τούτου
2475 519 2635 589 χάριν
2676 518 2725 571 εἰ
2778 519 3157 587 στενοχωροίτο
3204 518 3303 586 μέν
3352 517 3458 571 ὑπὸ
3509 517 3613 589 τῆς

350 623 451 679 per
486 609 859 664 exhalationes
887 609 1188 665 interiores
1237 608 1622 675 obstruuntur,
1674 624 1926 665 somnum

353 709 537 753 autem
563 698 727 753 rebus
766 698 840 751 ita
873 700 1226 768 poscentibus
1262 699 1513 769 impediri
1552 706 1637 754 est
1666 685 1924 754 necesse:

356 797 471 844 tum
502 806 631 860 ergo
671 799 854 859 partes
878 806 1091 846 nerveae
1128 805 1159 844 a
1184 791 1476 860 vaporibus
1506 799 1806 859 occupatae,
1830 804 1930 844 na-

355 889 478 936 tura
513 897 612 936 sua
658 883 867 950 seipsas
904 881 1265 944 contendunt,
1300 889 1359 935 ut
1398 882 1501 936 hac
1526 881 1844 937 extensione
1875 879 1930 935 id

356 973 505 1044 quod
538 989 633 1042 per
657 973 1035 1027 exhalationes
1063 972 1307 1027 crassius
1330 980 1449 1026 erat
1476 972 1771 1036 redditum,
1804 986 1931 1025 rur-

356 1082 455 1122 sus
485 1073 819 1120 attenuetur.
862 1063 985 1119 Non
1028 1065 1187 1119 aliter
1225 1074 1388 1135 atque
1419 1064 1537 1119 ﬁeri
1564 1064 1835 1128 videmus,
1874 1072 1932 1117 ut

355 1156 706 1210 vehementer
733 1144 1171 1224 contorquendo,
1200 1155 1446 1209 vestibus
1470 1154 1592 1208 udis
1623 1154 1822 1206 humor
1838 1168 1933 1207 ex-

285 1266 293 1275 ·
358 1248 648 1314 primatur.
697 1245 841 1299 Idem
877 1246 1081 1299 halitus
1114 1245 1160 1300 si
1187 1246 1407 1314 quando
1456 1246 1564 1299 illis
1590 1259 1654 1298 ex
1688 1242 1932 1312 partibus

355 1334 657 1404 expellendi
685 1343 835 1399 sunt,
871 1350 993 1404 quae
1023 1343 1205 1405 partes
1229 1335 1296 1389 ad
1321 1335 1504 1390 fauces
1535 1336 1672 1400 sitae,
1704 1343 1758 1388 et
1784 1316 1934 1388 orbis

359 1427 608 1496 ﬁguram,
641 1437 694 1481 et
719 1441 971 1496 magnam
999 1441 1291 1481 nervorum
1312 1427 1524 1495 capiam
1545 1426 1777 1480 habent:
1808 1439 1933 1479 cum

357 1518 473 1571 tieri
497 1532 605 1571 non
629 1517 825 1585 possit,
854 1525 914 1570 ut
935 1516 1237 1571 membrum
1260 1517 1405 1586 quod
1430 1518 1721 1571 rotundum
1742 1522 1848 1578 est,
1878 1514 1936 1568 in

357 1616 568 1662 rectum
588 1608 932 1671 extendatur,
960 1608 1293 1676 omninoque
1318 1607 1452 1662 illud
1475 1608 1689 1662 dilatari
1714 1621 1939 1661 necesse

359 1697 435 1753 sit
467 1698 521 1751 in
551 1697 839 1753 circularis
869 1697 1058 1767 figurae
1102 1698 1367 1763 formam;
1416 1698 1623 1753 idcirco
1650 1697 1847 1768 spiritu
1882 1697 1937 1751 in

357 1789 689 1844 oscitatione
738 1797 983 1859 recepto,
1018 1798 1308 1858 mentoque
1346 1789 1525 1857 gulam
1556 1788 1697 1842 infra
1735 1788 1815 1842 sic
1841 1788 1935 1842 de-

364 1895 583 1950 presso,
635 1887 694 1933 ut
743 1881 1031 1934 cavitatem
1070 1878 1285 1943 efﬁciat,
1325 1879 1580 1934 omnibus
1634 1879 1796 1933 etiam
1857 1879 1941 1931 in-

358 1972 655 2029 terioribus
710 1972 767 2026 in
817 1952 1008 2027 circuli
1050 1969 1276 2040 figuram
1320 1969 1701 2034 conformatis,
1760 1969 1940 2023 fumea

360 2063 554 2118 isthmc
596 2062 899 2127 crassities,
935 2076 1058 2130 quae
1091 2061 1144 2113 in
1182 2060 1444 2114 membris
1495 2058 1794 2122 resederat,
1833 2073 1939 2112 una

362 2168 488 2207 cum
525 2151 729 2220 spiritu
785 2150 1126 2220 prepellitur.
1183 2149 1481 2203 Usuvenire
1520 2159 1703 2203 autem
1755 2149 1943 2218 hujus-

364 2242 509 2296 modi
534 2240 790 2310 quiddam
820 2239 974 2294 nobis
1010 2238 1320 2309 frequenter
1358 2247 1413 2293 et
1437 2254 1468 2292 a
1492 2254 1686 2294 somno
1709 2240 1943 2308 plerum-

362 2349 471 2403 que
503 2334 661 2397 solet,
700 2348 826 2386 cum
858 2347 1048 2387 eorum
1100 2333 1366 2386 halituum
1401 2332 1607 2401 aliquid
1642 2333 1777 2387 locis
1815 2332 1941 2401 qui-

364 2425 595 2483 busdam
628 2433 871 2494 superat,
906 2423 1150 2478 nondum
1197 2425 1333 2478 satis
1367 2430 1711 2489 concoctum,
1764 2437 1942 2492 neque

364 2517 714 2586 dissipatum.
740 2515 825 2581 Ex
853 2515 937 2569 his
967 2516 1256 2584 perspicue
1281 2522 1450 2583 patet,
1482 2522 1718 2570 mentem
1750 2515 1943 2570 buma-

366 2624 491 2664 nam
533 2614 817 2678 perpetuo,
869 2605 915 2660 si
955 2614 1010 2660 et
1038 2606 1246 2675 integra
1287 2615 1477 2659 natura
1509 2607 1602 2667 sit,
1650 2614 1706 2661 et
1730 2606 1940 2677 vigilet,

366 2685 640 2756 eﬂicacem
671 2713 814 2763 esse,
845 2712 908 2752 ac
934 2696 1167 2751 moveri.
1201 2695 1294 2749 Sin
1325 2711 1387 2750 ea
1417 2711 1609 2750 somno
1641 2697 1711 2751 sit
1740 2697 1942 2763 laxata,

367 2801 521 2849 motu
551 2801 604 2848 et
641 2792 813 2862 ipsam
829 2807 938 2849 suo
968 2805 1176 2845 carere.
1208 2788 1322 2845 Nisi
1358 2791 1482 2860 quis
1519 2789 1656 2846 forte
1684 2789 1756 2844 sit
1793 2804 1859 2845 ea
1888 2791 1942 2845 in

370 2884 665 2946 sententia,
694 2891 754 2937 ut
776 2882 1220 2954 imaginationem
1253 2882 1310 2934 in
1351 2881 1581 2937 somniis
1606 2882 1804 2937 mentis
1822 2897 1947 2939 esse

369 2985 600 3036 motum,
621 2973 714 3041 qui
747 2973 965 3028 homine
992 2973 1155 3027 etiam
1187 2972 1493 3027 dormiente
1528 2988 1635 3028 non
1671 2974 1943 3043 quiescat.

371 3065 646 3134 opinetur.
683 3062 945 3135 Equidem
989 3064 1067 3117 sic
1113 3069 1315 3126 statuo,
1356 3070 1566 3116 tantum
1619 3063 1943 3133 prudentem

2029 607 2240 662 ἔνδοθεν
2287 608 2703 679 ἀναθυμιάσεως
2750 611 2782 680 ἡ
2826 610 2954 680 περὶ
3004 609 3072 663 τά
3116 609 3441 681 αἰσθητήρια
3486 610 3614 664 δια-

2031 701 2234 770 σκευὴ,
2284 700 2545 754 κωλύοιτο
2597 700 2654 755 δέ
2708 701 2852 753 κατά
2890 717 3015 754 τινα
3074 700 3264 770 χρείαν
3311 702 3341 755 ό
3399 699 3610 763 ῦπνοςο

2032 791 2235 863 πλῆρες
2264 792 2552 861 γενόμενον
2588 789 2698 843 τῶν
2722 790 2910 860 ἀτμῶν
2941 790 3001 842 τὸ
3035 789 3319 860 νευρῶδες,
3352 790 3484 845 αὐτὸ
3518 790 3616 857 ὑφ’

2031 884 2224 936 ἐαυτοῦ
2251 882 2493 952 φυσικῶς
2526 882 2867 944 διατείνεται,
2900 881 2973 943 ὡς
3007 880 3095 932 διὰ
3119 881 3219 951 τῆς
3242 880 3518 943 ἐκτάσεως
3550 877 3619 933 τὸ

2032 972 2300 1043 παχυνθὲν
2330 954 2433 1027 ὑπὸ
2460 972 2567 1025 τῶν
2599 970 2785 1042 ἀτμῶν
2823 971 2985 1042 μέρος
3011 971 3463 1042 ἐκλεπτυνθῆναι·
3498 969 3618 1027 οἷόν

2034 1083 2086 1119 τι
2112 1064 2356 1120 ποιοῦσιν
2388 1068 2436 1118 οἱ
2464 1065 2549 1118 διά
2586 1065 2685 1135 τῆς
2730 1063 3090 1134 σφοδροτέρας
3134 1061 3521 1132 στρεϐλώσεως
3551 1061 3620 1114 τὸ

2034 1156 2176 1226 ὕδωρ
2198 1155 2305 1208 τῶν
2334 1146 2561 1226 ἱματίων
2584 1155 2943 1216 ἐκθλίϐοντες.
2971 1153 3075 1207 Καὶ
3099 1152 3285 1227 ἐπειδὴ
3308 1150 3618 1223 κυκλοτερῆ

2032 1248 2101 1299 τὰ
2127 1248 2254 1318 περὶ
2282 1249 2373 1300 τὸν
2403 1246 2658 1317 φάρυγγα
2681 1246 2844 1317 μέρη,
2871 1244 3155 1310 πλεονάζει
3181 1243 3238 1298 δὲ
3261 1244 3321 1297 τὸ
3346 1243 3621 1314 νευρῶδες

2035 1339 2092 1391 ἐν
2122 1338 2359 1401 τούτοις·
2391 1338 2520 1390 ὅταν
2551 1336 2643 1390 καὶ
2671 1336 2778 1391 ἀπὸ
2818 1338 3020 1391 τούτων
3047 1335 3347 1407 ἐξωσθῆναι
3374 1335 3482 1388 δέοι
3513 1334 3620 1406 τὴν

2036 1428 2145 1481 τῶν
2182 1428 2371 1499 ἀτμῶν
2412 1428 2788 1499 παχυμέρειαν
2824 1427 3031 1499 (ἐπειδὴ
3077 1427 3354 1497 ἀμήχανόν
3398 1428 3515 1479 ἐστι
3547 1425 3621 1478 δι’

2037 1521 2246 1583 εὐθείας
2271 1522 2550 1574 ἀποτεῖναι
2569 1521 2629 1572 τὸ
2656 1519 2960 1583 κυκλοειδές
2990 1519 3175 1590 μέρος,
3208 1521 3254 1573 εί
3290 1518 3364 1588 μὴ
3390 1517 3534 1572 κατά
3556 1516 3624 1572 τὸ

2038 1613 2334 1684 περιφερὲς
2376 1613 2560 1684 σχῆμα
2596 1611 2929 1683 διαταθείη)ο
2981 1612 3172 1664 τούτου
3201 1610 3359 1683 χάριν
3404 1610 3622 1679 ἀποληο

2041 1705 2263 1775 φθέντος
2294 1706 2350 1757 ἐν
2375 1708 2440 1776 τῇ
2475 1705 2661 1778 χάσμῃ
2694 1704 2786 1757 τοῦ
2818 1701 3142 1774 πνεύματος,
3174 1704 3263 1757 ὅτε
3290 1704 3318 1754 ό
3347 1701 3623 1773 ἀνθερεὼν

2042 1797 2133 1849 ἐπὶ
2162 1795 2221 1849 τὸ
2270 1796 2418 1850 κάτω
2448 1797 2561 1859 τοῖς
2600 1793 2982 1868 γαργαρεῶσιν
3027 1793 3478 1858 ὑποκοιλαίνεται,
3523 1794 3627 1847 καὶ

2040 1887 2147 1940 τῶν
2177 1887 2325 1950 ἐντὸς
2354 1888 2570 1943 πάντων
2609 1888 2689 1949 εἰς
2718 1887 2920 1942 κύκλου
2951 1887 3134 1956 σχῆμα
3177 1884 3556 1947 διαταθέντων,
3590 1890 3625 1958 ἠ

2039 1978 2337 2048 λιγνυώδης
2387 1978 2567 2050 ἐκείνη
2623 1977 2871 2050 παχύτης
2921 1979 2953 2049 ή
3010 1978 3449 2048 ἐναπειλημμένη
3505 1980 3626 2041 τοῖς

2044 2072 2234 2142 μέρεσι
2293 2070 2694 2124 συνδιαπνεῖται
2753 2073 2818 2141 τῇ
2869 2069 3087 2140 διεξόδῳ
3137 2069 3231 2123 τοῦ
3287 2067 3623 2139 πνεύματος.

2041 2156 2309 2224 Πολλάκις
2328 2161 2407 2225 δὲ,
2434 2162 2527 2214 καὶ
2552 2160 2690 2231 μετά
2707 2160 2796 2213 τὸν
2824 2160 2990 2214 ῦπνον
3013 2155 3119 2213 οἶδε
3140 2158 3200 2213 τὸ
3218 2159 3455 2213 τοιοῦτον
3481 2176 3627 2228 συμμμ

2042 2254 2269 2317 ϐαίνειν,
2305 2255 2431 2309 ὅταν
2476 2271 2526 2309 τι
2578 2253 2688 2306 τῶν
2731 2252 2921 2323 ἀτμῶν
2964 2252 3187 2306 ἐκείνων
3244 2250 3624 2324 περιλειφθείη

2042 2347 2155 2409 τοῖς
2179 2345 2362 2408 τόποις
2391 2344 2675 2415 ἀπεμπτόν
2706 2361 2764 2397 τε
2800 2344 2894 2398 καὶ
2926 2344 3332 2401 ἀδιάπνευστον.
3380 2344 3474 2397 Ἐκ
3498 2344 3629 2398 τού-

2042 2455 2150 2490 των
2174 2437 2350 2490 τοίνυν
2375 2439 2403 2490 ό
2431 2435 2766 2506 ἀνθρώπινος
2802 2435 2927 2499 νοῦς
2952 2434 3222 2490 δείκνυσιν
3245 2434 3508 2507 ἐναργῶς,
3539 2436 3628 2493 ὅτι

2042 2528 2143 2598 τῆς
2167 2528 2380 2597 φύσεως
2406 2527 2607 2598 ἔχεται,
2638 2528 2979 2600 συνεστώσης
3005 2530 3104 2597 μέν
3124 2529 3214 2581 καὶ
3236 2526 3624 2600 ἐγρηγορυίας,

2045 2619 2141 2672 καὶ
2173 2618 2334 2682 αὐτὸς
2361 2619 2635 2690 συνεργῶν
2676 2619 2769 2673 καὶ
2808 2619 3153 2690 κινούμενοςο
3196 2618 3529 2690 παρεθείσης
3565 2619 3627 2672 δὲ

2044 2708 2121 2780 τῷ
2165 2707 2338 2779 ὕπνῳ,
2374 2708 2552 2778 μένων
2582 2709 2854 2780 ἀκίνητος,
2885 2712 2933 2762 εί
2985 2710 3059 2781 μή
3092 2728 3175 2774 τις
3204 2710 3309 2781 ἄρα
3348 2709 3447 2779 τὴν
3478 2710 3627 2762 όνεις

2046 2799 2192 2871 ρώδη
2217 2802 2516 2868 φαντασίαν
2539 2799 2628 2853 νοῦ
2659 2800 2869 2872 κίνησιν
2891 2799 3150 2854 ὑπολάϐοι
3177 2800 3314 2854 κατά
3340 2800 3432 2854 τὸν
3455 2788 3628 2853 ὕπνον

2044 2893 2467 2965 ἐνεργουμένην.
2508 2893 2694 2963 Ἡμεῖς
2734 2892 2792 2946 δέ
2838 2909 3018 2963 φαμεν
3058 2892 3224 2963 μόνην
3265 2891 3372 2945 δεῖν
3398 2891 3496 2961 τὴν
3521 2890 3623 2963 ἐμ-

2046 2986 2220 3057 φρονά
2250 3002 2308 3037 τε
2337 2986 2428 3037 καὶ
2460 2983 2798 3037 συνεστῶσαν
2827 2983 2928 3053 τῆς
2961 2983 3200 3047 διανοίας
3227 2984 3507 3055 ἐνέργειαν
3532 2986 3632 3036 ἐπὶ

2044 3077 2137 3130 τὸν
2185 3076 2307 3130 νοῦν
2346 3077 2665 3146 ἀναφέρειν·
2696 3075 2794 3138 τάς
2821 3075 2878 3127 δέ
2920 3075 3057 3128 κατά
3094 3076 3183 3129 τὸν
3225 3076 3390 3130 ὕπνον
3420 3093 3633 3145 φαντα-

369 3165 426 3212 et
456 3158 717 3225 integram
776 3154 1048 3223 cogitandi
1106 3153 1419 3208 facultatem
1469 3156 1639 3209 menti
1674 3170 1799 3211 esse
1831 3157 1936 3210 tri-

2147 3167 2254 3231 δεις
2281 3167 2549 3239 φλυαρίας
2581 3165 2875 3236 ἰνδάλματά
2910 3183 3028 3219 τινα
3071 3169 3168 3238 τῆς
3207 3167 3349 3220 κατά
3382 3166 3472 3222 τόν
3500 3167 3634 3220 νοῦν

370 3247 665 3302 buendam.
695 3246 827 3313 Quae
852 3254 959 3299 aut.
982 3262 1032 3298 ιιι
1060 3260 1154 3315 per
1180 3259 1431 3300 somnum
1464 3260 1522 3301 se
1544 3246 1778 3302 oﬂ‘erunl
1811 3249 1948 3302 imae

370 3339 595 3409 ginarize
646 3352 824 3408 ηυδε).
884 3351 983 3390 ceu
1036 3338 1329 3391 siumlacra
1379 3338 1624 3407 quaedam
1673 3340 1947 3394 actionum

370 3430 593 3490 mentis,
648 3427 746 3480 has
779 3426 849 3479 ab
895 3425 1062 3479 animi
1109 3441 1169 3480 ea
1198 3427 1380 3497 specie
1410 3443 1532 3497 quae
1582 3429 1794 3485 ratione
1842 3445 1949 3485 non

372 3519 563 3582 utitur,
612 3527 815 3572 temere
859 3516 984 3586 ﬁngi
1024 3517 1423 3575 existimamus.
1473 3519 1607 3573 Nam
1645 3521 1700 3575 in
1741 3522 1945 3587 animo,

370 3611 463 3682 qui
498 3625 690 3665 somno
735 3611 1065 3679 praepeditus
1099 3626 1194 3680 per
1236 3626 1433 3666 sensus
1465 3627 1570 3666 non
1601 3613 1733 3682 agit,
1785 3615 1947 3668 etiam

374 3703 574 3758 mentis
608 3701 853 3756 actiones
898 3716 1119 3756 cessare
1169 3718 1393 3758 necesse
1443 3712 1546 3758 εει.
1598 3702 1703 3758 Per
1753 3719 1950 3760 sensus

370 3794 516 3848 enim
561 3808 717 3847 mens
753 3792 996 3847 humano
1047 3795 1266 3871 corpori
1319 3803 1683 3864 temperatura
1711 3796 1946 3866 quadam

369 3883 649 3952 jungitur:
683 3882 889 3937 idcirco
918 3883 1328 3950 quiescentibus
1358 3885 1411 3938 in
1438 3887 1646 3954 agendo
1669 3888 1946 3951 sensibus,

371 3975 532 4028 etiam
584 3979 819 4025 mentem
866 3972 1099 4025 otiosam
1146 3987 1286 4037 esse,
1342 3988 1472 4027 vero
1517 3985 1947 4030 consentaneum

373 4063 610 4119 maxime
659 4062 842 4117 fuerit.
886 4061 1036 4118 Licet
1075 4063 1177 4116 hoc
1224 4066 1317 4119 illo
1363 4080 1581 4135 quoque
1626 4076 1951 4135 argumento

373 4152 799 4224 deprehendere,
845 4152 987 4221 quod
1009 4153 1259 4208 absurdis
1297 4154 1350 4207 in
1376 4154 1561 4220 rebus,
1596 4163 1761 4224 atque
1792 4157 1950 4211 etiam

375 4242 669 4314 aliquando
726 4243 780 4296 in
826 4245 895 4297 iis
945 4257 1068 4312 qua:
1103 4242 1220 4296 ﬁeri
1274 4252 1569 4312 nequeunt,
1621 4244 1952 4301 dormientes

377 4333 728 4404 imaginando
767 4332 871 4388 sibi
903 4333 1109 4388 versari
1144 4332 1419 4387 videntur.
1474 4331 1633 4388 Nullo
1661 4334 1804 4390 enim
1836 4335 1953 4392 fieri

378 4427 485 4482 hoc
521 4434 681 4496 pacto
710 4433 916 4496 posset,
966 4427 1013 4481 si
1055 4425 1273 4480 animus
1303 4439 1369 4480 eo
1408 4434 1650 4495 tempore
1681 4443 1712 4483 a
1743 4431 1954 4501 ratione

2051 3260 2326 3328 ἐνεργείας
2381 3257 2602 3329 οἰόμεθα
2650 3256 2726 3327 τῷ
2756 3257 3080 3328 ἀλογωτέρῳ
3124 3258 3223 3330 τῆς
3269 3257 3448 3328 ψυχῆς
3494 3258 3636 3313 εἴδει

2051 3350 2193 3404 κατά
2221 3350 2281 3403 τὸ
2321 3349 2534 3419 συμϐἀν
2565 3348 2999 3403 διαπλάττεσθαι.
3032 3348 3150 3400 Τῶν
3184 3348 3290 3420 γὰρ
3323 3349 3633 3420 αἰσθήσεων

2048 3441 2147 3510 τὴν
2174 3440 2350 3511 ψυχὴν
2380 3439 2739 3493 ἀπολυθεῖσαν
2767 3438 2853 3495 διά
2880 3439 2974 3493 τοῦ
3001 3439 3190 3502 ὕπνου,
3231 3440 3324 3494 καὶ
3348 3439 3457 3492 τῶν
3485 3441 3635 3496 κατά

2049 3530 2174 3585 νοῦν
2212 3530 2501 3602 ἐνεργειῶν
2535 3530 2690 3593 ἐκτὸς
2716 3525 2854 3584 εἶναι
2891 3532 3011 3583 κατ’
3043 3530 3287 3601 ἀνάγκην
3316 3530 3631 3600 συμϐαίνει.

2050 3622 2149 3675 Διά
2181 3620 2287 3693 γάρ
2317 3620 2522 3674 τούτων
2573 3617 2708 3690 πρὸς
2748 3619 2838 3671 τὸν
2870 3617 3155 3690 ἄνθρωπον
3191 3620 3224 3689 ἡ
3253 3616 3344 3670 τοῦ
3385 3615 3475 3670 νοῦ
3504 3635 3635 3670 συν-

2050 3715 2349 3784 ανάκρασις
2374 3712 2606 3781 γίνεται’
2636 3710 2744 3764 τῶν
2772 3706 2863 3763 οὖν
2900 3709 3202 3780 αἰσθήσεων
3241 3709 3631 3779 παυσαμένων,

2052 3805 2242 3877 ἀργεῖν
2273 3788 2482 3872 ἀνάγκη
2515 3801 2606 3855 καὶ
2627 3801 2723 3875 τὴν
2744 3800 3002 3858 διάνοιαν,
3035 3798 3343 3872 Τεκμήριον
3371 3798 3429 3851 δέ
3452 3798 3511 3851 τὸ
3534 3800 3634 3853 καὶ

2051 3898 2109 3950 ἐν
2140 3895 2361 3956 ἀτόποις
2404 3894 2497 3947 καὶ
2528 3896 2586 3946 ἐν
2613 3893 2912 3965 ἀμηχάνοις
2962 3892 3221 3955 πολλάκις
3264 3892 3441 3946 δοκεῖν
3488 3886 3635 3944 εἶναι

2049 3987 2142 4040 τὸν
2190 3985 2621 4057 φανταζόμενον
2670 3985 2806 4055 ὅπερ
2850 3984 2949 4037 οὐκ
2995 3982 3061 4036 ἂν
3108 3980 3341 4048 ἐγένετο,
3385 3978 3638 4050 λογισμῷ

2052 4080 2145 4134 καὶ¹
2172 4078 2381 4148 διανοίᾳ
2401 4079 2499 4148 τῆς
2520 4076 2698 4147 ψυχῆς
2718 4072 3016 4146 τηνικαῦτα
3040 4072 3428 4142 διοικουμένης.
3473 4069 3642 4124 Ἀλλά

2056 4187 2146 4242 μοι
2169 4170 2317 4223 δοκεῖ
2345 4171 2464 4232 ταῖς
2507 4166 2925 4238 προτιμοτέραις
2961 4164 3069 4216 τῶν
3097 4163 3378 4232 δυνάμεων
3401 4158 3499 4229 τῆς
3529 4158 3641 4227 ψυ-

2054 4264 2151 4335 χῆς
2185 4261 2497 4333 ἠρεμούσης
2533 4260 2698 4331 (φημὶ
2726 4258 2783 4312 δέ
2808 4260 2928 4320 ταῖς
2966 4254 3108 4312 κατά
3130 4254 3221 4306 τὸν
3242 4250 3382 4325 ἱνοῦν
3409 4252 3504 4305 καὶ
3534 4248 3640 4321 τὴν

2054 4351 2306 4420 αἴσθησιν
2335 4349 2657 4422 ἐνεργείαις)
2688 4347 2845 4419 μόνον
2870 4347 2931 4399 τὸ
2958 4344 3246 4416 θρεπτικὸν
3271 4340 3441 4410 αὐτῆς
3468 4340 3642 4411 μέρος

2055 4442 2278 4514 ἐνεργὸν
2304 4441 2443 4496 κατά
2473 4440 2563 4494 τὸν
2602 4440 2766 4492 ὕπνον
2806 4434 2965 4499 εἶναι,
2996 4438 3052 4489 ἐν
3083 4436 3135 4490 δὲ
3181 4434 3351 4503 τούτῳ
3377 4432 3485 4484 τῶν
3511 4431 3640 4487 καθ’

378 4527 433 4572 et
469 4526 647 4571 mente
674 4516 1091 4586 gubernaretur.
1125 4518 1313 4587 Itaque
1348 4516 1478 4571 mihi
1508 4518 1740 4586 videtur,
1768 4521 1947 4575 animo

2252 4532 2559 4604 γενομένων
2606 4530 2798 4585 εἴδωλά
2844 4546 2987 4592 τινα,
3021 4526 3115 4579 καὶ
3148 4526 3486 4596 ἀπηχήματα
3527 4521 3644 4576 τῶν

379 4610 680 4667 secundum
736 4607 1030 4666 facultates
1078 4611 1565 4680 praestantissimas
1613 4614 1950 4682 quiescente,

378 4701 679 4760 secundum
729 4710 963 4757 mentem
1002 4713 1057 4756 et
1097 4719 1339 4769 sensum,
1400 4704 1515 4759 sola
1565 4721 1692 4774 pars
1735 4721 1798 4761 ea
1832 4723 1955 4777 quae

377 4794 656 4851 nutriendi
697 4795 807 4847 vim
853 4794 1037 4856 habet,
1074 4796 1235 4849 nobis
1280 4795 1681 4852 dormientibus
1715 4796 1952 4853 cilicium

380 4888 593 4943 facere:
647 4886 702 4941 in
750 4885 851 4939 hac
882 4886 1138 4941 nimirum
1182 4887 1449 4956 imagines
1478 4888 1725 4956 quaedam
1762 4905 1953 4945 eorum

378 4996 500 5052 quae
526 4980 683 5036 nobis
706 4978 1055 5050 vigilantibus
1084 4989 1402 5042 occurrunt,
1436 4987 1491 5035 et
1513 4982 1671 5050 quasi
1695 4998 1760 5037 ex
1790 4984 1953 5055 longo

2060 4642 2117 4678 τε
2151 4624 2270 4677 κατ’
2299 4623 2569 4692 αἴσθησιν,
2610 4619 2833 4673 καὶτῶν
2876 4617 3017 4671 κατά
3042 4616 3278 4673 διάνοιαν
3316 4611 3646 4684 ἐνεργουμέ-

2062 4733 2185 4779 νων,
2224 4714 2368 4786 ἆπερ
2411 4711 2560 4783 αὐτῷ
2603 4712 2690 4765 διὰ
2715 4709 2810 4763 τοῦ
2857 4703 3287 4780 μνημονευτικοῦ
3332 4703 3429 4774 τῆς
3459 4701 3644 4771 ψυχῆς

2062 4808 2233 4870 εἴδους
2278 4803 2617 4874 ἐνετυπώθην
2660 4801 2829 4856 ταῦτα
2865 4800 3046 4864 καθὼς
3091 4799 3277 4868 ἔτυχεν
3320 4795 3642 4863 ἀναζωγρα-

2064 4897 2305 4967 (peiorem;
2346 4894 2706 4967 ἁπηχήματός
2736 4910 2881 4956 τινος
2918 4889 3252 4962 μνημονικοῦ
3292 4887 3369 4958 τῷ
3413 4883 3645 4953 τοιούτῳ

2064 4985 2195 5039 εῖδει
2217 4985 2318 5055 τῆς
2345 4983 2520 5054 ψυχῆς
2548 4980 2998 5052 παραμείναντος.

379 5070 666 5126 intervallo
698 5068 1112 5125 obscuriuscule
1135 5068 1301 5123 delati
1343 5086 1525 5126 rerum
1575 5087 1673 5142 per
1720 5089 1915 5131 sensus
1950 5085 2005 5132 et
2042 5076 2404 5147 cogitationes
2441 5084 2685 5128 actarum
2724 5072 2866 5134 soni,
2902 5085 2999 5142 per
3040 5069 3145 5122 vim
3181 5067 3373 5121 animae
3413 5062 3648 5117 remini-

381 5173 621 5221 scentcm
648 5165 920 5234 impressi,
951 5171 1155 5218 temere
1180 5162 1517 5221 formantur:
1550 5166 1653 5222 hac
1684 5169 1830 5224 velut
1856 5180 2098 5227 extrema
2140 5171 2451 5227 resonantia
2487 5186 2555 5226 ex
2583 5168 2843 5224 memoria
2878 5164 3143 5236 profecta,
3176 5158 3436 5216 nutrienti
3471 5157 3644 5213 animi

383 5257 521 5328 parti
546 5258 778 5326 quodam
807 5256 971 5311 modo
994 5256 1402 5315 inhaerescente.

455 5348 775 5417 Huiusmodi
818 5363 950 5419 ergo
999 5349 1056 5404 in
1110 5349 1588 5421 imaginationibus
1618 5353 1781 5408 homo
1830 5352 1959 5407 dor-

384 5444 561 5500 miens
586 5448 860 5509 versatur,
891 5457 1067 5512 neque
1097 5452 1247 5497 recta
1278 5443 1684 5512 progressionis
1717 5443 1858 5497 serie
1891 5443 1957 5496 ad

382 5552 475 5594 res
501 5550 623 5607 quae
653 5542 937 5605 apparent,
981 5533 1294 5597 deducitur,
1348 5533 1446 5588 sed
1490 5531 1738 5588 confusis
1768 5544 1825 5587 et
1850 5546 1960 5586 non

384 5626 766 5684 consentaneis
813 5625 1093 5683 erroribus
1122 5626 1447 5693 obvagatur.
1490 5623 1961 5693 Quemadmodum

2147 5348 2236 5401 Ἐν
2258 5346 2462 5408 τούτοις
2480 5340 2573 5398 οῦν
2589 5342 2972 5413 φαντασιοῦται
2988 5341 3122 5396 όάνθ
3131 5357 3327 5412 ρωπος,
3349 5339 3446 5411 οὐχ
3468 5340 3652 5413 εἱρμῷ

2065 5455 2171 5494 τινι
2187 5439 2325 5508 πρὸς
2347 5437 2444 5508 τὴν
2468 5435 2577 5489 τῶν
2606 5434 2944 5505 φαινομένων
2961 5431 3175 5503 ὀμιλιαν
3204 5432 3491 5501 ἀγόμενος,
3511 5431 3653 5486 ἀλλά

2069 5530 2442 5600 πεφυρμέναις
2463 5528 2572 5581 τισὶ
2597 5527 2691 5580 καὶ
2717 5524 3095 5588 ἀνακολούθοις
3116 5524 3352 5585 ἀπάταις
3379 5524 3654 5596 περιπλα-

2069 5619 2329 5692 νώμενος.
2357 5619 2623 5690 Καθάπερ
2646 5617 2702 5671 δέ
2727 5616 2868 5671 κατά
2892 5616 2990 5681 τὰς
3014 5613 3328 5687 σωματικὰς
3347 5614 3656 5685 ἐνεργείας,
