  <div class='ocr_page' id='page_1' title='image "/cluster/home/n/w/nwhite01/storage/ocr_20150623/44/mdp.39015011915454/092.png"; bbox 0 0 3794 6000; ppageno 0'>
   <div class='ocr_carea' id='block_1_1' title="bbox 171 270 268 325">
    <p class='ocr_par' dir='ltr' id='par_1_1' title="bbox 171 270 268 325">
     <span class='ocr_line' id='line_1_1' title="bbox 171 270 268 325; baseline 0 0"><span class='ocrx_word' id='word_1_1' title='bbox 171 270 268 325; x_wconf 76' lang='lat'><strong>169</strong></span> 
     </span>
    </p>
   </div>
   <div class='ocr_carea' id='block_1_2' title="bbox 1414 263 2183 323">
    <p class='ocr_par' dir='ltr' id='par_1_2' title="bbox 1414 263 2183 323">
     <span class='ocr_line' id='line_1_2' title="bbox 1414 263 2183 323; baseline -0.003 -2"><span class='ocrx_word' id='word_1_2' title='bbox 1414 266 1504 321; x_wconf 86' lang='lat' dir='ltr'><strong>DE</strong></span> <span class='ocrx_word' id='word_1_3' title='bbox 1545 265 1831 323; x_wconf 80' lang='lat' dir='ltr'><strong>HOMINIS</strong></span> <span class='ocrx_word' id='word_1_4' title='bbox 1871 263 2183 322; x_wconf 78' lang='lat' dir='ltr'><strong>OPlFlClO.</strong></span> 
     </span>
    </p>
   </div>
   <div class='ocr_carea' id='block_1_3' title="bbox 3317 263 3420 319">
    <p class='ocr_par' dir='ltr' id='par_1_3' title="bbox 3317 263 3420 319">
     <span class='ocr_line' id='line_1_3' title="bbox 3317 263 3420 319; baseline 0 -1"><span class='ocrx_word' id='word_1_5' title='bbox 3317 263 3420 319; x_wconf 78' lang='grc'><strong>170</strong></span> 
     </span>
    </p>
   </div>
   <div class='ocr_carea' id='block_1_4' title="bbox 170 370 1668 457">
    <p class='ocr_par' dir='ltr' id='par_1_4' title="bbox 170 370 1668 452">
     <span class='ocr_line' id='line_1_4' title="bbox 170 370 1668 452; baseline -0.001 -16"><span class='ocrx_word' id='word_1_6' title='bbox 170 382 276 437; x_wconf 78' lang='grc' dir='ltr'><strong>τῶν</strong></span> <span class='ocrx_word' id='word_1_7' title='bbox 308 379 498 452; x_wconf 83' lang='grc' dir='ltr'>μερῶν</span> <span class='ocrx_word' id='word_1_8' title='bbox 529 370 842 442; x_wconf 78' lang='grc' dir='ltr'>[διαζόντως</span> <span class='ocrx_word' id='word_1_9' title='bbox 877 395 930 432; x_wconf 90' lang='grc' dir='ltr'><strong>τι</strong></span> <span class='ocrx_word' id='word_1_10' title='bbox 968 376 1108 433; x_wconf 85' lang='grc' dir='ltr'><strong>κατά</strong></span> <span class='ocrx_word' id='word_1_11' title='bbox 1130 377 1228 449; x_wconf 87' lang='grc' dir='ltr'>τὴν</span> <span class='ocrx_word' id='word_1_12' title='bbox 1257 378 1582 451; x_wconf 77' lang='grc' dir='ltr'>ἐγκειμένην</span> <span class='ocrx_word' id='word_1_13' title='bbox 1613 380 1668 434; x_wconf 72' lang='grc' dir='ltr'>αἱ</span> 
     </span>
    </p>
   </div>
   <div class='ocr_carea' id='block_1_5' title="bbox 1923 370 3421 457">
    <p class='ocr_par' dir='ltr' id='par_1_5' title="bbox 1923 372 3421 457">
     <span class='ocr_line' id='line_1_5' title="bbox 1923 372 3421 457; baseline -0.003 -23"><span class='ocrx_word' id='word_1_14' title='bbox 1923 388 2043 436; x_wconf 78' lang='grc' dir='ltr'>ηοω</span> <span class='ocrx_word' id='word_1_15' title='bbox 2076 379 2133 433; x_wconf 92' lang='lat' dir='ltr'><strong>in</strong></span> <span class='ocrx_word' id='word_1_16' title='bbox 2167 375 2416 457; x_wconf 88' lang='lat' dir='ltr'><strong>corporis</strong></span> <span class='ocrx_word' id='word_1_17' title='bbox 2464 372 2842 431; x_wconf 82' lang='lat' dir='ltr'><strong>etlectionibus</strong></span> <span class='ocrx_word' id='word_1_18' title='bbox 2894 373 2971 439; x_wconf 85' lang='lat' dir='ltr'><strong>fit,</strong></span> <span class='ocrx_word' id='word_1_19' title='bbox 3022 382 3081 429; x_wconf 87' lang='lat' dir='ltr'><strong>ut</strong></span> <span class='ocrx_word' id='word_1_20' title='bbox 3110 389 3421 446; x_wconf 82' lang='lat' dir='ltr'><strong>quanquam</strong></span> 
     </span>
    </p>
   </div>
   <div class='ocr_carea' id='block_1_6' title="bbox 170 469 1750 542">
    <p class='ocr_par' dir='ltr' id='par_1_6' title="bbox 170 469 1750 542">
     <span class='ocr_line' id='line_1_6' title="bbox 170 469 1750 542; baseline -0.003 -15"><span class='ocrx_word' id='word_1_21' title='bbox 170 470 412 542; x_wconf 77' lang='grc' dir='ltr'><strong>φυσικῶς</strong></span> <span class='ocrx_word' id='word_1_22' title='bbox 440 470 676 540; x_wconf 80' lang='grc' dir='ltr'>δύναμιν</span> <span class='ocrx_word' id='word_1_23' title='bbox 721 469 1088 539; x_wconf 77' lang='grc' dir='ltr'><strong>ἐνεργοῦντος,</strong></span> <span class='ocrx_word' id='word_1_24' title='bbox 1128 470 1335 538; x_wconf 90' lang='grc' dir='ltr'>γίνεταί</span> <span class='ocrx_word' id='word_1_25' title='bbox 1379 488 1464 534; x_wconf 86' lang='grc' dir='ltr'><strong>τις</strong></span> <span class='ocrx_word' id='word_1_26' title='bbox 1510 472 1606 526; x_wconf 76' lang='grc' dir='ltr'><strong>καὶ</strong></span> <span class='ocrx_word' id='word_1_27' title='bbox 1654 470 1750 524; x_wconf 86' lang='grc' dir='ltr'><strong>τοῦ</strong></span> 
     </span>
    </p>
   </div>
   <div class='ocr_carea' id='block_1_7' title="bbox 170 560 1748 636">
    <p class='ocr_par' dir='ltr' id='par_1_7' title="bbox 170 560 1748 636">
     <span class='ocr_line' id='line_1_7' title="bbox 170 560 1748 636; baseline 0 -20"><span class='ocrx_word' id='word_1_28' title='bbox 170 561 504 636; x_wconf 76' lang='grc' dir='ltr'>ἠρεμοῦντος</span> <span class='ocrx_word' id='word_1_29' title='bbox 529 560 907 634; x_wconf 70' lang='grc' dir='ltr'>μέρουςοπρὸς</span> <span class='ocrx_word' id='word_1_30' title='bbox 930 562 992 616; x_wconf 86' lang='grc' dir='ltr'>τὸ</span> <span class='ocrx_word' id='word_1_31' title='bbox 1024 563 1345 634; x_wconf 76' lang='grc' dir='ltr'>κινούμενον.</span> <span class='ocrx_word' id='word_1_32' title='bbox 1385 563 1748 628; x_wconf 70' lang='grc' dir='ltr'>ωνδιάθεσις·</span> 
     </span>
    </p>
   </div>
   <div class='ocr_carea' id='block_1_8' title="bbox 168 652 1754 727">
    <p class='ocr_par' dir='ltr' id='par_1_8' title="bbox 168 652 1754 727">
     <span class='ocr_line' id='line_1_8' title="bbox 168 652 1754 727; baseline -0.001 -19"><span class='ocrx_word' id='word_1_33' title='bbox 168 653 442 722; x_wconf 80' lang='grc' dir='ltr'><strong>ἀναλόγως</strong></span> <span class='ocrx_word' id='word_1_34' title='bbox 475 653 572 707; x_wconf 75' lang='grc' dir='ltr'>καὶ</span> <span class='ocrx_word' id='word_1_35' title='bbox 597 652 691 706; x_wconf 87' lang='grc' dir='ltr'><strong>ἐπὶ</strong></span> <span class='ocrx_word' id='word_1_36' title='bbox 713 653 814 723; x_wconf 78' lang='grc' dir='ltr'>τῆς</span> <span class='ocrx_word' id='word_1_37' title='bbox 838 653 1041 724; x_wconf 81' lang='grc' dir='ltr'>ψυχῆς,</span> <span class='ocrx_word' id='word_1_38' title='bbox 1067 654 1171 707; x_wconf 75' lang='grc' dir='ltr'>κᾶν</span> <span class='ocrx_word' id='word_1_39' title='bbox 1203 654 1264 706; x_wconf 83' lang='grc' dir='ltr'>τὸ</span> <span class='ocrx_word' id='word_1_40' title='bbox 1294 655 1392 725; x_wconf 80' lang='grc' dir='ltr'>μὲν</span> <span class='ocrx_word' id='word_1_41' title='bbox 1424 655 1592 725; x_wconf 82' lang='grc' dir='ltr'>αὐτῆς</span> <span class='ocrx_word' id='word_1_42' title='bbox 1624 656 1754 727; x_wconf 78' lang='grc' dir='ltr'>ἡρε-</span> 
     </span>
    </p>
   </div>
   <div class='ocr_carea' id='block_1_9' title="bbox 171 743 1755 818">
    <p class='ocr_par' dir='ltr' id='par_1_9' title="bbox 171 743 1755 818">
     <span class='ocr_line' id='line_1_9' title="bbox 171 743 1755 818; baseline 0.001 -20"><span class='ocrx_word' id='word_1_43' title='bbox 171 746 320 815; x_wconf 84' lang='grc' dir='ltr'>μοῦν,</span> <span class='ocrx_word' id='word_1_44' title='bbox 356 745 419 798; x_wconf 82' lang='grc' dir='ltr'><strong>τὸ</strong></span> <span class='ocrx_word' id='word_1_45' title='bbox 449 745 510 798; x_wconf 90' lang='grc' dir='ltr'>δὲ</span> <span class='ocrx_word' id='word_1_46' title='bbox 549 743 867 815; x_wconf 88' lang='grc' dir='ltr'>κινούμενον</span> <span class='ocrx_word' id='word_1_47' title='bbox 906 746 1066 818; x_wconf 80' lang='grc' dir='ltr'>τύχῃ,</span> <span class='ocrx_word' id='word_1_48' title='bbox 1091 745 1152 798; x_wconf 82' lang='grc' dir='ltr'><strong>τὸ</strong></span> <span class='ocrx_word' id='word_1_49' title='bbox 1180 745 1299 799; x_wconf 82' lang='grc' dir='ltr'>ὅλον</span> <span class='ocrx_word' id='word_1_50' title='bbox 1329 746 1409 817; x_wconf 82' lang='grc' dir='ltr'>τῷ</span> <span class='ocrx_word' id='word_1_51' title='bbox 1441 746 1594 818; x_wconf 86' lang='grc' dir='ltr'>μέρει</span> <span class='ocrx_word' id='word_1_52' title='bbox 1631 763 1755 800; x_wconf 91' lang='grc' dir='ltr'>συν-</span> 
     </span>
    </p>
   </div>
   <div class='ocr_carea' id='block_1_10' title="bbox 163 835 1752 909">
    <p class='ocr_par' dir='ltr' id='par_1_10' title="bbox 163 835 1752 909">
     <span class='ocr_line' id='line_1_10' title="bbox 163 835 1752 909; baseline 0.001 -20"><span class='ocrx_word' id='word_1_53' title='bbox 163 836 479 890; x_wconf 82' lang='grc' dir='ltr'>διατίθεται.</span> <span class='ocrx_word' id='word_1_54' title='bbox 496 835 635 889; x_wconf 82' lang='grc' dir='ltr'>Οὐδέ</span> <span class='ocrx_word' id='word_1_55' title='bbox 650 836 761 907; x_wconf 82' lang='grc' dir='ltr'>γὰρ</span> <span class='ocrx_word' id='word_1_56' title='bbox 778 836 1049 907; x_wconf 78' lang='grc' dir='ltr'>ἐνδέχεται</span> <span class='ocrx_word' id='word_1_57' title='bbox 1070 837 1561 909; x_wconf 84' lang='grc' dir='ltr'>συνδιασπασθῆναι</span> <span class='ocrx_word' id='word_1_58' title='bbox 1578 837 1752 908; x_wconf 81' lang='grc' dir='ltr'><strong>πάντη</strong></span> 
     </span>
    </p>
   </div>
   <div class='ocr_carea' id='block_1_11' title="bbox 164 925 1755 1001">
    <p class='ocr_par' dir='ltr' id='par_1_11' title="bbox 164 925 1755 1001">
     <span class='ocr_line' id='line_1_11' title="bbox 164 925 1755 1001; baseline 0.003 -22"><span class='ocrx_word' id='word_1_59' title='bbox 164 927 257 998; x_wconf 78' lang='grc' dir='ltr'>τὴν</span> <span class='ocrx_word' id='word_1_60' title='bbox 285 926 439 980; x_wconf 86' lang='grc' dir='ltr'><strong>κατά</strong></span> <span class='ocrx_word' id='word_1_61' title='bbox 482 925 645 995; x_wconf 80' lang='grc' dir='ltr'>φύσιν</span> <span class='ocrx_word' id='word_1_62' title='bbox 687 928 934 996; x_wconf 78' lang='grc' dir='ltr'>ἑνότητα,</span> <span class='ocrx_word' id='word_1_63' title='bbox 968 929 1272 999; x_wconf 78' lang='grc' dir='ltr'><strong>κρατούσης</strong></span> <span class='ocrx_word' id='word_1_64' title='bbox 1316 930 1374 983; x_wconf 84' lang='grc' dir='ltr'><strong>ἐν</strong></span> <span class='ocrx_word' id='word_1_65' title='bbox 1409 930 1564 1001; x_wconf 84' lang='grc' dir='ltr'>μέρει</span> <span class='ocrx_word' id='word_1_66' title='bbox 1610 931 1755 994; x_wconf 85' lang='grc' dir='ltr'>τινὸς</span> 
     </span>
    </p>
   </div>
   <div class='ocr_carea' id='block_1_12' title="bbox 163 1014 1753 1092">
    <p class='ocr_par' dir='ltr' id='par_1_12' title="bbox 163 1014 1753 1092">
     <span class='ocr_line' id='line_1_12' title="bbox 163 1014 1753 1092; baseline 0.002 -20"><span class='ocrx_word' id='word_1_67' title='bbox 163 1021 269 1072; x_wconf 85' lang='grc' dir='ltr'><strong>τῶν</strong></span> <span class='ocrx_word' id='word_1_68' title='bbox 302 1019 432 1072; x_wconf 82' lang='grc' dir='ltr'>κατ’</span> <span class='ocrx_word' id='word_1_69' title='bbox 472 1017 646 1087; x_wconf 75' lang='grc' dir='ltr'>αὐτὴν</span> <span class='ocrx_word' id='word_1_70' title='bbox 683 1014 964 1089; x_wconf 85' lang='grc' dir='ltr'>δυνάμεων</span> <span class='ocrx_word' id='word_1_71' title='bbox 1007 1020 1093 1073; x_wconf 86' lang='grc' dir='ltr'><strong>διὰ</strong></span> <span class='ocrx_word' id='word_1_72' title='bbox 1130 1021 1228 1091; x_wconf 82' lang='grc' dir='ltr'>τῆς</span> <span class='ocrx_word' id='word_1_73' title='bbox 1274 1021 1568 1092; x_wconf 80' lang='grc' dir='ltr'>ἐνεργείας.</span> <span class='ocrx_word' id='word_1_74' title='bbox 1617 1022 1753 1075; x_wconf 85' lang='grc' dir='ltr'>Ἀλλ’</span> 
     </span>
    </p>
   </div>
   <div class='ocr_carea' id='block_1_13' title="bbox 159 1109 1757 1183">
    <p class='ocr_par' dir='ltr' id='par_1_13' title="bbox 159 1109 1757 1183">
     <span class='ocr_line' id='line_1_13' title="bbox 159 1109 1757 1183; baseline 0.001 -20"><span class='ocrx_word' id='word_1_75' title='bbox 159 1109 354 1180; x_wconf 83' lang='grc' dir='ltr'>ῶσπερ</span> <span class='ocrx_word' id='word_1_76' title='bbox 386 1109 774 1179; x_wconf 82' lang='grc' dir='ltr'><strong>ἐγρηγορότων</strong></span> <span class='ocrx_word' id='word_1_77' title='bbox 807 1127 865 1162; x_wconf 89' lang='grc' dir='ltr'><strong>τε</strong></span> <span class='ocrx_word' id='word_1_78' title='bbox 902 1112 994 1164; x_wconf 77' lang='grc' dir='ltr'>καὶ</span> <span class='ocrx_word' id='word_1_79' title='bbox 1024 1110 1432 1175; x_wconf 78' lang='grc' dir='ltr'><strong>σπουδαζόντων</strong></span> <span class='ocrx_word' id='word_1_80' title='bbox 1470 1114 1757 1183; x_wconf 80' lang='grc' dir='ltr'>ἐπικρατεῖ</span> 
     </span>
    </p>
   </div>
   <div class='ocr_carea' id='block_1_14' title="bbox 169 1198 1753 1272">
    <p class='ocr_par' dir='ltr' id='par_1_14' title="bbox 169 1198 1753 1272">
     <span class='ocr_line' id='line_1_14' title="bbox 169 1198 1753 1272; baseline 0.001 -19"><span class='ocrx_word' id='word_1_81' title='bbox 169 1201 264 1270; x_wconf 83' lang='grc' dir='ltr'>μὲν</span> <span class='ocrx_word' id='word_1_82' title='bbox 290 1200 323 1252; x_wconf 86' lang='grc' dir='ltr'><strong>ό</strong></span> <span class='ocrx_word' id='word_1_83' title='bbox 349 1198 502 1262; x_wconf 87' lang='grc' dir='ltr'>νοῦς,</span> <span class='ocrx_word' id='word_1_84' title='bbox 534 1199 877 1269; x_wconf 84' lang='grc' dir='ltr'>ὑπηρετεῖδέ</span> <span class='ocrx_word' id='word_1_85' title='bbox 910 1203 942 1271; x_wconf 80' lang='grc' dir='ltr'>ἡ</span> <span class='ocrx_word' id='word_1_86' title='bbox 976 1200 1246 1272; x_wconf 76' lang='grc' dir='ltr'>αἴσθησις,</span> <span class='ocrx_word' id='word_1_87' title='bbox 1278 1202 1378 1255; x_wconf 87' lang='grc' dir='ltr'><strong>οὐκ</strong></span> <span class='ocrx_word' id='word_1_88' title='bbox 1404 1202 1753 1255; x_wconf 86' lang='grc' dir='ltr'>ἀπολείπεται</span> 
     </span>
    </p>
   </div>
   <div class='ocr_carea' id='block_1_15' title="bbox 163 1288 1756 1363">
    <p class='ocr_par' dir='ltr' id='par_1_15' title="bbox 163 1288 1756 1363">
     <span class='ocr_line' id='line_1_15' title="bbox 163 1288 1756 1363; baseline -0.001 -20"><span class='ocrx_word' id='word_1_89' title='bbox 163 1292 218 1343; x_wconf 83' lang='grc' dir='ltr'>δὲ</span> <span class='ocrx_word' id='word_1_90' title='bbox 248 1290 461 1343; x_wconf 83' lang='grc' dir='ltr'>τούτων</span> <span class='ocrx_word' id='word_1_91' title='bbox 488 1290 524 1359; x_wconf 85' lang='grc' dir='ltr'>ἡ</span> <span class='ocrx_word' id='word_1_92' title='bbox 552 1288 857 1361; x_wconf 85' lang='grc' dir='ltr'>διοικητικὴ</span> <span class='ocrx_word' id='word_1_93' title='bbox 880 1289 975 1342; x_wconf 88' lang='grc' dir='ltr'><strong>τοῦ</strong></span> <span class='ocrx_word' id='word_1_94' title='bbox 1012 1289 1261 1361; x_wconf 83' lang='grc' dir='ltr'>σώματος</span> <span class='ocrx_word' id='word_1_95' title='bbox 1287 1290 1515 1361; x_wconf 87' lang='grc' dir='ltr'>δύναμις</span> <span class='ocrx_word' id='word_1_96' title='bbox 1543 1293 1612 1363; x_wconf 73' lang='grc' dir='ltr'>(ὁ</span> <span class='ocrx_word' id='word_1_97' title='bbox 1657 1291 1756 1360; x_wconf 85' lang='grc' dir='ltr'>μὲν</span> 
     </span>
    </p>
   </div>
   <div class='ocr_carea' id='block_1_16' title="bbox 164 1378 1754 1452">
    <p class='ocr_par' dir='ltr' id='par_1_16' title="bbox 164 1378 1754 1452">
     <span class='ocr_line' id='line_1_16' title="bbox 164 1378 1754 1452; baseline 0.001 -19"><span class='ocrx_word' id='word_1_98' title='bbox 164 1381 270 1452; x_wconf 80' lang='grc' dir='ltr'>γὰρ</span> <span class='ocrx_word' id='word_1_99' title='bbox 311 1379 444 1443; x_wconf 86' lang='grc' dir='ltr'>νοῦς</span> <span class='ocrx_word' id='word_1_100' title='bbox 474 1378 690 1450; x_wconf 77' lang='grc' dir='ltr'>πορίζει</span> <span class='ocrx_word' id='word_1_101' title='bbox 727 1380 824 1449; x_wconf 84' lang='grc' dir='ltr'><strong>τὴν</strong></span> <span class='ocrx_word' id='word_1_102' title='bbox 846 1380 1052 1451; x_wconf 78' lang='grc' dir='ltr'>τροφὴν</span> <span class='ocrx_word' id='word_1_103' title='bbox 1085 1383 1149 1449; x_wconf 80' lang='grc' dir='ltr'>τῇ</span> <span class='ocrx_word' id='word_1_104' title='bbox 1183 1381 1361 1451; x_wconf 87' lang='grc' dir='ltr'>χρείᾳ,</span> <span class='ocrx_word' id='word_1_105' title='bbox 1396 1383 1429 1450; x_wconf 84' lang='grc' dir='ltr'><strong>ή</strong></span> <span class='ocrx_word' id='word_1_106' title='bbox 1466 1381 1524 1434; x_wconf 82' lang='grc' dir='ltr'>δὲ</span> <span class='ocrx_word' id='word_1_107' title='bbox 1561 1381 1754 1452; x_wconf 73' lang='grc' dir='ltr'>αἴσθη-</span> 
     </span>
    </p>
   </div>
   <div class='ocr_carea' id='block_1_17' title="bbox 104 1469 1756 1543">
    <p class='ocr_par' dir='ltr' id='par_1_17' title="bbox 104 1469 1756 1543">
     <span class='ocr_line' id='line_1_17' title="bbox 104 1469 1756 1543; baseline -0.002 -16"><span class='ocrx_word' id='word_1_108' title='bbox 104 1494 107 1499; x_wconf 55' lang='grc' dir='ltr'><strong>λ</strong></span> <span class='ocrx_word' id='word_1_109' title='bbox 167 1491 248 1537; x_wconf 88' lang='grc' dir='ltr'><strong>σις</strong></span> <span class='ocrx_word' id='word_1_110' title='bbox 266 1472 333 1527; x_wconf 77' lang='grc' dir='ltr'>τὸ</span> <span class='ocrx_word' id='word_1_111' title='bbox 359 1472 627 1543; x_wconf 68' lang='grc' dir='ltr'>πῳισθέν</span> <span class='ocrx_word' id='word_1_112' title='bbox 657 1469 971 1538; x_wconf 82' lang='grc' dir='ltr'>ὑπεδέξατο,</span> <span class='ocrx_word' id='word_1_113' title='bbox 1010 1474 1044 1543; x_wconf 80' lang='grc' dir='ltr'><strong>ἡ</strong></span> <span class='ocrx_word' id='word_1_114' title='bbox 1072 1473 1129 1526; x_wconf 84' lang='grc' dir='ltr'><strong>δέ</strong></span> <span class='ocrx_word' id='word_1_115' title='bbox 1153 1472 1418 1543; x_wconf 84' lang='grc' dir='ltr'>θρεπτικὴ</span> <span class='ocrx_word' id='word_1_116' title='bbox 1451 1471 1544 1525; x_wconf 87' lang='grc' dir='ltr'><strong>τοῦ</strong></span> <span class='ocrx_word' id='word_1_117' title='bbox 1573 1471 1756 1543; x_wconf 83' lang='grc' dir='ltr'>σώμα-</span> 
     </span>
    </p>
   </div>
   <div class='ocr_carea' id='block_1_18' title="bbox 162 1562 1756 1636">
    <p class='ocr_par' dir='ltr' id='par_1_18' title="bbox 162 1562 1756 1636">
     <span class='ocr_line' id='line_1_18' title="bbox 162 1562 1756 1636; baseline -0.002 -17"><span class='ocrx_word' id='word_1_118' title='bbox 162 1583 252 1629; x_wconf 86' lang='grc' dir='ltr'><strong>τος</strong></span> <span class='ocrx_word' id='word_1_119' title='bbox 296 1563 537 1634; x_wconf 88' lang='grc' dir='ltr'>δύναμις</span> <span class='ocrx_word' id='word_1_120' title='bbox 587 1564 754 1634; x_wconf 84' lang='grc' dir='ltr'>ἐαυτῇ</span> <span class='ocrx_word' id='word_1_121' title='bbox 808 1563 870 1616; x_wconf 79' lang='grc' dir='ltr'><strong>τὸ</strong></span> <span class='ocrx_word' id='word_1_122' title='bbox 908 1563 1060 1617; x_wconf 85' lang='grc' dir='ltr'>δοθὲν</span> <span class='ocrx_word' id='word_1_123' title='bbox 1106 1562 1569 1636; x_wconf 80' lang='grc' dir='ltr'>προσῳκείωσεν)-</span> <span class='ocrx_word' id='word_1_124' title='bbox 1614 1562 1756 1616; x_wconf 75' lang='grc' dir='ltr'>οὕτω</span> 
     </span>
    </p>
   </div>
   <div class='ocr_carea' id='block_1_19' title="bbox 164 1653 1753 1725">
    <p class='ocr_par' dir='ltr' id='par_1_19' title="bbox 164 1653 1753 1725">
     <span class='ocr_line' id='line_1_19' title="bbox 164 1653 1753 1725; baseline -0.003 -14"><span class='ocrx_word' id='word_1_125' title='bbox 164 1656 256 1711; x_wconf 71' lang='grc' dir='ltr'><strong>καὶ</strong></span> <span class='ocrx_word' id='word_1_126' title='bbox 298 1653 451 1708; x_wconf 83' lang='grc' dir='ltr'><strong>κατά</strong></span> <span class='ocrx_word' id='word_1_127' title='bbox 477 1654 572 1708; x_wconf 84' lang='grc' dir='ltr'><strong>τὸν</strong></span> <span class='ocrx_word' id='word_1_128' title='bbox 625 1654 794 1707; x_wconf 72' lang='grc' dir='ltr'>ὕπνον</span> <span class='ocrx_word' id='word_1_129' title='bbox 829 1653 1273 1724; x_wconf 85' lang='grc' dir='ltr'>ἀντιμεθίσταταί</span> <span class='ocrx_word' id='word_1_130' title='bbox 1314 1672 1428 1718; x_wconf 84' lang='grc' dir='ltr'><strong>πως</strong></span> <span class='ocrx_word' id='word_1_131' title='bbox 1458 1656 1515 1707; x_wconf 86' lang='grc' dir='ltr'><strong>ἐν</strong></span> <span class='ocrx_word' id='word_1_132' title='bbox 1555 1656 1686 1725; x_wconf 81' lang='grc' dir='ltr'>ἡμῖν</span> <span class='ocrx_word' id='word_1_133' title='bbox 1719 1655 1753 1725; x_wconf 84' lang='grc' dir='ltr'><strong>ἡ</strong></span> 
     </span>
    </p>
   </div>
   <div class='ocr_carea' id='block_1_20' title="bbox 162 1744 1752 1817">
    <p class='ocr_par' dir='ltr' id='par_1_20' title="bbox 162 1744 1752 1817">
     <span class='ocr_line' id='line_1_20' title="bbox 162 1744 1752 1817; baseline -0.004 -14"><span class='ocrx_word' id='word_1_134' title='bbox 162 1749 270 1803; x_wconf 79' lang='grc' dir='ltr'><strong>τῶν</strong></span> <span class='ocrx_word' id='word_1_135' title='bbox 300 1747 593 1817; x_wconf 78' lang='grc' dir='ltr'>δυνάμεων</span> <span class='ocrx_word' id='word_1_136' title='bbox 620 1744 827 1799; x_wconf 85' lang='grc' dir='ltr'>τούτων</span> <span class='ocrx_word' id='word_1_137' title='bbox 859 1746 1123 1816; x_wconf 79' lang='grc' dir='ltr'>ἡγεμονία</span> <span class='ocrx_word' id='word_1_138' title='bbox 1141 1762 1156 1778; x_wconf 78' lang='grc' dir='ltr'><strong>ο</strong></span> <span class='ocrx_word' id='word_1_139' title='bbox 1190 1746 1284 1799; x_wconf 74' lang='grc' dir='ltr'><strong>καὶ</strong></span> <span class='ocrx_word' id='word_1_140' title='bbox 1312 1745 1638 1817; x_wconf 84' lang='grc' dir='ltr'>κρατοῦντος</span> <span class='ocrx_word' id='word_1_141' title='bbox 1660 1745 1752 1798; x_wconf 88' lang='grc' dir='ltr'><strong>τοῦ</strong></span> 
     </span>
    </p>
   </div>
   <div class='ocr_carea' id='block_1_21' title="bbox 164 1833 1753 1910">
    <p class='ocr_par' dir='ltr' id='par_1_21' title="bbox 164 1833 1753 1910">
     <span class='ocr_line' id='line_1_21' title="bbox 164 1833 1753 1910; baseline -0.006 -16"><span class='ocrx_word' id='word_1_142' title='bbox 164 1838 537 1910; x_wconf 77' lang='grc' dir='ltr'>ἀλογωτέρου,</span> <span class='ocrx_word' id='word_1_143' title='bbox 567 1834 801 1891; x_wconf 84' lang='grc' dir='ltr'>παύεται</span> <span class='ocrx_word' id='word_1_144' title='bbox 834 1835 932 1903; x_wconf 85' lang='grc' dir='ltr'>μὲν</span> <span class='ocrx_word' id='word_1_145' title='bbox 965 1835 997 1905; x_wconf 84' lang='grc' dir='ltr'>ἡ</span> <span class='ocrx_word' id='word_1_146' title='bbox 1024 1833 1131 1888; x_wconf 83' lang='grc' dir='ltr'><strong>τῶν</strong></span> <span class='ocrx_word' id='word_1_147' title='bbox 1158 1834 1362 1904; x_wconf 85' lang='grc' dir='ltr'>ἐτέρων</span> <span class='ocrx_word' id='word_1_148' title='bbox 1392 1833 1662 1904; x_wconf 78' lang='grc' dir='ltr'>ἐνέργεια,</span> <span class='ocrx_word' id='word_1_149' title='bbox 1692 1833 1753 1885; x_wconf 82' lang='grc' dir='ltr'><strong>οὐ</strong></span> 
     </span>
    </p>
   </div>
   <div class='ocr_carea' id='block_1_22' title="bbox 170 1922 1755 2000">
    <p class='ocr_par' dir='ltr' id='par_1_22' title="bbox 170 1922 1755 2000">
     <span class='ocr_line' id='line_1_22' title="bbox 170 1922 1755 2000; baseline -0.004 -18"><span class='ocrx_word' id='word_1_150' title='bbox 170 1929 273 2000; x_wconf 80' lang='grc' dir='ltr'>μὴν</span> <span class='ocrx_word' id='word_1_151' title='bbox 308 1925 599 1988; x_wconf 77' lang='grc' dir='ltr'><strong>παντελῶς</strong></span> <span class='ocrx_word' id='word_1_152' title='bbox 634 1923 1049 1978; x_wconf 81' lang='grc' dir='ltr'>ἀποσϐέννυται.</span> <span class='ocrx_word' id='word_1_153' title='bbox 1094 1922 1484 1993; x_wconf 87' lang='grc' dir='ltr'>Ἐπειγομένης</span> <span class='ocrx_word' id='word_1_154' title='bbox 1512 1922 1569 1975; x_wconf 85' lang='grc' dir='ltr'><strong>δὲ</strong></span> <span class='ocrx_word' id='word_1_155' title='bbox 1600 1938 1755 1992; x_wconf 82' lang='grc' dir='ltr'>τηνι-</span> 
     </span>
    </p>
   </div>
   <div class='ocr_carea' id='block_1_23' title="bbox 168 2013 1754 2087">
    <p class='ocr_par' dir='ltr' id='par_1_23' title="bbox 168 2013 1754 2087">
     <span class='ocr_line' id='line_1_23' title="bbox 168 2013 1754 2087; baseline -0.004 -14"><span class='ocrx_word' id='word_1_156' title='bbox 168 2019 345 2073; x_wconf 79' lang='grc' dir='ltr'>καῦτα</span> <span class='ocrx_word' id='word_1_157' title='bbox 377 2018 468 2072; x_wconf 82' lang='grc' dir='ltr'>διὰ</span> <span class='ocrx_word' id='word_1_158' title='bbox 492 2015 588 2071; x_wconf 82' lang='grc' dir='ltr'><strong>τοῦ</strong></span> <span class='ocrx_word' id='word_1_159' title='bbox 625 2016 795 2071; x_wconf 83' lang='grc' dir='ltr'>ὕπνου</span> <span class='ocrx_word' id='word_1_160' title='bbox 830 2015 965 2087; x_wconf 76' lang='grc' dir='ltr'>πρὸς</span> <span class='ocrx_word' id='word_1_161' title='bbox 997 2014 1096 2084; x_wconf 82' lang='grc' dir='ltr'><strong>τὴν</strong></span> <span class='ocrx_word' id='word_1_162' title='bbox 1124 2014 1287 2084; x_wconf 87' lang='grc' dir='ltr'>πέψιν</span> <span class='ocrx_word' id='word_1_163' title='bbox 1327 2014 1429 2085; x_wconf 83' lang='grc' dir='ltr'>τῆς</span> <span class='ocrx_word' id='word_1_164' title='bbox 1456 2013 1754 2085; x_wconf 82' lang='grc' dir='ltr'>θρεπτικῆς</span> 
     </span>
    </p>
   </div>
   <div class='ocr_carea' id='block_1_24' title="bbox 168 2102 1756 2180">
    <p class='ocr_par' dir='ltr' id='par_1_24' title="bbox 168 2102 1756 2180">
     <span class='ocr_line' id='line_1_24' title="bbox 168 2102 1756 2180; baseline -0.005 -17"><span class='ocrx_word' id='word_1_165' title='bbox 168 2109 477 2180; x_wconf 83' lang='grc' dir='ltr'>δυνάμεως,</span> <span class='ocrx_word' id='word_1_166' title='bbox 502 2107 600 2161; x_wconf 61' lang='grc' dir='ltr'><strong>καλ⁹</strong></span> <span class='ocrx_word' id='word_1_167' title='bbox 625 2107 810 2159; x_wconf 79' lang='grc' dir='ltr'>πᾶσαν</span> <span class='ocrx_word' id='word_1_168' title='bbox 842 2103 938 2175; x_wconf 84' lang='grc' dir='ltr'>τὴν</span> <span class='ocrx_word' id='word_1_169' title='bbox 976 2102 1139 2173; x_wconf 87' lang='grc' dir='ltr'>φύσιν</span> <span class='ocrx_word' id='word_1_170' title='bbox 1181 2103 1317 2175; x_wconf 82' lang='grc' dir='ltr'>πρὸς</span> <span class='ocrx_word' id='word_1_171' title='bbox 1358 2102 1554 2173; x_wconf 80' lang='grc' dir='ltr'>ἑαυτὴν</span> <span class='ocrx_word' id='word_1_172' title='bbox 1599 2103 1756 2172; x_wconf 90' lang='grc' dir='ltr'>ἀσχο-</span> 
     </span>
    </p>
   </div>
   <div class='ocr_carea' id='block_1_25' title="bbox 168 2193 1753 2271">
    <p class='ocr_par' dir='ltr' id='par_1_25' title="bbox 168 2193 1753 2271">
     <span class='ocr_line' id='line_1_25' title="bbox 168 2193 1753 2271; baseline -0.004 -18"><span class='ocrx_word' id='word_1_173' title='bbox 168 2200 388 2271; x_wconf 78' lang='grc' dir='ltr'>λούσης,</span> <span class='ocrx_word' id='word_1_174' title='bbox 440 2196 568 2251; x_wconf 74' lang='grc' dir='ltr'>οὔτε</span> <span class='ocrx_word' id='word_1_175' title='bbox 625 2194 904 2258; x_wconf 83' lang='grc' dir='ltr'>παντελῶς</span> <span class='ocrx_word' id='word_1_176' title='bbox 961 2195 1255 2249; x_wconf 78' lang='grc' dir='ltr'>διασπᾶται</span> <span class='ocrx_word' id='word_1_177' title='bbox 1292 2193 1497 2264; x_wconf 85' lang='grc' dir='ltr'><strong>ταύτης</strong></span> <span class='ocrx_word' id='word_1_178' title='bbox 1547 2195 1581 2266; x_wconf 79' lang='grc' dir='ltr'>ὴ</span> <span class='ocrx_word' id='word_1_179' title='bbox 1632 2194 1753 2246; x_wconf 74' lang='grc' dir='ltr'>κατ’</span> 
     </span>
    </p>
   </div>
   <div class='ocr_carea' id='block_1_26' title="bbox 166 2286 1756 2362">
    <p class='ocr_par' dir='ltr' id='par_1_26' title="bbox 166 2286 1756 2362">
     <span class='ocr_line' id='line_1_26' title="bbox 166 2286 1756 2362; baseline -0.003 -17"><span class='ocrx_word' id='word_1_180' title='bbox 166 2292 424 2362; x_wconf 76' lang='grc' dir='ltr'>αἴσθησιν</span> <span class='ocrx_word' id='word_1_181' title='bbox 463 2288 695 2358; x_wconf 87' lang='grc' dir='ltr'>δύναμις</span> <span class='ocrx_word' id='word_1_182' title='bbox 740 2288 824 2357; x_wconf 82' lang='grc' dir='ltr'>(οὐ</span> <span class='ocrx_word' id='word_1_183' title='bbox 858 2286 967 2358; x_wconf 81' lang='grc' dir='ltr'>γὰρ</span> <span class='ocrx_word' id='word_1_184' title='bbox 1021 2286 1295 2357; x_wconf 87' lang='grc' dir='ltr'>ἐνδέχεται</span> <span class='ocrx_word' id='word_1_185' title='bbox 1325 2287 1386 2340; x_wconf 86' lang='grc' dir='ltr'><strong>τὸ</strong></span> <span class='ocrx_word' id='word_1_186' title='bbox 1423 2286 1567 2354; x_wconf 74' lang='grc' dir='ltr'>ἅπαξ</span> <span class='ocrx_word' id='word_1_187' title='bbox 1616 2304 1756 2359; x_wconf 90' lang='grc' dir='ltr'>συμ-</span> 
     </span>
    </p>
   </div>
   <div class='ocr_carea' id='block_1_27' title="bbox 166 2375 1756 2451">
    <p class='ocr_par' dir='ltr' id='par_1_27' title="bbox 166 2375 1756 2451">
     <span class='ocr_line' id='line_1_27' title="bbox 166 2375 1756 2451; baseline 0.001 -18"><span class='ocrx_word' id='word_1_188' title='bbox 166 2380 416 2450; x_wconf 67' lang='grc' dir='ltr'>πεφυκὸς</span> <span class='ocrx_word' id='word_1_189' title='bbox 454 2377 906 2450; x_wconf 86' lang='grc' dir='ltr'>διατέμνεσθαι),</span> <span class='ocrx_word' id='word_1_190' title='bbox 938 2375 1059 2430; x_wconf 75' lang='grc' dir='ltr'>οὔτε</span> <span class='ocrx_word' id='word_1_191' title='bbox 1110 2377 1448 2449; x_wconf 88' lang='grc' dir='ltr'>ἀναλάμπειν</span> <span class='ocrx_word' id='word_1_192' title='bbox 1497 2379 1530 2449; x_wconf 80' lang='grc' dir='ltr'>ἡ</span> <span class='ocrx_word' id='word_1_193' title='bbox 1584 2379 1756 2451; x_wconf 81' lang='grc' dir='ltr'>αὐτῆς</span> 
     </span>
    </p>
   </div>
   <div class='ocr_carea' id='block_1_28' title="bbox 164 2467 1756 2543">
    <p class='ocr_par' dir='ltr' id='par_1_28' title="bbox 164 2467 1756 2543">
     <span class='ocr_line' id='line_1_28' title="bbox 164 2467 1756 2543; baseline 0.001 -18"><span class='ocrx_word' id='word_1_194' title='bbox 164 2472 420 2541; x_wconf 78' lang='grc' dir='ltr'>ἐνέργεια</span> <span class='ocrx_word' id='word_1_195' title='bbox 465 2470 712 2534; x_wconf 87' lang='grc' dir='ltr'>δύναται,</span> <span class='ocrx_word' id='word_1_196' title='bbox 761 2470 828 2539; x_wconf 80' lang='grc' dir='ltr'>τῇ</span> <span class='ocrx_word' id='word_1_197' title='bbox 864 2467 973 2521; x_wconf 87' lang='grc' dir='ltr'><strong>τῶν</strong></span> <span class='ocrx_word' id='word_1_198' title='bbox 1014 2469 1380 2543; x_wconf 80' lang='grc' dir='ltr'>αἰσθητηρίων</span> <span class='ocrx_word' id='word_1_199' title='bbox 1426 2472 1592 2543; x_wconf 80' lang='grc' dir='ltr'>ἀργίᾳ</span> <span class='ocrx_word' id='word_1_200' title='bbox 1616 2471 1756 2526; x_wconf 87' lang='grc' dir='ltr'>κατὰ</span> 
     </span>
    </p>
   </div>
   <div class='ocr_carea' id='block_1_29' title="bbox 163 2562 1756 2634">
    <p class='ocr_par' dir='ltr' id='par_1_29' title="bbox 163 2562 1756 2634">
     <span class='ocr_line' id='line_1_29' title="bbox 163 2562 1756 2634; baseline 0 -16"><span class='ocrx_word' id='word_1_201' title='bbox 163 2564 253 2618; x_wconf 76' lang='grc' dir='ltr'>τὸν</span> <span class='ocrx_word' id='word_1_202' title='bbox 301 2563 475 2618; x_wconf 79' lang='grc' dir='ltr'>ῦπνον</span> <span class='ocrx_word' id='word_1_203' title='bbox 526 2562 915 2634; x_wconf 81' lang='grc' dir='ltr'>ἐμπεδηθεῖσα.</span> <span class='ocrx_word' id='word_1_204' title='bbox 947 2562 1106 2617; x_wconf 87' lang='grc' dir='ltr'>Κατὰ</span> <span class='ocrx_word' id='word_1_205' title='bbox 1151 2564 1243 2616; x_wconf 85' lang='grc' dir='ltr'><strong>τὸν</strong></span> <span class='ocrx_word' id='word_1_206' title='bbox 1292 2564 1452 2619; x_wconf 77' lang='grc' dir='ltr'>αὑτὸν</span> <span class='ocrx_word' id='word_1_207' title='bbox 1505 2566 1561 2619; x_wconf 79' lang='grc' dir='ltr'>δὲ</span> <span class='ocrx_word' id='word_1_208' title='bbox 1599 2565 1756 2634; x_wconf 89' lang='grc' dir='ltr'>λόγον</span> 
     </span>
    </p>
   </div>
   <div class='ocr_carea' id='block_1_30' title="bbox 163 2652 1755 2727">
    <p class='ocr_par' dir='ltr' id='par_1_30' title="bbox 163 2652 1755 2727">
     <span class='ocr_line' id='line_1_30' title="bbox 163 2652 1755 2727; baseline 0.001 -18"><span class='ocrx_word' id='word_1_209' title='bbox 163 2656 260 2710; x_wconf 71' lang='grc' dir='ltr'><strong>καὶ</strong></span> <span class='ocrx_word' id='word_1_210' title='bbox 322 2654 422 2708; x_wconf 85' lang='grc' dir='ltr'><strong>τοῦ</strong></span> <span class='ocrx_word' id='word_1_211' title='bbox 484 2653 580 2708; x_wconf 92' lang='grc' dir='ltr'><strong>νοῦ</strong></span> <span class='ocrx_word' id='word_1_212' title='bbox 628 2654 769 2725; x_wconf 85' lang='grc' dir='ltr'>πρὸς</span> <span class='ocrx_word' id='word_1_213' title='bbox 822 2654 884 2708; x_wconf 82' lang='grc' dir='ltr'><strong>τὸ</strong></span> <span class='ocrx_word' id='word_1_214' title='bbox 942 2654 1259 2727; x_wconf 77' lang='grc' dir='ltr'>αἰσθητικὸν</span> <span class='ocrx_word' id='word_1_215' title='bbox 1306 2652 1445 2720; x_wconf 84' lang='grc' dir='ltr'>εἶδος</span> <span class='ocrx_word' id='word_1_216' title='bbox 1495 2657 1596 2727; x_wconf 77' lang='grc' dir='ltr'>τῆς</span> <span class='ocrx_word' id='word_1_217' title='bbox 1648 2657 1755 2727; x_wconf 86' lang='grc' dir='ltr'><strong>ψυ-</strong></span> 
     </span>
    </p>
   </div>
   <div class='ocr_carea' id='block_1_31' title="bbox 162 2746 1756 2820">
    <p class='ocr_par' dir='ltr' id='par_1_31' title="bbox 162 2746 1756 2820">
     <span class='ocr_line' id='line_1_31' title="bbox 162 2746 1756 2820; baseline -0.001 -17"><span class='ocrx_word' id='word_1_218' title='bbox 162 2750 264 2820; x_wconf 78' lang='grc' dir='ltr'>χῆς</span> <span class='ocrx_word' id='word_1_219' title='bbox 287 2746 697 2819; x_wconf 76' lang='grc' dir='ltr'>οἰκειουμένου,</span> <span class='ocrx_word' id='word_1_220' title='bbox 732 2747 1025 2802; x_wconf 87' lang='grc' dir='ltr'>ἀκόλουθον</span> <span class='ocrx_word' id='word_1_221' title='bbox 1059 2748 1126 2802; x_wconf 83' lang='grc' dir='ltr'><strong>ἂν</strong></span> <span class='ocrx_word' id='word_1_222' title='bbox 1166 2749 1251 2819; x_wconf 70' lang='grc' dir='ltr'>εἴη</span> <span class='ocrx_word' id='word_1_223' title='bbox 1302 2748 1395 2802; x_wconf 81' lang='grc' dir='ltr'><strong>καὶ</strong></span> <span class='ocrx_word' id='word_1_224' title='bbox 1434 2748 1756 2819; x_wconf 78' lang='grc' dir='ltr'>κινουμένου</span> 
     </span>
    </p>
   </div>
   <div class='ocr_carea' id='block_1_32' title="bbox 160 2837 1756 2911">
    <p class='ocr_par' dir='ltr' id='par_1_32' title="bbox 160 2837 1756 2911">
     <span class='ocr_line' id='line_1_32' title="bbox 160 2837 1756 2911; baseline 0.001 -18"><span class='ocrx_word' id='word_1_225' title='bbox 160 2839 381 2904; x_wconf 78' lang='grc' dir='ltr'>τούτου,</span> <span class='ocrx_word' id='word_1_226' title='bbox 417 2837 799 2907; x_wconf 83' lang='grc' dir='ltr'>συγκινεῖσθαι</span> <span class='ocrx_word' id='word_1_227' title='bbox 836 2838 1015 2906; x_wconf 84' lang='grc' dir='ltr'>λέγειν</span> <span class='ocrx_word' id='word_1_228' title='bbox 1057 2839 1220 2893; x_wconf 81' lang='grc' dir='ltr'>αὑτὸν</span> <span class='ocrx_word' id='word_1_229' title='bbox 1246 2877 1262 2905; x_wconf 87' lang='grc'><strong>,</strong></span> <span class='ocrx_word' id='word_1_230' title='bbox 1292 2840 1387 2894; x_wconf 74' lang='grc' dir='ltr'>καὶ</span> <span class='ocrx_word' id='word_1_231' title='bbox 1424 2839 1756 2911; x_wconf 78' lang='grc' dir='ltr'>ἠρεμοῦντος</span> 
     </span>
    </p>
   </div>
   <div class='ocr_carea' id='block_1_33' title="bbox 159 2923 1757 3002">
    <p class='ocr_par' dir='ltr' id='par_1_33' title="bbox 159 2923 1757 3002">
     <span class='ocr_line' id='line_1_33' title="bbox 159 2923 1757 3002; baseline 0.001 -18"><span class='ocrx_word' id='word_1_232' title='bbox 159 2928 715 3000; x_wconf 86' lang='grc' dir='ltr'>συγκαταπαύεσθαι.</span> <span class='ocrx_word' id='word_1_233' title='bbox 749 2923 875 2983; x_wconf 76' lang='grc' dir='ltr'>Οἷον</span> <span class='ocrx_word' id='word_1_234' title='bbox 920 2930 975 2984; x_wconf 83' lang='grc' dir='ltr'><strong>δέ</strong></span> <span class='ocrx_word' id='word_1_235' title='bbox 1015 2947 1068 2983; x_wconf 89' lang='grc' dir='ltr'><strong>τι</strong></span> <span class='ocrx_word' id='word_1_236' title='bbox 1108 2931 1238 3002; x_wconf 75' lang='grc' dir='ltr'>περὶ</span> <span class='ocrx_word' id='word_1_237' title='bbox 1277 2930 1338 2984; x_wconf 82' lang='grc' dir='ltr'>τὸ</span> <span class='ocrx_word' id='word_1_238' title='bbox 1375 2931 1486 3002; x_wconf 86' lang='grc' dir='ltr'><strong>πῦρ</strong></span> <span class='ocrx_word' id='word_1_239' title='bbox 1512 2931 1757 3001; x_wconf 85' lang='grc' dir='ltr'>γίνεσθαι</span> 
     </span>
    </p>
   </div>
   <div class='ocr_carea' id='block_1_34' title="bbox 161 3020 1823 3118">
    <p class='ocr_par' dir='ltr' id='par_1_34' title="bbox 161 3020 1823 3118">
     <span class='ocr_line' id='line_1_34' title="bbox 161 3020 1823 3118; baseline 0.001 -43"><span class='ocrx_word' id='word_1_240' title='bbox 161 3022 432 3090; x_wconf 66' lang='grc' dir='ltr'>πέφυκεν,</span> <span class='ocrx_word' id='word_1_241' title='bbox 459 3021 594 3074; x_wconf 85' lang='grc' dir='ltr'>ὅταν</span> <span class='ocrx_word' id='word_1_242' title='bbox 630 3020 731 3091; x_wconf 84' lang='grc' dir='ltr'>μὲν</span> <span class='ocrx_word' id='word_1_243' title='bbox 767 3020 1090 3092; x_wconf 81' lang='grc' dir='ltr'>ὑποκρυφθῇ</span> <span class='ocrx_word' id='word_1_244' title='bbox 1116 3024 1228 3084; x_wconf 85' lang='grc' dir='ltr'>τοῖς</span> <span class='ocrx_word' id='word_1_245' title='bbox 1260 3021 1483 3092; x_wconf 88' lang='grc' dir='ltr'>ἀχύροις</span> <span class='ocrx_word' id='word_1_246' title='bbox 1517 3024 1755 3076; x_wconf 84' lang='grc' dir='ltr'>ἀπαντα-</span> <span class='ocrx_word' id='word_1_247' title='bbox 1780 3061 1823 3118; x_wconf 79' lang='lat' dir='ltr'>C</span> 
     </span>
    </p>
   </div>
   <div class='ocr_carea' id='block_1_35' title="bbox 160 3111 1749 3185">
    <p class='ocr_par' dir='ltr' id='par_1_35' title="bbox 160 3111 1749 3185">
     <span class='ocr_line' id='line_1_35' title="bbox 160 3111 1749 3185; baseline -0.001 -17"><span class='ocrx_word' id='word_1_248' title='bbox 160 3114 341 3184; x_wconf 78' lang='grc' dir='ltr'>κόθεν,</span> <span class='ocrx_word' id='word_1_249' title='bbox 366 3113 650 3183; x_wconf 80' lang='grc' dir='ltr'>μηδεμιᾶς</span> <span class='ocrx_word' id='word_1_250' title='bbox 665 3111 939 3183; x_wconf 83' lang='grc' dir='ltr'>ἀναπνοῆς</span> <span class='ocrx_word' id='word_1_251' title='bbox 952 3114 1053 3166; x_wconf 87' lang='grc' dir='ltr'><strong>ἀνα</strong></span> <span class='ocrx_word' id='word_1_252' title='bbox 1059 3112 1308 3184; x_wconf 78' lang='grc' dir='ltr'>ρῤιπιζού</span> <span class='ocrx_word' id='word_1_253' title='bbox 1316 3132 1414 3185; x_wconf 87' lang='grc' dir='ltr'><strong>σης</strong></span> <span class='ocrx_word' id='word_1_254' title='bbox 1429 3114 1529 3184; x_wconf 78' lang='grc' dir='ltr'>τὴν</span> <span class='ocrx_word' id='word_1_255' title='bbox 1555 3114 1749 3183; x_wconf 80' lang='grc' dir='ltr'>φλόγα,</span> 
     </span>
    </p>
   </div>
   <div class='ocr_carea' id='block_1_36' title="bbox 160 3203 1754 3274">
    <p class='ocr_par' dir='ltr' id='par_1_36' title="bbox 160 3203 1754 3274">
     <span class='ocr_line' id='line_1_36' title="bbox 160 3203 1754 3274; baseline 0.001 -16"><span class='ocrx_word' id='word_1_256' title='bbox 160 3203 287 3258; x_wconf 71' lang='grc' dir='ltr'>οὔτε</span> <span class='ocrx_word' id='word_1_257' title='bbox 316 3204 393 3257; x_wconf 83' lang='grc' dir='ltr'>τὰ</span> <span class='ocrx_word' id='word_1_258' title='bbox 443 3203 979 3274; x_wconf 82' lang='grc' dir='ltr'>προσπαρακείμενα</span> <span class='ocrx_word' id='word_1_259' title='bbox 1026 3204 1271 3273; x_wconf 80' lang='grc' dir='ltr'>νέμεται,</span> <span class='ocrx_word' id='word_1_260' title='bbox 1301 3204 1425 3259; x_wconf 78' lang='grc' dir='ltr'>οὔτε</span> <span class='ocrx_word' id='word_1_261' title='bbox 1476 3204 1754 3269; x_wconf 81' lang='grc' dir='ltr'>παντελῶς</span> 
     </span>
    </p>
   </div>
   <div class='ocr_carea' id='block_1_37' title="bbox 162 3293 1754 3367">
    <p class='ocr_par' dir='ltr' id='par_1_37' title="bbox 162 3293 1754 3367">
     <span class='ocr_line' id='line_1_37' title="bbox 162 3293 1754 3367; baseline 0.001 -18"><span class='ocrx_word' id='word_1_262' title='bbox 162 3293 641 3360; x_wconf 75' lang='grc' dir='ltr'>κατασϐέννυται,</span> <span class='ocrx_word' id='word_1_263' title='bbox 675 3293 791 3346; x_wconf 85' lang='grc' dir='ltr'>ἀλλ’</span> <span class='ocrx_word' id='word_1_264' title='bbox 824 3293 943 3347; x_wconf 68' lang='grc' dir='ltr'>ἀντὶ</span> <span class='ocrx_word' id='word_1_265' title='bbox 983 3294 1179 3364; x_wconf 80' lang='grc' dir='ltr'>φλογὸς</span> <span class='ocrx_word' id='word_1_266' title='bbox 1205 3296 1378 3367; x_wconf 82' lang='grc' dir='ltr'>ἀτμός</span> <span class='ocrx_word' id='word_1_267' title='bbox 1402 3314 1485 3360; x_wconf 89' lang='grc' dir='ltr'><strong>τις</strong></span> <span class='ocrx_word' id='word_1_268' title='bbox 1519 3296 1604 3349; x_wconf 87' lang='grc' dir='ltr'>διὰ</span> <span class='ocrx_word' id='word_1_269' title='bbox 1644 3295 1754 3351; x_wconf 81' lang='grc' dir='ltr'><strong>τῶν</strong></span> 
     </span>
    </p>
   </div>
   <div class='ocr_carea' id='block_1_38' title="bbox 160 3382 1755 3457">
    <p class='ocr_par' dir='ltr' id='par_1_38' title="bbox 160 3382 1755 3457">
     <span class='ocr_line' id='line_1_38' title="bbox 160 3382 1755 3457; baseline 0.001 -18"><span class='ocrx_word' id='word_1_270' title='bbox 160 3385 385 3457; x_wconf 85' lang='grc' dir='ltr'>ἀχύρων</span> <span class='ocrx_word' id='word_1_271' title='bbox 409 3384 509 3438; x_wconf 74' lang='grc' dir='ltr'><strong>ἐπὶ</strong></span> <span class='ocrx_word' id='word_1_272' title='bbox 540 3384 634 3436; x_wconf 74' lang='grc' dir='ltr'>τὸν</span> <span class='ocrx_word' id='word_1_273' title='bbox 672 3382 811 3451; x_wconf 89' lang='grc' dir='ltr'>ἀέρα</span> <span class='ocrx_word' id='word_1_274' title='bbox 857 3383 1127 3452; x_wconf 79' lang='grc' dir='ltr'>διέξεισιν,</span> <span class='ocrx_word' id='word_1_275' title='bbox 1173 3386 1222 3439; x_wconf 79' lang='grc' dir='ltr'><strong>εί</strong></span> <span class='ocrx_word' id='word_1_276' title='bbox 1250 3386 1308 3439; x_wconf 89' lang='grc' dir='ltr'><strong>δέ</strong></span> <span class='ocrx_word' id='word_1_277' title='bbox 1351 3404 1497 3450; x_wconf 88' lang='grc' dir='ltr'>τινος</span> <span class='ocrx_word' id='word_1_278' title='bbox 1539 3387 1755 3455; x_wconf 76' lang='grc' dir='ltr'>λάϐοιτο</span> 
     </span>
    </p>
   </div>
   <div class='ocr_carea' id='block_1_39' title="bbox 160 3475 1758 3551">
    <p class='ocr_par' dir='ltr' id='par_1_39' title="bbox 160 3475 1758 3551">
     <span class='ocr_line' id='line_1_39' title="bbox 160 3475 1758 3551; baseline 0.001 -19"><span class='ocrx_word' id='word_1_279' title='bbox 160 3477 449 3549; x_wconf 83' lang='grc' dir='ltr'>διαπνοῆς,</span> <span class='ocrx_word' id='word_1_280' title='bbox 499 3476 677 3546; x_wconf 80' lang='grc' dir='ltr'>φλόγα</span> <span class='ocrx_word' id='word_1_281' title='bbox 730 3475 821 3529; x_wconf 76' lang='grc' dir='ltr'><strong>τὸν</strong></span> <span class='ocrx_word' id='word_1_282' title='bbox 852 3477 1054 3531; x_wconf 80' lang='grc' dir='ltr'>καπνὸν</span> <span class='ocrx_word' id='word_1_283' title='bbox 1102 3479 1473 3551; x_wconf 81' lang='grc' dir='ltr'>ἀπεργάζεται</span> <span class='ocrx_word' id='word_1_284' title='bbox 1495 3480 1626 3551; x_wconf 43' lang='grc' dir='ltr'>’κτὸν</span> <span class='ocrx_word' id='word_1_285' title='bbox 1658 3481 1758 3534; x_wconf 80' lang='grc' dir='ltr'>αὐ-</span> 
     </span>
    </p>
   </div>
   <div class='ocr_carea' id='block_1_40' title="bbox 158 3567 1754 3641">
    <p class='ocr_par' dir='ltr' id='par_1_40' title="bbox 158 3567 1754 3641">
     <span class='ocr_line' id='line_1_40' title="bbox 158 3567 1754 3641; baseline 0.001 -18"><span class='ocrx_word' id='word_1_286' title='bbox 158 3571 252 3624; x_wconf 79' lang='grc' dir='ltr'><strong>τὸν</strong></span> <span class='ocrx_word' id='word_1_287' title='bbox 278 3569 491 3641; x_wconf 78' lang='grc' dir='ltr'>τρόπον</span> <span class='ocrx_word' id='word_1_288' title='bbox 539 3570 635 3621; x_wconf 61' lang='grc' dir='ltr'><strong>καὶ⁸</strong></span> <span class='ocrx_word' id='word_1_289' title='bbox 659 3569 688 3621; x_wconf 85' lang='grc' dir='ltr'>ὁ</span> <span class='ocrx_word' id='word_1_290' title='bbox 716 3567 842 3632; x_wconf 85' lang='grc' dir='ltr'>νοῦς</span> <span class='ocrx_word' id='word_1_291' title='bbox 877 3571 942 3640; x_wconf 81' lang='grc' dir='ltr'>τῇ</span> <span class='ocrx_word' id='word_1_292' title='bbox 999 3569 1243 3641; x_wconf 82' lang='grc' dir='ltr'>ἀπραξίᾳ</span> <span class='ocrx_word' id='word_1_293' title='bbox 1292 3570 1401 3623; x_wconf 86' lang='grc' dir='ltr'><strong>τῶν</strong></span> <span class='ocrx_word' id='word_1_294' title='bbox 1448 3570 1754 3641; x_wconf 79' lang='grc' dir='ltr'>αἰσθήσεων</span> 
     </span>
    </p>
   </div>
   <div class='ocr_carea' id='block_1_41' title="bbox 167 3661 1752 3733">
    <p class='ocr_par' dir='ltr' id='par_1_41' title="bbox 167 3661 1752 3733">
     <span class='ocr_line' id='line_1_41' title="bbox 167 3661 1752 3733; baseline -0.001 -16"><span class='ocrx_word' id='word_1_295' title='bbox 167 3662 304 3717; x_wconf 86' lang='grc' dir='ltr'><strong>κατά</strong></span> <span class='ocrx_word' id='word_1_296' title='bbox 345 3662 442 3717; x_wconf 79' lang='grc' dir='ltr'><strong>τὸν</strong></span> <span class='ocrx_word' id='word_1_297' title='bbox 477 3661 651 3715; x_wconf 80' lang='grc' dir='ltr'>ὕπνον</span> <span class='ocrx_word' id='word_1_298' title='bbox 703 3661 1101 3731; x_wconf 76' lang='grc' dir='ltr'>συγκαλυφθεὶς</span> <span class='ocrx_word' id='word_1_299' title='bbox 1125 3704 1139 3728; x_wconf 93' lang='grc'><strong>,</strong></span> <span class='ocrx_word' id='word_1_300' title='bbox 1174 3661 1296 3715; x_wconf 75' lang='grc' dir='ltr'>οὔτε</span> <span class='ocrx_word' id='word_1_301' title='bbox 1347 3662 1651 3733; x_wconf 81' lang='grc' dir='ltr'>ἐκλάμπειν</span> <span class='ocrx_word' id='word_1_302' title='bbox 1683 3663 1752 3716; x_wconf 77' lang='grc' dir='ltr'>δι’</span> 
     </span>
    </p>
   </div>
   <div class='ocr_carea' id='block_1_42' title="bbox 166 3751 1752 3823">
    <p class='ocr_par' dir='ltr' id='par_1_42' title="bbox 166 3751 1752 3823">
     <span class='ocr_line' id='line_1_42' title="bbox 166 3751 1752 3823; baseline 0 -16"><span class='ocrx_word' id='word_1_303' title='bbox 166 3754 343 3808; x_wconf 74' lang='grc' dir='ltr'>αὐτῶν</span> <span class='ocrx_word' id='word_1_304' title='bbox 374 3751 630 3816; x_wconf 86' lang='grc' dir='ltr'>δυνατῶς</span> <span class='ocrx_word' id='word_1_305' title='bbox 656 3751 800 3823; x_wconf 75' lang='grc' dir='ltr'>ἔχει,</span> <span class='ocrx_word' id='word_1_306' title='bbox 831 3751 949 3804; x_wconf 80' lang='grc' dir='ltr'>οὔτε</span> <span class='ocrx_word' id='word_1_307' title='bbox 985 3753 1092 3823; x_wconf 85' lang='grc' dir='ltr'>μὴν</span> <span class='ocrx_word' id='word_1_308' title='bbox 1141 3752 1417 3817; x_wconf 88' lang='grc' dir='ltr'>παντελῶς</span> <span class='ocrx_word' id='word_1_309' title='bbox 1447 3753 1752 3807; x_wconf 76' lang='grc' dir='ltr'>κατασϐέν-</span> 
     </span>
    </p>
   </div>
   <div class='ocr_carea' id='block_1_43' title="bbox 163 3836 1755 3916">
    <p class='ocr_par' dir='ltr' id='par_1_43' title="bbox 163 3836 1755 3916">
     <span class='ocr_line' id='line_1_43' title="bbox 163 3836 1755 3916; baseline -0.001 -19"><span class='ocrx_word' id='word_1_310' title='bbox 163 3860 346 3899; x_wconf 81' lang='grc' dir='ltr'>νυται·</span> <span class='ocrx_word' id='word_1_311' title='bbox 382 3842 506 3897; x_wconf 82' lang='grc' dir='ltr'>ἀλλ’</span> <span class='ocrx_word' id='word_1_312' title='bbox 543 3836 654 3894; x_wconf 85' lang='grc' dir='ltr'>οἷον</span> <span class='ocrx_word' id='word_1_313' title='bbox 680 3840 1010 3904; x_wconf 84' lang='grc' dir='ltr'>καπνοειδῶς</span> <span class='ocrx_word' id='word_1_314' title='bbox 1034 3843 1282 3908; x_wconf 83' lang='grc' dir='ltr'>κινεῖται,</span> <span class='ocrx_word' id='word_1_315' title='bbox 1304 3842 1368 3895; x_wconf 84' lang='grc' dir='ltr'><strong>τὸ</strong></span> <span class='ocrx_word' id='word_1_316' title='bbox 1394 3842 1500 3915; x_wconf 86' lang='grc' dir='ltr'><strong>μέν</strong></span> <span class='ocrx_word' id='word_1_317' title='bbox 1519 3861 1571 3897; x_wconf 88' lang='grc' dir='ltr'><strong>τι</strong></span> <span class='ocrx_word' id='word_1_318' title='bbox 1603 3844 1755 3916; x_wconf 81' lang='grc' dir='ltr'>ἐνερ-</span> 
     </span>
    </p>
   </div>
   <div class='ocr_carea' id='block_1_44' title="bbox 164 3931 1752 4007">
    <p class='ocr_par' dir='ltr' id='par_1_44' title="bbox 164 3931 1752 4007">
     <span class='ocr_line' id='line_1_44' title="bbox 164 3931 1752 4007; baseline 0.002 -21"><span class='ocrx_word' id='word_1_319' title='bbox 164 3934 293 4001; x_wconf 85' lang='grc' dir='ltr'>γῶν,</span> <span class='ocrx_word' id='word_1_320' title='bbox 330 3933 399 3988; x_wconf 80' lang='grc' dir='ltr'>τὸ</span> <span class='ocrx_word' id='word_1_321' title='bbox 440 3933 504 3987; x_wconf 85' lang='grc' dir='ltr'>δὲ</span> <span class='ocrx_word' id='word_1_322' title='bbox 548 3933 612 3985; x_wconf 80' lang='grc' dir='ltr'>οὗ</span> <span class='ocrx_word' id='word_1_323' title='bbox 663 3931 976 4002; x_wconf 90' lang='grc' dir='ltr'>δυνάμενος.</span> <span class='ocrx_word' id='word_1_324' title='bbox 1013 3933 1125 3986; x_wconf 75' lang='grc' dir='ltr'><strong>Καὶ</strong></span> <span class='ocrx_word' id='word_1_325' title='bbox 1158 3932 1344 4007; x_wconf 90' lang='grc' dir='ltr'>ῶσπερ</span> <span class='ocrx_word' id='word_1_326' title='bbox 1363 3951 1445 3997; x_wconf 88' lang='grc' dir='ltr'><strong>τις</strong></span> <span class='ocrx_word' id='word_1_327' title='bbox 1496 3935 1752 4005; x_wconf 83' lang='grc' dir='ltr'>μουσικὸς</span> 
     </span>
    </p>
   </div>
   <div class='ocr_carea' id='block_1_45' title="bbox 166 4022 1754 4096">
    <p class='ocr_par' dir='ltr' id='par_1_45' title="bbox 166 4022 1754 4096">
     <span class='ocr_line' id='line_1_45' title="bbox 166 4022 1754 4096; baseline 0.001 -17"><span class='ocrx_word' id='word_1_328' title='bbox 166 4023 614 4096; x_wconf 76' lang='grc' dir='ltr'>κεχαλασμέναις</span> <span class='ocrx_word' id='word_1_329' title='bbox 644 4024 766 4086; x_wconf 87' lang='grc' dir='ltr'>ταῖς</span> <span class='ocrx_word' id='word_1_330' title='bbox 797 4022 1033 4093; x_wconf 80' lang='grc' dir='ltr'>’χορδαῖς</span> <span class='ocrx_word' id='word_1_331' title='bbox 1075 4022 1174 4092; x_wconf 81' lang='grc' dir='ltr'>τῆς</span> <span class='ocrx_word' id='word_1_332' title='bbox 1206 4023 1373 4095; x_wconf 70' lang='grc' dir='ltr'>λύρας</span> <span class='ocrx_word' id='word_1_333' title='bbox 1409 4024 1662 4096; x_wconf 77' lang='grc' dir='ltr'>ἐμϐαλὼν</span> <span class='ocrx_word' id='word_1_334' title='bbox 1693 4026 1754 4079; x_wconf 79' lang='grc' dir='ltr'><strong>τὸ</strong></span> 
     </span>
    </p>
   </div>
   <div class='ocr_carea' id='block_1_46' title="bbox 164 4112 1752 4188">
    <p class='ocr_par' dir='ltr' id='par_1_46' title="bbox 164 4112 1752 4188">
     <span class='ocr_line' id='line_1_46' title="bbox 164 4112 1752 4188; baseline 0.001 -19"><span class='ocrx_word' id='word_1_335' title='bbox 164 4116 468 4187; x_wconf 80' lang='grc' dir='ltr'>πλῆκτρον,</span> <span class='ocrx_word' id='word_1_336' title='bbox 500 4114 565 4167; x_wconf 83' lang='grc' dir='ltr'>οὐ</span> <span class='ocrx_word' id='word_1_337' title='bbox 593 4113 736 4168; x_wconf 85' lang='grc' dir='ltr'>κατὰ</span> <span class='ocrx_word' id='word_1_338' title='bbox 766 4112 968 4184; x_wconf 80' lang='grc' dir='ltr'>ῥυθμὸν</span> <span class='ocrx_word' id='word_1_339' title='bbox 1000 4114 1231 4184; x_wconf 76' lang='grc' dir='ltr'>προάγει</span> <span class='ocrx_word' id='word_1_340' title='bbox 1255 4115 1315 4169; x_wconf 86' lang='grc' dir='ltr'><strong>τὸ</strong></span> <span class='ocrx_word' id='word_1_341' title='bbox 1342 4116 1525 4181; x_wconf 78' lang='grc' dir='ltr'>μέλος·</span> <span class='ocrx_word' id='word_1_342' title='bbox 1554 4117 1614 4170; x_wconf 85' lang='grc' dir='ltr'><strong>οὐ</strong></span> <span class='ocrx_word' id='word_1_343' title='bbox 1644 4117 1752 4188; x_wconf 85' lang='grc' dir='ltr'>γὰρ</span> 
     </span>
    </p>
   </div>
   <div class='ocr_carea' id='block_1_47' title="bbox 166 4204 1754 4278">
    <p class='ocr_par' dir='ltr' id='par_1_47' title="bbox 166 4204 1754 4278">
     <span class='ocr_line' id='line_1_47' title="bbox 166 4204 1754 4278; baseline 0.003 -21"><span class='ocrx_word' id='word_1_344' title='bbox 166 4205 228 4259; x_wconf 78' lang='grc' dir='ltr'>ἂν</span> <span class='ocrx_word' id='word_1_345' title='bbox 256 4206 322 4259; x_wconf 76' lang='grc' dir='ltr'>τὸ</span> <span class='ocrx_word' id='word_1_346' title='bbox 374 4206 455 4277; x_wconf 82' lang='grc' dir='ltr'>μὴ</span> <span class='ocrx_word' id='word_1_347' title='bbox 518 4204 914 4274; x_wconf 83' lang='grc' dir='ltr'>συντεταμένον</span> <span class='ocrx_word' id='word_1_348' title='bbox 942 4204 1193 4276; x_wconf 81' lang='grc' dir='ltr'>ἠχήσειεν</span> <span class='ocrx_word' id='word_1_349' title='bbox 1225 4221 1239 4235; x_wconf 87' lang='grc'><strong>·</strong></span> <span class='ocrx_word' id='word_1_350' title='bbox 1276 4205 1441 4277; x_wconf 77' lang='grc' dir='ltr'>ἀλλ’ἢ</span> <span class='ocrx_word' id='word_1_351' title='bbox 1486 4206 1583 4277; x_wconf 85' lang='grc' dir='ltr'>μὲν</span> <span class='ocrx_word' id='word_1_352' title='bbox 1634 4208 1754 4278; x_wconf 73' lang='grc' dir='ltr'>χεὶρ</span> 
     </span>
    </p>
   </div>
   <div class='ocr_carea' id='block_1_48' title="bbox 162 4294 1753 4370">
    <p class='ocr_par' dir='ltr' id='par_1_48' title="bbox 162 4294 1753 4370">
     <span class='ocr_line' id='line_1_48' title="bbox 162 4294 1753 4370; baseline 0.003 -21"><span class='ocrx_word' id='word_1_353' title='bbox 162 4297 431 4370; x_wconf 78' lang='grc' dir='ltr'>τεχνικῶς</span> <span class='ocrx_word' id='word_1_354' title='bbox 476 4294 743 4359; x_wconf 86' lang='grc' dir='ltr'>πολλάκις</span> <span class='ocrx_word' id='word_1_355' title='bbox 772 4297 1021 4359; x_wconf 84' lang='grc' dir='ltr'>κινεῖται,</span> <span class='ocrx_word' id='word_1_356' title='bbox 1059 4296 1196 4366; x_wconf 80' lang='grc' dir='ltr'>πρὸς</span> <span class='ocrx_word' id='word_1_357' title='bbox 1219 4296 1316 4368; x_wconf 77' lang='grc' dir='ltr'>τὴν</span> <span class='ocrx_word' id='word_1_358' title='bbox 1344 4298 1573 4370; x_wconf 81' lang='grc' dir='ltr'>τοπικὴν</span> <span class='ocrx_word' id='word_1_359' title='bbox 1604 4298 1753 4353; x_wconf 83' lang='grc' dir='ltr'>θέσιν</span> 
     </span>
    </p>
   </div>
   <div class='ocr_carea' id='block_1_49' title="bbox 1854 463 3426 537">
    <p class='ocr_par' dir='ltr' id='par_1_49' title="bbox 1854 463 3426 537">
     <span class='ocr_line' id='line_1_49' title="bbox 1854 463 3426 537; baseline -0.003 -14"><span class='ocrx_word' id='word_1_360' title='bbox 1854 468 2100 523; x_wconf 84' lang='lat' dir='ltr'><strong>membra</strong></span> <span class='ocrx_word' id='word_1_361' title='bbox 2140 466 2360 537; x_wconf 86' lang='lat' dir='ltr'><strong>singula</strong></span> <span class='ocrx_word' id='word_1_362' title='bbox 2405 464 2665 535; x_wconf 86' lang='lat' dir='ltr'><strong>quiddam</strong></span> <span class='ocrx_word' id='word_1_363' title='bbox 2711 463 3066 534; x_wconf 73' lang='lat' dir='ltr'><strong>peculiariter</strong></span> <span class='ocrx_word' id='word_1_364' title='bbox 3106 478 3206 533; x_wconf 89' lang='lat' dir='ltr'><strong>pro</strong></span> <span class='ocrx_word' id='word_1_365' title='bbox 3254 463 3426 519; x_wconf 88' lang='lat' dir='ltr'><strong>indita</strong></span> 
     </span>
    </p>
   </div>
   <div class='ocr_carea' id='block_1_50' title="bbox 1854 556 3426 633">
    <p class='ocr_par' dir='ltr' id='par_1_50' title="bbox 1854 556 3426 633">
     <span class='ocr_line' id='line_1_50' title="bbox 1854 556 3426 633; baseline -0.003 -18"><span class='ocrx_word' id='word_1_366' title='bbox 1854 560 1995 633; x_wconf 86' lang='lat' dir='ltr'><strong>ipsis</strong></span> <span class='ocrx_word' id='word_1_367' title='bbox 2014 575 2045 614; x_wconf 92' lang='lat' dir='ltr'><strong>a</strong></span> <span class='ocrx_word' id='word_1_368' title='bbox 2069 566 2266 614; x_wconf 89' lang='lat' dir='ltr'><strong>natura</strong></span> <span class='ocrx_word' id='word_1_369' title='bbox 2295 557 2552 614; x_wconf 79' lang='lat' dir='ltr'><strong>facultate</strong></span> <span class='ocrx_word' id='word_1_370' title='bbox 2578 565 2776 627; x_wconf 79' lang='lat' dir='ltr'><strong>agant:</strong></span> <span class='ocrx_word' id='word_1_371' title='bbox 2811 563 2992 612; x_wconf 90' lang='lat' dir='ltr'><strong>tamen</strong></span> <span class='ocrx_word' id='word_1_372' title='bbox 3016 556 3196 627; x_wconf 88' lang='lat' dir='ltr'><strong>aliqua</strong></span> <span class='ocrx_word' id='word_1_373' title='bbox 3226 557 3426 613; x_wconf 84' lang='lat' dir='ltr'><strong>existat</strong></span> 
     </span>
    </p>
   </div>
   <div class='ocr_carea' id='block_1_51' title="bbox 1854 647 3421 722">
    <p class='ocr_par' dir='ltr' id='par_1_51' title="bbox 1854 647 3421 722">
     <span class='ocr_line' id='line_1_51' title="bbox 1854 647 3421 722; baseline -0.003 -16"><span class='ocrx_word' id='word_1_374' title='bbox 1854 653 2027 722; x_wconf 90' lang='lat' dir='ltr'><strong>partis</strong></span> <span class='ocrx_word' id='word_1_375' title='bbox 2064 650 2419 722; x_wconf 76' lang='lat' dir='ltr'><strong>quiescentis,</strong></span> <span class='ocrx_word' id='word_1_376' title='bbox 2458 647 2678 721; x_wconf 81' lang='lat' dir='ltr'><strong>adeam</strong></span> <span class='ocrx_word' id='word_1_377' title='bbox 2715 662 2837 717; x_wconf 82' lang='lat' dir='ltr'><strong>quae</strong></span> <span class='ocrx_word' id='word_1_378' title='bbox 2863 656 3132 716; x_wconf 81' lang='lat' dir='ltr'><strong>movetur,</strong></span> <span class='ocrx_word' id='word_1_379' title='bbox 3168 647 3421 703; x_wconf 75' lang='lat' dir='ltr'><strong>affectio:</strong></span> 
     </span>
    </p>
   </div>
   <div class='ocr_carea' id='block_1_52' title="bbox 1854 739 3427 814">
    <p class='ocr_par' dir='ltr' id='par_1_52' title="bbox 1854 739 3427 814">
     <span class='ocr_line' id='line_1_52' title="bbox 1854 739 3427 814; baseline -0.004 -15"><span class='ocrx_word' id='word_1_380' title='bbox 1854 744 2042 800; x_wconf 85' lang='lat' dir='ltr'><strong>eadem</strong></span> <span class='ocrx_word' id='word_1_381' title='bbox 2091 742 2303 797; x_wconf 86' lang='lat' dir='ltr'><strong>ratione</strong></span> <span class='ocrx_word' id='word_1_382' title='bbox 2354 741 2410 814; x_wconf 82' lang='lat' dir='ltr'><strong>in</strong></span> <span class='ocrx_word' id='word_1_383' title='bbox 2442 740 2629 795; x_wconf 90' lang='lat' dir='ltr'><strong>animo</strong></span> <span class='ocrx_word' id='word_1_384' title='bbox 2665 739 2827 795; x_wconf 90' lang='lat' dir='ltr'><strong>etiam</strong></span> <span class='ocrx_word' id='word_1_385' title='bbox 2874 740 3151 804; x_wconf 88' lang='lat' dir='ltr'><strong>usuvenit,</strong></span> <span class='ocrx_word' id='word_1_386' title='bbox 3202 747 3260 793; x_wconf 87' lang='lat' dir='ltr'><strong>ut</strong></span> <span class='ocrx_word' id='word_1_387' title='bbox 3298 739 3427 794; x_wconf 89' lang='lat' dir='ltr'><strong>licet</strong></span> 
     </span>
    </p>
   </div>
   <div class='ocr_carea' id='block_1_53' title="bbox 1855 831 3427 905">
    <p class='ocr_par' dir='ltr' id='par_1_53' title="bbox 1855 831 3427 905">
     <span class='ocr_line' id='line_1_53' title="bbox 1855 831 3427 905; baseline -0.003 -17"><span class='ocrx_word' id='word_1_388' title='bbox 1855 849 1984 905; x_wconf 88' lang='lat' dir='ltr'><strong>pars</strong></span> <span class='ocrx_word' id='word_1_389' title='bbox 2008 834 2128 903; x_wconf 86' lang='lat' dir='ltr'><strong>ejus</strong></span> <span class='ocrx_word' id='word_1_390' title='bbox 2152 833 2268 889; x_wconf 84' lang='lat' dir='ltr'><strong>haec</strong></span> <span class='ocrx_word' id='word_1_391' title='bbox 2295 832 2566 903; x_wconf 85' lang='lat' dir='ltr'><strong>quiescat,</strong></span> <span class='ocrx_word' id='word_1_392' title='bbox 2602 831 2773 886; x_wconf 89' lang='lat' dir='ltr'><strong>altera</strong></span> <span class='ocrx_word' id='word_1_393' title='bbox 2804 838 3117 887; x_wconf 81' lang='lat' dir='ltr'><strong>moveatur:</strong></span> <span class='ocrx_word' id='word_1_394' title='bbox 3154 831 3320 887; x_wconf 89' lang='lat' dir='ltr'><strong>totius</strong></span> <span class='ocrx_word' id='word_1_395' title='bbox 3343 840 3427 884; x_wconf 89' lang='lat' dir='ltr'><strong>ta-</strong></span> 
     </span>
    </p>
   </div>
   <div class='ocr_carea' id='block_1_54' title="bbox 1854 922 3425 994">
    <p class='ocr_par' dir='ltr' id='par_1_54' title="bbox 1854 922 3425 994">
     <span class='ocr_line' id='line_1_54' title="bbox 1854 922 3425 994; baseline -0.001 -15"><span class='ocrx_word' id='word_1_396' title='bbox 1854 939 1978 979; x_wconf 90' lang='lat' dir='ltr'><strong>men</strong></span> <span class='ocrx_word' id='word_1_397' title='bbox 2027 924 2094 980; x_wconf 90' lang='lat' dir='ltr'><strong>ad</strong></span> <span class='ocrx_word' id='word_1_398' title='bbox 2133 933 2341 994; x_wconf 86' lang='lat' dir='ltr'><strong>partem</strong></span> <span class='ocrx_word' id='word_1_399' title='bbox 2382 922 2596 978; x_wconf 79' lang='lat' dir='ltr'><strong>affectio</strong></span> <span class='ocrx_word' id='word_1_400' title='bbox 2645 923 2890 993; x_wconf 62' lang='lat' dir='ltr'><strong>quaedam</strong></span> <span class='ocrx_word' id='word_1_401' title='bbox 2938 932 3171 978; x_wconf 86' lang='lat' dir='ltr'><strong>maneat.</strong></span> <span class='ocrx_word' id='word_1_402' title='bbox 3212 922 3425 993; x_wconf 87' lang='lat' dir='ltr'><strong>Nequa-</strong></span> 
     </span>
    </p>
   </div>
   <div class='ocr_carea' id='block_1_55' title="bbox 1855 1012 3426 1084">
    <p class='ocr_par' dir='ltr' id='par_1_55' title="bbox 1855 1012 3426 1084">
     <span class='ocr_line' id='line_1_55' title="bbox 1855 1012 3426 1084; baseline 0 -15"><span class='ocrx_word' id='word_1_403' title='bbox 1855 1030 2021 1084; x_wconf 87' lang='lat' dir='ltr'><strong>quam</strong></span> <span class='ocrx_word' id='word_1_404' title='bbox 2053 1015 2199 1070; x_wconf 89' lang='lat' dir='ltr'><strong>enim</strong></span> <span class='ocrx_word' id='word_1_405' title='bbox 2236 1016 2351 1070; x_wconf 88' lang='lat' dir='ltr'><strong>fieri</strong></span> <span class='ocrx_word' id='word_1_406' title='bbox 2382 1022 2578 1084; x_wconf 87' lang='lat' dir='ltr'><strong>potest,</strong></span> <span class='ocrx_word' id='word_1_407' title='bbox 2617 1019 2674 1067; x_wconf 93' lang='lat' dir='ltr'><strong>ut</strong></span> <span class='ocrx_word' id='word_1_408' title='bbox 2704 1012 2972 1069; x_wconf 86' lang='lat' dir='ltr'><strong>naturalis</strong></span> <span class='ocrx_word' id='word_1_409' title='bbox 2996 1014 3172 1069; x_wconf 91' lang='lat' dir='ltr'><strong>unitio</strong></span> <span class='ocrx_word' id='word_1_410' title='bbox 3198 1024 3426 1083; x_wconf 84' lang='lat' dir='ltr'><strong>prorsus</strong></span> 
     </span>
    </p>
   </div>
   <div class='ocr_carea' id='block_1_56' title="bbox 1855 1104 3425 1176">
    <p class='ocr_par' dir='ltr' id='par_1_56' title="bbox 1855 1104 3425 1176">
     <span class='ocr_line' id='line_1_56' title="bbox 1855 1104 3425 1176; baseline 0 -16"><span class='ocrx_word' id='word_1_411' title='bbox 1855 1105 2208 1169; x_wconf 84' lang='lat' dir='ltr'><strong>dissolvatur,</strong></span> <span class='ocrx_word' id='word_1_412' title='bbox 2248 1105 2463 1161; x_wconf 88' lang='lat' dir='ltr'><strong>etiamsi</strong></span> <span class='ocrx_word' id='word_1_413' title='bbox 2502 1105 2750 1176; x_wconf 76' lang='lat' dir='ltr'><strong>qutedam</strong></span> <span class='ocrx_word' id='word_1_414' title='bbox 2790 1106 2844 1159; x_wconf 92' lang='lat' dir='ltr'><strong>in</strong></span> <span class='ocrx_word' id='word_1_415' title='bbox 2875 1104 3036 1161; x_wconf 91' lang='lat' dir='ltr'><strong>nobis</strong></span> <span class='ocrx_word' id='word_1_416' title='bbox 3064 1104 3296 1161; x_wconf 81' lang='lat' dir='ltr'><strong>facultas</strong></span> <span class='ocrx_word' id='word_1_417' title='bbox 3323 1107 3425 1160; x_wconf 87' lang='lat' dir='ltr'><strong>ali-</strong></span> 
     </span>
    </p>
   </div>
   <div class='ocr_carea' id='block_1_57' title="bbox 1855 1196 3422 1268">
    <p class='ocr_par' dir='ltr' id='par_1_57' title="bbox 1855 1196 3422 1268">
     <span class='ocr_line' id='line_1_57' title="bbox 1855 1196 3422 1268; baseline 0 -17"><span class='ocrx_word' id='word_1_418' title='bbox 1855 1198 2075 1268; x_wconf 89' lang='lat' dir='ltr'><strong>quando</strong></span> <span class='ocrx_word' id='word_1_419' title='bbox 2112 1197 2325 1253; x_wconf 69' lang='lat' dir='ltr'><strong>caateris</strong></span> <span class='ocrx_word' id='word_1_420' title='bbox 2373 1196 2566 1267; x_wconf 86' lang='lat' dir='ltr'><strong>agendi</strong></span> <span class='ocrx_word' id='word_1_421' title='bbox 2615 1198 2668 1251; x_wconf 92' lang='lat' dir='ltr'><strong>vi</strong></span> <span class='ocrx_word' id='word_1_422' title='bbox 2718 1204 2773 1252; x_wconf 89' lang='lat' dir='ltr'><strong>et</strong></span> <span class='ocrx_word' id='word_1_423' title='bbox 2809 1196 3129 1253; x_wconf 77' lang='lat' dir='ltr'><strong>eﬁicacitate</strong></span> <span class='ocrx_word' id='word_1_424' title='bbox 3181 1205 3422 1266; x_wconf 68' lang='lat' dir='ltr'><strong>praestet.</strong></span> 
     </span>
    </p>
   </div>
   <div class='ocr_carea' id='block_1_58' title="bbox 1854 1287 3427 1359">
    <p class='ocr_par' dir='ltr' id='par_1_58' title="bbox 1854 1287 3427 1359">
     <span class='ocr_line' id='line_1_58' title="bbox 1854 1287 3427 1359; baseline 0.001 -17"><span class='ocrx_word' id='word_1_425' title='bbox 1854 1288 2147 1343; x_wconf 87' lang='lat' dir='ltr'><strong>Enimvero</strong></span> <span class='ocrx_word' id='word_1_426' title='bbox 2190 1295 2251 1343; x_wconf 88' lang='lat' dir='ltr'><strong>ut</strong></span> <span class='ocrx_word' id='word_1_427' title='bbox 2298 1288 2458 1343; x_wconf 89' lang='lat' dir='ltr'><strong>nobis</strong></span> <span class='ocrx_word' id='word_1_428' title='bbox 2500 1287 2855 1358; x_wconf 86' lang='lat' dir='ltr'><strong>vigilantibus</strong></span> <span class='ocrx_word' id='word_1_429' title='bbox 2900 1297 2955 1345; x_wconf 86' lang='lat' dir='ltr'><strong>et</strong></span> <span class='ocrx_word' id='word_1_430' title='bbox 3003 1287 3213 1359; x_wconf 81' lang='lat' dir='ltr'><strong>agendo</strong></span> <span class='ocrx_word' id='word_1_431' title='bbox 3261 1302 3427 1344; x_wconf 92' lang='lat' dir='ltr'><strong>occu-</strong></span> 
     </span>
    </p>
   </div>
   <div class='ocr_carea' id='block_1_59' title="bbox 1858 1379 3424 1450">
    <p class='ocr_par' dir='ltr' id='par_1_59' title="bbox 1858 1379 3424 1450">
     <span class='ocr_line' id='line_1_59' title="bbox 1858 1379 3424 1450; baseline 0.001 -18"><span class='ocrx_word' id='word_1_432' title='bbox 1858 1379 1999 1448; x_wconf 85' lang='lat' dir='ltr'><strong>patis</strong></span> <span class='ocrx_word' id='word_1_433' title='bbox 2029 1379 2304 1449; x_wconf 83' lang='lat' dir='ltr'><strong>praecipua</strong></span> <span class='ocrx_word' id='word_1_434' title='bbox 2332 1380 2534 1435; x_wconf 89' lang='lat' dir='ltr'><strong>mentis</strong></span> <span class='ocrx_word' id='word_1_435' title='bbox 2558 1390 2640 1435; x_wconf 91' lang='lat' dir='ltr'><strong>est</strong></span> <span class='ocrx_word' id='word_1_436' title='bbox 2667 1388 2932 1450; x_wconf 87' lang='lat' dir='ltr'><strong>potestas,</strong></span> <span class='ocrx_word' id='word_1_437' title='bbox 2964 1381 3215 1437; x_wconf 75' lang='lat' dir='ltr'><strong>minister</strong></span> <span class='ocrx_word' id='word_1_438' title='bbox 3241 1390 3424 1436; x_wconf 89' lang='lat' dir='ltr'><strong>autem</strong></span> 
     </span>
    </p>
   </div>
   <div class='ocr_carea' id='block_1_60' title="bbox 1856 1470 3427 1542">
    <p class='ocr_par' dir='ltr' id='par_1_60' title="bbox 1856 1470 3427 1542">
     <span class='ocr_line' id='line_1_60' title="bbox 1856 1470 3427 1542; baseline 0.003 -20"><span class='ocrx_word' id='word_1_439' title='bbox 1856 1470 2056 1525; x_wconf 87' lang='lat' dir='ltr'><strong>mentis</strong></span> <span class='ocrx_word' id='word_1_440' title='bbox 2084 1477 2168 1524; x_wconf 89' lang='lat' dir='ltr'><strong>est</strong></span> <span class='ocrx_word' id='word_1_441' title='bbox 2207 1485 2437 1525; x_wconf 84' lang='lat' dir='ltr'><strong>sensus:</strong></span> <span class='ocrx_word' id='word_1_442' title='bbox 2484 1485 2661 1539; x_wconf 87' lang='lat' dir='ltr'><strong>neque</strong></span> <span class='ocrx_word' id='word_1_443' title='bbox 2687 1470 2922 1527; x_wconf 79' lang='lat' dir='ltr'><strong>facultas</strong></span> <span class='ocrx_word' id='word_1_444' title='bbox 2953 1486 3074 1542; x_wconf 87' lang='lat' dir='ltr'><strong>quae</strong></span> <span class='ocrx_word' id='word_1_445' title='bbox 3096 1487 3295 1542; x_wconf 90' lang='lat' dir='ltr'><strong>corpus</strong></span> <span class='ocrx_word' id='word_1_446' title='bbox 3323 1487 3427 1527; x_wconf 89' lang='lat' dir='ltr'><strong>nu-</strong></span> 
     </span>
    </p>
   </div>
   <div class='ocr_carea' id='block_1_61' title="bbox 1854 1559 3426 1634">
    <p class='ocr_par' dir='ltr' id='par_1_61' title="bbox 1854 1559 3426 1634">
     <span class='ocr_line' id='line_1_61' title="bbox 1854 1559 3426 1634; baseline 0.004 -22"><span class='ocrx_word' id='word_1_447' title='bbox 1854 1560 1970 1625; x_wconf 88' lang='lat' dir='ltr'><strong>trit,</strong></span> <span class='ocrx_word' id='word_1_448' title='bbox 2009 1560 2337 1614; x_wconf 79' lang='lat' dir='ltr'><strong>excluditur.</strong></span> <span class='ocrx_word' id='word_1_449' title='bbox 2361 1559 2513 1618; x_wconf 80' lang='lat' dir='ltr'><strong>Mens</strong></span> <span class='ocrx_word' id='word_1_450' title='bbox 2539 1562 2693 1617; x_wconf 86' lang='lat' dir='ltr'><strong>enim</strong></span> <span class='ocrx_word' id='word_1_451' title='bbox 2715 1562 2979 1618; x_wconf 88' lang='lat' dir='ltr'><strong>rationem</strong></span> <span class='ocrx_word' id='word_1_452' title='bbox 3015 1563 3296 1634; x_wconf 84' lang='lat' dir='ltr'><strong>apiscendi</strong></span> <span class='ocrx_word' id='word_1_453' title='bbox 3328 1579 3426 1619; x_wconf 89' lang='lat' dir='ltr'><strong>ne-</strong></span> 
     </span>
    </p>
   </div>
   <div class='ocr_carea' id='block_1_62' title="bbox 1857 1651 3426 1726">
    <p class='ocr_par' dir='ltr' id='par_1_62' title="bbox 1857 1651 3426 1726">
     <span class='ocr_line' id='line_1_62' title="bbox 1857 1651 3426 1726; baseline 0.002 -20"><span class='ocrx_word' id='word_1_454' title='bbox 1857 1651 2081 1707; x_wconf 87' lang='lat' dir='ltr'><strong>cessarii</strong></span> <span class='ocrx_word' id='word_1_455' title='bbox 2127 1652 2366 1707; x_wconf 90' lang='lat' dir='ltr'><strong>alimenti</strong></span> <span class='ocrx_word' id='word_1_456' title='bbox 2395 1652 2654 1718; x_wconf 85' lang='lat' dir='ltr'><strong>ostendit,</strong></span> <span class='ocrx_word' id='word_1_457' title='bbox 2691 1670 2888 1710; x_wconf 84' lang='lat' dir='ltr'><strong>sensus</strong></span> <span class='ocrx_word' id='word_1_458' title='bbox 2917 1654 3063 1725; x_wconf 84' lang='lat' dir='ltr'><strong>quod</strong></span> <span class='ocrx_word' id='word_1_459' title='bbox 3101 1663 3186 1712; x_wconf 91' lang='lat' dir='ltr'><strong>est</strong></span> <span class='ocrx_word' id='word_1_460' title='bbox 3206 1669 3426 1726; x_wconf 81' lang='lat' dir='ltr'><strong>compa-</strong></span> 
     </span>
    </p>
   </div>
   <div class='ocr_carea' id='block_1_63' title="bbox 1860 1742 3425 1816">
    <p class='ocr_par' dir='ltr' id='par_1_63' title="bbox 1860 1742 3425 1816">
     <span class='ocr_line' id='line_1_63' title="bbox 1860 1742 3425 1816; baseline 0.003 -19"><span class='ocrx_word' id='word_1_461' title='bbox 1860 1751 2035 1797; x_wconf 89' lang='lat' dir='ltr'><strong>ratum</strong></span> <span class='ocrx_word' id='word_1_462' title='bbox 2065 1742 2282 1812; x_wconf 88' lang='lat' dir='ltr'><strong>recipit,</strong></span> <span class='ocrx_word' id='word_1_463' title='bbox 2330 1743 2563 1799; x_wconf 85' lang='lat' dir='ltr'><strong>facultas</strong></span> <span class='ocrx_word' id='word_1_464' title='bbox 2595 1744 2832 1816; x_wconf 87' lang='lat' dir='ltr'><strong>denique</strong></span> <span class='ocrx_word' id='word_1_465' title='bbox 2869 1746 3120 1802; x_wconf 89' lang='lat' dir='ltr'><strong>nutriens</strong></span> <span class='ocrx_word' id='word_1_466' title='bbox 3165 1762 3324 1801; x_wconf 92' lang='lat' dir='ltr'><strong>suum</strong></span> <span class='ocrx_word' id='word_1_467' title='bbox 3368 1748 3425 1801; x_wconf 92' lang='lat' dir='ltr'><strong>in</strong></span> 
     </span>
    </p>
   </div>
   <div class='ocr_carea' id='block_1_64' title="bbox 1858 1832 3429 1908">
    <p class='ocr_par' dir='ltr' id='par_1_64' title="bbox 1858 1832 3429 1908">
     <span class='ocr_line' id='line_1_64' title="bbox 1858 1832 3429 1908; baseline 0.004 -22"><span class='ocrx_word' id='word_1_468' title='bbox 1858 1848 2017 1887; x_wconf 90' lang='lat' dir='ltr'><strong>usum</strong></span> <span class='ocrx_word' id='word_1_469' title='bbox 2062 1835 2241 1888; x_wconf 85' lang='lat' dir='ltr'><strong>vertit.</strong></span> <span class='ocrx_word' id='word_1_470' title='bbox 2281 1832 2372 1889; x_wconf 90' lang='lat' dir='ltr'><strong>Sic</strong></span> <span class='ocrx_word' id='word_1_471' title='bbox 2403 1850 2499 1905; x_wconf 86' lang='lat' dir='ltr'><strong>per</strong></span> <span class='ocrx_word' id='word_1_472' title='bbox 2532 1850 2787 1891; x_wconf 87' lang='lat' dir='ltr'><strong>somnum</strong></span> <span class='ocrx_word' id='word_1_473' title='bbox 2835 1837 3176 1908; x_wconf 85' lang='lat' dir='ltr'><strong>principatus</strong></span> <span class='ocrx_word' id='word_1_474' title='bbox 3204 1837 3429 1893; x_wconf 84' lang='lat' dir='ltr'><strong>faculta-</strong></span> 
     </span>
    </p>
   </div>
   <div class='ocr_carea' id='block_1_65' title="bbox 1858 1919 3424 1994">
    <p class='ocr_par' dir='ltr' id='par_1_65' title="bbox 1858 1919 3424 1994">
     <span class='ocr_line' id='line_1_65' title="bbox 1858 1919 3424 1994; baseline 0.008 -22"><span class='ocrx_word' id='word_1_475' title='bbox 1858 1927 1974 1973; x_wconf 90' lang='lat' dir='ltr'><strong>tum</strong></span> <span class='ocrx_word' id='word_1_476' title='bbox 2001 1919 2055 1973; x_wconf 92' lang='lat' dir='ltr'><strong>in</strong></span> <span class='ocrx_word' id='word_1_477' title='bbox 2088 1921 2247 1976; x_wconf 87' lang='lat' dir='ltr'><strong>nobis</strong></span> <span class='ocrx_word' id='word_1_478' title='bbox 2272 1922 2509 1992; x_wconf 91' lang='lat' dir='ltr'><strong>quodam</strong></span> <span class='ocrx_word' id='word_1_479' title='bbox 2537 1924 2698 1979; x_wconf 91' lang='lat' dir='ltr'><strong>modo</strong></span> <span class='ocrx_word' id='word_1_480' title='bbox 2737 1935 3096 1994; x_wconf 87' lang='lat' dir='ltr'><strong>permutatur.</strong></span> <span class='ocrx_word' id='word_1_481' title='bbox 3129 1927 3264 1982; x_wconf 81' lang='lat' dir='ltr'><strong>Nam</strong></span> <span class='ocrx_word' id='word_1_482' title='bbox 3298 1943 3424 1983; x_wconf 92' lang='lat' dir='ltr'><strong>cum</strong></span> 
     </span>
    </p>
   </div>
   <div class='ocr_carea' id='block_1_66' title="bbox 1858 2012 3425 2086">
    <p class='ocr_par' dir='ltr' id='par_1_66' title="bbox 1858 2012 3425 2086">
     <span class='ocr_line' id='line_1_66' title="bbox 1858 2012 3425 2086; baseline 0.008 -25"><span class='ocrx_word' id='word_1_483' title='bbox 1858 2022 2025 2078; x_wconf 86' lang='lat' dir='ltr'><strong>penes</strong></span> <span class='ocrx_word' id='word_1_484' title='bbox 2078 2017 2288 2079; x_wconf 86' lang='lat' dir='ltr'><strong>partem</strong></span> <span class='ocrx_word' id='word_1_485' title='bbox 2333 2012 2546 2067; x_wconf 88' lang='lat' dir='ltr'><strong>ratione</strong></span> <span class='ocrx_word' id='word_1_486' title='bbox 2580 2027 2691 2067; x_wconf 89' lang='lat' dir='ltr'><strong>non</strong></span> <span class='ocrx_word' id='word_1_487' title='bbox 2741 2021 2984 2070; x_wconf 87' lang='lat' dir='ltr'><strong>utentem</strong></span> <span class='ocrx_word' id='word_1_488' title='bbox 3040 2025 3280 2086; x_wconf 82' lang='lat' dir='ltr'><strong>potestas</strong></span> <span class='ocrx_word' id='word_1_489' title='bbox 3330 2020 3425 2082; x_wconf 85' lang='lat' dir='ltr'><strong>sit,</strong></span> 
     </span>
    </p>
   </div>
   <div class='ocr_carea' id='block_1_67' title="bbox 1858 2097 3429 2174">
    <p class='ocr_par' dir='ltr' id='par_1_67' title="bbox 1858 2097 3429 2174">
     <span class='ocr_line' id='line_1_67' title="bbox 1858 2097 3429 2174; baseline 0.008 -21"><span class='ocrx_word' id='word_1_490' title='bbox 1858 2097 2178 2156; x_wconf 87' lang='lat' dir='ltr'><strong>facultatum</strong></span> <span class='ocrx_word' id='word_1_491' title='bbox 2220 2102 2429 2158; x_wconf 79' lang='lat' dir='ltr'><strong>scilicet</strong></span> <span class='ocrx_word' id='word_1_492' title='bbox 2457 2103 2626 2157; x_wconf 87' lang='lat' dir='ltr'><strong>animi</strong></span> <span class='ocrx_word' id='word_1_493' title='bbox 2659 2104 2991 2174; x_wconf 89' lang='lat' dir='ltr'><strong>reliquarum</strong></span> <span class='ocrx_word' id='word_1_494' title='bbox 3032 2108 3278 2165; x_wconf 85' lang='lat' dir='ltr'><strong>actiones</strong></span> <span class='ocrx_word' id='word_1_495' title='bbox 3307 2124 3429 2166; x_wconf 90' lang='lat' dir='ltr'><strong>ces-</strong></span> 
     </span>
    </p>
   </div>
   <div class='ocr_carea' id='block_1_68' title="bbox 1858 2192 3431 2268">
    <p class='ocr_par' dir='ltr' id='par_1_68' title="bbox 1858 2192 3431 2268">
     <span class='ocr_line' id='line_1_68' title="bbox 1858 2192 3431 2268; baseline 0.004 -21"><span class='ocrx_word' id='word_1_496' title='bbox 1858 2199 1983 2247; x_wconf 83' lang='lat' dir='ltr'><strong>sant</strong></span> <span class='ocrx_word' id='word_1_497' title='bbox 2030 2192 2271 2262; x_wconf 89' lang='lat' dir='ltr'><strong>quidem,</strong></span> <span class='ocrx_word' id='word_1_498' title='bbox 2321 2202 2376 2249; x_wconf 86' lang='lat' dir='ltr'><strong>at</strong></span> <span class='ocrx_word' id='word_1_499' title='bbox 2426 2208 2537 2249; x_wconf 90' lang='lat' dir='ltr'><strong>non</strong></span> <span class='ocrx_word' id='word_1_500' title='bbox 2588 2209 2815 2264; x_wconf 82' lang='lat' dir='ltr'><strong>prorsus</strong></span> <span class='ocrx_word' id='word_1_501' title='bbox 2862 2198 3309 2268; x_wconf 79' lang='lat' dir='ltr'><strong>exstinguuntur.</strong></span> <span class='ocrx_word' id='word_1_502' title='bbox 3364 2199 3431 2254; x_wconf 87' lang='lat' dir='ltr'><strong>Et</strong></span> 
     </span>
    </p>
   </div>
   <div class='ocr_carea' id='block_1_69' title="bbox 1857 2285 3428 2356">
    <p class='ocr_par' dir='ltr' id='par_1_69' title="bbox 1857 2285 3428 2356">
     <span class='ocr_line' id='line_1_69' title="bbox 1857 2285 3428 2356; baseline 0.007 -19"><span class='ocrx_word' id='word_1_503' title='bbox 1857 2285 2109 2353; x_wconf 86' lang='lat' dir='ltr'><strong>quamvis</strong></span> <span class='ocrx_word' id='word_1_504' title='bbox 2136 2300 2202 2341; x_wconf 90' lang='lat' dir='ltr'><strong>eo</strong></span> <span class='ocrx_word' id='word_1_505' title='bbox 2242 2293 2485 2356; x_wconf 86' lang='lat' dir='ltr'><strong>tempore</strong></span> <span class='ocrx_word' id='word_1_506' title='bbox 2525 2285 2757 2343; x_wconf 86' lang='lat' dir='ltr'><strong>facultas</strong></span> <span class='ocrx_word' id='word_1_507' title='bbox 2794 2289 3060 2345; x_wconf 80' lang='lat' dir='ltr'><strong>nutriens</strong></span> <span class='ocrx_word' id='word_1_508' title='bbox 3085 2294 3428 2347; x_wconf 88' lang='lat' dir='ltr'><strong>concoctioni</strong></span> 
     </span>
    </p>
   </div>
   <div class='ocr_carea' id='block_1_70' title="bbox 1857 2376 3421 2455">
    <p class='ocr_par' dir='ltr' id='par_1_70' title="bbox 1857 2376 3421 2455">
     <span class='ocr_line' id='line_1_70' title="bbox 1857 2376 3421 2455; baseline 0.007 -24"><span class='ocrx_word' id='word_1_509' title='bbox 1857 2376 2104 2431; x_wconf 88' lang='lat' dir='ltr'><strong>cibormn</strong></span> <span class='ocrx_word' id='word_1_510' title='bbox 2136 2377 2344 2432; x_wconf 90' lang='lat' dir='ltr'><strong>intenta</strong></span> <span class='ocrx_word' id='word_1_511' title='bbox 2371 2380 2462 2443; x_wconf 89' lang='lat' dir='ltr'><strong>sit,</strong></span> <span class='ocrx_word' id='word_1_512' title='bbox 2495 2380 2812 2449; x_wconf 83' lang='lat' dir='ltr'><strong>adjumento</strong></span> <span class='ocrx_word' id='word_1_513' title='bbox 2838 2383 3017 2439; x_wconf 91' lang='lat' dir='ltr'><strong>somni</strong></span> <span class='ocrx_word' id='word_1_514' title='bbox 3051 2384 3421 2455; x_wconf 63' lang='lat' dir='ltr'><strong>perﬁciendae,</strong></span> 
     </span>
    </p>
   </div>
   <div class='ocr_carea' id='block_1_71' title="bbox 1857 2468 3427 2544">
    <p class='ocr_par' dir='ltr' id='par_1_71' title="bbox 1857 2468 3427 2544">
     <span class='ocr_line' id='line_1_71' title="bbox 1857 2468 3427 2544; baseline 0.004 -20"><span class='ocrx_word' id='word_1_515' title='bbox 1857 2468 2102 2540; x_wconf 80' lang='lat' dir='ltr'><strong>adeoque</strong></span> <span class='ocrx_word' id='word_1_516' title='bbox 2133 2469 2188 2523; x_wconf 92' lang='lat' dir='ltr'><strong>in</strong></span> <span class='ocrx_word' id='word_1_517' title='bbox 2228 2469 2331 2524; x_wconf 91' lang='lat' dir='ltr'><strong>hac</strong></span> <span class='ocrx_word' id='word_1_518' title='bbox 2364 2470 2620 2527; x_wconf 89' lang='lat' dir='ltr'><strong>universa</strong></span> <span class='ocrx_word' id='word_1_519' title='bbox 2649 2482 2844 2528; x_wconf 87' lang='lat' dir='ltr'><strong>natura</strong></span> <span class='ocrx_word' id='word_1_520' title='bbox 2876 2483 3175 2544; x_wconf 84' lang='lat' dir='ltr'><strong>occupetur</strong></span> <span class='ocrx_word' id='word_1_521' title='bbox 3201 2493 3214 2529; x_wconf 93' lang='lat'><strong>:</strong></span> <span class='ocrx_word' id='word_1_522' title='bbox 3245 2474 3427 2531; x_wconf 82' lang='lat' dir='ltr'><strong>tamen</strong></span> 
     </span>
    </p>
   </div>
   <div class='ocr_carea' id='block_1_72' title="bbox 1858 2560 3431 2630">
    <p class='ocr_par' dir='ltr' id='par_1_72' title="bbox 1858 2560 3431 2630">
     <span class='ocr_line' id='line_1_72' title="bbox 1858 2560 3431 2630; baseline 0.006 -16"><span class='ocrx_word' id='word_1_523' title='bbox 1858 2568 1918 2614; x_wconf 91' lang='lat' dir='ltr'><strong>ut</strong></span> <span class='ocrx_word' id='word_1_524' title='bbox 1943 2560 2101 2630; x_wconf 86' lang='lat' dir='ltr'><strong>plane</strong></span> <span class='ocrx_word' id='word_1_525' title='bbox 2130 2561 2198 2616; x_wconf 90' lang='lat' dir='ltr'><strong>ab</strong></span> <span class='ocrx_word' id='word_1_526' title='bbox 2225 2560 2330 2616; x_wconf 89' lang='lat' dir='ltr'><strong>hac</strong></span> <span class='ocrx_word' id='word_1_527' title='bbox 2362 2562 2607 2619; x_wconf 87' lang='lat' dir='ltr'><strong>sentiens</strong></span> <span class='ocrx_word' id='word_1_528' title='bbox 2637 2563 2866 2621; x_wconf 86' lang='lat' dir='ltr'><strong>facultas</strong></span> <span class='ocrx_word' id='word_1_529' title='bbox 2896 2573 3011 2620; x_wconf 93' lang='lat' dir='ltr'><strong>tum</strong></span> <span class='ocrx_word' id='word_1_530' title='bbox 3045 2582 3150 2622; x_wconf 89' lang='lat' dir='ltr'><strong>non</strong></span> <span class='ocrx_word' id='word_1_531' title='bbox 3177 2569 3431 2626; x_wconf 83' lang='lat' dir='ltr'><strong>avellitur</strong></span> 
     </span>
    </p>
   </div>
   <div class='ocr_carea' id='block_1_73' title="bbox 1862 2651 3486 2730">
    <p class='ocr_par' dir='ltr' id='par_1_73' title="bbox 1862 2651 3486 2730">
     <span class='ocr_line' id='line_1_73' title="bbox 1862 2651 3486 2730; baseline 0.006 -25"><span class='ocrx_word' id='word_1_532' title='bbox 1862 2651 2104 2723; x_wconf 84' lang='lat' dir='ltr'><strong>(quando</strong></span> <span class='ocrx_word' id='word_1_533' title='bbox 2124 2667 2245 2722; x_wconf 75' lang='lat' dir='ltr'><strong>quae</strong></span> <span class='ocrx_word' id='word_1_534' title='bbox 2273 2663 2466 2708; x_wconf 87' lang='lat' dir='ltr'><strong>natura</strong></span> <span class='ocrx_word' id='word_1_535' title='bbox 2495 2655 2836 2721; x_wconf 87' lang='lat' dir='ltr'><strong>coaluerunt,</strong></span> <span class='ocrx_word' id='word_1_536' title='bbox 2877 2656 3111 2729; x_wconf 84' lang='lat' dir='ltr'><strong>disjungi</strong></span> <span class='ocrx_word' id='word_1_537' title='bbox 3142 2674 3251 2714; x_wconf 91' lang='lat' dir='ltr'><strong>non</strong></span> <span class='ocrx_word' id='word_1_538' title='bbox 3284 2675 3431 2730; x_wconf 89' lang='lat' dir='ltr'><strong>.pos-</strong></span> <span class='ocrx_word' id='word_1_539' title='bbox 3474 2707 3486 2715; x_wconf 46' lang='grc' dir='ltr'><em>ν</em></span> 
     </span>
    </p>
   </div>
   <div class='ocr_carea' id='block_1_74' title="bbox 1858 2743 3430 2823">
    <p class='ocr_par' dir='ltr' id='par_1_74' title="bbox 1858 2743 3430 2823">
     <span class='ocr_line' id='line_1_74' title="bbox 1858 2743 3430 2823; baseline 0.007 -25"><span class='ocrx_word' id='word_1_540' title='bbox 1858 2744 2031 2814; x_wconf 89' lang='lat' dir='ltr'><strong>sunt),</strong></span> <span class='ocrx_word' id='word_1_541' title='bbox 2067 2743 2143 2797; x_wconf 89' lang='lat' dir='ltr'><strong>ita</strong></span> <span class='ocrx_word' id='word_1_542' title='bbox 2182 2759 2360 2815; x_wconf 92' lang='lat' dir='ltr'><strong>neque</strong></span> <span class='ocrx_word' id='word_1_543' title='bbox 2399 2754 2511 2799; x_wconf 88' lang='lat' dir='ltr'><strong>tota</strong></span> <span class='ocrx_word' id='word_1_544' title='bbox 2544 2745 2718 2815; x_wconf 85' lang='lat' dir='ltr'><strong>ipsius</strong></span> <span class='ocrx_word' id='word_1_545' title='bbox 2757 2747 2837 2802; x_wconf 85' lang='lat' dir='ltr'><strong>vis</strong></span> <span class='ocrx_word' id='word_1_546' title='bbox 2863 2748 3062 2815; x_wconf 88' lang='lat' dir='ltr'><strong>elucet,</strong></span> <span class='ocrx_word' id='word_1_547' title='bbox 3106 2751 3175 2806; x_wconf 90' lang='lat' dir='ltr'><strong>ab</strong></span> <span class='ocrx_word' id='word_1_548' title='bbox 3206 2752 3430 2823; x_wconf 79' lang='lat' dir='ltr'><strong>organis</strong></span> 
     </span>
    </p>
   </div>
   <div class='ocr_carea' id='block_1_75' title="bbox 1858 2837 3427 2913">
    <p class='ocr_par' dir='ltr' id='par_1_75' title="bbox 1858 2837 3427 2913">
     <span class='ocr_line' id='line_1_75' title="bbox 1858 2837 3427 2913; baseline 0.006 -23"><span class='ocrx_word' id='word_1_549' title='bbox 1858 2849 2119 2890; x_wconf 90' lang='lat' dir='ltr'><strong>sensuum</strong></span> <span class='ocrx_word' id='word_1_550' title='bbox 2158 2850 2256 2905; x_wconf 91' lang='lat' dir='ltr'><strong>per</strong></span> <span class='ocrx_word' id='word_1_551' title='bbox 2287 2850 2538 2891; x_wconf 88' lang='lat' dir='ltr'><strong>somnum</strong></span> <span class='ocrx_word' id='word_1_552' title='bbox 2574 2838 2731 2907; x_wconf 90' lang='lat' dir='ltr'><strong>quasi</strong></span> <span class='ocrx_word' id='word_1_553' title='bbox 2773 2837 3100 2897; x_wconf 87' lang='lat' dir='ltr'><strong>feriantibus</strong></span> <span class='ocrx_word' id='word_1_554' title='bbox 3150 2843 3427 2913; x_wconf 85' lang='lat' dir='ltr'><strong>impedita.</strong></span> 
     </span>
    </p>
   </div>
   <div class='ocr_carea' id='block_1_76' title="bbox 1858 2924 3425 3001">
    <p class='ocr_par' dir='ltr' id='par_1_76' title="bbox 1858 2924 3425 3001">
     <span class='ocr_line' id='line_1_76' title="bbox 1858 2924 3425 3001; baseline 0.005 -22"><span class='ocrx_word' id='word_1_555' title='bbox 1858 2924 2061 2982; x_wconf 86' lang='lat' dir='ltr'><strong>Eadem</strong></span> <span class='ocrx_word' id='word_1_556' title='bbox 2108 2927 2321 2983; x_wconf 89' lang='lat' dir='ltr'><strong>ratione</strong></span> <span class='ocrx_word' id='word_1_557' title='bbox 2366 2936 2421 2982; x_wconf 90' lang='lat' dir='ltr'><strong>et</strong></span> <span class='ocrx_word' id='word_1_558' title='bbox 2476 2927 2611 2984; x_wconf 89' lang='lat' dir='ltr'><strong>illud</strong></span> <span class='ocrx_word' id='word_1_559' title='bbox 2651 2938 3040 3000; x_wconf 88' lang='lat' dir='ltr'><strong>consequetur,</strong></span> <span class='ocrx_word' id='word_1_560' title='bbox 3097 2932 3243 3001; x_wconf 90' lang='lat' dir='ltr'><strong>quod</strong></span> <span class='ocrx_word' id='word_1_561' title='bbox 3299 2948 3425 2989; x_wconf 88' lang='lat' dir='ltr'><strong>cum</strong></span> 
     </span>
    </p>
   </div>
   <div class='ocr_carea' id='block_1_77' title="bbox 1858 3018 3429 3094">
    <p class='ocr_par' dir='ltr' id='par_1_77' title="bbox 1858 3018 3429 3094">
     <span class='ocr_line' id='line_1_77' title="bbox 1858 3018 3429 3094; baseline 0.004 -24"><span class='ocrx_word' id='word_1_562' title='bbox 1858 3018 2060 3072; x_wconf 88' lang='lat' dir='ltr'><strong>mentis</strong></span> <span class='ocrx_word' id='word_1_563' title='bbox 2103 3026 2160 3072; x_wconf 88' lang='lat' dir='ltr'><strong>et</strong></span> <span class='ocrx_word' id='word_1_564' title='bbox 2195 3018 2369 3087; x_wconf 87' lang='lat' dir='ltr'><strong>partis</strong></span> <span class='ocrx_word' id='word_1_565' title='bbox 2419 3019 2585 3073; x_wconf 89' lang='lat' dir='ltr'><strong>animi</strong></span> <span class='ocrx_word' id='word_1_566' title='bbox 2629 3022 2919 3076; x_wconf 80' lang='lat' dir='ltr'><strong>sentientis</strong></span> <span class='ocrx_word' id='word_1_567' title='bbox 2962 3029 3149 3077; x_wconf 88' lang='lat' dir='ltr'><strong>mutua</strong></span> <span class='ocrx_word' id='word_1_568' title='bbox 3181 3024 3429 3094; x_wconf 65' lang='lat' dir='ltr'><strong>quaedam</strong></span> 
     </span>
    </p>
   </div>
   <div class='ocr_carea' id='block_1_78' title="bbox 1857 3106 3428 3180">
    <p class='ocr_par' dir='ltr' id='par_1_78' title="bbox 1857 3106 3428 3180">
     <span class='ocr_line' id='line_1_78' title="bbox 1857 3106 3428 3180; baseline 0.004 -20"><span class='ocrx_word' id='word_1_569' title='bbox 1857 3106 1929 3160; x_wconf 90' lang='lat' dir='ltr'><strong>sit</strong></span> <span class='ocrx_word' id='word_1_570' title='bbox 1957 3106 2309 3176; x_wconf 87' lang='lat' dir='ltr'><strong>conjunctio:</strong></span> <span class='ocrx_word' id='word_1_571' title='bbox 2361 3116 2509 3164; x_wconf 88' lang='lat' dir='ltr'><strong>muta</strong></span> <span class='ocrx_word' id='word_1_572' title='bbox 2554 3109 2678 3174; x_wconf 88' lang='lat' dir='ltr'><strong>hac,</strong></span> <span class='ocrx_word' id='word_1_573' title='bbox 2721 3111 2884 3167; x_wconf 87' lang='lat' dir='ltr'><strong>simul</strong></span> <span class='ocrx_word' id='word_1_574' title='bbox 2919 3120 3155 3168; x_wconf 89' lang='lat' dir='ltr'><strong>mentem</strong></span> <span class='ocrx_word' id='word_1_575' title='bbox 3198 3114 3428 3180; x_wconf 86' lang='lat' dir='ltr'><strong>moveri,</strong></span> 
     </span>
    </p>
   </div>
   <div class='ocr_carea' id='block_1_79' title="bbox 1853 3198 3428 3273">
    <p class='ocr_par' dir='ltr' id='par_1_79' title="bbox 1853 3198 3428 3273">
     <span class='ocr_line' id='line_1_79' title="bbox 1853 3198 3428 3273; baseline 0.008 -24"><span class='ocrx_word' id='word_1_576' title='bbox 1853 3202 1910 3249; x_wconf 91' lang='lat' dir='ltr'><strong>et</strong></span> <span class='ocrx_word' id='word_1_577' title='bbox 1958 3204 2149 3251; x_wconf 87' lang='lat' dir='ltr'><strong>contra</strong></span> <span class='ocrx_word' id='word_1_578' title='bbox 2198 3198 2542 3267; x_wconf 87' lang='lat' dir='ltr'><strong>quiescente,</strong></span> <span class='ocrx_word' id='word_1_579' title='bbox 2600 3202 2902 3271; x_wconf 85' lang='lat' dir='ltr'><strong>quiescere.</strong></span> <span class='ocrx_word' id='word_1_580' title='bbox 2951 3202 3133 3273; x_wconf 88' lang='lat' dir='ltr'><strong>Ignem</strong></span> <span class='ocrx_word' id='word_1_581' title='bbox 3182 3204 3428 3262; x_wconf 84' lang='lat' dir='ltr'><strong>videmus</strong></span> 
     </span>
    </p>
   </div>
   <div class='ocr_carea' id='block_1_80' title="bbox 1855 3286 3429 3361">
    <p class='ocr_par' dir='ltr' id='par_1_80' title="bbox 1855 3286 3429 3361">
     <span class='ocr_line' id='line_1_80' title="bbox 1855 3286 3429 3361; baseline 0.008 -22"><span class='ocrx_word' id='word_1_582' title='bbox 1855 3286 2027 3355; x_wconf 89' lang='lat' dir='ltr'><strong>paleis</strong></span> <span class='ocrx_word' id='word_1_583' title='bbox 2073 3302 2139 3343; x_wconf 86' lang='lat' dir='ltr'><strong>ex</strong></span> <span class='ocrx_word' id='word_1_584' title='bbox 2187 3290 2333 3343; x_wconf 88' lang='lat' dir='ltr'><strong>omni</strong></span> <span class='ocrx_word' id='word_1_585' title='bbox 2389 3299 2543 3360; x_wconf 89' lang='lat' dir='ltr'><strong>parte</strong></span> <span class='ocrx_word' id='word_1_586' title='bbox 2599 3299 2940 3361; x_wconf 86' lang='lat' dir='ltr'><strong>coopertum,</strong></span> <span class='ocrx_word' id='word_1_587' title='bbox 3002 3293 3048 3348; x_wconf 91' lang='lat' dir='ltr'><strong>si</strong></span> <span class='ocrx_word' id='word_1_588' title='bbox 3097 3295 3249 3349; x_wconf 90' lang='lat' dir='ltr'><strong>nullo</strong></span> <span class='ocrx_word' id='word_1_589' title='bbox 3296 3294 3429 3351; x_wconf 84' lang='lat' dir='ltr'><strong>flatu</strong></span> 
     </span>
    </p>
   </div>
   <div class='ocr_carea' id='block_1_81' title="bbox 1855 3376 3428 3455">
    <p class='ocr_par' dir='ltr' id='par_1_81' title="bbox 1855 3376 3428 3455">
     <span class='ocr_line' id='line_1_81' title="bbox 1855 3376 3428 3455; baseline 0.006 -24"><span class='ocrx_word' id='word_1_590' title='bbox 1855 3376 2069 3432; x_wconf 79' lang='lat' dir='ltr'><strong>flamma</strong></span> <span class='ocrx_word' id='word_1_591' title='bbox 2085 3381 2372 3446; x_wconf 79' lang='lat' dir='ltr'><strong>excitetur,</strong></span> <span class='ocrx_word' id='word_1_592' title='bbox 2391 3398 2568 3452; x_wconf 88' lang='lat' dir='ltr'><strong>neque</strong></span> <span class='ocrx_word' id='word_1_593' title='bbox 2583 3386 2827 3453; x_wconf 76' lang='lat' dir='ltr'><strong>proxima</strong></span> <span class='ocrx_word' id='word_1_594' title='bbox 2846 3400 3073 3455; x_wconf 61' lang='lat' dir='ltr'><strong>qumque</strong></span> <span class='ocrx_word' id='word_1_595' title='bbox 3089 3387 3428 3444; x_wconf 84' lang='lat' dir='ltr'><strong>absumendo</strong></span> 
     </span>
    </p>
   </div>
   <div class='ocr_carea' id='block_1_82' title="bbox 1838 3465 3426 3547">
    <p class='ocr_par' dir='ltr' id='par_1_82' title="bbox 1838 3465 3426 3547">
     <span class='ocr_line' id='line_1_82' title="bbox 1838 3465 3426 3547; baseline 0.008 -26"><span class='ocrx_word' id='word_1_596' title='bbox 1838 3465 2173 3538; x_wconf 80' lang='lat' dir='ltr'><strong>depascere,</strong></span> <span class='ocrx_word' id='word_1_597' title='bbox 2227 3480 2282 3525; x_wconf 90' lang='lat' dir='ltr'><strong>et</strong></span> <span class='ocrx_word' id='word_1_598' title='bbox 2340 3486 2570 3540; x_wconf 90' lang='lat' dir='ltr'><strong>prorsus</strong></span> <span class='ocrx_word' id='word_1_599' title='bbox 2624 3474 2791 3529; x_wconf 86' lang='lat' dir='ltr'><strong>etiam</strong></span> <span class='ocrx_word' id='word_1_600' title='bbox 2847 3491 2956 3529; x_wconf 89' lang='lat' dir='ltr'><strong>non</strong></span> <span class='ocrx_word' id='word_1_601' title='bbox 3007 3476 3273 3546; x_wconf 79' lang='lat' dir='ltr'><strong>extingui,</strong></span> <span class='ocrx_word' id='word_1_602' title='bbox 3326 3493 3426 3547; x_wconf 83' lang='lat' dir='ltr'><strong>pro</strong></span> 
     </span>
    </p>
   </div>
   <div class='ocr_carea' id='block_1_83' title="bbox 1856 3556 3423 3632">
    <p class='ocr_par' dir='ltr' id='par_1_83' title="bbox 1856 3556 3423 3632">
     <span class='ocr_line' id='line_1_83' title="bbox 1856 3556 3423 3632; baseline 0.007 -23"><span class='ocrx_word' id='word_1_603' title='bbox 1856 3556 2072 3611; x_wconf 86' lang='lat' dir='ltr'><strong>ﬂamma</strong></span> <span class='ocrx_word' id='word_1_604' title='bbox 2101 3574 2302 3628; x_wconf 89' lang='lat' dir='ltr'><strong>vapore</strong></span> <span class='ocrx_word' id='word_1_605' title='bbox 2334 3560 2571 3630; x_wconf 88' lang='lat' dir='ltr'><strong>quodam</strong></span> <span class='ocrx_word' id='word_1_606' title='bbox 2619 3578 2717 3632; x_wconf 88' lang='lat' dir='ltr'><strong>per</strong></span> <span class='ocrx_word' id='word_1_607' title='bbox 2762 3565 2910 3632; x_wconf 88' lang='lat' dir='ltr'><strong>ipsas</strong></span> <span class='ocrx_word' id='word_1_608' title='bbox 2943 3565 3125 3632; x_wconf 91' lang='lat' dir='ltr'><strong>paleas</strong></span> <span class='ocrx_word' id='word_1_609' title='bbox 3157 3566 3213 3619; x_wconf 92' lang='lat' dir='ltr'><strong>in</strong></span> <span class='ocrx_word' id='word_1_610' title='bbox 3244 3579 3423 3621; x_wconf 90' lang='lat' dir='ltr'><strong>aerem</strong></span> 
     </span>
    </p>
   </div>
   <div class='ocr_carea' id='block_1_84' title="bbox 1856 3647 3424 3722">
    <p class='ocr_par' dir='ltr' id='par_1_84' title="bbox 1856 3647 3424 3722">
     <span class='ocr_line' id='line_1_84' title="bbox 1856 3647 3424 3722; baseline 0.006 -24"><span class='ocrx_word' id='word_1_611' title='bbox 1856 3655 2192 3714; x_wconf 87' lang='lat' dir='ltr'><strong>penetrante.</strong></span> <span class='ocrx_word' id='word_1_612' title='bbox 2243 3647 2401 3713; x_wconf 86' lang='lat' dir='ltr'><strong>Quod</strong></span> <span class='ocrx_word' id='word_1_613' title='bbox 2449 3648 2496 3703; x_wconf 88' lang='lat' dir='ltr'><strong>si</strong></span> <span class='ocrx_word' id='word_1_614' title='bbox 2535 3658 2717 3703; x_wconf 90' lang='lat' dir='ltr'><strong>autem</strong></span> <span class='ocrx_word' id='word_1_615' title='bbox 2746 3648 2906 3707; x_wconf 83' lang='lat' dir='ltr'><strong>ﬂatus</strong></span> <span class='ocrx_word' id='word_1_616' title='bbox 2948 3651 3149 3722; x_wconf 86' lang='lat' dir='ltr'><strong>aliquis</strong></span> <span class='ocrx_word' id='word_1_617' title='bbox 3178 3652 3424 3718; x_wconf 87' lang='lat' dir='ltr'><strong>accedat,</strong></span> 
     </span>
    </p>
   </div>
   <div class='ocr_carea' id='block_1_85' title="bbox 1856 3737 3430 3807">
    <p class='ocr_par' dir='ltr' id='par_1_85' title="bbox 1856 3737 3430 3807">
     <span class='ocr_line' id='line_1_85' title="bbox 1856 3737 3430 3807; baseline 0.007 -17"><span class='ocrx_word' id='word_1_618' title='bbox 1856 3752 1955 3807; x_wconf 92' lang='lat' dir='ltr'><strong>pro</strong></span> <span class='ocrx_word' id='word_1_619' title='bbox 1983 3737 2135 3793; x_wconf 90' lang='lat' dir='ltr'><strong>fumo</strong></span> <span class='ocrx_word' id='word_1_620' title='bbox 2163 3741 2378 3793; x_wconf 82' lang='lat' dir='ltr'><strong>flamma</strong></span> <span class='ocrx_word' id='word_1_621' title='bbox 2407 3741 2744 3797; x_wconf 89' lang='lat' dir='ltr'><strong>accenditur.</strong></span> <span class='ocrx_word' id='word_1_622' title='bbox 2784 3741 2877 3797; x_wconf 88' lang='lat' dir='ltr'><strong>Sic</strong></span> <span class='ocrx_word' id='word_1_623' title='bbox 2908 3759 3064 3800; x_wconf 90' lang='lat' dir='ltr'><strong>mens</strong></span> <span class='ocrx_word' id='word_1_624' title='bbox 3088 3745 3341 3803; x_wconf 86' lang='lat' dir='ltr'><strong>sensibus</strong></span> <span class='ocrx_word' id='word_1_625' title='bbox 3373 3748 3430 3801; x_wconf 88' lang='lat' dir='ltr'><strong>in</strong></span> 
     </span>
    </p>
   </div>
   <div class='ocr_carea' id='block_1_86' title="bbox 1855 3831 3431 3909">
    <p class='ocr_par' dir='ltr' id='par_1_86' title="bbox 1855 3831 3431 3909">
     <span class='ocr_line' id='line_1_86' title="bbox 1855 3831 3431 3909; baseline 0.006 -23"><span class='ocrx_word' id='word_1_626' title='bbox 1855 3844 2050 3886; x_wconf 88' lang='lat' dir='ltr'><strong>somno</strong></span> <span class='ocrx_word' id='word_1_627' title='bbox 2110 3831 2520 3901; x_wconf 88' lang='lat' dir='ltr'><strong>quiescentibus</strong></span> <span class='ocrx_word' id='word_1_628' title='bbox 2571 3835 2731 3904; x_wconf 87' lang='lat' dir='ltr'><strong>quasi</strong></span> <span class='ocrx_word' id='word_1_629' title='bbox 2785 3843 3057 3902; x_wconf 89' lang='lat' dir='ltr'><strong>contecta,</strong></span> <span class='ocrx_word' id='word_1_630' title='bbox 3108 3854 3287 3908; x_wconf 91' lang='lat' dir='ltr'><strong>neque</strong></span> <span class='ocrx_word' id='word_1_631' title='bbox 3332 3854 3431 3909; x_wconf 82' lang='lat' dir='ltr'><strong>per</strong></span> 
     </span>
    </p>
   </div>
   <div class='ocr_carea' id='block_1_87' title="bbox 1855 3923 3429 4003">
    <p class='ocr_par' dir='ltr' id='par_1_87' title="bbox 1855 3923 3429 4003">
     <span class='ocr_line' id='line_1_87' title="bbox 1855 3923 3429 4003; baseline 0.006 -25"><span class='ocrx_word' id='word_1_632' title='bbox 1855 3937 1952 3978; x_wconf 89' lang='lat' dir='ltr'><strong>eos</strong></span> <span class='ocrx_word' id='word_1_633' title='bbox 1974 3923 2192 3979; x_wconf 88' lang='lat' dir='ltr'><strong>elucere</strong></span> <span class='ocrx_word' id='word_1_634' title='bbox 2221 3932 2420 3995; x_wconf 87' lang='lat' dir='ltr'><strong>potest,</strong></span> <span class='ocrx_word' id='word_1_635' title='bbox 2445 3933 2499 3981; x_wconf 91' lang='lat' dir='ltr'><strong>et</strong></span> <span class='ocrx_word' id='word_1_636' title='bbox 2529 3926 2755 3982; x_wconf 87' lang='lat' dir='ltr'><strong>omnino</strong></span> <span class='ocrx_word' id='word_1_637' title='bbox 2788 3928 2952 3984; x_wconf 92' lang='lat' dir='ltr'><strong>etiam</strong></span> <span class='ocrx_word' id='word_1_638' title='bbox 2987 3945 3096 3985; x_wconf 91' lang='lat' dir='ltr'><strong>non</strong></span> <span class='ocrx_word' id='word_1_639' title='bbox 3127 3932 3429 4003; x_wconf 77' lang='lat' dir='ltr'><strong>exstingui-</strong></span> 
     </span>
    </p>
   </div>
   <div class='ocr_carea' id='block_1_88' title="bbox 1854 4014 3429 4094">
    <p class='ocr_par' dir='ltr' id='par_1_88' title="bbox 1854 4014 3429 4094">
     <span class='ocr_line' id='line_1_88' title="bbox 1854 4014 3429 4094; baseline 0.007 -25"><span class='ocrx_word' id='word_1_640' title='bbox 1854 4021 1964 4080; x_wconf 89' lang='lat' dir='ltr'><strong>tur,</strong></span> <span class='ocrx_word' id='word_1_641' title='bbox 2013 4014 2109 4072; x_wconf 91' lang='lat' dir='ltr'><strong>sed</strong></span> <span class='ocrx_word' id='word_1_642' title='bbox 2153 4024 2214 4071; x_wconf 93' lang='lat' dir='ltr'><strong>ut</strong></span> <span class='ocrx_word' id='word_1_643' title='bbox 2256 4017 2400 4086; x_wconf 84' lang='lat' dir='ltr'><strong>ignis</strong></span> <span class='ocrx_word' id='word_1_644' title='bbox 2432 4017 2664 4085; x_wconf 88' lang='lat' dir='ltr'><strong>fumum,</strong></span> <span class='ocrx_word' id='word_1_645' title='bbox 2699 4021 2923 4090; x_wconf 80' lang='lat' dir='ltr'><strong>sic&#39;ipsa</strong></span> <span class='ocrx_word' id='word_1_646' title='bbox 2955 4029 3161 4076; x_wconf 90' lang='lat' dir='ltr'><strong>motum</strong></span> <span class='ocrx_word' id='word_1_647' title='bbox 3192 4023 3429 4094; x_wconf 85' lang='lat' dir='ltr'><strong>aliquem</strong></span> 
     </span>
    </p>
   </div>
   <div class='ocr_carea' id='block_1_89' title="bbox 1855 4108 3429 4184">
    <p class='ocr_par' dir='ltr' id='par_1_89' title="bbox 1855 4108 3429 4184">
     <span class='ocr_line' id='line_1_89' title="bbox 1855 4108 3429 4184; baseline 0.008 -23"><span class='ocrx_word' id='word_1_648' title='bbox 1855 4108 2074 4175; x_wconf 88' lang='lat' dir='ltr'><strong>retinet,</strong></span> <span class='ocrx_word' id='word_1_649' title='bbox 2110 4109 2306 4178; x_wconf 89' lang='lat' dir='ltr'><strong>partim</strong></span> <span class='ocrx_word' id='word_1_650' title='bbox 2362 4124 2550 4181; x_wconf 85' lang='lat' dir='ltr'><strong>agens,</strong></span> <span class='ocrx_word' id='word_1_651' title='bbox 2596 4113 2797 4182; x_wconf 88' lang='lat' dir='ltr'><strong>partim</strong></span> <span class='ocrx_word' id='word_1_652' title='bbox 2827 4115 2882 4168; x_wconf 90' lang='lat' dir='ltr'><strong>in</strong></span> <span class='ocrx_word' id='word_1_653' title='bbox 2910 4116 3117 4184; x_wconf 89' lang='lat' dir='ltr'><strong>agendo</strong></span> <span class='ocrx_word' id='word_1_654' title='bbox 3146 4116 3429 4176; x_wconf 79' lang='lat' dir='ltr'><strong>deficiens.</strong></span> 
     </span>
    </p>
   </div>
   <div class='ocr_carea' id='block_1_90' title="bbox 1855 4198 3430 4276">
    <p class='ocr_par' dir='ltr' id='par_1_90' title="bbox 1855 4198 3430 4276">
     <span class='ocr_line' id='line_1_90' title="bbox 1855 4198 3430 4276; baseline 0.008 -24"><span class='ocrx_word' id='word_1_655' title='bbox 1855 4198 2032 4268; x_wconf 83' lang='lat' dir='ltr'><strong>Atque</strong></span> <span class='ocrx_word' id='word_1_656' title='bbox 2064 4201 2143 4255; x_wconf 88' lang='lat' dir='ltr'><strong>uti</strong></span> <span class='ocrx_word' id='word_1_657' title='bbox 2190 4201 2436 4257; x_wconf 88' lang='lat' dir='ltr'><strong>musicus</strong></span> <span class='ocrx_word' id='word_1_658' title='bbox 2470 4203 2680 4272; x_wconf 88' lang='lat' dir='ltr'><strong>plectro</strong></span> <span class='ocrx_word' id='word_1_659' title='bbox 2729 4204 2965 4260; x_wconf 87' lang='lat' dir='ltr'><strong>chordas</strong></span> <span class='ocrx_word' id='word_1_660' title='bbox 3010 4205 3138 4276; x_wconf 65' lang='lat' dir='ltr'><strong>lyrae</strong></span> <span class='ocrx_word' id='word_1_661' title='bbox 3167 4208 3430 4265; x_wconf 82' lang='lat' dir='ltr'><strong>remissas</strong></span> 
     </span>
    </p>
   </div>
   <div class='ocr_carea' id='block_1_91' title="bbox 1857 4294 3426 4367">
    <p class='ocr_par' dir='ltr' id='par_1_91' title="bbox 1857 4294 3426 4367">
     <span class='ocr_line' id='line_1_91' title="bbox 1857 4294 3426 4367; baseline 0.006 -23"><span class='ocrx_word' id='word_1_662' title='bbox 1857 4299 2111 4362; x_wconf 85' lang='lat' dir='ltr'><strong>tangens,</strong></span> <span class='ocrx_word' id='word_1_663' title='bbox 2136 4308 2246 4347; x_wconf 88' lang='lat' dir='ltr'><strong>non</strong></span> <span class='ocrx_word' id='word_1_664' title='bbox 2269 4294 2544 4364; x_wconf 87' lang='lat' dir='ltr'><strong>eleganter</strong></span> <span class='ocrx_word' id='word_1_665' title='bbox 2563 4303 2616 4349; x_wconf 88' lang='lat' dir='ltr'><strong>et</strong></span> <span class='ocrx_word' id='word_1_666' title='bbox 2636 4309 2924 4351; x_wconf 86' lang='lat' dir='ltr'><strong>numerose</strong></span> <span class='ocrx_word' id='word_1_667' title='bbox 2945 4297 3238 4367; x_wconf 88' lang='lat' dir='ltr'><strong>quidquam</strong></span> <span class='ocrx_word' id='word_1_668' title='bbox 3256 4301 3426 4367; x_wconf 89' lang='lat' dir='ltr'><strong>canit,</strong></span> 
     </span>
    </p>
   </div>
   <div class='ocr_carea' id='block_1_92' title="bbox 164 4384 1662 4465">
    <p class='ocr_par' dir='ltr' id='par_1_92' title="bbox 164 4384 1662 4458">
     <span class='ocr_line' id='line_1_92' title="bbox 164 4384 1662 4458; baseline 0 -18"><span class='ocrx_word' id='word_1_669' title='bbox 164 4387 267 4440; x_wconf 80' lang='grc' dir='ltr'><strong>τῶν</strong></span> <span class='ocrx_word' id='word_1_670' title='bbox 306 4387 490 4440; x_wconf 84' lang='grc' dir='ltr'>τόνων</span> <span class='ocrx_word' id='word_1_671' title='bbox 539 4387 603 4438; x_wconf 86' lang='grc' dir='ltr'>τὸ</span> <span class='ocrx_word' id='word_1_672' title='bbox 650 4384 923 4456; x_wconf 79' lang='grc' dir='ltr'>πλῆκτρον</span> <span class='ocrx_word' id='word_1_673' title='bbox 972 4386 1180 4455; x_wconf 80' lang='grc' dir='ltr'>ἄγουσα</span> <span class='ocrx_word' id='word_1_674' title='bbox 1201 4425 1216 4451; x_wconf 88' lang='grc'><strong>,</strong></span> <span class='ocrx_word' id='word_1_675' title='bbox 1250 4386 1310 4441; x_wconf 87' lang='grc' dir='ltr'>τὸ</span> <span class='ocrx_word' id='word_1_676' title='bbox 1342 4387 1397 4440; x_wconf 88' lang='grc' dir='ltr'>δὲ</span> <span class='ocrx_word' id='word_1_677' title='bbox 1438 4388 1604 4458; x_wconf 77' lang='grc' dir='ltr'>ἡχοῦν</span> <span class='ocrx_word' id='word_1_678' title='bbox 1654 4408 1662 4439; x_wconf 70' lang='grc' dir='ltr'><strong>ι</strong></span> 
     </span>
    </p>
   </div>
   <div class='ocr_carea' id='block_1_93' title="bbox 1929 4384 3427 4465">
    <p class='ocr_par' dir='ltr' id='par_1_93' title="bbox 1929 4385 3427 4465">
     <span class='ocr_line' id='line_1_93' title="bbox 1929 4385 3427 4465; baseline 0.007 -27"><span class='ocrx_word' id='word_1_679' title='bbox 1929 4385 2081 4439; x_wconf 63' lang='lat' dir='ltr'><strong>tando</strong></span> <span class='ocrx_word' id='word_1_680' title='bbox 2108 4385 2252 4455; x_wconf 87' lang='lat' dir='ltr'><strong>quod</strong></span> <span class='ocrx_word' id='word_1_681' title='bbox 2287 4395 2497 4441; x_wconf 86' lang='lat' dir='ltr'><strong>tensum</strong></span> <span class='ocrx_word' id='word_1_682' title='bbox 2525 4402 2633 4442; x_wconf 90' lang='lat' dir='ltr'><strong>non</strong></span> <span class='ocrx_word' id='word_1_683' title='bbox 2664 4394 2768 4452; x_wconf 85' lang='lat' dir='ltr'><strong>est,</strong></span> <span class='ocrx_word' id='word_1_684' title='bbox 2798 4387 2958 4445; x_wconf 89' lang='lat' dir='ltr'><strong>cdere</strong></span> <span class='ocrx_word' id='word_1_685' title='bbox 2983 4404 3179 4446; x_wconf 87' lang='lat' dir='ltr'><strong>sonum</strong></span> <span class='ocrx_word' id='word_1_686' title='bbox 3205 4395 3427 4465; x_wconf 88' lang='lat' dir='ltr'><strong>nequit;</strong></span> 
     </span>
    </p>
   </div>
   <div class='ocr_carea' id='block_1_94' title="bbox 160 4472 1753 4551">
    <p class='ocr_par' dir='ltr' id='par_1_94' title="bbox 160 4472 1753 4551">
     <span class='ocr_line' id='line_1_94' title="bbox 160 4472 1753 4551; baseline 0.002 -22"><span class='ocrx_word' id='word_1_687' title='bbox 160 4474 323 4541; x_wconf 75' lang='grc' dir='ltr'>ἐστιν,</span> <span class='ocrx_word' id='word_1_688' title='bbox 351 4476 407 4528; x_wconf 83' lang='grc' dir='ltr'>εὶ</span> <span class='ocrx_word' id='word_1_689' title='bbox 443 4472 526 4544; x_wconf 83' lang='grc' dir='ltr'><strong>μὴ</strong></span> <span class='ocrx_word' id='word_1_690' title='bbox 563 4473 688 4526; x_wconf 85' lang='grc' dir='ltr'>ὅσον</span> <span class='ocrx_word' id='word_1_691' title='bbox 716 4472 929 4544; x_wconf 81' lang='grc' dir='ltr'>ἄσημόν</span> <span class='ocrx_word' id='word_1_692' title='bbox 960 4490 1081 4528; x_wconf 90' lang='grc' dir='ltr'>τινα</span> <span class='ocrx_word' id='word_1_693' title='bbox 1113 4476 1208 4530; x_wconf 73' lang='grc' dir='ltr'><strong>καὶ</strong></span> <span class='ocrx_word' id='word_1_694' title='bbox 1242 4477 1575 4531; x_wconf 82' lang='grc' dir='ltr'>ἀσύντακτον</span> <span class='ocrx_word' id='word_1_695' title='bbox 1603 4481 1662 4532; x_wconf 85' lang='grc' dir='ltr'><strong>ἐν</strong></span> <span class='ocrx_word' id='word_1_696' title='bbox 1687 4482 1753 4551; x_wconf 77' lang='grc' dir='ltr'>τῇ</span> 
     </span>
    </p>
   </div>
   <div class='ocr_carea' id='block_1_95' title="bbox 164 4564 1755 4637">
    <p class='ocr_par' dir='ltr' id='par_1_95' title="bbox 164 4564 1755 4637">
     <span class='ocr_line' id='line_1_95' title="bbox 164 4564 1755 4637; baseline 0.002 -17"><span class='ocrx_word' id='word_1_697' title='bbox 164 4568 375 4637; x_wconf 83' lang='grc' dir='ltr'>κινήσει</span> <span class='ocrx_word' id='word_1_698' title='bbox 410 4565 532 4619; x_wconf 87' lang='grc' dir='ltr'><strong>τῶν</strong></span> <span class='ocrx_word' id='word_1_699' title='bbox 559 4564 768 4636; x_wconf 84' lang='grc' dir='ltr'>χορδῶν</span> <span class='ocrx_word' id='word_1_700' title='bbox 783 4564 984 4636; x_wconf 82' lang='grc' dir='ltr'>ὑπηχεῖ</span> <span class='ocrx_word' id='word_1_701' title='bbox 1012 4565 1102 4619; x_wconf 80' lang='grc' dir='ltr'><strong>τὸν</strong></span> <span class='ocrx_word' id='word_1_702' title='bbox 1129 4566 1353 4637; x_wconf 73' lang='grc' dir='ltr'>βόμϐον·</span> <span class='ocrx_word' id='word_1_703' title='bbox 1374 4567 1516 4622; x_wconf 75' lang='grc' dir='ltr'>οὕτω</span> <span class='ocrx_word' id='word_1_704' title='bbox 1546 4568 1635 4623; x_wconf 83' lang='grc' dir='ltr'>διὰ</span> <span class='ocrx_word' id='word_1_705' title='bbox 1660 4568 1755 4623; x_wconf 89' lang='grc' dir='ltr'><strong>τοῦ</strong></span> 
     </span>
    </p>
   </div>
   <div class='ocr_carea' id='block_1_96' title="bbox 165 4656 1757 4733">
    <p class='ocr_par' dir='ltr' id='par_1_96' title="bbox 165 4656 1757 4733">
     <span class='ocr_line' id='line_1_96' title="bbox 165 4656 1757 4733; baseline 0.014 -38"><span class='ocrx_word' id='word_1_706' title='bbox 165 4656 328 4712; x_wconf 52' lang='lat' dir='ltr'><strong>ama</strong></span> <span class='ocrx_word' id='word_1_707' title='bbox 391 4659 502 4727; x_wconf 75' lang='grc' dir='ltr'><strong>τῆς</strong></span> <span class='ocrx_word' id='word_1_708' title='bbox 562 4656 859 4726; x_wconf 85' lang='grc' dir='ltr'>ὀργανικῆς</span> <span class='ocrx_word' id='word_1_709' title='bbox 886 4657 993 4712; x_wconf 80' lang='grc' dir='ltr'><strong>τῶν</strong></span> <span class='ocrx_word' id='word_1_710' title='bbox 1020 4658 1387 4731; x_wconf 82' lang='grc' dir='ltr'>αἰσθητηρίων</span> <span class='ocrx_word' id='word_1_711' title='bbox 1413 4662 1757 4733; x_wconf 83' lang='grc' dir='ltr'>κατασκευῆς</span> 
     </span>
    </p>
   </div>
   <div class='ocr_carea' id='block_1_97' title="bbox 165 4743 1757 4823">
    <p class='ocr_par' dir='ltr' id='par_1_97' title="bbox 165 4743 1757 4823">
     <span class='ocr_line' id='line_1_97' title="bbox 165 4743 1757 4823; baseline 0.004 -24"><span class='ocrx_word' id='word_1_712' title='bbox 165 4745 564 4814; x_wconf 79' lang='grc' dir='ltr'>χαλασθείσης,</span> <span class='ocrx_word' id='word_1_713' title='bbox 607 4743 640 4813; x_wconf 83' lang='grc' dir='ltr'>ἢ</span> <span class='ocrx_word' id='word_1_714' title='bbox 691 4743 920 4798; x_wconf 85' lang='grc' dir='ltr'>καθόλου</span> <span class='ocrx_word' id='word_1_715' title='bbox 965 4746 1163 4818; x_wconf 76' lang='grc' dir='ltr'>ἠρεμεῖ</span> <span class='ocrx_word' id='word_1_716' title='bbox 1206 4749 1235 4800; x_wconf 88' lang='grc' dir='ltr'>ὁ</span> <span class='ocrx_word' id='word_1_717' title='bbox 1278 4750 1560 4821; x_wconf 86' lang='grc' dir='ltr'>τεχνίτης,</span> <span class='ocrx_word' id='word_1_718' title='bbox 1598 4750 1757 4823; x_wconf 76' lang='grc' dir='ltr'>εἴπερ</span> 
     </span>
    </p>
   </div>
   <div class='ocr_carea' id='block_1_98' title="bbox 160 4834 1755 4911">
    <p class='ocr_par' dir='ltr' id='par_1_98' title="bbox 160 4834 1755 4911">
     <span class='ocr_line' id='line_1_98' title="bbox 160 4834 1755 4911; baseline 0.008 -26"><span class='ocrx_word' id='word_1_719' title='bbox 160 4836 369 4889; x_wconf 77' lang='grc' dir='ltr'>τελείαν</span> <span class='ocrx_word' id='word_1_720' title='bbox 400 4835 568 4888; x_wconf 84' lang='grc' dir='ltr'>λύσιν</span> <span class='ocrx_word' id='word_1_721' title='bbox 597 4834 663 4886; x_wconf 89' lang='grc' dir='ltr'><strong>ἐκ</strong></span> <span class='ocrx_word' id='word_1_722' title='bbox 713 4834 1006 4907; x_wconf 85' lang='grc' dir='ltr'>πληθώρας</span> <span class='ocrx_word' id='word_1_723' title='bbox 1041 4838 1184 4902; x_wconf 78' lang='grc' dir='ltr'>τινὸς</span> <span class='ocrx_word' id='word_1_724' title='bbox 1218 4839 1312 4892; x_wconf 79' lang='lat' dir='ltr'><strong>xal.</strong></span> <span class='ocrx_word' id='word_1_725' title='bbox 1344 4839 1543 4911; x_wconf 84' lang='grc' dir='ltr'>βάρους</span> <span class='ocrx_word' id='word_1_726' title='bbox 1595 4842 1755 4897; x_wconf 86' lang='grc' dir='ltr'>πάθοι</span> 
     </span>
    </p>
   </div>
   <div class='ocr_carea' id='block_1_99' title="bbox 156 4924 1757 5006">
    <p class='ocr_par' dir='ltr' id='par_1_99' title="bbox 156 4924 1757 5006">
     <span class='ocr_line' id='line_1_99' title="bbox 156 4924 1757 5006; baseline 0.006 -29"><span class='ocrx_word' id='word_1_727' title='bbox 156 4928 221 4979; x_wconf 71' lang='grc' dir='ltr'>τὸ</span> <span class='ocrx_word' id='word_1_728' title='bbox 241 4926 506 4998; x_wconf 76' lang='grc' dir='ltr'>δργανον,</span> <span class='ocrx_word' id='word_1_729' title='bbox 532 4925 566 4996; x_wconf 80' lang='grc' dir='ltr'>ἢ</span> <span class='ocrx_word' id='word_1_730' title='bbox 596 4924 802 4990; x_wconf 86' lang='grc' dir='ltr'>ἀτόνως</span> <span class='ocrx_word' id='word_1_731' title='bbox 820 4943 880 4978; x_wconf 90' lang='grc' dir='ltr'><strong>τε</strong></span> <span class='ocrx_word' id='word_1_732' title='bbox 914 4928 1008 4983; x_wconf 74' lang='grc' dir='ltr'><strong>καὶ</strong></span> <span class='ocrx_word' id='word_1_733' title='bbox 1041 4929 1299 4998; x_wconf 85' lang='grc' dir='ltr'>ἀμυδρῶς</span> <span class='ocrx_word' id='word_1_734' title='bbox 1326 4932 1631 5002; x_wconf 79' lang='grc' dir='ltr'>ἐνεργήσει,</span> <span class='ocrx_word' id='word_1_735' title='bbox 1658 4936 1757 5006; x_wconf 82' lang='grc' dir='ltr'><strong>οὐχ</strong></span> 
     </span>
    </p>
   </div>
   <div class='ocr_carea' id='block_1_100' title="bbox 158 5014 1756 5093">
    <p class='ocr_par' dir='ltr' id='par_1_100' title="bbox 158 5014 1756 5093">
     <span class='ocr_line' id='line_1_100' title="bbox 158 5014 1756 5093; baseline 0.006 -25"><span class='ocrx_word' id='word_1_736' title='bbox 158 5016 567 5088; x_wconf 72' lang='grc' dir='ltr'>ὑποδεχομένου</span> <span class='ocrx_word' id='word_1_737' title='bbox 597 5014 693 5068; x_wconf 88' lang='grc' dir='ltr'><strong>τοῦ</strong></span> <span class='ocrx_word' id='word_1_738' title='bbox 741 5017 1055 5086; x_wconf 79' lang='grc' dir='ltr'>αἰσθητικοῦ</span> <span class='ocrx_word' id='word_1_739' title='bbox 1094 5017 1324 5089; x_wconf 83' lang='grc' dir='ltr'>ὀργάνου</span> <span class='ocrx_word' id='word_1_740' title='bbox 1357 5020 1424 5073; x_wconf 86' lang='grc' dir='ltr'>δι’</span> <span class='ocrx_word' id='word_1_741' title='bbox 1474 5021 1756 5093; x_wconf 78' lang='grc' dir='ltr'>ἀκριϐείας</span> 
     </span>
    </p>
   </div>
   <div class='ocr_carea' id='block_1_101' title="bbox 154 5105 1755 5183">
    <p class='ocr_par' dir='ltr' id='par_1_101' title="bbox 154 5105 1755 5183">
     <span class='ocr_line' id='line_1_101' title="bbox 154 5105 1755 5183; baseline 0.004 -23"><span class='ocrx_word' id='word_1_742' title='bbox 154 5107 255 5179; x_wconf 76' lang='grc' dir='ltr'>τὴν</span> <span class='ocrx_word' id='word_1_743' title='bbox 277 5108 511 5176; x_wconf 82' lang='grc' dir='ltr'>τέχνην.</span> <span class='ocrx_word' id='word_1_744' title='bbox 550 5105 650 5159; x_wconf 75' lang='grc' dir='ltr'>Διά</span> <span class='ocrx_word' id='word_1_745' title='bbox 672 5105 833 5159; x_wconf 77' lang='grc' dir='ltr'>τοῦτο</span> <span class='ocrx_word' id='word_1_746' title='bbox 854 5107 890 5177; x_wconf 86' lang='grc' dir='ltr'>ἦ</span> <span class='ocrx_word' id='word_1_747' title='bbox 914 5124 975 5161; x_wconf 89' lang='grc' dir='ltr'><strong>τε</strong></span> <span class='ocrx_word' id='word_1_748' title='bbox 1006 5109 1193 5180; x_wconf 80' lang='grc' dir='ltr'>μνήμη</span> <span class='ocrx_word' id='word_1_749' title='bbox 1223 5113 1623 5183; x_wconf 84' lang='grc' dir='ltr'>συγκεχυμένη,</span> <span class='ocrx_word' id='word_1_750' title='bbox 1662 5114 1755 5167; x_wconf 80' lang='grc' dir='ltr'><strong>καὶ</strong></span> 
     </span>
    </p>
   </div>
   <div class='ocr_carea' id='block_1_102' title="bbox 155 5196 1756 5272">
    <p class='ocr_par' dir='ltr' id='par_1_102' title="bbox 155 5196 1756 5272">
     <span class='ocr_line' id='line_1_102' title="bbox 155 5196 1756 5272; baseline 0.004 -21"><span class='ocrx_word' id='word_1_751' title='bbox 155 5200 191 5268; x_wconf 77' lang='grc' dir='ltr'><strong>ἠ</strong></span> <span class='ocrx_word' id='word_1_752' title='bbox 236 5199 561 5269; x_wconf 80' lang='grc' dir='ltr'>πρόγνωσις</span> <span class='ocrx_word' id='word_1_753' title='bbox 610 5196 1041 5268; x_wconf 86' lang='grc' dir='ltr'>προκαλύμμασί</span> <span class='ocrx_word' id='word_1_754' title='bbox 1087 5216 1230 5254; x_wconf 88' lang='grc' dir='ltr'>τισιν</span> <span class='ocrx_word' id='word_1_755' title='bbox 1277 5202 1598 5272; x_wconf 77' lang='grc' dir='ltr'>ἀμφιϐόλοις</span> <span class='ocrx_word' id='word_1_756' title='bbox 1636 5206 1756 5257; x_wconf 85' lang='grc' dir='ltr'>ἐπι-</span> 
     </span>
    </p>
   </div>
   <div class='ocr_carea' id='block_1_103' title="bbox 152 5286 1756 5366">
    <p class='ocr_par' dir='ltr' id='par_1_103' title="bbox 152 5286 1756 5366">
     <span class='ocr_line' id='line_1_103' title="bbox 152 5286 1756 5366; baseline 0.004 -23"><span class='ocrx_word' id='word_1_757' title='bbox 152 5290 532 5355; x_wconf 80' lang='grc' dir='ltr'>νυστάζουσα,</span> <span class='ocrx_word' id='word_1_758' title='bbox 563 5288 623 5343; x_wconf 85' lang='grc' dir='ltr'><strong>ἐν</strong></span> <span class='ocrx_word' id='word_1_759' title='bbox 644 5286 882 5351; x_wconf 83' lang='grc' dir='ltr'>εἰδώλοις</span> <span class='ocrx_word' id='word_1_760' title='bbox 909 5289 1017 5343; x_wconf 88' lang='grc' dir='ltr'><strong>τῶν</strong></span> <span class='ocrx_word' id='word_1_761' title='bbox 1056 5291 1176 5345; x_wconf 78' lang='grc' dir='ltr'>καθ’</span> <span class='ocrx_word' id='word_1_762' title='bbox 1205 5289 1349 5366; x_wconf 82' lang='grc' dir='ltr'>ὕπαρ</span> <span class='ocrx_word' id='word_1_763' title='bbox 1389 5295 1756 5366; x_wconf 73' lang='grc' dir='ltr'>σπουδαζομέ-</span> 
     </span>
    </p>
   </div>
   <div class='ocr_carea' id='block_1_104' title="bbox 148 5378 1755 5451">
    <p class='ocr_par' dir='ltr' id='par_1_104' title="bbox 148 5378 1755 5451">
     <span class='ocr_line' id='line_1_104' title="bbox 148 5378 1755 5451; baseline 0.003 -15"><span class='ocrx_word' id='word_1_764' title='bbox 148 5400 263 5436; x_wconf 70' lang='grc' dir='ltr'><strong>νων</strong></span> <span class='ocrx_word' id='word_1_765' title='bbox 296 5378 699 5451; x_wconf 76' lang='grc' dir='ltr'>φαντασιοῦται</span> <span class='ocrx_word' id='word_1_766' title='bbox 722 5419 737 5444; x_wconf 92' lang='grc'><strong>,</strong></span> <span class='ocrx_word' id='word_1_767' title='bbox 765 5378 860 5433; x_wconf 88' lang='grc' dir='ltr'><strong>καί</strong></span> <span class='ocrx_word' id='word_1_768' title='bbox 887 5396 938 5432; x_wconf 88' lang='grc' dir='ltr'><strong>τι</strong></span> <span class='ocrx_word' id='word_1_769' title='bbox 967 5381 1074 5435; x_wconf 86' lang='grc' dir='ltr'><strong>τῶν</strong></span> <span class='ocrx_word' id='word_1_770' title='bbox 1104 5384 1459 5440; x_wconf 76' lang='grc' dir='ltr'>ἐκϐαινόντων</span> <span class='ocrx_word' id='word_1_771' title='bbox 1496 5386 1755 5451; x_wconf 89' lang='grc' dir='ltr'>πολλάκις</span> 
     </span>
    </p>
   </div>
   <div class='ocr_carea' id='block_1_105' title="bbox 144 5468 1755 5547">
    <p class='ocr_par' dir='ltr' id='par_1_105' title="bbox 144 5468 1755 5547">
     <span class='ocr_line' id='line_1_105' title="bbox 144 5468 1755 5547; baseline 0.004 -22"><span class='ocrx_word' id='word_1_772' title='bbox 144 5474 419 5542; x_wconf 78' lang='grc' dir='ltr'>ἐμήνυσε.</span> <span class='ocrx_word' id='word_1_773' title='bbox 452 5470 549 5539; x_wconf 84' lang='grc' dir='ltr'>Τῷ</span> <span class='ocrx_word' id='word_1_774' title='bbox 579 5468 689 5540; x_wconf 88' lang='grc' dir='ltr'><strong>γάρ</strong></span> <span class='ocrx_word' id='word_1_775' title='bbox 735 5468 919 5539; x_wconf 82' lang='grc' dir='ltr'>λεπτῷ</span> <span class='ocrx_word' id='word_1_776' title='bbox 955 5471 1052 5542; x_wconf 84' lang='grc' dir='ltr'><strong>τῆς</strong></span> <span class='ocrx_word' id='word_1_777' title='bbox 1083 5470 1318 5541; x_wconf 83' lang='grc' dir='ltr'>φύσεως,</span> <span class='ocrx_word' id='word_1_778' title='bbox 1359 5475 1471 5547; x_wconf 77' lang='grc' dir='ltr'>ἔχει</span> <span class='ocrx_word' id='word_1_779' title='bbox 1499 5494 1553 5530; x_wconf 86' lang='grc' dir='ltr'><strong>τι</strong></span> <span class='ocrx_word' id='word_1_780' title='bbox 1593 5477 1755 5532; x_wconf 80' lang='grc' dir='ltr'>πλέον</span> 
     </span>
    </p>
   </div>
   <div class='ocr_carea' id='block_1_106' title="bbox 142 5558 1754 5640">
    <p class='ocr_par' dir='ltr' id='par_1_106' title="bbox 142 5558 1754 5640">
     <span class='ocr_line' id='line_1_106' title="bbox 142 5558 1754 5640; baseline 0.005 -25"><span class='ocrx_word' id='word_1_781' title='bbox 142 5562 311 5633; x_wconf 79' lang='grc' dir='ltr'><strong>παρά</strong></span> <span class='ocrx_word' id='word_1_782' title='bbox 331 5563 436 5633; x_wconf 83' lang='grc' dir='ltr'><strong>τὴν</strong></span> <span class='ocrx_word' id='word_1_783' title='bbox 460 5558 793 5633; x_wconf 82' lang='grc' dir='ltr'>σωματικὴν</span> <span class='ocrx_word' id='word_1_784' title='bbox 819 5561 1191 5633; x_wconf 84' lang='grc' dir='ltr'>παχυμέρειαν</span> <span class='ocrx_word' id='word_1_785' title='bbox 1226 5567 1307 5630; x_wconf 79' lang='grc' dir='ltr'>εἰς</span> <span class='ocrx_word' id='word_1_786' title='bbox 1340 5567 1401 5621; x_wconf 82' lang='grc' dir='ltr'><strong>τὸ</strong></span> <span class='ocrx_word' id='word_1_787' title='bbox 1442 5568 1679 5640; x_wconf 77' lang='grc' dir='ltr'>καθορᾷν</span> <span class='ocrx_word' id='word_1_788' title='bbox 1704 5588 1754 5623; x_wconf 93' lang='grc' dir='ltr'><strong>τι</strong></span> 
     </span>
    </p>
   </div>
   <div class='ocr_carea' id='block_1_107' title="bbox 139 5651 1754 5725">
    <p class='ocr_par' dir='ltr' id='par_1_107' title="bbox 139 5651 1754 5725">
     <span class='ocr_line' id='line_1_107' title="bbox 139 5651 1754 5725; baseline -0.003 -16"><span class='ocrx_word' id='word_1_789' title='bbox 139 5657 265 5710; x_wconf 75' lang='grc' dir='ltr'><strong>τῶν</strong></span> <span class='ocrx_word' id='word_1_790' title='bbox 288 5656 462 5710; x_wconf 68' lang='grc' dir='ltr'>ὀντων</span> <span class='ocrx_word' id='word_1_791' title='bbox 490 5652 781 5708; x_wconf 87' lang='grc' dir='ltr'>δύνασθαι.</span> <span class='ocrx_word' id='word_1_792' title='bbox 818 5651 892 5703; x_wconf 81' lang='grc' dir='ltr'><strong>Οὐ</strong></span> <span class='ocrx_word' id='word_1_793' title='bbox 943 5653 1046 5723; x_wconf 83' lang='grc' dir='ltr'>μὴν</span> <span class='ocrx_word' id='word_1_794' title='bbox 1075 5655 1138 5709; x_wconf 83' lang='grc' dir='ltr'>δι’</span> <span class='ocrx_word' id='word_1_795' title='bbox 1172 5657 1388 5723; x_wconf 86' lang='grc' dir='ltr'>εὐθείας</span> <span class='ocrx_word' id='word_1_796' title='bbox 1418 5661 1562 5725; x_wconf 77' lang='grc' dir='ltr'>τινὸς</span> <span class='ocrx_word' id='word_1_797' title='bbox 1598 5661 1754 5716; x_wconf 80' lang='grc' dir='ltr'>δύνα.</span> 
     </span>
    </p>
   </div>
   <div class='ocr_carea' id='block_1_108' title="bbox 492 5743 1209 5818">
    <p class='ocr_par' dir='ltr' id='par_1_108' title="bbox 492 5743 1209 5818">
     <span class='ocr_line' id='line_1_108' title="bbox 492 5743 1209 5818; baseline 0.004 -11"><span class='ocrx_word' id='word_1_798' title='bbox 492 5745 777 5818; x_wconf 12' lang='lat' dir='ltr'><strong>Pareat}.</strong></span> <span class='ocrx_word' id='word_1_799' title='bbox 828 5743 944 5805; x_wconf 77' lang='lat' dir='ltr'><strong>Gn.</strong></span> <span class='ocrx_word' id='word_1_800' title='bbox 993 5745 1209 5809; x_wconf 73' lang='lat' dir='ltr'><strong>XLIV.</strong></span> 
     </span>
    </p>
   </div>
   <div class='ocr_carea' id='block_1_109' title="bbox 1861 4478 3427 4557">
    <p class='ocr_par' dir='ltr' id='par_1_109' title="bbox 1861 4478 3427 4557">
     <span class='ocr_line' id='line_1_109' title="bbox 1861 4478 3427 4557; baseline 0.008 -27"><span class='ocrx_word' id='word_1_801' title='bbox 1861 4491 2082 4531; x_wconf 90' lang='lat' dir='ltr'><strong>manum</strong></span> <span class='ocrx_word' id='word_1_802' title='bbox 2124 4478 2214 4533; x_wconf 90' lang='lat' dir='ltr'><strong>ille</strong></span> <span class='ocrx_word' id='word_1_803' title='bbox 2240 4479 2457 4548; x_wconf 78' lang='lat' dir='ltr'><strong>quidem</strong></span> <span class='ocrx_word' id='word_1_804' title='bbox 2490 4479 2785 4535; x_wconf 83' lang='lat' dir='ltr'><strong>artificiose</strong></span> <span class='ocrx_word' id='word_1_805' title='bbox 2833 4491 3030 4546; x_wconf 78' lang='lat' dir='ltr'><strong>movet,</strong></span> <span class='ocrx_word' id='word_1_806' title='bbox 3068 4485 3274 4554; x_wconf 89' lang='lat' dir='ltr'><strong>plectro</strong></span> <span class='ocrx_word' id='word_1_807' title='bbox 3303 4490 3427 4557; x_wconf 89' lang='lat' dir='ltr'><strong>qui-</strong></span> 
     </span>
    </p>
   </div>
   <div class='ocr_carea' id='block_1_110' title="bbox 1860 4566 3430 4641">
    <p class='ocr_par' dir='ltr' id='par_1_110' title="bbox 1860 4566 3430 4641">
     <span class='ocr_line' id='line_1_110' title="bbox 1860 4566 3430 4641; baseline 0.006 -20"><span class='ocrx_word' id='word_1_808' title='bbox 1860 4566 1964 4622; x_wconf 87' lang='lat' dir='ltr'><strong>bus</strong></span> <span class='ocrx_word' id='word_1_809' title='bbox 1989 4569 2248 4622; x_wconf 89' lang='lat' dir='ltr'><strong>convenit</strong></span> <span class='ocrx_word' id='word_1_810' title='bbox 2275 4568 2412 4624; x_wconf 89' lang='lat' dir='ltr'><strong>locis</strong></span> <span class='ocrx_word' id='word_1_811' title='bbox 2452 4569 2746 4641; x_wconf 88' lang='lat' dir='ltr'><strong>applicato,</strong></span> <span class='ocrx_word' id='word_1_812' title='bbox 2778 4586 2946 4628; x_wconf 91' lang='lat' dir='ltr'><strong>sonus</strong></span> <span class='ocrx_word' id='word_1_813' title='bbox 2975 4581 3154 4630; x_wconf 90' lang='lat' dir='ltr'><strong>tamen</strong></span> <span class='ocrx_word' id='word_1_814' title='bbox 3194 4578 3277 4631; x_wconf 87' lang='lat' dir='ltr'><strong>vel</strong></span> <span class='ocrx_word' id='word_1_815' title='bbox 3308 4579 3430 4632; x_wconf 86' lang='lat' dir='ltr'><strong>nul-</strong></span> 
     </span>
    </p>
   </div>
   <div class='ocr_carea' id='block_1_111' title="bbox 1859 4659 3427 4738">
    <p class='ocr_par' dir='ltr' id='par_1_111' title="bbox 1859 4659 3427 4738">
     <span class='ocr_line' id='line_1_111' title="bbox 1859 4659 3427 4738; baseline 0.009 -27"><span class='ocrx_word' id='word_1_816' title='bbox 1859 4659 1969 4723; x_wconf 90' lang='lat' dir='ltr'><strong>lus,</strong></span> <span class='ocrx_word' id='word_1_817' title='bbox 1998 4659 2080 4713; x_wconf 87' lang='lat' dir='ltr'><strong>vel</strong></span> <span class='ocrx_word' id='word_1_818' title='bbox 2105 4660 2322 4729; x_wconf 88' lang='lat' dir='ltr'><strong>ignotus</strong></span> <span class='ocrx_word' id='word_1_819' title='bbox 2345 4672 2400 4714; x_wconf 92' lang='lat' dir='ltr'><strong>et</strong></span> <span class='ocrx_word' id='word_1_820' title='bbox 2422 4661 2820 4733; x_wconf 85' lang='lat' dir='ltr'><strong>incompositus</strong></span> <span class='ocrx_word' id='word_1_821' title='bbox 2843 4664 2910 4721; x_wconf 89' lang='lat' dir='ltr'><strong>de</strong></span> <span class='ocrx_word' id='word_1_822' title='bbox 2933 4667 3026 4720; x_wconf 88' lang='lat' dir='ltr'><strong>tali</strong></span> <span class='ocrx_word' id='word_1_823' title='bbox 3057 4665 3241 4722; x_wconf 81' lang='lat' dir='ltr'><strong>fidium</strong></span> <span class='ocrx_word' id='word_1_824' title='bbox 3267 4670 3427 4738; x_wconf 88' lang='lat' dir='ltr'><strong>pulsu</strong></span> 
     </span>
    </p>
   </div>
   <div class='ocr_carea' id='block_1_112' title="bbox 1860 4748 3424 4829">
    <p class='ocr_par' dir='ltr' id='par_1_112' title="bbox 1860 4748 3424 4829">
     <span class='ocr_line' id='line_1_112' title="bbox 1860 4748 3424 4829; baseline 0.006 -25"><span class='ocrx_word' id='word_1_825' title='bbox 1860 4748 2226 4819; x_wconf 77' lang='lat' dir='ltr'><strong>exprimitur:</strong></span> <span class='ocrx_word' id='word_1_826' title='bbox 2263 4751 2336 4804; x_wconf 92' lang='lat' dir='ltr'><strong>ita</strong></span> <span class='ocrx_word' id='word_1_827' title='bbox 2387 4758 2441 4806; x_wconf 90' lang='lat' dir='ltr'><strong>et</strong></span> <span class='ocrx_word' id='word_1_828' title='bbox 2497 4756 2754 4823; x_wconf 81' lang='lat' dir='ltr'><strong>organica</strong></span> <span class='ocrx_word' id='word_1_829' title='bbox 2813 4771 3073 4813; x_wconf 90' lang='lat' dir='ltr'><strong>sensuum</strong></span> <span class='ocrx_word' id='word_1_830' title='bbox 3124 4765 3424 4829; x_wconf 88' lang='lat' dir='ltr'><strong>structura,</strong></span> 
     </span>
    </p>
   </div>
   <div class='ocr_carea' id='block_1_113' title="bbox 1861 4841 3430 4920">
    <p class='ocr_par' dir='ltr' id='par_1_113' title="bbox 1861 4841 3430 4920">
     <span class='ocr_line' id='line_1_113' title="bbox 1861 4841 3430 4920; baseline 0.008 -26"><span class='ocrx_word' id='word_1_831' title='bbox 1861 4841 2078 4910; x_wconf 90' lang='lat' dir='ltr'><strong>quoties</strong></span> <span class='ocrx_word' id='word_1_832' title='bbox 2103 4858 2198 4912; x_wconf 92' lang='lat' dir='ltr'><strong>per</strong></span> <span class='ocrx_word' id='word_1_833' title='bbox 2225 4857 2475 4897; x_wconf 87' lang='lat' dir='ltr'><strong>somnum</strong></span> <span class='ocrx_word' id='word_1_834' title='bbox 2504 4844 2682 4898; x_wconf 80' lang='lat' dir='ltr'><strong>laxata</strong></span> <span class='ocrx_word' id='word_1_835' title='bbox 2708 4855 2812 4908; x_wconf 88' lang='lat' dir='ltr'><strong>est,</strong></span> <span class='ocrx_word' id='word_1_836' title='bbox 2840 4848 2923 4904; x_wconf 88' lang='lat' dir='ltr'><strong>vel</strong></span> <span class='ocrx_word' id='word_1_837' title='bbox 2942 4863 3168 4919; x_wconf 85' lang='lat' dir='ltr'><strong>prorsus</strong></span> <span class='ocrx_word' id='word_1_838' title='bbox 3195 4851 3430 4920; x_wconf 90' lang='lat' dir='ltr'><strong>quiescit</strong></span> 
     </span>
    </p>
   </div>
   <div class='ocr_carea' id='block_1_114' title="bbox 1861 4931 3427 5010">
    <p class='ocr_par' dir='ltr' id='par_1_114' title="bbox 1861 4931 3427 5010">
     <span class='ocr_line' id='line_1_114' title="bbox 1861 4931 3427 5010; baseline 0.007 -25"><span class='ocrx_word' id='word_1_839' title='bbox 1861 4931 2080 4995; x_wconf 79' lang='lat' dir='ltr'><strong>artifex,</strong></span> <span class='ocrx_word' id='word_1_840' title='bbox 2115 4933 2280 4988; x_wconf 86' lang='lat' dir='ltr'><strong>veluti</strong></span> <span class='ocrx_word' id='word_1_841' title='bbox 2316 4948 2439 4988; x_wconf 92' lang='lat' dir='ltr'><strong>cum</strong></span> <span class='ocrx_word' id='word_1_842' title='bbox 2466 4950 2530 4989; x_wconf 81' lang='lat' dir='ltr'><strong>ex</strong></span> <span class='ocrx_word' id='word_1_843' title='bbox 2568 4935 2733 4990; x_wconf 88' lang='lat' dir='ltr'><strong>nimia</strong></span> <span class='ocrx_word' id='word_1_844' title='bbox 2766 4939 3064 5008; x_wconf 84' lang='lat' dir='ltr'><strong>repletione</strong></span> <span class='ocrx_word' id='word_1_845' title='bbox 3102 4956 3164 4995; x_wconf 86' lang='lat' dir='ltr'><strong>ac</strong></span> <span class='ocrx_word' id='word_1_846' title='bbox 3186 4941 3427 5010; x_wconf 84' lang='lat' dir='ltr'><strong>pondere</strong></span> 
     </span>
    </p>
   </div>
   <div class='ocr_carea' id='block_1_115' title="bbox 1860 5021 3427 5095">
    <p class='ocr_par' dir='ltr' id='par_1_115' title="bbox 1860 5021 3427 5095">
     <span class='ocr_line' id='line_1_115' title="bbox 1860 5021 3427 5095; baseline 0.007 -20"><span class='ocrx_word' id='word_1_847' title='bbox 1860 5021 2073 5092; x_wconf 83' lang='lat' dir='ltr'><strong>integra</strong></span> <span class='ocrx_word' id='word_1_848' title='bbox 2120 5022 2469 5079; x_wconf 82' lang='lat' dir='ltr'><strong>instrumenti</strong></span> <span class='ocrx_word' id='word_1_849' title='bbox 2509 5033 2595 5080; x_wconf 87' lang='lat' dir='ltr'><strong>est</strong></span> <span class='ocrx_word' id='word_1_850' title='bbox 2639 5026 2780 5079; x_wconf 87' lang='lat' dir='ltr'><strong>facta</strong></span> <span class='ocrx_word' id='word_1_851' title='bbox 2826 5029 2992 5083; x_wconf 88' lang='lat' dir='ltr'><strong>totius</strong></span> <span class='ocrx_word' id='word_1_852' title='bbox 3028 5030 3307 5095; x_wconf 83' lang='lat' dir='ltr'><strong>relaxatio,</strong></span> <span class='ocrx_word' id='word_1_853' title='bbox 3343 5035 3427 5087; x_wconf 90' lang='lat' dir='ltr'><strong>vel</strong></span> 
     </span>
    </p>
   </div>
   <div class='ocr_carea' id='block_1_116' title="bbox 1859 5112 3425 5184">
    <p class='ocr_par' dir='ltr' id='par_1_116' title="bbox 1859 5112 3425 5184">
     <span class='ocr_line' id='line_1_116' title="bbox 1859 5112 3425 5184; baseline 0.007 -18"><span class='ocrx_word' id='word_1_854' title='bbox 1859 5112 2112 5183; x_wconf 82' lang='lat' dir='ltr'><strong>languide</strong></span> <span class='ocrx_word' id='word_1_855' title='bbox 2128 5122 2179 5166; x_wconf 92' lang='lat' dir='ltr'><strong>et</strong></span> <span class='ocrx_word' id='word_1_856' title='bbox 2209 5114 2445 5167; x_wconf 87' lang='lat' dir='ltr'><strong>obscure</strong></span> <span class='ocrx_word' id='word_1_857' title='bbox 2473 5115 2604 5184; x_wconf 82' lang='lat' dir='ltr'><strong>agit,</strong></span> <span class='ocrx_word' id='word_1_858' title='bbox 2635 5115 3000 5172; x_wconf 88' lang='lat' dir='ltr'><strong>instrumento</strong></span> <span class='ocrx_word' id='word_1_859' title='bbox 3029 5133 3225 5175; x_wconf 90' lang='lat' dir='ltr'><strong>sensus</strong></span> <span class='ocrx_word' id='word_1_860' title='bbox 3254 5129 3425 5179; x_wconf 90' lang='lat' dir='ltr'><strong>artem</strong></span> 
     </span>
    </p>
   </div>
   <div class='ocr_carea' id='block_1_117' title="bbox 1859 5205 3428 5275">
    <p class='ocr_par' dir='ltr' id='par_1_117' title="bbox 1859 5205 3428 5275">
     <span class='ocr_line' id='line_1_117' title="bbox 1859 5205 3428 5275; baseline 0.008 -17"><span class='ocrx_word' id='word_1_861' title='bbox 1859 5205 2058 5259; x_wconf 90' lang='lat' dir='ltr'><strong>mentis</strong></span> <span class='ocrx_word' id='word_1_862' title='bbox 2092 5213 2405 5259; x_wconf 86' lang='lat' dir='ltr'><strong>accuratam</strong></span> <span class='ocrx_word' id='word_1_863' title='bbox 2453 5219 2561 5258; x_wconf 86' lang='lat' dir='ltr'><strong>non</strong></span> <span class='ocrx_word' id='word_1_864' title='bbox 2605 5206 2871 5275; x_wconf 86' lang='lat' dir='ltr'><strong>capiente.</strong></span> <span class='ocrx_word' id='word_1_865' title='bbox 2921 5206 3133 5266; x_wconf 89' lang='lat' dir='ltr'><strong>Idcirco</strong></span> <span class='ocrx_word' id='word_1_866' title='bbox 3165 5215 3428 5270; x_wconf 87' lang='lat' dir='ltr'><strong>memoria</strong></span> 
     </span>
    </p>
   </div>
   <div class='ocr_carea' id='block_1_118' title="bbox 1857 5292 3425 5369">
    <p class='ocr_par' dir='ltr' id='par_1_118' title="bbox 1857 5292 3425 5369">
     <span class='ocr_line' id='line_1_118' title="bbox 1857 5292 3425 5369; baseline 0.004 -20"><span class='ocrx_word' id='word_1_867' title='bbox 1857 5292 2110 5357; x_wconf 88' lang='lat' dir='ltr'><strong>confusa,</strong></span> <span class='ocrx_word' id='word_1_868' title='bbox 2141 5302 2195 5349; x_wconf 92' lang='lat' dir='ltr'><strong>et</strong></span> <span class='ocrx_word' id='word_1_869' title='bbox 2226 5294 2309 5350; x_wconf 88' lang='lat' dir='ltr'><strong>vis</strong></span> <span class='ocrx_word' id='word_1_870' title='bbox 2339 5293 2694 5364; x_wconf 81' lang='lat' dir='ltr'><strong>praesagiendi</strong></span> <span class='ocrx_word' id='word_1_871' title='bbox 2725 5295 2994 5366; x_wconf 84' lang='lat' dir='ltr'><strong>ambiguis</strong></span> <span class='ocrx_word' id='word_1_872' title='bbox 3025 5299 3080 5353; x_wconf 90' lang='lat' dir='ltr'><strong>in</strong></span> <span class='ocrx_word' id='word_1_873' title='bbox 3101 5301 3425 5369; x_wconf 86' lang='lat' dir='ltr'><strong>quibusdam</strong></span> 
     </span>
    </p>
   </div>
   <div class='ocr_carea' id='block_1_119' title="bbox 1857 5385 3426 5458">
    <p class='ocr_par' dir='ltr' id='par_1_119' title="bbox 1857 5385 3426 5458">
     <span class='ocr_line' id='line_1_119' title="bbox 1857 5385 3426 5458; baseline 0.006 -19"><span class='ocrx_word' id='word_1_874' title='bbox 1857 5385 2179 5441; x_wconf 85' lang='lat' dir='ltr'><strong>velamentis</strong></span> <span class='ocrx_word' id='word_1_875' title='bbox 2238 5385 2396 5455; x_wconf 90' lang='lat' dir='ltr'><strong>quasi</strong></span> <span class='ocrx_word' id='word_1_876' title='bbox 2451 5386 2794 5443; x_wconf 89' lang='lat' dir='ltr'><strong>dormitando</strong></span> <span class='ocrx_word' id='word_1_877' title='bbox 2852 5397 3073 5458; x_wconf 87' lang='lat' dir='ltr'><strong>nutans,</strong></span> <span class='ocrx_word' id='word_1_878' title='bbox 3133 5394 3426 5450; x_wconf 83' lang='lat' dir='ltr'><strong>simulacra</strong></span> 
     </span>
    </p>
   </div>
   <div class='ocr_carea' id='block_1_120' title="bbox 1858 5476 3423 5553">
    <p class='ocr_par' dir='ltr' id='par_1_120' title="bbox 1858 5476 3423 5553">
     <span class='ocr_line' id='line_1_120' title="bbox 1858 5476 3423 5553; baseline 0.006 -23"><span class='ocrx_word' id='word_1_879' title='bbox 1858 5491 2067 5541; x_wconf 89' lang='lat' dir='ltr'><strong>rerum,</strong></span> <span class='ocrx_word' id='word_1_880' title='bbox 2099 5476 2300 5546; x_wconf 88' lang='lat' dir='ltr'><strong>quibus</strong></span> <span class='ocrx_word' id='word_1_881' title='bbox 2326 5476 2556 5549; x_wconf 86' lang='lat' dir='ltr'><strong>vigilans</strong></span> <span class='ocrx_word' id='word_1_882' title='bbox 2586 5490 2905 5549; x_wconf 89' lang='lat' dir='ltr'><strong>occupatur,</strong></span> <span class='ocrx_word' id='word_1_883' title='bbox 2943 5481 3288 5553; x_wconf 86' lang='lat' dir='ltr'><strong>imaginando</strong></span> <span class='ocrx_word' id='word_1_884' title='bbox 3318 5485 3423 5540; x_wconf 88' lang='lat' dir='ltr'><strong>sibi</strong></span> 
     </span>
    </p>
   </div>
   <div class='ocr_carea' id='block_1_121' title="bbox 1858 5568 3424 5644">
    <p class='ocr_par' dir='ltr' id='par_1_121' title="bbox 1858 5568 3424 5644">
     <span class='ocr_line' id='line_1_121' title="bbox 1858 5568 3424 5644; baseline 0.006 -20"><span class='ocrx_word' id='word_1_885' title='bbox 1858 5568 2156 5624; x_wconf 88' lang='lat' dir='ltr'><strong>informare</strong></span> <span class='ocrx_word' id='word_1_886' title='bbox 2208 5569 2449 5625; x_wconf 89' lang='lat' dir='ltr'><strong>videtur:</strong></span> <span class='ocrx_word' id='word_1_887' title='bbox 2499 5585 2677 5640; x_wconf 88' lang='lat' dir='ltr'><strong>neque</strong></span> <span class='ocrx_word' id='word_1_888' title='bbox 2718 5587 2828 5627; x_wconf 89' lang='lat' dir='ltr'><strong>non</strong></span> <span class='ocrx_word' id='word_1_889' title='bbox 2864 5574 3156 5644; x_wconf 88' lang='lat' dir='ltr'><strong>aliquando</strong></span> <span class='ocrx_word' id='word_1_890' title='bbox 3188 5592 3251 5631; x_wconf 90' lang='lat' dir='ltr'><strong>ea</strong></span> <span class='ocrx_word' id='word_1_891' title='bbox 3300 5591 3424 5644; x_wconf 70' lang='lat' dir='ltr'><strong>qua)</strong></span> 
     </span>
    </p>
   </div>
   <div class='ocr_carea' id='block_1_122' title="bbox 1857 5659 3416 5733">
    <p class='ocr_par' dir='ltr' id='par_1_122' title="bbox 1857 5659 3416 5733">
     <span class='ocr_line' id='line_1_122' title="bbox 1857 5659 3416 5733; baseline 0 -16"><span class='ocrx_word' id='word_1_892' title='bbox 1857 5659 2056 5717; x_wconf 85' lang='lat' dir='ltr'><strong>deinde</strong></span> <span class='ocrx_word' id='word_1_893' title='bbox 2081 5661 2457 5733; x_wconf 86' lang='lat' dir='ltr'><strong>comprobaret</strong></span> <span class='ocrx_word' id='word_1_894' title='bbox 2489 5670 2738 5733; x_wconf 84' lang='lat' dir='ltr'><strong>eventus,</strong></span> <span class='ocrx_word' id='word_1_895' title='bbox 2767 5665 3043 5721; x_wconf 83' lang='lat' dir='ltr'><strong>indicavit.</strong></span> <span class='ocrx_word' id='word_1_896' title='bbox 3068 5662 3198 5717; x_wconf 79' lang='lat' dir='ltr'><strong>Nam</strong></span> <span class='ocrx_word' id='word_1_897' title='bbox 3226 5674 3416 5729; x_wconf 69' lang='lat' dir='ltr'><strong>prmter</strong></span> 
     </span>
    </p>
   </div>
   <div class='ocr_carea' id='block_1_123' title="bbox 3099 5754 3137 5819">
    <p class='ocr_par' dir='ltr' id='par_1_123' title="bbox 3099 5754 3137 5819">
     <span class='ocr_line' id='line_1_123' title="bbox 3099 5754 3137 5819; baseline 0 0"><span class='ocrx_word' id='word_1_898' title='bbox 3099 5754 3137 5819; x_wconf 81' lang='lat' dir='ltr'><strong>G</strong></span> 
     </span>
    </p>
   </div>
  </div>
