3794 6000
414 250 515 307 171

1687 244 1746 300 S.
1781 241 2108 302 GREGORII
2145 245 2442 305 NYSSENI
3546 256 3629 312 172

412 378 558 428 eam,
581 375 702 432 qua:
721 361 776 416 in
801 359 1053 431 corporis
1073 364 1158 415 est
1183 362 1632 428 temperamento,
1656 357 1991 423 crassitiem,

2096 361 2485 432 ταιδιασαφεῖν
2512 360 2572 416 τὸ
2605 360 2915 432 λεγόμενον,
2949 360 3025 426 ὡς
3055 362 3299 435 τηλαυγῆ
3326 381 3383 418 τε
3414 365 3501 422 καὶ
3520 372 3628 442 πρό-

420 457 584 510 habet
627 451 886 523 quiddam
935 466 1031 521 per
1077 458 1286 505 natura:
1330 447 1710 514 subtilitatem,
1763 463 1872 519 quo
1903 462 1995 505 res

419 545 732 619 perspicere
768 543 963 613 possit.
1002 541 1186 613 Neque
1223 549 1404 597 tamen
1432 540 1525 595 illa
1551 547 1636 596 est
1675 539 1780 606 vis,
1811 547 1872 595 ut
1904 541 1992 596 di-

416 631 569 693 recto
627 635 810 690 futura
865 634 1124 698 declaret,
1188 632 1368 704 deque
1425 631 1494 688 iis
1542 631 1781 687 dilucide
1829 639 1994 700 alque

417 733 603 795 aperte
632 739 736 780 nos
761 723 985 779 doceat:
1031 723 1126 778 sed
1147 730 1232 778 est
1259 731 1469 777 tantum
1494 721 1742 792 quaedam
1768 721 1991 790 obliqua

415 824 470 871 et
489 815 742 886 ambigua
768 814 935 870 futuri
957 823 1184 870 eventus
1210 812 1558 884 signiﬁcatio,
1584 827 1745 883 quam
1763 812 1991 883 aenigma

417 919 640 975 vocant,
691 910 787 980 qui
836 909 892 963 in
931 907 1018 964 his
1068 905 1492 978 interpretandis
1540 911 1847 960 versantur.
1900 902 1992 958 Sic

419 1002 513 1071 qui
555 1016 585 1055 a
617 1000 829 1071 poculis
865 1007 982 1055 erat
1013 997 1306 1061 Pharaoni,
1348 1011 1446 1067 per
1472 1009 1726 1050 somnum
1763 995 1818 1047 in
1849 993 1990 1064 regis

422 1093 650 1147 calicem
688 1093 903 1146 botrum
929 1089 1218 1159 exprimit:
1261 1087 1342 1143 sic
1374 1088 1550 1156 pistor
1587 1083 1852 1155 ejusdem,
1899 1098 1988 1138 ca-

423 1184 658 1240 nistrum
693 1182 796 1237 sibi
837 1189 1050 1252 gestare
1074 1179 1290 1234 videtur
1311 1178 1380 1235 ¹¹³.
1413 1176 1551 1244 Quia
1584 1176 1726 1230 enim
1768 1183 1994 1244 uterque

420 1275 653 1345 vigilans
709 1273 794 1329 his
843 1271 1010 1326 rebus
1051 1268 1311 1340 occupari
1363 1281 1695 1338 magnopere
1752 1273 1992 1335 cuperet,

421 1365 587 1421 etiam
642 1380 739 1436 per
793 1377 1043 1418 somnum
1099 1375 1162 1417 ea
1217 1359 1333 1414 fieri
1389 1359 1633 1429 putabat.
1690 1357 1995 1412 Simulacra

2095 451 2254 522 δηλον
2278 447 2416 506 εῖναι
2439 452 2536 524 τὴν
2575 451 2684 506 τῶν
2715 452 3090 524 προκειμένων
3123 453 3490 510 διδασκαλίαν·
3512 459 3630 515 ἀλλὰ

2094 538 2224 611 λοξὴ
2251 541 2345 593 καὶ
2373 539 2673 610 ἀμφίϐολος
2703 538 2798 592 τοῦ
2827 540 3112 610 μέλλοντος
3130 542 3163 609 ἡ
3187 539 3409 610 δήλωσις
3433 543 3630 611 γίνεται.

2094 632 2230 703 ὅπερ
2259 632 2487 703 αἴνιγμα
2513 633 2760 702 λέγουσιν
2791 635 2840 686 οἱ
2865 632 2932 686 τὰ
2959 632 3185 686 τοιαῦτα
3234 634 3629 707 ὑποκρινόμενοι.

2099 721 2284 786 Οῦτως
2312 723 2340 775 6
2367 722 2602 794 οἰνοχόος
2651 722 2887 777 ἐκθλίϐει
2934 723 3030 794 τὴν
3060 722 3254 796 βότρυν
3281 729 3345 796 τῇ
3368 726 3535 780 κύλικι
3555 726 3633 780 τοῦ

2096 814 2296 886 Φαραώ
2319 831 2334 846 ο
2357 815 2499 868 οῦτω
2524 817 2851 886 κανηφορεῖν
2883 816 2913 868 ὀ
2952 815 3220 878 σιτοποιὸς
3252 815 3560 886 ἐφαντάσθη,
3586 820 3634 871 ἐν

2096 901 2178 970 οἷς
2207 906 2327 960 καθ’
2353 905 2499 978 ὕπαρ
2528 906 2786 978 ἑκάτερος
2810 908 2908 979 τὴν
2935 906 3166 976 σπουδὴν
3191 901 3355 976 εἶχεν,
3382 909 3435 961 ἐν
3455 907 3636 971 τούτοις

2095 992 2234 1050 εἴναι
2267 997 2361 1050 καὶ
2381 997 2476 1057 διὰ.
2496 996 2602 1051 τῶν
2623 997 2845 1069 ὀνείρων
2874 998 3136 1068 οἰόμενος.
3157 999 3276 1052 Τῶν
3293 999 3396 1070 γὰρ
3421 1001 3635 1070 συνήθων

2097 1087 2277 1150 αὐτοῖς
2303 1087 2745 1158 ἐπιτηδευμάτων
2763 1087 2830 1141 τὰ
2856 1088 3046 1140 εἴδωλα
3071 1087 3150 1158 τῷ
3162 1089 3536 1159 προγνωστικῷ
3555 1089 3636 1159 τῆς

2095 1178 2273 1249 ψυχῆς
2306 1178 2708 1244 ἐντυπωθέντα,
2739 1179 3012 1250 παρέσχεν
3051 1181 3142 1234 ἐπὶ
3185 1180 3376 1251 καιροῦ
3419 1181 3518 1233 τῶν
3559 1183 3638 1235 ἐκ·

2101 1267 2418 1339 σησομένων
2465 1269 2554 1322 διὰ
2605 1270 2704 1341 τῆς
2749 1270 3003 1342 τοιαύτης
3057 1272 3151 1324 τοῦ
3194 1271 3287 1326 νοῦ
3339 1273 3640 1342 προφητείας

2101 1373 2242 1410 κατα
2249 1357 2672 1428 μαντεύσασθαι.

423 1471 660 1526 namque
700 1455 1006 1512 studiorum
1034 1466 1098 1507 ac
1125 1452 1269 1515 vitae,
1300 1451 1389 1506 cui
1414 1457 1792 1506 assueverant.
1825 1449 1963 1519 parti
1992 1447 2159 1525 animi
2190 1449 2258 1504 de
2282 1449 2483 1506 futuris
2523 1449 2831 1522 dispicienti
2863 1451 3152 1521 impressa,
3190 1453 3456 1511 faciebant
3488 1464 3540 1508 ut
3564 1472 3641 1526 per

422 1546 564 1601 hanc
599 1545 799 1602 mentis
843 1542 1276 1615 praesagitionem
1305 1539 1590 1612 quiddam,
1637 1541 1726 1594 cui
1791 1537 2146 1608 responderet
2173 1547 2421 1612 eventus,
2456 1541 2561 1596 sibi
2591 1541 3032 1598 vaticinarentur.

495 1637 632 1692 Illud
654 1638 895 1708 quidem,
926 1637 1071 1708 quod
1103 1635 1294 1690 Daniel
1323 1642 1379 1691 et
1401 1633 1677 1707 Iosephus
1705 1641 1760 1690 et
1791 1634 1878 1690 bis
1906 1633 1993 1688 alii

2169 1633 2233 1688 Εἰ
2261 1635 2318 1689 δέ
2344 1636 2542 1707 Δανιὴλ
2574 1635 2915 1709 καὶἸωσὴφ,
2949 1639 3043 1692 καὶ
3073 1640 3121 1692 οἰ
3153 1643 3272 1695 κατ’
3295 1641 3524 1708 ἐκείνους
3545 1644 3644 1714 θεία

414 1728 756 1792 consimiles,
819 1726 1074 1783 facultate
1095 1725 1328 1797 quadam
1356 1724 1562 1790 divina,
1598 1723 1853 1780 sensibus
1885 1723 1990 1777 mi-

423 1820 570 1876 nime
595 1819 948 1888 perturbatis,
989 1832 1175 1872 rerum
1227 1817 1539 1871 futurarum
1569 1815 1878 1885 cognitione
1907 1814 1993 1868 in-

421 1911 616 1966 structi
650 1909 890 1977 fuerunt,
941 1909 1078 1964 nihil
1116 1907 1185 1963 ad
1217 1907 1274 1962 id
1303 1907 1372 1963 de
1425 1923 1535 1978 quo
1559 1908 1740 1979 agitur
1778 1907 1993 1962 attinet.

421 2002 541 2058 Non
576 2001 722 2056 enim
755 2001 1047 2072 quisquam
1077 1999 1195 2055 hec
1218 2005 1369 2054 recte
1401 1998 1469 2054 ad
1497 1997 1836 2055 somniorum
1866 1995 1996 2053 effe-

423 2101 512 2147 cta
540 2092 810 2158 retulerit,
858 2091 964 2146 nisi
997 2091 1138 2145 forte
1173 2090 1387 2146 ratione
1416 2089 1604 2148 eadem
1643 2089 1856 2145 divinas
1899 2103 1995 2159 ap-

423 2183 743 2254 paritiones,
786 2197 910 2253 quae
947 2179 1227 2237 nonnullis
1258 2180 1609 2251 vigilantibus
1641 2195 1700 2236 se
1736 2178 1990 2245 offerunt,

423 2287 530 2327 non
563 2271 852 2342 peculiaria
873 2270 1010 2336 visa,
1034 2270 1129 2327 sed
1147 2276 1578 2325 consentaneum
1598 2283 1737 2339 opus
1759 2277 1989 2332 naturae,

423 2369 614 2431 suapte
637 2361 685 2415 vi
714 2359 948 2431 quadam
975 2359 1029 2414 id
1055 2357 1361 2422 efﬁcientis,
1389 2372 1513 2414 esse
1541 2365 1764 2414 statuat.
1789 2356 1992 2422 Quent—

424 2453 718 2508 admodum
758 2465 910 2522 ergo,
953 2465 1080 2504 cum
1139 2448 1388 2505 homines
1428 2447 1669 2502 universi
1735 2461 1768 2500 a
1813 2453 1997 2500 mente

422 2543 642 2613 propria
688 2548 969 2612 regantur,
1011 2539 1172 2611 pauci
1218 2547 1401 2595 tamen
1428 2537 1651 2608 quidam
1698 2537 1992 2604 exsistunt,

423 2633 748 2703 quibuscum
779 2631 922 2688 Deus
957 2630 1252 2687 manifesto
1277 2645 1415 2702 pene
1441 2629 1764 2684 familiarem
1798 2629 1853 2683 in
1879 2643 1998 2682 mo-

423 2727 554 2782 dum
579 2733 862 2780 versatur:
897 2725 976 2780 sic
998 2738 1122 2778 cum
1144 2723 1228 2779 vis
1254 2720 1590 2793 imaginandi
1620 2734 1717 2791 per
1742 2733 1996 2774 somnum

418 2816 680 2872 omnibus
713 2829 866 2886 atque
911 2827 976 2869 ac
1003 2813 1123 2870 sine
1156 2813 1469 2870 discrimine
1513 2827 1545 2868 a
1580 2822 1777 2868 natura
1812 2811 1884 2867 sit
1916 2811 1999 2866 in—

424 2907 560 2972 dita,
601 2907 758 2976 pauci
794 2921 862 2961 ex
892 2905 1276 2960 universorum
1320 2913 1463 2960 coetu
1509 2913 1656 2972 sunt,
1689 2903 1890 2972 quibus
1919 2902 1999 2956 di-

425 2997 638 3054 viniora
665 3012 725 3053 se
756 2995 1095 3052 somniorum
1129 2995 1243 3050 visa
1269 2995 1524 3050 offerunt.
1566 2992 1759 3048 Caeteri
1791 2991 1836 3048 si
1865 2991 1994 3062 quid
2023 2978 2065 3036 C

426 3087 497 3142 de
540 3086 878 3143 somniorum
912 3083 1245 3153 conjecturis
1277 3083 1354 3138 rei
1394 3083 1591 3136 futura:
1618 3091 1991 3150 cognoscunt:

425 3179 478 3233 id
512 3187 685 3233 totum
716 3177 833 3235 fieri
868 3193 978 3244 eo,,
1000 3193 1109 3248 quo
1138 3177 1433 3231 indicatum
1462 3181 1568 3238 est,
1611 3171 1773 3226 modo
1800 3179 1998 3241 putan-

425 3269 552 3325 dum
586 3271 709 3327 erit.
745 3269 900 3336 Quod
934 3277 1112 3325 autem
1139 3275 1194 3323 et
1220 3265 1510 3338 [Egyplius
1546 3273 1600 3320 et
1623 3263 1882 3334 Assyrius
1911 3269 1996 3333 ty-

425 3376 632 3419 rannus
669 3361 764 3418 Dei
810 3369 949 3418 nutu
994 3361 1060 3417 ad
1097 3359 1406 3415 futurorum
1458 3356 1744 3414 scientiam
1777 3353 1997 3408 deducti

425 3462 574 3518 sunt,
625 3455 728 3509 hoc
775 3468 991 3525 quoque
1030 3452 1140 3506 alio
1189 3449 1520 3520 respiciente
1559 3447 1670 3502 Deo
1719 3445 1991 3501 usuvenit.

421 3546 560 3602 Nam
589 3561 654 3602 eo
681 3555 839 3617 pacto
863 3553 1178 3602 sanctorum
1211 3539 1570 3612 quorumdam
1599 3537 1880 3592 hominum
1909 3549 1999 3591 sa-

424 3639 684 3710 pientiam
718 3639 972 3694 omnibus
1015 3637 1361 3692 innotescere
1390 3630 1654 3702 oportuit,
1693 3638 1752 3682 ut
1781 3642 1844 3682 ea
1874 3627 1997 3682 vita:

424 3731 708 3786 hominum
753 3729 902 3784 utilis
944 3737 1107 3783 esset.
1151 3725 1253 3792 Qui
1283 3725 1429 3780 enim
1461 3722 1576 3777 fieri
1611 3722 1902 3790 potuisset,
1937 3727 1996 3774 ut

426 3823 482 3875 in
510 3819 729 3874 Daniele
758 3817 988 3872 facultas
1018 3831 1141 3872 esse
1177 3812 1514 3870 vaticinandi
1557 3809 1994 3882 deprehendere-

425 3922 537 3974 tur,
567 3909 676 3964 nisi
721 3914 1102 3963 excantatores
1131 3912 1186 3960 et
1235 3903 1376 3972 magi
1426 3901 1700 3956 somnium
1769 3898 1912 3969 regis
1941 3903 1996 3952 et

427 3999 671 4056 invenire
735 4005 790 4052 et
865 3993 1216 4065 interpretari
1294 3989 1659 4062 nequissent?
1720 3985 1994 4057 quomodo

427 4091 806 4164 :Egyptiorum
831 4084 1145 4143 conservari
1175 4083 1324 4138 natio
1356 4081 1645 4153 potuisset,
1670 4077 1908 4147 Josepho
1935 4077 1992 4131 in

425 4202 646 4244 carcere
671 4185 854 4240 abdito
876 4189 930 4238 et
955 4181 1239 4244 concluso,
1272 4181 1317 4235 si
1348 4194 1454 4233 non
1491 4177 1689 4232 somnii
1729 4175 1991 4245 explana-

426 4280 505 4333 tio
555 4277 876 4348 prmbuisset
908 4273 1273 4336 occasionem,
1330 4285 1434 4341 qua
1487 4271 1541 4324 in
1571 4276 1772 4324 cretum
1825 4266 1992 4320 totius
2027 4305 2070 4360 Β

427 4369 606 4438 gentis
631 4366 1040 4423 accerseretur?
1065 4364 1278 4420 Idcirco
1312 4361 1658 4418 statuendum
1681 4368 1787 4424 est,
1816 4357 1994 4413 diver-

427 4473 544 4514 sam
585 4458 778 4512 hornm
826 4456 1092 4511 rationem
1117 4469 1259 4521 esse,
1300 4468 1422 4525 quae
1461 4452 1529 4506 ad
1563 4466 1882 4507 communes
1909 4450 1993 4504 vi-

426 4549 612 4606 siones
641 4561 748 4602 non
779 4556 1064 4616 congruat.
1101 4544 1312 4601 Usitata
1340 4558 1466 4600 vero
1489 4541 1822 4598 somniorum
1855 4541 1990 4606 visa,

425 4638 680 4694 omnibus
699 4637 880 4699 obvia,
914 4650 1172 4706 perquam
1212 4634 1379 4690 variis
1404 4633 1579 4687 modis
1607 4631 1991 4686 informantur.

423 4729 535 4786 Αυι
562 4728 729 4791 enim,
768 4724 1224 4797 quemadmodum
1267 4731 1352 4779 est
1383 4722 1710 4792 expositum,
1763 4720 1991 4777 extremi

425 4818 586 4891 quasi
633 4817 753 4873 soni
797 4815 1119 4870 diurnarum
1148 4813 1492 4870 effectionum
1532 4811 1588 4866 in
1637 4819 1792 4882 parte
1825 4809 1992 4866 animi

427 4909 812 4966 reminiscente
837 4905 1031 4976 reliqui
1062 4903 1323 4966 tinniunt,
1357 4909 1450 4956 aut
1471 4916 1570 4972 pro
1589 4916 1655 4956 eo
1685 4909 1849 4970 atque
1876 4915 1996 4954 cor-

427 5018 530 5073 pus
569 5000 817 5056 affectum
849 5006 956 5061 est,
1012 4995 1223 5050 somnia
1251 5009 1468 5064 quoque
1508 4993 1802 5064 ﬁnguntur.
1842 4993 1998 5048 Patet

428 5093 533 5148 hoc
576 5109 641 5150 ex
686 5108 774 5158 eo,
819 5090 962 5162 quod
1009 5087 1102 5158 qui
1146 5086 1359 5151 sitiunt,
1416 5101 1538 5142 esse
1567 5087 1632 5139 ad
1668 5083 1844 5140 fontes
1874 5099 1997 5140 sese

427 5180 781 5236 existimant:
829 5178 924 5248 qui
953 5175 1226 5240 esuriunt,
1271 5173 1325 5226 in
1350 5173 1639 5238 conviviis,
1675 5173 1996 5228 adolescens

429 5288 526 5340 per
568 5279 782 5326 aetatem
825 5269 1140 5335 lasciviens,
1197 5274 1565 5324 consentanea
1616 5264 1825 5320 libidini
1883 5277 1994 5319 sua:

429 5365 776 5435 imaginatur.
807 5361 1064 5431 Equidem
1093 5369 1148 5419 et
1173 5362 1335 5416 aliam
1363 5359 1650 5431 quamdam
1674 5365 1872 5428 praeter
1895 5358 1993 5413 has

428 5451 1011 5507 somniorumcausam
1035 5451 1222 5519 didici,
1260 5466 1385 5507 cum
1413 5449 1782 5506 necessarium
1808 5462 1996 5518 quem-

496 5601 538 5630 ⁸³
569 5607 701 5662 Gen.
728 5623 816 5676 XL,
856 5609 876 5663 l
918 5624 1070 5679 seqq.

2099 1723 2349 1796 δυνάμει,
2375 1727 2642 1799 μηδεμιᾶς
2654 1729 2853 1793 αὐτοὺς
2871 1730 3222 1803 ἐπιθολούσης
3237 1733 3550 1804 αἰσθήσεως,
3564 1736 3647 1806 τὴν

2099 1815 2210 1869 τῶν
2259 1817 2561 1888 μελλόντων
2592 1819 2791 1889 γνῶσιν
2818 1823 3292 1893 προεπαιδεύοντο,
3325 1826 3472 1880 οὐδὲν
3511 1825 3647 1880 τοῦτο

2099 1906 2237 1978 πρὸς
2257 1908 2349 1962 τὸν
2373 1910 2924 1982 προκείμενονλόγον.
2947 1914 3079 1967 Οὐδὲ
3102 1913 3211 1986 γὰρ
3227 1917 3293 1970 ἄν
3311 1935 3392 1980 τις
3405 1917 3564 1971 ταῦτα
3590 1919 3645 1987 τῇ

2098 1993 2322 2066 δυνάμει
2342 1997 2452 2053 τῶν
2475 1999 2742 2054 ἐνυπνίων
2763 2000 3052 2071 λογίσαιτο,
3085 2005 3207 2060 ἐπεὶ
3233 2007 3450 2070 πάντως
3476 2007 3534 2059 ἐκ
3568 2006 3647 2058 τοῦ

2098 2086 2392 2142 ἀκολούθου
2416 2091 2510 2144 καὶ
2523 2091 2622 2156 τὰς
2643 2092 2765 2146 καθ’
2779 2093 2924 2166 ῦπαρ
2935 2096 3225 2167 γινομένας
3242 2097 3553 2168 θεοφανείας
3565 2099 3650 2151 οὐκ

2099 2179 2385 2244 ὀπτασίαν,
2404 2181 2539 2236 ἀλλὰ
2565 2183 2778 2251 φύσεως
2792 2184 3112 2241 ἀκολουθίαν
3137 2188 3277 2242 κατὰ
3296 2188 3358 2243 τὺ
3378 2191 3650 2260 αὐτόματον

2098 2268 2495 2342 ἐνεργουμένην
2514 2274 2771 2344 οἰήσεται.
2799 2275 3006 2347 Ὠσπερ
3025 2277 3201 2331 τοίνυν
3223 2280 3441 2334 πάντων
3468 2275 3652 2348 ἀνθρώ-

2098 2375 2214 2412 πων
2231 2360 2372 2413 κατὰ
2386 2361 2476 2414 τὸν
2498 2361 2626 2415 ἴδιον
2647 2364 2772 2417 νοῦν
2795 2365 3195 2438 διοικουμένων,
3213 2369 3385 2440 ὀλίγοι
3429 2375 3559 2433 τινές
3583 2369 3654 2421 εἰ-

2101 2463 2184 2500 σιν
2210 2450 2258 2500 οἰ
2287 2448 2387 2520 τῆς
2415 2449 2563 2514 θείας
2586 2452 2800 2522 ὁμιλίας
2825 2455 2889 2507 ἐκ
2921 2455 3015 2508 τοῦ
3040 2457 3318 2528 ἐμφανοῦς
3347 2459 3651 2529 ἀξιούμενοι·

2097 2535 2242 2590 οὕτω
2279 2539 2475 2603 κοινῶς
2501 2542 2635 2595 πᾶσι
2673 2544 2767 2598 καὶ
2796 2543 3072 2615 ὀμοτίμως
3101 2546 3202 2616 τῆς
3244 2547 3304 2600 ἐν
3329 2548 3512 2612 ὕπνοις
3539 2563 3656 2616 φαν-

2097 2630 2291 2694 τασίας
2338 2633 2478 2687 κατὰ
2536 2633 2696 2703 φύσιν
2745 2638 3138 2708 ἐγγινομένης,
3175 2641 3463 2712 μετέχουσι
3504 2656 3652 2702 τινες,

2097 2720 2218 2791 οὐχὶ
2255 2723 2474 2788 πάντες,
2520 2725 2794 2797 θειοτέρας
2826 2727 2967 2790 τινὸς
3013 2728 3099 2782 διὰ
3144 2730 3251 2785 τῶν
3303 2732 3526 2804 ὀνείρων
3564 2730 3655 2800 τῆς

2098 2812 2416 2883 ἐμφανείας.
2459 2817 2586 2881 Τοῖς
2629 2818 2674 2871 δ’
2703 2819 2883 2883 ἄλλοις
2924 2822 3057 2874 πᾶσι
3099 2820 3203 2874 κᾶν
3251 2823 3478 2895 γένηταί
3505 2839 3586 2886 τις
3606 2820 3656 2884 ἐξ

2099 2905 2365 2960 ἐνυπνίων
2401 2908 2528 2979 περί
2572 2927 2624 2962 τι
2673 2910 3014 2980 πρόγνωσις,
3051 2911 3192 2965 κατὰ
3236 2913 3330 2967 τὸν
3387 2913 3657 2986 εἰρημένω

2098 2995 2307 3064 γίνεται
2333 2997 2550 3067 τρόπον.
2583 3000 2645 3052 Εἰ
2675 2999 2731 3052 δὲ
2763 3002 2858 3054 καὶ
2889 3004 2917 3055 ὀ
2961 3003 3258 3071 Αἰγύπτιος
3293 3006 3390 3058 καί¹
3418 3007 3447 3057 6
3481 3004 3658 3058 Ἀσσύ-

2099 3104 2212 3159 ριος
2247 3087 2507 3159 τύραννος
2541 3088 2724 3143 θεόθεν
2760 3091 2897 3163 πρὸς
2923 3093 3024 3163 τὴν
3061 3093 3169 3148 τῶν
3203 3096 3505 3165 μελλόντων
3531 3095 3654 3165 ὡδηο

2097 3177 2290 3246 γοῦντο
2319 3178 2544 3246 γνῶσιν,
2571 3179 2758 3250 ἔτερόν
2782 3182 2897 3235 ἐστι
2934 3183 2996 3235 τὸ
3021 3184 3108 3237 διὰ
3134 3185 3340 3240 τούτων
3364 3184 3662 3255 οἰκονομού-

2100 3285 2258 3339 μενον
2277 3287 2290 3300 ο
2320 3269 2697 3341 φανερωθῆναι
2729 3271 2838 3343 γάρ
2876 3271 2981 3326 ἔδει
3017 3279 3408 3351 κεκρυμμένην
3436 3280 3534 3349 τὴν
3563 3277 3662 3331 τῶν

2097 3362 2270 3430 ἁγίων
2297 3362 2508 3432 σοφίαν,
2539 3362 2614 3425 ὼς
2657 3362 2724 3415 ἂν
2756 3363 2830 3434 μὴ
2864 3364 3135 3436 ἄχρηστος
3179 3368 3256 3440 τῷ
3286 3370 3455 3441 κοινῷ
3498 3387 3662 3441 παρα-

2094 3455 2278 3527 δράμῃ
2302 3454 2390 3508 τὸν
2443 3453 2576 3524 βίον.
2617 3454 2742 3516 Πῶς
2769 3454 2876 3526 γὰρ
2913 3455 3158 3527 ἐγνώσθη
3193 3459 3437 3525 τοιοῦτος
3465 3460 3540 3514 ὢν
3567 3463 3662 3512 Δα-

2094 3548 2235 3620 νιὴλ,
2277 3547 2351 3620 μὴ
2379 3547 2484 3601 τῶν
2528 3545 2794 3599 ἐπαοιδῶν
2841 3547 2936 3599 καὶ
2973 3547 3161 3617 μάγων
3195 3549 3332 3618 πρὸς
3364 3553 3468 3623 τὴν
3521 3551 3664 3622 εὗρε.

2096 3659 2180 3696 σιν
2218 3642 2317 3713 τῆς
2363 3639 2661 3712 φαντασίας
2702 3637 3077 3709 ἀτονησόιντων
3105 3656 3120 3705 ;
3152 3639 3276 3702 Πῶς
3311 3641 3357 3694 δ’
3393 3645 3464 3697 ἂν
3523 3659 3665 3712 περι.

2097 3728 2278 3797 ισώθη
2293 3729 2354 3781 τὸ
2373 3729 2664 3796 Αἰγύπτιον
2681 3728 2850 3790 ἔθνος,
2872 3728 2929 3778 ἐν
2953 3725 3314 3797 δεσμωτηρίῳ
3333 3727 3662 3798 meam-mg-

2095 3835 2188 3874 νου
2221 3817 2314 3871 τοῦ
2357 3818 2578 3888 Ἰωσὴφ,
2614 3820 2661 3871 εἰ
2698 3817 2772 3889 μὴ
2818 3817 3138 3888 παρήγαγεν
3169 3817 3248 3882 εἰς
3281 3820 3484 3889 μέσους
3510 3817 3664 3872 αὐτὸν

2094 3912 2130 3978 ἡ
2165 3908 2259 3964 τοῦ
2303 3910 2552 3963 ἐνυπνίου
2598 3910 2808 3980 κρίσιςς
2857 3909 3066 3964 Οὐκοῦν
3090 3909 3220 3963 ἄλλο
3259 3927 3311 3963 τι
3350 3915 3547 3976 ταῦτα,
3578 3911 3666 3965 καὶ

2093 4000 2214 4072 οὐχὶ
2248 3998 2389 4054 κατὰ
2418 3999 2516 4063 τὰς
2559 3998 2742 4061 κοινὰς
2772 3998 3070 4067 φαντασίας
3111 3997 3419 4067 λογίζεσθαι
3447 4000 3572 4070 χρή.
3604 3999 3665 4049 Ὶι

2093 4092 2151 4144 δέ
2188 4089 2609 4161 συνήθηςρῦτη
2645 4087 2754 4141 τῶν
2799 4087 3022 4158 ὀνείρων
3066 4087 3187 4157 ὄψις
3241 4088 3397 4159 κοινὴ
3453 4088 3667 4141 πάντων

2093 4183 2241 4248 ἐστὶ,
2270 4181 2620 4253 πολυτρόπως
2673 4180 2768 4233 καὶ
2829 4179 3122 4243 πολυειδῶς
3171 4181 3294 4243 ταῖς
3345 4179 3666 4250 φαντασίαις

2095 4275 2436 4346 ἐγγινομένη.
2469 4269 2541 4327 Ἢ
2569 4272 2679 4344 γάρ
2718 4272 3050 4342 παραμένει,
3082 4270 3263 4335 καθὼς
3304 4271 3560 4344 εἴρηται,
3592 4269 3667 4340 τῷ

2099 4364 2416 4438 μνημονικῷ
2462 4364 2562 4433 τῆς
2588 4363 2763 4433 ψυχῆς
2791 4361 2898 4415 τῶν
2957 4361 3334 4432 μεθημερινῶν
3385 4361 3668 4432 ἐπιτηδευ-

2099 4457 2283 4528 μάτων
2311 4456 2378 4510 τὰ
2419 4454 2758 4525 ἀπηχήματα
2793 4451 2870 4521 ’ἢ
2925 4451 3184 4514 πολλάκις
3234 4451 3329 4504 καὶ
3381 4451 3524 4523 πρὸς
3574 4449 3669 4512 τὰς

2095 4549 2255 4612 ποιὰς
2281 4548 2374 4601 τοῦ
2407 4546 2656 4616 σώματος
2691 4544 3008 4614 διαθέσειςή
3037 4541 3146 4596 τῶν
3181 4544 3451 4598 ἐνυπνίων
3500 4542 3668 4597 κατά-

2097 4655 2283 4701 στασις
2306 4634 2693 4691 άνατυποῦται.
2727 4633 2882 4687 Οῦτω
2909 4633 3021 4705 γὰρ
3047 4635 3076 4686 6
3104 4632 3340 4702 διψώδης
3374 4635 3434 4686 ἐν
3467 4634 3672 4704 πηγαῖς

2095 4723 2234 4783 εἷναι
2261 4727 2427 4789 δοκεῖ,
2456 4727 2550 4780 καὶ
2589 4728 2644 4778 ἐν
2676 4725 2927 4794 εὐωχίαις
2959 4727 2987 4776 ὀ
3014 4724 3220 4796 τροφῆς
3247 4724 3669 4794 προσδεόμενος,

2097 4819 2190 4872 καὶ
2215 4819 2244 4871 6
2273 4818 2410 4882 νέος,
2447 4813 2762 4886 σφριγὼσης
2785 4811 2931 4883 αύτῷ
2958 4813 3056 4882 τῆς
3083 4811 3317 4883 ἡλικίας,
3347 4812 3671 4882 καταλλήλῳ

2093 4907 2172 4979 τῷ
2221 4908 2382 4962 πάθει
2434 4904 2839 4974 φαντασιοῦται.
2879 4905 3089 4973 Ἔγνων
3121 4902 3178 4956 δὲ
3218 4903 3312 4955 καὶ
3357 4903 3531 4974 ἄλλην
3562 4901 3672 4970 ἐγὼ

2094 4999 2203 5052 τῶν
2239 4997 2358 5051 καθ’
2396 4994 2566 5049 ὕπνου
2609 4994 2912 5065 γενομένων
2950 4995 3158 5057 αἰτίαν,
3193 4994 3517 5065 θεραπεύων
3553 4994 3673 5048 τινὰ

2093 5089 2202 5143 τῶν
2248 5087 2564 5155 ἐπιτηδείων
2596 5087 2870 5140 ἑαλωκότα
2909 5085 3197 5158 φρενίτιδι,
3238 5085 3296 5148 δς
3334 5085 3677 5156 βαρούμενος

2094 5184 2158 5251 τῇ
2182 5180 2354 5249 τροφῇ
2382 5177 2581 5232 πλείονι
2604 5179 2702 5247 τῆς
2731 5177 3011 5247 δυνάμεως
3030 5176 3193 5231 αὑτοῦ
3217 5175 3675 5246 προσενεχθείσῃ,

2093 5271 2261 5336 ἐϐόα,
2303 5269 2430 5333 τοὺς
2489 5268 2854 5340 περιεστῶτας
2904 5267 3290 5339 μεμφόμενος,
3336 5267 3424 5318 ὅτι
3482 5265 3674 5336 ἐντερσ

2095 5361 2300 5416 κόποον
2334 5359 2718 5431 πληρώσαντες
2752 5354 2861 5413 εἷεν
2886 5357 3283 5422 ἐπιτεθεικότες
3312 5355 3491 5427 αὐτῷ.
