3794 6000
259 220 362 274 173

1506 210 1594 265 DE
1639 207 1920 265 HOMINIS
1956 207 2269 265 OPIFICIO.

3411 209 3512 266 174

261 329 382 384 dam
423 326 764 382 laborantem
804 340 869 381 ex
917 324 1223 396 phrenitide
1269 336 1540 378 curarem.
1575 324 1712 380 Cibo
1743 323 1892 380 enim
1933 322 2190 394 largiore,
2233 337 2396 393 quam
2426 323 2601 394 ipsius
2645 323 2853 380 viribus
2886 325 3218 390 conveniret,
3251 331 3512 393 gravatus

260 421 554 487 clamabat,
591 427 648 476 et
680 427 924 476 astantes
954 419 1297 490 objurgabat,
1328 417 1681 488 quamobrem
1708 417 1968 473 intestina
1999 431 2158 472 coeno
2195 417 2402 487 repleta
2431 417 2538 473 sibi
2576 417 2985 488 imposuissent.

327 533 433 586 Καὶ
459 532 560 603 ἤδη
621 531 718 585 τοῦ
744 530 990 602 σώματος
1035 529 1180 601 αύτῷ
1241 529 1379 601 πρὸς
1423 528 1622 600 ίδρῶτα
1671 526 1837 580 σπεύο

2009 527 2257 598 Cumque
2291 528 2403 598 jam
2431 541 2634 598 corpus
2657 527 2891 598 quodam
2921 541 3046 582 cum
3096 528 3300 598 impetu
3340 530 3511 585 sudo-

253 625 456 688 δοντος,
505 625 698 694 ᾐτιᾶτο
743 623 869 686 τοὺς
916 623 1191 692 παρόντας
1237 621 1380 692 ὕδωρ
1429 619 1574 691 ἔχειν
1614 620 1840 690 ἡτοιμα-

259 715 481 785 σμένον,
504 716 589 783 ἐφ’
612 707 657 782 ᾧ
681 732 741 766 τε
765 711 1095 783 καταϐρέξαι
1129 712 1401 782 κείμενον,
1427 712 1521 764 καὶ
1545 711 1646 764 ούκ
1676 709 1839 763 ἐνεδί-

252 807 347 858 δου
373 805 534 875 βοῶν,
551 805 657 867 ἐως
679 805 712 876 ἠ
737 802 958 866 ἔκϐασις
973 803 1081 855 τῶν
1097 802 1351 854 τοιούτων
1373 800 1632 872 μέμψεων
1645 797 1744 862 τὰς
1756 800 1842 852 αί-

256 897 378 959 τίας
390 897 755 967 ήρμήνευσεν.
783 893 1020 965 Ἀθρόως
1035 892 1144 964 γὰρ
1163 890 1322 962 ἱδρώς
1339 907 1396 943 τε
1417 891 1582 954 πολὺς
1598 889 1840 962 ἐπεῤῥύη

253 983 335 1055 τῷ
351 983 589 1054 σώματι,
608 985 704 1037 καὶ
723 985 758 1055 ἡ
782 981 992 1054 γαστὴρ
1021 981 1395 1051 ύποφθαρεῖσα
1411 980 1508 1052 τὴν
1537 981 1594 1035 ἐν
1625 983 1738 1045 τοῖς
1757 982 1842 1034 ἐνο

255 1075 441 1145 τέροις
473 1073 756 1144 βαρύτητα
782 1073 1129 1144 διεσήμανεν.
1160 1073 1338 1144 Ὅπερ
1368 1072 1570 1137 τοίνυν,
1604 1071 1845 1142 ἀμύλυν-

255 1163 448 1234 θείσης
496 1165 601 1218 ὑπὸ
638 1164 738 1234 τῆς
769 1163 924 1217 νόσου
963 1162 1062 1233 τῆς
1091 1163 1324 1234 νήψεως.
1354 1161 1592 1232 ἔπασχεν
1618 1162 1652 1232 ἡ
1683 1161 1844 1230 φύσις
1898 1229 1906 1234 _

260 1259 716 1329 συνδιατιθεμένη
769 1257 849 1329 τῷ
899 1257 1063 1312 πάθει
1111 1255 1204 1310 τοῦ
1269 1255 1538 1326 σώματος,
1591 1254 1686 1307 τοῦ
1747 1254 1843 1322 μὲν

255 1349 545 1420 ὀχλοῦντος
581 1350 682 1402 οὐκ
735 1349 1078 1419 ἀναισθήτως
1107 1346 1324 1418 ἐχουσα,
1345 1346 1675 1416 διασαφῆναι
1701 1345 1758 1398 δὲ
1781 1346 1844 1400 τὸ

255 1439 468 1493 λυποῦν
512 1438 778 1511 ἐναργῶς,
809 1437 897 1492 διά
942 1437 1042 1509 τὴν
1073 1439 1137 1492 ἐκ
1178 1438 1278 1510 τῆς
1315 1439 1471 1492 νόσου
1497 1437 1841 1510 παραφορὰν,

255 1532 360 1584 οὐκ
412 1530 703 1601 ἰσχύουσα·
749 1529 908 1583 τοῦτο
940 1529 1082 1584 κατά
1116 1529 1178 1584 τὺ
1216 1530 1384 1595 εἰκὸς,
1413 1531 1461 1582 εί
1490 1529 1564 1601 μὴ
1592 1529 1652 1594 ἐξ
1670 1531 1844 1603 ἀρρω-

260 1621 438 1684 στίας,
479 1621 615 1675 ἀλλά
639 1621 716 1691 τῷ
742 1621 882 1675 κατά
909 1621 1069 1690 φύσιν
1099 1620 1252 1692 ὕπνῳ
1284 1621 1344 1674 τὸ
1372 1621 1713 1692 διανοητικδν
1744 1623 1843 1694 τῆς

262 1709 450 1780 ψυχῆς
495 1709 868 1781 κατηυνάσθη,
894 1710 1142 1764 ἐνύπνιον
1173 1711 1239 1764 ἂν
1291 1710 1368 1782 τῷ
1419 1709 1590 1774 οὕτως
1641 1711 1844 1764 διακει-

261 1802 411 1872 μένῳ
457 1801 687 1870 ἐγίνετο,
722 1801 875 1856 ὕδατι
910 1803 1009 1872 μὲν
1053 1802 1152 1872 τῆς
1176 1801 1269 1854 τοῦ
1307 1801 1528 1871 ἱδρῶτος
1559 1801 1840 1873 ἐπιρροῆς,

1939 634 2054 674 rem
2081 633 2470 689 expressurum
2497 626 2635 682 erat,
2660 617 2952 674 accusabat
2975 632 3069 674 eos
3102 619 3194 689 qui
3231 617 3511 687 adessent,

1941 707 2098 778 quasi
2125 722 2322 778 aquam
2367 707 2435 762 ad
2466 723 2662 764 manus
2691 708 2980 774 haberent,
3033 723 3142 779 qua
3193 709 3371 779 ipsum
3427 711 3513 780 ja‘

1941 809 2155 856 centem
2219 808 2620 871 respergerent.
2671 799 2996 871 Hujusmodi
3058 801 3327 858 clamores
3395 816 3510 857 non

1942 887 2362 954 intermittebat,
2395 887 2572 945 donec
2596 898 2828 945 eventus
2855 890 2996 960 ipse,
3027 904 3151 959 quae
3187 889 3381 945 harum
3426 891 3516 946 in-

1941 979 2320 1051 crepationum
2382 994 2562 1036 causae
2611 987 2817 1046 essent,
2869 980 3189 1036 declararet.
3235 981 3511 1038 Continuo

1944 1072 2090 1126 enim
2122 1066 2296 1127 sudor'
2325 1071 2583 1142 copiosus
2605 1087 2635 1126 e
2668 1087 2898 1141 corpore
2930 1073 3202 1136 manabat,
3238 1082 3292 1129 et
3324 1082 3513 1130 venter

1949 1159 2166 1215 solutus
2209 1160 2358 1231 quod
2407 1160 2588 1216 isthuc
2659 1170 2809 1217 esset
2861 1161 2915 1215 in
2969 1162 3251 1218 intestinis
3299 1163 3512 1233 pondus

1948 1249 2322 1320 significabat.
2356 1249 2514 1316 Quod
2552 1251 2717 1321 igitur
2749 1251 2950 1306 accidit
2982 1252 3246 1308 hebetatae
3278 1270 3376 1323 per
3402 1256 3511 1310 vim

1944 1341 2123 1397 morbi
2159 1349 2388 1407 naturae,
2421 1357 2542 1412 quae
2563 1343 2752 1396 morbo
2786 1344 3035 1412 corporis
3065 1343 3422 1410 afﬁciebatur,
3453 1355 3514 1401 ut.

1944 1433 2077 1504 quid
2129 1448 2294 1504 grave
2333 1434 2733 1504 molestumque
2777 1435 2883 1491 sibi
2922 1445 3090 1499 esset,
3136 1450 3248 1490 non
3290 1437 3515 1493 omnino

1943 1525 2244 1596 ignoraret,
2295 1524 2541 1579 indicare
2594 1533 2777 1580 tamen
2829 1540 2928 1596 per
2983 1535 3159 1580 ortam
3202 1541 3269 1582 ex
3321 1527 3514 1582 morbo

1943 1609 2325 1666 delirationem
2359 1611 2501 1666 unde
2547 1611 2858 1675 laederetur,
2893 1614 3184 1683 perspicue
3216 1629 3327 1670 non
3369 1617 3521 1672 valc-

1945 1710 2057 1758 ret:
2075 1703 2127 1758 id
2153 1710 2580 1759 consentaneum
2605 1711 2711 1770 est,
2750 1706 2797 1761 si
2821 1706 2963 1761 forte
2987 1724 3094 1762 non
3120 1723 3184 1762 ex
3205 1708 3517 1763 invalitudi-

1947 1807 2034 1858 ne,
2079 1794 2174 1848 sed
2212 1794 2451 1848 naturali
2482 1809 2678 1850 somno
2715 1796 3028 1868 intelligens
3077 1799 3246 1854 animi
3281 1800 3514 1856 facultas

259 1893 497 1964 ἐντέρων
543 1894 600 1946 δέ
629 1893 784 1965 βάρει
823 1894 922 1963 τῆς
968 1893 1110 1946 κατὰ
1155 1892 1253 1963 τὴν
1288 1894 1494 1964 τροφὴν
1547 1893 1841 1964 ἀχθηδόνος

1954 1883 2120 1952 sopita
2145 1882 2424 1949 fuisset,in
2459 1885 2681 1941 homine
2712 1887 2792 1941 sic
2821 1887 3014 1943 aﬂ‘eeto
3041 1891 3312 1945 somnium
3339 1892 3516 1961 quod-

263 1983 696 2055 σημαινομένης.
728 1981 898 2037 Τοῦτο
942 1986 1036 2038 καὶ
1062 1984 1275 2048 πσλλοῖς
1311 1984 1420 2038 τῶν
1449 1986 1547 2056 τὴν
1592 1985 1846 2058 ἰατρικὴν

263 2075 715 2146 πεπαιδευμένων
763 2077 929 2140 δοκεῖ,
976 2077 1125 2148 παρά
1180 2076 1279 2140 τὰς
1337 2075 1446 2130 τῶν
1499 2075 1846 2147 παθημάτων

261 2165 655 2235 ἅαφοράς,καὶ
688 2165 786 2228 τὰς
818 2166 924 2219 τῶν
954 2165 1220 2220 ἐνυπνίων
1257 2165 1407 2236 ὄψεις
1435 2167 1548 2229 τοῖς
1577 2165 1845 2234 κάμνουσι

261 2255 513 2324 γίνεσθαι
537 2271 552 2284 ⁸
586 2254 753 2319 ἄλλας
807 2260 905 2328 μὲν
949 2256 1058 2310 τῶν
1099 2255 1530 2327 στομαχούντων,
1558 2255 1750 2326 ἐτέρας
1789 2255 1846 2309 δέ

263 2348 376 2400 τῶν
404 2348 813 2417 κεκακωμένων
859 2347 958 2412 τὰς
1004 2349 1294 2419 μήνιγγας,
1330 2347 1425 2402 καὶ
1457 2346 1566 2400 τῶν
1594 2349 1652 2400 ἐν
1680 2363 1847 2417 πυρε-

259 2442 377 2500 τοῖς
417 2439 583 2492 πάλιν
623 2424 840 2508 ἐτέρας,
870 2437 978 2491 τῶν
1018 2456 1079 2492 τε
1133 2438 1276 2493 κατά
1301 2437 1484 2510 χολὴν,
1520 2439 1613 2492 καὶ
1658 2437 1762 2490 τῶν
1789 2438 1847 2490 ἐν

265 2529 545 2600 φλέγματι
571 2529 928 2600 κακουμένων
971 2527 1030 2582 ού
1071 2529 1169 2592 τὰς
1203 2529 1400 2592 αὐτὰς,
1447 2527 1539 2580 καὶ
1568 2526 1676 2581 τῶν
1713 2526 1849 2598 πλη-

269 2618 541 2690 θωρικῶν,
565 2619 790 2673 καὶτῶν
819 2619 1188 2689 ἐκτετηκότων
1223 2618 1384 2672 πάλιν
1431 2617 1615 2680 ἄλλας.
1662 2616 1752 2681 Ἐξ
1773 2609 1848 2671 ὧν

271 2710 416 2764 ἐστιν
445 2710 592 2774 ἰδεῖν,
618 2712 699 2764 ὅτι
737 2711 771 2781 ἡ
807 2709 1070 2781 θρεπτική
1104 2725 1164 2762 τε
1199 2711 1291 2762 καὶ
1320 2707 1587 2778 αὐξητικὴ
1620 2705 1850 2777 δύναμις

272 2801 368 2872 τῆς
398 2801 578 2872 ψυχῆς
597 2800 698 2873 ἔχῃ
731 2819 784 2854 τι
819 2802 914 2854 καὶ
941 2799 1032 2853 τοῦ
1063 2798 1252 2871 νοεροῦ
1293 2797 1850 2869 συγκατεσπαρμένον

273 2891 410 2962 αὐτῇ
437 2891 530 2944 διὰ
578 2891 679 2961 τῆς
709 2890 1096 2961 ἀνακράσεως,
1131 2889 1161 2942 6
1188 2891 1254 2961 τῇ
1301 2889 1435 2960 ποιᾷ
1483 2889 1718 2942 διαθέσει
1755 2887 1850 2942 τοῦ

275 2979 530 3050 σώματος
557 2980 758 3052 τρόπον
802 2979 926 3033 τινὰ
962 2977 1324 3050 ἐξομοιοῦται,
1359 2979 1453 3032 καὶ
1505 2979 1567 3033 τὸ
1617 2981 1851 3051 ἐπικρα-

272 3069 396 3124 τοῦν
424 3069 596 3134 πάθος
640 3073 764 3134 ταῖς
810 3069 1128 3140 φαντασίαις
1183 3069 1681 3141 μεθαρμοζόμενον.
1729 3069 1850 3122 Ἔτι

272 3161 327 3214 δέ
371 3161 467 3214 καὶ
513 3161 650 3231 πρὸς
689 3160 788 3224 τὰς
833 3161 940 3215 τῶν
988 3160 1133 3230 ἠθῶν
1170 3161 1534 3224 καταστάσεις
1580 3162 1849 3216 τυποῦται

1945 1973 2070 2028 dam
2115 1973 2358 2029 futurum
2406 1974 2599 2042 fuisse,
2645 1976 2701 2030 in
2741 1994 2850 2048 quo
2907 1994 3005 2048 per
3047 1995 3242 2052 aquam
3297 1983 3518 2039 sudoris

1946 2061 2137 2127 ﬂuxio,
2179 2079 2277 2133 per
2308 2065 2693 2121 intestinorum
2717 2068 2932 2137 pondus
2964 2071 3070 2126 cibi
3103 2082 3251 2127 esset
3278 2075 3518 2145 gravitas

1947 2155 2279 2224 signiﬁcata.
2317 2157 2465 2212 Idem
2502 2159 2750 2229 plerique
2780 2160 2974 2216 medici
3009 2172 3275 2230 statuunt,
3308 2167 3399 2235 qui
3431 2181 3518 2222 se-

1947 2245 2184 2300 cundum
2237 2248 2549 2304 morborum
2599 2250 2919 2306 discrimina
2969 2254 3309 2310 somniorum
3350 2257 3515 2312 etiam

1949 2335 2162 2405 species
2203 2336 2450 2395 diversas
2496 2340 2656 2410 aegris
2693 2340 2942 2396 accidere
2985 2341 3256 2396 aﬂirmant
3309 2359 3325 2398 :
3381 2345 3517 2402 alias

1948 2427 2211 2481 nimirum
2251 2429 2320 2484 iis
2358 2429 2452 2498 qui
2487 2431 2758 2485 stomachi
2799 2432 2934 2486 vitio
2969 2433 3242 2500 laborent,
3278 2435 3420 2492 alias
3453 2438 3520 2492 iis

1949 2518 2149 2587 quibus
2191 2519 2400 2574 cerebri
2448 2521 2778 2576 membrana:
2825 2521 2935 2576 sint
2985 2523 3146 2588 laesae,
3196 2527 3331 2582 alias
3384 2527 3521 2582 febri

1952 2597 2254 2678 correptis,
2321 2610 2459 2665 alias
2507 2610 2574 2665 iis
2618 2613 2817 2681 quibus
2869 2613 3075 2669 nimius
3123 2615 3249 2671 bilis
3303 2617 3519 2686 humor,

1951 2699 2087 2752 alias
2119 2698 2318 2768 quibus
2348 2699 2538 2767 pituita
2569 2701 2640 2756 sit
2675 2702 2902 2757 molesta
2929 2719 2944 2756 :
2975 2702 3210 2774 denique
3239 2706 3344 2760 alia
3375 2723 3524 2763 som—

1951 2788 2165 2843 niorum
2206 2789 2322 2845 visa
2369 2792 2518 2847 succi
2553 2792 2728 2862 plenis
2758 2796 3103 2865 corporibus,
3141 2797 3246 2851 alia
3283 2815 3523 2858 marces-

1951 2879 2202 2934 centibus
2257 2881 2445 2949 objici.
2510 2880 2584 2937 De
2636 2883 2840 2952 quibus
2884 2887 3140 2943 omnibus
3178 2889 3363 2945 videre
3414 2901 3520 2956 est,

1951 2974 2280 3029 nutrientem
2319 2983 2842 3047 accrescentemque
2881 2977 3190 3035 facultatem
3221 2981 3388 3036 animi
3413 2999 3522 3039 non

1952 3064 2090 3118 nihil
2119 3065 2281 3118 etiam
2334 3065 2402 3120 de
2457 3067 2511 3120 vi
2569 3065 2906 3138 intelligente
2953 3071 3056 3125 sibi
3106 3072 3421 3143 inspersum
3455 3091 3524 3130 ex

1952 3164 2320 3226 temperatura
2349 3165 2538 3213 mutua
2567 3161 2872 3225 continere,
2921 3163 3065 3232 quod
3115 3165 3362 3233 corporis
3403 3164 3528 3221 aﬂ'e-

273 3250 488 3314 πολλοῖς
511 3223 580 3303 τὰ
607 3223 853 3305 ἐνύπνια.
870 3223 1038 3304 Ἀλλά
1061 3250 1155 3304 τοῦ
1184 3250 1451 3322 ἀνδρείου,
1470 3223 1563 3304 ut
1594 3250 1729 3305 ἄλλα
1755 3249 1849 3304 τοῦ

1956 3251 2124 3304 ctioni
2151 3253 2384 3321 quodam
2407 3252 2569 3308 modo
2589 3255 2877 3311 consimile
2898 3256 3180 3321 reddatur,
3199 3267 3253 3313 et
3279 3259 3526 3315 diversas

272 3341 446 3394 δειλοῦ
469 3340 537 3393 τὰ
571 3341 932 3411 φαντάσματα
957 3357 970 3371 °
1006 3340 1154 3395 ἄλλοι
1181 3340 1276 3394 τοῦ
1305 3341 1604 3395 ἀκολάστου
1627 3341 1849 3412 ῡνειροι,

274 3433 368 3485 καὶ
397 3432 548 3486 ἄλλοι
594 3431 689 3485 τοῦ
735 3431 1035 3503 σώφρονος·
1059 3434 1116 3485 ἐν
1163 3431 1371 3503 ἐτέροις
1397 3433 1428 3484 6
1467 3431 1812 3503 μεταδοτικὸς
1834 3471 1848 3494 ,

274 3524 367 3578 καὶ
415 3526 476 3578 ἐν
532 3522 745 3595 ἑτέροις
784 3521 1171 3594 φαντασιοῦται
1211 3524 1240 3576 6
1275 3520 1578 3592 ἄπληστος,
1614 3520 1849 3592 οὐδαμοῦ

272 3615 373 3683 τῆς
404 3614 644 3678 διανοίας
664 3652 680 3678 ,
714 3613 850 3666 ἀλλὰ
882 3613 981 3682 τῆς
1019 3611 1367 3683 ἀλογωτέρας
1393 3611 1682 3675 διαθέσεως
1701 3613 1758 3664 ἐν
1781 3614 1848 3683 τῇ

273 3706 417 3777 ψυχῇ
456 3706 555 3767 τάς
579 3704 837 3768 τοιαύτας
865 3704 1166 3774 φαντασίας
1187 3703 1589 3774 ἀνατυπούσης,
1607 3699 1691 3767 οἷς
1721 3721 1854 3774 προ-

275 3796 486 3868 ειθίσθη
514 3795 603 3849 διὰ
637 3796 738 3866 τῆς
769 3795 889 3848 καθ’
922 3795 1071 3866 ῦπαρ
1107 3793 1357 3865 μελέτης,
1404 3793 1610 3848 τούτων
1642 3792 1741 3857 τὰς
1776 3795 1853 3846 εί-

273 3887 438 3950 κόνας
468 3886 565 3940 καὶ
597 3887 656 3944 ἐν
683 3888 795 3948 τοῖς
827 3885 1100 3948 ἐνυπνίοις
1135 3883 1604 3955 ἀναπλαττούσης.

1958 3341 2383 3412 imaginationes
2413 3352 2712 3399 nocturnas
2740 3360 2840 3415 pro
2871 3347 3048 3410 morbi,
3068 3347 3386 3404 diversitate
3412 3349 3528 3404 elli-

1959 3430 2092 3484 ciat.
2150 3432 2248 3486 Est
2297 3439 2350 3487 et
2400 3433 2546 3487 aliud
2592 3433 2933 3488 somniorum
2993 3436 3266 3504 quoddam
3324 3453 3525 3507 genus.

1954 3519 2101 3590 quod
2163 3535 2260 3589 pro
2317 3536 2530 3575 morum
2594 3522 2861 3591 cujusque
2919 3524 3181 3577 varietate
3237 3523 3525 3579 formatur.

1959 3608 2098 3663 Sunt
2135 3610 2279 3664 enim
2311 3609 2429 3663 aliae
2467 3609 2703 3666 hominis
2745 3610 2922 3677 fortis,
2961 3612 3079 3666 aliae
3123 3612 3295 3666 timidi
3336 3615 3529 3686 imagi-

1955 3700 2203 3756 nationes
2242 3709 2523 3755 nocturnae
2563 3719 2577 3756 :
2613 3701 2718 3755 alia
2757 3702 3140 3772 temperantis,
3182 3703 3395 3775 aliaque
3439 3707 3528 3760 in«

1958 3791 2308 3860 temperantis
2338 3793 2582 3860 somnia;
2631 3793 2734 3848 alia
2780 3793 2986 3848 homini
3025 3795 3251 3849 avaritia
3287 3797 3528 3866 inexple-

1957 3881 2083 3946 bili,
2122 3883 2227 3936 alia
2264 3883 2473 3940 liberali
2520 3899 2616 3954 per
2657 3900 2909 3942 somnum
2955 3885 3310 3956 objiciuntur.
3351 3887 3529 3958 Atque

275 3980 392 4034 visa
424 3978 543 4034 haec
571 3993 914 4049 nequaquam
951 3993 1127 4044 mens,
1159 3977 1256 4034 sed
1288 3993 1484 4049 expers
1513 3978 1605 4033 illa
1633 3977 1862 4034 rationis
1898 3976 1952 4032 in
1983 3978 2161 4032 anima
2182 3978 2395 4034 all'cctio
2424 3977 2700 4036 informat.
2739 3979 2872 4036 Nam
2901 3980 3101 4052 quibus
3130 3981 3253 4054 quis
3287 3984 3529 4040 assuevit

271 4069 477 4125 diurno
511 4070 714 4137 studio,
758 4083 944 4125 eorum
987 4069 1042 4124 in
1083 4070 1291 4125 somnis
1327 4071 1490 4125 etiam
1533 4069 1826 4126 simulacra
1875 4068 2044 4140 lingit.

802 4208 1196 4262 ΚΕΦΑΛΑΙΟΝ
1242 4209 1340 4266 lA'.

276 4302 410 4380 Ὀςι
433 4300 549 4380 ρύκ
574 4301 643 4353 ἐν
663 4299 828 4380 μέρει
854 4301 960 4356 τοῦ
987 4299 1256 4379 σώματος
1295 4303 1327 4354 ὀ
1364 4299 1528 4380 νοῦς.
1563 4299 1660 4352 Ἑν
1674 4291 1732 4379 ᾖ)
1754 4298 1852 4353 καὶ

2537 4208 2766 4264 CAPUT
2811 4207 2954 4261 XIV.

1963 4296 2188 4371 Mentem
2215 4309 2357 4354 certa
2377 4301 2604 4371 quadam
2652 4303 2708 4354 in
2727 4301 2960 4368 corporis
2982 4309 3132 4367 parte
3155 4319 3258 4355 non
3285 4304 3528 4368 existere,

346 4367 807 4452 διάκρισις’τῶν
835 4387 898 4424 τε
945 4367 1296 4440 σωματικῶν
1333 4371 1432 4424 καὶ
1469 4367 1746 4439 ψυχικῶν
1776 4385 1855 4422 κι-

2031 4369 2362 4452 declaratum
2389 4367 2408 4423 ξ
2433 4380 2689 4452 ρνίινιεηα
2715 4367 2955 4441 corporis
2985 4381 3034 4424 et
3082 4373 3248 4426 animi
3294 4382 3530 4427 motuum

345 4440 648 4507 νημάτων.

366 4551 531 4604 Ἀλλά
595 4550 729 4604 πολὺ
783 4550 891 4604 τῶν
941 4551 1315 4622 προκειμένων
1371 4547 1855 4620 άπεπλανήθημεν.

274 4642 462 4707 Δεῖξαι
495 4640 604 4712 γάρ
642 4643 776 4712 ἡμῖν
802 4642 831 4694 6
851 4641 1007 4709 λόγος
1041 4641 1300 4712 προέθετο
1329 4641 1409 4707 τὸ,
1457 4639 1531 4712 μὴ
1567 4639 1720 4710 μέρει
1753 4639 1860 4693 τινὶ

275 4730 375 4784 τοῦ
418 4729 670 4800 σώματος
701 4729 1002 4783 ἐνδεδέσθαι
1028 4731 1118 4784 τὸν
1141 4731 1265 4784 νοῦν
1294 4748 1308 4762 ο
1336 4729 1470 4784 ἀλλὰ
1495 4729 1696 4793 παντὸς
1718 4728 1859 4783 κατὰ

274 4822 340 4875 τὸ
374 4821 490 4874 ῐσον
522 4821 898 4890 ἐφάπτεσθαι,
929 4823 1277 4894 καταλλήλως
1312 4825 1378 4893 τῇ
1410 4821 1570 4892 φύσει
1600 4819 1694 4874 τοῦ
1723 4820 1859 4873 ὑπο-

277 4911 538 4980 κειμένου
576 4912 774 4983 μέρους
816 4913 1141 4984 ἐνεργοῦντα
1192 4911 1290 4983 τὴν
1345 4913 1578 4982 κίνησιν.
1608 4912 1764 4964 Ἔστι
1804 4910 1860 4963 δέ

275 5005 412 5056 ὃπου
461 5003 557 5056 καὶ
589 5003 946 5057 ἐπακολουθεῖ
981 5007 1100 5068 ταῖς
1130 5005 1386 5072 φυσικαῖς
1427 5004 1621 5073 ὁρμαῖς
1645 5003 1673 5054 6
1714 5001 1857 5068 νοῦς,

277 5088 392 5148 οἷον
429 5094 717 5164 ὑπηρέτης
758 5096 1063 5165 γενόμενος.
1099 5096 1434 5166 Καθηγεϊται
1461 5094 1571 5164 γὰρ
1603 5095 1862 5158 πολλάκις

276 5184 434 5254 ήτοῦ
477 5184 732 5255 σώματος
776 5186 957 5255 φύσις,
993 5187 1086 5240 καὶ
1131 5185 1224 5239 τοῦ
1276 5185 1570 5248 λυποῦντος
1612 5185 1861 5256 αἴσθησιν

278 5267 589 5339 ἐπιθεῖσα,
633 5276 729 5328 καὶ
774 5275 867 5328 τοῦ
924 5276 1305 5347 εὐφραίνοντος
1353 5273 1678 5345 ἐπιθυμίαν,
1722 5273 1863 5327 ὥστε

275 5366 486 5437 ταύτην
513 5366 616 5436 μὲν
650 5365 752 5428 τάς
782 5365 1000 5436 πρώτας
1033 5366 1290 5438 παρέχειν
1319 5365 1512 5436 ἀρχάς,
1539 5365 1572 5437 ἢ
1607 5364 1863 5436 βρώσεως

275 5456 495 5528 ὄρεξιν,
532 5457 570 5527 ἦ
611 5473 761 5520 τινος
810 5457 947 5521 ὅλως
991 5457 1101 5510 τῶν
1134 5456 1254 5510 καθ’
1305 5455 1495 5527 ἡδονὴν
1546 5455 1644 5528 τὴν
1688 5455 1864 5527 ὁρμὴν

273 5550 642 5623 ἐμποιοῦσαν,
669 5550 763 5602 τὸν
802 5550 859 5604 δέ
899 5550 1024 5605 νοῦν
1069 5550 1418 5621 ἐκδεχόμενον
1455 5549 1556 5612 τὰς
1609 5549 1865 5613 τοιαύτας

272 5642 477 5715 ὁρμάς,
499 5643 630 5705 ταῖς
672 5639 902 5705 οίκείαις
942 5641 1240 5713 περινοίαις
1277 5639 1375 5704 τὰς
1416 5640 1550 5710 πρὸς
1578 5639 1640 5694 τὸ
1668 5638 1866 5694 ποθού-

2030 4440 2313 4493 discrimen
2342 4442 2661 4511 expositum.

2033 4547 2229 4604 Verum
2261 4551 2538 4607 enimvero
2586 4553 2744 4624 longe
2799 4553 2868 4608 ab
2908 4568 2994 4620 eo,
3052 4569 3162 4624 quo
3199 4555 3267 4608 de
3303 4557 3387 4626 agi
3417 4571 3531 4611 coe-

1960 4647 2113 4710 ptum
2162 4649 2303 4705 erat,
2369 4642 2603 4714 digressi
2653 4659 2867 4701 sumus.
2919 4644 3337 4700 lnstitueramus
3383 4646 3527 4700 enim

1959 4731 2355 4798 demonstrare,
2390 4742 2624 4789 mentem
2664 4736 2807 4804 parti
2854 4735 3105 4806 corporis
3131 4734 3294 4788 alicui
3335 4735 3524 4805 alliga-

1961 4835 2140 4893 gatam
2170 4839 2276 4878 non
2310 4839 2472 4880 esse:
2503 4824 2596 4881 sed
2637 4840 2760 4880 cum
2809 4834 2933 4880 toto
2977 4826 3095 4896 pari
3139 4825 3353 4879 ratione
3398 4840 3533 4880 con—

1955 4914 2132 4985 jungi,
2156 4914 2474 4971 efﬁcientem
2506 4926 2711 4971 motum
2738 4917 2790 4971 in
2823 4918 3082 4972 membris
3107 4916 3279 4986 partis
3308 4917 3532 4986 cujusli-

1960 5003 2054 5058 bet
2109 5013 2318 5060 naturze
2373 5017 2821 5063 consentaneum.
2889 5005 2974 5060 Fit
3029 5014 3208 5060 autem
3257 5006 3529 5061 interdum

1962 5092 2150 5158 etiam,
2184 5101 2246 5148 ut
2278 5110 2432 5150 mens
2467 5103 2725 5166 tanquam
2758 5095 3032 5160 minister,
3063 5105 3275 5151 natura:
3305 5095 3535 5150 libidini-

1962 5183 2064 5238 bus
2096 5183 2446 5253 obtemperet.
2487 5185 2641 5254 Saepe
2671 5186 2816 5239 enim
2849 5186 3099 5255 corporis
3138 5194 3334 5240 natura
3377 5184 3534 5239 ducis

1963 5273 2202 5329 officium
2236 5281 2484 5343 usurpat,
2523 5277 2598 5330 ita
2623 5284 2680 5330 ut
2716 5283 2770 5332 et
2801 5277 3051 5331 nocentis
3077 5277 3157 5332 rei
3201 5293 3448 5341 sensum,
3485 5284 3538 5332 et

1960 5363 2213 5434 iucundae
2237 5379 2300 5418 ac
2331 5372 2497 5436 gratae
2515 5365 2844 5421 desiderium
2868 5366 3088 5422 excitet.
3108 5367 3366 5438 Adeoque
3396 5368 3454 5420 lit
3478 5375 3537 5420 ut

1965 5455 2280 5526 expetendis
2304 5456 2466 5511 rebus
2491 5460 2834 5513 occasionem
2860 5473 3056 5530 corpus
3082 5459 3338 5530 praebeat,
3370 5472 3435 5512 ac
3455 5458 3537 5511 vel

1967 5545 2072 5600 cibi
2110 5546 2191 5601 vel
2235 5547 2534 5618 voluptatis
2569 5547 2802 5621 alicujus
2848 5549 3129 5606 libidinem
3162 5550 3321 5604 nobis
3351 5547 3532 5614 indat;

1968 5651 2123 5693 mens
2152 5646 2331 5693 autem
2372 5638 2688 5712 hujusmodi
2717 5640 3042 5706 cupiditates
3079 5637 3367 5704 excipiens,
3415 5648 3530 5688 θυι-
