3794 6000
268 204 372 259 175

1541 203 1597 256 S.
1633 199 1953 257 CREGORII
1992 199 2285 258 NYSSENI

3412 196 3520 250 1⁵16

267 332 370 375 nes
419 314 661 373 rationes
695 322 750 370 et
788 313 1021 369 consilia
1060 311 1277 383 corpori
1325 312 1724 378 accommodet,
1770 321 1822 367 ul

1964 327 2098 366 ιενον
2151 312 2406 385 ἀφορμὰς
2469 314 2873 385 συνεκπορίζειν
2921 310 3000 384 τῷ
3039 307 3274 382 σώματι.
3329 308 3406 364 Τὸ
3456 309 3518 364 δὲ

268 408 547 465 industria
591 421 689 463 sua
736 404 881 475 quod
929 404 1207 472 expetitur
1254 404 1516 460 inveniat.
1566 402 1686 458 Non
1734 403 1839 460 hoc

267 499 411 570 apud
438 512 628 554 omnes
652 495 907 552 homines
939 497 1120 551 locum
1144 494 1344 551 habet:
1367 494 1464 549 sed
1491 494 1708 548 illorum
1731 501 1835 559 est,

267 590 420 659 quia
450 596 650 643 natura
693 585 987 656 mancipiis
1027 599 1194 653 quam
1222 584 1505 657 simillimi
1537 584 1829 658 exsistunt,

264 680 346 736 llli
392 680 559 743 enim,
611 694 735 735 cum
777 686 989 733 naturae
1038 676 1355 733 libidinibus
1406 676 1670 730 rationem
1716 680 1836 728 tan-

263 786 431 841 quam
468 786 583 827 rem
632 771 871 841 mancipi
925 770 1197 826 addictam
1254 766 1582 837 subjiciant,
1635 765 1835 822 mentis

262 862 477 918 scilicet
512 876 680 932 opera
727 861 785 916 in
828 858 1103 914 adulando
1154 871 1417 913 sensuum
1458 855 1834 924 voluptatibus

263 954 522 1010 servilem
566 954 621 1005 in
664 951 885 1006 modum
934 949 1252 1003 abutuntur.
1293 946 1376 1001 Ab
1408 945 1479 1001 iis
1526 952 1710 999 autem
1738 945 1833 1015 qui

265 1044 626 1115 perfectiores
654 1050 806 1107 sunt,
827 1042 931 1094 hoc
961 1052 1305 1109 nequaquam
1329 1036 1655 1110 admittitur.
1680 1035 1833 1091 Mens

264 1133 409 1187 enim
440 1132 496 1188 in
522 1132 608 1186 his
635 1130 797 1186 ducis
825 1130 1005 1185 oﬂicio
1037 1129 1280 1200 fungitur
1307 1147 1322 1181 :
1347 1127 1603 1197 quodque
1629 1142 1698 1182 ex
1725 1142 1833 1181 usu

262 1231 371 1288 cst,
421 1222 490 1278 de
522 1221 764 1277 rationis
806 1220 1030 1290 iudicio,
1072 1234 1179 1274 non
1212 1218 1435 1274 libidine
1483 1217 1655 1271 ullius
1699 1211 1865 1273 ach-‘

261 1313 461 1370 ctionis
492 1311 664 1381 eligit.
722 1310 895 1380 Atque
930 1310 1097 1380 hujus
1130 1311 1290 1366 ducis
1337 1307 1587 1378 vestigiis
1633 1313 1831 1362 natura

260 1404 544 1470 insistens,
578 1401 979 1471 praecedentem
1017 1401 1287 1471 sequitur.
1321 1387 1588 1454 Caeterum
1611 1399 1713 1453 etsi
1740 1414 1833 1454 su-

258 1497 476 1568 periore
514 1493 768 1548 oratione
812 1492 1153 1547 declaratum
1195 1498 1300 1556 est,
1350 1489 1550 1558 triplex
1607 1503 1728 1544 esse
1774 1487 1829 1541 in

257 1585 476 1642 vivendi
509 1583 771 1639 facultate
815 1582 1135 1645 discrimen,
1170 1590 1230 1635 ut
1273 1581 1380 1635 alia
1429 1580 1503 1636 sit
1548 1580 1658 1633 vita
1710 1593 1831 1648 quae

256 1680 477 1752 quidem
512 1676 809 1739 nutriatur,
848 1688 1047 1743 expers
1090 1679 1272 1727 tamen
1324 1671 1398 1726 sit
1441 1685 1638 1726 sensus
1678 1689 1692 1725 :
1725 1670 1831 1724 alia

257 1779 314 1827 et
367 1770 667 1833 nutriatur,
716 1773 773 1822 et
819 1765 1041 1828 sentiat,
1095 1769 1279 1817 careat
1334 1768 1519 1817 autem
1570 1760 1833 1815 facultate

252 1865 492 1920 rationis
526 1881 540 1917 :
593 1860 699 1915 alia
736 1857 975 1926 denique
1014 1864 1068 1910 ct
1101 1853 1317 1909 ratione
1348 1860 1561 1917 utatur,
1606 1860 1661 1907 et
1703 1866 1831 1921 per-

257 1957 404 2011 fecta
442 1953 536 2020 sit,
568 1963 774 2023 perque
809 1946 1097 2001 facultates
1128 1950 1354 1999 caeteras
1386 1957 1577 1998 omnes
1609 1940 1831 2007 diffusa,

247 2054 319 2105 .ut
355 2057 411 2104 et
439 2045 496 2100 in
524 2044 594 2099 iis
626 2041 872 2103 exsistat,
908 2046 961 2092 et
995 2046 1252 2107 tanquam
1283 2035 1545 2092 eximium
1574 2033 1829 2105 quiddam

244 2132 621 2203 intelligentia
648 2130 758 2183 vim
794 2128 991 2183 habeat
1020 2145 1033 2181 :
1065 2140 1226 2181 nemo
1256 2134 1435 2180 tamen
1476 2124 1679 2179 idcirco
1714 2123 1833 2178 exi-

252 2225 440 2282 stimet
481 2229 595 2278 tres
647 2220 706 2274 in
754 2219 995 2274 humano
1043 2215 1262 2286 opiﬁcio
1309 2214 1523 2269 animas
1568 2214 1829 2277 existere,

252 2330 506 2372 seorsum
532 2312 701 2369 certis
740 2309 900 2381 quasi
946 2307 1211 2362 limitibus
1256 2304 1726 2373 circumscriptas,
1772 2310 1832 2356 ut

254 2417 513 2464 naturam
572 2403 809 2461 hominis
862 2415 928 2456 ex
981 2400 1232 2470 pluribus
1285 2397 1487 2452 animis
1539 2395 1829 2451 conflatam

244 2509 449 2573 .putare
493 2498 810 2555 debeamus.
875 2492 1013 2547 Nam
1066 2505 1196 2546 vera
1238 2497 1294 2544 et
1352 2487 1592 2558 perfecta
1647 2486 1827 2541 anima

258 2608 447 2664 reapse
471 2592 630 2647 unica
659 2587 909 2658 quaedam
939 2593 1044 2649 est,
1068 2582 1404 2653 intelligens,
1437 2579 1585 2634 nulla
1618 2594 1684 2634 ex
1710 2592 1827 2632 ma-

245 2684 392 2739 .terie
433 2694 625 2738 crassa
672 2682 954 2740 constans,
1008 2673 1102 2729 sed
1138 2688 1235 2743 per
1272 2685 1471 2727 sensus
1510 2675 1720 2722 natura:
1751 2667 1829 2723 illi

253 2788 457 2830 crassae
496 2771 678 2827 mista.
724 2765 999 2837 Quidquid
1039 2772 1221 2820 autem
1258 2761 1569 2818 exsistitex
1603 2759 1830 2814 materie

1939 403 2178 458 τοιοῦτον
2204 406 2304 457 οὑκ
2340 404 2433 457 ἐπὶ
2462 404 2677 458 πάντων
2702 405 2868 471 ἐστὶν,
2904 403 3039 459 ἀλλά
3071 402 3247 474 μόνων
3274 401 3383 455 τῶν
3415 402 3518 456 ἁν-

1937 492 2437 564 δραποδωδέστερον
2481 492 2870 565 διακειμένων,
2915 495 2965 548 οἳ
3006 493 3370 557 δουλώσαντες
3421 491 3520 545 τὸν

1937 585 2093 654 λόγον
2148 588 2266 649 ταῖς
2319 588 2515 658 ὁρμαῖς
2565 589 2661 658 τῆς
2716 587 2950 657 φύσεως,
2998 588 3086 642 διὰ
3126 588 3226 659 τῆς
3279 584 3373 639 τοῦ
3419 582 3518 640 νοῦ

1938 676 2249 746 συμμαχίας
2303 674 2364 729 τὸ
2403 676 2543 731 κατά
2592 677 2690 740 τὰς
2736 679 3015 748 αἰσθήσεις
3066 677 3165 750 ἡδὺ
3221 675 3519 746 δουλοπρε-

1937 768 2056 831 πῶς
2119 766 2526 823 κολακεύουσιν.
2598 769 2721 821 Ἐπὶ
2773 769 2829 822 δὲ
2873 768 2980 823 τῶν
3018 767 3365 838 τελειοτέρων
3415 765 3521 835 οὐχ

1935 858 2107 921 οὕτως
2154 857 2382 926 γίνεται.
2429 858 2765 928 Καθηγεῖται
2807 858 2915 930 γὰρ
2964 860 2993 911 ό
3045 857 3200 923 νοῦς,
3232 856 3377 926 λόγῳ
3417 857 3520 908 καὶ

1935 948 2056 1019 οὐχὶ
2109 949 2269 1003 πάθει
2299 949 2360 1001 τὸ
2392 949 2667 1013 λυσιτελὲς
2714 951 3181 1021 προαιρούμενος·
3204 951 3238 1020 ἡ
3265 948 3321 1001 δὲ
3350 948 3520 1016 φύσις

1936 1040 2054 1093 κατ’
2089 1039 2232 1109 τινος
2282 1030 2475 1095 ἕπεται
2522 1041 2600 1111 τῷ
2639 1038 3161 1112 προκαθηγουμένῳ.
3205 1035 3418 1104 Ἐπειδὴ
3456 1039 3521 1092 δὲ

1932 1132 2084 1198 τρεῖς
2128 1129 2271 1184 κατὰ
2310 1130 2409 1202 τὴν
2452 1131 2686 1202 ζωτικὴν
2731 1133 2958 1202 δύναμιν
3009 1131 3271 1202 διαφορὰς
3303 1133 3330 1182 ὁ
3357 1130 3521 1197 λόγος

1933 1210 2098 1287 εὗρε,
2128 1218 2226 1288 τὴν
2272 1220 2368 1291 μὲν
2417 1221 2755 1293 τρεφομένην
2812 1222 2977 1294 χωρὶς
3023 1222 3365 1293 αισθήσεως,
3412 1220 3523 1288 τὴν

1932 1308 1990 1361 δὲ
2051 1310 2393 1380 τρεφομένην
2465 1311 2562 1381 μὲν
2627 1312 2721 1364 καὶ
2782 1311 3152 1383 αὐξανομένην
3183 1350 3198 1374 ,
3253 1308 3522 1381 ἀμοιροῦ-

1935 1412 2031 1449 σαν
2091 1397 2148 1450 δὲ
2207 1398 2305 1466 τῆς
2357 1398 2580 1469 λογικῆς
2638 1400 2952 1470 ἐνεργείας,
3008 1400 3106 1471 τὴν
3172 1399 3228 1452 δὲ
3289 1397 3523 1468 λογικὴν

1932 1488 2027 1540 καὶ
2050 1486 2258 1541 τελείαν
2282 1488 2348 1540 δι’
2386 1489 2601 1559 ἁπάσης
2629 1491 2918 1562 διήκουσαν
2947 1492 3047 1562 τῆς
3091 1492 3392 1562 δυνάμεως,
3430 1491 3517 1555 ὡς

1934 1579 2027 1632 καὶ
2055 1580 2110 1633 ἐν
2144 1579 2381 1643 ἐκείναις
2411 1576 2550 1635 εἶναι
2584 1584 2675 1636 καὶ
2699 1583 2800 1653 τῆς
2825 1585 3017 1654 νοερᾶς
3046 1584 3106 1637 τὸ
3133 1584 3292 1636 πλέον
3327 1582 3474 1653 ἔχειν
3500 1597 3517 1612 °

1936 1667 2124 1737 μηδεὶς
2151 1668 2238 1722 διὰ
2277 1669 2477 1724 τούτων
2523 1671 2815 1725 ὑπονοείτω
2846 1676 2994 1743 τρεῖς
3042 1673 3520 1744 συγκεκροτῆσθαι

1931 1759 2108 1829 ψυχὰς
2144 1760 2201 1813 ἐν
2238 1761 2315 1831 τῷ
2339 1760 2662 1833 ἀνθρωπίνῳ
2693 1763 3048 1836 συγκρίματι,
3078 1766 3135 1818 ἐν
3164 1765 3322 1828 ἰδίαις
3355 1781 3521 1834 περι-

1932 1853 2169 1920 γραφαῖς
2204 1851 2602 1923 θεωρουμένας,
2637 1854 2777 1907 ὦστε
2819 1854 3178 1926 συγκρότημόι
3216 1873 3269 1909 τι
3300 1854 3519 1909 πολλῶν

1932 1940 2120 2012 ψυχῶν
2162 1943 2259 2013 τὴν
2311 1944 2656 2017 ἀνθρωπίνην
2705 1947 2866 2016 φύσιν
2906 1944 3043 2002 εἶναι
3073 1947 3333 2018 νομίζειν.
3369 1947 3515 2000 Ἀλλ’

1933 2034 1966 2103 ἠ
1998 2033 2097 2103 μὲν
2117 2033 2323 2106 ἀληθής
2344 2053 2403 2088 τε
2427 2036 2521 2089 καὶ
2542 2037 2721 2090 τελεία
2750 2036 2915 2108 ψυχὴ,
2943 2039 3041 2109 μία
3065 2040 3131 2108 τῇ
3155 2040 3315 2107 φύσει
3337 2038 3513 2103 ἐστὶν,

1930 2125 1963 2194 ἡ
1992 2121 2160 2195 νοερά
2180 2141 2240 2177 τε
2263 2126 2358 2179 καὶ
2381 2126 2563 2193 ἇῦλος,
2596 2129 2630 2197 ὴ
2658 2127 2744 2181 διᾶ
2770 2128 2877 2181 τῶν
2907 2129 3212 2199 αἰσθήσεων
3249 2132 3314 2200 τῇ
3349 2129 3512 2201 ὑλικῇ

1929 2215 2376 2292 καταμιγνυμένη
2420 2217 2599 2286 φύσει.
2643 2218 2731 2271 Τὸ
2748 2218 2806 2271 δὲ
2839 2218 3037 2283 ὑλῶδες
3068 2219 3213 2273 ἀπαν
3246 2221 3305 2273 ἐν
3331 2224 3518 2292 τροπῇ

1927 2320 1986 2355 τε
2031 2304 2125 2357 καὶ
2170 2291 2449 2359 ἀλλοιώσει
2479 2307 2758 2378 κείμενον,
2799 2309 2850 2362 εἱ
2902 2310 2998 2379 μὲν
3033 2310 3248 2380 μετέχοι
3268 2310 3366 2380 τῆς
3405 2291 3518 2380 dtu;

1927 2395 2130 2467 χούσης
2166 2396 2476 2468 δυνάμεως,
2515 2400 2654 2453 κατὰ
2686 2399 2910 2471 αὔξησιν
2954 2399 3339 2472 κινηθήσεται·
3370 2402 3419 2452 εί
3448 2401 3517 2454 δὲ

1933 2487 2196 2541 ἀποπέσοι
2215 2489 2574 2560 τῆς“ζωτικῆς
2597 2492 2895 2562 ἐνεργείας,
2921 2495 3001 2556 είς
3028 2492 3230 2564 φθορὰν
3250 2493 3514 2546 ἁναλύσει

1928 2575 2030 2651 τὴν
2054 2576 2286 2647 κίνησιν.
2322 2579 2458 2633 Οὔτε
2489 2576 2581 2635 οὖν
2611 2582 2861 2653 αἴσθησις
2887 2584 3055 2654 χωρὶς
3083 2584 3275 2655 ὑλικῆς
3298 2584 3511 2648 οὐσίας,

1935 2666 2054 2720 οὔτε
2080 2671 2178 2739 τῆς
2222 2673 2416 2741 νοερᾶς
2461 2672 2740 2745 δυνάμεως
2778 2676 2979 2746 χωρὶς,
3025 2676 3326 2748 αἰσθήσεως
3355 2674 3515 2747 ἐνέρ-

1935 2774 2059 2826 γεια
2089 2760 2319 2828 γίνεται.

242 2881 471 2929 crassa,
517 2860 912 2919 mutationibus
961 2864 1013 2913 et
1075 2855 1300 2912 alternis
1352 2853 1800 2911 conversionibus
1852 2849 2146 2907 obnoxium
2173 2893 2188 2917 ,
2223 2855 2269 2909 si
2319 2855 2536 2924 quidem
2587 2855 2862 2915 facultatis
2906 2858 3176 2929 particeps
3229 2859 3335 2914 erit
3385 2857 3512 2928 ejus

244 2976 373 3032 quae
425 2959 660 3014 animam
718 2953 1120 3025 complectitur,
1159 2951 1487 3007 accretionis
1530 2959 1736 3005 motum
1776 2947 2037 3016 habebit;
2102 2949 2187 3005 sin
2248 2957 2430 3006 autem
2478 2952 2693 3008 vivendi
2737 2953 3048 3009 facultatem
3106 2955 3336 3022 amittat,
3392 2964 3512 3010 tum

245 3046 446 3104 deinde
498 3045 709 3102 scilicet
738 3052 918 3098 motus
966 3041 1087 3108 ejus
1133 3040 1197 3095 ad
1248 3048 1548 3095 extremum
1609 3041 1884 3096 interitum
1944 3048 2147 3111 verget.
2197 3042 2404 3097 Idcirco
2443 3058 2619 3113 neque
2648 3060 2843 3101 sensus
2873 3050 3025 3101 extra
3061 3046 3304 3102 materiei
3347 3051 3517 3101 natu-

256 3156 366 3197 ram
392 3139 643 3195 exsistit:
674 3152 851 3208 neque
874 3136 1105 3190 facultas
1132 3135 1440 3206 intelligens
1470 3135 1589 3190 sine
1618 3150 1782 3190 sensu
1838 3134 2083 3190 actiones
2127 3152 2258 3191 suas
2283 3144 2523 3192 exercet.

847 3228 1067 3285 CAPUT
1118 3228 1234 3284 XV.

252 3321 500 3378 Animam
545 3320 751 3390 proprie
796 3327 846 3373 et
874 3335 985 3373 esse
1031 3324 1258 3390 eam__et
1295 3317 1422 3381 dici,
1462 3320 1826 3390 quwiratione

319 3394 520 3455 utitur;
546 3387 752 3445 steteris
777 3398 983 3442 talltum
1007 3387 1414 3457 appellationem
1439 3387 1556 3441 cum
1589 3389 1687 3442 hac
1711 3405 1826 3444 esse

320 3477 668 3517 communem.
701 3457 961 3512 Prwterea
998 3473 1089 3526 per
1126 3459 1428 3512 universum
1455 3473 1647 3525 corpus
1684 3474 1826 3512 men-

326 3534 397 3586 tis
435 3547 490 3587 se
526 3530 839 3599 facultatem,
867 3527 1067 3599 didere,
1100 3529 1430 3582 conveniente
1459 3529 1691 3598 quadam
1735 3544 1825 3581 ra-

323 3603 462 3657 tione
504 3597 749 3655 membris
797 3597 1021 3667 singulis
1073 3599 1435 3666 conjunctam.

324 3692 383 3747 Si
421 3692 548 3762 quis
594 3696 771 3744 autem
823 3685 1029 3742 ideirco
1073 3686 1261 3758 plures
1309 3702 1432 3744 esse
1465 3687 1675 3741 animas
1707 3684 1826 3755 opi-

257 3792 445 3846 natur,
492 3780 639 3851 quod
689 3786 873 3834 creata
926 3780 1187 3834 nonnulla
1240 3779 1497 3834 facultate
1548 3779 1825 3834 nutriente

252 3878 383 3928 sunt
409 3868 655 3941 praedita,
697 3868 955 3922 nonnulla
995 3869 1291 3936 sentiente;
1344 3884 1470 3923 cum
1507 3870 1597 3923 illa
1633 3883 1820 3932 sensu,

253 3962 368 4017 haec
404 3959 761 4030 intelligentia
813 3965 1061 4026 careant;
1097 3959 1158 4013 is
1184 3959 1488 4035 animarum
1525 3959 1822 4013 discrimen

252 4068 362 4111 non
395 4051 531 4107 satis
562 4050 831 4121 explicate
867 4049 1132 4104 declarat.
1166 4048 1440 4121 Quidquid
1468 4050 1614 4105 enim
1647 4050 1701 4104 in
1734 4065 1821 4106 re-

250 4158 374 4202 rum
399 4150 596 4199 natura
635 4143 871 4209 exsistit,
900 4143 947 4199 si
974 4143 1192 4214 quidem
1221 4142 1463 4213 perfecte
1484 4152 1568 4197 est
1588 4143 1638 4196 id
1667 4144 1813 4212 quod

248 4248 371 4290 esse
421 4232 622 4288 debet:
668 4239 817 4289 recte
855 4234 1017 4289 etiam
1058 4247 1122 4287 ac
1154 4232 1375 4303 pr0prie
1419 4248 1617 4288 nomen
1659 4249 1818 4289 suum

248 4323 479 4389 obtinet,
532 4337 642 4394 quo
678 4324 891 4381 scilicet
943 4324 1283 4394 appellatur;
1336 4323 1420 4378 sin
1468 4323 1672 4393 aliquid
1710 4339 1821 4378 non

248 4427 475 4483 prorsus
500 4421 555 4467 et
602 4414 811 4484 integre
841 4420 927 4469 est
957 4413 1036 4478 id,
1070 4414 1216 4483 quod
1254 4428 1377 4469 esse
1409 4413 1614 4467 dicitur
1644 4429 1661 4467 :
1691 4415 1818 4469 huic

248 4502 547 4574 improprie
593 4517 793 4559 nomen
838 4503 1019 4573 ipsum
1061 4503 1340 4558 tribuitur.
1378 4491 1624 4574 Si'quis,
1664 4506 1816 4559 verbi

2441 3233 2836 3287 ΚΕΦΑΛΛΙΟΝ
2885 3235 2984 3287 ῐΕ’.

1928 3318 2053 3375 Ὅτι
2102 3321 2318 3388 κυρίως
2363 3320 2562 3390 ψυχὴ,
2607 3322 2646 3387 ἡ
2684 3322 2898 3391 λογικὴ
2950 3323 3047 3376 καὶ
3088 3324 3217 3376 ἐστι
3260 3322 3357 3377 καὶ
3403 3324 3512 3377 λέ-

1995 3406 2183 3460 γεταεθ
2215 3393 2290 3460 al,
2314 3391 2365 3443 δ’
2402 3391 2583 3460 ἄλλαι
2620 3394 2939 3460 ὁμωνύμως
2978 3391 3503 3460 κατονομάζονται.

2009 3452 2105 3512 Ἕν
2124 3452 2170 3526 ᾧ
2199 3459 2297 3512 καὶ
2326 3461 2422 3523 τὸ,
2450 3459 2547 3513 διὰ
2572 3452 2797 3526 πᾰντύς
2815 3452 2931 3513 ’τοῦ
2962 3452 3232 3528 σώματός
3268 3461 3509 3526 διήκειν

1993 3529 2109 3595 τὴν
2156 3528 2264 3581 τοῦ
2302 3532 2413 3583 ⁸νοῦ
2458 3528 2733 3598 δύναμιν,
2781 3530 3177 3597 namiijch
3236 3529 3509 3586 ἑκάστου

1989 3599 2211 3667 μέρους
2236 3599 2762 3669 προσαπτομένην.

1992 3690 2057 3741 El
2090 3688 2150 3741 δέ
2177 3707 2297 3742 τινα
2347 3692 2443 3759 τῆς
2492 3692 2721 3754 κτίσεως
2760 3690 2860 3760 τὴν
2890 3690 3188 3761 θρεπτικὴν
3220 3690 3504 3761 ἐνέργειαν

1923 3779 2068 3851 ἔχει,
2101 3781 2133 3850 ἢ
2184 3781 2345 3834 πάλιν
2378 3782 2542 3846 ἔτερα
2583 3785 2649 3852 τῇ
2695 3782 2982 3853 αἱσθητικῇ
3023 3782 3305 3837 διοικεῖται
3337 3783 3503 3837 δυνά-

1928 3888 2035 3940 μει,
2066 3872 2201 3941 μήτε
2228 3873 2409 3924 ἐκεῖνα
2441 3872 2773 3942 αἰσθήσεως,
2809 3874 2944 3944 μήτε
2976 3871 3147 3926 ταῦτα
3177 3873 3276 3943 τῆς
3302 3875 3504 3942 νοερᾶς

1927 3959 2220 4030 μετέχοντα
2255 3959 2499 4028 φύσεως,
2541 3962 2634 4014 καὶ
2665 3962 2752 4016 διὰ
2778 3961 2936 4015 τοῦτό
2961 3978 3045 4025 τις
3076 3961 3263 4031 ψυχῶν
3296 3961 3502 4030 πλῆθος

1923 4047 2353 4101 καθυποπτεύει·
2404 4048 2465 4100 οὑ
2529 4048 2670 4103 κατά
2727 4049 2819 4103 τὸν
2876 4050 3185 4121 διαιροῦντα
3245 4050 3400 4116 λόγον
3468 4052 3501 4104 ὁ

1923 4134 2162 4200 τοιοῦτος
2192 4136 2288 4207 τὴν
2327 4137 2435 4192 τῶν
2462 4137 2649 4210 ψυχῶν
2682 4140 2943 4210 διαφορὰν
2977 4141 3288 4211 δογματίσει
3313 4159 3325 4172 ο
3359 4141 3498 4195 διότι

1923 4227 2029 4279 πᾶν
2048 4227 2108 4278 τὸ
2126 4229 2182 4279 ἐν
2202 4229 2313 4288 τοῖς
2329 4223 2446 4281 οὖσι
2474 4227 2779 4299 νοούμενον,
2810 4231 2857 4281 εἰ
2882 4230 2978 4299 μὲν
3003 4231 3221 4295 τελείως
3249 4232 3331 4303 εἴη
3360 4232 3499 4302 ὅπερ

1922 4318 2065 4383 ἐστὶ,
2095 4319 2297 4390 κυρίως
2334 4320 2427 4373 καὶ
2456 4320 2775 4391 ὀνομάζεται
2804 4322 2938 4393 ὅπερ
2965 4322 3207 4390 λέγεται·
3240 4324 3301 4394 to
3327 4323 3385 4376 δὲ
3418 4323 3498 4395 μὴ

1920 4409 2008 4462 διά
2030 4408 2247 4463 πάντων
2285 4410 2345 4462 ὃν
2376 4412 2578 4475 ἐκεῖνο,
2607 4412 2636 4464 ὃ
2664 4413 3101 4483 κατωνόμασται,
3130 4414 3363 4483 ματαίαν
3397 4416 3498 4468 κα)⁸

1919 4503 2018 4570 τὴν
2050 4501 2415 4571 προσηγορίαν
2446 4501 2578 4572 ἔχει.
2616 4498 2739 4556 Οἷον
2769 4504 2821 4556 εἴ
2845 4521 2926 4568 τις
2951 4505 3040 4558 τὸν
3067 4504 3240 4575 ἀληθῆ
3269 4503 3498 4568 δείξειεν

246 4594 444 4669 gratia,
485 4608 678 4665 panem
723 4608 914 4649 verum
944 4593 1195 4649 ostendat
1229 4610 1403 4666 :‘eum
1441 4595 1657 4665 pmpric
1687 4610 1804 4650 rem

1964 4567 2112 4662 ρτον,
2173 4567 2352 4661 φαμεν
2409 4567 2507 4646 τὸν⁷
2547 4592 2783 4647 τοιοῦτον
2839 4594 3042 4665 κυρίως
3095 4567 3372 4661 ἐπιλέγειν
3413 4594 3497 4668 τῷ

246 4684 544 4741 indicatam
578 4700 680 4741 suo
715 4684 938 4740 nomine
967 4685 1273 4756 appellasse
1301 4685 1556 4742 dicimus.
1592 4686 1687 4741 Sin
1716 4701 1818 4741 au-

246 4784 354 4830 tem
401 4791 509 4830 una
551 4790 676 4830 cum
730 4773 835 4828 hoc
888 4774 1053 4827 alium
1108 4774 1397 4844 quemdam
1455 4774 1815 4841 demonstret,

246 4872 364 4919 arte
412 4864 615 4919 factum
656 4861 725 4917 de
768 4862 1000 4917 materie
1042 4862 1276 4933 lapidea,
1317 4863 1564 4934 ejusdem
1605 4866 1812 4928 format,

247 4953 514 5022 aequalem
550 4951 947 5021 magnitudine,
979 4954 1160 5009 colore
1192 4955 1552 5022 consimilem,
1588 4962 1647 5010 ut
1675 4956 1814 5011 mul-

245 5044 316 5097 tis
340 5057 406 5097 ex
437 5042 600 5097 rebus
634 5041 774 5097 idem
810 5057 933 5098 esse
964 5057 1088 5097 cum
1115 5058 1200 5108 eo,
1236 5043 1301 5098 ad
1345 5044 1504 5114 cujus
1537 5045 1818 5115 exemplar

247 5132 425 5188 factus
452 5138 556 5196 est,
585 5138 842 5202 appareat
871 5148 885 5186 :
932 5148 1099 5188 unum
1131 5134 1293 5190 modo
1319 5133 1483 5197 desit,
1519 5133 1664 5204 quod
1698 5134 1818 5189 ido-

246 5238 380 5279 neus
409 5238 532 5279 esse
558 5223 753 5279 alendo
787 5223 994 5278 homini
1028 5240 1138 5278 non
1182 5225 1356 5295 possit
1391 5233 1548 5280 :tum
1582 5239 1713 5279 vero
1744 5223 1815 5281 de

242 5313 346 5369 hoc
373 5314 492 5383 ipso
537 5329 647 5368 non
681 5322 827 5369 recte
866 5315 1028 5386 lapidi
1060 5316 1216 5386 panis
1262 5314 1684 5387 appellationem
1727 5316 1810 5371 in-

243 5404 434 5467 ditam,
459 5403 553 5459 sed
581 5419 678 5474 per
704 5405 855 5460 vocis
875 5406 1126 5470 abusum,
1158 5404 1569 5460 allirmabimus.
1607 5404 1807 5461 Eodem

242 5494 400 5550 modo
427 5495 691 5566 quidquid
718 5510 826 5551 non
874 5497 1022 5552 omni
1053 5512 1118 5551 ex
1158 5502 1312 5566 parte
1337 5494 1388 5549 id
1421 5504 1505 5550 est
1533 5496 1679 5565 quod
1720 5495 1805 5550 di-

239 5589 402 5655 citur,
425 5586 482 5643 in
511 5603 576 5645 eo
606 5588 928 5660 appellando
961 5586 1242 5642 vocabulis
1271 5586 1563 5645 abutimur.
1599 5586 1805 5651 Quam-

1924 4681 2266 4752 ὑποκειμένῳ
2292 4682 2352 4735 τὸ
2376 4680 2564 4752 ὄνομα.
2592 4683 2653 4735 Εἰ
2681 4683 2736 4736 δέ
2759 4701 2841 4746 τις
2866 4684 2957 4737 τὸν
2990 4684 3096 4739 ἀπὸ
3132 4684 3276 4737 λίθου
3299 4702 3496 4754 τεχνη-

1922 4772 2082 4827 θέντα
2126 4772 2201 4843 τῷ
2242 4773 2382 4827 κατά
2430 4773 2587 4842 φύσιν
2641 4775 3168 4846 ἀντιπαραδείξειεν,
3215 4769 3259 4844 ᾧ
3307 4774 3496 4845 σχῆμα

1923 4865 2020 4938 μὲν
2059 4865 2119 4919 τὸ
2162 4865 2324 4929 αὑτὸ,
2363 4867 2456 4919 καὶ
2486 4866 2548 4918 τὸ
2595 4866 2817 4935 μέγεθος
2861 4861 2996 4934 ἴσον,
3027 4867 3122 4919 καὶ
3162 4865 3315 4937 ήτοῦ
3345 4867 3492 4936 χρώ-

1917 4973 2082 5024 ματος
2123 4956 2409 5026 ὁμοιότης,
2452 4955 2590 5010 ὥστε
2629 4957 2716 5010 διά
2753 4956 2863 5010 τῶν
2902 4958 3168 5010 πλείστων
3212 4957 3302 5010 τὸν
3329 4956 3493 5010 αὐτὸν

1915 5044 2052 5101 εἶναι
2088 5048 2166 5119 τῷ
2209 5049 2544 5118 πρωτοτύπῳ
2587 5050 2795 5116 δοκεῖν,
2850 5050 3122 5103 ἐπιλείπει
3150 5050 3207 5102 δὲ
3248 5048 3395 5119 αὑτῷ
3429 5048 3494 5102 τὸ

1915 5139 2009 5191 καὶ
2045 5138 2247 5210 τροφὴν
2294 5138 2550 5195 δύνασθαι
2581 5134 2718 5194 εἶναι
2744 5158 2757 5171 ·
2794 5141 2942 5212 παρὰ
2970 5140 3124 5194 τοῦτο
3162 5140 3222 5193 οὐ
3260 5139 3489 5211 κυρίως,

1915 5224 2026 5277 ἀλλ’
2061 5227 2125 5279 ἐκ
2164 5228 2553 5299 καταχρήσεως
2598 5229 2696 5300 τῆς
2739 5229 3054 5299 ἐπωνυμίας
3082 5228 3175 5281 τοῦ
3206 5228 3370 5298 ἄρτου
3400 5244 3492 5280 τε·

1914 5315 2209 5386 τυχηκὲναι
2261 5316 2351 5371 τὸν
2397 5318 2541 5371 λίθον
2587 5319 2852 5390 λέγωμεν.
2899 5321 3010 5374 Καὶ
3043 5318 3220 5373 πάντα
3254 5319 3323 5371 τά
3349 5314 3488 5371 κατᾶ

1913 5404 2006 5458 τὸν
2050 5406 2210 5460 αὑτὸν
2253 5407 2431 5478 λόγον,
2462 5408 2497 5463 δι
2539 5410 2613 5480 μὴ
2655 5410 2721 5465 δι’
2748 5410 2883 5464 ὅλων
2912 5411 3057 5463 ἐστὶν
3080 5411 3217 5480 ὅπερ
3237 5408 3489 5476 λέγεται,

1915 5497 1979 5548 ἐκ
2021 5499 2409 5569 καταχρήσεως
2446 5498 2559 5570 ἔχει
2593 5504 2691 5572 τὴν
2733 5501 2944 5572 κλῆσιν.
2989 5500 3144 5554 Οὕτω
3181 5500 3359 5554 τοίνυν
3391 5493 3489 5548 καὶ

1912 5586 2010 5657 τῆς
2061 5588 2237 5668 ψυχῆς
2282 5591 2336 5646 ἐν
2385 5590 2461 5667 τῷ
2509 5591 2677 5663 νοερῷ
2719 5610 2773 5649 τε
2821 5594 2913 5651 καὶ
2947 5591 3148 5663 λογικῷ
3192 5590 3251 5644 τὸ
3284 5590 3485 5643 τέλειον
