3794 6000
245 224 337 283 ιπ
1490 224 1581 280 DE
1619 221 1906 283 HOMINIS
1943 222 2256 285 OPIFICIO.

3391 228 3491 285 178

244 337 496 408 ἐχούσης,
528 336 639 390 πᾶν
671 335 701 389 ὃ
730 335 805 407 μὴ
831 333 990 389 τοῦτό
1020 336 1203 401 ἐστιν,
1235 333 1522 407 ὁμώνυμον
1555 336 1655 408 μὲν
1680 332 1817 391 εῖναι

1923 338 2111 394 obrem
2160 350 2289 394 cum
2334 349 2401 392 ea
2449 333 2668 390 demum
2735 332 2979 406 perfecta
3019 333 3090 391 sit
3135 334 3335 404 anima,
3373 352 3495 408 qua:

244 427 455 481 δύναται
486 427 553 497 τῇ
591 426 738 496 ψυχῇ
763 463 779 488 ,
808 426 868 478 οὐ
906 424 1012 496 μὴν
1034 426 1130 480 καὶ
1163 424 1332 489 ὅντως
1358 425 1504 498 ψυχὴ
1523 465 1541 492 ,
1578 425 1715 481 ἀλλά
1734 444 1818 492 τις

245 516 487 586 ἐνέργεια
529 514 772 585 ζωτικὴ,
815 516 881 584 τῇ
926 514 1026 584 τῆς
1071 513 1250 585 ψυχῆς
1298 513 1489 585 κλήσει
1525 531 1817 585 συγκεκρι-

244 606 394 676 μένη.
426 604 519 658 Διὸ
559 605 652 658 καὶ
682 605 782 676 τὴν
812 603 923 656 τῶν
958 604 1167 672 ἀλόγων
1198 603 1394 672 φύσιν,
1426 604 1503 668 ὡς
1534 605 1595 658 οὐ
1627 606 1818 678 πόρρω

244 697 336 767 τῆς
363 695 597 765 φυσικῆς
622 696 827 766 ταύτης
851 693 995 764 ζωῆς
1017 692 1299 764 κειμένην,
1328 694 1526 763 ὁμοίως
1558 692 1727 748 ἔδωκε
1751 697 1817 766 τῇ

243 790 432 859 χρήσει
473 786 570 839 τοῦ
608 784 928 856 ἀνθρώπου,
975 785 1004 837 ὁ
1047 783 1118 837 τὰ
1160 783 1283 837 καθ’
1325 783 1556 837 ἕκαστον
1600 784 1822 855 νομοθε·

242 881 429 950 τήσας,
453 877 530 941 ὡς
548 877 670 931 ἀντὶ
696 877 930 948 λαχάνου
960 877 1071 940 τοῖς
1096 876 1414 946 μετέχουσιν
1441 871 1600 930 εἶναι.
1636 876 1820 931 Πάντα

238 970 371 1043 γὰρ,
404 969 561 1041 φησὶ,
583 968 654 1022 τὰ
674 969 812 1039 κρέα
839 966 1098 1037 φάγεσθε,
1127 969 1203 1031 ὡς
1229 967 1435 1036 λάχανα
1458 966 1670 1037 χόρτου.
1716 968 1821 1021 Μι-

244 1060 373 1133 κρὸν
393 1059 506 1130 γάρ
532 1075 588 1112 τι
621 1058 960 1112 πλεονεκτεῖν
984 1058 1132 1111 δοκεῖ
1155 1059 1221 1129 τῇ
1253 1057 1540 1129 αίσθητικῇ
1571 1057 1822 1129 ἐνεργείᾳ

240 1149 335 1205 τοῦ
374 1151 501 1219 δίχα
556 1148 760 1220 ταύτης
804 1148 1138 1219 τρεφομένου
1183 1165 1242 1202 τε
1291 1148 1387 1202 καὶ
1429 1148 1817 1220 αὐξανομένου.

242 1240 595 1294 Παῶευσάτω
624 1238 785 1293 τοῦτο
813 1240 937 1302 τοὺς
968 1239 1327 1310 φιλοσάρκους
1348 1277 1363 1303 ,
1415 1240 1490 1312 μὴ
1524 1240 1660 1294 πολὺ
1707 1241 1823 1305 τοῖς

245 1332 362 1382 κατ’
383 1329 646 1400 ἀἴσθησιν
679 1329 1021 1398 φαινομένοις
1043 1328 1415 1400 προσδραμεῖν
1442 1329 1540 1399 τὴν
1561 1328 1823 1399 διάνοιαν,

240 1421 354 1474 ἀλλ’
380 1422 439 1474 ἐν
468 1422 584 1483 τοῖς
611 1420 862 1491 ψυχικοῖς
898 1421 1274 1490 προτερήμασι
1309 1419 1820 1489 προσασχολείσθαι,

240 1513 316 1576 ὡς
342 1512 443 1583 τῆς
473 1511 707 1583 ἀληθοῦς
744 1510 923 1581 ψυχῆς
951 1512 1011 1563 ὲν
1046 1509 1256 1573 τούτοις
1290 1511 1693 1581 θεωρουμένης,
1722 1511 1823 1582 τῆς

239 1604 299 1658 δὲ
341 1603 650 1674 αἰσθήσεως
693 1604 789 1657 καὶ
822 1605 879 1657 ὲν
917 1605 1032 1665 τοῖς
1076 1601 1291 1670 ἀλόγοις
1318 1601 1379 1655 τὸ
1413 1602 1528 1655 ἴσον
1569 1602 1818 1672 ἐχούσης.

1922 438 1974 485 et
2007 428 2385 499 intelligentia:
2408 437 2462 483 et
2491 426 2722 481 rationis
2747 432 2835 481 est
2863 425 2918 481 vi
2945 425 3208 496 praedita:
3233 428 3491 498 quidquid

1923 519 2135 575 scilicet
2171 519 2279 574 tale
2307 534 2415 573 non
2462 526 2567 582 est,
2600 518 2651 573 ei
2684 531 2810 571 cum
2843 516 3024 571 anima
3048 517 3268 587 quidem
3295 534 3493 574 nomen

1921 624 2044 664 esse
2088 624 2380 664 commune
2404 616 2610 679 potest,
2643 622 2840 677 reapse
2867 621 2996 663 vero
3023 622 3133 663 non
3165 607 3368 671 anima,
3395 610 3493 664 sed

1922 698 2137 754 vivendi
2171 697 2404 753 facultas
2428 698 2675 768 quaedam
2708 698 2835 763 erit,
2869 712 2989 767 quae
3035 712 3188 753 more
3208 697 3491 753 hominum

1921 789 2117 844 animae
2148 789 2503 860 appellatione
2535 795 2847 844 censeatur.
2870 787 3080 843 Idcirco
3109 787 3254 843 Deus
3286 789 3492 845 homini

1922 879 2237 935 animalium
2279 881 2539 936 carnibus
2566 880 2733 944 vesci,
2767 881 2993 951 perinde
3029 888 3190 951 atque
3230 881 3492 947 oleribus,

1921 972 2186 1041 permittit
2233 972 2426 1042 :quod
2477 986 2668 1028 eorum
2711 980 2909 1025 natura
2956 985 3125 1041 prope
3172 986 3201 1025 a
3238 972 3350 1026 vita
3402 972 3494 1027 illa

1922 1075 2109 1117 rerum
2144 1062 2476 1116 naturalium
2511 1063 2669 1118 absit.
2704 1060 2801 1117 Est
2818 1061 2962 1115 enim
2994 1061 3068 1115 ita
3096 1062 3494 1131 perscriptum:

1923 1150 2114 1208 Omnis
2162 1153 2380 1223 generis
2413 1153 2671 1208 carnibus
2714 1161 2976 1221 tanquam
3024 1151 3267 1206 oleribus
3292 1165 3488 1220 grami-

1922 1243 2041 1299 neis
2060 1244 2372 1299 vescemini.
2396 1242 2590 1298 Parum
2613 1244 2821 1300 scilicet
2849 1242 3107 1312 quiddam
3126 1257 3248 1299 esse
3277 1241 3494 1297 videtur

1923 1334 1981 1388 in
2031 1333 2366 1389 animalibus
2397 1335 2608 1390 caneris
2636 1333 2868 1389 facultas
2917 1336 3182 1399 sentiens,
3228 1348 3337 1404 qua
3388 1348 3494 1387 una

1924 1428 2092 1483 rebus
2130 1426 2277 1491 aliis,
2322 1442 2445 1496 quae
2478 1428 2682 1495 absque
2737 1427 2841 1481 hac
2896 1435 2949 1482 et
2980 1426 3201 1480 aluntur
3234 1434 3289 1481 et
3312 1441 3491 1482 accre-

1925 1524 2109 1580 scunt,
2158 1525 2442 1587 prtestant.
2481 1518 2555 1573 De
2584 1533 2692 1588 quo
2737 1518 3073 1588 voluptarios
3104 1517 3354 1572 homines
3392 1517 3495 1572 hoc

1925 1619 2120 1674 capere
2147 1604 2408 1661 doctrinae
2436 1614 2492 1661 et
2531 1607 2919 1661 admonitionis
2951 1613 3182 1676 oportet,
3217 1613 3277 1661 ut
3324 1606 3493 1660 animi

255 1694 392 1747 Ἀλλ’
420 1696 509 1763 ἐφ’
558 1693 744 1764 ἕτερον
788 1694 821 1764 ή
850 1692 1138 1746 ἀκολουθία
1175 1692 1490 1764 παρηνέχθη
1517 1692 1609 1746 τοῦ
1634 1692 1813 1761 λόγου.

1923 1696 2301 1765 cogitationem
2329 1697 2394 1751 ad
2430 1712 2518 1752 res
2547 1713 2667 1767 quae
2696 1695 2882 1753 sensui
2914 1696 3181 1760 arrident,
3228 1712 3340 1751 non
3366 1710 3496 1751 con-

242 1785 318 1838 Οὐ
350 1785 461 1855 γάρ
503 1783 661 1837 τοῦτο
710 1786 776 1855 τῇ
819 1783 1020 1855 θεωρίᾳ
1058 1782 1373 1855 προέκειτο,
1411 1785 1495 1837 ὅτι
1542 1783 1821 1854 προτιμώ-

242 1894 399 1949 τερον
422 1876 534 1930 τῶν
580 1877 639 1930 ὲν
680 1875 760 1944 τῷ
792 1873 1062 1945 ἀνθρώπῳ
1100 1875 1405 1944 νοουμένων
1435 1874 1584 1928 ἐστὶν
1613 1876 1647 1944 ἡ
1679 1873 1821 1927 κατά

244 1968 366 2022 νοῦν
405 1968 659 2040 ἐνέργεια
688 1966 720 2037 ἢ
750 1966 811 2019 τὸ
836 1966 1021 2020 ὑλικὸν
1051 1966 1149 2035 τῆς
1176 1966 1527 2029 ὑποστάσεως
1546 1983 1560 1995 ·
1597 1965 1710 2018 ἀλλ’
1737 1965 1819 2018 ὅτι

243 2063 361 2131 οὐχὶ
396 2061 557 2133 μέρει
583 2062 689 2114 τινὶ
711 2059 821 2114 τῶν
861 2061 920 2113 ὲν
957 2059 1087 2129 ἡμῖν
1129 2059 1157 2110 ὁ
1183 2057 1305 2122 νοῦς
1333 2056 1677 2127 περιέχεται,
1702 2055 1820 2111 ἀλλ’

238 2154 436 2224 ἐπίσης
466 2155 525 2206 ὲν
575 2154 708 2206 πᾶσι
753 2153 847 2205 καὶ
874 2151 962 2204 διὰ
1003 2152 1218 2205 πάντων
1244 2148 1424 2202 ἐστίν’
1456 2147 1585 2202 οὔτε
1622 2146 1820 2214 ἔξωθεν

242 2244 693 2313 περιλαμϐάνων,
745 2241 867 2295 οῦτε
929 2241 1140 2294 ἔνδοθεν
1195 2239 1584 2312 κρατούμενος.
1636 2237 1822 2292 Ταῦτα

241 2334 345 2405 γὰρ
394 2335 489 2387 ἐπὶ
533 2334 714 2387 κάδων
766 2332 798 2403 ἢ
846 2331 1018 2386 ἄλλων
1059 2330 1219 2384 τινῶν
1254 2330 1523 2400 σωμάτων
1571 2329 1822 2398 ἀλλήλοις

238 2424 595 2494 ἐπιθεμένων
639 2423 845 2493 κυρίως
886 2422 1123 2490 λέγεται.
1164 2420 1228 2474 Ἡ
1267 2421 1324 2473 δὲ
1347 2420 1441 2474 τοῦ
1471 2419 1563 2475 νοῦ
1598 2419 1734 2490 πρὸς
1762 2419 1823 2472 τὸ

242 2514 551 2585 σωματικὸν
602 2513 856 2567 κοινωνία
908 2511 1186 2581 ἄφραστόν
1230 2528 1290 2564 τε
1331 2511 1426 2564 καὶ
1468 2510 1822 2580 ἀνεπινόητον

240 2603 333 2675 τὴν
355 2604 652 2671 συνάφειαν
678 2603 809 2674 ιἔχει,
831 2602 954 2655 οὔτε
976 2603 1126 2665 ἐντὸς
1143 2597 1278 2654 οὖσα
1303 2600 1460 2671 (οὔτε
1486 2599 1596 2672 γὰρ
1617 2603 1824 2671 ἐγκρα-

239 2696 411 2746 τεῖται
475 2692 690 2763 σώματι
740 2691 801 2744 τὸ
859 2689 1214 2760 ἀσώματον),
1261 2687 1382 2741 οὔτε
1439 2686 1595 2750 me;
1635 2685 1820 2758 περιέ-

240 2802 407 2857 χουσα
432 2785 530 2855 (οὐ
573 2784 683 2855 γὰρ
715 2782 1112 2853 περιλαμϐάνει
1147 2799 1200 2835 τι
1228 2780 1297 2835 τὰ
1325 2780 1621 2851 ἀσώματα)
1642 2795 1657 2811 θ
1688 2779 1824 2834 ἀλλά

238 2878 381 2931 κατά
421 2893 543 2929 τινα
574 2876 774 2946 τρόπον
813 2874 1096 2945 ἀμήχανόν
1119 2889 1179 2925 τε
1208 2873 1302 2925 καὶ
1334 2872 1700 2942 ἀκατανόητον
1728 2873 1824 2939 ἐγ-

239 2970 409 3037 γίςων
434 2970 465 3021 ὁ
496 2966 622 3030 νοῦς
662 2969 731 3038 τῇ
767 2965 960 3036 φύσει,
1003 2965 1098 3020 καὶ
1126 2964 1602 3036 προσαπτόμενος,
1637 2962 1731 3016 καὶ
1765 2963 1824 3015 ὲν

235 3061 379 3130 αὐτῇ
420 3059 517 3112 καὶ
546 3057 677 3128 περὶ
707 3055 875 3128 αὐτὴν
908 3055 1224 3127 θεωρεῖται,
1259 3054 1384 3107 οὔτε
1425 3053 1818 3126 ἐγκαθήμενος,

237 3151 362 3205 οὔτε
396 3150 934 3222 περιπτυσσόμενος·
987 3147 1123 3202 ἀλλά
1153 3147 1228 3211 ὡς
1256 3147 1357 3200 οὐκ
1399 3145 1546 3199 ἐστιν
1577 3147 1747 3198 εἰπεῖν
1784 3145 1818 3215 ἢ

238 3244 455 3315 νοῆσαι,
486 3243 627 3313 πλὴν
653 3243 735 3295 ὅτι
755 3241 895 3295 κατὰ
914 3241 1004 3294 τὸν
1036 3241 1168 3294 ἴδιον
1198 3239 1370 3309 αὐτῆς
1395 3237 1585 3308 εἱρμὸν
1609 3230 1821 3290 εὐοδουο

1921 1795 2157 1852 vertant,
2182 1788 2280 1843 sed
2306 1803 2520 1844 omnem
2551 1804 2770 1859 operam
2794 1789 3144 1860 studiumque
3166 1788 3218 1842 in
3243 1788 3496 1844 excolen-

1924 1878 2013 1934 dis
2060 1879 2229 1934 animi
2279 1895 2409 1935 vere
2452 1880 2791 1949 principibus
2834 1881 2994 1935 bonis
3039 1880 3327 1947 collocent,
3352 1879 3494 1934 circa

1920 1985 2042 2040 quae
2064 1985 2192 2025 vere
2223 1970 2482 2025 nimirum
2513 1972 2692 2024 anima
2717 1979 2989 2039 versatur,
3031 1986 3199 2042 quum
3229 1970 3495 2028 sentiendi

1922 2059 2187 2114 facultate
2210 2061 2465 2114 animalia
2497 2060 2723 2114 rationis
2743 2061 2988 2132 expertia
3019 2076 3126 2116 non
3150 2076 3493 2131 superemus.

1923 2151 2031 2208 Sed
2089 2154 2158 2207 ab
2188 2153 2328 2225 .aliis
2371 2152 2439 2205 ad
2486 2152 2592 2207 alia
2654 2166 2946 2223 progressa
2994 2161 3079 2208 est
3124 2154 3318 2207 oratio.
3378 2151 3497 2207 Non

1919 2242 2066 2298 enim
2111 2241 2452 2297 instituimus
2483 2243 2770 2297 ostendere
2795 2249 3032 2297 mentem
3062 2243 3119 2297 in
3150 2242 3373 2297 homine
3397 2256 3498 2296 nat

1923 2341 2046 2387 Iura
2074 2347 2275 2388 crassae
2300 2332 2546 2387 materiei
2571 2333 3004 2402 praestantiorem
3043 2347 3203 2388 esse:
3229 2332 3323 2387 sed
3347 2332 3497 2386 nulla

1922 2429 2075 2476 certa
2094 2428 2245 2491 parte
2276 2422 2524 2492 corporis
2546 2423 2723 2477 nostri
2759 2429 2997 2478 mentem
3017 2422 3309 2478 contineri.
3335 2421 3498 2477 Exsia

1923 2519 2067 2568 stere
2096 2512 2307 2568 scilicet
2350 2527 2469 2568 eam
2511 2512 2724 2568 ratione
2774 2512 2893 2582 pari
2923 2512 2980 2567 in
3007 2512 3284 2577 omnibus,
3319 2519 3374 2567 et
3401 2527 3499 2583 per

1923 2602 2127 2666 omnia,
2167 2609 2331 2670 atque
2382 2608 2441 2656 ut
2486 2601 2728 2657 exterius
2767 2600 2907 2655 nihil
2952 2601 3364 2671 complectatur,
3417 2601 3498 2656 sic

1927 2693 2158 2748 interius
2191 2708 2312 2747 eam
2346 2707 2455 2747 non
2505 2692 2760 2746 concludi
2795 2710 2810 2746 :
2850 2692 3306 2762 quemadmodum
3331 2691 3498 2748 cados

1926 2785 2146 2854 aliaque
2203 2798 2438 2855 corpora
2489 2785 2708 2853 proprie
2761 2799 2823 2839 se
2889 2784 3176 2854 complecti
3222 2784 3494 2847 dicimus,

1927 2888 2097 2943 quum
2128 2871 2184 2927 in
2214 2873 2337 2927 aliis
2370 2871 2475 2925 alia
2525 2871 2884 2926 collocantur.
2924 2870 3123 2926 Mentis
3157 2877 3335 2926 autem
3372 2885 3496 2927 cor-

1928 2966 2191 3032 porisque
2215 2976 2390 3016 nexus
2417 2967 2471 3016 et
2494 2960 2753 3023 societas,
2776 2960 3043 3016 rationem
3071 2960 3343 3030 quandam
3367 2976 3495 3017 eon-

1924 3053 2232 3125 junctionis
2261 3052 2447 3123 habet,
2493 3067 2613 3122 quae
2640 3052 2920 3123 explanari
2958 3053 3211 3118 dicendo,
3252 3060 3314 3107 et.
3340 3052 3497 3107 intel~

1928 3146 2022 3217 ligi
2066 3144 2361 3215 cogitando
2393 3158 2505 3199 non
2534 3150 2734 3214 potest.
2785 3142 2973 3213 Neque
2997 3145 3141 3198 enim
3173 3158 3327 3198 mens
3353 3143 3497 3198 intra

1930 3252 2130 3306 corpus
2163 3244 2270 3300 est,
2301 3234 2525 3305 quando
2555 3249 2673 3290 rem
2701 3234 2952 3304 corporis
2973 3241 3247 3303 expertem
3271 3249 3495 3304 corpore

245 3336 412 3406 μένης
454 3334 553 3404 τῆς
595 3332 842 3404 φύσεως,
876 3332 1021 3386 καὶὸ
1061 3330 1188 3395 νοῦς
1226 3330 1449 3402 ἐνεργὸς
1495 3330 1721 3397 γίνεται.
1759 3327 1817 3381 El

1929 3325 2202 3382 contineri
2255 3323 2339 3381 fas
2390 3339 2501 3379 non
2551 3331 2657 3398 est.
2700 3323 2875 3378 Etiam
2931 3324 3175 3379 exterius
3221 3340 3321 3380 nos
3388 3326 3495 3378 non

238 3425 297 3479 δέ
342 3443 397 3478 τι
438 3423 819 3495 πλημμέλημα
862 3423 990 3493 περὶ
1021 3420 1224 3490 ταύτην
1273 3418 1574 3490 συμπέσοι,
1636 3416 1817 3480 σκάξει

1927 3415 2329 3485 complectitur,
2371 3413 2590 3482 quando
2629 3414 2695 3466 ah
2746 3413 2812 3467 iis
2851 3428 2974 3482 qua:
3016 3427 3243 3483 corpore
3288 3421 3496 3478 carent,

241 3518 363 3569 κατ’
394 3516 573 3568 ἐκεῖνο
606 3515 702 3568 καὶ
725 3513 827 3582 τῆς
851 3512 1088 3575 διανοίας
1110 3513 1146 3582 ἡ
1177 3511 1409 3581 κίνησις.

1934 3507 2071 3562 nihil
2096 3504 2351 3562 concludi
2380 3511 2582 3574 potest.
2619 3504 2779 3558 Enim
2813 3510 2945 3560 vero
2988 3519 3140 3559 mens
3169 3503 3331 3558 modo
3365 3518 3495 3572 quo-

239 3611 368 3664 dam
411 3608 668 3663 oratione
721 3605 1131 3675 inexplicabili,
1176 3616 1229 3659 et
1294 3604 1389 3673 qui
1444 3602 1512 3656 ab
1555 3598 1915 3670 intelligentia
1948 3605 2138 3656 nostra
2175 3596 2563 3668 comprehendi
2612 3610 2721 3650 non
2771 3602 2981 3665 potest,
3044 3603 3255 3647 natura:
3313 3593 3496 3648 adest,

239 3700 532 3769 eidemque
550 3698 860 3768 capulatur,
885 3695 1048 3765 inque
1078 3710 1142 3750 ea
1193 3704 1248 3750 et
1298 3695 1444 3749 circa
1475 3707 1594 3747 eam
1645 3691 1880 3746 exsistit.
1934 3689 2004 3746 Ut
2049 3690 2099 3745 ei
2133 3704 2243 3744 non
2294 3688 2516 3750 insidet,
2565 3687 2642 3740 ita
2685 3700 2809 3740 eam
2854 3700 2963 3739 non
3010 3683 3496 3752 circumplectitur,

236 3795 337 3849 sed
381 3790 807 3853 adest'ratione,
842 3804 962 3859 quae
1004 3804 1178 3859 neque
1220 3787 1453 3857 exponi,
1488 3800 1666 3855 neque
1711 3782 2114 3839 considerando
2157 3780 2438 3837 exhauriri
2467 3785 2665 3850 potest.
2729 3776 2906 3832 Unum
2962 3776 3067 3831 hoc
3124 3774 3494 3845 intelligimus,

238 3894 440 3941 natura
487 3885 637 3941 salva
679 3890 735 3938 et
801 3881 1091 3947 incolumi,
1155 3890 1393 3935 mentem
1436 3881 1600 3934 etiam
1645 3876 2019 3933 ellicaeitatem
2076 3890 2234 3931 suam
2281 3873 2549 3930 obtinere.
2611 3872 2706 3927 Sin
2755 3868 2978 3941 aliquod
3016 3883 3080 3925 ea
3108 3865 3494 3924 detrimentum

232 3981 445 4051 capiat,
489 3978 691 4033 mentis
715 3991 932 4046 quoque
961 3983 1165 4030 motum
1200 3976 1409 4031 scilicet
1430 3974 1523 4029 illa
1549 3974 1604 4029 in
1632 3980 1789 4044 parte
1810 3971 2143 4028 claudicare.

739 4112 1130 4166 ΚΕΦΑΛΑΙΟΝ
1173 4115 1291 4181 ις’.
1532 4088 1539 4095 ’
2497 4068 2727 4162 οΑἰδυΤ
2768 4103 2911 4159 xv1.

234 4228 467 4298 Θεωρία
494 4227 605 4282 τοῦ
645 4227 807 4283 θείου
842 4226 1029 4298 ῥητοῦ
1057 4227 1348 4298 εἰπόντος,
1398 4242 1417 4276 ι
1463 4221 1814 4298 ῌοιήρνωμεν

1923 4221 2187 4298 Ac_cura_ta
2230 4218 2535 4298 dictijllius
2567 4218 2733 4298 divini
2751 4217 3123 4298 consideratio,
3163 4235 3182 4268 ι
3203 4215 3495 4298 Faciamus

305 4286 631 4368 ἀῖοθρῳπον
646 4298 774 4368 κατ’
797 4286 998 4368 εἰκόνα
1024 4294 1121 4349 καὶ
1140 4286 1423 4368 ρμοίώᾲιν
1442 4286 1752 4368 ἡμετέρων.
1786 4309 1808 4368 r_

1985 4291 2243 4344 hominem
2275 4289 2344 4342 ad
2375 4286 3187 4368 imaginem.simiiftudinemque
3230 4287 3430 4352 nostri,
3469 4306 3488 4339 ι

319 4358 439 4423 Ἐνῗ
451 4360 501 4433 ᾧ
522 4365 851 4431 ἐξετάζεται
867 4405 881 4429 ,
908 4365 999 4431 τίς
1024 4368 1056 4419 ὁ
1087 4358 1196 4432 τῆξ*
1218 4365 1451 4433 εἰκόνος
1470 4358 1687 4433 ῖίόγοζι,
1716 4359 1815 4433 καὶ

1992 4370 2103 4433 tum
2132 4374 2304 4433 ecqua;
2350 4360 2419 4413 sit
2454 4359 2702 4433 imaginis
2737 4358 2901 4433 ratio,
2945 4358 3331 4433 investigatum,
3356 4372 3496 4433 _pos-

303 4441 366 4493 εὶ
390 4426 698 4507 ὁμοιοῦται
735 4435 817 4507 τῷ
846 4426 1122 4507 μακαρίῳ
1144 4426 1210 4487 τε
1244 4426 1591 4507 καὶ-ἀλλαξθέξ
1629 4426 1695 4507 τὸ
1719 4430 1817 4507 ἐμί-

1989 4432 2145 4494 sitne,
2167 4426 2304 4507 quod
2331 4428 2526 4507 morbis
2566 4426 2626 4480 ac
2659 4428 2819 4479 morti
2851 4426 3261 4507 amasium-est,
3298 4426 3378 4507 ad
3399 4442 3499 4480 ηαξ

304 4497 504 4572 «addc
538 4506 637 4560 καί
678 4497 1126 4572 ἐπίᾶιηξοσνξκὰὶ
1185 4503 1311 4568 πῶς
1338 4503 1406 4555 ἐν
1429 4501 1502 4570 τῇ
1536 4500 1721 4572 εἰκόνι
1751 4497 1814 4551 τὸ

1991 4508 2126 4572 tura:
2163 4499 2336 4572 beatae
2374 4498 2775 4572 morborumque
2816 4497 3042 4572 expertis
3081 4497 3498 4572 similitudinem

303 4566 500 4648 άῤῥεῇ
540 4576 638 4630 καὶ
670 4575 734 4629 τὸ
769 4566 920 4643 θῆῖῑυ
942 4616 955 4641 ,
981 4566 1050 4628 ἐν
1094 4571 1174 4639 τῷ
1200 4566 1560 4641 πρωτοτύέτῳ
1592 4571 1817 4623 τούτων

1991 4568 2337 4648 factum-dici
2358 4583 2387 4648 _:
2416 4584 2514 4648 quo
2539 4567 2758 4648 denique
2786 4567 2939 4648 modo
2973 4566 3030 4619 in
3073 4566 3303 4648 imagine
3339 4581 3495 4648 sexus

303 4634 425 4702 οἶῦι
457 4646 670 4703 ὄντων.
823 4634 836 4643 “
942 4634 952 4641 ’
1141 4634 1154 4639 ’
1238 4634 1256 4641 ⁷
1529 4634 1540 4638 ’

1990 4634 2215 4692 masculi
2247 4634 2555 4706 femineique
2582 4634 2865 4690 diserimen
2893 4637 2985 4700 sit,
3013 4635 3150 4706 quod
3165 4634 3231 4688 “in
3258 4634 3505 4703 exemplo

1990 4706 2222 4777 principe
2247 4723 2350 4761 non
2373 4706 2601 4760 exsistit.

314 4825 467 4879 Ἀλλ’
528 4818 958 4890 ἐπαναλάσωμεν
1017 4818 1180 4872 πάλιν
1228 4817 1329 4888 τὴν
1380 4816 1529 4870 θείαν
1597 4813 1777 4885 φωνὴν
1801 4852 1816 4877 ,

1988 4818 2280 4875 Enimvero
2340 4818 2629 4874 redeamus
2670 4817 2892 4872 tandem
2941 4816 3009 4871 ad
3061 4814 3300 4871 divinam
3345 4813 3491 4867 illam

235 4939 255 4972 ι
287 4920 624 4989 Ποιήσωμεν
676 4915 959 4987 ἄνθρωπον
1014 4914 1134 4966 κατ’
1186 4912 1366 4965 εἰκόνα
1418 4909 1512 4963 καὶ
1563 4908 1817 4978 ὁμοίωσιν

1923 4929 2101 4970 vocem
2135 4932 2148 4967 :
2188 4930 2206 4963 ι
2246 4910 2512 4965 Creemus
2548 4908 2822 4962 hominem
2867 4908 2933 4962 ad
2975 4906 3263 4976 imaginem
3301 4903 3494 4959 simili.
3586 4971 3595 4979 ι

1920 5004 2275 5072 tudinemque
2313 5000 2487 5056 nostri
2511 4999 2578 5053 “.
2618 5017 2637 5051 ι
2672 4997 2847 5052 Fuere
2885 4995 3137 5051 nonnulli
3180 4994 3491 5064 philosophi

1919 5096 2113 5161 exteri,
2144 5093 2239 5164 qui
2273 5082 2632 5148 se‘hominem
2662 5105 2763 5145 sua
2804 5087 3024 5157 quidem
3056 5085 3320 5156 opinione
3357 5100 3492 5155 pra:-

229 5011 537 5083 ήμετέραν.
577 5026 596 5059 ι
640 5007 729 5070 Ὠς
752 5006 924 5076 μικρά
943 5021 1003 5057 τε
1032 5004 1124 5057 καὶ
1148 5001 1342 5066 ἀνάξια
1366 5001 1464 5071 τῆς
1491 4999 1585 5054 τοῦ
1612 4997 1821 5071 ἀνθρώο

228 5120 339 5156 που
385 5099 761 5172 μεγαλοφυῖας
804 5097 913 5150 τῶν
960 5094 1155 5159 ἔξωθέν
1188 5110 1330 5156 τινες
1383 5090 1818 5162 ὲφαντάσθησαν,

227 5194 295 5265 τῇ
333 5193 476 5265 ww;
506 5191 599 5244 τὸν
630 5190 838 5259 κόσμον
864 5188 1053 5241 τοῦτον
1084 5185 1366 5256 συγκρίσει
1403 5182 1815 5255 μεγαλύνοντες,

226 5282 308 5350 ὥς
354 5282 639 5356 ᾧοντο,τὸ
683 5279 1042 5352 ἀνθρώπινον.
1083 5281 1219 5334 Φασὶ
1271 5279 1379 5349 γὰρ
1433 5277 1627 5348 μικρὸν
1677 5270 1816 5328 εἶναι

224 5376 440 5450 κόσμον
480 5377 574 5430 τὸν
604 5374 920 5441 ἄνθρωπον,
949 5374 1013 5426 ὲκ
1044 5371 1149 5425 τῶν
1185 5369 1362 5425 αὐτῶν
1382 5369 1460 5439 τῷ
1486 5365 1643 5421 παντὶ
1678 5383 1819 5420 στοι-

224 5468 397 5539 χείων
426 5465 826 5537 συνεστηκότα.
862 5464 925 5518 Οί
952 5463 1058 5534 γὰρ
1088 5462 1166 5535 τῷ
1201 5462 1398 5534 κόμπῳ
1429 5459 1524 5514 τοῦ
1553 5460 1817 5531 ὀνόματος

294 5647 364 5716 ,⁹⁶
390 5644 532 5704 Gen.
566 5662 605 5714 ι,
640 5644 729 5699 Ξϐ.

1925 5187 2205 5242 dicaturos
2235 5182 2433 5237 eximie
2463 5180 2749 5250 putabant,
2776 5178 2822 5232 si
2858 5191 2980 5231 eum
3013 5174 3081 5229 ad
3109 5175 3296 5230 mundi
3327 5176 3491 5246 hujus

1923 5275 2233 5332 machinam
2291 5270 2604 5326 conferrent
2650 5288 2663 5324 :
2714 5284 2838 5322 cum
2887 5268 3055 5324 nimis
3106 5268 3305 5333 exilia,
3346 5284 3489 5339 prae-

1925 5365 2369 5432 stantissimaque
2399 5360 2640 5415 hominis
2679 5357 3000 5414 excellentia
3032 5357 3256 5429 indigna
3297 5358 3492 5429 imagi-

1927 5464 2206 5516 narentur.
2245 5452 2477 5510 Aiebam
2516 5451 2660 5509 enim
2707 5450 2982 5508 hominem
3030 5464 3257 5524 parvum
3295 5464 3488 5521 quem~
