3746 5994
277 221 380 278 179

1547 220 1604 278 S.
1647 215 1976 276 CREGORII
2013 213 2310 278 NYSSENl

3435 205 3536 264 180

185 325 193 340 ’⁴
274 333 398 390 dam
431 331 696 388 mundum
720 345 864 396 esse,
889 329 980 400 qui
1003 347 1069 386 ex
1097 331 1381 388 elementis
1404 332 1617 399 iisdem,
1644 350 1664 405 ς

2055 336 2183 391 ῦτον
2228 333 2448 389 ἔπαινον
2487 332 2554 402 τῇ
2597 325 2914 398 ἀνθρωπίνῃ
2943 322 3298 396 χαριζόμενοι
3331 320 3494 390 φύσει
3515 359 3534 387 ,

277 439 462 482 rerum
520 422 891 489 universitas,
952 423 1296 492 compositus
1338 432 1505 480 esset.
1562 423 1856 496 Splendido

278 517 384 575 isto
413 515 632 568 nomine
664 527 788 568 cum
829 527 1081 584 magnam
1132 521 1345 570 natura:
1371 514 1608 571 hominis
1639 515 1853 571 laudem

277 608 520 662 tribuere
585 604 803 669 vellent,
859 603 1186 673 ignorabant
1251 619 1314 660 se
1371 603 1524 661 illum
1577 620 1689 660 non
1734 605 1857 660 aliis

277 714 442 770 quam
476 711 597 767 quae
619 698 667 752 ei
696 705 895 752 etcum
927 696 1105 752 culice
1127 703 1180 752 et
1209 710 1334 751 cum
1366 712 1522 752 mure
1546 696 1857 752 communia

277 799 483 855 essent,
531 787 870 844 ornamentis
914 787 1305 844 condecorare.
1355 787 1489 842 Nam
1535 795 1590 843 et
1636 788 1752 844 haec
1789 803 1853 844 ex

277 890 515 952 quatuor
539 881 933 936 elementorum
965 885 1402 950 temperamento
1430 887 1706 947 constant,
1731 894 1855 936 cum

278 972 466 1028 multae
497 988 567 1028 an
607 972 816 1042 exiguae
856 971 966 1025 sint
1000 971 1055 1024 in
1091 985 1153 1026 re
1191 970 1433 1040 qualibet
1461 971 1855 1027 elementorum

278 1071 489 1134 partes,
525 1077 591 1118 ex
632 1061 1079 1117 consideratione
1104 1062 1470 1117 animatorum
1502 1063 1855 1133 intelligatur.

278 1154 542 1210 Constare
572 1154 719 1209 enim
755 1169 864 1208 non
899 1161 1080 1224 potest
1123 1162 1278 1210 extra
1313 1169 1476 1224 quam
1505 1169 1570 1210 ex
1616 1155 1858 1211 elemen-

279 1247 372 1310 tis,
409 1243 556 1315 quod
604 1259 767 1300 sensu
817 1246 890 1302 sit
921 1247 1229 1315 praeditum.
1267 1244 1426 1312 Quod
1471 1261 1601 1317 ergo
1639 1254 1724 1302 est
1752 1261 1860 1301 am-

280 1338 428 1409 plum
484 1337 538 1390 in
597 1351 700 1401 eo,
759 1338 805 1391 si
858 1339 1096 1392 maxime
1153 1338 1430 1394 hominem
1483 1338 1860 1394 existimemus

1957 425 2240 498 λελήθασιν
2285 421 2509 485 ἑαυτοὺς
2560 421 2674 482 τοῖς
2717 418 2844 486 περὶ
2892 417 2983 468 τὸν
3030 411 3270 464 κώνωπα
3302 410 3400 464 καὶ
3441 410 3538 464 τὸν

1961 519 2066 590 μῦν
2117 517 2369 588 ίδιώμασι
2421 508 2865 583 σεμνοποιοῦντες
2918 505 3008 559 τὸν
3057 503 3364 574 ἄνθρωπον.
3424 502 3539 555 Καὶ

1956 589 2065 682 γὰρ
2097 609 2370 670 κάκείνοις
2418 607 2482 658 ὲκ
2533 601 2642 655 τῶν
2680 597 2961 668 τεσσάρων
3007 593 3214 648 τούτων
3259 593 3293 662 ή
3337 589 3538 663 κρᾶσίς

1958 705 2102 765 ἐστι,
2155 701 2288 754 διότι
2331 699 2550 758 πάντως
2585 691 2816 746 ἑκάστου
2854 688 2963 742 τῶν
2987 686 3154 740 ὄντων
3185 684 3220 755 ἥ
3261 683 3465 737 πλείων
3497 682 3535 752 ἢ

1959 792 2196 846 ὲλάττων
2241 806 2325 852 τις
2369 789 2530 857 μοῖρα
2570 781 2699 854 περὶ
2743 781 2805 834 τὸ
2834 778 3074 850 ἔμψυχον
3112 774 3420 844 θεωρεῖται,
3461 765 3540 826 ὧν

1959 885 2088 941 ἄνευ
2122 881 2381 953 συστῆναι
2428 897 2480 932 τι
2508 877 2616 932 τῶν
2647 874 2956 946 αἰσθήσεως
2990 867 3348 940 μετεχόντων,
3373 865 3540 935 φύσιν

1958 976 2059 1031 οὐκ
2107 975 2240 1046 ἔχει.
2299 973 2364 1026 Τί
2409 969 2504 1024 οὖν
2549 968 2723 1040 μέγα,
2785 964 2992 1034 κόσμου
3051 959 3411 1046 χαρακτῆρα
3440 956 3542 1010 καὶ

1960 1045 2208 1136 ὁμοίωμα
2246 1061 2564 1134 νομισθῆναι
2593 1058 2686 1112 τὸν
2714 1055 2999 1126 ἄνθρωπον
3018 1061 3046 1119 ξ
3063 1046 3294 1120 ούρανοῦ
3317 1045 3414 1100 τοῦ
3444 1063 3542 1099 πε-

1962 1153 2312 1228 ριερχομένου
2332 1194 2347 1219 ,
2377 1151 2479 1221 γῆς
2509 1149 2609 1219 τῆς
2656 1141 3065 1214 ἀλλοιουμένης,
3098 1140 3314 1192 πάντων
3343 1137 3453 1190 τῶν
3482 1137 3545 1188 ὲν

1960 1246 2166 1310 τούτοις
2188 1241 2698 1317 περικρατουμένων
2717 1239 2783 1309 τῇ
2816 1233 3034 1306 παρόδῳ
3059 1231 3152 1286 τοῦ
3183 1229 3538 1300 περιέχοντος

1964 1331 2530 1408 συμπαρερχομένων;
2589 1327 2728 1381 Ἀλλ’
2780 1327 2838 1379 έν
2884 1323 2991 1376 τίνι
3036 1320 3179 1374 κατὰ
3220 1319 3310 1372 τὸν
3341 1317 3544 1388 ἐκκλη-

278 1444 595 1501 expressam
655 1430 844 1484 mundi
902 1440 956 1486 et
999 1430 1292 1500 imaginem
1339 1438 1393 1485 et
1437 1429 1757 1485 similitudiu

2063 1425 2236 1479 στικὸν
2273 1423 2430 1492 λόγον
2469 1421 2530 1475 τὸ
2569 1417 2906 1489 ἀνθρώπινον
2945 1411 3210 1484 μέγεθοςῖ
3243 1409 3359 1464 οὒκ
3388 1410 3449 1461 ὲν
3474 1410 3542 1478 τῇ

279 1498 445 1576 esse?
505 1535 628 1575 cum
687 1519 931 1574 futurum
979 1519 1090 1583 sit,
1119 1498 1203 1573 -ιιι
1251 1518 1454 1588 pariter
1502 1519 1700 1574 emtum
1753 1517 1758 1571 1

2066 1533 2102 1580 ις
2129 1515 2219 1569 τὸν
2251 1513 2467 1567 κτιστὸν
2503 1510 2706 1582 κόσμον
2735 1505 3033 1578 ὁμοιότητι,
3063 1500 3178 1556 ἀλλ’
3218 1502 3276 1553 ὲν
3301 1498 3380 1570 τῷ
3417 1499 3545 1588 κατ’

278 1609 541 1673 volubile,
578 1616 726 1664 terra
753 1606 1160 1662 mutationibus
1191 1585 1447 1671 obnoxia,
1475 1613 1672 1661 cuncta
1705 1605 1757 1661 dt

2066 1607 2146 1660 ενα
2182 1603 2433 1674 γενέσθαι
2462 1602 2560 1673 τῆς
2591 1599 2683 1654 τοῦ
2723 1599 3009 1660 κτίσαντος
3041 1595 3278 1664 φύσεως.
3320 1592 3418 1655 Τίς
3449 1585 3545 1644 οὗν

281 1717 391 1771 que
444 1700 530 1755 his
589 1699 1007 1770 comprehensa,
1055 1712 1181 1753 cum
1233 1713 1299 1754 eo
1349 1699 1470 1768 ipso
1507 1697 1651 1768 quod
1695 1713 1760 1752 an

2067 1700 2122 1770 ῆς
2162 1697 2367 1759 είκόνος
2406 1693 2592 1771 λόγοςς
2629 1692 2758 1754 ἴσως
2801 1691 2946 1759 ἐρεῖς
2966 1703 2980 1719 ·
3013 1685 3132 1750 πῶς
3161 1684 3439 1754 ὡμοίωται
3465 1680 3546 1750 τῷ

284 1795 560 1858 universa,
593 1791 884 1847 intereant.
915 1791 1088 1857 Quam
1116 1798 1319 1854 autem,
1355 1791 1590 1861 inquies,
1616 1790 1763 1846 docti

2064 1807 2180 1843 ιατι
2203 1789 2266 1842 τὸ
2295 1775 2617 1862 ἀσώμοίτον;
2645 1782 2760 1846 πῶς
2786 1779 2864 1851 τῷ
2897 1779 3054 1849 ἀϊδίῳ
3088 1777 3148 1830 τὸ
3177 1775 3543 1845 πρόσκαιρονς

282 1886 540 1942 Ecclesiae
576 1885 943 1955 praestantiam
972 1885 1179 1939 homini
1208 1885 1439 1939 tribuit?
1465 1883 1594 1938 Eam
1631 1885 1761 1940 δοίης

2101 1876 2443 1946 ἀναλλοιώτῳ
2481 1861 2557 1928 ’τὸ
2611 1873 2698 1926 διὰ
2745 1869 2956 1942 τροπῆς
3005 1865 3411 1936 ἀλλοιούμενον;
3465 1861 3548 1934 τῷ

285 1993 407 2046 quae
458 1977 513 2031 in
548 1975 910 2031 similitudine
951 1975 1138 2030 mundi
1180 1975 1344 2044 hujus
1379 1976 1550 2031 creati
1593 1991 1706 2031 non
1743 1990 1870 2030 con-

286 2069 457 2132 sistit,
517 2067 614 2122 sed
667 2067 817 2137 quod
876 2067 1046 2122 tradit
1109 2068 1384 2123 hominem
1446 2067 1512 2123 ad
1573 2069 1868 2136 imaginem

286 2170 501 2214 natura:
526 2157 806 2214 Creatoris
829 2175 952 2215 esse
977 2158 1199 2213 factum.
1231 2160 1298 2212 At
1321 2159 1471 2216 dices
1503 2158 1659 2230 forte,
1677 2156 1871 2229 Ecqua:

286 2251 476 2308 isthaec
503 2259 588 2307 est
614 2252 871 2321 imaginis
901 2251 1078 2306 ratio?
1101 2267 1212 2322 quo
1248 2257 1410 2321 pacto
1442 2250 1646 2307 referre
1666 2260 1872 2307 natura:

287 2358 520 2414 corpore
553 2344 794 2400 carentis
827 2344 1117 2414 imaginem
1145 2352 1342 2413 potest.
1375 2331 1518 2414 quod
1548 2357 1870 2413 corporeum

288 2436 414 2492 est?
469 2434 750 2506 quomodo
816 2435 995 2489 simile
1048 2442 1131 2488 est
1191 2441 1398 2488 zeterno
1446 2432 1874 2502 temporarium?

291 2526 643 2592 immutabili,
671 2525 816 2593 quod
845 2524 1249 2578 commutatur?
1277 2523 1444 2577 nullis
1472 2522 1709 2576 obnoxio
1735 2536 1876 2576 mor-

290 2618 378 2674 bis
407 2625 462 2674 et
496 2617 752 2674 interitus
780 2617 1009 2685 experti,
1035 2614 1178 2684 quod
1203 2614 1409 2669 morbis
1448 2613 1752 2683 subjectum
1785 2622 1871 2668 est

291 2717 345 2762 et
384 2709 608 2764 interit?
647 2721 783 2776 puro
811 2707 950 2772 vitii,
989 2703 1135 2775 quod
1187 2705 1241 2758 in
1275 2705 1531 2759 vitiorum
1558 2706 1714 2775 quasi
1747 2720 1876 2760 con-

294 2800 550 2856 tubernio
599 2806 706 2862 est,
761 2805 816 2854 et
860 2797 916 2852 in
966 2796 1048 2852 eis
1099 2795 1404 2851 educatur?
1450 2794 1588 2850 Nam
1647 2795 1876 2850 interest

295 2891 624 2960 permultum
660 2890 804 2945 inter
844 2888 895 2942 id
943 2885 1089 2954 quod
1131 2885 1318 2941 formae
1361 2885 1596 2956 principi
1647 2900 1878 2955 respono

1967 1971 2169 2026 ἀπαθεῖ
2195 1987 2260 2022 τε
2291 1969 2385 2022 καὶ
2431 1965 2692 2036 ἀφθάρτῳ
2734 1962 2796 2016 τὸ
2837 1957 3083 2032 ἐμπαθὲς
3115 1957 3209 2010 καὶ
3255 1953 3547 2025 φθειρόμε-

1968 2077 2091 2126 νον;
2122 2059 2202 2129 τῷ
2240 2057 2434 2128 ἀμιγεῖ
2460 2054 2639 2124 πάσης
2673 2050 2872 2114 κακίας
2908 2049 2969 2102 τὸ
2999 2048 3228 2101 πάντοτε
3263 2042 3546 2097 συνοικοῦν

1967 2152 2138 2223 ταύτῃ
2176 2149 2272 2203 καὶ
2305 2145 2763 2218 συντρεφόμενον;
2797 2139 2937 2194 Πολὺ
2968 2138 3078 2210 γὰρ
3113 2137 3173 2190 τὸ
3205 2137 3369 2207 μέσον
3395 2135 3545 2197 ἐστὶ,

1969 2241 2063 2295 τοῦ
2103 2259 2163 2294 τε
2203 2237 2346 2294 κατά
2376 2237 2436 2290 τὸ
2473 2234 2779 2307 ἀρχέτυπον
2809 2230 3098 2300 νοουμένου
3118 2268 3134 2292 ,
3177 2228 3271 2281 καὶ
3299 2225 3390 2279 τοῦ
3420 2225 3547 2278 κατ’

1971 2335 2154 2386 εἰκόνα
2179 2327 2568 2399 γεγενημένου.
2613 2323 2678 2376 Ἦ
2703 2323 2813 2392 γὰρ
2843 2319 3026 2383 εἰκὼν,
3066 2319 3114 2370 εἰ
3155 2316 3253 2387 μὲν
3300 2315 3412 2384 ἔχει
3446 2313 3550 2384 τὴν

1972 2425 2107 2496 πρὸς
2146 2423 2207 2476 τὸ
2237 2419 2590 2492 πρωτότυπον
2628 2413 2921 2484 ὁμοιότητα
2941 2451 2956 2476 ,
2994 2409 3196 2479 κυρίως
3226 2405 3383 2460 τοῦτο
3409 2422 3546 2458 κατ-

1971 2513 2312 2585 ονομάζεται.
2360 2509 2424 2562 El
2453 2507 2511 2561 δὲ
2556 2503 2916 2576 παρενεχθείη
2955 2500 3049 2554 τοῦ
3099 2497 3463 2570 προκειμένου
3511 2499 3546 2567 ἡ

1977 2603 2208 2674 μίμησις
2226 2639 2242 2665 ,
2275 2597 2402 2655 ἀλλο
2433 2614 2508 2660 τι,
2539 2595 2634 2649 καὶ
2661 2594 2762 2646 οὐκ
2799 2591 2963 2646 εἰκὼν
2988 2590 3194 2644 ἐκείνου
3220 2589 3282 2641 τὸ
3310 2587 3551 2640 τοιοῦτόν

1973 2697 2109 2748 ἐστι.
2167 2689 2293 2754 Πῶς
2337 2683 2429 2743 οὖν
2475 2688 2504 2739 6
2547 2683 2828 2755 ἄνθρωπος
2883 2681 2944 2735 τὸ
2995 2679 3190 2751 θνητὸν
3242 2676 3400 2732 τοῦτο
3459 2678 3552 2731 καὶ

1974 2785 2217 2858 ἐμπαθὲς
2261 2783 2356 2836 καὶ
2380 2779 2698 2850 ὠκύμορον,
2727 2776 2826 2846 τῆς
2861 2773 3139 2846 ἀκηράτου
3179 2771 3274 2825 καὶ
3300 2769 3551 2841 καθαρᾶς

1975 2878 2070 2932 καὶ
2103 2875 2190 2930 ἀεὶ
2221 2873 2385 2945 οὔσης
2429 2868 2641 2941 φύσεώς
2673 2869 2822 2921 ἐστιν
2861 2863 3061 2929 είκών;
3113 2861 3273 2916 Ἀλλά
3320 2860 3413 2913 τὸν
3451 2859 3554 2930 μὲν

295 2985 425 3038 dere
449 2982 828 3052 intelligimus,
860 2989 914 3034 et
941 2950 1087 3048 quod
1119 2977 1187 3032 ad
1217 2950 1508 3047 imaginem
1543 2950 1774 3030 iactum:

2075 2967 2150 3038 γθῆ
2189 2964 2317 3035 περὶ
2359 2961 2548 3016 τούτου
2592 2959 2749 3028 λόγον
2803 2956 2937 3028 μόνη
2985 2955 3052 3008 ἂν
3098 2951 3262 3022 εἰδείη
3296 2951 3486 3020 σαφῶς
3518 2950 3554 3017 ἡ

296 3072 482 3144 Imago
530 3073 698 3136 enim,
757 3071 804 3126 si
868 3069 1132 3141 principis
1174 3043 1408 3139 exempli
1465 3067 1775 3124 similitudir

2075 3074 2146 3120 ως
2192 3053 2654 3126 Ἀλήθεια.Ἦμεῖς
2687 3049 2742 3102 δὲ
2765 3046 2910 3116 ,καθ’
2932 3046 3056 3100 ὅσον
3084 3043 3391 3115 χωροῦμεν,
3427 3057 3554 3094 στο-

299 3163 484 3227 refert,
515 3177 645 3217 vere
683 3161 864 3231 imago
903 3160 1153 3226 dicitur;
1196 3159 1279 3214 sin
1327 3159 1397 3214 ab
1427 3173 1492 3214 eo
1522 3159 1667 3229 quod
1699 3160 1883 3229 expri—

299 3255 554 3310 mendum
593 3261 733 3318 erat,
780 3253 1012 3308 imitatio
1051 3252 1277 3320 recedit,
1324 3267 1432 3307 non
1461 3252 1574 3321 jam
1605 3251 1726 3322 ejus
1763 3267 1884 3307 esse

302 3347 482 3418 imago
521 3345 823 3416 putandum
855 3345 959 3400 hoc
997 3344 1125 3410 erit,
1160 3343 1257 3399 sed
1287 3343 1563 3399 diversum
1601 3344 1881 3413 quiddam.

301 3438 422 3502 Quo
469 3445 635 3507 pacto
682 3436 850 3506 igitur
909 3435 1094 3498 homo,
1138 3433 1231 3504 qui
1287 3440 1342 3488 et
1395 3433 1644 3488 mortalis
1686 3443 1789 3497 est,
1831 3439 1887 3488 et

304 3529 510 3586 morbis
569 3529 856 3595 obnoxius,
917 3535 972 3583 et
1021 3527 1146 3582 vitae
1198 3526 1419 3582 brevis:
1457 3526 1545 3580 hic
1599 3542 1729 3597 ergo
1775 3540 1886 3595 quo

304 3629 467 3691 pacto
489 3628 698 3676 naturae
724 3621 1081 3692 incorruptae,
1113 3635 1288 3691 pura,
1317 3626 1536 3674 aeternae
1558 3618 1738 3688 imago
1766 3617 1888 3672 est?

308 3711 604 3769 Enimvero
653 3711 786 3783 quid
825 3712 930 3767 hac
977 3711 1032 3765 in
1069 3718 1224 3782 parte
1278 3710 1515 3765 maxime
1555 3708 1771 3764 veritati
1817 3709 1888 3764 sit

308 3814 762 3869 consentaneum,
815 3805 930 3859 sola
981 3805 1126 3859 haud
1177 3804 1342 3860 dubie
1367 3803 1584 3861 Veritas
1635 3812 1889 3857 accurate

313 3894 481 3962 novit.
522 3889 634 3947 Nos
659 3890 994 3960 conjecturis
1025 3891 1354 3960 quibusdam
1389 3899 1444 3945 et
1466 3888 1889 3961 cogitationibus

312 3984 481 4039 animi
507 3983 794 4039 veritatem
837 3983 1248 4053 investigantes,
1286 3987 1548 4052 quantum
1581 3981 1779 4050 ingenii
1809 3979 1890 4032 vis

312 4091 507 4146 capere
534 4083 730 4146 potest,
757 4074 1070 4144 hujusmodi
1101 4072 1361 4143 quiddam
1381 4072 1448 4126 de
1468 4071 1570 4124 hoc
1591 4069 1887 4125 credimus.

313 4168 448 4222 Nam
485 4174 540 4223 et
581 4165 824 4221 divinum
856 4163 1160 4228 oraculum,
1196 4176 1305 4231 quo
1343 4159 1615 4229 proditum
1646 4163 1752 4223 est,
1790 4156 1890 4209 ho-

314 4261 517 4315 minem
550 4258 618 4314 ad
657 4258 754 4313 Dei
787 4256 1078 4328 imaginem
1115 4253 1340 4315 factum,
1375 4249 1572 4305 falsum
1619 4262 1729 4301 non
1768 4260 1892 4301 esse

1982 3149 2210 3220 χασμοῖς
2245 3163 2355 3199 τισι
2392 3145 2486 3198 καὶ
2515 3139 2788 3204 ὑπονοίαις
2827 3135 2888 3192 τὸ
2926 3137 3123 3208 ἀληθὲς
3146 3133 3556 3205 ἀνιχνεύοντες,

1980 3239 2154 3293 ταῦτα
2178 3237 2306 3308 περὶ
2341 3236 2449 3289 τῶν
2479 3233 2823 3305 ζητουμένων
2855 3227 3334 3300 ὑπολαμϐάνομεν.
3365 3224 3508 3278 Οῦτε
3527 3224 3561 3277 6

1985 3331 2124 3395 θεῖος
2156 3328 2410 3399 ψεύδεται
2451 3326 2639 3394 λόγος,
2665 3323 2785 3376 κατ’
2815 3322 2998 3376 είκόνα
3039 3317 3173 3373 Θεοῦ
3199 3316 3373 3372 εῑπὼν
3393 3332 3558 3384 γεγε-

1984 3421 2177 3491 νῆσθαι
2208 3418 2296 3473 τὸν
2320 3417 2602 3489 ἄνθρωπον
2620 3433 2633 3446 ο
2658 3414 2780 3468 οὔτε
2808 3415 2842 3484 ἡ
2866 3411 3070 3481 ἐλεεινὴ
3090 3409 3189 3480 τῆς
3213 3405 3562 3478 ἀνθρωπίνης

1987 3513 2201 3584 φύσεως
2244 3509 2587 3582 ταλαιπωρία
2634 3510 2699 3580 τῇ
2751 3504 3114 3576 μακαριότητι
3166 3500 3262 3571 τῆς
3315 3496 3563 3559 ἀπαθοῦς

1987 3605 2133 3678 ζωῆς
2159 3604 2560 3676 καθωμοίιιγιαι.
2613 3600 2850 3669 ’Λνάγκη
2881 3599 2989 3666 γὰρ
3013 3594 3120 3647 τῶν
3161 3591 3254 3646 δύο
3285 3590 3346 3643 τὸ
3373 3588 3563 3658 ἕτερον

1986 3696 2362 3771 ὁμολογεῖσθαι
2380 3734 2394 3758 ,
2426 3694 2480 3746 εί
2503 3711 2586 3757 τις
2616 3690 2894 3761 συγκρίνοι
2927 3685 3004 3756 τῷ
3031 3683 3150 3754 Θεῷ
3174 3681 3234 3735 τὸ
3262 3679 3563 3771 ἡμέτερον,

1988 3768 2033 3859 ἢν
2059 3788 2299 3860 παθητὸν
2336 3781 2476 3838 εἶναι
2508 3783 2569 3835 τὸ
2582 3783 2758 3843 Θεῖον,
2800 3779 2834 3848 ἢ
2866 3776 3075 3838 ἀπαθὲς
3099 3773 3160 3826 τὸ
3192 3768 3563 3842 ἀνθρώπινον,

1989 3883 2064 3945 ὡς
2110 3881 2176 3934 ἂν
2213 3877 2302 3932 διὰ
2327 3876 2436 3930 τῶν
2468 3874 2599 3928 ἴσων
2627 3876 2656 3927 6
2685 3873 2784 3942 τῆς
2807 3869 3122 3940 ὁμοιότητος
3147 3866 3306 3934 λόγος
3340 3862 3427 3915 ἐπ’
3452 3863 3557 3931 ἀμ·

1993 3974 2250 4046 φοτέρους
2287 3966 2778 4038 καταλαμϐάνοιτο.
2805 3964 2867 4016 El
2887 3961 2944 4015 δὲ
2965 3958 3087 4013 οὔτε
3116 3958 3178 4012 τὸ
3193 3959 3347 4014 Θεῖον
3381 3957 3566 4024 ἐμπαο

1993 4044 2116 4128 θὲς,
2145 4062 2269 4114 οὔτε
2313 4058 2370 4113 τὸ
2402 4056 2523 4110 καθ’
2559 4057 2707 4126 ἡμᾶς
2749 4053 2853 4118 ἔξω
2895 4049 3096 4112 πάθους
3137 4046 3303 4108 ἐστὶν,
3349 4044 3459 4114 ἀρα
3483 4059 3570 4105 τις

1993 4155 2177 4224 ἕτερος
2215 4149 2596 4205 ὑπολέλειπται
2629 4146 2806 4214 λόγος,
2840 4141 2961 4196 καθ’
2990 4141 3048 4194 ὃν
3077 4135 3361 4209 ἀληθεύειν
3389 4134 3571 4203 φαμὲν

1992 4222 2098 4319 τὴν.
2114 4245 2265 4298 θείαν
2299 4240 2508 4312 φωνὴν,
2540 4238 2639 4310 τὴν
2666 4239 2724 4291 ὲν
2761 4234 2928 4290 εἰκόνι
2949 4231 3082 4287 Θεοῦ
3121 4228 3448 4299 γεγενῆσθαι
3477 4222 3573 4279 τὸν

317 4351 613 4407 statuimus
648 4358 743 4405 :et
784 4345 1172 4419 deplorandam
1221 4344 1362 4396 hanc
1407 4349 1616 4394 naturae
1643 4338 1796 4392 huma

2104 4355 2282 4410 ρωπον
2331 4335 2612 4403 λέγουσαν.
2673 4326 2882 4385 Οὐκοῦν
2941 4323 3109 4396 αὐτὴν
3160 4316 3574 4390 ἐπαναληπτέον

319 4455 620 4498 arumnam
661 4439 906 4494 beatitati
933 4437 1060 4491 vitze
1085 4432 1290 4490 doloris
1317 4431 1526 4501 experti
1552 4444 1894 4499 nequaquam

321 4532 671 4601 respondere.
706 4529 800 4583 Est
822 4529 966 4584 enim
1001 4541 1246 4587 necesse,
1276 4525 1320 4581 si
1348 4539 1470 4578 cum
1502 4522 1610 4576 Deo
1644 4527 1918 4584 ιιειῑιιι·;ιιιιι⁵

321 4634 568 4679 nostram
616 4621 868 4677 conferre
907 4621 1158 4683 velimus,
1195 4618 1426 4672 alterum
1469 4615 1536 4669 de
1579 4614 1665 4669 his
1694 4611 1894 4666 fateri:

322 4725 419 4771 aut
478 4714 753 4770 hominem
827 4711 994 4766 nullis
1039 4707 1416 4766 aﬂectionibus
1466 4705 1740 4760 morbisve
1802 4701 1901 4756 ob-

327 4807 551 4862 noxium
581 4819 724 4869 esse,
758 4809 852 4857 aut
895 4799 1086 4856 eadem
1133 4799 1189 4853 in
1226 4797 1395 4852 Deum
1433 4809 1651 4866 quoque
1681 4793 1896 4849 cadere.

325 4897 629 4967 Ceteroqui
670 4894 819 4950 nulla
852 4891 1037 4947 futura
1079 4899 1161 4946 est
1193 4888 1446 4959 imaginis
1496 4884 1815 4950 similitudo,
1855 4885 1900 4939 si

329 5007 437 5047 non
480 4991 598 5045 haec
635 4988 839 5059 pariter
863 4984 1078 5054 utrique
1117 4990 1326 5038 natura;
1361 4978 1710 5036 conveniant.
1745 4977 1902 5044 Quod

328 5087 376 5141 sl
416 5098 595 5154 neque
631 5081 814 5137 divina
864 5084 1056 5133 natura
1105 5074 1231 5131 ullis
1274 5085 1359 5130 est
1397 5071 1777 5127 affectionibus
1804 5070 1902 5124 ob-

330 5176 517 5242 noxia,
538 5191 716 5246 neque
740 5175 979 5229 humana
999 5169 1068 5225 ab
1091 5168 1284 5224 iisdem
1316 5166 1575 5222 immunis
1603 5179 1667 5220 ac
1693 5163 1862 5219 libera
1887 5181 1901 5216 :

334 5265 602 5336 reliquam
648 5281 771 5322 esse
809 5265 972 5319 aliam
1021 5259 1311 5332 quamdam
1350 5259 1616 5313 rationem
1670 5263 1903 5325 oportet,

334 5357 637 5413 secundum
681 5371 846 5426 quam
897 5369 1002 5408 vox
1072 5352 1164 5406 illa
1229 5351 1412 5406 divina
1468 5364 1593 5402 vcra
1644 5347 1736 5407 sit,
1790 5358 1910 5414 qua;

335 5457 581 5505 creatum
628 5463 753 5503 esse.
791 5447 1064 5502 hominem
1105 5445 1173 5500 ad
1201 5444 1493 5514 imaginem
1531 5441 1623 5496 Dei
1659 5439 1908 5493 atiirmat.

340 5542 551 5598 ltlcirco
593 5556 786 5598 rursus
819 5540 967 5611 ipsas
995 5538 1236 5595 Litteras
1283 5550 1473 5593 sacras
1512 5533 1794 5593 adeamus,
1842 5543 1910 5582 au

343 5652 410 5693 ne
441 5635 657 5693 illarum
688 5633 849 5692 verba
874 5649 975 5690 nos
1014 5633 1195 5705 aliqua
1227 5629 1366 5685 forte
1401 5624 1613 5682 ratione
1642 5622 1707 5676 ad
1741 5619 1912 5691 expli-

1998 4434 2129 4502 ήμῖν
2148 4431 2246 4501 τὴν
2274 4427 2424 4482 θείαν
2449 4422 2692 4496 Γραφὴν,
2717 4422 2770 4475 εῖ
2789 4438 2874 4484 τις
2891 4419 3000 4492 ἀρα
3020 4416 3230 4486 γένοιτο
3248 4411 3339 4466 διὰ
3356 4411 3476 4502 τῶνΔ
3489 4425 3580 4502 γεῖ-

1999 4499 2332 4597 γραμμένων
2355 4516 2490 4589 πρὸς
2513 4514 2574 4568 τὸ
2605 4511 2935 4584 ζητούμενον
2957 4504 3312 4580 χειραγωγία.
3338 4499 3494 4554 Μετά
3515 4499 3579 4597 το

2000 4589 2195 4675 είπεῖν,
2219 4613 2301 4664 ὅτι
2333 4627 2351 4660 ι
2389 4608 2710 4678 Ποιήσωμεν
2734 4601 3019 4673 ἄνθρωπον
3044 4597 3164 4650 κατ’
3192 4593 3395 4655 εἰκόνα,
3427 4609 3446 4642 ι
3479 4589 3580 4642 καὶ

2001 4703 2096 4758 ὲπὶ
2116 4702 2226 4755 τίσι
2251 4699 2588 4768 ποιήσωμεν,
2613 4693 2808 4760 ἐπάγει
2839 4689 3024 4744 τοῦτον
3053 4685 3142 4739 τὸν
3159 4685 3339 4752 λόγον,
3369 4683 3452 4734 ὅτι
3483 4679 3582 4768 καὶ

2001 4793 2256 4864 ἐποίησεν
2281 4792 2310 4844 6
2335 4767 2467 4851 Θεὸς
2493 4786 2582 4840 τὸν
2613 4783 2925 4854 ἄνθρωπον,
2955 4779 3050 4833 καὶ
3084 4777 3204 4864 κατ’
3230 4773 3413 4826 εἰκόνα
3437 4767 3578 4864 φεοῦ

2001 4858 2254 4953 ἐποίησεν
2297 4879 2478 4936 αὐτόν.
2520 4899 2537 4928 ι
2567 4875 2766 4945 ’Ᾱρσεν
2779 4866 3014 4939 καὶθῆλυ
3032 4863 3284 4953 ἐποίησεν
3303 4858 3576 4953 αύτούς..)

2007 4943 2232 5047 Εἴρηται
2259 4971 2356 5042 μὲν
2381 4964 2473 5024 οὖν
2494 4965 2596 5036 ἥδη
2628 4943 2723 5017 καὶ
2749 4963 2807 5014 ὲν
2835 4961 2946 5021 τοῖς
2966 4950 3274 5047 ἔμπροσθεν
3291 4987 3307 5012 ,
3335 4948 3422 5000 ὅτι
3443 4943 3588 5013 πρὸς

2005 5039 2322 5132 καθαίρεσιν
2350 5058 2448 5128 τῆς
2460 5051 2741 5122 αἱρετικῆς
2757 5047 3007 5108 ἀσεϐείας
3027 5047 3054 5097 6
3075 5039 3312 5100 τοιοῦτος
3341 5047 3590 5132 προανα-

2009 5122 2324 5225 πεφώνηται
2369 5122 2544 5217 λόγος,
2579 5143 2665 5200 ῖνα
2710 5138 3046 5210 διδαχθέντες
3091 5135 3173 5187 ὅτι
3213 5127 3448 5225 εποίησε

2009 5213 2293 5316 ἄνθρωπον
2320 5242 2348 5294 ὀ
2379 5213 2667 5310 μονογενὴς
2690 5231 2820 5294 Θεὸς
2849 5229 2968 5284 κατ’
2993 5227 3176 5279 εἰκόνα
3203 5217 3360 5316 Θεοῦ,
3378 5213 3592 5316 ’μηδενὶ

2011 5301 2152 5406 λόγῷ
2177 5333 2274 5405 τὴν
2300 5301 2531 5400 θεότητά
2569 5301 2659 5378 τοῦ
2691 5320 2901 5392 Πατρδς
2940 5317 3034 5370 καὶ
3082 5313 3174 5368 τοῦ
3211 5307 3345 5406 Υἱοῦ
3374 5301 3592 5406 διακρί-

2012 5398 2460 5498 νωμεν,’ἐπίσης
2511 5418 2610 5488 τῆς
2663 5413 2822 5483 όιγίας
2871 5407 3094 5478 Γραφῆς
3141 5402 3274 5498 θεον
3327 5398 3594 5498 ἑκάτερον

2013 5486 2526 5588 ὀνομαζούσηςξτόν
2559 5486 2618 5560 τε
2659 5502 2997 5573 πεποιηκότα
3022 5497 3114 5552 τὸν
3147 5493 3457 5565 ἄνθρωπον,
3502 5486 3598 5540 καὶ

2017 5608 2075 5668 οἶ)
2105 5611 2221 5664 κατ’
2261 5605 2443 5660 εἰκόνα
2483 5599 2716 5670 ἐγένετο.
