3794 6000
174 26 282 86 181
1463 39 1554 95 DE
1591 39 1746 97 HOMI

1916 39 2221 103 DPlFlClO.
3359 39 3462 97 182

178 143 486 205 cationem
532 149 655 221 ejus
687 153 837 224 quod
883 157 1202 226 quaerimus,
1252 155 1523 215 deducere
1554 161 1786 232 possint.
1849 159 1960 217 Illa:
2003 160 2168 232 igitur
2217 173 2342 215 cum
2379 157 2762 230 exposuissent
2802 157 2918 215 haec
2954 156 3048 214 Dei
3082 157 3268 226 verba,
3306 175 3326 211 ι
3357 156 3464 212 Fa-

177 235 420 293 ciamus
450 238 732 298 hominem
775 244 844 300 ad
891 245 1182 318 imaginem
1219 256 1501 306 nostram:
1547 270 1566 303 ι
1605 251 1786 306 addita
1824 253 1990 309 etiam
2030 269 2095 310 ea
2146 254 2496 316 indieatione,
2547 266 2707 322 quem
2741 251 2950 307 scilicet
2993 250 3062 306 ad
3099 250 3258 306 tinem
3301 250 3466 304 homo

174 333 479 390 creandus
547 346 717 402 esset,
778 347 894 394 tum
963 340 1160 397 deinde
1201 342 1516 412 hujusmodi
1555 347 1858 402 orationem
1907 347 2226 418 subjiciunt:
2289 339 2500 417 ’ltaque
2526 344 2670 400 Deus
2701 345 2974 400 hominem
3014 345 3278 410 condidit,
3305 351 3360 400 ei
3395 342 3466 397 ad

171 423 492 493 imaginem
545 443 674 483 eum
719 428 815 486 Dei
860 432 1169 498 condidit;t
1187 446 1393 488 marem
1425 442 1479 490 et
1528 435 1785 493 feminam
1822 437 1950 494 fecit
1990 453 2086 493 eos
2129 438 2198 492 ⁸⁸.
2258 457 2278 491 ι
2333 436 2469 491 Illud
2514 436 2733 507 quidem
2783 449 2946 505 supra
2975 442 3074 491 cst
3141 435 3462 498 indicatum,

181 514 366 567 verba
415 516 537 574 haec
582 519 852 578 divinitus
890 537 1014 580 esse
1058 525 1286 594 prolata,
1327 528 1395 582 ad
1441 530 1788 586 evertendam
1853 531 2185 602 impietatem
2239 530 2653 593 haereticorum,
2696 543 2836 600 quos
2883 527 3172 583 Anomaaos
3221 526 3460 596 appella-

181 604 406 673 vimus,
457 618 523 665 ut
572 613 777 680 edocti,
837 614 1004 671 Deum
1052 616 1206 672 illum
1267 621 1559 692 unigenam
1606 637 1825 680 creasse
1881 623 2157 680 hominem
2207 623 2275 679 ad
2315 622 2408 678 Dei
2449 623 2778 693 imaginem,
2812 621 2961 677 nullo
2990 621 3151 676 modo
3187 615 3365 672 Patris
3382 614 3473 669 Fi-

179 697 366 768 liique
400 701 748 759 divinitatem
773 722 1111 778 separemus,
1134 712 1353 782 quando
1383 711 1602 768 Litterae
1629 728 1802 768 sacrae
1843 721 2136 785 utrumque
2171 713 2453 785 aequaliter
2499 711 2669 768 Deum
2718 711 3038 784 appellant,
3076 720 3130 767 et
3174 710 3328 765 illum
3366 708 3460 779 qui

187 788 483 848 hominem
514 796 742 861 creavit,
777 809 833 854 et
859 799 1022 870 cujus
1055 801 1126 856 ad
1156 802 1450 873 imaginem
1481 801 1666 860 factus
1693 810 1801 859 est.

277 927 432 980 Ἀλλ’
461 930 493 982 6
516 929 616 1000 μὲν
645 933 774 1003 περὶ
800 933 1002 990 τούτων
1020 935 1175 1004 λόγος
1196 935 1460 1006 ἀφείσθω,
1485 937 1620 1009 πρὸς
1645 938 1703 992 δὲ
1730 956 1746 991 ⁸1

1967 937 2167 996 Verum
2207 939 2469 1010 prolixior
2508 939 2577 996 de
2627 937 2716 995 his
2759 939 2934 994 oratio
2979 939 3313 996 instituenda
3355 955 3468 996 non

187 1020 570 1091 προκείμενον
603 1023 992 1094 ὲπιστρεπτέον
1023 1026 1121 1098 τὴν
1159 1028 1415 1098 ζήτησινο
1449 1028 1564 1092 πῶς
1597 1029 1692 1082 καὶ
1727 1047 1746 1082 ⁴¹Ι

1916 1037 2012 1094 :st,
2069 1031 2358 1101 potiusque
2399 1029 2468 1085 ad
2519 1029 2571 1084 id
2611 1043 2721 1100 quo
2775 1029 2842 1084 de
2880 1045 3037 1100 agere
3085 1038 3324 1099 emptum
3385 1039 3471 1087 est

188 1111 341 1163 θεῖον
366 1112 664 1184 μακάριον,
684 1117 778 1168 καὶ
794 1116 1024 1171 ἐλεεινὸν
1041 1118 1103 1170 τὸ
1118 1117 1474 1190 ἀνθρώπινον,
1492 1119 1586 1174 καὶ
1607 1119 1746 1190 ὄμοιι

1916 1129 2274 1186 ἐνετιοιηιιτ,
2331 1119 2687 1191 quamobrem
2741 1119 2956 1174 scilicet
2999 1117 3198 1172 divinae
3259 1126 3471 1174 naturae

190 1202 398 1272 ἐκείνῳ
437 1203 602 1258 τοῦτο
629 1206 781 1277 παρὰ
807 1210 907 1278 τῆς
939 1207 1165 1279 Γραφῆς
1194 1209 1539 1278 ὀνομάζεται.
1580 1209 1746 1264 Οὐκοῦ

1916 1210 2129 1267 imilem
2175 1227 2300 1268 esse
2357 1212 2656 1266 humanam
2721 1209 2898 1266 sacris
2957 1209 3030 1264 sit
3069 1205 3298 1265 Litteris
3339 1225 3471 1280 pro-

193 1293 522 1360 ἐξεταστέον
541 1297 657 1367 μετ’
671 1296 955 1368 ἀκριϐείας
977 1298 1045 1351 τὰ
1064 1300 1301 1371 ῥήματα.
1323 1301 1640 1372 Εὑρήσομεν
1656 1300 1785 1370 γὰρ,

191 1385 281 1436 ὅτι
301 1385 391 1437 έτε
403 1403 499 1456 ρον
520 1387 620 1457 μέν
635 1405 687 1440 τι
705 1388 764 1440 τὸ
789 1391 908 1442 κατ’
923 1389 1104 1444 εἰκόνα
1121 1391 1434 1462 γενόμενον,
1454 1392 1540 1445 ἓτε
1547 1409 1638 1464 ρον
1654 1393 1708 1445 δὲ
1725 1393 1786 1446 τὸ

193 1474 293 1528 νῦν
313 1477 374 1530 ὲν
401 1477 752 1550 ταλαιπωρίᾳ
777 1479 1139 1552 δεικνύμενον.
1177 1501 1194 1533 ι
1228 1484 1515 1554 Ἐποίησεν
1543 1487 1571 1538 6
1590 1484 1740 1550 Θεὸς,
1761 1503 1780 1536 ι

197 1566 358 1637 φησι,
401 1586 422 1620 ι
461 1568 556 1621 τὸν
607 1569 913 1641 ἄνθρωπον,
967 1574 1086 1625 κατ’
1119 1573 1302 1627 εἰκόνα
1352 1574 1487 1627 Θεοῦ
1532 1577 1788 1648 ἐποίησεν

197 1658 389 1710 αὐτόν.
430 1677 451 1710 ι
496 1659 660 1723 Τέλος
690 1660 802 1730 ἔχει
835 1663 867 1732 ὴ
908 1663 1002 1715 τοῦ
1049 1664 1168 1718 κατ’
1197 1665 1380 1718 εἰκόνα
1419 1667 1785 1738 γεγενημένου

200 1748 403 1812 κτίσις.
470 1746 606 1804 Εἶτα
660 1751 997 1823 ἐπανάληψιν
1051 1757 1282 1809 ποιεῖται
1347 1754 1441 1809 τοῦ
1495 1756 1637 1810 κατὰ
1688 1758 1788 1828 τὴν

201 1840 558 1911 κατασκευὴν
604 1841 786 1910 λόγου,
839 1844 929 1898 καί
974 1863 1160 1916 φησιν,
1219 1865 1239 1898 ι
1293 1847 1490 1919 Ἃρσεν
1522 1847 1618 1901 καὶ
1650 1848 1784 1920 θῆλυ

1888 1303 2062 1359 ditum
2111 1323 2124 1359 :
2174 1317 2299 1358 cum
2355 1304 2469 1358 haec
2533 1301 2778 1374 profecto
2824 1302 2896 1359 sit
2941 1301 3162 1377 misera,
3201 1299 3292 1354 illa
3342 1318 3472 1358 vero

1889 1393 2071 1450 beata.
2105 1395 2294 1462 Itaque
2323 1393 2484 1447 nobis
2526 1398 2782 1447 accurate
2827 1389 3046 1461 singula
3080 1390 3138 1444 in
3178 1389 3344 1445 verba
3386 1399 3474 1447 est

1889 1483 2298 1554 inquirendum.
2349 1483 2695 1538 Inveniemus
2746 1481 2894 1537 enim
2945 1480 3096 1535 aliud
3154 1495 3277 1536 esse
3324 1481 3472 1553 quod

1888 1575 1985 1630 Dei
2014 1575 2302 1644 imaginem
2336 1575 2558 1640 referat,
2595 1574 2664 1629 ab
2709 1587 2776 1629 eo
2802 1571 2949 1642 quod
2986 1573 3090 1626 hac
3120 1573 3175 1627 in
3217 1587 3464 1628 aerumna

1888 1665 2286 1736 conspicimus.
2319 1683 2338 1716 ι
2372 1663 2523 1719 Fecit
2560 1662 2726 1725 Deus,
2765 1681 2785 1716 ι
2825 1661 3084 1732 inquiunt
3121 1661 3342 1716 Litterae
3382 1677 3471 1716 sa-

1888 1771 2017 1820 crae,
2073 1774 2092 1808 ι
2134 1755 2407 1810 hominem
2451 1773 2464 1810 :
2513 1760 2568 1809 et
2620 1753 2840 1824 quidem
2890 1766 3013 1807 eum
3069 1750 3137 1805 ad
3178 1750 3472 1822 imaginem

1889 1846 1983 1901 Dei
2011 1845 2141 1901 fecit
2169 1846 2236 1900 “.
2276 1864 2295 1899 ι
2333 1845 2471 1916 Ergo
2494 1843 2609 1914 jam
2639 1842 2940 1913 perfectum
2966 1841 3290 1911 intelligitur
3333 1838 3472 1894 illud

203 1931 467 2000 ἐποίησεν
501 1931 753 1997 αὐτούς.)
778 1934 947 1990 Παντὶ
971 1936 1079 2008 γὰρ
1123 1932 1273 2008 οἶμαι
1305 1937 1584 2009 γνώριμον
1626 1935 1742 1992 εῐνα

1916 1949 2156 2005 :reatum,
2209 1937 2355 2008 quod
2405 1936 2474 1992 ad
2517 1935 2758 1990 divinam
2790 1935 3079 2006 imaginem
3128 1932 3472 1989 conformari

203 2023 285 2076 ὅτι
318 2023 428 2088 ἔξω
473 2023 634 2076 τοῦτο
665 2023 759 2077 τοῦ
808 2026 1162 2096 πρωτοτύπου
1207 2029 1437 2081 νοεῖται·
1480 2047 1498 2080 ι
1556 2029 1644 2083 Ἐν
1681 2028 1746 2098 γᾶ

1916 2029 2152 2098 φοι-ιυίι.
2200 2026 2355 2092 Quod
2411 2033 2591 2082 autem
2628 2033 2750 2095 post
2798 2026 2914 2080 haec
2967 2025 3108 2079 redit
3143 2023 3208 2077 ad
3254 2023 3475 2092 exposi-

208 2112 433 2182 Χριστῷ
477 2111 675 2182 Ἰησοῦ,
717 2131 735 2164 ι
780 2114 960 2177 καθώς
989 2132 1151 2186 φησιν
1177 2115 1204 2169 ό
1241 2116 1579 2181 Ἀπόστολος,
1610 2136 1629 2169 ι
1665 2117 1746 2170 οὔτ

1918 2120 2094 2173 ionem
2135 2116 2336 2188 opificii
2371 2117 2562 2182 divini,
2597 2132 2721 2171 cum
2759 2116 2857 2179 ait,
2905 2133 2923 2166 ι
2958 2113 3111 2168 Fecit
3134 2129 3231 2168 eos
3263 2128 3483 2168 marem-

208 2202 378 2272 ἄρρεν
406 2202 534 2255 οὔτε
565 2202 701 2271 θῆλύ
729 2205 893 2258 ἐστιν.
935 2223 954 2256 ι
1008 2204 1168 2258 Ἀλλὰ
1208 2207 1316 2278 μὴν
1358 2209 1440 2272 εἰς
1471 2206 1642 2260 ταῦτα
1675 2207 1746 2278 διι

1916 2223 1958 2263 ιο
1997 2206 2296 2264 feminam:
2355 2228 2373 2260 ι
2432 2208 2485 2263 id
2529 2208 2722 2278 opinor
2748 2222 2938 2262 omnes
2972 2206 3217 2261 homines
3262 2203 3484 2275 perspi-

210 2291 412 2361 ρῆσθαι
460 2294 490 2346 6
516 2293 674 2362 λόγος
723 2295 857 2364 φησί
901 2294 994 2348 τὸν
1027 2275 1341 2369 ἄνθρωπον.
1384 2297 1594 2352 Οὐκοῦν
1630 2275 1746 2350 διπί

1916 2313 2043 2362 :ere,
2093 2297 2161 2351 ab
2190 2299 2439 2367 exemplo
2465 2298 2710 2368 principe
2744 2295 3131 2353 removendum
3179 2310 3320 2351 esse.
3360 2313 3378 2346 ι
3415 2295 3473 2349 1η

210 2382 291 2440 τίς
321 2385 476 2436 ἐστιν
504 2387 536 2456 ἡ
570 2384 675 2456 τῆς
703 2385 918 2454 φύσεως
958 2387 1116 2458 ἡμῶν
1147 2391 1480 2460 κατασκευὴ,
1507 2389 1540 2459 ἥ
1563 2407 1622 2443 τε
1660 2389 1746 2460 πρὶ

1916 2388 2119 2446 Ibristo
2147 2389 2299 2445 enim
2330 2387 2483 2454 .Iesu,
2515 2408 2534 2442 ι
2572 2397 2634 2444 ut
2679 2390 2978 2459 Apostolus
3017 2388 3214 2458 inquit,
3251 2407 3269 2439 ι
3298 2401 3477 2456 neque

210 2473 271 2526 τὸ
299 2475 453 2528 Θεῖον
485 2475 836 2548 ὠμοιωμένη,
856 2475 966 2544 ἦτε
1000 2478 1137 2548 πρὸς
1169 2479 1265 2550 τὴν
1300 2480 1564 2550 διαφορὰν
1591 2479 1746 2534 ταύττ

1916 2497 2022 2537 nas
2053 2497 2232 2553 neque
2272 2482 2482 2537 femina
2522 2490 2607 2537 est
2627 2483 2693 2535 ⁸⁷.
2727 2501 2746 2535 ι
2789 2481 2858 2536 At
2886 2496 3016 2537 vero
3055 2481 3276 2536 Litterae
3304 2492 3477 2534 sacrae

209 2561 543 2635 διῃρημένη.
596 2564 848 2620 Τοιοῦτον
899 2569 1010 2637 γάρ
1049 2584 1101 2620 τι
1147 2569 1176 2620 6
1221 2569 1394 2652 Myos
1422 2571 1485 2623 ἐκ
1534 2570 1634 2641 τῆς
1682 2587 1746 2624 συ

1916 2571 2104 2628 iiserte
2131 2571 2422 2638 aﬂirmant,
2458 2573 2732 2628 hominem
2768 2573 2823 2627 in
2863 2587 3068 2627 marem
3111 2571 3478 2640 feminamque

109 2699 150 2705 μ
213 2655 426 2720 τάξεως
479 2656 590 2710 τῶν
637 2659 1034 2729 γεγραμμένων
1075 2653 1402 2730 αἰνίττεται,ξ
1430 2661 1644 2735 πρῶτον
1701 2662 1799 2734 μὲν

215 2746 407 2813 εἰπὼν,
442 2749 527 2802 ὅτι
564 2767 583 2800 ι
648 2750 934 2820 Ἐποίησεν
969 2753 998 2804 ό
1037 2752 1170 2817 Θεὸς
1199 2753 1291 2807 τὸν
1325 2743 1628 2826 ἄνθρωπον,
1679 2757 1798 2810 κατ’

216 2838 401 2891 εἰκόνα
460 2837 598 2892 Θεοῦ
659 2841 914 2913 ἐποίησεν
971 2843 1164 2898 αὐτόν·
1235 2863 1255 2898 ι
1328 2862 1339 2905 ξ
1384 2846 1502 2900 άλιν
1567 2847 1625 2901 δὲ
1691 2852 1801 2913 τοῖς

216 2929 534 3000 εἰρημένοις
566 2931 884 3000 ἐπαγαγὼν,
923 2934 1002 2986 ὅτι
1041 2952 1060 2986 ι
1111 2936 1308 3006 Ἀρσεν
1347 2937 1442 2991 καὶ
1487 2937 1618 3008 θῆλυ
1655 2940 1803 2993 ἑποί-

218 3036 349 3089 ησεν
399 3020 631 3085 αὐτοὺς,
694 3041 714 3073 ι
780 3023 917 3094 ὅπερ
976 3023 1252 3095 ἀλλότριον
1311 3026 1424 3079 τῶν
1471 3029 1601 3098 περὶ
1666 3027 1801 3082 Θεοῦ

220 3111 529 3181 νοουμένων
579 3113 749 3166 ἐστίν.
809 3109 976 3184 Οἶμαι
1021 3114 1128 3187 γὰρ
1187 3115 1296 3185 ἐγὼ
1339 3117 1516 3189 δόγμα
1564 3135 1617 3172 τι
1662 3121 1804 3189 μέγα

224 3202 316 3254 καὶ
380 3201 587 3272 ὑψηλὸν
656 3201 744 3255 διὰ
800 3202 909 3256 τῶν
972 3205 1279 3276 εἰρημένων
1337 3205 1442 3260 ὑπὸ
1503 3207 1601 3278 τῆς
1656 3207 1805 3271 θείας

223 3289 448 3360 Γραφῆς
498 3291 902 3362 παραδίδοσθαι.
937 3294 1009 3346 Τὸ
1052 3295 1109 3348 δὲ
1153 3295 1327 3366 δόγμα
1360 3297 1598 3351 τοιοῦτόν
1652 3299 1803 3352 ἐστι’

223 3381 326 3436 Δύο
368 3383 532 3436 τινῶν
567 3383 704 3437 κατὰ
744 3383 807 3437 τὸ
849 3385 1146 3456 ἀκρότατον
1187 3387 1322 3456 πρὸς
1352 3387 1558 3457 ἄλληλα
1589 3389 1806 3460 διεστη-

223 3471 417 3538 κότων,
459 3473 622 3542 μέσον
657 3474 776 3528 ἐστὶ
801 3474 862 3528 τὸ
909 3475 1268 3547 ἀνθρώπινον,
1291 3477 1392 3547 τῆς
1438 3495 1498 3530 τε
1536 3478 1683 3541 θείας
1713 3479 1808 3532 καὶ

1898 2661 2134 2717 divisum
2163 2677 2308 2718 esse.
2350 2661 2536 2731 Itaque
2564 2663 2834 2732 duplicem
2865 2677 2986 2717 esse
3029 2662 3228 2716 factam
3266 2667 3477 2714 natura:

1901 2759 2104 2805 nostrae
2145 2757 2478 2806 structuram
2525 2765 2754 2806 necesse
2785 2759 2892 2815 est,
2939 2765 3174 2820 quarum
3212 2751 3381 2804 altera
3409 2749 3478 2803 ad

1901 2838 2141 2895 divinam
2214 2841 2504 2911 imaginem
2561 2840 2973 2910 exprimendam
3025 2839 3232 2895 directa
3281 2838 3478 2902 fuerit,

1903 2932 2076 2986 altera
2111 2929 2178 2985 ad
2229 2930 2572 2988 efﬁciendum
2611 2932 2740 2986 illud
2794 2947 2959 2987 sexus
3001 2929 3320 2986 discrimen.
3367 2928 3483 2984 iiuo

1897 3022 2141 3091 jusmodi
2181 3024 2325 3080 enim
2362 3023 2622 3093 quiddam
2677 3023 2905 3077 indicari
2943 3022 3192 3090 videtur,
3254 3022 3302 3078 si
3351 3037 3480 3077 ver-

1903 3114 2095 3170 borum
2127 3115 2456 3185 compositio
2489 3121 2542 3171 et
2585 3115 2760 3171 series
2795 3113 3196 3181 consideretur,
3244 3116 3478 3184 primum

1904 3205 2050 3260 enim
2094 3203 2297 3259 dicitur
2358 3223 2377 3257 ‹
2413 3203 2564 3260 Fecit
2613 3206 2888 3260 hominem
2933 3205 3098 3270 Deus,
3155 3212 3210 3260 et
3259 3204 3480 3276 quidem

1905 3311 2031 3352 eum
2064 3295 2131 3350 ad
2156 3295 2447 3366 imaginem
2472 3294 2565 3350 Dei
2595 3293 2742 3350 fecit.
2784 3313 2802 3348 ι
2845 3295 3048 3351 Deinde
3081 3295 3166 3350 his
3191 3295 3281 3349 illa
3307 3295 3482 3364 subji-

1906 3386 2149 3452 ciuntur,
2199 3405 2218 3437 ι
2255 3386 2458 3442 Marem
2508 3401 2572 3442 ac
2632 3386 2889 3442 feminam
2931 3402 3028 3443 eos
3080 3386 3244 3443 fecit:
3279 3406 3298 3439 ι
3361 3402 3484 3458 quae

1907 3477 2153 3549 profecto
2176 3477 2242 3530 ad
2265 3478 2554 3547 imaginem
2575 3476 2668 3533 Dei
2693 3493 2802 3532 non
2835 3485 2963 3532 sunt
2986 3477 3290 3532 referenda.
3316 3477 3484 3548 Equi-

224 3567 523 3636 ἀσωμάτου
552 3566 790 3636 φύσεως,
830 3569 922 3621 καὶ
959 3569 1058 3638 τῆς
1107 3568 1304 3637 ἀλόγου
1354 3571 1450 3623 καὶ
1503 3569 1746 3640 κτηνώδο

1916 3567 2030 3622 dem
2080 3567 2314 3636 amplam
2361 3573 2542 3621 statuo
2584 3576 2638 3622 et
2681 3567 2906 3620 arduam
2951 3567 3260 3620 doctrinam
3309 3567 3365 3621 in
3397 3567 3485 3622 bis

226 3657 394 3728 ζωῆς.
437 3658 656 3722 Ἔξεστι
691 3661 800 3732 γὰρ
838 3661 1096 3731 ἑκατέρου
1142 3659 1250 3714 τῶν
1299 3659 1600 3732 εἰρημένων
1641 3661 1699 3714 ἐν
1730 3660 1809 3731 τῷ

227 3748 552 3821 ἀνθρωπίνῳ
593 3751 925 3822 συγκρίματι
976 3752 1248 3823 θεωρῆσαι
1293 3753 1392 3823 τὴν
1437 3755 1666 3824 μοῖρανο
1714 3751 1808 3805 τοῦ

229 3839 329 3910 μὲν
359 3841 507 3894 θείου
535 3842 595 3895 τὸ
626 3841 843 3911 λογικόν
873 3860 931 3895 τε
969 3843 1062 3896 καὶ
1091 3843 1450 3915 διανοητικὸν,
1481 3843 1510 3897 ὃ
1536 3843 1636 3914 τὴν
1671 3842 1811 3898 κατὰ

227 3929 286 3981 τὸ
317 3931 490 4001 ἄρρεν
531 3933 625 3984 καὶ
671 3931 806 4004 θῆλυ
853 3933 1114 4004 διαφορὰν
1159 3934 1220 3985 οὐ
1262 3933 1580 4004 προσίεται’
1627 3931 1721 3986 τοῦ
1752 3932 1811 3985 δὲ

228 4016 424 4086 ἀλόγου
455 4021 553 4090 τὴν
584 4022 902 4091 σωματικὴν
929 4021 1272 4092 κατασκευὴν
1299 4025 1394 4076 καὶ
1418 4021 1703 4075 διάπλασιν
1731 4023 1811 4086 εἰς

228 4109 397 4180 ἄρρεν
444 4127 504 4163 τε
552 4112 647 4164 καὶ
699 4112 832 4182 θῆλυ
882 4113 1310 4183 μεμερισμένην.
1374 4113 1662 4186 Ἑκάτερον
1705 4113 1811 4186 γὰρ

228 4198 435 4252 τούτων
465 4200 582 4252 ἐστὶ
615 4202 832 4265 πάντως
869 4203 926 4254 ὲν
958 4203 1123 4256 παντὶ
1153 4202 1232 4272 τῷ
1273 4203 1552 4272 μετέχοντι
1583 4203 1683 4272 τῆς
1717 4205 1812 4257 ἀν-

230 4288 514 4360 θρωπίνης
535 4288 700 4360 ζωῆς.
747 4291 905 4344 Ἀλλὰ
936 4291 1288 4362 προτερεύειν
1315 4292 1376 4344 τὸ
1405 4292 1608 4362 νοερὸν,
1633 4291 1814 4356 καθὼς

231 4381 385 4450 παρά
423 4379 522 4434 τοῦ
565 4381 663 4452 τὴν
705 4381 1147 4452 ἀνθρωπογονίαν
1179 4384 1238 4436 ὲν
1278 4382 1428 4447 τάξει
1457 4383 1815 4447 διεξελθόντος

232 4470 534 4541 ἐμάθομεν,
588 4473 1084 4544 ὲπιγεννηματικὴν
1131 4473 1187 4526 δὲ
1238 4469 1376 4528 εἶναι
1427 4472 1504 4543 τῷ
1543 4472 1815 4545 ἀνθρώπῳ

231 4563 327 4632 τὴν
370 4561 512 4633 πρὸς
561 4562 623 4615 τὸ
662 4561 856 4632 ἄλογον
904 4564 1189 4617 κοινωνίαν
1225 4581 1285 4616 τε
1330 4563 1426 4616 καὶ⁵
1475 4563 1812 4632 συγγένειαν.

233 4652 459 4722 Πρῶτον
484 4653 585 4722 μὲν
610 4650 723 4724 γάρ
748 4670 930 4724 φησιν,
962 4654 1044 4707 ὅτι
1100 4672 1120 4705 t
1167 4654 1450 4725 Ἐποίησεν
1480 4654 1508 4706 ὁ
1534 4653 1664 4718 Θεὸς
1695 4655 1813 4708 κατ’

235 4743 418 4798 εἰκόνα
464 4743 560 4796 τοῦ
603 4742 741 4796 Θεοῦ
789 4744 880 4798 τὸν
911 4744 1216 4814 ἄνθρωπον,
1260 4765 1278 4798 ι
1315 4745 1528 4808 δεικνὺς
1571 4744 1661 4798 διὰ
1703 4744 1814 4799 τῶν

235 4835 559 4906 εἰρημένων,
607 4834 793 4899 καθώς
839 4852 1000 4906 φησιν
1044 4837 1072 4887 ὁ
1128 4835 1467 4899 Ἀπόστολος,
1506 4835 1586 4889 ὅτι
1636 4837 1696 4888 ἐν
1735 4833 1815 4907 τῷ

1913 3655 2084 3720 tradi,
2133 3655 2395 3709 nimirum
2457 3653 2770 3724 hujusmodi
2819 3653 3130 3724 quamdam:
3187 3651 3330 3708 inter
3376 3653 3485 3708 duo

1912 3755 2154 3802 extreme
2209 3744 2566 3810 dissidentia,
2619 3756 2872 3800 naturam
2941 3745 3190 3801 videlicet
3245 3745 3485 3800 divinam

1913 3844 2303 3908 expertemque
2327 3837 2598 3908 corporis,
2628 3845 2684 3894 et
2711 3839 2940 3894 alteram
2965 3847 3242 3894 carentem
3273 3842 3488 3895 ratione

1914 3945 1979 3984 ac
2040 3928 2356 3993 belluinam,
2415 3928 2654 3983 medium
2703 3928 2976 3984 hominem
3029 3944 3171 3986 esse.
3222 3927 3355 3984 Nam
3420 3929 3487 3985 de

1915 4026 2148 4088 utroque
2183 4017 2237 4072 in
2268 4017 2433 4087 hujus
2467 4016 2688 4088 opificio
2728 4018 2992 4074 exsistere
3024 4019 3300 4088 quiddam,
3333 4034 3489 4089 pror-

1917 4125 2012 4166 sus
2049 4117 2134 4164 est
2174 4109 2629 4165 animadvertere.
2675 4107 2750 4164 De
2787 4117 2984 4163 natura
3013 4110 3217 4174 divina,
3259 4112 3366 4165 vim
3401 4126 3492 4165 ra-

1915 4200 2082 4255 tionis
2110 4209 2164 4254 et
2193 4199 2584 4271 intelligentiae,
2617 4215 2740 4268 quae
2769 4214 2933 4254 sexus
2962 4199 3190 4253 masculi
3229 4213 3294 4254 ac
3332 4198 3491 4253 femi-

1917 4291 2008 4346 nei
2057 4291 2355 4347 discrimen
2405 4291 2618 4345 nullum
2666 4288 2879 4358 recipit,
2922 4288 2989 4342 de
3024 4296 3215 4341 natura
3262 4286 3487 4344 rationis

1919 4391 2162 4453 experte,
2195 4389 2529 4438 structuram
2560 4382 2704 4434 hanc
2733 4379 2983 4450 corporis
3005 4387 3059 4434 et
3097 4380 3324 4434 formam
3353 4395 3490 4438 sexu

1917 4472 2256 4528 distinctam.
2309 4472 2615 4544 Utrumque
2665 4472 2860 4527 borum
2906 4471 2961 4526 in
2995 4473 3237 4542 quolibet
3271 4471 3489 4528 homine

1916 4571 2019 4618 est.
2060 4561 2166 4618 Sed
2211 4563 2451 4632 priorem
2501 4562 2671 4618 fuisse
2725 4562 2780 4616 in
2829 4578 2894 4618 eo
2927 4561 3241 4617 facultatem
3290 4561 3492 4616 intelliv

1917 4655 2098 4727 gendi,
2131 4655 2328 4710 deinde
2354 4656 2672 4710 societatem
2705 4656 3194 4724 cognationemque
3229 4667 3354 4708 cum
3388 4667 3490 4706 na—

1918 4755 2040 4801 tura
2079 4747 2292 4802 ratione
2334 4754 2557 4802 carente
2586 4747 2888 4803 accessisse
2921 4764 2936 4802 :
2966 4761 3033 4801 ex
3065 4752 3289 4799 auctore
3320 4743 3490 4797 histo-

1918 4839 2012 4892 rite
2065 4839 2132 4894 de
2183 4847 2307 4893 ortu
2366 4839 2625 4904 hominis,
2689 4841 2883 4895 ordine
2937 4838 3150 4908 singula
3207 4842 3485 4904 narrante,

234 4926 457 4996 τοιούτῳ
492 4927 666 4999 ἇρῤεν
709 4927 804 4979 καὶ
840 4926 970 4997 θῆλυ
1006 4927 1106 4980 οὐκ
1133 4925 1298 4981 ἔστιν.
1327 4922 1460 4980 Εἶτα
1489 4926 1684 4994 ἐπάγει
1715 4942 1746 4978 τ

1920 4929 2209 4985 discimus.
2245 4929 2491 4983 Primum
2518 4930 2664 4984 enim
2715 4928 2904 4994 tradit,
2939 4927 3104 4983 Deum
3136 4939 3354 4982 creasse
3389 4925 3489 4980 ho-

237 5017 581 5091 ἀνθρωπίνης
618 5017 838 5090 φύσεως
868 5018 938 5072 τὰ
987 5017 1270 5090 ἰδιώματα,
1305 5017 1388 5071 ὅτι
1424 5035 1443 5069 ι
1484 5019 1688 5090 Ἀρρεν
1720 5017 1816 5071 καί⁹

237 5109 360 5183 θῆλυ
393 5112 657 5184 ἐποίησεν
695 5109 917 5175 αὐτούς.
961 5129 980 5164 ι
1019 5111 1085 5163 Τί
1131 5104 1224 5164 οῦν
1253 5109 1340 5163 διὰ
1379 5107 1568 5162 τούτου
1605 5107 1812 5179 μανθά-

237 5217 424 5275 νομεν;
463 5203 580 5258 Καί
627 5219 725 5275 μοι
779 5201 965 5274 μηδεὶς
992 5201 1274 5273 νεμεσάτω
1320 5199 1602 5273 πόρρωθεν
1649 5217 1818 5272 προσ-

290 5429 336 5465 ⁵⁶
363 5429 501 5488 Gen.
528 5443 570 5495 ι,
611 5425 710 5480 27.
795 5424 836 5456 ⁵⁷
859 5421 1028 5479 Galat.
1056 5439 1137 5489 Ill,
1166 5423 1254 5479 28.
1307 5423 1352 5456 ⁸⁸
1379 5421 1509 5478 ibid.
1537 5421 1607 5477 26
1630 5437 1746 5492 sqq.

1919 5021 2122 5076 minem
2169 5019 2238 5073 ad
2296 5020 2587 5091 imaginem
2645 5034 2801 5076 suam
2849 5038 2862 5075 :
2905 5019 2963 5073 in
3016 5029 3125 5087 quo
3185 5013 3328 5070 idem
3377 5015 3491 5070 vult

1917 5108 2150 5172 docere,
2204 5108 2350 5178 quod
2404 5116 2461 5163 et
2503 5107 2802 5178 Apostolus
2853 5105 3073 5175 scripsit
3094 5105 3178 5171 ⁸⁸,
3218 5110 3492 5176 quatenus

1922 5199 2101 5270 imago
2136 5198 2231 5254 Dei
2256 5199 2330 5256 sit
2360 5199 2545 5268 homo,
2574 5213 2739 5255 sexus
2775 5197 2833 5254 in
2857 5211 2924 5254 eo
2951 5197 3246 5254 discrimen
3282 5196 3490 5252 nullum
