3794 6000
323 43 425 99 183

1548 47 1605 104 S.
1634 42 1965 104 GREGORII
2023 46 2317 108 NYSSENI

3474 45 3590 106 184

317 168 464 213 esse.
499 156 704 215 Deinde
732 167 945 216 natura:
970 160 1209 218 hominis
1235 161 1495 218 attributa
1517 162 1738 234 propria
1763 179 1815 221 su

2082 185 2180 222 Mt
2208 169 2300 223 τὸν
2328 168 2485 239 λόγον
2529 168 2607 241 τῷ
2653 167 3000 240 προκειμένῳ
3030 168 3288 239 νοήματι.
3334 164 3471 230 Θεὸς
3505 168 3580 237 τῇ

318 249 437 318 jicit
465 267 481 304 :
512 249 714 306 Marem
753 251 1123 323 feminamque
1166 253 1294 309 fecit
1335 269 1452 310 eos.
1483 253 1624 321 Quid
1666 269 1798 325 ergo
1830 255 1899 312 de

322 340 425 394 hoc
449 338 770 396 discendum
802 340 961 396 nobis
989 341 1111 397 est?
1144 341 1412 412 Equidem
1448 342 1582 396 mihi
1621 342 1897 398 neminem

323 431 487 487 irasci
537 431 683 491 volo.
739 431 907 487 altius
953 448 1069 488 rem
1117 448 1239 504 quae
1290 434 1346 488 in
1402 434 1897 490 considerationem

323 520 491 583 venit,
529 522 812 590 repetenti.
860 521 1002 578 Deus
1047 530 1242 578 natura
1290 537 1389 579 sua
1428 524 1537 579 tale
1585 537 1649 578 ac
1688 530 1897 579 tantum

319 610 592 680 quoddam
623 612 823 668 bonum
846 624 952 679 est,
973 622 1237 684 quantum
1264 614 1374 669 ulla
1397 615 1728 685 cogitatione
1755 629 1900 670 com-

322 702 585 771 prehendi
640 705 968 773 potestzvel
1023 706 1206 775 potius
1255 706 1423 761 etiam
1478 721 1641 762 omne
1689 707 1896 761 bonum

321 793 466 862 quod
532 794 888 866 intelligendo
945 796 1308 865 cogitandove
1371 796 1892 867 comprehenditur,

320 893 634 955 exsuperat.
681 886 870 957 Itaque
907 894 1159 943 naturam
1194 888 1491 944 humanam
1532 905 1639 946 non
1693 891 1799 945 alia
1828 889 1897 946 de

321 991 485 1033 causa
528 977 792 1043 condidit,
837 994 1000 1049 quam
1033 980 1180 1050 quod
1223 980 1403 1037 bonus
1453 989 1618 1037 esset.
1654 981 1898 1053 Cumque

320 1070 448 1124 talis
495 1076 661 1136 esset,
712 1075 767 1125 et
807 1086 970 1124 unam
1020 1072 1163 1127 hanc
1212 1073 1283 1127 ob
1333 1086 1554 1128 causam
1604 1071 1671 1127 ad
1726 1072 1896 1128 fabri-

322 1160 590 1216 cationem
641 1161 892 1216 humanae
934 1171 1140 1217 naturae
1173 1162 1522 1229 accessisset,
1556 1178 1668 1218 non
1704 1178 1775 1217 ex
1808 1177 1896 1220 se-

322 1252 488 1306 misse
537 1251 646 1306 vim
695 1251 958 1309 bonitatis
1030 1269 1142 1309 suae
1202 1255 1483 1310 declarare
1541 1256 1756 1322 voluit,
1820 1255 1895 1309 ita

321 1347 382 1392 ut
426 1341 676 1395 nonnihil
721 1342 929 1398 homini
983 1360 1208 1401 suorum
1249 1347 1518 1402 bonorum
1566 1348 1894 1419 largiretur,

324 1429 570 1485 nonnihil
606 1444 733 1488 cum
779 1449 845 1506 eo
899 1448 969 1490 ne
1005 1418 1455 1503 communicaret,
1507 1418 1713 1494 invidia
1755 1454 1895 1509 prae-

322 1522 617 1591 pediretur.
667 1502 912 1582 Perfecte
951 1527 1215 1584 nimirum
1269 1545 1329 1585 se
1378 1500 1585 1585 bonum
1637 1500 1896 1597 ostendit,
1930 1500 1973 1556 Β

320 1628 444 1666 cum
522 1614 795 1672 hominem
880 1619 949 1674 de
1027 1621 1202 1677 nihilo
1261 1623 1560 1689 conderet,
1642 1623 1901 1693 omnique

320 1701 591 1758 bonorum
637 1708 793 1777 copia
844 1708 1159 1766 instrueret.
1198 1712 1329 1779 Quae
1376 1728 1501 1767 cum
1551 1713 1687 1769 adeo
1731 1713 1901 1768 multa

318 1792 431 1849 sint
472 1810 720 1862 numero,
760 1804 821 1853 ut
864 1801 1138 1858 recenseri
1171 1802 1385 1873 singula
1423 1803 1901 1860 commemorando

319 1884 605 1942 «lillieulter
654 1890 912 1959 possint:
945 1892 1153 1948 idcirco
1209 1894 1449 1950 breviter
1501 1895 1761 1951 universa
1810 1894 1901 1950 his

318 1976 499 2033 verbis
547 1981 1106 2050 comprehenduntur,
1141 1984 1344 2055 quibus
1393 1985 1557 2041 homo
1587 1985 1655 2040 ad
1704 1986 1901 2057 imagi-

321 2084 442 2123 nem
481 2069 574 2124 Dei
601 2069 781 2127 l'actus
811 2088 934 2129 esse
980 2074 1203 2130 dicitur.
1228 2074 1425 2132 Valent
1466 2078 1610 2133 enim
1644 2078 1735 2132 illa
1780 2085 1903 2132 tan-

321 2159 585 2224 tumdem,
617 2175 681 2215 ac
720 2164 765 2217 si
792 2161 1088 2230 diceretur,
1126 2174 1379 2221 naturam
1403 2167 1701 2221 humanam
1729 2182 1759 2221 a
1794 2167 1902 2223 Deo

322 2251 374 2304 in
405 2250 649 2309 omnium
672 2251 946 2309 bonorum
976 2256 1293 2312 societatem
1319 2264 1565 2313 vocatam
1595 2273 1736 2314 esse.
1765 2257 1902 2313 Nam

320 2341 364 2397 si
401 2339 496 2396 Dei
527 2352 718 2399 natura
751 2346 994 2415 perlecta
1022 2348 1268 2421 quaedam
1308 2350 1463 2421 copia
1503 2358 1589 2406 est
1628 2351 1901 2406 bonorum

319 2434 602 2500 omnium,
668 2436 833 2492 homo
891 2446 1070 2494 autem
1124 2440 1243 2510 ejus
1300 2449 1386 2497 est
1451 2443 1630 2512 imago
1685 2460 1698 2496 :
1757 2441 1903 2497 haud

320 2529 482 2586 dubie
537 2530 892 2587 simulacrum
955 2532 1060 2587 hoc
1125 2533 1221 2588 Dei
1285 2533 1540 2604 princeps
1594 2535 1901 2605 exemplum

321 2619 394 2673 ita
445 2620 681 2688 referet,
739 2627 800 2675 ut
863 2628 919 2678 et
974 2622 1155 2693 ipsum
1204 2623 1366 2679 bonis
1419 2624 1674 2681 omnibus
1726 2626 1903 2680 abun-

319 2707 430 2762 det.
488 2706 679 2778 Itaque
739 2708 796 2764 in
857 2710 1021 2767 nobis
1087 2719 1172 2767 est
1224 2726 1487 2782 expressa
1554 2713 1736 2769 omnis
1800 2714 1903 2769 ho-

319 2798 465 2854 nesti
493 2797 728 2870 species,
758 2801 939 2858 omnis
976 2803 1175 2869 virtus,
1211 2802 1392 2860 omnis
1416 2803 1704 2872 sapientia,
1737 2803 1898 2876 quid-
1927 2823 1974 2885 ο

318 2887 453 2957 quid
518 2888 756 2960 denique
815 2893 1330 2961 prmstantissimum
1394 2894 1788 2965 comprehendi
1849 2895 1901 2950 vi

320 2980 696 3050 intelligentiae
765 2990 965 3052 potest.
1029 2983 1207 3055 Atque
1254 2985 1397 3040 inter
1458 2994 1654 3041 caetera
1709 2994 1792 3041 est
1846 2985 1903 3040 in

318 3069 480 3127 nobis
509 3070 760 3138 libertas,
798 3089 918 3144 quae
950 3076 1097 3131 nulla
1140 3077 1486 3133 necessitatis
1523 3078 1637 3148 lege
1667 3084 1900 3140 tenetur,

319 3161 523 3220 nullius
554 3164 610 3220 in
639 3175 832 3221 natura
866 3162 1329 3240 dominatusjugo
1353 3169 1626 3239 subjecta,
1661 3169 1755 3225 sed
1781 3185 1903 3239 quae

316 3254 524 3324 judicio
549 3263 700 3313 certo
725 3265 780 3313 et
810 3258 1093 3315 liberrimo
1114 3260 1262 3332 quod
1295 3261 1411 3315 vult
1448 3261 1615 3333 eligit.
1638 3261 1733 3316 Est
1756 3263 1900 3316 enim

320 3349 494 3404 virtus
550 3363 663 3404 suae
714 3351 957 3420 spontis,
1016 3352 1224 3408 nullius
1283 3352 1512 3422 imperio
1569 3353 1897 3421 mancipata.

320 3442 476 3509 Quod
504 3450 685 3499 autem
712 3459 743 3497 a
768 3443 1097 3500 necessitate
1124 3443 1357 3516 quadam
1398 3443 1727 3499 violentiave
1752 3443 1902 3514 cogi-

321 3541 428 3598 tur,
468 3532 659 3588 virtuti
708 3521 1321 3591 consentaneum-esse
1377 3535 1588 3606 nequit.
1646 3533 1802 3600 Quod
1854 3534 1901 3589 si

318 3636 483 3692 porro
510 3623 691 3695 imago
720 3639 1037 3695 expressam
1085 3626 1514 3698 pulchritudinis
1564 3629 1618 3683 in
1652 3628 1902 3699 exemplo

320 3715 565 3785 principe
617 3716 848 3788 ﬁguram
911 3718 983 3772 ita
1018 3726 1394 3788 repraesentet,
1451 3726 1512 3774 ut
1564 3720 1703 3775 nihil
1734 3720 1803 3775 ab
1836 3734 1901 3775 ea

320 3822 547 3877 prorsus
578 3807 813 3872 diﬂ‘erat,
840 3824 947 3863 non
978 3809 1091 3878 jam
1124 3812 1269 3865 illam
1296 3813 1589 3883 imaginem
1620 3811 1759 3877 fore,
1794 3812 1891 3869 sed

321 3898 492 3968 ipsam
526 3899 882 3969 eamdemque
925 3915 1060 3965 rem,
1126 3917 1248 3970 quae
1300 3904 1448 3956 nulla
1484 3904 1567 3958 sui
1624 3911 1782 3974 parte
1813 3905 1899 3959 di—

321 3989 502 4044 scerni
536 4004 567 4043 a
594 3990 775 4059 seipsa
807 3991 1000 4060 possit.
1039 3991 1181 4058 Quid
1215 3993 1382 4063 igitur
1415 4001 1520 4060 est,
1569 3996 1807 4066 inquies,
1844 3997 1902 4050 in

321 4094 430 4148 quo
462 4088 671 4136 natura:
700 4081 921 4146 divinae,
979 4093 1036 4138 et
1094 4084 1215 4152 ejus
1267 4098 1388 4153 qua:
1440 4085 1508 4139 ad
1538 4086 1779 4141 divinam
1815 4092 1901 4142 est
1942 4099 1944 4102 '

1999 255 2196 310 ἑαυτοῦ
2229 256 2391 328 φύσει
2424 258 2533 312 πᾶν
2570 258 2653 312 ὅτι
2686 274 2793 329 περ
2828 257 2950 311 ἔστι
2997 259 3116 311 κατ’
3145 255 3354 311 ἔννοιαν
3392 255 3588 311 λαϐεῖν

1998 345 2217 415 ἀγαθὸν,
2268 347 2446 402 ἐκεῖνό
2491 349 2606 403 ἐστι
2624 367 2638 380 ·
2679 347 2877 420 μᾶλλην
2909 346 2969 400 δὲ
2997 346 3199 410 παντὸς
3225 344 3435 415 ἀγαθοῦ
3480 345 3587 399 τοῦ

1997 432 2287 505 νοουμένου
2336 453 2395 488 τε
2440 437 2535 490 καὶ
2580 434 3128 506 καταλαμϐανομένου
3168 434 3430 503 ἐπέκεινα
3474 432 3589 498 ῶν,

1997 527 2058 580 οὐ
2086 527 2153 581 δι’
2181 526 2309 582 ἀλλο
2346 546 2398 582 τι
2426 529 2599 594 κτίζει
2630 529 2728 600 τὴν
2761 527 3111 599 ἀνθρωπίνην
3138 526 3304 597 ζωὴν,
3340 526 3375 598 ἢ
3405 525 3499 578 διά
3520 525 3589 577 τδ

1997 617 2199 686 ἀγαθὸς
2243 614 2401 673 εἷναι.
2452 618 2702 684 Τοιοῦτος
2745 618 2801 673 δὲ
2839 618 2935 681 ὢν,
2970 618 3069 671 καὶ
3092 616 3189 669 διά
3239 616 3398 669 τοῦτο
3442 614 3589 686 πρὸς

1996 707 2095 780 τὴν
2122 708 2479 781 δημιουργίαν
2509 710 2609 781 τῆς
2655 710 3003 782 ἀνθρωπίνης
3046 707 3262 777 φύσεως
3301 708 3585 778 ὁρμήσας,

1997 800 2097 853 οὐκ
2117 798 2183 854 ἂν
2208 800 2442 873 ἡμιτελῆ
2467 802 2565 873 τὴν
2591 802 2691 873 τῆς
2723 800 3057 871 ἀγαθότητος
3085 799 3387 864 ἐνεδείξατο
3412 796 3587 852 δύνα-

2000 908 2113 962 μιν,
2150 891 2211 944 τὸ
2256 891 2353 962 μέν
2389 910 2440 945 τι
2466 892 2588 954 δοὺς
2628 893 2692 944 ὲκ
2718 891 2825 943 τῶν
2858 889 3167 961 προσόντων
3194 887 3360 958 αὐτῷ,
3393 885 3491 940 τοῦ
3525 886 3590 939 δὲ

1999 981 2270 1054 φθονήσας
2294 982 2392 1052 τῆς
2439 982 2753 1052 μετουσίας·
2801 979 2937 1034 ἀλλά
2974 980 3035 1032 τὸ
3065 978 3272 1032 τέλειον
3306 978 3405 1046 τῆς
3437 978 3586 1045 ἀγαο

1999 1073 2221 1144 θότητος
2250 1072 2385 1137 εἶδος
2423 1075 2480 1126 ὲν
2506 1072 2680 1143 τούτῳ
2710 1073 2880 1136 ἐστιν,
2907 1072 2971 1124 ἐκ
3000 1071 3092 1123 τοῦ
3124 1071 3218 1124 καὶ
3239 1069 3590 1140 παραγαγεῖν

1997 1166 2088 1219 τὸν
2117 1164 2402 1235 ἄνθρωπον
2428 1166 2491 1218 ἐκ
2515 1163 2608 1217 τοῦ
2637 1165 2709 1236 μὴ
2735 1164 2884 1227 ὄντος
2918 1164 2999 1226 είς
3035 1162 3271 1232 γένεσιν,
3307 1160 3401 1214 καὶ
3424 1161 3590 1213 ἀνεν-

1997 1253 2090 1327 δεῆ
2119 1254 2226 1307 τῶν
2249 1253 2468 1322 ἀγαθῶν
2496 1254 2935 1325 ἀπεργάσασθαι.
3006 1253 3160 1306 Ἐπεὶ
3187 1252 3244 1305 δὲ
3276 1250 3444 1314 πολὺς
3470 1249 3589 1302 τῶν

1999 1345 2120 1399 καθ’
2149 1345 2379 1400 ἕκαστον
2422 1345 2641 1414 ἀγαθῶν
2683 1345 2712 1397 ό
2741 1346 3062 1413 κατάλογος,
3091 1345 3151 1396 οὐ
3187 1342 3286 1413 μὲν
3314 1337 3405 1395 οῦν
3431 1341 3591 1394 ἐστιν

2000 1435 2216 1508 ἀριθμῷ
2250 1436 2445 1509 ῥᾳδίως
2491 1434 2680 1489 τοῦτον
2725 1435 3014 1489 διαλαϐεῖν.
3070 1435 3168 1488 Διά
3219 1433 3378 1486 τοῦτο
3426 1449 3593 1503 περι-

2001 1528 2239 1600 ληπτικῇ
2269 1531 2335 1599 τῇ
2374 1530 2523 1599 φωνῇ
2553 1528 2769 1581 ἅπαντα
2802 1526 3078 1581 συλλαϐὼν
3119 1528 3148 1579 ό
3182 1525 3338 1594 λόγος
3372 1525 3593 1595 ἐσήμα-

2002 1638 2112 1686 νεν,
2142 1621 2199 1673 ἐν
2224 1618 2302 1690 τῷ
2352 1621 2545 1679 εἰπεῖν,
2581 1619 2702 1672 κατ’
2728 1618 2909 1673 εἰκόνα
2948 1618 3082 1672 Θεοῦ
3118 1616 3444 1688 γεγενῆσθαι
3492 1616 3593 1669 τὸν

2001 1712 2306 1784 ἄνθρωπον.
2339 1706 2487 1763 Ἶσον
2525 1710 2634 1781 γάρ
2668 1710 2784 1764 ἐστι
2809 1709 2968 1763 τοῦτο
2997 1706 3074 1780 τῷ
3103 1709 3297 1768 εἰπεῖν,
3332 1707 3414 1761 ὅτι
3440 1724 3591 1760 παν⁸

2003 1804 2092 1867 τὸς
2124 1802 2329 1873 ἀγαθοῦ
2365 1802 2589 1874 μέτοχον
2617 1802 2717 1873 τὴν
2746 1801 3094 1872 ἀνθρωπίνην
3120 1800 3279 1870 φύσιν
3304 1799 3588 1870 ἐποίησεν.

2003 1896 2066 1949 El
2105 1894 2213 1966 γάρ
2260 1893 2531 1965 πλήρωμα
2575 1892 2674 1963 μὲν
2708 1891 2928 1960 ἀγαθῶν
2971 1890 3031 1945 τὸ
3060 1893 3233 1954 Θεῖον,
3285 1889 3493 1944 ἐκείνου
3528 1888 3593 1943 δὲ

2003 1985 2160 2040 τοῦτο
2193 1984 2354 2038 εἰκών
2374 2001 2387 2014 ³
2418 1985 2503 2056 ἄρ’
2528 1986 2585 2037 ὲν
2615 1982 2694 2053 τῷ
2725 1983 2930 2054 πλῆρες
2959 1977 3099 2036 εἶναι
3131 1982 3332 2045 παντὸς
3351 1979 3592 2049 όφγαθοῦ,

2004 2076 2140 2148 πρὸς
2184 2075 2246 2129 τὸ
2300 2076 2609 2147 ἀρχέτυπον
2658 2077 2692 2146 ἡ
2739 2073 2904 2127 είκὼν
2956 2072 3069 2144 ἔχει
3127 2072 3221 2145 τὴν
3268 2072 3587 2143 ὁμοιότητα.

2004 2166 2212 2221 Οὐκοῦν
2255 2167 2404 2221 ἐστιν
2438 2169 2494 2219 ὲν
2519 2168 2652 2237 ἡμῖν
2692 2164 2891 2227 παντὸς
2923 2165 3021 2234 μὲν
3062 2163 3229 2218 καλοῦ
3263 2164 3393 2230 ἰδέα,
3432 2165 3592 2217 πᾶσα

2003 2256 2059 2309 δὲ
2106 2257 2275 2329 ἀρετὴ
2328 2257 2423 2310 καὶ
2470 2257 2652 2325 σοφία,
2693 2256 2786 2309 καὶ
2830 2259 2938 2309 πᾶν
2983 2255 3171 2327 ὃτιπὲρ
3202 2258 3318 2309 ὲστι
3354 2255 3492 2326 πρὸς
3524 2254 3594 2309 τδ

2005 2351 2250 2419 κρεῖττον
2289 2348 2607 2419 νοούμενον..
2646 2348 2742 2400 Ἓν
2768 2346 2825 2400 δὲ
2853 2347 2961 2402 τῶν
2988 2348 3202 2401 πάντων
3227 2347 3321 2401 καὶ
3351 2347 3409 2399 τὸ
3434 2345 3594 2399 ἐλεύ-

2006 2440 2162 2511 θερον
2191 2439 2436 2509 ἀνάγκης
2461 2432 2620 2505 εἶναι,
2652 2440 2745 2503 καὶ
2779 2438 2853 2510 μὴ
2887 2438 3222 2510 ὑπεζεῦχθαί
3251 2456 3355 2492 τινι
3380 2439 3592 2509 φυσικῇ

2004 2530 2331 2600 δυναστεία·
2382 2530 2496 2584 ἀλλ’
2540 2529 2889 2596 αὐτεξούσιον
2935 2529 3072 2600 πρὸς
3108 2530 3170 2583 τὸ
3210 2527 3401 2582 δοκοῦν
3439 2529 3595 2599 ἔχειν

2004 2617 2101 2689 τὴν
2129 2615 2376 2688 γνώμην.
2424 2617 2742 2671 Ἀδέσποτον
2772 2620 2881 2689 γάρ
2915 2636 2967 2672 τι
3001 2619 3187 2690 χρῆμα
3217 2620 3250 2690 ἡ
3279 2618 3450 2689 ἀρετὴ
3495 2619 3597 2671 καί⁵

2006 2708 2271 2773 ἑκούσιον,
2317 2707 2378 2761 τὸ
2423 2707 2479 2761 δὲ
2527 2708 3047 2779 κατηναγκασμένον
3090 2708 3185 2762 καὶ
3231 2707 3597 2779 βεϐιασμένον

2006 2800 2174 2871 ἀρετὴ
2196 2796 2335 2853 εἶναι
2360 2801 2418 2854 οὐ
2448 2799 2691 2856 δύναται.
2738 2802 2827 2855 Ἐν
2863 2803 2995 2855 πᾶσι
3026 2802 3205 2855 τοίνυν
3236 2799 3336 2872 τῆς
3377 2800 3597 2865 εἰκόνος

2004 2890 2097 2948 τοῦ
2128 2890 2483 2962 πρωτοτύπου
2516 2891 2742 2955 κάλλους
2791 2893 2882 2945 τὸν
2914 2894 3241 2964 χαρακτῆρα
3286 2892 3588 2965 φερούσης,

2005 2982 2053 3032 εί
2090 2980 2165 3051 μὴ
2196 2980 2337 3034 κατὰ
2371 2982 2424 3034 τὶ
2444 2980 2541 3051 τὴν
2570 2980 2833 3053 διαφοράν
2862 2982 2984 3054 ἔχῃ,
3019 2984 3201 3037 οὐκέτι
3233 2984 3299 3037 ἂν
3332 2981 3418 3054 εἴη
3447 2982 3596 3037 πάν-

2003 3086 2111 3134 τως
2154 3071 2427 3142 ὁμοίωμα,
2463 3073 2598 3126 ἀλλὰ
2643 3074 2838 3126 ταύτὸν
2873 3075 3050 3128 ἐκεῖνο
3080 3074 3168 3128 διὰ
3200 3075 3419 3129 πάντων
3452 3074 3597 3129 ἀνα-

2004 3162 2364 3233 δειχθήσεται,
2394 3163 2453 3217 τὸ
2484 3165 2539 3217 ὲν
2579 3165 2742 3218 παντὶ
2770 3164 3208 3234 ἀπαράλλακτον.
3243 3164 3375 3219 Τίνα
3405 3166 3597 3220 τοίνυν

2005 3253 2170 3307 αὐτοῦ
2203 3270 2263 3307 τε
2294 3253 2387 3307 τοῦ
2416 3253 2596 3320 Θείου,
2639 3255 2733 3308 καὶ
2762 3254 2857 3308 τοῦ
2907 3254 3043 3325 πρὸς
3087 3255 3147 3308 τδ
3172 3256 3327 3310 Θεῖον
3370 3255 3595 3326 ὡμοιω-

2008 3347 2170 3416 μένου
2224 3346 2321 3417 τὴν
2369 3346 2626 3418 διαφοράν
2675 3346 3027 3418 καθορῶμεν;
3079 3346 3167 3401 Ἐν
3215 3347 3314 3418 τῷ,
3360 3347 3421 3401 τὸ
3483 3348 3591 3416 μὲν

2003 3439 2271 3502 ἀκτίστως
2300 3434 2458 3503 εἶναι,
2490 3439 2551 3492 τὸ
2585 3439 2641 3493 δὲ
2671 3439 2758 3494 διὰ
2797 3442 3026 3504 κτίσεως
3063 3439 3387 3507 ὑποστῆναι.
3435 3440 3501 3493 Ἠ
3528 3438 3591 3493 δὲ

2003 3531 2102 3603 τῆς
2123 3531 2379 3603 τοιαύτης
2403 3531 2659 3603 ἰδιότητος
2690 3532 2921 3603 διαφορὰ
2954 3531 3112 3586 πάλιν
3142 3531 3344 3602 ἑτέρων
3370 3531 3596 3602 ίδιωμά-

2003 3639 2110 3676 των
2138 3622 2463 3677 ἀκολουθίαν
2496 3622 2740 3694 εποίησε.
2788 3621 3233 3693 Συνομολογεῖται
3264 3622 3373 3692 γάρ
3406 3620 3594 3693 πάντη

2002 3730 2063 3766 τε
2106 3712 2200 3767 καὶ
2244 3714 2480 3779 πάντως,
2527 3713 2624 3785 τὴν
2668 3714 2765 3785 μὲν
2799 3713 3050 3767 ἄκτιστον
3086 3710 3248 3782 φύσιν
3292 3713 3388 3765 καὶ
3429 3712 3596 3785 ἀτρε-

2005 3822 2139 3859 πτον
2181 3800 2342 3868 εἶναι,
2376 3806 2471 3858 καὶ
2514 3806 2600 3858 ἀεὶ
2637 3805 2899 3869 ὡσαύτως
2935 3804 3101 3876 ἔχειν,
3134 3804 3233 3876 τὴν
3265 3804 3323 3860 δὲ
3360 3803 3591 3876 κτιστὴν

2003 3898 2263 3952 ἀδύνατον
2292 3897 2419 3951 ἄνευ
2448 3896 2785 3961 ἀλλοιώσεως
2817 3899 3097 3970 συστῆναι.
3134 3897 3280 3951 Αὐτὴ
3311 3898 3415 3970 γὰρ
3444 3898 3476 3967 ἡ
3519 3898 3587 3951 ὲκ

2003 3989 2094 4043 τοῦ
2135 3988 2210 4060 μὴ
2243 3988 2393 4053 ὄντος
2421 3991 2500 4054 είς
2532 3989 2591 4043 τὸ
2616 3986 2756 4044 εἶναι
2798 3991 3049 4063 πάροδος,
3082 3988 3294 4059 κίνησίς
3325 3990 3407 4053 τίς
3441 3992 3588 4054 ἐστι,

2003 4082 2097 4136 καὶ
2143 4082 2427 4146 ἀλλοίωσις
2465 4082 2560 4135 τοῦ
2616 4081 2690 4153 μὴ
2740 4082 2893 4146 ὄντος
2925 4085 3005 4146 είς
3037 4082 3097 4136 τὸ
3129 4079 3290 4148 εἶναι,
3332 4082 3475 4138 κατὰ
3520 4084 3588 4138 τὸ

320 4171 686 4241 conformata,
722 4173 1021 4230 discrimen
1052 4177 1296 4247 perSpici
1351 4178 1566 4247 possit?
1602 4179 1733 4234 illud
1769 4197 1818 4235 ν(

2091 4194 2144 4230 ον
2181 4175 2425 4246 βούλημα
2481 4175 2900 4246 μεθισταμένου.
2954 4177 3064 4229 Καὶ
3114 4175 3302 4245 ὥσπερ
3350 4175 3440 4228 τὸν
3488 4175 3589 4229 ἐπὶ

320 4264 375 4318 in
408 4278 474 4319 eo
504 4264 824 4335 perspicies,
858 4266 1004 4336 quod
1037 4265 1131 4321 Dei
1170 4276 1364 4323 natura
1385 4267 1896 4327 exsistitincreata:

322 4354 602 4410 hominum
636 4372 768 4412 vero
798 4373 892 4427 per
933 4359 1267 4414 creationem
1305 4368 1389 4414 est
1452 4367 1591 4414 orta.
1654 4360 1769 4416 Hoc
1804 4362 1903 4417 de-

322 4445 448 4500 inde
508 4445 805 4500 discrimen
862 4448 969 4502 alia
1027 4449 1275 4520 quaedam
1327 4464 1760 4522 consequuntur.
1801 4452 1900 4509 Est

320 4532 466 4587 enim
508 4531 665 4602 plane
690 4533 829 4603 apud
864 4549 1055 4592 omnes
1110 4536 1167 4592 in
1202 4537 1480 4603 confesso,
1530 4547 1780 4594 naturam
1815 4541 1898 4595 in-

319 4630 564 4679 creatam
614 4625 1033 4691 immutabilem,
1089 4626 1446 4697 eamdemque
1494 4644 1707 4700 semper
1742 4645 1904 4697 esse;

2012 4266 2095 4320 τοῦ
2153 4265 2354 4338 χαλκοῦ
2404 4266 2725 4337 χαρακτῆρα
2781 4265 3059 4337 Καίσαρος
3102 4267 3285 4319 είκόνα
3329 4264 3476 4332 λέγει
3524 4265 3591 4338 rb

2001 4359 2353 4428 Εὐαγγέλιον,
2402 4359 2470 4412 δι’
2517 4352 2578 4411 οὗ
2625 4355 2967 4428 μανθάνομεν
3009 4357 3149 4412 κατὰ
3202 4356 3301 4426 μὲν
3347 4356 3409 4410 τὸ
3455 4357 3591 4429 πρό-

2002 4468 2190 4523 σχημα
2238 4451 2337 4523 τὴν
2366 4450 2625 4522 ὁμοίωσιν
2662 4444 2802 4501 εἶναι
2835 4448 2929 4501 τοῦ
2968 4447 3402 4520 μεμορφωμένου
3444 4447 3588 4518 πρὸς

2001 4543 2277 4614 Καίσαρα,
2308 4544 2367 4594 ὲν
2394 4541 2450 4593 δὲ
2472 4540 2550 4611 τῷ
2575 4540 2918 4610 ὑποκειμένῳ
2955 4539 3052 4610 τὴν
3084 4540 3351 4611 διαφορὰν
3394 4539 3540 4610 ἔχειν
3568 4556 3583 4571 ο

1998 4636 2141 4690 οὕτω
2161 4633 2418 4688 καὶκατὰ
2465 4633 2550 4687 τὸν
2590 4632 2832 4703 παρόντα
2861 4632 3039 4700 λόγον,
3068 4631 3191 4685 ἀντὶ
3215 4632 3585 4703 χαρακτήρων

320 4723 604 4783 creatam,
658 4717 779 4773 sine
841 4727 1103 4789 perpetua
1158 4720 1543 4776 vicissitudine
1596 4723 1818 4778 COOSlSlt

2099 4723 2541 4794 ὲπιθεωρούμενα
2572 4725 2637 4794 τῇ
2668 4740 2727 4775 τε
2755 4722 2874 4794 θεία
2917 4722 3076 4793 φύσει
3122 4722 3217 4776 καὶ
3260 4725 3325 4792 τῇ
3370 4722 3587 4794 ἀνθρω-

324 4810 477 4865 nullo
506 4809 669 4866 modo
703 4825 883 4880 posse.
918 4810 1054 4866 Nam
1087 4813 1204 4883 ipse
1238 4814 1505 4870 transitus
1531 4829 1600 4870 ex
1629 4814 1801 4868 nihilo
1832 4814 1901 4869 ad

320 4915 527 4968 ortum,
556 4910 737 4959 motus
757 4903 979 4974 quidam
1011 4913 1115 4971 est,
1148 4914 1202 4962 et
1229 4907 1481 4973 mutatio,
1518 4923 1626 4979 qua
1673 4909 1725 4963 id
1753 4908 1901 4978 quod

322 5008 504 5047 rerum
541 4994 595 5048 in
633 5003 828 5049 natura
868 5012 978 5051 non
1015 5009 1164 5062 erat,
1198 4999 1264 5054 de
1300 5002 1568 5056 sententia
1596 5002 1895 5058 voluntatis

321 5085 521 5141 divinae
543 5088 810 5145 exsistere
844 5091 1054 5162 incipit.
1074 5095 1250 5165 Atque
1263 5093 1381 5150 utin
1395 5095 1688 5169 Evangelio
1701 5089 1892 5152 “nota

323 5178 376 5232 in
408 5194 516 5234 rere
544 5194 800 5251 expressa
819 5184 1051 5243 Caesaris
1075 5184 1253 5256 imago
1290 5185 1513 5253 dicitur,
1550 5188 1617 5243 de
1654 5203 1763 5259 quo
1808 5189 1895 5243 in-

324 5271 585 5342 telligitur
617 5275 919 5331 secundum
955 5289 1232 5333 emeritam
1262 5279 1497 5350 speciem
1537 5279 1709 5339 fuisse
1743 5281 1891 5337 illam

396 5445 442 5477 δ’
482 5445 647 5500 Marc.
704 5463 799 5514 xu,
852 5448 927 5503 15.

2001 4819 2130 4889 πίνῃ
2160 4816 2617 4886 κατανοήσαντες,
2641 4816 2699 4867 ἐν
2728 4810 2809 4874 οἷς
2852 4815 2885 4885 ἡ
2920 4814 3176 4884 ὁμοιότης
3215 4814 3381 4878 ἐστὶν,
3420 4813 3479 4867 ὲν
3503 4812 3585 4883 τῷ

2000 4910 2348 4982 ὑποκειμένῳ
2389 4908 2487 4979 τὴν
2507 4906 2769 4978 διαφορὰν
2818 4905 3228 4977 ὲξευρίσκομεν,
3261 4905 3382 4974 ἥτις
3424 4907 3484 4957 ὲν
3502 4905 3585 4976 τῷ

2001 5004 2241 5071 ἀκτίστῳ
2288 5001 2382 5054 καὶ
2414 4998 2492 5069 τῷ
2532 4997 2732 5068 κτιστῷ
2779 4997 3100 5069 καθορᾶται.
3154 4996 3369 5068 Ἐπειδὴ
3399 4995 3583 5050 τοίνυν

2001 5096 2063 5150 τὸ
2095 5095 2193 5166 μὲν
2221 5091 2481 5155 ὡσαύτως
2513 5090 2644 5161 ἔχει,
2676 5091 2768 5144 καὶ
2805 5090 2911 5155 ἀεὶ,
2942 5090 3004 5164 τὸ
3034 5090 3091 5144 δὲ
3122 5090 3207 5143 διὰ
3235 5089 3467 5153 κτίσεως
3494 5105 3583 5158 γε·

2002 5185 2304 5257 γενημένον
2352 5184 2445 5238 ἀπ’
2498 5178 2832 5242 ἀλλοιώσεως
2875 5178 2969 5233 τοῦ
3015 5175 3152 5232 εἷναι
3199 5176 3434 5248 ἤρξατο,
3486 5176 3584 5230 καὶ

2005 5276 2281 5345 συγγενῶς
2352 5274 2490 5346 πρὸς
2551 5273 2650 5343 τὴν
2690 5270 2967 5342 ’τοιαύτην
3020 5269 3131 5340 ἔχει
3186 5268 3428 5340 τροπήν*
3491 5266 3583 5324 διὰ
