3766 5988
283 125 378 182 187
1477 129 1536 184 S.
1566 129 1878 188 GllEGOlll]

2034 129 2216 186 SSENI
2428 144 2444 150 ‘
3413 125 3516 181 188

282 249 492 307 scetur,
547 256 671 298 cum
708 241 821 313 jam
883 243 1070 300 omnia
1106 253 1486 299 consummata
1538 258 1725 312 erunt,
1758 249 2006 305 interest.
2060 245 2280 317 Equali
2319 245 2464 302 enim
2519 245 2734 302 ratione
2789 241 3083 314 imaginem
3135 240 3226 297 Dei
3287 247 3526 311 uterque

285 343 480 403 gestat.
506 333 799 404 Propterea
859 338 1022 394 unius
1058 337 1298 393 hominis
1326 340 1545 396 nomine
1596 341 1713 411 ipsa
1757 343 1974 414 generis
2009 340 2338 395 universitas
2396 338 2790 408 comprehensa
2841 335 2976 402 fuit,
3012 333 3231 405 quando
3264 332 3527 404 potestati

287 425 484 481 divina:
512 429 646 482 nihil
689 439 772 484 est
808 430 890 484 vel
921 432 1270 500 praeteritum,
1305 432 1389 486 vel
1427 432 1690 489 futurum.
1724 435 1867 500 Quin
1921 443 1972 492 et
2020 450 2083 490 ea
2131 449 2252 503 qua:
2309 438 2688 501 expectantur,
2747 443 2857 483 non
2901 426 3060 482 aliter
3098 437 3261 496 atque
3315 425 3363 480 si
3409 425 3528 495 jam

290 521 575 589 praesentia
614 519 814 586 forent,
869 539 968 578 sua
1027 522 1082 576 in
1141 532 1434 592 potestate,
1497 541 1598 596 qua
1644 529 1899 582 universa
1951 523 2351 597 complectitur,
2397 523 2583 578 habet.
2633 523 2729 578 Est
2763 520 2932 591 igitur
2961 524 3075 572 tota
3119 523 3312 573 natura
3343 515 3528 592 homi-

293 631 422 669 num
470 631 500 668 ³
535 617 729 686 primis
775 619 841 672 ad
867 627 1143 677 θιιτθηιοε
1195 639 1390 693 usque.
1434 639 1540 678 una
1591 626 1888 696 eademque
1945 627 2056 682 veri
2107 627 2199 683 Dei
2233 628 2430 696 imago.
2467 623 2644 680 Sexus
2689 632 2868 679 autem
2923 620 3152 678 masculi
3196 614 3534 684 lemineique

293 707 587 852 pistorimen
634 709 690 764 in
752 711 971 767 homine
1021 713 1134 782 jam
1191 723 1378 770 creato
1406 716 1474 772 de
1500 732 1686 785 causa,
1723 726 1783 773 ut
1829 733 1930 790 ego
1985 718 2202 789 quidem
2236 718 2525 782 existimo,
2589 714 2904 786 bujusmodi
2965 711 3199 784 quadam
3253 707 3537 779 adjectum

321 815 369 852 Ill
402 839 415 851 .

321 808 415 854 uit.

859 937 1088 994 CAPUT
1131 938 1295 993 XVII.

2471 925 2864 984 ΚΕΦΑΛΑΙΟΝ
2905 927 3005 980 ΙΖ’.

297 1050 442 1118 Quid
467 1050 880 1118 respondendum
927 1051 1313 1117 dubitantibus,
1379 1050 1636 1120 quomodo
1694 1050 1861 1105 animi

371 1122 560 1174 orituri
579 1121 802 1187 fuissent
834 1121 881 1174 si
907 1121 1139 1175 homines
1186 1121 1269 1174 illi
1312 1121 1571 1189 principes
1609 1120 1759 1174 nulla
1809 1136 1865 1175 se

370 1191 570 1260 peccati
629 1190 744 1244 labe
791 1191 1144 1259 polluisseut:
1198 1190 1409 1260 quando
1462 1192 1694 1258 primum
1736 1199 1867 1260 Apost

370 1259 505 1330 hanc
537 1258 948 1330 inquinationem
975 1329 980 1330 γ
1004 1258 1219 1330 operam
1266 1262 1619 1330 procreationi
1665 1258 1865 1315 sobolis

374 1328 634 1383 hominem
669 1328 874 1384 dedisse
901 1328 1150 1384 videmus.

374 1417 532 1473 Prius
562 1434 690 1474 vero
716 1435 877 1488 quam
911 1419 964 1473 id
1020 1427 1443 1490 perscrutemur,
1479 1417 1622 1474 forte
1665 1417 1870 1472 rectius

308 1507 619 1570 fecerimus,
652 1509 696 1564 si
726 1508 1003 1578 quiddam,
1037 1510 1183 1580 quod
1217 1511 1284 1565 ab
1315 1509 1640 1564 adversariis
1678 1507 1872 1576 objici-

309 1605 419 1661 tur,
449 1599 800 1670 explicemus.
830 1600 995 1655 Aiunt
1020 1590 1185 1666 enim,
1218 1610 1342 1655 ante
1368 1607 1644 1671 peccatum
1669 1599 1870 1653 nullam

309 1705 487 1760 neque
513 1691 928 1760 procreationis,
973 1710 1148 1764 neque
1175 1694 1549 1764 parturiginis,
1580 1707 1643 1747 ac
1674 1708 1741 1746 ne
1773 1707 1872 1761 ap-

309 1783 512 1851 petitus
541 1784 762 1853 quidem
794 1785 850 1840 in
879 1785 1097 1842 homine
1117 1787 1182 1841 ad
1215 1784 1610 1856 procreandum
1641 1784 1874 1839 mentio-

309 1888 435 1928 nem
468 1872 602 1930 lieri.
634 1873 930 1946 Postquam
971 1886 1150 1932 autem
1186 1877 1432 1931 homines
1472 1875 1631 1946 primi
1661 1889 1877 1946 peccas-

311 1972 455 2030 sent,
485 1965 660 2036 deque
688 1967 941 2036 paradiso
963 1967 1122 2038 ejecti
1148 1976 1350 2034 essent,
1379 1982 1442 2021 ac
1475 1965 1687 2021 fetuinm
1715 1981 1875 2037 poena

310 2056 562 2111 dolorum
594 2057 648 2111 in
679 2066 838 2128 partu
872 2068 1018 2114 esset
1057 2059 1332 2128 imposita,
1397 2065 1511 2112 tum
1547 2059 1756 2114 scilicet
1811 2057 1877 2112 ad

314 2150 365 2204 id
389 2165 740 2241 pt'ogressum
768 2165 888 2205 esse
919 2151 1208 2214 Adamum,
1233 2159 1293 2204 ut
1321 2151 1716 2204 consuetudine
1747 2165 1879 2203 cou-

1968 1045 2031 1101 Tl
2053 1042 2169 1128 χρὴ
2193 1037 2752 1128 ελέγειγῗγπριόςῌτορς
2781 1034 3272 1128 ἐξαπορρῦέρτιξςὲ
3304 1034 3356 1087 εί
3379 1033 3537 1128 pera.

2049 1103 2918 1192 ἱῆνῖάμάρτιανῆβαιόοποιΐα,
2941 1103 3068 1170 πῶς
3079 1103 3156 1158 ἂν
3175 1103 3456 1173 ἐγένοντο
3468 1105 3537 1183 gl

2032 1179 2755 1307 ἓὶἀναμαρτητοι
2794 1175 3098 1246 διέμειναν
3136 1176 3192 1228 οἱ
3239 1173 3309 1239 ἐξ
3334 1173 3536 1242 ἀρχης

2079 1263 2353 1319 raptorem.

2036 1408 2252 1464 Μᾶλλον
2274 1405 2350 1466 δὲ,
2369 1403 2497 1475 πρὶν
2514 1401 2575 1455 τὸ
2596 1399 2950 1473 προκείμενον
2969 1397 3332 1469 διερευνῆσαι,
3361 1397 3548 1466 κρεῖτο

1968 1516 2060 1553 τον
2101 1499 2230 1560 ἴσως
2271 1494 2361 1548 τοῦ
2398 1491 2803 1566 προφερομένου
2853 1489 3008 1560 πα.ρά
3051 1489 3160 1542 τῶν
3210 1487 3544 1558 μαχομένων

1970 1592 2100 1661 ἡμῖν
2141 1586 2469 1657 ἐπιζητῆσαι
2514 1583 2612 1655 τὴν
2644 1583 2818 1636 λύσιν.
2867 1581 3101 1649 Λέγουσι
3133 1579 3243 1650 γὰρ
3285 1577 3390 1649 πρὸ
3440 1577 3544 1648 τῆς

1971 1680 2246 1752 ἁμαρτίας
2279 1678 2414 1748 μήτε
2446 1675 2604 1729 τόκον
2638 1674 2988 1746 ἱστορεῖσθαι,
3018 1671 3158 1742 μήτε
3183 1670 3366 1733 ὠδζνα,
3398 1669 3543 1740 μήτε

1971 1773 2070 1845 τὴν
2098 1772 2234 1845 πρὸς
2283 1768 2621 1823 παιδοποιῖαν
2661 1769 2834 1838 ὁρμήν
2859 1783 2873 1796 ο
2904 1763 3328 1820 ἀποικισθέντων
3359 1761 3415 1814 δὲ
3442 1756 3542 1814 τοῦ

1973 1863 2301 1934 παραδείσου
2330 1860 2467 1932 μετά
2490 1859 2588 1930 τὴν
2614 1857 2908 1930 ἁμαρτίαν,
2935 1857 3031 1910 καὶ⁴
3061 1857 3161 1926 τῆς
3188 1853 3447 1924 γυναικὸς
3473 1855 3545 1923 τῇ

1972 1955 2212 2028 τιμωρίᾳ
2246 1953 2354 2007 τῶν
2392 1951 2597 2005 ὠδίνων
2647 1948 3107 2020 κατακριθείσης,
3149 1945 3320 2009 οὕτως
3370 1943 3550 1998 ἐλθεῖν

1973 2049 2064 2102 τὸν
2112 2045 2282 2116 Ἀδὰμ
2306 2045 2385 2106 είς
2410 2042 2472 2096 τὸ
2492 2041 2692 2110 γνῶναι
2721 2039 2976 2111 γαμικῶς
3002 2039 3102 2110 τὴν
3130 2038 3417 2108 ὁμόζυγον,
3450 2034 3549 2089 καὶ

1974 2140 2098 2193 τότε
2144 2138 2242 2208 τῆς
2282 2135 2603 2196 παιδοποῖας
2642 2133 2742 2202 τὴν
2790 2130 2965 2203 ἀρχὴν
3012 2129 3287 2198 γενέσθαι.
3342 2127 3405 2180 El
3451 2120 3550 2180 οὗν

311 2217 458 2312 ἱιιέίἐ
497 2217 566 2294 ad
622 2243 1049 2311 procreationem
1107 2242 1185 2296 uti
1222 2242 1503 2311 inciperet.
1566 2241 1624 2296 Si
1691 2242 1874 2313 igitur,

2034 2231 2153 2301 ἱμος
2181 2230 2239 2282 ὲν
2263 2226 2341 2298 τῷ
2371 2224 2682 2297 παραδείσῳ
2713 2222 2814 2275 οὐκ
2839 2217 2928 2293 ἦν,
2964 2220 3084 2274 οὔτε
3113 2220 3260 2285 ὠδὶς,
3300 2217 3425 2271 οὔτε
3457 2217 3551 2270 τό-

315 2333 589 2414 inquiunt,
618 2349 793 2404 neque
821 2332 888 2387 ad
919 2333 1159 2407 nuptias,
1193 2347 1370 2402 neque
1420 2334 1874 2402 procreationem,

316 2440 491 2497 neque
520 2434 734 2497 partum
768 2426 824 2480 in
851 2426 1107 2496 paradiso
1133 2431 1456 2495 perventum
1491 2432 1596 2489 est,
1626 2438 1880 2478 necessa-

316 2515 460 2569 rium
491 2523 571 2571 est
605 2515 709 2570 hoc
739 2530 959 2585 quoque
983 2521 1269 2582 sequatur,
1301 2513 1606 2565 animorum
1643 2513 1884 2565 multitu-

317 2608 499 2663 dinem
529 2607 734 2660 nullam
787 2605 960 2660 fuisse
1018 2606 1290 2670 futuram,
1345 2605 1450 2659 nisi
1491 2604 1690 2658 donum
1751 2601 1882 2656 illud

319 2695 746 2752 immortalitatis
779 2696 834 2749 in
866 2695 1252 2750 mortalitatem
1286 2699 1679 2749 commutatum
1716 2701 1881 2758 esset,

319 2807 385 2845 ac
413 2806 511 2860 per
548 2788 866 2860 coniugium
899 2789 1134 2842 excitata
1165 2786 1456 2858 posteritas
1482 2799 1581 2856 pro
1607 2784 1888 2855 migranti-

320 2883 428 2938 bus
462 2883 530 2938 de
561 2883 666 2936 hac
691 2881 802 2936 vita
826 2881 1180 2936 substitueret
1231 2879 1388 2942 alios,
1439 2887 1494 2932 et
1518 2879 1620 2931 hac
1676 2877 1889 2932 ratione

324 2982 574 3029 naturam
624 2979 996 3028 conservaret.
1029 2971 1286 3040 Adeoque
1316 2977 1598 3040 peccatum
1651 2969 1887 3038 quodam

325 3065 488 3120 modo
522 3064 809 3118 hominum
835 3063 955 3117 vitae
980 3062 1142 3116 etiam
1177 3061 1319 3115 bono
1357 3074 1481 3114 esse
1507 3058 1676 3113 videri
1707 3071 1886 3128 posse.

325 3156 461 3211 Nam
496 3170 669 3227 genus
708 3154 1008 3208 humanum
1072 3165 1238 3221 supra
1295 3150 1528 3204 duorum
1580 3161 1889 3210 numerum,

325 3250 421 3320 qui
455 3248 617 3319 primi
645 3248 928 3312 exstitere,
955 3251 1177 3300 auctum
1205 3257 1314 3297 non
1346 3241 1538 3295 fuisset
1563 3258 1575 3293 :
1614 3238 1720 3294 nisi
1750 3253 1895 3291 mor-

1981 2341 2098 2387 κος,
2125 2320 2372 2389 ἀνάγκην
2407 2313 2546 2372 εἷναί
2574 2331 2736 2384 φασιν
2771 2315 2835 2366 ὲκ
2867 2312 2962 2364 τοῦ
3005 2310 3300 2366 ἀκολούθου
3333 2309 3554 2377 λογίζε-

1983 2414 2126 2476 σθαι,
2172 2410 2247 2481 μὴ
2274 2409 2340 2462 ἀν
2371 2409 2428 2460 ὲν
2457 2405 2651 2476 πλήθει
2677 2403 2932 2473 γενέσθαι
2971 2403 3068 2464 τὰς
3101 2401 3207 2455 τῶν
3247 2400 3555 2471 ἀνθρώπων

1981 2502 2177 2573 ψυχὰς,
2206 2501 2254 2552 εί
2286 2497 2360 2570 μὴ
2389 2495 2525 2568 πρὸς
2553 2495 2613 2548 τὸ
2645 2493 2836 2566 θνητὸν
2865 2496 2898 2562 ὴ
2935 2493 3035 2563 τῆς
3063 2490 3362 2552 ἀθανασίας
3393 2489 3557 2560 χάρις

1989 2595 2253 2666 μετέπεσε
2273 2630 2288 2655 ,
2316 2590 2408 2643 καὶ
2439 2591 2468 2642 ὁ
2505 2587 2680 2657 γάμος
2709 2584 2796 2639 διά
2831 2584 2938 2638 τῶν
2971 2584 3362 2653 ἐπιγινομένων
3397 2597 3558 2633 συνε-

1985 2687 2141 2757 τήρει
2160 2683 2258 2753 τὴν
2289 2680 2472 2751 φύσιν,
2499 2678 2620 2732 ἀντὶ
2645 2676 2753 2730 τῶν
2784 2675 3111 2738 ὑπεξιόντων
3142 2672 3267 2734 τοὺς
3291 2671 3349 2734 ἐξ
3374 2668 3558 2722 αὐτῶν

1987 2774 2342 2842 ἀντεισάγων,
2361 2771 2500 2824 ὥστε
2513 2767 2859 2836 λυσιτελῆσαι
2885 2763 3233 2837 τρόποντινά,
3255 2763 3352 2831 τὴν
3376 2762 3564 2832 ἀμαρ-

1987 2868 2108 2920 τίαν
2132 2862 2549 2919 ἐπεισελθοῦσαν
2579 2862 2645 2930 τῇ
2683 2857 2795 2927 ζωῇ
2824 2856 2931 2910 τῶν
2970 2853 3294 2926 ἀνθρώπων.
3330 2853 3564 2920 Ἔμεινε

1989 2959 2099 3031 γὰρ
2129 2958 2194 3014 ἀν
2231 2959 2288 3010 ὲν
2316 2958 2382 3026 τῇ
2413 2955 2521 3008 τῶν
2549 2951 2986 3025 πρωτοπλάστων
3013 2947 3163 3001 δυάδι
3195 2945 3256 2998 τὸ
3279 2943 3565 3014 ἀνθρώπι-

1991 3068 2078 3106 νον
2104 3049 2280 3118 γένος,
2314 3045 2388 3118 μὴ
2411 3044 2505 3098 τοῦ
2535 3043 2676 3097 κατά
2696 3042 2786 3095 τὸν
2816 3041 3057 3095 θάνατον.
3079 3035 3242 3106 φόϐου
3278 3033 3416 3101 πρὸς
3443 3032 3570 3085 δια-

1991 3139 2152 3211 δοχὴν
2201 3138 2298 3208 τὴν
2339 3137 2498 3206 φύσιν
2557 3135 3002 3204 ἀνακινήσαντος.
3063 3128 3212 3181 Ἀλλν
3236 3129 3293 3179 ὲν
3342 3124 3567 3188 τούτοις

1993 3230 2154 3285 πάλιν
2180 3229 2208 3282 ὁ
2242 3227 2348 3300 μὴν
2384 3225 2587 3296 ἀληθὴς
2617 3224 2793 3293 λόγος,
2824 3224 2970 3284 ὅστις
2999 3220 3128 3273 ποτὲ
3156 3218 3230 3271 ὢν
3264 3216 3526 3287 τυγχάνει
3546 3255 3566 3282 ,

329 3344 401 3398 tis
455 3347 635 3396 metus
689 3346 964 3402 naturam,
1030 3343 1091 3390 ut
1127 3335 1196 3390 de
1249 3332 1599 3390 successione
1637 3337 1878 3400 perpetu:

2034 3322 2179 3384 ,όνοις
2206 3320 2272 3374 ἂν
2299 3319 2385 3390 εἴη
2409 3318 2566 3389 δῆλος
2593 3318 2703 3378 τοῖς
2731 3314 2872 3368 κατὰ
2896 3312 3104 3367 Παῦλον
3136 3310 3207 3364 τὰ
3241 3308 3333 3362 τοῦ
3383 3319 3571 3377 παρα-

329 3436 628 3506 cogitaret,
685 3431 1066 3503 permovisset.
1127 3425 1392 3496 Equidem
1450 3423 1552 3478 hac
1623 3395 1784 3476 etiam
1839 3419 1878 3473 ir

2034 3411 2168 3465 είσου
2200 3408 2483 3480 μυηθεῖσιν
2508 3405 2816 3477 ἀπόρρητα.
2864 3403 2922 3455 Ὀ
2951 3402 3007 3454 δὲ
3037 3399 3300 3470 ἡμέτερος
3327 3395 3571 3458 τοιοῦτός

333 3485 486 3600 pnite
515 3485 711 3584 statui;
735 3524 1042 3588 veritatem,
1073 3531 1411 3590 qurecunque
1445 3514 1665 3568 tandem
1697 3512 1790 3578 sit,
1829 3511 1878 3565 ii:

2034 3516 2169 3556 στιν·
2197 3498 2608 3567 Ἀντιλεγόντων
2637 3496 2765 3548 ποτὲ
2783 3494 2891 3548 τῶν
2921 3490 3293 3546 Σαδδουκαίων
3320 3486 3397 3558 τῷ
3424 3485 3573 3539 κατὰ

2037 3595 2047 3600 -
2154 3594 2166 3600 -
2225 3593 2237 3600 .
2498 3597 2506 3600 -
2532 3588 2544 3600 ι
2782 3587 2795 3600 ι
2889 3584 2900 3600 ι
3066 3583 3085 3600 κ
3114 3581 3126 3596 ο
3218 3597 3309 3600 ,,-,,
3352 3577 3572 3600 1_.-l_.__-

335 3577 485 3600 ι---η
515 3577 695 3584 --η--ν
750 3577 794 3580 --
836 3577 869 3578 η
1029 3577 1041 3588 ,
1090 3577 1106 3590 .
1323 3577 1338 3588 .
1779 3577 1783 3578 ν

331 3619 466 3676 solis
510 3624 696 3672 notam
753 3623 805 3670 et
854 3619 1192 3684 perspectam
1237 3622 1391 3671 esse,
1433 3605 1528 3675 qui
1586 3619 1694 3658 non
1743 3602 1878 3656 alite}

2034 3595 2098 3666 ὴν
2143 3593 2436 3647 ἀνάστασιν
2490 3588 2665 3658 λόγῳ,
2711 3587 2806 3640 καὶ
2851 3584 2947 3655 τὴν
2995 3581 3310 3651 πολύγαμον
3349 3577 3573 3648 ἐκείνην

332 3718 496 3779 atque
527 3707 731 3762 Paulus
762 3703 1000 3775 paradisi
1033 3698 1309 3770 mysteriis
1340 3697 1535 3751 initiati
1582 3700 1730 3760 sunt,
1778 3707 1900 3763 quae

333 3799 643 3856 cnarrando
683 3795 765 3851 fas
801 3809 907 3850 non
939 3801 1022 3850 est
1047 3792 1374 3862 exprimere.
1395 3789 1591 3844 Nostra
1622 3802 1753 3842 sane
1786 3786 1900 3840 haec

335 3902 420 3950 est
454 3891 759 3962 responsio:
793 3889 932 3943 Cum
961 3885 1245 3941 Sadducazi
1268 3884 1531 3939 doctrinae
1556 3882 1624 3936 de
1656 3887 1902 3934 mortuo-

338 3999 461 4040 rum
496 3980 913 4040 resuscitatione
943 3979 1384 4037 adversarentur,
1433 3980 1487 4027 et
1519 3980 1703 4041 nupta:
1757 3969 1902 4022 illius

338 4091 464 4132 cum
528 4072 738 4134 multis,
794 4068 1040 4138 adeoque
1104 4075 1308 4136 septem
1359 4060 1622 4116 fratribus
1663 4057 1903 4111 mulieris

340 4163 671 4221 mentionem
698 4161 771 4216 ad
804 4157 1204 4215 conciliandam
1268 4152 1424 4207 (idem
1457 4148 1760 4218 disciplinae
1793 4160 1905 4200 suae

343 4257 604 4319 facerent,
634 4261 688 4308 et
715 4251 903 4323 ecquis
934 4250 1125 4303 horum
1153 4259 1272 4300 eam
1321 4258 1351 4295 a
1382 4237 1782 4296 resurrectione
1810 4236 1906 4289 ha-

342 4347 560 4402 biturus
589 4353 733 4400 esset
772 4344 1100 4413 quaererent.
1139 4336 1212 4390 ita
1268 4329 1562 4401 respondet
1623 4324 1902 4388 Dominus,

344 4451 405 4498 ut
436 4447 491 4495 et
516 4438 638 4492 illos
671 4435 919 4501 castiget,
950 4445 1014 4485 ac
1049 4429 1194 4488 vitae,
1224 4436 1390 4493 quam
1426 4420 1480 4473 in
1507 4415 1909 4473 resurrectione

343 4533 674 4602 apiscemur,
705 4523 1025 4594 mysterium
1054 4515 1366 4573 hominibus
1403 4511 1661 4579 deinceps
1696 4507 1909 4562 univer-

346 4625 424 4680 sis
473 4621 747 4690 explanet.
793 4634 810 4668 ι
852 4615 913 4668 ln
965 4607 1386 4671 resurrectione,
1423 4622 1441 4656 ι
1509 4603 1604 4665 ait,
1666 4619 1684 4651 (
1734 4614 1911 4668 neque

346 4689 566 4783 nuptias
581 4706 927 4768 contrahent,
945 4716 1121 4772 neque
1137 4699 1202 4753 ad
1226 4703 1457 4766 nuptum
1479 4691 1761 4746 tradentur
1780 4689 1858 4743 °°:
1887 4707 1905 4738 ι

345 4781 547 4876 quippe
581 4815 704 4856 cum
730 4797 964 4867 amplius
995 4794 1134 4850 mori
1159 4794 1452 4859 nequeant.
1488 4783 1627 4838 Sunt
1652 4781 1794 4837 enim
1826 4795 1915 4850 pa-

1999 3688 2247 3752 γυναῖκα,
2275 3684 2373 3754 τὴν
2399 3684 2510 3743 τοῖς
2543 3679 2680 3731 ἑπτὰ
2717 3675 3014 3746 γενομένην
3045 3673 3315 3741 ἀδελφοῖς,
3356 3672 3436 3734 είς
3467 3667 3563 3722 σύν

2003 3792 2191 3829 στασιν
2212 3773 2304 3827 τοῦ
2334 3770 2452 3825 καθ’
2479 3771 2705 3831 ἑαυτοὺς
2729 3768 2995 3836 δόγματος
3023 3762 3432 3835 προφερόντων,
3449 3754 3576 3814 εἶτα.

1997 3867 2144 3928 τίνος
2179 3863 2318 3934 μετά
2345 3861 2442 3932 τὴν
2469 3861 2764 3915 ἀνάστασιν
2788 3857 2938 3911 ἔσται
2970 3852 3408 3922 πυνθανομένων,
3434 3851 3576 3903 ἀπο-

2002 3956 2247 4025 κρίνεται
2301 3953 2437 4022 πρὸς
2479 3953 2569 4004 τὸν
2601 3951 2757 4018 λόγον
2801 3950 2830 4000 ὁ
2872 3946 3105 4019 Κύριος,
3135 3944 3194 3998 οὺ
3233 3944 3392 4014 μόνον
3444 3942 3577 4005 τοὺς

2003 4045 2393 4107 Σαδδουκαίους
2432 4041 2718 4106 παιδεύων,
2770 4038 2906 4092 ἀλλά
2945 4038 3041 4091 καὶ
3085 4037 3222 4089 πᾶσι
3269 4036 3382 4097 τοῖς
3433 4031 3578 4102 μετά

2002 4137 2175 4191 ταῦτα
2201 4137 2301 4203 τῆς
2329 4137 2386 4188 ὲν
2414 4137 2480 4206 τῇ
2511 4134 2801 4186 ἀναστάσει
2829 4131 2972 4199 ζωῆς
3000 4126 3249 4199 φανερῶν
3278 4127 3338 4178 τὸ
3370 4125 3582 4196 μυστή-

2007 4247 2140 4301 ριον.
2175 4245 2194 4277 t
2217 4228 2306 4282 ’Ev
2327 4225 2436 4298 γὰρ
2453 4229 2518 4298 τῇ
2551 4225 2864 4288 ἀναστάσει,
2907 4221 3092 4291 φησὶν,
3125 4218 3250 4272 οὔτε
3281 4217 3578 4286 γαμοῦσιν,

2006 4320 2127 4373 οὔτε
2160 4316 2726 4389 γαμίσκονται·ιοῦτε
2785 4314 2894 4384 γὰρ
2933 4311 3225 4365 ἀποθανεῖν
3271 4309 3349 4362 ἔτι
3386 4307 3588 4361 δύναν-

2006 4429 2131 4466 ται·
2187 4408 2466 4478 ἰσάγγελοι
2509 4406 2618 4478 γάρ
2669 4408 2797 4468 είσι,
2832 4403 2927 4458 καὶ
2973 4403 3077 4456 υἱοὶ
3115 4400 3251 4455 Θεοῦ
3307 4400 3451 4462 είσι,
3478 4400 3588 4468 τῆς

2008 4500 2353 4562 ἀναστάσεως
2376 4499 2483 4551 υἱοὶ
2513 4497 2684 4560 ὄντες.
2731 4495 2795 4548 Ἦ
2826 4494 2881 4546 δὲ
2913 4493 3011 4564 τῆς
3043 4491 3393 4552 ἀναστάσεως
3418 4489 3586 4560 χάρις

2010 4589 2161 4642 οὐδὲν
2181 4589 2367 4657 ἕτερον
2391 4588 2521 4656 ἡμῖν
2547 4583 2963 4653 ἐπαγγέλλεται,
2984 4581 3017 4652 ἢ
3047 4581 3144 4651 τὴν
3166 4581 3246 4643 είς
3272 4579 3332 4631 τὸ
3354 4580 3590 4648 ἀρχαῖον

2009 4679 2116 4734 τῶν
2145 4677 2509 4731 πεπτωκότων
2533 4674 2994 4728 ἀποκατάστασιν.
3040 4670 3328 4732 Ἐπάνοδος
3352 4671 3462 4738 γάρ
3496 4668 3591 4732 τίς

2011 4771 2156 4823 ἐστιν
2185 4770 2276 4821 ἐπὶ
2297 4768 2396 4840 τὴν
2429 4765 2651 4838 πρώτην
2691 4765 2836 4836 ζωὴν
2864 4766 2898 4834 ἡ
2931 4761 3356 4834 προσδοκωμένη
3383 4759 3546 4829 χάρις
3568 4800 3591 4824 9

349 4848 708 4962 ιῖεεγέιιεθιίδ,
736 4896 790 4944 et
822 4848 918 4942 δεῖ
949 4885 1066 4951 lilii,
1115 4883 1205 4938 ubi
1229 4848 1341 4949 jam
1394 4848 1878 4931 resurrexerintdA

2034 4865 2104 4918 ςδν
2149 4859 2524 4930 ἀποϐληθέντα
2573 4857 2668 4912 τοῦ
2716 4855 3044 4928 παραδείσου
3088 4852 3250 4906 πάλιν
3293 4853 3382 4913 είς
3420 4848 3595 4902 αὐτὸν

2174 4954 2185 4962 .
2421 4953 2482 4962 ...
2585 4950 2598 4962 .
2728 4950 2741 4962 .
2829 4947 2854 4959 ..
2936 4947 2948 4962 .
3108 4943 3133 4962 ι.
3475 4937 3590 4962 ν-,.ι.

345 4999 479 5042 vero
512 4937 934 5037 resurrectionis
983 4975 1187 5030 donum
1222 4969 1358 5024 nihil
1387 4965 1533 5020 aliud
1563 4963 1722 5018 nobis
1759 4961 1878 5030 polli

2034 4954 2387 5023 επανάγουσα.
2421 4953 2486 5005 Εἰ
2516 4950 2694 5004 τοίνυν
2719 4950 2752 5020 ή
2786 4947 2896 4999 τῶν
2925 4941 3447 5012 ἀποκαθισταμένων
3471 4937 3594 5011 ζωὴ

345 5086 522 5141 cetur,
550 5087 714 5145 quam
741 5071 1019 5141 lapsorum
1059 5067 1114 5121 in
1168 5063 1440 5131 integrum
1485 5053 1878 5112 restitutionem

2034 5047 2156 5118 πρὸς
2189 5045 2286 5115 τὴν
2312 5043 2421 5096 τῶν
2462 5041 2707 5110 ἀγγέλων
2740 5038 2954 5102 οἰκείως
2978 5036 3090 5108 ἔχει
3109 5077 3124 5100 ,
3157 5032 3399 5106 δηλονότι
3427 5032 3599 5102 ὀ-πρὸ

347 5167 484 5222 Nam
512 5123 585 5223 οε.
608 5123 821 5235 gratia,r
835 5174 996 5231 quam
1027 5163 1433 5225 exspectamus,
1463 5147 1670 5202 reditus
1699 5142 1802 5196 erit
1847 5155 1875 5192 a

2034 5140 2118 5209 τῆς
2147 5137 2509 5208 παραϐάσεως
2555 5133 2667 5205 βίος
2715 5130 3005 5201 ἀγγελικός
3035 5146 3118 5193 τις
3148 5123 3248 5199 ἦν’
3291 5124 3374 5178 διδ
3419 5125 3515 5178 καὶ
3555 5125 3597 5194 ἡ

348 5259 515 5314 vitam
545 5215 797 5327 primam,
836 5215 944 5324 qua
1000 5215 1165 5304 homo
1193 5247 1260 5300 de
1307 5241 1562 5312 paradiso
1599 5236 1808 5306 ejectus
1859 5232 1872 5284 i

2034 5229 2158 5300 πρὸς
2185 5227 2244 5279 τὸ
2265 5228 2488 5298 ἀρχαῖον
2517 5225 2615 5295 τῆς
2645 5221 2789 5294 ζωῆς
2812 5220 2968 5294 ἡμῶν
2994 5218 3251 5280 ἐπάνοδος
3279 5217 3394 5279 τοῖς
3420 5215 3595 5283 ἀγγέ-

346 5307 601 5404 eumdem
627 5307 939 5399 reducetur.
967 5336 1332 5407 Quamobrem
1396 5334 1443 5388 si
1476 5331 1584 5386 vita
1630 5328 1878 5386 restituto

2034 5329 2133 5386 lat;
2179 5318 2477 5391 ὡμοίωται.
2537 5313 2698 5369 Ἀλλά
2730 5312 2856 5386 μὴν,
2902 5309 3084 5375 καθὼς
3126 5308 3376 5376 εἴρηται,
3408 5307 3601 5378 γάμου

421 5530 466 5560 ⁶⁰
509 5526 698 5598 Matth.
747 5538 877 5591 xin,
921 5521 1018 5591 50;
1072 5519 1237 5576 \larc.
1272 5533 1370 5584 ιιι,
1400 5513 1505 5583 23;
1531 5511 1663 5567 Luc.
1696 5525 1748 5575 ιι,
1783 5503 1875 5561 35.
