3794 6000
190 122 297 178 189

1463 129 1552 186 DE
1589 129 1874 187 llOMlNlS
1910 130 2222 189 OPIFICIO.

3354 128 3456 186 190

186 238 324 309 παρ’
347 237 533 302 αὐτοῖς
558 236 660 292 ούκ
688 237 866 305 ὄντος,
893 241 952 294 ὲν
978 242 1238 316 μυριάσιν
1261 245 1510 318 ἀπείροις
1532 248 1591 300 αἱ
1613 263 1766 320 στρα-

1879 263 1998 303 rum
2027 249 2076 304 ei
2101 249 2297 305 similis
2330 246 2457 316 erit,
2497 263 2604 318 qua
2639 247 2896 303 fruuntur
2938 247 3158 320 angeli:
3192 247 3451 303 nimirum

186 329 304 383 τιαὶ
335 328 446 380 τῶν
468 327 723 397 ἀγγέλων
751 331 890 384 εἰσίν
916 349 929 362 ·
961 332 1104 388 οὕτω
1124 336 1232 407 γὰρ
1253 338 1312 390 ὲν
1342 340 1460 401 ταῖς
1489 337 1777 402 ύπτασίαις

187 423 218 473 6
250 420 454 490 Δανιὴλ
479 420 800 492 διηγήσατο.
837 423 1047 479 Οὐκοῦν
1082 428 1223 482 κατά
1250 428 1340 481 τὸν
1366 429 1526 482 αὐτὸν
1549 429 1775 500 τρόπον,

187 511 350 580 εῐπρ
375 511 622 582 μηδεμία
659 518 984 586 παρατροπή
1016 534 1074 570 τε
1116 520 1211 572 καὶ
1235 518 1492 584 ἔκστασις
1524 520 1633 574 ἀπὸ
1674 521 1777 592 τῆς

187 599 494 670 ἀγγελικῆς
526 603 817 672 όμοτιμίας
845 603 904 668 ἐξ
935 605 1206 676 ἁμαρτίας
1238 609 1369 679 ἡμῖν
1403 609 1644 678 ἐγένετο,
1675 609 1776 661 οὐκ

187 689 254 742 ἀν
275 691 402 744 οὐδὲ
439 693 603 762 ἡμεῖς
631 693 727 744 τοῦ
760 695 940 765 γάμου
973 697 1108 766 πρὸς
1135 699 1228 752 τὸν
1263 699 1581 770 πληθυσμδν
1616 700 1775 770 ἐδεή-

189 783 384 853 θημεν.
445 784 586 836 Ἀλλ’
614 786 762 848 ὅστις
797 787 944 841 ἐστὶν
993 790 1052 841 ὲν
1079 791 1144 860 τῇ
1181 789 1339 858 φύσει
1378 790 1487 844 τῶν
1518 791 1769 860 ἀγγέλων

185 874 283 929 τοῦ
318 875 672 945 πλεονασμοῦ
697 877 917 948 τρόπος,
952 879 1193 950 ἄρῤητος
1223 881 1320 950 μὲν
1359 882 1452 935 καὶ
1485 882 1775 952 ἀνεπινόηο

187 980 276 1027 τος
292 969 627 1035 ποχασμοῖς
643 966 1027 1038 ἀνθρωπίνοις,
1049 970 1188 1042 πλὴν
1210 971 1344 1026 ἀλλά
1367 972 1585 1036 πάντως
1601 971 1770 1025 ἐστίν’

195 1051 353 1120 οὗτος
382 1056 453 1110 ἂν
487 1058 582 1110 καὶ
616 1058 708 1111 ἐπὶ
733 1059 842 1112 τῶν
867 1058 1040 1131 βραχύ
1074 1080 1127 1115 τι
1152 1065 1284 1135 παρ’
1312 1063 1576 1132 ἀγγέλους
1609 1062 1774 1133 ἠλατ-

188 1148 457 1218 τωμένων
484 1149 787 1219 ἀνθρώπων
814 1153 1136 1224 ἐνήργησεν,
1161 1157 1242 1219 είς
1268 1155 1328 1209 τὸ
1348 1155 1648 1225 ὡρισμένον
1670 1153 1774 1208 ὑπὸ

189 1238 285 1306 τῆς
326 1237 531 1308 βουλῆς
571 1239 667 1292 τοῦ
698 1242 1061 1313 πεποιηκότος
1102 1243 1300 1315 μέτρον
1345 1245 1406 1297 τὸ
1435 1244 1772 1314 ἀνθρώπινον

191 1327 388 1392 αὔξων.
435 1329 500 1380 Εἰ
531 1328 588 1381 δὲ
635 1332 1046 1401 στενοχωρεῖταί
1092 1351 1175 1397 τις
1220 1333 1493 1404 ἐπιζητῶν
1537 1333 1628 1386 τὸν
1672 1334 1773 1404 τῆς

195 1418 463 1484 γενέσεως
499 1419 610 1471 τῶν
648 1421 948 1488 ἀνθρώπων
976 1425 1193 1494 τρόπον,
1233 1425 1282 1478 εἰ
1328 1423 1402 1495 μὴ
1439 1423 1771 1495 προσεδεήθη

191 1505 284 1574 τῆς
303 1505 393 1558 διὰ
424 1507 520 1559 τοῦ
549 1509 728 1579 γάμου
763 1512 1050 1582 συνεργίας
1075 1516 1103 1566 6
1129 1513 1432 1585 ἄνθρωπος,
1464 1514 1770 1584 ἀντερωτή-

1878 345 1933 392 et
1959 337 2201 393 hominis
2235 344 2363 392 ante
2414 337 2622 406 lapsum
2652 337 2762 391 vita
2794 338 3109 408 angelorum
3174 337 3280 392 fuit
3330 339 3456 394 vita:

1877 435 2267 493 consentanea,
2307 443 2537 499 eamque
2568 429 2712 485 haud
2753 431 2918 486 dubie
2947 430 3016 485 ob
3056 445 3280 486 causam
3332 432 3456 487 vitae

1877 525 2082 572 nostra:
2111 519 2166 572 in
2203 519 2475 588 integrum
2509 520 2782 575 restitutio
2810 521 3220 592 comparatione
3256 520 3321 574 ad
3352 536 3452 575 an-

1876 609 2025 678 gelos
2060 608 2204 662 facta
2244 608 2574 664 declaratur.
2618 611 2908 666 Enimvero
2959 627 3273 682 quanquam
3307 612 3452 666 inter

1876 701 2098 770 angelos
2131 700 2277 753 nulla
2312 701 2385 755 sit
2437 703 2789 771 propagatio,
2847 701 3308 772 quemadmodum
3366 710 3452 757 est

1877 791 2201 856 indicatum,
2247 800 2427 846 tamen
2477 808 2666 847 eorum
2708 793 2879 863 copiae
2930 809 3161 848 numero
3198 794 3447 862 quaedam

1875 879 2100 935 inﬁnita:
2137 890 2286 936 sunt.
2317 881 2406 936 Sic
2444 883 2588 937 enim
2615 885 2729 938 suis
2763 885 2870 939 illis
2893 900 2947 938 in
2989 885 3126 939 visis
3185 883 3443 940 Danielus

1874 980 2286 1026 commemorat.
2313 973 2519 1028 Idcirco
2544 973 2588 1028 si
2624 984 2845 1046 propter
2881 986 3161 1045 peccatum
3191 977 3257 1030 de
3297 984 3442 1032 statu

1872 1071 1928 1119 et
1958 1062 2296 1130 conditione,
2328 1078 2436 1135 qua
2462 1079 2621 1135 pares
2649 1065 2858 1136 angelis
2879 1080 3119 1129 eramus,
3157 1080 3266 1119 non
3297 1067 3446 1122 exci-

1874 1151 2172 1219 dissemus,
2206 1169 2276 1210 ne
2305 1155 2465 1211 nobis
2517 1155 2739 1225 quidem
2789 1155 3048 1226 coniugio
3100 1155 3168 1209 ad
3229 1156 3448 1225 generis

1871 1245 2048 1301 nostri
2076 1246 2550 1316 ampliﬁcationem
2581 1263 2719 1315 opus
2754 1247 2969 1304 fuisset.
3010 1246 3144 1301 Nam
3188 1263 3450 1318 quaecun-

1872 1353 1979 1408 que
2005 1336 2223 1391 tandem
2249 1339 2572 1394 incrementi
2599 1340 2842 1410 angelica
2863 1340 2918 1394 in
2943 1348 3136 1394 natura
3157 1339 3259 1395 fuit
3285 1341 3447 1406 ratio,

1872 1441 2035 1496 quam
2064 1425 2300 1481 dicendo
2323 1441 2618 1498 exponere,
2663 1428 2746 1482 vel
2803 1428 3095 1499 cogitando
3144 1429 3450 1500 intelligere

1874 1533 1971 1588 per
1995 1517 2261 1587 quasdam
2311 1519 2658 1587 conjecturas
2710 1517 2981 1576 humanas
3036 1535 3146 1574 non
3200 1518 3285 1574 fas
3341 1526 3447 1580 est,

193 1611 355 1666 σομεν
389 1600 488 1650 καὶ
517 1601 679 1667 ἡμεῖς
707 1600 800 1654 τὸν
824 1601 921 1670 τῆς
945 1602 1242 1674 ἀγγελικῆς
1265 1601 1614 1664 ὑποστάσεως
1639 1601 1766 1673 τρό-

1879 1609 1980 1664 nisi
2015 1607 2160 1678 quod
2200 1609 2427 1664 omnino
2483 1610 2719 1680 aliquam
2756 1609 2928 1666 fuisse
2975 1612 3288 1665 necessario
3337 1617 3450 1666 sta-

190 1701 307 1750 rem,
339 1687 463 1750 πῶς
499 1689 558 1741 ὲν
585 1689 835 1760 ἀπείροις
870 1693 1127 1762 μυριάσιν
1161 1693 1379 1755 ἐκεῖνοι,
1417 1691 1510 1744 καὶ
1542 1689 1639 1761 μία
1673 1691 1758 1744 ού-

191 1772 278 1826 σία
303 1776 469 1841 ⁸ὅντες
488 1815 504 1840 ,
541 1776 634 1828 καὶ
665 1779 723 1830 ὲν
749 1777 962 1842 πολλοῖς
993 1781 1406 1853 ἀριθμούμενοι.

1876 1701 2134 1756 tuendum
2161 1709 2283 1756 est:
2311 1701 2500 1757 eadem
2537 1703 2704 1772 igitur
2736 1702 2879 1756 ratio
2906 1702 2960 1756 in
2991 1702 3232 1756 humano
3283 1701 3446 1756 etiam

1872 1805 2091 1860 genere,
2123 1791 2268 1861 quod
2293 1807 2461 1863 prepe
2513 1793 2583 1848 ab
2617 1793 2826 1863 angelis
2861 1793 3033 1855 abest,
3097 1792 3449 1862 propagando

191 1861 485 1925 valuisset,
539 1864 715 1919 donec
773 1867 840 1920 ad
888 1884 1176 1925 numerum
1237 1875 1472 1931 consilio
1520 1876 1797 1934 Creatoris
1851 1879 2135 1934 deﬁnitum
2191 1861 2509 1951 perventum
2536 1861 2713 1938 esset.
2737 1882 2892 1947 Quod
2956 1883 3001 1937 si
3032 1861 3328 1950 cuiusihie
3387 1880 3442 1934 in

191 1961 482 2023 angustum
513 1956 783 2026 redigitur
809 1958 1182 2030 intelligentia,
1218 1973 1278 2017 ut
1313 1981 1381 2020 ex
1427 1968 1586 2024 nobis
1619 1969 1762 2024 scire
1790 1970 1940 2035 velit,
1973 1985 2148 2041 ecquo
2199 1971 2417 2026 tandem
2459 1972 2621 2027 modo
2662 1972 2911 2028 homines
2941 1972 3136 2027 orituri
3179 1972 3429 2030 fuissent,

191 2041 237 2095 si
261 2045 511 2115 conjugii
557 2048 874 2116 adjumento
908 2067 1016 2106 non
1049 2055 1366 2124 eguissent:
1398 2075 1523 2114 eum
1550 2061 1786 2116 vicissim
1826 2063 2164 2132 rogabimus,
2205 2063 2481 2132 quomodo
2527 2065 2706 2134 angeli
2747 2065 2860 2119 sint
2901 2065 3031 2130 orti,
3064 2081 3242 2136 quove
3290 2074 3449 2134 pacto

190 2151 306 2191 eum
358 2139 430 2191 ad
469 2139 683 2194 inﬁnita
712 2156 880 2213 prepe
915 2145 1084 2200 millia
1114 2147 1224 2202 sint
1281 2148 1497 2214 ditl'usi,
1530 2160 1583 2206 et
1618 2167 1724 2206 una
1761 2163 1956 2208 natura
1994 2161 2048 2208 et
2083 2153 2238 2208 multi
2265 2169 2388 2210 esse
2418 2169 2647 2210 numero
2665 2156 2897 2225 possint.

222 2321 395 2376 Τοῦτο
409 2322 523 2393 γάρ
534 2313 859 2396 προσςῖόρως
877 2326 1315 2399 ἀποκρινούμεθα
1330 2331 1407 2402 τῷ
1425 2336 1774 2407 προφέροντι,

192 2413 310 2480 Πῶς
324 2414 394 2467 ἂν
407 2411 478 2488 ἦν
487 2415 613 2488 δίχα
624 2416 719 2471 τοῦ
734 2416 912 2489 γάμου
927 2418 955 2470 6
968 2415 1248 2489 ἄνθρωπος
1265 2439 1281 2488 ;
1306 2423 1568 2490 εἰπόντες,
1586 2428 1666 2480 ὅτι
1682 2445 1776 2481 κα-

190 2504 290 2567 θώς
314 2507 420 2558 εἰσι
442 2507 627 2575 γάμου
639 2506 807 2577 χωρὶς
822 2506 873 2562 οἱ
887 2505 1105 2579 ἄγγελοι
1121 2527 1134 2540 ·
1157 2512 1218 2564 τὸ
1232 2512 1337 2584 γὰρ
1351 2515 1533 2586 ὅμοιον
1545 2518 1773 2584 ἐκείνοις

188 2595 273 2649 τὸν
299 2595 594 2668 ἄνθρωπον
619 2593 760 2653 εῖναι
790 2602 924 2673 πρὸς
953 2604 1050 2674 τῆς
1075 2604 1463 2678 παραϐάσεως,
1492 2608 1764 2666 δείκνυσιν

187 2691 216 2756 ἡ
241 2691 320 2753 εἰς
345 2693 530 2744 ἐκεῖνο
560 2691 724 2747 πάλιν
754 2693 1216 2761 ἀποκατάστασις.
1255 2699 1472 2754 Τούτων
1511 2697 1604 2756 οὖν
1635 2705 1766 2774 ἡμῖν

187 2778 324 2832 οὕτω
360 2780 877 2852 διευκρινηθέντων,
912 2785 1194 2841 ἐπανιτέον
1236 2789 1328 2843 ἐπὶ
1364 2791 1457 2845 τὸν
1503 2793 1766 2865 πρότερον

187 2869 338 2937 λόγον
363 2887 378 2900 ο
419 2870 544 2933 πῶς
582 2871 723 2941 μετά
755 2873 852 2942 τὴν
885 2875 1228 2948 κατασκευὴν
1274 2879 1376 2952 τῆς
1406 2881 1634 2944 εἰκόνος,
1669 2880 1768 2952 τὴν

1948 2331 2064 2391 Hoc
2089 2335 2233 2392 enim
2262 2335 2543 2406 aptissime
2588 2335 3040 2406 respondebimus
3089 2336 3324 2406 roganti,
3356 2337 3452 2406 qui

1876 2439 1996 2480 esse
2027 2425 2189 2479 homo
2218 2425 2338 2480 sine
2370 2423 2627 2496 conjugio
2674 2426 2944 2495 potuisset
2973 2442 2988 2480 :
3026 2427 3071 2480 si
3121 2425 3368 2481 dicamus
3395 2427 3450 2480 in

1875 2515 2033 2570 nobis
2068 2516 2169 2570 hoe
2205 2515 2318 2570 ﬁeri
2350 2517 2573 2585 perinde
2603 2517 2864 2587 potuisse,
2889 2524 3068 2586 .atque
3127 2515 3180 2569 in
3218 2517 3449 2586 angelis,

1874 2607 2048 2678 quiet
2083 2607 2188 2679 ipsi
2238 2607 2494 2678 coniugio
2542 2622 2650 2662 non
2704 2616 2951 2663 utuntur.
3004 2607 3226 2677 Angelis
3268 2615 3448 2662 autem

1873 2709 2293 2758 consentaneam
2320 2700 2553 2755 hominis
2575 2707 2826 2754 naturam
2861 2707 2989 2754 ante
3012 2700 3226 2768 lapsum
3254 2696 3446 2763 fuisse,

1873 2791 1941 2847 de
1967 2792 2068 2844 hoc
2099 2797 2266 2860 patet,
2301 2789 2445 2859 quod
2477 2800 2530 2843 et
2557 2790 2610 2843 in
2646 2790 2916 2861 integrum
2953 2789 3226 2852 restituta,
3257 2788 3446 2844 consi-

1876 2880 2024 2935 milis
2055 2880 2257 2935 eisdem
2292 2879 2417 2933 erit.
2446 2877 2542 2934 His
2567 2878 2635 2934 ad
2663 2880 2807 2933 hunc
2835 2878 3052 2932 modum
3079 2876 3446 2948 investigatis,

185 2965 323 3018 λατά
350 2965 414 3018 τὸ
453 2965 627 3038 ἄρρεν
657 2968 750 3020 καὶ
774 2967 907 3040 θῆλυ
929 2969 1193 3042 διαφορὰν
1222 2971 1250 3024 6
1271 2969 1402 3035 Θεὸς
1420 2971 1766 3044 ἐπιτεχνᾶται

1879 2970 1944 3024 ad
2000 2969 2053 3025 id
2087 2967 2231 3033 unde
2297 2967 2530 3038 digressi
2580 2983 2793 3030 sumus,
2847 2979 3222 3022 revertamur:
3260 2981 3452 3036 quam-

185 3055 260 3125 τῷ
289 3055 602 3124 πλάσματι.
650 3057 792 3128 Πρὸς
828 3056 982 3112 τοῦτο
1007 3057 1118 3130 γάρ
1159 3076 1301 3130 φημι
1321 3061 1591 3131 χρήσιμον
1630 3055 1770 3114 εἶναι

185 3147 243 3199 τὸ
273 3147 748 3219 προδιηνυσμένον
773 3149 902 3218 ἡμῖν
933 3146 1216 3219 θεώρημα.
1264 3150 1322 3203 '0
1347 3149 1457 3222 γὰρ
1489 3149 1557 3204 τὰ
1592 3151 1772 3204 πάντα

185 3237 533 3308 παραγαγὼν
564 3240 645 3302 εἰς
675 3238 736 3292 τὸ
769 3234 911 3294 εἶναι
936 3281 952 3306 ,
984 3241 1078 3294 καὶ
1119 3241 1238 3294 ὅλον
1265 3242 1322 3294 ὲν
1350 3241 1428 3312 τῷ
1461 3243 1576 3314 ἰδίῳ
1609 3243 1770 3314 θελή-

192 3345 320 3397 part
349 3330 448 3383 τὸν
479 3329 766 3402 ἄνθρωπον
797 3333 932 3404 πρὸς
951 3333 1050 3404 τὴν
1082 3333 1234 3386 Θείαν
1260 3333 1444 3388 εἰκόνα
1464 3334 1774 3405 διαμορφὼ-

190 3437 305 3484 σας,
337 3421 404 3474 ού
437 3424 560 3485 ταῖς
587 3423 707 3476 κατ’
730 3422 907 3492 ὀλίγον
931 3423 1268 3496 προσθήκαις
1300 3425 1409 3479 τῶν
1441 3425 1770 3496 ἐπιγινομέ-

189 3531 290 3565 νων
306 3513 600 3582 ἀνέμεινεν
625 3513 752 3567 ἰδεῖν
774 3513 866 3566 ἐπὶ
891 3515 951 3568 τὸ
973 3514 1103 3568 ἴδιον
1127 3514 1232 3585 πλή
1242 3532 1401 3586 ρωμα
1422 3515 1515 3568 τὸν
1539 3515 1772 3587 ἀριθμὸν

190 3603 294 3656 τῶν
313 3604 510 3674 ψυχῶν
541 3604 916 3676 τελειούμενον
939 3624 952 3636 ·
994 3606 1109 3661 ἀλλ’
1143 3607 1355 3679 ἀθρόως
1389 3607 1538 3678 αύτῷ
1563 3607 1774 3679 πληρὼα

195 3713 324 3765 ματι
362 3698 550 3749 πᾶσαν
581 3696 681 3768 τὴν
707 3697 1052 3768 ἀνθρωπίνην
1081 3697 1240 3768 φύσιν
1276 3697 1364 3752 διὰ
1397 3698 1496 3768 τῆς
1525 3715 1774 3770 προγνω-

194 3784 388 3852 πικῆς
422 3785 708 3855 ἐνεργείας
737 3788 1109 3859 κατανοήσας,
1147 3787 1241 3841 καὶ
1272 3790 1338 3858 τῇ
1382 3789 1560 3860 ὑψηλῇ
1593 3806 1654 3842 τε
1678 3791 1774 3844 καὶ

195 3875 472 3947 ἰσαγγέλῳ
511 3876 664 3948 λήξει
700 3881 954 3948 τιμήσας,
990 3879 1175 3951 ἐπειδὴ
1205 3880 1420 3951 προεῖδε
1444 3883 1510 3952 τῇ
1543 3881 1770 3952 όρατικῇ

191 3965 419 4036 ὼνάμει
453 3968 530 4037 μὴ
557 3967 972 4039 εύθυποροῦσαν
1005 3969 1143 4042 πρὸς
1173 3970 1236 4024 τὸ
1263 3969 1428 4025 καλὸν
1453 3972 1552 4043 τὴν
1580 3971 1772 4042 προαί-

195 4074 368 4126 ρεσιν,
399 4057 498 4110 καὶ
525 4057 614 4110 διὰ
633 4057 792 4111 τοῦτο
814 4058 915 4129 τῆς
941 4059 1239 4131 ἀγγελικῆς
1263 4059 1410 4130 ζωῆς
1443 4060 1776 4117 ἀποπίπτουο

195 4165 291 4201 σαν
313 4164 328 4176 ·
357 4147 436 4211 ὡς
464 4146 530 4201 ἂν
554 4147 629 4219 μὴ
652 4144 979 4218 κολοϐωθείη
1005 4150 1066 4203 τὸ
1093 4149 1201 4204 τῶν
1226 4150 1410 4222 ψυχῶν
1437 4152 1546 4206 τῶν
1568 4153 1778 4225 ἀνθρω-

195 4239 368 4292 πίνων
397 4239 603 4308 πλῆθος
623 4277 638 4302 ,
669 4239 900 4291 ἐκπεσὸν
927 4240 1135 4294 ἐκείνου
1169 4241 1264 4294 τοῦ
1297 4243 1522 4314 τρόπου,
1558 4245 1681 4300 καθ’
1715 4245 1775 4300 ὃν

193 4336 238 4388 οἱ
265 4305 507 4403 ἄγγελοι.
527 4333 663 4402 πρὸς
681 4333 742 4386 τὸ
772 4333 974 4404 πλῆθος
1003 4305 1354 4408 ηὐξήθησανἰ
1379 4337 1466 4391 διά
1495 4305 1652 4395 τοῦτο
1675 4341 1775 4412 τὴν
1807 4305 1852 4361 D

192 4425 538 4495 κατάλληλον
585 4429 697 4489 τοῖς
738 4428 829 4502 εἰς.
869 4427 1147 4498 ἁμαρτίαν
1198 4429 1622 4501 κατολισθήσασι
1669 4431 1772 4502 τῆς

195 4517 484 4588 αὐξήσεως
520 4517 760 4569 ἐπίνοιαν
803 4519 1264 4586 ἐγκατασκευάζει
1307 4523 1372 4591 τῇ
1424 4521 1623 4590 φύσει,
1655 4523 1776 4576 ἀντὶ

193 4609 290 4679 τῆς
317 4607 1016 4678 ἀγγελικῆςμεγαλοφυτας
1048 4609 1136 4663 τὸν
1162 4611 1408 4683 κτηνώδη
1435 4629 1495 4665 τε
1521 4613 1616 4666 καὶ
1647 4612 1773 4666 ἀλοο

195 4717 288 4770 γον
331 4701 435 4771 τῆς
461 4697 520 4763 ἐξ
549 4699 791 4769 ἀλλήλων
815 4699 1061 4770 διαδοχῆς
1093 4701 1292 4773 τρόπον
1330 4703 1674 4774 ὲμφυτεύσας
1704 4707 1772 4776 τῇ

195 4793 603 4866 ἀνθρωπότητι.
650 4792 933 4846 Ἐντεῦθέν
971 4810 1062 4862 μοι
1099 4795 1246 4849 δοκεί
1278 4798 1370 4850 καὶ
1400 4799 1428 4851 6
1470 4797 1648 4868 μέγας
1678 4800 1777 4852 Δα-

197 4884 282 4937 ϐὶδ
323 4881 802 4951 κατοικτιζόμενος
834 4882 929 4936 τοῦ
975 4882 1263 4954 ἀνθρώπου
1308 4887 1406 4957 τὴν
1443 4888 1771 4958 ἀθλιότητα,

196 4975 459 5038 τοιούτοις
476 4974 653 5042 λόγοις
667 4974 840 5028 καταθ
848 4974 1079 5045 ρηνῆσαι
1095 4974 1192 5047 τὴν
1206 4975 1384 5045 φύσινσ
1406 4976 1488 5030 ὅτι
1507 4995 1524 5028 ι
1539 4977 1779 5049 ’Δνθρω-

201 5084 299 5131 suo;
331 5067 391 5120 ὲν
416 5069 550 5137 τιμῇ
583 5066 661 5120 ὢν
688 5066 750 5118 ού
784 5066 982 5136 συνῆκε
1001 5082 1016 5097 ’
1047 5084 1066 5118 ι
1095 5067 1259 5138 τιμὴν
1287 5067 1482 5138 λέγων,
1516 5067 1614 5124 τὴν
1638 5066 1776 5140 πρὸς

196 5147 320 5208 τοὺς
346 5145 613 5214 ἀγγέλους
638 5147 953 5215 όμοτιμίαν.
973 5149 1071 5203 Διά
1095 5150 1271 5218 τοῦτο,
1305 5155 1458 5223 φησὶ,
1493 5173 1779 5227 παρασυν-

194 5227 397 5300 εσλήθη
448 5233 560 5293 τοῖς
599 5231 829 5301 κτήνεσι
886 5235 1001 5296 τοῖς
1055 5234 1332 5308 ἀνοήτοις,
1393 5240 1485 5293 καὶ¹
1521 5241 1776 5316 ὡμοιώθη

199 5319 401 5386 αὐτοῖς.
440 5323 650 5385 Ὄντως
683 5321 798 5393 γὰρ
839 5324 1118 5398 κτηνώδης
1158 5329 1373 5400 ἐγένετο
1407 5334 1435 5388 ὀ
1466 5333 1566 5407 τὴν
1603 5334 1778 5409 ῥοώδη

266 5498 308 5530 ⁸³
336 5499 478 5557 Psal.
513 5516 709 5558 ILvm.
732 5498 824 5553 2|.

1872 3062 2059 3115 obrem
2077 3058 2324 3115 videlicet
2346 3058 2509 3123 Deus,
2524 3073 2648 3113 cum
2674 3057 2962 3128 imaginem
2989 3057 3072 3112 sui
3090 3057 3446 3122 condidisset,

1871 3166 2035 3208 sexus
2114 3150 2343 3206 masculi
2400 3149 2726 3219 femineique
2784 3147 3078 3204 discrimen
3149 3147 3444 3204 addiderit.

1872 3243 2132 3314 Equidem
2163 3241 2231 3297 ad
2275 3241 2692 3311 explicationem
2740 3239 2908 3310 hujus
2936 3239 3254 3310 quaestionis
3303 3239 3442 3294 utile

1870 3333 1988 3389 fore
2013 3331 2287 3396 existimo,
2321 3331 2464 3400 quod
2499 3327 2659 3400 paulo
2689 3338 2814 3384 ante
2847 3329 3251 3385 considerando
3279 3328 3440 3399 quasi

1871 3423 2264 3487 conclusimus,
2295 3420 2486 3487 Deum,
2518 3420 2616 3491 qui
2647 3430 2797 3476 creat
2825 3420 3028 3484 omnia,
3063 3420 3240 3489 deque
3268 3419 3443 3474 animi

1871 3517 1957 3570 sui
1996 3512 2266 3571 sententia
2291 3511 2568 3566 hominem
2594 3519 2768 3564 totum
2805 3509 2871 3562 ad
2895 3509 3183 3579 imaginem
3206 3508 3448 3563 divinam

1871 3604 2278 3666 conformavit,
2335 3601 2581 3656 noluisse
2646 3599 2957 3652 animorum
3021 3613 3309 3652 numerum
3367 3598 3444 3652 ita

1871 3695 2156 3765 compleri,
2191 3700 2249 3748 ut
2279 3707 2429 3746 nunc
2458 3691 2546 3745 his
2581 3703 2729 3744 nunc
2759 3689 2866 3744 illis
2905 3689 2961 3743 in
2995 3689 3171 3743 lucem
3207 3687 3442 3758 posteris

1871 3785 2031 3841 editis
2057 3783 2441 3853 adaugeretur,
2473 3779 2568 3836 sed
2596 3793 2719 3834 cum
2748 3777 2939 3833 eodem
2991 3785 3292 3841 momento,
3342 3791 3452 3850 quo

1871 3875 2126 3930 naturam
2173 3872 2467 3926 humanam
2520 3868 2787 3932 condidit,
2840 3883 2960 3923 eam
3031 3869 3342 3924 universam
3398 3877 3454 3923 et

1873 3965 2140 4033 integram
2176 3958 2433 4016 facultate
2462 3972 2562 4014 sua
2610 3957 2797 4012 futura
2849 3959 3214 4029 prospiciente
3265 3958 3446 4014 intue-

1872 4063 2050 4118 retur,
2107 4053 2435 4122 excelsoque
2485 4050 2542 4105 in
2606 4049 2892 4121 dignitatis
2951 4051 3167 4121 gradu,
3234 4057 3289 4105 et
3352 4049 3451 4121 qui

1873 4147 2188 4216 angelorum
2212 4142 2511 4199 conditioni
2535 4157 2632 4212 par
2657 4151 2823 4207 esset,
2847 4142 3143 4196 collocaret
3167 4160 3181 4196 :
3205 4143 3452 4197 animad-

1875 4239 2106 4294 vertisse
2144 4236 2196 4290 vi
2243 4235 2470 4299 divina,
2516 4235 2744 4290 liberam
2798 4234 3037 4289 hominis
3084 4235 3139 4288 in
3199 4233 3451 4304 eligendo

1881 4329 2216 4383 voluntatem
2243 4342 2354 4382 non
2386 4325 2487 4398 (uti
2516 4324 2768 4396 debebat)
2791 4324 3011 4380 virtutis
3033 4324 3179 4378 viam
3218 4323 3449 4396 ingredi.

1882 4424 2070 4491 Itaque
2103 4418 2196 4473 ubi
2220 4419 2288 4474 de
2321 4418 2480 4474 beato
2521 4417 2645 4472 vitae
2673 4417 2933 4488 angelicae
2963 4423 3110 4471 statu
3144 4416 3454 4472 exorbitas-

1883 4521 1986 4577 set,
2035 4526 2105 4565 ne
2153 4509 2516 4564 humanorum
2554 4508 2860 4564 animorum
2896 4509 3045 4563 natio
3099 4509 3220 4564 sine
3270 4510 3450 4564 inere-

1882 4609 2068 4670 mento
2129 4609 2296 4663 esset,
2353 4601 2561 4656 amisso
2633 4600 3044 4671 propagationis
3113 4600 3300 4664 modo,
3341 4613 3451 4668 quo

1880 4693 2196 4764 angelorum
2225 4699 2383 4746 erant
2412 4700 2586 4745 aucta:
2619 4689 2809 4759 c0piae,
2862 4689 3129 4744 rationem
3155 4688 3448 4758 quamdam

1879 4785 2124 4848 invenit,
2191 4799 2298 4856 qua
2370 4798 2544 4854 genus
2609 4781 2904 4836 humanum
2986 4779 3446 4850 ampliﬁcaretur,

1878 4885 2304 4933 consentaneam
2341 4884 2550 4930 naturae
2599 4881 2823 4937 nostrae,
2853 4871 2947 4942 qui
2985 4871 3037 4923 in
3095 4869 3285 4922 vitium
3322 4883 3450 4936 pro-

1882 4970 2023 5040 lapsi
2074 4983 2314 5024 eramus.
2360 4965 2496 5021 Nam
2552 4981 2652 5037 pro
2703 4971 2997 5034 praestante
3042 4962 3137 5016 illo
3194 4961 3450 5031 angelica:

1883 5071 2098 5117 naturm
2129 5060 2289 5115 modo
2321 5059 2488 5112 alium
2525 5056 2816 5127 quemdam
2849 5054 3006 5109 nobis
3048 5055 3348 5116 concessit,
3393 5063 3450 5107 ut

1883 5149 2170 5205 brutorum
2198 5147 2535 5216 rationisque
2565 5145 2870 5214 expertium
2926 5141 3245 5196 animalium
3303 5158 3454 5200 more

1883 5246 2103 5297 nosmet
2133 5236 2486 5308 prepagando
2518 5240 2988 5304 perpetuaremus.
3023 5230 3174 5287 Hanc
3203 5233 3273 5288 ob
3324 5247 3454 5287 cau-

1883 5348 2001 5392 sam
2056 5344 2286 5402 magnus
2334 5327 2424 5384 ille
2467 5321 3320 5389 Davides“,hominismiseriam
3366 5323 3451 5380 his
