3766 5988
292 134 396 195 I91
1464 138 1520 195 S.
1538 137 1890 200 -'GREGORII
1934 144 2228 205 NYSSENI
3472 149 3599 206 {9‘3

301 252 433 307 mihi
464 251 645 307 verbis
667 250 985 323 deplorasse
1007 251 1226 310 videtur
1254 271 1267 306 :
1307 273 1325 304 ι
1365 253 1538 310 11οιηο
1566 272 1693 311 cum
1723 273 1783 314 es

2110 280 2176 335 ην
2215 264 2428 334 γένεσιν
2470 268 2536 338 τῇ
2582 266 2742 336 φύσει
2797 265 3242 339 παραδεξάμενος
3269 308 3285 334 ,
3343 267 3436 323 διὰ
3471 266 3594 338 τὴν

301 346 353 397 in
386 342 670 411 dignitate,
696 343 939 397 animum
962 358 1072 397 non
1103 344 1339 399 advertit
1368 363 1381 399 :
1421 364 1441 398 ι
1495 348 1752 424 nimirum
1778 365 1788 418 1

1165 345 1339 399 lverlit
1368 363 1381 399 :
1421 364 1441 398 ι
1495 348 1752 424 nimirum
1778 365 1877 418 per
1982 354 2119 424 πρὸς
2145 356 2207 409 τὸ
2237 355 2438 422 ὑλῶδες
2462 359 2652 430 ῥοπήν.

301 435 575 501 dignitatis
607 440 807 486 statum
850 433 1135 498 intellexit,
1174 436 1383 504 angelis
1432 437 1711 493 hominem
1758 441 2073 499 conditione
2123 461 2310 516 parem
2372 448 2563 514 fuisse,
2624 449 2848 520 subjicit
2902 459 3133 509 autem:
3184 452 3400 508 Idcirco
3429 452 3586 507 bruo

303 528 371 578 tis
417 534 500 580 est
545 525 919 580 animantibus
950 534 1323 595 comparatus,
1356 534 1410 582 et
1457 529 1648 585 iisdem
1694 531 1926 589 effectus
1960 537 2181 592 similis.
2237 538 2493 597 Profecto
2545 543 2691 597 enim
2725 543 3028 608 obbrutuit,
3070 554 3361 616 postquam
3416 560 3593 601 more

300 618 582 673 brutorum
646 620 936 692 propagari
995 620 1200 690 erepit,
1260 621 1626 693 degenerante
1682 627 1859 696 ipsius
1911 633 2251 699 praestantia,
2299 650 2470 706 seque
2519 636 2840 693 demittente
2882 638 2949 692 ad
2993 648 3206 695 natura:
3260 641 3586 697 crassioris

300 709 688 766 conditionem.

868 827 1097 885 CAPUT
1138 828 1321 888 XVIII.

299 917 731 975 Perturbatt'ones
763 922 817 974 t'n
848 923 997 975 nobis
1034 923 1221 985 animi,
1254 923 1458 978 alienas
1489 941 1521 978 a
1546 926 1773 991 ratione,
1811 941 1878 980 ea:

2498 838 2903 895 ΚΕΦΑΛΑΙΟΝ
2932 843 3041 896 ΙΗ’.

1639 926 1773 1005 iane,
1811 941 1878 980 ea:
1976 922 2118 1009 ’Ὀξι⁸
2146 925 2221 980 τὰ
2257 925 2448 1009 ἄλογα
2477 928 2546 982 ἐν
2591 929 2736 997 ἡμῖν
2771 931 2928 1009 πάθη
2951 930 3205 1009 ’ἐκςτῆς
3235 935 3394 1009 πρὸς
3443 938 3583 1009 τὴν

428 991 524 1043 hac
551 1008 669 1044 cunt
698 991 971 1045 brutorum
1002 1001 1196 1046 natura
1227 995 1539 1064 cognatione
1569 996 1723 1048 oriri.

2042 995 2268 1077 ἄλογον
2286 991 2475 1065 φύσιν
2506 991 2865 1068 συγγενείας
2902 991 3010 1065 τὰς
3041 991 3316 1073 ἀφόῥμὰὶ-
3337 991 3488 1077 ἕλει.

370 1078 506 1133 Nam
562 1082 813 1150 equidem
870 1084 1147 1147 existimo,
1203 1084 1270 1139 de
1317 1085 1420 1139 hac
1478 1086 1596 1156 ipsa
1658 1086 1857 1155 origine

2087 1076 2206 1155 ίμαι
2232 1085 2340 1157 γὰρ
2376 1087 2441 1140 ὲκ
2478 1088 2577 1158 τῆς
2603 1090 2777 1159 ἀρχῆς
2804 1089 3007 1159 ταύτης
3035 1094 3128 1145 καὶ
3171 1094 3238 1147 τά
3276 1076 3402 1150 καθ’
3429 1098 3574 1151 ἕκα-

298 1170 744 1239 perturbationes
783 1174 951 1227 animi
984 1189 1174 1231 omnes
1200 1183 1255 1230 et
1286 1177 1552 1247 singulas,
1603 1186 1785 1249 tanqu:

2088 1192 2097 1223 ρ
2132 1176 2299 1247 πάθη,
2324 1175 2433 1232 οἷον
2463 1178 2526 1232 ἐκ
2562 1196 2705 1244 τινος
2729 1181 2910 1252 πηγῆς
2947 1182 3262 1239 συνδοθέντα
3291 1189 3575 1262 πλημμυ-

300 1262 448 1317 fonte
476 1266 859 1329 scaturientes,
888 1265 942 1319 in
976 1266 1217 1321 hominis
1242 1277 1493 1322 naturam
1525 1268 1787 1323 redunda1

2082 1286 2090 1317 ν
2118 1269 2176 1322 ὲν
2204 1273 2271 1340 τῇ
2294 1269 2607 1343 ἀνθρωπίνῃ
2637 1273 2774 1345 ζωῇ.
2806 1274 3114 1346 Τεκμήριον
3137 1276 3194 1330 δὲ
3218 1278 3327 1332 τῶν
3360 1280 3569 1349 λόγων,

298 1357 478 1422 Atque
509 1355 614 1410 hoc
643 1364 794 1411 recte
841 1357 922 1425 ita,
962 1359 1149 1422 statui,
1186 1367 1512 1429 argumento
1539 1370 1624 1416 est
1648 1403 1662 1427 ,
1720 1376 1785 1431 qu

2083 1362 2149 1413 ὧν
2183 1362 2519 1433 παθημάτων
2551 1364 2872 1433 συγγένεια,
2908 1366 3049 1420 κατά
3072 1368 3133 1420 τὸ
3163 1365 3282 1423 ἴσον
3314 1374 3453 1443 ἡμῖν
3497 1392 3570 1429 τε

299 1448 741 1517 perturbationes
772 1449 925 1520 ipsae,
972 1466 1092 1519 quae
1122 1450 1327 1520 pariter
1359 1458 1413 1506 et
1459 1451 1515 1505 in
1543 1451 1704 1507 nobis
1729 1460 1783 1505 et

2095 1456 2204 1518 τοῖς
2243 1455 2461 1524 ἀλόγοις
2495 1458 2892 1529 ἐμφαινομένη.
2932 1459 3005 1512 Ού
3044 1460 3155 1531 γὰρ
3190 1461 3254 1534 δὴ
3286 1463 3451 1535 θέμις
3486 1467 3564 1538 τῇ

299 1537 483 1594 brutis
511 1539 805 1605 exsistunt,
841 1549 1084 1610 cognata:
1110 1542 1345 1611 quodam
1371 1541 1534 1597 modo
1565 1550 1713 1597 sunt.
1746 1541 1786 1596 N

2083 1546 2288 1619 ρωπίνῃ
2315 1546 2494 1616 φύσει,
2540 1551 2604 1620 τῇ
2647 1550 2868 1628 κατὰ-τὺ
2899 1552 3041 1603 θεῖον
3072 1548 3211 1616 εἶδος
3247 1537 3570 1628 μεμορφωέ

296 1630 442 1683 enim
471 1637 618 1685 certe
646 1630 727 1686 fas
758 1641 844 1686 est
870 1630 1076 1698 dicere,
1101 1633 1369 1702 originem
1395 1634 1783 1702 perturbationi

2082 1616 2149 1711 η,
2178 1616 2283 1710 τῆς»
2320 1616 2603 1709 ὲμπαθοῦς
2641 1626 2933 1707 διαθέσεως
2966 1616 3414 1719 προσμαρτυρεῖν
3451 1616 3569 1714 τὰς

297 1722 496 1792 quibus
526 1719 812 1787 afficimur,
845 1723 910 1777 ad
942 1723 1238 1778 humanam
1274 1731 1527 1778 naturam
1575 1740 1697 1780 esse
1728 1740 1784 1779 re

2080 1728 2197 1789 ηας
2243 1728 2441 1798 ἀρχάς.
2498 1729 2641 1782 Ἀλλ’
2686 1731 2876 1804 ἐπειδὴ
2931 1735 3290 1805 προεισῆλθεν
3337 1740 3422 1803 είς
3463 1741 3567 1795 τὸν

296 1813 545 1878 rendam,
575 1828 701 1867 cum
750 1828 814 1868 ea
860 1814 937 1869 sit
990 1814 1055 1868 ad
1103 1813 1199 1869 Dei
1259 1816 1614 1871 simulacrum
1649 1815 1783 1869 conf

2075 1828 2173 1882 μον
2195 1812 2380 1867 τοῦτον
2403 1815 2437 1884 ή
2468 1813 2578 1867 τῶν
2607 1814 2818 1883 ἀλόγων
2849 1815 2984 1888 ζωὴ,
3010 1816 3136 1888 ἔσχε
3161 1818 3218 1872 δέ
3250 1838 3303 1872 τι
3329 1821 3421 1876 διὰ
3448 1824 3558 1894 τὴν

296 1912 493 1971 mata;
561 1905 657 1960 sed
728 1905 857 1975 quia
923 1906 1077 1974 prius
1141 1906 1247 1960 hoc
1312 1907 1370 1960 in
1440 1907 1646 1962 mundo
1707 1907 1783 1961 bri

2073 1923 2091 1975 η
2101 1905 2267 1975 μένην
2290 1905 2468 1960 αἰτίαν
2488 1908 2587 1979 τῆς
2604 1909 2812 1961 ἐκεῖθεν
2836 1909 3050 1979 φύσεως
3072 1914 3167 1966 καὶ
3195 1915 3223 1965 ὁ
3243 1910 3560 1985 ἄνθρωπος,

295 1997 647 2062 exstiterunt,
670 2011 793 2052 cum
816 1998 1015 2067 quibus
1038 1998 1289 2052 nonnihil
1313 2007 1398 2053 est
1417 1998 1626 2053 homini
1658 1999 1872 2070 (quem-

294 2087 587 2143 admodum
674 2088 986 2156 expositum
1068 2089 1188 2158 est)
1272 2103 1609 2152 commune,
1673 2088 1872 2143 modus

296 2178 548 2233 videlicet
577 2185 774 2232 ortus:
808 2176 1015 2232 idcirco
1045 2183 1098 2231 et
1135 2177 1242 2230 alia
1291 2176 1543 2247 quaedam
1579 2177 1869 2232 brutorum

296 2278 508 2324 naturae
553 2284 616 2323 ac
672 2268 954 2325 hominum
1010 2269 1326 2323 communia
1375 2284 1500 2324 esse
1560 2277 1869 2340 coeperunt.

294 2359 481 2430 Neque
515 2361 659 2416 enim
694 2361 857 2415 homo
891 2359 985 2414 Dei
1036 2359 1204 2415 refert
1248 2361 1570 2430 imaginem,
1607 2375 1714 2429 qua
1756 2361 1869 2414 ira-

295 2451 495 2506 cundia
526 2452 790 2521 praeditus
820 2460 904 2507 est
931 2469 946 2518 ;
982 2467 1159 2519 neque
1189 2451 1442 2519 voluptas
1473 2451 1871 2520 praestantissi-

296 2558 397 2597 ma:
428 2551 637 2598 natura;
678 2551 808 2597 nota
844 2542 1024 2611 putari
1052 2541 1235 2603 debet,
1265 2542 1407 2595 sicut
1433 2550 1487 2597 et
1508 2542 1794 2608 timiditas,
1818 2550 1873 2597 et

296 2632 549 2698 audacia,
599 2640 655 2687 et
695 2633 961 2700 majorum
1019 2632 1311 2702 cupiditas,
1361 2643 1414 2687 et
1461 2632 1647 2686 odium
1697 2641 1873 2689 status

297 2724 605 2791 deterioris,
638 2732 941 2793 caeteraque
969 2723 1055 2779 his
1090 2723 1402 2778 consimilia
1433 2725 1593 2794 longe
1627 2739 1658 2777 a
1688 2724 1874 2779 divino

296 2815 391 2868 illo
426 2814 743 2869 charactere
772 2814 995 2868 absunt.
1035 2813 1383 2883 Quapropter
1413 2814 1528 2867 hzec
1556 2822 1779 2883 accepta
1806 2813 1875 2869 de

297 2903 497 2967 brutis,
552 2903 791 2958 hominis
853 2917 1123 2972 usurpare
1178 2912 1376 2958 natura
1428 2905 1617 2973 caapil.
1656 2903 1873 2968 Quibus

1970 1994 2032 2049 τὺ
2060 1996 2199 2050 κατά
2220 1996 2315 2067 τὴν
2335 1997 2546 2065 γένεσιν
2570 1998 2734 2066 λέγω,
2761 1999 3104 2070 συμμετέσχε
3133 2002 3219 2055 διὰ
3238 2004 3428 2059 τούτου
3458 2005 3561 2064 καὶ

1970 2086 2078 2140 τῶν
2118 2087 2321 2140 λοιπῶν
2356 2088 2466 2142 τῶν
2511 2090 2568 2141 ἐν
2605 2090 2791 2162 ἐκείνῃ
2834 2090 3222 2163 θεωρουμένων
3262 2099 3326 2167 τῇ
3368 2098 3561 2166 φύσει.

1972 2177 2047 2230 Οὐ
2086 2177 2194 2251 γὰρ
2223 2179 2365 2232 κατὰ
2404 2180 2495 2233 τὸν
2526 2178 2697 2251 θυμόν
2742 2183 2859 2234 ἐστι
2888 2182 2981 2234 τοῦ
3018 2184 3305 2255 ἀνθρώπου
3342 2190 3373 2259 ή
3416 2190 3563 2260 πρὸς

1971 2268 2033 2321 τὸ
2046 2268 2197 2322 Θείον
2228 2270 2505 2341 ὁμοίωσις,
2539 2269 2663 2323 οὔτε
2688 2271 2777 2324 διὰ
2809 2272 2909 2343 τῆς
2935 2275 3179 2347 ήδονῆςή
3212 2278 3565 2350 ὑπερέχουσα

1973 2363 2436 2434 χαρακτηρίζεται
2471 2363 2649 2433 φύσις,
2689 2363 2860 2420 δειλία
2893 2384 2951 2419 τε
2991 2368 3078 2421 καὶ
3122 2368 3342 2440 θράσος,
3386 2373 3483 2425 καὶ
3521 2376 3559 2445 ὴ

1971 2447 2064 2499 τοῦ
2090 2446 2329 2510 πλείονος
2355 2447 2558 2516 ἔφεσις,
2589 2449 2683 2501 καὶ
2711 2448 2770 2502 τὸ
2797 2451 2933 2521 πρὸς
2975 2452 3034 2504 τὸ
3062 2453 3415 2508 ἐλαττοῦσθαι
3460 2461 3562 2527 μῖ-

1974 2552 2093 2601 σος,
2124 2537 2217 2590 καὶ
2252 2537 2428 2591 πάντα
2470 2538 2539 2592 τά
2574 2537 2799 2592 τοιαῦτα
2847 2540 3033 2612 πόρρω
3075 2542 3167 2595 τοῦ
3212 2544 3563 2616 θεοπρεποῦς

1972 2629 2311 2699 χαρακτῆρός
2334 2631 2470 2684 ἐστι.
2502 2630 2685 2684 Ταῦτα
2715 2631 2893 2684 τοίνυν
2920 2634 2983 2684 ἐκ
3007 2632 3100 2685 τοῦ
3126 2633 3320 2703 ἀλόγου
3350 2639 3563 2709 μέρους

1971 2721 2004 2789 ἡ
2046 2719 2359 2792 ἀνθρωπίνη
2404 2720 2565 2789 φύσις
2603 2722 2740 2792 πρὸς
2780 2723 2976 2795 ἑαυτὴν
3024 2725 3401 2794 ἐφειλκύσατο.
3455 2723 3564 2786 οἷς

1972 2810 2081 2882 γὰρ
2101 2813 2134 2881 ή
2155 2811 2345 2880 ἄλογος
2365 2812 2477 2883 ζωὴ
2495 2812 2630 2884 πρὸς
2649 2815 2976 2887 συντήρησιν
2992 2816 3189 2886 ἑαυτῆς
3213 2817 3563 2890 ήσφαλίσθη,

1974 2899 2142 2955 ταῦτα
2175 2904 2311 2975 πρὸς
2331 2906 2420 2959 τὸν
2462 2904 2800 2976 ἀνθρώπινον
2827 2906 3214 2977 μετενεχθέντα
3242 2908 3376 2978 βίον,
3399 2911 3561 2982 πάθη

295 2993 440 3046 enim
477 2990 643 3045 rebus
698 2992 811 3046 vita
846 2993 1133 3046 brutorum
1198 2992 1266 3046 ad
1323 3008 1381 3048 se
1433 2995 1775 3049 conservand

2072 2964 2230 3040 νετοί
2267 2964 2437 3058 Θυμῷ
2486 2964 2722 3060 μὲνγὰρ
2770 2964 3114 3060 συντηρείται
3155 2964 3509 3065 τάλὺμόὸόρα
3540 2964 3559 3025 ί

296 3081 509 3136 munita
558 3089 663 3145 est,
713 3098 789 3136 ea:
821 3098 907 3138 res
959 3083 1027 3137 ad
1072 3085 1311 3140 hominis
1358 3085 1522 3138 vitam
1572 3087 1871 3152 translatae,

297 3185 427 3231 sunt
459 3176 542 3230 hae
573 3176 704 3246 ipsae
737 3177 806 3231 de
835 3177 1035 3246 quibus
1076 3176 1371 3245 loquimur,
1402 3176 1571 3229 animi
1605 3179 1720 3232 sive
1753 3192 1875 3247 per-

296 3267 677 3331 turbationes,
730 3268 843 3322 sive
901 3266 1239 3321 affectiones.
1324 3265 1608 3321 Iracundia
1664 3268 1874 3325 belluas

296 3352 619 3408 crudivoras
651 3361 836 3408 tuetur
859 3354 928 3408 ab
970 3354 1232 3409 interitu:
1268 3353 1532 3411 fecundas
1579 3357 1874 3426 voluptatis

298 3448 590 3516 appetitus,
625 3446 871 3502 imbelles
895 3446 1187 3517 trepidatio
1212 3465 1225 3503 :
1250 3463 1372 3516 quae
1402 3464 1431 3502 a
1458 3448 1873 3506 robustioribus

297 3552 360 3594 se
422 3538 564 3593 tueri
628 3544 944 3608 nequeunt,
1007 3548 1227 3595 metus:
1295 3540 1531 3611 grandes
1599 3548 1875 3597 sustentat

300 3631 588 3700 ingluvies.
625 3630 960 3702 Contraque,
1015 3632 1063 3687 si
1117 3646 1227 3701 quo
1278 3633 1443 3702 potiri
1477 3634 1621 3703 quod
1676 3635 1875 3706 volupe

300 3719 371 3775 sit
399 3728 695 3791 nequeant,
732 3722 786 3792 id
813 3722 1058 3776 dolorem
1091 3721 1144 3775 iu
1176 3722 1256 3777 eis
1287 3723 1510 3777 excitat.
1541 3723 1667 3779 Haec
1692 3724 1875 3780 omnia

300 3818 356 3866 et
386 3811 472 3864 his
507 3812 614 3864 alia
670 3812 981 3865 consimilia
1012 3812 1261 3881 quaedam
1298 3829 1406 3867 una
1438 3830 1562 3868 cum
1617 3831 1877 3886 procrea-

301 3903 449 3959 tione
471 3904 633 3957 bruta
663 3903 903 3959 hominis
928 3904 1205 3975 opificium
1230 3919 1656 3976 occupaverunt.
1686 3908 1875 3963 Liceat

301 4003 483 4050 autem
534 3996 668 4049 mihi
700 3996 804 4051 hoc
835 3998 955 4051 loco
1004 3996 1072 4051 de
1103 3998 1445 4068 sculptorum
1493 4000 1872 4068 prmstautium

300 4102 473 4155 more,
505 4087 740 4143 hominis
789 4087 1079 4157 imaginem
1115 4089 1169 4142 vi
1222 4091 1494 4145 orationis
1539 4089 1872 4158 exprimere.

301 4177 769 4244 Quemadmodum
800 4178 947 4233 enim
990 4177 1179 4232 videre
1207 4186 1289 4232 est
1336 4177 1600 4247 quasdam
1647 4177 1871 4248 effigies,

1976 3071 2257 3142 φιληδονία
2284 3074 2341 3127 δὲ
2372 3075 2442 3128 τὰ
2478 3074 2874 3144 πολυγονοῦντα
2907 3077 3016 3132 τῶν
3049 3075 3202 3141 ζώων
3226 3078 3389 3144 σώζει
3414 3098 3430 3113 ·
3459 3081 3563 3137 τὸν

1976 3163 2199 3219 ἄναλκιν
2228 3167 2261 3237 ἡ
2284 3166 2475 3233 δειλία,
2503 3168 2597 3221 καὶ
2630 3169 2722 3221 τὸν
2748 3169 3017 3223 εὐάλωτον
3044 3174 3157 3235 τοῖς
3183 3173 3565 3247 ἰσχυροτέροις

1975 3258 2003 3310 ὁ
2044 3258 2238 3326 φόϐος,
2273 3259 2363 3312 τὸν
2398 3259 2456 3312 δὲ
2506 3259 2847 3332 πολύσαρκον
2880 3263 2914 3333 ή
2965 3263 3286 3335 λαιμαργία.
3328 3267 3434 3320 Καὶ
3491 3267 3564 3322 τὸ

1975 3349 2291 3421 διαμαρτεῖν
2319 3351 2626 3406 οὑτινοσοῦν
2672 3354 2781 3406 τῶν
2810 3352 2933 3407 καθ’
2966 3353 3178 3425 ἡδονὴν,
3220 3355 3395 3427 λύπης
3424 3358 3565 3413 ὑπόο

1977 3438 2125 3502 θεσις
2168 3443 2225 3494 ὲν
2275 3444 2387 3506 τοῖς
2441 3441 2659 3510 ἀλόγοις
2705 3442 2841 3499 ἐστί.
2886 3444 3072 3498 Ταῦτα
3119 3447 3297 3501 πάντα
3342 3449 3440 3502 καὶ
3483 3450 3560 3505 τὰ

1974 3528 2198 3583 τοιαῦτα
2238 3530 2323 3584 διὰ
2368 3531 2468 3602 τῆς
2501 3530 2805 3601 κτηνὼδους
2840 3535 3110 3601 γενέσεως
3138 3539 3453 3609 συνεισῆλθε
3483 3543 3559 3614 τῇ

1974 3617 2070 3672 τοῦ
2114 3619 2402 3691 ἀνθρώπου
2448 3625 2782 3693 κατασκευῇ.
2818 3623 2929 3676 Καί
2969 3642 3057 3695 μοι
3108 3629 3562 3699 συγκεχωρήσθω

1977 3712 2117 3766 κατά
2156 3730 2277 3766 τινα
2320 3713 2621 3785 πλαστικὴν
2665 3714 3099 3784 θαυματοποιῖαν
3141 3719 3441 3791 διαγράψαι
3476 3721 3559 3794 τῷ

1975 3803 2117 3874 λόγῳ
2159 3803 2258 3875 τήν
2307 3805 2653 3878 ἀνθρωπίνην
2683 3808 2885 3861 εἰκόνα.
2934 3809 3200 3882 Καθάπερ
3246 3812 3354 3883 γάρ
3401 3812 3563 3869 ἐστιν

1981 3894 2107 3947 ίδείν
2159 3895 2218 3948 ὲν
2281 3898 2393 3959 τοῖς
2451 3897 2734 3969 πλάσμασι
2784 3898 2884 3964 τὰς
2932 3900 3225 3970 διγλύφους
3291 3904 3551 3977 μορφὰς,

1974 3985 2042 4049 ἃς
2068 3987 2411 4058 μηχανῶνται
2441 3991 2576 4061 πρὸς
2601 3990 2860 4062 ἔκπληξιν
2892 3991 2999 4046 τῶν
3034 3995 3470 4066 ἐντυγχανόντων
3496 3999 3553 4053 οἱ

1975 4077 2044 4131 τὰ
2088 4079 2314 4133 τοιαῦτα
2356 4081 2816 4152 φιλοτεχνοῦντες,
2845 4085 2942 4154 μιᾷ
2985 4088 3191 4158 κεφαλῇ
3220 4087 3312 4141 δύο
3340 4092 3564 4161 μορφάς

1977 4169 2284 4241 προσώπων
2325 4172 2826 4243 ὑποχαράσσοντες·
2867 4173 3008 4227 οὕτω
3044 4194 3133 4247 μοι
3173 4177 3318 4232 δοκεῖ
3359 4180 3562 4254 διπλῆν

300 4271 359 4325 in
390 4270 587 4340 quibus
610 4268 811 4340 duplex
866 4277 949 4325 est
995 4283 1259 4339 expressa
1294 4268 1489 4334 forma,
1542 4269 1787 4339 fingenti!

2070 4280 2164 4317 ›ειν
2191 4265 2219 4317 ὁ
2249 4262 2533 4336 ἄνθρωπος
2560 4265 2695 4336 πρὸς
2743 4264 2811 4318 τά
2842 4266 3057 4320 ἐναντία
3083 4269 3182 4338 τὴν
3224 4271 3521 4344 ὁμοιότητα
3540 4290 3557 4304 ο

302 4362 405 4417 has
451 4361 757 4416 artificibus
815 4378 1012 4433 magno
1059 4362 1272 4426 studio,
1335 4370 1501 4432 atque
1556 4363 1649 4416 uui
1706 4378 1789 4435 ca]

2106 4352 2205 4424 μὲν
2251 4353 2474 4407 θεοειδεῖ
2513 4356 2611 4426 τῆς
2640 4354 2878 4419 διανοίας
2923 4357 3058 4428 πρὸς
3102 4358 3160 4411 τὸ
3195 4359 3334 4414 θεῖον
3361 4360 3564 4429 κάλλος

302 4451 548 4522 geminas
596 4451 847 4503 vultuum
904 4452 1110 4508 formas
1146 4451 1611 4521 insculpentibus,
1665 4464 1719 4507 ut
1779 4471 1789 4507 ι

2077 4445 2411 4516 ιορφωμένος
2437 4484 2451 4510 ,
2504 4447 2623 4508 ταῖς
2673 4446 2732 4499 δὲ
2785 4445 2926 4499 κατά
2978 4448 3148 4511 πάθος
3180 4449 3564 4521 ἐγγινομέναις

303 4550 644 4614 spectatores
688 4541 923 4611 quodam
974 4558 1097 4597 cum
1138 4553 1360 4613 stupore
1407 4543 1744 4610 intueantur,

2071 4539 2177 4600 ιαῖς
2226 4536 2362 4607 πρὸς
2405 4534 2468 4589 τὸ
2519 4535 2791 4606 κτηνῶδες
2840 4536 3020 4606 φέρων
3079 4537 3176 4608 τὴν
3224 4540 3558 4610 οἰκειότητα.

301 4635 436 4691 mihi
464 4645 519 4690 et
565 4634 620 4689 in
651 4634 874 4689 homine
905 4634 1101 4704 duplex
1139 4651 1265 4691 esse
1295 4635 1602 4691 similitudo
1632 4637 1788 4693 videti

2076 4626 2247 4692 ιλάκις
2288 4625 2353 4680 δὲ
2379 4626 2473 4679 καὶ
2500 4628 2529 4679 ὁ
2559 4625 2715 4695 λόγος
2745 4626 3144 4698 ἀποκτηνοῦται
3181 4628 3270 4681 διὰ
3295 4632 3394 4701 τῆς
3420 4632 3563 4701 πρὸς

301 4742 531 4798 quarum
567 4727 737 4782 altera
770 4726 928 4795 longe
956 4726 1024 4780 ab
1077 4727 1249 4781 altera
1299 4726 1583 4782 dissideat.
1617 4727 1788 4783 Divim

2078 4721 2257 4789 Ξλογον
2291 4719 2463 4791 ῥοπῆς
2493 4736 2552 4772 τε
2588 4718 2683 4772 κοιλ⁹
2720 4718 3032 4782 διαθέσεως,
3067 4721 3464 4788 συγκαλύπτων
3499 4722 3565 4776 τὸ

302 4819 445 4873 enim
472 4817 673 4874 mentis
702 4816 906 4871 donum
946 4816 1093 4887 quod
1140 4817 1355 4883 attinet,
1391 4815 1784 4888 'pulcltritudin

2076 4814 2218 4865 ῖττον
2246 4810 2325 4881 τῷ
2352 4810 2572 4882 χείρονι.
2637 4810 2888 4864 Ἐπειδὰν
2935 4810 3042 4883 γάρ
3084 4828 3169 4875 τις
3215 4811 3352 4882 πρὸς
3383 4812 3563 4867 ταῦτα

302 4908 417 4963 haec
455 4926 598 4976 eam,
638 4924 761 4980 quae
795 4910 852 4963 in
896 4907 1009 4964 Deo
1047 4916 1154 4970 est,
1202 4909 1411 4977 refert;
1456 4917 1716 4965 caeterum
1766 4928 1789 4982 η

2096 4902 2438 4974 διανοητικὴν
2465 4902 2742 4974 ἐνέργειαν
2769 4902 3097 4975 καθελκύσῃ,
3153 4905 3245 4958 καὶ
3274 4904 3560 4977 ὑπηρέτην

300 5002 632 5071 cupiditates
681 5002 733 5058 ei
787 5001 1038 5073 quazdam
1099 5003 1324 5069 insunt,
1384 5011 1522 5059 ortae
1586 5019 1648 5059 ex
1708 5005 1876 5060 animi

300 5092 537 5158 morbis,
581 5092 746 5148 etiam
778 5100 989 5148 natura}
1020 5093 1196 5148 bruta:
1249 5095 1583 5165 cognatione
1634 5102 1872 5153 tenetur.

300 5180 493 5253 Itaque
520 5200 913 5256 nonnunquam
952 5192 1006 5241 et
1040 5187 1156 5256 ipsa
1184 5186 1325 5242 ratio
1379 5188 1462 5242 sic
1507 5188 1873 5256 obbrutescit,

301 5282 364 5330 ut
410 5276 477 5331 ab
507 5276 794 5331 affectione
835 5291 965 5347 erga
1019 5277 1238 5332 brutam
1279 5286 1488 5348 partem
1530 5279 1696 5344 victa,
1730 5278 1877 5349 quod

302 5375 388 5423 est
447 5368 502 5422 in
562 5369 781 5423 homine
836 5370 1399 5438 praestantissimum,
1468 5371 1523 5427 vi
1584 5372 1877 5429 deterioris

304 5459 522 5515 obruat.
543 5456 679 5513 Nam
701 5458 748 5514 si
774 5461 898 5529 quis
920 5474 986 5515 eo
1007 5461 1207 5517 mentis
1234 5461 1551 5519 facultatem
1582 5463 1873 5533 pertrahit,

308 5558 372 5609 ut
406 5553 670 5609 rationem
710 5551 919 5610 servire
952 5552 1159 5611 morbis
1190 5554 1358 5611 animi
1393 5562 1551 5626 cogat
1580 5572 1592 5610 :
1626 5570 1709 5610 nae
1756 5565 1867 5610 tum

1976 4996 2229 5067 γενέσθαι
2252 4995 2361 5049 τῶν
2392 4994 2581 5048 παθῶν
2602 4995 2696 5049 τὸν
2722 4994 2978 5066 λογισμὸν
3007 4996 3350 5067 ὲκὸιάσηται,
3377 5014 3561 5069 παρα-

1975 5092 2148 5165 τροπή
2182 5109 2266 5155 τις
2296 5091 2504 5161 γίνεται
2531 5090 2624 5143 τοῦ
2670 5089 2873 5160 ἀγαθοῦ
2916 5090 3264 5164 χαρακτῆρος
3294 5091 3429 5162 πρὸς
3458 5092 3560 5165 τὴν

1983 5185 2174 5254 ἄλογον
2202 5184 2413 5249 εἰκόνα,
2459 5183 2639 5254 πάσης
2665 5183 2798 5254 πρὸς
2822 5181 2979 5236 τοῦτο
3005 5183 3563 5256 μεταχαρασσομένης

1983 5280 2081 5349 τῆς
2110 5276 2344 5347 φύσεως,
2374 5275 2623 5347 καθάπερ
2646 5274 3016 5346 γεωργοῦντος
3046 5276 3141 5328 τοῦ
3172 5276 3434 5347 λογισμοῦ
3458 5276 3561 5341 τάς

1980 5371 2090 5424 τῶν
2120 5368 2458 5441 παθημάτων
2503 5368 2713 5440 ἀρχὰς,
2759 5370 2853 5423 καὶ
2893 5368 2961 5423 δι’
2992 5368 3184 5438 ὀλίγων
3227 5371 3307 5433 είς
3354 5370 3562 5441 πλῆθος

1980 5460 2321 5526 ὲπαὺξοντος.
2376 5460 2486 5531 Τὴν
2511 5460 2620 5529 γὰρ
2645 5462 2774 5532 παρ’
2802 5460 2996 5514 ἑαυτοῦ
3029 5461 3319 5532 συνεργίαν
3347 5464 3564 5534 χρήσας

1980 5555 2058 5625 τῷ
2090 5554 2267 5621 πάθει,
2316 5553 2576 5625 πολύχουν
2622 5554 2713 5608 καὶ
2758 5554 3041 5625 ἀμφιλαφῆ
3074 5554 3169 5625 τὴν
3199 5554 3305 5609 τῶν
3340 5555 3560 5612 ἀτόπων
