3766 5988
151 225 258 283 195

1393 217 1480 274 DF.
1530 217 1815 274 HOMINIS
1856 218 2168 275 OI‘IFICIO.

3320 204 3426 282 tat

153 343 372 409 γένεσιν
419 332 815 410 ἀπειργάσατο.
862 336 1049 401 Οὕτως
1093 336 1128 406 ὴ
1184 334 1462 407 φιληδονία
1507 337 1608 409 τὴν

1937 336 2112 392 iversa
2163 341 2359 389 natura
2407 335 2463 389 in
2516 334 2678 389 aliam
2718 335 2877 404 quasi
2924 335 3153 406 ﬁguram
3183 341 3424 401 redacta,

146 430 331 504 ἀρχὴν
360 429 519 501 ἔσχεν
547 431 615 484 ἐκ
639 429 740 500 τῆς
773 429 911 501 πρὸς
940 428 1003 481 τὸ
1045 426 1239 496 ἄλογον
1265 425 1595 497 ὁμοιώσεως,
1633 425 1750 480 ἀλλ’

153 526 216 578 ιν
265 525 380 587 τοίς
439 520 805 593 ἀνθρωπίνοις
860 519 1295 591 πλημμελήμασι
1355 517 1704 589 προσηυξήθη
1731 558 1746 583 ,

152 612 425 677 τοσαύτας
466 613 733 684 διαφορὰς
780 611 887 665 τῶν
932 611 1076 667 κατὰ
1115 610 1213 681 τὴν
1266 609 1454 681 ἡδονὴν
1500 611 1748 681 ἁμαρτα-

154 706 398 777 νομένων
438 707 774 774 γεννήσασα,
807 704 938 767 ὅσας
983 703 1040 756 ὲν
1068 705 1181 765 τοῖς
1226 700 1439 769 ἀλόγοις
1471 701 1570 754 οὐκ
1603 700 1749 753 ἐστιν

156 793 362 866 εὑρεῖν.
396 792 586 856 Οὓτως
616 793 650 863 ἡ
700 792 838 865 πρὸς
886 792 977 845 τὸν
1023 788 1195 862 θυμὸν
1241 789 1588 853 διανάστασις
1620 806 1753 859 συγ-

165 886 333 956 γενὴς
382 887 481 957 μέν
512 886 630 938 ἐστι
656 887 723 956 τῇ
758 883 868 938 τῶν
901 883 1112 952 ἀλόγων
1143 885 1310 954 ὁρμῇ,
1345 880 1566 947 αὔξεται
1597 882 1654 935 δὲ
1684 883 1750 953 τῇ

160 977 274 1031 τῶν
324 975 602 1046 λογισμῶν
645 975 953 1046 συμμαχίᾳ.
1014 973 1256 1028 Ἐκεῖθεν
1286 973 1396 1044 γὰρ
1434 975 1468 1045 ἡ
1516 973 1693 1044 μῆνις,
1722 972 1752 1024 ό

155 1067 375 1137 φθόνος,
410 1067 472 1120 τὺ
495 1066 712 1137 ψεῦδος,
748 1068 782 1138 ἡ
814 1064 1093 1135 ὲπιὸουλὴ,
1134 1067 1168 1136 ὴ
1204 1064 1511 1136 ὑπόκρισις.

1856 428 2072 481 eximiae
2103 425 2290 481 formae
2320 427 2374 481 in
2404 426 2700 496 imaginem
2724 425 2943 480 brutam
2966 426 3024 481 fit
3048 432 3424 498 commutatio,

1854 517 2069 570 ratione
2101 516 2326 572 morbos
2357 515 2482 569 illos
2515 516 2669 585 ipsos
2722 515 3026 580 excolente,
3061 531 3126 572 ac
3158 518 3313 574 brevi
3359 520 3428 576 de

1856 608 2048 676 paucis
2079 621 2331 677 magnam
2362 620 2551 660 eorum
2602 606 2815 675 copiam
2850 605 3137 662 efficiente.
3197 606 3426 664 Omnem

1806 748 1810 752 Α
1854 699 1997 753 enim
2019 707 2251 770 'operam
2293 714 2448 754 suam
2483 698 2563 753 eis
2591 699 2747 768 quasi
2775 699 2985 765 locans,
3012 700 3143 756 facit
3168 709 3229 756 ut
3251 703 3429 771 ampla

1847 785 2094 855 quaedam
2142 799 2325 840 rerum
2391 785 2759 840 absurdarum
2811 801 2873 843 ac
2935 789 3105 845 densa
3162 790 3431 845 materies

1849 877 2145 932 exoriatur.
2184 877 2277 932 Sic
2303 893 2428 933 cum
2459 879 2760 948 voluptatis
2794 879 3036 934 studium
3066 896 3131 935 ex
3165 880 3431 935 similitu-

1851 973 1998 1039 dine,
2032 988 2140 1043 qua
2171 973 2333 1029 bruta
2360 972 2671 1039 referimus,
2703 974 3009 1045 profectum
3039 977 3094 1031 in
3122 977 3284 1031 nobis
3311 977 3384 1031 sit
3409 994 3425 1029 :

1851 1061 1988 1117 adeo
2017 1070 2198 1117 tamen
2230 1064 2514 1119 hominum
2547 1063 2768 1121 delictis
2800 1066 2992 1131 crevit,
3023 1077 3085 1120 ut
3116 1066 3172 1119 in
3212 1068 3430 1120 anima-

160 1158 311 1214 libus
367 1159 586 1214 ratione
641 1158 961 1214 carentibus
1019 1167 1103 1214 tot
1158 1160 1501 1228 voluptatum
1564 1158 1754 1213 formae
1801 1156 1953 1211 nullo
1999 1158 2162 1212 modo
2214 1158 2739 1228 deprehendantur,
2798 1166 2931 1228 quot
3000 1158 3430 1229 voluptariorum

154 1250 444 1305 hominum
476 1252 709 1308 scelesta
765 1252 935 1308 libido
978 1253 1329 1325 excogitavit.
1386 1252 1479 1307 Sic
1524 1260 1579 1307 et
1622 1252 1791 1305 animi
1847 1253 1915 1306 ad
1972 1252 2108 1306 iram
2159 1255 2482 1319 commotio,
2544 1254 2708 1309 habet
2758 1253 2851 1307 illa
2897 1253 3115 1323 quidem
3177 1252 3429 1331 npnuihil

155 1342 322 1398 aliine
357 1342 649 1414 cupiditati
686 1345 978 1400 brutorum
1012 1362 1025 1398 :
1060 1361 1249 1401 verum
1303 1347 1476 1399 multo
1530 1345 1764 1399 maxime
1815 1357 1844 1396 a
1890 1343 2123 1399 rationis
2161 1360 2265 1415 ope
2312 1352 2563 1417 augetur.
2594 1346 2676 1401 Ab
2729 1347 2833 1401 hac
2881 1345 3030 1401 enim
3063 1344 3432 1415 proficiscitur

157 1434 421 1490 diuturna
454 1436 579 1490 irati
602 1435 769 1489 animi
800 1436 1094 1499 acerbitas,
1118 1436 1345 1503 invidia,
1367 1435 1737 1511 mendacium,
1762 1434 1998 1500 insidiae,
2033 1437 2331 1492 simulatio.

226 1529 419 1583 Ταῦτα
434 1530 610 1583 πάντα
620 1530 715 1599 τῆς
739 1532 979 1601 πονηρᾶς
994 1529 1087 1584 τοῦ
1106 1529 1197 1584 νοῦ
1217 1531 1487 1601 γεωργίας
1500 1531 1668 1586 ἐστίν.
1686 1533 1713 1584 Ε

1940 1529 2049 1586 Ηωο
2104 1534 2291 1587 omnia
2349 1548 2531 1603 pravae
2585 1532 2786 1588 mentis
2832 1533 2991 1601 quasi
3052 1528 3427 1600 agricolationi

156 1622 268 1693 γάρ
283 1622 601 1693 γυμνωθείη
622 1623 721 1693 τῆς
734 1625 799 1676 ἐκ
812 1622 917 1676 τῶν
931 1623 1206 1694 λογισμῶν
1238 1625 1550 1696 συμμαχίας
1563 1624 1623 1677 τὸ
1640 1624 1745 1679 πά-

158 1711 272 1775 θος,
302 1711 595 1782 ὠκύμορός
621 1728 705 1775 τις
744 1711 839 1764 καὶ
879 1712 1062 1784 ἄτονος
1091 1714 1118 1766 ό
1137 1711 1308 1784 θυμὸς
1338 1714 1745 1779 καταλείπεται,

157 1801 513 1873 πομφόλυγος
535 1801 688 1871 δίκην
709 1798 843 1872 όμοῦ
871 1818 928 1855 τε
957 1802 1259 1873 γινόμενος,
1293 1803 1386 1857 καὶ
1407 1802 1569 1867 εὐθὺς
1583 1803 1749 1856 ἀπολ-

156 1892 409 1963 λύμενος.
436 1892 623 1957 Οὕτως
638 1895 671 1963 ἡ
688 1892 797 1947 τῶν
816 1893 955 1947 συῶν
986 1894 1292 1965 λαιμαργία
1315 1894 1414 1966 τὴν
1439 1894 1748 1959 πλεονεξίαν

160 1985 475 2055 εἰσήνεγκε,
501 1984 595 2036 καὶ
613 1983 676 2037 τὸ
702 1984 796 2037 τοῦ
826 1984 993 2038 ἵππου
1014 1985 1218 2057 γαῦρον
1241 1985 1432 2054 γέγονε
1460 1984 1562 2056 τῆς
1582 1988 1752 2058 ὑπερ-

158 2073 399 2143 ηφανίας
456 2072 599 2144 ἀρχή
623 2090 637 2104 ⁸
700 2074 795 2128 καὶ
845 2074 914 2127 τὰ
967 2075 1091 2128 καθ’
1140 2075 1370 2129 ἕκαστον
1421 2077 1598 2130 πάντα
1652 2078 1751 2150 τῆς

160 2163 474 2234 κτηνώδους
518 2162 742 2232 ἀλογίας
780 2165 1189 2237 ἀφορμηθέντα,
1239 2165 1325 2220 διὰ
1363 2167 1462 2237 τῆς
1508 2168 1751 2239 πονηρᾶς

158 2254 255 2308 τοῦ
288 2254 383 2310 νοῦ
418 2256 670 2327 χρήσεως
707 2256 878 2310 κακία
924 2257 1160 2326 ἐγένετο,
1194 2257 1382 2329 ὥσπερ
1414 2252 1505 2312 οὖν
1552 2259 1645 2313 καὶ
1688 2259 1751 2312 τὸ

161 2344 422 2417 ἔμπαλιν,
464 2345 625 2417 εἴπερ
655 2349 683 2399 ὁ
711 2346 981 2419 λογισμὸς
997 2347 1107 2402 τῶν
1139 2349 1392 2403 τοιούτων
1433 2350 1750 2421 κινημάτων

161 2437 586 2507 ἀντιμεταλάὃοι
632 2438 697 2492 τὺ
726 2440 948 2510 κράτος,
982 2442 1063 2505 είς
1106 2441 1308 2511 ἀρετῆς
1351 2436 1489 2504 εἶδος
1519 2442 1749 2496 ἕκαστον

159 2526 371 2581 τούτων
403 2529 872 2599 ἀντιμεθίσταται.
917 2532 1069 2584 Ποιεῖ
1111 2531 1222 2604 γὰρ
1249 2533 1278 2584 ό
1325 2533 1424 2602 μὲν
1452 2532 1622 2604 θυμὸς
1652 2532 1750 2603 τὴν

164 2617 412 2688 ἀνδρίαν,
445 2618 506 2672 τὸ
538 2618 593 2672 δὲ
620 2619 792 2673 δειλὸν
816 2620 915 2690 τὴν
940 2620 1257 2690 ἀσφάλειαν,
1285 2621 1379 2675 καὶ
1407 2624 1434 2674 ό
1465 2621 1625 2691 φόϐος
1652 2622 1751 2692 τὴν

163 2707 505 2774 εὐπείθειαν,
528 2707 589 2761 τὺ
613 2711 768 2779 μῖσος
799 2709 857 2762 δὲ
886 2710 984 2779 τὴν
1017 2709 1118 2779 τῆς
1147 2711 1346 2774 κακίας
1382 2710 1751 2782 ἀποστροφὴν,

164 2801 203 2867 ἡ
229 2799 287 2851 δὲ
321 2800 645 2871 ἀγαπητικὴ
690 2800 917 2871 δύναμις
960 2802 1059 2871 τὴν
1092 2802 1228 2871 πρὸς
1258 2803 1318 2855 τὸ
1345 2801 1560 2871 ἀληθῶς
1588 2802 1750 2855 καλὸν

164 2887 490 2958 ἐπιθυμίαν.
537 2889 612 2941 Τὸ
656 2889 713 2942 δὲ
761 2870 962 2960 γαῦρον
1001 2870 1094 2943 τοῦ
1128 2870 1290 2960 ἤθους
1326 2870 1612 2960 ὑπεραίρει
1645 2890 1752 2947 τῶν
1780 2870 1825 2932 c

162 2979 550 3049 παθημάτων,
592 2980 686 3033 καὶ
730 2980 1029 3035 ἀδούλωτον
1071 2980 1175 3034 ὑπὸ
1213 2980 1307 3034 τοῦ
1358 2980 1529 3034 κακοῦ
1559 2982 1753 3050 διαφυ-

164 3072 361 3125 λάσσει
406 3072 469 3125 τὺ
515 3072 790 3143 φρόνημα.
867 3073 1110 3127 Ἐπαινεί
1155 3073 1213 3126 δὲ
1273 3073 1334 3126 τὸ
1376 3072 1615 3128 τοιοῦτον
1657 3074 1755 3145 τῆς

166 3162 462 3233 ὲτεάρσεως
504 3159 645 3227 εἶδος
685 3165 781 3217 καὶ
827 3164 855 3216 ό
900 3164 1071 3235 μέγας
1123 3164 1463 3231 Ἀπόστολος,
1515 3165 1753 3237 συνεχῶς

165 3250 598 3321 ἐγκελευόμενος
637 3250 707 3305 τά
735 3252 846 3306 ἀνω
878 3255 1117 3325 φρονεῖν.
1156 3254 1266 3306 Καὶ
1294 3253 1466 3317 οὕτως
1493 3254 1638 3308 ἐστιν
1669 3254 1759 3308 εύ-

171 3345 323 3413 ρεῖν,
376 3343 465 3395 ὅτι
512 3344 624 3397 πᾶν
664 3342 725 3396 τὸ
772 3334 1024 3397 τοιοῦτον
1056 3344 1262 3415 κίνημα
1302 3344 1380 3415 τῷ
1424 3344 1612 3417 ὑψηλῷ
1655 3345 1771 3417 τῆς

167 3431 412 3496 διανοίας
442 3433 921 3505 συνεπαιρόμενον,
960 3433 1039 3506 τῷ
1071 3434 1212 3489 κατὰ
1248 3435 1348 3507 τὴν
1380 3435 1530 3489 θείαν
1571 3438 1756 3491 είκόνα

170 3522 361 3576 κάλλει
390 3524 876 3594 συσχηματίζεται.
917 3527 1056 3580 Ἀλλ’
1088 3527 1275 3597 ἐπειδὴ
1304 3526 1498 3599 βαρεῖά
1524 3527 1608 3591 τίς
1640 3529 1756 3582 ἐστι

173 3614 270 3666 καὶ
315 3616 648 3686 κατωφερὴς
689 3617 722 3686 ή
767 3618 869 3687 τῆς
914 3617 1188 3687 ἁμαρτίας
1234 3619 1405 3689 ῥοπὴ,
1462 3618 1647 3673 πλεῖον
1694 3619 1757 3673 τὸ

171 3704 361 3775 ἕτερον
406 3704 618 3773 γίνεται
649 3722 665 3736 ⁸
713 3707 911 3777 μᾶλλον
953 3708 1062 3779 γὰρ
1104 3707 1183 3778 τῷ
1231 3707 1384 3779 βάρει
1418 3709 1515 3779 τῆς
1557 3708 1754 3778 ἀλόγου

176 3795 394 3863 φύσεως
438 3798 893 3864 συγκατασπᾶται
937 3797 1002 3852 τὸ
1042 3799 1364 3870 ἡγεμονικὸν
1416 3799 1516 3871 τῆς
1541 3798 1717 3870 ψυχῆς
1737 3838 1753 3864 ν

172 3886 321 3959 ἥπερ
352 3888 430 3958 τῷ
464 3888 589 3957 ὕψει
633 3888 736 3958 τῆς
778 3889 1016 3953 διανοίας
1061 3890 1122 3943 τὸ
1167 3890 1302 3961 βαρύ
1348 3908 1409 3944 τε
1450 3891 1545 3945 καὶ
1572 3892 1756 3962 χοῖκὺν

174 3975 498 4046 ἀννᾷοὗται.
552 3977 651 4031 Διά
681 3978 839 4032 τοῦτο
871 3979 1129 4042 πολλάκις
1173 3980 1482 4049 ἀγνοεῖσθαι
1523 3985 1667 4035 ποιεῖ
1694 3982 1757 4035 τὸ

174 4065 319 4120 θεῖον
356 4067 531 4137 δῶρον
560 4070 595 4139 ἡ
623 4068 750 4139 περὶ
785 4070 933 4140 ἡμᾶς
974 4068 1244 4141 ἀθλιότης,
1276 4065 1386 4123 οἷον
1420 4075 1756 4143 προσωπεῖον

176 4156 414 4228 εἰδεχθὲς
460 4156 539 4227 τῷ
588 4159 728 4212 κατά
773 4159 872 4230 τὴν
916 4160 1101 4214 εἰκόνα
1141 4160 1430 4215 κάλλειτά
1468 4162 1612 4234 πάθη
1658 4163 1756 4234 τῆς

1853 1630 2079 1693 accepta
2132 1622 2355 1678 ferenda
2393 1631 2540 1679 sunt.
2595 1622 2731 1677 Nam
2771 1623 2816 1678 si
2843 1623 2957 1677 haec
2991 1622 3160 1676 animi
3206 1629 3428 1691 pertur-

1854 1709 2027 1775 batio,
2060 1727 2223 1781 quam
2257 1711 2396 1765 iram
2426 1712 2683 1777 dicimus,
2716 1727 2747 1766 a
2774 1711 3003 1767 rationis
3057 1727 3159 1781 ope
3191 1710 3429 1766 societa-

1851 1807 2016 1871 teque
2064 1802 2494 1869 destitueretur,
2557 1802 2706 1858 haud
2757 1802 2922 1857 dubie
2985 1810 3427 1856 momenlaneum

1852 1890 2109 1960 quiddam
2154 1902 2208 1946 et
2261 1892 2582 1963 languidum
2639 1890 2803 1959 foret,
2841 1891 2988 1962 quod
3038 1892 3211 1946 instar
3266 1890 3429 1945 bulla;

1858 1983 2025 2037 simul
2055 1991 2110 2038 et
2145 1984 2404 2047 oriretur,
2440 1990 2494 2037 et
2537 1983 2805 2038 interiret.
2842 1982 2935 2037 Sic
2965 1982 3035 2036 ad
3068 1982 3427 2037 imitationem

1852 2073 2114 2143 ingluviei
2155 2088 2469 2143 porcorum,
2496 2074 2748 2130 homines
2772 2072 3018 2128 avaritiae
3048 2073 3228 2128 studio
3257 2071 3429 2128 teneri

1850 2175 2176 2236 creperum:
2233 2167 2314 2221 sic
2366 2167 2423 2220 in
2488 2166 2647 2236 cquis
2699 2165 2840 2221 elata
2896 2164 3102 2221 ferocia
3159 2164 3430 2234 superbiae

1854 2261 2201 2314 occasionem
2233 2259 2483 2326 praebuit.
2519 2256 2762 2328 Denique
2790 2256 3231 2328 perturbationes
3261 2254 3428 2309 animi

1853 2350 2124 2406 universae
2161 2356 2216 2404 et
2270 2348 2499 2419 singulae
2534 2362 2565 2400 a
2596 2348 2773 2403 brutis
2818 2356 2974 2413 ortae,
3019 2361 3187 2417 prava
3223 2345 3427 2401 mentis

1852 2440 2209 2510 usurpatione
2226 2439 2481 2494 vitiorum
2505 2439 2661 2509 origo
2680 2441 3032 2494 exstiterunt.
3057 2436 3100 2489 E
3122 2436 3425 2502 contrario,

1851 2533 1898 2588 si
1935 2532 2218 2601 imperium
2255 2531 2310 2584 in
2343 2530 2444 2584 bos
2475 2529 2643 2583 animi
2698 2537 2881 2584 motus
2928 2528 2985 2582 in
3031 2542 3090 2583 se
3124 2525 3428 2582 transferat

1849 2618 1992 2676 ratio
2019 2639 2033 2676 :
2067 2621 2267 2691 singuli
2298 2619 2518 2676 virtutis
2553 2619 2784 2674 formam
2821 2617 3073 2672 induunt.
3105 2616 3241 2670 Nam
3270 2616 3429 2671 forti-

1851 2713 1986 2770 tudo
2016 2728 2081 2767 ex
2119 2711 2404 2767 iracundia
2439 2713 2656 2766 oritur:
2697 2709 2964 2765 timiditas
2998 2708 3148 2772 facit,
3186 2715 3245 2761 ut
3276 2714 3429 2762 certo

1854 2803 2112 2874 praesidio
2164 2810 2381 2858 nosmet
2430 2802 2785 2856 muniamus:
2839 2807 3041 2863 metus,
3084 2807 3143 2853 ut
3201 2799 3430 2854 libenter

1856 2910 2149 2967 pareamus
2180 2912 2193 2948 :
2226 2894 2415 2950 odium
2446 2894 2504 2948 in
2525 2890 2942 2948 aversationem
2989 2890 3246 2945 vitiorum
3277 2904 3430 2943 com-

1860 2993 2101 3041 mutatur
2127 3000 2142 3050 ;
2174 2984 2418 3039 charitas
2449 2998 2592 3038 verae
2625 2981 2846 3036 virtutis
2876 2981 2934 3035 in
2983 2980 3140 3036 nobis
3189 2994 3428 3034 amorem

1857 3076 2058 3132 excitat
2084 3092 2099 3141 ;
2129 3075 2272 3130 elata
2303 3074 2563 3130 ferocitas
2612 3072 2763 3138 facit,
2814 3079 2875 3126 ut
2917 3087 3083 3141 supra
3130 3070 3421 3140 perturba-

1857 3166 2035 3223 tiones
2056 3180 2248 3221 omnes
2270 3179 2371 3220 nos
2390 3163 2701 3228 efferamus,
2727 3169 2782 3216 et
2810 3161 2974 3215 animi
3002 3158 3430 3230 magnitudinem

1858 3264 2171 3323 conservat,
2206 3271 2315 3325 quo
2349 3255 2534 3311 minus
2567 3255 2615 3309 is
2649 3268 2681 3309 a
2729 3253 2879 3309 vitiis
2918 3261 3207 3323 superatus
3256 3249 3430 3306 servi-

1859 3354 2029 3403 tutem
2078 3346 2302 3401 serviat.
2353 3343 2681 3415 Huiusmodi
2723 3350 2872 3398 certe
2920 3342 3089 3396 animi
3136 3341 3429 3396 elationem

1857 3451 2091 3507 magnus
2120 3437 2285 3493 etiam
2312 3435 2605 3506 Apostolus
2620 3432 2711 3491 ille
2723 3429 3041 3502 praedicat”,
3058 3430 3152 3499 qui
3170 3430 3428 3501 frequen-

1855 3535 1942 3585 ter
1971 3543 2072 3583 nos
2102 3528 2441 3592 cohortatur,
2474 3533 2535 3580 ut
2561 3526 2642 3581 eis
2667 3540 2788 3594 qua:
2815 3538 3034 3579 sursum
3065 3530 3219 3586 sunt,
3247 3523 3431 3577 addic-

1860 3620 1900 3674 ti
1954 3619 2147 3677 simus.
2197 3616 2273 3671 De
2334 3630 2443 3686 quo
2488 3616 2598 3684 jam
2650 3621 2704 3668 et
2749 3613 2883 3667 illud
2940 3606 3164 3681 intelligi
3226 3618 3426 3679 potest,

1860 3726 2077 3766 omnem
2131 3705 2297 3763 animi
2348 3714 2554 3761 motum
2605 3718 2716 3758 una
2780 3718 2905 3757 cum
2959 3702 3175 3757 excelsa
3226 3701 3427 3755 mentis

1858 3801 2118 3858 facultate
2169 3814 2228 3854 se
2275 3797 2632 3862 attollentem,
2667 3793 2734 3849 ad
2780 3794 2973 3849 divinae
3026 3792 3276 3863 imaginis
3308 3792 3429 3863 pul-

1859 3892 2226 3949 chritudinem
2265 3885 2768 3944 conformari.Cum
2801 3893 2978 3940 autem
3003 3883 3268 3955 gravitate
3292 3898 3430 3956 quao

1858 3984 1984 4039 dam
2019 3997 2117 4038 sua
2154 3980 2409 4036 deorsum
2444 3980 2577 4033 vitia
2612 3987 2841 4049 vergant
2870 3995 2885 4046 ;
2923 3977 3128 4031 idcirco
3168 3974 3421 4045 frequen.

1858 4077 1969 4132 tius
2004 4074 2062 4130 id
2096 4074 2243 4145 quod
2281 4055 2621 4127 contrarium
2675 4071 2802 4126 huic
2831 4076 2934 4135 est,
2989 4068 3206 4124 accidit.
3256 4067 3428 4146 Multo

1858 4167 2023 4222 citius
2054 4165 2199 4221 enim
2230 4164 2489 4233 princeps
2521 4163 2688 4217 animi
2729 4162 2965 4216 facultas
2998 4161 3173 4215 brutze
3218 4169 3429 4215 naturae

176 4246 382 4317 σαρκὸς
411 4247 843 4303 ὲπιπλάσσουσα.
876 4249 1082 4303 Οὐκοῦν
1114 4251 1446 4319 συγγνωστοί
1472 4229 1663 4315 πώς-εί

1941 4259 2098 4313 ndcre
2125 4256 2359 4325 impulsa
2387 4252 2731 4324 deprimitur,
2761 4267 2923 4322 quam
2973 4249 3116 4320 quod
3163 4266 3326 4320 grave
3364 4264 3428 4304 ac

176 4340 224 4392 oi
250 4339 392 4409 πρὸς
419 4339 491 4392 τὰ
517 4339 741 4394 τοιαῦτα
771 4339 1077 4411 βλέποντες,
1102 4337 1221 4395 εἶτα
1252 4341 1350 4412 τὴν
1373 4341 1520 4395 θείαν
1546 4343 1758 4413 μορφὴν

178 4429 237 4481 ὲν
258 4428 479 4492 τούτοις
498 4424 634 4483 εἶναι
669 4430 770 4483 ούκ
805 4431 1042 4503 εὐχερῶς
1064 4432 1453 4503 συντιθέμενοι.
1492 4434 1650 4488 Ἀλλὰ
1673 4435 1761 4489 διά

180 4518 288 4571 τῶν
315 4519 767 4591 κατωρθωκότων
787 4521 877 4575 τὸν
909 4522 1040 4592 βίον,
1071 4522 1248 4590 ἔξεστι
1269 4524 1365 4594 τὴν
1393 4525 1539 4579 θείαν
1568 4528 1624 4581 ὲν
1649 4529 1760 4590 τοῖς

178 4608 488 4680 ἀνθρώποις
520 4612 702 4665 εἰκόνα
735 4611 971 4682 βλέπειν.
1016 4614 1079 4669 Et
1108 4613 1214 4687 γὰρ
1248 4616 1501 4688 ἐμπαθὴς
1542 4634 1626 4681 τις
1667 4618 1760 4671 καὶ

181 4701 434 4772 σάρκινος
459 4700 537 4755 ῶν
563 4703 909 4758 ἀπιστεῖσθαι
938 4709 1081 4759 ποιεῖ
1099 4704 1190 4761 τὸν
1218 4706 1500 4778 ἄνθρωπον
1529 4707 1603 4772 ὼς
1630 4707 1757 4779 θείῳ

182 4792 361 4846 κάλλει
388 4795 805 4864 κεκοσμημένον
830 4811 845 4827 ⁸
884 4798 912 4850 ό
938 4796 1139 4868 ὑψηλὸς
1170 4797 1384 4862 πάντως
1419 4797 1518 4870 τὴν
1557 4799 1756 4870 ἀρετὴν

183 4883 271 4936 καὶ
302 4884 629 4954 καθαρεύων
676 4887 742 4938 ἐκ
783 4886 1142 4958 μολυσμάτων
1187 4888 1475 4959 βεϐαιώσει
1523 4905 1605 4942 σοι
1655 4890 1754 4962 τὴν

184 4970 313 5038 πρδς
341 4971 406 5023 τὸ
442 4974 691 5042 κρεῖττον
721 4974 815 5027 ἐπὶ
842 4973 951 5029 τῶν
979 4975 1075 5029 ἀνθ
1084 4975 1279 5046 ρώπων
1305 4976 1593 5049 ὑπόληψιν.
1628 4972 1754 5031 Οἷον

184 5060 424 5126 κρεῖττον
490 5061 602 5131 γάρ
646 5062 707 5114 ὲν
760 5062 1115 5135 ὑποδείγματι
1172 5064 1340 5132 δεῖξαι
1399 5066 1492 5121 τὸν
1549 5066 1706 5136 λόγον
1736 5085 1751 5101 ⁸

180 5149 443 5221 ἁπήλειψε
468 5151 547 5223 τῷ
570 5153 672 5224 τῆς
703 5154 969 5228 πονηρίας
994 5155 1294 5229 μολύσματι
1320 5157 1381 5211 τὸ
1414 5159 1514 5229 τῆς
1540 5160 1756 5229 φύσεως

181 5239 370 5303 κάλλος
398 5258 486 5304 τις
501 5241 611 5295 τῶν
635 5244 728 5298 ἐπὶ
750 5244 919 5317 κακίᾳ
947 5247 1257 5319 γνωρίμων,
1298 5248 1549 5321 Ἰεχονίας
1570 5250 1752 5321 τυχὸν,

181 5330 213 5398 ἦ
259 5330 315 5383 ετ
352 5348 438 5396 τις
484 5334 667 5408 ἔτερος
710 5337 806 5392 ἐπὶ
855 5340 1008 5411 κακῷ
1056 5342 1487 5413 μνημονεύεται·
1541 5343 1657 5399 ἀλλ’
1696 5346 1754 5400 ἐν

182 5421 384 5494 Ιίωῦσῇ
427 5424 525 5477 καὶ
552 5430 665 5491 τοῖς
691 5431 816 5484 κατ’
858 5430 1061 5488 ἐκεῖνον
1093 5431 1312 5505 καθαρὰ
1351 5433 1679 5508 διεφυλάχθη
1715 5437 1751 5508 ἡ

249 5600 295 5633 ⁶²
320 5601 541 5661 Coloss.
580 5604 720 5675 tu,l.

1858 4353 2095 4401 terreum
2126 4351 2233 4409 est,
2263 4359 2374 4398 una
2407 4357 2530 4398 cum
2565 4351 2746 4396 mente
2784 4343 2841 4395 in
2877 4340 3046 4394 altum
3086 4341 3426 4395 sublevetur.

1854 4436 2071 4491 Idcirco
2112 4450 2257 4504 saepe
2308 4434 2477 4488 divini
2527 4432 2773 4487 muneris
2814 4431 3167 4503 praestantia,
3223 4447 3430 4502 praepe-

1857 4528 2040 4583 diente
2072 4526 2293 4582 miseria
2319 4534 2530 4586 nostra,
2558 4539 2668 4578 non
2696 4523 2831 4578 satis
2859 4524 2913 4577 in
2962 4523 3121 4578 nobis
3165 4523 3430 4594 perspici-

1858 4624 1986 4692 tur;
2028 4616 2195 4686 fitque
2226 4621 2286 4669 ut
2323 4612 2681 4685 pulchritudo
2712 4612 2912 4668 divinae
2935 4613 3163 4684 imagini
3194 4629 3425 4685 respon-

1860 4711 2017 4775 dens,
2066 4707 2276 4763 morbis
2306 4707 2491 4762 carnis
2536 4712 2793 4775 tanquam
2829 4705 3145 4775 turpissima
3190 4705 3425 4774 quadam

1859 4802 2008 4856 larva
2053 4800 2398 4856 obducatur:
2453 4798 2684 4868 ideoque
2720 4798 2931 4852 veniam
2981 4797 3219 4867 quodam
3263 4798 3429 4853 modo

1858 4902 2159 4958 merentur,
2197 4893 2242 4947 si
2277 4893 2368 4963 qui
2409 4891 2477 4945 ad
2511 4890 2825 4957 huiusmodi
2850 4888 3097 4958 quaedam
3125 4888 3429 4956 respicien—

1860 4990 1965 5051 tes,
2018 4999 2140 5038 esse
2172 4982 2226 5036 in
2280 4982 2366 5037 his
2420 4980 2711 5050 imaginem
2759 4977 2851 5032 Dei
2903 4990 3065 5047 posse
3112 4990 3221 5028 non
3269 4972 3429 5032 facile

1862 5073 2192 5129 concedunt.
2225 5064 2462 5126 lllustris
2485 5070 2577 5125 illa
2608 5068 2856 5139 profecto
2878 5067 2932 5120 in
2960 5067 3040 5121 eis
3069 5065 3424 5137 conspicitur,

1862 5165 1956 5236 qui
2018 5164 2189 5219 vitam
2242 5176 2399 5216 suam
2454 5159 2525 5215 ad
2586 5159 2804 5214 virtutis
2866 5171 3116 5211 normam
3174 5170 3426 5217 accurate

1864 5257 2182 5323 exegerunt.
2214 5248 2369 5315 Quod
2396 5250 2441 5304 si
2468 5262 2628 5317 quem
2666 5247 2834 5301 animi
2866 5245 3073 5301 morbis
3101 5246 3429 5318 obnoxium,

1863 5342 2130 5414 cernique
2151 5338 2418 5405 deditum,
2448 5339 2631 5393 divina
2666 5336 3075 5409 pulchritudine
3105 5348 3428 5395 exornatum

1862 5450 1985 5494 esse
2025 5449 2136 5491 non
2170 5431 2392 5498 credis;
2443 5440 2501 5485 at
2548 5430 2607 5485 in
2657 5430 2825 5486 alium
2871 5433 3107 5501 intuere,
3160 5432 3322 5506 cujus
3380 5432 3433 5488 in
