3766 5988
358 193 470 254 195

1618 181 1678 236 S.
1719 177 2046 235 GREGORII
2084 176 2373 235 NYSSENI

3512 165 3618 225 196

359 307 578 365 excelso
599 305 776 362 virtus
803 304 898 369 sit,
923 311 978 360 et
1000 301 1095 373 qui
1121 315 1295 374 purus
1319 298 1393 357 sit
1420 314 1450 355 a
1475 299 1743 374 scelerum
1770 298 1928 354 labe:

2122 315 2134 361 ;
2167 297 2369 359 εἰκόνος
2405 293 2611 367 μορφή.
2639 259 2744 344 ἷἙν
2767 283 2847 354 οἷς
2883 286 3061 344 τοίνυν
3085 283 3184 343 οὐκ
3220 281 3528 356 ὴμαυρώθη
3554 284 3614 336 τὸ
3653 338 3668 344 _.
3691 339 3733 344 __

361 399 411 454 is
443 395 603 452 facile
633 403 686 449 te
715 391 1081 457 conﬁrmabit,
1117 399 1176 446 ut
1219 390 1514 463 benignius
1544 388 1612 444 de
1643 388 1929 443 hominum

361 493 560 540 natura
613 480 846 537 sentias.
870 477 1149 534 Exstittxit
1201 485 1414 534 naturae
1463 475 1932 548 pulchritudinem

362 573 586 642 (rectius
621 571 766 625 enim
801 569 914 622 haec
949 569 1326 638 exemplorum
1367 565 1701 620 indicatione
1748 564 1930 619 decla-

363 661 578 732 rantur)
611 674 708 730 per
737 659 1004 713 scelerum
1046 657 1483 727 inquinationem
1515 655 1736 726 quidam
1773 653 1931 708 nobi-

363 753 550 806 litatus
605 749 864 820 ﬂagitiis,
914 747 1065 802 verbi
1120 746 1298 817 gratia
1350 745 1664 810 .Iecltonias,
1724 743 1934 798 aliusve

364 843 520 897 malis
564 857 629 898 ex
683 840 1022 896 facinoribus
1076 839 1330 894 celebris.
1389 835 1459 891 At
1510 836 1686 892 Moses
1716 843 1930 900 contra,

366 933 609 1003 Mosique
635 931 952 987 consimiles
1000 929 1115 996 alii,
1146 928 1373 984 formam
1421 927 1620 986 divinae
1679 923 1933 995 imaginis

365 1039 558 1085 puram
600 1029 1019 1076 conservarunt.
1055 1022 1196 1088 Ergo
1246 1018 1300 1072 in
1333 1016 1535 1086 quibus
1582 1011 1932 1086 pulchritudo

367 1123 587 1170 nonest
636 1113 952 1177 obscurata,
1005 1111 1073 1166 de
1111 1110 1179 1166 iis
1232 1112 1523 1180 persplcue
1574 1121 1760 1162 verum
1808 1118 1934 1160 esse

368 1205 710 1275 intelligitur,
771 1204 1045 1257 hominem
1098 1210 1156 1256 ut
1205 1199 1299 1253 Dei
1357 1199 1715 1254 simulacrum
1769 1195 1931 1260 foret,

367 1297 572 1350 factum
599 1311 743 1351 esse.
781 1293 942 1349 Forte
973 1309 1084 1348 non
1116 1307 1278 1348 nemo
1320 1300 1425 1355 est,
1477 1290 1570 1360 qui
1621 1288 1932 1360 pudendum

367 1387 624 1457 quiddam
682 1402 806 1441 esse
871 1385 1190 1447 existimet,
1249 1381 1398 1452 quod
1456 1379 1695 1435 hominis
1762 1378 1932 1433 vitam

367 1477 614 1532 ciborum
645 1492 770 1540 usu,
812 1476 1036 1547 perinde
1064 1482 1204 1530 utet
1247 1475 1568 1534 brutorum,
1618 1468 1932 1525 conservari

369 1585 594 1627 necesse
617 1569 727 1624 sit:
768 1579 931 1637 atque
966 1567 1174 1622 idcirco
1220 1564 1510 1636 indignum
1558 1578 1681 1618 esse
1726 1567 1933 1617 statuat

2038 386 2256 450 κάλλος,
2291 387 2349 439 ὲν
2376 383 2582 445 τούτοις
2611 373 2844 452 ἐναργὴς
2880 381 2912 451 ή
2946 377 3055 431 τῶν
3090 376 3399 446 λεγομένων
3424 374 3615 436 πίστις

2037 475 2205 542 ἐστὶν,
2227 476 2307 528 ὅτι
2335 473 2617 544 ἄνθρωπος
2649 469 2744 522 τοῦ
2769 467 2903 522 Θεοῦ
2933 469 3157 538 μίμημα
3181 465 3426 534 γέγονεν.
3472 462 3616 515 Ἀλλ’

2038 565 2424 636 ἐπαισχύνεται
2456 582 2539 628 τις
2572 561 2763 634 τυχὸν,
2808 560 2886 631 τῷ
2915 560 3002 614 διὰ
3035 557 3286 629 βρώσεως
3327 556 3462 626 ἡμῖν
3491 553 3617 607 καθ’

2037 656 2328 728 ὁμοιότητα
2353 655 2462 709 τῶν
2496 654 2706 722 ἀλόγων
2729 651 2828 724 τὴν
2854 649 2997 720 ζωὴν
3025 645 3364 711 συνεστάναι,
3402 645 3500 698 καὶ
3529 643 3618 697 διὰ

2037 748 2194 802 τοῦτο
2221 747 2435 812 ἀνάξιον
2467 747 2681 816 ἡγεῖται
2722 744 2812 797 τὸν
2851 742 3132 813 ἄνθρωπον
3165 738 3258 793 τοῦ
3283 736 3403 792 κατ’
3431 734 3618 790 εἰκόνα

2039 837 2172 891 Θεοῦ
2205 835 2510 890 πεπλάσθαι
2535 835 2731 889 δοκεῖν.
2785 832 2922 886 Ἀλλ’
2948 830 3212 896 ἐλπιζέτω
3240 829 3341 898 τῆς
3369 827 3618 900 λειτουρ-

2039 928 2194 998 γείας
2222 929 2425 997 ταύτης
2467 927 2714 979 ἀτέλειαν
2759 922 3078 994 δοθήσεσθαι
3124 923 3192 992 τῇ
3247 919 3406 989 φύσει
3457 920 3618 984 ποτὲ,

2040 1019 2180 1074 κατὰ
2205 1019 2302 1089 τὴν
2334 1016 2786 1087 προσδοκωμένην
2819 1014 2982 1085 ζωήν.
3020 1013 3094 1066 Οὐ
3117 1011 3224 1083 γάρ
3255 1013 3392 1075 ἐστι,
3432 1007 3617 1071 καθώς

2041 1127 2202 1180 φησιν
2229 1111 2258 1162 ό
2293 1107 2632 1170 Ἀπόστολος,
2661 1108 2695 1178 ἡ
2727 1104 2966 1175 βασιλεία
2996 1103 3090 1157 τοῦ
3119 1101 3249 1155 Θεοῦ
3283 1101 3488 1170 βρῶσις
3525 1098 3618 1152 καὶ

2041 1201 2227 1262 πόσιςο
2267 1198 2385 1251 οὐδὲ
2413 1199 2498 1251 ἐπ’
2519 1198 2665 1268 ἄρτῳ
2697 1196 2842 1266 μόνῳ
2868 1194 3122 1265 ζήσεσθαι
3146 1194 3239 1246 τὸν
3268 1192 3556 1261 ἄνθρωπον
3586 1189 3616 1241 6

2040 1289 2244 1361 Κύριος
2288 1287 2726 1360 προηγόρευσεν,
2783 1285 2897 1339 ἀλλ’
2948 1288 3004 1338 ἐν
3055 1286 3216 1338 παντὶ
3267 1284 3473 1353 ῥήματι
3527 1281 3618 1333 ἐκ·

2041 1378 2388 1450 πορευομένῳ
2415 1378 2502 1432 διὰ
2529 1378 2792 1449 στόματος
2819 1375 2969 1432 Θεοῦ.
3021 1376 3180 1430 Ἀλλὰ
3216 1375 3311 1428 καὶ
3346 1375 3445 1444 τῆς
3484 1373 3618 1425 ἀνα-

2044 1469 2286 1530 στάσεως
2336 1466 2616 1536 ίσάγγελον
2667 1469 2798 1538 ἡμῖν
2851 1464 3299 1534 ὑποδεικνυούσης
3335 1463 3430 1516 τὸν
3480 1462 3615 1533 βίον,

2044 1556 2297 1629 βρώσεως
2334 1557 2390 1610 δὲ
2435 1556 2586 1628 παρά
2631 1559 2746 1620 τοῖς
2789 1555 3040 1626 ἀγγέλοις
3080 1556 3180 1608 ούκ
3222 1553 3408 1623 οὔσης,
3459 1552 3618 1620 ἱκανὴ

369 1675 514 1724 cum,
541 1660 632 1729 qui
663 1659 728 1713 ad
766 1657 1054 1728 imaginem
1087 1654 1178 1710 Dei
1208 1654 1386 1708 factus
1409 1651 1685 1707 credatur.
1715 1648 1938 1706 Verum-

2122 1665 2228 1710 ττις
2274 1646 2368 1700 τοῦ
2403 1647 2884 1716 ἀπαλλαγήσεσθαι
2931 1648 3030 1718 τῆς
3078 1645 3330 1715 τοιαύτης
3375 1643 3616 1714 λειτουρ-

369 1751 646 1805 enimvero
690 1749 738 1803 is
795 1757 945 1803 certa
993 1746 1097 1800 sibi
1149 1760 1244 1814 spe
1288 1742 1534 1798 futurum
1587 1741 1935 1811 polliceatur,

370 1852 429 1895 nt
458 1848 668 1894 naturae
697 1839 951 1893 humanae
985 1837 1038 1888 in
1077 1835 1205 1897 vita,
1239 1849 1401 1904 quam
1442 1833 1668 1887 alteram
1718 1843 1944 1899 exspec-

2038 1737 2162 1806 γίας
2188 1737 2277 1791 τὸν
2312 1737 2618 1809 ἄνθρωπον,
2646 1736 2737 1790 τὸν
2769 1737 2891 1791 καθ’
2921 1736 3213 1808 ὁμοιότητα
3241 1735 3348 1788 τῶν
3370 1733 3620 1803 ἀγγέλων

2041 1828 2360 1900 ζησόμενον.

371 1941 589 2002 tamus,
647 1933 714 1988 ab
771 1933 875 1990 hoc
921 1930 1097 1986 alendi
1155 1928 1401 1999 corporis
1455 1925 1630 1981 cilicio
1681 1923 2000 1978 immunitas
2053 1922 2406 1977 concedatur.
2469 1921 2604 1976 Nam
2667 1921 2762 1977 Dei
2832 1937 3097 1991 regnum,
3160 1918 3616 1991 quemadmodum

372 2029 666 2099 Apostolus
710 2030 787 2084 ait
819 2031 888 2093 ⁸³,
941 2029 995 2084 in
1040 2031 1162 2085 cibo
1213 2036 1411 2100 potuve
1459 2041 1569 2080 non
1624 2022 1899 2078 consistit.
1942 2021 2006 2075 Et
2064 2020 2330 2075 Dominus
2362 2019 2618 2090 prodidit,
2671 2036 2780 2075 non
2833 2036 2971 2091 pane
3020 2020 3138 2074 solo
3190 2019 3462 2072 victurum
3504 2031 3621 2071 esse

375 2123 798 2177 hominemzsed
821 2122 967 2177 omni
991 2123 1178 2188 verbo,
1223 2121 1363 2192 quod
1409 2120 1476 2174 de
1513 2133 1607 2172 ore
1633 2115 1725 2170 Dei
1747 2114 1988 2169 exeat“.
2054 2113 2321 2169 Praeterea
2358 2130 2480 2169 cum
2534 2115 2864 2170 resurrectio
2916 2114 3074 2170 nobis
3123 2114 3287 2168 vitam
3341 2111 3620 2181 promittat

375 2217 634 2286 angelica:
679 2233 889 2289 parem.
939 2229 1105 2290 atque
1151 2219 1325 2288 angeli
1366 2217 1492 2270 cibo
1541 2213 1692 2266 nullo
1744 2218 2004 2275 utantur,
2051 2212 2211 2282 plane
2249 2209 2597 2266 statuendum
2635 2219 2754 2274 est,
2797 2209 3072 2264 hominem
3121 2205 3266 2262 haud
3311 2205 3479 2260 dubie
3525 2203 3620 2257 ali-

373 2308 596 2380 quando
623 2309 727 2364 hac
755 2310 918 2363 etiam
945 2310 1191 2364 molestia
1219 2309 1504 2362 liberatuut
1528 2305 1616 2370 iri,
1640 2303 1685 2358 si
1713 2302 1931 2372 quidem
1967 2305 2282 2376 angelorum
2321 2318 2476 2359 more
2507 2304 2750 2358 victurus
2776 2303 2869 2357 sit.

951 2415 1180 2472 CAPUT
1220 2414 1360 2471 XIX.

376 2512 638 2566 Adversus
685 2509 805 2562 illos
849 2508 936 2577 qui
977 2509 1240 2576 afﬁrmant
1282 2522 1463 2560 eorum
1502 2505 1790 2577 bonorum,
1834 2522 1951 2576 quia

449 2581 584 2634 bona
613 2579 779 2632 altera
811 2576 866 2629 in
894 2579 1002 2630 vita
1044 2585 1404 2640 exspectamus
1428 2613 1443 2637 ,
1494 2576 1803 2643 fruitionem
1842 2593 1948 2629 non

449 2650 554 2702 nisi
586 2650 640 2700 in
675 2648 791 2699 cibo
823 2662 884 2698 ac
917 2653 1043 2712 potu
1079 2646 1234 2710 fore;
1275 2643 1428 2712 idque
1459 2656 1733 2712 propterea
1760 2686 1774 2706 ,
1807 2644 1946 2714 quod

452 2718 622 2771 sacris
668 2717 736 2768 sit
773 2714 990 2768 Litteris
1023 2714 1326 2783 proditum,
1364 2715 1516 2767 initio
1559 2716 1741 2769 mundi
1778 2715 1949 2768 Itami-

452 2803 566 2846 nem
599 2789 752 2839 rebus
801 2785 988 2838 iisdem
1025 2781 1089 2837 in
1127 2781 1379 2852 paradiso
1425 2785 1585 2838 vitam
1635 2803 1788 2840 suam
1835 2801 1960 2838 con-
1986 2785 2028 2845 C

451 2871 707 2912 seruasse.

453 2946 729 3015 Objecerit
764 2951 943 2998 tamen
973 2943 1076 2998 hoc
1113 2942 1344 2999 fortasse
1377 2943 1497 2998 loco
1524 2944 1683 2999 nobis
1711 2942 1910 3014 aliquis
1933 2981 1950 3009 ,

384 3038 657 3092 hominem
697 3034 766 3089 ad
798 3035 923 3089 vita:
951 3034 1193 3104 pristinae
1227 3041 1430 3090 statum
1465 3050 1570 3090 non
1597 3049 1720 3091 esse
1745 3034 1953 3089 reditu-

383 3143 541 3192 rum,
574 3126 794 3198 quando
822 3125 988 3179 vitam
1024 3125 1168 3180 illam
1201 3125 1435 3195 priorem
1464 3124 1711 3179 ciborum
1742 3141 1847 3180 usu
1878 3125 1950 3179 ali

384 3217 716 3289 oportuerit:
742 3216 970 3286 posthac
995 3221 1175 3269 autem
1202 3217 1442 3270 futurum
1466 3214 1570 3279 sit,
1599 3225 1659 3270 ut
1683 3230 1746 3272 eo
1772 3217 1956 3272 labore

387 3308 554 3364 semel
584 3307 962 3378 defungatnur.
1002 3305 1112 3377 Ego
1144 3321 1271 3360 vero
1300 3321 1423 3360 cum
1455 3307 1598 3376 quod
1633 3307 1804 3363 sacris
1839 3314 1955 3361 tra-

385 3399 559 3454 ditum
611 3399 830 3454 Litteris
881 3407 967 3454 est
1025 3398 1221 3460 audio,
1274 3413 1380 3452 non
1427 3398 1494 3452 de
1539 3399 1786 3468 corporis
1828 3400 1953 3455 cibo

388 3499 599 3546 tantum
647 3490 928 3560 intelligo,
985 3503 1163 3559 neque
1216 3486 1284 3542 de
1337 3488 1519 3542 laatitia
1581 3490 1802 3555 carnis,
1857 3489 1954 3544 sed

388 3582 549 3636 etiam
581 3581 724 3635 aliud
761 3579 1032 3650 quoddam
1067 3578 1463 3633 nutrimentum
1500 3592 1772 3647 agnosco,
1809 3576 1957 3646 quod

390 3669 551 3724 modo
599 3668 835 3738 quodam
889 3667 1138 3738 corporis
1181 3665 1312 3720 illud
1357 3665 1574 3736 quidem
1621 3665 1957 3720 nutrimento

390 3758 713 3829 respondet,
766 3773 956 3813 verum
995 3758 1113 3827 ejus
1163 3755 1351 3811 fruitio
1390 3756 1565 3810 solum
1607 3755 1676 3810 ad
1715 3755 1957 3810 animum

394 3849 647 3916 pertinet.
686 3847 983 3901 Vestamini
1035 3845 1268 3916 panibus
1322 3845 1490 3908 meis,
1527 3845 1706 3914 inquit
1743 3843 1812 3899 ad
1864 3857 1959 3899 eos

395 3938 704 4006 Sapientia,
737 3937 830 4006 qui
864 3935 1115 3991 esuriunt
1144 3952 1159 4001 ;
1197 3943 1252 3990 et
1285 3935 1549 3990 Dominus
1579 3934 1763 3990 felices
1796 3934 1958 3988 etiam

392 4028 683 4098 prtedicat,
713 4027 759 4082 si
791 4027 880 4096 qui
917 4025 1228 4096 hujusmodi
1259 4026 1440 4081 cibum
1472 4031 1748 4094 expetant.
1787 4023 1957 4077 Etiam

2566 2416 2962 2469 ΚΕΦΑΛΑΙΟΝ
2999 2415 3100 2468 ιθν.

2047 2505 2203 2574 Πρὸς
2248 2504 2392 2570 τοὺς
2435 2503 2744 2574 λέγοντας,
2801 2505 2986 2560 πάλιν
3027 2505 3097 2558 ἐν
3146 2503 3389 2574 βρώσει
3417 2502 3519 2557 καί
3556 2503 3624 2574 ἐν

2117 2576 2291 2629 πόσει
2319 2575 2470 2629 εἶναι
2499 2572 2618 2629 ¹ἑῶν
2641 2573 3038 2644 ἐλπιζομένων
3065 2575 3301 2644 ἀγαθῶν
3328 2573 3452 2644 τὴν
3473 2572 3622 2627 ἀπό-

2115 2647 2362 2706 λαυσιν,
2397 2645 2497 2698 διὰ
2526 2645 2591 2698 τὸ
2623 2643 2691 2708 ἐξ
2732 2642 2923 2713 ἀρχῆς
2949 2644 3015 2696 ἐν
3047 2643 3127 2708 τῷ
3156 2642 3503 2713 παραδείσῳ
3535 2658 3623 2712 γε-

2116 2713 2369 2784 ιῃοὰερθαι
2398 2713 2496 2768 διὰ
2527 2715 2751 2768 τούτων
2768 2710 2882 2768 τὸν
2903 2714 3217 2781 ἄνθρωπον
3253 2710 3381 2780 ζῇν.

2135 2940 2270 2993 Ἀλλ’
2320 2939 2450 3004 ἴσως
2493 2957 2576 3004 τις
2621 2940 2720 2994 οὐκ
2765 2941 2844 3002 είς
2877 2939 2939 2993 τὺ
2981 2939 3112 2992 αὐτὸ
3147 2939 3306 2993 πάλιν
3337 2938 3438 3009 τῆς
3483 2939 3627 3010 ζωῆς

2052 3029 2188 3094 εἶδος
2221 3031 2673 3086 ἐπανελεύσεσθαι
2711 3031 2859 3100 λέγει
2883 3031 2974 3086 τὸν
3009 3030 3313 3103 ἄνθρωπον,
3352 3033 3471 3100 εῐγε
3502 3033 3630 3102 πρό-

2051 3140 2208 3194 τερον
2241 3123 2337 3192 μὲν
2376 3123 2433 3176 ὲν
2471 3122 2550 3193 τῷ
2581 3123 2782 3175 ἐσθίειν
2812 3117 2955 3193 ἦμεν
2979 3162 2994 3188 ,
3042 3122 3180 3192 μετά
3217 3121 3392 3176 ταῦτα
3432 3123 3496 3176 δὲ
3530 3123 3630 3192 τῆς

2053 3211 2308 3283 τοιαύτης
2358 3211 2696 3282 λειτουργίας
2747 3211 3155 3283 ἀφεθησόμεθα.
3208 3211 3348 3265 Ἀλλ’
3386 3212 3504 3280 ἐγὼ
3534 3214 3630 3283 τῆς

2054 3303 2214 3372 ἁγίας
2262 3304 2473 3358 ἀκούων
2520 3304 2774 3376 Γραφῆς,
2821 3304 2880 3357 οὺ
2936 3304 3095 3373 μόνον
3147 3304 3466 3375 σωματικὴν
3512 3303 3633 3358 ὲπί-

2057 3411 2259 3465 σταμαι
2305 3394 2542 3464 βρῶσιν,
2583 3395 2703 3448 οὐδὲ
2749 3395 2845 3466 τὴν
2885 3393 2974 3448 διὰ
3025 3394 3224 3466 σαρκὸς
3269 3395 3630 3466 εὐφροσύνην,

2057 3485 2195 3540 ἀλλά
2226 3504 2346 3539 τινα
2389 3487 2482 3540 καὶ
2519 3487 2708 3557 ἑτέραν
2751 3481 2868 3541 οἴδα
2909 3487 3136 3558 τροφὴν,
3175 3486 3472 3555 ἀναλογίαν
3513 3485 3634 3540 τινὰ

2058 3578 2196 3649 πρὸς
2221 3578 2315 3651 τὴν
2341 3578 2436 3632 τοῦ
2468 3578 2718 3649 σώματος
2745 3578 2993 3649 ἔχουσαν,
3033 3574 3101 3651 ἧς
3129 3579 3163 3649 ἡ
3207 3577 3511 3639 ἀπόλαυσις
3543 3577 3634 3632 ἐπὶ

2062 3668 2229 3739 μόνην
2247 3668 2346 3740 τὴν
2365 3669 2543 3740 ψυχὴν
2568 3667 2852 3723 διαϐαίνει.
2885 3669 3088 3736 Φάγετε
3117 3667 3226 3720 τῶν
3247 3667 3396 3738 ἐμῶν
3426 3669 3631 3739 ἀρτων,

2059 3758 2094 3828 ἡ
2137 3753 2306 3825 Σοφία
2329 3760 2441 3822 τοῖς
2460 3761 2685 3814 πεινῶσι
2727 3759 3098 3813 διακελεύεται
3133 3775 3148 3790 ·
3198 3759 3294 3812 καὶ
3338 3761 3634 3831 μακαρίζει

2059 3847 2184 3910 τοὺς
2211 3847 2308 3918 τὴν
2339 3849 2593 3920 τοιαύτην
2624 3850 2826 3921 βρῶσιν
2870 3849 3166 3913 πεινῶντας
3193 3852 3222 3904 ὁ
3248 3849 3476 3920 Κύριος.
3495 3851 3635 3905 (Καὶ

2060 3937 2115 3988 εί
2136 3953 2220 3999 τις
2248 3936 2394 4008 διψᾷ,
2429 3939 2612 4010 φησὶν,
2653 3940 2894 4010 ἐρχέσθω
2941 3940 3074 4011 πρὸς
3124 3940 3192 4008 μὲ
3211 3979 3226 4004 ,
3250 3940 3347 3992 καὶ
3367 3938 3592 4014 artat-ﬁrm.
3613 3956 3633 3992 ι

2061 4027 2171 4079 Καὶ
2193 4029 2221 4079 ὁ
2244 4027 2412 4098 μέγας
2436 4028 2682 4095 Ἡσαΐας,
2706 4029 2864 4084 Πίετε
2886 4030 3241 4101 εὐφροσύνην,
3257 4031 3371 4093 τοῖς
3391 4029 3636 4091 δυνατοῖς

396 4119 524 4172 illud
559 4118 783 4187 adjicit:
817 4136 834 4169 ι
868 4115 924 4171 Si
962 4118 1087 4188 quis
1119 4117 1269 4180 sitit,
1310 4116 1376 4170 ad
1414 4131 1502 4170 me
1535 4115 1753 4183 veniat,
1786 4122 1841 4170 et
1879 4114 1948 4169 bi-

2122 4117 2274 4169 ιαΐειν
2322 4117 2422 4186 τῆς
2469 4118 2834 4188 μεγαλοφυϊας
2872 4118 3033 4172 αὑτοῦ
3067 4116 3433 4186 ὲγκελεύεται.
3481 4120 3638 4172 Ἔστι

395 4210 485 4264 bat
519 4209 585 4264 ".
610 4231 628 4260 ι
651 4207 836 4264 Itidem
865 4209 954 4264 ille
981 4223 1209 4278 magnus
1235 4206 1404 4261 Isaias
1433 4205 1678 4276 prmcipit
1707 4205 1961 4261 omnibus

395 4300 488 4369 qui
524 4300 736 4370 possint
772 4307 1120 4370 praestantem
1156 4296 1330 4367 ipsius
1379 4296 1682 4351 doctrinam
1724 4311 1918 4366 capere
1943 4336 1959 4362 ,

397 4401 453 4446 ut
482 4391 724 4446 laetitiam
764 4391 997 4446 bibendo
1029 4389 1302 4443 hauriant.
1335 4385 1523 4442 Exstat
1552 4393 1605 4440 et
1636 4386 1775 4441 vatis
1807 4401 1962 4441 com-

398 4481 622 4534 minatio
674 4481 729 4533 in
762 4495 856 4534 eos
893 4480 984 4549 qui
1024 4481 1216 4533 merito
1255 4493 1356 4534 suo
1402 4478 1579 4549 poenis
1634 4478 1746 4532 sint
1789 4478 1964 4548 subji-

397 4570 608 4634 ciendi,
643 4585 750 4640 qua
807 4569 1048 4624 futurum
1087 4569 1333 4641 praedicit
1372 4576 1431 4622 ut
1481 4568 1624 4624 fame
1671 4568 1963 4625 intereant.

401 4657 473 4711 lia
504 4673 633 4714 vero
665 4657 838 4712 fames
870 4672 1212 4726 nequaquam
1248 4657 1404 4728 panis
1433 4664 1487 4711 et
1523 4671 1709 4726 aquae,
1751 4657 1843 4711 sed
1883 4657 1967 4711 di—

398 4748 514 4802 vini
552 4749 824 4803 sermonis
861 4747 1099 4816 inOpiam
1138 4747 1410 4818 signiﬁcat
1438 4748 1504 4800 °'.
1546 4747 1754 4802 idcirco
1793 4747 1968 4816 subii-

400 4840 562 4897 citur,
595 4852 702 4888 non
731 4850 853 4890 esse
886 4835 1032 4889 illam
1071 4835 1266 4890 famem
1307 4836 1526 4891 sitimve
1565 4837 1866 4907 profectam
1901 4853 1968 4892 ex

403 4926 562 4997 panis
593 4933 646 4980 et
677 4940 831 4995 aqua:
860 4925 1071 4994 inopia,
1103 4927 1195 4981 sed
1233 4926 1426 4981 famem
1457 4935 1632 4981 ortam
1663 4943 1727 4982 ex
1755 4927 1968 4997 cupidi-

401 5025 515 5072 tate
554 5015 806 5071 audiendi
834 5015 1051 5073 divinos
1089 5032 1391 5073 sermones.
1430 5015 1598 5087 Igitur
1632 5018 1790 5072 horto
1826 5018 1968 5072 divi-

405 5109 554 5164 nitus
592 5109 648 5162 in
683 5107 830 5163 Eden
859 5107 1021 5180 (quae
1058 5124 1159 5163 vox
1202 5107 1430 5164 delicias
1470 5108 1777 5179 signiﬁcat)
1816 5109 1972 5178 plan-

2065 4205 2122 4260 δέ
2168 4223 2252 4270 τις
2299 4205 2395 4260 καὶ
2434 4206 2630 4279 ἀπειλὴ
2678 4207 2990 4280 προφητικὴ
3030 4207 3172 4261 κατά
3218 4205 3327 4260 τῶν
3363 4207 3639 4279 τιμωρίας

2067 4295 2252 4361 ἀξίων,
2301 4297 2378 4361 ὡς
2423 4297 2566 4368 λιμῷ
2614 4297 3100 4368 κολασθησομένων
3124 4314 3139 4330 ο
3193 4299 3221 4351 ὁ
3259 4297 3316 4350 δὲ
3346 4296 3509 4368 λιμὸς
3543 4297 3640 4349 οὐκ

2067 4386 2231 4458 ἄρτου
2281 4387 2363 4452 τίς
2410 4389 2554 4441 ἐστιν
2599 4387 2801 4460 ἀπορία
2854 4389 2949 4442 καὶ
3012 4387 3202 4451 ὕδατος
3223 4427 3238 4452 ,
3291 4387 3429 4440 ἀλλά
3479 4388 3640 4456 λόγου

2067 4478 2353 4547 ἐπίλειψις.
2385 4479 2456 4532 Ού
2479 4478 2635 4549 λιμὸν
2654 4479 2762 4550 γὰρ
2781 4481 2944 4551 ἄρτου
2975 4480 3157 4551 φησὶν,
3187 4480 3220 4551 ἢ
3246 4479 3402 4548 δίψαν
3423 4479 3641 4542 ὓδατος,

2068 4567 2206 4620 ἀλλά
2245 4569 2404 4638 λιμὸν
2433 4568 2526 4621 τοῦ
2559 4569 2790 4623 ἀκοῦσαι
2817 4569 2990 4639 λόγων
3023 4571 3250 4640 Κυρίου.
3298 4569 3514 4623 Οὐκοῦν
3547 4573 3645 4640 τῆς

2068 4657 2160 4710 τοῦ
2207 4656 2341 4710 Θεοῦ
2375 4657 2597 4724 φυτείας
2635 4658 2735 4728 τῆς
2776 4660 2834 4712 ὲν
2873 4659 3031 4729 Ἐδὲμ
3077 4658 3288 4729 (τρυφὴ
3315 4658 3373 4711 δὲ
3400 4659 3434 4728 ή
3481 4658 3640 4728 Ἐδὲρ

2071 4747 2464 4819 ἑρμηνεύεται)
2516 4748 2664 4815 ἄξιόν
2689 4767 2808 4802 τινα
2834 4749 2924 4802 τὸν
2953 4751 3166 4822 καρπὸν
3193 4750 3440 4818 ἐννοῆσαι
3473 4764 3647 4819 προσ⁴

2071 4841 2217 4910 ήκει,
2249 4839 2343 4892 καὶ
2373 4839 2664 4910 τρέφεσθαι
2698 4839 2788 4894 διὰ
2815 4841 3002 4894 τούτου
3026 4825 3119 4911 ’μὴ
3160 4839 3528 4910 ἀμφιϐάλλειν
3557 4839 3650 4892 τὸν

2073 4928 2356 5000 ἄνθρωπον
2375 4946 2388 4960 ⁸
2418 4929 2511 4982 καὶ
2540 4930 2612 5001 μὴ
2639 4929 2856 4993 πάντως
2884 4932 2982 5003 τὴν
3011 4932 3310 5003 παροδικὴν
3343 4930 3441 4983 καὶ
3473 4930 3650 5002 ἀπόρο

2077 5021 2232 5090 ρυτον
2257 5018 2457 5090 ταύτην
2484 5020 2688 5092 τροφὴν
2717 5021 2810 5074 ἐπὶ
2835 5021 2934 5092 τῆς
2969 5021 3061 5075 τοῦ
3089 5022 3418 5093 παραδείσου
3441 5020 3652 5088 διαγω-

2075 5112 2179 5181 γῆς
2221 5113 2469 5164 ὲννοεῖν.‹
2495 5112 2627 5165 Ἀπὸ
2670 5113 2889 5178 παντὸς,
2934 5114 3086 5183 φησι,
3132 5113 3289 5180 ξύλου
3335 5111 3430 5166 τοῦ
3480 5114 3544 5165 ἐν
3576 5111 3652 5181 τῷ

406 5208 555 5265 tato,
586 5198 781 5269 dignus
814 5207 900 5255 est
933 5198 1144 5255 fructus
1174 5197 1524 5266 tribuendus,
1553 5214 1661 5269 quo
1697 5198 1948 5253 hominen

2123 5202 2392 5272 αραδείσῳ
2453 5201 2651 5273 βρώσει
2709 5203 2906 5275 φάγῃ.»
2931 5204 3025 5267 Τίς
3070 5203 3229 5256 δώσει
3273 5202 3352 5272 τῷ
3397 5202 3656 5270 ὑγιεινῶς

408 5290 578 5344 altum
629 5305 753 5345 esse
800 5307 909 5345 non
947 5290 1172 5345 dubium
1211 5297 1333 5346 est:
1375 5307 1552 5362 neque
1586 5291 1768 5346 cibum
1809 5289 1948 5356 hujn:

2122 5289 2329 5346 εινῶντι
2357 5291 2418 5343 τὸ
2451 5291 2604 5355 ξύλον
2648 5294 2841 5356 έκεῖνο,
2890 5292 2950 5345 τὸ
2998 5295 3055 5346 ὲν
3095 5293 3174 5364 τῷ
3220 5292 3564 5363 παραδείσῳ,
3599 5290 3658 5344 τὺ

409 5390 843 5433 momentaneum
875 5394 939 5434 ac
976 5378 1216 5446 fluxum,
1262 5383 1513 5437 eumdem
1553 5397 1676 5437 esse
1718 5393 1842 5436 cum
1877 5378 1948 5433 ἱιιι

2122 5380 2276 5444 αντὸς
2322 5380 2527 5450 ἀγαθοῦ
2558 5381 2966 5452 περιληπτικὸν,
2998 5376 3042 5452 ᾧ
3087 5383 3258 5454 ὄνομά
3285 5385 3403 5437 ἐστι
3428 5381 3493 5437 τὸ
3525 5383 3657 5446 πᾶν,

481 5555 529 5588 ⁶⁸
565 5553 721 5611 Rom.
778 5570 889 5625 τιν,
931 5557 1017 5614 17.
1093 5556 1137 5590 ⁶⁴
1172 5555 1361 5613 Matth.
1393 5571 1465 5624 tv,
1525 5556 1573 5610 ι.
1648 5553 1694 5586 ⁸³
1728 5549 1874 5608 Joan.
1910 5568 1943 5608 ν

2198 5551 2243 5584 ⁶⁴
2277 5551 2466 5606 Amos.
2523 5566 2641 5618 vm,
2678 5553 2755 5606 ll.
