3794 6000
267 169 376 226 197

262 284 333 346 οὗ
376 286 669 360 χαρίζεται
710 288 791 360 τῷ
820 287 1096 362 ἀνθρώπῳ
1138 289 1241 363 τὴν
1278 293 1569 364 μετουσίαν
1600 298 1630 351 6
1661 298 1858 369 λόγος;

264 378 350 451 τῷ
371 379 481 452 γὰρ
525 379 732 451 γενικῷ
758 397 816 434 τε
847 380 942 434 καὶ
967 381 1352 455 ὑπερκειμένῳ
1383 384 1528 458 λόγῳ
1564 389 1714 443 πᾶσα
1750 391 1862 448 τῶν

266 469 493 538 ἀγαθῶν
523 469 639 524 ἰδέα
666 469 806 542 πρὸς
830 472 1030 546 ἑαυτὴν
1057 477 1322 546 συμφυῶς
1347 479 1479 550 ἔχει,
1513 482 1609 536 καὶ
1635 481 1695 537 ἓν
1716 501 1771 536 τι
1798 483 1860 538 τὸ

266 559 386 614 ὅλον
418 560 558 613 ἐστί.
607 561 703 626 Τίς
736 562 794 616 δέ
823 581 891 634 με
915 564 1018 636 τῆς
1047 558 1356 639 συμμιγοῦς
1382 588 1442 625 τε
1485 573 1577 628 καὶ
1607 575 1860 646 ἐπαμφο-

263 650 594 724 τεριζούσης
624 652 718 706 τοῦ
771 655 929 719 ξύλου
965 657 1207 726 γεύσεως
1249 663 1586 736 ἀποστήσει;
1641 668 1860 731 πάντως

263 743 375 814 γάρ
427 745 532 797 οὐκ
576 745 772 818 ἄδηλον
819 751 932 812 τοῖς
978 749 1490 828 διορατικωτέροις,
1545 757 1597 811 τί
1643 758 1704 812 τὸ
1750 761 1858 815 πᾶν

265 839 466 902 ἐκεῖνο,
492 829 556 890 οῦ
587 839 802 910 καρπὸς
839 842 872 911 ή
899 839 1035 913 ζωὴ,
1067 844 1164 897 καὶ
1192 845 1374 912 πάλιν,
1404 848 1458 902 τί
1485 848 1548 903 τὸ
1571 851 1858 922 ἐπίμικτον

261 927 447 992 τοῦτο,
478 923 542 982 οὗ
573 928 750 1000 πέρας
794 931 824 983 6
871 930 1119 999 Θάνατος.
1168 935 1226 989 '0
1252 936 1362 1009 γὰρ
1393 937 1486 993 τοῦ
1517 940 1718 1006 παντὸς
1758 942 1858 1014 τὴν

262 1019 574 1074 ἀπόλαυσιν
603 1021 854 1091 ἀφθόνως
899 1024 1146 1095 προθεὶς,
1191 1026 1334 1100 λόγῳ
1369 1030 1478 1083 τινὶ
1514 1032 1730 1097 πάντως
1761 1034 1856 1087 καὶ⁸

264 1111 587 1184 προμηθείᾳ
626 1115 728 1185 τῆς
774 1115 882 1170 τῶν
931 1117 1218 1174 ὲπικοίνων
1271 1123 1562 1191 μετουσίας
1600 1125 1856 1196 ἀπείργει

263 1201 357 1255 τὸν
388 1201 703 1274 ἄνθρωπον.
753 1205 864 1258 Καί
895 1224 983 1277 μοι
1012 1208 1161 1262 δοκεῖ
1184 1209 1277 1264 τὸν
1327 1209 1730 1282 μέγανΔασὶδ,
1761 1217 1856 1270 καὶ

263 1289 356 1343 τὸν
383 1290 552 1359 σοφὸν
577 1292 899 1357 Σολομῶντα
923 1296 1276 1364 διδασκάλους
1299 1305 1398 1374 τῆς
1427 1298 1521 1357 τοῦ
1552 1304 1708 1375 λόγου
1731 1306 1856 1360 τούο

261 1399 358 1435 του
381 1383 726 1454 παραλαϐεῖν
753 1385 1086 1459 ἐξηγήσεως.
1124 1392 1447 1466 Ἀμφότεροι
1475 1395 1582 1468 γάρ
1605 1397 1705 1468 τῆς
1725 1415 1855 1468 συγ·

263 1475 664 1546 κεχωρημένης
693 1477 908 1550 τρυφῆς
940 1479 1068 1550 μίαν
1092 1482 1350 1553 ἡγοῦνται
1381 1486 1480 1558 τὴν
1505 1489 1686 1560 χάριν,
1723 1489 1853 1543 αὐτὸ

261 1563 326 1617 τὸ
365 1565 540 1629 ὅντως
572 1565 797 1635 ἀγαθὸν,
831 1569 861 1622 6
895 1569 959 1641 δὴ
985 1573 1080 1626 καὶ
1112 1575 1221 1628 πᾶν
1253 1575 1400 1630 ἐστιν
1433 1578 1656 1644 ἀγαθόν.
1689 1581 1852 1634 Δαόὶδ

1509 170 1599 228 DE
1637 171 1922 234 HOMINIS
1958 171 2277 235 OPIFICIO.

3433 170 3533 227 198

1958 311 2236 372 putemus,
2255 311 2366 369 quo
2385 294 2606 352 fruituri
2627 294 2684 351 in
2705 293 2957 366 paradiso
2975 308 3215 351 eramus.
3244 311 3264 349 ι
3283 291 3362 350 De
3385 300 3534 349 omni

1961 394 2110 464 ligno
2139 389 2360 462 (inquit
2392 387 2582 460 Deus)
2617 385 2763 458 quod
2802 395 2888 442 est
2926 386 2983 440 in
3019 385 3310 456 paradiso,
3343 400 3536 442 vesce-

1961 484 2039 541 ris
2068 483 2131 536 θ’.
2169 501 2188 535 ›
2219 482 2354 548 Quis
2386 479 2599 536 homini
2632 486 2782 535 recte
2819 476 3084 534 esurienti
3121 475 3359 532 fructum
3398 476 3534 548 ligni

1960 575 2109 632 illius
2138 574 2206 630 de
2239 573 2497 644 paradiso
2529 573 2767 638 tribuat,
2799 585 2909 642 quo
2945 571 3152 626 bonum
3186 583 3348 624 omne
3382 583 3535 622 com-

1959 667 2338 738 prehenditur,
2371 671 2426 721 et
2455 663 2598 738 quod
2628 665 2805 720 oratio
2831 663 3016 719 divina
3041 677 3204 718 omne
3231 668 3532 731 nuncupat,

1959 760 2120 830 cujus
2167 759 2332 814 etiam
2386 755 2602 812 fruendi
2639 764 2958 826 potestatem
3003 754 3214 810 homini
3262 751 3534 824 largitur?

1958 850 2094 906 Nam
2125 849 2395 906 latissima
2425 855 2608 915 certe,
2651 856 2705 904 et
2748 847 2948 904 eximia
2996 845 3086 901 illa
3128 860 3262 901 voce
3302 833 3534 914 cognata

1958 941 2103 997 inter
2143 957 2203 999 se
2238 941 2507 996 bonorum
2548 939 2761 1009 species
2797 937 2977 992 omnis
3009 939 3340 1000 continetur,
3369 936 3534 1005 inque

1961 1049 2070 1088 uno
2097 1033 2226 1088 boni
2261 1033 2396 1087 adeo
2423 1031 2596 1086 totius
2627 1030 3039 1086 universitatem
3068 1029 3336 1084 exsistere
3363 1026 3534 1100 signi-

1959 1122 2174 1178 ﬁcatur.
2215 1122 2348 1188 Quis
2388 1129 2580 1177 contra
2617 1120 2893 1175 hominem
2930 1125 3114 1173 arceat
3152 1117 3221 1171 ab
3259 1117 3431 1172 altero
3468 1115 3533 1170 li-

1958 1231 2098 1286 gno,
2135 1214 2296 1283 cujus
2336 1214 2524 1268 fruitio
2563 1213 2789 1268 mistum
2829 1211 3086 1283 quiddam
3128 1210 3322 1272 habet,
3362 1215 3417 1264 et
3447 1216 3533 1264 est

1959 1311 2252 1375 utramque
2284 1305 2339 1359 in
2374 1312 2588 1374 partem
2627 1302 2862 1359 eﬂicax?
2897 1301 3016 1356 Non
3051 1303 3196 1356 enim
3235 1299 3529 1356 obscurum

1955 1409 2078 1450 esse
2101 1401 2279 1465 potest
2303 1394 2513 1449 homini
2547 1391 2865 1465 intelligenti
2887 1431 2902 1457 ,
2929 1392 3062 1463 quid
3094 1391 3165 1446 sit
3189 1389 3320 1445 illud
3347 1403 3530 1455 omne,

1955 1487 2117 1556 cujus
2151 1494 2236 1543 est
2271 1487 2487 1544 fructus
2521 1487 2632 1543 vita
2663 1503 2676 1541 :
2712 1494 2768 1541 et
2801 1485 2930 1556 quid
2965 1485 3195 1540 alterum
3229 1482 3363 1538 illud
3399 1483 3534 1536 mis-

1955 1586 2108 1646 tum,
2149 1579 2308 1649 cujus
2351 1578 2475 1634 ﬁnis
2515 1593 2665 1633 mors
2715 1585 2817 1632 est.
2865 1576 3000 1630 Nam
3035 1575 3129 1647 qui
3172 1574 3318 1630 illius
3352 1573 3532 1628 omnis

266 1652 367 1722 μὲν
393 1652 1061 1730 λέγων,ιΚατατρύφησον
1103 1662 1201 1716 τοῦ
1241 1665 1760 1740 Κυρίου¹ιΣολομὼν
1796 1669 1842 1725 δὲ

1970 1671 2162 1726 nomini
2196 1671 2513 1726 fruitionem
2544 1677 2861 1741 perpetuam
2894 1669 3196 1734 concessit,
3224 1667 3367 1722 idem
3393 1680 3534 1738 quo-

261 1742 365 1814 τὴν
392 1744 589 1813 σοφίαν
617 1746 811 1818 αὐτὴν,
844 1747 996 1818 «ἥτις
1043 1749 1189 1803 ἐστὶν
1208 1753 1238 1806 6
1263 1753 1488 1825 Κύριος,
1522 1755 1677 1821 ξύλον
1703 1757 1850 1832 ζωῆς

261 1833 570 1906 ὀνομάζων.
606 1837 818 1892 Οὐκοῦν
849 1841 1045 1896 ταύτόν
1074 1844 1191 1898 ἐστι
1217 1844 1296 1916 τῷ
1319 1847 1421 1918 τῆς
1449 1847 1596 1919 ζωῆς
1621 1849 1762 1922 ξύλῳ
1789 1852 1850 1907 τὸ

264 1927 376 1978 πᾶν
415 1924 593 1995 ξύλον,
630 1921 691 1982 οὗ
723 1931 823 2002 τὴν
849 1930 1050 2002 βρῶσιν
1071 1933 1151 2005 τῷ
1180 1936 1319 1991 κατά
1343 1937 1474 1992 Θεὸν
1503 1921 1795 1998 πλασθέντι
1821 1945 1850 1998 6

264 2016 426 2085 λόγος
477 2018 715 2073 δίδωσιν.
773 2021 1216 2095 Ἀντιδιαιρεῖται
1267 2027 1324 2081 δὲ
1372 2029 1452 2101 τῷ
1499 2030 1639 2104 ξύλῳ
1676 2034 1849 2108 τούτῳ

263 2109 453 2180 ἓτερον
483 2111 662 2177 ξύλον,
693 2107 754 2168 οὗ
785 2116 818 2185 ἡ
859 2114 1058 2187 βρῶσις
1099 2117 1266 2172 καλοῦ
1311 2121 1407 2174 καὶ
1447 2125 1616 2177 κακοῦ
1647 2124 1863 2194 γνῶσίς-

266 2203 434 2267 ὲστιν,
459 2203 564 2256 οὐκ
597 2205 910 2270 ἰδιαζόντως
937 2209 1194 2281 ἑκάτερον
1223 2211 1330 2267 τῶν
1354 2215 1496 2268 κατά
1520 2216 1580 2268 τὸ
1609 2218 1850 2273 ἐναντίον

266 2296 688 2367 σημαινομένων
715 2300 774 2352 ὲν
799 2299 956 2371 μέρει
987 2303 1464 2374 καρποφοροῦντος
1495 2323 1512 2340 ο
1562 2307 1698 2362 ἀλλά
1729 2327 1850 2363 τινα

267 2389 678 2460 συγκεχυμένον
721 2391 818 2445 καὶ
871 2391 1177 2463 σύμμικτον
1234 2397 1445 2467 καρπὸν
1504 2397 1851 2465 ὲξανθοῦντος

266 2479 385 2540 ταῖς
421 2479 700 2544 ἐναντίαις
742 2484 1186 2555 συγκεκραμένον
1228 2486 1526 2553 ποιότησιν,
1562 2485 1622 2544 οῦ
1654 2490 1850 2544 κωλύει

271 2569 370 2640 μὲν
397 2570 499 2642 τὴν
530 2570 734 2643 βρῶσιν
761 2573 791 2626 6
817 2573 1058 2646 ἀρχηγὸς
1083 2575 1182 2647 τῆς
1208 2575 1372 2648 ζωῆς,
1409 2580 1764 2650 συμϐουλεύει
1792 2581 1851 2636 δὲ

266 2660 294 2712 6
314 2659 458 2728 ὄφις,
484 2661 572 2714 ἶνα
597 2661 676 2734 τῷ
701 2661 917 2732 θανάτῳ
947 2663 1333 2740 κατασκευάσῃ
1359 2665 1458 2738 τὴν
1483 2668 1707 2723 εἴσοδον.
1739 2670 1852 2724 Καὶ

266 2750 495 2815 πιθανὸς
543 2753 753 2821 ¹γίνεται
806 2752 1253 2824 συμϐουλεύσας,
1314 2755 1539 2831 εὐχροία
1592 2762 1698 2814 τινὶ
1755 2762 1852 2816 καὶ⁵

266 2842 428 2915 ἡδονῇ
469 2845 562 2899 τὸν
605 2845 818 2917 καρπὸν
868 2845 1256 2919 περιχρώσας,
1307 2849 1382 2915 ὡς
1433 2849 1500 2905 ἂν
1550 2852 1739 2925 ὀφθείη
1791 2871 1852 2908 τε

267 2935 458 3006 ἡδέως,
493 2937 588 2991 καὶ
610 2937 709 3009 τὴν
739 2938 917 3010 ὄρεξιν
945 2940 1080 3012 πρὸς
1112 2939 1211 3012 τὴν
1238 2940 1427 3011 γεῦσιν
1456 2943 1846 3014 ὑπερεθίσειεν.

1950 1777 2057 1833 que
2083 1762 2293 1817 ratione
2313 1761 2549 1832 quadam
2576 1769 2630 1816 et
2656 1760 2889 1816 consilio
2914 1767 3066 1815 certo
3089 1758 3528 1829 promiseuornm

1951 1867 2053 1908 usu
2089 1853 2248 1908 nobis
2281 1852 2584 1908 interdixit.
2623 1851 2702 1906 Ac
2733 1851 2865 1906 mihi
2905 1850 3124 1921 quidem
3164 1849 3296 1904 libet
3333 1861 3532 1920 magno

1951 1945 2045 1999 illo
2079 1943 2320 2008 Davide,
2356 1943 2712 2011 sapienteque
2753 1940 3078 2004 Solomone,
3116 1945 3373 2008 tanquam
3413 1949 3532 1990 ma-

1951 2035 2141 2106 gistris
2169 2035 2226 2088 in
2257 2034 2449 2088 barum
2478 2048 2663 2088 rerum
2690 2031 3056 2103 explicatione
3083 2031 3182 2085 uti.
3210 2030 3348 2084 Nam
3377 2037 3529 2084 uter-

1950 2140 2057 2195 que
2077 2123 2302 2178 delicias
2325 2137 2622 2206 conpessas
2642 2121 3036 2191 interpretatur
3064 2135 3255 2174 verum
3277 2118 3409 2172 illud
3433 2117 3532 2173 bo-

1951 2232 2104 2281 num,
2125 2215 2272 2286 quod
2294 2215 2436 2270 idem
2459 2222 2542 2270 est
2563 2228 2686 2268 cum
2705 2213 2852 2267 bono
2871 2211 3042 2266 omni.
3062 2209 3294 2264 Davides
3311 2207 3530 2279 quidem

1953 2308 2130 2376 inquit
2169 2309 2254 2360 ⁶⁸ε
2292 2327 2312 2360 ι
2350 2307 2411 2362 In
2445 2306 2678 2361 Domino
2706 2313 2871 2360 temet
2899 2305 3111 2360 oblecta
3147 2303 3221 2359 ".
3255 2321 3274 2353 ι
3307 2301 3532 2356 Solonio

1951 2409 2132 2456 autem
2154 2441 2168 2462 ,
2197 2399 2524 2469 sapientiam
2545 2438 2560 2462 ,
2589 2413 2711 2468 quae
2738 2404 2822 2452 est
2849 2396 2966 2466 ipse
2993 2394 3254 2449 Dominus
3275 2432 3291 2458 ,
3321 2393 3530 2462 lignum

1951 2492 2076 2547 vitae
2110 2491 2368 2561 appellat.
2413 2489 2582 2560 Igitur
2614 2487 2746 2542 illud
2783 2501 2945 2542 omne
2982 2486 3124 2542 idem
3163 2493 3248 2542 est
3283 2484 3428 2555 quod
3467 2484 3533 2538 li-

1951 2597 2118 2653 gnum
2149 2584 2304 2648 vita),
2339 2582 2499 2652 cujus
2542 2580 2733 2636 fruitio
2771 2579 2980 2634 homini
3012 2577 3080 2632 ad
3113 2576 3208 2632 Dei
3240 2576 3530 2646 imaginem

1953 2673 2098 2728 facto
2150 2674 2490 2730 conceditur.
2529 2672 2799 2728 Caeterum
2867 2671 2936 2726 ab
2991 2669 3097 2724 hoc
3159 2668 3304 2722 aliud
3357 2667 3532 2738 quod-

1953 2765 2077 2820 dam
2135 2767 2344 2837 lignum
2401 2767 2757 2830 discernitur,
2793 2763 2954 2833 cujus
3017 2762 3232 2817 t‘ructus
3285 2768 3368 2816 est
3399 2759 3530 2815 boni

1954 2870 2019 2912 ac
2053 2857 2182 2912 mali
2217 2857 2479 2928 cognitio.
2516 2856 2632 2912 Non
2663 2855 2811 2928 quod
2847 2855 3077 2909 alterum
3111 2853 3305 2908 horum
3339 2846 3532 2905 adver-

1955 2949 2195 3004 santium
2227 2950 2332 3006 sibi
2363 2949 2606 3004 vicissim
2640 2950 3004 3019 produceret,
3034 2944 3129 3000 sed
3154 2942 3299 3014 quod
3329 2941 3532 3012 promi-

267 3042 459 3082 scuum
492 3043 556 3083 ac
587 3025 878 3084 confusum
917 3029 1211 3100 quemdam
1253 3028 1490 3086 fructum
1530 3033 1837 3102 proferret,
1871 3037 1957 3093 cui
1984 3039 2276 3109 qualitates
2300 3040 2408 3095 illa:
2432 3039 2536 3094 sibi
2590 3039 2944 3094 adversantes
2993 3037 3256 3092 inessent.
3301 3032 3381 3088 De
3427 3032 3530 3086 hoc

268 3119 415 3175 vesci
444 3119 727 3175 hominem
760 3119 877 3175 Dux
905 3121 1031 3176 vita:
1058 3126 1237 3188 vetat,
1272 3135 1500 3192 serpens
1527 3124 1757 3192 suadet,
1792 3135 1853 3183 ut
1890 3132 2051 3186 morti
2088 3132 2229 3186 viam
2261 3131 2327 3186 ad
2357 3130 2733 3203 perimendum
2760 3129 3034 3184 hominem
3068 3131 3320 3184 strueret.
3350 3120 3529 3176 Vincit

265 3227 399 3267 vero
434 3213 617 3268 malus
645 3212 736 3268 hic
765 3213 980 3268 tandem
1017 3211 1390 3279 consiliarius,
1423 3215 1832 3284 pulchritudine
1867 3236 1932 3277 ac
1965 3224 2244 3295 voluptate
2272 3224 2507 3296 quadam
2537 3223 2774 3278 fructum
2809 3234 3102 3288 exornans,
3133 3227 3193 3273 ut
3225 3225 3280 3273 et
3304 3223 3528 3285 aspectu

261 3306 545 3378 jucundus
583 3315 764 3372 esset,
805 3313 859 3362 et
897 3308 1280 3378 appetitionem
1319 3312 1572 3383 gustandi
1613 3314 1696 3370 sui
1733 3314 2044 3385 proritaret.

835 3421 1232 3475 ΚΕΦΑΛΑΙΟΝ
1270 3421 1355 3476 κο.

270 3514 368 3582 Τίς
392 3513 432 3582 ἠ
459 3511 530 3567 ἐν
549 3509 630 3578 τῷ
655 3511 998 3584 παραδείσῳ
1037 3510 1170 3584 ζωὴ.
1199 3513 1299 3567 καὶ
1343 3513 1402 3567 τι
1423 3513 1489 3567 τὸ
1523 3514 1854 3584 ἀπηγορευ-

844 3581 1032 3653 μένον
1066 3581 1277 3647 ξύλον.

333 3677 401 3732 Τί
435 3673 531 3731 οὖν
569 3674 749 3730 ἐκεῖνό
776 3675 944 3740 ἐστιν,
965 3673 994 3728 ὂ
1021 3673 1187 3728 καλοῦ
1222 3692 1282 3728 τε
1311 3675 1405 3729 καὶ
1435 3673 1604 3729 κακοῦ
1655 3692 1854 3744 συγκε-

267 3768 554 3841 κραμένην
581 3767 696 3839 ἔχει
722 3768 824 3841 τὴν
851 3767 1074 3837 γνῶσιν,
1095 3770 1216 3832 ταῖς
1233 3768 1300 3822 δι’
1316 3767 1617 3840 αἰσθήσεως
1639 3769 1855 3840 ἡδοναῖς

266 3856 706 3931 ἐπηνθισμένον;
757 3861 899 3931 Ἀρα
939 3860 1016 3930 μὴ
1041 3859 1230 3932 πόρρω
1254 3859 1354 3930 τῆς
1386 3860 1642 3930 ἀληθείας
1673 3878 1854 3932 παρα-

269 3954 630 4024 στοχάσομαι,
655 3954 723 4024 τῇ
752 3951 848 4005 τοῦ
868 3951 1109 4021 γνωστοῦ
1130 3951 1336 4022 διανοίᾳ
1364 3953 1445 4014 είς
1473 3953 1728 4025 ἀφορμὴν
1752 3951 1855 4023 τῆς

268 4045 507 4117 θεωρίας
534 4043 940 4118 συγχρώμενος.
969 4039 1140 4116 Οἶμαι
1176 4044 1279 4115 γὰρ
1313 4045 1414 4097 οὐκ
1443 4045 1750 4116 ἐπιστήμην
1771 4045 1855 4098 ὲν-

267 4137 442 4192 ταῦθα
469 4137 621 4209 παρά
651 4137 752 4208 τῆς
804 4136 1027 4207 Γραφῆς
1061 4137 1299 4192 νοεῖσθαι
1349 4136 1447 4208 τὴν
1472 4136 1694 4205 γνῶσιν.
1719 4137 1855 4191 ἀλλά

267 4246 389 4282 τινα
411 4227 678 4299 διαφορὰν
713 4230 778 4282 ὲκ
824 4229 924 4298 τῆς
958 4228 1234 4300 γραφικῆς
1265 4228 1553 4299 συνηθείας
1590 4228 1849 4299 εὑρίσκω,

269 4317 531 4388 γνώσεώς
565 4336 626 4373 τε
683 4318 778 4373 καὶ
803 4318 1149 4390 διακρίσεως.
1183 4318 1258 4372 Τὸ
1293 4319 1392 4388 μὲν
1421 4319 1530 4390 γὰρ
1557 4318 1854 4390 διακρίνειν

267 4408 654 4479 ἐπιστημόνως
705 4406 768 4461 τδ
817 4407 981 4461 καλὸν
1034 4409 1099 4462 ἐκ
1129 4408 1222 4461 τοῦ
1268 4406 1463 4472 κακοῦ,
1517 4408 1854 4480 τελειοτέρας

267 4502 437 4567 ἕξεως
460 4497 599 4553 εἷναί
625 4516 789 4571 φησιν
819 4499 848 4552 6
900 4498 1240 4562 ’Δπόστολος,
1267 4499 1359 4552 καὶ
1392 4498 1854 4572 γεγυμνασμένων

268 4592 646 4664 αἰσθητηρίων
670 4609 684 4623 ·
738 4591 820 4645 διὸ
886 4591 981 4644 καὶ
1040 4591 1370 4662 πρόσταγμα
1415 4594 1649 4646 ποιεῖται
1677 4591 1854 4645 πάντα

270 4682 609 4756 δοκιμάζειν,
644 4683 740 4737 καὶ
786 4683 880 4736 τοῦ
910 4681 1280 4753 πνευματικοῦ
1305 4683 1366 4736 τὺ
1397 4683 1689 4755 διακρίνειν
1725 4683 1854 4736 ίδιον

2551 3424 2783 3483 CAPUT
2812 3423 2929 3480 XX.

1955 3521 2088 3590 Qua:
2119 3520 2278 3592 fuerit
2320 3519 2376 3574 in
2395 3518 2648 3589 paradiso
2679 3519 2808 3639 pila,
2832 3515 3030 3587 quodve
3059 3515 3128 3569 sit
3156 3512 3357 3582 lignum
3401 3509 3530 3563 veti-

2699 3603 2808 3639 um.

2025 3684 2308 3751 Quodnam
2365 3683 2531 3754 igitur
2592 3679 2729 3735 illud
2783 3686 2867 3732 est
2919 3677 3148 3747 lignum,
3205 3684 3528 3729 exornatum

1954 3774 2186 3840 deliciis,
2221 3789 2342 3844 quae
2381 3788 2547 3830 sensu
2577 3769 2968 3843 percipiantur,
3009 3767 3096 3821 cui
3139 3766 3266 3821 boni
3291 3767 3529 3836 malique

1950 3865 2113 3920 mista
2143 3865 2388 3934 quaadam
2423 3862 2662 3935 cognitio
2701 3861 2876 3917 inest?
2908 3858 3171 3929 Equidem
3225 3873 3332 3913 non
3373 3857 3530 3927 longe

1954 3971 1987 4011 a
2024 3957 2252 4012 veritate
2280 3957 2626 4019 aberravero,
2657 3955 2704 4010 si
2739 3955 2936 4009 mentis
2965 3951 3344 4022 intelligentia,
3393 3963 3531 4019 qua-

1955 4049 2114 4096 tenus
2146 4040 2368 4112 intelligi
2402 4039 2515 4096 haac
2545 4046 2796 4110 possunt,
2828 4038 2931 4092 hac
2963 4037 3080 4107 ipsa
3115 4037 3168 4090 in
3206 4032 3526 4090 considera-

1954 4137 2118 4192 tione.
2137 4143 2280 4190 utar.
2335 4133 2426 4189 Sic
2471 4132 2616 4188 enim
2663 4131 2936 4196 existimo,
2987 4145 3097 4184 non
3144 4129 3248 4183 hoc
3284 4127 3404 4180 loco
3431 4139 3532 4196 per

1954 4228 2321 4300 cognitionem
2351 4223 2575 4295 intelligi
2596 4219 3008 4281 scientiamzsed
3022 4218 3193 4276 sacris
3215 4217 3270 4270 in
3304 4215 3530 4273 Litteris

1954 4319 2175 4374 invenio
2221 4317 2516 4373 discrimen
2547 4311 2819 4383 quoddam
2875 4311 3017 4365 inter
3050 4306 3414 4378 cognitionem
3464 4319 3530 4360 ac

1954 4409 2420 4479 dijudicationem.
2462 4407 2599 4459 Nam
2630 4403 2833 4459 bonum
2881 4417 2948 4457 ac
3011 4401 3212 4455 malum
3274 4406 3528 4454 accurata

1955 4502 2191 4574 quadam
2229 4501 2464 4558 scientia
2507 4498 2827 4568 dijudieare,
2862 4495 3138 4551 facultatis
3186 4507 3306 4550 esse
3353 4489 3531 4562 perfe-

1955 4595 2142 4649 ctioris
2166 4593 2532 4662 cujusdam,et
2559 4605 2818 4645 sensuum
2850 4588 3262 4644 exercitatorum
3301 4583 3534 4652 Aposto-

1955 4687 2044 4742 lus
2085 4685 2252 4740 tradit
2303 4685 2370 4738 ".
2405 4683 2619 4740 Idcirco
2660 4681 2900 4753 praecipit
2938 4679 3172 4750 quodam
3216 4678 3356 4740 loco,
3409 4689 3533 4731 esse

268 4753 410 4830 εἷναί
431 4792 617 4846 φησιν.
633 4774 698 4828 Ἥ
723 4775 782 4828 δὲ
804 4773 1006 4844 γνῶσις
1029 4775 1091 4827 οὐ
1119 4773 1393 4844 πανταχοῦ
1419 4753 1736 4846 τὴνέπιστή
1747 4791 1842 4846 μηι

1970 4778 2142 4835 )mnia
2173 4775 2528 4847 exploranda,
2555 4781 2610 4831 et
2641 4774 3082 4844 dijudicationem
3114 4777 3324 4824 tantum
3350 4768 3406 4822 in
3435 4767 3534 4823 ho-

267 4888 328 4923 τε
349 4869 446 4923 καὶ
484 4867 581 4940 τὴν
612 4865 820 4938 εἴδησιν
847 4867 1137 4937 ὑφηγεῖται
1166 4865 1309 4921 κατὰ
1338 4867 1399 4919 τὸ
1438 4866 1850 4936 σημαινόμενον,

272 4961 406 5017 ἀλλά
433 4961 535 5031 τὴν
565 4960 701 5033 πρὸς
725 4959 786 5013 τὸ
812 4958 1208 5030 κεχαρισμένον
1231 4957 1469 5012 διάθεσιν
1489 4974 1504 4988 ’
1541 4946 1856 5026 ὡς,ι’³Εγνω

273 5055 477 5127 Κύριος
506 5056 633 5118 τοὺς
681 5052 840 5116 ὄντας
862 5051 1027 5105 αὐτοῦ
1048 5069 1061 5082 ·
1090 5071 1124 5120 ,ι
1163 5051 1258 5106 καὶ
1313 5050 1450 5122 πρὸς
1469 5050 1558 5103 τὸν
1592 5049 1830 5103 Μωῦσέα

272 5117 469 5218 φηὲτιν,
487 5139 572 5194 ὅτι
594 5146 844 5213 ιἜγνων
862 5161 922 5198 σε
941 5117 1103 5216 παρά
1117 5146 1324 5208 πάντας
1347 5117 1370 5174 ο.
1388 5164 1405 5195 ι
1441 5161 1507 5197 πε
1518 5145 1568 5216 pi.
1585 5143 1642 5197 δὲ
1670 5143 1777 5196 τῶν
1796 5117 1863 5198 ἐν.

269 5238 440 5309 κακίᾳ
490 5235 957 5306 κατεγνωσμένων
988 5235 1135 5306 λέγει
1171 5237 1200 5288 6
1245 5234 1315 5288 τά
1352 5234 1530 5289 πάντα
1565 5233 1739 5298 εἰδὼς,
1771 5235 1855 5288 ὅτι

274 5349 294 5384 ι
325 5331 599 5386 οὐδέποτε
658 5329 1018 5402 ἐγνωνηύμᾶς.
1053 5349 1072 5384 ι
1101 5329 1308 5385 Οὐκοῦν
1348 5329 1408 5384 τὸ
1455 5330 1629 5396 ξύλον,
1663 5331 1755 5400 ἀφ’
1793 5322 1854 5384 οῦ

339 5535 384 5565 ⁸⁷
420 5534 643 5601 Gen.n,
672 5534 762 5589 16.
840 5533 1051 5590 “Psal.
1090 5534 1346 5600 xxxvnt.
1424 5535 1468 5568 ⁶θ
1509 5532 1673 5593 Prov.
1710 5547 1793 5600 ιιι,
1829 5531 1842 5586 l

1995 5531 2041 5564 ⁷⁸
2075 5528 2239 5588 Hebr.
2275 5546 2328 5598 v,
2365 5529 2453 5586 M.

280 5615 335 5674 ll,
362 5603 452 5663 19.

1958 4869 2158 4925 minem
2178 4867 2518 4938 spiritualem
2547 4865 2743 4920 cadere
2771 4861 3000 4917 atiirmat
3026 4860 3095 4912 ⁷¹.
3124 4855 3380 4927 Cognitio
3404 4870 3536 4911 vero

1957 4977 2070 5018 non
2104 4961 2391 5017 scientiam
2447 4973 2510 5012 ac
2559 4958 2813 5012 notitiam
2871 4954 3077 5022 ubique
3135 4951 3434 5022 signiﬁcat,
3474 4957 3535 5006 ut

1957 5069 2064 5110 vox
2094 5054 2212 5123 ipsa
2247 5059 2435 5106 notare
2461 5051 2694 5115 videtur,
2727 5046 2820 5103 sed
2838 5044 3128 5115 quamdam
3157 5043 3323 5098 animi
3358 5043 3426 5098 ad
3455 5043 3534 5110 id,

1957 5145 2102 5216 quod
2141 5149 2354 5212 gratum
2392 5140 2549 5196 nobis
2577 5147 2682 5206 est,
2715 5136 3073 5192 affectionem.
3111 5134 3177 5190 Ut
3230 5149 3353 5190 eum
3396 5134 3538 5190 scri-

1962 5246 2112 5306 ptum
2155 5243 2241 5288 est
2267 5234 2316 5265 "
2361 5223 2432 5286 ;’‹
2476 5229 2635 5283 Novit
2667 5227 2928 5282 Dominus
2966 5241 3115 5283 suos.
3151 5246 3170 5278 ι
3211 5225 3279 5281 Ει
3311 5227 3377 5281 ad
3414 5225 3536 5281 Ilo-

1961 5341 2058 5382 sen
2090 5325 2266 5395 inquit
2323 5342 2336 5378 :
2388 5342 2406 5374 ι
2447 5321 2579 5377 Novi
2642 5327 2697 5375 te
2749 5333 2917 5390 supra
2945 5334 3155 5375 omnes.
3211 5338 3229 5372 ι
3266 5318 3439 5374 Etiam
3468 5316 3537 5371 de

2601 5527 2647 5560 τ’
2688 5524 2707 5580 1
2737 5525 2865 5583 Cor.
2893 5541 2953 5580 ιι.
2986 5523 3071 5577 l5.
3149 5521 3194 5553 "
3223 5518 3265 5574 ιι
3295 5513 3532 5570 Tillio”!-
