3766 5988
240 194 342 253 199

1464 185 1521 240 S.
1551 182 1880 240 GREGORII
1919 182 2215 239 NYSSENI

3380 193 3492 253 200

234 311 506 365 damnans
556 306 652 371 ait,
689 305 781 377 qui
845 301 1173 376 caeteroquin
1231 302 1415 358 omnia
1485 302 1637 358 novit
1685 301 1721 332 ⁷³

2011 301 2282 372 ύμμικτος
2318 299 2517 369 γνῶσις
2545 298 2993 371 καρποφορεῖται,
3036 301 3143 355 τῶν
3173 301 3495 375 ἀπηγορευ-

241 419 263 452 ι
296 398 583 469 Nunquam
641 397 765 450 novi
799 411 896 451 vos
952 395 1024 451 ⁷⁸.
1064 413 1084 447 ι
1146 394 1375 463 Lignum
1414 409 1542 463 ergo
1586 392 1654 447 de
1700 404 1809 461 quo

235 491 565 561 cognitionis
588 487 912 558 promiscuae
942 488 1155 543 fructus
1183 486 1417 555 capitur,
1451 494 1535 538 est
1557 484 1611 537 in
1629 497 1810 538 rerum

235 583 524 637 vetitarum
546 595 792 634 numero.
822 578 1029 634 Dicitur
1057 585 1235 632 autem
1275 576 1486 630 fruetus
1522 574 1612 629 ille
1649 588 1807 644 quem

238 687 464 740 serpens
536 670 813 740 praedicat,
888 685 952 725 ex
1013 669 1176 724 rebus
1225 667 1643 722 adversantibus
1705 664 1810 720 sibi

237 768 492 816 constare
528 781 541 815 :
595 761 843 818 fortassis
895 774 1013 814 eam
1045 760 1114 814 oh
1149 773 1392 822 causam,
1417 757 1561 827 quod
1605 757 1808 810 malum

240 852 399 921 plane
417 851 645 914 nudum,
672 856 733 904 ut
759 858 840 904 est
862 856 1058 903 natura
1081 862 1203 910 sua,
1225 862 1504 916 nunquam
1534 845 1690 900 nobis
1713 860 1809 916 ap-

239 950 446 1012 pareat.
478 940 732 995 Profecto
758 940 901 994 enim
941 939 996 993 in
1032 938 1251 993 homine
1273 936 1639 1006 permovendo
1660 935 1808 992 nulla

240 1035 495 1089 vitiorum
535 1033 823 1089 eﬂicaeitas
855 1033 1009 1097 foret,
1056 1030 1099 1086 si
1130 1044 1240 1084 non
1289 1030 1506 1099 quidam
1556 1029 1634 1082 eis
1681 1026 1809 1081 boni

240 1127 392 1182 color
440 1125 676 1189 additus,
732 1123 937 1178 homini
991 1122 1294 1192 cupiditate
1332 1123 1418 1176 sui
1463 1121 1517 1175 in
1562 1119 1807 1175 fraudem

169 1256 172 1259 -
238 1219 419 1274 illecto
483 1216 668 1271 fucum
744 1215 966 1269 faceret.
1043 1212 1200 1267 Nunc
1250 1228 1381 1267 vero
1431 1212 1631 1265 malum
1687 1226 1810 1267 esse

238 1310 467 1364 mixtum
495 1307 761 1373 videmus,
796 1307 952 1376 cujus
987 1306 1041 1361 in
1089 1305 1258 1362 fundo
1296 1304 1566 1374 pernicies
1597 1309 1680 1358 est
1712 1317 1808 1357 ve-

237 1403 338 1457 luti
390 1402 635 1472 quaedam
689 1399 837 1456 fraus
898 1400 1090 1465 latens,
1147 1414 1313 1468 quum
1362 1397 1601 1452 exterior
1651 1395 1809 1450 dolus

239 1494 527 1563 imaginem
556 1491 683 1547 boni
709 1498 941 1546 ostentet
966 1507 979 1542 :
1007 1490 1187 1545 avaris
1208 1488 1527 1559 praeclarum
1550 1487 1808 1557 quiddam

238 1600 363 1641 esse
385 1585 596 1640 videtur
623 1583 831 1654 argenti
878 1582 1155 1652 splendor,
1181 1595 1348 1651 quum
1381 1580 1500 1650 ejus
1544 1578 1808 1648 cupiditas

240 1678 509 1731 malorum
543 1675 785 1730 omnium
838 1674 993 1729 radix
1028 1674 1244 1741 existat.
1283 1671 1416 1738 Quis
1445 1671 1721 1726 hominum
1752 1670 1806 1725 in

241 1765 445 1823 foedam
497 1764 929 1835 intemperantia:
971 1764 1207 1819 illuviem
1260 1763 1654 1832 prolaberetur,
1699 1761 1808 1816 nisi

238 1874 362 1914 eum
398 1858 454 1912 in
484 1849 736 1911 morbum
779 1856 883 1910 hoc
929 1856 1148 1910 nomine
1174 1855 1323 1910 velut
1368 1855 1643 1910 inescatus
1684 1870 1808 1923 per-

238 1949 569 2014 traheretur,
629 1947 772 2016 quod
822 1948 1155 2017 voluptatem
1205 1961 1327 2001 esse
1366 1961 1476 2001 rem
1532 1946 1729 2001 bonam
1755 1952 1809 2000 et

237 2041 529 2111 optabilem
587 2039 899 2094 existimat?
950 2038 1152 2092 Eodem
1198 2037 1359 2092 modo
1404 2037 1534 2092 vitia
1591 2044 1807 2101 caetera,

237 2147 362 2187 cum
408 2140 616 2187 eertum
659 2131 881 2186 exitium
910 2130 1203 2192 occultent,
1244 2130 1418 2198 prima
1467 2136 1645 2183 tamen
1693 2128 1810 2183 vice

237 2225 492 2279 videntur
524 2222 845 2292 expetenda,
874 2236 1040 2291 seque
1070 2221 1125 2275 in
1162 2221 1375 2275 animos
1401 2220 1807 2290 imprudentum

239 2333 340 2386 pro
370 2316 512 2370 bono
547 2314 854 2369 insinuant.
883 2312 1016 2369 Cum
1051 2312 1218 2383 igitur
1248 2312 1500 2382 pleraque
1531 2312 1811 2366 hominum

240 2423 367 2478 pars
399 2407 450 2461 id
498 2408 697 2462 bonum
734 2420 856 2461 esse
893 2403 1117 2472 judicet,
1143 2403 1287 2474 quod
1332 2419 1528 2461 sensus
1557 2403 1809 2459 delectat:

238 2514 475 2570 cumque
503 2500 637 2554 adeo
669 2498 976 2553 communis
1026 2496 1313 2566 appellatio
1341 2496 1467 2549 boni
1498 2495 1588 2559 sit,
1615 2509 1738 2548 cum
1765 2493 1813 2548 ei

241 2592 384 2663 quod
406 2607 530 2647 vere
553 2591 753 2645 bonum
784 2597 887 2653 est,
942 2595 1054 2640 tum
1080 2586 1418 2656 alteriquod
1457 2586 1657 2641 bonum
1693 2600 1814 2641 esse

239 2685 455 2741 videtur
487 2702 500 2736 :
552 2682 758 2737 idcirco
804 2680 983 2734 Sacrae
1014 2678 1231 2733 Litterae
1261 2678 1645 2748 appetitionem
1685 2677 1815 2732 mali

240 2776 464 2831 latentis
496 2774 598 2830 sub
632 2773 759 2828 boni
795 2771 995 2841 specie,
1018 2770 1383 2838 cognitionem
1431 2769 1557 2825 boni
1586 2776 1639 2825 et
1687 2768 1816 2823 mali

243 2866 543 2927 nominant,
597 2878 694 2932 per
726 2876 889 2932 quam
930 2860 1144 2916 affectio
1172 2861 1419 2931 quaedam
1451 2872 1506 2916 et
1553 2870 1818 2932 tempera-

1916 395 2090 464 μένων
2112 394 2247 447 ἐστί.
2280 393 2555 463 Μέμικται
2579 392 2637 446 δὲ
2669 391 2758 446 διὰ
2788 392 2894 446 τῶν
2923 393 3179 447 ἐναντίων
3214 395 3242 446 ὁ
3276 395 3496 466 καρπὸς

1911 484 2134 548 ἐκεῖνος,
2157 485 2185 536 ὁ
2209 485 2502 554 συνήγορον
2526 483 2663 554 ἔχων
2684 484 2877 537 ἑαυτοῦ
2905 485 2994 538 τὸν
3012 484 3154 554 ὅφιν,
3179 485 3324 557 τάχα
3349 486 3497 540 κατά

1910 579 1998 629 τὸν
2025 575 2180 643 λόγον
2204 575 2410 641 τοῦτον,
2433 576 2513 629 ὅτι
2560 576 2620 629 ού
2659 575 2863 645 γυμνὸν
2907 575 3192 647 πρόκειται
3226 575 3286 629 τὸ
3319 578 3496 630 κακὸν

1910 668 2043 720 αὐτὸ
2089 668 2173 737 ἐφ’
2231 666 2424 721 ἑαυτοῦ
2455 667 2594 721 κατὰ
2628 666 2720 736 τὴν
2760 665 2895 720 ἰδίαν
2932 664 3094 735 φύσιν
3142 668 3494 737 φαινόμενον.

1908 755 1985 811 Ἦ
2016 759 2124 830 γὰρ
2158 759 2220 813 ἂν
2251 760 2528 830 ἄπρακτος
2556 754 2622 828 ἦν
2655 760 2688 828 ή
2711 757 2898 821 κακία,
2922 758 3112 827 μηδενὶ
3137 774 3498 831 προσκεχρω-

1913 851 2083 921 σμένη
2118 849 2267 920 καλῷ
2315 848 2394 920 τῷ
2422 849 2557 921 πρὸς
2601 848 2894 918 ἐπιθυμίαν
2926 847 3097 916 αὐτῆς
3143 847 3493 917 ἐφελκομένῳ

1910 941 2000 995 τὸν
2028 941 2402 1011 ἀπατώμενον.
2437 940 2572 993 Νυνὶ
2597 939 2653 992 δέ
2684 939 2989 1009 σύμμικτός
3013 938 3129 1001 πῶς
3151 940 3298 992 ἐστιν
3328 940 3360 1009 ή
3395 941 3494 994 τοῦ

1911 1032 2083 1087 κακοῦ
2110 1033 2291 1102 φύσις,
2323 1034 2380 1085 ἐν
2416 1032 2512 1102 μέν
2535 1032 2611 1102 τῷ
2646 1031 2798 1102 βάθει
2842 1031 2931 1084 τὸν
2966 1030 3205 1101 ὄλεθρον,
3237 1028 3347 1085 οἷόν
3368 1048 3498 1086 τινα

1909 1124 2058 1179 δόλον
2091 1124 2537 1194 ἐγκεκρυμμένον
2584 1123 2802 1193 ἔχουσα,
2838 1124 2894 1175 ἐν
2925 1122 2981 1176 δὲ
3007 1125 3073 1193 τῇ
3112 1122 3253 1177 κατὰ
3284 1122 3345 1175 τὸ
3374 1140 3498 1190 φαι-

1910 1217 2131 1287 νόμενον
2145 1217 2325 1288 ἀπάτῃ
2349 1215 2513 1270 καλοῦ
2528 1232 2651 1269 τινα
2667 1215 2966 1283 φαντασίαν
2993 1233 3071 1269 πα
3079 1215 3394 1286 ραδεικνύου
3403 1232 3493 1269 σα.

1910 1306 2089 1361 Καλὸν
2123 1306 2270 1360 δοκεῖ
2309 1307 2422 1369 τοῖς
2448 1305 2870 1377 ,φιλαργύροιςὴ
2913 1309 3011 1375 τῆς
3056 1304 3186 1375 ὕλης
3229 1304 3455 1376 εὔχροια
3478 1323 3494 1337 °

1911 1397 2046 1454 ἀλλὰ
2077 1390 2202 1469 ῥίζα
2228 1398 2444 1452 πάντων
2481 1397 2588 1452 τῶν
2614 1397 2854 1469 κακῶνὴ
2887 1397 3221 1469 φιλαργυρία
3260 1398 3493 1466 γίνεται.
3558 1456 3567 1463 κ

1909 1488 2009 1551 Τίς
2051 1488 2091 1540 δ’
2148 1486 2214 1542 ἂν
2263 1488 2355 1542 ἐπὶ
2395 1488 2484 1540 τὸν
2529 1486 2737 1558 δυσώδη
2781 1487 3036 1558 βόρϐορον
3065 1489 3162 1559 τῆς
3197 1488 3499 1551 ἀκολασίας

1913 1579 2265 1645 κατὼλισθεν,
2312 1580 2362 1631 εί
2408 1579 2483 1648 μὴ
2531 1578 2627 1650 τὴν
2657 1579 2847 1650 ἡδονὴν
2887 1578 3051 1633 καλόν
3078 1596 3129 1632 τι
3155 1580 3249 1632 καὶ
3274 1578 3498 1650 αἱρετὸν

1910 1671 2046 1743 ᾤετο
2089 1672 2118 1724 ὁ
2148 1670 2226 1740 τῷ
2281 1669 2492 1724 δελέατι
2526 1671 2698 1740 τούτῳ
2744 1669 2881 1740 πρὸς
2910 1668 2970 1745 τὸ
2996 1669 3165 1733 πάθος
3194 1672 3500 1742 κατασυρό-

1912 1780 2103 1834 μενος;
2137 1761 2293 1815 Οὕτω
2312 1762 2405 1814 καὶ
2442 1759 2512 1814 τὰ
2545 1760 2707 1814 λοιπά
2735 1759 2843 1813 τῶν
2877 1761 3299 1831 ἁμαρτημάτων
3328 1763 3498 1829 ἐγκε-

1908 1854 2228 1926 κρυμμένην
2274 1854 2467 1925 ἔχοντα
2510 1853 2609 1924 τὴν
2637 1852 2954 1923 διαφθορὰν,
2997 1852 3190 1924 αἱρετά
3215 1855 3367 1923 παρά
3394 1854 3496 1925 τὴν

1909 1944 2131 2017 πρώτην
2174 1945 2340 2012 δοκεῖ,
2368 1944 2456 1998 διά
2495 1961 2638 2008 τινος
2669 1944 2883 2014 ἀπάτης
2930 1947 3042 2007 τοῖς
3071 1945 3497 2007 ἀνεπισκέπτως

1910 2034 2024 2089 ἀντ’
2045 2033 2249 2103 ἀγαθοῦ
2294 2033 2720 2104 σπουδαζόμενα.
2748 2033 2982 2106 ξΕπειδὴ
3017 2034 3194 2088 τοίνυν
3224 2036 3273 2087 οί
3309 2034 3497 2087 πολλοὶ

1902 2127 1973 2181 ,τὸ
2010 2127 2174 2182 καλὸν
2227 2129 2284 2181 ἐν
2321 2127 2397 2199 τῷ
2425 2126 2525 2189 τὰς
2553 2126 2831 2197 αἰσθήσεις
2858 2126 3198 2198 εύφραίνοντι
3223 2127 3494 2198 κρίνουσι,

1911 2218 2003 2272 καί
2023 2218 2107 2282 τίς
2135 2220 2280 2272 ἐστιν
2300 2219 2587 2289 ὁμωνυμία
2609 2218 2704 2271 τοῦ
2725 2235 2783 2271 τε
2813 2218 2965 2281 ὄντος
2994 2218 3087 2271 καὶ
3098 2218 3189 2270 τοῦ
3210 2217 3497 2282 δοκοῦντος

1913 2307 2051 2367 εἶναι
2090 2312 2256 2366 καλοῦ
2279 2330 2291 2344 ·
2328 2312 2517 2365 τούτου
2546 2311 2708 2381 χάριν
2738 2313 2771 2378 ἡ
2802 2309 2938 2382 πρὸς
2971 2309 3033 2361 τὸ
3064 2308 3229 2362 κακὸν
3255 2307 3329 2371 ὡς
3355 2309 3496 2381 πρὸς

1913 2404 1973 2457 τὸ
1999 2404 2199 2471 ἀγαθὸν
2227 2403 2483 2473 γινομένη
2516 2401 2799 2472 ἐπιθυμία,
2837 2400 3001 2455 καλοῦ
3026 2401 3120 2455 καὶ
3142 2400 3313 2455 κακοῦ
3346 2402 3495 2469 γνῶ·-

1916 2508 1999 2554 σις
2026 2490 2130 2544 ὑπὸ
2156 2492 2256 2561 τῆς
2276 2489 2498 2560 Γραφῆς
2528 2487 2842 2561 ὠνομάσθη,
2878 2488 3212 2542 συνδιάθεσίν
3245 2506 3368 2544 τινα
3395 2488 3498 2543 καὶ

1916 2582 2216 2654 ἁνάκρασιν
2254 2580 2661 2655 ἑρμηνευούσης
2707 2580 2806 2650 τῆς
2834 2578 3104 2648 γνώσεως.
3124 2578 3260 2633 Οὔτε
3290 2580 3497 2634 ἀπολύ-

1913 2693 2022 2739 τως
2042 2675 2374 2741 κακὸν,διότι
2393 2672 2769 2745 περιήνθισται
2784 2672 2861 2743 τῷ
2889 2671 3056 2742 καλῷ,
3086 2672 3208 2726 οὔτε
3236 2672 3497 2743 καθαρῶς

1916 2771 2137 2840 ἀγαθὸν,
2177 2771 2310 2824 διότι
2343 2769 2754 2839 ὑποκέκρυπται
2782 2766 2842 2821 τὸ
2874 2766 3041 2821 κακόν
3065 2782 3079 2795 ·
3107 2766 3244 2819 ἀλλὰ
3286 2766 3497 2836 σύμμι-

1917 2881 2044 2918 κτον
2071 2864 2138 2919 δι⁹
2159 2862 2431 2933 ἑκατέρων
2450 2860 2545 2913 τοῦ
2571 2858 3020 2929 ἀπηγορευμένου
3044 2857 3200 2922 ξύλου
3221 2858 3313 2911 τὸν
3350 2876 3495 2929 καρο

242 2963 482 3011 mentum
532 2953 869 3023 intelligitur.
898 2951 1016 3007 Non
1041 2952 1186 3006 enim
1220 2952 1457 3006 fructum
1486 2952 1630 3022 'ligni
1665 2968 1729 3008 ve

2008 2945 2194 3005 θεῖναί·
2213 2968 2398 3020 φησιν,
2441 2940 2501 3001 οῦ
2557 2948 2656 3018 τὴν
2708 2947 2897 3015 γεῦσιν
2949 2949 3027 3010 εἰς
3074 2946 3296 3000 θάνατον
3337 2948 3495 3015 ἄγειν

242 3046 489 3101 absolute
541 3045 743 3098 malum
800 3044 1019 3114 aliquod
1076 3059 1199 3100 csse
1236 3044 1480 3110 tradunt,
1517 3061 1640 3100 cum
1691 3046 1820 3101 boni

243 3134 400 3204 quasi
428 3133 652 3188 ﬂoribus
682 3134 1005 3204 quibusdam
1031 3143 1328 3189 exornatus
1350 3134 1421 3190 sit
1450 3150 1659 3205 :neque
1685 3150 1820 3190 con-

243 3236 326 3279 tra
348 3239 483 3295 pure
507 3224 734 3287 bonum,
757 3239 881 3279 cum
917 3225 1021 3281 sub
1039 3240 1104 3281 eo
1134 3226 1335 3279 malum
1369 3226 1537 3281 lateat
1566 3245 1580 3280 :
1613 3227 1707 3282 sed
1753 3243 1821 3283 ex

245 3325 477 3386 utroque
510 3315 755 3381 mistum,
797 3331 904 3385 quo
934 3317 1026 3386 qui
1070 3324 1312 3383 utantur,
1354 3318 1720 3373 certissimum
1750 3318 1819 3374 ad

245 3406 522 3462 interitum
559 3414 740 3462 ruant.
782 3406 969 3478 Itaque
990 3417 1198 3463 tantum
1221 3425 1329 3463 non
1357 3417 1543 3478 aperte
1559 3409 1815 3474 clamant,

244 3493 430 3552 verum
465 3498 669 3553 bonum
717 3486 943 3569 simplex
970 3507 1024 3555 et
1062 3501 1376 3559 uniusmodi
1419 3501 1677 3571 quiddam
1722 3517 1823 3556 na~

246 3598 362 3643 tura
392 3603 492 3644 sua
524 3590 806 3655 exsistere,
866 3592 1102 3646 alienum
1154 3592 1222 3647 ab
1260 3592 1404 3647 omni
1467 3592 1810 3661 duplicitate,

243 3680 758 3752 adversantiumque
803 3682 909 3737 sibi
959 3697 1142 3736 rerum
1181 3681 1585 3751 conjunctione.
1619 3682 1818 3735 Malum

243 3774 433 3820 munra
473 3766 681 3820 varium
713 3781 857 3832 esse,
885 3781 949 3820 ac
977 3767 1211 3835 quodam
1260 3767 1421 3821 modo
1462 3769 1617 3837 quasi
1652 3769 1820 3823 vesti-

244 3868 356 3910 tum
396 3874 409 3908 :
437 3855 691 3925 quodque
712 3855 859 3909 aliud
891 3855 1149 3924 quiddam
1181 3857 1337 3912 initio
1353 3858 1623 3922 videatur,
1656 3873 1825 3927 quam

243 3964 365 4004 esse
394 3947 590 4002 deinde
626 3961 723 4016 per
766 3947 1154 4016 experientiam
1209 3948 1648 4018 deprehenditur.
1684 3948 1817 4001 Nam

243 4042 292 4095 si
333 4040 401 4095 ad
447 4038 568 4108 ejus
625 4039 991 4108 cognitionem
1032 4040 1435 4109 perveniamus,
1482 4039 1588 4093 hoc
1633 4049 1738 4098 est,
1773 4039 1819 4095 si

243 4132 412 4188 semel
444 4130 586 4185 facto
618 4131 861 4200 periculo
898 4130 1097 4184 malum
1126 4132 1538 4200 amplectamur,
1589 4137 1702 4183 tum
1733 4130 1820 4183 ni-

246 4223 444 4277 mirum
474 4239 596 4278 esse
619 4222 749 4276 illud
784 4222 837 4276 in
861 4223 1017 4278 nobis
1041 4237 1261 4277 causam
1285 4221 1608 4291 initiumque
1629 4223 1821 4279 mortis

1921 3042 2043 3099 εἷπε
2071 3036 2197 3108 τοῦς
2246 3041 2575 3113 ἁψαμένους,
2621 3041 2899 3109 μονονουχὶ
2945 3039 3191 3110 φανερῶς
3219 3041 3279 3093 τὺ
3315 3040 3498 3112 δόγμα

1922 3137 2080 3208 βοῶν,
2111 3137 2191 3189 ὅτι
2214 3134 2275 3188 τό
2304 3134 2472 3197 ὅντως
2494 3132 2694 3201 ἀγαθὸν
2726 3130 2929 3185 ἁπλοῦν
2953 3133 3045 3184 καὶ
3077 3133 3344 3202 μονοειδές
3372 3135 3496 3188 ἐστι

1919 3229 1985 3297 τῇ
2012 3227 2190 3294 φύσει,
2238 3223 2416 3294 πάσης
2464 3221 2685 3293 διπλόης
2733 3220 2826 3273 καὶ
2866 3220 2963 3291 τῆς
3004 3220 3140 3290 πρὸς
3159 3220 3220 3275 τὸ
3250 3221 3499 3277 ἐναντίον

1921 3318 2180 3387 συζυγίας
2233 3316 2529 3387 ἀλλότριον.
2571 3316 2645 3369 Τὸ
2685 3317 2742 3371 δὲ
2783 3315 2952 3370 κακὸν
2984 3313 3224 3368 ποικίλον
3281 3331 3339 3367 τε
3398 3316 3498 3371 καὶ

1921 3409 2498 3482 κατεσχηματισμένον
2557 3409 2727 3477 ἐστὶν,
2767 3410 2894 3465 ἄλλο
2924 3428 2975 3464 τι
2998 3406 3369 3479 νομιζόμενον,
3400 3408 3501 3461 καὶ

1919 3503 2106 3574 ἓτερον
2129 3501 2214 3557 διὰ
2240 3502 2338 3572 τῆς
2361 3501 2556 3571 πείρας
2580 3501 3024 3572 ἀνακρινόμενον,
3056 3501 3115 3553 ού
3144 3499 3241 3573 τὴν
3270 3498 3497 3567 γνῶσιν,

1918 3595 2187 3660 τουτέστι,
2216 3594 2313 3664 τήν
2333 3594 2420 3647 διὰ
2452 3594 2549 3664 τῆς
2581 3592 2773 3664 πείρας
2817 3591 3102 3662 ἀνάληψιν,
3130 3590 3359 3645 θανάτου
3400 3591 3502 3644 καὶ

1919 3684 2208 3755 διαφθορᾶς
2237 3686 2410 3756 ἀρχήν
2438 3701 2497 3737 τε
2522 3685 2614 3738 καὶ
2647 3683 2900 3737 ὑπόθεσιν
2928 3680 3192 3750 γίνεσθαι.
3222 3680 3319 3733 Διὰ
3339 3678 3502 3733 τοῦτο

1920 3777 2295 3847 προδείκνυσιν
2329 3777 2357 3828 ὁ
2381 3774 2501 3843 ὄφις
2536 3775 2626 3829 τὸν
2678 3773 2909 3844 πονηρὸν
2936 3774 3034 3843 τῆς
3067 3772 3335 3843 ἁμαρτίας
3360 3788 3503 3841 καρ-

1921 3868 2041 3932 πὸν,
2072 3868 2170 3937 οὐχ
2197 3866 2270 3930 ὡς
2300 3861 2413 3936 εἶχε
2449 3866 2661 3935 φύσεως
2694 3866 2755 3918 τὸ
2785 3864 2951 3919 κακὸν
2976 3866 3041 3918 ἐκ
3067 3864 3160 3917 τοῦ
3187 3864 3502 3933 προφανοῦς

1920 3956 2189 4021 ἐπιδείξας
2208 3972 2220 3985 ·
2253 3957 2314 4010 οὐ
2360 3956 2468 4028 γὰρ
2508 3956 2573 4010 ἂν
2600 3958 2854 4027 ἠπατήθη
2881 3958 2909 4009 ὁ
2935 3956 3218 4026 ἄνθρωπος
3244 3953 3323 4025 τῷ
3359 3972 3503 4025 προ-

1919 4047 2062 4119 δήλῳ
2106 4047 2297 4118 κακῷο
2358 4047 2494 4101 ἀλλὰ
2554 4048 2643 4101 διά
2689 4065 2834 4110 τινος
2883 4045 3033 4118 ὥρας
3074 4046 3133 4099 τὸ
3175 4046 3504 4116 φαινόμενον

1921 4139 2205 4207 ἀγλαΐσας,
2237 4138 2329 4192 καί
2360 4156 2479 4193 τινα
2512 4137 2655 4192 κατὰ
2688 4138 2787 4209 τὴν
2814 4136 3064 4208 αἴσθησιν
3087 4137 3275 4208 ἡδονὴν
3303 4140 3505 4207 ἐγγοη-

1920 4228 2115 4291 τεύσας
2132 4229 2198 4298 τῇ
2233 4226 2438 4295 γεύσει,
2477 4227 2698 4291 πιθανὸς
2738 4227 2907 4297 ἐφάνη
2953 4229 3019 4298 τῇ
3046 4229 3283 4295 γυναικὶ,
3314 4227 3503 4293 καθώς

243 4321 299 4366 et
328 4312 598 4367 interitus.
648 4311 855 4367 Idcirco
907 4315 1132 4381 serpens
1170 4312 1424 4365 vitiosum
1456 4311 1662 4380 peccati
1704 4310 1729 4366 f

2017 4335 2089 4370 rw
2154 4320 2186 4387 ή
2245 4320 2432 4389 Γραφή
2454 4335 2466 4348 ⁸
2502 4319 2641 4373 «Καὶ
2659 4316 2764 4374 εἶδε
2786 4322 2898 4395 γὰρ
2932 4320 2964 4389 ή
2996 4319 3152 4390 γυνή,
3188 4321 3374 4390 φησὶν,
3416 4321 3504 4374 ὅτι

244 4408 391 4454 ctum
413 4400 617 4454 homini
638 4400 992 4465 demonstrat,
1025 4415 1133 4453 non
1166 4400 1315 4453 illum
1357 4400 1572 4469 quidem
1607 4409 1812 4471 aperte,

245 4492 423 4562 qualis
454 4506 481 4543 a
519 4498 711 4543 natura
742 4500 859 4543 erat
880 4492 1008 4559 (non
1037 4492 1179 4545 enim
1210 4507 1306 4561 per
1327 4492 1672 4548 manifestum
1700 4510 1816 4549 ma-

247 4585 358 4639 lum
392 4582 502 4636 falli
543 4582 705 4635 homo
753 4582 1065 4651 potuisset),
1128 4582 1223 4637 sed
1252 4596 1474 4638 externa
1515 4587 1816 4642 venustatis

247 4690 370 4728 eum
390 4674 568 4743 specie
595 4681 823 4727 exornat
850 4691 863 4725 :
901 4673 1143 4743 adeoque
1170 4675 1349 4743 gustui
1372 4675 1491 4751 ejus
1521 4676 1816 4745 voluptatis

250 4763 475 4833 aliquid,
539 4762 683 4832 quod
723 4779 886 4818 sensu
936 4764 1326 4834 perciperetur,
1390 4781 1486 4834 per
1548 4768 1812 4836 quasdam

248 4854 406 4922 quasi
445 4854 747 4924 praestigias
800 4853 961 4919 indit,
1006 4864 1064 4909 ut
1098 4856 1173 4911 ita
1205 4857 1419 4912 mulieri
1470 4859 1612 4927 quod
1659 4860 1815 4914 vellet

251 4945 621 5012 persuaderet.
676 4944 767 5000 Sic
806 4945 948 5000 enim
999 4944 1215 5003 Littera:
1253 4962 1420 5002 sacrm
1459 4950 1757 5018 loquuntur
1799 4968 1812 5003 :

255 5052 275 5085 ι
311 5033 459 5090 Vidit
499 5045 679 5092 autem
714 5037 908 5091 mulier
936 5038 1140 5108 lignum
1181 5040 1314 5094 illud
1344 5039 1545 5095 bonum
1595 5058 1717 5098 esse
1749 5043 1815 5099 ad

249 5131 614 5196 vescendum,
653 5139 707 5184 et
750 5131 927 5187 oculis
972 5140 1209 5203 gratum,
1255 5133 1591 5204 mirificeque
1619 5136 1817 5204 jucun-

248 5224 378 5278 dum
413 5230 635 5292 aspectu
666 5224 734 5277 ⁷⁸.
778 5243 798 5277 ι
848 5225 1037 5293 Itaque
1083 5224 1321 5279 fructum
1346 5240 1357 5253 °
1383 5226 1502 5295 ejus
1533 5236 1816 5297 acceptum

250 5311 504 5366 comedit.
556 5312 723 5366 Cibus
745 5320 924 5368 autem
964 5314 1056 5369 ille
1084 5323 1310 5371 mortem
1351 5317 1555 5372 homini
1586 5318 1815 5388 peperit.

253 5404 428 5473 Atque
459 5401 546 5456 hic
575 5400 674 5455 fuit
722 5403 789 5467 is,
819 5402 885 5458 de
944 5420 1052 5475 quo
1080 5405 1422 5475 disserimus,
1473 5410 1818 5479 promiscuus

1921 4408 2084 4462 καλὸν
2111 4408 2171 4461 τὸ
2193 4406 2344 4473 ξύλον
2366 4410 2442 4471 εἰς
2464 4406 2662 4477 βρῶσιν
2704 4412 2793 4464 καὶ
2819 4409 2899 4461 ὅτι
2921 4410 3147 4481 ἀρεστὸν
3165 4412 3276 4474 τοῖς
3298 4411 3505 4479 ὀφθαλ-

1924 4503 2042 4570 μοῖς
2071 4500 2219 4562 ίδεῖν,
2248 4501 2338 4553 καὶ
2368 4499 2567 4569 ὡραῖόν
2595 4500 2709 4551 ἐττι
2741 4496 2833 4551 τοῦ
2864 4502 3199 4572 κατανοῆσαι
3224 4519 3236 4532 ·
3255 4503 3376 4558 »καὶ
3403 4502 3504 4555 λα-

1920 4591 2089 4645 ϐοῦσα
2123 4591 2217 4645 τοῦ
2236 4590 2447 4662 καρποῦ
2475 4591 2639 4643 αὐτοῦ
2664 4591 2882 4659 ἔφαγεν.
2915 4592 2980 4644 Ἡ
3008 4592 3065 4644 δὲ
3094 4592 3295 4663 βρῶσις
3312 4595 3500 4666 ἐκείνη

1922 4683 2152 4736 θανάτου
2193 4685 2372 4754 μήτηρ
2399 4684 2509 4743 τοῖς
2542 4681 2848 4752 ἀνθρώποις
2874 4683 3114 4751 γέγονεν.
3139 4683 3286 4746 Αὕτη
3317 4684 3502 4741 τοίνυν

1921 4776 1955 4844 ὴ
1992 4774 2295 4845 σύμμικτός
2324 4777 2439 4826 ἐστι
2473 4773 2840 4843 καρποφορία,
2875 4773 3061 4841 σαφῶς
3084 4773 3176 4826 τοῦ
3215 4774 3372 4842 λόγου
3407 4776 3503 4830 τὸν

1922 4866 2045 4920 νοῦν
2068 4864 2484 4937 ἐρμηνεύοντος,
2512 4864 2632 4920 καθ’
2668 4864 2725 4916 ὃν
2758 4863 2919 4917 καλοῦ
2950 4882 3007 4917 τε
3038 4868 3132 4918 καὶ
3160 4865 3331 4918 κακοῦ
3355 4882 3504 4932 γνω-

1924 4958 2046 5012 στὸν
2064 4957 2363 5027 ’ὠνομάσθη
2395 4957 2455 5009 τὸ
2482 4955 2636 5020 ξύλον
2662 4957 2856 5019 ἐκεῖνο,
2888 4957 2969 5008 ὅτι
3002 4957 3142 5009 κατὰ
3169 4954 3266 5027 τὴν
3287 4955 3393 5009 τῶν
3413 4956 3506 5027 δη-

1922 5047 2193 5119 λητηρίων
2218 5049 2410 5100 κακίαν
2432 5045 2537 5098 τῶν
2560 5045 3013 5116 παραρτυθέντων
3039 5045 3116 5114 τῷ
3134 5046 3329 5116 μέλιτι,
3362 5047 3507 5101 καθὸ

1928 5138 2026 5208 μὲν
2069 5135 2491 5204 καταγλυκαίνει
2539 5136 2638 5205 τὴν
2664 5134 2940 5204 αἴσθησιν,
2965 5135 3127 5189 καλὸν
3160 5131 3296 5189 εῖναι
3330 5136 3505 5202 δοκεῖ,

1925 5227 2060 5282 καθὸ
2086 5226 2143 5278 δὲ
2168 5225 2375 5298 φθείρει
2434 5226 2525 5281 τὸν
2571 5228 3034 5297 προσαπτόμενον,
3075 5226 3246 5281 κακοῦ
3300 5228 3511 5295 παντὶς

1925 5319 2151 5389 ἔσχατον
2183 5318 2412 5387 γίνεται.
2452 5318 2604 5374 Ἐπεὶ
2655 5314 2746 5373 οὖν
2791 5320 3059 5390 ἐνήργησε
3094 5318 3235 5375 κατὰ
3262 5320 3359 5390 τῆς
3406 5321 3505 5378 τοῦ

1924 5410 2217 5484 ἀνθρώπου
2242 5410 2385 5482 ζωῆς
2415 5411 2478 5465 τὸ
2514 5411 2746 5484 πονηρὸν
2786 5412 3107 5484 δηλητήριον
3130 5428 3144 5441 ·
3173 5411 3295 5465 τότε
3340 5410 3372 5465 ό
3408 5411 3510 5470 ἄν-

320 5578 368 5617 ’δ
403 5577 572 5636 Exod.
599 5596 764 5646 xxxv,
792 5582 875 5638 l2.
949 5583 997 5617 ’δ
1036 5584 1229 5644 Matth.
1259 5602 1359 5656 vn,
1388 5587 1477 5641 23.
1552 5587 1600 5620 ⁷⁸
1637 5586 1775 5645 Gen.
1799 5602 1881 5653 ιιι,
1914 5586 1968 5643 6.
