3794 6000
219 164 321 220 2M

1456 153 1557 208 'DE
1592 150 1878 208 HOMINIS
1914 146 2227 208 OPlFlCIO.

3365 148 3474 203 2432

216 280 451 353 θρωπσς,
474 277 539 330 τὸ
556 276 702 348 μέγα
738 275 832 329 καὶ
858 274 1092 345 πρᾶγμα
1106 272 1201 327 καὶ
1229 272 1423 343 ὄνομα,
1440 273 1503 325 τὸ
1528 273 1628 343 τῆς
1644 272 1793 334 θείας

1913 269 2157 327 ructus:
2207 269 2612 325 declarantibus
2673 268 2957 338 perSpicue
3002 265 3223 323 Litteris
3275 266 3474 329 sacris,

224 369 428 435 τύσεως
460 369 853 439 ἀπεικόνισμα,
880 369 948 437 τῇ
984 365 1325 435 ματαιότητι,
1357 362 1537 428 καθώς
1576 381 1739 435 φησιν
1766 364 1794 416 ό

217 446 530 525 Προφήτης,
546 447 829 521 ὡμοώθη.
901 456 1110 510 Οὐκοῦν
1135 457 1169 524 ὴ
1199 456 1299 526 μὲν
1337 454 1499 509 εἰκὼν
1547 454 1683 526 πρὸς
1734 453 1794 507 τὺ

218 551 463 621 κρεῖττον
507 548 615 602 τῶν
657 550 717 602 ὲν
747 549 882 619 ἡμῖν
934 548 1236 619 νοουμένων
1277 547 1579 617 ᾡκείωται·
1622 546 1792 611 τὰδὲ,

213 646 311 698 ὅσα
346 643 479 712 περὶ
530 641 619 695 τδν
652 641 769 711 βίον
794 641 1016 712 λυπηρά
1044 658 1104 693 τε
1132 640 1227 695 καὶ
1254 639 1433 705 ἄθλια,
1468 640 1657 713 πόῤῥω
1696 641 1794 711 τῆς

1900 379 2010 435 quo
2038 379 2204 419 sensu
2234 362 2442 433 lignum
2475 362 2579 417 hoc
2596 362 2841 418 scientiae
2872 360 3000 415 boui
3037 370 3092 415 et
3119 360 3246 414 mali
3283 362 3474 430 appel-

1900 455 2089 510 larint.
2128 453 2361 511 Perinde
2392 454 2665 517 videlicet,
2692 461 2855 523 atque
2884 467 3103 507 venena.
3132 453 3290 507 melle
3344 467 3476 507 con-

1899 546 2034 611 dita,
2062 562 2168 616 qua
2189 546 2378 602 sensui
2400 548 2472 601 ob
2500 545 2895 601 dulcitudinem
2918 552 3073 615 grata
3100 554 3248 604 sunt,
3272 543 3474 597 bonum

1899 638 2158 708 quiddam
2195 654 2363 694 esse:
2394 654 2499 708 qua
2534 654 2664 693 vero
2696 646 2934 692 utentem
2971 636 3312 700 interimunt,
3358 648 3476 686 ma-

215 734 349 804 πρὸς
378 732 442 785 τὸ
471 728 622 785 Θεῑόν
651 733 799 785 ἐστιν
826 730 1158 802 ὁμοιώσεως.

1913 732 2079 783 lorum
2104 730 2347 784 omnium
2373 737 2612 785 extrema
2643 736 2957 784 censentur.
2989 726 3104 783 Hoc
3129 728 3296 799 igitur
3323 742 3476 781 vcne~

215 842 343 882 num
403 825 812 897 quamprimum
858 825 1091 880 hominis
1137 823 1307 879 vitam
1361 823 1620 880 tentando
1672 824 1859 890 lmsit,‘
1902 823 2223 893 praeclarum
2289 823 2423 878 illud
2484 822 2722 877 hominis
2789 820 3067 891 Opiﬁeium
3134 834 3198 877 ac
3254 832 3476 881 nomen,

214 920 461 989 adeoque
498 918 705 975 divinae
746 928 957 976 natura
1000 919 1381 982 simulacrum,
1423 919 1702 982 vanitatis,
1747 917 2205 989 quemadmodum
2245 914 2407 969 Vates
2447 917 2777 987 loquitur",
2832 914 3244 971 similitudinem
3276 912 3476 967 induit.

214 1014 401 1084 Itaque
424 1015 540 1085 jam
584 1016 765 1086 imago
788 1015 855 1069 ad
889 1022 1072 1085 partes
1104 1015 1160 1069 in
1202 1014 1363 1070 nobis
1402 1016 1811 1084 praestantiores
1839 1012 2124 1067 referenda
2152 1022 2253 1067 est.
2304 1011 2653 1081 Quaecunque
2696 1017 2875 1066 autem
2907 1009 3136 1064 molesta
3179 1008 3232 1061 in
3265 1008 3393 1071 vita,
3423 1010 3480 1059 et

216 1105 394 1161 tristia
431 1104 710 1169 accidunt,
749 1105 907 1175 longe
939 1105 1147 1159 scilicet
1172 1118 1203 1157 a
1249 1104 1608 1160 similitudine
1645 1112 1856 1159 naturae
1887 1103 2086 1159 divinae
2116 1104 2359 1173 separari
2393 1104 2608 1158 debent.

713 1215 1112 1271 ΚΕΦᾹΛΛΙΟΝ
1170 1218 1307 1271 KA'.

212 1333 345 1386 Ὅτι
396 1333 436 1400 ἠ
490 1330 831 1400 ἀνάστασις
862 1331 934 1384 οὐ
950 1330 1246 1385 τοσοῦτον
1267 1331 1336 1400 ἐκ
1365 1331 1470 1385 τοῦ
1506 1331 1797 1399 κηρύγμα-

284 1421 390 1468 τος
408 1399 517 1456 τοῦ
542 1399 870 1470 Γωφικοῦ,
910 1399 1062 1454 ὅσον
1087 1400 1156 1464 ἐξ
1182 1399 1373 1470 αὐτῆς
1394 1399 1504 1468 τῆς
1523 1400 1795 1470 ἀνάγκης

280 1466 403 1527 tibi.
432 1466 793 1540 πραγμάτων
819 1468 1163 1536 ἀκολούθως
1198 1466 1510 1530 Masilam.

292 1565 436 1618 Ἀλλ’
493 1563 591 1632 οὐχ
638 1561 812 1624 οὓτως
862 1561 1009 1613 ἐστὶν
1039 1560 1258 1630 ἰσχυρὸν
1296 1563 1329 1631 ἡ
1361 1561 1549 1625 κακία,
1589 1558 1664 1625 ὡς
1697 1561 1795 1631 τῆς

212 1655 427 1723 ἀγαθῆς
482 1650 846 1722 ὑπερισχύσαι
880 1650 1160 1719 δυνάμεως
1185 1665 1199 1680 ·
1253 1650 1373 1703 οὐδὲ
1413 1651 1672 1721 κρείττων
1703 1652 1795 1706 καὶ

216 1745 567 1817 μονιμωτέρα
612 1745 712 1811 τῆς
766 1738 903 1793 Θεοῦ
955 1740 1146 1808 σοφίας
1186 1741 1348 1812 ήτῆς
1399 1742 1613 1808 φύσεως
1641 1743 1795 1813 ἡμῶν

214 1837 465 1891 ἀϐουλία.
492 1833 626 1887 Οὐδὲ
647 1830 756 1902 γάρ
784 1831 901 1882 ἐστι
928 1828 1152 1882 δυνατὸν
1175 1828 1236 1881 τὸ
1265 1828 1597 1900 τρεπόμενόν
1623 1847 1680 1883 τε
1704 1831 1796 1883 καὶ

214 1926 426 1982 ἁλλοιού
436 1941 617 1996 μενον,
652 1921 747 1977 τοῦ
798 1922 884 1975 ἀεὶ
936 1920 1197 1982 ὡσαύτως
1243 1919 1476 1991 ἔχοντος,
1510 1921 1604 1973 καὶ⁵
1631 1922 1689 1973 ὲν
1720 1920 1798 1991 τῷ

214 2017 402 2089 ἁγαθῷ
425 2014 755 2085 πεπηγότος,
789 2010 1245 2082 ὲπικρατέστερόν
1270 2027 1329 2062 τε
1358 2011 1451 2064 καὶ
1482 2011 1800 2081 μονιμώτεο-

215 2129 307 2183 ρον
334 2107 478 2163 εἶναι
504 2124 517 2138 ο
544 2106 659 2160 ἀλλ’
700 2090 753 2175 ἡὴ
772 2104 871 2174 μὲν
898 2102 1017 2155 θεία
1044 2101 1207 2172 βουλὴ
1248 2101 1422 2171 πάντη
1457 2117 1515 2154 τε
1545 2101 1639 2154 καὶ
1667 2099 1800 2152 πάν-

213 2221 321 2267 τως
345 2202 407 2254 τὸ
437 2198 773 2269 ἀμετάθετον
808 2195 943 2266 ἔχει,
970 2194 1030 2247 τὸ
1079 2193 1135 2245 δὲ
1182 2193 1415 2263 τρεπτὸν
1444 2193 1545 2262 τῆς
1587 2191 1800 2261 φύσεως

213 2295 373 2366 ἡμῶν
422 2292 545 2344 οὐδὲ
602 2292 660 2342 ὲν
692 2288 770 2358 τῷ
822 2286 980 2356 κακῷ
1024 2285 1219 2352 πάγιον
1256 2284 1426 2355 μένει.
1461 2284 1534 2336 Τὸ
1572 2281 1682 2354 γάρ
1713 2281 1801 2334 ἀεὶ

216 2389 434 2449 πάντως
483 2382 826 2453 κινούμενον,
870 2381 919 2431 εί
962 2378 1059 2449 μὲν
1090 2377 1225 2449 πρὸς
1260 2377 1323 2429 τὸ
1356 2376 1520 2430 καλὸν
1557 2374 1670 2445 ἔχοι
1702 2373 1800 2443 τὴν

216 2481 462 2552 πρόοδον,
510 2477 600 2530 διὰ
623 2476 686 2528 τὺ
715 2475 961 2545 ἀόριστον
980 2470 1074 2525 τοῦ
1097 2468 1526 2540 διεξοδευομένου
1545 2465 1802 2537 πράγμα-

214 2590 305 2635 τος
338 2571 599 2624 οὐδέποτε
637 2566 790 2636 λήξει
833 2565 934 2633 τῆς
976 2564 1069 2616 ἐπὶ
1099 2560 1169 2614 τά
1204 2561 1390 2632 πρόσω
1422 2560 1614 2629 φορᾶς.
1665 2555 1801 2611 Οὐδὶ

215 2664 321 2733 γὰρ
348 2661 576 2732 εὑρήσει
604 2655 934 2728 ζητουμένου
966 2653 1140 2724 πέρας
1172 2652 1342 2712 οὐδὲν,
1366 2644 1428 2703 οὗ
1463 2648 1802 2720 δραξάμενον

218 2752 473 2822 στήσεταί
510 2765 641 2802 ποτε
668 2748 768 2817 τῆς
813 2747 1099 2816 κινήσεως.
1129 2744 1191 2796 Εἰ
1215 2736 1271 2797 δὲ
1305 2744 1440 2814 πρὸς
1470 2743 1529 2796 τὸ
1562 2743 1801 2797 ἐναντίον

215 2845 311 2917 τὴν
344 2842 521 2915 ῥοπὴν
581 2839 759 2910 σχοίη,
801 2838 1023 2891 ἐπειδὰν
1063 2836 1289 2907 διανύσῃ
1330 2836 1429 2905 τῆς
1467 2836 1665 2900 κακίας
1712 2835 1802 2889 τὸν

2481 1213 2708 1271 CAPUT
2747 1214 2891 1269 XXI.

1900 1328 2350 1384 Resurrectionem
2379 1345 2444 1384 ex
2489 1330 2711 1383 mortuis
2764 1346 2864 1382 non
2896 1337 3006 1382 tam
3043 1336 3253 1396 propter
3283 1330 3480 1396 prwda-

1967 1401 2190 1454 ctionem
2222 1400 2544 1453 Litterarum
2585 1416 2892 1459 sacrarum,
2924 1415 3083 1468 quam
3124 1400 3480 1453 necessarium

1971 1486 2146 1523 rerum
2176 1471 2413 1524 ordinem
2445 1471 2657 1523 omnino
2679 1468 3084 1536 exspectandam
3112 1484 3244 1523 esse.

1969 1560 2448 1618 Verumen-imvero
2505 1576 2613 1616 non
2656 1568 2873 1615 tantum
2903 1560 3031 1614 mali
3082 1560 3250 1615 robur
3275 1569 3380 1623 est,
3418 1570 3480 1615 ut

1899 1652 2003 1704 vim
2029 1651 2157 1706 boni
2208 1652 2382 1721 possit
2418 1666 2770 1721 exsuperare,
2818 1666 2996 1722 neque
3039 1658 3247 1705 naturas
3273 1650 3481 1719 impru-

1897 1741 2100 1804 dentia,
2136 1742 2226 1797 Dei
2249 1750 2333 1798 est
2359 1743 2626 1811 sapientia
2652 1742 2735 1796 vel
2770 1742 2970 1811 potior,
3001 1742 3083 1795 vel
3111 1742 3475 1795 constantior.

1897 1834 2041 1889 Fieri
2089 1834 2234 1888 enim
2276 1849 2384 1888 non
2419 1843 2620 1903 potest,
2680 1841 2738 1887 ut
2791 1833 2937 1903 quod
2988 1833 3200 1887 vicibus
3250 1833 3480 1886 alternis

1897 1930 2287 1987 commutatur,
2327 1925 2420 1977 illo
2479 1925 2688 1978 lirmius
2764 1938 2827 1977 ac
2879 1924 3184 1978 durabilius
3225 1923 3477 1986 exsistat,

1898 2014 2042 2082 quod
2079 2029 2295 2083 semper
2339 2012 2531 2068 eodem
2585 2012 2748 2067 modo
2801 2011 3078 2077 aﬂ‘ectum,
3127 2014 3294 2084 inque
3335 2014 3480 2070 bono

1901 2105 2065 2159 llxum
2097 2119 2161 2158 ac
2187 2104 2381 2159 stabile
2404 2112 2508 2169 est,
2542 2119 2664 2157 nam
2686 2103 2783 2158 Dei
2818 2105 3107 2158 consilium
3143 2105 3199 2158 in
3225 2106 3481 2161 omnibus

1901 2197 2065 2252 rebus
2129 2203 2391 2265 perpetuo
2459 2196 2954 2250 inmutabilitatem
3006 2211 3159 2249 suam
3211 2198 3407 2252 retinet
3461 2216 3476 2253 :

1902 2276 2086 2341 nostra
2116 2302 2243 2341 vero
2262 2295 2455 2340 natura
2474 2287 2867 2342 mutationibus
2886 2287 3142 2353 obnoxia,
3168 2304 3234 2342 ne
3256 2289 3310 2342 in
3339 2289 3482 2341 malo

1902 2379 2124 2450 quidem
2180 2384 2496 2433 constanter
2559 2379 2822 2449 persistit.
2887 2379 3042 2445 Quod
3073 2380 3220 2434 enim
3266 2396 3483 2449 semper

1904 2480 2172 2538 movetur,
2200 2472 2248 2527 si
2275 2472 2493 2541 quidem
2517 2471 2587 2524 ad
2625 2470 2828 2525 bonum
2857 2471 3224 2542 progreditur,
3260 2482 3483 2543 propter

1904 2566 2077 2637 ipsius
2103 2565 2202 2630 rei,
2234 2579 2398 2634 quam
2433 2563 2597 2618 veluti
2626 2578 2921 2634 peragrare
2945 2573 3194 2627 conatur,
3240 2565 3483 2619 inlinita-

1905 2669 2034 2722 tem,
2069 2674 2347 2729 nunquam
2408 2657 2640 2712 ulterius
2670 2656 3001 2711 contendere
3040 2656 3260 2712 desinit.
3296 2656 3484 2728 Neque

1904 2751 2054 2805 enim
2081 2748 2212 2803 boni
2252 2756 2448 2802 metam
2486 2748 2650 2801 ullam
2686 2748 2925 2801 inveniet
2961 2763 2975 2800 :
3006 2763 3170 2818 quam
3225 2749 3318 2803 ubi
3349 2764 3479 2804 con-

1905 2843 2110 2913 tigerit,
2143 2857 2174 2895 a
2222 2849 2373 2895 motu
2406 2841 2495 2895 ﬁat
2532 2840 2762 2895 institio.
2803 2838 2898 2894 Sin
2948 2840 3219 2895 diversam
3261 2844 3315 2896 in
3354 2858 3481 2912 par~

212 2936 445 3008 δρόμον,
500 2932 598 2985 κα)⁸
655 2931 748 2983 ἐπὶ
794 2930 857 2982 τὸ
910 2929 1210 2999 ἀκρότατον
1245 2927 1341 2980 τοῦ
1387 2926 1558 2981 κακοῦ
1600 2928 1793 2999 μέτρον

1913 2948 2007 2991 Lem
2078 2933 2415 2991 deﬂectendo
2474 2940 2696 3005 perget,
2759 2932 2851 2987 ubi
2918 2948 3142 2989 cursum
3202 2934 3328 2987 mali
3386 2934 3482 2990 ab-

216 3031 479 3099 ὲφίκηται
505 3042 519 3055 ο
549 3025 670 3077 τότε
720 3022 783 3075 τὸ
830 3022 925 3091 τῆς
964 3020 1140 3091 ὁρμῆς
1198 3019 1504 3089 ἀεικίνητον
1543 3018 1798 3090 οὐδεμίαν

214 3123 279 3172 ὲκ
325 3118 545 3186 φύσεως
605 3113 797 3167 στάσιν
842 3111 1117 3181 εὑρίσκον,
1166 3109 1385 3163 ἐπειδάν
1439 3109 1709 3183 διαδράμῃ
1740 3110 1799 3162 τὸ

213 3214 271 3266 ὲν
302 3210 475 3278 κακία
498 3207 795 3277 διάστημα,
826 3204 945 3256 κατ’
977 3203 1222 3271 ἀνάγκην
1252 3202 1343 3254 ἐπὶ
1368 3200 1427 3253 τὸ
1452 3199 1654 3269 ἀγαθὸν
1683 3201 1802 3272 τρέ-

218 3317 305 3353 mn
336 3301 437 3370 τὴν
482 3298 716 3366 κίνησιν.
780 3293 867 3364 Μὴ
895 3293 1003 3363 γάρ
1053 3290 1349 3362 προϊούσης
1390 3290 1587 3353 κακίας
1616 3291 1708 3344 ἐπὶ
1740 3289 1801 3343 τὸ

215 3393 488 3462 ἀόριστον,
549 3389 665 3441 ἀλλ’
713 3385 1032 3454 ἀναγκαίοις
1083 3383 1283 3454 πέρασι
1330 3382 1795 3453 κατειλημμένης,

215 3482 526 3545 ἀκολούθως
542 3482 577 3551 ἡ
596 3478 690 3533 τοῦ
708 3477 912 3546 ἀγαθοῦ
938 3476 1157 3546 διαδοχὴ
1183 3474 1244 3527 τὸ
1271 3476 1442 3547 πέρας
1470 3474 1569 3545 τῆς
1602 3474 1801 3537 κακίας

220 3576 520 3646 ἐκδέχεται.
554 3573 666 3626 Καὶ
714 3569 879 3632 οὕτω,
913 3566 1099 3631 καθὼς
1135 3567 1370 3638 εἴρηται,
1400 3567 1460 3619 τὸ
1494 3566 1801 3636 ἀεικίνητον

217 3667 372 3737 ἡμῶν
424 3664 530 3734 τῆς
581 3661 797 3731 φύσεως
856 3659 1016 3716 πάλιν
1076 3657 1308 3710 ὕστατον
1341 3657 1433 3708 ἐπὶ
1462 3656 1559 3727 τὴν
1593 3655 1802 3726 ἀγαθὴν

217 3757 509 3828 ἀνατρέχει
542 3754 792 3825 πορείαν,
840 3753 905 3822 τῇ
932 3751 1123 3822 μνήμῃ
1154 3749 1264 3803 τῶν
1293 3747 1800 3820 προδεδυστυχημέ-

216 3865 322 3902 νων
351 3847 490 3918 πρὸς
515 3846 578 3897 τὸ
613 3845 690 3915 μὴ
732 3842 894 3896 πάλιν
930 3841 1194 3894 ὲναλῶναι
1227 3842 1340 3904 τοῖς
1371 3841 1506 3903 [σοις
1533 3856 1800 3909 σωφρονι-

217 3939 466 4007 ζόμενον.
490 3933 702 3989 Οὐκοῦν
720 3932 872 3986 ἔσται
897 3932 1058 3986 πάλιν
1079 3934 1136 3986 ὲν
1156 3931 1341 3995 καλοῖς
1367 3931 1398 3983 ό
1422 3931 1621 4001 δρόμος
1648 3932 1799 4001 ἡμῖν,

215 4029 303 4083 διά
335 4029 396 4082 τὸ
435 4028 669 4096 πέρασιν
717 4023 1038 4092 ἀναγκαίοις
1083 4022 1441 4095 περιωρίσθαι
1471 4024 1571 4094 τῆς
1601 4023 1803 4086 κακίας

216 4124 314 4193 τὴν
346 4120 534 4189 φύσιν,
568 4116 837 4187 Καθάπερ
872 4115 982 4187 γὰρ
1011 4118 1059 4168 oi.
1107 4115 1266 4169 δεινοὶ
1304 4115 1374 4169 τὰ
1409 4116 1676 4186 μετέωρα,
1708 4110 1801 4169 τοῦ

219 4215 318 4286 μὲν
368 4212 553 4283 φωτὸς
606 4210 783 4264 πάντα
826 4208 1045 4277 λέγουσι
1090 4208 1182 4261 τὸν
1228 4208 1429 4277 κόσμον
1461 4201 1600 4260 εἶναι
1630 4206 1801 4260 κατά-

1900 3031 2143 3094 solverit,
2205 3036 2259 3083 et
2302 3028 2368 3082 ad
2423 3027 2544 3098 ejus
2604 3035 2906 3082 extremum
2958 3027 3304 3095 pervenerit,
3365 3033 3481 3082 tum

1900 3120 2110 3175 scilicet
2164 3119 2397 3189 impetus
2444 3120 2560 3188 ipse
2630 3116 2870 3186 perpetui
2930 3124 3132 3180 motus,
3202 3132 3325 3171 cum
3383 3131 3484 3170 na-

1901 3222 2024 3266 tura
2053 3225 2153 3267 sua
2185 3210 2394 3265 nullam
2423 3208 2725 3280 requietem
2753 3208 3022 3271 inveniat,
3055 3223 3319 3278 percurso
3351 3209 3478 3261 mali

1901 3302 2080 3359 stadio
2100 3317 2327 3357 necesse
2356 3308 2442 3357 est
2472 3300 2538 3354 ad
2561 3301 2760 3355 bonum
2797 3299 3040 3354 vicissim
3081 3313 3201 3354 sese
3252 3314 3481 3355 conver-

1901 3403 1997 3449 tat.
2036 3393 2237 3448 Malum
2289 3394 2433 3448 enim
2482 3407 2604 3446 cum
2658 3406 3002 3461 nequaquam
3056 3391 3129 3446 sit
3183 3392 3478 3455 inﬁnitum,

1910 3485 2002 3541 sed
2026 3485 2192 3540 certis
2226 3482 2555 3554 quibusdam
2581 3481 2780 3536 ﬁnibus
2802 3482 3135 3551 descriptum
3171 3497 3184 3533 :
3217 3486 3481 3553 consequi

1902 3592 2127 3632 necesse
2146 3583 2249 3641 est,
2274 3583 2333 3630 ut
2358 3573 2483 3628 mali
2503 3582 2807 3628 extremum
2826 3573 2956 3626 boni
2975 3575 3326 3628 successione
3346 3590 3475 3630 con;

1903 3670 2164 3724 tinuetur.
2189 3669 2396 3737 Itaque,
2426 3673 2487 3720 ut
2508 3674 2593 3720 est
2629 3664 2951 3727 indicatum,
2983 3673 3241 3732 perpetua
3272 3672 3482 3722 natura:

1902 3769 2111 3816 nostra:
2140 3759 2310 3813 motio
2335 3756 2553 3810 tandem
2598 3753 2894 3825 aliquando
2926 3754 2993 3807 ad
3033 3755 3134 3809 iter
3168 3755 3368 3808 bonum
3395 3770 3481 3812 re-

1906 3859 2166 3916 vertetur,
2199 3850 2501 3919 castigante
2549 3862 2651 3902 nos
2692 3846 2958 3901 memoria
3014 3847 3479 3916 priornma'rum-

1902 3958 2119 4006 narum,
2148 3950 2209 3995 ut
2232 3941 2379 3997 omni
2406 3939 2589 3994 studio
2617 3953 2930 4004 caveamus,
2987 3953 3055 3993 ne
3117 3938 3172 3993 in
3232 3940 3481 4002 miserias

1905 4034 2217 4093 consimiles
2275 4032 2605 4087 recidamus.
2663 4028 3021 4084 Versabimur
3066 4030 3233 4100 igitur
3286 4046 3480 4088 rursus

1905 4125 2200 4197 aliquando
2250 4125 2380 4179 boni
2431 4123 2485 4176 in
2543 4121 2838 4185 curriculo,
2881 4122 3099 4189 quando
3126 4131 3336 4178 certum
3396 4135 3482 4181 est

1910 4217 2034 4269 mali
2061 4223 2311 4270 naturam
2340 4213 2666 4268 necessariis
2700 4211 3026 4281 quibusdam
3083 4214 3331 4269 terminis
3357 4214 3481 4268 lini-

216 4304 418 4367 πλεων,
456 4303 517 4356 τὸ
540 4302 598 4355 δὲ
632 4301 823 4364 σκότος
842 4303 910 4371 τῇ
945 4299 1261 4370 ἀντιφράξει
1278 4298 1373 4352 τοῦ
1408 4299 1551 4352 κατὰ
1583 4298 1680 4370 τὴν
1696 4299 1793 4368 γῆν

1913 4317 2016 4360 tam
2050 4321 2189 4361 csse.
2217 4303 2683 4371 Quemadmodum
2711 4305 2856 4358 enim
2889 4303 3137 4357 homines
3172 4320 3352 4358 rerum
3385 4323 3481 4361 suo

218 4396 473 4467 σώματος
512 4391 979 4460 άποσκιαζόμενον
1031 4389 1275 4459 γίνεσθαι
1306 4389 1462 4460 (ἀλλὰ
1504 4388 1661 4443 τοῦτο
1701 4388 1801 4459 μὲν

216 4490 358 4543 κατὰ
414 4488 479 4540 τὸ
535 4485 722 4557 σχῆμα
770 4483 867 4537 τοῦ
934 4484 1307 4557 σφαιροειδοῦς
1347 4485 1617 4554 σώματος,
1659 4482 1801 4536 κατὰ

216 4579 387 4632 νὼτου
421 4577 524 4646 τῆς
548 4574 778 4645 ἡλιακῆς
811 4575 1025 4638 ἀκτῖνος
1041 4573 1338 4636 κωνοειδῶς
1360 4571 1796 4638 κατακλείεσθαι,

213 4673 303 4726 τὸν
333 4672 393 4725 δὲ
412 4669 570 4740 ἥλιον
592 4666 1010 4721 πολλαπλασίονι
1032 4665 1108 4737 τῷ
1137 4667 1354 4737 μεγέθει
1374 4667 1472 4739 τὴν
1497 4667 1602 4736 γῆν
1626 4668 1798 4736 ὑπερ-

215 4761 508 4821 ϐάλλοντα,
564 4756 895 4827 πανταχόθεν
917 4758 1089 4829 αὐτὴν
1131 4761 1250 4821 ταῖς
1280 4760 1491 4812 ἀκτῖσιν
1523 4760 1580 4811 ὲν
1614 4758 1798 4829 κύκλῳ

215 4850 751 4924 περιπτυσσόμενοι),
781 4850 1072 4903 συνάπτειν
1102 4849 1244 4902 κατὰ
1270 4851 1329 4902 τὸ
1362 4853 1532 4921 πέρας
1558 4851 1654 4903 τοῦ
1693 4850 1788 4904 κώ·

217 4961 305 4996 νου
344 4941 450 5003 τὰς
483 4938 581 4991 τοῦ
616 4939 793 5006 φωτὸς
842 4937 1136 5006 συμϐολὰς,
1190 4938 1329 4991 ὥστε
1368 4937 1488 4990 καθ’
1520 4936 1798 5002 ὑπόθεσιν,

214 5038 262 5088 εἰ
288 5031 506 5103 γένοιτό
539 5048 645 5083 τινι
674 5029 904 5099 δύναμις
956 5029 1205 5098 διαϐῆναι
1232 5028 1292 5080 τὸ
1329 5028 1547 5100 μέτρον,
1580 5030 1657 5091 είς
1675 5029 1802 5082 ὅσον

216 5128 523 5180 ἐκτείνεται
553 5126 586 5193 ἡ
619 5121 769 5185 σκιά,
803 5122 1020 5184 πάντως
1070 5121 1137 5174 ἃν
1170 5122 1227 5173 ὲν
1265 5122 1404 5188 φωτὶ
1434 5121 1684 5189 γενέσθαι
1726 5120 1801 5192 μὴ

214 5215 634 5286 διακοπτομένῳ
655 5212 759 5266 ὑπὸ
777 5212 871 5265 τοῦ
903 5214 1147 5281 σκότους)
1170 5231 1183 5242 ·
1209 5213 1381 5277 οὕτως
1406 5208 1558 5282 οἶμαι
1588 5213 1699 5265 δεῖν
1717 5215 1811 5267 καὶ

215 5309 371 5378 περὶ
400 5305 566 5377 ἡμῶν
629 5301 977 5365 διανοεῖσθαι,
1039 5303 1121 5356 ὅτι
1182 5302 1543 5367 διεξελθόντες
1578 5302 1668 5355 τὸν
1710 5303 1811 5372 τῆς

216 5402 420 5463 κακίας
473 5398 624 5468 ὅρον,
669 5394 899 5473 ἐπειδὰν,
945 5396 1001 5449 ὲν
1038 5394 1116 5465 τῷ
1166 5394 1321 5466 ἄκρῳ
1361 5393 1647 5464 γενώμεθα
1703 5393 1803 5463 τῆς

285 5578 331 5607 ⁷⁸
356 5576 501 5629 Psal.
558 5587 754 5635 emit,
790 5571 853 5625 .4.

548 5665 830 5723 Pnnon.
876 5656 993 5717 Gn.
1028 5656 1253 5716 XLIV.

1909 4414 2007 4468 pra
2032 4413 2134 4452 nos
2179 4397 2556 4468 apparentium
2601 4396 2757 4465 periti
2809 4395 3048 4460 tradunt,
3080 4395 3341 4449 mundum
3364 4402 3482 4451 uni-

1910 4504 2125 4545 versum
2157 4490 2291 4544 lucis
2324 4489 2541 4558 plenum
2574 4502 2720 4553 esse;
2739 4486 2994 4541 tenebras
3025 4503 3151 4542 vero
3182 4488 3298 4543 ﬁeri
3331 4489 3478 4545 allii--

1909 4586 2059 4633 mant
2091 4595 2156 4634 ex
2184 4580 2374 4632 umbra
2398 4578 2598 4632 terreni
2628 4576 2877 4646 corporis
2907 4568 3241 4632 obvertentis
3264 4596 3323 4635 se
3352 4583 3476 4647 soli,

1906 4684 2028 4723 cum
2063 4669 2280 4739 quidem
2306 4670 2373 4722 ab
2422 4669 2568 4722 illius
2607 4668 2822 4723 radiisa
2845 4676 2996 4738 tergo
3028 4671 3324 4724 secundum
3365 4671 3479 4725 for-

1907 4776 2050 4815 mam
2084 4760 2302 4815 rotundi
2325 4761 2572 4830 corporis
2600 4761 2789 4813 umbra
2814 4761 2987 4815 instar
3014 4761 3135 4814 coni
3167 4762 3475 4816 claudatur.

1907 4852 2000 4907 Sol
2030 4852 2195 4915 enim,
2222 4867 2344 4919 cum
2380 4851 2565 4905 multis
2594 4851 2840 4919 partibus
2874 4863 3014 4905 terra
3050 4854 3222 4920 major
3249 4851 3321 4904 sit
3370 4868 3475 4907 un-

1906 4947 2069 5014 dique
2103 4945 2271 5000 radiis
2303 4960 2422 4999 eam
2453 4943 2568 4997 suis
2594 4944 2893 5011 amplexus,
2928 4943 2982 4995 in
3040 4949 3286 4996 extremo
3334 4957 3478 4999 cono

1903 5040 2079 5093 lucem
2125 5048 2408 5092 coeuntem
2458 5051 2649 5091 rursus
2683 5035 2839 5104 quasi
2873 5034 3166 5087 connectit.
3213 5036 3397 5105 Itaque
3426 5038 3474 5093 si

1906 5127 2021 5183 ﬁeri
2070 5134 2253 5199 posset
2284 5125 2468 5195 (posse
2514 5131 2719 5187 autem,
2768 5122 2999 5176 docendi
3041 5136 3205 5177 causa
3241 5124 3473 5191 scilicet,

1906 5217 2228 5287 statuamus)
2266 5224 2324 5269 ut
2352 5215 2476 5284 quis
2505 5213 2750 5267 umbram
2785 5212 3094 5266 universam
3139 5222 3472 5281 penetraret,

1904 5309 1951 5364 is
1986 5307 2202 5362 tandem
2239 5306 2292 5359 in
2327 5305 2502 5358 lucem
2537 5303 2861 5373 perveniret,
2895 5318 3068 5373 neque
3100 5305 3207 5359 ulla
3236 5321 3360 5360 eum
3403 5324 3473 5363 et

1905 5403 2055 5466 parte
2089 5394 2323 5449 tenebrae
2354 5392 2749 5462 contingerent.
2808 5388 2898 5444 Sic
2931 5399 2984 5447 et
3013 5392 3081 5448 de
3111 5394 3269 5449 nobis
3318 5391 3476 5460 cogi-

3119 5658 3156 5714 7
