3766 5988
301 141 409 198 Ξίἰὸ

1570 137 1627 194 S.
1670 135 2002 195 GREGORII
2039 132 2326 194 NYSSENI

3442 133 3555 193 20$

300 251 525 306 tandum
556 258 660 317 est,
696 249 810 307 fore
840 259 897 304 ut
947 260 1253 321 postquam
1275 249 1401 304 mali
1437 248 1728 304 terminum
1758 262 1872 320 pne

2050 249 2131 303 ιτά
2159 248 2256 320 τὴν
2303 246 2572 319 ἁμαρτίαν
2612 248 2787 313 σκιᾶς,
2820 246 2984 303 πάλιν
3017 246 3074 301 ὲν
3117 246 3257 317 φωτὶ
3291 248 3561 313 βιοτεύσο-

308 342 562 413 tergressi
592 342 787 407 simus,
818 340 1154 413 adeoquc'ad
1186 348 1483 395 extremam
1518 340 1724 409 peccati
1756 353 1878 393 um-

301 434 452 489 bram
489 436 897 506 pervenerimus
930 452 943 489 :
976 441 1090 488 tum
1119 448 1250 505 ergo
1312 432 1448 497 fore,
1478 439 1538 486 ut
1585 444 1780 486 rursus
1822 429 1878 484 in

302 528 422 581 luce
452 528 721 592 vivamus,
767 525 987 595 quando
1022 526 1288 581 bonorum
1332 532 1529 579 natura
1560 532 1877 593 comparata

298 619 365 672 ad
400 619 526 671 mali
559 618 1008 687 magnitudinem,
1073 618 1299 673 inﬁnitis
1349 632 1467 671 eam
1499 617 1747 686 partibus
1781 630 1879 670 su-

298 716 472 777 perat.
508 707 851 778 Quapropter
875 709 1069 763 iterum
1100 710 1154 762 in
1183 709 1424 778 paradisi
1461 708 1871 778 possessionem

298 801 577 854 mittemur
631 797 881 852 :iterum
945 799 1090 868 ligno
1148 799 1242 852 illo
1306 798 1571 862 fruemur,
1612 797 1757 868 quod
1788 804 1874 852 est

297 891 500 959 lignum
528 889 669 943 vitae.
702 887 1038 944 Restituetur
1068 890 1224 944 nobis
1255 891 1506 959 imaginis
1533 889 1870 959 praestantia,

296 989 349 1034 et
380 980 589 1049 imperii
619 979 874 1049 dignitas.
922 980 1039 1034 Non
1071 981 1138 1035 de
1161 981 1386 1050 imperio
1416 983 1469 1036 in
1502 997 1591 1036 ros
1639 981 1760 1035 illas
1793 980 1875 1033 lo-

1988 357 2107 411 μεν,
2158 342 2234 405 ὡς
2256 339 2396 394 κατά
2440 340 2502 394 τὸ
2531 339 2954 411 ἀπειροπλάσιον
2987 338 3122 411 πρὸς
3137 339 3199 392 «re
3228 340 3328 412 τῆς
3357 342 3558 405 κακίας

1985 432 2179 503 μέτρον
2197 435 2295 504 τῆς
2317 431 2426 485 τῶν
2449 431 2667 500 ἀγαθῶν
2682 431 2895 502 φύσεως
2918 430 3363 502 περιττευούσης.
3386 432 3556 486 Πάλιν

1980 518 2074 577 οὖν
2112 525 2141 575 6
2186 525 2533 596 παράδεισος,
2587 523 2749 579 πάλιν
2775 524 2838 578 τὸ
2872 523 3026 590 ξύλον
3071 523 3269 586 ἐκεῖνο,
3298 522 3329 576 δ
3368 523 3434 595 δὴ
3462 524 3558 577 καὶ

1980 614 2128 683 ζωῆς
2178 616 2294 668 ἐστι
2347 614 2521 679 ξύλον,
2563 616 2725 670 πάλιν
2758 615 2854 686 ιιῆς
2881 615 3143 685 εἰκόνοςὴ
3181 615 3362 686 χάρις,
3394 616 3490 670 καὶ
3525 618 3560 679 ἡ

1980 705 2075 775 τῆς
2107 705 2284 777 ἀρχῆς
2304 706 2449 772 ἀξία.
2490 704 2565 758 Οὔ
2599 722 2686 775 μοι
2718 705 2866 758 δοκεῖ
2908 703 3112 757 τούτων
3130 704 3303 766 οὐδὲν,
3335 704 3437 757 ὅσα
3464 704 3560 757 νῦν

1981 796 2117 868 πρὸς
2146 798 2244 868 τὴν
2273 797 2365 850 τοῦ
2396 798 2513 868 βίου
2542 798 2732 868 χρείαν
2760 796 2910 867 παρά
2930 794 3023 849 τοῦ
3052 796 3187 849 Θεοῦ
3218 798 3326 859 τοῖς
3344 795 3559 866 ἀνθρὼ-

1981 906 2103 952 ποις
2154 890 2479 953 ὑπέζευκται
2502 907 2516 921 ο
2548 890 2659 944 ἀλλ’
2702 889 2898 959 ἑτέρας
2930 888 3073 951 τινὸς
3110 886 3387 957 βασιλείας
3412 886 3559 940 ἐστὶν

1977 982 2010 1049 ἡ
2036 979 2207 1043 ἐλπὶς,
2235 976 2302 1052 ἦς
2326 982 2355 1032 ὁ
2372 981 2533 1049 λόγος
2562 982 2618 1033 ὲν
2647 982 2977 1052 ἀπορρήτοις
3015 978 3186 1050 μένει.

297 1088 435 1140 quor
456 1087 597 1141 quae,
631 1072 695 1125 ad
730 1088 886 1126 usum
913 1072 1074 1141 hujus
1102 1073 1225 1126 vitte
1252 1072 1564 1128 [nominibus
1592 1087 1622 1125 a
1647 1071 1756 1127 Deo
1784 1064 2043 1140 subjectae
2072 1082 2200 1127 sunt
2233 1090 2246 1126 :
2279 1072 2372 1128 sed
2405 1071 2550 1127 aliud
2578 1073 3107 1143 quoddamregnum
3130 1070 3559 1141 exspectandum

297 1165 453 1221 nobis
500 1180 622 1221 esse
704 1173 903 1230 statuo,
960 1167 1118 1236 cujus
1180 1172 1293 1220 tota
1350 1167 1490 1221 ratio
1548 1167 1763 1222 illorum
1808 1166 1867 1220 in
1897 1180 2125 1221 numero
2172 1174 2277 1232 est,
2315 1183 2435 1237 qum
2462 1169 2707 1229 enarrari
2755 1168 2987 1233 dicendo
3018 1175 3313 1238 nequeunt.

874 1276 1105 1332 CAP-UT
1137 1276 1302 1333 XXII.

300 1387 566 1456 Refutatio
604 1388 841 1449 illorum,
878 1390 967 1458 qui
991 1389 1243 1458 objiciunt
1274 1404 1292 1441 :
1319 1388 1429 1444 Cur
1458 1405 1559 1442 non
1596 1390 1713 1459 jam
1745 1390 1868 1443 olim

367 1461 655 1511 excitatum
700 1475 763 1512 ex
812 1469 977 1513 morte
1017 1461 1085 1512 sit
1140 1459 1409 1512 hominum
1459 1475 1639 1529 genus.

366 1540 481 1597 post
537 1528 778 1597 quautam
847 1540 1140 1596 temporum
1197 1528 1479 1583 intervalla
1538 1530 1872 1583 resuscitatio

367 1609 713 1668 exspectetur,
754 1600 800 1653 si
830 1601 1037 1669 quidem
1089 1615 1171 1652 res
1204 1599 1339 1652 bona
1369 1616 1480 1654 esse
1511 1601 1749 1668 putanda
1779 1600 1869 1652 sit.

366 1688 657 1743 Enimvero
690 1690 960 1743 continuae
988 1688 1147 1743 seriei
1184 1703 1393 1754 rerum,
1452 1705 1572 1759 quae
1603 1690 1875 1759 explican-

298 1795 407 1846 tur,
460 1782 844 1836 inhaereamus.
924 1778 1057 1833 Nam
1133 1778 1367 1835 fortasse
1438 1795 1542 1833 non
1594 1794 1754 1834 nemo
1803 1780 1871 1833 ad

296 1874 626 1929 dulcissimae
652 1873 764 1943 spei
797 1872 1124 1927 mentionem
1154 1872 1357 1927 erectis
1388 1872 1490 1927 alis
1521 1871 1686 1926 animi
1710 1887 1875 1943 grave

295 1963 1061 2035 molestumqueexistimabit
1100 1977 1244 2028 esse,
1280 1963 1424 2018 bona
1462 1963 1553 2017 illa
1594 1977 1703 2017 non
1740 1976 1874 2017 con-

296 2058 450 2111 tinuo
479 2057 674 2126 apisci,
725 2071 847 2129 quae
884 2056 1047 2124 longe
1094 2070 1316 2110 sensum
1362 2063 1417 2109 et
1457 2055 1873 2126 intelligentiam

299 2150 589 2201 humanam
644 2154 996 2214 exsuperant,
1051 2152 1106 2198 et
1155 2143 1391 2199 etIiciunt
1425 2152 1483 2198 ut
1526 2144 1875 2198 vehementer

298 2242 511 2310 ingrata
544 2238 704 2292 nobis
740 2238 812 2292 sit
847 2236 1173 2292 intermedia
1213 2236 1477 2308 temporis
1518 2236 1731 2302 dilatio,
1766 2252 1873 2305 qua

296 2332 366 2386 ab
415 2346 520 2386 usu
556 2329 635 2386 rei
685 2330 1119 2399 exoptatissimae
1167 2342 1439 2381 arcemur.
1471 2325 1670 2381 Verum
1716 2342 1876 2381 nemo

296 2424 400 2479 hac
432 2423 498 2477 de
535 2437 702 2476 causa
753 2437 874 2476 sese
904 2421 1147 2481 amictet,
1186 2420 1517 2489 puerilemve
1562 2420 1616 2472 in
1650 2419 1872 2473 modum

296 2516 550 2586 exiguum
593 2514 660 2568 ad
697 2514 1053 2567 intervallum
1097 2511 1414 2564 fruitionem
1455 2524 1637 2563 rerum
1674 2510 1875 2579 jucun-

297 2611 488 2665 darnm
512 2607 716 2662 dille'rri
750 2607 978 2660 moleste
1008 2604 1165 2659 ferat.
1193 2602 1327 2655 Nam
1356 2618 1481 2657 cum
1510 2603 1692 2656 omnia
1724 2611 1875 2656 certa

302 2701 509 2754 ratione
559 2714 625 2752 ac
678 2697 943 2767 sapientia
994 2698 1388 2768 gubernantur,
1442 2695 1667 2752 omnino
1715 2695 1872 2751 fateri

1687 1434 1873 1527 aui-2;;
1905 1434 1947 1495 Β

2483 1281 2779 1335 ΚΕΦΑΛΑΙ
2787 1282 2877 1335 ΟΝ
2918 1282 3046 1334 KB'.

1960 1394 2154 1465 Ἠρὸς(
2176 1395 2316 1462 τοὺς
2364 1396 2675 1465 λέγοντας,
2708 1398 2758 1448 εἰ
2790 1396 2983 1449 καλόν
3011 1411 3065 1447 τι
3114 1394 3211 1447 καὶ
3253 1393 3484 1464 ἀγαθὸν
3517 1396 3561 1462 ἡ

2043 1463 2399 1530 ἀνάστασις,
2442 1463 2499 1518 τί
2529 1468 2663 1533 οὐχὶ
2692 1465 2770 1533 ἥδ
2776 1482 2807 1532 η
2837 1465 3104 1535 γέγονεν,
3130 1463 3561 1534 ἀλλὰχρόνοηδ

2041 1534 2165 1587 τισὶ
2197 1536 2495 1603 περιόδοις
2513 1535 2827 1596 ἐλπίζεται.

2057 1696 2216 1749 Ἀλλά
2243 1695 2341 1765 τῆς
2378 1695 2699 1758 ἀκολουθίας
2727 1694 2837 1749 τῶν
2866 1694 3247 1766 ὲξητασμένων
3272 1696 3549 1767 ἐχώμεθα.

1976 1789 2135 1851 Ἴσως
2163 1787 2271 1857 γάρ
2292 1803 2372 1849 τις
2407 1786 2541 1856 πρὸς
2576 1785 2635 1839 τὸ
2668 1785 2837 1852 γλυκὺ
2882 1785 2980 1855 τῆς
3012 1784 3223 1848 ἐλπίδος
3250 1788 3558 1856 πτερωθεὶς

1972 1878 2068 1948 τὴν
2094 1878 2355 1943 διάνοιαν,
2384 1878 2545 1948 ἄχθος
2570 1878 2790 1947 ἡγεῖται
2811 1877 2904 1931 καὶ
2931 1876 3133 1948 ζημίαν
3158 1877 3217 1931 τὺ
3249 1880 3323 1950 μὴ
3357 1878 3559 1935 θᾶττον

1973 1973 2031 2023 ὲν
2072 1973 2182 2033 τοῖς
2212 1968 2438 2038 ἀγαθοῖς
2470 1968 2701 2034 ἄκείνοις
2729 1968 2985 2037 γενέσθαι
3007 2011 3022 2035 ,
3053 1970 3089 2024 ἃ
3130 1970 3272 2040 ὑπὲρ
3297 1972 3559 2045 αἰσθησίν

1972 2061 2160 2115 τεκαὶ
2200 2060 2400 2129 γνῶσιν
2429 2059 2774 2131 ἀνθρωπίνην
2799 2060 2915 2114 έστί
2937 2100 2952 2124 ,
2981 2062 3075 2115 καὶ
3103 2062 3282 2133 δεινὴν
3313 2067 3555 2118 ποιεῖται

1972 2153 2069 2223 τὴν
2106 2151 2195 2207 διά
2223 2152 2386 2221 μέσου
2410 2152 2544 2223 πρὸς
2573 2152 2634 2206 τὸ
2665 2151 2998 2222 ποθούμενον
3019 2153 3112 2206 τοῦ
3146 2154 3338 2226 χρόνον
3372 2155 3557 2227 παράο

1973 2261 2149 2299 τασιν.
2197 2244 2356 2297 Ἀλλά
2392 2244 2465 2315 μὴ
2499 2242 2970 2314 στενοχωρείσθω,
3016 2244 3267 2317 καθάπερ
3308 2263 3391 2310 τις
3437 2246 3558 2300 τῶν

1973 2337 2211 2408 νηπίων,
2242 2335 2339 2406 τὴν
2374 2335 2512 2406 πρὸς
2541 2334 2721 2403 ὀλίγον
2770 2335 3035 2406 ἀναϐολὴν
3064 2335 3172 2389 τῶν
3199 2336 3320 2390 καθ’
3353 2336 3560 2408 ἡδονὴν

1972 2424 2354 2494 δυσχεραίνων.
2405 2423 2621 2494 Ἐπειδὴ
2651 2425 2760 2494 γὰρ
2794 2424 2900 2478 ὑπὸ
2930 2424 3085 2492 λόγου
3125 2426 3221 2479 καὶ
3259 2428 3452 2497 σοφίας
3481 2428 3559 2483 τὰ

1974 2513 2153 2566 πάντα
2205 2514 2604 2583 οἰκονομεῖται,
2657 2513 2870 2585 ἀνάγκη
2911 2516 3058 2568 πᾶσα
3113 2517 3278 2586 μηδὲν
3323 2519 3559 2588 ἄμοιρον

1974 2604 2222 2672 ἡγεῖσθαι
2253 2604 2360 2656 τῶν
2394 2604 2691 2675 γινομένων
2718 2605 2882 2658 αὐτοῦ
2916 2623 2973 2658 τε
2998 2606 3092 2658 τοῦ
3119 2606 3300 2675 λόγου.
3328 2610 3424 2662 καὶ
3448 2611 3558 2681 τῆς

1975 2694 2033 2747 ὲν
2059 2693 2206 2763 αὑτῷ
2240 2695 2447 2763 σοφίας.
2485 2697 2661 2765 Ἐρεῖς
2691 2692 2783 2749 οὖν
2805 2713 2819 2726 ’
2867 2695 2962 2759 Τίς
2990 2690 3143 2761 οὗτος
3165 2700 3193 2752 6
3222 2699 3377 2768 λόγος
3407 2702 3552 2762 ἐστὶ.

296 2808 521 2848 necesse
552 2800 657 2857 est,
688 2792 826 2845 nihil
856 2800 1049 2846 eorum
1087 2806 1207 2861 qua:
1239 2789 1517 2852 accidunt.
1554 2790 1672 2845 sine
1708 2790 1872 2844 ratio-

2051 2785 2095 2836 θ’
2123 2785 2182 2838 ὃν
2210 2786 2308 2840 οὐκ
2337 2786 2497 2849 εὐθὺς
2527 2786 2618 2839 ἐπὶ
2644 2784 2705 2837 τ’)
2738 2783 3066 2856 ποθούμενον
3108 2790 3141 2859 ἡ
3181 2788 3272 2841 τοῦ
3303 2789 3559 2862 λυπηροῦ

297 2900 386 2948 ne,
434 2892 486 2939 ct
533 2899 653 2952 qua:
691 2885 744 2936 in
792 2883 909 2953 ipsa
946 2882 1158 2937 ratione
1182 2889 1287 2948 est,
1328 2882 1599 2951 sapientia
1635 2878 1773 2937 heri.
1805 2882 1874 2935 At

296 2993 418 3047 quae
446 2976 658 3038 isthmc,
685 2977 923 3045 inquies,
945 2976 1084 3029 ratio
1111 2983 1214 3038 est,
1241 2984 1464 3044 propter
1495 2989 1657 3044 quam
1697 2973 1874 3029 tristis

298 3070 477 3139 hujus
499 3069 622 3121 vitae
652 3067 1007 3122 commutatio
1036 3081 1145 3120 non
1176 3066 1235 3119 ﬁt
1265 3068 1320 3120 in
1348 3066 1511 3119 vitam
1554 3066 1868 3136 optabilem,

297 3158 392 3214 sed
420 3156 486 3212 ad
513 3156 734 3211 definita
763 3155 1011 3226 quaedam
1047 3154 1225 3224 spatia
1255 3155 1521 3225 temporis
1542 3155 1730 3220 dilata,
1757 3170 1874 3209 mo~

297 3252 434 3305 lrsta
478 3249 591 3302 haec
635 3248 690 3301 in
733 3261 961 3316 corpore
998 3246 1110 3300 vita
1165 3246 1324 3301 ﬁnem
1358 3245 1717 3317 perfectionis
1754 3262 1872 3301 om-

297 3344 446 3396 nium
474 3346 778 3410 exspectat,
811 3347 870 3392 ut
892 3338 1089 3394 deinde
1114 3346 1371 3406 tanquam
1401 3353 1431 3392 a
1460 3338 1615 3392 freno
1637 3338 1869 3408 quodam

297 3432 546 3494 liberata,
577 3429 843 3499 quasique
874 3429 960 3484 sui
997 3428 1139 3498 juris
1173 3426 1387 3493 effecta,
1413 3428 1478 3482 ad
1505 3428 1721 3483 beatum
1755 3443 1873 3483 om-

296 3523 560 3592 niuntque
589 3521 905 3577 morborum
925 3535 1118 3590 expers
1144 3535 1318 3574 azvum
1348 3534 1516 3575 cursu
1541 3520 1874 3576 contendat?

297 3619 354 3673 In
380 3619 480 3673 hac
509 3617 849 3689 expositione
875 3614 1018 3671 sitne
1042 3613 1255 3669 veritati
1290 3622 1659 3671 consentanea
1685 3613 1870 3670 futura

296 3710 476 3764 oratio
526 3718 738 3774 nostra,
773 3706 1195 3776 nitnirum‘ipsa
1228 3698 1442 3760 Veritas
1477 3707 1638 3776 plane
1670 3706 1873 3760 intelli-

297 3802 373 3871 git
405 3820 417 3854 :
458 3801 586 3854 mihi
618 3800 835 3869 quidem
869 3797 936 3851 ad
966 3798 1206 3851 animum
1246 3797 1390 3866 quod
1433 3797 1652 3862 accidit,
1682 3798 1869 3867 hujus»

296 3894 443 3948 modi
489 3892 749 3962 quiddam
819 3899 923 3943 cst.
987 3886 1230 3940 Primum
1285 3888 1451 3957 igitur
1510 3888 1613 3944 hoc
1661 3896 1868 3958 repeto,

296 3984 440 4055 quod
486 3984 786 4038 indicatum
828 3988 912 4035 est
959 3993 1171 4046 supra:
1225 3996 1243 4028 ι
1290 3976 1599 4040 Faciamus.
1637 3999 1656 4030 ι
1695 3979 1872 4049 inquit

296 4077 463 4140 Deus,
506 4093 524 4125 ι
582 4073 857 4128 hominem
910 4070 977 4124 ad
1018 4069 1303 4139 imaginem
1347 4069 1869 4139 similitudinemque

297 4188 563 4241 nostram,
616 4175 799 4244 itaque
844 4172 975 4227 fecit
1024 4169 1300 4224 hominem
1351 4164 1517 4231 Deus,
1560 4170 1615 4218 et
1658 4162 1724 4217 ad
1769 4160 1866 4216 Dei

297 4270 588 4341 imaginem
634 4282 756 4322 eum
796 4265 948 4322 fecit.
989 4282 1008 4315 ι
1065 4261 1342 4317 llactenus
1386 4258 1567 4328 imago
1603 4256 1698 4310 Dei
1744 4253 1869 4309 uni—

296 4380 452 4421 versa
485 4365 724 4418 humana
757 4362 810 4415 in
839 4370 1037 4415 natura
1066 4374 1189 4415 esse
1214 4353 1488 4416 absoluta,
1518 4351 1870 4420 numerisque

300 4457 414 4511 suis
440 4454 679 4523 perfecta
719 4452 945 4519 intelligi
977 4451 1156 4505 debet.
1202 4445 1448 4502 Adamus
1476 4456 1610 4499 vero
1635 4439 1867 4496 necdum

301 4548 480 4602 factus
509 4550 669 4598 erat:
717 4555 841 4596 nam
882 4541 1142 4605 Atlamus,
1182 4537 1486 4595 secundum
1531 4532 1868 4590 notationem

299 4635 561 4697 nominis.
611 4641 888 4689 terrenqu
921 4630 1231 4699 figmentum
1277 4627 1570 4699 significat,
1606 4623 1871 4694 quemad-

297 4729 519 4786 modum
563 4725 802 4780 llebrzeaa
831 4721 1029 4793 linguae
1075 4719 1237 4791 periti
1280 4716 1530 4772 tradunt.
1566 4714 1778 4769 Idcirco
1817 4718 1872 4767 et

301 4819 623 4891 Apostolus,
658 4814 992 4871 excellenter
1023 4811 1320 4866 vernacula
1356 4809 1411 4863 in
1450 4808 1638 4877 lingua
1679 4804 1870 4861 erudi-

299 4925 412 4975 tus,
452 4909 730 4966 hominem
757 4923 787 4961 e
817 4913 962 4960 terra
993 4903 1199 4958 factum
1226 4902 1409 4973 χοῖκόν
1430 4901 1497 4968 ⁵³⁷,
1529 4898 1687 4970 quasi
1717 4897 1871 4952 dicas

305 5005 648 5075 pulvereum,
680 4996 946 5067 appellat;
991 5010 1127 5050 voce
1152 4994 1323 5048 Adam
1353 4994 1407 5048 in
1444 4990 1685 5048 Graecam
1716 5004 1868 5047 com-

300 5104 529 5153 mutata.
567 5091 743 5147 Homo
786 5089 953 5160 igitur
983 5086 1048 5142 ad
1093 5086 1385 5157 imaginem
1419 5084 1514 5140 Dei
1556 5084 1734 5140 factus
1763 5092 1868 5148 est,

302 5196 498 5243 natura
531 5185 745 5240 scilicet
778 5182 1060 5236 hominum
1097 5178 1353 5233 universe
1391 5178 1688 5238 intellecta.
1730 5176 1871 5231 divi-

300 5294 431 5335 num
467 5276 603 5332 illud
636 5290 794 5344 Opus.
834 5273 928 5329 Sic
974 5281 1157 5328 autem
1189 5272 1563 5341 omnipotente
1596 5270 1689 5324 Dei
1725 5269 1871 5339 sapi-

297 5368 451 5427 entia
493 5367 675 5422 faetus
719 5373 821 5430 est,
869 5379 978 5419 non
1022 5371 1084 5419 ut
1129 5378 1259 5433 pars
1289 5364 1459 5421 totius
1491 5370 1727 5429 tantum,
1775 5360 1868 5417 sed

375 5551 420 5586 "
459 5551 479 5605 ι
530 5549 656 5607 Cur.
700 5563 787 5608 xv.
840 5546 927 5601 ﬂ.

1977 2877 2094 2947 βίου
2126 2880 2452 2947 μετάστασις
2477 2879 2705 2947 γίνεται,
2740 2881 2855 2935 ἀλλ’
2878 2883 2957 2945 εἰς
2984 2880 3209 2952 χρόνους
3236 2882 3387 2946 τινὰς
3416 2883 3555 2953 ὠρι-

1976 2971 2209 3040 σμένους
2235 2973 2267 3039 ἡ
2305 2970 2494 3042 βαρεῖα
2523 2972 2615 3025 καὶ
2646 2974 2980 3043 σωματώδης
3012 2972 3148 3044 αὕτη
3177 2974 3557 3046 παραταθεῖσα

1972 3060 2108 3131 ζωὴ,
2140 3062 2398 3131 ἀναμένει
2428 3062 2488 3116 τὸ
2517 3063 2690 3134 πέρας
2708 3064 2808 3134 τῆς
2832 3064 2925 3119 τοῦ
2968 3064 3169 3129 παντὸς
3214 3065 3555 3138 συμπληρώ-

1976 3169 2139 3216 σεως,
2173 3153 2260 3205 ἵνα
2295 3152 2355 3205 τὸ
2377 3154 2674 3222 τηνικαῦτα
2703 3155 2956 3226 καθάπερ
2986 3154 3202 3225 χαλινοῦ
3229 3171 3373 3219 τινος
3395 3157 3558 3211 ἐλευ-

1974 3243 2271 3314 θερωθεῖσα
2304 3246 2335 3315 ἡ
2387 3244 2700 3316 ἀνθρωπίνη
2731 3244 2887 3315 ζωὴ,
2927 3246 3087 3301 πάλιν
3127 3246 3314 3310 ἀνετός
3344 3264 3403 3300 τε
3454 3249 3557 3301 καὶ

1972 3330 2230 3408 ἐλευθέρα
2260 3335 2395 3407 πρὸς
2418 3335 2509 3388 τὸν
2538 3336 2807 3406 μακάριον
2832 3337 2926 3390 καὶ
2964 3338 3151 3408 ἀπαθῆ
3194 3338 3308 3408 βίον
3340 3340 3555 3393 ἐπανα-

1971 3426 2200 3499 δράμοι;
2237 3426 2374 3480 Ἀλλ’
2416 3428 2465 3479 εἰ
2502 3427 2835 3498 μὲν-ἐγγίζει
2870 3431 2934 3500 τῇ
2961 3429 3187 3501 ἀληθείᾳ
3222 3429 3330 3483 τῶν
3354 3431 3557 3502 ζητου-

1976 3519 2150 3591 μένων
2174 3521 2204 3573 ὁ
2232 3520 2388 3588 λόγος
2406 3560 2421 3585 ,
2461 3520 2597 3592 αὐτὴ
2624 3521 2690 3574 ἂν
2717 3521 2881 3592 εἰδείη
2915 3521 3101 3591 σαφῶς
3130 3523 3162 3593 ή
3188 3516 3461 3589 ’Δὶ-ἥθειας
3483 3528 3563 3579 Ὃ

1970 3612 2016 3664 δ’
2035 3609 2129 3667 οὖν
2157 3613 2249 3666 ἐπὶ
2274 3615 2370 3683 τὴν
2400 3612 2675 3683 ἡμετέραν
2706 3608 2835 3683 ἦλθε
2866 3613 3120 3688 διάνοιαν,
3149 3613 3384 3667 τοιοῦτον
3407 3617 3552 3670 ἐστί.

1971 3705 2129 3774 Δέγω
2145 3705 2208 3777 δὴ
2235 3705 2326 3759 τὸν
2349 3704 2560 3775 πρῶτον
2587 3704 2745 3758 πάλιν
2769 3704 3123 3761 ὲπαναλαὸὼν
3144 3705 3318 3774 λόγον·
3350 3706 3515 3778 ιΠοιή
3534 3736 3558 3748 -

1974 3813 2181 3866 σωμεν,
2204 3814 2221 3847 ι
2278 3797 2443 3866 φησὶν
2470 3797 2500 3849 6
2526 3795 2688 3858 Θεὸς,
2723 3816 2742 3848 ι
2771 3794 3058 3865 ἄνθρωπον
3086 3796 3205 3850 κατ’
3240 3797 3426 3851 εἰκόνα
3455 3798 3559 3851 καὶ

1971 3888 2226 3958 ὁμοίωσιν
2251 3886 2541 3958 ἡμετέραν.
2576 3888 2689 3941 Καὶ
2715 3887 2968 3958 ἐποίησεν
2995 3886 3025 3938 6
3062 3886 3194 3950 Θεὸς
3220 3887 3311 3941 τὸν
3340 3887 3552 3959 ἄνθρω-

1971 3993 2102 4031 πον’
2140 3979 2259 4033 κατ’
2290 3977 2471 4032 εἰκόνα
2506 3976 2638 4031 Θεοῦ
2664 3977 2917 4047 ἐποίησεν
2946 3976 3126 4031 αὐτόν.
3148 3994 3166 4027 ι
3220 3977 3286 4030 Ἡ
3325 3977 3425 4046 μὲν
3453 3973 3554 4032 οὖν

1973 4067 2136 4122 εἰκὼν
2154 4067 2247 4122 τοῦ
2267 4068 2424 4135 Θεοῦ,
2456 4070 2489 4138 ἡ
2514 4070 2571 4123 ὲν
2607 4068 2757 4139 πάσῃ
2779 4069 2845 4138 τῇ
2867 4066 3180 4138 ἀνθρωπίνῃ
3211 4066 3369 4135 φύσει
3407 4066 3561 4121 θεω-

1975 4160 2229 4231 ρουμένη,
2264 4160 2326 4215 τδ
2350 4160 2505 4225 τέλος
2526 4160 2702 4230 ἔσχεν.
2742 4159 2799 4212 '0
2824 4158 2881 4211 δὲ
2925 4156 3096 4228 Ἀδὰμ
3119 4157 3270 4211 οὔπω
3294 4157 3514 4226 ἐγένετο
3531 4175 3551 4189 ο

1968 4253 2028 4307 τὸ
2054 4252 2163 4323 γὰρ
2200 4255 2387 4323 γήϊνον
2416 4252 2638 4321 πλάσμα
2668 4249 2810 4305 κατά
2849 4266 2968 4303 τινα
3010 4248 3399 4320 ὲτυμολογικὴν
3431 4250 3557 4304 ὀνο-

1974 4343 2172 4413 μασίαν
2195 4342 2411 4411 λέγεται
2450 4341 2639 4410 ’Δδάμ,
2671 4340 2852 4404 καθώς
2880 4357 3042 4410 φασιν
3063 4340 3113 4393 οἱ
3146 4339 3245 4409 τῆς
3282 4338 3559 4411 Ἐϐραίων

1972 4428 2152 4507 φωνῆς
2178 4435 2500 4506 ἐπιίστορες.
2531 4435 2620 4489 Διὸ
2646 4435 2740 4489 καὶ
2770 4434 2804 4487 ὁ
2834 4431 3152 4496 Ἀπόστολος
3178 4431 3555 4503 διαφερόντως

1969 4529 2068 4599 τὴν
2095 4530 2323 4599 πάτριον
2345 4528 2453 4582 τῶν
2495 4526 2842 4599 Ἰσραηλιτῶν
2877 4525 3306 4596 πεπαιδευμένος
3338 4524 3553 4595 φωνὴν,

1970 4620 2063 4675 τὸν
2092 4622 2153 4674 ἐκ
2179 4621 2281 4692 γῆς
2308 4620 2593 4691 ἄνθρωπον
2618 4617 2801 4689 χοῖκὸν
2819 4615 3093 4687 ὀνομάζει,
3115 4615 3278 4668 οίονεὶ
3310 4614 3556 4685 μεταόαο

1971 4709 2080 4765 λῶν
2114 4710 2213 4780 τὴν
2240 4708 2334 4764 τοῦ
2371 4708 2540 4778 ’Δδάμ
2582 4707 2773 4778 κλῆσιν
2815 4706 2897 4769 εἰς
2927 4704 3025 4774 τὴν
3071 4702 3296 4757 Ἐλλάδα
3338 4705 3550 4775 φωνήν.

1971 4804 2197 4872 Γέγονεν
2224 4797 2315 4855 οὖν
2343 4802 2460 4855 κατ’
2499 4797 2683 4853 εἰκόνα
2709 4800 2739 4850 6
2761 4795 3045 4865 ἄνθρωπος
3063 4834 3079 4858 ,
3109 4793 3144 4863 ή
3185 4791 3411 4846 καθόλου
3449 4794 3553 4861 φύ-

1974 4912 2057 4960 σις
2076 4935 2090 4959 ,
2119 4895 2182 4949 τὸ
2216 4891 2511 4948 θεοείκελον
2539 4890 2747 4961 χρῆμα.
2765 4887 2961 4955 Γέγονε
2983 4885 3039 4938 δὲ
3065 4886 3131 4956 τῇ
3153 4883 3558 4955 παντοδυνάμῳ

1976 4990 2135 5059 σοφία
2167 4987 2291 5057 οὐχὶ
2321 4984 2484 5056 μέρος
2512 4982 2608 5036 τοῦ
2635 4980 2780 5045 ὅλου,
2815 4978 2930 5033 ἀλλ’
2961 4978 3107 5032 ἅπαν
3135 4976 3344 5047 ἀθρόως
3365 4974 3428 5029 τὸ
3448 4976 3557 5046 τῆς

1976 5081 2187 5151 φύσεως
2214 5078 2506 5149 πλήρωμα.
2528 5068 2681 5127 Εἷδεν
2716 5072 2746 5125 6
2785 5072 2999 5127 πάντων
3030 5069 3139 5122 τῶν
3172 5068 3423 5138 περάτων
3452 5085 3549 5122 πε·

1975 5169 2418 5245 ριδεδραγμὲνος,
2444 5163 2625 5226 καθώς
2668 5179 2832 5233 φησιν
2880 5163 2913 5233 ἡ
2949 5158 3174 5233 Γραφὴ,
3216 5162 3250 5230 ἡ
3291 5158 3552 5227 λέγουσα,

1979 5244 2001 5319 ι
2036 5266 2122 5318 Ἔν
2161 5266 2227 5335 τῇ
2258 5262 2401 5332 χειρὶ
2450 5256 2613 5313 αὑτοῦ
2641 5255 2709 5309 τὰ
2739 5254 2948 5325 πέρατα
2976 5252 3074 5321 τῆς
3112 5252 3213 5320 γῆς
3235 5267 3250 5281 ·
3277 5267 3299 5302 ι
3344 5244 3491 5304 εἶδεν
3521 5251 3554 5303 6

1975 5356 2128 5421 εἰδὼς
2155 5355 2224 5409 τὰ
2256 5353 2431 5408 πάντα
2459 5351 2553 5405 καὶ
2583 5347 2713 5419 πρὶν
2742 5345 3006 5415 γενέσεως
3024 5340 3223 5409 αὐτῶν,
3248 5339 3560 5414 δμπεριλα-
