3794 6000
185 168 285 225 205

1458 168 1503 224 E
1542 163 1824 222 HOMINIS
1860 163 2172 222 OPIFICIO.

3314 161 3377 214 ﬁt?
3386 158 3418 212 ϐ

182 286 290 341 θὼν
323 288 392 358 τῇ
445 287 645 355 γνώσει
670 287 797 342 ὅσον
815 287 933 340 κατ’
947 281 1172 357 ἀριμθὺν
1189 282 1249 338 ἒν
1262 284 1373 348 τοῖς
1390 280 1509 339 καθ’
1526 287 1743 340 ἕκαστον

1871 283 2044 339 eodem
2077 289 2353 339 momento
2380 290 2577 339 natura
2604 284 2817 354 integra
2846 284 3155 339 exsisteret.
3194 278 3415 349 Prospi-

182 379 330 432 ἔσται
385 376 446 431 τὸ
494 377 854 447 ἀνθρώπινον.
899 377 1050 432 Ἐπεὶ
1100 379 1159 433 δὲ
1208 378 1530 449 κατενόησεν
1570 381 1628 432 ἐν
1671 376 1749 448 τῷ

185 469 455 538 πλάσματι
499 471 533 538 ἡ
543 468 659 539 μῶν
690 468 788 538 τὴν
822 468 957 539 πρὸς
984 473 1045 522 τὸ
1094 472 1273 542 χεῖρον
1311 470 1484 541 ῥοπὴν
1506 511 1522 535 ,
1552 471 1646 525 καὶ
1668 471 1750 524 ὅτι

183 562 275 630 τῆς
313 561 451 630 πρὸς
483 560 609 622 τοὺς
641 560 908 628 ἀγγέλους
943 561 1234 632 ὀμοτιμίας
1280 562 1543 625 ἑκουσίως
1574 562 1749 632 ἀποῤ-

184 650 324 721 ρυὲν,
358 649 457 721 τὴν
488 650 625 720 πρὸς
651 647 715 702 τὸ
748 650 1000 704 ταπεινὸν
1023 650 1307 705 κοινωνίαν
1334 650 1751 722 προσοικειώσε-

182 756 291 794 ταιο
317 740 410 794 διά
453 739 625 794 ταῦτα
654 740 911 810 κατέμιξέ
948 759 1000 794 τι
1036 742 1130 795 καὶ
1166 740 1259 795 τοῦ
1307 741 1503 808 ἀλόγου
1531 744 1596 812 τῇ
1644 742 1751 813 ἰδίᾳ

182 832 361 885 εἰκόνι.
385 832 462 884 Ού
492 831 601 901 γάρ
622 832 770 883 ἐστιν
792 833 848 884 ὲν
875 832 939 902 τῇ
968 830 1089 901 θείᾳ
1111 847 1170 882 τε
1194 830 1288 883 καὶ
1315 830 1562 900 μακαρίᾳ
1593 828 1752 899 φύσει

180 925 215 992 ἠ
241 922 381 976 κατά
404 922 466 975 τὸ
486 922 653 992 ἄρρεν
686 922 778 974 καὶ
808 920 941 991 θῆλυ
975 920 1208 992 διαφορά
1231 937 1244 950 ·
1272 920 1406 973 ἀλλὰ
1428 921 1530 990 τῆς
1556 920 1751 988 ἀλόγου

182 1015 519 1084 κατασκευῆς
548 1015 640 1066 ἐπὶ
666 1013 756 1066 τὸν
779 1013 1060 1085 ἄνθρωποιν
1088 1010 1426 1083 μετενεγκὼν
1449 1012 1512 1065 τὸ
1536 1011 1750 1082 ἰδίωμα,

182 1106 242 1158 οὐ
276 1103 417 1158 κατά
446 1104 507 1157 τὺ
537 1104 740 1174 ὑψηλὸν
785 1103 885 1173 τῆς
927 1103 1157 1166 κτίσεως
1186 1103 1344 1173 ἡμῶν
1393 1102 1487 1155 τὸν
1526 1101 1754 1155 πλεονα-

185 1197 316 1268 σμὸν
341 1195 419 1267 τῷ
441 1196 590 1264 γένει
619 1195 921 1267 χαρίζεται.
955 1195 1031 1247 Οὐ
1069 1193 1179 1267 γὰρ
1217 1194 1304 1245 ὅτε
1336 1192 1397 1245 τὸ
1424 1193 1540 1245 κατ’
1571 1192 1755 1245 εἰκόνα

184 1287 394 1357 ἐποίησε
419 1329 434 1353 ,
464 1288 586 1340 τότε
618 1285 715 1357 τὴν
747 1284 840 1338 τοῦ
873 1284 1197 1351 αὐξάνεσθαι
1245 1284 1340 1337 καὶ
1389 1281 1754 1353 πληθύνεσθαι

180 1383 401 1451 δύναμιν
430 1380 509 1451 τῷ
541 1378 812 1449 ἀνθρώπῳ
837 1375 1177 1455 προσέθηκεν
1197 1415 1213 1439 ,
1244 1376 1359 1428 ἀλλ’
1398 1376 1487 1428 ὅτε
1520 1375 1759 1442 διέκρινε

182 1476 243 1543 τῇ
261 1471 399 1526 κατὰ
424 1472 487 1525 τὺ
510 1470 677 1542 ἆῤῥεν
699 1471 792 1522 καὶ
815 1468 946 1539 θῆλυ
972 1468 1223 1539 διαφορᾷ,
1243 1467 1363 1520 τότε
1384 1467 1564 1536 φησίν·
1600 1484 1620 1518 ι
1647 1466 1756 1519 Αύ-

184 1562 400 1627 ξάνεσθε
430 1562 525 1617 καὶ
558 1558 890 1630 πληθύνεσθε
909 1598 924 1621 ,
958 1560 1053 1612 καὶ
1086 1558 1410 1629 πληρώσατε
1440 1559 1540 1629 τὴν
1568 1557 1693 1628 γῆν.
1729 1578 1750 1610 ι

1849 374 2032 431 ciebat
2064 375 2215 429 enim
2255 375 2305 431 is
2332 377 2426 447 qui
2465 375 2602 431 lines
2623 386 2808 430 rerum
2856 374 3099 429 omnium
3132 371 3287 441 quasi
3318 386 3417 440 pu—

1848 480 1955 535 gno
1984 452 2420 537 comprehendit,
2467 466 2573 537 (sic
2610 466 2759 522 enim
2806 479 2997 521 sacros
3026 463 3222 518 Libros
3268 461 3418 529 loqui

1847 557 2096 614 videmus
2152 575 2167 612 :
2227 575 2250 610 ι
2316 556 2378 612 In
2430 573 2599 613 manu
2656 557 2778 627 eius
2831 570 3025 612 omnes
3083 562 3242 608 terra:
3285 552 3420 607 lines

1849 658 1977 706 sunt
1999 648 2128 722 ην)
2163 649 2534 720 prospiciebat
2561 664 2695 720 ergo
2718 689 2734 715 ,
2768 648 2861 719 qui
2887 647 3069 704 omnia
3100 646 3266 702 etiam
3296 651 3425 698 ante

1850 746 2029 793 ortum
2076 739 2320 808 ipsorum
2364 739 2539 803 novit,
2587 754 2749 809 quem
2793 738 2863 793 ad
2910 750 3197 792 numerum
3249 748 3422 809 genus

1854 829 2152 885 humanum
2181 830 2236 883 in
2262 829 2497 900 singulis
2521 808 2961 899 ampliﬁcandum
2992 828 3149 883 foret.
3176 808 3425 896 Cumque

1852 928 1907 975 et
1944 920 2078 975 illud
2133 921 2189 975 in
2240 921 2401 976 nobis
2442 921 2684 975 futurum
2732 920 3211 984 animadverteret,
3245 925 3306 971 ut
3357 916 3425 970 ad

1854 1020 2058 1067 statum
2088 1013 2415 1068 deteriorem
2444 1021 2659 1068 nosmet
2680 1011 3109 1074 demitteremus,
3142 1017 3306 1079 atque
3330 1008 3422 1063 de-

1856 1102 2074 1171 perdito
2105 1109 2300 1172 sponte
2331 1112 2535 1158 nostrai
2563 1101 2843 1173 dignitatis
2880 1101 3077 1173 gradu,
3120 1115 3230 1170 quo
3268 1114 3428 1169 pares

1857 1194 2066 1264 angelis
2114 1206 2355 1257 eramus,
2410 1194 2476 1248 ad
2523 1195 2832 1249 humilioris
2883 1192 3050 1248 sortis
3098 1197 3281 1246 creata
3326 1204 3430 1243 nos

1857 1285 2287 1355 adjungeremus
2317 1303 2331 1340 :
2362 1286 2528 1340 etiam
2553 1286 2774 1340 brutum
2816 1283 3027 1354 aliquid
3058 1282 3281 1353 imagini
3317 1296 3431 1337 suae
3500 1292 3505 1298 '

1858 1375 2176 1432 admiscuit.
2228 1375 2347 1431 Non
2397 1376 2539 1431 enim
2594 1375 2829 1431 masculi
2884 1372 3215 1442 femineique
3266 1386 3431 1426 sexus

1859 1466 2151 1523 discrimen
2187 1468 2241 1521 in
2279 1468 2371 1521 illa
2402 1468 2585 1522 divina
2620 1468 2888 1538 beataque
2938 1477 3136 1521 natura
3172 1479 3298 1520 esse
3328 1479 3433 1534 pu-

1862 1559 1963 1611 tari
2025 1557 2219 1625 debet,
2279 1560 2374 1614 sed
2422 1560 2690 1614 translato
2741 1559 2887 1615 Deus
2934 1559 2989 1613 in
3037 1557 3315 1612 hominem
3366 1569 3434 1610 eo

182 1623 254 1704 ia
279 1652 385 1721 γὰρ
406 1623 663 1704 τοιοῦτον·
681 1650 742 1702 οὐ
779 1648 875 1717 τῆς
902 1648 1051 1711 θείας
1077 1623 1291 1717 esse“);
1321 1647 1468 1725 ῖᾷιον,
1495 1623 1743 1719 τῆς

1871 1650 2003 1719 quod
2040 1623 2260 1720 opiﬁcio
2297 1651 2463 1705 bruto
2495 1652 2778 1720 proprium
2816 1657 2954 1712 erat,
2991 1648 3213 1703 modum
3246 1646 3431 1717 generi

182 1743 374 1811 ἀλόγου
399 1743 539 1804 ἐστὶ,
564 1740 746 1803 καθὼς
790 1742 823 1809 ή
864 1740 1072 1808 ἱστορία
1101 1739 1578 1810 παρασημαίνεται
1621 1739 1757 1811 πρό-

181 1854 332 1909 τερον
358 1836 451 1888 ἐπὶ
473 1834 582 1889 τῶν
615 1834 822 1896 ἀλόγων
850 1831 1101 1904 εἰρῆσθαι
1130 1831 1303 1885 ταῦτα
1325 1831 1476 1902 παρὰ
1496 1831 1589 1886 τοῦ
1618 1829 1754 1886 Θεοῦ

179 1927 549 1998 διηγησαμένη
571 1967 586 1990 ,
619 1924 694 1988 ὡς
730 1925 782 1977 εί
821 1941 886 1993 γε
930 1924 1036 1994 πρὸ
1068 1923 1161 1976 τοῦ
1200 1922 1473 1976 ἐπιϐαλεῖν
1501 1925 1567 1994 τῇ
1599 1924 1757 1992 φύσει

180 2018 275 2090 τὴν
301 2018 441 2072 κατὰ
480 2017 543 2071 τὸ
577 2016 745 2088 ἄρρεν
776 2017 871 2069 καὶ
914 2013 1048 2084 θῆλυ
1076 2013 1338 2085 διαφορὰν
1365 2052 1379 2076 ,
1405 2012 1503 2084 τὴν
1548 2012 1636 2066 διὰ
1660 2013 1759 2082 τῆς

182 2112 359 2182 φωνῆς
388 2111 590 2178 ταύτης
622 2108 849 2178 δύναμιν
881 2108 959 2170 είς
988 2105 1048 2158 τὸ
1076 2105 1402 2171 αὐξάνεσθαι
1431 2103 1510 2175 τῷ
1550 2101 1757 2173 evom-

184 2221 265 2274 πῳ
295 2200 640 2275 προσέθηκεν
662 2238 677 2263 ,
708 2199 807 2252 οὐκ
839 2197 904 2252 ἂν
931 2195 1026 2251 τοῦ
1056 2195 1294 2250 τοιούτου
1316 2195 1414 2265 τῆς
1457 2195 1759 2265 γεννήσεως

182 2297 351 2359 εἴδους
384 2291 849 2368 προσεδεήθημεν,
880 2288 946 2342 δι’
967 2282 1028 2342 οῦ
1055 2289 1307 2356 γεννᾶται
1333 2285 1404 2339 τὰ
1431 2284 1618 2353 ἄλογα.

1861 1749 2054 1797 nostro
2082 1743 2495 1813 propagationis
2523 1743 2660 1798 adeo
2690 1742 2979 1798 excellenti
3002 1749 3191 1796 creato
3222 1754 3431 1809 nequa-

1861 1849 2025 1904 quam
2052 1835 2496 1905 jconsentaneum
2551 1835 2761 1891 tribuit.
2805 1832 2940 1888 Nam
2984 1833 3296 1888 facultatem
3336 1846 3437 1887 au-

1864 1925 2025 1996 gendi
2049 1933 2103 1981 et
2135 1925 2500 1997 ampliﬁcandi
2539 1927 2756 1995 generis
2783 1926 2991 1981 homini
3023 1940 3129 1979 non
3165 1923 3357 1978 tribuit
3381 1923 3436 1978 id

1864 2015 2151 2086 temporis,
2185 2028 2297 2085 quo
2326 2029 2449 2069 eum
2481 2013 2549 2069 ad
2595 2014 2681 2069 sui
2712 2014 3000 2085 imaginem
3039 2013 3308 2078 condidit,
3339 2010 3438 2066 sed

1866 2120 1989 2160 cum
2022 2106 2077 2160 in
2110 2120 2177 2161 eo
2205 2122 2374 2163 sexus
2410 2106 2641 2163 masculi
2676 2103 3006 2175 femineique
3030 2105 3328 2160 discrimen
3357 2104 3433 2159 fe-

1865 2195 2053 2261 cisset,
2084 2197 2262 2267 inquit
2292 2216 2305 2252 :
2345 2215 2364 2249 ι
2409 2199 2723 2269 Augescite,
2766 2213 2829 2253 ac
2850 2205 3063 2255 vosmet
3092 2196 3439 2266 ampliﬁcate,

1867 2294 1923 2340 et
1970 2294 2168 2342 terram
2210 2288 2481 2357 complete
2508 2291 2576 2344 "’.
2627 2309 2646 2340 ι
2681 2287 2734 2344 Id
2767 2290 2910 2345 enim
2944 2305 3054 2344 non
3091 2290 3203 2358 jam
3243 2289 3441 2344 divinae

150 2394 389 2442 naturae
440 2386 765 2441 attributum
797 2392 902 2447 est,
944 2383 1041 2438 sed
1072 2383 1246 2438 bruta:
1275 2400 1289 2436 :
1320 2378 1776 2451 quemadmodum
1828 2379 1946 2450 ipsa
1996 2397 2180 2445 rerum
2232 2393 2506 2454 gestarum
2547 2384 2717 2440 series
2744 2385 3002 2448 ostendit,
3039 2384 3208 2440 Deum
3251 2384 3441 2441 eadem

182 2480 342 2534 etiam
388 2479 459 2533 de
502 2477 683 2532 brutis
733 2477 1077 2546 prolocutum
1135 2489 1278 2530 esse.
1322 2472 1393 2528 Ut
1436 2473 1661 2526 omnino
1709 2472 2055 2528 statuendum
2109 2478 2202 2542 sit,
2254 2478 2404 2533 nullo
2459 2478 2618 2532 nobis
2670 2485 2831 2549 pacto
2879 2478 3277 2548 procreationis
3315 2490 3443 2547 spe-

181 2572 281 2635 cie,
312 2584 423 2640 qua
456 2569 618 2623 bruta
652 2575 1044 2637 propagantur,
1094 2580 1233 2636 opus
1282 2562 1526 2618 futurum
1571 2562 1743 2617 fuisse
1788 2578 1802 2615 :
1846 2562 1891 2617 si
1946 2565 2165 2633 quidem
2218 2581 2281 2620 ea
2323 2581 2486 2637 quam
2526 2567 2765 2633 diximus
2798 2581 2940 2641 voce
2972 2567 3177 2621 homini
3216 2565 3446 2622 faculta-

180 2675 288 2721 tem
316 2661 550 2733 augendi
584 2677 644 2718 se
682 2661 1043 2721 concessisset
1097 2659 1417 2729 priusquam
1447 2660 1503 2711 in
1551 2664 1748 2711 natura
1777 2663 1963 2711 nostra
1991 2674 2155 2714 sexus
2186 2658 2482 2715 discrimen
2520 2660 2829 2716 exsisteret.

248 2754 452 2808 Τούτου
489 2754 671 2807 τοίνυν
702 2751 1236 2825 προκατανοηθέντος
1264 2751 1352 2804 διά
1388 2750 1487 2819 τῆς
1515 2765 1766 2820 προγνω-

182 2844 370 2915 στικῆς
397 2843 678 2916 ἐνεργείας
695 2840 1064 2913 πληρώματος
1083 2841 1190 2893 τῶν
1213 2837 1537 2912 ἀνθρώπων,
1556 2838 1643 2892 διὰ
1667 2841 1767 2908 τῆς

181 2935 460 2999 ζακυδεστέ
468 2953 566 3007 ρας
588 2934 855 3005 γενέσεως
872 2934 964 2986 ἐπὶ
984 2933 1082 3004 τὴν
1105 2932 1250 3003 ζωὴν
1272 2933 1551 3003 μέλλοντος
1576 2930 1768 3003 παριέ-

182 3046 290 3093 ναι,
318 3030 348 3081 ὁ
377 3027 530 3093 τάξει
563 3028 673 3082 τινὶ
708 3028 804 3081 καὶ
848 3026 1025 3098 εἱρμῷ
1068 3024 1435 3095 διακυϐερνῶν
1482 3023 1551 3077 τὰ
1591 3024 1767 3077 πάντα
1795 3054 1840 3117 C

179 3120 334 3185 Θεὸς,
356 3118 546 3189 ἐπειδὴ
562 3118 699 3181 ὅλως
713 3117 775 3171 τὸ
789 3116 1024 3169 τοιοῦτον
1040 3117 1106 3185 τῇ
1127 3112 1223 3167 ἀνθ
1230 3112 1504 3184 ρωπότητι
1519 3112 1618 3182 τῆς
1641 3129 1765 3180 γεν-

178 3214 388 3282 νήσεως
411 3206 551 3273 εἶδος
582 3210 875 3277 ἀναγκαῖον
904 3205 1157 3275 ἐποίησεν
1191 3207 1224 3276 ἡ
1253 3204 1480 3278 πρὺςτὸ
1511 3204 1765 3257 ταπεινὸν

179 3304 278 3372 τῆς
310 3302 524 3370 φύσεως
564 3302 596 3370 ἡ
607 3298 722 3370 μῶν
751 3298 1040 3361 ἐπίκλισις,
1064 3299 1130 3367 ἣν
1161 3293 1267 3351 εἶδε
1300 3298 1429 3369 πρὶν
1455 3297 1705 3365 γενέσθαι
1737 3299 1767 3350 ό

180 3393 379 3463 ἐπίσης
400 3392 479 3463 τῷ
502 3390 760 3445 ἐνεστῶτι
782 3390 843 3444 τὸ
875 3389 1063 3460 μέλλον
1094 3388 1325 3458 βλέπων,
1365 3387 1452 3442 διὰ
1478 3388 1637 3441 τοῦτο
1673 3387 1767 3440 καὶ

180 3485 271 3537 τὸν
300 3485 619 3554 σύμμετρον
656 3485 722 3553 τῇ
761 3482 1068 3551 κατασκευῇ
1092 3478 1200 3533 τῶν
1246 3478 1551 3551 ἀνθρώπων
1575 3478 1766 3549 χρόνον

182 3575 622 3648 προκατενόησεν
641 3592 655 3605 -
681 3573 822 3626 ὥστε
842 3576 908 3644 τῇ
949 3571 1164 3644 παρόδῳ
1189 3570 1297 3624 τῶν
1320 3566 1766 3640 περιορισθεισῶν

179 3669 372 3739 ψυχῶν
408 3665 909 3737 συναπαρτισθῆναι
948 3662 1047 3734 τὴν
1094 3660 1187 3715 τοῦ
1218 3661 1408 3732 χρόνου
1440 3658 1764 3731 παράτασιν,

181 3760 278 3812 καὶ
301 3758 429 3810 τότε
468 3757 657 3827 στῆναι
688 3755 786 3824 τὴν
824 3752 994 3824 ῥοώδη
1023 3751 1120 3804 τοῦ
1149 3751 1342 3822 χρόνου
1371 3748 1616 3819 κίνησιν,
1640 3747 1767 3800 ὅταν

186 3849 387 3920 μηκέτι
416 3847 620 3919 φύηται
649 3846 715 3901 δι’
738 3844 905 3899 αὑτοῦ
942 3844 1003 3898 τὸ
1029 3842 1365 3915 ἀνθρώπινον
1385 3858 1397 3871 ·
1425 3839 1769 3910 τελεσθείσης
1798 3841 1801 3846 ’

181 3943 239 3995 δὲ
282 3941 386 4013 τῆς
424 3940 533 3993 τῶν
583 3939 886 4011 ἀνθρώπων
926 3939 1221 4008 γενέσεως,
1263 3935 1342 4007 τῷ
1378 3934 1522 3988 τέλει
1567 3932 1769 3996 ταύτης

184 4030 599 4100 συγκαταλῆξαι
633 4030 723 4083 τὸν
767 4029 978 4101 χρόνον,
1013 4028 1106 4080 καὶ
1132 4025 1274 4081 οὕτω
1310 4026 1408 4096 τὴν
1445 4024 1538 4078 τοῦ
1569 4024 1770 4086 παντὸς

182 4121 635 4193 ἀναστοιχείωσιν
658 4119 930 4190 γενέσθαι,
972 4120 1065 4172 καὶ
1098 4122 1165 4189 τῇ
1197 4118 1466 4188 μεταϐολῇ
1514 4115 1611 4170 τοῦ
1648 4114 1768 4168 ὅλου

184 4212 629 4284 συναμειφθῆναι
665 4212 759 4264 καὶ
787 4210 847 4264 τὸ
875 4208 1233 4280 ἀνθρώπινον,
1269 4208 1376 4261 ἀπὸ
1402 4207 1495 4260 τοῦ
1530 4204 1770 4276 φθαρτοῦ

183 4304 279 4357 καὶ
306 4301 551 4372 γεώδους
586 4303 678 4354 ἐπὶ
714 4301 775 4352 τὸ
804 4299 1012 4362 ἀπαθὲς
1044 4299 1137 4352 καὶ
1163 4297 1351 4351 ἀΐδιον.
1385 4297 1453 4349 ’⁸0
1494 4313 1582 4366 μοι
1627 4295 1773 4348 δοκεῖ

1938 2750 2076 2806 Cum
2121 2752 2288 2823 igitur
2336 2754 2590 2809 universe
2631 2768 2806 2825 genus
2852 2761 3101 2809 nostrum
3145 2755 3289 2811 Deus
3326 2755 3442 2826 (qui

1868 2846 2060 2899 ordine
2091 2853 2239 2901 certe
2273 2853 2472 2901 cuncta
2515 2846 2886 2917 administrat)
2916 2847 3263 2919 prospiceret
3292 2862 3447 2903 more

1869 2936 2154 2991 hrutorum
2188 2938 2551 2993 animantium
2585 2940 2884 3004 oriturum,
2928 2939 3254 3010 nequeﬁeri
3285 2941 3449 2995 aliter

1871 3044 2035 3098 posse
2062 3030 2414 3100 intelligeret,
2450 3046 2614 3100 quam
2664 3037 2723 3086 ut
2769 3031 2874 3086 hoc
2904 3032 3068 3087 modo
3118 3047 3448 3104 propagare—

1872 3129 1980 3185 tur,
2028 3128 2224 3174 natura
2275 3136 2334 3176 se
2373 3130 2560 3177 nostra
2603 3122 2951 3177 humiliorem
2999 3122 3066 3177 ad
3102 3130 3303 3178 statum
3347 3124 3448 3179 dc-

1871 3212 2151 3279 mittente,
2186 3213 2326 3267 sicut
2348 3213 2464 3283 ipse
2484 3213 2658 3267 multo
2688 3222 2815 3267 ante
2843 3213 2959 3268 fore
2985 3214 3326 3282 praeviderat,
3354 3214 3445 3284 qui

1873 3303 2091 3360 futuros
2134 3313 2363 3361 eventus
2395 3313 2657 3376 tanquam
2697 3320 2789 3361 res
2826 3313 3125 3376 praesentes
3160 3305 3444 3362 intuetur:

1871 3398 2035 3451 etiam
2062 3412 2237 3451 aevum
2268 3396 2541 3466 quoddam
2577 3399 2909 3453 conveniens
2949 3398 3167 3469 opiﬁcio
3209 3399 3449 3453 humano

1871 3485 2185 3554 praestituit,
2213 3491 2274 3539 ut
2306 3486 2610 3539 animarum
2657 3501 2888 3539 numero
2920 3488 3181 3556 temporis
3227 3488 3449 3543 duratio

1872 3576 2230 3647 responderet
2260 3595 2274 3631 :
2309 3572 2474 3645 atque
2506 3582 2621 3629 tum
2649 3576 2867 3629 demum
2904 3574 3085 3630 ﬂuxus
3114 3576 3205 3631 ille
3236 3586 3449 3646 tempo-

1873 3667 1953 3721 ris
1990 3674 2173 3724 motus
2201 3667 2529 3735 quiesceret,
2554 3678 2679 3719 cum
2710 3679 2881 3736 genus
2914 3665 3212 3720 humanum
3245 3681 3449 3738 propa-

1874 3757 1989 3828 gari
2013 3757 2292 3821 desiisset;
2325 3755 2484 3825 hujus
2510 3756 2746 3825 denique
2779 3758 3152 3827 procreatione
3174 3759 3445 3823 absoluta,

1876 3848 2138 3920 temporis
2192 3848 2357 3903 etiam
2407 3848 2747 3903 continuatio
2799 3851 3129 3919 exsiiiraret.
3186 3862 3449 3922 sequente

1876 3953 2044 4009 porro
2074 3953 2256 3996 rerum
2285 3939 2688 3993 instauratione
2718 3948 2772 3995 et
2799 3941 3101 3996 mutatione
3127 3943 3451 4000 universita-

1875 4031 1951 4086 tis
1978 4030 2163 4101 hujus,
2213 4045 2337 4085 cum
2365 4044 2472 4101 qua
2518 4030 2757 4087 hominis
2799 4031 3093 4100 conjuncta
3125 4042 3271 4089 esset
3317 4050 3451 4089 con-

1876 4125 2079 4189 versio,
2114 4124 2183 4179 de
2227 4134 2423 4179 natura
2456 4123 2703 4178 interitui
2733 4124 2968 4179 obnoxia
3002 4131 3349 4194 terrenaque,
3392 4128 3449 4180 in

1877 4217 2172 4289 quamdam
2208 4217 2526 4271 morborum
2556 4224 2831 4286 expertem
2876 4223 2927 4269 et
2954 4216 3337 4270 immortalem.
3371 4215 3450 4271 Eo

1878 4309 2012 4363 mihi
2046 4308 2353 4378 respexisse
2376 4308 2595 4362 divinus
2624 4307 2714 4360 ille
2742 4306 3033 4376 Apostolus
3059 4305 3294 4369 videtur,
3323 4322 3446 4361 cum

185 4395 278 4447 καὶ
330 4396 361 4446 ὀ
393 4393 540 4456 θεῖος
573 4392 893 4455 ’Δπόστολος
942 4391 1280 4460 κατανοήσας
1305 4429 1321 4453 ,
1363 4388 1644 4458 προειπεῖν
1685 4387 1743 4440 διε

1881 4400 1935 4454 ἰη
1976 4398 2216 4471 Epistola
2266 4414 2428 4470 quam
2470 4397 2536 4452 ad
2565 4395 2878 4455 Corinthios
2925 4396 3169 4468 scripsit,
3207 4398 3448 4454 subitum

184 4485 286 4554 τῆς
314 4484 458 4555 πρὸς
478 4482 797 4553 Κορινθίους
826 4480 1114 4552 ἐπιπολῆς
1134 4482 1233 4552 τὴν
1259 4480 1522 4549 αἰφνίδιον
1546 4478 1639 4532 τοῦ
1662 4479 1778 4550 χρό-

187 4595 278 4631 νου
312 4578 509 4631 στάσιν
528 4615 544 4639 ,
588 4572 682 4629 κάι
702 4573 800 4647 τὴν
827 4577 906 4638 εἰς
939 4574 1000 4627 τὸ
1031 4573 1263 4645 ἔμπαλιν
1295 4572 1405 4626 τῶν
1444 4571 1778 4641 κινουμένων

189 4669 485 4735 ἀνάλυσιν,
520 4669 579 4720 ὲν
612 4663 693 4731 οἷς
724 4682 923 4737 φησιν’
973 4683 989 4716 ι
1031 4666 1164 4719 Ἰδοὺ
1199 4665 1496 4735 μυστήριον
1528 4664 1656 4734 ὑμῖν
1693 4661 1777 4718 λέε

188 4778 267 4828 γω
286 4779 301 4790 ·
337 4762 552 4823 Πάντες
576 4758 675 4829 μὲν
706 4760 767 4812 οὐ
798 4755 1267 4829 κοιμηθησόμεθα,
1298 4755 1499 4817 πάντες
1524 4753 1581 4806 δὲ
1612 4752 1777 4806 ἀλλα-

188 4853 502 4923 γησόμεθα,
525 4854 585 4904 ἐν
606 4850 816 4921 ἀτόμῳ,
841 4851 896 4902 ὲν
918 4851 1049 4921 ῥιπῇ
1073 4845 1375 4917 ὀφθαλμοῦ,
1404 4847 1460 4900 ὲν
1480 4847 1545 4916 τῇ
1573 4843 1777 4916 ἐσχάτῃ

191 4944 480 5013 σάλπιγγι.
508 4963 527 4995 ι
582 4942 690 4996 Τοῦ
738 4944 848 5013 γὰρ
889 4939 1284 5012 πληρώματος,
1324 4937 1399 5001 ὡς
1450 4932 1639 5004 οἶμαιο
1678 4935 1778 5005 τῆς

189 5034 548 5105 ἀνθρωπίνης
593 5035 810 5103 φύσεως
836 5032 978 5086 κατὰ
1004 5031 1066 5084 τὸ
1089 5029 1439 5102 προγνωσθὲν
1475 5028 1671 5099 μέτρον
1699 5027 1778 5088 είς

191 5128 370 5199 πέρας
402 5127 657 5191 ἐλθόντος
672 5168 687 5189 ,
714 5126 804 5180 διὰ
830 5125 891 5179 τὸ
915 5126 1111 5197 μηκέτι
1132 5124 1336 5177 λείπειν
1357 5122 1436 5193 τῷ
1458 5122 1566 5175 τῶν
1592 5121 1778 5191 ψυχῶν

188 5219 409 5291 ἀριθμῷ
444 5218 613 5290 μηδὲν
654 5219 736 5280 εἰς
764 5215 1093 5287 ἐπαύξησιν,
1130 5218 1189 5270 ἐν
1221 5216 1417 5285 ἀκαρεί
1454 5212 1548 5267 τοῦ
1588 5212 1779 5283 χρόνου

187 5312 517 5382 γενήσεσθαι
549 5311 650 5382 τὴν
683 5308 985 5378 ἐναλλαγὴν
1016 5307 1123 5361 τῶν
1152 5307 1319 5360 ὄντων
1357 5304 1595 5369 ἐδίδαξεν
1612 5343 1628 5367 ,
1658 5305 1781 5358 ἀτο-

188 5418 290 5473 μσν
315 5403 600 5476 ὀνομάσας
629 5400 730 5456 καὶ
764 5399 929 5471 ριπὴν
959 5396 1237 5470 ὀφθαλμοῦ
1269 5398 1330 5451 τὸ
1359 5396 1562 5469 ἀμερὲς
1605 5397 1781 5449 ἐκεῖνο

1885 4492 2145 4562 temporis
2194 4490 2495 4547 desinentis
2544 4489 2723 4554 ﬁnem,
2760 4504 3056 4562 rerumque
3090 4492 3242 4561 prius
3272 4492 3450 4549 mobi-

1885 4580 2017 4636 lium
2049 4578 2319 4635 diversam
2350 4581 2405 4635 in
2431 4587 2639 4649 partem
2671 4580 3079 4635 conversionem
3112 4581 3447 4649 praediceret.

1887 4669 2028 4725 Sunt
2058 4671 2204 4726 enim
2229 4671 2344 4727 haec
2377 4671 2549 4742 ipsius
2577 4669 2742 4726 verba
2777 4689 2790 4724 :
2851 4670 2984 4728 Ecce
3044 4687 3154 4726 rem
3200 4688 3449 4724 arcanam

1884 4758 2026 4813 vobis
2054 4756 2344 4829 patefacio:
2372 4756 2483 4812 Nos
2504 4759 2714 4828 quidem
2762 4775 2940 4814 omnes
2972 4776 3075 4814 non
3107 4758 3452 4822 dormiamus,

1886 4866 2062 4904 omnes
2129 4858 2304 4905 tamen
2352 4851 2816 4912 commutabimur,
2891 4850 3044 4920 idque
3094 4851 3148 4904 in
3204 4852 3454 4920 temporis
3496 4916 3497 4919 η

1882 4953 2093 5010 puncto,
2128 4952 2179 4997 et
2206 4944 2348 4998 oculi
2377 4954 2660 5008 momento,
2693 4945 2762 4998 ad
2788 4953 3037 4999 extrema:
3069 4946 3207 4997 tuba:
3238 4945 3454 5014 clango-

1885 5053 1993 5091 rem
2023 5037 2090 5090 ⁸⁸.
2166 5033 2278 5088 lloc
2320 5029 2453 5085 mihi
2525 5035 2709 5091 dicere
2749 5035 2984 5098 videtur,
3034 5033 3317 5090 hominum
3356 5052 3457 5093 no-

1888 5124 2057 5189 tione,
2086 5125 2182 5179 illo
2225 5123 2391 5179 modo
2421 5124 2512 5193 qui
2547 5122 2844 5194 prmﬁnitus
2888 5137 2916 5176 a
2957 5120 3067 5177 Deo
3104 5131 3205 5187 est,
3263 5123 3457 5194 ampli-

1889 5213 2070 5277 ﬁcata,
2102 5229 2227 5268 eum
2270 5213 2576 5267 animorum
2611 5227 2843 5267 numero
2875 5211 3011 5266 nihil
3046 5213 3308 5268 accedere
3337 5230 3459 5284 por-

1887 5322 1948 5361 ro
1985 5305 2226 5377 poterit:
2269 5312 2383 5359 tum
2433 5319 2564 5376 ergo
2596 5319 2685 5360 res
2721 5305 3006 5361 universas
3040 5320 3149 5361 uno
3188 5307 3455 5378 temporis

1886 5403 2165 5451 momento
2201 5404 2594 5452 commutatum
2623 5395 2707 5450 iri.
2743 5394 3015 5452 Punctum
3043 5397 3189 5454 enim
3228 5403 3284 5456 et
3307 5398 3451 5455 oculi

250 5576 301 5609 "
338 5579 492 5642 Psal.
553 5592 707 5645 χειν,
740 5575 799 5629 4.
874 5573 922 5606 τ’
945 5571 1081 5628 Gen.
1112 5588 1174 5640 ιι,
1214 5572 1308 5625 τε.
1386 5572 1431 5604 ⁸ο
1467 5569 1638 5626 lCor.
1669 5584 1743 5623 xu

1887 5583 2004 5638 sqq.
