3766 5988
298 204 398 260 ill?

1556 200 1615 254 3.
1649 198 1977 257 GREGORII
2011 199 2299 259 NYSSENI

3456 194 3561 249 208

300 328 633 377 momentum
659 323 897 393 appellat
922 323 1227 380 extremum
1257 322 1522 392 temporis
1556 323 1843 377 terminum

2068 326 2073 374 Ξ
2114 325 2306 395 χρόνου
2352 325 2445 378 καὶ
2484 324 2804 378 ἀδιάστατον
2837 321 3007 393 πέρας
3028 340 3040 353 ’
3071 321 3146 385 ὡς
3176 320 3378 393 μηκέτι
3406 318 3565 372 δυνα-

297 413 476 470 omnis
504 423 779 485 expertem
810 416 1193 481 dimensionis,
1229 416 1432 487 quique
1464 416 1644 470 nullas
1666 416 1720 470 in
1745 431 1873 487 par-

296 516 380 561 tes
422 506 589 560 dividi
641 513 825 576 queat.
862 507 1047 576 Itaque
1092 508 1205 562 ﬁeri
1247 522 1356 562 non
1399 522 1561 577 posse
1589 507 1768 571 docet,
1813 517 1873 562 ut

297 599 420 665 quis
444 596 513 651 ad
544 612 664 651 eam
699 607 850 652 certo
880 600 1039 667 quasi
1066 599 1276 652 ambitu
1305 598 1583 653 definitam
1614 598 1874 652 mutatio—

300 706 444 753 nem,
472 705 595 759 quae
620 704 717 759 per
746 697 979 744 mortem
1012 689 1089 754 lit,
1123 690 1404 758 perveniat
1430 708 1443 744 :
1486 699 1539 744 et
1569 698 1873 744 extremum

298 796 363 834 ac
419 796 697 836 summum
750 781 1016 851 temporis
1061 788 1399 835 momentum
1449 781 1702 850 attingat,
1751 788 1875 849 post

298 873 446 941 quod
485 873 635 928 nulla
667 887 796 944 pars
843 873 964 942 ejus
997 873 1204 943 reliqua
1231 881 1339 939 est,
1387 873 1496 927 nisi
1527 873 1681 943 prius
1720 872 1872 937 tuba,

271 958 422 1035 ‘qnae
455 964 910 1020 resurrectionem
947 979 1013 1019 ex
1048 965 1281 1020 mortuis
1318 963 1612 1033 praecedet,
1648 963 1875 1031 clango-

262 1098 270 1133 ς
302 1066 417 1106 rem
453 1066 612 1106 suum
645 1051 796 1115 edat,
831 1065 941 1121 quo
972 1066 1098 1120 pars
1135 1053 1359 1106 humani
1402 1052 1621 1122 generis
1659 1059 1877 1105 mortua

262 1134 265 1141 ’
300 1146 461 1216 quasi
495 1146 562 1200 de
596 1161 791 1202 somno
819 1146 1088 1201 excitetur
1116 1164 1130 1200 :
1175 1160 1239 1201 ea
1263 1151 1409 1200 'vero
1443 1159 1565 1215 quae
1608 1143 1787 1197 adhuc
1820 1142 1876 1196 in

303 1241 440 1294 vivis
468 1238 597 1294 erit.
631 1235 850 1303 perinde
872 1237 1122 1292 utcazteri
1163 1253 1260 1306 per
1287 1236 1772 1300 resurrectionem,
1802 1234 1877 1288 ita

302 1341 357 1386 et
398 1332 517 1401 ipsa
545 1330 733 1385 subito
766 1329 836 1384 ad
884 1329 1354 1384 immortalitatem
1381 1334 1777 1390 commutetur,
1820 1330 1879 1377 ut

301 1437 421 1477 eam
460 1423 721 1491 deinceps
766 1422 950 1476 carnis
984 1420 1200 1491 pondus
1249 1419 1507 1475 deorsum
1559 1434 1727 1474 onere
1779 1433 1880 1473 suo

302 1528 411 1568 non
442 1513 731 1584 deprimat,
762 1512 1000 1566 humove
1043 1519 1263 1566 terrena
1310 1511 1482 1565 moles
1528 1508 1728 1579 alligat,
1782 1506 1878 1562 sed

301 1610 445 1665 elata
474 1608 530 1662 in
559 1606 791 1661 sublime
824 1606 1006 1676 ipsum
1039 1620 1221 1660 aerem
1258 1611 1527 1675 penetret.
1563 1601 1690 1656 Ilaec
1730 1601 1876 1655 enim

1978 419 2070 472 τὸν
2108 414 2245 471 εἶναι
2274 417 2351 489 τῷ
2379 418 2518 471 κατὰ
2551 418 2611 470 τὸ
2653 417 2879 487 ἔσχατόν
2906 432 2965 468 τε
3011 416 3105 468 καὶ
3131 415 3433 487 ἀκρότατον
3462 413 3563 485 τῆς

1980 511 2164 582 ἀκμῆς
2202 511 2447 564 ἐπιϐάντι
2483 509 2576 563 τοῦ
2617 508 2832 580 χρόνου,
2865 506 2951 560 διὰ
2986 507 3046 559 τὸ
3081 505 3245 576 μηδὲν
3279 506 3585 560 ύπολείπε-τ

1982 602 2105 657 σθαι
2125 605 2189 673 τῇ
2216 602 2475 672 ἀκρότητι
2506 600 2698 672 μέρος,
2749 598 2847 669 τὴν
2887 597 3200 668 περιοδικὴν
3241 596 3447 668 ταύτην
3480 598 3568 657 διὰ

1984 690 2214 745 Θανάτου
2265 689 2564 761 μεταϐολὴν
2602 689 2946 759 κτήσασθαι,
2993 686 3107 740 ἀλλ’
3147 689 3195 740 εί
3233 687 3394 758 μόνον
3438 689 3567 758 ἢχῆ-

1984 803 2132 839 σειεν
2193 785 2227 855 ἡ
2277 784 2378 853 τῆς
2427 781 2772 844 ἀναστάσεως
2806 778 3141 849 σάλπιγξ,ή
3188 778 3249 832 τὸ
3304 779 3570 848 τεθνηκὸς

1982 875 2395 946 ἀφυπνίζουσα,
2440 872 2535 926 καὶ
2571 872 2698 933 τοὺς
2742 871 2799 922 ἐν
2836 872 2904 941 τῇ
2941 870 3053 941 ζωῇ
3104 870 3575 939 καταλειφθέντας

1983 966 2103 1021 καθ’
2122 964 2412 1035 ὁμοιότητα
2432 962 2547 1015 τῶν
2563 961 2620 1028 ἐξ
2642 962 2988 1025 ἀναστάσεως
3009 960 3221 1014 ἀλλοιου
3230 962 3407 1032 μένων
3433 961 3570 1035 πρὸς

1984 1055 2291 1126 ἀφθαρσίαν
2312 1054 2523 1125 ἀθρόως
2554 1052 2979 1123 μεταϐάλλουσα,
2996 1052 3072 1116 ὼς
3099 1053 3295 1123 μηκέτι
3322 1054 3383 1106 τὸ
3406 1053 3573 1124 βάρος

1983 1150 2082 1219 τῆς
2107 1146 2309 1219 σαρκὸς
2335 1146 2426 1200 ἐπὶ
2447 1147 2508 1199 τὸ
2538 1145 2688 1199 κάτω
2711 1144 2937 1217 βρίθειν,
2968 1146 3063 1199 καὶ
3088 1148 3155 1215 τῇ
3187 1148 3256 1216 γῇ
3282 1161 3574 1215 παρακατ-

1986 1239 2129 1310 έχειν
2171 1240 2261 1292 τὸν
2299 1237 2495 1306 ὄγκον⁹
2544 1237 2680 1291 ἀλλά
2723 1237 3012 1309 μετάρσιον
3053 1237 3120 1291 δι’
3163 1238 3323 1308 ἀέρος
3358 1239 3574 1309 φοιτᾷν.

1993 1349 2010 1381 ι
2035 1329 2497 1401 Ἀρπαγησόμεθα
2524 1328 2632 1401 γὰρ
2649 1370 2663 1393 ,
2700 1331 2885 1400 φησὶν,
2912 1331 2971 1383 ἐν
3009 1329 3260 1399 νεφέλαις
3292 1331 3373 1392 είς
3399 1330 3576 1384 ἀπάνο

1985 1439 2143 1494 τησιν
2171 1422 2269 1475 τοῦ
2291 1421 2496 1494 Κυρίου
2525 1424 2604 1484 εἰς
2647 1421 2785 1492 ἀέρα
2804 1461 2819 1485 ,
2860 1422 2952 1475 καὶ
2989 1419 3163 1484 οὕτως
3191 1421 3430 1475 πάντοτε
3476 1422 3580 1475 σὺν

1986 1511 2177 1583 Κυρίῳ
2211 1512 2465 1582 ἐσόμεθα.
2500 1532 2517 1563 ι
2577 1510 2787 1565 Ούκοῦν
2831 1511 3178 1583 ἀναμεινάτω
3233 1511 3325 1565 τὸν
3380 1513 3581 1584 χρόνον

1986 1600 2078 1653 τὸν
2103 1600 2416 1667 ἀναγκαίως
2461 1603 2526 1671 τῇ
2560 1600 2874 1673 ἀνθρωπίνῃ
2917 1599 3141 1670 αὐξήσει
3193 1602 3579 1671 συμπαρατεί-

303 1697 600 1767 Apostolus
661 1696 929 1766 subjecit:
996 1713 1017 1746 ι
1087 1695 1391 1766 llapiemur
1441 1710 1540 1764 per
1600 1692 1778 1748 nubes
1829 1690 1843 1744 i

2068 1707 2166 1744 ιτα.
2197 1691 2307 1743 Καὶ
2350 1689 2456 1762 γάρ
2506 1692 2556 1743 οἱ
2599 1690 2726 1760 περὶ
2772 1688 2861 1742 τὸν
2924 1689 3175 1761 Ἀϐραάμ
3211 1692 3579 1764 πατριάρχαι,

305 1807 508 1855 aerem,
551 1797 611 1844 ut
648 1788 880 1845 Domino
912 1803 1291 1855 occurramus,
1337 1796 1502 1857 atque
1528 1803 1593 1841 ex
1633 1800 1698 1841 eo
1741 1793 1882 1838 tern-

303 1897 434 1951 pore
455 1886 715 1950 perpetuo
731 1893 857 1935 cum
875 1877 1106 1933 Domino
1134 1877 1423 1933 erimus".
1459 1895 1478 1928 i
1510 1875 1879 1942 Quamobrem

304 1973 686 2043 unusquisque
714 1971 979 2042 temporis
1023 1970 1304 2025 hominum
1341 1969 1684 2025 incremento
1713 1966 1884 2023 desti-

304 2064 421 2119 nati
448 2078 655 2118 moram
700 2062 970 2133 patienter
1026 2062 1186 2116 ferat.
1218 2060 1355 2114 Nam
1406 2069 1461 2115 et
1508 2058 1880 2120 Abrahamus,

304 2156 507 2225 aliique
554 2162 739 2224 patres
786 2154 863 2207 illi
908 2154 1205 2223 principes,
1251 2166 1565 2221 quanquam
1612 2149 1884 2206 desiderio

304 2245 524 2302 videndi
571 2245 760 2300 isthaec
812 2244 952 2298 bona
1007 2250 1363 2307 tenerentur,
1419 2257 1598 2312 neque
1641 2256 1884 2311 unquam

1985 1779 2079 1834 τοῦ
2116 1782 2215 1851 μὲν
2250 1781 2381 1834 ἰδεῖν
2411 1780 2480 1834 τά
2508 1779 2687 1849 ἀγαθά
2711 1780 2810 1850 τὴν
2836 1780 3130 1850 ἐπιθυμίαν
3155 1780 3331 1850 ἔσχον,
3356 1784 3452 1836 καὶ
3473 1783 3580 1837 οὐκ

1987 1873 2197 1942 ἀνῆκαν
2227 1869 2612 1942 ἐπιζητοῦντες
2644 1870 2741 1942 τὴν
2766 1871 3085 1942 ἐπουράνιον
3111 1872 3363 1943 πατρίδα,
3389 1873 3581 1938 καθώς

1989 1980 2153 2034 φησιν
2198 1966 2226 2017 ὁ
2272 1963 2620 2027 Ἀπὸστολοςσ
2656 1962 2772 2017 ἀλλ’
2810 1963 2960 2033 ὅμως
3003 1964 3062 2017 ἐν
3104 1964 3182 2036 τῷ
3224 1963 3468 2029 ἐλπίζειν
3495 1965 3582 2021 ἔτι

1988 2054 2087 2126 τὴν
2117 2055 2277 2127 χάριν
2308 2054 2439 2117 εἰσὶ,
2458 2054 2550 2107 τοῦ
2579 2053 2714 2107 Θεοῦ
2738 2054 2985 2126 κρεῖττόν
3011 2072 3063 2108 τι
3094 2056 3222 2127 περὶ
3251 2055 3409 2126 ἡμῶν
3442 2073 3580 2128 προ-

1990 2147 2349 2217 ϐλεψαμένου,
2381 2145 2525 2200 κατά
2539 2146 2636 2219 τὴν
2656 2145 2749 2201 τοῦ
2769 2146 2982 2201 Παύλου
3009 2148 3214 2219 φωνήν·
3245 2167 3264 2199 ‹
3287 2150 3408 2202 Ἵνα
3440 2148 3539 2221 μὴ,
3554 2167 3576 2201 r

1992 2238 2146 2308 φησὶ,
2176 2238 2377 2309 «χωρὶς
2403 2236 2560 2309 ἡμῶν
2582 2236 2959 2294 τελειωθῶσιν.
2984 2258 3002 2292 ι

305 2344 581 2399 caelestem
642 2341 873 2411 patriam
919 2353 1164 2410 quaerere
1225 2338 1559 2402 desinerent,
1610 2344 1670 2391 ut
1725 2334 2019 2419 Apostolus
2082 2334 2342 2403 loquitur,
2411 2340 2596 2388 tamen
2657 2333 2838 2389 adhuc
2887 2335 3052 2390 etiam
3107 2352 3335 2393 necesse
3375 2337 3586 2394 habent

305 2433 548 2488 divinum
578 2430 711 2486 illud
740 2447 941 2486 munus
983 2438 1300 2500 exspectare
1328 2426 1439 2483 Deo
1475 2427 1781 2482 commodis
1827 2425 2029 2481 nostris
2074 2426 2131 2479 in
2168 2426 2271 2479 hoc
2313 2425 2547 2497 benigne
2580 2426 2972 2497 prospiciente,
3025 2436 3083 2489 ut
3116 2428 3323 2487 Paulus
3356 2429 3581 2501 quidem

310 2525 404 2589 ait,
435 2541 454 2575 ι
490 2538 559 2579 ne
594 2523 713 2577 sine
738 2521 897 2576 nobis
916 2519 1309 2590 perfectionem
1338 2518 1712 2588 apiscerentur
1744 2536 1767 2568 ι

386 2688 443 2742 Si
480 2660 645 2759 igitur
690 2686 767 2741 llli
801 2702 1012 2744 moram
1058 2688 1201 2744 hanc
1254 2689 1484 2746 libenter
1535 2689 1740 2756 lerunt,
1797 2688 1889 2759 qui

315 2782 501 2836 multis
526 2783 689 2836 etiam
721 2781 936 2838 saeculis
983 2797 1086 2839 nos
1127 2790 1549 2853 praecesserunt,
1594 2790 1758 2854 atque
1801 2784 1890 2839 illa

315 2875 454 2929 bona
481 2875 597 2931 sola
631 2874 736 2931 lide
762 2890 827 2931 ac
856 2890 953 2945 spe
990 2876 1293 2938 intuentur,
1318 2876 1484 2946 inque
1517 2875 1598 2931 eis
1636 2877 1875 2948 acquies

2068 2688 2131 2742 Εἰ
2162 2683 2255 2741 οὖν
2281 2687 2480 2739 ἐκεῖνοι
2507 2686 2729 2757 φέρουσι
2759 2687 2857 2757 τὴν
2888 2686 3162 2759 ἀναϐολὴν
3187 2689 3236 2740 oi
3276 2686 3585 2760 πόρρωθεν,

1994 2779 2083 2833 διὰ
2111 2778 2277 2849 μόνης
2305 2777 2541 2840 πίστεως
2571 2777 2664 2829 καὶ
2686 2776 2787 2846 τῆς
2823 2776 3037 2841 ἐλπίδος
3064 2777 3261 2842 ἰδόντες
3283 2778 3353 2831 τά
3378 2778 3584 2847 ἀγαθὰ,

1995 2870 2091 2924 καὶ
2124 2868 2522 2939 ἀσπασάμενοι,
2567 2865 2750 2931 καθὼς
2784 2871 3102 2940 μαρωρεῖὁ
3143 2869 3485 2933 Ἀπόστολος,
3523 2868 3586 2923 τδ

313 2972 477 3025 cunt,
512 2965 777 3037 Apostolo
820 2972 962 3021 teste
1002 2984 1015 3020 :
1060 2975 1213 3023 certo
1257 2967 1360 3023 sibi
1390 2967 1711 3037 pollicentes
1754 2967 1843 3022 [Ol'l

2071 2964 2236 3034 φαλές
2259 2965 2355 3035 τῆς
2384 2962 2493 3016 τῶν
2517 2962 2875 3017 ἐλπισθέντων
2908 2962 3262 3027 ἀπολαύσεως
3294 2964 3352 3016 ἐν
3384 2961 3465 3032 τῷ
3497 2979 3585 3015 m-

314 3070 375 3117 ut
413 3061 651 3131 speratis
695 3061 856 3117 bonis
890 3060 1170 3126 fruantur,
1202 3078 1328 3117 eum
1381 3062 1546 3116 lidum
1587 3062 1737 3115 illum
1770 3076 1894 3117 esse

316 3162 581 3217 statuant,
610 3152 704 3224 qui
738 3168 802 3209 ea
828 3154 1082 3223 promisit
1115 3172 1128 3208 :
1159 3154 1288 3224 quid
1326 3169 1427 3209 nos
1460 3152 1680 3207 tandem
1715 3151 1896 3207 facere

313 3260 530 3316 aequum
566 3251 669 3306 est,
712 3258 949 3315 quorum
981 3245 1230 3298 nonnulli
1265 3245 1345 3298 sie
1379 3245 1656 3307 vixerunt,
1693 3251 1753 3298 ut
1782 3257 1893 3298 me—

317 3337 454 3390 liora
486 3336 587 3391 sibi
622 3349 717 3406 spe
754 3334 1000 3404 polliceri
1032 3335 1123 3389 vix
1156 3334 1433 3388 habeant?
1471 3333 1642 3388 Etiam
1678 3333 1896 3388 Davidaa

316 3428 457 3483 vatis
483 3428 702 3482 animus
736 3442 803 3482 ex
855 3427 1063 3498 ingenti
1108 3425 1413 3497 cupiditate
1450 3425 1670 3481 defecit.
1706 3424 1896 3495 Itaque

316 3521 461 3576 hanc
490 3521 709 3597 amoris
756 3528 811 3576 et
837 3519 1095 3576 desiderii
1138 3520 1479 3575 allectionem
1525 3518 1643 3589 ipse
1686 3520 1802 3574 suis
1838 3519 1894 3573 in

317 3611 535 3682 hymnis
566 3609 787 3677 fatetur,
815 3626 940 3664 cum
975 3610 1153 3681 inquit
1177 3611 1249 3675 ⁸η,
1274 3625 1472 3681 magno
1503 3625 1562 3664 se
1587 3610 1761 3664 teneri
1802 3608 1899 3665 de-

318 3702 543 3766 siderio,
572 3708 736 3771 atque
768 3702 933 3756 etiam
985 3703 1232 3755 animum
1272 3716 1386 3770 prae
1426 3700 1610 3756 studio
1641 3699 1895 3758 deﬁcere.

317 3808 429 3863 quo
458 3807 580 3847 esse
614 3792 669 3845 in
712 3791 932 3860 palatiis
963 3789 1175 3844 Domini
1228 3789 1415 3859 cupiat
1446 3806 1460 3842 :
1498 3790 1712 3846 etiamsi
1750 3788 1899 3843 futu-

318 3899 441 3937 rum
470 3885 542 3938 sit
570 3891 631 3936 ut
662 3882 716 3935 in
748 3882 1007 3936 extremis
1036 3882 1351 3951 abjiciatur.
1388 3881 1574 3950 Longe
1600 3882 1745 3937 enim
1780 3897 1898 3935 ma—

316 3976 409 4046 jus
432 3982 597 4045 atque
622 3973 925 4043 optabilius
958 3988 1104 4039 esse,
1136 3974 1261 4028 istic
1291 3974 1345 4027 in
1377 3974 1639 4029 extremis
1661 3974 1896 4036 censeri,

319 4082 484 4135 quam
518 4066 574 4119 in
612 4064 826 4120 vitiosis
855 4065 1019 4133 hujus
1042 4065 1165 4119 vitae
1204 4065 1455 4119 tenloriis
1484 4064 1567 4119 vel
1596 4063 1897 4133 principem

319 4157 499 4211 locum
541 4156 806 4212 obtinere.
838 4156 1207 4211 Nihilominus
1245 4170 1455 4210 moram
1504 4154 1733 4218 ferebat,
1772 4169 1896 4208 cum

317 4248 486 4303 vitam
511 4248 730 4319 quidem
765 4249 914 4302 illam
948 4255 1007 4301 ut
1043 4248 1254 4302 beatam
1292 4244 1636 4315 praedicaret,
1671 4244 1900 4314 ejusque

1998 3057 2119 3110 στὸν
2158 3055 2467 3127 ἡγήσασθαι
2495 3055 2587 3108 τὸν
2616 3054 3082 3125 ἐπαγγειλάμενον
3117 3054 3362 3125 θέμενοι·
3396 3053 3451 3106 τί
3479 3053 3588 3124 χρὴ

1996 3148 2256 3219 πράττειν
2284 3148 2410 3211 τοὺς
2433 3145 2660 3210 πολλοὺς
2683 3147 2716 3218 ἡ
2724 3148 2849 3217 μᾶς,
2873 3140 2956 3209 οἷς
2982 3146 3143 3216 τυχὸν
3168 3144 3289 3198 οὐδὲ
3309 3145 3343 3215 ἡ
3365 3142 3503 3215 πρὸς
3524 3143 3587 3197 τὸ

1996 3241 2242 3309 κρεῖττον
2273 3237 2426 3302 ἐλπὶς
2464 3240 2528 3291 ἐκ
2569 3237 2676 3291 τῶν
2717 3237 3065 3309 βεϐιωμένων
3112 3237 3294 3301 ἐστίνς
3336 3236 3586 3301 Ἐξέλιπε

1996 3330 2062 3383 δι’
2091 3328 2383 3399 ἐπιθυμίας
2427 3330 2569 3401 καὶὴ
2591 3329 2681 3385 τοῦ
2706 3331 2995 3402 Προφήτου
3020 3328 3187 3400 ψυχὴ.
3219 3330 3314 3383 καὶ
3333 3328 3596 3398 ὁμολογεῖ

1997 3418 2086 3471 διὰ
2112 3418 2213 3488 τῆς
2235 3417 2554 3490 ψαλμῳδίας
2588 3418 2650 3471 τὸ
2676 3420 2937 3491 ἐρωτικὸν
2975 3421 3131 3474 τοῦτο
3162 3419 3359 3484 πάθος.
3388 3422 3584 3473 ἐπιποι-

2000 3507 2114 3562 θείν
2145 3509 2319 3578 λέγων
2346 3511 2440 3563 καὶ¹
2474 3509 2748 3564 ἐκλείπειν
2794 3510 2961 3564 αὐτοῦ
3003 3511 3103 3584 τὴν
3135 3511 3315 3583 ψυχὴν
3334 3552 3349 3576 ,
3384 3513 3440 3565 ἐν
3465 3513 3590 3575 ταῖς

1999 3600 2189 3663 αὐλαῖς
2208 3599 2302 3653 τοῦ
2326 3600 2531 3672 Κυρίου
2560 3600 2832 3667 γενέσθαι,
2864 3600 2968 3655 κᾶν
2990 3601 3050 3655 ἐν
3070 3604 3185 3665 τοῖς
3213 3601 3465 3672 ἐσχάτοις
3492 3601 3589 3673 δέῃ

1999 3693 2520 3765 παραρῥιπτεῖσθαι,
2552 3692 2629 3756 ὡς
2665 3691 2844 3762 μεῖζον
2888 3692 2948 3747 ὃν
2975 3693 3067 3747 καὶ
3108 3693 3501 3765 προτιμότερον
3524 3692 3589 3746 τδ

2000 3784 2060 3837 ἐν
2110 3785 2342 3847 ἐκείνοις
2385 3783 2613 3853 ἔσχατον
2666 3778 2836 3848 εῖναι,
2882 3784 2976 3839 τοῦ
3026 3785 3327 3856 πρωτεύειν
3366 3787 3425 3838 ἐν
3474 3788 3589 3849 τοῖς

2000 3876 2345 3947 ἁμαρτωλοῖς
2382 3875 2477 3928 τοῦ
2512 3876 2627 3946 βίου
2664 3875 3037 3949 σκηνώμασιν.
3091 3878 3234 3930 Ἀλλ’
3266 3879 3415 3949 ὅμως
3439 3878 3582 3949 ἠνεί-

2000 3984 2125 4039 χετο
2143 3969 2239 4038 τῆς
2268 3968 2302 4021 α
2315 3968 2555 4040 δαϐολῆς,
2579 3969 2897 4042 μακαρίζων
2916 3969 3013 4040 μὲν
3033 3970 3132 4041 τὴν
3151 3971 3270 4023 ἐκεῖ
3288 3970 3589 4041 διαγωγὴν,

2002 4058 2097 4110 καὶ⁸
2132 4057 2231 4129 τὴν
2268 4059 2326 4110 ὲν
2349 4058 2543 4130 βραχεί
2574 4062 2864 4131 μετουσίαν
2892 4062 3143 4133 χιλιάδων
3167 4064 3360 4136 χρόνου
3392 4082 3587 4136 προτι-

2006 4148 2238 4218 μοτέραν
2258 4149 2599 4221 ποιούμενοςο
2631 4171 2648 4201 ι
2674 4154 2961 4223 Κρεῖσσον,
2979 4172 2997 4205 ι
3023 4155 3206 4225 φησὶν,
3237 4174 3255 4205 ι
3273 4154 3456 4225 ἡμέρα
3488 4156 3591 4226 μία

2003 4240 2061 4292 ἐν
2088 4229 2208 4303 ταῖς
2235 4241 2427 4305 αύλαίς
2462 4259 2554 4295 σου
2584 4243 2723 4315 ὑπὲρ
2749 4243 3022 4314 χιλιάδας
3046 4264 3064 4296 ›
3094 4245 3208 4299 ἀλλ’
3240 4247 3340 4300 οὐκ
3366 4246 3589 4318 ἐδυσχέ-

320 4340 403 4395 vel
431 4340 816 4395 brevissimum
861 4338 1098 4393 fructum
1148 4337 1379 4406 tempori
1416 4336 1613 4391 millies
1644 4336 1843 4406 amplio

2068 4349 2151 4385 ,tvs
2181 4335 2246 4405 τῇ
2275 4334 2550 4406 ἀναγκαία
2585 4338 2712 4406 περὶ
2736 4336 2842 4389 τῶν
2866 4336 3036 4391 ὄντων
3064 4338 3366 4411 οἰκονομίᾳ,
3400 4340 3594 4393 ἱκανόν

320 4431 617 4486 anteferret
666 4431 767 4500 (sic
811 4430 957 4483 enim
1004 4429 1249 4497 loquitur
1293 4446 1306 4480 :
1349 4446 1367 4478 ι
1416 4424 1603 4480 Potior
1653 4435 1736 4481 est
1779 4424 1896 4483 dies

324 4538 467 4576 unus
496 4522 549 4573 in
573 4520 914 4590 palatiistuis
933 4536 1094 4589 quam
1118 4519 1288 4573 multa
1303 4518 1533 4573 aliorum
1567 4519 1733 4573 millia
1758 4519 1804 4551 ⁸³
1826 4518 1893 4589 ι),

320 4610 544 4666 minime
590 4616 772 4663 tamen
815 4608 864 4663 ei
918 4609 1206 4673 molestum
1243 4615 1422 4670 esset,
1470 4620 1561 4662 res
1610 4606 1898 4661 universas

320 4712 471 4757 certo
509 4699 603 4754 Dei
635 4700 866 4757 consilio
897 4697 1289 4754 administrari.
1334 4698 1595 4768 Adeoque
1628 4699 1764 4754 satis
1795 4698 1897 4751 hoc

319 4810 444 4851 esse
484 4792 553 4849 ad
590 4791 906 4849 beatitatem
944 4791 1259 4846 hominibus
1298 4789 1673 4852 existimabat,
1715 4789 1760 4843 si
1799 4789 1897 4843 ho—

319 4889 411 4944 nis
448 4887 573 4944 istis
595 4885 681 4941 vel
715 4883 882 4938 animi
911 4898 1008 4952 spe
1037 4884 1230 4938 saltem
1263 4881 1544 4943 incubent,
1570 4888 1899 4951 quapropter

321 4983 379 5036 in
407 4989 651 5037 extremo
682 4978 757 5031 ait
783 4994 796 5030 :
832 4994 851 5028 ι
881 4975 1128 5037 Domine,
1161 4975 1251 5044 qui
1285 4973 1424 5029 Deus
1447 4988 1506 5028 es
1530 4973 1896 5039 exercituum,

320 5086 483 5143 quam
505 5070 696 5126 beatus
715 5076 798 5124 est
814 5068 903 5138 qui
932 5081 1082 5136 spem
1103 5065 1155 5118 in
1173 5074 1225 5120 te
1241 5080 1394 5120 suam
1416 5064 1677 5120 collocat!
1712 5083 1730 5115 ι
1757 5063 1899 5133 Ergo

324 5181 391 5218 ne
424 5177 526 5218 nos
558 5160 779 5231 quidem
807 5165 1023 5214 nosmet
1055 5155 1374 5211 aﬂlictemus
1400 5157 1470 5211 ob
1499 5156 1749 5226 exiguam
1781 5170 1899 5210 mo-

321 5268 463 5316 ram,
502 5266 611 5321 qua
646 5251 880 5322 speratis
935 5249 1043 5304 illis
1080 5247 1239 5303 bonis
1285 5246 1584 5302 carendum
1622 5254 1708 5303 est
1742 5263 1756 5301 :
1800 5261 1899 5316 po-

321 5345 543 5413 tiusque
569 5344 716 5397 omni
749 5342 934 5398 studio
963 5341 1156 5396 demus
1187 5354 1431 5409 operam,
1471 5356 1541 5395 ne
1573 5338 1899 5394 nostracul-

322 5452 386 5509 pa
415 5449 601 5490 eorum
640 5450 736 5505 spe
767 5434 1105 5492 excidamus.
1141 5432 1611 5500 Quemadmodum
1642 5432 1811 5498 enim,
1846 5433 1893 5486 si

1998 4440 2057 4475 τε
2091 4425 2168 4486 εἰς
2203 4425 2549 4495 μακαρισμὸν
2593 4422 2731 4495 ᾤετο
2760 4429 2874 4491 τοῖς
2926 4427 3235 4500 ἀνθρώποις
3279 4430 3373 4483 καὶ
3418 4431 3480 4484 τὸ
3516 4431 3595 4484 δι’

1998 4514 2214 4579 ἐλπίδος
2263 4515 2406 4586 ἔχειν
2451 4516 2520 4571 τὰ
2570 4519 2769 4586 ἀγαθά.
2825 4520 2915 4573 Διό
2972 4537 3138 4590 φησιν
3179 4521 3272 4574 ἐπὶ
3303 4520 3447 4575 τέλει
3487 4523 3593 4593 τῆς

1997 4607 2314 4679 ψαλμῳδίας
2334 4625 2348 4639 ο
2390 4628 2408 4660 ι
2437 4609 2608 4681 Κύριε
2631 4613 2659 4664 ὀ
2686 4612 2817 4676 Θεὸς
2837 4612 2947 4665 τῶν
2974 4613 3278 4684 δυνάμεων,
3315 4615 3595 4687 μακάριος

1999 4698 2288 4771 ἄνθρωπος
2333 4702 2363 4754 ὁ
2399 4700 2633 4764 ἐλπίζων
2663 4703 2757 4755 ἐπὶ
2787 4703 2866 4757 σέ.
2895 4723 2913 4754 ι
2949 4705 3024 4758 Ού
3068 4705 3247 4758 τοίνυν
3285 4707 3407 4760 οὐδὲ
3435 4710 3595 4778 ἡμᾶς

2001 4791 2451 4862 στενοχωρεῖσθαι
2489 4792 2597 4865 χρὴ
2626 4794 2755 4864 περὶ
2780 4796 2881 4866 τῆς
2921 4797 2979 4848 ἐν
3011 4795 3203 4867 βραχεῖ
3231 4797 3338 4850 τῶν
3369 4797 3596 4863 ἐλπιζο-

2003 4883 2182 4954 μένων
2230 4882 2532 4954 ἀναϐολῆς,
2567 4885 2682 4939 ἀλλ’
2711 4887 2858 4950 ὅπως
2897 4888 2962 4941 ἂν
3018 4888 3092 4960 μὴ
3141 4889 3438 4958 ἀπόϐλητοι
3477 4891 3595 4945 τῶν

2001 4975 2371 5045 ἐλπιζομένων
2397 4978 2689 5049 γενοίμεθα
2709 5020 2724 5043 ,
2773 4980 2872 5051 τὴν
2902 4981 3138 5053 σπουδὴν
3170 4982 3334 5053 ἔχειν.
3371 4984 3547 5057 Ὣσπε
3558 5004 3595 5058 ρ

2002 5067 2109 5138 γάρ
2130 5067 2291 5131 εἴτις
2330 5068 2580 5140 προείποι
2617 5070 2723 5123 τινὶ
2751 5070 2858 5123 τῶν
2890 5072 3261 5145 ἀπειροτέρων
3281 5113 3297 5138 ,
3327 5074 3409 5127 ὅτι
3447 5078 3597 5131 κατά

1999 5159 2091 5213 τὸν
2114 5159 2306 5231 καιρὸν
2337 5159 2431 5213 τοῦ
2468 5160 2658 5230 θέρους
2677 5162 2711 5232 ἡ
2736 5161 2845 5215 τῶν
2882 5164 3112 5235 καρπῶν
3136 5166 3425 5235 γενήσεται
3463 5167 3581 5220 συλ-

2000 5248 2165 5320 λογὴ,
2199 5249 2295 5303 καὶ
2320 5250 2547 5322 πλήρεις
2595 5251 2694 5322 μὲν
2735 5253 2792 5305 αἱ
2844 5253 3121 5324 ἀποθῆκαι
3142 5293 3158 5319 ,
3192 5255 3366 5325 μεστὴ
3395 5255 3455 5310 δὲ
3479 5256 3600 5311 τῶν

2000 5340 2278 5412 ἐδωδίμων
2311 5343 2344 5414 ἡ
2391 5344 2641 5414 τράπεζα
2672 5343 2750 5415 τῷ
2780 5348 2880 5417 τῆς
2904 5346 3159 5417 εὐθηνίας
3185 5344 3339 5400 ἔσται
3373 5348 3558 5421 καιρῷ
3580 5369 3599 5384 ·

2007 5433 2232 5503 μάταιος
2262 5434 2328 5487 ἂν
2352 5435 2439 5508 εἴη
2472 5438 2501 5490 ὁ
2530 5437 2870 5491 ἐπισπεύδων
2903 5438 2998 5494 τοῦ
3029 5438 3221 5510 καιροῦ
3253 5439 3355 5511 τὴν
3386 5458 3602 5514 παρου-

390 5610 435 5645 θί
470 5610 486 5663 Ι
526 5608 719 5665 Thess.
756 5625 829 5673 tv,
862 5608 945 5664 16.
1023 5610 1066 5642 ⁸³
1098 5609 1243 5666 Psal.
1282 5627 1509 5677 Lxxxnr,
1539 5611 1593 5667 2.
1670 5610 1717 5641 ⁸³
1747 5609 1881 5665 ibid.
1916 5611 2003 5667 ll.
