3794 6000
223 194 332 252 209

1513 198 1610 256 DE
1643 194 1929 258 HOMIle
1969 200 2294 258 οιιίιτιιλιο.

3383 204 3490 257 am

225 312 376 377 σίαν,
401 309 524 365 δέον
551 309 844 383 σπέρματα
880 313 1238 368 καταϐάλλειν
1282 317 1376 369 καὶ
1410 317 1476 370 δι’
1502 319 1817 388 ἐπιμελείας

1932 319 2048 388 quis
2094 319 2297 372 homini
2344 312 2598 386 praedicat
2651 312 2942 384 imperito,
2996 320 3206 372 aestatis
3253 323 3492 386 tempore

222 404 413 474 ἑαυτῷ
453 404 573 468 τοὺς
602 406 850 475 καρποὺς
879 404 1284 476 ἑτοιμάζεσθαι.
1322 408 1380 460 '0
1419 407 1517 478 μὲν
1553 409 1660 480 γάρ
1691 427 1815 462 και-

229 499 327 568 ρὸς
378 497 472 549 καὶ
502 494 830 566 βουλομένου
849 537 862 561 ,
893 500 988 551 καὶ
1030 499 1102 569 μὴ
1129 540 1143 564 ,
1183 501 1397 563 πάντως
1429 500 1570 554 κατὰ
1601 502 1691 556 τὸν
1731 520 1820 555 τε·

227 590 502 660 ταγμένον
530 591 882 661 ἐπιστήσεται
927 592 1139 662 χρόνον.
1172 592 1284 663 Ούχ
1323 594 1524 662 ὁμοίως
1559 593 1614 646 δὲ
1654 593 1814 646 αὑτὸν

228 681 476 747 ὄψονται,
504 682 534 734 ὅ
566 699 627 733 τε
665 681 1066 751 προετοιμάσας
1106 682 1282 752 ἑαυτῷ
1315 683 1413 753 τὴν
1457 683 1561 735 τῶν
1591 684 1819 751 καρπῶν

228 771 495 839 ἀφθονίαν
519 814 534 836 ,
571 772 663 824 καὶ
714 775 742 825 6
795 772 976 844 πάσης
1016 775 1370 845 παρασκευῆς
1414 775 1616 844 ἕρημος
1653 792 1822 828 κατα-

229 862 469 931 λειφθεὶς
506 863 613 915 ὑπὸ
643 863 740 933 τῆς
780 863 947 936 ὥρας.
979 864 1166 928 Οῦτως
1192 864 1342 936 οἶμαι
1367 867 1476 920 δεῖν
1499 907 1513 930 ,
1553 866 1816 938 προδήλου

232 953 367 1004 πᾶσι
397 951 485 1004 διὰ
507 952 602 1004 τοῦ
633 951 1154 1024 θείου·κηρύγματος
1181 955 1356 1020 ὄντος,
1387 955 1468 1008 ὅτι
1496 957 1816 1024 ἐνστήσεται

230 1040 334 1108 τῆς
364 1041 666 1111 ἐναλλαγῆς
702 1044 731 1094 6
777 1043 966 1113 καιρὸς
989 1083 1004 1105 ,
1039 1045 1113 1114 μὴ
1152 1045 1375 1114 χρόνους
1421 1045 1814 1116 πολυπραγμο-

232 1136 348 1184 νεῖν
384 1133 537 1201 (οὐδὲ
571 1133 680 1202 γὰρ
721 1133 879 1203 ἡμῶν
913 1130 1065 1186 εἶπεν
1095 1130 1232 1187 εἶναι
1268 1136 1329 1187 τὸ
1356 1137 1580 1205 καιροὺς
1611 1137 1814 1204 γνῶναι

233 1225 330 1276 καὶ
359 1225 631 1295 χρόνους),
655 1224 790 1295 μηδὲ
815 1224 1107 1296 λογισμούς
1139 1243 1290 1288 τινας
1314 1227 1624 1296 ἀναζητεῖν,
1643 1225 1713 1278 δι’
1740 1219 1815 1279 ὧν

230 1312 511 1381 σαθρὼτει
549 1330 633 1375 τις
660 1313 760 1383 τὴν
793 1313 968 1384 ψυχὴν
1013 1314 1140 1383 περὶ
1181 1314 1280 1384 τὴν
1319 1314 1514 1367 ἐλπίδα
1550 1315 1650 1385 τῆς
1680 1315 1815 1366 ἀνα-

233 1405 477 1468 στάσεως
503 1421 516 1434 ·
562 1403 699 1456 ἀλλὰ
743 1406 808 1474 τῇ
859 1405 1038 1458 πίστει
1069 1404 1178 1458 τῶν
1222 1406 1686 1476 προσδοκωμένων
1717 1408 1814 1458 ἑπ-

229 1492 594 1562 ερειδόμενον,
623 1492 712 1545 διὰ
737 1494 835 1562 τῆς
857 1493 1073 1566 ἀγαθῆς
1109 1495 1381 1560 πολιτείας
1401 1496 1496 1566 τὴν
1521 1496 1815 1566 μέλλουσαν

233 1583 391 1652 χάριν
421 1583 953 1655 προεμπορεύεσθαι.

1923 409 2134 463 fructus
2176 407 2510 477 colligendos
2558 421 2702 468 esse,
2757 420 2820 459 ac
2862 406 3058 461 deinde
3122 424 3247 461 cum
3297 409 3490 462 horrea

1923 499 2099 567 plena,
2131 508 2243 552 tum
2277 498 2414 552 cibis
2448 511 2691 551 mensam
2727 496 2891 550 ubere
2924 496 3015 550 illo
3049 505 3292 566 tempore
3325 498 3493 554 refcr-

1923 602 2033 644 tam
2066 589 2215 652 fore;
2262 588 2472 642 fatuum
2513 602 2639 643 esse
2675 601 2901 642 necesse
2949 587 3040 646 sit.
3081 587 3173 655 qui
3211 589 3391 641 statim
3442 589 3493 642 id

1923 689 2136 750 tempus
2175 687 2412 749 exoptet,
2455 694 2579 732 cum
2625 691 2862 732 necesse
2897 677 2968 732 sit
3015 677 3167 747 prius
3199 685 3495 732 sementem

1922 772 2123 834 facere,
2171 768 2475 839 magnaque
2508 769 2780 824 industria
2831 768 3046 822 fructus
3097 770 3242 836 ipsos
3281 783 3493 839 parare.

1921 861 2160 932 Tempus
2190 862 2410 931 quidem
2441 869 2492 915 te
2522 862 2604 915 vel
2637 861 2871 925 volente,
2899 860 2983 914 vel
3015 861 3206 925 invito,
3244 876 3365 914 cum
3412 875 3500 913 rc-

1917 970 2038 1008 rum
2075 954 2210 1008 ordo
2258 953 2574 1022 postulabit,
2621 951 2816 1006 aderit.
2872 951 2996 1004 Pari
3052 961 3234 1006 autem
3287 953 3499 1006 ratione

1919 1045 2210 1100 adventum
2241 1044 2363 1112 ejus
2412 1058 2520 1096 non
2553 1042 2851 1110 excipient,
2908 1056 3031 1094 cum
3072 1042 3117 1096 is
3159 1043 3252 1110 qui
3283 1041 3500 1095 uberri-

1917 1153 2062 1190 mam
2117 1137 2221 1191 sibi
2269 1135 2547 1189 I‘ructuum
2599 1133 2809 1202 cepiam
2860 1132 3044 1186 studio
3109 1147 3210 1187 suo
3263 1133 3496 1200 paravit,

1918 1238 2030 1280 tum
2079 1224 2172 1294 qui
2207 1237 2237 1277 a
2281 1238 2466 1277 rerum
2504 1219 2943 1276 necessariarum
2979 1227 3240 1288 apparatu
3288 1217 3496 1269 instru-

1915 1326 2037 1372 ctus
2084 1331 2192 1370 non
2238 1322 2344 1369 est.
2382 1313 2474 1367 Sic
2520 1311 2770 1382 equidem
2827 1318 3028 1373 statuo,
3072 1323 3197 1364 cum
3245 1307 3499 1360 omnibus

1915 1415 2105 1462 notum
2151 1407 2223 1461 sit
2258 1421 2326 1460 ex
2354 1404 2558 1458 divinis
2603 1402 2864 1465 oraculis,
2915 1400 3030 1454 fore
3076 1408 3291 1469 tempus
3323 1398 3500 1466 quod-

1915 1498 2063 1562 dam,
2099 1511 2210 1567 quo
2238 1511 2328 1551 res
2359 1509 2555 1549 omnes
2584 1492 3072 1548 commutabuntur
3100 1510 3112 1545 :
3149 1506 3258 1544 non
3281 1491 3499 1544 curiose

1915 1591 1972 1644 in
2003 1597 2283 1645 momenta
2313 1595 2623 1658 temporum
2671 1600 2792 1641 esse
2827 1584 3216 1656 inquirendum
3253 1581 3499 1653 (quando

229 1677 603 1746 cognitionem
638 1678 832 1732 borum
877 1677 1141 1733 Dominus
1182 1681 1299 1750 ipse
1331 1683 1490 1737 nobis
1521 1683 1740 1753 ademit)
1787 1699 1964 1754 neque
2003 1683 2516 1739 ratiocinationibus
2546 1696 2767 1753 Operam
2795 1695 2918 1735 esse
2943 1680 3200 1743 dandam,
3231 1695 3329 1748 per
3361 1694 3500 1749 quas

229 1773 450 1826 animus
488 1773 544 1827 in
578 1788 674 1842 spe
701 1775 1125 1830 resurrectionis
1154 1755 1493 1841 debilitetu},
1535 1779 1632 1834 sed
1655 1778 1853 1835 debere
1881 1794 2330 1850 unumquemque
2358 1777 2584 1832 ﬁrmiter
2610 1776 2932 1830 innitentem
2961 1773 3104 1836 lidei,
3127 1787 3233 1843 qua
3259 1787 3348 1827 res
3379 1771 3500 1827 illas

231 1872 578 1934 exspectatas
610 1865 978 1935 amplectitur,
1009 1875 1157 1920 recta
1185 1867 1404 1923 vivendi
1431 1869 1644 1925 ratione
1677 1870 1925 1926 divinum
1956 1871 2093 1926 illud
2122 1869 2326 1925 donum
2358 1867 2519 1938 quasi
2557 1874 2901 1935 antecapere.

745 1981 1140 2037 ΚΕΦΑΛΑΙΟΝ
1177 1985 1306 2038 ΚΓ¹.

231 2090 356 2172 Ὄζι
402 2093 452 2172 ὁΔ
481 2090 600 2172 τὴν
630 2091 829 2172 ἀρχὴν
876 2092 987 2172 τῇς
1029 2093 1136 2172 τοῦ
1179 2093 1414 2172 κύρ-μορ
1459 2095 1817 2172 ἀναστάσεως

301 2162 634 2298 ἓιῆἓέρζὶὖν,
659 2163 996 2232 ἀναγκαίως
1019 2162 1118 2216 καὶ
1147 2163 1281 2232 περὶ
1305 2164 1411 2218 τοῦ
1433 2165 1648 2232 τέλους
1677 2182 1820 2220 συν-

299 2322 365 2376 Εξ
392 2323 451 2375 δέ
493 2340 578 2386 τις
609 2324 708 2396 τὴν
740 2324 835 2377 νῦν
881 2325 974 2378 τοῦ
1025 2325 1229 2397 κόσμου
1279 2328 1452 2399 φορὰν
1495 2327 1674 2400 εἱρμῷ
1713 2345 1818 2381 τινι

229 2408 625 2480 διεξαγομένην
655 2411 884 2481 βλέπων,
929 2412 994 2465 δι’
1039 2408 1104 2484 ἧς
1141 2415 1201 2466 τὸ
1245 2417 1492 2486 χρονικὸν
1534 2415 1819 2488 θεωρεῖται

232 2502 526 2573 διάστημα,
569 2504 642 2574 μὴ
684 2504 995 2574 ἐνδέχεσθαι
1038 2505 1186 2573 λέγοι
1223 2506 1320 2578 τὴν
1354 2508 1818 2579 προαγγελθείσαν

230 2596 340 2649 τῶν
370 2599 704 2668 κινουμένων
739 2597 926 2652 στάσιν
952 2600 1276 2670 γενήσεσθαι
1297 2618 1311 2631 ’
1343 2602 1498 2672 δῆλος
1528 2603 1555 2652 6
1579 2602 1818 2666 τοιοῦτός

230 2691 370 2754 ἐστι,
413 2690 551 2758 μηδὲ
589 2693 645 2742 ἐν
686 2690 827 2760 ἀρχῇ
876 2691 1204 2760 γεγενῆσθαι
1242 2693 1392 2763 παρὰ
1428 2692 1520 2745 τοῦ
1558 2692 1691 2745 Θεοῦ
1729 2693 1819 2746 τὸν

231 2775 459 2846 οὐρανὸν
498 2776 595 2829 καὶ
643 2777 742 2846 τὴν
792 2778 896 2847 γῆν
953 2779 1238 2834 πιστεύων.
1273 2781 1335 2834 '0
1377 2781 1483 2852 γὰρ
1529 2781 1701 2852 ἀρχὴν
1751 2783 1817 2852 τῇ

232 2868 442 2937 κινήσει
473 2866 670 2931 διδοὺς,
713 2869 812 2922 οὐκ
848 2869 1175 2939 ἀμφιϐάλλει
1203 2870 1422 2934 πάντως
1451 2873 1545 2924 καὶ
1578 2873 1703 2942 περὶ
1731 2872 1821 2924 τέ-

229 2957 388 3012 λους·
434 2951 530 3004 καὶ
561 2954 588 3004 6
621 2953 684 3006 τὸ
725 2954 876 3018 τέλος
933 2957 1008 3026 μὴ
1059 2958 1508 3028 προσδεχόμενος,
1559 2959 1680 3011 οὑδὲ
1722 2959 1819 3030 τὴν

229 3040 406 3112 ἀρχὴν
453 3043 804 3112 παρεδέξατο.
859 3046 996 3098 Ἀλλ’
1053 3048 1239 3119 ὥσπερ
1296 3049 1654 3120 κατηρτίσθαι
1695 3052 1820 3112 τοὺς

231 3134 435 3195 αἰῶνας
479 3134 560 3205 τῷ
592 3138 798 3207 ῥήματι
847 3137 1074 3210 νοοῦμεν
1124 3140 1218 3193 τοῦ
1262 3141 1417 3208 Θεοῦ,
1452 3141 1819 3207 πιστεύοντες,

232 3223 416 3288 καθώς
462 3243 627 3296 φησιν
664 3229 693 3280 6
734 3229 1072 3294 Ἀπόστολος,
1113 3233 1177 3285 ὲκ
1207 3232 1314 3286 τῶν
1363 3233 1436 3304 μὴ
1483 3234 1821 3304 φαινομένων

2481 1979 2708 2037 CAPUT
2751 1977 2940 2033 XXIII.

1925 2098 2029 2166 Qui
2061 2099 2246 2152 mundi
2285 2093 2814 2166 originem__aliquqm
2843 2107 2957 2145 esse
2984 2089 3237 2156 fateatur,
3291 2107 3407 2144 eum
3447 2101 3498 2146 at

1991 2169 2148 2237 ﬁnem
2195 2169 2308 2237 ejus
2347 2161 2462 2235 fore
2497 2161 2807 2233 aliquando,
2849 2176 2953 2215 non
2982 2174 3131 2228 posse
3170 2176 3274 2214 non
3318 2177 3498 2214 concc-

1990 2239 2132 2292 dere.

1995 2330 2052 2384 Si
2084 2330 2209 2400 quis
2242 2336 2425 2383 autem
2469 2327 2692 2380 intuens
2735 2324 2790 2378 in
2826 2323 3016 2378 mundi
3064 2331 3269 2377 motum
3304 2322 3496 2375 ordine

1920 2423 2159 2493 quodam
2195 2419 2654 2490 progredientem,
2691 2431 2800 2487 quo
2850 2422 3157 2484 temporum
3205 2413 3494 2467 intervalla

1922 2522 2214 2570 notantur:
2239 2513 2356 2566 ﬁeri
2376 2523 2724 2580 nequaquam
2752 2521 2914 2577 posse
2932 2506 3100 2570 dicat,
3125 2513 3182 2558 ut
3205 2503 3498 2572 aliquando

1919 2621 2009 2660 res
2045 2603 2347 2660 secundum
2389 2601 2612 2655 oracula
2660 2599 2843 2653 divina
2876 2596 3084 2652 moveri
3118 2595 3414 2650 desinant:
3447 2593 3495 2647 is

1921 2714 1990 2753 ne
2011 2697 2210 2752 ccelum
2235 2693 2458 2764 quidem
2489 2707 2552 2746 ac
2576 2699 2777 2745 terram
2804 2688 2958 2741 initio
2987 2687 3298 2743 condidisse
3327 2685 3496 2740 Deum

1921 2787 2114 2844 credit.
2143 2783 2276 2838 Nam
2303 2783 2396 2853 qui
2429 2781 2642 2835 initium
2680 2776 2954 2848 quoddam
2991 2778 3043 2829 in
3079 2783 3228 2830 motu
3275 2776 3486 2839 statuit,

1923 2880 2083 2934 linem
2105 2877 2225 2946 ejus
2258 2875 2492 2943 aliquem
2521 2871 2636 2925 fore
2660 2886 2768 2924 non
2793 2869 3011 2922 dubitat
3041 2885 3051 2919 :
3083 2868 3306 2936 perinde
3335 2875 3498 2936 atque

1922 2969 2140 3024 initium
2169 2965 2380 3020 nullum
2413 2962 2668 3028 admittit,
2702 2960 2793 3030 qui
2829 2958 2988 3012 ﬁnem
3014 2973 3123 3012 non
3151 2957 3360 3012 statuit.
3389 2957 3498 3012 Nos

1923 3072 2128 3126 autem,
2179 3055 2646 3131 quemadmodum
2698 3053 2896 3109 szecula
2943 3051 3036 3106 Dei
3070 3052 3235 3107 verbo
3278 3051 3496 3105 condita

1924 3175 2049 3214 esse
2079 3154 2460 3225 intelligimus,
2503 3160 2668 3221 atque
2713 3151 2782 3206 de
2817 3151 2982 3206 rebus
3023 3164 3290 3218 nusquam
3334 3163 3500 3218 appa-

1923 3250 2195 3313 rentibus,
2245 3237 2312 3301 ut'
2356 3246 2652 3316 Apostolus
2688 3244 2764 3297 ait
2810 3243 2876 3308 ⁸⁸,
2923 3257 2986 3296 ea
3030 3256 3151 3311 quae
3200 3247 3500 3295 cernuntur

231 3316 299 3368 τὰ
325 3315 637 3387 βλεπόμενα
674 3321 984 3386 γεγονέναι·
1018 3325 1084 3393 τῇ
1119 3324 1254 3394 αὐτῇ
1295 3324 1474 3376 πίστει
1507 3325 1819 3396 χρησόμεθα

1932 3342 2070 3396 facta
2093 3344 2234 3395 'esse
2273 3338 2548 3394 credimus
2573 3357 2584 3392 :
2607 3335 2793 3390 eadem
2824 3336 3181 3404 persuasione
3211 3333 3314 3386 hoc
3336 3335 3497 3387 etiam

233 3407 361 3477 περὶ
407 3407 472 3460 τὸ
520 3409 672 3480 ῥῆμα
725 3412 817 3463 τοῦ
860 3412 1016 3478 Θεοῦ,
1069 3413 1164 3466 τοῦ
1207 3415 1312 3484 τὴν
1359 3417 1663 3484 ἀναγκαίαν
1714 3416 1822 3470 τῶν

233 3497 404 3550 ιὅντων
431 3499 622 3553 στάσιν
661 3503 1183 3573 προαγορεύσαντος.
1233 3506 1306 3558 Τὸ
1343 3506 1399 3559 δὲ
1440 3505 1575 3570 πῶς,
1615 3507 1824 3577 ἐξαιρε-

234 3588 354 3641 τέον
389 3590 494 3658 τῆς
531 3591 1057 3665 πολυπραγμοσύνης
1079 3613 1094 3625 ο
1150 3597 1243 3649 καὶ
1291 3596 1401 3667 γὰρ
1447 3599 1608 3650 κὰκεί
1644 3600 1822 3652 πίστει

236 3681 601 3750 κατηρτίσθαι
640 3683 699 3735 τὸ
743 3683 1071 3755 βλεπόμενον
1114 3689 1179 3740 ἐκ
1222 3687 1331 3742 τῶν
1379 3690 1601 3759 μηδέπω
1640 3707 1822 3757 φαινο-

197 3837 215 3856 ‘
239 3773 419 3840 μένων
445 3774 873 3844 κατεδεξάμεθα,
907 3778 1354 3849 παραδραμόντες
1384 3780 1493 3833 τῶν
1519 3781 1824 3849 ἀνεφίκτων

240 3864 334 3934 τὴν
365 3865 611 3936 ζήτησιν.
645 3867 836 3920 Καίτοι
875 3870 1003 3940 περὶ
1033 3869 1242 3922 πολλῶν
1269 3873 1403 3942 ἡμῖν
1437 3874 1465 3924 6
1506 3872 1661 3938 λόγος
1693 3872 1827 3924 ἀπο-

237 3959 354 4026 ρεῖν
403 3957 708 4023 ὑπετίθετο,
754 3960 816 4011 οὐ
872 3961 1072 4032 μικρὰς
1110 3963 1364 4033 παρέχων
1403 3963 1657 4033 ἀφορμάς
1690 3961 1824 4032 πρὸς

235 4045 336 4113 τὴν
363 4043 472 4097 τῶν
515 4047 963 4117 πεπιστευμένων
997 4050 1345 4120 ἀμφιϐολίαν.
1388 4051 1544 4122 Ἑξῆν
1581 4051 1690 4122 γὰρ
1727 4051 1825 4103 κά-

237 4137 324 4186 κεῖ
353 4137 469 4196 τοῖς
495 4136 788 4204 ἐριστικοῖς
818 4139 881 4190 ἐκ
909 4138 1016 4192 τῶν
1046 4140 1282 4208 εὐλόγων
1319 4140 1460 4194 κατὰ
1499 4141 1562 4193 τὸ
1602 4142 1826 4194 ἀκόλου-

239 4223 332 4274 θον
379 4224 705 4295 ἀνατρέπειν
754 4225 850 4296 τὴν
906 4227 1106 4293 πίστιν,
1163 4231 1298 4300 πρὸς
1349 4231 1410 4283 τὸ
1459 4231 1534 4302 μὴ
1586 4233 1824 4302 νομίζειν

239 4315 417 4384 ἀληθῆ
445 4317 538 4369 τὸν
572 4318 697 4389 περὶ
736 4320 832 4390 τῆς
861 4320 1050 4392 ὑλικῆς
1105 4324 1334 4386 κτίσεως
1370 4321 1510 4378 εἶναι
1555 4325 1743 4394 λόγον,
1767 4325 1826 4378 ὃν

238 4410 272 4476 ἡ
305 4408 439 4474 ἁγία
472 4408 764 4477 πρεσϐεύει
802 4411 842 4462 Γ
849 4412 1013 4483 ραφὴ,
1053 4414 1268 4468 πάντων
1294 4415 1400 4468 τῶν
1447 4415 1613 4469 ὄντων
1642 4417 1706 4469 ἐκ
1734 4415 1825 4469 τοῦ

237 4497 374 4551 θεοῦ
419 4495 561 4552 εἶναι
607 4501 1056 4576 διαϐεϐαιουμένη
1103 4505 1203 4576 τὴν
1247 4507 1477 4575 γένεσιν.
1517 4510 1577 4560 Ol
1611 4508 1718 4578 γὰρ
1749 4508 1827 4578 τῷ

238 4589 472 4659 ἐναντίῳ
513 4594 908 4662 παριστάμενοι
929 4593 1089 4665 λόγῳ,
1121 4598 1384 4651 ωναῖδιον
1424 4595 1562 4651 εἶναι
1596 4599 1674 4669 τῷ
1710 4599 1826 4669 Θεῷ

1929 3433 2024 3488 Dei
2072 3433 2303 3487 verbum
2350 3429 2768 3498 amplectemur,
2817 3441 2926 3494 quo
2989 3439 3076 3479 res
3130 3424 3414 3477 universas
3470 3440 3497 3475 a

1928 3533 2076 3578 motu
2113 3529 2427 3577 cessaturas
2462 3517 2781 3571 necessario
2809 3513 3080 3584 praedixit.
3111 3512 3496 3565 Curiositatem

1927 3615 2142 3684 quidem
2186 3619 2450 3673 nostram,
2482 3609 2850 3678 inquirentem
2891 3606 2985 3672 qui
3020 3606 3122 3657 hoc
3151 3603 3267 3658 ﬁeri
3302 3603 3496 3671 possit,

1926 3705 2040 3758 tolli
2075 3707 2314 3772 Oportet.
2347 3699 2479 3752 Nam
2512 3705 2565 3752 et
2599 3696 2723 3750 istic
2759 3694 2964 3749 omissa
2998 3708 3204 3756 rerum,
3238 3707 3376 3761 quas
3415 3691 3500 3744 in-

1927 3791 2176 3861 dagando
2224 3786 2692 3857 comprehendere
2734 3799 2843 3837 non
2893 3797 3212 3853 possumus,
3267 3780 3500 3850 inquisi-

1926 3885 2074 3938 tione
2111 3900 2126 3936 ι
2163 3880 2473 3934 indubitata
2513 3877 2872 3948 persuasione
2905 3890 2995 3930 res
3032 3889 3304 3946 nusquam
3335 3887 3501 3943 appa-

1878 4003 1887 4011 -
1928 3985 2111 4032 rentes
2157 3973 2408 4028 conditas
2453 3973 2772 4033 statuimus,
2811 3976 2871 4023 ut
2896 3967 3094 4024 deinde
3119 3975 3497 4023 cernerentur.

1927 4068 2089 4138 Atqui
2116 4081 2224 4120 non
2255 4078 2428 4136 pauca
2463 4073 2590 4119 sunt
2619 4077 2740 4132 quae
2780 4060 2941 4116 nobis
2965 4059 3311 4114 occasionem
3344 4058 3502 4113 dubi-

1926 4160 2079 4214 tandi
2118 4157 2356 4229 praebere
2401 4156 2648 4226 possint,
2693 4154 2869 4223 deque
2915 4153 2982 4207 iis
3029 4152 3190 4206 etiam
3227 4168 3346 4224 qua:
3374 4165 3500 4206 vera

1928 4250 2207 4305 credimus
2249 4247 2583 4317 ambigendi.
2625 4245 2759 4298 Nam
2795 4253 2847 4298 et
2880 4244 2932 4296 in
2969 4243 3218 4296 doctrina
3264 4244 3330 4297 de
3376 4253 3498 4297 ortu

1928 4355 2110 4395 rerum
2167 4336 2529 4392 contentiosis
2579 4333 2812 4404 ingeniis
2858 4331 3110 4384 nonnihil
3173 4341 3341 4394 esset,
3389 4349 3499 4404 quo

1928 4431 2010 4487 eis
2058 4430 2376 4484 subvertere
2402 4427 2470 4481 de
2509 4424 2835 4480 collectione
2864 4421 3245 4476 verisimilium
3277 4438 3503 4492 persua-

1929 4520 2138 4574 sionem
2173 4526 2417 4570 nostram
2465 4514 2671 4576 liceret,
2706 4519 2762 4564 ut
2807 4525 2914 4565 non
2951 4511 3113 4581 plane
3150 4527 3338 4566 verum
3379 4530 3502 4569 esse

1930 4610 2276 4662 crederemus
2327 4605 2380 4657 id
2426 4602 2571 4673 quod
2621 4599 2808 4655 estde
2865 4602 3145 4655 creatione
3190 4617 3372 4656 rerum
3435 4621 3500 4660 ex

238 4680 338 4750 τὴν
387 4679 522 4749 ὓλην
569 4684 1078 4753 κατασκευάζουσι,
1126 4689 1384 4752 τοιούτοις
1437 4691 1819 4761 ἐπιχειρήμασι

1932 4697 2154 4750 materie
2202 4694 2573 4749 constantinum
2607 4689 2776 4744 divini
2824 4688 3153 4742 auctoritate
3190 4691 3342 4745 verbi
3389 4699 3500 4743 tra-

241 4772 378 4842 πρὸς
404 4771 466 4824 τὸ
493 4772 672 4842 δόγμα
698 4773 1000 4846 χρώμενοι*
1032 4779 1096 4829 Ei
1122 4779 1325 4844 ἁπλοῦς
1354 4783 1381 4834 6
1406 4781 1538 4844 Θεὸς
1559 4784 1624 4852 τῇ
1648 4781 1828 4850 φύσει,

244 4865 337 4916 καὶ
359 4863 547 4927 ἇῦλος.
591 4864 780 4928 ἄποιός
825 4884 886 4919 τε
924 4870 1017 4922 καὶ
1061 4871 1354 4944 ἀμεγέθης,
1386 4873 1478 4927 καὶ
1514 4873 1826 4939 ἀσύνθετος,

245 4956 338 5008 καὶ
364 4956 467 5025 τῆς
499 4956 639 5009 κατὰ
670 4957 732 5009 τὸ
763 4960 946 5028 σχῆμα
976 4964 1321 5034 περιγραφῆς
1349 4965 1641 5038 ἀλλοτρίως
1670 4966 1825 5037 ἔχων-

1933 4786 2128 4850 ditum,
2164 4784 2432 4854 originem
2463 4780 2705 4836 omnium
2731 4778 2799 4832 ad
2829 4778 2997 4832 Deum
3024 4777 3333 4833 referentis.
3364 4777 3502 4833 Huic

1930 4881 2076 4935 enim
2115 4878 2379 4933 doctrinae
2416 4875 2510 4944 qui
2566 4872 2951 4933 adversantur,
2997 4878 3324 4924 coaeternam
3380 4884 3502 4923 esse

1931 4987 2055 5026 cum
2091 4970 2201 5024 Deo
2228 4982 2413 5022 rerum
2450 4965 2734 5020 materiem
2766 4963 3000 5032 probare
3047 4968 3335 5026 conantur,
3375 4976 3502 5016 sen-

241 5047 390 5099 πᾶσα
423 5047 480 5098 δὲ
507 5046 608 5116 ὕλη
635 5048 694 5101 ὲν
712 5048 1112 5123 διαστηματικῇ
1140 5033 1442 5124 παρατάττει
1470 5033 1819 5127 καταλαμϐά-

1932 5063 2265 5130 tentiamque
2319 5073 2475 5113 suam
2523 5064 2583 5110 ut
2637 5054 2981 5116 conﬁrment,
3025 5053 3358 5124 argumentis
3387 5033 3500 5107 ‘liu-

239 5157 408 5203 νεται,
429 5140 524 5194 καὶ
544 5141 648 5203 τὰς
669 5140 756 5194 διὰ
771 5142 880 5194 τῶν
901 5145 1266 5217 αἰσθητηρίων
1288 5149 1618 5222 καταλήψεις
1643 5150 1700 5202 οὐ
1723 5151 1829 5203 δια-

243 5231 536 5302 πέφευγεν,
556 5235 615 5286 ὲν
631 5233 908 5306 χρώματι,
928 5239 1021 5289 καὶ
1044 5239 1143 5308 σχή
1153 5240 1403 5309 ματι,καὶ
1422 5241 1590 5312 ὄγκῳ,
1609 5243 1701 5296 καὶ
1726 5260 1828 5313 πη-

239 5323 499 5397 λικότητι,
520 5327 617 5380 καὶ
637 5326 953 5398 ἀντιτυπία,
977 5331 1069 5382 καὶ
1091 5333 1200 5395 τοῖς
1223 5332 1427 5396 λοιποῖς
1447 5336 1558 5396 τοῖς
1577 5336 1704 5405 περὶ
1735 5337 1829 5388 αὐ·-

238 5415 332 5489 τὴν
367 5417 774 5491 θεωρουμένοις
805 5423 1202 5493 γινωσκομένη,
1247 5417 1321 5478 ὧν
1352 5424 1501 5478 οὐδὲν
1527 5427 1585 5478 ὲν
1617 5428 1681 5497 τῇ
1711 5426 1828 5497 θείᾳ

342 5596 390 5631 ³⁵
433 5599 610 5657 Hebr.
647 5612 714 5664 11,
757 5600 811 5654 8.
1715 5539 1741 5573 δ

1929 5153 2167 5225 jusmodi
2189 5160 2443 5206 utuntur:
2471 5146 2528 5201 Si
2548 5147 2713 5210 Deus,
2740 5145 3014 5213 inquiunt,
3033 5151 3227 5198 natura
3248 5145 3499 5215 simplex,

1933 5259 2128 5314 expers
2170 5242 2348 5296 omnis
2378 5238 2647 5300 materiei,
2695 5236 3044 5305 qualitatum,
3089 5237 3500 5307 magnitudinis,

1935 5337 2082 5390 nulla
2108 5349 2171 5388 ex
2201 5347 2260 5386 re
2290 5327 2649 5398 compositus,
2673 5325 2880 5381 nullius
2913 5325 3100 5382 formae
3122 5327 3372 5383 terminis
3394 5330 3502 5382 circ

1935 5425 2304 5494 cumscriptus
2337 5441 2348 5475 :
2379 5433 2592 5476 omnem
2629 5431 2758 5472 vero
2787 5417 3074 5473 materiam
3106 5419 3298 5488 spatiis
3338 5420 3502 5474 certis
