3794 6000
330 188 423 240 211

1585 180 1643 241 S.
1687 180 2013 242 GREGOIUI
2051 123 2343 241 NYSSE’INI

3464 178 3567 233 2|?

328 292 717 362 comprehendi
754 309 981 354 necesse
1023 307 1128 363 est,
1178 305 1234 355 et
1277 316 1308 355 a
1356 315 1617 359 sensuum
1665 307 1877 375 organis

1993 303 2145 373 φύσει
2171 301 2394 356 δυνατόν
2434 303 2548 353 ἐστι
2593 300 2956 368 κατανοῆσαιο
2990 296 3075 360 τίς
3114 296 3329 368 μηχανὴ
3376 297 3438 351 ὲκ
3470 298 3569 352 τοῦ

328 383 557 455 percipi,
587 386 703 444 sive
727 402 794 444 ex
829 389 1035 457 colore,
1059 391 1174 447 sive
1202 391 1399 459 forma,
1432 395 1547 451 sive
1581 397 1742 460 mole,
1774 398 1890 454 sive

327 477 706 545 magnitudine
732 494 796 534 ac
826 480 1122 546 soliditate,
1154 483 1436 540 attributis
1467 485 1702 555 denique
1729 496 1890 543 caete-

325 564 406 621 ris
445 567 736 637 cognitam,
784 585 909 624 cum
951 571 1088 625 nihil
1121 572 1316 627 horum
1362 574 1545 629 divina
1586 576 1641 630 in
1694 586 1888 632 natura

324 656 555 711 exsistat
587 678 601 714 :
646 659 741 728 qui
774 660 891 715 ﬁeri
922 662 1117 729 potuit,
1155 670 1214 716 ut
1249 678 1279 716 a
1311 666 1554 720 materiei
1583 668 1763 725 omnis
1793 685 1889 724 ex-

324 755 478 816 perte
503 750 762 806 materies
796 752 1160 809 conderetur?
1185 762 1239 810 et
1269 754 1337 810 ab
1374 771 1459 823 eo,
1496 753 1551 811 in
1589 772 1697 828 quo
1725 761 1888 815 nulla:

323 846 452 892 sunt
491 838 884 909 dimensiones,
926 851 1121 899 natura
1147 860 1268 915 quae
1314 849 1413 901 has
1456 863 1644 904 omnes
1675 850 1889 905 habet?

320 927 458 983 Nam
485 919 543 985 'si
580 948 611 985 a
640 930 753 988 Deo
787 933 1033 1003 profecta
1064 952 1187 992 esse
1215 939 1397 993 omnia
1420 940 1750 996 credendum
1777 953 1883 1010 est,

320 1017 577 1073 nimirum
606 1021 767 1079 modo
801 1023 1036 1091 quodam
1057 1025 1422 1095 inexplicabili
1437 1036 1571 1083 orta
1591 1041 1739 1095 sunt,
1759 1045 1883 1085 cum

322 1108 378 1161 in
407 1108 526 1177 ipso
554 1108 664 1167 Deo
685 1121 872 1168 essent
905 1132 918 1168 :
945 1115 990 1169 si
1031 1130 1197 1185 porro
1228 1119 1485 1187 quiddam
1521 1120 1577 1173 in
1604 1120 1725 1189 ipso
1744 1137 1887 1178 cras.

319 1214 440 1253 sum
483 1209 621 1265 erat,
659 1217 768 1271 quo
815 1217 977 1274 pacto
1021 1222 1215 1277 expers
1264 1209 1369 1263 fuit
1406 1211 1677 1273 materiei,
1721 1227 1884 1282 quam

319 1290 436 1359 ipse
470 1294 975 1363 complectebatur?
1001 1296 1265 1356 Similiter
1293 1302 1398 1356 dici
1425 1302 1493 1358 de
1518 1303 1733 1358 caeteris
1762 1305 1886 1358 uni-

318 1383 492 1437 ‘versis
525 1393 722 1453 potest,
766 1401 887 1456 quae
921 1403 1008 1443 res
1045 1390 1126 1459 (ut
1161 1391 1235 1444 ita
1280 1390 1537 1461 dixerim)
1568 1394 1884 1450 materiatas

315 1472 677 1529 constituunt.
724 1476 783 1530 Si
834 1485 921 1531 est
959 1477 1014 1532 in
1065 1477 1174 1534 Deo
1226 1481 1562 1548 magnitudo,
1609 1485 1885 1552 quomodo

315 1561 460 1617 idem
506 1566 897 1636 magnitudinis
926 1578 1012 1624 est
1042 1570 1277 1639 expers?
1311 1572 1358 1627 si
1393 1574 1525 1642 quid
1574 1582 1659 1629 est
1685 1574 1740 1628 in
1766 1575 1884 1644 ipso

315 1651 697 1720 compositum,
753 1655 1024 1725 quomodo
1073 1658 1301 1729 simplex
1343 1641 1447 1726 est,
1490 1672 1546 1717 et
1603 1641 1882 1719 nullis—ex
1915 1641 1956 1696 Β

316 1740 560 1809 partibus
592 1747 860 1815 constat?
903 1747 1142 1819 Denique
1202 1752 1345 1823 cogit
1395 1768 1496 1809 nos
1546 1753 1661 1809 haec
1719 1755 1878 1819 ratio,

208 1860 221 1873 κ
315 1831 398 1885 νει
456 1840 515 1886 ιιι
566 1849 634 1887 ex
685 1839 915 1892 materia
959 1839 1126 1896 Deum
1181 1851 1435 1900 constare
1488 1843 1779 1912 fateamur,
1832 1846 1881 1903 si

314 1921 532 1989 quidem
575 1940 639 1978 ex
691 1914 831 1996 ipso‘
856 1944 1039 1985 rerum
1073 1935 1326 1995 materies
1360 1943 1480 1989 orta
1534 1943 1618 1991 est
1656 1955 1669 1989 :
1706 1937 1789 1992 vel
1834 1938 1880 1992 si

312 2011 416 2066 hoc
466 2014 590 2084 quis
635 2026 937 2085 aversetur,
976 2029 1129 2075 extra
1157 2038 1215 2077 se
1240 2022 1403 2078 Deum
1429 2025 1716 2080 materiam
1748 2041 1880 2081 con-

310 2101 538 2173 didisse,
576 2106 643 2162 de
671 2123 776 2177 qua
807 2111 1217 2167 universitatem
1243 2115 1387 2168 hanc
1410 2115 1723 2181 fabricaret,
1762 2128 1878 2171 sta-

311 2202 533 2250 luamus
577 2213 802 2253 necesse
838 2210 942 2255 est.
979 2202 1120 2273 Ergo
1154 2204 1201 2258 si
1237 2207 1491 2261 materies
1524 2216 1678 2261 extra
1710 2209 1877 2265 Deum

311 2292 465 2352 erat,
525 2286 669 2342 haud
724 2289 887 2347 dubie
936 2293 1193 2362 quiddam
1240 2295 1447 2351 exstitit
1499 2299 1646 2354 aliud
1681 2315 1711 2354 a
1746 2300 1878 2370 Deo,

311 2374 459 2445 quod
480 2391 604 2431 cum
629 2379 723 2433 illo
751 2389 910 2436 ortus
932 2394 1153 2455 experte
1186 2397 1516 2442 coasternum
1542 2388 1665 2445 fuit.
1699 2391 1878 2447 Adeo-

309 2484 416 2539 que
444 2468 555 2524 duo
590 2473 1003 2531 constituuntur
1041 2476 1206 2529 simul
1248 2485 1302 2530 et
1349 2480 1604 2549 principii
1636 2488 1690 2534 et
1724 2490 1878 2538 ortus

310 2562 580 2631 expertia,
620 2578 850 2632 quorum
882 2565 1116 2620 alterum
1148 2566 1323 2621 instar
1348 2569 1573 2625 artificis
1598 2579 1872 2641 operetur,

309 2650 545 2707 alterum
600 2653 749 2708 illius
787 2654 1103 2712 eﬂ‘ectiones
1147 2659 1394 2728 recipiat.
1447 2658 1527 2715 Ex
1564 2661 1668 2716 hac
1713 2679 1876 2733 porro

306 2747 662 2814 necessitate,
715 2749 765 2803 si
808 2751 932 2819 quis
982 2758 1185 2806 statuat
1219 2752 1464 2809 Creatori
1503 2755 1877 2814 universitatis

303 2838 474 2910 hujus
500 2847 761 2896 aeternam
789 2844 1103 2913 adjunctam
1135 2843 1305 2901 fuisse
1339 2850 1623 2903 materiem
1653 2867 1667 2904 :
1702 2865 1875 2919 quan-

306 2940 416 2985 tam
451 2931 800 2987 decretorum
834 2949 1063 2991 suorum
1100 2938 1558 3006 approbationem
1595 2940 1871 3001 inventuri

307 3027 437 3074 sunt
464 3019 768 3087 Manichtei,
789 3025 885 3094 qui
917 3026 1251 3096 principium
1278 3029 1623 3091 materiatum
1648 3030 1872 3099 perinde

305 3117 569 3165 aeternum
605 3114 968 3179 constituunt,
991 3125 1156 3186 atque
1181 3125 1265 3172 est
1292 3116 1456 3186 Deus,
1482 3135 1642 3190 quem
1675 3128 1872 3176 vocant

304 3211 561 3257 naturam
584 3203 780 3258 bonam
814 3205 1000 3262 lEnim
1034 3224 1164 3263 vero
1197 3224 1297 3264 nos
1319 3211 1466 3280 quod
1494 3226 1679 3267 sacras
1705 3211 1872 3269 Litte-

303 3306 397 3349 ras
425 3292 756 3350 aiﬁrmantes
785 3295 1058 3364 audimus,
1084 3313 1207 3354 esse
1234 3299 1493 3355 nimirum
1526 3301 1782 3358 universa
1804 3319 1871 3358 ex

303 3383 416 3438 Deo
466 3383 776 3451 credimus,
822 3389 1097 3457 quomodo
1147 3399 1328 3446 autem
1371 3391 1426 3445 in
1480 3391 1592 3447 Deo
1644 3393 1870 3465 fuerint,

306 3489 433 3529 cum
492 3477 722 3532 rationis
774 3489 978 3534 nostra:
1021 3480 1435 3552 intelligentiam
1477 3484 1726 3548 excedat,
1788 3486 1872 3541 in-

306 3565 635 3635 quirendum
679 3585 803 3626 esse
834 3586 944 3626 non
973 3580 1249 3643 putamus,
1278 3575 1527 3643 persuasi
1559 3574 1725 3631 Deum
1755 3592 1872 3630 om-

305 3657 396 3709 nia
429 3673 591 3731 posse
623 3678 637 3715 :
679 3670 732 3715 et
761 3661 999 3717 condere
1033 3662 1239 3734 aliquid
1262 3664 1328 3718 de
1345 3665 1540 3732 nihilo,
1567 3674 1620 3721 et
1649 3667 1873 3723 condito

305 3749 600 3816 qualitates
644 3750 835 3808 indere
875 3754 1017 3809 talrs
1050 3756 1239 3825 quales
1278 3756 1350 3810 sit
1398 3757 1504 3827 ipsi
1557 3759 1753 3812 visum.
1797 3756 1873 3814 De

1988 394 2154 448 ἀΰλου
2181 393 2285 464 τὴν
2308 391 2440 462 ὓλην
2472 388 2830 461 ἀποτεχθῆναι
2852 407 2866 456 ;
2897 391 2963 442 ἐκ
2985 387 3078 441 τοῦ
3102 387 3427 442 ἀδιαστάτου
3466 390 3567 460 τὴν

1987 483 2417 556 διαστηματικὴν
2469 482 2669 552 φύσινς
2726 480 2789 533 Ei
2849 481 2957 550 γὰρ
3013 479 3219 533 ἐκεῖθεν
3268 479 3565 549 ὑποστῆναι

1987 575 2159 627 ταῦτα
2189 572 2564 636 πεπίστευται,
2600 570 2837 641 δηλονότι
2859 571 2919 621 ἐν
2948 568 3097 640 αὑτῷ
3127 569 3256 623 ὄντα
3304 569 3443 623 κατά
3475 571 3573 623 τὸν

1987 664 2224 737 ἄρρητον
2262 662 2420 730 λόγον
2454 660 2594 714 οὕτω
2634 659 2902 731 προῆλθεν
2934 661 3012 723 εἰς
3059 659 3291 729 γένεσιν.
3325 659 3388 713 Εἰ
3419 660 3475 713 δὲ
3508 663 3567 714 ὲν

1987 754 2178 824 ἐκείνῳ
2201 753 2262 807 τὸ
2289 753 2487 816 ὑλῶδες
2522 748 2611 821 ἦν,
2641 751 2760 815 πῶς
2796 751 2954 816 ante;
2982 752 3013 804 ὁ
3042 752 3099 803 ὲν
3137 749 3285 821 αὑτῷ
3309 751 3405 823 τὴν
3432 751 3570 822 ὕλην

1986 845 2162 916 sxw;
2198 845 2469 908 Ὡσαύτως
2507 843 2565 897 δὲ
2616 844 2709 898 καὶ
2757 844 2827 898 τὰ
2866 842 3002 897 ἄλλα
3054 842 3250 905 πάντα.
3304 843 3385 896 δι’
3411 838 3487 897 ὧν
3532 845 3567 908 ἡ

1988 935 2147 1008 ὑλικὴ
2180 936 2339 1004 φύσις
2371 934 2852 1006 χαρακτηρίζεταν
2889 934 2938 986 εἰ
2974 936 3034 987 ὲν
3073 932 3151 1003 τῷ
3188 933 3306 1003 Θεῷ
3333 936 3366 1003 ὴ
3403 935 3556 988 ποσό-

1986 1044 2105 1097 της,
2139 1026 2258 1090 πῶς
2290 1027 2489 1089 ἀποσος
2520 1026 2549 1078 ὁ
2581 1025 2748 1089 Θεὸς;
2787 1026 2837 1078 εἰ
2878 1028 2935 1078 ὲν
2964 1024 3154 1094 ἐκείνῳ
3192 1024 3252 1078 τὸ
3286 1024 3564 1087 σύνθετον,

1987 1117 2105 1180 πῶς
2153 1118 2355 1183 ἁπλοῦς
2408 1119 2501 1172 καὶ
2550 1118 2761 1188 ἀμερὴς
2811 1116 2905 1169 καὶ
2956 1114 3280 1180 άσύνθετος;
3337 1115 3478 1169 ὥστε
3527 1118 3563 1185 ἢ

1986 1209 2168 1264 ὑλικὸν
2221 1206 2357 1263 εἶναι
2402 1210 2520 1264 κατ’
2551 1208 2804 1278 ’ἀνάγκην
2859 1207 3041 1270 αὑτὸν,
3096 1206 3183 1260 διά
3236 1206 3300 1260 τὸ
3352 1207 3567 1262 ἐκεῖθεν

1987 1302 2279 1372 ὑποστῆναι
2327 1299 2426 1371 τὴν
2466 1299 2617 1369 ὓλην,
2665 1300 2692 1350 ὁ
2737 1298 2891 1365 λόγος
2926 1294 3199 1366 βιάζεται·
3236 1295 3269 1365 ἤ
3310 1296 3359 1348 εἰ
3402 1295 3567 1348 τοῦτό

1985 1412 2068 1459 τις
2110 1394 2320 1464 φεύγοι,
2361 1392 2559 1459 ἔξωθεν
2601 1389 3040 1460 ὲπεισένεχθῆναι
3088 1387 3186 1458 τὴν
3235 1386 3367 1458 ὓλην
3410 1386 3570 1456 αύτῷ

1985 1485 2121 1556 πρὸς
2186 1484 2284 1556 τὴν
2341 1481 2685 1552 κατασκευὴν
2755 1479 2848 1532 τοῦ
2908 1478 3105 1541 παντὸς
3160 1476 3567 1547 ὑπολαμϐάνειν

1986 1579 2309 1644 ἐπάναγκες.
2346 1575 2410 1629 Εἰ
2442 1571 2534 1627 οὖν
2567 1573 2670 1639 ἔξω
2714 1570 2808 1624 τοῦ
2854 1569 2988 1623 Θεοῦ
3027 1565 3117 1640 ἦν,
3149 1568 3276 1623 ἄλλο
3309 1585 3363 1621 τι
3406 1570 3566 1639 παρὰ

1985 1668 2077 1728 τὸν
2108 1667 2237 1720 Θεὸν
2278 1666 2493 1726 πάντως
2532 1660 2599 1735 ἦν
2645 1662 3121 1732 συνεπινοούμενον
3162 1659 3303 1714 κατά
3335 1660 3427 1713 τὸν
3459 1659 3564 1729 τῆς

1986 1756 2286 1828 ἀῐδιότητος
2329 1756 2486 1825 λόγον
2528 1756 2608 1825 τῷ
2652 1754 2959 1825 ἀγεννήτως
2985 1752 3095 1806 him
3116 1770 3129 1783 ·
3161 1750 3301 1805 ὥστε
3341 1750 3433 1804 δύο
3466 1751 3564 1804 ἂν·

1986 1865 2128 1919 αρχα
2169 1846 2266 1902 καὶ
2303 1846 2574 1915 ἀγέννητα
2619 1844 2759 1898 κατά
2802 1843 2993 1897 ταὺτὸν
3039 1841 3284 1912 ἀλλήλοις
3311 1840 3386 1911 τῷ
3412 1841 3564 1912 λόγῳ

1989 1935 2616 2008 συγκαταλαμϐάνεσθαι,
2646 1934 2738 1988 τοῦ
2763 1933 3020 2004 τεχνικῶς
3052 1932 3421 2003 ἐνεργοῦντος,
3461 1935 3561 1985 καὶ

1984 2029 2078 2082 τοῦ
2119 2028 2404 2099 δεχομένου
2434 2012 2530 2099 τὴν
2562 2025 2984 2099 ὲπιστημονικὴν
3025 2023 3225 2094 ταύτην
3255 2024 3555 2094 ἐνέργειαν.

1985 2122 2095 2176 Καὶ
2126 2122 2179 2174 εἴ
2217 2137 2300 2183 τις
2329 2121 2393 2173 ἐκ
2429 2120 2525 2192 τῆς
2554 2118 2796 2188 ἀνάγκης
2825 2115 3027 2188 ταύτης
3051 2116 3215 2170 ἀΐδιον
3250 2116 3561 2170 ὑποτῐθοιτο

1983 2212 2061 2282 τῷ
2106 2210 2431 2283 Δημιουργῷ
2471 2211 2576 2264 τῶν
2628 2209 2879 2263 ἁπάντων
2917 2208 3233 2263 ὑποκεῖσθαι
3267 2209 3367 2280 τὴν
3399 2209 3563 2280 ὕλην,

1984 2306 2117 2376 ὅσην
2156 2307 2184 2357 ὁ
2227 2300 2522 2373 Μανιχαῖος
2564 2304 2784 2374 εὑρήσει
2824 2303 2931 2355 τῶν
2968 2302 3111 2355 ἰδίων
3144 2301 3426 2372 δογμάτων
3456 2302 3565 2373 τὴν

1985 2395 2329 2465 συνηγορίαν,
2357 2395 2413 2458 ὃς
2436 2394 2532 2464 τὴν
2565 2393 2752 2464 ὑλικὴν
2773 2393 2951 2447 αἰτίαν
2997 2393 3137 2446 κατά
3170 2392 3231 2446 τὸ
3262 2393 3565 2463 ἀγέννητον

1983 2483 2401 2554 ἀντιπαρεξάγει
2444 2485 2510 2553 τῇ
2560 2482 2736 2553 ἀγαθῇ
2770 2481 2963 2552 φύσειὲ
3002 2481 3162 2535 Ἀλλά
3207 2482 3312 2553 μὴν
3350 2483 3442 2535 καὶ
3491 2484 3561 2536 ἐκ

1982 2575 2076 2629 τοῦ
2107 2574 2238 2628 Θεοῦ
2277 2563 2342 2629 τά
2379 2575 2575 2639 πάντα,
2617 2574 2718 2643 τῆς
2756 2572 2976 2644 Γραφῆς
3031 2572 3293 2642 λεγούσης
3331 2572 3560 2627 ἀκούον⁴

1981 2683 2093 2732 τες,
2130 2666 2600 2736 πεπιστεύκαμεν·
2630 2665 2723 2718 καὶ
2754 2665 2815 2718 τὸ
2847 2666 2993 2728 ὅπως
3032 2660 3101 2735 ἧν
3129 2666 3185 2718 ὲν
3212 2663 3290 2734 τῷ
3326 2664 3466 2735 Θεῷ,
3496 2665 3563 2717 τὸ

1982 2759 2120 2830 ὑπὲρ
2164 2757 2256 2811 τὸν
2299 2756 2561 2829 ἡμέτερον
2592 2755 2767 2823 λόγον,
2795 2758 2895 2808 οὑκ
2925 2754 3179 2824 ἀξιοῦμεν
3207 2753 3561 2825 περιεργάζε-

1984 2847 2129 2909 σθαι,
2159 2848 2335 2905 πάντα
2363 2848 2427 2917 τῇ
2459 2844 2578 2917 θείᾳ
2605 2845 2827 2914 δυνάμει
2852 2843 3075 2915 χωρητά
3112 2844 3554 2907 πεπιστευκότες

1983 2939 2076 2991 καί
2112 2937 2173 2991 τὸ
2209 2937 2283 3008 μὴ
2328 2935 2387 2989 ὃν
2427 2935 2854 3005 ὑποστήσασθαι,
2899 2934 2992 2986 καὶ
3035 2934 3112 3003 τῷ
3156 2934 3267 2986 ὖντι
3316 2934 3453 3004 πρὸς
3492 2934 3562 2986 τὸ

1974 3028 2162 3085 δοκοῦν
2191 3026 2467 3081 ἐπιϐαλεῖν
2504 3027 2602 3090 τάς
2631 3025 2940 3094 ποιότητας.
2977 3023 3183 3077 Οὐκοῦν
3225 3023 3554 3089 ἀκολούθως,

1976 3118 2050 3182 ὡς
2079 3119 2266 3190 ἀρκεῖν
2302 3116 2584 3189 ἡγούμεθα
2636 3118 2747 3180 τοῖς
2781 3114 2899 3170 οὖσι
2952 3116 3088 3186 πρὸς
3120 3116 3218 3187 τὴν
3257 3116 3322 3168 ἐκ
3350 3114 3442 3168 τοῦ
3481 3115 3561 3187 μὴ

1977 3210 2126 3274 ὑντος
2153 3210 2464 3275 ὑπόστασιν,
2491 3208 2590 3279 τὴν
2628 3208 2721 3261 τοῦ
2763 3208 2906 3261 θείου
2950 3206 3252 3278 θελήματος
3286 3206 3518 3275 δύναμιν
3538 3225 3554 3238 ·

1976 3301 2119 3358 οὕτω
2156 3303 2251 3356 καὶ
2294 3302 2392 3372 τὴν
2445 3301 2888 3371 ἀναστοιχείωσιν
2931 3298 3039 3352 τῶν
3088 3297 3433 3352 συνεστώτων
3475 3301 3561 3363 εις

1977 3393 2076 3465 τὴν
2109 3392 2275 3464 αὑτὴν
2310 3393 2598 3459 ἀνάγοντες
2632 3390 2881 3461 δύναμιν,
2928 3391 3006 3452 εἰς
3043 3389 3192 3443 οὐδὲν
3222 3389 3326 3455 ἔξω
3353 3388 3447 3443 τοῦ
3474 3392 3557 3442 εἰ-

1978 3485 2133 3548 κότος
2176 3484 2273 3558 τὴν
2316 3483 2497 3536 πίστιν
2531 3479 2979 3551 παραληψόμεθα.
3012 3478 3204 3534 Καίτοι
3242 3495 3303 3546 γε
3330 3478 3558 3532 δυνατὸν

1978 3577 2106 3640 ἴσως
2132 3573 2221 3647 ἦν,
2264 3573 2604 3646 εὑρεσιλογίᾳ.
2632 3572 2738 3626 τινὶ
2783 3572 2907 3633 τοὺς
2946 3571 3075 3641 περὶ
3119 3570 3219 3639 τῆς
3260 3568 3393 3639 ὓλης
3434 3571 3560 3639 ὲρεοο

1979 3667 2299 3739 σχελοῦντας
2346 3669 2550 3728 πεῖσαι,
2599 3663 2673 3734 μὴ
2711 3662 2885 3716 δοκεῖν
2938 3661 3149 3731 ἐρήμην
3194 3657 3558 3729 κατατρέχειν

1975 3757 2068 3813 τοῦ
2101 3757 2277 3826 λόγου.

306 3852 414 3911 quo
464 3844 567 3898 hoc
607 3845 769 3900 etiam
811 3846 963 3916 sequi
1010 3863 1232 3905 necesse
1269 3858 1376 3915 est,
1422 3853 1646 3921 perinde
1690 3862 1854 3924 atque
1911 3854 2205 3909 statuimus
2258 3852 2323 3904 ad
2367 3850 2446 3905 rei
2500 3864 2610 3904 non
2657 3844 2971 3902 exsistentis
3007 3845 3336 3900 creationem
3380 3842 3555 3899 solius

304 3929 503 3985 divina:
528 3931 824 3988 voluntatis
858 3941 1177 4003 potestatem
1219 3937 1464 3995 suﬂicere
1496 3958 1509 3994 :
1556 3942 1631 3994 ita
1680 3942 1727 3995 si
1781 3957 1964 3996 rerum
1992 3942 2106 4011 jam
2137 3939 2481 3996 conditarum
2521 3938 2975 3995 instaurationem
3003 3935 3247 4004 ejusdem
3296 3937 3553 4003 potestati

304 4020 699 4100 relinquamus,
760 4021 893 4076 nihil
945 4040 1045 4079 nos
1100 4027 1243 4096 quod
1274 4043 1305 4081 a
1359 4043 1488 4083 vero
1538 4031 1847 4096 abhorreat,
1893 4032 2201 4087 credituros
2241 4046 2383 4087 esse.
2420 4035 2741 4100 Quanquam
2773 4030 2936 4084 etiam
2983 4026 3215 4083 fortasse
3248 4026 3492 4096 praslari
3524 4042 3557 4078 a

303 4095 469 4165 nobis
503 4120 700 4182 potest,
750 4121 809 4167 ut
854 4095 1197 4186 indagatione
1227 4119 1589 4186 quarumdam
1639 4095 1912 4175 rationum
1960 4122 2042 4177 eis
2082 4122 2175 4192 qui
2221 4121 2290 4177 de
2325 4095 2551 4177 materie
2594 4095 2697 4174 hoc
2736 4125 2895 4188 pacto
2935 4115 3294 4178 contendunt,
3334 4112 3546 4171 satisfa-

304 4206 532 4269 ciamus,
592 4218 660 4259 ne
691 4219 919 4275 prorsus
963 4205 1030 4261 de
1075 4206 1167 4260 illa
1220 4209 1355 4262 nihil
1395 4209 1580 4265 dicere
1628 4211 1869 4267 voluisse
1902 4213 2073 4269 videri
2112 4212 2405 4284 possimus.

858 4316 1084 4373 CAPUT
1138 4317 1326 4373 XXIV.

308 4402 576 4476 Refutatio
613 4408 830 4462 illorum
858 4411 948 4478 qui
978 4411 1148 4472 aiunt,
1172 4412 1443 4465 materiem
1476 4419 1525 4465 et
1550 4410 1718 4465 Deum
1738 4428 1874 4468 cow-

571 4507 575 4511 ·
927 4488 1077 4533 terna
1114 4497 1244 4535 8888.

372 4564 494 4621 Non
552 4567 697 4622 enim
744 4584 812 4623 ex
846 4583 1033 4625 earum
1091 4587 1275 4626 rerum
1318 4587 1567 4637 numero,
1614 4589 1736 4645 quae
1786 4589 1874 4630 res

302 4666 519 4720 ratione
566 4672 697 4720 sunt
739 4665 1098 4734 investigata,
1137 4667 1375 4727 tollenda
1406 4678 1490 4727 est
1524 4668 1639 4724 haec
1670 4669 1737 4726 de
1758 4684 1875 4724 ma-

303 4758 443 4813 terie
511 4757 808 4823 sententia,
855 4758 1173 4827 quaeiilam
1212 4773 1243 4812 a
1285 4766 1483 4817 natura
1542 4768 1752 4816 secreta
1804 4761 1874 4817 ab

302 4850 452 4905 omni
478 4849 723 4913 materie,
751 4854 807 4904 et
836 4864 957 4918 quae
983 4849 1100 4905 sola
1127 4851 1323 4907 mentis
1343 4850 1699 4921 intelligentia
1721 4864 1871 4905 com-

303 4939 683 5010 prehenditur,
714 4949 891 4999 ortam
913 4955 1036 4997 esse
1061 4941 1248 4996 tradit.
1275 4941 1466 4997 Omnis
1496 4956 1730 5012 namque
1754 4956 1873 4997 ma-

306 5032 472 5089 teries
518 5033 876 5102 qualitatibus
919 5032 1248 5102 quibusdam
1284 5029 1620 5099 praeditaest,
1636 5031 1795 5102 queis
1824 5033 1873 5088 si

224 5158 229 5163 -
304 5125 487 5195 reipsa
525 5126 793 5194 privetur,
825 5139 934 5179 non
955 5123 1070 5193 jam
1109 5125 1343 5193 amplius
1378 5123 1591 5180 ratione
1616 5137 1869 5195 compre-

306 5215 471 5270 hendi
497 5216 715 5285 poterit.
739 5216 903 5271 Ratio
923 5214 1140 5285 quidem
1160 5215 1371 5284 species
1397 5217 1682 5286 qualitatis
1706 5231 1874 5286 quas-

310 5306 442 5362 libet
497 5321 753 5375 separare
797 5322 830 5362 a
873 5306 1102 5362 materie
1144 5307 1389 5377 subjecta
1433 5316 1612 5379 potest
1661 5328 1674 5363 :
1735 5308 1877 5363 ratio

308 5405 487 5453 autem
537 5397 737 5453 mentis
783 5403 868 5454 est
907 5398 1128 5469 propria
1169 5400 1415 5464 quaedam
1460 5400 1872 5470 contemplatio,

310 5504 419 5544 non
471 5490 737 5559 corporis.
779 5488 932 5556 Esto,
983 5492 1215 5562 exempli
1276 5492 1470 5562 gratia,
1532 5492 1873 5561 propositum

311 5580 738 5637 considerationi
770 5589 973 5639 nostra:
1003 5584 1085 5640 vel
1118 5582 1319 5639 animal
1361 5581 1660 5653 quoddam,
1704 5581 1786 5636 vel
1809 5581 1872 5634 li-

2482 4321 2877 4376 ΚΕΦΑΛΑῘΟΝ
2919 4319 3040 4374 KA'.

1985 4416 2360 4485 Ἀντίρῤησις
2399 4414 2548 4482 πρὸς
2575 4413 2753 4485 *τοὺς
2778 4411 3088 4485 λόγοφρτας,
3133 4414 3448 4468 συναΐδιον
3471 4413 3556 4470 εἷ-

2390 4480 2491 4539 νὰι
2525 4482 2607 4547 τῷ
2638 4480 2760 4547 Θεῷ
2793 4481 2906 4548 τὴν
2941 4482 3124 4548 ὕλην.

2042 4577 2177 4631 osa:
2208 4576 2317 4649 γὰρ
2345 4577 2449 4642 ἔξω
2485 4575 2595 4628 τῶν
2642 4572 2784 4628 κατά
2819 4573 2878 4626 τὸ
2905 4572 3197 4628 ἀκόλουθον
3231 4575 3559 4646 εὑρισκομὲ--

1971 4685 2076 4722 νων
2110 4670 2144 4738 ἡ
2188 4668 2315 4739 περὶ
2355 4666 2454 4736 τῆς
2484 4664 2615 4735 ὕλης
2660 4664 2928 4734 ὑπόληψις
2967 4664 3239 4732 φαίνεται,
3280 4667 3313 4734 ή
3353 4666 3417 4717 ἐκ
3454 4667 3557 4720 τοῦ

1975 4760 2163 4830 νοητοῦ
2187 4776 2245 4813 τε
2268 4758 2361 4813 καὶ
2386 4758 2549 4811 ἀύλου
2588 4758 2790 4825 ταύτην
2817 4756 3116 4824 ὑποστῆναι
3146 4754 3556 4826 πρεσδεύουσα·

1976 4855 2154 4907 πᾶσαν
2178 4850 2286 4922 γὰρ
2313 4850 2616 4920 εὑρήσομεν
2641 4848 2729 4901 .ὲκ
2769 4848 3065 4917 ποιοτήτων
3107 4847 3267 4901 τινῶν
3298 4846 3563 4915 συνεστῶο

1976 4961 2074 4998 σαν
2124 4942 2224 5013 τὴν
2271 4939 2423 5012 ὓλην,
2454 4932 2529 4994 ὧν
2572 4939 2622 4993 εἰ
2678 4936 2988 5008 γυμνωθείη
3036 4935 3153 4989 καθ’
3196 4935 3415 5006 ἑαυτὴν,
3461 4936 3560 4987 οὑ-

1973 5034 2143 5107 δαμοῦ
2172 5033 2251 5104 τῷ
2293 5033 2435 5103 λόγῳ
2469 5031 2964 5101 καταληφθήσεται.
3002 5029 3162 5083 Ἀλλά
3194 5029 3299 5101 μὴν
3326 5028 3561 5083 ἕκαστον

1976 5124 2256 5193 ποιότητος
2303 5117 2442 5185 εἶδος
2489 5120 2631 5191 λόγῳ
2681 5119 2777 5173 τοῦ
2828 5118 3185 5189 ὑποκειμένου
3240 5117 3558 5189 χωρίζεται.

1992 5216 2049 5269 ’0
2078 5215 2133 5268 δὲ
2159 5213 2314 5281 λόγος
2345 5213 2506 5283 νοητή
2533 5212 2617 5275 τίς
2651 5212 2785 5275 ἐστι,
2822 5212 2916 5265 καὶ
2952 5210 3071 5280 οὐχὶ
3104 5208 3387 5279 σωματικὴ
3420 5208 3564 5263 θεω-

1986 5305 2093 5375 ρία.
2128 5298 2272 5369 Οἷον,
2301 5304 2661 5375 προκειμένου
2691 5300 2830 5366 ζὼου
2868 5301 3009 5365 τινὸς
3056 5300 3090 5369 ἢ
3141 5299 3297 5364 ξύλου
3324 5302 3390 5371 τῇ
3421 5298 3560 5355 θεω-

1985 5396 2097 5467 ρίᾳ,
2122 5396 2156 5466 ﬂ
2189 5413 2334 5460 τινος
2356 5394 2516 5450 ἄλλου
2547 5394 2655 5446 τῶν
2681 5391 2868 5463 ὑλικὴν
2893 5391 3123 5462 ἐχόντων
3150 5390 3248 5463 τὴν
3275 5389 3558 5456 σύστασιν,

1982 5488 2151 5562 ποᾉά
2181 5488 2307 5559 περὶ
2332 5487 2393 5540 τὸ
2416 5485 2771 5555 ὑποκείμενον
2790 5486 2856 5554 τῇ
2878 5485 2998 5538 κατ’
3028 5484 3270 5537 ἐπίνοιαν
3294 5481 3559 5553 διαιρέσει

1980 5578 2404 5649 κατενοήσαμεν,
2447 5570 2520 5633 ὧν
2562 5574 2790 5630 ἑκάστου
2818 5573 2953 5644 πρὸς
2996 5573 3057 5628 τὺ
3087 5572 3560 5647 συνθεωρούμενον
