3794 6000
218 228 332 282 2ί5

1486 246 1573 302 ΒΕ
1615 247 1895 308 llOlllNlS
1933 253 2247 313 OPlFlClO.
2332 275 2338 281 ·

3384 262 3481 318 ΞΗ

221 355 473 443 ἀμίκτοις
503 357 533 408 ὁ
555 356 711 425 λόγος
743 356 878 429 ἔχει.
905 358 1129 430 Ἕτερος
1162 359 1272 433 γὰρ
1316 362 1346 414 ὀ
1376 360 1471 415 τοῦ
1496 363 1799 435 χρώματος,

1916 384 2118 439 gnum,
2169 369 2254 426 vel
2295 370 2427 443 quid
2475 370 2623 426 aliud
2675 373 2818 441 quod
2869 388 2937 427 ex
2987 376 3211 430 materie
3251 386 3480 432 constet.

219 443 319 495 aut
345 442 532 513 ἕτερος
570 446 664 499 τοῦ
697 446 896 519 βάρους
924 450 954 501 ό
983 447 1177 517 λόγος,
1197 452 1226 502 ό
1256 450 1352 519 τῆς
1384 452 1679 524 ποσότητος
1706 456 1810 510 πά-

217 540 323 601 λιν,
349 537 447 589 καὶ
484 539 515 591 ό
546 538 647 608 τῆς
674 541 834 604 ποιᾶς
864 542 1006 595 κατά
1027 541 1123 612 τὴν
1154 541 1296 613 ἁφὴν
1330 543 1606 615 ἰδιότητος.
1642 548 1716 599 ’Ἡ
1751 565 1810 599 τε

211 627 326 698 γάρ
372 629 689 702 μαλακότης
738 632 832 686 καὶ
874 632 936 686 τὸ
979 633 1201 703 δίπηχυ,
1244 635 1334 687 καὶ
1384 635 1454 688 τά
1497 635 1658 703 λοιπά
1704 637 1809 690 τῶν

211 723 549 794 εἰρημένων,
581 723 707 777 οὔτε
733 724 1005 794 ἀλλήλοις,
1029 723 1156 777 οὔτε
1192 724 1271 795 τῷ
1305 724 1515 796 σώματι
1550 728 1687 781 κατὰ
1720 729 1810 780 τὸν

212 814 376 882 λόγον
412 815 772 887 συμφέρεται.
813 816 1074 871 Ἐκάστου
1101 814 1211 886 γάρ
1245 816 1449 871 τούτων
1495 818 1647 883 ἴδιος,
1687 818 1812 872 καθ’

210 906 245 960 ὅ
271 909 446 971 ἐστιν,
472 909 501 959 ὁ
534 908 925 978 ἐρμηνευτικὺς
967 908 1093 980 ὄρος
1146 909 1461 975 ἐπινοεῖται,
1505 909 1656 963 οὐδὲν
1698 913 1812 965 ἐπι-

216 996 496 1051 κοινωνῶν
520 996 658 1070 ἄλλῃ
681 999 787 1051 τινὶ
809 998 919 1052 τῶν
942 999 1070 1068 περί
1090 998 1152 1051 τὸ
1182 998 1538 1069 ὑποκείμενον
1578 999 1810 1071 θεωρου-

220 1087 405 1157 μένων
444 1086 713 1157 ποιότητι.
764 1088 828 1140 Ei
879 1088 1060 1141 τοίνυν
1105 1087 1295 1159 νοητὸν
1346 1089 1445 1159 μὲν
1488 1088 1548 1142 τὸ
1590 1090 1806 1161 χρῶμα,

213 1175 386 1246 νοητὴ
437 1175 495 1229 δὲ
543 1178 638 1230 καὶ
676 1177 711 1247 ἡ
753 1177 1066 1241 ἀντιτυπία,
1113 1178 1207 1231 καὶ
1239 1178 1275 1249 ἡ
1308 1178 1560 1248 ποσότης,
1604 1180 1709 1233 καὶ·
1740 1178 1808 1234 τά

210 1265 385 1319 λοιπά
416 1265 527 1319 τῶν
547 1264 804 1320 τοιούτων
848 1267 1173 1338 ἰδιωμάτων,
1198 1266 1429 1321 ἕκαστον
1452 1268 1511 1321 δὲ
1529 1268 1731 1324 τούτων
1759 1270 1808 1322 εἰ

214 1355 541 1429 ὑφαιρεθείη
592 1357 687 1412 τοῦ
745 1359 1140 1430 ὑποκειμένου,
1192 1362 1301 1424 πᾶς
1341 1362 1370 1414 ό
1414 1360 1510 1413 τοῦ
1556 1358 1806 1431 σώματος

213 1447 594 1503 συνδιαλύεται
634 1449 791 1517 λόγος
813 1466 829 1481 ο
877 1450 1170 1505 ἀκόλουθον
1202 1449 1270 1505 ἂν
1304 1450 1411 1521 εἴη,
1455 1444 1531 1506 ὧν
1571 1451 1669 1522 τὴν
1695 1453 1806 1507 ἀπ-

212 1538 407 1592 ουσίαν
427 1539 528 1610 τῆς
547 1539 643 1594 τοῦ
678 1539 928 1610 σώματος
964 1540 1170 1605 λύσεως
1197 1542 1374 1596 αἰτίαν
1408 1541 1662 1614 εὕρομεν,
1686 1542 1807 1595 τού-

212 1646 328 1683 των
376 1628 480 1700 τὴν
526 1630 831 1703 συνδρομὴν
890 1633 1202 1687 ἀποτίκτειν
1254 1632 1354 1704 τὴν
1404 1632 1595 1704 ὑλικὴν
1643 1633 1804 1705 φύσιν

1915 459 2082 515 Multa
2125 460 2184 516 in
2242 460 2348 516 hoc
2393 462 2728 532 cogitatione
2783 470 2997 519 secreta
3043 466 3482 526 consideramus.

1913 565 2145 619 quorum
2170 552 2517 623 singulorum
2548 556 2690 610 ratio
2720 571 3072 627 nequaquam
3097 558 3242 613 inter
3272 576 3332 615 se
3357 578 3489 617 con-

1911 640 2179 698 funditur.
2233 644 2355 698 Alia
2408 646 2557 700 enim
2609 647 2836 712 coloris,
2890 648 2998 703 alia
3045 650 3325 719 ponderis,
3381 652 3485 707 alia

1911 733 2238 803 quantitatis
2277 735 2333 789 in
2367 744 2626 792 contactu
2671 746 2757 794 est
2797 739 2958 793 ratio.
2993 736 3130 795 Nam
3168 742 3482 809 mollitudo,

1911 825 2143 881 duorum
2169 826 2477 881 cubitorum
2505 829 2842 898 magnitudo,
2858 840 3054 886 caetera
3078 848 3201 902 quae
3225 833 3483 893 diximus.

1916 931 2094 986 neque
2126 918 2270 973 inter
2297 932 2359 974 se
2393 926 2607 985 mutuo,
2642 936 2822 991 neque
2861 937 2986 976 cum
3012 938 3241 994 corpore
3278 939 3375 994 per
3409 939 3484 979 τοι

1912 1007 2118 1062 tionem
2136 1006 2517 1064 conferuntur.
2551 1009 2776 1081 Singula
2803 1013 2972 1077 enim,
3006 1014 3081 1085 ita
3109 1022 3166 1066 ut
3187 1015 3481 1076 exsistunt.

1910 1100 2135 1169 prepria
2163 1099 2400 1170 quadam
2424 1101 2675 1156 finitione.
2705 1102 3054 1158 considerata
3080 1103 3482 1174 intelliguntur,

1909 1190 2001 1246 cui
2034 1191 2176 1246 nihil
2206 1199 2294 1247 est
2336 1207 2464 1247 cum
2510 1193 2875 1263 qualitatibus
2905 1195 2960 1248 in
2994 1209 3055 1250 re
3093 1195 3337 1264 subjecta
3378 1210 3483 1250 caa-

1909 1282 2043 1339 teris
2072 1298 2384 1340 commune.
2427 1283 2569 1355 Ergo
2613 1285 2663 1341 si
2712 1286 3197 1356 comprehenditur
3233 1301 3265 1340 a
3307 1295 3483 1342 mente

1908 1376 2097 1442 color,
2144 1376 2426 1443 soliditas,
2480 1378 2795 1448 quantitas,
2844 1379 3112 1434 attributa
3170 1380 3481 1449 hujusmodi

1906 1473 2128 1533 caetera,
2177 1482 2299 1537 quae
2346 1468 2563 1538 singula
2613 1470 2660 1526 si
2717 1471 2797 1525 rei
2839 1470 3105 1540 subjecta:
3144 1471 3481 1536 adimantur,

1908 1563 2024 1611 tota
2061 1557 2311 1628 corporis
2347 1561 2491 1613 ratio
2514 1559 2861 1627 dissolvitur;
2900 1575 3030 1616 vero
3055 1561 3319 1616 nimirum
3344 1577 3482 1617 con-

1908 1656 2231 1703 sentancum
2261 1648 2389 1712 erit,
2420 1664 2609 1703 earum
2645 1664 2829 1704 rerum
2862 1665 3193 1706 concursum
3229 1661 3481 1706 naturam

215 1722 647 1793 ὑπολαμϐάνειν.
686 1724 772 1786 Ὠς
807 1724 916 1795 γὰρ
942 1725 1040 1778 οὑκ
1068 1724 1183 1777 ἐστι
1213 1724 1394 1795 σῶμα,
1424 1720 1468 1793 ᾧ
1500 1725 1561 1778 τὸ
1585 1725 1799 1796 χρῶμα,

1916 1753 1974 1793 ex
2004 1738 2231 1793 materia
2259 1746 2603 1795 constantem
2629 1739 2877 1796 edicere:
2904 1757 3025 1810 qua:
3056 1756 3147 1798 res
3186 1743 3233 1796 si
3270 1743 3477 1804 absint.

215 1811 314 1864 καὶ
338 1810 403 1865 τὺ
429 1811 634 1882 σχῆμα,
667 1812 761 1865 καὶ
791 1814 825 1883 ή
857 1811 1144 1866 ἀντιτυπία
1173 1812 1268 1866 καὶ
1309 1812 1342 1882 ὴ
1383 1811 1683 1874 διάστασις,
1714 1812 1808 1864 καὶ

214 1903 277 1956 τὸ
311 1901 500 1972 βάρος,
522 1903 619 1959 καὶ
641 1902 709 1956 τὰ
730 1903 892 1957 λοιπά
927 1902 1035 1956 τῶν
1072 1902 1376 1972 ἰδιωμάτων
1400 1903 1461 1955 οὑ
1496 1902 1807 1973 πρόσεστιν,

214 1993 453 2049 Ξκαστον
477 1993 537 2047 δὲ
571 1993 775 2048 τούτων
823 1993 981 2065 σῶμα
1028 1994 1129 2047 οὐκ
1173 1993 1342 2056 ἔστιν,
1383 1992 1497 2047 ἀλλ’
1544 1992 1728 2064 ἔτερόν
1756 2009 1808 2046 τι

418 2084 484 2138 τὸ
524 2084 708 2155 σῶμα,
758 2085 897 2138 κατά
938 2084 999 2137 τὸ
1044 2082 1244 2149 ἰδιάζον
1289 2083 1637 2154 εὑρίσκεταυ
1671 2083 1810 2137 οὕτω

218 2175 363 2229 κατά
406 2176 471 2231 τὸ
508 2175 881 2247 ἀντίστροφον,
912 2175 1044 2229 ὅπου
1072 2174 1116 2228 δ’
1159 2174 1227 2229 ἂν
1252 2174 1532 2246 συνδράμῃ
1570 2173 1640 2227 τὰ
1662 2176 1810 2245 εἰρη-

223 2268 381 2337 μένα,
408 2267 513 2330 τὴν
546 2265 858 2338 σωματικὴν
885 2265 1182 2320 ὑπόστασιν
1213 2264 1603 2334 ἀπεργάζεται.
1650 2264 1809 2317 Ἀλλά

223 2356 331 2427 μὴν
362 2357 413 2409 εἰ
450 2355 616 2428 νοητὴ
640 2355 748 2409 τῶν
786 2354 1087 2425 ἰδιωμάτων
1134 2354 1336 2409 τούτων
1379 2356 1413 2425 η
1459 2354 1804 2424 κατανόησις,

217 2446 407 2517 νοητὸν
426 2447 484 2501 δὲ
512 2449 580 2518 τῇ
608 2446 767 2517 φύσει
796 2448 855 2500 τὸ
893 2447 1044 2500 Θεῖον
1064 2463 1080 2476 ο
1123 2447 1274 2500 οὐδὲν
1319 2446 1564 2509 ἀπεικὸς,
1609 2447 1674 2499 ἐκ
1710 2442 1809 2516 τῆς

214 2538 511 2608 ἀσωμάτου
548 2538 764 2608 φύσεως
797 2537 895 2600 τὰς
926 2538 1119 2607 νοεράς
1165 2537 1364 2601 ταύτας
1394 2536 1647 2608 ἀφορμὰς
1671 2534 1808 2607 πρὸς

215 2614 317 2700 τὴν
346 2628 457 2682 τῶν
493 2630 763 2699 σωμάτων
799 2629 1010 2698 γένεσιν
1043 2629 1363 2697 ὑποστῆναι,
1403 2628 1502 2695 τῆς
1547 2628 1645 2697 μὲν
1686 2643 1809 2698 νοη-

214 2720 317 2789 τῆς
352 2720 566 2790 φύσεως
598 2721 698 2783 τάς
726 2722 919 2791 νοητὰς
956 2719 1268 2790 ὑφιστώσης
1308 2718 1585 2789 δυνάμεις,
1617 2718 1717 2787 τῆς
1750 2717 1807 2770 δὲ

214 2810 421 2863 τούτων
445 2810 583 2881 πρὸς
603 2810 809 2879 ἄλληλα
836 2810 1138 2882 συνδρομῆς
1163 2810 1261 2881 τὴν
1282 2807 1455 2880 ὑλώδη
1483 2808 1643 2878 φύσιν
1666 2826 1806 2879 παρ-

213 2904 457 2973 αγούσης
493 2904 575 2966 εἰς
599 2903 813 2971 γένεσιν
825 2933 838 2955 .-
864 2902 1025 2955 Ἀλλά
1061 2899 1237 2954 ταῦτα
1271 2900 1369 2970 μὲν
1399 2898 1538 2952 κατὰ
1566 2901 1627 2954 τὸ
1659 2900 1802 2970 πάρ-

212 3010 378 3066 ιργον
416 2996 549 3065 ἡμῖν
592 2992 1021 3064 παρεξετάσθω·
1071 2994 1203 3063 ἡμῖν
1245 2991 1304 3044 δὲ
1348 2991 1510 3046 πάλιν
1558 2992 1652 3045 επὶ
1704 2991 1803 3063 τὴν

1910 1845 2111 1900 corpus
2146 1830 2374 1887 interire
2401 1831 2703 1888 videamus.
2739 1832 2876 1886 Nam
2919 1841 2978 1887 ut
3011 1847 3210 1904 corpus
3234 1849 3344 1888 non
3372 1842 3478 1898 est,

1910 1922 2057 1991 quod
2096 1923 2299 1988 colore,
2351 1922 2548 1989 forma,
2596 1924 2894 1991 soliditate,
2944 1927 3139 1994 spatio,
3186 1928 3475 1996 gravitate.

1911 2013 2190 2068 attributis
2232 2014 2449 2070 caeteris
2489 2015 2775 2084 praeditum
2823 2030 2935 2069 non
2967 2026 3073 2078 est,
3103 2016 3248 2071 sicut
3279 2024 3334 2071 et
3366 2017 3479 2071 haec

1910 2105 2124 2174 singula
2154 2120 2359 2176 corpus
2389 2121 2497 2162 non
2533 2115 2683 2174 sunt,
2723 2121 2851 2161 cum
2895 2122 2926 2160 a
2968 2122 3197 2175 corpore
3231 2123 3480 2163 seorsum

1908 2197 2257 2252 considerata
2283 2197 2550 2268 distingui
2584 2200 2800 2268 possint
2828 2216 2841 2253 ε
2878 2198 2960 2253 sic
2990 2213 3021 2253 e
3059 2198 3364 2264 contrario,
3390 2201 3480 2254 ubi

1908 2302 1972 2342 ea
2011 2304 2134 2356 qua:
2172 2289 2556 2345 recensuimus
2581 2297 2805 2357 coeunt,
2850 2304 3049 2358 corpus
3079 2291 3339 2345 constitui
3386 2306 3483 2346 ne-

1906 2392 2064 2433 cesse
2083 2388 2188 2434 est.
2214 2378 2423 2435 Horum
2442 2388 2625 2435 autem
2655 2382 2907 2451 corporis
2937 2382 3329 2436 attributorum
3350 2397 3485 2437 con—

1908 2471 2171 2528 sideratio
2194 2473 2240 2527 si
2271 2476 2473 2529 mentis
2497 2472 2761 2529 facultate
2787 2475 2866 2539 nt,
2889 2489 2952 2528 ac
2974 2473 3070 2529 Dei
3094 2475 3261 2529 etiam
3284 2482 3483 2530 natura

1908 2571 2092 2618 mente
2129 2571 2340 2618 tantum
2387 2565 2872 2635 comprehenditur
2908 2585 2921 2621 :
2962 2581 3072 2621 non
3112 2567 3412 2621 abhorrens
3451 2582 3482 2618 a

1908 2671 2037 2712 vero
2086 2658 2425 2713 censendum
2449 2667 2555 2723 est,
2587 2658 2635 2713 si
2666 2657 2914 2714 dicamus
2946 2673 2977 2711 a
3011 2665 3206 2712 natura
3234 2658 3482 2727 corporis

1905 2753 2132 2815 experte
2174 2748 2307 2800 oriri
2354 2746 2627 2816 principia
2673 2748 2847 2801 menti
2884 2754 3252 2819 consentanea
3298 2761 3481 2816 posse.

1904 2836 1975 2892 de
2012 2836 2217 2907 quibus
2264 2836 2462 2892 deinde
2503 2851 2740 2907 corpora
2774 2839 3183 2893 constituantur
3226 2855 3239 2891 :
3284 2843 3481 2890 natura

1902 2943 2028 2998 quae
2076 2938 2261 2985 mente
2303 2929 2627 2999 percipitur,
2682 2929 2971 2984 facultates
3014 2929 3117 2984 sibi
3165 2928 3483 2983 consimiles

1903 3020 2184 3076 excitante
2241 3038 2257 3076 :
2306 3035 2541 3090 quarum
2584 3019 2783 3075 deinde
2818 3035 3092 3075 concursu
3147 3031 3338 3074 mutuo
3370 3033 3481 3081 res,

214 3086 399 3137 πίστιν
445 3084 781 3139 ἑπανακτέον
816 3082 906 3135 τὸν
946 3083 1122 3152 λόγον,
1163 3083 1230 3137 δι’
1267 3076 1335 3155 ἧς
1379 3080 1443 3134 έκ
1495 3098 1550 3135 τε
1587 3085 1682 3136 τοῦ
1724 3083 1797 3155 μὴ

1916 3127 2021 3182 ιιιιΕ
2059 3128 2127 3168 ex
2159 3112 2389 3168 materie
2425 3119 2666 3180 constat,
2699 3113 2897 3169 oritur.
2943 3111 3142 3168 Verum
3179 3113 3294 3167 haec
3314 3113 3483 3165 animi

211 3182 368 3244 ὄντος
406 3181 710 3252 ὑποστῆναι
761 3180 823 3233 τὸ
871 3180 978 3234 πᾶν
1021 3176 1344 3249 ἐδεξάμεθα,
1380 3178 1474 3234 xa't
1522 3178 1683 3232 πάλιν
1719 3178 1799 3241 εἰς

1916 3218 2067 3259 :ausa
2112 3210 2273 3259 extra
2303 3205 2615 3261 institutum
2659 3219 2691 3259 a
2731 3205 2891 3260 nobis
2926 3204 3253 3274 investigata
3302 3204 3482 3273 putari

212 3271 385 3342 ἀλλην
422 3270 547 3325 τινὰ
591 3267 1123 3341 μεταστοιχειοῦσθαι
1163 3270 1494 3325 κατάστασιν
1524 3268 1675 3341 παρά
1699 3269 1798 3341 τῆς

1916 3295 2121 3351 lebent.
2149 3294 2365 3352 Idcirco
2400 3296 2515 3366 jam
2542 3296 2851 3351 revocanda
2883 3296 3034 3350 illam
3066 3267 3483 3365 ad'persnasio-

214 3364 441 3437 Γραφῆς
472 3362 828 3434 διδαχθέντες,
859 3365 959 3419 οὑκ
984 3362 1414 3434 ἀμφιϐάλλομεν.

1900 3401 2027 3441 nem
2063 3393 2150 3442 est
2200 3387 2399 3451 oratio,
2445 3401 2555 3457 qua
2592 3387 2661 3442 de
2702 3387 2877 3441 nihilo
2920 3385 3119 3441 factam
3146 3401 3270 3441 esse
3301 3400 3482 3440 rerum

214 3477 652 3545 universitatem,
675 3468 731 3534 et
755 3492 873 3534 eam
915 3477 1156 3533 vicissim
1184 3478 1241 3531 in
1262 3477 1429 3531 alium
1460 3484 1666 3532 statum
1687 3476 2134 3533 commutandam
2164 3492 2311 3546 esse,
2344 3485 2404 3534 ut
2441 3492 2508 3534 ex
2560 3478 2807 3533 doctrina
2841 3491 3120 3535 sacrarum
3154 3474 3482 3531 Litterarum

216 3575 556 3646 accepimus,
581 3576 656 3629 ita
673 3589 889 3629 omnem
920 3579 1073 3629 extra
1097 3571 1492 3628 dubitationem
1522 3572 1802 3642 ponimus.

730 3683 1125 3740 ΚΕΦΑΛΔΙΟΝ
1155 3684 1285 3739 KE'.

221 3802 349 3868 Πῶς
379 3800 459 3855 ἄν
485 3817 577 3866 τις
599 3799 699 3854 καὶ
739 3797 858 3868 τῶν
895 3798 1116 3868 ἔξωθεν·
1156 3797 1523 3868 προσαχθείη
1553 3796 1800 3868 πισςτεῦ-

285 3864 392 3926 dat
434 3869 525 3959 ’τῇ
555 3864 787 3939 Τραφῇ
841 3869 972 3938 περὶ
1030 3866 1141 3937 τῆς
1200 3864 1589 3932 ἀναστάσεως
1637 3865 1800 3920 διδα-

289 3956 560 4009 σκουσῃ.

308 4031 451 4085 Ἀλλ’
491 4032 621 4092 ἴσως
660 4046 746 4092 τις
787 4028 922 4099 πρὸς
955 4028 1025 4083 τὰ
1069 4027 1384 4082 διαλυθέντα
1430 4025 1655 4098 σώματα
1690 4026 1809 4098 βλέ-

223 4140 361 4188 πων,
386 4123 484 4177 καὶ
513 4121 649 4193 πρὸς
674 4120 734 4173 τὸ
764 4119 959 4193 μέτρον
979 4121 1077 4191 τῆς
1100 4120 1233 4185 ἰδίας
1272 4118 1548 4188 δυνάμεως
1572 4118 1635 4173 τὸ
1654 4118 1807 4173 Θεῖον

219 4213 444 4286 κρίνων,
479 4212 571 4265 τὸν
617 4212 717 4281 τῆς
755 4210 1115 4274 ἀναστάσεως
1142 4211 1297 4278 λόγον
1351 4209 1609 4264 ἀδύνατον
1650 4208 1790 4265 εἷναί

220 4320 373 4373 φησι,
398 4302 495 4355 καὶ
525 4299 815 4370 στήσεσθαι
843 4298 911 4352 τά
931 4298 1024 4351 νῦν
1049 4298 1359 4369 κινούμενα,
1385 4299 1478 4352 καὶ
1504 4299 1799 4369 ἀναστήσε-

221 4394 364 4448 σθαι·
390 4390 571 4447 τὰνῦν
597 4389 670 4462 μὴ
694 4389 984 4459 κινούμενα
1012 4390 1085 4461 μὴ
1113 4388 1421 4459 ἐνδέχεσθαι
1441 4389 1634 4456 λέγων·
1652 4388 1805 4442 ἀλλ’ό

218 4485 463 4548 τοιοῦτος
494 4482 711 4553 πρῶτον
746 4482 843 4550 μὲν
882 4482 974 4534 καὶ
1018 4479 1273 4551 μέγιστον
1316 4478 1571 4532 ποιείσθω
1599 4479 1806 4550 τεκμή-

2467 3660 2700 3745 caper
2741 3659 2911 3740 xxv.

1910 3786 2028 3855 Quo
2064 3795 2220 3855 pacto
2257 3786 2373 3855 quis
2403 3787 2561 3841 etiam
2596 3786 2803 3848 alienus
2847 3803 2879 3840 a
2920 3785 3163 3841 doctrina
3210 3785 3481 3853 Ecclesiae,

1978 3856 2148 3918 possit
2193 3855 2408 3918 adduci,
2453 3866 2511 3910 ut
2556 3858 2772 3912 Litteris
2813 3859 3009 3922 sacris,
3051 3858 3483 3912 resurrectionem

1975 3942 2044 3983 ea:
2087 3928 2310 3982 mortuis
2358 3927 2471 3998 fore
2509 3928 2917 3997 afﬁrmantibus,
2959 3928 3118 3998 ﬁdem
3166 3927 3374 3981 habeat.

1975 4019 2180 4076 Verum
2222 4018 2390 4075 fuerit
2444 4018 2646 4089 aliquis
2680 4018 2940 4083 fortasse,
2985 4019 3080 4090 qui
3121 4035 3351 4090 corpora
3386 4034 3484 4090 per

1907 4108 2194 4165 interitum
2240 4109 2505 4179 dissipata
2533 4108 2918 4177 considerans,
2953 4116 3007 4164 et
3041 4125 3154 4165 suae
3197 4110 3487 4179 potestatis

1908 4200 2130 4255 modulo
2159 4200 2402 4257 divinam
2434 4202 2686 4265 metiens,
2728 4191 2845 4255 ﬁeri
2879 4215 2988 4254 non
3023 4215 3186 4269 posse
3218 4208 3390 4269 putet,
3425 4209 3485 4253 ut

1906 4306 1973 4346 ex
1996 4294 2228 4347 mortuis
2248 4307 2624 4365 resurgamus,
2658 4307 2722 4346 ac
2750 4308 2838 4348 res
2860 4307 2981 4361 quae
3016 4301 3302 4347 moventur
3327 4293 3484 4362 quie-

1911 4391 2094 4447 scant,
2115 4399 2346 4454 quaeque
2378 4399 2529 4440 nunc
2563 4392 2711 4441 motu
2735 4391 2944 4447 carent,
2977 4384 3310 4439 excitentur.
3342 4383 3483 4440 Huic

1907 4474 1961 4529 id
1992 4475 2229 4544 primum
2263 4484 2588 4546 argumento
2621 4476 2717 4541 sit,
2751 4475 2978 4530 omnino
3014 4475 3258 4530 futuram
3299 4492 3485 4532 resur-

222 4593 336 4646 ριον
362 4574 468 4642 τῆς
500 4572 641 4626 κατά
668 4573 766 4643 τὴν
794 4573 1087 4627 ἀνάστασιν
1113 4569 1390 4641 ἀληθείας,
1414 4569 1479 4622 τὸ
1507 4567 1602 4622 τοῦ
1633 4567 1799 4640 κηρύ-

1916 4565 2209 4620 rectionem
2242 4585 2254 4620 :
2301 4566 2450 4637 quod
2489 4566 2823 4622 certissimis
2862 4575 2947 4623 est
2977 4568 3218 4622 oraculis
3251 4583 3315 4623 ea
3349 4584 3484 4637 prae—

219 4680 429 4735 γματος
479 4664 648 4734 αὑτῆς
684 4662 1025 4728 ἀξιόπιστον·
1060 4662 1093 4732 ἠ
1129 4661 1189 4715 δὲ
1236 4659 1341 4713 τῶν
1381 4660 1687 4730 λεγομένοιν
1718 4658 1805 4713 πί-

220 4771 334 4820 στις
363 4757 433 4808 ὲκ
460 4755 560 4825 τῆς
590 4754 699 4809 τῶν
725 4754 925 4809 λοιπῶν
950 4753 1057 4807 τῶν
1081 4752 1497 4825 προρρηθέντων
1526 4752 1803 4813 ἐκϐάσεως

218 4847 276 4900 τὸ
296 4846 545 4917 ἀσφαλὲς
573 4845 705 4916 ἔχει.
742 4846 957 4917 Ἐπειδὴ
987 4845 1096 4916 γάρ
1139 4844 1362 4908 πολλούς
1399 4862 1455 4897 τε
1486 4845 1580 4898 καὶ
1610 4860 1801 4896 παντο-

219 4937 421 5002 δαποὺς
450 4939 720 5009 παρέθετο
743 4936 931 5006 λόγους
956 4940 990 5008 ἡ
1023 4936 1140 4991 θεία
1169 4936 1377 5008 Γραφὴ,
1410 4934 1628 4988 δυνατόν
1654 4937 1802 4988 ἐστιν

217 5030 362 5094 ὅπως
382 5030 453 5083 ἂν
477 5029 578 5100 ἔχῃ
600 5028 880 5101 ψεύδουςῆ
903 5028 1156 5101 ἀληθείας
1170 5028 1238 5083 τὰ
1259 5028 1418 5081 λοιπά
1445 5027 1552 5081 τῶν
1580 5025 1803 5097 εἰρημέο

217 5138 320 5175 νων
341 5120 741 5191 θεασαμένους,
764 5119 830 5173 δι’
850 5120 1070 5173 ἐκείνων
1093 5120 1269 5173 καὶτὸ
1294 5121 1421 5191 περὶ
1445 5119 1546 5188 τῆς
1565 5117 1800 5172 ἀναστά-

218 5228 354 5276 σεως
387 5211 572 5282 δόγμα
613 5210 967 5281 κατανοῆσαι.
1012 5212 1075 5264 Εἰ
1111 5212 1210 5281 μὲν
1237 5211 1344 5281 γὰρ
1385 5211 1442 5263 ὲν
1482 5212 1594 5271 τοῖς
1622 5207 1801 5270 ἀλλοις

214 5301 431 5372 ψευδεῖς
454 5305 507 5357 oi
536 5301 709 5371 λόγοι,
740 5302 834 5355 καὶ
851 5302 1231 5372 διεσφαλμένοι
1251 5302 1348 5370 τῆς
1380 5297 1634 5370 ἀληθείας
1653 5298 1804 5367 ἐλέγ-

210 5411 416 5464 χονται,
438 5392 569 5447 οὑδὲ
588 5390 750 5444 τοῦτο
782 5390 998 5454 πάντως
1029 5390 1184 5455 ἐκτὸς
1213 5390 1441 5460 ψεύδους
1469 5389 1636 5444 ἐστίν.
1655 5390 1719 5442 Εἰ
1746 5388 1805 5442 δὲ

1905 4657 2072 4723 dicta,
2112 4672 2236 4727 quae
2272 4673 2399 4714 vera
2429 4674 2553 4715 esse
2583 4659 2653 4715 de
2680 4659 2785 4713 hoc
2817 4660 2984 4715 statui
3012 4665 3215 4728 potest,
3253 4659 3399 4729 quod
3430 4668 3485 4714 et

1908 4757 2106 4803 caetera
2176 4747 2269 4804 Dei
2318 4750 2576 4805 vaticinia
2629 4759 2861 4806 eventus
2915 4749 3035 4820 ipse
3085 4750 3479 4819 comprobavit.

1906 4835 2043 4891 Nam
2078 4853 2203 4893 cum
2245 4840 2415 4893 multa
2448 4841 2560 4895 sint
2607 4854 2673 4895 ac
2713 4839 2864 4894 varia
2902 4841 3074 4896 sacris
3103 4839 3327 4893 Litteris
3357 4853 3484 4908 pro-

1908 4929 2040 4991 dita,
2073 4930 2121 4983 si
2150 4945 2214 4985 ea
2233 4931 2316 4985 vel
2345 4930 2482 4985 falsa
2510 4932 2595 4986 vel
2627 4947 2753 4987 vera
2773 4948 2899 4989 esse
2919 4930 3439 5002 deprehendet-imus
3465 4949 3478 4983 :

1905 5019 2093 5077 licebit
2125 5030 2180 5075 et
2207 5021 2275 5076 de
2305 5023 2730 5080 resurrectionis
2769 5025 3019 5080 doctrina
3068 5023 3292 5093 perinde
3320 5031 3483 5091 atque

1906 5111 1974 5167 de
1989 5114 2070 5168 eis
2101 5113 2442 5169 existimare.
2475 5114 2609 5167 Nam
2658 5115 2705 5170 si
2746 5122 2941 5169 caatera
2974 5115 3108 5168 falsa
3131 5122 3277 5179 sunt,
3321 5125 3483 5183 atque

1908 5216 1940 5256 a
1978 5206 2211 5257 veritate
2249 5204 2602 5259 abhorrentia
2635 5223 2649 5259 :
2681 5206 2846 5259 etiam
2880 5205 2996 5259 haec
3035 5203 3323 5259 mendacio
3371 5220 3479 5259 non

1906 5292 2132 5346 carebit.
2178 5291 2286 5346 ‘Sin
2339 5294 2525 5346 omnia
2577 5308 2707 5347 vera
2766 5307 2909 5358 esse,
2968 5293 3087 5363 ipsa
3144 5295 3480 5364 experientia

1907 5388 2283 5444 testimonium
2330 5389 2686 5459 perhibente,
2736 5396 3002 5443 constat:
3049 5397 3479 5445 consentaneum

209 5485 277 5540 τά
294 5485 432 5541 ἀλὶα
462 5483 651 5539 πάντα
681 5480 1064 5553 μαρτυροῦσαν
1083 5481 1196 5553 ἔχει
1217 5485 1283 5554 τῇ
1311 5479 1535 5553 ἀληθεία
1563 5480 1661 5552 τὴν
1690 5478 1799 5568 πεῖ-

1916 5480 2122 5535 veritati
2158 5480 2326 5535 etiam
2359 5480 2465 5535 hoc
2493 5479 2561 5535 de
2593 5480 3005 5535 resurrectione
3027 5478 3349 5535 vaticinium
3383 5494 3482 5548 pu-

211 5573 666 5647 ρανίάκόλουθον
709 5569 777 5625 ἂν
808 5571 893 5643 εἴη
918 5572 985 5626 δι’
1015 5573 1237 5627 ἐκείνων
1278 5574 1372 5626 καὶ
1397 5574 1498 5644 τὴν
1550 5573 1675 5642 περὶ
1704 5572 1802 5644 τῆς

205 5667 570 5731 ἀναστάσεως
600 5660 913 5735 πρόρρησιν
955 5662 1125 5736 ἀληθῆ
1158 5663 1407 5737 νομίσαι.
1439 5661 1648 5750 Οὑιιοῦν
1681 5663 1800 5760 sm:

1909 5570 2133 5626 tandum
2164 5571 2288 5627 erit.
2331 5570 2672 5627 Revocemus
2697 5584 2828 5641 ergo
2870 5570 3030 5625 nobis
3062 5569 3120 5624 in
3159 5569 3483 5625 memoriam

1911 5678 2079 5720 unum
2119 5670 2283 5735 atque
2320 5662 2553 5721 alterum
2599 5678 2668 5721 ex
2700 5662 2795 5735 iis,
2841 5677 2962 5736 quae
3011 5668 3139 5723 ante
3173 5668 3304 5719 sunt
3345 5652 3482 5709 divi-
