3766 5988
343 247 450 302 815

1589 247 1647 303 S.
1674 245 2000 306 GREGORll
2056 246 2350 303 NYSSENI

3482 239 3583 294 216

346 362 529 415 ιιίιιιεκ
551 361 900 426 denuntiata,
960 367 1016 416 et
1064 370 1259 416 eventa
1305 377 1429 417 cum
1467 364 1905 433 praedictionibus

2085 364 2348 434 ηησθῶμεν
2377 362 2493 422 ἐνὸς
2522 360 2554 430 ἦ
2586 358 2726 417 δυοῖν
2748 356 2867 425 ⁸τῶν
2888 350 3477 429 προκατηγγελμένων,
3495 353 3587 405 καὶ

343 453 713 513 conferamus,
744 461 805 506 ut
831 468 899 506 ex
943 453 1052 508 illis
1090 468 1511 524 cognoscamus,
1541 470 1776 511 verusne
1805 457 1909 510 hac

346 546 509 598 etiam
562 545 621 597 in
669 552 824 613 parte
867 532 1088 601 divinus
1130 561 1311 601 sermo
1362 548 1433 602 sit
1484 547 1905 603 existimandus.

343 633 479 698 Quis
505 645 589 690 est
612 635 704 704 qui
727 635 956 701 nesciat,
985 651 1147 706 quam
1177 636 1308 689 olim
1341 637 1766 691 lsraeliticorum
1803 651 1907 689 na-

344 725 422 777 tio
477 740 657 779 rerum
710 727 955 779 omnium
1004 728 1175 796 copiis
1229 726 1513 793 ﬂoruerit,
1563 742 1687 781 cum
1746 728 1909 782 etiam

345 816 608 871 adversus
640 817 788 872 orbis
834 818 1062 887 imperia
1091 825 1285 872 caetera
1317 818 1716 887 consurgeret?
1745 833 1910 886 quam

344 909 604 975 praeclara
650 908 1043 979 Hierosolymis
1072 918 1229 964 erant
1259 908 1495 979 palatia?
1526 909 1765 962 moenia?
1794 919 1910 962 tur-

344 1000 475 1054 res?
495 1015 615 1068 qua:
644 1002 831 1068 templi
855 999 1298 1069 magniﬁcentia?
1321 1001 1470 1069 ipsos
1501 997 1715 1052 Domini
1753 999 1912 1053 disci-

341 1092 503 1159 pulos
564 1093 674 1145 haec
729 1092 1089 1145 admiratione
1138 1091 1301 1162 digna
1344 1092 1629 1146 censuisse
1671 1099 1906 1146 constat.

343 1178 478 1233 Nam
529 1182 765 1249 quodam
808 1181 986 1236 aﬂ‘ecti
1045 1189 1269 1251 stupore
1321 1181 1389 1237 de
1443 1182 1639 1235 borum
1682 1182 1906 1249 intuitu,

342 1269 635 1323 Dominum
693 1272 856 1326 etiam
896 1272 984 1326 his
1031 1272 1213 1327 verbis
1267 1273 1335 1326 ad
1395 1272 1907 1341 contemplationem

344 1363 667 1429 invitarunt,
715 1364 1169 1433 quemadmodum
1202 1371 1286 1419 est
1325 1378 1482 1419 sacro
1529 1363 1585 1417 in
1619 1363 1910 1434 Evangelia

344 1453 614 1520 proditum
655 1471 670 1507 :
714 1471 731 1503 ι
764 1453 974 1518 Quanta
1013 1454 1129 1508 haec
1154 1468 1319 1522 opera
1343 1461 1491 1517 sunt,
1517 1464 1735 1522 quantae
1760 1468 1908 1508 Stru-

342 1550 513 1595 ctura:
553 1541 597 1573 ⁸³⁵
623 1541 949 1598 Ιιῡοιιιὶιιιιε
983 1552 1163 1597 autem
1206 1550 1261 1597 et
1296 1541 1411 1597 fore
1440 1543 1534 1595 illo
1561 1543 1619 1596 in
1665 1542 1788 1596 loco
1816 1556 1911 1596 va-

343 1639 485 1684 stam
505 1629 851 1684 solitudinem
876 1631 1237 1699 demonstrat,
1256 1641 1309 1687 et
1324 1633 1649 1703 elegantiam
1669 1641 1912 1688 structu-

2012 455 2468 527 ἀντιπαραθῶμεν
2493 455 2604 515 τοῖς
2632 450 2988 522 προρρηθεῖσι
3026 451 3123 519 τὴν
3153 448 3378 502 ἔκϐασιν
3399 487 3414 511 ,
3447 446 3587 499 ὥστε

2010 548 2211 617 γνῶναι
2238 549 2305 601 δι’
2335 545 2532 610 αὐτῶν,
2561 546 2609 597 εί
2634 544 2767 615 πρὸς
2802 542 2903 614 τὴν
2924 541 3178 613 ἀλήθειαν
3207 541 3239 592 ὁ
3267 539 3428 607 λόγος
3465 537 3586 607 βλέ·

2011 657 2121 693 πει.
2164 639 2260 702 Τίς
2309 638 2408 690 οὑκ
2455 636 2593 690 οἶδεν
2630 637 2777 698 ὅπως
2808 633 2959 705 ἤνθει
2993 632 3132 686 κατὰ
3176 630 3239 684 τὸ
3282 632 3516 701 ἀρχαῖον
3562 629 3591 681 ό

2022 729 2359 801 Ἰσραηλίτης
2384 726 2532 789 λαὸς,
2570 726 2771 789 πάσαις
2801 727 2922 787 ταῖς
2950 722 3094 777 κατὰ
3135 720 3233 792 τὴν
3260 722 3591 789 οἰκουμένην

2008 821 2345 883 δυναστείαις
2368 817 2846 888 ἀντεγειρόμενος;
2874 810 2961 868 οἷα
2980 811 3048 885 ἦν
3071 814 3140 866 τὰ
3170 812 3419 884 βασίλεια
3451 811 3593 865 κατὰ

2009 915 2106 984 τὴν
2126 911 2235 965 τῶν
2262 909 2524 982 Ἱεροσολύ
2532 925 2648 979 μων
2670 908 2823 960 πόλιν
2840 924 2854 972 ;
2871 901 2959 960 οἷα
2988 905 3057 959 τά
3073 905 3226 975 τείχη
3246 905 3332 971 ;_0i
3352 905 3590 973 πύργοις

2009 1007 2043 1075 ἡ
2075 1002 2169 1058 τοῦ
2212 1002 2360 1074 ἱεροῦ
2413 1000 2813 1072 μεγαλουργία;
2861 1000 3003 1070 άπερ
3041 997 3137 1051 καὶ
3166 999 3279 1058 τοῖς
3314 995 3594 1067 μαθηταῖς

2007 1092 2102 1146 τοῦ
2138 1091 2341 1162 Κυρίου
2384 1091 2508 1156 aeta
2542 1088 2817 1159 θαύματος
2854 1085 3132 1157 ἐνομίσθη,
3179 1083 3275 1137 καὶ
3297 1085 3592 1137 κατανοεῖν

2012 1182 2227 1249 ἀξιοῦσι
2254 1180 2346 1235 τὸν
2373 1181 2599 1251 Κύριον,
2626 1176 3013 1247 θαυμαστικῶς
3040 1177 3171 1248 περὶ
3189 1175 3257 1228 τά
3285 1173 3597 1243 φαινόμενα

2009 1272 2342 1335 διατεθέντες
2359 1312 2375 1337 ,
2405 1270 2481 1333 ὡς
2509 1271 2542 1340 ἡ
2577 1267 2671 1323 τοῦ
2700 1264 3030 1336 Ε’ὑαγγελίου
3057 1265 3265 1337 ἱστορία
3290 1264 3447 1336 δηλοῖ
3463 1302 3479 1327 ,
3509 1263 3594 1315 λέ-

2009 1380 2199 1433 γοντες
2225 1363 2360 1433 πρὸς
2390 1361 2552 1415 αὐτόν
2576 1377 2590 1393 ο
2625 1378 2644 1412 ι
2695 1359 2923 1413 Ποταπά
2948 1357 3017 1411 τά
3047 1356 3182 1428 ἔργα
3224 1356 3319 1409 καὶ
3349 1353 3594 1409 ποταπαὶ

2010 1457 2067 1511 αἱ
2099 1453 2418 1524 οἰκοδομαίῑ
2454 1472 2473 1505 ι
2518 1453 2547 1504 ὁ
2589 1452 2646 1505 δὲ
2684 1450 2782 1521 τὴν
2816 1450 3081 1520 ἐσομένην
3124 1448 3254 1518 περὶ
3289 1445 3384 1499 τὸν
3425 1445 3593 1498 τόπον

2011 1545 2323 1615 ἐρήμωσιν,
2355 1542 2450 1595 καὶ
2497 1540 2587 1595 τὸν
2624 1539 2927 1611 ἀφανισμὸν
2966 1537 3062 1591 τοῦ
3113 1536 3342 1599 κάλλους
3376 1534 3591 1589 ἐκείνου

2011 1633 2148 1702 πρὸς
2171 1634 2297 1694 τοὺς
2323 1630 2386 1683 τὸ
2415 1630 2588 1701 παρὸν
2618 1627 2997 1700 θαυμάζοντας
3019 1625 3382 1691 ὑποδείκνυσι,
3412 1624 3591 1692 λέγων

343 1737 420 1776 ηε
464 1723 775 1777 universam
808 1725 888 1778 sic
928 1723 1269 1778 interituram
1317 1739 1461 1789 esse,
1498 1734 1559 1779 ut
1588 1739 1698 1779 non
1738 1726 1905 1780 multo

2085 1725 2180 1792 ίδὲν
2211 1722 2319 1776 τῶν
2347 1722 2688 1792 φαινομένων
2720 1720 2835 1791 μετ’
2863 1719 3038 1788 ὀλίγον
3072 1714 3591 1786 ὑπολειφθήσεσθαι.

344 1821 471 1881 post
498 1813 565 1866 de
587 1812 652 1866 iis
678 1827 800 1882 quae
831 1822 943 1867 tum
972 1815 1445 1884 conspicerentur,
1471 1814 1606 1869 nihil
1638 1815 1909 1886 reliquum

344 1905 462 1959 fore
495 1905 827 1974 praediceret.
872 1906 1020 1961 idem
1051 1907 1302 1976 supplicii
1353 1908 1443 1963 sui
1489 1916 1754 1978 tempore,
1784 1923 1908 1963 cum

343 1994 603 2050 mulieres
647 1996 923 2050 nonnullae
969 2004 1262 2066 sequentes
1304 1997 1522 2067 ipsum,
1576 2014 1699 2054 esse
1744 1999 1911 2053 latam

344 2085 608 2154 injustam
655 2086 915 2142 adversus
953 2087 1297 2142 innocentem
1348 2089 1671 2143 sententiam
1703 2089 1913 2143 lamen-

345 2175 515 2229 tando
568 2183 928 2245 quererentur
965 2195 978 2230 :
1026 2177 1226 2247 quippe
1265 2178 1412 2247 quod
1456 2178 1690 2233 necdum
1740 2179 1912 2237 divini

345 2267 585 2329 consilii,
628 2281 737 2336 quo
775 2267 968 2322 isthaec
999 2266 1218 2331 fiebant,
1257 2284 1453 2324 causas
1488 2270 1861 2339 perspicerent
1893 2288 1906 2323 :

345 2372 499 2413 suam
528 2358 746 2427 quidem
771 2367 972 2413 sortem
1002 2368 1058 2414 ut
1084 2359 1306 2414 minime
1328 2359 1674 2429 deplorarem
1704 2368 1908 2426 monet,

344 2464 507 2518 quam
544 2449 818 2519 deplorari
867 2450 947 2505 fas
974 2466 1084 2505 non
1123 2466 1246 2506 esse
1283 2470 1296 2504 :
1328 2452 1580 2520 querelas
1615 2458 1796 2504 autem
1832 2451 1911 2503 la-

344 2550 636 2610 mentaque
657 2542 938 2596 diﬂ‘errent
958 2543 1012 2597 in
1042 2543 1173 2596 illud
1197 2551 1412 2612 tempus
1442 2542 1589 2613 quod
1615 2551 1763 2597 esset
1786 2558 1912 2597 vere

344 2634 606 2704 lacrymis
628 2632 984 2697 destinatum,
1013 2649 1122 2704 quo
1148 2635 1337 2689 urbem
1369 2634 1657 2689 obsidione
1679 2635 1910 2689 cincturi

344 2723 551 2787 hostes,
603 2731 658 2778 et
698 2726 1057 2795 oppugnaturi
1096 2734 1278 2780 essent
1310 2725 1356 2757 “
1390 2745 1403 2779 :
1432 2725 1702 2794 ejusmodi
1748 2726 1910 2782 mise—

345 2815 445 2869 riis
465 2815 739 2870 nationem
763 2817 1188 2872 lsraelitirorum
1215 2819 1355 2873 serie
1372 2819 1631 2873 continua
1644 2818 1913 2888 excipien-

346 2904 518 2968 tibus,
553 2912 610 2958 ut
641 2904 825 2960 felices
861 2908 1206 2976 pradicaturi
1247 2911 1357 2964 sint
1394 2925 1490 2963 eos
1533 2909 1627 2978 qui
1668 2909 1910 2964 sobolem

345 2995 549 3048 nullam
571 3006 974 3064 procreassent.
1002 2998 1080 3053 Ac
1109 2999 1290 3053 verbis
1313 2999 1531 3069 quidem
1556 3000 1682 3066 illis,
1709 3000 1909 3069 quibus

346 3086 465 3140 fore
494 3087 846 3151 vaticinatur,
888 3097 948 3144 ut
981 3106 1047 3144 eo
1076 3099 1321 3162 tempore
1347 3091 1586 3147 sterilem
1620 3093 1801 3147 alvum
1829 3091 1907 3147 fe-
1933 3072 1976 3129 θ

345 3178 507 3232 licem
556 3179 666 3232 sint
708 3180 1073 3235 existimaturi
1116 3201 1130 3237 :
1178 3183 1427 3253 equidem
1466 3183 1695 3237 indicari
1728 3190 1911 3238 statuo

345 3268 540 3336 ingens
580 3268 711 3322 illud
764 3271 1010 3327 mulieris
1059 3273 1356 3342 piaculum,
1396 3289 1518 3343 quae
1568 3273 1663 3328 ﬁlii
1713 3275 1801 3330 sui
1852 3288 1912 3329 se

344 3360 609 3416 carnibus
646 3369 997 3418 exsaturasse
1032 3364 1284 3418 traditur.
1320 3363 1423 3420 Ubi
1467 3380 1601 3435 ergo
1634 3381 1783 3420 nunc
1820 3365 1911 3418 illa

343 3452 606 3520 prmolara
655 3454 887 3522 palatia?
932 3456 1023 3510 ubi
1056 3457 1357 3525 templum?
1385 3457 1478 3512 ubi
1525 3457 1767 3512 mamia?
1817 3456 1911 3512 ubi

344 3540 581 3595 turrium
611 3543 1162 3611 propugnacula?ubi
1217 3535 1584 3593 Israelitarum
1641 3541 1913 3611 respubli-

343 3630 445 3684 ca?
475 3645 544 3685 an
570 3647 679 3686 non
709 3647 831 3688 esse
856 3634 981 3688 illos
1012 3650 1110 3704 per
1134 3635 1321 3690 orbem
1352 3651 1520 3707 prope
1540 3635 1768 3690 dixerim
1794 3633 1914 3688 uni—

342 3731 562 3773 veisum
612 3734 837 3791 sparsos
881 3723 1165 3778 videmus?
1208 3738 1276 3778 an
1321 3740 1427 3780 non
1458 3740 1565 3778 una
1610 3739 1735 3778 cum
1778 3722 1912 3792 ipsis

343 3823 534 3861 eversa
560 3811 758 3877 palatia
778 3813 942 3866 sunt?
974 3813 1053 3866 Ac
1082 3813 1215 3866 mihi
1250 3815 1469 3884 quidem
1504 3817 1616 3869 haec
1648 3812 1912 3869 Dominus

344 3914 455 3952 non
474 3900 714 3968 ipsarum
734 3916 913 3955 rerum
931 3917 1094 3957 causa
1111 3905 1425 3973 praedixisse
1439 3905 1671 3971 videtur,
1696 3905 1913 3974 quando

345 3989 483 4043 nihil
517 3990 757 4046 habituri
791 3991 1074 4050 auditores
1089 3995 1444 4050 emolumenti
1461 4006 1701 4049 erantex
1722 3994 1914 4064 praedi-

2025 1813 2182 1867 Ἀλλά
2210 1813 2308 1868 καί⁹
2338 1812 2489 1884 παρά
2516 1812 2608 1865 τὸν
2634 1810 2729 1864 τοῦ
2764 1808 2967 1872 πάθους
3003 1806 3194 1880 καιρδν
3216 1845 3231 1872 ,
3265 1808 3321 1859 αἱ
3353 1806 3455 1876 μὲν
3491 1822 3592 1873 γυ-

2011 1908 2195 1969 ναῖκες
2223 1903 2618 1975 ἐπηκολούθουν
2651 1900 2944 1973 θρηνοῦσαι
2979 1900 3076 1971 τὴν
3108 1898 3291 1952 ἄδικον
3320 1897 3410 1949 ἐπ’
3441 1893 3591 1964 αὑτῷ

2009 1998 2191 2070 ψῆφον
2214 2015 2228 2029 ·
2267 1995 2421 2051 οὔπω
2469 1996 2578 2067 γάρ
2616 1997 2695 2058 είς
2741 1994 2840 2065 τὴν
2883 1992 2992 2046 τῶν
3045 1988 3346 2061 γινομένων
3383 1990 3592 2041 οἰκονο-

2014 2090 2141 2162 μίαν
2172 2087 2499 2143 ἀπέϐλεπον·
2537 2089 2567 2140 ὁ
2592 2086 2651 2139 δὲ
2690 2083 3045 2155 συμϐουλεύει
3086 2081 3156 2134 τὰ
3191 2080 3288 2151 μὲν
3335 2079 3466 2149 περὶ
3493 2078 3590 2132 αὐ-

2009 2181 2102 2235 τὸν
2132 2179 2390 2250 γινόμενα
2418 2178 2626 2248 σιωπᾷν
2653 2192 2668 2206 ·
2698 2175 2831 2247 μηδὲ
2853 2174 2961 2244 γὰρ
2989 2168 3127 2227 εἶναι
3154 2168 3406 2241 δακρύων
3439 2167 3586 2232 ἄξια·

2013 2269 2339 2341 ὑπερθέσθαι
2377 2268 2435 2321 δὲ
2470 2267 2560 2320 τὸν
2599 2266 2830 2337 όδυρμὺν
2869 2263 2963 2317 καὶ
3014 2262 3103 2315 τὸν
3137 2261 3335 2334 θρῆνον
3377 2258 3459 2322 είς
3495 2257 3592 2309 τὸν

2012 2361 2187 2431 ἀληθῆ
2227 2360 2336 2413 τῶν
2387 2358 2637 2428 δακρύων
2681 2355 2906 2427 καιρὸν,
2949 2355 3077 2407 ὅταν
3123 2348 3424 2421 περισχεθῇ
3478 2350 3589 2411 τοῖς

2013 2449 2390 2522 πολιορκοῦσιν
2416 2451 2449 2520 ὴ
2482 2448 2656 2513 πόλις,
2682 2449 2778 2500 καὶ
2807 2447 2885 2509 είς
2916 2441 3167 2497 τοσοῦτον
3197 2440 3426 2510 συνοχῆς
3458 2436 3589 2507 ἔλθῃ

2009 2542 2079 2597 τὰ
2112 2541 2284 2611 πάθη,
2320 2540 2395 2603 ὡς
2427 2540 2758 2611 μακάριστον
2795 2534 3043 2606 ἡγεῖσθαι
3083 2532 3174 2586 τὸν
3218 2530 3293 2602 μὴ
3318 2529 3592 2599 γεννώμε-

2011 2649 2119 2688 νον.
2162 2633 2250 2686 Ἐν
2277 2627 2357 2694 οἷς
2390 2632 2484 2683 καὶ
2511 2631 2572 2682 τὸ
2610 2629 2739 2698 περὶ
2777 2616 2872 2698 τὴν
2915 2623 3248 2692 τεκνοφάγον
3280 2621 3592 2691 προεμήνυ-

2014 2741 2104 2777 σεν
2141 2721 2293 2790 άγος,
2324 2721 2493 2773 εἰπὼν
2531 2714 3030 2790 μακαρισθήσεσθαι
3068 2711 3212 2767 κατά
3243 2710 3342 2772 τάς
3375 2709 3594 2779 ἡμέρας

2011 2814 2225 2876 ὲκείνας
2265 2813 2364 2884 τὴν
2393 2811 2635 2882 γαστέρα
2668 2810 2765 2880 τὴν
2795 2809 3008 2876 άγονον.
3042 2803 3154 2858 Ποῦ
3192 2801 3370 2855 τοίνυν
3405 2801 3596 2852 ἐκεῖνα

2010 2906 2081 2959 τὰ
2111 2904 2389 2975 βασίλεια;
2423 2902 2525 2955 ποῦ
2554 2902 2613 2954 τὸ
2647 2900 2825 2971 ίερόν;
2858 2896 2960 2950 ποῦ
3007 2895 3075 2948 τά
3117 2894 3307 2963 τείχης
3350 2890 3455 2943 ποῦ
3485 2889 3596 2941 τῶν

2013 2996 2236 3064 πύργων
2267 2994 2322 3046 αί
2343 2991 2601 3062 προϐολαί
2621 3007 2635 3056 ;
2664 2989 2765 3041 ποῦ
2789 2988 2846 3041 δὲ
2866 2990 2900 3058 ἡ
2921 2986 3027 3039 τῶν
3058 2980 3406 3054 Ἰσραηλιτῶν
3429 2981 3595 3033 δυναο

2014 3086 2195 3150 στεία;
2242 3084 2338 3154 ούχ
2389 3085 2438 3136 οἱ
2468 3084 2564 3153 μὲν
2610 3079 2749 3134 κατά
2793 3081 2970 3132 πᾶσαν
3015 3074 3208 3148 μικροῦ
3239 3073 3347 3125 δεῖν
3373 3071 3475 3141 τὴν
3517 3072 3599 3122 oi-

2015 3177 2286 3247 κουμένην
2315 3175 2471 3237 ἄλλος
2506 3172 2710 3242 ἀλλαχῆ
2740 3168 3138 3240 διεσπάρησαν;
3178 3167 3244 3235 τῇ
3290 3163 3348 3216 δὲ
3386 3160 3599 3213 τούτων

2016 3270 2367 3339 καταστροφῇ
2394 3283 2525 3336 συνη
2535 3263 2771 3334 ρειπώθη
2803 3263 2896 3315 καὶ
2914 3259 2983 3314 τὰ
3002 3258 3276 3329 βασίλειας
3303 3255 3464 3307 Δοκεῖ
3485 3253 3598 3322 γάρ

2018 3378 2108 3433 μοι
2136 3360 2309 3412 ταῦτα
2337 3357 2431 3411 καὶ
2466 3355 2536 3409 τὰ
2560 3354 2783 3408 τοιαῦτα
2811 3349 3157 3425 προμηνῦσαι
3196 3347 3225 3399 ὁ
3266 3345 3468 3433 Κύριος
3488 3384 3504 3408 ,
3533 3343 3596 3396 οἰ

2013 3429 2122 3500 τῶν
2176 3444 2512 3516 πραγμάτων
2553 3442 2712 3513 χάριν
2770 3439 2862 3512 (τί
2904 3438 3011 3509 γὰρ
3059 3435 3310 3490 τοσοῦτον
3360 3429 3427 3503 ἦν
3480 3434 3599 3492 τοῖς

2015 3537 2268 3592 ἀκούουσι
2312 3535 2498 3605 κέρδος
2524 3533 2632 3585 τῶν
2673 3533 2890 3594 πάντως
2931 3525 3314 3598 ἐκϐησομένων
3354 3523 3388 3592 ἡ
3422 3520 3598 3594 πρόρο

2016 3633 2206 3701 ρησις;
2239 3628 2479 3696 ἔγνωσαν
2509 3625 2617 3695 γὰρ
2642 3623 2707 3678 ἂν
2736 3625 2801 3694 τῇ
2837 3622 3021 3693 πείρᾳ,
3050 3618 3146 3671 καὶ
3177 3618 3251 3688 μὴ
3282 3610 3599 3686 προμαθόν-

2013 3740 2103 3785 τες
2154 3721 2215 3774 τὸ
2252 3717 2674 3794 γενησόμενον),
2709 3714 2821 3769 ἀλλ’
2860 3713 2999 3766 ὥστε
3031 3710 3120 3764 διὰ
3160 3707 3364 3761 τούτων
3410 3705 3599 3765 αὐτοῖς

2021 3813 2114 3869 καὶ
2147 3811 2243 3882 τὴν
2289 3811 2417 3881 περὶ
2453 3808 2559 3862 τῶν
2601 3807 2859 3879 μειζόνων
2912 3804 3093 3856 πίστιν
3135 3801 3215 3864 είς
3265 3794 3598 3851 ἀκολουθίαν

2018 3903 2209 3956 ἐλθεῖν.
2253 3901 2317 3954 Ἠ
2342 3899 2448 3972 γὰρ
2480 3901 2536 3952 έν
2569 3898 2778 3961 τούτοις
2808 3895 2894 3948 διὰ
2931 3894 3039 3947 τῶν
3074 3891 3248 3961 ἔργων
3282 3886 3595 3960 μαρτυρία,

2017 3993 2110 4048 καὶ
2138 3993 2237 4063 τῆς
2264 3994 2321 4046 έν
2350 3991 2575 4055 ἐκείνοις
2607 3989 2857 4061 ἀληθείας
2882 3988 3026 4043 ἐστὶν
3050 3984 3339 4050 ἀπόδειξις.

342 4079 562 4135 catione
589 4095 793 4145 rerum,
811 4096 949 4151 quas
965 4091 1256 4137 eventuras
1293 4093 1443 4138 certo
1472 4084 1559 4138 vel
1590 4085 1707 4154 ipsa
1720 4080 2052 4151 experientia
2094 4081 2365 4152 cognituri
2395 4080 2688 4151 aliquando
2712 4085 2919 4141 essent,
2941 4078 3102 4132 etiam
3144 4090 3254 4129 non
3272 4068 3599 4143 praedictas,

344 4172 442 4227 sed
476 4180 535 4251 ut
568 4188 634 4228 ex
662 4154 748 4229 his
789 4189 954 4245 porro
979 4176 1390 4245 persuasionem
1418 4178 1710 4251 quamdam
1765 4175 1964 4233 animis
2005 4191 2193 4232 eorum
2211 4175 2278 4232 de
2291 4176 2456 4232 rebus
2472 4175 2643 4231 multo
2659 4173 3019 4245 amplioribus
3033 4166 3413 4226 inderet.Nam
3441 4166 3599 4236 quod

344 4248 539 4319 horum
560 4264 741 4320 exitus
761 4266 1101 4336 pradictioni
1118 4269 1421 4337 respondit,
1440 4248 1606 4325 etiam
1624 4271 1829 4343 reliqua
1851 4278 2002 4328 certo
2027 4271 2143 4327 fore
2170 4271 2534 4327 demonstrat.

414 4352 883 4420 Quemadmodum
930 4359 1097 4424 enim,
1131 4361 1178 4415 si
1227 4360 1479 4430 agricolae
1525 4364 1791 4419 seminum
1828 4365 1909 4419 fa-
1941 4368 1985 4422 D

344 4444 606 4497 cultatem
628 4446 943 4514 explicanti,
967 4449 1112 4505 forte
1138 4451 1359 4506 rusticae
1380 4451 1458 4507 rei
1483 4453 1608 4523 quis
1626 4455 1911 4524 imperitus

344 4536 509 4592 ﬁdem
543 4551 652 4591 non
693 4537 938 4595 haheat:
981 4545 1117 4600 satis
1141 4545 1232 4601 ille
1256 4546 1360 4601 sibi
1390 4556 1546 4618 putat
1574 4548 1641 4603 ad
1667 4550 1913 4606 veritatis

344 4626 753 4694 iudicationem,
790 4645 901 4685 uno
932 4631 986 4686 in
1021 4649 1191 4703 grano
1232 4637 1610 4695 universorum
1639 4655 1763 4710 quae
1794 4656 1911 4694 mo-

342 4718 468 4775 dius
521 4720 784 4786 continet,
829 4722 937 4775 vim
990 4722 1418 4796 facultatemque
1461 4729 1755 4785 ostendere
1801 4746 1915 4785 :ac

342 4809 488 4880 quod
519 4810 588 4865 de
626 4825 738 4865 uno
790 4811 1042 4876 aﬂirmet,
1083 4814 1227 4870 idem
1261 4818 1426 4872 etiam
1481 4818 1538 4873 in
1571 4821 1782 4876 caeteris
1825 4837 1911 4877 vc-

343 4918 464 4958 rum
504 4919 627 4959 esse
658 4904 925 4974 polliceri.
963 4904 1098 4959 Nam
1133 4908 1228 4977 qui
1260 4908 1328 4964 de
1358 4925 1471 4965 uno
1505 4912 1689 4981 aliquo
1721 4912 1909 4979 tritici,

343 4994 425 5048 vel
449 4994 659 5059 hordei,
695 4996 781 5050 vel
822 4996 1049 5051 alterius
1071 4996 1329 5054 lrumenti
1361 5001 1522 5070 pleno
1552 5002 1733 5058 modio
1762 5018 1910 5058 com-

344 5086 598 5153 prehensi
633 5102 826 5157 grano,
875 5087 931 5142 in
957 5088 1171 5158 glebam
1207 5090 1477 5159 conjecto,
1520 5093 1728 5162 spicam
1758 5096 1909 5149 nasci

344 5175 561 5238 viderit,
586 5176 732 5231 hunc
755 5179 917 5233 etiam
943 5178 1010 5233 de
1029 5180 1242 5234 caeteris
1271 5196 1615 5252 nequaquam
1657 5183 1910 5240 dubitare

343 5280 572 5322 necesse
612 5276 714 5321 est.
758 5271 838 5321 lta
882 5269 1019 5323 nihil
1049 5271 1252 5326 veritas
1288 5273 1516 5342 reliquis
1546 5273 1748 5330 divinis
1782 5290 1909 5330 ora-

348 5353 485 5408 culis
521 5355 880 5423 respondens,
924 5359 1090 5413 etiam
1138 5358 1267 5413 huic
1291 5360 1360 5417 de
1390 5364 1798 5419 resurrectione
1824 5379 1911 5418 ar-

343 5460 493 5501 cana:
509 5444 770 5501 doctrinae
797 5445 957 5504 ﬁdem
987 5452 1283 5509 conciliare
1319 5455 1551 5511 videtur.
1587 5456 1909 5526 Quanquam

417 5622 461 5657 ⁸⁵
492 5618 657 5679 .‘darc.
703 5638 823 5691 xm,
865 5625 913 5681 1.
995 5628 1039 5659 ⁸⁸
1073 5626 1207 5687 Luc.
1247 5647 1358 5698 six,
1393 5631 1484 5685 43.

2085 4363 2292 4435 Ὥσπερ
2312 4363 2421 4434 γὰρ
2446 4364 2499 4416 εἴ
2521 4379 2664 4426 τινος
2694 4358 2938 4431 γεωργοῦ
2986 4358 3081 4429 τὴν
3114 4356 3220 4409 τῶν
3262 4355 3600 4425 σπερμάτων

2014 4456 2390 4528 ὑφηγουμένου
2420 4456 2669 4526 δύναμιν,
2698 4454 2946 4507 άπιστεῖν
2975 4450 3154 4522 συμϐῇ
3178 4447 3266 4501 τὸν
3290 4448 3388 4514 τῆς
3416 4462 3593 4516 γεωρο

2016 4549 2140 4618 γίας
2168 4548 2481 4620 ἀπείρατον,
2515 4546 2796 4617 αὐτάρκης
2817 4545 2885 4599 ἂν
2915 4545 2995 4607 είς
3024 4540 3296 4606 ἀπόδειξιν
3322 4537 3422 4607 τῆς
3456 4536 3601 4607 ἀληο

2019 4639 2166 4703 θείας
2194 4635 2261 4710 ἦν
2287 4638 2365 4710 τῷ
2394 4637 2645 4708 γεηπόνῳ
2669 4638 2726 4690 ὲν
2756 4636 2838 4690 ἑνὶ
2870 4634 3140 4705 σπέρματι
3168 4630 3274 4685 τῶν
3296 4631 3353 4681 έν
3382 4626 3462 4697 τῷ
3498 4644 3605 4697 μευ

2014 4729 2184 4799 δίμνῳ
2212 4728 2476 4799 κειμένων
2508 4726 2740 4792 δείξαντι
2772 4724 2871 4797 τὴν
2908 4722 3154 4792 δύναμιν,
3182 4720 3276 4773 καὶ
3321 4716 3452 4785 περὶ
3483 4715 3604 4769 τῶν

2016 4820 2215 4873 λοιπῶν
2244 4816 2560 4887 ἐγγυᾶσθαι.
2605 4818 2662 4869 '0
2685 4815 2793 4885 γὰρ
2824 4814 2943 4868 ίδὼν
2971 4814 3061 4866 τὸν
3081 4812 3177 4864 ἕνα
3199 4808 3391 4879 πυρὸν,
3427 4806 3461 4876 ἢ
3494 4805 3605 4877 τὴν

2021 4911 2149 4981 μίαν
2172 4910 2385 4983 κριθὴν,
2412 4910 2444 4980 ἢ
2469 4910 2498 4962 ὂ
2524 4927 2574 4962 τι
2601 4925 2706 4979 περ
2739 4906 2804 4960 ἂν
2829 4907 2887 4958 ὲν
2913 4904 2991 4973 τῷ
3020 4900 3346 4971 πληρώματι
3364 4897 3460 4951 τοῦ
3496 4915 3607 4968 με-

2015 5003 2201 5073 δίμνου
2224 5002 2384 5073 τύχῃ,
2412 4999 2549 5071 μετὰ
2576 5000 2636 5052 τὸ
2674 4995 3144 5067 ἐγκαταϐληθῆναι
3176 4994 3243 5063 τῇ
3271 4990 3428 5061 βώλῳ
3459 4991 3606 5044 στά-

2016 5110 2115 5164 χυν
2144 5094 2452 5163 γενόμενον,
2484 5090 2664 5144 οὐκέτι
2686 5087 2752 5142 ἂν
2779 5087 2866 5141 διά
2889 5084 2982 5139 τοῦ
3009 5084 3147 5147 ἐνὸς,
3179 5080 3297 5135 οὐδὲ
3327 5080 3459 5150 περὶ
3481 5080 3607 5134 τῶν

2017 5182 2217 5239 λοιπῶν
2261 5182 2632 5252 ἀπιστήσειεν.
2678 5177 2865 5241 Οὕτως
2913 5175 3070 5244 ἱκανή
3123 5190 3211 5244 μοι
3256 5170 3406 5223 δοκεῖ
3455 5172 3607 5241 πρὸς

2021 5274 2323 5346 μαρτυρίαν
2354 5272 2489 5326 εἶναι
2515 5272 2609 5326 τοῦ
2639 5273 2779 5326 κατά
2810 5271 2908 5341 τὴν
2940 5267 3231 5321 ἀνάστασιν
3264 5262 3606 5333 μυστηρίου,

2020 5370 2052 5437 ή
2101 5371 2212 5430 τοῖς
2277 5367 2481 5429 λοιποῖς
2539 5364 2647 5420 τῶν
2709 5363 3017 5434 εἰρημένων
3084 5355 3607 5426 συνομολογουμένη

2019 5458 2260 5555 ρήθεια.
2292 5457 2522 5532 ,Μᾶλλον
2566 5456 2623 5509 δὲ
2675 5455 2769 5508 καὶ
2802 5451 2970 5523 αὐτῆς
3016 5449 3116 5518 τῆς
3158 5446 3512 5510 ἀναστάσεως
3568 5451 3609 5516 ἡ
