3794 6000
253 181 365 236 217

1521 202 1608 259 DE
1647 203 1931 262 HOMINIS
1969 209 2280 269 OPlFlClO.

3411 217 3515 270 ‘218

254 317 442 386 πεῖρα,
468 316 533 386 ἥν
562 316 621 368 οὑ
662 316 751 370 διά
794 316 964 386 λόγων
987 319 1263 387 τοσοῦτον,
1290 323 1411 376 ὅσον
1437 324 1503 376 δι’
1533 327 1712 380 αὐτῶν
1738 345 1766 379 τ

1949 334 2121 402 magis
2168 335 2272 390 hoc
2322 337 2435 392 ﬁeri
2485 336 2740 407 equidem
2781 337 2946 392 credo
2983 353 3078 407 per
3122 337 3296 406 ipsam
3332 353 3512 391 rerum

253 408 431 478 ἔργων
464 407 838 479 ἐδιδάχθημεν.
887 411 1102 482 Ἐπειδὴ
1132 413 1240 484 γὰρ
1280 413 1420 483 μέγα
1453 417 1547 468 καὶ
1572 417 1711 488 ὑπὲρ
1743 419 1833 471 πίε

252 515 372 550 στιν
396 494 464 568 ἦν
492 499 553 551 τὸ
588 499 729 552 κατά
769 499 867 570 τὴν
893 501 1188 554 ἀνάστασιν
1233 503 1440 574 θαῦμα,
1484 506 1570 559 διά
1604 508 1711 561 τῶν
1742 527 1840 563 καο

253 589 502 658 τωτέρων
545 590 646 660 τῆς
674 591 1103 662 θαυματοποιίας
1137 594 1462 664 ἀρξάμενος,
1491 599 1678 669 ἠρέμα
1721 617 1838 663 πως

250 680 347 750 τὴν
383 681 568 734 πίστιν
603 681 763 752 ήμῶν
805 679 1116 754 προσεθίζει
1146 688 1258 748 τοῖς
1299 685 1527 756 μείζοσι.
1571 690 1838 762 Καθάπερ

249 772 360 841 γάρ
399 789 486 835 τις
522 774 707 844 μήτηρ
747 775 1097 846 καταλλήλως
1128 778 1486 850 τιθηνουμὲνη
1521 780 1582 832 τὸ
1620 783 1835 852 νήπιον,

247 864 390 925 τέως
446 864 548 933 μὲν
590 865 786 934 ἁπαλῷ
828 882 887 918 τε
921 868 1016 918 καὶ
1051 866 1204 937 ὑγρῷ
1235 867 1312 938 τῷ
1341 869 1569 939 στόματι
1608 871 1668 923 τὸ
1697 871 1838 938 γάλα

248 953 337 1006 διὰ
367 955 468 1023 τῆς
511 955 684 1026 θηλῆς
727 956 1032 1027 ἐντίθησιν⁹
1085 958 1491 1028 ὀδοντοφυοῦντι
1528 961 1583 1014 δὲ
1614 962 1715 1032 ήδη
1748 965 1840 1016 καὶ

250 1046 610 1117 αὐξανομένῳ
651 1049 922 1117 προσάγει
959 1047 1050 1101 τὸν
1087 1049 1270 1120 ἄρτον,
1307 1053 1366 1104 οὑ
1409 1051 1614 1122 τραχύν
1655 1070 1714 1104 τε
1748 1055 1840 1107 καὶ

250 1137 685 1208 ἀκατέργαστον,
716 1139 792 1201 ὡς
819 1139 883 1192 ἂν
917 1141 991 1210 μὴ
1021 1141 1368 1212 περιξανθείη
1395 1143 1470 1212 τῷ
1499 1143 1717 1214 σκληρῷ
1742 1147 1839 1214 τῆς

250 1227 460 1296 τροφῆς
482 1227 544 1279 τὸ
563 1227 672 1279 τῶν
697 1226 870 1280 οῦλων
894 1226 1100 1280 ἁπαλόν
1117 1244 1174 1279 τε
1202 1229 1294 1280 καὶ
1317 1227 1681 1298 ἀγύμναστον,
1705 1230 1840 1284 ἀλλά

251 1321 364 1382 τοῖς
391 1319 542 1381 ἰδίοις
565 1318 742 1372 ὀδοῦσι
767 1319 1162 1383 καταλεάνασα,
1190 1319 1498 1390 σύμμετρόν
1517 1338 1575 1373 τε
1607 1323 1698 1374 καὶ
1718 1338 1842 1374 κατ-

253 1408 483 1478 άλληλον
529 1411 597 1479 τῇ
647 1408 874 1478 δυνάμει
911 1406 1003 1460 τοῦ
1055 1410 1499 1479 προσφερομένου
1547 1410 1836 1478 ἐποίησεν·

251 1493 370 1550 εἶτα
429 1497 575 1550 κατά
626 1496 940 1568 προσθήκην
995 1497 1095 1567 τῆς
1143 1497 1425 1567 δυνάμεως
1473 1497 1838 1570 ὲπιδιδοὺσης,

250 1587 615 1659 προσεθισθὲν
678 1591 791 1650 τοῖς
847 1586 1221 1656 ἁπαλωτέροις
1283 1587 1466 1658 ἡρέμα
1521 1588 1582 1640 τὺ
1648 1591 1840 1660 νήπιον

1939 426 2357 493 experientiam.
2401 426 2520 481 Non
2556 429 2702 482 enim
2743 438 2856 481 tam
2901 431 3079 486 verbis
3104 447 3268 502 quam
3293 447 3350 487 re
3396 433 3510 500 ipsa

1940 517 2400 571 resurrectionem
2452 517 2570 572 lore
2613 518 2934 574 didicimus.
2976 517 3052 572 Ea
3094 535 3224 574 vero
3266 536 3391 572 cum
3427 535 3515 575 res

1942 605 2014 660 sit
2052 607 2248 672 ardua,
2295 617 2352 662 et
2406 625 2573 680 pr0pe
2611 609 2842 664 dixerim
2875 619 3027 664 extra
3067 611 3225 664 [idem
3279 611 3458 680 posita
3498 628 3514 665 :

1941 695 2148 751 idcirco
2173 696 2439 755 Dominus
2485 715 2510 752 a
2563 701 2844 754 miraculis
2876 701 3233 756 inferioribus
3263 715 3515 766 exorsus,

1941 787 2203 855 paulatim
2238 805 2338 844 nos
2369 791 2768 856 condocefacit,
2806 800 2865 845 ut
2909 793 2963 844 in
2997 792 3160 846 rebus
3204 794 3366 846 etiam
3400 806 3510 844 ma-

1935 875 2152 944 joribus
2195 878 2350 934 [idem
2380 881 2483 950 ipsi
2537 881 2858 936 habeamus.
2889 881 3068 949 Atque
3095 881 3172 934 uti
3223 888 3398 934 mater
3429 896 3518 934 ra-

1941 967 2094 1022 tione
2123 969 2362 1038 quadam
2407 981 2778 1026 consentanea
2821 972 2903 1027 sic
2935 973 3106 1025 nutrit
3138 971 3423 1033 infantem,
3458 979 3517 1024 ut

1942 1059 2100 1113 initio
2145 1061 2365 1130 quidem
2415 1073 2602 1118 tenero
2653 1064 2827 1133 ipsius
2872 1063 2953 1116 ori
3000 1077 3063 1115 ac
3102 1063 3249 1115 molli
3297 1063 3378 1114 lac
3422 1076 3520 1130 per

1942 1151 2239 1204 mamillam
2281 1152 2531 1219 instillet,
2575 1153 2774 1208 deinde
2819 1153 2912 1207 ubi
2948 1153 3060 1222 jam
3096 1152 3354 1206 dentibus
3380 1167 3518 1221 pra:-

1941 1239 2111 1306 ditus,
2143 1257 2207 1295 ac
2236 1244 2575 1312 majusculus
2599 1259 2720 1298 esse
2749 1243 2939 1313 εωμίι,
2984 1252 3180 1306 panem
3199 1242 3247 1294 ei
3270 1243 3514 1313 porrigit.

1941 1346 2051 1385 non
2087 1332 2240 1386 illum
2276 1334 2496 1404 quidem
2534 1351 2813 1404 asperum,
2861 1345 2916 1390 et
2966 1335 3059 1404 qui
3097 1334 3269 1403 digeri
3319 1334 3386 1386 ab
3436 1333 3515 1385 in-

1943 1423 2088 1478 fante
2112 1433 2365 1492 nequeat,
2401 1435 2458 1478 ut
2493 1427 2684 1482 molles
2707 1435 2760 1481 et
2783 1427 3152 1482 inexercitatae
3188 1426 3416 1496 gingiva:
3447 1425 3517 1478 ab

1940 1513 2060 1583 ejus
2093 1515 2292 1570 duritie
2325 1531 2431 1570 non
2461 1516 2745 1582 laedantur,
2786 1518 2879 1573 sed
2919 1518 3034 1572 suis
3064 1517 3330 1585 ,dentibus
3359 1531 3515 1569 man-

1942 1621 2087 1669 sum,
2105 1605 2470 1678 effectumque
2498 1609 2656 1662 talem
2690 1617 2748 1662 ut
2773 1609 2982 1664 viribus
3007 1610 3158 1678 pueri
3186 1608 3475 1662 conveniat
3502 1626 3514 1660 :

249 1679 522 1750 προσάγει
556 1681 621 1749 τῇ
664 1677 1002 1749 στερεωτέρᾳ
1037 1680 1232 1748 τροφῇ·
1262 1677 1403 1730 οὕτω
1429 1677 1526 1748 τὴν
1563 1678 1768 1750 ἀνθρωτ

1943 1697 2010 1752 ad
2027 1705 2332 1752 extremum
2357 1706 2535 1754 autem
2563 1701 2888 1754 conﬁrmato
2905 1701 3017 1770 jam
3045 1700 3163 1769 ejus
3187 1700 3403 1762 robore,
3437 1704 3515 1752 te-

248 1789 352 1840 νην
381 1769 749 1840 μικροψυχίαν
779 1769 807 1821 6
835 1768 1057 1840 Κύριος,
1091 1765 1202 1822 οἷόν
1229 1787 1283 1822 τι
1312 1773 1505 1840 νήπιον
1545 1771 1731 1834 ἀτελὲς
1753 1771 1839 1824 διὰ

248 1860 362 1913 τῶν
393 1861 689 1929 θαυμάτων
712 1859 926 1931 τρέφων
952 1862 1044 1913 καὶ
1064 1861 1280 1931 τιθηνού
1290 1879 1468 1932 μενος,
1493 1863 1710 1934 πρῶτον
1740 1863 1839 1933 μὲν

251 1955 311 2006 ἐν
356 1952 758 2022 ἀπεγνωσμένῃ
803 1952 945 2020 νόσῳ
986 1951 1084 2022 τήν
1119 1953 1217 2022 τῆς
1263 1953 1611 2016 ἀναστάσεως
1649 1971 1838 2024 προοι-

253 2044 512 2113 μιάζεται
546 2042 793 2112 δύναμιν,
839 2041 868 2093 ὃ
910 2043 1052 2112 μέγα
1092 2042 1189 2113 μὲν
1215 2039 1282 2113 ἦν
1318 2041 1395 2113 τῷ
1427 2041 1834 2115 κατορθώματι,

247 2136 311 2187 οὑ
347 2135 452 2205 μὴν
479 2132 743 2197 τοιοῦτον,
768 2128 880 2186 οἷον
908 2133 1253 2186 ἀπιστεῖσθαι
1277 2134 1588 2204 λεγόμενον.
1627 2135 1834 2189 Ἐπιτι-

254 2228 440 2296 μήσας
480 2225 591 2295 γάρ
620 2224 699 2295 τῷ
743 2224 961 2296 πυρετῴ
997 2224 1241 2295 σφοδρῶς
1289 2226 1388 2294 τὴν
1431 2224 1697 2295 πενθερὰν
1740 2225 1834 2279 τοῦ

251 2318 499 2387 Σίμωνος
534 2315 953 2384 καταφλέγοντι,
985 2316 1249 2386 τοσαύτην
1278 2316 1500 2384 ἐποίησε
1533 2316 1625 2369 τοῦ
1665 2318 1834 2370 κακοῦ

247 2410 352 2478 τὴν
382 2407 734 2478 μετάστασιν,
771 2407 846 2470 ὡς
874 2407 1010 2478 πρὸς
1038 2407 1098 2459 τὸ
1134 2407 1394 2459 διακονεῖν
1428 2410 1540 2470 τοῖς
1569 2408 1835 2478 παροῦσιν

249 2496 536 2568 ἐνισχῦσαι
563 2495 660 2566 τήν
683 2495 783 2565 ήδη
816 2496 1269 2566 προσδοκωμένην
1294 2495 1662 2566 τεθνήξεσθαι.
1699 2496 1833 2553 Εἶτα

254 2589 452 2658 μικρόν
489 2605 542 2640 τι
567 2590 635 2658 τῇ
663 2585 889 2656 δυνάμει
919 2585 1261 2656 προστίθησι,
1293 2587 1386 2638 καὶ
1424 2585 1517 2639 τοῦ
1553 2587 1832 2656 βασιλικοῦ

247 2681 347 2734 τὸν
385 2682 597 2735 υἱὸν-ὲν
638 2679 1054 2751 ὁμολογουμένῳ
1098 2677 1326 2749 κινδύνῳ
1362 2677 1611 2749 κείμενον
1653 2681 1670 2746 (
1692 2679 1834 2732 οὑτω

249 2773 364 2841 ⁸ίάρ
395 2789 560 2841 φησιν
587 2773 622 2841 ή
658 2770 889 2842 ἱστορία,
918 2771 999 2822 ὅτι
1045 2769 1235 2840 ἔμελλε
1270 2769 1526 2839 τελευτᾷν
1545 2811 1560 2835 ,
1590 2769 1683 2822 τοῦ
1731 2787 1832 2824 παι

249 2863 381 2933 τρὸς
427 2862 681 2932 βοῶντος
730 2880 750 2912 t
792 2860 1076 2930 Κατάδηθι
1107 2861 1235 2930 πρὶν
1261 2860 1551 2914 ἀποθανεῖν
1599 2859 1662 2912 τὸ
1701 2877 1831 2913 παι-

247 2956 468 3027 δίον-ι)
502 2957 717 3026 ἐνεργεῖ
746 2955 908 3009 πάλιν
942 2953 1036 3007 τοῦ
1070 2953 1417 3022 τεθνήξεσθαι
1459 2953 1832 3024 πεπιστευμέ-

255 3066 347 3102 νου
379 3049 477 3118 τὴν
516 3047 844 3108 ἀνάστασιν,
867 3047 923 3099 ὲν
959 3045 1166 3115 μείζονι
1203 3048 1268 3115 τῇ
1297 3045 1523 3114 δυνάμει
1558 3044 1620 3097 τὸ
1649 3044 1833 3114 θαῦμα

250 3138 762 3210 κατεργασάμενος,
791 3136 870 3207 τῷ
899 3136 1033 3206 μηδὲ
1060 3135 1355 3204 πλησιάσαι
1384 3134 1460 3205 τῷ
1489 3136 1639 3206 τόπῳ
1657 3177 1671 3202 ,
1701 3135 1834 3188 ἀλλὰ

251 3231 541 3302 πόρρωθεν
568 3231 635 3300 τῇ
667 3227 762 3282 τοῦ
789 3227 1206 3298 προστάγματος
1237 3225 1378 3296 ἰσχύϊ
1401 3226 1502 3296 τὴν
1531 3224 1676 3296 ζωὴν
1703 3227 1834 3278 ἀποο

254 3323 486 3374 στεῖλαι.
550 3320 720 3374 Πάλιν
787 3319 853 3371 δι’
922 3317 1240 3378 ἀκολουθίας
1300 3319 1414 3380 τοῖς
1485 3315 1835 3388 ὑψηλοτέροις

252 3411 613 3466 ἐπαναϐαίνει
642 3410 902 3481 θαύμασι.
945 3410 1089 3480 Πρὸς
1126 3408 1236 3479 γάρ
1273 3407 1370 3478 τὴν
1404 3407 1570 3459 παῖδα
1607 3405 1702 3459 τοῦ
1736 3408 1834 3476 ἀρ-

251 3499 635 3572 χισυναγώγου
659 3501 928 3571 ὁρμήσας,
954 3497 1094 3551 ἑκὼν
1121 3497 1286 3550 ἔδωκε
1310 3499 1377 3568 τῇ
1405 3495 1682 3568 ὁδοιπορίᾳ
1713 3512 1836 3566 σχο-

250 3593 373 3662 λὴν,
403 3593 501 3662 τὴν
525 3593 670 3645 ῐασιν
705 3590 807 3659 τῆς
833 3589 1156 3660 αἱμορροίας
1175 3587 1514 3658 δημοσιεύων
1541 3587 1831 3651 λαθοῦσαν,

256 3683 334 3745 ὡς
368 3682 434 3734 ἂν
465 3682 524 3732 ἐν
545 3678 624 3750 τῷ
655 3678 832 3750 χρόνῳ
857 3677 1030 3748 τούτῳ
1064 3679 1498 3749 κατακρατήσειε
1524 3678 1623 3747 τῆς
1651 3677 1836 3730 νοσού-

256 3788 358 3840 σης
397 3773 426 3824 6
454 3770 705 3833 θάνατος.
743 3771 900 3840 Ἀρτι
929 3769 1108 3822 τοίνυν
1143 3770 1243 3839 τῆς
1269 3769 1446 3839 ψυχῆς
1475 3767 1837 3839 χωρισθείσης

253 3864 349 3918 τοῦ
383 3863 655 3934 σώματος,
687 3861 784 3913 καὶ
813 3859 1220 3931 θορυϐουμένων
1249 3862 1305 3912 ὲν
1328 3862 1392 3930 τῇ
1423 3861 1592 3931 γοερᾷ
1621 3862 1833 3930 κραυγῇ

253 3957 364 4011 τῶν
396 3954 815 4010 ὲπικωκυόντων
847 3954 926 4026 τῷ
959 3954 1120 4008 πάθει
1140 4000 1154 4021 ,
1183 3953 1432 4026 καθάπερ
1462 3954 1522 4019 ἐξ
1556 3954 1726 4008 ὑπνου
1757 3953 1836 4024 τῷ

257 4047 646 4120 προστακτικῷ
681 4047 825 4117 λόγῳ
853 4046 1149 4116 διανίστησι
1187 4047 1346 4100 πάλιν
1379 4045 1515 4118 πρὸς
1558 4048 1658 4118 τὴν
1688 4047 1834 4117 ζωὴν

255 4140 318 4193 τὸ
347 4140 638 4210 κοράσιον,
671 4138 775 4209 ὀδῷ
803 4156 908 4191 τινι
939 4138 1032 4192 καὶ
1063 4137 1352 4207 ἀκολουθίᾳ.
1386 4139 1521 4209 πρὸς
1547 4138 1611 4191 τὸ
1651 4138 1834 4208 μεῖζον

255 4228 654 4299 ἀναλαμϐάνων
682 4228 780 4298 τὴν
812 4226 1155 4300 ἀνθρωπίνην
1183 4227 1485 4280 ἀσθένειαν.

1942 1790 2255 1845 nerioribus
2275 1790 2649 1845 assuefactum
2681 1792 2932 1854 antehac,
2960 1790 3026 1844 ad
3051 1791 3338 1844 solidiores
3361 1803 3519 1859 quos-

1941 1875 2066 1930 dam
2097 1879 2250 1934 cibos
2274 1878 2526 1935 deducit:
2548 1883 2626 1934 sic
2647 1879 2909 1934 Dominus
2931 1882 3112 1933 animo
3130 1895 3230 1934 nos
3250 1878 3520 1931 imbecillo

1939 1969 2221 2036 praeditos,
2271 1969 2430 2039 quasi
2475 1971 2764 2040 quemdam
2809 1969 3072 2023 infantem
3123 1985 3218 2038 per
3254 1968 3518 2021 miracula

1939 2057 2148 2121 nutrit;
2170 2065 2332 2125 atque
2353 2057 2508 2110 initio
2527 2058 2742 2126 quidem
2768 2058 2820 2111 in
2842 2059 3123 2113 curatione
3139 2057 3334 2121 morbi,
3357 2072 3519 2127 quem

1939 2163 2102 2218 posse
2136 2149 2319 2202 curari
2358 2149 2446 2202 vix
2493 2149 2889 2212 existimasses,
2926 2148 3084 2218 quasi
3134 2146 3406 2218 quoddam
3452 2147 3520 2201 de

1937 2240 2344 2294 resurrectione
2365 2241 2689 2310 procemium
2717 2239 2846 2304 edit,
2876 2255 2998 2294 cum
3026 2255 3139 2294 rem
3163 2237 3379 2310 quidem
3407 2238 3519 2292 exi-

1937 2330 2100 2383 miam
2115 2330 2366 2394 ediceret,
2381 2347 2502 2400 quae
2515 2338 2696 2384 tamen
2717 2329 3180 2399 humanamﬁdem
3197 2337 3517 2384 mereretur.

1934 2421 2070 2476 Nam
2102 2439 2224 2477 cum
2246 2423 2552 2478 vehementi
2584 2421 2734 2476 febre
2751 2420 2992 2476 Simonis
3022 2436 3214 2474 socrus
3244 2427 3520 2484 ureretur,

1936 2523 2138 2568 tantam
2163 2515 2288 2568 mali
2309 2514 2667 2569 mutationem
2690 2529 2801 2568 uno
2825 2513 3094 2567 sermonis
3126 2511 3353 2581 imperio
3394 2510 3518 2566 elic-

1935 2606 2031 2668 cit,
2061 2615 2118 2660 ut
2147 2605 2410 2659 continuo
2444 2606 2512 2659 ad
2550 2605 2981 2660 ministrandum
3019 2603 3240 2658 Christo
3268 2611 3322 2658 et
3354 2602 3519 2658 disci-

1935 2697 2077 2765 pulis
2104 2706 2250 2752 esset
2274 2697 2322 2750 ei
2357 2697 2490 2751 satis
2518 2697 2738 2761 virium,
2770 2711 2892 2764 qua:
2920 2695 3080 2765 paulo
3104 2703 3229 2748 ante
3255 2695 3516 2746 moritura

1935 2786 2226 2856 putabatur
2247 2785 2335 2838 8".
2367 2784 2570 2840 Deinde
2595 2787 2849 2855 potestati
2880 2786 3044 2854 priori
3067 2785 3311 2838 nonnihil
3342 2784 3520 2846 addit,

1934 2895 2056 2934 cum
2093 2881 2236 2950 regis
2279 2879 2563 2948 cujusdam
2612 2881 2778 2933 lilium
2815 2880 2868 2932 in
2919 2877 3348 2948 prmsentissimo
3398 2878 3521 2930 vitae

1860 3006 1902 3063 ε
1936 2970 2252 3026 discrimine
2273 2971 2684 3025 decumbentem
2707 2969 3027 3024 exsuscitat.
3052 2968 3286 3022 Narrant
3305 2968 3350 2998 ⁸⁷
3375 2968 3520 3022 enim

1935 3060 2154 3115 Litterm
2187 3077 2358 3116 sacrae
2387 3061 2612 3131 jamjam
2635 3061 2806 3115 fuisse
2837 3060 3187 3124 moriturum,
3211 3075 3334 3112 cum
3370 3068 3522 3128 pater

1933 3153 2284 3216 occlamaret,
2319 3160 2377 3205 ut
2421 3153 2739 3222 priusquam
2765 3152 2910 3206 [ilius
2935 3151 3037 3222 ipsi
3063 3151 3515 3220 exstingueretur.

1935 3242 2198 3297 Dominus
2233 3244 2608 3308 descenderet,
2631 3259 2756 3298 nam
2783 3245 3074 3299 momentis
3099 3243 3328 3313 singulis
3356 3243 3520 3294 vitam

1931 3348 2054 3386 cum
2106 3341 2281 3387 morte
2312 3342 2749 3390 conunutaturus
2795 3350 2918 3390 esse
2969 3332 3314 3388 credebatur.
3366 3331 3520 3397 Quod

1936 3421 2046 3491 jam
2066 3423 2385 3476 miraculum
2406 3438 2528 3477 esse
2550 3421 2750 3476 factum
2772 3431 3041 3493 potestate
3058 3422 3291 3492 quadam
3317 3421 3522 3489 majore

1939 3511 2238 3582 putandum
2268 3519 2374 3577 est,
2394 3521 2680 3582 propterea
2717 3514 2860 3582 quod
2897 3513 2963 3566 ad
2999 3513 3176 3566 locum
3207 3512 3262 3564 in
3290 3526 3398 3578 quo
3428 3511 3522 3563 de-

1941 3602 2250 3665 cumbebat,
2279 3617 2387 3655 non
2422 3604 2692 3656 accessit:
2728 3602 2821 3655 sed
2850 3601 3007 3669 quasi
3044 3616 3074 3653 a
3105 3601 3403 3668 longinquo
3438 3600 3520 3651 vi-

1941 3701 2052 3746 tam
2075 3693 2124 3747 ei
2153 3692 2324 3748 solius
2354 3691 2569 3762 imperii
2597 3693 2648 3745 vi
2677 3693 2846 3746 misit.
2874 3691 3006 3746 Post
3030 3692 3141 3745 lucc
3164 3690 3231 3743 ad
3261 3691 3520 3743 miracula

1936 3785 2182 3854 quaedam
2224 3783 2394 3837 ardua
2433 3785 2607 3854 magis
2642 3784 2873 3839 accedit.
2915 3784 3048 3838 Nam
3087 3800 3208 3839 cum
3246 3782 3312 3836 ad
3354 3782 3518 3836 tiliam

1935 3876 2037 3930 viri
2069 3875 2287 3946 publico
2321 3875 2376 3928 in
2413 3876 2646 3930 concilio
2686 3876 2950 3946 principis
2978 3883 3240 3946 pergeret,
3273 3870 3514 3929 nonnihil

1935 3965 2116 4021 itineri
2147 3982 2312 4020 morae
2333 3967 2519 4021 volens
2549 3966 2757 4036 injecit,
2781 3968 2909 4021 dum
2932 3975 3179 4022 curatum
3210 3967 3278 4020 ab
3302 3981 3360 4019 se
3391 3979 3513 4033 pro-

1936 4055 2160 4110 ﬂuvium
2196 4057 2480 4126 sanguinis
2514 4058 2689 4126 palam
2728 4057 2951 4122 faceret,
2997 4073 3060 4111 ac
3101 4057 3260 4110 morti
3306 4065 3520 4124 tempus

1945 4149 2270 4202 concederet
2315 4165 2423 4218 quo
2458 4150 2692 4218 puellam
2728 4165 2925 4218 aegram
2971 4156 3285 4218 occuparet.
3336 4145 3522 4214 Itaque

1947 4252 2071 4291 cum
2108 4239 2175 4292 ad
2210 4253 2327 4292 eam
2363 4240 2628 4303 venisset,
2668 4254 2696 4292 a
2743 4240 2902 4308 cujus
2947 4253 3178 4308 corpore
3210 4253 3317 4290 non
3352 4237 3522 4289 multo

255 4328 387 4375 ante
431 4321 735 4391 diremptus
782 4327 900 4374 erat
947 4320 1185 4384 animus,
1221 4335 1286 4373 ac
1327 4321 1540 4390 lugubri
1590 4321 1830 4378 clamore
1873 4325 2120 4384 homines
2163 4331 2641 4397 tumultuarentur,
2690 4329 3049 4398 lamentisque
3087 4328 3326 4381 dolorem
3356 4333 3523 4379 testa-

253 4421 490 4470 rentur:
523 4414 640 4469 solo
669 4415 941 4468 sermonis
975 4415 1202 4483 imperio
1237 4399 1471 4484 puellam
1516 4416 1670 4485 quasi
1720 4420 2012 4477 excitatam
2057 4425 2124 4479 de
2159 4439 2353 4480 somno
2395 4426 2518 4479 vitae
2545 4425 2802 4490 restituit,
2846 4428 3057 4479 ratione
3095 4423 3325 4495 quadam
3354 4429 3407 4477 et
3435 4420 3521 4475 via

255 4507 681 4562 imbecillitatem
725 4509 1003 4563 hominum
1040 4510 1108 4563 ad
1149 4510 1358 4577 majora
1397 4511 1675 4566 deducens
1703 4511 1768 4565 ⁸⁸.

327 4598 442 4655 Εἶτ’
473 4603 565 4654 ἐπὶ
608 4603 817 4666 τούτοις
854 4601 1170 4672 ὑπερϐαίνει
1203 4600 1281 4671 τῷ
1327 4600 1599 4672 θαύματι,
1642 4605 1736 4658 καὶ

2013 4605 2228 4660 Rursus
2257 4605 2360 4660 hoc
2393 4606 2553 4660 etiam
2585 4607 2695 4659 alio
2727 4605 2960 4674 quodam
2995 4605 3257 4660 miraculo
3279 4619 3517 4677 superat,

255 4693 592 4764 ὑψηλοτέρας
609 4694 889 4764 δυνάμεως
905 4694 1135 4747 ὁδοποιεῖ
1149 4697 1258 4756 τοῖς
1275 4693 1579 4764 ἀνθρώποις
1594 4696 1691 4766 τὴν
1713 4715 1776 4749 πε
1786 4697 1840 4768 ρὶ

252 4785 354 4855 τῆς
371 4785 717 4848 ἀναστάσεως
744 4785 944 4838 πίστιν.
967 4785 1105 4838 Νὰῖν
1128 4785 1247 4838 τινὰ
1269 4786 1420 4838 πόλιν
1441 4787 1581 4838 κατὰ
1599 4787 1697 4858 τὴν
1713 4789 1841 4840 Ἰου-

253 4876 413 4930 δαίαν
445 4877 647 4947 ἱστορεῖ
677 4880 709 4946 ή
735 4877 945 4947 Γραφή.
999 4877 1130 4938 Παῖς
1161 4872 1229 4946 ἦν
1256 4877 1311 4928 ἐν
1347 4877 1518 4947 ταύτῃ
1551 4879 1839 4950 μονογενής

253 4969 401 5038 χήρᾳ.
434 4968 560 5031 τινὶ,
593 4967 778 5021 οὐκέτι
807 4966 1045 5030 τοιοῦτος
1089 4971 1245 5030 παῖς,
1281 4961 1391 5032 οἷος
1435 4970 1492 5020 ὲν
1538 4969 1840 5040 μειρακίοις

253 5055 412 5120 εἶναι,
449 5059 562 5112 ἀλλ’
593 5059 693 5131 ήδη
724 5059 788 5110 ἐκ
815 5058 1019 5112 παίδων
1047 5059 1127 5122 είς
1153 5058 1349 5129 ἄνδρας
1381 5058 1570 5112 τελῶν.
1606 5060 1838 5112 Νεανίαν

253 5151 416 5204 αὑτὸν
447 5151 704 5220 ὀνομάζει
734 5151 762 5201 6
785 5150 958 5216 λόγος·
993 5149 1158 5202 πολλά
1189 5149 1254 5202 δι’
1283 5150 1476 5217 ὀλίγων
1510 5149 1774 5220 διηγεῖται
1804 5153 1836 5220 ἡ

255 5240 503 5310 ἱστορία·
550 5240 746 5311 θρῆνος
794 5240 1053 5310 ἄντικρύς
1091 5243 1204 5293 ἐστι
1252 5241 1313 5294 τὸ
1347 5241 1608 5312 διήγημα.
1656 5245 1834 5314 Χήρα,

252 5333 440 5403 φησὶν,
459 5328 528 5402 ἦν
543 5330 639 5384 τοῦ
661 5330 977 5400 τεθνηκότος
1001 5333 1033 5400 ἡ
1065 5334 1263 5401 μήτηρ.
1281 5333 1444 5402 Ὀρᾷς
1469 5334 1530 5386 τὸ
1559 5333 1722 5403 βάρος
1741 5335 1837 5406 τῆς

251 5426 560 5495 στμφορᾶς,
590 5423 706 5485 πῶς
737 5423 794 5475 ὲν
837 5423 1000 5493 ὀλίγῳ
1035 5424 1093 5475 τὸ
1122 5423 1288 5487 πάθος
1319 5427 1346 5476 ό
1374 5425 1528 5493 λόγος
1572 5426 1830 5497 ἐξετραγ-

314 5602 379 5636 ει·
427 5600 564 5655 Luc.
596 5615 670 5666 tv,
700 5599 768 5654 '58
793 5615 909 5668 sqq.
991 5601 1033 5631 ⁸⁷
1066 5599 1222 5656 Joan.
1255 5617 1325 5663 tv,
1352 5601 1420 5655 46
1450 5617 1570 5672 sqq.

1945 4703 1999 4749 et
2019 4704 2286 4764 potestate
2300 4697 2595 4750 excelsiore
2611 4695 2752 4749 viam
2776 4695 3089 4749 hominibus
3117 4697 3299 4748 struit.
3326 4707 3381 4748 ut
3410 4695 3522 4752 fore

1945 4801 2011 4840 ex
2044 4787 2271 4841 mortuis
2305 4787 2760 4842 resurrectionem
2796 4786 3097 4840 crederent.
3128 4784 3405 4838 Proditum
3439 4796 3522 4840 est

1943 4881 2088 4934 enim
2112 4881 2284 4935 sacris
2305 4879 2606 4948 Litteris”,
2651 4879 2805 4934 Naim
2828 4879 3082 4948 oppidum
3118 4876 3316 4932 Judmae
3345 4877 3519 4947 quod-

1943 4967 2066 5021 dam
2096 4968 2285 5025 l‘uisse.
2327 4968 2384 5023 In
2410 4985 2474 5022 eo
2507 4971 2682 5024 vidua
2714 4969 2928 5022 mulieri
2968 4968 3110 5020 (llius
3142 4977 3259 5020 erat
3293 4967 3516 5031 unicus,

1945 5076 2052 5114 non
2071 5061 2182 5130 jam
2214 5063 2448 5130 amplius
2477 5069 2636 5115 aetate
2659 5076 2814 5130 puer,
2847 5059 2939 5114 sed
2975 5059 3067 5128 qui
3092 5075 3156 5113 ex
3182 5059 3404 5128 ephebis
3426 5075 3521 5114 ex-

1945 5151 2219 5214 cessisset,
2243 5159 2296 5205 et
2319 5153 2556 5205 virorum
2589 5152 2640 5204 in
2676 5166 2902 5205 numero
2922 5159 3257 5204 censeretur.
3280 5151 3517 5205 Historia

1945 5241 2158 5311 quidem
2201 5256 2356 5295 sacra
2403 5243 2653 5310 juvenem
2702 5241 2972 5310 appellat:
3021 5249 3185 5310 atque
3227 5243 3415 5310 paucis
3457 5257 3520 5295 ea

1944 5333 2187 5404 profecto
2228 5334 2402 5387 verbis
2437 5333 2603 5385 multa
2648 5332 3068 5401 complectitur:
3119 5333 3234 5402 ipsa
3279 5332 3523 5387 narratio

1943 5434 2149 5482 tantum
2184 5442 2291 5479 non
2324 5425 2636 5480 lamentatio
2668 5431 2770 5482 est.
2808 5422 2957 5489 Erat,
2992 5425 3166 5496 inquit
3220 5433 3390 5479 mater
3424 5423 3523 5477 ho-

1649 5602 1692 5633 ⁸⁸
1730 5601 1895 5657 Marc.
1938 5619 1990 5668 v,
2019 5602 2089 5656 ‘21
2122 5619 2239 5673 sqq.
2317 5604 2359 5637 ⁸ο
2398 5603 2528 5659 Luc.
2565 5620 2658 5670 vn,
2699 5605 2752 5657 ll
2789 5620 2908 5675 sqq.
