3794 6000
283 202 391 259 319
1544 190 1605 247 5.
1630 186 1781 247 GREl

2089 182 2291 242 SSENI’
3447 184 3582 237 2‘21)”

280 314 450 370 minis
482 310 590 367 vita
645 307 838 376 functi,
872 304 1066 361 mulier
1110 303 1291 361 vidua.
1335 293 1499 357 Vides
1544 315 1709 371 quam
1752 316 1778 370 ε

2062 315 2184 368 nos;
2221 298 2287 351 Τί
2320 298 2427 369 γάρ
2464 300 2578 352 ἐστι
2613 295 2673 350 τδ
2710 296 3034 367 λεγόμενον;
3076 294 3159 349 ὅτι
3200 293 3302 349 οὐκ
3323 289 3392 365 ῆν
3415 297 3560 367 αὐτῇ

282 408 370 461 vis
411 404 500 458 illa
536 415 780 457 aerumna
828 397 1032 454 fuerit?
1065 411 1229 468 quam
1276 395 1481 467 tragice
1516 408 1627 449 rem
1669 391 1780 447 trisl

2072 389 2318 454 601mm;
2347 390 2523 454 ἐλπὶς,
2562 390 2660 460 τὴν
2693 390 2786 443 ἐπὶ
2810 388 2888 460 τῷ
2926 388 3231 443 ὲκλείποντι
3269 390 3570 461 συμφορὰν

282 496 481 552 simam
527 493 692 549 verba
738 503 970 546 numero
1015 502 1126 544 non
1174 485 1345 541 multa
1392 482 1705 549 declarent?
1747 499 1780 537 n

2068 479 2352 534 ιαπεύουσα
2379 496 2391 509 ·
2421 482 2568 553 χήρα
2600 481 2709 552 γάρ
2740 482 2775 554 ἡ
2810 483 2968 553 γυνή.
3002 482 3117 537 Οὐκ
3142 477 3257 554 εἶχε
3286 483 3420 555 πρὸς
3448 485 3566 537 ἔτεα

282 587 412 657 quid
451 584 560 641 dici
589 581 737 637 aliud
776 581 1081 642 existimas,
1109 592 1271 648 quam
1300 576 1502 630 nullam
1534 574 1582 630 ei
1619 588 1769 646 spem

2068 596 2069 603 η
2098 572 2219 626 ἀντὶ
2249 572 2342 626 τοῦ
2386 574 2779 646 κατοιχομένου
2823 573 3042 644 βλέπειν
3066 590 3081 605 ·
3116 575 3413 645 μονογενὴς
3453 575 3566 647 γάρ

281 679 541 733 berorum
586 672 1051 745 procreandorum
1094 669 1362 740 reliquam
1409 666 1615 731 fuisse,
1643 680 1779 736 qua;

2084 662 2222 727 ὀκος.
2258 664 2419 717 Ὅσον
2444 663 2499 717 δὲ
2526 665 2587 718 τὸ
2623 663 2718 717 ἐπὶ
2746 664 2923 737 τούτῳ
2960 664 3151 732 κακὸν,
3178 666 3342 720 παντὶ
3379 667 3582 737 ῥᾴδιον·

282 768 382 822 lari
434 766 649 822 tristem
698 764 843 819 hunc
887 777 1075 818 casum
1121 759 1430 832 potuisset?
1467 766 1585 815 erat
1618 757 1780 812 nimir

2083 755 2211 810 ιδεϊν
2240 755 2318 826 τῷ
2357 755 2433 828 μὴ
2470 756 2869 829 ἀπεξενωμένῳ
2897 758 2996 828 τῆς
3029 757 3264 828 φύσεως.
3295 759 3477 814 Μόνον
3507 760 3573 810 ὲν

282 858 484 926 vidua;
518 872 626 911 non
651 864 770 911 erat
802 855 869 909 ad
917 868 1078 924 quem
1129 852 1426 922 respiceret
1467 857 1665 921 praeter
1696 849 1872 913 illum,

284 948 377 1018 qui
409 948 520 1018 jam
550 947 691 1002 diem
741 946 795 1000 in
830 944 990 1001 terris
1019 956 1332 1014 supremum
1366 938 1715 1000 obiveratﬁs
1745 952 1874 993 vero

283 1035 449 1089 etiam
482 1041 600 1089 erat
629 1032 864 1105 unigena
898 1038 1200 1102 ;quantum
1239 1029 1295 1083 in
1337 1043 1404 1084 eo
1447 1027 1575 1082 mali
1608 1027 1713 1090 sit,
1757 1024 1879 1095 qui-

287 1128 420 1181 libet
467 1124 740 1195 intelligit,
772 1124 866 1194 qui
913 1138 1024 1178 non
1067 1122 1125 1176 in
1173 1128 1368 1175 natura
1420 1127 1678 1189 tanquam
1724 1117 1879 1189 igno-

284 1228 376 1273 tus
403 1217 603 1288 hospes
638 1216 1033 1287 peregrinatur.
1055 1214 1242 1269 Solum
1271 1214 1417 1268 hunc
1443 1212 1498 1268 in
1531 1213 1704 1265 lucem
1754 1223 1877 1264 cum

285 1310 507 1374 ederet,
554 1316 740 1380 partus
772 1307 991 1364 dolores
1029 1314 1147 1362 erat
1184 1312 1439 1376 experta,
1475 1303 1578 1359 soli
1616 1315 1881 1356 mammas

292 1401 602 1471 praebuerat
639 1418 652 1452 :
695 1399 845 1454 solus
879 1407 1108 1452 matrem
1160 1397 1214 1451 in
1254 1410 1445 1451 mensa
1488 1392 1827 1449 exhilarabat
1862 1410 1877 1447 :

288 1493 441 1548 solus
472 1490 650 1545 omnis
683 1497 802 1545 erat
835 1490 889 1544 in
922 1489 1131 1545 aedibus
1164 1489 1365 1543 laetitiae
1394 1486 1551 1558 quasi
1582 1483 1872 1548 materies,

286 1581 405 1639 sive
436 1581 661 1645 luderet,
689 1580 805 1635 sive
839 1587 1099 1645 tractaret
1128 1581 1296 1642 seria,
1333 1578 1449 1635 sive
1478 1593 1679 1649 corpus
1707 1591 1873 1630 exer-

1977 845 2165 901 ὼδίσιν
2187 848 2391 903 ἐκεῖνον
2419 845 2706 919 ἐγνώρισε,
2743 847 2904 919 μόνον
2935 852 3058 913 ταῖς
3085 850 3277 921 θηλαῖς
3309 850 3572 920 ἐτιθηνή-

1979 954 2136 991 σατοο
2185 938 2344 1008 μόνος
2395 939 2533 1010 αὐτῇ
2592 939 2825 1011 φαιδρὰν
2873 937 3049 995 ἐποίει
3095 940 3197 1012 τὴν
3239 940 3526 1010 τράπεζαν
3551 957 3567 970 ·

1982 1028 2140 1100 μόνος
2169 1023 2238 1100 ἦν
2260 1029 2359 1099 τῆς
2382 1029 2522 1083 κατὰ.
2546 1030 2637 1085 τὸν
2659 1028 2805 1084 οἷκον
2829 1031 3185 1104 φαιδρότητος
3212 1032 3247 1103 ἡ
3274 1032 3561 1095 ὑπόθεσις·

1980 1118 2214 1186 παίζων,
2247 1120 2595 1186 σπουδάζων,
2628 1122 2986 1193 ἀσκούμενος,
3024 1123 3470 1195 φαιδρυνόμενος,
3504 1126 3587 1177 έν·

1982 1209 2263 1280 προόδοις,
2312 1212 2371 1265 ὲν
2415 1210 2811 1284 παλαίστραις,
2850 1214 2909 1267 ὲν
2953 1214 3231 1284 συλλόγοις
3277 1215 3565 1283 νεότητος⁶

1984 1304 2090 1358 πᾶν
2126 1303 2156 1356 ὅ
2205 1319 2259 1356 τι
2302 1303 2508 1376 μητρὸς
2555 1304 2855 1376 ὀφθαλμοῖν
2899 1304 3071 1374 γλυκύ
3113 1323 3174 1360 τε
3223 1308 3318 1360 καὶ
3355 1305 3568 1376 τίμιον,

1985 1394 2147 1465 μόνος
2183 1395 2391 1459 ἐκεῖνος
2421 1390 2509 1467 ῆν.
2555 1386 2696 1467 Ἤδη
2727 1395 2822 1451 τοῦ
2857 1397 3036 1469 γάμου
3067 1397 3165 1468 τὴν
3204 1397 3355 1468 ὥραν
3386 1397 3570 1465 ἄγων,

1981 1486 2012 1539 6
2034 1486 2129 1540 τοῦ
2160 1485 2354 1555 γένους
2386 1485 2585 1558 δρπηξ,
2613 1489 2642 1541 6
2663 1487 2763 1557 τῆς
2784 1487 3035 1559 διαδοχῆς
3062 1488 3272 1553 κλάδος,
3296 1491 3330 1558 ἡ
3355 1488 3574 1560 βακτη-

1988 1579 2078 1649 ρία
2104 1577 2198 1631 τοῦ
2221 1579 2448 1649 γήρους.
2490 1577 2652 1631 Ἀλλά
2684 1578 2779 1631 καὶ
2809 1581 2843 1649 ἡ
2875 1579 2974 1650 τῆς
3006 1578 3220 1649 ἡλικίας
3253 1579 3571 1650 προσθήκη,

291 1679 462 1737 ceret,
499 1672 613 1727 sive
647 1670 911 1725 hilaritati
947 1670 1165 1726 deditus
1203 1676 1372 1735 esset,
1409 1669 1523 1722 sive
1559 1639 1789 1737 prodirel

2076 1686 2144 1732 ,ος
2184 1639 2379 1740 θρῆνος
2562 1670 2619 1724 '0
2661 1668 2770 1741 γάρ
2810 1639 3040 1724 νεανίαν.
3066 1639 3269 1737 εἰπὼν,
3296 1639 3364 1723 ’τὸ
3403 1639 3574 1734 sieo}

287 1763 603 1834 publicum,
650 1763 766 1817 sive
819 1777 941 1817 cum
991 1762 1178 1832 aliquo
1230 1761 1377 1814 lucta
1431 1757 1880 1829 congrederetur,

289 1854 404 1911 sive
426 1855 479 1908 in
500 1854 757 1923 juvenmn
795 1861 938 1907 metu
964 1859 1110 1907 esset
1138 1874 1150 1908 ;
1177 1851 1316 1906 nihil
1341 1865 1461 1905 csse
1485 1858 1679 1919 praeter
1703 1847 1882 1918 ipsum

288 1940 464 1996 solum
496 1940 689 1994 matris
710 1938 888 1994 oculis
905 1937 1212 2009 jucundum
1239 1938 1322 1993 vel
1350 1937 1611 1991 eximium
1642 1944 1876 2006 poterat.

285 2031 407 2088 Iam
441 2033 598 2087 uxori
638 2031 904 2087 ducenda:
946 2040 1079 2086 aetas
1116 2036 1237 2085 erat
1284 2028 1511 2091 idonea,
1562 2043 1686 2081 cum
1734 2036 1883 2081 esset

285 2122 580 2192 cteteroqui
623 2122 789 2177 totius
820 2122 1038 2176 familia:
1073 2122 1264 2191 stirps,
1304 2136 1492 2176 ramus
1526 2121 1619 2189 qui
1654 2119 1885 2190 posteri-

287 2221 457 2267 tatem
503 2220 846 2283 propagaret.
899 2221 1131 2282 senecta:
1179 2211 1437 2268 fulcrum.
1486 2211 1659 2266 Etiam
1706 2214 1882 2267 aetatis

287 2305 551 2360 indicatio
586 2306 791 2360 luctum
824 2312 1005 2375 auget.
1036 2303 1172 2359 Nam
1202 2305 1321 2376 ipse
1354 2304 1453 2361 llos
1485 2304 1673 2360 formae
1701 2320 1882 2360 emar-

288 2396 473 2450 cuisse
518 2394 876 2465 significatur,
914 2412 1037 2452 cum
1071 2396 1325 2466 juvenem
1358 2397 1693 2451 exstinctum
1742 2395 1882 2451 dici-

290 2505 436 2553 mus,
463 2487 556 2543 cui
587 2485 651 2541 ad
676 2487 881 2557 justam
913 2487 1224 2542 crassitiem
1257 2486 1426 2541 barba
1455 2487 1689 2540 necdum
1721 2494 1881 2541 aucta

293 2580 489 2644 fuerit,
530 2581 624 2635 sed
665 2580 841 2649 prima
877 2588 1086 2633 tantum
1123 2579 1323 2648 lanugo
1351 2579 1509 2647 quasi
1540 2577 1882 2635 elllorescere

286 2658 543 2744 Icmperit,
578 2688 839 2743 genarum
875 2670 1282 2740 pulchritudine
1311 2669 1612 2723 etiamnum
1648 2668 1877 2724 nitorem

294 2780 453 2821 suum
484 2771 819 2821 ostentante:
850 2762 989 2831 Quid
1024 2773 1135 2817 tum
1161 2762 1328 2816 animi
1358 2760 1531 2817 fuisse
1558 2762 1636 2816 illi
1668 2764 1881 2817 miserae

290 2865 475 2927 putas,
509 2872 632 2927 qua:
664 2855 835 2910 ﬁlium
872 2856 1032 2909 talem
1067 2853 1382 2909 amitteret?
1426 2853 1687 2907 nimirum
1733 2853 1881 2907 velut

1984 1755 2107 1814 εἶπε
2148 1759 2248 1830 τῆς
2275 1759 2647 1831 μαρανθείσης
2679 1760 2846 1832 ὥρας,
2888 1760 3012 1833 ἄρτι
3049 1765 3162 1825 τοῖς
3204 1762 3397 1825 ἰούλοις
3436 1763 3575 1815 ὑπο-

1984 1849 2298 1921 χλοάζοπα,
2338 1849 2491 1904 οὔπω
2526 1850 2620 1904 τοῦ
2665 1850 2926 1920 πώγωνος
2957 1852 3045 1907 διὰ
3078 1853 3273 1923 βάθους
3316 1855 3572 1924 ὑποπιμο
3632 1875 3639 1882 -

1985 1940 2281 2011 πλάμενον,
2313 1939 2395 1994 ἔτι
2422 1941 2500 2014 τῷ
2523 1942 2707 1996 κάλλει
2743 1943 2848 1997 τῶν
2873 1945 3112 2016 παρειῶν
3137 1946 3566 2001 ὑποπίλὸοντα.

1985 2029 2049 2084 Τί
2086 2030 2267 2090 τοίνυν
2306 2030 2537 2103 πάσχειν
2570 2033 2716 2097 εἰκὸς
2744 2028 2812 2104 ῆν
2859 2034 2946 2087 ἐπ’
2980 2034 3131 2106 αὐτῷ
3158 2035 3256 2106 τὴν
3308 2037 3570 2108 μητέρα;

1982 2122 2145 2176 οἱονεὶ
2188 2121 2321 2193 πυρὶ
2370 2124 2481 2184 τοῖς
2527 2122 2857 2192 σπλάγχνοις
2906 2122 3406 2191 ὲγκαταφλέγεσθαι
3428 2164 3442 2186 ,
3488 2122 3579 2186 ὥς

1983 2213 2198 2286 πικρῶς
2236 2215 2322 2266 ἐπ’
2352 2214 2501 2286 αὑτῴ
2539 2215 2886 2288 παρατείνειν
2915 2216 3007 2268 τὸν
3043 2215 3258 2286 θρῆνον,
3300 2215 3573 2286 περιπλε-

1983 2305 2223 2377 κομένην
2270 2306 2620 2378 προκειμένῳ
2661 2306 2743 2377 τῷ
2784 2306 3071 2377 πτώματι,
3103 2307 3179 2371 ὡς
3222 2306 3298 2378 μὴ
3339 2307 3404 2362 ἂν
3447 2309 3577 2360 ὲπι-

1985 2396 2220 2450 σπεῦσαι
2258 2395 2335 2467 τῷ
2381 2395 2561 2469 νεκρῷ
2601 2397 2701 2469 τὴν
2746 2398 3002 2468 κηδείαν,
3038 2397 3152 2451 ἀλλ’
3206 2398 3577 2470 ἐμφορεῖσθαι

1980 2487 2075 2541 τοῦ
2105 2487 2330 2552 πάθους,
2359 2488 2705 2543 ὲπιπλείστον
2736 2487 2887 2559 αὐτῷ
2918 2491 3045 2553 τοὺς
3069 2490 3343 2561 ὀδυρμοὺς
3384 2506 3576 2561 παρα-

1980 2578 2279 2634 τείνουσαν·
2311 2579 2432 2632 οὺδὲ
2466 2579 2624 2633 τοῦτο
2658 2580 2904 2652 παρῆκεν
2940 2583 2970 2634 ό
2994 2579 3170 2649 λόγος’
3212 2600 3231 2631 ‹
3287 2579 3430 2633 Ἰδὼν
3460 2580 3581 2649 γάρ

1981 2670 2150 2742 αὐτὴν
2185 2671 2214 2723 ὁ
2255 2669 2480 2741 Ἰησοῦς,
2507 2690 2527 2724 ι
2561 2672 2746 2741 φησιν,
2781 2691 2799 2724 ι
2834 2669 3256 2742 ἐσπλαγχνίσθη.
3292 2671 3385 2724 καὶ
3405 2688 3583 2742 προσ-

1981 2762 2149 2816 ελθὼν
2176 2763 2355 2834 ἥψατο
2380 2762 2480 2833 τῆς
2519 2762 2702 2834 σοροῦ,
2732 2764 2779 2816 οἱ
2806 2763 2863 2817 δὲ
2905 2763 3273 2833 βαστάσαντες
3311 2763 3579 2833 ἔστησαν.

1981 2855 2093 2908 Καὶ
2120 2854 2267 2923 λέγει
2303 2853 2382 2925 τῷ
2422 2853 2603 2925 νεκρῷ
2626 2872 2639 2884 ·
2668 2854 2906 2919 Νεανία,
2939 2854 3021 2909 σοὶ
3064 2853 3227 2923 λέγω,
3274 2853 3533 2925 ἐγέρθητι
3559 2871 3578 2886 ο

293 2945 364 3001 ab
382 2945 508 3017 igne
537 2946 775 3016 quodam
801 2945 1013 3000 viscera
1037 2943 1208 3014 ipsius
1235 2943 1463 3015 depasta
1496 2942 1666 2999 fuisse
1695 2958 1791 2998 nec

2109 2944 2424 3017 παρέδωκεν
2450 2947 2611 2999 αὑτὸν
2634 2948 2702 3017 τῇ
2748 2946 2916 3017 μητρῖ⁹
2940 2945 3105 2999 αὐτοῦ
3134 2945 3330 3011 ζῶντα.
3370 2965 3388 2997 ι
3426 2946 3580 3015 Ἤδη

293 3049 356 3090 se
401 3042 507 3090 est.
547 3037 737 3106 Itaque
786 3035 978 3089 acerbe
1018 3033 1366 3088 lamentando
1406 3049 1465 3089 se
1504 3034 1713 3099 amisit,
1755 3049 1878 3089 cum

294 3125 494 3181 mortui
535 3125 769 3181 cadaver
808 3125 1235 3196 amplexarctur,
1277 3132 1331 3180 et
1369 3140 1529 3195 quam
1570 3126 1884 3183 diutissime

1984 3034 2163 3088 τοίνυν
2195 3036 2297 3088 οὐκ
2331 3036 2390 3088 ὲν
2417 3035 2585 3106 ὀλίγῳ
2617 3035 2945 3107 διαστήματι
2986 3035 3081 3089 τοῦ
3113 3035 3307 3107 νεκροῦ
3342 3052 3583 3105 γεγενη-

1995 3125 2184 3195 μένου,
2235 3126 2329 3178 καὶ
2366 3126 2489 3178 ὅσον
2535 3125 2747 3180 οὐδέπω
2797 3125 3216 3189 ἑναποτεθέντος
3261 3125 3338 3197 τῷ
3389 3127 3581 3196 τάφῳ,

294 3215 350 3270 in
381 3214 528 3269 luctu
561 3214 881 3285 perduraret
907 3233 920 3269 :
961 3213 1183 3268 minime
1217 3214 1306 3267 illa
1336 3212 1552 3283 quidem
1583 3229 1792 3284 proper:

2082 3234 2198 3271 εται
2242 3218 2370 3286 παρ’
2402 3215 2568 3269 αὑτοῦ
2615 3215 2824 3289 Κυρίου
2875 3217 2938 3271 τὸ
2984 3218 3082 3289 μὲν
3128 3215 3316 3289 θαῦμα
3362 3219 3580 3288 μεῖζον,

290 3308 535 3362 extincto
569 3306 721 3378 justa
760 3305 967 3372 facere,
1009 3305 1106 3363 sed
1146 3305 1334 3359 satiari
1389 3304 1579 3361 dolore
1629 3306 1787 3375 cupie

2087 3308 2145 3361 δὲ
2189 3308 2518 3379 πρόσταγμα
2562 3304 2699 3363 ἴσον.
2738 3310 2859 3363 Ἔτι
2898 3310 3034 3381 πρὸς
3070 3309 3131 3364 τὸ
3175 3309 3507 3380 ὑψηλότερον
3537 3311 3578 3380 ἠ

295 3394 502 3451 Deinde
529 3396 860 3465 subjicitur:
941 3395 1160 3460 Jesum,
1196 3411 1319 3451 cum
1356 3396 1504 3450 illam
1538 3403 1685 3451 esset
1719 3396 1793 3451 int

2079 3400 2394 3473 ›ματοποιία
2438 3401 2799 3473 προέρχεται,
2843 3401 2920 3467 ὡς
2973 3400 3039 3457 ἂν
3095 3401 3296 3474 μᾶλλον
3332 3418 3577 3472 προσεγ-

294 3495 409 3549 tus,
436 3487 630 3542 intimo
652 3488 924 3544 viscerum
955 3499 1106 3541 motu
1138 3501 1267 3558 erga
1307 3486 1481 3557 ipsam
1509 3494 1568 3541 ut
1596 3487 1792 3541 commi

2083 3508 2166 3545 ειε
2225 3490 2294 3545 τά
2348 3491 2649 3561 φαινόμενα
2708 3492 2790 3562 τῷ
2843 3493 3232 3566 ἀπιστουμένω
3291 3494 3422 3564 περὶ
3471 3494 3581 3565 τὴν

295 3584 508 3639 ratione
533 3592 872 3655 tangeretur,
897 3583 1195 3640 adductum
1222 3581 1412 3639 fuisse.
1438 3581 1617 3650 Quare
1644 3599 1793 3638 cum

1095 3600 1195 3637 .um
1222 3581 1412 3639 fuisse.
1438 3581 1617 3650 Quare
1644 3599 1769 3638 cum
1792 3599 1885 3640 ac-
1992 3584 2293 3642 ἀνάστασιν
2332 3583 2593 3657 θαύματι.

292 3680 576 3746 cessisset,
618 3679 957 3751 sandapilam
1014 3679 1233 3750 attigit:
1266 3686 1320 3735 et
1378 3679 1638 3734 continuo
1678 3680 1771 3749 qui
1831 3694 1952 3736 eam
1999 3681 2315 3752 portabant.
2354 3680 2736 3737 substiterunt.
2792 3679 2872 3737 lbi
2910 3687 3024 3735 tum
3062 3687 3307 3745 mortuo,
3345 3678 3581 3736 Iuvenis

294 3770 413 3841 (ait)
448 3770 543 3823 tibi
586 3770 731 3836 dico,
771 3771 1170 3842 expergiscere.
1214 3773 1392 3842 Atque
1432 3772 1535 3827 hoc
1571 3782 1732 3843 pacto
1768 3773 1893 3828 vita:
1936 3772 2247 3829 restitutum
2291 3772 2453 3827 matri
2495 3772 2683 3827 donat.
2725 3771 2869 3842 Ergo
2903 3771 3032 3827 huic
3063 3787 3175 3826 non
3217 3771 3416 3843 exiguo
3454 3770 3572 3841 jam

296 3861 369 3918 ab
402 3862 689 3916 intervallo
726 3873 943 3917 mortuo
982 3864 1149 3917 vitam
1188 3864 1450 3929 restituit,
1496 3880 1621 3919 cum
1662 3872 1873 3920 tantum
1914 3880 2023 3920 non
2046 3866 2294 3935 sepultus
2339 3871 2508 3919 esset.
2563 3863 2718 3930 Quod
2740 3864 2855 3934 jam
2880 3863 3205 3919 miraculum
3241 3863 3422 3933 priore
3456 3876 3576 3916 ma-

293 3949 387 4024 jus
412 3956 517 4009 est,
552 3965 865 4019 quanquam
897 3950 1087 4005 eodem
1130 3954 1404 4007 sermonis
1438 3953 1667 4021 imperio
1720 3955 1793 4008 sit
1843 3952 2125 4011 effectum.
2160 3953 2453 4010 Enimvero
2503 3953 2768 4011 Dominus
2821 3953 2892 4009 ad
2939 3953 3212 4010 excelsius
3242 3953 3405 4009 etiam
3441 3965 3577 4020 pro-

290 4042 501 4112 digium
537 4041 901 4111 progreditur,
958 4050 1017 4096 ut
1058 4045 1239 4112 potius
1295 4060 1389 4114 per
1430 4044 1750 4100 manifestas
1787 4045 2103 4104 alfeetiones
2151 4047 2221 4104 ad
2278 4048 2717 4105 resuscitationis
2772 4048 3099 4103 miraculum
3151 4046 3581 4111 accederemus,

300 4132 448 4203 quod
481 4132 779 4201 czeteroqui
811 4132 1031 4188 dillicile
1059 4133 1271 4189 creditu
1297 4144 1402 4190 est.

367 4228 579 4285 Aﬁlieta
605 4228 826 4300 quidam
844 4229 1153 4285 valetudine
1180 4229 1408 4285 Domino
1433 4229 1719 4289 familiaris
1740 4241 1795 4289 et
1819 4248 1876 4299 ιι-
1911 4236 1953 4291 D

297 4321 477 4394 Inicus
498 4328 632 4385 erat,
649 4321 735 4377 cui
764 4337 962 4376 nomen
980 4320 1242 4377 Lazarus.
1263 4320 1419 4377 Hunc
1440 4338 1751 4393 quanquam
1777 4324 1884 4380 sibi

296 4427 511 4478 carum,
532 4412 767 4468 invisere
793 4422 971 4468 tamen
997 4412 1259 4470 Dominus
1283 4415 1520 4479 nolebat,
1546 4431 1669 4470 cum
1696 4418 1882 4487 procul

298 4504 371 4559 ab
403 4504 523 4573 ipso
551 4504 807 4558 abesset:
846 4514 903 4559 ut
933 4506 1068 4561 satis
1098 4515 1152 4560 ct
1186 4506 1292 4561 loci
1328 4516 1382 4561 et
1412 4506 1690 4563 facultatis
1723 4510 1885 4564 morti

300 4603 450 4655 esset
480 4595 535 4649 in
565 4594 815 4651 absentia
837 4596 980 4660 vitae,
998 4598 1069 4653 ad
1094 4597 1435 4655 eﬂiciendum
1464 4599 1515 4654 id
1550 4601 1728 4657 morbi
1755 4616 1881 4671 ope,

297 4687 449 4760 quod
475 4686 579 4759 ipsi
600 4694 682 4743 est
707 4689 1008 4758 proprium.
1028 4687 1238 4745 Lazaro
1263 4690 1480 4760 quidem
1503 4691 1631 4761 quid
1656 4692 1887 4748 accidis-

298 4786 386 4834 set
413 4791 537 4832 cum
568 4785 753 4833 essent
780 4777 835 4831 in
863 4775 1105 4843 Galilaea,
1141 4777 1429 4849 discipulis
1456 4779 1694 4836 indicat:
1721 4791 1886 4852 atque

298 4871 462 4925 etiam
485 4867 877 4939 profectionem
896 4869 964 4924 ad
982 4869 1134 4924 illum
1161 4885 1338 4935 suam,
1373 4878 1434 4926 ut
1449 4871 1723 4941 jacentem
1745 4874 1888 4929 exci-

302 4968 466 5015 taret.
488 4959 683 5016 Sedilli
701 4975 882 5016 rerum
913 4975 1139 5016 suarum
1165 4962 1363 5032 trepidi
1397 4970 1617 5032 propter
1639 4963 1887 5019 immani-

302 5058 471 5106 tatem
512 5050 856 5118 Judmorum,
910 5067 1075 5125 grave
1112 5067 1177 5107 ac
1216 5053 1586 5123 periculosum
1626 5055 1729 5111 sibi
1768 5054 1885 5111 fore

303 5142 642 5208 statuebant,
685 5144 732 5199 si
763 5144 856 5199 tali
884 5154 1127 5215 tempore
1169 5145 1226 5199 in
1251 5143 1492 5201 Iudaeam
1519 5146 1786 5213 redirent,
1818 5161 1884 5201 ac

304 5235 780 5291 semetbomicidis
800 5236 1120 5292 mactandos
1137 5236 1656 5308 praeberentJtaque
1672 5253 1883 5293 moram

304 5339 374 5382 ex
392 5341 545 5381 mora
567 5333 872 5393 nectentes,
904 5341 1029 5382 sero
1061 5326 1278 5384 tandem
1303 5342 1336 5384 e
1358 5326 1580 5385 Galilaca
1604 5337 1886 5385 revertun-

306 5414 557 5473 tur.Nam
578 5416 789 5472 Domini
808 5426 1074 5489 potestas,
1090 5418 1333 5489 ipsorum
1352 5430 1470 5477 erat
1484 5404 1762 5493 voluntate
1794 5436 1888 5476 su-

308 5510 511 5581 perior.
529 5507 715 5580 Itaque
741 5508 1079 5565 ducebantur
1097 5512 1302 5584 abipso
1337 5513 1613 5584 discipuli,
1657 5523 1715 5568 ut
1744 5512 1888 5583 apud

306 5603 623 5661 Bethaniam
653 5602 808 5661 initia
835 5606 1077 5677 mysterii
1106 5606 1173 5664 de
1198 5606 1623 5674 resurrectione,
1645 5618 1753 5678 qua
1786 5605 1887 5663 lio-

2065 4231 2311 4285 Ἦσθένει
2348 4247 2432 4295 τις
2456 4229 2566 4285 τῶν
2603 4228 2852 4301 συνήθων
2889 4230 2971 4300 τῷ
3013 4230 3204 4301 Κυρίῳ
3231 4232 3327 4284 καὶ
3376 4230 3573 4299 φίλωνθ

1986 4323 2235 4395 Λάζαρος
2253 4323 2421 4394 ὄνομα
2441 4321 2519 4393 τῷ
2538 4320 2872 4376 ἀσθενοῦντι.
2895 4321 3006 4376 Καὶ
3033 4323 3377 4392 παραιτεῖται
3404 4323 3433 4374 6
3462 4321 3577 4374 Κύ-

1990 4428 2105 4484 ριος
2130 4412 2229 4482 τὴν
2269 4410 2363 4464 τοῦ
2389 4410 2543 4479 φίλου
2589 4409 2897 4478 ἐπίσκεψιν,
2924 4410 3113 4481 πόρρω
3153 4410 3247 4463 τοῦ
3287 4410 3577 4477 νοσοῦντος

1989 4503 2301 4573 γενόμενος,
2327 4503 2404 4566 ὡς
2430 4502 2495 4556 ἂν
2524 4500 2673 4573 εὖροι
2706 4500 2889 4572 χώραν
2920 4503 3027 4555 acab
3040 4501 3269 4573 δύναμιν
3289 4503 3348 4556 ὲν
3374 4505 3440 4573 τῇ
3469 4504 3576 4574 τῆς

1991 4595 2138 4667 ζωῆς
2158 4594 2397 4666 ἀπουσίᾳ
2415 4595 2477 4648 τὸ
2504 4594 2635 4648 ἴδιον
2659 4593 2988 4666 ἐργάζεσθαι
3006 4594 3094 4647 διὰ
3114 4595 3213 4664 τῆς
3234 4595 3391 4648 νόσου
3418 4597 3447 4648 6
3477 4596 3577 4649 θά-

1991 4704 2173 4752 νατος.
2203 4687 2415 4758 Μηνύει
2437 4689 2546 4751 τοῖς
2557 4687 2840 4759 ’μαθηταῖς
2857 4690 2886 4741 6
2912 4686 3113 4759 Κύριος
3136 4687 3277 4741 κατὰ
3297 4688 3396 4757 τὴν
3416 4688 3575 4742 Γαλιο

1992 4781 2149 4835 λαίαν
2173 4780 2235 4833 τὸ
2252 4780 2378 4851 περὶ
2400 4780 2492 4833 τὸν
2513 4781 2762 4851 Λάζαρον
2785 4780 2955 4845 πάθος
2974 4797 2986 4814 ν
3018 4779 3153 4835 ἀλλὰ
3182 4779 3277 4834 καὶ⁵
3304 4780 3405 4850 τὴν
3434 4781 3577 4851 πρὸς

1992 4871 2153 4926 αὐτὶν
2178 4870 2373 4942 ὁρμὴν,
2391 4872 2474 4939 ἐφ’
2556 4887 2615 4922 τε
2633 4871 2986 4942 διαναστῆσαι
3008 4871 3099 4924 τὸν
3121 4871 3388 4941 κείμενον.
3411 4872 3579 4943 Περι-

1991 4965 2129 5028 δεεῖς
2160 4962 2218 5016 δὲ
2239 4958 2377 5034 ἦσαν
2399 4964 2593 5016 ἐκεῖνοι
2619 4962 2707 5016 διὰ
2729 4962 2827 5034 τὴν
2850 4962 2959 5038 τῷν
3001 4964 3269 5017 Ἰουδαίων
3287 4963 3572 5034 ὠμότητα,

1992 5054 2227 5126 χαλεπὸν
2253 5055 2345 5109 καί
2377 5054 2692 5117 κινδυνῶδες
2728 5053 3039 5126 ποιούμενοι
3065 5054 3127 5109 τὸ
3156 5055 3318 5109 πάλιν
3351 5056 3442 5109 ἐπὶ
3470 5055 3574 5126 τῆς

2004 5145 2261 5208 Ἰουδαίας
2297 5147 2354 5199 ὲν
2385 5145 2534 5216 μέσῳ
2558 5145 2668 5199 τῶν
2710 5145 2989 5215 φονῶντων
3033 5146 3307 5215 γενέσθαι.
3336 5146 3446 5201 Καὶ
3481 5146 3577 5201 διὰ

1991 5236 2147 5292 τοῦτο
2181 5236 2461 5306 μέλλοντες
2491 5236 2585 5291 καὶ
2615 5236 3051 5307 ἀναϐαλλόμενοι,
3084 5236 3261 5308 χρόνῳ
3291 5236 3573 5291 ποιοῦνται

1992 5326 2089 5397 τὴν
2105 5325 2213 5380 ἀπὸ
2230 5328 2329 5397 τῆς
2351 5325 2639 5390 Γαλιλαίας
2659 5326 2934 5380 ἐπάνοδον.
2953 5325 3281 5399 Κατεκράθη
3299 5325 3408 5397 γάρ
3427 5331 3460 5397 ἡ
3482 5326 3576 5396 ἐξ..

1994 5417 2169 5482 ουσία,
2195 5418 2290 5471 καὶ
2311 5418 2506 5487 ῆγοντο
2536 5417 2687 5489 παρὰ
2706 5415 2801 5472 τοῦ
2828 5418 3029 5490 Κυρίου
3050 5420 3097 5472 οί
3123 5416 3379 5489 μαθηταὶ,
3407 5417 3573 5473 οἱονεὶ

1993 5510 2063 5562 τά
2092 5507 2380 5581 προτέλεια
2416 5510 2514 5578 τῆς
2548 5506 2839 5577 καθολικῆς
2866 5508 3211 5571 ἀναστάσεως
3239 5510 3297 5561 ὲν
3329 5506 3572 5577 Βηθανίᾳ

2001 5602 2417 5676 μυηθησόμενοι.
2450 5599 2725 5672 Τέσσαρες
2748 5596 2887 5673 ἦσαν
2911 5599 3013 5674 ἠδη
3048 5600 3184 5673 μετά
3224 5599 3284 5655 τὺ
3313 5599 3484 5663 πάθος
3512 5602 3569 5653 αί
