3794 6000
204 159 331 216 2-2!
1502 173 1591 231 DE
1632 172 1916 233 HOMIle
1950 174 2264 235 OPIFICIO.
3403 187 3506 244 222

206 268 462 344 ἡμέραι·
488 276 666 330 πάντα
690 277 1050 351 ἐπεπλήρωτο
1076 283 1151 354 τῷ
1172 288 1545 358 κατοιχομένῳ
1565 288 1635 341 τά
1663 307 1704 342 vc

2003 305 2130 343 num
2161 290 2456 360 aliquando
2493 306 2666 361 genus
2701 295 3031 352 excitabitur
3067 301 3339 365 universe.
3376 319 3501 374 per.-

209 365 459 436 ζόμενα,
498 366 655 440 τάφῳ
682 370 995 443 κάτεκρύδη
1028 373 1090 426 τὸ
1133 374 1312 446 σῶμα.
1358 376 1647 450 Ἐξῳδήκει
1677 397 1707 435 κ

2001 387 2186 435 ιοτοηι.
2216 379 2340 435 Τοιί
2361 381 2478 449 jam
2509 381 2630 437 dies
2663 391 2821 438 erant
2843 385 3014 456 elapsi
3035 396 3314 458 quatuor:
3346 365 3499 463 justa

206 456 280 510 τδ
306 455 462 549 εἰκὸς
490 459 615 531 ἢδη,
645 461 900 534 καὶπρὸς
927 465 1225 537 διαφθορὰν
1256 468 1513 537 διελύετο,
1547 473 1704 542 μυδῶε

1999 480 2140 525 ιτιιιο
2166 471 2280 542 jam
2317 471 2529 542 pridem
2567 472 2744 543 facta;
2778 455 2983 547 corpus
3016 455 3268 549 sepulcro
3300 455 3497 540 cendi-

206 547 275 598 ὲν
306 547 409 639 τῷ,
430 549 635 620 εύρῶτι
666 550 768 618 τῆς
786 553 909 622 γῆς,
934 555 1029 611 καὶ
1046 555 1431 623 διαπεπτοντος
1454 562 1545 615 ὑπ’
1569 563 1704 633 ἀνάγ

1999 578 2052 617 n.
2095 563 2153 619 Id
2184 579 2318 621 vero
2346 565 2526 622 simile
2558 575 2642 623 est
2665 568 2778 638 jam
2815 578 2931 624 tum
2966 570 3314 639 intumuisse,
3347 592 3497 633 com-

205 636 312 689 τοῦ
344 637 622 708 σώματος.
645 641 878 696 Φευκτὺν
900 639 970 716 ἦν
995 647 1057 699 τὸ
1084 648 1335 719 πρᾶγμα,
1360 650 1687 726 βιαζομένης

1996 661 2281 724 ratumque
2318 656 2387 711 ad
2428 636 2710 713 interitum
2746 659 2936 722 fuisse.
2977 664 3246 721 cadavere
3284 667 3403 737 ipso
3439 668 3494 723 in

206 728 444 794 φύσεως
485 729 549 783 τὸ
580 730 831 786 διαλυθὲν
870 736 951 797 εες
994 736 1261 792 δυσωδίαν
1307 741 1613 798 ἀποδιδόναι
1647 745 1811 801 πάλιν

202 817 293 887 τῷ
325 820 452 891 ζῇν.
499 820 635 874 Τότε
680 822 744 875 τὸ
772 824 1171 895 ἀπιστούμενον
1209 830 1311 901 τῆς
1353 832 1649 906 καθολικῆς
1679 838 1810 891 ἀνα-

204 909 474 973 στάσεως
521 910 685 983 ἔργον
728 912 796 966 δι’
829 915 1225 989 ἐναργεστέρου
1264 920 1359 975 τοῦ
1408 923 1686 995 θαύματος
1729 929 1809 993 εἰς

201 1001 496 1069 ἀπόδειξιν
523 1004 736 1071 ἄγεται.
786 1007 921 1061 esse
954 1006 1063 1080 γὰρ
1107 1013 1173 1064 ὲκ
1213 1013 1369 1067 νόσου
1399 1031 1485 1080 τις
1525 1019 1807 1074 ἀνίσταται

200 1093 486 1164 χαλεπῆς,
526 1094 650 1149 οὐδὲ
686 1097 824 1168 πρὸς
859 1102 982 1164 ταῖς
1024 1101 1364 1169 τελευταίαις
1393 1106 1469 1161 ὢν
1513 1110 1806 1176 ἀναπνοαῖς

199 1186 293 1247 εἰς
337 1185 442 1255 τὴν
494 1185 643 1259 ζωὴν
690 1189 1041 1259 ἐπανάγεται,
1094 1194 1214 1248 οὐδὲ
1264 1196 1482 1253 παιδίον
1515 1200 1803 1271 ἀρτιθανὲς

200 1274 581 1343 ζωοποιεῖται,
604 1279 726 1334 οὐδὲ
753 1280 958 1351 μέλλων
986 1284 1064 1354 τῷ
1091 1285 1247 1358 τάφῳ
1270 1290 1640 1360 προσάγεσθαι
1674 1311 1802 1348 νεα-

201 1365 334 1429 νίας
367 1366 535 1422 πάλιν
572 1370 638 1423 ὲκ
684 1371 784 1441 τῆς
826 1373 986 1444 σοροῦ
1026 1375 1346 1433 ἀναλύεταιο
1380 1381 1496 1435 ἀλλ’
1526 1383 1664 1455 ἀνὴρ
1692 1385 1800 1440 τῶν

108 1516 117 1522 ο
199 1457 458 1531 ἐξώρων,
495 1462 712 1534 νεκρὸς,
747 1464 932 1530 ἕωλος,
969 1466 1254 1539 ἐξῳδηκὼς
1282 1471 1402 1541 ἤδη,
1436 1474 1528 1527 καὶ
1567 1474 1796 1546 λελυμέ-

199 1568 320 1615 νος,
344 1552 424 1617 rb;
460 1554 596 1624 μηδὲ
628 1557 741 1620 τοῖς
776 1557 1104 1627 ἐπιτηδείοις
1130 1561 1355 1617 ἀνεκτὸν
1389 1560 1527 1619 εἶναι
1559 1584 1795 1637 προσεγ-

197 1643 362 1709 γίσαι
410 1642 492 1715 τῷ
535 1646 695 1717 τάφῳ
742 1647 831 1700 τὸν
888 1649 1125 1722 Κύριον,
1178 1653 1266 1706 διὰ
1320 1654 1418 1725 τὴν
1469 1659 1795 1732 ὲγκειμένην

199 1732 407 1822 ἀηδζαν
461 1736 558 1790 τοῦ
617 1739 1058 1805 διαπεπτωκότος
1106 1744 1390 1815 σώματος,
1452 1751 1552 1820 μιᾷ
1602 1752 1793 1822 κλήσει

199 1819 575 1895 ζωοποιηθεὶς
595 1826 882 1881 πιστοῦται
909 1829 971 1882 τὸ
999 1832 1260 1902 κήρυγμα
1288 1836 1387 1906 τῆς
1422 1819 1791 1908 ἀναστάσεως,

198 1914 355 1973 τοῦτ’
394 1915 535 1981 ἐστι,
562 1917 625 1970 τὸ
654 1918 749 1971 ἐπὶ
787 1919 881 1972 τοῦ
927 1921 1107 1975 κοινοῦ
1141 1924 1609 1996 προσδοκώμενον,
1644 1931 1673 1983 ὃ
1701 1933 1794 1985 ἐπὶ

204 2005 411 2077 μέρους
437 2008 503 2076 τῇ
544 2007 711 2078 πείρᾳ
745 2008 1042 2079 ἐμάθομεν.
1075 2012 1344 2084 Καθάπερ
1375 2014 1482 2087 γὰρ
1515 2019 1573 2073 ὲν
1600 2021 1665 2090 τῇ
1696 2020 1791 2074 τοῦ

200 2099 410 2162 παντὸς
456 2100 917 2170 ἀναστοιχειώσει,
946 2103 1110 2173 φησὶν
1164 2106 1193 2156 ὁ
1231 2107 1571 2174 Ἀπόστολος,
1627 2112 1790 2166 αὑτὸν

201 2188 621 2261 καταδήσεσθαι
668 2192 761 2244 τὸν
790 2192 995 2264 Κύριον
1042 2197 1101 2247 ὲν
1142 2195 1493 2267 κελεύσματι.
1544 2202 1601 2253 ἐν
1635 2205 1784 2274 φωνῇ

197 2280 569 2351 ἀρχαγγέλου,
602 2282 698 2336 καὶ
734 2283 822 2337 διά
856 2285 1154 2356 σάλπιγγος
1202 2289 1283 2352 εἰς
1323 2290 1631 2363 ἀφθαρσίαν
1660 2296 1788 2360 τοὺς

198 2372 434 2441 νεκροὺς
470 2371 853 2445 διαναστήσειν
869 2366 1062 2430 ’ὀῦτω
1086 2378 1179 2431 καὶ
1221 2378 1315 2432 νῦν
1340 2376 1448 2435 οἷόν
1474 2400 1595 2437 τινα
1617 2382 1786 2441 ὕπνον

196 2459 296 2513 τὸν
344 2460 598 2530 θάνατον,
640 2467 707 2535 τῇ
746 2469 894 2537 φωνῇ
943 2467 1039 2521 τοῦ
1093 2470 1512 2542 προστάγματος
1553 2476 1582 2527 ὁ
1619 2478 1677 2528 ἐν
1710 2477 1789 2547 τῷ

196 2551 361 2621 τάφῳ
417 2553 875 2625 ἀποσεισάμενος,
923 2560 1019 2612 καὶ
1069 2560 1397 2626 ἀποτινάξας
1449 2564 1645 2619 ἑαυτοῦ
1686 2567 1786 2639 τὴν

196 2643 594 2716 ἑπιγινομένην
644 2645 943 2718 διαφθορὰν
984 2653 1049 2722 τῇ
1098 2653 1408 2724 νεκρότητι,
1448 2656 1632 2728 ἄρτιος
1693 2660 1787 2713 καὶ⁴

197 2733 346 2797 σῶος
380 2735 474 2790 τοῦ
507 2737 680 2807 τάφου
714 2737 1016 2804 ἐξάλλεται,
1054 2743 1189 2813 μηδὲ
1216 2745 1294 2815 τῷ
1315 2746 1499 2817 δεσμῷ
1519 2748 1627 2803 τῶν
1656 2751 1785 2821 περὶ

194 2826 331 2887 τοὺς
354 2825 523 2891 πόδας
574 2828 800 2893 καὶτὰς
841 2833 1029 2904 χεῖρας
1076 2834 1301 2904 κειριῶν
1331 2836 1595 2902 κωλυθεὶς
1646 2839 1784 2911 πρὸς

194 2916 302 2989 τὴν
328 2918 529 2983 ἔξοδον.

1913 740 2102 797 illuvie
2130 750 2290 798 terra:
2327 748 2640 801 necessario
2675 747 2972 804 dillluente.
3019 751 3123 807 Res
3164 753 3278 823 ipsa
3316 754 3493 815 fmda.

1913 839 2235 904 tantumque
2256 852 2364 891 non
2395 836 2783 903 abominanda,
2806 841 2925 910 cogi
2955 841 3212 897 nimirum
3236 855 3492 900 naturam

1910 924 1964 979 id
1991 925 2140 994 quod
2167 927 2281 997 jam
2315 929 2390 984 ita
2422 929 2786 997 dissolvisset,
2820 938 2879 985 ut
2912 932 3071 1001 plane
3107 934 3299 991 fcteret
3320 937 3493 1006 “vita-

1906 1016 2216 1074 restituere.
2250 1020 2441 1090 Itaque
2470 1030 2583 1075 tum
2608 1022 2753 1076 haud
2779 1023 2945 1078 dubie
2973 1025 3223 1095 prodigio
3245 1028 3485 1096 quodam

1906 1110 2221 1177 illustriori,
2256 1127 2429 1183 genus
2463 1114 2765 1169 humanum
2801 1116 3056 1172 universe
3093 1119 3388 1190 aliquando
3422 1136 3486 1176 ex

1903 1210 2079 1258 morte
2096 1203 2447 1258 excitandum
2470 1220 2613 1269 esse,
2633 1206 3064 1262 demonstratum
3083 1216 3186 1264 est.
3208 1208 3324 1264 Non
3344 1211 3488 1266 enim

1902 1295 2051 1365 gravi
2090 1296 2216 1366 quis
2255 1298 2445 1352 morbo
2483 1299 2714 1364 levatur,
2752 1312 2933 1371 neque
2964 1294 3018 1357 'is
3057 1303 3148 1370 qui
3185 1315 3488 1360 extremum

1901 1386 2138 1443 ducebat
2171 1389 2450 1459 spiritum,
2478 1392 2603 1445 vita:
2618 1393 2956 1460 restituitur,
2982 1410 3160 1464 neque
3192 1398 3368 1465 puella
3404 1414 3485 1452 re~

1899 1491 2032 1533 cens
2059 1487 2272 1534 mortua
2298 1481 2464 1535 vitam
2493 1495 2804 1553 recuperat,
2832 1486 3243 1557 nequejuvenis
3260 1489 3485 1559 jamjam

1899 1569 2249 1637 sepeliendus
2280 1570 2349 1625 de
2376 1573 2659 1644 sandapila
2700 1576 2976 1643 eximitur,
3010 1576 3105 1633 sed
3141 1578 3302 1632 homo
3330 1588 3488 1634 aetate

1829 1644 1869 1699 Β
1897 1662 2204 1731 provectior
2220 1662 2544 1733 jampridem
2565 1675 2831 1733 mortuus,
2854 1668 3149 1735 marcidus,
3169 1681 3486 1739 putrescens

1899 1767 1965 1807 ac
1987 1753 2262 1818 dimuens,
2290 1755 2450 1830 cujus
2478 1755 2546 1810 ad
2579 1760 2875 1826 tumulum,
2907 1772 3132 1830 propter
3155 1762 3358 1817 fmdum
3391 1778 3485 1817 ca-

1897 1842 2115 1899 daveris
2146 1829 2395 1910 halitum,
2430 1855 2487 1901 ut
2519 1847 2782 1904 Dominus
2804 1829 3112 1916 accederet,
3138 1853 3227 1906 vix
3253 1854 3355 1923 ipsi
3383 1869 3483 1908 ne-

1894 1935 2123 1991 cessarii
2150 1933 2435 1991 ferendum
2466 1939 2875 1994 existimabant.
2910 1940 3010 1996 llic
3042 1958 3174 2013 ergo
3207 1960 3314 1999 una
3348 1962 3482 2000 voce

1895 2025 2066 2079 vitam
2096 2040 2452 2097 recuperans,
2479 2028 2638 2085 ﬁdem
2675 2031 2939 2087 doctrina:
2976 2034 3044 2089 de
3078 2040 3482 2094 resurrectione

1899 2117 2181 2182 conciliat,
2217 2125 2277 2172 ut
2303 2119 2415 2187 jam
2450 2119 2522 2174 sit
2554 2124 2980 2191 exspectandum
3021 2126 3298 2189 universe,
3334 2129 3478 2198 quod

1897 2209 2063 2264 certis
2115 2208 2171 2263 in
2218 2210 2468 2280 partibus
2506 2211 2841 2281 experientia
2882 2227 3069 2268 verum
3105 2228 3229 2270 esse
3267 2216 3477 2273 docuit.

1894 2297 2054 2366 Nam,
2091 2307 2151 2354 ut
2178 2300 2477 2370 Apostolus
2505 2302 2780 2356 memoriae
2810 2302 3068 2372 prodidit,
3110 2319 3174 2359 eo
3209 2315 3475 2376 tempore,

1891 2407 2001 2462 quo
2034 2394 2430 2448 instaurabitur
2459 2393 2791 2449 universitas
2825 2410 3032 2460 rerum,
3073 2394 3361 2452 Dominum
3397 2400 3479 2469 ip-

1890 2497 2010 2536 sum
2043 2482 2277 2552 quadam
2308 2484 2469 2553 quasi
2487 2497 2609 2537 cum
2636 2483 2861 2538 militari
2890 2486 3344 2545 conclamatione.
3381 2505 3479 2558 per

1888 2589 2075 2628 vocem
2131 2574 2441 2629 divinorum
2494 2576 2813 2631 nuntiorum
2863 2578 3159 2648 principis,
3213 2596 3277 2634 ac
3328 2582 3477 2637 tuba:

1885 2667 2196 2736 clangorem
2232 2675 2479 2724 mortuos
2509 2669 2575 2723 ad
2603 2668 2973 2725 conditionem
3004 2672 3259 2729 interitus
3285 2690 3477 2743 cxper—

1883 2765 1993 2812 tem
2019 2758 2412 2813 suscitaturum
2429 2760 2514 2815 9’:
2548 2760 2627 2815 sic
2649 2775 2795 2814 nunc
2817 2760 2979 2816 etiam
3002 2745 3240 2818 Lazarus
3265 2767 3476 2818 tumulo

1888 2847 2179 2912 conditus,
2226 2848 2291 2903 ad
2337 2865 2523 2905 vocem
2561 2852 2959 2922 imperiumque
2996 2852 3208 2908 Domini
3246 2865 3472 2910 mortem

1887 2937 2063 2993 instar
2100 2939 2279 2994 somni
2317 2940 2624 3005 excutiens,
2643 2949 2697 2997 et
2714 2941 3133 3012 putrefactione,
3168 2960 3289 3014 qua:
3327 2961 3475 2999 mor-

196 3022 357 3068 tuum
394 3014 658 3071 continuo
693 3027 1076 3089 occupaverat,
1115 3020 1325 3092 abjecta
1355 3040 1369 3077 :
1402 3024 1613 3096 integer
1631 3034 1686 3081 et
1706 3027 1998 3088 incolumis
2027 3032 2097 3088 de
2126 3035 2380 3104 sepulcro
2397 3034 2632 3106 prosilit,
2663 3051 2731 3091 ne
2757 3036 2990 3093 vinculis
3018 3037 3239 3107 quidem
3268 3038 3471 3108 ipsum,

194 3110 406 3180 quibus
447 3114 574 3168 cum
596 3114 1097 3185 manustumpedes
1128 3126 1284 3173 erant
1316 3122 1626 3187 constricti,
1663 3123 2114 3193 impedientibus.

269 3198 422 3273 Ἀρά
463 3204 845 3294 μικρά-ταῦτα
893 3208 1030 3279 πρὸς
1063 3211 1246 3267 πίστιν
1280 3215 1381 3286 τῆς
1420 3216 1530 3269 τῶν
1577 3218 1767 3289 νεκρῶε

1973 3222 2165 3293 Ecquid
2186 3222 2302 3278 haec
2316 3225 2382 3277 ad
2402 3223 2828 3279 conhrmandam
2847 3222 2913 3279 de
2933 3225 3329 3279 resurrectione
3346 3239 3471 3294 per-

195 3292 586 3356 άναστάσεωςς
639 3292 701 3344 Et
744 3293 927 3364 ζητεῖς
974 3298 1066 3351 καὶ
1112 3299 1180 3352 δι’
1236 3302 1439 3373 ἐτέρων
1483 3303 1788 3376 βεϐαιωθῆ-

196 3378 291 3431 vui
343 3395 428 3431 σοι
477 3378 579 3448 τὴν
630 3381 760 3450 ’περὶ⁹
806 3381 998 3435 τούτου
1060 3386 1273 3456 κρίσιν;
1323 3388 1460 3443 ἀλλά
1508 3408 1597 3461 μοι
1642 3391 1790 3445 δοκεί

201 3466 280 3538 μὴ
333 3469 516 3536 μάτην
573 3469 687 3530 τοῖς
746 3468 885 3523 κατά
933 3473 1308 3546 Καφαρναοὺμ
1347 3479 1648 3548 εἰρηκέναι,
1712 3479 1788 3543 ὡς

196 3555 265 3608 ἐκ
308 3552 606 3624 προσώπου
650 3554 759 3608 τῶν
796 3556 1098 3635 ἀνθρώπων
1130 3562 1158 3614 ό
1205 3561 1407 3634 Κύριος
1448 3564 1605 3617 τοῦτο
1649 3566 1787 3635 πρὸς

198 3643 395 3697 ἑαυτὸν
430 3641 637 3711 λέγων’
671 3664 689 3695 ι
728 3634 950 3710 Πάντως
987 3649 1167 3726 ζἐρεῖίιέ
1210 3668 1302 3721 μοι
1328 3651 1427 3721 τὴν
1473 3634 1785 3726 παραϐολὴν

196 3731 425 3801 ταύτην
481 3731 674 3802 Ἰατρὲ,
719 3717 1051 3803 θεράπευσον
1079 3717 1674 3813 σεαυτόνη-Ἔδει-γάρ
1727 3717 1785 3797 έν

200 3818 409 3888 ἑτέροις
458 3817 678 3889 σώμασι
727 3822 1126 3892 προσεθίσαντα
1168 3826 1294 3889 τοὺς
1342 3826 1662 3898 ἀνθρώπους
1706 3829 1784 3902 τῷ

198 3904 341 3959 κατά
372 3906 471 3976 τὴν
502 3907 798 3962 ἀνάστασιν
824 3909 1081 3983 θαύματι,
1113 3914 1169 3965 ἐν
1200 3912 1276 3984 τῷ
1316 3914 1438 3967 καθ’
1473 3917 1663 3970 ἑαυτὸν
1690 3920 1784 3973 άν-

198 3992 405 4062 θρώπῳ
438 3993 734 4063 βεϐαιῶσαι
782 3997 873 4050 τὸν
900 3998 1077 4066 λόγον.
1113 3996 1265 4065 Εἶδες
1303 4002 1358 4053 ὲν
1401 4004 1606 4076 ἑτέροις
1628 4007 1781 4079 ἐνερ-

198 4079 294 4147 γὸν
335 4079 398 4131 τὸ
431 4083 714 4152 κήρυγμα.
774 4084 912 4148 Τοὺς
961 4085 1310 4158 τεθνήξεσθαι
1364 4090 1676 4163 μέλλοντας,
1721 4095 1782 4149 τὸ

198 4166 414 4219 παιδίον
458 4167 520 4219 τὸ
566 4168 661 4221 τοῦ
694 4169 792 4241 ζῇν
833 4172 955 4242 ἄρτι
993 4177 1363 4245 παυσάμενον,
1395 4183 1490 4231 τὸν
1528 4181 1663 4250 πρὸς
1704 4181 1781 4253 τῷ

197 4253 631 4323 τάφωνεανέαν,
668 4256 759 4308 τὸν
791 4257 1107 4331 διεφθορότα
1153 4262 1365 4333 νεκρὸν,
1403 4266 1611 4330 πάντας
1642 4269 1782 4323 κατά

196 4339 255 4391 τὸ
286 4335 408 4392 ἶσον
431 4340 513 4392 ἑνὶ
542 4344 924 4421 προστάγματι
959 4346 1094 4418 πρὸς
1122 4348 1219 4419 τὴν
1258 4349 1401 4421 ζωὴν
1429 4353 1777 4420 ἀναλύοντας.

200 4428 391 4495 Ζητείς
422 4430 519 4482 καὶ
554 4415 681 4494 τοὺς
711 4431 800 4484 διὰ
843 4437 1173 4506 τραυμάτων
1208 4438 1302 4490 καὶ
1333 4440 1560 4511 αἵματος
1598 4445 1654 4497 ἐν
1701 4444 1780 4515 τῷ

198 4512 416 4583 θανάτῳ
458 4517 772 4584 γεγονότας,
805 4523 880 4590 μή
925 4539 1010 4583 τις
1058 4524 1150 4576 ἐπὶ
1200 4526 1404 4579 τούτων
1442 4528 1626 4581 ἀτονία

197 4599 466 4688 ζωοποιοῦ
489 4602 769 4687 δυνάμεως
797 4604 898 4680 λύῃ
931 4608 1029 4678 τὴν
1055 4610 1248 4681 χάριν;
1278 4609 1399 4666 Εἷδε
1426 4614 1518 4667 τὸν
1551 4617 1608 4669 ἐν
1627 4599 1776 4688 ἥλοις

194 4685 659 4775 διαπερονηθέντα
692 4691 790 4755 τὰς
844 4696 1050 4765 χεῖρας.
1100 4693 1222 4750 Εἷδε
1246 4698 1362 4752 “τὺν
1410 4701 1508 4772 τὴν
1542 4685 1782 4775 πλευράν

196 4771 365 4846 λόγχῃ
390 4774 752 4847 διαπαρέντα.
784 4778 1040 4848 Διένεγκε
1068 4784 1194 4847 τοὺς
1232 4771 1527 4851 δακτύλους
1564 4806 1654 4842 σου
1682 4771 1780 4844 -διά

194 4862 300 4916 τῶν
322 4863 511 4919 τύπων
541 4866 651 4918 τῶν
675 4866 839 4936 ἥλων.
872 4870 1118 4940 Ἔμϐαλε
1146 4873 1247 4944 τὴν
1278 4875 1437 4945 χεῖρά
1478 4894 1570 4930 σου
1599 4879 1677 4950 τῷ
1715 4882 1778 4934 ἐκ

195 4950 293 5020 τῆς
324 4950 529 5022 λόγχης
576 4953 873 5024 τραύματι.
907 4957 1149 5030 Στοχάζῃ
1195 4961 1411 5027 πάντως
1454 4965 1547 5017 ἐπὶ
1594 4968 1777 5021 πόσων

195 5038 338 5102 εἰκὸς
373 5034 443 5109 ἦν
482 5040 564 5102 εὶς
595 5040 658 5093 τὸ
689 5041 842 5105 ἐντὸς
882 5044 982 5115 τὴν
1009 5047 1215 5119 αἰχμὴν
1246 5049 1509 5114 διαδῦναι,
1549 5053 1636 5108 διὰ
1679 5055 1774 5110 τοῦ

196 5124 428 5212 πλάτους
463 5127 567 5198 τῆς
598 5126 852 5200 ὠτειλῆς,
878 5132 980 5203 τὴν
1007 5134 1099 5188 ἐπὶ
1135 5135 1195 5188 τὸ
1231 5135 1340 5190 ἔσω
1370 5139 1601 5210 πάροδον
1632 5142 1776 5212 λογι-

197 5210 435 5282 ζόμενος.
476 5215 539 5268 Ἡ
572 5214 687 5285 γὰρ
736 5215 937 5270 εἴσοδον
985 5220 1170 5292 χειρὸς
1213 5223 1562 5297 ἀνθρωπίνης
1592 5210 1776 5299 χωρή-

198 5316 329 5355 σασα
356 5302 567 5375 πληγὴ,
599 5304 769 5358 πόσον
800 5307 953 5371 ἐντὸς
976 5307 1073 5361 τοῦ
1109 5308 1306 5379 βάθους
1335 5314 1664 5385 γεγενῆσθαι
1683 5318 1776 5372 τὸν

196 5389 405 5465 σίδηρον
457 5392 874 5462 ύποδείκνυσιν;
905 5396 968 5450 Et
1015 5394 1109 5452 οὖν
1151 5393 1305 5465 οὗτος
1341 5402 1655 5476 ἐγήγερται,
1682 5405 1773 5460 εύ-

250 5579 339 5635 "l
375 5578 585 5638 Thess.
622 5592 699 5645 tv,
732 5577 796 5634 19
829 5595 947 5651 sqq.
1022 5583 1062 5615 "
1104 5582 1236 5641 Luc.
1273 5601 1345 5653 tv,
1385 5585 1477 5645 ‘23.

1888 3312 2201 3367 suasionem
2230 3313 2368 3368 levia
2401 3315 2498 3369 tibi
2528 3313 2822 3368 videntur?
2844 3316 3079 3369 etiamne
3106 3314 3234 3385 quid
3266 3315 3334 3370 de
3371 3315 3472 3368 hac

1886 3402 2094 3458 certius
2124 3403 2451 3460 desideras?
2494 3404 2613 3460 Non
2650 3415 2853 3461 temere
2892 3407 3023 3461 mihi
3066 3406 3329 3463 Dominus
3367 3407 3472 3462 hoc

1886 3492 2029 3562 apud
2057 3493 2580 3563 Capharnaumanos
2611 3499 2780 3561 cives,
2821 3508 3077 3567 tanquam
3127 3510 3194 3553 ex
3226 3499 3469 3567 ipsorum

1884 3599 2117 3654 persona
2144 3585 2350 3642 dixisse
2375 3588 2627 3645 videtur:
2651 3609 2667 3639 ι
2690 3589 2925 3642 Omnino
2956 3590 3087 3641 mihi
3118 3590 3302 3643 tritum
3336 3590 3469 3644 illud

1885 3673 2165 3728 hominum
2195 3679 2551 3744 usurpatione
2591 3678 2813 3732 verbum
2844 3677 3101 3745 objicitis,
3135 3677 3358 3743 Medico,
3387 3685 3469 3732 tc-

1884 3763 2063 3833 ipsum
2089 3768 2358 3820 curato“.
2389 3786 2408 3819 ι
2438 3767 2573 3821 Nam
2599 3783 2697 3837 par
2721 3777 2856 3832 erat,
2881 3775 2940 3820 ut
2972 3767 3062 3838 qui
3097 3768 3343 3823 homines
3375 3784 3470 3838 per

1882 3853 2030 3909 edita
2058 3854 2115 3909 in
2146 3855 2338 3912 alienis
2377 3859 2702 3927 corporibus
2747 3859 3008 3913 miracula
3054 3859 3469 3915 condocefacie-

1850 3944 2009 4019 ibat,
2042 3955 2102 4000 ut
2140 3949 2596 4004 resurrectionem
2637 3948 2754 4005 fore
2791 3951 3099 4015 crederent,
3121 3950 3260 4004 idem
3302 3952 3466 4021 etiam

1883 4040 1979 4093 illo
2004 4040 2058 4094 in
2078 4054 2305 4110 corpore
2327 4042 2472 4111 quod
2494 4057 2525 4096 a
2549 4043 2707 4098 nobis
2736 4052 3045 4113 sumpserat
3064 4043 3465 4114 comprobaret.

1881 4128 1941 4185 ln
1975 4131 2101 4186 aliis
2134 4132 2440 4189 doctrinam
2470 4134 2613 4189 hanc
2642 4134 2936 4190 elﬁcaciter
2965 4135 3298 4190 declaratam
3333 4149 3465 4189 con-

1883 4223 2261 4295 ﬁrmatamque
2282 4226 2489 4281 vidisti.
2512 4224 2670 4280 Morti
2696 4225 3246 4295 proximos,puellam
3273 4242 3466 4280 recens

1882 4321 2174 4379 mortuam,
2200 4314 2456 4383 juvenem
2483 4315 2723 4391 delatum
2753 4314 3007 4368 etiamad
3044 4315 3333 4378 tumulum,
3368 4329 3462 4368 ca-

1881 4404 2050 4460 daver
2075 4404 2652 4476 denique'putrescens
2672 4422 2685 4457 :
2709 4420 2901 4462 omnes
2915 4405 3016 4460 bos
3038 4406 3104 4461 ad
3131 4405 3291 4461 unius
3314 4406 3465 4461 vocis

1882 4497 2168 4567 imperium
2210 4506 2387 4554 morte
2418 4500 2638 4564 relicta,
2682 4512 2878 4554 rursus
2925 4500 2983 4554 in
3020 4499 3186 4553 vitam
3231 4497 3462 4553 commi-

1816 4575 1861 4630 Ῐ)
1887 4596 2108 4660 grantes
2134 4588 2340 4644 vidisti.
2368 4588 2561 4644 Jamne
2593 4596 2647 4644 et
2680 4590 2804 4644 illos
2840 4591 3024 4646 videre
3068 4592 3217 4646 lubet
3255 4589 3463 4646 excita-

1886 4689 2000 4744 tos,
2040 4682 2132 4749 qui
2166 4681 2221 4734 in
2253 4681 2572 4736 vulneribus
2618 4689 2673 4736 et
2709 4683 2975 4752 sanguine
3010 4690 3238 4736 mortem
3278 4681 3461 4733 obire-

1881 4781 2030 4841 runt,
2060 4789 2131 4829 ne
2158 4775 2281 4845 quis
2305 4775 2361 4828 in
2393 4775 2480 4829 his
2508 4774 2648 4831 forte
2675 4784 2998 4845 potestatem
3022 4774 3282 4837 divinam,
3313 4787 3460 4826 mor-

1881 4874 2005 4921 tuos
2038 4866 2094 4922 in
2127 4868 2296 4921 vitam
2335 4877 2706 4934 revocantem,
2739 4854 2862 4923 esse
2900 4866 3228 4921 imbecillam
3265 4865 3461 4933 putet?

1878 4956 1937 5010 In
1976 4956 2128 5010 illum
2168 4957 2382 5011 intuere
2420 4957 2580 5027 cujus
2610 4955 2901 5027 perforatae
2939 4956 3108 5009 clavis
3146 4968 3341 5008 inanus
3376 4952 3460 5007 fu-

1881 5054 2081 5101 erunt:
2125 5046 2181 5100 in
2219 5047 2394 5112 illum,
2438 5048 2682 5117 inquam,
2722 5048 2811 5102 cui
2849 5047 2992 5100 latus
3030 5044 3258 5098 alterum
3301 5044 3457 5098 hasta

1881 5136 2187 5208 perfossum
2226 5137 2349 5193 fuit.
2385 5138 2728 5209 Age,digitos
2762 5145 2886 5193 tuos
2923 5152 3016 5206 per
3053 5137 3331 5226 clavorum
3365 5151 3455 5189 ve-

1882 5228 2041 5297 stigia
2068 5227 2399 5282 circumfer:
2427 5228 2607 5282 insere
2629 5243 2851 5282 manum
2884 5228 2939 5281 in
2969 5225 3168 5283 vulnus
3189 5225 3456 5281 inﬂictum

1882 5319 1951 5373 ab
1982 5319 2157 5374 hasta.
2199 5319 2540 5375 existimabis
2578 5319 2860 5386 facillime,
2895 5335 3181 5390 quousque
3211 5320 3457 5391 cuspidis

1882 5409 2027 5467 acies
2043 5409 2426 5481 penetraverit,
2451 5410 2498 5469 si
2529 5410 2597 5468 de
2620 5410 2861 5470 vulneris
2889 5411 3265 5486 aniplitudinc,
3292 5424 3455 5482 quam
