3794 6000
320 160 429 229 ιιιῖι

1563 163 1625 219 s.
1658 162 1989 221 onsconu
2024 157 2318 224 mssast
2364 123 2370 131 ’

3473 146 3606 201 εει

321 274 613 329 vehemens
645 272 813 328 hastae
841 272 1004 327 fuerit
1049 273 1358 343 impressio,
1404 276 1779 345 conjecturam
1814 286 1819 331 l

2105 294 2154 331 ον
2197 274 2264 328 ἂν
2311 272 2398 341 εἴη
2444 268 2506 323 τὸ
2534 265 2884 322 ἀποστολικὸν
2914 259 3374 334 ἐπιφθέγξασθαι*
3411 279 3431 311 ι
3452 260 3603 323 Πῶς

319 364 458 418 cias.
476 361 648 429 Quam
676 365 821 418 enim
849 354 958 419 alte
981 363 1183 419 ferrum
1213 372 1529 434 penetrasse
1547 381 1774 423 necesse
1789 377 1894 433 est,

321 470 446 509 cum
476 454 676 509 vulnus
710 454 889 524 ipsum
923 453 1160 514 hominis
1191 468 1412 509 manum
1448 455 1709 512 incertam
1740 471 1899 526 cape-

323 559 382 600 re
411 545 680 613 potuerit!
708 542 807 597 Hic
836 558 965 614 ergo
985 559 1108 598 cum
1135 544 1405 600 excitatus
1427 561 1456 599 a
1486 553 1662 602 morte
1686 548 1777 610 sil,
1807 562 1901 602 ne-

322 632 500 697 ntinc,
530 633 755 702 opinor.
787 633 1228 698 contradicente,
1278 636 1461 690 verbis
1503 635 1611 690 illis
1655 636 1900 704 Apostoli

323 723 481 779 nobis
506 724 585 778 uti
617 725 828 779 licebit:
860 724 980 790 Quo
1007 732 1167 794 pacto
1194 725 1378 781 dicere
1402 728 1650 781 nonnulli
1677 727 1898 791 audent,

323 817 776 871 resurrectionem
804 826 1141 871 mortuorum
1168 833 1276 871 non
1307 816 1766 884 iore“?Quando
1802 818 1901 888 igiv

320 915 412 960 tur
442 906 652 960 Domini
689 907 945 960 vaticinia
985 907 1052 962 de
1087 907 1190 981 hoc
1216 925 1345 963 vera
1377 925 1500 965 esse
1542 919 1710 979 patet,
1756 908 1904 979 quod

321 1005 376 1051 et
406 998 622 1051 caeteris
652 999 774 1065 ejus
804 999 1045 1054 oraculis
1087 1011 1316 1057 eventus
1362 1003 1744 1072 responderit:
1790 1000 1906 1057 fore

321 1096 504 1143 autem
532 1090 987 1144 resurrectionem
1018 1106 1127 1145 non
1144 1092 1331 1147 verbis
1371 1093 1554 1157 modo,
1583 1094 1676 1148 sed
1704 1094 1823 1163 ipsa
1849 1111 1908 1147 e-

326 1179 455 1233 tiam
483 1196 541 1235 re
566 1181 946 1247 declaraverit,
974 1184 1254 1238 nonnullis
1284 1184 1519 1238 invitam
1549 1199 1642 1253 per
1662 1199 1909 1239 resurre-

324 1271 560 1326 ctionem
585 1271 863 1327 reductis:
893 1274 1023 1343 quid
1051 1273 1311 1345 deinceps
1330 1284 1625 1344 praetexent
1651 1274 1908 1329 adversa-

325 1364 391 1417 rii
436 1378 636 1426 causa},
671 1379 780 1434 quo
822 1366 1002 1420 minus
1031 1366 1191 1420 nobis
1223 1366 1632 1422 assentiamur?
1662 1365 1775 1421 Cur
1798 1380 1910 1420 non

322 1455 505 1509 valere
526 1455 697 1524 jussis
722 1457 999 1521 omnibus,
1025 1457 1119 1526 qui
1152 1473 1247 1528 per
1278 1457 1674 1527 philosophiam
1693 1457 1911 1512 inanes-

325 1561 432 1614 que
473 1543 694 1601 fraudes
736 1547 901 1618 capti,
946 1549 1249 1618 simplicem
1292 1557 1346 1603 et
1375 1549 1681 1603 inornatam
1708 1548 1911 1602 verita-

1999 366 2217 436 λέγουσί
2243 380 2411 427 τινες,
2459 363 2540 415 ὃτι
2585 359 2880 419 ἀνάστασις
2934 355 3145 428 νεκρῶν
3191 354 3293 407 οὐκ
3345 351 3539 417 torua;
3578 372 3600 403 υ

2013 454 2231 527 Ἐπειδὴ
2256 455 2435 508 τοίνυν
2480 452 2630 505 πᾶσα
2664 450 2763 521 μὲν
2793 448 3102 519 πρόρρησις
3127 442 3221 498 τοῦ
3251 444 3458 513 Κυρίου
3505 443 3611 496 διὰ

2000 549 2099 619 τῆς
2127 546 2237 602 τῶν
2277 543 2577 614 γεγονότων
2612 540 2919 613 μαρτυρίας
2957 536 3165 608 ἀληθὴς
3197 534 3609 597 ἐπιδείκνυται,

2000 638 2160 694 τοῦτο
2182 638 2239 691 δὲ
2259 638 2322 690 οὐ
2349 638 2491 707 λόγῳ
2516 635 2914 706 μεμαθήκαμεν
2934 632 3113 701 μόνον,
3136 626 3274 682 ἀλλά
3291 627 3387 679 καὶ
3409 624 3472 691 ἐξ
3493 624 3614 678 αὺ-

2002 731 2112 784 τῶν
2138 728 2244 782 τῶν
2272 728 2366 780 ἐπὶ
2392 727 2490 797 τὴν
2510 725 2653 796 ζωὴν
2685 723 2744 790 ἐξ
2770 721 3134 783 ἀναστάσεωςῗ
3162 718 3610 782 ἐπανελθόντων,

2005 820 2150 892 ἔργῳ
2181 818 2280 887 τὴν
2331 814 2601 880 ἀπόδειξιν
2648 817 2747 884 τῆς
2799 810 3129 880 ἐπαγγελίας
3173 808 3477 877 ἐλάϐομεν·
3512 810 3614 871 τίς

2006 907 2355 964 ὑπολείπεται
2384 907 2495 968 τοῖς
2519 905 2593 975 μὴ
2623 903 2970 957 πιστεύουσιν
2996 900 3256 971 ἀφορμή;
3298 900 3439 964 Οὐκ,
3467 901 3614 970 Ἔρη

2010 999 2208 1073 ῥωσθε,
2243 998 2546 1069 φράσαντες
2580 997 2690 1058 τοῖς
2718 995 2805 1048 διὰ
2838 994 2936 1064 τῆς
2970 990 3288 1060 φιλοσοφίας
3314 991 3407 1043 καὶ
3430 990 3614 1060 κενῆς·

2007 1093 2224 1161 ἀπάτης
2266 1086 2773 1161 παρακρουομένοις
2819 1083 2916 1153 τὴν
2956 1081 3333 1136 ἀκατάσκευον
3384 1081 3609 1144 πίστιν,

2007 1181 2171 1251 ψιλῆς
2222 1179 2457 1251 ἑξόμεθα
2500 1180 2598 1249 τῆς
2640 1175 2961 1258 ὁμολογίας;
3014 1172 3279 1245 μαθόντες
3323 1174 3380 1226 έν
3428 1172 3613 1258 ὀλίγῳ

2009 1272 2096 1326 διὰ
2137 1270 2230 1324 τοῦ
2289 1271 2576 1342 Προφήτου
2603 1266 2692 1320 τὸν
2730 1257 2930 1337 τρόπον
2979 1266 3077 1336 τῆς
3130 1264 3371 1335 χάριτος,
3411 1264 3481 1318 δι’
3524 1257 3615 1317 ὧν

2011 1376 2206 1432 φησιν·
2254 1379 2273 1411 ι
2320 1359 2653 1422 Ἀντανελεῖς
2694 1357 2755 1411 τὸ
2795 1355 3014 1426 πνεῦμα
3043 1355 3245 1419 αὐτῶν,
3284 1356 3379 1408 καὶ
3420 1356 3616 1409 ἐκλεί-

2010 1452 2190 1522 ψουσι,
2230 1452 2322 1504 καὶ
2362 1452 2443 1515 είς
2480 1451 2572 1503 τὸν
2603 1450 2732 1520 χοῦν
2774 1449 2954 1503 αὐτῶν
2986 1448 3425 1521 ἐπιστρέφουσιν.
3483 1448 3619 1514 Ἑξτ

2013 1540 2331 1604 αποστελεῖς
2397 1541 2458 1594 τὸ
2523 1539 2752 1610 Πνεῦμά
2814 1556 2939 1603 σου,
3006 1540 3103 1593 καὶ
3180 1541 3611 1611 κτισθήσονται,

326 1639 398 1693 tis
447 1638 857 1708 persuasionem
906 1648 1247 1706 aversantur,
1284 1642 1443 1696 nudae
1473 1641 1657 1711 potius
1685 1638 1824 1711 proft

2138 1633 2471 1696 ἀνακαινιεῖς
2515 1632 2576 1685 τὸ
2616 1631 2907 1703 πρόσωπον
2956 1630 3058 1700 τῆς
3099 1630 3223 1700 γῆς.
3262 1649 3281 1679 ι
3320 1631 3456 1686 Ὅτε
3503 1632 3616 1685 καὶ

326 1728 471 1785 sioni
491 1730 657 1799 lmjus
680 1730 1118 1789 adhterebimus?
1149 1734 1450 1804 praesertim
1481 1748 1604 1788 cum
1631 1733 1700 1787 de
1729 1733 1908 1787 verbis

325 1817 489 1879 vatis.
522 1834 752 1874 numero
784 1822 994 1889 paucis,
1025 1837 1135 1890 quo
1167 1830 1327 1890 pacto
1360 1829 1713 1877 revocaturus
1745 1820 1801 1874 in
1828 1821 1908 1874 vi-

327 1913 437 1961 tam
468 1909 540 1963 sit
568 1908 713 1965 Deus
739 1911 1008 1976 homines,
1043 1912 1345 1982 intelligere
1375 1913 1556 1967 liceat.
1580 1909 1862 1974 «Auferes,
1886 1930 1905 1963 ι

328 1997 587 2067 inquit”,
612 2001 681 2055 ab
712 2002 792 2055 eis
818 2000 1073 2070 spiritum
1108 2000 1374 2070 ipsorum,
1405 2008 1461 2056 et
1493 2001 1698 2056 amissa
1735 1999 1910 2055 contiv

2013 1723 2399 1794 εὐφραίνεσθαι
2441 1723 2532 1776 τὸν
2566 1723 2770 1794 Κύριον
2806 1723 2900 1774 ἐπὶ
2943 1722 3058 1783 τοῖς
3100 1720 3281 1790 ἔργοις
3318 1720 3485 1773 αὐτοῦ
3522 1720 3618 1773 λέ-

2013 1832 2122 1884 γει,
2187 1812 2544 1868 ἐκλειπόντων
2591 1813 2699 1867 τῶν
2751 1811 3093 1883 ἁμαρτωλῶν
3144 1812 3253 1865 ἀπὸ
3315 1811 3419 1882 τῆς
3471 1813 3610 1883 γῆς.

2017 1906 2141 1971 Πῶς
2169 1907 2274 1978 γάρ
2301 1923 2385 1969 τις
2418 1904 2479 1971 ἐξ
2503 1905 2779 1976 ἁμαρτίας
2803 1903 3257 1975 όνομασθήσεται,
3286 1903 3390 1974 τῆς
3416 1905 3615 1974 ἀμαρ-

2015 2000 2137 2063 τίας
2173 1999 2275 2053 οὐκ
2293 1997 2488 2070 οῦσης;

327 2108 439 2147 nuo
481 2093 594 2147 vita
637 2095 691 2147 in
726 2092 1000 2163 pulverem
1042 2094 1331 2164 pristinum
1374 2096 1712 2166 redigentur.
1762 2094 1963 2149 Emitte
1992 2092 2260 2165 Spiritum
2301 2100 2480 2158 tuum,
2520 2100 2576 2149 et
2599 2092 2666 2149 de
2693 2092 2907 2165 integro
2936 2094 3291 2162 creabantur,
3343 2096 3616 2151 innovata

328 2184 502 2252 ipsius
532 2184 696 2237 etiam
726 2190 889 2241 terra:
918 2185 1079 2241 facie.
1111 2184 1472 2255 illloquidem
1488 2194 1734 2257 tempore
1758 2195 1911 2242 vates
1941 2186 2112 2252 addit,
2146 2187 2260 2243 fore
2298 2194 2359 2242 ut
2404 2186 2521 2242 suis
2556 2201 2623 2242 ex
2664 2187 2923 2257 operibus
2962 2185 3226 2249 Dominus
3267 2188 3613 2257 voluptatem

328 2272 539 2341 capiat,
581 2272 812 2330 sublatis
858 2273 927 2330 de
965 2282 1111 2330 terra
1142 2276 1425 2331 sceleratis
1461 2275 1798 2332 hominibus.
1856 2275 1976 2341 Quo
2015 2277 2161 2332 enim
2197 2286 2355 2348 pacto
2382 2276 2507 2347 quis
2551 2290 2620 2331 eo
2660 2275 2884 2331 nomine
2927 2283 3042 2331 tum
3090 2276 3349 2347 appellari
3378 2275 3612 2347 poterit-

329 2372 448 2438 ipsa
474 2383 533 2423 re
564 2368 727 2439 plane
753 2370 969 2427 sublata
998 2381 1052 2426 et
1080 2371 1330 2427 abolita?

504 2473 517 2508 ε
875 2462 1108 2521 CAPUT
1153 2462 1347 2520 XXVI.

365 2549 823 2608 Resurrectionem
853 2555 986 2622 fore,
1011 2555 1297 2611 abhorrens
1320 2574 1371 2617 κα
1400 2573 1517 2611 vero
1552 2574 1653 2611 non
1684 2557 1863 2612 videri.

2158 2545 2295 2607 Ὀτι
2318 2554 2429 2608 οὐκ
2456 2553 2574 2618 ἔξω
2606 2554 2710 2608 τοῦ
2742 2555 2973 2619 εἰκότος
3000 2554 3039 2620 ἡ
3070 2553 3434 2622 ἀνάστασις.

399 2636 603 2694 Verum
637 2643 883 2695 nonnulli
914 2651 1064 2708 sunt,
1107 2645 1202 2714 qui
1236 2645 1307 2699 ob
1344 2644 1709 2700 humanarum
1750 2646 1897 2719 cogi-

2110 2644 2227 2699 me
2261 2645 2368 2699 είσί
2408 2662 2576 2709 τινες,
2609 2645 2658 2699 οἳ
2700 2646 2788 2700 διὰ
2821 2646 2919 2717 τὴν
2952 2645 3060 2699 τῶν
3112 2645 3471 2717 ἀνθρωπίνας)
3508 2647 3608 2703 λο-

331 2730 603 2785 tationum
643 2732 1072 2791 imbecillitatem
1118 2752 1185 2793 eo
1216 2740 1488 2801 feruntur,
1535 2746 1594 2792 ut
1631 2738 1725 2795 Dei
1757 2756 1826 2811 po

2113 2738 2220 2808 μῶν
2251 2737 2491 2800 ἀτονίαν,
2538 2737 2674 2806 πρὸς
2705 2736 2773 2790 τά
2811 2737 3058 2808 ἡμέτερα
3108 2737 3284 2809 μέτρα
3310 2737 3408 2809 τὴν
3442 2736 3611 2793 θείαν

334 2826 530 2875 etatem
567 2820 636 2875 ad
687 2822 890 2878 virium
945 2832 1261 2880 nostrarum
1306 2827 1589 2883 modulum
1635 2829 1828 2901 exigan

2112 2847 2235 2902 ιμιν
2271 2829 2571 2901 κρίνοντες,
2605 2830 2668 2883 τὸ
2710 2831 2841 2901 ἡμῖν
2881 2827 3164 2899 ἀχώρητον
3195 2828 3318 2882 οὐδὲ
3344 2828 3467 2899 Θεῷ
3506 2830 3610 2884 δυ-

2501 2461 2902 2516 ΚΕΦΛΛΔΙΟΝ
2947 2463 3103 2530 Kq'.

333 2917 390 2964 et
418 2912 563 2980 quod
606 2913 810 2984 ingenii
845 2917 1022 2972 nostri
1070 2917 1308 2977 facultas
1341 2937 1453 2977 non
1480 2923 1649 2993 capit,
1694 2939 1763 2978 ne
1787 2925 1908 2994 qui-

334 3000 458 3054 dem
484 3016 514 3055 a
543 3001 655 3058 Deo
678 3007 924 3073 praestari
953 3023 1115 3078 posse
1148 3010 1433 3067 al'ﬁrment.
1457 3011 1594 3067 Nam
1627 3015 1904 3084 respicere

336 3105 442 3145 nos
475 3092 541 3146 ad
569 3108 666 3149 eos
701 3095 919 3162 jubent,
959 3100 1053 3169 qui
1090 3101 1219 3154 olim
1252 3106 1477 3168 mortui,
1539 3105 1717 3177 adque
1767 3108 1912 3163 nihi-

336 3180 451 3236 lum
481 3193 609 3239 sunt
635 3184 880 3242 redacti:
915 3198 1028 3243 tum
1066 3206 1300 3261 quorum
1339 3211 1573 3266 corpora
1622 3198 1772 3268 rogis
1812 3200 1910 3253 im-

337 3274 517 3345 posita
560 3284 616 3330 et
665 3288 1014 3337 concremata
1061 3293 1208 3340 sunt.
1253 3286 1454 3358 Objicit
1502 3305 1694 3345 eorum
1745 3292 1911 3348 nobis

337 3368 513 3421 oratio
545 3370 865 3429 carnivoras
895 3374 1127 3441 belluas,
1153 3388 1319 3449 atque
1351 3381 1519 3435 etiam
1563 3383 1765 3453 pisces,
1802 3384 1901 3455 qui

336 3457 621 3515 hominum
675 3463 981 3537 naufragiis
1030 3468 1332 3538 ejectorum
1365 3487 1561 3529 carnes
1606 3474 1910 3545 deglutive-

336 3558 485 3605 runt.
518 3551 743 3610 Addunt
804 3559 1119 3626 usuvenire,
1152 3569 1213 3616 ut
1275 3563 1347 3620 iis
1381 3565 1626 3622 vicissim
1662 3568 1913 3627 homines

342 3653 642 3699 νεεεειηιιιιι
673 3653 727 3701 ει
768 3660 1064 3708 ροιιοοςιοε
1111 3669 1267 3709 suam
1315 3655 1370 3709 in
1414 3671 1635 3713 carnem
1681 3674 1915 3716 conver-

335 3740 473 3789 tant.
530 3734 861 3807 Hujusmodi
913 3743 1088 3797 multa
1147 3756 1461 3812 recensent,
1519 3764 1616 3819 per
1662 3751 1913 3820 profecto

336 3826 498 3891 levia,
541 3841 596 3882 et
617 3831 817 3886 eximia
851 3833 942 3888 Dei
973 3845 1241 3904 potestate
1272 3840 1524 3910 indigna,
1579 3853 1639 3897 ut
1670 3853 1913 3901 nostram

338 3915 407 3969 de
454 3919 857 3973 resurrectione
900 3921 1213 3978 doctrinam
1258 3938 1530 3984 evertant.
1578 3931 1747 3997 Quasi
1784 3950 1915 3990 vero

338 4015 573 4073 nequeat
612 4006 759 4064 Deus
808 4012 953 4080 quod
994 4013 1200 4069 homini
1238 4029 1325 4073 est
1379 4019 1580 4089 cuique
1628 4025 1912 4093 proprium

336 4097 649 4164 restituere,
686 4101 974 4171 pristinum
1002 4104 1071 4161 ad
1119 4115 1324 4163 statum
1358 4126 1453 4179 per
1481 4113 1700 4169 easdem
1742 4117 1911 4172 veluti

2010 2923 2170 2979 νατδν
2226 2919 2365 2975 εἶναι
2419 2920 2909 2982 κατασκευάζουσι.
2964 2918 3282 2973 Δεικνύουσι
3332 2921 3443 2992 γὰρ
3490 2921 3612 2975 τῶν

2009 3031 2069 3067 τε
2103 3012 2342 3082 ἀρχαίων
2367 3012 2578 3082 νεκρῶν
2616 3010 2708 3065 τὸν
2728 3009 3053 3080 ἀφανισμὸν,
3083 3008 3193 3063 τῶν
3221 3026 3280 3062 τε
3306 3008 3397 3062 διὰ
3425 3010 3611 3082 πυρὸς

2011 3103 2510 3175 ἀποτεφρωθέντων
2539 3103 2611 3156 τὰ
2656 3102 2906 3171 λείψανα,
2952 3102 3048 3156 καὶ
3078 3100 3160 3154 ἔτι
3208 3101 3344 3173 πρὸς
3389 3101 3609 3164 τούτοις

2010 3197 2080 3251 τὰ
2124 3195 2433 3267 σαρκοὸόρα
2472 3194 2580 3249 τῶν
2621 3193 2775 3260 ζώων
2810 3193 2888 3265 τῷ
2916 3194 3061 3265 λόγῳ
3107 3195 3467 3266 προφέρουσι,
3502 3196 3610 3248 καὶ

2010 3288 2102 3342 τὸν
2135 3287 2285 3359 ἰχθὺν
2334 3287 2411 3358 τῷ
2451 3287 2567 3358 ἰδίῳ
2607 3285 2820 3358 σώματι
2857 3285 2956 3357 τὴν
3006 3287 3184 3356 σάρκα
3226 3284 3321 3339 τοῦ
3350 3288 3611 3358 ναυαγή-

2015 3395 2204 3442 σαντος
2230 3378 2586 3442 ἀναλαϐόντα,
2618 3378 2714 3431 καὶ
2740 3377 2926 3429 τοῦτον
2952 3375 3114 3429 πάλιν
3145 3376 3352 3447 τροφὴν
3384 3375 3609 3449 ἀνθρώ.

2014 3486 2131 3521 πων
2178 3467 2491 3539 γενόμενον,
2535 3467 2631 3520 καὶ
2672 3468 2752 3530 εἰς
2778 3465 2872 3519 τὸν
2910 3464 3003 3518 τοῦ
3051 3464 3390 3536 βεδρωκότος
3432 3465 3611 3535 ὄγκον

2018 3559 2515 3631 μετακεχωρηκότα
2538 3557 2627 3612 διὰ
2654 3558 2753 3628 τῆς
2775 3557 3014 3627 πέψεως.
3046 3557 3157 3609 Καὶ
3182 3557 3351 3611 πολλά
3371 3558 3611 3613 τοιαῦτα

2018 3654 2395 3723 μικροπρεπῆ,
2439 3652 2534 3711 καὶ
2570 3652 2670 3720 τῆς
2717 3649 2959 3719 μεγάλης
3005 3647 3100 3702 τοῦ
3140 3648 3276 3702 Θεοῦ
3316 3650 3610 3722 δυνάμεως

2017 3743 2112 3796 καὶ
2133 3742 2381 3807 ἐξουσίας
2417 3742 2634 3806 ἀνάξια,
2662 3741 2747 3794 ἐπ’
2774 3743 3053 3812 ἀνατροπῇ
3092 3740 3188 3795 τοῦ
3226 3742 3495 3812 δόγματος
3526 3744 3605 3798 δι-

2017 3833 2357 3906 εξέρχονταν
2393 3834 2468 3896 ὡς
2497 3835 2558 3887 ού
2588 3835 2885 3904 δυναμένου
2905 3833 2998 3888 τοῦ
3022 3834 3159 3888 Θεοῦ
3189 3834 3351 3889 πάλιν
3378 3835 3464 3889 διὰ
3491 3838 3609 3891 τῶν

2018 3924 2198 3979 αὐτῶν
2242 3923 2399 3990 ὁδῶν,
2429 3923 2497 3976 δι’
2536 3923 2848 3989 ἀναλύσεως
2888 3925 3344 3995 ἀποκαταστῆσαι
3375 3925 3452 3996 τῷ
3503 3928 3607 3981 ἀν-

2019 4015 2222 4087 θρώπῳ
2241 4016 2301 4070 τὸ
2325 4016 2474 4071 [διον.
2512 4016 2650 4069 Ἀλλ’
2678 4018 2838 4088 ἡμεῖς
2863 4020 2921 4072 ὲν
2939 4018 3109 4090 ὀλίγῳ
3135 4018 3236 4083 τὰς
3269 4019 3485 4091 μακρὰς
3511 4019 3616 4073 αὐ-

2019 4107 2127 4161 τῶν
2154 4108 2254 4179 τῆς
2280 4108 2504 4179 λογικῆς
2536 4110 2894 4181 ματαιότητος
2926 4096 3252 4185 περιδρομὰς
3283 4110 3609 4182 ὑποτεμνώ-

335 4186 454 4242 vias
480 4190 756 4247 redeunti.
793 4192 901 4251 Sed
934 4212 1035 4252 nos
1059 4199 1300 4268 prolixas
1329 4202 1599 4272 ipsorum,
1642 4204 1831 4275 inepte

2108 4198 2186 4263 θα,
2234 4198 2623 4270 ὁμολογοῦντες
2651 4199 2749 4271 τὴν
2796 4199 2895 4271 μὲν
2935 4199 3177 4253 διάλυσιν
3205 4199 3299 4255 τοῦ
3349 4199 3606 4269 σώματος

340 4290 642 4360 sophistica
683 4289 1185 4354 declamitantium,
1222 4292 1481 4362 ambages
1519 4297 1908 4366 pmcidamus;

338 4380 723 4450 fateamurque
746 4382 949 4436 resolvi
975 4397 1178 4453 corpus
1209 4382 1447 4441 hominis
1478 4386 1601 4443 illas
1631 4388 1684 4443 in
1704 4399 1906 4461 partes,

339 4471 541 4541 quibus
583 4486 648 4525 ex
689 4471 939 4540 partibus
984 4480 1237 4542 constet;
1278 4490 1457 4544 neque
1505 4485 1706 4534 terram
1751 4483 1909 4540 modo

335 4556 801 4630 quemadmodum
833 4575 1017 4615 sermo
1044 4562 1266 4619 divinus
1305 4565 1565 4635 loquitur,
1602 4570 1670 4624 ad
1707 4579 1907 4630 terram

335 4648 549 4710 reduci.
595 4647 692 4703 sed
714 4656 769 4704 ct
787 4665 967 4705 aerem
990 4659 1045 4706 et
1070 4652 1352 4710 humorem
1379 4656 1447 4710 ad
1469 4673 1532 4712 ea
1555 4675 1675 4729 qua:
1691 4665 1908 4731 generis

333 4734 580 4805 ejusdem
606 4747 757 4805 sunt,
795 4759 855 4799 se
889 4743 1143 4802 conferre
1177 4768 1192 4805 :
1225 4750 1483 4808 omnibus
1520 4753 1576 4807 in
1601 4753 1762 4810 nobis
1788 4770 1919 4825 par-

336 4825 486 4881 tibus
522 4827 589 4882 ad
618 4843 708 4884 res
756 4830 860 4886 sibi
906 4844 1173 4904 cognatas
1206 4839 1582 4906 tendentibus,
1627 4843 1745 4898 sive
1778 4843 1917 4900 adeo

336 4928 538 4985 corpus
571 4917 872 4975 humanum
905 4939 937 4977 a
967 4927 1277 4984 carnivoris
1306 4931 1522 4995 avibus,
1573 4932 1690 4989 sive
1723 4935 1918 4991 imma-

335 5005 500 5061 nibus
548 5009 767 5079 belluis,
814 5014 931 5070 sive
965 5016 1210 5087 piscibus
1247 5021 1560 5089 devoretur,
1608 5024 1725 5081 sive
1759 5027 1917 5083 deni-

334 5112 441 5167 que
470 5114 602 5171 rogo
638 5102 952 5175 impositum
983 5108 1037 5163 in
1064 5107 1244 5167 fumos
1275 5126 1339 5167 ac
1370 5113 1583 5170 cineres
1613 5116 1912 5188 redigatur.

335 5188 675 5265 Quocunque
700 5206 884 5253 autem
932 5199 1057 5256 loco
1085 5216 1209 5257 esse
1257 5203 1495 5260 hominis
1541 5221 1742 5277 corpus
1799 5216 1913 5264 sta-

334 5290 576 5352 tuamus,
606 5287 662 5343 id
690 5290 910 5359 quidem
932 5295 1463 5366 constabit,0pinor,
1496 5297 1676 5354 hocin
1705 5300 1909 5356 mundo

335 5373 471 5429 illud
514 5376 661 5433 haud
702 5379 870 5437 dubie
916 5386 1208 5444 contineri.
1260 5386 1522 5445 Mundam
1579 5406 1746 5461 porro
1811 5391 1907 5449 Dei

406 5553 449 5585 η
491 5554 506 5606 1
538 5556 661 5609 (Sor.
700 5573 788 5625 xv,
826 5558 888 5613 l2
920 5578 1039 5632 sqq.
1119 5564 1164 5596 ”
1203 5564 1346 5621 Psal.
1381 5581 1498 5630 cm,
1538 5565 1627 5633 ες),
1662 5566 1751 5621 50.

2022 4292 2103 4354 είς
2131 4290 2202 4344 τὰ
2234 4289 2294 4355 ἐξ
2319 4283 2393 4343 ὧν
2424 4290 2744 4360 συνέστηκε,
2791 4290 3061 4359 γίνεσθαι,
3095 4291 3191 4343 καὶ
3216 4289 3278 4344 ού
3310 4290 3469 4360 μόνον
3504 4290 3607 4361 τὴν

2021 4382 2125 4453 γῆν
2156 4380 2298 4435 κατὰ
2340 4381 2433 4435 τὸν
2472 4381 2613 4434 θεῖον
2653 4381 2809 4451 λόγον
2852 4384 2932 4445 εἰς
2959 4381 3058 4450 τὴν
3107 4380 3211 4452 γῆν
3238 4378 3605 4434 ἀναλύεσθαιο

2018 4472 2156 4527 ἀλλὰ
2178 4473 2273 4526 καὶ
2302 4472 2392 4525 τὸν
2415 4473 2573 4544 ἀέρα,
2601 4473 2693 4527 καὶ
2724 4473 2781 4525 τὺ
2811 4472 2976 4543 ύγρδν
3003 4473 3346 4543 προσχωρεῖν
3372 4469 3448 4539 τῷ
3479 4471 3616 4539 ὀμο-

2014 4565 2186 4637 φύλῳ,
2222 4566 2316 4619 καὶ
2337 4566 2566 4619 ἑκάστου
2589 4565 2697 4618 τῶν
2721 4567 2778 4618 ἐν
2806 4567 2936 4636 ἡμῖν
2964 4565 3100 4635 πρὸς
3123 4565 3184 4616 τὸ
3219 4562 3478 4631 συγγενὲς
3503 4561 3609 4630 τὴν

2018 4652 2238 4726 μεταχιῦ
2248 4671 2402 4726 ρησιν
2421 4653 2724 4723 γίγνεσθαι,
2749 4654 2849 4707 κᾶν
2866 4656 2979 4717 τοῖς
3002 4652 3355 4725 σαρκοόόροις
3372 4651 3608 4722 ὀρνέοις.

2014 4749 2118 4803 κᾶν
2147 4751 2261 4812 τοῖς
2292 4747 2595 4819 ὠμοτάτοις
2624 4746 2836 4818 θηρίοις
2868 4743 3143 4816 ἀναμιχθῇ
3176 4744 3237 4796 τὸ
3264 4740 3610 4813 ἀνθρώπινον

2018 4841 2179 4912 σῶμα
2227 4839 2315 4894 διὰ
2355 4839 2457 4911 τῆς
2505 4837 2779 4910 βρώσεως,
2815 4836 2919 4891 κᾶν
2959 4835 3065 4889 ὑπὸ
3118 4836 3211 4889 τὸν
3259 4834 3445 4888 ὀδόντα
3492 4832 3609 4885 τῶν

2021 4931 2218 5004 ἰχθύων
2246 4931 2396 5003 ἔλθῃ,
2439 4930 2544 4985 κᾶν
2591 4932 2670 4994 εἰς
2702 4929 2912 5000 ἀτμοὺς
2945 4928 3041 4982 καὶ
3086 4927 3235 4980 κόνιν
3287 4925 3603 4996 μεταδληθῇ

2015 5021 2094 5094 τῷ
2124 5022 2277 5092 πυρί.
2316 5021 2492 5073 Ὅπου
2521 5019 2565 5071 δ’
2608 5016 2674 5071 ἀν
2707 5032 2789 5079 τις
2827 5014 2949 5070 καθ’
2978 5012 3234 5068 ὑπόθεσιν
3270 5010 3604 5082 περιενέγκῃ

2014 5117 2093 5188 τῷ
2124 5117 2268 5186 λόγῳ
2308 5114 2398 5169 τόν
2436 5113 2741 5185 ἄνθρωπον,
2777 5110 2928 5174 ἐντὸς
2984 5107 3074 5163 τοῦ
3123 5107 3328 5176 κόσμου
3382 5103 3604 5168 πάντως

2016 5210 2162 5264 ὲστί·
2191 5207 2379 5261 τοῦτον
2405 5207 2461 5260 δὲ
2488 5209 2555 5277 τῇ
2586 5206 2731 5277 χειρὶ
2764 5202 2857 5256 τοῦ
2899 5200 3033 5255 Θεοῦ
3065 5196 3538 5271 περικρατεὼθαι,
3568 5198 3602 5263 ἡ

2015 5303 2370 5365 θεόπνευστος
2409 5300 2649 5365 διδάσκει
2693 5298 2865 5369 φωνή.
2902 5298 2966 5350 Et
2994 5288 3087 5349 οῦν
3119 5293 3183 5347 σύ
3223 5310 3274 5345 τι
3306 5290 3415 5344 τῶν
3444 5290 3501 5341 ἐν
3532 5292 3600 5361 τῇ

2018 5397 2083 5465 σῇ
2112 5394 2340 5467 παλάμῃ
2364 5394 2463 5448 οὐκ
2494 5394 2727 5463 ἀγνοεῖς,
2762 5387 2849 5462 ἆρ’
2881 5387 2983 5443 οἴει
3024 5387 3126 5459 τῆς
3174 5385 3273 5455 σῆς
3315 5382 3602 5454 δυνάμεως

2312 5622 2325 5631 .
2369 5625 2383 5629 ,
2470 5600 2484 5628 1
