3794 6000
225 156 337 231 εειε

1477 187 1564 243 DE
1604 175 1887 248 HOMIle
1924 192 2242 253 OPIFlClO.

3390 192 3494 275 2'26

227 296 568 367 ἀτονωτέραν
608 291 749 351 ιῐναι
793 297 892 370 τὴν
941 299 1036 352 τοῦ
1087 300 1223 354 Θεοῦ
1266 303 1485 371 γνῶσιν,
1526 305 1602 369 ὡς
1646 306 1720 378 μὴ
1752 308 1785 360 ἂ

1921 312 2162 380 positum
2202 329 2323 370 esse
2354 314 2407 370 in
2460 333 2648 385 manu,
2700 320 2920 378 Litterae
2970 324 3234 384 divinitus
3282 330 3496 387 tradita:

223 387 471 458 ἐξευρεῖν
507 387 619 442 τῶν
651 388 1137 464 ἐμπεριεχομένων
1170 392 1274 446 ὑπὸ
1305 393 1405 464 τῆς
1446 394 1594 459 θείας
1627 398 1822 450 σπιθα-

224 477 339 548 μῆς
378 477 474 547 τὴν
507 478 829 551 ἀκρίϐειαν;

1918 402 2198 458 docent”.
2248 405 2404 472 Quod
2440 410 2485 465 si
2518 418 2575 464 tu
2628 428 2692 467 ea
2725 430 2834 468 non
2879 416 3121 485 ignoras,
3176 436 3299 488 qua:
3328 437 3495 476 manu

1915 500 2008 548 tua
2048 499 2402 555 continentur
2435 519 2449 555 :
2485 518 2585 558 cur
2621 503 2791 560 Deum
2833 509 3016 564 minus
3047 525 3171 566 esse
3213 516 3497 583 perspica-

223 585 363 631 cem,
399 586 565 639 quam
597 579 656 626 tu
684 572 786 639 sis,
825 572 1151 630 existimas:
1182 577 1344 646 quasi
1371 592 1480 633 non
1512 586 1766 635 accurate
1794 586 1979 641 omnia
2011 604 2134 658 quae
2167 594 2345 662 palma
2373 611 2472 652 sua
2503 601 2908 670 complectitur,
2943 612 3072 659 nota
3098 616 3495 680 perspectaque

225 660 464 715 habeat?

738 780 1139 838 ΚΕΦΑΛΑΙΟΝ
1174 784 1303 839 ΚΖ’.

228 892 355 945 Ὀτι
681 894 872 989 ἐστιν,
903 900 991 984 εἰς
1034 899 1107 952 τὰ
1142 887 1250 989 ςοῦ
1288 902 1517 989 ίτιρςτὸς
1543 903 1814 989 στοιχεῖα

291 964 403 1039 τοῦ
433 964 829 1039 ἀῖθρωπίίζου.
850 966 1124 1039 σώματος
1152 964 1579 1039 ἀναιυθέντος,
1626 964 1813 1028 πᾶλιν

290 1031 363 1083 ἐκ
391 1032 499 1086 τοῦ
532 1035 743 1088 κοινοῦ
774 1031 1011 1102 ἑκάστῳ
1041 1031 1113 1091 τὸ
1147 1038 1303 1092 ἴδιον
1327 1031 1736 1110 ἀποσωθῆναι.

304 1119 468 1173 Ἀλλά
500 1121 660 1190 τυχὸν
696 1123 835 1193 πρὸς
858 1124 927 1177 τά
953 1129 1191 1196 στοιχεῖα
1215 1127 1312 1180 τοῦ
1347 1130 1544 1193 παντὸς
1576 1130 1809 1200 βλέπων,

2456 798 2689 857 CAPUT
2732 802 2945 861 XXVII.

1919 896 2069 955 Fieri
2096 919 2267 972 posse,
2298 918 2356 961 ut
2382 927 2569 979 sparso
2604 916 2656 968 in
2699 917 2953 973 elementa
2997 924 3360 979 universitatis
3396 926 3494 981 Iut-

1990 989 2147 1065 man‘o
2180 992 2415 1045 corpore,
2446 984 2585 1063 quod
2619 989 2892 1065 proprium
2919 1001 3092 1045 tamen
3117 996 3396 1065 unicuique
3414 1008 3491 1052 est

1987 1057 2051 1095 ex
2074 1045 2173 1097 il!a
2199 1045 2573 1106 communitate
2596 1045 2925 1112 restituatur.

1990 1134 2059 1188 At
2085 1137 2253 1204 enim,
2301 1139 2430 1196 dum
2484 1144 2752 1201 elementa
2804 1151 3183 1211 universitatis
3231 1156 3487 1224 intueris,

218 1211 485 1266 δύσκολον
527 1215 633 1267 οῐει
662 1214 761 1267 τοῦ
815 1216 874 1268 ἐν
910 1217 1043 1286 ἡμῖν
1081 1218 1245 1289 ἀέρος
1276 1220 1413 1291 πρὸς
1459 1222 1521 1275 τὸ
1560 1223 1786 1290 συγγενέ

1917 1223 2038 1280 fore
2060 1228 2345 1287 existimas
2391 1235 2733 1303 perdiliicile,
2786 1249 2845 1294 ut
2895 1258 2962 1297 ex
2998 1250 3392 1305 communitate
3430 1252 3486 1306 id

223 1308 490 1373 στοιχεῖον
518 1306 896 1375 ἀναχεθέντος,
929 1309 1139 1363 καὶτοῦ
1171 1310 1375 1383 θερμοῦ
1414 1330 1473 1366 τε
1502 1314 1597 1368 καὶ
1626 1314 1815 1386 ὑγροῦ,

224 1395 319 1448 καὶ
365 1395 461 1449 τοῦ
497 1395 735 1466 γεώδους
784 1398 1048 1464 ὡσαύτως
1098 1404 1211 1466 τοῖς
1244 1405 1534 1475 ὁμοφύλοις
1578 1407 1815 1475 ἐγκατα-

1915 1315 2062 1383 quod
2091 1332 2383 1388 corporum
2400 1324 2740 1395 singulorum
2760 1334 3042 1401 preprium
3068 1345 3173 1401 est,
3195 1339 3489 1409 aliquando

1913 1418 2111 1462 rursus
2142 1410 2405 1479 conﬂuat,
2447 1422 2737 1485 postquam
2756 1422 2925 1476 semel
2948 1432 3002 1478 et
3032 1426 3260 1493 spiritus
3292 1428 3345 1482 in
3387 1445 3486 1484 no-

226 1486 554 1556 μιχθέντων,
595 1488 759 1543 πάλιν
798 1491 863 1543 ἐκ
894 1492 989 1545 τοῦ
1041 1493 1221 1547 κοινοῦ
1278 1496 1340 1550 τὸ
1376 1500 1573 1553 οἰκεῖον
1613 1501 1706 1553 ἐπὶ
1752 1518 1784 1553 τ

1912 1494 1997 1550 bis
2028 1509 2318 1571 cognatum
2367 1504 2423 1559 in
2460 1505 2790 1564 elementum
2847 1486 3130 1583 dispersus
3164 1526 3266 1584 est,
3314 1529 3368 1575 et
3393 1536 3487 1575 ca-

225 1580 361 1632 ῐδιον
396 1579 753 1650 ἀναδραμεῖν.
792 1577 929 1636 Εἶτα
954 1585 1014 1637 οὐ
1053 1585 1241 1660 λογίζῃ
1269 1587 1356 1642 διὰ
1392 1590 1502 1643 τῶν
1546 1592 1786 1664 ἀνθρωπί

1915 1586 2020 1653 lor,
2042 1599 2097 1644 et
2125 1591 2341 1657 humor,
2375 1603 2429 1649 et
2458 1606 2643 1667 partes
2667 1609 2877 1668 terreat,
2926 1607 3094 1662 rebus
3144 1609 3230 1664 sui
3271 1613 3486 1667 scilicet

224 1686 336 1721 νων
368 1669 814 1740 ὑποδειγμάτων,
853 1674 914 1725 τὸ
948 1675 1086 1746 μηδὲ
1127 1677 1286 1730 τοῦτο
1316 1679 1417 1749 τῆς
1466 1680 1614 1745 θείας
1652 1683 1813 1736 δυνά-

225 1778 376 1832 μεως
407 1762 763 1833 ύπερόαίνειν
792 1765 920 1829 τοὺς
952 1768 1140 1838 ὄρους;
1184 1765 1337 1834 Εἶδές
1369 1787 1474 1824 που
1504 1773 1721 1839 πάντως
1751 1777 1810 1829 ἐν

220 1855 343 1914 ταῖς
370 1852 743 1923 ἀνθρωπίναις
790 1857 1037 1927 οἰκήσεσι
1076 1861 1264 1929 κοινὴν
1308 1862 1510 1935 ἀγέλην
1545 1863 1701 1928 ζώων
1731 1883 1812 1920 τι-

222 1944 353 2010 νῶν,
388 1945 456 1997 ἐκ
477 1947 660 2000 κοινοῦ
696 1950 1113 2023 συνισταμένην.
1154 1953 1293 2006 Ἀλλ’
1329 1955 1456 2009 ὃταν
1488 1958 1648 2012 πάλιν
1675 1959 1811 2030 πρὸς

222 2034 354 2098 τοὺς
383 2036 762 2107 κεκτημένους
809 2039 947 2112 αὐτὴ
1000 2045 1456 2117 καταμερίζηται,
1491 2049 1526 2119 ἦ
1577 2067 1637 2103 τε
1672 2049 1809 2121 πρὸς

225 2127 354 2188 τοὺς
387 2124 574 2191 οἴκους
613 2128 895 2199 συνήθεια,
928 2130 1025 2184 καὶ
1055 2131 1123 2186 τά
1155 2133 1479 2206 ἐπικείμενα
1518 2143 1718 2209 σημεῖα
1745 2140 1809 2192 τὸ

224 2215 357 2270 ἶδιον
406 2218 624 2287 ἑκάστῳ
671 2220 1094 2290 ἀποκαθίστησι.
1148 2223 1400 2280 Τοιοῦτόν
1444 2243 1496 2279 τι
1551 2229 1807 2299 καὶπερὶ

224 2309 451 2363 σεαυτὸν
504 2311 725 2381 ἐννοῶν,
784 2314 881 2384 οὐχ
937 2315 1276 2388 ἀμαρτήσεις
1325 2317 1421 2371 τοῦ
1481 2320 1802 2391 πρέποντος.

218 2402 427 2472 ¹ιὐσικῇ
457 2402 566 2474 γάρ
593 2421 702 2458 τινι
736 2404 917 2474 σχέσει
941 2406 1036 2460 καὶ
1060 2411 1263 2480 στοργῇ
1300 2409 1434 2480 πρὸς
1465 2411 1527 2464 τὸ
1555 2413 1806 2485 συνοικῆ-

220 2511 322 2547 σαν
362 2495 525 2566 σῶμα
551 2497 650 2567 τῆς
679 2497 858 2567 ψυχῆς
891 2497 1257 2571 διακειμένης,
1286 2501 1400 2556 ἔστι
1439 2521 1523 2567 τις
1574 2505 1714 2558 κατά
1744 2507 1806 2559 τὸ

215 2585 444 2658 λεληθὸς
483 2588 624 2659 αὐτῇ
678 2587 765 2640 διὰ
815 2589 917 2659 τῆς
967 2592 1420 2662 συνανακράσεως
1457 2595 1550 2650 τοῦ
1601 2598 1802 2651 οἰκείου

216 2679 406 2749 σχέσις
462 2696 524 2732 τε
594 2680 691 2737 καὶ
751 2679 1085 2748 ἐπίγνωσις,
1160 2679 1273 2738 οἷον
1336 2688 1578 2757 σημείων
1641 2690 1804 2745 τινῶν

213 2770 371 2841 παρά
418 2769 522 2840 τῆς
573 2769 791 2839 φύσεως
846 2772 1233 2843 ἐπικειμένων,
1287 2775 1355 2829 δι’
1408 2770 1483 2831 ὧν
1535 2780 1570 2850 ἡ
1628 2781 1802 2834 κοινό-

1911 1681 2130 1748 generis
2177 1685 2391 1754 singula
2437 1692 2699 1758 permista
2752 1704 2903 1750 sunt.
2944 1698 3077 1762 Cur,
3126 1701 3378 1769 obsecro,
3418 1706 3487 1761 de

1911 1769 2170 1830 humanis
2204 1777 2368 1831 etiam
2401 1783 2668 1852 exemplis
2701 1801 2810 1841 non
2832 1790 3045 1861 colligis
3074 1794 3481 1861 ratiocinando,

1911 1863 2109 1919 divinae
2137 1871 2423 1936 potestatis
2455 1874 2558 1928 hoc
2597 1878 2860 1935 terminos
2894 1897 3003 1937 non
3030 1884 3337 1940 excedere?
3361 1885 3483 1941 Non

1910 1963 2067 2024 potes
2097 1973 2205 2013 non
2241 1959 2537 2030 aliquando
2576 1965 2645 2020 iis
2676 1966 2730 2021 in
2780 1968 2936 2036 locis,
2973 1974 3174 2042 quibus
3230 1976 3483 2033 homines

1908 2046 2237 2115 habitarent,
2266 2067 2613 2110 communem
2645 2059 2961 2115 animalium
2996 2080 3212 2136 gregem
3245 2067 3479 2132 vidisse,

1909 2141 2004 2212 qui
2035 2143 2277 2212 plurium
2305 2156 2473 2202 esset.
2523 2148 2622 2205 Hic
2649 2153 2695 2206 si
2725 2168 2857 2208 suos
2885 2155 2953 2210 ad
2980 2156 3236 2214 dominos
3281 2159 3482 2218 deinde

1907 2232 2303 2301 remitteretur,
2336 2238 2775 2299 animadvertere
2805 2247 3032 2315 potuisti
3080 2251 3326 2320 singulos
3357 2253 3481 2308 ani-

1906 2324 2070 2377 malia
2104 2340 2204 2380 sua
2248 2343 2594 2398 recuperare,
2649 2341 2761 2386 tum
2810 2337 2956 2405 quod
3004 2353 3067 2392 ea
3128 2338 3476 2398 dominorum

1909 2415 2122 2473 adibus
2144 2421 2542 2488 assuevissent,
2574 2432 2689 2479 tum
2743 2427 2889 2496 quod
2925 2430 3067 2484 uotis
3120 2441 3308 2487 essent
3360 2436 3481 2505 qui.

1904 2507 2137 2564 busdam
2162 2511 2399 2580 signata.
2446 2514 2594 2571 Idem
2644 2518 2691 2573 si
2723 2517 2791 2573 de
2838 2522 3129 2590 temetipso
3181 2525 3474 2595 cogitabis,

1905 2595 2328 2668 haudquaquam
2361 2615 2392 2654 a
2423 2613 2551 2658 vero
2592 2604 2959 2662 aberraveris.
3013 2609 3151 2664 Nam
3188 2627 3312 2666 cum
3353 2616 3479 2669 ani—
3550 2624 3565 2629 ‘

1905 2705 2028 2743 mus
2058 2690 2343 2749 aﬂ'cctione
2382 2702 2437 2749 et
2461 2711 2650 2751 amore
2681 2713 2710 2751 a
2734 2707 2929 2754 natura
2945 2702 3210 2772 singulari
3247 2720 3472 2775 corpus,

1905 2780 1960 2834 in
2015 2783 2177 2851 cujus
2232 2785 2390 2854 quasi
2456 2789 2821 2844 contubernio
2884 2791 3008 2858 fuit,
3069 2809 3476 2866 prosequatur;

214 2878 315 2933 της
398 2859 709 2931 ἀσύγχυτος
788 2861 939 2931 μένει
1015 2863 1396 2938 διακρινομένη
1476 2872 1593 2932 τοῖς
1669 2871 1786 2926 ιδιά-

1909 2872 2114 2928 idcirco
2144 2874 2194 2930 ei
2243 2874 2310 2931 de
2349 2877 2736 2947 conjunctione
2783 2882 3016 2951 pristina
3052 2886 3298 2955 quantam
3332 2888 3477 2944 inest

213 2953 394 3016 ζουσι.
461 2952 575 3024 Τῆς
645 2951 826 3005 τοίνυν
895 2952 1077 3028 ψυχῆς
1148 2955 1209 3010 τὸ
1272 2960 1531 3028 συγγενές
1583 2977 1642 3014 τε
1708 2964 1802 3016 καὶ

211 3043 350 3099 ίδιον
408 3045 494 3115 ἐφ’
537 3044 737 3116 ἑαυτὴν
777 3046 939 3101 πάλιν
985 3047 1270 3120 ἑλκούσης,
1322 3051 1407 3114 τίς
1452 3052 1633 3117 πόνος,
1681 3055 1802 3109 είπέ

213 3155 330 3209 μοι,
360 3140 429 3208 τῇ
466 3137 588 3208 θείᾳ
616 3137 845 3209 δυνάμει
877 3134 1119 3195 κωὶῦσαι
1156 3139 1266 3195 τῶν
1296 3141 1513 3197 οἰκείων
1546 3143 1644 3216 τὴν
1674 3163 1802 3200 συν-

208 3232 444 3303 δρομὴν,
475 3233 705 3304 ἀρρἡῳ
749 3234 856 3288 τινὶ
890 3237 957 3306 τῇ
991 3236 1091 3307 τῆς
1139 3236 1356 3306 φύσεως
1395 3239 1526 3312 ὁλκῇ
1559 3243 1697 3310 πρὸς
1739 3247 1802 3298 τὸ

212 3324 346 3378 [διον
359 3325 767 3396 ἐπειγομένων;
790 3324 863 3379 Τὸ
886 3327 993 3400 γάρ
1014 3329 1380 3401 ἐπιδιαμένειν
1403 3335 1525 3389 τινὰ
1547 3338 1610 3407 τῇ
1632 3336 1799 3409 ψυχῇ,

209 3417 308 3469 καὶ
355 3416 498 3486 μετὰ
533 3415 631 3488 τὴν
674 3416 937 3485 διάλυσιν,
979 3423 1179 3490 σημεῖα
1212 3422 1303 3476 τοῦ
1347 3426 1614 3498 ἡμετέρου
1667 3445 1799 3497 συγ-

213 3506 507 3577 κρίματος,
535 3506 804 3560 δείκνυσιν
834 3510 863 3561 ὁ
910 3511 1050 3563 κατὰ
1095 3510 1186 3564 τὸν
1219 3512 1351 3584 ᾅδην
1385 3513 1652 3584 διάλογος,
1692 3518 1801 3573 τῶν

215 3601 318 3668 μὲν
355 3600 628 3670 σωμάτων
663 3598 742 3669 τῷ
765 3601 919 3671 τάφῳ
951 3602 1383 3672 παραδοθέντων,
1421 3608 1801 3679 γνωρίσματας

211 3692 274 3746 δέ
308 3708 457 3756 τινος
497 3692 811 3762 σωματικοῦ
855 3695 974 3756 ταῖς
1004 3693 1205 3764 ψυχαῖς
1246 3699 1699 3767 παραμείναντος,
1733 3701 1799 3755 δι’

212 3777 275 3838 οὗ
306 3784 402 3839 καὶ
451 3786 481 3837 ὁ
534 3784 784 3855 Λάζαρος
829 3785 1173 3855 ἐγνωρίζετο,
1209 3788 1304 3840 καὶ
1341 3788 1442 3842 οὐκ
1485 3791 1730 3860 ἠγνοεῖτο
1771 3794 1800 3846 ὁ

215 3875 491 3939 πλούσιος.
542 3874 751 3928 οὐκοῦν
777 3875 928 3929 οὐδὲν
960 3875 1064 3943 ἔξω
1094 3876 1188 3930 τοῦ
1228 3879 1435 3944 είκότος
1463 3882 1601 3946 ἐστὶ,
1638 3883 1799 3939 πάλιν

210 3967 491 4021 πιστεύειν
530 3969 594 4020 ἐκ
632 3965 728 4019 τοῦ
760 3966 939 4020 κοινοῦ
976 3967 1114 4038 πρὸς
1144 3968 1205 4021 τὸ
1252 3970 1377 4024 ἴδιον
1414 3972 1511 4044 τὴν
1541 3975 1800 4030 ἀνάλυσιν

209 4059 456 4128 γίνεσθαι
483 4058 593 4111 τῶν
622 4058 998 4128 ἀνισταμένων
1039 4060 1328 4130 σωμάτων,
1358 4064 1451 4117 καὶ
1479 4066 1711 4136 μάλιστά
1733 4085 1796 4137 γε

208 4155 289 4223 τῷ
335 4151 765 4222 φιλοπονώτερον
823 4153 921 4223 τὴν
963 4150 1123 4222 φύσιν
1160 4155 1318 4225 ήμῶν
1366 4158 1792 4224 κατεξετάζοντι.

1904 2978 2034 3035 erga
2074 2966 2361 3036 proprium
2416 2983 2616 3065 corpus
2657 2973 2873 3026 occulta
2932 2976 3048 3030 sive
3094 2976 3310 3033 all'ectio
3362 2980 3477 3035 sive

1903 3056 2132 3126 agnitio,
2184 3068 2377 3113 natura
2412 3056 2570 3131 quasi
2619 3073 2780 3120 notas
2820 3067 3051 3135 singulis
3102 3069 3473 3139 imprimente,

1902 3163 1971 3201 ne
2007 3148 2119 3212 illa,
2150 3164 2315 3219 quam
2355 3149 2613 3216 dicimus,
2641 3154 2694 3208 in
2725 3159 3114 3215 communitate
3147 3160 3329 3214 omnia
3350 3177 3479 3217 con-

1902 3237 2284 3301 funderentur,
2321 3240 2415 3295 scd
2449 3241 2725 3310 quoddam
2781 3244 3122 3314 singulorum
3175 3248 3470 3306 discrimen

1901 3341 2230 3391 remaneret.
2261 3334 2607 3407 Quapropter
2639 3352 2766 3392 cum
2794 3341 3011 3397 animus
3047 3341 3165 3411 ipse
3206 3343 3476 3413 quidquid

1901 3426 2008 3481 sibi
2039 3435 2331 3497 cognatum
2359 3437 2414 3483 et
2446 3431 2731 3500 proprium
2761 3438 2867 3498 est,
2900 3434 3163 3504 colligat;
3198 3437 3342 3506 quis,
3379 3428 3476 3492 ob~

1902 3534 2082 3584 secro,
2124 3519 2279 3573 labor
2313 3521 2569 3588 potestati
2605 3522 2804 3578 divinae
2839 3520 3027 3588 fuerit,
3069 3526 3354 3595 impedire,
3413 3536 3475 3581 ut

1900 3627 1970 3666 ne
1993 3620 2224 3682 cognata
2258 3626 2451 3666 rursus
2478 3618 2834 3680 concurrant,
2884 3629 3006 3683 qua:
3058 3614 3228 3668 ductu
3263 3623 3475 3669 naturm

1900 3701 2136 3773 quodam
2164 3699 2425 3756 ineﬂabili
2453 3702 2520 3756 ad
2550 3718 2609 3758 se
2637 3711 2830 3757 mutuo
2876 3702 3130 3758 feruntur
3151 3703 3177 3757 ?
3199 3702 3257 3757 In
3288 3705 3471 3759 animo

1899 3793 2144 3865 quidem,
2188 3792 2354 3847 etiam
2384 3799 2509 3861 post
2551 3791 2885 3862 diremptum
2941 3793 3105 3863 hujus
3161 3810 3190 3849 a
3219 3809 3470 3864 corpore,

1900 3886 2055 3955 signa
2074 3884 2323 3953 quaedam
2356 3900 2669 3953 superesse,
2687 3883 2755 3940 de
2779 3885 2980 3956 quibus
2998 3902 3198 3956 corpus
3220 3894 3470 3943 nostrum

1900 3985 2181 4048 agnoscat,
2209 3975 2451 4031 declarat
2485 3977 2551 4041 is,
2589 3978 2681 4046 qui
2712 3976 2933 4034 habitus
2962 3985 3047 4033 est
3075 3993 3105 4032 a
3131 3978 3298 4033 divite
3327 3980 3475 4049 apud

1900 4062 2122 4127 ittl‘eros'
2144 4071 2208 4125 ad
2238 4070 2606 4125 Abrahamum
2631 4086 2813 4126 sermo
2832 4072 2899 4123 ".
2924 4070 3060 4125 Nam
3097 4073 3352 4142 quamvis
3385 4088 3473 4129 es-

1901 4170 2022 4216 sent
2043 4159 2268 4215 tumulis
2292 4159 2548 4214 mandata
2579 4175 2831 4231 corpora,
2853 4169 3033 4216 tamen
3065 4172 3193 4217 nota
3222 4163 3471 4231 quaedam

208 4243 351 4299 Οὔτε
380 4243 491 4314 γὰρ
514 4241 580 4296 δι’
598 4242 721 4295 ὅλου
740 4242 800 4295 ἐν
827 4242 979 4311 ῥύσει
1003 4244 1096 4296 καὶ
1122 4244 1388 4317 μεταϐολῇ
1424 4246 1484 4300 τὸ
1504 4250 1786 4322 ἡμέτερον.

1909 4266 2164 4321 corporea
2214 4251 2511 4306 inhaerebat
2558 4252 2764 4317 animo,
2811 4252 2878 4306 de
2927 4268 3036 4322 qua
3085 4255 3163 4306 uti
3227 4253 3471 4309 Lazarus

210 4332 289 4388 ’Ἦ
318 4335 431 4405 γὰρ
456 4335 524 4387 ἂν
550 4333 791 4404 ἄληπτον
815 4328 883 4405 ἦν
919 4335 1144 4388 καθόλου
1188 4334 1267 4406 τῷ
1301 4339 1569 4407 μηδεμίαν
1611 4345 1797 4400 στάσιν

211 4424 355 4494 ἔχειν
382 4424 448 4476 ἐκ
477 4422 693 4490 φύσεως
716 4439 731 4453 ’
764 4421 901 4475 ἀλλὰ
929 4423 1070 4477 κατὰ
1091 4424 1182 4478 τὸν
1209 4425 1496 4495 ἀκριϐέστε
1506 4445 1597 4500 ρον
1615 4429 1791 4500 λόγον,

209 4515 272 4568 τὸ
307 4514 406 4586 μέν
449 4531 504 4567 τι
540 4514 738 4585 ἕστηκε
786 4513 897 4566 τῶν
939 4516 997 4567 ἐν
1047 4516 1210 4585 ἡμῖν,
1267 4516 1329 4568 τὸ
1366 4517 1422 4570 δὲ
1461 4518 1530 4571 δι’
1566 4520 1794 4576 ἀλλοιώ-

212 4623 351 4670 σεως
374 4604 642 4677 πρόεισιν.
685 4604 1016 4659 ’Δλλοιοῦται
1049 4606 1147 4677 μὲν
1185 4606 1293 4679 γὰρ
1326 4607 1394 4660 δι’
1425 4609 1705 4681 αὐξήσεως
1735 4633 1794 4668 τε

210 4699 307 4751 καὶ
361 4696 639 4768 μειώσεως
674 4696 736 4749 τὸ
768 4696 948 4768 σῶμα,
982 4691 1093 4750 οἷον
1137 4697 1327 4767 ἱμάτιά
1365 4716 1504 4765 τινα,
1542 4702 1640 4767 τὰς
1670 4705 1802 4759 καθ..

210 4789 336 4859 εξῆς
364 4787 583 4859 ἡλικίας
621 4787 1060 4858 μετενδυόμενον.
1111 4789 1351 4860 Ἕστηκε
1394 4790 1450 4843 δὲ
1492 4792 1580 4847 διά
1620 4797 1800 4869 πάσης

209 4881 418 4951 τροπῆς
448 4879 828 4949 ἀμετάϐλητον
865 4879 951 4948 ἐφ’
982 4878 1176 4933 ἐαυτοῦ
1207 4881 1266 4933 τὸ
1305 4877 1461 4946 εἶδος,
1495 4884 1605 4940 τῶν
1651 4888 1798 4958 ἅπαξ

209 4970 611 5042 ἐπιϐληθέντων
640 4969 787 5040 αύτῷ
819 4970 972 5041 παρά
1009 4970 1107 5041 τῆς
1159 4971 1373 5040 φύσεως
1420 4977 1661 5045 σημείων
1700 4983 1798 5036 οὐκ

207 5063 581 5135 ἐξιστάμενον,
612 5062 748 5116 ἀλλά
767 5063 968 5126 πάσαις
995 5064 1115 5126 ταῖς
1136 5063 1277 5117 κατὰ
1303 5066 1363 5118 τὸ
1385 5066 1544 5138 σῶμα
1564 5076 1796 5141 τροπαῖς

210 5155 349 5225 μετά
374 5155 486 5208 τῶν
516 5152 670 5208 ἰδίων
708 5156 1105 5225 ἐμφαινόμενον
1133 5156 1546 5227 γνωρισμάτων.
1601 5161 1795 5231 ’Υπεξ-

205 5245 468 5316 αιρείσθω
496 5245 556 5298 δὲ
584 5244 679 5298 τοῦ
718 5243 878 5314 λόγου
909 5248 942 5317 ἡ
975 5249 1039 5299 ἐκ
1074 5245 1282 5310 πάθους
1308 5247 1608 5317 ἀλλοίωσις,
1641 5256 1672 5324 ή
1714 5254 1793 5325 τῷ

206 5333 331 5387 εῖδει
357 5332 834 5405 ἐπιωμὸαίνουσα
854 5351 868 5365 ο
903 5331 1015 5388 οἷον
1052 5335 1162 5406 γάρ
1191 5351 1244 5387 τι
1272 5343 1613 5406 προσωπεῖον
1639 5339 1794 5397 ἀλλό-

202 5443 352 5497 τριον
373 5428 409 5498 ὴ
429 5425 579 5480 κατά
608 5425 708 5495 τὴν
733 5426 886 5480 νόσον
907 5426 1151 5498 ἀμορφία
1171 5425 1524 5498 διαλαμϐάνει
1543 5431 1604 5486 τὸ
1628 5429 1788 5503 εἶδος,

270 5609 316 5643 ’⁸
352 5606 502 5664 Psal.
547 5620 695 5671 xciv,
740 5607 790 5660 4.
867 5608 912 5640 "
961 5607 1092 5664 Luc.
1128 5624 1239 5675 xvr,
1274 5608 1337 5665 £9
1366 5625 1488 5682 sqq.

1900 4343 2320 4412 agnoscebatur,
2380 4343 2453 4397 ita
2485 4357 2580 4411 per
2610 4342 2857 4397 eamdem
2895 4342 3117 4413 ignotus
3148 4358 3272 4399 esse
3314 4344 3469 4401 dives

1899 4436 1991 4491 ille
2023 4449 2132 4489 non
2155 4439 2390 4504 poterat.
2424 4432 2780 4503 Nequaquam
2807 4432 2976 4505 igitur
3002 4434 3264 4490 abhorret
3283 4450 3313 4489 a
3335 4451 3469 4491 vero

1901 4527 2014 4582 haec
2067 4526 2376 4597 persuasio,
2429 4542 2537 4596 qua
2577 4541 2643 4581 ex
2685 4535 2859 4582 morte
2900 4527 3170 4582 suscitata
3213 4541 3470 4598 corpora,

1899 4619 2294 4675 communitate
2357 4619 2571 4678 relicta.
2623 4618 2913 4688 pristinam
2963 4620 3030 4674 ad
3063 4622 3469 4690 proprietatem

1901 4722 2188 4763 reversura
2235 4708 2553 4762 statuimus.
2590 4706 2890 4778 Apparebit
2936 4707 3125 4760 hocin
3171 4710 3384 4777 primis,
3427 4709 3473 4763 si

1898 4800 2026 4870 quis
2065 4801 2409 4855 accuratiore
2448 4799 2633 4855 studio
2680 4800 3075 4869 cognoscendze
3123 4810 3333 4853 natura:
3374 4815 3475 4852 no-

1899 4908 2027 4948 smc
2065 4908 2124 4947 se
2156 4893 2356 4947 tradat.
2412 4890 2547 4945 Nam
2604 4891 2911 4947 existimari
2969 4906 3077 4944 non
3109 4889 3294 4954 debet,
3351 4904 3476 4945 esse

1898 4999 2001 5040 nos
2030 4985 2283 5039 universe
2313 4999 2437 5038 cum
2461 4982 2659 5045 ﬂuxos,
2692 4994 2804 5037 tum
2837 4981 3125 5036 mutationi
3171 4981 3468 5035 obnoxios.

1895 5074 2014 5129 Non
2047 5076 2190 5131 enim
2226 5075 2332 5128 ulla
2367 5075 2583 5128 ratione
2618 5071 3004 5144 comprehendi
3045 5080 3243 5126 natura
3284 5077 3472 5127 nostra

1897 5172 2115 5234 posset,
2170 5165 2215 5220 si
2278 5165 2426 5218 nulla
2474 5166 2523 5219 ei
2587 5165 2793 5219 tributa
2837 5163 2993 5233 quies
3042 5177 3073 5216 a
3112 5169 3263 5222 motu
3312 5160 3471 5217 foret.

1898 5248 2085 5327 Itaque
2118 5274 2177 5312 re
2212 5256 2526 5328 diligentius
2561 5257 2840 5328 indagata,
2880 5256 3223 5326 reperiemus
3269 5255 3471 5327 partim

1896 5349 2094 5404 sxabile
2118 5348 2378 5418 quiddam
2429 5348 2482 5402 in
2516 5349 2676 5404 nobis
2725 5362 2870 5415 esse,
2898 5348 3117 5419 'partim
3163 5348 3473 5402 mutatione

1896 5440 2128 5506 varium,
2167 5439 2311 5511 quod
2352 5455 2632 5512 nunquam
2679 5454 2787 5495 non
2828 5438 3066 5497 ﬂuxione
3095 5454 3194 5495 sua
3246 5452 3469 5509 progre-
