3766 5988
272 184 376 239 2‘27
1508 177 1566 234 S.
1606 172 1935 232 GREGORH
1975 170 2269 229 NYSSENI
2609 204 2622 214 -
3440 158 3547 214 218

279 299 483 355 diatur.
509 295 642 352 Nam
673 310 876 365 corpus
902 295 1075 351 altera
1103 292 1488 350 vicissitudine
1520 307 1617 363 per
1657 308 1847 347 accre-

2047 290 2125 361 τῷ
2148 290 2289 358 λόγῳ
2319 282 2778 357 περιαιρεθείσης,
2805 278 3059 348 καθάπερ
3081 279 3174 336 ἰπὶ
3201 274 3424 347 Νεεμὰν
3446 274 3546 329 τοῦ

274 389 478 444 tionem
509 403 571 443 ac
612 387 1032 441 diminutionem
1077 394 1346 450 mutatur,
1387 392 1442 441 et
1470 392 1662 439 aetates
1720 384 1850 437 vita:

2038 400 2153 454 ρου,
2186 382 2219 453 ἦ
2253 378 2476 433 ἐπὶτῶν
2515 375 2656 430 κατὰ
2686 374 2748 426 τὸ
2771 367 3103 441 Εὑαγγέλιον
3127 367 3561 444 ἱστορηθέντων..

277 477 639 536 succedentes
666 479 773 532 sibi
811 480 970 548 quasi
993 486 1175 533 vestes
1205 478 1473 548 quasdam
1500 476 1699 531 induit.
1724 474 1849 529 Idea

2029 474 2121 528 ιλιν
2150 471 2212 525 τὸ
2238 467 2617 539 κεκρυμμένον
2645 464 2749 518 ὑπὸ
2780 461 2874 518 τοῦ
2905 459 3107 524 πάθους
3136 454 3293 521 εἶδος,
3329 455 3421 509 διά
3447 455 3550 525 τῆς

274 588 404 626 vero
450 572 640 625 eadem
677 586 893 640 semper
935 579 1141 633 manet,
1194 578 1351 625 extra
1396 583 1615 623 omnem
1666 576 1849 621 muta-

2029 563 2143 626 είας
2171 562 2230 614 έν
2259 562 2371 623 τοῖς
2401 557 2552 620 ἰδίοις
2572 554 2816 625 ἀνεφάνη
2840 550 3221 649 γνωρίσμασι..
3501 637 3513 646 ι

272 663 534 716 bilitatem
582 663 780 731 posita,
827 677 1004 732 neque
1054 670 1214 716 notas
1272 661 1477 716 inditas
1527 676 1558 715 a
1605 671 1800 715 natura
1835 658 1939 714 sibi
1972 654 2220 710 amittit:
2260 651 2354 706 sed
2386 661 2730 719 quaecunque
2775 642 2994 713 corpori
3032 642 3367 693 mutationes
3396 642 3549 691 acci-

271 755 423 819 dant,
479 755 594 809 lucc
644 756 1002 811 nihilominus
1059 757 1213 827 signa
1270 772 1390 819 sua,
1444 756 1512 811 de
1551 757 1757 827 quibus
1799 759 2151 824 agnoscatur,
2198 747 2419 803 retinet.
2460 741 2793 814 Excipienda
2824 751 3007 799 tamen
3032 743 3184 798 venit
3209 756 3273 798 ea
3290 734 3547 795 mutatio,

272 861 392 914 quze
428 847 618 899 morbo
668 846 852 915 aliquo
902 846 1035 899 idem
1087 843 1373 914 contingit.
1440 844 1575 898 Nam
1622 854 1737 898 tum
1798 850 1917 899 orta
1970 855 2034 895 ex
2099 837 2293 893 morbo
2352 833 2676 895 deformitas
2737 832 2915 888 ideam
2967 842 3223 903 occupat,
3282 837 3548 900 tanquam

272 938 420 990 larva
462 936 733 1007 quaedam,
781 952 945 1008 quam
995 937 1040 992 si
1086 939 1137 991 ei
1177 938 1470 1008 cogitando
1515 936 1844 1001 adimamus,
1886 935 2029 991 sicut
2066 930 2135 985 ab
2169 944 2231 985 ea
2289 926 2463 1000 Syrus
2517 926 2609 980 ille
2664 924 2996 990 Neemanus,
3028 936 3085 981 et
3123 935 3313 979 decem
3353 919 3548 976 infecti

272 1031 442 1098 lepra,
485 1032 550 1084 de
600 1031 802 1100 quibus
839 1045 997 1084 sacro
1033 1029 1087 1083 in
1121 1028 1417 1098 Evangelio
1456 1028 1732 1084 memoria:
1772 1026 2044 1097 proditum
2073 1030 2159 1079 est
2184 1020 2255 1086 ’°,
2299 1018 2517 1075 liberati
2558 1015 2804 1082 fuerunt,
2854 1017 3032 1072 ideam
3082 1016 3315 1072 antehac
3365 1013 3548 1069 morbi

274 1127 323 1178 vi
357 1125 709 1189 occultatam,
749 1135 1069 1195 recuperata
1126 1125 1362 1180 sanitate
1402 1125 1640 1195 pr0priis
1690 1124 1837 1179 notis
1863 1121 2214 1192 conspicuam
2246 1131 2442 1171 rursus
2470 1115 2688 1171 elucere
2722 1129 2945 1170 necesse
2975 1123 3080 1172 est.

343 1215 709 1282 Quamobrem
743 1217 941 1270 divinae
968 1218 1022 1270 in
1062 1217 1222 1273 nobis
1252 1218 1420 1272 animi
1461 1216 1853 1287 praestantissi-

276 1325 487 1378 mzeque
526 1310 667 1378 parti
718 1325 831 1364 non
885 1308 1021 1364 illud
1058 1307 1265 1363 ﬂuxum
1319 1324 1383 1363 ac
1430 1308 1710 1370 mutabile,
1755 1306 1851 1362 sed

2029 1212 2121 1285 Τῷ
2151 1211 2329 1266 τοίνυν
2355 1208 2579 1263 θεοειδεῖ
2605 1207 2706 1278 τῆς
2736 1206 2916 1277 ψυχῆς
2944 1207 3005 1259 οὐ
3039 1206 3100 1260 τὸ
3122 1206 3242 1277 ῥέον
3275 1208 3333 1259 ὲν
3357 1209 3426 1277 τῇ
3453 1204 3549 1259 ἁλ-

1957 1304 2168 1358 λοιὼσει
2193 1303 2285 1356 καὶ
2312 1299 2726 1373 μεθιστάμενον,
2752 1298 2887 1352 ἀλλὰ
2906 1298 2966 1351 τὸ
2995 1298 3219 1369 μόνιμὸν
3240 1314 3299 1350 τε
3325 1299 3422 1350 καί.
3440 1297 3550 1350 ὠσ-

277 1404 425 1473 quod
458 1403 509 1456 in
542 1416 805 1472 compage
834 1412 1021 1456 nostra
1067 1410 1154 1456 est
1188 1409 1510 1470 perpetuum
1550 1407 1604 1455 et
1635 1413 1852 1469 semper

2029 1413 2134 1460 τως
2164 1396 2285 1464 ἔχον
2308 1396 2367 1447 ὲν
2389 1392 2468 1463 τῷ
2495 1391 2614 1445 καθ’
2638 1391 2784 1461 ἡμᾶς
2802 1390 3154 1461 συγκρίματι,
3173 1389 3348 1461 τούτῳ
3374 1406 3546 1461 προσ⁴

277 1495 443 1558 itlcm,
479 1492 629 1547 velut
660 1492 890 1547 insitum
932 1490 1452 1561 adhmret.Cumque
1482 1490 1855 1545 diversatem-

273 1592 590 1655 peramenta
634 1584 879 1639 diversas
908 1586 1070 1637 etiam
1113 1583 1268 1639 ideas
1311 1582 1569 1648 eliiciant,
1616 1597 1681 1637 ac
1715 1594 1855 1638 tem-

278 1684 601 1746 peramenta
628 1674 761 1727 nihil
794 1674 905 1727 sint
944 1672 1095 1727 aliud
1130 1687 1293 1742 quam
1335 1672 1731 1727 elementorum
1768 1671 1854 1724 in-

274 1776 359 1820 ter
387 1780 446 1820 sc
495 1766 825 1829 commistio,
876 1765 944 1819 de
989 1765 1192 1834 quibus
1231 1778 1355 1818 cum
1400 1764 1505 1817 alia
1553 1763 1606 1816 in
1664 1775 1854 1815 rerum

277 1856 649 1918 universitate,
688 1864 801 1908 tum
836 1855 1078 1909 hominis
1124 1854 1285 1909 etiam
1335 1869 1539 1923 corpus
1589 1858 1852 1917 constat;

276 1962 502 2003 necesse
524 1954 629 2013 est,
687 1955 1039 2015 permanente
1071 1947 1124 1999 in
1155 1946 1341 2000 animo
1379 1944 1502 2000 idea
1553 1942 1712 2013 quasi
1758 1957 1857 2012 per

277 2039 692 2109 expressionem
721 2038 911 2108 sigilli,
956 2053 1066 2092 non
1095 2038 1277 2109 ign0ta
1327 2037 1378 2091 ei
1428 2051 1550 2092 esse
1576 2050 1701 2105 quae
1743 2034 1849 2088 for-

278 2143 422 2180 mam
475 2128 644 2195 ipsam
695 2127 875 2197 sigillo
921 2128 1343 2196 impresserunt,
1387 2124 1723 2193 omninoque
1764 2123 1856 2176 illa

279 2228 524 2288 tempore
557 2217 977 2291 instaurationis
1027 2217 1271 2270 omnium
1307 2230 1498 2269 rursus
1533 2214 1702 2269 veluti
1736 2212 1850 2267 col-

279 2308 405 2378 liget
435 2307 502 2362 ad
526 2323 671 2375 sese,
716 2323 1055 2378 quacunque
1095 2308 1162 2362 ad
1187 2306 1320 2361 idea:
1358 2305 1588 2360 formam
1639 2317 1859 2374 expres-
1890 2304 1897 2309 ’

280 2414 397 2453 sam
431 2408 767 2469 congruent;
790 2408 1094 2469 congruent
1119 2406 1300 2453 autem
1328 2395 1470 2451 haud
1504 2394 1688 2459 dubie,
1709 2407 1858 2463 qua)-

278 2503 495 2558 cunque
550 2490 619 2543 ab
666 2490 824 2543 initio
880 2489 1015 2543 idea:
1070 2488 1276 2542 fuerint
1335 2488 1622 2557 impressa.
1687 2484 1857 2554 Igitur

283 2580 579 2635 absurdum
613 2595 719 2633 non
750 2587 851 2642 est,
879 2578 930 2631 id
965 2577 1111 2646 quod
1132 2586 1215 2631 est
1244 2578 1512 2645 cujusque
1548 2574 1852 2644 proprium,

285 2670 477 2724 relicta
508 2668 903 2723 communitate
939 2670 1003 2720 ad
1039 2666 1285 2736 singulos
1312 2666 1631 2720 rediturum.
1658 2662 1854 2719 .Vivum

1956 1487 2168 1557 φύεται.
2192 1486 2300 1538 Καὶ
2316 1483 2503 1555 ἐπειδὴ
2525 1482 2624 1547 τὰς
2641 1483 2781 1537 κατὰ
2806 1482 2866 1536 τὸ
2882 1479 3019 1546 εἶδος
3037 1481 3298 1554 διαφοράς
3318 1482 3376 1535 αἰ
3392 1486 3546 1535 ποιαὶ

1955 1579 2056 1649 τῆς
2073 1578 2324 1649 κράσεως
2352 1576 2699 1647 παραλλαγαὶ
2720 1574 3181 1646 μεταμορφοῦσιν,
3205 1573 3314 1645 ἡδὲ
3345 1576 3547 1645 κρᾶσις

1954 1670 2055 1723 οὐκ
2076 1668 2210 1740 άλλη
2228 1685 2314 1732 τις
2334 1668 2483 1739 παρὰ
2512 1666 2609 1736 τὴν
2630 1666 2738 1721 τῶν
2769 1665 3044 1735 στοιχείων
3069 1664 3214 1735 μίξιν
3240 1665 3379 1728 ἐστὶ,
3399 1681 3552 1718 στοιο

1955 1762 2078 1831 χεῖα
2096 1759 2156 1813 δέ
2180 1776 2360 1830 φαμεν
2395 1758 2463 1813 τά
2510 1761 2575 1829 τῇ
2617 1760 2929 1829 κατασκευῇ
2958 1757 3053 1811 τοῦ
3088 1758 3284 1821 παντὸς
3319 1758 3550 1811 ὑποκεί-

1961 1867 2111 1921 μενα,
2140 1847 2290 1906 δι’ὧν
2305 1851 2401 1904 καὶ
2412 1852 2470 1906 τὸ
2489 1849 2827 1919 ἀνθρώπινον
2858 1850 3149 1920 συνέστηκε
3172 1850 3350 1918 σῶμα,
3373 1850 3549 1917 ἀναγ-

1957 1943 2127 2006 καίως
2147 1939 2240 1995 τοῦ
2268 1940 2444 2004 εἴδους
2475 1936 2587 1994 οἷον
2625 1941 2906 2011 ὲκμαγείῳ
2953 1940 3245 2012 σφραγίδος
3283 1944 3350 2011 τῇ
3393 1941 3544 2012 ψυχῇ

1960 2034 2416 2106 παραμείναντος,
2443 2033 2563 2087 οὐδὲ
2591 2033 2661 2086 τὰ
2688 2032 3148 2103 ὲναπομαξάμενα
3181 2036 3247 2104 τῇ
3284 2033 3549 2103 σφραγῖδι

1957 2127 2048 2181 τὸν
2076 2126 2244 2179 τύπον
2276 2126 2365 2178 ὑπ’
2400 2125 2569 2195 αὐτῆς
2598 2126 2890 2193 ἀγνοεῖται,
2921 2124 3034 2179 ἀλλ’
3059 2127 3116 2177 έν
3144 2124 3222 2195 τῷ
3245 2124 3421 2194 καιρῷ
3441 2125 3546 2197 τῆς

1957 2216 2453 2287 ἁναστοιχειὼσεως
2497 2218 2677 2269 ἐκεῖνα
2707 2216 2918 2287 δέχεται
2952 2217 3111 2272 πάλιν
3152 2217 3288 2288 πρὸς
3314 2216 3543 2287 ἑαυτὴν,

1960 2306 2103 2377 άπερ
2131 2305 2197 2359 ἂν
2224 2305 2497 2375 ἐναρμόσῃ
2530 2303 2610 2374 τῷ
2644 2304 2802 2374 τύπῳ
2828 2305 2923 2358 τοῦ
2968 2306 3139 2369 εἴδους
3159 2323 3171 2337 ·
3219 2307 3546 2377 ἐναρμόσειε

1957 2394 2015 2447 δὲ
2046 2394 2264 2456 πάντως
2292 2394 2496 2456 ἐκεῖνα,
2532 2391 2633 2445 ὅσα
2662 2395 2778 2445 κατ’
2813 2394 2987 2464 ἀρχὰς
3019 2395 3334 2465 ένετυπώοη
3360 2394 3441 2465 τῷ
3466 2395 3549 2448 εἴ-

1956 2485 2055 2538 δει.
2092 2483 2298 2537 Οὐκοῦν
2326 2483 2476 2536 οὐδέν
2510 2482 2614 2549 ἔξω
2644 2484 2737 2537 τοῦ
2764 2485 2971 2549 εἰκότος
2995 2487 3130 2552 ἐστὶ,
3162 2486 3321 2541 πάλιν
3352 2488 3417 2539 ὲκ
3442 2485 3544 2540 τοῦ

1958 2572 2139 2626 κοινοῦ
2163 2572 2298 2642 πρὸς
2334 2573 2395 2625 τὸ
2437 2573 2771 2628 καθέκαστον
2803 2575 3126 2629 έπαναλύειν
3151 2575 3213 2629 τὸ
3247 2574 3396 2634 τδιον.
3434 2574 3545 2629 Λέ-

1958 2681 2113 2732 γεται
2145 2663 2202 2715 δὲ
2237 2664 2332 2717 καὶ
2362 2664 2461 2736 τὴν
2486 2665 2824 2736 ὑδράργυρον
2849 2647 3202 2737 προχεθεῖσαν
3243 2666 3338 2719 τοῦ
3387 2683 3549 2737 περι-

280 2757 425 2826 quod
456 2766 656 2810 vocant
688 2764 996 2826 argentum,
1028 2755 1180 2808 aiunt
1226 2754 1456 2811 eliusum
1514 2769 1681 2825 capsa
1736 2754 1853 2808 loco

2029 2773 2193 2820 οντος,
2226 2755 2347 2808 καθ’
2378 2756 2568 2809 ὑπτίου
2609 2756 2752 2820 τινὸς
2783 2758 2877 2809 καὶ
2901 2755 3283 2828 κονιορτώδους
3314 2755 3546 2827 χωρίου,

282 2851 482 2920 supino
527 2850 862 2920 pulvereque
908 2848 1151 2920 Opplcto,
1201 2848 1443 2903 minutos
1494 2848 1549 2901 in
1604 2847 1855 2917 globulos

278 2940 677 2995 conformatum
693 2940 894 3009 passim
922 2939 995 2992 ita
1030 2954 1123 3009 per
1140 2946 1338 2992 terram
1359 2938 1617 3009 dispergi,
1637 2946 1697 2991 ut
1712 2939 1857 2992 nulla

280 3046 406 3084 cum
426 3045 506 3097 re,
534 3030 588 3083 in
614 3044 772 3098 quam
793 3028 1006 3093 incidit,
1036 3029 1477 3082 commisceatur.
1497 3027 1651 3093 Quod
1670 3026 1717 3082 si
1733 3027 1858 3097 quis

280 3118 478 3175 deinde
531 3118 907 3187 multipliciter
962 3118 1274 3187 dispersum
1322 3116 1564 3172 vicissim
1615 3118 1856 3188 colligat,

279 3213 558 3269 conﬂuere
588 3226 687 3268 sua
718 3221 917 3282 sponte
944 3211 1161 3282 singula
1204 3227 1324 3282 quae
1350 3211 1569 3282 generis
1610 3211 1857 3282 ejusdem

282 3317 431 3376 sunt,
450 3310 766 3378 nullamque
797 3308 1031 3377 interjici
1051 3322 1163 3363 rem
1192 3322 1355 3377 posse
1382 3322 1503 3377 quce
1520 3304 1860 3363 commiStio-

281 3417 407 3458 nem
438 3401 579 3456 hanc
608 3400 874 3470 impedire
916 3406 1104 3470 queat.
1141 3397 1469 3468 llujusmodi
1518 3399 1777 3468 quiddam
1804 3405 1860 3453 et

284 3494 340 3548 in
365 3492 591 3547 humani
626 3493 875 3563 corporis
898 3506 1161 3561 compage
1196 3489 1551 3547 statuendum
1580 3490 1858 3545 existimo.

283 3585 698 3656 Quamprimum
721 3584 987 3640 divinitus
1020 3584 1179 3654 signo
1210 3582 1366 3654 quasi
1417 3582 1545 3636 dato
1596 3596 1862 3637 concessa

287 3676 519 3732 facultas
549 3676 641 3737 sit.
688 3684 874 3747 partes
906 3675 1013 3731 sibi
1052 3674 1445 3730 convenientes
1495 3679 1552 3727 et
1600 3682 1863 3744 cognatas

284 3768 504 3823 misceri
539 3777 735 3836 sponte
766 3783 888 3832 sua,
918 3782 1095 3838 neque
1120 3767 1423 3839 quidquam
1463 3780 1531 3820 ex
1568 3764 1675 3819 hoc
1706 3764 1862 3819 labo-

282 3856 363 3911 ris
398 3857 727 3911 molestizeve
752 3857 1108 3912 instauratori
1138 3866 1349 3910 natum
1386 3856 1584 3910 creari.
1629 3855 1766 3908 Nam
1796 3868 1865 3909 ne

283 3947 341 4001 in
371 3948 441 4003 iis
499 3948 718 4018 quidem
770 3963 892 4017 qua:
941 3955 1089 4003 terra
1137 3948 1491 4018 proveniunt,
1535 3960 1865 4017 magnopere

282 4047 536 4094 naturam
576 4039 838 4107 occupari
897 4040 1172 4103 videmus,
1238 4048 1297 4093 ut
1333 4038 1415 4092 vel
1468 4037 1735 4102 triticum,
1778 4035 1862 4089 vel

285 4129 517 4193 milium,
547 4128 634 4184 vel
656 4128 802 4184 aliud
829 4130 1062 4200 quodvis
1102 4146 1309 4193 semen,
1369 4129 1437 4183 de
1464 4143 1576 4201 quo
1625 4127 1862 4181 frumen-

285 4230 400 4276 tum
426 4229 520 4277 aut
545 4223 818 4294 legumina
847 4232 1176 4289 nascuntur,
1226 4225 1280 4278 in
1313 4224 1582 4287 culmum,
1633 4223 1858 4291 aristas,

285 4322 340 4371 et
360 4315 542 4386 spicas
570 4322 948 4371 convertatur.
983 4314 1094 4371 Sua
1128 4317 1276 4372 enim
1322 4324 1518 4386 sponte
1558 4316 1861 4370 nutrimen-

288 4412 401 4458 tum
435 4406 631 4475 cuique
676 4405 873 4462 semini
903 4408 1261 4473 conveniens,
1310 4407 1464 4462 nullo
1516 4415 1724 4460 natura:
1761 4421 1860 4460 ne-

288 4492 435 4563 gotio
458 4493 525 4547 de
560 4494 839 4548 communi
889 4495 957 4549 ad
1003 4497 1347 4568 singulorum
1390 4512 1549 4552 usum
1594 4495 1860 4552 transfer-

288 4591 399 4636 tur.
436 4580 579 4652 Ergo
612 4583 658 4638 si
689 4584 964 4640 universis
1000 4594 1149 4641 terra
1180 4588 1537 4643 nascentibus
1581 4590 1861 4643 communi

287 4675 526 4747 quodam
559 4691 727 4733 succo
754 4678 1061 4748 proposito.
1093 4680 1363 4751 quidquid
1406 4694 1472 4736 eo
1522 4680 1722 4736 nutriri
1767 4696 1863 4735 ne-

289 4783 448 4824 cesse
476 4775 581 4831 est,
637 4768 691 4823 id
722 4770 954 4824 attrahit
994 4772 1177 4827 alendi
1214 4773 1299 4828 sui
1337 4788 1527 4839 causa,
1575 4773 1720 4844 quod
1758 4773 1858 4842 ipsi

288 4860 594 4927 convenit;
651 4861 787 4933 quid
818 4861 1143 4928 absurdum,
1210 4864 1256 4919 si
1309 4864 1413 4920 hac
1449 4867 1615 4922 etiam
1669 4867 1722 4920 in
1762 4866 1862 4919 do-

288 4952 470 5006 ctrina
519 4952 586 5008 de
636 4954 1044 5009 resurrectione
1087 4955 1362 5021 dicamus,
1406 4958 1631 5027 perinde
1678 4965 1737 5011 ut
1776 4972 1862 5012 se-

288 5043 438 5097 mina
497 5045 915 5101 convenientem
990 5061 1246 5111 succum,
1327 5049 1408 5104 sic
1457 5049 1734 5119 quoslibet
1793 5063 1860 5102 ex

290 5132 522 5188 mortuis
551 5144 905 5207 resurgentes
935 5139 1158 5209 propria
1208 5155 1403 5197 rursus
1440 5140 1750 5195 attrahere?
1790 5138 1863 5194 De

290 5220 380 5276 bis
400 5224 653 5282 omnibus
677 5226 814 5285 adeo
864 5230 991 5286 licet
1044 5231 1374 5302 intelligere,
1433 5231 1648 5286 nihilin
1684 5245 1864 5286 resur-

289 5315 556 5371 rectionis
579 5319 941 5387 prmdictione
988 5324 1285 5387 contineri,
1313 5322 1461 5395 quod
1490 5321 1862 5393 separandum

291 5402 362 5461 iis
388 5420 422 5461 α
454 5406 621 5463 rebus
656 5411 748 5474 sit,
774 5426 916 5481 quas
944 5428 1034 5469 res
1076 5429 1173 5484 per
1224 5414 1620 5484 experientiam
1672 5415 1867 5485 cogni-

366 5586 416 5621 "
448 5584 515 5641 ιν
546 5585 673 5659 Reg.
702 5605 755 5653 ν,
801 5591 816 5642 l
858 5606 983 5662 sq];
1087 5566 1318 5659 Luc.'iv,
1352 5592 1429 5644 9.7.

1961 2853 2039 2913 εἰς
2063 2850 2234 2904 λεπτὰ
2265 2851 2683 2921 σφαιρωθείσαν,
2713 2850 2856 2904 κατὰ
2879 2851 2975 2921 τὴν
2995 2852 3096 2921 γῆν
3112 2850 3544 2916 διασκίδνασθαι,

1960 2944 2096 3015 πρὸς
2148 2942 2302 2995 οὐδὲν
2352 2943 2460 2996 τῶν
2507 2944 2867 3013 ἐπιτυχόντων
2917 2942 3346 3013 ὲμμιγνυμένην.
3392 2943 3457 2996 Εἰ
3487 2941 3549 2996 δέ

1958 3053 2041 3100 τις
2076 3037 2235 3089 πάλιν
2261 3035 2320 3088 τὸ
2355 3035 2591 3106 πολλαχῆ
2615 3035 3062 3106 κατεσπαρμένον
3086 3038 3166 3099 εἰς
3201 3035 3259 3088 ἓν
3293 3036 3551 3105 συναγεί-

1964 3143 2124 3197 ρειεν,
2147 3125 2467 3196 αὐτομάτως
2487 3125 2801 3197 ἀναχείσθαι
2824 3126 2961 3197 πρὸς
2978 3126 3039 3179 τὸ
3059 3127 3346 3197 ὁμόφυλον,
3363 3127 3548 3182 οὐδενὶ

1963 3216 2112 3287 μέσῳ
2138 3216 2273 3286 πρὸς
2293 3216 2391 3288 τὴν
2422 3217 2628 3271 οἰκείαν
2666 3218 2811 3287 μίξιν
2842 3217 3239 3289 διειργομένην.
3291 3217 3550 3273 Τοιοῦτόν

1959 3326 2014 3362 τι
2040 3310 2236 3380 χρῆναι
2267 3309 2469 3380 νομίζω
2504 3309 2600 3364 καί⁸
2639 3310 2768 3382 περὶ
2800 3309 2859 3363 τὸ
2890 3308 3227 3381 ἀνθρώπινον
3260 3309 3551 3382 σύγκριμα

1960 3400 2284 3454 διανοεῖσθαι
2306 3417 2321 3432 ο
2376 3402 2424 3454 εἰ
2458 3401 2618 3470 μόνον
2652 3400 2862 3469 γένοιτο
2891 3399 3040 3472 παρὰ
3078 3400 3170 3454 τοῦ
3198 3400 3332 3453 Θεοῦ
3365 3401 3426 3453 τὸ
3459 3403 3552 3454 ὲν-

1962 3492 2200 3563 δόσιμογ,
2229 3493 2549 3564 αὐτομάτως
2577 3492 2644 3545 τὶι
2674 3492 2985 3563 κατάλληλα
3012 3492 3153 3563 μέρη
3178 3494 3290 3556 τοῖς
3321 3493 3550 3557 οἰκείοις

1962 3585 2457 3658 ὲπανακίρνασθαι,
2521 3586 2791 3656 μηδεμιᾶς
2839 3584 3103 3655 ὲργωδίας
3152 3581 3231 3653 τῷ
3294 3584 3552 3637 ἀναστοι-

1964 3676 2196 3748 χειοῦντι
2225 3678 2325 3749 τὴν
2359 3676 2518 3747 φύσιν
2545 3677 2633 3730 διὰ
2664 3677 2867 3729 τούτων
2898 3675 3273 3745 ἐγγινομένης.
3297 3674 3406 3728 Καὶ
3433 3674 3550 3747 γάρ

1964 3770 2058 3823 ὲπί
2089 3770 2195 3823 τῶν
2228 3771 2289 3823 ὲν
2336 3773 2403 3841 τῇ
2437 3771 2508 3839 γῇ
2542 3768 2850 3838 φυομένων,
2892 3766 3081 3821 οὐδένα
3125 3765 3284 3819 πόνον
3325 3765 3549 3836 ὁρῶμεν

1964 3862 2062 3932 τῆς
2090 3861 2306 3931 φύσεως
2334 3861 2427 3914 ἐπὶ
2458 3862 2550 3915 τὸν
2578 3861 2768 3933 πυρὸν,
2795 3861 2828 3931 ἢ
2862 3859 2960 3930 τὴν
2990 3859 3243 3929 κέγχρον,
3274 3858 3308 3929 ἢ
3344 3858 3474 3912 ἄλλο
3496 3875 3552 3911 τι

1965 3952 2072 4007 τῶν
2123 3951 2360 4024 σιτηρῶν
2392 3953 2426 4024 ἢ
2473 3953 2749 4026 χεδροπῶν
2792 3953 3139 4023 σπερμάτων,
3173 3952 3233 4004 ὲν
3265 3950 3343 4020 τῷ
3374 3967 3549 4020 μετα-

1968 4043 2181 4098 ϐάλλειν
2229 4045 2310 4108 εἰς
2348 4044 2600 4115 καλάμην
2652 4044 2747 4099 καί⁵
2795 4044 3054 4115 άθέρικας
3104 4042 3199 4096 καὶ
3244 4041 3549 4112 ἀστάχυας.

1983 4135 2483 4208 Ἀπραγματεύτως
2520 4136 2629 4207 γὰρ
2666 4135 2808 4191 κατὰ
2845 4136 2908 4188 τὸ
2937 4134 3238 4205 αὐτόματον
3277 4136 3310 4203 ἡ
3341 4134 3552 4187 κατάλ-

1968 4227 2126 4299 ληλος
2166 4227 2340 4299 τροφὴ
2381 4229 2445 4281 ἐκ
2486 4227 2581 4280 τοῦ
2615 4225 2794 4281 κοινοῦ
2847 4225 2983 4299 πρὸς
3022 4225 3119 4297 τὴν
3173 4225 3400 4279 ἑκάστου
3436 4226 3552 4279 τῶν

1971 4320 2300 4391 σπερμάτων
2336 4320 2575 4389 ἰδιότητα
2603 4317 2935 4388 μεταϐαίνει.
2971 4319 3035 4370 Εἰ
3068 4313 3161 4371 οὖν
3195 4317 3380 4386 κοινῆς
3409 4319 3551 4371 πᾶσι

1969 4413 2078 4474 τοῖς
2135 4411 2422 4482 φυομένοις
2467 4412 2566 4480 τῆς
2619 4409 2843 4481 ἰκμάδος
2887 4410 3282 4480 ὑποκειμένης,
3317 4410 3553 4463 ἕκαστον

1968 4503 2075 4556 τῶν
2106 4502 2171 4556 δι’
2221 4502 2391 4572 αὐτῆς
2437 4502 2782 4573 τρεφομένων
2826 4501 2887 4554 τὸ
2920 4501 3252 4572 κατάλληλον
3311 4499 3553 4555 ἔσπασεν

1968 4598 2045 4658 εἰς
2068 4596 2165 4665 τὴν
2196 4595 2288 4648 τοῦ
2320 4594 2519 4647 οἰκείου
2555 4593 2902 4665 προσθήκην·
2952 4593 3004 4645 τί
3033 4594 3240 4654 καινὸν,
3286 4594 3335 4646 εἰ
3367 4592 3464 4645 καὶ
3491 4594 3553 4645 ὲν

1967 4682 2044 4754 τῷ
2067 4684 2163 4754 τῆς
2208 4683 2554 4746 ἀναστάσεως
2585 4682 2726 4753 λόγῳ
2760 4685 2887 4753 παρ’
2922 4682 3151 4736 ἑκάστου
3193 4682 3301 4735 τῶν
3326 4682 3553 4734 ἀνιστα-

1972 4776 2165 4847 μένων,
2195 4774 2376 4838 καθὼς
2406 4775 2498 4827 ἐπὶ
2532 4774 2639 4827 τῶν
2668 4776 3020 4846 σπερμάτων,
3057 4774 3343 4845 συμϐαίνει
3374 4772 3552 4837 οὕτως

1969 4864 2211 4933 γίνεσθαι
2245 4856 2342 4936 τὴν
2385 4864 2477 4917 τοῦ
2506 4865 2707 4917 οἰκείου
2746 4865 2949 4935 cum;
3005 4866 3164 4918 "om
3195 4864 3255 4929 ἐξ
3288 4864 3553 4918 ἁπάντων

1968 4956 2193 5010 δυνατὸν
2220 4951 2359 5010 εἶναι
2388 4956 2596 5026 μαθεῖν,
2618 4957 2785 5027 μηδὲν
2812 4956 2916 5022 ἔξω
2943 4956 3050 5010 τῶν
3075 4960 3139 5027 τῇ
3161 4956 3327 5027 πείρα
3348 4973 3554 5028 γνωρι-

1970 5044 2209 5115 ζομένων
2238 5044 2297 5097 τὸ
2328 5047 2587 5116 κήρυγμα
2612 5047 2884 5117 περιέχειν
2910 5048 3005 5117 τῆς
3033 5044 3553 5117 ἁναστάσεως.Καί-

1970 5152 2115 5204 τοιγε
2142 5135 2203 5187 τὸ
2228 5135 2648 5206 γνωριμώτατον
2683 5137 2791 5189 τῶν
2820 5137 3101 5209 ἡμετέρων
3134 5138 3549 5206 ὲσιωπήσαμεν,

1971 5227 2136 5298 αὐτὴν
2164 5227 2308 5297 λέγω
2330 5228 2427 5299 τὴν
2468 5227 2689 5300 πρώτην
2721 5229 2819 5299 τῆς
2846 5228 3156 5292 συστάσεως
3183 5226 3339 5298 ἡμῶν
3370 5228 3548 5299 ἀφορ-

1975 5321 2102 5391 μήν.
2128 5321 2223 5384 Τίς
2246 5320 2353 5394 γὰρ
2375 5321 2476 5374 οὐκ
2495 5316 2601 5374 οἶδε
2620 5320 2717 5391 τὴν
2742 5321 3167 5393 Θαυματοποιίαν
3184 5319 3285 5389 τῆς
3310 5318 3553 5389 φύσεως,

1973 5411 2025 5463 τί
2072 5411 2372 5483 λαϐοῦσα-ἰ)
2423 5412 2647 5483 μητρῷα
2682 5412 2877 5483 νηδὺς,
2929 5413 2982 5466 τι
3026 5410 3435 5487 ἁπεργάξεται;
3479 5410 3552 5465 Ἦ
