3794 6000
149 144 255 200 229

1372 149 1469 205 ὒΕ
1503 149 1792 207 HOMINIS
1820 148 2143 208 OPIFICIO.

3308 114 3414 211 ea

148 264 249 331 οὐχ
275 263 412 334 ὁρᾷς
442 262 595 325 ὅπως
640 259 844 315 διπλοῦν
887 260 1085 332 τρόπον
1114 261 1234 316 τινὰ
1253 302 1268 330 ,
1294 264 1394 318 καὶ
1420 265 1732 338 ὁμοιομερές

1853 274 1930 323 Las
1959 265 2249 322 habemus.
2294 262 2619 334 Quanquam
2654 260 2904 333 profecto
2963 265 3113 336 quod
3157 264 3217 321 in
3252 266 3419 323 nobis

148 356 269 408 ἐστι
297 356 361 408 τὸ
388 355 470 416 είς
496 351 752 422 ἀφορμὴν
774 351 874 423 τῆς
897 352 1209 417 συστάσεως
1228 352 1323 407 τοῦ
1355 353 1606 426 σώματος
1623 359 1737 421 τοῖς

150 443 485 514 σπλάγχνοις
534 441 1048 512 καταϐαλλόμενον;
1105 442 1205 514 τὴν
1241 445 1301 502 δὲ
1336 446 1605 502 ποικιλίαν
1641 448 1736 502 τοῦ

148 533 702 603 κατασκευαζομένου
748 532 1119 604 συγκρίματος
1167 534 1251 597 τίς
1298 532 1451 603 λόγος
1489 523 1737 609 animm.

150 642 303 679 σεται
324 624 463 690 ;·Τίς
493 624 539 676 δ’
570 623 749 694 ἂνμὴ
786 625 853 694 τῇ
890 626 1043 695 κοινῇ
1075 622 1235 693 φύσει
1275 625 1334 678 τὸ
1364 627 1600 680 τοιοῦτον
1629 645 1733 698 μα-

148 714 279 779 θὼν,
313 714 543 768 δυνατὸν
566 716 829 786 ἡγήσαιτο
856 714 917 767 τὸ
940 715 1243 785 γινόμενον,
1272 716 1354 769 ὄτι
1380 716 1442 770 τὸ
1473 717 1644 789 βραχύ
1673 736 1734 772 τε

149 807 241 859 καὶ
303 807 425 859 ἀντ’
477 807 688 870 οὐδενὸς
736 809 913 861 ἐκεῖνο
959 806 1055 860 τοῦ
1105 807 1360 862 τοσούτου
1413 811 1736 882 πράγματός

148 898 297 950 ἐστιν
328 896 506 967 άρχής
541 896 683 966 μέγα
714 895 771 948 δέ
802 912 963 965 φημι,
992 897 1053 949 οὔ
1086 897 1246 968 μόνον
1271 900 1350 963 εἰς
1377 902 1476 970 τὴν
1508 902 1648 957 κατὰ
1673 900 1735 955 τὸ

150 986 312 1057 σῶμα
338 987 552 1057 βλέπων
578 986 1012 1051 διάπλασιν,ἀλλ’
1041 987 1070 1040 ὃ
1088 988 1204 1057 πρὸ
1225 988 1414 1042 τούτου
1437 990 1733 1062 θαυμάζειν

146 1074 323 1138 ἄξιον,
354 1073 526 1144 αὐτὴν
568 1073 714 1142 λέγω
762 1073 862 1144 τὴν
892 1073 1088 1145 ψυχὴν,
1140 1077 1232 1129 καὶ
1276 1076 1346 1129 τὰ
1396 1079 1523 1149 περὶ
1564 1080 1732 1151 αὐτὴν

148 1164 523 1235 θεωρούμενα.

1841 359 2279 416 illustrissimum
2345 365 2454 422 est,
2488 357 2710 414 silentio
2780 360 3186 429 prteteriimus;
3231 361 3413 431 ipsum

1836 452 2054 507 scilicet
2085 452 2141 506 in
2173 450 2331 506 nobis
2355 449 2654 506 exsistendi
2697 450 3053 519 principium.
3092 450 3228 505 Nam
3276 453 3405 522 quis

1839 541 2185 598 aﬂectionem
2208 549 2415 597 natura
2431 541 2811 596 admirandam
2840 541 3081 610 ignorat,
3100 542 3233 612 quid
3251 544 3415 597 nimi-

1825 639 1960 684 ‘rum
1985 631 2141 687 alvus
2176 638 2424 686 materna
2468 631 2671 699 capiat,
2706 638 2762 685 et
2795 631 2924 700 quid
2971 630 3040 685 de
3075 646 3142 686 eo
3171 629 3416 686 eﬂiciati

1835 720 1920 775 An
1957 736 2069 775 non
2096 720 2252 776 vides
2279 736 2448 790 quam
2491 723 2562 776 sit
2591 722 2831 791 quodam
2864 720 3028 774 modo
3059 720 3310 790 simplex,
3363 732 3417 776 et

1837 827 2005 882 quam
2038 813 2266 867 minime
2309 812 2558 877 mistum,
2610 812 2815 882 quippe
2864 811 3010 881 quod
3045 811 3414 867 dissimilibus

1834 913 2032 959 natura
2066 905 2317 974 partibus
2349 920 2458 960 non
2489 912 2724 969 constet,
2761 906 2909 976 quod
2938 907 3204 961 maternis
3234 906 3287 959 in
3320 904 3414 960 vi-

1837 996 2089 1051 sceribus
2125 996 2438 1067 deponitur,
2476 1003 2536 1050 ut
2563 1011 2627 1052 ex
2656 1010 2723 1051 eo
2749 1010 2952 1064 corpus
2991 996 3230 1051 hominis
3276 1011 3410 1051 con-

1838 1088 2124 1141 stituatur?
2143 1088 2212 1140 At
2235 1102 2355 1156 qua:
2376 1088 2594 1143 tandem
2621 1087 2799 1141 oratio
2817 1087 3145 1156 explicando
3168 1088 3409 1142 varieta-

1837 1184 1947 1231 tem
1981 1179 2259 1249 compagis
2291 1179 2485 1248 ipsius,
2523 1194 2645 1248 quae
2675 1188 2923 1248 paratur,
2954 1178 3221 1233 enarrat?
3253 1176 3408 1242 Quis,
3450 1238 3460 1246 ,

146 1259 405 1322 obsecro,
439 1258 553 1312 ﬁeri
576 1272 739 1328 posse
771 1265 1008 1328 putaret,
1040 1261 1087 1315 si
1126 1260 1241 1316 hrec
1287 1262 1568 1316 communi
1616 1272 1826 1321 naturae
1856 1270 2025 1325 ductu
2061 1281 2348 1343 perspecta
2384 1289 2493 1328 non
2525 1273 2775 1337 haberet,
2809 1280 2867 1328 ut
2903 1275 3160 1343 exiguum
3188 1271 3320 1326 illud
3347 1286 3411 1325 ac

149 1364 320 1421 prepe
366 1350 576 1405 nullius
606 1352 890 1415 momenti,
944 1358 1052 1405 tam
1079 1353 1267 1407 eximii
1315 1356 1497 1423 operis
1528 1356 1855 1428 principium
1888 1362 2074 1420 foret?
2119 1366 2307 1420 eximii
2358 1367 2507 1429 dico,
2553 1381 2662 1420 non
2695 1367 2760 1419 ad
2792 1366 3038 1435 corporis
3067 1366 3243 1419 solum
3274 1378 3411 1418 con-

150 1442 538 1496 formationem
588 1442 911 1511 respiciens,
945 1444 1042 1498 sed
1070 1444 1136 1499 ad
1171 1445 1349 1516 ipsum
1378 1447 1542 1503 etiam
1570 1450 1832 1520 animum,
1865 1465 1922 1511 et
1954 1472 2075 1529 quae
2109 1458 2290 1527 animo
2321 1459 2697 1523 continentur,
2722 1459 2940 1528 quando
2972 1458 3060 1513 hic
3088 1459 3261 1511 multo
3291 1471 3414 1510 ma-

140 1536 231 1604 gis
259 1534 681 1590 admirationem
713 1543 974 1591 meretur.

690 1627 1086 1683 ΚΕΦΑΛΑΙΟΝ
1115 1628 1251 1685 KH'.

2366 1596 2594 1692 CAPUT
2641 1632 2881 1689 xxvm.

148 1721 298 1799 Πρός
351 1721 498 1806 τοὺς
537 1719 832 1806 νρέγονταρ
879 1721 1329 1806 πραῦφεσςάναι
1374 1723 1480 1806 τὰς
1506 1724 1732 1806 ,ψυχὰς

1853 1724 2098 1781 idrersus
2130 1741 2218 1806 eos
2248 1727 2338 1798 qui
2372 1728 2576 1781 animos
2611 1737 2734 1780 ante
2765 1742 2987 1794 corpora
3020 1727 3408 1806 lradunl_e:rsi-

215 1790 337 1864 τῷν
386 1789 752 1864 Ασωμάτιῃθη
783 1790 821 1857 ἣ
866 1789 935 1864 τλὸ
975 1789 1238 1864 ἔμπαλιν
1291 1794 1414 1864 ⁸πρὸ
1443 1789 1578 1864 35.3»
1618 1789 1737 1864 ᾖδ’υέ

216 1860 343 1931 χῶν
374 1857 920 1931 διαᾴεετέᾶσθαι-τὶι
965 1857 1227 1930 σώματα.
1431 1857 1479 1930 ᾧ
1520 1882 1608 1930 τις
1624 1857 1732 1918 ὂιαὶ

217 1928 529 2053 ἆνιῖτροπὴ
558 1928 676 1998 ,τῆς
703 1928 854 1982 κατὰ
884 1931 989 1994 τὰς
1026 1928 1522 2001 ,ιὶετεμψυχώσὲις
1547 1928 1733 2004 μυθο-

218 2016 317 2054 ποι
343 2019 439 2065 ας.

218 2093 372 2162 Τάχα
391 2089 504 2162 γὰρ
531 2091 631 2144 οὐκ
657 2089 762 2155 ἔξω
784 2089 886 2160 τῆς
915 2091 1282 2162 προκειμένης
1310 2096 1442 2165 ἡμῖν
1476 2110 1735 2167 πραγμα-

149 2184 296 2246 τείας
323 2183 464 2248 ἐστὶ,
512 2181 575 2235 τὸ
600 2180 908 2246 διεξετάσαι
932 2183 992 2235 τὸ
1018 2183 1487 2256 ἁμφιόαλλόμενον
1526 2188 1584 2241 ὲν
1612 2188 1734 2251 ταῖς

152 2273 465 2344 ἐκκλησίαις
496 2273 626 2342 περὶ
650 2272 827 2343 ψυχῆς
856 2288 914 2325 τε
935 2274 1031 2326 καί
1056 2272 1326 2345 σώματος.
1347 2276 1474 2339 Τοῖς
1507 2276 1604 2346 μὲν
1624 2276 1733 2347 γὰρ

155 2365 253 2417 τῶν
282 2363 392 2434 πρὸ
434 2362 595 2434 ἡμῶν
627 2362 794 2425 δοκεῖ,
839 2356 920 2425 οἷς
957 2361 987 2413 ὁ
1017 2365 1157 2431 Περὶ
1189 2364 1308 2420 τῶν
1332 2365 1534 2435 ἀρχῶν
1559 2367 1733 2437 ἐπρα-

152 2456 431 2527 γματεύθη
454 2456 634 2523 λόγος,
661 2454 908 2525 καθάπερ
926 2454 1051 2508 τινὰ
1073 2455 1243 2526 δῆμον
1263 2459 1320 2510 ὲν
1345 2457 1619 2530 ίδιαζούσῃ
1640 2475 1735 2511 πο-

154 2549 325 2620 λιτείᾳ
368 2549 469 2612 τὰς
499 2548 678 2619 ψυχὰς
720 2548 1123 2617 προϋφεστάναι
1176 2547 1372 2617 λέγειν.
1410 2550 1733 2621 Προκεῑσθαι

151 2640 206 2693 δὲ
226 2641 391 2693 κάκεί
412 2639 550 2693 τάτε
561 2639 662 2707 τῆς
674 2639 873 2704 κακίας
896 2641 989 2694 καὶ
1006 2641 1106 2710 τῆς
1120 2641 1321 2713 ἀρετῆς
1339 2642 1729 2711 ὑποδείγματα.

152 2732 261 2784 Καὶ
288 2731 709 2801 παραμένουσαν
741 2731 837 2801 μὲν
875 2733 933 2784 ἐν
976 2732 1055 2801 τῷ
1087 2726 1237 2802 καλῷ
1273 2733 1372 2802 τὴν
1408 2732 1605 2803 ψυχὴν,
1633 2732 1734 2802 τῆς

154 2823 287 2892 πρὸς
330 2822 393 2876 τὸ
439 2822 599 2893 σῶμα
635 2823 955 2893 συμπλοκῆς
992 2824 1169 2895 μένειν
1203 2824 1529 2895 ἀπείρατονο
1585 2825 1635 2876 εί
1675 2824 1733 2877 δὲ

153 2915 245 2971 καὶ
290 2915 544 2984 ἀπορρυῇ
588 2913 690 2984 τῆς
726 2913 820 2967 τοῦ
861 2916 1067 2984 ἀγαθοῦ
1122 2917 1431 2987 μετουσίας,
1462 2916 1599 2987 πρὸς
1639 2916 1732 2969 τὸν

150 3006 274 3076 τῇδε
306 3004 423 3075 βίον
454 3005 899 3073 κατολισθαίνειν,
938 3009 1029 3062 καὶ
1050 3007 1222 3071 οὕτως
1248 3010 1305 3062 ὲν
1340 3007 1554 3078 σώματι
1582 3008 1732 3077 γίνε-

156 3097 295 3151 σθαι.
321 3096 450 3152 Ἐτε
461 3113 543 3167 ροι
573 3097 631 3150 δὲ
656 3100 723 3167 τῇ
754 3099 894 3152 κατά
917 3099 1006 3151 τὸν
1032 3100 1236 3153 Μωσέα
1260 3097 1410 3164 τάξει
1443 3101 1542 3170 τῆς
1572 3117 1736 3154 κατα-

155 3193 352 3260 σκευῆς
395 3190 494 3242 τοῦ
532 3188 823 3259 ἀνθρώπου
874 3191 1249 3261 προσέχοντες,
1288 3192 1546 3262 δευτέραν
1596 3188 1733 3245 εἶναι

153 3282 246 3351 τὴν
292 3280 471 3351 ψυχὴν
526 3280 622 3333 τοῦ
662 3280 912 3351 σώματος
966 3284 1107 3337 κατὰ
1156 3282 1251 3337 τὸν
1308 3285 1497 3355 χρόνον
1545 3284 1729 3353 φασίν.

168 3370 381 3442 Ἐπειδὴ
433 3368 650 3440 πρῶτον
700 3369 878 3424 λαϐὼν
928 3373 958 3424 ὁ
988 3372 1121 3436 Θεὸς
1167 3373 1296 3443 χοῦν
1329 3374 1439 3427 ἀπὸ
1479 3374 1579 3444 τῆς
1605 3375 1730 3444 γῆςν

156 3463 352 3516 ἔπλασε
398 3462 492 3516 τὸν
533 3463 849 3534 ἄνθρωπον⁸
882 3460 983 3518 εἶθ’
1025 3463 1198 3529 οὕτως
1228 3465 1475 3537 ὲψύχωσε
1524 3465 1611 3519 διὰ
1636 3467 1732 3519 τοῦ

158 3556 565 3625 ἐμφυσήματος.
629 3554 741 3607 Καὶ
788 3555 961 3626 τούτῳ
1014 3555 1094 3626 τῷ
1137 3556 1281 3628 λόγῳ
1336 3558 1732 3628 προτιμοτέραν

157 3647 565 3701 ἀποδεικνύουσι
585 3648 686 3717 τῆς
711 3647 888 3718 ψυχῆς
910 3649 1009 3721 τὴν
1040 3650 1238 3722 σάρκα,
1267 3651 1369 3720 τῆς
1396 3653 1734 3722 ὲπεισκρινοο

161 3740 325 3810 μένης
364 3737 467 3808 τὴν
498 3737 1103 3810 προδιαπεπλασμένην.
1137 3742 1368 3811 Λέγουσι
1406 3741 1515 3812 γάρ
1559 3742 1648 3796 διὰ
1672 3744 1733 3797 τὸ

160 3836 312 3905 σῶμα
338 3834 441 3904 τὴν
474 3832 654 3903 ψυχὴν
690 3833 966 3902 γενέσθαι,
1014 3835 1090 3898 ὡς
1115 3835 1182 3889 ἂν
1216 3835 1290 3907 μὴ
1317 3836 1519 3890 ἄπνουν
1544 3852 1604 3889 τε
1639 3838 1732 3891 καὶ

156 3927 406 3995 ἀκίνητον
440 3925 524 3996 εἴη
548 3925 609 3977 τὸ
637 3923 880 3995 πλάσμα.
916 3927 1031 3980 Πᾶν
1053 3927 1111 3980 δὲ
1135 3927 1199 3980 τὸ
1225 3927 1311 3981 διά
1343 3945 1396 3981 τι
1428 3929 1729 3999 γινόμενον,

156 4018 479 4088 ἀτιμότερον
525 4016 742 4080 πάντως
774 4018 891 4070 ἐστὶ
920 4019 1014 4072 τοῦ
1045 4019 1112 4072 δι’
1139 4019 1168 4071 ὃ
1197 4016 1426 4087 γίνεται.
1459 4019 1657 4086 Καθὼς
1672 4021 1732 4075 τὸ

156 4109 488 4178 Εὐαγγέλιον
538 4108 717 4178 λέγει,
771 4110 851 4163 ὅτι
900 4110 1084 4164 πλεῖόν
1134 4112 1250 4165 ἐστι
1297 4112 1396 4184 τῆς
1440 4113 1648 4185 τροφῆς
1696 4115 1730 4186 ἡ

156 4198 326 4269 ψυχὴ,
385 4199 482 4253 καὶ
524 4199 588 4252 τὸ
640 4198 800 4268 σῶμα
842 4199 937 4251 τοῦ
972 4199 1298 4270 ἐνδύματος,
1343 4200 1476 4254 διότι
1525 4199 1731 4254 τούτων

1904 1807 2072 1862 atere,
2111 1797 2189 1850 vel
2218 1807 2435 1866 contra,
2476 1813 2699 1866 corpora
2791 1813 3097 1866 priusquam
3172 1798 3405 1862 animos,

1902 1882 2014 1920 esse
2043 1866 2278 1920 condita.
2316 1865 2539 1919 Fabulis
2568 1865 2748 1919 etiam
2792 1865 3142 1920 consentanea
3181 1867 3245 1921 de
3290 1869 3419 1920 anio‘

1905 1953 2112 1990 morum
2146 1936 2549 2007 migratianibus
2582 1936 2826 1988 doctrina
2855 1937 3125 1989 evertitur.

1902 2096 2182 2155 Fortassis
2208 2097 2353 2153 enim
2383 2098 2452 2154 ab
2479 2097 2731 2153 instituto
2760 2112 3011 2153 sermone
3033 2096 3267 2152 alienum
3298 2112 3411 2152 non

1835 2191 2033 2255 fuerit,
2068 2191 2114 2248 si
2153 2191 2209 2245 in
2241 2191 2296 2246 id
2316 2231 2331 2256 ,
2367 2191 2513 2262 quod
2544 2190 2612 2246 de
2641 2190 2824 2244 animo
2851 2198 2906 2244 et
2941 2203 3171 2260 corpore
3204 2191 3409 2259 passim

1836 2284 1895 2339 in
1938 2283 2191 2338 ecclesiis
2238 2283 2690 2347 controvertitur,
2748 2280 3113 2350 inquiramus.
3170 2280 3409 2347 Quidam

1834 2374 1983 2430 enim
2024 2373 2325 2443 superioris
2364 2372 2643 2427 memoriae
2680 2372 2968 2431 doctores.
3007 2371 3100 2441 qui
3132 2385 3410 2425 commen-

1806 2465 2002 2527 tarios
2035 2464 2122 2528 De;
2141 2464 2410 2533 principiis
2450 2464 2819 2532 scripserunt,
2862 2463 3075 2516 animos
3124 2463 3407 2516 hominum

1832 2552 1990 2623 quasi
2021 2552 2312 2621 quamdam
2349 2553 2623 2606 nationem
2645 2594 2660 2619 ,
2693 2566 2938 2606 seorsum
2972 2551 3205 2621 quadam
3240 2551 3294 2605 in
3327 2568 3413 2627 re_-

1834 2643 2056 2714 publica
2094 2643 2362 2699 exsistere
2399 2643 2558 2712 longe
2592 2651 2719 2697 ante
2753 2656 2986 2711 corpora
3020 2641 3264 2696 tradunt.
3300 2641 3412 2696 Ibi-

1833 2734 1955 2790 dem
1989 2735 2071 2789 eis
2104 2748 2228 2787 eum
2258 2734 2518 2787 vitiorum
2554 2740 2668 2786 tum
2716 2733 2937 2787 virtutis
2966 2747 3090 2787 esse
3124 2732 3413 2802 pr0posita

1832 2825 2103 2896 exempla.
2139 2823 2207 2899 Et
2241 2825 2456 2879 animos
2489 2824 2708 2894 quidem
2745 2831 3066 2877 constanter
3101 2822 3324 2877 virtutis
3358 2833 3412 2878 et

1835 2918 2054 2972 honesti
2088 2916 2272 2972 studio
2305 2914 2522 2971 deditos
2543 2955 2558 2980 ,
2593 2916 2754 2985 plane
2783 2929 2908 2969 cum
2943 2914 3269 2984 corporibus
3300 2928 3410 2969 non

1835 3009 2102 3080 copulari.
2140 3008 2236 3062 Sin
2271 3015 2452 3062 autem
2506 3007 2637 3062 boni
2681 3006 2866 3060 fructu
2917 3013 2972 3060 et
3023 3004 3414 3075 conjunctione

1833 3102 2121 3168 excidant,
2156 3109 2272 3156 tum
2315 3101 2527 3156 scilicet
2553 3115 2649 3156 eos
2678 3100 2732 3153 in
2768 3098 2911 3153 hanc
2943 3098 3111 3151 vitam
3155 3096 3363 3167 prolabi
3391 3138 3403 3157 ,

1831 3202 1886 3250 et
1919 3196 1974 3250 in
2005 3208 2237 3265 corpora
2271 3193 2377 3249 hoc
2412 3199 2574 3264 pacto
2606 3191 2847 3247 immitti.
2882 3190 2991 3244 Alii
3019 3197 3212 3244 contra
3249 3188 3413 3244 seriei

1833 3286 2162 3349 creationis,
2215 3299 2322 3355 qua
2375 3283 2645 3338 formatus
2675 3289 2760 3338 est
2792 3281 2988 3343 homo,
3037 3293 3067 3332 a
3114 3278 3263 3334 Mose
3311 3279 3408 3333 de-

1831 3376 2432 3448 scriptminhaerendo,
2485 3376 2724 3431 animum
2775 3386 3007 3442 corpore
3058 3378 3180 3424 ortu
3230 3377 3413 3439 postc-

1830 3470 2034 3524 riorem
2094 3483 2217 3524 esse
2274 3467 2448 3522 aiunt.
2508 3465 2676 3521 Deum
2730 3476 2968 3533 namque
3017 3469 3411 3517 commemorat

1832 3561 2011 3625 Moses
2045 3561 2279 3631 primum
2313 3559 2382 3613 de
2413 3565 2560 3611 terra
2595 3564 2815 3625 sumpto
2867 3553 3089 3623 pulvere
3133 3552 3408 3607 hominem

1833 3654 2089 3716 tinxisse,
2125 3649 2324 3705 deinde
2364 3663 2462 3718 per
2504 3645 2917 3715 inspirationem
2953 3643 3192 3697 animum
3224 3642 3274 3697 ei
3320 3641 3409 3697 in-

1832 3745 2037 3800 didisse
2066 3743 2132 3796 ’7.
2167 3741 2281 3797 Hac
2312 3741 2389 3794 illi
2421 3739 2636 3795 ratione
2664 3736 3096 3808 praestantiorem
3132 3750 3255 3791 esse
3284 3735 3411 3790 ani-

1832 3852 1924 3891 mu
1949 3848 2168 3890 carnem
2202 3833 2435 3903 probare
2467 3839 2759 3895 conantur,
2798 3827 2890 3898 qui
2932 3827 3086 3880 carni
3130 3825 3242 3896 jam
3282 3834 3413 3881 ante

1831 3932 2031 3981 creatae
2059 3925 2130 3979 sit
2176 3924 2404 3979 inditus.
2446 3922 2613 3976 Aiunt
2657 3920 2838 3983 enim,
2885 3917 3125 3973 animum
3160 3917 3413 3988 corporis

1832 4032 1999 4073 causa
2032 4016 2232 4070 factum
2264 4029 2387 4069 esse
2407 4052 2421 4077 ,
2454 4027 2520 4068 ne
2551 4026 2691 4082 opus
2720 4011 2826 4064 hoc
2855 4008 2948 4064 Dei
2979 4023 3010 4064 a
3039 4008 3405 4078 respiratione

1831 4121 1895 4162 ac
1944 4114 2096 4161 motu
2147 4104 2557 4159 destitueretur.
2608 4099 2886 4171 Quidquid
2945 4105 3126 4152 autem
3179 4097 3409 4153 alterius

1832 4212 2000 4254 causa
2028 4196 2118 4250 ﬂat
2142 4233 2157 4259 ,
2187 4195 2282 4249 illo
2310 4208 2431 4249 esse
2459 4192 2602 4247 haud
2636 4190 2798 4246 dubie
2826 4188 2989 4243 vilius
3012 4227 3028 4252 ,
3061 4187 3218 4257 cujus
3243 4201 3412 4243 causa

154 4288 331 4343 ῑνεκεν
358 4292 565 4346 ἐκεῖνα.
623 4290 696 4343 Οὐ
733 4289 843 4362 γὰρ
876 4289 965 4343 διὰ
991 4291 1089 4362 τὴν
1121 4290 1385 4362 τροφὴνή
1413 4291 1581 4364 ψυχὴ,
1608 4292 1727 4346 οὐδὲ

1854 4283 2178 4347 nstituatu'r.
2217 4283 2486 4339 Nimirum
2532 4290 2586 4337 et
2620 4283 2674 4336 in
2709 4280 3003 4349 Evangelio
3034 4279 3407 4333 ratiocinatio-

154 4379 239 4434 τοῦ
268 4379 569 4450 ἐνδύματος
586 4379 745 4451 χάριν
776 4381 1182 4453 κατεσκευάσθη
1218 4381 1286 4435 τά
1319 4381 1566 4452 σώματα,
1598 4383 1732 4439 ἀλλὰ

1853 4394 1957 4434 rem
1989 4373 2306 4447 huiusmodi
2338 4372 2629 4444 quamdam
2660 4385 2813 4434 esse,
2864 4383 2987 4422 cum
3034 4367 3253 4422 animus
3281 4367 3408 4422 cibo

155 4471 352 4525 τούτων
396 4471 589 4534 ὄντων,
614 4473 795 4526 ἐκεῖνα
828 4471 915 4525 διὰ
943 4472 1041 4542 τὴν
1078 4472 1265 4543 χρείαν
1297 4473 1731 4546 προσεξηυρέθη.

167 4562 313 4616 Ἐπεὶ
353 4557 450 4616 οὖν
503 4565 562 4615 ὲν
610 4563 948 4633 ἀμφοτέραις
989 4565 1109 4626 ταῖς
1138 4564 1473 4633 ὑπολήψεσιν
1514 4566 1543 4618 ὁ
1575 4565 1733 4635 λόγος

157 4654 420 4717 ὑπαίτιος,
452 4652 562 4706 τῶν
589 4670 648 4706 τε
672 4653 1041 4725 προὸιοτεύειν
1064 4652 1162 4717 τὰς
1190 4654 1368 4725 ψυχὰς
1400 4657 1458 4708 ὲν
1496 4654 1602 4728 ἰδίᾳ
1624 4656 1732 4710 τινὶ

157 4745 481 4799 καταστάσει
532 4743 1002 4814 μυθολογούντων,
1054 4746 1287 4800 καὶτῶν
1334 4746 1568 4816 ὑστέρας
1619 4747 1730 4800 τῶν

157 4836 418 4907 σωμάτων
436 4834 939 4898 κατασκευάζεσθαι
962 4836 1290 4907 νομιζόντων
1308 4854 1323 4868 °
1346 4838 1639 4906 ἀναγκαῖον
1662 4838 1729 4891 ἂν

154 4928 234 4996 εἴη
265 4928 431 4999 μηδὲν
462 4927 572 4980 τῶν
617 4926 925 4998 λεγομένων
969 4912 1026 4982 ὲν
1061 4932 1174 4993 τοῖς
1204 4929 1435 5001 δόγμασι
1469 4930 1730 5002 περιιδεῖν

153 5017 527 5081 ἁνεξέταστονέ
568 5018 730 5071 Ἀλλά
754 5019 815 5070 τὸ
849 5019 946 5088 μὲν
971 5018 1036 5072 δι’
1070 5018 1355 5089 ἀκριϐείας
1382 5020 1509 5083 τοὺς
1545 5018 1729 5073 ἑκατέ-

155 5109 319 5178 ρωθεν
340 5109 646 5181 γυμνάζειν
667 5109 879 5178 λόγους,
907 5110 999 5163 καὶ
1037 5110 1215 5174 πάσας
1246 5110 1607 5164 ἐκκαλύπτειν
1630 5111 1729 5173 τὰς

152 5201 471 5272 ἑγκειμένας
534 5199 768 5264 ἀτοπίας
817 5203 939 5264 ταῖς
984 5201 1282 5272 ὑπολήψεσι
1306 5242 1322 5268 ,
1387 5202 1599 5275 μακροῦ
1661 5203 1728 5257 ἂν

149 5288 317 5344 δέοιτο
349 5293 445 5347 καὶ
474 5291 675 5365 χρόνου
715 5292 810 5345 καὶ
847 5278 1025 5359 λόγου·
1087 5293 1155 5347 δι’
1192 5292 1389 5362 ὀλίγων
1428 5294 1503 5355 δὲ,
1546 5294 1729 5358 καθώς

149 5379 262 5435 ἐστι
291 5382 536 5449 δυνατὸν,
573 5382 838 5452 ἑκάτερον
874 5380 982 5434 τῶν
1013 5383 1319 5455 εἰρημένων
1356 5384 1728 5455 ἐπισκεψάμε-

246 5557 293 5591 ⁹⁷
326 5558 440 5615 (ιρη
495 5576 554 5619 ιι.
593 5558 643 5614 7.

1829 4471 2011 4542 ροιίοι·
2036 4483 2161 4524 esse
2190 4465 2414 4529 dicitur,
2443 4470 2645 4534 corpus
2671 4461 3000 4516 vestimento
3025 4478 3039 4514 :
3069 4460 3287 4530 quando
3315 4459 3409 4514 illa

1829 4562 2027 4616 horum
2051 4573 2219 4613 causa
2246 4555 2390 4611 facta
2417 4555 2551 4611 sint.
2580 4551 2697 4607 Non
2725 4552 2871 4607 enim
2898 4552 3115 4608 animus
3141 4552 3405 4616 alimenti,

1832 4665 2011 4721 neque
2036 4663 2239 4719 corpus
2273 4645 2445 4702 vestis
2478 4652 2562 4700 est
2596 4657 2764 4698 causa
2799 4642 3111 4707 conditum,
3148 4642 3242 4696 sed
3280 4655 3405 4694 cum

1833 4743 1946 4798 haec
1994 4741 2109 4812 jam
2157 4737 2520 4802 exsisterent,
2573 4735 2640 4790 ad
2694 4748 2854 4790 usum
2900 4745 3089 4788 eorum
3140 4731 3231 4784 illa
3278 4738 3409 4784 sunt

1829 4840 2168 4904 comparata.
2214 4828 2458 4901 Utraque
2510 4826 2696 4898 opinio
2745 4839 2869 4880 cum
2917 4820 3404 4894 reprehensionem

1830 4934 2129 4992 mereatur,
2174 4932 2284 4979 tam
2315 4934 2508 4977 eorum
2543 4920 2636 4989 qui
2668 4917 2886 4973 animos
2920 4914 3142 4986 proprio
3167 4909 3405 4982 quodam

1830 5018 1886 5073 in
1920 5024 2070 5073 statu
2100 5024 2228 5072 ante
2259 5027 2493 5084 corpora
2525 5013 2708 5066 vivere
2751 5016 3049 5077 nugantnr,
3097 5017 3261 5074 quam
3309 5002 3407 5072 qui

1826 5125 1922 5168 eos
1958 5117 2080 5181 post
2121 5121 2349 5178 corpora
2389 5105 2622 5176 primum
2650 5102 2813 5157 condi
2840 5097 3197 5155 existimant:
3227 5110 3406 5165 operae

1824 5202 2060 5271 pretium
2109 5198 2278 5253 fuerit
2321 5197 2375 5250 in
2416 5194 2602 5250 omnia
2650 5192 2897 5247 studiose
2939 5187 3250 5256 inquirere,
3283 5202 3409 5256 quae

1828 5294 1881 5346 in
1912 5288 2253 5360 explicandis
2283 5286 2575 5356 utriusque
2606 5284 2783 5354 partis
2808 5280 3047 5337 decretis
3078 5279 3130 5333 in
3162 5278 3407 5333 medium

1826 5384 2145 5439 afferuntur.
2202 5380 2270 5433 At
2323 5377 2470 5434 enim
2527 5381 2784 5452 accurate
2839 5372 3108 5430 adversus
3157 5370 3408 5428 rationes
