3794 6000
340 152 438 207 SM

1551 152 1608 206 Β.
1643 150 1966 208 GREGORII
2001 149 2286 207 NYSSENI

3483 137 3596 192 232

343 271 598 338 utrinque
652 271 948 340 productas
995 271 1152 340 quasi
1193 271 1487 341 pugnando
1533 272 1820 342 progredi,
1857 279 1910 324 et

2045 291 2111 336 οι,
2153 273 2316 326 πάλιν
2363 271 2469 323 τῶν
2518 265 2890 338 προκειμένων
2935 259 3356 331 ἀντιληψόμεθα.
3403 258 3470 310 Ol
3513 254 3593 324 τῷ

341 360 527 414 omnia
561 375 684 430 qua:
715 365 771 415 in
805 362 889 417 his
927 362 1279 432 opinionibus
1313 363 1547 416 absurda
1595 371 1723 418 sunt
1770 369 1912 416 rete-

343 450 520 519 gendo
551 450 896 520 patefacere:
933 451 987 504 id
1020 467 1151 506 vero
1181 460 1236 506 et
1263 453 1566 506 orationem
1599 453 1866 522 prolixam
1895 491 1911 517 ,

309 536 396 595 'ct
430 543 689 611 temporis
715 559 823 596 non
849 552 1042 606 parum
1066 541 1384 608 requireret.
1404 544 1614 598 Idcirco
1656 543 1912 609 breviter,

345 642 610 700 quantum
647 631 766 700 ejus
802 632 916 684 fieri
964 629 1197 700 poterit,
1229 631 1592 687 consideratis
1633 633 1917 699 utriusque

345 724 517 790 partis
551 723 918 792 argumentis,
957 722 1032 774 ita
1062 721 1260 776 deinde
1301 723 1446 792 quod
1492 723 1712 792 proprie
1759 722 1918 776 insti-

349 814 552 867 tuimus
574 853 588 875 ,
617 828 1034 882 prosequemur.
1068 811 1172 878 Qui
1201 825 1408 882 partem
1450 815 1686 882 priorem
1732 812 1919 867 defen-

347 905 516 967 dunt,
567 912 620 958 et
667 904 1054 972 rempublicam
1087 904 1394 956 animorum
1427 903 1718 972 quamdam
1773 903 1920 972 prio-

348 1013 458 1050 rem
497 997 607 1048 vita
638 996 690 1048 in
727 1011 956 1063 corpore
985 1003 1174 1049 nostra
1206 995 1553 1049 constituunt
1586 1038 1604 1066 ,
1632 994 1762 1048 mihi
1793 994 1916 1063 qui-

347 1086 467 1140 dem
493 1102 522 1139 a
542 1085 870 1139 Grazcanicis
897 1086 1003 1139 illis
1025 1085 1332 1154 disciplinis
1353 1086 1633 1140 hominum
1660 1085 1922 1139 doctrinm

347 1177 593 1229 veritatis
642 1176 956 1244 ignarorum
1012 1176 1282 1230 immunes
1335 1190 1458 1230 esse
1498 1191 1603 1228 non
1644 1176 1917 1236 videntur,

348 1266 440 1336 qui
478 1266 687 1320 fabulas
719 1267 984 1334 quasdam
1012 1266 1079 1319 de
1108 1267 1415 1320 animorum
1447 1281 1515 1321 ex
1557 1267 1676 1320 aliis
1719 1267 1773 1319 in
1817 1265 1920 1319 alia

350 1371 577 1425 corpora
611 1357 1025 1426 migrationibus
1052 1358 1343 1410 commenti
1375 1367 1521 1411 sunt.
1552 1355 1686 1410 Nam
1718 1357 1764 1410 si
1799 1358 1922 1425 quis

351 1453 607 1499 accurate
659 1461 773 1498 rem
827 1447 1140 1509 existimet,
1183 1447 1406 1500 omnino
1451 1446 1628 1500 delabi
1681 1447 1922 1515 ipsorum

353 1536 658 1589 orationem
693 1537 760 1590 ad
795 1537 846 1589 id
886 1536 1159 1599 inveniet,
1190 1537 1335 1605 quod
1381 1536 1654 1606 proditum
1696 1545 1780 1590 est
1810 1552 1925 1590 me-

2016 364 2264 434 προτέρῳ
2294 362 2697 433 ,παριστάμενοι
2742 358 2916 426 λόγῳ,
2960 357 3052 408 καὶ
3087 350 3464 424 πρεσϐυτέραν
3489 350 3592 416 τῆς

2017 458 2073 508 ὲν
2107 455 2268 524 σαρκὶ
2300 454 2443 523 ζωῆς
2471 453 2568 521 τὴν
2594 449 2865 503 πολιτείαν
2886 447 2993 500 τῶν
3021 444 3208 515 ψυχῶν
3232 439 3592 512 δογματίζον-

2014 543 2105 608 τες
2132 583 2146 606 ,
2207 543 2268 596 οὔ
2329 559 2418 613 μοι
2464 540 2678 596 δοκοῦσι
2730 539 2837 592 τῶν
2884 533 3211 604 Ἑλληνικῶν
3269 529 3594 601 καθαρεύειν

2015 635 2318 705 δογμάτων,
2367 633 2474 685 τῶν
2521 633 2648 700 περὶ
2694 631 2792 700 τῆς
2821 626 3360 699 μετενσωματώσεως
3406 623 3596 683 αὐτοῖς

2021 723 2565 796 μεμυθολογημένων.
2586 724 2648 775 Εἰ
2664 722 2771 791 γάρ
2785 738 2866 784 τις
2889 718 3126 788 ἀκριϐῶς
3146 715 3438 781 ἐξετάσειε,
3454 711 3597 781 πρὸς

2018 814 2175 868 τοῦτο
2194 814 2336 868 κατὰ
2372 815 2552 867 πᾶσαν
2581 813 2828 881 ἀνάγκην
2856 810 2947 862 τὸν
2978 808 3135 875 λόγον
3157 805 3338 866 αὐτοῖς
3369 804 3596 873 εὑρήσει

2021 905 2481 975 κατασυρόμενον,
2505 904 2562 955 ὃν
2584 903 2714 972 φασί
2735 918 2855 954 τινα
2878 899 2985 952 τῶν
3008 899 3136 968 παρ’
3159 896 3385 956 ἐκείνοις
3413 893 3596 960 σοφῶν

2021 998 2328 1068 είρηκέναι,
2368 997 2448 1048 ὅτι
2481 993 2617 1064 ἀνὴρ
2649 993 2868 1061 γέγονεν
2904 993 2932 1043 ό
2963 989 3152 1051 αὐτὸς,
3204 987 3301 1039 καί
3329 983 3597 1053 γυναικὸς

2026 1086 2183 1156 σῶμα
2214 1084 2654 1154 μετημφιάσατο,
2699 1082 2793 1134 καὶ
2825 1079 2939 1150 μετ’
2987 1077 3186 1148 ὀρνέων
3214 1073 3452 1142 ἀνέπτη,
3498 1073 3598 1124 καὶ

2022 1177 2220 1245 θάμνος
2253 1175 2372 1242 ἔφυ,
2418 1175 2510 1226 καὶ
2552 1173 2640 1226 τὸν
2673 1171 2890 1240 ἔνυδρον
2923 1169 3080 1238 ἔλαχε
3117 1166 3246 1236 βίον.
3295 1165 3368 1216 Οὐ
3403 1163 3598 1233 πόρρω

2021 1267 2120 1335 τῆς
2151 1265 2405 1336 ἀληθείας
2435 1264 2574 1316 κατά
2602 1281 2664 1330 γε
2697 1262 2792 1332 τὴν
2816 1260 2952 1330 ἐμὴν
2994 1259 3172 1328 κρίσιν
3217 1255 3536 1326 φερόμενος,
3568 1253 3600 1306 ὁ

2025 1358 2151 1427 περὶ
2169 1357 2332 1410 αὑτοῦ
2357 1356 2527 1408 ταῦτα
2548 1355 2738 1421 λέγων.
2767 1347 2975 1414 Ὄντως
2993 1351 3100 1420 γάρ
3123 1348 3407 1421 βατράχων
3431 1344 3598 1397 τινῶν

2024 1449 2058 1517 ἢ
2085 1446 2307 1500 κολοιῶν
2333 1446 2616 1516 φλυαρίας,
2653 1445 2684 1514 ἢ
2714 1442 2932 1510 ἀλογίας
2966 1439 3183 1510 ἰχθύων,
3223 1437 3256 1508 ἢ
3289 1435 3467 1508 δρυῶν
3500 1436 3600 1486 ἀνα

2027 1538 2310 1608 αισθησίας
2337 1537 2462 1602 ἄξια
2490 1537 2557 1588 τά
2586 1533 2809 1587 τοιαῦτα
2835 1533 3094 1602 δόγματα,
3147 1528 3210 1581 τὸ
3245 1527 3373 1597 μίαν
3415 1525 3600 1595 ψυχὴν

356 1627 572 1690 Πιονίαι,
623 1625 912 1695 quemdam
962 1629 1030 1682 de
1076 1626 1281 1682 Graecis
1314 1627 1653 1694 sapientibus
1696 1627 1918 1690 dixisse,

2043 1632 2198 1698 ιέγειν
2223 1630 2308 1682 διά
2333 1629 2600 1681 τοσούτων
2627 1625 2820 1679 ἐλθεῖν.
2847 1626 2968 1694 Τῆς
2998 1622 3057 1675 δὲ
3082 1619 3335 1690 τοιαύτης
3365 1616 3599 1677 ἀτοπίας

355 1715 548 1770 Fuisse
574 1718 832 1770 nimirum
863 1733 986 1772 sese
1011 1717 1304 1786 aliquando
1332 1725 1386 1769 et
1428 1717 1603 1769 virum
1623 1757 1638 1780 ,
1666 1723 1720 1770 et
1767 1715 1924 1769 femi-

355 1823 515 1871 nam,
550 1813 603 1860 et
643 1808 786 1861 inter
815 1809 944 1861 ave‘s
975 1808 1266 1869 volitasse,
1317 1815 1371 1860 et
1422 1805 1624 1859 factum
1665 1820 1788 1860 esse
1830 1805 1924 1859 de-

358 1898 482 1951 inde
511 1899 828 1965 arbustum,
873 1907 1037 1968 atque
1066 1899 1230 1952 etiam
1265 1898 1428 1951 vitam
1461 1898 1516 1950 in
1547 1897 1703 1966 aquis
1729 1896 1922 1965 egisse.

357 1989 473 2044 Meo
503 1991 719 2059 quidem
766 1989 976 2060 judicio
1022 2005 1188 2060 prope
1236 1989 1425 2042 aberat
1465 2003 1492 2041 a
1545 1989 1772 2042 veritate
1816 1987 1929 2040 haec

357 2081 529 2150 ipsius
563 2081 739 2134 oratio
760 2122 772 2144 ,
805 2082 896 2150 qui
936 2079 1248 2147 hujusmodi
1281 2078 1540 2148 quiddam
1578 2079 1645 2131 de
1677 2093 1735 2131 se
1765 2078 1930 2145 profl-

357 2180 580 2225 tcretur.
641 2171 890 2224 Profecto
953 2170 1099 2223 enim
1161 2185 1417 2222 ranarum
1475 2171 1930 2238 graculorumque

360 2278 509 2316 more
549 2262 852 2330 garriebat,
897 2269 1434 2329 consentaneamque
1477 2261 1650 2315 bruta:
1697 2261 1927 2329 piscium

358 2363 564 2406 natura:
593 2364 645 2407 ct
685 2368 984 2422 quercuum
1035 2367 1232 2406 sensus
1276 2351 1583 2422 expertium
1623 2351 1930 2404 doctrinam

359 2442 698 2512 proferebat,
728 2442 820 2511 qui
851 2457 1016 2494 unum
1062 2439 1422 2508 eumdemque
1467 2439 1707 2492 animum
1751 2439 1804 2491 in
1845 2453 1933 2493 res

357 2533 494 2589 adeo
530 2535 730 2588 multas
761 2533 1105 2602 immigrasse
1133 2530 1361 2583 diceret.
1393 2529 1489 2583 Est
1519 2537 1700 2584 autem
1735 2529 1931 2583 absur-

356 2629 438 2696 dae
465 2626 626 2694 hujus
661 2625 936 2694 Opinionis
979 2625 1092 2677 haec
1123 2637 1289 2676 causa
1312 2661 1326 2681 ,
1362 2622 1508 2690 quod
1544 2629 1670 2675 ante
1704 2635 1932 2690 corpora

356 2720 622 2774 exsistere
678 2716 888 2769 animos
939 2713 1248 2768 credebant.
1299 2710 1432 2766 Nam
1493 2713 1587 2766 ubi
1627 2713 1792 2767 semel
1833 2713 1936 2766 hoc

357 2811 660 2864 existimari
698 2817 934 2877 emptum
989 2806 1119 2870 fuit,
1164 2822 1378 2875 semper
1422 2806 1655 2860 ulterius
1693 2805 1758 2859 ad
1807 2821 1936 2874 pro-

360 2904 503 2955 xima
531 2916 758 2970 quaeque
794 2899 1189 2969 progrediendo
1210 2939 1224 2959 ,
1259 2907 1313 2951 et
1345 2899 1654 2969 prodigiosa
1688 2898 1934 2968 quaedam

2024 1719 2161 1788 αὕτη
2191 1719 2336 1770 ἐστὶν
2367 1720 2399 1787 ἡ
2433 1715 2598 1775 αἰτία,
2631 1715 2693 1768 τὸ
2731 1711 3130 1784 προϋφεστάναι
3159 1709 3257 1770 τάς
3283 1705 3459 1776 ψυχὰς
3489 1705 3603 1756 olc-

2027 1812 2171 1864 σθαι.
2210 1810 2286 1862 Δι’
2317 1808 2602 1862 ἀκολούθου
2633 1807 2736 1878 γὰρ
2767 1809 2799 1874 ἡ
2835 1803 2976 1874 ἀρχὴ
2997 1800 3090 1854 τοῦ
3118 1799 3361 1852 τοιούτου
3391 1797 3604 1866 δόγμα-

2026 1920 2116 1965 τος
2149 1902 2238 1955 ἐπὶ
2270 1901 2332 1954 τὸ
2380 1899 2640 1972 προσεχές
2682 1915 2739 1949 τε
2774 1898 2864 1950 καὶ
2900 1893 3296 1964 παρακείμενον
3319 1889 3407 1942 τὸν
3436 1887 3601 1955 λόγον

2029 1993 2370 2063 προάγουσα,
2420 1991 2577 2062 μέχρι
2626 1989 2814 2042 τούτου
2875 1982 3272 2057 τερατευομένη
3321 1980 3603 2044 διέξεισιν.

2032 2083 2095 2136 El
2125 2085 2233 2155 γάρ
2275 2083 2363 2136 διά
2406 2086 2549 2144 τινος
2593 2081 2788 2143 κακίας
2830 2075 3236 2131 ἀποσπασθεῖσα
3265 2074 3360 2142 τῆς
3401 2071 3608 2142 ὑψηλο-

2031 2154 2208 2246 τέρας
2241 2176 2274 2244 ή
2319 2173 2462 2243 ψυχὴ
2505 2172 2807 2234 πολιτείας,
2857 2154 2992 2239 μετά
3033 2167 3093 2219 τὸ
3143 2163 3356 2233 (καθώς
3397 2163 3607 2232 φασιν)

2033 2265 2179 2330 ἅπαξ
2206 2265 2504 2334 γεύσασθαι
2545 2263 2636 2315 τοῦ
2674 2258 2985 2330 σωματικοῦ
3019 2257 3132 2328 βίου
3154 2299 3168 2321 ,
3196 2255 3353 2309 πάλιν
3389 2251 3607 2322 ἀνθρω-

2035 2376 2133 2420 πος
2176 2358 2418 2425 γίνεται,
2470 2353 2873 2424 ἐμπαθέστερος
2922 2350 2978 2402 δὲ
3025 2350 3236 2411 πάντως
3270 2349 3298 2400 ὁ
3336 2349 3393 2398 ὲν
3441 2345 3608 2416 σαρκὶ

2038 2451 2148 2520 βίος
2203 2447 2541 2517 ὁμολογεῖται
2585 2443 2736 2514 παρά
2777 2443 2864 2495 τὸν
2914 2440 3078 2493 ἀΐδιον
3124 2439 3218 2492 καὶ
3275 2435 3606 2504 ἀσώματονο

2037 2540 2250 2608 ἀνάγκη
2283 2539 2431 2590 πᾶσα
2462 2535 2558 2606 τὴν
2593 2536 2648 2587 ἐν
2684 2532 2760 2602 τῷ
2796 2530 3019 2600 τοιούτῳ
3049 2529 3341 2599 γινομένην
3379 2526 3508 2596 βίῳ,
3545 2525 3608 2576 ὲν

2036 2624 2080 2698 ᾧ
2109 2631 2326 2692 πλείους
2355 2629 2410 2682 αἱ
2440 2627 2576 2698 πρὸς
2617 2625 2676 2676 τὸ
2707 2621 3037 2692 ἁμαρτάνειν
3066 2619 3200 2672 εἰσὶν
3229 2617 3507 2686 ἀφορμαὶ,
3545 2616 3610 2666 ὲν

2038 2721 2242 2772 πλείονί
2269 2737 2324 2771 τε
2352 2719 2518 2788 κακία
2543 2715 2825 2785 γενέσθαι,
2855 2716 2946 2769 καὶ
2975 2711 3380 2784 ἐμπαθέστερον
3409 2709 3440 2778 ἦ
3472 2706 3609 2776 πρό-

2037 2830 2191 2884 τερον
2229 2810 2560 2879 διατεθῆναι’
2604 2807 2950 2880 ἀνθρωπίνης
2988 2805 3044 2858 δὲ
3093 2802 3271 2873 ψυχῆς
3318 2799 3523 2862 πάθοςο
3571 2799 3608 2866 ἡ

2041 2905 2174 2974 πρὸς
2217 2902 2276 2955 τὸ
2315 2902 2504 2970 ἄλογόν
2548 2902 2692 2953 ἐστιν
2737 2897 3024 2969 ὁμοίωσις·
3070 2900 3243 2964 τούτῳ
3289 2893 3346 2946 δὲ
3381 2906 3606 2962 προσοι-

363 2968 722 3060 proferendo,
753 2968 965 3041 tandem
1000 2987 1103 3038 huc
1139 2985 1342 3054 delapsi
1377 2968 1526 3040 sunt.
1561 2986 1617 3039 Si
1647 2986 1791 3040 enim
1827 2985 1930 3038 ani-

2043 2968 2355 3048 κέιωθεῖσαν
2397 2968 2583 3063 αὐτὴν,
2614 2993 2694 3054 εἰς
2726 2968 2970 3059 κτηνώδη
3005 2987 3162 3056 φύσιν
3200 2985 3568 3056 μεταρρυἦναι
3591 2999 3608 3014 ⁸

361 3097 484 3134 mus
515 3082 697 3150 aliquo
728 3096 786 3134 se
812 3081 944 3133 vitio
973 3081 1256 3149 polluens,
1292 3088 1582 3149 postquam
1616 3077 1782 3133 semel
1815 3078 1937 3131 vita:

361 3188 639 3242 corporeae
669 3184 886 3242 gustum
933 3173 1211 3241 percepit,
1259 3186 1318 3224 ut
1367 3172 1468 3240 ipsi
1514 3171 1830 3240 loquuntur,
1870 3169 1938 3223 de

363 3263 680 3318 conditione
711 3277 775 3315 ac
806 3271 948 3315 statu
979 3262 1277 3316 excelsiore
1313 3261 1547 3330 quodam
1581 3260 1846 3328 dcjectus,
1881 3260 1936 3313 in

364 3357 636 3409 hominem
670 3355 943 3424 immigrat
968 3374 981 3407 :
1013 3353 1170 3422 cujus
1195 3354 1420 3407 omnino
1450 3353 1560 3405 vita
1581 3391 1596 3414 ,
1625 3360 1938 3420 comparata

364 3461 487 3500 cum
528 3445 618 3496 illa
661 3452 861 3497 :etcrna
909 3450 961 3496 et
995 3443 1350 3512 incorporea,
1395 3439 1643 3510 pluribus
1690 3449 1774 3494 cst
1815 3456 1938 3510 per-

365 3537 769 3592 turbationibus
799 3535 1032 3589 obnoxia
1061 3553 1074 3588 :
1105 3549 1331 3589 necesse
1367 3540 1450 3587 est
1482 3531 1636 3585 illum
1672 3531 1942 3585 exsisten-

364 3637 470 3683 tem
507 3627 561 3681 in
589 3628 700 3680 vita
722 3665 736 3691 ,
773 3642 893 3696 quae
923 3627 1108 3696 plures
1139 3625 1206 3678 ad
1245 3623 1582 3696 peccandum
1617 3624 1941 3678 occasiones

365 3719 592 3784 habeat,
645 3719 896 3789 pluribus
951 3719 1114 3771 etiam
1150 3717 1298 3771 vitiis
1335 3731 1394 3770 se
1431 3715 1762 3785 inquinare:
1800 3713 1942 3767 mul-

364 3821 528 3882 toque
560 3811 767 3879 magis,
803 3824 962 3877 quam
1000 3817 1162 3870 ante,
1197 3808 1403 3862 morbis
1454 3816 1509 3861 et
1554 3805 1939 3860 aﬂ'cctionibus

2040 3085 2185 3152 ἅπαξ
2214 3085 2268 3137 δὲ
2306 3084 2394 3136 διὰ
2425 3085 2619 3145 κακίας
2649 3080 2934 3134 ὁδεύουσαν
2953 3119 2966 3142 ,
3000 3079 3132 3148 μηδὲ
3166 3078 3223 3128 ὲν
3252 3075 3430 3144 ἀλόγῳ
3455 3091 3613 3141 γενο-

2044 3177 2228 3248 μένην,
2257 3176 2354 3244 τῆς
2377 3175 2467 3226 ἐπὶ
2495 3173 2554 3226 τὸ
2577 3173 2742 3225 κακὸν
2773 3170 2992 3242 προόδου
3022 3168 3178 3238 λῆξαί
3212 3183 3361 3220 ποτε.
3403 3165 3468 3216 Ἠ
3497 3165 3613 3232 γὰρ

2039 3266 2133 3320 τοῦ
2189 3265 2358 3318 κακοῦ
2396 3265 2611 3328 στάσις,
2645 3263 2786 3334 ἀρχὴ
2823 3261 2918 3332 τῆς
2953 3261 3070 3313 κατ’
3104 3259 3303 3327 ἀρετήν
3333 3257 3479 3308 ἔστιν
3518 3257 3616 3324 ὁρ-

2046 3356 2150 3426 μῆς
2169 3372 2182 3386 °
2215 3355 2382 3425 ἀρετὴ
2414 3355 2470 3408 δὲ
2492 3356 2549 3407 ὲν
2580 3353 2794 3422 ἀλόγοις
2816 3354 2916 3405 οὐκ
2940 3351 3101 3403 ἔστιν.
3129 3347 3336 3402 Οὐκοῦν
3355 3348 3442 3399 ἀεὶ
3470 3347 3615 3416 πρὸς

2041 3446 2101 3498 τὸ
2133 3449 2311 3517 χεῖρον
2346 3446 2404 3511 ἐξ
2433 3446 2678 3514 ἀνάγκης
2705 3443 3157 3514 ἀλλοιωθήσεται,
3201 3440 3428 3493 πάντοτε
3472 3437 3614 3508 πρὸς

2039 3536 2100 3588 τὸ
2129 3537 2448 3606 ἀτιμότερον
2489 3535 2782 3606 προϊοῦσα,
2836 3535 2929 3588 καὶ
2975 3534 3060 3586 ἀεὶ
3105 3533 3165 3584 τὸ
3204 3534 3383 3601 χεῖρον
3407 3529 3506 3597 τῆς
3553 3530 3617 3580 ἐν

2040 3622 2074 3700 ᾖ
2105 3628 2219 3680 ἐστι
2267 3627 2476 3695 φύσεως
2509 3627 2916 3698 ὲξευρίσκουσα.
2949 3626 3157 3694 Ὥσπερ
3191 3623 3246 3675 δὲ
3272 3621 3362 3674 τοῦ
3389 3619 3613 3687 λογικοῦ

2039 3718 2100 3770 τὸ
2150 3718 2404 3787 αἰσθητὸν
2447 3718 2815 3788 ὑποϐέϐηκεν,
2846 3716 2990 3770 οὕτω
3038 3716 3132 3769 καὶ
3165 3713 3268 3767 ἀπὸ
3294 3711 3482 3764 τούτου
3519 3710 3616 3762 ἐπὶ

2041 3807 2101 3858 τὸ
2126 3807 2444 3876 ἀναίσθητον
2474 3809 2505 3878 ἡ
2541 3808 2884 3877 μετάπτωσις
2912 3807 3138 3875 γίνεται.

364 3920 483 3960 esse
521 3903 798 3958 deditum:
831 3903 922 3970 qui
956 3903 1130 3955 morbi
1174 3902 1430 3956 humanis
1476 3902 1531 3954 in
1575 3901 1774 3954 animis
1808 3901 1928 3969 ejus
1963 3899 2128 3969 {modi
2176 3913 2339 3968 sunt,
2393 3911 2451 3956 ut
2487 3905 2784 3959 secundum
2823 3904 2922 3958 hos
2946 3899 3314 3956 animantibus
3343 3913 3373 3952 a
3404 3895 3620 3951 ratione

365 3996 643 4050 destitutis
677 3996 993 4048 consimiles
1037 3997 1230 4049 simus.
1278 3994 1369 4048 Eis
1429 4009 1593 4062 porro
1638 3996 1682 4048 si
1726 4002 1992 4062 cognatus
2038 4011 2161 4050 esse
2209 3999 2426 4054 animus
2461 3999 2688 4070 incipit,
2726 4001 2983 4055 nimirum
3016 3999 3081 4052 ad
3116 3997 3329 4050 brutam
3363 4007 3486 4047 sese
3514 4005 3621 4044 na-

365 4093 545 4140 turam
581 4083 836 4136 demittit.
885 4081 1130 4150 Cumque
1179 4081 1316 4136 adeo
1365 4081 1532 4135 semel
1578 4081 1832 4132 vitiorum
1875 4083 2033 4149 quasi
2077 4085 2328 4140 semitam
2361 4087 2569 4159 ingredi
2595 4091 2848 4157 creperit,
2883 4104 2950 4142 ne
2989 4096 3102 4141 tum
3145 4085 3367 4155 quidem
3395 4082 3461 4136 ad
3497 4096 3620 4134 ma-

368 4175 476 4228 ium
513 4170 759 4241 progredi
817 4169 1062 4234 desinet,
1106 4184 1229 4222 cum
1277 4169 1342 4222 ad
1387 4178 1637 4220 naturam
1686 4168 1916 4222 rationis
1962 4182 2239 4239 expertem
2296 4181 2622 4244 pervenerit.
2675 4177 2808 4232 Nam
2857 4179 2903 4231 is
2950 4177 3166 4231 tandem
3197 4177 3327 4230 mali
3355 4175 3478 4228 ﬁnis
3501 4180 3621 4235 est,

365 4278 395 4316 a
425 4277 535 4331 quo
560 4259 779 4314 virtutis
810 4260 990 4315 cultus
1021 4260 1244 4330 incipit;
1280 4273 1342 4313 ea
1378 4273 1508 4313 vero
1542 4259 1735 4312 cadere
1764 4261 1819 4312 in
1847 4259 2104 4316 animalia
2134 4267 2363 4323 rationis
2413 4272 2660 4339 expertia
2713 4270 2926 4339 nequit.
2970 4268 3176 4322 Idcirco
3231 4280 3446 4334 semper
3499 4263 3614 4315 ani-

368 4367 492 4406 mus
541 4351 598 4405 in
645 4350 798 4418 pejus
851 4357 972 4403 ruet
1022 4348 1396 4402 vicissitudine
1439 4354 1736 4417 perpetua,
1779 4358 2139 4429 naturamque
2190 4356 2514 4413 deteriorem
2563 4374 2662 4422 ea,
2715 4376 2820 4430 qua
2856 4360 3183 4424 continetur,
3230 4357 3488 4427 inquiret.
3547 4352 3623 4410 Ut

364 4447 549 4494 autem
585 4447 790 4491 naturae
824 4438 1054 4492 rationis
1089 4445 1297 4490 ornatae
1336 4435 1652 4505 praestantia
1691 4436 1941 4504 proxima
1992 4438 2082 4492 illa
2129 4454 2241 4510 est,
2294 4463 2415 4516 qua:
2474 4449 2678 4503 sentit:
2714 4449 2794 4503 sic
2843 4463 2872 4501 a
2926 4450 3192 4504 sentiente
3241 4444 3520 4516 prolapsio
3561 4446 3623 4498 tit

371 4528 436 4581 ad
471 4541 590 4580 eam
615 4566 630 4589 ,
665 4541 786 4592 quae
815 4541 1009 4579 sensus
1045 4525 1206 4579 etiam
1241 4541 1437 4596 expers
1468 4533 1571 4580 est.

439 4620 557 4675 lluc
583 4635 754 4688 usque
787 4635 1070 4688 progressa
1105 4623 1346 4691 ipsorum
1384 4620 1580 4684 oratio,
1621 4637 1927 4691 quanquam
1969 4625 2012 4678 D

367 4721 521 4769 extra
576 4712 816 4771 veritatis
868 4712 1065 4765 limites
1130 4711 1336 4767 feratur
1387 4734 1399 4767 :
1443 4721 1622 4768 tamen
1684 4715 1940 4767 continua

368 4806 602 4877 quadam
656 4803 1054 4857 consecutionis
1102 4805 1243 4858 serie
1299 4805 1366 4860 de
1401 4805 1655 4860 absurdis
1707 4806 1943 4860 absurda

368 4895 597 4966 coliigit.
637 4893 900 4962 Deinceps
947 4909 1075 4947 vero
1120 4895 1370 4948 doetrina
1410 4895 1476 4950 de
1533 4895 1734 4950 fabulis
1780 4895 1945 4948 meris

369 4991 685 5049 constituta,
720 4987 885 5042 rebus
915 4987 1062 5040 nullo
1092 4987 1249 5056 plane
1276 4997 1434 5056 pacto
1464 5004 1530 5041 ne
1578 4988 1680 5041 sibi
1724 4987 1942 5058 quidem

371 5077 774 5132 cohaerentibus
825 5076 1145 5145 pet-texitur.
1179 5075 1547 5146 Consequitur
1572 5077 1716 5132 enim
1758 5093 1941 5147 porro.

375 5171 614 5222 animum
645 5182 870 5238 prorsus
914 5167 1156 5221 interire.
1204 5165 1338 5220 Nam
1371 5169 1462 5236 qui
1499 5169 1666 5222 semel
1697 5168 1762 5222 de
1800 5176 1946 5222 statu

376 5261 674 5314 excellente
699 5260 842 5312 velut
864 5260 1085 5323 excidit,
1115 5276 1392 5330 nunquam
1418 5263 1670 5316 vitiorum
1701 5264 1752 5316 in
1781 5279 1945 5316 cursu

375 5357 570 5401 metam
617 5348 683 5402 ad
725 5349 982 5418 aliquam,
1020 5350 1110 5404 ubi
1139 5349 1332 5405 deinde
1367 5353 1633 5420 quiescat,
1665 5351 1945 5421 pervenire

375 5439 586 5494 scilicet
645 5441 836 5508 poterit
884 5456 897 5492 :
944 5439 1038 5494 sed
1096 5449 1314 5515 propter
1351 5443 1524 5512 ipsius
1581 5431 1758 5495 animi
1813 5456 1940 5508 erga

373 5529 592 5584 morbos
649 5538 702 5584 et
746 5531 1176 5598 perturbationes
1223 5533 1586 5597 affectionem,
1629 5534 1696 5586 dc
1747 5543 1936 5585 natura

2124 4623 2282 4676 Ἀλλὰ
2324 4627 2483 4696 μέχρι
2513 4626 2701 4678 τούτου
2742 4626 2944 4697 προῖὼν
2971 4627 3000 4679 ὁ
3036 4626 3190 4694 λόγος
3222 4627 3423 4689 αὐτοῖς,
3447 4629 3494 4679 εί
3521 4630 3620 4682 καὶ

2044 4714 2147 4781 ἔξω
2174 4717 2270 4785 τῆς
2319 4717 2575 4786 ἀληθείας
2606 4718 2826 4788 φέρεται
2848 4760 2862 4779 ,
2911 4717 3045 4772 ἀλλά
3087 4736 3148 4786 γε
3179 4717 3266 4770 διά
3294 4735 3437 4781 τινος
3478 4719 3616 4771 ἀκο-

2042 4804 2260 4866 λουθίας
2304 4805 2362 4856 τὸ
2386 4805 2580 4858 ἄτοπον
2623 4807 2680 4872 ἐξ
2721 4807 2921 4859 ἀτόπου
2979 4807 3402 4878 μεταλαμϐάνει.
3449 4808 3523 4859 Τὸ
3561 4809 3622 4860 δὲ.

2045 4893 2290 4947 ἐντεῦθεν
2321 4893 2420 4964 ἤδη
2448 4893 2534 4946 διὰ
2575 4895 2679 4946 τῶν
2708 4897 3093 4966 ἀσυναρτήτων
3131 4879 3313 4959 αὐτοῖς
3340 4897 3400 4948 τὸ
3439 4896 3622 4966 δόγμα

2048 4983 2442 5052 μυθοποιεῖται.
2495 4983 2558 5034 Ἡ
2592 4984 2689 5053 μὲν
2737 4985 2842 5056 γὰρ
2885 4985 3171 5038 ἀκολουθία
3223 4985 3459 5054 παντελῆ
3502 4986 3626 5038 δια-

2051 5073 2252 5142 φθορὰν
2299 5074 2396 5143 τῆς
2443 5073 2618 5142 ψυχῆς
2664 5074 3056 5127 ὑποδείκνυσιν.
3095 5074 3161 5126 Ἡ
3187 5074 3293 5144 γὰρ
3333 5074 3478 5138 ἅπαξ
3522 5077 3628 5144 τῆς

2049 5164 2259 5234 ὑψηλῆς
2307 5165 2581 5227 πολιτείας
2625 5165 3062 5236 ἀπολισθήσασα,
3096 5167 3153 5218 ἐν
3201 5167 3376 5218 οὐδενὶ
3434 5166 3630 5237 μέτρῳ

2051 5257 2246 5320 κακίας
2269 5257 2461 5326 στῆναι
2486 5257 2787 5328 δυνήσεται,
2810 5257 2945 5312 ἀλλά
2971 5257 3059 5310 διὰ
3089 5258 3186 5327 τῆς
3220 5258 3353 5328 πρὸς
3379 5257 3447 5312 τὰ
3469 5258 3628 5329 πάθη

2057 5347 2319 5416 σχέσεως,
2347 5349 2456 5402 ἀπὸ
2492 5350 2588 5418 μὲν
2615 5347 2706 5401 τοῦ
2735 5349 2951 5416 λογικοῦ
2985 5349 3120 5419 πρὸς
3145 5349 3204 5400 τὸ
3231 5349 3421 5416 ἄλογον
3453 5366 3630 5418 μετα-

2051 5435 2270 5506 ϐήσεται
2293 5454 2305 5468 ο
2349 5440 2444 5491 ἀπ’
2477 5439 2682 5491 ἐκείνου
2711 5441 2768 5492 δὲ
2802 5440 2937 5511 πρὸς
2975 5440 3074 5512 τὴν
3107 5439 3213 5492 τῶν
3245 5440 3426 5509 φυτῶν
3466 5439 3632 5492 ἀναι-

2055 5528 2277 5597 σθησίαν
2329 5531 2785 5600 μετατεθήσεταιο
2835 5531 2911 5600 τῷ
2949 5531 3003 5584 δὲ
3056 5532 3361 5603 ἀναισθήτῳ
3414 5534 3631 5603 γειτνιᾷ
