3766 5988
136 134 241 223 ἔδει.

1389 155 1476 213 DE
1514 154 1796 213 IIOMINIS
1823 156 2141 219 OPIFlClO.

3282 164 3390 220 ΞΜ

141 298 246 345 πως
282 280 343 334 τὸ
383 275 622 350 ἄψυχον·
658 278 842 349 τούτῳ
885 278 942 334 δὲ
986 277 1047 332 τὸ
1105 274 1450 348 ἀνύπαρκτον
1496 276 1627 330 terer

1903 285 2070 347 npote
2108 277 2361 345 rationis,
2399 276 2464 333 ad
2506 276 2667 334 aliam
2694 276 2861 348 hujus
2887 285 3165 348 expertem
3207 285 3390 333 trans-

140 372 290 425 Ὥστε
342 370 571 425 καθόλου
624 370 714 425 διὰ
763 372 862 442 τῆς
913 368 1231 432 ἀκολουθίας
1265 368 1399 440 πρὸς
1436 368 1498 421 τὸ
1531 367 1605 439 μὴ
1644 366 1704 421 δν

138 464 311 527 αὐτοῖς
340 466 372 534 ή
405 462 553 533 ψυχὴ
596 463 993 534 μεταχωρήσει.
1022 460 1230 515 Οὐκοῦν
1256 461 1536 531 ἀμήχανος
1564 460 1703 531 αὐτῇ

139 551 285 606 πάλιν
327 552 386 617 ἐξ
414 551 663 620 ἀνάγκης
695 549 846 604 ἔσται
887 551 920 619 ἡ
971 547 1104 618 πρὸς
1131 547 1192 600 τὸ
1227 550 1470 617 κρεῖττον
1510 547 1708 602 ἐπάνο-

137 643 231 706 δος.
276 641 442 695 Ἀλλά
496 642 603 712 μὴν
648 642 715 695 ὲκ
756 640 962 710 θάμνου
1010 638 1101 693 ἐπὶ
1132 639 1227 693 τὸν
1277 638 1561 711 ἄνθρωπον
1609 638 1708 708 τὴν

136 733 299 805 ψυχὴν
345 733 738 800 ἐπανάγουσιν.
798 730 1005 785 Ούκοῢν
1052 729 1450 801 προτιμοτέραν
1507 727 1606 800 τὴν
1650 730 1709 782 ὲν

138 823 317 893 θάμνῳ
371 821 518 893 ζωὴν
576 822 677 893 τῆς
726 822 1019 892 ἀσωμάτου
1075 820 1352 890 διαγωγῆς
1397 821 1463 873 ὲκ
1504 820 1708 873 τούτων

137 911 597 967 ἀποᾶικνύουσιν.
632 911 910 965 Δέδεικται
936 896 1066 981 γάρ,
1099 911 1181 964 ὅτι
1214 911 1248 980 ή
1279 909 1415 980 πρὸς
1443 908 1504 963 τὸ
1529 911 1709 980 χεῖρον

137 1004 390 1075 γινομένη
440 1002 666 1074 πρόοδος
711 1003 814 1073 τῆς
861 1002 1075 1073 ψυχῆς,
1110 1000 1245 1072 πρὸς
1293 1000 1353 1054 τὸ
1398 1000 1707 1071 κατώτερον

137 1095 264 1147 κατὰ
292 1094 356 1147 τὸ
385 1094 537 1155 εἰκὸς
571 1094 926 1163 ὑποόήσεται.
968 1090 1312 1162 Ὑποόέόηκε
1336 1090 1397 1144 δὲ
1428 1091 1526 1163 τὴν
1555 1091 1710 1145 ἀναί-

139 1184 320 1253 σθητον
360 1184 526 1253 φύσιν
554 1183 615 1236 τὸ
643 1182 865 1253 ἄψυχον,
892 1184 970 1247 είς
994 1181 1023 1235 δ
1055 1182 1125 1236 δι’
1153 1180 1471 1245 ἀκολουθίας
1503 1183 1537 1253 ή
1566 1180 1709 1252 ἀρχὴ

136 1275 217 1333 τοῦ
273 1275 550 1344 δόγματος
592 1274 768 1327 αὐτῶν
815 1274 915 1345 τὴν
952 1272 1131 1342 ψυχὴν
1174 1271 1320 1340 ἄγει.
1358 1271 1498 1324 Ἀλλ’
1524 1270 1711 1342 ἐπειδὴ

137 1368 282 1421 τοῦτο
302 1368 365 1421 ού
389 1365 722 1437 βούλονταιῆ
758 1365 835 1436 τῷ
864 1364 1176 1437 ἀναισθήτῳ
1208 1363 1305 1434 τὴν
1330 1362 1507 1434 ψυχὴν
1538 1364 1710 1431 ἐγκα-

136 1459 502 1521 τακλείουσιν,
536 1458 570 1519 ἢ
614 1458 773 1528 εἴπερ
819 1454 1065 1509 ἐντεῦθεν
1113 1455 1207 1508 ἐπὶ
1233 1454 1325 1509 τὸν
1370 1453 1711 1526 ἀνθρώπινον

138 1548 295 1619 αὐτὴν
328 1548 660 1615 ὲπανάγοιεν
706 1546 850 1617 βίον,
896 1546 1288 1618 προτιμότερον
1318 1544 1530 1612 (καθὼς
1561 1542 1713 1616 εῐρηο

135 1642 249 1708 ται)
281 1640 374 1693 τὴν
424 1637 632 1711 ξυλώδη
678 1638 792 1708 βίον
835 1638 933 1707 τῆς
972 1637 1194 1710 πρώτης
1225 1636 1564 1704 ἀποδείξουσι
1604 1646 1708 1690 κα·
1743 1624 1783 1679 Β

136 1732 476 1797 ταστάσεως,
521 1730 680 1802 εἴπερ
722 1730 930 1784 ἐκεῖθεν
977 1730 1075 1798 μὲν
1116 1731 1150 1800 ὴ
1202 1728 1338 1797 πρὸς
1381 1728 1579 1782 κακίαν
1610 1745 1711 1781 κα-

136 1829 406 1889 τάπτωσις
450 1826 693 1895 γέγονεν,
731 1823 976 1878 ἐντεῦθεν
1006 1824 1061 1877 δὲ
1100 1825 1134 1895 ἡ
1165 1822 1303 1895 πρὸς
1340 1822 1539 1893 ἀρετὴν
1570 1822 1709 1876 ἐπά-

136 1919 270 1982 νοδος
319 1918 552 1987 γίνεται.
612 1914 822 1970 Οὐκοῦν
866 1915 1134 1985 suam;
1184 1932 1267 1978 τις
1315 1914 1408 1967 καὶ
1448 1913 1644 1984 ἀτελὴς
1682 1914 1712 1963 ὁ

135 2011 363 2074 τοιοῦτος
390 2010 727 2080 διελέγχεται
774 2007 950 2077 λόγος,
985 2009 1013 2060 ὁ
1044 2007 1144 2070 τάς
1167 2005 1345 2077 ψυχὰς
1378 2007 1461 2074 ἐφ’
1503 2007 1711 2059 ἑαυτῶν

137 2104 230 2172 πρὸ
256 2103 362 2172 τῆς
403 2104 466 2155 ὲν
515 2101 682 2170 σαρκὶ
735 2098 880 2169 ζωῆς
933 2096 1196 2168 βιοτεύειν
1247 2096 1708 2160 κατασκευάζων,

138 2193 219 2244 καὶ
253 2192 347 2245 διὰ
385 2191 589 2254 κακίας
632 2188 938 2244 συνδεῖσθαι
980 2190 1093 2252 τοῖς
1138 2189 1374 2259 σώμασι.
1415 2188 1535 2240 Τῶν
1560 2187 1617 2241 δέ
1648 2203 1710 2256 γε

136 2281 400 2351 νεωτέραν
442 2279 539 2332 τοῦ
589 2277 840 2348 σώματος
891 2277 989 2348 τὴν
1016 2276 1194 2347 ψυχὴν
1242 2271 1379 2330 εἶναι
1409 2275 1708 2343 λεγόντων,

136 2369 660 2440 προκατεσκευάσθη
681 2367 769 2422 διὰ
795 2367 905 2421 τῶν
932 2366 1158 2421 κατόπιν
1187 2368 1221 2437 ἠ
1249 2366 1470 2419 ἀτοπία.
1504 2364 1711 2419 Οὐκοῦν

135 2464 436 2534 ἀπόϐλητος
484 2462 682 2532 ἐπίσης
727 2466 756 2515 ό
796 2462 922 2530 παρ’
969 2458 1293 2531 ἀμφοτέρων
1323 2459 1498 2528 λόγος.
1531 2459 1630 2514 Διά
1655 2460 1712 2514 δὲ

132 2554 216 2607 τοῦ
261 2555 438 2624 μέσου
489 2553 599 2607 τῶν
639 2550 958 2622 ύπολήψεων
1005 2550 1250 2604 εὐθύνειν
1290 2545 1442 2621 οἶμαι
1492 2550 1602 2604 δεῖν
1654 2553 1712 2604 ὲν

131 2645 350 2718 ἀληθείᾳ
381 2647 445 2699 τὸ
470 2646 739 2717 ἡμέτερον
766 2644 963 2714 δόγμα.
998 2644 1156 2696 Ἔστι
1192 2642 1249 2696 δὲ
1280 2640 1461 2705 τοῦτο,
1489 2642 1549 2695 τὸ
1576 2643 1710 2713 μήτε

134 2737 262 2789 κατὰ
298 2737 407 2807 τὴν
463 2734 781 2807 Ἑλληνικὴν
825 2734 1040 2802 ἀπάτην
1086 2735 1143 2787 ὲν
1194 2733 1363 2806 κακίᾳ
1401 2734 1508 2788 τινὶ
1543 2734 1713 2806 βαρη-

130 2825 312 2893 θείσας
356 2828 463 2891 τὰς
495 2827 573 2897 τῷ
607 2827 774 2881 παντὶ
805 2825 1317 2898 συμπεριπολούσας
1359 2825 1557 2897 ψυχὰς,
1587 2827 1713 2880 ἀδυ-

1808 368 1943 436 ibit;
1981 369 2049 426 de
2071 369 2173 426 hac
2205 386 2400 429 rursus
2437 372 2503 427 ad
2531 372 2767 443 plantas,
2809 385 2976 428 sensu
3007 371 3170 426 etiam
3196 385 3392 426 caren-

1809 466 1914 525 tes,
1956 460 2157 530 quibus
2185 476 2248 518 ea
2292 469 2486 517 natura
2526 471 2612 518 est
2632 460 2903 532 proxima,
2937 459 2993 514 in
3020 475 3124 530 qua
3162 475 3392 531 prorsus

1810 549 1990 604 anima
2037 552 2186 607 nulla
2229 558 2501 622 est:post
2535 565 2698 620 quam
2753 549 2893 604 nihil
2929 556 3013 606 est
3056 548 3204 602 aliud
3257 549 3387 603 reli—.

1808 648 2000 709 Quum,
2054 640 2160 697 nisi
2212 642 2278 697 de
2321 641 2567 697 inanimo
2613 641 2670 696 in
2712 640 2943 695 nihilum
2986 638 3388 710 commigratio.

1811 728 1887 785 De
1911 744 2023 801 quo
2048 732 2231 803 colligi
2265 742 2462 803 potest,
2490 733 2732 788 animum
2761 747 2855 801 per
2879 733 3125 802 ipsorum
3150 733 3392 785 ratiOnes

1810 820 2067 877 universe
2094 821 2314 878 tandem
2356 822 2688 878 exstinctum
2736 823 2801 876 iri
2830 841 2843 877 :
2876 822 3107 892 ideoque
3137 822 3251 876 licri
3281 836 3393 877 non

1811 925 1974 981 posse
2009 913 2119 967 ullo
2154 921 2335 983 pacto,
2360 920 2430 969 ἰιι
2461 913 2527 969 ad
2580 921 2780 970 statum
2826 915 3262 985 praestantiOrem
3304 930 3393 969 rc-

1811 1000 1953 1055 deat.
1988 1001 2057 1054 At
2088 1002 2233 1056 enim
2277 1003 2331 1057 lii
2363 1004 2604 1059 animum
2636 1020 2702 1059 ex
2742 1004 2966 1059 arbusto
3015 1004 3083 1058 ad
3116 1005 3389 1071 hominem

1812 1091 2103 1155 reducunt,
2131 1093 2488 1163 quamobrem
2519 1094 2814 1150 ostendunt
2845 1109 2905 1149 se
2937 1095 3198 1160 statuere,
3225 1096 3392 1150 vitam

1811 1181 1867 1235 in
1924 1184 2155 1238 arbusto
2203 1185 2637 1255 praestantiorem
2690 1186 2779 1240 illa
2823 1200 2968 1251 esse,
3022 1200 3184 1255 quam
3236 1192 3392 1240 extra

1810 1284 2022 1341 corpus
2053 1272 2273 1329 animus
2316 1273 2443 1343 agit.
2487 1272 2584 1329 Est
2605 1274 2750 1330 enim
2796 1274 3230 1329 demonstratum
3280 1288 3390 1328 non

1812 1376 1975 1432 posse
2034 1363 2100 1418 ad
2158 1371 2360 1419 statum
2411 1363 2735 1420 deteriorem
2790 1364 3033 1418 animum
3095 1363 3388 1434 progredi,

1812 1460 1966 1509 extra
1999 1469 2162 1525 quam
2195 1454 2241 1510 si
2277 1455 2345 1510 ad
2387 1455 2649 1511 inferiora
2695 1455 3030 1526 prolabatur.
3075 1455 3173 1511 Est
3206 1464 3391 1511 autem

1813 1545 2061 1613 proxime
2106 1545 2249 1600 infra
2302 1556 2552 1601 naturam
2599 1562 2795 1604 sensus
2842 1554 3119 1618 expertem
3161 1564 3390 1619 prorsus

1812 1637 2074 1702 inanima,
2109 1638 2163 1692 in
2195 1653 2358 1708 quam
2394 1641 2659 1694 continua
2680 1640 2821 1696 serie
2848 1639 3112 1695 doctrinae
3146 1640 3389 1711 ipsorum

1811 1730 2141 1801 principium
2170 1732 2389 1788 tandem
2441 1733 2684 1787 animum
2721 1731 2960 1787 deducit.
2993 1731 3152 1799 Quod
3194 1732 3240 1789 si
3285 1734 3392 1788 hoc

1810 1821 1948 1877 velle
2014 1838 2074 1878 se
2127 1829 2349 1893 negant,
2420 1822 2695 1876 fateantur
2750 1837 2977 1878 necesse
3025 1830 3131 1888 est,
3182 1824 3264 1877 vel
3320 1823 3391 1879 ad

1812 1918 2116 1966 extremum
2151 1927 2378 1982 prorsus
2399 1912 2656 1967 animum
2693 1922 2906 1968 naturae
2940 1929 3136 1970 sensus
3179 1914 3391 1984 experti

1812 2016 2036 2057 manere
2083 2004 2377 2069 inclusum,
2410 2004 2494 2059 vel
2534 2005 2580 2060 si
2629 2005 2698 2060 de
2735 2006 2839 2060 hac
2880 2006 2946 2060 ad
2988 2006 3152 2060 vitam
3192 2006 3390 2061 huma-

1812 2108 1937 2148 nam
1968 2103 2290 2159 revertatur,
2336 2094 2390 2150 id
2422 2110 2546 2151 esse
2588 2112 2772 2152 verum
2800 2098 2945 2166 quod
2993 2109 3116 2154 ante
3148 2097 3390 2154 diximus

1812 2201 1880 2241 ex
1921 2186 2024 2240 hoc
2077 2186 2257 2256 sequi,
2293 2187 2727 2256 praestantiorem
2778 2188 2991 2242 scilicet
3030 2189 3098 2244 ab
3143 2190 3223 2244 eis
3268 2204 3391 2245 eam

1812 2277 1978 2332 vitam
2010 2279 2198 2344 statui,
2242 2293 2364 2349 quae
2394 2278 2447 2332 in
2494 2277 2655 2348 lignis
2685 2280 2924 2348 exsistit,
2954 2278 3062 2334 vita
3105 2288 3159 2335 et
3197 2282 3391 2335 condi—

1815 2372 1965 2427 tione
2004 2373 2252 2442 principe
2286 2391 2300 2427 :
2340 2372 2559 2443 quando
2595 2386 2624 2426 a
2673 2373 2924 2443 principe
2983 2366 3298 2447 conditione
3334 2373 3393 2428 llt

1813 2465 1879 2519 ad
1912 2465 2102 2519 vitium
2129 2465 2428 2535 prolapsio,
2455 2472 2510 2519 et
2549 2480 2576 2518 a
2617 2473 2812 2518 natura
2849 2479 3046 2519 sensus
3072 2476 3290 2534 experte
3322 2463 3393 2518 ad

1814 2557 2074 2612 virtutem
2105 2556 2335 2612 reditus.
2368 2555 2509 2627 Ergo
2548 2564 2660 2611 tota
2694 2556 2939 2624 ipsorum
2968 2554 3109 2610 ratio
3134 2563 3189 2610 et
3213 2556 3395 2625 capite

1815 2656 1988 2712 caret,
2018 2654 2073 2703 et
2101 2646 2227 2711 line,
2269 2660 2375 2717 qua
2426 2646 2658 2717 probare
2682 2653 2956 2709 conantur
2983 2644 3198 2699 animos
3237 2653 3394 2700 antes

1813 2753 1979 2810 quam
2022 2738 2079 2793 in
2128 2748 2296 2793 carne
2328 2739 2534 2801 vivant,
2575 2738 2740 2792 .inter
2782 2751 2845 2792 se
2888 2736 3108 2807 degere,
3139 2736 3396 2807 vitiisque

1812 2832 2049 2910 primum
2093 2830 2496 2886 contaminatos
2542 2829 2867 2899 corporibus
2915 2830 3146 2899 alligari.
3186 2829 3394 2884 Eorum

128 2918 291 2990 ναμίᾳ
336 2918 437 2972 τοῦ
489 2918 898 2990 συμπαραθέειν
928 2920 993 2988 τῇ
1039 2917 1257 2989 ὀξύτητι
1291 2918 1391 2988 τῆς
1422 2917 1516 2999 τοῦ
1548 2918 1615 2971 πό

1910 2939 1948 2977 ’0
1978 2923 2067 2993 qni
2106 2923 2261 2976 aiunt
2285 2930 2407 2976 ortu
2451 2922 2809 2992 posteriorem
2850 2935 2975 2976 esse
3003 2921 3248 2975 animum
3275 2936 3397 2976 cor-

130 3013 421 3076 κινήσεως,
461 3009 555 3061 ἐπὶ
582 3008 679 3079 τὴν
709 3008 813 3078 γῆν
839 3008 1200 3062 καταπίπτειν
1227 3007 1434 3062 οἴεσθαι
1451 3025 1463 3038 ·
1497 3008 1617 3080 μηδ’
1644 3004 1710 3062 αὖ

130 3100 286 3154 πάλιν
314 3101 490 3155 οἱονεὶ
522 3099 743 3170 πήλινον
789 3099 1078 3171 ἀνδριάντα
1102 3099 1602 3169 προδιαπλασθέντα
1634 3100 1714 3172 τῷ

130 3189 263 3260 λόγῳ
292 3193 393 3247 τὸν
434 3192 757 3263 ἄνθρωπον,
783 3191 971 3246 τούτου
1002 3191 1164 3245 ἕνεκα
1213 3192 1311 3262 τὴν
1347 3191 1525 3263 ψυχὴν
1564 3186 1727 3261 γίνε-’

131 3285 246 3338 σθαι
270 3285 484 3354 λέγειν.
514 3280 593 3338 Ἦ
621 3283 730 3356 γὰρ
761 3284 827 3339 ἂν
862 3284 1158 3356 ἀτιμοτέρα
1190 3284 1283 3338 τοῦ
1322 3284 1543 3356 πηλίνου
1575 3285 1713 3340 πλά-

134 3393 335 3446 σματος
357 3378 396 3448 ἡ
420 3377 585 3448 νοερά
616 3378 778 3445 φύσις
814 3376 1177 3448 ἀποδειχθείη.

1819 3029 1974 3085 pore,
2019 3022 2289 3085 praecepta
2321 3014 2433 3083 jam
2470 3012 2718 3083 quaedam
2760 3022 2847 3067 est
2883 3020 3065 3068 mente
3116 3012 3393 3076 refutatio,

1820 3120 1945 3177 quas
1974 3105 2236 3173 deinceps
2278 3103 2331 3157 in
2370 3104 2438 3159 iis
2484 3117 2606 3173 qua:
2655 3110 2982 3170 sequuntur,
3019 3118 3049 3157 a
3114 3105 3273 3159 nobis
3307 3121 3401 3159 ex-

1820 3205 2073 3268 ponetur.
2128 3198 2318 3266 ltaque
2363 3196 2444 3251 sic
2490 3195 2904 3259 concludamus,
2947 3203 3006 3249 ut
3051 3210 3173 3251 esse
3225 3198 3399 3265 partis

1820 3290 2107 3358 utriusque
2144 3288 2452 3343 doctrinam
2494 3302 2647 3357 aeque
2690 3286 3055 3355 abjiciendam
3086 3289 3402 3356 pronuntie-

1820 3396 1960 3435 mus.
1993 3379 2194 3435 Nostra
2237 3394 2369 3435 vero
2404 3380 2509 3434 hac
2545 3387 2661 3434 tota
2706 3378 2760 3433 in
2794 3394 2852 3433 re
2893 3380 3183 3441 sententia,
3220 3381 3400 3434 media

132 3470 267 3527 inter
292 3471 622 3542 opinionem
672 3482 956 3542 utramque
988 3472 1072 3525 via
1106 3469 1431 3538 incedendo,
1468 3472 1645 3542 ipsam
1695 3473 1761 3529 ad
1798 3475 2082 3529 Veritatem
2131 3491 2252 3531 sese
2304 3473 2518 3544 diriget,
2560 3481 2645 3529 est
2690 3476 2835 3527 enim
2887 3474 3397 3541 liujusmodi:Ani«

133 3576 244 3619 mos
295 3577 483 3632 neque
527 3561 830 3617 secundum
876 3561 1076 3616 Graecae
1121 3561 1402 3631 sapientiae
1460 3577 1729 3628 errorem,
1782 3580 1891 3619 una
1937 3580 2063 3620 cum
2111 3566 2469 3620 universitate
2520 3564 2575 3615 in
2616 3562 2800 3617 orbem
2837 3562 3089 3630 agitatos,
3140 3564 3399 3620 redditos-

131 3666 231 3722 que
285 3671 391 3725 per
442 3653 702 3707 vitiorum
747 3652 1269 3707 contaminationem
1308 3654 1610 3723 graviores,
1639 3668 1764 3708 cum
1806 3660 1964 3724 pares
2024 3669 2147 3709 esse
2199 3669 2364 3709 cursu
2416 3651 2703 3706 celerrimo
2753 3651 2858 3718 poli
2899 3651 3069 3705 motui
3106 3664 3397 3721 nequeant.

134 3744 186 3799 in
232 3753 445 3801 terram
481 3745 661 3801 delabi
698 3758 921 3816 :neque
949 3744 1200 3816 corporis
1237 3758 1404 3801 causa
1455 3751 1567 3800 tum
1616 3746 1851 3816 primum
1914 3748 2072 3811 oriri,
2133 3760 2258 3801 cum
2312 3745 2425 3816 jam
2474 3743 2607 3798 illud
2681 3743 2856 3796 instar
2914 3741 3070 3799 lutea:
3110 3742 3399 3813 cujusdam

132 3845 323 3897 statuae
355 3841 432 3896 sit
460 3838 886 3895 conformatum.
913 3836 1048 3893 Nam
1092 3851 1157 3892 ea
1185 3836 1397 3893 ratione
1438 3844 1636 3893 natura
1666 3838 2022 3908 intelligentia
2051 3835 2300 3907 praedita,
2331 3836 2479 3890 lute‘o
2510 3834 2767 3904 ﬁgmento
2796 3831 3032 3889 deterior
3063 3835 3219 3892 foret;

630 3937 1017 4002 ΚΕΦΑΛΑῘΟΝ
1059 3946 1187 4001 ΚΘ’.

133 4028 497 4107 Κατασκευὴ
525 4039 631 4094 τοῦ
655 4040 805 4108 μίαν
836 4038 930 4092 καὶ
963 4037 1076 4109 τὴν
1103 4038 1298 4109 αὐτὴν
1321 4038 1497 4109 ἰιι-υχῇ
1524 4057 1588 4095 τε
1617 4040 1719 4096 καὶ

280 4105 518 4181 σώματι
545 4105 667 4177 τὴν(
693 4109 890 4163 αἰτίαν
915 4105 1025 4175 τῆς
1043 4105 1355 4176 ὑπάρξεως
1382 4105 1557 4166 εἶναι.

2373 3946 2609 4003 CAPUT
2650 3947 2842 4003 XXIX.

1820 4034 1967 4100 Idem
2003 4048 2114 4100 esse
2146 4046 2262 4098 cum
2300 4043 2500 4105 animo,
2531 4052 2642 4096 tum
2676 4042 2903 4113 corpori,
2939 4032 3228 4099 éxsistendi
3255 4046 3403 4113 priri-

2341 4113 2558 4182 cipium,
2603 4111 2876 4181 probatur.

210 4202 354 4255 Ἀλλ’
387 4200 511 4262 ἑνὸς
538 4198 694 4262 ὄντος
720 4198 815 4252 τοῦ
834 4246 838 4251 ,
859 4197 1164 4268 ἀνθρώπου,
1198 4199 1291 4252 τοῦ
1317 4199 1405 4253 διὰ
1437 4199 1616 4271 ψυχῆς
1654 4207 1697 4253 τε

1915 4202 1995 4259 ied
2024 4219 2149 4259 cum
2181 4217 2326 4259 unus
2357 4211 2410 4259 et
2453 4203 2595 4259 idem
2629 4203 2790 4257 homo
2836 4203 2924 4267 sit,
2958 4203 3053 4268 qui
3094 4217 3323 4271 corpore
3350 4209 3402 4257 et

134 4296 224 4349 ut
272 4294 536 4364 σώματος
576 4290 994 4361 συνεστηκότος,
1033 4291 1163 4362 μίαν
1192 4290 1355 4345 αὑτοῦ
1404 4293 1499 4346 καὶ
1536 4291 1720 4362 κοινὴν

133 4387 229 4457 τῆς
262 4388 585 4450 συστάσεως
634 4385 731 4456 τὴν
778 4383 951 4454 ἀρχὴν
998 4382 1381 4445 ὑποτίθεσθαι,
1426 4385 1503 4447 ὡς
1544 4383 1613 4437 ἂν
1645 4383 1721 4454 μὴ

135 4480 291 4543 miro;
313 4475 520 4532 ἑαυτοῦ
550 4474 974 4546 προγενέστερός
994 4490 1054 4525 τε
1081 4473 1173 4526 καὶ
1197 4472 1462 4544 νεώτερος
1493 4472 1720 4542 γένοιτο,

133 4571 222 4626 τοῦ
255 4574 363 4644 μὲν
403 4567 722 4640 σωματικοῦ
763 4566 1183 4639 προτερεύοντος
1224 4569 1283 4621 ὲν
1324 4566 1501 4637 αὐτῷ,
1536 4566 1632 4621 τοῦ
1664 4567 1722 4621 δὲ

135 4661 319 4732 ἐτέρου
375 4658 846 4730 ἐφυστερίζοντος.
907 4657 1068 4710 Ἀλλά
1108 4661 1173 4729 τῇ
1213 4658 1313 4730 μὲν
1339 4663 1718 4733 προγνωστικῇ

133 4752 221 4806 τοῦ
261 4752 410 4807 Θεοῦ
449 4752 681 4822 δυνάμει
700 4790 717 4814 ,
761 4749 903 4804 κατὰ
933 4748 1023 4803 τὸν
1051 4749 1233 4823 μικρῷ
1262 4750 1494 4821 πρόσθεν
1519 4752 1722 4806 ἀποδο-

133 4841 290 4898 Div-ra.
310 4844 502 4911 λόγον,
530 4842 676 4896 ἀπαν
703 4840 1111 4912 προϋφεστάναι
1134 4842 1195 4895 τὸ
1221 4840 1558 4915 ἀνθρώπινον
1584 4843 1722 4915 πλή-

136 4950 291 5006 ρωμα
317 4935 533 5002 λέγεινς
576 4931 1074 5004 συμμαρτυρούσης
1104 4934 1185 4996 εἰς
1211 4932 1370 4986 τοῦτο
1390 4933 1487 5002 τῆς
1508 4920 1722 5005 προφη-

129 5025 310 5091 τείας,
342 5025 450 5095 τῆς
478 5023 746 5094 λεγούσης
781 5023 979 5077 εἰδέναι
1011 5023 1078 5077 τά
1111 5025 1286 5079 πάντα
1309 5024 1400 5078 τὸν
1429 5023 1561 5095 Geor
1591 5023 1721 5096 πρὶν

129 5119 405 5184 γενέσεως
435 5115 638 5171 αὐτῶν.
682 5115 772 5168 Ἐν
809 5115 868 5169 δὲ
890 5119 955 5189 τῇ
989 5116 1109 5171 καθ’
1133 5117 1362 5172 ἕκαστον
1386 5117 1720 5190 δημιουργίᾳ.

134 5209 210 5280 μὴ
232 5194 564 5280 προτιθέναι
585 5206 681 5262 τοῦ
703 5207 892 5277 ἐτέρου
918 5208 980 5260 τὸ
996 5207 1081 5261 Ere
1089 5225 1203 5281 ρον,
1230 5210 1366 5281 μήτε
1388 5210 1494 5282 πρὸ
1504 5208 1598 5263 τοῦ
1620 5207 1723 5262 σώ·

133 5319 303 5371 ματος
324 5303 428 5372 τὴν
442 5299 645 5372 ψυχὴν,
665 5301 804 5371 μήτε
827 5299 890 5353 τὸ
910 5298 1144 5371 ἔμπαλιν
1163 5318 1177 5333 ο
1205 5301 1280 5364 ὡς
1303 5301 1367 5356 ἂν
1396 5302 1470 5376 μὴ
1503 5302 1722 5357 στασιά-

130 5390 212 5461 ζοι
241 5394 389 5467 πρδς
418 5394 611 5448 ἑαυτὸν
641 5394 671 5446 ὁ
703 5393 989 5466 ἄνθρωπος
1006 5395 1073 5466 τῇ
1107 5392 1250 5448 κατά
1269 5393 1361 5448 τὸν
1386 5394 1575 5466 χρόνον
1604 5396 1722 5451 δια-

209 5575 257 5606 "
297 5569 443 5625 Dan.
472 5583 596 5631 xm,
627 5568 721 5624 ιν.

487 5662 762 5722 Parnm.
812 5656 930 5716 Gn.
978 5653 1168 5717 XLIV

1823 4296 2007 4351 animo
2043 4301 2257 4350 constat
2287 4311 2301 4346 :
2335 4308 2504 4349 unum
2545 4309 2668 4348 esse
2718 4300 3113 4361 nommu'neqne
3152 4294 3402 4347 tribuen-

1822 4385 1951 4442 du'm
2009 4386 2058 4442 ei
2112 4386 2349 4441 dicimus
2392 4384 2692 4440 exsistendi
2740 4383 3089 4452 principium,
3142 4398 3209 4437 ne
3249 4392 3403 4453 parte

1823 4478 1927 4534 hac
1953 4479 2133 4547 seipso
2178 4478 2346 4546 prior,
2378 4476 2548 4530 altera
2581 4473 2763 4543 iunior
2792 4472 2864 4527 sit
2892 4480 2946 4525 et
2985 4473 3274 4541 posterior.
3309 4472 3403 4529 Dei

1825 4570 2036 4626 scilicet
2079 4569 2188 4622 vim
2232 4577 2431 4621 cuncta
2466 4564 2908 4635 prospicientem,
2962 4564 3119 4617 initio
3165 4564 3404 4633 speciem

1826 4669 1994 4716 totam
2036 4660 2090 4714 in
2116 4659 2395 4714 creatione
2425 4656 2764 4725 complexam
2791 4669 2934 4716 esse,
2962 4662 3020 4707 ut
3053 4669 3115 4707 ea
3147 4653 3258 4721 jam
3286 4661 3403 4707 tum

1823 4752 2144 4815 exsisteret,
2201 4747 2658 4821 quemadmodum
2720 4754 2803 4801 est
2851 4755 2976 4800 ante
3029 4744 3401 4807 declaratum,-

1824 4836 1945 4913 ipso
1971 4842 2133 4896 etiam
2171 4840 2305 4895 vatis
2333 4838 2667 4900 testimonio,
2703 4837 2796 4907 qui
2831 4836 2997 4892 Deum
3031 4849 3191 4889 nosse
3221 4833 3404 4887 omnia

1823 4935 1979 5005 prius
2012 4946 2174 5004 quam
2225 4934 2496 4996 oriantur,
2541 4930 2617 4985 ait
2635 4930 2702 4984 ".
2744 4928 3011 4995 Quocirca
3054 4927 3284 4980 alterum
3324 4925 3406 4977 al-

1824 5022 1926 5082 teri
1958 5023 2197 5095 praeponi
2226 5030 2338 5077 non
2378 5020 2596 5084 debere,
2628 5019 2786 5088 quasi
2826 5017 3163 5087 singularum
3196 5015 3250 5067 in
3278 5028 3403 5083 par-

1831 5116 1967 5171 tium
1987 5113 2267 5169 creatione
2286 5111 2373 5166 vel
2402 5109 2620 5163 animus
2645 5107 2718 5162 sit
2747 5114 2874 5160 ante
2898 5116 3096 5170 corpus
3122 5101 3402 5164 conditus,

1829 5204 1916 5261 vel
1945 5218 1976 5259 e
2008 5200 2286 5258 centrario
2318 5198 2536 5268 corpus
2578 5207 2704 5251 ante
2742 5194 3009 5249 animum.
3045 5189 3215 5261 quue
3263 5191 3407 5243 hanc

1830 5294 2175 5370 potissimum
2218 5291 2290 5346 ob
2334 5303 2581 5353 causam,
2624 5302 2695 5343 ne
2739 5299 2926 5342 secum
2971 5284 3093 5354 ipse
3140 5283 3410 5339 dissidere

1827 5390 2078 5447 videatur
2127 5385 2312 5448 homo,
2364 5392 2621 5450 tanquam
2674 5378 2917 5434 diversas
2980 5378 3036 5432 in
3100 5387 3285 5448 partes
3337 5374 3409 5431 ob
