3794 6000
354 211 424 265 55
1555 173 1612 228 S.
1654 159 1979 226 GRECORH
2019 152 2306 214 NYSSENI

1487 290 1718 346 divisus.
1766 283 1902 338 Nam
1934 282 1975 337 Λ

2081 278 2150 346 ρᾷ
2198 271 2568 344 μεριζόμενος.
2622 260 2824 333 Διπλῆς
2879 259 2986 331 γὰρ
3032 256 3130 329 τῆς
3175 253 3387 324 φύσεως
3419 249 3589 322 ἡμῶν

327 321 587 395 temporis
640 318 696 372 in
744 313 938 368 harum
981 313 1104 361 ortu
1143 297 1440 355 discrimen

328 374 466 473 eumr
491 413 557 467 de
590 404 835 480 Apostoli
867 395 1164 456 sententia,
1202 396 1399 445 natura
1438 390 1627 438 nostra
1660 374 1910 433 bifariam

329 464 683 573 intelligatur,
734 504 793 550 ut
845 492 946 546 alia
997 488 1067 542 sit
1117 484 1236 553 ejus
1285 474 1525 533 hominis
1573 476 1770 525 natura
1818 464 1914 534 qui

334 598 486 656 cerni
546 610 574 647 a
635 590 793 647 nobis
828 590 1027 656 potest,
1084 578 1188 633 alia
1231 569 1476 640 hominis
1508 562 1735 620 interius
1768 557 1916 611 velut

334 689 502 743 abditi
539 692 593 740 et
624 676 905 739 occultati,
954 673 998 726 si
1043 676 1409 736 statueremus
1457 658 1686 711 alterum
1718 650 1786 704 de
1831 648 1919 701 his

335 781 617 851 aliquanto
676 769 830 839 prius
874 770 1056 819 ortum
1112 746 1415 812 exstitisse,
1467 759 1631 818 quam
1691 741 1919 795 alterum

1172 848 1183 851 Α
1247 844 1280 851 ··
1323 843 1333 851 ·
1408 838 1428 851 ι’
1527 844 1538 851 -
1624 827 1919 851 --ματ--..ιη

336 827 459 925 esse
495 864 778 931 inciperet,
818 855 975 925 plane
1014 851 1119 903 hoc
1172 843 1375 899 indicio
1405 838 1567 897 foret,
1614 827 1923 889 conditoris

339 962 660 1030 potestatem
715 964 826 1004 non
859 943 1082 1000 omnino
1120 935 1417 1008 perfectam
1449 925 1746 1000 quamdam
1779 933 1920 978 esse,

1148 1028 1157 1030 λ
1409 1022 1421 1030 -
1524 1019 1538 1030 ε
1627 1017 1643 1030 ι
1706 1009 1920 1030 cui-

342 1009 486 1030 I""~

342 1056 626 1122 propterea
670 1038 816 1111 quod
869 1034 1017 1105 Operi
1070 1028 1327 1084 universo
1377 1019 1542 1077 simul
1597 1009 1927 1070 absolvendo

344 1100 468 1122 l"‘l’
511 1100 525 1102 “
687 1100 705 1111 ι
906 1100 922 1105 -

343 1159 453 1197 non
498 1134 797 1196 suffecerit,
850 1128 1087 1194 ideoque
1117 1111 1509 1190 operas‘quasi
1554 1100 1925 1173 interruperit,

345 1248 406 1287 ac
459 1226 707 1283 vicissim
763 1221 817 1274 in
874 1211 1225 1286 perficiendis
1280 1202 1514 1274 singulis
1563 1195 1814 1269 partibus
1862 1205 1929 1245 ex

348 1321 580 1376 semisse
631 1312 783 1384 prius
816 1304 1081 1362 absolutis
1110 1302 1377 1365 occupata
1423 1289 1607 1345 fuerit.
1658 1282 1931 1337 Nimirum

349 1420 409 1466 ut
461 1411 518 1463 in
558 1403 725 1459 tritici
777 1411 947 1469 grano
996 1391 1081 1446 vel
1128 1385 1321 1458 quovis
1359 1381 1468 1436 alio
1509 1375 1717 1432 semine
1763 1376 1933 1425 totam

352 1502 517 1574 spica:
561 1496 642 1551 vel
699 1467 915 1561 frugum
969 1490 1307 1538 maturarum
1360 1471 1596 1544 speciem
1637 1467 1930 1537 potestate,

354 1594 515 1651 sicuti
565 1587 869 1658 loquimur,
925 1574 1369 1646 comprehensam
1423 1564 1680 1624 dicimus,
1712 1565 1766 1613 et
1812 1556 1939 1610 her-

357 1691 502 1748 bam,
559 1689 611 1737 et
642 1651 925 1737 culmum,
972 1676 1026 1724 et
1084 1660 1412 1724 internodia,
1471 1662 1525 1709 et
1573 1652 1832 1710 fructum,
1886 1651 1939 1698 et

357 1766 555 1830 aristas
599 1789 612 1825 :
658 1781 782 1823 cum
826 1761 961 1818 nihil
998 1759 1192 1812 horum
1244 1752 1413 1805 altero
1444 1746 1503 1799 in
1550 1752 1747 1797 natura
1789 1735 1942 1806 prius

360 1867 535 1935 reipsa
587 1858 850 1920 exsistat,
901 1851 985 1906 vel
1044 1847 1256 1903 oriatur
1316 1839 1501 1900 citius,
1568 1831 1663 1889 sed
1710 1826 1945 1883 naturali

362 1956 553 2011 ordine
583 1948 799 2004 tandem
830 1942 995 1997 insita
1025 1934 1228 1993 semini
1260 1927 1493 1985 facultas
1515 1924 1631 1994 ipsa
1662 1927 1946 1989 appareat,

366 2047 512 2102 nulla
559 2044 614 2096 in
663 2051 848 2095 semen
895 2032 1000 2085 alia
1060 2041 1120 2083 se
1162 2031 1359 2079 natura
1407 2016 1752 2073 extrinsecus
1799 2008 1948 2060 velut

369 2139 713 2192 insinuante:
745 2127 825 2201 sic
859 2122 1021 2177 etiam
1057 2115 1435 2171 existimamus
1482 2108 1721 2159 humano
1766 2099 1951 2151 in.se-

379 2226 546 2286 mine,
592 2231 716 2272 cum
754 2190 919 2267 homo
958 2209 1194 2277 primum
1225 2199 1419 2267 incipit
1447 2194 1603 2256 oriri,
1634 2189 1949 2244 facultatem

374 2311 678 2370 naturalem
732 2289 1039 2364 contineri,
1102 2292 1264 2350 simul
1309 2303 1432 2344 cum
1484 2286 1608 2356 ipso
1661 2287 1951 2336 excretam.

379 2405 530 2460 lianc
561 2413 727 2470 porro
757 2390 993 2450 naturali
1023 2386 1257 2459 quadam
1288 2374 1693 2452 progressionis
1719 2370 1860 2426 serie
1893 2367 1960 2422 ad

380 2494 768 2570 perfectionem
802 2484 886 2538 sui
920 2458 1364 2536 contendentem,
1404 2467 1667 2539 paulatim
1702 2477 1763 2517 se
1790 2458 1964 2528 expli-

1314 2560 1326 2570 .
1450 2558 1510 2570 _.
1600 2569 1603 2570 ν
1764 2547 1961 2570 -.ε-μμ,

383 2547 510 2645 lcare
548 2599 611 2638 ac
659 2574 984 2649 patefacere,
1026 2583 1135 2622 non
1183 2560 1329 2632 quod
1375 2558 1718 2613 extrinsecus
1760 2547 1963 2619 aliquid

374 2677 634 2751 _recipiat,
682 2669 841 2737 cujus
870 2676 973 2732 ope
1014 2658 1102 2714 sui
1147 2651 1538 2726 perfectionem
1589 2643 1963 2713 adipiscatur;

387 2734 483 2829 sed
504 2734 732 2838 propria
752 2734 819 2812 vvi
852 2752 918 2808 ad
951 2765 1070 2806 eam
1105 2744 1375 2819 paulatim
1419 2734 1754 2812 proficiendo
1780 2746 1969 2803 perve-

384 2864 486 2919 nit.
515 2834 753 2912 lAnimus
778 2848 935 2908 adeo,
979 2834 1436 2911 quemadmodum
1471 2837 1598 2885 ante
1625 2839 1825 2895 corpus
1860 2836 1968 2876 non

388 2949 626 3008 exsistit,
660 2945 740 2998 sic
771 2935 1008 2993 hominis
1038 2931 1194 2986 initio
1242 2928 1363 2983 sine
1396 2924 1582 2979 animo
1611 2932 1811 2988 corpus
1848 2929 1971 2971 esse
1995 2940 2039 3000 ο

391 3042 499 3097 dici
544 3051 669 3092 vere
709 3029 918 3100 nequit.
953 3024 1129 3079 Unum
1161 3027 1244 3076 est
1290 3017 1579 3083 utriusque
1616 3007 1964 3082 principium,

391 3123 538 3198 quod
553 3116 851 3176 secundum
867 3104 1134 3167 rationem
1158 3105 1377 3176 quidem
1400 3099 1774 3158 sublimiorem
1796 3094 1970 3165 prima

392 3186 450 3274 in
496 3212 780 3268 voluntate
826 3204 943 3268 Dei,
987 3211 1244 3269 tanquam
1300 3193 1657 3248 fundamento
1696 3186 1968 3246 innititur,

394 3303 609 3361 ratione
650 3303 831 3352 autem
875 3293 1067 3354 altera,
1099 3289 1155 3342 in
1204 3292 1360 3340 ortus
1397 3280 1572 3337 nostri
1613 3274 1838 3332 exordio
1877 3287 1973 3343 po-

401 3394 632 3452 nendum
672 3395 777 3444 est.
819 3385 956 3439 Nam
998 3392 1057 3436 ut
1088 3380 1144 3435 in
1184 3392 1270 3441 eo,
1299 3373 1440 3445 quod
1492 3378 1736 3426 materna
1763 3367 1820 3420 in
1854 3364 1975 3419 alvo

410 3486 477 3543 ad
529 3479 938 3551 conceptionem
1017 3469 1265 3541 corporis
1323 3463 1631 3535 deponitur,
1686 3465 1975 3526 antequam

401 3576 687 3636 formetur,
716 3567 953 3643 perspici
980 3563 1267 3619 articulata
1297 3555 1664 3611 membrorum
1698 3549 1977 3604 cohaeren-

404 3671 538 3724 tium
570 3636 850 3721 distinctio
882 3656 1092 3728 nequit,
1135 3653 1216 3709 sic
1247 3663 1421 3719 neque
1447 3645 1530 3700 vis
1559 3641 1726 3705 animi
1759 3636 1978 3709 propria

403 3753 736 3829 deprehendi
783 3751 841 3806 in
887 3727 1077 3804 eodem
1128 3748 1310 3815 potest
1347 3745 1494 3798 ante,
1527 3747 1691 3805 quam
1743 3730 1809 3784 ad
1852 3727 1982 3783 effe-

406 3819 622 3904 cti-ones
658 3857 789 3901 suas
827 3841 921 3894 illa
961 3834 1366 3906 progrediatur.
1406 3826 1475 3881 Et
1521 3819 1984 3895 quemadmodum

408 3935 614 3994 nemini
657 3931 882 3987 dubium
929 3931 1035 3987 est,
1071 3922 1216 3975 idem
1256 3917 1393 3973 illud
1435 3917 1488 3970 in
1535 3914 1783 3969 diversos
1831 3915 1984 3962 artus

411 4033 739 4094 diversaque
782 4019 992 4074 viscera
1044 4007 1400 4071 conformari,
1451 4004 1599 4059 nulla
1647 4011 1868 4057 externa
1905 3997 1985 4051 fa-

413 4089 745 4180 cultateiut
789 4111 893 4163 hoc
933 4103 1201 4177 perficiat,
1270 4096 1651 4168 ingrediente:
1689 4091 1783 4147 sed
1819 4089 1989 4143 facul-

417 4220 525 4268 tate
562 4207 663 4280 ipsi
706 4220 735 4258 a
767 4208 960 4257 natura
990 4195 1178 4255 insita,
1212 4203 1380 4261 opera
1415 4194 1472 4241 et
1500 4183 1781 4240 effectione
1810 4196 1907 4237 sua
1934 4180 1988 4233 in

3466 131 3584 189 2'56

2013 338 2325 436 μένης,
2357 338 2496 415 κατά
2535 358 2631 429 τὴν
2656 350 3015 421 ἀποστολικὴν
3038 338 3510 406 διδασκαλίαν,τοῢ
3527 356 3592 394 τε

2018 433 2343 530 φαινομένου
2394 452 2717 523 ἀνθρώπου,
2768 448 2864 501 καὶ
2918 443 3012 497 τοῦ
3062 436 3475 511 κεκρυμμένου·
3540 433 3593 486 εἰ

2015 526 2078 606 τὸ
2110 526 2208 623 μὲν
2248 546 2623 621 προὺπάρχοι,
2656 544 2719 596 τὸ
2752 541 2808 594 δὲ
2835 537 3171 606 ἐπιγένοιτο,
3205 530 3400 599 ἀτελής
3429 543 3515 589 τις
3559 526 3595 595 ἡ

2018 613 2121 696 τοῦ.
2147 641 2209 710 δη
2220 613 2604 709 μιουργοῦντος
2645 627 3109 698 ἀπελεγχθήσεται
3135 622 3386 689 δύναμις,
3416 617 3476 669 οὑ
3514 613 3599 682 τῷ

2022 706 2439 785 παντὶ-κατὰτὸ
2478 724 2672 796 ἀθρόον
2713 716 3036 791 ἐξαρκοῦσα,
3066 712 3204 768 ἀλλὰ
3239 706 3599 781 διαιρουμένη

2022 825 2084 902 τὸ
2114 824 2273 893 ἔργον
2293 861 2307 886 ,
2340 820 2434 873 καὶ
2468 817 2569 872 ἀνά
2612 815 2772 886 μέρος
2802 810 2929 883 περὶ
2954 810 3209 877 ἑκάτερον
3233 802 3341 857 τῶν
3367 803 3603 871 ἡμισευ-

2030 887 2213 987 μάτων
2236 907 2623 980 ἀσχολουμένη.
2675 902 2812 956 Ἀλλ’
2839 900 3025 971 ὥσπερ
3058 900 3116 951 ἐν
3142 894 3217 964 τῷ
3250 893 3380 962 σίτῳ
3414 887 3603 958 φαμὲν

2027 984 2060 1078 ῆ
2108 1008 2164 1059 ἐν
2213 1004 2387 1075 ἑτέρῳ
2427 1000 2534 1053 τινὶ
2580 996 2692 1051 τῶν
2738 993 3085 1063 σπερμάτων,
3124 988 3269 1041 ἆπαν
3318 984 3602 1052 ἐμπεριει-

2027 1069 2228 1167 λῆφθαι
2271 1069 2609 1164 τῆνδυνάμει
2650 1087 2711 1138 τὸ
2738 1083 2879 1138 κατὰ
2921 1082 3010 1133 τὸν
3056 1078 3254 1148 στάχυν
3301 1071 3475 1136 εἶδος,
3511 1069 3608 1122 τὸν

2031 1166 2242 1260 χόρτον,
2270 1186 2367 1255 τὴν
2387 1182 2657 1251 καλάμην,
2685 1176 2783 1240 τὰς
2812 1175 2899 1229 διὰ
2932 1173 3094 1243 μέσου
3123 1171 3317 1234 ζώνας,
3339 1166 3430 1220 τὸν
3464 1180 3609 1235 καρ-

2033 1254 2155 1345 πον,
2199 1254 2331 1337 τοὺς
2372 1271 2688 1342 ἀνθέρικας,
2739 1266 2832 1320 καὶ
2880 1264 3030 1318 οὐδὲν
3064 1261 3264 1315 τούτων
3312 1259 3369 1311 ἐν
3397 1255 3479 1326 τῷ
3506 1254 3612 1323 τῆς

2036 1366 2249 1435 φύσεως
2288 1363 2429 1433 λόγῳ
2463 1357 2856 1431 προϋπάρχειν,
2891 1353 2923 1424 ἦ
2953 1349 3303 1423 προγίνεσθαί
3326 1362 3508 1416 φαμεν
3542 1345 3610 1414 τῇ

2039 1458 2197 1527 φύσει
2236 1455 2331 1508 τοῦ
2368 1452 2707 1523 σπέρματος,
2739 1446 2874 1501 ἀλλά
2911 1444 3061 1509 τάξει
3117 1441 3212 1513 μέν
3264 1456 3370 1492 τινι
3404 1436 3615 1504 φυσικῇ

2037 1551 2134 1622 τὴν
2173 1546 2498 1617 ἐγκειμένην
2530 1543 2607 1612 τῷ
2651 1540 2927 1610 σπέρματι
2957 1535 3184 1604 δύναμιν
3216 1526 3619 1600 φανεροῦσθαι,

2043 1614 2105 1689 οὑ
2259 1614 2910 1703 ἐτέραννέπεισκρίνεσθαι
2946 1624 3107 1694 φύσιν
3134 1639 3151 1655 '
3173 1619 3314 1674 κατὰ
3341 1619 3433 1671 τὸν
3453 1614 3622 1670 αὑτὸν

2045 1728 2198 1795 λόγον
2253 1724 2348 1778 καὶ
2400 1722 2499 1792 τὴν
2553 1717 2900 1788 ἀνθρωπίνην
2962 1711 3169 1784 σπορὰν
3238 1707 3626 1777 ὑπειλήφαμεν

2048 1820 2190 1888 ἐχειν
2214 1816 2271 1867 ἐν
2297 1816 2363 1883 τῇ
2384 1809 2572 1883 πρώτῃ
2590 1810 2688 1879 τῆς
2719 1805 3033 1866 συστάσεως
3060 1801 3282 1871 ἀφορμῇ
3310 1810 3626 1865 συνεσπαρ-

2054 1884 2218 1981 μένην
2252 1904 2348 1974 τὴν
2396 1903 2489 1972 τῆς
2537 1900 2749 1970 φύσεως
2796 1896 3048 1967 δύναμιν.
3107 1887 3504 1969 Ἐξαπλοῦσθαι
3568 1884 3626 1936 δὲ

2053 1962 2147 2055 καὶ
2176 1962 2561 2069 φανέροῦσθαι-
2580 1992 2668 2046 διά
2693 2007 2837 2052 τινος
2880 1962 3114 2057 φυσικῆς
3143 1962 3464 2042 ἀκολουθίας
3492 1976 3626 2048 πρὸς

2055 2091 2117 2143 τὸ
2165 2088 2366 2141 τέλειον
2415 2081 2741 2156 προϊοῦσαν,
2783 2081 2844 2133 οὑ
2880 2072 3399 2149 προσλαμϐάωυσάν
3436 2085 3491 2122 τι
3520 2065 3631 2119 τῶν

2056 2178 2253 2245 ἔξωθεν
2284 2178 2362 2239 εἰς
2401 2154 2652 2243 ἀφορμὴν
2682 2166 3010 2229 τελειώσεως
3029 2182 3042 2195 ·
3070 2164 3186 2218 ἀλλ’
3234 2160 3430 2229 ἑαυτὴν
3461 2158 3542 2219 είς
3571 2154 3633 2207 τὸ

2064 2271 2266 2324 τέλειον
2293 2267 2358 2320 δι’
2386 2262 2704 2324 ἀκολουθίας
2746 2260 3109 2331 προάγουσαν.
3161 2253 3247 2316 Ὠς
3280 2251 3415 2321 μήτε
3450 2246 3632 2316 ψυχὴν

2062 2363 2168 2433 πρὸ
2190 2358 2283 2414 τοῦ
2314 2357 2581 2428 σώματος,
2615 2354 2751 2425 μήτε
2772 2351 2941 2421 χωρὶς
2963 2347 3138 2418 ψυχῆς
3159 2344 3222 2398 τὸ
3253 2341 3410 2412 σῶμα
3436 2336 3634 2407 ἀληθὲς

2063 2426 2202 2506 εἶναι
2227 2426 2427 2517 λέγειν,
2453 2446 2589 2500 ἀλλὰ
2621 2443 2747 2515 μίαν
2775 2439 3097 2511 ἀμφοτέρων
3126 2434 3320 2506 ἀρχὴν,
3357 2430 3503 2484 κατά
3540 2426 3638 2496 μὲν

2064 2544 2153 2597 τὸν
2180 2538 2508 2610 ὑψηλότερον
2533 2536 2709 2605 λόγον,
2735 2535 2792 2586 ἐν
2830 2531 2907 2602 τῷ
2938 2529 3138 2599 πρώτῳ
3164 2525 3258 2579 τοῦ
3284 2521 3417 2576 Θεοῦ
3445 2517 3637 2590 βουλή-

2069 2650 2197 2705 ματι
2230 2608 2675 2698 ήκαταϐληθεῖσαν
2694 2662 2709 2688 ,
2763 2622 2904 2677 κατὰ
2938 2620 2996 2674 δὲ
3043 2618 3133 2671 τὸν
3165 2616 3350 2686 ἕτερον
3371 2652 3385 2677 ,
3416 2611 3479 2662 ἐν
3520 2608 3641 2668 ταῖς

2065 2697 2166 2792 ⁴τῆς
2211 2697 2484 2790 γενέσεως
2513 2715 2788 2787 ἀφορμαῖς
2823 2705 3235 2778 συνισταμένην.
3282 2703 3370 2763 Ὠς
3403 2699 3516 2770 γὰρ
3546 2697 3642 2749 οὐκ

2070 2789 2184 2869 ἐστι
2216 2789 2313 2883 τὴν
2338 2810 2479 2865 κατὰ
2511 2807 2647 2880 μέλη
2690 2802 3016 2875 διάρθρωσιν
3061 2797 3252 2852 ἐνιδεῖν
3281 2792 3360 2863 τῷ
3387 2791 3525 2863 πρὸς
3550 2789 3644 2856 τὴν

2075 2882 2334 2975 σύλληψιν
2371 2901 2464 2955 τοῦ
2512 2898 2759 2970 σώματος
2797 2892 3120 2964 ἐντιθεμένῳ
3162 2889 3268 2960 πρὸ
3296 2889 3395 2959 τῆς
3421 2882 3646 2939 διαπλά-

2074 2972 2458 3059 σεωςλῖοῦτως
2492 2990 2613 3043 οὑδὲ
2649 2987 2748 3050 τὰς
2794 2986 2894 3055 τῆς
2935 2984 3110 3053 ψυχῆς
3166 2980 3429 3046 ἰδιότητας
3482 2978 3542 3028 ἐν
3574 2972 3650 3043 τῷ

2071 3085 2221 3155 αὑτῷ
2264 3083 2485 3138 δυνατόν
2529 3082 2642 3133 ἐστι
2684 3076 3048 3145 κατανοῆσαι,
3087 3072 3214 3142 πρὶν
3252 3068 3539 3140 προελθεῖν
3574 3066 3651 3127 είς

2073 3178 2376 3250 ἐνέργειαν.
2401 3175 2510 3227 Καὶ
2524 3170 2713 3241 ὥσπερ
2736 3169 2836 3222 οὐκ
2866 3168 2930 3222 ἄν
2948 3183 3032 3229 τις
3060 3160 3357 3234 ἀμφιϐάλοι
3382 3157 3524 3228 πρὸς
3553 3156 3653 3217 τὰς

2074 3246 2184 3325 τῶν
2222 3268 2438 3341 ἄρθρων
2484 3281 2544 3317 τε
2587 3263 2681 3316 καὶ
2715 3259 3036 3329 σπλάγχνων
3079 3254 3339 3325 διαφορὰς
3378 3252 3560 3305 ἐκεῖνο
3595 3246 3655 3300 τδ

2076 3360 2290 3416 ἐντεθέν
2334 3352 2793 3427 σχηματίζεσθαι,
2845 3352 2944 3403 οὐκ
2984 3347 3150 3417 ἄλλης
3193 3344 3335 3407 τινὸς
3371 3343 3656 3411 δυνάμεως

2080 3448 2568 3523 ἐπεισερχομένης,
2611 3444 2746 3499 ἀλλὰ
2773 3443 2871 3512 τῆς
2901 3440 3224 3509 ἐγκειμένης
3251 3433 3497 3504 φυσικῶς
3522 3430 3657 3503 πρὸς

2079 3545 2177 3617 τὴν
2221 3522 2499 3612 ἐνέργειαν
2540 3538 2709 3606 αὐτῆς
2741 3532 3174 3605 μεθισταμένης·
3224 3526 3366 3581 οὕτω
3399 3526 3493 3578 καὶ
3531 3522 3657 3591 περὶ

2081 3613 2257 3706 ψυχῆς
2298 3631 2574 3699 ἀναλόγως
2604 3627 2718 3681 ἔστι
2745 3626 2804 3679 τὸ
2829 3619 2946 3677 ἶσον
2977 3622 3294 3691 ὑπονοῆσαι,
3325 3618 3407 3671 ὅτι
3448 3619 3557 3671 κᾶν
3583 3613 3657 3683 μὴ

2082 3728 2172 3783 διά
2208 3742 2367 3781 τινων
2397 3719 2684 3794 ἐνεργειῶν
2730 3721 2788 3771 ἐν
2828 3716 2906 3787 τῷ
2955 3715 3265 3785 φαινομένῳ
3299 3708 3655 3780 γνωρίζηται.

2083 3818 2234 3871 οὐδὲν
2277 3810 2437 3886 ἧττόν
2477 3815 2625 3866 ἐστιν
2668 3812 2725 3864 ἐν
2762 3806 2973 3877 ἐκείνῳ.
3012 3805 3120 3859 Καὶ
3145 3801 3252 3874 γὰρ
3290 3802 3382 3854 καί
3427 3800 3491 3852 τὸ
3520 3794 3659 3858 εἶδος

2086 3908 2179 3963 τοῦ
2217 3905 2497 3977 μέλλοντος
2523 3900 2870 3956 συνίστασθαι
2901 3897 3184 3968 ἀνθρώπου
3226 3895 3285 3946 ἐν
3312 3889 3508 3960 ἐκείνῳ
3546 3887 3661 3941 ἐστὶ

2085 4003 2153 4072 τῇ
2186 3999 2431 4068 δυνάμει,
2458 3994 2707 4049 λανθάνει
2728 3993 2784 4046 δὲ
2812 3991 2900 4045 διά
2926 3990 2986 4043 τὸ
3012 3989 3085 4060 μὴ
3111 3983 3249 4041 εἶναι
3276 3983 3503 4038 δυνατὸν
3528 3981 3664 4049 πρὸς

2087 4066 2189 4159 τῆς
2228 4066 2532 4154 ἀναγκαίας
2588 4080 2909 4142 ἀκολουθίας
2946 4075 3302 4144 ἀναφανῆναι.
3364 4068 3524 4122 Οὕτω
3571 4066 3664 4120 καὶ

2090 4182 2124 4250 ἡ
2148 4157 2311 4249 Ϋψυχή
2336 4179 2452 4230 ἐστι
2486 4174 2582 4246 μὲν
2613 4175 2668 4225 ἐν
2702 4171 2893 4240 ἐκείνῳ
2922 4170 3015 4222 καὶ
3043 4167 3116 4237 μὴ
3147 4160 3464 4234 φαινομένη,
3493 4157 3665 4229 φανή-

417 4304 520 4356 hoc
570 4252 918 4353 incumbente
950 4282 1180 4342 :eadem
1225 4279 1441 4333 ratione
1490 4271 1559 4326 de
1604 4270 1787 4322 animo
1834 4265 1986 4320 nobis

2095 4288 2245 4326 σεται
2273 4271 2330 4323 δὲ
2347 4269 2435 4323 διὰ
2462 4269 2561 4338 τῆς
2589 4264 2791 4325 οίκείας
2811 4260 3007 4330 ἑαυτῆς
3034 4254 3294 4316 κα“ι,κατά
3318 4252 3478 4323 φύσιν
3509 4254 3664 4319 ἐνερ-

419 4387 767 4461 cogitandum
803 4388 909 4442 est,
958 4373 1174 4433 etiamsi
1219 4385 1316 4441 per
1364 4362 1627 4437 quasdam
1676 4358 1989 4414 affectiones

423 4482 477 4534 in
513 4483 664 4548 parte
702 4469 941 4525 hominis
980 4471 1203 4521 externa
1248 4464 1302 4514 et
1351 4458 1665 4525 apparente,
1698 4447 1899 4503 indicia
1925 4445 1992 4501 de

423 4586 484 4627 se
538 4567 685 4621 nulla
731 4561 1002 4633 praebeat,
1060 4549 1416 4609 nihilominus
1473 4550 1794 4615 praesentem
1850 4553 1991 4595 esse.

422 4660 561 4716 Nam
590 4663 638 4713 et
687 4630 856 4709 futuri
891 4646 1128 4705 hominis
1174 4642 1348 4698 forma
1376 4641 1646 4708 potestate
1687 4630 1903 4689 exsistit
1940 4630 1997 4684 in

426 4752 637 4809 semine
670 4767 683 4801 :
712 4755 875 4816 atque
912 4740 1120 4796 idcirco
1156 4737 1309 4795 latet,
1361 4727 1508 4800 quod
1538 4726 1685 4781 velut
1731 4723 1785 4777 in
1819 4724 1996 4778 lucem

427 4841 692 4917 producta
722 4832 966 4904 conspici
1002 4829 1154 4900 prius
1180 4829 1434 4894 nequeat,
1465 4831 1627 4888 quam
1655 4814 2000 4870 necessarius

429 4949 610 4993 rerum
651 4929 783 4984 ordo
831 4923 1129 4996 permittat,
1188 4915 1269 4972 sic
1314 4920 1368 4968 et
1417 4911 1632 4964 animus
1679 4915 1763 4963 est
1821 4908 1875 4960 in
1931 4920 1996 4961 eo

430 5037 739 5100 quanquam
777 5034 885 5074 non
924 5018 1198 5085 appareat.
1240 5005 1379 5060 Nam
1408 5010 1519 5058 tum
1545 5002 1760 5057 demum
1794 4999 1997 5071 patebit

433 5132 557 5176 eum
603 5113 815 5175 adesse,
854 5122 977 5162 cum
1015 5110 1176 5158 aucto
1208 5114 1304 5171 per
1338 5094 1700 5151 accretionem
1747 5106 1995 5162 corpore,

434 5224 534 5267 sua
560 5222 619 5263 se
641 5202 856 5275 propria
879 5207 931 5255 et
957 5212 985 5250 a
1008 5202 1202 5251 natura
1231 5191 1394 5246 insita
1421 5187 1704 5243 effectione
1727 5185 1995 5241 ostendet.

2095 4365 2247 4434 γείας
2268 4405 2281 4429 ,
2309 4365 2375 4433 τῇ
2414 4359 2698 4430 σωματικῇ
2730 4353 2955 4423 αὐξήσει
2997 4347 3392 4421 συμπροῖοῦσα.
3446 4340 3666 4410 Ἐπειδὴ

2096 4432 2203 4525 γὰρ
2230 4432 2464 4506 οὑκάπδ
2490 4446 2683 4518 νεκροῦ
2728 4445 2974 4515 σώματος
3013 4443 3047 4511 ἡ
3086 4440 3221 4509 πρὸς
3263 4437 3361 4506 τὴν
3407 4432 3669 4502 σύλληψιν

2091 4524 2315 4616 δύναμις
2359 4539 2742 4611 ἀποκρίνεται,
2789 4534 2902 4589 ἀλλ’
2934 4533 2995 4597 ἐξ
3036 4529 3278 4601 ἐμψύχου
3314 4527 3406 4580 καὶ
3431 4524 3664 4588 ζῶντος·

2092 4638 2180 4693 διὰ
2198 4635 2352 4690 τοῦτό
2375 4649 2554 4704 φαμεν
2593 4629 2810 4696 εὔλογον
2837 4622 2976 4679 εἶναι
3015 4624 3088 4695 μὴ
3109 4622 3301 4691 νεκρὸν
3334 4619 3428 4672 καί⁸
3462 4617 3668 4686 ἄψυχον

2094 4726 2298 4783 οἴεσθαι
2327 4726 2385 4778 τὸ
2409 4723 2517 4777 ἀπὸ
2538 4721 2736 4785 ζῶντος
2760 4720 2840 4781 είς
2859 4716 3001 4787 ζωῆς
3033 4713 3287 4785 ἀφορμὴν
3321 4709 3666 4780 προϊέμενον.

2096 4818 2171 4872 Τὸ
2197 4817 2304 4886 γάρ
2343 4815 2401 4866 ἐν
2438 4810 2602 4882 σαρκὶ
2642 4807 2879 4878 ἄψυχον,
2919 4806 3014 4859 καὶ
3051 4803 3243 4875 νεκρόν
3271 4803 3385 4853 ἐστι
3431 4797 3665 4857 πάντως.

2115 4909 2176 4961 Ἠ
2212 4906 2270 4960 δὲ
2316 4902 2572 4973 νεκρότης
2612 4899 2750 4953 κατά
2794 4897 3047 4968 στέρησιν
3076 4893 3254 4965 ψυχῆς
3279 4890 3509 4959 γίνεται.
3561 4886 3674 4939 Οὐκ

2105 5000 2171 5054 ἂν
2198 4997 2253 5050 δέ
2298 5012 2380 5057 τις
2419 4992 2510 5046 ἐπὶ
2547 4989 2735 5045 τούτου
2781 4986 3152 5059 πρεσϐυτέραν
3191 4983 3286 5050 τῆς
3321 4980 3485 5044 ἕξεως
3532 4977 3673 5030 εἴποι

2103 5090 2201 5161 τὴν
2223 5078 2474 5157 στέρησιν
2494 5124 2509 5149 ,
2543 5082 2699 5151 εἴπερ
2739 5082 2801 5134 τὸ
2832 5080 3056 5148 ἄψυχον,
3081 5074 3218 5145 ὅπερ
3246 5070 3511 5140 νεκρότης
3538 5067 3675 5132 ἐστὶ,

2105 5181 2205 5250 τῆς
2229 5176 2408 5249 ψυχῆς
2429 5171 2566 5228 εἷναί
2588 5190 2668 5236 τις
2694 5168 3089 5231 κατασκευάζει
3113 5162 3500 5236 πρεσϐύτερον.

434 5250 534 5267 κη...
561 5250 619 5263 ..ν
642 5250 856 5275 pur."
884 5250 928 5255 --

433 5301 567 5355 Cum
607 5296 752 5352 enim
792 5308 823 5346 a
862 5298 1077 5346 mortuo
1122 5298 1351 5354 corpore
1395 5280 1542 5336 nulla
1591 5278 1659 5333 ad
1694 5277 2106 5346 conceptionem
2159 5271 2391 5325 facultas
2449 5274 2797 5324 excernatur,
2845 5260 2939 5315 sed
2992 5260 3061 5313 ab
3102 5257 3345 5312 animato
3401 5259 3455 5307 et
3514 5250 3676 5305 vivo:

437 5388 641 5444 ideirco
690 5398 819 5438 vero
867 5386 1292 5435 consentaneum
1332 5370 1548 5437 est,'nc
1584 5366 1713 5423 illud
1742 5368 1962 5438 quidem
2002 5369 2276 5419 mortuum
2329 5368 2383 5413 et
2432 5356 2731 5410 inanimum
2775 5351 3096 5418 putandum,
3150 5345 3294 5417 quod
3342 5345 3408 5400 de
3448 5354 3681 5412 corpore

437 5478 562 5530 vivo
596 5475 662 5528 ad
688 5468 1075 5542 procreandum
1120 5481 1236 5523 rem
1274 5465 1452 5520 vivam
1499 5458 1788 5514 emittitur.
1830 5456 2061 5511 Carnem
2104 5459 2249 5507 certe
2294 5447 2439 5519 quod
2484 5447 2698 5509 attinet,
2731 5428 2954 5497 omnino
2993 5455 3056 5495 ea
3088 5447 3174 5495 est
3206 5447 3260 5493 et
3300 5435 3600 5491 inanimum
3626 5443 3682 5485 et

442 5573 712 5624 mortuum
761 5578 857 5635 per
900 5578 957 5618 se
1001 5559 1280 5633 quiddam.
1330 5551 1635 5609 Mortalitas
1674 5557 1852 5605 autem
1894 5563 2002 5602 non
2056 5547 2158 5601 nisi
2206 5543 2387 5598 animi
2427 5548 2511 5594 est
2562 5538 2813 5609 privatio.
2863 5535 2931 5590 At
2979 5549 3138 5589 nemo
3191 5531 3407 5594 dixerit,
3460 5528 3676 5597 opinor.
