3794 6000
243 178 352 241 257

1525 180 1612 237 DE
1653 180 1932 237 "Ofillle
1971 182 2278 237 OPIFICIO.

3411 189 3515 242 238

246 302 436 357 habitu
476 302 836 371 privationem
877 301 1112 373 priorem
1145 313 1309 355 esse:
1353 297 1500 369 quod
1545 300 1699 369 sequi
1765 314 1991 356 necesse
2020 308 2125 365 est,
2157 299 2203 355 si
2245 299 2368 369 quis
2416 313 2660 364 carnem,
2710 315 2829 370 qua:
2880 301 3135 371 quiddam
3184 311 3267 359 est
3334 302 3508 358 inat'i-

245 408 422 456 nium,
469 395 577 446 hoc
613 401 700 448 est
739 403 1041 456 mortuum,
1072 391 1150 445 ait
1193 392 1380 445 animo
1418 391 1655 462 priorem
1691 407 1832 448 esse.

315 485 381 539 Εί
404 452 462 537 δέ
497 502 585 548 τις
618 486 714 538 καὶ
749 452 1136 556 ἐναργέστερον
1173 484 1361 556 ζητοίη
1403 452 1701 555 τεκμήριον
1726 482 1821 537 τοῦ

1960 452 1963 455 ’
1998 476 2154 544 Quod
2190 477 2236 532 si
2271 477 2394 546 quis
2441 483 2821 547 argumentum
2889 477 3163 536 desiderat
3218 483 3535 548 illustrius..

248 579 350 648 ζῇν
378 579 559 632 ἐκεῖνο
584 578 646 631 τὸ
680 577 846 650 μέρος
863 616 877 641 ,
901 579 1041 648 ὅπερ
1068 577 1208 647 ἁρχὴ
1241 575 1334 630 τοῦ
1357 575 1833 647 κατασκευαζομέ-

246 684 337 720 νου
367 666 582 733 γίνεται
624 665 787 733 ζώου,
836 667 1061 722 δυνατόν
1099 669 1215 720 ἐστι
1258 667 1354 721 καὶ
1408 666 1474 720 δι’
1507 667 1682 721 ἄλλων
1735 682 1834 738 ση-

249 755 440 825 μείων,
475 756 542 810 δι⁸
563 750 639 810 ὧν
667 757 727 810 τὸ
767 756 1008 829 ἔμψυχον
1038 759 1102 810 ὲκ
1135 754 1228 810 τοῦ
1254 756 1449 828 νεκροῦ
1477 756 1831 828 διακρίνεται,

245 846 343 900 καὶ
375 847 508 917 περὶ
536 846 726 900 τούτου
756 846 1113 917 κατανοῆσαι.
1146 847 1456 917 Τεκμήριον
1486 846 1591 919 γὰρ
1615 845 1707 899 τοῦ
1735 847 1834 918 ζῇν

246 940 341 992 ἐπὶ
374 937 485 990 τῶν
515 937 819 1009 ἀνθρώπων
851 936 1176 1008 ποιούμεθα,
1206 936 1268 990 τὸ
1296 936 1496 1008 θερμὸν
1537 933 1676 991 εἷναί
1712 954 1835 991 τινα

247 1031 346 1084 καὶ
383 1029 609 1098 ὲνεργὺν
636 1030 731 1083 καὶ
761 1029 1099 1101 κινούμενον.
1131 1028 1204 1082 Τὸ
1245 1029 1301 1083 δὲ
1332 1029 1742 1100 κατεψυγμένον
1772 1046 1833 1082 τε

246 1123 346 1175 καὶ
372 1120 630 1192 ἀκίνητον
660 1122 751 1174 ἐπὶ
794 1120 902 1174 τῶν
949 1120 1239 1190 σωμάτων,
1267 1118 1417 1174 οὐδὲν
1446 1119 1633 1191 ἕτερον
1680 1121 1727 1172 εἰ
1758 1121 1833 1191 μὴ

245 1214 512 1285 νεκρότης
536 1213 703 1267 ἐστίν.
739 1212 957 1283 Ἐπειδὴ
981 1212 1160 1265 τοίνυν
1184 1210 1439 1282 ἐνθερμόν
1470 1228 1527 1265 τε
1559 1213 1652 1265 καὶ
1683 1212 1833 1284 ἐνερ-

246 1307 346 1372 γὸν
378 1302 690 1374 θεωροῦμεν
712 1302 888 1367 τοῦτο,
922 1302 1051 1373 περὶ
1090 1293 1151 1354 οὗ
1195 1301 1285 1354 τὸν
1317 1301 1472 1370 λόγον
1513 1300 1830 1372 ποιούμεθα,

247 1393 309 1447 τὸ
339 1394 476 1465 μηδὲ
507 1393 714 1463 ἄψυχον
747 1389 887 1447 εἶναι
917 1392 1003 1446 διὰ
1047 1392 1251 1445 τούτων
1300 1392 1829 1464 συντεκμαιρόμεθα.

260 1485 403 1540 Ἀλλ’
451 1483 643 1557 ὥσπερ
697 1483 837 1539 κατὰ
872 1483 932 1537 τὸ
981 1482 1294 1554 σωματικὸν
1347 1482 1513 1537 αὑτοῦ
1564 1484 1728 1555 μέρος
1770 1483 1830 1536 οὑ

248 1575 432 1646 σάρκα
462 1575 639 1646 φαμὲν
678 1574 829 1640 αὐτὸ,
864 1573 959 1626 καὶ
1000 1573 1184 1640 ὀστέα,
1225 1574 1319 1628 καὶ
1356 1574 1568 1645 τρίχας,
1603 1573 1696 1628 καὶ
1733 1572 1832 1629 ὅσα

1935 573 2003 626 de
2039 586 2148 641 quo
2193 569 2503 639 colligatur,
2538 582 2659 623 esse
2707 576 2915 637 partem
2946 585 3088 636 eam,
3131 588 3251 642 qua:
3301 578 3508 644 princi-

1935 662 2084 731 pium
2117 669 2202 715 est
2243 659 2500 713 animalis
2542 659 2687 728 quod
2723 660 2988 730 gignitur,
3025 663 3133 716 vita
3184 667 3506 734 praeditam:

1936 751 2013 805 uti
2044 750 2242 822 poterit
2289 750 2464 820 signis
2514 751 2678 804 etiam
2739 753 2972 816 caeteris,
3010 753 3076 808 de
3122 756 3324 823 quibus
3360 758 3508 813 inter

1938 857 2027 898 res
2060 841 2339 896 animatas
2353 848 2407 895 et
2440 849 2689 896 mortuas
2718 844 2980 896 constitui
3012 843 3304 901 discrimen
3349 850 3506 905 solet.

1933 931 2070 987 Nam
2101 932 2156 987 in
2184 932 2402 987 homine
2433 932 2536 987 hoc
2559 947 2681 988 esse
2707 941 3086 1003 argumentum
3108 936 3230 992 vita:
3249 938 3504 1004 dicimus,

1934 1023 1979 1079 si
2014 1032 2068 1078 et
2125 1024 2320 1084 calea’t,
2376 1030 2431 1078 et
2464 1031 2770 1093 occupetur
2804 1024 3034 1095 agendo,
3090 1036 3145 1082 et
3201 1041 3502 1096 moveatur,

1934 1116 2134 1171 sicutc
2174 1114 2452 1170 contrario
2508 1114 2680 1186 frigus
2737 1116 2791 1170 in
2846 1116 3189 1186 corporibus,
3239 1129 3294 1175 et
3326 1131 3506 1178 motus

1935 1205 2178 1271 amissio,
2202 1205 2338 1259 nihil
2367 1205 2511 1260 aliud
2541 1205 3052 1277 signiticant,quam
3081 1218 3352 1267 mortuum
3381 1228 3506 1270 esse

1932 1297 2232 1353 hominem.
2266 1296 2403 1352 Cum
2454 1299 2618 1368 igitur
2666 1298 2771 1355 hoc
2821 1315 3060 1371 quoque,
3089 1300 3157 1357 de
3211 1318 3319 1373 quo
3359 1321 3506 1361 nunc

1932 1389 2285 1455 disserimus,
2318 1397 2372 1444 ct
2423 1390 2605 1446 calore
2662 1391 2967 1460 praeditum,
3003 1400 3058 1447 et
3090 1394 3311 1451 minime
3362 1399 3505 1453 otio-

1933 1496 2052 1538 sum
2079 1484 2173 1547 sit,
2200 1481 2580 1537 concludimus
2618 1482 2781 1537 etiam
2834 1482 3134 1537 inanimum
3193 1497 3303 1539 non
3356 1503 3499 1543 esse.

1928 1570 2008 1627 Ac
2039 1573 2500 1642 quemadmodum
2536 1589 2656 1629 eam
2684 1575 2858 1644 ipsius
2887 1584 3117 1645 partem,
3146 1577 3213 1633 de
3251 1594 3354 1648 qua
3384 1595 3505 1634 cor-

246 1667 381 1737 περὶ
407 1665 469 1719 τὸ
488 1665 825 1736 ἀνθρώπινον
851 1665 1175 1736 καθορᾶται,
1211 1663 1347 1718 ἀλλὰ
1379 1667 1444 1736 τῇ
1472 1665 1699 1735 δυνάμει
1726 1663 1824 1736 μὲν

1929 1677 2031 1732 pus
2063 1663 2439 1729 constituitur,
2475 1681 2581 1719 non
2645 1680 2865 1721 carnem
2901 1680 3023 1723 esse
3081 1667 3336 1733 dicimus,
3392 1683 3503 1725 non

245 1758 454 1812 τούτων
498 1756 724 1810 ἕκαστον
765 1754 924 1819 εἶναι,
962 1753 1116 1808 οὔπω
1162 1754 1217 1809 δὲ
1257 1754 1397 1809 κατὰ
1444 1755 1505 1809 τὸ
1553 1757 1829 1827 δρώμενον

1932 1768 2080 1820 ossa,
2111 1771 2220 1811 non
2255 1770 2462 1817 comas.
2495 1772 2603 1811 non
2646 1757 2792 1811 aliud
2823 1759 3117 1829 quidquam
3148 1775 3335 1815 eorum
3381 1778 3504 1831 qua:

244 1846 534 1917 φαίνεσθαι
558 1865 569 1876 ·
619 1834 763 1899 οὕτω
794 1846 888 1899 καὶ
916 1847 1011 1899 ἐπὶ
1054 1844 1148 1899 τοῦ
1180 1844 1410 1916 ψυχικοῦ
1442 1845 1638 1917 μέρους
1679 1844 1830 1899 οὔπω

1934 1841 1989 1896 in
2025 1844 2245 1900 homine
2267 1845 2566 1911 exsistunt,
2600 1846 2694 1901 sed
2730 1849 3024 1903 statuimus
3060 1849 3204 1902 illam
3232 1857 3502 1919 potestate

248 1938 355 2008 μὲν
383 1938 444 1991 τὸ
469 1936 684 2006 λογικὸν
710 1939 803 1991 καὶ
828 1936 1223 2008 ἐπιθυμητικὸν
1255 1937 1350 1990 καὶ
1380 1936 1683 2006 θυμοειδὲς,
1737 1937 1830 1990 καὶ

243 2029 349 2082 ὅσα
404 2029 533 2100 περὶ
561 2027 739 2099 ψυχὴν
790 2028 1108 2098 καθορᾶται,
1158 2028 1250 2081 καὶ⁵
1298 2030 1354 2081 ὲν
1411 2029 1602 2099 ἐκείνῳ
1647 2029 1829 2101 χώραν

242 2119 392 2191 ἔχειν
425 2119 629 2190 φαμὲν,
673 2119 950 2187 ἀναλόγως
991 2120 1048 2173 δὲ
1101 2119 1197 2190 τῆς
1229 2118 1323 2172 τοῦ
1384 2120 1629 2190 σώματος
1665 2137 1831 2172 κατα-

246 2211 452 2281 σκευῆς
479 2227 540 2263 τε
573 2211 667 2264 καὶ
695 2207 1051 2275 τελειώσεως,
1090 2211 1181 2263 καὶ
1211 2209 1311 2273 τὰς
1344 2210 1442 2279 τῆς
1472 2210 1647 2281 ψυχῆς
1680 2212 1830 2283 ἐνερ-

243 2302 402 2370 γείας
437 2300 515 2370 τῷ
554 2300 899 2370 ὑποκειμένῳ
937 2298 1314 2366 συναύξεσθαι.
1366 2301 1574 2374 Ὥσπερ
1604 2303 1711 2373 γὰρ
1740 2320 1828 2355 τε-

242 2392 489 2455 λειωθεὶς
519 2394 549 2445 ό
590 2391 876 2462 ἄνθρωπος
907 2392 965 2444 ἐν
995 2394 1107 2454 τοῖς
1155 2391 1418 2462 μείζοσιν,
1468 2391 1578 2464 ἔχει
1610 2393 1826 2462 διαφαι-

243 2482 481 2552 νομένην
528 2482 627 2551 τῆς
664 2480 842 2551 ψυχῆς
888 2480 985 2550 τὴν
1030 2480 1309 2551 ἐνέργειαν
1333 2498 1346 2512 ·
1388 2479 1558 2546 οὕτως
1594 2485 1650 2534 ἐν
1684 2483 1824 2554 ἀρχῇ

242 2573 346 2644 τῆς
375 2572 689 2636 συστάσεως
712 2571 811 2642 τὴν
841 2570 1174 2640 κατάλληλόν
1191 2589 1264 2624 -τε
1298 2572 1391 2625 καὶ
1420 2571 1730 2645 σύμμετρον
1758 2576 1824 2643 τῇ

241 2663 497 2737 παρούσῃ
542 2646 707 2734 ipsi;
760 2662 1075 2733 συνέργειαν
1125 2662 1226 2732 τῆς
1270 2661 1448 2733 ψυχῆς
1500 2662 1586 2731 ἐφ’
1635 2661 1825 2716 ἑαυτοῦ

238 2756 624 2817 διαδείκνυσιν,
663 2754 721 2807 ἐν
748 2753 826 2824 τῷ
864 2754 1291 2818 κατασκευάζειν
1320 2754 1488 2826 αὐτὴν
1536 2756 1703 2826 ἑαυτῇ
1736 2755 1825 2809 διὰ

238 2848 348 2918 τῆς
389 2846 702 2918 ὲντεθείσης
748 2844 881 2917 ὕλης
925 2844 989 2896 τὸ
1029 2846 1307 2915 προσφυὲς
1332 2847 1663 2916 οἰκητήριον.
1692 2844 1826 2898 οὐδὲ

239 2941 353 3011 γὰρ
381 2935 523 2993 εἶναι
553 2938 777 2992 δυνατὸν
809 2934 1156 3006 λογιζόμεθα,
1179 2935 1486 3008 ἀλλοτρίαις
1516 2936 1824 3007 οἰκοδομαῖς

238 3033 344 3104 τὴν
393 3031 573 3102 ψυχὴν
620 3029 1037 3102 ἐναρμόζεσθαι,
1083 3029 1159 3092 ὡς
1201 3028 1302 3082 οὑκ
1348 3027 1463 3082 ἔστι
1508 3029 1607 3099 τὴν
1651 3030 1709 3081 ὲν
1747 3026 1825 3096 τῷ

238 3124 399 3196 κηρῷ
433 3120 706 3195 σφραγῖδα
740 3121 875 3191 πρὸς
909 3120 1194 3192 ἀλλοτρίαν
1224 3118 1561 3190 ἁρμοσθῆναι
1585 3117 1819 3189 γλυφὴν.

1930 1935 2209 2004 quodlibet
2236 1936 2431 1990 horum
2458 1946 2600 2001 esse,
2664 1939 2881 2003 tametsi
2933 1940 3165 1995 necdum
3200 1942 3497 2012 quidquam

1932 2025 2176 2094 conspici
2216 2026 2325 2081 tale
2358 2026 2532 2095 possit
2569 2027 2683 2083 :sic
2709 2031 2906 2084 animae
2938 2045 3143 2100 partem
3180 2036 3322 2103 quod
3365 2037 3497 2090 allia

1931 2124 2043 2181 net,
2071 2131 2383 2187 quanquam
2408 2117 2462 2171 in
2487 2132 2551 2172 ea
2577 2119 2809 2174 necdum
2840 2120 3071 2177 facultas
3099 2126 3495 2189 ratiocinatrix,

1931 2224 2051 2279 quae
2080 2218 2164 2263 est
2199 2209 2261 2261 τὸ
2283 2206 2533 2277 λογικόν,
2574 2225 2752 2280 neque
2779 2217 3065 2280 appetens,
3099 2228 3259 2282 quam
3288 2212 3348 2268 τὸ
3381 2219 3500 2270 ἐπι-

1930 2297 2227 2369 θυμητικόν
2253 2307 2471 2364 vocant,
2522 2315 2699 2369 neque
2728 2301 2790 2354 τὸ
2842 2301 3091 2372 θυμικόν,
3126 2306 3268 2373 quod
3330 2308 3497 2361 animi

1931 2390 2245 2445 affectiones
2294 2391 2558 2456 continet,
2601 2401 2900 2461 appareat;
2956 2405 3132 2449 tamen
3199 2411 3262 2451 ea
3317 2397 3499 2453 inesse

1933 2481 2063 2537 huic
2093 2480 2357 2538 dicimus:
2383 2490 2439 2537 et
2460 2485 2732 2538 consimili
2756 2486 2967 2539 ratione
2993 2494 3266 2556 quatenus
3300 2502 3499 2558 corpus

1929 2571 2200 2628 formatur
2234 2588 2299 2629 ac
2331 2574 2633 2644 perﬁcitur,
2664 2577 2827 2630 etiam
2853 2576 3169 2634 aﬂ'ectiones
3198 2580 3365 2633 animi
3390 2597 3496 2636 una

1927 2678 2050 2718 cum
2082 2679 2310 2734 corpore
2341 2680 2611 2723 crescere.
2647 2666 2785 2721 Nam
2815 2679 2871 2722 ut
2904 2668 2957 2722 in
2996 2669 3215 2726 homine
3236 2672 3330 2741 qui
3368 2664 3498 2726 aeta.

1927 2761 2034 2808 tem
2065 2755 2129 2810 ad
2172 2756 2439 2825 integram
2471 2756 2738 2825 pervenit,
2772 2766 2825 2811 et
2854 2758 2996 2813 inter
3021 2761 3339 2828 grandiores
3373 2776 3498 2816 cen-

1926 2851 2103 2907 setur,
2140 2844 2456 2900 affectiones
2486 2845 2653 2899 animi
2694 2847 2804 2916 jam
2863 2848 3158 2904 manifesto
3209 2865 3493 2921 apparent,

1925 2936 2007 2994 sic
2040 2946 2196 2992 ortus
2227 2936 2401 2993 nostri
2434 2937 2611 2999 initio,
2643 2944 2805 3007 prout
2841 2945 2954 2993 tum
2986 2954 3074 2995 res
3108 2942 3364 3010 postulat,
3419 2943 3497 2998 ita

1925 3044 2048 3084 sese
2082 3029 2473 3085 convenienter
2499 3030 2744 3084 actiones
2788 3029 2956 3082 animi
2985 3030 3283 3095 declarant,
3341 3034 3396 3087 in
3429 3048 3495 3088 eo

1924 3118 2067 3187 quod
2097 3118 2213 3188 ipse
2238 3118 2343 3172 sibi
2371 3118 2439 3172 de
2473 3118 2699 3173 materie
2740 3118 2793 3172 in
2840 3119 2962 3172 alvo
2992 3121 3186 3177 matris
3246 3122 3496 3193 deposita

236 3217 585 3273 domicilium
632 3214 975 3284 aptissimum
1021 3222 1228 3268 natura:
1277 3227 1388 3267 suae
1423 3211 1674 3268 fabricat.
1715 3209 1848 3264 Nam
1895 3211 2010 3265 fieri
2043 3226 2149 3266 non
2184 3226 2364 3280 posse,
2397 3212 2463 3267 de
2494 3212 2795 3268 rationibus
2841 3214 3006 3269 certis
3055 3215 3382 3286 colligimus,
3432 3222 3498 3272 ut

238 3310 419 3364 aliena
460 3309 516 3363 in
552 3286 793 3361 [aedificia
841 3304 1129 3360 commode
1183 3304 1398 3358 animus
1457 3302 1800 3371 commigret,
1841 3301 1982 3355 sicut
2049 3301 2165 3355 ﬁeri
2211 3316 2317 3357 non
2366 3308 2562 3371 potest,
2616 3311 2673 3356 ut
2718 3302 2933 3373 signum
2984 3305 3309 3376 impressum
3358 3326 3496 3367 cerae

235 3404 512 3457 diversam
543 3399 611 3453 ad
635 3400 972 3470 sculpturam
1005 3407 1242 3469 aptetur.

312 3496 583 3567 Καθάπερ
633 3495 740 3566 γὰρ
773 3493 833 3548 τὸ
887 3493 1046 3566 σῶμα
1086 3495 1150 3546 ἐκ
1196 3492 1529 3565 βραχυτάτου
1575 3491 1709 3561 πρὸς
1760 3486 1821 3543 τὸ

1994 3487 2260 3542 Nimirum
2292 3487 2372 3540 uti
2396 3499 2597 3556 corpus
2622 3502 2877 3543 exorsum
2910 3503 2939 3542 a
2977 3491 3350 3561 magnitudine
3372 3510 3493 3566 pera

235 3588 448 3642 τέλειον
498 3586 766 3658 πρόεισιν,
820 3586 961 3639 οὕτω
1013 3587 1106 3639 καὶ
1157 3587 1190 3655 ἡ
1238 3585 1337 3656 τῆς
1363 3584 1541 3654 ψυχῆς
1575 3583 1822 3653 ἐνέργεια

236 3678 595 3750 καταλλήλως
612 3677 925 3748 ὲμφυομένη
954 3675 1032 3747 τῷ
1063 3675 1425 3745 ὑποκειμένῳ,
1448 3672 1822 3726 συνεπιδίδωσι

238 3773 335 3825 καὶ
362 3769 706 3834 συναύξεται.
758 3769 1089 3839 Ιῐροηγεῖται
1127 3765 1227 3837 μὲν
1282 3765 1393 3834 γὰρ
1438 3763 1608 3834 αὐτῆς
1652 3764 1709 3815 ὲν
1754 3763 1820 3832 τῇ

240 3860 436 3932 πρώτῃ
482 3860 792 3929 κατασκευῇ
841 3851 951 3911 οἷον
992 3855 1148 3928 ῥίζης
1180 3855 1324 3918 τινὸς
1360 3855 1418 3908 ὲν
1438 3855 1504 3925 τῇ
1553 3856 1623 3924 γῇ
1655 3866 1824 3905 καταε-

238 3952 575 4025 κρυφθείσης
623 3952 655 4020 ἡ
699 3948 962 4021 αὐξητικὴ
1020 3965 1081 4001 τε
1133 3948 1225 4001 καὶ
1275 3945 1541 4018 θρεπτικὴ
1594 3944 1822 4014 δύναμις

242 4042 408 4113 μόνη.
456 4040 533 4092 υὺ
561 4040 668 4111 γὰρ
699 4040 869 4109 χωρεῖ
899 4037 961 4090 τὸ
999 4036 1384 4108 περισσότερον
1415 4035 1449 4106 ἡ
1480 4033 1573 4088 τοῦ
1600 4030 1823 4104 δεχομὲυ

239 4150 329 4186 νου
359 4130 655 4202 βραχύτης.
688 4123 820 4182 Εἶτα
865 4126 1215 4201 προελθόντος
1242 4128 1321 4190 εἰς
1347 4125 1464 4196 φῶς
1495 4124 1589 4178 τοῦ
1625 4122 1818 4193 φυτοῦ,

239 4224 335 4275 καὶ
360 4221 498 4292 ἡλίῳ
541 4220 641 4288 τὴν
672 4218 907 4289 βλάστην
950 4217 1243 4282 δείξαντος,
1275 4217 1310 4287 ἡ
1341 4214 1631 4286 αἰσθητικὴ
1661 4212 1821 4285 χάρις

238 4312 568 4382 ἑπήνθησεν.
627 4308 1007 4380 Ἀδρυνθέντος
1044 4308 1102 4361 δὲ
1125 4308 1226 4379 ήδη
1258 4307 1354 4361 καὶ
1383 4307 1464 4371 είς
1510 4305 1820 4378 σύμμετρον

241 4405 418 4473 μῆκος
439 4400 856 4472 ἀναδραμόντος,
880 4398 1131 4469 καθάπερ
1148 4415 1232 4461 τις
1254 4393 1464 4468 καρπὸς
1493 4396 1820 4467 διαλάμπειν

237 4497 271 4566 ἡ
298 4494 495 4565 λογικὴ
526 4493 753 4562 δύναμις
783 4493 1030 4562 ἄρχεται,
1085 4489 1146 4543 οὐ
1193 4491 1342 4542 πᾶσα
1378 4486 1589 4559 ἀθρόως
1625 4490 1818 4557 ἐκφαι-

237 4586 438 4657 νομένη
460 4603 474 4616 ·
527 4584 661 4637 ἀλλὰ
707 4586 772 4655 τῇ
821 4581 915 4636 τοῦ
954 4581 1184 4652 ὀργάνου
1217 4578 1492 4633 τελειώσει
1528 4578 1595 4632 δι’
1627 4579 1819 4648 ὲπιμε-

236 4679 388 4742 λείας
419 4675 782 4740 συναύξουσα,
830 4673 1082 4729 τοσοῦτον
1113 4672 1200 4726 ἀεὶ
1224 4669 1666 4743 καρποφοροῦσα,
1694 4670 1817 4723 ὅσον

1923 3570 2145 3651 οκίιςιιε,
2185 3593 2340 3634 suam
2402 3578 2471 3632 ad
2515 3579 2907 3648 perfectionem
2966 3583 3353 3652 progreditur:
3413 3591 3496 3645 sic

1923 3673 2092 3727 animi
2131 3671 2365 3726 facultas
2395 3671 2559 3725 etiam
2590 3670 2805 3724 ratione
2834 3672 3193 3729 conveniente
3230 3691 3336 3730 una
3368 3693 3491 3734 cum

1922 3777 2151 3832 corpore
2182 3760 2396 3831 proficit
2420 3760 2808 3816 accrescendo.
2839 3761 2918 3816 Ac
2954 3762 3213 3835 princeps
3266 3768 3490 3838 quidem

1922 3851 2140 3908 exsistit
2170 3851 2226 3905 in
2253 3864 2320 3906 eo
2353 3849 2586 3906 facultas
2611 3865 2936 3909 accrescens
2968 3860 3023 3908 et
3046 3856 3294 3914 nutriens
3352 3862 3491 3925 sola,

1922 3943 2141 4013 quando
2164 3942 2376 3998 scilicet
2423 3941 2481 3997 in
2502 3937 2705 4009 opiﬁcii
2727 3944 2997 4015 principio
3045 3954 3301 4018 tanquam
3337 3951 3494 4007 radix

1921 4032 2167 4104 quaedam
2220 4032 2397 4087 adhuc
2429 4031 2616 4087 abdita
2663 4032 2767 4088 sub
2804 4044 2948 4090 terra
3001 4036 3148 4092 latet.
3187 4037 3320 4093 Nam
3373 4048 3491 4096 tum

1919 4140 2116 4196 capere
2165 4123 2297 4195 quid
2352 4123 2589 4194 amplius
2650 4140 2747 4195 per
2795 4126 3229 4185 imbecillitatem
3282 4133 3489 4202 nequit.

1921 4216 2129 4272 Deinde
2162 4216 2265 4271 hac
2319 4216 2479 4286 quasi
2529 4215 2772 4283 plantula
2826 4218 2879 4271 in
2929 4219 3102 4275 lucem
3152 4223 3489 4292 prodeunte,

1921 4318 2252 4376 germenque
2272 4320 2432 4361 suum
2460 4304 2562 4360 soli
2592 4312 2925 4367 ostentante,
2954 4308 3228 4364 sentiendi
3252 4308 3490 4369 facultas

1918 4396 2266 4453 emorescens
2300 4411 2424 4450 cum
2453 4396 2639 4467 priore
2669 4396 3024 4467 coniungitur
3044 4397 3110 4452 ’⁸.
3166 4395 3364 4456 Verum
3398 4403 3489 4458 ubi

1915 4488 2029 4558 jam
2059 4486 2197 4543 bene
2239 4502 2433 4559 magna
2494 4486 2638 4542 facta
2697 4494 2803 4551 est,
2843 4495 2898 4543 et
2953 4491 3333 4559 proceritatem
3384 4494 3490 4550 sibi

1920 4577 2336 4631 convenientem
2372 4576 2608 4644 adepta:
2645 4585 2761 4628 tum
2808 4574 3032 4632 demum
3093 4579 3269 4635 instar
3317 4581 3490 4652 ipsius

1921 4668 2135 4723 fructus
2190 4666 2417 4723 rationis
2468 4667 2738 4738 particeps
2769 4667 2998 4725 facultas
3048 4671 3325 4737 elucescit,
3380 4690 3491 4730 non

234 4771 405 4840 χωρεῖ
431 4766 527 4821 τοῦ
581 4765 938 4836 ὑποκειμένου
991 4766 1024 4834 ἡ
1073 4762 1317 4832 δύναμις.
1361 4762 1424 4814 Εἰ
1454 4761 1511 4814 δὲ
1540 4758 1720 4830 ζητεῖς
1757 4760 1815 4812 ὲν

1926 4761 2009 4813 illa
2035 4759 2253 4831 quidem
2279 4758 2461 4815 subito
2489 4764 2599 4813 tota
2619 4760 2961 4829 splendorem
2990 4776 3150 4816 suum
3174 4763 3488 4832 ostendens,

232 4864 295 4932 τῇ
362 4858 457 4912 τοῦ
525 4855 776 4927 σώματος
827 4855 1021 4908 πλάσει
1070 4854 1168 4916 τὰς
1218 4851 1452 4923 ψυχικὰς
1511 4851 1811 4923 ἐνεργείας,

234 4952 469 5023 πρόσεχε
504 4947 737 5016 σεαυτῷ,
771 4945 905 5018 φησὶ
943 4945 1166 5016 Μωσῆς,
1196 4943 1288 4997 καὶ
1327 4940 1615 5013 ἀναγνώσῃ
1644 4940 1815 4995 καθά-

235 5061 337 5115 περ
394 5044 452 5095 ὲν
489 5040 660 5112 βίϐλῳ
711 5038 820 5091 τῶν
849 5034 944 5108 τῆς
988 5031 1165 5107 ψυχῆς
1204 5035 1379 5107 ἔργων
1408 5034 1509 5107 τὴν
1549 5033 1809 5105 ἱστορίαν.

231 5136 376 5204 Αὐτὴ
408 5134 518 5205 γάρ
551 5148 633 5184 σοι
664 5130 931 5200 διηγεῖται
964 5130 996 5199 ἠ
1027 5128 1207 5198 φύσις,
1233 5127 1390 5195 λόγου
1422 5125 1621 5190 παντὸς
1652 5127 1812 5195 ἐναρ-

233 5226 509 5296 γέστερον,
555 5222 656 5285 τὰς
702 5220 950 5283 ποικίλας
999 5222 1055 5273 ὲν
1100 5218 1177 5290 τῷ
1229 5217 1442 5288 σώματι
1483 5217 1583 5286 τῆς
1634 5216 1813 5288 ψυχῆς

232 5318 510 5389 ἀσχολίας,
548 5314 607 5367 ἕν
642 5330 705 5366 τε
739 5315 859 5374 ταῖς
893 5311 1120 5364 καθόλου
1164 5310 1256 5365 καὶ
1280 5312 1335 5362 ἐν
1359 5311 1475 5372 ταῖς
1493 5309 1584 5362 ἐπὶ
1615 5309 1813 5381 μέρους

230 5411 566 5471 διασκευαῖς.
630 5402 793 5457 Ἀλλά
854 5403 1102 5472 περιττὸν
1156 5399 1307 5471 οἶμαι
1357 5402 1498 5471 λόγῳ
1554 5401 1623 5454 τὰ
1689 5403 1812 5455 καθ’

230 5504 375 5572 ἡμᾶς
418 5499 624 5560 αὑτοὺς
674 5492 952 5558 διεξιέναι,
997 5491 1247 5562 καθάπερ
1278 5511 1329 5545 τι
1367 5493 1474 5546 τῶν
1507 5491 1812 5563 ὑπερορίων

232 5594 620 5668 διηγουμένους
674 5588 987 5658 θαυμάτων.
1037 5586 1131 5649 Τίς
1169 5587 1275 5658 γὰρ
1335 5585 1523 5639 ἑαυτὸν
1580 5586 1809 5656 βλέπων,

1922 4852 2018 4909 sed
2049 4866 2159 4906 una
2186 4865 2311 4907 cum
2340 4851 2692 4906 instrumenti
2741 4852 2824 4905 sui
2856 4851 3190 4921 perfectione
3240 4854 3493 4910 celeriter

1920 4955 2267 5003 accrescens,
2296 4954 2500 5009 eosque
2523 4939 2739 4995 fructus
2767 4940 3076 5010 proferens,
3116 4940 3211 5010 qui
3244 4946 3492 5012 corporis

1922 5031 2169 5086 facultati
2196 5029 2583 5098 respondeant.
2619 5029 2772 5096 Quod
2802 5031 2848 5085 si
2879 5015 3130 5099 corporis
3186 5031 3240 5085 in
3273 5033 3494 5089 confor-

1920 5123 2159 5177 matione
2196 5122 2326 5193 quid
2363 5123 2581 5177 animus
2617 5122 2813 5176 eﬂiciat
2840 5121 3082 5191 quaeris:
3111 5122 3179 5177 ad
3206 5130 3259 5178 te
3287 5124 3489 5194 ipsum,

1920 5214 1997 5269 ait
2052 5212 2250 5279 Moses,
2306 5214 2539 5281 respice,
2602 5213 2658 5267 in
2710 5213 2884 5282 teipso
2936 5221 3197 5283 tanquam
3257 5218 3312 5272 in
3350 5219 3490 5274 libro

1920 5305 2154 5376 quodam
2188 5311 2357 5359 totam
2403 5304 2571 5358 animi
2602 5318 2827 5375 operum
2877 5304 3167 5361 historiam
3220 5310 3488 5380 perleges.

1923 5396 2040 5467 Ipsa
2065 5396 2209 5451 enim
2256 5403 2456 5450 natura
2512 5394 2672 5465 longe
2717 5394 2864 5448 omni
2905 5395 3153 5452 oratione
3220 5397 3488 5456 illustrius

1916 5493 2207 5564 explicabit
2241 5491 2337 5547 tibi
2378 5489 2728 5544 aﬂ‘ectionum
2759 5488 2927 5543 animi
2962 5490 3018 5544 in
3050 5505 3282 5561 corpore
3314 5493 3490 5547 varie-

1921 5595 2109 5649 tatem,
2140 5603 2262 5643 cum
2312 5586 2365 5640 in
2422 5582 2686 5655 universi,
2745 5589 2860 5641 tum
2909 5583 3150 5654 partium
3185 5591 3484 5642 structura.
