3794 6000
287 136 392 191 9.3.9

1529 126 1566 180 Β
1628 124 1960 187 GREGORII
2002 121 2301 181 NYSSENI

3432 108 3544 163 2ίο

290 251 397 308 Sed
428 251 571 307 enim
598 258 785 306 nostra
815 246 1302 305 commemorando
1333 262 1675 318 percensere,
1703 248 1858 319 quasi
1889 301 1895 310 ,

2035 265 2105 317 γῳ
2152 247 2321 299 δεῖται
2354 240 2448 312 τὴν
2482 239 2688 293 οἰκείαν
2725 236 2884 306 φύσιν
2913 232 3291 297 διδάσκεσθαι;
3321 231 3549 285 δυνατὶιν

288 344 532 413 quedam
595 353 822 398 externa
882 336 1169 408 miracula,
1233 339 1466 410 pretium
1523 352 1700 408 Opera:
1753 356 1863 394 non

290 435 476 489 fuerit.
510 432 644 499 Quis
701 433 846 489 enim
883 430 1109 488 alterius
1145 430 1393 485 oratione
1433 433 1685 481 naturam
1733 444 1866 499 pro-

290 529 465 598 priam
516 540 853 596 cognoscere
907 521 1204 588 desideret,
1236 536 1359 575 cum
1394 519 1497 590 ipsi
1560 520 1721 575 liceat
1774 535 1865 576 se-

292 620 472 690 ipsum
498 617 790 674 contueri?
832 614 968 669 Nam
1019 614 1110 684 qui
1143 628 1252 684 quo
1294 623 1453 683 pacto
1504 614 1750 669 vivamus
1782 615 1866 668 in-

293 711 505 780 telligit,
540 717 593 764 et
620 724 782 779 quam
814 714 1002 776 aptum
1047 707 1120 763 sit
1144 721 1343 777 corpus
1398 705 1467 760 ad
1527 720 1715 762 omnes
1745 706 1869 761 vitae

295 801 545 870 proprias
579 798 826 853 actiones
856 795 1072 862 didicit,
1106 796 1154 851 is
1182 796 1349 850 etiam
1395 796 1669 851 aestimare
1717 795 1872 850 facil-

298 894 427 947 lime
486 899 688 962 potest,
741 891 796 944 in
854 905 965 959 quo
1015 887 1301 944 eﬂieiendo
1370 887 1540 943 animi
1602 895 1871 959 occupata

294 982 469 1050 prima
504 982 557 1034 in
580 981 822 1034 hominis
845 979 1279 1033 conformatione
1299 993 1462 1048 opera
1495 978 1674 1033 fuerit.
1695 979 1874 1034 Adeo-

296 1091 401 1144 que
444 1074 511 1129 de
551 1074 657 1126 hoc
698 1074 815 1142 ipso
845 1079 989 1140 patet
1029 1070 1237 1124 homini
1280 1085 1387 1125 non
1412 1071 1636 1125 omnino
1668 1070 1869 1137 hebeti,

300 1177 641 1239 nequaquam
664 1172 938 1217 mortuum
964 1167 1018 1215 et
1041 1161 1339 1227 inanimum
1372 1160 1641 1216 exsistere
1671 1160 1726 1213 in
1753 1158 1872 1213 olli-

298 1256 420 1309 cina
448 1262 678 1316 naturae,
710 1251 866 1323 quod
916 1252 983 1305 ad
1042 1252 1434 1321 plantationem
1494 1249 1655 1318 quasi
1682 1266 1874 1321 quam-

299 1347 422 1400 dam
456 1345 709 1400 animalis
740 1345 807 1399 de
840 1344 963 1399 vivo
990 1344 1241 1399 avulsum
1268 1356 1497 1412 corpore
1523 1343 1577 1396 in
1607 1356 1671 1397 ea
1703 1342 1872 1412 depo-

305 1439 468 1492 nitur.
500 1435 636 1491 Nam
668 1443 720 1492 et
743 1434 1016 1491 fructuum
1050 1450 1240 1506 grana,
1284 1432 1642 1503 radicumque
1683 1448 1877 1489 surcu-

302 1532 385 1584 los
415 1541 570 1584 terra:
596 1545 707 1584 non
763 1528 1111 1592 mandamus,
1165 1534 1455 1597 postquam
1515 1526 1681 1581 insita
1734 1526 1814 1580 eis
1847 1540 1876 1579 a

1972 338 2080 408 γάρ
2103 339 2218 390 ἐστι
2246 336 2334 388 τὸν
2362 332 2462 402 τῆς
2493 329 2637 400 ζωῆς
2664 327 2862 399 τρόπον
2889 326 3318 395 κατανοήσαντα,
3352 322 3449 376 καὶ
3473 321 3551 384 ὡς

1974 427 2112 499 πρὸς
2152 427 2329 478 πᾶσαν
2376 419 2612 490 ζωτικὴν
2660 410 2938 486 ἐνέργειαν
2971 413 3287 483 ἐπιτηδείως
3337 411 3451 481 ἔχει
3489 408 3553 461 τδ

1978 508 2573 589 σῶμακαταμαθόντα,
2608 508 2807 577 γνῶναι
2833 507 2960 578 περὶ
2983 505 3035 558 τί
3070 501 3450 574 κατησχολὴοη
3491 499 3555 554 τὸ

1977 608 2208 678 φυσικὸν
2240 607 2338 677 τῆς
2366 604 2543 675 ψυχῆς
2571 599 2722 672 παρά
2749 597 2847 669 τὴν
2881 595 3102 667 πρώτην
3144 595 3236 648 τοῦ
3263 593 3554 663 γινομένου

1976 676 2483 755 διάπλασινξὯστε
2511 693 2603 747 καὶ
2634 690 2721 743 διὰ
2768 688 2956 742 τούτου
2991 684 3219 757 φανερὸν
3262 676 3400 738 εἷναι
3439 685 3555 747 τοῖς

1976 784 2076 845 οὐκ
2115 787 2560 848 ἀνεπισκέπτοις,
2600 782 2661 835 τὸ
2695 781 2769 852 μὴ
2814 779 3004 852 νεκρόν
3036 795 3096 831 τε
3126 776 3217 831 καὶ
3261 776 3466 846 ἄψυχον
3497 777 3559 827 ἐν

1976 882 2053 953 τῷ
2102 878 2445 952 ἐργαστηρίῳ
2476 872 2726 943 γενέσθαι
2758 871 2855 940 τῆς
2899 869 3131 939 φύσεως,
3187 868 3215 921 ὃ
3268 866 3403 937 πρὸς
3452 867 3557 935 τὴν

1977 970 2070 1025 τοῦ
2107 969 2245 1033 ζὼου
2296 964 2518 1036 φυτείαν
2567 963 2631 1013 ἐκ
2670 956 2765 1012 τοῦ
2801 957 3001 1021 ζῶντος
3034 955 3283 1026 σώματος
3307 955 3559 1006 ἀποσπα-

1980 1065 2105 1118 σθέν
2140 1058 2377 1129 ἐνετέθη.
2425 1054 2535 1109 Καὶ
2566 1051 2674 1121 γὰρ
2715 1050 2807 1102 καὶ
2852 1048 2959 1102 τῶν
3001 1046 3227 1118 καρπῶν
3265 1044 3363 1106 τὰς
3409 1045 3561 1096 ἐντε-

1982 1155 2200 1230 ριὼνας,
2223 1150 2317 1205 καὶ
2354 1149 2452 1212 τὰς
2483 1145 2592 1199 τῶν
2632 1141 2796 1213 ῥιζῶν
2824 1139 3139 1201 ἀποσπὰδας
3165 1137 3227 1190 οὐ
3268 1133 3563 1206 νεκρωθεῖ-

1983 1224 2080 1307 ea;
2118 1243 2217 1312 τῆς
2265 1237 2590 1308 ἐγκειμένης
2616 1236 2680 1306 τῇ
2725 1230 2882 1301 φύσει
2913 1228 3147 1296 ζωτικῆς
3178 1224 3460 1293 δυνάμεως
3491 1224 3560 1292 τῇ

1981 1338 2051 1406 γῇ
2083 1329 2510 1398 καταϐάλλομεν,
2543 1320 2677 1379 ἀλλὰ
2714 1318 3081 1392 συντηρούσας
3129 1320 3185 1370 ἐν
3217 1318 3433 1380 ἑαυταῖς
3472 1332 3563 1368 κει

1983 1423 2305 1497 κρυμμένην
2363 1423 2482 1495 μὲν,
2516 1417 2696 1482 ζῶσαν
2746 1416 2801 1467 δὲ
2832 1412 3047 1474 πάντως
3075 1407 3168 1463 τοῦ
3195 1407 3558 1478 πρωτοτύπου

1982 1518 2082 1587 τὴν
2118 1515 2375 1583 ἰδιότητα.
2413 1510 2522 1581 Τὴν
2555 1508 2611 1562 δὲ
2636 1503 2890 1576 τοιαύτην
2920 1504 3146 1572 δύναμιν
3195 1501 3295 1553 οὒκ
3345 1498 3561 1570 ἐντίθη-

300 1632 498 1677 natura
530 1621 762 1677 facultas
801 1621 982 1677 vitalis
1042 1629 1291 1675 emortua
1350 1618 1549 1674 fuerit:
1612 1618 1708 1674 sed
1755 1633 1877 1672 cum

2035 1626 2071 1663 .v
2106 1611 2141 1680 ἡ
2176 1605 2503 1677 περιέχουσα
2532 1602 2600 1672 γῆ
2638 1599 2837 1667 ἔξωθεν
2880 1597 3008 1666 παρ’
3036 1593 3232 1664 ἐαυτῆς
3271 1590 3562 1680 ἐπεισκρί-

302 1717 479 1771 adhuc
501 1729 690 1769 eorum
742 1728 773 1767 a
825 1714 1025 1783 quibus
1073 1719 1194 1765 orta
1234 1718 1386 1776 sunt,
1441 1711 1552 1763 vim
1603 1709 1881 1779 propriam

304 1813 654 1871 conservant,
684 1806 943 1860 latentem
974 1804 1196 1875 quidem
1225 1803 1374 1858 illam
1403 1810 1457 1858 et
1492 1800 1759 1865 abditam,
1787 1801 1882 1855 sed

304 1909 482 1954 tamen
531 1900 728 1953 vivam.
787 1895 854 1950 Et
894 1896 978 1951 vis
1024 1895 1244 1966 quidem
1312 1893 1629 1962 huiusmodi
1672 1907 1779 1948 non
1817 1891 1885 1947 de

307 1984 820 2051 terra'exlrinsecus
848 1987 1102 2043 hauritur
1136 1987 1302 2056 (nam
1327 1984 1623 2054 caeteroq'ui
1660 1997 1885 2039 necesse

308 2080 447 2137 foret
475 2082 639 2137 etiam
676 2082 820 2151 ligna
842 2088 1089 2134 emortua
1126 2076 1445 2147 pullulando
1477 2076 1818 2149 elllorescere
1840 2074 1882 2142 ),

310 2172 405 2227 sed
437 2172 599 2225 insita
632 2171 795 2224 rebus
835 2170 946 2239 jam
1012 2175 1160 2233 ante,
1192 2182 1289 2236 per
1342 2177 1544 2222 terram
1608 2165 1773 2220 modo
1826 2165 1882 2218 in

312 2268 557 2331 apertum
589 2258 936 2329 producitur,
963 2256 1402 2328 suppeditantem
1430 2269 1656 2310 succum
1685 2266 1881 2308 suum:

310 2354 377 2408 de
410 2368 517 2423 quo
541 2352 724 2422 planta
746 2350 949 2416 radice,
978 2346 1473 2413 cortice,medulla,
1497 2356 1885 2413 ramorumque

311 2432 550 2500 surculis
572 2451 755 2507 aucta,
783 2442 949 2512 plane
983 2440 1202 2495 tandem
1245 2438 1499 2492 omnibus
1524 2436 1608 2492 sui
1635 2433 1884 2505 partibus

309 2536 632 2590 absolvitur.
694 2533 839 2588 Idem
871 2532 1015 2588 enim
1067 2532 1186 2587 ﬁeri
1219 2546 1327 2584 non
1378 2535 1586 2599 posset,
1624 2527 1674 2581 si
1733 2525 1884 2579 nulla

1978 1679 2165 1754 νουσα·
2190 1693 2226 1767 ἦ
2250 1695 2359 1768 γὰρ
2389 1694 2452 1749 ἂν
2478 1692 2573 1745 καὶ
2600 1688 2667 1743 τὰ
2696 1685 2864 1758 νεκρὰ
2886 1685 2994 1739 τῶν
3019 1683 3189 1750 ξύλων
3221 1683 3300 1744 είς
3324 1679 3566 1750 βλάστην

1979 1792 2282 1864 προήγετο·
2333 1784 2467 1842 ἀλλά
2514 1781 2612 1854 τὴν
2642 1778 2999 1849 ἐπικειμένην
3048 1774 3266 1845 ἔκδηλον
3311 1773 3564 1843 ἀπεργά⁸

1982 1861 2151 1949 ζεται,
2192 1878 2278 1933 διὰ
2326 1876 2424 1946 τῆς
2464 1871 2669 1934 οἰκείας
2704 1867 2929 1940 ἰκμάδος
2964 1864 3323 1936 τιθηνουμένη
3370 1864 3453 1924 είς
3486 1861 3568 1932 et.

1983 1975 2104 2039 ζαν,
2148 1970 2241 2025 καὶ
2273 1967 2480 2038 φλοιὸν,
2533 1963 2630 2017 καὶ
2658 1958 3002 2032 ἐντεριώνην,
3036 1958 3128 2009 καὶ
3172 1954 3272 2019 τὰς
3296 1953 3402 2007 τῶν
3434 1952 3568 2039 κλά-

1984 2036 2086 2118 δων
2136 2036 2392 2129 ἐκφύσεις
2439 2053 2501 2108 τὸ
2550 2052 2714 2124 φυτὸν
2756 2050 3058 2104 τελειοῦσα.
3090 2047 3267 2115 Ὅπερ
3311 2044 3409 2114 οὐχ
3456 2036 3568 2096 οἷόν

1986 2172 2045 2208 τε
2075 2149 2142 2224 ἦν
2174 2147 2439 2219 γίνεσθαι,
2493 2146 2565 2216 μή
2614 2156 2754 2207 τινος
2788 2141 3023 2212 φυσικῆς
3055 2137 3335 2207 δυνάμεως
3372 2151 3568 2224 συνεν-

1985 2218 2254 2312 τεθείσης,
2285 2239 2404 2308 ἣτις
2445 2234 2540 2305 τὴν
2584 2229 2821 2300 συγγενῆ
2852 2229 2945 2282 καὶ
2973 2223 3305 2294 κατάλληλον
3350 2222 3415 2275 ἐκ
3460 2218 3570 2272 τῶν

1988 2328 2405 2405 παρακειμένων
2447 2324 2650 2396 τροφὴν
2691 2323 2771 2385 εἰς
2804 2318 2999 2390 ἑαυτὴν
3028 2316 3280 2405 ἕλκουσα,
3327 2312 3558 2405 θάμνος,

1985 2425 2019 2495 ἢ
2047 2401 2279 2493 δένδρον,
2308 2417 2342 2487 ἢ
2376 2415 2597 2484 στάχυς,
2633 2412 2668 2483 ἦ
2705 2428 2757 2464 τι
2786 2410 2892 2464 τῶν
2935 2403 3288 2480 φρυγανικῶν
3324 2401 3567 2473 βλαστηε-

1995 2517 2178 2587 μάτων
2218 2508 2453 2577 ἐγένετο.

312 2631 546 2686 facultas
587 2628 637 2683 ei
670 2626 933 2680 naturalis
961 2625 1132 2679 indita
1179 2624 1341 2691 foret,
1380 2591 1829 2693 aquaeognato
1871 2623 1927 2672 et
1964 2608 2324 2668 conveniente
2370 2601 2631 2691 alimento
2678 2597 2744 2653 de
2792 2595 2988 2651 vicinis
3033 2591 3277 2662 partibus
3314 2595 3573 2653 attracto,

321 2725 406 2778 vel
451 2722 754 2784 arbustum,
788 2718 871 2775 vel
906 2718 1095 2784 arbor,
1134 2717 1220 2772 vel
1276 2715 1448 2787 spica,
1512 2713 1596 2770 vel
1624 2710 1856 2784 quodvis
1901 2702 2196 2776 virgultum
2227 2701 2565 2754 nasceretur.

881 2831 1107 2890 CAPUT
1151 2831 1319 2887 XXX.

320 2930 554 2983 Humani
586 2927 1130 2995 corporisrstructura:
1167 2923 1409 2993 quaedam
1471 2921 1640 2995 altius
1678 2936 1743 2974 ex
1772 2920 1889 2988 ipsa

531 2991 787 3051 medicina
815 2994 1034 3048 breviter
1054 2991 1276 3062 repetita
1305 2991 1694 3057 contemplatio.

392 3089 500 3143 Sed
527 3089 671 3142 enim
717 3088 1095 3157 unusquisque
1126 3093 1400 3150 nostrum,
1430 3091 1625 3138 natura
1665 3081 1892 3153 prepria

321 3179 585 3248 magistra
618 3185 674 3231 et
706 3176 868 3240 duce,
900 3182 1230 3229 structuram
1257 3173 1507 3244 corporis
1542 3179 1798 3228 accurate
1826 3186 1893 3227 ex

322 3284 389 3324 eo
414 3266 560 3338 quod
588 3276 643 3321 et
666 3266 811 3322 videt
839 3273 894 3319 et
916 3265 1050 3321 vivit
1090 3271 1145 3320 et
1175 3265 1368 3331 sentit,
1409 3278 1747 3335 cognoscere
1796 3277 1895 3333 po-

326 3360 471 3412 terit.
497 3358 640 3424 Quin
672 3365 727 3413 et
755 3374 785 3410 a
812 3358 953 3415 viris
986 3356 1325 3414 doctissimis
1354 3356 1495 3411 haec
1523 3355 1769 3411 studiose
1801 3370 1897 3410 ero

327 3449 524 3518 plicata
556 3462 680 3504 cum
716 3447 846 3512 sint,
878 3448 1007 3503 licet
1045 3448 1362 3503 universam
1399 3454 1455 3502 et
1502 3446 1769 3516 integram
1803 3460 1898 3499 eo-

326 3556 447 3595 rum
483 3540 789 3596 doctrinam
835 3541 903 3595 de
944 3541 1108 3597 libris
1150 3540 1346 3596 horum
1384 3553 1727 3609 expromere.
1766 3538 1894 3605 Alii,

327 3648 450 3701 quae
506 3632 795 3687 collocatio
851 3631 923 3688 sit
976 3631 1318 3703 singularum
1369 3630 1428 3685 in
1463 3630 1625 3686 nobis
1663 3629 1898 3700 partium

330 3724 556 3780 scrutati
590 3732 739 3780 sunt.
765 3722 898 3791 Alii,
943 3738 1103 3793 quem
1135 3723 1203 3778 ad
1231 3737 1393 3779 usum
1433 3721 1620 3777 omnia
1653 3720 1900 3790 corporis

329 3819 573 3875 membra
599 3816 742 3871 facta
773 3818 904 3882 sint,
955 3816 1306 3886 indagarunt,
1359 3825 1414 3870 et
1450 3815 1611 3870 nobis
1661 3813 1902 3884 explica-

331 3915 487 3971 runt,
530 3913 589 3960 ut
618 3906 731 3976 iam
767 3906 835 3960 de
867 3906 1061 3960 horum
1096 3906 1507 3962 commentariis
1541 3920 1740 3977 capere
1783 3912 1903 3959 stu-

331 4002 470 4057 diosi
526 4001 718 4054 barum
781 4014 961 4053 rerum
1012 3996 1377 4067 cognitionem
1420 3996 1644 4050 humani
1700 3993 1905 4064 opiﬁcii

333 4092 659 4163 locupletem
716 4097 772 4145 et
804 4089 956 4143 nulla
987 4088 1073 4145 sui
1106 4095 1260 4158 parte
1288 4086 1630 4143 deﬁcientem
1668 4083 1901 4154 possint.

335 4184 491 4251 Quod
541 4185 589 4239 si
645 4182 771 4253 quis
799 4181 961 4238 etiam
1014 4180 1131 4235 haec
1195 4179 1486 4241 universa,
1548 4175 1615 4232 de
1654 4174 1905 4230 doctrina

332 4277 556 4346 propria
586 4290 715 4329 vero
743 4274 798 4327 in
828 4273 990 4328 terris
1021 4271 1114 4326 Dei
1145 4269 1313 4326 coetui
1362 4267 1578 4324 discere
1606 4266 1783 4332 malit,
1840 4279 1907 4320 ne

339 4366 448 4418 ulla
489 4364 544 4417 in
568 4378 634 4418 re
661 4362 951 4432 disciplina
982 4367 1169 4416 extera
1208 4373 1369 4430 egere
1402 4356 1578 4411 videri
1626 4354 1901 4426 possimus

320 4457 359 4525 ρ(
381 4454 600 4524 quando
649 4454 735 4506 lex
787 4454 984 4507 ovibus
1031 4449 1413 4521 spiritualibus
1460 4454 1546 4503 est
1586 4444 1907 4517 proposita,

334 4539 803 4613 quemadmodum
829 4541 905 4593 ait
937 4540 1224 4604 Dominus,
1254 4537 1375 4610 Non
1408 4552 1530 4593 esse
1554 4535 1674 4590 voci
1726 4535 1866 4589 alius
1892 4576 1908 4602 ,

339 4642 494 4691 extra
523 4649 684 4704 quam
711 4632 968 4703 pastoris,
996 4648 1158 4687 aures
1178 4627 1497 4702 praebendas
1519 4629 1565 4660 ”
1589 4627 1629 4699 ),
1666 4642 1764 4698 age
1790 4626 1915 4682 bre-

343 4725 482 4791 vitcr
510 4721 689 4777 dehis
718 4735 937 4791 quoque
976 4720 1332 4776 disseramus.
1364 4718 1506 4772 Sunt
1533 4717 1756 4771 omnino
1791 4730 1914 4771 cor-

330 4815 491 4886 poris
514 4814 567 4867 in
601 4820 820 4875 natura,
856 4812 959 4865 tria
1001 4825 1251 4875 numero,
1306 4824 1538 4879 quorum
1586 4809 1761 4879 gratia
1797 4811 1912 4865 sin-

340 4906 554 4977 gulatin
591 4903 749 4960 nobis
804 4903 1049 4958 membra
1091 4908 1221 4956 sunt
1274 4900 1439 4956 facta.
1482 4899 1619 4954 Nam
1672 4900 1796 4963 alia,
1854 4907 1913 4953 ut

343 5000 649 5053 viveremus
690 4994 913 5050 condita
944 5001 1114 5058 sunt;
1163 4992 1288 5057 alia,
1323 5000 1382 5046 ut
1425 4991 1668 5059 jucunde
1705 4992 1906 5046 vivere.

341 5105 508 5152 nius;
554 5088 684 5150 alia,
716 5093 777 5140 ut
834 5094 980 5142 esset
1037 5086 1090 5139 in
1132 5084 1392 5170 humano\
1421 5099 1619 5154 genere
1648 5093 1913 5154 perpetua

346 5178 677 5248 posteritatis
704 5178 1009 5233 successio.
1050 5175 1184 5242 Qua:
1219 5190 1382 5245 porro
1423 5175 1551 5245 ejus
1582 5184 1712 5231 sunt
1753 5190 1915 5245 gene-

344 5269 445 5330 ris,
474 5273 533 5319 ut
564 5266 610 5320 si
637 5267 841 5334 absque
874 5265 1008 5335 ipsis
1055 5264 1215 5329 foret,
1274 5265 1436 5321 homo
1490 5282 1604 5321 non
1656 5266 1911 5319 viveret:

350 5355 524 5410 tribus
550 5356 807 5411 membris
831 5356 1389 5425 comprehenduntur,
1448 5357 1693 5425 cerebro,
1725 5355 1911 5425 corde,

420 5516 463 5546 ‘9
499 5510 656 5565 Joan.
695 5530 747 5577 ς,
776 5511 828 5579 4,
862 5511 914 5568 3.
968 5542 977 5553 -

1938 4320 1986 4378 D

2486 2804 2885 2864 ΚΕΦΑΛΑΙΟΝ
2925 2804 3007 2857 A’.

1999 2913 2219 2984 Θεωρία
2268 2928 2356 2984 τις
2388 2900 2767 2984 ζατρικωτεζοα
2816 2890 3259 2984 {rapina-1123‘?
3300 2888 3581 2959 σώματος

2288 2962 2460 3049 νήλιῶν
2476 2962 2899 3032 ’κατίιοῖκευῆς
2927 2963 2999 3017 δι’
3039 2962 3278 3030 ὀλίγων.

2082 3074 2241 3131 ama
2274 3071 2372 3143 τὴν
2403 3068 2499 3141 μὲν
2554 3062 2753 3136 ἀκριϐῆ
2807 3058 2899 3112 τοῦ
2952 3055 3200 3125 σώματος
3253 3051 3408 3143 ἡμῶν
3457 3051 3578 3143 διας

2002 3169 2196 3240 σκευὴν
2241 3134 2478 3218 διδάσκει
2536 3134 2640 3227 μὲν
2685 3154 2915 3214 ἕκαστος
2975 3145 3186 3210 ἐαυτὸν,
3231 3144 3302 3232 ⁴ἐξ
3358 3139 3431 3240 ὧν
3478 3134 3583 3212 ὁρᾷ

1999 3279 2059 3315 τε
2110 3234 2203 3313 καὶ
2250 3254 2316 3326 ζῇ
2370 3251 2465 3306 καὶ
2518 3246 2851 3309 αἰσθάνεται,
2905 3241 3001 3312 τὴν
3051 3240 3186 3293 ἰδίαν
3238 3234 3430 3291 ἐαυτοῦ
3481 3235 3586 3303 φύ-

2004 3372 2086 3408 σιν
2151 3346 2467 3405 διδάσκαλον
2533 3342 2689 3412 έχων.
2752 3334 3059 3403 Ἔξεστιδέ
3113 3331 3208 3386 καὶ
3254 3331 3351 3400 τὴν
3389 3330 3447 3381 ἐν
3501 3327 3585 3399 βί-

2004 3446 2148 3506 ϐλοις
2190 3433 2635 3511 φιλοπονηθεῐσαν
2680 3431 2792 3491 τοῖς
2836 3426 2903 3479 τὰ
2944 3422 3169 3477 τοιαῦτα
3227 3421 3410 3489 σοφοῖς
3440 3417 3584 3511 περὶ

2004 3509 2212 3590 τούτων
2263 3526 2499 3599 ἱστορίαν
2546 3519 2898 3582 ἀναλαϐόντι,
2959 3516 3138 3570 πάντα
3184 3513 3251 3566 δι’
3294 3509 3588 3581 ἀκριϐείας

2010 3624 2218 3697 μαθεῖν.
2254 3614 2354 3673 Ὧν
2380 3619 2427 3671 οἱ
2461 3616 2559 3688 μὲν
2594 3614 2741 3674 ὅπως
2771 3609 2883 3680 ἔχει
2912 3607 3112 3669 θέσεως
3142 3605 3209 3658 τὰ
3243 3603 3588 3697 καθέκαστον

2006 3690 2113 3769 τῶν
2160 3715 2216 3767 ἐν
2246 3712 2400 3782 ἡμῖν,
2437 3706 2523 3760 διὰ
2554 3704 2655 3774 τῆς
2690 3699 2963 3770 ἀνατομῆς
2997 3694 3381 3765 ἐδιδάχθησαν·
3425 3693 3475 3744 οἱ
3530 3690 3590 3744 δὲ

2009 3807 2102 3860 καὶ
2136 3801 2270 3873 πρὸς
2299 3801 2327 3853 ὅ
2364 3816 2415 3852 τι
2447 3796 2636 3865 γέγονε
2671 3791 2849 3846 πάντα
2878 3788 2950 3841 τὰ
2995 3785 3089 3839 τοῦ
3125 3785 3371 3854 σώματος
3419 3782 3589 3854 μόρια

2011 3891 2339 3961 κατενόησάν
2368 3906 2426 3942 τε
2448 3887 2543 3941 καὶ
2569 3885 2911 3955 διηγήσαντο,
2935 3880 3008 3944 ὡς
3034 3878 3309 3950 ἀρκοῦσαν
3336 3875 3590 3929 ἐντεῦθεν

2010 3987 2107 4056 τῆς
2134 3982 2479 4056 ἀνθρωπίνης
2510 3976 2853 4045 κατασκευῆς
2878 3972 2975 4044 τὴν
2997 3970 3197 4041 γνῶσιν
3225 3972 3337 4033 τοῖς
3365 3968 3594 4038 φιλοπό-
3652 3972 3659 3978 ’

2011 4094 2121 4140 νοις
2149 4073 2423 4144 γενέσθαι.
2456 4072 2518 4124 El
2549 4068 2606 4122 δέ
2631 4085 2713 4131 τις
2741 4064 3021 4136 ἐπιζητοίη
3052 4064 3267 4117 πάντων
3290 4060 3468 4115 αὐτῶν
3488 4060 3592 4130 τὴν

2013 4164 2307 4235 ἐκκλησίαν
2359 4156 2675 4214 διδάσκαλον
2707 4153 2974 4224 γίνεσθαι,
3009 4153 3085 4216 ὡς
3133 4154 3213 4215 εἰς
3267 4150 3434 4222 μηδὲν
3485 4150 3593 4220 τῆς

2012 4260 2211 4327 ἔξωθεν
2256 4258 2436 4328 φωνῆς
2475 4251 2773 4307 ἐπιδεῖσθαι
2813 4241 2987 4320 (οὗτος
3017 4246 3125 4317 γὰρ
3150 4245 3257 4299 τῶν
3293 4261 3596 4313 πνευματι-

2015 4350 2125 4405 κῶν
2169 4350 2452 4421 προϐάτων
2497 4349 2526 4399 ὁ
2565 4344 2745 4414 νόμος,
2785 4337 2966 4403 καθώς
3004 4357 3166 4409 φησιν
3192 4340 3220 4391 ὁ
3255 4334 3477 4407 Κύριος,
3527 4338 3593 4389 τὸ

1990 4439 2298 4516 ’ἀλλοτρίας
2348 4442 2422 4513 μὴ
2466 4437 2684 4493 ἀκούειν
2716 4434 2941 4506 φωνῆς),
2964 4425 3052 4486 διὰ
3093 4429 3338 4502 βραχέων
3373 4428 3465 4481 καὶ
3500 4430 3596 4481 τὸν

2019 4534 2378 4606 περὶτούτων
2412 4532 2568 4599 λόγον
2609 4524 2996 4595 διαληψόμεθα.
3041 4521 3176 4591 Τρία
3208 4522 3333 4592 περὶ
3366 4519 3460 4590 τὴν
3497 4518 3596 4572 τοῦ

2021 4625 2267 4696 σώματος
2291 4623 2590 4692 ἐνοήσαμεν
2620 4616 2800 4686 φύσιν,
2832 4610 2904 4667 ὧν
2930 4614 3089 4683 χάριν
3119 4611 3185 4664 τὰ
3208 4611 3327 4664 καθ’
3361 4610 3597 4663 ἕκαστον

2018 4716 2125 4769 τῶν
2146 4717 2201 4768 ἐν
2234 4715 2363 4785 ἡμῖν
2396 4708 2840 4763 κατεσκεύασται.
2877 4705 2956 4758 Τὰ
2989 4706 3085 4774 μέν
3119 4703 3227 4775 γὰρ
3256 4702 3345 4756 διὰ
3379 4703 3440 4755 τὸ
3469 4700 3597 4771 ζῇν,

2019 4809 2088 4863 τὰ
2111 4809 2168 4862 δὲ
2188 4806 2273 4860 διὰ
2299 4804 2360 4857 τὸ
2393 4800 2573 4863 καλῶς
2599 4800 2719 4870 ζῇν,
2761 4799 2923 4870 ’έτερα
2949 4796 3005 4849 δέ
3032 4796 3166 4868 πρὸς
3203 4796 3302 4866 τὴν
3343 4794 3600 4868 διαδοχὴν

2019 4899 2126 4952 τῶν
2155 4893 2549 4964 ἐπιγινομένων
2577 4888 2897 4958 ἐπιτηδείως
2926 4887 3056 4958 ἔχει.
3110 4888 3251 4941 Ὅσα
3291 4888 3387 4957 μὲν
3417 4882 3514 4940 οὖν
3540 4891 3601 4943 ἐν

2020 4994 2151 5062 ἡμῖν
2180 4985 2402 5042 τοιαῦτά
2448 4986 2617 5047 ἐστιν,
2663 4975 2737 5035 ὧν
2783 4982 2911 5036 ἄνευ
2944 4978 3205 5049 συστῆναι
3242 4979 3339 5049 τὴν
3379 4978 3602 5051 ἀνθρω-

2019 5083 2179 5149 πίνην
2210 5077 2353 5145 ζωὴν
2392 5075 2490 5127 οὐκ
2520 5073 2813 5143 ἐνδέχεται,
2851 5073 2910 5124 ἐν
2947 5070 3097 5140 τρισὶ
3125 5068 3333 5139 μορίοις
3371 5086 3603 5125 κατενο-

2017 5171 2231 5239 ήσαμεν
2252 5182 2263 5195 ⁸
2297 5167 2355 5217 ἐν
2379 5162 2685 5233 ἐγκεφάλῳ,
2717 5162 2810 5215 καὶ
2836 5162 3053 5231 καρδίᾳ,
3087 5161 3181 5213 καὶ
3217 5161 3408 5231 ἥπατι.
3453 5160 3601 5217 Ὅσα

2019 5261 2076 5313 δὲ
2095 5257 2377 5329 προσθήκη
2396 5256 2479 5320 τίς
2514 5257 2629 5307 ἐστι
2663 5254 2769 5307 τῶν
2794 5253 3033 5322 ἀγαθῶν,
3074 5254 3166 5306 καὶ
3197 5252 3476 5324 φιλοτιμία
3497 5255 3604 5325 τῆς

2022 5352 2254 5423 φύσεως,
2288 5348 2348 5401 τὸ
2379 5341 2436 5401 εὗ
2462 5347 2559 5417 ζῇν
2592 5346 2657 5400 δι’
2704 5347 2925 5399 ἐκείνων
2959 5344 3033 5416 τῷ
3062 5344 3332 5417 ἀνθρώπῳ
3370 5345 3602 5416 χαριζο-
