3794 6000
195 303 289 360 ΞΗ

1417 321 1503 376 οε
1543 319 1826 379 uoutNts
1863 292 2180 382 omnem.

3323 326 3432 381 2H

209 432 378 501 μένῃς,
410 432 477 487 τὰ
510 434 636 504 περὶ
680 434 772 507 τὴν
811 435 1060 506 αἰσθησίν
1103 452 1246 490 εστιν
1277 437 1501 507 ὄργανα.
1540 440 1618 493 Τά
1657 441 1765 512 γὰρ

1892 445 2130 501 ecinore.
2169 446 2296 511 Qua:
2331 446 2597 502 bonorum
2632 449 2755 499 sunt
2792 442 2938 497 velut
2980 438 3430 500 additamentum.

206 522 414 576 τοιαῦτα
440 525 543 596 τὴν
570 523 716 596 ζωὴν
747 526 930 597 μὲνού
964 528 1292 599 συνίστησιν,
1316 531 1437 583 ἐπεὶ
1465 531 1556 585 καὶ
1584 531 1765 584 λιπόν-

204 630 303 667 των
326 614 488 668 τινῶν
535 615 813 679 πολλάκις,
836 618 985 672 οὐδὲν
1012 613 1171 690 ἦττον
1203 620 1260 672 ἐν
1298 618 1375 689 τῷ
1416 619 1514 691 ζῇν
1548 621 1694 673 ἐστιν
1738 622 1767 673 ό

206 703 500 775 ἄνθρωπος,
526 706 642 760 ἀλλ’
662 709 941 778 ἀμήχανον
967 710 1087 780 δίχα
1106 709 1309 765 τούτων
1328 712 1434 764 τῶν
1456 712 1764 783 ἐνεργειῶν,

208 795 306 848 τῶν
360 796 501 850 κατά
543 797 640 868 τὴν
698 795 841 869 ζωὴν
894 801 1064 870 ἡδέων
1105 801 1200 872 τὴν
1246 802 1532 873 μετουσίαν
1603 804 1764 874 ἔχειν.

218 887 272 939 'U
313 887 369 939 δὲ
414 887 594 957 τρίτος
644 890 844 953 σκοπὸς
888 890 1024 961 πρὸς
1067 892 1127 945 τὸ
1175 892 1372 963 ἐφεξῆς
1414 911 1475 947 τε
1527 897 1621 947 καὶ¹
1670 895 1767 966 τὴν

205 973 442 1045 διαδοχὴν
505 974 712 1045 βλέπει.
789 978 943 1033 Ἔστι
989 980 1046 1034 δὲ
1096 983 1189 1036 καὶ
1234 982 1369 1037 ἀλλα
1424 983 1542 1039 τινὰ
1621 987 1773 1057 παρά

209 1066 386 1131 ταῦτα,
418 1066 454 1120 ἀ
482 1066 616 1138 πρὸς
642 1068 900 1140 διαμονὴν
938 1072 1091 1125 κοινά
1114 1074 1226 1135 τοίς
1259 1075 1423 1127 πᾶσιν
1464 1074 1766 1141 ὑπόκειται,

209 1156 302 1219 τὰς
332 1158 696 1229 καταλλήλους
728 1160 1046 1231 προσθήκας
1073 1162 1138 1216 δι’
1167 1164 1374 1233 ἑαυτῶν
1393 1167 1769 1234 ἐπεισάγοντα,

212 1246 285 1310 ὡς
302 1247 474 1301 κοιλία
497 1250 589 1302 καὶ
620 1249 894 1320 πνεύμων,
913 1255 941 1305 ὁ
970 1252 1067 1322 μὲν
1085 1252 1160 1323 τῷ
1186 1255 1452 1324 πνεύματι
1482 1256 1542 1309 τὸ
1574 1257 1774 1328 ἐγκάρ-

209 1336 315 1389 διον
366 1336 475 1407 πῦρ
519 1338 912 1409 ἀναρριπίζων,
965 1344 998 1413 ή
1046 1342 1101 1396 δὲ
1141 1347 1253 1407 τοῖς
1299 1345 1628 1417 σπλάγχνοις
1676 1347 1773 1419 τὴν

208 1422 409 1495 τροφὴν
456 1429 839 1493 είσοικίξουσα.
875 1431 1030 1486 υῦτω
1074 1435 1251 1489 τοίνυν
1301 1439 1400 1505 τῆς
1431 1438 1775 1510 κατασκευῆς

210 1516 300 1585 τῆς
332 1518 390 1568 ἐν
422 1520 550 1588 ἡμῖν
582 1520 938 1593 διῃρημένης,
971 1524 1117 1577 ἔστιν
1150 1527 1391 1596 ἀκριϐῶς
1421 1528 1773 1599 κατανοῆσαι,

212 1607 289 1668 δτι
312 1609 371 1662 ού
406 1611 694 1681 μονοειδῶς
742 1616 877 1683 ἡμῖν
907 1615 974 1668 δι’
1021 1617 1138 1681 ἑνός
1176 1636 1315 1681 τινος
1360 1622 1391 1688 ἡ
1424 1620 1558 1691 πρὸς
1585 1621 1644 1674 τὸ
1676 1622 1775 1693 ζῇν

207 1697 431 1768 δύναμις
475 1700 813 1771 διεξάγεται·
858 1705 993 1759 ἀλλά
1039 1708 1244 1762 πλείοσι
1280 1711 1486 1780 μορίοις
1532 1714 1565 1782 ἡ
1616 1712 1776 1780 φύσις

211 1789 306 1853 τὰς
334 1791 470 1861 πρὸς
503 1792 600 1863 τὴν
646 1795 906 1849 σύστασιν
939 1797 1095 1868 ἡμῶν
1128 1799 1380 1869 ἀφορμὰς
1429 1802 1775 1872 ἐπινείμασα,
1808 1783 1851 1837 Β

212 1879 511 1946 ἀναγκαίαν
542 1884 688 1934 ποιεῖ
719 1883 854 1954 πρὸς
886 1885 946 1937 τὸ
970 1885 1088 1938 ὅλον
1111 1886 1208 1957 τὴν
1239 1887 1367 1956 παρ’
1399 1889 1628 1942 ἑκάστου
1660 1907 1781 1943 συν-

212 1968 487 2039 εισιροράν.
520 1969 683 2023 Ὥστε
713 1973 805 2025 καὶ
847 1974 946 2027 ὅσα
989 1974 1125 2046 πρὸς
1153 1970 1454 2045 ἀσφάλείαν
1508 1978 1608 2047 τῆς
1636 1977 1780 2050 ζωῆς

214 2059 303 2113 καὶ
347 2059 543 2124 κάλλος
594 2062 626 2131 ἡ
676 2062 836 2131 φύσις
880 2065 1300 2136 ὲπετεχνάσατο,
1345 2068 1514 2122 πλείω
1560 2069 1620 2122 τέ
1665 2072 1782 2123 ἐστι

215 2147 406 2212 ταῦτα,
435 2149 529 2202 καὶ
561 2151 758 2222 πολλὴν
792 2153 926 2223 πρὸς
972 2154 1176 2226 ἄλληλα
1219 2155 1315 2228 τὴν
1344 2156 1608 2228 διαφορὰν
1645 2158 1777 2228 ἔχει.

222 2238 359 2291 Ἀλλ’
410 2237 563 2310 οἶμαι
621 2239 885 2297 διελέσθαι
943 2245 1203 2317 πρότερον
1251 2249 1308 2302 ἐν
1370 2247 1536 2319 ὀλίγῳ
1587 2251 1781 2320 χρῆναι

210 2328 317 2382 τῶν
347 2330 483 2401 πρὸς
510 2331 607 2403 τὴν
639 2332 894 2388 σύστασιν
924 2338 1020 2406 τῆς
1053 2335 1199 2407 ζωῆς
1231 2338 1624 2394 συντελούντων
1649 2344 1783 2411 ἡμῖν

210 2420 309 2483 τὰς
336 2420 558 2492 πρώτας
590 2423 783 2495 ἀρχάς.
829 2425 893 2478 Ἦ
921 2426 1020 2496 μὲν
1055 2423 1149 2481 οὖν
1177 2428 1270 2484 τοῦ
1314 2431 1512 2495 παντὸς
1536 2430 1784 2503 σώματος

211 2511 311 2580 ὕλη
336 2513 488 2580 κοινὴ
520 2516 632 2577 τοῖς
661 2514 781 2567 καθ’
812 2515 1039 2571 ἕκαστον
1069 2518 1283 2588 μέλεσιν
1313 2520 1667 2593 ὑποκειμένη,
1698 2541 1782 2577 σι-

210 2605 398 2672 γάσθω
446 2604 643 2659 τανῦνο
696 2607 848 2661 οὐδὲν
902 2609 1011 2680 γάρ
1068 2610 1203 2680 πρὸς
1253 2612 1343 2665 τὸν
1407 2613 1604 2668 σκοπὸν
1655 2616 1785 2685 ἡμῖν

214 2695 517 2748 συντελέσει
546 2697 580 2767 η
615 2696 840 2750 καθόλου
875 2699 1188 2767 φυσιολογία
1234 2701 1368 2771 πρὸς
1411 2702 1508 2773 τὴν
1555 2705 1785 2775 μερικὴν

212 2784 467 2856 θεωρίαν.
536 2787 997 2859 Ὀμολογουμένου
1048 2790 1229 2846 τοίνυν
1292 2792 1443 2864 παρὰ
1500 2795 1635 2849 πᾶσι
1692 2795 1786 2849 τοῦ

211 2878 431 2930 πάντων
459 2879 516 2932 ἐν
549 2881 681 2951 ἡμῖν
708 2876 845 2933 εἶναι
879 2881 986 2940 τῶν
1017 2883 1368 2957 στοιχειωδῶς
1396 2887 1454 2938 ἐν
1491 2885 1570 2956 τῷ
1598 2886 1787 2957 κόσμῳ

210 2967 602 3040 θεωρουμένων
643 2971 742 3045 τὴν
792 2975 1003 3044 μοῖραν,
1050 2975 1144 3028 τοῦ
1192 2992 1253 3037 τε
1306 2975 1526 3048 θερμοῦ,
1558 2980 1653 3031 καὶ
1695 2979 1786 3033 τοῦ

1871 533 2117 604 profecta
2149 536 2215 590 de
2239 536 2471 607 benigna
2498 534 2746 605 largitate
2781 538 3009 597 natura},
3034 530 3314 588 efﬁcientis
3338 549 3436 604 per

1868 625 1982 680 haec
2013 634 2068 679 ut
2097 626 2337 695 jucunde
2377 627 2537 681 homo
2565 626 2771 682 viveret
2801 643 2814 678 :
2861 633 2989 680 sunt
3035 637 3296 678 sensuum
3348 623 3437 677 in-

1868 723 2190 768 strumenta.
2236 713 2369 769 Nam
2400 716 2455 770 in
2511 716 2595 771 his
2650 715 2756 771 vita
2800 714 3029 785 quidem
3080 722 3270 768 nostra
3324 728 3437 767 non

1868 803 2141 866 consistit,
2178 803 2397 874 quando
2436 803 2619 858 vivere
2655 803 2861 857 homini
2893 803 3019 857 licet
3047 801 3211 861 etiam
3246 800 3441 871 pleris-

1870 906 1977 961 que
2008 892 2199 945 horum
2237 892 2478 958 amissis;
2506 890 2602 946 sed
2636 891 2752 946 ﬁeri
2778 906 2885 946 non
2913 896 3093 959 potest
3127 895 3185 942 ut
3234 889 3442 958 absque

1873 982 2067 1037 horum
2101 984 2412 1038 actionibus
2440 999 2625 1039 rerum
2648 983 2702 1037 in
2733 982 2974 1037 hominis
3026 983 3137 1035 vita
3170 979 3442 1049 jucunda-
3522 998 3527 1001 '

1872 1087 1994 1127 rum
2029 1073 2307 1141 voluptate
2337 1072 2602 1127 fruamur.
2636 1070 2881 1126 Tertium
2912 1070 2966 1124 in
2992 1068 3285 1139 partitione
3319 1083 3445 1137 pro-

1874 1161 2053 1231 posita
2090 1162 2392 1216 membrum
2420 1161 2635 1231 generis
2661 1161 2727 1216 ad
2762 1160 3172 1230 perpetuitatem
3210 1164 3441 1231 spectat.

1873 1250 2079 1307 Praeter
2103 1252 2220 1306 haec
2248 1251 2353 1306 alia
2383 1252 2626 1307 membra
2655 1260 2803 1317 sunt,
2832 1264 2957 1321 quae
2985 1259 3039 1305 et
3089 1248 3205 1319 ipsa
3243 1248 3448 1318 pariter

1876 1358 2003 1398 cum
2029 1344 2242 1400 caeteris
2283 1343 2447 1397 vitam
2477 1343 2718 1398 hominis
2745 1348 3092 1406 conservant,
3134 1350 3187 1395 et
3213 1354 3447 1394 consen-

1876 1442 2066 1490 taneas
2127 1442 2336 1489 naturae
2393 1449 2506 1489 suse
2561 1433 2824 1503 quasdam
2888 1431 3047 1501 quasi
3106 1429 3449 1486 accessiones

1878 1532 2158 1595 praestant,
2190 1526 2246 1579 in
2309 1525 2509 1595 quibus
2566 1532 2696 1580 sunt
2757 1522 3074 1579 stomachus
3129 1535 3192 1576 ac
3240 1520 3447 1590 pulmo,

1877 1629 2111 1685 quorum
2145 1616 2234 1671 hic
2272 1617 2511 1670 calorem
2552 1615 2737 1671 cordis
2771 1613 3056 1684 perﬂando
3084 1610 3327 1676 excitat;
3357 1608 3448 1664 ille

1879 1704 2183 1759 visceribus
2209 1705 2524 1760 alimentum
2550 1719 2709 1760 suum
2741 1704 2976 1773 praebet.
3004 1700 3119 1756 Hoc
3147 1699 3309 1755 modo
3335 1701 3452 1753 tota

1879 1796 2127 1865 corporis
2151 1797 2327 1852 nostri
2354 1804 2633 1852 structura
2685 1796 2881 1859 divisa,
2944 1793 3236 1865 perspicue
3266 1789 3454 1846 videre

1878 1892 1987 1949 est,
2028 1884 2346 1941 facultatem
2393 1902 2503 1957 qua
2564 1889 2678 1941 vita
2725 1884 3065 1946 continetur,
3102 1896 3213 1937 non
3252 1894 3361 1934 uno
3418 1893 3448 1932 a

1880 1976 2126 2031 membro
2171 1975 2482 2045 proﬁcisci:
2523 1976 2619 2031 sed
2648 1983 2899 2030 naturam
2938 1974 3184 2042 corporis
3229 1984 3453 2025 conser-

1880 2066 2153 2119 vationem
2177 2067 2231 2119 in
2268 2066 2423 2136 plura
2457 2067 2709 2122 membra
2768 2066 3117 2136 partientem,
3155 2061 3453 2131 unicuique

1882 2155 1985 2210 hoc
2008 2154 2226 2211 dedisse
2268 2158 2489 2227 negotii,
2525 2164 2582 2212 ut
2606 2158 2819 2228 singula
2867 2157 3118 2213 nonnihil
3166 2154 3233 2210 ad
3290 2148 3451 2211 usum

1882 2247 2123 2301 universi
2162 2246 2497 2303 conferrent.
2529 2248 2660 2302 Eam
2721 2247 2792 2303 ob
2828 2263 2944 2303 rem
2981 2247 3264 2320 complura
3301 2254 3458 2312 sunt,

1883 2335 2134 2407 interque
2153 2353 2211 2393 se
2244 2339 2587 2410 perprofecto
2616 2340 2855 2404 diversa,
2890 2354 3232 2409 quaecunque
3256 2344 3454 2392 natura

1883 2428 1969 2482 vel
2006 2428 2074 2482 ad
2108 2443 2168 2484 se
2192 2429 2472 2495 tuendam,
2507 2429 2591 2485 vel
2625 2440 2855 2486 ornatus
2888 2442 2944 2484 et
2971 2429 3255 2497 elegantiae
3282 2440 3451 2481 causa

1885 2520 2113 2576 solerter
2143 2520 2411 2576 fabricata
2455 2533 2560 2577 est.
2620 2520 2727 2575 Sed
2780 2520 2923 2576 enim
2958 2519 3238 2588 principia‘
3280 2516 3458 2587 prima

1884 2626 2075 2667 eorum
2110 2627 2230 2682 quae
2268 2612 2433 2666 vitam
2481 2610 2846 2675 constituunt,
2879 2609 3037 2664 nobis
3067 2615 3358 2678 antequam
3388 2606 3457 2662 ad

1887 2702 1992 2756 alia
2052 2703 2486 2772 progrediamur,
2549 2702 2789 2757 breviter
2844 2700 3136 2755 dividenda
3203 2698 3479 2755 veniunta

1888 2788 2081 2845 Totius
2108 2789 2328 2858 quidem
2368 2790 2616 2861 corporis
2650 2789 2908 2846 membris
2941 2788 3196 2844 materies
3225 2786 3458 2856 singulis

1889 2883 2219 2948 communis,
2253 2882 2310 2936 in
2341 2882 2444 2937 hoc
2477 2890 2804 2956 et‘tempore
2840 2889 2893 2937 ct
2924 2881 3048 2935 loco
3105 2884 3459 2950 pratereatur

1891 2971 2131 3029 silentio.
2169 2971 2305 3027 Nam
2338 2972 2406 3028 ad
2432 2974 2746 3030 institutum
2782 2980 3031 3029 nostrum
3062 2970 3200 3026 nihil
3244 2968 3457 3031 attinet,

208 3059 492 3130 ψύχοντος,
549 3063 640 3116 καὶ
692 3063 790 3133 τῆς
839 3065 1030 3137 ἑτέρας
1078 3066 1337 3136 συζυγίας
1395 3068 1494 3139 τῆς
1541 3070 1681 3129 κατά
1729 3071 1774 3124 τε

1892 3061 2150 3117 nimirum
2183 3062 2252 3117 ad
2278 3064 2773 3120 considerationem
2790 3065 3191 3135 particularem,
3215 3060 3458 3115 universi

212 3151 383 3221 ὑγρόν
412 3169 471 3213 τε
511 3156 603 3207 καὶ
624 3153 788 3227 ξηρὸν
813 3157 1122 3230 νοουμένης,
1152 3158 1223 3217 τὰ
1252 3159 1369 3215 καθ’
1396 3159 1625 3216 ἕκαστον
1657 3164 1774 3234 mm

1892 3153 2265 3223 pertractatio.
2298 3152 2443 3225 Ergo
2470 3169 2599 3210 cum
2646 3156 2793 3227 apud
2816 3170 3011 3211 omnes
3033 3155 3137 3209 hoc
3166 3153 3326 3224 quasi
3356 3165 3459 3221 pro

208 3238 557 3311 διαληπτέον.

282 3511 499 3567 Οὐκοῦν
546 3512 761 3587 ὁρῶμεν
809 3519 957 3589 τρεῖς
986 3518 1083 3583 τὰς
1114 3519 1449 3592 διοικητικὰς
1494 3522 1593 3594 τῆς
1644 3525 1791 3595 ζωῆς

210 3602 492 3674 δυνάμεις,
540 3598 615 3658 ὧν
653 3608 688 3677 ή
721 3606 819 3676 μὲν
844 3606 1124 3663 διαθάλπει
1155 3610 1217 3664 τὸ
1253 3613 1361 3665 πᾶν
1387 3614 1452 3683 τῇ
1476 3612 1787 3684 θερμότητι,

211 3697 247 3764 ἡ
279 3695 339 3749 δὲ
379 3697 685 3762 ὑπονοτίζει
709 3701 775 3770 τῇ
813 3699 997 3771 ἰκμάδι
1024 3700 1083 3754 τὸ
1113 3700 1557 3774 θερμαινόμενον,
1605 3704 1680 3769 ὡς
1725 3706 1790 3760 ἂν

212 3790 280 3858 τῇ
320 3788 639 3861 ἰσοκρατείᾳ
670 3791 770 3861 τῆς
814 3791 924 3845 τῶν
957 3793 1214 3848 ἐναντίων
1249 3794 1550 3866 ποιότητος,
1573 3798 1663 3850 ἐπὶ
1700 3796 1793 3851 τοῦ

216 3880 389 3949 μέσου
428 3882 745 3952 συντηροῖτο
785 3881 846 3935 τὸ
896 3880 1052 3949 ζῶον,
1115 3884 1253 3954 μήτε
1294 3884 1388 3939 τοῦ
1431 3887 1597 3959 ὑγροῦ
1628 3905 1797 3943 κατα-

214 3974 567 4043 φρυγομένου
612 3972 693 4044 τῷ
746 3972 1068 4045 πλεονασμῷ
1114 3977 1213 4046 τῆς
1257 3976 1604 4050 Θερμότητος,
1659 3981 1795 4052 μήτε

212 4060 309 4114 τοῦ
347 4059 556 4132 θερμοῦ
602 4061 960 4133 σϐεννυμένου
1002 4065 1069 4135 τῇ
1120 4066 1440 4139 ἐπικρατείᾳ
1483 4066 1796 4131 τοῢ,καθυ-

213 4153 555 4224 γραίνοντος.
600 4154 664 4207 Ἦ
696 4153 753 4213 δὲ
783 4153 939 4226 τρίτη
969 4154 1196 4226 δύναμις
1243 4157 1453 4228 συνέχει
1490 4158 1557 4212 δι’
1601 4160 1799 4229 ἐαυτῆς

214 4242 358 4295 κατά
384 4259 508 4297 τινα
546 4242 820 4314 συμϐολήν
863 4260 924 4297 τε
957 4245 1050 4297 καὶ
1100 4244 1366 4316 ἁρμονίαν
1410 4247 1479 4301 τά
1519 4247 1797 4318 διακεκρι-

220 4333 358 4402 μένα
386 4334 500 4390 τῶν
547 4334 764 4404 ἄρθρων
810 4337 921 4398 τοῖς
958 4335 1089 4407 παρ’
1124 4335 1322 4408 ἑαυτῆς
1352 4338 1666 4409 συνδέσμοις
1699 4341 1800 4411 ἀρ-

1894 3242 2148 3299 conl‘esso
2178 3244 2270 3310 sit,
2303 3246 2569 3303 exsistere
2597 3247 2857 3318 quiddam
2885 3248 2942 3302 in
2997 3246 3157 3302 nobis
3186 3244 3255 3300 de
3282 3243 3463 3299 omni-

1888 3332 1993 3389 bus
2033 3332 2223 3388 mundi
2247 3334 2553 3404 elementis,
2594 3336 2663 3393 de
2697 3337 2881 3393 calore
2905 3350 2971 3391 ac
3000 3335 3221 3407 frigore,
3266 3333 3335 3390 de
3359 3331 3462 3393 hu-

1890 3438 2045 3479 more
2078 3432 2132 3480 et
2158 3425 2445 3484 siccitate:
2479 3427 2547 3484 de
2572 3428 2803 3499 singulis
2842 3442 3089 3499 agamus.

1959 3531 2223 3591 Videmus
2244 3544 2426 3591 autem
2449 3543 2560 3593 tres
2584 3536 2854 3607 imprimis
2880 3534 3168 3591 facultates
3189 3547 3313 3590 esse
3335 3532 3463 3593 vita

1888 3634 2091 3683 nostra:
2121 3632 2383 3697 tanquam
2429 3626 2822 3684 administras:
2856 3640 3088 3696 quarum
3137 3639 3259 3696 quae
3284 3622 3463 3694 prima

1890 3724 1998 3783 est,
2033 3718 2216 3782 calore
2239 3732 2340 3773 suo
2374 3726 2574 3774 cuncta
2613 3718 2797 3774 fovet:
2832 3718 3027 3783 altera,
3065 3716 3212 3788 quod
3263 3728 3463 3773 conca-

1892 3807 1994 3862 luit
2031 3821 2198 3864 succo
2229 3800 2330 3863 suo
2364 3808 2661 3874 humectat,
2694 3814 2755 3864 ut
2787 3822 2883 3879 per
2907 3808 3231 3879 aequabilem
3286 3804 3465 3876 quali-

1894 3897 2022 3953 tatis
2059 3896 2116 3952 in
2155 3897 2318 3953 rebus
2348 3898 2768 3961 adversantibus
2803 3898 2906 3954 sibi
2945 3897 3284 3969 temperiem,
3328 3908 3465 3965 qua-3

1896 3987 2019 4042 dam
2052 3988 2107 4042 in
2161 3988 2535 4044 mediocritate
2600 3989 2783 4059 ipsum
2842 3987 3046 4044 animal
3083 3993 3461 4049 conservetur.

1896 4078 2127 4134 humore
2179 4094 2274 4149 per
2306 4079 2542 4136 calorem
2603 4081 2833 4136 nimium
2884 4094 3165 4151 nunquam
3213 4083 3464 4141 exsucta,

1898 4185 2076 4241 neque
2115 4178 2307 4225 contra
2356 4161 2548 4239 'calore
2604 4188 2702 4243 per
2729 4172 2836 4229 vim
2874 4170 3029 4225 nimii
3066 4169 3329 4233 humoris
3368 4181 3482 4238 op-.

1899 4274 2111 4331 presso.
2143 4258 2330 4315 Tertia
2378 4248 2631 4325 facultas,
2683 4260 2945 4316 articulos
2983 4273 3090 4313 non
3127 4258 3466 4311 cohaerentes

1900 4360 1953 4407 et
1981 4351 2363 4409 interstinctos
2398 4351 2711 4422 ligamentis
2746 4350 2864 4406 suis
2900 4364 2996 4422 per
3023 4346 3469 4404 commissionem

219 4425 488 4497 μόζουσα,
518 4427 612 4479 καὶ
644 4428 808 4481 πᾶσιν
831 4426 1219 4505 ἐπιπέμπουσα
1245 4429 1342 4501 τὴν
1363 4430 1717 4502 αὐτοκίνητόν
1740 4448 1774 4485 τ

1899 4448 1954 4497 et
1975 4440 2314 4495 harmoniam
2342 4448 2589 4495 mutuam
2616 4440 2883 4503 continet,
2949 4439 3344 4511 aptissimeque
3375 4450 3466 4491 co-

216 4518 315 4571 καὶ
346 4517 734 4590 προαιρετικὴν
758 4517 983 4590 δύναμιν
1003 4535 1017 4550 ⁸
1043 4514 1111 4591 ἧς
1136 4519 1540 4592 ἐπιλειπούσης,
1563 4522 1798 4593 πέρατον

218 4609 457 4677 γίνεται,
490 4611 587 4663 καὶ
633 4610 899 4681 νεκρῶδες
938 4608 999 4663 τὸ
1041 4610 1223 4682 μέρος,
1273 4609 1368 4665 τοῦ
1413 4612 1796 4684 προαιρετικοῦ

218 4700 538 4772 πνεύματος
572 4700 896 4772 ἀμοιρῆσαν.
941 4701 1157 4756 Μᾶλλον
1187 4702 1244 4755 δὲ
1273 4701 1380 4775 πρὸ
1407 4702 1612 4758 τούτων
1649 4702 1799 4771 ἀξιον

216 4793 557 4863 κατανοῆσαι
601 4790 663 4844 τὸ
699 4791 945 4869 τεχνικὸν
978 4792 1078 4863 τῆς
1125 4792 1338 4862 φύσεως
1368 4794 1526 4865 ἡμῶν
1555 4797 1614 4849 ἐν
1657 4797 1796 4867 αὐτῇ

216 4885 283 4953 τῇ
309 4882 647 4955 δημιουργίᾳ
674 4882 767 4943 τοῦ
787 4882 1056 4954 σώματος.
1102 4885 1317 4957 Ἐπειδὴ
1343 4884 1451 4957 γὰρ
1477 4885 1538 4938 τὸ
1567 4886 1800 4957 σκληρόν

214 4989 273 5051 τε
297 4974 397 5027 καὶ
425 4974 720 5028 ἀντίτυπον
742 4974 843 5040 τὰς
868 4974 1191 5046 αἰσθητικάς
1224 4976 1504 5048 ἐνεργείας
1527 4977 1589 5030 οὐ
1615 4993 1802 5032 κατα-

213 5062 456 5137 δέχεται,
488 5064 567 5127 ὠς
598 5063 745 5119 ἔστιν
791 5065 917 5120 ἰδεῖν
970 5065 1061 5118 ἐπί
1091 5082 1149 5123 τε
1193 5065 1301 5119 τῶν
1330 5068 1387 5119 ἐν
1422 5068 1553 5137 ημῖν
1576 5066 1799 5131 ὀστέων,

214 5156 314 5207 καὶ
330 5155 440 5209 τῶν
458 5156 516 5209 ἐν
532 5156 599 5227 τῇ
616 5157 688 5229 γῇ
706 5154 909 5224 φυτῶν,
927 5156 985 5208 ἐν
999 5149 1078 5219 οἷς
1094 5155 1237 5226 ζωῆς
1252 5156 1353 5224 μέν
1368 5173 1420 5208 τι
1436 5155 1695 5210 κατανοοῦ
1703 5173 1802 5228 μεν

214 5239 361 5308 εἶδος
388 5247 445 5297 ἐν
473 5243 554 5315 τῷ
579 5242 763 5310 αὔξειν
780 5243 872 5299 καὶ
902 5242 1216 5314 τρέφεσθαι,
1240 5244 1302 5298 οὐ
1335 5244 1442 5315 μὴν
1473 5243 1812 5315 παρεδέξατο

213 5336 483 5403 ἐναντίως
514 5339 548 5411 ἡ
572 5334 862 5392 ἀντιτυπία
884 5335 976 5393 τοῦ
1002 5335 1357 5406 ὑποκειμένου
1379 5334 1478 5407 τὴν
1516 5336 1766 5410 αἴσθησιν
1785 5354 1800 5368 ·

212 5428 412 5483 τούτου
445 5430 609 5501 χάριν
645 5426 755 5485 ἔδει
771 5425 1021 5496 καθάπερ
1040 5426 1297 5499 κηροειδῆ
1320 5444 1440 5481 τινα
1462 5430 1817 5499 κατασκευὴν,

214 5515 551 5590 ὕπο-τεθῆναι
573 5518 698 5580 ταῖς
725 5514 846 5569 κατ’
884 5513 1133 5584 αἴσθησιν
1155 5514 1475 5585 ἐνεργείαις,
1502 5514 1806 5588 δυναμένην

214 5613 336 5674 τοῖς
390 5607 809 5681 ἀντιληπτικοῖς
859 5604 1050 5669 τύποις
1098 5607 1557 5679 ἐνσφραγισθῆναι
1586 5647 1599 5673 ,
1664 5610 1802 5680 μήτε

218 5703 598 5775 σδγχεομένην
641 5701 711 5754 δι’
756 5696 1199 5769 ὑπερϐαλλούσης
1234 5700 1560 5770 ὑγρότητος·
1606 5701 1665 5752 ού
1698 5700 1804 5772 γὰρ

1902 4532 2074 4603 pulat,
2105 4538 2158 4587 et
2184 4531 2441 4587 omnibus
2486 4530 2626 4586 indit
2655 4531 2766 4585 vim
2811 4530 3101 4600 quamdam
3150 4539 3342 4601 sponte
3370 4544 3474 4596 sua

1904 4634 1963 4676 se
1995 4618 2284 4676 movendi:
2330 4634 2454 4690 quae
2505 4620 2552 4676 si
2598 4619 2901 4684 amittatur,
2953 4620 3257 4674 membrum
3305 4617 3475 4684 etiam

1904 4702 2053 4757 velut
2087 4709 2394 4758 emortuum
2424 4702 2692 4759 exsistere
2712 4716 2938 4758 necesse
2955 4707 3061 4765 est,
3089 4714 3121 4754 a
3157 4708 3350 4771 sponte
3372 4713 3477 4765 sua

1906 4799 2161 4849 movente
2212 4792 2389 4863 ipsum
2419 4793 2616 4864 spiritu
2649 4792 2994 4848 destitutum.
3050 4778 3237 4843 Fuerit
3291 4800 3473 4857 opera:

1907 4882 2142 4954 pretium
2193 4883 2297 4938 hoc
2346 4883 2466 4938 loco
2514 4892 2723 4938 natura:
2778 4880 3068 4946 artiﬁcium
3118 4878 3176 4944 in
3226 4877 3475 4947 corporis

1908 4976 2183 5032 creatione
2208 4976 2576 5031 considerare.
2611 4975 2747 5031 Nam
2786 4990 2910 5031 cum
2940 4988 3011 5030 ea
3044 4986 3165 5043 qua:
3187 4970 3321 5026 dura
3346 4970 3477 5026 soli-

1909 5066 2084 5137 daque
2109 5078 2258 5134 sunt,
2283 5082 2479 5123 sensus
2506 5067 2753 5122 actiones
2811 5065 2991 5120 nullas
3048 5061 3361 5126 admittant,
3415 5067 3476 5115 ut

1910 5168 1994 5215 est
2025 5158 2214 5214 videre
2234 5161 2293 5213 in
2314 5158 2559 5226 corporis
2590 5156 2764 5211 nostri
2791 5155 3102 5218 ossibus,et
3130 5161 3288 5209 terra:
3320 5153 3477 5224 plan-

1912 5250 2000 5315 tis,
2034 5250 2088 5303 in
2120 5248 2321 5318 quibus
2352 5261 2476 5303 esse
2499 5248 2625 5301 vitae
2650 5246 2894 5316 quaedam
2922 5245 3133 5316 species
3155 5245 3288 5300 satis
3315 5243 3477 5300 intel-

1912 5339 2099 5409 ligitur
2125 5354 2191 5393 ex
2224 5351 2301 5392 eo.
2319 5337 2463 5408 quod
2483 5345 2537 5391 et
2560 5342 2882 5392 accrescunt
2906 5342 2959 5391 et
2981 5335 3317 5398 nutriuntur,
3350 5348 3473 5392 cum

1913 5426 2085 5484 solida
2116 5428 2359 5498 ipsorum
2405 5426 2636 5482 durities
2670 5441 2890 5483 sensum
2930 5440 3039 5481 non
3093 5425 3344 5496 recipiat,
3387 5423 3475 5478 id-

1913 5520 2061 5575 circo
2081 5534 2304 5575 necesse
2332 5526 2449 5573 erat
2468 5517 2740 5589 quoddam
2768 5518 2926 5589 quasi
2955 5532 3175 5574 cereum
3197 5514 3474 5587 opiﬁcium

1914 5626 2173 5669 sensuum
2206 5610 2509 5666 actionibus
2540 5609 2760 5681 subjici,
2794 5610 2939 5681 quod
2994 5616 3182 5678 posset
3229 5601 3473 5660 cedendo

1914 5704 2060 5762 velut
2088 5704 2382 5773 impressas
2411 5709 2572 5758 notas
2603 5703 2866 5773 recipere,
2900 5700 2980 5757 sic
3028 5707 3087 5754 ut
3145 5697 3214 5753 ob
3248 5692 3471 5753 nimiam
