3766 5988
338 315 445 376 9-43

1590 317 1654 384 S.
1694 315 2020 374 GREGORII
2057 314 2348 370 NYSSENI

3480 310 3596 364 2H

341 431 590 489 humoris
620 433 835 506 copiam
883 448 995 491 non
1023 433 1454 490 confunderetur
1515 434 1775 508 (quando
1803 435 1908 489 hu-

2108 432 2459 503 διαμείνοιέν
2483 431 2561 502 τῷ
2595 429 2744 501 ὑγρῴ
2782 430 2839 483 τὸ
2877 428 3245 499 τυπούμενονσ
3280 424 3415 495 μήτε
3446 422 3606 478 ἀντι-

342 524 501 583 midae
529 524 608 580 rei
638 524 783 596 quod
809 525 1164 597 imprimitur,
1193 526 1386 597 nequit
1439 525 1681 599 durare)
1735 534 1791 583 et
1842 526 1913 582 ob

342 614 694 673 immodicam
744 615 1002 672 duritiem
1033 631 1143 671 non
1183 616 1423 672 resiliret
1469 617 1490 686 (
1511 616 1732 687 quando
1767 615 1913 687 quod

343 709 540 763 cedere
567 707 776 779 nequit,
804 715 966 762 notas
992 722 1089 778 per
1115 708 1533 778 impressionem
1562 707 1741 763 nullas
1774 705 1914 761 reei-

343 797 426 877 pit
451 796 489 865 ),
525 797 621 853 sed
651 797 1000 853 mediocriter
1026 805 1174 854 esset
1203 813 1327 853 eum
1358 798 1522 853 molle
1546 805 1661 873 tum
1692 798 1911 862 durum,

340 903 412 949 ne
445 887 650 942 animal
675 888 780 945 hac
812 886 1076 949 facultate
1112 888 1257 944 inter
1285 895 1512 943 cmteras
1549 886 1912 958 pulcherrima

341 984 574 1043 careret,
603 992 802 1034 sensus
851 977 1112 1040 nimirum
1175 978 1435 1040 motione.
1489 978 1560 1034 At
1605 978 1750 1037 enim
1787 991 1913 1033 cum

341 1080 503 1120 omne
529 1066 676 1136 quod
707 1065 944 1137 prepriae
973 1067 1337 1126 mollitudinis
1365 1082 1532 1124 causa
1566 1067 1728 1124 facile
1769 1067 1914 1123 cedit

341 1171 407 1212 ac
441 1155 704 1224 ﬂectitur,
741 1157 787 1213 si
819 1174 931 1219 non
952 1160 1116 1219 etiam
1145 1159 1331 1231 aliqua
1363 1176 1429 1221 ex
1487 1167 1644 1231 parte
1692 1157 1914 1218 duritiei

343 1247 416 1301 sit
449 1248 745 1319 particeps,
782 1266 1015 1321 prorsus
1040 1266 1164 1308 esse
1195 1258 1379 1308 motus
1418 1267 1615 1322 expers
1644 1252 1912 1309 solutum-

341 1356 450 1410 que
477 1357 700 1398 necesse
727 1345 820 1408 sit,
862 1343 1040 1399 instar
1087 1345 1430 1401 marinorum
1490 1358 1900 1417 pneumonum:

310 1429 466 1491 (ideo
503 1433 720 1504 corpori
751 1441 948 1489 natura
977 1435 1151 1492 solida
1193 1437 1442 1507 quaedam
1496 1451 1625 1493 ossa
1677 1437 1909 1507 indidit,

340 1537 515 1594 eaque
543 1531 734 1580 mutuo
760 1526 1045 1596 aptissima
1077 1526 1365 1583 harmonia
1383 1528 1678 1598 copulavit,
1706 1538 1761 1585 et
1784 1546 1911 1587 ner-

341 1631 532 1671 vorum
564 1617 798 1674 vinculis
824 1620 1222 1675 commissuras
1251 1618 1449 1675 horum
1489 1621 1908 1694 constringens,

342 1702 422 1760 ita
453 1703 670 1761 demum
707 1721 774 1761 ea
801 1721 972 1763 carne
1004 1708 1248 1778 undique
1270 1709 1519 1775 obduxit,
1546 1725 1668 1781 qua:
1686 1718 1741 1766 et
1785 1726 1907 1766 sen-

2017 522 2293 583 τυποῦσαν
2318 523 2376 576 ἐν
2402 524 2467 594 τῇ
2487 522 2721 593 ἀμετρίᾳ
2738 523 2836 591 τῆς
2860 520 3104 592 πήξεως·
3140 518 3455 587 ἀσήμαντον
3483 512 3600 583 γὰρ

2015 614 2150 686 πρὸς
2175 615 2299 676 τούς
2332 612 2533 676 τύπους
2588 612 2705 665 ἐστὶ
2733 610 2795 664 τὸ
2820 608 3142 663 ἀνύπεικτον
3167 623 3181 636 ·
3236 604 3372 659 ἀλλά
3415 603 3600 674 μέσως

2014 704 2242 775 ἔχουσαν
2277 701 2647 774 μαλακότητος
2676 716 2736 753 τε
2788 699 2884 753 καὶ
2916 697 3291 769 στερρότητος,
3319 694 3395 756 ὡς
3426 692 3496 746 ἂν
3522 691 3601 765 μὴ

2013 794 2108 849 τοῦ
2136 793 2419 848 καλλίστου
2448 791 2556 845 τῶν
2571 789 2714 844 κατὰ
2735 789 2835 861 τὴν
2866 788 3029 858 φύσιν
3058 784 3470 857 ἐνεργημάτων,
3491 782 3600 852 τῆς

2014 887 2334 959 αίσθητικῆς
2359 886 2501 955 λέγω
2532 885 2815 955 κινήσεως,
2840 881 3093 954 ἀμοιροίη
3115 877 3356 959 τδιζῶον.
3374 873 3599 946 Ἐπειδὴ

2013 978 2190 1038 τοίνυν
2223 977 2286 1031 τὸ
2319 975 2559 1047 μαλακόν
2584 991 2644 1029 τε
2685 974 2780 1029 καὶ
2807 971 3050 1027 εὐεικτον
3094 968 3364 1042 μηδεμίαν
3400 966 3503 1039 τὴν
3533 967 3600 1019 ἐκ

2013 1068 2121 1125 τῶν
2146 1068 2386 1144 περρὦ
2411 1068 2533 1139 ἐχον
2555 1066 2862 1138 ἐνέργειαν,
2892 1063 3145 1135 ἀκίνητον
3173 1061 3238 1116 ἂν
3255 1055 3324 1132 ἦν
3350 1057 3597 1122 πάντως,

2015 1161 2110 1215 καὶ
2153 1158 2541 1231 ἀδιάρθρωτον,
2577 1157 2719 1211 κατά
2750 1157 2877 1220 τούς
2904 1153 3228 1216 θαλασσίους
3246 1149 3561 1219 πνεύμονας
3579 1165 3595 1182 ⁸

2012 1248 2102 1303 διὰ
2141 1248 2298 1302 τοῦτο
2344 1246 2738 1317 καταμίγνυσιν
2768 1247 2802 1315 ὴ
2840 1243 3000 1314 φύσις
3019 1241 3099 1312 τῷ
3127 1240 3337 1311 σώματι
3360 1238 3461 1309 τὴν
3484 1237 3600 1290 τῶν

2012 1341 2213 1403 ὀστέων
2252 1340 2604 1411 στερρότητα,
2631 1338 2724 1391 καὶ
2766 1335 2940 1390 ταῦτα
2982 1333 3120 1407 πρὸς
3143 1330 3351 1401 ἄλληλα
3376 1329 3468 1382 διὰ
3494 1327 3599 1399 τῆς

2015 1429 2327 1510 προσφυοῦς
2346 1432 2611 1502 ἁρμονίας
2633 1428 2901 1491 ἐνώσασιι,
2921 1429 3034 1489 τοῖς
3056 1442 3116 1478 τε
3140 1422 3230 1477 διὰ
3251 1421 3359 1475 τῶν
3384 1420 3599 1510 νεύρων

2015 1508 2334 1592 συνδέσμοις
2358 1519 2458 1584 τὰς
2488 1517 2762 1590 συμϐολὰς
2787 1516 2968 1570 αὐτῶν
2997 1510 3389 1582 ὲπισφίγξασα,
3419 1508 3599 1572 οὕτως

2012 1613 2195 1675 αὐτοῖς
2215 1610 2315 1683 τὴν
2335 1610 2585 1681 δεκτικὴν
2602 1609 2709 1664 τῶν
2732 1608 3033 1678 αἰσθήσεων
3056 1604 3355 1676 περιέφυσε
3388 1601 3597 1673 σάρκα,

2013 1700 2458 1771 δυσπαθεστέραν
2520 1716 2581 1752 τε
2632 1699 2727 1751 καὶ
2772 1696 3141 1766 εὐτονωτέραν
3188 1696 3256 1765 τῇ
3296 1689 3601 1767 ἐπιφανείᾳ.

343 1811 505 1851 suum
539 1812 710 1868 capax
748 1797 910 1865 foret,
964 1808 1018 1854 et
1056 1800 1345 1871 superﬁcie
1394 1805 1630 1872 quadam
1668 1803 1908 1860 contine-

2088 1791 2233 1860 ίιλημ
2240 1791 2425 1862 μένην.

342 1895 513 1954 retur,
561 1899 616 1942 ut
655 1888 1025 1959 minus~esset
1073 1890 1311 1951 obnoxia
1366 1892 1597 1958 morbis,
1644 1906 1709 1948 ac
1749 1894 1917 1972 paulo.

341 1978 571 2034 tensior.

413 2068 615 2125 Solidis
648 2071 798 2128 hisce
831 2072 1070 2141 ossibus,
1100 2079 1359 2144 tanquam
1385 2073 1678 2137 columnis.
1710 2074 1911 2146 quibus

341 2175 481 2217 onus
502 2160 715 2217 aedilicii
736 2169 906 2216 totum
936 2160 1221 2229 incumbit,
1244 2164 1493 2234 corporis
1517 2165 1711 2223 molem
1736 2166 1912 2235 impo-

342 2254 452 2308 suit
479 2254 809 2311 universam.
837 2255 1025 2327 Neque
1061 2271 1229 2312 uuum
1274 2257 1329 2312 in
1358 2269 1588 2326 corpore
1612 2263 1820 2311 tantum
1847 2270 1911 2313 os

341 2358 464 2397 esse
496 2345 686 2409 voluit,
723 2353 1009 2418 propterea
1049 2348 1195 2418 quod
1232 2364 1462 2406 necesse
1493 2348 1686 2405 fuisset
1732 2348 1912 2404 homi-

341 2450 462 2490 nem
500 2436 681 2491 omnis
719 2445 773 2492 et
801 2445 981 2495 motus
1011 2446 1065 2494 et
1113 2440 1347 2495 actionis
1377 2445 1654 2508 expertem
1681 2454 1822 2505 esse,
1864 2439 1912 2495 si

338 2537 404 2578 eo
441 2531 599 2594 pacto
637 2526 811 2595 ipsqu
838 2528 1237 2587 conformasset
1266 2535 1487 2591 natura,
1517 2540 1628 2597 quo
1663 2527 1907 2594 arbores,

341 2629 456 2670 uno.
505 2629 717 2685 semper
744 2617 1105 2670 consistentes
1135 2617 1190 2669 in
1228 2614 1367 2671 loco.
1399 2613 1533 2669 Nam
1561 2629 1736 2686 neque
1784 2631 1911 2687 pro-

300 2778 306 2785 δ
339 2704 488 2774 gredi
522 2706 807 2773 potuisset,
827 2706 871 2761 si
904 2721 1065 2760 crura
1095 2721 1204 2761 non
1236 2706 1480 2764 licuisset
1509 2707 1749 2763 vicissim
1775 2708 1909 2765 sub-

340 2797 448 2848 lata
481 2794 708 2850 ulterius
763 2795 1060 2867 collocare,
1099 2811 1276 2866 neque
1304 2797 1556 2853 manibus
1616 2798 1693 2852 uti
1737 2797 1912 2853 admi-

342 2884 548 2938 nistris.
583 2883 739 2938 Nunc
791 2901 917 2940 vero
956 2886 1218 2957 singulari
1269 2895 1480 2944 natura:
1518 2889 1752 2946 artiﬁcio
1786 2904 1911 2945 cor-

340 2976 492 3049 poris
528 2983 864 3044 organumct
883 2976 1001 3035 loco
1031 2985 1299 3044 movetur,
1319 2986 1375 3034 et
1403 2979 1596 3050 agendi
1634 2987 1720 3036 est
1745 2980 1911 3037 facul-

343 3069 453 3118 tate
492 3064 778 3134 prmditum
814 3106 828 3132 ,
874 3075 1161 3139 postquam
1201 3071 1249 3124 ei
1282 3083 1376 3139 per
1404 3070 1632 3140 spiritus
1674 3070 1905 3128 ultronei

344 3162 526 3210 motus
546 3164 821 3222 auctores,
874 3158 969 3226 qui
1027 3174 1121 3228 per
1179 3175 1377 3216 nervos
1412 3160 1695 3227 diduntur,
1739 3161 1822 3219 vis
1857 3171 1912 3219 et

342 3247 578 3321 impetus
610 3247 827 3318 quidam
856 3248 921 3303 ad
950 3251 1131 3305 varios
1154 3259 1335 3306 motus
1355 3252 1607 3308 accessit.
1641 3250 1779 3306 Hinc
1808 3260 1907 3317 est,

343 3338 490 3410 quod
523 3355 781 3395 manuum
820 3342 1125 3399 ministerio
1156 3351 1209 3397 et
1226 3356 1391 3412 opera
1417 3342 1637 3408 utimur,
1656 3342 1913 3398 variailla

343 3430 589 3499 proiecto
621 3439 674 3485 et
710 3431 1027 3501 multiplice,
1061 3445 1263 3503 perque
1305 3446 1465 3487 omne
1500 3432 1567 3487 ad
1602 3431 1913 3486 institutum

343 3521 508 3575 animi
563 3522 723 3577 nobis
779 3522 988 3577 idonea.
1042 3520 1180 3577 lline
1224 3522 1459 3577 cervicis
1525 3529 1610 3577 est
1671 3520 1913 3587 inﬂexio,

342 3609 473 3666 hinc
520 3610 716 3680 capitis
770 3611 1152 3667 inclinationes
1182 3620 1237 3668 et
1264 3613 1595 3679 erectienes;
1645 3612 1772 3667 hinc
1802 3626 1916 3666 ma-

343 3703 595 3757 xillarum
636 3710 850 3773 motus;
910 3703 1035 3759 hinc
1072 3704 1448 3783 palpebrarum
1488 3703 1751 3772 diductio,
1793 3717 1916 3775 qua:

343 3810 468 3849 cum
521 3803 654 3849 nutu
696 3794 789 3861 ﬁt;
821 3795 947 3850 hinc
976 3806 1295 3851 caeterorum
1324 3796 1683 3852 articulorum
1729 3802 1912 3850 motus

342 3881 572 3952 profecti
627 3890 774 3948 sunt,
804 3884 895 3954 qui
952 3899 1247 3946 nervorum
1279 3886 1363 3940 vel
1399 3887 1650 3942 tensione
1694 3887 1777 3942 vel
1829 3901 1917 3941 re-

343 3974 631 4038 missione,
669 3974 825 4043 quasi
862 3973 1152 4044 quamdam
1177 3989 1274 4045 per
1295 3976 1599 4034 machinam
1630 3977 1786 4031 ﬁunt.
1823 3975 1919 4034 Vis

344 4063 564 4135 quidem
596 4065 798 4134 passim
825 4080 921 4134 per
941 4080 1141 4121 nervos
1164 4067 1314 4135 ipsos
1352 4080 1473 4122 sese
1494 4066 1700 4124 dedens
1727 4067 1806 4123 sic
1831 4076 1918 4126 est

346 4172 375 4210 a
404 4165 600 4210 natura
622 4166 956 4227 comparata,
973 4168 1031 4211 ut
1050 4173 1119 4213 ex
1148 4157 1322 4214 lubitu
1339 4158 1673 4230 arbitrioque
1698 4160 1918 4229 proprio

345 4258 650 4312 moveatur,
707 4255 763 4307 et
793 4248 1025 4319 singulis
1080 4248 1139 4303 in
1189 4247 1452 4305 membris
1505 4263 1603 4320 per
1665 4249 1918 4321 spiritum

344 4344 538 4408 sponte
597 4352 695 4392 sua
748 4351 807 4393 se
841 4336 1137 4408 agitantem
1180 4334 1493 4393 eﬁectiones
1518 4352 1647 4395 suas
1697 4340 1915 4398 habeat.

2083 2070 2268 2143 Ταύτῃ
2305 2070 2485 2125 τοίνυν
2521 2071 2588 2138 τῇ
2644 2065 2846 2137 περῤᾷ
2891 2063 2998 2117 τῶν
3036 2061 3240 2117 ὀστέων
3265 2062 3450 2133 φύσει,
3480 2058 3596 2116 οἷον

2013 2163 2223 2226 στύλοις
2245 2162 2385 2215 τισὶν
2409 2159 2748 2231 ἀχθοφόροις,
2782 2155 2901 2210 ὅλον
2932 2154 3025 2208 τοῦ
3053 2154 3303 2226 σώματος
3339 2154 3598 2208 ἐπιθεῖσα

2010 2256 2071 2308 τὸ
2106 2254 2289 2325 βάρος,
2320 2253 2419 2306 οὐκ
2434 2251 2738 2321 ἀδιαίρετον
2756 2248 2982 2318 ἐνέφυσε
3006 2246 3082 2319 τῷ
3109 2248 3267 2302 παντὶ
3295 2245 3357 2300 τὺ
3373 2246 3595 2300 ὀστέον.

2009 2340 2088 2399 Ἦ
2111 2344 2220 2416 γὰρ
2255 2342 2320 2397 ἂν
2352 2341 2606 2411 ἀκίνητός
2650 2356 2709 2391 τε
2745 2339 2839 2392 καὶ
2870 2336 3228 2408 ἀνενέργητος
3272 2335 3511 2407 ἔμεινεν,
3547 2338 3598 2391 εί

2008 2437 2149 2490 οὕτω
2203 2432 2549 2502 κατασκευῆς
2587 2425 2730 2500 εἶχεν
2776 2430 2806 2482 δ
2854 2427 3172 2500 ἅνθρωπος,
3222 2427 3479 2497 καθάπερ
3537 2443 3597 2480 τι

2008 2522 2223 2593 δένδρον
2283 2521 2367 2589 ἐφ’
2400 2518 2518 2583 ἐνὸς
2544 2519 2709 2570 τόπου
2745 2516 2923 2588 μένον,
2960 2517 3097 2587 μήτε
3129 2515 3230 2587 τῆς
3248 2516 3357 2569 τῶν
3387 2515 3599 2569 σκελῶν

2007 2613 2257 2684 διαδοχῆς
2286 2612 2378 2667 ἐπὶ
2397 2612 2458 2664 τὸ
2474 2611 2661 2682 πρόσω
2704 2608 3048 2680 προαγούσης
3066 2608 3165 2680 τὴν
3189 2607 3427 2679 κίνησιν,
3456 2614 3599 2679 μήτε

2007 2705 2110 2774 τῆς
2157 2704 2266 2758 τῶν
2315 2701 2513 2774 χειρῶν
2542 2700 2843 2773 ὑπουργίας
2880 2698 3321 2772 χρησιμευούσης
3360 2697 3440 2770 τῷ
3471 2698 3596 2770 βίῳ.

2008 2793 2147 2848 Νυνὶ⁵
2173 2793 2230 2848 δέ
2261 2792 2622 2864 μεταϐατικὸν
2651 2787 2788 2845 εἶναι
2812 2791 2907 2845 καὶ
2938 2789 3240 2861 πρακτικὸν
3269 2789 3329 2843 τὸ
3360 2789 3602 2860 ὄργανον

2007 2885 2200 2956 διὰτῆς
2222 2885 2463 2947 ἐπινοίας
2478 2884 2681 2953 ταύτης
2698 2884 3100 2954 ἐμηχανήσατο,
3123 2881 3200 2952 τῷ
3224 2880 3604 2952 προαιρετικῷ

2010 2975 2280 3046 πνεύματι
2304 2973 2381 3045 τῷ
2415 2974 2501 3028 διὰ
2534 2973 2642 3031 τῶν
2673 2972 2881 3045 νεύρων
2905 2972 3165 3043 διήκοντι,
3192 2970 3293 3040 τὴν
3323 2970 3461 3041 πρὸς
3496 2970 3603 3032 τὰς

2010 3068 2252 3139 κινήσεις
2278 3067 2454 3138 ὁρμήν
2505 3081 2567 3119 τε
2600 3064 2692 3117 καὶ
2719 3062 2946 3134 δύναμιν
2984 3062 3198 3116 ἐνθεῖσα
3240 3060 3318 3131 τῷ
3354 3059 3597 3131 σώματι.

2027 3157 2302 3212 Ἐντεῦθεν
2330 3155 2492 3228 ητῶν
2529 3156 2725 3227 χειρῶν
2758 3154 3048 3225 ὑπουργία,
3082 3155 3114 3224 ἡ
3146 3153 3365 3224 ποικίλη
3396 3169 3461 3206 τε
3500 3153 3605 3209 καὶ

2015 3248 2406 3320 πολύστροφος,
2467 3247 2561 3301 καὶ
2618 3247 2754 3319 πρὸς
2799 3249 2979 3302 πᾶσαν
3015 3247 3258 3301 ἐπίνοιαν
3290 3244 3601 3316 ἐπιτηδεία.

2026 3342 2302 3397 Ἐντεῦθεν
2344 3343 2400 3394 al
2449 3338 2542 3393 τοῦ
2573 3340 2795 3410 αὐχένος
2829 3339 3213 3411 περιστροφαὶ,
3239 3339 3334 3391 καὶ
3366 3338 3468 3407 τῆς
3499 3355 3605 3391 κε-

2016 3433 2188 3505 φαλῆς
2216 3433 2517 3496 ἐπικλίσεις
2548 3448 2608 3484 τε
2638 3433 2733 3485 καὶ
2758 3430 3095 3497 ἀνανεύσεις,
3130 3432 3224 3485 καὶ
3260 3433 3294 3503 ἡ
3325 3431 3469 3484 κατά
3494 3429 3602 3502 τὴν

2015 3525 2178 3595 γένην
2207 3522 2474 3594 ἐνέργεια,
2512 3522 2606 3576 καὶ
2653 3522 2687 3593 ἡ
2725 3520 2834 3574 τῶν
2858 3520 3162 3593 ,βλεφάρων
3190 3519 3444 3592 διαστολὴ
3481 3521 3605 3593 ἅμα

2016 3614 2242 3686 νεύματι
2275 3613 2556 3685 γινομένη,
2590 3613 2685 3672 καὶ
2728 3613 2834 3667 τῶν
2867 3612 3073 3666 λοιπῶν
3101 3612 3319 3686 ἄρθρων
3354 3614 3412 3667 αί
3443 3614 3605 3686 κινή,

2019 3725 2131 3771 σεις
2157 3708 2215 3759 ἐν
2252 3705 2466 3777 νεύροις
2523 3705 2621 3777 μέν
2652 3722 2794 3760 τισιν
2829 3705 3245 3778 ἀνασπωμένοις
3273 3703 3307 3776 ἢ
3336 3705 3602 3777 χαλωμὲ-

2017 3815 2149 3864 νοις,
2179 3795 2429 3866 καθάπερ
2465 3796 2530 3848 ἐκ
2561 3796 2810 3869 μηχανῆς
2827 3812 2994 3860 τινος,
3036 3793 3407 3868 ἐνεργοῦνται.
3446 3795 3512 3848 Ἥ
3541 3796 3606 3849 δὲ

2017 3888 2106 3943 διὰ
2118 3886 2320 3941 τούτων
2349 3883 2618 3951 διεξιοῦσα
2641 3885 2868 3958 δύναμις
2892 3885 3314 3942 αὐτοκέλευστον
3337 3884 3450 3955 ἔχει
3475 3886 3606 3940 τινὰ

2016 3978 2115 4048 τὴν
2141 3975 2336 4048 ὁρμὴν,
2368 3975 2736 4048 προαιρετικῷ
2768 3975 3038 4047 πνεύματι
3064 3976 3204 4029 κατά
3235 3991 3355 4029 τινα
3382 3974 3607 4042 φύσεως

2017 4067 2325 4139 οἰκονομίαν
2355 4068 2538 4132 ἐντοῖς
2557 4067 2889 4123 καθέκαστον
2919 4066 3304 4138 ἐνεργουμένη.
3348 4065 3506 4129 Ῥίζα
3543 4067 3607 4120 δὲ

2020 4160 2239 4213 πάντων
2272 4158 2565 4230 ἀπεδείχθη
2608 4159 2699 4212 καὶ
2747 4159 2890 4231 ἀρχὴ
2922 4160 3031 4213 τῶν
3067 4159 3207 4212 κατά
3230 4159 3298 4212 τὰ
3324 4157 3495 4228 νεῦρα
3517 4176 3607 4213 κι-

2018 4251 2245 4320 νήσεων,
2279 4251 2308 4302 ὁ
2337 4248 2429 4305 τὸν
2480 4248 2779 4319 ἐγκέφαλον
2825 4248 3094 4319 περιέχων
3122 4246 3395 4320 νευρώδης
3428 4249 3606 4319 ὑμήν.

2019 4340 2216 4396 Οὐκέτι
2236 4334 2342 4393 ,οὖν
2384 4339 2666 4410 ἡγούμεθα
2716 4339 2826 4394 δεῖν
2871 4339 3345 4411 πολυπραγμονεῖν
3381 4337 3514 4409 περί
3542 4355 3608 4393 τε

344 4427 649 4485 lndicatum
706 4428 937 4483 antehae
1001 4435 1105 4494 est,
1162 4426 1402 4483 radicem
1481 4429 1908 4503 principiumque

2088 4436 2130 4487 ιν
2162 4429 2406 4497 ζωτικῶν
2466 4430 2688 4501 μορίων,
2748 4430 2810 4483 τὸ
2852 4430 3088 4484 τοιοῦτόν
3136 4432 3302 4497 ἐστιν,
3332 4429 3389 4481 ἐν
3424 4427 3612 4500 τούτῳ

344 4525 589 4572 motuum
620 4518 675 4573 in
723 4519 927 4584 nervis,
965 4534 1088 4575 esse
1118 4519 1172 4574 in
1222 4518 1538 4575 membrana
1587 4522 1680 4576 illa
1713 4539 1913 4582 nervea

2019 4523 2326 4596 δειχθείσης
2361 4521 2464 4592 τῆς
2496 4522 2780 4593 κινητικῆς
2819 4521 3120 4593 ἐνεργείας.

346 4610 628 4667 cerebrum
651 4609 916 4681 amplexa.
941 4610 1303 4678 Quamobrem
1347 4613 1563 4668 curiose
1607 4613 1676 4673 de
1719 4620 1980 4677 membris
2017 4616 2265 4688 singulis,
2297 4628 2421 4684 quae
2466 4612 2722 4668 facultate
2755 4623 3005 4668 movente
3028 4611 3254 4682 praedita
3279 4619 3407 4667 sunt
3467 4628 3609 4683 per"

346 4703 670 4777 quirendum
718 4719 830 4759 non
865 4710 1119 4775 putamus
1153 4723 1169 4760 :
1202 4704 1440 4775 quando,
1465 4705 1609 4762 unde
1643 4710 1894 4767 movendi
1916 4711 2147 4769 facultas
2181 4706 2580 4778 proﬁciscatur,
2612 4713 2695 4760 est
2738 4704 3199 4759 demonstratum.

420 4795 687 4852 Caeterum
710 4799 976 4855 maximas
990 4797 1059 4852 ad
1085 4798 1248 4852 vitam
1283 4798 1699 4857 commoditates
1731 4803 1864 4857 oriri
1886 4818 1919 4861 at

348 4887 595 4951 cerebro,
626 4886 929 4947 clarissime
978 4888 1325 4959 perspicitur,
1356 4905 1481 4945 cum
1503 4890 1633 4963 quid
1672 4891 1800 4948 huic
1821 4894 1918 4949 ad-

345 4979 487 5033 versi
522 4977 741 5033 accidit.
768 4975 903 5032 Nam
931 4979 976 5034 si
1004 4980 1316 5039 membrana
1335 4981 1515 5051 ipsum
1537 4982 1783 5038 ambiens
1808 4984 1917 5038 vul-

343 5078 565 5125 neretur
617 5078 710 5125 aut
756 5081 1062 5142 rumpatur,
1115 5073 1375 5129 continuo
1424 5088 1576 5129 mors
1637 5074 1915 5130 hominem

347 5172 599 5232 occupat,
628 5174 822 5218 natura
869 5179 935 5218 ne
961 5163 1029 5218 ad
1055 5173 1388 5221 momentum
1436 5166 1659 5236 quidem
1704 5167 1920 5223 valente

346 5253 618 5319 resistere,
659 5255 883 5325 perinde
907 5266 1069 5327 atque
1099 5255 1457 5313 fundamento
1489 5257 1741 5323 subruta,
1781 5258 1911 5314 sedi-

347 5340 527 5395 lieium
559 5351 733 5399 totum
765 5345 831 5400 ad
868 5349 1277 5405 succussiouem
1318 5351 1488 5419 partis
1522 5364 1628 5404 una
1665 5351 1917 5421 quassari

347 5446 571 5490 necesse
596 5443 700 5491 est.
734 5434 854 5502 Quo
894 5439 1058 5509 igitur
1101 5440 1345 5497 membro
1371 5438 1566 5496 allecto
1600 5442 1800 5496 animal
1832 5448 1917 5494 to-

347 5531 463 5579 tum
508 5523 713 5592 interit,
747 5526 800 5583 id
838 5531 1142 5587 membrum
1181 5533 1306 5588 vitae
1350 5546 1570 5587 causam
1641 5531 1921 5602 praecipue

349 5617 627 5675 continere
656 5619 943 5677 fateamur.
974 5621 1109 5679 Cum
1133 5636 1265 5677 vero
1290 5622 1346 5676 in
1381 5622 1451 5677 iis
1475 5622 1569 5692 qui
1600 5621 1668 5679 de
1687 5623 1794 5677 vita
1822 5624 1918 5679 mi-

350 5719 576 5784 graruut
601 5720 655 5771 et
688 5714 960 5787 exstingui
1007 5714 1243 5773 calorem
1293 5728 1321 5767 a
1351 5721 1543 5775 natura
1601 5715 1830 5777 inditum
1865 5725 1915 5773 et

2094 4803 2215 4855 Ὅτι
2235 4800 2292 4853 δὲ
2319 4797 2569 4868 μέγιστόν
2597 4815 2648 4851 τι
2680 4796 2922 4851 συντελεῖ
2964 4797 3100 4868 πρὸς
3123 4797 3223 4867 τὴν
3245 4794 3389 4867 ζωὴν
3428 4796 3459 4848 δ
3507 4796 3613 4865 ἐγ-

2021 4891 2276 4961 κέφαλος,
2316 4889 2562 4960 ἐναργῶς
2603 4888 2663 4942 τὸ
2713 4888 2774 4953 ἐξ
2814 4888 3058 4943 ἐναντίου
3092 4887 3388 4957 συμϐαῖνον
3428 4886 3614 4957 δηλοῖ.

2020 4984 2085 5036 El
2113 4983 2220 5053 γάρ
2239 4998 2360 5035 τινα
2389 4980 2640 5052 τρῶσινῆ
2676 4979 2828 5052 ῥῆξιν
2855 4982 2883 5034 ὁ
2903 4980 3029 5051 περὶ
3054 4979 3216 5033 αὐτὸν
3244 4979 3388 5048 ὐμὴν
3412 4978 3616 5045 πείθοι’,

2023 5052 2196 5134 εὐθὺς
2219 5068 2622 5140 ἐπηκολούθησε
2651 5069 2730 5139 τῷ
2775 5069 2936 5122 πάθει
2966 5071 2994 5122 ὁ
3027 5069 3276 5132 θάνατος,
3314 5067 3438 5120 οὐδὲ
3466 5052 3618 5138 πρὸς

2021 5163 2083 5217 τὸ
2107 5161 2309 5232 ἀκαρὲς
2337 5160 2433 5231 τῆς
2448 5160 2661 5229 φύσεως
2680 5160 3031 5231 ἀντισχούσης
3057 5163 3122 5229 τῇ
3155 5158 3376 5231 τρώσει,
3412 5158 3620 5233 ὥσπερ

2023 5249 2272 5319 θεμελίου
2333 5250 2480 5313 τινὸς
2538 5250 2979 5314 ὐποσπασθέντος
3021 5250 3139 5303 ὅλον
3167 5249 3226 5302 τὸ
3260 5247 3619 5321 οἰκοδόμημα

2024 5344 2448 5415 συγκατεσείσθη
2501 5344 2578 5413 τῷ
2607 5344 2791 5414 μέρειο
2853 5337 2913 5397 οὐ
2956 5344 3135 5396 τοίνυν
3168 5340 3435 5406 παθόντος
3471 5343 3620 5410 πρό-

2021 5433 2178 5504 δηλός
2202 5434 2348 5487 ἐστιν
2368 5434 2508 5506 ἡτοῦ
2528 5434 2724 5498 παντὸς
2743 5434 2882 5501 {ibas
2906 5433 3192 5505 διαφθορὰ,
3211 5434 3372 5490 τοῦτο
3395 5435 3620 5507 κυρίως

2022 5522 2087 5577 ἂν
2141 5527 2238 5595 τῆς
2287 5526 2430 5596 ζωῆς
2466 5526 2564 5597 τὴν
2596 5527 2773 5580 αἰτίαν
2820 5526 2963 5597 ἔχειν
3002 5525 3333 5596 ὁμολογοῖτο.
3381 5523 3618 5600 Ἐπειδὴ

2021 5617 2076 5669 δὲ
2108 5619 2199 5672 καὶ
2236 5620 2343 5672 τῶν
2373 5619 2738 5690 παυσαμένων
2766 5619 2856 5671 τοῦ
2881 5618 2982 5692 ζῇν
3013 5616 3484 5688 κατασϐεσθείσης
3504 5620 3619 5689 τῆς

2023 5714 2345 5791 ἐγκειμένης
2372 5715 2435 5785 τῇ
2464 5712 2619 5781 φύσει
2652 5712 3000 5782 θερμότητος,
3034 5711 3092 5764 τὸ
3124 5709 3395 5784 νεκρωθέν
3434 5728 3619 5773 κατα,-
