3794 6000
177 253 274 311 ἓίὸ

1411 256 1496 308 DE
1536 252 1823 309 HOMINIS
1864 251 2174 307 OPlFlClO.

3329 244 3438 300 246

178 368 413 439 ψύχεται,
445 365 539 420 διά
595 364 751 420 τοῦτο
803 368 895 420 καὶ
930 368 986 419 ἐν
1038 366 1115 438 τῷ
1151 367 1337 439 θερμῷ
1381 369 1477 438 τὴν
1512 366 1748 438 ζωτικὴν

1897 343 2000 420 uod
2018 368 2329 420 emortuum
2363 368 2466 428 est,
2517 357 2775 429 occupari
2807 372 2837 412 a
2868 356 3070 429 frigore
3123 356 3433 418 videamus.

181 459 345 514 αἰτίαν
360 459 795 530 κατενοήσαμεν.
828 451 903 512 Οὗ
936 459 1045 531 γάρ
1076 460 1476 525 ἐπιλελοιπότος
1511 461 1754 530 ήνεκρό-

174 569 272 624 της
303 549 764 621 ἐπηκολούθησεν,
795 550 1008 622 ἀνάγκη
1045 554 1195 605 πᾶσα
1219 555 1285 623 τῇ
1326 553 1597 624 παρουσίᾳ
1622 552 1746 607 τού-ε

180 661 265 697 του
284 641 605 696 συνεστάναι
636 642 696 694 τὸ
712 643 846 706 ζῶον
866 644 1259 714 ὁμολογεῖσθαι.
1295 646 1405 718 Τῆς
1421 646 1477 699 δὲ
1496 647 1753 715 τοιαύτης

181 734 446 803 δυνάμεως
481 727 592 785 οἷον
624 734 807 804 πηγήν
857 752 980 787 τινα
1034 736 1127 789 καὶ
1172 736 1346 807 ἀρχὴν
1386 736 1484 807 τὴν
1524 737 1753 808 καρδίαν

185 825 603 894 κατενοήσαμεν,
643 824 737 891 ἀφ’
788 817 855 896 ἧς
900 825 1204 889 αύλοειδεῖς.
1230 827 1387 897 πόροι
1421 818 1755 898 πολυσχιδῖὖς

185 913 331 977 ἄλλος
387 914 447 978 ἐξ
498 913 659 967 ἄλλου
710 915 1075 987 διαφυόμενοι,
1124 918 1288 971 παντὶ
1328 916 1408 989 τῷ
1444 918 1657 990 σώματι
1696 919 1758 971 τὸ

184 1002 424 1072 πυρῶδες
465 1005 559 1056 καὶ
610 1003 809 1074 θερμὸν
865 1005 1136 1076 διαχέουσι
1196 1006 1436 1078 πνεῦμα.
1499 1009 1654 1063 Ἐπεὶ
1700 1010 1757 1063 δὲ

185 1091 391 1153 πάντως
423 1092 517 1144 καὶ
538 1092 743 1162 τροφὴν
771 1091 877 1145 ἔδει
904 1094 1025 1147 τινά
1060 1093 1137 1164 τῷ
1165 1093 1355 1167 θερμῷ
1392 1100 1757 1169 συμπαρεῖναι

187 1182 329 1253 παρά
360 1184 460 1250 τῆς
500 1183 717 1251 φύσεως
740 1200 751 1212 ’
783 1185 844 1237 ού
870 1184 976 1256 γὰρ
1002 1186 1274 1255 ἐνδέχεται
1312 1187 1371 1239 τὸ
1393 1186 1503 1257 πῦρ
1530 1189 1613 1256 ἐφ’
1636 1189 1760 1241 ἐαυ-

183 1271 278 1324 τοῦ
331 1272 536 1343 μένειν,
593 1274 668 1343 μὴ
730 1273 818 1326 διὰ
855 1273 947 1326 τοῦ
1001 1276 1337 1346 καταλλήλου
1381 1278 1713 1348 τρεφόμενον
1742 1295 1756 1308 °

184 1360 267 1415 διὰ
297 1362 453 1415 τοῦτο
483 1364 533 1415 oi
565 1362 658 1415 τοῦ
706 1364 938 1433 αἵματος
969 1366 1168 1436 ὀχετοὶ,
1197 1367 1447 1440 καθάπερ
1473 1369 1537 1421 ἐκ
1578 1370 1761 1441 πηγῆς

184 1470 322 1517 τινος
342 1454 439 1507 τοῦ
464 1454 675 1523 ἥπατος
723 1456 1130 1527 ἀφορμηθέντες
1174 1457 1252 1528 τῷ
1281 1458 1467 1530 θερμῷ
1490 1459 1761 1531 πνεύματι

185 1545 429 1614 ¹πανταχῆ
474 1544 614 1597 κατά
635 1544 697 1597 τὸ
732 1545 889 1615 σῶμα
918 1548 1443 1617 συμπαροδεύουσιν,
1474 1550 1549 1614 ὡς
1586 1550 1652 1604 ἂν
1687 1550 1762 1623 μὴ

187 1632 423 1700 μονωθὲν
453 1629 545 1683 toﬁ
576 1632 762 1702 ἐτέρου
799 1633 857 1686 τὸ
886 1634 1094 1705 ἕτερον,
1135 1636 1425 1712 διαφθείρῃ
1445 1639 1543 1711 τὴν
1573 1640 1758 1709 φύσιν,

1856 456 2061 511 idcirco
2082 456 2243 509 etiam
2298 453 2354 508 in
2384 453 2567 508 calore
2605 464 2828 506 causam
2861 447 3151 519 quamdam
3216 444 3438 502 vivendi

1855 544 2132 615 ponimus.
2161 540 2281 607 Quo
2317 541 2463 597 enim
2489 540 2693 595 amisso
2714 537 3027 594 mortalitas
3056 536 3435 615 consequitur,

1856 635 1911 690 id
1940 634 2181 704 quandiu
2205 633 2366 688 nobis
2399 632 2670 703 integrum
2699 638 2806 696 est,
2840 628 2978 684 nihil
2998 614 3251 681 accidere
3276 639 3438 695 posse

1854 727 1979 782 vita:
2003 724 2338 789 detrimenti,
2370 723 2685 779 necessario
2719 720 3018 792 colligitur.
3046 717 3227 787 Hujus
3257 716 3438 772 facul-
3518 763 3522 768 .
3571 742 3587 753 η

1856 818 1988 875 tatis
2031 832 2126 872 cor
2186 823 2271 871 est
2296 815 2455 886 quasi
2504 813 2726 884 quidam
2774 811 2898 868 fons
2936 818 2990 866 et
3024 808 3376 881 principium,
3409 823 3441 861 a

1857 922 1966 978 quo
1991 918 2202 962 meatus
2223 906 2326 960 orti
2355 903 2668 960 consimiles
2698 902 2872 969 tibiis,
2903 898 3279 970 multipliciter
3309 899 3437 952 aliis

1859 998 1998 1053 alios
2028 997 2478 1067 propagantibus,
2512 1009 2609 1064 per
2655 1008 2856 1063 corpus
2884 991 3200 1046 universum
3249 989 3442 1059 igneos

1858 1086 2177 1157 calidosque
2196 1086 2422 1155 spiritus
2442 1084 2773 1139 diffundunt.
2798 1081 3046 1152 Cumque
3070 1079 3443 1135 necessarium

1860 1168 2000 1235 foret
2024 1188 2084 1234 ut
2110 1188 2432 1250 perpetuiun
2457 1177 2629 1232 calori
2654 1176 2971 1230 alimentum
2996 1172 3387 1242 adjungeretur
3414 1185 3444 1224 a

1860 1280 2076 1336 natura,
2111 1268 2330 1338 quando
2358 1267 2499 1338 ignis
2520 1282 2618 1337 per
2651 1281 2710 1321 se
2729 1264 2929 1319 durare
2961 1261 3173 1333 nequit,
3207 1261 3253 1315 si
3286 1275 3317 1313 a
3340 1276 3446 1314 nu-

1860 1364 2117 1417 trimento
2144 1361 2247 1417 sibi
2273 1361 2632 1415 conveniente
2673 1357 3026 1421 destituatur,
3072 1354 3282 1411 idcirco
3317 1367 3446 1408 san-

1860 1451 2041 1522 guinis
2061 1450 2164 1506 rivi
2194 1447 2260 1505 de
2284 1449 2528 1519 jecinore
2547 1446 2707 1517 quasi
2731 1444 2881 1500 fonte
2916 1442 3154 1514 quodam
3185 1439 3440 1512 profecti.

1863 1550 1976 1599 toto
2022 1558 2248 1613 corpore
2293 1540 2472 1596 calido
2531 1538 2752 1610 spiritui
2801 1537 3032 1593 comites
3066 1541 3246 1599 sunt,
3278 1549 3347 1588 ne
3397 1534 3446 1589 si

1865 1636 2093 1690 alterum
2122 1634 2191 1689 ab
2217 1636 2389 1689 altero
2417 1633 2786 1693 desereretur,
2832 1627 3026 1683 morbo
3054 1632 3311 1696 correpta
3344 1639 3445 1679 na-

184 1722 351 1784 πάθος
378 1723 688 1791 γενόμενον.
725 1723 1033 1777 Παιδευέτω
1054 1725 1210 1780 τοῦτο
1237 1729 1364 1790 τοὺς
1390 1731 1757 1794 ἀτακτοῦντας

1897 1742 1985 1788 ura
2019 1727 2291 1797 interiret.
2316 1724 2392 1780 De
2422 1740 2531 1795 quo
2562 1723 2794 1793 injustos
2827 1720 3079 1775 homines
3106 1726 3160 1774 et
3210 1719 3447 1787 inanua-

184 1810 308 1878 περὶ
353 1809 417 1861 τὸ
460 1803 596 1871 ἴσον,
636 1808 980 1880 διδαχθέντας
1011 1813 1161 1885 παρά
1210 1816 1309 1886 τῆς
1349 1816 1583 1886 φύσεως,
1624 1820 1761 1889 ὁτιή

186 1897 461 1964 πλεονεξία
511 1897 830 1967 φθοροποιόν
870 1918 923 1955 τι
976 1903 1146 1967 πάθος
1194 1905 1363 1960 ἐστίν.
1403 1908 1542 1961 Ἀλλ’
1574 1911 1762 1985 ἐπειδὴ

188 1990 341 2059 μόνον
373 1991 672 2062 ἀπροσδεές
704 1992 819 2046 ἐστι
848 1992 908 2046 τὸ
927 1992 1110 2060 Θεῖον,
1133 1998 1167 2067 ὴ
1193 1998 1250 2051 δέ
1266 1998 1581 2071 ἀνθρωπίνη
1615 2021 1762 2059 πτω-

184 2082 303 2151 χεία
330 2082 440 2134 τῶν
469 2083 668 2162 ξξωθεν
692 2086 825 2156 πρὸς
870 2086 967 2157 τὴν
1004 2087 1140 2142 ίδίαν
1173 2092 1432 2146 σύστασιν
1463 2096 1760 2164 ἐπιδέεται,

183 2171 266 2223 διὰ
294 2170 453 2224 τοῦτο
479 2174 600 2235 ταῖς
622 2173 772 2243 τρισὶ
802 2173 1028 2238 ταύταις
1054 2176 1336 2246 δυνάμεσι,
1361 2180 1426 2233 δι’
1457 2175 1532 2235 ὧν
1557 2182 1765 2254 ἔφαμεν

185 2260 326 2314 ἅπαν
384 2261 785 2331 οἰκονομεῖσθαι
838 2264 899 2316 τὸ
958 2265 1118 2334 σῶμα
1153 2307 1166 2328 ,
1224 2270 1519 2341 ἐπίρρυτον
1568 2272 1765 2337 ἔξωθεν

185 2352 466 2419 ἐπεισάγει
491 2352 589 2422 τὴν
609 2352 763 2423 ὕλην,
798 2354 1070 2426 διαφόροις
1096 2359 1322 2422 εἰσόδοις
1352 2361 1412 2414 τὸ
1435 2363 1764 2436 κατάλληλον

184 2444 373 2506 αὐταῖς
409 2443 794 2508 είσοικίζουσα.
832 2445 910 2515 Τῇ
945 2446 1043 2515 μὲν
1081 2447 1190 2520 γὰρ
1217 2454 1366 2523 πηγῇ
1389 2451 1479 2505 τοῦ
1512 2454 1762 2524 αἵματος,

181 2535 217 2602 ἧ
245 2551 329 2597 τις
375 2535 440 2587 τὸ
479 2532 636 2607 ἧπάρ
656 2537 791 2599 ἐστι,
823 2537 923 2608 τὴν
958 2538 1047 2591 διὰ
1095 2540 1194 2610 τῆς
1244 2543 1452 2612 τροφῆς
1503 2547 1768 2618 χορηγίαν

148 2710 151 2711 ν
184 2623 445 2694 ὑπέθηκε.
465 2626 538 2677 Τὸ
552 2625 659 2696 γὰρ
677 2627 1097 2697 ἐπεισαγόμενον
1120 2632 1205 2683 ἀεὶ
1219 2631 1306 2685 διὰ
1326 2634 1543 2705 ταύτης,
1560 2637 1660 2699 τὰς
1673 2636 1766 2690 τοῦ

182 2716 418 2787 αἵματος
437 2716 622 2787 πηγὰς
643 2716 826 2788 βρύειν
850 2718 937 2772 διὰ
952 2719 1047 2773 τοῦ
1089 2722 1298 2791 ἥπατος
1337 2726 1766 2796 παρασκευάζει,

184 2806 438 2878 καθάπερ
470 2810 505 2878 η
549 2808 643 2861 ἐπὶ
667 2808 761 2862 τοῦ
788 2810 947 2881 ὅρους
977 2810 1108 2882 χιὼν
1131 2813 1218 2865 διὰ
1246 2814 1346 2884 τῆς
1365 2817 1566 2880 οίκείας
1603 2819 1767 2890 ἰκμά-

180 2898 272 2960 δος
289 2898 393 2962 τάς
408 2900 549 2952 κατά
562 2900 660 2970 τὴν
678 2901 951 2971 ὑπώρειαν
966 2902 1117 2968 αὔξει
1132 2905 1335 2974 πηγὰς,
1358 2907 1447 2961 διά
1461 2907 1553 2962 τοῦ
1572 2908 1769 2979 βάθους

181 2991 478 3091 τοι-οἰκεῖον
527 2990 693 3091 ὑγρδν
731 2993 823 3044 ἐπὶ
859 2993 957 3090 τάς
983 2993 1134 3048 κάτω
1155 2995 1358 3064 φλέϐας
1395 2998 1764 3056 συνθλίὸουσα.
1795 3033 1838 3091 C

244 3077 323 3129 Τὸ
367 3078 427 3130 δὲ
461 3079 751 3150 ἐγκάρδιον
794 3078 1011 3151 πνεῦμα
1067 3082 1156 3136 διὰ
1199 3084 1294 3138 τοῦ
1315 3083 1556 3153 γείτονος
1577 3086 1768 3141 ἐπεισ-

179 3173 377 3238 άγεται
450 3171 764 3242 σπλάγχνου
827 3210 842 3235 ,
898 3169 927 3223 ὃ
997 3172 1243 3226 καλεῖται
1307 3175 1405 3245 μὲν
1489 3179 1766 3249 πνεύμων,

183 3258 303 3309 ἐστὶ
364 3256 423 3309 δὲ
480 3257 575 3310 τοῦ
637 3258 799 3331 ἀέρος
851 3258 1079 3329 δοχεῖον,
1137 3261 1226 3316 διὰ
1297 3264 1399 3335 τῆς
1446 3266 1768 3340 ἐγκειμένης

184 3349 458 3418 ἀρτηρίας
511 3349 613 3419 τῆς
670 3350 765 3402 ἐπὶ
809 3351 868 3403 τὸ
917 3352 1092 3423 στόμα
1124 3353 1435 3428 διηκούσης,
1474 3359 1537 3410 τὸ
1574 3358 1769 3423 ἔξωθεν

184 3439 413 3511 πνεῦμα
449 3443 570 3505 ταῖς
626 3442 925 3506 ἀναπνοαῖς
983 3445 1359 3516 ἐφελκόμενον.
1402 3443 1475 3518 Ὦ
1521 3450 1660 3503 κατά
1712 3451 1770 3503 τὸ

189 3531 358 3602 μέσον
388 3534 424 3602 ἡ
452 3533 650 3604 καρδία
685 3535 1068 3608 ἐνειλημμένη,
1111 3537 1252 3591 κατά
1287 3538 1519 3609 μίμησιν
1550 3540 1646 3610 τῆς
1675 3540 1769 3593 τοῦ

186 3625 504 3695 ἀεικινήτου
551 3627 726 3695 πυρὸς
770 3629 1068 3700 ἐνεργείας,
1109 3629 1465 3694 ἀδιαλείπτως
1496 3633 1586 3684 καὶ
1634 3634 1769 3706 αύτὴ

189 3717 507 3787 κινουμένη,
525 3713 636 3771 οἶόν
656 3737 708 3771 τι
729 3719 971 3774 ποιοῦσιν
987 3722 1044 3774 ἐν
1068 3723 1181 3785 τοῖς
1200 3721 1475 3792 χαλκείοις
1496 3725 1552 3777 αἱ
1580 3724 1768 3794 φύσαι,

188 3808 335 3862 ἕλκει
370 3827 433 3862 τε
472 3812 609 3880 πρὸς
638 3812 835 3880 ἑαυτὴν
869 3814 931 3865 ὲκ
961 3812 1056 3865 τοῦ
1086 3814 1492 3884 παρακειμένου
1530 3816 1771 3887 πνεύμο-

187 3918 278 3964 νος
312 3902 601 3972 πληροῦσα
641 3905 707 3973 τῇ
768 3904 1015 3976 διαστολῇ
1065 3903 1164 3969 τὰς
1212 3906 1551 3977 κοιλότητας,
1598 3910 1774 3963 καὶτὸ

189 3993 441 4063 πυρῶδες
469 3994 672 4065 ἑαυτῆς
689 3996 1066 4065 ἐκριπίζουσα,
1106 3999 1226 4060 ταῖς
1268 3999 1556 4069 ἐχομέναις
1613 4001 1775 4073 ἀρτη-

193 4083 363 4152 ρίαις
389 4088 608 4152 ἐμπνεῖ.
656 4085 766 4137 Καὶ
802 4086 960 4139 τοῦτο
1018 4086 1245 4140 ποιοῦσα
1293 4089 1353 4141 ού
1387 4088 1673 4157 διαλείπει,
1714 4092 1775 4145 τὸ

192 4175 296 4242 μὲν
318 4175 522 4239 ἔξωθεν
540 4176 627 4229 διὰ
668 4178 767 4247 τῆς
801 4171 1087 4247 διαστολῆς
1119 4180 1198 4242 εἰς
1227 4179 1324 4243 τάς
1358 4179 1491 4244 ἰδίας
1523 4182 1775 4255 κοιλότη-

189 4281 288 4328 τας
316 4266 575 4332 ἕλκουσα,
609 4267 669 4320 τὺ
702 4267 756 4320 δέ
781 4268 910 4337 παρ’
937 4269 1134 4338 ἑαυτῆς
1165 4268 1255 4323 διὰ
1278 4270 1376 4340 τῆς
1402 4272 1775 4342 συμπτώσεως

1859 1817 2067 1870 litatem
2148 1815 2554 1869 committentes
2598 1812 2704 1867 hoc
2775 1826 2972 1883 capere
3052 1806 3445 1863 admonitionis

1861 1914 2095 1978 oportet,
2137 1915 2195 1960 ut
2244 1921 2275 1959 a
2326 1912 2519 1960 natura
2576 1903 2791 1958 discant
2857 1900 3144 1956 avaritiam
3192 1897 3443 1953 morbum

1861 2011 2003 2060 esse,
2031 1996 2123 2067 qui
2156 1995 2280 2050 aliis
2310 1994 2587 2049 interitum
2610 1991 2819 2047 aﬂerat.
2854 1991 2962 2046 Sed
3005 1990 3151 2045 enim
3185 1989 3301 2045 sola
3344 1988 3445 2043 Dei

1862 2096 2055 2142 natura
2101 2102 2224 2141 cum
2276 2085 2422 2139 nulla
2449 2099 2508 2138 re
2532 2083 2794 2154 indigeat,
2825 2083 3103 2137 hominum
3139 2081 3322 2150 inopia
3357 2093 3445 2134 res

1863 2190 2119 2235 externas
2174 2177 2242 2231 ad
2297 2192 2356 2232 se
2396 2174 2814 2233 sustentandum
2863 2173 3177 2229 necessario
3232 2170 3447 2226 deside-

1867 2278 2022 2324 rante
2067 2288 2079 2323 :
2116 2267 2324 2322 idcirco
2355 2267 2533 2321 tribus
2575 2266 2727 2320 hisce
2774 2263 3128 2319 facultatibus
3164 2263 3344 2318 locum
3390 2262 3447 2317 in

1865 2360 2220 2432 gubernando
2245 2373 2477 2430 corpore
2510 2357 2812 2428 principem
2829 2354 3220 2419 obtinentibus,
3247 2352 3448 2409 extrin-

1867 2466 2027 2507 secus
2078 2450 2336 2505 materies
2362 2446 2771 2504 accommodata
2809 2446 3036 2516 singulis
3082 2461 3181 2516 per
3202 2444 3447 2499 diversos

1868 2544 2049 2598 aditus
2094 2543 2412 2598 arcessitur.
2468 2540 2602 2594 Nam
2656 2537 2914 2605 jecinori,
2966 2538 3114 2609 quod
3164 2536 3447 2607 sanguinis

1869 2650 1993 2690 esse
2047 2632 2248 2688 fontem
2290 2633 2556 2693 diximus.
2584 2632 2829 2686 alimenti
2858 2636 2942 2685 est
2986 2627 3242 2683 mandata
3276 2625 3449 2680 admi-

1870 2728 2149 2782 nistratio.
2186 2724 2342 2791 Quod
2392 2726 2538 2779 enim
2586 2708 2871 2778 inutriendi
2914 2721 3089 2776 nostri
3125 2734 3289 2775 causa
3323 2734 3446 2787 per-

1870 2824 2032 2887 petuo
2067 2815 2352 2886 ingeritur,
2379 2814 2647 2885 jecinoris
2680 2813 2997 2881 adjumento
3032 2811 3183 2878 facit,
3221 2819 3279 2865 ut
3314 2826 3448 2866 con-

1869 2909 2024 2963 tinuo
2051 2908 2333 2977 sanguinis
2381 2908 2483 2960 rivi
2538 2906 2728 2961 ﬂuant.
2762 2903 3234 2970 Quemadmodum
3270 2902 3447 2956 nivem

1871 3008 2185 3055 montanam
2246 2998 2492 3053 videmus
2547 2997 2775 3051 humore
2818 3011 2919 3052 suo
2949 2995 3226 3064 subjectos
3273 2992 3448 3047 fontes

1869 3106 2087 3162 augere,
2140 3097 2459 3159 penetrante
2497 3090 2592 3163 illo
2642 3088 2901 3145 deorsum
2951 3086 3018 3141 ad
3078 3086 3226 3155 ipsas
3277 3098 3451 3154 usque

1870 3179 2106 3233 fontium
2138 3194 2324 3233 venas.

1942 3269 2143 3324 Deinde
2172 3283 2265 3323 aer
2297 3269 2458 3322 etiam
2494 3268 2645 3322 cordi
2674 3268 2837 3322 vicini
2867 3269 3092 3323 visceris
3124 3280 3225 3338 ope
3255 3262 3475 3334 sugge-'

1869 3361 2035 3426 ritur;
2067 3361 2117 3415 ci
2148 3376 2348 3415 nomen
2382 3367 2467 3416 est
2490 3345 2677 3439 pulmo
2709 3380 2722 3415 :
2762 3360 3077 3416 membrum
3108 3361 3285 3429 ipsum
3309 3357 3453 3430 aeris

1870 3461 1955 3509 est
1984 3453 2409 3522 receptaculum,
2433 3454 2588 3522 quod
2610 3468 2705 3521 per
2735 3453 2999 3507 insertam
3025 3452 3131 3506 sibi
3167 3450 3447 3513 arteriam,

1873 3543 1939 3598 ad
1972 3558 2035 3599 os
2074 3543 2454 3615 pertinentem,
2512 3542 2764 3611 spiritum
2818 3549 3105 3596 externum
3138 3553 3235 3608 per
3275 3537 3451 3606 respi~

1870 3636 2108 3691 rationes
2146 3636 2434 3690 continuas
2471 3634 2669 3687 haurit.
2729 3632 2904 3702 Hujus
2967 3632 3023 3685 in
3064 3636 3217 3700 parte
3275 3626 3450 3683 media

1873 3740 1968 3781 cor
1991 3728 2320 3792 continetur,
2353 3725 2500 3796 quod
2547 3726 2726 3797 ipsum
2769 3739 2986 3795 quoque
3017 3722 3134 3778 sine
3167 3719 3451 3775 intermis-

1874 3817 2030 3872 sione
2058 3823 2331 3882 movetur,
2368 3816 2533 3886 inquc
2556 3816 2659 3870 hoc
2706 3816 2849 3887 ignis
2874 3808 3159 3883 nunquam
3194 3824 3305 3865 non
3334 3822 3452 3864 mo-

1872 3911 2001 3966 bilis
2033 3919 2283 3965 naturam
2337 3911 2600 3965 imitatur.
2636 3908 2770 3963 Nam
2803 3910 2976 3963 instar
3005 3906 3211 3961 follium
3250 3904 3450 3976 quibus

1876 4004 1931 4058 in
1964 4003 2194 4060 oﬂicinis
2222 4003 2338 4058 suis
2368 4010 2596 4062 utuntur
2634 4000 2797 4066 fabri,
2830 4014 3047 4070 semper
3075 4013 3255 4054 aerem
3282 4003 3452 4051 attra-

1877 4095 1957 4149 hit
1994 4110 2024 4151 e
2079 4095 2261 4150 vicino
2309 4097 2585 4165 pulmone,
2638 4102 2931 4163 partesque
2980 4104 3252 4146 concavas
3287 4087 3451 4143 didu-

1876 4189 2055 4243 ctionc
2115 4189 2308 4259 replet,
2343 4202 2408 4242 ac
2434 4187 2581 4258 quod
2637 4187 2853 4257 igneum
2905 4192 2989 4239 est
3028 4181 3081 4235 in
3118 4182 3239 4250 ipso
3285 4179 3448 4242 emat,

1876 4280 2041 4350 inque
2068 4280 2355 4350 adjunctas
2402 4279 2631 4334 arterias
2662 4277 2925 4332 excernit.
2956 4272 3071 4327 Hoc
3128 4271 3262 4325 adeo
3301 4287 3448 4325 nun-
3492 4300 3503 4307 υ

189 4359 314 4422 ταῖς
356 4359 654 4430 ἀρτηρίαις
699 4361 1065 4431 είσκρίνουσα.
1100 4361 1168 4414 Ὅ
1223 4378 1314 4432 μοι
1344 4362 1492 4417 δοκεῖ
1535 4367 1628 4418 καὶ
1674 4368 1757 4437 τῆς

1897 4386 2039 4442 [nam
2074 4387 2183 4437 non
2233 4372 2361 4441 agit,
2397 4370 2542 4424 aliud
2576 4368 2921 4423 extrinsecus
2955 4379 3051 4436 per
3082 4362 3455 4418 diductionem

191 4449 507 4518 αὐτομάτου
556 4448 761 4518 ταύτης
808 4447 1078 4519 ἀναπνοῆς
1122 4447 1292 4502 αἴτιον
1331 4452 1464 4521 ἡμῖν
1506 4452 1771 4521 γίνεσθαι.

192 4538 467 4602 Πολλάκις
496 4538 605 4610 γάρ
634 4542 663 4593 ὁ
704 4540 801 4611 μὲν
820 4539 944 4603 νοῦς
974 4539 1200 4610 ἄσχολός
1232 4542 1346 4601 ἐστι
1383 4543 1520 4613 πρὸς
1556 4544 1777 4615 ἐτέρους

190 4631 223 4700 ἦ
254 4632 357 4685 καὶ
398 4633 750 4685 παντάπασιν
784 4633 1004 4704 ἠρεμεῖ,
1033 4631 1282 4696 λυθέντος
1308 4635 1364 4686 ἐν
1390 4633 1466 4704 τῷ
1497 4633 1650 4707 ὕπνῳ
1679 4634 1774 4690 τοῦ

193 4720 471 4792 σώματος,
496 4725 530 4793 ή
553 4722 610 4775 δὲ
644 4722 887 4794 ἀναπνοὴ
931 4722 1026 4776 τοῦ
1067 4724 1227 4795 ἀέρος
1254 4724 1315 4776 ού
1337 4724 1625 4792 διαλείπει,
1653 4727 1775 4799 μηδ’

189 4813 374 4867 ὁτιοῦν
409 4814 782 4885 συνεργούσης
807 4816 885 4877 εἰς
906 4813 1063 4866 τοῦτο
1088 4815 1185 4885 τῆς
1207 4818 1598 4887 προαιρέσεως.

1883 4460 1966 4516 sui
1994 4460 2242 4530 proprias
2267 4460 2321 4513 in
2349 4456 2640 4529 capedines
2663 4454 3010 4521 attrahendo,
3038 4451 3187 4507 aliud
3211 4466 3243 4506 a
3268 4466 3329 4506 se
3358 4466 3454 4521 per

1882 4551 2346 4621 compressionem
2409 4551 2460 4602 in
2516 4547 2745 4603 arterias
2795 4544 3163 4602 excernendo.
3219 4542 3282 4598 In
3346 4558 3456 4613 quo

1881 4641 2008 4696 mihi
2042 4642 2259 4711 quidem
2291 4638 2671 4712 respirationis
2707 4639 2871 4693 etiam
2902 4637 3177 4692 continua:
3205 4633 3261 4687 in
3294 4631 3455 4686 nobis

1881 4748 2005 4788 csse
2047 4735 2224 4804 posita
2279 4748 2447 4790 causa
2493 4733 2726 4787 videtur.
2784 4728 2917 4782 Nam
2989 4741 3144 4780 mens
3194 4736 3337 4792 saepe
3363 4720 3456 4775 dat

1883 4826 2007 4882 aliis
2065 4827 2221 4896 quasi
2280 4842 2524 4897 cperam,
2578 4825 2664 4880 vel
2705 4836 2931 4893 prorsus
2975 4819 3138 4874 etiam
3197 4812 3452 4885 quiescit,

190 4918 392 4958 somno
446 4919 652 4973 corpus
674 4911 998 4973 occupante,
1051 4918 1175 4960 cum
1207 4904 1431 4960 minime
1461 4906 1750 4977 respiratio
1783 4910 2185 4981 intermittitur,
2219 4915 2432 4971 etiamsi
2474 4930 2576 4970 nos
2629 4914 2769 4967 hanc
2829 4910 2978 4965 nullo
3028 4911 3187 4978 pacto
3245 4900 3458 4958 elﬁcerc

189 4994 629 5049 decreverimus.

262 5082 437 5155 Οἶμαι
478 5085 615 5155 γὰρ,
658 5083 847 5154 ἐπειδὴ
894 5084 1274 5157 περιείληπται
1328 5084 1407 5157 τῷ
1444 5088 1704 5157 πνεύμονι
1743 5091 1778 5161 η

188 5180 417 5249 καρδία,
457 5180 555 5232 καί
586 5176 974 5247 προσπέφυκεν
1031 5180 1181 5251 αὐτῷ
1239 5181 1381 5235 κατά
1430 5183 1489 5234 τὸ
1534 5183 1781 5237 ὀπίσθιον

189 5273 394 5343 ἑαυτῆς
417 5271 608 5344 μέρος,
633 5272 755 5333 ταῖς
791 5269 948 5332 ἰδίαις
972 5272 1275 5337 διαστολαῖς
1303 5275 1398 5327 καὶ
1426 5274 1780 5344 συμπτώσεσι

190 5364 533 5435 συγκινοῦσα
585 5364 649 5416 τὸ
710 5363 1037 5433 σπλάγχνον,
1076 5366 1174 5437 τὴν
1198 5366 1292 5419 τοῦ
1334 5367 1493 5438 ἀέρος
1532 5367 1694 5439 ὁλκήν
1722 5385 1781 5421 τε

188 5461 285 5512 καὶ
335 5459 586 5530 ἐμπνοὴν
640 5455 1057 5527 ἐκμηχανᾶσθαι
1101 5448 1179 5527 τῷ
1239 5458 1521 5529 πνεύμονι.
1566 5456 1782 5531 Ἀραιὸς

187 5549 299 5622 γάρ
355 5568 441 5615 τις
486 5550 566 5604 ὢν
601 5548 699 5602 καί¹
730 5546 1058 5617 πολύπορος,
1080 5548 1172 5601 καὶ
1215 5549 1393 5613 πάσας
1414 5548 1513 5613 τὰς
1541 5551 1598 5603 ἐν
1633 5549 1781 5621 αὐτῷ

191 5642 509 5714 κοιλότητας
526 5641 672 5713 πρὸς
696 5638 789 5691 τὸν
814 5637 1057 5709 πυθμένα
1071 5639 1170 5710 τῆς
1189 5640 1455 5712 ἀρτηρίας
1473 5644 1783 5714 ἀνεστομω-

1948 5089 2059 5161 Ego
2110 5090 2190 5145 sic
2231 5090 2489 5154 arbitror,
2538 5104 2632 5144 cor
2662 5090 2862 5159 ipsum,
2897 5087 3042 5158 quod
3086 5087 3275 5158 pulmo
3307 5101 3457 5142 com-

1878 5180 2131 5249 plectitur
2163 5195 2433 5235 anncxum
2452 5180 2557 5235 sibi
2584 5180 2884 5249 posteriore
2915 5178 3001 5243 sui
3030 5185 3203 5247 parte,
3236 5178 3452 5248 quoties

1879 5273 2201 5343 explicatur,
2246 5270 2349 5328 vcl'
2390 5258 2639 5327 vicissim
2695 5268 3094 5339 comprimitur,
3135 5283 3244 5323 una
3264 5283 3453 5325 secum

1881 5367 2189 5436 pulmonem
2220 5378 2460 5431 movere,
2493 5369 2656 5431 atque
2699 5361 2803 5415 hoc
2836 5369 2997 5431 pacto
3034 5360 3265 5431 edicere,
3315 5369 3375 5416 ut
3406 5360 3454 5417 is

1887 5472 2064 5512 aerem
2116 5455 2385 5522 attrahat,
2426 5453 2790 5522 continuoque
2836 5452 3087 5524 spiritum
3139 5452 3324 5508 ducat.
3358 5451 3456 5506 Est

1888 5550 2031 5604 enim
2058 5549 2161 5601 lmc
2197 5549 2380 5603 viscus
2406 5561 2610 5612 rarum,
2645 5553 2698 5600 et
2729 5553 2940 5601 meatus
2967 5526 3297 5614 multiplices
3349 5542 3451 5595 ba-

1887 5642 1996 5708 bet,
2035 5640 2261 5712 ejusque
2291 5639 2577 5713 capcdincs
2626 5653 2816 5695 omnes
2868 5637 3024 5709 quasi
3069 5633 3310 5708 quaedam
3353 5643 3449 5702 per
