  <div class='ocr_page' id='page_1' title='image "/cluster/home/n/w/nwhite01/storage/ocr_20150623/44/mdp.39015011915454/131.png"; bbox 0 0 3766 5988; ppageno 0'>
   <div class='ocr_carea' id='block_1_1' title="bbox 369 267 493 325">
    <p class='ocr_par' dir='ltr' id='par_1_1' title="bbox 369 267 493 325">
     <span class='ocr_line' id='line_1_1' title="bbox 369 267 493 325; baseline 0 -1"><span class='ocrx_word' id='word_1_1' title='bbox 369 267 493 325; x_wconf 58' lang='grc' dir='ltr'>Ωιτ</span> 
     </span>
    </p>
   </div>
   <div class='ocr_carea' id='block_1_2' title="bbox 1627 272 2395 335">
    <p class='ocr_par' dir='ltr' id='par_1_2' title="bbox 1627 272 2395 335">
     <span class='ocr_line' id='line_1_2' title="bbox 1627 272 2395 335; baseline 0.008 -7"><span class='ocrx_word' id='word_1_2' title='bbox 1627 273 1687 329; x_wconf 82' lang='lat' dir='ltr'><strong>S.</strong></span> <span class='ocrx_word' id='word_1_3' title='bbox 1729 272 2061 331; x_wconf 78' lang='lat' dir='ltr'><strong>CREGORII</strong></span> <span class='ocrx_word' id='word_1_4' title='bbox 2097 275 2395 335; x_wconf 75' lang='lat' dir='ltr'><strong>NYSSENI</strong></span> 
     </span>
    </p>
   </div>
   <div class='ocr_carea' id='block_1_3' title="bbox 3518 264 3647 363">
    <p class='ocr_par' dir='ltr' id='par_1_3' title="bbox 3518 264 3647 363">
     <span class='ocr_line' id='line_1_3' title="bbox 3518 264 3647 363; baseline -0.054 0"><span class='ocrx_word' id='word_1_5' title='bbox 3518 264 3647 363; x_wconf 34' lang='lat'><strong>258&#39;</strong></span> 
     </span>
    </p>
   </div>
   <div class='ocr_carea' id='block_1_4' title="bbox 369 381 1856 478">
    <p class='ocr_par' dir='ltr' id='par_1_4' title="bbox 369 381 1856 461">
     <span class='ocr_line' id='line_1_4' title="bbox 369 381 1856 461; baseline 0.004 -21"><span class='ocrx_word' id='word_1_6' title='bbox 369 385 553 440; x_wconf 84' lang='lat' dir='ltr'><strong>oscula</strong></span> <span class='ocrx_word' id='word_1_7' title='bbox 594 384 646 442; x_wconf 88' lang='lat' dir='ltr'><strong>in</strong></span> <span class='ocrx_word' id='word_1_8' title='bbox 672 385 883 447; x_wconf 80' lang='lat' dir='ltr'><strong>arteriae</strong></span> <span class='ocrx_word' id='word_1_9' title='bbox 899 381 1124 440; x_wconf 74' lang='lat' dir='ltr'><strong>fundum</strong></span> <span class='ocrx_word' id='word_1_10' title='bbox 1149 396 1367 444; x_wconf 84' lang='lat' dir='ltr'><strong>exeunt.</strong></span> <span class='ocrx_word' id='word_1_11' title='bbox 1401 388 1588 461; x_wconf 85' lang='lat' dir='ltr'><strong>itaque</strong></span> <span class='ocrx_word' id='word_1_12' title='bbox 1608 404 1856 461; x_wconf 88' lang='lat' dir='ltr'><strong>compres</strong></span> 
     </span>
    </p>
   </div>
   <div class='ocr_carea' id='block_1_5' title="bbox 2131 381 3618 478">
    <p class='ocr_par' dir='ltr' id='par_1_5' title="bbox 2135 394 3618 478">
     <span class='ocr_line' id='line_1_5' title="bbox 2135 394 3618 478; baseline 0.014 -32"><span class='ocrx_word' id='word_1_13' title='bbox 2135 411 2231 457; x_wconf 88' lang='grc' dir='ltr'><strong>νας</strong></span> <span class='ocrx_word' id='word_1_14' title='bbox 2258 394 2416 466; x_wconf 82' lang='grc' dir='ltr'>ἔχων,</span> <span class='ocrx_word' id='word_1_15' title='bbox 2472 398 2894 471; x_wconf 79' lang='grc' dir='ltr'><strong>συστελλόμενος</strong></span> <span class='ocrx_word' id='word_1_16' title='bbox 2936 402 3036 475; x_wconf 81' lang='grc' dir='ltr'>μὲν</span> <span class='ocrx_word' id='word_1_17' title='bbox 3082 405 3177 460; x_wconf 79' lang='grc' dir='ltr'>καὶ</span> <span class='ocrx_word' id='word_1_18' title='bbox 3207 409 3535 478; x_wconf 80' lang='grc' dir='ltr'><strong>συμπίπτων</strong></span> <span class='ocrx_word' id='word_1_19' title='bbox 3563 413 3618 470; x_wconf 75' lang='grc' dir='ltr'><strong>ἰδ</strong></span> 
     </span>
    </p>
   </div>
   <div class='ocr_carea' id='block_1_6' title="bbox 369 476 1947 552">
    <p class='ocr_par' dir='ltr' id='par_1_6' title="bbox 369 476 1947 552">
     <span class='ocr_line' id='line_1_6' title="bbox 369 476 1947 552; baseline 0.006 -23"><span class='ocrx_word' id='word_1_20' title='bbox 369 478 597 543; x_wconf 62' lang='lat' dir='ltr'><strong>arctius,</strong></span> <span class='ocrx_word' id='word_1_21' title='bbox 620 477 895 546; x_wconf 87' lang='lat' dir='ltr'><strong>spiritum,</strong></span> <span class='ocrx_word' id='word_1_22' title='bbox 926 476 1020 546; x_wconf 85' lang='lat' dir='ltr'><strong>qui</strong></span> <span class='ocrx_word' id='word_1_23' title='bbox 1050 487 1273 546; x_wconf 89' lang='lat' dir='ltr'><strong>superat</strong></span> <span class='ocrx_word' id='word_1_24' title='bbox 1291 479 1344 534; x_wconf 92' lang='lat' dir='ltr'><strong>in</strong></span> <span class='ocrx_word' id='word_1_25' title='bbox 1376 481 1550 551; x_wconf 82' lang='lat' dir='ltr'><strong>ipsius</strong></span> <span class='ocrx_word' id='word_1_26' title='bbox 1567 480 1947 552; x_wconf 86' lang='lat' dir='ltr'><strong>capedinibus,</strong></span> 
     </span>
    </p>
   </div>
   <div class='ocr_carea' id='block_1_7' title="bbox 369 568 1952 639">
    <p class='ocr_par' dir='ltr' id='par_1_7' title="bbox 369 568 1952 639">
     <span class='ocr_line' id='line_1_7' title="bbox 369 568 1952 639; baseline 0.003 -16"><span class='ocrx_word' id='word_1_27' title='bbox 369 568 728 638; x_wconf 74' lang='lat' dir='ltr'><strong>exprimendo</strong></span> <span class='ocrx_word' id='word_1_28' title='bbox 762 572 918 639; x_wconf 88' lang='lat' dir='ltr'><strong>quasi</strong></span> <span class='ocrx_word' id='word_1_29' title='bbox 946 571 1143 626; x_wconf 92' lang='lat' dir='ltr'><strong>emittit</strong></span> <span class='ocrx_word' id='word_1_30' title='bbox 1163 584 1226 634; x_wconf 90' lang='lat' dir='ltr'><strong>;e</strong></span> <span class='ocrx_word' id='word_1_31' title='bbox 1277 573 1558 627; x_wconf 89' lang='lat' dir='ltr'><strong>contrario</strong></span> <span class='ocrx_word' id='word_1_32' title='bbox 1581 573 1625 629; x_wconf 88' lang='lat' dir='ltr'><strong>si</strong></span> <span class='ocrx_word' id='word_1_33' title='bbox 1657 573 1872 629; x_wconf 77' lang='lat' dir='ltr'><strong>laxetur</strong></span> <span class='ocrx_word' id='word_1_34' title='bbox 1897 583 1952 631; x_wconf 91' lang='lat' dir='ltr'><strong>et</strong></span> 
     </span>
    </p>
   </div>
   <div class='ocr_carea' id='block_1_8' title="bbox 370 660 1951 732">
    <p class='ocr_par' dir='ltr' id='par_1_8' title="bbox 370 660 1951 732">
     <span class='ocr_line' id='line_1_8' title="bbox 370 660 1951 732; baseline 0.006 -19"><span class='ocrx_word' id='word_1_35' title='bbox 370 660 669 729; x_wconf 81' lang='lat' dir='ltr'><strong>aperiatur,</strong></span> <span class='ocrx_word' id='word_1_36' title='bbox 705 661 782 724; x_wconf 87' lang='lat' dir='ltr'><strong>iit,</strong></span> <span class='ocrx_word' id='word_1_37' title='bbox 814 662 892 716; x_wconf 93' lang='lat' dir='ltr'><strong>uti</strong></span> <span class='ocrx_word' id='word_1_38' title='bbox 916 670 1101 730; x_wconf 89' lang='lat' dir='ltr'><strong>partes</strong></span> <span class='ocrx_word' id='word_1_39' title='bbox 1133 663 1310 732; x_wconf 75' lang='lat' dir='ltr'><strong>ipsius</strong></span> <span class='ocrx_word' id='word_1_40' title='bbox 1339 679 1545 727; x_wconf 74' lang='lat' dir='ltr'><strong>vacure,</strong></span> <span class='ocrx_word' id='word_1_41' title='bbox 1582 679 1612 719; x_wconf 90' lang='lat' dir='ltr'><strong>a</strong></span> <span class='ocrx_word' id='word_1_42' title='bbox 1634 680 1693 720; x_wconf 88' lang='lat' dir='ltr'><strong>se</strong></span> <span class='ocrx_word' id='word_1_43' title='bbox 1720 665 1951 722; x_wconf 82' lang='lat' dir='ltr'><strong>invicem</strong></span> 
     </span>
    </p>
   </div>
   <div class='ocr_carea' id='block_1_9' title="bbox 373 752 1952 828">
    <p class='ocr_par' dir='ltr' id='par_1_9' title="bbox 373 752 1952 828">
     <span class='ocr_line' id='line_1_9' title="bbox 373 752 1952 828; baseline 0.004 -25"><span class='ocrx_word' id='word_1_44' title='bbox 373 752 626 812; x_wconf 79' lang='lat' dir='ltr'><strong>distentae</strong></span> <span class='ocrx_word' id='word_1_45' title='bbox 654 760 887 808; x_wconf 85' lang='lat' dir='ltr'><strong>attracto</strong></span> <span class='ocrx_word' id='word_1_46' title='bbox 915 768 1041 808; x_wconf 87' lang='lat' dir='ltr'><strong>aere</strong></span> <span class='ocrx_word' id='word_1_47' title='bbox 1076 755 1475 824; x_wconf 76' lang='lat' dir='ltr'><strong>compleantur.</strong></span> <span class='ocrx_word' id='word_1_48' title='bbox 1510 754 1634 811; x_wconf 68' lang='lat' dir='ltr'><strong>Haec</strong></span> <span class='ocrx_word' id='word_1_49' title='bbox 1665 766 1743 811; x_wconf 91' lang='lat' dir='ltr'><strong>est</strong></span> <span class='ocrx_word' id='word_1_50' title='bbox 1776 757 1952 828; x_wconf 88' lang='lat' dir='ltr'><strong>respi-</strong></span> 
     </span>
    </p>
   </div>
   <div class='ocr_carea' id='block_1_10' title="bbox 375 844 1953 915">
    <p class='ocr_par' dir='ltr' id='par_1_10' title="bbox 375 844 1953 915">
     <span class='ocr_line' id='line_1_10' title="bbox 375 844 1953 915; baseline 0.002 -16"><span class='ocrx_word' id='word_1_51' title='bbox 375 844 607 900; x_wconf 84' lang='lat' dir='ltr'><strong>rationis</strong></span> <span class='ocrx_word' id='word_1_52' title='bbox 636 860 668 899; x_wconf 88' lang='lat' dir='ltr'><strong>a</strong></span> <span class='ocrx_word' id='word_1_53' title='bbox 698 846 850 901; x_wconf 91' lang='lat' dir='ltr'><strong>nullo</strong></span> <span class='ocrx_word' id='word_1_54' title='bbox 878 845 1163 915; x_wconf 80' lang='lat' dir='ltr'><strong>pendentis</strong></span> <span class='ocrx_word' id='word_1_55' title='bbox 1190 847 1273 901; x_wconf 90' lang='lat' dir='ltr'><strong>vel</strong></span> <span class='ocrx_word' id='word_1_56' title='bbox 1288 847 1521 903; x_wconf 90' lang='lat' dir='ltr'><strong>consilio</strong></span> <span class='ocrx_word' id='word_1_57' title='bbox 1555 848 1638 902; x_wconf 92' lang='lat' dir='ltr'><strong>vel</strong></span> <span class='ocrx_word' id='word_1_58' title='bbox 1674 848 1953 903; x_wconf 84' lang='lat' dir='ltr'><strong>voluntate</strong></span> 
     </span>
    </p>
   </div>
   <div class='ocr_carea' id='block_1_11' title="bbox 372 936 1955 1007">
    <p class='ocr_par' dir='ltr' id='par_1_11' title="bbox 372 936 1955 1007">
     <span class='ocr_line' id='line_1_11' title="bbox 372 936 1955 1007; baseline 0.004 -20"><span class='ocrx_word' id='word_1_59' title='bbox 372 943 582 999; x_wconf 83' lang='lat' dir='ltr'><strong>nostra,</strong></span> <span class='ocrx_word' id='word_1_60' title='bbox 624 949 811 1000; x_wconf 88' lang='lat' dir='ltr'><strong>causa,</strong></span> <span class='ocrx_word' id='word_1_61' title='bbox 843 936 1102 990; x_wconf 85' lang='lat' dir='ltr'><strong>nimirum</strong></span> <span class='ocrx_word' id='word_1_62' title='bbox 1143 937 1287 1006; x_wconf 87' lang='lat' dir='ltr'><strong>quod</strong></span> <span class='ocrx_word' id='word_1_63' title='bbox 1317 939 1529 1007; x_wconf 83' lang='lat' dir='ltr'><strong>igneam</strong></span> <span class='ocrx_word' id='word_1_64' title='bbox 1583 945 1833 992; x_wconf 88' lang='lat' dir='ltr'><strong>naturam</strong></span> <span class='ocrx_word' id='word_1_65' title='bbox 1871 936 1955 993; x_wconf 84' lang='lat' dir='ltr'><strong>fas</strong></span> 
     </span>
    </p>
   </div>
   <div class='ocr_carea' id='block_1_12' title="bbox 370 1024 1954 1099">
    <p class='ocr_par' dir='ltr' id='par_1_12' title="bbox 370 1024 1954 1099">
     <span class='ocr_line' id='line_1_12' title="bbox 370 1024 1954 1099; baseline 0.002 -19"><span class='ocrx_word' id='word_1_66' title='bbox 370 1042 481 1081; x_wconf 81' lang='lat' dir='ltr'><strong>non</strong></span> <span class='ocrx_word' id='word_1_67' title='bbox 503 1036 585 1081; x_wconf 89' lang='lat' dir='ltr'><strong>est</strong></span> <span class='ocrx_word' id='word_1_68' title='bbox 616 1025 921 1095; x_wconf 81' lang='lat' dir='ltr'><strong>quiescere.</strong></span> <span class='ocrx_word' id='word_1_69' title='bbox 949 1024 1101 1091; x_wconf 82' lang='lat' dir='ltr'><strong>Quod</strong></span> <span class='ocrx_word' id='word_1_70' title='bbox 1134 1041 1258 1083; x_wconf 89' lang='lat' dir='ltr'><strong>cum</strong></span> <span class='ocrx_word' id='word_1_71' title='bbox 1285 1028 1356 1080; x_wconf 90' lang='lat' dir='ltr'><strong>ita</strong></span> <span class='ocrx_word' id='word_1_72' title='bbox 1382 1028 1474 1093; x_wconf 87' lang='lat' dir='ltr'><strong>sit,</strong></span> <span class='ocrx_word' id='word_1_73' title='bbox 1511 1027 1819 1098; x_wconf 89' lang='lat' dir='ltr'><strong>calorisque</strong></span> <span class='ocrx_word' id='word_1_74' title='bbox 1841 1028 1954 1099; x_wconf 87' lang='lat' dir='ltr'><strong>jam</strong></span> 
     </span>
    </p>
   </div>
   <div class='ocr_carea' id='block_1_13' title="bbox 374 1114 1955 1188">
    <p class='ocr_par' dir='ltr' id='par_1_13' title="bbox 374 1114 1955 1188">
     <span class='ocr_line' id='line_1_13' title="bbox 374 1114 1955 1188; baseline 0.006 -22"><span class='ocrx_word' id='word_1_75' title='bbox 374 1123 499 1176; x_wconf 72' lang='lat' dir='ltr'><strong>ante</strong></span> <span class='ocrx_word' id='word_1_76' title='bbox 529 1114 792 1184; x_wconf 78' lang='lat' dir='ltr'><strong>originem</strong></span> <span class='ocrx_word' id='word_1_77' title='bbox 822 1115 877 1168; x_wconf 93' lang='lat' dir='ltr'><strong>in</strong></span> <span class='ocrx_word' id='word_1_78' title='bbox 909 1116 1077 1169; x_wconf 88' lang='lat' dir='ltr'><strong>corde</strong></span> <span class='ocrx_word' id='word_1_79' title='bbox 1096 1116 1361 1171; x_wconf 90' lang='lat' dir='ltr'><strong>exsistere</strong></span> <span class='ocrx_word' id='word_1_80' title='bbox 1382 1118 1842 1188; x_wconf 85' lang='lat' dir='ltr'><strong>perspexerimus,</strong></span> <span class='ocrx_word' id='word_1_81' title='bbox 1873 1118 1955 1175; x_wconf 86' lang='lat' dir='ltr'><strong>id-</strong></span> 
     </span>
    </p>
   </div>
   <div class='ocr_carea' id='block_1_14' title="bbox 373 1205 1954 1280">
    <p class='ocr_par' dir='ltr' id='par_1_14' title="bbox 373 1205 1954 1280">
     <span class='ocr_line' id='line_1_14' title="bbox 373 1205 1954 1280; baseline 0.004 -22"><span class='ocrx_word' id='word_1_82' title='bbox 373 1205 521 1258; x_wconf 81' lang='lat' dir='ltr'><strong>circo</strong></span> <span class='ocrx_word' id='word_1_83' title='bbox 552 1215 850 1276; x_wconf 80' lang='lat' dir='ltr'><strong>perpetuus</strong></span> <span class='ocrx_word' id='word_1_84' title='bbox 880 1207 984 1261; x_wconf 91' lang='lat' dir='ltr'><strong>hoc</strong></span> <span class='ocrx_word' id='word_1_85' title='bbox 1035 1207 1088 1259; x_wconf 91' lang='lat' dir='ltr'><strong>in</strong></span> <span class='ocrx_word' id='word_1_86' title='bbox 1116 1208 1363 1263; x_wconf 88' lang='lat' dir='ltr'><strong>membro</strong></span> <span class='ocrx_word' id='word_1_87' title='bbox 1390 1218 1587 1269; x_wconf 88' lang='lat' dir='ltr'><strong>motus.</strong></span> <span class='ocrx_word' id='word_1_88' title='bbox 1639 1221 1954 1280; x_wconf 86' lang='lat' dir='ltr'><strong>perpetuam</strong></span> 
     </span>
    </p>
   </div>
   <div class='ocr_carea' id='block_1_15' title="bbox 375 1296 1957 1372">
    <p class='ocr_par' dir='ltr' id='par_1_15' title="bbox 375 1296 1957 1372">
     <span class='ocr_line' id='line_1_15' title="bbox 375 1296 1957 1372; baseline 0.003 -19"><span class='ocrx_word' id='word_1_89' title='bbox 375 1296 537 1353; x_wconf 83' lang='lat' dir='ltr'><strong>simul</strong></span> <span class='ocrx_word' id='word_1_90' title='bbox 586 1297 642 1351; x_wconf 91' lang='lat' dir='ltr'><strong>in</strong></span> <span class='ocrx_word' id='word_1_91' title='bbox 696 1298 954 1368; x_wconf 79' lang='lat' dir='ltr'><strong>pulmone</strong></span> <span class='ocrx_word' id='word_1_92' title='bbox 1005 1301 1421 1372; x_wconf 81' lang='lat' dir='ltr'><strong>respirationem</strong></span> <span class='ocrx_word' id='word_1_93' title='bbox 1467 1302 1651 1357; x_wconf 87' lang='lat' dir='ltr'><strong>eliioit.</strong></span> <span class='ocrx_word' id='word_1_94' title='bbox 1719 1304 1848 1356; x_wconf 77' lang='lat' dir='ltr'><strong>Eam</strong></span> <span class='ocrx_word' id='word_1_95' title='bbox 1886 1303 1957 1358; x_wconf 90' lang='lat' dir='ltr'><strong>ob</strong></span> 
     </span>
    </p>
   </div>
   <div class='ocr_carea' id='block_1_16' title="bbox 374 1386 1958 1464">
    <p class='ocr_par' dir='ltr' id='par_1_16' title="bbox 374 1386 1958 1464">
     <span class='ocr_line' id='line_1_16' title="bbox 374 1386 1958 1464; baseline 0.004 -21"><span class='ocrx_word' id='word_1_96' title='bbox 374 1402 598 1443; x_wconf 82' lang='lat' dir='ltr'><strong>causam</strong></span> <span class='ocrx_word' id='word_1_97' title='bbox 633 1386 735 1443; x_wconf 89' lang='lat' dir='ltr'><strong>hoc</strong></span> <span class='ocrx_word' id='word_1_98' title='bbox 768 1390 932 1447; x_wconf 91' lang='lat' dir='ltr'><strong>etiam</strong></span> <span class='ocrx_word' id='word_1_99' title='bbox 967 1394 1241 1461; x_wconf 89' lang='lat' dir='ltr'><strong>usuvenit,</strong></span> <span class='ocrx_word' id='word_1_100' title='bbox 1277 1400 1336 1446; x_wconf 88' lang='lat' dir='ltr'><strong>ut</strong></span> <span class='ocrx_word' id='word_1_101' title='bbox 1361 1408 1486 1447; x_wconf 89' lang='lat' dir='ltr'><strong>cum</strong></span> <span class='ocrx_word' id='word_1_102' title='bbox 1541 1393 1787 1450; x_wconf 88' lang='lat' dir='ltr'><strong>intensus</strong></span> <span class='ocrx_word' id='word_1_103' title='bbox 1824 1410 1958 1464; x_wconf 82' lang='lat' dir='ltr'><strong>prae-</strong></span> 
     </span>
    </p>
   </div>
   <div class='ocr_carea' id='block_1_17' title="bbox 377 1484 1959 1559">
    <p class='ocr_par' dir='ltr' id='par_1_17' title="bbox 377 1484 1959 1559">
     <span class='ocr_line' id='line_1_17' title="bbox 377 1484 1959 1559; baseline 0.006 -26"><span class='ocrx_word' id='word_1_104' title='bbox 377 1488 459 1534; x_wconf 83' lang='lat' dir='ltr'><strong>ter</strong></span> <span class='ocrx_word' id='word_1_105' title='bbox 492 1490 740 1535; x_wconf 86' lang='lat' dir='ltr'><strong>naturam</strong></span> <span class='ocrx_word' id='word_1_106' title='bbox 774 1484 924 1538; x_wconf 87' lang='lat' dir='ltr'><strong>calor</strong></span> <span class='ocrx_word' id='word_1_107' title='bbox 967 1487 1204 1542; x_wconf 80' lang='lat' dir='ltr'><strong>accrevit</strong></span> <span class='ocrx_word' id='word_1_108' title='bbox 1235 1486 1397 1557; x_wconf 84' lang='lat' dir='ltr'><strong>(quod</strong></span> <span class='ocrx_word' id='word_1_109' title='bbox 1434 1488 1486 1542; x_wconf 87' lang='lat' dir='ltr'><strong>in</strong></span> <span class='ocrx_word' id='word_1_110' title='bbox 1535 1488 1602 1543; x_wconf 90' lang='lat' dir='ltr'><strong>iis</strong></span> <span class='ocrx_word' id='word_1_111' title='bbox 1659 1488 1751 1559; x_wconf 90' lang='lat' dir='ltr'><strong>qui</strong></span> <span class='ocrx_word' id='word_1_112' title='bbox 1810 1487 1959 1543; x_wconf 85' lang='lat' dir='ltr'><strong>febre</strong></span> 
     </span>
    </p>
   </div>
   <div class='ocr_carea' id='block_1_18' title="bbox 375 1569 1957 1650">
    <p class='ocr_par' dir='ltr' id='par_1_18' title="bbox 375 1569 1957 1650">
     <span class='ocr_line' id='line_1_18' title="bbox 375 1569 1957 1650; baseline 0.008 -28"><span class='ocrx_word' id='word_1_113' title='bbox 375 1569 643 1637; x_wconf 75' lang='lat' dir='ltr'><strong>laborant,</strong></span> <span class='ocrx_word' id='word_1_114' title='bbox 682 1574 975 1646; x_wconf 85' lang='lat' dir='ltr'><strong>videmus),</strong></span> <span class='ocrx_word' id='word_1_115' title='bbox 1008 1578 1284 1633; x_wconf 89' lang='lat' dir='ltr'><strong>anhelatio</strong></span> <span class='ocrx_word' id='word_1_116' title='bbox 1316 1595 1535 1650; x_wconf 90' lang='lat' dir='ltr'><strong>quoque</strong></span> <span class='ocrx_word' id='word_1_117' title='bbox 1587 1580 1832 1635; x_wconf 82' lang='lat' dir='ltr'><strong>crebrior</strong></span> <span class='ocrx_word' id='word_1_118' title='bbox 1863 1581 1957 1645; x_wconf 35' lang='lat' dir='ltr'><strong>siti,</strong></span> 
     </span>
    </p>
   </div>
   <div class='ocr_carea' id='block_1_19' title="bbox 376 1662 1953 1733">
    <p class='ocr_par' dir='ltr' id='par_1_19' title="bbox 376 1662 1953 1733">
     <span class='ocr_line' id='line_1_19' title="bbox 376 1662 1953 1733; baseline 0.003 -16"><span class='ocrx_word' id='word_1_119' title='bbox 376 1662 542 1717; x_wconf 86' lang='lat' dir='ltr'><strong>corde</strong></span> <span class='ocrx_word' id='word_1_120' title='bbox 596 1665 754 1733; x_wconf 91' lang='lat' dir='ltr'><strong>quasi</strong></span> <span class='ocrx_word' id='word_1_121' title='bbox 827 1663 1122 1723; x_wconf 77' lang='lat' dir='ltr'><strong>festinante</strong></span> <span class='ocrx_word' id='word_1_122' title='bbox 1178 1669 1452 1725; x_wconf 89' lang='lat' dir='ltr'><strong>internum</strong></span> <span class='ocrx_word' id='word_1_123' title='bbox 1505 1679 1697 1724; x_wconf 69' lang='lat' dir='ltr'><strong>aestum</strong></span> <span class='ocrx_word' id='word_1_124' title='bbox 1749 1670 1953 1726; x_wconf 82' lang='lat' dir='ltr'><strong>recenti</strong></span> 
     </span>
    </p>
   </div>
   <div class='ocr_carea' id='block_1_20' title="bbox 376 1757 1953 1828">
    <p class='ocr_par' dir='ltr' id='par_1_20' title="bbox 376 1757 1953 1828">
     <span class='ocr_line' id='line_1_20' title="bbox 376 1757 1953 1828; baseline 0.007 -21"><span class='ocrx_word' id='word_1_125' title='bbox 376 1770 502 1810; x_wconf 84' lang='lat' dir='ltr'><strong>aere</strong></span> <span class='ocrx_word' id='word_1_126' title='bbox 550 1757 921 1828; x_wconf 72' lang='lat' dir='ltr'><strong>exstinguere.</strong></span> <span class='ocrx_word' id='word_1_127' title='bbox 974 1758 1265 1817; x_wconf 86' lang='lat' dir='ltr'><strong>Enimvero</strong></span> <span class='ocrx_word' id='word_1_128' title='bbox 1334 1770 1530 1818; x_wconf 86' lang='lat' dir='ltr'><strong>natura</strong></span> <span class='ocrx_word' id='word_1_129' title='bbox 1589 1773 1777 1819; x_wconf 87' lang='lat' dir='ltr'><strong>nostra</strong></span> <span class='ocrx_word' id='word_1_130' title='bbox 1829 1779 1953 1818; x_wconf 89' lang='lat' dir='ltr'><strong>cum</strong></span> 
     </span>
    </p>
   </div>
   <div class='ocr_carea' id='block_1_21' title="bbox 376 1845 1954 1923">
    <p class='ocr_par' dir='ltr' id='par_1_21' title="bbox 376 1845 1954 1923">
     <span class='ocr_line' id='line_1_21' title="bbox 376 1845 1954 1923; baseline 0.006 -24"><span class='ocrx_word' id='word_1_131' title='bbox 376 1845 620 1900; x_wconf 89' lang='lat' dir='ltr'><strong>omnium</strong></span> <span class='ocrx_word' id='word_1_132' title='bbox 648 1862 818 1918; x_wconf 73' lang='lat' dir='ltr'><strong>egena</strong></span> <span class='ocrx_word' id='word_1_133' title='bbox 868 1850 960 1917; x_wconf 88' lang='lat' dir='ltr'><strong>sit,</strong></span> <span class='ocrx_word' id='word_1_134' title='bbox 993 1857 1046 1904; x_wconf 90' lang='lat' dir='ltr'><strong>et</strong></span> <span class='ocrx_word' id='word_1_135' title='bbox 1075 1851 1142 1906; x_wconf 88' lang='lat' dir='ltr'><strong>ab</strong></span> <span class='ocrx_word' id='word_1_136' title='bbox 1170 1853 1237 1908; x_wconf 90' lang='lat' dir='ltr'><strong>iis</strong></span> <span class='ocrx_word' id='word_1_137' title='bbox 1286 1853 1471 1920; x_wconf 80' lang='lat' dir='ltr'><strong>rebus,</strong></span> <span class='ocrx_word' id='word_1_138' title='bbox 1503 1870 1622 1923; x_wconf 66' lang='lat' dir='ltr'><strong>qua:</strong></span> <span class='ocrx_word' id='word_1_139' title='bbox 1672 1870 1759 1909; x_wconf 80' lang='lat' dir='ltr'><strong>res</strong></span> <span class='ocrx_word' id='word_1_140' title='bbox 1791 1856 1954 1908; x_wconf 89' lang='lat' dir='ltr'><strong>vitam</strong></span> 
     </span>
    </p>
   </div>
   <div class='ocr_carea' id='block_1_22' title="bbox 377 1939 1958 2018">
    <p class='ocr_par' dir='ltr' id='par_1_22' title="bbox 377 1939 1958 2018">
     <span class='ocr_line' id='line_1_22' title="bbox 377 1939 1958 2018; baseline 0.008 -27"><span class='ocrx_word' id='word_1_141' title='bbox 377 1939 677 2008; x_wconf 82' lang='lat' dir='ltr'><strong>continent,</strong></span> <span class='ocrx_word' id='word_1_142' title='bbox 702 1941 861 2010; x_wconf 86' lang='lat' dir='ltr'><strong>plane</strong></span> <span class='ocrx_word' id='word_1_143' title='bbox 893 1957 1000 1997; x_wconf 90' lang='lat' dir='ltr'><strong>non</strong></span> <span class='ocrx_word' id='word_1_144' title='bbox 1030 1943 1322 2010; x_wconf 88' lang='lat' dir='ltr'><strong>instructa,</strong></span> <span class='ocrx_word' id='word_1_145' title='bbox 1360 1961 1468 2000; x_wconf 92' lang='lat' dir='ltr'><strong>non</strong></span> <span class='ocrx_word' id='word_1_146' title='bbox 1503 1960 1628 2002; x_wconf 86' lang='lat' dir='ltr'><strong>aera</strong></span> <span class='ocrx_word' id='word_1_147' title='bbox 1659 1948 1821 2003; x_wconf 92' lang='lat' dir='ltr'><strong>modo</strong></span> <span class='ocrx_word' id='word_1_148' title='bbox 1849 1948 1958 2018; x_wconf 87' lang='lat' dir='ltr'><strong>spi-</strong></span> 
     </span>
    </p>
   </div>
   <div class='ocr_carea' id='block_1_23' title="bbox 379 2030 1956 2108">
    <p class='ocr_par' dir='ltr' id='par_1_23' title="bbox 379 2030 1956 2108">
     <span class='ocr_line' id='line_1_23' title="bbox 379 2030 1956 2108; baseline 0.004 -25"><span class='ocrx_word' id='word_1_149' title='bbox 379 2030 655 2100; x_wconf 84' lang='lat' dir='ltr'><strong>ritumque</strong></span> <span class='ocrx_word' id='word_1_150' title='bbox 708 2031 917 2085; x_wconf 89' lang='lat' dir='ltr'><strong>nullum</strong></span> <span class='ocrx_word' id='word_1_151' title='bbox 996 2035 1276 2104; x_wconf 90' lang='lat' dir='ltr'><strong>proprium</strong></span> <span class='ocrx_word' id='word_1_152' title='bbox 1328 2035 1512 2105; x_wconf 86' lang='lat' dir='ltr'><strong>habet,</strong></span> <span class='ocrx_word' id='word_1_153' title='bbox 1562 2037 1657 2108; x_wconf 90' lang='lat' dir='ltr'><strong>qui</strong></span> <span class='ocrx_word' id='word_1_154' title='bbox 1721 2037 1956 2092; x_wconf 85' lang='lat' dir='ltr'><strong>calorem</strong></span> 
     </span>
    </p>
   </div>
   <div class='ocr_carea' id='block_1_24' title="bbox 378 2123 1958 2193">
    <p class='ocr_par' dir='ltr' id='par_1_24' title="bbox 378 2123 1958 2193">
     <span class='ocr_line' id='line_1_24' title="bbox 378 2123 1958 2193; baseline 0.003 -17"><span class='ocrx_word' id='word_1_155' title='bbox 378 2123 602 2185; x_wconf 75' lang='lat' dir='ltr'><strong>excitet,</strong></span> <span class='ocrx_word' id='word_1_156' title='bbox 628 2125 847 2193; x_wconf 88' lang='lat' dir='ltr'><strong>quando</strong></span> <span class='ocrx_word' id='word_1_157' title='bbox 866 2125 1011 2181; x_wconf 85' lang='lat' dir='ltr'><strong>hunc</strong></span> <span class='ocrx_word' id='word_1_158' title='bbox 1031 2128 1373 2182; x_wconf 79' lang='lat' dir='ltr'><strong>extrinsecus</strong></span> <span class='ocrx_word' id='word_1_159' title='bbox 1403 2126 1467 2180; x_wconf 86' lang='lat' dir='ltr'><strong>ad</strong></span> <span class='ocrx_word' id='word_1_160' title='bbox 1492 2129 1958 2184; x_wconf 85' lang='lat' dir='ltr'><strong>conservationem</strong></span> 
     </span>
    </p>
   </div>
   <div class='ocr_carea' id='block_1_25' title="bbox 380 2217 1958 2290">
    <p class='ocr_par' dir='ltr' id='par_1_25' title="bbox 380 2217 1958 2290">
     <span class='ocr_line' id='line_1_25' title="bbox 380 2217 1958 2290; baseline 0.003 -20"><span class='ocrx_word' id='word_1_161' title='bbox 380 2217 557 2272; x_wconf 79' lang='lat' dir='ltr'><strong>nostri</strong></span> <span class='ocrx_word' id='word_1_162' title='bbox 583 2231 795 2286; x_wconf 83' lang='lat' dir='ltr'><strong>semper</strong></span> <span class='ocrx_word' id='word_1_163' title='bbox 832 2218 1152 2274; x_wconf 77' lang='lat' dir='ltr'><strong>hauriemus</strong></span> <span class='ocrx_word' id='word_1_164' title='bbox 1179 2227 1410 2290; x_wconf 81' lang='lat' dir='ltr'><strong>oportet,</strong></span> <span class='ocrx_word' id='word_1_165' title='bbox 1448 2234 1631 2275; x_wconf 84' lang='lat' dir='ltr'><strong>verum</strong></span> <span class='ocrx_word' id='word_1_166' title='bbox 1663 2224 1825 2275; x_wconf 85' lang='lat' dir='ltr'><strong>etiam</strong></span> <span class='ocrx_word' id='word_1_167' title='bbox 1861 2237 1958 2275; x_wconf 90' lang='lat' dir='ltr'><strong>nu-</strong></span> 
     </span>
    </p>
   </div>
   <div class='ocr_carea' id='block_1_26' title="bbox 379 2311 1961 2383">
    <p class='ocr_par' dir='ltr' id='par_1_26' title="bbox 379 2311 1961 2383">
     <span class='ocr_line' id='line_1_26' title="bbox 379 2311 1961 2383; baseline 0.002 -17"><span class='ocrx_word' id='word_1_168' title='bbox 379 2312 700 2367; x_wconf 91' lang='lat' dir='ltr'><strong>trimentum</strong></span> <span class='ocrx_word' id='word_1_169' title='bbox 747 2311 1083 2367; x_wconf 70' lang='lat' dir='ltr'><strong>sustinenda:</strong></span> <span class='ocrx_word' id='word_1_170' title='bbox 1149 2315 1398 2383; x_wconf 86' lang='lat' dir='ltr'><strong>corporis</strong></span> <span class='ocrx_word' id='word_1_171' title='bbox 1432 2314 1559 2368; x_wconf 89' lang='lat' dir='ltr'><strong>moli</strong></span> <span class='ocrx_word' id='word_1_172' title='bbox 1596 2313 1812 2369; x_wconf 83' lang='lat' dir='ltr'><strong>aliunde</strong></span> <span class='ocrx_word' id='word_1_173' title='bbox 1866 2331 1961 2369; x_wconf 87' lang='lat' dir='ltr'><strong>ne-</strong></span> 
     </span>
    </p>
   </div>
   <div class='ocr_carea' id='block_1_27' title="bbox 379 2404 1961 2477">
    <p class='ocr_par' dir='ltr' id='par_1_27' title="bbox 379 2404 1961 2477">
     <span class='ocr_line' id='line_1_27' title="bbox 379 2404 1961 2477; baseline -0.001 -18"><span class='ocrx_word' id='word_1_174' title='bbox 379 2419 536 2460; x_wconf 87' lang='lat' dir='ltr'><strong>cesse</strong></span> <span class='ocrx_word' id='word_1_175' title='bbox 593 2404 752 2460; x_wconf 80' lang='lat' dir='ltr'><strong>habet</strong></span> <span class='ocrx_word' id='word_1_176' title='bbox 792 2419 1091 2461; x_wconf 85' lang='lat' dir='ltr'><strong>arcessere.</strong></span> <span class='ocrx_word' id='word_1_177' title='bbox 1155 2406 1446 2477; x_wconf 81' lang='lat' dir='ltr'><strong>Propterea</strong></span> <span class='ocrx_word' id='word_1_178' title='bbox 1500 2421 1731 2462; x_wconf 86' lang='lat' dir='ltr'><strong>vacuum</strong></span> <span class='ocrx_word' id='word_1_179' title='bbox 1762 2419 1961 2475; x_wconf 86' lang='lat' dir='ltr'><strong>corpus</strong></span> 
     </span>
    </p>
   </div>
   <div class='ocr_carea' id='block_1_28' title="bbox 376 2496 1961 2568">
    <p class='ocr_par' dir='ltr' id='par_1_28' title="bbox 376 2496 1961 2568">
     <span class='ocr_line' id='line_1_28' title="bbox 376 2496 1961 2568; baseline -0.001 -17"><span class='ocrx_word' id='word_1_180' title='bbox 376 2498 624 2554; x_wconf 86' lang='lat' dir='ltr'><strong>vicissim</strong></span> <span class='ocrx_word' id='word_1_181' title='bbox 658 2508 786 2568; x_wconf 90' lang='lat' dir='ltr'><strong>potu</strong></span> <span class='ocrx_word' id='word_1_182' title='bbox 820 2498 1052 2566; x_wconf 87' lang='lat' dir='ltr'><strong>ciboque</strong></span> <span class='ocrx_word' id='word_1_183' title='bbox 1106 2497 1295 2567; x_wconf 89' lang='lat' dir='ltr'><strong>replet,</strong></span> <span class='ocrx_word' id='word_1_184' title='bbox 1327 2509 1561 2566; x_wconf 88' lang='lat' dir='ltr'><strong>cumque</strong></span> <span class='ocrx_word' id='word_1_185' title='bbox 1601 2496 1665 2551; x_wconf 92' lang='lat' dir='ltr'><strong>ad</strong></span> <span class='ocrx_word' id='word_1_186' title='bbox 1697 2512 1853 2552; x_wconf 89' lang='lat' dir='ltr'><strong>usum</strong></span> <span class='ocrx_word' id='word_1_187' title='bbox 1880 2497 1961 2550; x_wconf 91' lang='lat' dir='ltr'><strong>in-</strong></span> 
     </span>
    </p>
   </div>
   <div class='ocr_carea' id='block_1_29' title="bbox 381 2586 1959 2657">
    <p class='ocr_par' dir='ltr' id='par_1_29' title="bbox 381 2586 1959 2657">
     <span class='ocr_line' id='line_1_29' title="bbox 381 2586 1959 2657; baseline -0.001 -14"><span class='ocrx_word' id='word_1_188' title='bbox 381 2589 496 2644; x_wconf 71' lang='lat' dir='ltr'><strong>dita</strong></span> <span class='ocrx_word' id='word_1_189' title='bbox 549 2588 710 2645; x_wconf 88' lang='lat' dir='ltr'><strong>nobis</strong></span> <span class='ocrx_word' id='word_1_190' title='bbox 762 2598 847 2644; x_wconf 84' lang='lat' dir='ltr'><strong>est</strong></span> <span class='ocrx_word' id='word_1_191' title='bbox 899 2586 1136 2642; x_wconf 75' lang='lat' dir='ltr'><strong>facultas</strong></span> <span class='ocrx_word' id='word_1_192' title='bbox 1169 2586 1450 2643; x_wconf 85' lang='lat' dir='ltr'><strong>attrahens</strong></span> <span class='ocrx_word' id='word_1_193' title='bbox 1507 2587 1560 2641; x_wconf 90' lang='lat' dir='ltr'><strong>id</strong></span> <span class='ocrx_word' id='word_1_194' title='bbox 1613 2588 1761 2657; x_wconf 91' lang='lat' dir='ltr'><strong>quod</strong></span> <span class='ocrx_word' id='word_1_195' title='bbox 1810 2586 1959 2651; x_wconf 75' lang='lat' dir='ltr'><strong>defit,</strong></span> 
     </span>
    </p>
   </div>
   <div class='ocr_carea' id='block_1_30' title="bbox 380 2681 1960 2757">
    <p class='ocr_par' dir='ltr' id='par_1_30' title="bbox 380 2681 1960 2757">
     <span class='ocr_line' id='line_1_30' title="bbox 380 2681 1960 2757; baseline -0.003 -17"><span class='ocrx_word' id='word_1_196' title='bbox 380 2685 639 2757; x_wconf 84' lang='lat' dir='ltr'><strong>quodque</strong></span> <span class='ocrx_word' id='word_1_197' title='bbox 662 2690 884 2754; x_wconf 85' lang='lat' dir='ltr'><strong>superat</strong></span> <span class='ocrx_word' id='word_1_198' title='bbox 923 2683 1224 2754; x_wconf 85' lang='lat' dir='ltr'><strong>expellens,</strong></span> <span class='ocrx_word' id='word_1_199' title='bbox 1255 2681 1435 2743; x_wconf 87' lang='lat' dir='ltr'><strong>cordis</strong></span> <span class='ocrx_word' id='word_1_200' title='bbox 1462 2682 1643 2738; x_wconf 86' lang='lat' dir='ltr'><strong>calore</strong></span> <span class='ocrx_word' id='word_1_201' title='bbox 1673 2682 1771 2737; x_wconf 87' lang='lat' dir='ltr'><strong>hac</strong></span> <span class='ocrx_word' id='word_1_202' title='bbox 1797 2684 1960 2737; x_wconf 90' lang='lat' dir='ltr'><strong>etiam</strong></span> 
     </span>
    </p>
   </div>
   <div class='ocr_carea' id='block_1_31' title="bbox 384 2774 1960 2847">
    <p class='ocr_par' dir='ltr' id='par_1_31' title="bbox 384 2774 1960 2847">
     <span class='ocr_line' id='line_1_31' title="bbox 384 2774 1960 2847; baseline -0.002 -15"><span class='ocrx_word' id='word_1_203' title='bbox 384 2781 438 2833; x_wconf 89' lang='lat' dir='ltr'><strong>in</strong></span> <span class='ocrx_word' id='word_1_204' title='bbox 476 2785 628 2847; x_wconf 88' lang='lat' dir='ltr'><strong>parte</strong></span> <span class='ocrx_word' id='word_1_205' title='bbox 655 2786 903 2831; x_wconf 86' lang='lat' dir='ltr'><strong>naturam</strong></span> <span class='ocrx_word' id='word_1_206' title='bbox 942 2790 1052 2830; x_wconf 86' lang='lat' dir='ltr'><strong>non</strong></span> <span class='ocrx_word' id='word_1_207' title='bbox 1083 2789 1273 2846; x_wconf 81' lang='lat' dir='ltr'><strong>parum</strong></span> <span class='ocrx_word' id='word_1_208' title='bbox 1316 2774 1627 2845; x_wconf 68' lang='lat' dir='ltr'><strong>adiuvante.</strong></span> <span class='ocrx_word' id='word_1_209' title='bbox 1663 2774 1795 2829; x_wconf 83' lang='lat' dir='ltr'><strong>Nam</strong></span> <span class='ocrx_word' id='word_1_210' title='bbox 1836 2790 1960 2829; x_wconf 90' lang='lat' dir='ltr'><strong>cum</strong></span> 
     </span>
    </p>
   </div>
   <div class='ocr_carea' id='block_1_32' title="bbox 384 2864 1963 2934">
    <p class='ocr_par' dir='ltr' id='par_1_32' title="bbox 384 2864 1963 2934">
     <span class='ocr_line' id='line_1_32' title="bbox 384 2864 1963 2934; baseline -0.003 -11"><span class='ocrx_word' id='word_1_211' title='bbox 384 2871 529 2923; x_wconf 90' lang='lat' dir='ltr'><strong>inter</strong></span> <span class='ocrx_word' id='word_1_212' title='bbox 558 2866 801 2922; x_wconf 85' lang='lat' dir='ltr'><strong>membra</strong></span> <span class='ocrx_word' id='word_1_213' title='bbox 821 2864 1009 2919; x_wconf 88' lang='lat' dir='ltr'><strong>vitalia</strong></span> <span class='ocrx_word' id='word_1_214' title='bbox 1038 2879 1151 2929; x_wconf 89' lang='lat' dir='ltr'><strong>cor,</strong></span> <span class='ocrx_word' id='word_1_215' title='bbox 1181 2870 1241 2918; x_wconf 92' lang='lat' dir='ltr'><strong>ut</strong></span> <span class='ocrx_word' id='word_1_216' title='bbox 1266 2873 1351 2920; x_wconf 86' lang='lat' dir='ltr'><strong>est</strong></span> <span class='ocrx_word' id='word_1_217' title='bbox 1406 2864 1703 2920; x_wconf 91' lang='lat' dir='ltr'><strong>indicatum</strong></span> <span class='ocrx_word' id='word_1_218' title='bbox 1727 2905 1740 2929; x_wconf 95' lang='lat'><strong>,</strong></span> <span class='ocrx_word' id='word_1_219' title='bbox 1775 2866 1963 2934; x_wconf 69' lang='lat' dir='ltr'><strong>praeci-</strong></span> 
     </span>
    </p>
   </div>
   <div class='ocr_carea' id='block_1_33' title="bbox 384 2956 1963 3030">
    <p class='ocr_par' dir='ltr' id='par_1_33' title="bbox 384 2956 1963 3030">
     <span class='ocr_line' id='line_1_33' title="bbox 384 2956 1963 3030; baseline 0 -17"><span class='ocrx_word' id='word_1_220' title='bbox 384 2974 551 3029; x_wconf 87' lang='lat' dir='ltr'><strong>puum</strong></span> <span class='ocrx_word' id='word_1_221' title='bbox 575 2959 647 3015; x_wconf 86' lang='lat' dir='ltr'><strong>sit</strong></span> <span class='ocrx_word' id='word_1_222' title='bbox 673 2968 727 3013; x_wconf 90' lang='lat' dir='ltr'><strong>et</strong></span> <span class='ocrx_word' id='word_1_223' title='bbox 752 2958 1036 3022; x_wconf 79' lang='lat' dir='ltr'><strong>eximium,</strong></span> <span class='ocrx_word' id='word_1_224' title='bbox 1076 2957 1276 3028; x_wconf 87' lang='lat' dir='ltr'><strong>quippe</strong></span> <span class='ocrx_word' id='word_1_225' title='bbox 1303 2956 1450 3028; x_wconf 82' lang='lat' dir='ltr'><strong>quod</strong></span> <span class='ocrx_word' id='word_1_226' title='bbox 1468 2958 1708 3013; x_wconf 90' lang='lat' dir='ltr'><strong>membra</strong></span> <span class='ocrx_word' id='word_1_227' title='bbox 1747 2959 1963 3030; x_wconf 89' lang='lat' dir='ltr'><strong>singula</strong></span> 
     </span>
    </p>
   </div>
   <div class='ocr_carea' id='block_1_34' title="bbox 2054 486 3616 578">
    <p class='ocr_par' dir='ltr' id='par_1_34' title="bbox 2054 486 3616 578">
     <span class='ocr_line' id='line_1_34' title="bbox 2054 486 3616 578; baseline 0.015 -41"><span class='ocrx_word' id='word_1_228' title='bbox 2054 486 2444 578; x_wconf 83' lang='grc' dir='ltr'>ἐναπολειφθέν</span> <span class='ocrx_word' id='word_1_229' title='bbox 2501 494 2616 556; x_wconf 86' lang='grc' dir='ltr'>τοῖς</span> <span class='ocrx_word' id='word_1_230' title='bbox 2677 493 2878 560; x_wconf 87' lang='grc' dir='ltr'>κοίλοις</span> <span class='ocrx_word' id='word_1_231' title='bbox 2936 496 3155 569; x_wconf 81' lang='grc' dir='ltr'>πνεῦμα</span> <span class='ocrx_word' id='word_1_232' title='bbox 3207 503 3326 554; x_wconf 88' lang='grc' dir='ltr'>κατ’</span> <span class='ocrx_word' id='word_1_233' title='bbox 3388 503 3616 578; x_wconf 82' lang='grc' dir='ltr'>ἀνάγκην</span> 
     </span>
    </p>
   </div>
   <div class='ocr_carea' id='block_1_35' title="bbox 2054 576 3614 667">
    <p class='ocr_par' dir='ltr' id='par_1_35' title="bbox 2054 576 3614 667">
     <span class='ocr_line' id='line_1_35' title="bbox 2054 576 3614 667; baseline 0.015 -39"><span class='ocrx_word' id='word_1_234' title='bbox 2054 576 2323 642; x_wconf 76' lang='grc' dir='ltr'>ἐκπιέζων</span> <span class='ocrx_word' id='word_1_235' title='bbox 2349 582 2620 652; x_wconf 76' lang='grc' dir='ltr'>προΐεται.</span> <span class='ocrx_word' id='word_1_236' title='bbox 2664 584 2997 659; x_wconf 85' lang='grc' dir='ltr'>Ὑποχωρῶν</span> <span class='ocrx_word' id='word_1_237' title='bbox 3039 590 3097 644; x_wconf 81' lang='grc' dir='ltr'>δὲ</span> <span class='ocrx_word' id='word_1_238' title='bbox 3135 593 3229 646; x_wconf 77' lang='grc' dir='ltr'>καὶ</span> <span class='ocrx_word' id='word_1_239' title='bbox 3257 576 3614 667; x_wconf 80' lang='grc' dir='ltr'>ἀνοιγόμενος,</span> 
     </span>
    </p>
   </div>
   <div class='ocr_carea' id='block_1_36' title="bbox 2053 672 3616 754">
    <p class='ocr_par' dir='ltr' id='par_1_36' title="bbox 2053 672 3616 754">
     <span class='ocr_line' id='line_1_36' title="bbox 2053 672 3616 754; baseline 0.011 -31"><span class='ocrx_word' id='word_1_240' title='bbox 2053 672 2355 726; x_wconf 78' lang='grc' dir='ltr'><strong>ἐπισπᾶται</strong></span> <span class='ocrx_word' id='word_1_241' title='bbox 2375 676 2442 745; x_wconf 81' lang='grc' dir='ltr'>τῇ</span> <span class='ocrx_word' id='word_1_242' title='bbox 2467 674 2749 729; x_wconf 73' lang='grc' dir='ltr'><strong>διαστάσει</strong></span> <span class='ocrx_word' id='word_1_243' title='bbox 2799 677 2936 749; x_wconf 83' lang='grc' dir='ltr'>πρὸς</span> <span class='ocrx_word' id='word_1_244' title='bbox 2974 679 3034 732; x_wconf 81' lang='grc' dir='ltr'><strong>τὸ</strong></span> <span class='ocrx_word' id='word_1_245' title='bbox 3075 681 3399 754; x_wconf 78' lang='grc' dir='ltr'>κενούμενον</span> <span class='ocrx_word' id='word_1_246' title='bbox 3426 685 3510 740; x_wconf 79' lang='grc' dir='ltr'>διὰ</span> <span class='ocrx_word' id='word_1_247' title='bbox 3531 689 3616 754; x_wconf 82' lang='grc' dir='ltr'><strong>τῆς</strong></span> 
     </span>
    </p>
   </div>
   <div class='ocr_carea' id='block_1_37' title="bbox 2053 762 3614 848">
    <p class='ocr_par' dir='ltr' id='par_1_37' title="bbox 2053 762 3614 848">
     <span class='ocr_line' id='line_1_37' title="bbox 2053 762 3614 848; baseline 0.009 -29"><span class='ocrx_word' id='word_1_248' title='bbox 2053 762 2220 835; x_wconf 84' lang='grc' dir='ltr'><strong>ὁλκῆς</strong></span> <span class='ocrx_word' id='word_1_249' title='bbox 2247 765 2340 821; x_wconf 81' lang='grc' dir='ltr'><strong>τὸν</strong></span> <span class='ocrx_word' id='word_1_250' title='bbox 2372 768 2528 839; x_wconf 83' lang='grc' dir='ltr'>ἀέρα.</span> <span class='ocrx_word' id='word_1_251' title='bbox 2562 768 2676 823; x_wconf 76' lang='grc' dir='ltr'>Καὶ</span> <span class='ocrx_word' id='word_1_252' title='bbox 2694 767 2834 841; x_wconf 74' lang='grc' dir='ltr'>αὕτη</span> <span class='ocrx_word' id='word_1_253' title='bbox 2861 770 2978 824; x_wconf 75' lang='grc' dir='ltr'>ἐστὶ</span> <span class='ocrx_word' id='word_1_254' title='bbox 2998 771 3097 842; x_wconf 89' lang='grc' dir='ltr'><strong>τῆς</strong></span> <span class='ocrx_word' id='word_1_255' title='bbox 3118 774 3478 848; x_wconf 83' lang='grc' dir='ltr'>ἀπροαιρέτου</span> <span class='ocrx_word' id='word_1_256' title='bbox 3504 778 3614 843; x_wconf 77' lang='grc' dir='ltr'>ταύ-</span> 
     </span>
    </p>
   </div>
   <div class='ocr_carea' id='block_1_38' title="bbox 2055 860 3612 940">
    <p class='ocr_par' dir='ltr' id='par_1_38' title="bbox 2055 860 3612 940">
     <span class='ocr_line' id='line_1_38' title="bbox 2055 860 3612 940; baseline 0.01 -30"><span class='ocrx_word' id='word_1_257' title='bbox 2055 875 2154 928; x_wconf 87' lang='grc' dir='ltr'><strong>της</strong></span> <span class='ocrx_word' id='word_1_258' title='bbox 2184 860 2460 931; x_wconf 83' lang='grc' dir='ltr'>ἀναπνοῆς</span> <span class='ocrx_word' id='word_1_259' title='bbox 2496 861 2666 928; x_wconf 85' lang='grc' dir='ltr'>αίτία,</span> <span class='ocrx_word' id='word_1_260' title='bbox 2690 866 2722 932; x_wconf 82' lang='grc' dir='ltr'>ἡ</span> <span class='ocrx_word' id='word_1_261' title='bbox 2750 862 2845 917; x_wconf 75' lang='grc' dir='ltr'>τοῦ</span> <span class='ocrx_word' id='word_1_262' title='bbox 2867 865 3126 936; x_wconf 83' lang='grc' dir='ltr'><strong>ἀτρεμεῖν</strong></span> <span class='ocrx_word' id='word_1_263' title='bbox 3150 866 3212 920; x_wconf 81' lang='grc' dir='ltr'>τὸ</span> <span class='ocrx_word' id='word_1_264' title='bbox 3239 869 3481 940; x_wconf 85' lang='grc' dir='ltr'>πυρῶδες</span> <span class='ocrx_word' id='word_1_265' title='bbox 3499 871 3612 933; x_wconf 81' lang='grc' dir='ltr'>ἁδυ-</span> 
     </span>
    </p>
   </div>
   <div class='ocr_carea' id='block_1_39' title="bbox 2055 949 3616 1031">
    <p class='ocr_par' dir='ltr' id='par_1_39' title="bbox 2055 949 3616 1031">
     <span class='ocr_line' id='line_1_39' title="bbox 2055 949 3616 1031; baseline 0.008 -29"><span class='ocrx_word' id='word_1_266' title='bbox 2055 949 2243 1021; x_wconf 87' lang='grc' dir='ltr'>ναμία.</span> <span class='ocrx_word' id='word_1_267' title='bbox 2263 952 2477 1023; x_wconf 79' lang='grc' dir='ltr'>Ἐπειδὴ</span> <span class='ocrx_word' id='word_1_268' title='bbox 2504 953 2613 1024; x_wconf 87' lang='grc' dir='ltr'>γὰρ</span> <span class='ocrx_word' id='word_1_269' title='bbox 2639 952 2769 1017; x_wconf 75' lang='grc' dir='ltr'>ἴδιόν</span> <span class='ocrx_word' id='word_1_270' title='bbox 2800 956 2917 1009; x_wconf 90' lang='grc' dir='ltr'>ἐστι</span> <span class='ocrx_word' id='word_1_271' title='bbox 2951 955 3043 1009; x_wconf 81' lang='grc' dir='ltr'>τοῦ</span> <span class='ocrx_word' id='word_1_272' title='bbox 3073 956 3274 1028; x_wconf 86' lang='grc' dir='ltr'>θερμοῦ</span> <span class='ocrx_word' id='word_1_273' title='bbox 3304 961 3339 1030; x_wconf 78' lang='grc' dir='ltr'>ὴ</span> <span class='ocrx_word' id='word_1_274' title='bbox 3370 960 3505 1015; x_wconf 81' lang='grc' dir='ltr'>κατὰ</span> <span class='ocrx_word' id='word_1_275' title='bbox 3529 962 3616 1031; x_wconf 72' lang='grc' dir='ltr'>τὴν</span> 
     </span>
    </p>
   </div>
   <div class='ocr_carea' id='block_1_40' title="bbox 2056 1040 3619 1123">
    <p class='ocr_par' dir='ltr' id='par_1_40' title="bbox 2056 1040 3619 1123">
     <span class='ocr_line' id='line_1_40' title="bbox 2056 1040 3619 1123; baseline 0.017 -29"><span class='ocrx_word' id='word_1_276' title='bbox 2056 1040 2271 1112; x_wconf 76' lang='grc' dir='ltr'>κίνησιν</span> <span class='ocrx_word' id='word_1_277' title='bbox 2305 1044 2575 1114; x_wconf 85' lang='grc' dir='ltr'>ἐνέργεια,</span> <span class='ocrx_word' id='word_1_278' title='bbox 2601 1044 2791 1100; x_wconf 87' lang='grc' dir='ltr'>τούτου</span> <span class='ocrx_word' id='word_1_279' title='bbox 2822 1046 2880 1111; x_wconf 84' lang='grc' dir='ltr'>δὲ</span> <span class='ocrx_word' id='word_1_280' title='bbox 2909 1047 3009 1111; x_wconf 82' lang='grc' dir='ltr'>τὰς</span> <span class='ocrx_word' id='word_1_281' title='bbox 3039 1048 3213 1119; x_wconf 76' lang='grc' dir='ltr'>ἀρχὰς</span> <span class='ocrx_word' id='word_1_282' title='bbox 3239 1049 3297 1104; x_wconf 78' lang='grc' dir='ltr'><strong>ὲν</strong></span> <span class='ocrx_word' id='word_1_283' title='bbox 3328 1052 3396 1121; x_wconf 71' lang='grc' dir='ltr'><strong>τῇ</strong></span> <span class='ocrx_word' id='word_1_284' title='bbox 3444 1052 3619 1123; x_wconf 68' lang='grc' dir='ltr'>καρδίᾳ</span> 
     </span>
    </p>
   </div>
   <div class='ocr_carea' id='block_1_41' title="bbox 2056 1136 3615 1213">
    <p class='ocr_par' dir='ltr' id='par_1_41' title="bbox 2056 1136 3615 1213">
     <span class='ocr_line' id='line_1_41' title="bbox 2056 1136 3615 1213; baseline 0.005 -25"><span class='ocrx_word' id='word_1_285' title='bbox 2056 1137 2484 1208; x_wconf 80' lang='grc' dir='ltr'>κατενοήσαμεν,</span> <span class='ocrx_word' id='word_1_286' title='bbox 2524 1136 2583 1189; x_wconf 86' lang='grc' dir='ltr'><strong>τδ</strong></span> <span class='ocrx_word' id='word_1_287' title='bbox 2633 1137 2879 1208; x_wconf 81' lang='grc' dir='ltr'>διηνεκὲς</span> <span class='ocrx_word' id='word_1_288' title='bbox 2927 1139 3026 1211; x_wconf 87' lang='grc' dir='ltr'><strong>τῆς</strong></span> <span class='ocrx_word' id='word_1_289' title='bbox 3066 1141 3125 1197; x_wconf 91' lang='grc' dir='ltr'><strong>ἐν</strong></span> <span class='ocrx_word' id='word_1_290' title='bbox 3163 1138 3241 1210; x_wconf 83' lang='grc' dir='ltr'>τῷ</span> <span class='ocrx_word' id='word_1_291' title='bbox 3267 1140 3424 1211; x_wconf 86' lang='grc' dir='ltr'>μέρει</span> <span class='ocrx_word' id='word_1_292' title='bbox 3460 1141 3615 1213; x_wconf 85' lang='grc' dir='ltr'>τούτῳ</span> 
     </span>
    </p>
   </div>
   <div class='ocr_carea' id='block_1_42' title="bbox 2058 1227 3618 1303">
    <p class='ocr_par' dir='ltr' id='par_1_42' title="bbox 2058 1227 3618 1303">
     <span class='ocr_line' id='line_1_42' title="bbox 2058 1227 3618 1303; baseline 0.003 -21"><span class='ocrx_word' id='word_1_293' title='bbox 2058 1229 2322 1298; x_wconf 83' lang='grc' dir='ltr'>κινήσεως</span> <span class='ocrx_word' id='word_1_294' title='bbox 2395 1227 2492 1298; x_wconf 86' lang='grc' dir='ltr'><strong>τὴν</strong></span> <span class='ocrx_word' id='word_1_295' title='bbox 2544 1228 2884 1285; x_wconf 81' lang='grc' dir='ltr'><strong>ἀδιάλειπτον</strong></span> <span class='ocrx_word' id='word_1_296' title='bbox 2918 1229 3011 1284; x_wconf 79' lang='grc' dir='ltr'>τοῦ</span> <span class='ocrx_word' id='word_1_297' title='bbox 3049 1230 3209 1302; x_wconf 82' lang='grc' dir='ltr'>ἀέρος</span> <span class='ocrx_word' id='word_1_298' title='bbox 3230 1232 3409 1303; x_wconf 79' lang='grc' dir='ltr'>ὁρμήν</span> <span class='ocrx_word' id='word_1_299' title='bbox 3444 1250 3501 1287; x_wconf 88' lang='grc' dir='ltr'><strong>τε</strong></span> <span class='ocrx_word' id='word_1_300' title='bbox 3537 1234 3618 1287; x_wconf 75' lang='grc' dir='ltr'><strong>καὶ</strong></span> 
     </span>
    </p>
   </div>
   <div class='ocr_carea' id='block_1_43' title="bbox 2059 1318 3617 1393">
    <p class='ocr_par' dir='ltr' id='par_1_43' title="bbox 2059 1318 3617 1393">
     <span class='ocr_line' id='line_1_43' title="bbox 2059 1318 3617 1393; baseline 0.004 -24"><span class='ocrx_word' id='word_1_301' title='bbox 2059 1319 2305 1389; x_wconf 79' lang='grc' dir='ltr'>ἐμπνοὴν</span> <span class='ocrx_word' id='word_1_302' title='bbox 2359 1318 2447 1372; x_wconf 83' lang='grc' dir='ltr'>διὰ</span> <span class='ocrx_word' id='word_1_303' title='bbox 2500 1318 2594 1373; x_wconf 75' lang='grc' dir='ltr'>τοῦ</span> <span class='ocrx_word' id='word_1_304' title='bbox 2626 1319 2932 1393; x_wconf 86' lang='grc' dir='ltr'>πνεύματος</span> <span class='ocrx_word' id='word_1_305' title='bbox 2982 1319 3374 1392; x_wconf 76' lang='grc' dir='ltr'>ἀπεργάζεται.</span> <span class='ocrx_word' id='word_1_306' title='bbox 3422 1323 3509 1378; x_wconf 83' lang='grc' dir='ltr'><strong>Διὸ</strong></span> <span class='ocrx_word' id='word_1_307' title='bbox 3538 1324 3617 1385; x_wconf 76' lang='grc' dir='ltr'><strong>καὶ</strong></span> 
     </span>
    </p>
   </div>
   <div class='ocr_carea' id='block_1_44' title="bbox 2061 1409 3620 1485">
    <p class='ocr_par' dir='ltr' id='par_1_44' title="bbox 2061 1409 3620 1485">
     <span class='ocr_line' id='line_1_44' title="bbox 2061 1409 3620 1485; baseline 0.001 -19"><span class='ocrx_word' id='word_1_308' title='bbox 2061 1413 2212 1483; x_wconf 84' lang='grc' dir='ltr'><strong>παρά</strong></span> <span class='ocrx_word' id='word_1_309' title='bbox 2272 1412 2433 1482; x_wconf 83' lang='grc' dir='ltr'>φύσιν</span> <span class='ocrx_word' id='word_1_310' title='bbox 2482 1413 2830 1478; x_wconf 66' lang='grc' dir='ltr'>ἐπιταθέντος</span> <span class='ocrx_word' id='word_1_311' title='bbox 2866 1412 2957 1466; x_wconf 78' lang='grc' dir='ltr'>τοῦ</span> <span class='ocrx_word' id='word_1_312' title='bbox 3023 1412 3323 1484; x_wconf 73' lang='grc' dir='ltr'>πυρώδους,</span> <span class='ocrx_word' id='word_1_313' title='bbox 3359 1415 3421 1467; x_wconf 83' lang='grc' dir='ltr'><strong>τὸ</strong></span> <span class='ocrx_word' id='word_1_314' title='bbox 3457 1409 3620 1485; x_wconf 80' lang='grc' dir='ltr'>ἆσθμα</span> 
     </span>
    </p>
   </div>
   <div class='ocr_carea' id='block_1_45' title="bbox 2059 1503 3614 1579">
    <p class='ocr_par' dir='ltr' id='par_1_45' title="bbox 2059 1503 3614 1579">
     <span class='ocr_line' id='line_1_45' title="bbox 2059 1503 3614 1579; baseline -0.001 -21"><span class='ocrx_word' id='word_1_315' title='bbox 2059 1505 2167 1558; x_wconf 82' lang='grc' dir='ltr'>τῶν</span> <span class='ocrx_word' id='word_1_316' title='bbox 2203 1505 2599 1574; x_wconf 81' lang='grc' dir='ltr'>διακαιομένων</span> <span class='ocrx_word' id='word_1_317' title='bbox 2627 1504 2703 1575; x_wconf 82' lang='grc' dir='ltr'>τῷ</span> <span class='ocrx_word' id='word_1_318' title='bbox 2744 1503 2960 1579; x_wconf 70' lang='grc' dir='ltr'>πυρετῷ</span> <span class='ocrx_word' id='word_1_319' title='bbox 2992 1504 3379 1576; x_wconf 83' lang='grc' dir='ltr'>συνεχέστερον</span> <span class='ocrx_word' id='word_1_320' title='bbox 3406 1504 3614 1573; x_wconf 85' lang='grc' dir='ltr'>γίνεται,</span> 
     </span>
    </p>
   </div>
   <div class='ocr_carea' id='block_1_46' title="bbox 2062 1592 3621 1671">
    <p class='ocr_par' dir='ltr' id='par_1_46' title="bbox 2062 1592 3621 1671">
     <span class='ocr_line' id='line_1_46' title="bbox 2062 1592 3621 1671; baseline 0.001 -24"><span class='ocrx_word' id='word_1_321' title='bbox 2062 1594 2251 1665; x_wconf 81' lang='grc' dir='ltr'>ὥσπερ</span> <span class='ocrx_word' id='word_1_322' title='bbox 2280 1593 2644 1666; x_wconf 75' lang='grc' dir='ltr'>ἐπειγομένης</span> <span class='ocrx_word' id='word_1_323' title='bbox 2682 1597 2779 1671; x_wconf 79' lang='grc' dir='ltr'><strong>τῆς</strong></span> <span class='ocrx_word' id='word_1_324' title='bbox 2837 1592 3061 1665; x_wconf 80' lang='grc' dir='ltr'>καρδίας</span> <span class='ocrx_word' id='word_1_325' title='bbox 3095 1594 3186 1647; x_wconf 86' lang='grc' dir='ltr'><strong>τὸν</strong></span> <span class='ocrx_word' id='word_1_326' title='bbox 3224 1595 3534 1665; x_wconf 75' lang='grc' dir='ltr'>ἐγκείμενον</span> <span class='ocrx_word' id='word_1_327' title='bbox 3569 1595 3621 1648; x_wconf 82' lang='grc' dir='ltr'><strong>ἐν</strong></span> 
     </span>
    </p>
   </div>
   <div class='ocr_carea' id='block_1_47' title="bbox 2063 1685 3623 1759">
    <p class='ocr_par' dir='ltr' id='par_1_47' title="bbox 2063 1685 3623 1759">
     <span class='ocr_line' id='line_1_47' title="bbox 2063 1685 3623 1759; baseline 0.001 -20"><span class='ocrx_word' id='word_1_328' title='bbox 2063 1688 2199 1759; x_wconf 79' lang='grc' dir='ltr'>αὐτῇ</span> <span class='ocrx_word' id='word_1_329' title='bbox 2265 1687 2506 1757; x_wconf 81' lang='grc' dir='ltr'>φλογμὸν</span> <span class='ocrx_word' id='word_1_330' title='bbox 2544 1686 2622 1758; x_wconf 83' lang='grc' dir='ltr'>τῷ</span> <span class='ocrx_word' id='word_1_331' title='bbox 2670 1685 2991 1758; x_wconf 84' lang='grc' dir='ltr'>νεαρωτέρῳ</span> <span class='ocrx_word' id='word_1_332' title='bbox 3032 1685 3303 1757; x_wconf 86' lang='grc' dir='ltr'>πνεύματι</span> <span class='ocrx_word' id='word_1_333' title='bbox 3346 1685 3623 1752; x_wconf 80' lang='grc' dir='ltr'>κατασὸεν-</span> 
     </span>
    </p>
   </div>
   <div class='ocr_carea' id='block_1_48' title="bbox 2064 1778 3723 1851">
    <p class='ocr_par' dir='ltr' id='par_1_48' title="bbox 2064 1778 3723 1851">
     <span class='ocr_line' id='line_1_48' title="bbox 2064 1778 3723 1851; baseline 0.001 -19"><span class='ocrx_word' id='word_1_334' title='bbox 2064 1780 2229 1834; x_wconf 86' lang='grc' dir='ltr'>νύειν.</span> <span class='ocrx_word' id='word_1_335' title='bbox 2275 1780 2411 1833; x_wconf 84' lang='grc' dir='ltr'>Ἀλλ’</span> <span class='ocrx_word' id='word_1_336' title='bbox 2445 1779 2632 1851; x_wconf 83' lang='grc' dir='ltr'>ἐπειδὴ</span> <span class='ocrx_word' id='word_1_337' title='bbox 2666 1779 2896 1849; x_wconf 88' lang='grc' dir='ltr'>πενιχρά</span> <span class='ocrx_word' id='word_1_338' title='bbox 2928 1778 3009 1842; x_wconf 89' lang='grc' dir='ltr'><strong>τίς</strong></span> <span class='ocrx_word' id='word_1_339' title='bbox 3037 1780 3184 1840; x_wconf 85' lang='grc' dir='ltr'>ἐστιν</span> <span class='ocrx_word' id='word_1_340' title='bbox 3211 1780 3369 1850; x_wconf 78' lang='grc' dir='ltr'>ἡμῶν</span> <span class='ocrx_word' id='word_1_341' title='bbox 3394 1781 3427 1851; x_wconf 74' lang='grc' dir='ltr'>ἡ</span> <span class='ocrx_word' id='word_1_342' title='bbox 3457 1778 3619 1849; x_wconf 82' lang='grc' dir='ltr'>φύσις,</span> <span class='ocrx_word' id='word_1_343' title='bbox 3720 1826 3723 1847; x_wconf 35' lang='grc' dir='ltr'><strong>γ</strong></span> 
     </span>
    </p>
   </div>
   <div class='ocr_carea' id='block_1_49' title="bbox 2064 1870 3623 1945">
    <p class='ocr_par' dir='ltr' id='par_1_49' title="bbox 2064 1870 3623 1945">
     <span class='ocr_line' id='line_1_49' title="bbox 2064 1870 3623 1945; baseline 0 -21"><span class='ocrx_word' id='word_1_344' title='bbox 2064 1872 2288 1930; x_wconf 73' lang='grc' dir='ltr'>καὶτῶν</span> <span class='ocrx_word' id='word_1_345' title='bbox 2328 1873 2461 1945; x_wconf 80' lang='grc' dir='ltr'>πρὸς</span> <span class='ocrx_word' id='word_1_346' title='bbox 2480 1873 2578 1941; x_wconf 79' lang='grc' dir='ltr'><strong>τὴν</strong></span> <span class='ocrx_word' id='word_1_347' title='bbox 2604 1872 2739 1926; x_wconf 81' lang='grc' dir='ltr'>ἰδίαν</span> <span class='ocrx_word' id='word_1_348' title='bbox 2768 1871 3024 1925; x_wconf 86' lang='grc' dir='ltr'>σύστασιν</span> <span class='ocrx_word' id='word_1_349' title='bbox 3053 1871 3143 1924; x_wconf 75' lang='grc' dir='ltr'>διὰ</span> <span class='ocrx_word' id='word_1_350' title='bbox 3169 1870 3389 1926; x_wconf 87' lang='grc' dir='ltr'>πάντων</span> <span class='ocrx_word' id='word_1_351' title='bbox 3405 1871 3623 1942; x_wconf 79' lang='grc' dir='ltr'>ἐπιδεὴς,</span> 
     </span>
    </p>
   </div>
   <div class='ocr_carea' id='block_1_50' title="bbox 2064 1960 3622 2035">
    <p class='ocr_par' dir='ltr' id='par_1_50' title="bbox 2064 1960 3622 2035">
     <span class='ocr_line' id='line_1_50' title="bbox 2064 1960 3622 2035; baseline -0.003 -17"><span class='ocrx_word' id='word_1_352' title='bbox 2064 1967 2164 2018; x_wconf 86' lang='grc' dir='ltr'><strong>υύκ</strong></span> <span class='ocrx_word' id='word_1_353' title='bbox 2189 1964 2348 2035; x_wconf 82' lang='grc' dir='ltr'>ἀέρος</span> <span class='ocrx_word' id='word_1_354' title='bbox 2368 1964 2526 2034; x_wconf 89' lang='grc' dir='ltr'>μόνον</span> <span class='ocrx_word' id='word_1_355' title='bbox 2560 1964 2688 2017; x_wconf 78' lang='grc' dir='ltr'>ἰδίου</span> <span class='ocrx_word' id='word_1_356' title='bbox 2713 1963 3001 2034; x_wconf 84' lang='grc' dir='ltr'>πτωχεύει,</span> <span class='ocrx_word' id='word_1_357' title='bbox 3020 1964 3113 2016; x_wconf 72' lang='grc' dir='ltr'>καὶ</span> <span class='ocrx_word' id='word_1_358' title='bbox 3135 1962 3463 2032; x_wconf 83' lang='grc' dir='ltr'>πνεύματος,</span> <span class='ocrx_word' id='word_1_359' title='bbox 3477 1960 3622 2015; x_wconf 75' lang='grc' dir='ltr'>τοῦτὸ</span> 
     </span>
    </p>
   </div>
   <div class='ocr_carea' id='block_1_51' title="bbox 2066 2044 3608 2125">
    <p class='ocr_par' dir='ltr' id='par_1_51' title="bbox 2066 2044 3608 2125">
     <span class='ocr_line' id='line_1_51' title="bbox 2066 2044 3608 2125; baseline -0.006 -18"><span class='ocrx_word' id='word_1_360' title='bbox 2066 2053 2266 2125; x_wconf 77' lang='grc' dir='ltr'>θερμὸν</span> <span class='ocrx_word' id='word_1_361' title='bbox 2290 2052 2666 2125; x_wconf 82' lang='grc' dir='ltr'>διεγείροντος,</span> <span class='ocrx_word' id='word_1_362' title='bbox 2698 2052 2835 2123; x_wconf 81' lang='grc' dir='ltr'>ὅπερ</span> <span class='ocrx_word' id='word_1_363' title='bbox 2858 2048 3055 2114; x_wconf 75' lang='grc' dir='ltr'>ἔξωθεν</span> <span class='ocrx_word' id='word_1_364' title='bbox 3084 2048 3219 2121; x_wconf 78' lang='grc' dir='ltr'>πρὸς</span> <span class='ocrx_word' id='word_1_365' title='bbox 3251 2049 3353 2120; x_wconf 85' lang='grc' dir='ltr'>τὴν</span> <span class='ocrx_word' id='word_1_366' title='bbox 3378 2047 3467 2101; x_wconf 80' lang='grc' dir='ltr'>τοῦ</span> <span class='ocrx_word' id='word_1_367' title='bbox 3489 2044 3608 2112; x_wconf 75' lang='grc' dir='ltr'><strong>ζώω</strong></span> 
     </span>
    </p>
   </div>
   <div class='ocr_carea' id='block_1_52' title="bbox 2069 2136 3620 2214">
    <p class='ocr_par' dir='ltr' id='par_1_52' title="bbox 2069 2136 3620 2214">
     <span class='ocr_line' id='line_1_52' title="bbox 2069 2136 3620 2214; baseline -0.006 -17"><span class='ocrx_word' id='word_1_368' title='bbox 2069 2146 2398 2214; x_wconf 83' lang='grc' dir='ltr'>συντήρησιν</span> <span class='ocrx_word' id='word_1_369' title='bbox 2461 2142 2723 2213; x_wconf 83' lang='grc' dir='ltr'>διηνεκῶς</span> <span class='ocrx_word' id='word_1_370' title='bbox 2786 2139 3171 2208; x_wconf 86' lang='grc' dir='ltr'>ἐπεισάγεται·</span> <span class='ocrx_word' id='word_1_371' title='bbox 3216 2138 3354 2192; x_wconf 85' lang='grc' dir='ltr'><strong>ἀλλά</strong></span> <span class='ocrx_word' id='word_1_372' title='bbox 3398 2138 3485 2191; x_wconf 75' lang='grc' dir='ltr'>καὶ</span> <span class='ocrx_word' id='word_1_373' title='bbox 3539 2136 3620 2206; x_wconf 76' lang='grc' dir='ltr'>τὴν</span> 
     </span>
    </p>
   </div>
   <div class='ocr_carea' id='block_1_53' title="bbox 2069 2228 3620 2307">
    <p class='ocr_par' dir='ltr' id='par_1_53' title="bbox 2069 2228 3620 2307">
     <span class='ocr_line' id='line_1_53' title="bbox 2069 2228 3620 2307; baseline -0.006 -18"><span class='ocrx_word' id='word_1_374' title='bbox 2069 2234 2451 2307; x_wconf 80' lang='grc' dir='ltr'>ὑπερείδουσαν</span> <span class='ocrx_word' id='word_1_375' title='bbox 2477 2234 2566 2288; x_wconf 88' lang='grc' dir='ltr'><strong>τὸν</strong></span> <span class='ocrx_word' id='word_1_376' title='bbox 2594 2233 2690 2289; x_wconf 79' lang='grc' dir='ltr'><strong>τοῦ</strong></span> <span class='ocrx_word' id='word_1_377' title='bbox 2716 2233 2963 2304; x_wconf 86' lang='grc' dir='ltr'>σώματος</span> <span class='ocrx_word' id='word_1_378' title='bbox 2989 2230 3151 2300; x_wconf 67' lang='grc' dir='ltr'>ὄγκον</span> <span class='ocrx_word' id='word_1_379' title='bbox 3184 2229 3390 2302; x_wconf 77' lang='grc' dir='ltr'>τροφὴν</span> <span class='ocrx_word' id='word_1_380' title='bbox 3424 2228 3620 2295; x_wconf 76' lang='grc' dir='ltr'>ἐπίκτη-</span> 
     </span>
    </p>
   </div>
   <div class='ocr_carea' id='block_1_54' title="bbox 2067 2319 3623 2397">
    <p class='ocr_par' dir='ltr' id='par_1_54' title="bbox 2067 2319 3623 2397">
     <span class='ocr_line' id='line_1_54' title="bbox 2067 2319 3623 2397; baseline -0.005 -17"><span class='ocrx_word' id='word_1_381' title='bbox 2067 2345 2156 2382; x_wconf 87' lang='grc' dir='ltr'><strong>τον</strong></span> <span class='ocrx_word' id='word_1_382' title='bbox 2186 2326 2319 2397; x_wconf 82' lang='grc' dir='ltr'>έχει.</span> <span class='ocrx_word' id='word_1_383' title='bbox 2352 2327 2452 2381; x_wconf 78' lang='grc' dir='ltr'>Διά</span> <span class='ocrx_word' id='word_1_384' title='bbox 2504 2326 2663 2380; x_wconf 80' lang='grc' dir='ltr'>τοῦτο</span> <span class='ocrx_word' id='word_1_385' title='bbox 2697 2325 2885 2389; x_wconf 88' lang='grc' dir='ltr'>σιτίοις</span> <span class='ocrx_word' id='word_1_386' title='bbox 2909 2341 2969 2378; x_wconf 89' lang='grc' dir='ltr'><strong>τε</strong></span> <span class='ocrx_word' id='word_1_387' title='bbox 2999 2323 3094 2378; x_wconf 75' lang='grc' dir='ltr'><strong>καὶ</strong></span> <span class='ocrx_word' id='word_1_388' title='bbox 3135 2325 3320 2385; x_wconf 86' lang='grc' dir='ltr'>ποτοῖς</span> <span class='ocrx_word' id='word_1_389' title='bbox 3355 2319 3623 2390; x_wconf 70' lang='grc' dir='ltr'>ἀναπληροῖ</span> 
     </span>
    </p>
   </div>
   <div class='ocr_carea' id='block_1_55' title="bbox 2067 2407 3621 2489">
    <p class='ocr_par' dir='ltr' id='par_1_55' title="bbox 2067 2407 3621 2489">
     <span class='ocr_line' id='line_1_55' title="bbox 2067 2407 3621 2489; baseline -0.008 -17"><span class='ocrx_word' id='word_1_390' title='bbox 2067 2419 2129 2472; x_wconf 84' lang='grc' dir='ltr'>τὺ</span> <span class='ocrx_word' id='word_1_391' title='bbox 2174 2419 2369 2482; x_wconf 85' lang='grc' dir='ltr'>ἐνδέον,</span> <span class='ocrx_word' id='word_1_392' title='bbox 2417 2419 2671 2489; x_wconf 75' lang='grc' dir='ltr'>ἑλκτικήν</span> <span class='ocrx_word' id='word_1_393' title='bbox 2704 2434 2827 2473; x_wconf 87' lang='grc' dir='ltr'>τινα</span> <span class='ocrx_word' id='word_1_394' title='bbox 2870 2415 2963 2470; x_wconf 81' lang='grc' dir='ltr'>τοῦ</span> <span class='ocrx_word' id='word_1_395' title='bbox 2991 2414 3271 2476; x_wconf 81' lang='grc' dir='ltr'>λείποντος</span> <span class='ocrx_word' id='word_1_396' title='bbox 3298 2411 3515 2482; x_wconf 86' lang='grc' dir='ltr'>δύναμιν</span> <span class='ocrx_word' id='word_1_397' title='bbox 3543 2407 3621 2473; x_wconf 67' lang='grc' dir='ltr'><strong>καὶ</strong></span> 
     </span>
    </p>
   </div>
   <div class='ocr_carea' id='block_1_56' title="bbox 2070 2501 3619 2582">
    <p class='ocr_par' dir='ltr' id='par_1_56' title="bbox 2070 2501 3619 2582">
     <span class='ocr_line' id='line_1_56' title="bbox 2070 2501 3619 2582; baseline -0.008 -17"><span class='ocrx_word' id='word_1_398' title='bbox 2070 2509 2387 2582; x_wconf 83' lang='grc' dir='ltr'>ἀπωστικὴν</span> <span class='ocrx_word' id='word_1_399' title='bbox 2437 2510 2533 2564; x_wconf 79' lang='grc' dir='ltr'>τοῦ</span> <span class='ocrx_word' id='word_1_400' title='bbox 2578 2508 2987 2582; x_wconf 87' lang='grc' dir='ltr'>περιττεύοντος</span> <span class='ocrx_word' id='word_1_401' title='bbox 3047 2505 3261 2560; x_wconf 75' lang='grc' dir='ltr'>ἐνθεῖσα</span> <span class='ocrx_word' id='word_1_402' title='bbox 3296 2504 3375 2575; x_wconf 83' lang='grc' dir='ltr'>τῷ</span> <span class='ocrx_word' id='word_1_403' title='bbox 3415 2501 3619 2574; x_wconf 81' lang='grc' dir='ltr'>σώματι,</span> 
     </span>
    </p>
   </div>
   <div class='ocr_carea' id='block_1_57' title="bbox 2069 2596 3621 2674">
    <p class='ocr_par' dir='ltr' id='par_1_57' title="bbox 2069 2596 3621 2674">
     <span class='ocr_line' id='line_1_57' title="bbox 2069 2596 3621 2674; baseline -0.005 -19"><span class='ocrx_word' id='word_1_404' title='bbox 2069 2602 2188 2655; x_wconf 80' lang='grc' dir='ltr'>οὐδὲ</span> <span class='ocrx_word' id='word_1_405' title='bbox 2220 2604 2356 2674; x_wconf 84' lang='grc' dir='ltr'>πρὸς</span> <span class='ocrx_word' id='word_1_406' title='bbox 2386 2602 2540 2667; x_wconf 73' lang='grc' dir='ltr'>τοῦτο</span> <span class='ocrx_word' id='word_1_407' title='bbox 2561 2602 2653 2656; x_wconf 77' lang='grc' dir='ltr'><strong>τοῦ</strong></span> <span class='ocrx_word' id='word_1_408' title='bbox 2676 2601 2963 2673; x_wconf 86' lang='grc' dir='ltr'>ἐγκαρδίου</span> <span class='ocrx_word' id='word_1_409' title='bbox 2985 2599 3153 2671; x_wconf 83' lang='grc' dir='ltr'>πυρὸς</span> <span class='ocrx_word' id='word_1_410' title='bbox 3182 2596 3387 2669; x_wconf 78' lang='grc' dir='ltr'>μικράν</span> <span class='ocrx_word' id='word_1_411' title='bbox 3417 2609 3621 2666; x_wconf 84' lang='grc' dir='ltr'>παρεχο-</span> 
     </span>
    </p>
   </div>
   <div class='ocr_carea' id='block_1_58' title="bbox 2072 2683 3620 2765">
    <p class='ocr_par' dir='ltr' id='par_1_58' title="bbox 2072 2683 3620 2765">
     <span class='ocr_line' id='line_1_58' title="bbox 2072 2683 3620 2765; baseline -0.005 -18"><span class='ocrx_word' id='word_1_412' title='bbox 2072 2695 2232 2762; x_wconf 84' lang='grc' dir='ltr'>μένου</span> <span class='ocrx_word' id='word_1_413' title='bbox 2255 2696 2320 2765; x_wconf 83' lang='grc' dir='ltr'>τῇ</span> <span class='ocrx_word' id='word_1_414' title='bbox 2354 2693 2512 2762; x_wconf 79' lang='grc' dir='ltr'>φύσει</span> <span class='ocrx_word' id='word_1_415' title='bbox 2539 2692 2876 2765; x_wconf 79' lang='grc' dir='ltr'>συνέργειαν.</span> <span class='ocrx_word' id='word_1_416' title='bbox 2924 2688 3141 2761; x_wconf 83' lang='grc' dir='ltr'>Ἐπειδὴ</span> <span class='ocrx_word' id='word_1_417' title='bbox 3187 2688 3300 2760; x_wconf 82' lang='grc' dir='ltr'><strong>γὰρ</strong></span> <span class='ocrx_word' id='word_1_418' title='bbox 3342 2688 3401 2741; x_wconf 81' lang='grc' dir='ltr'><strong>τὸ</strong></span> <span class='ocrx_word' id='word_1_419' title='bbox 3446 2683 3620 2758; x_wconf 82' lang='grc' dir='ltr'>κυριώ-</span> 
     </span>
    </p>
   </div>
   <div class='ocr_carea' id='block_1_59' title="bbox 2069 2776 3620 2856">
    <p class='ocr_par' dir='ltr' id='par_1_59' title="bbox 2069 2776 3620 2856">
     <span class='ocr_line' id='line_1_59' title="bbox 2069 2776 3620 2856; baseline -0.005 -18"><span class='ocrx_word' id='word_1_420' title='bbox 2069 2803 2226 2838; x_wconf 87' lang='grc' dir='ltr'>τατον</span> <span class='ocrx_word' id='word_1_421' title='bbox 2259 2784 2364 2838; x_wconf 86' lang='grc' dir='ltr'><strong>τῶν</strong></span> <span class='ocrx_word' id='word_1_422' title='bbox 2394 2783 2869 2856; x_wconf 57' lang='grc' dir='ltr'>ζωτικῶννμορίων</span> <span class='ocrx_word' id='word_1_423' title='bbox 2911 2782 3055 2838; x_wconf 86' lang='grc' dir='ltr'><strong>κατά</strong></span> <span class='ocrx_word' id='word_1_424' title='bbox 3083 2782 3173 2835; x_wconf 82' lang='grc' dir='ltr'><strong>τὸν</strong></span> <span class='ocrx_word' id='word_1_425' title='bbox 3204 2779 3528 2835; x_wconf 85' lang='grc' dir='ltr'>ἀποδοθέντα</span> <span class='ocrx_word' id='word_1_426' title='bbox 3547 2776 3620 2829; x_wconf 58' lang='lat' dir='ltr'><strong>Mc</strong></span> 
     </span>
    </p>
   </div>
   <div class='ocr_carea' id='block_1_60' title="bbox 2068 2866 3623 2947">
    <p class='ocr_par' dir='ltr' id='par_1_60' title="bbox 2068 2866 3623 2947">
     <span class='ocr_line' id='line_1_60' title="bbox 2068 2866 3623 2947; baseline -0.006 -18"><span class='ocrx_word' id='word_1_427' title='bbox 2068 2894 2163 2944; x_wconf 85' lang='grc' dir='ltr'><strong>γον</strong></span> <span class='ocrx_word' id='word_1_428' title='bbox 2189 2878 2221 2946; x_wconf 82' lang='grc' dir='ltr'>ἡ</span> <span class='ocrx_word' id='word_1_429' title='bbox 2247 2875 2443 2946; x_wconf 78' lang='grc' dir='ltr'>καρδία</span> <span class='ocrx_word' id='word_1_430' title='bbox 2470 2875 2637 2937; x_wconf 74' lang='grc' dir='ltr'>ἐστὶν,</span> <span class='ocrx_word' id='word_1_431' title='bbox 2664 2876 2696 2945; x_wconf 78' lang='grc' dir='ltr'><strong>ἡ</strong></span> <span class='ocrx_word' id='word_1_432' title='bbox 2718 2873 2794 2945; x_wconf 80' lang='grc' dir='ltr'><strong>τῷ</strong></span> <span class='ocrx_word' id='word_1_433' title='bbox 2814 2873 3001 2945; x_wconf 85' lang='grc' dir='ltr'>θερμῷ</span> <span class='ocrx_word' id='word_1_434' title='bbox 3031 2874 3308 2947; x_wconf 89' lang='grc' dir='ltr'>πνεύματι</span> <span class='ocrx_word' id='word_1_435' title='bbox 3327 2866 3623 2940; x_wconf 76' lang='grc' dir='ltr'>ζωπυροῦσσ</span> 
     </span>
    </p>
   </div>
   <div class='ocr_carea' id='block_1_61' title="bbox 2068 2954 3622 3037">
    <p class='ocr_par' dir='ltr' id='par_1_61' title="bbox 2068 2954 3622 3037">
     <span class='ocr_line' id='line_1_61' title="bbox 2068 2954 3622 3037; baseline -0.006 -18"><span class='ocrx_word' id='word_1_436' title='bbox 2068 2967 2137 3019; x_wconf 75' lang='grc' dir='ltr'>τὰ</span> <span class='ocrx_word' id='word_1_437' title='bbox 2172 2965 2504 3019; x_wconf 84' lang='grc' dir='ltr'>καοέκαστον</span> <span class='ocrx_word' id='word_1_438' title='bbox 2526 2964 2686 3037; x_wconf 84' lang='grc' dir='ltr'>μέρη,</span> <span class='ocrx_word' id='word_1_439' title='bbox 2712 2964 3047 3034; x_wconf 84' lang='grc' dir='ltr'>πανταχόθεν</span> <span class='ocrx_word' id='word_1_440' title='bbox 3075 2965 3244 3037; x_wconf 82' lang='grc' dir='ltr'>αὐτὴν</span> <span class='ocrx_word' id='word_1_441' title='bbox 3263 2964 3478 3037; x_wconf 83' lang='grc' dir='ltr'>ἐνεργὸν</span> <span class='ocrx_word' id='word_1_442' title='bbox 3502 2954 3622 3013; x_wconf 83' lang='grc' dir='ltr'>εἶναι</span> 
     </span>
    </p>
   </div>
   <div class='ocr_carea' id='block_1_62' title="bbox 385 3047 1872 3131">
    <p class='ocr_par' dir='ltr' id='par_1_62' title="bbox 385 3047 1872 3121">
     <span class='ocr_line' id='line_1_62' title="bbox 385 3047 1872 3121; baseline 0.001 -18"><span class='ocrx_word' id='word_1_443' title='bbox 385 3051 677 3121; x_wconf 75' lang='lat' dir='ltr'><strong>spirituum</strong></span> <span class='ocrx_word' id='word_1_444' title='bbox 708 3049 891 3105; x_wconf 87' lang='lat' dir='ltr'><strong>calore</strong></span> <span class='ocrx_word' id='word_1_445' title='bbox 933 3047 1098 3116; x_wconf 76' lang='lat' dir='ltr'><strong>fovet,</strong></span> <span class='ocrx_word' id='word_1_446' title='bbox 1144 3049 1348 3104; x_wconf 88' lang='lat' dir='ltr'><strong>idcirco</strong></span> <span class='ocrx_word' id='word_1_447' title='bbox 1398 3049 1575 3105; x_wconf 89' lang='lat' dir='ltr'><strong>nostri</strong></span> <span class='ocrx_word' id='word_1_448' title='bbox 1621 3048 1822 3120; x_wconf 87' lang='lat' dir='ltr'><strong>opillcii</strong></span> <span class='ocrx_word' id='word_1_449' title='bbox 1863 3066 1872 3104; x_wconf 83' lang='lat'><strong>:</strong></span> 
     </span>
    </p>
   </div>
   <div class='ocr_carea' id='block_1_63' title="bbox 2134 3047 3621 3131">
    <p class='ocr_par' dir='ltr' id='par_1_63' title="bbox 2134 3053 3621 3128">
     <span class='ocr_line' id='line_1_63' title="bbox 2134 3053 3621 3128; baseline -0.005 -20"><span class='ocrx_word' id='word_1_450' title='bbox 2134 3055 2431 3128; x_wconf 61' lang='lat' dir='ltr'><strong>iSpaovtxq»</strong></span> <span class='ocrx_word' id='word_1_451' title='bbox 2451 3055 2550 3125; x_wconf 88' lang='grc' dir='ltr'><strong>τῆς</strong></span> <span class='ocrx_word' id='word_1_452' title='bbox 2571 3055 2870 3125; x_wconf 84' lang='grc' dir='ltr'>δυνάμεως,</span> <span class='ocrx_word' id='word_1_453' title='bbox 2888 3058 2917 3108; x_wconf 87' lang='grc' dir='ltr'>ὁ</span> <span class='ocrx_word' id='word_1_454' title='bbox 2943 3054 3180 3127; x_wconf 85' lang='grc' dir='ltr'>πλάστης</span> <span class='ocrx_word' id='word_1_455' title='bbox 3198 3056 3359 3127; x_wconf 82' lang='grc' dir='ltr'>ἡμῶν</span> <span class='ocrx_word' id='word_1_456' title='bbox 3375 3053 3621 3123; x_wconf 86' lang='grc' dir='ltr'>ἐποίησεν,</span> 
     </span>
    </p>
   </div>
   <div class='ocr_carea' id='block_1_64' title="bbox 385 3140 1964 3214">
    <p class='ocr_par' dir='ltr' id='par_1_64' title="bbox 385 3140 1964 3214">
     <span class='ocr_line' id='line_1_64' title="bbox 385 3140 1964 3214; baseline -0.002 -14"><span class='ocrx_word' id='word_1_457' title='bbox 385 3153 508 3201; x_wconf 88' lang='lat' dir='ltr'><strong>ctor</strong></span> <span class='ocrx_word' id='word_1_458' title='bbox 530 3142 669 3198; x_wconf 84' lang='lat' dir='ltr'><strong>illud</strong></span> <span class='ocrx_word' id='word_1_459' title='bbox 695 3157 790 3212; x_wconf 92' lang='lat' dir='ltr'><strong>per</strong></span> <span class='ocrx_word' id='word_1_460' title='bbox 847 3141 1029 3198; x_wconf 90' lang='lat' dir='ltr'><strong>omnia</strong></span> <span class='ocrx_word' id='word_1_461' title='bbox 1083 3140 1272 3197; x_wconf 79' lang='lat' dir='ltr'><strong>eiﬁcax</strong></span> <span class='ocrx_word' id='word_1_462' title='bbox 1305 3155 1431 3198; x_wconf 85' lang='lat' dir='ltr'><strong>esse</strong></span> <span class='ocrx_word' id='word_1_463' title='bbox 1486 3141 1744 3197; x_wconf 82' lang='lat' dir='ltr'><strong>facultate</strong></span> <span class='ocrx_word' id='word_1_464' title='bbox 1775 3152 1964 3214; x_wconf 84' lang='lat' dir='ltr'><strong>vegeta</strong></span> 
     </span>
    </p>
   </div>
   <div class='ocr_carea' id='block_1_65' title="bbox 391 3233 1968 3305">
    <p class='ocr_par' dir='ltr' id='par_1_65' title="bbox 391 3233 1968 3305">
     <span class='ocr_line' id='line_1_65' title="bbox 391 3233 1968 3305; baseline 0.002 -15"><span class='ocrx_word' id='word_1_465' title='bbox 391 3237 584 3298; x_wconf 80' lang='lat' dir='ltr'><strong>voluit.</strong></span> <span class='ocrx_word' id='word_1_466' title='bbox 624 3250 692 3291; x_wconf 91' lang='lat' dir='ltr'><strong>ne</strong></span> <span class='ocrx_word' id='word_1_467' title='bbox 718 3249 846 3305; x_wconf 88' lang='lat' dir='ltr'><strong>pars</strong></span> <span class='ocrx_word' id='word_1_468' title='bbox 877 3234 1052 3304; x_wconf 87' lang='lat' dir='ltr'><strong>ipsius</strong></span> <span class='ocrx_word' id='word_1_469' title='bbox 1084 3234 1193 3289; x_wconf 89' lang='lat' dir='ltr'><strong>ulla</strong></span> <span class='ocrx_word' id='word_1_470' title='bbox 1225 3233 1362 3290; x_wconf 76' lang='lat' dir='ltr'><strong>foret</strong></span> <span class='ocrx_word' id='word_1_471' title='bbox 1394 3234 1592 3301; x_wconf 88' lang='lat' dir='ltr'><strong>otiosa,</strong></span> <span class='ocrx_word' id='word_1_472' title='bbox 1624 3236 1708 3291; x_wconf 90' lang='lat' dir='ltr'><strong>vel</strong></span> <span class='ocrx_word' id='word_1_473' title='bbox 1738 3236 1869 3291; x_wconf 88' lang='lat' dir='ltr'><strong>nihil</strong></span> <span class='ocrx_word' id='word_1_474' title='bbox 1900 3238 1968 3293; x_wconf 87' lang='lat' dir='ltr'><strong>ad</strong></span> 
     </span>
    </p>
   </div>
   <div class='ocr_carea' id='block_1_66' title="bbox 384 3324 1969 3398">
    <p class='ocr_par' dir='ltr' id='par_1_66' title="bbox 384 3324 1969 3398">
     <span class='ocr_line' id='line_1_66' title="bbox 384 3324 1969 3398; baseline 0.002 -17"><span class='ocrx_word' id='word_1_475' title='bbox 384 3325 641 3396; x_wconf 87' lang='lat' dir='ltr'><strong>corporis</strong></span> <span class='ocrx_word' id='word_1_476' title='bbox 656 3324 898 3381; x_wconf 85' lang='lat' dir='ltr'><strong>universi</strong></span> <span class='ocrx_word' id='word_1_477' title='bbox 925 3325 1218 3381; x_wconf 84' lang='lat' dir='ltr'><strong>utilitatem</strong></span> <span class='ocrx_word' id='word_1_478' title='bbox 1244 3325 1704 3382; x_wconf 82' lang='lat' dir='ltr'><strong>subministraret.</strong></span> <span class='ocrx_word' id='word_1_479' title='bbox 1731 3326 1969 3398; x_wconf 83' lang='lat' dir='ltr'><strong>Eamque</strong></span> 
     </span>
    </p>
   </div>
   <div class='ocr_carea' id='block_1_67' title="bbox 364 3415 1967 3490">
    <p class='ocr_par' dir='ltr' id='par_1_67' title="bbox 364 3415 1967 3490">
     <span class='ocr_line' id='line_1_67' title="bbox 364 3415 1967 3490; baseline 0.002 -20"><span class='ocrx_word' id='word_1_480' title='bbox 364 3417 458 3477; x_wconf 74' lang='lat' dir='ltr'><strong>.ob</strong></span> <span class='ocrx_word' id='word_1_481' title='bbox 484 3430 599 3470; x_wconf 87' lang='lat' dir='ltr'><strong>rem</strong></span> <span class='ocrx_word' id='word_1_482' title='bbox 630 3415 941 3486; x_wconf 87' lang='lat' dir='ltr'><strong>pulmonem</strong></span> <span class='ocrx_word' id='word_1_483' title='bbox 974 3417 1277 3487; x_wconf 76' lang='lat' dir='ltr'><strong>posteriore</strong></span> <span class='ocrx_word' id='word_1_484' title='bbox 1311 3417 1396 3473; x_wconf 93' lang='lat' dir='ltr'><strong>sui</strong></span> <span class='ocrx_word' id='word_1_485' title='bbox 1424 3426 1576 3488; x_wconf 88' lang='lat' dir='ltr'><strong>parte</strong></span> <span class='ocrx_word' id='word_1_486' title='bbox 1623 3420 1967 3490; x_wconf 87' lang='lat' dir='ltr'><strong>contingens,</strong></span> 
     </span>
    </p>
   </div>
   <div class='ocr_carea' id='block_1_68' title="bbox 386 3496 1968 3578">
    <p class='ocr_par' dir='ltr' id='par_1_68' title="bbox 386 3496 1968 3578">
     <span class='ocr_line' id='line_1_68' title="bbox 386 3496 1968 3578; baseline 0.003 -15"><span class='ocrx_word' id='word_1_487' title='bbox 386 3515 649 3578; x_wconf 86' lang='lat' dir='ltr'><strong>perpetuo</strong></span> <span class='ocrx_word' id='word_1_488' title='bbox 693 3508 878 3565; x_wconf 81' lang='lat' dir='ltr'><strong>viscus</strong></span> <span class='ocrx_word' id='word_1_489' title='bbox 930 3508 1035 3564; x_wconf 91' lang='lat' dir='ltr'><strong>hoc</strong></span> <span class='ocrx_word' id='word_1_490' title='bbox 1090 3516 1241 3565; x_wconf 93' lang='lat' dir='ltr'><strong>motu</strong></span> <span class='ocrx_word' id='word_1_491' title='bbox 1295 3509 1538 3575; x_wconf 85' lang='lat' dir='ltr'><strong>attrahit,</strong></span> <span class='ocrx_word' id='word_1_492' title='bbox 1604 3525 1667 3567; x_wconf 86' lang='lat' dir='ltr'><strong>ac</strong></span> <span class='ocrx_word' id='word_1_493' title='bbox 1726 3496 1968 3567; x_wconf 84' lang='lat' dir='ltr'><strong>vicissim</strong></span> 
     </span>
    </p>
   </div>
   <div class='ocr_carea' id='block_1_69' title="bbox 384 3600 1970 3673">
    <p class='ocr_par' dir='ltr' id='par_1_69' title="bbox 384 3600 1970 3673">
     <span class='ocr_line' id='line_1_69' title="bbox 384 3600 1970 3673; baseline 0.003 -18"><span class='ocrx_word' id='word_1_494' title='bbox 384 3611 599 3657; x_wconf 87' lang='lat' dir='ltr'><strong>meatus</strong></span> <span class='ocrx_word' id='word_1_495' title='bbox 648 3614 837 3656; x_wconf 88' lang='lat' dir='ltr'><strong>omnes</strong></span> <span class='ocrx_word' id='word_1_496' title='bbox 892 3600 1058 3673; x_wconf 85' lang='lat' dir='ltr'><strong>hujus</strong></span> <span class='ocrx_word' id='word_1_497' title='bbox 1105 3602 1188 3657; x_wconf 88' lang='lat' dir='ltr'><strong>vel</strong></span> <span class='ocrx_word' id='word_1_498' title='bbox 1228 3601 1427 3659; x_wconf 88' lang='lat' dir='ltr'><strong>hausto</strong></span> <span class='ocrx_word' id='word_1_499' title='bbox 1470 3619 1596 3659; x_wconf 87' lang='lat' dir='ltr'><strong>aere</strong></span> <span class='ocrx_word' id='word_1_500' title='bbox 1625 3603 1836 3669; x_wconf 85' lang='lat' dir='ltr'><strong>dilatat,</strong></span> <span class='ocrx_word' id='word_1_501' title='bbox 1886 3606 1970 3661; x_wconf 89' lang='lat' dir='ltr'><strong>vel</strong></span> 
     </span>
    </p>
   </div>
   <div class='ocr_carea' id='block_1_70' title="bbox 385 3693 1971 3765">
    <p class='ocr_par' dir='ltr' id='par_1_70' title="bbox 385 3693 1971 3765">
     <span class='ocr_line' id='line_1_70' title="bbox 385 3693 1971 3765; baseline 0.003 -18"><span class='ocrx_word' id='word_1_502' title='bbox 385 3694 716 3757; x_wconf 83' lang='lat' dir='ltr'><strong>remittendo</strong></span> <span class='ocrx_word' id='word_1_503' title='bbox 762 3693 911 3764; x_wconf 84' lang='lat' dir='ltr'><strong>quod</strong></span> <span class='ocrx_word' id='word_1_504' title='bbox 955 3704 1112 3750; x_wconf 89' lang='lat' dir='ltr'><strong>antea</strong></span> <span class='ocrx_word' id='word_1_505' title='bbox 1175 3705 1457 3765; x_wconf 86' lang='lat' dir='ltr'><strong>receperat</strong></span> <span class='ocrx_word' id='word_1_506' title='bbox 1498 3696 1738 3762; x_wconf 85' lang='lat' dir='ltr'><strong>expellit.</strong></span> <span class='ocrx_word' id='word_1_507' title='bbox 1807 3695 1971 3752; x_wconf 86' lang='lat' dir='ltr'><strong>Parte</strong></span> 
     </span>
    </p>
   </div>
   <div class='ocr_carea' id='block_1_71' title="bbox 387 3772 1967 3855">
    <p class='ocr_par' dir='ltr' id='par_1_71' title="bbox 387 3772 1967 3855">
     <span class='ocr_line' id='line_1_71' title="bbox 387 3772 1967 3855; baseline 0.002 -18"><span class='ocrx_word' id='word_1_508' title='bbox 387 3790 571 3839; x_wconf 81' lang='lat' dir='ltr'><strong>autem</strong></span> <span class='ocrx_word' id='word_1_509' title='bbox 603 3778 880 3850; x_wconf 80' lang='lat' dir='ltr'><strong>anteriOre</strong></span> <span class='ocrx_word' id='word_1_510' title='bbox 908 3784 1215 3849; x_wconf 87' lang='lat' dir='ltr'><strong>stomacho,</strong></span> <span class='ocrx_word' id='word_1_511' title='bbox 1242 3799 1349 3855; x_wconf 90' lang='lat' dir='ltr'><strong>qua</strong></span> <span class='ocrx_word' id='word_1_512' title='bbox 1377 3784 1424 3840; x_wconf 90' lang='lat' dir='ltr'><strong>is</strong></span> <span class='ocrx_word' id='word_1_513' title='bbox 1443 3772 1684 3854; x_wconf 74' lang='lat' dir='ltr'><strong>assurgit</strong></span> <span class='ocrx_word' id='word_1_514' title='bbox 1713 3785 1967 3850; x_wconf 80' lang='lat' dir='ltr'><strong>maxime,</strong></span> 
     </span>
    </p>
   </div>
   <div class='ocr_carea' id='block_1_72' title="bbox 388 3876 1972 3939">
    <p class='ocr_par' dir='ltr' id='par_1_72' title="bbox 388 3876 1972 3939">
     <span class='ocr_line' id='line_1_72' title="bbox 388 3876 1972 3939; baseline 0.001 -8"><span class='ocrx_word' id='word_1_515' title='bbox 388 3878 694 3938; x_wconf 86' lang='lat' dir='ltr'><strong>cohaerens.</strong></span> <span class='ocrx_word' id='word_1_516' title='bbox 728 3887 780 3931; x_wconf 88' lang='lat' dir='ltr'><strong>et</strong></span> <span class='ocrx_word' id='word_1_517' title='bbox 815 3876 960 3932; x_wconf 78' lang='lat' dir='ltr'><strong>fovet</strong></span> <span class='ocrx_word' id='word_1_518' title='bbox 1002 3877 1169 3939; x_wconf 89' lang='lat' dir='ltr'><strong>hunc,</strong></span> <span class='ocrx_word' id='word_1_519' title='bbox 1204 3884 1258 3932; x_wconf 86' lang='lat' dir='ltr'><strong>et</strong></span> <span class='ocrx_word' id='word_1_520' title='bbox 1289 3877 1524 3933; x_wconf 88' lang='lat' dir='ltr'><strong>habilem</strong></span> <span class='ocrx_word' id='word_1_521' title='bbox 1557 3877 1625 3932; x_wconf 88' lang='lat' dir='ltr'><strong>ad</strong></span> <span class='ocrx_word' id='word_1_522' title='bbox 1657 3876 1972 3934; x_wconf 83' lang='lat' dir='ltr'><strong>eﬂectiones</strong></span> 
     </span>
    </p>
   </div>
   <div class='ocr_carea' id='block_1_73' title="bbox 389 3967 1971 4039">
    <p class='ocr_par' dir='ltr' id='par_1_73' title="bbox 389 3967 1971 4039">
     <span class='ocr_line' id='line_1_73' title="bbox 389 3967 1971 4039; baseline -0.001 -15"><span class='ocrx_word' id='word_1_523' title='bbox 389 3983 520 4024; x_wconf 85' lang='lat' dir='ltr'><strong>suas</strong></span> <span class='ocrx_word' id='word_1_524' title='bbox 552 3967 729 4023; x_wconf 87' lang='lat' dir='ltr'><strong>reddit</strong></span> <span class='ocrx_word' id='word_1_525' title='bbox 768 3987 779 4021; x_wconf 92' lang='lat'>:</span> <span class='ocrx_word' id='word_1_526' title='bbox 832 3983 941 4022; x_wconf 85' lang='lat' dir='ltr'><strong>nun</strong></span> <span class='ocrx_word' id='word_1_527' title='bbox 985 3982 1096 4037; x_wconf 90' lang='lat' dir='ltr'><strong>quo</strong></span> <span class='ocrx_word' id='word_1_528' title='bbox 1143 3967 1397 4039; x_wconf 90' lang='lat' dir='ltr'><strong>spiritum</strong></span> <span class='ocrx_word' id='word_1_529' title='bbox 1448 3968 1541 4022; x_wconf 91' lang='lat' dir='ltr'><strong>ille</strong></span> <span class='ocrx_word' id='word_1_530' title='bbox 1578 3968 1838 4033; x_wconf 88' lang='lat' dir='ltr'><strong>attrahat,</strong></span> <span class='ocrx_word' id='word_1_531' title='bbox 1877 3970 1971 4023; x_wconf 89' lang='lat' dir='ltr'><strong>sed</strong></span> 
     </span>
    </p>
   </div>
   <div class='ocr_carea' id='block_1_74' title="bbox 388 4058 1971 4135">
    <p class='ocr_par' dir='ltr' id='par_1_74' title="bbox 388 4058 1971 4135">
     <span class='ocr_line' id='line_1_74' title="bbox 388 4058 1971 4135; baseline -0.003 -18"><span class='ocrx_word' id='word_1_532' title='bbox 388 4062 783 4135; x_wconf 70' lang='lat' dir='ltr'><strong>nutrimentum</strong></span> <span class='ocrx_word' id='word_1_533' title='bbox 822 4060 1070 4130; x_wconf 91' lang='lat' dir='ltr'><strong>corporis</strong></span> <span class='ocrx_word' id='word_1_534' title='bbox 1133 4060 1380 4130; x_wconf 86' lang='lat' dir='ltr'><strong>recipiat.</strong></span> <span class='ocrx_word' id='word_1_535' title='bbox 1429 4058 1563 4114; x_wconf 88' lang='lat' dir='ltr'><strong>Nam</strong></span> <span class='ocrx_word' id='word_1_536' title='bbox 1594 4058 1788 4114; x_wconf 66' lang='lat' dir='ltr'><strong>vicinae</strong></span> <span class='ocrx_word' id='word_1_537' title='bbox 1815 4060 1971 4130; x_wconf 80' lang='lat' dir='ltr'><strong>quasi</strong></span> 
     </span>
    </p>
   </div>
   <div class='ocr_carea' id='block_1_75' title="bbox 392 4151 1969 4226">
    <p class='ocr_par' dir='ltr' id='par_1_75' title="bbox 392 4151 1969 4226">
     <span class='ocr_line' id='line_1_75' title="bbox 392 4151 1969 4226; baseline -0.004 -15"><span class='ocrx_word' id='word_1_538' title='bbox 392 4156 544 4211; x_wconf 79' lang='lat' dir='ltr'><strong>fores</strong></span> <span class='ocrx_word' id='word_1_539' title='bbox 604 4162 754 4219; x_wconf 88' lang='lat' dir='ltr'><strong>sunt,</strong></span> <span class='ocrx_word' id='word_1_540' title='bbox 790 4168 886 4226; x_wconf 91' lang='lat' dir='ltr'><strong>per</strong></span> <span class='ocrx_word' id='word_1_541' title='bbox 936 4167 1074 4224; x_wconf 90' lang='lat' dir='ltr'><strong>quas</strong></span> <span class='ocrx_word' id='word_1_542' title='bbox 1104 4160 1156 4207; x_wconf 91' lang='lat' dir='ltr'><strong>et</strong></span> <span class='ocrx_word' id='word_1_543' title='bbox 1213 4153 1439 4221; x_wconf 88' lang='lat' dir='ltr'><strong>spiritus</strong></span> <span class='ocrx_word' id='word_1_544' title='bbox 1482 4159 1535 4206; x_wconf 90' lang='lat' dir='ltr'><strong>et</strong></span> <span class='ocrx_word' id='word_1_545' title='bbox 1571 4151 1969 4215; x_wconf 84' lang='lat' dir='ltr'><strong>nutrimentum</strong></span> 
     </span>
    </p>
   </div>
   <div class='ocr_carea' id='block_1_76' title="bbox 390 4227 1972 4317">
    <p class='ocr_par' dir='ltr' id='par_1_76' title="bbox 390 4227 1972 4317">
     <span class='ocr_line' id='line_1_76' title="bbox 390 4227 1972 4317; baseline -0.003 -14"><span class='ocrx_word' id='word_1_546' title='bbox 390 4227 632 4303; x_wconf 86' lang='lat' dir='ltr'><strong>hominis</strong></span> <span class='ocrx_word' id='word_1_547' title='bbox 661 4260 860 4317; x_wconf 90' lang='lat' dir='ltr'><strong>corpus</strong></span> <span class='ocrx_word' id='word_1_548' title='bbox 913 4243 1312 4316; x_wconf 87' lang='lat' dir='ltr'><strong>ingrediuntur.</strong></span> <span class='ocrx_word' id='word_1_549' title='bbox 1338 4241 1640 4314; x_wconf 88' lang='lat' dir='ltr'><strong>Utrumque</strong></span> <span class='ocrx_word' id='word_1_550' title='bbox 1667 4243 1972 4307; x_wconf 84' lang='lat' dir='ltr'><strong>membrum</strong></span> 
     </span>
    </p>
   </div>
   <div class='ocr_carea' id='block_1_77' title="bbox 391 4331 1969 4413">
    <p class='ocr_par' dir='ltr' id='par_1_77' title="bbox 391 4331 1969 4413">
     <span class='ocr_line' id='line_1_77' title="bbox 391 4331 1969 4413; baseline -0.003 -17"><span class='ocrx_word' id='word_1_551' title='bbox 391 4341 462 4411; x_wconf 66' lang='lat' dir='ltr'><strong>ab</strong></span> <span class='ocrx_word' id='word_1_552' title='bbox 494 4341 607 4396; x_wconf 91' lang='lat' dir='ltr'><strong>imo</strong></span> <span class='ocrx_word' id='word_1_553' title='bbox 630 4331 985 4413; x_wconf 71' lang='lat' dir='ltr'><strong>coniunctum</strong></span> <span class='ocrx_word' id='word_1_554' title='bbox 1010 4336 1189 4402; x_wconf 87' lang='lat' dir='ltr'><strong>alteri,</strong></span> <span class='ocrx_word' id='word_1_555' title='bbox 1226 4335 1524 4392; x_wconf 89' lang='lat' dir='ltr'><strong>secundum</strong></span> <span class='ocrx_word' id='word_1_556' title='bbox 1574 4333 1969 4406; x_wconf 77' lang='lat' dir='ltr'><strong>longitudinem</strong></span> 
     </span>
    </p>
   </div>
   <div class='ocr_carea' id='block_1_78' title="bbox 390 4398 2049 4502">
    <p class='ocr_par' dir='ltr' id='par_1_78' title="bbox 390 4398 2049 4502">
     <span class='ocr_line' id='line_1_78' title="bbox 390 4398 2049 4502; baseline -0.001 -17"><span class='ocrx_word' id='word_1_557' title='bbox 390 4408 612 4495; x_wconf 73' lang='lat' dir='ltr'><strong>sursum</strong></span> <span class='ocrx_word' id='word_1_558' title='bbox 650 4412 828 4502; x_wconf 64' lang='lat' dir='ltr'><strong>tendit</strong></span> <span class='ocrx_word' id='word_1_559' title='bbox 861 4448 874 4485; x_wconf 92' lang='lat'><strong>:</strong></span> <span class='ocrx_word' id='word_1_560' title='bbox 928 4436 1196 4500; x_wconf 89' lang='lat' dir='ltr'><strong>parteque</strong></span> <span class='ocrx_word' id='word_1_561' title='bbox 1242 4442 1496 4497; x_wconf 84' lang='lat' dir='ltr'><strong>suprema</strong></span> <span class='ocrx_word' id='word_1_562' title='bbox 1530 4428 1613 4483; x_wconf 88' lang='lat' dir='ltr'><strong>sui</strong></span> <span class='ocrx_word' id='word_1_563' title='bbox 1662 4442 1858 4484; x_wconf 89' lang='lat' dir='ltr'><strong>rursus</strong></span> <span class='ocrx_word' id='word_1_564' title='bbox 1886 4443 1971 4483; x_wconf 65' lang='lat' dir='ltr'><strong>eoa</strong></span> <span class='ocrx_word' id='word_1_565' title='bbox 2003 4398 2049 4460; x_wconf 70' lang='grc' dir='ltr'><strong>θ</strong></span> 
     </span>
    </p>
   </div>
   <div class='ocr_carea' id='block_1_79' title="bbox 391 4519 1969 4591">
    <p class='ocr_par' dir='ltr' id='par_1_79' title="bbox 391 4519 1969 4591">
     <span class='ocr_line' id='line_1_79' title="bbox 391 4519 1969 4591; baseline -0.001 -16"><span class='ocrx_word' id='word_1_566' title='bbox 391 4520 516 4575; x_wconf 83' lang='lat' dir='ltr'><strong>dem</strong></span> <span class='ocrx_word' id='word_1_567' title='bbox 549 4520 671 4574; x_wconf 89' lang='lat' dir='ltr'><strong>loco</strong></span> <span class='ocrx_word' id='word_1_568' title='bbox 696 4519 779 4591; x_wconf 83' lang='lat' dir='ltr'><strong>sic</strong></span> <span class='ocrx_word' id='word_1_569' title='bbox 805 4524 1230 4584; x_wconf 82' lang='lat' dir='ltr'><strong>connectuntur,</strong></span> <span class='ocrx_word' id='word_1_570' title='bbox 1251 4519 1484 4575; x_wconf 89' lang='lat' dir='ltr'><strong>utetiam</strong></span> <span class='ocrx_word' id='word_1_571' title='bbox 1508 4519 1750 4589; x_wconf 86' lang='lat' dir='ltr'><strong>ipsorum</strong></span> <span class='ocrx_word' id='word_1_572' title='bbox 1781 4520 1969 4575; x_wconf 91' lang='lat' dir='ltr'><strong>oscula</strong></span> 
     </span>
    </p>
   </div>
   <div class='ocr_carea' id='block_1_80' title="bbox 391 4607 1969 4683">
    <p class='ocr_par' dir='ltr' id='par_1_80' title="bbox 391 4607 1969 4683">
     <span class='ocr_line' id='line_1_80' title="bbox 391 4607 1969 4683; baseline 0.001 -17"><span class='ocrx_word' id='word_1_573' title='bbox 391 4609 742 4683; x_wconf 75' lang='lat' dir='ltr'><strong>conveniant,</strong></span> <span class='ocrx_word' id='word_1_574' title='bbox 781 4607 1163 4666; x_wconf 88' lang='lat' dir='ltr'><strong>desinentibus</strong></span> <span class='ocrx_word' id='word_1_575' title='bbox 1221 4611 1276 4665; x_wconf 93' lang='lat' dir='ltr'><strong>in</strong></span> <span class='ocrx_word' id='word_1_576' title='bbox 1310 4624 1405 4665; x_wconf 89' lang='lat' dir='ltr'><strong>ore</strong></span> <span class='ocrx_word' id='word_1_577' title='bbox 1448 4619 1640 4667; x_wconf 90' lang='lat' dir='ltr'><strong>nostro</strong></span> <span class='ocrx_word' id='word_1_578' title='bbox 1687 4613 1969 4667; x_wconf 87' lang='lat' dir='ltr'><strong>amborum</strong></span> 
     </span>
    </p>
   </div>
   <div class='ocr_carea' id='block_1_81' title="bbox 390 4699 1969 4774">
    <p class='ocr_par' dir='ltr' id='par_1_81' title="bbox 390 4699 1969 4774">
     <span class='ocr_line' id='line_1_81' title="bbox 390 4699 1969 4774; baseline 0.003 -22"><span class='ocrx_word' id='word_1_579' title='bbox 390 4699 882 4766; x_wconf 83' lang='lat' dir='ltr'><strong>veluticanalibus,</strong></span> <span class='ocrx_word' id='word_1_580' title='bbox 915 4713 1153 4772; x_wconf 77' lang='lat' dir='ltr'><strong>quorum</strong></span> <span class='ocrx_word' id='word_1_581' title='bbox 1188 4700 1326 4768; x_wconf 85' lang='lat' dir='ltr'><strong>alter</strong></span> <span class='ocrx_word' id='word_1_582' title='bbox 1355 4700 1674 4757; x_wconf 89' lang='lat' dir='ltr'><strong>alimentum</strong></span> <span class='ocrx_word' id='word_1_583' title='bbox 1699 4705 1969 4774; x_wconf 90' lang='lat' dir='ltr'><strong>corporis,</strong></span> 
     </span>
    </p>
   </div>
   <div class='ocr_carea' id='block_1_82' title="bbox 390 4791 1971 4871">
    <p class='ocr_par' dir='ltr' id='par_1_82' title="bbox 390 4791 1971 4871">
     <span class='ocr_line' id='line_1_82' title="bbox 390 4791 1971 4871; baseline 0.002 -24"><span class='ocrx_word' id='word_1_584' title='bbox 390 4793 528 4871; x_wconf 78' lang='lat' dir='ltr'><strong>alter</strong></span> <span class='ocrx_word' id='word_1_585' title='bbox 552 4793 803 4864; x_wconf 86' lang='lat' dir='ltr'><strong>spiritum</strong></span> <span class='ocrx_word' id='word_1_586' title='bbox 835 4791 1169 4848; x_wconf 86' lang='lat' dir='ltr'><strong>intromittit.</strong></span> <span class='ocrx_word' id='word_1_587' title='bbox 1198 4793 1307 4848; x_wconf 85' lang='lat' dir='ltr'><strong>ima</strong></span> <span class='ocrx_word' id='word_1_588' title='bbox 1335 4793 1552 4864; x_wconf 87' lang='lat' dir='ltr'><strong>quidem</strong></span> <span class='ocrx_word' id='word_1_589' title='bbox 1581 4794 1635 4849; x_wconf 88' lang='lat' dir='ltr'><strong>in</strong></span> <span class='ocrx_word' id='word_1_590' title='bbox 1668 4802 1820 4866; x_wconf 89' lang='lat' dir='ltr'><strong>parte</strong></span> <span class='ocrx_word' id='word_1_591' title='bbox 1845 4803 1971 4850; x_wconf 88' lang='lat' dir='ltr'><strong>tan-</strong></span> 
     </span>
    </p>
   </div>
   <div class='ocr_carea' id='block_1_83' title="bbox 390 4874 1969 4959">
    <p class='ocr_par' dir='ltr' id='par_1_83' title="bbox 390 4874 1969 4959">
     <span class='ocr_line' id='line_1_83' title="bbox 390 4874 1969 4959; baseline 0.001 -20"><span class='ocrx_word' id='word_1_592' title='bbox 390 4884 512 4939; x_wconf 86' lang='lat' dir='ltr'><strong>dem</strong></span> <span class='ocrx_word' id='word_1_593' title='bbox 534 4884 650 4959; x_wconf 67' lang='lat' dir='ltr'><strong>haec</strong></span> <span class='ocrx_word' id='word_1_594' title='bbox 677 4892 952 4940; x_wconf 88' lang='lat' dir='ltr'><strong>meatuum</strong></span> <span class='ocrx_word' id='word_1_595' title='bbox 978 4883 1296 4954; x_wconf 86' lang='lat' dir='ltr'><strong>conjunctio</strong></span> <span class='ocrx_word' id='word_1_596' title='bbox 1311 4874 1654 4941; x_wconf 84' lang='lat' dir='ltr'><strong>dissolvitur.</strong></span> <span class='ocrx_word' id='word_1_597' title='bbox 1682 4884 1792 4941; x_wconf 89' lang='lat' dir='ltr'><strong>Cor</strong></span> <span class='ocrx_word' id='word_1_598' title='bbox 1821 4886 1969 4941; x_wconf 89' lang='lat' dir='ltr'><strong>enim</strong></span> 
     </span>
    </p>
   </div>
   <div class='ocr_carea' id='block_1_84' title="bbox 389 4976 1968 5047">
    <p class='ocr_par' dir='ltr' id='par_1_84' title="bbox 389 4976 1968 5047">
     <span class='ocr_line' id='line_1_84' title="bbox 389 4976 1968 5047; baseline 0 -16"><span class='ocrx_word' id='word_1_599' title='bbox 389 4977 511 5031; x_wconf 90' lang='lat' dir='ltr'><strong>loco</strong></span> <span class='ocrx_word' id='word_1_600' title='bbox 548 4976 692 5032; x_wconf 90' lang='lat' dir='ltr'><strong>inter</strong></span> <span class='ocrx_word' id='word_1_601' title='bbox 721 4976 1085 5031; x_wconf 85' lang='lat' dir='ltr'><strong>ventriculum</strong></span> <span class='ocrx_word' id='word_1_602' title='bbox 1139 4976 1564 5047; x_wconf 91' lang='lat' dir='ltr'><strong>pulmonemque</strong></span> <span class='ocrx_word' id='word_1_603' title='bbox 1602 4977 1782 5032; x_wconf 86' lang='lat' dir='ltr'><strong>medio</strong></span> <span class='ocrx_word' id='word_1_604' title='bbox 1828 4977 1968 5033; x_wconf 84' lang='lat' dir='ltr'><strong>insi—</strong></span> 
     </span>
    </p>
   </div>
   <div class='ocr_carea' id='block_1_85' title="bbox 390 5065 1967 5135">
    <p class='ocr_par' dir='ltr' id='par_1_85' title="bbox 390 5065 1967 5135">
     <span class='ocr_line' id='line_1_85' title="bbox 390 5065 1967 5135; baseline 0.003 -14"><span class='ocrx_word' id='word_1_605' title='bbox 390 5065 547 5131; x_wconf 83' lang='lat' dir='ltr'><strong>dens,</strong></span> <span class='ocrx_word' id='word_1_606' title='bbox 578 5066 707 5122; x_wconf 91' lang='lat' dir='ltr'><strong>huic</strong></span> <span class='ocrx_word' id='word_1_607' title='bbox 744 5065 966 5135; x_wconf 89' lang='lat' dir='ltr'><strong>quidem</strong></span> <span class='ocrx_word' id='word_1_608' title='bbox 992 5065 1322 5135; x_wconf 85' lang='lat' dir='ltr'><strong>respirandi,</strong></span> <span class='ocrx_word' id='word_1_609' title='bbox 1354 5066 1432 5120; x_wconf 91' lang='lat' dir='ltr'><strong>illi</strong></span> <span class='ocrx_word' id='word_1_610' title='bbox 1480 5081 1611 5133; x_wconf 82' lang='lat' dir='ltr'><strong>vero</strong></span> <span class='ocrx_word' id='word_1_611' title='bbox 1646 5068 1967 5125; x_wconf 88' lang='lat' dir='ltr'><strong>nutrimenti</strong></span> 
     </span>
    </p>
   </div>
   <div class='ocr_carea' id='block_1_86' title="bbox 391 5155 1969 5231">
    <p class='ocr_par' dir='ltr' id='par_1_86' title="bbox 391 5155 1969 5231">
     <span class='ocr_line' id='line_1_86' title="bbox 391 5155 1969 5231; baseline 0.003 -20"><span class='ocrx_word' id='word_1_612' title='bbox 391 5155 717 5231; x_wconf 77' lang='lat' dir='ltr'><strong>conﬁciendi</strong></span> <span class='ocrx_word' id='word_1_613' title='bbox 751 5156 1067 5213; x_wconf 81' lang='lat' dir='ltr'><strong>facultatem</strong></span> <span class='ocrx_word' id='word_1_614' title='bbox 1107 5155 1358 5228; x_wconf 78' lang='lat' dir='ltr'><strong>largitur.</strong></span> <span class='ocrx_word' id='word_1_615' title='bbox 1406 5156 1538 5211; x_wconf 87' lang='lat' dir='ltr'><strong>Nam</strong></span> <span class='ocrx_word' id='word_1_616' title='bbox 1572 5157 1789 5227; x_wconf 91' lang='lat' dir='ltr'><strong>igneum</strong></span> <span class='ocrx_word' id='word_1_617' title='bbox 1824 5161 1969 5229; x_wconf 89' lang='lat' dir='ltr'><strong>quod</strong></span> 
     </span>
    </p>
   </div>
   <div class='ocr_carea' id='block_1_87' title="bbox 390 5249 1970 5326">
    <p class='ocr_par' dir='ltr' id='par_1_87' title="bbox 390 5249 1970 5326">
     <span class='ocr_line' id='line_1_87' title="bbox 390 5249 1970 5326; baseline 0.002 -23"><span class='ocrx_word' id='word_1_618' title='bbox 390 5258 497 5314; x_wconf 88' lang='lat' dir='ltr'><strong>est,</strong></span> <span class='ocrx_word' id='word_1_619' title='bbox 532 5249 612 5304; x_wconf 90' lang='lat' dir='ltr'><strong>sic</strong></span> <span class='ocrx_word' id='word_1_620' title='bbox 646 5265 675 5302; x_wconf 83' lang='lat' dir='ltr'><strong>a</strong></span> <span class='ocrx_word' id='word_1_621' title='bbox 732 5259 932 5305; x_wconf 89' lang='lat' dir='ltr'><strong>natura</strong></span> <span class='ocrx_word' id='word_1_622' title='bbox 977 5257 1063 5305; x_wconf 89' lang='lat' dir='ltr'><strong>est</strong></span> <span class='ocrx_word' id='word_1_623' title='bbox 1116 5257 1515 5326; x_wconf 87' lang='lat' dir='ltr'><strong>comparatum,</strong></span> <span class='ocrx_word' id='word_1_624' title='bbox 1578 5258 1635 5303; x_wconf 90' lang='lat' dir='ltr'><strong>ut</strong></span> <span class='ocrx_word' id='word_1_625' title='bbox 1687 5253 1970 5315; x_wconf 77' lang='lat' dir='ltr'><strong>materiem</strong></span> 
     </span>
    </p>
   </div>
   <div class='ocr_carea' id='block_1_88' title="bbox 391 5338 1973 5413">
    <p class='ocr_par' dir='ltr' id='par_1_88' title="bbox 391 5338 1973 5413">
     <span class='ocr_line' id='line_1_88' title="bbox 391 5338 1973 5413; baseline 0.003 -20"><span class='ocrx_word' id='word_1_626' title='bbox 391 5339 548 5409; x_wconf 89' lang='lat' dir='ltr'><strong>quasi</strong></span> <span class='ocrx_word' id='word_1_627' title='bbox 586 5338 887 5396; x_wconf 78' lang='lat' dir='ltr'><strong>fomentum</strong></span> <span class='ocrx_word' id='word_1_628' title='bbox 920 5349 1126 5410; x_wconf 68' lang='lat' dir='ltr'><strong>quaerat</strong></span> <span class='ocrx_word' id='word_1_629' title='bbox 1162 5360 1177 5395; x_wconf 86' lang='lat'><strong>:</strong></span> <span class='ocrx_word' id='word_1_630' title='bbox 1210 5340 1261 5393; x_wconf 91' lang='lat' dir='ltr'><strong>id</strong></span> <span class='ocrx_word' id='word_1_631' title='bbox 1290 5338 1435 5413; x_wconf 90' lang='lat' dir='ltr'><strong>quod</strong></span> <span class='ocrx_word' id='word_1_632' title='bbox 1468 5340 1633 5394; x_wconf 91' lang='lat' dir='ltr'><strong>etiam</strong></span> <span class='ocrx_word' id='word_1_633' title='bbox 1663 5341 1771 5411; x_wconf 84' lang='lat' dir='ltr'><strong>cibi</strong></span> <span class='ocrx_word' id='word_1_634' title='bbox 1820 5357 1973 5398; x_wconf 85' lang='lat' dir='ltr'><strong>rece-</strong></span> 
     </span>
    </p>
   </div>
   <div class='ocr_carea' id='block_1_89' title="bbox 392 5431 1973 5508">
    <p class='ocr_par' dir='ltr' id='par_1_89' title="bbox 392 5431 1973 5508">
     <span class='ocr_line' id='line_1_89' title="bbox 392 5431 1973 5508; baseline 0.001 -20"><span class='ocrx_word' id='word_1_635' title='bbox 392 5431 613 5502; x_wconf 87' lang='lat' dir='ltr'><strong>ptaculo</strong></span> <span class='ocrx_word' id='word_1_636' title='bbox 648 5434 937 5489; x_wconf 87' lang='lat' dir='ltr'><strong>usuveniat</strong></span> <span class='ocrx_word' id='word_1_637' title='bbox 971 5448 1195 5490; x_wconf 88' lang='lat' dir='ltr'><strong>necesse</strong></span> <span class='ocrx_word' id='word_1_638' title='bbox 1227 5443 1332 5489; x_wconf 91' lang='lat' dir='ltr'><strong>est.</strong></span> <span class='ocrx_word' id='word_1_639' title='bbox 1356 5432 1573 5503; x_wconf 80' lang='lat' dir='ltr'><strong>Quanto</strong></span> <span class='ocrx_word' id='word_1_640' title='bbox 1626 5435 1768 5500; x_wconf 83' lang='lat' dir='ltr'><strong>enim</strong></span> <span class='ocrx_word' id='word_1_641' title='bbox 1801 5436 1973 5508; x_wconf 76' lang='lat' dir='ltr'><strong>magis</strong></span> 
     </span>
    </p>
   </div>
   <div class='ocr_carea' id='block_1_90' title="bbox 388 5519 1970 5591">
    <p class='ocr_par' dir='ltr' id='par_1_90' title="bbox 388 5519 1970 5591">
     <span class='ocr_line' id='line_1_90' title="bbox 388 5519 1970 5591; baseline 0.004 -15"><span class='ocrx_word' id='word_1_642' title='bbox 388 5520 465 5576; x_wconf 84' lang='lat' dir='ltr'><strong>ob</strong></span> <span class='ocrx_word' id='word_1_643' title='bbox 490 5519 694 5578; x_wconf 79' lang='lat' dir='ltr'><strong>caleris</strong></span> <span class='ocrx_word' id='word_1_644' title='bbox 737 5522 1073 5578; x_wconf 87' lang='lat' dir='ltr'><strong>vicinitatem</strong></span> <span class='ocrx_word' id='word_1_645' title='bbox 1116 5521 1370 5591; x_wconf 82' lang='lat' dir='ltr'><strong>ignescit.</strong></span> <span class='ocrx_word' id='word_1_646' title='bbox 1418 5531 1573 5577; x_wconf 90' lang='lat' dir='ltr'><strong>tanto</strong></span> <span class='ocrx_word' id='word_1_647' title='bbox 1617 5524 1831 5581; x_wconf 87' lang='lat' dir='ltr'><strong>avidius</strong></span> <span class='ocrx_word' id='word_1_648' title='bbox 1906 5541 1970 5582; x_wconf 86' lang='lat' dir='ltr'><strong>ea</strong></span> 
     </span>
    </p>
   </div>
   <div class='ocr_carea' id='block_1_91' title="bbox 399 5611 1971 5686">
    <p class='ocr_par' dir='ltr' id='par_1_91' title="bbox 399 5611 1971 5686">
     <span class='ocr_line' id='line_1_91' title="bbox 399 5611 1971 5686; baseline 0.003 -18"><span class='ocrx_word' id='word_1_649' title='bbox 399 5624 520 5683; x_wconf 71' lang='lat' dir='ltr'><strong>quae</strong></span> <span class='ocrx_word' id='word_1_650' title='bbox 554 5611 724 5669; x_wconf 85' lang='lat' dir='ltr'><strong>calori</strong></span> <span class='ocrx_word' id='word_1_651' title='bbox 774 5612 1067 5668; x_wconf 88' lang='lat' dir='ltr'><strong>nutriendo</strong></span> <span class='ocrx_word' id='word_1_652' title='bbox 1102 5621 1248 5676; x_wconf 87' lang='lat' dir='ltr'><strong>sunt,</strong></span> <span class='ocrx_word' id='word_1_653' title='bbox 1308 5613 1553 5678; x_wconf 87' lang='lat' dir='ltr'><strong>attrahit,</strong></span> <span class='ocrx_word' id='word_1_654' title='bbox 1612 5626 1801 5686; x_wconf 88' lang='lat' dir='ltr'><strong>estque</strong></span> <span class='ocrx_word' id='word_1_655' title='bbox 1843 5615 1971 5673; x_wconf 88' lang='lat' dir='ltr'><strong>huic</strong></span> 
     </span>
    </p>
   </div>
   <div class='ocr_carea' id='block_1_92' title="bbox 398 5698 1751 5792">
    <p class='ocr_par' dir='ltr' id='par_1_92' title="bbox 398 5698 1751 5792">
     <span class='ocr_line' id='line_1_92' title="bbox 398 5698 1751 5792; baseline 0.001 -34"><span class='ocrx_word' id='word_1_656' title='bbox 398 5698 611 5760; x_wconf 77' lang='lat' dir='ltr'><strong>naturae</strong></span> <span class='ocrx_word' id='word_1_657' title='bbox 628 5702 925 5774; x_wconf 69' lang='lat' dir='ltr'><strong>cupiditati</strong></span> <span class='ocrx_word' id='word_1_658' title='bbox 958 5716 1153 5759; x_wconf 81' lang='lat' dir='ltr'><strong>nomen</strong></span> <span class='ocrx_word' id='word_1_659' title='bbox 1192 5702 1419 5759; x_wconf 87' lang='lat' dir='ltr'><strong>inditum</strong></span> <span class='ocrx_word' id='word_1_660' title='bbox 1452 5702 1751 5792; x_wconf 67' lang='lat' dir='ltr'><strong>appetitus.</strong></span> 
     </span>
    </p>
   </div>
   <div class='ocr_carea' id='block_1_93' title="bbox 2066 3144 3622 3219">
    <p class='ocr_par' dir='ltr' id='par_1_93' title="bbox 2066 3144 3622 3219">
     <span class='ocr_line' id='line_1_93' title="bbox 2066 3144 3622 3219; baseline -0.003 -19"><span class='ocrx_word' id='word_1_661' title='bbox 2066 3148 2141 3210; x_wconf 81' lang='grc' dir='ltr'>ὡς</span> <span class='ocrx_word' id='word_1_662' title='bbox 2176 3148 2241 3202; x_wconf 83' lang='grc' dir='ltr'><strong>ἂν</strong></span> <span class='ocrx_word' id='word_1_663' title='bbox 2272 3148 2436 3219; x_wconf 77' lang='grc' dir='ltr'>μηδὲν</span> <span class='ocrx_word' id='word_1_664' title='bbox 2458 3146 2629 3218; x_wconf 80' lang='grc' dir='ltr'>αὐτῆς</span> <span class='ocrx_word' id='word_1_665' title='bbox 2668 3146 2835 3219; x_wconf 89' lang='grc' dir='ltr'>μέρος</span> <span class='ocrx_word' id='word_1_666' title='bbox 2876 3147 3155 3217; x_wconf 81' lang='grc' dir='ltr'>ἄπρακτόν</span> <span class='ocrx_word' id='word_1_667' title='bbox 3177 3165 3236 3201; x_wconf 88' lang='grc' dir='ltr'><strong>τε</strong></span> <span class='ocrx_word' id='word_1_668' title='bbox 3267 3148 3363 3203; x_wconf 74' lang='grc' dir='ltr'>καὶ</span> <span class='ocrx_word' id='word_1_669' title='bbox 3391 3144 3622 3212; x_wconf 83' lang='grc' dir='ltr'>ἀνόνητον</span> 
     </span>
    </p>
   </div>
   <div class='ocr_carea' id='block_1_94' title="bbox 2070 3231 3624 3310">
    <p class='ocr_par' dir='ltr' id='par_1_94' title="bbox 2070 3231 3624 3310">
     <span class='ocr_line' id='line_1_94' title="bbox 2070 3231 3624 3310; baseline -0.001 -19"><span class='ocrx_word' id='word_1_670' title='bbox 2070 3240 2205 3309; x_wconf 75' lang='grc' dir='ltr'>πρὸς</span> <span class='ocrx_word' id='word_1_671' title='bbox 2232 3240 2327 3310; x_wconf 83' lang='grc' dir='ltr'>τῂν</span> <span class='ocrx_word' id='word_1_672' title='bbox 2352 3238 2445 3293; x_wconf 82' lang='grc' dir='ltr'>τοῦ</span> <span class='ocrx_word' id='word_1_673' title='bbox 2508 3239 2711 3303; x_wconf 85' lang='grc' dir='ltr'>παντὸς</span> <span class='ocrx_word' id='word_1_674' title='bbox 2761 3239 3086 3309; x_wconf 73' lang='grc' dir='ltr'>ὀἰκονομίαν</span> <span class='ocrx_word' id='word_1_675' title='bbox 3119 3237 3518 3310; x_wconf 79' lang='grc' dir='ltr'>καταλειφθείη.</span> <span class='ocrx_word' id='word_1_676' title='bbox 3542 3231 3624 3286; x_wconf 80' lang='grc' dir='ltr'>Διά</span> 
     </span>
    </p>
   </div>
   <div class='ocr_carea' id='block_1_95' title="bbox 2068 3322 3623 3401">
    <p class='ocr_par' dir='ltr' id='par_1_95' title="bbox 2068 3322 3623 3401">
     <span class='ocr_line' id='line_1_95' title="bbox 2068 3322 3623 3401; baseline 0.003 -20"><span class='ocrx_word' id='word_1_677' title='bbox 2068 3330 2226 3385; x_wconf 78' lang='grc' dir='ltr'>τοῦτο</span> <span class='ocrx_word' id='word_1_678' title='bbox 2254 3322 2481 3384; x_wconf 80' lang='grc' dir='ltr'>κατόπιν</span> <span class='ocrx_word' id='word_1_679' title='bbox 2531 3331 2629 3400; x_wconf 85' lang='grc' dir='ltr'>μὲν</span> <span class='ocrx_word' id='word_1_680' title='bbox 2664 3330 2913 3384; x_wconf 76' lang='grc' dir='ltr'>ὑποδᾶσα</span> <span class='ocrx_word' id='word_1_681' title='bbox 2955 3331 3046 3384; x_wconf 84' lang='grc' dir='ltr'><strong>τὸν</strong></span> <span class='ocrx_word' id='word_1_682' title='bbox 3085 3331 3398 3401; x_wconf 85' lang='grc' dir='ltr'>πνεύμονα,</span> <span class='ocrx_word' id='word_1_683' title='bbox 3431 3325 3623 3393; x_wconf 42' lang='grc' dir='ltr'>διάκτῆς</span> 
     </span>
    </p>
   </div>
   <div class='ocr_carea' id='block_1_96' title="bbox 2069 3415 3624 3495">
    <p class='ocr_par' dir='ltr' id='par_1_96' title="bbox 2069 3415 3624 3495">
     <span class='ocr_line' id='line_1_96' title="bbox 2069 3415 3624 3495; baseline -0.005 -20"><span class='ocrx_word' id='word_1_684' title='bbox 2069 3422 2343 3493; x_wconf 81' lang='grc' dir='ltr'>διηνεκοῦς</span> <span class='ocrx_word' id='word_1_685' title='bbox 2391 3424 2677 3495; x_wconf 78' lang='grc' dir='ltr'>κινήσεως,</span> <span class='ocrx_word' id='word_1_686' title='bbox 2720 3422 3060 3489; x_wconf 73' lang='grc' dir='ltr'>καθέλκουσά</span> <span class='ocrx_word' id='word_1_687' title='bbox 3098 3440 3156 3475; x_wconf 87' lang='grc' dir='ltr'><strong>τε</strong></span> <span class='ocrx_word' id='word_1_688' title='bbox 3206 3423 3343 3493; x_wconf 80' lang='grc' dir='ltr'>πρὸς</span> <span class='ocrx_word' id='word_1_689' title='bbox 3371 3420 3553 3489; x_wconf 76' lang='grc' dir='ltr'>ἑαυτὴν</span> <span class='ocrx_word' id='word_1_690' title='bbox 3573 3415 3624 3469; x_wconf 81' lang='grc' dir='ltr'><strong>τὸ</strong></span> 
     </span>
    </p>
   </div>
   <div class='ocr_carea' id='block_1_97' title="bbox 2073 3507 3625 3587">
    <p class='ocr_par' dir='ltr' id='par_1_97' title="bbox 2073 3507 3625 3587">
     <span class='ocr_line' id='line_1_97' title="bbox 2073 3507 3625 3587; baseline -0.004 -20"><span class='ocrx_word' id='word_1_691' title='bbox 2073 3513 2398 3585; x_wconf 78' lang='grc' dir='ltr'>σπλάγχνον,</span> <span class='ocrx_word' id='word_1_692' title='bbox 2428 3514 2711 3587; x_wconf 85' lang='grc' dir='ltr'>ἀνευρύνει</span> <span class='ocrx_word' id='word_1_693' title='bbox 2743 3514 2876 3584; x_wconf 75' lang='grc' dir='ltr'>πρὸς</span> <span class='ocrx_word' id='word_1_694' title='bbox 2898 3513 2995 3583; x_wconf 83' lang='grc' dir='ltr'>τὴν</span> <span class='ocrx_word' id='word_1_695' title='bbox 3024 3514 3190 3585; x_wconf 83' lang='grc' dir='ltr'>ὁλκὴν</span> <span class='ocrx_word' id='word_1_696' title='bbox 3213 3512 3311 3566; x_wconf 82' lang='grc' dir='ltr'>τοῦ</span> <span class='ocrx_word' id='word_1_697' title='bbox 3339 3514 3492 3583; x_wconf 76' lang='grc' dir='ltr'>ἀέρος</span> <span class='ocrx_word' id='word_1_698' title='bbox 3517 3507 3625 3561; x_wconf 67' lang='lat' dir='ltr'><strong>mili:</strong></span> 
     </span>
    </p>
   </div>
   <div class='ocr_carea' id='block_1_98' title="bbox 2073 3602 3622 3677">
    <p class='ocr_par' dir='ltr' id='par_1_98' title="bbox 2073 3602 3622 3677">
     <span class='ocr_line' id='line_1_98' title="bbox 2073 3602 3622 3677; baseline -0.005 -21"><span class='ocrx_word' id='word_1_699' title='bbox 2073 3605 2294 3677; x_wconf 80' lang='grc' dir='ltr'>πόρους,</span> <span class='ocrx_word' id='word_1_700' title='bbox 2318 3603 2673 3675; x_wconf 76' lang='grc' dir='ltr'>ἀνοχλίζουσά</span> <span class='ocrx_word' id='word_1_701' title='bbox 2700 3620 2758 3656; x_wconf 88' lang='grc' dir='ltr'><strong>τε</strong></span> <span class='ocrx_word' id='word_1_702' title='bbox 2788 3602 2951 3657; x_wconf 84' lang='grc' dir='ltr'>πάλιν</span> <span class='ocrx_word' id='word_1_703' title='bbox 2974 3603 3293 3657; x_wconf 77' lang='grc' dir='ltr'>ἐκπνεῖσθαι</span> <span class='ocrx_word' id='word_1_704' title='bbox 3332 3604 3390 3657; x_wconf 78' lang='grc' dir='ltr'><strong>τὸ</strong></span> <span class='ocrx_word' id='word_1_705' title='bbox 3432 3603 3622 3654; x_wconf 88' lang='grc' dir='ltr'>ἐναπει-</span> 
     </span>
    </p>
   </div>
   <div class='ocr_carea' id='block_1_99' title="bbox 2073 3691 3620 3770">
    <p class='ocr_par' dir='ltr' id='par_1_99' title="bbox 2073 3691 3620 3770">
     <span class='ocr_line' id='line_1_99' title="bbox 2073 3691 3620 3770; baseline -0.006 -20"><span class='ocrx_word' id='word_1_706' title='bbox 2073 3698 2343 3770; x_wconf 85' lang='grc' dir='ltr'>λημμένον</span> <span class='ocrx_word' id='word_1_707' title='bbox 2367 3694 2795 3768; x_wconf 76' lang='grc' dir='ltr'>παρασκευάζει.</span> <span class='ocrx_word' id='word_1_708' title='bbox 2848 3694 2934 3748; x_wconf 81' lang='grc' dir='ltr'>Ἐν</span> <span class='ocrx_word' id='word_1_709' title='bbox 2965 3694 3021 3747; x_wconf 83' lang='grc' dir='ltr'>δὲ</span> <span class='ocrx_word' id='word_1_710' title='bbox 3049 3696 3159 3758; x_wconf 87' lang='grc' dir='ltr'>τοῖς</span> <span class='ocrx_word' id='word_1_711' title='bbox 3178 3692 3483 3766; x_wconf 75' lang='grc' dir='ltr'>ἔμπροσθεν</span> <span class='ocrx_word' id='word_1_712' title='bbox 3509 3691 3620 3743; x_wconf 66' lang='lat' dir='ltr'><strong>tau-</strong></span> 
     </span>
    </p>
   </div>
   <div class='ocr_carea' id='block_1_100' title="bbox 2072 3772 3622 3873">
    <p class='ocr_par' dir='ltr' id='par_1_100' title="bbox 2072 3772 3622 3873">
     <span class='ocr_line' id='line_1_100' title="bbox 2072 3772 3622 3873; baseline -0.008 -31"><span class='ocrx_word' id='word_1_713' title='bbox 2072 3789 2172 3858; x_wconf 85' lang='grc' dir='ltr'><strong>τῆς</strong></span> <span class='ocrx_word' id='word_1_714' title='bbox 2207 3772 2547 3859; x_wconf 78' lang='grc' dir='ltr'>προσφυείσα</span> <span class='ocrx_word' id='word_1_715' title='bbox 2569 3786 2645 3856; x_wconf 81' lang='grc' dir='ltr'>τῷ</span> <span class='ocrx_word' id='word_1_716' title='bbox 2680 3786 2968 3857; x_wconf 82' lang='grc' dir='ltr'>χωρήματι</span> <span class='ocrx_word' id='word_1_717' title='bbox 3000 3785 3097 3856; x_wconf 89' lang='grc' dir='ltr'><strong>τῆς</strong></span> <span class='ocrx_word' id='word_1_718' title='bbox 3125 3786 3236 3840; x_wconf 78' lang='grc' dir='ltr'>ἀνω</span> <span class='ocrx_word' id='word_1_719' title='bbox 3276 3782 3523 3873; x_wconf 45' lang='grc' dir='ltr'>γαστρέδς,</span> <span class='ocrx_word' id='word_1_720' title='bbox 3549 3777 3622 3873; x_wconf 78' lang='grc' dir='ltr'>ἐν·</span> 
     </span>
    </p>
   </div>
   <div class='ocr_carea' id='block_1_101' title="bbox 2075 3868 3624 3949">
    <p class='ocr_par' dir='ltr' id='par_1_101' title="bbox 2075 3868 3624 3949">
     <span class='ocr_line' id='line_1_101' title="bbox 2075 3868 3624 3949; baseline -0.006 -18"><span class='ocrx_word' id='word_1_721' title='bbox 2075 3878 2275 3949; x_wconf 83' lang='grc' dir='ltr'>θερμόν</span> <span class='ocrx_word' id='word_1_722' title='bbox 2300 3879 2490 3948; x_wconf 76' lang='grc' dir='ltr'>αὐτὴν,</span> <span class='ocrx_word' id='word_1_723' title='bbox 2523 3877 2770 3947; x_wconf 72' lang='grc' dir='ltr'>καὶπρὸς</span> <span class='ocrx_word' id='word_1_724' title='bbox 2799 3873 2894 3938; x_wconf 78' lang='grc' dir='ltr'>τὰς</span> <span class='ocrx_word' id='word_1_725' title='bbox 2922 3875 3053 3939; x_wconf 80' lang='grc' dir='ltr'>ιδίας</span> <span class='ocrx_word' id='word_1_726' title='bbox 3095 3876 3372 3947; x_wconf 77' lang='grc' dir='ltr'>ἐνεργείας</span> <span class='ocrx_word' id='word_1_727' title='bbox 3402 3868 3624 3939; x_wconf 81' lang='grc' dir='ltr'>κινουμέ-</span> 
     </span>
    </p>
   </div>
   <div class='ocr_carea' id='block_1_102' title="bbox 2075 3956 3622 4040">
    <p class='ocr_par' dir='ltr' id='par_1_102' title="bbox 2075 3956 3622 4040">
     <span class='ocr_line' id='line_1_102' title="bbox 2075 3956 3622 4040; baseline -0.006 -17"><span class='ocrx_word' id='word_1_728' title='bbox 2075 3988 2170 4040; x_wconf 90' lang='grc' dir='ltr'><strong>νην</strong></span> <span class='ocrx_word' id='word_1_729' title='bbox 2196 3972 2372 4023; x_wconf 84' lang='grc' dir='ltr'>ποιεῖ’</span> <span class='ocrx_word' id='word_1_730' title='bbox 2404 3971 2502 4021; x_wconf 78' lang='grc' dir='ltr'><strong>οὐκ</strong></span> <span class='ocrx_word' id='word_1_731' title='bbox 2530 3970 2608 4033; x_wconf 86' lang='grc' dir='ltr'><strong>είς</strong></span> <span class='ocrx_word' id='word_1_732' title='bbox 2639 3970 2946 4040; x_wconf 85' lang='grc' dir='ltr'>πνεύματος</span> <span class='ocrx_word' id='word_1_733' title='bbox 2964 3968 3127 4040; x_wconf 84' lang='grc' dir='ltr'>ὁλκὴν</span> <span class='ocrx_word' id='word_1_734' title='bbox 3142 3956 3622 4039; x_wconf 76' lang='grc' dir='ltr'>ἀνεγείρουσα,ἀλλ⁴</span> 
     </span>
    </p>
   </div>
   <div class='ocr_carea' id='block_1_103' title="bbox 2075 4051 3625 4133">
    <p class='ocr_par' dir='ltr' id='par_1_103' title="bbox 2075 4051 3625 4133">
     <span class='ocr_line' id='line_1_103' title="bbox 2075 4051 3625 4133; baseline -0.005 -18"><span class='ocrx_word' id='word_1_735' title='bbox 2075 4065 2155 4126; x_wconf 87' lang='grc' dir='ltr'><strong>είς</strong></span> <span class='ocrx_word' id='word_1_736' title='bbox 2212 4060 2477 4133; x_wconf 79' lang='grc' dir='ltr'>ὑποδοχὴν</span> <span class='ocrx_word' id='word_1_737' title='bbox 2522 4062 2620 4131; x_wconf 91' lang='grc' dir='ltr'><strong>τῆς</strong></span> <span class='ocrx_word' id='word_1_738' title='bbox 2659 4061 2995 4133; x_wconf 72' lang='grc' dir='ltr'>καταλλήλω</span> <span class='ocrx_word' id='word_1_739' title='bbox 3026 4060 3251 4131; x_wconf 77' lang='grc' dir='ltr'>τροφῆς.</span> <span class='ocrx_word' id='word_1_740' title='bbox 3293 4058 3518 4131; x_wconf 81' lang='grc' dir='ltr'>Πλησίον</span> <span class='ocrx_word' id='word_1_741' title='bbox 3543 4051 3625 4123; x_wconf 82' lang='grc' dir='ltr'>μὲν</span> 
     </span>
    </p>
   </div>
   <div class='ocr_carea' id='block_1_104' title="bbox 2075 4146 3624 4224">
    <p class='ocr_par' dir='ltr' id='par_1_104' title="bbox 2075 4146 3624 4224">
     <span class='ocr_line' id='line_1_104' title="bbox 2075 4146 3624 4224; baseline -0.007 -15"><span class='ocrx_word' id='word_1_742' title='bbox 2075 4153 2184 4224; x_wconf 70' lang='grc' dir='ltr'><strong>γάρ</strong></span> <span class='ocrx_word' id='word_1_743' title='bbox 2214 4152 2521 4222; x_wconf 68' lang='grc' dir='ltr'>πεφύκασιν</span> <span class='ocrx_word' id='word_1_744' title='bbox 2543 4153 2786 4223; x_wconf 84' lang='grc' dir='ltr'>ἀλλήλων</span> <span class='ocrx_word' id='word_1_745' title='bbox 2818 4153 2874 4207; x_wconf 78' lang='lat' dir='ltr'><strong>al</strong></span> <span class='ocrx_word' id='word_1_746' title='bbox 2906 4151 3099 4206; x_wconf 78' lang='grc' dir='ltr'>εἴσοδοι</span> <span class='ocrx_word' id='word_1_747' title='bbox 3136 4150 3230 4208; x_wconf 81' lang='grc' dir='ltr'>τοῦ</span> <span class='ocrx_word' id='word_1_748' title='bbox 3255 4146 3549 4220; x_wconf 82' lang='grc' dir='ltr'>πνεύματός</span> <span class='ocrx_word' id='word_1_749' title='bbox 3574 4159 3624 4195; x_wconf 83' lang='grc' dir='ltr'><strong>τε</strong></span> 
     </span>
    </p>
   </div>
   <div class='ocr_carea' id='block_1_105' title="bbox 2076 4233 3723 4323">
    <p class='ocr_par' dir='ltr' id='par_1_105' title="bbox 2076 4233 3723 4323">
     <span class='ocr_line' id='line_1_105' title="bbox 2076 4233 3723 4323; baseline -0.002 -24"><span class='ocrx_word' id='word_1_750' title='bbox 2076 4249 2169 4299; x_wconf 71' lang='grc' dir='ltr'><strong>καὶ</strong></span> <span class='ocrx_word' id='word_1_751' title='bbox 2224 4247 2322 4316; x_wconf 86' lang='grc' dir='ltr'><strong>τῆς</strong></span> <span class='ocrx_word' id='word_1_752' title='bbox 2380 4246 2612 4317; x_wconf 82' lang='grc' dir='ltr'>τροφῆς·</span> <span class='ocrx_word' id='word_1_753' title='bbox 2645 4244 3123 4317; x_wconf 76' lang='grc' dir='ltr'>ἀντιπαρεξιοῦσαι</span> <span class='ocrx_word' id='word_1_754' title='bbox 3146 4243 3203 4297; x_wconf 88' lang='grc' dir='ltr'><strong>δέ</strong></span> <span class='ocrx_word' id='word_1_755' title='bbox 3241 4242 3382 4296; x_wconf 83' lang='grc' dir='ltr'><strong>κατά</strong></span> <span class='ocrx_word' id='word_1_756' title='bbox 3412 4238 3471 4292; x_wconf 84' lang='grc' dir='ltr'>τὸ</span> <span class='ocrx_word' id='word_1_757' title='bbox 3506 4233 3623 4305; x_wconf 79' lang='grc' dir='ltr'>πρό·</span> <span class='ocrx_word' id='word_1_758' title='bbox 3718 4310 3723 4323; x_wconf 26' lang='grc'><strong>1</strong></span> 
     </span>
    </p>
   </div>
   <div class='ocr_carea' id='block_1_106' title="bbox 2081 4326 3625 4410">
    <p class='ocr_par' dir='ltr' id='par_1_106' title="bbox 2081 4326 3625 4410">
     <span class='ocr_line' id='line_1_106' title="bbox 2081 4326 3625 4410; baseline -0.005 -18"><span class='ocrx_word' id='word_1_759' title='bbox 2081 4355 2252 4410; x_wconf 88' lang='grc' dir='ltr'>μηκες</span> <span class='ocrx_word' id='word_1_760' title='bbox 2284 4340 2317 4409; x_wconf 82' lang='grc' dir='ltr'>ἡ</span> <span class='ocrx_word' id='word_1_761' title='bbox 2344 4338 2505 4408; x_wconf 84' lang='grc' dir='ltr'>ἐτέρα</span> <span class='ocrx_word' id='word_1_762' title='bbox 2556 4338 2691 4410; x_wconf 82' lang='grc' dir='ltr'>πρὸς</span> <span class='ocrx_word' id='word_1_763' title='bbox 2722 4337 2821 4408; x_wconf 84' lang='grc' dir='ltr'>τὴν</span> <span class='ocrx_word' id='word_1_764' title='bbox 2863 4337 3076 4409; x_wconf 79' lang='grc' dir='ltr'>ἑτέραν,</span> <span class='ocrx_word' id='word_1_765' title='bbox 3104 4335 3195 4391; x_wconf 69' lang='grc' dir='ltr'>καὶ</span> <span class='ocrx_word' id='word_1_766' title='bbox 3226 4334 3305 4404; x_wconf 87' lang='grc' dir='ltr'>τῷ</span> <span class='ocrx_word' id='word_1_767' title='bbox 3345 4334 3442 4401; x_wconf 81' lang='grc' dir='ltr'><strong>ίσῳ</strong></span> <span class='ocrx_word' id='word_1_768' title='bbox 3467 4326 3625 4399; x_wconf 82' lang='grc' dir='ltr'>μέτρῳ</span> 
     </span>
    </p>
   </div>
   <div class='ocr_carea' id='block_1_107' title="bbox 2076 4413 3626 4501">
    <p class='ocr_par' dir='ltr' id='par_1_107' title="bbox 2076 4413 3626 4501">
     <span class='ocr_line' id='line_1_107' title="bbox 2076 4413 3626 4501; baseline -0.006 -18"><span class='ocrx_word' id='word_1_769' title='bbox 2076 4429 2218 4484; x_wconf 79' lang='grc' dir='ltr'>κατὰ</span> <span class='ocrx_word' id='word_1_770' title='bbox 2247 4429 2308 4484; x_wconf 82' lang='grc' dir='ltr'>τὺ</span> <span class='ocrx_word' id='word_1_771' title='bbox 2335 4429 2448 4484; x_wconf 75' lang='grc' dir='ltr'>ἀνω</span> <span class='ocrx_word' id='word_1_772' title='bbox 2480 4429 2987 4501; x_wconf 81' lang='grc' dir='ltr'>συναπαρτίζονται,</span> <span class='ocrx_word' id='word_1_773' title='bbox 3012 4427 3152 4481; x_wconf 83' lang='grc' dir='ltr'>ὥστε</span> <span class='ocrx_word' id='word_1_774' title='bbox 3176 4425 3271 4479; x_wconf 76' lang='grc' dir='ltr'><strong>καὶ</strong></span> <span class='ocrx_word' id='word_1_775' title='bbox 3311 4413 3626 4487; x_wconf 73' lang='grc' dir='ltr'>συνεστομῶ·</span> 
     </span>
    </p>
   </div>
   <div class='ocr_carea' id='block_1_108' title="bbox 2077 4514 3626 4592">
    <p class='ocr_par' dir='ltr' id='par_1_108' title="bbox 2077 4514 3626 4592">
     <span class='ocr_line' id='line_1_108' title="bbox 2077 4514 3626 4592; baseline -0.019 -5"><span class='ocrx_word' id='word_1_776' title='bbox 2077 4519 2198 4586; x_wconf 68' lang='grc' dir='ltr'>σθοὲι</span> <span class='ocrx_word' id='word_1_777' title='bbox 2223 4519 2357 4592; x_wconf 75' lang='grc' dir='ltr'>πρὸς</span> <span class='ocrx_word' id='word_1_778' title='bbox 2374 4517 2626 4590; x_wconf 83' lang='grc' dir='ltr'>ἀλλήλας,</span> <span class='ocrx_word' id='word_1_779' title='bbox 2645 4520 2740 4575; x_wconf 73' lang='grc' dir='ltr'><strong>καὶ</strong></span> <span class='ocrx_word' id='word_1_780' title='bbox 2757 4521 2837 4573; x_wconf 80' lang='grc' dir='ltr'><strong>ἐνὶ</strong></span> <span class='ocrx_word' id='word_1_781' title='bbox 2854 4518 3082 4589; x_wconf 88' lang='grc' dir='ltr'>στόματι</span> <span class='ocrx_word' id='word_1_782' title='bbox 3098 4518 3221 4580; x_wconf 79' lang='grc' dir='ltr'>τοὺς</span> <span class='ocrx_word' id='word_1_783' title='bbox 3236 4516 3437 4589; x_wconf 86' lang='grc' dir='ltr'>πόρους</span> <span class='ocrx_word' id='word_1_784' title='bbox 3455 4514 3626 4563; x_wconf 75' lang='grc' dir='ltr'>ἐναποο</span> 
     </span>
    </p>
   </div>
   <div class='ocr_carea' id='block_1_109' title="bbox 2074 4596 3623 4682">
    <p class='ocr_par' dir='ltr' id='par_1_109' title="bbox 2074 4596 3623 4682">
     <span class='ocr_line' id='line_1_109' title="bbox 2074 4596 3623 4682; baseline -0.003 -19"><span class='ocrx_word' id='word_1_785' title='bbox 2074 4611 2281 4682; x_wconf 80' lang='grc' dir='ltr'>λήγειν,</span> <span class='ocrx_word' id='word_1_786' title='bbox 2298 4609 2420 4664; x_wconf 82' lang='grc' dir='ltr'>ὅθεν</span> <span class='ocrx_word' id='word_1_787' title='bbox 2441 4608 2518 4681; x_wconf 83' lang='grc' dir='ltr'>τῷ</span> <span class='ocrx_word' id='word_1_788' title='bbox 2536 4608 2634 4680; x_wconf 81' lang='grc' dir='ltr'>μὲν</span> <span class='ocrx_word' id='word_1_789' title='bbox 2647 4610 2743 4679; x_wconf 88' lang='grc' dir='ltr'><strong>τῆς</strong></span> <span class='ocrx_word' id='word_1_790' title='bbox 2759 4608 2984 4681; x_wconf 81' lang='grc' dir='ltr'>τροφῆς,</span> <span class='ocrx_word' id='word_1_791' title='bbox 3001 4607 3081 4679; x_wconf 82' lang='grc' dir='ltr'>τῷ</span> <span class='ocrx_word' id='word_1_792' title='bbox 3096 4607 3150 4661; x_wconf 78' lang='grc' dir='ltr'>δὲ</span> <span class='ocrx_word' id='word_1_793' title='bbox 3174 4605 3268 4660; x_wconf 82' lang='grc' dir='ltr'>τοῦ</span> <span class='ocrx_word' id='word_1_794' title='bbox 3285 4603 3575 4674; x_wconf 72' lang='grc' dir='ltr'>πνεύματος</span> <span class='ocrx_word' id='word_1_795' title='bbox 3595 4596 3623 4664; x_wconf 70' lang='grc' dir='ltr'>ἡ</span> 
     </span>
    </p>
   </div>
   <div class='ocr_carea' id='block_1_110' title="bbox 2075 4687 3624 4771">
    <p class='ocr_par' dir='ltr' id='par_1_110' title="bbox 2075 4687 3624 4771">
     <span class='ocr_line' id='line_1_110' title="bbox 2075 4687 3624 4771; baseline -0.005 -16"><span class='ocrx_word' id='word_1_796' title='bbox 2075 4702 2276 4771; x_wconf 79' lang='grc' dir='ltr'>εἴσοδος</span> <span class='ocrx_word' id='word_1_797' title='bbox 2300 4700 2526 4769; x_wconf 83' lang='grc' dir='ltr'>γίνεται.</span> <span class='ocrx_word' id='word_1_798' title='bbox 2573 4700 2710 4754; x_wconf 77' lang='grc' dir='ltr'>Ἀλλ’</span> <span class='ocrx_word' id='word_1_799' title='bbox 2732 4701 2824 4753; x_wconf 75' lang='grc' dir='ltr'><strong>ἐπὶ</strong></span> <span class='ocrx_word' id='word_1_800' title='bbox 2855 4701 2918 4754; x_wconf 83' lang='grc' dir='ltr'><strong>τὸ</strong></span> <span class='ocrx_word' id='word_1_801' title='bbox 2957 4699 3118 4771; x_wconf 83' lang='grc' dir='ltr'>βάθος</span> <span class='ocrx_word' id='word_1_802' title='bbox 3148 4699 3331 4752; x_wconf 75' lang='grc' dir='ltr'>οὐκέτι</span> <span class='ocrx_word' id='word_1_803' title='bbox 3361 4687 3624 4750; x_wconf 79' lang='grc' dir='ltr'>διαπαντὸς</span> 
     </span>
    </p>
   </div>
   <div class='ocr_carea' id='block_1_111' title="bbox 2073 4785 3623 4865">
    <p class='ocr_par' dir='ltr' id='par_1_111' title="bbox 2073 4785 3623 4865">
     <span class='ocr_line' id='line_1_111' title="bbox 2073 4785 3623 4865; baseline -0.006 -18"><span class='ocrx_word' id='word_1_804' title='bbox 2073 4795 2136 4847; x_wconf 82' lang='grc' dir='ltr'><strong>τὸ</strong></span> <span class='ocrx_word' id='word_1_805' title='bbox 2167 4794 2439 4864; x_wconf 74' lang='grc' dir='ltr'>προσφυὲς</span> <span class='ocrx_word' id='word_1_806' title='bbox 2490 4793 2793 4865; x_wconf 83' lang='grc' dir='ltr'>παραμένει</span> <span class='ocrx_word' id='word_1_807' title='bbox 2824 4794 2923 4862; x_wconf 85' lang='grc' dir='ltr'><strong>τῆς</strong></span> <span class='ocrx_word' id='word_1_808' title='bbox 2980 4791 3243 4859; x_wconf 76' lang='grc' dir='ltr'>συζυγίας</span> <span class='ocrx_word' id='word_1_809' title='bbox 3293 4788 3401 4843; x_wconf 82' lang='grc' dir='ltr'>τῶν</span> <span class='ocrx_word' id='word_1_810' title='bbox 3445 4785 3623 4855; x_wconf 73' lang='grc' dir='ltr'>πόρων-</span> 
     </span>
    </p>
   </div>
   <div class='ocr_carea' id='block_1_112' title="bbox 2080 4880 3626 4955">
    <p class='ocr_par' dir='ltr' id='par_1_112' title="bbox 2080 4880 3626 4955">
     <span class='ocr_line' id='line_1_112' title="bbox 2080 4880 3626 4955; baseline -0.004 -17"><span class='ocrx_word' id='word_1_811' title='bbox 2080 4884 2232 4954; x_wconf 77' lang='grc' dir='ltr'>Μέση</span> <span class='ocrx_word' id='word_1_812' title='bbox 2261 4884 2367 4955; x_wconf 83' lang='grc' dir='ltr'>γὰρ</span> <span class='ocrx_word' id='word_1_813' title='bbox 2407 4882 2507 4955; x_wconf 87' lang='grc' dir='ltr'><strong>τῆς</strong></span> <span class='ocrx_word' id='word_1_814' title='bbox 2540 4884 2815 4955; x_wconf 76' lang='grc' dir='ltr'>ἑκατέρων</span> <span class='ocrx_word' id='word_1_815' title='bbox 2844 4883 3005 4953; x_wconf 71' lang='grc' dir='ltr'>ἕδρας</span> <span class='ocrx_word' id='word_1_816' title='bbox 3043 4883 3076 4951; x_wconf 83' lang='grc' dir='ltr'>ὴ</span> <span class='ocrx_word' id='word_1_817' title='bbox 3117 4880 3315 4951; x_wconf 87' lang='grc' dir='ltr'>καρδία</span> <span class='ocrx_word' id='word_1_818' title='bbox 3367 4886 3626 4947; x_wconf 80' lang='grc' dir='ltr'>παρεμπε-</span> 
     </span>
    </p>
   </div>
   <div class='ocr_carea' id='block_1_113' title="bbox 2080 4961 3624 5047">
    <p class='ocr_par' dir='ltr' id='par_1_113' title="bbox 2080 4961 3624 5047">
     <span class='ocr_line' id='line_1_113' title="bbox 2080 4961 3624 5047; baseline -0.005 -17"><span class='ocrx_word' id='word_1_819' title='bbox 2080 4977 2267 5042; x_wconf 80' lang='grc' dir='ltr'>σούσα,</span> <span class='ocrx_word' id='word_1_820' title='bbox 2294 4976 2374 5047; x_wconf 84' lang='grc' dir='ltr'><strong>τῷ</strong></span> <span class='ocrx_word' id='word_1_821' title='bbox 2413 4977 2508 5047; x_wconf 82' lang='grc' dir='ltr'>μὲν</span> <span class='ocrx_word' id='word_1_822' title='bbox 2542 4976 2674 5046; x_wconf 79' lang='grc' dir='ltr'>πρὸς</span> <span class='ocrx_word' id='word_1_823' title='bbox 2702 4974 3009 5045; x_wconf 80' lang='grc' dir='ltr'>ἀναπνοὴν,</span> <span class='ocrx_word' id='word_1_824' title='bbox 3044 4972 3120 5043; x_wconf 85' lang='grc' dir='ltr'>τῷ</span> <span class='ocrx_word' id='word_1_825' title='bbox 3164 4972 3219 5024; x_wconf 85' lang='grc' dir='ltr'>δὲ</span> <span class='ocrx_word' id='word_1_826' title='bbox 3250 4972 3384 5042; x_wconf 85' lang='grc' dir='ltr'>πρὸς</span> <span class='ocrx_word' id='word_1_827' title='bbox 3422 4961 3624 5037; x_wconf 67' lang='grc' dir='ltr'>τροιγὴνι</span> 
     </span>
    </p>
   </div>
   <div class='ocr_carea' id='block_1_114' title="bbox 2077 5053 3627 5139">
    <p class='ocr_par' dir='ltr' id='par_1_114' title="bbox 2077 5053 3627 5139">
     <span class='ocr_line' id='line_1_114' title="bbox 2077 5053 3627 5139; baseline -0.008 -17"><span class='ocrx_word' id='word_1_828' title='bbox 2077 5070 2175 5133; x_wconf 80' lang='grc' dir='ltr'>τὰς</span> <span class='ocrx_word' id='word_1_829' title='bbox 2216 5068 2469 5139; x_wconf 80' lang='grc' dir='ltr'>δυνάμεις</span> <span class='ocrx_word' id='word_1_830' title='bbox 2514 5065 2807 5138; x_wconf 83' lang='grc' dir='ltr'>ἐντίθησιν.</span> <span class='ocrx_word' id='word_1_831' title='bbox 2865 5064 3079 5132; x_wconf 85' lang='grc' dir='ltr'>Πέφυκε</span> <span class='ocrx_word' id='word_1_832' title='bbox 3138 5062 3247 5131; x_wconf 80' lang='grc' dir='ltr'>γὰρ</span> <span class='ocrx_word' id='word_1_833' title='bbox 3297 5061 3357 5114; x_wconf 85' lang='grc' dir='ltr'>τὸ</span> <span class='ocrx_word' id='word_1_834' title='bbox 3403 5053 3627 5125; x_wconf 78' lang='grc' dir='ltr'>πυρῶδες</span> 
     </span>
    </p>
   </div>
   <div class='ocr_carea' id='block_1_115' title="bbox 2079 5141 3628 5231">
    <p class='ocr_par' dir='ltr' id='par_1_115' title="bbox 2079 5141 3628 5231">
     <span class='ocr_line' id='line_1_115' title="bbox 2079 5141 3628 5231; baseline -0.012 -17"><span class='ocrx_word' id='word_1_835' title='bbox 2079 5160 2356 5231; x_wconf 75' lang='grc' dir='ltr'>ἐπιζητεῖν</span> <span class='ocrx_word' id='word_1_836' title='bbox 2386 5157 2484 5230; x_wconf 81' lang='grc' dir='ltr'><strong>τὴν</strong></span> <span class='ocrx_word' id='word_1_837' title='bbox 2524 5158 2925 5211; x_wconf 84' lang='grc' dir='ltr'>ύπεκκαίουσαν</span> <span class='ocrx_word' id='word_1_838' title='bbox 2955 5154 3106 5225; x_wconf 79' lang='grc' dir='ltr'>ὓλην,</span> <span class='ocrx_word' id='word_1_839' title='bbox 3153 5152 3182 5205; x_wconf 84' lang='grc' dir='ltr'><strong>ὃ</strong></span> <span class='ocrx_word' id='word_1_840' title='bbox 3209 5152 3275 5222; x_wconf 86' lang='grc' dir='ltr'>δὴ</span> <span class='ocrx_word' id='word_1_841' title='bbox 3309 5152 3401 5205; x_wconf 74' lang='grc' dir='ltr'><strong>καὶ</strong></span> <span class='ocrx_word' id='word_1_842' title='bbox 3431 5147 3550 5216; x_wconf 65' lang='grc' dir='ltr'>περὶ</span> <span class='ocrx_word' id='word_1_843' title='bbox 3575 5141 3628 5195; x_wconf 81' lang='grc' dir='ltr'><strong>τδ</strong></span> 
     </span>
    </p>
   </div>
   <div class='ocr_carea' id='block_1_116' title="bbox 2080 5238 3628 5321">
    <p class='ocr_par' dir='ltr' id='par_1_116' title="bbox 2080 5238 3628 5321">
     <span class='ocr_line' id='line_1_116' title="bbox 2080 5238 3628 5321; baseline -0.024 0"><span class='ocrx_word' id='word_1_844' title='bbox 2080 5252 2281 5319; x_wconf 76' lang='grc' dir='ltr'>δοκεῖον</span> <span class='ocrx_word' id='word_1_845' title='bbox 2318 5250 2415 5321; x_wconf 81' lang='grc' dir='ltr'>τῆς</span> <span class='ocrx_word' id='word_1_846' title='bbox 2462 5248 2664 5319; x_wconf 70' lang='grc' dir='ltr'>τροφῆς</span> <span class='ocrx_word' id='word_1_847' title='bbox 2698 5248 2818 5301; x_wconf 85' lang='grc' dir='ltr'>κατ’</span> <span class='ocrx_word' id='word_1_848' title='bbox 2863 5247 3108 5315; x_wconf 84' lang='grc' dir='ltr'>ἀνάγκην</span> <span class='ocrx_word' id='word_1_849' title='bbox 3153 5241 3458 5313; x_wconf 73' lang='grc' dir='ltr'>συμϐαίνει.</span> <span class='ocrx_word' id='word_1_850' title='bbox 3497 5238 3628 5301; x_wconf 81' lang='grc' dir='ltr'><strong>Ὀσῳ</strong></span> 
     </span>
    </p>
   </div>
   <div class='ocr_carea' id='block_1_117' title="bbox 2081 5328 3627 5413">
    <p class='ocr_par' dir='ltr' id='par_1_117' title="bbox 2081 5328 3627 5413">
     <span class='ocr_line' id='line_1_117' title="bbox 2081 5328 3627 5413; baseline -0.005 -19"><span class='ocrx_word' id='word_1_851' title='bbox 2081 5342 2189 5412; x_wconf 76' lang='grc' dir='ltr'><strong>γὰρ</strong></span> <span class='ocrx_word' id='word_1_852' title='bbox 2225 5341 2467 5411; x_wconf 72' lang='grc' dir='ltr'>ἔμπυρον</span> <span class='ocrx_word' id='word_1_853' title='bbox 2514 5338 2602 5392; x_wconf 80' lang='grc' dir='ltr'><strong>διὰ</strong></span> <span class='ocrx_word' id='word_1_854' title='bbox 2646 5340 2746 5407; x_wconf 84' lang='grc' dir='ltr'><strong>τῆς</strong></span> <span class='ocrx_word' id='word_1_855' title='bbox 2792 5337 3029 5405; x_wconf 88' lang='grc' dir='ltr'>γείτονος</span> <span class='ocrx_word' id='word_1_856' title='bbox 3074 5338 3279 5406; x_wconf 89' lang='grc' dir='ltr'>γίνεται</span> <span class='ocrx_word' id='word_1_857' title='bbox 3313 5328 3627 5413; x_wconf 54' lang='grc' dir='ltr'>θερμασίξςν</span> 
     </span>
    </p>
   </div>
   <div class='ocr_carea' id='block_1_118' title="bbox 2081 5413 3632 5503">
    <p class='ocr_par' dir='ltr' id='par_1_118' title="bbox 2081 5413 3632 5503">
     <span class='ocr_line' id='line_1_118' title="bbox 2081 5413 3632 5503; baseline -0.011 -17"><span class='ocrx_word' id='word_1_858' title='bbox 2081 5432 2319 5503; x_wconf 85' lang='grc' dir='ltr'>τοσούτῳ</span> <span class='ocrx_word' id='word_1_859' title='bbox 2368 5431 2566 5502; x_wconf 77' lang='grc' dir='ltr'>μᾶλλον</span> <span class='ocrx_word' id='word_1_860' title='bbox 2618 5429 2904 5499; x_wconf 81' lang='grc' dir='ltr'>ἐφέλκεται</span> <span class='ocrx_word' id='word_1_861' title='bbox 2952 5427 3022 5481; x_wconf 77' lang='grc' dir='ltr'>τὰ</span> <span class='ocrx_word' id='word_1_862' title='bbox 3084 5428 3146 5480; x_wconf 82' lang='grc' dir='ltr'><strong>τὸ</strong></span> <span class='ocrx_word' id='word_1_863' title='bbox 3180 5423 3380 5499; x_wconf 74' lang='grc' dir='ltr'>θερμὸν</span> <span class='ocrx_word' id='word_1_864' title='bbox 3428 5413 3632 5487; x_wconf 81' lang='grc' dir='ltr'>ὑποτρέ-</span> 
     </span>
    </p>
   </div>
   <div class='ocr_carea' id='block_1_119' title="bbox 2080 5511 3561 5599">
    <p class='ocr_par' dir='ltr' id='par_1_119' title="bbox 2080 5511 3561 5599">
     <span class='ocr_line' id='line_1_119' title="bbox 2080 5511 3561 5599; baseline -0.009 -19"><span class='ocrx_word' id='word_1_865' title='bbox 2080 5542 2264 5599; x_wconf 66' lang='grc' dir='ltr'>φοντω</span> <span class='ocrx_word' id='word_1_866' title='bbox 2291 5526 2386 5597; x_wconf 73' lang='grc' dir='ltr'><strong>τὴν</strong></span> <span class='ocrx_word' id='word_1_867' title='bbox 2411 5525 2464 5580; x_wconf 81' lang='grc' dir='ltr'>δὲ</span> <span class='ocrx_word' id='word_1_868' title='bbox 2499 5526 2751 5594; x_wconf 76' lang='grc' dir='ltr'>τοιαύτην</span> <span class='ocrx_word' id='word_1_869' title='bbox 2784 5522 2980 5595; x_wconf 78' lang='grc' dir='ltr'>ὁρμὴν,</span> <span class='ocrx_word' id='word_1_870' title='bbox 3013 5517 3190 5593; x_wconf 77' lang='grc' dir='ltr'>ὄρεξιν</span> <span class='ocrx_word' id='word_1_871' title='bbox 3220 5511 3561 5589; x_wconf 74' lang='grc' dir='ltr'>ὀνομάζομεν.</span> 
     </span>
    </p>
   </div>
  </div>
