3766 5988
222 246 319 303 251
1456 239 1514 294 8.
1557 236 1775 294 GREGG

1977 237 2209 293 YSSENI
3371 236 3495 291 ἳΰὲ

222 360 416 427 Spinaa,
444 372 608 426 quam
633 364 853 420 vocant,
879 356 1058 411 delata
1082 355 1285 420 deﬁcit,
1314 357 1430 426 ipsa
1448 358 1614 411 etiam
1639 360 1775 428 spiu:

1973 376 2016 411 ν.
2048 358 2144 410 Διὰ
2176 357 2332 410 τ.υῦτὸ
2358 374 2446 427 μοι
2476 355 2622 409 δοκεῖ
2654 354 2746 410 καὶ
2768 354 3178 426 ἀσφαλεστέρας
3207 353 3482 427 ἠξιῶσθαι

223 466 291 506 eo
330 452 447 505 loco
471 450 775 504 desinente.
829 446 1050 503 Ossium
1079 447 1299 518 quidem
1336 458 1388 503 et
1413 448 1775 517 juncturarun

1976 451 2159 520 ουρᾶς,
2197 450 2291 502 καὶ
2323 447 2462 502 κατά
2498 446 2594 518 μὲν
2626 447 2725 519 τὴν
2770 446 3013 517 κεφαλὴν
3039 445 3248 509 διπλαῖς
3274 445 3484 500 ὀστέων

226 543 282 595 in
318 557 550 612 corpore
589 540 970 595 commissuris
1004 541 1280 604 omnibus,
1311 541 1550 611 itemque
1583 555 1772 595 muscu

1977 540 2210 611 ριὸολαῖς
2253 543 2309 593 ἐν
2342 539 2526 613 κύκλῳ
2554 539 2957 610 διειλημμένος,
2990 540 3048 591 ὲν
3081 537 3138 591 δὲ
3162 540 3275 600 τοῖς
3311 554 3484 589 σπον-

226 633 405 688 lorum
440 633 723 702 principiis
757 632 826 686 ab
849 632 954 686 hac
993 632 1329 697 membrana,
1384 639 1642 700 tanquam
1682 647 1771 686 om

1973 632 2076 694 λοις
2101 634 2222 695 ταῖς
2256 649 2315 684 τε
2342 630 2450 685 τῶν
2480 629 2732 684 ἀκανθῶν
2771 629 3062 700 προϐολαῖς
3092 629 3187 682 καὶ
3216 632 3337 692 ταῖς
3376 647 3483 682 πο-

227 723 379 775 nium
413 722 797 787 moderatrice,
831 723 896 777 ad
921 722 1219 793 quemlibet
1254 732 1462 778 motum
1500 739 1565 778 ac
1591 724 1775 795 requie

1973 722 2192 793 τρόποις
2222 720 2362 775 κατὰ
2386 720 2448 773 τὸ
2471 721 2656 790 σχῆμα
2682 719 3024 782 διαπλοκαῖς.
3048 718 3113 771 δι’
3132 712 3206 772 ὧν
3237 720 3297 771 ἐν
3336 721 3486 771 ἀπα-

225 817 337 864 tem
378 811 609 867 facultas
639 812 865 866 inditur.
912 812 1045 867 Eam
1081 810 1152 865 ob
1174 825 1418 876 causam,
1448 811 1517 865 de
1549 811 1656 864 mei
1684 811 1775 881 qui

1973 814 2026 884 ίᾳ
2078 813 2225 886 πάσῃ
2261 812 2620 880 φυλάττεται,
2654 811 2744 865 διά
2774 810 2875 881 τῆς
2911 810 3270 882 περιεχούσης
3315 810 3481 864 αὑτὸν

230 901 349 955 dem
380 904 548 959 animi
591 903 821 974 judicio,
865 903 1065 958 muniri
1093 902 1236 958 hanc
1283 903 1449 959 etiam
1478 904 1650 974 magis
1698 902 1775 956 ali.

1973 907 2145 973 ιουρᾶς
2169 905 2230 957 τὸ
2253 904 2488 974 ἀσφαλὲς
2526 903 2686 974 ἔχων.

228 1002 452 1060 quanto,
484 1008 647 1063 quam
668 994 911 1049 membra
941 1002 1159 1058 caetera,
1187 994 1565 1049 conveniebat.
1598 992 1788 1063 Itaque
1823 993 1877 1048 in
1909 996 2088 1065 capite
2115 995 2319 1067 duplici
2344 996 2553 1051 ossium
2582 995 2789 1050 ambitu
2815 995 2962 1049 omni
3006 1010 3071 1049 ex
3126 1006 3283 1065 parte
3330 1008 3485 1048 com-

230 1083 602 1154 prehenditur,
636 1085 694 1139 in
733 1085 1007 1141 vertebris
1052 1101 1221 1157 quum
1277 1085 1611 1142 exstantium
1674 1085 1837 1139 veluti
1875 1086 2158 1156 spinarum
2204 1086 2654 1159 propugnaculis,
2712 1094 2825 1141 tum
2874 1086 3157 1156 multiplici
3231 1086 3485 1156 ipsarum

230 1175 601 1229 vertebrarum
661 1175 806 1230 inter
865 1190 986 1231 sese
1047 1191 1241 1231 nexu:
1287 1192 1398 1247 quo
1433 1176 1522 1241 ﬁt,
1580 1183 1640 1232 ut
1687 1177 1758 1233 ab
1806 1177 1896 1232 illa
1938 1193 2156 1234 omnem
2208 1180 2465 1251 iniuriam
2518 1183 2655 1249 haec,
2689 1198 2801 1253 qua
2834 1182 2955 1236 laedi
2998 1189 3206 1252 posset,
3255 1191 3488 1237 arceant

228 1263 470 1333 adeoque
500 1271 614 1319 tuta
662 1266 756 1331 sit,
815 1265 1051 1336 quodam
1091 1267 1251 1336 quasi
1301 1269 1558 1339 pmsidio
1596 1270 1770 1340 ipsam
1799 1271 2037 1344 undique
2058 1274 2320 1345 sepiente.

236 1418 240 1425 ι
295 1355 446 1410 Idem
495 1354 562 1412 de
609 1357 774 1412 corde
818 1357 944 1411 licet
983 1356 1319 1424 existimare,
1369 1373 1494 1415 esse
1540 1360 1800 1414 nimirum

1980 1330 2210 1434 Ὁμοίως
2236 1330 2367 1420 δ’άν
2395 1383 2481 1429 τις
2505 1365 2601 1420 καὶ
2620 1330 2864 1438 περὶτῆς
2889 1366 3115 1437 καρδίας
3137 1368 3493 1438 στοχάσαιτο,

228 1448 332 1501 hoc
362 1448 535 1503 instar
565 1448 791 1503 munitae
829 1448 1026 1504 domus
1057 1449 1209 1504 omni
1241 1464 1308 1505 ex
1359 1459 1516 1519 parte
1551 1464 1775 1520 compre

1973 1493 1975 1504 ,
2009 1454 2256 1526 καθάπερ
2283 1474 2366 1520 τις
2386 1451 2533 1520 οἶκος
2562 1457 2809 1527 ἀσφαλὴς
2841 1457 2976 1529 αὕτη
3010 1458 3098 1511 διὰ
3117 1458 3225 1511 τῶν
3255 1462 3486 1532 στερρο-

226 1538 461 1593 hensum
505 1538 811 1606 aptissime,
839 1554 904 1594 ac
929 1540 1328 1594 circumdatum
1358 1540 1427 1594 ab
1451 1540 1672 1597 ossibus
1698 1540 1801 1595 du-

227 1630 487 1686 rissimis.
521 1629 657 1685 Nam
690 1646 721 1684 a
759 1638 913 1702 tergo
948 1632 1104 1703 spina
1143 1639 1229 1687 est
1256 1631 1427 1696 dorsi,
1453 1647 1616 1703 quam
1648 1644 1799 1687 utra-

1896 1541 2076 1596 τάτων
2106 1545 2487 1616 περιηρμόσθη
2519 1549 2641 1609 ταῖς
2673 1546 2782 1601 τῶν
2813 1547 3013 1600 ὀστέων
3053 1548 3110 1602 ὲν
3157 1548 3343 1620 κύκλῳ
3382 1568 3484 1604 πε-

1899 1636 2101 1706 ριοχαῖς
2129 1636 2482 1709 ὠχυρωμένη.
2517 1638 2758 1693 Κατόπιν
2790 1639 2887 1709 μὲν
2914 1639 3024 1709 γάρ
3065 1642 3210 1694 ἐστιν
3238 1644 3273 1713 ἡ
3317 1644 3482 1713 ῥάχις

228 1738 335 1792 que
373 1732 527 1791 parte
581 1729 755 1777 tutam
803 1725 1043 1793 scapulae
1092 1723 1348 1779 reddunt.
1401 1724 1569 1780 Latus
1616 1734 1775 1781 auten

1973 1728 2017 1789 ίς
2059 1726 2413 1797 ὠμοπλάταις
2468 1729 2804 1801 ἑκατέρωθεν
2859 1730 3272 1803 ἡσφαλισμένη.
3336 1735 3479 1789 Καθ’

231 1822 521 1882 utrumque
549 1822 718 1868 costa:
743 1816 1062 1886 complerat,
1098 1816 1246 1886 quod
1293 1817 1436 1872 inter
1473 1818 1573 1872 bas
1622 1816 1800 1873 medio

226 1907 349 1962 loco
383 1905 718 1973 continetur,
755 1921 824 1961 ne
857 1906 986 1976 quid
1020 1907 1219 1963 diversi
1248 1908 1508 1978 patiatur,
1538 1907 1796 1964 efﬁciunt.

227 1998 387 2053 Parte
427 1998 662 2069 denique
705 2000 884 2053 antica
914 2006 1108 2069 pectus
1137 2006 1191 2053 et
1230 1999 1372 2054 binm
1402 2000 1681 2054 claviculas
1707 2014 1824 2054 cor'

227 2090 505 2155 muniunt,
544 2098 604 2144 ut
638 2091 740 2145 hoc
769 2089 933 2145 modo
962 2098 1137 2145 tutum
1165 2091 1407 2161 undique
1438 2091 1578 2147 foret
1604 2090 1803 2147 adver-

231 2197 328 2237 sus
378 2197 469 2237 res
507 2196 719 2245 omnes,
776 2198 896 2251 quae
944 2197 1034 2237 res
1085 2183 1188 2252 ipsi
1215 2184 1300 2237 vel
1350 2184 1677 2247 molestiam,
1717 2183 1803 2239 vel

226 2274 431 2327 malum
466 2274 630 2327 etiam
678 2287 868 2329 creare
911 2283 1157 2343 possent.
1190 2272 1259 2328 Ut
1292 2283 1472 2330 autem
1508 2276 1562 2330 in
1588 2276 1804 2359 agrico-

226 2362 429 2419 latione
453 2364 698 2418 videmus
720 2364 787 2418 ab
819 2363 992 2419 imbre
1016 2364 1100 2419 vel
1121 2364 1419 2419 rivulorum
1465 2365 1805 2421 immissione

228 2465 431 2511 terram
479 2453 731 2525 irrigari:
780 2455 928 2524 (nam
982 2463 1103 2510 esto
1134 2455 1356 2525 quidam
1405 2455 1566 2511 nobis
1608 2456 1801 2511 hortus

226 2548 563 2616 propositus,
603 2546 658 2601 in
693 2560 802 2614 quo
834 2544 998 2600 variae.
1026 2545 1138 2600 sint
1183 2547 1422 2600 maximo
1453 2560 1688 2601 numero
1714 2562 1802 2601 ar-

226 2643 387 2695 bores
416 2640 657 2708 itemque
691 2652 871 2691 rerum
895 2638 1076 2691 omnis
1097 2636 1312 2705 generis
1345 2651 1375 2691 e
1405 2646 1550 2691 terra
1573 2652 1803 2693 nascen-

225 2733 360 2787 tium
377 2730 607 2801 species,
656 2743 776 2798 qua:
810 2727 1038 2798 singulae
1065 2726 1261 2792 forma,
1307 2728 1585 2800 qualitate.
1619 2729 1802 2784 colore

224 2822 515 2891 plurimum
573 2818 863 2874 differant:
918 2824 996 2871 tot
1057 2833 1144 2872 res
1209 2833 1333 2871 cum
1403 2818 1649 2886 ejusdem
1695 2820 1799 2875 loci

224 2913 538 2966 nutriantur
573 2911 822 2971 humore,
871 2908 951 2962 vis
985 2916 1165 2963 tamen
1212 2908 1326 2963 haec
1355 2924 1523 2964 succo
1554 2926 1656 2966 suo
1686 2912 1800 2968 sin-

225 3003 347 3072 gula
417 3001 633 3070 rigans.
688 3006 885 3053 natura
943 3013 1043 3054 sua
1101 2999 1288 3054 eadem
1349 3008 1487 3056 est:
1537 3017 1659 3056 cum
1710 3019 1798 3059 res

1904 1819 2160 1891 ἑκάτερον
2184 1821 2241 1874 δὲ
2271 1822 2497 1891 πλάγιον
2518 1824 2551 1893 ἡ
2576 1822 2685 1875 τῶν
2715 1822 2962 1896 πλευρῶν
2994 1823 3141 1888 θέσις
3171 1826 3479 1895 περιπτύσ-

1906 1927 2073 1964 σουσα
2105 1911 2167 1964 τὸ
2199 1912 2361 1982 μέσον
2393 1913 2664 1977 δυσπαθὲς
2705 1915 3095 1986 ἀπεργάζεται.
3156 1917 3244 1971 Ἐν
3274 1917 3331 1970 δὲ
3365 1921 3478 1981 τοῖς

1904 2003 2242 2076 ἔμπροσθεν,
2278 2005 2341 2058 τὸ
2389 2005 2610 2077 στέρνον
2650 2007 2746 2059 καὶ
2780 2008 2813 2077 ἠ
2846 2007 2946 2077 τῆς
2997 2007 3206 2072 κλειδὸς
3247 2008 3479 2076 συζυγία

1903 2095 2290 2166 προϐέϐληται,
2322 2095 2398 2159 ὼς
2414 2095 2479 2150 ἂν
2505 2096 2836 2167 πανταχόθεν
2861 2099 2999 2168 αὐτῇ
3017 2099 3078 2153 τὸ
3103 2100 3341 2168 ἀσφαλὲς
3371 2102 3483 2154 ἀπὸ

1902 2185 2009 2239 τῶν
2043 2184 2240 2250 ἔξωθεν
2274 2184 2627 2256 διοχλούντων
2676 2186 3022 2255 φυλάσσοιτο.
3060 2182 3184 2242 Οἴον
3231 2188 3289 2242 δὲ
3336 2191 3479 2245 κατά

1902 2277 1998 2348 τὴν
2033 2277 2305 2350 γεωργίαν
2332 2277 2479 2333 ἔστιν
2521 2279 2648 2332 ίδείν
2669 2319 2683 2344 ,
2709 2280 2808 2351 τῆς
2837 2282 2902 2334 ὲκ
2940 2280 3116 2350 νεφῶν
3147 2281 3476 2352 ἐπομϐρίας,

1902 2368 1935 2439 ἦ
1967 2369 2066 2438 τῆς
2091 2369 2198 2422 τῶν
2225 2369 2428 2439 ὀχετῶν
2476 2370 2738 2441 ἐπιρροῆς
2789 2370 3071 2442 διάϐροχον
3104 2372 3364 2442 ποιούσης
3418 2371 3481 2426 τὸ

1903 2456 2280 2527 ὑποκείμενον.
2312 2457 2504 2527 Κῆπος
2531 2458 2588 2511 δέ
2613 2476 2697 2522 τις
2724 2459 3033 2514 ὑποκείσθω
3057 2460 3135 2531 τῷ
3163 2461 3308 2533 λόγῳ
3328 2501 3343 2524 ,
3372 2481 3479 2533 μυ-

1904 2548 2028 2619 ρίας
2074 2549 2172 2619 μὲν
2198 2547 2430 2619 δένδρων
2467 2549 2759 2622 διαφορὰς,
2794 2552 3142 2617 παντοδαπάς
3171 2553 3230 2607 δὲ
3268 2554 3379 2607 τῶν
3414 2556 3481 2610 ὲκ

1901 2640 2006 2711 γῆς
2047 2641 2336 2711 φυομένων
2373 2642 2516 2706 ἰδέας
2562 2644 2620 2694 ὲν
2673 2644 2849 2713 ἑαυτῷ
2886 2645 3125 2716 τρέφων,
3161 2639 3237 2699 ὧν
3282 2647 3379 2701 καὶ
3420 2647 3482 2702 τὸ

1905 2732 2113 2802 σχῆμα,
2151 2732 2247 2785 καὶ
2283 2734 2316 2803 ὴ
2363 2733 2586 2803 ποιότης
2607 2774 2620 2798 ,
2652 2735 2747 2788 καὶ
2779 2736 2812 2806 ή
2848 2736 2948 2807 τῆς
2977 2737 3149 2807 χρόας
3189 2736 3389 2808 ἰδιότης
3420 2740 3480 2792 ἐν

1902 2823 2071 2895 πολλῇ
2104 2823 2336 2896 διαφορᾷ
2369 2827 2481 2889 τοῖς
2507 2826 2846 2880 καθέκαστον
2881 2828 3249 2901 ἐνθεωρεῖται.
3277 2831 3483 2884 Τοσού-

1901 2932 2007 2969 των
2027 2916 2205 2970 τοίνυν
2226 2916 2366 2970 κατά
2392 2916 2484 2969 τὸν
2511 2917 2605 2971 ἕνα
2632 2916 2810 2988 χῶρον
2835 2918 2912 2989 τῷ
2926 2920 3080 2991 ὑγρῷ
3098 2922 3476 2993 τρεφομένων,

1901 3008 1935 3077 ἡ
1975 3009 2071 3079 μὲν
2102 3008 2490 3073 ὑπονοτίζουσα
2537 3009 2608 3063 τὰ
2648 3011 2772 3063 καθ’
2803 3010 3032 3064 ἕκαστον
3061 3012 3292 3083 δύναμις
3318 3055 3334 3081 ,
3376 3014 3481 3085 μία

226 3094 357 3162 ipsa:
408 3108 525 3163 qum
592 3092 941 3155 nutriuntur,
1011 3105 1233 3147 succmn
1295 3092 1547 3146 haustum
1615 3094 1775 3150 diver'

1973 3117 1981 3162 ξ
2028 3101 2170 3155 κατά
2215 3102 2315 3171 τὴν
2363 3102 2523 3170 φύσιν
2573 3102 2752 3155 ἐστίν·
2789 3104 2821 3173 ἠ
2871 3103 2927 3156 δὲ
2971 3104 3081 3157 τῶν
3123 3107 3479 3177 τρεφομένων

225 3202 315 3241 sas
366 3185 419 3238 in
483 3183 774 3259 qualitates
830 3191 1181 3237 commutent.
1251 3184 1396 3238 Idem
1444 3199 1679 3255 namque
1741 3187 1795 3241 in
1850 3191 1863 3205 '

144 3284 153 3285 ’
225 3276 499 3331 absinthio
535 3275 871 3328 convertitur
915 3274 969 3327 in
999 3287 1300 3328 amarorem
1328 3292 1341 3328 :
1390 3274 1443 3328 in
1472 3276 1650 3331 cicuta
1682 3294 1799 3333 suc-

224 3385 324 3422 cus
374 3366 624 3430 cllicitur,
675 3368 767 3437 qui
804 3366 1081 3421 interitum
1118 3364 1305 3420 affert:
1354 3367 1407 3421 in
1454 3370 1576 3424 aliis
1626 3370 1794 3438 aliud,

222 3461 371 3514 verbi
405 3461 596 3531 gratia,
631 3462 684 3514 in
719 3474 901 3521 croco,
936 3458 1198 3523 balsamo,
1237 3474 1538 3539 papavere:
1588 3478 1709 3517 nam
1741 3464 1794 3518 in

224 3554 310 3609 his
342 3554 445 3606 vim
478 3553 707 3606 calidam
746 3552 997 3622 acquirit,
1030 3553 1084 3605 in
1121 3552 1228 3606 illis
1257 3552 1528 3623 frigidam,
1579 3555 1631 3608 in
1671 3556 1794 3610 aliis

221 3650 603 3714 temperatam.
650 3641 709 3696 In
757 3642 932 3709 lauro,
973 3640 1026 3694 in
1064 3640 1232 3709 junco
1286 3632 1535 3705 odorato,
1588 3643 1640 3695 in
1674 3644 1795 3699 aliis

221 3736 533 3805 ltujusmodi
568 3734 919 3807 fragrantiam
942 3733 1104 3787 habet
1132 3752 1145 3786 :
1171 3733 1221 3785 in
1253 3732 1351 3787 lico
1381 3744 1433 3787 et
1461 3749 1593 3803 pyro
1616 3734 1793 3787 dulci-

222 3830 484 3883 tudincm.
528 3826 584 3880 In
618 3829 724 3880 vite
754 3825 1092 3880 convertitur
1128 3824 1182 3876 in
1226 3825 1442 3877 botrum
1490 3840 1553 3877 ac
1584 3826 1789 3879 vimnn.

221 3920 396 3974 Etiam
430 3923 796 3972 commutatur
848 3917 901 3969 in
932 3929 1156 3969 succum
1187 3914 1334 3974 mali.
1383 3916 1437 3968 in
1474 3915 1791 3970 rubedinem

223 4028 381 4075 rosre,
428 4011 481 4064 in
510 4006 854 4078 splendidum
900 4005 997 4060 lilii
1046 4006 1360 4069 candorem,
1404 4006 1457 4059 in
1501 4008 1790 4060 cmruleum

220 4106 397 4170 violm,
440 4103 495 4156 in
538 4116 867 4172 purpuremn
922 4099 1200 4169 hyacinthi
1238 4100 1496 4154 colorem.
1552 4098 1793 4169 Denique

221 4193 476 4248 universa
513 4206 633 4262 qua:
660 4200 803 4243 terra
844 4188 1073 4257 profert,
1118 4204 1429 4259 quanquam
1460 4188 1528 4243 ab
1562 4205 1668 4244 uno
1699 4180 1815 4247 eo-l

220 4286 451 4353 demque
501 4284 731 4337 humore
786 4280 1146 4348 proveniant:
1184 4280 1557 4335 diversissima
1608 4290 1790 4339 tamen

221 4376 548 4435 etliciuntur,
585 4374 699 4428 sive
732 4373 980 4443 figurant,
1022 4374 1136 4431 sive
1179 4369 1436 4440 speciem,
1470 4372 1586 4427 sive
1615 4374 1790 4443 quali—

219 4477 356 4524 lates
384 4466 720 4535 singulorum
748 4464 1015 4535 SpCClt‘S.)

290 4554 608 4625 llujusmodi
650 4554 921 4623 quoddam
955 4563 1143 4608 nostro
1185 4554 1348 4608 etiam
1391 4555 1444 4609 in
1478 4572 1630 4627 agro,
1688 4557 1782 4611 illo

217 4652 439 4720 inquam
481 4649 739 4710 animato,
788 4646 1163 4699 admirandum
1208 4664 1347 4716 opus
1396 4657 1603 4703 naturae
1654 4666 1786 4705 cen-

215 4743 474 4813 spicitur:
537 4746 744 4793 natura;
790 4737 955 4792 dico?
1010 4738 1118 4792 imo
1170 4755 1300 4793 vero
1354 4740 1526 4809 ipsius
1575 4751 1783 4796 naturze

217 4834 450 4890 Domini.
499 4829 658 4897 Ossa,
710 4828 1079 4898 cartilagines,
1119 4846 1287 4897 venae,
1331 4832 1564 4897 arterim,
1607 4834 1778 4898 nervi,

214 4930 527 4998 ligamenta,
570 4938 784 4988 carnes,
830 4921 991 4988 cutis,
1025 4923 1370 4994 pinguitudo,
1422 4925 1626 4994 capilli,
1665 4941 1783 4977 mu-

214 5019 372 5077 sculi.
396 5033 625 5087 ungues,
649 5014 815 5079 oculi,
841 5030 1020 5079 nares,
1045 5030 1228 5079 aures,
1251 5015 1565 5083 huiusmodi
1590 5027 1781 5070 caetera

212 5125 441 5166 numero
470 5124 637 5179 prope
658 5106 890 5169 inﬁnita.
921 5107 1154 5163 diversis
1181 5123 1210 5160 a
1240 5122 1298 5162 se
1323 5107 1553 5160 invicem
1586 5105 1781 5160 distiu-

211 5213 297 5256 (ιιι
338 5201 780 5270 proprietatibus,
811 5216 919 5254 una
954 5199 1310 5253 nihilominus
1354 5198 1652 5266 eademque
1680 5197 1779 5250 ali-

212 5294 377 5350 menti
402 5295 601 5363 specie,
628 5302 789 5362 prout
808 5294 1047 5362 ipsorum
1074 5302 1266 5367 natura
1288 5290 1410 5352 fert,
1432 5291 1772 5344 nutriuntur:

210 5387 283 5438 ita
311 5390 369 5437 ut
407 5384 562 5437 cibus
601 5397 723 5435 cum
754 5397 784 5435 a
817 5383 1076 5438 membris
1121 5381 1350 5451 singulis
1401 5397 1568 5451 prope
1594 5382 1769 5446 abest,

209 5476 330 5539 ejus
372 5472 423 5526 in
457 5479 707 5524 naturam
738 5479 1110 5532 convertatur,
1161 5471 1247 5523 cui
1289 5485 1409 5524 sese
1444 5471 1777 5538 adjunxerit.

212 5567 266 5618 Si
299 5563 362 5618 ad
390 5563 607 5618 oculum
637 5562 935 5621 deferatur,
964 5561 1108 5616 oeuli
1141 5561 1204 5615 ad
1236 5570 1482 5614 naturam
1512 5570 1781 5633 tempera-

1902 3193 2098 3262 ἰδιότης
2119 3234 2134 3255 ,
2169 3196 2248 3257 εἰς
2276 3193 2562 3265 διαφόρους
2599 3193 2661 3247 τὸ
2690 3194 2856 3267 ὑγρὸν
2902 3197 3226 3267 μεταϐάλλει
3256 3200 3481 3269 ποιότη-

1896 3303 2012 3348 τας.
2045 3285 2118 3338 Ti)
2154 3286 2262 3357 γάρ
2296 3285 2428 3339 αὑτὸ
2478 3287 2825 3357 πικραίνεται
2874 3288 2971 3358 μὲν
3014 3288 3072 3343 ὲν
3117 3292 3183 3360 τῇ
3228 3290 3475 3360 ἀψίνοῳ·

1897 3377 1978 3439 είς
2010 3375 2335 3447 φθοροποιὸν
2368 3376 2425 3429 δὲ
2459 3377 2630 3447 χυμὸν
2670 3380 2728 3432 ὲν
2756 3378 2835 3448 τῷ
2869 3380 3082 3450 κωνείῳ
3120 3380 3476 3451 μεθίσταται·

1897 3462 1989 3514 καὶ
2030 3461 2156 3515 ἄλλο
2185 3463 2243 3515 ὲν
2273 3462 2417 3534 ἄλλῳ
2458 3463 2687 3532 γίνεται,
2724 3467 2782 3518 ὲν
2810 3467 2994 3537 κρόκῳ
3014 3506 3029 3531 ,
3071 3470 3128 3522 ὲν
3169 3468 3436 3541 βαλσάμῳ
3460 3513 3476 3537 ,

1895 3550 1954 3601 ὲν
2006 3550 2243 3619 μήκωνι.
2285 3550 2374 3620 Τῷ
2411 3551 2509 3621 μὲν
2538 3553 2647 3624 γὰρ
2674 3553 3126 3624 ἐκθερμαίνεται,
3156 3557 3235 3628 τῷ
3271 3558 3328 3611 δὲ
3361 3576 3481 3613 κα-

1893 3641 2213 3712 ταψύχεται,
2230 3642 2307 3714 τῷ
2328 3644 2384 3696 δὲ
2409 3646 2579 3717 μέσην
2611 3645 2723 3716 ἔχει
2753 3647 3033 3718 ποιότητα.
3063 3650 3174 3703 Καὶ
3194 3653 3250 3704 ὲν
3274 3652 3474 3726 δάφνῃ,

1895 3733 1987 3784 καὶ
2016 3734 2075 3786 ἐν
2107 3735 2299 3804 σχοίνῳ
2319 3777 2333 3799 ,
2374 3739 2468 3789 καὶ
2497 3739 2609 3799 τοῖς
2640 3736 2898 3802 τοιούτοις
2939 3738 3169 3795 εὔπνουν
3204 3743 3348 3796 ἐστίν
3369 3760 3384 3774 ’
3418 3746 3476 3799 ἐν

1896 3823 2033 3891 συκῇ
2067 3821 2126 3874 δὲ
2149 3822 2243 3873 καί
2266 3822 2395 3893 ὄχνῃ
2430 3824 2857 3896 κατεγλυκάνθη.
2894 3827 3004 3878 Καὶ
3035 3825 3125 3879 διὰ
3155 3827 3255 3897 τῆς
3285 3829 3475 3897 ἀμπέ-

1893 3910 1984 3966 λου
2018 3914 2210 3985 βότρυς
2233 3917 2327 3968 καὶ
2354 3910 2494 3978 οἶνος
2523 3917 2737 3984 ἐγένετο
2755 3935 2767 3947 ο
2803 3918 2895 3970 καὶ
2923 3920 2950 3971 ὁ
2970 3919 3063 3970 τοῦ
3092 3919 3262 3989 μήλου
3288 3920 3474 3989 χυλὸς,

1893 4007 1989 4060 καὶ
2022 4007 2082 4059 τὸ
2113 4007 2204 4059 τοῦ
2234 4008 2384 4078 ῥόδου
2421 4010 2728 4080 ὲρύθρημα,
2766 4011 2860 4064 καὶ
2890 4011 2950 4064 τὸ
2982 4011 3076 4065 τοῦ
3111 4012 3299 4083 κρίνου
3332 4012 3477 4084 λαμ-

1894 4099 2053 4170 πρὸν,
2087 4100 2181 4153 καὶ
2210 4100 2272 4152 τὺ
2319 4099 2571 4165 κυανίζον
2616 4101 2711 4154 τοῦ
2746 4102 2824 4155 ἴου
2846 4143 2860 4167 ,
2897 4104 2990 4156 καὶ
3036 4104 3098 4156 τὸ
3132 4109 3476 4176 πορφυραῖον

1891 4191 1992 4260 τῆς
2035 4191 2288 4246 ὑακίνθου
2326 4192 2503 4264 βαφῆς
2529 4234 2542 4256 ,
2577 4195 2671 4245 καὶ
2723 4193 2881 4247 πάνθ’
2922 4196 3022 4248 ὅσα
3062 4195 3205 4249 κατά
3233 4197 3332 4268 τὴν
3364 4198 3475 4268 γῆν

1892 4285 2039 4336 ’ἐστιν
2074 4284 2219 4349 ίδεῖν,
2253 4285 2316 4337 ἐκ
2356 4287 2483 4355 μιᾶς
2513 4287 2606 4338 καί
2632 4286 2732 4355 τῆς
2760 4285 2930 4355 αὑτῆς
2974 4287 3202 4357 ἰκμάδος
3227 4288 3473 4343 ἀναϐλα-

1897 4375 2157 4428 στάνοντα
2181 4416 2193 4438 ,
2221 4376 2300 4437 εἰς
2318 4373 2585 4436 τοσαύτας
2608 4374 2873 4443 διαφορὰς
2901 4374 3041 4427 κατά
3071 4391 3129 4426 τε
3155 4374 3218 4427 τὸ
3244 4376 3434 4446 σχῆμα
3453 4417 3469 4443 ,

1896 4465 1991 4516 καὶ
2015 4464 2075 4516 τὸ
2108 4460 2267 4527 εἶδος,
2296 4464 2390 4517 καὶ
2420 4464 2519 4526 τάς
2552 4465 2844 4535 ποιότητας
2874 4463 3232 4535 διακρίνεται.

1966 4553 2215 4627 Τοιοῦτόν
2245 4571 2297 4606 τι
2323 4556 2413 4606 καὶ
2451 4554 2592 4607 κατά
2625 4555 2725 4625 τὴν
2752 4554 2990 4625 ἔμψυχον
3037 4554 3196 4624 ἡμῶν
3227 4555 3473 4627 ἄρουραν

1894 4624 2371 4715 Θαυιῖατοποιεῖται
2410 4645 2560 4714 παρά
2590 4624 2690 4714 τῆς
2724 4645 2967 4714 φύσεως,
3006 4646 3206 4715 μᾶλλον
3227 4624 3283 4699 δέ
3315 4624 3471 4718 παρά

1892 4736 1984 4789 τοῦ
2027 4736 2295 4788 Δεσπότου
2333 4736 2565 4803 φύσεως.
2607 4736 2798 4788 Ὀστέα
2830 4736 2927 4789 καὶ
2962 4737 3204 4807 χόνδροι,
3233 4738 3466 4806 φλέϐες,

1889 4828 2180 4900 ἀρτηρίαι,
2208 4827 2372 4899 νεῦρα
2394 4868 2408 4892 ,
2437 4827 2740 4898 σύνδεσμοι,
2789 4829 3011 4901 σάρκες,
3053 4830 3247 4901 δέρμα,
3295 4849 3465 4901 πιμε-

1888 4918 2009 4983 λαί,
2043 4920 2255 4989 τρίχες,
2292 4919 2473 4982 ἀδένες
2495 4961 2508 4981 ,
2540 4919 2750 4990 ὄνυχες,
2808 4920 3109 4992 ὀφθαλμοὶ,
3145 4921 3461 4993 μυκτῆρες,

1886 5006 2028 5078 ὦτα,
2088 5012 2266 5066 πάντα
2324 5012 2393 5065 τὰ
2451 5011 2713 5079 τοιαῦτα,
2769 5014 2863 5066 καὶ
2934 5015 3103 5085 μυρία
3157 5016 3293 5084 πρὸς
3345 5017 3466 5070 τού-

1883 5122 1992 5168 τοις
2047 5104 2182 5159 ἄλλα
2234 5104 2511 5176 διαφόροις
2570 5104 2824 5173 ἰδιότησιν
2891 5105 2985 5157 ἀπ’
3064 5105 3308 5175 ἀλλήλων
3377 5124 3468 5160 κε-

1883 5194 2232 5264 χωρισμένα,
2290 5194 2391 5264 μιᾷ
2430 5196 2496 5265 τῇ
2546 5195 2644 5265 τῆς
2695 5195 2902 5266 τροφῆς
2942 5194 3057 5266 ἰδέα
3112 5195 3466 5267 καταλλήλως

1880 5288 1946 5355 τῇ
1994 5283 2201 5338 ἑαυτῶν
2252 5285 2511 5356 τρέφεται
2561 5285 2749 5355 φύσει,
2792 5286 2869 5349 ὡς
2910 5286 3124 5356 ἑκάστῳ
3180 5286 3289 5340 τῶν
3329 5289 3460 5340 ὑποο

1875 5377 2140 5447 κειμένων
2196 5377 2296 5446 τὴν
2351 5378 2556 5448 τροφὴν
2617 5379 3111 5447 προσεγγίσασαν,
3170 5370 3324 5447 ᾧπερ
3391 5379 3462 5433 ἄν

1875 5469 2179 5541 ὲμπελάσῃ,
2212 5472 2331 5522 κατ’
2376 5471 2550 5522 ἐκεῖνο
2584 5471 2679 5523 καὶ
2718 5468 3084 5534 ἀλλοιοῦσθαι,
3122 5469 3332 5522 οίκείαν
3363 5471 3461 5524 καὶ

1880 5558 2097 5628 συμφυῆ
2140 5561 2202 5627 τῇ
2257 5558 2351 5610 τοῦ
2390 5558 2588 5628 μέρους
2642 5559 2863 5629 ἰδιότητι
2902 5559 3215 5630 γινομένην.
3248 5560 3311 5613 Εἰ
3344 5559 3458 5630 γὰρ

211 5670 331 5710 tur:
370 5664 417 5712 et
477 5666 634 5726 prout
678 5656 807 5725 ipsze
844 5654 893 5707 in
937 5653 1093 5709 oculo
1130 5655 1329 5708 tunica:
1375 5653 1603 5709 diversa:
1653 5665 1775 5710 sunt

1973 5652 2018 5707 ςά
2048 5653 2136 5705 τδν
2164 5651 2441 5722 ὀφθαλμὸν
2478 5652 2706 5720 γένοιτο,
2747 5652 2823 5722 τῷ
2848 5653 3089 5724 ὁρατικῷ
3122 5653 3294 5724 μορίῳ
3328 5669 3453 5722 συγ-
