3766 5988
236 221 344 276 εδδ

1468 217 1525 271 S.
1561 215 1891 272 GREGORH
1929 216 2217 273 NYSSENI

3377 208 3486 265 236

239 343 319 397 Ac
351 340 543 396 fuisset
569 339 788 412 quidem
824 338 947 408 ipso
994 337 1051 399 in
1083 342 1238 391 ortus
1273 335 1450 388 nostri
1495 334 1654 389 initio
1681 351 1726 404 pi

2013 335 2126 406 ταθῆ
2159 334 2253 388 καὶ
2302 334 2487 405 ζωὼδη
2519 334 2730 402 γένεσιν
2760 331 3032 396 κοινωνία,
3066 328 3165 382 οὐκ
3207 324 3372 388 εὐθὺς
3396 328 3500 379 ἐκ-

243 432 441 496 fectus,
472 432 518 486 si
543 446 637 500 per
674 437 957 501 peccatum
998 428 1157 498 quasi
1192 427 1440 481 mutilata
1469 433 1663 481 natura
1701 441 1811 480 non

243 533 413 579 esset.
448 522 604 577 Nunc
636 538 757 578 cum
792 522 1065 593 particeps
1104 527 1301 581 natura
1351 525 1542 573 nostra
1576 518 1648 572 sit
1692 517 1813 587 ejus

247 622 424 680 ortus,
459 614 555 690 qui
583 622 637 667 et
662 614 809 669 vitiis
839 613 1131 677 obnoxius,
1162 620 1215 667 et
1243 611 1556 665 animalium
1585 610 1813 664 rationis

247 705 547 773 cxpertium
573 705 716 758 ortui
750 703 925 763 amnis
968 712 1052 758 est
1082 722 1094 757 :
1130 702 1246 757 ﬁeri
1278 703 1464 772 nequit
1493 711 1550 755 ut
1579 702 1815 755 hominis

247 793 302 846 in
337 794 589 861 ﬁgmento
622 796 805 849 statim
847 795 1030 848 divina
1082 794 1261 862 imago
1304 793 1534 857 eluceat,
1584 791 1679 847 sed
1726 791 1814 844 via

248 884 481 952 quadam
505 889 558 938 ct
580 884 769 937 ordine
793 883 1065 937 hominem
1090 884 1246 952 quasi
1266 890 1639 951 “penetrantem
1664 895 1816 935 cras—

247 990 339 1030 sas
373 985 427 1029 et
456 989 485 1025 a
515 975 691 1028 brutis
732 973 1006 1043 proiectas
1034 974 1087 1027 in
1120 974 1302 1027 animo
1328 973 1713 1042 proprietates,
1748 969 1813 1024 ad

248 1066 637 1139 perfectionem
705 1064 987 1132 pervenire
1041 1078 1267 1118 necesse
1323 1072 1425 1117 est.
1492 1047 1818 1131 Hujusmodi

249 1154 505 1224 quiddam
538 1169 637 1209 nos
669 1170 900 1224 magnus
934 1154 1097 1208 etiam
1142 1152 1578 1221 Apostolusillc.
1608 1151 1663 1204 in
1704 1150 1819 1219 epi-

250 1247 388 1301 stola
418 1245 482 1299 ad
519 1245 831 1300 Corinthios
860 1246 1064 1317 scripta
1100 1245 1258 1299 docet
1288 1264 1300 1298 :
1345 1262 1363 1295 ι
1392 1244 1528 1297 Cum
1556 1256 1711 1310 puer,
1739 1242 1821 1294 in-

250 1336 389 1405 quit,
431 1351 629 1399 essem,
661 1351 952 1405 puerorum
978 1350 1129 1390 more
1150 1335 1415 1404 loquebar
1436 1340 1489 1388 et
1518 1333 1818 1386 ratiocina-

250 1425 370 1479 bar.
394 1424 489 1478 Vir
516 1425 711 1489 factus,
734 1426 962 1496 puerilia
990 1426 1178 1479 isthazc
1222 1424 1431 1478 aboleri
1463 1425 1508 1456 ⁹⁹
1542 1426 1581 1478 ⁸.
1612 1442 1631 1474 ›
1657 1421 1821 1477 Nimi-

249 1531 370 1571 rum
405 1517 764 1586 cogitationes
791 1516 976 1588 pueris
1013 1523 1396 1570 consentaneze
1426 1529 1535 1569 non
1566 1528 1632 1570 eo
1660 1524 1820 1584 pacto

251 1608 534 1661 abofentur
552 1606 741 1662 ascitis
759 1607 1026 1671 virilibus,
1048 1616 1109 1660 ut
1130 1608 1268 1661 alius
1294 1606 1509 1661 animus
1529 1606 1597 1660 ab
1623 1620 1709 1667 eo,
1728 1604 1820 1675 qui

1914 426 2146 498 λάμπειν
2177 425 2274 496 τὴν
2301 424 2447 478 θείαν
2480 425 2661 480 εἰκόνα
2702 427 2758 478 ἐν
2788 423 2865 493 τῷ
2903 422 3177 492 πλάσματι
3205 422 3495 492 ἐποίησεν.

1914 516 2028 578 ἀλλ’
2056 516 2159 587 ὁδῷ
2183 532 2285 569 τινι
2317 516 2410 569 καὶ
2442 514 2734 585 ἀκολουθίᾳ
2758 513 2847 567 διὰ
2868 514 2976 566 τῶν
3004 512 3200 567 ύλικῶν
3221 512 3318 566 καὶ
3338 510 3495 575 Cono-

1913 607 2174 679 δεστέρων
2198 609 2297 678 τῆς
2350 606 2528 676 ψυχῆς
2562 605 2866 676 ἰδιωμάτων
2892 605 2983 657 ἐπὶ
3021 605 3080 657 τὸ
3122 603 3327 657 τέλειον
3366 604 3496 671 ἄγει

1914 699 2002 752 τὸν
2054 696 2365 769 ἄνθρωπον.
2408 697 2482 749 Τὸ
2522 696 2579 748 δὲ
2611 695 2850 748 τοιοῦτον
2896 694 3070 763 δόγμα
3111 695 3204 746 καὶ
3242 695 3270 746 ὁ
3315 693 3499 764 μέγας

1929 785 2248 849 Ἀπόστολος
2274 789 2332 839 ἐν
2353 788 2418 856 τῇ
2450 787 2585 857 πρὸς
2613 784 2932 855 Κορινθίους
2974 785 3232 847 διδάσκει,
3264 785 3444 851 λέγων
3476 800 3493 815 ⁸

1922 892 1941 925 ι
1978 875 2107 928 Ὅτε
2164 876 2312 947 ἥμην
2343 878 2553 947 νήπιος,
2591 875 2813 929 ἐλάλουν
2853 876 2929 939 ὡς
2976 879 3199 946 νήπιος,
3249 872 3500 943 ἐλογιζό-

1920 985 2028 1038 μην
2062 969 2137 1031 ὡς
2175 969 2386 1039 νήπιος.
2433 968 2559 1022 Ὅτε
2619 967 2676 1019 δὲ
2714 968 2911 1036 γέγονα
2973 967 3128 1039 ἀνὴρ,
3162 969 3500 1038 κατήργησα

1916 1063 1984 1115 τὰ
2013 1060 2104 1113 τοῦ
2139 1062 2356 1131 νηπίου.
2381 1081 2399 1112 ι
2436 1062 2549 1114 Ούκ
2576 1061 2739 1132 ἄλλης
2791 1064 2847 1114 ἐν
2880 1060 2955 1131 τῷ
2988 1061 3138 1132 ἀνδρὶ
3184 1061 3281 1132 τῆς
3313 1060 3501 1131 ψυχῆς

1918 1149 2356 1220 ἐπεισελθούσης,
2392 1150 2540 1221 παρά
2572 1151 2670 1222 τὴν
2716 1151 2783 1202 ἐν.
2825 1148 2903 1219 τῷ
2942 1149 3207 1224 μειρακίῳ
3260 1149 3498 1220 νοουμέη

1920 1258 2038 1311 νην,
2065 1244 2096 1309 ἡ
2124 1241 2533 1313 νηπιωδεστέρα
2558 1245 2912 1314 καταργεῖται
2953 1241 3175 1305 διάνοια,
3197 1241 3288 1295 καὶ
3328 1243 3365 1312 η
3395 1243 3500 1295 ἀν-

1919 1331 2125 1402 δρώδης
2170 1332 2474 1401 ἐγγίνεται·
2510 1331 2644 1385 ἀλλά
2694 1335 2792 1403 τῆς
2837 1332 3006 1401 αύτῆς
3053 1333 3109 1386 ἐν
3149 1332 3341 1403 ἐκείνῳ
3393 1333 3503 1401 μὲν

1919 1422 1981 1475 τὸ
2032 1422 2237 1487 ἀτελὲς,
2274 1426 2330 1477 ἐν
2376 1422 2546 1492 τούτῳ
2574 1423 2629 1476 δέ
2670 1422 3107 1495 διαδεικνυούσης
3162 1424 3222 1475 τὸ
3261 1423 3497 1476 τέλειον.

1922 1506 2133 1590 Ὥσπερ
2152 1519 2259 1590 γὰρ
2286 1519 2355 1573 τὰ
2397 1518 2640 1591 φυόμενά
2663 1536 2723 1571 τε
2750 1519 2844 1572 καὶ
2873 1517 3171 1584 αὐξάνοντα
3202 1516 3302 1587 ζῇν
3338 1515 3504 1586 λέγο-

1925 1629 2044 1682 μεν,
2079 1613 2255 1677 πάντα
2291 1628 2351 1664 τε
2398 1610 2466 1664 τὰ
2504 1613 2560 1665 ἐν
2613 1610 2870 1681 μετουσίᾳ
2913 1607 3054 1679 ζωῆς
3111 1608 3203 1661 καὶ
3255 1612 3505 1678 φυσικῆς

250 1707 367 1754 erat
402 1700 456 1753 in
492 1715 680 1770 puero,
716 1700 771 1754 in
801 1700 1076 1756 hominem
1125 1699 1238 1769 jam
1278 1699 1455 1753 virum
1503 1698 1737 1769 immigrr

2018 1722 2050 1768 α
2088 1705 2374 1774 κινήσεως,
2419 1704 2520 1757 οὐκ
2561 1704 2625 1758 ἄν
2663 1720 2747 1766 τις
2781 1702 2963 1772 ἄψυχα
3004 1701 3247 1770 φήσειεν,
3289 1701 3350 1753 οὗ
3386 1701 3502 1770 μὴν

253 1789 347 1845 sed
379 1805 486 1844 uno
518 1791 818 1861 eodemque
849 1791 1032 1845 animo
1058 1789 1370 1844 facultatem
1404 1789 1459 1843 in
1492 1804 1667 1859 puero
1692 1804 1825 1843 nec-

253 1880 381 1934 dum
416 1880 735 1951 perfectam,
774 1880 834 1936 in
890 1882 1008 1936 viro
1049 1880 1347 1952 perfectam
1385 1881 1822 1935 demonstrante.

254 1970 721 2036 Quemadmodum
746 1973 889 2029 enim
921 1989 1007 2030 res
1029 1984 1337 2036 nascentes,
1372 1989 1492 2044 qua:
1520 1973 1827 2028 incremen-

253 2071 368 2118 tum
404 2070 647 2127 sumunt,
684 2063 866 2118 vivere
899 2063 1119 2134 quidem
1148 2064 1269 2118 illas
1302 2063 1576 2119 dicimus:
1608 2064 1751 2120 sicut
1773 2073 1825 2120 et

253 2153 400 2224 quod
430 2153 553 2208 vita:
585 2154 959 2225 naturalisque
983 2161 1165 2210 motus
1200 2162 1284 2211 est
1310 2156 1602 2225 particeps,
1649 2155 1825 2209 inani-

255 2260 405 2299 mum
438 2245 547 2300 dict
594 2247 803 2317 nequit,
843 2261 953 2301 non
1002 2255 1189 2302 tamen
1224 2246 1465 2317 perfecta
1513 2247 1571 2302 in
1625 2247 1704 2303 eis
1747 2247 1827 2303 sic

252 2335 567 2391 viventibus
626 2338 808 2391 anima
858 2337 1027 2392 statui
1084 2344 1285 2407 potest.
1338 2335 1474 2391 Nam
1526 2337 1581 2390 in
1626 2337 1826 2405 plantis

253 2442 580 2498 quamquam
599 2429 828 2483 exsistat
859 2429 1054 2483 animae
1069 2428 1288 2497 propria
1315 2426 1561 2496 quaedam
1593 2424 1824 2491 effectio,

252 2531 364 2572 non
399 2526 583 2575 tamen
612 2533 690 2573 ea:
724 2533 984 2573 sensuum
1017 2524 1225 2571 motum
1258 2516 1478 2570 habent.
1506 2513 1709 2570 Deinde
1736 2531 1828 2570 su-

150 2680 158 2689 ,
252 2622 351 2683 pra
390 2609 513 2672 has,
557 2596 817 2661 animalia
855 2609 1020 2662 bruta
1064 2615 1194 2661 sunt
1222 2606 1312 2661 illa
1361 2605 1582 2676 quidem
1632 2606 1829 2661 anima:

253 2698 517 2755 facultate
554 2699 821 2769 praedita:
873 2698 1036 2754 ﬁnem
1068 2712 1200 2753 vero
1229 2698 1480 2752 ultimum
1513 2704 1568 2753 et
1617 2697 1826 2768 pcrfec~

253 2794 460 2848 tionem
494 2807 604 2847 non
638 2800 766 2848 sunt
787 2791 1003 2861 adepta.
1030 2790 1240 2862 Quippe
1266 2806 1297 2845 a
1321 2790 1549 2845 rationis
1573 2797 1628 2844 et
1663 2790 1826 2844 intel-

255 2882 496 2954 ligentiac
542 2882 1004 2953 praestantissimo
1033 2882 1179 2937 dono
1216 2897 1327 2936 non
1368 2888 1497 2936 sunt
1538 2881 1826 2936 instructa.

258 2971 353 3027 Sic
398 2988 582 3027 veram
613 2973 749 3028 adeo
778 2971 1183 3042 perfectamque
1216 2972 1454 3026 animam
1494 2971 1665 3026 soiam
1707 2986 1830 3027 esse
1856 3006 1898 3064 ο

256 3063 552 3117 humanam
596 3062 912 3128 statuimus,
962 3060 1417 3116 conﬁrmantibus
1450 3060 1507 3113 in
1546 3059 1650 3113 hoc
1703 3075 1827 3113 sen-

258 3155 483 3215 tentiam
520 3163 763 3211 nostram
800 3152 1175 3209 eﬂcctionibus
1198 3152 1319 3221 ejus
1346 3151 1637 3206 universis.
1676 3149 1831 3217 Quod

260 3247 436 3315 siqua
474 3260 561 3301 res
592 3246 698 3300 alla
744 3246 1021 3316 particeps
1067 3244 1228 3299 etiam
1275 3242 1400 3297 vitae
1438 3249 1543 3305 est,
1596 3256 1659 3297 ea
1702 3254 1830 3296 vero

258 3338 500 3392 animata
533 3337 735 3392 dicitur
774 3336 1055 3391 hominum
1089 3350 1261 3398 more,
1296 3348 1482 3389 vocem
1522 3333 1663 3388 hanc
1707 3347 1833 3403 pro-

258 3431 378 3503 pria
409 3430 809 3501 significatione
840 3445 948 3484 non
970 3430 1373 3502 usurpantium.
1404 3428 1520 3483 Non
1546 3428 1691 3484 enim
1727 3427 1831 3481 hoc

258 3536 321 3575 ea
364 3520 421 3575 fit
453 3521 688 3587 ratione,
723 3521 880 3591 quasi
911 3520 1149 3592 perfecta
1179 3522 1251 3577 sit
1279 3520 1335 3575 in
1365 3519 1637 3590 ejusmodi
1668 3517 1831 3572 rebus

261 3607 585 3680 anima,’sed
621 3612 767 3685 quod
811 3620 995 3683 partes
1033 3612 1299 3684 quasdam
1344 3613 1399 3666 in
1436 3612 1516 3668 eis
1549 3611 1831 3666 videamus

260 3704 606 3761 cﬂ‘ectionum
635 3706 831 3760 anima:
867 3706 1209 3775 propriarum
1248 3705 1535 3768 exsistere,
1566 3718 1704 3773 quas
1743 3702 1830 3772 ip-

262 3812 354 3853 sas
393 3805 505 3852 tum
542 3798 775 3867 primum
812 3797 1045 3866 cmpisse
1096 3796 1334 3851 hominis
1363 3795 1417 3849 in
1451 3803 1646 3849 natura
1677 3808 1833 3847 acce-

260 3888 462 3961 pimus,
522 3903 646 3943 cum
694 3887 760 3940 ad
792 3895 996 3941 statum
1047 3886 1549 3956 perturbationibus
1586 3891 1641 3940 et
1680 3883 1828 3938 vitiis

1923 1795 2042 1848 οὐδὲ
2096 1795 2306 1857 τελείας
2351 1794 2529 1864 ψυχῆς
2584 1793 2832 1864 μετέχειν
2884 1793 2981 1863 τὴν
3029 1789 3284 1860 τοιαύτην
3347 1789 3503 1860 ζωὴν

1925 1884 2069 1939 ἔστιν
2103 1888 2292 1939 εἰπεῖν.
2320 1885 2592 1956 Γενομένη
2618 1887 2725 1956 γὰρ
2760 1887 2818 1938 ἐν
2840 1886 2950 1948 τοῖς
2976 1886 3162 1953 φυτοῖς
3188 1883 3391 1953 ψυχικὴ
3410 1899 3505 1944 τις

1925 1977 2189 2048 ἐνέργεια.
2233 1976 2393 2048 μέχρι
2438 1976 2545 2029 τῶν
2582 1978 2703 2030 κατ’
2746 1975 2996 2048 αἴσθησιν
3030 1974 3347 2045 κινημάτων
3396 1972 3508 2026 οὐκ

1926 2068 2154 2137 ἔφθασε.
2177 2068 2342 2121 Πάλιν
2387 2068 2444 2122 δὲ
2481 2068 2621 2122 κατά
2667 2067 2981 2139 προσθήκην
3025 2065 3253 2137 δύναμίς
3279 2081 3363 2126 τις
3394 2063 3507 2133 ψ)-

1925 2159 2052 2231 χικὴ
2092 2162 2203 2222 τοῖς
2252 2159 2464 2229 ἀλόγοις
2498 2159 2844 2228 ἐγγινομένη,
2878 2157 2996 2210 ούδέ
3026 2155 3164 2226 αὐτὴ
3186 2154 3278 2208 τοῦ
3311 2154 3509 2216 τέλους

1926 2251 2161 2320 ἐφίκετο,
2184 2250 2340 2320 λόγου
2376 2268 2433 2304 τε
2483 2252 2577 2303 καὶ
2622 2250 2856 2313 διανοίας
2899 2250 3056 2320 χάριν
3096 2251 3152 2301 ἐν
3204 2248 3370 2317 ἑαυτῇ
3426 2246 3509 2317 μὴ

1926 2343 2244 2415 χωρήσασα.
2270 2342 2366 2395 Διά
2405 2339 2560 2402 τοῦτό
2590 2359 2768 2411 φαμεν
2794 2341 2890 2411 τὴν
2931 2341 3025 2410 μὲν
3053 2337 3227 2409 ἀληθῆ
3266 2337 3363 2391 καὶ
3410 2354 3509 2390 τε·

1925 2433 2074 2486 λείαν
2112 2433 2286 2503 ψυχὴν
2324 2432 2665 2504 ἀνθρωπίνην
2693 2428 2862 2497 εἷναι,
2892 2431 2978 2484 διὰ
3010 2431 3190 2501 πάσης
3223 2427 3508 2499 ἐνεργείας

1926 2523 2353 2596 γνωριζομένην.
2384 2526 2446 2577 Εἰ
2477 2524 2532 2578 δέ
2560 2541 2611 2577 τι
2638 2524 2764 2578 ἄλλο
2789 2523 3002 2593 μετέχει
3039 2521 3206 2594 ζωῆς,
3245 2520 3301 2573 ἐν
3330 2535 3510 2571 κατα-

1928 2617 2118 2687 χρήσει
2146 2617 2252 2669 τινί.
2282 2615 2567 2687 συνηθείας
2624 2615 2864 2686 ἔμψυχον
2905 2606 3156 2683 λέγομεν,
3198 2611 3270 2682 μὴ
3307 2610 3389 2664 ὅτι
3417 2625 3511 2662 τε-

1928 2706 2047 2759 λεία
2078 2709 2134 2760 ἐν
2176 2705 2384 2769 τούτοις
2418 2707 2565 2759 ἐστὶν
2603 2709 2636 2777 ἠ
2671 2705 2838 2778 ψυχὴ,
2860 2704 2996 2758 ἀλλά
3020 2719 3137 2756 τινα
3176 2702 3316 2773 μέρη
3341 2699 3513 2771 ψυχι-

1929 2795 2030 2867 κῆς
2052 2794 2346 2865 ἐνεργείας,
2368 2794 2404 2848 ἃ
2441 2794 2535 2848 καί
2568 2796 2624 2848 ἐν
2663 2793 2741 2865 τῷ
2775 2790 3044 2864 ἀνθρώπῳ
3074 2790 3215 2844 κατά
3265 2793 3365 2863 τὴν
3402 2808 3515 2861 μυ⁹

1932 2885 2118 2955 στικὴν
2141 2884 2233 2938 τοῦ
2264 2885 2541 2948 Μωῦσέως
2589 2884 3029 2956 ἀνθρωπογονίαν
3054 2882 3513 2953 ἐπιγεγενῆσθαι,

1930 2974 2018 3027 διὰ
2050 2975 2147 3044 τὴν
2178 2974 2311 3046 πρὸς
2341 2974 2402 3028 τὸ
2444 2974 2683 3045 ἐμπαθὲς
2718 2973 3026 3044 οἰκειότητα
3077 2970 3512 3044 μεμαθήκαμεν.

1932 3066 2029 3120 Διὰ
2072 3064 2231 3118 τοῦτο
2277 3064 2657 3136 συμϐουλεύων
2683 3067 2710 3119 ό
2742 3065 2953 3130 Παῦλος
2982 3068 3092 3129 τοῖς
3129 3064 3348 3119 ἀκούειν
3375 3063 3515 3133 βου-

1931 3156 2178 3228 λομένοις
2229 3156 2329 3228 τῆς
2375 3156 2706 3227 τελειότητος
2732 3156 2981 3228 ἔχεσθαι,
3024 3158 3118 3210 καὶ
3169 3156 3258 3209 τὸν
3305 3154 3519 3225 τρόπον

1932 3247 2080 3310 ὅπως
2107 3246 2172 3300 ἂν
2199 3245 2292 3299 τοῦ
2344 3246 2773 3318 σπουδαζομένου
2806 3248 3017 3318 τύχοιεν
3062 3245 3395 3311 ὑποτίθεται,
3419 3245 3520 3299 λέ-

1933 3356 2065 3407 γων,
2101 3337 2508 3395 ἀπεκδύσασθαι
2542 3338 2649 3391 δεῖν
2677 3339 2765 3392 τὸν
2809 3338 3036 3392 παλαιὸν
3062 3338 3378 3409 ἄνθρωπον,
3416 3337 3521 3389 καὶ

1934 3429 2257 3487 ἐνδύσασθαι
2286 3430 2375 3483 τὸν
2397 3430 2533 3496 νέον,
2567 3430 2657 3484 τὸν
2687 3431 3142 3502 ἀνακαινούμενον
3176 3430 3294 3483 κατ’
3323 3428 3521 3482 εἰκόνα

1934 3521 2028 3575 τοῦ
2077 3522 2376 3586 κτίσαντος.
2423 3522 2562 3575 Ἀλλ’
2595 3523 2977 3595 ἐπανέλθωμεν
3036 3525 3232 3586 πάντες
3282 3522 3376 3575 ἐπὶ
3410 3520 3522 3590 τὴν

1937 3612 2143 3683 θεοειδῆ
2168 3613 2326 3685 χάριν
2350 3615 2584 3683 ἐκείνην,
2623 3610 2732 3689 ἐνῇ
2760 3616 2941 3669 ἔκτισε
2969 3615 3028 3669 τὸ
3057 3616 3175 3669 κατ’
3208 3613 3378 3685 ἀρχὰς
3419 3612 3518 3665 τὸν

1936 3703 2217 3775 ἄνθρωπον
2245 3706 2271 3757 ό
2305 3704 2456 3767 Θεὸς,
2489 3703 2657 3758 εἰπών
2680 3722 2692 3735 ·
2721 3706 2799 3758 ὅτι
2828 3724 2844 3756 ι
2877 3705 3194 3776 Ποιήσωμεν
3225 3700 3521 3772 ἄνθρωπον

1937 3794 2055 3847 κατ’
2088 3794 2271 3847 εἰκόνα
2300 3796 2393 3848 καὶ
2429 3795 2684 3865 ὁμοίωσιν
2719 3795 3042 3866 ἡμετέραν.»
3072 3787 3141 3867 ’ᾯ
3179 3793 3213 3863 ἡ
3243 3791 3369 3858 δόξα
3418 3790 3525 3844 καὶ

1934 3885 1996 3938 τὸ
2025 3886 2224 3956 κράτος
2255 3888 2334 3950 εἰς
2364 3888 2488 3950 τοὺς
2509 3887 2707 3951 αἰῶνας
2738 3886 2846 3940 τῶν
2876 3885 3109 3941 αἰώνων.
3145 3885 3339 3956 Ἀμήν.

260 3981 556 4035 obnoxium
602 3994 705 4034 nos
744 3979 1158 4033 demisisscmus
1189 3997 1202 4032 :
1237 3978 1382 4032 sicut
1413 3985 1497 4032 cst
1528 3992 1595 4031 ex
1633 3990 1834 4030 arcana
1872 3974 2038 4033 Mosis
2099 3978 2165 4032 dc
2205 3978 2443 4034 hominis
2497 3987 2620 4033 ortu
2668 3979 2983 4033 narratione
3026 3977 3382 4033 declaratum.
3419 3973 3515 4030 ld-

261 4074 410 4127 circo
446 4072 649 4127 Paulus
683 4088 748 4128 co
792 4073 934 4137 loco,
968 4087 1078 4142 quo
1112 4071 1347 4127 consulit
1380 4071 1635 4127 omnibus
1687 4072 1780 4141 qui
1828 4056 2020 4141 parere
2083 4072 2317 4127 consilio
2357 4073 2532 4143 ipsius
2575 4073 2763 4139 velint,
2800 4082 2859 4129 ut
2903 4072 3223 4144 perfectioni
3260 4071 3373 4126 sint
3422 4067 3519 4123 ad-

260 4164 434 4219 dicti:
485 4164 703 4219 modum
744 4164 905 4219 etiam
946 4163 1188 4234 subiicit,
1239 4158 1349 4234 quo
1394 4162 1510 4217 ﬁeri
1556 4170 1837 4233 compotes
1893 4165 2003 4219 voti
2058 4165 2144 4220 sui
2182 4164 2412 4235 possint,
2463 4180 2586 4219 cum
2641 4166 2760 4219 ait:
2807 4164 3128 4220 Exuendum
3167 4178 3289 4220 esse
3345 4159 3524 4215 homi-

260 4272 385 4311 nem
408 4266 669 4322 veterem,
698 4266 754 4314 et
813 4256 1145 4315 induendum
1196 4272 1420 4321 novum,
1448 4256 1541 4328 qui
1579 4257 1649 4312 sit
1707 4255 1773 4310 ad
1824 4256 2113 4327 imaginem
2149 4257 2427 4313 Creatoris
2469 4258 2830 4313 instauratus.
2880 4257 2992 4327 Age
3040 4257 3223 4327 igitur,
3264 4261 3521 4308 reverta-

261 4362 387 4408 mur
419 4364 612 4404 omnes
656 4349 724 4405 ad
753 4350 993 4407 divinam
1028 4349 1177 4403 illam
1216 4350 1467 4421 gratiam,
1503 4364 1610 4421 qua
1648 4364 1831 4404 rerum
1883 4349 2044 4404 initio
2094 4348 2237 4406 Deus
2297 4349 2573 4406 hominem
2604 4361 2847 4405 creatum
2899 4349 3135 4410 ornavit,
3187 4360 3312 4401 cum
3362 4344 3522 4398 dice-

261 4448 347 4494 ret
380 4458 393 4494 :
439 4458 457 4489 ι
494 4436 782 4496 Faciamus
822 4441 1097 4500 hominem
1128 4440 1196 4499 ad
1238 4441 1527 4514 imaginem
1564 4441 2090 4513 similitudinemque
2138 4450 2407 4506 nostram.
2444 4462 2464 4496 ι
2498 4442 2558 4499 Ei
2596 4443 2675 4507 sit
2700 4443 2871 4517 gloria
2914 4450 2969 4499 et
3013 4449 3255 4513 potestas
3297 4435 3521 4493 saeculis

264 4534 510 4592 inﬁnitis.
542 4534 732 4593 Amen.
934 4536 947 4569 ν

335 4689 405 4722 ⁸⁹⁶
434 4689 559 4750 Cor.
602 4708 718 4759 xm,
762 4693 845 4747 Η.
