3794 6000
196 79 293 135 95⁸1

928 65 995 122 IN
1035 66 1278 128 VERBA,
1323 61 1704 117 FACIAML'S
1748 59 2054 116 ΙΙΟΜΙΝΕ

1907 58 2140 122 ἸΝΕΜ,
2183 59 2359 121 ETC.,
2401 59 2606 115 ORAT.
2647 60 2686 116 1.

3326 65 3440 120 258

224 216 3411 264 Μ

1281 367 1417 423 ΤΟΥ
1444 368 1534 422 ΕΝ
1569 368 1793 423 ΑΓιοιΣ
1834 366 2105 422 ΠΑΤΡΟΣ
2148 366 2347 420 ΗΜΩΝ

1034 560 1904 707 ΓΡΗΓΟΡΙΟΥ
2011 559 2592 675 ΝΥΣΣΗΣ

396 800 498 866 Ei;
528 798 600 854 τὰ
636 797 734 869 τῆς
778 795 1002 869 Γραφῆς
1034 794 1254 865 ῥήματα
1287 809 1301 823 ·
1349 790 1701 859 Ποιήσωμεν
1744 790 2057 859 ἄνθρωπον
2089 790 2216 844 κατ’
2248 789 2451 842 εἰκόνα
2477 787 2768 857 ἡμετέραν
2795 786 2891 842 καὶ
2924 789 3224 859 ὁμοίωσιν.

1792 969 1860 987 μ

810 1123 929 1236 S.
1016 1122 1140 1232 P.
1230 1123 1374 1237 N.
1463 1116 2140 1235 GREGORII
2217 1112 2832 1228 NYSSENI

400 1392 474 1456 lu
510 1389 857 1468 Scriptum
891 1384 1102 1458 verba,
1139 1382 1467 1442 Faciamus
1499 1380 1806 1441 hominem
1835 1377 1916 1438 ad
1944 1379 2271 1455 imaginem
2314 1388 2370 1438 et
2420 1378 2893 1441 similitudinem
2925 1385 3227 1439 nostram.

1345 1589 1496 1639 Petro
1518 1574 1774 1637 Fraucisco
1802 1585 1922 1634 Zino
1946 1585 2246 1644 interprete.

829 1935 1047 1995 ΛΟΓΟΣ
1082 1935 1160 1989 A'.
1807 1916 1855 1974 Α

277 2050 521 2111 Παλαιοῦ
553 2048 754 2122 χρέους
814 2048 1020 2101 ἔκτισιν
1074 2002 1499 2115 ἀειιεοεττληρώσων1
1539 2039 1677 2114 ἥκω,
1722 2034 1785 2096 οὗ

214 2145 309 2215 τὴν
335 2140 590 2196 ἀπόδοσιν
621 2136 981 2206 eumeum,
1009 2132 1107 2187 οὐκ
1137 2130 1497 2205 ἀγνωμοσύνῃ
1530 2131 1785 2204 προαιρέ-

2497 1924 2755 1982 ORATIO
2792 1924 2834 1980 l.

1954 2039 2206 2096 Debitam
2240 2038 2471 2094 auribus
2495 2038 2694 2094 vestris
2718 2036 3140 2108 expositionem,
3171 2037 3331 2108 cujus
3356 2050 3455 2093 nos

1886 2130 2033 2185 mine
2073 2138 2333 2199 tanquam
2367 2144 2474 2184 aere
2501 2128 2683 2182 alieno
2712 2126 2865 2182 vobis
2894 2127 3222 2198 jampridem
3249 2128 3456 2183 obstri-

217 2246 368 2293 σεως,
401 2226 516 2281 ἀλλ’
546 2224 801 2294 ἀσθενείᾳ
842 2220 1110 2292 σώματος,
1156 2221 1318 2292 χρέος
1358 2220 1786 2288 ἀναγκαιότατον
1887 2229 2014 2276 ctus

1907 2229 2014 2276 :tus
2064 2235 2185 2275 sum
2229 2219 2569 2283 necessario,
2606 2219 2875 2289 cujusque
2915 2220 3238 2275 solutionem
3279 2221 3458 2275 adhuc

216 2320 306 2375 καὶ
322 2317 673 2387 ὀφειλόμενον
710 2312 862 2384 ὑμῶν
889 2314 955 2382 τῇ
989 2309 1273 2381 ἀκροάσει.
1314 2310 1426 2362 Kal.
1454 2308 1563 2381 γὰρ
1601 2309 1667 2363 ἂν
1699 2308 1784 2379 εἴη
1888 2327 2001 2367 non
2034 2312 2047 2364 i

1907 2327 2001 2366 ion
2034 2312 2233 2383 ingrati
2268 2310 2434 2365 animi
2463 2310 2615 2372 vitio,
2652 2309 2749 2365 sed
2784 2310 2994 2364 infirma
3031 2315 3281 2381 corporis
3312 2312 3458 2367 vale-

217 2408 394 2463 ἂδικον
433 2403 504 2457 τὰ
534 2402 665 2472 περὶ
696 2399 897 2470 Θηρίων
942 2399 1037 2453 καὶ
1068 2396 1280 2468 νηκτῶν
1319 2396 1412 2450 καὶ
1442 2395 1656 2467 κτηνῶν
1693 2396 1790 2450 καὶ
1892 2405 2054 2459 rudi“.

1907 2405 2084 2460 .udine
2111 2403 2406 2472 impeditus
2433 2402 2643 2467 distuli,
2676 2403 3056 2473 persoluturus
3081 2403 3330 2459 advenio.
3353 2403 3459 2459 lui-

220 2493 458 2564 πτηνῶν,
487 2486 722 2561 οὐρανοῦ
753 2505 815 2540 τε
856 2490 948 2539 καὶ
990 2485 1097 2539 τῶν
1138 2484 1257 2539 κατ’
1287 2483 1538 2555 οὐρανὸν,
1577 2484 1704 2555 περί
1728 2501 1789 2536 τε
1891 2510 2054 2566 quum

1907 2510 2060 2566 luum
2089 2497 2235 2550 enim
2268 2502 2435 2562 esset,
2479 2510 2602 2549 cum
2638 2506 2723 2557 ea,
2766 2508 2887 2565 quae
2913 2495 2979 2550 ad
3024 2493 3189 2558 feras,
3217 2504 3333 2550 tum
3371 2511 3460 2550 na-

218 2583 311 2636 καὶ
340 2580 450 2633 τῶν
500 2579 620 2632 κατ’
668 2576 914 2647 οὐρανὸν,
940 2574 1067 2645 περί
1098 2591 1158 2627 τε
1206 2574 1310 2645 γῆς
1345 2575 1439 2627 καὶ
1485 2572 1596 2627 τῶν
1633 2575 1692 2625 ὲν
1718 2575 1789 2644 τῇ
1847 2584 1853 2589 ·
1891 2595 2054 2642 tante,

1907 2595 2095 2651 ;antes,
2147 2596 2258 2642 tum
2290 2585 2621 2657 gradientes,
2666 2591 2780 2639 tum
2823 2587 3091 2651 volantes,
3127 2601 3355 2657 quaeque
3395 2586 3465 2642 ad

216 2676 286 2744 τῇ
318 2671 504 2741 φυτῶν
547 2666 893 2738 διδαχθέντας
940 2666 1118 2737 ἡμᾶς,
1157 2664 1231 2737 μὴ
1280 2665 1371 2718 καὶ
1418 2664 1488 2719 τὰ
1537 2664 1665 2735 περὶ
1696 2665 1795 2734 τῆς

217 2762 495 2834 ἡμετέρας
514 2760 780 2829 γενέσεως
804 2760 870 2811 ὲκ
911 2757 1009 2826 τῆς
1038 2756 1393 2809 θεοπνεύστου
1425 2755 1648 2826 Γραφῆς
1685 2772 1797 2824 φω-

218 2854 489 2924 τισθῆναι.
530 2852 744 2919 Ὠσπερ
772 2848 879 2919 γὰρ
903 2849 951 2900 οἱ
978 2847 1248 2918 ὀφθαλμοὶ
1270 2847 1428 2916 ἡμῶν
1456 2845 1524 2899 τὰ
1550 2846 1654 2912 ἔξω
1680 2844 1797 2915 βλέ-

221 2961 436 3009 ποντες,
464 2942 691 3004 ἑαυτοὺς
720 2940 817 3009 οὐχ
859 2937 1087 3010 ὁρῶσιν·
1116 2938 1210 2991 ἐὰν
1240 2938 1420 3009 μήπου
1452 2936 1596 2998 τινὸς
1623 2936 1796 3007 ἆψων-

217 3055 308 3091 ται
350 3034 600 3106 στερεοῦ,
644 3031 900 3086 κάκεῖθεν
936 3029 1333 3085 ἁνακλασθεῖσα
1376 3030 1409 3100 ἡ
1443 3028 1565 3098 ὄψις
1614 3027 1800 3100 ὥσπερ

219 3129 328 3186 ἀπὸ
365 3125 697 3197 παλιρροίας
721 3125 852 3195 ὁρᾷν
885 3124 1084 3186 αὐτοὺς
1121 3122 1325 3194 ποιήσῃ
1357 3120 1427 3174 τὰ
1469 3118 1675 3173 ἑαυτῶν
1705 3137 1803 3173 κα-

1896 2676 2094 2730 οωιιιω
2126 2682 2179 2728 et
2201 2689 2264 2728 ea
2293 2689 2415 2743 qua:
2446 2675 2499 2729 in
2537 2674 2676 2729 coelo
2706 2681 2856 2740 sunt,
2881 2690 3112 2744 quaeque
3148 2677 3213 2730 ad
3238 2687 3464 2739 terram,

1896 2774 1952 2820 et
1997 2765 2063 2818 ad
2108 2765 2200 2819 illa
2244 2752 2375 2834 quae
2395 2772 2526 2820 sunt
2571 2763 2626 2817 in
2673 2773 2839 2828 terra,
2885 2766 3179 2834 pertinent,
3209 2766 3467 2823 didiceris

1898 2872 2056 2915 mus:
2105 2871 2168 2910 ea
2216 2856 2398 2918 nobis,
2431 2870 2553 2925 qua:
2597 2855 2660 2909 ad
2702 2862 2880 2909 ortum
2926 2858 3469 2927 procreationemque

1899 2955 2144 3002 nostram
2166 2954 2433 3015 spectant,
2463 2962 2492 2999 a
2523 2946 2708 3001 divina
2744 2944 3033 3016 Scriptura
3066 2963 3174 3001 non
3199 2949 3466 3017 patelieri.

1901 3035 2366 3102 Quemadmodum
2416 3036 2560 3090 enim
2617 3036 2761 3091 oculi
2820 3037 3015 3100 nostri,
3066 3052 3190 3092 cum
3246 3053 3309 3093 ea
3350 3052 3474 3109 qua!

1904 3135 2032 3183 sunt
2063 3135 2218 3182 extra
2254 3141 2312 3182 sc
2357 3126 2598 3190 videant,
2647 3126 2859 3197 scipsos
2906 3141 3019 3182 non
3056 3137 3313 3190 cernunt,
3362 3129 3473 3183 nisi

218 3221 376 3274 τύπιν
404 3234 421 3251 ’
457 3216 720 3270 οὕτωκαὶ
745 3217 774 3268 ὁ
802 3214 926 3278 νοῦς
956 3214 985 3267 ὸ
1011 3213 1296 3284 ἡμέτερος,
1330 3211 1464 3264 ἄλλα
1487 3210 1650 3281 ὁρῶν,
1677 3211 1802 3266 ὲαυ-
1831 3252 1875 3307 Β
1904 3220 2054 3277 laver

1907 3220 2346 3291 laevequippiam,
2372 3234 2434 3275 ac
2457 3220 2691 3274 solidum
2727 3220 3097 3291 inspexerint,
3135 3221 3280 3277 unde
3302 3220 3474 3276 refrav

216 3311 311 3365 τδν
337 3312 402 3365 οὐ
438 3308 650 3380 βλέπει,
675 3307 771 3359 ἐὰν
805 3306 879 3378 μὴ
915 3308 1034 3369 ταῖς
1064 3305 1306 3376 Γραφαῖς
1326 3304 1561 3374 ἐγκύψῃ.
1594 3303 1667 3356 Τὸ
1694 3301 1804 3372 γὰρ

216 3400 462 3455 ἐνταῦθα
515 3399 631 3469 φῶς
668 3397 1068 3468 ἀνακλώμενον,
1096 3396 1192 3451 τοῦ
1223 3396 1555 3468 καθορᾶσθαι
1580 3396 1807 3448 ἕκαστον

213 3492 381 3563 ἡμῶν
397 3490 575 3545 αἴτιον
600 3490 828 3559 γίνεται.
854 3490 1008 3544 Ἐπεὶ
1034 3488 1281 3542 ἀσυνετοι
1302 3490 1466 3559 ἐσμεν
1493 3489 1587 3541 καὶ¹
1612 3486 1807 3558 ἀπερί-

214 3601 383 3637 οπτοι
451 3582 555 3652 τῆς
590 3581 800 3635 ἑαυτῶν
850 3578 1218 3648 κατασκευῆς,
1246 3579 1383 3648 ὅπερ
1433 3577 1598 3649 ἐσμὲν
1628 3572 1730 3630 καῖ
1754 3576 1807 3629 τί

215 3675 395 3743 ἐσμεν
429 3671 775 3739 ἀγνοοῦντες.
821 3668 1189 3739 Ἀμελέστατα
1221 3667 1330 3738 γὰρ
1365 3665 1573 3722 ἑαυτῶν
1605 3665 1807 3720 διακεί-

219 3762 391 3833 μεθα,
433 3761 544 3815 τῶν
573 3758 882 3832 προχείρων
927 3761 1026 3830 τῆς
1068 3757 1321 3828 γνώσεως
1352 3758 1583 3813 καὶτῶν
1618 3774 1807 3829 μικροι

217 3852 408 3907 τάτων
440 3851 553 3905 τῶν
580 3852 639 3903 ὲν
671 3853 804 3921 ἡμῖν
834 3849 1030 3918 γνῶσιν
1057 3850 1158 3904 οὐκ
1187 3850 1424 3921 ἔχοντες.
1444 3850 1642 3904 Πολλαὶ
1669 3866 1810 3922 πρα-

217 3945 497 4014 γματεῖαι
531 3942 663 4013 περὶ
707 3941 769 3994 τὸ
804 3941 963 4012 σῶμα
995 3941 1057 3994 τὸ
1093 3941 1355 4014 ἡμέτερον
1389 3942 1450 3996 τὸ
1476 3941 1812 4013 ἀνθρώπινον

218 4036 325 4106 τὴν
363 4037 554 4089 πᾶσαν
589 4033 795 4087 ἑαυτῶν
823 4032 1056 4104 σπουδὴν
1081 4034 1469 4105 κατηνάλωσαν
1488 4051 1503 4067 ·
1525 4034 1626 4090 κᾶν
1650 4037 1814 4106 ἰατρι-

222 4127 335 4197 κὴν
394 4125 658 4197 ἐπέλθῃς,
686 4125 940 4196 εὑρήσεις
997 4124 1136 4178 πόσα
1187 4126 1314 4194 περὶ
1349 4126 1446 4196 τῆς
1475 4126 1664 4197 χρείας
1703 4126 1814 4180 τῶν

222 4217 528 4288 ἡμετέρων
573 4218 703 4286 ἡμῖν
753 4215 1039 4284 διηγεῖται,
1070 4216 1242 4279 πόσας
1288 4218 1415 4286 περὶ
1459 4217 1560 4287 τῆς
1606 4217 1816 4271 ἔνδοθεν

225 4312 365 4382 ἡμῖν
399 4308 747 4378 κατασκευῆς
780 4309 837 4360 ὲν
877 4310 999 4370 ταῖς
1052 4308 1408 4379 ἀνατομικαῖς
1444 4311 1817 4381 ὲγχειρὴσεσιν

1905 3319 2026 3368 ctus
2053 3312 2277 3368 obtutus
2311 3327 2375 3367 ac
2401 3311 2635 3367 reﬂuens
2663 3311 2860 3367 eﬂiciat
2892 3320 2953 3367 ut
2998 3328 3056 3368 se
3089 3313 3191 3382 ipsi
3226 3314 3474 3368 intueana

1906 3408 1999 3457 tur
2032 3420 2046 3458 :
2080 3403 2160 3457 sic
2189 3402 2405 3457 animus
2434 3412 2623 3458 noster
2650 3402 2755 3457 alia
2785 3417 3038 3466 cernens,
3074 3418 3134 3459 se
3162 3405 3339 3472 ipsum
3364 3418 3475 3458 non

1907 3495 2072 3559 videt,
2118 3492 2224 3548 nisi
2264 3491 2565 3562 Scripturis
2610 3493 2908 3557 inhaeserit,
2941 3503 3104 3565 atque
3146 3495 3476 3551 incubuerit.

1908 3586 2063 3652 Quod
2095 3585 2242 3641 enim
2277 3585 2332 3640 in
2378 3584 2487 3638 illis
2514 3591 2598 3640 est
2646 3584 2849 3649 lumen,
2884 3586 3203 3652 reﬂectitur,
3241 3586 3481 3657 facitque

1909 3684 1971 3731 ut
2005 3689 2108 3731 nos
2137 3675 2239 3746 ipsi
2272 3674 2674 3744 perspiciamus
2707 3681 2760 3729 et
2796 3688 3220 3746 cognoscamus.
3258 3672 3478 3741 Verum,

1912 3763 2167 3835 quoniam
2193 3776 2285 3817 eas
2303 3762 2649 3832 negligimus,
2674 3776 2774 3817 nec
2796 3763 2939 3825 scire
2955 3775 3235 3830 curamus,
3259 3779 3483 3836 quomoo

1911 3856 1984 3911 do
2004 3853 2131 3907 facti
2150 3852 2770 3923 constructiquesimus,
2796 3854 2920 3909 inde.
2935 3855 3011 3920 fit,
3039 3862 3096 3909 ut
3115 3855 3243 3926 quid
3265 3857 3485 3927 quales-

1911 3960 1976 4002 ve
2008 3944 2203 4009 simus,
2234 3944 2569 4015 ignoremus,
2600 3950 2655 3998 et
2685 3959 2872 3999 eorum
2909 3961 3030 4015 quae
3058 3948 3113 4001 in
3150 3948 3312 4003 nobis
3334 3954 3481 4011 sunt,

1912 4037 2040 4092 licet
2085 4035 2334 4099 minima,
2385 4035 2732 4105 maximeque
2776 4051 2957 4091 rerum
3005 4040 3250 4093 omnium
3305 4038 3486 4093 facilia

1914 4138 2075 4197 atque
2100 4127 2156 4181 in
2187 4136 2440 4196 promptu
2488 4127 2618 4191 sint,
2644 4127 2851 4182 nullam
2886 4129 3134 4183 notitiam
3167 4130 3484 4185 habeamus.

1915 4220 1994 4275 Ac
2047 4218 2265 4272 tametsi
2304 4216 2491 4273 multa?
2536 4217 2826 4272 facultates
2876 4218 2931 4271 in
2977 4233 3205 4287 corpore
3246 4218 3487 4272 humano

1917 4309 2287 4381 dignoscendo
2334 4321 2496 4363 omne
2540 4322 2700 4362 suum
2741 4307 2981 4362 studium
3035 4308 3373 4363 collocarunt
3418 4309 3487 4379 (s‘i

225 4401 431 4473 ἐξεῦρε
483 4396 873 4468 κεκρυμμένας
925 4398 1079 4460 ὁδοὺς
1134 4398 1580 4469 συνυπαρχούσας
1638 4400 1697 4452 ὲν
1740 4397 1819 4470 τῷ
1919 4401 2054 4457 enim

1919 4401 2064 4457 enim
2095 4398 2364 4453 medicam
2394 4406 2564 4454 artem
2597 4398 2933 4461 consideres,
2962 4397 3122 4454 facile
3147 4400 3491 4456 animadver-

227 4494 461 4562 ἀφανεῖ,
502 4490 634 4560 μίαν
668 4489 971 4557 σύμπνοιαν
1008 4487 1116 4542 ἀπὸ
1146 4487 1238 4542 τοῦ
1286 4488 1537 4559 σώματος
1558 4527 1570 4549 ,
1602 4491 1820 4561 ὀχετοὺς
1919 4498 2025 4552 tes,

1919 4498 2025 4552 tes,
2070 4502 2234 4560 quam
2279 4488 2451 4541 multa
2496 4488 2563 4542 de
2605 4503 2705 4542 usu
2750 4488 2985 4557 partium
3020 4488 3138 4558 ejus
3177 4489 3490 4556 tradiderit;

230 4583 587 4653 πνεύματος,
635 4578 982 4649 ὐδραγωγίας
1024 4579 1287 4649 αἵματος,
1321 4580 1593 4650 ἀναπνοῆς
1632 4581 1817 4653 ὁλκὴν,
1846 4569 1890 4628 (ἶ
1923 4594 2054 4655 qua!

1923 4594 2087 4655 quam
2114 4579 2285 4632 multa
2307 4578 2374 4633 de
2408 4577 2653 4633 interiori
2685 4586 2873 4633 nostra
2909 4585 3184 4632 structura
3211 4579 3264 4632 in
3297 4580 3493 4633 sectio-

230 4674 458 4742 οεκησιν
483 4667 668 4731 ἑστίας
705 4665 801 4720 τοῦ
831 4665 1036 4737 θερμοῦ
1067 4668 1161 4720 ἐπὶ
1189 4668 1289 4738 τῆς
1314 4668 1560 4739 καρδίας,
1608 4670 1822 4739 κίνησιν
1928 4671 2054 4726 nibu

1928 4671 2091 4726 nibus
2120 4669 2481 4740 excogitarit;
2528 4682 2691 4738 quam
2730 4669 2945 4724 abdilas
2990 4669 3339 4737 occultasque
3376 4669 3493 4724 vias

232 4760 443 4832 διαρκῆ
512 4760 607 4812 τοῦ
670 4758 1018 4830 περικαρδιου
1074 4752 1407 4828 πνεύματος.
1462 4761 1647 4832 Μυρία
1695 4763 1823 4834 παρ’
1929 4769 2053 4832 pate

1929 4759 2266 4832 patefecerit,
2311 4768 2372 4815 ut
2415 4776 2583 4815 unum
2638 4761 2805 4816 totius
2850 4761 3096 4830 corporis
3141 4770 3491 4836 concentum,

237 4853 481 4914 ἐκείνοις
527 4847 981 4919 πεφιλοσόφηται,
1006 4839 1081 4901 ὧν
1133 4847 1310 4911 οὐδεὶς
1366 4848 1522 4918 ἡμῶν
1550 4851 1699 4903 ἐστιν
1724 4848 1825 4919 ἕμ-
1930 4865 2054 4924 atqu

1930 4865 2097 4924 atque
2132 4854 2504 4921 concordiam,
2545 4854 2790 4924 spiritus,
2841 4853 3123 4924 sanguinis
3160 4852 3377 4919 ductus,
3411 4860 3496 4908 at-

237 4958 457 5014 πειρος,
488 4940 569 5011 τῷ
589 4939 858 5011 μηδεμίαν
882 4938 1077 5009 σχολὴν
1100 4939 1392 5010 ἀπονεῖμαι
1422 4940 1500 5009 τῷ
1531 4940 1684 5010 μέρει
1712 4939 1829 4994 τού·
1934 4954 2054 5000 trac:

1934 4945 2257 5000 tractionem
2307 4944 2522 5007 animae,
2565 4958 2629 4999 ac
2667 4943 3027 5010 domicilium,
3065 4943 3267 4998 caloris
3313 4944 3495 4998 sedem

237 5049 335 5086 του
362 5033 467 5102 τῆς
514 5031 839 5097 ἐξετάσεως,
875 5030 1006 5101 μηδὲ
1047 5029 1250 5100 γνῶναι
1290 5029 1480 5084 ἑαυτὸν
1521 5031 1827 5094 ἕκαστοςδς
1936 5036 1990 5090 in
2022 5051 2053 5090 c

1936 5036 1990 5090 in
2022 5035 2208 5099 corde,
2241 5041 2561 5104 perpetuum
2593 5033 2821 5103 spiritus
2849 5032 2901 5085 in
2926 5033 3238 5101 praecordiis
3268 5043 3498 5097 motum,

238 5123 322 5187 τίς
358 5127 527 5177 ἐστιν.
554 5121 789 5176 Εὖκολοι
814 5119 924 5190 γάρ
949 5120 1114 5190 ἐσμεν
1143 5119 1344 5188 γνῶναι
1372 5119 1599 5190 οὐρανὸν
1630 5120 1828 5191 μᾶλλον
1933 5133 2054 5195 atqu

1933 5133 2096 5195 atque
2122 5123 2227 5175 alia
2270 5120 2687 5175 innumerabilia
2728 5117 3373 5188 investigaverit),tamen
3406 5135 3507 5176 ea-

242 5214 276 5285 ῆ
304 5215 555 5278 ἑαυτούς.
600 5214 768 5267 Ὥστε
802 5210 877 5281 μὴ
904 5212 1234 5280 καταφρόνει
1279 5209 1373 5264 τοῦ
1406 5212 1464 5264 ὲν
1503 5210 1586 5264 σοὶ
1614 5211 1827 5282 θαύμα-
1936 5229 2054 5267 rum

1936 5229 2054 5267 rum
2084 5227 2184 5267 nos
2216 5212 2459 5265 omnium
2484 5209 2656 5280 ignari
2691 5222 2904 5270 sumus.
2934 5208 3134 5280 quippe
3160 5208 3253 5277 qui
3278 5208 3333 5262 in
3358 5209 3501 5279 ejus-

239 5319 349 5369 τος.
382 5305 598 5378 Μικρὸς
632 5302 748 5372 γὰρ
784 5295 855 5363 εἷ,
883 5299 958 5363 ὡς
1001 5297 1272 5369 νομίζειςο
1304 5300 1476 5370 μέγαν
1512 5299 1568 5352 δὲ
1602 5300 1829 5370 ὲπερχό·
1941 5318 2054 5358 moc

1941 5304 2090 5358 modi
2138 5302 2379 5357 studium
2437 5300 2573 5355 nihil
2625 5299 3029 5363 incumbimus,
3092 5313 3195 5354 nec
3242 5304 3326 5355 εει
3391 5301 3503 5354 fere

236 5414 403 5469 μενος
426 5400 455 5453 ὁ
476 5396 639 5465 λόγος
663 5391 914 5462 εὑρήσει.
950 5388 1047 5442 Διὰ
1060 5390 1227 5443 τοῦτο
1256 5391 1285 5443 ὁ
1310 5390 1472 5458 σοφὸς
1494 5390 1658 5443 Δαὸὶδ
1679 5390 1835 5453 εἰδὼς
1939 5395 2054 5461 quis

1939 5395 2249 5462 quisquam,
2295 5391 2388 5461 qui
2424 5389 2564 5444 scire
2598 5396 2770 5454 curet,
2816 5388 2946 5459 quid
2991 5388 3108 5460 ipse
3142 5389 3232 5445 sit.
3264 5389 3501 5446 Facilius

228 5486 478 5561 ἀκριϐῶς
516 5483 720 5542 ἑαυτὸν
752 5478 1025 5547 ἐξετάσαι,
1055 5498 1074 5532 ι
1105 5479 1553 5552 Ἐθαυμαστώθη,
1585 5501 1602 5534 ι
1636 5483 1797 5552 φησὶν
1817 5520 1831 5546 ,
1941 5485 2054 5539 cmi!

1941 5485 2137 5539 coelum
2188 5497 2348 5553 quam
2405 5481 2768 5552 nosmetipsos
2807 5494 3136 5551 cognoscere
3190 5497 3501 5553 possumus.
