3794 6000
319 147 422 204 259

1556 133 1608 189 S.
1644 128 1973 191 GREGORII
2007 120 2294 188 NYSSENI

3462 108 3575 172 2"{0

321 265 710 335 Quamobrem,
741 259 888 333 quod
942 260 998 315 in
1046 266 1099 313 te
1129 255 1508 313 admirandum
1556 266 1663 321 est,
1703 257 1890 319 homo,

2054 258 2082 324 ἡ
2116 252 2316 322 γνῶσίς
2368 267 2459 304 σου
2491 249 2550 314 ἐξ
2582 246 2737 318 ἐμοῦ,
2778 267 2795 298 ι
2837 244 2985 299 Κατὰ
3016 242 3114 314 τὴν
3158 240 3350 312 τέχνην
3381 238 3484 311 τὴν
3515 240 3577 294 ὲν

321 373 393 413 ne
421 354 837 423 contempseris.
868 351 1082 405 Parvus
1107 356 1164 403 tu
1192 348 1410 419 quidem
1436 362 1516 410 es,
1545 354 1606 400 ut
1627 345 1889 416 opinaris,

323 447 420 505 sed
460 460 704 518 praesens
733 443 911 498 oratio
949 450 1006 497 te
1035 455 1293 511 magnum
1336 454 1460 495 esse
1503 437 1889 508 deprehendet.

323 538 536 593 Idcirco
582 536 804 607 sapiens
835 531 1029 593 David,
1057 532 1148 601 qui
1182 547 1239 587 se
1270 532 1448 603 ipsum
1488 529 1776 600 diligenter
1802 542 1896 582 ex-

334 631 545 707 plorare
599 632 844 692 noverat,
896 643 915 676 ‹
955 622 1240 688 Mirabilis,
1280 639 1301 672 ι
1339 620 1535 690 inquit,
1580 634 1604 670 ι
1652 618 1790 674 facta
1813 624 1897 674 est

357 719 561 774 cientia
590 725 684 770 tua
714 731 782 771 ex
809 730 913 769 me.
953 733 971 765 ι
1010 713 1291 768 Undenam
1318 710 1683 781 cognitionem
1710 710 1789 765 tui
1816 722 1899 763 ra-

336 810 476 865 tione
527 806 763 861 miriﬁca
813 804 942 860 licet
1007 803 1279 859 inveniri?
1335 816 1404 857 ex
1467 816 1576 868 me,
1635 800 1899 856 Mirabilis

229 887 232 890 ’
331 900 472 954 facta
517 906 602 954 est
643 897 872 954 scientia
903 905 995 949 tua
1025 910 1092 950 ex
1130 909 1237 948 me.
1278 891 1585 947 Artiﬁcium
1624 892 1904 963 sapientia:

330 998 455 1055 tuae,
499 1004 609 1060 quo
652 1002 853 1057 corpus
902 1000 1085 1040 meum
1125 992 1502 1041 constructum
1541 991 1649 1048 est,
1698 996 1903 1052 cogno-

335 1097 517 1144 scens,
552 1098 618 1135 ex
654 1094 822 1150 parva
849 1077 1057 1133 fabrica
1097 1092 1353 1148 magnum
1373 1074 1633 1145 Opiﬁcem
1660 1073 1907 1128 animad-

332 1180 503 1226 verto.
540 1189 557 1221 ι
583 1169 871 1225 Faciamus
902 1168 1175 1223 hominem
1202 1166 1270 1221 ad
1298 1166 1588 1236 imaginem
1618 1169 1673 1219 et
1701 1163 1901 1219 simili-

1999 346 2140 416 ἐμοὶ,
2174 345 2273 415 ὅσῃ
2320 340 2479 412 σοφία
2531 335 2941 407 κατεσκευάσθη
2971 351 3070 405 μου
3107 331 3168 385 τδ
3203 331 3361 400 σῶμα
3400 347 3576 383 κατα-

1997 439 2216 508 νοήσας,
2250 437 2315 488 ὲκ
2368 432 2462 487 τοῦ
2517 429 2714 503 μικροῦ
2760 424 2952 482 τούτου
3013 423 3574 491 κατασκευάσματος,

1998 526 2088 579 τὸν
2120 524 2291 596 μέγαν
2313 520 2654 594 Δημιουργδν
2682 518 2900 589 ἐνόησα.
2943 534 2962 567 ι
3000 515 3325 585 Ποιήσωμεν
3363 510 3580 581 ἄνθρω-

1999 629 2101 673 πον
2134 617 2254 671 κατ’
2280 615 2461 669 εἰκόνα
2501 611 2775 686 ἡμετέραν
2815 610 2911 664 καὶ
2947 608 3224 679 ὁμοίωσιν.
3265 623 3283 656 ι
3330 602 3580 674 Ἐδείχθη

2001 707 2194 780 πρᾤν
2222 707 2280 761 ἐν
2313 705 2664 777 παραδρομῇ,
2695 702 2791 755 καὶ
2833 698 3146 773 ἀρκούντως
3172 694 3401 765 ἐδείχθη
3431 694 3520 757 τίς
3552 695 3583 747 6

2001 800 2177 869 λέγων
2211 798 2463 869 καὶπρὸς
2503 797 2627 851 τίνα
2657 798 2685 849 6
2723 794 2906 863 λόγος’
2936 790 3032 846 καὶ
3058 790 3170 861 ἔχει
3212 790 3247 858 η
3278 784 3584 859 Ἐκκλησία

1998 894 2099 955 τὰς
2127 893 2255 963 περὶ
2287 890 2491 944 τούτων
2529 887 2831 953 ἀποδείξεις
2858 900 2874 916 ο
2905 882 3106 955 μᾶλλον
3140 880 3199 934 δὲ
3226 879 3342 950 ἔχει
3367 879 3582 941 πίστιν,

2003 981 2330 1047 ἀποδείξεως
2378 978 2746 1050 βεϐαιοτέραν.
2778 994 2798 1027 ι
2835 975 3163 1044 Ποιήσωμεν
3210 968 3522 1042 ἄνθρωπον.
3556 984 3579 1022 ι

2001 1071 2304 1143 Κατάμαθε
2339 1069 2564 1125 σεαυτὸν
2603 1066 2849 1121 ἐντεῦθεν
2894 1062 3229 1137 ἀρξάμενος,
3266 1058 3423 1125 οὔπω
3450 1056 3589 1131 περὶ

2006 1162 2167 1219 ἄλλου
2216 1162 2325 1217 τῶν
2354 1158 2890 1229 κατασκευασμάτων
2923 1156 3062 1226 αὕτη
3094 1158 3128 1225 ἡ
3159 1153 3311 1225 φωνὴ
3335 1153 3587 1224 ἀνάγρα-

333 1260 574 1313 tudinem
615 1269 881 1313 nostram.
923 1275 940 1309 |
966 1254 1185 1320 Paucis,
1214 1252 1307 1308 sed
1353 1252 1486 1308 satis
1512 1256 1697 1320 aperte
1719 1255 1899 1302 tamen

2054 1268 2163 1319 τος.
2197 1254 2319 1317 Φῶς
2372 1253 2607 1321 ἐγένετο,
2637 1252 2731 1306 καὶ
2782 1247 2985 1302 ἁπλοῦν
3041 1247 3385 1318 πρόσταγμα.
3417 1242 3588 1303 Εἶπεν

333 1347 764 1403 demonstratum
788 1352 873 1400 est
898 1351 1023 1399 ante
1053 1358 1173 1413 quae
1211 1342 1342 1408 sint,
1379 1348 1434 1395 et
1469 1339 1537 1394 ad
1565 1353 1727 1408 quem
1764 1336 1904 1392 refe.

2067 1345 2215 1410 Θεὸς,
2256 1342 2544 1415 Γενηθήτω
2586 1342 2723 1412 φῶς.
2766 1337 3026 1412 Οὐρανὸς,
3062 1338 3156 1392 καὶ⁵
3186 1337 3314 1392 ἄνευ
3341 1336 3536 1405 βουλῆς
3561 1337 3588 1387 6

334 1451 525 1496 rantur
550 1440 664 1495 haec
693 1439 876 1494 verba.
907 1437 970 1490 Et
1001 1435 1161 1490 habet
1188 1433 1431 1488 Ecclesia
1455 1432 1522 1487 de
1560 1431 1650 1485 his
1682 1431 1906 1485 demon-

2054 1435 2258 1507 ὒρανός.
2286 1433 2598 1503 Φωστῆρες,
2637 1432 2733 1486 καὶ
2770 1431 2922 1484 οὐδὲν
2967 1426 3429 1500 προεϐουλεύσατο
3455 1422 3591 1495 περὶ

335 1530 645 1594 strationes,
671 1529 779 1582 imo
801 1541 930 1582 vero
950 1526 1105 1579 fidem
1131 1523 1292 1577 habet
1318 1520 1466 1575 omni
1481 1518 1906 1575 demonstratio-

2054 1525 2121 1578 ὧν
2164 1526 2484 1594 φωστήρων.
2536 1522 2789 1576 Θάλασσα
2828 1521 2921 1574 καὶ
2952 1519 3163 1588 πελάγη
3213 1518 3436 1588 ἄπειρα,
3491 1514 3590 1569 καὶ

336 1620 733 1677 neﬁrmiorem.
775 1637 792 1669 ι
820 1617 1105 1671 Faciamus
1126 1614 1425 1668 hominem.
1462 1631 1481 1664 ι
1517 1610 1657 1665 Hinc
1682 1609 1911 1680 incipies

2054 1602 2295 1688 ροσταγῇ
2320 1613 2578 1685 παρήχθη
2615 1615 2695 1677 είς
2719 1612 2781 1665 τὸ
2810 1607 2970 1665 εἶναι.
3013 1609 3232 1679 Ἰχθύων
3266 1608 3398 1678 γένη
3451 1622 3590 1659 παν-

334 1720 388 1766 te
408 1711 585 1780 ipsum
618 1722 970 1779 cognoscere.
1004 1702 1252 1759 Nondum
1279 1704 1339 1757 in
1356 1703 1464 1757 ulla
1491 1701 1772 1756 molitione
1798 1701 1911 1755 haac

2054 1706 2238 1771 σδαπὰ,
2270 1705 2626 1759 κελευσθέντα
2664 1701 2901 1772 ἐγένετο.
2934 1702 3133 1773 Θηρία,
3167 1700 3261 1753 καὶ
3291 1700 3460 1771 κτήνη
3493 1692 3592 1750 καὶ

338 1817 438 1857 vox
473 1802 677 1870 scripta
728 1806 837 1855 est.
887 1797 1051 1851 Facta
1095 1795 1198 1850 fuit
1235 1795 1353 1856 lux,
1415 1792 1509 1849 sed
1551 1791 1782 1861 simplici
1818 1790 1910 1846 Dei

2054 1795 2080 1849 ι
2117 1795 2315 1866 πτηνὰ,
2361 1790 2513 1862 εἷπε,
2546 1795 2640 1848 καὶ
2691 1793 2927 1861 ἐγένετο.
2987 1791 3250 1846 Ἐνταῦθα
3287 1789 3439 1844 οὔπω
3494 1789 3593 1843 ἄνευ

338 1892 595 1947 mandato
632 1890 887 1951 dicentis,
932 1886 1050 1940 Fiat
1082 1887 1194 1940 lux.
1229 1884 1464 1949 leum,
1506 1883 1599 1938 sed
1636 1882 1755 1937 sine
1779 1897 1910 1936 con-

2054 1899 2248 1958 ρωπος,
2269 1884 2363 1942 καὶ
2389 1879 2550 1957 βουλὴ
2575 1870 2698 1957 περὶ
2722 1885 2819 1939 ἀνθ
2829 1884 3029 1956 ρώπου.
3046 1884 3160 1937 υύκ
3181 1879 3332 1937 εἶπεν
3356 1881 3432 1945 ὼς
3455 1877 3588 1952 περὶ

347 1981 642 2035 sultatione
667 1997 680 2032 :
715 1978 906 2042 stellae,
936 1975 1029 2030 sed
1060 1974 1207 2029 nulla
1236 1973 1515 2043 praecessit
1540 1972 1863 2027 deliberatio
1895 1992 1908 2027 :

2057 1973 2132 2027 ὧν
2155 1974 2351 2039 ἄλλων,
2382 1972 2670 2043 Γενηθήτω
2692 1971 2996 2043 ἄνθρωπος.

340 2073 582 2144 pelagus,
633 2080 795 2140 atque
853 2065 1269 2122 innumerabilia
1309 2065 1483 2119 maria
1522 2064 1589 2119 ad
1611 2063 1855 2134 jubentis
1888 2081 2073 2121 vocem
2122 2067 2473 2122 exstiterunt.
2506 2065 2706 2121 Eodem
2761 2064 2924 2120 modo
2963 2064 3145 2120 omnia
3206 2064 3435 2135 piscium
3495 2076 3594 2136 ges

339 2176 491 2226 nera,
522 2159 729 2222 bestiae,
768 2170 822 2212 et
848 2166 986 2219 cete,
1017 2169 1139 2224 qua:
1179 2160 1388 2218 natant,
1447 2166 1678 2222 quaeque
1736 2154 1921 2207 volant
1968 2155 2246 2220 animalia,
2289 2153 2383 2209 Dei
2446 2153 2688 2223 iubentis
2724 2153 2890 2208 verbo
2919 2151 3059 2206 facta
3105 2162 3255 2211 sunt.
3294 2151 3393 2207 llic
3452 2167 3600 2208 non-

343 2255 472 2309 dum
517 2260 603 2305 est
632 2250 815 2313 homo,
848 2255 900 2302 et
922 2247 988 2301 de
1032 2245 1250 2300 homine
1299 2243 1528 2298 habetur
1575 2244 1892 2297 consilium.
1924 2244 2064 2309 Non,
2098 2254 2156 2300 ut
2199 2247 2320 2301 aliis
2356 2247 2410 2299 in
2440 2246 2604 2301 rebus
2635 2244 2815 2299 dixit:
2856 2241 2976 2298 Fiat
3008 2243 3192 2298 homo.

414 2342 575 2399 Disce
604 2340 840 2410 pretium
886 2352 949 2393 ac
981 2338 1297 2407 dignitatem
1325 2344 1493 2392 tuam.
1526 2336 1643 2392 Non
1679 2336 1913 2407 proiecit

343 2433 601 2491 mandato
632 2438 688 2486 et
726 2429 883 2500 jussu
912 2436 1059 2482 tuam
1090 2428 1543 2497 procreationem,
1587 2427 1683 2483 sed
1723 2426 1911 2482 consi-

344 2526 475 2579 lium
507 2538 570 2577 ac
597 2520 917 2576 deliberatio
956 2517 1057 2572 fuit
1100 2518 1152 2571 in
1179 2517 1310 2579 Deo,
1350 2518 1626 2586 quomodo
1660 2518 1771 2572 tale
1796 2518 1916 2572 ani-

343 2616 450 2670 mal
484 2614 880 2685 produceretur
911 2610 966 2662 in
996 2609 1183 2663 vitam.
1225 2625 1246 2659 ι
1288 2606 1598 2671 Faciamus,
1632 2628 1652 2661 ι
1698 2608 1918 2679 sapiens

344 2704 622 2770 consulit,
684 2699 876 2754 artifex
943 2698 1257 2753 meditatur.
1323 2696 1531 2768 Ecquid
1593 2698 1748 2754 deest
1815 2698 1919 2754 arti

347 2795 508 2866 ejus?
528 2793 774 2860 Quanam
808 2789 1124 2845 diliicultate
1146 2789 1412 2845 adductus
1435 2790 1693 2853 consulit,
1728 2798 1786 2845 ut
1821 2791 1920 2846 ab-

347 2890 584 2944 solutum
611 2897 664 2938 et
693 2883 993 2953 perlectum
1021 2880 1468 2950 elaboratumque
1503 2880 1666 2935 faciat
1687 2880 1917 2936 charum

347 2993 487 3049 opus
548 2973 744 3029 suum?
795 2989 864 3026 an
927 2982 986 3026 ut
1040 2971 1295 3026 ostendat
1348 2979 1401 3027 te
1446 2971 1745 3041 perfectum
1796 2988 1920 3029 esse

348 3068 491 3139 apud
528 3065 739 3121 Deum?
783 3063 929 3117 Duas
977 3061 1202 3117 adverte
1244 3076 1547 3133 personas;
1580 3077 1767 3131 unam,
1800 3079 1921 3134 qua:

350 3160 638 3229 loquitur:
678 3155 931 3215 alteram,
969 3152 1036 3206 ad
1076 3166 1240 3222 quam
1283 3152 1535 3223 dirigitur
1570 3154 1766 3210 oratio.
1810 3154 1926 3211 Cur

351 3258 532 3303 autem
580 3259 689 3298 nou
719 3242 878 3309 dixit,
905 3238 1112 3300 Facito.
1168 3240 1569 3306 sed,Faeiamus
1608 3242 1924 3300 hominem?

354 3347 416 3393 ut
446 3335 760 3406 imperium,
795 3348 860 3388 ac
884 3331 1223 3387 dominatum
1260 3331 1591 3402 intelligeres
1618 3351 1632 3388 :
1663 3349 1733 3389 ne
1763 3338 1926 3393 Patre

350 3427 593 3498 cognito,
617 3423 813 3478 Filium
850 3424 1154 3493 ignorares,
1191 3430 1252 3476 ut
1284 3424 1455 3478 scires
1480 3421 1694 3481 Patrem
1729 3424 1924 3483 fecisse

355 3535 449 3586 per
489 3516 711 3578 Filium,
770 3522 824 3570 et
873 3514 1072 3569 Filium
1108 3524 1330 3583 paterna
1355 3530 1571 3573 creasse
1619 3516 1924 3580 voluntate,

353 3610 711 3678 laudaresque
734 3605 950 3661 Patrem
1006 3605 1060 3659 in
1090 3603 1249 3672 Filio,
1301 3614 1353 3661 et
1387 3605 1585 3661 Filium
1626 3608 1683 3663 in
1719 3609 1927 3679 Spiritu

353 3710 564 3758 sancto.
612 3701 913 3755 Commune
955 3714 1147 3755 eorum
1186 3713 1325 3769 opus
1359 3700 1638 3766 exstitisti,
1670 3710 1731 3756 ut
1778 3702 1927 3773 ipsos

354 3797 562 3861 pariter
585 3792 780 3846 adores
808 3800 863 3844 et
890 3791 1065 3854 colas,
1088 3805 1155 3844 ne
1176 3791 1582 3847 venerationem
1609 3793 1928 3865 cultumque

354 3882 587 3944 dividas,
639 3895 763 3934 cum
807 3881 1024 3934 unicam
1068 3894 1192 3934 esse
1238 3879 1581 3938 divinitatem
1627 3883 1925 3954 intelligas.

355 3966 496 4026 Vide
522 3971 805 4024 historiam
845 3984 910 4024 ex
957 3968 1149 4039 ﬁgura,
1175 3978 1230 4025 et
1274 3970 1599 4042 theologiam
1639 3989 1706 4030 ex
1727 3975 1840 4032 vi.¢
1862 3974 1930 4031 Et

358 4064 489 4120 fecit
516 4060 657 4116 Deus
667 4060 966 4116 hominem.
980 4079 1072 4112 ›-‹
1084 4060 1385 4131 Faciamus,
1401 4066 1619 4135 linquit,
1632 4077 1687 4122 et
1702 4066 1925 4126 fecitme

2085 2337 2384 2408 Κατάμαθε
2428 2337 2657 2392 σεαυτοῦ
2692 2336 2753 2391 τὸ
2781 2332 3079 2408 τίμιον.οὺ
3124 2336 3457 2412 προσέῤῥιψέ
3499 2356 3597 2394 σου

2014 2429 2113 2500 τὴν
2159 2428 2374 2497 γένεσιν
2413 2428 2818 2500 προστάγματι,
2852 2428 2989 2483 ἀλλὰ
3022 2428 3401 2502 βουλευτήριον
3435 2433 3494 2484 ἐν
3519 2431 3600 2502 τῷ

2017 2518 2155 2590 Θεῷ,
2191 2519 2311 2584 πῶς
2340 2515 2524 2590 μέλλει
2555 2517 2616 2572 τὸ
2643 2518 2825 2590 τίμιον
2867 2517 3005 2583 ζῶον
3042 2520 3125 2583 είς
3152 2519 3245 2573 τὸν
3284 2519 3397 2591 βίον
3427 2523 3602 2593 παρά·

2019 2610 2229 2679 γεσθαι.
2264 2630 2282 2662 ι
2313 2611 2662 2681 Ποιήσωμεν,
2697 2628 2715 2668 ι
2753 2610 2783 2662 6
2822 2610 2981 2679 σοφὸς
3009 2609 3337 2680 βουλεύεται,
3363 2613 3391 2664 6
3420 2606 3601 2681 τεχνί-

2024 2718 2123 2771 της
2155 2700 2499 2773 ἐνθυμεῖται·
2541 2697 2651 2772 ἆρα
2687 2696 2861 2753 λείπει
2892 2698 3057 2754 αὐτοῦ
3084 2703 3151 2772 τῇ
3181 2701 3366 2773 τέχνῃ,
3402 2701 3497 2755 καὶ
3534 2704 3601 2756 ἐκ

2025 2792 2125 2863 τῆς
2154 2792 2421 2862 μερίμνης
2454 2790 2701 2862 βούλεται
2728 2792 3135 2862 ἅπηρτισμένον
3159 2792 3254 2845 καὶ¹
3282 2792 3484 2846 τέλειον
3504 2792 3602 2846 καὶ

2028 2882 2406 2955 ἠκριὸωμένον
2446 2880 2610 2936 αὐτοῦ
2654 2881 2879 2950 ποιῆσαι
2913 2880 2975 2934 τὸ
3007 2882 3470 2954 φιλοτέχνημα;ἥ
3511 2883 3602 2938 ἵνα

2023 2988 2104 3027 σοι
2129 2972 2278 3047 δείξῃ
2309 2973 2391 3027 δτι
2420 2971 2622 3037 τέλειος
2652 2965 2703 3026 εἷ
2739 2973 2890 3044 παρὰ
2933 2971 3051 3043 Θεῷ
3082 2989 3097 3039 ;
3128 2970 3371 3045 Ἐμαθες
3398 2975 3483 3028 ὅτι
3506 2974 3605 3029 δύο

2021 3064 2311 3135 πρόσωπα,
2353 3063 2381 3116 6
2409 3064 2604 3131 λέγων,
2634 3062 2732 3116 καὶ
2758 3062 2895 3134 πρὸς
2928 3063 2986 3118 ὃν
3013 3066 3045 3122 ἁ
3068 3063 3243 3133 λόγος.
3283 3064 3385 3119 Διὰ
3425 3062 3479 3118 τί
3501 3067 3607 3121 οὐκ

2021 3153 2139 3211 εἶπε
2158 3196 2173 3221 ,
2200 3156 2434 3226 Ποίησον
2452 3194 2468 3219 ,
2496 3154 2631 3209 ἀλλὰ
2669 3155 2988 3226 Ποιήσωμεν
3016 3154 3328 3226 ἄνθρωπον;
3352 3156 3439 3210 ἵνα
3477 3158 3607 3228 νοή-

2023 3266 2123 3319 σῃς
2144 3249 2243 3318 τὴν
2260 3247 2597 3311 δεσποτείαν,
2619 3247 2707 3301 ἵνα
2733 3246 2808 3317 μὴ
2828 3245 2920 3299 τὸν
2945 3247 3169 3319 Πατέρα
3195 3247 3602 3316 ἐπιγινώσκων,

2021 3340 2115 3394 τὸν
2148 3339 2277 3394 Υἱδν
2320 3342 2520 3411 ἀγνοῇς
2545 3356 2561 3372 ο
2614 3339 2700 3393 ἵνα
2743 3339 2888 3410 εἰδῇς
2919 3340 2998 3393 ὅτι
3041 3340 3229 3411 Πατὴρ
3259 3339 3483 3411 ἐποίησε
3511 3340 3607 3396 διὰ

2025 3432 2158 3485 Υίοῦ
2182 3474 2197 3498 ,
2246 3432 2339 3486 καὶ
2393 3430 2523 3496 Υἱὸς
2567 3432 2820 3483 ὲκτίσατο
2864 3428 3102 3501 πατρὼῳ
3146 3429 3410 3500 θελήματι
3433 3446 3447 3460 ·
3506 3433 3605 3487 καὶ

2024 3522 2253 3599 δοξάσῃς
2280 3521 2500 3593 Πατέρα
2520 3523 2578 3574 ὲν
2610 3517 2746 3590 Υίῷ,
2778 3520 2874 3573 καὶ
2898 3519 3024 3573 Υἰδν
3052 3522 3110 3572 ἐν
3136 3519 3411 3591 Πνεύματι
3437 3522 3603 3593 ἁγίῳ.

2026 3612 2181 3669 Οὕτω
2207 3613 2386 3667 κοινὸν
2413 3611 2642 3681 γέγονας
2678 3608 2861 3680 ἔργον,
2900 3608 2987 3661 ἴνα
3017 3608 3194 3672 κοινὸς
3222 3610 3606 3683 προσκυνητὴς

2027 3705 2352 3778 ᾁμφοτέρων
2383 3700 2451 3777 ᾖς
2475 3743 2489 3769 ,
2540 3702 2613 3775 μὴ
2662 3700 2860 3772 σχίζων
2887 3699 2987 3771 τὴν
3016 3700 3415 3771 προσκύνησιν,
3466 3701 3608 3756 ἀλλὰ

2028 3800 2165 3854 ἑνῶν
2187 3797 2286 3869 τὴν
2316 3795 2565 3867 θεότητα.
2602 3794 2744 3866 Ὅρα
2771 3793 3012 3864 ἱστορίαν
3057 3793 3155 3865 μὲν
3185 3795 3442 3864 σχήματι,
3487 3794 3608 3848 θεοο

2028 3892 2213 3960 λογίαν
2256 3889 2315 3944 δὲ
2358 3884 2605 3958 δυνάμει.
2666 3885 2775 3941 Καὶ
2812 3886 3104 3953 ἐποίησεν
3134 3890 3166 3940 ό
3193 3887 3339 3954 Θεὸς
3371 3887 3475 3941 τὸν
3502 3886 3609 3941 ar.

2029 3985 2282 4051 θρωπον.
2325 3979 2707 4048 Ποιήσωμεν.
2747 3977 2857 4030 Καὶ
2881 3976 2982 4030 οὐκ
3006 3972 3148 4042 εἶπε,
3176 3978 3288 4032 Καὶ
3316 3977 3604 4047 ἐποίησαν,

2030 4073 2118 4129 τνα
2146 4075 2220 4147 μὴ
2243 4071 2531 4136 πλυθεῖας
2556 4070 2727 4144 λάόῃς
2760 4069 3031 4142 ἀφορμάς.
3083 4069 3149 4123 El
3174 4068 3283 4139 γὰρ
3311 4068 3608 4138 πληθυντιο-

359 4157 714 4226 multiplicem
757 4154 992 4211 Deorum
1037 4168 1323 4211 numerum
1373 4155 1648 4213 crederes.
1684 4155 1743 4212 Si
1776 4157 1915 4213 enim

2054 4166 2125 4220 τὸν
2151 4163 2492 4236 παρεισήχθη
2536 4162 2597 4216 τὸ
2630 4160 2953 4232 πρόσωπον,
2996 4157 3235 4228 ἀφειδεῖς
3262 4159 3330 4213 ἂν
3358 4160 3609 4229 ἐγένοντο

360 4250 547 4321 plures
577 4248 771 4303 fecisse
798 4247 1133 4312 dicerentur,
1165 4247 1358 4303 adduci
1393 4255 1619 4318 possent
1648 4248 1918 4317 homines,

362 4349 422 4393 ut
449 4341 632 4409 plures
665 4340 768 4397 sibi
801 4339 938 4397 Deos
965 4340 1354 4412 contingerent.
1384 4340 1543 4397 Nunc
1576 4349 1755 4397 autem
1783 4344 1924 4399 scri-

361 4439 511 4499 ptum
536 4439 620 4484 est
664 4431 1099 4498 «Faciamus,-rut
1134 4447 1436 4502 cognoscas
1466 4431 1706 4496 Patrem,
1739 4442 1792 4487 et
1829 4432 1921 4487 Fi-

364 4521 517 4579 lium,
549 4525 603 4571 et
634 4518 893 4588 Spiritum
923 4531 1171 4578 sanctum
1213 4531 1361 4588 :et,«
1396 4522 1547 4578 Fecit
1576 4523 1718 4580 Deus
1748 4524 1924 4580 homi-

364 4626 484 4664 nem
512 4617 635 4663 nm
669 4609 1003 4667 divinitatem
1036 4604 1359 4684 coniungas,
1399 4625 1559 4685 atque
1603 4630 1767 4668 unam
1802 4631 1926 4670 esse

363 4703 507 4757 scias
547 4720 559 4755 :
610 4718 771 4756 unam
823 4703 966 4769 dico,
1011 4706 1119 4760 n'on
1158 4707 1368 4760 unitate
1404 4721 1780 4775 personarum,
1827 4707 1921 4762 sed

362 4799 678 4863 potestate:
727 4801 790 4846 ut
819 4807 942 4847 cum
990 4795 1055 4847 ad
1099 4794 1435 4849 adorandum
1466 4794 1703 4856 accedis,
1753 4793 1921 4849 Deum

364 4902 530 4940 unum
564 4884 753 4939 laudes
776 4893 827 4937 et
853 4884 1021 4946 colas,
1055 4898 1152 4938 nec
1180 4885 1234 4937 in
1269 4882 1501 4937 Deorum
1523 4884 1923 4939 multitudinem

362 4977 713 5032 distraharis.
765 4972 883 5028 Non
929 4974 1110 5028 dixit:
1161 4973 1431 5029 Fecerunt
1476 4975 1749 5031 hominem
1803 4975 1919 5031 Dei.

364 5068 470 5122 St'd
502 5074 712 5132 :iFecit
727 5074 869 5127 Deus
883 5068 1448 5137 hominem.»Propria
1478 5076 1560 5119 est
1591 5066 1924 5137 hypostasis,

362 5176 456 5212 seu
492 5172 726 5228 persona
754 5157 955 5219 l‘atris,
999 5156 1215 5224 propria
1245 5154 1387 5220 Filii,
1438 5159 1654 5228 propria
1689 5159 1927 5229 Spiritus

362 5250 557 5302 sancti.
595 5249 705 5301 Cur
728 5249 892 5317 igitur
920 5262 1026 5300 non
1051 5254 1159 5300 tres
1191 5243 1327 5300 Dei?
1358 5248 1484 5315 quia
1514 5267 1617 5304 una
1650 5250 1925 5305 divinitas.

363 5340 535 5401 Quam
590 5340 736 5391 enim
786 5338 839 5391 in
873 5336 1034 5390 Patre
1066 5339 1247 5392 cernis
1285 5342 1648 5405 divinitatem,
1679 5342 1924 5397 eamdem

361 5428 545 5482 cernis
579 5444 633 5481 ιη
660 5422 814 5481 Filio.
836 5427 899 5479 Et
929 5443 1088 5496 quam
1114 5430 1165 5484 in
1190 5424 1347 5493 Filio,
1371 5431 1614 5486 eamdem
1648 5432 1700 5484 in
1721 5431 1925 5500 Spiritu

364 5528 575 5578 sancto.
608 5518 874 5587 Quoniam
903 5538 1008 5576 una
1047 5522 1100 5577 in
1136 5531 1370 5593 utroque
1407 5524 1601 5589 forma,
1636 5532 1689 5579 ct
1716 5524 1926 5590 ’princi-

2024 4255 2078 4308 οἱ
2105 4253 2403 4326 ἄνθρωποι,
2436 4250 2609 4306 πολλὰ
2640 4250 2816 4321 πλήθη
2856 4250 3006 4304 Θεῶν
3046 4246 3256 4313 ἑαυτοῖς
3299 4251 3608 4322 ἐπισωρεύ-

2026 4362 2194 4411 οντες.
2246 4346 2361 4401 Νῦν
2391 4344 2489 4415 μέν
2517 4360 2619 4407 τοι,
2663 4338 3034 4411 Ποιήσωμεν,
3069 4338 3155 4395 ἵνα
3183 4341 3455 4415 γνωρίσῃς
3487 4343 3608 4398 Πα.

2028 4438 2161 4509 τέρα
2191 4436 2284 4490 καλ⁸
2311 4435 2438 4489 Υἱὺν
2468 4434 2559 4487 καὶ
2592 4432 2813 4503 Πνεῦμα
2840 4433 3014 4500 ἆγιον.
3053 4432 3374 4499 Ἐποίησεν
3399 4437 3431 4487 ὀ
3459 4435 3608 4501 Θεὸς

2030 4526 2136 4580 τὸν
2162 4525 2495 4592 ἄνθρωπον,
2543 4523 2629 4575 ἵνα
2652 4520 2857 4591 ὲνὼσῃς
2887 4519 2985 4590 τὴν
3022 4519 3270 4591 θεότητα,
3314 4521 3520 4594 ὲνὼσῃς
3548 4523 3607 4576 δὲ

2031 4616 2090 4668 ού
2118 4616 2215 4678 τὰς
2250 4613 2591 4676 ὑποστάσεις,
2626 4611 2761 4664 ἀλλὰ
2789 4614 2853 4681 τῇ
2881 4611 3130 4681 δυνάμει,
3164 4611 3249 4665 ἵνα
3272 4597 3415 4682 λμίαν
3444 4612 3606 4677 δόξαν

2031 4706 2161 4779 ἔχῃς
2184 4705 2257 4777 μὴ
2285 4703 2639 4775 μεριζόμενος
2663 4703 2790 4773 περὶ
2808 4703 2907 4773 τὴν
2931 4702 3320 4774 προσκύνησιν,
3351 4704 3424 4773 μὴ
3452 4722 3607 4776 μερι-

2036 4795 2262 4867 ζόμενος
2292 4796 2372 4855 εἰς
2397 4793 2705 4847 πολυθεΐαν,
2739 4794 2853 4846 Οὐκ
2879 4788 3053 4857 εἶπεν,
3096 4793 3387 4864 Ἐποίησαν
3415 4797 3465 4848 οἱ
3494 4796 3607 4850 θεοὶ

2031 4890 2121 4943 τὸν
2135 4886 2228 4943 ἄνθ
2237 4884 2577 4960 ρωπον,ἀλλ’,
2591 4906 2609 4935 ι
2632 4886 2915 4956 Ἐποίησεν
2928 4888 2956 4939 6
2970 4885 3117 4949 Θεός.
3134 4905 3152 4936 ι
3171 4886 3297 4940 Ἶδία
3310 4888 3606 4954 ὑπόστασις

2027 4975 2258 5047 Πατρὸς,
2278 4977 2372 5028 καὶ
2396 4975 2499 5028 ἰδία
2515 4973 2667 5038 Υἱοῦ,
2688 4976 2780 5028 καὶ
2807 4974 2911 5029 ἰδία
2924 4974 3063 5029 Πνεύ
3071 4993 3237 5046 ματος
3250 4976 3424 5043 ἁγίου.
3440 4976 3542 5029 Διὰ
3557 4976 3606 5028 τί

2029 5064 2121 5121 οὖν
2142 5068 2202 5119 οὐ
2222 5070 2365 5137 τρεῖς
2390 5084 2404 5130 ;
2433 5068 2513 5120 ὅτι
2546 5067 2644 5138 μία
2660 5067 2866 5139 θεότης.
2897 5069 2997 5121 Ἢν
3020 5068 3127 5137 γὰρ
3154 5067 3333 5138 βλέπω
3355 5069 3410 5119 ἐν
3432 5070 3613 5141 Πατρὶ

2033 5160 2282 5228 θεότητα,
2329 5159 2530 5230 ταύτην
2575 5161 2669 5213 καὶ
2713 5161 2772 5212 ὲν
2816 5159 2954 5230 Υίῷ⁶
3003 5161 3097 5214 καὶ
3141 5162 3206 5230 ἣν
3238 5162 3295 5212 ὲν
3327 5161 3611 5231 Πνεύματι

2034 5247 2193 5316 ἁγίῳ,
2238 5246 2438 5316 ταύτην
2486 5249 2579 5300 καὶ
2620 5251 2677 5301 ὲν
2719 5248 2854 5321 Υίῷ,
2887 5250 3022 5302 διότι
3057 5250 3236 5321 μορφὴ
3270 5251 3329 5303 ὲν
3362 5252 3611 5324 ἐκατέρῳ

2042 5338 2155 5407 μία.
2204 5340 2312 5392 Καὶ
2346 5340 2487 5412 ἀρχὴ
2531 5342 2640 5394 ἀπὸ
2670 5343 2880 5412 Harpe;
2909 5343 2966 5395 ὲν
2998 5342 3111 5412 Υἱῷ
3137 5344 3168 5412 ὴ
3202 5341 3359 5412 αὑτὴ,
3396 5343 3492 5396 καὶ
3518 5343 3606 5397 διὸ

2033 5427 2193 5481 τοῦτο
2221 5431 2311 5482 καὶ
2340 5431 2467 5503 παρ’
2502 5432 2631 5501 ἡμῖν
2660 5434 3029 5505 προσκύνησις
3057 5434 3151 5488 καὶ
3184 5433 3458 5501 δοξολογῖα
3488 5437 3616 5505 μία.

2036 5520 2323 5593 Προοίμιον
2348 5526 2444 5593 τῆς
2469 5524 2739 5595 ἡμετέρας
2765 5527 3062 5595 γενέσεως,
3078 5523 3320 5594 θεολογία
3355 5526 3610 5601 ἀληθινή.
