3794 6000
227 147 333 205 ἳϐὶ

981 143 1045 198 IN
1084 143 1332 209 VERBA,
1378 141 1756 208 I’ALIAML'S
1800 174 1806 195 Α

1907 143 2189 205 ΜΙΝΕΜ,
2230 144 2408 209 ΕΤΟ..
2447 145 2655 202 OIIAT.
2700 147 2740 200 1.

3370 151 3477 206 ‘262

234 280 253 309 ι
280 258 575 330 Ποιήσωμε
588 277 608 310 ι
634 257 919 329 ἄνθρωπον
978 274 1084 310 κατ
1098 259 1113 278 ’
1130 256 1314 312 εἰκόνα
1333 259 1430 312 καὶ
1448 257 1552 312 καθ
1568 258 1584 278 ‘
1604 259 1805 328 ὁμοίω-

1920 261 2068 331 pium
2102 276 2130 312 a
2159 260 2318 315 Patre
2346 262 2399 315 in
2434 261 2574 314 Filio
2603 261 2742 314 idem
2783 267 2888 326 est,
2926 262 3133 317 idcirco
3159 279 3298 319 unus
3330 267 3472 336 apud
3532 307 3551 325 χ

229 346 780 419 ανὴμετέραν.»Κατ
796 345 1000 402 ἐἰκόνα
1025 346 1160 400 Θεοῦ
1187 349 1518 419 γεγόναμεν.
1562 348 1686 412 Πῶς
1711 343 1804 402 οῦν

230 442 350 494 κατ’
378 441 565 493 εἰκόνα
611 438 782 502 Θεοῦ;
826 437 1290 509 Ἀποκαθάρωμεν
1339 439 1563 510 καρδίαν
1611 440 1806 493 ἰδιωτι-

230 532 350 601 κὴν,
383 528 658 599 πρόληψιν
684 529 1026 595 ἀπαίδευτον,
1070 531 1301 601 ἀμαθεῖς
1333 532 1459 602 περί
1507 530 1642 585 Θεοῦ
1675 532 1806 585 ύπο-

229 621 438 693 λήψεις.
908 637 913 641 '

1908 367 2009 407 nos
2038 352 2323 420 utriusque
2348 351 2551 413 cultus,
2583 358 2640 404 et
2671 350 2859 405 eadem
2893 353 3240 410 collaudatio.
3265 353 3478 411 Nostra

1908 443 2304 513 procreationis
2331 442 2619 497 exordium
2654 456 2837 496 veram
2863 443 3103 497 continet
3128 444 3474 516 theologiam.

1905 526 2508 584 «Faciamushominem
2525 528 2592 585 ad
2612 532 2900 603 imaginem
2932 545 3195 589 nostram.
3211 534 3318 588 rAd
3338 537 3478 591 ima-

1911 621 2092 693 ginem
2124 620 2219 675 Dei
2245 619 2373 675 facti
2399 637 2609 678 sumus.
2641 623 2888 690 Quonam
2910 623 3074 679 modo
3097 624 3162 679 ad
3186 625 3477 697 imaginem

228 713 381 780 ejus?
413 712 646 769 Animos
685 729 716 768 a
754 712 1092 783 vulgaribus,
1126 725 1180 769 et
1227 713 1514 791 imperitis,
1551 729 1615 768 ac
1646 715 1829 770 stultis
1874 713 1980 767 illis
2023 713 2089 766 de
2128 711 2237 766 Deo
2269 712 2614 781 opinionibus
2641 714 2943 783 expiemus.

294 805 360 857 Εἰ
385 807 510 858 κατ’
541 806 723 858 εἰκόνα
750 804 883 858 Θεοῦ
944 807 1266 877 γεγόναμεν,
1300 807 1452 876 φησὶ,
1488 806 1810 876 σύμμορφος

228 896 357 966 ἡμῖν
389 898 538 948 ἐστιν
564 898 592 949 6
623 896 754 958 Θεός
773 914 786 926 ·
821 897 1087 967 ὀφθαλμοὶ
1112 899 1239 969 περί
1262 897 1392 950 Θεὸν
1422 898 1515 949 καὶ
1548 891 1683 960 ὦτα,
1717 913 1808 948 κε-

227 986 391 1056 φαλὴ,
421 989 623 1056 χεῖρες,
662 987 829 1056 ἰσχίον
856 988 940 1055 ἐφ’
970 981 1030 1041 οὗ
1048 976 1265 1059 ’ἵδρυται
1286 1005 1298 1017 ’
1347 987 1584 1055 (λέγεται
1612 987 1719 1058 γὰρ
1747 989 1805 1040 ἐν

226 1078 289 1146 τῇ
332 1077 525 1146 Γραφῇ
571 1079 601 1130 ό
645 1076 776 1140 Θεὸς
820 1077 1195 1153 καθέζεσθαν)
1230 1078 1387 1140 πόδες
1423 1078 1490 1131 δι’
1531 1072 1603 1132 ὧν
1648 1090 1802 1148 περιι

148 1212 153 1217 .
227 1168 418 1218 πατεῖ·
458 1166 669 1219 Οὐκοῦν
696 1170 934 1231 τοιοῦτος
986 1170 1015 1220 ό
1057 1167 1226 1233 Θεός;
1266 1166 1665 1220 ’Λποσκεύασον
1704 1169 1802 1237 τῆς

226 1257 452 1327 καρδίας
500 1258 860 1328 φαντάσματα
914 1259 1157 1330 ἀπρεπῆ.
1225 1259 1493 1314 Ἔκϐαλλε
1530 1258 1656 1312 ιάπὸ
1709 1259 1800 1312 σοῦ

224 1345 463 1401 διάνοιαν
489 1348 912 1418 ἀφαρμόζουσαν
932 1348 1010 1419 τῷ
1043 1350 1259 1420 μεγέθει
1283 1349 1377 1403 τοῦ
1406 1349 1562 1403 Θεοῦ.
1603 1350 1801 1420 Ἀσχη-

1986 803 2039 859 Si
2074 804 2141 858 ad
2195 802 2483 874 imaginem
2533 802 2650 870 Dei,
2686 806 2863 874 inquit
2914 806 3029 872 ille,
3078 807 3208 861 facti
3259 822 3473 871 sumus,

1908 895 2138 950 formam
2182 895 2322 951 Deus
2352 902 2556 950 nostrae
2597 898 2832 953 similem
2874 898 3290 964 habetzoculis,
3328 902 3477 955 auri-

1908 987 2029 1049 bus,
2078 988 2277 1057 capite,
2325 988 2576 1042 manibus
2626 988 2887 1058 prarditus
2938 986 3043 1056 est,
3098 1006 3475 1063 curarumque
3540 984 3551 991 ”

1906 1079 2197 1139 vertebris,
2221 1080 2423 1149 quibus
2454 1079 2676 1134 fulcitur
2699 1088 2753 1135 et
2783 1080 3003 1147 insidet,
3025 1084 3472 1154 quandoquidem

1907 1169 2098 1223 sedere
2131 1169 2305 1223 Deum
2355 1170 2639 1239 Scriptura
2674 1171 2839 1225 tradit
2860 1172 3005 1226 W“:
3044 1173 3270 1241 pedibus
3317 1175 3470 1243 item,

1907 1260 2108 1330 quibus
2149 1260 2375 1314 incedit.
2407 1259 2627 1315 Talisne
2655 1261 2821 1331 igitur
2848 1260 3040 1317 Deus?
3090 1261 3370 1318 Recedant
3401 1265 3471 1320 ab

1906 1353 2086 1405 animo
2109 1358 2204 1403 tuo
2227 1352 2483 1407 absurdae
2511 1352 2821 1422 opiniones.
2839 1354 3031 1421 Abjice
3057 1357 3467 1426 cogitationem,

228 1438 490 1507 μάτιστος
534 1440 563 1491 6
615 1439 766 1503 Θεὸς,
816 1438 1039 1504 ἁπλοῦς,
1087 1441 1384 1511 ἀμεγέθης,
1432 1440 1669 1503 ἄποσος*
1727 1442 1800 1510 μὴ

1908 1448 2030 1502 qua:
2045 1432 2135 1489 Dei
2156 1420 2585 1505 magnitudinem
2601 1439 2897 1495 imminuit.
2915 1440 3117 1511 Figura
3129 1420 3292 1497 iracat
3309 1420 3479 1510 Deus,

225 1530 543 1600 φαντασθῇς
577 1531 789 1602 μορφὴν
834 1532 960 1604 περὶ
993 1532 1155 1585 αὐτόν
1184 1550 1198 1565 ’
1252 1534 1325 1603 μὴ
1359 1534 1804 1607 κατασμικρύνῃς

237 1620 547 1684 Ἰουδαϊκῶς
578 1621 671 1674 τὸν
706 1622 879 1692 μέγαν
909 1640 922 1654 ·
979 1623 1053 1694 μὴ
1090 1623 1387 1695 περιλάϐῃς
1415 1625 1503 1677 τὸν
1535 1624 1665 1677 Θεὸν
1702 1642 1806 1679 σω-

226 1714 486 1782 ματικαῖς
518 1714 768 1779 ἐννοίαις,
801 1714 874 1784 μὴ
910 1716 1255 1787 περιγράψῃς
1291 1714 1449 1769 αὑτὸν
1480 1715 1556 1786 τῷ
1591 1716 1668 1787 σῷ
1706 1717 1801 1787 νῷ.

237 1803 633 1873 Ἀπερίληπτός
657 1806 774 1857 ἐστι
817 1805 895 1876 τῷ
922 1807 1138 1876 μεγέθει
1173 1822 1186 1835 ·
1231 1809 1562 1878 κατανόησον
1586 1809 1676 1862 τὸν
1707 1810 1804 1879 μέ-

224 1910 352 1959 γαν,
401 1896 496 1946 καὶ
535 1894 615 1965 τῷ
663 1896 882 1967 μεγάλῳ
930 1895 1165 1967 πρόσθες
1210 1898 1391 1951 πλεῖον
1424 1898 1516 1951 τοῦ
1546 1900 1803 1969 νενοημέ⁸

226 2001 340 2049 νου,
373 1985 467 2037 καὶ
500 1985 579 2055 τῷ
625 1984 828 2039 πλείονι
870 1987 930 2039 τὸ
976 1988 1176 2052 πλεῖον,
1210 1990 1303 2042 καὶ
1331 1989 1422 2042 τὸν
1462 1991 1687 2043 σεαυτοῦ
1714 1990 1805 2045 λο-

226 2075 426 2145 γισμὸν
472 2080 694 2139 πεῖσον,
747 2078 830 2130 ὅτι
877 2077 983 2131 τῶν
1027 2080 1349 2150 ἀπεράντων
1397 2080 1498 2133 οὐκ
1541 2081 1803 2150 ἐφίξεται.

228 2165 426 2234 Σχῆμα
472 2165 549 2234 μὴ
590 2166 789 2236 νοήσῃς
816 2183 829 2195 ·
891 2165 999 2219 ἀπὸ
1045 2165 1324 2236 δυνάμεως
1378 2166 1510 2229 Θεὸς
1565 2170 1804 2220 νοεῖται’

230 2258 512 2328 ἐ.πλῗτητα
577 2256 793 2324 φύσεως
824 2274 841 2288 ·
892 2256 1119 2327 μέγεθος
1153 2257 1335 2310 πόσον.
1372 2256 1652 2326 Πανταχοῦ
1691 2259 1805 2310 ἐστι

233 2348 326 2401 καὶ
354 2347 497 2418 ὑπὲρ
524 2348 585 2401 τὸ
611 2334 719 2401 πᾶν
761 2348 1094 2419 περισσεύει,
1137 2350 1231 2402 καὶ
1273 2348 1418 2402 ἐστιν
1457 2350 1621 2418 ἁφαῖς
1652 2349 1805 2419 ἀόρι-

233 2455 377 2504 στον,
413 2440 553 2509 ὅπερ
580 2440 680 2510 τὴν
722 2440 820 2509 σὴν
852 2441 1115 2493 ἐκπῖπτον
1145 2438 1467 2509 κατάληψιν,
1493 2437 1616 2491 οὗτε
1646 2438 1808 2509 μεγέ-

229 2527 313 2581 θει
338 2528 732 2599 περιοριζεται,
759 2528 881 2582 οὔτε
912 2530 1150 2599 σχήματι
1180 2528 1661 2599 περιλαμϐάνεται,
1685 2527 1807 2582 οὔτε

228 2619 454 2689 δυνάμει
502 2620 846 2690 ἐπιμετρεῖται
871 2659 887 2684 ,
941 2618 1063 2674 οῦτε
1102 2618 1315 2690 χρόνοις
1369 2622 1804 2691 περισφίγγεται,

226 2710 355 2762 οῦτε
405 2711 641 2780 πέρασιν
684 2710 943 2798 ὁρίζεται.
997 2708 1162 2763 Οὐδέν
1203 2710 1321 2761 ἐστι
1363 2710 1492 2779 περί
1535 2710 1666 2762 Θεὸν
1693 2702 1806 2763 οἷον
1836 2742 1876 2798 C

228 2802 361 2872 περὶ
391 2802 560 2871 ἡμᾶς.
592 2801 720 2864 Πῶς
741 2796 834 2853 οὖν
858 2803 891 2872 ἡ
916 2800 1105 2872 Γραφὴ
1133 2799 1287 2853 εἶπεν
1313 2801 1462 2871 ἡμᾶς
1486 2802 1605 2854 κατ’
1631 2799 1811 2852 εἰκόνα

228 2891 367 2943 Θεοῦ
396 2891 754 2960 γεγενῆσθαις
778 2890 861 2943 Τὰ
890 2891 1019 2961 περὶ
1041 2888 1177 2942 Θεοῦ
1205 2888 1561 2960 διδαχθῶμεν,
1590 2890 1659 2942 τὰ
1686 2892 1812 2961 περὶ

229 2982 392 3053 ἡμῶν
437 2980 622 3035 αὐτῶν
653 2981 959 3051 νοήσωμεν,
999 2981 1083 3032 ὅτι
1126 2979 1227 3033 οὐκ
1258 2978 1451 3050 ἔχομεν
1475 2980 1538 3032 τὸ
1578 2981 1698 3033 κατ’
1732 2981 1811 3032 εἰ-

228 3073 364 3126 κόνα
400 3074 461 3125 ἐν
498 3074 680 3144 μορφῇ
719 3071 965 3140 σώματος
989 3086 1002 3100 ·
1057 3070 1411 3141 φθειρομένου
1447 3060 1555 3141 γὰρ
1585 3069 1679 3124 τοῦ
1707 3071 1811 3123 σώ-

232 3180 410 3235 ματος
450 3165 485 3234 ἠ
544 3161 725 3233 μορφὴ
770 3160 1087 3214 ἀπόλλυται.
1127 3161 1241 3214 Οὐκ
1288 3162 1346 3215 ἐν
1395 3161 1619 3232 φθαρτῷ
1661 3161 1718 3213 δὲ
1752 3161 1813 3214 τὸ

228 3254 515 3325 ἄφθαρτον
557 3251 971 3324 σχηματίζεται,
1021 3251 1081 3303 οὐ
1131 3250 1368 3320 φθαρτόν
1414 3252 1529 3303 ἐστι
1578 3250 1812 3319 τοῦάφ-

234 3346 440 3418 θάρτου
458 3343 642 3398 εἰκών.
664 3342 737 3396 Τὸ
764 3342 922 3412 σῶμα
946 3339 1189 3406 αὒξεται,
1223 3340 1487 3410 μειοῦται,
1516 3344 1681 3412 γηρᾷ,
1714 3342 1813 3395 ἀλ-

231 3435 477 3491 λοιοῦται
512 3450 526 3464 ·
573 3433 701 3489 ἄλλο
730 3433 877 3485 ἐστὶν
911 3432 970 3484 ἐν
1006 3433 1239 3502 νεότητι,
1275 3432 1403 3487 ἄλλο
1431 3432 1558 3485 ὅταν
1589 3431 1810 3501 εὐεκτῇ,

233 3530 326 3585 καὶ
361 3529 495 3583 ἄλλο
523 3529 652 3581 ὅταν
698 3529 755 3580 ἐν
783 3524 1013 3582 πάθεσιν
1106 3540 1119 3555 ⁸
1174 3525 1302 3580 ἄλλο
1334 3523 1501 3595 φοὸού
1509 3541 1686 3595 μενον,
1718 3526 1813 3577 καὶ

232 3619 362 3674 ἄλλο
386 3618 809 3690 εὐφραινόμενον
828 3634 843 3649 ⁸
885 3618 1012 3672 ἄλλο
1041 3620 1100 3671 ἐν
1124 3618 1319 3687 ἐνδείᾳ,
1338 3616 1466 3671 ἄλλο
1492 3618 1550 3668 ἐν
1571 3616 1814 3686 πλησμο-

233 3715 334 3782 νῇ,
372 3709 470 3765 καὶ
515 3710 645 3764 ἄλλο
687 3710 745 3762 ἐν
795 3709 1004 3781 εἰρήνῃ,
1051 3709 1145 3763 καὶ
1192 3707 1320 3763 ἄλλο
1352 3708 1411 3760 ἐν
1456 3707 1600 3777 μάχῃ
1627 3723 1640 3738 ο
1689 3706 1816 3760 ἄλλο

234 3804 434 3875 χρῶμα
463 3803 848 3874 ἐγρηγορότος,
884 3805 978 3857 καὶ
1006 3802 1134 3856 ἄλλο
1165 3800 1515 3862 καθεύδοντος
1535 3815 1548 3830 ·
1591 3798 1685 3852 τοῦ
1718 3799 1815 3868 μὲν

1907 1526 2141 1596 simplex
2189 1537 2307 1589 est,
2347 1530 2740 1599 magnitudinis
2782 1540 2838 1587 et
2885 1535 3213 1604 quantitatis
3251 1550 3467 1605 expers.

1902 1616 2047 1683 Noli,
2070 1635 2192 1674 eum
2235 1620 2304 1675 de
2329 1621 2423 1676 illo
2446 1627 2675 1694 cogitas,
2707 1623 2937 1679 formam
2966 1627 3128 1679 ullam
3166 1626 3479 1696 conﬁngere

1900 1711 2324 1767 etcomminisci
2344 1732 2358 1766 :
2381 1729 2449 1768 ne
2469 1730 2619 1770 more
2643 1714 2875 1770 Judaico
2903 1733 3158 1787 magnum
3184 1725 3469 1774 extenues.

1899 1798 2019 1855 Noli
2068 1806 2346 1872 corporeis
2393 1804 2545 1858 illum
2585 1808 3010 1876 cogitationibus
3050 1808 3327 1878 amplecti,
3380 1818 3474 1864 aut

1899 1901 2082 1948 mente
2119 1903 2209 1948 tua
2240 1897 2725 1952 circumscribere.
2749 1897 2824 1951 Ea
2858 1906 2942 1953 est
2968 1900 3375 1968 magnitudine,
3411 1908 3473 1953 ut

1897 1986 2289 2054 comprehendi
2343 1989 2842 2058 circumscribique
2890 1998 3149 2059 nequeat.
3212 1990 3467 2061 Magnum

1895 2076 2094 2146 cogita,
2127 2086 2183 2132 et
2206 2077 2333 2131 huic
2359 2094 2558 2148 magno
2593 2080 2716 2149 plus
2740 2080 2904 2135 etiam
2930 2091 3096 2151 atque
3133 2081 3297 2136 etiam
3328 2080 3468 2136 adde

1893 2182 2058 2234 quam
2088 2168 2370 2238 c0gitasti.
2397 2179 2562 2237 atque
2591 2170 2665 2224 ita
2689 2171 2851 2240 exple
2871 2158 3263 2241 cogitationem
3289 2179 3463 2224 tuam.

1892 2255 2080 2328 Neque
2102 2258 2274 2321 enim,
2302 2274 2423 2330 quas
2450 2260 2665 2315 inﬁnita
2691 2268 2841 2324 sunt,
2869 2276 3113 2330 unquam
3142 2261 3345 2331 capiet.
3374 2260 3465 2314 Fi-

1891 2362 2083 2418 guram
2116 2363 2185 2403 ne
2215 2347 2377 2419 ﬁnge.
2410 2349 2684 2414 Potentia,
2724 2350 3083 2420 simplicitate
3116 2358 3346 2415 naturae,
3381 2364 3463 2403 rec

1890 2452 2013 2494 rum
2044 2446 2461 2508 procreatarum
2489 2447 2605 2493 tum
2638 2440 3041 2511 magnitudine,
3070 2448 3185 2494 tum
3215 2440 3462 2510 pulchri-

1889 2531 2080 2586 tudine
2096 2532 2457 2602 cognoscitur
2479 2531 2644 2587 Deus.
2672 2529 2888 2602 Ubique
2902 2539 3008 2597 est,
3028 2540 3082 2586 et
3101 2531 3283 2585 omnia
3312 2544 3432 2584 com

1893 2622 2205 2692 prehendit,
2228 2632 2279 2677 et
2311 2623 2461 2693 tangi
2484 2623 2774 2692 viderique
2793 2638 2899 2677 non
2925 2630 3124 2693 potest.
3143 2619 3461 2689 Amplitudo

1908 2716 1994 2762 est
2013 2711 2317 2777 quantitate
2342 2724 2557 2772 carens,
2579 2724 2742 2779 quam
2772 2724 2880 2763 non
2906 2709 3050 2778 capit
3078 2709 3295 2763 animus
3325 2719 3468 2763 tuus.

3488 2540 3497 2578 i

1912 2798 2023 2853 Nec
2055 2800 2428 2868 magnitudine
2460 2800 2825 2865 concluditur,
2853 2815 2952 2855 nec
2980 2800 3149 2868 ﬁgura
3171 2807 3473 2860 coercetur,

1910 2904 2012 2943 nec
2045 2891 2288 2958 potentia
2318 2891 2654 2955 continetur,
2690 2907 2792 2946 nec
2835 2891 3176 2960 temporibus
3228 2906 3479 2960 compre-

1912 2980 2189 3045 henditur,
2226 2995 2327 3035 nec
2363 2981 2561 3037 ﬁnibus
2597 2981 2904 3037 cohibetur.
2940 2981 3084 3035 Nihil
3137 2997 3323 3037 eorum
3357 2995 3481 3050 qua:

1911 3079 2039 3125 sunt
2062 3070 2210 3124 circa
2236 3086 2354 3129 nos,
2389 3087 2512 3125 eum
2548 3071 2659 3126 Deo
2684 3070 3095 3126 similitudinem
3131 3070 3310 3125 liabet.
3335 3066 3483 3137 Quo-

1910 3161 2073 3216 modo
2104 3163 2273 3231 igitur
2320 3161 2456 3216 dicit
2492 3162 2771 3232 Scriptura
2808 3176 2908 3216 nos
2940 3177 3063 3217 esse
3107 3160 3279 3216 factos
3309 3160 3483 3214 adsi-

1911 3256 2275 3310 militudinem
2307 3253 2449 3309 Dei?
2479 3270 2599 3325 quae
2639 3254 2705 3308 ad
2757 3254 2923 3309 Deum
2966 3254 3259 3325 pertinent,
3293 3267 3483 3307 recen-

1911 3346 2124 3401 suimus
2150 3364 2163 3399 :
2192 3360 2314 3414 qua
2341 3345 2407 3399 ad
2439 3360 2539 3400 nos
2571 3353 2839 3414 spectant,
2874 3344 3305 3398 consideremus.
3336 3340 3480 3396 Nihil

1912 3432 2158 3503 proiecto
2186 3434 2242 3487 in
2276 3432 2448 3486 forma
2484 3433 2733 3503 corporis
2768 3440 2873 3496 est,
2911 3433 3055 3500 quod
3088 3431 3206 3500 ejus
3256 3428 3482 3498 imagini

1912 3533 2198 3595 congruat.
2255 3524 2354 3579 Est
2389 3525 2590 3579 etenim
2630 3523 2810 3578 forma
2869 3522 3119 3590 corporis
3169 3521 3361 3574 caduci
3416 3534 3523 3574 ac-

1912 3614 2125 3688 fragilis
2157 3635 2169 3670 :
2202 3617 2257 3669 in
2281 3616 2492 3669 caduco
2521 3623 2701 3669 autem
2729 3622 2784 3668 et
2809 3613 2983 3682 fragili
3010 3627 3117 3665 non
3150 3612 3484 3681 imprimitur

1912 3706 2059 3775 quod
2091 3704 2370 3774 corrumpi
2402 3718 2515 3758 non
2561 3709 2759 3773 potest,
2810 3716 2911 3755 nec
2941 3707 3257 3769 corruptum
3299 3700 3483 3753 incor-

1912 3795 2059 3865 rupti
2114 3805 2198 3849 est
2259 3796 2455 3866 imago.
2523 3794 2737 3864 Corpus
2802 3798 3052 3861 augetur,
3116 3788 3481 3850 imminuitur,

235 3894 454 3963 ἐξανθεῖ
504 3894 567 3948 τὸ
606 3894 1000 3967 ἐρυθρότερον,
1063 3890 1157 3945 τοῦ
1213 3888 1416 3962 θερμοῦ
1465 3889 1558 3943 ἐπὶ
1600 3889 1662 3941 τὸ
1710 3887 1806 3953 ἐξω

1912 3887 2276 3950 consenescit,
2332 3887 2672 3951 immutatur,
2740 3884 2908 3957 [aliud
2968 3884 3025 3938 in
3081 3889 3300 3939 senecta
3352 3878 3485 3953 est,}

234 3985 546 4057 χωροῦντος
612 3984 707 4038 τοῦ
748 3985 805 4038 δὲ
851 3984 1190 4051 κατέψυκται
1218 3982 1313 4036 καὶ
1343 3978 1693 4034 συνέσταλται
1722 3978 1806 4032 ἐπῖ

1915 3977 2064 4032 aliud
2094 3979 2148 4032 in
2180 3976 2428 4047 juventa,
2456 3977 2602 4032 aliud
2634 3993 2758 4031 cum
2792 3990 3050 4046 prospera
3079 3974 3254 4029 utitur
3281 3974 3487 4028 valetu-

236 4079 299 4130 τὸ
328 4077 496 4147 βάθος
528 4077 563 4146 ἡ
595 4075 869 4147 θερμότης
907 4091 920 4106 ο
972 4074 1053 4128 διὸ
1095 4074 1189 4126 καὶ
1223 4071 1451 4143 ῦπωχρα
1475 4069 1584 4124 τῶν
1609 4086 1806 4141 κοιμῶ·

1917 4069 2068 4134 dine,
2101 4066 2246 4122 aliud
2273 4081 2396 4121 cum
2429 4067 2635 4123 morbis
2657 4067 2920 4138 jactatur,
2941 4064 3086 4119 aliud
3113 4079 3235 4119 cum
3263 4064 3480 4130 metuit,

242 4170 418 4240 μένων
445 4168 516 4221 τὰ
544 4167 790 4238 σώματα.
820 4165 944 4229 Πῶς
969 4161 1064 4219 οὖν
1086 4163 1307 4218 δύναται
1335 4162 1396 4216 τὸ
1430 4160 1806 4231 ἀλλοιούμενον

1917 4161 2062 4216 aliud
2098 4175 2222 4214 cum
2282 4158 2499 4230 gaudet,
2554 4158 2699 4213 aliud
2740 4157 2957 4229 quando
3006 4158 3259 4211 satiatum
3320 4162 3485 4224 atque

237 4259 317 4330 τῷ
370 4258 715 4328 ἁναλλοιιίντῳ
762 4257 1045 4320 ἐοικέναι;
1109 4253 1188 4324 τῷ
1231 4252 1319 4307 ἀεὶ
1366 4249 1510 4306 κατὰ
1558 4250 1626 4303 τὰ
1681 4249 1806 4302 αὐτὰ

1916 4254 2190 4324 expletum
2223 4258 2331 4318 est,
2366 4250 2514 4305 aliud
2546 4250 2766 4319 quando
2795 4250 2886 4303 siti
2923 4247 3135 4302 fameve
3177 4252 3484 4315 torquetur,

238 4352 450 4422 ἔχοντι,
483 4349 564 4422 1,τὸ
609 4349 741 4420 μηδέ
775 4364 903 4402 ποτε
935 4344 1199 4416 ἑστηκός;
1247 4342 1532 4413 Ἐκφεύγει
1566 4342 1716 4412 ἡμᾶς
1744 4340 1806 4405 ῶς

1919 4342 2069 4398 aliud
2102 4343 2157 4397 in
2190 4356 2343 4412 pace,
2382 4342 2527 4396 aliud
2559 4342 2613 4395 in
2650 4340 2814 4404 bello;
2857 4338 2999 4392 alius
3024 4335 3323 4406 vigilantis,
3347 4334 3486 4388 alius

237 4442 307 4495 τὰ
331 4440 539 4512 ῥευστά
556 4457 569 4470 ·
597 4442 726 4510 πρὶν
760 4436 1019 4507 θεαθῆναι
1046 4436 1355 4507 ὑπέδραμεν
1375 4450 1389 4468 ο
1423 4432 1551 4487 ἄλλο
1582 4432 1640 4496 ἐξ
1664 4430 1806 4485 ἄλλοι

1920 4429 2243 4485 dormientis
2277 4438 2361 4484 est
2407 4430 2576 4484 color.
2616 4425 2864 4497 Vigilans
2912 4424 3114 4479 rubore
3147 4423 3321 4492 magis
3358 4432 3486 4491 per-

240 4511 492 4601 φαῖνεται
519 4532 581 4584 τὸ
612 4529 948 4601 ἀνθρώπινον
978 4529 1160 4599 σῶμα.
1209 4544 1228 4578 ι
1254 4527 1388 4578 Κατ’
1410 4523 1593 4577 εἰκόνα
1616 4522 1806 4593 ἡμετέ·

1920 4520 2166 4576 i‘unditur
2191 4560 2204 4585 ,
2237 4520 2494 4589 quoniam
2551 4518 2699 4572 calor
2734 4526 2886 4571 extra
2922 4513 3287 4585 progreditur.
3347 4511 3488 4564 Dor-

240 4640 360 4695 ραν.
394 4642 415 4675 ι
466 4623 593 4686 Πῶς
619 4620 788 4674 σῶσαι
817 4621 1104 4690 δυνήσεται
1131 4616 1231 4686 τῆς
1254 4615 1509 4686 ἀκινήτου
1541 4613 1753 4682 φύσεως
1781 4613 1806 4682 ἡ

1922 4613 2102 4667 miens
2157 4620 2338 4665 autem
2402 4610 2584 4664 calore
2644 4608 2794 4663 intus
2852 4620 3168 4676 compresso
3219 4604 3482 4675 pallescit.

242 4690 443 4788 issue-rh
474 4716 670 4779 εἰκών;
705 4714 802 4784 τῆς
827 4712 1074 4783 ἀμόρφου
1100 4712 1133 4779 ἡ
1164 4706 1604 4780 μεμορφωμένης

1922 4702 2168 4767 Quonam
2206 4699 2373 4770 igitur
2400 4705 2577 4767 pacto,
2610 4697 2755 4767 quod
2791 4703 2869 4749 tot
2916 4694 3236 4747 immutatur
3286 4690 3486 4755 modis,

239 4779 443 4861 simile.
474 4809 545 4861 sit
596 4807 645 4861 ei
706 4779 879 4874 quod-
915 4779 999 4856 est
1029 4797 1410 4853 immutabile?
1447 4797 1519 4860 ei,
1552 4793 1697 4865 quod
1728 4791 1919 4847 eodem
1947 4803 2165 4857 semper
2207 4795 2289 4841 est
2340 4795 2508 4851 statu,
2553 4784 2606 4839 id
2663 4785 2806 4854 quod
2866 4779 3487 4874 nunquam-consistit?

245 4897 522 4954 Undarum
574 4869 750 4950 instar
784 4909 873 4949 res
904 4901 1107 4948 nostrae
1146 4904 1245 4946 nos
1293 4888 1530 4960 fugiunt,
1584 4895 1638 4940 et
1673 4892 1964 4951 antequam
1992 4879 2299 4943 videantur,
2348 4877 2713 4953 deﬂuxerunt.
2765 4874 2925 4929 Aliud
2989 4888 3051 4927 ex
3116 4871 3220 4924 alio
3278 4869 3493 4960 videtur

241 4990 543 5044 humanum
576 5000 802 5055 corpus.
834 4984 915 5038 Ad
946 4976 1235 5053 imaginem
1299 4987 1548 5035 nostram
1593 4984 1803 5030 naturae
1826 4970 2184 5025 immutabilis
2231 4970 2335 5024 erit
2380 4968 2588 5022 caduca
2643 4965 2989 5022 similitudo?
3022 4963 3196 5016 forma
3230 4959 3489 5022 carentis,

241 5095 359 5150 qua:
398 5079 635 5133 formam
671 5075 876 5133 habet?
1997 5148 2097 5153 ’μ’
2280 5100 2285 5107 -
2834 5143 2847 5153 _
2903 5143 2914 5153 I
3049 5139 3061 5151 ,

311 5172 435 5233 Πῶς
458 5166 554 5224 οῦν
582 5170 895 5238 ζητήσομεν
928 5166 990 5219 τὸ
1030 5166 1150 5218 κατ’
1175 5164 1390 5227 εἰκόνα;
1435 5162 1522 5214 Ἐν
1551 5155 1630 5222 οἷς
1660 5157 1806 5219 αὐτὸς

1997 5148 2099 5204 Ubi
2154 5162 2287 5216 ergo
2320 5160 2650 5216 qumrcmus,
2704 5143 2848 5212 quod
2902 5139 3190 5208 imaginem
3252 5132 3493 5191 referat?

240 5258 392 5317 εἶπεν
467 5225 721 5333 Κύριός..
743 5225 867 5311 Ἐόιν
892 5257 1023 5327 ἐμόν
1050 5274 1103 5310 τι
1123 5256 1280 5318 εἴπω,
1310 5225 1385 5323 μῆ
1413 5249 1776 5321 προσδέξησθε
1799 5266 1806 5279 ε

1923 5240 2190 5294 Nimirum
2232 5239 2286 5291 iu
2329 5238 2419 5300 iis,
2452 5254 2573 5306 qua:
2624 5240 2740 5305 ipse
2770 5233 3037 5286 Dominus
3072 5228 3230 5284 dixit.
3272 5227 3327 5280 Si
3362 5225 3493 5296 quid

239 5354 334 5409 ἐᾶιν
360 5316 718 5415 Δεσποτικδν,
760 5316 1143 5413 καταδέξατθε.
1186 5316 1506 5414 Ποιησῶμεν
1536 5316 1806 5411 ἀνθρώπω

1926 5349 2104 5389 meum
2143 5333 2200 5386 in
2233 5329 2472 5386 medium
2507 5329 2765 5389 attulcro,
2806 5325 2858 5379 id
2900 5338 2969 5379 ne
3020 5319 3356 5392 suscipiatis.
3392 5316 3487 5372 Fa-

311 5499 356 5532 ”
381 5499 419 5519 “
443 5496 598 5553 Psal.
629 5510 778 5559 xui,
799 5498 849 5550 8.
