3794 6000
239 104 343 163 963

1433 91 1490 145 S.
1516 85 1844 145 GREGORH
1875 75 2176 146 NYSSENI,

3377 58 3488 116 τοι

241 215 455 269 ciamus
508 207 782 264 hominem
831 204 900 260 ad
935 202 1229 274 imaginem
1281 207 1335 256 et
1389 199 1842 260 similitudinem,

1980 199 2028 249 τ’
2060 195 2242 249 εἰκόνα
2289 189 2562 262 ἡμετέραν
2589 185 2681 241 καὶ
2702 184 2820 239 καθ’
2846 179 3218 274 ὁμοίωσινοκαὶ
3246 175 3488 274 άρχετωῗ

244 310 513 365 nostram,
567 305 621 354 et
652 298 836 368 praesit
872 295 1116 366 piscibus
1149 293 1356 366 [maris,
1413 299 1466 346 et
1496 289 1812 346 volatilibus

247 397 395 457 coeli.
429 404 482 450 et
507 395 721 455 bestiis,
755 401 807 448 et
836 408 956 462 quae
997 387 1351 460 sequuntur,]
1385 402 1706 456 corporene,
1745 399 1815 439 an

247 488 461 541 ratione
489 487 510 539 ἰ
539 487 596 539 In
633 486 818 538 animo
849 484 1013 538 situm
1053 489 1138 536 est
1171 482 1277 535 hoc
1311 479 1621 548 imperium,
1659 492 1727 530 an
1760 476 1815 529 in

247 579 460 632 carne?
515 590 643 630 caro
693 582 880 629 nostra
929 574 1227 627 multorum
1289 569 1604 623 animalium
1654 583 1818 623 carne

251 671 414 738 longe
453 676 536 723 est
569 667 909 721 imbecillior.
943 665 1046 731 Qui
1077 665 1222 719 enim
1264 663 1503 717 hominis
1534 675 1663 716 caro
1691 674 1816 714 cum

253 775 422 813 carne
450 758 664 822 cameli,
702 766 797 810 aut
823 757 1003 819 bovis,
1028 756 1370 824 aliorumque
1402 752 1638 808 ferarum
1669 766 1820 806 com-

251 851 437 922 parari
501 857 700 917 potest,
753 850 845 903 cui
909 849 1108 903 collata
1168 848 1329 902 facile
1383 854 1696 916 superatur,
1755 859 1820 899 ac

251 941 488 994 vincitur
513 940 535 993 ?
560 939 617 993 In
653 954 763 1009 quo
817 941 985 1009 igitur
1019 940 1275 994 consistit
1314 939 1403 992 hic
1436 935 1820 1008 principatus?

251 1031 306 1084 in
341 1030 574 1083 rationis
607 1031 945 1100 praestantia.
977 1029 1194 1095 Quanto
1246 1029 1388 1083 enim
1427 1028 1676 1098 corporis
1720 1027 1822 1080 im-

251 1122 553 1176 becillitate
611 1121 774 1174 homo
830 1119 1061 1188 reliquis
1122 1118 1493 1172 animantibus
1557 1117 1824 1170 inﬁrmior

253 1220 360 1275 est,
388 1223 538 1266 tanto
564 1220 649 1265 est
673 1211 903 1265 rationis
927 1209 1248 1264 excellentia
1271 1209 1541 1277 superior.
1569 1208 1822 1277 Ingentes

254 1304 398 1358 enim
451 1303 622 1356 moles
676 1317 740 1355 ac
783 1301 1046 1371 pondera,
1105 1316 1227 1370 quae
1274 1316 1373 1370 pro
1440 1301 1673 1355 arbitrio
1723 1314 1824 1354 suo

255 1392 597 1448 transferunt
652 1394 923 1456 homines,
956 1407 1283 1462 quocunque
1324 1392 1533 1456 volunt,
1573 1391 1822 1455 solertia,

257 1501 369 1538 non
417 1486 667 1555 corporis
708 1485 916 1539 viribus
985 1493 1225 1554 aguntur
1290 1491 1344 1537 et
1419 1489 1820 1552 permoventur.

262 1593 280 1624 ι
320 1573 606 1628 Faciamus
638 1575 912 1629 hominem
949 1574 1016 1627 ad
1057 1573 1346 1644 imaginem
1384 1581 1670 1627 nostram:
1709 1591 1728 1623 ›
1760 1573 1827 1626 de

255 1666 506 1720 interiori
560 1666 778 1719 homine
841 1666 1100 1733 loquitur.
1136 1667 1202 1718 At
1259 1665 1424 1727 enim,
1459 1664 1631 1728 dices,
1675 1673 1730 1718 tu
1760 1664 1829 1720 de

258 1755 470 1809 ratione
499 1755 748 1810 disseris.
799 1752 1038 1810 Ostende
1068 1755 1228 1810 nobis
1274 1755 1551 1809 hominem
1586 1753 1654 1808 ad
1689 1754 1826 1808 ima-

258 1845 441 1914 ginem
486 1843 600 1899 Dei.
640 1844 808 1899 Estne
857 1845 995 1898 ratio
1035 1844 1247 1899 homo?
1283 1843 1423 1898 Audi
1457 1844 1775 1913 Apostolum
1812 1861 1828 1899 :

265 1951 284 1985 ι
321 1934 490 1999 Licet,
525 1955 542 1986 ι
585 1936 780 2005 inquit,
818 1955 836 1985 ι
878 1935 924 1990 is
961 1936 1052 2005 qui
1091 1935 1228 1989 foris
1261 1942 1345 1990 est
1403 1946 1592 1990 noster
1645 1936 1828 2001 homo,

259 2026 667 2086 corrumpatur,
696 2026 877 2072 tamen
910 2018 977 2082 is,
1005 2017 1097 2087 qui
1127 2019 1277 2072 intus
1309 2029 1414 2080 est,
1444 2025 1740 2074 renovatur
1762 2018 1830 2072 de

261 2107 348 2162 die
376 2109 431 2161 in
467 2109 632 2162 diem.
672 2127 692 2158 ι
732 2108 984 2173 Quonam
1040 2110 1240 2178 pacto?
1275 2108 1555 2180 Duplicem
1594 2121 1832 2176 agnosco

265 2197 562 2258 hominem,
587 2212 750 2248 unum
778 2197 868 2264 qui
897 2197 1134 2260 videtur,
1164 2197 1394 2251 alterum
1423 2196 1829 2258 absconditum,

263 2302 425 2356 quem
456 2286 544 2340 ille
584 2285 701 2355 ipse
733 2285 827 2355 qui
861 2286 1078 2340 videtur
1111 2301 1221 2340 non
1280 2287 1476 2341 cernit.
1517 2285 1834 2340 lnteriorem

264 2374 428 2446 igitur
499 2375 762 2430 habemus
821 2375 1121 2440 hominem,
1177 2384 1232 2430 et
1289 2375 1537 2445 duplices
1597 2375 1835 2445 quodam

266 2464 428 2518 modo
477 2480 689 2519 sumus.
743 2467 853 2535 Ego
880 2466 1024 2520 enim
1088 2481 1210 2519 sum
1243 2466 1354 2532 ille,
1399 2467 1491 2535 qui
1551 2467 1700 2521 intus
1752 2473 1836 2520 est

269 2555 594 2622 homo.Qnae
621 2567 752 2610 vero
774 2564 904 2610 sunt
931 2555 1294 2619 extrinsecus,
1316 2571 1424 2610 non
1445 2571 1546 2626 ego
1571 2557 1662 2608 illa
1688 2571 1833 2619 sum,

1916 304 2015 342 σαν
2040 285 2146 339 τῶν
2191 283 2418 353 ἰχθύων,
2474 278 2682 348 σώματι
2717 276 2751 346 ἢ
2779 271 3060 342 λογισμῷ;
3111 269 3197 320 Ἐν
3237 267 3385 336 ψυχῇ
3426 265 3493 318 τδ

1914 380 2100 449 ἄρχον.
2129 376 2162 444 ἢ
2195 375 2252 427 ἐν
2287 371 2480 443 σαρκί;
2527 370 2590 422 Ἡ
2623 367 2778 438 σὰρξ,
2819 361 3029 417 πολλῶν
3068 358 3219 422 ζώων
3245 355 3496 449 γάσθενε-

1918 446 2104 542 στέρα.
2139 466 2274 521 Ποία
2304 466 2586 534 σύγκρισις
2615 458 2815 530 σαρκὸς
2852 448 3267 551 ανθρώπουααὶ
3305 446 3496 551 κοιμῇ-

1915 540 2030 627 λου,
2072 557 2357 629 ἀνθρώπου
2404 554 2497 608 καὶ
2528 551 2676 621 βοὸς,
2711 544 2997 617 ἀνθρώπου
3031 541 3123 595 καὶ
3155 540 3499 629 ἑκάστου-ὼν

1919 653 1985 707 ἂν
2029 627 2188 721 θέλῃς
2237 647 2460 718 (inpios;
2511 641 2778 702 εὐάλωτος
2819 639 2853 707 ἡ
2899 633 3036 704 σὰρξ
3077 633 3110 702 ἡ
3159 627 3496 721 ἀνθρωπίνη,

1922 743 2084 815 σαρκί
2126 720 2315 810 θηρίου
2349 731 2783 807 προϐαλλομένη.
2836 725 2995 780 Ἀλλὰ
3025 728 3081 778 ὲν
3115 723 3232 815 τίνιῗ
3253 720 3314 815 τό
3344 720 3504 815 ἀρχιζ
3593 721 3606 725 “

1920 809 2046 899 κόν;
2088 835 2145 885 ὲν
2266 829 2358 882 τοῦ
2388 824 2649 896 λογισμοῦ
2682 819 2988 892 περιουσίᾳ.
3032 818 3193 868 Ὅσον
3223 809 3499 902 λείπειτῇ

1920 926 2146 994 δυνάμει
2175 921 2267 974 τοῦ
2297 918 2566 989 σώματος,
2603 912 2855 967 τοσοῦτον
2903 908 3152 980 περίεστι
3189 906 3254 974 τῇ
3287 899 3380 953 τοῦ
3406 900 3500 994 los

1922 989 2119 1086 γισμοῧ
2152 1012 2486 1079 κατασκευῇ.
2537 1005 2706 1058 Πόθεν
2744 1003 2813 1056 τὰ
2847 999 3059 1071 μεγάλα
3099 996 3236 1066 βάρη
3275 989 3503 1086 pera-ris

1923 1084 2080 1180 θησιν
2141 1104 2463 1175 ἄνθρωπος,
2517 1097 2727 1164 ἐπινοίᾳ
2787 1095 2820 1162 ἢ
2881 1094 3052 1151 τόνοις
3117 1084 3500 1180 σωματικοῖςὲ

1930 1220 1948 1252 ι
1980 1171 2302 1269 ᾖοιήσωμεν
2334 1191 2618 1262 ἄνθρωπον
2647 1186 2767 1240 κατ’
2803 1182 2985 1236 εἰκόνα
3019 1177 3310 1250 ἡμετέραν.
3349 1171 3506 1269 ι⁸

1926 1291 2033 1344 ἔσω
2065 1259 2346 1358 ἄνθρωπον
2375 1259 2542 1348 λέγει,
2576 1277 2931 1346 «Ποιήσωμεν
2961 1269 3263 1340 ἄνθρωπον.
3282 1283 3309 1358 ν»
3360 1259 3504 1358 Ἀλλ’

1928 1384 2070 1454 ἐρεῖς
2099 1355 2188 1444 σὺ,
2223 1376 2320 1429 Διὰ
2359 1373 2408 1427 τί
2437 1374 2496 1426 οὐ
2531 1371 2675 1438 λέγει
2715 1369 2844 1437 ἡμῖν
2878 1364 3005 1434 περί
3044 1357 3302 1430 λογισμοῦ
3322 1373 3346 1454 ⁸;
3401 1355 3511 1454 Τὸν

1929 1446 2212 1543 ἄνθρωπον
2247 1464 2367 1521 εἶπε
2397 1465 2513 1518 κατ’
2547 1463 2728 1516 εἰκόνα
2754 1457 2909 1511 Θεοῦ.
2955 1456 3011 1509 Ὁ
3039 1454 3095 1507 δὲ
3123 1449 3380 1543 λογισμὲς
3413 1446 3513 1543 ἄνα-

1933 1537 2178 1632 θρωπος;
2228 1558 2426 1609 Ἀκουε
2456 1553 2548 1605 τοῦ
2591 1547 2909 1604 Ἀποστόλου
2944 1545 3213 1613 λέγοντος,
3259 1559 3276 1590 ι
3306 1538 3365 1591 Εἰ
3398 1537 3510 1606 γὰρ

1934 1654 1961 1705 ὁ
1989 1650 2094 1716 ἔξω
2127 1648 2280 1720 ἡμῶν
2309 1645 2589 1716 ἄνθρωπος
2621 1640 2920 1712 φθείρεται,
2952 1637 3064 1692 ἁλλ’
3091 1639 3119 1689 ό
3146 1634 3253 1687 ἔσω
3275 1633 3513 1685 ἀνακαι-

1935 1741 2116 1794 νοῦται
2149 1737 2330 1808 ἡμέρᾳ
2358 1736 2452 1796 κοιλ⁵
2482 1734 2680 1804 ἡμέρᾳ.
2711 1750 2728 1782 ›
2783 1729 2939 1793 Πῶς;
2984 1727 3086 1779 Δύο
3122 1722 3374 1794 γνωρίζω
3416 1720 3514 1772 ἀν-

1937 1831 2218 1904 θρώπους,
2264 1828 2362 1880 ἓνα
2409 1826 2500 1878 τὸν
2548 1824 2892 1892 φαινόμενον,
2939 1817 3034 1872 καὶ
3063 1817 3161 1869 ἕνα
3187 1813 3278 1867 τὸν
3312 1812 3514 1904 intexe-

1937 1901 2249 1995 κρυμμένον
2283 1918 2358 1988 τῷ
2389 1915 2716 1986 φαινομένῳ,
2752 1908 3098 1982 ἀόρατον,τ¹ὸν
3143 1905 3250 1958 ἔσω
3297 1901 3514 1995 ἀνθρωο

1935 1992 2059 2068 πον,
2097 2012 2246 2065 Ἐσω
2269 2011 2444 2064 τοίνυν
2476 2009 2668 2078 ἔχομεν
2709 2005 3015 2074 ἄνθρωπον,
3044 1999 3140 2053 καὶ
3163 1997 3339 2050 διπλοῖ
3367 1992 3514 2055 τινές

1936 2106 2123 2175 ἐσμεν,
2156 2102 2250 2155 καὶ
2277 2101 2337 2152 τό
2376 2116 2439 2167 γε
2479 2097 2674 2167 ἀληθὲς
2713 2094 3001 2163 λεγόμενον
3035 2091 3117 2143 ὃτι
3145 2089 3289 2141 ἔνδον
3321 2083 3512 2153 ἐσμέν.

1950 2194 2090 2264 Ἐγὼ
2139 2193 2248 2264 γὰρ
2283 2190 2423 2245 κατὰ
2466 2188 2556 2241 τὸν
2612 2187 2719 2239 ἔσω
2765 2183 3073 2254 ἄνθρωπον.
3123 2179 3203 2231 Τὰ
3251 2177 3374 2242 ἔξω,
3414 2175 3520 2226 οὐκ

1940 2284 2070 2354 ἐγὼ,
2094 2283 2229 2338 ἀλλὰ
2259 2281 2386 2351 ὲμά.
2405 2281 2478 2333 Οὐ
2511 2277 2620 2348 γάρ
2646 2278 2678 2346 ἡ
2711 2275 2830 2345 χεὶρ
2865 2272 2995 2341 ἐγὼ,
3029 2269 3165 2324 ἀλλὰ
3200 2266 3309 2335 ἐγὼ
3341 2266 3402 2318 τὸ
3431 2264 3522 2317 λο-

1941 2376 2097 2446 γικὸν
2143 2375 2242 2443 τῆς
2288 2371 2484 2442 ψυχῆς.
2542 2369 2606 2421 Ἠ
2645 2367 2702 2419 δὲ
2741 2365 2862 2436 χεὶρ
2895 2363 3054 2434 μέρος
3085 2359 3178 2413 τοῦ
3208 2355 3520 2428 ἀνθρώπου.

1945 2468 2106 2519 Ὥστε
2136 2464 2195 2516 τὸ
2225 2463 2322 2532 μὲν
2354 2460 2540 2531 σῶμα,
2591 2458 2820 2529 ὄργανον
2875 2454 2968 2507 τοῦ
3004 2450 3313 2522 ἀνθρώπου,
3341 2447 3524 2517 ψυχῆς

1943 2556 2194 2627 ὄργανον,
2221 2552 2502 2622 ἄνθρωπος
2527 2549 2584 2602 δὲ
2613 2546 2816 2618 κυρίως
2851 2546 2971 2598 κατ’
3002 2543 3169 2613 αὐτὴν
3194 2541 3292 2611 τὴν
3323 2538 3521 2608 ψυχήν.

269 2645 364 2699 sed
400 2647 488 2700 illa
517 2654 644 2700 sunt
671 2661 809 2700 mea.
834 2644 1020 2715 Neque
1047 2647 1194 2701 enim
1222 2663 1322 2718 ego
1345 2663 1466 2702 sum
1494 2662 1710 2712 manus,
1739 2648 1835 2702 sed
1872 2648 2034 2710 ratio,
2069 2662 2191 2716 qua:
2220 2647 2274 2699 in
2305 2647 2485 2698 animo
2512 2649 2614 2696 est.
2665 2638 2858 2691 Manus
2899 2643 3078 2690 autem
3122 2631 3412 2687 exterioris
3439 2636 3527 2684 est

272 2735 508 2790 hominis
537 2749 682 2804 pars.
715 2733 1083 2799 Quamobrem
1129 2751 1350 2808 corpus,
1390 2737 1629 2792 hominis
1672 2739 2120 2803 instrumentum,
2167 2743 2252 2792 est
2293 2733 2461 2789 animi
2498 2733 2966 2787 instrumentum:
2999 2726 3044 2780 si
3091 2724 3312 2795 quidem
3359 2722 3530 2777 homo

272 2828 491 2895 proprie
529 2824 712 2878 animo
749 2833 1026 2881 censetur.

350 2935 368 2966 ‹
394 2914 682 2968 Faciamus
705 2916 978 2969 hominem
999 2914 1066 2968 ad
1090 2913 1383 2982 imaginem
1411 2919 1708 2968 nostram.»
1733 2910 1848 2965 Hoc
1877 2917 1919 2975 c

273 3011 378 3067 est,
408 3003 484 3054 illi
522 3002 751 3056 rationis
788 2999 1844 3068 praestantiamtribuamuSJEtpraasit.»

275 3090 395 3144 Non
428 3091 624 3158 inquit,
656 3087 944 3144 Faciamus
973 3090 1252 3144 hominem
1284 3089 1352 3144 ad
1403 3090 1695 3160 imaginem
1752 3105 1853 3143 no-

286 3195 480 3246 stram,
497 3189 548 3235 et
574 3181 866 3245 irascatur,
886 3182 1260 3250 concupiscat,
1280 3190 1332 3235 et
1363 3191 1609 3235 mmreat.
1633 3181 1854 3237 Pertur-

281 3271 534 3327 bationes
564 3270 708 3323 enim
744 3284 854 3322 non
907 3268 1110 3322 cadunt
1161 3269 1216 3321 in
1252 3269 1544 3337 imaginem
1602 3269 1718 3332 Dei,
1759 3268 1854 3322 sed

279 3363 423 3417 ratio
457 3359 927 3430 perturbationum
981 3359 1315 3414 moderatrix
1368 3373 1433 3414 ac
1463 3359 1704 3414 domina.
1742 3379 1759 3410 ι
1789 3359 1856 3412 Ει

281 3451 748 3522 praesitpiscibus.
784 3470 801 3501 )
837 3445 982 3514 Tibi,
1021 3451 1184 3505 simul
1219 3459 1381 3520 atque
1411 3458 1734 3519 procreatus
1771 3464 1852 3512 es,

283 3543 570 3612 imperium
601 3551 685 3596 est
723 3542 1070 3597 attributum.
1127 3541 1230 3607 Qui
1271 3557 1528 3612 magnum
1562 3542 1618 3596 in
1653 3541 1856 3596 multos

285 3644 458 3687 annos
491 3648 520 3686 a
570 3648 696 3701 rege
732 3633 1098 3703 principatum
1133 3633 1352 3702 accipit,
1389 3635 1550 3687 homo
1585 3632 1654 3686 ab
1681 3631 1860 3685 homi-

285 3737 372 3786 ne,
406 3736 435 3774 a
473 3722 688 3774 mortali
736 3723 1007 3784 mortalis,
1047 3737 1156 3776 non
1205 3729 1411 3776 tantam
1463 3731 1721 3792 quautam
1778 3732 1856 3785 tu,

284 3812 496 3864 obtinet
570 3810 918 3878 potestatem.
974 3813 1069 3865 Ille
1122 3813 1266 3867 enim
1324 3828 1353 3865 a
1422 3829 1550 3882 rege
1607 3814 1861 3883 princeps

284 3901 664 3965 constituitur,
714 3909 774 3954 ut
826 3903 918 3955 uni
977 3911 1194 3956 tantum
1249 3903 1459 3972 regioni
1515 3905 1721 3972 praesit.
1779 3905 1859 3957 Tu

288 4001 469 4045 autem
518 4007 549 4043 a
607 3992 715 4046 Deo
779 4001 939 4046 terrae
998 3994 1166 4046 totius
1226 3993 1514 4062 imperium
1574 3993 1857 4062 accepisti.

295 4083 601 4151 Diviuaque
631 4099 736 4136 vox
770 4099 877 4137 non
916 4083 968 4136 in
1003 4083 1206 4138 tabulis
1257 4084 1471 4151 ligneis,
1507 4091 1601 4134 aut
1632 4083 1861 4135 volumi-

289 4173 474 4237 nibus,
523 4187 643 4240 quaa
692 4187 722 4224 a
779 4173 942 4226 tineis
988 4180 1439 4240 corrumpuntur,
1497 4169 1592 4224 sed
1643 4171 1696 4224 in
1744 4171 1862 4240 ipsa

289 4273 488 4318 natura
507 4265 769 4333 inscripta
791 4262 1144 4326 est.tPr.esit,
1161 4283 1178 4314 ι
1197 4262 1400 4332 quibus
1422 4269 1601 4316 autem
1631 4263 1813 4332 praesit
1839 4263 1860 4315 ?
1892 4250 1935 4304 D

293 4355 390 4412 His
420 4357 676 4410 nimirum
734 4358 992 4411 omnibus
1025 4355 1287 4410 :tl’raesit
1336 4354 1616 4424 piscibus,
1671 4354 1862 4410 bestiis

292 4454 472 4508 terrae,
505 4446 820 4498 volatilibus
853 4448 1002 4510 cceli,
1045 4455 1099 4500 et
1138 4447 1411 4501 universis
1467 4447 1858 4511 animantibus,

294 4549 418 4602 qua:
454 4543 738 4586 moventur
772 4549 937 4602 super
967 4542 1187 4588 terram.
1225 4535 1368 4588 »Νοη
1389 4531 1546 4596 dixit,
1575 4532 1863 4589 Faciamus

297 4625 574 4678 hominem
609 4624 677 4678 ad
707 4624 996 4694 imaginem
1032 4634 1084 4679 et
1127 4609 1558 4680 similitudinem‘
1593 4633 1860 4687 nostram,

297 4725 348 4770 et
375 4722 626 4770 vescatur
652 4730 714 4769 ex
747 4716 895 4769 omni
930 4715 1075 4784 ligno
1109 4714 1412 4780 l'ructifero,
1442 4716 1586 4784 quod
1624 4716 1861 4769 fructum

298 4806 459 4861 habet
521 4806 576 4860 in
630 4807 946 4875 semetipso.
1011 4804 1264 4860 Secundo
1319 4807 1438 4861 loco
1474 4821 1561 4871 ea,
1611 4822 1732 4876 quae
1798 4807 1863 4860 ad

297 4911 516 4950 carnem
547 4896 847 4965 pertinent,
879 4895 1312 4950 constituuntur.
1347 4895 1533 4951 Primo
1567 4906 1771 4959 autem,
1804 4911 1867 4951 ac

299 4991 644 5061 potissimum
688 4991 798 5054 illa,
835 5005 955 5058 qua:
987 4990 1050 5042 ad
1090 4989 1330 5042 animum
1384 4997 1649 5060 spectant.
1687 4990 1866 5045 Prima

307 5083 460 5138 nobis
497 5081 798 5150 imperandi
828 5089 1070 5152 potestas
1099 5081 1431 5135 decernitur.
1482 5082 1563 5136 Ad
1599 5083 1871 5150 imperan-

301 5175 429 5228 dum
472 5183 632 5230 natus
685 5191 766 5239 es,
809 5176 991 5229 homo.
1027 5173 1166 5239 Quid
1201 5189 1330 5242 ergo
1369 5177 1870 5244 perturbationibus

302 5265 523 5320 servis?
571 5282 670 5320 cur
714 5267 1029 5335 dignitatem
1065 5266 1258 5334 abjicis
1293 5267 1489 5321 tuam?
1518 5283 1616 5321 cur
1651 5277 1702 5323 te
1746 5284 1864 5337 pec-

302 5366 424 5410 cato
461 5356 634 5410 tradis
663 5357 716 5410 in
751 5357 1116 5412 servitutem?
1148 5372 1246 5410 cur
1299 5367 1351 5412 te
1377 5355 1666 5412 constituis
1719 5373 1870 5409 man-

304 5446 506 5517 cipium
539 5447 785 5500 diaboli?
817 5446 1014 5501 Rerum
1077 5449 1409 5504 constitutus
1467 5464 1525 5503 cs
1566 5448 1818 5516 princeps
1853 5466 1864 5499 :

2030 2909 2394 2978 «Ποιήσωμεν
2443 2907 2726 2980 ἄνθρωπον
2760 2909 2878 2961 κατ’
2931 2906 3113 2959 εἰκόνα
3166 2906 3457 2975 ἡμετέραν,
3506 2920 3526 2954 ι

1953 3001 2218 3063 τουτέστι,
2266 2999 2508 3069 δώσομεν
2555 2999 2702 3069 αὐτῷ
2752 2999 2911 3066 λόγου
2963 2997 3299 3067 περιουσίαν.
3367 3015 3384 3046 ι
3419 2997 3534 3049 Kal

1954 3093 2319 3163 ἁρχέτωσαν.»
2359 3092 2512 3160 Οὐχὶ,
2537 3091 2854 3161 Ποιήσωμεν
2874 3090 3176 3159 ἄνθρωπον,
3203 3090 3321 3142 κατ’
3345 3087 3535 3142 εἰκόνα

1955 3185 2248 3253 ἡμετέραν,
2283 3184 2374 3236 καὶ
2404 3182 2814 3253 θυμούσθωσαν,
2840 3181 2929 3234 καὶ
2957 3181 3409 3248 ὲπιθυμείτωσαν,
3437 3182 3537 3234 καί

1955 3275 2330 3328 λυπείσθωσαν
2351 3292 2362 3304 ·
2407 3275 2468 3328 οὐ
2506 3274 2613 3344 γάρ
2639 3275 2706 3326 τὰ
2737 3273 2881 3343 πάθη
2916 3275 2994 3337 εἰς
3032 3273 3131 3342 τὴν
3156 3272 3250 3325 τοῦ
3282 3271 3418 3324 Θεοῦ
3455 3273 3538 3324 εἱ-

1957 3364 2092 3418 κόνα
2119 3364 2463 3436 παρελήφθη,
2495 3364 2609 3417 ἀλλ’
2639 3365 2667 3416 ὁ
2700 3363 2958 3433 λογισμὸς
2989 3362 3094 3416 τῶν
3128 3361 3312 3416 παθῶν
3341 3362 3540 3415 δεσπό-

1957 3471 2055 3523 της
2082 3489 2098 3505 .
2149 3472 2168 3505 ι
2197 3455 2307 3508 Kal
2349 3453 2666 3525 ἀρχέτωσαν
2713 3453 2820 3506 τῶν
2868 3453 3084 3523 ἰχθύων.
3120 3473 3137 3504 ι
3178 3453 3354 3515 Εὐθὺς
3384 3453 3538 3504 ἐκτε-

1961 3546 2114 3618 σθης,
2138 3547 2232 3600 καὶ
2259 3546 2440 3618 ἄρχων
2466 3545 2739 3615 ὲκτίσθης.
2787 3564 2806 3595 ι
2829 3546 2940 3597 Καὶ
2963 3545 3295 3616 ὰρχέτωσαν.
3324 3563 3343 3594 ι
3386 3544 3539 3606 Ἐνὺς

1960 3635 2112 3698 ἔτους
2142 3635 2389 3700 ἐξουσίαν
2413 3635 2560 3705 παρὰ
2582 3634 2843 3704 βασιλέως
2866 3634 3046 3687 λαϐὼν
3069 3634 3352 3704 ἄνθρωπος
3382 3632 3540 3703 παρὰ

1959 3725 2247 3797 ἀνθρώπου
2272 3758 2286 3786 ,
2320 3725 2510 3795 θνητὸς
2534 3725 2684 3794 παρὰ
2709 3725 2924 3794 θνητοῦ,
2959 3724 3136 3777 λαϐὼν
3163 3723 3313 3793 παρὰ
3341 3723 3433 3775 τοῦ
3463 3722 3540 3793 μὴ

1961 3814 2191 3884 ἔχοντος.
2223 3814 2388 3866 Ποίαν
2415 3814 2524 3884 γὰρ
2547 3814 2792 3878 ἐξουσίαν
2820 3815 2998 3886 ψυχῆς
3031 3815 3296 3886 λαμϐάνει
3327 3812 3544 3884 ἄνθρωά

1962 3923 2093 3970 πος;
2143 3904 2213 3955 Σὺ
2257 3903 2433 3973 μέντοι
2475 3905 2625 3976 παρὰ
2665 3905 2800 3958 Θεοῦ
2849 3907 3059 3969 ἔλαϐες,
3093 3907 3192 3958 οὐκ
3238 3907 3297 3957 ὲν
3362 3904 3544 3968 ξύλοις

1962 3995 2373 4065 γεγραμμένην,
2405 3996 2523 4049 οὐδὲ
2569 3998 2626 4051 ἐν
2665 3997 2826 4061 πτυξὶ
2852 3996 3114 4067 φθαρταῖς
3145 3997 3321 4066 σητῶν
3356 4004 3540 4067 παρα-

1963 4084 2296 4154 ναλώμασιν,
2337 4085 2451 4137 ἀλλ’
2484 4087 2832 4158 ἀνάγραπτον
2864 4091 2895 4158 ἡ
2925 4089 3086 4156 φύσις
3123 4089 3235 4157 ἔχει
3263 4089 3362 4157 τὴν
3389 4088 3544 4140 θείαν

1969 4180 2168 4248 φωνήν.
2208 4196 2226 4228 ι
2250 4179 2609 4248 Ἀρχέτωσαν.
2643 4198 2662 4230 ι
2702 4178 2888 4230 Ταῦτα
2927 4178 3214 4248 σύμπαντα
3247 4178 3421 4248 ἀρχῆς
3450 4179 3546 4230 ἀν-

1965 4270 2258 4341 θρωπίνης,
2313 4289 2330 4320 ι
2367 4271 2704 4342 Ἀρχέτωσαν
2755 4271 2863 4323 τῶν
2916 4271 3146 4340 ἰχθύων,
3194 4271 3300 4323 τῶν
3337 4271 3545 4341 θηρίων

1966 4362 2067 4430 τῆς
2105 4361 2231 4430 γῆς,
2280 4361 2387 4414 τῶν
2422 4362 2681 4415 πετεινῶν
2727 4361 2819 4415 τοῦ
2868 4363 3119 4432 οὐρανοῦ,
3165 4362 3272 4415 τῶν
3305 4362 3543 4426 κτηνῶν,

1963 4453 2071 4506 τῶν
2095 4453 2359 4526 ἑρπετῶν,
2382 4453 2488 4507 τῶν
2512 4454 2786 4522 ἑρπόντων
2809 4454 2900 4506 ἐπὶ
2921 4455 3017 4524 τῆς
3041 4457 3163 4524 γῆς.
3197 4474 3215 4505 ›
3250 4456 3362 4507 Οὐκ
3392 4451 3538 4519 εἷπε,

1967 4546 2288 4615 Ποιήσωμεν
2317 4545 2602 4617 ἄνθρωπον
2629 4547 2748 4599 κατ’
2772 4546 2956 4598 εἰκόνα
2991 4547 3083 4598 καί
3127 4545 3246 4598 καθ’
3282 4546 3543 4614 ὁμοίωσιν

1969 4637 2276 4707 ἡμετέραν,
2326 4637 2419 4689 καί⁹
2467 4636 2792 4689 ὲσθιέτωσαν
2835 4639 2940 4689 πᾶν
2994 4636 3146 4700 ξύλον
3193 4637 3469 4708 κάρπιμον
3515 4637 3546 4690 ὃ

1971 4727 2084 4798 ἔχει
2131 4728 2338 4799 καρπὸν
2386 4729 2444 4779 ἐν
2496 4729 2692 4796 ἐαυτῷ.
2752 4727 2988 4799 Δεύτερα
3030 4728 3098 4780 τὰ
3147 4729 3246 4797 τῆς
3301 4729 3502 4794 σαρκός
3531 4745 3544 4758 ·

1974 4818 2165 4890 πρῶτα
2191 4819 2259 4871 τὰ
2299 4818 2396 4887 τῆς
2423 4817 2598 4889 ψυχῆς
2635 4818 2702 4871 τὰ
2738 4818 3139 4889 προηγούμενα.
3185 4817 3383 4889 Πρῶτά
3415 4822 3550 4887 ἡμῖν

1976 4908 2448 4980 συνεχειροτονήθη
2480 4912 2512 4979 ἠ
2543 4909 2634 4961 τοῦ
2677 4909 2865 4979 ἄρχειν
2901 4908 3147 4980 δύναμις.
3215 4911 3466 4980 Ἀρχικὸν
3502 4906 3554 4962 εἷ

1976 4998 2131 5064 ζῶον,
2165 4998 2435 5068 ἄνθρωπε.
2471 5000 2581 5052 Kal
2607 5000 2656 5052 τί
2685 4999 2952 5062 δουλεύεις
2980 5000 3210 5065 πάθεσι;
3241 5000 3293 5052 τί
3319 5001 3550 5053 σεαυτοῦ

1974 5089 2188 5158 ἀξίωμα
2217 5089 2574 5152 καταϐάλλεις
2602 5092 2694 5143 καί
2723 5090 2904 5154 δοῦλος
2944 5091 3064 5162 γίνῃ
3099 5092 3198 5160 τῆς
3233 5093 3507 5162 ἁμαρτίας
3535 5110 3550 5156 ς

1973 5179 2060 5231 διὰ
2117 5180 2195 5246 τί,
2224 5180 2447 5233 σεαυτὸν
2492 5185 2663 5244 ποιεῖς
2726 5183 3069 5252 αἰχμάλωτον
3113 5183 3206 5235 τοῦ
3255 5183 3548 5248 διαϐόλους

1977 5271 2193 5339 ’Ἄρχων
2227 5271 2455 5335 κτίσεως
2495 5274 2926 5346 ἐχειροτονήθης,
2973 5276 3065 5328 καὶ
3101 5275 3411 5346 ἀπέρριψας
3455 5291 3548 5329 σεε-ί

1979 5361 2214 5431 μνὸτητα
2245 5363 2341 5432 τῆς
2375 5363 2566 5416 ἑαυτοῦ
2595 5366 2833 5433 φύσεως
2875 5367 3069 5430 Δοῦλος
3100 5368 3333 5438 ἐκλήθης
3355 5382 3369 5396 ·
3403 5368 3455 5420 τί
3487 5385 3547 5421 σε

1976 5448 2132 5502 λυπεῖ
2189 5452 2221 5520 ἡ
2283 5451 2492 5505 δουλεία
2545 5455 2634 5507 τοῦ
2691 5455 2986 5524 σώματοςς
3049 5457 3135 5509 διὰ
3194 5457 3245 5512 τί
3297 5457 3354 5509 οὗ
3404 5456 3549 5526 μέγα
