3794 6000
207 135 311 193 265

951 123 1016 177 IN
1056 122 1305 187 VERBA,
1353 120 1731 178 FACIAMUS

1905 118 2164 181 ῊΝΕΜ,
2199 118 2373 182 ETC.,
2415 113 2622 173 ΟἰίΑΤ.
2650 117 2690 171 1.

205 249 427 322 φρονεῖς
470 247 539 316 τῇ
585 241 873 314 δεσποτεία
923 244 989 313 τῇ
1045 240 1199 314 παρά
1220 237 1361 291 Θεοῦ
1398 254 1479 290 σοι
1519 235 1754 307 δεδομένη

1907 247 2007 287 cur
2035 240 2244 286 natura;
2274 240 2380 286 tua:
2426 233 2747 300 gravitatem
2783 236 3114 305 projecisti?
3170 235 3239 289 At
3277 251 3474 293 servus

205 341 289 395 δτι
318 335 580 406 λογισμὸν
605 333 749 404 ἔχεις
792 331 980 386 παθῶν
1008 331 1309 401 δεσπότην;
1348 328 1514 381 Ὅταν
1558 327 1675 396 ἴδῃς
1702 326 1795 379 τδν

204 430 474 499 δεσπότην
506 444 601 481 σου
647 424 835 479 δοῦλον
882 424 1010 478 ὄντα
1048 423 1148 493 τῆς
1197 421 1389 492 ἡδονῆς
1412 459 1429 485 ,
1482 418 1706 472 σεαυτὸν
1737 417 1796 470 δὲ

209 518 484 589 σώφρονα,
525 517 763 585 γίνωσκε
794 515 878 567 ὃτι
912 513 978 566 σὺ
1014 513 1115 583 μὲν
1152 507 1204 564 εἰ
1230 509 1415 573 δοῦλος
1442 508 1666 578 ὀνόματι
1702 507 1798 578 μό-

209 626 327 674 νον,
375 609 585 670 ἐκεῖνος
628 606 687 659 δέ
729 605 955 676 ὀνόματι
1006 603 1108 674 μὲν
1146 602 1258 672 ἔχει
1309 601 1407 672 τὴν
1453 598 1794 664 δεσποτείαν,

204 701 351 771 εργφ
408 697 468 750 δὲ
529 693 925 765 βεδαιουμένην
985 691 1099 763 ἔχει
1147 692 1246 762 τὴν
1309 689 1571 743 δουλείαν.
1632 689 1795 760 Ὁρᾷς

206 791 413 844 ἐκεῖνον
444 786 585 859 μετά
613 787 715 856 τῆς
744 786 950 856 πόρνης
983 784 1279 854 συρόμενον
1301 798 1317 814 ο
1365 781 1590 834 σεαυτὸν
1615 780 1670 832 δὲ
1695 780 1793 849 τῆς

206 880 415 950 πόρνης
457 875 902 947 καταφρονοῦντα
919 892 933 903 ·
988 873 1105 936 πῶς
1144 872 1264 942 οὖχί
1294 871 1358 924 σὺ
1398 871 1495 940 μὲν
1527 864 1574 922 εἰ
1599 869 1793 922 δεσπό-

204 987 306 1040 της
332 967 430 1022 τοῦ
460 966 688 1030 πάθους,
726 967 930 1028 ἐκεῖνος
955 964 1012 1017 δὲ
1041 961 1224 1025 δοῦλός
1254 962 1373 1013 ἐστι
1411 959 1520 1014 τῶν
1553 959 1659 1012 ὑπὸ
1697 957 1791 1012 σοῦ

208 1056 566 1127 πατουμένων
600 1053 836 1125 ήδονῶν;
878 1053 1041 1106 ’Ὥστε
1064 1051 1145 1115 τὸ,
1183 1069 1202 1101 ι
1224 1050 1553 1121 Ποιήσωμεν
1580 1046 1791 1115 ἀνθρω-

205 1166 328 1212 πον,
363 1149 460 1201 καὶ
491 1149 837 1218 ἀρχέτωσαν,
867 1163 886 1196 ι
923 1143 1072 1214 δηλοῖ
1101 1142 1185 1195 ὅτι
1227 1141 1361 1194 ὅπου
1409 1143 1442 1210 ἢ
1474 1138 1568 1193 τοῦ
1601 1138 1792 1209 ἄρχειν

206 1241 458 1311 δύναμις,
491 1241 611 1292 ἐκεῖ
636 1240 671 1309 ή
694 1237 788 1291 τοῦ
823 1234 964 1290 Θεοῦ
999 1233 1186 1289 εἰκών.
1718 1232 1721 1233 ⁷

280 1445 301 1478 ί
341 1425 687 1498 ’Δρχέτωσαν
733 1421 842 1499 τῶν
898 1418 1114 1490 ἰχθύων.
1151 1436 1169 1470 ι
1231 1414 1453 1486 Πρῶτον
1504 1413 1638 1483 ἡμῖν
1682 1409 1788 1462 τῶν

205 1517 611 1588 ἀπῳκισμένων
642 1517 677 1586 ἡ
707 1513 848 1585 ἀρχὴ
878 1511 1053 1582 ἐδόθη.
1088 1509 1202 1562 Οὐκ
1229 1504 1402 1573 εἶπεν,
1447 1505 1791 1575 Ἀρχέτωσαν

206 1609 313 1661 τῶν
341 1608 658 1679 συντρόφων
678 1605 852 1668 ζώων,
873 1601 1009 1655 ἀλλά
1032 1601 1140 1653 τῶν
1178 1599 1374 1669 ἰχθύων
1395 1616 1408 1629 ·
1442 1597 1661 1666 ἔνυδρος
1682 1594 1792 1665 γὰρ

204 1701 385 1761 αὐτῶν
414 1702 449 1770 ἡ
492 1700 693 1752 δίαιτα.
729 1696 847 1749 Τῶν
875 1691 967 1749 οὖν
994 1692 1191 1763 ἰχθύων
1222 1690 1376 1762 ἐδόθη
1402 1693 1449 1766 κὴ
1461 1692 1551 1759 μῖν
1578 1692 1610 1760 ὴ
1649 1686 1791 1759 ἀρχὴ

205 1796 445 1865 πρῶτον.
508 1792 620 1845 Καὶ
665 1788 781 1851 πῶς
828 1786 936 1840 τῶν
983 1784 1181 1856 ἰχθύων
1227 1783 1518 1854 ἄρχομεν;
1574 1778 1646 1834 El’
1687 1796 1791 1832 που

206 1890 378 1957 έγνως
406 1885 596 1939 ἑαυτὸν
627 1886 685 1937 έν
707 1882 873 1953 λίμνῃ
901 1875 1311 1950 παραφανέντα,
1331 1874 1446 1939 πῶς
1478 1877 1510 1945 ἡ
1544 1873 1672 1927 σκιά
1698 1889 1792 1925 σου

206 1980 385 2032 πάντα
416 1974 727 2044 διεπτόησε.
770 1971 867 2033 Τίς
899 1968 1072 2032 οὕτως
1104 1967 1373 2035 δεσπότης
1415 1964 1589 2026 οἰκίας
1632 1964 1792 2034 θορυ-

206 2065 473 2137 ϐουμένου
498 2061 591 2115 τοῦ
624 2062 772 2114 οίκου
812 2058 1026 2129 ἀθρόως
1059 2054 1289 2118 ἐπιστὰς
1334 2054 1568 2125 ἡσυχίαν
1606 2054 1792 2124 ἐποίη-

205 2176 289 2222 σε,
313 2157 411 2210 καί
454 2155 636 2209 πάντα
667 2150 962 2223 μετέϐαλεν
1004 2150 1083 2212 εἰς
1102 2148 1398 2218 εὐκοσμίαν
1424 2148 1490 2218 τῇ
1521 2147 1793 2218 παρουσίᾳ

205 2250 300 2307 τοῦ
341 2245 703 2319 κρατοῦντος;
757 2244 879 2306 Πῶς
919 2243 1071 2295 πᾶσα
1111 2242 1145 2311 ἡ
1195 2239 1412 2310 ἔνυδρος
1446 2238 1624 2302 κτίσις
1674 2241 1794 2291 ἐπι-

208 2342 465 2411 φανέντος
489 2339 607 2402 ένδς
632 2336 941 2408 ἀνθρώπου,
974 2333 1299 2405 μεταϐάλλει
1328 2332 1389 2385 τὸ
1416 2332 1635 2402 σχῆμα;
1665 2333 1792 2385 οὐκ-

206 2436 289 2488 έτι
322 2434 423 2503 τὴν
454 2429 746 2501 ἐλευθέραν
777 2427 890 2499 ἔχει
916 2424 1213 2496 διαγωγὴν,
1242 2425 1304 2477 οὐ
1329 2424 1502 2494 τολμᾷ
1539 2423 1793 2494 ἐπινήξα-

208 2526 333 2578 σθαι
363 2527 478 2585 τοῖς
511 2520 702 2584 νώτοις
731 2520 829 2589 τῆς
852 2518 1126 2588 θαλάσσης
1152 2516 1184 2586 ἢ
1215 2515 1314 2586 τῆς
1342 2514 1557 2585 λίμνης.
1599 2514 1657 2567 'U
1678 2513 1794 2566 δελ-

206 2618 299 2685 φὶς
318 2618 447 2671 ὅταν
464 2632 570 2668 που
592 2611 818 2682 πλησίον
839 2610 1121 2681 ἄνθρωπον
1141 2607 1270 2660 ὅντα
1311 2607 1592 2678 θεάσηται,
1616 2606 1791 2660 καίτοι
1816 2638 1825 2647 ι

204 2707 389 2776 δελφίς
433 2708 549 2759 ἐστι
590 2705 699 2758 τῶν
740 2700 952 2771 νηκτῶν
988 2703 1017 2754 ὁ
1066 2699 1506 2770 βασιλικώτατος,
1542 2698 1786 2752 αἰδεῖται.

207 2800 395 2862 Οὕτως
426 2797 585 2868 ἐδόθη
610 2796 688 2866 τῷ
714 2793 985 2864 ἀνθρώπῳ
1013 2794 1047 2863 ὴ
1074 2792 1223 2884 κατά
1241 2789 1787 2884 τῶνᾼνηκτῶνῌάρχή.
1819 2828 1861 2884 C

210 2894 378 2948 Ὅταν
405 2892 465 2944 δὲ
491 2889 607 2960 τδῃς
641 2884 868 2941 σεαυτοῦ
895 2886 988 2938 τὸν
1014 2882 1271 2953 λογισμὸν
1297 2882 1514 2935 πάντων
1538 2881 1792 2950 διήκοντα

208 2981 303 3037 καὶ
328 2980 550 3034 πάντων
580 2974 906 3049 κρατοῦντα,
937 2973 1056 3037 πῶς
1081 2974 1200 3043 οὐχί
1225 2972 1333 3026 τῶν
1361 2971 1543 3043 κητῶν
1568 2973 1791 3042 ἀρχειςς

208 3071 365 3129 Εἶδον
398 3070 514 3140 ἐγὼ
543 3069 786 3123 ἐπίνοιαν
833 3064 1202 3136 ἀνθρωπίνην,
1231 3066 1311 3117 ὅτι
1349 3063 1591 3117 ποιοῦσιν
1631 3063 1794 3132 ἀγκί-

213 3183 386 3238 στρων
426 3163 593 3217 τινῶν
635 3159 1002 3231 κατασκευὴν,
1052 3159 1145 3212 καὶ
1174 3159 1382 3220 τούτοις
1414 3156 1795 3220 ἐπιϐάλλοντες

208 3258 553 3329 δελεάσματα
612 3254 902 3325 σύμμετρα
967 3249 1048 3321 τῷ
1114 3249 1334 3320 μεγέθει
1392 3248 1501 3302 τῶν
1554 3266 1793 3303 καταπι-

210 3351 407 3404 νόντων
434 3346 638 3417 κητῶν.
668 3342 804 3400 Εἶτα
823 3344 930 3398 τῶν
960 3342 1146 3414 ἄκρων
1166 3341 1391 3394 ἐκείνων
1415 3340 1525 3394 τῶν
1546 3339 1795 3411 σχοινίων

208 3432 281 3492 ὧν
312 3440 665 3510 ἀπήρτηνται
699 3437 754 3488 αἰ
789 3434 1074 3504 ἀγκιστροι
1117 3430 1260 3484 κατά
1298 3430 1362 3484 τὸ
1401 3429 1589 3502 ἕτερον
1620 3430 1797 3500 πέρας

210 3530 414 3593 ἀσκοὺς
457 3528 737 3597 πνεύμασι
775 3524 1151 3587 διατείναντες·
1188 3524 1283 3576 καὶ
1314 3522 1645 3594 ἐκδήσαντες
1685 3521 1795 3574 τῶν

210 3622 398 3692 ἄκρων
447 3619 711 3685 ἐκείνων,
747 3618 1056 3690 μετεώρους
1102 3614 1327 3684 ἀφίασιν
1367 3612 1532 3684 ὓπερ,
1565 3613 1658 3665 ἐπὶ
1699 3611 1793 3665 τοῦ

211 3713 506 3781 πλάγους.
581 3710 900 3781 Ἐνεχθέντα
958 3708 1136 3761 τοίνυν
1192 3705 1263 3760 τὰ
1314 3705 1480 3775 ἄγρια
1508 3706 1649 3775 κήτη
1685 3705 1797 3765 τοῖς

210 3803 568 3874 δελεάσμασι,
601 3802 695 3856 καὶ
722 3800 791 3854 τὰ
820 3801 1092 3871 ἄγκιστρα
1124 3797 1217 3867 ἀφ’
1252 3796 1460 3850 ἐαυτῶν
1503 3795 1792 3865 δεξάμενοι,

214 3896 367 3966 σύρει
402 3895 504 3965 μὲν
548 3894 675 3957 τοὺς
701 3894 903 3956 ἀσκοὺς
950 3892 1033 3954 εἰς
1096 3891 1157 3943 τὸ
1223 3888 1406 3959 βάθος.
1473 3885 1537 3940 Ἦ
1583 3886 1640 3939 δὲ
1687 3884 1796 3940 τῶν

212 3984 397 4041 ἀσκῶν
426 3983 593 4054 φύσις
620 3982 908 4053 ἀνωφερὴς
939 3975 1096 4044 οὖσα,
1125 3979 1286 4033 πάλιν
1313 3975 1561 4031 ἀνθέλκει
1594 3977 1674 4040 εἰς
1699 3975 1797 4047 τὴν

217 4075 565 4144 ἐπιφάνειαν,
597 4072 693 4126 καὶ
714 4071 1123 4143 ἐμπεπαρμένα
1147 4072 1213 4140 τῇ
1246 4070 1351 4140 ἰδίᾳ
1373 4071 1546 4140 τροφῇ
1570 4066 1683 4121 ἀνω
1702 4067 1797 4120 καὶ

1900 321 2142 377 diceris:
2200 337 2300 377 cur
2350 336 2552 376 maeres
2602 324 2853 393 corporis
2899 327 3190 394 servitute,
3238 341 3304 382 ae
3360 342 3471 383 non:

1897 412 2082 483 potius
2135 412 2445 483 principatu
2500 412 2599 467 tibi
2657 429 2686 468 a
2718 415 2827 470 Deo
2878 415 3081 470 tradito
3135 418 3361 488 gaudes,
3418 428 3473 473 et

1899 503 2201 574 gloriaris?
2249 503 2387 559 Cum
2447 504 2600 559 vides
2653 504 2939 560 dominum
2998 514 3152 562 tuum
3204 509 3473 579 voluptati

1899 594 2294 664 mancipatum,
2326 594 2556 665 teipsum
2610 605 2791 651 autem
2828 604 3245 667 temperantem,
3290 615 3474 654 nonne

1900 684 2183 755 intelligis,
2215 694 2269 740 te
2301 686 2523 741 nomine
2562 689 2830 744 duntaxat
2880 704 3005 745 esse
3044 705 3283 753 servum,
3318 690 3470 744 illum

1897 786 2090 833 contra
2137 780 2358 835 nomine
2392 778 2607 835 tantum
2657 782 2821 852 potiri
2856 781 3163 848 dominatu,
3201 798 3261 837 re
3290 790 3470 837 autem

1898 868 1953 922 in
2020 870 2351 940 gravissima
2404 872 2675 927 servitute
2727 872 3009 928 detineri?
3071 872 3224 927 illum
3289 883 3474 928 scorto

1897 958 2232 1027 devinctum,
2266 968 2321 1015 et
2368 961 2694 1016 obstrictum
2739 963 2941 1029 cernis,
2972 954 3026 1018 ἰιι
3056 971 3236 1018 autem
3289 973 3472 1019 scorta

1898 1046 2137 1117 despicis
2169 1055 2331 1120 atque
2370 1050 2707 1120 asperneris.
2736 1050 2924 1123 itaque
2953 1060 3008 1105 tu
3036 1054 3471 1121 perturbationis

1899 1138 2157 1197 dominus
2189 1157 2269 1206 es,
2299 1142 2390 1198 ille
2428 1144 2794 1213 voluptatum,
2823 1161 2948 1214 qua:
2994 1146 3093 1202 abs
3148 1152 3201 1202 te
3245 1147 3472 1202 devicta;

1900 1238 2048 1295 sunt,
2068 1248 2281 1288 servus.
2322 1251 2339 1284 ι
2362 1233 2649 1290 Faciamus
2671 1250 2800 1305 ergo
2822 1235 3198 1319 hominem/et
3221 1237 3424 1307 praesit.
3448 1258 3465 1291 ι

1905 1319 2002 1378 Ubi
2032 1330 2116 1377 est
2146 1323 2449 1395 imperandi
2479 1327 2583 1392 vis,
2612 1328 2722 1383 illic
2753 1337 2805 1383 et
2828 1329 3004 1399 imago
3040 1327 3157 1383 Dei.

1973 1434 1992 1467 ‹
2012 1414 2208 1471 Ρτεεείι
2232 1418 2493 1488 piscibus.
2519 1439 2539 1471 ›
2581 1418 2825 1475 Primum
2859 1421 3020 1476 nobis
3042 1422 3230 1479 datum
3252 1429 3338 1478 est
3369 1423 3474 1477 im-

1825 1485 1867 1542 Β
1897 1507 2107 1574 perium
2124 1507 2178 1561 in
2196 1485 2280 1570 ea,
2308 1525 2429 1580 quae
2455 1510 2789 1567 habitatione
2814 1527 2846 1566 a
2875 1512 3035 1567 nobis
3054 1513 3302 1582 sejuncta
3321 1522 3469 1571 sunt.

1894 1598 2011 1655 Non
2040 1600 2176 1655 dixit
2207 1642 2222 1667 ,
2251 1600 2449 1659 Praesit
2480 1605 2869 1671 animantibus,
2900 1620 3022 1676 quae
3044 1606 3209 1661 simul
3231 1623 3356 1662 cum
3395 1608 3475 1678 ip-

1895 1704 1956 1745 so
1988 1698 2117 1744 sunt
2146 1690 2400 1759 educata,
2436 1692 2530 1748 sed
2554 1693 2820 1763 piscibus,
2865 1694 2960 1764 qui
3012 1695 3179 1749 vitam
3220 1696 3276 1749 in
3317 1698 3473 1766 aquis

1895 1781 2119 1850 degunt.
2158 1780 2345 1837 Primo
2393 1782 2559 1853 igitur
2590 1785 2747 1838 nobis
2784 1785 2838 1838 in
2888 1785 3069 1853 pisces
3093 1786 3354 1840 traditum
3391 1798 3474 1842 est

1897 1874 2207 1944 imperium.
2247 1874 2532 1940 Quomodo
2565 1882 2748 1930 autem
2802 1877 3045 1946 piscibus
3096 1877 3476 1946 imperamus?

1895 1964 1952 2020 Si
1983 1976 2204 2035 propter
2237 1965 2416 2019 laeum
2448 1966 2683 2035 aliquem
2720 1968 3078 2036 conspiceris,
3130 1968 3289 2024 facile
3318 1980 3472 2038 potes

1897 2058 2356 2123 animadvertere,
2390 2059 2667 2129 quomodo
2712 2059 2777 2113 ad
2822 2060 3068 2114 umbram
3104 2071 3252 2115 tuam
3280 2078 3472 2118 onmes

1897 2147 2170 2217 trepident
2201 2163 2266 2202 ac
2314 2149 2765 2204 contremiscam.
2820 2148 2954 2216 Quis
2995 2150 3163 2207 herus
3211 2150 3469 2207 familiam

1898 2236 2323 2290 tumultuantem
2375 2236 2524 2291 domi
2574 2246 2798 2305 repente
2832 2238 3140 2293 consistens
3190 2242 3263 2292 ita
3294 2240 3468 2303 sedat,

1894 2330 2297 2399 praesentiaque
2334 2344 2432 2384 sua
2479 2341 2677 2384 etmcta
2731 2330 2786 2382 in
2841 2329 3089 2384 ordinem
3153 2331 3365 2400 redigit,
3418 2341 3473 2387 et

1895 2421 2213 2476 universum
2273 2421 2582 2475 natantium
2658 2436 2832 2491 genus
2894 2421 2959 2476 ad
3023 2420 3184 2477 unius
3237 2423 3472 2477 hominis

1895 2520 2179 2583 aspectum
2229 2512 2456 2583 figuram
2515 2520 2710 2578 mutat,
2766 2520 2825 2565 ut
2871 2528 2981 2566 non
3035 2515 3271 2586 amplius
3303 2516 3473 2571 libere

1893 2606 2107 2677 degere,
2137 2623 2240 2663 nec
2259 2623 2356 2676 per
2378 2607 2546 2662 maris
2572 2608 2790 2662 locusve
2816 2623 3060 2663 summas
3086 2608 3261 2663 undas
3283 2617 3474 2664 natare

1894 2698 2143 2752 audeat?
2166 2697 2469 2767 Delphinus
2495 2698 2633 2767 ipse,
2666 2699 2758 2767 qui
2793 2699 2934 2753 inter
2961 2699 3243 2764 animalia,
3273 2716 3394 2770 qua:
3416 2700 3471 2754 in

1895 2790 2052 2860 aquis
2080 2789 2305 2860 degunt,
2339 2790 2636 2860 plurimum
2680 2799 2880 2861 potest,
2920 2792 3195 2847 hominem
3231 2801 3470 2856 veretur,

1894 2889 1949 2936 et
1987 2883 2262 2937 observat.
2291 2881 2382 2936 Sic
2408 2883 2615 2936 homini
2646 2884 2699 2937 in
2727 2898 2788 2939 ea
2817 2884 2978 2940 datus
3001 2894 3084 2940 est
3106 2887 3471 2958 principatus.

1895 2973 2058 3039 Quid,
2096 2989 2222 3028 cum
2255 2974 2471 3029 ratione
2504 2975 2570 3029 ad
2607 2975 2698 3029 illa
2732 2977 2968 3040 accedis,
2995 2990 3048 3032 et
3081 2980 3264 3033 omnia
3312 2996 3477 3050 supe-

1895 3082 2009 3131 ras,
2035 3082 2217 3122 nonne
2244 3067 2352 3122 illis
2375 3067 2680 3122 dominaris
2706 3068 2729 3121 ?
2770 3069 3141 3124 Animadverti
3181 3088 3281 3142 ego
3305 3074 3479 3129 soler-

1899 3160 2025 3214 tiam
2079 3160 2399 3224 hominum,
2451 3162 2543 3230 qui
2599 3162 2775 3215 hamis
2821 3162 2905 3222 ad
2961 3173 3114 3218 cetos
3182 3165 3476 3234 capiendos

1896 3249 2182 3313 confectis,
2211 3262 2373 3322 atque
2408 3266 2535 3307 esca
2566 3268 2665 3322 pro
2695 3253 2908 3307 ratione
2958 3255 3354 3325 magnitudinis
3379 3272 3477 3331 co-

1898 3358 2018 3397 rum
2048 3343 2471 3415 degluticntium
2509 3345 2745 3414 adjecta,
2772 3347 3007 3401 summis
3063 3347 3172 3403 illis
3228 3346 3475 3412 funibus,

1896 3434 2101 3505 quibus
2142 3436 2287 3489 hami
2339 3437 2589 3506 suspensi
2621 3446 2771 3502 sunt,
2817 3447 2968 3491 utres
3012 3453 3078 3492 ex
3108 3439 3279 3493 altera
3325 3448 3479 3509 parte

1897 3538 2059 3579 vento
2092 3525 2280 3594 plenos
2344 3525 2588 3594 alligant,
2645 3541 2852 3595 eosque
2904 3527 3143 3595 pensiles
3187 3527 3479 3582 demittunt

1898 3630 2062 3684 super
2092 3628 2263 3668 mare.
2316 3614 2385 3667 At
2431 3615 2691 3669 immania
2737 3623 2859 3670 cete
2912 3616 3106 3670 hamos
3139 3617 3301 3671 simul
3350 3633 3477 3672 cum

1896 3719 2023 3759 esea
2052 3705 2433 3775 deglutientia,
2465 3713 2616 3760 utres
2652 3704 2873 3775 quidem
2908 3707 2964 3759 in
3000 3706 3332 3775 profundum
3367 3716 3480 3762 tra-

1898 3794 2058 3859 hunt,
2089 3808 2302 3860 verum,
2328 3809 2452 3848 cum
2480 3810 2543 3849 ea
2573 3796 2645 3849 sit
2676 3796 2881 3849 utrium
2912 3804 3133 3860 natura,
3165 3805 3225 3850 ut
3254 3812 3477 3852 sursum

1899 3886 2150 3949 tendant,
2186 3901 2408 3942 rursum
2432 3885 2500 3941 ad
2523 3887 2693 3942 maris
2724 3888 3068 3958 superficiem
3095 3888 3478 3954 retrahuntur,

1898 3985 2103 4035 etcum
2160 3994 2261 4033 suo
2300 3979 2514 4035 confixa
2564 3981 2902 4036 nutrimento
2955 3996 3174 4037 sursum
3219 3989 3275 4036 et
3320 3982 3480 4037 deor-

1899 4086 2020 4127 sum
2078 4072 2506 4139 tumultuantur,
2565 4072 2883 4144 jactataque
2944 4075 3365 4146 obstupescunt,
3424 4084 3482 4130 et

213 4168 363 4220 κάτω
436 4163 840 4235 μαιμάσσοντα,
900 4162 996 4215 καὶ
1052 4158 1366 4214 ἀλλοιοῦντα
1415 4160 1540 4222 τοὺς
1598 4158 1754 4228 βυθοῦ

1905 4163 2062 4217 modo
2098 4164 2222 4229 hoc,
2258 4162 2423 4219 modo
2476 4164 2603 4219 illoc
2657 4165 3020 4220 dimetiuntur
3068 4180 3239 4227 mare,
3280 4165 3477 4227 donec,

212 4259 575 4330 διερευνᾶται.
627 4255 849 4326 Πελάγη
896 4254 1149 4321 πελαγῶν
1182 4254 1511 4323 ἀναμετρεῇ
1561 4252 1655 4303 καὶ
1705 4250 1797 4302 τὸν

214 4351 380 4404 πολὺν
410 4350 565 4403 τόνον
594 4346 874 4418 ἄπρακτον
903 4345 1048 4417 ἔχον,
1072 4344 1381 4397 τελευταῖον
1412 4340 1490 4412 τῷ
1514 4339 1797 4412 ἀγκίστρῳ

216 4442 408 4512 ἐκείνῳ
439 4439 716 4510 ἁλώσιμον
756 4439 967 4508 γίνεται
996 4477 1010 4501 ,
1046 4435 1136 4508 ,τῷ
1183 4436 1330 4504 πόνῳ
1362 4432 1637 4504 δαμασθὲν
1660 4472 1675 4496 ,
1720 4431 1798 4503 τῷ

212 4532 356 4603 λιμῷ
381 4530 786 4600 καταπονηθέν,
813 4529 1007 4600 νεκρὸν
1041 4529 1177 4599 μετά
1207 4526 1317 4579 τῶν
1351 4525 1538 4579 ἀσκῶν
1566 4523 1798 4594 συρόμε-

213 4642 320 4689 νον,
351 4623 580 4695 θήραμα
600 4621 807 4691 γίνεται
837 4620 916 4691 τῷ
937 4620 1148 4692 θηρατῇ
1167 4636 1180 4648 ·
1203 4617 1283 4688 τῷ
1313 4616 1516 4688 μικρῷ,
1546 4616 1608 4668 τὸ
1635 4615 1793 4685 μέγα·

214 4713 289 4783 τῷ
316 4712 561 4778 ἀσθενεῖ,
589 4712 653 4765 τὸ
680 4712 932 4766 ἄπλετον.
956 4710 1055 4763 Διά
1090 4710 1177 4775 τί;
1208 4711 1289 4762 ὅτι
1322 4711 1389 4780 τῇ
1417 4707 1511 4761 τοῦ
1535 4705 1796 4777 λογισμοῦ

212 4804 505 4879 περιουσίᾳ
547 4804 775 4875 δύναμιν
816 4801 911 4857 τοῦ
958 4801 1145 4873 ἄρχειν
1195 4801 1377 4856 λαϐὼν
1402 4838 1418 4863 ,
1474 4799 1550 4862 ὡς
1592 4798 1798 4879 κακούς

211 4898 486 4971 δραπέτας
524 4897 661 4967 πρὸς
694 4895 982 4967 ἀκρίϐειαν
1015 4893 1136 4963 ἄγει
1171 4894 1298 4956 τοὺς
1330 4891 1755 4954 ἀπειθεστάτους
1780 4907 1794 4921 ·

210 4990 335 5052 τοὺς
384 4989 464 5059 μὴ
512 4987 844 5058 δυναμένους
895 4985 964 5039 δι’
1003 4985 1343 5057 ἡμερότητος
1398 4981 1795 5054 προσαχθῆναι,

209 5080 430 5143 τούτους
453 5078 544 5132 διά
569 5078 671 5149 τῆς
700 5078 947 5149 ἀνάγκης
970 5074 1270 5130 δουλοῦται.
1300 5072 1487 5136 Οῦτως
1521 5071 1796 5142 πανταχοῦ

210 5175 242 5244 ή
268 5172 365 5227 τοῦ
390 5174 585 5244 ἄρχειν
609 5171 838 5243 δύναμις
870 5171 1020 5242 παρά
1046 5169 1141 5223 τοῦ
1167 5168 1450 5230 κτίσαντος
1471 5167 1795 5238 ἐγγινομένη

207 5265 282 5337 τῷ
315 5264 596 5336 ἀνθρώπῳ
626 5265 882 5335 ὑπάρχει.
929 5263 1211 5341 Ἐντεῦθεν
1242 5262 1449 5330 Ξιφίαι,
1484 5263 1579 5316 καὶ
1600 5261 1798 5330 Ζύγαι-

207 5371 315 5417 ut,
348 5356 446 5409 καὶ
473 5353 761 5417 Φάλαιναι,
792 5352 887 5406 καὶ
918 5353 1166 5424 Πρίονες,
1197 5351 1293 5405 καὶ
1320 5350 1462 5422 βόες,
1496 5350 1592 5405 καὶ
1618 5351 1798 5405 πάντα

208 5445 393 5499 ἐκεῖνα
446 5445 519 5499 τὰ
571 5442 780 5515 φοϐερά
819 5443 925 5497 τῶν
981 5444 1164 5510 κητῶν
1198 5444 1460 5516 ὀνόματα,
1509 5442 1794 5515 ὑποχείρια

209 5536 395 5607 γέγονε
433 5536 512 5606 τῷ
544 5533 841 5605 ἀνθρώπῳ.

508 5629 799 5686 ΡΑτιιοι..
848 5626 964 5686 Gn.
1011 5626 1249 5687 XLIV.“

1229 5763 1314 5779 ⁸,...

1898 4254 2075 4309 multo
2109 4255 2317 4311 frustra
2358 4257 2548 4313 labore
2580 4265 2933 4327 consumpto,
2969 4257 3180 4312 defessa
3229 4256 3480 4326 fameque

1899 4347 2127 4413 domita,
2181 4356 2346 4419 atque
2394 4349 2572 4404 hamis
2622 4349 3016 4418 comprehensa
3051 4347 3271 4403 tandem
3332 4349 3478 4402 occi-

1898 4440 2056 4507 dunt,
2086 4449 2140 4495 et
2174 4455 2299 4494 cum
2319 4441 2534 4496 utribus
2559 4441 2873 4505 trahuntur,
2903 4448 2957 4494 et
2986 4443 3266 4495 venatoris
3291 4436 3477 4508 praeda

1902 4531 2058 4596 fiunt,
2100 4532 2412 4602 ceduntque
2448 4546 2618 4601 parvo
2641 4531 2891 4602 grandia,
2915 4528 3193 4585 imbecillo
3216 4529 3472 4586 valentia.

1900 4623 2044 4691 Quid
2092 4624 2211 4678 ita?
2265 4620 2535 4689 Quoniam
2596 4625 2663 4687 is,
2730 4623 2821 4691 qui
2869 4623 3098 4678 rationis
3161 4623 3474 4693 prmstantia

1898 4713 2234 4768 dominatum
2264 4720 2350 4769 est
2400 4722 2705 4777 assecutus,
2768 4721 3029 4783 tanquam
3076 4714 3348 4781 mancipia
3381 4728 3477 4767 ne-

1900 4818 2089 4874 quam,
2121 4818 2185 4858 ac
2215 4802 2445 4874 fugitiva
2470 4819 2566 4875 per
2593 4804 2703 4859 vim
2732 4805 2799 4859 ad
2827 4804 3063 4859 oliicium
3093 4811 3332 4866 revocat,
3354 4819 3477 4873 quae

1900 4895 2009 4949 alio
2040 4897 2214 4965 [pacto
2242 4895 2446 4951 adduci
2502 4911 2613 4951 non
2662 4897 2993 4967 potuissent,
3055 4903 3113 4949 ut
3151 4910 3275 4950 cum
3328 4895 3474 4950 ultro

1901 5003 2094 5057 parere
2136 4989 2437 5053 noluerint,
2492 4991 2804 5061 necessario
2866 4989 3125 5045 serviant.
3184 4988 3336 5043 Adeo
3390 4989 3474 5045 vis

1902 5080 2204 5150 imperandi
2234 5097 2265 5135 a
2299 5081 2410 5137 Deo
2460 5082 2667 5137 homini
2703 5084 2867 5138 insita
2904 5091 2959 5137 et
2988 5082 3227 5151 ingenita
3269 5081 3474 5152 ubique

1899 5178 2069 5241 patet.
2104 5171 2179 5224 Ex
2232 5187 2341 5241 quo
2394 5173 2471 5238 fit,
2521 5181 2581 5227 ut
2631 5175 2679 5229 ei
2714 5182 2769 5227 et
2818 5172 3016 5243 xiphiaa
3049 5186 3144 5225 seu
3185 5171 3374 5243 gladii,
3417 5178 3476 5227 et

1901 5277 2151 5333 zygaenae,
2183 5275 2237 5318 et
2292 5263 2536 5328 balaenaa,
2566 5273 2621 5318 et
2652 5278 2835 5326 serrae,
2883 5272 2938 5318 et
2959 5263 3117 5317 vituli
3169 5261 3391 5330 marini,
3418 5268 3477 5315 et

1901 5349 2110 5420 reliqua
2135 5349 2395 5406 terribilia
2428 5340 2673 5407 ceterum
2708 5367 2909 5422 genera
2947 5352 3196 5422 subjecta
3228 5351 3360 5408 sint.

3161 5617 3195 5677 9

3367 121 3471 179 εδδ
3570 98 3583 109 “
