3766 5988
301 144 399 199 267

1524 141 1586 195 S.
1624 135 1956 196 GREGOBII
1991 138 2284 199 NYSSENI

3438 145 3549 201 268

375 282 394 313 ι
417 260 607 317 Ρταεείι
627 261 868 333 piscibus
888 260 1076 326 maris,
1101 271 1156 315 et
1184 260 1375 316 bestiis
1396 266 1574 316 terra}.
1600 280 1618 313 ι
1645 262 1869 317 Gravem

2060 250 2079 316 λ
2127 263 2467 336 Ἀρχέτωσαν
2500 261 2608 316 τῶν
2638 258 2834 333 ἰχθύων
2867 261 2965 332 τῆς
2993 261 3285 333 θαλάσσης,
3316 263 3409 319 καὶ
3436 262 3552 317 τῶν

299 369 362 409 ac
389 350 725 408 frendentem
775 352 989 407 leonem
1037 365 1150 405 non
1185 351 1412 422 aspicis,
1454 351 1613 420 cujus
1644 351 1727 407 vel
1769 365 1872 406 no-

300 458 424 497 men
463 443 641 512 ipsum
685 439 819 496 ferri
868 456 979 495 non
1017 447 1216 511 potest,
1255 440 1618 511 fremitusque
1667 450 1871 497 terram

300 532 641 587 tremefaeit?
674 530 898 601 Ecquod
936 538 1153 585 tantum
1188 538 1273 587 est
1308 532 1496 596 robur,
1521 540 1580 585 ut
1608 532 1871 602 impetum

298 623 417 692 ejus
464 628 627 690 queat
666 620 980 675 sustinuere?
1016 619 1232 673 Nullum
1282 620 1486 674 animal
1527 630 1637 675 tam
1661 621 1871 676 viribus

298 713 524 769 conlidit
563 712 712 776 suis,
749 720 809 766 ut
853 709 1030 766 leonis
1063 711 1171 764 vim
1204 710 1447 780 perferre
1480 711 1677 781 possit.
1712 710 1871 764 Atta-

297 817 421 857 men
457 801 608 855 illum
643 800 698 853 in
732 812 902 870 parvo
950 797 1160 851 vivario
1210 797 1483 853 inclusum
1529 798 1702 853 vides.
1736 797 1870 863 Quis

297 893 477 962 ipsum
505 891 777 956 cohibuit,
824 904 888 944 ac
926 889 1179 944 domuit?
1215 888 1350 956 Quis
1375 890 1632 959 exiguum
1664 890 1869 961 ingenti

296 983 519 1038 animali
565 996 843 1037 carcerem
900 980 1263 1051 excogitavit?
1311 979 1446 1047 Quis
1490 995 1647 1036 raros
1690 996 1870 1038 cavete

296 1082 486 1147 lignea:
529 1078 805 1132 cancellos
830 1077 1103 1143 exstruxit
1134 1074 1282 1141 fera),
1313 1089 1424 1145 quo
1454 1075 1770 1145 respiraret,
1801 1090 1870 1131 ne

294 1187 397 1228 suo
436 1173 551 1240 ipsa
583 1169 827 1224 anhelitu
868 1166 1250 1234 sul'focaretur,
1296 1167 1391 1223 sed
1424 1167 1596 1224 libere
1628 1168 1867 1221 animam

294 1262 542 1325 duceret,
585 1273 891 1329 secureque
937 1259 1198 1329 degeret?
1240 1258 1405 1329 quis?
1433 1274 1618 1314 nonne
1664 1259 1868 1313 homo?

295 1354 345 1409 is
404 1351 736 1408 saevissimas
795 1365 1047 1420 quasque
1105 1348 1250 1404 feras
1306 1349 1415 1403 sibi
1468 1349 1655 1403 ludum
1713 1348 1864 1403 facit.

292 1445 485 1501 Nonne
529 1442 826 1513 pantheras
876 1440 1056 1495 illudit
1090 1441 1303 1509 objecta
1346 1441 1559 1506 charta,
1597 1440 1866 1510 depictam

296 1538 534 1593 hominis
568 1535 804 1606 speciem
840 1532 1200 1602 praeferente?
1225 1531 1333 1609 Illae
1365 1542 1674 1602 correptam
1705 1531 1866 1585 char-

293 1638 403 1683 tam
427 1624 750 1697 diseerpunt
786 1643 800 1679 :
832 1624 998 1678 homo
1035 1637 1167 1678 vero
1198 1621 1343 1676 infra
1378 1621 1594 1692 positus
1619 1620 1860 1675 ferarum

291 1723 577 1779 stultitiam
605 1719 833 1775 deridet.
856 1714 1048 1772 Nonne
1071 1716 1239 1788 igitur
1265 1716 1524 1770 omnibus
1545 1714 1863 1769 antecellit?

291 1814 432 1883 Quid
467 1814 534 1868 de
565 1812 886 1867 volucribus
937 1808 1161 1864 dicam?
1206 1808 1262 1862 in
1295 1822 1423 1861 aera
1469 1818 1579 1862 neu
1609 1806 1858 1862 ascendit

293 1907 478 1969 homo,
526 1919 641 1959 non
688 1905 833 1959 enim
883 1903 1048 1958 habet
1090 1901 1208 1956 alas
1242 1919 1256 1955 :
1290 1906 1344 1954 at
1393 1900 1573 1954 avium
1617 1900 1860 1955 volatum

289 1998 340 2052 vi
381 1996 614 2051 rationis
655 1994 988 2065 assequitur.
1019 1991 1165 2046 Nihil
1207 1991 1351 2046 enim
1392 1991 1659 2045 rationem
1699 2005 1860 2045 coer-

289 2102 412 2144 cere
461 2095 661 2159 potest.
722 2084 869 2150 Haec,
921 2098 1043 2155 qua:
1089 2082 1151 2137 in'
1194 2079 1641 2151 profundissimis
1685 2079 1859 2150 pelagi

292 2180 541 2251 partibus
589 2185 738 2244 sunt,
768 2181 1067 2232 scrutatur.
1100 2171 1345 2226 Venatur
1374 2185 1460 2236 ea,
1496 2186 1617 2241 quae
1658 2178 1859 2225 terram

292 2270 533 2325 incolunt
566 2287 579 2323 :
611 2268 774 2338 capit,
822 2280 944 2337 qua:
1000 2271 1297 2319 versantur
1347 2262 1403 2316 in
1464 2275 1610 2315 aere.
1657 2259 1860 2315 Vidisti

290 2361 583 2434 aliquando
623 2360 677 2415 in
708 2373 922 2416 summo
955 2355 1170 2412 arboris
1211 2368 1363 2408 ramo
1401 2353 1724 2409 insidentem
1767 2367 1861 2407 vo-

183 2499 201 2520 .
290 2456 497 2509 luerent
526 2465 799 2514 securam,
828 2456 991 2517 atque
1015 2445 1263 2500 homines
1286 2450 1692 2513 aSpernantem,
1719 2442 1861 2494 hane

291 2554 473 2598 tamen
525 2555 661 2612 puer
698 2539 893 2593 ludens
937 2533 1371 2603 comprehendit.
1422 2531 1676 2587 Calamos
1714 2532 1858 2586 enim

289 2634 515 2689 calamis
545 2631 787 2698 subjicit,
816 2641 1021 2697 eosque
1049 2638 1293 2680 summos
1317 2623 1478 2677 illinit
1511 2623 1683 2678 visco.
1719 2620 1858 2676 Tum

294 2742 386 2796 per
414 2738 616 2786 ramos,
664 2736 729 2775 ac
772 2719 903 2773 folia
938 2718 1077 2773 clam
1127 2716 1199 2770 ita
1233 2715 1476 2784 disponit
1521 2723 1574 2770 et
1604 2716 1765 2780 locat,
1801 2725 1860 2770 ut

286 2818 498 2870 viscum
543 2827 649 2868 non
708 2817 970 2881 appareat
1021 2809 1197 2864 oculis
1243 2808 1482 2862 volucris
1534 2807 1587 2860 in
1636 2807 1858 2862 sublimi

1975 355 2179 428 θηρίων
2209 355 2307 427 τῆς
2340 355 2464 425 γῆς.
2514 373 2533 407 ι
2574 354 2687 424 Οὐχ
2716 354 2849 424 ὁρᾷς
2890 353 2980 407 τὸν
3009 353 3196 407 λέοντα
3225 353 3316 407 τὸν
3348 352 3545 425 βαρὺν,

1971 448 2063 502 τὸν
2106 446 2453 519 βρυχητικδν,
2503 439 2566 499 οὗ
2605 445 2703 498 καὶ
2744 444 2804 497 τὸ
2844 443 3017 514 δνομα
3051 443 3339 514 ἀφόρητον,
3387 445 3489 497 καὶ⁵
3518 446 3550 498 6

1973 539 2218 613 βρυγμὸς
2249 537 2554 609 ὑπότρομον
2583 538 2729 590 ποιεῖ
2744 536 2843 606 τὴν
2872 536 3003 605 γῆν;
3026 526 3070 602 ᾧ
3099 534 3207 588 τίνι
3232 534 3381 588 ἐστὶν
3399 533 3552 589 οὕτω

1973 631 2226 703 φορητδνν
2265 629 2404 684 ὥστε
2448 629 2623 701 ὁρμὴν
2655 626 2819 683 αὑτοῦ
2871 629 3194 698 ὑπομεῖναι;
3229 629 3383 683 οὐδὲν
3432 628 3550 683 τῶν

1972 723 2125 790 ζώων
2166 720 2400 793 τοσαύτῃ
2450 719 2674 773 πέποιθε
2710 719 3000 789 ,δυνάμεως
3053 718 3363 791 περιουσίᾳ,
3398 718 3547 773 ὥστε

1971 815 2267 886 ὑποστῆναι
2296 813 2473 885 ὁρμὴν
2507 812 2738 875 λέοντος.
2794 812 2932 864 Ἀλλ’
2964 812 3113 882 ὅμως
3157 812 3361 865 ἐκεῖνον
3407 812 3547 883 δρᾷς

1969 909 2026 960 ὲν
2058 905 2237 977 μικρῷ
2270 903 2465 975 ζώγρῳ
2497 901 3042 972 κατακεκλεισμένον.
3070 902 3167 965 Τίς
3194 902 3221 953 6
3249 901 3549 972 καθείρξας

1969 1000 2165 1065 αὐτόν;
2196 998 2223 1051 6
2260 996 2322 1051 τό
2373 995 2565 1068 μικρὸν
2613 994 2982 1065 δεσμωτήριον
3025 992 3103 1064 τῷ
3151 993 3371 1064 μεγάλῳ
3416 992 3547 1063 ζώῳ

1969 1090 2295 1160 ὲπινοήσαςς
2320 1088 2403 1151 τίς
2425 1089 2453 1139 6
2478 1089 2543 1158 τῇ
2572 1086 2851 1158 ἀραιότητι
2873 1085 2982 1138 τῶν
3011 1084 3293 1155 στημόνων
3316 1084 3547 1137 ἐκείνων

1968 1179 2075 1233 τῶν
2104 1179 2325 1245 ξυλίνων
2352 1178 2449 1248 τὴν
2477 1176 2748 1247 ἀναπνοὴν
2776 1175 2855 1247 τῷ
2887 1174 3061 1248 θηρίῳ
3092 1174 3543 1247 παρασκευάσας,

1966 1271 2042 1334 ὡς
2084 1270 2160 1342 μὴ
2200 1269 2490 1334 ἀποπνῖξαι
2536 1268 2667 1321 αὐτὸ
2710 1265 2787 1337 τῷ
2818 1266 2933 1337 ἰδίῳ
2971 1265 3234 1336 ἄσθματι,
3268 1264 3406 1319 ἀλλά
3447 1266 3546 1317 καὶ

1968 1360 2242 1428 ἀναπνοὴν
2275 1357 2578 1429 ἐλευθέριον
2613 1354 2762 1426 αὐτῷ
2797 1354 2953 1420 δοὺς,
2989 1354 3085 1407 καὶ
3111 1354 3211 1424 τὴν
3239 1352 3547 1421 ἀσφάλειαν

1967 1453 2415 1525 διοικησάμενοςς
2446 1449 2576 1513 Τίς;
2609 1447 2742 1518 Οὐχί
2769 1445 3084 1519 άνθρωπος;
3112 1445 3338 1515 παίγνια
3365 1445 3544 1498 ποιεῖ-

1968 1562 2058 1598 ται
2087 1542 2195 1595 τῶν
2223 1539 2425 1612 Θηρίων
2465 1538 2532 1592 τά
2558 1536 2942 1609 χαλεπώτατα·
2974 1536 3074 1589 οὐκ
3103 1533 3403 1599 ἀποπαίξει
3431 1534 3544 1587 τῶν

1968 1633 2323 1706 παρδάλεων,
2380 1632 2509 1684 ὅταν
2552 1630 2811 1702 ὑποτείνῃ
2863 1628 3072 1699 χάρτην
3122 1629 3203 1690 εἰς
3252 1627 3545 1698 ἄνθρωπον

1967 1724 2433 1797 ἐσχηματισμένον
2457 1739 2471 1788 ;
2498 1722 2589 1775 καί
2617 1723 2650 1791 η
2684 1722 2800 1792 μὲν,
2833 1721 2924 1774 τὸν
2961 1720 3167 1790 χάρτην
3206 1717 3541 1789 ἐσπάραξενο

1920 1845 1926 1850 ·
1965 1821 1993 1873 6
2016 1819 2072 1872 δὲ
2105 1816 2389 1888 ἄνθρωπος
2417 1813 2567 1867 κάτω
2601 1813 2869 1883 κείμενος,
2901 1810 3003 1882 τῆς
3028 1810 3209 1873 ἀνοίας
3228 1809 3321 1863 τοῦ
3349 1809 3543 1880 θηρίου

1966 1908 2348 1978 κατεγέλασεν.
2385 1904 2459 1958 Οὐ
2492 1902 2774 1974 περιουσία
2808 1901 3023 1955 πάντων
3053 1903 3246 1971 κρατεῖ
3271 1901 3299 1953 6
3327 1898 3542 1971 ἀνθρω-

1967 2016 2097 2064 πος;
2138 1996 2263 2060 Πῶς
2298 1995 2434 2048 εἴπω
2476 2009 2558 2046 σοι
2600 1992 2727 2062 περὶ
2765 1990 2872 2044 τῶν
2919 1989 3269 2059 πετομένωνς
3319 1988 3402 2041 ὅτι
3439 1986 3546 2040 οὐκ

1967 2089 2241 2145 ἀναϐαίνει
2284 2087 2380 2158 μὲν
2406 2088 2434 2139 6
2465 2084 2751 2154 ἄνθρωπος
2780 2083 2860 2144 εἰς
2894 2079 2985 2133 τὸν
3009 2079 3164 2150 ἀέρα·
3196 2080 3257 2132 οὐ
3285 2078 3394 2151 γάρ
3425 2077 3543 2149 ἔχει

1967 2182 2171 2253 πτερά’
2205 2175 2651 2249 συμπαρίπταται
2680 2172 2737 2226 δὲ
2773 2172 2885 2235 τοῖς
2931 2172 3157 2241 πτηνοῖς
3190 2172 3255 2240 τῇ
3303 2167 3400 2221 τοῦ
3445 2167 3544 2223 νοῦ

1964 2276 2210 2344 δυνάμει.
2253 2268 2418 2324 Οὐδὲν
2454 2265 2673 2336 κατέχει
2722 2263 2811 2316 τὸν
2847 2261 3126 2331 λογισμόν.
3167 2260 3246 2313 Τά
3286 2262 3345 2315 ὲν
3393 2259 3545 2331 βυθῷ

1965 2363 2337 2436 διερευνᾶται,
2382 2357 2450 2411 τὰ
2492 2355 2631 2427 ὑπὲρ
2664 2354 2770 2423 γῆς
2807 2352 3059 2423 θηρᾶται,
3101 2350 3169 2403 τὰ
3212 2351 3269 2402 ἐν
3314 2348 3391 2420 τῷ
3418 2348 3543 2421 ἀέρι

1968 2448 2499 2524 προκαταλαμϐάνει.
2559 2441 2714 2509 Εἰδές
2775 2460 2904 2497 ποτε
2960 2444 3047 2496 ἐπ’
3109 2442 3281 2512 ἄκρου
3338 2440 3538 2495 κλάδου

1966 2524 2327 2612 καθεζόμενον
2384 2540 2569 2608 ὄρνεον
2633 2533 2949 2603 καταγελῶν
3017 2532 3126 2586 τῶν
3194 2531 3539 2603 ἀνθρώπωνς

1966 2637 2191 2692 πέποιθε
2230 2634 2339 2705 γὰρ
2378 2634 2443 2702 τῇ
2493 2629 2783 2698 κουφότητι
2821 2626 2916 2679 τοῦ
2961 2623 3195 2695 πτεροῦ·
3236 2622 3352 2677 ἀλλ’
3382 2624 3542 2693 ὅμως

1966 2734 2111 2787 ἐστιν
2174 2730 2301 2783 ἰδεῖν
2357 2724 2521 2779 παῖδα
2558 2705 2861 2791 ἀδολεσχεῖν
2881 2762 2895 2784 ,
2942 2719 3217 2789 καλάμους
3273 2717 3543 2788 καλάμοις

1967 2818 2354 2879 ὑποϐάλλοντα,
2398 2814 2492 2868 καὶ
2526 2810 2666 2866 κατά
2698 2809 2758 2863 τὸ
2788 2809 2955 2879 ἀκρον
2985 2807 3090 2861 τῶν
3130 2806 3398 2877 καλάμων
3429 2804 3540 2871 ἰξὸν

289 2904 564 2961 versantis
613 2923 626 2957 :
681 2911 845 2972 atque
912 2900 967 2953 in
1036 2901 1235 2970 exiguo
1284 2906 1541 2953 contactu
1601 2906 1856 2968 superat,

1998 2908 2438 2986 ;ροσαρτήσαντα,
2478 2897 2594 2953 εἶτα
2633 2896 3004 2960 λανθανόντως
3045 2894 3131 2949 διά
3172 2896 3283 2948 τῶν
3327 2894 3545 2950 κλάδων

290 2997 719 3063 obstrictamque
754 3000 901 3047 tenet
934 3006 1077 3057 eam,
1129 3006 1249 3060 quae
1287 3004 1464 3045 aerem
1491 2988 1701 3057 incolit,
1735 3003 1858 3058 quae

290 3090 346 3142 in
389 3086 588 3141 aethere
628 3092 877 3152 vagatur.
931 3080 1076 3135 Infra
1126 3088 1312 3135 manet
1352 3080 1536 3147 homo,
1580 3081 1721 3135 infra
1775 3091 1859 3137 est

292 3179 442 3233 illius
470 3191 685 3236 manus.
720 3173 814 3229 sed
846 3173 965 3243 ejus
995 3172 1245 3228 ascendit
1270 3173 1550 3243 cOgitatio.
1574 3174 1752 3243 Atque
1785 3174 1859 3228 ita

290 3271 425 3325 nihil
459 3277 564 3330 est,
605 3266 670 3321 ad
702 3266 847 3337 quod
901 3265 994 3319 ille
1036 3273 1153 3320 arte
1192 3279 1300 3318 non
1342 3264 1645 3334 perveniat.
1690 3265 1859 3321 Alites

291 3361 520 3423 retibus,
553 3358 876 3429 sagittisque
908 3356 1065 3426 petit,
1104 3362 1159 3412 et
1210 3370 1398 3411 earum
1433 3357 1705 3412 avidiores
1735 3371 1860 3412 esea

292 3452 483 3508 allicit.
508 3450 699 3507 Nonne
725 3450 1019 3520 aliquando
1056 3450 1242 3505 vidisti
1276 3449 1516 3520 aquilam
1558 3449 1859 3504 inhiantem

291 3548 503 3620 praedae,
551 3548 723 3619 plagis
776 3545 1017 3601 irretiri?
1070 3545 1161 3599 Sic
1218 3559 1338 3615 quae
1369 3544 1557 3598 volatu
1604 3542 1861 3598 sublimia

291 3641 530 3713 petebat,
563 3641 817 3695 humanis
853 3638 1123 3693 illecebris
1147 3630 1401 3692 deorsum
1440 3635 1698 3693 trahitur.
1733 3632 1862 3688 Om-

292 3733 381 3788 nia
426 3732 663 3789 hominis
702 3730 891 3785 manui
924 3727 1160 3799 subjecit
1189 3726 1354 3783 Deus.
1398 3725 1597 3782 Orbem
1641 3724 1862 3781 univer-

292 3842 411 3882 sum
444 3825 750 3893 complevit,
796 3831 850 3877 et
895 3822 1172 3875 hominem
1202 3820 1542 3889 principatus
1587 3825 1864 3888 expertem

291 3929 413 3970 esse
463 3914 657 3967 noluit.
708 3910 784 3965 Ne
842 3909 1048 3975 dixeris
1109 3916 1161 3962 te
1212 3908 1279 3961 ab
1334 3908 1425 3972 iis,
1470 3921 1591 3976 quae
1637 3908 1692 3960 in
1738 3920 1865 3960 aere

295 4011 606 4064 versantur,
648 3996 917 4069 superari.
949 3994 1181 4048 Ratione
1212 3994 1356 4047 enim
1390 4002 1443 4048 et
1484 3994 1576 4047 illa
1609 3993 1706 4048 tibi
1732 3991 1865 4047 sub-

291 4095 433 4165 jecta
473 4099 619 4155 sunt,
657 4090 797 4144 sicut
826 4102 1042 4149 eorum,
1077 4100 1197 4155 quas
1227 4099 1323 4155 per
1353 4093 1555 4139 terram
1600 4082 1863 4154 gradiun-

291 4198 382 4241 tur
414 4192 468 4241 et
502 4190 749 4253 serpunt,
797 4180 1009 4235 ratione
1038 4178 1292 4233 dominus
1331 4192 1411 4233 es.
1449 4175 1619 4232 Vides
1660 4177 1719 4231 in
1753 4191 1865 4248 quo

290 4278 557 4332 conisistat
587 4284 639 4329 te
677 4273 877 4328 factum
906 4286 1030 4327 esse
1059 4269 1125 4325 ad
1157 4268 1449 4340 imaginem
1484 4266 1619 4324 Dei?

1961 3007 2057 3064 καὶ
2097 3002 2205 3056 τῶν
2237 2996 2448 3067 φύλλων
2473 2991 2746 3061 κλέψαντα
2787 2988 2883 3042 τοῦ
2930 2986 3041 3055 ἰξοῦ
3085 2987 3185 3059 τὴν
3215 2987 3543 3058 παρουσίαν,

1959 3096 2052 3150 καὶ
2077 3082 2649 3158 ἀπομετεωριζόμενον
2676 3077 2736 3131 τὸ
2758 3077 2910 3147 ὄμμα
2936 3074 3033 3129 τοῦ
3057 3075 3244 3146 ὀρνέου
3270 3076 3543 3146 τηρήσας,

1963 3185 2133 3259 μικρᾷ
2165 3175 2501 3251 προσψαύσει
2534 3171 2804 3243 ἐκράτησε
2846 3168 2907 3221 τδ
2950 3166 3308 3239 ἀεροποροῦν,
3344 3164 3407 3218 τὸ
3453 3165 3545 3219 διά

1960 3256 2304 3343 τοῦναίθέρος
2341 3265 2639 3337 φερόμενον
2682 3260 2916 3332 πτηνὸν,
2947 3259 3165 3330 δέσμιον
3212 3256 3309 3328 ἰξῷ
3339 3257 3543 3328 ἦγαγε.

1960 3368 2131 3421 Κάτω
2156 3366 2330 3416 κεῖται
2353 3356 2657 3428 ἄνθρωπος,
2690 3353 2785 3407 καὶ
2808 3355 2841 3423 ἡ
2867 3352 2988 3424 χεὶρ
3020 3352 3191 3415 κάτω,
3223 3349 3335 3402 ἀλλ’
3358 3351 3394 3420 ὴ
3421 3348 3545 3403 διά-

1961 3474 2080 3512 νοια
2115 3450 2410 3515 ἀναϐαίνει,
2447 3447 2541 3502 καὶ
2570 3445 2658 3500 διὰ
2703 3445 2804 3516 τῆς
2845 3444 3040 3515 τέχνης
3087 3441 3284 3512 ἐφικτά
3330 3441 3549 3510 γίνεται

1966 3548 2043 3617 τῷ
2070 3542 2341 3615 ἀνθρώπῳ
2371 3540 2566 3593 πάντα.
2597 3535 2798 3589 Δίκτυα
2828 3535 3041 3588 ἵσταται
3075 3535 3392 3605 πτερωτοῖς.
3435 3533 3546 3585 Το-

1966 3637 2113 3703 ξόται
2146 3634 2252 3689 τῶν
2288 3631 2599 3703 πετομένων
2637 3626 3132 3697 καταστοχάζονται
3154 3666 3169 3690 ,
3211 3624 3546 3695 δελεάσματι

1965 3729 2197 3800 θηρᾶται
2229 3725 2299 3797 τά
2325 3721 2756 3793 λαιμαργότερα.
2790 3719 2907 3772 Οὐκ
2942 3714 3081 3781 εἶδές
3111 3733 3241 3770 ποτε
3265 3714 3362 3771 καὶ
3380 3716 3547 3771 ἀετὸν

1967 3818 2180 3891 λάϐρως
2243 3814 2550 3885 ἐμπεσόντα
2621 3808 2928 3882 θηράματι,
2991 3802 3109 3861 εἶτα
3167 3808 3545 3879 περι-παρέντα

1964 3913 2086 3973 ταῖς
2115 3908 2268 3961 κάτω
2296 3905 2533 3972 πάγαις;
2578 3900 2768 3965 Οὕτως
2806 3900 2868 3955 τὸ
2913 3900 3114 3971 ὑψηλὸν
3151 3900 3301 3954 κάτω
3333 3900 3544 3968 γίνεται

1965 4004 2079 4064 τοῖς
2108 3996 2465 4070 ἀνθρωπίνοις
2506 3995 2868 4065 δελεάσμασιν
2901 3992 3175 4046 ὲλκυσθέν.
3210 3992 3397 4046 Πάντα
3438 3991 3549 4044 ὑπὸ

1966 4091 2064 4163 τὴν
2089 4092 2245 4161 χεῖρα
2274 4089 2446 4160 ἤγαγε
2472 4085 2564 4140 τοῦ
2593 4084 2902 4157 ἀνθρώπου,
2933 4085 3028 4137 καὶ
3047 4084 3145 4154 τὴν
3173 4083 3353 4136 κτίσιν
3384 4081 3546 4154 ἐπλή-

1972 4197 2133 4252 ρωσε,
2159 4179 2253 4233 καί
2280 4178 2371 4232 τὸν
2396 4176 2678 4248 ἄνθρωπον
2704 4174 2931 4245 ἄμοιρον
2961 4174 3059 4245 τῆς
3095 4173 3411 4235 δεσποτείας
3444 4174 3546 4225 οὐκ

1887 4265 1932 4320 Ι)
1962 4272 2205 4341 ἐποίησε.
2230 4270 2323 4341 Μὴ
2346 4268 2525 4340 εἴπῃς,
2553 4267 2633 4321 Τά
2655 4268 2711 4319 ὲν
2732 4264 2809 4336 τῷ
2830 4267 2949 4336 ἀέρι
2973 4265 3245 4335 φερόμενα
3274 4262 3395 4326 πῶς
3419 4263 3547 4332 ἐμοὶ

289 4368 561 4439 διαφέρει;
606 4366 704 4420 Διά
743 4365 851 4436 γάρ
892 4363 983 4418 τοῦ
1020 4359 1282 4433 λογισμοῦ
1330 4361 1554 4415 κάκεῖνά
1598 4378 1680 4415 σοι
1724 4362 2007 4436 ὑποχείρια
2045 4364 2275 4433 γίνεται.
2325 4378 2344 4411 ι
2376 4360 2487 4414 Kal
2529 4358 2637 4413 τῶν
2680 4357 2926 4430 ἑρπετῶν
2966 4356 3073 4410 τῶν
3126 4355 3406 4427 ἑρπόντων
3452 4351 3549 4405 ἐπὶ

290 4464 391 4533 τῆς
428 4462 550 4530 γῆς.
581 4479 599 4511 ι
638 4460 798 4530 Ὁρᾷς
836 4458 938 4512 ποῦ
976 4459 1119 4530 ἔχεις
1156 4459 1218 4512 τὸ
1247 4461 1367 4513 κατ’
1407 4457 1591 4511 εἰκόνα
1617 4458 1942 4528 γεγενῆσθαι
1974 4457 2144 4524 Osci;

368 4569 386 4602 ι
422 4548 487 4600 Et
518 4548 645 4602 fecit
670 4548 809 4602 Deus
837 4547 1132 4603 hominem.
1166 4566 1184 4600 ι
1209 4546 1350 4613 Quid
1372 4547 1537 4619 igitur
1555 4554 1638 4603 est
1668 4547 1869 4603 homo?

293 4639 368 4693 Ex
398 4639 466 4694 iis
498 4652 618 4707 quae
648 4636 715 4691 de
742 4636 862 4705 ipso
884 4638 1260 4706 cognovimus,
1292 4644 1346 4691 et
1380 4636 1712 4702 audivimus,
1742 4652 1865 4692 eum

292 4729 636 4785 dctiniaums.
684 4727 867 4797 Neque
899 4728 1044 4783 enim
1073 4729 1186 4799 jam
1217 4743 1362 4799 opus
1408 4737 1513 4795 est,
1552 4737 1612 4783 ut
1657 4729 1868 4785 alienas

294 4817 638 4874 definitiones
658 4825 989 4881 mutuemus,
1018 4833 1195 4888 neque
1226 4832 1318 4874 eas
1357 4818 1425 4874 ab
1458 4825 1683 4873 externa
1717 4817 1871 4872 vani-

294 4918 405 4966 tate
429 4916 678 4979 sumptas
708 4907 763 4963 in
791 4909 1037 4963 oratione
1058 4908 1303 4963 veritatis
1334 4908 1659 4962 inseramus.
1695 4905 1869 4961 Homo

294 5012 379 5063 est
427 5020 565 5075 opus
616 5002 732 5069 Dei,
791 5002 1005 5056 ratione
1050 5000 1360 5071 praeditum,
1418 4998 1485 5053 ad
1531 4999 1652 5070 ejus
1685 5011 1714 5051 a
1757 5013 1867 5068 quo

294 5104 538 5151 creatum
571 5102 676 5157 est,
711 5092 1003 5164 imaginem
1037 5090 1259 5145 factum.
1298 5088 1356 5144 Si
1386 5090 1518 5160 quid
1546 5088 1782 5159 amplius
1811 5089 1864 5143 in

293 5186 398 5241 hac
459 5185 775 5241 deﬁnitione
827 5184 1193 5248 desideratur,
1249 5182 1596 5237 considerent
1651 5181 1710 5245 ii,
1771 5181 1867 5250 qui

293 5278 523 5333 multum
569 5278 623 5332 in
660 5277 883 5333 caducas
932 5276 1211 5348 sapientiae
1255 5273 1451 5330 studiis
1484 5274 1891 5347 elaborarunt“

293 5366 377 5421 Ad
423 5366 710 5437 imaginem
756 5365 851 5421 Dei
895 5365 1077 5420 factus
1104 5374 1185 5420 est
1217 5365 1396 5419 homo.
1439 5383 1457 5415 ι
1483 5362 1546 5417 Ει
1584 5362 1864 5417 benedixit

297 5454 440 5509 Deus
487 5452 718 5516 homini,
760 5461 816 5507 et
865 5452 973 5507 ait:
1004 5452 1268 5515 Crescite,
1309 5462 1363 5508 et
1407 5450 1861 5520 multiplicamini,

296 5549 351 5600 et
380 5541 579 5611 replete
618 5548 840 5594 terram.
875 5560 893 5592 ι
938 5539 1138 5595 Eodem
1182 5538 1343 5593 mod.)
1388 5539 1660 5593 benedixit
1701 5539 1862 5592 etiam

1998 4618 2005 4623 _
2050 4564 2069 4599 ι
2108 4546 2221 4601 Kal
2255 4544 2511 4616 ἐποίησεν
2541 4544 2571 4596 6
2605 4541 2739 4606 Θεὸς
2780 4542 2871 4597 τὸν
2917 4539 3223 4611 ἄνθρωπον.
3274 4558 3293 4591 ι
3337 4539 3405 4592 Τί
3451 4534 3551 4593 οὖν

1969 4643 2118 4693 ἐστιν
2150 4636 2468 4708 ἀνθρωπος;
2500 4635 2558 4702 ἐξ
2599 4627 2673 4689 ὧν
2704 4633 3019 4703 ἀνέγνωμεν
3049 4633 3145 4687 καὶ
3183 4633 3242 4699 ἐξ
3273 4625 3350 4686 ὧν
3378 4631 3541 4701 ἠκού-

1971 4743 2163 4799 σαμεν,
2197 4725 2512 4798 όρισόμεθα.
2548 4724 2746 4778 Οὐκέτι
2784 4723 2895 4795 γάρ
2936 4724 3068 4794 ἡμῖν
3109 4723 3268 4794 χρεία
3304 4722 3545 4787 δανείζε-

1972 4822 2097 4875 σθαι
2126 4820 2284 4892 ὅρους
2325 4816 2661 4889 ἀλλοτρίους,
2689 4815 2809 4870 οὐδὲ
2848 4804 2919 4869 τά
2944 4817 3007 4868 ὲκ
3054 4816 3152 4887 τῆς
3187 4815 3548 4887 ματαιότητος

1970 4910 2285 4979 ἐπεισάγειν
2332 4907 2411 4980 τῷ
2459 4906 2707 4978 λογισμῷ
2746 4907 2848 4976 τῆς
2891 4905 3174 4975 ἀληθείας.
3223 4906 3546 4986 ’Ἄνθρωπός

1969 5001 2086 5053 ἐστι
2146 4997 2356 5070 ποίημα
2404 4996 2539 5051 Θεοῦ
2576 4996 2824 5065 λογικὸν,
2870 4997 2990 5050 κατ’
3025 4996 3209 5050 εἰκόνα
3258 4996 3546 5067 γενόμενον

1967 5089 2059 5142 τοῦ
2093 5089 2375 5152 κτίσαντος
2410 5087 2593 5143 αὐτόν.
2638 5088 2709 5141 Εἴ
2744 5105 2797 5141 τι
2828 5086 3006 5141 λείπει
3049 5086 3129 5156 τῷ
3156 5086 3302 5158 λόγῳ
3348 5086 3551 5159 τούτῳ,

1967 5179 2020 5232 οἰ
2073 5177 2240 5233 πολλά
2272 5178 2790 5249 προσαναλώσαντες
2833 5181 2901 5250 τῇ
2935 5178 3201 5249 ἀναλήψει
3249 5179 3347 5247 τῆς
3393 5178 3552 5249 φθει-

1972 5268 2204 5339 ρομένης
2236 5269 2429 5339 σοφίας
2471 5268 2944 5337 ὲπισκεψάτωσαν.
2994 5268 3134 5321 Κατ’
3175 5268 3361 5321 εἰκόνα
3410 5266 3550 5321 Θεοῦ

1968 5361 2192 5428 γέγονεν
2224 5359 2530 5431 ἄνθρωπος.
2572 5378 2590 5411 ι
2628 5361 2739 5413 Kal
2779 5360 3074 5430 εὐλόγησεν
3103 5360 3133 5412 6
3163 5358 3296 5423 Θεὸς
3326 5359 3422 5411 τὸν
3452 5359 3551 5412 ἀν-

1972 5448 2204 5520 θρωπον,
2236 5449 2330 5503 καὶ
2374 5446 2547 5515 εἶπεν,
2592 5447 2899 5515 Δύξάνεσθε
2940 5448 3034 5502 καί
3061 5445 3424 5517 πληθύνεσθε,
3456 5446 3553 5499 καὶ

1973 5540 2292 5612 πληρώσατε
2314 5542 2412 5611 τὴν
2439 5542 2560 5611 γῆν.
2592 5560 2610 5593 ι
2643 5540 2791 5613 Αὕτη
2823 5543 2859 5612 ἡ
2890 5540 3085 5611 ἰχθύων
3108 5539 3347 5609 εὐλογία.
3387 5557 3406 5591 ι
3436 5536 3554 5591 Καὶ
3602 5530 3611 5535 “
