3794 6000
236 115 329 171 269

960 108 1028 164 IN
1055 107 1311 195 VERBA,
1352 104 1732 162 manuus
1770 107 1802 160 ι

1916 104 2157 170 ΗΝΕΜ,
2197 104 2375 171 ETC.,
2416 105 2621 162 ORAT.
2640 108 2687 159 1.

3380 103 3484 156 970

234 223 376 281 εἶπεν
396 225 430 279 ό
460 221 616 285 θεόςο
666 221 1010 292 Ἐξαγαγέτω
1051 222 1120 276 τὰ
1165 222 1331 278 ὕδατα
1378 221 1585 292 ἑρπετὰ
1623 220 1802 291 ψυχῶν

1916 218 2296 290 piscibus.«Et
2327 218 2464 273 dixit
2509 217 2687 273 Deus:
2717 215 3029 272 Producant
3070 228 3225 284 aqua!
3270 215 3483 281 rcptilia

234 316 437 382 ζωσῶν,
471 315 569 368 καὶ
609 307 1063 383 ἑγένετοόὖτως.
1109 311 1242 368 Εἶτα
1270 315 1364 368 καὶ
1405 308 1557 367 εἶπεν
1588 314 1618 366 ό
1642 311 1796 377 Θεδς,

233 405 551 472 Δύξάνεσθε,
591 405 687 460 καὶ
709 403 1067 476 πληθύνεσθε,
1108 406 1203 460 καὶ
1233 404 1556 476 πληρώσατε
1584 403 1653 457 τὰ
1677 403 1801 457 ὓδα-

232 514 312 553 τα.
349 517 368 548 ι
413 497 479 550 Τί
523 492 618 550 οὖν
658 497 953 566 περισσόν;
1003 496 1339 564 Ἀναγκαίως
1384 494 1557 549 ταῦτα
1592 495 1686 548 καὶ
1732 496 1802 550 τὰ

235 587 381 642 κοινά
417 604 501 641 σοι
542 587 857 659 ἐχαρίσατο,
900 586 1089 642 καὶτὰ
1127 587 1237 641 ἴδιά
1275 604 1333 640 σε
1380 586 1659 658 ἀναμένει.
1690 587 1800 640 Αὐ-

236 678 361 751 ξάνῃ
403 678 515 749 γὰρ
560 679 638 743 ὼς
680 680 777 733 καὶ
819 680 888 734 τὰ
931 678 1094 734 λοιπὰ
1126 678 1276 744 ζῶα,
1311 679 1419 733 ἀπὸ
1468 677 1666 749 μικροῦ
1706 677 1801 731 τοῦ

235 765 449 836 πρώτου
479 768 602 831 ταῖς
642 767 762 821 κατ’
808 767 985 835 ὀλίγον
1024 767 1363 839 προσθήκαις
1402 767 1496 820 ἐπὶ
1526 766 1803 820 τελείωσιν

232 857 383 929 ἔρχῃ.
434 857 593 911 οὕτω
625 859 721 912 καὶ
763 859 919 912 ἵπποι
974 860 1070 912 καὶ
1108 858 1267 922 κύνες
1290 876 1304 889 ·
1340 857 1481 912 οὕτω
1522 859 1617 912 καὶ
1657 857 1805 912 ἀετοὶ

232 950 323 1003 καὶ
348 949 539 1003 κύκνοι
559 966 574 981 ·
628 950 725 1005 καὶ
776 950 956 1005 πάντα
997 951 1141 1021 άπερ
1173 950 1239 1005 ἂν
1272 950 1455 1025 εἴπῃς,
1475 951 1563 1005 διὰ
1603 952 1804 1022 μικρᾶς

231 1039 325 1109 τῆς
362 1039 588 1112 πρώτης
636 1043 884 1111 κυήσεως
924 1044 989 1112 τῇ
1043 1043 1159 1094 κατ’
1202 1042 1380 1110 ὀλίγον
1425 1042 1710 1115 προσθήκῃ
1744 1042 1805 1095 τὸ

231 1131 433 1185 τέλειον
478 1133 578 1203 τῆς
629 1132 911 1203 αὐξήσεως
953 1133 1332 1205 ἀπολαϐόντα,
1379 1135 1540 1190 πάλιν
1585 1135 1671 1189 διὰ
1707 1136 1805 1205 τῆς

234 1220 512 1292 μειώσεως
557 1222 695 1292 πρὸς
744 1222 805 1274 τὸ
847 1222 1066 1277 ἔλαττον
1117 1225 1468 1296 ὑποστρέφει.
1525 1226 1592 1279 Ἃ
1626 1226 1805 1280 τοίνυν

232 1310 385 1363 κοινὰ
423 1311 525 1381 τῆς
559 1311 776 1378 φύσεως
821 1308 910 1383 ἦν,
953 1316 1047 1367 καὶ
1096 1317 1230 1386 ήμῖν
1261 1317 1589 1388 ἐδωρήσατο.
1628 1336 1647 1368 ι
1696 1317 1805 1370 Αὐ-

231 1398 479 1462 ξάνεσθε,
518 1419 537 1450 ι
566 1402 849 1468 τουτέστι,
902 1404 1188 1475 τρέφεσθε,
1227 1409 1415 1476 μικροὶ
1453 1407 1802 1479 γεννώμενοι,

234 1489 459 1559 μεγάλοι
489 1490 729 1557 γίνεσθε,
764 1494 858 1547 καὶ
893 1494 1066 1566 πέρας
1097 1494 1236 1549 ἔστω
1266 1498 1365 1567 τῆς
1394 1495 1693 1569 αὐξήσεως.
1729 1499 1803 1552 Οὐ

1914 309 2223 363 animarum
2247 308 2568 378 viventium,
2590 317 2644 363 et
2666 307 2871 362 factum
2895 314 2980 362 est
3008 308 3104 361 ita.
3134 304 3199 359 Et
3220 307 3296 360 ait
3316 304 3483 360 Deus:

1897 397 2167 464 Crescite,
2197 407 2249 454 et
2281 397 2739 469 multiplicamini,
2772 403 2826 452 et
2856 396 3058 467 replete
3077 415 3263 470 aquas.
3288 419 3309 452 ι
3335 394 3483 463 Quid

1902 489 2087 561 igitur,
2124 490 2361 560 inquies,
2407 489 2641 560 amplius
2670 496 2754 547 est
2782 488 2952 543 mihi?
2983 487 3303 542 Necessario
3344 489 3482 555 hac,

1899 594 2024 649 qua:
2063 579 2488 634 communicavit
2531 581 2697 635 etiam
2747 580 2870 645 tibi,
2926 589 2980 636 et
3020 580 3126 634 alia
3162 580 3390 648 propria
3435 590 3486 634 te

1901 677 2125 725 manent
2168 684 2417 724 munera.
2448 669 2670 728 Crescis
2718 671 2886 735 enim,
2921 670 3377 742 quemadmodum
3431 679 3486 724 et

1902 762 2116 832 reliqua
2176 762 2455 829 animalia,
2506 772 2560 819 et
2602 762 2862 834 paulatim
2910 778 3009 833 per
3037 763 3371 817 incrementa
3418 777 3486 815 ex

1903 868 2071 922 parva
2103 854 2169 909 ad
2195 854 2403 923 justam
2449 853 2861 926 perfectamque
2895 853 3328 924 magnitudinem
3362 867 3486 923 per-

1904 946 2078 1002 venis.
2135 944 2227 1002 Sic
2278 956 2333 1003 et
2379 948 2531 1018 equi,
2585 954 2638 1003 et
2691 962 2880 1011 canes,
2938 948 3021 1002 sic
3060 954 3114 1002 et
3170 946 3390 1015 aquila},
3429 950 3486 999 et

1906 1039 2085 1108 cycni,
2129 1047 2183 1093 et
2211 1046 2409 1094 caetera
2453 1039 2754 1093 animantia
2793 1038 3033 1093 eduntur
3063 1038 3311 1106 parvula,
3350 1051 3486 1105 pau-

1903 1127 2167 1198 latimque
2215 1144 2313 1199 per
2356 1130 2608 1185 assiduas
2660 1129 3007 1185 accessiones
3056 1129 3122 1181 ad
3172 1128 3484 1183 absolutum

1903 1219 2228 1290 perveniunt
2276 1227 2665 1289 augmentum,
2726 1233 3055 1287 rursumque
3107 1216 3366 1286 paulatim
3417 1215 3485 1269 ad

1892 1310 2174 1365 minorem
2229 1310 2424 1364 molem
2467 1317 2840 1366 revertuntur.
2890 1309 3022 1376 Quae
3067 1308 3232 1378 igitur
3277 1314 3488 1361 natura:

1904 1396 2215 1450 communia
2251 1405 2400 1460 sunt,
2432 1413 2495 1452 ea
2524 1398 2751 1468 largitus
2793 1406 2876 1453 est
2902 1398 3066 1453 etiam
3098 1396 3279 1451 nobis.
3313 1415 3332 1445 ι
3356 1394 3488 1450 Cre-

1907 1486 2065 1550 scite,
2092 1505 2111 1538 ι
2145 1487 2199 1541 id
2227 1496 2330 1553 est,
2363 1488 2702 1553 enutrimini,
2734 1496 2788 1543 et
2816 1504 2940 1543 cum
2967 1487 3118 1558 parvi
3142 1486 3308 1557 geniti
3341 1485 3484 1548 sitis,

232 1578 337 1649 γὰρ
367 1579 558 1648 ἐπειδὴ
600 1583 656 1633 ὲν
700 1584 765 1652 τῇ
820 1582 1011 1656 πρώτῃ
1054 1585 1313 1656 έπταετίᾳ
1345 1587 1683 1658 τρεφόμεθα,
1712 1589 1802 1642 καὶ

1916 1579 2091 1649 magni
2122 1579 2354 1643 evadite,
2388 1588 2443 1635 et
2489 1580 2811 1635 incrementi
2842 1579 2912 1634 sit
2952 1579 3239 1634 terminus.
3302 1576 3488 1645 Neque

229 1667 499 1738 λαμϐάνει
529 1671 676 1739 ἡμᾶς
714 1671 1102 1742 μεθηλικίωσις
1131 1676 1225 1728 ἐπὶ
1255 1675 1351 1747 τὴν
1379 1677 1636 1748 δευτέραν
1668 1678 1807 1732 ἑϐδο-

234 1758 375 1828 μάδα
398 1758 510 1811 τῶν
536 1760 694 1825 ἐτῶν,
713 1761 813 1831 ήδη
839 1762 1127 1834 ὀφείλομεν
1152 1766 1352 1835 ὁμοίως
1375 1765 1432 1818 ὲνν
1463 1768 1624 1820 παντὶ
1650 1767 1806 1839 μέρει

232 1850 331 1920 τῆς
380 1850 529 1921 ζωῆς
576 1852 676 1922 τῆς
723 1853 1027 1925 ήμετέρας,
1067 1856 1188 1910 καθ’
1237 1857 1534 1927 ἑϐδομάδας
1590 1860 1810 1932 μεθηλι-

234 1941 506 2000 κιοῦσθαι.
550 1943 628 1995 Ἡ
651 1942 842 2015 πρώτη
882 1946 1115 2017 ἑϐδομὰς
1154 1948 1254 2018 τὴν
1302 1950 1552 2023 παιδικὴν
1595 1953 1808 2022 ἡλικίαν

230 2032 365 2101 ἔχει.
434 2036 591 2108 Ὅροι
642 2035 740 2106 τῆς
786 2038 1041 2111 παιδικῆς
1082 2039 1296 2110 ἡλικίας
1340 2044 1659 2115 φανεροὶ,ή
1700 2044 1808 2100 τῶν

230 2121 459 2175 ὀδόντων
496 2123 789 2195 μεταϐολή,
826 2127 888 2179 Oi
920 2128 1019 2197 μὲν
1054 2128 1248 2183 ἔπεσον
1268 2148 1280 2160 ·
1310 2133 1360 2184 οἱ
1384 2132 1440 2186 δὲ
1467 2134 1806 2206 ὐπεφύησαν.

235 2216 502 2285 Δευτέραν
528 2214 719 2269 ἔλαϐεν
743 2218 917 2289 ἀρχὴν
939 2219 1186 2291 αὔξησις,
1212 2224 1292 2287 είς
1314 2223 1385 2277 τὰ
1410 2225 1537 2298 τέλη
1566 2226 1664 2297 τῆς
1687 2244 1810 2280 τεσ-

237 2306 760 2378 σαρεσκαιδεκάτης,
796 2310 829 2378 ή
872 2308 1096 2378 δευτέρα
1135 2309 1321 2366 λοιπὸν
1366 2313 1537 2383 ἡτῶν
1581 2316 1806 2369 παίδων.

234 2397 459 2470 Πρῶτον
494 2399 605 2469 γὰρ
644 2398 888 2464 παιδίον,
935 2396 1053 2454 εἶτα
1089 2406 1216 2466 παῖς
1237 2445 1252 2468 ,
1278 2400 1395 2458 εἶτα
1435 2405 1663 2476 ἔφηϐος,
1691 2403 1809 2461 εἶτα

233 2487 371 2557 ἀνὴρ
398 2486 511 2539 ἀπὸ
536 2489 1209 2558 τεσσαρεσκαιδεκαέτους,
1240 2493 1471 2548 ἐνταῦθα
1497 2497 1546 2548 οἱ
1572 2498 1689 2567 ὅροι
1710 2498 1811 2570 τῆς

232 2572 423 2643 τρίτης
448 2573 750 2644 αὐξήσεως.
785 2575 1089 2641 Αὐξάνεσθε
1116 2576 1209 2633 οὖν
1226 2598 1239 2611 ο
1276 2582 1377 2635 οὐκ
1401 2585 1495 2636 ἐὰν
1521 2585 1651 2656 γένῃ
1682 2588 1811 2641 ἐκα-

231 2664 322 2717 τδν
358 2665 520 2731 ἐτῶν,
560 2666 670 2719 ἀπὸ
719 2667 936 2739 πρώτου
981 2671 1059 2734 είς
1099 2660 1387 2729 ἑκατοστὸν
1428 2676 1545 2741 ἔτος
1585 2678 1810 2751 αὔξησιν

232 2760 480 2832 ἐπιδέχῃ,
512 2760 647 2814 ἀλλὰ
674 2762 834 2816 τοῦτο
874 2764 936 2818 τὺ
969 2784 988 2818 ι
1032 2765 1325 2831 αὐξάνεσθε
1364 2784 1382 2818 ι
1439 2766 1498 2818 ἓν
1537 2767 1690 2837 ῥῆμα
1724 2784 1811 2822 σο-

231 2850 347 2919 φῶς
396 2850 588 2922 λεχθὲν
636 2855 1010 2924 προνοητικῶς
1059 2856 1442 2926 οἰκονομεῖται.
1503 2856 1808 2921 Αὐξάνεσθε

232 2941 398 3013 μέχρι
446 2942 630 3005 τινός·
690 2941 804 2995 ἀλλ’
845 2946 904 2997 οὐ
948 2945 1123 3016 μέτρα
1158 2945 1258 3015 τῆς
1304 2945 1600 3015 αὐξήσεως.
1656 2944 1810 3000 Κατὰ

228 3032 328 3102 τὴν
356 3031 583 3102 πρώτην
625 3033 883 3087 σύστασιν
911 3034 1010 3106 τὴν
1045 3034 1477 3104 καταϐληθεῖσαν
1509 3036 1566 3087 ὲν
1608 3038 1673 3107 τῇ
1708 3038 1813 3106 μή-

229 3140 355 3195 τρα,
402 3125 814 3197 κατεϐλήθησαν
849 3127 943 3178 καὶ
990 3128 1038 3179 οἱ
1081 3125 1229 3195 λόγοι
1264 3126 1362 3197 τῆς
1394 3125 1693 3198 αὐξήσεως.
1734 3129 1808 3181 Οὐ

226 3212 341 3284 γὰρ
378 3213 521 3284 μετὰ
544 3214 718 3268 ταῦτα
751 3214 1010 3284 νεώτερόν
1044 3216 1160 3268 ἐστι
1191 3214 1253 3267 τὸ
1285 3215 1531 3287 χάρισμα
1562 3216 1661 3286 τῆς
1690 3215 1809 3286 ἡλι-

229 3302 357 3364 κίας
386 3302 798 3373 ἐπιγενόμενον,
830 3302 944 3355 ἀλλ’
976 3304 1032 3355 ai
1067 3301 1317 3374 μητρῷαι
1354 3302 1651 3357 καταϐολαὶ
1680 3320 1813 3371 συγ-

229 3393 718 3463 καταϐεϐλημένας
770 3395 951 3462 έχουσι
1002 3393 1099 3457 τὰς
1159 3394 1295 3464 πρὸς
1344 3394 1403 3447 τὸ
1490 3394 1812 3462 αὐξάνεσθαι

232 3485 703 3556 ἐπιτηδειότητας.
760 3485 1000 3537 Ἔπεσαν
1051 3487 1101 3537 οί
1156 3485 1397 3550 ὀδόντες,
1445 3484 1689 3557 ἔγνωμεν
1727 3488 1811 3540 ὅτι

232 3577 448 3647 ηὐξήθη
479 3577 635 3630 τόσον
667 3576 882 3646 μέτρον.
916 3575 1134 3648 Τριετὲς
1162 3575 1224 3628 τὸ
1260 3576 1469 3629 παιδίον
1508 3577 1811 3647 ἐμέτρησεν
1851 3574 1862 3586 ’

227 3672 259 3723 ὀ
316 3670 539 3739 πατήρ·
585 3665 722 3720 οἶδεν
772 3667 952 3721 ὅτιτὸ
1004 3668 1281 3721 διπλάσιον
1336 3668 1526 3722 τούτου
1583 3670 1811 3740 μέγεθος

229 3759 577 3831 ἀπολήψεται
608 3761 667 3812 ὲν
702 3763 769 3830 τῇ
807 3758 1101 3813 τελειώσει.
1132 3759 1295 3814 Ὅσον
1324 3761 1433 3830 γὰρ
1482 3764 1539 3813 ὲν
1575 3763 1641 3832 τῇ
1692 3778 1813 3832 τρι-

230 3851 376 3923 ετίᾳ,
423 3851 504 3912 δὶς
535 3850 789 3913 τοσοῦτος
817 3850 993 3917 ἔσται,
1023 3850 1056 3922 ἢ
1104 3852 1264 3906 πάλιν
1292 3852 1544 3917 τοσοῦτος
1573 3852 1726 3906 ἔσται
1753 3854 1811 3906 ὲν

229 3945 299 4014 τῇ
342 3940 738 4012 συμπληρώσει
785 3942 885 4013 τῆς
932 3943 1231 4014 αὐξήσεως.
1285 3942 1455 3997 Τοῦτο
1501 3943 1564 3996 τὸ
1613 3943 1811 4015 μέτρον

230 4036 333 4107 τῆς
358 4034 712 4105 ἀνθρωπίνης
734 4033 949 4102 φύσεως
975 4035 1136 4107 μέχρι
1165 4035 1419 4106 πέρατος,
1449 4035 1641 4106 μέχρις
1658 4035 1808 4105 ὅρου,

232 4127 344 4179 ἀπὸ
385 4125 489 4195 τῆς
529 4124 818 4195 ἑϐδομάδος
858 4125 955 4195 τῆς
1003 4125 1226 4196 πρώτης
1266 4126 1358 4178 ἐπὶ
1393 4125 1493 4195 τὴν
1530 4125 1807 4197 δευτέραν.

1908 1669 2053 1724 enim
2094 1671 2353 1740 quoniam
2397 1671 2453 1726 in
2481 1673 2658 1740 primo
2687 1672 2970 1741 septennio
3001 1672 3075 1725 ita
3114 1671 3394 1733 vertimur,
3432 1680 3490 1722 ut

1910 1760 2082 1813 altero
2118 1760 2407 1830 septennio
2444 1761 2495 1814 in
2545 1761 2705 1813 aliam
2745 1771 2957 1815 aetatem
3003 1762 3373 1821 immutemur,
3406 1759 3488 1813 sic

1909 1847 1965 1923 in
2004 1849 2154 1903 omni
2188 1850 2299 1903 vita
2348 1850 2612 1904 debemus
2643 1866 2739 1920 per
2787 1850 3071 1921 septennia
3110 1848 3178 1904 de
3227 1857 3387 1903 aetate
3430 1848 3486 1902 in

1908 1946 2122 1993 aetatem
2156 1942 2504 1993 commutari.
2550 1939 2792 1995 Primum
2843 1942 3185 2009 septennium
3222 1939 3487 2009 puerilem

1909 2038 2123 2085 aetatem
2182 2032 2446 2096 continet,
2506 2032 2666 2102 cujus
2713 2034 2894 2088 aetatis
2943 2031 3234 2087 terminum
3283 2030 3489 2084 indicat

1910 2120 2152 2176 dentium
2200 2122 2531 2187 immutatio,
2598 2106 2726 2177 cuni
2784 2125 2843 2177 in
2904 2123 3084 2178 locum
3136 2136 3325 2177 eorum
3391 2120 3487 2190 qui

1910 2213 2244 2280 ceciderunt,
2289 2215 2382 2269 alii
2430 2225 2810 2270 succrescuut.
2859 2215 3104 2269 Alterum
3146 2228 3338 2268 rursus
3390 2227 3489 2265 au-

1910 2305 2113 2376 gmenti
2144 2305 2470 2375 principium
2518 2306 2577 2360 ﬁt
2615 2307 2682 2359 ad
2725 2304 2884 2360 finem
2909 2320 3083 2373 usque
3119 2303 3245 2357 anni
3278 2303 3489 2372 quarti~

1911 2396 2127 2451 decimi.
2177 2398 2357 2468 Atque
2387 2399 2502 2453 haec
2533 2406 2620 2453 est
2646 2397 2884 2454 secunda
2925 2398 2979 2451 in
3019 2398 3204 2467 pueris
3233 2397 3488 2449 immuta-

1911 2487 2007 2542 tio.
2042 2486 2178 2542 Nam
2230 2489 2325 2559 qui
2381 2492 2619 2559 primum
2673 2497 2757 2544 est
2809 2487 3010 2551 infans,
3064 2497 3156 2542 aut
3197 2487 3484 2557 puerulus,

1909 2587 2027 2632 tum
2075 2581 2136 2632 lit
2177 2594 2334 2648 puer,
2367 2589 2492 2649 post
2518 2589 2699 2635 autem
2739 2579 2931 2649 puber.
2963 2594 3025 2632 ac
3065 2578 3261 2633 deinde
3291 2578 3392 2645 vir,
3431 2585 3488 2632 et

1911 2669 2001 2725 hic
2034 2670 2358 2725 incrementi
2382 2671 2602 2726 termini
2635 2671 3006 2741 praefiguntur.
3031 2669 3274 2724 Crescite
3299 2670 3486 2739 igitur,

1912 2777 2020 2816 non
2069 2762 2143 2816 ita
2189 2770 2391 2828 tamen,
2425 2773 2483 2817 ut
2512 2764 2558 2819 si
2604 2763 2730 2834 quis
2772 2774 2990 2819 centum
3020 2778 3286 2817 annorum
3320 2764 3485 2817 vitam

1913 2864 2258 2924 assequatur,
2304 2870 2335 2908 a
2380 2856 2557 2925 primo
2601 2871 2747 2910 anno
2800 2856 2867 2910 ad
2920 2857 3276 2911 centesimum
3315 2871 3490 2924 usque

1916 2957 2133 3012 semper
2179 2951 2527 3013 augmentum
2585 2945 2870 3014 suscipiat.
2924 2944 2997 2999 Ea
3056 2961 3183 3011 vox,
3219 2946 3489 3009 Crescite,

1917 3036 2192 3105 sapienter
2227 3034 2373 3088 dicta
2401 3035 2698 3105 prudenter
2725 3037 2944 3092 adhibet
2967 3037 3210 3092 modum.
3240 3037 3485 3094 Crescite

1917 3126 1983 3179 ad
2023 3132 2235 3180 certum
2287 3127 2605 3190 terminum,
2658 3143 2768 3182 non
2811 3130 3072 3183 continua
3120 3136 3493 3199 perpetuaque.

1917 3217 2188 3274 auctionis
2225 3233 2501 3274 mensura.
2550 3218 2660 3275 Pro
2690 3200 2902 3277 ratione
2936 3224 3081 3275 enim
3121 3222 3313 3291 prima:
3343 3223 3490 3276 illius

1918 3311 1974 3365 in
2013 3319 2170 3366 utero
2199 3312 2632 3378 constitutionis,
2673 3313 2958 3369 crescendi
2984 3314 3201 3368 termini
3237 3316 3490 3385 praescri-

1918 3401 1997 3471 pti
2021 3409 2169 3456 sunt.
2202 3401 2277 3456 Ea
2302 3418 2537 3472 namque
2568 3404 2890 3458 constitutio
2923 3406 3336 3460 convenientem
3372 3421 3492 3459 cre-

1918 3489 2104 3543 scendi
2154 3489 2612 3557 opportunitatem
2650 3490 2997 3557 conjunctam
3053 3490 3235 3545 habet.
3291 3492 3491 3547 Dentes

1916 3579 2238 3635 exciderunt
2274 3600 2286 3634 :
2326 3581 2711 3651 cognoscimus
2740 3581 3062 3635 incrementi
3098 3589 3363 3650 quantum
3403 3599 3492 3637 ac-

1916 3672 2165 3725 cesserit.
2202 3670 2480 3737 Filiolum,
2505 3686 2627 3724 cum
2666 3671 2889 3726 tertium
2934 3671 3113 3725 aetatis
3150 3687 3353 3733 annum
3387 3674 3490 3727 im-

1917 3760 2104 3829 plevit,
2156 3760 2381 3814 metitur
2429 3768 2602 3830 pater.
2643 3759 2818 3830 Duplo
2868 3760 3015 3815 enim
3074 3761 3265 3829 major,
3324 3778 3487 3831 quam

1916 3861 2048 3906 tunc
2093 3853 2186 3915 sit,
2223 3851 2438 3907 futurus
2485 3860 2571 3907 est
2606 3851 2718 3914 ille,
2760 3867 2885 3906 cum
2928 3853 3032 3907 erit
3067 3854 3343 3921 perfectus
3378 3854 3488 3910 'vir.

1917 3942 2077 3997 Hunc
2105 3942 2265 3999 habet
2295 3943 2537 3998 humana
2574 3951 2768 3998 natura
2812 3944 3101 3999 terminum
3143 3951 3307 4015 atque
3336 3962 3490 4000 men-

1917 4049 2126 4089 suram.
2183 4033 2239 4088 ln
2288 4036 2464 4105 primo
2511 4035 2865 4104 secundoque
2909 4038 3191 4105 septennia
3244 4037 3488 4091 abundat

1917 4128 2237 4192 humiditas,
2272 4144 2400 4183 mox
2442 4129 2647 4191 deﬁcit,
2700 4129 2949 4183 caliditas
2989 4136 3192 4193 manet,
3241 4129 3483 4182 membra

246 4214 399 4266 Ἐκεῖ
425 4213 615 4265 λοιπὸν
656 4215 690 4282 ή
735 4212 1002 4285 θερμότης
1040 4213 1262 4279 πλείων,
1307 4217 1340 4284 ή
1385 4215 1672 4280 διάπλασις
1713 4214 1802 4269 τοῦ

1918 4219 2366 4284 corroborantur,
2402 4220 2456 4274 in
2495 4218 2763 4288 principio
2803 4217 3183 4271 imbecilliores
3217 4223 3346 4269 sunt
3387 4217 3484 4269 ho-

234 4303 497 4374 σώματος
522 4304 555 4373 ή
577 4304 892 4375 ἀραιοτέρα,
918 4305 951 4374 ή
970 4304 1203 4376 ὑγρότης
1224 4305 1509 4371 ἐπιλείπει,
1533 4305 1815 4376 κραταιοῦ-

229 4414 323 4449 ται
377 4397 449 4450 τὰ
494 4396 654 4466 μέλη,
696 4395 753 4447 ἐν
802 4397 942 4467 ἀρχῇ
991 4396 1098 4449 τῶν
1152 4397 1512 4468 ἰσχυροτέρων
1556 4398 1661 4450 είσὶ
1705 4398 1813 4452 τῶν

232 4485 517 4556 ὲφηλίκων
543 4487 593 4538 oi
621 4484 920 4555 ἄνθρωποι,
954 4485 1106 4540 οὐπω
1135 4488 1236 4557 μὲν
1260 4487 1319 4539 τὸ
1343 4487 1550 4541 τέλειον
1579 4486 1811 4558 ἔχοντες.

232 4575 535 4648 Νεοπαγὴς
561 4576 671 4646 γάρ
714 4577 893 4629 αὐτῶν
924 4578 957 4647 ἡ
1001 4577 1134 4648 σάρξ
1172 4578 1272 4642 ἔτι,
1314 4579 1406 4631 καὶ
1440 4579 1575 4649 πρὸς
1621 4578 1816 4643 πόνους

232 4668 604 4737 ηρτερικούς
632 4667 1000 4738 ἀνεπιτηδεία.
1025 4668 1097 4720 Τὸ
1125 4668 1223 4738 μὲν
1254 4668 1454 4739 κοῦφον
1484 4670 1578 4723 καὶ
1600 4670 1818 4742 εὐκίνη-

230 4775 322 4810 τον
360 4757 606 4811 ἀπέλαϐε
650 4758 835 4810 λοιπὸν
888 4757 947 4811 τὸ
992 4757 1148 4822 ζῶον.
1216 4760 1304 4813 Ἐν
1338 4760 1393 4813 δὲ
1432 4762 1590 4833 τρίτῃ
1634 4761 1817 4814 λοιπὸν

232 4848 513 4917 ὲϐδομάδι,
563 4849 626 4901 τὸ
668 4848 871 4902 τέλειον
928 4850 1026 4920 τῆς
1084 4849 1364 4920 αὐξήσεως
1415 4852 1812 4923 ἀπολαμϐάνει.

232 4940 429 4994 Οὐκέτι
451 4941 508 4994 δὲ
532 4942 615 5003 είς
640 4940 817 5010 μῆκος
845 4940 1244 5010 ήδιανάστασις
1261 4942 1356 4996 τοῦ
1382 4942 1651 5014 σώματος,
1678 4945 1817 5014 μετὰ

230 5029 327 5099 τὴν
365 5029 558 5101 τρίτην
596 5029 890 5101 ἑϐδομάδα.
938 5029 1184 5083 Ἐπειδὰν
1207 5031 1264 5083 δὲ
1297 5032 1606 5104 ἀναπνεύσῃ
1641 5036 1674 5105 ή
1715 5034 1817 5102 φύ-

232 5135 315 5183 σις
342 5121 448 5174 τῶν
476 5121 749 5192 καμάτων
786 5121 886 5190 τῆς
911 5121 1004 5174 ἐπὶ
1031 5121 1091 5174 τὸ
1123 5121 1234 5175 άνω
1265 5122 1563 5194 αὐξήσεως,
1592 5116 1816 5197 ἄρχεται

229 5210 419 5269 λοιπὸν⁴
449 5217 532 5279 είς
574 5214 647 5268 τὰ
692 5212 877 5283 πλάτη
913 5213 1238 5279 διαϐαίνειν,
1268 5215 1361 5267 καὶ
1400 5216 1563 5269 οἱονεὶ
1605 5217 1819 5288 περιθε-

230 5305 442 5374 μελιοῦν
468 5305 537 5361 τά
566 5305 885 5378 ὐψωθέντα,
912 5308 1006 5359 καὶ
1040 5306 1220 5377 πάσχῃ
1250 5308 1433 5371 αὐτοῖς
1461 5296 1813 5378 περιτιθέναι,

226 5398 316 5450 καὶ
359 5401 603 5475 καρτερὰ
654 5398 841 5451 ποιεῖν
887 5397 980 5450 τοῦ
1025 5397 1274 5469 σώματος
1312 5398 1377 5453 τὰ
1420 5399 1585 5475 μέλη.
1635 5399 1818 5454 Ταῦτα

227 5491 366 5542 ποιεῖ
383 5490 486 5562 μὲν
512 5492 545 5562 ή
575 5487 755 5559 φύσις
784 5484 926 5539 κατὰ
945 5486 1044 5557 τὴν
1070 5487 1266 5559 ἑαυτῆς
1290 5487 1628 5544 ἀκολουθίαν.
1670 5489 1817 5558 Ἐγέα

1916 4310 2114 4373 mines,
2160 4324 2282 4364 cum
2332 4310 2572 4364 nondum
2627 4308 2854 4379 perfecti
2899 4308 3029 4363 sint.
3081 4306 3292 4362 Recens
3336 4308 3481 4361 enim

1916 4402 2133 4456 illorum
2183 4416 2312 4456 caro
2362 4407 2646 4471 compacta
2696 4410 2799 4464 est,
2837 4414 3011 4470 eaque
3062 4399 3245 4454 minus
3287 4409 3372 4455 est
3417 4402 3483 4454 ad

1916 4491 2272 4561 perferendos
2318 4491 2536 4545 labores
2582 4490 2798 4544 idonea.
2853 4488 3152 4544 Levitatem
3197 4489 3484 4549 duntaxat,

1916 4582 2324 4652 agilitatemque
2352 4590 2481 4636 tunc
2513 4580 2714 4635 animal
2752 4581 3067 4651 acquisivit.
3106 4579 3313 4650 ltaque,
3346 4594 3487 4650 quo-

1910 4671 2063 4734 niam
2113 4673 2169 4726 in
2216 4673 2380 4728 tertio
2436 4672 2721 4742 septennio
2777 4671 3084 4726 altitudinis
3135 4679 3485 4740 augmentum

1919 4761 2216 4834 perfectum
2273 4773 2377 4825 est,
2434 4763 2543 4817 lata
2585 4763 2842 4833 deinceps
2886 4761 3132 4831 corporis
3185 4760 3487 4829 amplitudo

1918 4864 2287 4924 comparatur.
2336 4854 2549 4909 Etenim
2596 4865 2949 4924 posteaquam
3014 4862 3208 4905 natura
3272 4865 3302 4903 a
3331 4848 3487 4903 laba-

1917 4944 2073 5001 ribus
2098 4947 2153 4999 in
2186 4946 2353 4999 altum
2388 4945 2619 5015 augendi
2653 4945 2962 5014 respiravit,
3002 4943 3055 4997 in
3093 4943 3258 4995 latum
3295 4940 3489 5009 incipit

1918 5038 2192 5110 progredi,
2243 5047 2298 5092 et
2326 5037 2541 5093 aedilicii
2586 5039 2672 5092 sui
2722 5038 3022 5107 fastigium,
3059 5043 3319 5103 tanquam
3361 5034 3487 5088 fun-

1918 5113 2187 5184 damentis
2216 5129 2510 5184 substratis
2542 5130 2919 5197 adauctisque,
2968 5127 3123 5181 fulcit
3155 5136 3316 5196 atque
3355 5141 3488 5181 con-

1920 5215 2120 5272 ﬁrmat.
2152 5217 2276 5287 Agit
2305 5217 2419 5271 haec
2465 5218 2684 5286 quidem
2727 5219 2844 5286 ipsa
2893 5227 3084 5271 natura
3117 5218 3311 5272 ordine
3359 5230 3484 5275 suo.

1919 5307 2090 5375 Cujus
2135 5316 2317 5363 tamen
2356 5309 2566 5364 ordinis
2595 5309 2679 5363 vis
2718 5309 2917 5378 pendet
2961 5310 3029 5365 ab
3060 5310 3152 5365 illo
3182 5312 3358 5379 primo
3391 5306 3489 5363 Dei

1921 5398 2198 5465 mandato,
2237 5398 2380 5467 quod
2414 5399 2580 5455 semel
2629 5399 2833 5454 editum
2874 5416 2971 5470 per
2996 5401 3182 5457 omnia
3206 5415 3330 5477 quae
3358 5415 3489 5472 pro-

1920 5499 2194 5556 creantur,
2222 5491 2288 5545 ad
2322 5491 2480 5547 finem
2517 5506 2690 5562 usque
2720 5493 3087 5564 progreditur.
