3766 5988
276 141 372 196 9.71

1504 139 1561 194 s.
1601 137 1937 207 cascomt
1967 138 2262 196 NYSSEN!
2359 128 2373 140 ‘

3422 144 3534 199 272

279 272 396 309 νετο
440 255 497 308 δέ
542 253 602 319 ἐξ
646 255 820 327 ἀρχῆς
866 256 1245 327 προστάγματι
1285 256 1623 321 Δεσποτικῶ,
1664 254 1756 307 καὶ
1798 253 1915 305 τότε
1963 253 2188 325 λαληθὲν
2242 256 2329 311 διὰ
2384 257 2564 329 πάσης
2611 256 2839 320 κτίσεως
2899 256 3059 328 μέχρι
3105 257 3286 321 τέλους
3339 264 3533 332 χωρεῖ.

285 366 301 396 ι
338 346 643 412 Αὐξάνεσθε
685 349 777 401 καὶ
808 346 1162 420 πληθύνεσθε.
1200 367 1219 400 ι

357 456 374 487 ι
412 438 676 504 Crescite,
718 457 736 491 ι
772 440 972 510 inquit,
1007 456 1076 496 ne
1108 440 1161 495 in
1195 456 1303 496 uno
1350 454 1565 509 semper
1599 448 1739 496 statu
1772 454 1830 493 re

2037 457 2054 490 ι
2091 438 2416 504 Αὐξάνεσθε,
2451 459 2470 493 ι
2506 440 2592 495 ἵνα
2624 442 2698 512 μὴ
2723 441 2779 495 ἐν
2804 440 2885 493 ὲνί
2910 440 3229 514 περιορισθῇ
3263 443 3297 513 ή
3326 443 3533 507 κτίσις·

278 540 681 597 permanerent.
701 529 766 583 Et
785 549 805 583 ‹
828 531 1291 601 multiplicamini,
1316 549 1334 582 ι
1362 547 1428 585 ne
1444 531 1498 584 in
1515 545 1625 585 uno
1647 537 1857 583 tantum

277 618 663 684 consisterent,
712 618 804 673 sed
858 634 1085 674 numero
1137 628 1583 689 propagarentur.
1631 637 1647 669 ι
1683 618 1747 672 Et
1773 631 1860 672 re-

279 712 421 779 plete
458 718 683 764 terram.
719 729 737 762 ι
775 709 1019 781 Replete,
1055 712 1301 781 inquam,
1334 726 1442 765 non
1473 710 1809 765 habitatione
1840 726 1853 762 :

279 801 443 856 nimls
479 802 624 856 enim
661 809 890 871 anguste
919 802 1262 871 degeremus,
1298 804 1343 858 si
1382 811 1493 858 tata
1534 817 1564 856 a
1595 802 1752 857 nobis
1784 801 1859 854 ita

276 901 419 946 terra
492 892 857 960 compleretur
893 912 905 947 :
942 893 1036 947 sed
1100 893 1373 964 imperio,
1450 903 1505 948 et
1551 900 1854 964 potestate,

277 996 435 1049 quam
490 983 648 1037 nobis
696 983 752 1037 in
786 984 899 1052 ipsa
936 993 1080 1039 terra
1116 985 1340 1041 donavit
1369 984 1534 1041 Deus.
1581 1005 1601 1038 ι
1624 985 1858 1055 'Replete

278 1082 500 1128 terram.
535 1094 553 1126 ι
605 1073 721 1129 Non
754 1076 941 1145 utique
973 1091 1078 1145 qua
1109 1086 1263 1146 parte
1290 1078 1461 1132 nimio
1491 1079 1624 1134 solis
1662 1077 1857 1132 ardore

276 1166 563 1221 combusta
611 1174 718 1232 est,
754 1182 854 1221 nec
886 1167 978 1221 ubi
1012 1168 1189 1237 glacie
1242 1168 1619 1239 immensoque
1657 1168 1858 1239 frigore

276 1256 540 1326 obriguit.
604 1255 714 1311 llas
772 1257 917 1311 enim
980 1259 1266 1329 regiones,
1330 1275 1439 1314 non
1470 1261 1651 1329 coegit
1711 1260 1856 1315 Deus

276 1348 549 1411 homines,
601 1355 660 1402 ut
693 1349 994 1403 incolerent
1029 1368 1042 1403 :
1078 1351 1170 1404 sed
1225 1364 1326 1406 nos
1360 1350 1612 1405 dominos
1651 1351 1855 1405 consti-

276 1439 404 1501 tuit,
442 1422 499 1491 ut
525 1445 726 1491 terram
761 1454 975 1492 onmem
1012 1439 1241 1509 imperio
1274 1441 1628 1510 repleremus.
1664 1440 1856 1497 Nonne

279 1528 553 1596 replemus
586 1542 727 1592 eam,
775 1527 995 1597 quando
1025 1528 1239 1582 ratione
1271 1528 1601 1584 dimetienda
1651 1543 1854 1599 cogno-

279 1620 506 1686 scimus,
555 1630 757 1689 quanta
806 1621 877 1674 sit
916 1621 1037 1689 ejus
1069 1636 1199 1690 pars
1229 1620 1414 1677 calore
1457 1629 1650 1676 exusta
1694 1631 1854 1691 atque

278 1711 674 1775 inhabitabilis,
717 1719 1030 1782 quantaque
1068 1711 1134 1766 ad
1176 1711 1398 1766 boream
1430 1712 1697 1782 exposita,
1734 1728 1853 1783 qua:

280 1808 503 1870 propter
557 1801 816 1872 frigorum
872 1801 980 1855 vim
1040 1801 1252 1856 inutilis
1317 1810 1420 1866 est,
1482 1812 1538 1857 et
1584 1804 1685 1857 coli
1744 1818 1851 1857 non

277 1896 455 1955 potest
487 1908 499 1943 :
536 1904 720 1945 nonne
758 1898 959 1945 terram
991 1876 1363 1960 replevimas?
1393 1889 1587 1946 Nonne
1616 1891 1763 1963 quod
1798 1893 1851 1947 in

275 1992 335 2031 ea
376 1980 508 2035 utile
536 1988 678 2043 erat,
710 1980 995 2051 elegimus,
1031 1982 1178 2053 quod
1209 1989 1391 2037 autem
1441 1983 1509 2037 ad
1545 1984 1852 2059 transigen-

275 2066 400 2120 dam
426 2070 590 2123 vitam
630 2069 843 2137 inutile,
877 2072 1223 2140 abjecimus?
1266 2072 1526 2138 Dicendo,
1564 2091 1584 2125 ι
1634 2073 1854 2144 Replete

278 2172 503 2226 terram,
543 2180 560 2212 ι
594 2176 695 2216 nos
718 2169 880 2217 teme
911 2163 1162 2220 dominos
1197 2165 1486 2221 constituit
1526 2164 1688 2220 Deus.
1721 2164 1851 2230 Nec,

275 2252 403 2322 quia
436 2252 704 2307 universae
736 2266 897 2306 usum
930 2267 1040 2308 non
1062 2253 1350 2320 habemus,
1378 2253 1502 2309 ideo
1530 2270 1640 2309 non
1665 2270 1854 2310 sumus

278 2341 428 2398 illius
486 2342 714 2397 demitti.
776 2341 963 2414 Neque
1016 2352 1078 2399 tu
1131 2344 1303 2400 totius
1362 2344 1657 2410 frumenti,
1709 2346 1854 2415 quod

274 2433 485 2497 emisti,
544 2434 750 2490 idcirco
796 2449 905 2489 non
957 2451 1016 2491 es
1077 2436 1352 2499 dominus,
1413 2418 1672 2507 quoniam
1726 2451 1854 2506 pars

272 2526 392 2593 ejus
420 2533 503 2580 est
538 2527 603 2580 ad
645 2526 1041 2582 comedendum
1070 2528 1240 2593 utilis,
1284 2543 1415 2596 pars
1450 2528 1682 2585 inutilis.
1711 2527 1853 2583 Sor-

278 2619 397 2682 des,
449 2619 684 2688 lapides,
717 2600 926 2689 paleas,
976 2627 1031 2675 et
1070 2620 1116 2674 si
1163 2619 1295 2689 quid
1348 2618 1516 2685 aliud,
1569 2635 1677 2690 quo
1708 2619 1854 2676 vesci

274 2711 560 2765 commode
611 2726 888 2781 nequeas,
944 2712 1249 2766 immixtum
1309 2720 1431 2777 est,
1495 2713 1748 2769 excernis
1799 2720 1855 2769 et

279 2800 494 2868 abjicis,
528 2801 675 2870 quod
713 2810 893 2856 autem
925 2814 1123 2872 purum
1166 2808 1249 2857 est
1279 2802 1486 2873 seligis,
1520 2810 1573 2857 et
1597 2803 1662 2857 ad
1694 2818 1852 2859 usum

271 2903 325 2945 et
360 2893 563 2947 victum
616 2908 868 2948 reservas
915 2902 1088 2947 tuum.
1139 2893 1230 2948 Sic
1281 2900 1429 2948 terra
1463 2894 1621 2950 nobis
1650 2895 1852 2950 donata

271 2990 377 3047 est,
410 2983 611 3053 partim
662 2984 727 3037 ad
773 2984 1131 3038 habitandum
1185 2985 1492 3049 commoda,
1542 2988 1736 3055 partim
1785 2988 1851 3041 ad

1968 547 1986 580 ι
2023 528 2379 600 πληθύνεσθε,
2418 550 2436 584 ι
2472 531 2558 585 ῐνα
2582 532 2656 603 μὴ
2681 533 2760 596 εἰς
2790 532 2870 596 ἓν,
2898 533 3031 587 ἀλλὰ
3056 534 3149 587 καί
3172 534 3252 597 είς
3275 532 3532 598 πολλοὺς.

1966 638 1986 671 ι
2034 622 2144 674 Kal
2176 621 2498 693 πληρώσατε
2532 624 2631 694 τήν
2668 625 2771 695 γῆν
2794 641 2810 657 ·
2856 644 2877 677 ›
2920 625 3243 696 πληρώσατε
3271 626 3330 680 δέ
3368 627 3555 698 οὐητῇ

1960 714 2272 783 κατοικήσει
2293 731 2306 745 ⁸
2336 712 2478 768 οὕτω
2502 714 2611 787 γὰρ
2642 715 2707 770 ἂν
2748 717 3260 789 ἐστενοχωρήθημεν
3294 718 3532 783 ζῶντες,

1959 805 2009 857 εἰ
2036 796 2271 876 τοσαύτη
2298 799 2367 876 ἦν
2396 807 2428 877 ή
2457 807 2526 877 γῆ
2566 808 2663 878 ὅση
2705 809 2852 878 ἡμᾶς
2878 809 3167 879 ἐκμετρεῦ
3221 809 3357 862 ἀλλὰ
3387 808 3535 880 πλη·-

1962 894 2171 966 ρώσατε
2201 900 2267 967 τῇ
2308 896 2545 968 ἐξουσίᾳ.
2597 899 2757 968 Ἦμῖν
2799 898 2909 969 γὰρ
2965 899 3236 971 κυρίευμα
3280 900 3381 969 τῆς
3423 899 3535 969 γῆς

1958 987 2144 1042 ἔδωκε.
2184 1006 2203 1039 r
2239 986 2570 1060 Πληρὼσατε
2608 990 2706 1060 τὴν
2733 991 2859 1060 γῆν.
2904 1010 2923 1043 ι
2958 992 3031 1044 Οὐ
3073 992 3244 1062 δήπου
3274 991 3371 1044 καὶ
3405 991 3536 1045 ταῦ-

1958 1095 2056 1150 την
2117 1079 2170 1130 οἱ
2217 1078 2493 1151 ἄνθρωποι
2542 1081 2664 1135 κατ’
2708 1080 2955 1152 ἀνάγκην
3010 1082 3340 1153 πληροῦσιν,
3390 1082 3533 1135 ἀλλὰ

1957 1167 2179 1237 κυρίους
2203 1168 2350 1239 ἡμᾶς
2371 1169 2598 1239 ’ἐποίησε
2627 1170 2890 1242 πληροῦν,
2918 1171 3012 1224 καὶ
3042 1171 3357 1242 πληροῦμεν
3384 1172 3534 1225 ἐκεί-

1957 1276 2055 1330 νην
2089 1259 2166 1330 τῷ
2188 1261 2461 1332 λογισμῷ.
2511 1263 2680 1316 Ὅταν
2719 1263 2948 1334 εἰδῶμεν
2984 1264 3149 1317 πόσον
3184 1263 3379 1335 μέτρον
3429 1263 3534 1334 τῆς

1954 1349 2387 1422 διακεκαυμένης
2412 1351 2507 1406 καὶ
2532 1355 2788 1424 ἀοικήτου
2808 1370 2821 1383 °
2855 1355 2982 1408 ὅταν
3004 1355 3234 1425 εἰδῶμεν
3264 1356 3433 1409 πόσον
3470 1356 3535 1408 τὸ

1956 1436 2126 1507 κλίμα
2164 1439 2224 1490 τὸ
2273 1437 2502 1509 βόρειον,
2548 1441 2576 1494 ὂ
2609 1440 2698 1495 διὰ
2740 1441 2838 1514 τὴν
2887 1442 3326 1515 ὑπερϐάλλουσαν
3368 1443 3533 1512 ψύξιν

1957 1526 2305 1599 ἀγεώργητόν
2339 1530 2456 1582 ἐστι
2489 1530 2582 1585 καὶ
2622 1531 2924 1602 ἄχρηστον,
2964 1532 3084 1604 οὐχὶ
3124 1530 3532 1608 ἐπληρώσαμεν

1956 1619 2054 1690 τὴν
2081 1620 2185 1689 γῆν
2207 1637 2221 1684 ;
2246 1620 2321 1672 Οὐ
2344 1621 2405 1674 τὸ
2434 1623 2701 1694 χρήσιμον
2721 1623 3089 1694 ἐκλεξάμενοι,
3114 1624 3175 1678 τὸ
3201 1627 3324 1679 ὅσον
3352 1625 3533 1697 ἄχρη-

1958 1728 2081 1764 στον
2118 1712 2197 1775 εἰς
2225 1713 2501 1784 διαγωγὴν
2536 1714 2842 1786 ἀνθρώποις
2882 1715 3355 1787 ἀπεπεμψάμεθα;
3384 1716 3530 1771 ὥστε

1960 1820 1979 1853 σ
2028 1800 2357 1873 Πληρὼσατε
2406 1803 2504 1875 τὴν
2539 1805 2664 1876 γῆν,
2728 1826 2747 1858 ι
2797 1807 3017 1878 κυρίους
3051 1810 3199 1878 ἡμᾶς
3245 1811 3525 1881 ἐποίησεν.

1955 1894 2069 1946 Οὐκ
2102 1894 2289 1965 ἐπειδὴ
2323 1895 2503 1965 πάσης
2532 1897 2633 1950 οὐκ
2658 1896 2853 1968 ἔχομεν
2894 1898 2993 1970 τὴν
3020 1900 3216 1971 χρῆσιν
3234 1941 3249 1965 ,
3276 1901 3378 1956 οὐκ
3403 1902 3529 1973 ἔχο-

1958 1997 2057 2048 μεν
2087 1981 2268 2052 πάσης
2292 1983 2353 2035 τὸ
2377 1985 2671 2055 κυριεύειν.
2705 1988 2841 2040 Οὐδὲ
2869 1988 2977 2059 γὰρ
3006 1990 3070 2042 σὺ
3099 1990 3190 2044 τὸν
3223 1992 3366 2045 σῖτον
3394 1994 3527 2061 ἀγο-

1956 2072 2146 2140 ράσας,
2171 2074 2271 2125 οὐκ
2299 2068 2349 2125 εί
2376 2074 2470 2126 τοῦ
2502 2076 2702 2139 παντὸς
2740 2077 2948 2148 κύριος,
2985 2079 3170 2151 ἐπειδὴ
3197 2082 3254 2133 ἐν
3283 2082 3361 2151 τῷ
3391 2083 3527 2154 σίτῳ

1953 2160 2015 2213 τὸ
2061 2162 2157 2231 μὲν
2203 2163 2490 2236 ἐδώδιμον,
2522 2167 2582 2220 τδ
2625 2168 2682 2221 δὲ
2725 2168 3195 2241 ἀποῤῥιπτόμενον
3238 2172 3403 2243 ἔχεις.
3446 2166 3528 2229 Ἦ

1953 2253 2078 2314 τοὺς
2110 2251 2289 2318 λίθους
2322 2255 2418 2325 μὲν
2455 2257 2529 2320 ὡς
2572 2258 2876 2330 ἀχρήστους
2915 2261 3310 2332 ἀπορρίπτεις,
3346 2264 3442 2318 καὶ
3473 2266 3530 2321 ει

1952 2359 2004 2396 τι
2032 2343 2159 2399 ἄλλο
2187 2347 2545 2416 ἐπιμέμικται
2584 2349 2718 2419 πρὸς
2754 2349 2956 2421 βρῶσιν
2999 2353 3395 2424 ἀνεπιτήδειον,
3429 2358 3526 2411 καὶ

1954 2430 2014 2482 τὸ
2036 2431 2233 2501 ἄχυρον
2263 2433 2617 2503 ἀποφυσήσας
2645 2437 2820 2491 καὶτὸ
2843 2436 3081 2502 ζιζάνιον
3109 2440 3433 2513 ἀποκρίνας,
3463 2444 3526 2497 τὸ

1955 2521 2076 2574 ὅσον
2113 2517 2350 2593 καθαρὸν
2403 2524 2538 2595 πρὸς
2578 2525 2675 2596 τὴν
2723 2528 2816 2581 τοῦ
2872 2528 2987 2599 βίου
3035 2529 3326 2599 σύστασιν,
3369 2533 3526 2588 τοῦτο

1954 2609 2329 2681 ἐκλεξάμενος.
2354 2612 2541 2678 Οὕτως
2559 2616 2789 2689 τοίνυνή
2822 2619 2892 2689 γῆ
2914 2621 2946 2690 ή
2976 2620 3075 2691 μέν
3099 2622 3364 2696 ἐχαρίσθη
3388 2624 3526 2696 πρὸς

1953 2701 2165 2769 οἴκησιν
2194 2702 2533 2773 ἐπιτηδείων,
2569 2706 2602 2775 ή
2634 2705 2880 2776 βελτίων·
2918 2710 2951 2779 ή
2981 2708 3038 2762 δέ
3072 2711 3210 2781 πρὸς
3247 2713 3523 2783 γεωργίαν

1954 2791 2246 2860 ἀναγκαία,
2312 2794 2445 2866 άλλη
2507 2797 2644 2866 πρὸς
2701 2797 2953 2870 βόσκημα
3014 2800 3123 2854 τῶν
3178 2804 3525 2875 τετραπόδων

1953 2881 2160 2953 ἀνείθη.
2211 2883 2347 2937 Εἰπέ
2402 2902 2512 2955 μοι,
2572 2886 2687 2940 ἔστι
2740 2887 3089 2955 διατάξασθαι
3144 2891 3173 2944 δ
3227 2890 3524 2965 βούλομαι,

1954 2974 2141 3045 ἐπειδὴ
2179 2976 2379 3044 γέγονα
2420 2978 2609 3049 κύριος
2647 2978 2788 3033 κατὰ
2831 2980 2928 3052 τὴν
2976 2981 3070 3036 τοῦ
3116 2983 3388 3039 Δεσπότου
3427 2985 3525 3038 τοῦ

273 3073 536 3127 arandum
573 3072 979 3144 colendumque
1026 3073 1359 3140 necessaria,
1406 3074 1602 3143 partim
1643 3073 1707 3128 ad
1758 3089 1831 3144 par

1991 3067 2235 3131 τίσαντός
2278 3085 2345 3139 με
2387 3069 2624 3140 δωρεάν;
2668 3092 2686 3125 ι
2737 3074 2848 3127 Καὶ
2885 3073 3209 3145 πληρώσατε
3251 3074 3349 3146 τὴν
3396 3077 3523 3147 γῆν,

272 3165 504 3220 scendas
548 3163 930 3232 quadrupedes
979 3172 1128 3232 apta.
1168 3161 1265 3217 Dic
1305 3163 1459 3227 mihi,
1496 3178 1676 3219 nonne
1719 3180 1847 3235 pos-

272 3273 393 3317 sum
423 3257 694 3311 arbitratu
719 3270 839 3309 meo
878 3264 1084 3309 terram
1116 3254 1429 3325 disponere,
1473 3254 1693 3324 quando
1729 3271 1849 3309 mu-

277 3365 408 3405 nere
442 3349 612 3412 illius,
651 3349 744 3419 qui
778 3364 865 3403 me
900 3347 1229 3417 procreavit,
1276 3346 1532 3401 dominus
1572 3346 1692 3417 ejus
1726 3358 1849 3401 sum

271 3438 653 3496 constitutus?
705 3456 723 3489 ‹
756 3438 821 3492 Et
853 3438 1035 3509 praesit
1079 3436 1321 3507 piscibus
1351 3436 1539 3500 maris,
1574 3446 1626 3492 et
1659 3437 1849 3492 bestiis

271 3542 452 3587 terrae.
476 3550 495 3584 ι
530 3529 607 3585 lta
638 3530 799 3586 nobis
825 3528 1103 3585 benedixit
1135 3526 1301 3592 Deus,
1331 3526 1472 3580 hanc
1497 3526 1670 3597 legem
1700 3526 1844 3589 tulit,

272 3624 412 3678 lianc
443 3621 674 3694 largitus
704 3628 790 3676 est
820 3619 1159 3691 dignitatem.
1190 3637 1211 3670 ι
1246 3617 1312 3671 Et
1349 3617 1474 3672 fecit
1498 3617 1640 3673 Deus
1672 3617 1849 3673 homi-

270 3732 393 3771 nem
426 3733 440 3769 :
475 3714 545 3769 ad
586 3714 877 3785 imaginem
923 3726 1077 3769 suam
1100 3710 1238 3766 ‘fecit
1284 3726 1430 3766 eum.
1477 3728 1497 3761 ι
1526 3708 1713 3764 Nonne
1748 3709 1845 3763 de-

272 3807 722 3861 monstrationem
756 3805 896 3858 hanc
920 3819 1043 3859 esse
1072 3817 1323 3857 mancam
1358 3800 1511 3857 vobis
1535 3799 1848 3855 declaravi?

274 3917 295 3950 ε
319 3896 609 3951 Faciamus
639 3894 916 3949 hominem
938 3893 1015 3947 ad
1036 3894 1326 3963 imaginem
1346 3901 1399 3946 et
1428 3891 1842 3947 similitudinem

270 3994 537 4043 nostram.
568 4004 587 4037 ι
613 3983 790 4039 Unum
819 3983 986 4037 habet
1008 3985 1340 4053 procreatio,
1364 3983 1432 4037 ad
1449 4002 1468 4034 ι
1491 3983 1838 4053 imaginem,»

268 4076 532 4165 numquid
569 4077 797 4130 alterum
832 4074 1017 4137 deest,
1054 4074 1118 4129 ad
1161 4092 1180 4125 ι
1234 4074 1668 4130 similitudinem.
1707 4092 1726 4124 ι
1763 4075 1843 4127 An

269 4170 427 4223 aliter
455 4167 718 4231 decrevit,
753 4166 914 4221 aliter
959 4165 1131 4221 fecit?
1159 4165 1436 4235 Numquid
1466 4181 1590 4222 eum
1621 4167 1677 4219 in
1712 4181 1841 4236 pro-

268 4268 506 4314 ereanao
556 4256 850 4327 ι)ωηὶιυίιί
875 4257 957 4310 An
1004 4262 1095 4311 est
1144 4254 1435 4311 infirmitas
1488 4256 1544 4309 in
1587 4270 1845 4325 procrea-

1953 3160 2045 3211 καὶ
2107 3160 2302 3231 ἄρχετε
2352 3162 2458 3215 τῶν
2527 3163 2722 3234 ἰχθύων
2773 3167 2872 3237 τῆς
2916 3165 3219 3237 θαλάσσης,
3271 3167 3366 3220 καὶ
3415 3167 3525 3220 τῶν

1952 3248 2212 3301 πετεινῶν
2257 3251 2351 3303 τοῦ
2392 3253 2644 3322 οὐρανοῦ,
2690 3254 2923 3308 καὶτῶν
2952 3255 3155 3326 θηρίων
3197 3256 3296 3325 τῆς
3333 3257 3456 3327 γῆς·
3496 3277 3520 3309 ³

1948 3336 2094 3408 Αὕτη
2133 3339 2317 3394 λοιπὸν
2345 3342 2581 3411 εὐλογία,
2618 3343 2757 3414 αὕτη
2776 3344 3086 3414 νομοθεσία,
3124 3344 3282 3399 τοῦτο
3303 3346 3522 3419 ἀξίωμα

1947 3432 2007 3484 τὸ
2056 3431 2334 3503 δεδομένον
2393 3436 2525 3504 ἡμῖν
2576 3434 2726 3505 παρὰ
2767 3433 2924 3488 Θεοῦ.
2982 3454 3001 3487 ι
3042 3436 3152 3488 Καὶ
3186 3434 3445 3507 ἐποίησεν
3491 3436 3522 3488 ό

1948 3524 2080 3588 Θεὸς
2107 3525 2197 3580 τὸν
2233 3525 2537 3597 ἄνθρωπον·
2573 3526 2693 3580 κατ’
2739 3525 2923 3580 είκόνα
2961 3525 3099 3579 Θεοῦ
3137 3526 3393 3597 ἐποίησεν
3422 3526 3524 3582 αι’.-

1947 3614 2056 3668 τόν.
2085 3634 2103 3665 ι
2126 3613 2193 3670 1Ἃ
2205 3635 2269 3689 ρα
2288 3620 2383 3673 οὐκ
2403 3617 2724 3691 ἐπεσημήνω
2743 3616 2822 3671 ὅτι
2847 3613 3063 3687 ἐλλιπὴς
3081 3612 3146 3689 ἦν
3169 3619 3201 3687 ἡ
3224 3616 3520 3685 ἀπόδειξιςς

1953 3726 1972 3757 ι
2028 3708 2347 3778 Ποιήσωμεν
2379 3708 2662 3781 ἄνθρωπον
2714 3706 2834 3759 κατ’
2871 3706 3053 3760 εἰκόνα
3100 3708 3374 3780 ἡμετέραν
3425 3709 3520 3765 καὶ

1947 3798 2067 3852 καθ’
2101 3799 2377 3869 ὁμοίωσιν.
2414 3819 2432 3850 ι
2479 3801 2541 3852 Ἥ
2588 3798 2751 3869 βουλὴ
2783 3795 2876 3851 δύο
2909 3791 3042 3867 εἶχε,
3080 3816 3098 3849 ι
3131 3798 3516 3866 κατέίκόνα,›

1947 3891 2036 3946 καί
2059 3911 2077 3943 ι
2107 3892 2556 3962 καθ’όμοίωσιν.»
2581 3893 2645 3945 Ἡ
2669 3892 2995 3962 δημιουργία
3028 3891 3086 3944 ἓν
3119 3891 3249 3961 ἔχει.
3285 3893 3378 3963 Μὴ
3422 3892 3519 3947 ἄλ·-

1946 3982 2052 4045 λως
2081 3981 2343 4053 ἐϐουλήθη
2383 3983 2476 4035 καὶ
2508 3982 2681 4046 ἄλλως
2714 3982 3205 4052 μετεϐουλεύσατο;
3242 3982 3316 4053 μὴ
3348 4000 3519 4054 μετα-

1949 4073 2137 4142 μέλειά
2166 4090 2249 4136 τις
2283 4074 2341 4127 ἐν
2371 4075 2437 4143 τῇ
2481 4073 2654 4126 κτίσει
2696 4062 3170 4144 παρηκολούθησες
3210 4072 3285 4143 μὴ
3329 4070 3517 4127 ἀτονία

1944 4167 2037 4220 τοῦ
2057 4166 2336 4228 κτίσαντος
2361 4164 2494 4220 ἄλλα
2512 4163 2872 4233 προελομένου
2895 4164 2989 4217 καὶ
3009 4163 3142 4218 ἄλλα
3164 4163 3518 4233 ποιήσαντος;

1945 4256 2003 4327 ἦέ
2031 4253 2315 4325 ἀδολεσχία
2341 4256 2397 4308 ἐν
2433 4256 2544 4314 τοῖς
2571 4252 2791 4319 λόγοις;
2826 4251 2979 4321 Τάχα
3016 4251 3125 4322 γὰρ
3160 4250 3319 4305 τοῦτο
3344 4250 3516 4319 λέγει,

269 4351 437 4414 tione,
466 4354 527 4404 ut
566 4348 712 4403 aliud
741 4347 1102 4414 consuluerit,
1143 4346 1287 4401 aliud
1328 4344 1607 4402 effecerit?
1634 4347 1717 4402 An
1756 4357 1831 4403 est

2005 4347 2328 4416 Ποιήσωμεν
2361 4344 2643 4415 ἄνθρωπον
2671 4342 2788 4396 κατ’
2822 4342 3005 4395 εἰκόνα
3030 4341 3124 4396 καὶ
3159 4340 3281 4394 καθ’
3315 4341 3519 4410 ὁμοίω-

268 4442 325 4495 in
356 4453 607 4495 sermone
637 4437 983 4507 nugatorium
1010 4436 1237 4506 aliquid,
1261 4446 1315 4491 et
1337 4440 1831 4506 supervacaneum?

1990 4456 2045 4492 .v.
2082 4457 2099 4490 ι
2127 4412 2319 4490 Ἐἰπὼν
2347 4412 2506 4505 γὰρ’(
2547 4433 2664 4487 κατ’
2683 4433 2889 4496 εἰκόνα,
2922 4451 2940 4485 ι
2969 4431 3161 4485 οὐκοῦν
3183 4427 3302 4484 εἶπε
3335 4449 3355 4481 ι
3394 4430 3515 4483 καθ’

270 4540 330 4587 ut
353 4530 495 4585 idem
516 4528 751 4583 fortasse
765 4527 856 4594 sit,
884 4545 904 4578 ι
928 4510 1216 4583 Faciamus
1236 4526 1510 4583 hominem
1545 4528 1614 4582 ad
1642 4529 1836 4600 imagi-

260 4631 425 4687 nem,
453 4626 546 4690 net
566 4636 584 4669 ι
608 4617 885 4674 Faciamus
905 4617 971 4673 ad
1012 4616 1420 4671 similitudinem
1452 4637 1464 4672 :
1503 4637 1521 4669 ι
1557 4625 1611 4673 et
1643 4620 1735 4689 qui
1766 4619 1833 4674 ad

264 4708 557 4778 imaginem
587 4705 749 4775 dixit,
781 4706 847 4763 ad
881 4706 1294 4763 similitudinem
1326 4707 1533 4765 dixisse
1564 4709 1833 4766 videatur.

265 4801 335 4853 At
363 4800 408 4854 si
444 4799 548 4854 hoc
576 4798 740 4854 modo
772 4799 1220 4867 intellexerimus,
1250 4800 1570 4870 scriptorem
1609 4816 1835 4857 accusa-

266 4892 471 4947 bimus.
531 4891 743 4948 Etenim
801 4893 849 4947 si
892 4892 974 4948 sic
1026 4892 1208 4957 habet,
1252 4907 1357 4947 vox
1393 4901 1585 4958 vacat,
1640 4902 1696 4948 et
1750 4895 1835 4950 bis

267 4980 408 5037 idem
459 4982 704 5053 ponitur.
749 4980 944 5039 Dicere
994 4992 1174 5038 autem
1223 4983 1451 5039 verbum
1500 4984 1720 5053 aliquod
1781 4988 1833 5040 in

1940 4530 2219 4601 ὁμοίωσιν.
2267 4548 2286 4581 ι
2328 4528 2506 4597 Ὅπερ
2553 4525 2617 4579 ἂν
2659 4524 3023 4595 ἐκλεξὼμεθα,
3062 4523 3516 4594 κατηγορήσομεν

1942 4621 2034 4676 τοῦ
2068 4619 2473 4693 γεγραμμένου,
2510 4616 2634 4671 Εἴτε
2681 4617 2790 4688 γὰρ
2836 4615 2991 4670 τοῦτο
3020 4614 3199 4683 λέγει,
3239 4613 3515 4685 παρέλκον

1942 4714 2058 4767 ἐστὶ
2085 4713 2168 4776 δὶς
2198 4711 2268 4765 τὰ
2296 4709 2435 4764 αὐτὰ
2468 4711 2669 4778 λέγειν.
2705 4708 2901 4779 ’Λργδν
2945 4707 3093 4778 ρἧα
3131 4709 3188 4761 ἐν
3214 4709 3283 4778 τῇ
3316 4706 3510 4777 Γραφῇ

1941 4807 2139 4874 λέγειν,
2189 4802 2502 4874 βλασφημία
2534 4801 2702 4871 δεινή.
2745 4799 2904 4853 Ἀλλὰ
2936 4799 3041 4870 μὴν
3071 4799 3172 4852 οὐκ
3203 4797 3512 4869 ἀργολογεῖ.

1942 4892 2150 4948 Οὐκοῦν
2187 4890 2475 4959 ἀναγκαῖόν
2510 4891 2624 4943 ἐστι
2669 4888 2920 4958 γενέσθαι
2956 4888 3240 4961 ἄνθρωπον
3272 4887 3396 4942 κατ’
3434 4888 3519 4941 εἰ·

1944 4987 2074 5041 κύνα
2099 4985 2192 5038 καὶ
2223 4982 2342 5037 καθ’
2368 4981 2646 5054 ὁμοίωσιν.

266 5071 540 5143 Scriptum
596 5071 926 5138 redundare,
983 5081 1067 5127 est
1124 5087 1289 5144 grave
1344 5073 1522 5129 nefas.
1565 5074 1721 5139 Quod
1756 5078 1800 5130 si
1849 5076 1985 5135 nihil
2027 5074 2313 5137 redundat,
2353 5073 2490 5127 nihil
2534 5080 2616 5127 est
2667 5073 2849 5137 inane,
2892 5072 3029 5128 ntltil
3076 5080 3515 5144 supervacuum:

265 5179 394 5235 ergo
435 5178 660 5221 necesse
705 5172 790 5221 est
818 5163 1094 5218 hominem
1127 5178 1252 5218 esse
1299 5162 1506 5219 factum
1536 5164 1602 5218 ad
1638 5167 1926 5240 imaginem
1975 5176 2031 5225 et
2063 5165 2473 5222 similitudinem
2509 5162 2622 5219 Dei.

334 5261 445 5315 Cur
476 5259 641 5330 igitur
670 5274 779 5314 non
807 5259 945 5314 dixit
974 5277 988 5315 :
1016 5258 1081 5312 Et
1112 5258 1241 5313 fecit
1275 5257 1418 5314 Deus
1450 5259 1728 5317 hominem
1766 5263 1831 5317 ad

265 5351 554 5419 imaginem
594 5358 648 5406 et
673 5350 1092 5406 similitudinem
1124 5350 1324 5406 suam?
1352 5350 1539 5417 Quid?
1591 5368 1703 5408 non
1736 5369 1832 5423 po-

266 5442 371 5496 tuit
397 5439 670 5498 fortasse?
697 5441 927 5511 impium
958 5449 1043 5495 est
1072 5441 1126 5495 id
1174 5440 1378 5498 dicere.
1426 5441 1642 5498 Decreti
1698 5460 1830 5500 num

262 5530 554 5604 paenituit?
606 5528 874 5586 nefarium
934 5529 1081 5588 istud
1116 5529 1199 5588 vel
1237 5531 1500 5603 cogitare.
1550 5531 1828 5606 Numquid

1990 5260 2110 5315 ιΔιὰ
2141 5259 2194 5311 τί
2219 5260 2319 5313 οὑκ
2350 5258 2657 5311 ἀποδίδοται
2687 5256 2723 5310 ἃ
2760 5256 3071 5327 ὴῦουλήθης
3101 5255 3191 5309 διὰ
3222 5257 3278 5309 τί
3302 5257 3407 5311 οὐκ
3438 5257 3521 5311 εἶ-

1943 5369 2122 5423 ρηται,
2147 5351 2258 5405 Καὶ
2284 5348 2540 5419 ἐποίησεν
2558 5349 2587 5400 ό
2612 5348 2742 5411 Θεὸς
2766 5348 2856 5401 τὸν
2876 5347 3159 5419 ἄνθρωπον
3188 5349 3309 5401 κατ’
3330 5350 3519 5403 εἰκόνα

1938 5443 2072 5496 Θεοῦ
2119 5443 2212 5496 καὶ
2244 5440 2366 5496 καθ’
2408 5437 2687 5510 ὁμοίωσιν.
2734 5440 3023 5510 Ἠτόνησεν
3059 5441 3087 5491 ό
3145 5438 3351 5506 ποιῶν;
3391 5441 3523 5495 ἀσε-

1940 5531 2087 5603 ϐὴςό
2124 5531 2300 5600 λόγος.
2347 5528 2706 5600 Μετεμελήθη
2743 5529 2772 5580 ό
2803 5528 3199 5600 προπάσσωνς
3229 5528 3514 5585 ἀσεϐέστε-
