3794 6000
237 207 339 263 275

980 209 1046 264 IN
1081 210 1338 280 VERBA,
1380 213 1752 270 FACIAMUS
1803 211 2201 276 HOMINEM,
2242 212 2416 280 ETC.,
2460 212 2667 268 ORAT.
2708 213 2748 267 1.

3380 214 3486 268 2Ὶί

240 339 328 394 ρον
365 322 425 374 τὸ
463 321 774 391 ἐνθύμημα.
833 321 968 374 Ἀλλ’
1003 321 1122 379 εἷπε
1163 327 1257 380 καὶ
1311 330 1804 398 μετεϐουλεύσατος

1918 329 2066 390 dixit,
2103 337 2156 382 et
2205 328 2500 382 consilium
2554 327 2818 381 mutavit?
2881 325 3099 382 Minime
3144 342 3290 382 vero.
3350 326 3488 396 Ergo

239 412 332 466 υῦ.
374 410 510 464 Οὔτε
541 408 693 482 οὗνὴ
722 413 910 483 Γραφὴ
941 414 1099 468 τοῦτο
1123 415 1270 485 λέγει
1293 458 1308 484 ,
1342 418 1463 472 οὔτε
1493 424 1520 474 6
1543 423 1812 492 Δημιουρ-

238 503 328 569 γὸς
352 502 553 564 ἀτονεῖ,
587 501 712 554 οὔτε
737 504 770 572 η
802 497 965 574 βουλὴ
994 505 1331 579 ἐματαιώθη.
1365 511 1460 572 Τίς
1481 513 1509 563 6
1529 510 1683 579 λόγος
1713 515 1811 582 τῆς

240 594 486 660 σιωπῆςς
521 610 540 643 ι
578 594 901 664 Ποιήσωμεν
935 595 1219 666 ἄνθρωπον
1247 601 1367 652 κατ’
1395 601 1578 655 εἰκόνα
1619 605 1813 674 ἡμετέ-

242 699 337 752 ραν
366 683 462 734 καὶ
502 683 626 736 καθ’
653 684 934 754 ὁμοίωσιν.
970 706 989 738 ι
1026 688 1102 740 Τὸ
1130 691 1248 758 μὲν,
1292 695 1358 763 τῇ
1391 693 1564 746 κτίσει
1595 694 1808 765 ἔχομεν·

234 773 394 837 τὸδὲ,
429 775 493 827 ἐκ
545 776 917 846 προαιρέσεως
949 780 1340 852 κατορθοῦμεν.
1389 783 1475 837 Ἑν
1520 788 1587 856 τῇ
1624 785 1815 858 πρώτῃ

241 869 549 935 κατασκευῇ
579 868 915 938 συνυπάρχει
945 871 1076 940 ἡμῖν
1106 871 1172 923 τὸ
1211 872 1330 924 κατ’
1365 874 1548 927 εἰκόνα
1589 875 1815 946 γεγενῆ-

241 953 364 1006 σθαι
393 953 552 1006 Θεοῦ·
583 955 648 1008 ἐκ
674 956 1046 1027 προαιρέσεως
1068 961 1198 1029 ἡμῖν
1223 962 1579 1032 κατορθοῦται
1609 965 1670 1017 τὸ
1695 966 1812 1019 καθ’

238 1046 498 1114 ὁμοίωσιν
524 1043 662 1100 εἶναι
693 1048 851 1101 Θεοῦ.
888 1048 1056 1102 Τοῦτο
1087 1051 1142 1103 δὲ
1173 1052 1236 1103 τὸ
1285 1053 1426 1104 κατὰ
1475 1053 1815 1124 προαίρεσινζ

236 1135 470 1206 δυνάμει
499 1138 630 1207 ἡμῖν
661 1139 979 1210 ἐνυπάρχει’
1012 1142 1260 1212 ἐνεργείᾳ
1289 1143 1345 1196 δὲ
1378 1146 1592 1209 ἑαυτοῖς
1621 1149 1817 1217 ἐπάγο-

243 1243 364 1295 μεν.
403 1228 465 1279 Εἰ
499 1229 574 1298 μὴ
608 1229 896 1300 προλαϐὼν
931 1227 1081 1285 εἶπεν
1123 1235 1151 1285 ὁ
1194 1233 1394 1306 Κύριος
1440 1237 1612 1291 ποιῶν
1647 1240 1813 1309 ἡμᾶς,

245 1333 266 1366 ‹
295 1319 640 1388 Ποιήσωμεν,
670 1339 690 1370 ι
723 1322 815 1373 καὶ
844 1340 864 1374 ι
892 1321 1026 1375 Καθ’
1053 1324 1329 1394 ὁμοίωσιν,
1361 1347 1379 1378 ι
1415 1330 1464 1380 εἰ
1496 1332 1569 1400 μὴ
1598 1333 1696 1402 τὴν
1725 1333 1816 1386 τοῦ

241 1407 492 1472 γενέσθαι
523 1410 643 1462 καθ’
665 1412 926 1481 ὁμοίωσιν
954 1414 1180 1484 δύναμιν
1215 1419 1347 1488 ἡμῖν
1380 1419 1688 1492 ἐχαρίσατο,
1721 1425 1820 1476 οὐκ

241 1498 306 1550 ἂν
337 1502 403 1568 τῇ
425 1500 635 1552 ἑαυτῶν
663 1501 900 1574 ἐξουσίᾳ,
928 1504 1025 1575 τὴν
1047 1507 1181 1576 πρὸς
1205 1507 1336 1561 Θεὸν
1363 1511 1618 1580 ὁμοίωσιν
1632 1513 1818 1579 ἐδεξά-

244 1589 404 1657 μεθα.
439 1590 554 1643 Νῦν
588 1593 686 1661 μέν
719 1610 800 1646 τοι
836 1595 1064 1666 δυνάμει
1092 1599 1239 1667 ἡμᾶς
1272 1600 1527 1671 ἐποίησεν
1565 1604 1819 1672 ὁμοιωτι-

240 1682 367 1743 κοὺς
402 1682 558 1735 Θεοῦ.
587 1684 823 1754 Δύναμιν
851 1685 907 1738 δέ
935 1687 1058 1751 δοὺς
1087 1690 1224 1760 πρὸς
1252 1691 1313 1743 τὸ
1337 1693 1651 1762 ὁμοιοῦσθαι
1678 1696 1816 1767 Θεῷ,
1851 1674 1892 1728 Β

240 1771 454 1842 ἀφῆκεν
476 1775 624 1844 ἡμᾶς
645 1777 881 1846 ἐργάτας
899 1777 1035 1832 εἶναι
1053 1781 1150 1850 τῆς
1177 1782 1312 1853 πρὸς
1331 1784 1462 1836 Θεὸν
1488 1787 1816 1855 ὁμοιώσεως,

242 1862 327 1914 ἵνα
361 1862 592 1950 ἅγγελος
706 1867 804 1936 τῆς
844 1869 1108 1938 ἐργασίας
1155 1872 1376 1940 μισθὸς,
1412 1875 1498 1929 ἵνα
1528 1877 1602 1947 μὴ
1632 1877 1818 1950 ὥσπερ

239 1953 446 2016 εἰκόνες
471 1947 621 2024 ὦμεν
642 1956 794 2027 παρὰ
818 1958 1107 2029 ζωγράφου
1139 1962 1443 2033 γενόμεναι,
1476 1968 1600 2038 εἰκῆ
1630 1947 1816 2038 κείμελ-

239 2060 346 2105 ναι,
382 2045 470 2098 ἵνα
504 2045 578 2116 μὴ
609 2047 676 2100 τὰ
712 2049 811 2117 τῆς
841 2051 1115 2122 ἡμετέρας
1136 2054 1446 2123 ὁμοιώσεως
1501 2057 1642 2128 ἄλλῳ
1667 2059 1819 2113 ἔπαι-

239 2150 328 2188 νον
376 2137 539 2207 φέρῃ.
580 2138 750 2192 Ὅταν
791 2140 897 2212 γὰρ
929 2143 1029 2211 τὴν
1074 2145 1257 2198 εἰκόνα
1302 2145 1416 2217 ίδῃς
1442 2150 1687 2219 ἀκριϐῶς
1719 2169 1816 2220 με-

244 2229 612 2296 μορφωμένην
658 2230 796 2299 πρὸς
840 2229 903 2282 τὸ
946 2233 1324 2302 πρωτότυπον,
1369 2237 1430 2288 οὺ
1479 2239 1577 2309 τὴν
1634 2239 1817 2292 εἰκόνα

238 2320 482 2380 ἐπαινεξ
508 2360 525 2385 ,
549 2318 684 2373 ἀλλὰ
711 2321 800 2373 τὸν
824 2319 1112 2393 ζωγράφον
1145 2323 1466 2395 θαυμάζεις.
1498 2329 1617 2381 ’Ὶνα
1641 2329 1817 2383 τοίνυν

237 2409 296 2460 τὸ
321 2407 512 2479 θαῦμα
546 2409 677 2480 ἐμὸν
706 2410 928 2480 γένηται
961 2415 1053 2467 καὶ
1085 2417 1158 2486 μὴ
1192 2416 1490 2489 ἀλλότριον,
1519 2421 1642 2490 ἐμοὶ
1680 2439 1814 2474 κατ-

239 2500 391 2554 έλιπε
435 2501 498 2554 τὸ
534 2502 657 2555 καθ’
689 2503 946 2572 ὁμοίωσιν
981 2505 1114 2559 Θεοῦ
1149 2507 1420 2574 γενέσθαι.
1457 2510 1590 2562 Κατ’
1636 2510 1816 2563 εἰκόνα

236 2591 345 2662 γὰρ
370 2591 480 2661 ἔχω
500 2592 561 2644 τὸ
585 2591 803 2660 λογικὸς
821 2589 981 2657 εῖναι,
1003 2594 1125 2647 καθ’
1148 2596 1408 2666 ὁμοίωσιν
1430 2599 1486 2651 δὲ
1512 2598 1735 2669 γίνομαι
1759 2601 1816 2651 ἐν

234 2683 314 2752 τῷ
352 2683 677 2753 Χριστιανὸς
709 2683 979 2751 γενέσθαι.
1013 2686 1231 2739 Γίνεσθε
1260 2688 1452 2741 τέλειοι
1477 2689 1552 2751 ώς
1579 2691 1607 2740 ὁ
1631 2689 1816 2762 Πατὴρ

236 2774 266 2825 ὑ
274 2773 395 2842 μῶν
420 2775 448 2828 ὁ
467 2774 719 2844 οὐράνιος
747 2775 949 2839 τέλειός
973 2777 1141 2829 ἐστιν.
1174 2773 1327 2839 Εἶδες
1359 2777 1461 2830 ποῦ
1492 2779 1816 2835 ἀποδίδωσιν

234 2865 368 2934 ἡμῖν
398 2867 426 2917 6
450 2864 656 2934 Κύριος
677 2865 738 2918 τὸ
761 2866 883 2918 καθ’
903 2866 1158 2936 ὁμοίωσιν
1179 2884 1193 2933 ;
1221 2869 1342 2920 Ὅτι
1368 2869 1458 2922 τὸν
1481 2871 1629 2940 ἥλιον
1650 2871 1814 2925 αὑτοῦ

236 2954 522 3008 ἀνατέλλει
546 2955 640 3008 ἐπὶ
679 2956 948 3027 πονηροὺς
972 2959 1066 3008 καὶ
1091 2957 1348 3024 ἀγαθοὺς,
1369 2961 1472 3012 καὶ
1512 2959 1694 3030 βρέχει
1723 2963 1815 3014 ἐπὶ

234 3045 481 3108 δικαίους
508 3045 602 3097 καὶ
639 3043 876 3107 ἀδίκους.
915 3044 1038 3099 Ἐὰν
1067 3046 1200 3116 γένῃ
1231 3047 1609 3118 μισοπόνηρος,
1643 3051 1816 3121 ἀμνη-

238 3133 487 3197 σίκακος,
518 3132 592 3203 μὴ
616 3133 961 3203 μεμνημένος
982 3135 1080 3204 τῆς
1104 3135 1296 3204 χθιζῆς
1319 3135 1536 3208 ἔχθρας·
1569 3137 1662 3192 ἐὰν
1685 3138 1816 3212 γένῃ

237 3223 584 3292 φιλάδελφος,
608 3224 916 3295 συμπαθὴς,
947 3225 1230 3296 ὡμοιώθης
1251 3227 1388 3298 Θεῷ.
1424 3229 1546 3282 Ἐὰν
1574 3232 1716 3302 ἀφῇς
1739 3231 1817 3302 τῷ

234 3314 420 3386 ἐχθρῷ
459 3314 569 3367 ἀπὸ
601 3314 847 3383 καρδίας,
882 3315 1168 3388 ὡμοιώθης
1192 3316 1329 3387 Θεῷ.
1380 3317 1505 3372 Ἐὰν
1537 3315 1646 3382 οἷός
1670 3323 1816 3375 ἐστιν

237 3407 332 3458 ἐπὶ
357 3405 418 3456 σὲ
449 3404 541 3457 τὸν
582 3405 903 3476 ἁμαρτωλὸν
943 3409 971 3459 6
999 3407 1160 3474 Θεὸς,
1193 3409 1429 3473 τοιοῦτος
1452 3410 1584 3482 γένῃ
1609 3410 1701 3463 ἐπὶ
1725 3412 1816 3465 τὸν

237 3497 317 3558 εἰς
345 3495 408 3547 σὲ
442 3493 950 3565 πεπλημμεληκότα
984 3495 1232 3564 ἀδελφὸν,
1274 3501 1340 3568 τῇ
1394 3499 1527 3568 πρὸς
1563 3499 1652 3553 τὸν
1679 3500 1816 3572 πλη-

240 3584 354 3637 σίον
380 3583 754 3654 εὐσπλαγχνίᾳ
780 3583 1066 3655 ὡμοιώθης
1085 3585 1223 3654 Θεῷ,
1249 3585 1388 3639 ὥστε
1414 3588 1473 3639 τὸ
1495 3591 1612 3641 κατ’
1636 3590 1816 3643 εἰκόνα

241 3673 342 3742 μὲν
373 3673 542 3744 ἔχεις,
593 3675 658 3726 ἐκ
694 3673 788 3726 τοῦ
832 3674 1043 3744 λογικὸς
1086 3672 1247 3731 εἶναι·
1302 3679 1425 3732 καθ’
1459 3681 1715 3750 ὁμοίωσιν
1760 3683 1816 3736 δὲ

237 3762 366 3833 γίνῃ
398 3762 465 3814 ἐκ
493 3761 586 3814 τοῦ
621 3763 966 3834 χρηστότητα
993 3766 1298 3826 ἀναλαϐεῖν.
1325 3770 1583 3825 Ἀνάλαὸε
1615 3773 1816 3842 σπλάγ-

238 3871 343 3922 χνα
393 3852 723 3924 οἰκτιρμοῦ,
765 3857 1128 3928 χρηστότητα,
1183 3859 1268 3912 ἵνα
1317 3861 1511 3935 ἐνδύσῃ
1561 3863 1812 3934 Χριστόν.

237 3944 319 3994 Δι’
345 3935 424 3995 ὧν
448 3944 560 4014 γὰρ
594 3945 994 4015 ἀναλαμϐάνεις
1017 3949 1116 4020 τὴν
1148 3951 1509 4021 συμπάθειαν,
1548 3954 1614 4007 δι’
1638 3955 1816 4010 αὐτῶν

238 4033 477 4105 Χριστὸν
499 4037 712 4109 ἐνδύνῃ,
737 4039 832 4092 καὶ
853 4042 918 4110 τῇ
947 4041 1083 4110 πρὸς
1111 4042 1271 4096 αὑτὸν
1290 4045 1560 4098 οἰκειώσει
1585 4049 1815 4100 οἰκειού-

241 4143 407 4194 μενος
433 4127 574 4197 Θεῷ.
614 4128 799 4192 Οὕτως
831 4132 864 4198 ἠ
901 4131 1107 4202 ἱστορία
1139 4134 1419 4198 παίδευσίς
1443 4137 1558 4189 ἐστι
1581 4138 1674 4190 τοῦ
1701 4139 1814 4208 βίου

236 4217 334 4270 τοῦ
393 4218 754 4294 ἀνθρωπίνου.
814 4238 833 4272 ι
878 4223 1198 4292 Ποιήσωμεν
1250 4224 1530 4296 ἄνθρωπον
1571 4231 1690 4282 κατ’
1737 4233 1816 4284 εἰ·

1914 432 2090 484 neque
2127 414 2408 485 Scriptura
2445 416 2547 468 hoc
2593 416 2744 480 dicit,
2795 430 2971 484 neque
2998 415 3223 470 Creator
3246 432 3352 470 non
3389 433 3485 486 po-

1914 515 2040 571 test,
2070 523 2247 576 neque
2293 507 2586 562 consilium
2627 507 2842 560 irritum
2896 506 3018 559 fuit.
3065 505 3177 559 Cur
3210 506 3375 576 igitur
3414 507 3488 561 si-

1914 597 2082 651 lentio
2117 596 2170 650 id
2200 596 2628 666 praetermissum
2660 597 2788 650 est?
2830 615 2848 647 ι
2886 594 3172 650 Faciamus
3214 594 3486 648 hominem

1914 688 1982 741 ad
2011 687 2300 758 imaginem
2336 696 2580 742 nostram
2621 695 2676 742 et
2713 687 3146 742 similitudinem.
3179 708 3196 739 ι
3227 684 3406 743 Unum
3434 689 3487 740 in

1915 781 2217 843 creatione,
2261 780 2491 834 alterum
2529 780 2583 833 in
2609 780 2876 854 electione
2907 780 3144 848 positum
3170 790 3277 833 est.
3331 779 3485 841 Nam,

1920 879 1977 924 ut
2019 869 2276 926 ﬁeremus
2312 871 2377 924 ad
2407 872 2696 941 imaginem
2727 871 2840 935 Dei,
2894 871 3020 925 dum
3051 872 3322 942 principio
3359 887 3485 940 pro-

1923 974 2259 1024 crearemur,
2310 959 2673 1013 obtinuimus.
2720 957 2788 1013 Ut
2833 966 3012 1013 autem
3075 958 3373 1013 eiIiciamur
3420 961 3489 1013 ad

1918 1052 2041 1122 ejus
2074 1052 2517 1124 similitudinem,
2550 1050 2833 1121 preposito
2867 1051 3260 1119 voiuntateque
3296 1066 3491 1106 conse-

1917 1143 2162 1213 quimur.
2185 1140 2364 1213 Atque
2401 1143 2565 1212 hujus
2615 1142 2855 1211 quidem,
2901 1140 3048 1211 quod
3082 1142 3148 1195 ad
3195 1141 3488 1195 arbitrium

1921 1233 2158 1303 pertinet
2188 1248 2250 1288 ac
2288 1234 2639 1298 voluntatem,
2663 1240 2906 1303 potestas
2929 1234 3086 1289 nobis
3115 1236 3282 1298 inest,
3311 1250 3368 1289 re
3393 1250 3491 1288 auo

1919 1330 2026 1377 tem
2060 1331 2116 1377 et
2144 1323 2304 1378 factis
2337 1323 2440 1392 ipsi
2475 1333 2824 1392 praestamus.
2867 1323 2984 1380 Nisi
3039 1325 3184 1380 Deus
3240 1315 3492 1380 antever-

1921 1404 2078 1470 ti'sset
2100 1417 2310 1480 dicens,
2339 1430 2462 1469 cum
2494 1431 2594 1470 nos
2613 1415 2865 1481 ediceret,
2894 1434 2911 1466 ι
2944 1415 3252 1485 Faciamus,
3277 1427 3358 1472 »ει
3378 1435 3397 1467 ι
3425 1418 3491 1470 ad

1922 1508 2358 1572 similitudinem,
2387 1527 2406 1560 ι
2445 1509 2552 1562 nisi
2579 1508 2739 1563 nobis
2760 1523 2879 1562 eam
2908 1508 3135 1578 largitus
3165 1515 3310 1563 esset
3339 1516 3493 1577 pote-

1923 1605 2143 1664 statem,
2199 1606 2259 1653 ut
2311 1599 2379 1653 ad
2434 1599 2555 1668 ejus
2611 1598 3028 1655 similitudinem
3089 1598 3488 1669 effingerentur,

1922 1704 2203 1759 nunquam
2241 1704 2491 1744 essemus
2524 1689 2677 1742 illum
2723 1689 2936 1744 viribus
2977 1689 3184 1744 nostris
3229 1691 3492 1746 assecuti.

1920 1778 2075 1834 Nunc
2109 1788 2293 1834 autem
2329 1787 2606 1849 potestate
2628 1795 2731 1835 nos
2761 1779 2892 1834 fecit
2927 1780 3135 1835 similes
3179 1779 3294 1834 Dei.
3333 1779 3495 1834 Poteu

1921 1878 2115 1926 statem
2149 1878 2334 1925 autem
2382 1871 2654 1934 tribuens,
2711 1880 2766 1924 ut
2815 1871 2938 1940 ejus
2991 1871 3201 1926 similes
3240 1871 3494 1926 reddere-

1921 1977 2063 2026 mur,
2098 1961 2352 2031 permisit
2380 1962 2564 2028 nobis,
2603 1971 2660 2016 ut
2685 1977 2934 2016 essemus
2969 1963 3120 2016 illius
3173 1962 3494 2017 similitudi-

1917 2056 2005 2110 nis
2031 2053 2338 2118 cli'ectores,
2376 2068 2484 2123 quo
2521 2069 2731 2108 merces
2766 2055 2949 2124 operis
2986 2063 3176 2110 nostra
3216 2054 3376 2118 foret,
3423 2070 3492 2108 ne

1918 2153 2118 2201 nostra!
2148 2145 2527 2200 similitudinis
2547 2145 2762 2208 laudem
2795 2144 3056 2200 auferret.
3078 2146 3314 2211 Quando
3338 2147 3486 2201 enim

1917 2234 2144 2304 eliigiem
2174 2233 2414 2302 aliquam
2456 2237 2640 2288 cernis
2688 2232 2974 2303 diligenter
3025 2233 3384 2296 elaboratam,
3441 2239 3495 2285 et

1915 2322 2196 2392 exemplar
2249 2322 2455 2392 optime
2505 2320 2854 2382 referentem,
2905 2335 3015 2374 non
3053 2320 3228 2389 ipsam
3278 2318 3489 2381 laudas,

1917 2417 2011 2471 sed
2048 2417 2310 2485 pictorem
2338 2413 2647 2469 admiraris.
2679 2411 3043 2481 Quapropter,
3099 2421 3157 2466 ut
3188 2427 3327 2472 mea,
3385 2425 3492 2463 non

1917 2507 2147 2562 alterius
2177 2513 2329 2561 esset
2348 2505 2634 2560 admiratio
2671 2544 2685 2568 ,
2737 2505 2959 2574 reliquit
2991 2505 3142 2567 mihi,
3195 2511 3254 2557 ut
3281 2504 3346 2556 ad
3374 2504 3493 2571 ejus

1917 2596 2332 2652 similitudinem
2368 2597 2571 2651 fierem.
2606 2595 2680 2648 Ex
2706 2595 2941 2666 imagine
2971 2596 3164 2659 habeo,
3193 2604 3250 2648 ut
3279 2594 3494 2647 ratione

1916 2687 2018 2741 sim
2077 2687 2378 2757 praeditus;
2437 2700 2503 2740 ex
2536 2684 2903 2741 similitudine
2956 2692 3159 2750 autem,
3215 2695 3272 2738 ut
3316 2685 3493 2741 bonus

1915 2775 2136 2830 eliiciar.
2174 2775 2361 2830 Estote
2401 2774 2644 2844 perfecti,
2667 2776 2811 2829 sicut
2845 2774 3006 2828 Pater
3034 2781 3216 2829 vester
3255 2774 3494 2829 caelestis

1916 2867 2188 2936 perfectus
2239 2873 2346 2920 est.
2392 2863 2552 2920 Vides
2594 2865 2868 2934 quomodo
2909 2864 3067 2918 nobis
3103 2862 3371 2917 Dominus
3434 2865 3496 2916 il-

1923 2957 2016 3012 ild
2047 2957 2113 3011 ad
2139 2955 2553 3012 similitudinem
2575 2954 2806 3009 reddat?
2831 2954 3097 3020 Quoniam
3129 2956 3298 3010 solem
3331 2971 3492 3011 suum

1892 3049 2052 3122 .oriri
2087 3047 2216 3100 facit
2248 3062 2410 3116 super
2468 3046 2641 3100 malos
2690 3051 2745 3099 et
2787 3044 2986 3109 bonos,
3039 3055 3090 3100 et
3147 3045 3284 3113 pluit
3331 3061 3495 3114 super

1917 3138 2097 3207 justos
2116 3147 2170 3191 et
2199 3137 2456 3207 injustos.
2489 3135 2546 3189 Si
2595 3135 2778 3190 oderis
2804 3137 3032 3198 scelera,
3082 3135 3128 3189 si
3169 3135 3492 3204 injuriarum

1922 3231 2243 3284 memoriam
2302 3227 2591 3291 deleveris,
2644 3227 2691 3281 si
2740 3226 3027 3281 hesternas
3080 3226 3409 3289 simultates,
3441 3234 3495 3279 et

1923 3318 2236 3372 inimicitias
2277 3315 2554 3370 oblivione
2586 3313 2893 3368 voluntaria
2925 3315 3268 3384 deposueris,
3303 3313 3349 3366 si
3391 3312 3494 3365 ira.

1921 3417 2059 3463 trem
2091 3422 2296 3472 amore,
2331 3405 2729 3469 benevolentia,
2765 3405 3120 3472 benignitate,
3168 3404 3484 3457 misericor-

1924 3495 2014 3549 dia
2057 3496 2382 3565 complexus
2413 3494 2608 3558 lueris,
2644 3493 2755 3546 Deo
2782 3494 2979 3546 similis
3016 3500 3236 3546 evades.
3273 3493 3327 3544 Si
3353 3495 3494 3560 inju-

1923 3586 2038 3642 rias
2066 3603 2131 3642 ex
2157 3586 2349 3640 intimo
2377 3585 2542 3638 corde
2572 3581 2877 3647 remiseris,
2908 3581 3018 3636 Deo
3043 3583 3242 3636 similis
3269 3583 3488 3637 evades.

1926 3678 2005 3744 Si,
2043 3679 2222 3747 qualis
2256 3683 2342 3732 est
2374 3690 2504 3745 erga
2552 3683 2604 3728 te
2635 3683 2982 3743 peccatorem
3015 3673 3179 3736 Deus,
3235 3675 3392 3728 talem
3441 3684 3492 3729 te

1922 3769 2225 3840 prmbueris
2267 3765 2604 3834 delinquenti
2643 3763 2822 3829 fratri,
2876 3772 2966 3818 tua
3002 3767 3131 3835 erga
3179 3766 3488 3835 proximum
3535 3789 3540 3792 -

1893 3865 2076 3918 tuum
2108 3854 2489 3912 misericordia
2526 3853 2637 3908 Deo
2698 3853 2901 3910 similis
2931 3855 3150 3909 evades.
3189 3853 3368 3909 Hath
3391 3855 3491 3925 igi-

1919 3958 2010 4005 tur
2048 3949 2341 4020 imaginem
2375 3963 2440 4002 ex
2487 3963 2584 4014 eo,
2630 3946 2778 4017 quod
2839 3947 3071 4002 rationis
3113 3963 3173 4003 es
3228 3964 3486 4019 compos;

1919 4042 2332 4098 similitudinem
2368 4047 2572 4105 autem,
2601 4039 2730 4109 quia
2753 4038 3032 4104 virtutem,
3075 4039 3401 4108 probitatem
3437 4049 3490 4094 et

1919 4133 2222 4189 bonitatem
2250 4131 2603 4202 amplexaris.
2632 4129 2864 4200 Suscipe
2889 4130 3057 4200 igitur
3082 4129 3291 4184 viscera
3327 4131 3489 4186 mise-

1919 4220 2196 4282 ricordiae,
2218 4218 2630 4274 beneﬁcentiam
2647 4233 2866 4280 exerce,
2882 4226 2944 4272 ut
2962 4217 3162 4272 induas
3179 4219 3483 4290 Christum.

239 4309 394 4362 κόνα.
457 4327 476 4360 ι
549 4310 697 4379 Ἔχω
735 4305 828 4363 οῦν
883 4313 940 4364 ἐν
988 4314 1051 4382 τῇ
1108 4313 1282 4365 κτίσει
1331 4315 1391 4367 τὸ
1440 4317 1558 4369 κατ’
1609 4320 1811 4374 εἰκόναο

1919 4309 2024 4366 Ρει·
2047 4326 2189 4381 quos
2221 4310 2367 4365 enim
2402 4309 2723 4364 misericors
2769 4316 2824 4363 et
2856 4309 3126 4378 benignus
3157 4323 3238 4373 es,
3274 4323 3370 4378 per
3392 4323 3486 4363 eos

240 4400 467 4469 γίνομαι
507 4399 566 4452 δὲ
621 4402 686 4470 τῇ
722 4400 1013 4470 προθέσει,
1067 4404 1160 4456 καὶ
1213 4403 1334 4456 καθ’
1380 4407 1658 4476 ὁμοίωσιν.
1705 4411 1812 4463 Ποῦ

1919 4402 2202 4458 Christum
2242 4401 2450 4465 induis,
2481 4399 2795 4467 Christique
2825 4398 3238 4456 necessitudine
3267 4407 3321 4455 et
3352 4415 3486 4455 con-

240 4504 336 4540 σου
404 4488 438 4556 ἡ
507 4487 700 4557 χάρις;
761 4487 849 4540 διὰ
899 4487 950 4540 τί
1013 4489 1076 4541 σὺ
1127 4490 1453 4558 ἐστεφανοῦ;
1521 4493 1580 4546 Εἰ
1629 4493 1732 4564 γὰρ
1793 4497 1812 4548 6

1918 4493 2199 4562 iunctione
2229 4506 2354 4546 cum
2398 4492 2509 4546 Deo
2555 4489 2909 4560 conjungeris
2940 4505 3005 4546 ac
3037 4491 3355 4547 devinciris.
3387 4491 3486 4543 At-

237 4578 592 4647 Δημιουργὸς
614 4577 672 4630 τὸ
697 4577 815 4630 ὅλον
846 4578 1089 4632 ἀπέδωκε
1114 4621 1127 4645 ,
1158 4579 1272 4642 πῶς
1302 4582 1367 4634 ἄν
1401 4599 1481 4634 σοι
1512 4583 1545 4652 ή
1575 4583 1812 4651 βασιλεία

1919 4600 2027 4655 que
2065 4584 2171 4637 hoc
2206 4582 2367 4637 modo
2393 4582 2624 4637 historia
2657 4588 2738 4636 est
2773 4581 3026 4637 humana:
3057 4583 3180 4636 vita:
3213 4582 3484 4637 institutio

235 4668 348 4720 τῶν
384 4667 632 4739 οὐρανῶν
675 4668 953 4738 ὴνοίγετο;
998 4669 1112 4724 Νῦν
1152 4661 1228 4723 δὲ’
1252 4671 1314 4724 τὸ
1348 4672 1444 4741 μὲν
1477 4672 1720 4744 ἐδόθη,τὸ
1764 4675 1812 4726 δὲ

1918 4685 2081 4746 atque
2116 4673 2451 4729 informatio.
2487 4691 2507 4725 ι
2547 4671 2842 4728 Faciamus
2870 4672 3145 4727 hominem
3174 4673 3242 4726 ad
3288 4674 3482 4742 imagi-

236 4758 432 4822 ἀτελὲς
485 4757 844 4830 κατελείφθηο
895 4759 981 4812 ἴνα
1034 4761 1256 4815 σεαυτὸν
1280 4763 1623 4833 τελειώσας,
1674 4763 1812 4829 ἄξιοι,

1918 4782 2060 4822 nem.
2089 4786 2108 4818 ι
2138 4764 2311 4820 Habet
2337 4767 2502 4819 homo
2550 4765 2606 4819 in
2630 4763 2911 4818 creatione
2941 4777 3064 4828 sua,
3087 4770 3143 4816 ut
3168 4762 3240 4817 sit
3259 4761 3323 4815 ad
3345 4763 3480 4815 ima-

236 4850 372 4921 γένῃ
399 4849 501 4920 τῆς
534 4849 685 4919 παρὰ
719 4849 813 4903 τοῦ
838 4849 973 4903 Θεοῦ
1009 4851 1442 4920 μισθαποδοσίας.

1918 4857 2119 4927 ginem,
2139 4853 2232 4908 ﬁat
2257 4855 2323 4909 ad
2348 4853 2784 4908 similitudinem.
2803 4850 2905 4907 Ubi
2925 4851 3022 4906 tibi
3050 4849 3256 4920 gratia?
3279 4847 3483 4913 Quam-

225 4942 419 4996 obrem
471 4941 802 4996 coronaris?
843 4940 901 4996 Si
936 4942 1166 4999 Creator
1205 4943 1591 5012 omniadedit,
1633 4949 1913 5015 quomodo
1947 4950 2045 5004 tibi
2087 4956 2232 5020 patet
2257 4960 2520 5001 ascensus
2551 4946 2606 5000 in
2635 4945 2878 5000 cmlum?
2905 4943 3085 4999 Unum
3113 4942 3278 5011 igitur
3307 4941 3476 5006 dedit,

223 5034 464 5087 alterum
501 5033 817 5087 inchoatum
837 5035 1082 5105 reliquit,
1101 5044 1162 5091 ut
1179 5045 1232 5094 te
1259 5039 1376 5109 ipse
1405 5038 1697 5108 perliciens
1723 5040 1922 5112 dignus
1939 5043 2058 5106 tias,
2083 5041 2177 5112 qui
2219 5055 2250 5093 a
2274 5039 2385 5095 Deo
2401 5039 2681 5109 praemium
2705 5045 2758 5095 et
2773 5036 3078 5100 mercedem
3101 5035 3477 5104 consequaris.

288 5132 418 5196 Πῶς
449 5126 545 5185 οὖν
577 5131 840 5202 γινόμεθα
867 5129 988 5184 καθ’
1034 5129 1321 5199 ὁμοίωσιν;
1352 5128 1452 5182 Διὰ
1483 5127 1589 5182 τῶν
1617 5130 1797 5198 Εὐαγ-

1942 5132 2257 5201 .Quomodo
2292 5132 2456 5202 igitur
2488 5131 2556 5184 ad
2593 5125 3008 5185 similitudinem
3041 5121 3337 5176 efﬁcimur?
3366 5121 3471 5177 Per

217 5224 438 5292 γελίων.
463 5222 529 5275 Τί
556 5223 673 5275 ἐστι
699 5218 1124 5292 Χριστιανισμός
1148 5235 1162 5283 ;
1200 5218 1334 5272 Θεοῦ
1367 5220 1626 5290 ὁμοίωσις
1655 5220 1798 5273 κατὰ

215 5317 277 5369 τὸ
309 5316 664 5386 ἐνδεχόμενον
696 5312 983 5385 ἀνθρώπου
1018 5313 1195 5381 φύσει.
1230 5310 1294 5364 Εἰ
1321 5309 1552 5374 ἀνεδέξω
1576 5311 1637 5364 τὸ
1661 5307 1801 5364 εἶναι

218 5407 568 5478 Χριστιανὸς,
605 5404 890 5475 ἐπείχθητι
917 5403 1165 5472 γενέσθαι
1195 5403 1376 5472 ὅμοιος
1412 5401 1550 5472 Θεῷ,
1586 5403 1802 5456 ἔνδυσαι

221 5500 476 5570 Χριστόν.
507 5497 639 5560 Πῶς
685 5497 743 5548 δέ
778 5495 968 5568 ἐνδύσῃ
997 5499 1024 5550 6
1066 5497 1126 5549 τὸ
1155 5496 1436 5566 βάπτισμα
1472 5496 1547 5565 μὴ
1585 5495 1801 5560 λαϐών;

221 5593 248 5644 ὁ
291 5593 350 5644 τὸ
380 5591 591 5662 ἔνδυμα
624 5589 721 5658 τῆς
755 5587 1058 5658 ἀφθαρσίας
1091 5588 1164 5659 μὴ
1194 5586 1515 5654 δεξάμενος;
1550 5586 1803 5657 ἀποπέμ-

224 5700 334 5750 πεις
370 5684 468 5761 τὴν
499 5682 642 5756 πρὸς
673 5678 809 5733 Θεὸν
849 5679 1131 5750 ὁμοίωσιν;
1166 5679 1226 5732 Εἰ
1259 5675 1439 5746 ἔλεγόν
1478 5693 1576 5747 σοι,
1615 5677 1803 5748 Δεῦρο,

1907 5223 2279 5293 Evangelium.
2316 5219 2459 5287 Quid
2509 5219 2653 5274 enim
2699 5214 2847 5270 aliud
2896 5220 3000 5279 est,
3041 5229 3163 5268 esse
3201 5213 3462 5268 Christia-

1907 5331 2060 5380 num,
2081 5314 2186 5368 nisi
2221 5313 2420 5366 habere
2447 5325 2571 5364 cum
2603 5311 2708 5363 Deo
2724 5306 3160 5368 similitudinem,
3198 5314 3465 5376 quatenus

1909 5405 2305 5477 capithumana
2336 5401 2566 5456 natura?
2604 5397 2857 5462 Proinde,
2889 5397 3144 5469 quoniam
3192 5401 3463 5467 accepisti,

1913 5506 1971 5550 ut
2004 5512 2154 5552 esses
2187 5493 2554 5558 Christianus,
2585 5505 2806 5561 operam
2830 5487 2921 5554 da,
2967 5495 3026 5542 ut
3055 5488 3131 5544 sis
3166 5487 3272 5541 Deo
3319 5488 3466 5540 simi-

1911 5591 1980 5643 lis
2009 5609 2019 5642 :
2053 5588 2216 5642 indue
2245 5588 2526 5641 Christum
2556 5603 2570 5651 ;
2610 5599 2719 5654 quo
2765 5589 2944 5636 autem
2998 5589 3158 5650 pacto
3199 5580 3349 5631 illum
3383 5577 3465 5628 in-

1914 5679 2069 5744 dues,
2099 5679 2204 5735 nisi
2234 5679 2352 5750 ejus
2393 5677 2624 5749 sigueris
2653 5675 2822 5731 nota?
2855 5673 2960 5733 nisi
2987 5673 3317 5745 baptismum
3346 5681 3462 5722 sus-
