3794 6000
308 203 415 259 275

1509 212 1567 269 S.
1604 212 1933 270 GREGORH
1969 212 2261 272 NYSSENI

3467 216 3575 272 εἶθ

309 316 530 386 cipias?
574 317 680 371 nisi
742 316 931 389 capias
982 320 1415 392 incorruptionis
1461 325 1881 380 indumentum?

2014 325 2140 379 ἐνοῦ
2174 327 2360 394 ὅμοιος
2399 323 2622 393 βασιλεῖ,
2651 323 2753 376 οὐκ
2789 322 2856 376 ἂν
2885 322 3050 393 εὐεργ
3082 339 3181 393 την
3209 340 3278 393 με
3308 322 3575 395 ἔκριναςς

312 407 591 477 Repudias
620 409 1036 465 similitudinem
1068 412 1199 466 Dei?
1228 414 1273 469 si
1302 413 1567 472 dixissem
1606 416 1727 482 tibi,
1752 417 1886 488 Age-

311 499 465 564 dum,
488 506 606 555 esto
637 499 835 555 similis
869 500 1020 572 Regi,
1042 517 1225 560 nonne
1255 505 1495 561 amicum
1519 523 1606 564 me
1626 523 1692 563 ac
1720 509 1886 564 bene-

314 591 476 643 lieum
498 589 1072 648 cvistimares?Nunc
1114 604 1295 652 autem
1345 599 1469 654 volo
1509 607 1563 654 te
1605 599 1699 654 Dei
1740 601 1886 656 simi-

314 680 420 732 lem
446 694 589 744 esse,
624 688 678 735 et
696 681 1015 753 orationem
1067 691 1119 738 te
1179 683 1341 740 deum
1373 686 1698 744 eﬂicientem
1742 688 1882 759 fugis

313 781 365 824 et
399 774 829 841 aspernaris?et
854 788 1018 831 aures
1064 776 1329 844 obstruis,
1379 795 1449 834 ne
1475 780 1640 835 verba
1688 780 1882 835 salutis

312 864 615 919 exaudias?
659 885 676 917 ι
704 864 767 919 Et
811 866 942 922 fecit
991 868 1132 923 Deus
1169 869 1443 924 hominem
1491 871 1559 925 ad
1594 872 1884 942 imaginem

314 970 491 1009 suam.
527 974 546 1007 ι
582 954 865 1010 Hominem
892 958 1089 1028 (inquit
1117 959 1333 1031 mulier)
1369 960 1443 1013 ita
1474 960 1738 1030 scriptum
1777 972 1881 1026 est,

259 1057 277 1062 ἢ
315 1056 365 1098 ιιι
388 1046 472 1100 vir
503 1054 713 1100 tantum
746 1048 1100 1118 intelligatur.
1126 1051 1267 1117 Quid
1297 1052 1463 1123 igitur
1492 1055 1560 1109 ad
1583 1056 1706 1110 me?
1727 1055 1795 1110 At
1817 1072 1886 1112 ne

313 1138 553 1193 hominis
586 1140 945 1208 appellatione
991 1144 1167 1197 virum
1225 1144 1490 1199 duntaxat
1533 1145 1886 1217 intelligeres,

313 1230 598 1300 subjecit,«
624 1230 922 1286 Masculum
943 1242 996 1288 et
1014 1232 1273 1289 feminam
1300 1235 1426 1290 fecit
1441 1251 1557 1292 eos.
1572 1256 1594 1288 ι
1616 1237 1680 1290 Ει
1695 1237 1890 1293 mulier

314 1321 537 1389 perinde
567 1329 729 1392 atque
746 1324 828 1376 vir
859 1324 928 1378 ad
955 1325 1246 1396 imaginem
1278 1326 1371 1382 Dei
1406 1327 1549 1384 facta
1581 1338 1686 1386 est.
1721 1329 1890 1385 Eum—

258 1447 268 1455 .
313 1413 436 1466 dem
468 1414 733 1470 honorem
768 1416 967 1489 habent
989 1418 1164 1472 amba:
1193 1426 1421 1482 naturae,
1450 1435 1608 1489 pares
1633 1421 1886 1486 virtutes,

313 1502 502 1557 eadem
537 1505 855 1568 certamina,
898 1505 1039 1559 idem
1061 1506 1354 1575 judicium.
1379 1506 1457 1562 Ne
1481 1508 1724 1565 dixeris:
1755 1509 1888 1565 Sum

1998 418 2212 489 Ἐπειδὴ
2259 416 2517 487 βούλομαί
2561 433 2623 469 σε
2653 416 2838 486 ὅμοιον
2876 414 3015 486 Θεῷο
3038 416 3303 486 ποιῆσαι,
3346 416 3574 485 φεύγεις

1983 507 2074 561 τὸν
2103 506 2260 576 λόγον
2284 505 2373 558 τὸν
2397 503 2855 572 θεοποιοῢντάσε,
2880 492 3324 575 ἐπιφραξάμενος
3337 505 3407 560 τά
3430 499 3572 572 ὦτα,

1987 598 2075 652 ἵνα
2105 597 2239 668 μηδέ
2262 595 2499 666 ἀκούσῃς
2529 594 2636 650 τῶν
2662 595 2944 666 σωτηρίων
2969 595 3169 663 λόγων;
3197 614 3217 647 ι
3245 596 3357 649 Καὶ
3385 597 3575 668 ἐποιη-

1987 704 2078 742 σεν
2105 689 2135 739 6
2163 688 2295 751 Θεὸς
2328 686 2420 739 τὸν
2463 685 2750 757 ἄνθρωπον
2778 686 2898 739 κατ’
2927 686 3134 739 εἰκόνα.
3178 705 3198 739 ι
3232 685 3337 740 Τὸν
3362 686 3577 758 ἄνθρω-

1987 795 2109 844 πον,
2138 777 2305 850 φησὶν
2356 778 2390 848 ἡ
2429 777 2587 849 γυνὴ,
2628 777 2681 830 τί
2724 778 2862 849 πρὸς
2892 779 3030 849 ἐμέ;
3080 781 3109 832 6
3143 779 3283 850 ἀνὴρ
3317 778 3573 846 ἐγένετο*

1986 872 2046 924 οὐ
2072 870 2181 941 γὰρ
2212 866 2330 924 εἷπε
2367 869 2465 943 τὴν
2496 868 2802 940 ἄνθρωπον,
2835 871 3021 942 φησὶν,
3065 869 3204 924 ἀλλὰ
3233 872 3301 940 τῇ
3343 869 3441 923 τοῦ
3468 870 3576 940 ἀρ-

1988 962 2117 1033 θρου
2144 962 2430 1034 προσθήκῃ
2468 961 2530 1015 τὸ
2553 962 2843 1032 ἀρρενικὸν
2872 961 3335 1032 ἐνέφηνεν.”Αλλ’
3374 960 3464 1013 ἵνα
3500 959 3577 1031 μὴ

1980 1055 2215 1126 ’ἀμαθῶς
2254 1072 2339 1118 τις
2375 1056 2443 1125 τῇ
2481 1053 2578 1107 τοῦ
2618 1052 2908 1123 ἀνθρώπου
2951 1051 3292 1124 προσηγορίᾳ
3343 1051 3439 1104 ἐπὶ
3479 1049 3577 1103 τοῦ

1987 1147 2181 1218 ἀνδρὸς
2219 1143 2253 1217 ᾗ
2297 1146 2457 1217 μόνον
2496 1144 2856 1215 κεχρημένος,
2891 1142 3254 1216 προσέθηκεν,
3311 1160 3332 1194 ι
3369 1141 3580 1212 Ἀρσεν

1988 1238 2082 1290 καὶ
2109 1235 2243 1307 θῆλυ
2271 1236 2524 1306 ἐποίησεν
2555 1234 2772 1297 αὐτούς.
2810 1252 2829 1286 ι
2861 1234 2973 1286 Καὶ
2996 1235 3029 1303 ἡ
3059 1230 3196 1302 γυνὴ
3226 1230 3340 1301 ἔχει
3363 1228 3431 1287 τὸ
3452 1228 3577 1282 κατ’

1990 1328 2173 1381 εἰκόνα
2189 1327 2324 1381 Θεοῦ
2339 1326 2692 1397 γεγενῆσθαι,
2716 1325 2793 1388 ὡς
2811 1326 2905 1378 καὶ
2929 1326 2958 1377 ὁ
2980 1325 3140 1395 ἀνὴρ.
3188 1323 3420 1393 Ὁμοίως
3443 1320 3579 1391 ὀμόο

1988 1436 2137 1490 τιμοι
2166 1419 2222 1473 ai
2253 1417 2463 1486 φύσεις,
2497 1417 2609 1470 ἴσαι
2639 1419 2694 1470 αἱ
2743 1415 2957 1487 ἀρεταί·
2991 1411 3132 1469 ἆθλα
3179 1413 3291 1478 lca,
3326 1414 3360 1483 ἡ
3399 1428 3578 1466 κατα-

1991 1510 2112 1581 δίκη
2144 1510 2327 1581 ὁμοία.
2369 1508 2461 1579 Μὴ
2484 1508 2709 1576 λεγέτω,
2750 1506 3008 1576 Ἀσθενής
3036 1506 3173 1575 εἰμι.
3228 1504 3291 1556 Ἦ
3320 1502 3578 1558 ἀσθένεια

314 1593 606 1648 imbecilla.
632 1595 985 1652 imbecillitas
1005 1597 1059 1651 in
1091 1612 1256 1653 carne
1275 1606 1380 1664 est,
1416 1599 1471 1653 in
1495 1601 1680 1656 animo
1706 1610 1886 1656 autem

2014 1602 2220 1673 ιαρκὺς,
2270 1603 2328 1655 ὲν
2370 1600 2515 1671 ψυχῇ
2552 1599 2614 1652 τὸ
2659 1597 2884 1651 δυνατόν
2932 1599 3098 1651 ἐστιν.
3142 1593 3356 1665 Ἐπειδὴ
3395 1594 3580 1647 τοίνυν

315 1686 398 1740 vis
430 1701 494 1740 ac
524 1688 717 1742 robur.
769 1688 1041 1754 Quoniam
1098 1691 1265 1761 igitur
1295 1693 1524 1761 aequalis
1567 1702 1654 1748 est
1686 1694 1882 1761 virtus,

2014 1668 2248 1764 ιμότιμος
2271 1695 2304 1763 ή
2333 1668 2479 1746 κατά
2492 1668 2631 1744 θεὸν
2654 1688 2840 1754 εἰκὼν,
2860 1689 3120 1760 ὁμότιμος
3149 1686 3291 1740 έστω
3314 1688 3348 1755 ἡ
3377 1682 3576 1756 ἀρετὴ,

315 1791 415 1845 par
446 1776 609 1831 etiam
641 1778 712 1833 sit
740 1779 1004 1834 bonorum
1050 1796 1280 1851 operum
1312 1784 1731 1840 demonstratio.
1764 1784 1883 1841 Non

315 1879 519 1927 temere
561 1874 773 1928 mulieri
819 1890 881 1929 ea
933 1874 1060 1928 data
1090 1884 1179 1931 cst
1225 1877 1535 1942 mollitudo,
1584 1879 1683 1933 sed
1719 1888 1776 1933 ut
1818 1879 1887 1934 ad

316 1960 706 2019 humanitatem
732 1966 944 2021 facilior
965 1966 1056 2034 sit,
1089 1968 1154 2022 ad
1184 1969 1733 2040 misericordiamque
1760 1986 1890 2042 pro-

315 2056 556 2124 pensior.
587 2058 645 2111 ln
675 2058 838 2113 rebus
877 2067 1075 2124 autem,
1108 2075 1231 2130 quae
1262 2059 1641 2115 fortitudinem
1695 2070 1886 2130 postu-

318 2146 453 2206 lant.
488 2146 715 2200 robusta
750 2156 854 2214 est,
879 2148 933 2202 in
970 2149 1170 2219 vigiliis
1199 2157 1254 2204 et
1285 2151 1567 2206 laboribus
1601 2160 1885 2206 constans.

316 2237 546 2302 Quando
581 2247 758 2308 potest
787 2240 1024 2296 hominis
1060 2250 1256 2298 natura
1277 2259 1400 2298 cum
1425 2243 1642 2299 feminae
1674 2244 1891 2301 fortiter

315 2329 483 2382 vitam
523 2331 733 2398 agentis
782 2339 979 2386 natura
1013 2334 1381 2388 contendere?
1428 2334 1664 2400 Quando
1708 2342 1892 2405 potest

316 2424 481 2478 homo
537 2426 742 2478 firmam
792 2425 1074 2480 mulierem
1128 2427 1181 2479 in
1222 2426 1448 2496 jejuniis
1492 2428 1889 2483 continentiam

316 2515 558 2569 imitari?
582 2514 811 2581 Quando
836 2522 1018 2584 potest
1059 2529 1279 2584 aequare
1319 2515 1572 2571 sedulum
1609 2530 1801 2569 earum
1833 2516 1890 2570 in

319 2607 727 2675 precationibus
760 2606 1025 2668 studium,
1058 2605 1203 2675 piam
1227 2604 1295 2659 ad
1324 2605 1737 2677 lacrymandum
1767 2621 1894 2676 pro-

320 2698 659 2767 pensionem,
706 2708 759 2751 et
788 2712 1014 2766 pronam
1040 2696 1104 2749 ad
1137 2696 1599 2752 benemerendum
1657 2697 1892 2753 facilita-

317 2788 466 2841 tem?
502 2785 622 2842 Vidi
651 2803 751 2857 ego
782 2785 1035 2840 feminam
1068 2787 1208 2841 clam
1236 2786 1623 2843 honestissimo
1651 2795 1890 2844 utentem

320 2876 533 2931 furandi
567 2893 782 2947 genere.
826 2876 950 2930 Haec
979 2877 1153 2931 inscio
1201 2879 1399 2931 marito
1430 2878 1498 2933 de
1525 2892 1583 2931 re
1629 2877 1888 2934 familiari

321 2969 649 3037 pauperibus
674 2967 1025 3037 largiebatur.
1059 2967 1171 3025 Pro
1195 2969 1298 3022 viri
1332 2967 1614 3036 felicitate,
1670 2984 1770 3039 pro
1816 2970 1890 3024 fa-
1916 2998 1959 3055 ρ

323 3059 486 3113 milia:
528 3059 911 3128 prosperitate,
946 3075 1048 3128 pro
1090 3060 1466 3115 incolumitate
1519 3060 1751 3114 ﬁliorum
1788 3060 1896 3122 im-.

323 3149 589 3216 pertiebat
634 3150 820 3205 celans
849 3150 1049 3212 virum,
1069 3150 1161 3205 sed
1196 3165 1295 3220 pro
1320 3149 1440 3220 ipso
1468 3150 1607 3206 viro.
1640 3150 1748 3206 Pro
1768 3152 1889 3222 ipso

320 3239 580 3306 donabat,
607 3239 697 3308 qui
728 3239 932 3293 factum
962 3240 1263 3295 nesciebat.
1294 3239 1348 3294 ld
1390 3240 1537 3295 enim
1607 3242 1891 3310 praestabat

325 3331 378 3382 in
415 3329 641 3399 gratiam
669 3328 837 3394 illius,
860 3328 951 3397 qui
979 3329 1124 3383 videt
1159 3330 1211 3383 in
1233 3329 1577 3395 abscondito,
1604 3346 1705 3386 nec
1733 3331 1894 3387 bene-

324 3422 463 3475 facta
497 3437 593 3475 sua
625 3422 958 3491 divulgabat.
994 3421 1059 3475 Et
1090 3422 1288 3477 mulier
1317 3422 1481 3492 igitur
1502 3423 1686 3489 habet,
1737 3433 1798 3477 ut
1823 3428 1890 3481 ad

323 3512 613 3582 imaginem
646 3513 737 3567 sit.
763 3511 840 3566 Ne
869 3514 1189 3568 consideres
1222 3514 1522 3578 hominem,
1549 3514 1644 3584 qui
1671 3515 1886 3570 extrin-

322 3619 482 3659 secus
521 3613 623 3659 est.
654 3603 746 3658 Ille
770 3605 916 3660 enim
955 3615 1040 3661 est
1091 3612 1352 3675 tanquam
1398 3606 1599 3661 velum.
1660 3606 1891 3664 Animus

1989 1787 2022 1856 ἡ
2052 1784 2157 1838 τῶν
2181 1783 2396 1852 ἀγαθῶν
2424 1781 2600 1855 ἔργων
2624 1780 2901 1848 ἐπίδειξις.
2935 1779 3077 1833 Οὐδε
3109 1778 3210 1849 μία
3238 1775 3579 1847 παραίτησίς

1943 1940 1963 1951 ,Α
1989 1878 2106 1930 ἐστι
2138 1875 2216 1946 τῷ
2243 1874 2555 1946 βουλομένῳ
2587 1870 3018 1943 προφασίζεσθαι
3045 1868 3269 1930 ἀσθενὲς
3300 1866 3359 1919 τὸ
3392 1866 3575 1935 σῶμα.

1990 1968 2125 2021 Οὐδὲ
2152 1966 2315 2020 τοῦτο
2346 1964 2552 2029 ἁπλῶςο
2584 1962 2720 2016 ἀλλά
2746 1960 2952 2014 ἁπαλὸν
2982 1959 3080 2030 μὲν
3105 1957 3195 2010 διὰ
3221 1957 3321 2027 τὴν
3351 1954 3577 2030 συμπά-

1990 2056 2161 2120 θειαν,
2194 2053 2411 2108 εὔτονον
2433 2052 2491 2106 δὲ
2513 2053 2570 2104 ἐν
2590 2049 2932 2122 καρτερίαις,
2962 2047 3212 2100 σύντονον
3232 2044 3290 2097 δὲ
3316 2045 3373 2096 ἐν
3409 2029 3581 2114 ἀῆρυ-

1996 2147 2199 2211 πνίαις.
2245 2145 2384 2209 Πότε
2413 2144 2633 2198 δύναται
2673 2140 2962 2213 ἀνθρώπου
2999 2138 3161 2207 φύσις
3212 2133 3578 2205 ἀμιλληθῆναι

1989 2238 2249 2308 γυναικὸς
2264 2237 2424 2307 φύσει
2443 2233 2790 2308 καρτερικῶς
2810 2230 3070 2300 διαγούσῃ
3090 2230 3183 2282 τὸν
3205 2230 3403 2298 ἑαυτῆς
3427 2226 3576 2296 βίον;

1991 2329 2128 2382 Πότε
2160 2327 2223 2380 τὸ
2253 2328 2311 2381 ἐν
2347 2326 2623 2396 νηστείαις
2655 2321 2874 2375 εὔτονον
2916 2317 3190 2388 γυναικῶν
3233 2314 3579 2387 μιμήσασθαι

1988 2421 2213 2475 δύναται
2250 2419 2556 2490 ἄνθρωπος,
2590 2417 2654 2469 τὸ
2696 2417 2756 2468 ἐν
2798 2414 3130 2486 προσευχαῖς
3180 2410 3488 2481 φιλόπονον,
3516 2406 3580 2461 τὸ

1989 2514 2048 2566 ὲν
2068 2513 2295 2584 δάκρυσι
2318 2510 2556 2580 δαψιλὲς,
2586 2509 2648 2563 τὸ
2679 2509 2808 2580 περὶ
2845 2506 3095 2568 εὐποιίας
3142 2503 3389 2573 Esaiam;
3424 2495 3579 2554 Εἶδον

1990 2603 2102 2674 ἐγὼ
2153 2606 2389 2673 γυναῖκα
2410 2644 2426 2666 ,
2468 2601 2644 2673 λάθρα
2693 2600 3034 2653 κλέπτουσαν
3079 2594 3221 2649 καλά
3263 2593 3576 2663 κλέμματα,

1991 2697 2118 2752 ἄνευ
2144 2695 2237 2749 τοῦ
2265 2694 2458 2766 ἀνδρὸς
2483 2693 2585 2757 τὰς
2632 2691 2880 2753 εὐποιῖας
2909 2687 3166 2741 ποιοῦσαν
3192 2684 3332 2755 ὑπὲρ
3362 2682 3578 2753 ἀνδρὸς,

1992 2788 2132 2858 ὑπὲρ
2157 2787 2440 2857 αὐξήσεως
2470 2785 2644 2850 οίκου,
2698 2781 2836 2852 ὑπὲρ
2856 2779 3061 2832 τέκνων
3098 2774 3379 2845 διαμονῆς,
3406 2770 3581 2824 διδοῦ-

1991 2896 2092 2932 σαν
2118 2879 2210 2932 καὶ
2236 2876 2607 2930 λανθάνουσαν
2651 2872 2746 2926 τοῦ
2789 2870 2981 2942 ἀνδρὸς
3009 2867 3107 2939 τὴν
3133 2866 3355 2935 γνῶσιν.
3405 2863 3582 2935 ’Υπὲρ

1991 2969 2153 3025 αὐτοῦ
2175 2969 2540 3023 ὲκὸἀλλουσαν
2563 2967 2656 3020 καὶ
2678 2963 2842 3018 αὐτὸν
2862 2959 3341 3031 ἀποκρύπτουσαν.
3376 2957 3443 3007 Ὅ
3466 2953 3580 3025 γὰρ

1991 3062 2198 3126 ἐποίει,
2228 3061 2403 3113 ἐποίει
2440 3058 2518 3128 τῷ
2547 3057 2798 3127 βλέποντι
2825 3056 2882 3107 ἐν
2904 3052 2982 3123 τῷ
3019 3047 3246 3121 κρυπτῷ
3265 3090 3279 3113 ,
3317 3047 3380 3100 οὐ
3410 3046 3580 3115 δημο-

1995 3153 2248 3207 σιεύουσα
2290 3149 2489 3218 ἑαυτῆς
2526 3147 2623 3218 τὴν
2662 3144 2931 3199 εὐποιΐαν.
2974 3143 3039 3195 Ἢ
3075 3138 3256 3208 ἀγαθὴ
3287 3136 3424 3208 γυνὴ
3464 3134 3580 3206 ἔχει

1993 3246 2054 3300 τὸ
2076 3246 2195 3299 κατ’
2226 3243 2426 3297 εἰκόνα.
2457 3241 2548 3311 Μὴ
2572 3239 2803 3311 πρόσεχε
2840 3234 2919 3306 τῷ
2953 3232 3058 3299 ἔξω
3094 3229 3386 3300 ἀνθρώπῳ,
3420 3228 3581 3298 περί-

1994 3336 2222 3406 πλασμὰ
2254 3336 2368 3388 ἐστι
2410 3333 2587 3386 τοῦτο.
2629 3331 2697 3383 Ἦ
2741 3328 2887 3397 ψυχὴ
2921 3323 3212 3388 καθέζεται
3257 3320 3405 3374 ἐνδον
3469 3319 3581 3372 ὑπὸ

2000 3428 2461 3501 παραπετάσματι
2494 3424 2589 3484 καὶ
2621 3419 2813 3489 ἁπαλῷ
2857 3417 2935 3488 τῷ
2982 3415 3217 3486 σώματι.
3250 3412 3413 3482 Ψυχὴ
3458 3412 3582 3481 μένε

1996 3536 2079 3572 τοι
2120 3518 2216 3572 καὶ
2249 3517 2395 3589 ψυχὴ
2456 3514 2738 3587 ὁμότιμος,
2757 3512 2814 3564 ἐν
2842 3510 2957 3571 τοῖς
2997 3504 3498 3578 παραπετάσμασιν
3541 3503 3577 3572 ἡ

1996 3611 2246 3682 διαφορά.

321 3705 499 3753 autem
536 3697 687 3752 sedet
714 3698 861 3752 intus
892 3696 945 3749 in
976 3696 1093 3750 velo
1124 3696 1286 3751 etiam
1308 3695 1558 3765 corporis
1587 3696 1865 3753 imbecilli.
1906 3699 2085 3756 Animi
2122 3702 2327 3755 honore
2355 3705 2483 3754 sunt
2512 3695 2767 3767 aequales,
2803 3694 2859 3748 in
2891 3691 3025 3747 velis
3057 3698 3142 3746 est
3175 3687 3501 3744 differentia.

392 3788 782 3854 Quamobrem,
847 3796 906 3839 ιιι
958 3785 1070 3839 Deo
1110 3787 1310 3841 similis
1358 3787 1476 3852 tias,
1512 3786 1896 3843 liberalitatem

323 3880 671 3948 amplectere,
712 3878 1125 3931 beneficentiam
1153 3895 1368 3942 exerce,
1405 3880 1776 3934 innocentiam
1808 3896 1899 3937 se-

319 3968 747 4030 ctare,fraterno
760 3983 954 4022 omnes
974 3982 1183 4032 amore,
1202 3969 1691 4040 benevolentiaque
1702 3987 1889 4041 prose-

318 4076 508 4130 quere,
537 4060 744 4115 scelera
776 4058 922 4128 fuge,
942 4058 1148 4128 peccati
1185 4060 1688 4131 perturbationibus
1713 4060 1889 4116 domi-

319 4168 472 4207 nare.
487 4172 506 4203 ‹
532 4151 595 4204 Ει
610 4150 857 4222 piscibus
874 4149 1110 4222 praesit.»
1125 4148 1192 4205 Ut
1212 4151 1456 4221 piscibus
1469 4152 1654 4221 praesis
1676 4152 1888 4208 ratione

320 4243 664 4306 carentibus,
708 4240 1152 4312 perturbationes
1178 4250 1233 4296 et
1263 4241 1434 4295 animi
1473 4250 1658 4297 motus
1688 4242 1888 4298 rationi

2067 3791 2186 3862 Θεῷ
2208 3788 2301 3844 οὖν
2329 3792 2511 3859 ὅμοιος
2545 3788 2732 3856 ἐγένου
2776 3784 2865 3838 διά
2912 3783 3012 3853 τῆς
3051 3780 3417 3854 χρηστότητος
3437 3818 3451 3842 ,
3487 3777 3579 3830 διὰ

1996 3887 2096 3957 τῆς
2133 3881 2501 3947 ἀνεξικακίας,
2529 3878 2619 3932 διὰ
2646 3878 2747 3948 τῆς
2775 3873 3064 3937 κοινωνίας
3087 3914 3103 3939 ,
3132 3872 3222 3926 διὰ
3261 3868 3356 3924 τοῦ
3391 3868 3580 3939 φιλάλ-

1995 3977 2155 4048 ληλος
2183 3974 2274 4028 καὶ
2310 3971 2628 4042 φιλάδελφος
2655 3967 2790 4023 εἶναι
2813 4009 2829 4034 ,
2873 3964 3254 4038 μισοπόνηρος,
3288 3976 3578 4031 κατακρα-

1994 4066 2100 4119 τῶν
2129 4064 2237 4117 τῶν
2259 4061 2448 4117 παθῶν
2467 4061 2566 4130 τῆς
2595 4057 2890 4130 ἁμαρτίας,
2911 4056 3000 4109 ίνα
3030 4070 3112 4107 σοι
3143 4052 3365 4123 ὑπάρχῃ
3385 4050 3446 4103 τὺ
3473 4049 3580 4120 ἀρ-

1996 4176 2133 4232 χειν.
2182 4176 2201 4208 ι
2241 4156 2353 4210 Καὶ
2390 4152 2704 4224 ἀρχέτωσαν
2750 4149 2858 4203 τῶν
2909 4146 3129 4218 ἰχθύων.
3170 4162 3188 4195 ι
3273 4140 3441 4211 Εδόθη
3488 4157 3576 4194 σοι

1998 4252 2187 4324 ἄρχειν
2211 4249 2319 4303 τῶν
2353 4245 2550 4316 ἰχθύων
2576 4243 2684 4297 τῶν
2708 4241 2939 4309 ἀλόγων,
2965 4237 3105 4291 ὥστε
3126 4234 3221 4289 τοῦ
3247 4233 3443 4324 ἀλόγου
3465 4232 3579 4285 πά-

321 4336 635 4391 contrarios
662 4350 882 4404 supera.
919 4353 937 4386 ‹
971 4332 1039 4387 Ει
1057 4334 1242 4405 praesit
1272 4334 1484 4389 bestiis.
1514 4352 1534 4385 ι
1561 4333 1772 4404 Impera
1796 4334 1888 4391 bes

2167 4340 2352 4411 ἐγένου
2399 4337 2600 4408 ἄρχων.
2628 4353 2649 4387 ι
2673 4332 2780 4389 Καὶ
2799 4331 3114 4403 ὰρχέτωσαν
3163 4325 3272 4378 τῶν
3307 4321 3531 4413 θηρίωνο
3552 4340 3573 4372 ι

322 4428 445 4482 stiis
479 4427 764 4489 omnibus,
786 4440 907 4494 qua:
934 4432 1061 4480 sunt
1092 4427 1145 4479 in
1168 4433 1242 4479 te.
1268 4423 1892 4495 Quid?inquies,egone

328 4519 382 4571 in
404 4531 489 4570 me
507 4518 625 4586 ipso
654 4515 860 4570 beStias
884 4517 1095 4570 habeo?
1117 4516 1199 4569 Τιι
1226 4530 1359 4571 vero
1389 4516 1597 4570 bestias
1623 4515 1814 4579 habes,
1836 4525 1891 4571 et

322 4624 417 4663 eas
437 4606 655 4678 quidem
677 4606 1124 4679 innumerabiles,
1157 4605 1389 4675 plurima
1414 4606 1467 4659 in
1493 4613 1546 4660 te
1572 4613 1657 4661 est
1684 4605 1889 4661 bestia-

326 4698 780 4755 rummultitudo.
803 4700 877 4750 Ac
894 4714 961 4752 ne
982 4713 1066 4751 me
1089 4697 1549 4753 contumeliosum
1578 4698 1882 4764 existimes,

324 4790 432 4852 die,
467 4788 681 4849 amabo,
709 4801 948 4857 parvane
978 4786 1152 4841 bestia
1197 4793 1284 4842 est
1339 4785 1644 4854 iracundia,
1675 4788 1893 4857 quando

322 4882 487 4935 intrat
516 4882 568 4934 in
605 4879 769 4935 corde
797 4887 892 4933 tuo
913 4879 1132 4933 ?nonne
1157 4894 1222 4934 ea
1266 4887 1351 4936 est
1380 4879 1574 4949 quovis
1608 4895 1744 4936 cane
1769 4895 1892 4936 cru-

322 4973 807 5048 elelior?Qli_id?in
847 4970 1048 5027 callido
1085 4973 1267 5027 animo
1317 4979 1413 5026 tuo
1439 4971 1599 5028 dolus
1643 4973 1888 5039 latitans,

322 5082 503 5119 nonne
534 5064 729 5134 quovis
757 5079 886 5119 urso
934 5062 1283 5118 fraudulento
1317 5063 1514 5118 saevior
1552 5064 1677 5119 est?
1717 5064 1892 5131 Quid?

324 5172 501 5212 nonne
534 5158 645 5212 fera
694 5165 778 5212 est
811 5156 1112 5228 hypocrisis
1156 5157 1239 5210 vel
1301 5157 1741 5211 immanissima?
1783 5156 1889 5223 Qui

322 5256 504 5302 autem
536 5249 738 5317 impetu
770 5250 982 5318 rapitur
1001 5248 1067 5301 ad
1092 5248 1507 5314 contumeliam,
1536 5263 1718 5304 nonne
1738 5264 1890 5305 scor-

322 5342 445 5410 pius
468 5341 589 5394 est?
649 5338 751 5405 Qui
787 5355 1028 5410 praceps
1073 5340 1141 5395 ad
1185 5341 1475 5396 vindictam
1524 5320 1891 5411 ultionemque

321 5433 516 5494 fertur,
552 5447 733 5486 nonne
762 5439 845 5487 est
867 5433 1049 5504 vipera
1088 5432 1461 5506 gravissima?
1508 5431 1649 5499 Quid
1684 5449 1885 5489 avarus

325 5524 478 5593 ipse?
498 5537 676 5578 nonne
704 5523 864 5593 lupus
896 5533 981 5582 est
1014 5526 1444 5597 rapacissimus?
1470 5523 1625 5579 Nulla
1649 5525 1702 5577 in
1728 5526 1887 5580 nobis

242 5606 247 5611 ’
323 5622 435 5673 fera
470 5632 577 5671 non
613 5617 905 5676 invenitur.
963 5618 1065 5686 Qui
1109 5620 1432 5676 feminarum
1484 5617 1761 5671 amoribus
1802 5618 1888 5672 in-

1996 4434 2194 4498 παντὸς
2218 4432 2406 4502 θηρίου
2440 4428 2645 4499 ἄρχεις.
2674 4424 2739 4476 Τί
2775 4418 2867 4476 οὖν
2888 4437 2903 4486 ;
2926 4422 3084 4495 ἐρεῖς·
3134 4416 3242 4488 ἐγὼ
3277 4414 3442 4487 θηρία
3463 4412 3578 4483 ἔχω

1994 4531 2050 4581 ὲν
2082 4523 2338 4596 titan-rip;
2376 4522 2485 4573 Καὶ
2519 4518 2705 4589 μυρία,
2742 4515 2835 4569 καὶ
2876 4513 3045 4566 πολὺν
3083 4510 3239 4596 ἤχλον
3266 4511 3323 4596 ἐν
3345 4505 3577 4596 σεαυτῷ

1994 4594 2196 4684 θηρίων
2219 4594 2348 4682 ἔχει.
2418 4609 2526 4661 Καὶ
2553 4606 2627 4676 μὴ
2653 4602 2810 4675 ὐὸριν
2831 4601 3060 4672 νομίσῃς
3088 4594 3228 4651 εἶναι
3257 4595 3320 4650 τὸ
3343 4594 3579 4663 λεγόμε-

1993 4723 2101 4772 νον,
2156 4702 2361 4776 μικρὸν
2378 4699 2567 4770 θηρίον
2614 4696 2760 4750 ἐστὶν
2788 4697 2817 4749 6
2856 4693 3046 4765 θυμὸς,
3086 4692 3215 4745 ὅταν
3260 4687 3466 4776 ὐλακτῇ
3504 4688 3574 4776 τῇ

1993 4775 2225 4867 καρδίας
2264 4792 2424 4853 κυνὸς
2458 4786 2657 4850 παντὸς
2698 4786 2798 4840 οὐκ
2835 4784 2982 4837 ἐστιν
3009 4779 3376 4851 ἀγριώτερος;
3407 4775 3487 4847 Τῇ
3515 4775 3577 4829 δὲ

1992 4887 2183 4957 δολερᾷ
2208 4884 2352 4955 ψυχῇ
2373 4882 2401 4933 ὁ
2423 4879 2571 4943 δόλος
2602 4876 2933 4948 ἐμφωλεύων
2958 4874 3162 4946 ἄρκτου
3185 4870 3365 4941 πάσης
3389 4867 3567 4936 φωλά-

1992 4980 2080 5042 δος
2105 4978 2203 5031 οὐκ
2233 4976 2345 5029 ἔστι
2375 4970 2858 5044 δυσημεράντεροκ
2890 4969 3004 5022 Οὐκ
3025 4966 3139 5020 ἐστι
3163 4963 3351 5035 θηρίον
3377 4963 3411 5032 ἠ
3441 4960 3574 5014 ὑπό-

1991 5084 2203 5138 κρισις;
2255 5065 2313 5117 Ὀ
2340 5064 2397 5117 δὲ
2432 5062 2558 5129 ὀξὺς
2589 5064 2667 5125 είς
2708 5059 2892 5130 ὕϐρεις
2942 5056 3202 5129 σκορπίος
3245 5053 3346 5107 οὐκ
3383 5050 3571 5117 ἐστινς

2002 5159 2065 5212 '0
2090 5159 2148 5212 δέ
2170 5157 2345 5229 λάθρα
2365 5159 2443 5220 είς
2466 5157 2680 5225 ἄμυναν
2706 5152 2913 5224 ὁρμῶν,
2938 5150 3153 5222 ἐχίδνης
3189 5147 3290 5200 οὐκ
3318 5145 3433 5198 ἐστι
3471 5161 3572 5214 χα-

1992 5249 2324 5321 lembi-890;;
2356 5250 2416 5301 '0
2439 5246 2496 5301 δὲ
2522 5245 2868 5314 πλεονέκτης,
2891 5243 2993 5297 οὐκ
3018 5241 3133 5295 ἔστι
3156 5239 3319 5301 λύκος
3347 5236 3568 5308 ἆρπαξς

1994 5341 2149 5393 Ποῖον
2178 5339 2364 5409 θηρίον
2395 5340 2452 5392 ἐν
2485 5337 2616 5407 ἡμῖν
2651 5336 2751 5388 οὐκ
2780 5333 2927 5387 ἐστιν
2954 5349 2968 5397 ;
3016 5332 3077 5384 Ὀ
3120 5326 3437 5400 θηλυμανὴς
3464 5327 3572 5381 οὐκ

1992 5434 2136 5486 ἔστιν
2164 5433 2326 5493 ἵππος
2364 5430 2815 5500 ἐπιμαινόμενος;
2843 5426 3028 5478 Ἵππος.
3059 5425 3188 5493 γάρ,
3217 5421 3370 5492 φησὶ,
3404 5410 3572 5489 θηλυ-

1997 5527 2187 5597 μανεῖς
2232 5521 2585 5593 ἐγενήθησαν,
2624 5520 2853 5582 ἕκαστος
2903 5518 2994 5570 ἐπὶ
3046 5516 3144 5587 τὴν
3193 5514 3427 5582 γυναῖκα
3467 5509 3568 5564 τοῦ

1993 5617 2217 5687 πλησίον
2274 5610 2439 5665 αὐτοῦ
2496 5611 2830 5682 ἐχρεμέτιζε.
2885 5606 3200 5678 Μετέθηκεν
3256 5601 3417 5657 αὐτὸν
3467 5600 3566 5654 ἐπὶ
