3794 6000
223 204 316 261 277

973 210 1040 264 IN
1080 210 1340 282 VERBA,
1384 213 1761 269 FACIAMUS

1912 213 2190 281 ΜΙΝΕΜ,
2237 215 2409 284 ETC.,
2445 218 2650 276 ORAT.
2694 221 2752 276 ll.

3363 220 3466 275 278

223 326 308 396 τὴν
357 325 466 377 τῶν
522 318 735 393 ἀλόγων
791 325 967 394 φύσιν,
1004 318 1093 381 διὰ
1145 329 1239 382 τοῦ
1297 330 1498 393 πάθους
1547 324 1590 398 ᾧ
1640 348 1795 402 προσ-

1907 333 2149 398 saniunt,
2183 351 2361 390 nonne
2392 334 2584 391 furiosi
2619 345 2745 392 sunt
2783 337 2952 406 equi?
2991 337 3122 406 Equi
3171 347 3462 404 amatores,

222 414 485 484 ῳιιειώθη.
534 415 712 470 Πολλά
751 412 842 470 οὗν
869 417 1032 488 θηρία
1075 421 1134 472 ὲν
1163 421 1312 490 ἡμῖν.
1358 421 1573 489 Ἐγένου
1622 423 1799 475 τοίνυν

222 509 394 577 ἄρχων
423 506 654 576 θηρίων,
692 509 740 560 εί
773 508 878 562 τῶν
905 509 1008 575 ἔξω
1037 509 1224 581 ἄρχεις
1243 551 1256 574 ,
1298 512 1364 565 τὰ
1393 512 1450 565 δὲ
1484 513 1628 567 ἔνδον
1660 514 1796 566 ἀϐα-

224 600 431 651 σίλευτα
463 600 846 669 καταλείψεις;
879 597 1002 664 Οἷος
1025 602 1120 673 ἔσῃ
1148 603 1224 674 τῷ
1254 605 1498 675 λογισμῷ
1527 606 1666 659 κατά
1698 604 1791 658 τοῦ

221 688 423 752 λέοντος
456 689 555 759 μὲν
582 689 793 760 φρονῶν
827 691 918 743 καὶ
950 693 1304 762 καταφρονῶν
1338 694 1502 747 αὑτοῦ
1536 693 1628 746 τοῦ
1667 694 1788 765 βρυ-

181 825 184 827 .
222 770 477 846 χὴματος,
503 778 680 848 πρίων
709 778 763 831 δὲ
787 781 910 842 τοὺς
943 779 1157 844 ὀδόντας
1181 783 1274 833 καὶ
1302 784 1400 852 τὴν
1431 784 1612 854 φωνὴν
1633 785 1796 855 ἅναρ.

223 869 341 939 θρον
375 869 554 936 ἀφεὶς,
595 869 687 921 τοῦ
737 869 908 939 θυμοῦ
944 869 1090 924 ἔνδον
1135 872 1256 925 ὅλου
1299 873 1434 944 ὁμοῦ
1470 878 1797 946 προσπεσεῖν

223 960 680 1027 φιλονεικοῦντος
715 962 779 1014 Τί
813 951 1000 1015 τοῦτου
1043 963 1438 1035 χαλεπώτερον,
1475 965 1593 1017 οὐδὲ
1627 983 1796 1020 κατα-

224 1049 399 1118 μένειν
437 1049 587 1102 ἔνδον
619 1052 1045 1122 συγχωροῦντος,
1084 1055 1211 1106 ὅταν
1249 1055 1531 1124 ἄνθρωπος
1572 1055 1676 1108 ὑπὸ
1703 1054 1796 1108 τοῦ

222 1141 424 1203 πάθους
451 1142 698 1213 κρατηθῇ
730 1158 744 1170 ·
776 1144 903 1196 ὅταν
924 1146 952 1195 6
984 1143 1153 1213 θυμὸς
1194 1147 1282 1201 τὸν
1303 1149 1553 1221 λογισμὸν
1569 1144 1812 1214 παρωσά-

224 1245 374 1300 μενος
397 1272 414 1297 ,
475 1231 638 1294 αὐτὸς
663 1232 761 1302 τὴν
793 1233 1106 1286 δυναστείαν
1136 1234 1236 1304 τῆς
1264 1232 1442 1304 ψυχῆς
1471 1233 1795 1305 παραλάδηῖ

227 1325 440 1395 ’Ἄρχων
468 1327 648 1378 τοίνυν
677 1325 950 1396 ὲκτίσθης,
1005 1327 1188 1397 ἄρχων
1233 1325 1440 1390 παθῶν,
1491 1327 1672 1398 ἄρχων
1706 1327 1802 1398 θη-

225 1416 371 1486 ρίων,
422 1415 605 1487 ἄρχων
636 1417 902 1487 ἑρπετῶν,
953 1418 1136 1488 ἄρχων
1183 1419 1419 1490 πτηνῶν.
1454 1420 1608 1488 Μήτε
1655 1417 1801 1487 λογι-

224 1510 389 1579 σμοὺς
437 1508 527 1578 ἔχε
585 1511 1068 1580 μετεωροπόρους,
1121 1512 1254 1582 μηδὲ
1301 1511 1501 1581 κοῦφος
1555 1510 1646 1563 ἔσο
1704 1511 1797 1564 καὶ

222 1600 449 1662 ἇστατος
482 1603 549 1670 τῇ
584 1601 809 1671 διανοίᾳ.
843 1602 1068 1672 Πτηνῶν
1102 1602 1288 1672 ἄρχειν
1326 1602 1569 1673 ὲκρίθης·
1601 1603 1800 1664 ἄτοπος

222 1687 271 1743 εἴ
291 1690 358 1742 τὰ
392 1691 492 1760 μὲν
518 1692 788 1758 πετόμενα
817 1692 910 1762 ἰξῷ
935 1693 1306 1757 καταϐάλλων,
1337 1693 1496 1756 αὐτὸς
1523 1694 1578 1746 δὲ
1601 1693 1797 1761 κοῦφος

218 1782 294 1834 ῶν
328 1781 424 1834 καὶ
462 1782 756 1852 μετέωρος.
780 1784 870 1854 Μὴ
909 1784 1187 1856 τυφωθῇς,
1231 1784 1306 1855 μὴ
1339 1785 1680 1856 ὑπεραρθῇς,
1724 1785 1797 1856 μὴ

225 1873 394 1942 μείζω
422 1874 698 1943 φρονήσῃς
725 1873 822 1942 τῆς
860 1863 1203 1946 ἀνθρωπίνης
1235 1876 1467 1944 φύσεως.
1506 1876 1597 1946 Μὴ
1631 1877 1798 1946 ὑπερ-

222 1963 390 2032 φυσοῦ
430 1965 839 2034 ἐπαινούμενος,
872 1965 947 2036 μὴ
980 1965 1166 2030 δόξαζε
1203 1968 1446 2030 σεαυτὸν,
1486 1967 1618 2038 μηδὲ
1659 1966 1799 2036 μέγα

223 2052 435 2107 τιεῖναι
459 2052 646 2124 νόμιζε
668 2057 909 2110 σεαυτόν.
936 2057 1074 2130 Ἐσῃ
1094 2057 1202 2130 γὰρ
1224 2057 1393 2122 οὕτως
1415 2059 1613 2130 πτηνὸν
1635 2060 1801 2112 ἄστα-

223 2163 329 2208 τον,
355 2147 672 2215 ἀστηρίκτῳ
691 2148 753 2216 τῇ
784 2146 942 2214 φύσει
968 2139 1068 2200 ὧδε
1104 2148 1196 2200 καὶ
1221 2141 1321 2200 ὧδε
1352 2147 1797 2220 περιφερόμενος.

224 2241 392 2308 Ἀρχε
436 2238 545 2290 τῶν
589 2239 646 2290 ἐν
692 2239 774 2291 σο)⁸
825 2238 1125 2308 λογισμῶν,
1173 2239 1260 2292 ἵνα
1299 2239 1431 2310 γένῃ
1474 2240 1657 2308 ἄρχων
1695 2239 1800 2291 τῶν

221 2333 386 2384 ὄντων
427 2330 664 2383 πάντων.
713 2329 897 2392 Οὕτως
937 2332 970 2401 ή
1022 2331 1163 2384 κατά
1204 2331 1312 2385 τῶν
1345 2329 1497 2394 ζώων
1539 2330 1798 2400 δεδομένη

222 2421 360 2490 ἀρχὴ
396 2419 652 2490 ῥυθμίζει
688 2421 830 2490 ἡμᾶς
885 2421 1021 2491 πρὸς
1058 2421 1118 2474 τὸ
1160 2421 1317 2492 ἡμῶν
1364 2421 1542 2475 αὐτῶν
1586 2421 1796 2491 ἄρχειν.

228 2515 458 2564 Ἀτοπον
503 2511 628 2578 γάρ
655 2512 769 2562 ἐστι
799 2511 1210 2582 βασιλευόμενον
1241 2511 1380 2564 οἶκοι
1400 2554 1412 2577 ,
1443 2512 1611 2565 ἐθνῶν
1649 2512 1793 2581 βασι-

224 2606 416 2658 λεύεινο
436 2604 543 2656 ὑπὸ
562 2604 784 2674 ἑταίρας
803 2602 1166 2673 κρατούμενον
1190 2603 1318 2665 ἔσω,
1341 2603 1572 2674 δημοσίᾳ
1598 2605 1801 2666 πόλεως

223 2693 358 2750 εἶναι
395 2697 727 2766 προστάτην.
772 2694 851 2746 Τὰ
888 2696 1024 2747 οἴκοι
1061 2696 1315 2765 χρήματα
1341 2694 1444 2765 χρὴ
1481 2694 1658 2758 καλῶς
1689 2695 1802 2747 δια-

222 2788 523 2856 τιθέμενον,
571 2785 666 2838 καὶ
717 2785 783 2838 τὰ
827 2785 971 2838 ἔνδον
1019 2785 1240 2854 εὐταξίᾳ.
1285 2786 1796 2854 κατακοσμήσαντα,

221 2877 359 2933 οὕτω
405 2880 515 2931 τῶν
560 2877 735 2932 ἄλλων
783 2877 1075 2946 λαμϐάνειν
1116 2877 1215 2948 τὴν
1253 2877 1593 2930 ἐπιστασίαν.
1648 2876 1800 2928 Ἐπεὶ

1902 426 2098 494 inquit,
2128 435 2180 480 et
2205 427 2472 482 emiss‘arii
2510 427 2636 482 facti
2665 437 2816 495 sunt,
2837 431 3211 498 unusquisque
3233 431 3297 484 ad
3333 447 3470 485 uxo-

1900 527 2014 565 rem
2051 514 2280 581 proximi
2339 515 2425 569 sui
2484 515 2786 570 hinniebat.
2848 517 2937 570 Sic
2984 517 3040 571 in
3075 517 3305 586 alicujus
3344 520 3470 573 fera:

1900 610 2146 656 naturam
2181 604 2412 673 quisque
2459 605 2824 669 convertitur,
2869 615 3028 677 prout.
3075 607 3260 675 aliquo
3303 608 3465 660 animi

1903 693 2030 746 vitio
2055 695 2569 765 perturbationeque
2600 696 2857 751 vincitur.
2892 696 2967 750 Ex
3003 712 3112 767 quo
3163 698 3239 760 ﬁt,
3293 706 3351 751 ut
3389 698 3470 751 in-

1901 787 2268 842 numerabiles
2317 788 2381 841 in
2433 788 2591 842 nobis
2633 789 2743 844 sint
2789 790 2932 843 fune.
2970 789 3160 844 Credis
3217 789 3381 858 igitur
3421 799 3471 842 te

1901 879 2137 933 ferarum
2165 894 2287 934 esse
2314 879 2618 944 dominum,
2655 895 2718 934 ac
2752 881 3074 950 principem,
3124 881 3168 935 si
3207 881 3470 949 illis,quae

1901 969 2034 1025 foris
2063 978 2210 1035 sunt,
2243 971 2498 1041 imperes,
2540 986 2633 1027 eas
2668 981 2848 1026 autem
2886 987 3006 1042 quae
3051 974 3197 1026 intus
3246 987 3468 1025 versan-

1900 1063 2008 1120 tur,
2041 1072 2149 1112 non
2180 1057 2371 1125 domes
2401 1073 2464 1113 ac
2499 1061 2700 1129 regas?
2738 1059 3012 1125 Quorsum
3042 1061 3138 1114 tibi
3173 1061 3332 1123 ratio,
3361 1078 3467 1128 qua

1901 1145 2083 1203 leones
2108 1148 2290 1216 vincis,
2329 1163 2628 1219 eorumque
2667 1149 2941 1206 fremitum
2981 1167 3090 1206 non
3122 1150 3466 1216 reformidas,

1903 1252 2024 1292 cum
2063 1239 2177 1306 ipse
2205 1237 2462 1296 dentibus
2491 1241 2710 1300 frendas
2752 1253 2810 1299 ut
2840 1245 2944 1311 leo,
2978 1255 3030 1300 et
3060 1259 3170 1314 prae
3189 1243 3470 1298 iracundia

1902 1343 2089 1383 vocem
2124 1329 2431 1399 confusam,
2470 1343 2525 1388 et
2567 1337 2939 1405 perturbatum
2973 1337 3270 1392 clamorem
3317 1337 3472 1391 emit-

1904 1419 2021 1473 tas?
2065 1419 2206 1486 Quid
2239 1425 2382 1478 enim
2426 1427 2668 1492 gravius,
2724 1434 2818 1481 aut
2866 1428 3116 1483 acerbius
3153 1437 3258 1490 est,
3307 1443 3467 1496 quam

1901 1511 2347 1568 eumiracundire
2398 1512 2551 1568 furor
2573 1525 2720 1572 totus
2771 1532 3059 1587 erumpere
3107 1519 3321 1582 nititur,
3373 1533 3471 1570 nec

1905 1598 2050 1654 intus
2082 1601 2192 1654 ullo
2233 1603 2392 1656 modo
2417 1605 2687 1660 contineri
2731 1607 2942 1674 potest?
2999 1607 3134 1661 Cum
3186 1608 3254 1661 ab
3289 1609 3469 1676 aliqua

1903 1692 2306 1759 perturbatione
2347 1695 2526 1748 victus
2569 1703 2651 1750 est
2691 1697 2875 1758 homo,
2933 1713 3042 1750 non
3072 1697 3182 1766 jam
3210 1697 3326 1767 ipse
3367 1698 3470 1750 im-

1900 1788 2074 1850 perat,
2115 1781 2209 1836 sed
2257 1783 2308 1835 in
2361 1783 2482 1852 ejus
2529 1785 2711 1838 animo
2759 1787 3098 1855 perturbatio
3135 1786 3466 1841 dominatur.

1899 1871 2282 1938 Quamobrem,
2309 1890 2432 1929 cum
2460 1877 2532 1929 ita
2560 1884 2780 1932 creatus
2808 1879 2905 1939 sis,
2951 1887 3011 1931 ut
3053 1879 3244 1933 bestiis
3296 1879 3470 1948 impe—

1900 1975 2006 2022 res,
2039 1969 2093 2015 et
2125 1963 2472 2030 serpentibus
2520 1971 2574 2018 et
2599 1964 2932 2031 volatilibus,
2968 1967 3471 2035 perturbationibus

1901 2054 2124 2122 impera.
2162 2052 2240 2108 Ne
2274 2054 2556 2123 permittas
2587 2056 2967 2125 cogitationem
3011 2064 3155 2110 tuam
3184 2057 3470 2112 sublimem

1899 2145 2107 2214 vagari.
2144 2144 2221 2200 Ne
2255 2147 2405 2200 sinas
2433 2147 2672 2201 animum
2707 2147 2858 2202 ιιιυηῖ
2890 2149 3106 2203 levitate
3153 2149 3468 2203 instabilem

1901 2236 2051 2291 ferri.
2086 2237 2277 2291 Datum
2309 2247 2394 2293 est
2426 2238 2543 2301 tibi,
2591 2247 2650 2291 ut
2681 2239 2874 2293 avibus
2902 2239 3091 2308 praesis
3129 2258 3142 2294 :
3175 2240 3471 2293 absurdum

1901 2328 2024 2394 erit,
2075 2328 2121 2382 si
2159 2329 2310 2383 visco
2342 2329 2632 2384 volitantes
2678 2331 2798 2384 illas
2830 2330 2902 2383 ita
2930 2333 3136 2398 capias,
3169 2338 3226 2382 ut
3256 2330 3370 2398 ipse
3399 2331 3474 2382 le-

1902 2419 1984 2473 vis
2011 2420 2106 2484 sis,
2138 2418 2491 2489 eﬂ‘erarisque
2523 2421 2802 2490 superbia.
2848 2420 2922 2475 Ne
2951 2422 3212 2476 sublimes
3244 2419 3471 2488 spiritus

1904 2509 2085 2574 tollas,
2121 2524 2188 2563 ne
2217 2508 2572 2574 intumescas,
2621 2525 2690 2564 ne
2719 2511 2812 2566 tibi
2848 2511 3076 2564 nimium
3119 2510 3355 2579 placeas,
3381 2517 3472 2562 aut

1902 2599 2023 2667 plus
2056 2599 2122 2653 de
2157 2609 2206 2653 te
2261 2601 2481 2662 sentias,
2540 2615 2702 2670 quam
2735 2601 2972 2670 patiatur
3012 2600 3248 2654 humana
3280 2599 3472 2653 condi-

1905 2692 1998 2745 tio.
2033 2691 2110 2746 Ne
2140 2691 2392 2745 laudibus
2423 2691 2640 2747 inﬂatus
2671 2693 2974 2758 extollaris,
2997 2708 3063 2746 ne
3089 2699 3140 2744 te
3174 2692 3286 2760 ipse
3310 2690 3473 2759 jacti-

1903 2789 2006 2844 tes,
2035 2789 2126 2835 aut
2158 2797 2413 2852 magnum
2445 2781 2650 2852 aliquid
2691 2798 2811 2838 esse
2841 2793 3016 2852 putes.
3074 2781 3328 2850 Alioquin
3363 2780 3472 2835 eris

1903 2876 2186 2928 volucrum
2238 2874 2456 2937 similis,
2491 2889 2612 2943 qua;
2645 2882 2840 2928 natura
2904 2875 3050 2928 leves
3078 2881 3131 2926 et
3186 2855 3474 2926 instabiles

225 2971 727 3042 περιστραφήσεται
759 2969 907 3038 παρὰ
935 2968 1042 3021 τῶν
1071 2968 1387 3039 ἀρχομένων
1427 2969 1455 3018 ὁ
1487 2967 1661 3036 λόγος,
1702 2968 1795 3020 ἐὰν

1907 2964 2011 3018 huc
2041 2964 2167 3020 illuc
2197 2965 2416 3020 assidue
2448 2964 2719 3030 feruntur,
2770 2975 2824 3020 et
2856 2966 3103 3020 volitant.
3158 2963 3334 3018 Tuum
3365 2963 3468 3034 igi-

221 3059 512 3129 ἀκόσμητα
539 3056 677 3109 οἴκοι
709 3057 801 3109 καὶ
831 3057 1127 3109 άδιάτακτα
1159 3057 1255 3127 ἔχῃ
1279 3095 1291 3117 ,
1334 3057 1415 3108 ὅτι
1458 3074 1478 3108 ι
1520 3057 1689 3127 ’ῐατρὲ
1715 3055 1802 3107 θε-

224 3149 500 3220 ράπευσον
527 3147 772 3199 σεαυτόν.
805 3165 823 3197 ι
883 3146 1138 3207 Ἑαυτοὺς
1167 3142 1260 3198 οὖν
1292 3146 1506 3216 πρῶτον
1538 3145 1803 3217 θεραπεύ-

225 3257 425 3309 σωμεν.
461 3238 650 3301 Οὐδεὶς
692 3238 765 3308 μὴ
798 3238 1040 3307 θηράσας
1085 3237 1276 3289 λέοντα
1318 3235 1691 3307 κατεγνώσθη·
1728 3236 1803 3308 μὴ

221 3331 505 3401 κρατήσας
548 3329 604 3382 δὲ
647 3329 852 3399 θυμοῦ,
897 3328 1298 3396 καταγέλαστος
1338 3330 1520 3382 παντί.
1575 3329 1736 3381 Ὥστε
1777 3331 1804 3381 6

224 3424 322 3494 μὲν
341 3421 440 3474 τοῦ
462 3421 593 3475 ἰδίου
608 3421 810 3482 πάθους
831 3420 904 3490 μὴ
922 3421 1442 3490 περιγενόμενος,είς
1462 3419 1804 3487 κατάγνωσιν

222 3515 434 3583 ἄγεται·
463 3513 565 3566 ὁδὲ
590 3511 663 3582 μὴ
684 3511 927 3581 δυνηθεὶς
947 3511 1150 3582 ἀγρίων
1175 3510 1376 3582 θηρίων
1401 3507 1802 3581 περιγενέσθαι,

219 3606 375 3661 οὔπω
429 3604 691 3675 μέμψεως
722 3601 868 3666 ἄξιον
910 3601 1224 3671 πεποιηκώς
1253 3620 1306 3655 τι
1346 3601 1613 3670 φαίνεται.
1666 3601 1724 3653 '0
1749 3599 1805 3653 δὲ

220 3698 586 3767 οἰκονομήσας
629 3696 905 3766 γραφῆναι
956 3693 1179 3765 Κύριος,
1224 3695 1253 3746 6
1306 3694 1401 3747 xui.
1449 3693 1548 3764 τὴν
1601 3691 1803 3764 μικρὰν

221 3792 379 3860 ήμῶν
407 3789 506 3841 κα)⁸
535 3787 735 3858 ἀσθενῆ
771 3786 1020 3856 γλῶσσαν
1050 3788 1407 3857 συγχωρήσας
1441 3788 1600 3858 μέχρι
1626 3786 1806 3846 τοσού-

220 3897 314 3933 του
343 3881 474 3950 ὑμῖν
505 3879 785 3948 ὁμιλῆσαι,
809 3878 838 3929 6
862 3876 950 3930 διὰ
967 3877 1065 3948 τῆς
1092 3877 1348 3942 ἀσθενοῦς
1383 3877 1538 3949 ἡμῶν
1565 3877 1803 3940 διανοίας

224 3972 500 4044 μεγάλους
535 3973 662 4040 ὑμῖν
707 3969 1015 4041 θησαυροὺς
1062 3971 1120 4022 ὲν
1159 3972 1271 4032 τοῖς
1313 3969 1510 4038 ὀλίγοις
1542 3971 1805 4025 ἀποσκιά-

223 4081 396 4136 σμασι
420 4063 525 4133 τῆς
553 4061 809 4135 ἀληθείας
836 4060 1250 4133 παραδηλώσας,
1277 4060 1386 4133 δῴη
1418 4063 1545 4133 ὑμῖν
1581 4063 1668 4116 διὰ
1698 4063 1803 4116 τῶν

223 4155 440 4226 μικρῶν
471 4154 540 4207 τὰ
591 4153 830 4224 μεγάλα,
866 4151 954 4206 διὰ
981 4153 1088 4205 τῶν
1116 4151 1312 4221 ὀλίγων
1358 4153 1712 4224 σπερμάτων,
1745 4153 1804 4206 τὺ

218 4247 428 4300 τέλειον
453 4243 554 4315 τῆς
583 4243 856 4312 γνώσεως,
895 4244 988 4296 καὶ
1017 4245 1145 4314 ἡμῖν
1174 4243 1273 4312 τῆς
1314 4242 1664 4306 ἀπολαύσεως
1697 4244 1804 4297 τῶν

1906 3065 1993 3110 tur
2030 3057 2270 3111 animum
2299 3057 2602 3122 moderare,
2634 3057 2796 3127 eique
2837 3059 3062 3127 impera,
3118 3056 3164 3112 si
3200 3056 3280 3111 vis
3307 3056 3472 3110 rebus

1905 3148 2162 3203 omnibus
2192 3148 2476 3217 imperare.
2511 3148 2623 3203 Hac
2657 3149 2868 3204 ratione
2901 3149 3058 3204 nobis
3087 3149 3141 3201 in
3176 3147 3474 3202 animantia

1905 3239 2173 3294 tributum
2203 3239 2488 3309 imperium
2523 3255 2623 3295 nos
2655 3248 2862 3305 monet,
2888 3255 2952 3294 ac
2983 3239 3245 3308 disponit,
3281 3245 3341 3292 ut
3368 3237 3471 3306 ipsi

1905 3330 2062 3384 nobis
2090 3330 2439 3399 imperemus.
2477 3331 2657 3401 Turpe
2688 3333 2831 3386 enim
2883 3339 2988 3393 est,
3048 3339 3126 3393 ut,
3181 3329 3272 3399 qui
3321 3327 3466 3382 domi

1906 3435 2018 3476 sua:
2040 3437 2229 3476 servus
2245 3430 2347 3485 est,
2374 3423 2626 3492 gentibus
2657 3423 2985 3485 dominetur,
3011 3433 3063 3476 et
3088 3422 3133 3474 is
3163 3420 3476 3489 reipublicae

1905 3519 2102 3566 tractet
2130 3512 2515 3582 gubernacula,
2567 3512 2657 3581 qui
2690 3512 2854 3566 scorti
2891 3519 3055 3565 nutus
3091 3509 3474 3576 observat,qui

1906 3604 2210 3658 meretricis
2284 3603 2517 3657 arbitrio
2583 3604 2807 3672 regitur.
2863 3601 3146 3654 Familiam
3194 3601 3473 3670 propriam

1900 3695 2120 3762 ’oportet
2147 3700 2292 3747 recte
2320 3693 2738 3763 gubernare,et,
2763 3708 2884 3762 qua:
2916 3693 3064 3747 intus
3097 3698 3244 3757 sunt,
3262 3689 3476 3744 ratione

1907 3793 2070 3854 atque
2103 3784 2292 3839 ordine
2321 3785 2614 3854 disponere
2641 3800 2705 3839 ac
2746 3783 3041 3848 moderari,
3091 3797 3194 3837 nec
3227 3782 3283 3836 in
3339 3781 3476 3836 alios

1905 3877 2045 3931 velle
2097 3876 2388 3946 imperium
2443 3891 2723 3941 exercere,
2783 3891 2909 3930 cum
2944 3875 3084 3930 ratio
3137 3875 3226 3939 iis,
3280 3873 3479 3945 quibus

1907 3965 2176 4035 imperare
2204 3966 2384 4030 debet,
2419 3981 2542 4022 sese
2569 3966 2887 4037 subjecerit.
2919 3964 2979 4020 Si
3025 3981 3115 4020 res
3143 3972 3252 4019 tuae
3284 3965 3476 4018 dome-

1907 4060 2060 4116 SIicae
2081 4058 2327 4113 confusa:
2354 4059 2792 4130 perturbataaque
2839 4067 2990 4124 sunt,
3035 4065 3095 4113 ut
3123 4058 3300 4113 bonus
3366 4069 3478 4108 me-

1907 4153 2064 4208 dicus
2083 4157 2138 4207 te
2168 4151 2347 4220 ipsum
2367 4166 2521 4206 cura.
2540 4151 2921 4222 Nosmetipsos
2942 4151 3175 4222 primum
3197 4161 3474 4203 curemus.

1859 4255 1876 4266 ’
1907 4244 2099 4308 Nemo,
2132 4245 2276 4316 quod
2313 4245 2525 4299 leonem
2548 4261 2658 4300 non
2685 4246 2898 4308 vicerit,
2929 4243 3354 4298 condemnatur.
3385 4239 3474 4301 At,

221 4338 385 4393 θείων
409 4337 586 4406 λόγων
614 4337 821 4409 καρπὸν
850 4337 1298 4408 πεπληρωμένον,
1327 4338 1407 4391 ὅτι
1439 4338 1584 4410 αὐτῷ
1614 4340 1647 4410 ἡ
1677 4337 1795 4403 δόξα

1910 4337 2002 4407 qui
2037 4353 2145 4392 non
2208 4334 2486 4406 superavit
2521 4335 2882 4397 iracundiam,
2937 4332 3139 4402 passim
3196 4329 3474 4384 irridetur.

218 4431 316 4483 καὶ
343 4431 408 4483 τὸ
438 4431 639 4500 κράτος
669 4431 747 4493 είς
773 4429 901 4493 τοὺς
928 4428 1129 4492 αίῶνας
1155 4429 1262 4482 τῶν
1295 4427 1524 4484 αἰώνων.
1572 4430 1767 4501 Ἀμήν.

1911 4427 2018 4492 Qui
2049 4426 2555 4498 perturbationibus
2596 4441 2703 4478 non
2739 4432 2817 4479 est
2851 4424 3119 4494 superior,
3168 4421 3361 4476 merito
3393 4417 3474 4470 vi-

220 4529 560 4592 tuperatur;
603 4522 696 4590 qui
755 4536 886 4576 vero
930 4520 1073 4576 feras
1120 4521 1388 4575 immanes
1446 4536 1705 4591 superare
1756 4539 1864 4578 non
1914 4531 2129 4593 potest,
2175 4522 2329 4576 nulla
2379 4517 2803 4588 reprehensione
2863 4516 3076 4570 videtur
3147 4511 3364 4581 dignus.
3413 4507 3478 4560 Et

221 4614 342 4670 haec
384 4613 607 4684 quidem
668 4612 935 4667 hactenus
970 4611 1233 4667 Dominus
1275 4631 1289 4666 :
1342 4612 1501 4681 cujus
1540 4615 1880 4683 providentia
1934 4615 2141 4670 factum
2175 4622 2293 4680 est,
2328 4623 2388 4668 ut
2422 4613 2539 4667 haec
2571 4611 2964 4672 scriberentur,
2997 4606 3199 4678 quique
3246 4602 3473 4657 debilem

219 4714 390 4777 atque
419 4703 762 4779 haesitantem
805 4704 1051 4774 linguam
1089 4710 1334 4758 nostram
1370 4703 1620 4772 adjuvit,
1668 4713 1727 4758 ut
1773 4721 1837 4760 ea
1881 4707 2037 4761 vobis
2081 4711 2362 4774 utcunque
2395 4703 2792 4772 explicaremus
2839 4716 2905 4755 ex
2955 4706 3156 4752 nostra:
3189 4695 3477 4762 cogitatio-

219 4798 310 4853 nis
337 4796 732 4860 imbecillitate,
761 4795 1066 4865 exiguaque
1112 4794 1362 4850 veritatis
1412 4795 1861 4862 adumbratione;
1907 4797 2112 4867 quique
2145 4811 2369 4866 magnos
2411 4793 2565 4849 vobis
2595 4793 2883 4847 thesauros
2901 4790 3168 4861 .praabcat,
3198 4803 3262 4842 ex
3293 4785 3476 4855 parvis

223 4904 446 4960 magna,
490 4893 545 4941 et
593 4884 819 4942 minutis
859 4885 1159 4940 seminibus
1205 4882 1474 4955 perfectos
1513 4885 1845 4955 cognitionis
1899 4885 2113 4941 fructus
2164 4883 2578 4950 subministret,
2645 4889 2695 4935 et
2746 4880 2905 4933 nobis
2953 4877 3206 4933 omnibus
3259 4875 3474 4927 tandem

222 4981 518 5052 largiatur,
553 4988 612 5033 ut
655 4977 967 5034 absolutum
1003 4973 1310 5029 divinorum
1351 4988 1663 5029 sermonum
1688 4973 1942 5043 fructum
1985 4973 2351 5046 percipiamus
2385 4974 2438 5026 in
2477 4971 2654 5033 cmlis,
2698 4971 2784 5024 cui
2812 4968 2982 5041 gloria
3011 4974 3065 5021 et
3103 4964 3389 5033 imperium
3421 4963 3474 5016 in

223 5074 427 5130 saecula
456 5072 803 5127 saeculorum.
835 5069 1033 5123 Amen.

857 5162 1076 5217 ΛΟΓΟΣ
1110 5162 1183 5216 B'.

303 5259 366 5313 '0
409 5257 512 5328 μὲν
543 5256 708 5326 σοφὸς
738 5254 992 5326 Σολομὼν
1024 5254 1124 5307 οὐκ
1156 5255 1214 5307 ὲν
1251 5250 1456 5314 πειθοῖς
1487 5250 1676 5319 σοφίας
1713 5250 1803 5303 16-

218 5365 338 5416 γοις
363 5390 378 5413 ,
423 5345 542 5400 ἀλλ’
591 5347 650 5397 έν
684 5343 948 5406 διδακτοῖς
983 5341 1294 5412 Πνεύματος
1323 5338 1473 5409 ἁγίου
1508 5337 1803 5408 σοφισθεὶς,

219 5442 279 5492 ὲν
300 5443 418 5504 τοῖς
446 5437 653 5508 ἀρτίως
687 5437 820 5506 ἡμῖν
843 5435 1270 5503 ἀνεγνωσμένοις
1297 5429 1686 5502 ἀποσεμνύνων
1715 5429 1806 5483 τὸν

218 5531 512 5603 ἄνθρωπον
538 5571 554 5594 ,
585 5528 721 5581 ὲΰόα
750 5526 920 5595 λέγων
947 5543 960 5556 ’
1013 5545 1032 5577 ι
1056 5525 1206 5594 Μέγα
1234 5523 1517 5594 ἅνθρωπος
1540 5561 1554 5585 ,
1592 5521 1685 5574 καὶ
1726 5521 1808 5573 τί·

221 5639 347 5693 μιον
368 5624 508 5695 ἀνὴρ
537 5621 812 5690 ἐλεήμων.
839 5637 856 5670 ι
901 5616 1042 5687 Ἐγὼ
1069 5616 1125 5670 δὲ
1151 5615 1391 5687 ματαίως
1418 5615 1536 5668 κατ’
1571 5612 1806 5684 ἐμαυτὸν

2505 5144 2764 5203 ORATIO
2817 5145 2880 5200 ll.

1979 5242 2206 5313 Sapiens
2261 5239 2352 5295 ille
2400 5238 2680 5301 Salomon,
2724 5251 2832 5291 non
2881 5237 3158 5306 sapientia:
3189 5241 3368 5297 verbis
3407 5243 3472 5296 ad

1906 5331 2245 5388 suadendum
2281 5329 2443 5400 aptis,
2487 5326 2583 5382 sed
2609 5326 2856 5381 doctrina
2881 5328 3054 5382 sancti
3089 5327 3336 5400 Spiritus.
3351 5348 3478 5386 eru-

1905 5425 2076 5487 ditus,
2125 5422 2178 5477 in
2213 5421 2300 5476 his
2354 5435 2474 5491 quae
2524 5419 2685 5490 paulo
2710 5425 2839 5474 ante
2888 5433 2918 5473 a
2947 5419 3107 5476 nobis
3159 5405 3296 5476 lecta
3325 5432 3477 5486 sunt,

1909 5514 2184 5570 hominem
2204 5511 2470 5568 extollens
2490 5509 2852 5577 exclamabat,
2880 5526 2898 5563 ι
2914 5508 3127 5582 Magna,
3143 5529 3159 5562 I
3201 5511 3478 5582 inquiens,

1915 5621 2039 5664 «res
2074 5613 2156 5664 est
2189 5607 2374 5674 homo,
2410 5613 2462 5660 et
2506 5603 2786 5676 praeclara,
2833 5597 2917 5660 vir
2944 5602 3279 5660 misericors.
3308 5620 3329 5654 ι
3366 5601 3477 5674 Ego
