3794 6000
337 219 442 275 279

1600 216 1657 275 S.
1700 216 2027 279 GREGORII
2066 221 2354 282 NYSSENI

3484 232 3597 288 280

340 341 521 388 autem
557 333 721 389 stulte
753 345 964 387 mecum
998 334 1114 402 ipse
1146 340 1429 406 reputans,
1470 341 1585 389 tum
1615 350 1737 404 quae
1778 336 1899 390 mihi

2028 341 2279 395 ἐσκόπουν
2305 344 2340 397 ἆ
2360 362 2417 397 τε
2452 341 2596 415 εἶχον
2640 348 2696 399 ὲν
2741 347 2804 415 τῇ
2860 340 3098 411 ἐμαυτοῦ
3130 340 3337 415 διανοίᾳ
3365 384 3381 410 ,
3432 345 3529 400 καὶ
3557 346 3597 399 ἃ.

300 472 309 485 κ
339 427 555 480 animus
584 425 927 494 suggerebat,
966 434 1078 479 tum
1112 441 1234 496 qua
1279 441 1346 480 ex
1375 425 1658 499 Scriptura
1707 429 1911 483 didice-

336 530 477 581 ram,
501 516 942 577 considerabam,
967 532 1204 585 quonam
1237 518 1399 573 modo
1423 534 1620 589 magna
1650 535 1739 574 res
1766 530 1911 575 esset

340 606 525 669 homo,
574 620 699 660 cum
748 606 979 660 mortale
1030 606 1102 660 sit
1143 607 1364 670 animal,
1422 607 1910 665 innumerabilibus

340 697 638 751 obnoxium
672 697 1177 765 perturbationibus
1214 715 1228 751 ε
1263 698 1463 768 quippe
1499 699 1592 768 qui
1622 714 1687 754 ex
1718 715 1827 768 quo
1853 701 1909 753 in

340 791 516 844 lucem
561 797 645 845 est
686 789 887 854 editus,
923 789 991 843 ad
1040 798 1376 846 senectutem
1430 806 1599 861 usque
1650 801 1909 860 perpetuo

340 880 823 934 innumerabilium
888 881 1266 935 molestiarum
1326 888 1380 936 et
1434 882 1908 936 incommodorum

337 969 586 1022 examine
601 966 965 1031 conﬂictetur,
984 968 1051 1023 de
1067 983 1176 1038 quo
1193 968 1460 1037 scriptum
1477 973 1562 1022 est
1581 985 1592 1018 :
1618 984 1636 1017 ι
1656 966 1905 1033 Domine,

335 1061 464 1129 quid
513 1066 597 1115 est
644 1060 826 1124 homo,
872 1062 1023 1130 quod
1061 1075 1272 1114 memor
1312 1060 1539 1127 esejus,
1638 1068 1731 1112 aut
1762 1048 1907 1113 [il-ius

335 1152 594 1215 hominis,
639 1153 764 1221 quia
799 1161 1019 1222 reputas
1046 1152 1242 1206 eum?»
1274 1150 1442 1205 David
1478 1159 1536 1204 ut
1567 1150 1771 1204 animal
1800 1151 1908 1206 vile

333 1242 564 1312 despicit
614 1241 912 1306 hominem,
948 1255 1109 1311 quem
1166 1239 1425 1295 Salomon
1458 1246 1519 1294 ut
1546 1254 1801 1311 magnum
1853 1249 1907 1295 et

332 1338 654 1403 praeclarum
703 1335 832 1405 quid
878 1333 1033 1390 eﬂ‘ert
1074 1341 1129 1389 et
1167 1332 1536 1389 commendat.
1575 1334 1728 1387 Hanc
1772 1332 1905 1386 mihi

333 1427 731 1481 dubitationem
766 1426 957 1480 adimit
992 1426 1246 1491 historia,
1271 1441 1391 1495 quae
1416 1425 1484 1479 de
1518 1424 1755 1479 hominis
1781 1435 1905 1479 ortu

335 1517 552 1586 legitur.
584 1516 738 1572 Nunc
767 1519 912 1573 enim
955 1516 1266 1572 audivimus
1328 1516 1496 1570 Deum
1534 1515 1811 1585 accepisse
1839 1515 1907 1570 de

330 1609 463 1663 limo
494 1619 668 1675 terrae,
713 1620 876 1678 atque
918 1609 1190 1663 hominem
1241 1607 1529 1662 formasse.
1580 1605 1790 1672 Quibus
1839 1619 1907 1659 ex

331 1701 513 1755 verbis
557 1714 607 1755 et
657 1701 794 1754 nihil
819 1711 873 1755 et
901 1715 1153 1770 magnum
1187 1698 1449 1769 quiddam
1474 1711 1598 1753 esse
1627 1696 1902 1751 hominem

330 1792 587 1846 intellexi.
622 1792 688 1845 -Si
727 1801 977 1845 naturam
1016 1799 1233 1844 tantum
1285 1789 1408 1859 ejus
1458 1788 1717 1858 aspicias,
1770 1787 1904 1840 nihil

329 1887 412 1935 est
444 1881 627 1946 homo,
676 1889 729 1934 et
763 1880 917 1933 nullo
964 1878 1139 1948 pretio
1180 1877 1378 1949 dignus
1427 1896 1440 1931 :
1488 1877 1573 1931 sin
1617 1875 1902 1941 honorem,

326 1987 437 2041 quo
476 1970 702 2025 aﬂ'cctus
761 1980 867 2033 est,
920 1969 1259 2031 consideres,
1321 1982 1516 2036 magna
1557 1981 1648 2022 res
1700 1975 1802 2031 est,
1841 1979 1905 2019 ac

328 2064 605 2128 praeclara.
628 2061 913 2126 Quomodo
930 2062 1146 2116 locutus
1164 2070 1249 2115 est
1269 2060 1409 2115 Deus
1426 2060 1449 2112 ?
1466 2079 1489 2139 ,ι
1510 2057 1653 2125 Fiat,
1667 2076 1686 2109 ι
1704 2057 1901 2127 inquit,

334 2172 354 2202 ς
377 2154 490 2215 lux,
529 2160 584 2207 et
617 2152 756 2206 facta
791 2160 875 2207 est
901 2153 1010 2205 lux.
1046 2169 1063 2201 ι
1099 2149 1382 2220 Perpende
1408 2149 1648 2204 hominis
1680 2154 1735 2200 et
1768 2147 1905 2201 lucis

328 2245 781 2312 procreationmn.
823 2243 967 2298 Dixit
991 2265 1003 2299 :
1034 2263 1054 2294 ε
1083 2243 1201 2297 Fiat
1219 2244 1645 2310 ﬁrmamentum,
1682 2263 1701 2296 ι
1722 2251 1776 2299 et
1790 2258 1905 2297 ma—

329 2353 493 2405 gnum
513 2352 673 2405 supra
692 2352 791 2392 nos
807 2338 1003 2392 omium
1027 2344 1314 2392 extensum
1337 2346 1439 2402 est,
1467 2338 1634 2393 verbo
1652 2336 1746 2392 Dei
1769 2352 1905 2391 con—

330 2422 553 2477 fec:um.
590 2412 651 2477 Et
680 2426 868 2490 stellze,
895 2433 949 2479 et
976 2427 1079 2492 sol,
1108 2436 1161 2481 et
1189 2428 1338 2490 luna,
1370 2434 1423 2480 et
1443 2441 1806 2496 quascunque
1822 2427 1905 2480 vel

329 2516 504 2571 oculis
533 2516 829 2580 cernimus,
876 2516 961 2570 vel
999 2519 1181 2570 animo
1228 2516 1746 2586 comprehendimus
1790 2531 1906 2571 ma-

220 2616 225 2621 ‘
331 2606 667 2674 gnitudines,
700 2606 887 2670 verbo,
921 2613 983 2659 ut
1019 2615 1229 2672 essent,
1259 2616 1527 2661 assecutze
1557 2615 1706 2662 sunt.
1740 2607 1903 2672 Mare,

329 2706 383 2753 et
423 2706 589 2761 terra,
633 2705 689 2752 et
734 2704 960 2752 ornatus
991 2712 1202 2763 eorum,
1233 2706 1341 2752 tam
1368 2700 1519 2753 varia
1551 2711 1662 2754 tum
1691 2702 1902 2755 animac

328 2792 459 2844 lium
488 2803 598 2846 tum
623 2792 932 2861 plantarum
956 2806 1153 2860 genera
1187 2794 1352 2846 verbo
1380 2792 1520 2846 facta
1548 2801 1676 2847 sunt
1700 2795 1902 2850 omnia.

331 2882 506 2938 "orno
552 2898 790 2952 quonam
839 2882 1018 2938 factus
1052 2891 1135 2938 est
1179 2884 1385 2939 modo?
1412 2883 1531 2937 Non
1563 2882 1699 2937 dixit
1742 2902 1756 2938 :
1790 2883 1907 2937 Fiat

2014 432 2164 500 παρὰ
2198 435 2298 504 τῆς
2339 436 2564 506 Γραφῆς
2595 434 2972 506 δεδιδαγμένος
3010 436 3158 507 ήμην
3204 436 3457 507 περὶτοῦ
3494 438 3598 490 ἀν-

2014 518 2251 589 θρώπου.
2282 523 2455 588 Αὐτὸς
2494 523 2591 594 μὲν
2641 524 2750 595 γὰρ
2779 524 3100 596 ἐλογιζόμην
3125 565 3139 589 ν
3167 525 3404 589 ὅτι’πῶς
3441 526 3594 596 μέγα

2011 607 2328 679 ἄνθρωπος,
2379 612 2440 664 τὸ
2476 614 2738 684 ἐπίκηρον
2773 596 2910 677 ζῶον
2933 654 2947 677 ,
2993 614 3054 667 τὸ
3105 613 3319 684 μυρίοις
3356 614 3593 669 πάθεσιν

2013 699 2399 770 ὑποκείμενον,
2427 702 2489 755 τὸ
2519 703 2584 755 ἐκ
2615 703 2882 773 γεννητῆς
2908 705 2990 766 εἰς
3021 704 3195 774 γῆρας
3242 704 3452 776 μυρίων
3487 723 3593 760 κα-

2010 791 2122 845 κῶν
2150 793 2318 862 ἐσμὸν
2348 791 2635 859 ὲξαντλοῦν
2655 808 2668 822 '
2699 794 2828 865 περὶ
2859 788 2920 848 οὗ
2952 795 3168 865 εἴρηται
3187 810 3201 825 ο
3255 814 3276 847 r
3301 796 3500 867 Κύριε,
3536 797 3593 850 τι

2011 883 2129 935 ἐστι
2161 883 2466 954 ἄνθρωπος,
2498 884 2580 937 ὅτι
2610 885 2886 956 ἐμνήσθης
2919 886 3117 951 αὑτοῦ;
3145 886 3178 956 ἢ
3220 887 3336 952 υίὸς
3367 889 3589 961 ἀνθρὼ-

2013 991 2138 1038 που,
2166 975 2247 1027 ὅτι
2271 974 2546 1045 ὲγνώσθης
2580 974 2763 1045 αὐτῷ;
2799 993 2819 1030 ι
2850 977 3003 1030 Καιό
3030 976 3127 1046 μὲν
3152 978 3455 1049 Ψαλμῳδὸς
3489 997 3594 1034 κα-

2009 1068 2269 1136 ταφρονεῖ
2315 1067 2391 1128 ὡς
2434 1065 2677 1130 εὐτελοῦς
2720 1066 2813 1119 τοῦ
2868 1067 3031 1132 (seu,
3081 1069 3176 1122 καὶ
3223 1070 3256 1139 ἡ
3304 1070 3589 1141 Παροιμία

2012 1156 2380 1227 ἀποσεμνῦνει
2406 1158 2482 1221 ὡς
2527 1158 2674 1227 μέγα
2711 1174 2763 1210 τι
2793 1157 2885 1210 τὸν
2926 1156 3229 1230 ἄνθρωπον.
3283 1158 3443 1213 Ἀλλά
3493 1178 3590 1232 μοι

2011 1249 2111 1321 τὴν
2139 1249 2394 1320 τοιαύτην
2441 1249 2762 1321 διαπόρησιν
2795 1248 2982 1303 ἔλυσεν
3007 1252 3040 1321 ἡ
3067 1250 3275 1321 ἱστορία
3298 1251 3399 1322 τῆς
3425 1252 3587 1319 γενέ-

2014 1360 2152 1405 σεως
2180 1342 2274 1395 τοῦ
2314 1341 2600 1414 ἀνθρώπου
2634 1342 3062 1411 ἀναγνωσθεῖσα.
3124 1342 3424 1414 Ἦκούομεν
3471 1344 3590 1417 γὰρ

2013 1434 2108 1489 νῦν
2136 1436 2220 1488 ὅτι
2245 1435 2375 1498 Θεὸς
2402 1434 2559 1488 ἔλαϐε
2590 1433 2718 1505 χοῦν
2744 1434 2852 1488 ἀπὸ
2869 1435 2970 1505 τῆς
2996 1437 3118 1507 γῆς,
3153 1436 3246 1489 καὶ
3268 1435 3469 1490 ἔπλασε
3491 1436 3588 1490 τὸν

2012 1528 2295 1599 ἄνθρωπον
2307 1568 2320 1581 .
2344 1524 2420 1580 Εὖ
2429 1545 2518 1598 ρον
2535 1528 2593 1582 δὲ
2608 1529 2671 1581 ὲκ
2686 1526 2779 1581 τοῦ
2800 1528 3045 1600 ῥήματος
3065 1529 3256 1582 τούτου
3278 1529 3591 1601 ἀμφότερα,

2012 1619 2094 1672 ὅτι
2124 1617 2274 1671 οὐδὲν
2308 1616 2593 1689 ἄνθρωπος
2636 1618 2729 1671 καὶ
2757 1619 2900 1688 μέγα
2934 1617 3241 1689 ἄνθρωπος.
3291 1617 3417 1672 Ἐὰν
3449 1619 3595 1690 πρὸς

2010 1709 2109 1781 τὴν
2141 1706 2302 1778 φύσιν
2333 1708 2490 1787 μόνον
2523 1708 2855 1787 ἀποϐλέψῃς,
2886 1710 2947 1762 τὸ
2983 1709 3149 1780 μηδὲν
3174 1710 3268 1762 καὶ
3294 1709 3387 1762 τοῦ
3424 1711 3596 1780 μηδε-

2011 1802 2101 1865 νὸς
2140 1801 2320 1866 ἀξιοςο
2351 1785 2446 1855 ἐὰν
2479 1801 2536 1855 δὲ
2559 1785 2695 1873 πρὸς
2734 1801 2831 1873 τὴν
2858 1802 3021 1874 τιμὴν
3052 1803 3119 1874 ἥν
3148 1802 3405 1873 ἐτιμήθη,
3441 1802 3593 1873 μέγα

2012 1894 2315 1966 ἄνθρωπος.
2344 1895 2547 1959 Ποίαν;
2585 1914 2604 1946 ι
2661 1891 2828 1949 Εἶπεν
2858 1897 2885 1949 6
2924 1895 3076 1962 Θεὸς,
3111 1894 3400 1966 Γενηθήτω
3447 1894 3589 1964 φῶς,

2014 1986 2110 2039 καὶ
2141 1987 2359 2054 ἐγένετο
2386 1986 2519 2054 φῶς.
2557 2005 2575 2038 ι
2613 1977 3220 2059 Σύγκρινον’ἀνθρώπου
3251 1987 3464 2055 γένεσιν
3492 1988 3590 2042 καὶ

2017 2076 2194 2144 φωτὸς
2225 2077 2457 2145 γένεσιν.
2504 2077 2652 2129 Ἐκεῖ
2683 2073 2824 2143 εἷπε,
2860 2096 2880 2129 ι
2909 2077 3196 2148 Γενηθήτω
3226 2077 3533 2147 στερέωμα.
3565 2098 3585 2130 ι

2035 2167 2093 2220 Ὀ
2130 2168 2301 2236 μέγας
2335 2167 2559 2239 οὐρανὸς
2589 2167 2798 2222 ἄνωθεν
2825 2169 2954 2238 ήμϊν
2983 2166 3346 2238 ὑπερτέταται
3379 2167 3591 2237 ῥήματι

2012 2256 2147 2311 Θεοῦ
2188 2258 2475 2329 γενόμενος
2495 2275 2510 2289 ·
2538 2258 2784 2326 ἀστέρες,
2815 2258 2910 2319 καὶ
2932 2257 3099 2327 ἥλιος,
3137 2257 3231 2309 καὶ
3256 2256 3470 2326 σελήνη,
3492 2258 3591 2310 καὶ

2013 2349 2189 2403 πάντα
2225 2351 2326 2403 ὅσα
2356 2348 2669 2419 θεωροῦμεν
2694 2347 2976 2420 ὀφθαλμῷ,
3011 2349 3105 2401 καὶ
3130 2349 3230 2401 ὅσα
3275 2347 3387 2401 ἀνω
3412 2365 3589 2401 κατα-

2011 2440 2360 2511 λαμϐάνομεν
2397 2438 2623 2510 μεγέθη,
2657 2440 2863 2510 ῥήματι
2894 2432 3017 2508 ἔσχε
3048 2435 3109 2490 τὸ
3142 2424 3299 2491 srvat.
3326 2436 3592 2492 Θάλασσα

2012 2532 2107 2585 καὶ⁵
2138 2531 2229 2602 γῆ,
2277 2531 2370 2583 καὶ
2415 2532 2448 2600 ἡ
2502 2531 2560 2582 ὲν
2604 2529 2787 2592 αὐτοῖς
2834 2529 3210 2600 διακόσμησις,
3261 2528 3416 2594 ζώων
3451 2530 3591 2600 γένη

2012 2600 2332 2675 παντὸδαπά
2351 2638 2365 2651 ·
2398 2620 2578 2689 φυτῶν
2610 2620 2857 2691 διάφοροι
2897 2619 3178 2685 ποικιλίαι,
3206 2620 3387 2674 πάντα
3413 2620 3592 2675 ταῦτα

2013 2715 2091 2785 τῷ
2152 2716 2354 2785 ῥήματι
2420 2714 2663 2782 γέγονεν.
2737 2711 3056 2783 Ἀνθρωπος
3111 2711 3203 2777 δὲ,
3259 2712 3413 2780 mihi;
3468 2714 3589 2766 Οὐκ

2011 2806 2231 2878 ἐλέχθη,
2284 2806 2570 2877 Γενηθήτω
2611 2804 2894 2875 ἄνθρωπος
2920 2844 2935 2868 ,
2973 2803 3086 2871 ὡς,
3131 2803 3419 2875 Γενηθήτω
3467 2821 3590 2856 στε-

2014 2900 2222 2971 ρέωμα.
2265 2897 2426 2951 Ἀλλά
2457 2897 2638 2951 πλεῖόν
2688 2915 2740 2949 τι
2768 2898 2900 2967 ὁρᾷς
2932 2897 2990 2948 ἐν
3029 2896 3106 2966 τῷ
3134 2894 3404 2965 ἀνθρώπῳ
3444 2895 3591 2966 ὑπὲρ

333 2976 516 3039 hortm,
552 2983 610 3027 ut
644 2976 803 3039 dixit,
826 2974 1384 3041 Fiatﬁrmamentum.
1418 2976 1665 3045 Amplius
1698 2975 1899 3044 aliquid

2028 2989 2150 3059 ρῶς,
2198 2989 2339 3059 ὑπὲρ
2372 2989 2631 3057 οὐρανὸν,
2653 2989 2792 3059 ὑπὲρ
2846 2987 3166 3058 φωστῆρας·
3216 2987 3358 3057 ὑπὲρ
3406 2986 3590 3041 πάντα

330 3065 514 3120 cernis
563 3066 619 3119 in
672 3067 890 3121 homine
931 3081 1095 3137 quam
1144 3067 1199 3120 in
1246 3067 1386 3131 luce,
1440 3062 1604 3136 quam
1637 3068 1691 3120 in
1738 3069 1899 3131 coelo,

333 3173 496 3226 quam
528 3157 579 3211 in
614 3157 999 3213 iuminaribus.
1035 3157 1302 3215 Omnibus
1347 3160 1621 3215 antecellit
1663 3159 1902 3216 hominis

332 3251 660 3319 procreatio.
682 3268 700 3302 ι
726 3250 948 3320 Accepit
967 3251 1108 3307 Deus
1131 3272 1144 3306 :
1175 3273 1192 3305 ι
1226 3267 1388 3306 manu
1409 3253 1627 3323 propria
1644 3252 1902 3324 dignatur

329 3356 528 3411 corpus
561 3350 809 3415 nostrum
842 3341 1099 3397 formare.
1136 3342 1252 3397 Non
1280 3343 1448 3412 jussit
1505 3344 1713 3413 angelo.
1755 3344 1898 3410 Non,

328 3441 388 3487 ut
420 3433 658 3501 cicadas,
691 3444 883 3503 sponte
910 3449 1007 3489 sua
1039 3436 1265 3505 protulit
1287 3434 1561 3489 hominem
1587 3442 1753 3489 terra.
1782 3434 1897 3488 Non

304 3526 599 3581 .ministris
644 3525 1013 3582 Petcstatibus
1044 3527 1145 3582 hoc
1176 3525 1309 3580 illud
1345 3525 1653 3581 faciendum
1687 3525 1907 3580 manda-

328 3619 428 3684 vit,
458 3619 551 3675 sed
578 3635 742 3674 manu
766 3635 865 3675 sua
894 3620 1192 3676 benevolus
1211 3620 1409 3675 artifex
1438 3626 1639 3674 terram
1672 3619 1905 3701 accepit.

330 3710 388 3764 Si
431 3711 565 3765 illud
591 3712 734 3779 quod
778 3719 1055 3780 sumptum
1090 3719 1193 3776 est,
1245 3712 1463 3782 aspicis,
1515 3710 1649 3781 quid
1683 3711 1904 3766 homine

325 3797 421 3851 vili
434 3798 530 3852 us?
547 3798 642 3852 Sin
660 3800 927 3856 artificem
939 3803 1280 3866 consideras,
1303 3804 1434 3874 quid
1450 3805 1671 3859 homine
1687 3805 1902 3873 majus?

2011 3080 2365 3155 ήάνθρὼπου
2415 3079 2648 3149 γένεσις.
2698 3098 2716 3130 ι
2761 3077 2960 3130 Ἐλαὸε
2997 3077 3203 3147 Κύριος
3254 3078 3283 3128 6
3336 3075 3500 3139 Θεός·
3565 3097 3585 3129 ι
3684 3123 3691 3130 .

2012 3174 2259 3240 καταξιοῖ
2301 3173 2407 3242 ἰδίᾳ
2454 3172 2600 3242 χειρὶ
2628 3169 2945 3237 ,διαπλάσαι
2986 3167 3046 3220 τὸ
3086 3168 3353 3238 ἡμέτερον
3398 3166 3582 3237 σῶμα.

2011 3268 2085 3321 Οὐ
2123 3264 2452 3339 προσέταξεν
2484 3262 2731 3332 ἀγγέλῳ·
2766 3262 2863 3331 οὐχ
2891 3263 2924 3330 ή
2958 3260 3030 3330 γῆ
3065 3258 3368 3329 αὐτομάτοις
3389 3255 3585 3326 ὥσπερ

2009 3359 2136 3422 τοὺς
2182 3358 2438 3425 τέττιγας
2492 3356 2640 3426 ἡμᾶς
2686 3353 2972 3423 ὲξέόρασε,
3014 3351 3116 3404 οὐκ
3162 3344 3285 3403 εἶπε
3316 3347 3453 3418 τῷδε
3487 3351 3588 3402 καὶ

2008 3447 2146 3518 τῷδε
2193 3446 2414 3517 ποιῆσαι
2455 3445 2855 3515 λειτουργικαῖς
2909 3441 3223 3511 δυνάμεσιν.
3281 3438 3420 3491 Ἀλλ’
3479 3437 3592 3508 ἰδίᾳ

2008 3540 2155 3616 χειρὶ
2202 3540 2522 3611 φιλοτεχνεῖ,
2574 3538 2678 3608 γῆν
2727 3535 2935 3588 ἔλαϐεν.
2985 3534 3155 3587 Ὅταν
3200 3532 3335 3603 πρὸς
3380 3531 3445 3584 τὸ
3489 3531 3593 3601 λη-

2010 3636 2142 3704 φθὲν
2188 3634 2405 3706 ἀπίδῃς,
2450 3631 2505 3684 τί
2559 3631 2708 3682 ἐστιν
2756 3626 3069 3696 ἀνθρωποςς
3123 3625 3253 3706 ὅταν
3307 3622 3589 3706 πρὸς-τὸν

2000 3696 2285 3774 πλάσαντα
2311 3696 2653 3789 κατανοήσῃς
2676 3757 2692 3782 ,
2725 3715 2866 3784 μέγα
2886 3708 3192 3779 ἄνθρωπος,
3217 3701 3361 3755 ὥστε
3391 3698 3487 3753 καὶ
3515 3696 3582 3749 τὸ

2004 3810 2170 3883 μηδὲν
2199 3810 2288 3864 διὰ
2313 3809 2412 3881 τὴν
2440 3807 2595 3877 ὕλην,
2634 3805 2728 3860 καὶ
2751 3803 2893 3875 μέγα
2914 3799 3002 3853 διὰ
3033 3796 3130 3868 τὴν
3155 3795 3343 3864 τιμήν.

326 3891 796 3956 Quemadmodum
826 3901 1050 3963 prapter
1074 3895 1362 3953 materiam
1386 3910 1452 3950 eo
1474 3897 1614 3950 nihil
1645 3895 1916 3964 abiectius
1936 3934 1953 3962 ,
1983 3897 2065 3950 sic
2087 3902 2307 3963 prepter
2335 3893 2607 3948 etfectoris
2636 3890 2955 3960 dignitatem
2982 3886 3303 3958 praeclarius
3335 3883 3491 3938 nihil.

401 3998 422 4032 ι
444 3979 507 4034 Et
523 3982 731 4050 accepit
744 3979 903 4035 Deus.
919 4001 937 4033 ι
952 3980 1065 4035 Cur
1078 3994 1282 4048 autem,
1302 3999 1427 4039 cum
1445 3984 1789 4039 antedictum
1804 3984 1895 4048 sit,

329 4090 349 4123 ι
385 4070 449 4124 Et
466 4070 592 4126 fecit
614 4071 757 4127 Deus
784 4072 1082 4138 hominem,
1113 4094 1132 4128 ι
1165 4075 1254 4130 hic
1276 4076 1332 4129 in
1353 4075 1472 4145 ejus
1494 4075 1894 4144 procreatione,

323 4173 583 4234 tanquam
616 4164 669 4218 id
697 4180 806 4219 non
831 4165 1281 4232 intellexerimus,
1312 4167 1369 4221 in
1390 4167 1625 4221 historia
1654 4166 1893 4221 dicitur:

326 4272 347 4306 ι
371 4253 436 4307 Ει
457 4256 666 4325 accepit
693 4254 836 4312 Deus
867 4257 1144 4328 pulverem
1176 4274 1207 4313 e
1235 4267 1377 4312 terra
1414 4266 1469 4313 et
1507 4256 1764 4312 formavit
1797 4257 1907 4311 lto-

2080 4001 2099 4032 (
2128 3983 2236 4036 Καὶ
2260 3982 2447 4037 ἐλαϐεν
2487 3986 2517 4037 6
2544 3983 2695 4047 Θεός.
2726 4002 2746 4036 ι
2796 3980 2957 4034 Ἀλλά
2985 3979 3135 4044 πῶς;
3176 3978 3326 4031 Ἐκεῖ
3354 3977 3413 4029 ὲν
3463 3980 3584 4040 τοῖς

2004 4074 2257 4141 κατόπιν,
2294 4094 2311 4124 (
2328 4075 2435 4129 Καὶ
2466 4075 2720 4145 ἐποίησεν
2759 4076 2787 4126 6
2812 4072 2946 4136 Θεὸς
2971 4071 3061 4124 τὸν
3088 4070 3373 4142 ἄνθρωπον
3396 4088 3411 4100 ·
3434 4088 3454 4121 ι
3494 4072 3584 4123 sv.

2003 4165 2176 4220 ταῦθα
2204 4165 2284 4230 δὲ,
2318 4165 2526 4219 ἀνωθεν
2550 4165 2837 4237 ἀνθρώπου
2864 4165 3076 4234 γένεσις
3100 4179 3113 4192 °
3137 4162 3212 4226 ὼς
3247 4161 3415 4234 μηδὲν
3448 4163 3583 4232 περὶ

2001 4256 2289 4327 ἀνθρώπου
2318 4257 2715 4330 δεδιδαγμένων
2747 4255 2924 4328 ἡμῶν,
2953 4254 3162 4326 ἱστορία
3197 4253 3345 4321 λέγει
3369 4271 3383 4283 ·
3428 4272 3447 4304 ι
3467 4253 3583 4305 Καὶ

321 4345 607 4400 minem?»
642 4344 1006 4403 Tradiderunt
1049 4349 1162 4417 jam
1206 4349 1427 4418 quidam
1468 4348 1694 4402 verbum
1738 4348 1891 4412 illud,

2031 4349 2192 4403 λαὸεν
2214 4352 2243 4403 6
2270 4350 2400 4413 Θεὸς
2427 4349 2555 4420 χοῦν
2588 4349 2696 4402 ἀπὸ
2722 4348 2824 4419 τῆς
2845 4348 2966 4417 γῆς’
3009 4347 3100 4400 καλ⁸
3126 4346 3356 4398 ἔπλασεν
3386 4345 3414 4396 6
3442 4343 3581 4408 Θεὸς

326 4455 344 4486 ‹
375 4435 676 4501 Formavit,
708 4453 729 4486 ι
756 4439 824 4490 ad
851 4452 1053 4507 corpus
1084 4438 1279 4491 relern
1304 4453 1318 4490 :
1339 4454 1357 4486 ι
1385 4436 1535 4490 Fecit
1553 4453 1573 4487 ι
1596 4444 1799 4505 autem,
1823 4439 1891 4494 ad

320 4526 566 4580 animum
577 4526 730 4593 .Quae
746 4527 964 4597 quidem
983 4529 1122 4584 ratio
1139 4527 1279 4583 forte
1293 4543 1401 4582 non
1416 4526 1675 4583 abhorret
1691 4543 1721 4582 a
1736 4543 1887 4588 vero.

325 4619 393 4675 Ut
416 4637 540 4676 cum
571 4623 951 4692 exponendum
971 4632 1117 4679 esset
1145 4618 1418 4679 hominem
1445 4639 1568 4679 esse
1600 4624 1801 4678 factum
1829 4628 1897 4680 ad

323 4716 615 4786 imaginem
648 4714 762 4780 Dei,
798 4716 1063 4786 scriptum
1104 4716 1198 4783 sit,
1237 4735 1257 4768 ι
1297 4715 1443 4771 Fecit
1477 4735 1490 4770 :
1522 4735 1540 4766 ι
1564 4730 1688 4770 cum
1717 4725 1897 4772 autem

322 4818 468 4865 esset
509 4810 862 4878 explicanda,
909 4825 1029 4878 qua:
1060 4809 1130 4863 ad
1162 4809 1412 4880 corporis
1450 4810 1894 4865 constitutionem

324 4903 675 4973 pertinerent,
710 4917 774 4957 ea
802 4918 904 4957 vox
927 4945 941 4970 ,
980 4921 999 4955 ι
1038 4901 1336 4968 Formavit,
1377 4923 1396 4955 ι
1434 4901 1893 4975 adhibitafuerit,

324 4994 623 5063 praesertim
648 5008 771 5047 cum
801 4993 967 5047 David
994 4992 1113 5062 ipse
1143 4992 1437 5047 discrimen
1473 4993 1664 5046 horum
1702 4993 1897 5047 verbo-

326 5100 444 5138 rum
477 5084 732 5139 docuisse
765 5084 1031 5148 videatur,
1065 5082 1194 5137 dum
1226 5085 1431 5139 diceret
1465 5103 1478 5139 :
1515 5103 1534 5135 ι
1572 5084 1762 5139 Manus
1790 5093 1898 5139 tua:

325 5178 574 5232 fecerunt
605 5193 711 5244 me,
748 5185 802 5232 et
832 5176 1206 5231 formaverunt
1236 5194 1341 5232 me.
1383 5197 1402 5228 ι
1435 5175 1584 5231 Fecit
1622 5177 1895 5232 hominem

325 5267 677 5332 interiorem,
742 5266 1071 5321 exteriorem
1119 5265 1392 5321 formavit.
1445 5264 1703 5321 Formare
1749 5268 1897 5320 enim

322 5357 578 5426 congruit
621 5356 758 5422 luto,
813 5356 995 5412 facere
1030 5367 1209 5414 autem
1262 5359 1487 5428 imagini
1531 5358 1645 5413 Dei.
1688 5357 1894 5423 Quam-

322 5449 512 5505 obrem
543 5449 776 5504 formata
799 5458 882 5505 est
911 5465 1061 5517 caro,
1097 5453 1312 5507 animus
1332 5467 1462 5507 vero
1494 5451 1691 5505 factus.
1719 5449 1896 5519 Expo-

327 5543 449 5599 sitis
484 5544 648 5614 igitur
693 5552 840 5610 ante,
884 5562 1005 5618 quae
1056 5546 1121 5600 ad
1170 5542 1612 5603 constituendum
1656 5544 1893 5596 animum

325 5642 591 5703 spectant,
625 5650 766 5691 nunc
793 5653 856 5694 ea
894 5644 1101 5705 narrat,
1154 5651 1274 5707 qure
1319 5634 1389 5689 ad
1422 5648 1619 5703 corpus
1658 5629 1895 5685 conﬂan-

1999 4443 2090 4495 τὸν
2116 4443 2420 4515 ἄνθρωπον.
2448 4462 2466 4493 ι
2507 4441 2644 4512 Ἤδη
2673 4441 2815 4503 τινὲς
2845 4440 3077 4509 ἔφασαν,
3104 4437 3166 4490 τὸ
3207 4437 3304 4509 μὲν
3354 4455 3373 4487 ι
3411 4435 3579 4491 ἔπλα-

2001 4550 2091 4585 σεν
2114 4553 2130 4583 ι
2173 4534 2264 4586 ἐπὶ
2291 4532 2387 4585 τοῦ
2433 4530 2685 4602 σώματος
2718 4529 2967 4601 εἰρῆσθαι
2992 4546 3005 4558 ·
3040 4528 3100 4581 τὸ
3142 4528 3198 4581 δὲ
3230 4547 3247 4577 ι
3268 4528 3527 4596 ἐποίησεν
3554 4548 3599 4583 ιν

1998 4623 2091 4676 ἐπὶ
2113 4625 2212 4694 τῆς
2232 4623 2428 4694 ψυχῆς.
2458 4622 2617 4685 Ἴσως
2645 4621 2765 4675 οὐδὲ
2797 4620 2902 4688 ἔξω
2924 4621 3025 4691 τῆς
3049 4618 3307 4690 ἀληθείας
3333 4620 3363 4672 6
3394 4619 3575 4684 λόγος.

2002 4717 2175 4770 Ὅπου
2209 4716 2306 4786 μὲν
2348 4716 2456 4786 γὰρ
2495 4715 2708 4786 εἴρηται
2732 4755 2745 4778 ,
2788 4731 2808 4764 t
2834 4714 2946 4766 Kal.
2974 4712 3225 4783 ἐποίησεν
3269 4713 3298 4763 6
3325 4711 3457 4776 Θεὸς
3483 4713 3581 4765 τὸν

1998 4808 2306 4880 ἄνθρωπον,
2344 4827 2361 4859 ι
2415 4807 2536 4860 κατ’
2574 4806 2756 4859 εἰκόνα
2797 4804 2933 4858 Θεοῦ
2978 4804 3232 4875 εποίησεν
3275 4802 3464 4869 αὐτὸν,
3516 4804 3582 4856 τὸ

2004 4918 2022 4949 r
2055 4900 2308 4970 εποίησεν
2341 4918 2357 4950 ν
2386 4897 2615 4968 εἴρηται·
2640 4898 2772 4950 ὅπου
2795 4896 2850 4949 δὲ
2874 4896 3059 4949 λοιπὸν
3076 4896 3202 4965 περὶ
3218 4894 3317 4964 τῆς
3332 4910 3582 4964 σωματι-

1999 4992 2100 5061 κῆς
2134 4991 2479 5052 ὑποστάσεως
2511 4990 2641 5058 ἡμῖν
2675 4988 2960 5057 διηγεῖται,
2982 4986 3045 5039 τὸ
3074 5006 3093 5037 ι
3129 4985 3331 5039 ἔπλασε
3356 5005 3373 5037 ι
3403 4985 3579 5053 λέγει.

1998 5082 2267 5154 Διαφοράν
2298 5081 2353 5133 δὲ
2385 5082 2654 5151 ποιήσεως
2680 5080 2770 5132 καὶ
2796 5079 3047 5141 πλάσεως
3084 5078 3179 5130 καὶ
3211 5078 3240 5128 6
3268 5076 3580 5146 Ψαλμῳδὸς

1998 5174 2234 5239 ἐδίδαξεν
2268 5173 2475 5226 εἰπών’
2516 5174 2623 5224 «Αἱ
2669 5172 2848 5243 χεῖρές
2898 5189 2991 5224 σου
3046 5171 3309 5240 ἐποίησάν
3361 5186 3429 5241 με
3479 5170 3579 5222 καὶ

1997 5263 2236 5317 έπλασάν
2260 5279 2349 5333 με.
2382 5281 2399 5312 ι
2445 5261 2698 5333 Ἐποίησε
2740 5260 2831 5314 τὸν
2863 5260 2970 5313 ἔσω
3001 5259 3287 5330 ἄνθρωπον
3308 5299 3323 5324 ,
3370 5259 3575 5312 ἔπλασε

1997 5357 2087 5411 τὸν
2120 5354 2243 5420 ἔξω.
2275 5356 2383 5407 Καὶ
2417 5354 2525 5425 γάρ
2570 5354 2767 5425 πρέπει
2802 5355 2835 5424 ἡ
2874 5353 2972 5423 μὲν
3005 5350 3199 5414 πλάσις
3230 5349 3388 5420 πηλῷ
3412 5365 3424 5376 ·
3454 5350 3487 5418 ἡ
3517 5350 3577 5403 δὲ

2000 5447 2214 5517 ποίησις
2234 5445 2310 5515 τῷ
2344 5446 2463 5499 κατ’
2495 5444 2696 5498 εἰκόνα.
2737 5445 2898 5498 Ὥστε
2934 5441 3177 5513 ἐπλάσθη
3205 5441 3305 5511 μὲν
3331 5442 3364 5508 ή
3411 5440 3570 5511 σὰρξ,

1997 5538 2224 5608 ἐποιήθη
2257 5538 2314 5590 δὲ
2359 5538 2583 5609 ἡψυχή.
2622 5538 2767 5590 "Avo;
2807 5537 2985 5590 τοίνυν
3016 5534 3186 5590 εἰπὼν
3225 5535 3356 5605 περὶ
3396 5536 3579 5608 ψυχῆς

1996 5630 2365 5693 ὑποστάσεως.
2389 5628 2481 5684 νῦν
2505 5630 2633 5701 περὶ
2662 5630 2759 5696 τῆς
2788 5630 2927 5682 κατὰ
2943 5628 3005 5683 τὸ
3040 5629 3197 5701 σῶμα
3229 5628 3575 5693 διαπλάσεως
