3794 6000
3397 206 3511 260 282

260 306 379 373 ήμῖν
405 304 731 373 διαλέγεται.
761 307 888 376 Ἔχε
924 312 1018 364 καὶ
1044 313 1232 366 τοῦτον
1261 315 1352 367 τὸν
1373 315 1529 384 λόγον
1557 335 1570 347 ·
1604 319 1686 382 τίς
1709 319 1767 370 δέ
1799 324 1810 369 ε

1928 319 2057 373 dum
2091 321 2384 388 pertinent.
2414 317 2538 372 Haec
2567 320 2638 372 sit
2662 333 2767 372 una
2803 318 2962 371 ratio.
3016 319 3196 372 Altera
3229 326 3331 385 est,
3357 322 3501 389 quod

260 397 429 464 ἔτερος
451 395 610 458 ;"O1:t
632 397 700 450 τά
730 399 826 468 μὲν
852 401 910 452 ἐν
935 403 1215 474 κεφαλαίῳ
1239 404 1482 473 λέγεται·
1519 406 1588 459 τὰ
1615 408 1671 461 δὲ
1697 409 1810 462 καθ’

1925 410 2038 464 illic
2079 425 2194 464 rem
2237 411 2550 464 summatim
2593 409 2933 478 perstrinxit,
2975 408 3064 461 bie
3106 410 3346 473 modum,
3390 425 3500 478 quo

259 484 310 536 ὃν
333 485 526 555 τρόπον
555 486 780 554 γέγονεν
806 490 935 559 ἡμῖν
959 493 1326 561 παραδίδοται.
1360 482 1598 550 ’Ᾱνωθεν
1624 493 1716 552 οῦν
1737 500 1810 551 ὅτι

1924 499 2068 556 facta
2102 509 2210 564 est,
2257 502 2495 570 explicat
2526 508 2580 555 et
2621 506 2868 554 enarrat.
2903 499 3044 552 Ante
3089 497 3286 552 fecisse
3327 499 3496 554 Deum

260 576 339 627 καὶ
367 576 646 646 ἐποίησεν,
681 571 784 631 ὦδε
824 580 1060 644 καὶπῶς
1095 583 1369 653 ἐποίησεν.
1402 586 1465 638 El
1495 586 1602 657 γὰρ
1636 587 1810 651 ἁπλῶς

1923 591 2216 647 audivisti:
2240 606 2386 645 nunc
2415 606 2523 660 quo
2551 591 2712 645 modo
2744 589 2958 654 fecerit,
2985 587 3260 658 intelligis.
3287 587 3496 641 Etenim

257 662 395 719 εἶπεν
431 667 517 719 δτι
550 668 826 738 ἐποίησεν,
857 671 1112 741 ἐνόμισας
1149 673 1218 724 ἂν
1243 674 1322 726 ὅτι
1363 675 1616 744 ἐποίησεν
1644 677 1717 740 ὡς
1751 677 1810 730 τὰ

1921 683 1969 737 si
2011 682 2338 753 simpliciter
2372 683 2637 750 scriptum
2665 690 2810 735 esset
2839 697 2851 732 :
2881 678 3054 742 Fecit,
3104 679 3373 747 cogitares
3400 679 3496 732 ho-

259 761 436 828 κτήνη,
461 759 537 821 ὡς
565 759 633 812 τά
663 759 848 831 θηρία,
873 761 947 824 ὡς
975 762 1045 814 τά
1076 763 1240 830 φυτὰ,
1263 765 1338 826 ὡς
1362 765 1452 817 τὸν
1478 768 1686 836 χόρτον.
1703 769 1810 821 Ἵνα

1921 774 2125 827 minem
2163 772 2340 828 fuisse
2370 772 2610 834 factum,
2632 779 2691 824 ut
2723 770 2887 834 feras,
2914 779 2975 822 ut
3009 776 3148 832 cete,
3176 777 3235 822 ut
3258 770 3495 838 plantas,

255 845 336 902 οῦν
369 849 544 920 φύγῃς
570 851 672 920 τὴν
713 852 849 921 πρὸς
874 852 944 904 τὰ
983 852 1154 922 ἄλογα
1198 856 1511 921 κοινωνίαν,
1556 859 1656 927 τὴν
1687 859 1810 911 ίδιά-

1918 868 1980 914 ut
2033 861 2252 916 herbas.
2296 860 2566 926 Quocirca
2600 867 2661 913 ut
2694 865 2748 913 te
2794 873 2919 912 cum
2967 857 3368 927 agrestioribus
3413 857 3496 911 in-

262 188 350 244 28!
1009 194 1074 248 IN
1108 197 1358 264 VERBA,
1394 198 1772 256 FACIAMUS

1913 197 2195 268 ΜΙΝΕΜ,
2236 201 2414 267 ETC.,
2456 201 2660 259 ORAT.
2701 202 2770 257 Il.

253 939 442 1002 ζουσαν
476 940 605 1008 περὶ
645 941 705 992 σέ
742 941 835 994 τοῦ
857 942 992 996 Θεοῦ
1025 943 1399 1015 φιλοτέχνησιν
1427 947 1457 999 δ
1485 945 1641 1015 λόγος
1672 966 1816 1020 παρα

254 1029 463 1084 ἔδωκεν.
512 1049 532 1080 ι
555 1031 786 1084 Ἔλαϐεν
825 1035 854 1086 ό
879 1033 1011 1096 Θεὸς
1041 1035 1170 1104 χοῦν
1196 1036 1304 1088 ἀπὸ
1325 1037 1428 1104 τῆς
1460 1038 1581 1106 γῆς.
1612 1057 1630 1089 ι
1673 1041 1819 1092 Ἐκεῖ

253 1115 393 1170 εἶπεν
433 1119 516 1171 ὅτι
559 1120 843 1189 ἐποίησενο
883 1121 1114 1176 ἐνταῦθα
1145 1122 1202 1175 δὲ
1241 1122 1357 1186 πῶς
1395 1126 1636 1194 ἐποίησε.
1674 1126 1819 1180 Χοῦν

251 1207 430 1261 ἔλαϐεν
459 1211 570 1262 ἀπὸ
597 1211 695 1279 τῆς
720 1211 822 1279 γῆς
840 1252 856 1276 ,
897 1212 993 1264 καὶ⁸
1031 1211 1234 1265 ἔπλασε
1267 1216 1387 1276 ταῖς
1419 1215 1576 1281 ίδίαις
1603 1219 1813 1286 χερσίν.

260 1297 616 1368 Ἐνθυμήθητι
645 1299 763 1362 πῶς
785 1301 1078 1370 ἐπλάσθης,
1113 1301 1184 1354 Τὸ
1205 1304 1564 1375 ἐργαστήριον
1589 1308 1686 1376 τῆς
1712 1309 1816 1375 φύ-

250 1407 377 1453 σεως
405 1391 642 1458 λόγισαι.
670 1393 806 1463 Χείρ
835 1394 950 1446 ἐστι
984 1394 1248 1467 δεξαμένη
1289 1413 1347 1448 σε
1379 1397 1541 1450 Θεοῦ⁶
1571 1399 1632 1451 τὸ
1665 1401 1815 1470 παρά

247 1480 372 1532 Θεοῦ
407 1479 663 1546 πλασθὲν,
692 1482 780 1534 διὰ
802 1484 1066 1554 πονηρίας
1090 1484 1164 1554 μὴ
1195 1485 1414 1557 μιανθῇ,
1444 1487 1510 1540 δι’
1539 1489 1815 1560 ἁμαρτίας

248 1572 316 1640 μὴ
363 1570 628 1642 ἀλλοιωθῇ
656 1611 669 1635 ,
728 1573 801 1644 μὴ
851 1575 1092 1646 ἐκπέσῃς
1132 1577 1230 1645 τῆς
1281 1579 1463 1648 χειρὸς
1507 1581 1602 1634 τοῦ
1653 1581 1808 1636 Θεοῦ.

1921 951 2208 1021 telligeres
2236 951 2374 1004 nihil
2403 950 2605 1006 habere
2635 964 2949 1015 commune,
2976 948 3191 1019 Moyses
3213 949 3492 1020 proprium

1917 1050 1973 1098 et
1995 1045 2271 1114 singulare
2291 1043 2385 1098 Dei
2416 1044 2474 1098 in’
2505 1051 2559 1097 te
2582 1041 2822 1097 creando
2859 1041 3147 1095 artificium
3174 1042 3490 1110 explicavit.

1923 1152 1942 1185 ι
1975 1133 2220 1203 Sumpsit
2240 1134 2382 1188 Deus
2405 1134 2681 1202 pulverem
2703 1139 2920 1186 eterra.
2951 1151 2969 1183 ι
3001 1133 3173 1196 Tunc,
3201 1131 3327 1199 quid
3351 1130 3493 1184 Deus

1917 1223 2130 1288 fecerit,
2162 1223 2339 1277 dixit:
2379 1238 2551 1285 nunc,
2581 1236 2690 1290 qua
2739 1222 2953 1276 ratione
2982 1221 3192 1284 fecerit,
3246 1221 3489 1286 exponit.

1915 1314 2198 1370 Pulverem
2239 1315 2475 1384 sumpsit
2525 1328 2555 1368 e
2600 1321 2767 1378 terra,
2820 1312 3210 1380 hominemque
3256 1311 3492 1380 propriis

1915 1405 2170 1459 manibus
2199 1404 2476 1459 formavit.
2505 1404 2696 1473 Cogita
2728 1403 3189 1472 quemadmodum
3223 1402 3488 1455 formatus

1916 1495 2014 1560 sis,
2051 1495 2260 1548 homo:
2305 1502 2518 1548 natura:
2565 1505 2674 1547 tua:
2717 1493 3010 1546 artificium
3047 1491 3354 1546 considera.
3397 1490 3488 1543 Dei

1916 1601 2113 1642 manus
2137 1594 2221 1641 est
2264 1585 2379 1651 illa,
2407 1602 2530 1655 qua:
2560 1593 2614 1640 te
2643 1583 2917 1638 formavit.
2953 1584 3097 1637 Cave
3126 1599 3194 1638 ne
3228 1582 3322 1637 Dei
3352 1597 3490 1650 opus

243 1662 438 1725 Σκεῦος
469 1659 521 1715 εἷ
564 1663 892 1718 θεόπλαστον
921 1667 1071 1740 παρὰ
1103 1668 1237 1722 Θεοῦ
1270 1647 1557 1741 γενόμενον
1576 1691 1589 1704 ·
1624 1673 1810 1738 δόξαζε

1915 1677 2124 1747 ﬂagitio
2180 1677 2587 1745 coinquinetur,
2637 1691 2706 1729 ne
2751 1682 2976 1744 peccato
3022 1681 3388 1743 pervertatur,
3437 1681 3491 1728 ct

243 1755 330 1806 τὸν
359 1756 678 1826 ποιήσαντα.
713 1757 846 1810 Οὑδέ
881 1758 990 1830 γάρ
1019 1759 1178 1813 ἄλλου
1202 1762 1348 1826 τινὸς
1382 1764 1566 1817 ἐνεκεν
1603 1766 1811 1834 ἐγένου,

243 1846 273 1914 ἢ
304 1845 390 1898 ἵνα
411 1847 640 1917 ὄργανον
662 1844 732 1921 ᾖς
755 1849 1059 1919 ἐπιτήδειον
1085 1852 1185 1921 τῆς
1216 1853 1374 1923 δόξης
1399 1855 1493 1908 τοῦ
1518 1856 1672 1910 Θεοῦ.
1705 1859 1813 1911 Καὶ

242 1937 346 2006 γάρ
383 1939 413 1990 ό
439 1939 643 2009 κόσμος
669 1935 822 2003 οὗτος
845 1940 964 2004 ὅλος
987 1940 1177 2014 ὥσπερ
1209 1961 1261 1997 τι
1294 1945 1496 2014 βιϐλίον
1539 1947 1812 2018 ἔγγραφόν

241 2026 425 2092 ἐστιν,
477 2027 951 2098 ὑπαγορευόμενον
999 2031 1096 2102 τὴν
1152 2031 1246 2084 τοῦ
1301 2033 1436 2086 Θεοῦ
1481 2034 1676 2099 δόξανο
1715 2037 1812 2108 τὴν

240 2117 584 2186 ἀπόκρυφον,
621 2120 717 2172 καὶ
777 2121 1008 2190 ἀόρατον
1072 2122 1166 2175 τοῦ
1236 2124 1370 2187 Θεοῦ
1423 2127 1812 2198 μεγαλωσύνην

238 2207 302 2259 δι’
329 2209 496 2262 αὑτοῦ
530 2209 858 2278 διαγγέλλων
885 2229 967 2265 σοι
1003 2211 1081 2283 τῷ
1121 2213 1246 2268 νοῦν
1275 2215 1490 2285 ἔχοντι,
1527 2220 1606 2282 είς
1641 2235 1812 2272 κατα-

239 2299 419 2369 νόησιν
471 2300 749 2371 ἀληθείας.
791 2304 1014 2366 Πάντως
1055 2301 1146 2358 οὖν
1187 2306 1461 2379 μέμνησαι
1496 2311 1606 2364 τῶν
1654 2316 1806 2382 είρη-

241 2391 433 2461 μένων.

325 2570 464 2624 «Καὶ
492 2574 796 2644 ηὐλόγησεν
828 2577 1026 2639 αὐτοὺς
1068 2578 1096 2629 ὁ
1123 2577 1255 2641 Θεὸς
1286 2580 1376 2632 καὶ
1417 2572 1565 2633 εἶπεν
1591 2621 1606 2644 ,
1638 2579 1809 2645 Αίδξά-

236 2661 410 2727 νεσθε,
444 2666 540 2718 καλ⁸
590 2666 945 2736 πληθύνεσθε,
977 2670 1070 2720 καὶ
1121 2669 1447 2740 πληρώσατε
1496 2673 1591 2744 τὴν
1625 2674 1746 2743 γῆν.
1786 2695 1802 2724 ι

236 2754 409 2824 Διπλῆ
443 2755 695 2825 αὔξησις,
728 2758 761 2826 ή
799 2758 896 2827 μὲν
936 2756 1183 2828 σώματος
1207 2799 1222 2822 ,
1255 2761 1288 2829 ή
1320 2761 1376 2813 δὲ
1406 2761 1603 2832 ψυχῆς.
1652 2763 1810 2816 Ἀλλὰ

235 2849 267 2915 ή
296 2846 477 2916 ψυχῆς
499 2847 754 2918 αὔξησις,
797 2851 830 2919 ή
863 2849 950 2902 διὰ
977 2850 1084 2904 τῶν
1117 2838 1452 2922 μαθημάτων
1483 2855 1562 2916 είς
1597 2854 1809 2908 τελείω-

1913 1768 2137 1822 excidas
2168 1783 2198 1823 e
2228 1783 2394 1822 manu
2423 1767 2539 1822 Dei.
2564 1767 2642 1818 'l‘u
2675 1781 2736 1820 es
2760 1781 2856 1820 vas
2885 1781 2915 1818 a
2947 1764 3054 1819 Deo
3086 1765 3292 1830 fictum,
3326 1773 3490 1832 atque

1913 1858 2236 1923 conflatum,
2279 1859 2440 1914 lauda
2495 1858 2807 1913 effectorem
2851 1863 3005 1909 tuum
3050 1874 3060 1908 :
3113 1869 3290 1923 neque
3342 1855 3488 1908 enim

1915 1951 2080 2005 aliam
2113 1952 2184 2005 ob
2215 1965 2439 2004 causam
2477 1949 2654 2003 factus
2682 1965 2765 2013 es,
2797 1948 2903 2002 nisi
2941 1953 3000 2000 ut
3026 1947 3092 2000 ad
3125 1945 3218 2000 Dei
3254 1946 3484 2015 gloriam

1912 2039 2302 2094 celebrandam
2335 2054 2488 2094 esses
2529 2039 2955 2092 instrumentum
2990 2037 3482 2090 accommodatum.

1909 2122 1989 2178 Ac
2018 2124 2219 2179 divinae
2242 2125 2460 2195 quidem
2485 2126 2670 2194 gloria:
2689 2125 3029 2179 celebrandae
3050 2126 3333 2179 materiam
3363 2125 3483 2188 tibi,

1910 2223 2174 2285 tanquam
2206 2217 2346 2271 liber
2385 2217 2649 2286 scriptus,
2687 2217 2926 2285 suggerit
2955 2216 3106 2270 orbis
3147 2216 3234 2269 hic
3267 2216 3487 2269 univer—

1910 2321 2026 2363 sus.
2059 2307 2181 2362 Tibi
2207 2308 2354 2361 enim
2380 2317 2564 2361 mente
2596 2308 2822 2378 praedita
2850 2308 2915 2360 ad
2947 2308 3193 2361 veritatis
3220 2308 3486 2377 cognitio-

1911 2415 2035 2454 nem
2066 2399 2284 2452 nuntiat
2315 2415 2379 2452 ex
2411 2414 2469 2453 se
2506 2399 2963 2469 magnificentiam
3001 2398 3113 2453 Dei.
3142 2399 3485 2469 Quapropter

1905 2503 2095 2543 eorum
2119 2504 2240 2558 quae
2270 2489 2418 2543 dicta
2455 2496 2618 2552 sunt,.
2641 2489 2958 2544 recordare.

1985 2599 2003 2631 ι
2041 2579 2108 2633 Ει
2139 2579 2416 2635 benedixit
2442 2581 2522 2635 eis
2547 2580 2710 2645 Deus,
2738 2588 2792 2634 et
2819 2581 2895 2633 ait
2923 2599 2935 2633 :
2970 2579 3235 2643 Crescite,
3262 2588 3315 2634 et
3347 2582 3484 2634 mul-

1906 2671 2252 2740 tiplicamini,
2295 2683 2349 2726 et
2392 2672 2595 2739 replete
2630 2679 2854 2725 terram.
2886 2689 2904 2721 ι
2949 2671 3152 2740 Duplex
3187 2681 3269 2726 est
3303 2672 3484 2726 incre-

1909 2770 2172 2824 mentum,
2211 2775 2380 2813 unum
2412 2760 2683 2828 corporis,
2727 2760 2959 2814 alterum
3006 2761 3194 2813 animi.
3241 2761 3483 2831 Augetur

1909 2849 2148 2912 animus,
2177 2862 2302 2902 cum
2333 2848 2645 2917 disciplinis
2678 2848 2946 2902 excolitur
2983 2855 3147 2918 atque
3181 2851 3478 2918 perficitur.

237 2953 320 2990 σιν
345 2937 634 3007 προσθήκη
661 2955 673 2966 ·
703 2938 954 3008 σώματος
978 2941 1085 3012 γάρ
1112 2941 1368 3012 αῠξησις,
1405 2945 1438 3014 ή
1469 2945 1576 2997 ἀπὸ
1602 2945 1806 3017 ’μικροῦ

1912 2938 2121 3009 Corpus
2153 2947 2334 2994 autem
2352 2939 2576 3003 crescit,
2608 2939 2738 2993 dum
2769 2954 2834 2994 ex
2877 2953 3043 3008 parvo
3081 2940 3148 2992 ad
3174 2940 3381 3008 justum
3428 2949 3484 2994 ct

233 3029 314 3091 εἰς
366 3029 428 3081 τὸ
463 3029 702 3098 καθῆκον
750 3031 946 3101 μέτρον
1004 3033 1461 3098 ἀποκατάστασις.
1503 3035 1807 3101 Αὺξάνεσθε

231 3117 411 3170 τοίνυν
442 3122 557 3181 τοῖς
590 3119 688 3188 μὲν
710 3119 922 3188 ἀλόγοις
954 3119 1130 3184 ζώοις,
1155 3122 1292 3174 κατά
1323 3121 1420 3192 τὴν
1450 3121 1541 3175 τοῦ
1564 3123 1807 3193 σώματος

229 3210 532 3272 τελείωσιν,
549 3212 689 3264 κατὰ
715 3212 805 3265 τὸν
831 3213 1174 3283 ἀπαρτισμὸν
1207 3214 1306 3284 τῆς
1334 3215 1548 3283 φύσεως
1573 3207 1806 3286 εἴρηται,

232 3303 364 3370 ἡμῖν
391 3302 448 3355 δὲ
477 3302 773 3366 αὑξάνεσθε
807 3305 946 3358 κατὰ
965 3306 1056 3358 τὸν
1083 3305 1190 3358 ἔσω
1216 3306 1519 3376 ἄνθρωπον,
1545 3306 1686 3359 κατά
1712 3306 1809 3378 τὴν

231 3393 522 3463 προκοπὴν
562 3391 659 3463 τὴν
688 3395 767 3456 είς
799 3393 930 3446 Θεὸν
959 3390 1122 3448 οὖσαν
1141 3435 1156 3458 ,
1191 3392 1302 3459 οἷος
1330 3392 1396 3466 ἦν
1422 3397 1633 3460 Παῦλος
1655 3438 1668 3461 ,
1697 3399 1810 3461 τοῖς

235 3482 332 3551 μὲν
363 3481 672 3551 ἔμπροσθεν
724 3484 1165 3554 ἐπεκτεινόμενος
1184 3525 1197 3546 ,
1229 3485 1336 3538 τῶν
1361 3485 1406 3537 δ’
1437 3485 1660 3538 ὄπισθεν
1690 3487 1809 3539 ἐπι-

229 3573 648 3643 λανθανόμενος.
685 3573 834 3644 Αὕτη
871 3576 1016 3628 ἐστὶν
1053 3577 1085 3646 ἡ
1117 3575 1343 3646 αῠξησις
1390 3577 1496 3629 τῶν
1529 3578 1808 3648 θεωρημά-

229 3679 339 3715 των
362 3702 378 3726 ,
411 3663 694 3726 εὐσεϐείας
731 3663 1030 3735 ἀνάληψις,
1069 3667 1102 3735 ή
1147 3665 1240 3718 τοῦ
1279 3665 1524 3730 πλείονος
1566 3667 1804 3734 ἔκτασις,

227 3754 290 3807 τὸ
358 3755 718 3825 ἐπορέγεσθαι
745 3759 892 3827 ἡμᾶς
914 3757 1000 3809 ἀεὶ
1027 3757 1135 3811 τῶν
1167 3757 1354 3822 ὄντων,
1387 3759 1447 3810 τὸ
1475 3761 1805 3830 προγενόμε-

228 3859 320 3896 νον
355 3844 455 3913 μὲν
475 3846 563 3897 ἀεὶ
587 3845 815 3898 κατόπιν
845 3845 1040 3898 ἑαυτοῦ
1066 3846 1302 3914 ἀφιέναι,
1321 3847 1380 3898 τὸ
1407 3847 1462 3899 δὲ
1492 3851 1676 3902 λεῖπον
1709 3849 1807 3918 τῆς

228 3933 540 3999 εὐσεϐείας,
572 3935 726 3987 τοῦτο
779 3937 876 4007 ὅση
943 3935 1174 4006 δύναμις
1227 3936 1522 4008 ἐπιζητεῖν.
1565 3935 1689 4002 Ofe;
1739 3935 1807 4011 ἦν

241 4023 461 4088 Ἰσαὰκ,
495 4027 625 4095 περὶ
655 4019 716 4078 οὗ
765 4029 798 4097 ή
843 4027 1117 4097 μαρτυρία
1157 4027 1336 4098 ἐκείνη
1369 4029 1802 4100 ἀναγέγραπται,

227 4117 309 4169 ὅτι
344 4116 653 4188 προϐαίνων
686 4117 911 4186 ὑψοῦτο,
944 4117 1137 4188 μέχρις
1163 4112 1224 4170 οῦ
1261 4119 1431 4188 μέγας
1460 4121 1694 4188 ἐγένετο.
1730 4123 1803 4174 Οὐ

226 4209 340 4277 γὰρ
370 4209 606 4280 ἀπέστη,
633 4211 754 4262 οὐδὲ
784 4212 977 4281 μικρὸν
1003 4211 1260 4282 αὐξηθεὶς
1294 4212 1588 4281 ἀπέμεινεν
1618 4229 1632 4240 ”
1670 4212 1806 4265 ἀλλά

1908 3039 2296 3101 congruentem
2316 3031 2710 3101 magnitudinis
2733 3031 2953 3084 modum
2981 3031 3209 3086 accedit.
3239 3031 3484 3086 Crescite

1910 3121 2075 3191 igitur
2103 3120 2310 3175 dictum
2345 3129 2430 3176 est
2451 3121 2663 3175 ratione
2695 3120 3014 3176 carentibus
3042 3121 3392 3185 animalibus,
3428 3131 3484 3174 ut

1909 3211 1977 3263 ad
2024 3211 2329 3265 naturalem
2373 3211 2622 3280 corporis
2671 3209 3065 3279 perfectionem
3111 3211 3480 3280 pervenirent.

1907 3301 2077 3356 Nobis
2107 3311 2309 3366 autem,
2357 3311 2416 3355 ut
2451 3302 2731 3356 interioris
2778 3301 3015 3355 hominis
3065 3316 3360 3371 progressu
3395 3317 3484 3355 as-

1908 3391 2268 3447 cenderemus
2326 3392 2393 3445 ad
2457 3391 2667 3453 Deum,
2725 3391 3182 3460 quemadmodum
3242 3391 3478 3447 faciebat

1861 3481 1864 3484 ’
1908 3483 2131 3550 Paulus,
2161 3499 2282 3552 quae
2310 3483 2525 3552 quidem
2561 3489 2711 3536 retro
2749 3491 2900 3544 sunt,
2935 3483 3288 3548 obliviscens,
3324 3486 3390 3536 ad
3417 3497 3480 3536 ea

1909 3591 2037 3632 vero
2086 3591 2206 3646 quae
2249 3583 2376 3630 sunt
2420 3577 2659 3644 propria,
2715 3574 3017 3628 extendens
3063 3575 3326 3641 seipsum.
3369 3575 3480 3628 Au-

1908 3677 2188 3740 gmentum
2243 3668 2296 3722 fit
2343 3665 2822 3733 contemplatione,
2877 3665 3094 3733 pietatis
3143 3664 3316 3724 cultu,
3349 3664 3478 3716 dum

1910 3760 1979 3812 ad
2019 3759 2246 3813 meliora
2296 3755 2692 3826 progredimur,
2738 3754 2865 3808 dum
2917 3769 3127 3818 eorum,
3179 3769 3300 3822 qua:
3353 3771 3477 3809 vera

1909 3857 2038 3906 sunt
2058 3851 2222 3910 bona,
2255 3847 2554 3916 cupiditate
2583 3846 2826 3914 quotidie
2845 3847 3019 3916 magis
3056 3844 3476 3908 inﬂammamur,

1908 3940 2036 3994 dum
2081 3938 2224 4008 quod
2260 3938 2558 4008 praecessit,
2599 3945 2720 4006 post
2753 3951 2852 3990 nos
2891 3938 3276 4006 relinquimus,
3312 3946 3364 3991 et
3412 3939 3478 3992 ad

1909 4031 1961 4084 id
2006 4030 2222 4100 pietatis
2253 4028 2400 4099 quod
2429 4028 2702 4098 reliquum
2735 4037 2838 4092 est,
2883 4044 2980 4099 pro
3013 4028 3222 4082 viribus
3255 4037 3480 4082 conten-

1909 4121 2111 4175 dimus.
2161 4119 2312 4174 Talis
2337 4126 2458 4174 erat
2495 4119 2668 4181 Isaac,
2701 4119 2769 4172 de
2803 4134 2912 4188 quo
2937 4119 3310 4172 testimonium
3347 4119 3477 4172 illud

1913 4209 2194 4280 Scriptura
2228 4210 2431 4280 prodit,
2470 4211 2615 4280 quod
2647 4210 2938 4278 proficiens
2972 4210 3270 4269 crescebat.
3306 4210 3478 4274 donec

227 4301 554 4372 προέϐαινεν
575 4303 662 4354 ἀεὶ
682 4301 978 4373 διαδήμασι
1011 4303 1284 4373 μεγάλοις.
1314 4303 1592 4359 Διέϐαινεν
1617 4304 1710 4357 ἐπὶ
1735 4305 1804 4358 τά

1912 4317 2142 4372 magnus
2173 4301 2402 4357 effectus
2445 4308 2550 4356 est.
2583 4299 2770 4370 Neque
2807 4300 2953 4354 enim
2995 4299 3346 4364 consistebat,
3382 4315 3478 4354 ne-

226 4391 365 4461 ἔργα
390 4393 492 4462 τῆς
525 4393 723 4463 ἀρετῆς
743 4435 757 4458 ,
793 4392 946 4463 διέϐη
983 4393 1205 4464 μεγάλῳ
1240 4394 1442 4465 βήματι
1467 4394 1565 4466 τὴν
1595 4409 1807 4465 σωφρον-

228 4482 434 4553 σύνην,
485 4482 759 4554 ἐπέϐητῇ
795 4482 1125 4554 δικαιοσύνῃ.
1174 4483 1412 4537 Ἐκεῖθεν
1444 4483 1534 4536 ἐπὶ
1583 4483 1681 4553 τὴν
1710 4485 1805 4537 ἀν-

224 4575 414 4645 δρείαν
445 4575 634 4644 ἀνέϐη.
665 4574 820 4627 Οὕτω
870 4575 1192 4638 διαϐαίνων,
1244 4577 1336 4628 ἐπὶ
1379 4576 1440 4627 τὸ
1497 4574 1664 4646 ἄκρον
1711 4574 1804 4628 τοῦ

227 4665 402 4735 ὕψους
432 4665 527 4718 τοῦ
558 4663 762 4734 ἀγαθοῦ
795 4666 1124 4736 κορυφοῦται
1167 4668 1196 4718 ὁ
1237 4665 1461 4729 δίκαιος.
1498 4665 1804 4729 Αὐξάνεσθε

224 4755 321 4812 οὖν
347 4758 599 4825 αὔξησιν,
633 4758 730 4830 τὴν
758 4759 898 4812 κατὰ
927 4759 1059 4810 Θεὸν
1086 4757 1362 4812 τελείωσιν
1385 4799 1400 4822 ,
1429 4757 1525 4828 τὴν
1551 4759 1690 4812 κατά
1714 4757 1804 4810 τὸν

224 4847 375 4899 ἔνδον
398 4846 714 4916 ἄνθρωπον·
744 4845 1078 4916 πληθύνεσθε
1117 4845 1442 4917 Ἐκκλησίας
1470 4849 1537 4917 τῇ
1560 4847 1800 4917 εὐλογίᾳ.

224 4936 320 5007 Μὴ
343 4940 402 4990 ἐν
435 4937 518 4990 ἐνὶ
557 4938 951 5008 περιγραφήτω
987 4939 1020 5005 ή
1053 4937 1332 5004 θεολογία’
1365 4937 1481 4989 ἀλλ’
1513 4939 1592 5000 είς
1623 4939 1803 4992 πᾶσαν

223 5026 326 5097 τὴν
373 5027 479 5096 γῆν
523 5027 853 5099 κηρυχθήτω
901 5026 961 5079 τὸ
1007 5027 1334 5095 Εὑαγγέλιον
1368 5029 1464 5098 τῆς
1506 5029 1798 5099 σωτηρίας.

231 5139 247 5167 ι
265 5118 632 5190 Πληθύνεσθε.
650 5138 667 5169 ι
703 5120 892 5184 Τίνες;
923 5121 988 5174 Οἱ
1018 5120 1155 5173 κατά
1182 5119 1242 5172 τὸ
1254 5120 1582 5189 Εὐαγγέλιον
1607 5120 1803 5189 γεννώ-

227 5227 404 5280 μενοι.
436 5230 455 5263 ι
482 5211 817 5282 Πληρὼσατε
843 5210 940 5282 τὴν
967 5213 1086 5281 γῆν.
1114 5230 1132 5262 ι
1167 5211 1483 5282 Σάρκα.τὴν
1515 5211 1802 5282 δεδομένην

225 5303 358 5368 ὑμῖν
407 5303 491 5364 είς
548 5301 852 5371 ὑπηρεσίαν
945 5301 1270 5372 πληρώσατε
1329 5300 1548 5369 ἀγαθῶν
1603 5301 1798 5370 ἔργων.

234 5390 552 5463 Ὀφθαλμὸς
598 5392 813 5463 πλήρης
846 5391 986 5446 ἔστω
1012 5392 1103 5445 τοῦ
1146 5395 1276 5463 ὀρᾷν
1320 5393 1388 5446 τὰ
1421 5392 1626 5446 δέοντα.
1669 5395 1802 5464 Χεὶρ

221 5484 440 5556 πλήρης
467 5483 610 5536 ἔστω
632 5483 742 5536 τῶν
772 5484 988 5550 ἀγαθῶν
1017 5484 1210 5555 ἔργων.
1249 5485 1414 5546 Πόδες
1455 5484 1692 5538 ἔστωσαν
1725 5490 1802 5550 εἰς

218 5575 512 5646 ἐπίσκεψιν
544 5575 932 5642 ἀσθενούντων,
954 5577 1428 5652 πορευτικοὶδντες
1459 5577 1540 5645 ἐφ’
1572 5577 1605 5630 ἀ
1637 5596 1799 5652 προσ-

1907 4408 2013 4464 que
2041 4393 2320 4463 paululum
2345 4401 2540 4446 auctus
2560 4390 2935 4452 decrescebat,
2965 4389 3059 4443 sed
3094 4390 3305 4459 magnis
3335 4405 3478 4444 scm-

1906 4499 2004 4553 per
2063 4483 2256 4552 spatiis
2317 4481 2788 4552 progrediebatur.
2851 4479 3146 4536 Crescebat
3214 4481 3476 4534 virtutum

1908 4575 2132 4640 studiis,
2182 4582 2236 4630 et
2277 4574 2468 4630 officiis
2507 4591 2520 4628 :
2558 4573 2843 4628 crescebat
2880 4588 3075 4642 magna
3114 4573 3393 4627 modestia:
3425 4583 3478 4627 ct

1907 4666 2281 4734 temperantiae
2332 4665 2766 4735 progressione;
2827 4665 3108 4718 crescebat
3159 4664 3371 4730 iustitia
3425 4671 3477 4717 et

1905 4759 2184 4827 equitate.
2217 4755 2315 4812 His
2341 4757 2602 4826 gradibus
2625 4754 2693 4809 ad
2722 4756 2933 4809 virilem
2966 4763 3174 4807 aetatem
3209 4754 3473 4821 pervenit.
3567 4773 3576 4778 ·

1908 4851 1998 4907 Sic
2024 4853 2377 4923 progrediens
2405 4860 2460 4906 et
2493 4867 2753 4907 crescens
2775 4851 3060 4920 virjustus
3108 4847 3172 4899 ad
3202 4863 3475 4900 summum

1905 4946 2032 5000 boni
2055 4946 2330 5015 fastigium
2356 4946 2654 5000 extollitur.
2682 4944 2923 4999 Crescite
2952 4943 3116 5011 igitur
3141 4938 3476 5006 perfectione

1906 5037 2018 5102 illa,
2050 5053 2170 5106 quae
2216 5036 2324 5090 Deo
2359 5038 2556 5106 placet,
2599 5051 2719 5104 quae
2763 5033 2824 5088 fit
2855 5035 2907 5086 in
2941 5031 3160 5085 homine
3203 5030 3470 5086 interiori.

1904 5123 2339 5192 Multiplicamini
2395 5124 2653 5178 Ecclesia:
2706 5120 3077 5176 fmcunditate.
3132 5117 3212 5172 Ne
3250 5119 3304 5172 in
3361 5132 3471 5172 uno

1905 5215 2263 5271 concludatur
2304 5215 2544 5284 cognitio
2595 5213 2709 5275 Dei,
2759 5211 2852 5266 sed
2897 5209 2951 5264 in
3008 5225 3224 5264 omnem
3273 5219 3472 5264 terram

1903 5307 2274 5376 promulgetur
2328 5306 2522 5360 salutis
2564 5303 2925 5372 Evangelium.
2963 5296 3466 5370 «Multiplicamini.»

1905 5397 2040 5462 Qui?
2077 5397 2204 5455 Vos,
2256 5396 2348 5466 qui
2393 5398 2448 5449 in
2496 5395 2786 5466 Evangelio
2826 5393 2991 5466 geniti
3039 5392 3477 5462 estis.echlct.-.-

1907 5496 2425 5542 terramncarnem
2481 5487 2637 5541 vobis
2697 5485 2764 5539 ad
2821 5483 3238 5539 ministrandum
3290 5481 3469 5534 datam

1906 5579 2061 5634 bouis
2107 5581 2414 5638 actionibus
2462 5583 2681 5649 replete.
2731 5577 3020 5649 Repleatur
3062 5575 3250 5630 oculus
3282 5581 3469 5626 earum
