3794 6000
303 189 410 247 285

1571 196 1628 252 S.
1655 193 1982 252 GREGORII
2022 191 2320 251 NYSSENI

3445 189 3562 245 281»

236 303 256 322 ‘
308 319 488 360 rerum
520 313 764 375 aspectu,
813 322 933 376 quae
977 313 1137 362 recta:
1175 318 1322 362 sunt.
1364 307 1652 379 Repleatur
1683 326 1876 366 manus

2007 329 2098 381 με.
2131 312 2286 362 Πᾶσα
2333 311 2366 380 ἡ
2405 307 2510 361 τῶν
2547 306 2721 377 μελῶν
2770 306 2926 377 ὴμῶν
2973 306 3304 366 κατάστασις
3340 305 3560 376 πλήρης

306 396 565 464 operibus
602 396 776 450 bouis.
816 395 1146 466 Repleantur
1178 397 1360 452 itidem
1393 400 1556 470 pedes
1587 403 1652 455 ad
1702 402 1877 458 visen-

308 487 408 540 dos
452 502 737 560 pauperes,
786 493 838 540 et
872 487 934 539 ad
964 503 1046 551 ea,
1090 504 1210 556 qua:
1249 498 1486 558 Oportet,
1531 492 1877 561 exsequenda

1979 401 2119 454 ἔστω
2159 400 2267 452 τῶν
2303 400 2444 452 κατά
2493 397 2836 461 τάς,ὲντολάς
2864 397 3134 468 ἐργασιῶν
3157 413 3170 426 ·
3212 396 3372 452 τοῦτό
3408 399 3555 458 ἐστι,

1986 510 2004 541 ι
2029 489 2358 560 Πληρώσατε
2391 489 2487 560 τὴν
2517 487 2672 557 γῆν.)
2707 489 2899 542 Κοιναὶ
2925 489 3022 558 μὲν
3041 488 3098 540 αἱ
3121 488 3296 556 φωναὶ
3319 488 3410 540 καὶ
3439 489 3560 549 τοῖς

310 575 744 646 proﬁciscentes.
783 578 974 631 Omnia
1021 579 1255 648 denique
1296 585 1536 634 membra
1573 590 1760 636 nostra
1795 598 1879 635 re-

2007 582 2194 648 ιλόγοις
2216 597 2228 610 °
2261 579 2555 643 ἰδιάζουσαι
2580 579 2636 632 δὲ
2659 579 2917 647 γίνονται,
2949 579 3077 631 ὅταν
3112 578 3189 647 τῷ
3218 580 3337 630 κατ’
3367 576 3560 630 είκόνα

312 670 563 738 pieantur
602 669 980 724 observatione
1009 671 1385 725 mandatorum
1422 671 1534 725 Dei.
1569 671 1680 726 Hoc
1706 674 1876 742 signi-

311 757 436 810 lieat
467 773 526 809 ea
562 773 683 822 vos,
729 777 745 807 ι
786 757 1006 826 llcplete
1039 767 1258 812 terram.
1301 780 1319 812 ι
1353 761 1526 829 Atque
1557 762 1646 814 illa
1680 761 1875 826 oratio,

310 864 433 917 qua:
479 849 785 902 communis
828 860 912 902 est
952 850 1108 905 nobis
1154 867 1275 904 cum
1324 853 1549 921 reliquis
1590 853 1880 906 animanti—

312 940 436 1002 bus,
483 941 696 1009 preprie
741 941 975 996 refertur
1029 943 1094 995 ad
1145 959 1266 1002 nos,
1303 958 1425 996 cum
1464 945 1784 1014 intelligitur
1813 961 1879 999 ex

309 1048 373 1084 ea
411 1033 638 1094 ratione,
669 1049 774 1101 qua
821 1033 1070 1087 honorati
1103 1050 1313 1098 sumus,
1350 1044 1404 1089 et
1433 1034 1559 1087 facti
1593 1035 1658 1088 ad
1693 1036 1883 1105 imagi-

1983 675 2076 724 καὶ
2113 665 2157 738 ᾧ
2204 669 2560 740 ὲτιμήθημεν,
2580 670 2749 740 τούτῳ
2778 669 3129 740 χρησώμεθα.
3164 669 3244 721 Τά
3290 668 3387 738 μὲν
3449 669 3562 738 γὰρ

1983 761 2307 832 σωματικῶς
2335 760 2525 825 αὔξει,
2567 763 2729 831 ἡμεῖς
2759 761 2813 812 δὲ
2867 758 3250 829 πνευματικῶς
3278 775 3292 789 ο
3343 758 3435 811 καὶ
3483 756 3559 809 τὰ

1984 855 2079 923 μὲν
2120 852 2315 923 πληροῖ
2342 851 2439 923 τὴν
2491 852 2587 922 γῆν
2616 851 2691 921 τῷ
2720 851 2933 920 πλήθει,
2966 852 3125 920 ἡμεῖς
3154 850 3210 902 δε
3238 846 3559 918 πληροῦμεν

1980 947 2100 1008 ταῖς
2126 944 2352 1012 ἀγαθαῖς
2376 943 2656 1015 ἐργασίαις
2683 943 2778 1014 τὴν
2809 941 3240 1011 συνεζευγμένην
3262 941 3393 1009 ἡμῖν
3423 937 3555 1006 γῆν,

1982 1034 2230 1106 τουτέστι
2259 1033 2354 1104 τὴν
2387 1032 2700 1103 σωματικὴν
2724 1031 3046 1102 ὑπηρεσίαν.

313 1140 436 1178 nem
471 1124 582 1179 Dei.
625 1126 890 1181 Crescunt
924 1129 1066 1182 enim
1102 1135 1295 1182 cetera
1341 1129 1595 1182 animalia
1624 1129 1902 1197 corporeis
1940 1128 2312 1191 incrementis,
2351 1143 2451 1182 nos
2495 1135 2674 1180 autem
2727 1126 3082 1195 incorporeis,
3108 1131 3161 1177 et
3202 1122 3267 1175 ad
3300 1121 3559 1190 spiritum

315 1217 728 1286 pertinentibus.
775 1221 948 1287 Atque
1004 1221 1093 1272 illa
1138 1220 1355 1288 quidem
1398 1230 1598 1274 terram
1653 1222 1864 1290 replent
1907 1219 2272 1282 multitudine,
2311 1234 2408 1272 nos
2442 1225 2623 1272 autem
2665 1226 2864 1272 terram
2911 1214 3156 1284 corporis
3192 1212 3366 1266 nostri
3398 1210 3564 1264 bonis

312 1312 680 1380 conjunctam,
728 1313 885 1368 bonis
929 1315 1182 1382 operibus
1214 1315 1504 1384 replemus.

376 1421 409 1451 ν(
438 1400 573 1454 Ecce
601 1401 721 1455 dedi
746 1403 897 1456 vobis
923 1418 1082 1458 omne
1114 1404 1315 1474 lignum
1346 1405 1551 1458 habens
1574 1403 1806 1457 fructum
1827 1403 1882 1455 in

315 1492 629 1560 semetipso,
671 1501 730 1545 ut
769 1493 841 1546 sit
885 1494 1038 1548 vobis
1078 1495 1130 1547 in
1163 1510 1367 1550 escam.
1405 1514 1422 1545 ι
1453 1495 1530 1549 Ne
1560 1505 1879 1564 praetercur-

2061 1418 2077 1449 ι
2104 1398 2232 1450 Ἰδοὺ
2255 1397 2463 1450 δέδωκα
2491 1398 2618 1465 ὑμῖν
2653 1395 2804 1460 ξύλον
2829 1395 2856 1448 ὃ
2894 1395 3004 1464 ἔχει
3037 1396 3247 1467 καρπὸν
3271 1398 3328 1449 ὲν
3355 1395 3558 1464 ἐαυτῷ·

1990 1493 2115 1560 ὑμῖν
2198 1487 2348 1541 ἔσται
2398 1490 2476 1549 εἰς
2531 1485 2750 1556 βρῶσιν.
2787 1506 2804 1538 ι
2859 1488 3040 1557 Μηδὲν
3077 1487 3470 1558 παρατρεχιὲτω
3518 1489 3554 1556 ἡ

319 1591 402 1636 ι·;ιι
463 1582 726 1637 Ecclesia.
780 1583 972 1637 Omnia
1028 1585 1263 1655 legitima
1306 1593 1453 1640 sunt.
1517 1583 1634 1637 Non
1681 1583 1816 1637 dixit
1865 1601 1877 1636 :

2007 1580 2292 1652 Ἐκκλησία
2312 1597 2324 1608 °
2364 1580 2544 1634 πάντα
2594 1580 2797 1650 νόμιμά
2829 1581 2993 1632 ἐστιν.
3022 1580 3136 1632 Ούκ
3163 1575 3302 1643 εἰπε,
3337 1580 3563 1632 Δέδωκα

321 1673 451 1726 Dedi
525 1674 678 1727 vobis
739 1674 919 1742 pisces
968 1675 1033 1728 ad
1096 1676 1444 1730 vescendum.
1529 1674 1666 1743 Dedi;
1733 1674 1886 1728 vobis

318 1770 472 1826 crte,
527 1769 582 1817 et
625 1763 868 1831 reptilia,
919 1771 972 1818 et
1023 1763 1400 1833 quadrupeda.
1441 1762 1560 1817 Non
1626 1763 1770 1817 enim
1818 1763 1889 1818 ob

319 1854 373 1909 id
401 1870 464 1909 ea
499 1855 728 1908 creavit.
777 1854 882 1909 Sed
925 1857 1098 1924 prima
1143 1857 1231 1910 lex
1274 1858 1576 1918 concessit,
1606 1865 1664 1909 ut
1696 1855 1889 1908 fructi-

317 1947 421 2001 bus
457 1961 827 2001 vescerentur.
869 1947 1063 2001 Adhuc
1104 1949 1248 2001 enim
1289 1947 1544 2017 paradiso
1593 1947 1739 2016 digni
1787 1963 1888 2016 pu-

318 2037 588 2091 tabamur.
639 2034 859 2104 Ecquod
905 2037 996 2090 hic
1041 2037 1171 2090 latet
1222 2037 1585 2107 mysterium?
1624 2035 1794 2091 Nobis
1839 2046 1892 2091 et

319 2127 535 2190 bestiis,
571 2135 626 2181 et
673 2127 986 2182 volucribus
1038 2127 1154 2181 dati
1189 2135 1317 2182 sunt
1351 2126 1586 2192 fructus,
1621 2135 1674 2181 et
1701 2127 1888 2189 herba,

319 2216 389 2270 ad
415 2215 769 2279 vescendum,
801 2223 854 2269 et
887 2216 1204 2270 volucribus
1224 2217 1373 2280 (εαξη,
1400 2225 1453 2270 et
1483 2217 1741 2272 erunibus
1773 2217 1893 2270 ani-

322 2304 603 2379 mantibus
649 2312 826 2358 terrm.
877 2305 1056 2374 Atqui
1087 2305 1256 2359 multa
1309 2306 1589 2360 cernimus
1633 2305 1892 2359 animalia

323 2392 598 2448 fructibus
638 2410 746 2448 non
801 2396 970 2450 vesci.
1031 2395 1151 2462 Quo
1211 2398 1358 2452 enim
1412 2397 1592 2452 fructu
1647 2398 1895 2452 vescitur

324 2484 531 2551 pardus
587 2492 682 2537 aut
720 2486 861 2549 ,leo?
911 2484 977 2539 Hi
1009 2493 1189 2541 tamen
1243 2488 1350 2556 legi
1391 2497 1603 2542 natura:
1660 2489 1893 2556 subjecti

324 2574 597 2630 fructibus
639 2571 1111 2630 alebantur.‘Sed
1156 2592 1280 2630 cum
1317 2577 1481 2632 homo
1513 2579 1835 2635 recessisset
1863 2594 1893 2632 a

323 2665 616 2728 mandato,
668 2675 721 2720 et
759 2675 912 2720 extra
963 2667 1282 2736 paradisum
1323 2669 1486 2723 vitam
1533 2680 1735 2741 ageret,
1773 2681 1896 2742 post

322 2754 592 2808 diluvium
643 2755 838 2810 videns
893 2754 1160 2813 Dominus
1222 2758 1476 2814 homines
1519 2772 1892 2828 contumaces,

324 2846 602 2900 concessit
637 2846 739 2909 eis,
774 2855 832 2900 ut
863 2849 1121 2904 omnibus
1145 2858 1502 2906 vescerentur
1523 2870 1536 2906 :
1561 2851 1732 2908 Omne
1748 2854 1894 2923 quod

1989 1673 2115 1742 ὑμῖν
2144 1674 2269 1735 τοὺς
2310 1671 2496 1742 ἰχθύας
2530 1672 2608 1733 εἰς
2643 1670 2841 1741 βρῶσιν
2862 1710 2876 1733 ,
2926 1669 3128 1723 δέδωκα
3163 1671 3290 1740 ύμῖν
3326 1670 3396 1724 τὰ
3423 1671 3562 1743 κτή-

1990 1781 2074 1833 νη,
2140 1762 2210 1816 τά
2265 1762 2508 1834 ἑρπετὰ,
2559 1762 2628 1816 τὰ
2681 1762 2982 1832 τετράποδα
3015 1777 3029 1790 ⁸
3084 1763 3143 1814 ού
3189 1762 3298 1832 γὰρ
3347 1761 3560 1816 τούτων

1988 1854 2171 1907 ἕνεκεν
2223 1853 2444 1918 ἔκτισε,
2499 1853 2684 1923 φησίν.
2724 1852 2861 1906 Ἀλλ’
2919 1856 2952 1924 ή
3007 1852 3196 1924 πρώτη
3268 1853 3558 1926 νομοθεσία

1990 1945 2217 2016 καρπῶν
2256 1945 2550 1998 ἀπόλαυσιν
2601 1943 3007 2014 συνεχώρησεν
3049 1945 3127 1998 ἔτι
3164 1946 3269 2015 γάρ
3315 1943 3565 2012 ὲνομιζό-

1993 2037 2131 2107 μεθα
2165 2036 2304 2102 ἄξιοι
2332 2031 2468 2090 εἶναι
2512 2036 2605 2088 τοῦ
2636 2036 2983 2106 παραδείσου.
3025 2037 3180 2088 Ἔστι
3203 2035 3259 2088 δέ
3305 2053 3356 2088 τι
3398 2038 3454 2088 ὲν
3481 2034 3564 2104 τῷ

1990 2127 2302 2181 λανθάνοντι
2359 2128 2695 2198 μυστήριον;
2735 2129 2866 2197 ἡμῖν
2913 2127 3022 2196 γὰρ
3051 2129 3144 2180 καὶ
3188 2130 3300 2189 τοῖς
3349 2126 3564 2196 θηρίοις

1992 2220 2085 2272 καὶ
2116 2222 2226 2282 τοῖς
2259 2221 2519 2282 πετεινοῖς
2542 2219 2633 2271 τοῦ
2658 2217 2908 2289 ούρανοῦ,
2938 2219 3032 2271 καὶ
3063 2221 3195 2271 πᾶσι
3220 2221 3330 2281 τοῖς
3353 2218 3566 2288 θηρίοις

1991 2307 2089 2376 τῆς
2119 2308 2218 2377 γῆς
2258 2309 2304 2359 οἱ
2358 2307 2558 2376 καρποὶ⁸
2609 2304 2889 2374 ἐδόθησαν,
2929 2308 3021 2360 καὶ
3061 2309 3093 2376 ἡ
3143 2306 3291 2377 χλόη.
3327 2307 3437 2358 Καὶ
3487 2305 3565 2376 μὴ

1994 2396 2088 2449 νῦν
2121 2397 2337 2467 ὁρῶμεν
2384 2396 2554 2448 πολλά
2599 2395 2707 2448 τῶν
2753 2395 2954 2466 θηρίων
2989 2399 3218 2466 καρποῖς
3251 2395 3324 2467 μὴ
3369 2396 3568 2465 τρεφό-

1998 2505 2163 2560 μενα;
2198 2488 2333 2558 ποίῳ
2375 2488 2483 2557 γὰρ
2510 2488 2705 2558 καρπῷ
2751 2489 3106 2558 καταδέχεται
3135 2488 3393 2558 πάρδαλις
3434 2505 3568 2559 τρα-

1995 2582 2188 2650 φῆναι;
2217 2580 2300 2642 τίς
2341 2579 2397 2632 δὲ
2424 2579 2634 2649 καρπὸς
2655 2577 2892 2633 ,δύναται
2934 2579 3120 2633 λέοντα
3148 2579 3339 2650 θρέψαι
3364 2596 3378 2644 ;
3427 2579 3566 2632 Ἀλλ’

1995 2669 2140 2739 ὅμως
2189 2667 2485 2738 ταῦτα’τῴ
2534 2669 2681 2738 νόμῳ
2723 2669 2822 2738 τῆς
2869 2667 3081 2736 φύσεως
3125 2668 3566 2743 θὺποτεταγμένα,

1995 2764 2226 2831 καρποῖς
2255 2760 2581 2831 διετρέφετο.
2637 2761 2855 2832 Ἐπειδὴ
2895 2761 2951 2815 δὲ
2991 2763 3020 2812 ὁ
3073 2761 3354 2832 ἄνθρωπος
3395 2762 3567 2825 ἐξεδι-

1996 2851 2168 2922 ῃτήθη
2200 2851 2290 2902 καὶ
2325 2849 2482 2919 ἐξέϐη
2512 2849 2604 2902 τοῦ
2633 2851 2757 2921 ὅρου
2779 2849 2871 2903 τοῦ
2901 2849 3182 2920 δεδομένου
3215 2849 3378 2919 αύτῷ,
3427 2849 3572 2920 μετὰ

328 2949 601 3004 movetur,
636 2941 834 3010 inquit,
860 2949 914 2996 et
940 2942 1095 3006 vivit,
1121 2944 1226 2998 erit
1247 2945 1404 3001 vobis
1431 2946 1484 2999 in
1509 2947 1712 3014 cibum,
1738 2949 1894 3018 quasi

2007 2943 2086 2996 τὸν
2119 2941 2492 3012 κατακλυσμὸν
2521 2941 2674 3004 εἰδὼς
2701 2943 2728 2994 ὁ
2751 2940 2950 3012 Κύριος
2971 2941 3207 3010 ἀφειδεῖς
3223 2943 3346 3005 τοὺς
3361 2941 3571 3012 ἀνθρώ-

327 3033 476 3085 olera
523 3032 757 3085 virentia
801 3033 1002 3088 tradidi
1049 3035 1203 3091 vobis
1247 3037 1451 3091 omnia.
1501 3037 1621 3104 Quo
1673 3040 1893 3109 quidem

329 3137 611 3184 concesso.
647 3123 853 3194 reliqua
891 3126 1018 3180 item
1052 3127 1306 3183 animalia
1356 3130 1673 3185 comedendi
1721 3133 1893 3187 licen-

330 3214 458 3266 tiam
492 3221 646 3268 uacta
668 3222 831 3268 'sunt.

402 3304 478 3358 Ex
517 3320 584 3359 eo
629 3314 873 3377 tempore
919 3317 973 3362 et
1018 3307 1104 3363 leo
1153 3308 1500 3374 crudivorus,
1554 3319 1606 3365 et
1655 3313 1896 3368 vultures

329 3395 656 3450 cadaverum
690 3398 854 3452 avidi.
887 3398 1073 3468 Neque
1105 3400 1250 3454 enim
1283 3400 1445 3454 simul
1491 3416 1555 3455 ac
1575 3402 1741 3472 geniti
1768 3409 1898 3456 sunt

331 3494 531 3542 terram
571 3491 1107 3546 eircumlustrabant.
1137 3490 1385 3548 Nondum
1411 3494 1706 3564 quidquam
1732 3498 1898 3550 inter-

330 3578 468 3634 ierat
495 3597 682 3636 eorum
720 3600 842 3653 quze
875 3585 960 3640 vel
995 3601 1025 3639 a
1056 3585 1165 3642 Deo
1201 3586 1365 3651 facta,
1399 3589 1480 3643 vel
1510 3591 1690 3660 genita
1717 3597 1895 3657 erant,

330 3689 442 3744 quo
472 3675 717 3729 vultures
751 3677 1116 3732 nutrirentur.
1158 3677 1344 3750 Neque
1377 3688 1570 3734 natura
1611 3681 1900 3750 separabat

327 3770 384 3817 et
416 3763 780 3829 dissolvebat;
813 3766 1027 3835 vigebat
1064 3767 1229 3822 enim.
1267 3765 1454 3837 Neque
1491 3775 1779 3824 venatores
1809 3783 1901 3823 oc-

329 3853 614 3918 cidebant;
641 3856 881 3908 nondum
904 3859 1048 3911 enim
1073 3859 1341 3912 vacabant
1360 3859 1608 3915 homines
1631 3860 1899 3929 ejusmodi

330 3944 532 4001 studio.
567 3944 752 4014 Neque
787 3945 912 4000 ferre
946 3947 1318 4013 dilaniabant;
1355 3965 1529 4019 neque
1563 3953 1707 4005 enim
1742 3957 1902 4006 erant

332 4035 654 4090 crudivorae.
704 4036 812 4090 Nec
843 4039 945 4105 ipsi
969 4037 1215 4094 vultures
1250 4041 1395 4096 vesci
1433 4041 1792 4096 cadaveribus
1823 4056 1903 4102 as-

332 4135 627 4184 sueverant
653 4145 666 4189 ς
701 4129 957 4195 quoniam
987 4128 1225 4182 nondum
1252 4138 1412 4184 erant
1443 4130 1730 4196 cadavera,
1765 4147 1902 4187 non-

333 4221 463 4277 dum
496 4221 654 4283 fetor,
679 4222 919 4278 nondum
943 4223 1066 4277 talis
1087 4224 1365 4277 vulturum
1383 4225 1569 4291 cibus;
1602 4223 1695 4280 sed
1719 4225 1902 4280 omnia

2003 3052 2157 3098 πους,
2192 3034 2284 3087 ἐπὶ
2319 3034 2534 3086 πάντων
2557 3032 2653 3104 τὴν
2674 3032 2968 3086 ἀπόλαυσιν
2989 3033 3350 3103 συνεχώρησε.
3381 3034 3573 3088 Πάντα

2001 3123 2174 3177 ταῦτα
2208 3121 2448 3192 φάγεσθε
2474 3121 2547 3183 ὡς
2576 3120 2781 3190 λάχανα
2811 3120 3023 3191 χόρτου.
3054 3119 3236 3192 Ταύτῃ
3258 3121 3322 3189 τῇ
3355 3136 3571 3188 συγχω-

2005 3214 2158 3282 ρήσει
2183 3211 2274 3263 καὶ
2305 3210 2374 3263 τά
2397 3208 2560 3262 λοιπά
2589 3205 2702 3270 ζῶα
2729 3206 2885 3259 ἔλαϐε
2906 3207 3003 3276 τὴν
3029 3205 3121 3258 τοῦ
3144 3205 3341 3258 ὲσθίειν
3362 3204 3571 3258 ἄδειαν.

2086 3301 2176 3364 Ἐξ
2222 3302 2428 3353 ἐκείνου
2479 3298 2662 3352 λοιπὸν
2703 3297 2979 3368 ῶμοϐόρος
3011 3299 3039 3350 ὁ
3077 3297 3233 3362 λέων,
3263 3296 3320 3361 ἐξ
3358 3295 3572 3348 ἐκείνου

2006 3391 2100 3444 καὶ
2151 3389 2323 3459 γῦπες
2374 3389 2698 3459 ἀναμένουσι
2753 3387 3068 3458 θνησιμαία.
3120 3386 3194 3440 Οὐ
3242 3385 3409 3456 δήπου
3459 3384 3573 3454 γὰρ

2006 3481 2100 3533 καὶ
2131 3478 2302 3548 γῦπες
2330 3477 2463 3549 ὁμοῦ
2487 3477 2562 3549 τῷ
2583 3477 2899 3548 γεννηθῆναι
2922 3477 3033 3541 ζῶα
3058 3476 3449 3545 περιεσκόπουν
3471 3475 3575 3545 τὴν

2005 3570 2128 3640 γῆν.
2166 3568 2334 3625 Οὔπω
2365 3569 2470 3640 γάρ
2502 3585 2555 3620 τι
2583 3567 2819 3622 ἀπέθανε
2845 3569 2949 3621 τῶν
2985 3568 3132 3639 παρά
3153 3567 3285 3620 Θεοῦ
3319 3583 3579 3636 σημαινο-

2010 3663 2188 3733 μένων
2216 3661 2248 3732 ἢ
2281 3660 2604 3730 γενομένων,
2633 3659 2720 3712 ἵνα
2739 3659 2909 3727 γῦπες
2932 3658 3205 3728 τραφῶσιν
3229 3674 3243 3687 ·
3267 3657 3386 3710 οὔτε
3411 3657 3577 3728 φύσιν

2006 3753 2318 3824 διεχώρισεν
2342 3768 2355 3781 ο
2393 3751 2605 3821 ἀκμαία
2633 3751 2740 3821 γάρ
2765 3767 2777 3779 ·
2819 3751 2943 3803 οὔτε
2987 3749 3220 3821 θηραταὶ
3248 3749 3530 3803 ἀνάλωσαν
3559 3765 3575 3780 ·

2007 3841 2161 3899 οὔπω
2187 3845 2294 3914 γὰρ
2340 3843 2680 3910 ἐπιτήδευσις
2733 3841 3068 3913 ἀνθρώπων·
3109 3842 3228 3896 οὔτε
3285 3842 3452 3913 θηρία
3495 3841 3580 3894 δι-

2009 3934 2182 3988 έσπαο
2209 3933 2334 3986 οὒτε
2376 3932 2483 4002 γὰρ
2510 3929 2577 4003 ἦν
2610 3932 2886 4004 ὠμοϐόρα.
2914 3933 3049 4002 Γυψί
3090 3933 3146 3987 δὲ
3172 3933 3437 4003 ἀσύνηθες
3465 3933 3580 3986 ἀπὸ

2008 4024 2214 4096 νεκρῶν
2248 4023 2580 4078 διαιτᾶσθαι·
2611 4024 2751 4077 ὥστε
2786 4024 2937 4078 οὔπω
2962 4020 3026 4097 ἧν
3057 4025 3246 4096 νεκρὰ,
3275 4023 3428 4078 οὔπω
3447 4024 3580 4077 δυσ-

2008 4117 2163 4182 ωδία,
2201 4115 2352 4170 οὔπω
2391 4116 2613 4186 τοιαύτη
2651 4115 2826 4186 τροφὴ
2865 4117 3074 4184 γυπῶν,
3106 4116 3238 4169 ἀλλά
3267 4117 3466 4180 πάντες
3504 4117 3580 4170 τὰ

2010 4209 2223 4264 κύκνων
2267 4209 2543 4282 διῃτῶντο,
2575 4208 2668 4262 καὶ
2709 4208 2884 4261 πάντα
2923 4209 3048 4271 τοὺς
3090 4207 3359 4279 λειμῶνας
3385 4209 3578 4261 ὲπενέ-

336 4328 489 4368 more
535 4328 830 4384 cycnorum
878 4315 1225 4380 victitabant,
1271 4317 1453 4370 omnia
1496 4317 1551 4370 in
1597 4317 1770 4386 pratis
1806 4332 1894 4386 pa-

2013 4320 2162 4374 μετο.
2190 4303 2296 4355 Καὶ
2326 4297 2413 4356 οἷα
2454 4299 2666 4371 δρῶμεν
2697 4298 2862 4363 κύνας
2903 4299 3199 4371 θεραπείας
3232 4301 3416 4356 ἕνεκεν
3445 4301 3579 4354 πολ-

335 4405 653 4458 scebantur.
681 4404 746 4458 Et
769 4407 1226 4474 quemadmodum
1251 4408 1495 4462 videmus
1519 4423 1685 4464 canes
1707 4408 1904 4465 herbas

338 4495 643 4548 curationis
705 4510 871 4549 causa
913 4512 1057 4566 smpe
1113 4497 1419 4562 comedere,
1465 4514 1574 4554 non
1625 4501 1770 4569 quod
1815 4501 1906 4555 ille

333 4585 494 4640 cibus
543 4585 623 4640 eis
670 4587 742 4639 sit
786 4589 1080 4656 naturalis,
1137 4590 1232 4646 sed
1287 4599 1493 4645 naturaa
1545 4591 1777 4660 quodam
1822 4593 1907 4646 in-

335 4676 540 4732 stiuctu
569 4679 884 4733 commoniti
915 4678 1164 4736 feruntur
1207 4681 1273 4736 ad
1307 4681 1360 4736 id
1389 4682 1531 4751 quod
1562 4683 1903 4739 salutiferum

336 4763 446 4818 illis
473 4763 721 4819 futurum
739 4777 838 4830 est,
871 4769 952 4826 sic
973 4771 1263 4824 crudivora
1288 4779 1418 4825 tunc
1440 4773 1702 4827 animalia
1725 4781 1902 4836 erant,

337 4871 446 4910 non
497 4865 553 4910 ut
615 4858 718 4912 sibi
775 4859 1018 4914 vicissim
1065 4860 1294 4916 insidias
1345 4870 1641 4926 struerem,
1694 4863 1789 4918 sed
1847 4870 1906 4917 ut

337 4961 458 5000 mox
480 4947 546 5001 ad
575 4948 858 5017 pristinam
881 4951 1123 5006 redirent
1144 4953 1616 5009 consuetudinem.
1639 4954 1906 5009 Caeterum

339 5036 504 5092 homo
530 5041 824 5095 revertitur
876 5041 938 5095 ad
974 5043 1264 5111 pristinum
1307 5052 1530 5111 statum,
1581 5047 1905 5116 improbam,

337 5144 726 5193 aerumnosam.
778 5133 1142 5204 servilemque
1196 5134 1250 5188 in
1295 5136 1442 5189 victu
1489 5135 1907 5190 sollicitudinem

339 5221 623 5277 omittcns.
671 5221 764 5278 Sic
813 5225 958 5280 enim
994 5225 1060 5279 ad
1105 5226 1274 5280 vitam
1320 5226 1461 5281 redit
1492 5226 1611 5296 ejus
1651 5225 1906 5288 similem,

337 5327 500 5380 quam
537 5314 764 5383 degebat
801 5316 858 5370 in
895 5317 1169 5385 paradiso,
1203 5332 1232 5371 a
1269 5318 1453 5372 carnis
1482 5315 1911 5388 perturbationi-

343 5403 449 5458 bus
501 5413 783 5469 remotam,
828 5422 1100 5473 securam,
1147 5417 1200 5463 et
1237 5409 1484 5470 liberam,
1527 5418 1582 5463 et
1625 5422 1749 5462 cum
1798 5407 1908 5460 Deo

342 5503 510 5566 atque
536 5498 744 5567 angelis
773 5499 1143 5568 conjunctam.
1186 5498 1309 5554 Haec
1339 5515 1370 5554 a
1402 5499 1561 5554 nobis
1593 5499 1735 5552 dicta
1759 5505 1904 5563 sunt,

343 5603 452 5643 non
485 5588 628 5657 quod
665 5589 912 5647 homines
944 5591 1013 5647 ab
1038 5609 1138 5649 usu
1171 5593 1416 5649 ciborum
1448 5605 1477 5643 a
1515 5588 1622 5644 Deo
1648 5600 1911 5642 concesso

2007 4395 2162 4457 λὰκις
2194 4395 2466 4465 ἄγρωστιν
2507 4391 2949 4460 ὲπινεμομένους,
2982 4393 3082 4445 οὐκ
3113 4391 3294 4462 ἐπειδὴ
3320 4393 3578 4463 συμφυὴς

2007 4485 2187 4547 αὐτοῖς
2207 4485 2298 4536 ἐστ
2307 4501 2353 4536 ιν
2374 4485 2406 4554 ἠ
2423 4482 2617 4553 τροφὴ,
2633 4481 2746 4534 ἀλλ’
2758 4483 2946 4554 ἐπειδὴ
2963 4483 3229 4552 ἀδιδάκτῳ
3243 4482 3346 4535 τινὶ
3361 4481 3580 4551 φύσεως

2005 4575 2320 4645 διδασκαλία
2341 4575 2432 4627 ἐπὶ
2460 4572 2519 4626 τὸ
2536 4573 2812 4644 συμφέρον
2830 4575 3046 4644 ἔρχεται
3063 4572 3331 4639 τάἄλογα’
3350 4571 3577 4624 τοιαῦτα

2007 4667 2218 4736 λόγισαι
2242 4663 2380 4720 εἶναι
2409 4667 2646 4722 καὶ-τότε
2671 4668 2740 4722 τά
2773 4666 3030 4736 ὡμοὸόρα
3051 4664 3158 4718 τῶν
3183 4662 3356 4729 ζώων,
3382 4663 3576 4732 χόρτον

2006 4758 2218 4820 ἑαυτοῖς
2246 4757 2450 4826 τροφὴν
2474 4758 2724 4820 ἐπινοεῖν,
2749 4757 2848 4809 οὐκ
2869 4755 3116 4825 ἀλλήλοις
3138 4751 3574 4806 ὲπιδουλεύοντασ

2007 4848 2122 4902 ἀλλ’
2148 4849 2235 4902 οἵα
2282 4847 2462 4918 μέλλει
2493 4844 2630 4902 εἶναι
2665 4847 2803 4918 μετά
2833 4847 3005 4900 ταῦτα
3045 4848 3079 4916 ἡ
3109 4844 3574 4906 ἀποκατάστασις,

2008 4941 2229 5011 τοιαύτη
2260 4935 2328 5010 ἦν
2356 4943 2388 5010 ἡ
2424 4938 2611 5010 πρώτη
2641 4939 2869 5007 γένεσις.
2915 4939 3303 5009 Ἐπανέρχεται
3331 4935 3386 4988 δὲ
3421 4936 3450 4986 ὁ
3479 4934 3577 4988 ἄν·

2011 5034 2227 5104 θρωπος
2264 5033 2356 5085 ὲπὶ
2384 5031 2482 5102 τὴν
2515 5031 2683 5084 πάλαι
2710 5031 2873 5084 αὑτοῦ
2901 5031 3254 5093 κατάστασιν,
3289 5029 3384 5100 τὴν
3409 5044 3581 5097 πονη-

2014 5124 2133 5196 ρίαν
2161 5123 2432 5193 ἀφέμενος
2455 5139 2467 5151 ·
2503 5121 2601 5193 τὴν
2634 5121 3032 5191 πολυμέριμνον
3059 5120 3262 5191 ταύτην
3291 5117 3454 5189 ζωὴν,
3477 5118 3579 5189 τὴν

2009 5217 2140 5285 περί
2164 5214 2232 5269 τὰ
2270 5215 2498 5285 βιωτικά
2534 5214 2633 5284 τῆς
2678 5213 2854 5284 ψυχῆς
2898 5211 3173 5278 δουλείαν,
3200 5210 3370 5264 ταῦτα
3399 5209 3580 5262 πάντα

2011 5307 2366 5378 ἀποθέμενος,
2416 5307 2506 5360 ἐπὶ
2530 5307 2620 5360 τὸν
2659 5307 2717 5359 ὲν
2749 5305 3058 5376 παραδείσῳ
3102 5305 3431 5373 ὑποστρέφει
3467 5303 3610 5372 βίον

2011 5401 2216 5453 ἐκεῖνον
2260 5399 2350 5451 τὸν
2391 5397 2684 5451 ἀδούλωτον
2709 5398 2820 5459 τοῖς
2862 5395 3056 5449 πάθεσι
3097 5396 3198 5464 τῆς
3233 5395 3452 5465 σαρκὸς,
3489 5393 3585 5448 τὸν

2014 5490 2312 5558 ἐλεύθερον,
2340 5490 2430 5542 τὸν
2449 5489 2567 5558 Θεῷ
2597 5487 2898 5558 συνόμιλον,
2936 5487 3025 5540 τὸν
3062 5487 3315 5554 ἀγγέλοις
3341 5484 3581 5555 ὁμοδίαι-

2012 5601 2120 5637 τον.
2173 5581 2353 5636 Ταῦτα
2387 5581 2560 5635 τοίνυν
2615 5579 2828 5647 εἴρηται
2877 5580 3026 5646 ἡμῖν,
3072 5580 3171 5632 οὐκ
3226 5578 3412 5631 ἐπειδὴ
3445 5577 3584 5632 ἀπο-
