3766 5988
174 211 273 267 285
386 196 395 201 ,

921 213 989 270 IN
1030 211 1279 282 VERBA,
1318 212 1701 271 FACIAMUS
1740 212 2128 282 HOMINEH,
2166 211 2346 279 ETC.,
2376 209 2586 266 ORAT.
2626 208 2692 264 ll.

3317 200 3427 262 286

174 321 371 378 κλείειν
399 321 641 395 θέλομεν
671 324 772 394 τῆς
798 323 1090 395 δεδομένης
1113 327 1249 397 ἡμῖν
1284 324 1434 397 παρά
1460 324 1596 379 Θεοῦ
1631 326 1756 397 χρή-

1928 326 2091 382 limus
2129 323 2419 381 excludere
2456 341 2469 377 :
2507 321 2602 377 sed
2635 327 2695 373 ut
2733 317 2987 388 praeteriti
3018 317 3277 386 tcnporis
3306 317 3428 374 feli—

179 433 316 479 σεως
341 414 451 469 τῶν
479 414 812 487 βρωμάτων,
842 416 959 469 ἀλλ’
989 416 1075 473 ἵνα
1099 417 1189 470 τὸν
1219 416 1554 490 παρελθόντα
1583 435 1760 488 μακα-

180 507 417 578 ρίσωμεν
457 507 652 578 χρόνον
679 524 695 539 ο
723 507 809 560 οἶα
851 502 920 576 ἦν
960 509 994 578 ή
1039 506 1184 579 Cum?
1219 508 1368 572 ὅπως
1420 508 1753 581 ἀπροσδεήςο

177 595 289 660 πῶς
320 595 521 665 ὀλίγων
562 595 774 649 ἐδέοντο
806 595 943 662 πρὸς
977 595 1074 667 τήν
1105 594 1198 649 τοῦ
1237 595 1353 666 βίου
1402 596 1672 669 διαγωγὴν
1707 597 1758 650 οί

173 686 457 759 ἄνθρωποι
482 702 496 717 ’
533 685 650 751 πῶς
677 686 739 739 τὸ
770 687 1010 741 ποικίλον
1043 689 1142 758 τῆς
1178 688 1386 761 διαίτης
1416 693 1545 761 ήμῖν
1586 692 1620 762 ἡ
1664 692 1758 761 τῆς

76 816 83 825 .
177 774 459 846 ἁμαρτίας
489 776 907 846 συνεισήνεγκεν
928 776 1099 830 αἰτία.
1145 776 1362 848 Ἐπειδὴ
1385 778 1493 848 γὰρ
1517 781 1616 850 τῆς
1635 778 1761 850 ἀλη-

174 865 334 934 θινῆς
362 862 580 937 τρυφῆς
617 865 718 935 τῆς
749 868 807 919 έν
844 865 920 937 τῷ
959 866 1272 939 παραδείσῳ
1295 867 1652 938 ὲξεπέσαμεν,
1676 887 1760 922 νε-

174 955 512 1025 νοθευμένας
546 956 749 1028 τρυφὰς
773 958 986 1020 ἑαυτοῖς
1009 957 1404 1030 ἐπενοήσαμεν.
1436 961 1546 1014 Καὶ
1573 960 1758 1033 ἐπειδὴ

174 1046 361 1099 οὐκέτι
402 1045 672 1117 βλέπομεν
710 1047 770 1100 τὸ
794 1047 949 1114 ξύλον
972 1047 1074 1118 τῆς
1112 1048 1279 1119 ζωῆς,
1315 1050 1436 1104 οὐδὲ
1464 1050 1543 1122 τῷ
1573 1051 1757 1105 κάλλει

174 1136 373 1206 ἐκείνῳ
402 1137 828 1208 ὲναϐρυνόμεθα,
867 1139 1129 1210 ἐδόθησαν
1173 1142 1305 1212 ἡμῖν
1337 1144 1415 1206 εἰς
1464 1142 1758 1197 ἀπόλαυσιν

178 1226 439 1297 μάγειροι
461 1224 645 1277 λοιπὸν
667 1226 761 1279 καὶ
785 1227 1084 1298 ἀρτοποιοίη
1113 1229 1208 1282 καὶ
1243 1231 1548 1302 πεμμάτων
1580 1250 1759 1286 ποικι-

173 1313 286 1367 λίαι
314 1315 414 1367 καὶ
445 1313 827 1385 θυμιαμάτων,
868 1316 963 1370 καὶ
995 1318 1221 1372 τοιαῦτά
1252 1337 1376 1375 τινα
1404 1322 1759 1393 παραμυθού-

178 1421 318 1474 μενα
344 1403 505 1475 ήμῶν
535 1404 634 1476 τήν
671 1407 880 1461 ἐκεῖθεν
908 1406 1180 1462 ἔκπτωσιν
1205 1424 1219 1440 ο
1260 1410 1447 1481 ὥσπερ
1480 1414 1528 1465 οἰ
1575 1413 1758 1485 ἀρρω-

176 1508 292 1545 στοι
316 1492 448 1545 ὅταν
473 1493 892 1564 καταϐληθῶσιν
923 1496 1029 1549 ὑπὸ
1062 1498 1300 1570 σφοδρᾶς
1335 1501 1665 1572 ἀρρωστίας,
1695 1502 1757 1555 ού

172 1580 467 1651 δυνάμενοι
490 1582 738 1653 μετέχειν
748 1586 848 1655 τῆς
860 1584 1122 1656 συνήθους
1140 1588 1511 1655 ἀπολαύσεως,
1529 1591 1759 1662 ὀσφραν-

173 1673 288 1734 τοῖς
325 1671 426 1725 καί⁹
452 1672 714 1736 τοιούτοις
738 1674 850 1728 τισὶ
876 1674 1027 1747 παρὰ
1052 1677 1163 1731 τῶν
1185 1678 1384 1749 ἰατρῶν
1422 1679 1755 1750 λαμϐάνουσι

173 1762 472 1828 δεξιώσεις.
525 1762 739 1837 Ἐπειδὴ
778 1766 887 1838 γὰρ
931 1767 1042 1821 τῶν
1085 1770 1451 1841 ἰσχυροτέρων
1497 1773 1577 1834 εἰς
1620 1772 1755 1825 άπόο

173 1856 366 1909 λαυσιν
386 1855 799 1921 ὲκπεπτώκασι,
830 1860 942 1922 τοῖς
967 1858 1216 1913 ἀσθενέσι
1250 1860 1539 1931 σύμμετρα
1566 1860 1616 1913 οἰ
1656 1866 1776 1914 κο-“

175 1946 503 2021 λακεύοντες
550 1947 728 2000 αὐτῶν
779 1948 876 2012 τὰς
916 1949 1196 2021 αἰσθήσεις
1232 1950 1559 2023 περινοοῦσι.
1606 1950 1754 2024 Πλὴν

174 2036 311 2091 ἀλλά
338 2038 437 2091 καὶ
480 2038 577 2091 νῦν
614 2037 757 2091 κατὰ
811 2038 1047 2110 μίμησιν
1088 2042 1187 2112 τῆς
1218 2042 1277 2095 ὲν
1317 2040 1398 2111 τῷ
1444 2040 1755 2112 παραδείσῳ

176 2128 322 2197 ζωῆς
365 2129 593 2191 ἑαυτοὺς
641 2129 793 2196 ἀγειν
834 2128 1164 2200 βουλόμενοι,
1212 2129 1503 2199 φεύγοντες
1548 2128 1752 2203 ταύτην

174 2219 271 2291 τήν
305 2218 572 2272 πολύυλον
595 2217 704 2271 τῶν
734 2218 1039 2292 βρωμάτων
1066 2221 1385 2287 ἀπόλαυσιν,
1425 2220 1514 2275 ἐπ’
1546 2222 1751 2275 ἐκεῖνον

174 2310 265 2362 τὸν
308 2309 424 2378 βίον
471 2309 656 2374 καθώς
676 2313 800 2364 ἐστι
840 2311 1067 2366 δυνατὸν
1108 2312 1331 2377 ἑαυτοὺς
1351 2310 1589 2384 ἄγωμεν,
1618 2328 1751 2382 καρ-

176 2403 295 2464 ποῖς
325 2401 424 2454 ira}.
461 2400 741 2470 σπέρμασι
773 2401 867 2455 καὶ
911 2404 1027 2466 τοῖς
1068 2403 1133 2455 ὲκ
1162 2403 1270 2457 τῶν
1311 2402 1626 2474 ἀκροδρύων
1673 2403 1753 2464 είς

171 2493 452 2564 διαγωγὴν
483 2492 778 2563 χρώμενοι,
802 2492 865 2545 τὸ
897 2492 956 2547 δὲ
992 2493 1251 2563 περισσὸν
1292 2493 1516 2561 τούτων,
1545 2494 1622 2557 ὥς
1653 2493 1756 2547 οὐκ

174 2585 473 2653 ἀναγκαῖον
504 2584 978 2657 ἀωπεμπώμεθα.
1031 2586 1106 2639 Οὐ
1122 2585 1230 2657 γὰρ
1260 2584 1527 2656 βδελυκτά
1547 2584 1637 2639 διὰ
1661 2585 1754 2643 τὸν

174 2675 464 2728 κτίσαντα·
504 2674 567 2727 ού
619 2673 726 2746 μὴν
767 2673 889 2727 οὐδὲ
930 2674 1122 2745 αἱρετὰ
1158 2674 1248 2729 διὰ
1275 2675 1377 2747 τὴν
1423 2675 1524 2746 τῆς
1552 2674 1754 2747 σαρκὸς

172 2758 646 2819 εὐπάθειανΛΚαὶ
672 2758 1022 2819 κατέπαυσεν
1040 2766 1069 2819 ὁ
1095 2765 1229 2830 Θεὸς
1250 2766 1359 2820 ἀπὸ
1398 2765 1612 2820 πάντων
1642 2764 1751 2819 τῶν

170 2858 345 2929 ἔργων
388 2855 558 2911 αὑτοῦ
604 2859 672 2929 τῇ
714 2850 896 2929 ήμέρᾳ
922 2859 989 2928 τῇ
1035 2857 1615 2931 ἑϐδόμῃ-»λεγέτωσαν
1660 2852 1755 2912 οὖν

170 2948 549 3021 ἀριθμητικοὶ,
578 2948 673 3000 καί¹
694 2948 744 3000 oi
770 2947 987 3018 περὶτὰ
1010 2947 1237 3002 τοιαῦτα
1257 2949 1632 3020 ἐσχολακότες,
1657 2950 1752 3003 καὶ

170 3039 268 3109 τήν
286 3039 419 3109 περί
442 3037 638 3091 τούτου
660 3039 856 3108 ¹σοφίαν
883 3040 1004 3092 ἀντὶ
1033 3039 1279 3110 μεγάλου.
1299 3039 1749 3111 προϐεϐλημένοι,

169 3133 245 3196 ὡς
279 3132 383 3202 μὲν
436 3129 706 3201 συγγενὴς
751 3133 819 3202 τῇ
856 3130 950 3185 τοῦ
997 3132 1203 3203 κόσμου
1255 3132 1430 3186 κτίσει
1474 3134 1504 3185 ό
1547 3132 1655 3186 τῶν
1694 3130 1754 3198 ιξ

171 3222 429 3293 ἀριθμὸς,
470 3224 554 3276 ὅτι
596 3220 891 3290 πολύγονός
922 3223 1059 3286 ἔστι,
1116 3221 1288 3276 πολλά
1340 3223 1593 3293 σχήματα
1632 3223 1754 3292 ἀρι-

174 3313 325 3383 θμῶν
357 3314 456 3381 ἀφ’
505 3311 701 3365 ἑαυτοῦ
749 3311 973 3380 γεννῶν,
1026 3312 1122 3366 καὶ
1148 3312 1351 3376 τέλειος
1395 3314 1508 3376 τοῖς
1553 3312 1749 3368 ἑαυτοῦ

177 3405 388 3476 μέρεσι,
427 3402 527 3456 καὶ
552 3403 653 3458 ὅσα
701 3403 831 3473 περὶ
872 3403 972 3474 τῆς
1003 3402 1191 3468 ἑξάδος
1226 3405 1285 3458 ὲν
1315 3405 1437 3468 ταῖς
1475 3403 1753 3474 σχολικαῖς

170 3490 474 3559 διαλέξεσιν
499 3489 854 3563 ἀριθμητικοί
871 3490 1199 3562 διηγοῦνται,
1226 3492 1280 3546 εί
1295 3507 1413 3556 πως
1435 3492 1598 3563 σχολὴ
1625 3492 1750 3546 καθ’

173 3591 362 3645 ἑαυτὸν
385 3588 659 3659 λεγέσθωο
690 3588 996 3656 λεγέτωσαν
1025 3589 1083 3642 δὲ
1111 3589 1208 3643 καὶ
1240 3590 1368 3661 περί
1400 3590 1500 3661 τῆς
1519 3588 1750 3659 ίεϐδομά⁴

172 3683 280 3747 δος,
304 3682 389 3734 ὅτι
422 3679 710 3750 στείρωσίς
735 3679 823 3744 τίς
847 3681 994 3734 ἐστιν
1027 3682 1084 3735 ὲν
1115 3680 1193 3752 τῷ
1218 3679 1451 3751 ἑϐδόμῳ.
1477 3678 1617 3734 Οῦτε
1652 3679 1752 3750 μὲν

174 3774 280 3846 γὰρ
307 3773 477 3845 γεννᾷ
515 3771 610 3841 ἀφ’
636 3772 854 3838 ἑαυτοῦ,
897 3770 1021 3825 οῦτε
1067 3773 1198 3844 παρ’
1225 3773 1413 3843 ἑτέρου
1448 3772 1691 3826 τίκτεται
1724 3773 1752 3825 ὁ

173 3864 282 3919 τῶν
315 3865 459 3919 ama
498 3863 751 3935 ἀριθμός.
793 3863 901 3918 Καὶ
931 3863 1019 3917 ἵνα
1065 3863 1142 3937 μὴ
1191 3865 1270 3929 εἰς
1313 3863 1577 3920 πολύυλον
1617 3880 1751 3918 κατ-

174 3957 367 4025 αγάγω
392 3956 485 4009 τὸν
512 3955 690 4024 λόγον,
719 3954 819 4027 τὴν
851 3954 1085 4021 διάλεξιν
1115 3955 1214 4028 τὴν
1244 3954 1379 4029 πρὸς
1399 3957 1543 4027 ὑμᾶς
1575 3972 1754 4028 παρα-

1859 415 2077 471 citatem
2125 414 2498 471 ostendamus.
2550 409 2735 476 Qualis
2762 420 2829 462 ea
2871 405 2985 462 vita
3031 404 3220 473 fuerit,
3260 422 3425 477 quam

1861 505 2181 577 tranquilla,
2210 518 2374 574 quam
2401 501 2574 564 dives,
2600 514 2765 570 quam
2794 497 2984 568 paucis
3012 496 3067 551 in
3092 497 3233 550 victu
3264 498 3429 555 rebus

1857 593 2112 648 homines
2153 590 2512 662 indiguerint,
2552 587 2829 660 quomodo
2876 600 3001 641 cum
3049 586 3217 640 variis
3265 601 3449 655 gene-.

1860 684 2015 740 ribus
2061 683 2349 753 epularum
2405 680 2670 753 peccandi
2724 692 2905 734 causae
2949 676 3113 730 simul
3168 676 3430 745 ingressa:

1862 773 2086 828 fuerint.
2130 770 2428 841 Postquam
2478 769 2621 825 enim
2659 783 2691 822 a
2726 767 2866 822 veris
2899 766 3007 820 illis
3051 763 3291 835 paradisi
3333 763 3430 818 de-

1859 866 2001 921 liciis
2021 865 2346 927 excidimus.
2368 878 2466 918 ncc
2485 861 2722 931 amplius
2740 860 2866 914 vitae
2889 858 3092 929 lignum
3124 857 3431 918 intuemur,

1850 960 1962 1013 hec
2005 956 2252 1011 honestis
2290 956 2421 1021 illis,
2468 939 2858 1025 praeclarisque
2907 948 3279 1019 voluptatibus
3321 946 3429 1001 frui

1860 1049 2149 1119 gloriarive
2174 1061 2492 1117 possumus,
2525 1043 2863 1099 adulterinas
2892 1040 3051 1095 nobis
3079 1039 3305 1094 delicias
3334 1053 3429 1091 cx-

1862 1140 2250 1208 cogitavimus,
2282 1151 2489 1207 coquos
2525 1143 2580 1190 et
2616 1134 2854 1205 pistores
2896 1131 3227 1196 invenimus,
3276 1130 3425 1182 varia

1857 1230 2208 1285 bellariorum
2252 1227 2797 1295 suﬂimentorumque
2856 1238 3076 1294 genera,
3131 1231 3189 1276 ut
3241 1221 3427 1290 lapsus

1860 1321 2004 1376 illius
2026 1320 2242 1380 solatia,
2270 1317 2740 1387 comparavimus.
2767 1315 2839 1369 Ut
2873 1315 3119 1385 aegrotis,
3159 1314 3250 1383 qui
3276 1314 3427 1381 gravi

1859 1412 2043 1480 aliquo
2087 1409 2279 1464 morbo
2322 1406 2739 1471 conflictantur,
2779 1421 2903 1460 cum
2957 1405 3137 1460 solitis
3174 1406 3426 1474 volupta-

1858 1503 2007 1558 tibus
2036 1500 2144 1556 frui
2165 1515 2276 1554 non
2296 1499 2531 1570 possint,
2560 1496 2825 1568 quasdam
2849 1495 3080 1551 odorum
3105 1496 3427 1559 suavitates,

1860 1602 1914 1650 et
1946 1593 2053 1647 alia
2081 1589 2349 1661 ejusmodi
2398 1587 2757 1658 congruentia
2796 1586 3189 1642 oblectamenta
3234 1585 3428 1640 medici

1857 1684 2298 1746 subministrant,
2322 1689 2375 1737 et
2391 1680 2622 1735 iullrmis
2651 1694 2841 1735 eorum
2860 1677 3117 1733 sensibus
3133 1677 3427 1731 blandiun-

1856 1782 1967 1828 tur.
2001 1772 2204 1827 Verum
2253 1769 2301 1826 si
2359 1782 2509 1823 nunc
2550 1768 2716 1822 etiam
2750 1766 3006 1821 volumus
3047 1765 3212 1819 vitam
3254 1764 3425 1828 illam,

1856 1861 1980 1933 quae
2020 1864 2076 1916 in
2103 1859 2363 1933 paradiso
2410 1857 2695 1929 agebatur,
2724 1856 2951 1919 imitari,
2992 1854 3060 1909 ad
3092 1870 3234 1922 eam,
3266 1857 3424 1909 varia

1854 1957 1960 2012 ista
1985 1954 2232 2008 ciborum
2262 1965 2464 2023 genera
2495 1950 2787 2020 fugientes,
2821 1962 2922 2018 pro
2954 1947 3165 2003 viribus
3184 1947 3427 2023 acceda—

1855 2060 2001 2117 mus,
2027 2021 2321 2104 fructibus,
2355 2048 2409 2096 et
2441 2039 2763 2103 seminibus,
2787 2046 2841 2093 et
2866 2021 3232 2108 leguminibus
3257 2038 3422 2093 vitam

1856 2142 2254 2198 sustentemus,
2320 2133 2529 2202 reliqua
2572 2140 2773 2196 autem,
2813 2138 2870 2184 ut
2913 2146 3271 2201 supervacua,
3319 2130 3428 2185 mi-

1856 2228 2110 2297 nimeque
2167 2223 2523 2287 necessaria,
2575 2221 2897 2290 abjiciamus
2943 2228 2996 2275 et
3046 2236 3422 2291 aspernemur.

1856 2317 2117 2385 Quamvis
2157 2314 2302 2370 enim
2348 2311 2671 2368 detestanda
2711 2326 2821 2364 non
2870 2310 3001 2374 sint,
3046 2320 3234 2381 utpote
3265 2312 3425 2369 nobis

1856 2411 1925 2465 ab
1952 2410 2071 2479 ipso
2100 2413 2453 2478 procreatore
2491 2417 2776 2467 concessa,
2801 2403 3068 2458 sumenda
3104 2412 3285 2459 tamen
3316 2420 3423 2459 non
3450 2450 3454 2453 Α

1854 2507 1985 2557 sunt
2031 2506 2257 2570 propter
2296 2495 2482 2551 carnis
2536 2494 2985 2550 oblectationem.
3026 2517 3045 2547 ι
3070 2497 3131 2552 Et
3162 2495 3425 2565 requievit

1854 2591 2120 2646 Dominus
2163 2589 2234 2644 ab
2267 2588 2524 2643 omnibus
2576 2586 2836 2657 operibus
2882 2586 3000 2642 suis
3020 2588 3246 2657 septimo
3270 2588 3374 2644 die.
3403 2607 3423 2642 ι

1855 2683 2053 2739 Dicant
2099 2679 2455 2741 aritlimetici,
2480 2686 2536 2734 et
2584 2677 2680 2749 qui
2710 2678 2914 2734 talibus
2954 2677 3278 2734 incumbunt
3306 2686 3425 2734 stu-

1855 2777 1983 2839 diis,
2021 2775 2226 2845 quique
2261 2770 2592 2842 sapientiam
2622 2768 2899 2839 ejusmodi
2935 2767 3145 2823 faciunt
3183 2768 3425 2838 plurimi,

1856 2866 2133 2923 senarium
2178 2876 2467 2918 numerum
2497 2875 2620 2914 cum
2655 2858 2861 2914 mundo
2909 2858 3075 2914 simul
3109 2873 3232 2915 esse
3277 2859 3419 2929 geni-

1857 2964 1997 3021 tum,
2054 2968 2177 3010 esse
2223 2965 2510 3008 numerum
2554 2948 2874 3014 fecundum,
2930 2948 3212 3018 multaque
3259 2964 3327 3003 ex
3371 2963 3425 3004 se

1840 3058 2207 3103 .numerorum
2258 3056 2456 3115 genera
2496 3040 2822 3111 parientem,
2867 3046 2922 3094 et
2968 3039 3084 3094 suis
3127 3036 3425 3108 perfectum

1855 3136 2132 3209 partibus,
2186 3140 2241 3189 et
2273 3145 2615 3202 quaecunque
2640 3130 2708 3185 de
2735 3129 2854 3200 ipso
2880 3128 2937 3183 in
2965 3128 3424 3199 disputationibus

1856 3227 1974 3284 suis
1995 3225 2183 3280 dicere
2194 3230 2616 3279 consueverunt.
2632 3219 2881 3290 Cumque
2899 3219 2965 3274 de
2985 3220 3202 3274 senario
3216 3220 3425 3276 abunde

1853 3334 1950 3389 per
1981 3318 2152 3372 otium
2186 3315 2447 3379 dixerint,
2493 3314 2659 3369 etiam
2690 3312 2757 3368 de
2786 3312 3099 3382 septenario
3132 3311 3425 3368 disserant.

1857 3409 2108 3465 Sterilem
2143 3422 2267 3463 esse
2305 3406 2706 3467 demonstrent,
2744 3403 2945 3473 quippe
2980 3402 3074 3473 qui
3123 3418 3224 3457 nec
3259 3403 3425 3456 alium

1853 3515 1918 3554 ex
1942 3514 2001 3555 se
2021 3510 2310 3552 numerum
2334 3502 2576 3566 generet,
2611 3509 2714 3548 nec
2741 3493 2808 3547 ab
2829 3492 2939 3547 alio
2970 3493 3088 3562 ipse
3110 3502 3423 3563 generetur.

1852 3587 1987 3660 Ego,
2045 3603 2113 3644 ne
2166 3599 2474 3641 sermonem
2520 3598 2688 3638 causa
2728 3592 2909 3638 vestra
2950 3584 3064 3652 jam
3113 3582 3424 3638 institutum

1855 3680 2125 3743 omittam,
2188 3676 2257 3731 ad
2318 3689 2382 3730 ea
2429 3689 2550 3744 quae
2595 3679 2724 3728 sunt
2771 3672 2993 3742 cognitu
3038 3673 3286 3727 faciliora
3343 3688 3429 3728 me

1854 3779 2197 3826 convertam.
2256 3766 2311 3820 Si
2351 3765 2478 3835 quis
2522 3770 2700 3818 autem
2738 3762 2946 3833 peritus
2991 3769 3077 3818 est
3118 3763 3428 3819 istiusmodi

1859 3860 2158 3925 facultatis,
2192 3859 2249 3933 is
2281 3861 2578 3928 cognoscat
2624 3854 2816 3909 talium
2862 3855 3025 3910 etiam
3073 3870 3254 3912 rerum
3303 3857 3428 3911 tlte-

1860 3968 2085 4011 saurum
2124 3950 2267 4022 apud
2307 3963 2409 4005 nos
2458 3962 2582 4003 esse
2614 3946 2978 4002 reconditum.

172 4047 415 4118 δραμὼν,
449 4048 544 4099 ἐπὶ
580 4047 649 4101 τὰ
679 4047 1158 4120 εὐγνωμονέστερα
1197 4050 1452 4120 χωρήσω.
1483 4048 1547 4102 Εἰ
1573 4048 1632 4102 δέ
1658 4066 1743 4113 τις
1774 4048 1871 4103 καὶ
1898 4047 2025 4119 περί
2048 4045 2220 4100 ταῦτα
2247 4042 2361 4115 ἔχει
2384 4041 2508 4096 τινὰ
2542 4040 2855 4113 ἐμπειρίαν,
2878 4041 3193 4111 γινωσκέτω
3222 4043 3303 4096 ὅτι
3334 4038 3427 4096 καὶ

170 4143 377 4197 τούτων
403 4144 435 4196 ὁ
461 4142 732 4223 θησαυρδς
753 4141 1102 4196 ὲναπόκειται
1122 4141 1250 4214 παρ’
1278 4142 1429 4213 ήμῖν.

245 4237 414 4291 Ὥστε
439 4239 488 4291 εἰ
527 4237 670 4308 μέγα
700 4234 1057 4309 ἀριθμητικὴ,
1079 4233 1314 4291 ἐνταῦθά
1339 4237 1454 4290 ἐστι
1475 4236 1572 4309 τῆς
1597 4234 1756 4307 ἀριθ-

1928 4233 2107 4301 Quare
2134 4232 2181 4287 si
2233 4229 2413 4302 magni
2482 4228 2729 4286 facienda
2794 4237 2877 4284 est
2914 4228 3278 4290 arithmetica,
3336 4226 3426 4283 hic

175 4328 417 4399 μητικῆς
435 4325 503 4380 τά
527 4327 838 4398 σπέρματα.
861 4326 1054 4397 Ἡμεῖς
1073 4324 1128 4379 δὲ
1145 4325 1207 4378 οὐ
1228 4323 1529 4396 φρονοῦμεν
1546 4325 1753 4389 τούτοις

1928 4341 1976 4381 is
2018 4330 2146 4379 sunt
2180 4322 2408 4376 semina.
2445 4319 2613 4375 Nobis
2665 4326 2846 4373 autem
2893 4333 3000 4372 non
3034 4325 3117 4374 est
3149 4333 3312 4382 curae,
3367 4326 3427 4372 ut

171 4420 253 4490 τῷ
278 4420 347 4472 ἔκ
375 4418 476 4488 τῆς
499 4417 595 4471 τοῦ
625 4418 831 4487 κόσμου
853 4412 993 4471 εἷναι
1031 4415 1244 4486 σοφίας,
1277 4414 1311 4486 ἦ
1335 4414 1423 4469 διὰ
1447 4415 1549 4487 τὴν
1573 4417 1639 4470 ὲκ
1657 4413 1753 4469 τοῦ

171 4512 384 4581 κόσμου
416 4508 629 4578 σοφίαν
657 4509 709 4562 οί
737 4508 845 4579 γὰρ
868 4508 1039 4562 ταῦτα
1066 4507 1442 4578 περιέποντες,
1475 4508 1648 4579 μικρά
1669 4509 1754 4561 ὲν-

169 4605 349 4660 ταῦθα
359 4601 677 4670 κλέψαντες,
689 4599 810 4660 ταῖς
826 4594 1229 4669 πραγματείαις
1240 4592 1392 4648 αὐτοὶ
1403 4593 1478 4658 ὡς
1494 4593 1754 4665 μεγάλαις

172 4696 648 4768 ιπισεμνύνονται.
681 4690 801 4742 Ἵνα
822 4688 1003 4742 τοίνυν
1035 4685 1298 4757 δείξωμεν
1341 4685 1542 4753 αὐτοῖς,
1570 4687 1653 4740 ὅτι
1682 4687 1752 4740 τὰ

173 4791 306 4863 παρ’
328 4784 563 4848 ἐκείνοις
596 4778 1032 4853 περισπούδαστα
1053 4778 1187 4848 ἡμῖν
1225 4778 1374 4830 ἐστιν
1414 4776 1754 4859 εὐκαταφρόέ

171 4896 331 4951 νητα,
372 4878 553 4946 σιωπῇ
585 4872 1032 4945 παραδράμωμεν
1056 4869 1151 4923 τὸν
1179 4867 1532 4940 περὶτούτων
1559 4867 1717 4937 λόγον
1735 4885 1749 4900 ·

171 4969 308 5040 ὁμοῦ
343 4968 404 5022 δὲ
440 4967 537 5020 καὶ
566 4965 668 5019 οὐκ
693 4961 961 5026 εὖληπτος
989 4961 1105 5034 λαῷ
1138 4962 1301 5015 παντί
1332 4963 1366 5035 ή
1396 4963 1524 5034 περὶ
1546 4961 1752 5018 τούτων

172 5058 398 5131 θεωρία.
434 5056 679 5129 Πάρεστι
727 5054 785 5108 δὲ
817 5052 1085 5124 ἐκκλησία
1125 5052 1187 5105 οὑ
1232 5052 1545 5127 παραδόξων
1579 5052 1751 5123 λόγων

173 5149 440 5218 ἀκρόασιν
474 5145 828 5219 ἑκδεχομένη.
876 5143 1012 5198 ἀλλά
1061 5142 1169 5197 τῶν
1201 5144 1288 5198 ἐπ’
1330 5144 1583 5216 οἰκοδομῇ
1617 5144 1753 5198 θεωο

176 5241 441 5314 ρημάτων
487 5235 822 5309 ἐπιζητοῦσα
859 5236 957 5300 τὰς
998 5235 1202 5300 λύσεις.
1230 5235 1533 5307 Τετίμηται
1578 5234 1751 5289 τοίνυν

174 5331 209 5401 ἡ
232 5329 438 5401 ἑϐδόμη
467 5329 653 5401 ήμέρα
678 5327 741 5380 τὸ
770 5326 1058 5380 σάϐϐατον.
1094 5326 1152 5380 '0
1174 5325 1398 5394 ἕϐδομος
1432 5326 1581 5397 παρὰ
1620 5325 1751 5380 Ἰου-

177 5422 343 5487 δαίοις
369 5420 622 5492 ἀριθμὸς,
654 5419 856 5489 τίμιος,
896 5418 955 5471 ὲν
977 5411 1020 5485 ᾧ
1047 5420 1103 5470 αί
1127 5417 1511 5488 σκηνοπηγίαι,
1545 5417 1600 5471 αί
1629 5418 1751 5471 σάλ-

178 5529 395 5582 πιγγες,
447 5515 481 5582 ὴ
524 5512 707 5583 ἡμέρα
757 5510 852 5563 τοῦ
908 5508 1155 5579 ἱλασμοῦ.
1193 5509 1461 5579 Ἕϐδομος
1506 5510 1750 5572 ἐνιαυτὸς

181 5604 305 5675 παρ’
339 5603 575 5669 ἐκείνοις
595 5602 777 5672 τίμιος
806 5601 834 5652 ὁ
860 5600 959 5670 τῆς
983 5599 1226 5670 ἀφέσεως
1248 5600 1556 5671 λεγόμενος.
1594 5601 1749 5672 Ἐξῆν

1855 4429 2020 4487 parva
2064 4413 2179 4469 haec
2212 4427 2279 4467 ex
2325 4408 2513 4465 mundi
2572 4407 2836 4478 sapientia
2870 4407 3249 4477 surripientes,
3270 4409 3425 4477 quasi

1854 4520 2108 4578 magnum
2149 4501 2356 4573 aliquid
2392 4499 2597 4556 nostris
2624 4498 2965 4554 orationibus
2996 4498 3321 4554 inseramus.
3358 4496 3428 4552 Ut

1854 4598 2018 4670 igitur
2066 4602 2280 4651 constet
2331 4608 2436 4670 nos
2460 4597 2830 4655 contemnere,
2857 4606 2977 4661 qum
3016 4591 3120 4661 ipsi
3151 4590 3423 4645 admiran-

1853 4668 1964 4754 tur,
1995 4689 2214 4746 silentio
2264 4668 2385 4756 ipsa
2419 4691 2784 4748 transeamus,
2820 4681 3119 4752 praesertim
3165 4696 3288 4733 cum
3329 4696 3425 4733 eu-

1854 4798 1972 4838 rum
2002 4779 2240 4851 cognitio
2260 4792 2371 4832 non
2400 4776 2475 4831 ita
2518 4774 2674 4829 facile
2702 4788 2733 4827 a
2756 4773 2949 4843 quovis
2988 4785 3019 4825 e
3056 4771 3257 4840 popqu
3301 4785 3424 4837 per-

1852 4875 1959 4945 cipi
1998 4848 2276 4943 possit,'et
2312 4867 2407 4939 qui
2442 4882 2531 4922 me
2566 4865 2816 4928 audiunt,
2862 4878 2973 4918 non
3005 4868 3117 4915 tam
3174 4876 3262 4915 res
3305 4875 3425 4929 qua:
3489 4848 3495 4852 ’

1851 4970 2109 5020 moveant
2134 4960 2584 5024 admirationem,
2613 4971 2774 5026 quam
2810 4969 2931 5025 qua:
2965 4967 3144 5006 mores
3173 4960 3226 5005 et
3259 4951 3423 5003 vitam

1853 5054 2153 5119 instruant,
2186 5050 2463 5123 postulent
2505 5055 2559 5103 et
2604 5051 2939 5116 exspectent.
2994 5039 3299 5096 Prmclarus
3340 5049 3423 5096 est

1851 5146 1973 5202 dies
2000 5144 2285 5215 septimus.
2327 5139 2460 5194 Nam
2493 5148 2547 5195 et
2576 5140 2865 5195 sabbatum
2901 5136 3042 5205 apud
3076 5133 3291 5189 Jurlaeos
3334 5151 3423 5191 se-

1851 5235 2022 5305 ptimo
2049 5237 2303 5288 censetur
2323 5230 2413 5285 die
2455 5227 2534 5300 [in
2552 5244 2660 5297 quo
2680 5224 3179 5280 Tabernaculorum
3202 5224 3420 5291 festum,

1852 5304 2036 5390 Tuber,
2077 5322 2196 5379 dies
2228 5304 2772 5392 Propitiationis].Et
2821 5317 3086 5389 septimus
3140 5334 3316 5373 annus
3353 5318 3422 5372 ab

1851 5416 2050 5471 eisdem
2088 5414 2429 5475 observatur,
2486 5426 2550 5466 ac
2584 5410 2930 5466 remissionis
2977 5424 3155 5467 annus
3198 5409 3414 5465 dicitur.

1852 5507 2070 5562 Licebat
2103 5506 2247 5561 enim
2284 5504 2393 5558 illis
2417 5512 2615 5579 terram
2648 5516 2743 5557 sex
2768 5502 2927 5556 annis
2958 5502 3156 5566 colere,
3189 5501 3419 5569 septimo

1852 5615 1997 5656 anno
2032 5600 2299 5655 iuaratam
2348 5612 2411 5652 ac
2449 5596 2674 5652 liberam
2709 5594 3128 5665 ‘rclinquebant,
3178 5605 3303 5647 cum
3358 5591 3415 5643 in
