3794 6000
359 126 454 181 287

1605 125 1664 180 S.
1701 119 2027 180 GREGORII
2059 120 2348 177 NYSSENI

3526 118 3640 172 288

356 236 731 308 prmuissiouis
764 243 907 290 terra
943 244 1311 290 versarentur.
1351 236 1456 290 Sex
1514 238 1673 293 annis
1727 239 1930 295 servie-

2052 236 2136 287 ιὲν
2165 234 2273 305 γὰρ
2316 232 2497 296 αὐτοῖς
2529 232 2588 296 ἒξ
2635 231 2727 301 ἑτη
2773 230 3109 300 ἐργάσασθαι
3145 230 3242 300 τὴν
3276 230 3404 300 γῆν,
3457 229 3544 298 τῷ
3575 230 3633 283 δὲ

355 333 444 381 hat
484 326 761 389 Hebraeus,
800 339 943 378 anno
972 325 1204 394 septimo
1225 326 1561 381 liberabatur
1593 343 1621 380 a
1650 330 1910 384 servitute

355 413 598 483 Septimo
648 412 788 482 apud
846 415 995 482 ipsos
1062 429 1205 468 anno
1255 415 1544 484 captivitas
1595 417 1927 472 solvebatur.

356 505 464 558 Sed
515 513 704 558 nostra
737 519 955 573 quoque
993 504 1300 560 videamus.
1343 523 1361 554 ι
1403 503 1636 575 Septies,
1677 526 1695 558 ι
1732 507 1929 576 inquit,

359 612 377 643 ι
425 593 477 645 iu
505 593 592 646 die
620 591 776 646 cadet
804 592 1011 660 justus,
1047 600 1099 646 et
1139 601 1387 663 resurget
1407 599 1469 650 θ’.
1493 615 1510 647 ι
1540 596 1630 650 Sic
1655 610 1755 648 nos
1788 595 1932 651 l-leb-

356 683 640 736 domadam
707 684 1114 738 constituimus.
1173 682 1451 752 Septimus
1491 699 1519 737 a
1575 687 1760 739 mundi
1801 702 1928 756 pro-

356 775 630 827 rreatioue
667 771 850 828 Euoch
895 784 1122 828 mortem
1161 790 1268 828 non
1300 776 1470 841 vidit;
1517 775 1774 832 Ecclesia:
1815 794 1932 848 my-

357 868 600 918 sterium.
637 863 908 933 Septimus
939 865 1008 918 ab
1032 865 1303 918 Abraham
1329 865 1539 935 Moyses
1575 868 1744 936 legem
1781 883 1934 921 acce-

355 957 453 1023 pit,
481 957 533 1008 iu
559 971 664 1024 qua
697 956 818 1009 vita:
846 955 1096 1018 mutatio,
1141 956 1340 1010 solutio
1371 957 1691 1024 iniquitatis,
1723 957 1934 1024 ingres-

1987 396 1990 400 '
2035 325 2246 394 ἑϐδόμῳ
2297 323 2407 375 ἑτει
2459 325 2570 385 τοῖς
2623 322 2947 391 αὐτομάτοις
2994 321 3300 392 ἀρκεῖσθαι,
3335 321 3428 373 ὅτε
3479 317 3633 390 εἶχον

2034 414 2133 485 τὴν
2196 413 2298 483 γῆν
2355 412 2453 483 τῆς
2516 410 2864 479 ἐπαγγελίας.
2922 409 3018 476 Ἓξ
3079 411 3176 480 ἑτη
3231 410 3556 463 ἐδούλευσεν
3604 413 3638 463 6

2046 504 2314 574 Ἐϐραῖος.
2334 502 2427 555 καὶ
2455 498 2532 571 τῷ
2558 502 2768 571 ἑϐδόμῳ
2791 501 2976 569 ἀφίετο
2995 502 3090 570 τῆς
3119 501 3383 564 δουλείας.
3435 500 3630 554 Ἐϐδος-

2038 593 2291 664 μηκοστῷ
2311 593 2415 645 ἔτει
2438 592 2597 662 ἐλύθη
2624 591 2750 661 παρ’
2771 591 2951 653 αὐτοῖς
2973 591 3386 660 ήαίχμαλωσία.
3414 591 3631 643 Λοιπὸν

2033 684 2090 736 δὲ
2118 685 2210 737 καλ⁸
2237 684 2303 736 τὰ
2329 683 2592 753 ἡμέτερα.
2629 702 2645 732 ι
2669 683 2958 747 Ἑπτάκις,
2997 706 3015 738 ι
3098 684 3231 750 φησι
3253 723 3269 750 ,
3314 703 3333 735 ι
3367 684 3632 733 πεσεῖται

2032 775 2061 825 6
2086 775 2288 836 δίκαιος
2321 775 2410 827 καὶ
2440 774 2851 843 ἀναστήσεται.»
2875 771 3060 834 Οὕτως
3077 771 3428 841 οἰκειούμεθα
3461 773 3634 841 ἡμεῖς

2036 865 2136 936 τὴν
2169 865 2456 934 ἑϐδομάδα.
2491 864 2760 934 Ἕϐδομος
2799 864 2906 917 ἀπὸ
2934 862 3199 931 γενέσεως
3229 863 3328 914 οὐκ
3363 859 3477 915 εἶδε
3529 860 3631 915 θά-

2035 973 2190 1009 νατον
2250 955 2435 1024 Ἑνὼχ,
2491 957 2788 1026 μυστήριον
2843 954 3187 1024 Ἐκκλησίας.
3217 953 3489 1023 Ἕϐδομος
3518 953 3634 1005 ἀπὸ

355 1047 727 1112 susjustitiaa,
754 1045 846 1098 Dei
887 1047 1273 1114 peregrinatio,
1341 1047 1666 1102 constitutio
1718 1047 1932 1109 mundi,

2052 1046 2296 1116 ’Λϐραὰμ
2325 1045 2585 1114 Μωῦσῆς,
2616 1045 2777 1115 νόμον
2807 1046 2986 1099 ἔλαϐε·
3022 1044 3292 1116 μεταϐολὴ
3325 1045 3469 1114 βίου,
3500 1045 3632 1096 ἁνο-

359 1149 537 1188 rerum
578 1136 912 1204 agendarum
946 1136 1286 1204 przescriptio
1319 1135 1796 1190 continebatur".
1832 1134 1932 1190 Se-

2039 1135 2166 1206 μίας
2209 1136 2490 1198 ἀνάλυσις,
2521 1135 2864 1206 δικαιοσύνης
2911 1135 3132 1197 εἴσοδος,
3163 1134 3299 1187 Θεοῦ
3331 1135 3632 1204 ἐπιδημία,

357 1227 527 1294 ptima
580 1233 631 1279 et
665 1228 1064 1296 septuagesima
1104 1233 1261 1280 aetate
1310 1233 1432 1295 post
1468 1227 1643 1279 Adam
1678 1226 1932 1282 Christus

2052 1226 2262 1293 εὐταξία
2314 1227 2394 1290 είς
2441 1228 2664 1296 κόσμον,
2724 1226 3078 1296 νομοθέτησις
3135 1225 3242 1278 τῶν
3299 1227 3632 1296 πρακτέων.

356 1317 626 1385 apparuit.
653 1315 958 1384 Septenarii
987 1316 1305 1386 mysterium
1332 1315 1712 1371 novitPetrus.
1745 1335 1764 1368 ι
1789 1316 1929 1383 Quo-

2052 1318 2453 1388 Ἐϐδομηκοστῇ
2493 1319 2586 1370 καὶ
2631 1317 2828 1388 ἑϐδόμῃ
2864 1318 3027 1387 γενεᾷ
3068 1316 3175 1368 ἀπὸ
3212 1316 3383 1384 Ἀδάμ
3411 1318 3440 1368 6
3489 1317 3636 1386 Χρι-

359 1407 486 1470 ties,
523 1426 540 1458 ι
562 1408 762 1476 inquit,
788 1427 805 1458 ι
831 1409 1150 1478 peccabitjn
1183 1423 1267 1462 me
1286 1407 1453 1462 frater
1486 1417 1731 1473 meus,et
1752 1409 1934 1462 dimit-

2052 1409 2158 1471 rc6;
2197 1409 2391 1478 ἐφάνη.
2437 1404 2559 1461 Οίδε
2607 1409 2666 1461 τὸ
2703 1409 2997 1480 μυστήριον
3047 1408 3145 1478 τῆς
3178 1405 3473 1477 ἑϐδομάδος
3521 1407 3636 1459 Πέ-

358 1507 468 1552 tam
500 1499 597 1554 ei?
644 1515 814 1568 usque
863 1500 1062 1568 septies
1079 1499 1170 1553 ’7?
1206 1520 1224 1552 ›
1264 1499 1462 1554 Parum
1496 1500 1654 1563 dixit,
1690 1501 1931 1555 nondum

2052 1518 2182 1572 ερος.
2221 1499 2491 1562 ιΠοσάκις
2520 1499 2827 1570 ἁμαρτήσει
2863 1500 2943 1562 είς
2965 1497 3063 1568 ἐμὲ
3090 1499 3120 1549 6
3149 1497 3373 1564 ἁδελφός
3402 1515 3504 1569 μου
3533 1497 3637 1550 καὶ

357 1589 676 1660 mysterium
715 1590 928 1643 didicit.
959 1591 1152 1645 Adhuc
1181 1592 1326 1663 enim
1359 1591 1661 1660 discipulus
1699 1598 1800 1646 est.
1830 1590 1932 1646 Us-

2052 1569 2233 1663 ὶιρήσω
2249 1591 2432 1662 αύτῷ;
2464 1569 2569 1655 ’ἐως
2585 1569 2847 1658 ἑπτάκις;
2885 1588 2942 1661 ι[
2981 1590 3038 1641 '0
3067 1588 3124 1640 δὲ
3159 1588 3363 1658 Κύριος
3385 1586 3515 1657 ἔφη,
3552 1588 3635 1639 Ού

357 1697 461 1748 que
492 1681 741 1750 septies?
787 1697 816 1735 a
851 1683 1162 1752 septenario
1193 1698 1300 1736 non
1353 1685 1578 1737 recessit
1606 1683 1932 1753 discipulus.

357 1767 505 1825 Dixit
549 1772 858 1843 discipulus
906 1773 1053 1844 quod
1112 1774 1346 1834 sciebat;
1393 1773 1609 1829 Divitiis
1671 1773 1934 1829 Dominus

356 1861 673 1918 abundavit.
707 1862 931 1930 Quoties
957 1867 1227 1935 peccabit,
1265 1873 1320 1921 et
1347 1865 1660 1919 dimittam?
1699 1881 1798 1919 cur
1824 1881 1934 1920 non

356 1953 515 2018 dixit,
568 1955 766 2019 sexies,
801 1955 895 2010 sed
924 1956 1126 2026 septies
1151 1956 1174 2009 ?
1199 1955 1311 2010 Cur
1333 1971 1445 2010 non
1491 1956 1774 2024 respondit
1826 1955 1934 2010 Do-

358 2043 541 2097 minus
567 2085 581 2108 ,
615 2043 834 2100 Centies
877 2045 1112 2110 centies,
1171 2045 1267 2100 sed
1306 2045 1601 2115 septenarii
1651 2060 1936 2099 numerum

359 2135 796 2203 multiplicavit?
834 2151 935 2190 nec
971 2135 1168 2190 Petrus
1203 2135 1350 2190 aliud
1401 2136 1778 2203 interrogavit,
1840 2151 1942 2190 nec

361 2221 626 2278 Dominus
659 2224 912 2281 discessit
945 2240 975 2279 a
1015 2226 1310 2296 septenarii
1359 2228 1564 2295 regula.
1603 2225 1942 2284 Observave-

360 2319 448 2366 rat
472 2309 670 2368 Petrus
702 2330 765 2369 ex
792 2315 1014 2384 antiqua
1041 2315 1354 2372 traditionis
1387 2332 1598 2382 norma,
1631 2320 1941 2387 septenario

359 2418 591 2458 numero
614 2405 878 2460 contineri
909 2406 1204 2475 quamdam
1232 2407 1340 2460 vim
1369 2409 1713 2464 remissionis
1745 2423 1938 2478 pecca-

361 2501 564 2558 torum,
597 2495 796 2565 quietis
832 2496 1104 2565 perfectae,
1137 2497 1299 2566 cujus
1346 2497 1610 2551 indicium
1649 2499 1935 2553 sabbatum

321 2577 326 2582 ’
359 2594 464 2650 est,
496 2586 614 2642 dies
648 2587 917 2655 septimus
969 2602 999 2639 a
1053 2588 1244 2641 mundi
1275 2590 1678 2657 procreatione.
1741 2589 1936 2647 Petrus

360 2675 584 2745 septies.
625 2673 884 2729 Dominus
917 2677 1232 2746 septuagies
1253 2678 1476 2747 septies.

2039 1681 2180 1750 λέγω
2241 1699 2322 1735 σοι
2377 1683 2483 1745 ἕως
2532 1681 2792 1745 ἑπτάκις,
2837 1679 2951 1732 ἁλλ’
3000 1679 3102 1742 ἑως
3158 1677 3636 1748 ἑϐδομηκοντάκις

2040 1772 2226 1844 ἑπτά.]
2267 1773 2454 1840 Ὀλίγα
2495 1769 2600 1825 οἶδε
2644 1772 2701 1825 τὸ
2730 1772 3044 1842 μυστήριον.
3079 1767 3245 1822 Οὔπω
3277 1768 3447 1837 ἔμαθε
3469 1785 3484 1798 ο
3521 1785 3632 1837 μα-

2040 1863 2209 1934 Θητὴς
2237 1864 2343 1935 γὰρ
2370 1862 2450 1917 ἑτι
2482 1865 2651 1916 ἐστίν.
2676 1864 2821 1925 Ἕως
2854 1862 3112 1924 ἑπτάκις;
3143 1860 3256 1912 Ούκ
3287 1859 3499 1927 ἀπέστη
3528 1857 3629 1909 τοῦ

2041 1955 2181 2008 ἑπτὰ
2206 1958 2233 2008 6
2270 1955 2565 2009 διδάσκωνο
2603 1951 2755 2008 εἶπεν
2778 1953 2854 2016 ὡς
2887 1953 3002 2024 ᾔδει
3028 1952 3058 2002 6
3092 1951 3360 2033 μαθητής.
3408 1950 3623 2019 ’Υπερ-

2036 2047 2198 2100 έϐαλε
2225 2045 2302 2116 τῷ
2329 2046 2544 2116 πλούτῳ
2568 2047 2594 2098 6
2610 2045 2904 2114 Δεσπότης.
2927 2041 3166 2105 Ποσάκις
3190 2043 3499 2112 ἁμαρτήσει
3525 2041 3627 2093 καὶ

2037 2139 2268 2210 ἀφήσω;
2297 2140 2394 2192 Διὰ
2427 2139 2478 2191 τί
2512 2139 2610 2191 ούκ
2640 2136 2806 2210 εἶπεν,
2831 2138 2976 2200 Ἕως
3008 2135 3214 2200 ἑξάκις,
3245 2131 3442 2205 ἢἝως
3457 2134 3628 2186 ἑκτά-

2039 2247 2147 2293 κις,
2178 2229 2290 2282 ἁλλ’
2319 2230 2464 2292 Ἕως
2505 2229 2730 2291 ἑπτάκις
2754 2245 2782 2293 ;'
2813 2228 2911 2280 Διὰ
2940 2227 2990 2280 τί
3022 2231 3050 2279 6
3083 2228 3286 2298 Κύριος
3329 2229 3428 2280 ούκ
3465 2223 3627 2280 εἶπεν

2041 2320 2188 2383 Ἕως
2241 2321 2591 2383 ἑκατοντάκις
2645 2319 2859 2384 ἑκατὸν,
2900 2318 3036 2371 ἀλλὰ
3082 2319 3172 2372 τὸν
3217 2319 3357 2372 ἑπτὰ
3384 2319 3627 2389 ἀριθμὸν

2041 2410 2543 2474 ἑπολυπλασίασεν;
2599 2410 2735 2464 Οὔτε
2782 2413 2810 2463 6
2857 2412 3063 2484 Πέτρος
3107 2411 3264 2465 ἄλλον
3313 2411 3625 2481 ἠρώτησεν,

2041 2501 2164 2554 οὔτε
2194 2503 2222 2553 6
2263 2502 2463 2573 Κύριος
2500 2501 2660 2571 ἐξέϐη
2703 2500 2798 2553 τοῦ
2835 2501 3057 2564 κανόνος
3103 2500 3192 2555 τοῦ
3241 2500 3622 2571 ἑϐδοματικοῦ.

2044 2594 2431 2664 Παρετήρησεν
2477 2593 2505 2644 6
2541 2591 2747 2662 Πέτρος
2797 2593 2878 2645 ὅτι
2916 2591 3094 2645 κανὼν
3138 2591 3482 2664 παραδόσεως
3523 2591 3628 2661 ἀρ-

2041 2685 2191 2754 χαῖός
2225 2687 2364 2745 ἑστι,
2413 2683 2511 2752 τὴν
2540 2683 2810 2753 ἑϐδομάδα
2842 2682 3076 2754 ἔμφασιν
3121 2683 3263 2753 ἔχειν
3325 2684 3469 2746 τινὸς
3516 2684 3629 2751 ἀφ-

361 2772 531 2834 έσεως
563 2772 995 2843 ἁμαρτημάτων,
1024 2773 1384 2838 ἀναπαύσεως
1409 2775 1637 2840 τελείας,
1668 2768 1728 2829 οὗ
1755 2780 1978 2849 σημεῖον
2009 2779 2070 2833 τὸ
2092 2779 2360 2834 σάϐϐατόν
2386 2779 2597 2848 ἑστιν,ὴ
2655 2778 2857 2849 ἑϐδόμη
2905 2779 3084 2849 ἡμέρα
3113 2777 3220 2832 61:6
3245 2780 3529 2846 γενέσεως.
3564 2776 3632 2828 ὐ

362 2861 586 2935 Πέτρος,
614 2865 860 2928 ἑπτάκις,
889 2865 916 2916 6
937 2864 1140 2934 Κύριος
1167 2865 1270 2928 ἕως
1302 2866 1760 2936 ἑϐδομηκοντάκις
1784 2869 1946 2923 ἑπτά.

433 2953 700 3008 Caeterum
733 2953 895 3008 etiam
930 2967 1150 3022 peccata
1191 2954 1394 3023 septies
1427 2955 1748 3024 puniuntur.
1783 2955 1933 3039 Non-'-

2100 2980 2163 3032 Αί
2199 2977 2458 3046 ἁμαρτίαι
2484 2969 2822 3026 ἑκδικοῦνται
2839 2965 3085 3029 ἑπτάκις.
3106 2966 3217 3036 Οὐχ
3245 2965 3436 3031 οὕτως,
3459 2987 3477 3017 ι
3500 2970 3621 3032 Πᾶς

363 3057 432 3096 ne
465 3041 545 3095 sic
593 3044 697 3094 ait:
728 3060 746 3092 ι
801 3041 903 3106 Qui
933 3042 1195 3098 occiderit
1223 3043 1384 3107 Cain,
1409 3045 1715 3114 septuplum
1747 3031 1934 3116 punie-

2100 3025 2163 3032 ""
2202 3025 2342 3046 "5“"r
2362 3025 2456 3030 ""‘
2536 3025 2566 3026 "
3047 3025 3061 3029 -
3185 3025 3217 3036 η
3396 3025 3434 3031 ν.
3601 3025 3618 3032 -

2052 3076 2062 3127 i
2090 3070 2414 3132 ἀποκτείνας
2451 3067 2612 3128 Κάῖν,
2653 3065 2793 3118 ἑπτὰ
2827 3059 3182 3131 ἑκδικούμενα
3213 3059 3549 3130 παραλύσει;
3595 3081 3618 3114 ι

365 3143 455 3186 tur
476 3131 568 3185 “‘3
597 3150 618 3184 ι
649 3130 834 3201 Neque
861 3132 972 3185 illic
993 3136 1277 3203 octuplum
1302 3133 1462 3198 dixit,
1487 3133 1583 3190 sed
1609 3137 1936 3206 septuplum.

365 3223 505 3288 Quid
537 3222 611 3275 ita
637 3221 660 3274 ?
689 3237 985 3293 parumper
1017 3231 1296 3293 exspecta,
1337 3231 1390 3278 et
1431 3226 1748 3295 mysterium
1792 3227 1940 3282 iuve-

366 3313 505 3366 uies.
539 3309 784 3388 Primum
830 3315 1113 3382 peccatum
1147 3311 1284 3365 Cain
1325 3313 1577 3382 septuplo
1605 3313 1939 3381 vindicatur,

366 3401 609 3456 secunda
657 3402 834 3456 caedes
885 3400 1119 3457 Lamech
1183 3405 1606 3475 septuagecuplo
1667 3407 1938 3476 septuplo.

371 3510 389 3542 ι
426 3489 559 3543 Nam
645 3492 927 3564 septupla,
992 3509 1010 3541 ι
1055 3492 1250 3561 inquit,
1313 3510 1331 3542 ι
1408 3493 1544 3547 ultio
1599 3494 1820 3549 dabitur
1875 3495 1943 3550 de

365 3581 524 3646 Cain,
557 3582 623 3636 de
655 3579 891 3638 Lamech
930 3598 1057 3638 vero
1085 3586 1395 3655 septuagies
1424 3585 1694 3657 septies”.
1719 3587 1944 3658 illaque

366 3674 415 3729 si
469 3674 695 3745 septima
733 3674 905 3740 .Petri
971 3675 1222 3732 dimissio
1267 3679 1334 3733 ad
1369 3678 1505 3733 Cain
1548 3679 1808 3735 ultionem
1860 3695 1942 3734 re-

369 3766 558 3829 fertur,
631 3767 1302 3838 septuagesima-septima
1328 3771 1714 3826 condemnatio
1744 3773 1810 3825 ad
1845 3770 1946 3824 La-

367 3857 524 3911 mech
557 3857 820 3910 ultionem
842 3856 1124 3919 referetur,
1153 3867 1210 3910 ut
1245 3869 1512 3927 quantum
1545 3863 1803 3916 delictum
1838 3870 1943 3927 est,

365 3955 521 4002 tanta
555 3947 628 4001 sit
680 3947 844 4001 etiam
903 3947 1100 4017 gratia,
1139 3956 1196 4002 et
1251 3949 1341 4003 ubi
1378 3967 1603 4021 parvum
1660 3953 1945 4017 delictum,

369 4053 536 4110 parva
567 4037 762 4092 venia:
822 4057 841 4088 ι
894 4039 981 4092 cui
1016 4037 1162 4091 enim
1215 4054 1407 4108 parum
1467 4039 1697 4106 dimisit,
1751 4057 1945 4112 parum

367 4127 534 4183 etiam
577 4135 722 4182 amat
751 4130 790 4182 ί.
832 4128 932 4184 Ubi
968 4127 1267 4184 abundavit
1291 4129 1570 4196 delictum,
1611 4133 1952 4201 superabun-

367 4217 517 4272 davit
548 4224 602 4272 et
635 4217 808 4288 gratia
833 4219 873 4271 ’.
924 4237 944 4270 ι
1000 4216 1224 4287 Ecquod
1283 4233 1414 4289 ergo
1466 4221 1783 4290 mysterium
1817 4225 1942 4278 est“!

2035 3164 2170 3218 Ούδὲ
2216 3163 2332 3215 ἐκεῖ
2366 3158 2528 3222 ὀκτὼ,
2559 3157 2699 3211 ἀλλὰ
2737 3155 2895 3208 ἑπτά.
2931 3153 3142 3224 Μικρὸν
3180 3153 3486 3222 ἀνάμεινον,
3522 3156 3624 3208 καὶ

2036 3253 2289 3325 εὑρήσεις
2308 3250 2367 3302 τὸ
2391 3249 2704 3320 μυστήριον.
2725 3244 2922 3316 Πρώτη
2947 3243 3189 3313 ἁμαρτία
3218 3244 3446 3306 ἑπτάκις
3471 3245 3590 3297 ἑκδι
3607 3274 3625 3286 -

2045 3345 2256 3396 κεῖται·
2290 3341 2538 3409 δεύτερος
2587 3338 2744 3407 φόνος
2780 3338 2872 3390 τοῦ
2907 3337 3098 3407 Λάμεχ
3150 3335 3616 3406 ἑϐδομηκοντάκις

2045 3426 2203 3479 ἑπτά.
2240 3423 2401 3492 Λέγει
2421 3421 2560 3491 γὰρ,
2589 3422 2670 3474 ὅτι
2709 3438 2727 3471 ι
2777 3421 2871 3472 Ἐκ
2895 3419 3034 3472 Κάῖν
3067 3418 3402 3486 ἑκδεδίκηται
3445 3417 3618 3470 ἑπτά-

2045 3527 2150 3572 κις,
2203 3511 2269 3562 ὲκ
2315 3507 2371 3560 δὲ
2419 3505 2609 3575 Λάμεχ
2661 3503 3120 3574 ἑϐδομηκοντάκις
3176 3501 3335 3556 ἑπτά.
3384 3519 3402 3551 ι
3449 3501 3510 3552 Ἡ
3553 3501 3616 3552 δὲ

2045 3595 2162 3648 ἑκεῖ
2188 3591 2380 3660 ἄφεσις
2411 3588 2561 3659 παρὰ
2598 3588 2787 3657 Πέτρῳ
2833 3586 3056 3655 ἑϐδόμη,
3100 3584 3376 3653 ἁνάγουσα
3408 3585 3471 3653 τῇ
3519 3584 3617 3634 ἑκ-

2050 3677 2262 3745 δικὴσει
2289 3673 2382 3726 τοῦ
2425 3673 2587 3738 Κάῖν,
2638 3669 2984 3741 συγχώρησις
3025 3668 3178 3739 παρὰ
3214 3666 3417 3736 Κυρίου
3458 3664 3615 3716 ἑϐδο-
3673 3669 3676 3672 ’

2052 3760 2384 3834 μηκοντάκις
2422 3757 2580 3818 ἑπτὰ,
2606 3757 2682 3819 ὡς
2713 3756 3034 3825 κατάκρισις
3063 3753 3140 3824 τῷ
3164 3753 3353 3824 Λάμεχ
3388 3751 3619 3820 ἑϐδομη-

2047 3848 2301 3909 κοντὰκις
2327 3844 2486 3898 ἑπτά.
2505 3845 2669 3897 Ὅσον
2691 3843 2752 3896 τὸ
2771 3843 3141 3913 παράπτωμα,
3163 3839 3411 3893 τοσοῦτον
3439 3839 3531 3891 καὶ
3557 3839 3619 3890 :6

2047 3937 2291 4007 χάρισμα
2313 3949 2327 3964 ⁸
2351 3935 2482 3986 ὅπου
2511 3931 2668 4002 ὀλίγη
2697 3933 2728 4002 ἡ
2763 3929 3025 4001 ἁμαρτία,
3043 3929 3200 3997 ὀλίγη
3228 3929 3322 3980 καὶ
3346 3928 3378 3997 ἡ
3399 3927 3614 3993 ἄφεσις.

2054 4016 2152 4093 ιᾭ
2167 4021 2273 4091 γὰρ
2291 4021 2500 4090 ἀφῆκεν
2517 4019 2715 4086 ὀλίγον,
2733 4018 2910 4085 ὀλίγον
2930 4016 3024 4069 καὶ
3041 4016 3229 4085 ἀγαπᾷ
3250 4031 3264 4045 ο
3277 4015 3411 4066 ὅπου
3432 4011 3590 4064 ἑπλεό
3604 4043 3620 4050 -

2049 4125 2211 4163 νασεν
2241 4110 2273 4180 ἡ
2303 4107 2564 4178 ἁμαρτία,
2590 4103 3118 4176 ὑπερεπερίσσευσεν
3137 4104 3170 4172 ἡ
3202 4101 3411 4171 χάρις.»
3439 4098 3501 4150 Τί
3523 4095 3617 4151 οὗν

2049 4197 2166 4250 ἑστι
2195 4196 2257 4249 τὸ
2291 4197 2622 4266 μυστήριον;
2662 4192 2850 4262 Ὀγδόη
2900 4191 3116 4260 λέγεται
3151 4191 3331 4260 ἡμέρα
3361 4190 3388 4239 6
3424 4186 3557 4240 αἰὼν
3590 4190 3619 4238 6

367 4308 598 4378 septima
634 4307 754 4364 dies
789 4308 991 4362 dicitur
1029 4315 1242 4378 tempus
1269 4272 1483 4378 judicii,
1513 4272 1566 4365 ian
1600 4329 1708 4382 quo
1734 4324 1789 4370 et
1822 4331 1934 4384 pec-

2052 4283 2150 4354 τῆς
2198 4284 2451 4355 κρίσεως,
2492 4283 2549 4335 ἑν
2598 4274 2643 4349 ᾧ
2689 4283 2719 4333 6
2766 4277 3087 4350 ἁμαρτωλὸς
3133 4276 3380 4338 ἑπτάκις,
3423 4275 3451 4327 6
3494 4272 3617 4379 καθ’

369 4408 524 4452 cator
555 4399 756 4468 septies
801 4401 1048 4469 punitur,
1099 4409 1154 4455 et
1193 4401 1395 4456 eximie
1432 4413 1690 4472 peccator
1724 4416 1944 4476 septua-

369 4491 486 4559 gies
516 4488 764 4557 septies;
813 4491 1000 4558 justus
1031 4493 1267 4562 septies,
1311 4502 1366 4548 et
1408 4493 1607 4551 eximie
1642 4497 1826 4564 justus
1859 4515 1948 4553 se-

371 4581 619 4652 ptuagies
685 4583 889 4652 septies
921 4594 1322 4640 remuneratur.
1357 4585 1449 4640 Dei
1506 4586 1817 4659 beniguitas
1851 4607 1945 4660 per

370 4672 660 4742 aenigmata
694 4688 842 4728 nunc
867 4675 1089 4744 quidem
1118 4675 1301 4730 futura
1335 4675 1492 4732 nobis
1525 4679 1795 4734 ostendit:
1818 4691 1947 4737 tunc

371 4774 552 4819 autem
589 4765 709 4835 ipso
762 4775 1036 4836 prtesente
1097 4771 1387 4839 perspicua
1417 4779 1470 4823 et
1523 4769 1812 4825 manifesta
1845 4773 1948 4826 erit

371 4856 594 4912 veritas.
623 4856 777 4911 Tunc
800 4861 944 4912 enim
979 4861 1206 4929 patebit,
1228 4863 1427 4932 quibus
1450 4862 1683 4933 quisque
1712 4864 1945 4933 praemiis

373 4950 443 5004 sit
473 4950 693 5020 dignus.
729 4952 1046 5021 Septuplam
1083 4954 1248 5024 igitur
1276 4955 1535 5009 ultionem
1567 4955 1725 5010 nobis
1756 4970 1942 5024 pecca-

372 5042 585 5096 toribus
617 5042 850 5098 debitam
880 5041 1148 5098 Dominus
1189 5044 1539 5108 condonabit,
1573 5045 1618 5099 si
1675 5061 1770 5114 per
1813 5060 1946 5098 con-

376 5132 670 5189 fessionem
710 5147 764 5190 et
796 5136 1176 5205 pmniteutiam
1217 5137 1305 5191 hic
1353 5153 1477 5192 eum
1531 5137 1944 5206 placaverimus.

373 5223 760 5293 Quamobrem,
796 5243 920 5282 cum
967 5227 1371 5283 formidandum
1433 5210 1584 5282 illum
1642 5230 1784 5282 diem
1840 5245 1948 5282 non

376 5316 710 5386 ignoremus,
747 5319 1119 5391 ultionemque
1167 5321 1550 5391 peccatoribus
1611 5329 1946 5377 reservatam

446 5432 491 5508 ξ’
527 5431 686 5487 Prov.
706 5451 841 5508 λιν,
882 5438 966 5493 16.
1042 5441 1088 5474 ’⁸
1126 5438 1287 5496 Hebr.
1314 5456 1387 5507 ιι,
1423 5439 1444 5492 1
1484 5454 1603 5508 sqq.

383 5501 403 5531 ³
435 5504 589 5565 Ilum.
622 5520 672 5572 ν,
699 5503 790 5559 20.

2051 4372 2355 4445 ὑπερϐολὴν
2400 4369 2858 4441 ἑϐδομηκοντάκις
2887 4366 3048 4429 ἑπτὰ,
3084 4364 3513 4435 ἑκδικηοήσεται.
3561 4362 3620 4414 Ὀ

2051 4461 2257 4524 δίκαιος
2286 4459 2514 4521 ἑπτάκις
2546 4458 2906 4528 τιμηθήσεται
2932 4472 2944 4482 ·
2996 4455 3024 4506 6
3065 4452 3186 4505 καθ’
3217 4447 3518 4518 ὑπερϐολὴν
3545 4447 3622 4499 δί-

2053 4565 2226 4613 καιος,
2260 4544 2718 4616 ἑϐδομηκοντάκις
2749 4543 2906 4596 ἑπτά.
2947 4542 3008 4593 Ἦ
3033 4537 3127 4592 τοῦ
3149 4537 3283 4591 Θεοῦ
3314 4535 3620 4605 φιλανθρω-

2049 4633 2149 4684 πία
2173 4631 2269 4684 νῦν
2303 4630 2398 4699 μὲν
2431 4628 2498 4680 δι’
2544 4626 2882 4696 αἰνιγμάτων
2910 4626 3043 4695 ἡμῖν
3083 4623 3151 4675 τὰ
3184 4621 3444 4692 μέλλοντα
3483 4620 3620 4670 ὑποσ-

2050 4715 2229 4784 ιραίνει
2249 4729 2262 4743 °
2293 4712 2413 4764 τότε
2438 4710 2496 4763 δὲ
2541 4710 2633 4762 ἐπὶ
2661 4709 2760 4779 τῆς
2788 4707 3092 4778 παρουσίας
3121 4703 3356 4774 ἐναργὴς
3400 4703 3491 4754 καλ.
3534 4719 3622 4754 τε·

2047 4796 2367 4870 τρανωμὲνη
2423 4793 2568 4845 ἐστὶν
2611 4793 2644 4862 ἡ
2679 4790 2927 4860 ἀλήθεια.
2969 4787 3144 4853 Δείξει
3184 4789 3291 4857 γάρ
3340 4785 3424 4848 τίς
3461 4784 3622 4870 τίνων

2053 4869 2202 4935 ἐστὶν
2231 4879 2398 4946 ἄξιος.
2441 4875 2840 4929 Ἐπταπλάσιον
2869 4873 3046 4926 τοίνυν
3077 4875 3212 4942 ἡμῖν
3237 4870 3333 4940 τὴν
3353 4869 3623 4922 ἀντίδοσιν

2053 4961 2500 5037 χρεωστουμένην
2529 4962 2640 5022 τοῖς
2677 4957 3016 5028 ἁμαρτωλοῖς
3051 4955 3396 5025 συγχωρήσει
3436 4953 3463 5004 6
3504 4951 3618 5002 Κύ-

2059 5069 2193 5121 ριος,
2227 5047 2458 5101 ἐνταῦθα
2489 5045 2578 5098 διὰ
2605 5047 2703 5114 τῆς
2733 5041 3168 5114 ἐξομολογήσεως
3199 5041 3292 5094 καὶ
3332 5037 3620 5110 μετανοίας

2053 5119 2354 5199 ἑξιλεωθεὶς
2385 5129 2512 5202 παρ’
2565 5128 2754 5199 ήμῶν
2800 5127 2939 5178 ὥστε
2989 5125 3188 5187 εἰδότες
3236 5122 3333 5192 τὴν
3385 5119 3621 5191 φοϐερὰν

2052 5219 2264 5286 ἐκείνην
2311 5214 2521 5286 ἡμέραν
2587 5211 2683 5282 τὴν
2733 5209 3130 5279 ταμιευομένην
3175 5205 3444 5258 ἀντίδοσιν
3509 5207 3620 5266 τοῖς

2049 5299 2416 5371 ἡμαρτηκόσι,
2449 5298 2548 5368 τὴν
2582 5296 2714 5367 πρὸς
2739 5293 2893 5360 ἀξίαν
2919 5293 3028 5345 τῶν
3064 5287 3620 5360 πεπλημμελημένων

1675 5439 1715 5470 ’⁷
1743 5436 1933 5490 Matth.

2062 5450 2139 5498 In,
2171 5434 2261 5487 2‘2.
2323 5434 2365 5464 ‘3
2390 5431 2520 5486 Gen.
2550 5447 2598 5484 tv
2634 5470 2647 5492 ,
2682 5429 2767 5484 15.
2803 5431 2842 5464 ⁸⁸
2879 5431 3009 5490 ibid.
3039 5429 3129 5485 21.
3191 5432 3204 5459 '
3243 5428 3374 5482 Luc.
3409 5445 3502 5494 vu,
3540 5429 3628 5486 47.
