3794 6000
106 153 226 209 289

840 148 911 203 IN
942 146 1189 210 VERBA,
1215 143 1592 202 FACIAMUS
1631 141 2024 210 HOMINEH,
2061 139 2238 207 ETC.,
2275 138 2479 196 ORAT.
2511 137 2579 193 11.

3262 133 3367 190 290

110 263 537 335 ἀντιμέτρησιν,
580 260 944 333 προλαϐόντες
966 260 1054 315 διὰ
1089 261 1190 331 τῆς
1225 259 1530 331 μετανοίας,
1572 259 1704 312 ἀνα-

1821 254 2105 311 sceleribus
2136 267 2323 309 eorum
2351 256 2760 322 congruentem,
2793 255 3218 311 antevertamus,
3243 261 3372 318 pec—

113 355 377 425 λύσωμεν
413 352 483 406 τὰ
519 353 914 433 ἁμαρτήματα,
950 353 1037 407 ἵνα
1066 353 1182 405 ἐκεί
1216 351 1306 405 τὸν
1322 338 1704 404 τπολυπλασια-

117 445 261 514 σμὸν
288 444 391 513 τῆς
421 442 744 505 ἀντιδόσεως
770 442 863 495 τὸν
906 440 1163 494 ἐπίπονον
1193 440 1539 508 ἐκφύγωμεν.
1578 436 1702 491 Ἐϐ-

114 535 293 605 δόμην
324 534 504 588 τοίνυν
544 534 717 605 αὐτὴν
745 533 960 604 ἡμέραν
994 531 1209 601 ἐκείνης
1245 530 1348 600 τῆς
1381 529 1574 598 ὀγδόης
1605 528 1705 598 τῆς
1758 578 1761 587 .

117 623 440 686 συντελείας
483 623 581 677 τοῦ
615 621 1110 693 αἰῶνος-εἴπωμεν.
1132 639 1152 673 ι
1181 621 1287 674 Καὶ
1306 621 1653 675 κατέπαυσεν
1676 622 1706 673 6

116 716 254 778 Θεὸς
286 713 398 768 ἀπὸ
428 708 539 764 τῶν
557 706 748 778 ἔργων.
775 726 795 759 ι
839 711 1035 765 Οὐκέτι
1078 711 1216 783 ἔργα
1258 709 1351 763 τοῦ
1401 711 1605 779 κόσμου
1647 711 1706 762 ἐν

118 806 315 877 ἐκείνῃ
349 807 414 875 τῇ
454 802 665 875 ἡμέρᾳ,
696 802 878 855 οὐκέτι
903 800 1093 872 γάμοι,
1124 800 1307 853 οὐκέτι
1337 799 1708 868 συναλλαγμά-

116 912 233 949 των
275 896 592 965 ἐμπορεῖαι,
643 892 907 962 γεωργίαι
947 890 1151 955 οὐκέτι,
1201 888 1339 943 ἀλλά
1374 890 1526 942 πᾶσα
1560 891 1594 959 ὴ
1633 888 1706 959 γῆ

122 982 467 1051 ἐπτοημένη,
503 982 654 1034 πᾶσα
678 983 711 1050 ἡ
743 981 920 1043 κτίσις
952 978 1262 1048 ἐναγώνιος,
1298 979 1458 1049 ίδρὼς
1491 980 1709 1049 ἀπαρα-

125 1072 396 1142 μύθητος,
426 1072 520 1125 καὶ
549 1073 600 1123 oi
629 1071 827 1124 δίκαιοι
854 1069 1158 1138 ἐναγώνιοι,
1183 1069 1267 1132 τίς
1292 1086 1423 1122 ποτε
1450 1068 1557 1140 ἄρα
1581 1069 1710 1141 περὶ

120 1162 311 1217 αὐτῶν
341 1164 375 1233 ή
403 1162 586 1230 ψῆφος
634 1162 1063 1233 ἐξενεχθήσεται.
1102 1162 1214 1215 Καὶ
1267 1160 1517 1231 Ἀϐραὰμ
1564 1161 1710 1228 ἀγω-

124 1254 311 1308 νιάσει
366 1253 521 1318 τότε,
570 1253 672 1322 οὐχ
732 1253 822 1306 ἵνα
892 1252 1261 1323 καταδικασθῇ
1323 1254 1402 1314 είς
1453 1251 1706 1319 γέενναν,

121 1344 240 1396 ἀλλ’
268 1345 332 1396 ἐν
363 1343 495 1415 πὸίᾳ
522 1342 673 1410 τάξει
711 1342 819 1395 τῶν
848 1342 1069 1396 δικαίων
1097 1343 1425 1412 ταχθήσεται
1446 1359 1459 1372 ·
1496 1341 1709 1412 πρώτῃ,

119 1434 155 1503 ἢ
186 1432 443 1503 δευτέρᾳ,
476 1431 511 1502 ἢ
540 1431 719 1503 τρίτῃ.
763 1430 967 1502 Κύριος
1005 1429 1065 1495 ἐξ
1106 1428 1370 1500 οὐρανῶν,
1409 1428 1504 1482 καὶ
1543 1429 1591 1480 οί
1622 1428 1713 1480 οὐ-

122 1523 283 1593 ρανοὶ
336 1523 659 1593 ῥήγνυνται,
714 1518 941 1591 δύναμις
975 1519 1434 1581 ἀποκαλύπτεται,
1486 1520 1635 1572 πᾶσα
1674 1520 1708 1589 ἡ

1804 351 2042 415 cataque
2088 334 2277 399 nostra
2313 341 2688 413 resipiscendo
2744 340 3039 404 diluamus,
3071 347 3131 392 ut
3179 353 3373 408 poenas

1807 435 1930 490 illas
1952 434 2309 504 gravissimas
2334 434 2622 488 evitemus.
2649 431 2926 501 Septimus
2953 430 3044 484 hic
3071 430 3236 500 igitur
3256 430 3374 485 dies

1803 525 2020 596 septimi
2049 525 2200 581 illius
2226 525 2356 590 diei,
2385 539 2495 595 quo
2515 536 2689 578 aevum
2725 536 2886 576 omne
2918 518 3221 590 perfectum
3246 522 3372 583 erit,

1803 626 1887 671 est
1920 616 2184 671 indicium
2214 625 2270 670 et
2300 621 2453 669 nota.
2505 630 2524 663 ι
2555 611 2623 666 Ει
2642 612 2902 683 requievit
2922 611 3061 665 Deus
3075 609 3148 663 ab
3194 611 3376 679 operi-

1806 708 1968 763 bus.»
1995 708 2145 765 Nulla
2162 709 2391 780 amplius
2418 704 2606 759 mundi
2634 718 2798 773 opera
2861 710 3020 757 erunt
3049 703 3104 756 in
3132 701 3226 755 illo
3253 700 3374 761 die,

1805 798 1969 853 nullae
1996 797 2231 867 amplius
2262 798 2486 867 nuptiae,
2517 810 2629 850 non
2654 801 2994 857 contractus,
3027 808 3136 848 non
3162 780 3378 847 merca-

1806 897 1964 953 turae,
1992 904 2102 943 non
2134 888 2249 958 agri
2287 888 2491 950 cultus,
2526 886 2621 942 sed
2683 885 2864 940 omnis
2897 894 3046 940 terra
3099 884 3155 937 in
3189 882 3379 937 formii-

1808 982 1934 1036 dine
1961 988 2015 1035 et
2042 986 2210 1044 metu,
2256 995 2446 1034 omnes
2492 993 2579 1034 res
2608 984 2910 1048 procreatae
2961 976 3016 1030 in
3067 974 3277 1044 judicio
3325 980 3380 1028 et

1809 1070 2112 1125 certamine
2143 1071 2528 1124 versabuntur.
2553 1066 2752 1132 Sudor,
2792 1073 2848 1122 et
2883 1066 3037 1119 labor
3084 1062 3381 1119 incredibi-

1808 1161 1897 1216 lis.
1930 1159 2034 1231 lpsi
2068 1161 2233 1215 etiam
2267 1160 2400 1229 justi
2439 1174 2564 1215 cum
2587 1159 2785 1213 timore
2825 1156 3148 1213 sententiam
3182 1167 3380 1223 exspe-

1809 1252 2055 1306 ctabunt.
2086 1251 2199 1306 Nec
2228 1251 2344 1322 ipse
2363 1251 2691 1306 Abrahama
2716 1249 3017 1304 certamine
3038 1247 3238 1309 aberit,
3270 1260 3382 1299 non

1810 1343 1962 1396 utin
1990 1341 2294 1412 gehennam
2340 1342 2654 1411 abjiciatur,
2705 1341 2801 1396 sed
2860 1340 2915 1394 in
2946 1353 3055 1408 quo
3109 1337 3381 1408 iustorum

1810 1428 2002 1483 ordine
2033 1428 2353 1493 collocetur,
2387 1431 2655 1499 primone,
2692 1443 2759 1483 an
2792 1429 3054 1493 secundo,
3088 1442 3157 1481 an
3202 1425 3381 1480 tertio.

1811 1516 2074 1573 Dominus
2112 1533 2143 1574 e
2173 1520 2351 1584 cmlis,
2406 1519 2827 1589 disrumpuntur
2875 1519 3022 1575 coeli.
3077 1516 3384 1573 Potestates

121 1591 631 1681 atrio-14519051.“.
677 1609 772 1673 Τίς
826 1608 1058 1678 ἀφοϐος;
1108 1608 1228 1663 οὐδὲ
1277 1607 1515 1676 ἄγγελοι.
1562 1610 1712 1679 Παρ-

1821 1620 2094 1681 apparent.
2148 1612 2431 1670 Universae
2485 1628 2574 1670 res
2628 1619 2929 1684 procreatae
2976 1607 3382 1681 perterrefactae

127 1704 379 1756 ίστανται
432 1701 527 1755 καὶ
560 1700 715 1754 αὐτοὶ⁸
746 1700 807 1753 οὐ
847 1699 1003 1768 λόγον
1044 1698 1120 1769 τῷ
1166 1697 1286 1768 Θεῷ
1333 1698 1514 1753 δοῦναι
1531 1712 1544 1728 ·
1599 1697 1712 1751 ἀλλ’

126 1791 283 1861 ὅμως
318 1790 354 1859 ή
397 1787 605 1852 ἔνδοξος
649 1786 936 1856 ἐπιφάνεια
999 1786 1163 1840 πᾶσιν
1207 1784 1466 1855 ἐμϐάλλει
1491 1785 1711 1856 τρόμον.

128 1883 250 1934 Οὐκ
295 1879 513 1943 ἀκούεις
563 1877 656 1932 τοῦ
708 1878 930 1931 Ἡσαΐου
996 1876 1274 1946 λέγοντος⁹
1331 1877 1456 1931 Ἐὰν
1498 1876 1716 1950 ἀνοίξῃς

126 1969 223 2022 τὸν
258 1967 509 2040 οὐρανὸν,
558 1967 758 2039 τρόμος
793 1966 1020 2036 λήψεται
1061 1966 1169 2020 ἀπὸ
1219 1966 1312 2019 σοῦ
1358 1965 1493 2037 όρη;
1538 1966 1628 2037 Ἐν
1682 1960 1717 2037 ᾖ

128 2058 381 2113 θάλασσα
422 2056 692 2127 πέπηγεν,
720 2058 781 2109 ἐν
891 2059 925 2127 ἡ
953 2057 1128 2120 κτίσις
1157 2056 1429 2126 σχολάσεις
1473 2057 1506 2129 ἡ
1557 2056 1716 2126 φύσις

127 2148 486 2220 νενέκρωται,
522 2146 643 2201 τότε
683 2145 1015 2217 ἀρπάζὶνται
1047 2147 1096 2199 οί
1126 2146 1345 2212 δίκαιοι,
1385 2147 1506 2200 τότε
1533 2147 1717 2218 ὄχημα

129 2238 243 2291 τῶν
270 2237 495 2291 δικαίων
526 2236 763 2306 νεφέλαι,
790 2238 908 2291 τότε
930 2237 1136 2307 πομπολ¹
1170 2237 1277 2292 τῶν
1300 2238 1520 2291 δικαίων
1548 2237 1716 2307 ἀγγε-

131 2328 235 2392 λοι,
261 2328 385 2381 τότε
413 2327 609 2381 δίκαιοι
642 2326 740 2397 μὲν
761 2326 837 2389 ὡς
861 2327 1086 2398 ἀστέρες
1119 2327 1229 2381 ἀπὸ
1256 2328 1356 2399 γῆς
1385 2330 1466 2391 είς
1491 2327 1717 2399 οὐρανὸν

133 2417 672 2489 ἀναλαμϐανόμενοιε
712 2419 761 2471 οί
801 2417 857 2470 δὲ
887 2417 1197 2490 ἁμαρτωλοὶ
1234 2417 1464 2488 δέσμιοι,
1495 2417 1574 2488 τῷ
1601 2418 1716 2489 ίδίῳ

137 2510 297 2580 βάρει
325 2509 434 2561 τῶν
464 2507 875 2579 ἁμαρτημάτων
904 2507 1285 2579 πεπεδημένοι,
1314 2509 1466 2563 κάτω
1490 2507 1716 2562 πεσοῦν-

134 2615 229 2652 ται
256 2595 680 2666 δυσσυνείδητοι.

1810 1702 2265 1759 contremiscunt.
2299 1702 2434 1770 Quis
2465 1719 2575 1758 non
2607 1703 2837 1758 timeat?
2880 1703 3003 1770 quis
3041 1713 3153 1755 non
3196 1696 3386 1751 formi-

1811 1789 1924 1855 det,
1957 1805 2080 1846 cum
2108 1808 2177 1848 ne
2203 1794 2377 1863 angeli
2404 1793 2624 1863 quidem
2655 1807 2687 1846 a
2741 1798 2887 1846 metu
2937 1791 3048 1846 sint
3070 1787 3250 1851 vacui,
3288 1785 3386 1841 sed

1811 1881 1917 1952 ipsi
1947 1898 2165 1953 quoque
2190 1891 2356 1943 stent.
2390 1882 2641 1953 quamvis
2675 1882 2941 1935 rationem
2975 1878 3086 1933 Deo
3119 1892 3228 1931 non
3261 1874 3388 1930 red-

1812 1968 2302 2038 dituriigloriosa
2356 1979 2539 2025 tamen
2579 1970 2783 2040 judicis
2834 1968 3118 2038 praesentia
3181 1972 3387 2020 metum

1816 2059 2072 2115 omnibus
2102 2060 2297 2130 injicit.
2333 2050 2529 2115 Nonne
2581 2061 2738 2116 audis
2790 2060 2985 2114 lsaiam
3026 2055 3336 2112 dicentem'
3367 2068 3384 2106 :

1818 2149 1875 2204 Si
1899 2151 2206 2222 disruperis
2239 2154 2433 2212 caelos.
2459 2169 2488 2206 a
2520 2152 2660 2208 facie
2688 2160 2777 2207 tua
2803 2167 2915 2223 prae
2941 2153 3141 2205 timore
3170 2154 3388 2202 montes

1816 2242 2097 2298 deﬂuent?
2131 2243 2278 2300 Mare
2300 2246 2626 2315 conglaciat,
2649 2260 2736 2301 res
2758 2259 2949 2299 omnes
2970 2243 3386 2311 obstupescunt,

1816 2342 2012 2387 natura
2049 2340 2132 2389 est
2165 2342 2400 2399 mortua,
2433 2334 2500 2393 ad
2584 2335 2739 2388 illum
2796 2349 2828 2389 e
2879 2332 3039 2388 caelis
3095 2316 3423 2384 adventum.

1821 2422 2000 2477 omnis
2041 2422 2259 2478 dicendi
2315 2424 2456 2479 ratio
2506 2431 2684 2494 torpet
2717 2433 2771 2479 et
2835 2421 3180 2478 conticescit.
3234 2420 3391 2474 Tunc

1815 2511 1952 2581 justi
1993 2513 2211 2583 quidem
2246 2524 2306 2570 ut
2330 2516 2501 2571 stellae
2532 2516 2586 2569 in
2617 2516 2817 2570 caelum
2877 2514 3189 2573 tollentuna
3221 2521 3387 2568 terra.

1819 2600 2143 2661 Peccatores
2174 2615 2355 2662 autem
2391 2608 2616 2678 proprio
2642 2590 2994 2678 peccatorum
3026 2603 3267 2674 pondere
3302 2602 3393 2657 de-

133 2687 317 2760 pressi
346 2686 844 2757 circumvolutique
870 2687 1129 2743 deorsum
1155 2685 1422 2756 ferentur,
1456 2689 1762 2758 turpissimi
1799 2708 1863 2749 ac
1890 2695 2317 2768 despectissimi.

222 2802 437 2874 Ἐκείνη
477 2806 513 2872 ή
555 2802 755 2873 ἑϐδόμη
798 2802 976 2859 τοίνυν
1018 2805 1124 2858 ὑπὸ
1165 2804 1369 2873 ταύτης
1424 2805 1523 2875 τῆς
1571 2805 1719 2859 ἐϐδό-

141 2908 252 2962 μης
301 2860 803 2962 διασχηματίζέτάι.
859 2909 878 2942 ι
941 2889 1046 2945 Καὶ
1098 2860 1439 2945 κατέπαυσεν
1591 2892 1722 2956 Θεὸς
1749 2860 1790 2916 c

139 2978 251 3031 ἀπὸ
310 2976 531 3030 πάντων
572 2976 680 3029 τῶν
734 2975 927 3047 ἔργων.
987 2994 1007 3027 ι
1070 2977 1265 3031 Οὐκέτι
1320 2977 1389 3031 τὰ
1450 2976 1545 3031 τοῦ
1606 2977 1722 3048 βίου

138 3064 334 3118 τούτου
366 3065 424 3116 ἐν
449 3063 635 3135 ἐκείνῃ
655 3066 721 3134 τῇ
754 3063 955 3134 ἡμέρᾳ.
996 3065 1395 3136 Ἐκοιμήθησαν
1440 3065 1724 3136 ἐπιθυμίαι

142 3151 496 3222 νεωτερικαί·
536 3149 716 3202 οὐκέτι
753 3151 884 3220 περὶ
920 3151 1098 3220 γάμου
1128 3150 1382 3221 πρόθεσις
1405 3167 1419 3181 ⁸
1462 3151 1724 3221 ἐπιθυμία

144 3239 490 3301 παιδοποιίας
528 3236 743 3291 οὐκέτι·
799 3239 924 3308 περὶ
965 3237 1162 3308 χρυσοῦ
1213 3239 1432 3315 φροντὶς
1475 3240 1721 3309 οὐδεμία.

155 3323 454 3379 Ἐπελάθου
507 3326 537 3377 6
583 3324 913 3395 φιλάργυρος
964 3322 1057 3377 τοῦ
1120 3324 1425 3394 βαλαντίου,
1464 3325 1724 3381 ἐπελάθου

142 3412 244 3480 τῆς
269 3412 375 3480 γῆς
405 3412 435 3463 6
462 3411 841 3481 πολυκτήμων,
871 3409 1132 3463 ἐπελάθου
1169 3410 1326 3480 δόξης
1353 3412 1382 3464 ό
1409 3411 1723 3484 δοξομανής.

143 3500 332 3552 Πάντα
359 3498 540 3551 ἐκεῖνα
567 3494 765 3567 ἐξέπτη
801 3497 899 3566 τῆς
925 3496 1181 3559 διανοίας.
1228 3496 1293 3550 Ἡ
1324 3497 1382 3549 δὲ
1421 3498 1564 3568 ψυχὴ
1591 3499 1726 3571 πρὸς

146 3581 228 3653 τῷ
258 3582 518 3652 φοϐοῦντί
564 3584 681 3635 ἐστι
699 3596 712 3609 ’
748 3583 886 3654 πρὸς
912 3584 979 3653 τῇ
1016 3581 1313 3653 προσδοκίᾳ
1341 3581 1449 3635 τῶν
1477 3583 1722 3653 ἐπηρτη-

153 3664 332 3734 μένων
380 3665 591 3718 δεινῶν.
643 3664 811 3729 Φόϐος
856 3664 967 3736 γὰρ
1009 3664 1202 3730 ἐξωθεί
1251 3666 1432 3718 πᾶσαν
1481 3665 1579 3734 τὴν
1617 3665 1720 3735 ἐμ-

150 3750 576 3821 πολιτευομένην
606 3753 727 3816 ταῖς
768 3752 965 3822 ψυχαῖς
1009 3751 1166 3822 ήμῶν
1211 3752 1431 3822 ἐμπαθῆ
1464 3750 1718 3805 διάνοιαν.

152 3833 331 3888 Ὅπου
367 3834 532 3903 φόϐος
556 3834 714 3899 Θεοῦ,
751 3835 927 3889 πάντα
956 3833 1274 3905 ἐξελήλαται
1300 3834 1370 3888 τὰ
1395 3833 1488 3887 τοῦ
1516 3835 1723 3898 πάθους

155 3914 487 3986 σπιλώματα
531 3917 595 3969 ἐκ
616 3915 715 3985 τῆς
742 3916 982 3978 διανοίας
1019 3915 1199 3986 ἡμῶν.
1254 3915 1400 3987 Αὕτη
1434 3919 1469 3984 ή
1518 3916 1723 3988 ἑϐδόμη

150 3998 366 4069 ἐκείνης
391 3998 492 4069 τῆς
519 3997 750 4070 ἑϐδόμης
779 4001 964 4061 τύπος.
1006 3999 1236 4055 Ἔλαϐεν
1264 3995 1355 4053 οὖν
1383 4002 1411 4053 6
1442 4000 1573 4065 Θεὸς
1596 3999 1723 4070 χοῦν

149 4081 259 4133 ἀπὸ
310 4081 414 4150 τῆς
461 4082 585 4150 γῆς,
633 4082 728 4134 καὶ
762 4081 996 4135 ἔπλασεν
1041 4083 1071 4134 ό
1110 4082 1243 4146 Θεὸς
1283 4084 1374 4137 τὸν
1416 4076 1719 4154 ἀνθρωπονζ

1896 2787 2175 2860 Septimus
2208 2793 2375 2861 igitur
2407 2794 2497 2848 ille
2524 2792 2640 2850 dies
2676 2794 2745 2848 ab
2788 2793 2893 2849 hoc
2927 2795 3160 2864 septimo
3208 2792 3391 2848 decla-

1824 2890 1998 2937 ratur.
2031 2903 2050 2935 ι
2094 2883 2159 2938 Et
2189 2885 2455 2955 requievit
2494 2885 2635 2940 Deus
2665 2885 2753 2941 die
2778 2886 3009 2955 septimo
3036 2885 3103 2939 ab
3133 2883 3392 2938 omnibus

1825 2976 2084 3045 operibus
2113 2977 2249 3033 suis.
2291 2997 2310 3029 ι
2351 2977 2481 3043 Qua:
2509 2978 2575 3033 ad
2612 2978 2780 3033 vitam
2819 2979 2961 3033 hanc
3002 2977 3291 3046 pertinent,
3324 2990 3392 3029 eo

1823 3065 1912 3121 die
1938 3081 2045 3121 non
2071 3079 2253 3122 erunt.
2313 3067 2608 3134 Quiescent
2662 3067 2925 3136 juvenum
2974 3067 3177 3121 studia.
3234 3064 3391 3119 Nulla

1824 3157 1928 3212 erit
1956 3157 2027 3211 de
2064 3158 2272 3228 nuptiis
2306 3159 2640 3213 consultatio
2669 3176 2685 3225 ;
2717 3159 2866 3213 nulla
2916 3155 3390 3226 suscipiendorum

1826 3245 2121 3301 liberorum
2176 3246 2528 3313 sollicitudo;
2568 3246 2716 3299 nulla
2771 3245 2997 3314 parandi
3043 3243 3163 3297 auri
3214 3257 3391 3307 cura;

1828 3335 2051 3399 saeculi,
2083 3341 2138 3390 et
2172 3350 2314 3390 area:
2338 3350 2536 3390 avarus
2569 3334 2943 3390 obliviscetur.
2993 3331 3113 3386 Non
3161 3331 3392 3401 przedio-

1829 3440 1947 3479 rum
1982 3426 2247 3495 locuples,
2283 3441 2391 3480 non
2424 3427 2652 3481 honoris
2683 3437 2735 3481 et
2758 3425 2916 3479 famae
2945 3424 3292 3484 ambitiosus,
3338 3428 3392 3476 et

1825 3514 2014 3584 gloriae
2067 3515 2300 3585 cupidus
2356 3514 2748 3569 recordabitur.
2801 3512 2926 3566 Haec
2986 3512 3166 3565 omnia
3202 3510 3392 3578 procul

1828 3607 2061 3662 aberunt
2091 3621 2120 3659 a
2145 3605 2353 3660 nostris
2386 3604 2833 3676 cogitationibus.
2857 3603 3087 3656 Animus
3116 3604 3168 3655 iu
3197 3602 3393 3655 timore

1828 3695 2157 3750 constitutus
2190 3694 2259 3748 ad
2293 3708 2474 3749 rerum
2501 3693 2904 3747 imminentium
2929 3691 3390 3761 exspectationem

1827 3786 2139 3841 excubabit.
2172 3784 2360 3839 Timor
2388 3785 2532 3840 enim
2558 3799 2774 3839 omnem
2803 3785 2962 3838 aliam
3008 3781 3391 3853 cogitationem

1827 3880 1895 3933 ab
1920 3878 2117 3932 animis
2151 3877 2359 3932 nostris
2392 3877 2646 3948 expellet.
2678 3875 2813 3930 Nam
2850 3875 2940 3930 ubi
2981 3874 3073 3929 Dei
3105 3874 3265 3927 timor
3293 3873 3392 3927 ad-

1826 3954 1932 4032 est,
1954 3968 2116 4023 nullae
2139 3968 2606 4037 perturbationum
2624 3968 2853 4022 maculae
2879 3976 3120 4022 mentem
3145 3975 3390 4022 nostram

1828 4060 2224 4117 contaminant.
2260 4058 2361 4114 Hic
2394 4060 2659 4129 septimus
2686 4060 2804 4116 dies
2847 4060 2994 4116 illius
3023 4069 3107 4117 est
3140 4062 3247 4117 diei
3305 4074 3392 4115 se-

153 4163 267 4216 Οὐκ
298 4162 558 4232 ἐτελέσθη
604 4164 638 4233 ή
682 4163 1061 4233 κοσμογένεια,
1091 4164 1153 4217 οὐ
1180 4164 1405 4235 διεκόπη
1432 4166 1466 4235 ἠ
1499 4150 1723 4219 ἀκολου-

1828 4151 1987 4221 ptimi
2035 4151 2254 4221 signum
2284 4158 2336 4206 et
2368 4159 2517 4205 nota.
2553 4150 2801 4224 Sumpsit
2831 4152 2974 4208 Deus
3033 4153 3311 4222 pulverem
3360 4168 3393 4207 e

156 4244 244 4299 θία
299 4244 391 4299 ἵνα
448 4245 511 4299 τὸ
553 4246 821 4318 ἡμέτερον
872 4247 1210 4318 παρεισαχθῇ
1271 4247 1550 4318 διήγημα,
1609 4248 1724 4302 ἀλλ’

150 4328 346 4401 ἐλέχθη
370 4346 386 4362 ’
434 4330 715 4400 Ἐποίησεν
754 4332 783 4384 6
813 4331 945 4394 Θεὸς
983 4331 1070 4384 τὸν
1108 4332 1410 4403 ἄνθρωπον,
1446 4334 1540 4385 καὶ
1589 4350 1725 4387 κατ-

152 4411 393 4475 έπαυσεν
438 4412 545 4465 ἀπὸ
583 4413 800 4467 πάντων
843 4413 951 4466 τῶν
1006 4413 1201 4485 ἔργων.
1243 4415 1351 4468 Καὶ
1374 4414 1561 4485 ἐπειδὴ
1598 4432 1725 4486 σχο-

151 4492 245 4564 λήν
275 4495 474 4564 ήγαγε,
504 4494 737 4548 διδάσκει
764 4496 1041 4567 ἡμᾶςπῶς
1071 4497 1344 4567 ἐποίησεν.
1381 4515 1400 4548 ι
1440 4497 1670 4551 Ἐλαϐιν
1697 4498 1726 4550 6

152 4576 286 4641 Θεὸς
315 4576 446 4648 χοῦν
474 4578 582 4631 ἀπὸ
609 4579 706 4649 τῆς
735 4582 859 4649 γῆς.
898 4598 918 4631 ι
959 4566 1127 4634 Ὅταν
1151 4566 1392 4652 ἀκούσῃς
1423 4579 1572 4650 χοῦν,
1598 4599 1725 4635 παι-

151 4660 307 4713 δεύου
356 4660 628 4728 ἀφοϐίαν·
674 4660 975 4734 ἀνθρώπων
1016 4662 1089 4734 μὴ
1115 4663 1286 4734 λάϐῃς
1312 4665 1623 4735 πρόσωπον.
1660 4668 1726 4720 Τί

152 4743 368 4814 φρονεῖς
401 4742 498 4794 ἐπὶ
528 4743 737 4814 σεαυτῷ
759 4745 934 4815 μέγα;
960 4745 1129 4802 Ὅταν
1154 4746 1346 4799 ἐλθωσί
1376 4764 1457 4800 σοι
1480 4747 1727 4820 λογισμοὶ¹

153 4826 350 4896 οἴδημα
364 4820 466 4895 τῆς
481 4825 708 4897 καρδίας
725 4829 817 4880 καὶ
833 4828 1142 4899 φλεγμονὴν
1160 4829 1514 4899 ἐμποιοῦντες
1530 4848 1543 4862 °
1561 4832 1728 4885 είσελ·

153 4907 290 4962 θέτω
306 4924 364 4960 σε
377 4910 411 4979 ή
428 4908 731 4980 ὑπόμνησις
744 4909 845 4981 τῆς
858 4905 1107 4975 κτίσεωςδ
1122 4912 1238 4975 πῶς
1251 4911 1522 4983 ἐκτίσθης.
1535 4932 1553 4964 ι
1568 4914 1728 4967 Ἔλα-

157 4993 246 5045 ϐεν
268 4997 297 5047 6
323 4994 459 5059 Θεὸς
487 4992 617 5065 χοῦν
640 4995 748 5049 ἀπὸ
770 4996 872 5066 τῆς
890 4997 1016 5067 γῆς,
1043 4999 1137 5051 καὶ
1158 4996 1388 5052 ἔπλασεν
1421 5001 1450 5052 ό
1475 4998 1605 5061 Θεὸς
1635 4999 1727 5053 τὸν

156 5080 457 5152 ἄνθρωπον.
491 5100 511 5134 ι
542 5082 684 5135 Πότε
708 5081 936 5135 δύνασαι
956 5084 1306 5137 ἐπιλαθέσθαι
1324 5085 1580 5152 σεαυτοῦ;
1604 5087 1726 5140 τότε

164 5164 424 5220 ἐπελάθου
457 5162 715 5229 σεαυτοῦ,
747 5166 877 5220 ὅταν
913 5167 1272 5239 ἀναχωρήσῃς
1296 5169 1396 5238 τῆς
1420 5169 1542 5239 γῆς.
1574 5171 1638 5223 Εἰ
1670 5171 1726 5224 δὲ

159 5248 408 5302 οὐδέποτε
431 5246 650 5322 χωρίζῃ
669 5249 770 5319 τῆς
787 5250 909 5321 γῆς,
930 5250 1066 5304 ἀλλά
1084 5250 1457 5322 συμπεφυκὼς
1475 5248 1526 5305 εἴ
1547 5257 1614 5325 τῇ
1631 5257 1724 5325 γῇ,

163 5336 339 5411 βαδίζῃ
373 5340 471 5393 ἐπὶ
496 5341 602 5410 τῆς
636 5337 766 5407 γῆς,
791 5339 1118 5412 ἐπαναπαύῃ
1142 5341 1236 5394 ἐπὶ
1255 5343 1355 5413 τῆς
1382 5341 1502 5411 γῆς,
1530 5341 1725 5415 δικάζῃ

160 5422 242 5475 ἐπὶ
263 5423 363 5494 τῆς
392 5423 498 5495 γῆς
517 5439 534 5455 ’
572 5422 686 5475 πᾶν
711 5420 846 5493 ὅπερ
883 5421 951 5475 ἂν
978 5424 1135 5493 ποιῇς
1177 5424 1285 5477 εἴτε
1311 5425 1459 5494 μέγα
1495 5425 1604 5480 εἴτε
1633 5443 1726 5496 μι-

217 5538 237 5570 ³
264 5538 366 5593 lsa.
390 5553 507 5601 xlv,
544 5532 636 5589 10.
716 5532 737 5563 ⁸
767 5531 898 5587 Gen.
932 5547 990 5598 υ,
1018 5530 1071 5584 2.
1146 5532 1167 5565 '
1199 5531 1331 5587 ibid.
1361 5532 1414 5585 7.

1829 4251 1995 4306 terra,
2052 4249 2106 4297 et
2160 4242 2417 4297 formavit
2474 4243 2769 4300 hominem.
2835 4244 2954 4299 Non
3003 4252 3089 4299 est
3143 4245 3393 4299 absoluta

1829 4338 2018 4392 mundi
2049 4338 2388 4407 procreatio,
2419 4350 2521 4391 nec
2549 4351 2729 4391 rerum
2769 4337 2937 4390 series
2968 4337 3293 4406 interrupta,
3334 4347 3395 4392 ut

1826 4430 2067 4484 narratio
2101 4429 2169 4484 de
2198 4430 2358 4486 nobis
2378 4429 2833 4484 introduceretur.
2864 4430 2971 4484 Sed
3030 4429 3236 4485 dictum
3268 4438 3352 4486 est
3378 4449 3392 4485 :

1826 4518 1977 4597 Fecit
2015 4519 2157 4575 Deus
2188 4521 2487 4584 hominem,
2517 4529 2570 4576 et
2600 4520 2863 4590 requievit
2889 4521 2956 4575 ab
2982 4522 3233 4578 omnibus
3266 4538 3395 4592 ope-

1828 4611 2001 4668 ribus.
2019 4612 2194 4682 Atque
2218 4614 2302 4669 his
2324 4613 2607 4683 explicatis
2629 4614 2913 4679 commode
2936 4629 3034 4670 nos
3056 4614 3234 4678 docet.
3258 4631 3395 4685 quo—

1827 4704 1988 4759 modo
2015 4703 2288 4760 hominem
2318 4705 2525 4761 fecerit.
2548 4724 2567 4756 ι
2601 4703 2846 4775 Sumpsit
2870 4705 3012 4761 Deus
3036 4706 3335 4775 pulverem,
3366 4725 3385 4757 ι

1826 4795 2023 4864 inquit,
2059 4813 2079 4847 ι
2120 4811 2151 4850 e
2177 4802 2323 4851 terra
2343 4796 2387 4850 ⁸.
2430 4815 2450 4848 ›
2494 4780 2954 4865 (Συηιφιιινενεπη
3002 4795 3178 4857 audis,
3241 4795 3391 4848 disce

1828 4886 2076 4940 timorem
2122 4886 2418 4941 humanum
2457 4885 2746 4956 deponere.
2795 4884 2875 4940 Ne
2916 4885 3185 4954 suspicias
3215 4884 3391 4938 homi-

1828 4989 1955 5028 num
1979 4989 2261 5045 personas.
2299 4975 2411 5030 Cur
2441 4977 2665 5045 spiritus
2708 4977 2900 5031 tollis?
2938 4976 3049 5030 Cur
3072 4975 3138 5030 de
3174 4982 3226 5030 te
3273 4988 3390 5028 ma-

1829 5066 2023 5136 gniﬁce
2050 5067 2264 5121 sentis?
2300 5065 2529 5132 Quando
2550 5068 2649 5122 tibi
2678 5068 3040 5137 cogitationes
3080 5066 3387 5125 inciderint.

1828 5156 2026 5225 quibus
2059 5157 2413 5222 intumescas,
2446 5157 2648 5227 quibus
2690 5158 3066 5223 inﬂammeris,
3108 5157 3238 5211 illud
3292 5156 3390 5210 tibi

1827 5246 1881 5300 in
1914 5247 2228 5302 memoriam
2257 5261 2474 5311 revoca,
2511 5247 2785 5316 quomodo
2817 5254 3032 5301 creatus
3062 5248 3156 5302 sis.
3186 5266 3205 5298 ι
3233 5244 3392 5300 Sum-

1828 5337 1935 5406 psit
1973 5335 2116 5393 Deus
2140 5337 2415 5406 pulverem
2443 5353 2473 5392 e
2501 5349 2664 5403 terra,
2694 5345 2749 5392 et
2770 5332 3043 5393 hominem
3067 5337 3343 5403 formavit.
3365 5358 3386 5391 ο

1830 5428 1886 5482 Si
1904 5443 1932 5483 a
1950 5435 2094 5484 terra
2112 5428 2441 5496 discederes,
2461 5428 2602 5485 forte
2616 5429 2945 5487 conditionis
2965 5437 3070 5486 tuae
3092 5445 3280 5502 posses
3293 5429 3388 5486 ob-
