3794 6000
272 130 463 188 '29!

1596 119 1657 176 S.
1701 112 2030 174 GREGOR"
2072 109 2364 167 NYSSENI

3502 96 3623 156 εον

365 239 564 296 livisci.
579 237 734 296 Nunc
748 245 930 295 autem
948 236 1017 292 ab
1028 250 1092 293 ea
1109 247 1387 305 nunquam
1413 230 1670 295 discedis,
1693 229 1787 286 sed
1807 243 1931 284 cum

2122 236 2165 278 ιν
2186 224 2278 278 ἐπὶ
2300 222 2398 293 τῆς
2418 219 2541 291 γῆς,
2563 219 2728 289 ἐγγὺς
2746 216 2889 291 ἔχεις
2909 216 2970 271 τδ
2994 217 3292 305 ὑπόμνημα
3307 213 3413 305 τῆς
3422 210 3622 266 ἑαυτοῦ

362 329 456 387 illa
472 331 796 385 naturaliter
810 328 1141 398 coniunctus
1165 342 1245 382 es.
1272 324 1478 380 incedis
1500 323 1553 378 in
1571 330 1736 386 terra,
1752 320 1807 375 in
1825 327 1939 374 ter-

364 438 424 478 ra
440 421 808 492 conquiescis,
824 421 881 475 in
896 428 1039 476 terra
1054 418 1256 490 litigas,
1270 427 1324 473 et
1338 413 1655 486 negotiaris.
1668 411 1938 479 Quamob-

361 526 480 567 rem
510 511 773 581 quidquid
808 512 925 580 agis
959 509 1012 563 in
1034 517 1199 571 terra,
1219 508 1335 563 sive
1349 520 1603 577 magnum
1627 504 1680 559 id
1702 504 1793 565 sit,
1823 502 1936 556 sive

366 616 630 672 parvum,
693 600 921 670 abjecta:
974 597 1304 654 conditionis
1362 604 1469 650 tua:
1524 598 1933 649 monumentum

368 693 555 747 habes.
594 692 1034 747 Contumeliosus
1064 705 1146 755 es,
1172 697 1226 744 et
1255 687 1593 743 iracundus:
1629 684 1774 739 unde
1833 681 1937 737 tibi

363 799 431 839 ex
461 794 569 837 tam
600 782 790 836 humili
820 789 965 836 statu
1001 781 1327 850 indignatio,
1351 787 1404 834 et
1424 777 1706 832 iracundia
1727 776 1751 830 Ἰ
1773 773 1938 830 Ferre

367 888 472 927 non
511 879 689 941 potes,
743 869 890 941 quod
923 871 1201 940 ignobilis,
1253 876 1309 923 et
1338 868 1571 923 obscuro
1608 866 1732 921 loco
1772 872 1936 919 natus

364 978 486 1018 esse
510 962 735 1028 dicaris,
763 961 1160 1030 contendisque
1191 968 1251 1015 ut
1278 960 1346 1022 is,
1368 961 1462 1028 qui
1489 958 1586 1013 tibi
1614 957 1752 1010 male
1777 955 1933 1019 dixit,

363 1070 429 1109 ex
459 1062 512 1109 te
546 1055 701 1125 pejus
740 1054 969 1109 audiat?
994 1052 1196 1108 Oculos
1224 1050 1448 1107 demitte
1469 1089 1483 1112 ,
1521 1064 1584 1103 ac
1620 1058 1821 1102 terram
1852 1046 1936 1100 in-

364 1153 538 1209 tuere,
570 1154 627 1200 et
655 1145 941 1202 confestim
980 1144 1059 1198 ira
1096 1152 1187 1199 tua
1215 1142 1515 1199 sedabitur.
1540 1139 1764 1194 Terram
1790 1136 1937 1206 aspi-

364 1252 450 1300 ce.
481 1247 535 1294 et
561 1246 739 1292 tecum
776 1238 892 1307 ipse
923 1236 1005 1292 sic
1028 1236 1242 1306 cogita:
1284 1233 1579 1305 lgnobilem
1615 1231 1705 1286 hic
1743 1245 1849 1293 me,
1882 1237 1937 1284 et

363 1341 395 1381 e
426 1342 585 1382 servo
616 1334 804 1381 natum
860 1325 1171 1396 appellavit.
1204 1322 1381 1380 Minus
1435 1322 1593 1386 dixit,
1648 1334 1808 1390 quam
1850 1318 1934 1385 id,

365 1418 512 1486 quod
542 1433 632 1473 res
658 1424 762 1473 est.
798 1416 981 1485 Neque
1008 1420 1152 1471 cnlm
1195 1430 1284 1471 me
1321 1429 1352 1469 e
1395 1422 1541 1469 terra
1570 1410 1812 1482 genitum
1842 1424 1936 1463 vo-

365 1508 530 1571 cavit,
572 1507 668 1563 sed
700 1523 767 1562 ex
804 1507 1041 1561 homine.
1104 1504 1321 1571 Quanto
1379 1511 1561 1559 autem
1601 1512 1777 1564 terra,
1814 1513 1936 1570 quae

364 1600 742 1661 conculcatur,
777 1597 1016 1652 nobilior
1044 1606 1129 1652 est
1165 1598 1353 1650 animo
1409 1592 1695 1665 praeditus,
1748 1606 1813 1645 ac
1853 1591 1936 1646 vi-

363 1698 517 1746 vens,
544 1682 753 1736 homo?
786 1680 896 1751 Ego
918 1680 1157 1735 veterem
1182 1687 1408 1733 matrem
1442 1677 1647 1747 aspicio
1671 1688 1936 1746 agnosco-

363 1788 471 1844 que
506 1785 726 1831 terram.
782 1771 963 1837 Quare
1008 1786 1118 1825 non
1155 1777 1241 1825 est
1295 1768 1718 1840 ignominiosum
1775 1775 1939 1835 atque

362 1876 543 1935 turpe,
572 1880 602 1919 e
643 1880 805 1919 servo
834 1873 1013 1918 ortum
1039 1877 1183 1927 esse,
1213 1860 1307 1917 sed
1339 1859 1658 1931 praeclarum
1688 1863 1742 1912 et
1764 1856 1940 1911 bono~

362 1952 599 2015 rilicum,
638 1952 911 2006 hominem
934 1966 1057 2007 esse
1077 1957 1443 2020 procreatum.
1468 1948 1567 2003 Hic
1593 1954 1773 2009 autem
1805 1945 1935 2002 dum

363 2051 518 2114 putat
549 2043 678 2097 mihi
710 2043 1096 2097 contumeliam
1125 2041 1330 2104 dicere,
1356 2039 1679 2110 imprudens
1709 2054 1798 2093 me
1843 2052 1939 2108 po-

364 2135 477 2191 tius
509 2134 817 2188 honoravit.
855 2132 968 2203 Ego
1000 2134 1147 2187 enim
1194 2141 1405 2186 natura!
1447 2144 1579 2185 meae
1627 2143 1738 2183 non
1786 2128 1940 2199 igna-

365 2241 484 2289 rus,
511 2226 671 2295 plane
706 2225 843 2288 scio,
878 2224 967 2294 qui
1000 2224 1126 2288 sim,
1158 2231 1214 2278 et
1241 2221 1385 2276 unde
1416 2222 1541 2276 sim.
1593 2218 1720 2274 Haec
1773 2219 1940 2290 igitur

360 2315 546 2371 'nostri
574 2322 730 2370 ortus
759 2330 790 2369 e
838 2325 983 2369 terra
1022 2313 1331 2370 recordatio
1383 2327 1664 2383 nunquam
1712 2311 1937 2367 excitari

368 2407 667 2478 saavireque
701 2407 847 2462 sinat
874 2406 1234 2461 iracundiam.
1290 2404 1506 2463 Rationi
1545 2413 1693 2459 terra
1725 2417 1943 2472 semper

368 2497 652 2568 suppetias
700 2495 857 2560 ferat,
911 2511 1140 2565 eamque
1195 2508 1408 2564 semper
1464 2488 1937 2548 commonefaciat.

367 2584 598 2652 Quando
629 2584 931 2656 cupiditate
959 2583 1178 2652 ﬂagras,
1207 2589 1262 2637 et
1298 2596 1363 2636 ea
1388 2581 1701 2635 concitatus
1739 2580 1938 2648 curris,

368 2689 467 2744 per
500 2683 705 2729 terram
741 2674 940 2729 curris.
968 2672 1160 2740 Cogita
1190 2685 1428 2740 quonam
1459 2670 1536 2726 sis
1557 2678 1937 2740 perventurus,

369 2764 415 2819 si
450 2775 501 2820 te
536 2764 590 2818 in
610 2772 823 2819 terram
848 2763 1175 2818 dissolutum
1224 2762 1292 2815 iri
1326 2761 1802 2816 consideraveris:
1848 2776 1939 2817 re-

370 2855 637 2924 primetur
665 2854 981 2924 cupiditatis
1013 2851 1165 2906 furor
1213 2871 1231 2903 ι
1261 2850 1431 2906 Terra
1466 2867 1547 2917 es,
1581 2852 1714 2906 etin
1740 2860 1939 2906 terram

369 2945 664 3001 reverteris
686 2945 768 2999 ⁸.)
807 2944 997 3014 Cogita
1028 2944 1271 2999 membra
1320 2944 1421 2998 ista
1480 2952 1594 3009 tua,
1648 2959 1769 3013 qua:
1796 2960 1944 2999 nunc

370 3038 448 3092 ita
473 3038 679 3107 vigent,
719 3036 882 3106 paulo
912 3044 1035 3106 post
1079 3036 1228 3091 nulla
1285 3035 1425 3091 fore.
1468 3034 1725 3091 Membris
1759 3043 1941 3094 autem

371 3128 667 3197 corruptis.
703 3127 757 3180 in
785 3127 1171 3197 pulveremque
1202 3127 1470 3191 redactis,
1506 3128 1782 3198 cupiditas
1811 3131 1938 3194 ista,

2036 313 2434 377 ταπεινώσεως
2470 309 2761 381 Ὑϐριστὴς
2799 309 2894 362 καὶ
2920 305 3173 378 θυμώδης
3201 301 3288 370 ei;
3322 303 3484 356 πόθεν
3530 319 3624 357 σοι

2035 409 2064 461 6
2089 405 2257 477 θυμός
2277 423 2292 473 ς
2316 406 2382 469 ὲκ
2407 404 2506 473 τῆς
2529 401 2781 468 ἀδοξίαςς
2825 400 2885 454 οὐ
2929 397 3199 462 κατεδέξω
3233 394 3465 450 ἀκοῦσαι
3489 394 3626 448 διοσ-

2035 499 2197 569 γενής
2222 513 2237 561 ς
2265 494 2425 558 εὐθὺς
2450 490 2675 557 ἐπέζεσέ
2713 507 2795 546 σοι
2815 490 2844 543 6
2867 488 3069 561 θυμόςς
3103 487 3424 558 φιλονεικεῖς
3445 487 3627 539 εἰπεῖν

2035 590 2203 661 χείρω
2231 580 2305 641 ὧν
2338 586 2612 657 ἦκουσαςς
2640 581 2806 637 Κάτω
2856 581 2918 636 τδ
2959 579 3198 651 βλέμμα,
3222 578 3318 633 καὶ
3344 577 3628 631 πέπαυταί

2037 698 2120 734 σοι
2142 681 2170 733 6
2204 678 2394 749 θυμός.
2428 676 2536 730 Ἴδε
2567 675 2665 747 τὴν
2688 675 2812 745 γῆν,
2859 672 2954 727 καὶ
2993 670 3344 743 ἐνθυμήθητι.
3373 667 3631 737 Δυσγενῆ

2040 788 2106 842 με
2146 764 2266 823 εἷπε
2311 768 2401 821 τὸν
2453 765 2561 820 άπὸ
2607 766 2711 844 γῆς
2751 763 3039 834 γενόμενον
3058 778 3072 793 ·
3116 760 3334 814 ἔλαττον
3365 755 3520 812 εἶπεν
3562 752 3633 811 οὗ

2036 864 2152 932 εἰμι
2180 860 2289 929 ἐγώ
2311 874 2326 890 °
2353 859 2415 912 οὐ
2440 856 2550 929 γάρ
2577 852 2733 910 εἶπεν
2759 856 2823 910 ὲκ
2845 855 2944 925 τῆς
2965 853 3089 924 γῆς,
3124 850 3261 906 ἀλλά
3285 849 3393 905 ἀπὸ
3419 847 3633 919 ἀνθρώ-

2038 970 2139 1007 που
2162 971 2177 986 ·
2236 951 2387 1021 πόσῳ
2427 949 2486 1003 δὲ
2529 947 2853 1019 τιμιώτερος
2904 944 3147 1016 ἔμψυχος
3187 941 3474 1013 ἄνθρωπος
3518 940 3631 1009 γῆς

2038 1043 2421 1113 πατουμένηςς
2463 1039 2605 1110 Ἐγὼ
2650 1039 2707 1094 δὲ
2744 1037 2844 1110 τὴν
2884 1037 3116 1110 ἀρχαίαν
3158 1034 3339 1105 βλέπω
3388 1031 3630 1104 μητέρα,

2034 1136 2134 1208 τὴν
2183 1135 2309 1205 γῆν,
2340 1132 2481 1186 ὥστε
2523 1132 2622 1203 οὐχ
2659 1129 2816 1200 ὕϐρις
2863 1130 2926 1182 τὸ
2969 1127 3079 1181 ἀπὸ
3122 1124 3309 1180 δούλου
3341 1121 3629 1191 γενέσθαι,

2035 1226 2172 1280 ἀλλά
2197 1225 2349 1297 τιμὴ,
2374 1224 2434 1278 τὸ
2456 1222 2696 1294 ἔμψυχον
2717 1219 3063 1290 γεννηθῆναι.
3099 1218 3160 1271 '0
3200 1217 3257 1270 δὲ
3285 1213 3526 1285 νομίζων
3557 1229 3633 1284 με

2036 1315 2277 1390 ὑϐρίζειν
2309 1316 2471 1387 μέγα,
2496 1313 2683 1368 ἔλαθεν
2709 1306 2754 1381 ᾧ
2777 1311 2966 1383 ὕϐρισε
3002 1309 3161 1363 πλέον
3186 1309 3444 1379 τιμήσας.
3481 1302 3638 1372 Ἐγὼ

2035 1407 2144 1480 γὰρ
2174 1411 2274 1480 τῆς
2296 1404 2532 1478 ἐμαυτοῦ
2561 1404 2777 1476 φύσεως
2800 1403 2901 1475 τὴν
2930 1401 3141 1456 σύνεσιν
3185 1398 3343 1470 ἔχων,
3385 1392 3503 1450 οἶδα
3540 1395 3637 1459 τίς

2035 1503 2170 1571 είμι,
2185 1501 2280 1554 καὶ
2299 1498 2459 1552 πόθεν
2480 1497 2615 1568 εἰμί.
2634 1496 2789 1551 Οὕτω
2810 1495 2871 1549 τὺ
2896 1493 3125 1562 dno-ri};
3145 1489 3454 1563 μεμνῆσθαι
3473 1490 3633 1558 ἡμᾶς

2037 1587 2390 1660 γεγενῆσθαι,
2430 1584 2684 1641 οὐδέποτε
2724 1585 2995 1654 συγχωρεῖ
3047 1582 3137 1635 τὸν
3175 1579 3345 1651 θυμὸν
3382 1581 3638 1648 ἐπαγρυ-

2038 1684 2212 1736 πνεῖν.
2236 1680 2531 1750 Σύμμαχος
2559 1675 2698 1730 ἔστω
2729 1675 2808 1746 τῷ
2833 1671 3078 1744 λογισμῷ
3100 1673 3134 1743 ή
3158 1671 3229 1741 γῆ
3255 1670 3342 1724 ἀεὶ
3374 1668 3637 1740 παροῦσα

2036 1773 2131 1826 καὶ
2150 1769 2656 1840 ὑπομιμνήσκουσα.
2673 1767 2839 1820 Ὅταν
2857 1765 2993 1837 πρὸς
3028 1761 3322 1832 ἐπιθυμίαν
3347 1758 3474 1814 τινάι
3503 1760 3641 1830 τρέ-

2037 1881 2158 1936 mc,
2181 1859 2511 1932 ἐνθυμήθητι
2534 1857 2654 1921 πῶς
2674 1857 2915 1929 ἀπέρχῃ·
2949 1856 3045 1911 ὲάν
3075 1851 3404 1924 ὲνθυμηθῇς,
3425 1852 3508 1905 ὅτι
3529 1849 3632 1902 λυ-

2040 1954 2178 2026 θήσῃ
2198 1955 2277 2016 είς
2291 1952 2415 2021 γῆν,
2434 1949 2711 2003 πέπαυται
2729 1950 2764 2017 ὴ
2787 1947 3049 2019 ἐπιθυμία
3066 1945 3166 2017 τῆς
3189 1943 3433 2015 μανίας.‹
3451 1941 3529 2011 Γῆ
3554 1936 3634 2007 εἴ,

2040 2047 2135 2100 καὶ
2153 2047 2234 2108 εἰς
2252 2045 2355 2115 γῆν
2370 2041 2663 2115 ἀπελεύσῃ.
2678 2060 2698 2094 ι
2714 2039 3000 2112 Μνήσθητι
3015 2039 3097 2093 δτι
3121 2038 3237 2110 μετ’
3257 2034 3434 2104 ὀλίγον
3450 2032 3636 2086 ταῦτα

2039 2135 2110 2188 τὰ
2142 2134 2237 2188 νῦν
2281 2134 2552 2205 σφύζοντα
2579 2131 2737 2205 μέλη,
2781 2129 2817 2201 ἢ
2856 2133 2889 2202 ἡ
2920 2128 3016 2183 νῦν
3046 2129 3148 2198 τῆς
3198 2126 3399 2198 σαρκὸς
3434 2123 3639 2178 ἐπιθυ-

2043 2227 2161 2298 μία,
2201 2226 2315 2296 μετ’
2349 2225 2529 2294 ὀλίγον
2560 2225 2662 2279 οὐκ
2681 2222 2870 2292 ίέσται,
2907 2220 3015 2275 τῶν
3050 2219 3228 2291 μελῶν
3270 2215 3640 2271 διαλυθέντων

2039 2318 2135 2372 καί¹
2185 2319 2266 2382 εἰς
2317 2318 2421 2388 γῆν
2462 2315 2853 2372 ἀναλυθέντων.
2911 2311 3196 2385 Μνήσθητι
3244 2309 3345 2380 τῆς
3391 2308 3637 2378 φύσεως,

2039 2407 2136 2460 καὶ
2188 2406 2404 2460 λέλυται
2450 2407 2601 2459 πᾶσα
2637 2405 2783 2477 ὁρμὴ
2831 2405 2866 2476 ἡ
2917 2403 3010 2458 ἐπὶ
3051 2404 3111 2456 τὸ
3171 2399 3427 2472 πονηρόν.
3461 2397 3645 2452 Τοῦτο

2042 2500 2138 2553 ἐπὶ
2163 2499 2344 2569 πάσης
2367 2497 2639 2569 ἁμαρτίας
2672 2496 3035 2567 φυλακτήριον
3066 2496 3198 2567 ἡμῖν
3245 2493 3384 2547 ἔστω
3409 2491 3473 2545 τὸ
3503 2492 3646 2545 ὑπό-

2045 2608 2150 2662 μνη
2160 2607 2251 2661 μα.
2276 2608 2295 2641 ι
2310 2589 2582 2644 Ἔπλασεν
2615 2591 2643 2642 6
2659 2589 2790 2652 Θεὸς
2806 2588 2897 2641 τὸν
2918 2586 3219 2657 ἄνθρωπον,
3241 2584 3370 2656 χοῦν
3399 2583 3509 2638 ἀπὸ
3537 2586 3644 2654 τῆς

2040 2682 2144 2752 γῆς
2181 2680 2379 2734 λαθών.
2421 2698 2441 2732 ι
2464 2679 2678 2750 Καλὴή
2721 2678 3065 2742 ταπείνωσις,
3107 2677 3350 2748 συμφυὲς
3394 2675 3456 2730 τὸ
3504 2676 3648 2728 ὑπό-

2047 2788 2260 2843 μνημα.
2301 2771 2365 2824 Ei
2405 2766 2578 2835 εἴπεν,
2614 2769 2890 2824 Ἔπλασεν
2941 2770 2971 2822 6
3017 2768 3150 2831 Θεὸς
3192 2767 3285 2820 τὸν
3329 2764 3644 2838 ἄνθρωπον,

2046 2862 2142 2914 ἀπ’
2199 2859 2428 2931 οὐρανοῦ
2479 2859 2681 2925 λαϐὼν,
2738 2859 2867 2913 πότε
2920 2858 3221 2929 ἐϐλέπομεν
3272 2859 3504 2922 ἐκεῖνον,
3550 2855 3647 2909 ἵνα

2051 2950 2487 3022 ὑπομνησθῶμεν
2536 2951 2635 3021 τῆς
2685 2951 2940 3020 φύσεωςς
2994 2952 3093 3006 Ἐκ
3154 2950 3264 3004 τῶν
3332 2948 3649 3020 προχείρων

2051 3043 2314 3114 πάρεστιν
2338 3044 2470 3114 ἡμῖν
2496 3042 2559 3096 τὸ
2587 3042 2887 3113 ὑπόμνημα
2916 3042 3017 3112 τῆς
3039 3040 3314 3111 ἡμετέρας
3341 3037 3646 3103 οὐδενείας,

2046 3130 2106 3198 ἐξ
2141 3124 2216 3185 ὧν
2243 3131 2414 3186 πατοῦ
2422 3148 2541 3202 μεν.

371 3233 481 3289 qua
518 3231 664 3270 nunc
695 3214 1066 3275 inllammaris.
1109 3232 1217 3270 non
1269 3218 1376 3271 erit
1415 3218 1668 3287 amplius.
1707 3217 1928 3274 Natura:
1977 3226 2084 3275 tua:
2133 3221 2510 3287 reminiscere,
2563 3231 2618 3278 et
2667 3223 2849 3277 omnis
2901 3221 2966 3276 ad
3023 3220 3359 3292 peccandum
3405 3218 3647 3290 impetus

373 3310 759 3383 perfringetnr.
806 3306 928 3361 llaec
974 3307 1239 3375 cogitatio
1278 3309 1346 3363 ab
1383 3309 1532 3363 omni
1582 3316 1808 3379 peccato
1851 3325 1953 3366 nos
2002 3317 2214 3376 avocet,
2260 3318 2425 3381 atque
2472 3311 2764 3367 deterreat.
2808 3329 2827 3362 ι
2863 3308 3324 3364 FormavitsDeus
3360 3307 3647 3363 hominem

376 3402 442 3456 de
470 3401 598 3455 limo
647 3408 822 3454 terrae.
870 3417 889 3450 ι
946 3398 1186 3453 Honesta
1230 3398 1550 3461 submissio,
1587 3400 1947 3454 commonitio
1994 3400 2285 3465 naturalis,
2336 3401 2383 3457 si
2426 3402 2688 3467 dixisset,
2742 3401 3022 3455 Formavit
3060 3399 3205 3454 Deus
3244 3398 3543 3459 hominem,
3574 3415 3649 3453 ex

374 3492 516 3549 caelo
555 3490 833 3544 materiam
873 3505 1119 3553 sumens,
1162 3489 1445 3559 ecquando
1482 3490 1680 3544 cmlnm
1719 3490 1851 3544 illud
1889 3490 2243 3559 vidissemus,
2279 3504 2340 3546 ut
2386 3502 2601 3548 naturae
2637 3491 3082 3562 conditionisque
3122 3500 3324 3545 nostrae
3353 3502 3649 3559 possemus

375 3581 697 3639 admoneri?
725 3581 963 3651 Ahjectae
990 3580 1157 3636 sortis
1186 3587 1388 3635 nostrae
1413 3587 1825 3635 monumentum
1859 3579 1915 3632 in
1944 3588 2202 3651 promptu
2229 3589 2402 3638 estex
2438 3582 2508 3638 iis
2531 3597 2653 3651 quae
2681 3582 2981 3639 calcamus.

446 3676 667 3732 Terram
712 3676 918 3746 aspice,
942 3683 1102 3745 teque
1140 3690 1206 3730 ex
1246 3674 1441 3729 humili
1524 3680 1948 3744 contemptaque

374 3768 523 3824 illius
548 3767 775 3821 materia
812 3781 986 3835 genus
1017 3766 1238 3820 duxisse
1269 3765 1583 3819 recordare.
1614 3763 1755 3829 Quid
1787 3764 1951 3833 igitur

375 3859 536 3913 nobis
561 3856 767 3910 vilius?
803 3856 932 3924 quid
965 3855 1274 3923 abjectius?
1309 3854 1452 3920 Quid
1489 3855 1659 3924 magis
1697 3853 1954 3909 convenit

377 3948 568 4012 nobis,
603 3960 765 4016 quam
801 3955 858 3998 ut
890 3959 991 3999 nos
1023 3945 1294 3999 submisse
1329 3960 1583 4015 geramus
1608 3985 1623 4010 ,
1654 3954 1709 3999 et
1737 3960 1836 4014 pro
1868 3945 1954 3998 ni-

378 4042 493 4095 hilo
527 4036 824 4109 putemus?
860 4034 1051 4090 Vidisti
1082 4036 1375 4105 superbum
1407 4036 1678 4104 aliquem,
1716 4048 1769 4090 et
1799 4051 1953 4089 arro-

2122 3678 2468 3732 Κατάνευσον
2522 3679 2616 3731 ὲπὶ
2667 3676 2766 3749 τὴν
2828 3677 2933 3746 γῆν
2959 3717 2973 3742 ,
3042 3672 3375 3746 κατανόησον
3433 3680 3517 3734 ὅτι
3580 3678 3648 3730 ἐκ

2053 3765 2145 3819 τοῦ
2204 3767 2495 3836 συγγενοῦς
2541 3768 2642 3839 τῆς
2690 3769 2793 3840 γῆς
2852 3766 2944 3820 τοῦ
3006 3767 3311 3836 ἀποόλήτου
3382 3767 3446 3820 σὺ
3501 3768 3647 3822 ἀπε-

2058 3858 2358 3930 μορψὼθης.
2457 3860 2522 3913 Τί
2606 3859 2764 3931 ἡμῶν
2855 3859 3491 3931 εὐκαταφρονητότερονς
3576 3858 3649 3914 Τί

2056 3948 2210 4019 ἡμῶν
2257 3949 2454 4019 μᾶλλον
2498 3949 2645 4016 ἄξιον
2695 3951 2791 4006 τοῦ
2846 3951 3135 4016 ἑξουδενεῖν
3191 3949 3451 4015 ὲαυτούςς
3485 3946 3648 4015 Εἷδές

2056 4059 2177 4094 τινα
2210 4041 2350 4112 μέγα
2383 4043 2715 4111 φρονοῦντας
2751 4042 2952 4113 ἐσθῆτα
2994 4041 3215 4112 ἀνθινὴν
3253 4040 3649 4112 περιϐεϐλημέ-

379 4139 629 4203 gantcm,
660 4129 824 4183 variis
852 4126 1099 4182 indutum
1134 4126 1495 4189 vestimentis,
1521 4134 1576 4180 et
1605 4125 1941 4196 splendidum

2122 4149 2184 4199 v;
2229 4132 2497 4203 δακτυλίῳ
2544 4133 2640 4204 τὴν
2674 4124 2831 4205 χεῖρα
2880 4133 3387 4205 περιλαμπόμενονς
3419 4133 3648 4201 σφενδό-

379 4224 640 4280 annulum
672 4238 797 4278 cum
849 4221 1083 4291 pretiosa
1134 4217 1252 4288 pala
1302 4224 1605 4287 gestantem
1654 4218 1707 4271 in
1743 4217 1949 4288 digito,

380 4325 541 4388 atque
566 4321 962 4380 ostentantem,
984 4324 1275 4379 serumque
1301 4307 1405 4363 lilis
1431 4309 1725 4373 amictum,
1751 4325 1815 4364 ac
1838 4325 1955 4365 ser-

379 4410 464 4464 vis
507 4409 800 4476 stipatnin,
844 4419 1003 4459 coma
1045 4403 1321 4465 demissa,
1363 4399 1538 4467 ﬂava,
1596 4399 1954 4471 studioseque

381 4508 626 4568 compta,
666 4496 955 4565 torquibus
982 4497 1166 4551 aurvis
1194 4504 1549 4558 exornatum,
1579 4502 1633 4548 et
1669 4494 1819 4549 sellis
1864 4510 1955 4549 ar-

381 4590 591 4663 genteis
627 4588 951 4643 insidentem
987 4589 1291 4659 superbeve
1322 4586 1663 4641 incedentem
1688 4627 1702 4650 ,
1737 4587 1953 4656 magni-

384 4685 483 4740 ﬁce
517 4683 585 4738 de
621 4697 680 4738 se
713 4682 1075 4744 sentientem,
1109 4682 1394 4752 magniﬁce
1424 4696 1483 4735 se
1510 4680 1854 4749 jactitantem
1886 4681 1955 4736 ob

382 4792 662 4835 servorum
690 4774 1143 4844 adulatorumque
1175 4773 1578 4829 multitudinem
1597 4811 1613 4838 ,
1642 4788 1778 4842 quos
1808 4788 1958 4828 sum-

383 4870 598 4942 ptuosis
624 4868 830 4923 mensis
876 4866 1089 4930 allicit,
1126 4868 1195 4921 ob
1240 4865 1631 4930 salutationes,
1686 4880 1826 4935 quas
1877 4865 1957 4920 illi

391 4977 584 5017 omnes
620 4961 678 5013 in
712 4958 890 5014 forum
923 4956 1195 5020 aderunt,
1247 4958 1375 5012 dum
1418 4958 1469 5012 ei
1511 4972 1635 5012 cum
1672 4957 1957 5014 lictoribus

385 5051 696 5108 advenienti
737 5058 832 5105 aut
862 5066 892 5105 e
927 5050 1205 5106 subselliis
1245 5058 1575 5120 assurgunt,
1610 5057 1704 5104 aut
1737 5050 1955 5105 obviam

385 5143 711 5214 procedunt,
736 5151 829 5197 aut
850 5157 972 5198 eum
997 5142 1307 5209 deducunt,
1334 5142 1707 5198 reducuntve?
1729 5141 1960 5209 Quando

386 5228 664 5308 principes
690 5239 826 5294 istos
851 5237 1131 5307 aspexeris
1157 5252 1278 5292 cum
1311 5252 1505 5305 magna
1532 5236 1800 5307 praeconis
1830 5250 1962 5292 voce

389 5329 743 5398 prodeuntes,
781 5329 1002 5396 quando
1030 5328 1232 5385 videris
1260 5343 1355 5384 eos
1386 5328 1513 5383 huic
1544 5337 1807 5385 terrorem
1835 5327 1962 5396 inji-

388 5421 597 5476 cientes
615 5457 631 5483 ,
660 5418 814 5472 illum
843 5420 1113 5478 caedentes
1143 5422 1452 5494 indignatos
1475 5462 1489 5489 ,
1518 5421 1683 5476 alium
1716 5419 1958 5491 proscri-

458 5532 481 5563 ‘
508 5529 643 5586 Gen.
682 5545 763 5597 ill,
800 5531 885 5586 {9.

2060 4241 2156 4294 νην
2188 4224 2285 4295 τὴν
2323 4225 2429 4278 τῶν
2456 4225 2766 4296 πολυτίμων
2813 4225 3078 4297 φέροντα,
3123 4224 3217 4277 καὶ
3272 4222 3444 4296 ταύτῃ
3494 4224 3646 4294 μέγα

2061 4316 2391 4387 φρονοῦντας
2428 4318 2669 4389 σηρικῶν
2704 4318 2940 4388 νήμασιν
2978 4315 3388 4386 ἡμφιεσμένονς
3422 4316 3648 4380 οίκέτας

2061 4408 2282 4479 ἔχοντας
2305 4410 2479 4481 κόμας
2502 4410 2792 4481 ἀνειμένας
2821 4411 2914 4463 καὶ⁸
2934 4409 3134 4472 ταύτας
3156 4406 3371 4472 ξανθὰς,
3398 4407 3492 4460 καὶ
3520 4409 3649 4461 επι-

2059 4499 2219 4571 τηδεύ
2227 4517 2357 4570 μασι
2377 4499 2637 4553 σοϐοῦντα
2656 4518 2668 4563 ς
2693 4499 2961 4570 μανιάκας
2982 4498 3218 4571 χρυσοῦς
3241 4499 3647 4569 περιφέροντας

2062 4593 2148 4646 ἐπ’
2170 4594 2415 4663 ἀργυρᾶς
2439 4592 2705 4663 καθέδρας
2736 4592 3096 4662 καθεζόμενον
3122 4608 3136 4656 ;
3169 4591 3310 4661 μέγα
3328 4589 3646 4662 βαδίζοντας

2066 4685 2207 4754 μέγα
2242 4685 2637 4755 φθεγγόμενονς
2677 4685 2819 4754 μέγα
2851 4684 3148 4756 φρονοῦντα
3195 4685 3287 4737 ἐπὶ
3326 4682 3402 4754 τῷ
3447 4683 3648 4753 πλήθει

2061 4777 2168 4831 τῶν
2199 4775 2445 4839 οἰκετῶν,
2474 4776 2581 4829 τῶν
2626 4776 2872 4830 κολάκων
2913 4775 3005 4838 οὓς
3042 4775 3420 4846 ’ὲπισύρονται,
3456 4774 3551 4827 ἐπὶ
3574 4777 3647 4844 τῇ

2061 4869 2307 4941 τραπέζῃ
2338 4870 2402 4940 τῇ
2444 4867 2744 4933 πολυτελεῖ,
2775 4868 2868 4921 ἐπὶ
2899 4870 3010 4930 τοῖς
3040 4868 3350 4938 ἀσπασμοῖς
3397 4859 3475 4929 οἷς
3507 4866 3653 4919 πάν-

2061 4976 2153 5023 τες
2178 4956 2327 5028 αὐτῷ
2349 4958 2682 5029 προσάγουσι
2716 4957 2843 5029 περὶ
2878 4957 2977 5025 τὴν
3005 4955 3214 5027 ἀγορὰν
3276 4956 3326 5008 οί
3363 4953 3651 5020 ἐξανιστά-

2068 5070 2217 5123 μενοι
2244 5051 2352 5104 τῶν
2385 5048 2619 5121 βάθρων,
2656 5049 2707 5101 οἱ
2748 5048 3230 5120 προαπαντῶντες,
3264 5048 3313 5100 οἱ
3348 5046 3654 5117 παραπέμ-

2067 5162 2257 5208 ποντες
2281 5183 2296 5208 ,
2348 5145 2396 5196 οἱ
2454 5139 2779 5213 ῥαϐδοῦχοις
2816 5142 2984 5195 Ὅταν
3033 5141 3147 5213 ἴδῃς
3206 5141 3334 5199 τοὺς
3378 5137 3656 5209 ἄρχοντας

2065 5237 2288 5299 τούτους
2318 5235 2444 5297 τοὺς
2480 5234 2574 5287 ἐπὶ
2622 5234 2825 5303 κήρυκι
2854 5232 3030 5302 ὑψηλῇ
3061 5233 3126 5302 τῇ
3156 5232 3303 5300 φωνῇ
3339 5229 3655 5301 προαγομέ-

2067 5344 2219 5391 νους·
2248 5327 2376 5380 ὅταν
2403 5324 2518 5399 ἴδῃς
2542 5323 2737 5387 αὐτοὺς
2759 5322 3056 5391 φοϐοῦντας
3086 5321 3175 5374 τὸν
3216 5320 3382 5383 δεῖνα,
3426 5319 3523 5372 καὶ
3557 5320 3653 5371 τδν

2067 5418 2214 5471 δεῖνα
2244 5415 2461 5481 ξέοντας
2478 5453 2493 5479 ,
2538 5411 2695 5467 ἀλλον
2738 5412 2801 5483 δη
2811 5413 3091 5483 μεύοντας,
3136 5412 3388 5477 κάκεῖνον
3430 5409 3654 5481 θανάτῳ
