3766 5988
156 153 264 216 293

899 154 967 211 IN
1002 154 1254 225 vuum,
1294 140 1677 213 FACIAMUS

1891 156 2113 226 INEM,
2151 156 2326 225 ETC.,
2368 158 2574 219 ORAT.
2617 161 2680 216 ll.

3312 167 3419 228 296

157 268 574 342 παραδιδόντας·
609 269 685 342 μὴ
707 270 953 354 φοϐηθῇς
988 272 1059 327 τὰ
1098 270 1373 344 ὁρώμενα,
1401 274 1473 345 μὴ
1505 274 1682 346 πτοηθ¹

1891 281 2041 331 entes
2060 315 2076 341 ,
2110 275 2277 330 alium
2310 276 2487 346 capite
2514 278 2840 346 multantes,
2876 287 2935 337 ιιι
2965 296 3028 339 ea
3059 298 3128 341 ne
3156 283 3416 344 formida-

155 364 248 417 ἐπὶ
292 364 409 427 τοῖς
453 361 782 432 γινομένοις,
828 362 919 417 τὸν
962 365 1143 428 αὐτοῖς
1194 366 1622 436 προστάσσοντα,
1662 366 1738 438 μὴ

157 451 338 523 ξενίσῃ
382 468 443 504 σε
486 453 520 523 ἡ
568 452 860 519 φαντασία.
909 450 1274 526 Ἐνθυμήθητι
1318 455 1400 508 ὅτι
1438 454 1672 509 ἔπλασεν
1711 458 1741 509 6

153 540 286 604 Θεὸς
307 540 404 594 τὸν
433 540 721 612 ἄνθρωπον
746 541 873 613 χοῦν
901 543 1009 596 ἀπὸ
1026 544 1128 613 τῆς
1155 545 1277 614 γῆς.
1308 545 1371 598 Εί
1406 546 1506 615 μὲν
1534 544 1662 615 ἄλλο
1686 545 1739 599 τί

155 634 290 695 ἑστι,
323 630 595 703 φοϐήθητι
619 648 634 663 ο
668 634 718 685 εί
746 632 802 686 δὲ
834 631 964 706 χοῦς
1007 633 1119 688 ἀπὸ
1150 633 1252 704 τῆς
1290 635 1413 706 γῆς,
1460 635 1735 707 καταφρό-

153 736 335 789 νησον.
363 739 384 772 ι
407 721 519 773 Καὶ
541 720 774 777 ἔπλασεν
798 723 828 775 6
846 722 980 786 Θεὸς
991 721 1393 794 τὸνάνθρωπον.
1408 742 1428 775 ι
1449 724 1562 777 Οὐκ
1577 723 1739 788 εὐθὺς

153 808 367 880 ήφωνὴ
397 809 515 872 τοῦ,
548 812 800 876 ἔπλασε,
828 815 1082 885 τεχνικήν
1127 831 1248 868 τινα
1293 814 1387 868 τοῦ
1430 815 1565 869 Θεοῦ
1608 816 1738 889 περὶ

149 900 239 952 τὸν
270 900 561 971 ἄνθρωπον
590 900 871 975 ἐνέργειαν
899 905 1026 973 ήμϊν
1042 904 1342 976 ὑποφαίνει.
1372 906 1673 962 ιἜπλασεν
1706 908 1735 960 6

147 990 297 1055 Θεός.
317 1018 337 1050 ι
363 983 506 1058 Ἆρα
525 989 694 1057 οὕτως
717 992 949 1052 ἔπλασεν
964 1000 1042 1062 ὡς
1056 1000 1127 1052 οε.
1149 997 1218 1051 τὰ
1244 997 1443 1069 πήλινα
1463 998 1733 1054 πλάσσον-

145 1100 235 1147 τες
261 1100 275 1149 ;
307 1084 387 1147 ὡς
409 1085 460 1137 οι
487 1084 577 1138 τὸν
603 1084 801 1157 χαλκὸν
824 1087 1151 1156 χωνεύοντες
1180 1105 1198 1157 ;
1238 1088 1397 1143 Ἀλλὰ
1424 1090 1734 1162 ἀνδριάντος

150 1173 248 1241 μὲν
280 1174 502 1240 πλάσις,
532 1177 626 1230 καὶ
669 1177 843 1248 γύψου
883 1179 1189 1245 διάπλασις,
1225 1180 1388 1251 μέχρι
1416 1182 1734 1251 ἐπιφανείας

143 1264 243 1335 τὴν
272 1268 510 1338 μίμησιν
547 1266 681 1338 ἔχει.
713 1264 870 1333 Εἶδες
925 1269 1017 1322 τὸν
1057 1270 1348 1340 ἀνδριάντα
1385 1271 1502 1333 πῶς
1534 1269 1733 1340 ἔστηκε

151 1357 285 1427 μετά
308 1374 458 1421 τινος
482 1359 665 1429 ἤθους.
692 1360 763 1412 Ἦ
785 1359 956 1431 θυμὸν
976 1360 1227 1431 ἐμφαίνει
1267 1361 1296 1413 6
1329 1359 1424 1428 τοῦ
1469 1361 1731 1433 στρατιὼ-

141 1463 238 1499 του
274 1447 518 1518 ἀνδριὰς,
559 1449 593 1522 ἢ
646 1450 961 1519 γυναικείαν
1009 1450 1248 1505 διάθεσιν
1291 1453 1320 1504 6
1356 1450 1572 1521 χαλκὸς,
1602 1453 1731 1525 ὅταν

142 1540 221 1603 είς
251 1543 489 1609 γυναῖκα
521 1543 886 1615 σχηματισθῇ,
936 1543 1033 1597 εἴτ’
1081 1542 1226 1609 ἄλλο,
1280 1544 1403 1597 ὅσον
1441 1543 1661 1597 δύναται
1694 1544 1728 1614 ἡ

1847 367 2027 431 veris,
2060 381 2198 422 neve
2245 368 2370 423 illos
2403 369 2497 438 qui
2538 384 2627 424 res
2667 371 2935 439 ejusmodi
2979 373 3206 443 jubeant
3244 378 3415 438 fueris

1844 455 2164 512 admiratus.
2196 456 2275 513 Ne
2306 466 2359 514 te
2389 459 2572 529 Opinio
2598 459 2769 515 fallat.
2794 461 3061 519 Memento
3085 466 3256 526 Deum
3285 485 3417 526 con-

1840 544 2003 601 nasse
2049 546 2326 603 hominem
2367 564 2398 604 e
2442 549 2575 604 limo
2620 557 2799 605 terrae.
2851 550 2907 606 Si
2952 554 3082 623 quid
3118 556 3263 612 aliud
3296 570 3412 623 est.

1839 638 2174 711 extimesce,
2225 640 2313 695 sin
2349 648 2508 696 terra:
2539 641 2719 710 pulvis
2743 681 2759 707 ,
2791 656 3105 714 aspernare.
3137 665 3156 698 ι
3188 647 3253 701 Ει
3299 649 3415 704 for-

1838 728 2007 781 mavit
2059 728 2199 784 Deus
2246 729 2547 784 hominem.
2581 748 2600 780 ι
2629 731 2705 784 Ea
2753 746 2893 798 vox,
2935 728 3244 801 Formavit,
3303 753 3415 793 non

1837 819 2086 889 protinus
2138 820 2193 875 in
2245 821 2467 879 homine
2517 823 2765 881 faciendo
2817 829 3060 883 declarat
3121 829 3411 884 artificium

1836 908 1951 965 Dei.
1998 910 2251 983 Nunquid
2295 913 2548 971 formavit
2582 917 2855 975 hominem
2890 921 3348 990 quemadmodum
3381 937 3414 977 e

1833 998 1949 1054 luto
1978 1000 2127 1072 figuli
2156 1004 2360 1073 aliquid
2392 1004 2657 1077 eﬂlngunt
2678 1048 2692 1073 ,
2734 1018 2827 1063 aut
2859 1012 3312 1080 quemadmodum
3344 1028 3412 1068 ex

1832 1103 1941 1146 aere
1966 1092 2206 1147 conﬂant
2245 1095 2452 1167 aliquid
2496 1100 2799 1154 statuarii?
2833 1100 3053 1157 Minime
3081 1119 3231 1158 vero.
3273 1103 3408 1157 Nam

1835 1187 2015 1235 statua
2052 1182 2270 1251 quidem
2313 1186 2658 1244 extrinsecus
2702 1196 2915 1244 tantum
2950 1192 3187 1262 speciem
3223 1208 3288 1247 ac
3331 1196 3409 1248 si-

1833 1270 2195 1326 rnilitudiuem
2227 1275 2463 1345 prafert.
2503 1277 2730 1347 Vidisti,
2788 1286 3060 1352 quomodo
3090 1292 3270 1338 statua
3300 1300 3412 1338 mo-

1835 1375 1926 1416 res
1957 1362 2173 1432 aliquos
2202 1366 2507 1436 exprimat,
2539 1374 2771 1443 exempli
2803 1378 2973 1444 gratia
3007 1378 3090 1431 vel
3119 1377 3292 1440 iram,
3322 1379 3410 1433 in-

1832 1452 2311 1526 dignationemque
2333 1501 2347 1526 ,
2380 1459 2426 1514 si
2475 1460 2677 1519 referat
2708 1465 3127 1535 imperatorem,
3161 1470 3246 1523 vel
3287 1487 3410 1525 mu-

1834 1543 2059 1601 liebrem
2090 1548 2365 1605 levitatem
2389 1591 2404 1617 ,
2441 1553 2487 1608 si
2523 1554 2782 1611 feminam
2820 1559 3081 1629 aliquam,
3133 1562 3218 1617 vel
3262 1562 3409 1618 aliud

140 1629 324 1701 τέχνη,
351 1630 441 1684 διὰ
470 1632 571 1702 τῆς
605 1634 888 1705 μιμήσεως
911 1634 1219 1706 συνεισάγει
1241 1635 1306 1689 τὰ
1338 1633 1435 1688 τοῦ
1463 1634 1628 1705 ήθους
1651 1651 1682 1688 τ

1891 1636 2107 1708 iidpiam
2145 1655 2457 1712 congruens
2497 1646 2586 1712 ei,
2622 1649 2767 1718 quod
2810 1649 3101 1721 ellingitur,
3137 1662 3408 1723 quatenus

137 1722 471 1793 χαρακτῆρι.
502 1723 635 1777 Θεοῦ
662 1723 719 1778 δὲ
746 1725 942 1789 πλάσις
996 1727 1057 1779 οὐ
1096 1725 1318 1797 τοιαύτη
1339 1766 1353 1790 ,
1383 1725 1497 1780 ἀλλ’
1524 1724 1726 1780 ἔπλασε

139 1812 231 1865 τὸν
272 1812 582 1884 ἄνθρωπον,
634 1816 728 1871 καὶ
765 1819 798 1888 ή
854 1817 1219 1888 δημιουργικὴ
1268 1816 1434 1870 αὐτοῦ
1478 1817 1726 1889 ἐνέργεια

138 1903 720 1975 πάνταδιωργάνωσεν
759 1908 852 1961 ἐπὶ
876 1908 938 1962 τὸ
978 1907 1140 1978 βάθος
1167 1909 1462 1981 χωρήσασα
1490 1907 1722 1965 ἔνδοθεν.

138 1996 200 2049 El
248 1997 375 2067 ἐμοὶ
415 1998 667 2053 τοσοῦτον
705 2000 900 2071 περιῆν
946 2000 1161 2073 σχολῆς,
1204 2001 1291 2054 ἵνα
1333 2018 1414 2053 σοι
1447 1999 1607 2066 δείξω
1629 2000 1723 2055 τοῦ

137 2087 425 2159 ἀνθρώπου
448 2088 547 2161 τὴν
581 2091 941 2163 κατασκευὴν,
965 2093 1060 2146 καὶ
1101 2091 1301 2164 ἔμαθες
1323 2092 1383 2156 eg
1403 2090 1597 2145 ἑαυτοῦ
1624 2092 1724 2164 τὴν

136 2177 266 2247 περὶ
294 2177 355 2230 σὲ
381 2178 575 2248 σοφίαν
609 2179 704 2233 τοῦ
736 2179 893 2245 Θεοῦ,
935 2182 1016 2234 ὄτι
1059 2180 1199 2236 κατὰ
1241 2179 1498 2250 ἀλήθειαν
1529 2179 1724 2251 μικρὸς

135 2268 339 2337 κόσμος
360 2268 665 2341 ἄνθρωπος,
693 2271 788 2324 καὶ
837 2269 1019 2335 καλῶς
1056 2269 1320 2341 ἐποίησαν
1365 2271 1414 2323 oi
1442 2269 1617 2341 τούτῳ
1643 2268 1722 2339 τῷ

131 2359 357 2429 ὀνόματι
383 2360 544 2416 αὐτὸν
573 2362 1054 2434 ἀποσεμνύνοντες.
1092 2363 1262 2417 Πόσαι
1315 2362 1444 2433 περὶ
1482 2361 1544 2415 τὸ
1582 2362 1723 2432 πρᾶ-

134 2467 248 2521 γμα
271 2450 433 2506 τοῦτο
477 2457 851 2525 πραγματεῖαι
892 2454 1390 2527 καταναλώθησαν;
1420 2453 1487 2505 Δί
1534 2468 1721 2521 φυσιο-

134 2541 311 2611 λογίαι
342 2545 453 2598 τῶν
478 2547 694 2618 ίατρῶν,
717 2547 823 2602 τῶν
845 2547 1170 2620 γυμναστῶν
1199 2547 1256 2601 αἱ
1285 2546 1717 2618 παρατηρήσεις,

130 2631 166 2703 ἦ
192 2635 321 2704 περ’ι
362 2635 673 2707 ἀναλογίας,
718 2639 751 2711 ἢ
805 2640 933 2709 περι
969 2640 1078 2694 τῶν
1126 2639 1301 2711 μελῶν
1337 2637 1476 2709 πρὸς
1514 2636 1720 2708 ἄλληλα

136 2727 495 2797 συμμετρίας,
520 2729 647 2800 περὶ
671 2729 908 2802 πλήθους
937 2731 1327 2802 πολυσαρκίας,
1344 2728 1520 2784 ταῦτα
1543 2726 1719 2782 πάντα

131 2817 209 2881 εἰς
239 2817 342 2889 τὴν
392 2820 520 2889 περ).
557 2818 846 2893 ἀνθρώπου
889 2822 1173 2877 διάπλασιν
1226 2821 1553 2893 εἰσέρχεται.
1607 2818 1718 2872 Καὶ

131 2906 295 2961 πόθεν
321 2911 447 2980 ἐμοὶ
473 2913 503 2964 6
523 2911 681 2981 λόγος
716 2914 997 2980 τοσοῦτος,
1039 2912 1183 2968 ὥστε
1224 2911 1512 2985 δυνηθῆναί
1546 2926 1612 2981 με
1640 2909 1718 2961 εί-

130 3001 250 3051 πεῖν
276 3000 420 3069 μετὰ
432 3003 713 3075 ἀκριϐείας
736 3005 834 3058 ὅσα
851 3007 908 3061 ὲν
928 3007 1027 3078 μιᾷ
1043 3008 1193 3076 φωνῇ
1211 3004 1304 3058 τοῦ
1320 3003 1553 3058 ἔπλασε
1569 3017 1719 3077 περ-ι·

126 3089 309 3158 έχεται
334 3109 350 3158 ὅ
380 3091 460 3144 Τὰ
487 3091 543 3144 δὲ
566 3094 829 3165 πρόχειρα
848 3094 952 3150 κᾶν
973 3095 1085 3165 ἐγὼ
1108 3096 1189 3167 μὴ’
1209 3096 1364 3160 εῐπω,
1392 3092 1455 3147 σὺ
1486 3087 1651 3153 οἶδας.

1828 1728 1932 1782 arti
1967 1743 2297 1787 concessum
2332 1744 2436 1791 est.
2468 1737 2538 1790 At
2571 1753 2710 1807 Opus
2751 1740 3044 1796 formatum
3079 1759 3109 1797 a
3149 1744 3259 1800 Deo
3295 1761 3405 1801 non

1826 1826 1910 1875 est
1937 1820 2230 1889 ejusmodi.
2268 1823 2359 1880 Sic
2389 1828 2534 1881 enim
2570 1828 2844 1885 hominem
2877 1833 3165 1900 conﬂavit,
3194 1843 3255 1890 ut
3282 1852 3405 1892 om-

1825 1924 1926 1966 nes
1960 1911 2109 1967 illius
2139 1920 2327 1983 partes
2355 1916 2505 1973 intus
2536 1920 2700 1973 etiam
2733 1918 3087 1989 informaret,
3128 1933 3290 1996 atque
3319 1925 3405 1980 di-

1826 2003 2151 2084 stingueret.
2181 2005 2236 2059 Si
2267 2013 2480 2063 tantum
2512 2019 2828 2081 suppeteret
2852 2015 3056 2083 otium,
3088 2024 3146 2070 ut
3185 2031 3403 2086 possem

1824 2093 1924 2148 tibi
1971 2094 2196 2150 humani
2232 2100 2482 2168 corporis
2523 2100 2784 2157 fabricam
2829 2106 3138 2175 explicare,
3178 2122 3399 2176 Operam

1823 2183 2008 2240 darem
2033 2228 2046 2253 ,
2079 2194 2139 2241 ιιι
2166 2202 2230 2242 ex
2268 2196 2320 2243 te
2350 2190 2468 2259 ipso
2491 2191 2583 2246 Dei
2617 2193 2936 2263 sapientiam
2962 2196 3015 2250 in
3043 2198 3260 2252 homine
3290 2198 3404 2253 for-

1823 2276 2023 2330 mando
2057 2291 2421 2356 cognosceres
2441 2320 2455 2345 ,
2483 2288 2646 2352 teque
2669 2300 2799 2339 vere
2835 2301 3063 2356 parvum
3091 2302 3214 2343 esse
3239 2304 3402 2342 mun-

1822 2362 1950 2418 dum
1976 2352 2328 2438 intelligeres.
2351 2367 2463 2425 Nec
2484 2373 2624 2427 male
2647 2352 2925 2437 fecerunt,
2944 2375 3034 2445 qui
3060 2376 3160 2430 hoc
3182 2378 3403 2433 nomine

1823 2453 2098 2509 hominem
2132 2454 2674 2514 commendaverunt.
2716 2460 2901 2517 Multa:
2937 2464 2990 2517 in
3032 2464 3135 2519 hoc
3170 2466 3393 2536 negotio
3447 2510 3450 2513 .

1823 2548 1950 2597 tota:
1986 2542 2099 2600 fere
2128 2555 2423 2601 versantur
2452 2556 2630 2614 artes,
2664 2560 2724 2604 nt
2751 2553 3032 2609 naturales
3063 2554 3400 2611 medicorum

1812 2631 2147 2703 facultates,
2179 2644 2241 2690 ut
2268 2647 2681 2708 gymnastarum
2708 2641 3121 2698 observationes
3140 2685 3153 2708 ,
3182 2661 3303 2715 quae
3333 2646 3402 2701 de

1819 2725 2180 2795 proportione
2202 2768 2218 2794 ,
2257 2744 2611 2800 congruaque
2641 2733 3011 2788 membrorum
3045 2735 3189 2791 inter
3221 2752 3281 2791 se
3312 2736 3401 2790 di-

1819 2817 2138 2882 mensione,
2166 2827 2261 2871 aut
2282 2820 2476 2890 aequali
2511 2822 2801 2877 humerum
2835 2828 2993 2896 copia
3015 2865 3029 2889 ,
3065 2836 3118 2881 et
3147 2828 3399 2898 corporis

1820 2907 2090 2964 obesitate
2134 2908 2439 2980 disputant.
2491 2911 2585 2967 Hae
2635 2926 2872 2986 nam‘que
2914 2932 3105 2973 einnes
3148 2919 3398 2989 corporis

1821 2999 1997 3052 nostri
2046 2999 2399 3055 considerant
2447 3003 2765 3059 artiﬁcium.
2824 3004 2979 3061 Unde
3031 3019 3211 3064 autem
3265 3010 3399 3064 mihi

1821 3093 1974 3142 tanta
2015 3089 2233 3144 dicendi
2283 3090 2367 3146 vis
2408 3099 2463 3146 et
2511 3093 2732 3150 ubertas
2780 3098 3077 3163 orationis,
3134 3107 3191 3152 ut
3241 3100 3400 3170 plane

133 3185 337 3254 possim
372 3186 685 3255 explicare,
719 3202 883 3258 quam
914 3189 1083 3244 multa
1113 3188 1277 3244 unico
1304 3186 1399 3241 illo
1429 3183 1596 3241 verbo
1619 3219 1635 3246 ,
1673 3175 1972 3246 Formavit,
2010 3181 2597 3252 comprehendantur?
2639 3183 2777 3241 Nam
2809 3203 2929 3258 quae
2962 3189 3208 3245 laciliora
3232 3184 3395 3260 sunt,

124 3278 255 3331 etin
288 3289 542 3348 promptu
566 3323 578 3344 ,
604 3281 768 3335 etiam
797 3298 884 3337 me
911 3290 1126 3339 tacente
1155 3280 1509 3354 cognoscitis.

200 3369 479 3425 Ἐπλασεν
527 3371 556 3423 6
611 3372 743 3438 Θεὸς
795 3373 978 3445 ὀρθόν
1038 3374 1315 3446 ἐξαίρετον
1371 3373 1577 3445 ταύτην
1631 3389 1713 3426 σοι

122 3458 222 3533 τὴν
258 3461 551 3517 διάπλασιν
586 3465 737 3539 παρὰ
778 3465 849 3520 τὰ
890 3466 1052 3521 λοιπὰ
1097 3466 1213 3531 ζῶα
1258 3466 1445 3520 ἔδωκε.
1482 3465 1581 3519 Διὰ
1617 3465 1712 3533 τί;

126 3552 311 3624 ἐπειδὴ
342 3554 623 3625 ἐξαίρετόν
668 3573 750 3609 σοι
804 3557 898 3612 καὶ
948 3558 1047 3630 τὴν
1088 3558 1365 3630 ἐνέργειαν
1407 3557 1714 3611 ἀποδιδόναι

128 3642 336 3711 εμελλε.
370 3644 455 3698 Τὰ
486 3646 585 3716 μὲν
616 3646 724 3718 γὰρ
750 3646 904 3713 ἄλλα,
938 3647 1262 3720 βοσκήματά
1289 3650 1439 3713 ἐστιν
1459 3647 1553 3701 καὶ
1578 3646 1714 3717 πρὸς

126 3734 164 3787 ἃ.
196 3735 429 3805 πέφυκε,
466 3737 604 3809 πρὸς
634 3736 807 3792 ταῦτα
851 3738 962 3811 ἔχει
1008 3740 1108 3811 τὴν
1154 3741 1517 3810 κατασκευήν.
1563 3739 1716 3807 Ἐγε-

128 3828 261 3900 νήθη
284 3829 345 3882 τὺ
377 3829 652 3899 πρόϐατον
679 3830 958 3901 νέμεσθαι,
993 3831 1142 3885 κάτω
1181 3830 1292 3902 ἔχει
1341 3832 1440 3897 τὴν
1472 3831 1713 3901 κεφαλὴν

130 3924 513 3986 συννεύουσαν,
557 3926 626 3994 τῇ
674 3923 870 3994 γαστρὶ
913 3925 1123 3994 ὲνορᾷν,
1174 3926 1268 3977 καὶ
1312 3925 1425 3987 τοῖς
1466 3923 1570 3977 ὑπὸ
1612 3938 1714 3991 γα-

128 4015 309 4087 στέρα,
340 4014 529 4086 ἐπειδὴ
562 4014 714 4078 τέλος
754 4015 984 4078 ἐκείνοις
1020 4014 1381 4086 εὐδαιμονίας,
1408 4016 1441 4084 ή
1475 4014 1712 4085 γαστρὸς

127 4104 405 4177 πλήρωσις
451 4104 545 4156 καὶ
587 4103 905 4167 ἀπόλαυσις.
960 4102 1277 4181 Ἀνθρωπος
1316 4103 1373 4156 δὲ
1419 4104 1599 4156 οὐκέτι
1629 4105 1709 4166 είς

1891 3362 2169 3421 Formavit
2222 3366 2370 3424 Deus
2410 3356 2699 3426 hominem
2754 3379 3005 3440 rectum;
3063 3375 3395 3446 singularem

1813 3455 1953 3511 hanc
1998 3458 2140 3524 tibi,
2189 3459 2390 3528 homo,
2443 3460 2676 3518 formam
2721 3467 3032 3531 concessit,
3083 3484 3246 3538 quam
3303 3470 3394 3525 alii

1812 3547 1961 3603 dedit
1993 3549 2310 3604 animalium
2357 3552 2515 3606 nulli.
2566 3552 2930 3619 Quamobrem
2964 3558 2987 3610 ?
3026 3559 3155 3627 quia
3202 3560 3393 3629 singu-

1813 3641 1981 3694 larem
2015 3641 2180 3695 etiam
2213 3642 2485 3697 actionem
2519 3652 2638 3697 erat
2663 3645 2986 3727 traditurus.
3018 3646 3246 3718 Reliqua
3275 3650 3396 3705 ani-

1812 3732 1973 3785 malia
2004 3740 2133 3787 sunt
2165 3733 2359 3800 bruta,
2401 3742 2456 3789 et
2499 3735 2592 3788 illa
2638 3743 2921 3806 spectant,
2978 3740 3045 3794 ad
3093 3755 3214 3810 qum
3263 3752 3392 3797 nata

1815 3829 1965 3877 sunt.
1999 3823 2079 3877 Ad
2111 3831 2329 3893 pastum
2362 3826 2547 3896 genita
2580 3834 2709 3882 sunt
2754 3843 2974 3897 pecora.
3030 3829 3216 3900 Itaque
3265 3848 3394 3904 pro-

1808 3929 1934 3969 nam
1967 3914 2338 3986 deorsumque
2384 3927 2697 3989 vergentem
2752 3918 2981 3974 formam
3033 3922 3275 3991 habent,
3327 3933 3390 3979 ut

1806 4015 2051 4060 ventrem
2075 4046 2089 4071 ,
2121 4014 2176 4061 et
2208 4022 2329 4077 quae
2356 4009 2529 4063 ventri
2559 4008 2805 4079 subjecta
2836 4020 2999 4076 sunt,
3034 4012 3276 4067 videant.
3309 4011 3393 4066 Si-

1806 4096 2029 4167 quidem
2060 4112 2252 4153 eorum
2285 4098 2521 4155 felicitas
2549 4107 2633 4156 est
2663 4103 2904 4171 cxpletio
2934 4103 3142 4157 ventris
3161 4143 3175 4169 ,
3204 4119 3268 4158 ac
3297 4118 3392 4158 vo-

126 4195 368 4266 γαστέρα
432 4193 639 4265 βλέπει,
696 4192 811 4246 ἀλλ’
866 4196 946 4257 είς
1001 4194 1072 4247 τὰ
1131 4194 1243 4249 ἄνω
1295 4193 1504 4265 κεφαλὴ
1557 4193 1682 4264 αὐτᾷ

1891 4194 2014 4243 itas.
2054 4186 2231 4243 Homo
2272 4204 2401 4245 vero
2441 4205 2550 4244 non
2583 4198 2827 4245 ventrem
2863 4190 3125 4260 despicit,
3157 4193 3252 4246 sed
3289 4209 3389 4247 su-

129 4285 321 4355 ίρψηλὴ,
377 4284 469 4338 ἵνα
512 4282 612 4354 τὴν
660 4283 771 4337 ἄνω
822 4282 994 4357 βλέπῃ
1043 4284 1390 4353 συγγένειανσ
1440 4284 1708 4354 ὀφθαλμοὶ

126 4375 219 4427 οὐκ
246 4377 325 4439 είς
372 4374 473 4445 τὴν
511 4374 614 4445 γῆν
650 4374 919 4440 νεύοντες.
970 4374 1061 4448 Μὴ
1086 4378 1264 4430 τοίνυν
1305 4376 1445 4429 ποίει
1482 4377 1706 4429 σεαυτὸν

126 4466 271 4536 παρὰ
297 4465 501 4535 φύσιν·
547 4466 622 4538 μὴ
652 4466 722 4519 τὰ
761 4468 923 4538 γήινα
965 4467 1305 4538 περισκόπει.
1343 4467 1477 4521 ἀλλὰ
1517 4468 1585 4521 τὰ
1619 4468 1708 4520 οὐ-

129 4558 298 4625 ράνια,
324 4551 389 4610 οὗ
418 4559 447 4610 6
475 4557 711 4628 Χριστός
738 4560 904 4611 ἐστιν.
956 4577 974 4609 ι
1010 4560 1073 4611 Ei
1108 4558 1476 4630 συνηγέρθητε
1514 4577 1532 4609 ι
1570 4556 1702 4629 γὰρ,

126 4653 269 4721 φησι,
302 4670 323 4702 ι
348 4651 432 4720 τῷ
475 4649 729 4720 Χριστῷ,
774 4651 842 4705 τά
875 4651 987 4705 ἄνω
1019 4650 1250 4720 ζητεῖτε,
1294 4645 1353 4705 οὗ
1394 4651 1423 4703 6
1473 4649 1706 4721 Χριστός

127 4743 283 4797 ἐστιν.
310 4763 330 4795 ι
357 4742 550 4807 Οὕτως
575 4742 868 4812 ὲπλάσθης.
887 4743 1026 4796 Αὐτὸ
1041 4743 1101 4796 τὸ
1115 4743 1434 4813 διάπλασμα
1449 4743 1702 4796 διδασκα-

124 4834 254 4889 λεῖον
285 4839 409 4889 ἐστι
440 4834 538 4888 τοῦ
583 4834 769 4898 τέλους
816 4835 952 4906 πρὸς
998 4834 1027 4889 δ
1072 4836 1321 4905 γέγονας.
1361 4834 1580 4904 Ἐγένου
1616 4835 1703 4888 ἵνα

124 4925 247 4980 Θεὸν
280 4927 509 4998 βλέπῃς,
540 4926 639 4995 οὐχ
686 4926 774 4979 ἵνα
811 4925 903 4978 ἐπὶ
947 4925 1051 4996 γῆν
1092 4924 1320 4996 σύρηταί
1367 4941 1460 4977 σου
1497 4926 1530 4995 ἡ
1569 4923 1701 4994 ζωὴ,

121 5017 215 5086 οὺχ
236 5018 324 5071 ἵνα
354 5016 456 5088 τὴν
494 5015 743 5087 κτηνώδη
782 5014 912 5089 ἔχῃς
962 5016 1280 5079 ἀπόλαυσιν,
1324 5014 1436 5068 ἀλλ’
1474 5015 1561 5068 ἵνα
1604 5015 1705 5086 τὴν

120 5110 363 5179 οὐράνιον
407 5109 664 5179 ὲπιτελῇς
723 5107 1017 5162 πολιτείαν.
1070 5107 1169 5162 Διὰ
1223 5107 1381 5161 τοῦτο
1437 5104 1602 5177 σοφοῦ
1654 5108 1703 5160 οί

119 5200 384 5272 ὀφθαλμοὶ
424 5203 483 5254 ὲν
525 5199 733 5270 κεφαλῇ
780 5198 970 5262 αὑτοῦ,
1008 5201 1037 5252 6
1079 5199 1240 5270 σοφός
1270 5215 1435 5269 φησιν
1478 5198 1704 5270 Ἐκκλη-

123 5295 364 5364 σιαστής.
396 5294 555 5357 Τίνος
590 5292 648 5346 δὲ
680 5292 782 5346 οὐκ
812 5292 870 5346 ἐν
898 5291 1107 5363 κεφαλῇ
1149 5293 1199 5346 οἱ
1225 5291 1527 5363 ὀφθαλμοίς
1565 5290 1703 5345 Ἀλλ’

120 5384 175 5435 ιν
226 5385 441 5455 κεφαλῇ
464 5423 481 5449 ,
530 5383 842 5447 τουτέστιν,
909 5383 996 5439 ἵνα
1046 5384 1116 5437 τὰ
1164 5383 1343 5456 ὑψηλὰ
1403 5383 1700 5438 σκοπῶσιν.

129 5473 189 5529 Ὀ
214 5475 272 5529 δὲ
307 5478 391 5539 είς
418 5476 488 5529 τὰ
520 5474 703 5547 ὑψηλά
740 5474 817 5547 μὴ
847 5473 1081 5545 βλέπων,
1113 5475 1227 5531 ἀλλ’
1274 5477 1356 5541 είς
1405 5474 1476 5531 τὰ
1513 5476 1697 5547 γήινα,

188 5591 444 5650 'Coloss.
479 5606 563 5662 ιιι,
597 5593 649 5648 ι.
685 5598 707 5629 ⁸
739 5595 915 5652 Eccle.
949 5611 1006 5661 ιι,
1038 5595 1125 5653 Η.
1192 5670 1197 5673 _

1811 4283 2027 4351 periora
2055 4289 2347 4338 contuetur
2374 4301 2389 4350 ;
2420 4292 2582 4354 caput
2609 4284 2686 4338 illi
2719 4285 2951 4340 sublime
2979 4295 3061 4340 est
3082 4324 3094 4348 ,
3127 4293 3187 4340 ut
3218 4302 3389 4356 genus

1811 4373 2033 4429 cmleste
2070 4375 2381 4443 suspiciat;
2428 4376 2573 4430 oculi
2623 4391 2732 4431 non
2786 4376 3017 4431 tendunt
3062 4376 3118 4430 in
3165 4386 3387 4432 terram.

1810 4461 2078 4529 Quocirca
2119 4480 2187 4519 ne
2223 4465 2327 4517 vim
2370 4463 2575 4519 inferas
2611 4473 2822 4519 naturae
2861 4474 2986 4521 tuae.
3038 4464 3278 4524 Terrena
3320 4483 3392 4522 ne

1810 4566 2021 4625 spectes
2042 4597 2056 4622 ,
2094 4555 2189 4610 sed
2221 4557 2466 4612 cmicstia
2488 4596 2503 4622 ,
2539 4556 2632 4611 ubi
2682 4554 2939 4614 Christus
2974 4568 3079 4617 est.
3111 4578 3130 4611 ι
3160 4559 3217 4614 Si
3251 4576 3388 4615 con-

1810 4648 2120 4713 Surrexisti,
2154 4668 2172 4700 ι
2194 4650 2391 4719 inquit,
2415 4667 2434 4699 ι
2459 4664 2584 4717 cum
2602 4649 2840 4713 Christo,
2865 4667 2986 4720 qua:
3002 4668 3218 4706 sursum
3239 4661 3389 4715 sunt,

1809 4741 2065 4811 quaerite,
2094 4740 2184 4795 ubi
2209 4740 2462 4795 Christus
2485 4748 2568 4796 est
2592 4740 2635 4794 ⁷.
2661 4760 2679 4792 ι
2700 4740 2791 4796 Sic
2814 4742 2981 4810 igitur
3002 4742 3266 4795 formatus
3291 4757 3386 4804 es,

1807 4839 1863 4887 et
1898 4814 2074 4887 ferma
2112 4839 2205 4886 tua
2245 4841 2298 4888 te
2334 4840 2552 4900 monet,
2586 4832 2653 4887 ad
2694 4848 2857 4904 quem
2893 4841 3054 4889 natus
3088 4833 3166 4887 sis
3200 4833 3386 4887 ﬁnem.

1807 4922 2033 4980 Genitus
2062 4940 2122 4979 es
2145 4963 2160 4988 ,
2192 4931 2254 4979 ut
2289 4922 2460 4980 Deum
2495 4925 2681 4980 videas
2714 4935 2767 4981 et
2808 4923 3195 4994 contempleris
3216 4963 3232 4989 ,
3276 4938 3387 4977 non

1807 5027 1868 5072 ut
1898 5017 2050 5071 humi
2082 5017 2295 5088 dejecta
2328 5025 2516 5087 serpat
2547 5017 2659 5071 vita
2697 5025 2819 5080 tua,
2858 5031 2967 5069 non
3008 5024 3068 5069 ut
3112 5013 3384 5083 pecudum

1805 5107 2115 5177 voluptates
2139 5107 2500 5172 consecteris,
2529 5107 2623 5163 sed
2653 5113 2713 5159 ut
2734 5106 2903 5160 vitam
2926 5104 3202 5159 caelestem
3229 5119 3381 5176 agas.

1805 5199 2016 5253 Idcirco
2062 5198 2321 5268 sapientis
2369 5197 2512 5251 oculi
2562 5196 2663 5268 (ut
2700 5197 2922 5266 sapiens
2969 5197 3146 5267 inquit
3193 5197 3384 5254 Eccle-

1805 5288 2048 5360 siastes)
2077 5288 2132 5343 in
2154 5288 2364 5357 capite,
2399 5295 2528 5341 sunt
2555 5286 2730 5357 ipsius
2751 5287 2790 5342 '.
2827 5285 2939 5342 Cur
2964 5295 3145 5342 autem
3175 5304 3283 5343 non
3315 5288 3384 5344 ad

1804 5388 1967 5452 caput
1987 5379 2083 5437 sed
2111 5380 2168 5434 in
2197 5376 2413 5448 capite?
2434 5392 2629 5447 nempe
2666 5384 2724 5430 ut
2752 5393 2875 5448 quae
2906 5379 3122 5434 excelsa
3155 5397 3219 5435 ac
3250 5381 3383 5435 sub-

1764 5484 1777 5505 ‘
1805 5475 1977 5530 Iimia'
1998 5479 2161 5538 sunt,
2203 5471 2520 5526 intueantur
2552 5478 2607 5526 et
2641 5468 2928 5541 spectent.'
2969 5471 3072 5539 Qui
3104 5482 3284 5529 autem
3316 5485 3380 5527 ea
