3766 5988
281 5393 290 5401 ’
386 5395 698 5464 disponere,

337 81 443 178 εει

1593 121 1648 176 S.
1683 120 2016 177 GREUOBII
2048 119 2346 176 NYSS‘ENI

3481 116 3592 172 196

339 257 448 296 non
477 237 704 308 aspicit,
735 234 828 291 sed
855 243 1070 290 terrena
1091 276 1105 300 ,
1135 234 1180 291 is
1205 236 1392 290 oculos
1422 235 1571 290 humi
1604 237 1814 291 deﬁxos
1841 251 1906 290 ac
1941 271 1947 296 ι

2124 237 2314 306 ιλμοὺς
2359 235 2469 305 ἔχει
2503 237 2580 298 είς
2613 237 2712 305 γῆν
2751 235 3097 307 συρομένους.
3145 233 3440 303 ὐφθαλμοὶ
3477 235 3596 286 τοί-

289 347 296 358 ‘~
341 329 582 398 sepultos
632 328 813 380 habet.
867 322 1024 378 Oculi
1069 339 1200 394 ergo
1246 325 1487 378 rotundi.
1541 324 1718 394 Caput
1749 339 1912 394 super

344 423 600 474 humeros
627 418 864 487 positum
888 456 902 480 ,
933 431 1042 468 non
1079 431 1452 485 compressmn
1477 455 1490 477 ,
1520 431 1586 469 ne
1613 416 1683 468 sit
1714 415 1913 468 humile

342 521 504 580 atque
543 509 848 577 abiectum,
887 505 981 560 sed
1016 507 1214 559 decoro
1253 506 1482 560 cervicis
1524 506 1763 560 culmine
1806 505 1914 558 ful—

345 611 458 654 tum
489 600 696 654 tollitur
721 599 774 651 in
805 581 1056 652 sublime.
1083 596 1326 651 Gemina!
1361 599 1644 652 oculorum
1681 597 1912 667 pupulae.

341 692 532 746 Nonne
565 691 702 745 satis
735 706 876 744 unus
915 698 1032 744 erat
1071 690 1311 744 oculus?
1342 706 1440 744 cur
1471 690 1635 759 igitur
1667 689 1775 747 duo
1804 690 1916 743 dati

345 782 517 838 sunt?
541 788 598 834 ut
622 779 725 834 sibi
752 779 992 833 vicissim
1015 787 1201 833 essent
1223 780 1428 832 auxilio
1447 819 1461 840 ,
1489 787 1550 832 ut
1583 779 1917 834 deﬁcientem

346 887 512 924 unum
562 871 700 924 alter
736 871 1136 923 consolaretur.
1173 867 1474 932 Praeterea,
1527 869 1656 937 quia
1701 867 1920 923 videndi

344 961 427 1015 vis
458 961 503 1014 si
537 961 606 1014 ab
635 975 746 1014 uno
776 967 986 1012 tantum
1021 956 1345 1026 proﬁueret,
1377 965 1524 1010 esset
1555 956 1916 1022 imbecillior;

347 1066 377 1104 a
408 1051 623 1105 duobus
652 1059 832 1103 autem
867 1049 1112 1103 fontibus
1135 1063 1428 1110 emanans,
1465 1047 1675 1100 ﬁrmior
1698 1054 1802 1101 est.
1835 1044 1922 1099 Si-

349 1142 459 1195 mul
488 1141 634 1194 enim
669 1140 924 1208 utrinque
951 1139 1305 1208 progrediens
1328 1177 1344 1201 ,
1371 1145 1425 1191 et
1453 1152 1808 1200 concurrens,
1841 1144 1922 1188 at-~

349 1246 453 1301 que
475 1232 528 1283 in
557 1246 721 1282 unum
747 1227 1027 1284 eonﬁuens
1050 1229 1418 1297 conjungitur.
1443 1227 1655 1282 Etenim
1683 1227 1750 1280 ab
1777 1236 1922 1281 utro-

349 1337 456 1390 que
488 1321 646 1375 oculo
681 1330 935 1390 tanquam
964 1334 994 1372 a
1019 1319 1223 1388 duplici
1257 1319 1458 1388 Euripo
1484 1319 1641 1388 longe
1669 1318 1924 1387 prodiens

351 1412 557 1465 canalis
597 1411 707 1464 coit
747 1418 802 1464 et
844 1411 1154 1479 ceptilatur.
1203 1407 1396 1463 Nonne
1417 1409 1696 1478 conSpieis
1724 1423 1922 1470 senes.

351 1501 442 1568 qui
481 1515 566 1554 res
613 1500 665 1552 in
712 1499 1019 1569 propinquo
1066 1499 1199 1553 sitas
1248 1498 1447 1552 intueri
1496 1513 1604 1551 non
1651 1499 1927 1567 possunt?

355 1590 455 1646 Ubi
505 1599 683 1646 autem
730 1593 955 1646 obtutus
986 1600 1245 1660 tanquam
1277 1591 1734 1646 concurrentibus
1764 1591 1923 1645 undis
1956 1571 1996 1623 Β

332 1684 409 1735 'in
441 1698 610 1735 unum
643 1680 1002 1746 conﬁnxerit,
1037 1696 1126 1734 res
1162 1681 1293 1749 ipsa:
1327 1679 1538 1736 ﬁrmius
1569 1682 1926 1752 comprehen-

353 1765 578 1821 duntur.
610 1765 728 1820 Jam
758 1769 1040 1824 oculorum
1071 1769 1334 1822 custodiae
1361 1786 1522 1838 quam
1551 1772 1736 1825 multa;
1764 1774 1920 1826 sunt!

355 1855 563 1911 Tunica
598 1858 747 1913 intus
783 1874 888 1912 una
910 1900 926 1926 ,
963 1857 1058 1913 sed
1090 1859 1205 1912 haec
1240 1875 1351 1914 non
1381 1871 1500 1915 erat
1535 1861 1672 1916 satis
1703 1880 1718 1928 ;
1755 1878 1929 1932 neque

353 1949 496 2002 enim
545 1950 742 2003 molem
786 1964 892 2002 una
934 1950 1247 2008 conﬁceret.
1303 1951 1446 2015 Aut,
1498 1952 1544 2006 si
1589 1953 1926 2018 conﬁceret,

354 2038 722 2093 crassitudine
775 2055 873 2094 sua
929 2041 1190 2095 cernendi
1245 2041 1352 2093 vim
1401 2041 1712 2111 obtegeret,
1767 2051 1931 2112 atque

356 2130 662 2200 impediret.
688 2130 1052 2196 Quamobrem
1081 2147 1308 2186 necesse
1337 2131 1477 2196 fuit,
1509 2140 1568 2186 ut
1595 2142 1740 2188 esset
1767 2135 1930 2188 etiam

357 2223 677 2292 perspicua,
722 2229 776 2276 et
811 2223 968 2278 levis.
1005 2222 1122 2277 Una
1168 2224 1334 2291 igitur
1381 2225 1709 2293 perspicua,
1761 2225 1932 2280 altera

357 2313 537 2367 tenuis
565 2329 578 2377 ;
604 2313 693 2365 illa
717 2313 936 2382 quidem
965 2313 1280 2382 crystallina
1301 2351 1316 2376 ,
1344 2299 1664 2368 haec‘autem
1697 2328 1931 2384 cornea;

355 2409 410 2456 et
440 2401 558 2470 Quae
589 2403 854 2472 protegit,
882 2403 1110 2469 ﬁrmior,
1137 2419 1258 2473 qua:
1287 2403 1433 2459 intus
1458 2413 1572 2468 est,
1603 2405 1840 2472 tenuior,
1867 2422 1938 2461 ne

359 2494 562 2547 aditum
615 2493 1045 2558 intercluderet,
1084 2493 1247 2548 tertia
1295 2495 1649 2565 crystallina,
1699 2497 1845 2550 utin
1877 2512 1938 2551 se

361 2586 706 2656 splendorem
743 2587 1103 2654 conspicuum
1141 2585 1471 2639 contineret.
1508 2585 1791 2640 Accedunt
1821 2589 1936 2657 pal-

361 2676 574 2746 pebrze,
611 2690 732 2744 quae
768 2682 896 2728 sunt
923 2673 1209 2728 oculorum
1243 2675 1618 2745 integumenta
1641 2718 1656 2743 ,
1708 2687 1763 2732 et
1815 2693 1939 2747 pro-

361 2766 666 2838 pugnacula
719 2775 773 2820 et
826 2765 1136 2828 domicilia,
1197 2773 1359 2836 atque
1411 2767 1713 2823 custodes:
1767 2785 1942 2839 neque

363 2859 506 2912 enim
537 2873 734 2912 manus
766 2873 862 2912 eos
898 2858 1038 2911 tueri
1073 2857 1399 2926 potuissent.
1435 2857 1571 2912 Nam
1608 2859 1737 2913 dum
1767 2861 1942 2915 oculis

362 2948 495 3016 ipsa:
536 2945 741 3000 ferrent
785 2947 1084 3009 auxilium,
1130 2948 1348 3002 interim
1397 2949 1744 3004 laederentur.
1794 2951 1942 3017 Quo-

373 3038 521 3090 circa
553 3037 754 3106 przestb
789 3047 918 3092 sunt
948 3037 1250 3109 palpebrae,
1281 3055 1401 3108 qua:
1434 3056 1600 3110 supra
1635 3042 1942 3107 excubant,

365 3133 419 3182 et
460 3127 624 3182 simul
654 3133 818 3196 atque
858 3127 1246 3183 detrimentum
1289 3141 1714 3199 praesenserunt,
1761 3133 1944 3188 statim

368 3217 558 3271 oculos
589 3217 854 3288 obtegunt
877 3226 932 3272 et
960 3217 1280 3274 defendunt.
1309 3219 1489 3286 Quare
1515 3230 1568 3276 et
1597 3223 1817 3293 pupilla:
1844 3224 1948 3279 sub

368 3309 463 3364 tali
491 3311 612 3365 velo
642 3311 921 3365 collocatae
952 3327 1060 3366 non
1091 3311 1248 3367 facile
1279 3313 1395 3381 laadi
1432 3321 1681 3383 possunt.

2013 344 2106 378 νυν
2166 325 2426 394 κάθηνται
2492 324 2872 393 κυκλοτερεῖς⁸
2936 321 3174 392 κεφαλῆς
3231 321 3590 390 ἐπικειμένης

2012 418 2122 478 τοῖς
2161 415 2350 485 ὤμοις.
2393 415 2526 467 Οὐδὲ
2561 415 2698 484 αὑτὴ
2749 414 3082 478 ἐνδεδυκυῖα,
3113 412 3199 465 ἵνα
3245 411 3320 481 μὴ
3355 411 3594 481 ταπεινὴ

2013 499 2080 576 ᾖο
2148 503 2261 556 ἀλλ’
2324 503 2604 575 ἐρείσματι
2675 501 2935 572 ἀξιολόγῳ
2995 501 3073 572 τῷ
3133 501 3318 570 αὐχένι
3374 502 3594 553 ὲπίκει-

2015 612 2124 647 ται.
2155 597 2300 646 Ἀνω
2333 595 2366 663 ἡ
2409 595 2613 663 κεφαλὴ
2638 637 2653 660 ,
2709 593 2802 646 καὶ
2843 592 3109 661 ὀφθαλμοὶ
3149 591 3359 660 δίδυμοι
3415 591 3590 660 βολαί.

2017 685 2130 738 Οὐκ
2154 685 2334 754 ἤρκει,
2364 685 2484 736 είπέ
2517 699 2627 752 μοι,
2658 679 2772 748 sig;
2817 682 2974 736 Ἀλλὰ
3011 681 3104 735 δύο
3130 680 3399 752 ὀφθαλμοὶ
3426 680 3598 750 ἀλλή-

2018 777 2124 828 λων
2151 775 2412 843 διάδοχοι,
2447 774 2532 827 ἵνα
2557 777 2590 843 ἡ
2621 772 2713 826 τοῦ
2747 774 2863 836 ἐνὸς
2891 773 3132 836 διάλυσις
3152 773 3250 843 τὴν
3280 772 3375 825 τοῦ
3401 773 3595 843 ἑτέρου

2021 865 2368 935 παραμυθίαν
2398 865 2516 935 ἔχῃ.
2558 865 2787 918 Ἔπειτα
2827 866 2920 918 καὶ
2953 865 3060 918 ἀπὺ
3103 865 3219 927 ἑνὸς
3258 865 3598 934 προερχόμε-

2020 974 2110 1010 νον
2157 957 2218 1008 τὺ
2270 957 2522 1027 ὁρατικὸν
2549 995 2564 1020 ,
2597 956 2984 1026 ἀσθενέστερον
3021 970 3035 984 ·
3067 958 3130 1010 ὲκ
3161 956 3218 1008 δὲ
3257 954 3350 1008 δύο
3399 954 3596 1024 πηγῶν

2023 1046 2458 1116 συμϐαλλόμενος
2491 1048 2520 1098 ὁ
2553 1046 2709 1109 ὁλκὸς
2732 1087 2746 1111 ,
2777 1047 3134 1117 εύτονὼτερος
3187 1047 3412 1114 γίνεται.
3447 1047 3596 1116 Προ⁸

2021 1137 2182 1190 ’ἰοῦσα
2217 1137 2324 1208 γάρ
2353 1140 2386 1205 ἡ
2413 1137 2554 1206 ὄψις,
2587 1137 2721 1206 ὁμοῦ
2759 1138 2854 1207 μὲν
2889 1137 3361 1208 προσαναπαύεται
3386 1136 3462 1206 τῷ
3483 1137 3600 1190 δια-

2021 1230 2335 1298 τειχίσματι
2366 1229 2467 1298 τῆς
2495 1229 2658 1299 ῥινὸς,
2692 1229 2825 1297 ὁμοῦ
2851 1229 2907 1280 δὲ
2941 1228 3324 1300 προκύπτουσα
3356 1227 3595 1280 ἑνοῦταιο

2022 1311 2132 1370 οἷον
2150 1318 2259 1386 γάρ
2287 1334 2370 1380 τις
2392 1318 2576 1386 ὀχετὺς
2597 1317 2689 1386 ἀφ’
2720 1317 2980 1387 ἑκατέρας
3006 1318 3104 1386 τῆς
3129 1316 3302 1385 ὅψεως
3329 1317 3597 1386 πρόεισιν,

2024 1407 2272 1460 ἐντεῦθεν
2293 1407 2450 1460 τοῦτο
2473 1407 2535 1460 τὸ
2562 1408 2837 1477 ὁρατικὸν,
2868 1407 3117 1460 κάκεῖθεν
3150 1408 3340 1459 έκεῖνο.
3369 1405 3598 1480 Πάρρω-

2027 1497 2114 1548 θεν
2145 1497 2201 1548 δὲ
2226 1497 2292 1566 τῇ
2331 1494 2570 1566 συμϐολῇ
2599 1495 2809 1548 ἑνοῦται
2828 1511 2841 1525 ⁸
2865 1496 3149 1564 ἑνούμενον
3171 1494 3226 1546 δὲ
3250 1495 3600 1565 ἰσχυρότερον

2024 1583 2250 1652 γίνεται.
2280 1582 2374 1645 Τίς
2401 1586 2434 1653 ἡ
2476 1582 2748 1646 ἀπόδειξις
2787 1582 2868 1635 ὅτι
2900 1580 3113 1634 ἑνοῦται
3138 1599 3153 1645 ;
3184 1582 3280 1650 οὐχ
3311 1583 3443 1652 ὁρᾷς
3471 1581 3601 1644 τοὺς

2025 1680 2284 1749 γέροντας
2303 1717 2319 1744 ,
2337 1675 2414 1728 ὅτι
2432 1673 2559 1744 πρὸς
2573 1673 2636 1725 τὰ
2656 1673 2750 1742 μὲν
2766 1669 2924 1742 ἐγγυς
2938 1671 2996 1724 οὐ
3013 1670 3290 1740 βλέπουσιν
3308 1691 3322 1739 ;
3379 1675 3601 1744 Ἐπειδὴ

2027 1768 2134 1839 γὰρ
2167 1767 2390 1829 ἀσθενές
2433 1767 2545 1818 ἐστι
2584 1767 2644 1818 τὸ
2696 1765 2945 1836 ὁρατικὸν
2993 1763 3324 1834 σχιζόμενον,
3351 1763 3410 1815 τὸ
3431 1765 3602 1831 ἐγγὺς

2027 1860 2124 1929 οὐχ
2170 1859 2306 1929 ὁρᾷ*
2357 1858 2488 1912 ὅπου
2535 1857 2591 1909 δὲ
2636 1858 2667 1925 ἡ
2706 1855 2948 1926 συμϐολὴ
3000 1856 3092 1926 τῆς
3136 1855 3308 1924 ὅψεως
3340 1849 3448 1906 οἷον
3505 1857 3604 1907 ἐπὶ

2029 1949 2365 2020 πλημμύρας
2389 1948 2530 2010 τινὸς
2575 1947 2715 2000 κατὰ
2750 1946 2846 2015 τὴν
2882 1946 3004 2016 ὄψιν
3032 1945 3342 2016 γινομένης,
3374 1946 3605 1998 εὐτονω-

2029 2041 2161 2110 τέρα
2193 2040 2399 2108 γίνεται
2449 2037 2555 2090 τῶν
2621 2035 2892 2106 αἰσθητῶν
2921 2037 2954 2104 ἡ
2990 2034 3282 2110 ἀνάληψις..
3305 2035 3414 2088 Kal
3439 2035 3606 2088 πόσαι

2033 2131 2158 2201 περὶ
2185 2130 2274 2182 τὸν
2301 2128 2575 2198 ὀφθαλμὸν
2608 2126 2844 2196 φυλακαί
2871 2143 2884 2191 ;
2921 2125 3097 2178 Χιτὼν
3120 2125 3326 2178 ἔνδοθεν
3344 2143 3357 2157 ο
3383 2125 3476 2178 καί
3503 2126 3608 2178 οὐκ

2033 2223 2196 2292 ἀρκεῖ
2231 2214 2384 2282 οὗτος
2410 2237 2422 2249 ο
2457 2220 2515 2271 οὐ
2561 2218 2676 2289 -γὰρ
2705 2217 2935 2287 ἠδύνατο
2986 2213 3066 2279 εἷς
3117 2217 3293 2286 παχὺς
3333 2213 3494 2270 εἶναι.
3541 2215 3609 2268 Εἰ

2035 2312 2211 2381 παχὺς
2250 2307 2348 2382 ἦν..
2391 2309 2762 2381 προκάλυμμα
2811 2308 2874 2361 ἂν
2903 2304 2969 2378 ἦν
3008 2310 3106 2378 τῆς
3141 2309 3336 2378 ὅψεως.
3370 2309 3520 2379 Ἔδει
3548 2310 3610 2362 δὲ

2034 2405 2288 2472 διαφανὲς
2317 2399 2454 2456 εἶναι
2492 2402 2585 2454 καὶ
2628 2401 2880 2470 ἐλαφρόν.
2913 2401 3119 2454 Οὐκοῦν
3147 2395 3225 2464 εἷς
3251 2401 3496 2470 διαυγὴς,
3528 2395 3613 2464 εἷς

2037 2497 2227 2567 ἀραιός
2247 2511 2258 2522 ’
2291 2499 2318 2548 6
2362 2495 2460 2565 μὲν
2491 2493 2938 2565 κρυσταλλοειδὴς
2958 2533 2974 2558 ,
3009 2496 3038 2546 6
3081 2493 3137 2546 δὲ
3174 2494 3554 2564 κερατοειδής·
3582 2498 3613 2548 6

2040 2585 2559 2659 προκεκαλυμμένος
2591 2584 2997 2655 ίσχυρότεροςμδ
3023 2584 3236 2638 ἔνδοθεν
3268 2586 3610 2658 ἀραιότερος,

2041 2680 2124 2732 ἵνα
2161 2679 2235 2750 μὴ
2261 2679 2442 2748 κωλύῃ
2472 2679 2568 2749 τὴν
2616 2677 2864 2747 πάροδον.
2910 2677 2970 2730 '0
2999 2677 3177 2748 τρίτος
3227 2678 3617 2748 κρυσταλλοειι

2039 2770 2154 2840 δὴς,
2190 2771 2278 2822 ἵνα
2310 2772 2366 2822 ὲν
2401 2769 2578 2838 ἑαυτῷ
2623 2767 2720 2838 τὴν
2759 2768 2994 2838 ἔμφασιν
3045 2771 3139 2822 καὶ
3191 2770 3289 2838 τὴν
3335 2769 3617 2838 διαύγειαν

2046 2862 2281 2932 ἑκάτερα
2317 2861 2436 2933 ἔχῃ.
2487 2860 2731 2930 Προϐολὴ
2778 2860 2838 2912 τὺ
2885 2859 3190 2930 βλέφαρον,
3241 2861 3621 2931 προκάλυμμα

2043 2954 2200 3007 τοῦτο
2233 2953 2524 3021 σκέπασμα
2547 2991 2559 3014 ,
2587 2953 2680 3004 καῖ⁹
2712 2946 2822 3006 οἷον
2871 2953 3183 3023 οἰκητήριον
3211 2954 3304 3006 καὶ
3338 2955 3621 3025 φυλακτή-

2043 3044 2161 3114 ριόν
2199 3045 2364 3095 ἐστιν.
2413 3041 2662 3094 Ἐδύνατο
2697 3041 2987 3106 σκεπάζειν
3017 3045 3050 3112 ἡ
3076 3043 3214 3111 χείρ.
3244 3043 3385 3108 Ἕως
3418 3045 3623 3115 ἤρχετο

2043 3137 2076 3205 η
2125 3135 2264 3204 χεὶρ,
2293 3133 2521 3202 ἔφθανεν
2556 3135 2584 3186 6
2624 3133 2899 3204 ὀφθαλμὸς
2945 3135 3360 3206 ἁμαυρωθῆναι.
3396 3136 3512 3188 Νῦν
3561 3137 3623 3190 δὲ

2047 3224 2277 3294 ὶγγιύθεν
2311 3223 2628 3294 παράκειται
2648 3223 2708 3276 τὸ
2729 3223 3009 3294 βλέφαρον,
3029 3227 3054 3278 6
3089 3226 3294 3279 ἄνωθεν
3327 3227 3620 3281 ἐπίκειται·

2045 3315 2180 3386 ὁμοῦ
2208 3333 2267 3368 τε
2300 3315 2494 3385 ᾔσθετο
2517 3317 2614 3385 τῆς
2651 3315 2855 3386 βλάϐης
2882 3317 2976 3369 καὶ⁵
3019 3317 3282 3386 προέϐαλε
3317 3317 3377 3369 τὸ
3413 3320 3624 3388 προκά-

366 3404 573 3473 λυμμα.
605 3403 702 3456 Διὰ
733 3401 886 3456 τοῦτο
925 3405 1020 3456 καὶ
1049 3404 1185 3474 κόρη
1218 3405 1322 3458 ὑπὸ
1351 3407 1810 3476 παραπετάσματι
1841 3407 2200 3477 καθεζομένη,
2223 3407 2321 3460 οὐκ
2342 3407 2428 3459 ἀεὶ
2454 3407 2879 3477 εὐεπιχείρητος.

442 3494 553 3549 Soli
599 3512 666 3549 ex
697 3497 950 3552 omnibus
980 3497 1238 3552 membris
1265 3499 1406 3551 oculi
1454 3499 1835 3568 palpebrarum
1864 3509 1947 3553 te-

371 3586 641 3656 gumentis
662 3587 860 3654 operti,
893 3587 1135 3656 contingi
1164 3588 1377 3642 nolunt.
1413 3585 1588 3642 Densa
1627 3589 1776 3642 adest
1805 3588 1945 3657 pilo-

371 3694 494 3731 rum
529 3693 705 3748 seges.
737 3677 886 3732 Cur?
915 3687 972 3732 ut
1002 3681 1302 3749 superioris
1333 3689 1495 3750 atque
1521 3681 1794 3737 inferioris
1827 3682 1944 3751 pal-

369 3768 548 3837 pebrae
589 3770 905 3837 complexus
938 3772 1115 3823 acrior
1141 3771 1233 3824 sit.
1269 3770 1367 3824 Pili
1409 3773 1552 3826 enim
1595 3773 1670 3825 illi
1720 3773 1859 3827 inter
1888 3787 1948 3827 se

371 3859 600 3912 connexi
621 3869 782 3927 atque
812 3860 1058 3928 impliciti
1080 3869 1207 3914 sunt
1235 3861 1482 3929 quaedam
1511 3863 1675 3916 veluti
1708 3862 1943 3917 vincula.

371 3949 452 4002 Ad
487 3949 599 4002 haec
633 3951 873 4004 minutas
906 3951 1096 4019 procul
1139 3960 1326 4005 arcent
1352 3952 1635 4016 bestiolas,
1666 3954 1950 4022 lanugine-

373 4056 572 4109 sasque
610 4042 800 4096 sordes
850 4043 1068 4112 pupillis
1120 4044 1554 4114 appropinquare
1578 4060 1685 4099 non
1738 4047 1946 4111 sinunt,

375 4148 542 4201 seque
575 4132 682 4188 illis
726 4133 1018 4212 imbecillis
1052 4145 1212 4204 atque
1262 4137 1409 4190 omni
1451 4136 1664 4205 injuriae
1695 4137 1948 4192 obnoxiis
1983 4172 2024 4224 υ

375 4231 809 4292 prepugnatores
842 4209 1101 4293 praibent.
1140 4225 1316 4294 Atque
1373 4227 1446 4280 ita
1480 4242 1670 4281 eorum
1702 4229 1950 4284 custodia

375 4311 533 4364 nobis
563 4326 686 4364 eum
714 4311 930 4376 decora,
959 4322 1070 4367 tum
1103 4315 1263 4368 etiam
1292 4316 1440 4370 utilis
1468 4325 1569 4371 est.
1597 4318 1735 4383 Quid
1760 4335 1952 4388 super-

376 4400 560 4452 cilium
587 4401 610 4452 ?
635 4418 814 4456 nonne
837 4405 934 4457 tibi
957 4405 1272 4473 adjumento
1292 4418 1371 4460 est
1396 4423 1503 4477 quo
1530 4411 1730 4464 rectius
1752 4410 1955 4481 dirigas

376 4491 548 4543 aciem
571 4492 850 4545 oculorum
873 4495 896 4546 ?
922 4495 974 4547 id
995 4495 1136 4564 quod
1168 4497 1270 4550 hoc
1288 4509 1610 4567 argumento
1641 4503 1954 4557 conﬁrmari

377 4587 557 4647 potest
581 4579 844 4645 :Quando
873 4587 1092 4640 conaris
1142 4588 1346 4658 aliquid
1381 4591 1571 4660 procul
1602 4593 1835 4662 positum
1871 4595 1956 4648 in-

378 4672 540 4733 tueri,
596 4687 696 4725 cur
761 4688 982 4728 manum
1034 4689 1313 4734 extensam
1347 4683 1654 4752 superciliis
1697 4685 1952 4754 imponis,

378 4762 484 4815 nisi
518 4771 576 4815 ut
597 4763 811 4818 videndi
838 4767 919 4820 vis
951 4783 1113 4837 supra
1140 4771 1369 4839 disjecta
1417 4789 1527 4828 non
1557 4784 1761 4830 temere
1787 4777 1954 4832 dissi-

379 4865 560 4924 petur,
586 4857 680 4911 sed
713 4873 908 4912 manus
937 4860 1155 4927 objectu
1187 4862 1536 4932 conjunctior
1570 4867 1798 4922 ulterius
1820 4868 1958 4922 fera-

379 4955 468 4999 tur
491 4957 544 5002 et
569 4949 803 5010 acutius,
837 4964 901 5004 ac
933 4951 1138 5005 rectius
1161 4969 1384 5011 munere
1414 4957 1674 5026 fungatur
1707 4974 1806 5013 Suo
1829 4959 1852 5010 ?
1878 4960 1958 5012 sic

379 5036 792 5092 obtenta‘manu
824 5038 1046 5095 luminis
1083 5046 1349 5101 transitus
1380 5047 1653 5116 dirigitur.
1680 5051 1823 5119 Ergo
1865 5065 1958 5104 su-

379 5127 600 5194 percilia
626 5137 740 5183 tum
775 5132 971 5188 oculos
1006 5144 1222 5204 regunt,
1263 5146 1377 5192 tum
1404 5139 1622 5194 sudoris
1649 5140 1956 5193 multitudi--

382 5233 524 5281 nem,
555 5235 622 5273 ne
648 5222 714 5274 ab
739 5238 801 5275 ea
837 5233 1223 5295 contegantur,
1251 5231 1580 5298 propellunt,
1605 5246 1770 5300 seque
1793 5231 1869 5283 illi
1903 5239 1960 5284 ut

382 5322 596 5361 murum
643 5311 926 5380 objiciunt.
962 5315 1096 5379 Quis
1133 5319 1374 5387 agricola
1406 5328 1514 5371 tam
1570 5327 1714 5374 recte
1745 5321 1958 5373 vincam

775 5401 1236 5477 circumjectaque
1309 5409 1545 5466 macerie
1622 5411 1960 5465 communire

2124 3498 2423 3566 Ἀνέπαφον
2441 3499 2597 3550 τοῦτο
2625 3498 2781 3568 μόνον
2811 3499 2916 3552 τῶν
2937 3499 2994 3552 ἐν
3017 3502 3144 3570 ἡμῖν
3177 3501 3353 3571 μελῶν
3377 3502 3626 3571 βούλεται

2050 3582 2189 3640 εἷναι
2221 3589 2250 3640 6
2289 3587 2594 3656 ὀφθαλμὸς,
2626 3587 2730 3639 ὑπὸ
2768 3590 3223 3658 παραπετάσματι
3261 3591 3338 3660 τῷ
3371 3592 3628 3662 βλεφάρῳ

2051 3679 2473 3748 καλυπτόμενος.
2519 3678 2724 3738 Ἀκίδες
2764 3679 2871 3731 τῶν
2904 3681 3104 3751 τριχῶν
3144 3683 3625 3754 περιϐεϐλημέναι.

2053 3770 2151 3823 Διὰ
2192 3770 2264 3832 τί,
2296 3770 2382 3822 ἵνα
2425 3768 2785 3838 ἀκριϐεστέρα
2820 3770 3040 3841 γένηται
3095 3773 3126 3841 ἡ
3172 3774 3470 3844 περιπλοκὴ
3519 3776 3629 3829 τῶν

2057 3861 2335 3930 βλεφάρων
2355 3857 2446 3910 τοῦ
2475 3858 2588 3910 ἄνω
2614 3859 2748 3930 πρὸς
2769 3859 2829 3910 τὸ
2859 3860 3025 3914 κάτω.
3052 3857 3174 3914 Οἷον
3203 3863 3309 3933 γὰρ
3342 3864 3629 3935 σύνδεσμοί

2054 3955 2188 4005 εἰσιν
2221 3952 2473 4021 ἀλλήλαις
2497 3953 2956 4022 περιπλεκόμεναι
2989 3955 3044 4006 αἱ
3072 3956 3271 4025 τρίχες·
3304 3951 3422 4010 εἶτα
3448 3960 3543 4012 καὶ
3562 3960 3631 4012 τὰ

2053 4045 2222 4098 λεπτὰ
2255 4043 2361 4098 τῶν
2394 4042 2544 4106 ζώων
2585 4045 2861 4114 πόρρωθεν
2887 4045 3173 4110 ἐ-ννιιιλὲει,
3211 4049 3398 4106 καὶτὰ
3423 4052 3628 4123 χνοὼδη

2053 4139 2152 4190 οὐκ
2203 4138 2266 4206 ἑᾷ
2315 4135 2609 4206 πλησιάσαι
2654 4139 2717 4206 τῇ
2772 4137 2909 4208 κόρῃ
2972 4137 3244 4210 δυναμένῃ
3295 4143 3632 4211 πανταχόθεν

2055 4227 2449 4299 ἀμαυροῦσθαι.
2480 4228 2666 4279 υἰκεία
2695 4226 2776 4288 τίς
2803 4229 2917 4280 ἐστι
2952 4227 3164 4299 φυλακὴ
3197 4232 3324 4300 περὶ
3361 4233 3510 4300 ἡμᾶς
3537 4251 3633 4285 πε-

2059 4318 2336 4387 ρικειμένη
2364 4317 2449 4369 διὰ
2487 4317 2593 4368 τῶν
2638 4315 2858 4387 τριχῶν·
2895 4317 3028 4386 ὁμοῦ
3079 4320 3175 4388 μὲν
3212 4323 3276 4388 τῇ
3319 4327 3632 4393 περιγραφῇ

2057 4409 2388 4477 εὐπρέπειαν
2414 4407 2768 4478 χαριζομένη,
2803 4409 2936 4477 ὁμοῦ
2963 4409 3018 4461 δὲ
3057 4410 3154 4480 τὴν
3185 4410 3453 4480 ὠφέλειαν
3496 4433 3635 4485 παρ-

2057 4501 2312 4570 εχομένη.
2360 4499 2558 4569 Ὀφρῦς
2603 4499 2714 4552 ἄνω
2762 4500 3180 4571 προϐεϐλημένη
3211 4506 3408 4558 οἰκεῖον
3438 4508 3638 4576 προϐό-

2056 4591 2223 4653 λαιον,
2257 4591 2344 4642 ἵνα
2391 4588 2696 4658 κατευθύνῃ
2726 4589 2786 4642 τὸ
2829 4590 3100 4660 ὁρατικόν.
3126 4592 3222 4656 Τίς
3254 4596 3286 4664 ή
3326 4594 3634 4661 ἁπόδειξις;

2059 4682 2226 4735 ’Όταν
2270 4679 2536 4750 βουληθῇς
2585 4681 2867 4751 πόρρωθεν
2899 4683 3218 4748 σκοπεῦσαι,
3253 4685 3345 4738 καὶ
3382 4685 3638 4746 κοιλάνας

2056 4773 2152 4842 τὴν
2181 4775 2338 4841 χεῖρα
2380 4770 2703 4842 ὑπερτείνῃς
2731 4770 2838 4823 τῶν
2883 4772 3125 4842 ὀφρύων,
3155 4774 3244 4827 διὰ
3285 4775 3337 4828 τί
3373 4777 3531 4830 τοῦτο
3565 4778 3639 4846 yi-

2057 4881 2238 4927 νεται;
2273 4863 2389 4915 Ἵνα
2414 4863 2473 4914 τὸ
2503 4864 2595 4914 ἐπὶ
2625 4863 2684 4915 τὸ
2715 4863 2826 4915 ἄνω
2865 4864 3289 4936 διαφορούμενον
3319 4869 3419 4937 τῆς
3441 4869 3638 4938 ὅψεως,

2062 4955 2135 5026 μὴ
2170 4955 2290 5024 εἰκῆ
2323 4954 2674 5024 σκεδάννηται
2721 4955 3174 5025 κατευθυνόμενον
3204 4960 3269 5011 ὲκ
3305 4958 3402 5028 τῆς
3437 4961 3639 5030 προϐο-

2059 5046 2154 5115 λῆς
2197 5045 2292 5114 τῆς
2319 5043 2528 5114 χειρὸς,
2563 5045 2655 5095 καὶ
2684 5046 2776 5096 ἐπὶ
2828 5045 2888 5098 τὸ
2935 5046 3243 5118 ἔμπροσθεν
3291 5047 3640 5120 ὠθούμενον,

2059 5131 2452 5202 ἀκριϐεστέραν
2485 5135 2629 5183 ποιεῖ
2659 5132 2754 5184 τοῦ
2790 5134 3044 5202 ὁρατικοῦ
3072 5136 3169 5206 τὴν
3203 5136 3444 5190 διάθεσιν
3464 5155 3478 5167 ·
3509 5141 3545 5210 ἥ
3585 5157 3639 5192 τε

2060 5224 2289 5292 πάροδος
2331 5223 2424 5276 τοῦ
2460 5223 2756 5292 βλεπτικοῦ
2815 5224 3200 5282 κατευθύνεται
3233 5227 3338 5280 ὑπὸ
3364 5232 3463 5298 τῆς
3502 5231 3642 5282 κατὰ

2059 5316 2156 5384 τὴν
2178 5318 2332 5385 χεῖρα
2363 5315 2650 5386 προϐολῆς.
2687 5314 2786 5366 Διὰ
2812 5315 2967 5369 τοῦτο
2997 5318 3197 5389 ὀφρύες
3234 5319 3373 5390 ὁμοῦ
3419 5321 3517 5391 μὲν
3554 5322 3643 5374 τὸν

2061 5405 2337 5460 ὀφθαλμὸν
2381 5404 2846 5474 κατευθύνουσαι,
2873 5409 3006 5480 ὁμοῦ
3038 5410 3095 5462 δὲ
3146 5412 3238 5464 καὶ
3283 5412 3375 5466 τὸν
3432 5413 3497 5464 ὲκ
3538 5412 3643 5465 τῶν
