3794 6000
393 135 498 193 299

1645 136 1706 190 S.
1749 131 2075 192 GREGORII
2115 135 2405 193 NYSSENI

3525 141 3618 202 300

395 250 667 302 certantes
737 259 868 300 voce
897 245 1252 315 corporisque
1298 246 1556 313 motibus,
1605 256 1801 303 natura
1829 248 1963 303 duce

2069 249 2185 321 νοίᾳ
2215 253 2281 322 τῇ
2317 251 2452 323 πρὸς
2491 250 2617 314 τοὺς
2647 249 3098 321 ἀγωνιζομένους,
3133 254 3281 324 φωνῇ
3307 271 3365 307 τε
3393 256 3485 310 καὶ
3503 261 3618 329 σχή-

394 335 698 406 signilicare
749 337 1139 406 impelluntur:
1171 336 1251 390 sic
1305 337 1436 390 mihi
1475 339 1576 407 ipsi
1608 340 1676 394 de
1707 347 1760 393 te
1790 338 1967 394 facere

394 425 602 490 videor,
643 425 816 480 amice
849 439 911 480 ac
941 428 1108 481 frater
1137 427 1478 485 charissime.
1511 428 1646 482 Nam
1681 443 1805 484 cum
1828 438 1883 482 tu
1911 428 1966 483 in

393 516 611 570 virtutis
667 516 863 578 stadio,
895 526 1062 586 prope
1119 516 1306 572 divino
1347 531 1514 572 cursu
1549 533 1613 573 ac
1669 520 1968 573 certamine

393 603 728 674 perseveres;
763 612 819 659 et
855 605 922 658 ad
965 621 1215 674 supernae
1243 603 1548 662 vocationis
1602 609 1824 676 praemia
1853 622 1967 663 cre-

393 697 506 752 bris
535 695 933 765 levissimisque
984 697 1214 751 saltibus
1237 695 1481 762 festines,
1522 699 1763 754 acclamo
1803 707 1967 770 atque

392 796 628 866 impello,
660 805 715 850 et
762 795 1037 866 diligentia
1073 795 1367 866 studioque
1393 797 1672 854 intendere
1707 798 1967 853 velocita-

392 895 498 941 tem
524 886 708 955 jubeo.
739 884 871 951 Quze
915 887 1095 939 omnia
1152 901 1261 941 non
1296 887 1415 941 ideo
1454 886 1614 949 facio,
1644 888 1770 956 quia
1801 895 1968 943 teme-

390 976 535 1029 rario
559 975 792 1044 quodam
826 974 1010 1030 studio
1053 975 1128 1028 tui
1177 975 1444 1037 detinear,
1479 976 1573 1031 sed
1602 977 1728 1046 quia
1757 983 1816 1030 ut
1837 976 1967 1031 cba-

391 1067 609 1121 rissimo
638 1065 746 1119 ﬁlio
775 1079 977 1120 morem
1009 1066 1104 1120 tibi
1130 1081 1320 1137 gerere
1349 1069 1620 1123 studeam.
1645 1067 1783 1122 Cum
1815 1067 1965 1122 enim

392 1157 586 1213 litteris
618 1158 727 1212 tuis
771 1158 1008 1227 petieris,
1069 1166 1128 1212 ut
1161 1159 1254 1213 tibi
1309 1173 1338 1212 a
1364 1159 1523 1214 nobis
1554 1159 1622 1213 ad
1668 1158 1965 1230 perfectam

392 1251 564 1303 vitam
591 1249 887 1304 admonitio
926 1249 1170 1319 quaedam
1198 1250 1598 1315 conscribatur,
1637 1265 1851 1319 equum
1874 1265 1966 1305 ar-

390 1341 576 1396 bitrati
610 1357 820 1408 sumus,
857 1349 915 1396 ut
943 1341 1046 1398 hoc
1077 1343 1218 1399 libro
1246 1353 1455 1410 nostro,
1502 1321 1605 1400 Etsi
1647 1345 1781 1400 nihil
1817 1343 1966 1400 aliud

395 1431 532 1486 forte
561 1432 831 1497 utilitatis,
873 1441 1108 1488 attamen
1143 1434 1274 1489 illud
1305 1434 1551 1506 profecto
1579 1450 1688 1490 non
1720 1444 1965 1490 contem-

392 1521 627 1575 nendum
671 1521 792 1586 tibi,
826 1536 926 1576 nos
957 1521 1107 1593 ipsos
1155 1537 1326 1578 sacra:
1355 1521 1674 1578 obedientiae
1697 1535 1966 1594 propona-

2076 356 2204 410 ματι
2236 340 2333 410 τήν
2372 341 2606 410 σπουδὴν
2639 340 2744 394 ὑπὸ
2791 340 3098 412 προθυμίας
3150 343 3616 414 ὲπισημαίνοντεςο

2070 429 2307 483 τοιοῦτόν
2337 431 2390 485 τί
2426 448 2516 502 μοι
2559 432 2702 486 δοκῶ
2738 432 2832 485 καὶ
2863 431 3024 496 αὐτὸς
3051 433 3227 485 ποιεῖν
3273 433 3366 487 ἐπὶ
3401 435 3512 499 σοῦ,
3539 438 3621 505 φίο

2071 521 2176 575 λων
2219 538 2306 591 μοι
2339 523 2432 576 καὶ
2481 523 2725 593 ἀδελφῶν
2757 523 3055 594 τιμιώτατε
3076 563 3090 588 ,
3118 523 3203 576 ὅτι
3253 540 3344 578 σου
3387 526 3528 580 κατὰ
3570 528 3622 580 τδ

2070 614 2171 684 τῆς
2194 615 2396 686 ἀρετῆς
2427 615 2642 668 στάδιον
2679 614 2858 678 καλῶς
2902 613 3361 684 ὲναγωνιζομένου
3401 617 3478 687 τῷ
3506 617 3622 687 θείῳ

2069 703 2272 774 δρόμῳ,
2303 705 2397 757 καὶ
2437 704 2572 775 πρὸς
2610 704 2672 757 τὸ
2701 703 2952 776 βραϐεῖον
2978 703 3080 775 τῆς
3121 705 3233 758 ἄνω
3260 705 3504 776 κλήσεως
3533 724 3623 760 πυ-

2071 795 2219 856 κνοῖς
2260 810 2320 846 τε
2369 795 2464 848 κα)⁸
2509 794 2735 864 κούφοις
2777 794 3181 864 συντεινομένου
3229 797 3341 859 τοῖς
3379 795 3619 866 ἅλμασιν,

2072 883 2341 952 ὺποφωνῶ
2367 900 2427 936 τε
2453 885 2548 937 καὶ
2567 883 2897 948 ὲπισπεύδω,
2916 884 3011 936 καὶ
3032 883 3322 937 ἐπιτείνειν
3340 886 3408 954 τῇ
3436 883 3620 954 σπουδῇ

2069 972 2131 1025 τὸ
2161 973 2324 1043 τάχος
2368 974 2770 1046 διακελεύομαι.
2818 973 2965 1028 Ποιῶ
2997 973 3054 1027 δὲ
3092 973 3296 1039 ταῦτα,
3332 975 3432 1027 οὐκ
3459 975 3625 1046 ἀλόγῳ

2042 1064 2177 1119 ’τινί
2206 1063 2485 1136 προθυμίᾳ
2532 1065 2670 1137 πρὸς
2710 1064 2864 1118 τοῦτο
2901 1064 3220 1135 φερόμενος,
3252 1064 3369 1118 ἀλλ’
3396 1064 3471 1128 ὡς
3500 1065 3625 1132 ἁγα-

2071 1154 2228 1225 πητῷ
2254 1155 2429 1226 τέκνῳ
2461 1155 2582 1208 καθ’
2607 1155 2803 1227 ἡδονὴν
2830 1155 3209 1227 χαριζόμενος.
3237 1155 3351 1226 Τῆς
3373 1155 3482 1226 γὰρ
3517 1157 3625 1209 ζεπι·

2072 1245 2284 1314 στολῆς,
2314 1245 2382 1316 ἢν
2411 1245 2601 1317 πρώην
2629 1245 2909 1317 διεπέμψω
2927 1287 2942 1313 ,
2965 1245 3168 1318 ταύτην
3194 1235 3625 1315 ἀπαγγελλούσης

2067 1338 2167 1408 τὴν
2197 1339 2428 1407 αἴτησιν.
2463 1337 2524 1392 τὺ
2571 1339 2822 1408 γενέσθαι
2854 1337 2937 1392 σοί
2973 1355 3091 1391 τινα
3139 1339 3265 1410 παρ’
3308 1337 3464 1409 ήμῶν
3505 1339 3625 1392 ὑπο-

2070 1428 2245 1499 θήκην
2275 1431 2354 1492 εἰς
2386 1429 2476 1482 τὸν
2528 1428 2730 1483 τέλειον
2781 1430 2923 1499 βίονο
2966 1427 3196 1499 πρέπειν
3244 1427 3432 1498 ᾠήθην
3461 1442 3627 1498 παρα-

2073 1523 2251 1590 σχεῖνο
2277 1520 2406 1574 ἄλλο
2435 1522 2534 1592 μὲν
2569 1522 2651 1576 σοί
2697 1539 2746 1575 τι
2785 1523 3051 1593 χρήσιμον
3081 1521 3145 1573 ὲκ
3182 1519 3290 1572 τῶν
3332 1519 3626 1590 λεγομένων

393 1624 513 1664 mus
539 1610 864 1678 exemplum.
887 1585 1022 1664 Nam
1055 1612 1099 1666 si
1122 1626 1224 1666 nos
1257 1611 1350 1682 qui
1379 1621 1488 1665 tam
1528 1585 1821 1666 multarum
1850 1610 1963 1670 ani-

2069 1585 2198 1675 [ἀὼς
2218 1611 2392 1676 οὐδὲν,
2415 1585 2547 1666 doce
2577 1612 2635 1665 δὲ
2671 1585 2838 1666 τοῡὲξ
2871 1585 3090 1674 πάντως
3118 1611 3221 1664 οὐκ
3252 1585 3542 1681 ἄχρηστον,
3570 1610 3626 1661 τι

392 1713 600 1752 marum
633 1713 820 1754 curam
867 1707 929 1754 ut
963 1707 1147 1771 patres
1191 1703 1452 1772 gerimus,
1484 1701 1776 1757 convenire
1807 1701 1967 1756 duxi-

393 1803 514 1844 mus
538 1789 662 1844 huic
702 1791 992 1857 senectuti,
1029 1799 1090 1847 ut
1112 1792 1692 1862 modestrejuventutis
1715 1792 1969 1848 mandata

393 1881 713 1951 susciperet,
763 1884 1001 1954 majores
1034 1884 1340 1940 obedientia
1370 1885 1426 1940 in
1471 1892 1524 1940 te
1555 1884 1801 1956 profecto
1824 1885 1969 1941 vires

393 1974 634 2038 habebit,
660 1990 784 2030 cum
815 1976 881 2030 ad
909 1975 1206 2047 parendum
1229 1983 1419 2032 nostro
1440 1976 1686 2046 exemplo
1709 1976 1970 2045 juventus

395 2070 484 2114 tua
524 2060 688 2116 fuerit
717 2063 950 2118 erudita.
996 2063 1101 2118 Sed
1137 2064 1252 2120 haec
1307 2064 1590 2120 hactenus.
1635 2063 1770 2119 Nam
1809 2065 1969 2120 nobis

397 2150 502 2204 Deo
559 2150 698 2206 duce
754 2161 809 2206 et
857 2153 1076 2222 auspice
1127 2153 1305 2208 nostri
1363 2155 1630 2209 sermonis
1689 2153 1971 2224 proposito

393 2238 757 2308 incipiendum
796 2247 901 2295 est.
935 2239 1146 2296 Petiisti
1197 2256 1226 2294 a
1261 2255 1368 2306 me,
1409 2241 1730 2298 charissime
1772 2242 1871 2306 fili,
1912 2251 1970 2297 ut

393 2330 491 2385 tibi
544 2345 792 2401 quamam
852 2331 924 2386 sit
965 2332 1204 2402 perfecta
1244 2333 1391 2398 vita,
1433 2332 1725 2405 diligenter
1762 2334 1971 2391 descri-

396 2422 514 2476 bam
560 2440 573 2476 :
623 2423 768 2491 quod
821 2431 872 2478 te
933 2424 1058 2479 ideo
1117 2425 1254 2480 velle
1302 2441 1415 2480 non
1463 2427 1694 2502 dubito,
1743 2434 1804 2481 ut
1843 2441 1969 2483 cum

396 2517 667 2572 inveneris
699 2517 850 2587 quod
894 2517 1120 2587 quarris,
1161 2518 1227 2572 ad
1267 2518 1432 2572 vitam
1487 2525 1635 2572 tuam
1679 2518 1824 2589 quod
1880 2519 1969 2574 in-

395 2608 610 2671 venisti,
649 2607 1049 2662 accommodes.
1091 2607 1203 2677 Ego
1232 2622 1360 2663 vero
1395 2608 1505 2664 duo
1552 2604 1610 2663 in
1651 2609 1750 2664 hac
1801 2625 1888 2677 re,
1916 2619 1970 2666 et

400 2699 562 2753 ambo
588 2698 721 2752 mihi
763 2697 969 2768 pariter
996 2698 1378 2768 impossibilia,
1414 2699 1713 2768 conspicio.
1745 2699 1970 2756 Utru'n-

390 2805 500 2859 que
562 2790 727 2855 enim,
767 2797 821 2846 et
884 2788 1271 2861 perfectionem
1303 2789 1559 2846 videlicet
1598 2792 1720 2846 vitae
1759 2792 1970 2847 ratione

2067 1703 2318 1772 γενέσθαι
2342 1705 2424 1758 σοὶ
2447 1704 2547 1775 τῆς
2575 1703 2880 1768 εὐπειθείας
2901 1703 3221 1773 ὑπόδειγμα.
3244 1701 3305 1754 Εί
3326 1702 3436 1772 γὰρ
3453 1702 3621 1772 ήμεξ,

2067 1799 2116 1850 oi
2161 1797 2431 1852 τοσούτων
2461 1797 2649 1867 ψυχῶν
2681 1797 2739 1850 ἐν
2773 1796 3023 1867 πατέρων
3068 1794 3220 1860 τάξει
3265 1794 3625 1865 προτεταγμέ-

2067 1904 2168 1954 νοι,
2197 1887 2428 1959 πρέπειν
2459 1888 2686 1960 οἰόμεθα
2722 1891 2790 1960 τῇ
2836 1887 2994 1968 πολιᾷ
3023 1886 3215 1957 ταύτῃ,
3250 1885 3499 1955 νεότητος
3531 1899 3625 1936 σω-

2071 1980 2371 2052 φρονούσης
2399 1980 2678 2051 ἐπίταγμα
2721 1979 2975 2050 δέχεσθαι
2995 2019 3008 2041 ,
3040 1975 3220 2047 πολλῷ
3261 1975 3462 2046 μᾶλλον
3492 1973 3626 2035 εἰκός

2071 2075 2218 2126 ἐστιν
2250 2075 2307 2126 ὲν
2332 2073 2413 2126 σοὶ
2449 2071 2816 2143 κρατυνθῆναι
2857 2070 2917 2124 τὸ
2959 2070 3059 2136 τῆς
3101 2067 3416 2132 εὐπειθείας
3449 2065 3627 2136 κατόρ-

2071 2163 2230 2234 θωμα
2257 2163 2390 2234 πρὸς
2427 2162 2674 2233 ὑπακοὴν
2711 2161 2956 2216 ἑκούσιον
2983 2160 3050 2213 δι’
3088 2161 3244 2231 ήμῶν
3285 2155 3627 2228 παιδοτριϐη-

2071 2253 2256 2324 θείσης
2287 2271 2368 2307 σοι
2397 2253 2495 2325 τῆς
2518 2253 2787 2321 νεότητος.
2807 2251 2917 2306 Καὶ
2944 2249 3116 2304 ταῦτα
3141 2250 3239 2320 μὲν
3263 2251 3346 2313 είς
3366 2246 3622 2302 τοσοῦτον.

2082 2344 2455 2417 Ἐγχειρητέον
2485 2345 2542 2398 δὲ
2577 2343 2675 2415 ήδη
2714 2342 2792 2414 τῷ
2819 2340 3161 2413 προκειμένῳ
3179 2382 3195 2407 ,
3225 2340 3361 2394 Θεὸν
3400 2338 3626 2408 καθηγε-

2071 2437 2210 2508 μόνα
2237 2437 2620 2507 ποιησαμένοις
2657 2434 2750 2487 τοῦ
2785 2433 2963 2501 λόγου.
3008 2430 3404 2502 Ἐπεζήτησας,
3429 2426 3474 2484 ὦ
3509 2428 3627 2497 φίλη

2069 2528 2303 2598 κεφαλὴ,
2335 2525 2720 2598 ὑπογραφῆναί
2765 2540 2849 2578 σοι
2878 2524 3008 2594 παρ’
3056 2522 3234 2593 ήμῶν,
3261 2521 3346 2584 τίς
3379 2522 3408 2574 ό
3439 2517 3627 2579 τέλειός

2067 2618 2184 2671 ἔστι
2215 2615 2347 2686 βίοςο
2379 2615 2578 2687 δηλαδὴ
2609 2613 2744 2686 πρὸς
2765 2612 2921 2666 τοῦτο
2950 2611 3180 2682 βλέπων,
3199 2609 3276 2672 ὡς
3299 2611 3460 2680 εἰπερ
3488 2609 3630 2678 εὑρε-

2069 2708 2188 2778 θείη
2220 2707 2299 2776 τῷ
2327 2707 2469 2776 λόγῳ
2499 2705 2558 2758 τὺ
2583 2704 3035 2775 σπουδαζόμενον,
3057 2703 3406 2772 μετενεγκεῖν
3435 2701 3513 2762 είς
3544 2698 3628 2750 τὸν

2069 2799 2199 2852 ίδιον
2236 2797 2349 2867 βίον
2371 2797 2468 2868 τὴν
2497 2795 2602 2850 ὑπὸ
2627 2795 2721 2848 τοῦ
2741 2796 2901 2864 λόγου
2935 2793 3264 2865 μηνυθεῖσαν
3285 2791 3467 2861 χάριν.
3499 2787 3632 2855 Ἐγὼ

391 2885 723 2953 describere,
759 2894 813 2942 et
844 2887 986 2958 quod
1010 2887 1222 2944 ratione
1254 2886 1740 2957 comprehendisti,
1772 2887 1827 2941 in
1854 2887 1963 2942 vita

2069 2887 2124 2942 δὲ
2155 2889 2214 2940 ὲν
2243 2885 2571 2957 ἀμφοτέροις
2607 2886 2802 2954 ὲπίσης
2831 2883 3126 2955 ἀμηχανῶ·
3150 2882 3212 2935 τό
3253 2898 3314 2934 τε
3342 2883 3452 2952 γὰρ
3488 2895 3632 2950 περι-

394 2977 512 3047 ipsa
532 2985 857 3041 monstrare,
885 2993 1051 3048 supra
1077 2978 1221 3034 vires
1245 2993 1395 3034 meas
1413 2993 1536 3034 esse
1559 2978 1715 3034 facile
1739 2978 1918 3046 fateor
1943 2998 1956 3035 :

392 3067 594 3137 quippe
620 3069 710 3136 qui
739 3076 921 3138 putem
955 3069 1142 3124 multis
1186 3068 1350 3125 etiam
1387 3069 1440 3122 in
1467 3069 1670 3124 virtute
1700 3077 1962 3140 praestan-

395 3157 623 3212 tioribus
647 3162 702 3211 et
738 3158 950 3227 magnis
990 3158 1210 3212 omnino
1261 3158 1392 3213 viris
1421 3158 1661 3214 difﬁcilia
1695 3159 1808 3216 hac
1839 3175 1963 3218 esse

393 3249 566 3313 dictu,
600 3249 710 3304 imo
770 3263 900 3306 vero
951 3249 1327 3318 impossibilia.
1411 3247 1612 3305 Verum
1650 3265 1720 3305 ne
1774 3251 1964 3306 videar

394 3340 468 3394 ibi
491 3340 698 3406 timere,
760 3347 822 3395 ut
853 3337 1142 3397 Psalmista
1185 3340 1262 3393 ait
1287 3340 1332 3408 ',
1373 3340 1464 3394 ubi
1497 3340 1662 3395 timor
1710 3356 1817 3396 non
1856 3347 1960 3408 est,

394 3432 615 3501 planum
648 3431 702 3486 id
747 3432 819 3486 ita
862 3430 1080 3486 faciam.
1129 3429 1397 3487 Perfectio
1445 3430 1501 3486 in
1547 3431 1800 3487 omnibus
1839 3432 1964 3489 aliis

393 3539 512 3592 quae
551 3538 715 3580 sensu
744 3521 1140 3595 percipiuntur,
1178 3521 1424 3578 terminis
1463 3521 1789 3592 quibusdam
1815 3531 1966 3578 corn-

391 3614 768 3685 prehenditur,
798 3619 858 3666 ut
895 3612 1046 3668 verbi
1104 3625 1291 3677 causa,
1324 3611 1380 3666 in
1409 3618 1613 3680 quanto
1646 3618 1757 3665 tam
1787 3612 1966 3666 conti-

394 3721 504 3762 nuo
543 3719 704 3774 quam
734 3703 990 3759 discreto.
1021 3701 1210 3758 Omnis
1235 3703 1380 3757 enim
1407 3715 1662 3757 mensura
1687 3701 1965 3770 quantita-

393 3797 466 3854 tis
491 3793 1069 3865 propriisquibusdam
1117 3791 1365 3848 terminis
1416 3793 1782 3848 concluditur.
1827 3789 1964 3846 Nam

392 3887 487 3957 qui
512 3885 580 3939 ad
630 3883 872 3938 cubitum
923 3882 1007 3938 vel
1050 3879 1329 3938 denarium
1373 3883 1598 3952 respicit
1653 3897 1964 3945 numerum,

394 3990 500 4031 non
536 3982 619 4030 est
641 3972 882 4036 nescius,
905 3970 1052 4026 unde
1067 3978 1362 4042 utrumque
1384 3972 1618 4026 istorum
1652 3973 1878 4042 incepit,
1912 3979 1968 4027 et

394 4079 503 4135 quo
532 4062 720 4126 exivit,
750 4060 950 4130 quibus
974 4059 1189 4112 illorum
1219 4059 1343 4114 ﬁnis
1361 4059 1623 4114 habeatur
1651 4066 1814 4130 atque
1845 4075 1970 4130 per-

395 4155 577 4211 fectio.
604 4152 661 4206 ln
682 4153 882 4206 virtute
912 4164 1039 4205 vero
1067 4148 1213 4204 hunc
1241 4149 1310 4204 ab
1329 4151 1593 4220 Apostolo
1614 4149 1968 4220 perfectionis

2062 2979 2243 3032 λαϐεῖν
2275 2977 2416 3047 λόγῳ
2438 2976 2534 3048 τὴν
2563 2974 2897 3045 τελειότητα,
2933 2973 3025 3027 καὶ
3047 2972 3230 3034 τδ,ὲπὶ
3264 2970 3360 3024 τοῦ
3396 2970 3508 3040 βίου
3531 2969 3631 3022 δεῖ·

2064 3068 2151 3136 ξαι
2171 3071 2307 3140 ὅπερ
2339 3069 2404 3123 ἂν
2434 3070 2463 3122 ό
2491 3067 2646 3136 λόγος
2667 3067 2997 3137 κατανοήσῃ,
3025 3065 3164 3136 ὑπὲρ
3192 3062 3290 3135 τὴν
3317 3062 3457 3134 ἐμήν
3487 3061 3630 3116 δύνα-

2067 3179 2158 3233 μιν
2199 3160 2457 3233 ἑκάτερον
2503 3159 2706 3214 τούτων
2756 3155 2892 3213 εἷναί
2925 3174 3087 3228 φημι.
3121 3155 3274 3227 Τάχα
3301 3155 3362 3210 δὲ
3408 3155 3507 3209 οὐκ
3531 3154 3633 3221 ὲγὼ

2068 3254 2246 3324 μόνος,
2279 3253 2415 3307 ἀλλὰ
2457 3253 2550 3306 καὶ
2599 3252 2783 3306 πολλοὶ
2819 3252 2928 3304 τῶν
2986 3250 3234 3320 μεγάλων
3265 3265 3325 3301 τε
3373 3247 3470 3302 καὶ
3520 3245 3633 3299 κατ’

2064 3343 2265 3415 ἀρετὴν
2297 3343 2654 3413 προεχόντων,
2690 3341 3180 3412 ἀνέφικτον.αὐτοῖς
3211 3335 3353 3392 εἶναι
3380 3337 3440 3391 τὸ
3469 3334 3637 3390 τοιοῦ-

2064 3450 2154 3486 τον
2210 3432 2650 3504 ὁμολογήσουσιν.
2689 3431 2776 3494 Ὠς
2801 3430 2846 3483 δ’
2876 3430 2942 3483 ἂν
2987 3429 3062 3501 μὴ
3109 3427 3341 3507 δοκοίην,
3369 3424 3511 3479 κατὰ
3549 3423 3636 3476 τὸν

2055 3522 2350 3594 Ψαλμῳδδν
2385 3523 2560 3576 εἰπεῖν
2583 3564 2598 3588 ,
2633 3522 2748 3575 ἐκεῖ
2787 3518 3068 3590 φοϐεῖσθαι
3121 3517 3284 3587 φόϐον
3308 3557 3323 3583 ,
3354 3518 3490 3570 ὅπου
3539 3514 3636 3568 οὐκ

2067 3615 2181 3668 ἐστι
2212 3614 2374 3686 φόϐος
2394 3630 2409 3646 ο
2441 3613 2792 3683 σαφέστερον,
2815 3612 2844 3664 ὃ
2867 3609 3145 3682 βούλομαι,
3170 3609 3508 3680 παραστήσω
3530 3622 3632 3659 σοι.

2079 3706 2142 3760 Ἦ
2167 3707 2438 3777 τελειότης
2469 3705 2562 3758 ἐπὶ
2610 3704 2708 3775 μὲν
2743 3702 2851 3756 τῶν
2894 3701 3068 3757 ἄλλων
3100 3701 3354 3756 ἁπάντων
3375 3739 3390 3764 ,
3423 3700 3524 3753 ὅσα
3568 3697 3634 3768 τῇ

2065 3797 2310 3868 αίσθήσει
2338 3797 2636 3867 μετρεῖται,
2664 3794 2861 3865 πέρασί
2892 3810 3033 3847 τισιν
3063 3791 3390 3865 ὡρισμένοις
3415 3789 3636 3858 διαλαμ-

2066 3887 2307 3951 ϐάνεται,
2333 3879 2445 3938 οἷον
2464 3885 2558 3938 ἐπὶ
2584 3884 2676 3939 τοῦ
2698 3882 2886 3950 ποσοῦ,
2914 3881 3008 3936 τοῦ
3046 3898 3104 3934 τε
3145 3879 3400 3950 συνεχοῦς
3428 3878 3520 3933 καὶ
3544 3874 3634 3929 τοῦ

2065 3976 2443 4050 διωρισμένου.
2481 3977 2595 4030 Πᾶν
2626 3976 2735 4046 γὰρ
2763 3973 2826 4029 τὸ
2853 3978 2910 4029 ὲν
2953 3972 3210 4042 ποσότητι
3249 3971 3464 4042 μέτρον.
3493 3968 3636 4029 ἰδίοις

2066 4068 2207 4121 τισὶν
2236 4067 2382 4138 ὅροις
2430 4066 2816 4139 ἐμπεριέχεται
2839 4081 2855 4097 ·
2886 4064 2982 4118 καὶ⁵
3007 4063 3036 4115 ὁ
3079 4062 3216 4133 πρὸς
3244 4061 3335 4114 τὸν
3370 4063 3567 4130 πῆχυν,
3601 4055 3634 4126 ἢ

2067 4159 2165 4231 τὴν
2213 4156 2306 4213 τοῦ
2335 4156 2568 4229 ἀριθμοῦ
2607 4157 2806 4212 δεκάδα
2845 4155 3080 4225 βλέπων,
3112 4148 3220 4206 οἵδε
3251 4151 3311 4204 τὸ
3359 4150 3468 4204 ἀπό
3497 4164 3635 4210 τινος

393 4246 684 4302 terminum
738 4257 859 4300 esse
891 4241 1214 4305 didicimus,
1247 4242 1390 4312 quod
1419 4241 1602 4297 nullus
1641 4243 1698 4298 in
1738 4244 1854 4313 ipsa
1895 4245 1963 4300 sit

2070 4249 2392 4324 ἀρξάμενον,
2422 4250 2516 4304 καὶ
2567 4251 2646 4313 είς
2677 4249 2730 4301 τὶ
2781 4245 3109 4316 καταλῆξαν,
3140 4245 3198 4297 ὲν
3232 4235 3277 4311 ᾧ
3305 4245 3420 4296 ἔστι
3460 4240 3521 4293 τὸ
3547 4238 3634 4291 τέ-

394 4336 659 4392 terminus
689 4355 702 4390 :
733 4335 931 4406 quippe
954 4349 1076 4388 cum
1095 4333 1186 4388 ille
1212 4333 1326 4403 ipse
1344 4331 1546 4388 Paulus
1562 4333 1626 4401 ¹⁶,
1649 4334 1966 4404 γίνζόὶνίηιιε

394 4442 442 4487 et
475 4439 651 4485 mente
675 4430 1000 4490 altissimus.
1031 4443 1246 4498 semper
1276 4441 1339 4482 ac
1359 4426 1564 4498 jugiter
1593 4442 1690 4498 per
1710 4429 1964 4484 virtutem

393 4536 553 4576 suum
607 4533 830 4573 cursum
877 4517 1205 4584 intenderet,
1243 4532 1345 4573 nec
1389 4531 1627 4586 unquam
1662 4517 1729 4572 ad
1759 4517 1967 4588 majora

392 4607 759 4666 conscendere
787 4609 1080 4678 negligeret
1113 4626 1128 4663 ε
1164 4622 1272 4662 non
1303 4607 1448 4662 enim
1483 4614 1656 4661 tutum
1687 4607 1762 4662 illi
1789 4615 1906 4662 erat
1933 4622 1966 4662 a

393 4717 558 4758 cursu
586 4700 894 4756 desistere:
938 4715 1037 4754 cur
1079 4701 1209 4754 ita?
1255 4699 1524 4764 Quoniam
1571 4714 1730 4754 omne
1761 4701 1964 4755 bonum

393 4793 508 4864 ipsa
540 4799 756 4857 natura,
789 4806 892 4862 qua
911 4791 1115 4846 bonum
1147 4800 1252 4855 est,
1285 4804 1397 4846 non
1451 4789 1614 4846 habet
1648 4792 1962 4853 terminum,

392 4886 486 4940 sed
543 4883 809 4939 contrarii
864 4883 1273 4953 comparatione
1327 4881 1676 4947 terminatur,
1740 4892 1800 4939 ut
1853 4884 1964 4940 vita

391 4985 586 5044 morte,
623 4977 715 5032 lux
743 4975 1002 5040 tenebris,
1031 4982 1084 5031 et
1112 4974 1334 5029 omnino
1377 4974 1577 5030 bonum
1608 4991 1769 5032 omne
1805 4977 1863 5032 in
1898 4991 1964 5032 eo

390 5069 614 5132 desinit,
666 5067 814 5138 quod
878 5067 978 5136 ipsi
1051 5066 1388 5121 contrarium
1438 5081 1562 5124 esse
1617 5067 1957 5136 intelligitur.

393 5155 574 5221 Quare
603 5154 1062 5226 quemadmodum
1093 5155 1216 5210 vitae
1243 5156 1367 5212 ﬁnis
1396 5157 1590 5213 mortis
1621 5158 1836 5213 initium
1854 5165 1958 5223 est,

391 5248 474 5302 sic
500 5263 698 5303 cursus
744 5247 916 5318 ipsius
948 5246 1070 5302 finis
1094 5249 1186 5317 qui
1233 5247 1530 5304 secundum
1569 5249 1823 5304 virtutem
1853 5258 1958 5314 est,

393 5337 572 5392 vitiosi
603 5352 800 5392 cursus
835 5338 1050 5392 initium
1107 5339 1406 5397 invenitur.
1463 5339 1581 5397 Non
1620 5342 1786 5412 igitur
1824 5340 1960 5395 falso

459 5565 480 5596 ’
513 5559 658 5618 Psal.
690 5576 810 5628 xm,
844 5563 926 5617 15.
1005 5564 1048 5597 ⁸⁸
1085 5564 1313 5636 Philipp.
1346 5580 1428 5619 Ill.

2068 4344 2209 4397 λειον
2239 4341 2403 4412 ἔχειν.
2448 4340 2570 4393 Ἐπὶ
2599 4339 2657 4392 δὲ
2699 4337 2800 4408 τῆς
2832 4337 3032 4408 ἀρετῆς
3058 4333 3209 4405 παρὰ
3236 4330 3331 4385 τοῦ
3381 4328 3660 4384 Ἀποστό-·

2067 4433 2162 4488 λου
2209 4433 2307 4487 ἕνα
2334 4430 2667 4502 τελειότητος
2695 4430 2819 4500 ὅρον
2852 4425 3148 4497 ἐμάθομεν,
3172 4423 3234 4476 τδ
3267 4421 3340 4492 μὴ
3370 4419 3514 4491 ἔχειν
3540 4419 3634 4472 αὐ-

2069 4526 2169 4594 τὴν
2196 4526 2343 4595 ὅρον.
2385 4522 2444 4574 '0
2470 4520 2578 4592 γὰρ
2615 4519 2781 4581 πολὺς
2805 4519 3011 4580 ἐκεῖνος
3045 4515 3140 4568 καὶ⁸
3165 4511 3366 4583 ὑψηλὸς
3389 4511 3486 4581 τὴν
3520 4507 3634 4562 διά-

2068 4634 2237 4679 νοιαν,
2254 4616 2283 4668 ὁ
2298 4614 2437 4676 θεῖος
2461 4611 2798 4674 ’Δπόστολος,
2813 4609 2899 4663 διὰ
2919 4608 3017 4679 τῆς
3030 4605 3228 4676 ἀρετῆς
3249 4604 3476 4675 τρέχων,
3489 4600 3633 4654 οὐδέ-

2068 4724 2202 4760 ποτε
2251 4707 2364 4769 τοῖς
2413 4701 2719 4775 ἔμπροσθεν
2779 4689 3222 4768 ἐπεκτεινόμενος
3273 4692 3492 4764 ἔληξεν·
3519 4689 3636 4744 οὐδὲ

2065 4798 2177 4870 γὰρ
2212 4795 2458 4866 ἀσφαλὴς
2494 4793 2640 4864 αὐτῷ
2667 4788 2735 4863 ἦν
2769 4793 2802 4860 ἡ
2826 4788 2920 4843 τοῦ
2944 4789 3143 4860 δρόμου
3170 4786 3376 4848 στάσις.
3415 4780 3514 4836 Διὰ
3550 4779 3634 4870 τί,

2070 4868 2190 4943 Ὀτι
2222 4888 2328 4940 πᾶν
2353 4883 2554 4952 ἀγαθὸν
2581 4885 2648 4954 τῇ
2676 4879 2868 4935 ἑαυτοῦ
2901 4878 3059 4948 φύσει
3091 4877 3215 4948 ὅρον
3251 4875 3350 4927 οὐκ
3402 4871 3536 4942 ἔχει,
3572 4868 3637 4936 τῇ

2065 4980 2122 5034 δὲ
2154 4978 2246 5032 τοῦ
2276 4974 2518 5030 ἐναντίου
2575 4971 2874 5044 παραθέσει
2912 4969 3149 5041 ὁρίζεται
3171 4983 3184 4996 ·
3216 4965 3291 5028 ὡς
3318 4965 3352 5034 ἡ
3395 4961 3530 5032 ζωὴ,
3563 4956 3641 5029 τῷ

2067 5071 2309 5140 θανάτῳ
2339 5067 2436 5122 καὶ
2471 5066 2531 5119 τὸ
2566 5063 2702 5135 φῶς,
2731 5063 2809 5133 τῷ
2836 5061 3047 5115 σκότει·
3075 5058 3170 5112 καὶ⁵
3194 5058 3301 5110 πᾶν
3328 5055 3465 5116 ὅλως
3505 5053 3640 5140 ἀγα-

2069 5161 2160 5215 θὸν
2189 5139 2267 5222 είς
2296 5157 2473 5212 πάντα
2497 5155 2566 5209 τὰ
2600 5157 2712 5218 τοῖς
2751 5151 2974 5220 ἀγαθοῖς
3003 5153 3066 5203 ἐκ
3103 5146 3198 5202 τοῦ
3225 5144 3466 5200 ἐναντίου
3494 5139 3640 5194 νοού-

2073 5268 2230 5323 μενα,
2251 5250 2424 5322 λήγει.
2466 5249 2552 5312 Ὠς
2586 5247 2692 5318 γὰρ
2715 5246 2774 5298 τὸ
2805 5243 2906 5314 τῆς
2938 5241 3082 5313 ζωῆς
3112 5240 3264 5302 τέλος
3301 5235 3444 5308 ἀρχὴ
3481 5232 3641 5287 θανά-

2069 5361 2162 5398 του
2189 5345 2334 5397 ὲστίν
2355 5359 2368 5373 ·
2391 5341 2532 5395 οὕτω
2566 5341 2659 5393 καὶ
2684 5339 2776 5393 τοῦ
2799 5339 2920 5392 κατ’
2939 5335 3138 5407 ἀρετὴν
3165 5333 3366 5404 δρόμου
3398 5329 3433 5398 ή
3456 5325 3643 5387 στάσις
