3766 5988
216 144 309 200 SOI

1515 133 1600 187 DE
1637 131 1801 188 VITA
1839 128 2111 189 MOYSIS.

3370 126 3470 180 503

214 259 351 331 ἀρχὴ
381 254 476 309 τοῦ
509 252 649 307 κατᾶ
669 252 865 306 κακίαν
900 250 1104 320 γίνεται
1147 252 1366 324 δρόμου.
1393 251 1600 307 Οὐκοῦν
1631 253 1691 307 ού
1720 254 1739 307 ε

1963 249 2121 306 nobis
2173 246 2381 302 dit-tum
2414 255 2497 303 est
2554 243 2891 315 impossibile
2914 258 3036 300 esse
3081 242 3469 313 perfectionem

213 349 447 419 εψεύσθη
476 349 503 400 ό
531 346 685 412 λόγος
709 346 862 414 ἡμῖν,
880 343 1158 414 ἀμήχανον
1183 344 1276 398 ἐπὶ
1292 345 1391 416 τῆς
1416 346 1617 417 ἀρετῆς
1652 343 1790 400 εἶναι

212 443 306 511 τὴν
320 440 422 508 τῆς
443 436 781 507 τελειότητος
804 435 1093 507 περίληψιν
1108 435 1281 504 λέγων
1302 452 1314 466 ⁸
1339 437 1549 510 ἐδείχθη
1568 437 1696 506 γοῦν
1712 440 1791 493 ὅτι

156 588 163 593 _
212 533 268 585 τὸ
298 528 800 600 διαλαμϐανόμενον
844 527 1096 598 πέρασιν,
1129 527 1300 598 ἀρετὴ
1321 528 1422 582 ούκ
1448 528 1616 584 ἔστιν.

290 621 449 675 Ἐπεὶ
479 621 537 673 δέ
568 620 664 673 καὶ
699 621 811 682 τοῖς
849 617 1093 688 μετιοῦσι
1137 618 1229 672 τὸν
1270 620 1390 672 κατ’
1418 620 1619 690 ἀρετὴν
1659 620 1791 690 βίον,

210 712 469 767 ἀδύνατον
489 708 627 765 εἶναι
652 704 804 763 εἷπον
833 708 894 762 τὸ
917 708 1171 780 ἐπιϐῆναι
1200 709 1300 779 τῆς
1329 709 1676 781 τελειότητος·
1703 709 1794 763 οὖ-

210 822 316 869 τως
340 806 368 859 6
388 804 548 872 λόγος
564 802 803 873 καὶπερὶ
822 800 1013 854 τούτου
1042 800 1525 871 σαφηνισθήσεται.
1545 801 1619 853 Τδ
1646 800 1796 871 πρώ-

209 914 314 960 τως
339 898 437 949 καὶ
461 894 671 961 κυρίως
706 893 926 962 ἀγαθὸν,
967 886 1029 946 οὗ
1054 893 1090 962 ἡ
1132 890 1293 961 φύσις
1323 890 1595 963 ἀγαθότης
1626 893 1794 958 ἐστὶν,

209 987 340 1041 αὐτὸ
358 985 417 1039 τὸ
429 980 605 1051 Θείον,
623 983 653 1037 ὅ
671 983 724 1037 τί
740 1000 871 1035 ποτε
889 984 957 1053 τῇ
978 981 1135 1052 φύσει
1152 983 1373 1045 νοεῖται,
1391 980 1549 1034 τοῦτο
1565 979 1659 1036 καὶ
1682 979 1796 1034 ἔστι

212 1078 302 1131 καὶ
328 1074 678 1145 ὀνομάζεται.
726 1072 877 1126 Ἐπεί
902 1068 996 1126 οὖν
1019 1071 1195 1134 οὐδεὶς
1239 1071 1442 1142 ἀρετῆς
1469 1071 1615 1142 ὅρος,
1658 1070 1797 1142 πλὴν

211 1170 431 1233 κακίας,
446 1167 683 1238 ἐδείχθη,
696 1164 1070 1236 ἀπαράδεκτον
1087 1162 1144 1216 δὲ
1160 1160 1253 1216 τοῦ
1277 1160 1518 1215 ἐναντίου
1542 1161 1605 1215 τὸ
1620 1161 1793 1215 Θεῖονο

209 1263 463 1334 ἀόριστος
483 1259 590 1330 ἄρα
612 1258 707 1311 καὶ
733 1256 1087 1326 ἀπεράτωτος
1116 1256 1150 1326 ἡ
1180 1254 1301 1307 θεία
1325 1253 1487 1323 φύσις
1520 1253 1798 1324 καταλαμ-

210 1353 452 1405 ϐάνεται.
496 1347 656 1401 Ἀλλά
678 1347 794 1417 μὴν
831 1347 859 1399 6
889 1344 988 1415 τὴν
1020 1342 1196 1413 ἀληθῆ
1226 1341 1427 1413 μετιὼν
1457 1341 1678 1412 ἀρετὴν,
1706 1341 1798 1395 ού-

209 1443 299 1496 δέν
320 1442 510 1513 ἕτερον
539 1437 573 1506 ἢ
599 1436 735 1491 Θεοῦ
768 1436 985 1507 μετέχει
1010 1453 1023 1465 ·
1048 1433 1180 1488 διότι
1213 1433 1376 1497 αὐτός
1415 1435 1560 1486 ἐστιν
1598 1435 1631 1503 ἡ
1663 1450 1799 1487 παν-

207 1532 369 1604 τελὴς
396 1530 589 1602 ἀρετή.
636 1527 790 1581 Ἐπεὶ
817 1522 911 1581 οὖν
935 1526 995 1581 τὸ
1027 1527 1093 1596 τῇ
1121 1524 1281 1595 φύσει
1315 1524 1499 1588 καλὸν,
1527 1524 1799 1595 ἐπιθυμη-

212 1626 303 1678 τὸν
326 1627 405 1688 εἰς
434 1620 726 1694 μτουσίαν
746 1620 960 1684 πάντως
988 1619 1106 1672 ἐστὶ
1134 1620 1247 1682 τοῖς
1265 1616 1611 1686 γινώσκουσι,
1642 1616 1799 1671 τοῦτο

210 1673 562 1786 ἆνόἔντοὺκ
581 1673 589 1674 7
608 1673 722 1783 ἐχει
746 1728 760 1742 ο
809 1673 1247 1779 ἀναγκαίωςκαί
1277 1673 1322 1780 ’ἡ
1347 1708 1443 1763 τοῦ
1485 1673 1801 1780 μετέχοντος
1832 1673 1876 1728 Β

214 1806 485 1876 ἐπιθυμία
509 1805 586 1875 τῷ
615 1803 850 1875 ἀορίστῳ
890 1800 1441 1873 συμπαρατείνουσα,
1477 1800 1664 1855 στάσιν
1703 1801 1804 1854 ούκ

211 1902 348 1971 ἔχει.
408 1897 619 1952 Οὐκοῦν
660 1896 863 1967 ἄπορόν
920 1896 1035 1948 ἐστι
1087 1893 1401 1948 παντάπασι
1458 1892 1551 1947 τοῦ
1595 1892 1803 1946 τελείου

212 1990 432 2058 τυχεῖνο
483 1987 614 2041 διότι
661 1987 696 2057 ἡ
731 1986 1023 2057 τελειότης,
1052 1984 1237 2050 καθὼς
1279 1986 1513 2057 εἴρηται,
1553 1986 1701 2055 ὅροις
1741 1983 1802 2037 ού

211 2078 643 2149 διαλαμϐάνεται
676 2093 691 2108 ν
747 2076 849 2146 τῆς
892 2076 952 2129 δέ
996 2075 1197 2146 ἀρετῆς
1244 2068 1326 2139 εἷς
1374 2075 1500 2145 ὅρος
1546 2074 1685 2138 ἐστὶ,
1744 2072 1805 2125 τὸ

212 2171 488 2240 ἀόριστον.
541 2167 666 2231 Πῶς
711 2161 806 2221 οὖν
853 2165 917 2221 ἀν
953 2182 1037 2229 τις
1078 2166 1170 2220 ἐπὶ
1205 2164 1267 2217 τὸ
1308 2162 1635 2236 ζητούμενον
1670 2163 1805 2233 φθά-

216 2278 330 2315 σειε
372 2261 583 2331 πέρας,
630 2260 731 2330 οὐχ
764 2258 1035 2331 εὑρίσκων
1064 2256 1124 2309 τὸ
1161 2256 1366 2327 πέρας;
1400 2255 1476 2310 Ού
1511 2255 1617 2326 μὴν
1649 2256 1802 2308 ἐπει-

213 2352 282 2421 δὴ
327 2351 557 2406 καθόλου
596 2350 658 2403 τὸ
703 2349 1033 2419 ζητούμενον
1068 2347 1304 2418 ἄληπτον
1335 2349 1363 2400 6
1391 2346 1549 2415 λόγος
1592 2345 1804 2399 ὑπέδει-

215 2443 341 2510 ξεν,
372 2440 675 2512 ἀμελητέον
705 2440 771 2495 ἂν
806 2439 893 2510 εἴη
932 2440 1031 2509 τῆς
1072 2439 1295 2509 ἐντολῆς
1332 2438 1424 2492 τοῦ
1471 2438 1710 2509 Κυρίου.
1765 2436 1802 2508 ἦ

217 2552 353 2604 φησι
376 2551 391 2564 ·
447 2554 465 2585 ι
490 2533 709 2588 Γίνεσθε
748 2532 965 2595 τέλειοι,
999 2533 1074 2595 ὡς
1124 2534 1153 2585 6
1187 2531 1374 2602 [ἰατὴρ
1399 2529 1552 2602 ὑμῶν
1642 2528 1804 2600 οὐρά-

215 2644 329 2689 νιος
352 2625 560 2689 τέλειός
589 2627 754 2678 ἐστιν.
782 2643 800 2675 ι
851 2622 975 2676 Ἐπὶ
1005 2623 1113 2696 γὰρ
1144 2622 1252 2677 τῶν
1279 2622 1438 2690 φύσει
1465 2621 1666 2686 καλῶν,
1700 2620 1803 2676 κᾶν

218 2718 297 2787 μὴ
332 2715 430 2770 τοῦ
465 2714 667 2779 παντὸς
696 2717 876 2785 τυχεῖν
906 2713 1127 2767 δυνατὸν
1157 2711 1216 2788 ᾖ,
1260 2712 1322 2765 τὸ
1355 2711 1450 2766 καὶ
1481 2711 1556 2783 μὴ
1584 2710 1676 2764 τοῦ
1708 2709 1804 2781 μέ-

218 2824 351 2878 ρους
404 2808 714 2877 ἀποτυχεῖν,
763 2805 954 2877 κέρδος
997 2804 1063 2859 ἂν
1115 2804 1201 2875 εἴη
1248 2802 1390 2873 μέγα
1434 2804 1546 2865 τοῖς
1578 2818 1642 2870 γε
1679 2800 1803 2879 νοῦν

213 2899 426 2968 έχουσι.
450 2899 639 2952 Πᾶσαν
658 2899 836 2950 τοίνυν
849 2895 1178 2955 ἐπιδεικτέον
1207 2892 1461 2964 σπουδὴν,
1499 2890 1573 2963 μὴ
1604 2882 1803 2945 παντε-

1897 354 1961 395 ac
1991 340 2152 395 ﬁnem
2200 337 2418 391 virtutis
2473 335 2986 406 comprehendere:
3037 334 3470 390 demonstratum

1894 430 2039 486 enim
2070 428 2182 501 jam
2212 437 2317 493 est,
2363 427 2507 499 quod
2555 426 2722 482 nullis
2742 426 2918 482 virtus
2944 426 3193 483 terminis
3224 428 3473 483 contine-

1898 527 2011 575 llﬂ'.

1963 608 2121 665 Nunc
2170 620 2349 666 autem
2415 611 2646 666 alterum
2685 610 2871 675 etiam,
2922 608 3068 681 quod
3110 608 3320 664 scilicet
3358 610 3473 663 im-

1896 701 2159 773 possibile
2205 703 2277 757 sit
2312 702 2415 767 eis,
2471 704 2564 773 qui
2595 717 2721 757 cum
2754 702 2957 758 virtute
2997 702 3208 767 vivunt,
3247 702 3314 756 ad
3350 716 3476 772 per-

1898 793 2188 849 fectionem
2237 794 2511 865 ﬁnemque
2557 796 2779 851 virtutis
2829 795 3135 866 pervenire,
3179 794 3337 849 nobis
3377 809 3476 849 ex-

1898 887 2231 957 planandum
2264 886 2501 942 videtur.
2541 886 2783 941 Primum
2821 886 2989 957 igitur
3017 900 3082 940 ac
3120 885 3342 956 proprie
3371 885 3473 941 bo-

1896 993 2053 1043 num,
2107 977 2267 1048 cujus
2298 985 2496 1033 natura
2544 979 2759 1033 bonitas
2789 985 2896 1043 est,
2930 976 3093 1043 Deus,
3148 976 3293 1041 dico,
3333 977 3471 1047 ipse,

1897 1070 2268 1140 quodcunque
2318 1078 2516 1124 natura
2561 1084 2683 1124 esse
2731 1068 3074 1139 intelligitur,
3132 1067 3367 1137 idipsum
3420 1078 3477 1122 et

1896 1169 2002 1225 est,
2056 1169 2113 1217 et
2163 1169 2550 1232 nuncupatur:
2607 1176 2730 1232 quae
2774 1160 2994 1231 quidem
3044 1159 3227 1214 divina
3281 1167 3476 1214 natura

1899 1252 2188 1320 (quoniam
2224 1253 2411 1307 nullus
2465 1253 2686 1308 virtutis
2727 1252 2994 1307 terminus
3038 1259 3237 1322 praeter
3285 1252 3477 1306 vitium

1897 1352 2002 1407 est,
2039 1352 2101 1397 ut
2142 1342 2254 1412 jam
2306 1343 2615 1399 rationibus
2659 1343 3157 1413 comprobavimus,
3209 1341 3479 1399 Divinitas

1897 1434 2041 1489 enim
2071 1436 2404 1489 contrarium
2441 1436 2719 1506 suscipere
2746 1450 2854 1489 non
2888 1438 3087 1505 potest)
3127 1435 3479 1489 interminata

1899 1533 1983 1582 est
2011 1541 2075 1582 ac
2103 1526 2336 1581 inﬁnita.
2376 1526 2446 1582 At
2477 1543 2606 1583 vero
2629 1529 2722 1598 qui
2751 1544 2862 1582 non
2904 1527 3179 1593 simulate,
3222 1527 3318 1583 sed
3354 1543 3479 1582 vere

1899 1618 2161 1673 virtutem
2208 1619 2482 1689 sequitur,
2537 1618 2669 1685 Deo,
2705 1620 2796 1689 qui
2850 1617 3093 1687 perfecta
3141 1619 3319 1675 virtus
3371 1612 3505 1683 est,‘

1904 1709 2322 1780 participatione
2368 1708 2743 1780 conjungitur.
2792 1708 2936 1764 Deus
2969 1718 3147 1764 autem
3178 1711 3477 1764 terminum

1904 1815 2014 1856 non
2064 1800 2247 1855 habet.
2283 1798 2466 1866 Quare
2510 1815 2635 1854 cum
2676 1799 2797 1870 ejus
2847 1801 2990 1871 quod
3034 1806 3230 1853 natura
3270 1800 3475 1854 bonum

1902 1905 2007 1958 est,
2053 1892 2279 1948 omnino
2324 1892 2620 1963 participes
2647 1908 2771 1947 esse
2818 1892 3149 1957 desiderent,
3200 1892 3291 1962 qui
3334 1892 3471 1946 illud

1902 1990 2205 2045 noverunt,
2252 1998 2482 2039 necesse
2509 1990 2616 2048 est,
2666 1983 3044 2054 participantis
3076 1999 3296 2053 quoque
3327 1983 3477 2039 desi-

1901 2075 2139 2140 derium,
2161 2090 2285 2130 cum
2306 2074 2376 2129 ad
2396 2075 2807 2131 interminatum
2830 2075 3213 2147 inﬁnitumque
3235 2078 3477 2148 seipsum

1901 2164 2178 2230 extendat,
2199 2166 2411 2220 nullum
2424 2165 2621 2220 habeat
2653 2166 2881 2232 exitum,
2931 2182 3039 2236 quo
3053 2181 3270 2222 cessare
3284 2168 3477 2236 possit.

1902 2254 2049 2322 Quas
2078 2256 2150 2311 ob
2188 2256 2350 2312 ressi
2392 2256 2561 2311 nullis
2602 2257 2726 2311 vitae
2758 2258 3026 2326 perfectio
3057 2258 3309 2312 terminis
3342 2272 3479 2311 con-

1901 2347 2127 2413 tinetur,
2160 2346 2208 2402 si
2235 2346 2459 2402 virtutis
2480 2346 2541 2401 id
2571 2347 2750 2417 ipsum
2776 2348 3045 2403 terminus
3066 2357 3171 2413 est,
3211 2349 3358 2418 quod
3393 2347 3478 2401 in-

1901 2440 2193 2495 terminata
2217 2438 2308 2503 sit,
2334 2438 2673 2509 impossibile
2695 2440 2919 2494 omnino
2948 2448 3054 2505 est,
3088 2441 3162 2494 ita
3186 2439 3480 2509 perfectio-

1902 2547 2027 2587 nem
2065 2532 2209 2587 hanc
2237 2539 2333 2587 aut
2375 2546 2434 2587 re
2462 2532 2752 2602 consequi,
2799 2541 2895 2586 aut
2921 2532 3104 2589 verbis
3139 2532 3381 2601 assequi,
3421 2539 3480 2585 ut

1901 2622 1970 2677 ad
2001 2623 2197 2678 altiora
2257 2622 2402 2678 ullus
2456 2637 2722 2678 ascensus
2784 2623 3147 2693 relinquatur.
3194 2621 3479 2688 Quomodo

1903 2713 2070 2784 igitur
2102 2714 2169 2768 ad
2230 2712 2396 2769 ﬁnem
2428 2714 2718 2784 quaesitum
2784 2714 3055 2784 quispiam
3114 2721 3479 2784 perventurus

1899 2813 2003 2869 est,
2035 2819 2162 2860 cum
2189 2803 2314 2859 ﬁnis
2340 2805 2524 2859 nullus
2551 2804 2911 2860 inveniatur?
2947 2804 3065 2859 Non
3096 2814 3303 2869 tamen,
3336 2820 3480 2874 quo-

1901 2897 2050 2949 niam
2113 2895 2260 2966 quod
2299 2897 2564 2967 quaeritur
2612 2897 2818 2951 exitum
2868 2911 2979 2951 non
3036 2897 3217 2972 habet,
3273 2896 3482 2952 idcirco

213 2989 324 3053 λῶς
354 2990 610 3041 ἐκπεσεῖν
636 2988 737 3058 τῆς
773 2986 1126 3057 ἐνδεχομένης
1153 2984 1488 3055 τελειότητος
1507 3002 1521 3015 ο
1547 2982 1683 3036 ἀλλὰ
1711 3000 1739 3035 τ

1963 2996 2232 3060 receptum
2264 2988 2397 3044 illud
2420 2988 2637 3043 Domini
2668 2990 3075 3061 negligendum,
3108 3005 3218 3060 quo
3241 2989 3480 3045 dicitur:

218 3082 412 3136 σοῦτσν
442 3082 538 3134 ἀπ’
559 3080 731 3151 αὐτῆς
754 3078 1083 3151 κτήσασθαι,
1116 3077 1239 3131 ὅσον
1257 3077 1323 3130 ἂν
1348 3076 1475 3129 ίδείν
1498 3075 1592 3129 τοῦ
1614 3074 1805 3146 ζητου-

218 3172 384 3243 μένου
412 3171 770 3241 χωρήσωμεν.
805 3168 959 3239 Τάχα
994 3167 1101 3239 γὰρ
1127 3166 1190 3219 τὸ
1216 3165 1388 3229 οὕτως
1417 3164 1582 3235 ἔχειν,
1610 3164 1685 3227 ὡς
1719 3163 1807 3217 ἀεὶ

219 3262 399 3315 θέλειν
424 3263 483 3313 ἐν
510 3260 589 3330 τῷ
616 3259 765 3330 καλῷ
791 3259 855 3313 τὸ
886 3260 1046 3314 πλέον
1075 3259 1241 3329 ἔχειν,
1273 3260 1306 3329 ὴ
1334 3258 1434 3327 τῆς
1462 3258 1807 3330 ἀνθρωπίνης

218 3354 438 3423 φύσεως
468 3351 742 3421 τελειότης
773 3351 910 3407 ἐστί.
964 3352 1121 3404 Δοκεῖ
1152 3351 1209 3404 δέ
1243 3367 1331 3421 μοι
1360 3350 1539 3415 καλῶς
1566 3350 1711 3422 ἔχειν
1739 3353 1807 3422 τῇ

222 3444 418 3513 Γραφῇ
447 3442 581 3512 περὶ
623 3441 814 3494 τούτου
852 3440 1138 3511 συμϐούλῳ
1170 3438 1496 3511 χρήσασθαι.
1538 3441 1675 3509 Φησὶ
1699 3441 1808 3513 γάρ

223 3550 328 3585 ⁴που
352 3530 445 3585 διὰ
471 3532 573 3601 τῆς
605 3530 830 3585 Ἦσαῖου
856 3531 1192 3601 προφητείας
1219 3532 1252 3601 ή
1286 3529 1405 3583 θεία
1430 3530 1607 3601 φωνή’
1628 3550 1645 3582 ι
1678 3532 1809 3601 Ἐμ-

278 3624 459 3693 ιέψατε
496 3624 577 3685 είς
606 3621 858 3694 ’Δὸραάμ
878 3622 969 3675 τὸν
999 3620 1213 3690 πατέρα
1236 3620 1411 3690 ὑμῶν,
1445 3622 1540 3675 καὶ
1571 3623 1651 3684 είς
1666 3621 1810 3693 Σάρ-

228 3720 327 3786 ραν
342 3714 442 3785 τὴν
465 3713 762 3768 ὠδίνουσαν
786 3714 984 3784 ὑμᾶς.»
1008 3711 1193 3765 Ταῦτα
1225 3712 1333 3782 γὰρ
1362 3712 1578 3776 πάντως
1606 3714 1634 3765 6
1654 3712 1810 3779 λόγος

225 3809 338 3870 τοῖς
374 3805 483 3872 ἔξω
508 3804 610 3874 τῆς
639 3805 839 3876 ἀρετῆς
868 3803 1238 3875 πλανωμένοις
1273 3803 1669 3868 διακελεύεται,
1698 3803 1808 3868 ἵνα,

230 3898 483 3968 καθάπερ
510 3898 561 3949 οἱ
589 3898 648 3949 ἐν
667 3895 893 3964 πελάγει
922 3896 1021 3967 τῆς
1049 3896 1264 3961 εὐθείας
1293 3895 1388 3949 τοῦ
1420 3895 1637 3965 λιμένος
1666 3911 1809 3966 παρ-

228 3988 567 4059 ενεχθέντες,
594 3987 737 4041 κατὰ
771 3987 832 4040 τὸ
864 3987 1031 4055 φανὲν
1069 3989 1293 4057 σημεῖον
1319 3987 1420 4057 τῆς
1444 3985 1654 4058 πλάνης
1685 3987 1812 4040 ἐαυ-

229 4083 353 4144 ccio;
376 4078 765 4147 ἐπανάγουσιν,
792 4077 827 4149 ἦ
862 4077 1069 4149 πυρσὸν
1109 4078 1308 4141 ἰδόντες
1335 4078 1443 4131 ἀπὸ
1469 4077 1633 4146 ὕψους
1659 4078 1812 4148 αίρό-

234 4188 396 4241 μενον
416 4210 434 4235 ,
474 4169 509 4240 ἢ
560 4156 802 4241 κορυφήν
846 4186 993 4232 τινος
1051 4167 1361 4240 ἀκρωρείας
1411 4170 1809 4238 ἀναφανεῖσαν,

232 4262 321 4315 τὸν
357 4260 524 4314 αὑτὸν
568 4259 768 4331 τρόπον
802 4259 930 4322 τοὺς
955 4258 1313 4330 ἀκυσερνήτῳ
1345 4261 1410 4330 τῇ
1434 4258 1645 4331 διανοίᾳ
1670 4259 1814 4312 κατὰ

1914 3098 1933 3131 ‹
1950 3076 2181 3134 Perfecti
2204 3086 2400 3147 estote,
2449 3080 2592 3136 sicut
2614 3087 2668 3136 et
2706 3079 2868 3136 Pater
2890 3094 3072 3137 vester
3092 3081 3336 3136 caelestis
3362 3096 3484 3151 per-

1908 3168 2083 3225 fectus
2113 3179 2199 3227 est
2223 3172 2320 3225 ¹¹.›
2358 3170 2494 3226 Nam
2538 3172 2643 3227 etsi
2679 3179 2851 3227 totum
2900 3173 3164 3243 consequi
3217 3188 3481 3242 nequeas,

1908 3270 2095 3317 tamen
2136 3262 2197 3316 in
2233 3262 2395 3319 rebus
2429 3263 2709 3329 omnibus,
2761 3278 2880 3332 quae
2930 3273 3124 3318 natura
3148 3262 3306 3318 bonae
3332 3269 3482 3326 sunt,

1908 3365 2019 3406 non
2050 3366 2279 3422 parvum
2321 3359 2408 3408 est
2434 3352 2668 3407 lucrum‘
2691 3351 2821 3422 (nisi
2855 3352 3115 3423 desipias)
3154 3353 3238 3408 vel
3271 3360 3485 3422 partem

1908 3455 2097 3498 earum
2150 3442 2390 3513 aliquam
2441 3443 2727 3513 consequl.
2780 3441 2953 3498 Omne
3002 3444 3170 3513 igitur
3214 3445 3483 3509 studium,

1909 3546 2124 3588 omnem
2159 3524 2371 3599 curam,
2422 3531 2766 3602 diligentiam
2813 3532 3048 3601 denique
3076 3547 3295 3588 omnem
3325 3532 3487 3586 adhi-

1908 3622 2158 3687 beamus,
2192 3637 2261 3677 ne
2300 3623 2370 3676 ab
2390 3635 2454 3676 ca
2481 3608 2816 3691 perfeetione
2839 3622 3178 3686 decidamus,
3215 3623 3283 3676 ad
3316 3640 3484 3693 quam

1908 3714 2196 3785 pervenire
2220 3712 2485 3784 possibile
2508 3713 2580 3768 sit
2605 3731 2617 3766 :
2654 3720 2977 3783 tantumque
3005 3714 3177 3783 ipsius
3202 3715 3488 3785 possidea-

1910 3821 2058 3871 mus,
2103 3813 2367 3874 quantum
2400 3819 2597 3874 capere
2630 3820 2948 3875 possumus.
2986 3807 3067 3859 Ita
3112 3807 3260 3861 enim
3294 3822 3355 3863 se
3389 3806 3487 3860 ha-

1912 3897 2063 3962 bere,
2097 3904 2156 3951 ut
2181 3895 2248 3950 ad
2278 3896 2538 3951 ulteriora
2572 3912 2788 3966 semper
2818 3896 2874 3950 in
2904 3896 3107 3953 virtute
3134 3912 3199 3952 ac
3222 3897 3367 3952 bono
3396 3913 3490 3952 ve-

1911 3987 1981 4042 lis
2026 3988 2340 4051 ascendere,
2401 3986 2455 4041 id
2507 3986 2686 4057 ipsum
2740 3986 2926 4043 forsan
2968 3988 3224 4043 humanae
3278 3995 3490 4043 natura:

1913 4077 2175 4150 perfectio
2201 4085 2305 4134 est.
2339 4076 2449 4133 Sed
2479 4087 2630 4134 recte
2656 4078 2742 4150 (ut
2766 4079 2900 4133 mihi
2922 4080 3162 4149 videtur)
3191 4079 3488 4144 faciemus,

1914 4171 1962 4227 si
1994 4170 2097 4225 hac
2134 4178 2323 4225 nostra
2351 4169 2405 4223 in
2430 4170 2735 4240 quaestione
2756 4184 2926 4225 sacra:
2949 4169 3245 4239 Scriptum
3270 4177 3492 4224 utamur

1915 4261 2169 4317 consilio.
2190 4259 2293 4315 Per
2319 4262 2638 4332 prophetam
2658 4262 2828 4332 igitur
2848 4261 3041 4316 Isaiam
3068 4260 3251 4314 divina
3268 4276 3371 4316 vox
3387 4262 3492 4315 cla-

234 4352 326 4422 τὴν
355 4350 456 4404 τοῦ
491 4350 608 4421 βίου
652 4349 927 4404 θάλασσαν
970 4350 1376 4421 πλανωμένους,
1406 4348 1486 4420 τῷ
1532 4350 1674 4404 κατὰ
1715 4367 1739 4403 τ

1963 4359 2066 4404 lat:
2115 4370 2133 4403 ‹
2154 4349 2426 4421 Respicite
2449 4352 2503 4405 in
2532 4352 2805 4407 Abraham
2827 4359 3033 4423 patrem
3056 4360 3321 4417 vestrum,
3348 4361 3401 4407 ει
3433 4354 3492 4407 in

235 4444 452 4514 Σάρραν
482 4443 578 4495 καὶ
617 4441 867 4512 ’Δϐραάμ
911 4441 1267 4512 ὑποδείγματι
1311 4441 1474 4495 πάλιν
1510 4440 1814 4513 κατευθύνῃ

236 4539 368 4608 πρὸς
392 4536 487 4587 τὸν
534 4534 727 4604 λιμένα
769 4534 862 4587 τοῦ
894 4534 1040 4588 θείου
1076 4534 1399 4604 θελήματος.
1458 4533 1677 4603 Ἐπειδὴ
1707 4532 1819 4604 γὰρ

238 4630 369 4699 πρὶς
410 4628 474 4681 τὸ
507 4626 643 4697 θῆλύ
671 4643 732 4679 τε
766 4626 860 4680 καὶ
882 4626 1051 4699 apem
1081 4628 1114 4697 ὴ
1140 4625 1459 4697 ἀνθρωπίνη
1493 4626 1819 4697 μεμέρισται

240 4721 416 4790 φύσις,
464 4719 563 4773 καὶ
593 4720 923 4791 ἀμφοτέροις
956 4717 1152 4788 ἐπίσης
1180 4718 1300 4770 κατ’
1346 4716 1595 4784 ἐξουσίαν
1625 4718 1657 4788 ἡ
1684 4716 1821 4788 πρὸς

240 4811 441 4885 ἀρετὴν
472 4811 571 4864 καὶ
597 4810 795 4863 κακίαν
811 4811 1020 4881 αἵρεσις
1042 4811 1328 4880 πρόκειται
1349 4826 1363 4839 ⁸
1395 4809 1484 4862 διὰ
1515 4808 1672 4863 τοῦτο
1695 4810 1824 4863 ἐκα-

240 4904 380 4975 τέρῳ
416 4904 674 4975 τμήματι
707 4902 770 4956 τὸ
802 4901 1135 4972 κατάλληλον
1165 4901 1269 4972 τῆς
1292 4902 1494 4973 ἀρετῆς
1520 4903 1826 4973 ὑπόδειγμα

242 4997 389 5068 παρά
409 4997 511 5066 τῆς
542 4995 693 5058 θείας
721 4993 1038 5065 προεδείχθη
1073 4994 1277 5064 φωνῆς,
1316 4994 1403 5049 ἵνα
1430 4994 1564 5065 πρὸς
1592 4994 1653 5047 τὸ
1695 5010 1827 5062 συγ-

240 5089 395 5155 γενὲς
428 5088 680 5157 ἑκάτεροι
719 5085 1029 5155 βλέποντες,
1071 5084 1207 5157 πρὸς
1254 5086 1353 5155 μὲν
1374 5086 1464 5138 τὸν
1505 5085 1750 5157 ’Δὸραάμ
1773 5086 1823 5139 οί

242 5177 454 5250 ἄνδρες,
487 5180 626 5250 πρὸς
658 5180 715 5232 δὲ
744 5178 842 5247 τὴν
872 5177 1089 5248 Σάρραν
1116 5178 1178 5231 τὸ
1204 5177 1391 5248 ἓτερον
1428 5176 1609 5249 μέρος,
1641 5178 1823 5247 ἀμφό-

243 5288 389 5343 τεροι
414 5272 505 5325 διὰ
552 5271 662 5324 τῶν
704 5270 922 5323 οίκείων
965 5269 1374 5340 ὑποδειγμάτων
1412 5270 1545 5339 πρὸς
1576 5270 1667 5322 τὸν
1701 5271 1821 5322 κατ’

243 5361 446 5433 ἀρετὴν
468 5360 585 5431 βίον
611 5360 987 5415 διευθύνοιντο.
1038 5359 1196 5423 Ἴσως
1223 5360 1269 5412 δ’
1310 5360 1377 5415 ἂν
1396 5360 1573 5415 τοίνυν
1598 5359 1824 5431 ἐξαρκέ-

320 5558 362 5593 ¹⁸
401 5556 595 5615 Matth.
631 5560 804 5623 v.18.
888 5560 932 5590 ¹¹
964 5556 1069 5615 lsa.
1102 5572 1175 5623 ιι,
1206 5557 1262 5613 2.

1918 4440 2109 4496 Saram
2127 4458 2248 4512 qua:
2266 4458 2361 4498 vos
2380 4446 2588 4513 peperit
2613 4446 2674 4501 ".
2692 4464 2708 4494 ι
2743 4444 2870 4499 Haec
2886 4445 3031 4499 enim
3048 4445 3266 4501 divinus
3288 4461 3491 4511 sermo,

1918 4548 2027 4587 non
2047 4533 2113 4588 iis
2131 4534 2225 4604 qui
2248 4535 2303 4588 in
2323 4536 2521 4590 virtute
2539 4546 2881 4606 permanent,
2902 4538 2995 4591 sed
3032 4538 3098 4592 iis
3119 4539 3211 4607 qui
3242 4552 3272 4592 a
3293 4540 3494 4593 virtute

1919 4621 2197 4687 aberrant,
2218 4624 2481 4694 pmipit.
2499 4622 2569 4678 Ut
2582 4626 3038 4695 quemadmodum
3056 4627 3148 4695 qui
3171 4634 3495 4697 tempestate

1920 4728 1986 4769 ac
2008 4713 2059 4768 vi
2079 4723 2366 4769 ventorum
2390 4717 2547 4787 longe
2565 4731 2595 4770 a
2618 4724 2763 4773 recta
2794 4717 3159 4788 navigationis
3176 4733 3289 4773 suae
3316 4719 3402 4772 via
3439 4720 3495 4773 in

1920 4807 2145 4879 pelagus
2161 4809 2337 4865 exacti
2359 4816 2508 4874 sunt,
2522 4809 2566 4865 si
2581 4810 2662 4866 vel
2680 4810 2881 4881 ignem,
2902 4810 2986 4864 vel
3005 4824 3268 4864 cacumen
3290 4810 3498 4866 montis
3584 4863 3587 4866 .

1923 4902 2333 4971 prospexerint,
2386 4901 2549 4958 facile
2592 4918 2652 4959 se
2703 4904 2773 4957 ab
2800 4917 2989 4958 errore
3030 4902 3290 4956 intutum
3333 4902 3496 4957 redna

1925 4992 2529 5063 cunt:sicquicuuque
2571 4992 2739 5063 hujus
2766 4994 2886 5048 vitae
2919 4992 3174 5047 ﬂuctibus
3225 4994 3495 5063 oppressi,

1931 5098 1960 5137 a
1985 5084 2185 5138 virtute
2213 5085 2490 5149 aberrant,
2518 5087 2769 5155 exemplo
2794 5086 3019 5140 Abrahae
3043 5100 3107 5139 ac
3137 5085 3307 5150 Sarac,
3338 5086 3497 5155 quasi

1931 5176 2165 5246 quodam
2198 5177 2590 5249 gubernaculo,
2615 5179 2683 5232 ad
2722 5179 2920 5232 divinae
2950 5179 3246 5234 voluntatis
3282 5186 3501 5249 portum

1929 5274 2278 5322 revocantur.
2330 5267 2408 5321 Ac
2457 5267 2584 5323 ideo
2614 5268 2872 5337 qucniam
2910 5269 2965 5322 in
3003 5269 3307 5325 masculum
3339 5277 3392 5324 et
3420 5268 3499 5322 fe-

1928 5359 2134 5414 minam
2168 5367 2367 5416 natura
2399 5360 2638 5416 humana
2672 5360 2851 5415 divisa
2880 5369 2985 5430 est,
3027 5369 3082 5418 et
3110 5362 3329 5435 utrique
3356 5361 3505 5434 pariv-
