3794 6000
356 138 462 194 506
1595 137 1652 190 S.
1692 137 1921 194 GREGO

2056 137 2345 194 NYSSENI
3494 137 3592 194 3M

353 263 438 306 ter
475 252 644 304 libera
700 256 810 304 tam
854 251 918 304 ad
954 253 1232 316 virtutem,
1281 268 1442 322 quam
1481 253 1545 306 ad
1579 253 1769 306 vitium
1803 268 1926 323 pro-

2039 271 2092 307 σε
2104 273 2145 307 ιε
2180 255 2271 306 καὶ
2299 256 2425 323 ἡμῖν
2451 252 2564 314 ἑνός
2591 267 2730 312 τινος
2754 249 2860 303 τῶν
2883 251 3020 303 κατὰ
3049 251 3137 302 τὸν
3165 249 3279 319 βίον
3308 250 3592 318 εὐδοκίμων

352 345 533 414 posita
557 351 642 396 est
674 343 900 396 electio:
942 343 1148 396 idcirco
1178 342 1508 398 conveniens
1544 343 1762 413 utrique
1787 345 1926 412 parti

2031 349 2062 416 ἡ
2091 348 2274 416 μνήμη
2309 347 2406 414 τὴν
2436 343 2529 397 τοῦ
2565 343 2768 413 πυρσοῦ
2793 341 2978 411 χρείαν
3009 340 3316 409 πληρῶσαι,
3351 342 3443 392 καὶ
3473 343 3594 394 ὑπο.

354 452 383 488 a
417 432 603 488 divina
634 448 766 487 voce
807 433 1147 502 propositum
1185 441 1270 488 est
1294 433 1624 504 exemplum,
1651 433 1718 487 ad
1750 434 1926 487 Abra-

2031 436 2218 501 δεῖξαι,
2249 434 2367 495 πῶς
2399 435 2514 485 ἐστι
2544 431 2766 484 δυνατὸν
2795 431 2872 499 τῷ
2898 429 3148 498 ἀκλύστῳ
3173 430 3272 499 τῆς
3297 429 3493 498 ἀρετῆς
3521 431 3592 483 λι-

356 527 480 580 ham
510 532 564 579 et
597 523 788 577 Saram
821 524 1114 592 respicere,
1150 533 1206 576 ut
1237 525 1340 576 viri
1366 538 1396 577 a
1426 524 1566 587 viro,
1600 532 1654 578 et
1674 524 1926 578 mulieres

2035 525 2152 594 μένι
2182 524 2278 592 τὴν
2320 523 2496 592 ψυχὴν
2541 519 2892 592 καθορμίσαι,
2935 517 3181 589 μηδαμοῦ
3217 522 3334 580 ταῖς
3365 517 3455 571 τοῦ
3486 519 3592 586 βίου

361 633 391 670 a
428 617 657 670 muliere
698 616 916 684 propria
962 615 1264 683 idoneaque
1317 622 1527 668 natura:
1569 616 1926 685 suscipientes

2031 615 2218 680 ζάλαις
2255 611 2742 683 ἐγχειμασθείσαν,
2791 609 2925 679 μηδέ
2957 609 3096 662 κατά
3131 609 3228 671 τὰς
3276 609 3593 679 ἐπαλλήλους

363 707 629 775 exempla,
658 705 872 760 lucilius
903 719 1031 758 suos
1055 705 1119 758 ad
1147 706 1399 758 virtutem
1424 706 1659 775 dirigant
1680 721 1921 776 gressus.

360 800 539 865 Quare
569 798 612 852 si
647 813 747 851 nos
780 811 997 865 quoque
1029 797 1191 850 unius
1215 798 1426 866 probati
1457 797 1621 851 vitam
1653 797 1707 850 in
1738 812 1923 852 exem-

2032 706 2144 759 τῶν
2178 704 2363 758 παθῶν
2385 702 2679 774 τρικυμίας
2697 701 2776 770 τῷ
2801 700 2945 770 βυθῷ
2971 700 3068 770 τὴς
3082 700 3274 762 κακίας
3306 701 3593 768 ἐνναυαγή-

2034 814 2224 850 σασαν.

357 896 502 965 plum
531 891 943 960 sumpserimus,
986 890 1234 954 sulliciet,
1277 901 1336 945 ut
1380 893 1447 947 sit
1475 901 1734 961 tanquam
1768 907 1800 945 e
1827 892 2044 960 specula
2087 891 2170 943 fax
2209 889 2504 959 aﬂulgens,
2553 899 2607 943 et
2646 888 2896 944 ostendat
2930 886 3201 958 quomodo
3249 884 3363 944 ﬁeri
3409 884 3592 954 possit.

354 995 409 1038 ut
444 985 541 1038 hos
575 983 696 1036 vitae
719 980 917 1036 ﬂuctus
967 981 1171 1050 absque
1209 980 1492 1052 naufragio
1541 997 1882 1052 superemus,
1918 983 2263 1053 animamque
2308 989 2550 1035 nostram
2592 981 3058 1049 perturbationum
3101 975 3260 1032 undis
3301 976 3592 1032 obsessam.

353 1073 406 1125 in
438 1071 551 1124 vitii
582 1069 816 1139 demergi
852 1068 1121 1138 profundo
1148 1070 1370 1125 minime
1399 1072 1661 1134 sinamus,
1697 1071 1791 1126 sed
1829 1072 1884 1125 in
1923 1072 2256 1126 tutissimum
2291 1071 2506 1124 virtutis
2546 1080 2759 1138 portum
2792 1069 3146 1124 deducamus.

421 1158 631 1213 Idcirco
661 1159 806 1212 enim
855 1157 1184 1212 credendum
1222 1169 1299 1215 est
1339 1161 1916 1231 praestantissimorum

2093 1162 2245 1231 Τάχα
2286 1161 2394 1230 γὰρ
2445 1161 2539 1214 καὶ
2578 1160 2765 1213 τούτου
2803 1160 2959 1230 χάριν
3003 1162 3036 1229 ἡ
3072 1158 3178 1212 τῶν
3216 1156 3433 1228 ὑψηλῶν
3463 1157 3595 1210 ἐκεί-

357 1250 593 1303 virorum
639 1247 782 1300 vitas
832 1247 1263 1316 exquisitissime
1307 1250 1662 1319 perscriptas,
1696 1259 1756 1304 ut
1809 1251 1920 1305 vita

2031 1271 2126 1307 νων
2158 1253 2399 1306 πολιτεία
2423 1252 2488 1305 δι’
2521 1251 2804 1322 ἀκριϐείας
2833 1252 3109 1322 ἱστόρηται
3129 1292 3144 1316 ,
3183 1249 3257 1312 ὡς
3288 1250 3354 1302 ἂν
3384 1249 3473 1302 διὰ
3505 1249 3595 1318 τῆς

353 1349 540 1394 nostra
569 1337 872 1394 imitatione
897 1340 965 1393 ad
995 1339 1248 1395 virtutem
1282 1355 1344 1395 ac
1370 1341 1572 1395 bonum
1603 1341 1809 1396 rectius
1829 1342 1922 1396 de-

351 1433 600 1486 ducatur.
622 1430 726 1486 Sed
755 1431 899 1486 dicet
925 1431 1194 1502 quispiam
1227 1450 1236 1481 :
1261 1431 1541 1497 Quomodo
1565 1435 1609 1490 si
1637 1451 1734 1489 nec
1759 1435 1922 1489 Chal-

356 1517 507 1577 dzeu's
539 1538 657 1578 sum
691 1536 812 1591 ego,
840 1530 900 1576 ut
927 1523 994 1577 de
1017 1523 1288 1578 Abraham
1313 1525 1590 1590 scribitur,
1623 1541 1722 1580 nec
1751 1526 1923 1579 alum-

289 1612 310 1624 “
353 1632 458 1671 nus
499 1616 642 1686 regis
669 1613 915 1685 Egyptii
963 1614 1108 1679 tiliae,
1137 1624 1195 1669 ut
1225 1616 1290 1671 de
1325 1615 1505 1687 Moyse
1538 1617 1815 1687 Scriptura
1835 1625 1918 1671 te-

355 1717 554 1771 statur,
610 1722 712 1762 nec
746 1708 980 1777 denique
1029 1723 1154 1762 cum
1207 1707 1510 1778 priscorum
1556 1709 1740 1778 aliquo
1788 1707 1921 1761 mihi

355 1796 653 1868 quidquam
705 1813 995 1852 commune
1021 1798 1111 1860 sit,
1143 1797 1373 1868 alicujus
1403 1812 1588 1854 eorum
1618 1805 1808 1873 potero
1842 1798 1924 1851 vi-

353 1901 462 1944 tam
495 1888 797 1958 consequi:
829 1903 954 1943 cum
982 1888 1119 1942 nihil
1140 1888 1388 1953 habeam,
1415 1903 1525 1959 quo
1555 1889 1758 1958 possim
1789 1887 1924 1942 adeo

365 1979 592 2034 diversa:
618 1979 738 2033 vitae
761 1993 821 2033 ac
843 1994 1054 2034 morum
1071 1979 1334 2049 longeque
1349 1979 1577 2034 aliorum
1601 1979 1924 2034 saeculorum

354 2071 629 2126 hominem
665 2071 912 2125 imitari?
944 2072 1056 2127 Nos
1084 2086 1214 2127 vero
1241 2071 1714 2142 respondebimus,
1747 2087 1926 2142 neque

355 2163 420 2217 ad
469 2162 681 2226 vitium,
719 2178 894 2232 neque
943 2163 1010 2217 ad
1053 2163 1310 2217 virtutem
1346 2164 1639 2233 pertinere,
1684 2167 1730 2221 si
1761 2165 1926 2219 Chal-

355 2254 506 2314 daeus
535 2253 659 2322 quis
688 2253 795 2308 sit:
838 2268 937 2308 nec
967 2255 1014 2309 si
1066 2254 1121 2308 in
1156 2253 1389 2325 Egypto
1417 2255 1580 2315 vivat.
1619 2264 1713 2310 aut
1742 2256 1796 2310 in
1823 2255 1928 2310 Ba-

355 2345 551 2414 bylone
599 2353 867 2407 versetur,
911 2342 1034 2398 ideo
1063 2358 1094 2397 a
1125 2351 1271 2397 recta
1303 2343 1522 2399 virtutis
1561 2345 1672 2399 vita
1703 2344 1929 2413 expelli-

357 2445 481 2501 tur;
510 2449 611 2490 nec
641 2436 785 2490 enim
835 2435 889 2489 in
913 2433 1100 2490 Iudaea
1131 2436 1334 2501 solum,
1369 2443 1427 2489 ut
1455 2436 1752 2504 quondam,
1789 2436 1928 2490 Deus

356 2525 707 2595 cognoscitur
738 2524 811 2576 "2
853 2539 1028 2593 neque
1053 2524 1204 2586 Sion,
1242 2531 1301 2577 ut
1339 2524 1519 2578 littera
1550 2539 1748 2578 sonare
1786 2523 1927 2578 vide-

353 2625 465 2682 tur,
492 2625 574 2672 est
596 2613 689 2670 Dei
718 2615 1078 2678 domicilium,
1112 2615 1206 2670 sed
1235 2615 1494 2671 subtilius
1522 2622 1686 2686 atque
1712 2615 1926 2670 acutius

356 2708 516 2762 nobis
569 2705 969 2776 inspiciendum
1003 2714 1107 2769 est,
1166 2713 1227 2759 ut
1257 2705 1543 2760 videamus
1595 2720 1734 2774 quos
1765 2705 1928 2759 Chal-

356 2799 525 2860 daeos,
557 2804 650 2850 aut
697 2810 834 2865 quos
862 2793 1153 2865 [Egyptios
1201 2792 1488 2860 fugiendos
1519 2791 1797 2861 Scriptura
1829 2806 1927 2860 per

358 2889 643 2943 historiam
698 2886 973 2948 admonet,
1027 2892 1080 2939 et
1110 2899 1219 2955 qua
1268 2882 1563 2954 Babylonis
1607 2882 1926 2952 captivitate

357 2977 571 3032 liberati
621 2975 688 3030 ad
746 2975 1137 3032 beatitudinem
1191 2973 1411 3028 tandem
1465 2972 1919 3028 conscendamus.

360 3068 508 3134 Quas
541 3067 613 3121 ob
645 3082 734 3120 res
764 3065 975 3135 Moyses
1010 3066 1102 3119 ille
1127 3065 1182 3118 in
1208 3065 1512 3134 exemplum
1541 3064 1698 3119 nobis
1729 3078 1927 3133 propo-

360 3164 547 3218 natur.
577 3155 735 3224 cujus
783 3156 945 3210 vitam
998 3154 1044 3209 si
1076 3155 1229 3224 prius
1265 3153 1426 3224 (sicut
1467 3170 1495 3208 a
1531 3155 1732 3210 divinis
1773 3155 1926 3210 libris

363 3247 682 3317 didicimus)
717 3247 949 3302 breviter
977 3260 1385 3316 percurramus,
1418 3245 1498 3300 sic
1531 3245 1746 3299 demum
1795 3261 1927 3300 con-

361 3351 682 3398 sentaneum
733 3340 974 3394 historite
1020 3353 1240 3394 sensum
1300 3337 1770 3407 investigabimus,
1817 3351 1928 3406 quo

362 3431 654 3504 perfectam
689 3431 971 3486 hominum
1027 3429 1194 3483 vitam
1239 3426 1456 3483 facilius
1509 3443 1924 3498 cognoscemus.

337 3525 636 3580 .Scribitur
688 3521 922 3594 igitur"
972 3519 1213 3592 Moysen,
1267 3520 1486 3589 quando
1533 3518 1772 3590 Egyptii
1812 3519 1930 3590 lege

335 3613 599 3685 tyranni,
632 3611 859 3666 masculi
890 3609 1236 3666 Hebraeorum
1274 3608 1528 3662 inl‘antuli
1565 3608 1747 3662 vivere
1777 3615 1928 3663 veta-

362 3707 578 3767 bantur,
618 3711 749 3757 tuuc
787 3702 842 3756 in
873 3703 1048 3756 lucem
1087 3701 1292 3755 editum
1330 3700 1520 3763 fuisse,
1561 3713 1722 3768 quem
1752 3699 1928 3767 gratia

357 3794 592 3863 quadam
621 3792 802 3846 statim
834 3790 903 3843 ab
929 3789 1276 3844 incunabulis
1307 3789 1507 3843 scitum
1533 3803 1598 3842 ac
1627 3789 1928 3857 elegantem

363 3899 488 3939 cum
540 3881 805 3936 vidissent
857 3886 1131 3947 parentes,
1187 3879 1382 3944 majori
1433 3879 1613 3933 studio
1663 3879 1834 3934 fuisse
1870 3886 1930 3933 ut

361 3976 529 4030 vitam
571 3973 621 4028 ei
655 3977 1070 4034 conservarent,
1113 3977 1360 4022 conatos.
1405 3969 1608 4023 Deinde
1665 3984 1789 4023 cum
1850 3979 1931 4039 ty-

362 4063 518 4118 ranni
558 4062 717 4116 mina
754 4060 1183 4131 praevaluissent,
1213 4073 1322 4112 non
1374 4066 1574 4114 temere
1628 4059 1684 4113 in
1727 4059 1929 4115 ﬂuenta

360 4154 465 4210 Nili
497 4153 818 4225 projectum,
870 4150 964 4207 sed
1003 4151 1060 4203 in
1091 4148 1276 4202 arcula
1307 4149 1543 4218 quadam
1574 4151 1925 4216 collocatum,

2018 1345 2130 1397 τῶν
2160 1343 2706 1416 προκατωρθωκὸτων
2729 1344 3010 1413 μιμήσεως
3039 1343 3068 1394 ὁ
3101 1341 3292 1410 ἐφεξῆς
3328 1340 3443 1410 βίος
3471 1339 3596 1409 πρὸς
3621 1414 3623 1416 η

2023 1436 2084 1488 τὸ
2137 1435 2340 1503 ἀγαθὸν
2387 1433 2762 1488 ἀπευθύνοιτο.
2813 1435 2878 1485 Τί
2917 1430 3031 1497 οὖν,
3071 1434 3185 1503 ἐρεῖ
3223 1449 3327 1495 τις,
3377 1433 3427 1483 εί
3467 1433 3593 1501 μήτε

2025 1528 2290 1591 Χαλδαῖος
2328 1528 2458 1595 ἐγὼ,
2479 1527 2668 1596 ὥσπερ
2688 1529 2716 1579 ὁ
2744 1526 2993 1598 Ἀϐραὰμ.
3030 1525 3442 1596 μνημονεύεται,
3468 1527 3593 1596 μήτε

2023 1619 2120 1688 τῆς
2150 1618 2420 1689 θυγατρὸς
2457 1617 2550 1670 τοῦ
2598 1617 2891 1685 Αἰγυπτίου
2941 1617 3221 1686 τρόφιμος,
3259 1616 3332 1678 ὡς
3356 1615 3594 1686 περὶτοῦ

2023 1710 2302 1772 Μωῦσέως
2327 1710 2355 1761 ὁ
2383 1710 2539 1777 λόγος
2573 1709 2812 1779 κατέχει,
2849 1708 3092 1779 μηδόλως
3123 1709 3181 1760 ἐν
3212 1711 3321 1772 τοῖς
3345 1709 3595 1771 τοιούτοις

2025 1803 2161 1872 πρὸς
2189 1803 2308 1855 τινὰ
2328 1803 2435 1855 τῶν
2465 1801 2706 1872 ἀρχαίων
2729 1801 2865 1871 ἔχων
2894 1819 2946 1854 τι
2977 1801 3118 1853 κατὰ
3137 1801 3228 1853 τὸν
3258 1801 3367 1870 βίον
3405 1801 3594 1854 κατάλ-

2025 1895 2184 1966 ληλον
2211 1914 2222 1926 ·
2265 1895 2383 1959 πῶς
2419 1897 2499 1959 είς
2530 1896 2627 1966 τὴν
2655 1895 2822 1966 αὑτὴν
2846 1894 2998 1960 τάξιν
3023 1896 3103 1947 ἐνὶ
3131 1893 3334 1947 τούτων
3366 1893 3596 1964 ἐμαυτὸν

2027 1990 2374 2059 καταστήσω,
2421 1988 2495 2058 μὴ
2540 1988 2678 2058 ἔχων
2716 1989 2862 2049 ὅπως
2899 1987 2990 2040 τὸν
3029 1985 3278 2039 τοσοῦτον
3312 1986 3596 2054 ἁφεστῶτδ

2025 2079 2115 2134 διὰ
2146 2079 2253 2132 τῶν
2286 2079 2730 2149 ἐπιτηδευμάτων
2770 2080 3126 2148 μιμήσωμαι;
3181 2077 3323 2148 Πρὸς
3353 2077 3412 2129 ὃν
3447 2076 3593 2146 ἐροῦ-

2030 2187 2151 2240 μεν,
2173 2170 2254 2222 ὂτι
2286 2168 2411 2222 οὔτε
2434 2167 2510 2238 τῷ
2529 2167 2792 2221 Χαλδαῖον
2810 2161 2948 2219 εἶναι
2975 2166 3172 2219 κακίαν
3201 2167 3233 2236 ἢ
3265 2166 3465 2236 ἀρετὴν
3492 2165 3598 2235 κρί-

2027 2278 2189 2332 νομεν
2209 2278 2222 2292 ο
2256 2259 2379 2314 οὗτε
2400 2263 2466 2330 τῇ
2499 2261 2556 2312 ἐν
2579 2258 2835 2328 Αἰγύπτῳ
2853 2257 2987 2328 ζωῇ,
3011 2256 3133 2310 οὔτε
3158 2259 3221 2328 τῇ
3253 2259 3308 2308 ἐν
3325 2257 3596 2309 Βαϐυλῶνι

2026 2351 2294 2422 διατριϐῇ,
2343 2350 2434 2404 τοῦ
2477 2350 2590 2420 βίου
2616 2367 2698 2412 τις
2731 2348 2823 2403 τοῦ
2864 2348 2984 2402 κατ’
3018 2348 3214 2418 ἀρετὴν
3239 2347 3593 2412 ἐξοικίξεται·

2027 2445 2136 2496 οὐδ’
2168 2438 2233 2497 αὖ
2271 2441 2432 2496 πάλιν
2460 2442 2518 2494 ἐν
2545 2443 2611 2511 τῇ
2648 2441 2876 2509 Ἰουδαίᾳ
2904 2438 3112 2509 [μόνον]
3143 2439 3378 2506 γνωστὸς
3422 2441 3451 2491 ὁ
3474 2438 3596 2498 Θεὸς

2026 2537 2138 2596 τοῖς
2160 2532 2332 2597 ἀξίοις
2359 2533 2569 2600 γίνεται
2595 2547 2608 2560 ·
2643 2531 2762 2584 οὑδὲ
2811 2529 2970 2592 Σιὼν,
3010 2529 3150 2582 κατά
3174 2528 3272 2599 τὴν
3313 2528 3596 2598 πρόχειρον

2027 2626 2255 2691 ἔννοιαν,
2274 2624 2336 2678 τὸ
2365 2623 2506 2676 θεῖόν
2537 2624 2682 2675 ἐστιν
2706 2623 3012 2691 οἰκητήριον
3032 2637 3045 2650 ο
3073 2619 3210 2674 ἀλλά
3240 2637 3382 2682 τινος
3418 2621 3597 2673 λεπτο-

2026 2715 2189 2786 τέρας
2205 2717 2334 2784 ἡμῖν
2355 2712 2512 2784 χρεία
2526 2713 2624 2782 τῆς
2636 2712 2888 2776 διανοίας,
2903 2711 2994 2764 καὶ
3012 2709 3272 2782 ὀξυτέρας
3289 2713 3388 2782 τῆς
3405 2711 3594 2781 ὄψεως,

2027 2807 2102 2869 ὡς
2125 2806 2304 2859 διῖδείν
2335 2806 2399 2858 ἐκ
2440 2803 2536 2874 τῆς
2564 2802 2822 2873 ἱστορίας,
2860 2802 3028 2856 ποίων
3057 2803 3339 2857 Χαλδαίων
3372 2804 3406 2872 ἦ
3435 2805 3594 2870 Αἰγυ-

1953 2923 1996 2980 c
2031 2898 2200 2952 πτίων
2266 2897 2454 2968 πόρρω
2516 2896 2825 2966 γενόμενοι,
2875 2896 2970 2950 καὶ
3041 2893 3199 2958 ποίας
3251 2894 3598 2949 Βαϐυλωνίων

2028 2988 2401 3059 αἰχμαλωσίας
2429 2987 2809 3049 ἀπολυθέντες,
2840 2985 2931 3039 τοῦ
2965 2986 3308 3057 μακαριστοῦ
3338 2985 3456 3055 βίου
3485 2988 3596 3038 ἐπι-

2027 3077 2323 3148 ϐησόμεθα.
2373 3076 2612 3145 Μωῦσῆς
2656 3075 2834 3129 τοίνυν
2865 3077 2996 3146 ἡμῖν
3036 3077 3116 3138 είς
3148 3075 3450 3145 ὑπόδειγμα
3488 3075 3598 3144 βίου

2027 3169 2344 3240 προτεθήτω
2372 3167 2447 3238 τῷ
2466 3169 2609 3239 λόγῳ
2631 3185 2643 3198 ο
2671 3161 2732 3221 οὗ
2764 3168 2852 3220 τὸν
2877 3168 2988 3237 βίον
3012 3166 3226 3237 πρῶτον
3254 3167 3311 3219 ἐν
3335 3168 3598 3238 ἐπιδρομῇ

2027 3259 2342 3324 διελθόντες,
2375 3258 2554 3322 καθὼς
2591 3258 2741 3330 παρὰ
2772 3258 2872 3327 τῆς
2903 3257 3052 3320 θείας
3073 3258 3251 3328 φωνῆς
3285 3258 3601 3328 μεμαθήκα-

2031 3369 2151 3422 μεν,
2175 3350 2317 3404 οῦτω
2337 3350 2435 3421 τὴν
2462 3351 2769 3421 πρόσφορον
2789 3353 2854 3420 τῇ
2881 3350 3089 3421 ἱστορίᾳ
3114 3348 3350 3402 διάνοιαν
3373 3351 3455 3412 εἰς
3475 3351 3602 3420 ἀρε-

2029 3441 2128 3510 τῆς
2161 3439 2440 3510 ὑποθήκην
2474 3439 2917 3509 ἀναζητήσομεν,
2958 3438 3025 3491 δι’
3060 3432 3126 3510 ἧς
3160 3439 3250 3491 τὸν
3280 3439 3484 3492 τέλειον
3529 3438 3601 3500 ὡς

2029 3532 2086 3584 ἐν
2112 3530 2414 3602 ἀνθρώποις
2465 3530 2576 3600 βίον
2607 3530 3037 3600 ἐπιγνωσόμεθα.
3069 3530 3301 3597 Λέγεται
3351 3529 3531 3583 τοίνυν
3572 3529 3600 3580 ὁ

2029 3623 2267 3693 Μωῦσῆς
2315 3623 2570 3692 τεχθῆναι
2626 3621 2746 3690 μὲν,
2799 3622 2889 3673 ὅτε
2927 3620 3308 3688 ζωογονεῖσθαι
3333 3620 3394 3673 τὸ
3438 3621 3600 3691 ἀρῤεν

2030 3715 2087 3765 ἐν
2131 3717 2240 3776 τοῖς
2275 3714 2612 3783 τικτομένοις
2647 3715 2676 3766 ὁ
2704 3711 2797 3765 τοῦ
2830 3711 3092 3783 τυράννου
3132 3713 3293 3782 νόμος
3319 3711 3597 3772 διεκώλυε,

2031 3805 2318 3876 προλαϐεῖν
2348 3805 2404 3857 δὲ
2439 3807 2502 3874 τῇ
2554 3805 2736 3875 χάριτι
2781 3804 2959 3856 πᾶσαν
3001 3803 3098 3874 τὴν
3130 3803 3229 3856 ἀπὶ
3283 3802 3375 3856 τοῦ
3408 3803 3598 3873 χρόνου

2031 3895 2320 3965 γινομένην
2358 3896 2740 3966 συνεισφοράν·
2782 3894 2877 3948 καὶ
2919 3893 3079 3956 εὐθὺς
3124 3893 3230 3947 ἀπὸ
3275 3894 3598 3962 σπαργάνων

2031 3985 2247 4047 ἀστεῖος
2271 3985 2476 4052 ὀφθεὶς,
2517 3985 2672 4038 ὄκνον
2700 3985 2992 4055 ἐμποιῆσαι
3018 3986 3129 4046 τοῖς
3157 3984 3596 4054 γεννησαμένοις.

2033 4072 2246 4140 θανάτῳ
2277 4073 2366 4125 τὸν
2396 4073 2630 4126 τοιοῦτον
2663 4073 2999 4144 ἐξαφανίσαι.
3033 4067 3148 4125 Εἶθ’
3174 4072 3248 4136 ὡς
3275 4073 3599 4143 ὑπερίσχυεν

2032 4163 2286 4234 ἡάπειλὴ
2343 4163 2432 4216 τοῦ
2465 4165 2765 4236 τυράννου,
2825 4163 2898 4234 μὴ
2946 4163 3130 4227 ἁπλῶς
3180 4164 3468 4235 ἐῤῥιφῆναι
3522 4164 3599 4232 τῷ

360 4249 518 4318 cujus
548 4250 703 4301 rima:
737 4245 1002 4300 bitumine
1028 4258 1093 4297 ac
1135 4243 1253 4313 pice
1278 4243 1424 4296 illita:
1456 4241 1692 4307 fuerant,
1724 4243 1797 4298 ita
1831 4242 1926 4297 llu-

2037 4253 2235 4325 ρείθρῳ
2286 4254 2377 4308 τοῦ
2421 4256 2644 4320 Νείλου,
2708 4256 2822 4310 ἀλλ’
2880 4255 3160 4310 ἐντεθέντα
3210 4254 3424 4324 κιϐωτῷ
3471 4271 3597 4318 τινι,

363 4339 496 4394 mini
524 4337 854 4408 expositum,
889 4336 1182 4406 divinaque
1227 4333 1506 4388 voluntate
1534 4348 1653 4387 eam
1686 4334 1926 4390 arculam

2036 4347 2294 4417 ἀσφάλτῳ
2318 4348 2409 4402 καὶ
2437 4349 2604 4422 πίσσῃ
2629 4348 2770 4401 κατά
2796 4347 2891 4410 τὰς
2920 4348 3184 4418 ἁρμονίας
3207 4346 3594 4419 διαχρισθείσῃ,

362 4437 584 4500 regente
625 4427 692 4481 ad
721 4442 840 4482 eam
887 4427 1058 4496 ripam
1112 4425 1290 4480 amnis
1318 4425 1620 4480 verticibus
1665 4440 1926 4496 aquarum

2031 4437 2170 4490 οὑτω
2190 4438 2404 4509 δοθῆναι
2429 4439 2506 4509 τῷ
2537 4439 2764 4510 ῥεύματι
2784 4439 2960 4508 (τοῦτο
2983 4439 3091 4508 γὰρ
3115 4440 3164 4491 oi
3194 4439 3261 4492 δι’
3289 4437 3598 4509 ἐπιμελείας

361 4523 614 4592 ejectam,
655 4533 762 4588 qua
797 4518 941 4587 regis
983 4526 1115 4572 tunc
1145 4517 1250 4571 [ilia
1279 4517 1419 4571 forte
1460 4517 1820 4586 spatiabatur.
1853 4517 1926 4572 Ita

2031 4529 2099 4582 τὰ
2123 4531 2242 4583 κατ’
2287 4531 2445 4583 αὐτὸν
2499 4533 2877 4602 ἱστορήσαντες
2928 4529 3278 4602 διηγήσαντο)
3304 4545 3318 4559 ο
3366 4529 3513 4591 θείας
3541 4527 3598 4579 δέ

363 4628 488 4668 cum
532 4611 770 4666 infantili
810 4609 992 4679 vagitu
1029 4626 1086 4665 se
1115 4609 1352 4680 prodens
1392 4618 1640 4680 repertus
1665 4618 1829 4676 esset,
1861 4611 1926 4666 ob

2031 4639 2175 4685 τινος
2201 4622 2482 4692 δυνάμεως
2526 4622 2624 4692 τὴν
2665 4621 2892 4674 κιϐωτὸν
2941 4620 3309 4691 κυϐερνώσης,
3359 4618 3450 4670 ἐπί
3480 4633 3599 4669 τινα

362 4703 610 4775 gratiam,
653 4716 770 4771 qua:
805 4700 859 4752 in
900 4714 966 4753 eo
1005 4701 1322 4770 apparebat,
1362 4710 1416 4756 et
1447 4701 1682 4769 speciem
1713 4702 1926 4771 aregis

2035 4714 2174 4767 κατὰ
2201 4713 2262 4766 τὸ
2286 4714 2511 4780 πλάγιον
2533 4713 2698 4784 ὄχθην
2721 4711 3130 4784 ἐξορμισθῆναι,
3162 4710 3481 4780 αὐτομάτως
3504 4710 3601 4778 τῆς

371 4797 479 4851 lilia
499 4795 754 4858 dilectus,
777 4792 832 4846 in
858 4790 1026 4844 ﬁlium
1051 4790 1151 4844 fuit
1177 4791 1489 4860 adoptatus.
1516 4789 1716 4846 Verum
1739 4800 1932 4847 natura

367 4887 602 4957 quadam
657 4885 820 4938 insita
867 4882 1220 4935 mammillam
1267 4882 1583 4953 alienigenae
1624 4884 1932 4951 fastidiens,

367 4979 599 5032 consilio
629 4974 916 5045 cujusdam
955 4987 1022 5027 ex
1070 4971 1410 5041 propinquis,
1464 4989 1494 5028 a
1536 4977 1756 5044 propria
1792 4992 1932 5031 enu-

366 5072 530 5122 tritur
563 5076 802 5136 parente.
852 5065 987 5118 Cum
1015 5076 1141 5116 vero
1178 5063 1233 5114 in
1281 5062 1429 5132 regia
1453 5063 1798 5129 educatione,
1835 5067 1934 5121 do-

364 5162 648 5227 ctriuaque
686 5155 932 5212 saculari
966 5170 1030 5208 ex
1075 5153 1298 5222 ephebis
1322 5153 1434 5223 jam
1472 5163 1617 5211 esset
1657 5172 1931 5227 egressus,

367 5252 634 5321 inglorius
666 5251 862 5319 degere
900 5245 1042 5316 apud
1079 5261 1208 5301 suos
1239 5247 1518 5313 maluisse,
1553 5263 1718 5318 quam
1749 5249 1930 5304 ﬁctam

367 5341 536 5404 illam,
570 5339 726 5408 cujus
759 5338 1048 5407 adoptatus
1075 5335 1128 5391 in
1161 5336 1327 5392 tilium
1353 5346 1493 5403 erat,
1547 5348 1774 5396 matrem
1802 5357 1930 5412 pro-

437 5513 479 5543 ”
510 5514 655 5571 Psal.
687 5529 848 5581 Lxxv,
885 5513 932 5567 l.
1012 5516 1054 5546 ¹δ
1088 5515 1254 5570 Exod.
1288 5531 1347 5579 ιι,
1373 5515 1406 5567 2
1429 5531 1552 5585 sqq.

2034 4803 2265 4858 κιϐωτοῦ
2296 4805 2413 4858 κατ’
2435 4805 2610 4856 ἐκεῖνο
2637 4803 2696 4856 τὸ
2728 4803 2888 4874 μέρος
2923 4801 3025 4855 ὑπὸ
3052 4805 3150 4873 τῆς
3177 4802 3345 4872 φορᾶς
3377 4800 3482 4852 τῶν
3504 4817 3600 4851 κυ-

2040 4898 2223 4965 μάτων
2258 4895 2714 4965 ἐκκυμανθείσης.
2763 4895 2875 4965 Τῆς
2915 4895 2970 4947 δὲ
3010 4893 3278 4964 θυγατρὸς
3309 4891 3403 4944 τοῦ
3451 4890 3601 4960 βασι-

2035 4984 2172 5046 λέως
2215 4985 2474 5054 ἐπιούσης
2509 4983 2650 5036 κατὰ
2680 4983 2803 5045 τοὺς
2832 4981 3101 5052 λειμῶνας
3143 4983 3242 5051 τῆς
3267 4979 3430 5049 ὄχθης
3455 4979 3600 5032 ἐκεί-

2037 5093 2153 5146 νης,
2256 5075 2443 5144 ἔτυχεν
2473 5077 2505 5145 ἡ
2549 5075 2776 5137 κιϐωτὸς
2811 5073 3175 5138 ἐπωκείλασα,
3210 5071 3418 5142 εῦρεμα
3445 5069 3600 5137 γενέ-

2039 5165 2160 5219 σθαι
2196 5167 2260 5235 τῇ
2307 5165 2556 5236 βασιλίδι,
2599 5165 2872 5236 βρεφικῶς
2918 5163 3191 5235 ἐμϐοήσας
3228 5166 3293 5234 τῇ
3335 5163 3597 5232 λάρνακι·

2037 5255 2217 5324 ὀφθεὶς
2263 5257 2318 5310 δὲ
2370 5258 2507 5327 μετὰ
2555 5258 2651 5328 τῆς
2699 5257 3118 5327 ἐπιφαινομένης
3170 5254 3316 5323 αὑτῷ
3361 5254 3598 5324 χάριτος.

2074 5347 2191 5366 ’Δεῖ
2232 5350 2267 5366 ,9

2036 5346 2195 5410 εὐθὺς
2222 5347 2602 5402 οἰκειώσασθαι
2631 5348 2695 5401 δι’
2727 5349 2940 5411 εὐνοίας
2972 5349 3070 5419 τὴν
3104 5346 3366 5417 βασιλίδα,
3400 5342 3492 5398 καὶ
3522 5344 3601 5404 είς
