3766 5988
303 219 415 274 307

1546 217 1604 275 S.
1638 213 1965 273 GREGOBII
2004 209 2295 268 NYSSENI

3448 200 3562 261 308

305 348 521 405 quoque
546 333 602 388 in
623 333 745 389 sinu
765 336 1066 400 recondita,
1103 333 1158 389 in
1188 333 1330 389 nivis
1359 333 1650 389 candorem
1683 334 1792 388 imn

2071 329 2383 399 »πάγματα
2418 324 2480 378 'H
2510 324 2568 379 δὲ
2608 326 2771 394 πεῖρα
2793 319 2864 395 ῆν
2911 322 3050 393 αὕτη
3071 340 3087 356 ο
3113 315 3346 383 Ῥάϐδος
3385 322 3558 373 ἐκπε-

306 434 469 487 tatnr,
503 432 557 480 et
591 425 786 480 iterum
817 425 870 479 in
903 425 1152 480 eumdem
1187 425 1368 480 sinum
1395 425 1638 480 immissa
1669 425 1723 478 in
1763 425 1876 494 pri-

303 516 504 570 stinam
541 514 700 569 rediit
737 521 1007 569 naturam.
1048 514 1416 571 Descendente
1452 523 1631 570 autem
1666 515 1784 584 ipso
1820 516 1872 568 in

304 605 620 676 Egyptnm,
657 605 1066 676 adducenteque
1114 621 1298 662 secum
1345 621 1570 660 uxorem
1615 606 1873 675 alienige-

303 714 450 762 nam,
484 705 536 750 et
577 697 778 752 liberos
815 697 918 751 sibi
960 697 1029 752 ab
1061 712 1124 752 ea
1169 704 1354 760 natos,
1399 697 1622 767 angelus
1659 697 1873 750 obviam

304 788 479 843 factus
513 788 760 844 timorem
795 789 988 844 mortis
1021 789 1269 844 intulisse
1303 786 1513 844 fertur:
1551 802 1709 858 quem
1750 803 1872 840 mu-

301 879 401 933 iier
449 878 886 934 circumcisionis
939 877 1032 932 ﬁlii
1089 877 1354 948 sanguine
1406 877 1564 933 facile
1619 877 1870 947 placavit.

302 966 455 1023 Tunc
490 968 670 1022 Aaron
711 981 928 1037 quoque
968 959 1136 1022 frater
1172 967 1290 1036 ejus
1337 967 1596 1022 divinitus
1635 968 1873 1022 monitus

299 1060 513 1114 obviam
545 1060 764 1130 prodiit,
787 1069 840 1113 et
857 1059 1013 1129 paulo
1042 1066 1165 1130 post
1186 1059 1241 1112 in
1263 1058 1581 1113 concionem
1614 1057 1682 1113 ab
1710 1058 1877 1114 utris-

300 1166 408 1220 que
449 1152 683 1220 populus
741 1147 1030 1220 Egyptius
1075 1157 1436 1216 convocatur,
1487 1148 1712 1205 libertas
1759 1156 1871 1203 tam

300 1238 571 1294 laboriosa
604 1240 865 1296 servitute
897 1241 1174 1310 oppressis
1202 1241 1542 1311 proponitur.
1582 1239 1717 1294 Cum
1753 1240 1873 1310 ipso

299 1343 516 1400 quoque
535 1338 766 1401 tyranno
781 1332 881 1386 hac
893 1331 961 1388 de
975 1348 1033 1388 re
1053 1332 1368 1403 loquuntur.
1383 1331 1632 1389 lrritatus
1648 1333 1737 1388 ille
1755 1348 1839 1388 ma
1850 1364 1870 1375 -

299 1421 383 1489 gis
413 1435 576 1491 quam
611 1431 756 1487 ante,
791 1433 914 1478 cum
954 1423 1008 1481 in
1041 1438 1138 1481 eos
1171 1426 1264 1496 qui
1298 1432 1567 1496 praeerant
1594 1427 1869 1495 operibus,

299 1519 416 1564 tum
440 1513 494 1565 in
518 1512 666 1582 ipsos
685 1511 976 1582 lsraelitas,
995 1523 1154 1586 auget
1178 1515 1234 1570 in
1253 1516 1535 1586 portandis
1555 1516 1872 1574 imbricibus

297 1604 788 1674 pensum,imperat
801 1604 1106 1671 duriora,ut
1124 1621 1229 1661 non
1249 1607 1423 1661 solum
1441 1607 1574 1670 luto,
1589 1606 1682 1662 sed
1703 1607 1872 1677 paleis

298 1694 627 1764 stipulisque
646 1695 963 1764 colligendis
985 1697 1165 1752 afilicti
1187 1696 1356 1754 Judaei
1379 1700 1784 1771 epntabescant.
1803 1701 1871 1753 At

298 1798 427 1838 vero
441 1783 654 1840 Pharao
677 1785 750 1857 (id
774 1788 917 1842 enim
946 1803 1143 1843 nomen
1177 1796 1294 1844 erat
1314 1789 1567 1862 tyranno)
1610 1791 1871 1848 divinitus

300 1875 460 1931 factis
478 1877 755 1932 miraculis
776 1891 840 1932 ac
869 1878 1039 1946 signis
1056 1881 1310 1935 resistere
1330 1882 1649 1947 conabatur,
1678 1882 1745 1938 ad
1768 1883 1871 1938 hoc

297 1981 580 2037 magorum
611 1983 746 2022 usus
774 1969 1082 2040 praestigiis.
1114 1969 1408 2041 Postquam
1437 1979 1620 2027 autem
1649 1972 1702 2026 in
1734 1987 1871 2043 pra:-

298 2057 474 2112 sentia
503 2052 881 2128 Egyptiorum
909 2060 1116 2131 virgam
1139 2075 1295 2116 suam
1324 2061 1379 2115 in
1411 2070 1719 2133 serpentem
1748 2065 1870 2117 ani-

300 2153 506 2200 masset
531 2145 762 2217 Moyses,
796 2146 936 2202 idem
963 2163 1181 2218 quoque
1213 2149 1330 2204 suis
1350 2151 1405 2204 in
1432 2150 1598 2221 virgis
1621 2166 1680 2207 se
1704 2151 1873 2206 factu-

299 2252 392 2292 ros
420 2237 802 2294 existimabant
831 2236 990 2310 Magi.
1022 2237 1128 2293 Sed
1161 2238 1427 2294 fallaciam
1456 2239 1746 2298 eliicacitas
1780 2258 1867 2298 re-

297 2329 531 2399 darguit,
549 2329 674 2383 dum
703 2345 926 2400 serpens
944 2345 1008 2382 ex
1029 2329 1228 2400 Moysis
1249 2329 1398 2400 virga
1421 2344 1737 2396 conversus,
1754 2347 1870 2387 ma-

296 2421 416 2492 gica
450 2422 613 2490 ligna,
648 2429 925 2489 serpentes
963 2420 1170 2474 scilicet
1203 2421 1556 2484 comedendo,
1588 2421 1789 2475 nullam
1812 2424 1872 2476 in

295 2513 418 2568 aliis
437 2528 559 2568 esse
581 2512 686 2566 vim
706 2510 774 2564 ad
808 2510 1226 2579 propulsandam
1266 2509 1544 2578 iniuriam,
1575 2518 1667 2564 aut
1700 2512 1864 2567 vitam

294 2603 526 2657 dandam
547 2600 803 2662 ostendit,
823 2604 1018 2668 praeter
1034 2599 1267 2668 speciem
1287 2613 1448 2667 quam
1466 2599 1640 2656 oculis
1653 2615 1862 2656 eorum.

292 2695 387 2764 qui
417 2693 576 2748 facile
600 2690 774 2761 decipi
799 2696 1068 2760 poterant,
1099 2689 1383 2760 praestigiae
1409 2687 1686 2760 Magorum
1709 2692 1866 2747 exhi-

1977 419 2145 472 σοῦσα
2170 418 2270 488 τῆς
2296 417 2494 487 χειρὸς,
2535 413 2807 485 ἐψυχώθη,
2845 415 2938 467 καὶ
2967 413 3106 478 ζῶον
3146 411 3362 480 ἐγένετο
3406 408 3560 479 (δρά-

1975 527 2087 564 κων
2123 511 2180 564 δὲ
2207 510 2268 563 τὸ
2297 509 2434 572 ζῶον
2468 504 2560 580 ἦν)
2582 526 2598 542 ⁶
2633 510 2726 563 καὶ
2762 506 2922 562 πάλιν
2949 504 3054 558 ὑπὸ
3089 503 3190 574 τῆς
3216 502 3398 572 χειρὸς
3425 503 3560 556 ἀνα-

1973 601 2256 673 ληφθεῖσα,
2281 602 2418 672 ὅπερ
2441 597 2509 672 ἦν
2545 601 2653 672 πρὸ
2710 600 2809 670 τῆς
2852 596 3188 668 θηριώσεως,
3220 596 3398 648 ἐκεῖνο
3435 592 3558 662 ἐγέ-

1973 709 2114 746 νετο.
2149 693 2258 747 Καὶ
2309 695 2342 762 ἡ
2373 691 2471 763 τῆς
2500 691 2680 762 χειρὸς
2715 689 3027 759 ἐπιφάνεια,
3061 685 3156 741 νῦν
3183 687 3281 757 μὲν
3313 685 3558 757 προϐλη-

1975 792 2128 846 θεῖσα
2157 791 2250 845 τοῦ
2280 790 2502 853 κόλπου,
2535 790 2615 852 είς
2635 789 2810 858 χιόνος
2852 784 3182 863 μετεπιήθη
3213 783 3520 854 λευκότητα
3540 823 3555 844 ,

1973 880 2136 934 πάλιν
2153 879 2211 933 δὲ
2229 878 2361 932 εἴσω
2384 877 2476 932 τοῦ
2500 877 2664 931 αὐτοῦ
2684 875 2969 946 γενομένη,
2993 875 3087 926 ἐπὶ
3110 872 3208 943 τὴν
3234 872 3368 925 ίδίαν
3389 874 3558 925 ἐπαν-

1973 973 2190 1044 έρχεται
2215 969 2393 1040 φύσιν.
2418 969 2711 1031 Κατιόντος
2733 966 2789 1019 δὲ
2806 963 2897 1018 τοῦ
2917 964 3159 1042 Μωσέως
3173 962 3265 1014 ἐπὶ
3277 960 3378 1030 τὴν
3389 960 3558 1027 Αἴγυ-

1971 1079 2127 1127 πτον,
2157 1060 2252 1115 καὶ
2278 1075 2547 1128 συνεπαγο
2553 1058 2714 1130 μένου
2726 1055 2822 1128 τὴν
2842 1054 3086 1126 γαμετὴν
3110 1053 3208 1123 τὴν
3229 1050 3554 1118 ἀλλόφυλον,

1973 1153 2066 1207 καὶ
2089 1153 2216 1217 τοὺς
2241 1152 2338 1206 ἀπ’
2369 1150 2585 1222 ἐκείνης
2618 1147 2767 1219 αύτῷ
2793 1145 3084 1216 γεγονότας
3113 1143 3329 1207 παῖδας,
3349 1145 3441 1196 ὅτε
3469 1159 3557 1204 τις

1972 1243 2069 1296 καὶ
2097 1242 2327 1312 ἄγγελος
2353 1239 2501 1310 αὐτῷ
2529 1237 2857 1307 συναντῆσαι
2901 1235 3136 1304 λέγεται,
3175 1234 3266 1287 τὸν
3289 1232 3422 1302 περὶ
3460 1231 3556 1284 τοῦ

1972 1331 2203 1387 θανάτου
2251 1331 2413 1401 φόϐον
2473 1331 2714 1398 ἐπάγων,
2769 1325 2829 1382 ὃν
2867 1326 2903 1396 ἡ
2958 1323 3096 1395 γυνὴ
3124 1320 3205 1393 τῷ
3226 1321 3424 1393 αἵματι
3457 1321 3558 1391 τῆς

1971 1423 2272 1494 περιτομῆς
2299 1420 2393 1474 τοῦ
2423 1420 2612 1482 παιδὸς
2635 1418 2893 1471 ίλεὼσατο
2914 1432 2928 1446 ·
2958 1415 3083 1468 τότε
3115 1413 3378 1483 συντυχία
3403 1411 3554 1481 γίνε-

1971 1532 2058 1570 ται
2076 1511 2168 1568 τοῦ
2183 1509 2688 1582 ’Δαρὼν,καὶαύτοῦ
2717 1507 2899 1563 θεόθεν
2927 1503 3375 1576 παφρμηθέντος
3414 1501 3553 1570 πρὸς

1971 1605 2069 1676 τὴν
2097 1602 2438 1673 συνάντησιν.
2484 1596 2618 1656 Εἶτα
2651 1599 2780 1671 παρ’
2811 1596 3138 1668 ἀμφοτέρων
3159 1596 3262 1657 ὁὲν
3291 1593 3556 1663 Αἰγύπτῳ

1972 1696 2098 1760 λαὸς
2163 1697 2243 1758 εἰς
2275 1692 2569 1763 ἐκκλησίαν
2601 1690 2784 1761 κοινὴν
2823 1687 3224 1758 συναγείρεται,
3273 1685 3367 1739 καὶ
3391 1686 3428 1754 ἡ
3455 1683 3555 1753 τῆς

1970 1786 2213 1847 δουλείας
2241 1783 2530 1854 ἀπαλλαγὴ
2580 1785 2696 1845 τοῖς
2737 1779 3106 1850 πεπονηκόσιν
3153 1777 3255 1847 ἢδη
3288 1777 3357 1846 τῇ
3394 1791 3558 1828 κακο-

1971 1877 2288 1949 παθείᾳτῶν
2302 1876 2476 1948 ἔργων
2506 1872 2975 1946 περιαγγέλλεται,
2998 1869 3093 1925 καὶ
3116 1867 3253 1939 πρὸς
3270 1867 3438 1922 αὑτὸν
3461 1866 3554 1920 τὸν

1969 1969 2226 2039 τύραννον
2247 1971 2276 2023 ό
2298 1968 2448 2038 παρὰ
2476 1965 2666 2019 τούτου
2705 1964 2917 2033 γίνεται
2943 1962 3120 2030 λόγος.
3154 1960 3556 2030 ’Δγανάκτησις

1969 2061 2063 2115 ἐπὶ
2094 2059 2302 2124 τούτοις
2313 2058 2409 2113 τοῦ
2423 2058 2709 2130 τυράννου,
2726 2056 2868 2111 κατά
2897 2071 2958 2108 τε
2991 2055 3100 2108 τῶν
3117 2052 3557 2107 ἐπιστατούντων

1968 2155 2080 2212 τοῖς
2111 2149 2312 2222 ἔργοις,
2343 2149 2434 2203 καὶ
2453 2147 2596 2203 κατά
2618 2147 2728 2202 τῶν
2775 2143 3124 2218 Ἰσραηλιτῶν
3141 2143 3320 2197 αὐτῶν
3351 2142 3558 2212 μείζων

1970 2238 2004 2309 ἦ
2031 2237 2290 2309 πρότερον
2315 2251 2327 2265 ’
2354 2237 2446 2292 καὶ
2470 2238 2613 2309 ὁτῆς
2631 2233 2913 2299 πλινθείας
2947 2233 3111 2305 φόρος
3131 2231 3446 2298 ἐπαύξεται,
3460 2232 3552 2285 καὶ

1969 2328 2366 2400 ἐπιπονώτερον
2385 2329 2446 2382 τὸ
2465 2329 2747 2398 ἐπίταγμα
2759 2325 3202 2397 καταπέμπεται,
3221 2325 3282 2377 ού
3298 2323 3378 2394 τῷ
3396 2321 3558 2394 πηλῷ

1971 2420 2118 2492 μόνῳ
2144 2418 2614 2483 κακοπαθούντων,
2643 2419 2779 2473 ἀλλά
2803 2417 2896 2472 καὶ
2924 2435 2990 2470 πε
2999 2416 3053 2488 pi.
3071 2418 3132 2470 τὸ
3147 2416 3348 2487 άχυρόν
3367 2433 3429 2468 τε
3461 2415 3559 2469 καὶ

1967 2511 2067 2582 τὴν
2101 2511 2351 2582 καλάμην
2368 2510 2875 2584 ταλαιπωρούντων.
2911 2508 3019 2564 Τοῦ
3051 2509 3108 2563 δέ
3138 2508 3338 2581 Φαραὼ
3375 2508 3556 2579 (τοῦτο

1968 2602 2077 2675 γὰρ
2100 2599 2167 2675 ἦν
2181 2605 2350 2676 ὄνομα
2367 2603 2446 2674 τῷ
2464 2603 2708 2674 τυράννῳ
2725 2602 2833 2657 τῶν
2862 2600 3198 2671 Αἰγυπτίων)
3229 2603 3343 2664 τοῖς
3369 2600 3558 2654 θεόθεν

1967 2696 2097 2765 παρ’
2115 2691 2281 2747 αὑτοῦ
2297 2692 2604 2764 γενομένοις
2623 2691 2867 2762 σημείοις
2881 2690 3339 2760 ἀντισοφιστεύειν
3350 2689 3438 2744 διὰ
3454 2691 3558 2761 τῆς

294 2787 539 2841 buerant.
569 2783 722 2838 Tunc
745 2781 1144 2837 consentientes
1173 2787 1405 2852 tyranno
1431 2779 1718 2852 Egyptios
1749 2799 1867 2838 om-

293 2888 392 2927 nes
415 2887 537 2926 cum
567 2870 796 2926 vidisset
826 2868 1058 2940 Moyses,
1089 2868 1144 2922 in
1175 2869 1483 2924 universam
1516 2885 1702 2926 eorum
1732 2888 1864 2944 gen-

293 2970 434 3025 tem,
476 2961 691 3016 nemine
737 2959 960 3013 omnino
993 2970 1252 3030 excepto,
1300 2961 1661 3017 intolerabilia
1703 2964 1780 3018 inf

2070 2970 2164 3024 τοῦ
2193 2970 2258 3041 θη
2269 2968 2582 3040 ριώσαντος,
2609 2967 2670 3021 τὸ
2695 2969 2807 3021 ἴσον
2828 2966 3086 3037 ἐνομίσθη
3126 2965 3556 3034 θαυματοποιεω

293 3055 539 3108 vulnera.
572 3050 1068 3106 Commovebantur
1088 3058 1267 3106 autem
1284 3050 1442 3121 jussu
1463 3051 1583 3122 ejus
1610 3053 1678 3109 ad
1722 3054 1780 3110 ht

2066 3060 2264 3132 νοητεία
2294 3062 2352 3114 ἐν
2386 3061 2507 3124 ταῖς
2537 3058 2647 3112 τῶν
2679 3057 2870 3129 μάγων
2902 3056 3141 3128 ῥάϐδοις.
3171 3054 3281 3108 Καὶ
3305 3053 3553 3124 ἠλέγχθη

293 3147 348 3200 in
379 3142 665 3214 Egyptios
688 3142 970 3211 impetum,
993 3148 1251 3212 tanquam
1284 3144 1557 3199 exercitus
1585 3145 1780 3202 obedie:

2081 3152 2181 3222 τῆς
2197 3151 2476 3222 ἐνεργείας
2503 3149 2566 3202 τὸ
2587 3148 2827 3218 σόφισμα
2845 3163 2859 3178 ο
2900 3147 3172 3213 δείξαντος
3202 3143 3297 3197 τοῦ
3323 3144 3559 3216 δράκον-

292 3237 556 3291 elementa
587 3233 723 3302 ipsa,
750 3246 871 3302 quae
901 3231 954 3285 in
986 3230 1089 3285 hoc
1113 3231 1367 3286 universo
1381 3243 1699 3300 cernuntur,
1719 3244 1779 3292 te}

2083 3239 2177 3294 τοῦ
2222 3243 2287 3296 ἐκ
2325 3241 2427 3311 τῆς
2469 3239 2746 3302 Μωῦσέως
2789 3237 2984 3308 ῥάϐδου
3036 3235 3464 3308 μεταϐληθέντος
3490 3235 3558 3288 ἐκ

292 3325 523 3386 scilicet,
556 3321 718 3393 ignis,
749 3337 862 3386 aer,
894 3336 1056 3392 aqua,
1101 3321 1169 3376 ad
1205 3322 1486 3378 hominum
1527 3328 1779 3397 propositi

2086 3333 2370 3402 διαφαγεῖν
2395 3331 2463 3385 τὰ
2495 3330 2727 3402 γοητικὰ
2750 3329 2904 3397 ξύλα,
2930 3329 3056 3392 τοὺς
3081 3327 3232 3396 ὄφεις
3251 3326 3436 3397 δῆθεν,
3470 3327 3559 3380 ὅτι

293 3416 535 3472 actiones
568 3427 696 3468 suas
731 3413 1156 3466 COmullllabam-
1973 3421 2226 3493 οὐδεμίαν
2259 3420 2561 3492 ἀμυντικὴν
2599 3420 2721 3473 ούδέ
2764 3419 2999 3490 ζωτικήν
3037 3435 3160 3471 τινα
3205 3416 3437 3487 δύναμιν
3475 3411 3557 3468 εῖ-

290 3525 385 3578 χον
410 3509 466 3562 αί
506 3506 615 3561 τῶν
651 3506 862 3576 γοήτων
902 3502 1106 3576 ῥάϐδοι,
1139 3502 1278 3576 πλὴν
1305 3504 1400 3557 τοῦ
1445 3507 1738 3577 σχήματος,
1767 3509 1796 3561 ὃ
1829 3512 1940 3574 τοῖς
1984 3511 2280 3583 ὀφθαλμοῖς
2313 3518 2422 3566 τῶν
2460 3511 2874 3581 εὐεξαπατήτων
2901 3510 2935 3580 ἡ
2959 3508 3180 3580 γοητεία
3215 3506 3561 3578 σοφισαμένη

297 3599 594 3674 παρέδειξε.
637 3599 770 3652 Τότε
822 3594 1260 3670 συμφρονοῦντας
1302 3594 1425 3651 ἰδὼν
1458 3599 1487 3650 ὁ
1525 3599 1763 3670 Μωῦσῆς
1799 3600 1877 3671 τῷ
1915 3601 2310 3675 καθηγουμένῳ
2345 3604 2444 3673 τῆς
2486 3601 2681 3665 κακίας
2721 3601 2830 3654 πᾶν
2870 3600 2932 3653 τὸ
2976 3598 3322 3670 ὑποχείριον,
3366 3597 3559 3668 κοινὴν

291 3697 483 3765 ἐπάγει
521 3696 682 3750 παντὶ
710 3693 787 3766 τῷ
825 3692 966 3748 ἔθνει
1021 3692 1129 3746 τῶν
1177 3691 1488 3761 Αἰγυπτίων
1525 3692 1758 3765 πληγὴν,
1809 3695 2000 3751 οὐδένα
2045 3699 2144 3769 τῆς
2174 3698 2283 3752 τῶν
2328 3696 2512 3753 κακῶν
2549 3695 2743 3767 πείρας
2771 3692 3177 3763 ὑπεξελόμενος.
3221 3691 3564 3744 Συνεκινεῖτο

292 3790 342 3842 δὲ
365 3789 514 3860 αὐτῷ
537 3790 674 3860 πρὸς
699 3786 795 3859 τὴν
824 3786 1075 3857 τοιαύτην
1115 3784 1258 3839 κατά
1282 3786 1390 3839 τῶν
1425 3786 1733 3854 Αίγυπτίων
1761 3788 1956 3859 ὁρμὴν,
1987 3783 2099 3845 οἷόν
2137 3807 2223 3853 τις
2277 3789 2505 3860 στρατὸς
2540 3786 2870 3858 ὑποχείριος,
2900 3783 3040 3838 αύτά
3063 3783 3131 3838 τά
3163 3783 3399 3852 στοιχεῖα
3443 3779 3561 3834 τῶν

291 3880 478 3943 ϐντων,
504 3878 573 3932 τά
622 3878 679 3932 ἐν
707 3876 784 3947 τῷ
816 3879 980 3931 παντὶ
1019 3875 1385 3947 θεωρούμενα,
1413 3875 1487 3945 γῆ
1521 3893 1584 3928 τε
1619 3877 1712 3930 καὶ
1746 3876 1882 3948 πῦρ,
1919 3880 2013 3933 καὶ
2043 3880 2172 3951 ἀὴρ,
2201 3879 2297 3932 καὶ
2321 3879 2484 3949 ὕδωρ,
2517 3879 2586 3949 τῇ
2615 3876 2931 3948 προαιρέσει
2960 3873 3066 3930 τῶν
3103 3870 3406 3944 ἀνθρώπων
3457 3872 3561 3936 τὰς

292 3972 568 4046 ἐνεργείας
604 3970 1114 4036 συνεξαλλάσσοντα.

367 4067 567 4122 Eodem
589 4065 733 4122 enim
757 4079 972 4135 quoque
994 4072 1236 4129 tempore
1259 4068 1422 4129 atque
1449 4060 1639 4115 eodem
1671 4061 1726 4115 in
1751 4061 1854 4118 loct

2074 4065 2122 4136 Τῇ
2152 4065 2262 4137 γὰρ
2289 4065 2426 4137 αὐτῇ
2466 4065 2714 4136 δυνάμει,
2747 4064 2888 4120 κατά
2925 4064 3018 4118 τὸν
3053 4063 3215 4117 αὑτὸν
3246 4063 3338 4116 καὶ
3363 4061 3561 4132 χρόνον

293 4156 464 4213 Judaei
488 4157 556 4211 ab
579 4155 755 4212 olIieio
780 4169 890 4209 non
920 4151 1256 4215 recedentes,
1277 4149 1354 4203 nil
1383 4149 1506 4204 mali
1542 4151 1780 4206 sentieba

2072 4195 2074 4204 .
2095 4157 2278 4223 τόπον,
2309 4157 2372 4210 τό
2395 4175 2454 4212 τε
2477 4156 2749 4213 ἀτακτοῦν
2772 4155 3078 4223 ἐκολάζετο,
3101 4157 3194 4210 καὶ
3211 4155 3420 4218 ἀπαθὲς
3447 4155 3559 4208 διέ-

295 4248 536 4321 zEgyptii
585 4262 715 4304 vero
762 4257 1043 4316 perperam
1081 4248 1136 4296 et
1173 4241 1474 4312 cogitantes
1531 4252 1586 4297 et
1657 4257 1782 4316 agen

2074 4263 2105 4299 ιε
2139 4246 2202 4300 τὸ
2233 4247 2432 4312 κακίας
2470 4247 2772 4319 ἐλεύθερον.
2809 4247 2997 4318 Πάσης
3024 4247 3134 4318 γὰρ
3155 4247 3276 4299 τότε
3303 4245 3405 4315 τῆς
3443 4245 3561 4299 τῶν

1966 2785 2076 2839 τῶν
2097 2785 2308 2855 γοήτων
2341 2783 2678 2856 μαγγανείας
2702 2783 3127 2856 ἐπιχειροῦντος,
3163 2783 3252 2836 ὅτε
3273 2781 3437 2835 πάλιν
3457 2781 3556 2835 τοῦ

1964 2877 2243 2942 Μωῦσέως
2268 2878 2328 2930 ἐν
2372 2875 2674 2945 ὀφθαλμοῖς
2721 2875 2830 2928 τῶν
2863 2874 3176 2943 Αἰγυπτίων
3217 2871 3316 2942 τὴν
3359 2871 3558 2942 ῥάϐδον

295 4341 496 4395 acriter
519 4338 917 4409 plectebantur.
934 4331 1068 4387 Nam
1097 4347 1236 4401 aqua
1256 4348 1352 4403 per
1379 4332 1687 4388 universam
1716 4333 1879 4406 Egy-

1974 4337 2181 4393 ύδάτων
2211 4339 2427 4409 φύσεως
2458 4337 2602 4393 κατὰ
2629 4338 2727 4410 τὴν
2761 4338 3034 4407 Αἴγυπτον
3062 4337 3140 4407 τῷ
3168 4337 3559 4407 προστάγματι

295 4443 448 4503 ptum
479 4434 532 4485 in
567 4428 884 4497 sanguinem
908 4424 1136 4495 jubente
1163 4423 1347 4496 Moyse
1373 4441 1639 4483 conversa
1669 4438 1772 4494 est,

2069 4429 2253 4493 ιῦσέως
2289 4431 2371 4494 είς
2407 4425 2548 4502 αἷμα
2574 4430 2896 4501 τραπείσης,
2931 4429 3004 4494 ὡς
3044 4429 3140 4482 καὶ
3176 4431 3302 4491 τοὺς
3341 4427 3556 4498 ἰχθύας,

296 4526 382 4580 vel
404 4523 585 4592 pisces
608 4519 710 4588 ipsi
739 4519 807 4572 ab
822 4531 1083 4588 aquarum
1107 4516 1482 4571 crassitudine
1496 4531 1692 4572 carnea
1717 4531 1876 4572 neca-

299 4623 487 4669 rentur
502 4629 516 4666 :
529 4609 731 4666 Judaais
748 4609 880 4666 solis
891 4611 1112 4681 sanguis
1135 4626 1275 4681 aqua
1292 4616 1407 4664 erat
1425 4607 1878 4678 limpidior.Uude

297 4703 846 4760 habuitoccasionem
868 4717 958 4758 ars
975 4702 1184 4770 magica
1223 4699 1506 4771 sanguinis
1543 4700 1776 4768 speciem
1818 4701 1876 4756 in

296 4811 458 4866 aqua,
509 4811 630 4865 quae
678 4795 822 4866 apud
867 4793 1123 4849 Hebraeos
1171 4791 1565 4855 inveniebatur,
1613 4789 1878 4848 fallaciter

297 4886 682 4942 adumbrandi.
736 4886 997 4942 Similiter
1044 4897 1264 4955 quoque
1317 4899 1574 4938 ranarum
1633 4884 1876 4954 irrepens

299 4980 614 5044 multitudo,
647 4993 877 5050 quarum
904 4976 1183 5048 generatio
1213 4992 1321 5030 non
1351 4977 1586 5031 naturali
1618 4992 1785 5032 cursu
1814 4992 1875 5032 e-

299 5072 679 5132 lementorum,
705 5068 800 5125 sed
821 5069 1046 5132 coactis,
1074 5075 1136 5122 ut
1159 5067 1234 5121 ita
1251 5066 1450 5131 dicam,
1469 5067 1773 5132 elementis,
1789 5066 1879 5135 ju-

300 5163 456 5218 bente
491 5162 677 5234 Moyse
715 5161 857 5216 facta
893 5168 996 5224 est,
1035 5167 1090 5214 et
1123 5159 1357 5228 repletas
1386 5159 1577 5215 domos
1606 5159 1876 5216 infestans

299 5255 430 5309 solis
461 5253 776 5324 turpissima
794 5250 1067 5322 Egyptiis
1087 5249 1355 5304 inferebat
1384 5249 1600 5306 fastidia
1625 5269 1637 5304 :
1663 5249 1878 5306 Judan-

298 5360 417 5396 rum
455 5358 584 5396 vero
630 5343 740 5396 vita
767 5342 991 5396 nihilex
1025 5341 1334 5411 hujusmodi
1377 5341 1620 5398 bestiolis
1661 5342 1900 5396 incom-.

301 5431 442 5484 modi
468 5431 788 5500 patiebatur.
824 5429 916 5483 Sic
940 5431 1104 5485 etiam
1133 5446 1226 5484 aer
1253 5432 1456 5484 nullam
1475 5430 1581 5485 diei
1606 5446 1668 5485 ac
1697 5433 1873 5485 noctis

299 5521 532 5574 faciebat
567 5519 956 5586 differentiam,
995 5521 1264 5592 [Egyptiis
1293 5522 1344 5575 in
1386 5521 1576 5577 eadem
1614 5521 1872 5576 continue

300 5612 666 5670 crassitudine
698 5613 1124 5685 palpitantibus:
1166 5621 1220 5669 at
1247 5612 1451 5669 Judaais
1484 5613 1620 5682 nihil
1647 5613 1770 5668 novi
1795 5616 1874 5667 al“-

1976 4523 2056 4585 εἰς
2083 4522 2337 4594 σαρκώδη
2363 4523 2645 4595 παχύτητα
2669 4522 2761 4577 τοῦ
2789 4522 2978 4587 ὓδατος
3009 4521 3410 4594 μετατεθέντος,
3433 4522 3560 4575 δια-

1979 4612 2272 4684 φθαρῆναι,
2303 4616 2417 4678 τοῖς
2455 4614 2726 4687 Ἑϐραίοις
2753 4615 3072 4686 ἀρυομένοις
3104 4612 3284 4682 μόνοις
3316 4611 3464 4682 ὕδωρ
3492 4611 3563 4665 τὸ

1977 4702 2117 4774 αἷμα
2143 4701 2231 4776 ἦν.
2268 4706 2428 4759 Ὅθεν
2464 4705 2588 4776 ἔσχε
2616 4707 2711 4760 καὶ
2751 4707 2784 4777 ἡ
2829 4706 3136 4776 μαγγανεία
3165 4703 3356 4774 καιρὸν
3383 4705 3444 4757 ὲν
3473 4704 3562 4776 τῷ

1979 4796 2131 4865 παρά
2148 4797 2262 4859 τοῖς
2298 4796 2565 4867 Ἑϐραίοις
2588 4797 2958 4868 εύρισκομένῳ
2981 4797 3130 4850 ὕδατι
3157 4797 3218 4850 τὸ
3248 4793 3563 4865 αἱματῶδες

1979 4882 2117 4951 εἶδος
2165 4887 2656 4958 παρασοφίσασθαι.
2692 4888 2964 4952 Ὡσαύτως
2996 4889 3090 4941 καὶ
3119 4887 3231 4940 τῶν
3267 4885 3562 4956 βατράχων

1979 4975 2332 5046 ἐφερψάντων
2360 4977 2426 5045 τῇ
2453 4976 2711 5047 Αἰγύπτῳ
2730 4977 2872 5031 κατὰ
2907 4977 2968 5031 τὸ
2991 4977 3185 5047 ἀθρόον
3215 4970 3312 5047 (ὧν
3342 4978 3376 5046 ὴ
3399 4977 3564 5044 γένε-

1980 5082 2064 5128 σις
2087 5067 2186 5118 οὐκ
2216 5065 2503 5138 ἀκολουθίᾳ
2523 5069 2628 5121 τινῖ⁵
2650 5069 2863 5138 φύσεως
2885 5069 3244 5140 νενομισμένῃ
3269 5069 3407 5139 πρὸς
3431 5085 3566 5122 τοσ-

1978 5155 2134 5210 οῦτον
2176 5157 2338 5228 ἐχέθη
2385 5158 2587 5230 πλῆθος
2605 5177 2643 5222 ·,
2664 5160 2777 5213 ἀλλ’
2817 5161 2951 5214 αὐτὸ
2979 5162 3040 5214 τὸ
3070 5161 3418 5231 πρόσταγμα,
3454 5159 3566 5230 τῆς

1976 5248 2086 5302 τῶν
2119 5249 2404 5320 βατράχων
2431 5253 2741 5316 συστάσεως
2773 5252 2871 5324 τὴν
2903 5253 3266 5319 ἀναφανεῖσαν
3303 5250 3427 5304 τότε
3458 5251 3565 5305 τοῦ

1982 5337 2120 5413 (dion
2170 5340 2332 5409 φύσιν
2389 5343 2798 5416 ἐκαινοτόμησε)
2827 5345 2888 5401 τὺ
2932 5345 3030 5414 μὲν
3064 5343 3362 5411 Αίγύπτιον
3405 5343 3566 5398 ἅπαν

1982 5435 2094 5494 τοῖς
2117 5431 2326 5502 θηρίοις
2359 5435 2566 5497 τούτοις
2608 5436 2747 5490 κατά
2789 5436 2888 5500 τὰς
2911 5437 3149 5506 οἰκήσεις
3178 5435 3563 5504 ,στενοχωρού-

1986 5539 2144 5592 μενον
2193 5524 2612 5597 κατεφθείρετο·
2665 5525 2773 5579 τῶν
2817 5526 2872 5579 δέ
2909 5525 3170 5596 Ἐϐραίων
3217 5525 3316 5595 τῆς
3360 5523 3568 5593 ἀηδίας

1982 5617 2183 5686 ταύτης
2239 5615 2570 5688 ἐκαθάρευεν
2594 5619 2627 5687 ἡ
2657 5615 2790 5690 ζωή.
2828 5617 3012 5682 Οὕτως
3031 5619 3060 5672 ὁ
3090 5617 3196 5689 ἀὴρ
3234 5617 3349 5681 τοῖς
3383 5616 3568 5684 Δίγυ-
