3794 6000
222 191 330 253 509
1565 185 1654 241 DE
1700 187 1720 241 ἢ

1999 185 2151 241 iSlS.
3388 179 3497 238 3ἰο

225 305 404 370 πτίοις
433 305 532 377 μὲν
567 302 824 374 οὐδεμίαν
847 301 1040 367 νυκτὸς
1065 302 1160 358 καὶ
1187 302 1402 374 ἡμέρας
1446 305 1675 375 παρεῖχε
1697 304 1723 357 δ

1991 303 2138 358 εὶιειι.
2163 299 2426 356 Similiter
2445 305 2638 354 caetera
2660 312 2879 369 quoque
2901 296 3079 352 omnia
3105 311 3164 354 se
3194 295 3489 372 habebant,

224 416 431 470 κρισιν,
491 400 552 454 ὲν
603 395 780 467 ὁμοίῳ
831 393 1197 465 διαμενόντων
1235 394 1314 465 τῷ
1352 394 1539 465 ζόφῳ·
1594 397 1707 458 τοῖς

2000 393 2126 448 mdo
2164 392 2394 457 scilicet,
2427 388 2902 463 ignis,scinyphes,
2928 402 3130 444 muscae
3153 389 3380 450 caninze,
3418 390 3498 443 lo-

237 489 512 560 Ἑϐραίοις
575 487 726 540 οὐδὲν
757 487 816 539 ἐν
853 484 1063 548 τούτοις
1120 486 1531 556 ὲκαινοτομεῖτο
1572 483 1728 557 παρά

2001 494 2203 542 starum
2236 486 2446 540 nubes:
2474 483 2588 537 haec
2615 481 2878 537 adversus
2905 479 3193 550 Egyptios
3226 481 3405 533 omnia
3441 490 3499 534 ut

230 580 482 650 σύνηθες.
508 578 617 631 Καὶ
641 575 812 630 τάλλα
845 575 1044 640 πάντα,
1077 574 1219 628 κατά
1251 575 1344 628 τὸν
1365 575 1544 638 ,αὐτὸν
1573 576 1778 647 τρόπον
1799 591 1814 606 ⁸

228 674 262 742 η
286 670 522 740 χάλαζα.
544 668 607 722 τὸ
637 668 770 738 πῦρ,
801 668 859 722 αἰ
889 667 1196 736 φλυκτίδες,
1224 668 1274 720 oi
1308 666 1552 732 σκνίπες,
1585 667 1642 720 αἱ
1664 667 1820 720 κυνό-

231 779 412 832 μυιαι.
449 759 561 813 τῶν
611 757 850 826 ἀκρίδων
885 757 946 810 τὸ
967 757 1149 826 νέφος,
1197 756 1340 810 κατά
1374 755 1476 826 μὲν
1494 755 1604 808 τῶν
1622 755 1828 824 Αἰγυπο

225 855 360 907 τίων
382 853 635 913 ἕκαστον,
661 848 800 903 καθὸ
829 847 1095 915 πέφυκεν,
1113 848 1336 919 ἐνήργει
1356 862 1370 876 °
1405 849 1454 900 oi
1485 845 1543 900 δὲ
1577 845 1820 918 Ἑϐραῖοι

227 941 440 1011 φήμαις
471 939 568 991 καὶ
620 937 924 1007 διηγήμασι
971 934 1033 988 τὸ
1087 933 1196 988 τῶν
1225 934 1618 988 συνοικούντων
1649 932 1820 997 πάθος

228 1031 550 1100 ἐγίνωσκον,
580 1027 838 1098 οὐδεμίαν
854 1028 911 1080 ὲν
935 1027 1148 1089 ἑαυτοῖς
1178 1024 1484 1097 προσϐολὴν
1511 1024 1621 1078 τῶν
1639 1023 1818 1078 τοιού-

225 1137 339 1174 των
370 1117 672 1189 δεχόμενοι.
691 1111 824 1171 Εἶτα
844 1115 952 1170 τῶν
981 1116 1346 1188 πρωτοτόκων
1372 1118 1400 1170 ὁ
1420 1113 1641 1186 ὃλεθρος
1667 1116 1820 1185 ἀκρι-

228 1209 497 1281 ϐεστέραν
555 1208 729 1262 ἐποίει
776 1207 872 1262 τοῦ
913 1207 1168 1280 Ἐϐραίου
1215 1207 1352 1278 πρὸς
1384 1207 1476 1260 τὸν
1520 1206 1818 1276 Αἰγύπτιον

227 1302 330 1372 τὴν
362 1301 655 1372 διάκρισιν
679 1299 788 1353 τῶν
815 1299 914 1371 μὲν
948 1300 1042 1352 ἐπὶ
1057 1302 1122 1371 τῇ
1140 1299 1248 1352 τῶν
1276 1298 1547 1368 φιλτάτων
1571 1298 1818 1368 ἀπωλείᾳ

233 1391 616 1463 συγχεομένων
679 1393 792 1454 τοῖς
830 1389 1069 1462 θρήνοις,
1107 1390 1217 1444 τῶν
1258 1390 1316 1443 δὲ
1353 1391 1412 1443 ὲν
1442 1389 1643 1460 ἡσυχίᾳ
1672 1389 1820 1460 πάσῃ

232 1483 327 1536 καὶ
355 1481 627 1553 ἀσφαλείᾳ
662 1481 1026 1552 διαμενόντων
1053 1497 1065 1511 ’
1108 1474 1188 1543 οἷς
1215 1481 1248 1552 ἡ
1274 1478 1516 1548 σωτηρία
1551 1480 1618 1548 τῇ
1651 1494 1819 1548 προσο

231 1572 391 1643 χύσει
417 1571 514 1624 τοῦ
526 1571 757 1640 αἵματος
777 1567 1191 1640 κατησφαλίσθη
1217 1566 1357 1622 κατά
1384 1567 1563 1620 πᾶσαν
1593 1563 1815 1627 εἴσοδον,

1919 585 2116 632 natura
2141 592 2239 632 sua
2266 576 2391 638 fert,
2421 573 2891 646 perniciosissima
2925 577 3112 627 erant:
3141 567 3312 624 Judaei
3346 585 3496 635 vero,

1920 669 2236 725 rumoribus
2265 668 2443 724 solum
2459 665 2754 736 verbisque
2773 661 3205 720 cohabitantium
3229 661 3329 714 hos
3351 675 3498 713 mor-

1917 759 2040 825 bos,
2077 760 2230 815 nullo
2249 775 2350 815 suo
2371 757 2741 821 incommodo,
2767 753 3188 826 cognoscebant.
3221 750 3502 806 Postremo

1919 851 2405 923 primogenitorum
2436 848 2681 903 omnium
2707 859 2863 910 nece,
2883 859 3008 900 cum
3039 843 3116 898 illi
3137 843 3356 914 quidem
3373 857 3504 896 suo-

1919 958 2044 998 rum
2085 942 2330 1014 pernicie
2379 937 2600 995 confusi
2654 939 2926 1009 lugerent,
2960 933 3018 988 hi
3049 948 3176 989 vero
3220 932 3502 1002 sanguinis

1920 1033 2228 1104 signaculo,
2261 1030 2608 1086 liminarihus
2647 1035 2810 1098 atque
2847 1024 3097 1096 postibus
3128 1024 3371 1078 inunctis
3398 1023 3502 1076 tuti

1919 1124 2284 1195 quiescerent,
2315 1129 2517 1193 quanta
2549 1119 2691 1174 inter
2718 1116 2964 1172 Judaeum
2995 1122 3048 1170 et
3072 1112 3388 1184 IEgyptium
3415 1128 3504 1169 es-

1921 1223 2002 1271 set
2030 1212 2357 1278 diﬂ‘erentia,
2405 1211 2622 1267 cunctis
2665 1207 2939 1279 apparuit.
2979 1203 3174 1275 itaque
3227 1203 3506 1274 percussis

1919 1305 2073 1361 clade
2099 1302 2583 1374 primogenitorutn
2617 1299 2911 1372 Egyptiis,
2950 1311 3160 1367 suaque
3189 1296 3404 1366 publice
3440 1310 3506 1350 ac

1918 1396 2172 1468 privatim
2199 1393 2527 1465 lugentibus,
2565 1391 2754 1448 educit
2789 1388 3004 1460 Moyses
3051 1385 3328 1442 israelitas
3358 1399 3389 1439 a
3445 1399 3506 1439 se

1920 1484 2289 1556 praemonitos,
2311 1491 2371 1538 ut
2391 1481 2571 1553 specie
2616 1478 3078 1535 commodationis
3117 1475 3504 1548 Egyptionum

1919 1576 2137 1632 divitias
2149 1590 2333 1632 secum
2351 1573 2650 1629 auferrent.
2663 1570 2868 1627 Verum
2885 1586 3008 1627 cum
3022 1569 3134 1640 jam
3153 1567 3330 1622 tribus
3351 1577 3505 1622 extra

230 1660 578 1731 ἑκατέρωθεν
618 1657 727 1712 τῶν
769 1658 1026 1732 σταθμῶν
1073 1657 1211 1730 μετά
1259 1657 1360 1728 τῆς
1411 1653 1728 1724 ὲπεζευγμέτ

2004 1675 2214 1740 gyptum
2235 1666 2568 1737 perrexisset
2587 1664 2801 1730 diebus,
2815 1663 2959 1717 videt
2977 1661 3250 1716 irritatum
3268 1659 3502 1722 hostem,

231 1753 419 1814 αὐτοῖς
482 1749 642 1819 φλιᾶς
705 1748 1236 1820 κατασημανθέντων
1289 1747 1378 1801 διά
1421 1745 1517 1799 τοῦ
1565 1744 1816 1815 αἵματος.

247 1841 376 1895 Ἐπὶ
401 1840 614 1904 τούτοις
637 1839 746 1894 τῶν
773 1839 1086 1908 Αἰγυπτίων
1108 1839 1199 1892 ἐπὶ
1225 1841 1292 1910 τῇ
1325 1837 1434 1891 τῶν
1461 1835 1822 1909 πρωτοτόκων

237 1934 498 2004 συμφορᾷ
532 1930 900 2003 βεϐλημένων,
935 1932 1029 1984 καὶ
1080 1930 1203 1985 καθ’
1231 1930 1422 1984 ἑαυτὸν
1455 1929 1705 1994 ἑκάστου,
1727 1929 1823 1982 καὶ

238 2025 391 2094 κοινῇ
424 2024 643 2076 πάντων
663 2021 1076 2094 ὀλοφυρομένων
1104 2023 1171 2076 τά
1193 2021 1360 2094 πάθη·
1384 2022 1704 2092 καθηγεῖται
1723 2022 1823 2092 τῆς

238 2113 418 2180 ἐξόδου
452 2116 567 2176 τοῖς
604 2113 966 2184 Ἰσραηλίταις
1001 2114 1031 2166 ὁ
1061 2113 1320 2184 Μωῦσῆς,
1360 2114 1821 2186 προπαρασκευά-

239 2221 338 2266 σας
369 2204 594 2267 αὐτοὺς,
649 2202 742 2256 ἐπὶ
792 2205 1032 2276 σχήματι
1061 2206 1310 2276 χρήσεως
1343 2205 1462 2276 μεθ’
1497 2204 1704 2258 ἑαυτῶν
1730 2203 1822 2257 τὸν

233 2293 342 2346 τῶν
369 2294 686 2362 Αἰγυπτίων
721 2292 949 2348 πλοῦτον
995 2296 1454 2366 ἀνακομίσασθαι.
1497 2295 1609 2350 Καὶ
1653 2294 1822 2365 τριῶν

237 2385 464 2456 ἡμερῶν
491 2387 611 2440 ὁδὸν
639 2387 745 2453 ἔξω
783 2389 883 2458 τῆς
918 2387 1194 2456 Αἰγύπτου
1228 2387 1630 2459 γεγενημένων,
1660 2387 1822 2441 πάλιν

237 2476 404 2546 φησὶν
429 2478 464 2545 ἡ
502 2478 734 2550 ἱστορία,
758 2478 994 2550 χαλεπὸν
1023 2478 1352 2550 ποιήσασθαι
1379 2477 1469 2532 τὸν
1500 2478 1818 2547 Αίγύπτιον,

236 2566 295 2618 τὸ
317 2567 396 2638 μὴ
411 2571 744 2638 παραμεῖναι
769 2572 834 2640 τῇ
863 2567 1077 2638 δουλείᾳ
1096 2569 1188 2620 τὸν
1205 2567 1422 2638 Ἰσραήλ
1442 2585 1455 2598 ·
1478 2567 1574 2620 καὶ
1596 2567 1821 2638 πολεμι-

237 2657 350 2720 κῶς
385 2659 534 2712 ἅπαν
579 2661 988 2715 συσκευάσαντα
1021 2658 1081 2712 τὸ
1121 2659 1382 2730 ὑπήκοον,
1419 2657 1508 2712 διά
1535 2658 1634 2730 τῆς
1663 2660 1821 2713 ἰππι-

235 2748 340 2818 κῆς
363 2748 648 2818 δυνάμεως
673 2749 996 2822 ἐπιδραμεῖν
1019 2749 1098 2819 τῷ
1120 2748 1252 2820 λαῷ.
1279 2749 1384 2803 Τὸν
1405 2749 1462 2804 δὲ
1485 2748 1823 2820 θεασάμενον

233 2838 334 2909 τὴν
361 2839 476 2892 τῶν
508 2840 691 2894 ἵππων
717 2858 776 2894 τε
806 2840 1025 2894 καὶτῶν
1052 2841 1232 2894 ὃπλων
1261 2841 1640 2914 παρασκευὴν,
1665 2843 1822 2896 ἀπει-

239 2931 546 3002 ροπόλεμον
603 2933 752 3000 ὄντα,
789 2932 884 2986 καὶ
937 2932 1046 2987 τῶν
1070 2933 1326 2989 τοιούτων
1356 2933 1652 3006 θαυμάτων
1681 2934 1820 3005 ἀγύ-

239 3039 501 3092 μναστον,
557 3022 718 3087 εὐθὺς
750 3024 1168 3095 καταπλαγῆναι
1212 3023 1288 3096 τῷ
1322 3024 1494 3096 φόϐῳ,
1539 3025 1634 3078 καὶ
1680 3025 1820 3081 κατὰ

236 3113 336 3166 τοῦ
369 3115 652 3178 Μωῦσέως
679 3115 1050 3170 συνίστασθαι.
1083 3117 1212 3170 Ὅτε
1260 3117 1353 3171 καί⁹
1369 3115 1430 3170 τὺ
1455 3116 1822 3189 παραδοξότα-

1920 1761 2066 1834 quod
2094 1775 2152 1817 se
2174 1757 2349 1814 Judaei
2379 1757 2434 1812 in
2469 1757 2775 1812 libertatem
2805 1752 3198 1816 vindicassent,
3231 1763 3354 1805 cum
3391 1762 3507 1802 ma-

1920 1867 2027 1924 gno
2054 1852 2294 1908 exercitu
2323 1856 2375 1905 et
2407 1845 2842 1903 instructissimo
2873 1841 3122 1914 equitatu
3149 1840 3417 1897 adversus
3445 1854 3505 1895 se

1920 1944 2203 2000 festinare.
2237 1940 2370 2007 Quae
2395 1953 2485 1995 res
2513 1953 2624 1994 non
2650 1935 3000 1991 mediocriter
3028 1932 3299 1988 imbellem
3332 1944 3504 2000 popu-

1920 2037 2054 2099 lum,
2085 2049 2262 2104 neque
2291 2032 2496 2088 talibus
2527 2027 2793 2100 prodigiis
2835 2024 3231 2092 assuefactum,
3261 2024 3317 2078 in
3355 2022 3506 2093 Moy-
3607 2098 3613 2102 _

1922 2138 2020 2179 sen
2057 2121 2369 2177 concitavit.
2407 2121 2476 2172 At
2513 2118 2603 2174 ille
2637 2115 2962 2188 intrepidus,
2990 2129 3126 2172 voce
3155 2113 3375 2186 quidem
3408 2127 3505 2182 po-

1921 2214 2142 2285 pulum,
2190 2219 2250 2267 ut
2285 2213 2342 2267 in
2371 2209 2601 2266 Domino
2630 2223 2781 2279 spem
2818 2207 3110 2272 haberent,
3148 2204 3500 2268 hortabatur,

1923 2305 2105 2360 animo
2135 2311 2316 2358 autem
2346 2301 2411 2356 ad
2443 2301 2612 2357 Deum
2641 2299 2859 2369 penitus
2885 2311 3210 2363 conversus,
3241 2294 3502 2348 auxilium

1921 2395 2123 2450 tacitus
2161 2392 2501 2462 implorabat.
2535 2390 2656 2456 Quo
2687 2389 2970 2445 recondito
3005 2388 3246 2444 clamore
3281 2384 3506 2440 Creator

1921 2491 2200 2548 exoratus,
2225 2490 2424 2552 prmsto
2452 2479 2668 2535 miseris
2693 2493 2756 2534 ac
2779 2477 3105 2533 mirabiliter
3128 2473 3304 2530 affuit.
3322 2473 3504 2530 Nubes

1921 2576 2067 2630 enim
2093 2588 2216 2646 quae
2255 2571 2351 2626 Dei
2393 2571 2552 2641 jussu
2595 2583 2706 2624 non
2745 2577 2940 2624 natura
2977 2565 3348 2638 praecedebat,
3394 2579 3504 2619 non

1921 2680 2112 2736 presso
2128 2679 2254 2720 aere
2273 2662 2572 2733 vaporibus
2598 2668 2691 2715 aut
2719 2667 3009 2716 ventorum
3042 2656 3247 2728 impetu
3277 2655 3506 2710 densato

1922 2752 2243 2819 constituta,
2263 2752 2359 2807 sed
2377 2749 2522 2805 aliud
2545 2749 2800 2821 quiddam
2820 2741 3108 2812 divinitus,
3129 2753 3293 2816 atque
3313 2744 3500 2808 altius,

1923 2859 2086 2917 quam
2111 2843 2351 2899 humana
2379 2856 2533 2898 mens
2568 2841 2852 2912 percipere
2878 2839 3078 2904 valeat,
3115 2835 3404 2908 siquidem,
3446 2843 3506 2890 ut

1927 2935 2208 3006 Scriptura
2249 2933 2555 3000 testatur“,
2580 2932 2686 2988 tale
2707 2930 3031 2986 miraculum
3073 2927 3390 3000 apparebat,
3445 2933 3504 2981 ut

1924 3027 2051 3084 dum
2089 3025 2345 3082 ardentes
2379 3025 2512 3080 solis
2556 3022 2692 3078 radii
2731 3022 3023 3094 fulgerent,
3052 3020 3314 3092 populum
3345 3019 3505 3090 quasi

1921 3127 2076 3190 septo
2117 3118 2404 3189 interjecto
2433 3123 2760 3188 protegeret,
2809 3123 2970 3186 atque
3013 3113 3207 3168 umbra
3250 3111 3507 3182 tenuique

234 3220 329 3256 τον
354 3205 486 3276 περί
505 3205 598 3257 τοῦ
624 3205 902 3270 Μωῦσέως
922 3208 955 3278 ἡ
976 3207 1186 3280 ἱστορία
1198 3206 1367 3278 λέγει,
1383 3206 1505 3279 διχῇ
1524 3209 1645 3270 ταῖς
1672 3207 1729 3261 ἐν

2005 3227 2046 3266 ἐ
2080 3209 2298 3273 dili‘uso,
2339 3209 2483 3264 aeris
2512 3208 2589 3262 illi
2617 3206 2867 3262 ardorem
2890 3203 3198 3275 mitigaret;
3218 3202 3393 3258 noctis
3412 3216 3503 3256 ve-

236 3295 420 3364 γείαις
468 3297 907 3369 διατεμνόμενον,
969 3301 1035 3370 τῇ
1091 3300 1192 3368 μὲν
1252 3301 1406 3371 φωνῇ
1436 3299 1530 3353 καὶ
1569 3297 1649 3370 τῷ
1673 3297 1732 3351 λό

2015 3309 2258 3374 tempore
2287 3300 2344 3356 in
2374 3299 2553 3374 ignem
2584 3313 2738 3355 versa
2773 3296 2886 3369 jam
2927 3296 3052 3353 inde
3085 3311 3117 3350 a
3153 3308 3381 3366 vespera
3413 3305 3503 3348 us-

236 3388 687 3460 παραθαρσύνειν
716 3407 777 3443 τε
808 3392 936 3454 τοὺς
983 3392 1343 3463 Ἰσραηλίτας,
1374 3394 1468 3446 καὶ
1493 3377 1590 3456 τάς
1613 3392 1734 3461 ἀγα(

2009 3407 2031 3448 e
2061 3391 2130 3447 ad
2155 3391 2288 3448 solis
2314 3399 2494 3447 ortum
2532 3404 2632 3446 suo
2656 3387 2860 3443 lumine
2884 3385 3148 3442 lsraelitis
3172 3383 3344 3440 facem
3370 3397 3507 3452 prte-

235 3478 383 3549 ἐκειν
444 3479 665 3543 ἐλπίδας
720 3480 1186 3551 παρακελεύεσθαι
1214 3498 1227 3511 ο
1268 3481 1477 3536 ἔνδοθεν
1516 3481 1575 3536 δὲ
1604 3484 1671 3554 τῇ
1703 3483 1820 3536 δια-
1931 3481 2118 3538 ferret.

233 3572 360 3642 νοίᾳ
394 3573 476 3643 τῷ
518 3571 638 3643 Θεῷ
675 3574 972 3645 προσάγειν
1019 3573 1116 3644 τὴν
1161 3575 1301 3646 ὑπὲρ
1342 3575 1450 3629 τῶν
1483 3577 1900 3647 κατεπτηχότων
1933 3575 2214 3646 ἱκετηρίαν
2236 3591 2249 3605 ·
2283 3576 2377 3628 καὶ
2434 3576 2581 3638 ὅπως
2617 3573 2684 3628 ἄν
2729 3571 2969 3644 διαφύγῃ
2998 3572 3090 3625 τὸν
3132 3568 3394 3632 κίνδυνον,
3419 3565 3511 3626 διὰ

233 3661 339 3730 τῆς
394 3661 602 3716 ἄνωθεν
650 3661 958 3732 συμϐουλῆς
1005 3663 1315 3732 ὁδηγεῖσθαι
1338 3704 1353 3729 ,
1406 3663 1570 3718 αὐτοῦ
1610 3663 1705 3718 τοῦ
1738 3663 1873 3718 Θεοῦ
1913 3663 2126 3736 (καθώς
2189 3679 2352 3734 φησιν
2399 3665 2434 3734 ἡ
2489 3661 2734 3732 ἰστορία)
2781 3662 2880 3732 τῆς
2934 3660 3199 3730 ἀλαλήτου
3257 3656 3508 3728 κραυγῆς

234 3753 542 3817 ιπαῖοντος.
582 3753 832 3826 Νεφέλης
887 3755 945 3809 δὲ
985 3754 1081 3809 τοῦ
1126 3755 1258 3811 λαοῦ
1307 3756 1428 3829 θείᾳ
1472 3757 1696 3828 δυνάμει
1744 3757 2193 3829 καθηγουμένης,
2223 3759 2283 3810 οὐ
2332 3755 2474 3811 κατὰ
2515 3757 2615 3826 τὴν
2663 3754 2848 3826 κοινὴν
2882 3751 3040 3823 φύσιν
3091 3751 3240 3822 (οὐδὲ
3285 3750 3393 3824 γᾲρ
3447 3749 3507 3816 ἐξ

236 3849 434 3918 ἀτμῶν
451 3849 666 3918 τινωνῆ
699 3849 1119 3920 ἀναθυμιάσεων
1153 3853 1187 3921 ὴ
1218 3851 1477 3915 σύστασις
1509 3851 1680 3923 αὐτῆς
1715 3847 1803 3921 ἦν,
1831 3851 2207 3923 παχυνομένου
2236 3852 2348 3914 τοῖς
2373 3850 2564 3920 ἀτμοῖς
2593 3847 2687 3902 τοῦ
2726 3847 2907 3918 ἀέρος,
2944 3845 3031 3900 διὰ
3058 3845 3156 3916 τῆς
3177 3842 3506 3916 ὁμιχλώδους

238 3938 577 4004 συστάσεως,
633 3939 728 3990 καὶ
766 3938 903 4009 πρὸς
953 3939 1150 4010 ἑαυτὴν
1196 3940 1632 4012 συμπιλουμένου
1663 3943 1777 4005 τοῖς
1807 3940 2161 4012 πνεύμασιν),
2208 3939 2344 3996 ἀλλά
2397 3940 2642 4010 κρεῖττόν
2678 3957 2730 3992 τι
2779 3939 2874 3993 καὶ
2915 3936 3242 4008 ὑψηλότερον
3275 3935 3377 4004 τῆς
3413 3934 3507 3990 ἀν’

237 4028 523 4101 θρωπίνης
553 4030 907 4102 καταλήψεως
935 4032 1120 4105 ἐκείνῃ
1149 4035 1216 4104 τῇ
1247 4034 1466 4107 νεφέλῃ,
1489 4033 1591 4104 τῆς
1621 4035 1844 4106 Γραφῆς
1871 4034 2274 4108 μαρτυρούσης,
2302 4033 2540 4088 τοιοῦτον
2565 4033 2627 4086 τὸ
2659 4032 2840 4104 θαῦμα
2875 4027 2965 4104 ἦν,
2999 4034 3076 4096 ὡς
3106 4031 3200 4086 καὶ
3228 4030 3325 4101 τῆς
3350 4030 3505 4099 ἡλιακ-

236 4121 343 4189 κῆς
380 4121 602 4185 ἀκτῖνος
648 4120 866 4194 θερμῶς
905 4123 1342 4196 έπιλαμπούσης,
1381 4127 1726 4198 διατείχισμα
1768 4129 1906 4202 πρὸς
1947 4127 2040 4181 τὸν
2077 4125 2207 4180 λαὸν
2250 4121 2411 4190 εἶναι,
2460 4124 2788 4190 σκιάζουσάν
2833 4141 2893 4178 τε
2937 4123 2999 4178 τὸ
3030 4121 3384 4202 ὑποκείμενον
3411 4122 3505 4175 καὶ

234 4217 410 4285 λεπτῆ
456 4213 632 4285 δρόσῳ
665 4192 727 4266 τδ
753 4192 1050 4283 Ἵφλογῶδες
1076 4192 1180 4267 ’τοῦ
1222 4192 1385 4286 ἀέρος
1431 4192 1896 4282 ὑπονοτίξουσανοί
1925 4218 2020 4273 καὶ
2050 4216 2140 4272 διὰ
2181 4217 2280 4288 τῆς
2322 4216 2513 4280 νυκτὸς
2555 4215 2665 4287 πῦρ
2716 4214 2978 4284 γίνεσθαι,
3019 4192 3111 4282 ἀφζ
3163 4213 3399 4282 ἑσπέρας
3426 4210 3506 4278 εἰς

233 4308 434 4379 ὄρθρον
460 4304 541 4376 τῷ
573 4305 687 4375 ἰδίῳ
712 4305 850 4374 φωτὶ
880 4307 992 4369 τοῖς
1037 4306 1394 4378 Ἰσραηλίταις
1417 4307 1777 4380 δᾲδουχοῦσαν
1809 4310 1872 4364 τὺ
1894 4309 2115 4379 φέγγος.

311 4398 457 4469 Πρὸς
507 4395 709 4466 ταύτην
754 4397 915 4460 αὐτός
966 4414 1028 4451 τε
1079 4396 1290 4467 βλέπων
1331 4401 1360 4452 ὁ
1416 4400 1686 4471 Μωῦσῆς,
1725 4403 1809 4456 καί

2002 4399 2147 4465 Haec,
2196 4400 2440 4470 inquam,
2464 4397 2660 4462 nubes,
2699 4408 2864 4466 quam
2904 4392 3071 4450 veluti
3105 4391 3298 4449 ducem
3332 4391 3500 4449 Hosis

232 4488 330 4541 τὸν
369 4485 501 4540 λαὸν
540 4485 852 4539 ἀκολουθεῖν
885 4487 962 4557 τῷ
1001 4488 1308 4560 φαινομένῳ
1346 4488 1558 4554 διδάξας
1581 4507 1594 4521 ·
1633 4491 1820 4564 ἐπειδὴ

236 4576 382 4629 κατά
437 4575 501 4626 τὸ
558 4573 876 4644 Ἐρυθραῖον
936 4574 1184 4644 ἐγένοντο
1239 4576 1471 4645 πέλαγος
1493 4616 1509 4641 ,
1565 4578 1680 4630 ἐκεῖ
1721 4577 1822 4648 τῆς

233 4664 470 4734 νεφέλης
509 4663 644 4736 πρὸς
674 4665 774 4736 τὴν
814 4665 1039 4735 πορείαν
1077 4665 1512 4738 καθηγουμένης,
1547 4685 1822 4740 πανστρα-

235 4758 329 4826 τιᾷ
373 4755 484 4808 τῶν
530 4754 841 4823 Αἰγυπτίων
879 4756 972 4808 τὸν
1010 4756 1138 4809 λαὸν
1183 4759 1248 4810 ὲκ
1289 4757 1396 4810 τῶν
1437 4759 1667 4813 κατόπιν
1723 4777 1824 4814 κυο-

237 4845 639 4915 κλωσαμένων,
681 4843 933 4916 οὐδεμιᾶς
983 4845 1165 4910 αὐτοῖς
1217 4847 1509 4918 οὐδαμόθεν
1557 4849 1664 4903 τῶν
1713 4847 1821 4903 δει-

239 4937 347 4990 νῶν
405 4936 586 5006 φυγῆς
627 4938 956 5005 περιούσης,
995 4935 1268 5008 πολεμίων
1308 4939 1403 4994 καὶ
1446 4939 1636 5005 ὓδατος
1680 4940 1822 4996 κατά

236 5026 300 5080 τὺ
333 5027 500 5097 μέσον
536 5025 1000 5097 ἀπειλημμένοις·
1049 5029 1170 5082 τότε
1191 5069 1205 5094 ,
1248 5029 1310 5082 τὸ
1343 5029 1559 5087 πάντων
1593 5032 1820 5086 ἀπιστό-

237 5135 418 5182 τατον,
442 5116 566 5188 θείᾳ
597 5116 826 5187 δυνάμει
861 5120 1234 5190 παρορμηθεὶς
1272 5123 1302 5174 ὁ
1331 5122 1570 5194 Μωῦσῆς
1597 5141 1819 5196 κατειρ-

233 5212 463 5279 γάσατο.
497 5210 874 5279 Προσεγγίσας
894 5212 1003 5282 γὰρ
1045 5214 1188 5267 κατά
1214 5213 1313 5286 τήν
1345 5215 1498 5284 ἠϊόνα
1527 5215 1605 5287 τῷ
1645 5217 1817 5280 ὕδατι.

234 5301 467 5372 πλήσσει
491 5301 562 5370 τῇ
615 5298 794 5370 ῥάϐδῳ
828 5301 888 5354 τὸ
920 5302 1154 5371 πέλαγος
1177 5319 1192 5332 ·
1216 5305 1277 5357 τὸ
1297 5305 1352 5356 δὲ
1380 5307 1516 5377 πρὸς
1544 5308 1640 5378 τὴν
1677 5309 1814 5380 πλη-

233 5393 336 5464 γὴν
368 5389 720 5460 ὑπεσχίζετο.
743 5392 852 5446 Καὶ
881 5393 1131 5464 καθάπερ
1168 5395 1260 5448 ἐπὶ
1287 5395 1387 5465 τῆς
1421 5396 1574 5451 ὑέλου
1608 5399 1815 5470 πέφυκε

321 5572 370 5605 ⁸⁸
401 5568 590 5626 Exod.
630 5583 749 5636 xm,
798 5570 888 5626 ει.
968 5573 1010 5607 ³⁷
1046 5574 1216 5632 Exod.
1263 5577 1325 5634 2i
1362 5589 1480 5647 sqq.

1927 4500 2182 4564 parentes
2204 4489 2447 4553 monitis,
2474 4487 2863 4557 sequebantur,
2892 4483 3078 4555 priore
3102 4484 3305 4540 omisso
3342 4483 3501 4539 itine-

1929 4600 1989 4641 re
2017 4585 2072 4640 in
2090 4583 2333 4638 Rubrum
2365 4595 2516 4636 mare
2548 4578 2798 4634 ducebat.
2834 4575 3176 4634 Devenerunt
3213 4576 3378 4646 igitur
3413 4590 3501 4630 se.

1929 4674 2040 4732 cuti
2081 4673 2276 4729 ducem
2317 4670 2522 4727 Hebraei
2559 4683 2733 4739 usque
2770 4668 2837 4724 ad
2868 4668 3058 4722 littus:
3101 4679 3238 4735 quos
3262 4662 3502 4735 Egyptii

1929 4765 2224 4836 persecuti,
2255 4762 2492 4833 undique
2521 4761 2596 4815 ita
2619 4759 2976 4823 concludunt,
3012 4764 3074 4811 ut
3099 4755 3246 4809 nulla
3269 4755 3382 4824 jam
3421 4754 3505 4808 [ιι-

1930 4872 1998 4928 ga
2035 4857 2274 4911 humano
2311 4853 2546 4910 consilio
2595 4858 2782 4922 posset
2819 4847 3141 4920 echgitari.
3166 4845 3308 4900 Ante
3353 4845 3505 4915 ipsos

1924 4963 2077 5004 mare
2121 4947 2366 5002 Rubrum
2404 4952 2559 5001 erat:
2593 4955 2717 5016 post
2754 4943 2903 5014 ipsos
2929 4938 3302 4994 validissimus
3341 4944 3505 5007 atque

1922 5037 2382 5095 instructissimus
2434 5034 2812 5106 Egyptiorum
2837 5029 3109 5087 exercitus
3124 5023 3190 5082 ".
3215 5023 3366 5080 Tunc
3415 5039 3502 5078 res

1926 5127 2145 5190 accidit,
2190 5141 2311 5196 quae
2349 5139 2459 5196 prae
2499 5123 2710 5178 caeteris
2751 5119 3005 5175 omnibus
3038 5115 3200 5172 ﬁdem
3243 5113 3500 5170 cxcedit;

1926 5231 2175 5274 summus
2204 5217 2295 5270 ille
2323 5217 2405 5270 vir
2431 5213 2691 5270 divinitus
2725 5210 2964 5265 monitus
2997 5207 3066 5262 ad
3100 5207 3253 5262 littus
3275 5204 3500 5261 descen-

1922 5307 2022 5373 dit,
2051 5321 2308 5375 marcque
2340 5305 2584 5376 Rubrum
2608 5304 2761 5374 virga
2803 5301 3093 5371 percussit,
3138 5306 3192 5356 et
3236 5297 3417 5354 subito
3446 5305 3502 5350 ut

1924 5401 1980 5458 in
2005 5400 2146 5457 vitro
2176 5398 2318 5456 facta
2346 5398 2584 5456 scissura
2609 5395 2768 5453 facile
2790 5410 2857 5452 cx
2879 5394 3046 5451 altera
3076 5399 3247 5466 parte,
3277 5390 3333 5446 in
3359 5388 3500 5444 alte-
