3794 6000
314 198 410 253 δη

1504 213 1597 268 .S.
1638 215 1962 276 GREGORII
2000 219 2298 276 NYSSENi

3461 236 3574 290 5i!

319 333 430 373 tam
459 323 738 390 pervenit:
772 325 852 380 sic
881 327 992 382 ictu
1022 326 1271 386 Mosaicae
1303 332 1465 404 virgae
1492 336 1548 389 in
1575 338 1872 406 oppositam

1987 339 2249 406 γίνεσθαι,
2299 343 2351 394 εί
2405 343 2546 396 κατά
2589 361 2642 397 τι
2693 344 2855 417 μέρος
2911 347 3081 420 αὐτῆς
3117 347 3290 419 ἀρχὴν
3339 349 3371 420 ἡ
3409 349 3576 420 ῥῆξις

313 426 486 482 usque
510 415 704 485 ripam,
728 417 852 471 hinc
871 427 1032 490 atque
1061 420 1187 478 hinc
1200 425 1518 484 cedentibus
1542 429 1719 498 aquis,
1752 431 1888 485 scis-

312 517 440 556 sura
457 505 718 572 pervenit.
740 505 922 578 ltaque
945 509 1086 566 facto
1114 528 1210 582 per
1230 514 1465 570 medium
1483 519 1704 590 pelagus
1728 519 1887 574 itine-

309 609 388 658 re,
408 609 515 648 una
541 611 663 650 cum
695 599 948 656 universo
980 605 1177 674 pOpulo
1207 607 1368 664 siccis
1395 609 1624 679 pedibus
1662 611 1887 680 profun-

309 685 433 738 dam
451 687 618 742 maris
651 689 904 760 abyssum
937 708 1256 762 permensus
1277 709 1380 766 est,
1407 716 1508 758 nec
1533 703 1782 758 extimuit
1796 721 1884 760 re-

310 785 470 844 pente
485 787 689 834 structa
712 781 803 835 illa
828 798 896 838 ex
919 782 1174 843 ﬂuctibus
1192 791 1413 858 mmnia,
1437 807 1560 848 cum
1580 803 1880 866 utraqueex

309 879 462 937 parte
481 869 636 925 unda:
646 885 907 941 aquarum
921 878 1080 946 quasi
1101 882 1240 935 muri
1263 883 1643 941 consisterent.
1668 885 1885 942 Pharao

309 966 488 1015 autem
518 962 723 1030 impetu
758 965 921 1020 animi
955 970 1282 1037 concitatus,
1312 989 1409 1043 per
1436 990 1632 1031 novam
1655 977 1800 1031 illam
1825 977 1880 1032 in

307 1051 462 1122 aquis
500 1052 643 1107 viam
681 1055 1008 1126 insequitur.
1039 1057 1175 1114 Tum
1210 1077 1342 1118 vero
1384 1063 1530 1118 unda
1573 1067 1732 1121 undae
1771 1066 1877 1122 ite-

307 1155 427 1193 rum
451 1139 715 1210 jungilur,
741 1151 796 1198 et
819 1145 1078 1203 redeunte
1099 1148 1152 1203 in
1179 1160 1354 1206 semet
1381 1155 1538 1217 mari,
1564 1154 1878 1223 pristinum-

306 1244 412 1296 que
438 1239 792 1300 recuperaute
819 1242 1045 1299 statum,
1077 1253 1182 1291 una
1209 1229 1267 1292 lit
1297 1256 1490 1297 rursus
1512 1257 1664 1312 aqua:
1691 1242 1874 1300 facies.

305 1317 514 1374 Hebraei
551 1321 617 1375 ad
649 1325 956 1393 oppositum
977 1327 1128 1383 littus
1147 1328 1447 1388 incolumes
1462 1348 1583 1388 cum
1600 1337 1879 1405 pervenis-

312 1417 454 1474 sent,
485 1424 513 1464 a
546 1411 706 1482 longo
733 1430 828 1483 per
855 1416 1088 1471 medium
1119 1420 1340 1490 pelagus
1372 1423 1567 1480 itinere
1590 1426 1876 1496 quiescen-

305 1506 412 1565 tes,
428 1510 646 1555 cantum
671 1502 896 1574 Deo,qui
920 1507 1263 1564 incruentum
1291 1513 1554 1570 adversus
1579 1516 1787 1572 hostem
1810 1519 1877 1572 si-

304 1585 360 1639 bi
398 1588 692 1654 tropbaaum
738 1593 1066 1660 praebuerat,
1111 1607 1266 1666 grato
1305 1602 1487 1657 animo
1527 1605 1871 1675 cecinerunt,

1989 429 2148 502 λάϐῃ,
2189 433 2308 485 κατ’
2355 433 2571 489 εὐθεῖαν
2613 437 2750 507 πρὸς
2787 437 2848 490 τὸ
2885 437 3070 508 ἕτερον
3104 438 3428 510 διεξέρχεται
3466 442 3572 494 7:13:-

1991 538 2089 591 ρας
2115 539 2127 552 ο
2181 524 2322 577 οὕτω
2366 526 2567 590 παντὸς
2615 527 2708 588 τοῦ
2749 528 3016 598 πελάγους
3058 531 3292 598 ἐκείνου,
3323 533 3466 586 κατὰ
3505 535 3572 586 τὸ

1987 611 2158 680 ἄκρον
2187 613 2596 686 ὑπορραγέντος
2617 619 2682 688 τῇ
2703 618 2904 690 ῥάϐδῳ,
2939 621 3034 673 ἐπὶ
3057 621 3157 692 τὴν
3179 622 3572 693 ἀντικειμένην

1985 700 2160 771 ὄχθην
2198 705 2291 756 καὶ
2323 706 2356 774 ή
2378 705 2485 760 τῶν
2513 709 2770 779 κυμάτων
2801 709 2954 782 ῥῆξις
2991 712 3244 784 ἐπέρασε.
3267 715 3378 768 Καὶ
3399 733 3572 769 κατα-

1987 791 2088 855 ϐάς
2109 794 2203 846 ἐπὶ
2233 795 2292 847 τὸ
2315 795 2478 864 βάθος
2507 800 2535 851 ὁ
2551 800 2812 871 Μωῦσῆς,
2835 800 2954 854 καθ’
2973 802 3001 854 ὃ
3021 803 3282 874 διετμήθη
3305 803 3366 856 τὸ
3393 805 3574 858 πέλα-

1986 899 2102 950 γος,
2140 883 2237 937 σὺν
2259 888 2419 942 παντὶ
2444 889 2522 958 τῷ
2549 888 2663 960 λαῷ
2700 890 2879 960 βύθιος
2914 887 3002 963 ἦν,
3037 895 3095 947 ἐν
3130 893 3346 965 ἀϐρόχῳ
3381 912 3442 948 τε
3465 899 3569 950 καὶ

1984 971 2288 1046 ἡλιουμένῳ
2343 977 2422 1047 τῷ
2472 975 2718 1049 σώματι’
2755 981 2845 1035 καὶ
2891 980 3028 1053 πεζῇ
3070 981 3171 1046 τάς
3193 983 3463 1048 ἀϐύσσους
3503 987 3571 1038 ἐν

1983 1062 2131 1135 ξηρῷ
2149 1064 2227 1135 τῷ
2258 1066 2490 1138 πυθμένι
2541 1069 2640 1139 τῆς
2684 1069 2957 1142 θαλάσσης
2991 1072 3420 1144 διεξερχόμενος,
3456 1076 3569 1129 οὐκ

1980 1154 2237 1209 ἐδεδοίκει
2288 1157 2387 1230 τὴν
2426 1159 2768 1230 αὐτοσχέδιον
2793 1163 3006 1234 ἐκείνην
3051 1164 3116 1217 ὲκ
3163 1167 3420 1236 κυμάτων
3439 1183 3569 1220 τει-

1979 1247 2243 1314 χοποιΐαν,
2277 1248 2426 1302 ἔνθεν
2453 1252 2547 1303 καὶ
2575 1250 2747 1317 ἐνθεν,
2771 1253 2980 1322 τείχους
3014 1254 3189 1326 δίκην,
3222 1275 3567 1330 παραπεπη-

1978 1338 2138 1405 γυίας
2170 1339 2353 1402 αὐτοῖς
2386 1343 2450 1393 ἐκ
2485 1341 2728 1412 πλαγίων
2753 1346 2854 1415 τῆς
2896 1347 3093 1417 ἅλμης.
3127 1348 3233 1402 T05
3262 1350 3319 1403 δὲ
3355 1350 3568 1422 Φαραὼ

1980 1427 2122 1496 μετά
2145 1427 2251 1480 τῶν
2271 1431 2582 1496 Αἰγυπτίων
2613 1435 3056 1499 συνεισπεσόντος
3079 1437 3171 1489 ἐπὶ
3193 1437 3256 1490 τὸ
3293 1439 3564 1508 πέλαγος,

1977 1517 2120 1571 κατά
2152 1519 2250 1590 τὴν
2273 1522 2757 1592 καινοτομηθεῖσαν
2779 1525 2995 1596 ἐκείνην
3022 1527 3140 1580 ὁδὸν
3155 1530 3210 1580 ἐν
3230 1531 3342 1592 τοῖς
3372 1529 3560 1595 ὕδασι,

1979 1607 2146 1661 πάλιν
2203 1611 2532 1664 συνάπτεται
2567 1612 2630 1665 τὸ
2675 1613 2819 1684 ὕδωρ
2845 1614 2924 1684 τῷ
2957 1615 3129 1681 ὕδατι,
3174 1617 3268 1670 καὶ
3315 1619 3564 1672 ἀνακλυ-

305 1676 679 1748 ιλΕεγριὶονυιη
704 1685 941 1738 exercitu
966 1687 1240 1754 universo,
1264 1693 1441 1760 equis,
1467 1697 1653 1760 armis,
1669 1713 1730 1752 ac
1752 1713 1872 1754 cur-

1982 1700 2201 1772 σθείσης
2231 1702 2364 1772 πρὸς
2389 1703 2587 1774 ἑαυτὴν
2614 1704 2714 1774 τῆς
2734 1671 3009 1776 θοίλάσσης
3038 1671 3254 1761 κατὰτὸ
3288 1710 3566 1782 πρότερον

303 1767 458 1822 ribus
481 1771 614 1824 mari
638 1771 930 1843 absorptis.
970 1776 1090 1831 Mox
1127 1781 1299 1850 pergit
1334 1781 1566 1855 Moyses,
1606 1789 1878 1859 triumque

303 1859 513 1918 dierum
546 1861 738 1920 itinere
769 1866 1039 1934 confecto,
1067 1886 1192 1924 cum
1224 1888 1364 1942 aqua
1395 1875 1668 1942 deliceret,
1699 1880 1752 1934 in
1779 1896 1877 1935 an-

303 1951 511 2020 gustias
531 1953 817 2024 redigitur,
846 1973 958 2013 non
988 1961 1270 2019 inveniens
1294 1981 1404 2034 quo
1432 1967 1575 2022 sitim
1601 1972 1876 2029 exercitus

302 2042 592 2100 solaretur.
633 2044 762 2102 Erat
794 2063 1050 2122 namque,
1092 2053 1159 2107 ad
1193 2070 1354 2124 quem
1392 2066 1573 2114 castra
1608 2061 1874 2128 locarant,

302 2135 457 2191 lacus
485 2139 705 2207 quidam
734 2141 1067 2200 marinarum
1095 2161 1381 2217 aquarum,
1404 2160 1567 2222 atque
1593 2155 1727 2210 adeo
1760 2172 1878 2211 ma-

301 2225 423 2280 rina
454 2229 718 2298 amarior;
753 2233 839 2286 cui
871 2249 994 2289 cum
1027 2237 1386 2309 adsedissent,
1416 2243 1617 2312 sitique
1649 2253 1875 2317 torque-

302 2324 512 2382 rentur,
532 2317 744 2391 Moyses
763 2321 947 2379 divino
969 2331 1208 2383 monitus
1235 2333 1477 2400 oraculo,
1503 2333 1707 2404 lignum
1727 2339 1873 2406 quod

303 2407 359 2460 in
391 2408 472 2462 eis
502 2410 636 2466 locis
659 2414 960 2480 invenerat,
993 2419 1049 2472 in
1087 2420 1206 2476 illas
1245 2437 1416 2492 aquas
1453 2427 1682 2480 marinis
1720 2443 1874 2483 acer-

1981 1791 2186 1861 σχῆμα,
2212 1793 2308 1862 μία
2340 1792 2432 1845 τοῦ
2464 1793 2653 1858 ὓδατος
2678 1797 2966 1864 ἐπιφάνειά
2985 1814 3046 1849 τε
3067 1799 3159 1850 καὶ
3183 1798 3304 1867 ὄψις
3318 1800 3560 1866 γίνεται,

1977 1882 2078 1952 ἦδη
2107 1882 2214 1936 τῶν
2254 1883 2602 1954 Ἰσραηλιτῶν
2635 1887 2726 1938 ἐπὶ
2770 1887 2870 1956 τῆς
2904 1887 3080 1959 πέραν
3105 1888 3284 1958 ἠϊόνος
3318 1891 3383 1942 τὸ
3413 1891 3563 1944 πολῦ

1976 1988 2034 2023 τε
2067 1973 2158 2025 καὶ
2185 1973 2432 2028 σύντονον
2485 1976 2584 2047 τῆς
2619 1976 2706 2029 διά
2729 1976 2822 2030 τοῦ
2853 1979 3120 2047 πελάγους
3153 1982 3378 2052 πορείας
3415 1983 3564 2036 ἀνα-

1978 2065 2283 2130 παυόντων,
2311 2067 2400 2119 ὅτε
2426 2068 2520 2120 καὶ
2542 2067 2639 2138 τὴν
2674 2069 2937 2123 ἐπινίκιον
2967 2065 3106 2142 ᾖσαν
3143 2071 3286 2142 ᾠδὴν
3309 2071 3386 2141 τῷ
3405 2070 3553 2142 Θεῷ,

1975 2155 2052 2226 τῷ
2075 2157 2196 2208 τότε
2235 2157 2569 2227 ἀναίμακτον
2591 2159 2731 2229 ὑπὲρ
2757 2159 2934 2214 αὐτῶν
2961 2161 3233 2232 ἐγείραντι
3266 2163 3559 2234 τρόπαιον,

1976 2244 2194 2298 πάντων
2225 2250 2562 2318 πανστρατιᾷ
2599 2249 2708 2303 τῶν
2743 2250 3078 2318 Αἰγυπτίων,
3115 2251 3296 2314 αὐτοῖς
3329 2253 3424 2306 καὶ
3464 2251 3561 2307 ἴπ-

1975 2353 2098 2400 ποις
2130 2337 2223 2389 καὶ
2242 2337 2424 2402 ὅπλοις
2455 2341 2548 2392 καὶ
2591 2339 2849 2411 ἅρμασιν,
2882 2344 3283 2412 ἀφανισθέντων
3323 2343 3558 2399 ὑπὸτοῦ

1975 2425 2186 2488 ὓδατος.
2222 2422 2355 2481 Εἶτα
2383 2427 2628 2499 πρόεισιν
2652 2431 2745 2483 ἐπὶ
2775 2431 2843 2484 τά
2886 2417 3074 2502 πρόσω
3103 2435 3131 2486 ὁ
3155 2433 3417 2503 Μωῢσῆς,
3450 2434 3560 2488 καὶ

302 2497 484 2554 biores
515 2500 771 2558 immisit:
822 2515 877 2561 et
933 2507 1102 2573 illico,
1148 2519 1344 2566 natura
1400 2514 1551 2583 ligni,
1612 2530 1872 2585 aquarum

303 2586 482 2641 ablata
523 2592 909 2661 amaritudine,
933 2595 1120 2652 dulces
1161 2606 1324 2669 atque
1367 2603 1629 2670 potabiles
1670 2605 1876 2661 ell‘ectae

301 2677 543 2734 fuerunt.
585 2680 758 2738 Nobis
800 2684 996 2740 deinde
1038 2687 1226 2755 ductu,
1271 2706 1432 2762 quam
1480 2697 1871 2765 praecedentem

1973 2515 2138 2586 τριῶν
2179 2516 2402 2586 ἡμερῶν
2447 2518 2672 2588 ἄνυδρον
2698 2519 2974 2583 διοδεύσας
2997 2521 3138 2585 ὁδὸν,
3176 2523 3235 2575 ἐν
3265 2521 3559 2592 ἀμηχανίᾳ

1972 2606 2202 2674 γίνεται,
2253 2607 2327 2678 μὴ
2358 2607 2494 2678 ἔχων
2521 2609 2666 2673 ὅπως
2694 2610 2787 2663 τοῦ
2827 2611 3056 2682 στρατοῦ
3083 2613 3143 2664 τὸ
3170 2611 3322 2681 δίψος
3363 2629 3555 2683 παρα-

1976 2699 2299 2770 μυθήσηται.
2335 2695 2444 2753 Ἦν
2484 2701 2592 2772 γάρ
2625 2718 2709 2765 τις
2734 2701 2917 2773 λίμνη,
2949 2704 3076 2774 περὶ
3107 2703 3173 2774 ἢν
3209 2705 3554 2773 ἐστρατοπέ-

301 2774 689 2845 sequebantur,
711 2784 764 2832 et
788 2793 892 2848 qua
925 2789 1104 2838 stante
1135 2783 1239 2854 ipsi
1264 2801 1480 2857 quoque
1505 2797 1684 2844 castra
1711 2799 1872 2846 meta.

1976 2792 2181 2854 δευσαν,
2249 2791 2536 2846 θαλασσίου
2599 2793 2806 2860 ὕδατος,
2846 2793 3043 2864 μᾶλλον
3074 2794 3132 2847 δὲ
3164 2793 3470 2865 πικροτέρα
3517 2795 3554 2864 ἢ

300 2863 519 2930 bantur,
557 2866 623 2920 ad
653 2869 828 2924 locum
863 2871 1154 2927 deveniunt
1189 2876 1346 2944 aquis
1384 2887 1546 2947 atque
1584 2880 1872 2937 arboribus

1976 2880 2113 2933 κατά
2135 2880 2426 2934 θάλασσαν.
2462 2880 2615 2934 Ἐπεὶ
2655 2877 2747 2934 οὖν
2793 2863 3232 2950 προσκαθήμενοι
3257 2863 3335 2951 τῷ
3366 2863 3554 2941 ὕδατι,

303 2956 755 3012 amoenissimum.
805 2960 1096 3017 Duodecim
1140 2965 1283 3019 enim
1329 2968 1570 3025 fontibus
1616 2974 1872 3029 continue

1976 2972 2048 3041 τῷ
2079 2972 2220 3041 δίψει
2242 2971 2334 3024 τοῦ
2359 2971 2549 3035 ὓδατος
2581 2971 2970 3040 κατεφλέγοντο
2992 2987 3005 3000 ’
3040 2962 3222 3023 θεόθεν
3242 2967 3386 3037 αὑτῷ
3407 2984 3556 3037 συμ-

304 3047 650 3117 irrigabatur,
669 3061 721 3105 et
743 3057 1083 3126 septuaginta
1105 3061 1299 3128 palmis
1321 3064 1565 3119 consitus
1593 3077 1728 3130 erat,
1747 3081 1868 3136 qua:

1976 3063 2167 3132 Βουλῆς
2191 3063 2582 3134 γεγενημένης,
2620 3063 2773 3128 ξύλον
2804 3079 2856 3115 τι
2886 3061 3011 3131 περὶ
3039 3061 3132 3114 τὸν
3152 3060 3312 3112 τόπον
3344 3058 3553 3127 εὑρὼν,

303 3154 471 3208 parvo
501 3140 605 3195 hoc
637 3157 884 3207 numero,
913 3162 978 3202 eo
999 3151 1142 3217 quod
1168 3153 1572 3220 pulchritudine
1596 3163 1650 3210 et
1678 3173 1868 3227 proce-

1976 3151 2223 3222 ὲμϐάλλει
2269 3151 2346 3221 τῷ
2393 3151 2581 3206 ύδατι·
2629 3151 2688 3204 τὸ
2734 3151 2789 3204 δὲ
2824 3150 3165 3251 παραζρημα
3192 3149 3420 3251 πότιμον

302 3231 462 3284 ritate
495 3232 839 3298 excellerent,
881 3238 1141 3293 miraculo
1176 3241 1482 3300 videntibus
1519 3257 1693 3301 erant.
1728 3248 1867 3302 Hinc

1976 3240 2060 3292 :05
2091 3239 2244 3304 ξύλου
2274 3243 2340 3311 τῇ
2364 3241 2542 3311 οἰκείᾳ
2568 3241 2790 3310 δυνάμει
2811 3241 2911 3310 τὴν
2929 3239 3023 3292 τοῦ
3055 3238 3242 3300 ὕδατος
3271 3236 3434 3307 φύσιν
3462 3240 3556 3299 εἰς

302 3329 448 3373 mota
481 3337 672 3378 rursus
699 3325 806 3380 dux
833 3327 923 3382 illa
950 3329 1140 3395 nubes,
1166 3332 1331 3386 alium
1359 3335 1412 3388 in
1441 3335 1618 3390 locum
1646 3337 1868 3394 deduxit

1976 3330 2160 3401 ἡδονὴν
2206 3332 2270 3384 ἐκ
2314 3330 2538 3401 πικρίας
2581 3330 3070 3400 μετακεράσαντος.
3095 3329 3204 3398 Τῆς
3232 3327 3288 3380 δὲ
3314 3325 3556 3397 νεφέλης

302 3413 621 3468 exercitum.
644 3415 772 3470 Erat
802 3418 890 3473 bie
909 3427 1086 3475 autem
1112 3422 1380 3490 desertus,
1406 3440 1570 3482 arena
1595 3429 1863 3495 obtectus,

1976 3421 2381 3491 μεταναστάσης
2409 3421 2500 3472 ἐπὶ
2527 3422 2592 3473 τά
2614 3421 2822 3492 πρόσω,
2858 3422 3099 3473 κάκεῖνοι
3121 3419 3212 3470 ἐπὶ
3240 3420 3305 3488 τῇ
3330 3417 3555 3516 κινήσει

301 3518 366 3556 ac
412 3505 632 3570 sterilis,
669 3524 769 3563 nec
803 3510 912 3565 ullo
945 3526 1208 3581 aquarum
1252 3515 1456 3572 ﬂuento
1494 3518 1863 3589 irrigabatur:

1976 3510 2060 3563 :05
2087 3510 2404 3581 ὁδηγοῦντος
2429 3527 2492 3562 συ
2500 3527 2537 3580 μ
2545 3526 2710 3579 μεταν
2719 3509 2948 3571 ίσταντο,
2971 3508 3055 3561 ἀεὶ
3067 3506 3223 3560 τοῦτο
3235 3505 3551 3569 ποιοῦντες,

302 3594 391 3648 ubi
430 3611 622 3653 rursus
661 3601 893 3669 populus
932 3603 1023 3656 siti
1067 3603 1418 3676 amigebatur.
1453 3609 1524 3661 At
1559 3608 1771 3680 Moyses
1799 3626 1866 3665 cx

1976 3602 2267 3673 παυόμενοι
2295 3619 2356 3656 τε
2391 3603 2490 3672 τῆς
2529 3600 2774 3671 πορείας,
2805 3603 2864 3654 ἐν
2892 3593 3043 3669 ᾧπερ
3081 3600 3145 3652 ἂν
3176 3601 3210 3669 ἡ
3223 3600 3418 3704 ,ρτάσις
3440 3598 3549 3704 τῆς

301 3683 480 3753 lapide
509 3687 743 3756 quodam
774 3690 925 3762 virga
952 3708 1237 3763 percusso,
1277 3697 1675 3766 jucundissima
1706 3710 1868 3770 atque

1976 3694 2192 3764 νεφέλης
2248 3694 2307 3746 τὸ
2344 3694 2442 3763 τῆς
2495 3692 2854 3754 ἀναπαύσεως
2903 3690 3068 3744 ἐδωκε
3119 3690 3390 3759 σύνθημα,
3448 3691 3551 3792 καὶ

300 3775 677 3841 copiosissima
701 3795 962 3849 aquarum
985 3785 1431 3843 lluenta‘exsilire
1448 3789 1590 3844 fecit.
1611 3789 1705 3845 Hic
1722 3808 1869 3846 com-

1976 3787 2295 3857 ἀπαίροντες
2344 3785 2524 3851 πάλιν,
2573 3777 2747 3855 οὗπερ
2781 3783 2846 3836 ἂν
2893 3785 2925 3853 ἡ
2966 3783 3162 3853 νεφέλη
3192 3782 3290 3850 τῆς
3316 3780 3550 3852 πορείας

1968 3877 2146 3930 αὐτῶν
2196 3876 2537 3945 ἀφηγήσατο.
2585 3875 3075 3945 Καταλαμϐάνουσι
3126 3874 3202 3936 δὲ,
3242 3871 3318 3942 τῷ
3359 3871 3551 3941 ὁδηγῷ

1966 3965 2138 4034 τούτῳ
2187 3965 2464 4032 ἑπόμενοι,
2499 3963 2665 4018 τόπον
2717 3963 2867 4016 ὕδατι
2924 3962 3144 4032 ποτίμῳ
3176 3962 3545 4032 κατάρρυτον,

1967 4055 2346 4108 δυοδεκαίδεκα
2371 4056 2572 4124 πηγαῖς
2585 4053 2828 4121 ἀφθόνως
2855 4051 3330 4124 περικλυζόμενον.
3361 4049 3548 4103 Ἑϐδο-

1973 4151 2214 4218 μήκοντα
2270 4147 2327 4199 δέ
2377 4143 2518 4216 ἦσαν
2570 4148 2619 4197 οί
2666 4145 2924 4214 φοίνικες,
2975 4141 3268 4214 ἀρκοῦντες
3317 4141 3412 4194 καὶ
3483 4142 3554 4193 ἐν

302 3873 514 3921 meatus
540 3868 703 3921 etiam
728 3872 925 3936 omnis,
957 3888 1116 3941 quem
1147 3885 1404 3932 exeuntes
1427 3879 1496 3933 ab
1516 3877 1752 3950 JEgyptn
1775 3881 1869 3933 ad-

301 3955 588 4020 duxerant,
623 3972 746 4011 cum
782 3959 1087 4026 defecisset,
1115 3972 1169 4018 et
1195 3967 1425 4035 populus
1459 3967 1600 4022 fame
1655 3985 1869 4038 preme-

301 4056 474 4114 retur,
511 4051 829 4105 miraculum
862 4051 940 4118 lit,
985 4054 1128 4122 quod
1153 4070 1266 4123 pra:
1292 4057 1502 4112 caeteris
1527 4066 1609 4111 est
1637 4059 1871 4113 incredi-

302 4136 448 4191 bile:
490 4152 597 4192 non
641 4153 670 4192 a
708 4147 851 4193 terra
881 4139 1032 4209 ipsis,
1065 4151 1122 4195 ut
1146 4143 1302 4208 solet,
1335 4160 1456 4213 quae
1494 4147 1694 4199 victum
1728 4163 1867 4217 prae-
1973 4151 2214 4218 μήκοντα
2270 4147 2327 4199 δέ
2377 4143 2541 4240 ἦσαν*
2570 4148 2619 4197 οι
2666 4145 2924 4240 φοίνικες,
2975 4141 3268 4240 ἀρκοῦ-ντες
3317 4159 3348 4240 κ

303 4228 540 4292 stabant,
567 4229 904 4296 oriebantur,
929 4230 1022 4285 sed
1047 4246 1076 4286 a
1097 4231 1235 4286 coalo
1261 4233 1503 4302 quotidie
1528 4235 1671 4290 roris
1695 4235 1869 4291 instar

1976 4237 2134 4307 ὀλίγῳ
2201 4236 2278 4308 τῷ
2334 4234 2552 4306 ἀριθμῷ
2597 4234 2730 4288 πολὺ
2795 4235 3018 4303 ποιῆσαι
3076 4235 3186 4294 τοῖς
3248 4229 3417 4301 ὁρῶσι
3479 4228 3549 4281 τὸ

301 4316 626 4373 deﬂuebant.
673 4318 883 4375 Etenim
930 4323 1032 4377 sub
1075 4323 1453 4392 crepusculum
1497 4327 1729 4395 sparsim
1779 4344 1869 4384 ros

1976 4328 2156 4398 θαῦμα
2178 4326 2283 4397 ,τῷ
2317 4327 2632 4397 ὑπεραίρειν
2665 4326 2803 4379 κατὰ
2837 4327 2898 4378 τὸ
2923 4323 3114 4385 κάλλος
3134 4339 3194 4374 τε
3237 4321 3332 4374 καὶ
3371 4318 3544 4389 μέγε-

302 4409 734 4478 dill‘undebatur,
777 4414 868 4482 qui
917 4415 972 4468 in
1015 4416 1194 4470 cibum
1239 4431 1300 4470 se
1328 4414 1491 4470 dabat
1525 4417 1864 4489 legentibus;

303 4507 460 4574 isque
480 4521 589 4558 non
617 4520 848 4574 aqueum
875 4516 1013 4571 erat,
1042 4517 1100 4562 ut
1124 4511 1176 4564 in
1209 4524 1331 4564 rore
1355 4509 1471 4564 ﬁeri
1501 4512 1721 4577 assolet,
1747 4512 1866 4566 stil-

300 4596 568 4662 licidium,
608 4597 702 4652 sed
740 4598 858 4652 loco
894 4608 1166 4671 guttarum
1195 4602 1496 4673 crystallini
1537 4604 1771 4672 grumuli
1813 4605 1866 4657 in

299 4688 574 4743 coriandri
607 4690 830 4746 seminis
856 4690 1084 4746 formam
1109 4694 1434 4763 conglobati,
1465 4694 1604 4764 quod
1636 4693 1869 4749 rustica-

298 4783 395 4836 tim
418 4781 616 4838 dicitur
643 4783 971 4856 κολίανδρον,
1004 4787 1405 4842 descendebant
1431 4807 1442 4842 :
1479 4789 1569 4858 qui
1587 4788 1654 4842 ad
1683 4788 1864 4843 cibum

298 4874 512 4929 collecti
544 4883 762 4944 gustum
791 4876 967 4929 mellis
1001 4892 1135 4945 pene
1163 4877 1478 4932 all‘erebaut.

1977 4426 2085 4486 θος.
2130 4421 2299 4474 Πάλιν
2350 4419 2601 4472 κάκεῖθεν
2648 4420 2677 4471 ὁ
2712 4417 2905 4489 ὀδηγὺς
2938 4419 2971 4487 ὴ
3009 4415 3203 4485 νεφέλη
3241 4412 3375 4483 πρὸς
3419 4412 3541 4464 ’ἐτεο

1978 4531 2070 4586 ρον
2125 4511 2246 4579 ἄγει
2281 4511 2444 4563 τόπον
2495 4507 2587 4560 τὸν
2631 4507 2858 4578 στρατὸν
2887 4507 3256 4576 ἀναστήσασα.
3295 4502 3546 4571 ’Ἑρημος

1973 4605 2029 4658 δέ
2069 4621 2151 4666 τις
2201 4593 2354 4662 οὗτος
2413 4594 2523 4669 ἦν,
2584 4602 2640 4651 ἐν
2695 4599 2957 4668 αὑχμηρᾷ
3019 4597 3113 4650 καὶ
3169 4591 3545 4660 διακεκαλυμ-

1977 4697 2112 4767 μένῃ
2178 4695 2244 4762 τῇ
2318 4691 2571 4761 ψάμμῳ,
2675 4689 2943 4759 μηδεμιᾶς
3017 4686 3223 4740 ὑδάτων
3316 4681 3547 4752 ἰκμάδος

1975 4781 2394 4850 ὑπονοτιζούσης
2449 4780 2536 4831 τὸν
2597 4778 2806 4848 χῶρον,
2868 4780 2924 4830 ἐν
2975 4771 3020 4844 ᾧ
3068 4777 3230 4829 πάλιν
3281 4773 3372 4826 τὸν
3411 4770 3546 4823 λαὸν

1971 4874 2067 4928 τοῦ
2093 4874 2276 4942 δίψους
2311 4870 2804 4939 καταπονήσαντος,
2844 4869 3017 4938 πέτρα
3040 4884 3125 4929 τις
3154 4866 3245 4917 ἐπὶ
3266 4860 3546 4932 γεωλόφου

301 4970 480 5042 ῥάϐδῳ
525 4970 793 5042 πληγεῖσα
837 4970 987 5042 παρά
1031 4971 1123 5024 :05
1172 4972 1469 5034 Μωῦσέως,
1503 4970 1644 5042 ὕδωρ
1674 4973 1947 5026 ἐκδίδωσιν
1975 4970 2072 5042 ἡδύ
2105 4985 2178 5067 ’τε
2209 4967 2321 5067 uacat
2356 4962 2766 5067 7:0:t90v,nxattr
2928 4961 3114 5067 χρείας
3146 4961 3239 5067 “to?
3285 4961 3546 5067 τξὶσοῖὖξου

298 5062 428 5116 λαοῦ
467 5063 865 5135 δαψιλέστερον.
898 5061 1066 5115 Ἔνθα
1091 5060 1156 5130 δὴ
1187 5061 1280 5113 καὶ
1307 5062 1404 5130 τῆς
1433 5066 1782 5133 παρασκευῆς
1815 5063 1921 5115 τῶν
1955 5059 2172 5132 τροφῶν
2205 5053 2578 5161 ἐπιλιπούσηςῖ
2615 5053 2679 5122 ἣν
2709 5052 2768 5161 εξξ
2813 5054 3087 5161 Αίγύῖττξυ

300 5157 496 5227 πορίαν
529 5158 922 5222 ἐπεσιτίσαντο,
952 5156 1045 5209 καὶ
1067 5154 1208 5225 λιμῷ
1248 5154 1342 5210 τοῦ
1382 5155 1509 5209 λαοῦ
1565 5156 1918 5226 πιεζομένου·
1963 5155 2168 5222 γίνεται
2206 5150 2268 5202 τὸ
2295 5147 2906 5246 πάντωνηάπιστότατοέι
2952 5144 3155 5246 θαυμα,
3191 5160 3289 5194 ουκ
3320 5144 3544 5246 ἐκγης,

299 5209 526 5302 κατάντὸ
552 5209 954 5318 νενομισμένον,
984 5209 1306 5316 αὑτοίςιτῆς
1346 5246 1547 5316 τροφῆς
1587 5209 1933 5315 φαίνομένης,
1961 5209 2072 5295 ἀλλ’
2109 5238 2311 5294 ἄνωθεν
2349 5239 2412 5290 ἐκ
2449 5235 2538 5289 :05
2583 5234 2810 5306 ούρανοῦ
2863 5233 3178 5304 δροσοειδῶς
3212 5231 3546 5300 καταρῤεού-

302 5359 420 5412 σης.
457 5341 656 5412 Δρόσος
686 5340 794 5410 γὰρ
827 5341 1006 5401 αὐτοῖς
1033 5338 1274 5408 ἐπεχεῖτό
1307 5339 1447 5393 κατὰ
1479 5341 1568 5393 τὸν
1599 5340 1824 5411 ὄρθρον·
1861 5337 2034 5411 τροφὴ
2067 5335 2131 5434 ίδὲ
2153 5337 2272 5434 soi;
2309 5332 2805 5434 Omoexonpévom‘i}.
2829 5330 3014 5434 δρόσος
3046 5328 3268 5434 ἐγίνετο.
3310 5326 3408 5434 ’ξδ’
3433 5326 3546 5434 γάρ

301 5435 670 5504 ἐπιχεόμενον,
701 5433 762 5484 οὑ
803 5433 953 5503 ῥανὶς
986 5431 1257 5504 ὑδατώδης
1279 5428 1368 5502 ἦν,
1399 5431 1580 5494 καθὼς
1613 5431 1843 5528 σύνηθές
1881 5431 2028 5528 ἐστιν
2064 5429 2120 5479 ἐν
2149 5425 2323 5528 δρόσιρ
2369 5423 2647 5528 γίνεσθακιιο
2694 5421 2805 5528 ἀλλ’
2840 5421 2957 5520 ἀντὶ.
2996 5420 3268 5528 σταγόνων

300 5525 443 5586 τινὲς
477 5520 933 5593 κρυσταλλοειδεὶς
970 5522 1030 5575 τὸ
1060 5520 1216 5590 εἶδος,
1256 5523 1400 5577 κατά
1451 5522 1511 5574 τὸ
1563 5521 1771 5590 σχῆμα,
1820 5519 1848 5570 ὃ
1888 5515 2218 5588 ἁγροικικῶς
2260 5514 2472 5580 λέγεται
2521 5512 2827 5584 κολίανδρον
2863 5511 2957 5565 τοῦ
3000 5511 3180 5581 χορίου
3209 5511 3543 5579 σπέρματος,

303 5613 699 5695 ςείᾳιρωθέντες
738 5613 1046 5686 κατέρρεον,
1082 5610 1155 5671 ὧν
1186 5620 1219 5686 ἡ
1260 5617 1444 5686 γεῦσις
1467 5615 1564 5684 τὴν
1587 5613 1679 5666 τοῦ
1713 5612 1926 5682 μέλιτος
1963 5611 2153 5682 ἡδονὴν
2183 5606 2520 5678 ὑπεκρίνετο.
