3766 5988
114 252 211 312 διδ

1420 256 1506 316 DE
1544 262 1705 317 VlTA
1742 258 2021 317 MOYSIS.

3260 264 3366 323 διι

177 365 436 440 Τούτῳδέ
458 366 539 440 τῷ
567 369 805 442 θαύματι
838 368 1219 444 συνεθεωρεῖτο
1246 371 1339 428 καὶ
1369 370 1430 427 τό
1462 375 1645 447 ἕτερον
1662 391 1677 406 ·

1862 373 1998 428 lluic
2035 374 2295 432 miraculo
2344 378 2636 434 accedebat
2692 388 2746 434 et
2774 378 2961 435 aliud:
3009 381 3196 438 multis
3214 384 3364 438 enim

114 461 171 514 τὸ
199 459 408 524 πάντας
440 460 534 513 ἐπὶ
563 459 664 531 τὴν
712 461 971 533 συλλογὴν
1002 462 1274 529 ἐξιόντας,
1312 464 1371 516 ὲν
1408 464 1683 536 διαφόροις

118 553 203 617 (ὡς
220 550 395 621 εἰκὸς)
422 551 663 622 ἡλικίαις
682 567 744 605 τε
762 552 854 605 καὶ
871 553 1150 623 δυνάμεσι,
1170 554 1307 624 μήτε
1327 553 1546 608 ἔλαττον
1568 554 1684 607 ἓτε-

121 659 202 713 ρον
224 642 438 713 ἑτέρου,
469 641 610 696 κατὰ
639 641 735 713 τὴν
754 645 852 713 τῆς
874 642 1152 713 δυνάμεως
1178 643 1456 715 διαφορὰν,
1491 662 1682 714 συγκο-

123 732 399 803 μίζεσθαιο
429 732 567 787 ἀλλά
594 733 905 804 μετρεῖσθαι
928 737 993 804 τῇ
1025 734 1252 788 ἑκάστου
1285 735 1437 807 χρείᾳ
1462 736 1526 789 τὸ
1559 753 1682 791 συν-

120 824 398 894 αγόμενον,
427 823 506 886 ὡς
536 825 672 895 μήτε
712 825 803 878 τὸν
823 822 1189 898 δυνατώτερον
1218 827 1280 879 τὸ
1308 826 1470 882 πλέον
1514 826 1678 899 ἔχειν,

123 914 249 982 μήτε
294 910 648 966 δλαττοῦσθαι
672 913 772 983 τῆς
813 914 1112 984 ἰσομοιρίας
1137 915 1233 968 τὸν
1274 915 1684 989 ἀσθενέστερον.

120 1002 281 1055 Πάλιν
324 1002 421 1054 ἐπὶ
444 1002 621 1073 τούτῳ
646 1001 832 1073 ἕτερον
859 1002 1040 1074 θαῦμα
1068 1007 1102 1075 ή
1136 1006 1345 1077 ίστορία
1375 1007 1559 1079 φησὶν,
1599 1008 1681 1062 ὅτι

118 1091 174 1143 τὺ
195 1090 333 1161 πρὸς
368 1092 586 1163 ⁴ἡμέραν
620 1091 851 1155 ἕκαστος
876 1092 1252 1165 κομιζόμενος,
1285 1096 1439 1149 οὐδὲν
1469 1099 1549 1162 είς
1583 1103 1682 1170 τὴν

119 1182 237 1251 ἑξῆς
270 1181 583 1238 ἀπετίθετο.
643 1182 735 1252 Τῷ
784 1182 839 1236 δὲ
883 1184 1139 1256 φειδωλία
1181 1185 1289 1239 τινὶ
1331 1187 1468 1259 πρὸς
1490 1187 1588 1259 τὴν
1618 1190 1683 1243 ὲκ

117 1276 209 1346 τῆς
234 1275 520 1346 παρούσης
545 1276 751 1347 τροφῆς
779 1275 1149 1347 ταμιεύσαντι,
1170 1278 1439 1350 ἄχρηστον
1458 1276 1525 1351 ἦν
1547 1282 1682 1351 πρὸς

119 1366 318 1435 τροφὴν
366 1365 431 1419 τὸ
473 1367 766 1431 ἀπόθετον,
819 1368 900 1431 είς
951 1368 1249 1440 σκωλήκων
1304 1369 1465 1438 φύσιν
1513 1388 1681 1441 μετα-

119 1454 455 1525 ποιούμενον.
488 1456 753 1527 Πρόσεστί
780 1474 833 1510 τι
868 1457 962 1510 καὶ
989 1456 1116 1512 ἀλλο
1147 1461 1212 1530 τῇ
1257 1458 1406 1531 παρά
1436 1460 1535 1530 τῆς
1555 1446 1683 1532 τρο-

118 1545 218 1615 φῆς
245 1545 452 1615 ταύτης
496 1547 706 1618 ίστορίᾳ
733 1546 1053 1618 παράδοξον.
1103 1547 1225 1602 Τῶν
1265 1550 1375 1620 γὰρ
1404 1550 1503 1620 τῆς
1531 1550 1682 1603 ἐϐδο-

121 1635 280 1704 μάδος
305 1635 531 1707 ήμερῶν
565 1637 667 1707 τῆς
707 1640 855 1708 μιᾶς,
886 1640 1026 1694 κατά
1050 1656 1172 1693 τινα
1216 1641 1372 1709 λόγον
1400 1642 1680 1712 μυστικὸν,

1789 477 1897 520 nec
1931 464 2046 533 pari
2068 470 2245 533 aetate,
2282 481 2383 522 nec
2404 467 2634 532 viribus,
2671 475 2730 521 ut
2783 476 3207 524 consentaneum
3254 478 3364 535 est,

1789 555 2098 628 aequalibus
2130 556 2198 610 ad
2232 558 2606 615 collectionem
2634 556 3051 624 confluentibus,
3104 575 3215 613 non
3262 561 3359 618 mi-

1790 665 1895 706 nus
1931 648 2074 704 alter
2111 649 2305 713 altero,
2339 657 2433 704 aut
2487 666 2707 721 propter
2744 658 2978 715 aetatem,
3009 657 3106 704 aut
3143 660 3362 720 propter

1787 740 2166 795 inﬁrmitatem
2217 740 2324 795 sibi
2370 742 2667 811 assumpsit
2726 762 2738 797 :
2802 756 2902 797 nec
2961 743 3054 812 qui
3110 742 3360 819 validior,

1788 830 1890 885 sibi
1915 830 2039 901 plus
2079 842 2243 902 quam
2272 837 2417 885 esset
2441 845 2597 901 opus,
2630 846 2731 886 nec
2763 832 2856 900 qui
2890 831 3153 886 inﬁrmior
3180 832 3364 886 minus

1788 920 1843 975 in
1871 935 1935 975 eo
1963 921 2050 975 die
2070 920 2250 991 potuit
2286 919 2546 990 arripere.
2597 921 2752 976 Aliud
2791 923 3014 992 insuper
3036 923 3360 977 miraculum

1788 1011 2018 1065 historia
2040 1012 2228 1073 habet,
2254 1009 2398 1079 quod
2432 1011 2640 1065 scilicet
2664 1027 2776 1067 uno
2807 1013 2895 1067 die
2925 1014 3210 1067 collectum
3245 1012 3363 1067 fue-

1787 1110 1890 1162 rat,
1913 1099 2033 1168 ejus
2064 1099 2200 1162 nihil
2225 1099 2448 1152 omnino
2478 1100 2533 1153 in
2569 1100 2871 1154 crastinqu
2918 1101 3085 1154 fuisse
3113 1114 3363 1153 reserva-

1785 1195 1923 1242 tum.
1959 1187 2114 1254 Quod
2132 1191 2177 1244 si
2199 1189 2325 1258 quis
2348 1190 2542 1244 timore
2573 1188 2759 1244 furtim
2783 1191 3073 1260 quamdam
3104 1190 3208 1244 sibi
3236 1205 3363 1258 paro

1786 1273 2007 1327 ticulam
2030 1274 2098 1328 ad
2124 1275 2424 1330 crastinum
2448 1285 2852 1342 conservasset,
2896 1286 3068 1339 totum
3098 1277 3242 1347 quod
3274 1293 3363 1333 re-

1786 1363 2025 1433 positum
2079 1371 2215 1430 erat,
2277 1381 2376 1436 per
2426 1375 2640 1423 noctem
2698 1378 3007 1439 corruptum
3052 1371 3106 1422 in
3149 1384 3362 1426 vermes

1786 1444 2302 1510 transformabatur.
2327 1455 2424 1511 Est
2449 1456 2504 1511 in
2538 1458 2638 1511 hac
2668 1459 2892 1514 historia
2919 1459 3176 1530 quiddam
3208 1459 3364 1513 mira-

1786 1543 1895 1598 bile
1926 1563 1939 1598 :
1974 1558 2097 1598 nam
2134 1560 2259 1600 cum
2293 1563 2359 1601 ex
2392 1546 2745 1604 bebdomadae
2776 1548 2970 1605 diebus
2994 1565 3100 1603 una
3132 1551 3362 1620 mystica

1788 1636 2001 1690 ratione
2029 1637 2263 1706 quadam
2287 1642 2596 1696 cessatione
2621 1641 2689 1694 ab
2708 1639 2956 1694 Hebraeis
2981 1641 3358 1705 bonoraretur,

117 1727 356 1798 ἀπραξίᾳ
401 1729 789 1800 τετιμημένης,
823 1731 882 1784 ὲν
926 1733 993 1802 τῇ
1037 1732 1144 1803 πρὸ
1177 1733 1344 1804 αὐτῆς
1376 1733 1560 1805 ἡμέρᾳ
1583 1735 1680 1805 τῆς

1786 1741 1850 1782 ne
1900 1727 2033 1797 quid
2080 1728 2139 1782 in
2170 1744 2233 1783 ea
2281 1729 2368 1785 die
2422 1739 2619 1800 praeter
2660 1730 3113 1786 consuetudinem
3178 1729 3362 1786 facere

119 1818 256 1886 ῐσης,
314 1816 395 1879 ὥς
448 1817 584 1889 πρὸς
635 1819 728 1873 τὸν
786 1819 1094 1891 ἔμπροσθεν
1145 1822 1339 1893 χρόνον
1397 1823 1689 1894 γινομένης

116 1909 410 1980 ἐπιρροῆς,
474 1910 571 1963 καὶ⁵
617 1911 718 1981 τῆς
772 1910 882 1965 τῶν
945 1912 1306 1981 συλλεγόντων
1380 1914 1687 1986 προθυμίας

117 1999 174 2050 τὸ
254 1999 373 2053 ἴσον
418 1999 684 2070 ἐχούσης*
733 2002 1016 2058 διπλάσιον
1076 2006 1360 2077 εὑρίσκετο
1415 2008 1511 2061 τοῦ
1565 2026 1689 2062 συν-

116 2088 280 2155 ήθους
338 2088 539 2161 μέτρου
599 2091 663 2144 τὸ
715 2094 1108 2164 συναγόμενον⁸
1165 2095 1241 2160 ὡς
1288 2097 1356 2151 ἂν
1419 2100 1687 2170 μηδεμίαν

117 2178 286 2248 ἔχοιεν
334 2181 622 2253 ἀφορμὴν,
677 2185 745 2255 τῇ
799 2185 898 2256 τῆς
961 2187 1168 2258 τροφῆς
1241 2189 1457 2264 ἀνάγκῃ
1505 2208 1687 2262 παρα-

116 2269 264 2323 λύειν
327 2272 429 2343 τῆς
473 2272 747 2344 ἀπραξίας
807 2275 899 2330 τὸν
938 2277 1119 2347 νόμον.
1192 2280 1282 2333 Ἔν
1356 2276 1401 2349 ᾧ
1454 2282 1518 2354 δὴ
1592 2285 1687 2337 καὶ

117 2361 278 2415 πλέον
325 2363 362 2433 ἡ
414 2363 537 2418 θεία
586 2365 857 2421 ἐδείκνυτο
908 2368 1156 2440 δύναμις,
1207 2372 1287 2424 ὅτι
1333 2375 1455 2436 ταῖς
1495 2374 1683 2439 ἄλλαις

117 2454 368 2525 ἡμέραις,
408 2456 794 2527 ἀχρειουμένου
821 2458 918 2512 τοῦ
964 2461 1402 2532 περισσεύοντος,
1436 2466 1495 2517 ὲν
1546 2467 1682 2538 μόνῃ

114 2547 174 2614 τῇ
209 2545 319 2616 πρὸ
355 2546 451 2599 τοῦ
504 2548 775 2604 σαϐϐάτου
809 2556 1130 2625 παρασκευῇ
1161 2553 1337 2624 (τοῦτο
1373 2555 1480 2628 γὰρ
1512 2556 1683 2627 ὄνομα

112 2637 174 2705 τῇ
236 2635 509 2706 ἀπράκτῳ
578 2640 795 2711 ἡμέρᾳ)
859 2642 921 2694 τὸ
973 2643 1298 2713 ταμιευθὲν,
1360 2646 1682 2720 ἀδιάφθορον

115 2727 347 2792 ἔμεινεν,
397 2729 474 2792 ὡς
518 2733 638 2783 κατ’
663 2732 813 2784 οὐδὲν
845 2728 982 2787 εῖναι
1025 2734 1118 2788 τοῦ
1149 2736 1463 2807 προσφάτου
1504 2737 1681 2793 δοκεῖν

114 2818 428 2889 ἑωλότερον.
480 2818 614 2876 Εἶτα
645 2823 880 2894 πόλεμος
909 2827 1093 2892 αὐτοῖς
1138 2833 1515 2901 συγκροτεῖται
1547 2832 1682 2901 πρός

113 2924 161 2961 τι
184 2909 345 2975 ἔθνος
375 2912 667 2981 ἀλλόφυλον
693 2914 1088 2987 (Ἀμαληκίτας
1115 2920 1173 2973 δὲ
1208 2923 1333 2986 τοὺς
1360 2923 1479 2976 κατ’
1506 2924 1572 2976 αὐ
1585 2922 1682 2977 τῶν

113 3000 228 3104 τότε
260 3003 563 3104 συστάντας
589 3005 841 3104 ὀνομάζει
869 3011 897 3061 6
922 3009 1101 3079 λόγος)
1123 3027 1135 3040 ·
1179 3012 1274 3065 καὶ
1310 3013 1428 3065 τότε
1464 3013 1681 3085 πρῶτον
1709 3046 1750 3104 C

115 3093 186 3154 εις
254 3093 560 3164 παράταξιν
612 3097 671 3149 τὸ
738 3098 1123 3170 Ἰσραηλιτικδν
1174 3102 1559 3168 ’ἐξοπλίζεταν
1620 3106 1681 3157 οὐ

115 3184 455 3252 πανστρατιᾷ
493 3183 706 3238 πάντων
737 3189 1168 3259 συγκινηθέντων
1213 3192 1306 3244 ἐπὶ
1347 3192 1443 3263 τὴν
1479 3193 1682 3264 μάχην,

114 3270 223 3323 ἀλλ’
259 3272 576 3342 ἀριστίνδην
599 3274 1003 3347 ὲξειλεγμένων,
1030 3280 1124 3334 καὶ⁸
1161 3280 1270 3333 τῶν
1300 3283 1356 3334 ἐν
1381 3282 1564 3346 αὐτοῖς
1594 3283 1684 3336 λο-

116 3362 295 3426 γάδων
319 3362 735 3434 ἀναδεξαμένων
759 3367 849 3421 τὸν
868 3369 1103 3441 πόλεμον
1123 3387 1137 3402 ·
1160 3372 1218 3424 έν
1241 3365 1286 3439 ᾧ
1311 3371 1473 3427 πάλιν
1499 3373 1685 3427 καινὸν

116 3452 285 3516 ἔδειξε
314 3456 649 3525 στρατηγίας
686 3457 886 3528 τρόπον
925 3462 953 3513 6
996 3462 1254 3533 Μωῦσῆς.
1302 3462 1410 3516 Τοῦ
1440 3463 1549 3535 γὰρ
1579 3465 1685 3533 Ἰη-

119 3542 231 3606 cro-3,
286 3544 349 3606 ὃς
396 3544 537 3614 μετὰ
565 3546 658 3600 τὸν
699 3550 935 3603 Μωῦσέα
979 3550 1074 3605 τοῦ
1129 3552 1259 3606 λαοῦ
1308 3553 1682 3625 καθηγήσατο,

117 3633 234 3685 τότε
272 3636 387 3698 τοῖς
442 3636 831 3708 Ἀμαληκίταις
868 3639 961 3694 τὸν
1005 3643 1234 3714 στρατὸν
1278 3644 1682 3713 ἀντεξάγοντος,

120 3724 219 3787 ἔξω
244 3725 357 3778 τῶν
386 3727 568 3782 ὅπλων
594 3731 623 3782 6
652 3731 894 3802 Μωῦσῆς
925 3732 1019 3787 ἐπί
1040 3751 1184 3797 τινος
1216 3737 1447 3800 σκοπιᾶς
1485 3738 1685 3806 γεωλό-

119 3831 213 3880 ςρου
261 3818 400 3886 πρὸς
430 3818 523 3872 τὸν
565 3821 791 3892 οὐρανὸν
834 3823 1145 3893 ἀναϐλέπει,
1186 3828 1529 3884 συνεστώτων
1555 3833 1684 3886 ιξκά⁹

118 3902 355 3971 τέρωθεν
382 3905 530 3976 αὐτῷ
562 3908 657 3960 δύο
681 3907 789 3961 τῶν
830 3911 1166 3982 ἐπιτηδείων,
1200 3914 1284 3967 ἅτε
1327 3917 1562 3971 τοιοῦτον
1592 3921 1683 3973 ἐπὶ

117 3997 223 4057 τοῖς
272 3997 577 4065 γινομένοις
619 3999 803 4070 θαῦμα
827 4002 975 4074 παρά
1007 4004 1103 4074 τῆς
1134 4004 1371 4076 ἱστορίας
1393 4008 1684 4079 ἀκούομεν·

118 4083 178 4135 Εἰ
222 4086 327 4154 μὲν
369 4088 542 4160 ἐπῆρε
573 4092 710 4161 πρὸς
737 4093 964 4162 οὐρανὸν
1010 4093 1107 4157 τὰς
1149 4098 1335 4166 χεῖρας
1367 4100 1395 4150 6
1420 4098 1678 4169 Μωῢσῆς,

119 4172 492 4244 ὶπεῤῥώννυτο
524 4178 679 4259 ’κατὰ
718 4180 829 4233 τῶν
870 4181 1080 4253 ἐχθρῶν
1122 4183 1182 4236 τὸ
1229 4184 1500 4255 ὑπήκοονο
1543 4190 1592 4239 εί
1625 4187 1681 4239 δὲ

119 4264 378 4333 καθῆκεν,
407 4265 637 4319 ἐνεδίδου
682 4269 776 4322 καὶ
803 4271 833 4321 6
864 4271 1087 4341 στρατὸς
1113 4275 1180 4343 τῇ
1209 4273 1319 4328 τῶν
1362 4275 1681 4345 ἀλλοφύλων

1789 1825 2136 1887 cogerentur,
2171 1819 2421 1889 quamvis
2455 1828 2605 1873 tanto
2634 1820 2689 1873 in
2714 1819 2942 1888 collegio
2978 1820 3359 1887 unusquisque

1790 1909 2049 1973 studium,
2074 1918 2337 1979 quantum
2359 1911 2415 1963 in
2439 1910 2650 1964 caeteris
2675 1910 2888 1973 diebus,
2916 1909 3004 1964 die
3032 1919 3182 1964 sexta
3205 1908 3360 1962 adhi-

1792 1996 1962 2059 beret,
1980 1996 2206 2066 duplum
2232 2005 2412 2052 tamen
2438 1997 2725 2052 collectum
2751 1998 2855 2052 sibi
2880 2012 2999 2053 esse
3026 1996 3356 2052 inveniebat.

1788 2104 1858 2144 ne
1911 2099 2058 2145 esset
2107 2089 2165 2143 in
2207 2104 2374 2144 causa
2435 2089 2613 2144 victus
2657 2077 2961 2145 necessitas
3005 2089 3358 2159 quamobrem

1787 2194 1951 2249 opere
2002 2181 2186 2251 aliquo
2214 2180 2301 2235 lex
2351 2180 2668 2235 violaretur.
2702 2178 2761 2234 In
2810 2195 2919 2249 quo
2957 2181 3118 2235 etiam
3174 2177 3360 2233 divina

1787 2270 2133 2327 eluccscebat
2190 2272 2481 2342 potentia:
2536 2286 2661 2325 nam
2709 2286 2834 2328 cum
2876 2270 3103 2341 reliquis
3143 2269 3357 2335 diebus,

1787 2360 1932 2431 quod
1967 2370 2251 2432 supererat
2274 2370 2737 2430 corrumperetur,
2769 2361 2825 2415 in
2862 2362 2977 2417 sola
3002 2376 3123 2430 qua:
3162 2359 3360 2415 sabba-

1790 2460 1903 2507 tum
1958 2454 2295 2523 praecedebat
2344 2454 2645 2509 Parasceve
2694 2452 2982 2507 collectum
3039 2451 3162 2521 (hoc
3211 2450 3358 2505 enim

1787 2543 1976 2599 otiosae
2023 2544 2100 2597 illi
2152 2544 2260 2598 diei
2294 2558 2490 2600 nomen
2522 2542 2645 2616 fuit)
2679 2545 3056 2614 incorruptum
3087 2542 3357 2612 perdura-

1786 2633 1902 2699 bat,
1955 2624 2121 2690 ita'ut
2167 2636 2461 2690 recentiori
2517 2636 2690 2690 nihilo
2718 2636 3003 2691 rancidius
3057 2634 3357 2689 videretur.

1786 2724 1993 2780 Bellum
2074 2725 2272 2782 deinde
2360 2725 2648 2784 adversum
2705 2736 2920 2797 gentem
3004 2726 3358 2795 alienigenam

1784 2814 2113 2873 Amalccitas
2133 2818 2354 2873 nomine
2376 2818 2604 2886 exarsit,
2626 2825 2680 2873 et
2700 2826 2831 2872 tunc
2864 2817 3098 2887 primum
3148 2815 3358 2870 Hebraei

1785 2907 2088 2961 constructi
2136 2906 2192 2960 in
2220 2907 2391 2962 aciem
2434 2915 2585 2973 sunt,
2637 2922 2746 2961 non
2778 2921 2990 2969 omnes,
3026 2905 3123 2960 sed
3174 2904 3357 2971 electi,

1785 2997 1984 3067 quibus
2011 2996 2196 3062 Josue,
2245 2998 2338 3068 qui
2368 3007 2491 3067 post
2516 2996 2735 3069 Moysen
2781 2996 3143 3067 gubernacula
3171 2994 3357 3065 populi

1784 3097 2117 3158 susceperat,
2145 3087 2379 3158 praefuit.
2411 3086 2544 3142 Nam
2570 3087 2782 3159 Moyses
2812 3099 2964 3143 extra
2991 3088 3263 3157 proelium,
3303 3088 3358 3141 in

1782 3180 1920 3235 colle
1953 3180 2189 3250 quodam
2224 3181 2418 3235 altiore
2446 3196 2555 3234 una
2591 3196 2715 3235 cum
2770 3180 2986 3236 duobus
3031 3178 3360 3235 necessariis

1783 3272 2122 3336 constiterat,
2146 3272 2214 3326 ad
2235 3273 2405 3327 ctelus
2433 3272 2729 3342 aspiciens,
2759 3273 2978 3341 quando
3002 3272 3157 3341 (utin
3188 3270 3359 3324 histo-

1782 3363 1861 3417 ria
1896 3363 2154 3418 traditum
2182 3364 2289 3436 est)
2322 3365 2376 3420 id
2428 3380 2645 3435 quoque
2693 3365 2837 3419 inter
2879 3371 3075 3417 caetera
3110 3362 3360 3415 mirabile

1783 3453 1930 3509 dictu
1954 3454 2155 3510 factum
2180 3463 2280 3511 est.
2310 3455 2445 3510 Nam
2472 3471 2596 3511 cum
2617 3455 2827 3526 Moyses
2855 3470 3050 3508 manus
3079 3454 3132 3506 in
3154 3454 3356 3506 coelum

1782 3546 2037 3611 elevaret,
2094 3557 2224 3602 tunc
2276 3548 2481 3617 ingenti
2528 3547 2711 3601 animo
2758 3546 3037 3602 irruebant
3063 3544 3118 3598 in
3167 3544 3357 3597 hostes

1783 3636 2025 3703 Hebraei;
2058 3654 2182 3693 cum
2224 3653 2356 3693 vero
2386 3654 2582 3692 manus
2612 3637 2931 3699 remisisset,
3001 3644 3132 3688 tunc
3164 3644 3356 3686 contra

1782 3728 2078 3785 ferociores
2113 3728 2237 3783 facti
2266 3728 2471 3792 hostes,
2512 3724 2771 3780 facillime
2813 3722 3033 3777 Iudaeos
3062 3721 3352 3792 pellebant.

1781 3817 1936 3885 Quod
1989 3816 2275 3887 aliquoties
2337 3815 2535 3871 factum
2571 3813 2728 3868 facile
2788 3812 3194 3876 intellexerunt,
3261 3812 3355 3880 qui

1781 3919 1906 3966 cum
1975 3923 2041 3963 eo
2094 3914 2271 3963 erant.
2344 3905 2530 3975 Itaque
2589 3904 2760 3975 Moysi
2830 3904 2989 3958 ulnas
3060 3902 3358 3957 subeuntes

1780 4001 1992 4056 occulta
2039 3998 2271 4070 quadam
2300 3998 2367 4053 de
2404 4011 2569 4051 causa
2624 3996 2903 4065 graviores
2935 3994 3108 4048 factas
3160 4008 3356 4057 manus

1780 4094 1899 4163 ejus
1927 4091 2326 4147 sustentabant.
2366 4087 2560 4142 Verum
2583 4087 2711 4156 quia
2748 4083 3130 4139 imbecilliores
3176 4094 3353 4148 erant,

1782 4198 1941 4253 quam
1964 4190 2024 4236 ut
2052 4187 2277 4251 possent
2315 4186 2522 4233 rectum
2567 4178 2775 4232 diutius
2806 4175 3033 4246 Moysen
3058 4177 3355 4233 sustinere.

1782 4275 1961 4343 lapide
2007 4273 2086 4327 illi
2117 4273 2172 4326 in
2200 4271 2383 4328 sedem
2417 4270 2699 4340 supposito
2757 4267 2974 4321 facilius
3028 4265 3360 4319 adminiculo

118 4355 256 4426 ὁρμῇ
277 4370 295 4385 ο
329 4356 361 4408 ὃ
396 4356 461 4427 δὴ
511 4359 759 4423 συνέντες
797 4361 848 4413 οἱ
883 4362 1231 4432 παρεστῶτες
1267 4366 1437 4436 αὐτῷ,
1467 4367 1680 4439 βαρείας

1789 4364 2102 4427 effecerunt,
2126 4369 2184 4416 nt
2208 4376 2402 4415 manus
2444 4361 2499 4413 in
2536 4358 2735 4413 coelum
2761 4357 2969 4412 levatas
2996 4356 3202 4412 diutius
3230 4356 3360 4407 reti-

119 4460 173 4496 τε
203 4446 301 4498 καὶ
329 4445 704 4519 δυσκινήτως,
750 4448 815 4503 ἐκ
859 4468 1005 4515 τινος
1052 4454 1437 4526 κεκρυμμένης
1480 4457 1678 4524 αἰτίας,

121 4535 206 4587 τοῦ
237 4537 524 4599 Musam;
549 4538 648 4603 τάς
694 4543 880 4611 χεῖρας
911 4545 1301 4615 γεγενημένας,
1345 4547 1683 4618 ἑκατέρωθεν

122 4624 419 4689 ὑποϐάντες
446 4628 752 4698 ὑπήρειδον.
806 4631 959 4684 Ἐπεὶ
998 4632 1055 4685 δὲ
1100 4633 1476 4706 ἀσθενέστεροι
1521 4633 1681 4708 ἦσαν,

122 4714 152 4783 ἦ
189 4718 330 4771 ὥστε
377 4718 593 4788 ἀνέχειν
621 4720 784 4773 αὑτὸν
827 4722 884 4775 ὲν
917 4722 1082 4793 ὀρθίῳ
1124 4723 1200 4794 τῷ
1250 4727 1504 4796 σχήματι,
1552 4727 1686 4796 λίθῳ

120 4808 211 4877 τὴν
238 4809 512 4880 καθέδραν
539 4810 705 4864 αὐτοῦ
729 4813 1131 4882 ὑπερείσαντες,
1158 4816 1329 4879 οὕτως
1358 4819 1438 4881 εἰς
1460 4818 1686 4887 οὐρανὸν

120 4900 360 4971 ἐπαίρειν
405 4901 500 4954 τὸν
545 4902 782 4955 Μωῦσέα
824 4902 892 4954 δι’
929 4905 1135 4957 ἑαυτῶν
1160 4904 1259 4968 τὰς
1286 4910 1471 4976 χεῖρας
1502 4908 1686 4978 ἐποίη-

118 5004 246 5041 σαν-
291 4986 355 5044 οὗ
401 4992 692 5061 γενομένου
739 4991 881 5044 κατά
915 4991 1113 5062 κράτος
1154 4994 1381 5062 ἡττᾶται
1430 4994 1530 5046 ὑπὸ
1573 4992 1685 5047 τῶν

130 5080 471 5151 Ἰσραηλιτῶν
507 5082 568 5134 τὸ
604 5082 917 5151 ἀλλόφυλον.
962 5083 1081 5136 Ἐπὶ
1108 5083 1165 5136 δὲ
1191 5082 1285 5135 τοῦ
1326 5084 1490 5137 αὑτοῦ
1515 5085 1680 5137 τόπου

112 5170 208 5237 τῆς
257 5171 482 5242 νεφέλης
523 5172 809 5243 μενούσης,
853 5174 888 5243 ἢ
933 5173 1224 5244 καθηγεῖτο
1266 5173 1358 5227 τοῦ
1407 5174 1536 5228 λαοῦ
1579 5175 1682 5245 τῆς

116 5263 339 5329 πορείας
354 5280 372 5294 ο
408 5264 617 5335 ἀνάγκη
640 5266 791 5318 πᾶσα
813 5260 900 5335 ἦν,
933 5266 1064 5335 μηδὲ
1090 5267 1182 5320 τὸν
1206 5266 1682 5337 λαὸν,μετανίστα-

119 5350 273 5413 σθαι,
326 5353 552 5423 μηδενὸς
595 5354 743 5417 δντος
795 5353 887 5407 τοῦ
935 5355 1344 5425 καθηγουμένου
1398 5356 1532 5428 πρὸς
1582 5357 1680 5427 τὴν

121 5443 464 5506 μετάστασιν.
510 5444 696 5508 Οὕτως
741 5445 799 5497 δὲ
847 5446 1028 5510 αὐτοῖς
1057 5448 1294 5518 ἀμογητὶ
1322 5447 1425 5518 τῆς
1457 5449 1592 5520 πρὸς
1618 5449 1680 5501 τὸ

1783 4464 1957 4510 neret.
1985 4453 2104 4520 Quo
2129 4452 2270 4506 facto
2295 4450 2400 4506 fusi
2429 4450 2651 4505 omnino
2680 4447 2961 4518 fugatique
2998 4447 3184 4502 hostes
3208 4453 3358 4500 sunt.

1783 4545 1919 4601 Cum
1950 4552 2129 4599 autem
2166 4543 2356 4598 eodem
2384 4542 2440 4594 in
2500 4540 2620 4595 loco
2657 4539 2831 4594 nubes
2851 4546 3091 4593 maneret
3110 4552 3230 4608 quia:
3257 4552 3352 4606 po-

1784 4637 1897 4708 puli
1933 4637 2032 4690 vize
2069 4633 2177 4689 dux
2207 4639 2342 4699 erat,
2378 4646 2479 4686 nec
2505 4631 2681 4700 ipsum
2712 4630 2972 4701 populum
2994 4630 3101 4683 alio
3131 4627 3359 4682 commi-

1786 4743 1942 4799 grare
1973 4740 2196 4781 necesse
2249 4725 2409 4793 plane
2458 4723 2579 4789 fuit,
2626 4738 2747 4776 cum
2777 4722 2967 4776 ducem
3017 4718 3357 4801 migratiqu

1785 4835 1897 4874 non
1939 4818 2188 4873 haberet.
2226 4815 2317 4871 Sic
2347 4831 2476 4886 ergo
2507 4830 2630 4869 cum
2676 4813 2743 4867 ad
2769 4817 2968 4868 victum
3009 4811 3117 4865 illis
3151 4811 3357 4878 absque

1785 4893 1967 4965 lab’orc
2013 4917 2210 4963 cuncta
2270 4914 2639 4976 suppeterent,
2694 4922 2819 4960 cum
2859 4919 2952 4958 aer
2981 4916 3198 4958 sursum
3248 4899 3355 4953 illis

1786 5014 1978 5069 panem
2015 4998 2314 5068 deplueret,
2354 4998 2609 5051 deorsum
2647 5009 2772 5049 vero
2798 5008 2959 5063 rupes
2986 4997 3170 5061 potum
3209 5002 3351 5057 prae-

1788 5091 1957 5153 beret,
1984 5102 2283 5157 rursusque
2316 5087 2489 5141 nubes
2516 5101 2729 5141 omnem
2762 5084 2888 5138 caeli
2920 5079 3219 5151 molestiam
3251 5080 3355 5132 mi-

1786 5176 2020 5250 tigaret:
2067 5180 2146 5233 sic
2181 5189 2239 5232 ut
2286 5178 2518 5233 interdiu
2570 5187 2757 5230 aestum
2806 5180 3032 5233 arceret,
3087 5179 3140 5225 et
3187 5180 3350 5225 noctu

1785 5273 2034 5327 llamineo
2064 5270 2297 5341 quodam
2354 5270 2562 5339 fulgore
2590 5266 2841 5320 tenebras
2894 5264 3202 5332 dissiparet,
3235 5264 3352 5318 sine

1786 5363 2034 5418 molestia
2068 5364 2122 5416 in
2156 5364 2245 5417 illa
2275 5361 2474 5417 deserti
2504 5359 2721 5427 regione
2744 5355 3019 5410 montibus
3046 5354 3350 5425 subjacmiti

1786 5452 2164 5518 versabantur,
2206 5455 2259 5505 in
2282 5465 2388 5520 qua
2413 5452 2688 5504 exercitus
2708 5458 2887 5502 castra
2922 5457 3199 5516 posuerat.

120 5532 214 5597 ζῇν
246 5533 503 5603 εὐπορίας
528 5536 828 5607 παρούσης,
860 5538 1062 5591 ἀνωθεν
1099 5540 1196 5607 μὲν
1224 5539 1316 5593 τοῦ
1344 5542 1507 5610 ἀέρος
1533 5542 1748 5611 ἕτοιμον
1775 5545 1954 5608 αὐτοῖς
1988 5544 2173 5607 ὕοντος
2199 5544 2381 5613 ἄρτον,
2404 5541 2644 5595 κάτωθεν
2668 5541 2721 5594 δὲ
2745 5540 2841 5609 τῆς
2870 5541 3070 5611 πέτρας
3099 5540 3159 5591 τὸ
3190 5537 3350 5593 ποτὸν

122 5624 493 5696 παρεχούσης,
538 5628 636 5698 τῆς
668 5629 714 5681 δ’
762 5624 831 5683 αὖ
876 5630 1099 5700 νεφέλης
1140 5632 1238 5702 τὴν
1294 5631 1556 5702 ὕπαιθρον
1586 5623 1802 5703 ’ἀηδίαν
1849 5635 2251 5706 θεραπευούσης
2278 5674 2291 5699 ,
2336 5634 2411 5699 ὡς
2461 5633 2556 5688 καὶ
2593 5633 2691 5688 τοῦ
2729 5632 2969 5697 θάλπους
3005 5630 3347 5703 διατιίλισμα
