3766 5988
359 197 468 259 315
1567 197 1625 252 S.
1667 195 1994 253 GREGORII
2031 197 2319 254 NYSSENI

3510 195 3614 254 316

363 309 612 382 γενέσθαι
653 309 719 380 τῇ
751 307 951 379 ἡμέρα,
995 307 1090 360 καὶ
1134 309 1201 379 τῇ
1236 307 1392 362 νυκτὶ
1424 307 1570 362 λύειν
1613 308 1705 361 τὸν
1737 307 1915 378 ζόφον,
1945 313 2002 364 ἐν
2042 311 2182 382 αὐγῇ
2211 327 2315 362 τινι
2353 311 2626 383 πυροειδεῖ
2653 308 3144 380 καταλάμπουσανο
3181 308 3389 372 ἄλυπος
3433 310 3615 372 αὐτοῖς

362 398 432 474 ἧν
457 403 492 471 ἡ
522 399 660 454 κατὰ
688 398 782 468 τὴν
811 397 1014 469 ἔρημον
1042 396 1256 467 ἐκείνην
1283 397 1341 450 ἐν
1369 399 1434 469 τῇ
1466 397 1712 468 ὑπωρείᾳ
1749 397 1841 450 τοῦ
1871 401 2032 467 δρους
2065 398 2336 470 διατριϐὴ,
2360 399 2480 453 καθ’
2510 399 2577 470 ην
2603 399 2783 470 ἵδρυτο
2808 400 2870 451 τὸ
2898 397 3274 468 στρατόπεδον.

440 490 536 546 His
607 491 681 544 ita
725 488 883 543 iactis
946 488 1154 558 majora
1208 490 1616 560 occultioraque
1679 493 1927 562 mysteria

2135 493 2208 545 Εν
2239 491 2411 563 τούτῳ
2433 493 2490 544 δὲ
2517 493 2609 546 καί
2637 509 2784 555 τινος
2807 490 2988 553 αὐτοῖς
3008 487 3458 560 ἀποῤῥητοτέρας
3487 490 3621 559 μυή-

373 582 535 645 Deus,
567 592 618 635 et
643 581 826 651 ipsum
845 579 1124 634 ductorem
1147 588 1200 634 et
1224 581 1478 650 populum
1521 581 1791 650 instruere
1813 596 1939 636 cum

374 672 656 734 voluisset,
695 671 950 738 praecepit
1001 669 1202 741 populo
1244 685 1341 739 per
1385 669 1606 742 Moysen
1640 671 1705 735 “',
1739 679 1800 724 ut
1829 679 1941 725 tam

376 775 605 832 corpore
633 774 796 831 quam
835 760 1016 814 animo
1043 760 1282 815 mundus
1326 758 1498 825 ﬁeret,
1529 761 1664 816 adeo
1694 769 1753 814 ut
1779 762 1942 816 etiam

376 853 447 908 ab
480 852 612 922 ipsis
661 850 923 906 uxoribus
985 857 1137 906 certo
1181 850 1418 921 quodam
1463 851 1674 906 dierum
1717 865 1947 906 numero

377 944 692 1008 abstineret,
764 942 1280 1013 aspersionibusque
1321 941 1648 1013 quibusdam
1701 943 1948 998 maculas

377 1035 729 1105 abstergeret,
757 1040 818 1087 ut
841 1033 988 1088 omni
1035 1033 1154 1089 labe
1180 1033 1348 1088 animi
1403 1033 1755 1104 corporisque
1786 1033 1952 1102 depo-

378 1125 505 1189 sita,
553 1123 790 1178 mundus
821 1123 890 1178 ad
942 1130 1183 1178 montem
1223 1123 1374 1178 Sinai
1422 1134 1608 1195 posset
1653 1124 1948 1192 accedere;

379 1214 470 1282 qui
492 1211 712 1282 quidem
741 1226 898 1267 mons
929 1212 1140 1266 ratione
1166 1211 1448 1268 utentibus
1480 1211 1656 1267 solum
1696 1210 1789 1266 illo
1817 1219 1956 1266 tem-

2045 597 2183 644 σεως
2227 581 2256 632 ό
2303 582 2544 652 Μωῡσῆς
2584 581 2904 651 καθηγεῖτο⁸
2947 579 3116 648 αὐτῆς
3149 579 3247 648 τῆς
3276 577 3438 641 θείας
3468 577 3622 632 δυνά-

2045 689 2211 743 μεως,
2257 673 2344 727 διὰ
2401 672 2508 727 τῶν
2541 674 2684 744 ὑπὲρ
2710 673 2866 741 λόγον
2912 671 3222 741 θαυμάτων,
3252 669 3347 722 τόν
3409 685 3474 720 τε
3502 668 3626 721 λαὸν

2045 765 2253 824 πάντα.
2283 763 2378 817 καὶ⁹
2409 764 2570 817 αὐτὸν
2616 763 2708 817 τὸν
2745 760 3092 832 καθηγεμόνα
3135 757 3624 829 μυπαγωγούσης.

2056 855 2122 910 Ἦ
2169 855 2228 910 δέ
2292 855 2647 927 μυσταγωγία
2713 853 2899 908 τοῦτον
2967 852 3291 906 ἐπιτελεῖται
3357 850 3456 903 τὸν
3507 850 3629 920 τρό-

2049 961 2150 997 πον
2167 960 2182 976 ο
2232 944 2534 1016 Προείρητο
2571 943 2649 1012 τῷ
2695 942 2829 1013 λαῷ,
2863 943 2970 996 τῶν
3014 959 3076 996 τε
3124 940 3298 995 ἄλλων
3348 939 3631 1010 μολυσμά-

2049 1048 2158 1086 των
2198 1031 2356 1095 ἐκτὸς
2401 1028 2540 1085 εἶναι
2589 1032 2827 1096 πάντων,
2879 1033 2982 1085 ὅσα
3036 1031 3164 1101 περὶ
3210 1029 3273 1082 τὸ
3331 1029 3501 1099 σῶμα
3543 1029 3631 1081 καὶ

2050 1120 2226 1192 ψυχὴν
2275 1121 2594 1194 καθορᾶται,
2644 1123 2739 1176 καὶ
2787 1118 3265 1192 περιρραντηρίοις
3331 1119 3488 1170 τισὶν
3535 1118 3633 1184 ἀφ’

2053 1209 2400 1277 αγνίσασθαι,
2434 1210 2527 1263 καὶ
2556 1210 2721 1264 αὐτοῦ
2760 1211 2818 1264 δὲ
2867 1210 2960 1264 τοῦ
3011 1208 3190 1279 γάμου
3221 1208 3281 1260 ἐν
3328 1205 3489 1278 ρητῷ
3535 1223 3632 1259 τινι

381 1301 743 1373 poreaditum
799 1302 1110 1372 pmstabat,
1153 1316 1331 1372 neque
1384 1300 1470 1357 bis
1530 1300 1805 1369 omnibus,
1856 1316 1868 1356 ι

2146 1298 2280 1370 ερῶν
2307 1297 2526 1370 ἀριθμῷ
2553 1298 2906 1371 καθαρεῦσαι,
2943 1297 3018 1361 ὡς
3049 1298 3229 1366 πάσης
3258 1293 3549 1366 ἐμπαθοῦς
3579 1313 3633 1347 τε

382 1393 518 1449 viris
571 1391 958 1448 solummodo:
1008 1405 1109 1447 nec
1161 1391 1294 1447 viris
1327 1391 1490 1446 etiam
1534 1390 1810 1456 omnibus,
1859 1405 1869 1446 ι

2146 1411 2153 1441 .
2211 1390 2528 1460 σωματικῆς
2605 1389 2896 1452 διαθέσεως
2968 1386 3352 1450 ἐκπλυθέντα,
3403 1384 3633 1454 καθαρὸν

386 1483 495 1538 illis
519 1489 754 1548 tantum,
792 1483 886 1551 qui
937 1482 1224 1553 diligenter
1256 1497 1288 1536 a
1345 1497 1404 1538 se
1437 1495 1651 1536 omnem
1689 1481 1873 1536 maeul

2148 1481 2268 1544 θους
2304 1483 2604 1554 προσϐῆναι
2647 1481 2727 1554 τῷ
2768 1483 2884 1550 ὄρει
2931 1481 3366 1552 μυηθησόμενον.
3408 1480 3539 1532 Σινᾶ
3585 1479 3635 1530 δὲ

387 1574 742 1644 expulissent.
779 1570 1026 1628 Studium
1056 1581 1235 1628 autem
1263 1573 1518 1628 omnibus
1551 1580 1668 1628 erat
1693 1587 1803 1628 non
1833 1587 1874 1642 p:

2177 1571 2270 1626 τοῦ
2321 1573 2480 1643 ὅρους
2527 1571 2786 1643 τοῦνομα,
2824 1571 2854 1625 δ
2904 1571 3087 1642 μόνοις
3118 1568 3331 1639 ἀνείθη,
3386 1567 3528 1622 κατὰ
3555 1565 3635 1619 τὸν

387 1679 539 1729 vum,
566 1679 634 1719 ne
654 1663 782 1734 quid
825 1663 1109 1719 brutorum
1137 1664 1307 1720 monti
1341 1665 1775 1735 appropinquare
1807 1678 1874 1734 pa

2149 1664 2255 1736 ιρὸν
2299 1665 2523 1728 ἐκεῖνον,
2552 1667 2664 1727 τοῖς
2697 1663 2934 1732 λογικοῖς
2977 1663 3057 1726 είς
3085 1660 3362 1725 ἐπίϐασιν,
3398 1659 3495 1714 καὶ
3524 1655 3636 1710 τού-

389 1761 600 1806 rentur.
651 1751 808 1818 Quod
865 1754 913 1809 si
962 1752 1099 1808 forte
1144 1754 1308 1831 aliter
1351 1753 1648 1818 acciderit,
1693 1753 1876 1822 lapidil

2152 1773 2173 1809 ν
2221 1757 2334 1818 τοῖς
2382 1753 2609 1825 ἀνδράσι
2661 1754 2859 1824 μόνοις,
2914 1755 3011 1806 καὶ
3064 1751 3268 1805 τούτων
3316 1750 3485 1804 πάλιν
3537 1748 3639 1808 τοῖς

391 1843 550 1899 obrui
599 1857 628 1898 a
677 1845 875 1914 populo
927 1851 1189 1900 statutum
1233 1853 1382 1913 erat,
1433 1845 1696 1917 quidquid
1744 1846 1878 1900 brut:

2151 1845 2271 1908 ντὺς
2303 1844 2682 1915 άφαγνισθεϊσι
2712 1844 3036 1914 μιάσματος.
3073 1842 3292 1913 Φυλακὴ
3323 1840 3384 1894 δὲ
3412 1841 3559 1894 πᾶσα
3578 1833 3637 1908 ἦν

391 1934 544 2005 juxta
568 1944 802 1990 montem
827 1936 1191 2006 apparuisset.

2151 1938 2168 1988 ι
2210 1934 2543 2008 προμήθεια,
2587 1934 2681 1987 τοῦ
2720 1935 2884 2006 μηδὲν
2917 1932 3027 1987 τῶν
3054 1933 3264 2001 ἀλόγων
3296 1928 3638 1986 ἐπιϐατεῦσαι

393 2023 488 2079 τοῦ
525 2024 718 2095 ὅρους·
759 2025 808 2076 εἰ
838 2023 900 2077 δέ
949 2041 1052 2078 που
1099 2025 1196 2079 καὶ
1239 2023 1472 2094 γένοιτο,
1533 2021 1966 2095 καταλευσθῆναι
2013 2023 2166 2094 παρὰ
2195 2023 2288 2077 τοῦ
2317 2021 2448 2077 λαοῦ
2479 2023 2586 2076 πᾶν
2614 2022 2804 2094 ὅτιπερ
2841 2023 2908 2077 ἂν
2952 2017 3022 2092 ἦν
3076 2020 3176 2091 τῆς
3203 2020 3404 2089 ἀλόγου
3443 2017 3638 2088 φύσεως

397 2115 540 2171 κατὰ
567 2116 629 2169 τὸ
658 2116 783 2186 ὅρος
820 2114 1157 2186 ⁶φαινόμενον.

399 2191 406 2197 ⁷
470 2207 568 2263 nis
618 2207 692 2262 ita
724 2206 1034 2276 dispositis,
1074 2208 1130 2261 in
1169 2221 1367 2262 sereno
1398 2207 1488 2264 die
1518 2207 1703 2264 subito
1735 2203 1886 2258 teneh

2151 2200 2285 2262 Είται
2313 2204 2375 2258 τὸ
2425 2203 2668 2277 ἐναέριον
2712 2206 2826 2273 φῶς
2865 2207 2932 2261 ἐκ
2966 2203 3214 2275 καθαρᾶς
3259 2202 3477 2274 αἰθρίας
3508 2203 3638 2270 ζόφῳ

399 2309 558 2349 rrcns
604 2296 977 2352 circumdatus
1020 2295 1143 2360 fuit,
1171 2305 1226 2349 et
1244 2297 1385 2367 ignis
1417 2303 1471 2350 et
1501 2293 1684 2349 medio
1712 2290 1886 2348 tenebl

2153 2295 2522 2367 τεμελαίνετο,
2575 2297 2651 2359 ὡς
2691 2295 2919 2366 ἀόρατον
2968 2295 3218 2365 γενέσθαι
3273 2295 3337 2350 τὸ
3393 2294 3536 2365 ὅρος,
3589 2294 3640 2344 ἐν

401 2400 526 2440 rum
550 2386 838 2453 exsiliens,
873 2401 939 2441 ac
962 2395 1160 2452 totum,
1189 2395 1250 2442 ut
1274 2386 1584 2451 videbatur,
1613 2384 1820 2440 montis
1854 2391 1888 2437 ιι

2149 2388 2259 2458 κλῳ
2311 2387 2390 2459 τῷ
2439 2387 2620 2459 γνόφῳ
2675 2386 3081 2458 διειλημμένον·
3138 2386 3248 2456 πῦρ
3310 2403 3374 2438 τε
3435 2386 3501 2438 ἐκ
3556 2381 3636 2435 τοῦ

402 2482 552 2530 ctum
574 2475 901 2547 depascens,
923 2478 1167 2534 terrebat
1184 2479 1612 2549 prospicientes,
1637 2491 1761 2531 cum
1782 2490 1889 2530 esse

2151 2479 2275 2550 όφου
2330 2477 2740 2548 διαφαινόμενον
2802 2476 3037 2549 φοϐερὰν
3095 2476 3265 2529 ἐποίει
3319 2479 3434 2538 τοῖς
3490 2472 3638 2544 δρῶσι

407 2564 562 2620 fumo
595 2574 756 2635 atque
799 2565 1032 2636 caligine
1060 2567 1245 2620 omnia
1280 2565 1520 2634 repleta;
1559 2565 1860 2620 adducebat

2150 2587 2175 2623 ν
2214 2569 2355 2639 ὄψιν,
2389 2567 2721 2640 πανταχόθεν
2762 2569 2862 2639 τὴν
2908 2566 3169 2638 περιοχὴν
3209 2564 3306 2618 τοῦ
3345 2565 3506 2635 ὅρους
3533 2565 3637 2614 ἐπι-

407 2669 532 2710 men
566 2655 632 2710 ad
694 2662 934 2709 montem
979 2654 1236 2724 populqu
1280 2653 1516 2725 Moyses,
1577 2656 1826 2725 quamvis
1862 2655 1894 2725 i1

2152 2661 2430 2731 σκόμενον,
2459 2659 2535 2724 ὡς
2569 2661 2664 2714 καὶ
2697 2659 2888 2728 καπνῷ
2921 2657 3008 2711 διὰ
3033 2657 3134 2727 τῆς
3169 2656 3262 2710 τοῦ
3303 2658 3475 2727 πυρὸς
3525 2657 3639 2708 ὑπιο-

408 2760 624 2817 quoque
646 2744 1024 2815 hujuscemodi
1054 2745 1176 2801 visu
1194 2746 1391 2801 timore
1413 2747 1697 2817 perculsus
1738 2746 1815 2800 ita
1837 2761 1895 2802 er

2152 2751 2286 2821 ομῆς
2331 2750 2475 2805 ἅπαν
2524 2751 2586 2804 τὸ
2644 2750 2963 2820 φαινόμενον
3011 2748 3405 2818 ὑποτύφεσθαι.
3451 2748 3639 2814 Ἠγείτο

412 2846 472 2893 ιιι
499 2835 775 2894 lsraelitas
796 2838 974 2892 celare
993 2837 1047 2891 id
1075 2837 1299 2892 minime
1325 2846 1544 2908 posset:
1577 2838 1672 2896 sed
1703 2838 1786 2894 vel
1810 2838 1899 2909 ips.

2179 2840 2274 2894 τοῦ
2335 2841 2466 2895 λαοῦ
2532 2843 2562 2894 ὁ
2625 2841 2864 2912 Μωῦσῆς
2930 2839 3068 2912 πρὸς
3116 2839 3213 2909 τὴν
3272 2838 3458 2894 ἄνοδον
3478 2878 3493 2901 ,
3537 2835 3640 2890 οὐδὲ

413 2929 661 2999 corporis
717 2928 956 2984 motibus
1005 2935 1332 2982 commotum
1401 2943 1460 2984 se
1529 2929 1836 3000 patefecit:
1887 2946 1900 2984 ι

2154 2931 2242 2995 τὸς
2276 2929 2494 3002 θαρῤὦν
2533 2931 2596 2984 τὸ
2630 2930 2936 3002 ὁρώμενον,
2983 2928 3120 2983 ἀλλὰ
3161 2927 3521 3000 κατεπτηκὼς
3556 2925 3641 2994 τὴν

414 3023 562 3074 enim
595 3027 806 3072 tantum
869 3033 967 3088 per
987 3019 1196 3084 oculos,
1227 3019 1582 3074 verumetiam
1609 3036 1704 3091 per
1739 3015 1901 3075 auditi

2154 3022 2260 3094 ιχην
2293 3022 2398 3076 ὑπὸ
2434 3022 2618 3088 δέους,
2663 3021 2758 3076 κα)⁸
2794 3020 2855 3074 τὺ
2899 3020 3058 3092 σῶμα
3098 3018 3175 3090 τῷ
3221 3020 3374 3090 φόϐῳ
3423 3033 3641 3087 συγκρα-

416 3121 594 3166 terror
617 3111 828 3166 animas
857 3109 1142 3165 invadebat
1185 3129 1197 3165 :
1222 3126 1346 3165 eum
1375 3112 1593 3168 caelitus
1615 3113 1852 3168 terriﬁca
1881 3131 1903 3168 ι

2157 3115 2415 3185 ινόμενος,
2444 3115 2520 3178 ὡς
2571 3114 2705 3185 μηδὲ
2748 3114 2885 3182 πρὸς
2912 3115 3038 3178 τοὺς
3078 3113 3418 3184 Ἰσραηλίτας
3458 3113 3518 3164 τὸ
3549 3110 3640 3164 πάι

416 3200 664 3272 ιιιιεειιιιιιι
697 3201 752 3253 in
785 3208 982 3255 cuncta
1015 3201 1258 3271 subjecta
1304 3203 1550 3257 locorum
1597 3203 1771 3273 spatia
1803 3219 1988 3258 erum-

421 3300 591 3362 peret,
618 3291 776 3362 cujus
805 3291 1014 3362 primus
1059 3292 1278 3363 quidem
1307 3275 1555 3363 impetus
1574 3294 1819 3364 cujusvis
1841 3295 1987 3348 auri-

2091 3205 2184 3270 θος
2229 3207 2329 3276 τῆς
2377 3205 2556 3277 ψυχῆς
2595 3203 3047 3278 ἐπικρύπτεσθαι,
3091 3204 3374 3276 ὁμολογεῖν
3423 3221 3484 3257 τε
3525 3200 3642 3272 πρὸς

2092 3296 2290 3359 αὐτοὺς
2327 3295 2388 3348 τὸ
2437 3295 2892 3367 καταπεπλῆχθαι
2926 3297 3038 3359 τοῖς
3068 3295 3434 3365 φαινομένοις,
3466 3295 3553 3346 καὶ
3580 3290 3642 3360 μὴ

419 3385 524 3439 bus
552 3383 910 3444 intolerabilis
954 3384 1196 3439 buccina:
1245 3384 1482 3440 sonitum
1513 3363 1784 3440 referebat
1819 3404 1832 3441 :
1897 3403 1906 3440 ι

2153 3391 2351 3460 τρεμεῖν
2381 3389 2440 3442 ἐν
2466 3387 2545 3458 τῷ
2593 3363 2825 3467 σιῢματι.
2851 3383 2961 3442 Ἦν
2997 3363 3106 3458 γὰρ
3147 3386 3208 3440 τὸ
3232 3363 3562 3456 *φαινόμενον
3590 3380 3640 3434 οὗ

422 3489 638 3530 omnem
671 3474 937 3545 ejusmodi
971 3477 1344 3547 exemplorum
1379 3483 1638 3533 terrorem
1679 3477 1994 3540 excedebat,

423 3575 736 3638 quantoque
757 3567 929 3638 magis
949 3569 1414 3638 progrediebatur,
1435 3577 1589 3626 tanto
1619 3569 1998 3625 terribiliorem

425 3673 618 3714 sonum
641 3659 866 3727 edebat;
896 3674 999 3715 vox
1022 3672 1200 3717 autem
1239 3662 1330 3716 illa
1367 3661 1469 3716 fuit
1504 3662 1818 3717 articulata.
1861 3661 1997 3716 Nam

425 3763 518 3804 aer
548 3750 757 3820 absque
771 3750 1050 3806 vocalibus
1074 3751 1453 3807 instrumentis
1471 3766 1580 3806 non
1612 3752 1829 3807 inanem
1868 3767 1997 3807 ora-

426 3840 653 3904 tionem,
684 3839 782 3895 sed
829 3841 1230 3910 signiﬁcantem
1258 3842 1443 3897 divina
1466 3842 1736 3898 formabat
1772 3843 1999 3907 virtute,

429 3947 550 4001 quae
599 3932 799 4001 populo
854 3931 1003 4003 leges
1051 3940 1215 4002 atque
1264 3932 1515 3988 instituta
1572 3932 1826 4004 ponebat.
1874 3932 2005 3997 Qum

429 4022 612 4077 omnia
643 4037 764 4077 cum
793 4021 937 4078 ferre
970 4023 1204 4092 populus
1233 4037 1343 4078 non
1384 4031 1594 4092 posset,
1630 4023 1945 4093 impetravit
1975 4037 2005 4076 a

432 4113 635 4184 Moyse,
662 4123 768 4169 uta
798 4115 930 4180 Deo,
955 4115 1074 4184 ipso
1102 4113 1396 4177 mediante,
1426 4113 1512 4168 lex
1542 4113 1648 4168 sibi
1673 4112 2004 4180 traderetur,

433 4218 535 4258 nec
565 4219 627 4292 ge
671 4204 968 4274 quidquam
1002 4208 1445 4266 retractaturum,
1487 4201 1583 4258 sed
1627 4202 1810 4256 omnia
1841 4201 2006 4258 sicuti

433 4295 502 4350 ab
533 4289 660 4364 ipso
689 4293 797 4350 Deo
847 4308 942 4364 per
993 4292 1218 4364 Moysen
1257 4291 1363 4348 sibi
1397 4293 1617 4357 tradita,
1672 4293 2008 4348 crediturum

434 4384 674 4442 asseruit
715 4401 729 4438 :
763 4384 838 4437 ita
889 4383 1128 4453 populus
1166 4381 1387 4452 quidem
1417 4381 1486 4436 ad
1532 4381 1778 4452 subjecta
1809 4385 2011 4440 montis

435 4478 554 4532 loca
591 4475 872 4530 relabitur.
887 4473 1100 4545 Moyses
1142 4488 1271 4528 vero
1293 4472 1444 4529 solus
1473 4474 1530 4528 in
1559 4482 1742 4530 monte
1766 4476 2008 4542 relictus,

435 4573 628 4621 contra
666 4578 828 4633 quam
872 4565 1051 4619 θεειοτὶ
1103 4565 1349 4619 homines
1395 4564 1502 4635 pati
1547 4566 1745 4632 solent,
1788 4567 2012 4627 aﬂ‘ectus

2094 3479 2333 3533 τοιοῦτον
2379 3478 2560 3548 μόνον,
2604 3473 2715 3531 οἷον
2773 3476 3035 3548 ἔκπληξιν
3089 3478 3157 3546 τῇ
3224 3474 3372 3547 ψυχῇ
3427 3473 3506 3527 διὰ
3550 3470 3645 3524 τῶν

2097 3571 2388 3642 ὀφθαλμῶν
2414 3572 2732 3642 ἐμποιῆσαι,
2761 3568 2898 3626 ἀλλὰ
2933 3567 3023 3622 διὰ
3065 3570 3164 3639 τῆς
3194 3568 3365 3638 ἀκοῆς
3398 3567 3643 3634 είσηχεῖτο

2099 3663 2167 3716 τὰ
2208 3662 2441 3733 φοϐερά·
2472 3663 2655 3732 φωνῆς
2696 3660 2899 3716 ἄνωθεν
2947 3658 3406 3728 καταπληκτικῶς
3447 3658 3646 3726 gmw-5.

2100 3754 2371 3824 γνυμένης
2400 3754 2485 3822 ἐφ’
2512 3753 2656 3806 ἅπαν
2701 3752 2763 3804 τὸ
2800 3751 3178 3821 ὑποκείμενον,
3213 3745 3284 3821 ἧς
3329 3749 3530 3821 χαλεπὴ
3560 3745 3644 3816 μὲν

2102 3846 2195 3898 καὶ
2221 3846 2254 3916 ἡ
2287 3842 2476 3913 πρώτη
2499 3841 2770 3912 προσϐολὴ
2801 3843 2896 3896 καὶ
2920 3841 3059 3911 ἀκοῇ
3095 3839 3242 3910 πάσῃ
3289 3839 3646 3894 δυσέντευκτος

2102 3930 2200 4005 ἦν·
2247 3935 2306 3986 ἐν
2347 3932 2619 4004 ὁμοιότητι
2658 3931 2756 4002 μέν
2783 3934 2882 4002 τῆς
2920 3930 3030 3984 τῶν
3067 3931 3384 3999 σαλπίγγων
3413 3931 3543 3999 ἠχῆς
3572 3940 3645 3993 γιο

2105 4025 2360 4098 γνομένη,
2395 4025 2666 4096 παριοῦσα
2706 4024 2763 4078 δέ
2786 4024 2863 4095 τῷ
2889 4024 3102 4095 φοϐερῷ
3129 4025 3218 4080 καὶΙ
3248 4014 3646 4090 καταπληκτικῷ

2105 4121 2204 4190 τῆς
2250 4120 2433 4190 φωνῆς
2470 4117 2615 4170 ἅπαν
2661 4114 2898 4203 τοιοῦτον
2937 4115 3242 4185 ὑπόδειγμα
3263 4130 3278 4146 ·
3325 4107 3647 4203 φοϐερωτέρα

2107 4208 2163 4262 δὲ
2214 4205 2477 4280 προϊοῦσα
2518 4205 2782 4274 ἐγίγνετο,
2829 4195 2915 4258 dit
2956 4205 3092 4276 πρὸς
3126 4205 3192 4258 rb
3220 4195 3647 4273 καταπληκτικώ-

2077 4283 2264 4371 ίτερον
2294 4299 2383 4353 διὰ
2421 4297 2736 4369 προσθήκης
2783 4296 2872 4349 τὸν
2918 4290 3051 4366 ἦχον
3099 4297 3267 4367 αὐτῆς
3312 4293 3646 4349 ἐπιτείνουσα.

2121 4390 2187 4444 Ἡ
2230 4388 2287 4444 δέ
2319 4387 2472 4458 φωνὴ
2519 4385 2656 4456 αῦτη
2689 4385 2948 4457 ἔναρθρος
2980 4381 3069 4456 ἦν,
3115 4385 3236 4457 θείᾳ
3267 4387 3508 4456 δυνάμει,
3546 4380 3649 4448 δίχα

2110 4481 2219 4534 τῶν
2263 4477 2580 4550 φωνητικῶν
2622 4478 2895 4548 ὀργάνων,
2939 4477 3033 4530 τοῦ
3087 4476 3251 4548 ἀέρος
3301 4471 3647 4546 διαρθροῦντος

2112 4569 2202 4620 τὸν
2230 4567 2407 4636 λόγον.
2444 4561 2551 4618 Ἦν
2595 4564 2652 4618 δὲ
2694 4566 2722 4617 ὁ
2759 4565 2915 4632 λόγος
2941 4565 3039 4618 οὐκ
3076 4565 3198 4635 εἰκῆ
3238 4561 3646 4635 διαρθρούμενοςν

436 4663 541 4711 est.
569 4653 705 4708 Nam
731 4669 855 4708 cum
901 4655 1082 4709 caeteri
1116 4671 1305 4710 omnes
1333 4655 1565 4712 desolati
1597 4661 1789 4730 magis,
1831 4661 1885 4715 in
1914 4679 1923 4716 ι

2161 4659 2228 4712 DC
2260 4655 2563 4727 ἐνομοθέτει
2589 4654 2660 4708 τὰ
2687 4655 2806 4709 θεῖα
2835 4655 3156 4725 διδάγματα.
3190 4656 3299 4709 Καὶ
3324 4657 3356 4724 ἡ
3391 4653 3486 4724 μὲν
3521 4644 3648 4743 (pwin

439 4746 635 4801 cietate
673 4745 855 4801 minus
893 4745 1140 4811 timeant,
1177 4745 1293 4815 ipse
1318 4746 1613 4803 derelictus
1657 4750 1808 4805 solus
1841 4751 2009 4805 auda-

438 4841 558 4894 cior
583 4838 758 4894 factus
791 4847 892 4893 est.
920 4839 1078 4895 Unde
1105 4840 1299 4908 patuit,
1326 4857 1433 4894 non
1457 4849 1514 4895 ut
1545 4840 1794 4896 timidum
1822 4858 2012 4912 quem-

442 4929 565 4984 dam
592 4929 938 5000 perterritum
973 4930 1029 4983 in
1066 4931 1334 5000 principio
1369 4931 1566 4997 fuisse,
1599 4932 1692 4987 sed
1747 4934 2014 4989 charitate

443 5017 684 5074 timentis
752 5019 938 5088 populi
1000 5019 1171 5075 fuisse
1239 5031 1591 5077 commotum.
1652 5021 1834 5087 Quare.
1889 5038 2012 5077 cum

444 5111 600 5180 quasi
625 5125 764 5165 onus
788 5111 1058 5180 quoddam
1083 5112 1328 5167 timorem
1357 5112 1538 5182 populi
1561 5112 1922 5181 deposuisset,
1949 5127 2014 5168 ac

446 5201 503 5255 in
533 5215 592 5256 se
623 5200 740 5270 ipso
767 5200 940 5256 factus
971 5209 1136 5266 esset,
1169 5212 1297 5258 tunc
1345 5205 1505 5259 etiam
1540 5205 1595 5256 in
1625 5202 1796 5272 ipsam
1829 5202 2015 5273 caligi-

445 5308 571 5348 nem
630 5293 887 5346 audacter
939 5293 1253 5361 ingreditur.
1315 5293 1499 5364 Itaque
1549 5293 1691 5347 inter
1723 5293 2013 5347 invisibilia

450 5373 717 5447 versatur,
739 5385 971 5453 necjam
1020 5386 1355 5443 intuentibus
1413 5391 1654 5456 apparet.
1690 5382 1825 5439 Nam
1877 5385 2013 5440 divi-

529 5569 570 5602 ¹⁸
621 5567 795 5624 Exod.
826 5584 936 5635 χιιι,
975 5570 1004 5623 .i
1032 5585 1149 5640 sqq.

485 5704 529 5720 ..ο

2109 4747 2394 4818 προϊοῦσα,
2417 4745 2482 4799 δι’
2513 4744 2801 4807 ἐπιδόσεως
2825 4743 3039 4814 ηὔξετο,
3065 4743 3160 4796 καὶ
3195 4743 3453 4814 ὑπερήχει
3477 4734 3649 4802 ἑαυτὴν

2107 4841 2142 4908 ὴ
2175 4833 2428 4903 σάλπιγξ,
2454 4833 2552 4896 τὰς
2583 4833 2960 4903 προλαϐοῦσας
2997 4831 3180 4902 φωνὰς
3217 4833 3304 4885 ἀεὶ
3327 4833 3444 4894 ταῖς
3479 4823 3650 4895 ἐφεξῆς

2110 4926 2541 4999 ὑπερϐάλλουσα.
2599 4925 2659 4978 '0
2690 4924 2746 4977 δέ
2774 4925 2901 4988 λαὸς
2930 4925 3076 4988 άπας
3115 4926 3293 4995 ἥττων
3332 4920 3418 4994 ἧν,
3460 4921 3492 4989 ἢ
3529 4916 3648 4969 ὥστε

2111 5015 2397 5087 ἀνέχεσθαι
2435 5015 2496 5067 τὸ
2528 5015 2850 5084 φαινόμενόν
2882 5032 2940 5068 τε
2966 5014 3060 5070 καὶ
3095 5015 3452 5085 ἀκουόμενον·
3478 5007 3551 5061 διὸ
3573 5000 3649 5056 καὶ

2116 5107 2268 5178 κοινὴ
2293 5104 2441 5176 παρὰ
2464 5105 2680 5159 πάντων
2703 5105 2916 5174 αἴτησις
2954 5105 3288 5176 προσάγεται
3323 5101 3400 5171 τῷ
3433 5093 3647 5154 Μωῦσεῖν

2116 5200 2183 5252 δι’
2212 5199 2418 5252 ἐκείνου
2453 5197 2828 5265 μεσιτευθῆναι
2867 5196 2958 5249 τὸν
2995 5195 3155 5264 νόμον
3174 5210 3187 5223 ·
3217 5194 3292 5258 ὡς
3324 5194 3422 5246 οὐκ
3451 5184 3649 5248 άπιστήο

2121 5305 2302 5350 σοντος
2330 5286 2422 5340 τοῦ
2444 5285 2595 5346 λαοῦ,
2629 5284 2769 5337 θεῖον
2796 5280 2934 5338 εἶναι
2951 5284 3336 5355 παράγγελμα,
3367 5282 3470 5334 πᾶν
3489 5278 3650 5337 ὅτιπερ

2120 5382 2186 5436 ἂν
2314 5379 2440 5449 παρ’
2488 5377 2694 5431 ἐκείνου
2749 5377 2889 5431 κατὰ
2939 5377 3036 5448 τὴν
3084 5374 3287 5431 ἄνωθεν
3339 5361 3649 5428 διδασκαλίαν
