3766 5988
140 116 250 170 331
1473 107 1559 163 DE
1605 109 1769 164 VITA
1823 110 2102 169 MOYSlS.
3307 116 3412 171 39,2

142 227 339 290 a‘Z'toI;
386 224 495 279 τῶν
525 227 583 278 έν
627 227 694 296 τῇ
728 224 1010 295 θεοφανείᾳ
1044 221 1511 293 παραδειχθέντων
1545 224 1692 294 αὐτῷ
1742 224 2067 295 θαυμάτων,
2117 224 2217 279 καὶ
2251 228 2377 291 τοὺς
2420 228 2611 298 νόμους
2663 230 3143 301 παραθησόμενος,
3190 230 3284 284 καὶ
3319 230 3413 286 τὸν

142 319 309 383 ναὸν,
376 318 465 372 καὶ
504 316 603 388 τήν
648 315 972 387 ἱερωσύνην,
1026 315 1166 368 κατὰ
1224 315 1282 367 τὺ
1335 314 1649 385 προδειχθὲν
1693 316 1842 387 αὐτῷ
1883 319 1975 370 ἐπὶ
2010 317 2105 371 τοῦ
2154 318 2313 389 ὅρους
2359 319 2691 389 ὑπόδειγμα,
2740 320 2820 390 τῷ
2874 321 2988 390 λαῷ
3035 322 3411 393 καταστήσων.

147 409 361 479 Ἐφερε
398 409 454 460 δὲ
482 407 703 470 καὶτὰς
732 406 881 477 ίεράς
908 406 1121 469 πλάκας
1158 405 1244 459 διὰ
1277 407 1489 478 χειρὸς,
1536 406 1592 458 αἶ
1639 406 1782 460 θεῖον
1823 406 2042 479 εὕρημα
2075 410 2169 462 καὶ
2212 409 2380 480 δῶρον
2423 404 2594 479 ἦσαν,
2629 410 2883 479 οὐδεμιᾶς
2924 410 3211 483 συνεργίας
3251 413 3328 474 είς
3350 411 3415 466 τὸ

142 498 406 566 γενέσθαι
441 496 820 568 προδεηθεϊσαι
841 512 856 526 ·
884 494 998 549 ἀλλ’
1040 495 1199 566 ἔργον
1228 494 1362 548 Θεοῦ
1393 496 1587 565 ἐπίσης
1631 496 1867 568 ἑκάτερα
1900 493 1989 567 ἦν,
2017 498 2050 568 ἦ
2081 515 2140 551 τε
2171 498 2270 568 ὕλη
2297 500 2390 552 καὶ
2418 499 2487 552 τὰ
2527 501 2620 552 ἐπὶ
2656 500 2827 571 ταύτῃ
2865 502 3211 572 χαράγματα.
3269 495 3410 558 Ἀλλ’

143 590 396 644 ἐκώλυσε
435 591 535 657 τὴν
565 589 724 658 χάριν
757 589 785 640 ὁ
815 587 960 652 λαὸς,
997 587 1126 657 πρὶν
1158 588 1441 659 ἐπιστῆναι
1470 588 1560 641 τὸν
1595 589 1913 661 νομοθέτην,
1942 591 2020 653 εἰς
2047 589 2486 661 εἰδωλολατρείαν
2523 591 2847 661 ἀφηνιάσας.

233 682 455 752 Ἐπειδὴ
484 681 593 752 γὰρ
626 680 812 751 χρόνος
852 679 928 750 τῷ
970 678 1136 750 Μωσῇ
1181 696 1262 743 τις
1299 681 1359 733 ού
1402 681 1604 750 βραχὺς
1633 682 1727 734 διε-

1911 681 2045 735 Nam
2069 698 2193 737 cum
2225 684 2583 753 quadraginta
2605 684 2797 741 diebus
2828 700 2892 739 ac
2921 684 3174 741 noctibus
3206 686 3411 744 nullius

142 775 361 843 γένετο,
393 774 460 841 τῇ
507 772 642 841 πρὸς
675 770 808 823 Θεὸν
845 768 1028 839 ὁμιλίᾳ
1066 768 1156 821 διὰ
1186 769 1284 839 τῆς
1328 768 1475 832 θείας
1528 769 1727 840 ἐκείνης

1872 773 2092 843 ndigens
2125 773 2226 838 rei,
2261 774 2464 843 quibus
2500 775 2603 828 hoc
2654 789 2854 843 corpus
2901 782 3263 842 sustentatur,
3314 776 3411 830 im-

149 862 552 935 μυσταγωγίας
596 860 1059 930 ἀπασχολάζοντι·
1109 861 1202 913 καὶ
1253 856 1322 930 ἦν
1367 861 1425 913 ἐν
1468 862 1739 930 τεσσαρά-

143 973 317 1009 κοντα
352 954 590 1024 ἡμέραις
621 952 712 1005 καὶ
738 951 1023 1014 τοσαύταις
1048 951 1166 1017 νυξὶ
1185 951 1281 1021 τῆς
1309 952 1480 1004 ἀϊδίου
1512 951 1726 1021 ἐκείνης

146 1045 305 1114 ζωῆς
350 1044 456 1096 ὑπὸ
496 1043 589 1096 τὸν
634 1042 829 1113 γνόφον
867 1041 1137 1111 μετέχων,
1172 1042 1266 1094 καὶ
1298 1043 1467 1112 αὐτῆς
1500 1041 1601 1111 τῆς
1630 1041 1735 1110 φύ-

146 1154 292 1200 σεως
341 1135 448 1202 ἔξω
478 1134 769 1205 γενόμενος
821 1133 919 1204 (ού
975 1134 1084 1203 γὰρ
1140 1132 1406 1204 ἐπεδεήθη
1453 1132 1595 1186 κατά
1643 1132 1736 1186 τὸν

144 1228 345 1299 χρόνον
406 1227 612 1279 ἐκεῖνον
654 1225 733 1287 είς
758 1224 817 1276 τὸ
840 1223 999 1292 σῶμα
1033 1222 1305 1294 τροφῆς)·
1345 1224 1497 1288 τότε,
1545 1218 1656 1277 οἷόν
1683 1241 1735 1277 τι

151 1316 463 1387 μειράκιον,
502 1316 530 1367 ὁ
577 1314 705 1376 λαὸς
746 1313 852 1365 τῶν
903 1311 994 1365 τοῦ
1046 1311 1514 1380 παιδαγωγοῦντος
1559 1311 1735 1381 ὄψεων

146 1403 257 1469 ἐξω
293 1402 620 1472 γενόμενος,
663 1402 908 1470 ἀνοήτοις
934 1402 1134 1470 ὁρμαῖς
1173 1402 1251 1463 εἰς
1299 1400 1537 1469 ἀταξίανῖ
1573 1399 1734 1469 ἐκφέ-

148 1510 327 1563 ρεται,
367 1494 464 1544 καὶ
504 1489 705 1554 συστὰς
744 1491 837 1543 ἐπὶ
865 1491 957 1543 τὸν
1004 1488 1232 1560 Ἀαρὼν,
1263 1488 1507 1561 ἀνάγκην
1538 1490 1732 1558 ἐπάγει

142 1583 225 1653 τῷ
258 1586 424 1654 ἱερεῖ,
464 1584 563 1653 τῆς
590 1580 1029 1651 εἰδωλολατρείας
1074 1581 1257 1644 αὐτοῖς
1288 1579 1730 1650 καθηγήσασθαι.

145 1676 264 1730 Καὶ
310 1674 599 1743 γεγονότος
648 1672 742 1725 τοῦ
787 1671 1003 1725 εἰδώλου
1053 1670 1117 1724 ἐκ
1160 1669 1381 1741 χρυσίου
1431 1669 1533 1738 τῆς
1600 1669 1732 1739 ὕλης

147 1763 394 1833 (μόσχος
429 1762 488 1816 δὲ
539 1761 601 1814 τὸ
649 1759 864 1813 εἴδωλον
887 1755 953 1830 ἦν
971 1758 1014 1830 ),
1045 1759 1091 1811 οί
1127 1760 1223 1828 μὲν
1262 1756 1630 1827 ἐπηγάλλοντο
1654 1758 1731 1829 τῷ

144 1854 461 1924 ἀσεϐήματι
480 1871 495 1884 ·
526 1855 554 1905 ὁ
578 1852 633 1905 δὲ
662 1852 865 1922 Μωσῆς
903 1851 1023 1904 κατ’
1055 1849 1250 1911 αὐτοὺς
1272 1848 1372 1919 ήδη
1399 1850 1689 1919 γενόμενος
1711 1891 1727 1916 ,

148 1942 428 2014 συντρίϐει
459 1942 558 2005 τὰς
608 1941 851 2005 πλάκας,
888 1940 969 2007 ,ἃς
1010 1938 1193 1992 θεόθεν
1226 1937 1510 2007 ἐκόμιζεν·
1548 1938 1625 2002 ὡς
1661 1938 1726 1991 ἂν

1841 861 2058 915 mortali
2091 862 2199 914 vita
2229 863 2332 916 sub
2364 863 2454 915 illa
2481 863 2713 933 caligine
2744 863 2954 933 Moyses
2994 864 3218 927 viveret,
3249 866 3408 934 quasi

1838 955 2014 1022 pueri,
2047 968 2171 1008 cum
2205 940 2480 1023 paedagogi
2513 970 2619 1007 non
2669 954 2888 1019 adsunt,
2921 954 3001 1009 sic
3047 957 3280 1025 populus
3312 957 3409 1011 ad-

1837 1057 2031 1097 versus
2064 1042 2247 1095 Aaron
2270 1043 2600 1105 concitatus,
2626 1042 2840 1112 impulit
2867 1059 3013 1105 eum,
3043 1052 3101 1096 ut
3133 1044 3199 1099 ad
3236 1045 3407 1099 simu-

1838 1131 2048 1186 lacrum
2086 1146 2312 1187 aureum
2350 1133 2684 1189 adorandum
2715 1134 2824 1187 dux
2864 1134 2944 1188 eis
2977 1133 3155 1200 fieret;
3180 1135 3406 1189 simula-

1810 1237 1990 1277 crum
2018 1232 2198 1278 autem
2224 1224 2429 1278 vitulus
2459 1230 2597 1279 erat.
2661 1226 2841 1289 Quare
2903 1224 3142 1280 oil'ensus
3190 1225 3404 1296 Moyses

1836 1312 2084 1382 perrupit
2116 1312 2353 1376 tabulas,
2382 1328 2449 1365 ne
2479 1312 2532 1365 in
2564 1312 2812 1367 homines
2844 1310 3097 1382 indignos
3137 1320 3286 1367 tanta
3316 1328 3404 1369 res

1834 1401 2156 1468 deveniret;
2192 1401 2387 1456 deinde
2436 1401 2638 1457 Levitis
2690 1401 3231 1465 administrantibus,
3302 1402 3403 1456 tri-

1835 1492 2044 1547 bulium
2074 1493 2338 1562 sanguine
2370 1493 2551 1548 scelus
2581 1492 2837 1561 expiavit,
2884 1492 3242 1546 simulacrum
3272 1506 3405 1547 con-

1832 1582 2006 1645 trivit,
2035 1597 2272 1654 cumque
2302 1599 2400 1638 sua
2434 1582 2736 1647 iracundia,
2767 1598 2875 1652 qua
2916 1583 2970 1637 in
2998 1598 3095 1638 eos
3141 1585 3235 1653 qui
3281 1599 3405 1655 pec-

1833 1681 2045 1739 carant,
2084 1682 2385 1739 exarserat,
2415 1673 2584 1728 Deum
2616 1675 2905 1743 propitium
2945 1673 3289 1735 reddidisset,
3327 1676 3403 1729 ita

1832 1773 2025 1813 rursus
2055 1758 2411 1829 quadraginta
2474 1758 2684 1813 dierum
2739 1760 2916 1829 spatio
2966 1760 3180 1815 tabulas
3221 1775 3253 1813 a
3292 1759 3403 1815 Deo

1832 1848 2178 1918 impetravit:
2233 1862 2371 1918 quas
2424 1848 2541 1918 ipse
2599 1848 2815 1917 quidem
2879 1851 3213 1919 composuit,
3259 1849 3401 1906 Deus

1831 1948 2008 1995 autem
2044 1940 2382 2009 perscripsit.
2419 1938 2530 1994 Has
2561 1955 2753 1996 rursus
2780 1941 2975 2010 accipit
2994 1956 3117 1995 cum
3144 1948 3397 1995 naturam

147 2033 242 2087 τοῦ
278 2034 752 2103 πλημμελήματος
783 2031 937 2098 ἀξίαν
971 2032 1071 2101 τήν
1097 2029 1364 2100 τιμωρίαν
1402 2029 1686 2099 ὑπόσχοιεν
1706 2070 1721 2093 ,

1872 2046 1881 2083 ι
1916 2038 2068 2085 tanto
2098 2030 2307 2085 dierum
2340 2045 2566 2085 nurnero
2608 2031 2952 2094 excessisset.
3005 2033 3111 2087 alia
3162 2033 3395 2102 quadam

145 2127 249 2196 τῆς
278 2126 527 2195 θεοδόχω
566 2125 784 2194 χάριτος
812 2123 1233 2192 ἀμοιρήσαντες.
1273 2116 1409 2174 Εἶτα
1440 2119 1516 2190 τῷ
1549 2123 1727 2191 ἐμφυ-

1872 2120 2041 2176 ιιίοηο
2094 2123 2361 2191 nobisque
2414 2122 2633 2177 insolita
2693 2124 2857 2177 vitam
2908 2124 3223 2189 traducens,
3267 2125 3399 2179 dum

148 2216 249 2286 λίῳ
284 2216 480 2286 αἵματι
510 2215 598 2268 διά
627 2214 735 2266 τῶν
766 2210 1004 2266 Λευῖτῶν
1034 2210 1335 2281 καθαρίσας
1363 2211 1424 2270 τὸ
1454 2210 1605 2278 ἄγος,
1639 2212 1727 2265 καὶ

1872 2211 1963 2265 ihil
1992 2227 2200 2278 eorum,
2221 2227 2342 2282 quae
2370 2220 2620 2267 naturam
2645 2213 2985 2270 deiicientem
3023 2216 3146 2272 cibo
3184 2224 3402 2274 susten-

148 2306 227 2377 τῷ
270 2306 388 2376 ίδίῳ
431 2304 611 2375 θυμῷ,
644 2302 722 2373 τῷ
760 2302 902 2356 κατά
926 2301 1034 2355 τῶν
1070 2299 1637 2371 πεπλημμεληκότων,
1669 2301 1727 2354 τὸ

1872 2312 1968 2366 int,
2000 2305 2054 2357 in
2082 2319 2183 2359 suo
2217 2320 2445 2374 corpore
2467 2304 2706 2361 admisit.

146 2399 299 2451 Θεῖον
322 2397 683 2465 ίλεωσάμενος
704 2435 720 2458 ,
758 2394 878 2447 τότε
910 2392 1125 2446 εἴδωλον
1157 2391 1517 2461 ἐξαφανίσας·
1561 2389 1704 2445 οὕτω
1735 2392 1896 2446 πάλιν
1932 2396 1989 2447 ὲν
2023 2396 2429 2465 τεσσαράκοντα
2455 2396 2676 2467 ἡμερῶν
2704 2394 3027 2467 προσεδρείᾳ
3052 2396 3152 2460 τὰς
3188 2396 3399 2460 πλάκας

148 2487 457 2557 κομίζεται,
487 2481 562 2541 ὧν
602 2488 635 2557 ή
670 2485 856 2557 Γραφὺ
896 2486 1013 2558 μὲν,
1048 2485 1113 2537 ἐκ
1142 2484 1288 2547 θείας
1317 2483 1599 2553 δυνάμεως
1638 2480 1738 2554 ἦν,
1783 2486 1817 2554 ἡ
1861 2486 1918 2539 δὲ
1951 2485 2048 2556 ὕλη
2094 2486 2183 2539 διὰ
2215 2486 2316 2556 τῆς
2363 2485 2597 2550 Μωσέως
2636 2484 2912 2556 ἐξησκήθη
2951 2485 3152 2556 χειρός.
3187 2485 3401 2551 Ταύτας

149 2582 437 2651 κομίζεται
465 2579 659 2641 πάλιν,
686 2577 854 2641 ἐκ6ἀς
894 2577 992 2647 τὴν
1030 2576 1190 2645 φύσιν
1238 2576 1296 2627 ἐν
1334 2575 1410 2646 τῷ
1458 2575 1697 2647 τοσούτῳ
1728 2577 1835 2629 τῶν
1862 2578 2083 2649 ἡμερῶν
2120 2577 2368 2648 ἀριθμῷ,
2405 2577 2560 2631 ἄλλον
2603 2576 2724 2630 τινὰ
2766 2577 2995 2646 τρόπον,
3025 2576 3119 2630 καὶ
3147 2577 3207 2630 οὐ
3259 2576 3400 2631 κατά

146 2675 240 2727 τὸν
286 2672 675 2742 νενομισμένον
721 2672 879 2742 ήμῖν,
917 2668 1204 2740 βιοτεύων·
1260 2668 1411 2721 οὐδὲν
1438 2668 1547 2721 τῶν
1576 2669 2041 2759 ὑποστηριζόντων
2084 2671 2171 2725 διὰ
2206 2672 2306 2741 τῆς
2342 2671 2546 2742 τροφῆς
2581 2670 2639 2723 τὸ
2671 2670 2771 2740 τῆς
2796 2670 3009 2739 φύσεως
3038 2670 3191 2741 ήμῶν
3224 2669 3399 2733 ἐνδεὲς

146 2766 223 2836 τῷ
262 2766 380 2835 ἰδίῳ
420 2763 631 2834 σώματι
677 2763 1125 2835 προσδεξάμενος.
1706 2828 1713 2836 ,

214 2857 331 2909 Καὶ
355 2854 534 2917 οὕτως
572 2854 755 2917 αὐτοῖς
787 2855 886 2924 τήν
921 2871 980 2907 τε
1017 2855 1222 2926 σκηνὴν
1252 2856 1509 2927 ἐπήξατο,
1545 2856 1640 2911 καὶ
1668 2835 1735 2910 τά

147 2947 360 3017 νόμιμα
388 2944 765 3016 παρατίθεται,
803 2946 900 3017 τὴν
936 2946 1232 3018 ἱερωσύνην
1250 2987 1264 3013 ,
1292 2948 1433 3002 κατά
1455 2950 1556 3021 τὴν
1583 2966 1735 3019 γενο-

152 3038 322 3107 μένην
344 3035 495 3105 αὐτῷ
518 3035 702 3088 θεόθεν
722 3035 1064 3089 διδασκαλίαν
1096 3039 1597 3109 καταστησάμενος.
1622 3040 1734 3093 Καὶ⁸

149 3128 341 3198 ἐπειδὴ
364 3128 570 3188 πάντα.
603 3126 744 3179 κατά
774 3127 875 3198 τήν
894 3126 1044 3181 θείαν
1067 3128 1360 3199 ὑφήγησιν,
1391 3128 1479 3182 διὰ
1497 3130 1596 3200 τῆς
1621 3130 1734 3183 ὑλι-

148 3220 251 3289 κῆς
297 3219 663 3289 δημιουργίας
712 3218 1183 3274 κατεσκευάσατο·
1224 3221 1323 3291 τὴν
1371 3222 1606 3291 σκηνήν,
1660 3220 1733 3275 τὰ
1768 3250 1771 3255 -

149 3310 495 3382 προπύλαια,
527 3309 595 3363 τὰ
627 3308 776 3371 ἐντὸς
821 3308 1016 3372 πάντα,
1049 3309 1117 3362 τά
1154 3308 1506 3380 θυμιατήρια,
1542 3310 1729 3364 θυσια-

151 3402 405 3471 στήριον,
449 3398 705 3468 λυχνίαν,
749 3398 1248 3470 παραπετάσματα,
1281 3399 1342 3452 τὸ
1378 3400 1486 3453 τῶν
1518 3400 1728 3455 ἀδύτων

150 3492 301 3552 ἐντὸς
336 3490 670 3560 ἱλαστήριον,
706 3488 796 3541 τὸν
821 3489 918 3557 τῆς
953 3488 1251 3559 ἱερωσύνης
1283 3488 1505 3558 κόσμον,
1529 3488 1591 3540 τὸ
1622 3484 1727 3558 μῦ-

153 3599 279 3652 ρον,
318 3581 423 3643 τάς
454 3579 743 3650 διαφόρους
798 3580 1132 3651 ἱερουργίας,
1188 3580 1257 3632 τὰ
1302 3578 1607 3648 καθάρσια,
1660 3579 1727 3631 τὰ

152 3675 517 3744 χαριστήρια,
559 3672 630 3725 τά
660 3670 770 3724 τῶν
813 3671 998 3725 κακῶν
1039 3672 1400 3742 ἀποτρόπαια,
1433 3671 1501 3724 τὰ
1525 3672 1585 3724 ἐν
1618 3673 1729 3734 τοῖς
1755 3658 1799 3716 C

155 3764 622 3835 πλημμεληθεῖσιν
671 3763 989 3833 ίλεωτήρια,
1028 3763 1206 3817 πάντα
1240 3763 1376 3818 κατὰ
1420 3761 1511 3816 τὸν
1542 3762 1730 3816 δέοντα

151 3857 383 3928 τρόπον,
422 3858 480 3909 ἐν
523 3856 705 3918 αὐτοῖς
733 3854 1017 3920 διατάξας·
1063 3854 1311 3925 ἐκίνησεν
1360 3855 1419 3906 ἐν
1470 3857 1583 3918 τοῖς
1610 3855 1732 3907 ἐπι-

153 3946 384 4017 τηδείοις
408 3946 502 3999 τὸν
534 3945 726 4014 φθόνον
756 3945 875 3999 καθ’
896 3944 1112 4009 ἑαυτοῦ,
1147 3945 1209 3997 τὸ
1239 3944 1498 4013 συγγενὲς
1529 3947 1597 4017 τῇ
1628 3944 1730 4014 φύ-

156 4056 236 4092 σει
266 4038 377 4092 τῶν
416 4036 723 4108 ἀνθρώπων
752 4035 1093 4108 ἀρρώστημα
1112 4049 1125 4063 ·
1157 4035 1234 4099 ὼς
1261 4036 1356 4089 καὶ
1386 4035 1477 4088 τὸν
1520 4034 1729 4107 Ἀαρὼν

154 4134 268 4195 ταῖς
293 4132 485 4201 τιμαῖς
515 4130 613 4200 τῆς
646 4127 948 4200 ἱερωσύνης
973 4128 1302 4199 τιμώμενον,
1334 4127 1431 4181 καὶ
1452 4128 1548 4198 τὴν
1577 4127 1731 4181 ἀδελ-

157 4225 259 4293 φὴν
281 4222 453 4276 αὐτοῦ
498 4218 759 4293 Μαριὰμ,
792 4222 1090 4293 ζηλοτυπία
1125 4220 1231 4275 τινὶ
1260 4219 1730 4291 γυναικωδεστέρᾳ

159 4317 286 4387 πρὸς
312 4314 415 4385 τὴν
446 4314 748 4385 γενομένην
778 4312 926 4384 αὐτῷ
970 4313 1152 4367 θεόθεν
1189 4313 1353 4385 τιμήν
1384 4312 1730 4383 ύποκινηθεῖ-

159 4421 280 4469 σαν,
328 4401 666 4472 φθέγξασθαί
706 4420 759 4455 τι
807 4401 1065 4466 τοιοῦτον,
1098 4401 1185 4470 ἐφ’
1222 4396 1267 4469 ᾧ
1293 4401 1634 4474 παρεκινήθη
1666 4398 1730 4453 τὸ

155 4494 298 4548 Θείαν
337 4496 421 4557 είς
465 4493 566 4564 τὴν
617 4492 711 4547 τοῦ
744 4492 1209 4564 πλημμελήματας
1256 4492 1498 4546 κόλασιν.
1560 4489 1730 4545 Ἔνθα

158 4585 215 4655 δή
239 4588 336 4639 καὶ
372 4585 536 4638 πλέον
561 4602 615 4637 τι
645 4584 944 4653 θαυμάζειν
970 4584 1119 4650 ἀξιον
1146 4585 1245 4651 τῆς
1266 4582 1617 4648 ἀνεξικακίας
1637 4582 1729 4635 τὸν

159 4677 374 4740 Μωσέα,
407 4677 494 4729 ὅτι
531 4674 625 4728 τοῦ
658 4674 794 4728 Θεοῦ
821 4677 919 4746 τὴν
943 4676 1134 4743 ἄλογον
1165 4673 1460 4744 βασκανίαν
1486 4674 1580 4728 τοῦ
1629 4691 1727 4743 γυ-

161 4769 298 4821 ναίου
344 4766 701 4831 κολάζοντος,
733 4766 1084 4837 ἰσχυροτέραν
1114 4765 1212 4837 τὴν
1247 4766 1407 4836 φύσιν
1432 4766 1531 4835 τῆς
1560 4765 1730 4837 ὀργῆς

160 4858 553 4929 ποιησάμενος,
589 4855 682 4909 τὸν
717 4854 847 4908 Θεὸν
889 4855 1030 4926 ὑπὲρ
1059 4855 1159 4925 τῆς
1184 4854 1417 4925 ἀδελφῆς
1447 4853 1725 4909 ίλεώσατο.

159 4948 257 5001 Τοῦ
286 4948 344 5001 δὲ
374 4946 614 5017 πλήθους
635 4945 796 5000 πάλιν
828 4947 907 5010 είς
933 4944 1157 5010 ἀταξίαν
1187 4946 1484 5017 τραπέντος
1507 4945 1525 5014 (
1545 4947 1731 5017 ἠγεῖτο

1910 2858 1999 2913 Sic
2031 2859 2196 2931 igitur
2222 2859 2329 2913 illis
2363 2857 2776 2915 tabernaculum
2821 2856 3128 2923 mdiiicavit,
3158 2866 3213 2914 et
3262 2858 3399 2930 legis

1831 2958 2098 3020 praecepta
2130 2950 2373 3013 tradidit,
2410 2950 2708 3005 constituto
2741 2962 2839 3019 pro
2882 2948 3145 3018 inspirata
3178 2948 3281 3003 sibi
3317 2949 3400 3004 di-

1830 3042 2036 3097 vinitus
2082 3041 2333 3095 doctrina
2391 3040 2727 3100 sacerdotio;
2770 3045 2827 3094 et
2882 3047 3165 3108 postquam
3214 3040 3399 3094 omnia

1830 3141 1991 3203 prout
2026 3149 2060 3188 a
2097 3132 2207 3187 Deo
2228 3132 2467 3186 monitus
2493 3138 2631 3195 erat,
2678 3128 2942 3184 materiali
2974 3127 3191 3197 opiﬁcio
3222 3128 3401 3199 perfe~

1833 3225 1928 3287 cit,
1960 3224 2391 3285 tabernaculum,
2419 3221 2681 3277 vestibula
2712 3226 2908 3273 cuncta
2952 3218 3231 3284 interiora,
3268 3219 3397 3273 thu-

1832 3315 2029 3379 ribula,
2077 3299 2272 3378 altare,
2328 3312 2737 3376 candelabrum,
2773 3311 2926 3374 vela,
2964 3309 3397 3380 prepitiatorium

1832 3406 1886 3459 in
1921 3406 2121 3476 adytis,
2153 3404 2441 3459 sacerdotii
2472 3410 2746 3466 ornatum,
2774 3403 2980 3454 varium
3004 3400 3396 3455 sacriﬁciorum

1830 3495 2073 3561 modum,
2101 3495 2265 3549 alium
2298 3494 2353 3547 in
2387 3493 2786 3563 purgationem,
2843 3491 3005 3544 alium
3061 3490 3116 3544 in
3173 3488 3398 3559 agendis

1828 3585 2041 3654 gratiis,
2070 3584 2235 3637 alium
2266 3581 2331 3635 ad
2355 3580 2648 3636 avertenda
2676 3580 2815 3632 mala
2844 3578 3200 3642 imminentia,
3228 3578 3397 3632 alium

1830 3672 1898 3725 ad
1930 3672 2198 3740 expianda
2226 3677 2484 3739 peccata;
2519 3669 2633 3722 I‘aec
2665 3667 2848 3721 omnia
2878 3675 3161 3736 postquam
3190 3668 3397 3736 Optime

1832 3761 2060 3833 perfecit
2104 3770 2267 3830 atque
2320 3759 2623 3820 constituit,
2659 3772 2882 3812 suorum
2920 3772 3207 3826 perpessus
3256 3756 3399 3812 invi-

1830 3852 1974 3906 diam
2003 3859 2116 3914 est,
2167 3848 2312 3920 quod
2352 3848 2540 3904 vitium
2599 3848 2850 3902 humanae
2904 3858 3112 3901 natura:
3149 3848 3395 3903 innatum

1829 3954 1933 4007 est,
1979 3942 2119 3997 sicut
2150 3951 2204 3997 et
2234 3945 2436 4007 Aaron,
2480 3941 2573 4010 qui
2613 3940 2933 3996 sacerdotali
2979 3938 3154 3995 fuerat
3190 3940 3395 3995 honore

1829 4033 2211 4101 decoratus,et
2261 4047 2418 4087 soror
2469 4031 2588 4102 ejus
2634 4030 2799 4086 Maria
2846 4031 3108 4102 zelotypia
3161 4030 3392 4102 quadam

1831 4125 2388 4184 muliebri,commota
2415 4123 2489 4177 ob
2524 4122 2761 4177 delatum
2794 4121 2871 4176 illi
2928 4123 3186 4178 honorem
3221 4138 3252 4176 a
3284 4120 3396 4176 Deo

1830 4214 2107 4284 quidpiam
2138 4215 2407 4284 prolocuti
2440 4214 2662 4277 fuerint,
2690 4229 2798 4284 quo
2830 4214 3013 4268 divina
3042 4213 3119 4267 ira
3151 4228 3395 4268 commo-

1788 4346 1795 4352 ρ
1829 4316 1889 4361 ta
1915 4308 2154 4362 velocem
2185 4306 2370 4361 intulit
2402 4305 2737 4375 punitionem
2767 4324 2780 4359 :
2819 4319 2925 4374 qua
2956 4306 3011 4359 in
3075 4319 3134 4358 re
3171 4303 3394 4357 mirabi-

1830 4398 1900 4454 lis
1931 4398 2240 4461 clementia,
2288 4397 2638 4466 inauditaque
2665 4395 3024 4449 mansuetudo
3080 4393 3250 4465 Moysi
3281 4394 3394 4450 visa

1829 4500 1935 4545 est.
1970 4487 2090 4543 Non
2125 4490 2272 4543 enim
2292 4489 2468 4543 solum
2507 4490 2679 4543 iratus
2712 4486 2971 4542 invidenti
3003 4502 3111 4541 non
3144 4485 3263 4551 fuit,
3300 4486 3395 4541 sed

1834 4581 2001 4634 Deum
2038 4582 2202 4635 etiam
2233 4581 2578 4636 orationibus
2606 4579 2783 4635 sorori
2815 4580 3107 4649 propitium
3142 4578 3394 4634 reddidit.

1790 4707 1795 4712 ι
1829 4672 1966 4726 Cum
1992 4686 2121 4726 vero
2149 4671 2443 4728 multitudo
2473 4673 2749 4742 voluptate
2801 4674 2939 4725 victa
2993 4686 3184 4724 carnes
3236 4669 3399 4724 edere

1832 4764 2189 4827 desideraret,
2222 4765 2523 4835 meliusque
2553 4780 2613 4819 se
2656 4764 2712 4817 in
2758 4762 2993 4834 Egypto
3024 4761 3251 4822 vixisse,
3304 4758 3397 4812 ubi

1833 4858 2090 4914 carnibus
2120 4858 2451 4923 abundabat,
2487 4871 2650 4927 quam
2680 4855 2887 4912 caelesti
2917 4854 3037 4908 cibo
3080 4852 3134 4905 in
3182 4850 3399 4904 deserto

1833 4950 2174 5018 praedicaret,
2210 4957 2341 5004 tunc
2368 4948 2480 5004 Deo
2509 4947 2723 5019 Moyses
2745 4961 2859 5001 rem
2897 4941 3211 5007 commisit;
3256 4937 3399 4994 Deus

158 5039 209 5093 δέ
255 5040 358 5110 τῆς
389 5037 772 5108 πλημμελείας
815 5039 845 5109 ή
884 5036 992 5090 τῶν
1041 5035 1183 5090 κατὰ
1229 5035 1472 5106 γαστέρα
1526 5035 1727 5107 ἡδονῶν

1872 5054 1963 5094 ero
1990 5038 2126 5092 mira
2156 5036 2503 5092 multitudine
2542 5052 2669 5093 aves
2698 5051 2795 5105 per
2836 5034 3034 5090 stativa
3088 5028 3398 5085 Judaaorum

156 5132 412 5203 ἀμετρία.
449 5124 535 5193 οἷς
575 5130 677 5183 οὐκ
720 5131 883 5200 ήρκει
903 5128 965 5182 τὸ
989 5126 1089 5200 ζῇν
1116 5128 1367 5196 ὑγιεινῶς
1393 5144 1453 5181 τε
1476 5127 1570 5181 καὶ
1594 5127 1727 5181 ἀλύ-

158 5241 266 5287 πως
291 5226 358 5277 ἐκ
386 5223 486 5293 τῆς
517 5221 727 5277 ἄνωθεν
759 5220 1120 5291 ἐπιρρεούσης
1138 5220 1344 5292 τροφῆς
1362 5234 1376 5247 ·
1409 5219 1523 5273 ἀλλ’
1556 5221 1590 5291 ή
1619 5219 1727 5274 τῶν

159 5313 373 5386 σαρκῶν
401 5313 688 5383 ἐπιθυμία,
712 5312 806 5365 καὶ
836 5314 865 5365 ὁ
886 5310 986 5381 τῆς
1009 5310 1344 5383 κρεωϐορίας
1369 5309 1532 5376 πόθος
1578 5327 1727 5381 προ-

164 5406 446 5477 τιμοτέραν
483 5404 657 5458 ἐποίει
686 5403 794 5457 τῶν
839 5401 1124 5473 παρόντων
1161 5401 1345 5463 αὐτοῖς
1377 5399 1597 5469 ἀγαθῶν
1627 5399 1724 5471 τὴν

163 5499 284 5556 περ·
323 5496 644 5566 Αἰγυπτίοις
680 5494 982 5565 δουλείαν),
1014 5495 1043 5547 ὁ
1071 5493 1169 5565 μὲν
1196 5490 1466 5547 κοινοῦται
1496 5491 1572 5563 τῷ
1603 5491 1724 5562 Θεῷ

1829 5130 2289 5186 circumvolantes
2316 5131 2578 5201 gregatim
2613 5128 2695 5184 sic
2727 5127 2973 5189 immisit,
3008 5131 3068 5178 ut
3107 5122 3398 5191 aucupium

1829 5228 1974 5277 esset
2007 5220 2346 5277 facillimum.
2372 5220 2615 5285 Quarum
2650 5217 2899 5271 carnium
2928 5212 3399 5283 nimiumrepleti.

1831 5311 1885 5365 in
1922 5311 2143 5367 morbos
2177 5309 2519 5375 deciderunt,
2584 5308 2893 5377 mortuique
2925 5322 3035 5361 non
3069 5305 3227 5375 pauci
3278 5302 3401 5358 fue-

1829 5409 1958 5457 runt
1983 5420 1996 5457 :
2033 5417 2155 5472 qua:
2188 5418 2279 5457 res
2309 5399 2546 5456 residuis
2572 5398 2821 5469 exemplo
2846 5398 2912 5453 ad
2937 5395 3253 5453 modestiam
3277 5393 3401 5448 fuit.

1832 5492 2221 5564 Exploratores
2251 5491 2447 5547 deinde
2485 5490 2554 5546 ad
2590 5489 2971 5561 promissionis
3025 5497 3221 5545 terram
3277 5484 3404 5542 mite
