3794 6000
421 126 528 182 325

1663 110 1720 166 S.
1760 110 2091 168 GREGORII
2130 109 2421 166 NYbSENI

3557 66 3660 167 sit

421 245 632 302 tuntur,
657 231 751 305 qui
778 228 983 287 reversi
1042 242 1152 284 non
1213 227 1356 283 idem
1410 241 1648 294 omnes,-
1688 226 1781 282 sed
1836 227 1990 282 multi

2101 227 2227 298 περὶ
2273 224 2368 278 τοῦ
2419 221 2870 294 κατασκήψαντος
2921 222 2980 277 ἐν
3029 222 3212 288 αὑτοῖς
3261 223 3462 288 πάθους
3486 241 3502 255 ⁸
3541 227 3573 280 ὁ
3609 227 3661 281 δέ

418 343 560 398 pene
615 319 1009 394 impossibileni
1058 333 1182 375 esse
1228 318 1515 372 transitum
1573 317 1984 372 nuntiaverunt.

422 417 576 473 Unde
608 430 801 471 rursus
828 411 1116 467 multitudo
1139 410 1402 465 adversus
1444 409 1664 479 Moysen
1711 414 1987 461 commota

419 508 543 575 fuit,
571 508 839 576 multique
859 504 1222 572 dcsperarunt
1248 516 1307 555 se
1326 515 1484 569 posse
1508 500 1638 554 illuc
1664 499 1986 569 pervenire:

417 599 512 670 qui
565 612 753 653 omnes
804 595 989 649 divino
1024 590 1233 662 judicio
1293 587 1660 655 condemnati,
1712 602 1778 644 ea
1828 600 1990 657 poena

421 688 670 744 mulctati
717 693 865 749 sunt,
917 691 976 736 ut
1012 681 1342 753 promissam
1398 680 1503 736 sibi
1553 681 1830 750 regionem
1880 693 1990 733 non

419 783 689 838 viderent.
714 775 1132 830 Proﬁciscentes
1169 780 1350 826 autem
1392 786 1487 842 per
1534 771 1835 835 desertum,
1865 784 1990 826 cum

420 887 613 928 rursus
642 883 798 939 aqum
831 866 1057 934 penuria
1087 872 1488 934 premerentur,
1522 879 1627 919 nec
1674 864 1843 918 ullam
1892 863 1994 918 mi-

419 963 733 1019 raculorum
771 958 864 1013 Dei
915 961 1164 1011 tenerent
1200 955 1542 1019 memoriam,
1579 964 1692 1008 tum
1729 953 1992 1010 adversus

419 1053 645 1125 Moysen
680 1049 843 1119 impie
872 1045 1328 1110 conclamabant:
1383 1045 1464 1100 sic
1493 1051 1553 1098 ut
1591 1043 1804 1115 Moyses
1856 1058 1993 1114 quo-

421 1151 528 1212 que
554 1141 705 1196 viSus
741 1137 906 1192 fuerit
937 1150 1046 1190 una
1073 1149 1198 1188 cum
1235 1132 1417 1202 populi
1466 1131 1843 1186 incredulitate
1887 1133 1992 1184 im-

421 1234 653 1304 pegisse.
695 1227 1075 1283 Verumtamen
1107 1239 1172 1279 ex
1204 1231 1484 1278 acrotomo
1528 1222 1621 1275 illo
1665 1220 1842 1291 lapide
1869 1236 1994 1275 rur-

423 1337 520 1380 sus
550 1321 727 1375 fontes
783 1330 1048 1386 aquarum
1114 1313 1253 1368 mire
1310 1311 1584 1383 produxit.
1628 1308 1763 1364 Cum
1813 1318 1992 1363 autem

421 1425 620 1467 rursus
650 1407 762 1462 illis
787 1406 1036 1461 ciborum
1063 1403 1314 1472 voluptas
1359 1401 1496 1470 gula:
1522 1398 1874 1468 cupiditatem
1899 1413 1995 1452 ex-

422 1501 670 1563 citasset,
722 1504 780 1551 et
833 1495 998 1550 nullis
1029 1493 1195 1549 rebus
1247 1492 1314 1545 ad
1368 1490 1535 1544 vitam
1578 1486 1993 1544 sustentandam

2087 314 2364 377 παιδεύει,
2394 313 2456 367 τὸ
2484 313 2557 383 μὴ
2586 313 2695 367 δεῖν
2719 313 2891 377 οὕτως
2923 313 3087 384 ἔχειν,
3118 313 3206 367 διὰ
3236 314 3330 368 τοῦ
3356 314 3541 368 δοῦναι
3572 335 3662 369 τυ-

2088 409 2209 474 χεῖν
2239 399 2315 459 ὧν
2340 405 2575 473 ἐφίεντο,
2603 404 2804 476 ὀρνέων
2832 421 2883 458 τι
2912 405 3135 475 πλῆθος,
3168 405 3452 476 πρόσγειον
3481 424 3666 460 ποιουο

2085 494 2265 564 -μένων
2309 494 2407 564 τὴν
2445 494 2665 564 πτῆσιν,
2701 493 2852 562 ἐφεὶς
2894 493 2972 564 τῷ
3017 495 3361 564 στρατοπέδῳ
3396 496 3631 566 νεφηδδν
3653 536 3666 558 ,

2089 584 2183 639 καὶ
2212 584 2334 639 κατ’
2381 583 2580 652 ἀγέλας
2617 583 2984 652 ἐφίπτασθαι,
3023 585 3109 654 ἐφ’
3153 578 3228 638 ὧν
3253 587 3287 655 ή
3312 585 3535 639 εὐκολία
3573 586 3666 658 τῆς

2088 677 2263 747 ἄγρας
2283 718 2297 742 ,
2334 677 2415 739 είς
2445 676 2605 746 κόρον
2643 676 2742 746 τὴν
2776 677 2954 748 κρεῶν
2986 677 3284 746 ἐπιθυμίαν
3330 681 3665 749 προήγαγεν.

2101 766 2164 820 Ἦ
2200 767 2256 820 δέ
2289 766 2521 836 ἀμετρία
2553 766 2651 836 τῆς
2680 765 2934 836 βρώσεως
2969 765 3181 837 ἀθρόως
3213 768 3398 830 αὐτοῖς
3424 767 3527 832 τὰς
3561 769 3666 821 τῶν

2091 855 2356 924 σωμάτων
2410 853 2634 924 κράσεις
2687 856 2766 918 είς
2848 854 3207 925 φθοροποιοὺς
3268 858 3477 925 χυμοὺς
3541 874 3666 926 μετ-

2090 943 2378 1009 εσκεύασε,
2410 943 2505 995 καὶ
2525 944 2558 1012 η
2593 941 2876 1013 πλησμονὴ
2907 943 3086 1005 αὑτοῖς
3112 945 3192 1008 είς
3215 944 3369 998 νόσον
3391 945 3485 1014 καὶ
3509 947 3669 999 θάνα-

2091 1049 2183 1086 τον
2211 1031 2398 1102 ἔληξεν
2417 1071 2432 1094 ,
2465 1024 2540 1085 ὧν
2568 1032 2629 1083 τὸ
2666 1032 2970 1103 ὑπόδειγμα
3000 1033 3182 1097 αὑτοῖς
3207 1051 3268 1088 τε
3299 1035 3551 1101 ἐκείνοις,
3579 1038 3668 1088 καὶ

2090 1125 2202 1186 τοῖς
2229 1122 2364 1194 πρὸς
2405 1121 2651 1185 ἐκείνους
2676 1122 2876 1193 ὁρῶσιν
2893 1162 2909 1187 ,
2943 1123 3122 1178 ἱκανὸν
3151 1125 3289 1195 πρὸς
3314 1127 3669 1197 σωφροσύνην

2091 1214 2326 1282 ἐγένετο.
2357 1207 2494 1267 Εἶτα
2527 1215 2862 1268 κατάσκοποι
2893 1216 3022 1286 παρ’
3045 1215 3212 1270 αὑτοῦ
3237 1217 3550 1289 πέμπονται
3575 1220 3668 1288 τῆς

2091 1303 2273 1376 χώρας
2301 1303 2544 1385 ἐκείνης,
2587 1305 2621 1375 ἢ
2650 1305 2811 1359 ,κατά
2852 1305 3001 1360 θείαν
3030 1307 3213 1372 αὑτοῖς
3241 1309 3579 1377 ἐπαγγελίαν
3606 1312 3661 1362 ἐν

2093 1392 2298 1446 ἐλπίσιν
2353 1389 2422 1465 ἦν
2477 1394 2579 1464 τῆς
2622 1395 2906 1466 οἰκήσεως.
2963 1395 3181 1451 Τούτων
3222 1399 3279 1452 δέ
3327 1400 3402 1471 μὴ
3451 1402 3668 1455 πάντων

2093 1483 2301 1553 τάληθῆ
2348 1485 2852 1553 καταγγειλάντων,
2899 1488 3034 1543 ἀλλά
3077 1506 3239 1544 τινων
3287 1492 3356 1546 τά
3380 1492 3557 1563 ψευδῆ
3581 1494 3670 1546 καὶ

422 1557 751 1647 necessariis
780 1585 1046 1647 destituti,
1095 1581 1445 1654 Egyptiacas
1493 1580 1683 1650 epulas
1731 1578 1989 1648 expetiis-

2101 1574 2396 1646 σκυθρωπὰ
2456 1578 2842 1646 μηνυσάντων,
2903 1581 3065 1636 πάλιν
3123 1583 3152 1636 ὁ
3195 1583 3324 1648 λαὸς
3375 1557 3444 1638 δι’
3503 1557 3669 1657 ὀργῆς

423 1688 567 1744 sent,
596 1693 748 1734 more
763 1677 1026 1748 juvenum
1061 1675 1367 1744 petulanter
1393 1687 1452 1727 se
1484 1669 1788 1742 gerentium
1815 1667 1994 1739 ﬂagel-

423 1773 492 1827 lis
537 1769 893 1839 castigantur.
943 1763 1308 1832 Quamobrem
1371 1769 1650 1831 serpentes
1701 1761 1991 1816 venenosis

423 1858 699 1916 morsibus
729 1855 995 1911 divinitus
1022 1853 1104 1909 eis
1134 1851 1366 1906 immissi
1392 1869 1405 1904 :
1429 1864 1664 1920 cumque
1683 1850 1866 1918 plures
1889 1849 1993 1904 hoc

423 1950 586 2005 modo
609 1949 664 2002 in
691 1947 807 2002 dies
830 1942 1090 2016 perirent;
1103 1940 1288 1996 divino
1315 1939 1477 1993 nixus
1495 1937 1744 2002 consilio,
1761 1935 1993 2005 Moyses,

423 2054 501 2096 as
529 2039 586 2092 in
624 2038 897 2108 serpentis
921 2032 1168 2090 confudit
1204 2032 1454 2103 ﬁguram,
1490 2044 1652 2099 quam
1687 2029 1743 2082 in
1786 2028 1996 2082 tumulo

422 2131 656 2202 quodam
683 2127 941 2199 imposuit
964 2126 1364 2194 :jussitque,ut
1390 2121 1701 2191 quicunque
1729 2118 1996 2188 serpentis

424 2237 612 2278 morsu
637 2221 976 2282 laborarent,
1014 2218 1068 2270 in
1094 2225 1295 2271 aereum
1332 2220 1635 2283 serpentem
1663 2210 1995 2281 aspicerent,

427 2322 588 2384 atque
615 2312 690 2366 ita
723 2309 1042 2381 pestiferum
1075 2323 1144 2361 ex
1177 2319 1363 2361 morsu
1399 2313 1712 2374 serpentum
1745 2303 1994 2357 morbum

426 2401 652 2472 fugavit.
681 2399 1117 2454 lmmittebantur
1147 2397 1294 2452 enim
1317 2411 1386 2451 ex
1412 2394 1532 2448 visu
1566 2393 1724 2463 quasi
1747 2391 1996 2446 antidota

425 2492 672 2564 qua’dam
704 2491 758 2544 in
787 2505 1008 2561 corpus,
1035 2489 1178 2558 quod
1209 2485 1544 2556 serpentium
1583 2496 1789 2537 venena
1831 2481 1998 2536 imbe-

427 2584 637 2638 cilliora
670 2580 952 2643 reddebat,
985 2592 1145 2647 quam
1181 2584 1239 2630 ut
1289 2580 1514 2645 possent
1562 2570 1812 2625 homines
1850 2568 1997 2624 occi-

428 2676 578 2730 dere.

2096 1664 2331 1719 ἐποιεῖτο
2371 1667 2462 1722 τὸν
2505 1669 2729 1723 Μωσέα.
2780 1669 2837 1724 Ὁ
2863 1671 2920 1724 δέ
2949 1672 3080 1736 Θεὸς
3105 1675 3231 1739 τοὺς
3264 1675 3668 1740 ἀπελπίσαντας

2094 1755 2194 1826 τὴν
2217 1755 2368 1810 Θείαν
2412 1758 2748 1829 συμμαχίαν,
2775 1761 2836 1814 τὸ
2867 1761 2941 1832 μὴ
2966 1763 3094 1817 ίδεϊν
3118 1764 3217 1836 τὴν
3251 1767 3668 1838 ἐπηγγελμένην

2097 1847 2280 1921 αὑτοῖς
2324 1847 2539 1919 χώραν,
2576 1850 2945 1916 καταδικάζει.
2993 1855 3297 1926 Προῖόντων
3343 1857 3401 1910 δὲ
3449 1858 3544 1912 διά
3575 1860 3669 1928 τῆς

2099 1936 2331 2006 ἐρήμου,
2355 1937 2513 1990 πάλιν
2542 1939 2723 2005 αὑτοῖς
2746 1941 3086 2008 ἐπιλιπόντος
3113 1945 3206 1998 τοῦ
3241 1946 3457 2012 ὕδατος,
3497 1951 3594 2002 καὶ
3638 1953 3667 2020 ή

2105 2029 2290 2098 μνήμη
2333 2027 2467 2115 τῆςξ
2485 2029 2582 2082 τοῦ
2628 2030 2763 2084 Θεοῦ
2809 2032 3088 2104 δυνάμεως
3141 2037 3541 2107 συνεπέλειψεν.
3599 2041 3668 2093 Οὐ

2100 2116 2208 2187 γὰρ
2248 2115 2327 2187 τῷ
2367 2117 2689 2189 προλαϐόντι
2732 2121 2886 2192 παρά
2930 2122 3030 2195 τὴν
3059 2124 3266 2197 πέτραν
3309 2127 3586 2198 θαύματι,
3615 2128 3669 2182 τὸ

2106 2208 2240 2278 μηδὲ
2277 2207 2372 2262 νῦν
2421 2211 2605 2274 αὐτοῖς
2647 2212 2894 2284 ἐνδεῆσαι
2929 2215 3030 2286 τὴν
3077 2216 3265 2288 χρείαν
3312 2219 3667 2274 ἐπίστευσαν·

2103 2296 2218 2350 ἀλλ’
2261 2298 2597 2364 ἀποστάντες
2646 2301 2755 2354 τῶν
2807 2305 3184 2376 χρηστοτέρων
3241 2306 3474 2362 ἐλπίδων
3495 2352 3511 2375 ,
3557 2311 3669 2363 κατ’

2096 2387 2260 2442 αὑτοῦ
2281 2387 2375 2442 τοῦ
2401 2389 2536 2444 Θεοῦ
2564 2393 2659 2446 καὶ
2681 2392 2774 2446 τοῦ
2812 2395 3052 2459 Μωσέως
3075 2399 3194 2460 ταῖς
3223 2397 3514 2470 λοιδορίαις
3541 2401 3668 2470 ἐχώ-

2101 2485 2264 2550 ρουνο
2296 2479 2374 2543 ὡς
2412 2483 2508 2535 καὶ
2531 2483 2621 2536 τὸν
2646 2484 2850 2538 Μωσέα
2878 2485 3027 2551 δόξαι
3058 2489 3126 2560 τῇ
3164 2490 3390 2561 ἀπιστίᾳ
3414 2492 3512 2544 τοῦ
3545 2490 3668 2545 λαοῦ

2101 2569 2458 2636 συνοκλάσαι,
2494 2573 2634 2646 πλὴν
2659 2575 2818 2630 πάλιν
2854 2577 3034 2643 αὐτοῖς
3075 2579 3551 2653 θαυματοπιῆσαι
3577 2583 3668 2652 τὴν

2101 2660 2400 2732 ἀκρότομον
2443 2664 2658 2736 ἐκείνην
2708 2667 2914 2739 πέτραν
2948 2670 3027 2734 είς
3065 2671 3272 2726 ὑδάτων
3311 2673 3472 2742 φύσιν
3509 2690 3669 2744 μεταο

427 2765 675 2820 ϐαλόντα.
735 2762 822 2823 Ὧς
863 2760 922 2813 δέ
956 2759 1114 2813 πάλιν
1158 2757 1339 2820 αὑτοῖς
1383 2755 1417 2826 ἡ
1466 2750 1878 2823 ἀνδραποδώδης
1933 2750 2042 2804 τῶν
2080 2749 2357 2822 ἐδωδίμων
2401 2753 2564 2827 ἡδονὴ
2611 2757 2707 2830 τὴν
2747 2758 3042 2829 ἐπιθυμίαν
3092 2763 3191 2832 τῆς
3234 2767 3670 2837 γαστριμαργίας

429 2852 720 2924 ἐπήγειρε,
745 2851 839 2904 καὶ
883 2848 991 2903 τῶν
1039 2847 1177 2918 πρὸς
1213 2845 1311 2916 τὴν
1341 2843 1485 2915 ζωὴν
1529 2842 1839 2911 ἀναγκαίων
1876 2839 2088 2902 οὐδενὸς
2120 2839 2532 2913 ὑστερούμενοι,
2573 2847 2664 2903 τὸν
2712 2850 3007 2918 Αίγύπτιον
3053 2853 3212 2924 κόρον
3248 2854 3669 2926 ὡνειροπόλουν·

428 2944 571 2998 κατά
615 2943 740 3005 τοὺς
790 2936 1155 3000 ἀτακτοῦντας
1194 2935 1303 2989 τῶν
1353 2934 1523 2996 νέων,
1565 2929 2466 3022 σφοδροτέραιςῂπαιδαγωγοῦνται
2498 2940 2618 3002 ταῖς
2653 2940 2921 3010 μάστιξιν,
2956 2943 3128 3012 ὄφεων
3171 2945 3352 3010 αὐτοῖς
3390 2949 3536 3004 κατὰ
3579 2952 3670 3022 τὴν

431 3031 778 3104 παρεμϐολὴν
824 3027 1196 3098 θανατηφόρον
1245 3026 1318 3079 ἰὸν
1359 3024 1728 3095 ἐμϐαλλόντων
1756 3022 1844 3076 διὰ
1891 3019 1982 3074 τοῦ
2027 3021 2323 3092 δήγματος.
2359 3027 2688 3100 Ἐπαλλήλου
2718 3033 2774 3086 δέ
2805 3037 3094 3107 γινομένης
3126 3038 3190 3091 ἐκ
3216 3038 3322 3093 τῶν
3349 3038 3557 3112 θηρίων
3580 3019 3671 3110 τῆς

429 3127 720 3189 πτώσεως,
750 3125 869 3194 θείᾳ
904 3121 1177 3194 συμϐουλῇ
1219 3119 1595 3190 παρορμηθεὶς
1633 3120 1662 3172 ὁ
1692 3116 2007 3188 νομοθέτης,
2041 3116 2240 3185 χαλκὸν
2287 3120 2344 3174 ἐν
2392 3123 2695 3194 ὁμοιώματι
2737 3127 2912 3196 ὄφεως
2934 3129 3085 3200 χέας,
3124 3131 3555 3202 ὑπερφαίνεσθαι
3583 3135 3669 3188 τοῦ

432 3215 788 3292 στρατοπέδου
819 3212 1043 3274 παντὸς,
1074 3211 1170 3264 ἐπί
1197 3227 1339 3275 τινος
1372 3207 1559 3278 ὕψους,
1594 3207 1843 3276 ἐποίησε·
1879 3206 1972 3260 καὶ
2002 3205 2173 3270 οὑτως
2218 3207 2443 3280 ἔστησεν
2484 3215 2543 3267 ἐν
2588 3215 2667 3287 τῷ
2693 3215 2806 3288 λαῷ
2830 3218 2928 3290 τὴν
2955 3221 3021 3272 ἐκ
3062 3220 3171 3274 τῶν
3209 3222 3412 3294 θηρίων
3446 3224 3670 3294 φθοράν.

441 3317 508 3367 ’0
535 3311 642 3382 γὰρ
661 3309 796 3382 πρὸς
813 3307 910 3379 τὴν
935 3305 1116 3359 είκόνα
1140 3305 1233 3358 τοῦ
1262 3305 1440 3374 ὄφεως
1469 3303 1567 3375 τὴν
1605 3304 1663 3356 ἐν
1693 3303 1774 3373 τῷ
1800 3300 1985 3372 χαλκῷ
2020 3300 2261 3371 βλέπων,
2289 3307 2440 3361 οὐδὲν
2479 3310 2734 3366 ἐδεδοίκει
2766 3313 2860 3367 τοῦ
2897 3315 3064 3381 ὅντως
3097 3317 3270 3388 ὄφεως
3297 3317 3391 3372 τοῦ
3417 3319 3672 3374 ἀληθινοῦ

429 3407 491 3462 τδ
521 3407 734 3477 δῆγμα,
782 3404 840 3470 ὲξ
871 3400 1219 3465 ἀντιπαθείας
1251 3401 1392 3465 τινὸς
1437 3401 1746 3471 ἀπορρήτου
1782 3399 1880 3470 τῆς
1917 3397 2091 3467 ὅψεως
2120 3399 2213 3452 τὸν
2257 3401 2334 3455 ib”
2360 3405 2763 3481 ἀμϐλυνούσηςο

501 3499 718 3556 Rursus
752 3496 953 3568 populo
983 3497 1038 3551 in
1091 3510 1215 3551 eum
1245 3494 1510 3550 seditione
1560 3495 1896 3562 insurgente,
1928 3505 1991 3544 ac

2165 3493 2334 3548 Πάλιν
2357 3497 2504 3568 αὑτῷ
2527 3501 2655 3572 περὶ
2681 3502 2783 3572 τῆς
2823 3503 3120 3575 ἡγεμονίας
3161 3505 3588 3571 ἐπαναστάσεως
3612 3509 3674 3562 ἐκ

431 3591 712 3649 nonnullis
737 3593 792 3645 in
823 3593 1032 3662 seipsos
1061 3586 1362 3644 transferre
1400 3587 1792 3652 sacerdotalem
1819 3583 1996 3654 digni-

2101 3581 2190 3634 τοῦ
2209 3583 2339 3638 λαοῦ
2362 3588 2680 3660 γενομένης,
2707 3592 2803 3644 καὶ
2826 3592 2986 3648 τινῶν
3009 3595 3106 3665 τήν
3127 3593 3422 3666 ἱερωσύνην
3441 3595 3524 3659 είς
3550 3597 3673 3649 ἐαυ-

431 3693 598 3738 tatem
634 3681 978 3744 conantibus,
1018 3679 1232 3752 Moyses
1257 3680 1477 3751 quidem
1509 3691 1607 3748 pro
1637 3674 1994 3748 peccantibus

2101 3671 2223 3733 τοὺς
2247 3676 2583 3746 μεταστῆσαι
2615 3677 2968 3750 βιαζομένων·
2999 3681 3028 3734 ὁ
3068 3682 3167 3752 μὲν
3209 3682 3390 3753 ἱκέτης
3415 3683 3510 3737 τοῦ
3539 3684 3671 3737 Θεοῦ

430 3777 658 3831 orabat:
689 3773 833 3828 Deus
859 3787 992 3828 vero
1009 3788 1118 3828 non
1145 3780 1206 3826 ut
1229 3773 1318 3826 ille
1342 3772 1558 3833 orabat,
1582 3771 1676 3824 sed
1704 3779 1762 3822 ut
1787 3766 2000 3837 justum

431 3872 571 3928 erat,
611 3865 761 3918 hiatu
792 3872 953 3918 terrae
979 3877 1170 3918 omnes
1199 3861 1517 3924 seditiosos,
1544 3861 1638 3930 qui
1691 3860 1745 3914 in
1776 3857 2000 3928 Moysen

432 3955 869 4018 insurrexerant,
899 3952 1193 4022 absorpsit.
1225 3951 1330 4017 Qui
1362 3960 1544 4008 autem
1581 3949 1873 4006 sacerdotii
1901 3963 2002 4002 cu-

431 4045 658 4117 piditate
683 4049 1026 4108 exarserant,
1072 4043 1196 4114 igne
1233 4043 1459 4098 cremati
1511 4043 1732 4097 circiter
1778 4040 2001 4095 ducenti

432 4146 488 4194 et
513 4133 936 4208 quinquaginta,
965 4133 1214 4204 exemplo
1243 4149 1345 4189 suo
1373 4141 1601 4189 αξιοι-οε
1621 4131 1850 4186 tribules
1871 4146 2002 4186 suos

433 4227 503 4284 ad
535 4239 723 4283 sanam
757 4233 994 4281 mentem
1043 4226 1396 4280 reduxerunt.
1447 4223 1647 4279 Verum
1707 4233 1768 4278 ut
1813 4222 2002 4277 crede-

431 4327 556 4376 rent
599 4331 709 4373 non
734 4315 803 4370 ab
829 4317 1166 4384 hominibus,
1205 4317 1298 4372 sed
1325 4333 1355 4371 a
1394 4315 1503 4372 Deo
1541 4314 1835 4371 sacerdotii
1875 4329 2003 4385 gra-

433 4417 562 4471 tiam
595 4413 843 4477 concedi,
887 4411 1062 4482 virga,
1107 4410 1306 4465 litteris
1332 4423 1362 4462 a
1391 4421 1501 4478 quo
1529 4415 1675 4462 esset
1718 4406 1898 4462 oblata
1927 4407 2004 4462 si-

433 4507 846 4579 gnificantibus,
877 4523 974 4578 per
1005 4519 1448 4577 unamquamque
1495 4503 1696 4559 tribum
1720 4511 2002 4574 assumpta

432 4608 536 4665 est,
579 4615 715 4670 quas
745 4603 800 4655 in
825 4600 1028 4670 templo
1052 4599 1266 4671 Moyses
1306 4599 1597 4666 apposuit:
1658 4609 1722 4650 ac
1781 4604 2003 4664 postero

431 4690 520 4747 die
549 4693 876 4749 sententiam
904 4691 973 4747 de
995 4690 1303 4748 sacerdotio
1323 4689 1419 4742 Dei
1449 4687 1704 4743 omnibus
1729 4685 1998 4741 ostendit:

2098 3761 2231 3830 περὶ
2259 3761 2368 3817 τῶν
2393 3762 2876 3838 ἐξαμαρτανόντων
2907 3772 3136 3841 ἐγίνετο⁹
3170 3773 3234 3826 τὸ
3263 3773 3319 3826 δέ
3349 3774 3558 3830 δίκαιον
3577 3775 3673 3845 τῆς

2096 3852 2192 3905 τοῦ
2217 3853 2351 3907 Θεοῦ
2381 3858 2631 3929 κρίσεως,
2657 3861 2758 3931 τῆς
2785 3863 2878 3916 τοῦ
2899 3864 3140 3929 Μωσέως
3167 3866 3302 3937 πρὸς
3320 3866 3382 3919 τὸ
3402 3867 3672 3937 ὁμόφυλον

2101 3946 2445 4015 συμπαθείας
2469 3950 2812 4024 ἰσχυρότερον
2831 3951 2918 4027 ἦν.
2941 3957 3142 4028 Χάσμα
3165 3975 3218 4012 τι
3251 3959 3360 4030 γὰρ
3386 3962 3420 4031 ή
3457 3961 3534 4031 γῆ
3557 3961 3670 4015 δια-

2103 4035 2333 4108 σχοῦσα,
2369 4039 2496 4113 θείῳ
2522 4043 2818 4116 θελήματι,
2865 4048 3024 4103 πάλιν
3061 4050 3198 4121 πρὸς
3244 4053 3440 4124 ἑαυτὴν
3469 4053 3672 4124 συμπί-

2100 4146 2246 4192 πτει,
2275 4129 2420 4187 ἔνδον
2448 4133 2787 4190 ὑπολαϐοῦσα
2803 4142 3066 4209 παγγενεὶ
3083 4143 3288 4207 πάντας
3307 4145 3510 4217 τοὺςτῇ
3529 4147 3667 4217 ἀρχῇ

2099 4219 2194 4274 τοῦ
2219 4224 2460 4290 Μωσέως
2491 4227 2922 4302 ἀντεπάραντας.
2941 4233 3003 4286 Οί
3020 4233 3077 4286 δὲ
3098 4234 3228 4306 περὶ
3253 4235 3349 4306 τὴν
3375 4237 3669 4308 ἱερωσύνην

2101 4313 2488 4387 λυσσήσαντες,
2522 4322 2653 4392 πυρὶ
2675 4323 3106 4394 καταφλεγέντες
3136 4328 3264 4399 περὶ
3289 4327 3595 4394 διακοσίους
3611 4347 3666 4382 τε

2103 4405 2200 4458 καὶ
2258 4410 2614 4480 πεντήκοντα,
2654 4411 2734 4483 τῷ
2771 4413 2891 4467 καθ’
2945 4417 3170 4480 ἐαυτοὺς
3219 4416 3379 4472 πάθει
3415 4419 3668 4490 σωφρονί-

2101 4493 2255 4560 ζουσι
2292 4498 2355 4552 τὸ
2397 4501 2686 4572 ὁμόφυλον.
2745 4506 2836 4568 Ὠς
2873 4506 2918 4559 δ’
2966 4506 3033 4560 ἂν
3069 4507 3266 4578 μᾶλλον
3317 4508 3592 4562 πεισθεῖεν
3618 4509 3666 4561 oi

2101 4588 2378 4661 ἄνθρωποι
2398 4633 2413 4657 ,
2439 4593 2623 4648 θεόθεν
2653 4598 3053 4667 παραγίνεσθαι
3080 4600 3187 4671 τῆς
3232 4600 3533 4672 ἱερωσύνης
3575 4600 3668 4670 τήν

2102 4683 2262 4754 χάριν
2301 4687 2413 4749 τοῖς
2445 4685 2815 4758 ἀξιουμένοις,
2865 4691 3090 4762 ῥάϐδους
3133 4690 3192 4758 ἐξ
3232 4692 3468 4763 ἐκάστης
3498 4691 3669 4765 φυλῆς

433 4786 548 4841 sola
577 4784 721 4841 enim
755 4785 935 4838 Aaron
990 4782 1143 4853 virga
1185 4780 1389 4843 ﬂoruit,
1429 4777 1779 4848 fructumque
1810 4778 1996 4833 edidit.

2109 4775 2258 4880 παρά
2296 4775 2403 4830 τῶν
2452 4778 2742 4849 ἐξεχόντων
2791 4781 3114 4852 κομίζεται,
3166 4783 3492 4856 γράμμασιν
3541 4784 3668 4849 ιδξου

431 4876 551 4932 Nux
589 4884 769 4932 autem
801 4882 915 4930 erat
945 4872 1180 4928 fructus.
1230 4871 1387 4938 Quod
1425 4871 1643 4941 quidem
1673 4870 1995 4925 miraculum

2108 4866 2337 4920 ἑκάστου
2373 4872 2905 4943 κατασημηναμένου
2935 4872 3031 4926 τοῦ
3056 4872 3371 4938 δεδωκότος,
3404 4876 3464 4928 ἐν
3483 4868 3580 4939 αἷς
3604 4871 3670 4945 ἦν

430 4970 596 5025 etiam
624 4966 933 5023 inﬁdelibus
961 4965 1256 5020 maximum
1285 4965 1528 5018 omnium
1556 4963 1732 5020 visum
1761 4971 1865 5028 est,
1891 4971 2000 5020 stu-

431 5060 688 5130 pentibus
734 5057 945 5115 scilicet
1000 5056 1274 5126 quomodo
1328 5055 1532 5110 siccum
1581 5069 1645 5110 ac
1693 5054 1999 5122 laevigatum

432 5154 663 5223 lignum,
696 5159 806 5205 tam
835 5164 1003 5222 parvo
1026 5148 1289 5219 temporis
1316 5147 1490 5218 spatio
1512 5146 1726 5202 arboris
1747 5154 2001 5201 naturam

432 5243 674 5312 suscepit
724 5248 889 5312 atque
924 5238 1174 5311 perfecit.
1225 5238 1362 5294 Nam
1420 5253 1521 5309 pro
1558 5238 1764 5309 uligine
1817 5244 1999 5304 terrae,

431 5351 531 5407 pro
557 5335 788 5401 cortice,
817 5342 916 5406 pro
976 5332 1226 5397 humore,
1268 5347 1368 5404 pro
1398 5331 1679 5387 radicibus
1725 5337 1781 5385 et
1831 5331 2001 5384 ramis

432 5425 614 5479 divina
631 5424 807 5479 virtus
826 5423 874 5478 ei
907 5420 1142 5478 sullecit.
1173 5421 1509 5480 Procedebat
1540 5420 1741 5477 deinde
1769 5419 2002 5476 ulterius

433 5532 556 5572 cum
586 5516 788 5588 populo
816 5515 1049 5589 Moyses,
1077 5517 1358 5590 edixitque
1387 5515 1593 5587 regiam
1623 5513 1642 5583 (
1667 5520 1729 5570 ut
1759 5510 2000 5582 dicitur)

2101 4962 2197 5012 καὶ
2228 4961 2260 5029 ἡ
2299 4960 2508 5030 Ἀαρὼν
2561 4963 2653 5014 τοῦ
2699 4964 2907 5034 ἱερέως.
2957 4963 3174 5028 Ταύτας
3205 4965 3261 5018 δὲ
3295 4966 3555 5037 προσθεὶς
3596 4967 3670 5039 τῷ

2101 5051 2235 5123 ναῷ,
2261 5051 2352 5106 διὰ
2371 5054 2575 5108 τούτων
2604 5059 2829 5128 φανεροί
2850 5056 2930 5126 τῷ
2959 5056 3076 5127 λαῷ
3103 5057 3202 5129 τὴν
3238 5059 3365 5129 περὶ
3393 5059 3490 5128 τῆς
3517 5061 3670 5133 ίερω-

2104 5142 2267 5214 σύνης
2293 5144 2389 5198 τοῦ
2425 5145 2560 5199 Θεοῦ
2591 5146 2789 5216 ψῆφον.
2825 5149 2975 5218 Μόνη
3007 5148 3116 5221 γὰρ
3155 5151 3220 5203 ἐκ
3262 5150 3452 5203 πασῶν
3499 5153 3534 5221 ἠ
3578 5149 3667 5205 τοῦ

2114 5235 2322 5306 Ἀαρὼν
2351 5236 2542 5306 ῥάϐδος
2573 5237 2892 5309 ἐϐλάστησε,
2923 5242 3015 5294 καὶ
3034 5240 3124 5294 τὸν
3154 5244 3217 5294 ἐκ
3237 5239 3332 5294 τοῦ
3352 5240 3518 5305 ξύλου
3540 5257 3670 5312 καρ-

2103 5325 2203 5377 πὸν
2246 5327 2488 5398 (κάρυον
2520 5327 2577 5381 δὲ
2603 5324 2672 5400 ἦν
2719 5330 2748 5383 ὁ
2795 5331 3046 5401 καρπὸς)
3082 5331 3311 5401 ἐξέφυσέ
3339 5349 3397 5385 τε
3431 5333 3526 5386 καὶ
3564 5335 3668 5386 ἐτε-

2101 5417 2344 5472 λείωσεν.
2395 5421 2461 5472 Ὃ
2505 5419 2568 5490 δὴ
2626 5420 2878 5491 μέγιστον
2921 5423 3016 5477 καὶ
3064 5425 3176 5486 τοῖς
3222 5423 3472 5486 ἀπίστοις
3523 5424 3666 5490 εδοξε

2103 5508 2307 5582 θαῦμα,
2342 5511 2460 5576 πῶς
2485 5513 2546 5566 τὸ
2573 5512 2791 5584 άφλοιον
2820 5515 2914 5569 καὶ
2957 5515 3393 5589 περιεξεσμένον,
3428 5518 3524 5572 καὶ
3546 5519 3662 5584 ἀρι-
