3766 5988
154 139 235 194 2,25
1432 130 1523 186 DE
1551 130 1711 188 VITA
1746 131 2023 188 MOYSIS.

3239 130 3345 185 526

148 251 222 315 ζον
245 249 439 321 ἀθρόας
484 250 728 316 πιανθὲν,
767 252 835 306 τὰ
874 249 985 304 τῶν
1019 246 1405 319 ἐρῥιζωμένων
1442 248 1635 319 ἐνήργτ

1868 262 1918 300 m
1946 261 2069 303 esse
2116 247 2553 312 custodiendam,
2586 262 2656 302 ne
2681 245 2937 304 videlicet
2970 245 3038 302 ad
3071 242 3350 304 dexteram

150 358 242 405 σίν,
273 340 383 392 ἀντὶ
410 339 512 409 γῆς
542 340 636 393 καὶ
666 339 852 408 φλοιοῦ
883 340 975 395 καὶ
1005 338 1232 410 ίκμάδος
1267 338 1362 391 καὶ
1394 337 1552 408 ῥίζης
1582 337 1679 391 καὶ

152 427 333 483 κλώνων
372 429 467 499 τῆς
514 428 666 492 θείας
711 427 996 499 δυνάμεως
1036 428 1335 498 γενομένης
1382 426 1459 496 τῷ
1511 425 1675 497 ξύλῳ.

163 519 261 573 Ἐπὶ
283 518 478 582 τούτοις
504 519 569 572 δι’
598 519 916 588 ἀλλοφύλων
943 518 1113 573 ἐθνῶν
1135 519 1228 571 τὸν
1249 519 1479 588 στρατὸν
1508 519 1679 586 ἄγων,

155 611 398 682 ἀπώμοτον
444 613 680 663 ποιεῖται
731 613 849 673 ταῖς
901 610 1165 680 ἀρούραις
1217 609 1396 663 αὐτῶν
1432 611 1524 662 καὶ
1560 611 1680 674 ταῖς

154 701 370 771 ἀμπέλοις
404 700 481 770 τῷ
514 699 627 771 λαῷ
665 703 1013 772 συγχωρῆσαι
1050 700 1151 772 τὴν
1179 700 1368 763 δίοδον,
1408 699 1543 753 ἀλλὰ
1575 717 1676 769 φυ-

155 793 279 857 λάξαι
303 793 391 865 τὴν
420 792 706 865 βασιλικὴν
732 794 871 855 ὁδὸν,
905 794 1045 863 μήτε
1092 793 1173 855 είς
1209 790 1358 856 δεξιὰ
1379 831 1395 856 ,
1434 792 1571 863 μήτε
1600 793 1681 856 εἰς

153 886 374 956 ἀριστερά
416 885 802 939 ἀποκλίναντα.
853 885 972 938 Τῶν
1019 884 1077 937 δέ
1119 884 1393 955 πολεμίων
1437 883 1556 938 οὐδὲ
1588 884 1683 938 ἐπὶ

153 975 324 1038 τούτοις
343 977 749 1047 είρηνευόντων,
780 976 927 1048 μάχῃ
949 976 1465 1047 καταγωνισάμενος
1478 976 1570 1029 τὸν
1595 976 1684 1031 ἀν-

152 1064 359 1132 τίπαλον,
392 1066 665 1137 ἐγκρατὴς
701 1065 912 1133 γίνεται
956 1065 1056 1136 τῆς
1114 1065 1372 1136 παρόδου.
1420 1060 1558 1120 Εῖτά
1595 1082 1682 1130 τις

153 1152 301 1205 Βαλὰκ
336 1153 575 1222 μείζονος
598 1153 782 1220 ἐθνους
815 1154 913 1226 τήν
937 1154 1240 1227 ἡγεμονίαν
1268 1153 1407 1225 ἔχων
1432 1154 1682 1224 (Μαδια-

153 1247 263 1297 vita:
283 1245 333 1297 δέ
364 1245 440 1317 τῷ
468 1246 609 1301 ἐθνει
636 1246 909 1320 τοῦνομα)
938 1249 1075 1320 πρὸς
1102 1247 1165 1301 τὸ
1194 1248 1365 1312 πάθος
1386 1248 1495 1302 τῶν
1517 1265 1684 1319 προο-

151 1336 354 1389 λωλότων
380 1338 769 1409 καταπλαγεὶς,
801 1338 893 1393 καὶ
919 1340 1043 1393 ὅσον
1069 1338 1283 1392 οὐδέπω
1305 1337 1375 1392 τὰ
1405 1333 1499 1393 ἶσα
1531 1337 1685 1411 παρά

152 1424 235 1477 τῶν
268 1426 604 1497 Ἰσραηλιτῶν
638 1428 925 1482 πείσεσθαι
973 1428 1384 1503 προσδοκήσας,
1414 1429 1683 1498 ἐπάγεται

150 1515 258 1584 πρὸς
285 1515 593 1587 συμμαχίαν
633 1516 814 1570 ὅπλων
855 1517 953 1588 μὲν
999 1517 1092 1571 καὶ
1124 1517 1394 1589 σωμάτων
1433 1517 1682 1588 βοήθειαν

149 1605 361 1676 οὐδεμίαν
383 1645 397 1671 ,
440 1607 735 1679 περίεργον
762 1608 817 1662 δὲ
852 1606 1213 1679 μαγγανείαν,
1263 1608 1351 1663 διά
1386 1625 1535 1672 τινος
1566 1609 1678 1663 Βα-

148 1696 282 1765 λαὰμ,
308 1697 361 1762 ὃς
385 1698 560 1752 ταῦτα
589 1699 763 1764 δεινὸς
791 1702 1026 1753 ἐποιεῖτο
1061 1697 1202 1754 εἶναι
1220 1742 1235 1767 ,
1263 1700 1357 1753 καὶ
1385 1700 1540 1772 παρὰ
1570 1699 1679 1754 τῶν

148 1790 454 1860 κεχρημένων
507 1791 658 1863 αύτῷ
709 1791 851 1862 ἔχειν
905 1791 1029 1845 τινὰ
1078 1792 1218 1863 πρὸς
1262 1790 1365 1855 τὰς
1425 1791 1678 1856 τοιαύτας

149 1883 343 1947 σπουδὰς
363 1883 591 1954 δύναμιν
622 1882 936 1939 ἐπιστεύετο
954 1899 968 1914 ·
998 1876 1044 1952 ᾧ
1074 1883 1236 1954 τέχνη
1279 1883 1377 1954 μὲν
1401 1879 1471 1955 ἦν
1502 1885 1680 1937 οίωνι-

149 1974 293 2044 auxi),
342 1975 612 2047 δαιμόνων
655 1974 712 2029 δέ
776 1993 882 2029 τινι
927 1974 1219 2047 συνεργείᾳ
1277 1973 1512 2045 χαλεπὸς
1568 1970 1676 2044 ἦν,

146 2064 329 2132 ἐπάγων
359 2068 473 2130 τοῖς
509 2064 820 2139 ἀνθρώποις
858 2065 1265 2137 περιεργοτέρα
1310 2064 1419 2117 τινὶ
1452 2063 1679 2135 δυνάμει

147 2155 200 2207 τὰ
221 2156 472 2225 ἀνήκεστα
492 2174 507 2188 ο
535 2156 597 2221 ὃς
626 2158 737 2223 τοῖς
760 2156 1065 2226 ἀπάγουσιν
1096 2155 1259 2210 αὑτὸν
1289 2154 1383 2209 ἐπὶ
1410 2153 1504 2208 τὸν
1528 2153 1681 2225 βασι-

146 2247 221 2300 λέα
249 2248 330 2302 τοῦ
377 2249 568 2313 ἔθνους
606 2249 872 2320 ἑπόμενος
891 2290 907 2316 ,
933 2251 1003 2320 τῇ
1032 2248 1185 2319 φωνῇ
1213 2246 1312 2317 τῆς
1349 2244 1471 2299 ὄνου
1503 2244 1567 2298 τὸ
1603 2244 1678 2316 μὴ

148 2340 287 2393 αἶσιον
305 2342 443 2413 αύτῷ
468 2342 572 2415 τὴν
592 2341 709 2396 ὁδὸν
742 2335 880 2395 εἶναι
912 2340 1244 2394 διδάσκεται.
1269 2334 1402 2391 Εἶτα
1422 2336 1512 2391 διά
1533 2352 1680 2401 τινος

147 2428 399 2497 ἐμφανείας
433 2432 495 2485 τὺ
543 2431 821 2504 πρακτέον
864 2430 1054 2502 μαθὼν
1074 2472 1090 2498 ,
1124 2429 1525 2501 ἀσθενεστέραν
1553 2420 1679 2498 εὗρε

146 2516 222 2586 τήν
240 2522 515 2575 κακοποιὸν
539 2520 877 2591 μαγγανείαν
896 2515 989 2572 τοῦ
1016 2517 1220 2589 βλάϐην
1239 2516 1362 2571 τινὰ
1389 2520 1503 2581 τοῖς
1527 2516 1681 2588 παρά

143 2608 217 2662 τοῦ
240 2609 363 2664 Θεοῦ
394 2612 879 2684 συμμαχουμένοις
916 2609 1379 2683 προστρίψασθαι.
1440 2608 1587 2663 Ἀντὶ
1619 2606 1679 2660 δέ

141 2700 220 2769 τῆς
260 2701 359 2755 τῶν
405 2704 685 2774 δαιμόνων
731 2701 1015 2773 ἐνεργείας
1070 2703 1138 2755 ἐκ
1181 2699 1334 2764 θείας
1392 2697 1680 2760 ἐπιπνοίας

140 2789 294 2857 Mm;
333 2796 645 2866 γενόμενος,
694 2791 995 2864 ἐφθέγξατο
1042 2793 1225 2862 φωνὰς
1266 2790 1557 2857 τοιαύτας,
1603 2792 1681 2855 ὡς

1780 338 1863 393 vel
1891 338 2168 394 sinistram
2189 339 2549 403 declinarent,
2586 355 2723 395 neve
2753 340 3051 410 quidquam
3097 340 3353 395 habitan-

1782 429 1919 485 tium
1958 444 2022 485 ea
2062 430 2180 484 loca
2230 431 2557 501 arriperent.
2612 429 2804 485 Coloni
2868 438 3050 485 autem
3109 431 3353 485 locorum

1779 536 1974 592 parum
2006 521 2093 576 his
2114 525 2357 577 contenti
2387 538 2415 575 a
2450 522 2685 577 transitu
2719 521 3103 592 prohibebant,
3138 522 3231 577 sed
3256 539 3356 592 pu-

1782 627 1887 682 gna
1917 611 2049 667 victi
2078 620 2365 669 cesserunt
2391 612 2571 677 inviti,
2604 613 2751 683 quod
2792 620 2989 683 sponte
3015 611 3146 667 dare
3175 612 3359 669 nolue-

1779 710 1922 759 rant.
1954 701 2204 758 Posthaec
2252 702 2445 758 Balach
2474 703 2893 758 Madianitarum
2936 704 3115 773 gentis
3148 718 3358 773 magna

1781 793 2059 863 princeps,
2087 809 2279 850 eorum
2313 795 2407 864 qui
2456 803 2584 849 ante
2613 794 2778 850 deleti
2848 793 3064 850 fuerant
3108 794 3357 863 exemplo

1780 886 2131 954 perterritus,
2162 892 2215 941 et
2236 885 2461 956 jamjam
2493 901 2552 941 se
2575 884 2801 955 paribus
2831 884 3048 940 damnis
3079 885 3148 940 ab
3178 883 3356 940 Israe-

1780 974 1893 1032 litis
1917 975 2169 1031 affectum
2206 976 2271 1031 iri
2299 983 2644 1047 exspectans,
2675 991 2787 1031 non
2816 977 2883 1030 ab
2907 976 3026 1031 aliis
3056 967 3354 1039 armorum,

1781 1067 1868 1122 vel
1897 1068 2177 1139 copiarum
2233 1068 2594 1138 principibus,
2640 1066 2738 1124 sed
2801 1081 2832 1120 a
2883 1066 3103 1121 Balaam
3152 1081 3359 1138 auguro

1782 1157 2038 1227 quodam,
2064 1157 2158 1228 qui
2188 1157 2414 1227 magicis
2445 1157 2656 1212 artibus
2700 1171 2763 1211 ac
2788 1155 3096 1211 daemonum
3131 1155 3357 1210 invoca-

1781 1248 1932 1303 tione
1959 1247 2262 1312 claruerat,
2291 1248 2545 1318 famaque
2570 1248 2639 1303 de
2672 1248 2792 1319 ipso
2829 1256 2968 1314 erat,
3004 1246 3207 1317 sapius
3231 1245 3361 1301 civi-

1780 1338 1987 1393 tatibus
2018 1338 2178 1393 etiam
2207 1338 2518 1409 ingentibus
2550 1338 2667 1395 suis
2701 1337 2912 1393 artibus
2941 1336 3219 1401 nocuisse,
3260 1350 3358 1389 au-

1780 1428 1972 1482 xilium
1998 1426 2173 1498 petiit.
2207 1426 2257 1484 Is
2281 1443 2405 1483 cum
2437 1429 2505 1484 ad
2532 1443 2715 1500 regem
2759 1427 2961 1483 Balach
2995 1428 3099 1483 iter
3127 1426 3354 1489 faceret,

1782 1519 1951 1576 asinae
1980 1533 2113 1574 voce
2136 1534 2246 1574 non
2274 1534 2592 1591 prosperam
2630 1534 2751 1575 eam
2799 1519 2905 1575 sibi
2935 1519 3080 1574 viam
3115 1517 3234 1573 fore
3273 1519 3360 1573 in-

1785 1611 2051 1676 stituitur,
2083 1618 2138 1667 et
2164 1611 2646 1682 visione-quadam
2678 1610 2811 1682 quid
2842 1611 3149 1666 faeiendum
3182 1616 3352 1674 esset,

1784 1702 1999 1767 didicit,
2040 1717 2105 1758 ac
2134 1703 2352 1759 demum
2381 1702 2709 1759 inﬁrmiores
2733 1703 2906 1760 sensit
2934 1718 3057 1760 esse
3082 1702 3359 1757 maleﬁcos

1782 1794 1906 1852 illas
1930 1795 2252 1866 praestigias,
2276 1810 2441 1866 quam
2471 1805 2529 1850 ut
2555 1803 2778 1865 possent
2809 1795 2938 1861 illis,
2971 1794 3169 1865 quibus
3199 1793 3357 1847 auti-

1783 1888 1916 1943 lium
1946 1887 2157 1943 ferebat
2195 1886 2362 1953 Deus,
2396 1887 2616 1955 aliquod
2647 1886 2906 1941 damnum
2963 1884 3207 1951 inferre;
3263 1886 3359 1941 scd

1784 1994 1884 2049 pro
1906 1977 2215 2033 daemonum
2250 1976 2439 2033 furore
2476 1979 2662 2033 divino
2690 1976 2873 2032 aﬂlatn
2902 1978 3171 2049 impulsus
3221 1980 3360 2035 tales

1778 2070 1969 2125 emisit
1993 2083 2182 2134 voces,
2212 2076 2275 2125 ut
2308 2084 2337 2124 e
2370 2075 2563 2125 contra
2590 2070 2931 2126 imminentis
2960 2071 3207 2142 prosperi
3240 2086 3360 2126 suc‘

1784 2173 1977 2215 cessus
2002 2160 2148 2215 illius
2177 2160 2363 2231 populi
2388 2167 2577 2216 essent
2606 2160 2927 2230 prophetiae.
2962 2161 3042 2215 Ex
3072 2175 3183 2231 quo
3212 2161 3358 2215 enim

1787 2251 1905 2307 suis
1943 2250 2156 2307 artibus
2185 2266 2255 2307 ne
2285 2259 2528 2320 noceret,
2559 2252 2854 2321 impeditus
2905 2260 3012 2318 est,
3041 2252 3238 2307 divinae
3260 2253 3362 2306 vir-

1786 2342 1923 2399 tutis
1964 2359 2185 2399 sensum
2217 2344 2449 2415 accepit,
2482 2351 2535 2399 et
2567 2343 2904 2399 vaticinandi
2944 2351 3063 2399 arte
3092 2345 3357 2414 neglecta,

1785 2436 1987 2492 divinae
2019 2436 2314 2492 voluntatis
2365 2452 2425 2492 se
2460 2439 2815 2507 interpretem
2852 2448 2907 2494 et
2963 2435 3360 2491 internuntium

1785 2526 2029 2583 exhibet.
2062 2526 2144 2581 lta
2178 2529 2328 2582 natio
2359 2528 2600 2583 vincitur
2626 2528 3082 2598 alienigenarum,
3136 2526 3231 2582 sed
3264 2542 3363 2597 po-

1786 2619 1950 2689 pulus
1982 2618 2037 2672 in
2068 2618 2211 2673 bello
2244 2619 2437 2684 victor,
2463 2633 2574 2673 non
2609 2632 2776 2688 parva
2810 2632 2878 2671 ex
2933 2624 3089 2687 parte
3140 2617 3359 2671 luxuria

1786 2708 2045 2763 vincitur.
2080 2708 2233 2763 Tunc
2261 2707 2494 2763 Pliinees
2520 2707 2638 2761 zelo
2675 2705 2897 2760 virtutis
2931 2720 3040 2759 uno
3082 2704 3195 2760 ictu
3246 2713 3359 2759 tam

1784 2796 2056 2863 Judaeum,
2088 2811 2252 2867 quam
2289 2795 2649 2867 alienigenam
2677 2793 2960 2848 mulierem
3005 2792 3061 2845 in
3092 2791 3214 2862 ipso
3260 2792 3362 2844 im-

141 2886 438 2954 προφητείαν
464 2886 731 2957 ἄντικρυς
767 2880 909 2938 εἶναι
938 2884 1047 2937 τῶν
1086 2885 1166 2947 είς
1196 2882 1426 2954 ὕστερον
1456 2882 1593 2954 πρὸς
1617 2901 1628 2919 ο

1872 2890 1984 2945 dico
2008 2898 2135 2944 actu
2162 2887 2407 2944 confodit
2434 2905 2448 2942 :
2481 2900 2594 2958 quo
2624 2885 2769 2940 facto
2818 2883 3005 2940 divina
3039 2884 3096 2937 in
3140 2897 3235 2938 cos
3264 2883 3359 2952 qui

139 2978 358 3044 κρεῖσσον
385 2976 799 3049 ἐκϐησομένων.
829 2978 906 3031 Δι’
932 2970 1007 3030 ὧν
1035 2975 1146 3047 γὰρ
1173 2974 1420 3047 ἐκωλύθη
1451 2975 1588 3045 πρὸς
1620 2995 1626 3009 ί

1875 2991 2170 3045 :caverunt,
2199 2980 2279 3034 ira
2318 2979 2572 3034 cessavit.
2631 2975 2728 3031 His
2758 2975 2835 3030 ita
2895 2975 3065 3046 gestis
3111 2974 3362 3030 ascendit

139 3067 277 3120 xabe
300 3070 589 3141 ἐνεργῆσαι
618 3072 684 3140 τῇ
714 3068 902 3141 τέχνῃ,
931 3067 1020 3123 διὰ
1046 3068 1251 3121 τούτων
1278 3066 1380 3137 τῆς
1416 3065 1565 3131 θείας
1593 3067 1683 3120 δυ-

139 3157 321 3228 νάμεως
354 3162 410 3214 ἐν
449 3161 706 3232 αἰσθήσει
754 3160 1047 3231 γενόμενος
1069 3200 1085 3225 ,
1120 3159 1334 3231 χαίρειν
1379 3159 1548 3223 ἐάσας
1584 3159 1684 3230 τήν

140 3249 401 3321 μαντικήν,
433 3250 775 3323 ὑποφητεύει
822 3249 899 3321 τῷ
938 3250 1069 3322 θείῳ
1118 3250 1409 3321 θελήματι.
1440 3251 1555 3305 Καὶ
1586 3252 1684 3305 ἐπὶ

138 3335 314 3403 τούτοις
342 3341 402 3393 τὸ
447 3342 551 3413 μέν
608 3342 761 3405 ἔθνος
811 3343 921 3397 τῶν
967 3342 1285 3412 ἀλλοφύλων
1325 3342 1681 3414 ἐντρίϐεται,

138 3425 567 3503 ἐπικρατεστέρου
602 3431 697 3486 τοῦ
724 3432 857 3487 λαοῦ
897 3434 1037 3489 κατὰ
1066 3433 1159 3488 τὸν
1188 3434 1426 3506 πόλεμον
1458 3435 1683 3503 γεγονό-

139 3530 227 3581 τος,
256 3523 574 3593 ἡττηθέντος
622 3524 680 3578 δέ
714 3526 855 3596 μετά
900 3525 1073 3580 ταῦτα
1102 3523 1199 3579 τοῦ
1244 3527 1341 3599 τῆς
1385 3526 1686 3592 ἀκολασίας

140 3611 309 3677 πάθους
342 3616 397 3668 ἐν
421 3619 545 3680 ταῖς
589 3616 976 3688 αἰχμαλώτοις,
1008 3619 1099 3672 ὅτε
1127 3618 1223 3672 τοῦ
1252 3619 1437 3683 Φινεὲς
1464 3619 1592 3682 τοὺς
1624 3621 1685 3673 ἐν

143 3699 300 3776 ἀτιμίᾳ
324 3708 751 3778 συμπλακέντας
781 3712 882 3782 μιᾷ
909 3710 1093 3783 πληγῇ
1125 3710 1493 3777 διελάσαντος,
1544 3710 1685 3765 παῦ-

143 3808 221 3847 σαν
243 3795 354 3867 ἔσχε
397 3801 492 3855 τοῦ
526 3800 673 3855 Θεοῦ
707 3804 740 3873 ἠ
774 3802 915 3856 κατά
954 3802 1062 3856 τῶν
1090 3802 1504 3875 λελυσσηκότων
1546 3802 1682 3873 πρὸς

143 3882 221 3946 τὰς
244 3888 497 3967 ἀθέσμους
534 3894 715 3965 μίξεις
741 3892 880 3965 ὀργή
904 3910 919 3926 ο
942 3893 1065 3947 τότε
1097 3892 1304 3957 ἀναϐὰς
1340 3892 1431 3946 ἐπί
1469 3910 1523 3947 τι
1555 3893 1683 3964 ὄρος

146 3973 312 4047 ὑψηλὸν
340 3985 365 4036 ὁ
392 3984 699 4055 νομοθέτης
722 4024 739 4049 ,
782 3984 880 4038 καὶ
919 3983 1204 4056 πόρρωθεν
1241 3982 1340 4054 τὴν
1373 3982 1559 4056 χώραν
1586 4000 1686 4037 κα-

145 4073 535 4145 τασκεψάμενος,
562 4077 601 4149 ἢ
634 4076 727 4130 διά
754 4075 854 4147 τῆς
884 4075 1036 4140 θείας
1064 4074 1399 4144 ἐπαγγελίας
1423 4073 1525 4146 τῆς
1550 4074 1689 4147 πρὸς

144 4160 246 4225 τοὺς
260 4167 484 4240 πατέρας
498 4167 883 4240 γεγενημένης
900 4166 979 4238 τῷ
1014 4165 1229 4238 Ἰσραήλ
1249 4165 1684 4237 παρεσκεύαστο,

151 4250 425 4314 μεθίσταται
456 4258 554 4311 τοῦ
585 4256 936 4329 ἀνθρωπίνου
966 4257 1105 4326 βίου,
1134 4256 1286 4309 οὐδὲν
1312 4257 1368 4308 ἐν
1397 4257 1462 4327 τῇ
1483 4257 1554 4328 γῇ
1586 4273 1686 4327 ση-

152 4344 291 4409 μεῖον,
338 4348 454 4403 οὐδὲ
492 4349 849 4420 μνημόσυνον
897 4347 998 4418 τῆς
1042 4345 1239 4403 ἑαυτοῦ
1292 4347 1689 4418 μεταστάσεως

1786 3071 1843 3126 in
1882 3072 2051 3126 altum
2088 3069 2303 3142 Moyses
2325 3075 2587 3135 montem,
2615 3076 2670 3122 et
2718 3066 2910 3140 procul
2964 3066 3359 3136 repromissam

1784 3158 2091 3229 majoribus
2124 3159 2239 3215 suis
2272 3166 2475 3214 terram
2506 3157 2839 3228 speculatus,
2867 3155 3164 3210 humanam
3191 3154 3361 3209 vitam

1783 3252 1953 3317 exuit,
1985 3250 2059 3305 ita
2088 3259 2149 3305 ut
2182 3250 2316 3305 nihil
2358 3252 2414 3305 in
2451 3248 2616 3306 terris
2653 3248 2821 3319 hujus
2862 3248 3213 3319 migrationis
3250 3262 3362 3303 smn

1785 3340 2005 3412 signum
2037 3346 2131 3394 aut
2152 3337 2565 3395 monumentum
2590 3338 2645 3393 in
2670 3337 2979 3408 sepulchris
3006 3337 3358 3407 relinqueret.

1784 3430 1982 3487 Hirum
2012 3438 2195 3485 autem
2223 3438 2327 3493 est,
2354 3430 2500 3501 quod
2533 3444 2633 3484 nec
2664 3427 2871 3493 formae,
2920 3441 3021 3483 nec
3054 3428 3363 3497 pulchritu-

1786 3520 1933 3578 dinis
1958 3535 2073 3576 suae
2098 3518 2422 3590 quidquam,
2449 3533 2551 3573 nec
2574 3532 2642 3572 ex
2681 3516 2819 3573 facie
2857 3531 2957 3573 sua
3002 3516 3357 3587 resplenden-

1785 3609 2005 3667 dentem
2034 3609 2288 3683 gratiam,
2321 3623 2424 3663 nec
2456 3607 2741 3662 oculorum
2783 3608 2979 3672 aciem,
3029 3609 3114 3663 vel
3155 3617 3359 3677 tempo-

1785 3717 1931 3767 rum,
1955 3702 2156 3773 quibus
2188 3713 2312 3754 cum
2346 3697 2664 3754 hominibus
2710 3704 2850 3760 erat,
2886 3698 3062 3768 spatia
3094 3698 3177 3753 vel
3207 3698 3361 3753 labo-

1786 3807 1876 3849 res
1897 3792 2357 3854 comminuerant,
2392 3789 2488 3845 sed
2519 3803 2632 3844 uno
2657 3788 2959 3860 eodemque
2990 3790 3153 3845 modo
3191 3790 3363 3845 virtu-

1787 3892 1872 3939 tes
1906 3880 2155 3951 corporis
2200 3888 2364 3951 atque
2402 3895 2667 3936 sensuum
2715 3880 2769 3934 in
2802 3896 2867 3937 eo
2915 3895 3133 3952 semper
3180 3882 3366 3953 vigue-

1787 3982 1937 4030 runt.
1964 3972 2090 4028 Haec
2110 3972 2332 4044 quidem
2360 3978 2509 4037 sunt,
2538 3986 2659 4042 quae
2687 3970 2754 4027 de
2775 3972 2868 4027 illo
2889 3973 3008 4028 viro
3038 3973 3105 4028 ab
3136 3972 3364 4028 historia

1788 4066 1972 4123 divina
2003 4064 2355 4137 percipimus,
2377 4080 2497 4135 qua:
2531 4064 2737 4120 cursim
2767 4071 2988 4119 narrata
3005 4064 3119 4135 jam
3150 4071 3367 4135 tempus

1790 4166 1878 4216 εει
1925 4158 2207 4228 preposito
2241 4163 2432 4211 nostro
2486 4155 2932 4221 accommodare,
2971 4162 3030 4211 ut
3082 4157 3368 4212 videamus

1791 4254 1991 4311 veteris
2040 4251 2339 4327 Scriptum
2386 4253 2671 4310 historiam
2730 4253 2798 4309 ad
2844 4253 3138 4325 perfectam
3197 4255 3367 4308 vitam

1793 4347 2023 4401 multum
2053 4343 2380 4400 conducere.

151 4433 193 4484 ἓν
213 4437 379 4507 τάφοις
423 4441 876 4512 ὑπολειπόμενος.
915 4432 990 4494 Οὗ
1024 4438 1102 4511 τῷ
1132 4439 1319 4495 κάλλει
1352 4439 1542 4511 χρόνος
1566 4438 1668 4492 οὐκ
1700 4437 2024 4510 ἐλυμήνατο,
2070 4434 2193 4489 οὔτε
2218 4434 2326 4488 τῶν
2356 4435 2648 4507 ὀφθαλμῶν
2695 4434 2793 4505 τὴν
2830 4433 3149 4507 λαμπηδόνα
3174 4433 3367 4506 ,ἠμαύ-

154 4540 311 4595 ρωπν,
355 4531 475 4587 οὔτε
506 4535 612 4606 τὴν
659 4531 1089 4604 ἁπολάμπουσαν
1129 4530 1226 4585 τοῦ
1267 4531 1561 4603 προσώπου
1598 4531 1760 4603 χάριν
1803 4528 2188 4601 ἀπήμϐλυνεν·
2234 4528 2348 4583 ἀλλ’
2380 4524 2447 4599 ἦν
2479 4530 2565 4581 ἀεὶ
2608 4527 2868 4592 ὡσαύτως
2902 4527 3070 4598 ἐχων,
3102 4527 3195 4581 καὶ
3228 4526 3369 4580 κατά

150 4621 309 4678 ταύτὸν
329 4627 384 4681 ὲν
406 4629 483 4699 τῷ
509 4628 735 4701 τρεπτῷ
763 4627 863 4699 τῆς
894 4626 1108 4698 φύσεως
1127 4627 1397 4691 διασώσας
1432 4625 1497 4703 τὸ
1527 4628 1585 4679 ἐν
1614 4626 1690 4699 τῷ
1718 4624 2330 4696 κάλλειάμετάπτωτον.
2366 4623 2553 4681 Ταῦτα
2581 4623 2680 4695 μὲν
2719 4619 2834 4691 οὖν,
2863 4625 2965 4679 ὅσα
3006 4626 3067 4677 ἐκ
3091 4623 3191 4693 τῆς
3223 4640 3370 4696 προ-

153 4715 298 4788 ιεῑρου
316 4722 403 4777 τοῦ
428 4725 623 4797 ἀνδρὸς
651 4723 895 4795 ἱστορίας
932 4720 1227 4795 ἐμάθομεν,
1273 4722 1333 4777 ἐν
1377 4720 1640 4793 ἐπιδρομῇ
1681 4738 1763 4775 σοι
1789 4720 2198 4792 διηγησάμεθαο
2227 4720 2275 4773 εἰ
2300 4718 2391 4773 καί
2422 4736 2539 4782 πως
2566 4721 2598 4789 ὴ
2628 4715 2885 4782 ὑπόθεσίς
2908 4717 3056 4769 ἐστιν
3081 4716 3138 4769 ἐν
3166 4708 3247 4778 οἷς
3276 4715 3370 4768 τὸν

150 4806 276 4875 λόγον
307 4815 615 4884 ἀναγκαίως
658 4817 944 4871 ἐπλάτυνε.
980 4815 1187 4887 Καιρὺς
1215 4814 1260 4869 δ’
1300 4813 1366 4867 ἂν
1413 4814 1496 4885 εἴη
1528 4813 1663 4885 πρὸς
1691 4813 1782 4866 τὸν
1824 4811 2182 4883 προκείμενον
2223 4811 2354 4882 ἡμῖν
2382 4809 2475 4863 τοῦ
2503 4810 2662 4879 λόγου
2703 4811 2902 4864 σκοπὸν
2939 4807 3247 4880 ἐφαρμόσαι
3275 4805 3367 4859 τὸν

157 4908 555 4973 μνημονευθέντα
605 4910 721 4981 βίον
746 4928 763 4944 ο
807 4909 882 4973 ὡς
904 4908 969 4963 ἀν
982 4924 1065 4972 τις
1083 4909 1293 4975 γένοιτο
1320 4910 1453 4981 ήμῖν
1480 4910 1544 4962 ἐκ
1570 4907 1681 4961 τῶν
1724 4907 2137 4980 προειρημένων
2189 4906 2326 4981 πρὸς
2370 4907 2461 4961 τὸν
2495 4906 2615 4960 κατ’
2641 4905 2841 4980 ἀρετὴν
2870 4905 2984 4975 βίον
3021 4900 3361 4973 συνεισφορᾶ.

164 4989 504 5071 Ἀναλάϐωμεν
530 5001 715 5057 τοίνυν
744 4999 845 5072 τήν
875 5000 1046 5073 ἀρχὴν
1074 5000 1168 5055 τοῦ
1206 5000 1335 5072 περὶ
1371 4998 1536 5057 αὐτοῦ
1567 4999 1925 5072 διηγήματος.
