3794 6000
408 81 514 136 327

1639 66 1696 122 5.
1727 60 2054 122 GREGORII
2091 57 2389 116 NYSSENI

3548 41 3652 96 323

434 212 3617 249 __________________________________.___—————————————————.

975 407 1385 495 ΘΕΩΡΙΑ
1448 404 1620 488 ΕΙΣ
1680 401 1906 485 ΤΟΝ
1983 394 2209 482 ΤΟΥ
2281 392 2725 481 ΜΩΣΕΩΣ
2797 393 3085 476 ΒΙΟΝ.

808 750 1315 840 MYSTICA
1374 739 2356 834 INTEBPRETATIO
2407 739 2732 833 VITJE
2788 725 3266 829 MOYSlS.

487 1121 623 1176 Cum
653 1119 1011 1174 masculinam
1038 1115 1350 1172 Iudaeorum
1391 1116 1598 1186 prolem
1635 1114 1853 1186 tyranni
1890 1115 1977 1171 lex
2005 1119 2052 1174 Α

417 1212 770 1266 occidendam
817 1211 1028 1272 statuit,
1085 1217 1214 1263 tunc
1255 1207 1465 1279 Moyses
1513 1207 1777 1262 nascitur.
1829 1205 1979 1271 Quo-

419 1321 542 1358 nam
581 1304 744 1372 igitur
767 1310 943 1370 pacto,
993 1301 1138 1355 dicet
1167 1301 1461 1370 quispiam,
1497 1299 1578 1353 sic
1611 1306 1740 1351 tunc
1773 1297 1913 1352 forte
1949 1311 1980 1350 a

417 1405 650 1464 tyranno
677 1395 759 1448 lex
785 1393 1046 1447 adversus
1081 1391 1314 1446 infantes
1343 1391 1452 1442 lata
1478 1396 1583 1452 est,
1613 1403 1738 1442 cum
1771 1387 1982 1458 Moyses

417 1485 472 1539 in
515 1487 705 1540 matris
741 1493 930 1538 ventre
964 1483 1262 1546 ferebatur,
1297 1480 1609 1550 hujusmodi
1637 1495 1736 1549 ego
1763 1488 1978 1550 partum

417 1573 618 1626 imitari
653 1573 878 1642 potero?
910 1569 1021 1626 Nec
1052 1571 1196 1625 enim
1229 1571 1283 1623 in
1314 1576 1580 1638 potestate
1619 1568 1856 1623 hominis
1877 1575 1979 1633 est,

415 1675 539 1716 cum
583 1664 838 1724 voluerit,
872 1661 1044 1715 nasci.
1081 1658 1187 1714 Sed
1235 1659 1338 1712 hoc
1377 1659 1628 1712 litteratis
1663 1673 1859 1712 sensus
1892 1657 1978 1711 hi-

415 1752 599 1806 storiae
624 1760 728 1815 est,
760 1767 880 1820 qua:
913 1758 972 1804 ut
1004 1748 1070 1802 ad
1109 1764 1288 1804 mores
1325 1748 1783 1813 accommodetur,
1817 1747 1979 1801 altius

417 1839 784 1909 intelligenda.
809 1839 1015 1893 Cuncta
1037 1853 1165 1907 ergo
1188 1853 1307 1907 quas
1337 1839 1387 1890 in
1412 1837 1711 1891 mutatione
1743 1851 1806 1890 ac
1831 1835 1979 1890 ﬂuxu

417 1933 591 2000 posita
631 1938 780 1995 sunt,
825 1945 1103 1999 nunquam
1144 1930 1298 1983 ﬁrma
1331 1938 1569 1994 manent,
1612 1929 1705 1983 sed
1747 1929 1977 1983 alterum

415 2038 482 2076 ex
509 2024 684 2076 altero
725 2022 982 2090 gignitur,
1037 2027 1090 2075 et
1115 2027 1208 2074 aut
1246 2021 1310 2074 ad
1353 2021 1569 2083 melius,
1608 2028 1699 2072 aut
1723 2019 1789 2072 ad
1823 2019 1977 2088 pejus

416 2129 630 2182 semper
659 2113 836 2166 exitus
860 2113 937 2166 ﬁt.
970 2113 1024 2166 In
1057 2112 1366 2165 hominibus
1401 2121 1578 2164 autem
1602 2110 1839 2164 carnalis
1865 2110 1978 2164 haec

415 2211 467 2256 et
494 2203 959 2272 perturbationum
1010 2204 1168 2271 plena
1215 2201 1524 2271 dispositio,
1574 2216 1695 2269 quae
1745 2207 1976 2269 tyranno

414 2309 479 2346 ac
514 2294 656 2347 hosti
682 2294 904 2347 humani
933 2293 1148 2364 generis
1188 2293 1382 2363 placet,
1423 2307 1485 2345 ac
1514 2291 1636 2345 ideo
1676 2305 1795 2345 eam
1833 2290 1976 2344 fovet

414 2387 632 2456 vitaque
670 2385 857 2450 donat,
906 2402 1003 2455 per
1050 2385 1370 2440 muliebrem
1414 2398 1601 2438 sexum
1645 2381 1972 2436 ostenditur.

418 2475 599 2530 Virilis
633 2491 760 2530 vero
801 2485 990 2547 partus
1023 2483 1253 2546 tyranno
1288 2472 1536 2526 infensus
1575 2480 1629 2525 et
1664 2477 1974 2539 suspectus,
2006 2449 2052 2508 Β

414 2584 481 2622 ne
515 2569 651 2622 forte
693 2568 988 2622 seditiones
1041 2567 1094 2620 in
1132 2579 1299 2634 regno
1350 2569 1585 2626 moveat,
1635 2561 1866 2632 rigidam
1920 2568 1975 2616 et

413 2661 611 2714 for-tem
653 2662 906 2712 virtutem
933 2657 1224 2727 signiﬁcat.
1258 2654 1353 2709 Est
1383 2663 1566 2707 autem
1595 2653 1704 2706 vita
1736 2654 1975 2707 humana

414 2746 702 2801 mutationi
742 2759 956 2814 semper
991 2743 1317 2813 supposita:
1365 2756 1535 2810 quare
1578 2747 1814 2809 oportet,
1851 2756 1976 2795 cum

414 2855 522 2892 non
552 2839 624 2892 sit
658 2846 859 2892 aeterna
893 2845 948 2890 et
994 2833 1370 2897 immutabilis,
1414 2847 1629 2903 semper
1668 2832 1841 2887 nasci.
1885 2831 1978 2887 Sic

412 2936 592 2983 autem
621 2929 769 2983 nasci
803 2941 909 2980 non
944 2925 1118 2980 aliena
1151 2924 1206 2976 ﬁt
1240 2923 1591 2993 appetitione,
1637 2937 1746 2977 non
1768 2922 1974 2977 extrin-

414 3033 596 3081 secus,
629 3024 688 3069 ut
719 3017 774 3070 in
807 3014 1080 3084 corporali
1111 3014 1411 3075 nativitate,
1439 3012 1532 3067 sed
1561 3011 1826 3066 electione
1855 3026 1979 3081 pro-

415 3109 535 3177 pria
582 3107 962 3175 unusquisque
998 3103 1245 3160 nascitur
1277 3123 1290 3157 :
1329 3103 1472 3158 unde
1511 3103 1590 3168 ﬁt,
1641 3111 1702 3157 nt
1741 3117 1842 3157 nos
1873 3101 1978 3172 ipsi

420 3205 598 3266 patres
648 3193 1049 3265 quodammodo
1098 3193 1271 3248 simus
1322 3192 1518 3256 nostri,
1575 3192 1980 3264 qualescunque

416 3303 516 3343 nos
545 3288 796 3342 volumus
823 3287 1089 3341 electione
1117 3286 1419 3356 gignentes,
1438 3295 1501 3352 ,ει
1537 3294 1630 3339 aut
1655 3301 1860 3341 marem
1887 3293 1980 3340 aut

416 3376 693 3440 feminam,
727 3376 841 3430 vitii
881 3390 944 3430 ac
972 3375 1188 3430 virtuti's
1216 3375 1430 3430 ratione
1472 3374 1760 3445 ﬁngentes.
1794 3373 1980 3444 Itaque

415 3467 542 3521 licet
582 3468 738 3522 nobis
771 3465 1035 3536 profecto,
1068 3481 1193 3520 cum
1231 3465 1518 3522 audiamus
1557 3473 1764 3536 quanta
1807 3465 1980 3519 hostis

415 3567 600 3612 noster
629 3556 865 3612 aﬁicitnr
903 3557 1165 3611 maestitia
1205 3557 1520 3613 masculina:
1550 3556 1742 3626 prolis,
1783 3555 1837 3609 id
1873 3562 1979 3620 est,

414 3652 614 3703 virtute
642 3648 854 3718 praaditi
881 3649 985 3701 viri
1015 3647 1335 3702 nativitate:
1370 3648 1517 3712 licet,
1551 3647 1794 3716 inquam,
1823 3646 1980 3700 nobis

415 3756 596 3796 mares
627 3756 724 3796 nos
758 3741 906 3810 ipsos
937 3741 1248 3810 gignereac
1280 3740 1598 3810 parentibus
1632 3739 1856 3801 nostris,
1886 3753 1981 3792 co-

416 3831 772 3900 gitationibus
811 3831 1021 3885 scilicet
1059 3832 1219 3885 bonis
1265 3847 1386 3900 qua:
1427 3831 1686 3885 virtutem
1740 3829 1976 3899 pariunt,

417 3920 750 3985 voluptatem
785 3918 975 3970 alTerre
1003 3935 1015 3971 :
1041 3919 1284 3985 jucunda
1311 3921 1454 3973 enim
1487 3929 1568 3974 est
1591 3920 1846 3989 cogitatio
1871 3919 1980 3972 vir-

417 4008 571 4060 tutis.
609 4005 739 4071 Qua:
763 4008 1016 4076 voluptas
1049 4006 1207 4061 facile
1233 4007 1384 4072 facit,
1415 4017 1472 4062 ut
1497 4010 1551 4061 in
1581 4009 1779 4062 virtute
1800 4023 1982 4078 perse-

421 4110 685 4155 veremus.
728 4102 789 4147 ut
833 4103 1024 4148 contra
1065 4096 1379 4165 tyrannicas
1423 4096 1587 4151 etiam
1634 4095 1779 4165 leges
1820 4104 1983 4165 atque

419 4185 670 4240 instituta
702 4187 972 4240 vivamus.
1014 4186 1069 4240 Id
1101 4186 1267 4254 igitur
1298 4187 1580 4258 aanigmate
1614 4185 1852 4241 historiae
1889 4201 1982 4241 ve-

419 4279 553 4332 ritas
597 4292 697 4331 nos
731 4276 910 4340 docet,
958 4283 1015 4329 ut
1043 4276 1190 4330 omni
1238 4277 1518 4346 diligentia
1563 4275 1880 4332 Studeamus
1926 4277 1982 4332 in

419 4371 522 4423 hoc
547 4377 723 4437 partu,
749 4369 840 4437 qui
881 4369 934 4422 in
967 4369 1120 4425 nobis
1155 4376 1259 4435 est,
1311 4369 1384 4422 ita
1411 4369 1585 4434 nasci,
1615 4377 1674 4423 ut
1702 4369 1844 4424 hosti
1883 4385 1983 4424 no-

418 4468 534 4515 stro
569 4468 756 4528 partus
789 4470 977 4515 noster
1012 4463 1272 4515 molestus
1313 4461 1418 4527 sit;
1467 4475 1624 4515 nemo
1662 4463 1804 4514 enim
1839 4461 1981 4517 hosti

421 4549 736 4603 maestitiam
777 4549 953 4614 aﬂ‘ert,
993 4553 1097 4606 nisi
1149 4567 1212 4606 ea
1261 4553 1414 4622 signa
1457 4552 1728 4614 ostendat,
1782 4553 1980 4621 quibus

417 4641 509 4695 ille
542 4641 742 4694 victum
781 4655 839 4695 se
879 4642 1052 4711 possit
1097 4658 1443 4714 cognoscere.
1487 4643 1579 4697 Est
1617 4652 1795 4697 autem
1835 4643 1982 4713 ejus-

418 4732 542 4788 dem
591 4733 884 4787 voluntatis
931 4735 1225 4789 masculam
1275 4735 1436 4788 edere
1480 4734 1706 4802 prolem,
1748 4748 1812 4787 ac
1859 4750 1979 4788 eam

419 4825 812 4879 convenienter
842 4826 1076 4890 nutrire,
1109 4833 1163 4878 et
1197 4825 1471 4894 quomodo
1507 4823 1562 4876 in
1594 4824 1750 4892 aquis
1781 4825 1979 4879 salvari

421 4914 613 4986 possit,
647 4913 948 4982 providere.
982 4912 1115 4966 Nam
1141 4915 1232 4983 qui
1262 4913 1403 4967 hosti
1427 4919 1615 4982 partus
1649 4927 1778 4967 suos
1814 4913 1980 4967 inter-

421 5005 679 5061 ﬁciendos
716 5005 1053 5068 condonant,
1085 5005 1140 5058 bi
1170 5003 1347 5059 nudos
1379 5003 1514 5059 ﬁlios
1541 5003 1794 5061 fluctibus
1821 5020 1982 5075 expo-

418 5107 577 5152 nunt.
621 5094 869 5151 Fluctnm
921 5105 1096 5150 autem
1129 5111 1395 5165 aquarum
1445 5095 1585 5149 hanc
1625 5097 1794 5150 vitam
1833 5097 1977 5163 dico,

419 5189 476 5242 in
507 5203 612 5257 qua
646 5186 1147 5256 perturbationibus
1179 5187 1405 5242 alternis
1443 5187 1600 5240 multi
1645 5187 1975 5241 obruuntur.

417 5278 486 5332 At
516 5293 642 5331 vero
667 5278 1023 5345 cogitationes
1053 5285 1216 5331 casta:
1241 5293 1304 5332 ac
1336 5277 1573 5348 providae
1590 5279 1763 5334 virilis
1791 5287 1982 5347 partus

422 5377 692 5438 parentes.
729 5368 773 5420 si
810 5367 1027 5435 quando
1059 5369 1179 5422 vitae
1221 5368 1547 5424 necessitate
1579 5368 1718 5422 bona
1757 5369 1982 5438 pignora

418 5466 687 5528 cogantur
721 5457 976 5513 ﬂuctibus
1020 5459 1142 5514 vitae
1179 5459 1341 5528 hujus
1388 5473 1684 5530 exponere,
1733 5459 1820 5513 illa
1864 5473 1983 5512 mu-

2010 5148 2057 5206 D

2149 1110 2279 1162 Ὅτε
2302 1102 2756 1174 καταφθείρεσθαι
2789 1101 2851 1154 τὸ
2877 1100 3042 1171 ἄρρεν
3071 1100 3100 1152 ὁ
3130 1093 3445 1168 τυραννικὸς
3475 1095 3653 1149 διεκε-

2083 1201 2266 1255 λεύετο
2297 1200 2456 1268 νόμος
2479 1212 2493 1226 ⁸
2531 1195 2652 1248 τότε
2685 1194 2936 1268 γεννᾶται
2965 1193 2993 1244 ὁ
3021 1191 3244 1260 Μωσῆς.
3276 1191 3399 1252 Πῶς
3431 1184 3525 1242 οὖν
3555 1190 3653 1258 τὴν

2083 1289 2405 1364 συντυχικὴν
2457 1287 2551 1340 τοῦ
2613 1285 2803 1355 ἀνδρὸς
2859 1284 3109 1354 γέννησιν
3161 1283 3226 1334 ἐκ
3282 1281 3654 1352 προαιρέσεως

2079 1385 2241 1455 ἡμεῖς
2292 1377 2668 1451 μιμησόμεθα;
2704 1377 2778 1429 Ού
2833 1375 2942 1447 γὰρ
2989 1375 3178 1445 δήκαὶ
3224 1373 3382 1427 τοῦτο
3415 1374 3526 1425 τῶν
3568 1378 3654 1448 ἐς*

2081 1482 2210 1551 ἡμῖν
2243 1473 2376 1530 εῖναι
2442 1475 2654 1537 πάντως
2696 1475 2812 1544 ἐρεῖ
2838 1489 2951 1536 τις,
2985 1471 3124 1524 ὥστε
3154 1471 3494 1541 μιμήσασθαί
3533 1490 3656 1525 τινα

2081 1574 2145 1642 τῇ
2187 1570 2308 1624 καθ’
2335 1568 2526 1622 ἑαυτὸν
2553 1567 2801 1636 γεννήσει
2843 1565 2933 1619 τὸν
2970 1565 3254 1635 εὐδόκιμον
3285 1565 3465 1620 τόκον.
3514 1569 3656 1620 Ἀλλ’

2079 1662 2229 1716 οὐδὲν
2254 1660 2484 1731 χαλεπὸν
2509 1697 2524 1722 ,
2553 1661 2615 1712 ἐκ
2657 1655 2750 1709 τοῦ
2785 1656 3064 1719 δοκοῦντος
3095 1656 3521 1729 δυσχερεστέρου
3555 1661 3656 1728 τῆς

2084 1754 2366 1824 μιμήσεως
2393 1747 2698 1820 ἄρξασθαι·
2737 1747 2819 1810 τίς
2858 1746 2965 1817 7&9
3001 1747 3100 1799 οὐκ
3129 1742 3301 1808 οἶδεν.
3333 1749 3414 1800 ὅτι
3459 1752 3571 1802 πᾶν
3598 1749 3658 1801 τὸ

2079 1847 2137 1898 ἐν
2170 1842 2446 1898 ἀλλοιώσει
2479 1840 2725 1910 κείμενον
2751 1879 2764 1900 ,
2789 1837 3041 1890 οὐδέποτε
3069 1837 3197 1890 αὐτὸ
3219 1839 3303 1905 ἐφ’
3326 1837 3522 1891 ἑαυτοῦ
3561 1839 3658 1908 μέ-

2080 1951 2160 1987 νει
2183 1949 2196 1964 °
2233 1931 2344 1985 ἀλλ’
2375 1930 2559 2000 ἕτερον
2592 1929 2650 1994 ἐξ
2675 1927 2858 1996 ἐτέρου
2891 1927 3118 1979 πάντοτε
3145 1926 3386 1992 γίνεται,
3424 1927 3564 1995 πρὸς
3597 1928 3658 1980 τὸ

2079 2027 2345 2094 κρεῖττον,
2385 2021 2418 2092 ἢ
2447 2020 2580 2091 πρὸς
2612 2019 2672 2071 τὸ
2697 2021 2874 2089 χεῖρον
2905 2019 2990 2071 ἀεὶ
3020 2016 3120 2086 τῆς
3149 2019 3486 2084 ἀλλοιώσεως
3508 2022 3658 2089 ἐνερ-

2079 2115 2384 2184 γουμένης;
2429 2111 2671 2165 Νοείσθω
2721 2111 2779 2164 δὲ
2821 2110 2944 2164 καθ’
2977 2110 3248 2164 ὑπόθεσιν.
3287 2110 3354 2162 Ἠ
3406 2111 3505 2180 μὲν
3544 2111 3657 2182 γὰρ

2079 2205 2236 2275 ὑλική
2268 2220 2329 2256 τε
2363 2203 2454 2255 καὶ
2497 2201 2880 2272 ὲμπαθεστέρα
2912 2200 3148 2263 διάθεσις
3171 2240 3186 2264 ,
3221 2200 3356 2271 πρὸς
3389 2200 3457 2271 ἣν
3499 2203 3535 2271 ἡ
3563 2204 3658 2254 ἀνι

2079 2291 2322 2363 θρωπίνη
2371 2291 2531 2360 φύσις
2582 2287 3060 2342 κατολισθαίνουσα
3119 2289 3378 2357 φέρεται,
3421 2288 3483 2341 τὸ
3517 2290 3654 2358 θῆλυ

2078 2384 2176 2453 τῆς
2211 2382 2355 2450 ζωῆς
2379 2421 2394 2445 ,
2425 2380 2453 2432 ὃ
2489 2379 2564 2448 τῷ
2595 2379 2836 2448 τυράννῳ
2867 2376 3015 2445 φίλον
3046 2378 3161 2429 ἐστὶ
3186 2375 3619 2446 ζωογονούμενον
3637 2394 3651 2406 ·

2077 2475 2138 2527 τὸ
2160 2474 2214 2525 δὲ
2238 2472 2602 2541 κατεσκληκός
2628 2487 2684 2522 τε
2716 2471 2810 2522 καὶ
2843 2469 3090 2522 σύντονον
3109 2469 3208 2538 τῆς
3241 2467 3446 2540 ἀρετῆς
3465 2507 3480 2530 ,
3510 2468 3540 2519 ὁ
3566 2470 3657 2521 ἁν-

2077 2561 2282 2633 δρώδης
2324 2562 2514 2625 τόκος,
2559 2563 2587 2614 ὁ
2625 2560 2880 2630 πολέμιος
2923 2560 3002 2631 τῷ
3040 2561 3321 2630 τυράννῳ,
3373 2560 3468 2613 καὶ
3514 2561 3655 2632 πρὸς

2078 2655 2442 2708 ἐπανάστασιν
2491 2653 2590 2724 τῆς
2620 2655 2792 2724 ἀρχῆς
2837 2651 3000 2706 αὐτοῦ
3035 2651 3291 2715 ὕποπτος.
3337 2654 3429 2705 Δεῖ
3465 2647 3558 2705 οὖν
3592 2652 3656 2705 τὸ

2078 2743 2455 2814 ἀλλοιούμενόν
2486 2760 2608 2808 που,
2646 2744 2732 2796 ἀεὶ
2761 2743 2978 2806 πάντως
3003 2741 3311 2810 γεννᾶσθαι.
3346 2742 3421 2796 Οὐ
3455 2743 3566 2814 γὰρ
3587 2743 3657 2797 ἄν

2077 2849 2130 2883 τι
2152 2831 2259 2885 τῶν
2287 2832 2516 2885 πάντοτε
2545 2829 2802 2892 ὡσαύτως
2828 2831 3086 2899 ἐχόντων,
3121 2832 3178 2884 ἐν
3207 2833 3272 2902 τῇ
3309 2835 3518 2901 τρεπτῇ
3550 2831 3656 2900 φύ-

2081 2939 2164 2975 σει
2205 2921 2531 2993 θεωρηθείη.
2561 2921 2636 2975 Τὸ
2678 2921 2734 2975 δὲ
2763 2920 2905 2974 οὕτω
2935 2921 3226 2989 γεννᾶσθαι
3258 2923 3359 2976 οὐκ
3401 2924 3463 2990 ἐξ
3496 2924 3659 2977 ἀλλος

2079 3013 2234 3084 τρίας
2264 3014 2410 3066 ἐστὶν
2447 3013 2622 3084 ὁρμῆς
2642 3057 2657 3077 ,
2687 3013 2810 3066 καθ’
2843 3014 3132 3084 ὁμοιότητα
3174 3013 3280 3067 τῶν
3324 3016 3658 3084 σωματικῶς

2079 3105 2139 3157 τὸ
2189 3104 2400 3174 συμϐὰν
2431 3103 2888 3171 ἁπογεννώντωνο
2940 3104 3054 3156 ἀλλ’
3099 3106 3164 3157 ἐκ
3201 3105 3577 3175 προαιρέσεως
3628 3107 3658 3155 ὁ

2079 3193 2318 3257 τοιοῦτος
2357 3193 2563 3262 γίνεται
2616 3193 2792 3257 τόκος.
2839 3193 2948 3247 Καί
3000 3196 3165 3264 ἐσμεν
3208 3195 3416 3248 ἑαυτῶν
3453 3196 3661 3266 τρόπον

2079 3285 2199 3338 τινὰ
2220 3285 2452 3354 πατέρες
2471 3327 2485 3350 ,
2514 3285 2736 3348 ἑαυτοὺς
2767 3286 2908 3348 οἵους
2936 3284 3002 3338 ἂν
3027 3285 3319 3356 ἐθέλωμεν,
3355 3286 3658 3351 τίκτοντες,

2081 3377 2176 3432 καὶ
2211 3376 2318 3440 ἀπὸ
2344 3377 2442 3447 τῆς
2486 3377 2619 3441 ἰδίας
2653 3377 3024 3448 προαιρέσεως
3055 3379 3135 3440 είς
3172 3378 3309 3448 ὅπερ
3346 3376 3407 3430 ἄν
3455 3377 3658 3431 ἐθέλω-

2085 3486 2184 3539 μεν
2213 3465 2350 3532 εἷδος
2368 3509 2383 3533 ,
2414 3469 2447 3539 ἢ
2475 3469 2640 3540 ἄρρεν
2670 3469 2703 3540 ἢ
2738 3467 2871 3537 θῆλυ
2889 3509 2904 3534 ,
2932 3468 3009 3539 τῷ
3028 3470 3126 3540 τῆς
3159 3469 3362 3540 ἀρετῆς
3385 3469 3419 3539 ἦ
3456 3471 3661 3534 κακίας

2081 3559 2224 3630 λόγῳ
2260 3559 2732 3630 διαπλασσόμενοι.
2776 3561 2884 3614 Καὶ
2915 3559 3088 3626 ἔξεστι
3118 3559 3212 3613 καὶ
3242 3561 3375 3630 ἡμῖν
3414 3560 3658 3624 πάντως,

2081 3649 2305 3714 ἄκοντος
2369 3650 2464 3704 τοῦ
2521 3650 2785 3720 τυράννου
2845 3651 2938 3703 καὶ
2995 3649 3334 3719 λυπουμένου
3360 3690 3377 3716 ,
3431 3649 3527 3702 ἐπὶ
3588 3654 3659 3722 τῇ

2081 3740 2399 3811 ἀστειοτέρᾳ
2431 3742 2681 3812 γεννήσει
2707 3741 2992 3810 παρελθεῖν
3023 3757 3082 3792 τε
3121 3740 3200 3803 είς
3232 3739 3378 3808 φῶς,
3417 3740 3511 3792 καὶ
3545 3743 3662 3802 τοῖς

2081 3832 2294 3903 γονεῦσι
2327 3832 2419 3885 τοῦ
2459 3833 2621 3888 καλοῦ
2657 3832 2845 3887 τούτου
2881 3834 3159 3902 κυήματος
3212 3831 3484 3904 (λογισμοὶ
3519 3831 3566 3884 δ’
3594 3829 3664 3883 ἂν

2081 3917 2190 3974 εἷεν
2224 3915 2369 3974 οὗτοι
2402 3923 2451 3973 οἱ
2485 3922 2584 3992 τῆς
2607 3922 2807 3993 ἀρετῆς
2836 3923 3107 3991 γινόμενοι
3136 3921 3405 3992 πατέρες)
3425 3919 3662 3990 ὀφθῆναί

2080 4027 2140 4062 τε
2185 4008 2305 4079 μεθ’
2345 4010 2538 4080 ἡδονῆς
2559 4049 2576 4073 ,
2612 4011 2708 4064 καὶ
2741 4010 3169 4080 ζωογονηθῆναι·
3201 4010 3305 4063 κᾶν
3337 4009 3662 4062 ὑπεναντίον

2078 4095 2113 4170 ᾖ
2140 4100 2216 4170 τῷ
2241 4098 2335 4153 τοῦ
2366 4101 2625 4172 τυράννου
2654 4103 2978 4173 φρονήματι.
3011 4101 3217 4157 υύκοῦν
3240 4144 3256 4169 ,
3283 4101 3358 4165 ὡς
3387 4101 3451 4155 ἄν
3478 4118 3566 4165 τις
3594 4103 3661 4155 ἐκ

2080 4191 2180 4262 τῆς
2214 4192 2452 4263 ἱστορίας
2480 4193 2578 4257 τὰς
2605 4193 2859 4265 ἀφορμὰς
2886 4193 3087 4256 λαϐὼν,
3115 4195 3208 4246 ἐπὶ
3236 4194 3295 4247 τὸ
3321 4193 3661 4264 γυμνότερον

2079 4283 2431 4337 διακαλύπτοι
2474 4285 2534 4336 τὸ
2583 4283 2852 4356 αἴνιγμα·
2896 4283 3055 4339 τοῦτο
3106 4285 3343 4338 διδάσκει
3399 4285 3428 4336 ὁ
3477 4281 3657 4351 λόγος,

2082 4370 2254 4441 ἀρχὴν
2278 4371 2370 4424 τοῦ
2405 4371 2525 4424 κατ’
2559 4371 2759 4444 ἀρετὴν
2797 4374 3068 4426 ποιεῖσθαι
3103 4373 3218 4444 βίου
3238 4415 3254 4441 ,
3297 4374 3355 4426 τὸ
3385 4375 3478 4426 ἐπὶ
3509 4372 3658 4442 λύπῃ

2079 4461 2173 4515 τοῦ
2205 4461 2398 4532 ἐχθροῦ
2418 4462 2757 4533 γεννηθῆναι,
2788 4464 2847 4516 ἐν
2880 4463 2956 4534 τῷ
2979 4464 3203 4534 τοιούτῳ
3238 4464 3378 4533 φημὶ
3409 4462 3511 4534 τῆς
3533 4480 3658 4530 γεν-

2081 4555 2286 4625 νήσεως
2313 4555 2474 4619 εἴδει,
2505 4550 2574 4627 ἦς
2605 4557 2638 4626 ὴ
2680 4555 2996 4626 προαίρεσις
3029 4556 3125 4626 τὴν
3156 4557 3318 4609 ὠδῖνα
3345 4555 3654 4625 μαιεύεται.

2081 4646 2155 4698 Οὐ
2181 4645 2289 4716 γὰρ
2318 4646 2383 4699 ἄν
2418 4663 2500 4708 τις
2531 4645 2790 4716 λυπήσειε
2816 4647 2906 4699 τὸν
2950 4647 3240 4700 ἀντίπαλον
3259 4687 3274 4710 ,
3317 4646 3392 4717 μὴ
3427 4646 3658 4700 τοιαῦτα

2079 4735 2291 4797 δεικνὺς
2318 4737 2401 4805 ἐφ’
2433 4737 2624 4790 ἑαυτοῦ
2648 4739 3030 4808 γνωρίσματα,
3069 4735 3156 4792 οἷα
3179 4742 3278 4809 τῆς
3301 4740 3420 4790 κατ’
3437 4738 3655 4792 ἐκείνου

2081 4827 2236 4896 νίκης
2266 4829 2540 4899 τεκμήρια
2562 4829 2826 4896 γίνεσθαι.
2845 4831 2955 4901 Τῆς
2977 4831 3032 4883 δὲ
3067 4831 3237 4899 αὐτῆς
3285 4830 3658 4900 προαιρέσεως

2081 4917 2297 4979 πάντως
2331 4919 2482 4979 ἐστὶ,
2531 4919 2786 4988 γεννῆσαί
2831 4937 2892 4972 τε
2947 4921 3008 4974 τὸ
3059 4920 3300 4991 ἀνδρεῖον
3349 4918 3508 4971 τοῦτο
3561 4921 3659 4970 καὶ

2081 5008 2333 5078 ἐνάρετον
2363 5007 2626 5079 γέννημα·
2654 5010 2747 5064 καὶ
2771 5014 2888 5074 ταῖς
2911 5010 3278 5080 καθηκούσαις
3304 5009 3533 5078 τροφαῖς
3571 5027 3657 5060 τι-

2083 5096 2421 5167 θηνήσασθαι
2444 5115 2460 5129 ο
2496 5101 2589 5153 καὶ
2616 5103 2763 5164 ὅπως
2799 5101 2864 5154 ἂν
2908 5105 2972 5154 ἐκ
3011 5101 3104 5154 τοῦ
3146 5101 3334 5164 ὓδατος
3362 5099 3658 5169 διασωθείη

2082 5187 2308 5251 ἀπαθῶς
2337 5192 2755 5262 προνοήσασθαι.
2793 5194 2854 5246 Οἱ
2880 5193 2977 5262 μὲν
3010 5193 3116 5263 γὰρ
3140 5191 3216 5262 τῷ
3252 5193 3501 5262 τυράννῳ
3529 5193 3661 5254 τοὺς

2080 5279 2274 5342 τόκους
2304 5280 2480 5332 αὐτῶν
2514 5283 2877 5353 χαριζόμενοι,
2916 5284 3098 5353 γυμνά
3125 5301 3184 5337 τε
3217 5284 3310 5337 καὶ
3340 5284 3658 5354 ἀπρονόητα

2083 5365 2160 5434 τῷ
2196 5368 2396 5439 ῥείθρῳ
2421 5371 2489 5422 τὰ
2518 5371 2680 5423 τέκνα
2711 5371 3019 5425 διαδιδὸασι.
3067 5373 3307 5444 Ῥεῖθρον
3332 5373 3389 5424 δὲ
3409 5373 3504 5426 τοῦ
3538 5373 3658 5442 βίου

2086 5459 2250 5528 φημὶ,
2275 5459 2365 5513 τὸν
2388 5463 2498 5524 τοῖς
2525 5462 2842 5533 ἐπαλλήλοις
2866 5463 3062 5518 πάθεσι
3087 5463 3501 5536 κυματούμενον
3519 5480 3537 5497 ⁸
3568 5466 3658 5533 ὑφ’
