3766 5988
213 122 322 177 329

1556 107 1644 162 ne
1686 106 1847 162 VITA
1886 80 2162 164 uorsis.

3360 110 3467 166 330

214 234 281 295 οὗ
322 238 385 292 τὸ
418 238 479 305 ὲν
531 235 609 307 τῷ
651 234 851 307 ῥείθρῳ
898 232 1210 304 γινόμενον,
1246 230 1572 302 ὑποϐρύχιον
1625 245 1701 283 καί

1979 235 2054 282 mt
2078 227 2290 293 arcula,
2306 242 2377 283 ne
2406 228 2674 283 undarum
2695 227 2901 299 impetu
2914 229 3353 298 submergantur.
3372 230 3466 288 Est

214 329 401 386 δύεταί
429 346 492 383 τε
524 329 617 382 καὶ⁵
645 327 1061 396 καταπνίγεται.
1106 326 1171 378 Οί
1203 324 1260 377 δὲ
1299 322 1574 392 σώφρονές
1606 338 1665 373 τε
1697 321 1794 374 καὶ⁹

215 419 567 491 προνοητικοὶ
594 416 863 487 λογισμοὶ,
878 417 926 468 οἱ
950 416 1045 486 τῆς
1068 413 1317 486 ἀνδρείας
1345 414 1509 483 γονῆς
1539 411 1791 481 πατέρες,

213 512 346 566 ὅταν
374 509 640 578 κατάγειν
667 509 803 579 πρὸς
834 507 904 561 τά
934 507 1034 577 τῆς
1071 505 1214 576 ζωῆς
1248 503 1467 573 κύματα
1503 501 1564 555 τὸ
1591 500 1794 570 ἀγαθὸν

213 603 441 669 ἔκγονον
469 602 502 671 ἡ
529 598 625 653 τοῦ
668 599 783 669 βίου
817 598 1029 669 ἀνάγκη
1079 596 1371 668 βιάσηται,
1403 592 1619 665 κιϐωτῷ
1660 592 1795 665 πρὸς

214 691 278 745 τὸ
308 691 384 760 μὴ
418 688 672 758 γενέσθαι
723 688 905 758 βύθιον
950 686 1042 740 τὸν
1084 685 1163 755 τῷ
1200 683 1400 756 ῥείθρῳ
1443 682 1667 737 δοθέντα
1691 700 1793 737 κα-

215 781 658 852 τασφαλίζονται.
690 779 939 840 Κιὸωτδς
972 778 1016 830 δ’
1050 776 1117 831 ἂν
1158 778 1242 848 εἴη
1282 777 1348 829 ὲκ
1376 775 1647 844 διαφόρων
1702 791 1795 828 σα-

215 871 376 923 νίδων
410 870 826 939 συμπεπηγυῖα,
856 869 890 938 ἡ
920 869 984 920 ὲκ
1014 865 1274 919 ποικίλων
1299 863 1637 935 μαθημάτων
1666 881 1797 934 συμο

216 960 547 1032 πηγνυμένη
574 959 891 1023 παίδευσις,
935 959 969 1029 ἡ
1001 958 1112 1013 ἄνω
1160 956 1272 1011 τῶν
1317 956 1574 1027 κυμάτων
1608 955 1700 1009 τὸν
1727 956 1794 1009 δι’

216 1052 387 1121 αὐτῆς
417 1049 814 1122 ἐπιφερόμενον
860 1047 955 1102 τοῦ
1009 1047 1124 1118 βίου
1176 1047 1470 1117 ἀνέχουσα*
1510 1041 1577 1117 ἧς
1623 1046 1797 1117 ὑπαρ-

217 1142 421 1213 χούσης
439 1183 456 1206 ,
483 1141 604 1194 οὐδὲ
631 1141 722 1194 ἐπὶ
751 1140 884 1193 πολὺ
923 1139 1001 1209 τῷ
1033 1139 1179 1210 σάλῳ
1211 1138 1321 1191 τῶν
1352 1137 1556 1191 ὑδάτων
1585 1138 1795 1208 ἐμπλα-

216 1232 536 1304 νηθήσεται,
571 1236 690 1296 ταῖς
718 1232 826 1285 τῶν
857 1231 1114 1301 κυμάτων
1139 1231 1336 1300 ὁρμαῖς
1366 1230 1793 1300 συμφερόμενος·

216 1324 335 1378 ἀλλ’
377 1325 472 1377 ἐπὶ
499 1324 593 1377 τοῦ
636 1322 901 1394 σταθεροῦ
939 1324 1036 1392 τῆς
1064 1321 1264 1392 ὄχθης,
1299 1320 1443 1373 τοῦτ’
1478 1320 1623 1373 ἔστιν
1646 1360 1659 1383 ,
1693 1319 1799 1386 ἔξω

218 1419 309 1469 10‘.-
345 1414 603 1486 βιωτικοῦ
638 1414 798 1468 σάλου
837 1413 1119 1482 γινόμενος
1142 1453 1156 1477 ,
1195 1411 1515 1480 αὐτομάτως
1557 1411 1661 1464 ὑπὸ
1701 1412 1798 1481 τῆς

221 1507 396 1578 φορᾶς
418 1504 526 1559 τῶν
558 1505 764 1558 ὑδάτων
815 1504 949 1575 πρὸς
978 1503 1040 1556 τὸ
1077 1502 1343 1572 σταθηρὸν
1392 1501 1795 1571 ἀπωσθήσεται.

1899 323 2083 372 autem
2115 316 2300 385 arcula
2336 316 2502 371 veluti
2530 317 2763 372 diversis
2789 333 2855 371 ex
2883 317 3160 372 asseribus
3184 330 3465 389 compacta

1899 406 2173 469 doctrina,
2217 414 2275 460 ut
2312 407 2566 472 arbitror,
2608 421 2672 461 ea
2721 422 2843 477 qua:
2876 408 3062 463 multis
3098 416 3258 478 atque
3300 413 3468 466 variis

1899 515 1962 555 ex
1981 498 2286 568 disciplinis
2318 499 2372 552 in
2407 514 2571 553 unum
2604 499 2854 564 collecta,
2883 514 3047 568 super
3076 499 3273 557 ﬂuctus
3304 503 3468 573 hujus

1900 593 2024 645 vitae
2076 590 2269 655 fertur,
2319 605 2495 660 neque
2546 590 2793 661 immergi
2846 591 3070 659 patitur,
3121 592 3215 647 sed
3264 595 3467 663 impetu

1899 680 2190 751 exagitata,
2234 679 2452 737 tandem
2501 680 2567 734 ad
2607 680 2859 736 stabilem
2902 681 3075 751 ripam
3119 693 3271 736 extra
3302 682 3469 752 hujus

1900 773 2026 828 vitae
2082 772 2424 828 turbationes
2476 771 2717 825 animum
2760 772 2965 828 educit.
3010 772 3215 829 Natura
3251 776 3468 844 quidem

1901 866 2146 935 ipsarum
2182 879 2361 920 rerum
2407 864 2479 918 ita
2511 864 2623 919 ﬁeri
2654 864 2996 920 crediderim.
3029 864 3288 923 Videmus
3325 868 3469 921 enim

1901 955 2104 1025 reipsa,
2143 954 2189 1009 si
2236 953 2362 1024 quis
2396 954 2602 1009 turbini
2636 968 2703 1009 ac
2750 956 3003 1025 procellis
3045 957 3299 1011 humanae
3349 958 3472 1012 vitae

1902 1045 2131 1109 resistit,
2178 1060 2280 1099 nec
2310 1060 2370 1100 se
2407 1045 2566 1099 obrui
2613 1046 2836 1116 patitur,
2863 1063 2985 1101 eum
3017 1062 3048 1101 a
3080 1058 3337 1118 corrupta
3369 1048 3470 1102 ho-

1902 1139 2111 1193 minum
2148 1138 2409 1193 societate
2461 1151 2524 1191 ac
2557 1138 2688 1203 vita,
2727 1146 2985 1207 tanquam
3018 1154 3159 1193 onus
3191 1155 3354 1210 grave
3386 1155 3472 1195 re-

1898 1229 1994 1300 jici
2025 1239 2187 1298 atque
2223 1227 2410 1297 repelli
2439 1243 2455 1281 :
2487 1242 2649 1297 quam
2681 1228 2773 1297 qui
2804 1228 3009 1300 effugit,
3029 1230 3266 1300 vagitum
3298 1231 3475 1285 imite-

1904 1326 1996 1373 tur
2023 1317 2243 1389 Moysis,
2294 1332 2394 1372 nec
2427 1318 2683 1389 lacrymis
2726 1330 2936 1390 parcat,
2969 1321 3095 1375 licet
3125 1322 3324 1375 arcolae
3354 1337 3473 1376 mu-

1904 1409 2147 1463 nimento
2177 1408 2248 1462 sit
2290 1415 2486 1462 tectus.
2529 1402 2793 1478 Laéryma
2831 1410 2975 1465 enim
3020 1408 3192 1464 [idolis
3224 1413 3471 1480 quaedam

1905 1509 2092 1555 custos
2135 1512 2328 1553 eorum
2358 1506 2461 1564 est,
2495 1498 2589 1567 qui
2631 1514 2663 1553 a
2693 1500 2891 1555 virtute
2930 1501 3064 1555 salvi
3109 1500 3264 1555 ﬁunt.
3319 1500 3474 1566 Quod

226 1599 293 1650 Ὀ
321 1597 389 1665 δὴ
434 1596 532 1649 καὶ
577 1599 645 1666 τῇ
679 1594 843 1665 πείρᾳ
877 1592 1217 1664 μανθάνομεν
1240 1609 1253 1620 ·
1303 1592 1385 1645 ὅτι
1430 1592 1524 1647 καὶ
1568 1593 1694 1655 τοὺς

1991 1592 2137 1661 regis
2181 1589 2387 1644 sterilis
2437 1589 2569 1654 tilia,
2618 1590 2867 1645 doctrina
2914 1592 3169 1648 videlicet
3215 1593 3470 1656 exterior,

222 1687 841 1757 συνδιαϐαπτιζομένους
867 1684 947 1737 ἔτι
982 1686 1102 1746 ταῖς
1148 1683 1514 1753 ἀνθρωπίναις
1544 1684 1798 1748 ἀπάταις,

221 1778 406 1831 αὐτῶν
428 1777 536 1830 τῶν
566 1775 905 1848 πραγμάτων
933 1776 967 1845 ἡ
989 1773 1220 1835 άστατός
1246 1790 1306 1825 τε
1326 1772 1422 1826 καὶ
1449 1772 1801 1843 πεφορημένη

208 1868 441 1941 κίνησις
472 1871 563 1937 ἀφ’
592 1870 788 1939 ἑαυτῆς
821 1867 1119 1920 ἀπωθεῖται
1143 1905 1158 1928 ,
1191 1864 1379 1936 ὥσπερ
1413 1882 1465 1917 τι
1504 1864 1668 1934 βάρος
1701 1864 1805 1934 μά-

222 1978 409 2019 ταιον.
445 1962 569 2027 τοὺς
594 1961 682 2017 διὰ
706 1960 805 2029 τῆς
830 1956 1028 2027 ἀρετῆς
1066 1953 1415 2025 ἐνοχλοῦντας
1461 1953 1801 2024 λογιζομένη.

237 2051 297 2101 '0
349 2048 409 2101 δὲ
442 2047 548 2099 τῶν
595 2045 850 2099 τοιούτων
882 2044 987 2108 ἔξω
1030 2043 1320 2114 γενόμενος
1347 2085 1361 2110 ,
1400 2043 1672 2116 μιμείσθω
1713 2045 1804 2098 τὸν

225 2139 456 2201 Μωσέα,
480 2139 573 2192 καὶ
601 2137 676 2208 μὴ
705 2135 966 2206 φειδέσθω
991 2134 1099 2188 τῶν
1124 2135 1396 2206 δακρύων,
1422 2135 1524 2188 κᾶν
1551 2137 1611 2188 ὲν
1636 2134 1805 2188 κιϐω-

225 2230 306 2301 τῷ
344 2230 854 2300 κατησφαλισμένος
882 2229 1038 2300 τύχῃ.
1083 2229 1343 2300 Ἀκρισὴς
1370 2229 1478 2297 γὰρ
1500 2229 1675 2299 φύλαξ
1698 2230 1808 2285 τῶν

226 2322 297 2374 δι’
325 2322 527 2392 ἀρετῆς
554 2320 895 2391 σωζομένων,
919 2320 980 2374 τὸ
1002 2320 1255 2390 δάκρυον.
1279 2320 1343 2373 Ei
1375 2319 1431 2373 δὲ
1465 2321 1498 2389 ἡ
1529 2320 1720 2391 ἄγονός
1746 2338 1806 2375 τε

229 2415 328 2466 καὶ
380 2416 569 2484 στεῖρα
604 2412 866 2484 βασιλέως
907 2407 1040 2465 οὖσα
1077 2410 1320 2482 θυγάτηρ
1372 2411 1479 2483 (ἢν
1522 2407 1675 2482 οἶμαι
1706 2411 1806 2482 τὴν

228 2503 430 2569 ἔξωθεν
482 2505 688 2576 κυρίως
718 2503 949 2559 νοεῖσθαι
995 2501 1312 2571 φιλοσοφίαν
1331 2499 1805 2573 ),ὑπο6αλλομένη

231 2595 325 2649 τὸν
348 2595 469 2648 νέον
488 2635 505 2658 ,
541 2597 723 2666 μήτηρ
754 2594 849 2647 τοῦ
898 2593 1136 2647 τοιούτου
1172 2591 1436 2663 κληθῆναι
1463 2593 1805 2647 κατασκευά-

231 2699 406 2737 σειεν
433 2684 538 2747 ἕως
565 2684 684 2737 τότε
718 2685 988 2753 συγχωρεί
1012 2682 1041 2733 ὁ
1065 2681 1222 2749 λόγος
1248 2679 1324 2752 μὴ
1346 2681 1679 2736 ἀπωθεῖσθαι
1709 2681 1807 2753 τὴν

1899 1697 2021 1753 quae
2063 1696 2280 1752 semper
2331 1682 2588 1751 parturit,
2631 1691 2685 1736 et
2729 1698 3009 1752 nunquam
3068 1685 3247 1738 vivum
3293 1683 3475 1739 educit

1901 1781 2139 1844 partum,
2175 1787 2298 1842 quae
2324 1772 2532 1826 nullum
2564 1788 2800 1842 unquam
2838 1774 3002 1828 tantis
3030 1774 3306 1829 laboribus
3339 1791 3473 1829 con-

1902 1865 2127 1933 dignum
2160 1861 2396 1921 fructum
2423 1863 2697 1933 produxit,
2724 1880 2844 1934 quae
2873 1875 3084 1920 uterum
3115 1864 3284 1930 inﬂat,
3315 1868 3474 1937 quasi

1904 1955 2124 2024 aliquod
2153 1955 2335 2008 vivum
2368 1955 2664 2025 prolatura,
2690 1966 2745 2011 et
2773 1956 2991 2012 tandem
3039 1958 3357 2028 imperfecta
3388 1968 3472 2012 at-

1903 2060 2009 2115 que
2038 2045 2274 2109 inutilia,
2330 2047 2648 2115 priusquam
2678 2046 2746 2101 ad
2790 2047 2968 2102 lucem
3015 2049 3340 2118 cognitionis
3381 2048 3475 2104 Dei

1903 2135 2242 2205 perveniant,
2280 2134 2475 2188 abortu
2504 2135 2636 2202 edit,
2667 2136 2721 2190 in
2766 2136 2933 2191 tilium
2977 2137 3153 2208 ipsum
3185 2140 3476 2208 adoptave~

1903 2226 1998 2290 rit,
2033 2240 2278 2296 eousque
2310 2241 2368 2280 se
2407 2224 2558 2281 falsae
2593 2228 2789 2282 matris
2819 2228 2989 2282 tilium
3029 2230 3111 2283 vir
3137 2229 3312 2284 bonus
3352 2245 3478 2299 pro-

1908 2318 2188 2382 ﬁtebitur,
2240 2334 2527 2389 quousque
2594 2320 2963 2391 imperfectior
3015 2332 3179 2393 atque
3238 2324 3479 2379 tenerior

1913 2420 2047 2466 tetas
2071 2413 2163 2466 sit.
2204 2411 2307 2477 Qui
2340 2425 2471 2466 vero
2500 2411 2569 2465 ad
2597 2414 2856 2482 majorem
2893 2414 3003 2485 jam
3048 2424 3257 2470 aetatem
3287 2430 3477 2486 perve-

1915 2502 2080 2566 nerit,
2116 2510 2176 2556 ut
2204 2502 2271 2557 de
2307 2501 2490 2574 Moyse
2518 2486 2906 2570 intelleximus,
2946 2521 3071 2561 eum
3103 2506 3325 2578 pudebit
3359 2507 3478 2576 ejus

1916 2608 1976 2649 se
2001 2592 2141 2649 falso
2167 2592 2339 2647 ﬁlium
2364 2595 2645 2663 appellari,
2680 2611 2801 2665 qua:
2822 2598 3144 2653 naturaliter
3166 2599 3368 2653 sterilis
3398 2606 3481 2652 at-

1914 2697 2022 2752 que
2055 2682 2234 2738 inanis
2266 2691 2369 2750 cst,
2404 2683 2511 2738 nisi
2541 2685 2758 2739 tandem
2785 2701 2912 2741 vera
2939 2687 3185 2743 foveatur
3209 2688 3478 2743 doctrina.

227 2777 330 2846 τῆς
360 2776 715 2848 ψευδωνύμου
749 2777 952 2848 μητρὸς
978 2775 1303 2846 οἰκειότητα,
1349 2775 1455 2839 ἕως
1484 2775 1549 2830 ἄν
1577 2780 1660 2838 τις
1699 2777 1759 2829 τὸ
1786 2776 1975 2841 άτελὲς
2003 2776 2103 2847 τῆς
2128 2777 2347 2848 ἡλικίας
2373 2779 2432 2831 ἐν
2453 2779 2631 2850 ἑαυτῷ
2660 2779 2852 2852 βλέπῃ.
2894 2780 2951 2835 '0
2983 2782 3039 2835 δὲ
3063 2783 3195 2854 πρὸς
3229 2782 3360 2852 ὕψος
3379 2783 3479 2854 ἤδη

228 2867 585 2941 ᾁναδραμὼν,
615 2868 691 2930 ὡς
719 2868 850 2938 περὶ
872 2867 964 2920 τοῦ
995 2866 1240 2933 Μωσέως
1261 2864 1559 2936 ἐμάθομεν,
1588 2865 1847 2938 αἰσχύνην
1878 2868 2142 2939 ἡγήσεται
2184 2868 2283 2938 τῆς
2324 2869 2467 2923 κατὰ
2514 2868 2675 2938 φύσιν
2712 2870 2908 2939 ἀγόνου
2943 2876 3071 2936 παῖς
3103 2859 3476 2943 ὀνομάζεσθαι.

233 2965 464 3031 Ἀγονος
499 2959 608 3029 γὰρ
638 2958 713 3021 ὡς
754 2955 965 3027 άληθῶς
988 2956 1022 3025 ὴ
1046 2954 1244 3021 ἔξωθεν
1291 2955 1572 3019 παίδευσις
1595 2998 1608 3022 ,
1636 2956 1724 3009 ἀεὶ
1755 2955 2037 3020 ὠδίνουσα,
2076 2957 2172 3010 καὶ
2213 2957 2480 3029 μηδέποτε
2519 2958 2858 3027 ζωογονοῦσα
2889 2961 2968 3032 τῷ
3008 2963 3168 3036 τόκῳ.
3207 2968 3338 3021 Τίνα
3376 2968 3483 3038 γὰρ

229 3054 397 3118 ἔδειξε
431 3050 643 3122 καρπὸν
684 3048 793 3101 τῶν
827 3045 1051 3117 μακρῶν
1082 3044 1285 3098 ὠδίνων
1320 3046 1354 3114 ἡ
1389 3043 1703 3113 φιλοσοφία,
1757 3044 1868 3097 τῶν
1915 3045 2187 3100 τοσούτων
2227 3062 2286 3100 τε
2335 3048 2428 3101 καὶ
2463 3046 2717 3101 τοιούτων
2755 3048 2904 3116 ἄξιον
2948 3051 3123 3107 πόνων
3151 3074 3166 3121 ;
3196 3057 3256 3108 ού
3286 3058 3487 3117 πάντες

230 3145 529 3218 ὑπηνέμιοί
573 3161 629 3198 τε
665 3146 760 3197 καὶ
808 3140 1246 3211 άτελεσφόρητοι,
1297 3141 1426 3210 πρὶν
1466 3141 1544 3203 είς
1584 3139 1645 3193 τὺ
1688 3139 1804 3208 φῶς
1836 3139 2010 3194 ἐλθεῖν
2048 3144 2147 3212 τῆς
2179 3142 2507 3211 θεογνωσίας
2531 3184 2546 3208 ,
2582 3143 3008 3215 ἅμϐλίσκονται;
3039 3149 3321 3223 δυνάμενοι
3357 3156 3487 3220 ἴσως

228 3242 487 3316 γενέσθαι
525 3240 800 3310 ἄνθρωποι
822 3277 836 3300 ,
864 3238 910 3289 εί
943 3237 1017 3308 μὴ
1046 3235 1219 3290 διόλου
1247 3237 1358 3298 τοῖς
1382 3235 1604 3298 κόλποις
1629 3236 1727 3306 τῆς
1753 3235 1947 3303 άγόνου
1978 3236 2170 3305 σοφίας
2208 3238 2654 3294 ὲνεκαλύπτοντο.

291 3331 507 3388 Οὐκοῦν
540 3330 789 3383 τοσοῦτόν
812 3346 895 3392 τις
914 3331 981 3399 τῇ
1002 3325 1430 3395 τῶνΑίγυπτίων
1452 3325 1681 3400 βασιλίδι
1713 3343 1776 3379 συ

1996 3325 2165 3394 Quare
2221 3338 2430 3385 tantum
2490 3330 2870 3403 Egyptiorum
2930 3337 3193 3393 assidebit
3249 3342 3483 3412 reginae,

234 3423 409 3494 ζήσας
433 3462 449 3483 ,
475 3422 600 3475 ὅσον
644 3420 717 3490 μὴ
748 3419 925 3472 δοκεῖν
962 3418 1188 3488 ἄμοιρος
1213 3413 1352 3470 εἶναι
1381 3415 1489 3470 τῶν
1514 3417 1645 3487 παρ’
1674 3417 1721 3468 ὲ)

1996 3427 2180 3474 antum
2226 3437 2365 3492 opus
2396 3423 2501 3477 erit
2548 3425 2613 3478 ad
2648 3425 2792 3482 hanc
2838 3427 3149 3484 inferiorem
3181 3430 3483 3488 doctrinam

235 3532 349 3578 νοις
377 3511 621 3581 σεμνῶν,
651 3508 1030 3581 άναδραμείτω
1070 3508 1202 3580 πρὸς
1235 3507 1331 3578 τὴν
1362 3506 1501 3562 κατὰ
1528 3508 1689 3577 φύσιν
1721 3558 1722 3572 χ

1998 3511 2341 3581 rcipiendam,
2374 3529 2443 3568 ne
2473 3516 2696 3571 omnino
2728 3533 2921 3587 expers
2954 3520 3312 3577 humanorum
3345 3543 3485 3595 prae-

235 3606 372 3675 τέρα
395 3644 411 3666 ,
437 3599 508 3675 ἦς
533 3601 653 3655 οὐδὲ
682 3599 833 3672 παρὰ
868 3604 932 3672 τῇ
968 3600 1198 3670 βασιλίδι
1230 3601 1559 3670 τρεφόμενος
1591 3599 1722 3651 άπερ

1997 3607 2198 3668 ptorum
2239 3616 2364 3656 esse
2405 3602 2687 3671 videatur;
2725 3606 2921 3662 deinde
2951 3610 3015 3662 ad
3060 3613 3331 3680 propriam
3366 3632 3484 3671 ma-

242 3696 378 3766 σθη,
418 3693 498 3764 τῷ
535 3691 773 3762 μητρώῳ
811 3691 1083 3759 γάλακτι,
1115 3688 1295 3751 καθὼς
1333 3690 1366 3758 ὴ
1404 3686 1611 3757 ἱστορία
1660 3687 1816 3757 φησὶ,

239 3785 455 3858 τιθηνού
464 3801 646 3854 μενος.
671 3784 851 3854 Ὅπερ
901 3799 990 3852 μοι
1020 3781 1165 3834 δοκεί
1193 3779 1464 3833 διδάσκειν
1490 3816 1504 3837 .
1536 3776 1602 3829 ἵν’
1629 3778 1678 3829 εἰ
1704 3779 1817 3838 τοῖς

242 3876 441 3943 ἔξωθεν
470 3874 650 3943 λόγοις
682 3872 1107 3942 καθομιλοίημεν
1136 3873 1197 3923 ἐν
1229 3870 1306 3940 τῷ
1355 3868 1530 3939 καιρῷ
1557 3871 1657 3938 τῆς
1689 3884 1817 3920 παι-

238 3969 507 4030 δεύσεως,
540 3966 615 4037 μὴ
646 3963 970 4037 χωρίζεσθαι
997 3962 1090 4015 τοῦ
1119 3960 1516 4032 ὑποτρέφοντος
1544 3959 1691 4028 ἡμᾶς
1720 3959 1818 4029 τῆς

252 4057 583 4127 Ἐκκλησίας
614 4054 903 4123 γάλακτος.
936 4052 1107 4105 Τοῦτο
1150 4050 1209 4104 δ’
1252 4049 1319 4104 ἂν
1350 4049 1477 4131 εἴη,
1513 4050 1583 4102 τὰ
1610 4049 1819 4119 νόμιμά

242 4166 298 4202 τε
329 4148 427 4203 καὶ
454 4147 525 4199 τὰ
550 4145 655 4217 ἢθη
684 4147 784 4217 τῆς
834 4141 1186 4213 Ἐκκλησίας,
1217 4137 1298 4203 οἷς
1325 4141 1583 4211 τρέφεται
1611 4143 1645 4208 ἡ
1674 4139 1818 4210 ψυχὴ

243 4244 335 4296 καί
359 4240 671 4312 ἁδρύνεται,
708 4235 954 4290 ἐντεῦθεν
980 4235 1078 4304 τῆς
1108 4233 1186 4297 είς
1212 4232 1342 4301 ὕψος
1378 4231 1687 4302 άναδρομῆς
1718 4230 1820 4292 τὰς

241 4332 496 4403 ἀφορμὰς
541 4327 824 4399 δεχομένη.
868 4325 1099 4395 Ἀληθὴς
1125 4324 1179 4377 δὲ
1213 4323 1240 4374 ό
1271 4323 1457 4391 λόγος,
1489 4322 1570 4375 ὅτι
1603 4321 1696 4374 δύο
1722 4337 1820 4374 πο-

240 4425 446 4494 λεμίων
477 4421 643 4492 μέσος
667 4419 975 4488 γενήσεται,
1007 4415 1036 4466 ὁ
1066 4414 1203 4485 πρὸς
1234 4412 1303 4466 τὰ
1328 4412 1525 4477 ἔξωθεν
1548 4412 1814 4482 δόγματα,

244 4514 337 4565 καὶ
367 4510 446 4581 μὴ
481 4510 551 4561 τὰ
578 4508 803 4577 πάτρια,
840 4505 1071 4575 βλέπων.
1115 4501 1456 4556 Ἀνθίσταται
1482 4501 1589 4572 γὰρ
1616 4504 1645 4554 ὁ
1679 4502 1819 4555 κατὰ

242 4599 339 4672 τὴν
364 4597 668 4671 θρησκείαν
699 4592 993 4662 ἀλλόφυλος
1018 4592 1097 4661 τῷ
1128 4589 1528 4659 Ἐϐραίῳνλόγῳ
1548 4630 1562 4648 .
1605 4589 1820 4660 ἰσχυρό-

1917 3680 2054 3743 trem
2090 3698 2236 3746 totus
2281 3702 2545 3759 recurret,
2587 3696 2749 3767 quam
2786 3699 2866 3751 vel
2900 3702 3119 3770 quando
3163 3705 3365 3761 sterilis
3399 3723 3487 3763 re-
3520 3680 3525 3685 Ι

1915 3781 2053 3849 ginm
2096 3780 2240 3837 illius
2289 3783 2600 3851 putabatur,
2637 3802 2746 3841 non
2795 3790 3017 3845 omnino
3070 3793 3382 3863 reliquerat.
3433 3798 3487 3851 Id

1918 3870 2081 3939 enim,
2110 3872 2243 3925 mihi
2276 3873 2491 3928 videtur
2532 3875 2762 3931 historia
2804 3880 2963 3936 nobis
3001 3882 3328 3954 signiﬁcare,
3362 3903 3487 3943 cum

1920 3961 2119 4015 asserit
2150 3965 2342 4019 matris
2373 3968 2608 4036 propria:
2651 3968 2792 4025 lacte
2821 3970 3039 4043 Moysen
3069 3976 3209 4045 apud
3242 3980 3484 4049 reginam

1919 4050 2092 4106 fuisse
2125 4057 2412 4121 nutritum,
2466 4068 2720 4127 oportere
2744 4076 2870 4126 nos,
2903 4078 3026 4119 cum
3056 4067 3402 4136 profanorum
3431 4072 3488 4124 li-

1920 4141 2049 4196 bros
2078 4153 2319 4212 tempore
2344 4145 2705 4204 institutionis
2728 4160 2928 4207 nostra:
2953 4171 3252 4223 versamus,
3286 4175 3315 4212 a
3350 4161 3489 4216 lacte

1921 4234 2153 4290 nutricis
2187 4245 2390 4291 nostrae
2420 4237 2674 4296 Ecclesiae
2704 4244 2924 4300 minime
2950 4249 3213 4315 separari,
3246 4248 3348 4304 hoc
3381 4260 3486 4315 est,

1922 4321 2197 4385 instituta,
2240 4340 2420 4381 mores
2456 4338 2509 4382 et
2538 4333 2964 4389 consuetudines
2993 4334 3265 4397 Ecclesize,
3286 4342 3487 4408 quibus

1923 4411 2089 4465 alitur
2121 4412 2336 4475 animus
2363 4423 2415 4468 et
2432 4420 2840 4484 corroboratur,
2860 4421 3092 4493 indeque
3121 4426 3282 4481 altius
3306 4443 3490 4483 ascen-

1921 4500 2081 4556 dendi
2122 4510 2300 4572 captat
2342 4508 2708 4575 occasionem,
2754 4511 3063 4581 perdiscere
3103 4526 3265 4588 atque
3302 4519 3489 4575 obser-

1922 4606 2071 4646 vare.
2113 4591 2324 4649 Inimici
2373 4595 2484 4651 duo
2525 4600 2665 4654 inter
2716 4617 2775 4657 se
2807 4604 3186 4673 colluctantes,
3232 4609 3490 4667 Hebraeus

240 4655 661 4762 π’ῳς.φανῆναι
689 4684 781 4738 τοῦ
818 4655 1149 4754 ’ίσραηλίτου
1181 4655 1516 4748 φιλονεικῶνξ
1556 4655 1727 4732 Καὶ-π

1998 4697 2088 4753 lue
2120 4681 2429 4756 Egyptius,
2470 4690 2614 4742 inter
2636 4707 2774 4759 quos
2813 4697 3025 4752 medius
3055 4655 3227 4753 factius
3254 4699 3485 4772 Moyses.

244 4781 355 4844 λοῖς
397 4796 461 4848 γε
486 4772 597 4831 τῶν
626 4772 1082 4842 ὲπιπολαιοτέρων
1107 4769 1346 4831 τοιοῦτος
1376 4768 1551 4834 ἔδοξεν
1573 4809 1588 4834 ,
1623 4768 1673 4821 οἳ
1715 4786 1817 4822 κα-

243 4868 562 4931 ταλιπόντες
596 4866 697 4937 τὴν
728 4862 989 4934 πατρῴαν
1018 4861 1198 4914 πίστιν
1217 4901 1234 4925 ,
1262 4857 1340 4928 τῷ
1369 4857 1546 4930 ἐχθρῷ
1584 4858 1818 4928 συνεμόμ

244 4978 438 5031 χησαν,
479 4955 793 5028 παραϐάται
822 4955 921 5023 τῆς
949 4951 1179 5022 πατρίου
1213 4949 1561 5011 διδασκαλίας
1592 4950 1817 5018 γενόμε-

258 5068 346 5104 δοι.
362 5050 426 5101 '0
453 5047 636 5117 μέντοι
658 5044 800 5098 κατὰ
818 5042 909 5094 τὸν
943 5038 1148 5095 Μωσέα
1175 5037 1347 5109 μέγας
1371 5054 1429 5090 τε
1457 5037 1550 5090 καὶ
1579 5039 1823 5106 γενναῖος

246 5142 345 5211 τὴν
371 5138 572 5207 ψυχὴν,
595 5132 789 5201 νεκρὸν
819 5129 1166 5184 ἀποδείκνυσι
1190 5130 1259 5198 τῇ
1290 5130 1417 5198 παρ’
1449 5127 1614 5181 αὐτοῦ
1640 5128 1821 5200 πληγῇ

246 5228 335 5280 τὸν
362 5226 440 5296 τῷ
465 5225 613 5293 λόγῳ
639 5224 740 5292 τῆς
782 5218 1063 5280 εύσεόείας
1101 5217 1565 5286 άντεγειρόμενον.
1599 5217 1708 5270 Καὶ
1734 5218 1825 5272 άλ-

248 5320 353 5381 ὶως
386 5315 607 5373 δ’ἄντις
636 5311 788 5382 εὖροι
831 5310 931 5379 τὴν
955 5308 1211 5377 τοιαύτην
1232 5309 1292 5360 ὲν
1319 5309 1450 5378 ἡμῖν
1474 5308 1670 5378 μάχην.
1706 5311 1824 5364 Μέ-

254 5424 341 5470 σος
368 5406 478 5476 γὰρ
503 5404 532 5455 6
563 5403 847 5473 ἄνθρωπος
884 5393 996 5452 οἷόν
1024 5416 1078 5453 τι
1112 5398 1343 5452 ἔπαθλον
1371 5399 1580 5467 ἀγῶνος
1617 5405 1729 5466 τοῖς
1761 5405 1826 5456 ὲκ

254 5500 341 5555 τειῦ
370 5499 613 5553 ἐναντίου
665 5489 1148 5565 μεταποιουμένοις
1193 5490 1475 5562 πρόκειται
1497 5508 1511 5523 ο
1551 5494 1643 5546 καὶ
1674 5487 1825 5565 ᾧπερ

523 5592 794 5651 Pauor.
840 5587 957 5646 Gn.
988 5585 1201 5645 XLIV.

1924 4789 2050 4828 cum
2083 4790 2179 4830 eos
2226 4778 2523 4835 conciliare
2569 4796 2679 4835 non
2714 4787 3003 4853 potuisset,
3051 4788 3364 4860 Egyptium
3401 4794 3488 4847 in-

1927 4864 2141 4921 terfecit
2172 4884 2184 4918 :
2210 4867 2383 4936 pietas
2414 4882 2543 4925 sunt
2581 4882 2745 4941 atque
2772 4876 3042 4945 impietas.
3066 4877 3303 4934 Primam
3339 4880 3491 4937 Scri-

1929 4960 2101 5022 ptura!
2145 4968 2317 5011 sacra:
2352 4973 2450 5027 per
2487 4957 2773 5019 Hebraeum
2813 4964 3129 5035 significata;
3159 4969 3489 5039 instituunt;

1921 5044 2148 5100 alteram
2182 5049 2463 5106 saecularis
2500 5066 2564 5106 ac
2606 5056 2846 5109 exterior
2889 5056 3136 5111 doctrina
3177 5062 3336 5130 nugis
3376 5075 3491 5117 suis

1921 5136 2185 5203 insinuat,
2233 5155 2355 5208 qua:
2387 5140 2613 5197 Judaica
2654 5145 2929 5199 robustior
2962 5162 3223 5217 apparere
3268 5163 3493 5207 conten-

1922 5225 2020 5280 dit.
2053 5226 2117 5280 Et
2141 5244 2271 5283 vero
2293 5232 2481 5288 multis
2515 5233 2809 5290 levioribus
2833 5236 3145 5296 hominibus
3179 5243 3300 5298 talis
3340 5245 3493 5299 vide-

1925 5326 2036 5381 tur,
2088 5319 2183 5389 qui
2234 5329 2451 5391 patrum
2489 5322 2592 5377 (ide
2639 5326 2884 5396 neglecta
2924 5328 3161 5384 hostium
3212 5348 3272 5388 se
3320 5337 3493 5404 copiis

1931 5410 2290 5468 auxiliaribus
2334 5413 2726 5482 adjunxerunt,
2771 5425 2935 5489 atque
2979 5436 3009 5475 a
3045 5422 3311 5492 majorum
3360 5439 3492 5481 suo-

1932 5515 2053 5553 rum
2088 5501 2339 5557 doctrina
2377 5503 2692 5559 dcl‘eccrunt
2726 5525 2739 5558 :
2778 5508 2872 5561 sed
2901 5510 2994 5579 qui
3028 5525 3220 5580 magno
3254 5521 3307 5567 et
3333 5527 3498 5582 gene-

3068 5605 3133 5661 11
