3766 5988
252 110 365 168 ’531

1495 106 1551 163 s.
1581 102 1908 162 cuneos“
1950 86 2270 161 uvssm'

3402 110 3515 164 332

271 230 523 280 roso-e51
546 222 757 285 animo.
799 229 962 292 atque
985 221 1206 293 Moysen
1244 220 1511 283 imitatur,
1548 222 1691 275 illam
1727 235 1839 276 uno

2004 238 2008 263 ι
2057 216 2357 294 προστεθῇ,
2406 219 2594 273 τοῦτον
2638 220 2861 291 νικητὴν
2915 216 3009 275 τοῦ
3056 220 3296 275 ἐναντίου
3346 226 3518 284 ποιεῖ.

273 315 384 367 ictu
422 313 778 368 reluctantem
818 311 1035 376 occidit,
1085 324 1186 365 nec
1223 311 1486 388 adversus
1536 311 1837 383 piissimam

275 402 435 458 [idem
468 403 752 472 insurgere
776 403 949 473 ipsam
976 401 1202 472 patitur,
1234 416 1545 471 quanquam
1574 401 1740 457 etiam
1769 401 1841 454 la-

274 495 386 550 tius
423 494 477 549 id
521 494 769 565 accipere
797 506 896 563 pro
938 492 1088 547 omni
1131 492 1333 546 virtute
1371 507 1436 545 ac
1480 492 1610 546 vitio
1661 492 1838 561 possi-

274 599 422 640 mus.
453 588 546 641 Est
585 583 732 638 enim
761 584 918 652 quasi
947 584 1161 640 medius
1193 583 1337 637 inter
1359 581 1627 651 justitiam
1661 596 1725 635 ac
1758 583 1841 634 in-

273 674 565 743 iustitiam,
608 673 877 727 luxuriam
907 681 1070 743 atque
1097 673 1439 752 modestiam,
1480 672 1837 727 humilitatem

272 769 440 831 atque
467 762 799 829 superbiam,
836 771 1138 830 cateraque
1165 761 1502 830 huiusmodi,
1532 760 1842 830 propositus

272 852 461 906 homo.
495 850 658 907 Docet
686 852 853 922 igitur
882 866 983 906 nos
1017 853 1269 922 exemplo
1296 866 1398 907 suo
1436 849 1670 921 Moyses,
1700 850 1843 904 radi-

280 944 421 998 citus
459 943 695 999 tollenda
734 958 855 997 esse
883 942 1032 1006 vitia,
1071 958 1191 1012 qua
1224 943 1406 997 virtuti
1437 943 1796 996 adversantur
1826 982 1838 993 .

281 1037 532 1091 virtutem
570 1043 750 1090 autem
790 1044 1052 1105 tanquam
1082 1043 1291 1088 natura
1325 1041 1526 1088 nostra
1555 1040 1843 1086 consenta~

281 1142 436 1183 neam
463 1125 895 1196 amplectendam
939 1141 1061 1182 esse
1090 1134 1252 1196 atque
1293 1123 1598 1179 fovendam.
1637 1120 1843 1176 Revera

279 1218 427 1274 enim
466 1217 685 1287 pietatis
711 1216 938 1272 victoria
968 1202 1199 1272 mortem
1226 1225 1279 1271 ct
1302 1216 1580 1270 interitum
1612 1213 1843 1268 idolola-

282 1307 401 1361 tria
432 1321 619 1362 secum
654 1306 841 1361 trahit.
880 1305 970 1360 Sic
999 1313 1053 1361 et
1084 1306 1354 1375 iniustitia
1390 1320 1484 1374 per
1508 1287 1777 1374 justitiam
1816 1317 1847 1356 e

282 1399 462 1454 medio
497 1398 728 1463 tollitur,
756 1407 810 1452 et
842 1413 936 1467 per
964 1397 1287 1453 modestiam
1339 1397 1510 1450 fastus
1555 1395 1843 1449 occiditur.

283 1488 418 1543 Rixa
449 1500 577 1543 vero
602 1501 725 1556 qua
760 1486 901 1541 inter
930 1484 1148 1541 Judaos
1189 1485 1330 1538 facta
1387 1484 1564 1540 sedari
1600 1500 1630 1535 a
1665 1482 1847 1553 Moyse

1941 308 2052 367 οἷον
2081 312 2491 384 εἰδωλολατρεία
2520 313 2614 367 καί
2646 311 2921 367 θεοσέϐεια
2945 351 2960 376 ,
2990 312 3252 368 ἀκολασία
3290 315 3385 368 καί.
3414 332 3523 369 σω-

1944 403 2182 476 φροσύνη
2202 445 2217 469 ,
2245 401 2557 473 δικαιοσύνη
2593 403 2687 456 καὶ
2720 402 2902 457 ἀδικία
2927 442 2942 468 ,
2971 402 3139 473 τύφος
3163 404 3259 459 καὶ
3298 405 3524 476 μετριό-

1941 513 2040 566 της
2062 537 2077 560 ,
2110 495 2202 549 καὶ
2239 496 2419 548 πάντα
2439 493 2506 548 τὰ
2531 495 2589 561 ἐξ
2610 494 2890 548 ἀντιθέτου
2913 495 3199 566 νοούμενα,
3216 497 3520 565 Αἰγυπτίου

1940 588 2085 650 τινος
2117 587 2375 658 ἄντικρύς
2419 589 2535 640 ἐστι
2584 586 2721 657 πρὸς
2761 586 3011 656 Ἐὁρατον
3064 587 3232 655 μάχη.
3263 586 3522 641 Παιδσύει

1940 679 2119 733 τοίνυν
2153 679 2300 749 ἡμᾶς
2343 680 2371 732 ὁ
2399 680 2604 749 Μωσῆς
2630 678 2711 747 τῷ
2749 677 2869 731 καθ’
2914 677 3102 731 ἐαυτὸν
3136 678 3520 747 ὑποδείγματι,

1945 768 2293 823 συνίστασθαι
2329 769 2426 839 μὲν
2453 769 2529 832 ὡς
2557 767 2813 840 ὁμοφύλῳ
2840 770 2905 840 τῇ
2941 770 3110 839 ἀρετῇ
3132 810 3147 834 ,
3180 770 3427 839 ἀναιρεῖν
3461 769 3523 823 δὲ

1942 860 2033 913 τὸν
2059 862 2123 914 ὲκ
2142 859 2233 914 τοῦ
2266 860 2507 912 ἐναντίου
2532 862 2597 931 τῇ
2628 860 2793 931 ἀρετῇ
2835 858 3251 929 ἐπεμϐαίνοντα.
3283 858 3374 929 Τῷ
3406 858 3522 912 δντι

1944 950 2051 1023 γὰρ
2076 954 2109 1021 ἡ
2135 954 2233 1021 τῆς
2262 950 2544 1013 εὐσεϐείας
2585 949 2945 1022 ἐπικράτησις
2968 989 2982 1012 ,
3027 948 3256 1012 θάνατος
3285 950 3378 1004 καὶ
3413 949 3527 1003 δια-

1945 1042 2122 1114 φθορά
2148 1045 2247 1114 τῆς
2270 1042 2707 1113 εἰδωλολατρείας
2735 1040 2961 1109 γίνεται.
2998 1039 3155 1094 Οὕτω
3178 1041 3272 1095 καὶ
3300 1041 3390 1094 διά
3424 1043 3526 1113 τῆς

1943 1135 2286 1205 δικαιοσύνης
2311 1135 2612 1205 ἀναιρεῖται
2647 1132 2856 1187 ἀδικίαο
2894 1132 2997 1186 καὶ
3027 1134 3093 1203 τῇ
3132 1133 3449 1204 μετριότητι
3498 1136 3527 1186 ὁ

1945 1227 2110 1295 τύφος
2139 1225 2584 1295 καταφονεύεται,
2616 1223 2780 1276 Ἀλλά
2808 1224 2901 1277 καί
2933 1225 2966 1294 ή
2989 1223 3096 1276 τῶν
3128 1223 3407 1294 ἐμφυλίων
3434 1225 3529 1277 καὶ

1947 1318 2084 1389 πρὸς
2110 1317 2369 1388 ἀλλήλους
2409 1316 2598 1379 στάσις
2623 1356 2638 1379 ,
2675 1316 2769 1369 καὶ¹
2802 1316 2859 1368 ἐν
2894 1317 3026 1385 ἡμῖν
3052 1315 3277 1383 γίνεται.
3312 1316 3385 1368 Οὐ
3417 1315 3528 1384 γάρ

1947 1410 2014 1464 ἂν
2044 1409 2097 1461 al
2146 1407 2253 1461 τῶν
2302 1406 2553 1477 πονηρῶν
2604 1407 2868 1477 αἱρέσεων
2898 1405 3311 1476 δογματοποιΐαι
3343 1405 3529 1477 χώραν

1950 1497 2142 1568 ἔσχον,
2179 1496 2254 1568 μὴ
2296 1499 2373 1560 εἰς
2414 1495 2708 1549 ἀντίπαλον
2755 1491 2907 1559 τάξιν
2950 1494 3060 1547 τῶν
3106 1494 3383 1566 λογισμῶν
3415 1500 3532 1559 τοῖς

284 1596 392 1635 non
423 1580 621 1650 potuit,
669 1584 980 1633 nostrorum
1023 1584 1153 1632 sunt
1187 1578 1253 1632 de
1285 1577 1630 1648 dogmatibus
1660 1575 1847 1630 Eccle-

2004 1588 2331 1659 ίηθεστέροις
2370 1587 2804 1641 ἀντιϐαινόντων.
2846 1587 2971 1640 Ἐάν
3011 1584 3106 1641 οὖν
3151 1588 3531 1659 ἀσθενέστεροι

284 1674 379 1729 sia
408 1671 842 1728 colluctationes.
878 1668 996 1724 Non
1025 1670 1167 1724 enim
1203 1670 1385 1738 pravis
1430 1669 1715 1723 baresium
1749 1668 1849 1723 do-

283 1764 557 1834 gmatibus
592 1762 744 1817 locus
788 1769 955 1824 esset,
1003 1761 1108 1815 nisi
1152 1761 1295 1815 inter
1330 1776 1424 1834 eos
1458 1760 1551 1830 qui
1584 1759 1850 1816 veriorem

283 1830 598 1925 religionem
648 1852 993 1924 proﬁtentur,
1052 1851 1339 1921 Opiniones
1385 1830 1529 1904 inter
1584 1865 1644 1905 se
1704 1849 1853 1903 velut

286 1948 403 2004 acie
425 1949 681 2017 utrinque
709 1953 915 2001 structa
949 1942 1363 1999 contenderent.
1394 1941 1451 1995 Si
1484 1942 1650 2013 igitur
1685 1941 1851 1995 imbe-

285 2042 526 2098 cilliores
554 2037 840 2101 fuerimus,
871 2049 1033 2107 quam
1086 2042 1145 2089 ut
1178 2034 1463 2103 iustiorem
1501 2047 1723 2088 causam
1770 2032 1853 2086 vi-

287 2132 508 2190 ctricem
544 2129 775 2185 reddere
805 2128 1103 2199 possimus,
1129 2124 1274 2195 quod
1302 2124 1538 2180 deterior
1565 2137 1853 2194 argumen—

292 2229 362 2281 tis
395 2222 648 2293 superior
694 2220 787 2284 sit,
834 2226 889 2273 et
939 2217 1190 2273 veritatis
1230 2217 1516 2286 imperium
1567 2215 1851 2277 detrectet,

290 2314 602 2385 fugiendum
650 2310 900 2383 protinus
958 2307 1026 2362 ad
1061 2306 1441 2362 sublimiorem
1487 2311 1856 2362 sacramenta-

292 2407 506 2474 lemque
539 2402 868 2465 doctrinam,
898 2417 962 2458 ac
988 2401 1304 2472 alienigena
1330 2413 1543 2461 rursus,
1583 2398 1628 2453 si
1657 2412 1746 2452 res
1780 2398 1856 2450 ita

293 2497 458 2566 cogit,
493 2494 547 2550 id
573 2503 680 2559 est,
707 2495 955 2550 saculari
982 2491 1266 2555 doctrina,
1313 2503 1606 2559 parumper
1637 2487 1856 2542 cohabi-

292 2589 538 2653 tandum,
568 2593 629 2641 ut
676 2592 873 2655 pravos
921 2589 1168 2653 pastores
1201 2597 1231 2635 a
1270 2580 1451 2649 puteis
1493 2579 1854 2648 expellamus,

292 2686 542 2734 versutos
572 2672 823 2729 videlicet
863 2671 963 2726 hos
1003 2669 1380 2739 malignosque
1427 2666 1690 2721 doctrina
1734 2681 1859 2735 pro-

295 2769 555 2831 fessores,
580 2764 672 2837 qui
704 2778 885 2820 rerum
917 2762 1146 2817 scientia
1173 2760 1241 2814 ad
1272 2758 1670 2830 ignorationem
1703 2757 1861 2813 Crea-

1950 1675 2101 1751 ὦμεν
2124 1722 2136 1743 ,
2176 1679 2315 1732 ὥστε
2344 1679 2410 1733 δι’
2441 1678 2648 1732 ἑαυτῶν
2674 1677 2856 1731 δοῦναι
2882 1678 2960 1749 τῷ
2998 1678 3193 1749 δικαίῳ
3218 1680 3279 1731 τὸ
3307 1680 3529 1750 κράτος,

1954 1770 2373 1843 ύπερισχύοντος
2407 1770 2495 1824 διὰ
2530 1770 2638 1823 τῶν
2670 1770 3114 1842 ἐπιχειρημάτων
3140 1770 3233 1823 τοῦ
3264 1771 3530 1842 χείρονος,

1955 1865 2047 1917 καὶ
2070 1864 2164 1935 τὴν
2191 1864 2364 1933 ἀρχὴν
2396 1865 2492 1931 τῆς
2517 1861 2770 1932 ἀληθείας
2810 1862 3198 1932 ἀπωθουμένου
3218 1877 3233 1893 ’
3268 1861 3534 1930 φευκτέον

1956 1953 2202 2008 ἐντεῦθεν
2231 1953 2305 2016 ὼς
2350 1952 2581 2023 τάχιστα
2601 1995 2614 2019 ,
2646 1953 2767 2007 καθ’
2791 1952 3082 2021 ὁμοιότητα
3124 1951 3218 2005 τοῦ
3256 1951 3533 2023 ἱστορικοῦ

1957 2045 2380 2113 ὑποδείγματος,
2410 2044 2546 2115 πρὸς
2581 2043 2801 2115 μείζονά
2833 2062 2889 2096 τε
2923 2044 3017 2097 καὶ
3059 2042 3396 2113 ὑψηλοτέραν
3422 2042 3534 2095 τῶν

1960 2136 2275 2207 μυστηρίων
2304 2135 2672 2189 διδασκαλίαν.
2719 2132 2838 2189 Κάν
2884 2134 3165 2206 ἀλλοφύλῳ
3195 2135 3356 2189 πάλιν
3400 2150 3533 2202 συγ-

1956 2222 2207 2291 γενέσθαι
2230 2222 2324 2293 δέῃ
2351 2264 2363 2281 .
2396 2222 2540 2276 τοῦτ’
2572 2223 2686 2277 ἐστι
2714 2264 2727 2283 ,
2756 2223 2859 2277 κᾶν
2905 2226 2968 2295 τῇ
3023 2224 3128 2289 ἔξω
3175 2224 3535 2292 συγγενέσθαι

1957 2314 2244 2384 φιλοσοφίᾳ
2272 2314 2712 2387 καταναγκάζῃὴ
2750 2315 2904 2387 χρεία
2923 2332 2936 2345 ·
2967 2317 3060 2369 καὶ
3080 2316 3238 2369 τοῦτο
3259 2316 3533 2387 ἑλώμεθα,

1957 2406 2081 2466 τοὺς
2119 2405 2385 2473 πονηροὺς
2418 2406 2683 2473 ποιμένας
2731 2407 2831 2475 τῆς
2887 2404 3073 2458 ἀδίκου
3127 2405 3235 2458 τῶν
3281 2406 3535 2477 φρεάτων

1958 2498 2201 2566 χρήσεως
2230 2494 2727 2559 ἀποσκεδάσαντες·
2750 2496 2886 2567 ὅπερ
2918 2497 3035 2550 ἐστί
3061 2497 3188 2560 τοὺς
3217 2496 3328 2550 τῶν
3348 2496 3535 2550 κακῶν

1957 2585 2309 2647 διδασκάλους
2337 2585 2427 2637 ἐπὶ
2473 2588 2538 2656 τῇ
2576 2588 2786 2656 πονηρᾷ
2816 2587 3011 2658 χρήσει
3047 2590 3148 2658 τῆς
3198 2587 3535 2651 παιδεύσεως

1959 2674 2329 2743 διελέγξαντες
2353 2717 2368 2737 ,
2396 2674 2568 2736 οὕτως
2601 2677 2684 2745 ἐφ’
2731 2678 2956 2740 ἑαυτοὺς
2987 2676 3260 2748 ἰδιάσομεν
3288 2718 3303 2741 ,
3349 2678 3536 2731 οὐκέτι

1964 2765 2289 2835 μαχομένοις
2317 2768 2425 2818 τισὶ
2457 2765 2895 2838 συμπλεκόμενοί
2931 2785 2990 2821 τε
3018 2768 3111 2822 καί
3138 2768 3537 2837 μεσιτεύοντες,

295 2861 433 2916 toris
462 2858 764 2912 abutuntur
799 2872 813 2908 :
844 2852 1045 2924 quibus
1092 2851 1328 2922 repulsis
1356 2850 1437 2906 sic
1485 2849 1753 2915 vivemus,
1801 2858 1857 2903 ut

2004 2856 2072 2909 λλ’
2112 2857 2170 2908 ἐν
2192 2856 2547 2926 ὁμοφρονοῦσί
2583 2874 2641 2909 τε
2676 2859 2769 2911 καὶ
2800 2856 3237 2929 ὁμογνωμονοῦσι
3269 2861 3383 2923 τοῖς
3403 2859 3537 2932 παρ’

295 2945 671 3019 pugnantibus
704 2957 814 2997 non
842 2922 1192 3005 misceantur,
1228 2952 1328 2993 nec
1360 2937 1741 3008 perturbentur
1769 2950 1856 2991 re-

2004 2947 2118 3017 μῶν
2165 2922 2608 3018 βουκολουμένοις
2659 2922 2961 3021 συζήσομεν
2987 2922 3267 3015 [πάντων
3316 2922 3426 3003 τῶν
3479 2922 3541 3005 ἐν

298 3034 595 3092 luctatione
625 3031 917 3085 multorum
945 3045 957 3081 :
990 3025 1085 3081 sed
1120 3032 1300 3080 motus
1324 3023 1489 3078 animi
1519 3036 1710 3077 omnes
1743 3030 1859 3075 tan-

297 3140 460 3198 quam
497 3137 627 3178 oves
661 3120 890 3192 pastori,
936 3119 1015 3173 sic
1060 3116 1256 3171 rationi
1293 3115 1730 3183 obtemperantes
1761 3128 1860 3181 gu-

296 3216 678 3278 bernabimus,
708 3225 814 3283 qua
849 3209 1065 3280 quidem
1097 3208 1152 3262 in
1195 3220 1387 3261 norma
1417 3204 1634 3259 vivendi
1673 3218 1859 3273 perse-

295 3308 645 3370 verantibus,
683 3301 919 3359 mirabili
967 3314 1068 3357 suo
1114 3298 1314 3353 veritas
1362 3295 1652 3367 splendore
1705 3295 1862 3351 nobis

278 3388 601 3472 apparebit,
629 3395 905 3465 animique
929 3392 1119 3448 oculos
1145 3388 1458 3459 subaperiet
1475 3394 1638 3458 atque
1658 3386 1862 3441 illumi-

297 3492 469 3546 nabit.
511 3489 653 3545 Deus
684 3497 864 3543 autem
896 3492 981 3541 est
1011 3483 1230 3545 veritas,
1263 3495 1385 3552 qua
1421 3489 1551 3536 tunc
1591 3497 1686 3552 per
1719 3480 1861 3535 inef-

299 3582 517 3639 fabilem
570 3577 1027 3636 illuminationem
1087 3574 1233 3629 illam
1289 3573 1457 3644 Moysi
1515 3571 1862 3628 manifestata

296 3682 401 3730 εει.

367 3762 523 3830 Quod
557 3762 603 3816 si
636 3762 918 3832 spinosum
945 3757 1109 3813 etiam
1154 3756 1350 3810 rubum
1381 3756 1559 3809 lmnen
1596 3754 1859 3821 incendit,

301 3870 412 3926 quo
447 3853 725 3925 propheta
753 3852 970 3905 animus
1013 3848 1339 3913 illustratur,
1376 3861 1443 3900 ne
1495 3847 1598 3901 hoc
1645 3845 1862 3915 quidem

304 3945 371 4000 ad
406 3943 759 4014 quaestionem
789 3937 1105 3995 solvendam
1130 3947 1214 3992 est
1243 3937 1450 3991 inutile.
1480 3934 1611 3989 Nam
1643 3936 1689 3990 si
1726 3935 1866 3990 Deus

301 4035 519 4105 quidem
563 4042 646 4088 est
685 4031 906 4094 veritas,
968 4030 1056 4082 lux
1108 4036 1286 4081 autem
1331 4027 1531 4081 veritas
1568 4036 1652 4080 est
1690 4044 1704 4081 :
1754 4026 1868 4079 iure

304 4127 421 4197 ipsa
453 4138 615 4195 porro
663 4121 916 4178 sublimia
952 4120 1245 4187 divinaque
1274 4118 1500 4171 nomina
1536 4117 1643 4171 Deo
1684 4117 1774 4186 qui
1812 4116 1865 4170 in

303 4232 469 4272 carne
497 4215 655 4270 nobis
684 4212 936 4284 apparuit
978 4211 1291 4275 convenire,
1324 4225 1488 4265 voces
1532 4208 1867 4280 Evangelica

1964 3038 2095 3106 ἡμῖν
2122 3036 2222 3106 τῆς
2244 3036 2421 3107 ψυχῆς
2444 3036 2782 3107 κινημάτων,
2812 3037 3096 3107 προϐάτων
3119 3039 3295 3109 δίκην,
3315 3037 3395 3109 τῷ
3419 3039 3538 3109 βου-

1966 3129 2168 3199 λήματι
2189 3126 2281 3180 τοῦ
2318 3126 2733 3190 ἐπιστατοῦντος
2762 3126 2921 3196 λόγου
2950 3129 3406 3199 ποιμαινομένων.
3427 3130 3542 3185 Καὶ

1966 3219 2109 3272 οὕτω
2141 3216 2593 3289 προσεδρεύουσιν
2635 3218 2768 3287 ἡμῖν
2806 3220 2873 3290 τῇ
2923 3220 3170 3290 εἰρηνικῇ
3219 3218 3390 3291 ταύτῃ
3440 3220 3541 3273 καὶ

1967 3304 2224 3375 ἀπολέμῳ
2253 3305 2531 3375 διαγωγῇ,
2565 3305 2862 3376 ἐπιλάμψει
2898 3307 3021 3360 τότε
3051 3308 3087 3378 ἡ
3120 3306 3377 3378 ἀλήθεια,
3415 3310 3541 3371 ταῖς

1970 3399 2126 3461 ἰδίαις
2154 3400 2543 3469 μαρμαρυγαῖς
2582 3399 2680 3461 τὰς
2707 3401 2807 3469 τῆς
2843 3398 3022 3470 ψυχῆς
3055 3398 3206 3468 ὄψεις
3238 3399 3539 3470 πριαυγά·

1968 3489 2155 3553 ζουσα.
2178 3487 2307 3552 Θεὸς
2328 3488 2384 3541 δέ
2407 3489 2552 3543 ἐστιν
2578 3491 2612 3560 ἡ
2640 3489 2885 3559 ἀλήθεια,
2920 3493 2954 3562 ἡ
2983 3491 3376 3561 ἐμφανισθεῖσα
3414 3492 3542 3545 τότε

1971 3581 2060 3634 διὰ
2089 3581 2183 3651 τῆς
2215 3582 2454 3652 ἀρρήτου
2498 3581 2713 3653 ἐκείνης
2743 3583 3104 3651 φωταγωγίας
3137 3582 3215 3653 τῷ
3256 3583 3454 3654 Mucii.

2038 3760 2100 3812 Εἰ
2128 3759 2184 3812 δὲ
2213 3759 2307 3813 καὶ
2334 3758 2539 3829 θάμνου
2569 3760 2713 3823 τινδς
2740 3758 3081 3823 ἀκανθώδους
3108 3758 3169 3812 τὸ
3191 3758 3392 3828 φέγγος
3416 3758 3542 3826 ἐξά-

1969 3864 2178 3913 πτεται,
2198 3841 2244 3915 ᾧ
2270 3849 2304 3919 ἡ
2329 3847 2474 3919 ψυχὴ
2497 3849 2590 3901 τοῦ
2620 3850 2899 3919 προφήτου
2927 3848 3360 3917 καταφωτίζεται
3378 3866 3394 3881 ·
3416 3849 3543 3905 οὐδὲ

1968 3939 2126 3992 τοῦτο
2159 3938 2445 4003 ἀσυντελές
2472 3940 2603 4009 ημῖν
2633 3939 2786 3991 ἔσται
2825 3939 2961 4009 πρὸς
2992 3940 3052 3993 τὸ
3093 3938 3443 4010 ζητούμενον.
3477 3941 3542 3993 Εἰ

1970 4031 2078 4101 γὰρ
2110 4030 2241 4094 Θεὸς
2280 4030 2378 4099 μὲν
2424 4032 2457 4098 ἡ
2490 4028 2744 4102 ἀλήθεια,
2778 4032 2811 4102 ἡ
2854 4030 2911 4083 δὲ
2962 4029 3187 4100 ἀλήθεια
3235 4030 3351 4099 φῶς
3382 4032 3539 4085 ἐστι·

1970 4119 2142 4174 ταῦτα
2169 4120 2224 4172 δὲ
2248 4119 2316 4173 τὰ
2346 4118 2524 4189 ὑψηλά
2546 4137 2607 4171 τε
2643 4120 2738 4173 καὶ
2769 4119 2890 4174 θεῖα
2914 4120 3020 4172 τῶν
3052 4119 3350 4189 ὀνομάτων,
3382 4119 3478 4172 καὶ
3504 4117 3539 4185 ἠ

1972 4211 2064 4265 τοῦ
2095 4211 2424 4279 Εὑαγγελίου
2456 4209 2605 4281 φωνὴ
2651 4210 3068 4280 προσμαρτυρεί
3104 4207 3183 4279 τῷ
3213 4206 3302 4261 διὰ
3338 4207 3544 4280 σαρκὸς

305 4315 655 4371 attestantur,
688 4304 1077 4361 convenienter
1123 4302 1236 4357 hac
1277 4300 1577 4356 secundum
1610 4301 1857 4356 virtutem

2004 4305 2103 4372 piv
2143 4301 2360 4372 ὀφθέντι
2399 4300 2554 4370 Θεῷ’
2593 4298 2901 4363 ἀκολούθως
2944 4301 2978 4369 ή
3026 4298 3249 4369 τοιαύτη
3279 4301 3379 4369 τῆς
3405 4299 3542 4370 ἀρε-

304 4398 520 4454 vivendi
560 4397 696 4451 ratio
735 4397 801 4451 ad
840 4395 979 4450 lucis
1007 4394 1153 4449 illius
1192 4391 1558 4460 cognitionem
1595 4405 1697 4445 nos
1739 4406 1867 4460 pro-

302 4489 471 4550 vehit,
506 4502 627 4557 qua
654 4486 725 4541 ad
758 4486 1050 4540 humanam
1071 4499 1245 4554 usque
1266 4489 1514 4537 naturam
1547 4479 1863 4547 descendit;

302 4593 425 4650 qua
450 4576 669 4649 quidem
700 4591 812 4631 non
844 4576 912 4631 de
940 4576 1079 4630 calo
1110 4573 1397 4643 illucescit,
1428 4588 1499 4627 ne
1518 4586 1551 4626 a
1579 4572 1753 4628 stellis
1777 4571 1865 4626 de-

302 4669 446 4724 lluxa
478 4669 570 4724 lux
603 4668 891 4723 videatur:
933 4666 1028 4722 sed
1057 4667 1127 4721 ab
1160 4665 1316 4731 rubo,
1352 4665 1579 4735 ipsoque
1614 4662 1859 4733 spinoso,

303 4763 372 4818 ab
404 4760 740 4817 humanitate
774 4760 1021 4815 videlicet
1044 4757 1341 4813 Salvatoris
1364 4755 1647 4828 effulgens,
1672 4756 1739 4809 ad
1767 4769 1863 4810 co-

302 4853 601 4941 gnitiontem
632 4852 716 4909 sui
754 4867 848 4921 per
878 4850 1249 4921 Evangelieam
1284 4863 1384 4904 nos
1405 4847 1591 4902 tubam
1622 4853 1862 4901 revocat.

304 4944 443 4999 Hinc
472 4937 637 5000 etiam
667 4944 984 5012 mysterium
1022 4940 1154 4995 illud
1182 4937 1417 5013 Virginis
1452 4937 1740 5009 ﬁguratum
1776 4952 1866 4992 es-

302 5052 380 5100 se,
427 5037 552 5107 quis
589 5051 701 5091 non
739 5033 975 5090 viderit?
1019 5032 1100 5087 Ab
1147 5046 1211 5088 ea
1249 5044 1482 5101 namque
1529 5028 1747 5085 deitatis
1777 5028 1864 5081 lux

302 5133 581 5196 assumpta
622 5139 787 5180 carne
839 5123 1015 5180 illuxit
1059 5120 1408 5186 hominibus,
1452 5132 1681 5187 eamque
1720 5119 1868 5172 omni

303 5217 466 5273 modo
494 5194 873 5287 incorruptam
921 5215 1181 5279 servavit,
1224 5194 1555 5285 virginitaiis
1593 5210 1870 5265 viriditate

302 5307 451 5360 nullo
484 5322 551 5376 pa
589 5316 646 5360 to
683 5314 1035 5361 commutata.
1068 5307 1202 5371 Qua
1228 5305 1447 5373 quidem
1484 5303 1572 5355 lux
1607 5316 1730 5355 cum
1768 5316 1866 5354 no-

301 5396 382 5449 bis
411 5395 672 5458 illuxerit,
708 5396 883 5463 primo
921 5394 1139 5448 docebit
1174 5391 1303 5461 quid
1333 5389 1641 5444 faciendum
1672 5397 1765 5451 s.t,
1803 5396 1863 5441 ut

303 5486 576 5560 possimus
609 5486 674 5539 ad
717 5486 960 5541 veritatis
993 5483 1173 5538 radios
1207 5480 1466 5536 accedere
1506 5497 1519 5532 :
1556 5478 1715 5534 nobis
1752 5480 1861 5534 sci-

1974 4396 2072 4463 τῆς
2116 4392 2308 4464 ἀγωγὴ
2353 4390 2618 4463 προσάγει
2657 4392 2805 4461 ἡμᾶς
2855 4393 2921 4461 τῇ
2966 4389 3163 4458 γνώσει
3216 4389 3309 4442 τοῦ
3362 4391 3544 4459 φωτὸς

1972 4484 2202 4548 ἐκείνου,
2226 4484 2255 4536 δ
2290 4484 2449 4556 μέχρι
2498 4484 2599 4553 τῆς
2628 4483 2973 4553 ἀνθρωπίνης
3017 4481 3227 4535 κάτεισι
3276 4481 3492 4550 φύσεως
3524 4500 3540 4512 ·

1970 4575 2069 4628 οὐκ
2097 4576 2204 4628 ἀπό
2240 4591 2385 4637 τινος
2425 4573 2535 4626 τῶν
2581 4575 2709 4644 περί
2747 4572 2815 4625 τὰ
2858 4573 3033 4644 ἄστρα
3059 4573 3362 4643 φωστήρων
3400 4571 3543 4643 λαμ-

1971 4668 2204 4739 πόμενον
2227 4706 2243 4731 ,
2282 4668 2358 4731 ὡς
2386 4667 2452 4721 ἀν
2498 4667 2573 4739 μὴ
2604 4670 2703 4738 τῆς
2754 4666 3117 4737 ὑποκειμένης
3159 4665 3293 4736 ὕλης
3320 4668 3354 4736 ὴ
3396 4665 3543 4735 αὐγὴ

1972 4758 2251 4829 νομισθείη
2273 4797 2288 4819 ,
2318 4757 2431 4812 ἀλλ’
2469 4759 2576 4812 ἀπὸ
2604 4759 2799 4830 γηίνης
2827 4758 3031 4828 θάμνου
3069 4758 3196 4821 τοὺς
3225 4758 3344 4810 κατ’
3375 4756 3545 4828 ούρα-

1973 4850 2064 4904 νὸν
2087 4850 2376 4921 φωστῆρας
2401 4851 2520 4913 ταῖς
2542 4850 2752 4902 ἀκτῖσιν
2771 4849 3259 4921 ὑπερϐαλλόμενον.
3283 4850 3361 4901 Δι’
3380 4841 3443 4900 οὗ
3463 4847 3546 4901 δι-

1972 4938 2280 5010 δασκόμεθα
2313 4939 2405 4992 καὶ
2429 4938 2490 4992 τὸ
2516 4938 2658 4993 κατά
2689 4938 2786 5010 τὴν
2808 4938 3081 5009 Παρθένον
3104 4939 3421 5009 μυστήριον,
3443 4937 3546 5004 ἀφ’

1965 5026 2033 5102 ἦς
2069 5030 2130 5085 τὸ
2162 5030 2263 5098 τῆς
2304 5029 2555 5100 θεότητος
2593 5029 2709 5098 φῶς
2749 5029 3064 5100 ἐπιλάμψαν
3105 5028 3184 5098 τῷ
3211 5027 3550 5099 ἀνθρωπίνῳ

1967 5120 2067 5190 βίῳ
2111 5119 2197 5172 διὰ
2243 5121 2577 5190 γεννήσεως,
2635 5118 2960 5191 ἀδιάφθορον
3008 5118 3239 5189 ἐφύλαξε
3275 5118 3375 5190 τὴν
3420 5118 3551 5185 ἐξά-

1964 5212 2141 5281 ψασαν
2171 5211 2391 5281 θάμνον,
2419 5211 2514 5264 τοῦ
2546 5210 2773 5281 βλαστοῦ
2802 5210 2902 5281 τῆς
2934 5210 3228 5283 παρθενίας
3275 5210 3350 5280 μὴ
3378 5226 3551 5278 μετα-

1969 5301 2330 5371 μαρανθέντος
2361 5301 2439 5372 τῷ
2484 5303 2643 5373 τόκῳ.
2684 5302 2821 5372 Παρ’
2857 5301 3064 5354 ἐκείνου
3112 5299 3207 5354 τοῦ
3251 5299 3431 5370 φωτὸς
3465 5299 3551 5354 δι-

1966 5391 2295 5461 δασκόμεθα,
2342 5394 2394 5445 τί
2440 5394 2779 5463 ποιήσαντες,
2815 5392 2965 5455 ἐντὸς
3010 5391 3121 5445 τῶν
3169 5392 3404 5448 ἀκτίνων
3450 5392 3553 5460 τῆς

1969 5482 2227 5553 ἀληθείας
2258 5483 2599 5553 στησόμεθαο
2645 5483 2724 5535 ὅτι
2758 5482 2857 5535 οὐκ
2898 5482 3012 5535 εστι
3043 5481 3347 5551 δεδεμένοις
3391 5485 3554 5535 ποσὶν
