3794 6000
272 244 373 301 353

1566 250 1655 304 DE
1691 251 1848 307 VITA
1890 250 2029 306 MOY
2040 249 2160 306 SIS.

3397 246 3504 305 δτι

268 358 588 428 ἀναδραμεῖν
624 360 760 430 πρὸς
812 361 870 413 τὸ
896 360 1026 430 ὕψος
1069 364 1263 429 ἐκεῖνο,
1300 365 1357 417 ἐν
1479 363 1540 417 τὸ
1571 363 1686 434 φῶς
1736 365 1810 432 τῆ.

1938 364 2064 419 licet
2090 380 2197 418 non
2228 364 2392 420 licere
2421 364 2649 435 pedibus
2669 363 2951 429 revinctis,
2969 366 3038 421 ad
3054 366 3267 422 culmen
3295 366 3426 423 illud
3444 368 3501 423 in

268 449 514 519 ἀληθείας
537 452 751 521 ὁρᾶται,
804 455 853 506 εί
898 454 973 525 μὴ
1020 455 1334 525 περιλυθείη
1377 456 1487 509 τῶν
1517 457 1614 527 τῆς
1655 458 1832 527 ψυχῆς

267 546 466 616 βάσεων
513 546 549 617 ἡ
590 547 761 618 νεκρά
792 565 853 600 τε
893 550 985 602 καὶ
1012 550 1174 620 γηῖνη
1216 549 1324 602 τῶν
1357 550 1638 621 δερμάτων
1676 569 1830 622 περι-

266 637 409 706 ϐολὴ,
437 637 471 707 ἡ
501 637 847 708 περιτεθεῖσα
872 642 990 692 κατ’
1012 640 1183 709 ἀρχὰς
1208 642 1273 710 τῇ
1303 640 1481 710 φύσει,
1507 643 1593 699 ὅτε
1619 642 1706 696 διὰ
1733 643 1832 712 τῆς

265 726 549 799 παρακοῆς
588 728 683 781 τοῦ
710 729 874 783 νθείου
918 729 1223 800 θελήματος
1260 731 1673 802 ἐγυμνώθηιιεν.
1720 733 1830 785 Καὶ

261 818 429 887 οὕτως
460 820 884 891 ἐπακολουθήσει
914 820 1118 874 τούτων
1164 824 1299 892 ἡμῖν
1333 824 1637 895 γενομένων
1674 825 1707 895 ἡ
1734 825 1830 896 τῆς

260 910 509 982 ἀληθείας
534 910 734 979 γνῶσις
772 912 872 982 τῆς
918 913 1044 982 περὶ
1072 913 1133 965 τὸ
1173 912 1247 984 μὴ
1279 913 1338 966 ὃν
1376 914 1694 985 ὑπολήψεως
1728 932 1828 968 κα-

260 1003 472 1073 θάρσιον
517 1003 744 1072 γίνεται.
782 1003 951 1057 Τοῦτο
988 1005 1044 1058 δέ
1093 1006 1227 1065 ἐστι,
1277 1005 1420 1059 κατά
1464 1022 1526 1072 γε
1565 1006 1653 1058 τὸν
1699 1007 1828 1078 ἐμὸν

262 1095 427 1161 λόγον,
479 1095 707 1165 ὁρισμὸς
749 1095 1025 1164 ἀληθείας.
1074 1096 1136 1148 τὸ
1171 1095 1244 1166 μὴ
1298 1095 1681 1167 διαψευσθῆναι
1729 1098 1828 1168 τῆς

265 1187 344 1238 τοῦ
375 1187 530 1249 ὄντος
567 1187 963 1256 κατανοήσεως.
996 1185 1223 1257 (Ψεῦδος
1260 1188 1367 1258 γάρ
1400 1189 1516 1240 ἐστι
1560 1190 1828 1256 φαντασία

262 1296 333 1341 τις
367 1279 498 1349 περὶ
526 1277 589 1331 τὸ
625 1279 698 1348 μὴ
738 1278 797 1331 ὃν
841 1278 1163 1349 ἐγγινομένη
1198 1281 1263 1349 τῇ
1313 1279 1541 1351 διανοίᾳ,
1581 1280 1656 1343 ὡς
1699 1282 1827 1349 ὑφε-

256 1369 453 1431 στῶτος
483 1368 576 1420 τοῦ
611 1368 686 1437 μὴ
717 1367 1052 1438 ὑπάρχοντος
1074 1386 1085 1398 ’
1115 1367 1339 1438 ἀλήθεια
1370 1368 1448 1430 δὲ,
1493 1371 1525 1439 ἡ
1554 1368 1647 1422 τοῦ
1677 1370 1826 1432 ὄντος

254 1460 496 1531 ἀσφαλὴς
531 1459 903 1529 κατανόησις.)
950 1460 1056 1512 Καὶ
1099 1458 1241 1512 οὑτω
1289 1459 1467 1530 πολλῷ
1501 1477 1584 1524 τις
1622 1460 1700 1530 τῷ
1730 1478 1826 1528 με-

192 1534 197 1537 ’
253 1553 375 1617 ταξὺ
409 1551 593 1622 χρόνῳ
619 1553 737 1613 ταῖς
763 1550 991 1620 ὑψηλαῖς
1028 1550 1096 1602 δι’
1131 1551 1361 1621 ἡσυχίας
1388 1550 1825 1622 ἐμφιλοσοφήσας

254 1643 521 1713 μελέταις,
564 1642 716 1711 μόλις
747 1644 1086 1712 κατανοήσει,
1120 1641 1171 1693 τί
1207 1643 1304 1710 μέν
1327 1642 1474 1694 ἐστιν
1502 1642 1577 1705 ὡς
1609 1642 1822 1712 ἀληθῶς

1933 473 2042 524 quo
2107 464 2320 511 tenetur
2373 458 2465 512 lux
2523 458 2766 514 veritatis
2818 458 3156 523 ascendere,
3220 461 3326 516 nisi
3386 461 3499 516 sol-

1933 556 2090 600 vatur
2144 563 2209 600 ex
2283 546 2477 602 animae
2537 549 2736 618 plantis
2801 558 3050 606 mertuus
3111 564 3175 604 ac
3225 553 3499 608 terrestris

1932 638 2150 705 pellium
2180 639 2437 704 amictus,
2460 655 2590 710 quo,
2615 639 2682 694 ab
2714 641 2870 694 initio
2900 651 3093 695 natura
3131 651 3319 697 nostra
3344 643 3499 697 invo-

1934 726 2041 779 luta
2096 736 2198 789 est,
2227 744 2336 798 quo
2381 739 2621 799 tempore
2663 746 2785 783 cum
2837 730 3033 784 divinae
3077 732 3341 786 voluntati
3388 748 3495 787 non

1931 819 2324 885 paruissemus,
2362 821 2549 876 nudati
2578 836 2795 885 sumus;
2823 830 2985 892 atque
3014 823 3087 876 ita
3115 823 3493 893 cogitationem

1929 908 2047 977 ejus
2080 912 2172 979 qui
2207 919 2291 965 est
2323 914 2706 981 suscipiemus,
2750 920 2801 966 et
2835 914 3120 981 opiniones
3148 914 3215 969 de
3259 930 3331 968 eo.
3351 916 3493 985 quod

1929 1016 2036 1054 non
2072 1011 2155 1057 est
2191 1004 2355 1059 falsas
2397 1006 2614 1075 penitus
2662 1006 2894 1073 repellit.
2943 1004 3067 1058 llaec
3104 998 3269 1059 enim
3299 1014 3383 1061 est
3414 1006 3494 1075 (ut

1930 1108 2030 1163 ego
2060 1096 2258 1163 sentio)
2293 1095 2540 1151 veritatis
2570 1093 2840 1157 diiﬁnitio,
2880 1095 3034 1149 ﬁrma
3067 1096 3185 1165 ejus
3233 1097 3378 1165 quod
3410 1108 3493 1153 est

1929 1186 2271 1250 iutellectio;
2313 1185 2522 1243 falsitas
2566 1188 2708 1242 enim
2749 1188 3090 1258 pbantastica
3130 1189 3374 1257 quaedam
3410 1199 3493 1244 est

1927 1277 2076 1329 circa
2110 1276 2162 1328 id
2193 1277 2335 1346 quod
2380 1294 2486 1331 non
2531 1288 2614 1333 est
2642 1281 3075 1349 comprehensio,
3119 1281 3275 1349 quasi
3308 1279 3490 1333 subsi-

1927 1374 2034 1420 stat
2079 1368 2221 1435 quod
2262 1382 2370 1420 non
2417 1377 2518 1423 est.
2562 1367 2772 1422 Veritas
2816 1377 2993 1421 autem
3032 1377 3116 1422 est
3160 1367 3298 1438 ejus,
3346 1370 3489 1437 quod

1927 1470 2050 1510 vere
2092 1463 2208 1519 est,
2258 1456 2412 1510 ﬁrma
2460 1458 2772 1511 ἱιιιε11ε‹·ιὶο.
2827 1456 3027 1527 Longis
3075 1467 3254 1509 autem
3298 1456 3490 1525 spatiis

1927 1557 2233 1618 temporum
2261 1550 2441 1603 altiori
2464 1565 2562 1620 per
2586 1550 2822 1620 quietem
2848 1551 3030 1603 animo
3060 1548 3305 1602 meditari
3335 1562 3493 1616 opor-

1926 1647 2021 1704 tet,
2056 1649 2115 1693 ut
2144 1639 2371 1693 ﬁrmiter
2394 1640 2694 1710 intelligere
2723 1641 2923 1710 possis,
2946 1639 3076 1709 quid
3109 1638 3178 1692 sit
3208 1637 3349 1707 quod
3380 1653 3486 1690 non

248 1735 306 1788 τὸ
330 1734 406 1798 δν,
437 1733 472 1786 ὃ
503 1736 569 1805 τῇ
594 1733 759 1788 αὑτοῦ
786 1733 944 1802 φύσει
975 1733 1038 1787 τὸ
1061 1729 1199 1787 εἶναι
1225 1733 1335 1803 ἔχει
1356 1751 1368 1763 ·
1398 1734 1449 1787 τί
1480 1734 1535 1787 δὲ
1558 1734 1619 1787 τὸ
1641 1736 1713 1806 μὴ
1738 1735 1810 1797 ὃν,

1921 1738 2027 1793 est,
2064 1731 2209 1798 quod
2260 1732 2436 1786 solum
2467 1748 2589 1787 esse
2618 1732 2855 1796 videtur,
2904 1747 3026 1785 cum
3086 1747 3180 1800 per
3220 1745 3279 1785 se
3327 1741 3489 1798 atque

249 1828 276 1879 δ
306 1828 362 1879 ἐν
392 1825 474 1895 τῷ
514 1825 694 1879 δοκεῖν
732 1820 868 1877 εἶναι
903 1825 1059 1895 μόνον
1089 1826 1255 1886 ἐστὶν,
1293 1827 1661 1881 ἀνυπόστατον
1697 1828 1818 1897 ἕχον

245 1917 325 1979 ἐφ’
350 1916 546 1975 ἑαυτοῦ
574 1916 671 1986 τὴν
697 1917 876 1985 φύσιν.
907 1917 975 1969 Ὅ
998 1933 1088 1985 μοι
1111 1918 1256 1971 δοκεῖ
1275 1917 1395 1970 τότε
1421 1920 1448 1974 ὁ
1474 1918 1647 1989 μέγας
1671 1919 1821 1973 Medii-

252 2013 360 2084 σῆς,
401 2012 460 2062 ἐν
487 2012 555 2081 τῇ
591 2008 880 2079 θεοφανείᾳ
908 2008 1237 2072 παιδευθεὶς,
1268 2009 1470 2077 γνῶναι
1491 2025 1503 2038 ’
1546 2011 1627 2063 ὃτι
1666 2011 1818 2064 οὐδὲν

245 2101 347 2154 τῶν
374 2100 576 2160 ἄλλων,
604 2100 704 2152 ὅσα
742 2116 802 2151 τε
828 2101 893 2170 τῇ
925 2099 1173 2170 αἰσθήσει
1199 2100 1695 2171 καταλαμϐάνεται,
1725 2103 1818 2155 καὶ¹

245 2192 337 2245 ὅσα
361 2192 504 2246 κατά
530 2192 769 2247 διάνοιαν
792 2191 1096 2264 θεωρεῖται,
1122 2191 1199 2263 τῷ
1219 2192 1331 2245 ὄντι
1353 2194 1647 2264 ὑφέστηκε,
1679 2194 1817 2265 πλὴν

242 2283 338 2353 τῆς
362 2284 626 2355 ὑπεράνω
654 2282 898 2353 ἑστώσης
925 2283 1113 2347 οὐσίας
1143 2284 1234 2337 καὶ
1262 2284 1439 2347 αίτίας
1468 2284 1561 2337 τοῦ
1594 2283 1813 2349 παντὸς,

244 2375 330 2442 ἀφ’
365 2370 433 2445 ἦς
472 2374 710 2445 ἐξῆπται
741 2374 802 2428 τὸ
839 2377 970 2430 πᾶν.
995 2375 1060 2429 Εἰ
1087 2375 1198 2445 γάρ
1236 2393 1287 2426 τι
1334 2377 1423 2430 καὶ
1455 2375 1582 2430 ἄλλο
1614 2379 1672 2430 ὲν
1703 2380 1816 2441 τοῖς

241 2462 382 2519 οὖσιν
409 2469 443 2537 ἡ
476 2466 690 2519 διάνοια
740 2466 946 2536 βλέπει,
981 2466 1093 2520 ἀλλ’
1124 2468 1180 2519 ἐν
1222 2466 1394 2521 οὐδενὶ
1421 2467 1529 2521 τῶν
1566 2467 1734 2521 ὄντων
1758 2467 1817 2521 τὸ

240 2558 533 2629 ἀπροσδεὲς
584 2558 679 2611 τοῦ
733 2559 920 2627 ἐτέρου
969 2557 1230 2628 εὑθεωρεῖ
1267 2558 1296 2609 ὁ
1327 2558 1500 2624 λόγος,
1527 2552 1573 2626 ᾧ
1595 2559 1815 2613 δυνατόν

240 2649 347 2702 ἐστι
383 2648 509 2719 δίχα
535 2648 639 2718 τῆς
662 2648 947 2719 μετουσίας
972 2648 1067 2702 τοῦ
1094 2649 1246 2714 ὄντος
1268 2646 1427 2703 εἶναι.
1453 2650 1525 2703 Τὸ
1552 2650 1608 2704 δέ
1640 2651 1811 2704 ὡσαύ-

237 2757 338 2803 τως
365 2741 486 2811 ἔχον
515 2741 627 2803 ἀεὶ,
658 2739 720 2792 τὸ
757 2739 1005 2804 ἀναυξὲς,
1037 2739 1099 2793 τὸ
1128 2741 1416 2812 ἀμείωτον,
1446 2743 1508 2794 τὸ
1547 2742 1680 2813 πρὸς
1712 2745 1812 2796 πᾶ-

239 2848 332 2884 σαν
361 2830 668 2902 μεταϐολὴν
694 2832 793 2902 τήν
816 2849 874 2884 τε
904 2832 1041 2902 πρὸς
1074 2832 1136 2884 τὸ
1160 2835 1404 2903 κρεῖττον
1436 2833 1529 2888 καὶ
1558 2833 1654 2904 τὴν
1677 2834 1815 2905 πρὸς

235 2922 291 2976 τὸ
316 2926 498 2996 χεῖρον
527 2924 726 2994 ἐπίσης
757 2924 1010 2994 ἀκίνητον
1033 2940 1046 2953 ·
1070 2924 1165 2977 τοῦ
1190 2925 1287 2994 μὲν
1313 2923 1423 2995 γὰρ
1456 2924 1699 2996 χείρονος
1721 2928 1815 2995 ήλυ-

1926 1831 2172 1874 naturam
2198 1837 2351 1875 suam
2383 1823 2605 1877 minime
2627 1823 2911 1878 subsistat.
2949 1821 3078 1874 Mihi
3101 1821 3242 1875 enim
3274 1820 3490 1874 videtur

1922 1929 2152 1982 magnus
2185 1913 2511 1985 illeMoyses
2532 1930 2595 1969 ea
2617 1917 2668 1969 in
2693 1915 2900 1983 visione
2921 1914 3198 1977 didicisse,
3229 1911 3364 1967 nihil
3395 1929 3484 1966 ea-

1922 2021 2040 2059 rum
2069 2022 2275 2072 rerum,
2324 2022 2443 2075 quae
2481 2015 2574 2063 aut
2610 2022 2771 2061 sensu
2804 1990 3362 2074 comprehendtnitur,
3392 2017 3482 2059 aut

1920 2104 2100 2151 mente
2128 2099 2553 2168 perspiciuntur,
2589 2108 2784 2168 praeter
2822 2112 3129 2166 supremam
3160 2098 3480 2161 essentiam,

1919 2203 2040 2257 qua:
2063 2188 2304 2242 omnium
2332 2204 2496 2243 causa
2519 2195 2622 2251 est,
2654 2196 2704 2241 et
2739 2204 2768 2242 a
2808 2204 2913 2258 qua
2942 2188 3124 2242 omnia
3157 2190 3480 2258 dependent,

1919 2294 2044 2335 vere
2071 2279 2391 2335 subsistere.
2421 2278 2481 2334 In
2512 2280 2661 2335 nullo
2699 2280 2842 2335 enim
2870 2290 3191 2335 caeterorum
3225 2282 3484 2351 indepen-

1919 2369 2101 2424 dentia
2132 2370 2365 2440 perspici
2441 2378 2641 2439 potest,
2695 2371 2767 2425 ita
2818 2378 2871 2422 ut
2927 2369 3136 2441 absque
3192 2373 3484 2443 participa-

1920 2462 2067 2516 tione
2097 2462 2206 2521 veri
2247 2464 2388 2518 entis
2416 2464 2589 2533 possit
2622 2479 2762 2517 esse.
2796 2462 2981 2516 Solum
3018 2462 3069 2517 id
3114 2463 3256 2533 quod
3292 2466 3480 2519 eodem

1919 2555 2078 2608 modo
2101 2569 2312 2624 semper
2334 2570 2394 2610 se
2423 2556 2604 2618 habet,
2624 2573 2898 2625 nunquam
2920 2566 3166 2624 augetur,
3202 2572 3479 2626 nunquam

1917 2647 2200 2710 minuitur,
2248 2647 2529 2716 aequaliter
2561 2648 2630 2702 ad
2678 2664 2892 2702 omnem
2945 2648 3324 2714 mutationem,
3373 2657 3480 2700 tam

1917 2737 1983 2792 ad
2016 2739 2170 2807 pejus
2199 2752 2360 2807 quam
2392 2739 2458 2793 ad
2479 2740 2693 2805 melius,
2723 2741 3058 2793 innuutabile
3090 2759 3101 2792 :
3154 2739 3308 2810 pejus
3336 2740 3480 2794 enim

1918 2828 1992 2882 ibi
2021 2839 2114 2882 aut
2149 2830 2350 2883 malum
2395 2846 2505 2885 non
2541 2839 2645 2893 est,
2698 2832 2892 2886 melius
2936 2846 3066 2885 vero
3117 2831 3345 2885 inveniri
3375 2846 3481 2885 non

1916 2927 2112 2988 potest.
2148 2918 2328 2985 Quare
2360 2922 2534 2974 solum
2571 2922 2720 2975 nulla
2753 2937 2810 2975 re
2838 2922 2945 2975 alia
2978 2921 3204 2993 indiget,
3232 2930 3285 2977 et
3312 2923 3481 2977 solius

235 3015 519 3086 λοτρξωται
541 3032 555 3045 ·
592 3015 652 3069 τὸ
696 3015 753 3068 δὲ
798 3017 1042 3085 κρεῖττον
1088 3015 1189 3067 οὒκ
1239 3013 1352 3084 ἔχει
1378 3032 1390 3044 ·
1423 3014 1483 3067 τὸ
1524 3014 1581 3067 δὲ
1614 3016 1810 3078 παντὸς

1917 3017 2110 3064 cuncta
2144 3011 2422 3080 indigent:
2451 3013 2627 3069 solum
2658 3022 2855 3068 cuncta
2890 3022 3170 3084 appetunt,
3196 3014 3313 3070 solo
3342 3029 3481 3068 cun-

234 3106 475 3171 ἀνενδεὲς
516 3102 728 3176 ἐτέρου,
758 3107 819 3159 τὸ
859 3107 1014 3177 μόνον
1039 3104 1284 3177 ὀρεκτὸν,
1310 3104 1404 3160 καὶ
1436 3106 1586 3178 παρὰ
1613 3109 1811 3171 παντὸς

236 3199 618 3269 μετεχὸμενον,
672 3198 767 3253 καὶ
804 3199 861 3251 ἐν
909 3200 972 3268 τῇ
1023 3198 1281 3268 μετουσίᾳ
1325 3197 1432 3250 τῶν
1477 3198 1810 3268 μετεχόντων

233 3289 326 3341 οὐκ
352 3288 772 3356 ἐλαττούμενον.

298 3382 469 3435 Τοῦτό
504 3383 656 3434 ἐστιν
704 3380 779 3443 ὡς
820 3379 1035 3450 ἀληθῶς
1069 3380 1128 3432 τὸ
1167 3381 1334 3443 ὅντως
1362 3380 1440 3444 ὃν,
1474 3382 1569 3434 καὶ
1604 3383 1637 3450 ἡ
1675 3381 1803 3434 τού-

230 3488 318 3525 του
349 3472 709 3541 κατανόησις,
752 3473 787 3541 ὴ
832 3471 931 3540 τῆς
976 3470 1232 3540 ἀληθείας
1272 3469 1471 3537 γνῶσίς
1503 3472 1668 3525 ἐστιν.
1717 3474 1804 3525 Ἐν

230 3563 395 3635 τούτῳ
450 3558 638 3618 τοίνυν
689 3562 971 3631 γινόμενος
1016 3562 1138 3614 τότε
1189 3563 1286 3632 μὲν
1330 3563 1554 3625 ἐκεῖνος,
1606 3563 1700 3614 νῦν
1747 3562 1803 3615 δὲ

232 3658 331 3720 πᾶς
373 3657 403 3709 ὁ
435 3656 563 3708 κατ’
593 3656 799 3707 ἐκεῖνον
832 3653 933 3721 τῆς
963 3652 1154 3724 γηῖνης
1199 3653 1361 3705 αὑτὸν
1402 3653 1607 3705 ἐκλύων
1652 3670 1805 3724 περι-

231 3747 416 3818 6ολῆς,
472 3744 674 3799 καὶτὸ
725 3746 789 3797 ἐκ
841 3744 937 3813 τῆς
985 3743 1146 3812 βάτου
1193 3742 1309 3812 φῶς
1350 3742 1600 3812 βλέπων,
1658 3743 1803 3796 τοῦτ’

231 3835 355 3889 ἔστι.
388 3835 537 3905 πρὸς
582 3835 678 3903 τὴν
707 3833 793 3887 διὰ
827 3833 1028 3901 σαρκὸς
1070 3833 1170 3901 τῆς
1208 3832 1552 3897 ἀκανθώδους
1600 3833 1804 3903 ταύτης

231 3926 614 3994 ἐπιλάμψασαν
634 3926 764 3994 ἡμῖν
793 3924 1003 3984 ἀκτῖνα,
1030 3924 1149 3992 ἥτις
1173 3924 1307 3985 ἐστὶ.
1337 3923 1517 3987 καθὼς
1537 3925 1599 3978 τὸ
1621 3925 1799 3993 Εὐαγ-

235 4016 397 4080 γέλιόν
423 4032 585 4086 φησι,
614 4015 676 4067 τδ
702 4015 815 4082 φῶς
842 4014 902 4067 τὸ
928 4014 1196 4084 ἀληθινὸν,
1231 4016 1324 4068 καὶ
1346 4016 1377 4085 ή
1404 4015 1654 4087 ἀλήθεια’
1678 4016 1799 4069 τότε

229 4104 460 4167 τοιοῦτος
482 4103 714 4171 γίνεται,
743 4098 851 4166 οἷος
882 4102 975 4155 καὶ
998 4103 1202 4173 ἑτέροις
1226 4106 1304 4166 είς
1338 4106 1610 4177 σωτηρίαν
1637 4107 1803 4177 ἀρκέ-

230 4209 329 4250 σαι,
367 4194 463 4247 καὶ
498 4193 751 4246 καθελεῖν
783 4192 881 4262 μὲν
913 4193 1010 4262 τὴν
1055 4193 1458 4263 ἐπικρατοῦσαν
1494 4195 1678 4259 κακῶς
1704 4213 1800 4248 τυ-

227 4285 465 4353 ραννίδα,
522 4283 802 4348 ἐξελέσθαι
846 4285 902 4337 δὲ
946 4285 1077 4354 πρὸς
1131 4285 1441 4356 ἐλευθερίαν
1482 4286 1589 4341 πᾶν
1631 4288 1692 4341 τὸ
1732 4292 1800 4359 τῇ

1914 3112 1999 3157 cla
2033 3103 2379 3173 participant,
2423 3117 2475 3159 et
2512 3122 2632 3175 qure
2663 3106 3012 3176 participant,
3063 3122 3158 3176 per
3188 3107 3483 3177 participa-

1915 3196 2115 3250 tionem
2143 3206 2195 3250 et
2228 3205 2378 3262 sunt,
2415 3205 2468 3251 et
2498 3197 2635 3254 bene
2667 3209 2814 3271 sunt.
2858 3198 3011 3265 Quod
3042 3207 3222 3255 autem
3258 3201 3481 3270 partici-

1913 3292 2096 3354 patur,
2129 3303 2409 3358 nunquam
2445 3289 2806 3347 imminuitur.

1985 3376 2038 3430 ld
2074 3376 2240 3445 igitur
2270 3377 2516 3447 profecto
2563 3389 2681 3446 est,
2732 3383 2876 3451 quod
2923 3398 3049 3439 vere
3085 3393 3187 3452 est,
3215 3393 3268 3439 et
3317 3368 3478 3457 hujus

1913 3468 2024 3523 veri
2058 3470 2201 3525 entis
2228 3471 2553 3536 intellectio,
2583 3473 2648 3527 ad
2675 3489 2839 3543 quam
2868 3483 2999 3529 tunc
3023 3484 3315 3536 accesserit
3342 3484 3479 3558 Moy-

1912 3575 1999 3616 ses
2026 3579 2039 3614 :
2071 3570 2124 3616 et
2167 3578 2310 3617 nunc
2339 3564 2654 3634 quicunque
2680 3569 2841 3622 sicuti
2870 3570 2957 3622 ille
2987 3585 3016 3622 a
3050 3576 3293 3627 terrestri
3326 3593 3384 3631 se
3413 3598 3477 3638 ac

1912 3640 2138 3722 pelliceo
2179 3656 2410 3711 absolvit
2451 3658 2689 3724 amictu,
2739 3652 2973 3714 divinant
3011 3680 3077 3717 ex
3112 3668 3249 3722 rubo
3300 3672 3473 3728 lucem

1913 3746 2288 3815 prospiciens,
2336 3763 2457 3817 quae
2481 3748 2732 3805 videlicet
2762 3767 2827 3807 ex
2858 3767 3024 3809 carne
3056 3771 3155 3812 nos
3202 3760 3471 3817 illumina-

1912 3838 2022 3899 vit,
2050 3853 2172 3905 quae
2202 3846 2287 3893 est
2316 3839 2405 3892 lux
2444 3855 2607 3902 vera,
2649 3849 2702 3896 et
2741 3842 2857 3911 ipsa
2904 3845 3137 3910 veritas,
3191 3858 3249 3903 ut
3298 3850 3472 3907 Evan—

1906 3928 2106 3996 gelium
2132 3927 2294 3996 dicit,
2331 3938 2459 3984 tunc
2485 3932 2609 3986 talis
2637 3920 2885 3996 efﬁcitur,
2920 3944 2978 3990 ut
3009 3938 3144 3993 alios
3175 3956 3392 4012 quoque
3421 3945 3473 3999 in

1910 4018 2214 4095 libertatem
2246 4020 2520 4075 vindicare
2540 4063 2554 4089 ,
2584 4025 2888 4094 tyrannidis
2915 4026 3176 4097 injustum
3204 4033 3473 4104 principa-

1902 4117 2013 4161 tum
2059 4106 2360 4176 deponere,
2394 4111 2696 4167 servientes
2727 4113 2961 4183 denique
2992 4119 3145 4188 ipsos
3180 4122 3233 4175 in
3268 4132 3468 4178 terram

1898 4198 2278 4265 promissionis
2309 4199 2589 4264 reducere,
2611 4214 2958 4263 commutatae
2982 4208 3204 4271 dextras,
3228 4220 3281 4266 et
3310 4214 3474 4285 virga:

1899 4284 1955 4338 in
1995 4295 2303 4355 serpentem
2343 4302 2516 4342 versae
2552 4291 2792 4357 auxilio,
2828 4291 2881 4345 id
2923 4301 3040 4357 est,
3073 4294 3179 4350 ﬁde
3218 4298 3466 4353 incarna-

225 4378 433 4447 πονηρᾷ
474 4374 692 4445 δουλείᾳ
723 4375 1253 4445 κατακρατοὺμενον,
1286 4378 1380 4447 τῆς
1421 4378 1801 4452 ἀλλοιωθείσης

1917 4372 2062 4426 .ionis
2103 4373 2252 4427 verbi
2298 4374 2606 4444 coadjutus.
2650 4376 2784 4432 Nam
2827 4381 2872 4435 si
2920 4381 3132 4453 Moyses
3180 4386 3264 4441 his
3308 4389 3470 4444 nixus

222 4464 413 4531 δεξιᾶς.
455 4466 557 4520 καὶ
601 4466 699 4537 τῆς
742 4467 822 4529 είς
863 4466 983 4535 ὅφιν
1033 4466 1462 4538 μεταϐληθείσης
1502 4468 1796 4542 βακτηρίας

1917 4461 2186 4517 .niraculis
2216 4478 2265 4549 ἰι
2311 4467 2577 4521 servitute
2625 4472 2840 4539 tyranni
2885 4452 3144 4532 Hebraeos
3183 4479 3467 4549 liberavit,

221 4561 323 4613 τῶν
348 4561 651 4632 θαυμάτων
680 4560 920 4629 καθῃγου
930 4558 1113 4628 μένης.
1141 4553 1210 4629 ’ᾯ
1242 4576 1327 4628 μοι
1359 4559 1507 4611 δοκεί
1533 4560 1600 4613 δι’
1625 4561 1798 4629 αἰνίγ-

224 4671 387 4723 ματος
419 4654 481 4707 τδ
504 4652 597 4706 διὰ
629 4652 827 4723 σαρκὸς
857 4650 1291 4721 παραδηλοὺσθαι
1323 4648 1417 4703 τοῦ
1451 4650 1656 4720 Κυρίου
1695 4669 1795 4722 μυ-

223 4746 439 4815 στήριον
469 4743 578 4812 τῆς
623 4743 881 4811 φανείσης
926 4745 1037 4804 τοῖς
1080 4740 1385 4810 ἀνθρώποις
1430 4740 1699 4810 θεότητος,
1728 4742 1796 4795 δι’

220 4829 283 4904 ἦς
307 4835 521 4903 γίνεται
555 4834 591 4905 ἦ
616 4849 674 4885 τε
709 4830 803 4885 τοῦ
836 4824 1096 4900 τυράννου
1135 4830 1468 4902 καθαίρεσις,
1492 4832 1587 4884 καὶ
1624 4833 1656 4901 ἡ
1687 4832 1794 4885 τῶν

222 4925 305 4976 ὑπ’
334 4923 503 4978 αὑτοῦ
557 4922 939 4993 κρατουμένων
980 4921 1279 4992 ἐλευθερία.
1315 4922 1397 4974 Τὰ
1430 4922 1487 4974 δέ
1537 4940 1604 4993 με
1658 4923 1794 4994 πρὸς

220 5013 313 5085 τὴν
347 5014 596 5069 διάνοιαν
622 5013 823 5080 ἄγοντα
855 5012 1079 5081 ταύτην,
1114 5014 1232 5065 ἐστὶ
1260 5015 1569 5084 προφητική
1601 5031 1661 5067 τε
1700 5016 1791 5068 καὶ

222 5104 546 5175 εὑαγγελικὴ
596 5095 886 5176 μαρτυρία.
934 5105 991 5155 ’0
1018 5105 1117 5174 μὲν
1156 5104 1264 5174 γὰρ
1292 5104 1578 5177 Προφήτης
1604 5107 1785 5176 φησίν·

224 5214 240 5239 4
259 5192 402 5261 Αὕτη
419 5196 453 5263 ἡ
477 5193 769 5258 ἀλλοίωσις
783 5194 882 5262 τῆς
895 5193 1074 5258 δεξιᾶς
1095 5194 1187 5247 τοῦ
1216 5192 1496 5262 Ὑψίστου,
1517 5213 1535 5246 ι
1572 5196 1647 5259 ὡς
1691 5199 1788 5267 μὲν

219 5281 308 5350 τῆς
347 5282 501 5344 θείας
544 5282 758 5349 φύσεως
806 5284 865 5333 ὲν
897 5278 977 5351 τῷ
1006 5281 1344 5352 ἀναλλοιώτῳ
1388 5284 1787 5356 θεωρουμένης.

222 5372 280 5438 τῇ
308 5370 363 5422 δὲ
390 5370 531 5441 πρὸς
557 5370 617 5422 τὸ
647 5370 872 5433 ἀσθενὲς
902 5371 996 5440 τῆς
1038 5371 1381 5442 ἀνθρωπίνης
1412 5374 1624 5441 φύσεως
1662 5392 1791 5443 συγ-

220 5462 542 5523 καταϐἀσει,
592 5460 727 5530 πρὸς
778 5460 839 5512 τὸ
886 5463 1150 5532 ἡμέτερον
1189 5464 1371 5532 σχῆμά
1417 5481 1475 5516 τε
1522 5466 1612 5516 καὶ
1653 5462 1790 5529 εἶδος

286 5635 328 5666 ⁸ο
354 5635 501 5690 Psal.
544 5648 726 5699 Luvt,
751 5636 838 5688 Η.

1905 4567 2013 4607 non
2043 4544 2244 4623 injuria
2272 4556 2666 4616 incarnationis
2692 4564 3006 4631 mysterium
3025 4609 3039 4633 ,
3071 4584 3181 4638 quo
3205 4580 3259 4626 et
3283 4544 3469 4629 diabo;

1904 4642 1990 4699 lus
2036 4643 2350 4727 depositus,
2393 4655 2448 4701 et
2476 4648 2716 4703 humana
2747 4659 2943 4707 natura
2968 4656 3194 4712 liberata
3221 4669 3340 4726 est,
3375 4679 3471 4731 per

1904 4733 2018 4787 haec
2059 4736 2391 4789 arbitramur
2437 4738 2767 4808 signiﬁcari,
2818 4745 3118 4811 prmsertim
3176 4762 3297 4801 cum
3358 4761 3466 4805 tam

1902 4827 2252 4897 prophetica,
2288 4844 2451 4898 quam
2497 4829 2825 4903 Evangelica
2872 4836 3171 4891 auctoritas
3219 4838 3288 4891 ad
3329 4838 3469 4895 hanc

1900 4935 2002 4976 nos
2051 4920 2313 4975 inducant
2362 4923 2711 4978 sententiam.
2768 4923 3037 4996 Propheta
3091 4929 3234 4981 enim
3289 4930 3463 4985 dicit:

1905 5029 1924 5062 ι
1954 5009 2080 5065 llaec
2109 5024 2193 5066 est
2240 5013 2473 5067 mutatio
2518 5013 2752 5069 dextera:
2794 5016 3004 5072 Excelsi
3038 5018 3104 5070 ’°.
3142 5038 3159 5069 ι
3187 5018 3317 5073 Nam
3362 5025 3465 5077 etsi

1896 5112 2092 5156 natura
2122 5102 2305 5156 divina
2334 5104 2484 5158 nullo
2512 5115 2677 5173 pacto
2706 5108 2904 5160 mutari
2935 5117 3128 5177 queat,
3170 5111 3224 5164 in
3272 5126 3337 5166 eo
3382 5121 3465 5167 ta-

1898 5208 2018 5248 men
2045 5193 2187 5261 quod
2218 5193 2282 5246 ad
2313 5194 2702 5275 assumendum
2731 5197 3003 5251 hominem
3033 5198 3344 5270 descendit,
3370 5204 3464 5258 im~

1898 5279 2356 5351 becillitatcmque
2385 5291 2628 5338 nostram
2665 5300 2788 5340 vere
2816 5288 3097 5358 suscepit,
3130 5303 3462 5348 commutata

1897 5372 2117 5427 dicitur.
2156 5373 2222 5427 Et
2268 5376 2409 5430 sicut
2450 5377 2620 5448 Moysi
2661 5394 2854 5434 manus
2885 5396 2915 5434 e
2947 5382 3068 5437 sinu
3102 5384 3299 5438 educta
3344 5387 3460 5439 visa

1897 5471 1982 5518 est
2012 5473 2340 5519 commutata
2361 5509 2375 5533 ,
2420 5484 2749 5539 rursumque
2781 5470 2834 5524 in
2883 5473 3063 5527 sinum
3113 5475 3335 5529 reducta
3360 5513 3374 5539 ,
3406 5477 3461 5528 in
