3766 5988
272 207 379 263 555
468 246 481 256 .

1494 207 1553 262 S.
1595 202 1922 262 GREGORII
1948 204 2238 262 NYSSEM

3425 214 3530 271 356

278 352 527 398 naturam
573 356 729 399 suam
770 342 997 398 reducta
1041 351 1165 406 est;
1210 343 1374 398 simili
1419 358 1634 413 quoque
1679 356 1765 396 mo

2043 344 2346 420 οιωθείσης.
2385 348 2496 402 Καὶ
2544 348 2652 421 γὰρ
2697 350 2815 403 ἐκεῖ
2858 353 2953 408 τοῦ
2997 350 3280 423 νομοθέτου
3324 353 3358 423 ἡ
3411 353 3530 420 χεὶρ

277 435 591 506 unigenitus
622 434 716 490 Dei
743 433 913 490 Filius
932 476 948 503 ,
978 451 1101 491 cum
1131 435 1186 489 in
1215 435 1339 490 sinu
1371 434 1546 490 Patris
1575 443 1658 489 est
1678 474 1693 498 ,
1719 434 1844 488 dex-

277 535 393 580 tera
437 524 649 581 Excelsi
677 535 801 581 est:
836 540 961 580 cum
1001 541 1131 581 vero
1174 541 1205 581 e
1247 527 1372 582 sinu
1420 525 1598 580 Patris
1636 524 1704 578 ad
1742 539 1843 580 nos

278 615 580 671 visitandos
607 616 928 683 descendit,
956 617 1260 682 secundum
1286 632 1386 672 nos
1419 618 1627 681 factus,
1653 629 1844 685 quam-

276 713 357 764 vis
408 708 768 764 immutabilis
815 708 886 764 sit
935 709 1051 778 ipse
1085 716 1319 774 natura,
1349 715 1714 761 commutatus
1762 714 1843 759 ta-

174 859 178 865 ,
275 817 398 856 men
444 801 666 855 dicitur.
715 803 784 853 At
831 812 959 853 vero
1005 805 1295 868 postquam
1354 797 1575 851 morbos
1626 802 1842 849 nostros

274 891 514 955 sanavit,
547 898 911 960 naturamque
944 897 1187 945 nostram
1237 889 1292 942 in
1344 888 1523 943 sinum
1566 901 1725 941 suum
1754 899 1841 940 re-

273 981 428 1034 duxit
468 980 659 1052 (sinus
686 989 866 1036 autem
886 981 1007 1038 Filii
1027 979 1186 1034 Pater
1222 979 1339 1048 est)
1363 1018 1378 1042 ,
1410 988 1540 1033 tunc
1576 979 1692 1047 ipse
1732 991 1842 1030 non

271 1082 553 1137 mutatus,
607 1072 807 1143 quippe
855 1073 948 1143 qui
1006 1072 1367 1143 impassibilis
1422 1080 1585 1140 atque
1637 1071 1844 1123 incom—

271 1165 549 1220 mutabilis
579 1175 664 1219 est
686 1205 701 1229 ,
733 1164 1017 1218 mortalem
1053 1165 1195 1217 hanc
1221 1170 1275 1218 et
1305 1160 1714 1232 corruptibilcm
1747 1174 1844 1213 na-

275 1267 449 1310 turam
478 1257 533 1311 in
567 1258 924 1313 immortalem
951 1267 1114 1327 atque
1136 1255 1524 1310 immutabilem
1553 1252 1840 1307 convertit.

278 1352 449 1421 Virgae
501 1358 680 1405 autem
732 1350 786 1404 in
832 1358 1140 1419 serpentem
1192 1347 1516 1413 conversio,
1566 1346 1842 1400 neminem

273 1441 706 1497 Christianorum
738 1441 1069 1505 conturbet,
1102 1439 1360 1509 quoniam
1397 1438 1465 1492 ad
1511 1435 1843 1491 incarnatio-

273 1547 393 1587 nem
411 1530 575 1586 Verbi
602 1546 630 1584 a
650 1531 807 1585 nobis
827 1531 1288 1584 accommodatur.
1309 1526 1442 1581 Nam
1462 1537 1515 1581 et
1535 1525 1734 1580 animal
1764 1524 1844 1588 id,‘

1945 436 2310 508 προϐληθεῖσα
2338 439 2433 492 τοῦ
2482 440 2706 507 κόλπου,
2746 441 2882 511 πρὸς
2917 447 2980 500 τὸ
3026 442 3177 512 παρὰ
3218 442 3381 511 φύσιν
3434 444 3528 513 ὴλ-

1943 531 2139 602 λοιώθη
2168 531 2367 602 χρῶμα
2390 548 2403 562 ·
2436 534 2530 585 καὶ
2555 531 2716 586 πάλιν
2741 535 2800 586 ἐν
2837 533 3057 595 κόλποις
3078 534 3366 605 γενομένη,
3392 535 3531 606 πρὸς

1942 621 2042 692 τὴν
2074 622 2208 675 ίδίαν
2246 622 2415 688 αὐτῆς
2443 621 2537 675 καὶ
2564 620 2704 674 κατά
2725 621 2885 690 φύσιν
2912 622 3181 693 ἐπανῆλθε
3208 624 3392 693 χάριν.
3417 625 3530 678 Καὶ

1942 714 1971 765 ὁ
2017 715 2308 786 μονογενὴς
2338 714 2491 777 Θεὸς,
2522 716 2551 767 6
2580 713 2655 768 ὢν
2693 715 2750 767 ἐν
2779 714 3001 778 κόλποις
3036 714 3129 767 τοῦ
3171 715 3405 786 Πατρὺς,
3440 711 3529 770 οὗ·

1942 805 2031 869 τός
2056 808 2201 859 ἐστιν
2227 809 2259 875 ὴ
2300 804 2449 871 δεξιὰ
2472 804 2564 858 τοῦ
2609 805 2885 874 Ὑψίστου.
2921 806 3052 858 Ὅτε
3088 805 3145 858 δέ
3176 807 3307 877 ἡμῖν
3331 809 3395 860 ἐκ
3418 807 3529 859 τῶν

1943 897 2158 950 κόλπων
2204 898 2396 968 ἐφάνη,
2447 896 2569 950 καθ’
2601 897 2748 968 ἡμᾶς
2793 895 3094 967 ἠλλοιώθη·
3150 896 3276 948 ἐπεὶ
3324 896 3381 950 δὲ
3426 895 3529 958 τὰς

1944 990 2218 1061 ἡμετέρας
2247 988 2531 1052 ἀσθενείας
2569 987 2830 1059 ἐκμάξας,
2868 988 3029 1041 πάλιν
3080 990 3397 1058 ἐπανήγαγε
3428 988 3528 1058 τὴν

1943 1083 2003 1136 ἐν
2031 1083 2162 1153 ἡμῖν
2193 1081 2490 1151 γενομένην
2527 1082 2706 1150 χεῖρα,
2734 1080 2829 1132 καὶ
2857 1078 2974 1132 καθ’
3003 1080 3163 1149 ’ἡμᾶς
3186 1078 3529 1149 χρωσθείσαν

1944 1172 2036 1225 ἐπὶ
2064 1172 2155 1224 τὸν
2184 1170 2311 1223 ἴδιον
2334 1169 2533 1223 κόλπον
2559 1167 2776 1239 (κόλπος
2797 1168 2855 1221 δὲ
2885 1168 2981 1237 τῆς
3017 1167 3197 1231 δεξιᾶς
3224 1168 3253 1219 6
3288 1168 3529 1238 Πατὴρ).

1942 1263 2063 1316 τότε
2100 1262 2161 1315 ού
2195 1260 2255 1314 τὸ
2285 1259 2493 1322 ἀπαθὲς
2516 1259 2617 1329 τῆς
2656 1259 2869 1328 φύσεως
2903 1260 2978 1320 εἰς
3007 1256 3177 1319 πάθος
3205 1256 3525 1326 ἡλλοίωσεν,

1942 1351 2081 1407 ἀλλὰ
2127 1351 2188 1404 τὸ
2229 1350 2458 1421 τρεπτόν
2506 1365 2567 1401 τε
2610 1349 2703 1401 καὶ
2747 1347 2992 1414 ἐμπαθὲς
3021 1347 3108 1400 διὰ
3146 1348 3246 1418 τῆς
3300 1348 3437 1418 πρὸς
3467 1348 3528 1401 τὸ

1942 1445 2208 1515 ἄτρεπτον
2259 1441 2541 1505 κοινωνίας
2589 1443 2668 1504 είς
2705 1440 2973 1494 ἀπάθειαν
3027 1438 3523 1509 μετεστοιχείωσεν.

1956 1537 2020 1589 Ἦ
2049 1535 2106 1588 δέ
2138 1537 2217 1598 είς
2245 1535 2367 1604 ὄφιν
2395 1532 2662 1605 μεταϐολὴ
2707 1533 2808 1602 τῆς
2851 1529 3169 1601 βακτηρίας,
3210 1530 3285 1601 μὴ
3320 1546 3526 1601 ταρασ-

273 1624 520 1692 quamvis
538 1638 733 1692 parum
759 1623 1159 1677 accommodari
1186 1622 1361 1677 sacris
1388 1619 1662 1691 mysteriis
1680 1632 1760 1687 po:

2033 1630 2119 1682 diu)
2134 1628 2256 1693 τοὺς
2279 1628 2674 1699 φιλοχρίστους,
2704 1626 2781 1688 ὡς
2805 1624 3200 1696 ἀπεμφαίνοντι
3216 1623 3339 1695 ζὼῳ
3356 1640 3520 1695 προσ-

273 1715 540 1780 videatur,
577 1716 693 1783 ipsa
726 1723 905 1768 tamen
936 1713 1260 1783 Evangelica
1291 1712 1493 1768 veritas
1526 1711 1668 1764 hanc
1700 1709 1760 1762 in

2035 1687 2302 1783 ιοζόντων
2332 1687 2486 1791 ἠμέν
2535 1687 2769 1772 τὸν-τού
2816 1687 3113 1790 μυστηρίου
3155 1687 3336 1786 λόγον..
3375 1687 3522 1787 Ᾰύτὴ

272 1807 448 1870 ginem
482 1819 591 1858 non
624 1804 849 1859 omnino
877 1806 1182 1859 contemnit
1204 1804 1233 1869 ,'
1255 1819 1380 1859 cum
1412 1803 1561 1857 dicat
1589 1820 1602 1856 :
1636 1820 1654 1853 ι
1686 1799 1841 1856 Sicut

276 1897 484 1969 Moyses
527 1896 783 1951 exaltavit
810 1902 1117 1965 serpentem
1151 1895 1207 1948 in
1238 1893 1456 1949 deserto
1477 1932 1492 1958 ,
1528 1893 1611 1947 sic
1640 1889 1838 1947 Filium

275 1990 511 2044 hominis
560 1987 790 2044 exaltari
840 1995 1054 2056 oportet
1097 1987 1164 2039 ιι.
1201 2005 1219 2039 ι
1252 1984 1424 2054 Cujus
1467 1984 1609 2040 ratio
1656 1988 1839 2053 patet:

275 2096 397 2134 nam
427 2095 552 2134 cum
584 2080 780 2135 divina:
810 2077 1026 2134 Littera:
1057 2076 1265 2149 peccati
1291 2085 1499 2147 patrem
1531 2062 1843 2143 serpentem

274 2171 592 2235 nominent,
643 2169 886 2240 perfecto
931 2168 1075 2240 quod
1120 2183 1149 2223 a
1201 2174 1456 2238 serpente
1497 2175 1684 2220 natum
1718 2172 1838 2227 est,

273 2279 498 2334 serpens
522 2272 627 2319 est.
654 2262 1016 2330 Quamobrem
1047 2267 1330 2332 peccatum
1361 2257 1604 2329 parentis
1632 2256 1717 2312 sui
1741 2270 1842 2310 no-

274 2371 398 2411 men
442 2357 636 2411 merito
679 2354 952 2426 suscepit,
983 2366 1319 2422 serpensque
1354 2350 1480 2419 jure
1517 2346 1840 2418 appellatur.

276 2451 340 2501 At
369 2461 497 2502 vero
530 2445 817 2500 Dominum
839 2484 854 2509 ,
887 2451 1107 2514 propter
1141 2457 1242 2496 nos
1271 2449 1551 2511 peccatum
1595 2451 1720 2492 esse
1759 2433 1841 2488 fa-

274 2551 457 2601 ctum,
497 2537 827 2607 apostolicus
867 2549 1049 2590 sermo
1088 2540 1359 2587 testatur:
1411 2530 1657 2597 suscepit
1695 2526 1841 2582 enim

277 2629 664 2683 mortalitatem
697 2632 976 2686 nostram,
1001 2623 1094 2693 qui
1123 2618 1399 2693 peccando
1430 2617 1689 2670 mortales
1711 2612 1841 2669 facti

276 2736 490 2775 sumus.
524 2716 581 2771 Si
615 2724 891 2786 peccatum
925 2712 1103 2769 factus
1142 2720 1259 2774 est,
1292 2715 1442 2780 patet
1476 2704 1623 2776 quod
1653 2704 1842 2774 sequi-

277 2824 363 2866 tur
391 2830 406 2879 ;
434 2826 559 2865 nam
587 2810 678 2880 qui
712 2815 993 2879 peccatum
1033 2805 1208 2859 factus
1236 2810 1322 2858 est
1348 2842 1363 2867 ,
1392 2814 1624 2870 serpens
1666 2797 1867 2852 factus‘

278 2913 394 2966 est,
424 2911 478 2959 et
509 2903 558 2957 id
587 2910 803 2972 propter
828 2914 929 2954 nos
951 2938 965 2963 ,
994 2905 1054 2952 ut
1084 2895 1371 2967 Egyptios
1399 2899 1714 2960 serpentes,
1747 2888 1843 2959 qui

280 3011 376 3065 per
425 3009 611 3063 magos
662 2990 927 3047 viviﬁcari
968 2988 1244 3052 videntur,
1292 2992 1612 3046 consumat,
1654 2990 1708 3037 et
1746 2981 1844 3053 de-

1946 1813 2054 1884 γάρ
2096 1813 2130 1882 ή
2164 1810 2416 1884 Ἀλήθεια
2437 1809 2524 1864 διὰ
2571 1810 2673 1880 τῆς
2705 1809 3068 1879 εύαγγελικῆς
3102 1808 3287 1877 φωνῆς
3318 1808 3379 1860 οὐ
3420 1825 3520 1860 πα-

1948 1905 2216 1976 ραιτεῖται
2242 1901 2340 1971 τὴν
2366 1898 2621 1971 τοιαύτην
2643 1901 2842 1960 εἰκόνα,
2858 1898 2907 1951 δι
2923 1895 2936 1916 ’
2957 1890 3031 1951 ὧν
3051 1913 3214 1967 φησιν
3231 1915 3245 1929 ’
3276 1920 3294 1952 ι
3311 1899 3523 1966 Ὥσπερ

1946 1992 2056 2063 γὰρ
2086 1992 2324 2069 Μῳῦσῆς
2361 1990 2543 2060 Mulae
2586 1991 2678 2043 τὸν
2726 1989 2847 2058 ὄφιν
2895 1991 2951 2041 ἐν
2991 1990 3057 2058 τῇ
3104 1989 3313 2057 ἐρήμῳ,
3347 1990 3523 2049 οὕτως

1946 2084 2226 2156 ὑψωθῆναι
2253 2081 2333 2135 δεῖ
2360 2081 2452 2134 τὸν
2493 2080 2619 2134 Υίδν
2648 2078 2743 2133 τοῦ
2791 2077 3097 2150 ἀνθρώπου.
3129 2093 3147 2125 ι
3174 2075 3285 2128 Καὶ
3304 2077 3523 2148 σαφὴςό

1946 2178 2121 2245 λόγος.
2150 2174 2215 2228 El
2241 2172 2351 2242 γὰρ
2370 2174 2398 2226 6
2421 2174 2525 2243 τῆς
2549 2170 2823 2242 ἁμαρτίας
2856 2170 3055 2241 πατὴρ,
3077 2168 3200 2237 ὄφις
3229 2167 3521 2236 ὠνομάσθη

1949 2263 2053 2318 ὑπὸ
2078 2262 2176 2332 τῆς
2214 2260 2366 2323 θείας
2388 2258 2614 2330 Γραφῆς
2633 2275 2646 2291 ·
2681 2258 2776 2311 καὶ
2801 2258 2862 2310 τὸ
2893 2260 2957 2311 ἐκ
2990 2256 3083 2310 τοῦ
3125 2258 3303 2326 ὄφεως
3331 2254 3526 2324 γεννη-

1950 2352 2058 2414 θέν,
2092 2351 2305 2413 πάντως
2328 2349 2449 2419 ὄφις
2473 2347 2638 2401 ἐστίν.
2667 2348 2874 2399 Οὐκοῦν
2894 2346 3201 2409 ἀκολούθως
3225 2347 3257 2416 ἡ
3282 2344 3525 2416 ἁμαρτία

1947 2442 2041 2497 τοῦ
2071 2441 2461 2512 γεγεννηκότος
2494 2439 2666 2511 αὑτήν
2695 2439 2810 2492 ἐστι
2838 2438 3166 2509 συνώνυμος.
3212 2435 3383 2505 Ἀλλά
3418 2435 3525 2506 μὴν

1950 2533 2223 2605 ἁμαρτίαν
2268 2532 2335 2586 δι’
2365 2533 2512 2604 ἡμᾶς
2549 2530 2801 2599 γενέσθαι
2839 2530 2928 2584 τὸν
2965 2531 3188 2601 Κύριον,
3221 2531 3249 2582 6
3293 2530 3527 2582 ἀποστο-

1948 2627 2097 2690 λικδς
2141 2626 2574 2698 διαμαρτύρεται
2625 2624 2807 2693 λόγος.
2850 2624 2942 2677 τὸν
2988 2624 3085 2695 τὴν
3135 2622 3523 2695 ἁμαρτητικὴν

1949 2718 2105 2790 ἡμῶν
2153 2718 2312 2788 φύσιν
2360 2716 2837 2793 περιϐαλλόμενον.
2885 2717 3042 2768 Κατά
3088 2714 3244 2783 λόγον
3289 2715 3397 2786 ἄρα
3449 2713 3528 2781 τῷ

1950 2809 2136 2880 Κυρίῳ
2175 2807 2548 2880 προσαρμόζει
2577 2807 2639 2861 τὸ
2673 2808 2918 2877 αἴνιγμα.
2959 2806 3022 2858 Εἰ
3049 2805 3155 2876 γὰρ
3189 2805 3315 2873 ὄφις
3357 2804 3456 2875 μὲν
3490 2806 3524 2873 ἡ

1952 2901 2216 2970 ἁμαρτία,
2249 2901 2278 2952 6
2296 2900 2353 2952 δὲ
2382 2899 2582 2971 Κύριος
2605 2897 2850 2969 ἁμαρτία
2869 2896 3103 2965 ἐγένετο,
3135 2896 3194 2960 ὃς
3218 2895 3375 2949 οὐδὲν
3402 2894 3531 2950 ἄλλο

1950 2993 1984 3062 ἦ
2035 2991 2278 3065 ἁμαρτία
2308 2991 2478 3054 ἐστὶν,
2523 2990 2660 3073 ἀλλὰ
2708 2990 2775 3043 δι’
2817 2991 2963 3061 ἡμᾶς
3013 2989 3222 3057 γίνεται
3256 2989 3399 3056 ὄφις,
3441 2989 3527 3056 ἐφ’

282 3078 632 3156 Slruatzquo
667 3083 814 3140 facto
854 3098 1047 3138 rursus
1065 3081 1145 3135 “in
1185 3081 1393 3148 virgam
1435 3076 1688 3139 vertitur,
1734 3090 1767 3144 q

2042 3102 2078 3138 τε
2108 3085 2233 3148 τοὺς
2254 3084 2580 3153 Αἰγυπτίους
2632 3084 2784 3151 ὄφεις
2830 3083 2955 3145 τοὺς
2980 3082 3128 3152 παρὰ
3175 3080 3286 3134 τῶν
3314 3081 3529 3151 γοήτων

279 3180 659 3248 delinquentes
706 3175 1064 3245 castigantur,
1117 3180 1171 3226 et
1218 3168 1571 3225 consolantur
1614 3167 1708 3236 qui
1756 3180 1844 3217 ar-

282 3273 444 3325 duam
480 3283 543 3322 ac
571 3266 842 3321 dillicilem
886 3264 1105 3319 virtutis
1151 3268 1385 3332 pergunt
1426 3259 1605 3325 viam,
1650 3255 1845 3312 baculo

284 3363 404 3417 ﬁdei
457 3360 661 3431 optima
710 3374 806 3429 spe
854 3356 1050 3411 innixi.
1084 3373 1103 3406 ι
1135 3354 1233 3409 Est
1279 3353 1422 3408 enim
1480 3350 1614 3406 ﬁdes
1661 3363 1844 3403 rerum

282 3470 418 3526 quas
463 3467 746 3524 speramus
796 3446 1149 3507 subsistentia
1200 3447 1272 3508 ³²;
1302 3465 1321 3499 ι
1355 3457 1493 3514 quas
1534 3442 1848 3513 quicunque

285 3560 462 3601 mente
490 3543 769 3613 concepit,
799 3542 957 3613 quasi
990 3539 1134 3595 Deus
1160 3552 1349 3593 eorum
1382 3536 1479 3598 ﬁt;
1512 3533 1605 3604 qui
1634 3528 1846 3587 veritati

285 3637 604 3691 resistentes
631 3633 782 3689 carni
816 3647 880 3688 ac
906 3631 1062 3687 falsis
1096 3629 1257 3685 rebus
1286 3627 1605 3693 attendunt,
1647 3623 1848 3694 quibus

287 3730 446 3783 inane
473 3726 745 3796 quoddam
781 3739 904 3779 esse
936 3723 1207 3784 videntur,
1241 3734 1364 3776 eum
1401 3717 1590 3772 audire
1618 3714 1711 3786 qui
1741 3721 1844 3769 est.

287 3819 373 3871 Ait
397 3817 541 3871 enim
573 3812 784 3867 Pharao
815 3831 829 3866 :
858 3829 876 3862 ι
907 3811 1042 3877 Quis
1068 3819 1154 3866 est
1188 3808 1449 3863 Dominus
1475 3805 1635 3876 cujus
1660 3818 1849 3860 vocem

286 3904 616 3961 exaudiam?
663 3916 773 3956 non
819 3915 1088 3971 cognosco
1138 3900 1425 3954 Dominum
1473 3898 1560 3952 “2
1598 3915 1616 3948 ι
1671 3897 1848 3951 solum

287 4002 465 4049 autem
496 3999 721 4062 putatur
752 3987 1069 4043 honorabile
1100 4000 1164 4039 ac
1194 3983 1496 4055 jucundum
1517 4024 1531 4046 ,
1563 3981 1709 4051 quod
1741 3987 1853 4034 ter-

289 4088 461 4135 restre
499 4087 660 4147 atque
686 4074 908 4130 carnale
933 4083 1017 4129 est
1038 4112 1052 4136 ,
1080 4072 1346 4143 quodque
1365 4069 1615 4140 corporis
1655 4083 1851 4124 sensus

289 4169 457 4223 nimia
496 4167 774 4235 voluptate
822 4163 1021 4218 titillat.
1062 4162 1167 4229 Qui
1213 4177 1343 4218 vero
1386 4161 1524 4217 lucis
1564 4159 1853 4231 splendore

288 4261 675 4316 corroboratus
705 4268 819 4322 est,
849 4258 1204 4328 ingentesque
1244 4253 1373 4308 hinc
1399 4254 1544 4308 vires
1567 4259 1621 4307 et
1663 4261 1853 4306 aucto-

1950 3175 2419 3246 ζωογονουμένους
2470 3174 2753 3243 διαφαγεῖν
2789 3191 2849 3227 τε
2898 3175 2991 3228 καὶ
3029 3174 3430 3244 ἐνδαπανῆσαι·
3463 3166 3527 3225 οὗ

1944 3267 2259 3337 γενομένου,
2299 3265 2461 3318 πάλιν
2509 3266 2589 3329 εἰς
2619 3264 2717 3335 τὴν
2760 3263 3059 3335 βακτηρίαν
3102 3263 3422 3334 μεθίσταται
3450 3262 3525 3315 δι’

1945 3351 2014 3427 ἧς
2044 3352 2466 3423 σωφρονίζονται
2497 3355 2594 3425 μὲν
2621 3356 2671 3408 οἱ
2696 3355 3120 3425 ἁμαρτάνοντες,
3154 3353 3526 3408 ἀναπαύονται

1946 3449 2001 3501 δὲ
2019 3451 2067 3502 οί
2083 3448 2182 3518 τὴν
2202 3449 2382 3517 ἀνωφε
2391 3448 2455 3519 ρῆ
2483 3447 2946 3519 καὶδυσπόρευτον
2962 3447 3060 3519 τῆς
3083 3449 3283 3519 ἀρετῆς
3302 3449 3528 3519 πορείαν

1949 3541 2212 3605 ἀνιόντες,
2243 3541 2331 3595 διὰ
2364 3539 2474 3595 τῶν
2513 3539 2732 3608 ἀγαθῶν
2766 3539 2992 3594 ἐλπίδων
3030 3543 3096 3612 τῇ
3130 3540 3401 3613 βακτηρίᾳ
3422 3536 3527 3609 τῆς

1949 3631 2187 3695 πίστεως
2220 3630 2638 3702 ὲπερειδόμενοι.
2663 3648 2681 3680 ι
2708 3628 2865 3681 Ἐστι
2908 3626 3020 3697 γὰρ
3037 3627 3219 3692 πίστις
3236 3629 3527 3700 ἐλπιζομέ-

1950 3740 2054 3776 νων
2089 3722 2400 3784 ύπόστασις.
2430 3737 2448 3772 ι
2488 3720 2545 3775 Ὀ
2564 3719 2742 3773 τοίνυν
2755 3721 2812 3776 ἐν
2842 3720 3090 3789 περινοίᾳ
3134 3718 3339 3772 τούτων
3372 3719 3525 3786 γενό-

1954 3830 2133 3883 μενος,
2164 3812 2294 3875 Θεὸς
2315 3811 2572 3883 ἄντικρυς
2595 3812 2823 3879 γίνεται,
2847 3810 2956 3863 τῶν
2978 3809 3391 3879 ἀνθεστηκότων
3428 3810 3526 3877 μὲν

1950 3903 2015 3972 τῇ
2043 3900 2287 3971 ἀληθείᾳ,
2336 3900 2471 3971 πρὸς
2514 3901 2695 3969 δὲτὴν
2729 3899 2900 3971 ὑλώδη
2935 3899 3140 3970 ταύτην
3186 3900 3281 3953 καὶ
3324 3899 3525 3953 ἀνυπό-

1953 4008 2144 4045 στατον
2170 3991 2383 4060 ἀπάτην
2407 3976 2777 4059 ὲπτοημένων,
2797 3984 2879 4054 οἷς
2901 3990 2961 4043 τὸ
2984 3989 3212 4043 ἀκοῦσαι
3235 3990 3330 4043 τοῦ
3353 3990 3527 4053 ὄντος.

1952 4082 2139 4153 ὥσπερ
2164 4100 2216 4135 τι
2240 4081 2349 4134 τῶν
2380 4082 2622 4152 ματαίων
2655 4082 3153 4152 καταπεφρόνηται.
3186 4081 3325 4152 Φησὶ
3363 4081 3473 4153 γὰρ
3500 4084 3527 4135 ὁ

1951 4170 2171 4242 Φαραὼ,
2212 4187 2230 4219 ι
2255 4169 2351 4233 Τίς
2368 4169 2534 4237 ἐστιν,
2558 4165 2619 4225 οὗ
2640 4170 3026 4240 είσακούσομαι
3077 4170 3178 4239 τῆς
3208 4170 3395 4240 φωνῆς
3437 4171 3529 4222 αύο

1953 4261 2047 4314 τοῦ
2071 4276 2084 4326 ;
2114 4260 2212 4311 οὐκ
2233 4255 2347 4311 οἶδα
2363 4258 2454 4312 τὸν
2468 4256 2689 4329 Κύριον.
2714 4279 2733 4312 ι
2753 4260 2999 4314 Μόνονδὲ
3024 4260 3299 4329 νομίζεται
3322 4261 3525 4330 τίμιον,

291 4353 507 4406 ritatem
538 4350 594 4404 in
626 4342 971 4403 adversarios
1005 4345 1180 4417 cepit,
1214 4345 1261 4400 is
1293 4343 1455 4399 sicuti
1484 4342 1688 4397 athleta
1718 4356 1778 4397 sa

2139 4351 2303 4414 λῶδες
2332 4350 2424 4404 καὶ
2453 4350 2706 4420 σάρκινον
2735 4350 2841 4402 τῶν
2880 4352 3008 4421 περὶ
3035 4351 3144 4424 ⁴τὰς
3185 4351 3529 4423 ἀλογωτέρας
3612 4376 3620 4381 ·

288 4443 615 4497 exercitatus
640 4438 974 4494 conﬁdenter
1016 4452 1080 4493 ac
1114 4450 1311 4507 magno
1341 4434 1521 4489 animo
1553 4435 1609 4488 in
1639 4434 1850 4489 hostem

291 4531 572 4589 descendit
598 4549 612 4584 :
641 4531 847 4601 virgam
876 4530 1021 4583 illam
1049 4529 1105 4582 in
1135 4543 1300 4582 manu
1333 4527 1602 4590 retinens,
1635 4524 1740 4579 hoc
1769 4532 1854 4579 est

293 4625 518 4680 verbum
566 4622 723 4686 lidei,
765 4635 875 4692 quo
916 4629 1196 4690 serpentes
1236 4617 1618 4690 Egyptiorum
1659 4616 1851 4672 confo-

291 4717 436 4776 diet,
468 4719 632 4783 atque
661 4712 859 4767 vincet.
905 4709 1173 4780 Sequetur
1202 4719 1381 4764 autem
1426 4710 1603 4779 ipsum
1652 4709 1851 4778 conjux

294 4805 631 4876 alienigena,
666 4803 900 4858 humana
940 4801 1192 4856 videlicet
1231 4801 1346 4856 haec
1383 4800 1653 4868 eruditio,
1701 4803 1860 4872 cujus

296 4904 424 4950 sunt
451 4895 710 4950 nonnulla
754 4892 821 4947 ad
865 4892 1162 4946 liberorum
1203 4892 1637 4961 procreationem
1683 4894 1858 4948 utilia.

300 4987 517 5042 .lloralis
568 4987 716 5042 enim
776 4984 1152 5053 naturalisque
1205 4984 1549 5055 philoSOphia
1602 4986 1863 5057 conjungi

297 5084 476 5145 potest
516 5077 761 5146 proferto
792 5073 1097 5131 sublimiori
1129 5073 1251 5128 vitae
1279 5074 1696 5145 clarissimaque
1727 5092 1889 5148 0011',

296 5168 391 5232 jux
415 5166 535 5235 ejus
564 5180 627 5222 ac
656 5165 804 5221 socia
839 5164 951 5219 ﬁeri
979 5164 1170 5229 debet,
1197 5164 1327 5219 dum
1355 5164 1477 5235 ejus
1506 5177 1695 5236 partus
1725 5168 1862 5222 nihil

298 5257 584 5327 alienigeni
614 5257 839 5312 sceleris
870 5271 1056 5312 secum
1100 5256 1355 5313 adducat.
1401 5257 1555 5323 Quod
1600 5259 1707 5314 nisi
1737 5262 1860 5329 quis

297 5346 654 5402 circumcidat
685 5358 846 5418 atque
874 5348 1112 5411 auferat,
1138 5348 1329 5405 mortis
1361 5349 1662 5418 periculum
1695 5365 1862 5420 ange-

298 5437 383 5491 lus
417 5436 630 5490 obviam
665 5436 841 5492 factus
872 5438 1132 5502 incutiet,
1160 5442 1323 5508 quem‘
1355 5453 1493 5492 uxor
1527 5438 1695 5509 Moysi
1730 5449 1861 5497 tunc

371 5622 408 5653 υ
442 5617 597 5676 Jnan.
630 5634 712 5684 ιιι,
752 5618 832 5671 Μ.
912 5621 952 5650 η
985 5616 1145 5673 llebr.
1181 5635 1254 5684 xl,
1294 5619 1342 5674 l.
1423 5619 1466 5651 ³³
1500 5619 1670 5674 Exod.
1713 5638 1761 5687 v,
1793 5623 1845 5677 2.

1959 4442 2237 4511 αἰσθήσεις
2281 4439 2786 4509 ἀναστρεφομένων.
2820 4440 2881 4492 Εί
2932 4441 3111 4493 τοίνυν
3143 4441 3236 4493 ἐπὶ
3278 4439 3531 4494 τοσοῦτον

1958 4535 2047 4589 διὰ
2084 4537 2181 4604 τῆς
2209 4531 2303 4585 τοῦ
2346 4532 2521 4601 φωτὸς
2555 4531 2877 4601 ἐκλάμψεως
2899 4532 3259 4603 δυναμωθείη,
3284 4533 3381 4586 καὶ
3408 4550 3529 4587 τοσ-

1961 4627 2129 4693 αύτην
2163 4622 2313 4693 ἰσχύν
2337 4639 2398 4674 τε
2431 4622 2524 4674 καὶ
2566 4619 2810 4683 ἐξουσίαν
2836 4624 2975 4676 κατά
3004 4624 3112 4675 τῶν
3139 4623 3531 4694 ἀντιτεταγμέ-

1961 4733 2066 4769 νων
2111 4715 2284 4786 λάϐῃ·
2326 4714 2467 4778 τότε,
2525 4712 2771 4785 καθάπερ
2803 4722 2887 4777 τις
2934 4714 3190 4786 ἀθλητὴς,
3230 4715 3433 4776 ἱκανῶς
3477 4716 3532 4767 ἐν

1958 4804 2300 4876 παιδοτρίϐου
2346 4803 2445 4872 τὴν
2490 4802 2787 4873 ἀθλητικὴν
2837 4803 3087 4874 ἀνδρείαν
3138 4805 3532 4874 ἐκμελετήσας,

1960 4895 2172 4966 θαρσῶν
2222 4893 2323 4964 ἤδη
2381 4894 2475 4946 καὶ
2525 4894 2817 4957 πεποιθὼς,
2867 4895 3003 4965 πρὸς
3052 4894 3144 4948 τὸν
3191 4895 3382 4963 ἀγῶνα
3428 4896 3536 4950 τῶν

1961 4983 2168 5056 ἐχθρῶν
2212 4982 2526 5045 ἀποδύεται,
2568 4982 2658 5035 διὰ
2689 4984 2872 5053 χειρὸς
2908 4984 3005 5055 τὴν
3051 4984 3354 5055 βακτηρίαν
3401 4986 3538 5056 ἔχων

1969 5082 2203 5149 ἐκείνην,
2235 5076 2380 5129 τοῦτ’
2412 5076 2547 5137 ἐστι,
2578 5076 2668 5129 τὸν
2692 5076 2846 5144 λόγον
2873 5080 2970 5147 τῆς
2996 5077 3250 5141 πίστεως,
3278 5072 3323 5145 ᾧ
3357 5078 3540 5149 μέλλει

1968 5174 2093 5235 τοὺς
2137 5169 2462 5238 Αἰγυπτίους
2502 5167 2657 5235 ὄφεις
2695 5168 3176 5235 καταγωνίζεσθαι.
3212 5172 3538 5240 Ἀκολουθή-

1973 5284 2054 5319 σει
2089 5264 2145 5317 δὲ
2172 5261 2319 5333 αύτῷ
2343 5262 2439 5315 καὶ
2464 5262 2497 5329 ἡ
2528 5259 2583 5326 ἐξ
2610 5260 2921 5326 ἀλλοφύλων
2951 5261 3212 5331 ὀμόζυγος
3238 5279 3251 5293 ·
3291 5262 3408 5317 ἔστι
3435 5263 3541 5332 γάρ

1970 5375 2021 5410 τι
2048 5357 2141 5410 καὶ
2182 5355 2281 5424 τῆς
2314 5353 2417 5419 ἔξω
2448 5349 2778 5413 παιδεύσεως
2806 5351 2939 5421 πρὸς
2977 5351 3237 5420 συζυγίαν
3281 5354 3441 5425 ἡμῶν
3466 5354 3544 5415 είς

1968 5443 2309 5510 τεκνογονίαν
2334 5443 2536 5511 ἀρετῆς
2564 5440 2661 5493 οὐκ
2694 5440 3017 5509 ἀπόῆλητον.
3052 5442 3159 5495 Καὶ
3186 5442 3294 5517 γὰρ
3318 5447 3352 5515 ἡ
3381 5446 3540 5515 ἠθική
