3766 5988
228 230 320 286 537
1542 235 1630 289 DE
1672 234 1831 289 VlTA
1872 232 2011 289 MOY
2024 231 2147 290 SIS.

3372 229 3484 285 558

231 366 288 403 τε
322 348 418 403 καὶ
444 347 646 421 φυσικὴ
678 348 967 420 φιλοσοφία
994 348 1204 418 γένοιτο
1234 349 1299 403 ἄν
1346 365 1474 404 ποτε
1499 347 1577 419 τῷ
1609 346 1806 418 ὑψηλο-

1937 344 2175 410 ιίοοεινίι,
2206 358 2330 399 cum
2361 344 2637 400 ablatione
2680 344 2965 416 prteputii,
3010 358 3120 413 quo
3156 341 3476 412 alienigena:

232 440 372 511 ’πόρῳ
392 439 493 511 βίῳ
518 440 747 510 σύζυγός
768 457 829 494 τε
853 440 946 495 καὶ
965 440 1093 512 φίλη
1117 441 1209 495 καί
1232 439 1488 503 κοινωνὸς
1514 439 1613 508 τῆς
1633 434 1800 505 ζωῆς·

232 530 388 601 μόνον
415 532 467 584 εἰ
507 531 576 585 τὰ
602 533 667 585 ὲκ
695 533 898 602 ταύτης
924 533 1179 603 κυήματα
1219 531 1382 602 μηδὲν
1411 529 1667 598 ἐπάγοιτο
1706 524 1803 580 τοῦ

231 622 521 691 ἀλλοφύλου
551 622 876 693 μιάσματος.
901 622 1103 677 Τούτου
1138 622 1246 692 γὰρ
1275 621 1351 692 μὴ
1378 616 1803 691 περιτμηθέντος

228 715 318 766 καὶ
366 712 831 784 περιαιρεθέντος,
858 713 998 766 ὥστε
1048 714 1158 766 πᾶν
1201 709 1491 771 ὲπιὸλαὸὲς
1538 707 1629 760 καὶ
1666 702 1802 758 ἀκά-

1910 444 2315 506 cognoscuntur
2339 447 2505 506 atque
2532 437 2996 499 contaminamur,
3021 432 3283 488 mundum
3305 433 3473 487 lilium

1911 538 2071 579 suum
2094 524 2351 581 effecerit.
2377 525 2531 592 Quod
2552 526 2769 596 quidem
2792 523 3021 594 aenigma
3048 523 3297 579 historiae
3321 522 3476 576 facile

1907 613 2033 683 quis
2061 629 2156 684 per
2182 630 2247 670 ea
2277 631 2400 686 quae
2442 617 2587 671 dicta
2625 624 2756 671 sunt
2798 614 2865 669 ad
2903 613 3233 669 Christianae
3260 612 3475 668 virtutis

1907 702 2237 775 pietatisque
2266 706 2661 762 incrementum
2698 705 2957 776 adaptare
2986 706 3206 776 pbterit.

231 805 422 874 θαρτον
463 805 853 876 ἀφαιρεθῆναι⁸
896 807 925 858 ό
969 804 1244 859 συναντῶν
1289 802 1516 872 ἄγγελος
1546 799 1638 853 τὸν
1670 795 1799 868 περὶ
1833 793 2062 849 θανάτου
2089 798 2250 867 φόϐον
2288 800 2506 870 ἐπάγει,
2535 799 2594 853 ὃν
2637 799 2866 854 ἰλεοῦται
2897 802 2929 870 ἡ
2965 799 3211 871 σύμϐιος,
3243 801 3276 870 ή
3310 798 3477 852 καθα-

232 899 320 967 ρὸν
357 896 786 950 άποδεικνύουσα
805 896 867 949 rb
887 897 1085 965 ἑαυτῆς
1107 894 1348 963 ἔγγονον,
1376 895 1442 963 τῇ
1470 886 1808 961 περιαιρέσει
1837 883 1931 937 τοῦ
1968 886 2273 958 ἰδιώματος,
2308 891 2394 959 ἐφ’
2425 885 2470 959 ᾧ
2507 892 2826 962 γνωρίζεται
2848 891 2924 961 ,τὸ
2964 891 3277 960 ἀλλόφυλον.
3309 887 3477 961 Οἶμαι

231 985 281 1040 δὲ
320 985 402 1056 τῷ
449 986 790 1057 μεμυημένῳ
827 986 927 1056 τῆς
960 984 1238 1055 ἱστορικῆς
1272 982 1602 1052 ἀφηγήσεως
1636 972 1901 1047 πρόδηλον
1937 970 2076 1028 εἶναι
2118 976 2206 1032 διά
2248 978 2355 1033 τῶν
2385 979 2711 1051 εἰρημένων,
2758 980 2856 1051 τὴν
2890 979 3211 1035 ἀκολουθίαν
3239 982 3337 1051 τῆς
3358 986 3477 1036 κατ’

231 1080 426 1152 ἀρετήν
456 1080 774 1144 ἐπιδόσεως.
820 1080 886 1150 ήν
928 1079 1301 1134 ὑποδείκνυσιν
1332 1078 1361 1129 ὁ
1393 1076 1569 1145 λόγος,
1600 1071 1677 1142 τῷ
1702 1066 1880 1139 εἱρμῷ
1927 1068 2034 1124 τῶν
2058 1074 2344 1144 ἱστορικῶν
2371 1076 2705 1145 αἰνιγμάτων
2745 1075 3355 1147 ἀκολούθωςνὲπόμενος.

298 1178 458 1231 Ἐστι
509 1176 622 1245 γάρ
656 1192 712 1229 τι
747 1175 847 1246 τῆς
883 1175 1168 1246 φιλοσόφου
1213 1174 1379 1243 γονῆς
1424 1174 1482 1226 ὲν
1524 1169 1809 1241 μαθήμασι

231 1268 505 1340 ωρκῶδὲς
564 1285 626 1321 τε
689 1268 785 1321 καὶ
845 1266 1204 1336 ἀκρόὸυστον,
1243 1258 1305 1319 οὗ
1351 1260 1808 1335 περιαιρεθέντος,

235 1363 324 1433 τῆς
394 1358 797 1430 ἰσραηλιτικῆς
856 1356 1134 1425 εὐγενείας
1191 1356 1310 1409 ἐστὶ
1360 1355 1421 1408 rb
1473 1352 1808 1421 λειπόμενον,

232 1448 359 1515 οἷον,
401 1450 676 1504 ἀθάνατον
724 1443 863 1501 εἶναι
892 1446 990 1517 τὴν
1011 1446 1208 1517 ψυχὴν,
1243 1446 1389 1515 καὶὴ
1428 1441 1628 1507 ἔξωθεν
1664 1438 1812 1510 φιλο-

234 1541 392 1610 σοφία
450 1539 635 1609 φησίν.
691 1531 860 1601 Οὗτος
908 1540 938 1591 ὁ
984 1537 1217 1608 εὐσεϐής
1253 1537 1371 1588 ἐστι
1414 1534 1593 1596 τόκος.
1652 1528 1813 1583 Ἀλλὰ

236 1630 579 1699 μεταϐαίνειν
604 1628 712 1682 ἀπὸ
754 1631 1018 1699 σωμάτων
1053 1628 1131 1691 εἰς
1170 1627 1392 1698 σώματα
1415 1664 1431 1688 ,
1462 1624 1553 1678 καὶ
1580 1623 1642 1674 ἐκ
1665 1620 1809 1688 λογι-

233 1724 333 1793 κῆς
358 1721 580 1790 φύσεως
616 1723 697 1785 εἰς
722 1720 917 1788 ἄλογον
950 1720 1119 1790 αὐτὴν
1155 1717 1524 1789 μεταφύεσθαι
1543 1733 1556 1747 ·
1589 1712 1747 1767 τοῦτο
1773 1714 1806 1781 ὴ

234 1810 523 1883 σαρκώδης
549 1826 610 1862 τε
650 1809 746 1862 καὶ
784 1807 1078 1876 ἀλλόφ.υλός
1119 1808 1267 1861 ἐστιν
1310 1803 1661 1877 ἀκροϐυστία.
1699 1803 1811 1856 Kal.

232 1902 365 1958 ἄλλα
397 1899 629 1955 τοιαῦτα
655 1898 846 1953 πολλά.
874 1898 1004 1952 Θεὸν
1034 1893 1174 1951 εἰναί
1200 1912 1386 1966 φησιν,
1415 1894 1550 1949 ἀλλὰ
1581 1894 1675 1947 καὶ
1698 1893 1811 1945 ὑλι-

235 1993 323 2047 κὸν
351 1992 527 2045 αὑτὸν
559 1992 730 2046 olera:
749 2007 763 2021 ·
803 1989 1132 2060 δημιουργὸν
1170 1987 1332 2042 αὐτὸν
1376 1985 1646 2056 ὁμολογεῖ,
1676 1982 1811 2038 ἀλλά

234 2084 363 2156 ὕλης
395 2084 538 2155 πρὸς
567 2082 926 2153 δημιουργίαν
964 2080 1244 2151 δεόμενον
1273 2078 1476 2147 ἀγαθόν
1508 2094 1566 2130 τε
1599 2076 1692 2130 καὶ
1719 2075 1810 2129 δυ-

235 2177 389 2230 νατὸν
419 2169 563 2231 εἶναι
606 2174 845 2238 δίδωσιν,
877 2172 1015 2227 ἀλλὰ
1057 2173 1407 2242 παραχωρεῖν
1448 2171 1506 2223 ὲν
1546 2171 1660 2231 τοῖς
1686 2169 1812 2221 πολ-

232 2266 339 2332 λοῖς
384 2271 456 2339 τῇ
491 2266 705 2339 ἀνάγκη
748 2267 848 2335 τῆς
886 2263 1245 2336 εἱμαρμένης,
1288 2261 1383 2315 καὶ
1415 2260 1468 2313 τί
1512 2260 1577 2314 ἄν
1622 2276 1708 2323 τις
1743 2258 1812 2312 τὰ

234 2362 353 2415 καθ’
386 2361 621 2414 ἕκαστον
656 2360 915 2431 διηγοῖτο,
941 2359 1090 2421 ὅπως
1126 2358 1197 2411 τὰ
1225 2354 1367 2410 καλὰ
1394 2352 1503 2408 τῶν
1527 2353 1814 2425 δογμάτων

234 2451 384 2523 πρὸ
404 2454 474 2522 τῇ
499 2451 606 2518 ἔξω
629 2448 919 2520 φιλοσοφίᾳ
943 2450 1064 2511 ταῖς
1084 2447 1312 2510 ἀτόποις
1338 2443 1683 2516 προσθήκαις
1711 2457 1814 2496 κα-

234 2540 621 2611 ταμολύνεται,
660 2532 736 2593 ὧν
778 2535 1236 2609 περιαιρεθέντων
1283 2533 1438 2596 ῑλεως
1471 2534 1604 2604 ἡμῖν
1644 2532 1674 2585 ό
1716 2530 1811 2583 τοῦ

233 2631 368 2686 Θεοῦ
398 2629 631 2699 ἄγγελος
654 2628 886 2699 γίνεται,
916 2629 991 2692 ὡς
1018 2626 1227 2696 γνησίῳ
1249 2624 1393 2696 τόκῳ
1419 2622 1527 2677 τῶν
1557 2620 1812 2677 τοιούτων

233 2723 522 2794 δογμάτων
557 2719 1016 2791 ἐπαγαλλόμενος.
1064 2717 1201 2779 Ἀλλ)
1231 2716 1516 2771 ἐπανιτέον
1554 2716 1692 2787 πρὸς
1713 2715 1813 2787 τὴν

233 2814 555 2869 ἀκολουθίαν
594 2811 688 2866 τοῦ
729 2811 910 2879 λόγου,
955 2810 1031 2874 ὡς
1068 2809 1137 2864 ἂν
1165 2810 1259 2863 καὶ
1301 2810 1433 2879 ἡμῖν
1482 2807 1813 2876 ἀπαντήσειέ

235 2924 388 2973 ποτε,
423 2904 653 2990 πλησίον
681 2903 990 2974 γενομένοις
1016 2901 1123 2955 τῶν
1148 2899 1460 2969 Αἰγυπτίων
1492 2897 1739 2967 ἀγώνων,
1775 2899 1810 2969 ή
1844 2883 1886 2942 C

233 2996 503 3068 ἀδελφικὴ
531 2993 842 3066 συμμαχίαυ
878 2990 1205 3064 μεμυήμεθα
1244 2989 1375 3062 γὰρ⁹
1399 2989 1475 3054 ὡς
1500 2992 1620 3044 κατ’
1645 2989 1817 3060 ἀρχὰς

236 3089 337 3158 μὲν
363 3082 462 3140 τοῦ
494 3086 615 3139 κατ’
637 3084 837 3154 ἀρετήν
864 3081 999 3154 βίου,
1027 3080 1285 3151 συντυχία
1307 3081 1517 3148 γίνεται
1542 3078 1621 3150 τῷ
1650 3080 1815 3134 Μωῦ-

234 3179 347 3241 est,
388 3176 664 3247 πολεμική
707 3192 769 3229 τε
824 3174 919 3228 καὶ
958 3170 1311 3244 πμτιὼδης,
1348 3171 1602 3241 Ἐὅραῖον
1643 3186 1814 3224 κατα-

232 3268 527 3331 πονοῦντος
555 3266 653 3320 τοῦ
697 3264 996 3335 Αἰγυπτίου
1016 3278 1033 3297 ⁸
1073 3263 1169 3318 καὶ
1200 3263 1361 3318 πάλιν
1397 3261 1650 3335 Ἑϐραίου
1681 3262 1816 3336 πρὸς

231 3347 325 3416 τὸν
355 3360 633 3432 ὁμόφυλον
682 3358 1077 3423 στασιάζοντος.

299 3454 370 3508 Ei
385 3454 443 3506 δὲ
469 3452 613 3519 πρὸς
623 3451 686 3505 rb
704 3450 885 3522 μεῖζον
905 3449 1014 3503 τῶν
1039 3449 1141 3520 τῆς
1159 3446 1335 3518 ψυχῆς
1353 3445 1813 3517 κατορθωμάτων,

231 3545 318 3598 διά
338 3560 402 3597 τε
423 3542 526 3613 τῆς
556 3542 772 3612 μακρᾶς
799 3539 1135 3610 ἐπιμελείας,
1160 3539 1254 3592 καὶ
1274 3537 1362 3591 διὰ
1382 3537 1479 3607 τῆς
1500 3538 1558 3590 ὲν
1583 3535 1662 3606 τῷ
1692 3534 1817 3604 ὕψει

231 3634 535 3705 γενομένης
559 3630 920 3701 φωταγωγίας
947 3629 1255 3702 ὲπαρθέντι,
1280 3628 1451 3697 φίλιός
1473 3645 1532 3681 τε
1554 3625 1649 3681 καὶ
1668 3628 1816 3698 εἰρη-

232 3723 353 3793 md]
384 3724 599 3792 γίνεται
623 3724 656 3793 ἡ
708 3720 984 3791 συντυχία,
1008 3718 1191 3774 θεόθεν
1209 3718 1303 3773 τοῦ
1318 3718 1545 3789 ἀδελφοῦ
1568 3718 1702 3790 πρὸς
1717 3718 1817 3790 τὴν

231 3816 544 3885 ἀπάντησιν
580 3813 744 3868 αὐτοῦ
788 3812 1263 3885 παρορμηθέντοςη
1286 3812 1363 3871 Εἰ
1402 3811 1512 3883 γὰρ
1548 3810 1683 3883 πρὸς
1715 3810 1816 3882 τὴν

231 3908 653 3978 τροπικωτὲραν
671 3903 1044 3975 μεταληφθείη
1077 3902 1307 3975 θεωρίαν
1333 3903 1395 3956 τὸ
1419 3903 1539 3957 καθ’
1571 3903 1815 3974 ἱστορίαν

232 3996 627 4067 γεγενημένον·
657 3994 809 4049 οὐδὲν
831 3997 961 4065 ἡμῖν
987 3995 1259 4066 ἄχρηστον
1279 3994 1416 4066 πρὸς
1432 3993 1523 4047 τὸν
1546 3993 1815 4065 ἡμέτερον

232 4087 485 4160 εὑρεθείη
506 4086 726 4140 σκοπόν.
745 4085 835 4156 Τῷ
856 4086 967 4139 ὄντι
983 4085 1090 4157 γὰρ
1105 4088 1216 4149 τοῖς
1233 4086 1290 4138 ὲν
1306 4086 1475 4155 ἀρετῇ
1490 4084 1813 4156 κατορθοῦσι

1979 1165 2157 1224 Habet
2185 1171 2332 1225 enim
2364 1171 2677 1242 philosophi
2696 1171 2883 1227 saeculi
2914 1180 3107 1241 partus
3126 1172 3478 1243 humanaque

1908 1258 2201 1329 disciplina
2225 1264 2452 1319 carnale
2497 1264 2769 1333 quoddam
2823 1265 3173 1334 praeputium,
3225 1279 3335 1333 quo
3369 1265 3478 1318 cir-

1910 1350 2159 1406 cumciso
2204 1354 2350 1422 quod
2410 1355 2768 1424 relinquitur,
2826 1355 3145 1410 Israeliticae
3203 1354 3482 1410 invenitur

1912 1456 2037 1497 esse
2075 1443 2401 1509 nobilitatis,
2455 1455 2534 1511 ut,
2584 1445 2820 1516 exempli
2874 1461 3064 1510 causa,
3113 1445 3478 1501 immortalem

1843 1566 1886 1622 Β
1912 1548 2035 1589 esse
2064 1535 2307 1589 animum
2348 1536 2661 1607 philosophi
2700 1537 3015 1607 perhibent,
3081 1536 3135 1591 id
3171 1537 3320 1606 pium
3374 1545 3476 1592 cst.

1911 1624 1987 1681 De
2018 1628 2346 1696 corporibus
2387 1627 2444 1681 in
2498 1641 2732 1698 corpora
2783 1629 3026 1683 transire
3065 1630 3282 1690 volunt.
3328 1637 3385 1684 et
3413 1628 3481 1683 de

1911 1717 2166 1772 rationali
2206 1726 2401 1772 natura
2437 1718 2601 1773 etiam
2632 1718 2686 1771 in
2721 1720 2951 1773 rationis
2984 1727 3266 1787 expertem
3303 1730 3484 1773 trans-

1911 1807 2065 1863 silire
2119 1809 2367 1863 nonnulli
2427 1815 2715 1871 asserunt,
2771 1809 2886 1863 haec
2944 1809 3102 1878 quasi
3152 1810 3478 1877 praeputium

1910 1897 2359 1977 circumcidenda
2396 1907 2545 1963 sunt,
2581 1900 2882 1969 proculque
2898 1898 3121 1953 omnino
3146 1898 3474 1966 abjicienda.

1910 1989 2080 2045 Deum
2129 2005 2256 2046 esse
2310 2006 2421 2046 non
2466 1999 2689 2062 negant,
2726 1990 2822 2046 sed
2881 1999 2936 2045 et
2974 1989 3310 2044 materialem
3354 2004 3473 2046 eum

1911 2080 2284 2147 arbitrantur;
2350 2090 2658 2137 creatorem
2724 2081 2901 2151 ipsum
2961 2080 3229 2143 fatentur,
3286 2078 3383 2136 sed
3427 2088 3480 2133 et

1911 2172 2139 2226 materia
2164 2172 2234 2227 ad
2288 2172 2587 2228 creandum
2649 2172 2956 2242 indiguisse
3009 2171 3187 2241 ipsum
3244 2172 3489 2232 volunt;

1910 2262 2117 2317 bonum
2147 2270 2202 2319 et
2230 2270 2506 2333 potentem
2532 2279 2658 2319 eum
2694 2264 3023 2328 concedunt,
3072 2263 3168 2319 sed
3201 2264 3256 2316 iu
3295 2264 3486 2323 multis

1911 2351 2010 2406 fati
2037 2354 2355 2410 necessitati
2407 2355 2604 2410 cedere
2637 2375 2651 2412 :
2689 2357 2971 2427 multaque
3005 2359 3110 2412 alia
3164 2340 3485 2425 huiusmodi

1911 2452 2042 2501 sunt
2077 2445 2221 2501 veris
2243 2449 2551 2517 excogitata
2586 2449 2916 2514 rationibus,
2968 2451 3063 2505 sed
3105 2450 3365 2505 absurdis
3400 2458 3484 2504 at-

1911 2553 2019 2608 que
2046 2537 2202 2595 falsis
2240 2540 2685 2610 oppositionibus
2734 2542 3042 2610 maculata;
3086 2524 3209 2613 qua:
3231 2543 3275 2598 si
3320 2543 3485 2597 tolla-

1911 2644 2057 2694 mus,
2084 2630 2354 2700 propitius
2386 2632 2549 2688 nobis
2577 2630 2674 2687 Dei
2702 2634 2927 2703 angelus
2945 2634 3039 2698 sit,
3063 2644 3253 2703 utpote
3285 2635 3481 2688 horum

1900 2717 2227 2797 dogmatum
2262 2729 2423 2791 partu
2455 2722 2700 2793 legitimo
2750 2725 3110 2782 exhilaratus.
3149 2724 3253 2781 Sed
3285 2726 3359 2781 ad
3386 2727 3485 2780 in—

1913 2811 2161 2866 stitutam
2193 2814 2613 2884 explicationem
2650 2816 2959 2879 redeamus,
2986 2826 3044 2871 ut
3067 2818 3347 2874 videamus
3372 2833 3484 2886 quo

1919 2908 2081 2971 pacto
2114 2900 2357 2958 fraterna
2386 2904 2548 2960 nobis
2575 2904 2835 2977 suffragia
2858 2907 3207 2963 subveniant.
3235 2908 3481 2963 Primum

1918 2992 2084 3063 igitur
2139 2994 2196 3049 in
2248 2995 2406 3051 initio
2445 2996 2619 3067 ipsius
2666 2997 2811 3064 vitae,
2859 3000 3260 3055 cumvirtuose
3296 3001 3484 3055 vivere

1917 3082 2132 3156 Moyses
2164 3086 2376 3151 maluit,
2404 3102 2566 3157 quam
2603 3087 2809 3159 reginae
2843 3088 2991 3144 [ilius
3029 3090 3237 3160 absque
3280 3091 3484 3146 virtute

1917 3176 2245 3246 nuncupari,
2284 3176 2584 3234 bellicosus
2637 3179 2861 3249 quidam
2901 3195 3069 3238 casus
3118 3195 3183 3236 ac
3228 3182 3484 3237 militaris

1917 3267 1967 3323 ei
2001 3269 2267 3335 occurrit,
2314 3268 2572 3342 IEgyptio
2602 3272 2670 3326 ad
2703 3269 3017 3339 Hebraeum,
3062 3289 3128 3330 ac
3164 3290 3359 3331 rursus
3385 3274 3487 3331 lle-

1916 3358 2063 3415 braeo
2093 3360 2159 3415 ad
2189 3360 2356 3417 alium
2395 3362 2481 3418 sui
2518 3363 2737 3432 generis
2793 3364 3229 3436 insurgentibus.

1987 3450 2193 3509 Deinde
2222 3468 2348 3508 cum
2380 3454 2492 3524 jam
2528 3455 2676 3509 omni
2704 3471 2936 3512 numero
2961 3457 3483 3530 virtutis,longaque

1916 3542 2383 3613 premeditatione
2414 3544 2940 3616 exercitationeque,
2961 3560 3024 3600 ac
3047 3547 3262 3601 demum
3284 3547 3485 3603 divina:

1916 3636 2056 3691 lucis
2071 3636 2282 3692 visione
2301 3651 2332 3690 a
2352 3636 2582 3692 terrenis
2594 3635 2650 3690 in
2666 3636 2857 3691 altiora
2874 3636 2978 3691 fuit
3003 3638 3267 3705 elevatus,
3302 3642 3483 3711 placa-

1913 3728 2041 3784 bilis
2084 3737 2138 3784 et
2170 3736 2355 3798 optata
2389 3726 2574 3801 fratris
2608 3727 2711 3783 sibi
2738 3730 3051 3784 occursatio
3079 3729 3223 3783 facta
3258 3737 3362 3794 est,
3394 3732 3481 3785 di-

1916 3820 2119 3874 vinitus
2150 3828 2210 3874 ut
2244 3820 2292 3875 ei
2334 3819 2550 3874 obviam
2578 3819 2789 3875 veniret
2822 3820 3062 3875 excitati.
3082 3822 3217 3875 Nam
3238 3821 3482 3892 profecto

1916 3913 1962 3969 Si
1991 3912 2323 3982 tropologice
2351 3911 2498 3982 quod
2521 3912 2825 3967 secundum
2856 3912 3143 3967 historiam
3175 3914 3359 3967 evenit
3388 3930 3482 3968 ac-

1916 4004 2172 4075 cipimus,
2212 4011 2346 4058 tunc
2391 4003 2685 4059 manifeste
2717 4003 2962 4059 divinum
3003 4005 3070 4059 ad
3101 4005 3354 4062 virtutem
3385 4023 3482 4061 no-

1916 4097 2001 4152 bis
2028 4096 2391 4167 patrocinium
2419 4093 2646 4151 concedi
2674 4096 3036 4166 reperiemus,
3084 4112 3207 4150 cum
3244 4112 3310 4152 ex
3345 4113 3484 4166 prae-

233 4178 325 4232 καί
339 4181 373 4251 ή
396 4178 556 4248 παρὰ
576 4177 672 4230 τοῦ
688 4176 823 4230 Θεοῦ
840 4175 1055 4229 δοθεῖσα
1074 4177 1141 4246 τῇ
1165 4174 1325 4243 φύσει
1350 4174 1506 4245 ἡμῶν
1530 4174 1811 4245 συμμαχία

1937 4189 2125 4258 εει-ἰριο
2155 4188 2371 4243 virtutis
2397 4186 2508 4257 jam
2551 4201 2613 4241 ac
2650 4187 2737 4257 pie
2788 4186 3122 4253 vixerimus;
3161 4189 3303 4257 quod
3357 4190 3480 4258 qui-

234 4268 579 4333 συνίσταται,
602 4267 635 4337 ἥ
667 4266 1068 4337 προγενεστέρα
1094 4266 1192 4336 μέν
1232 4267 1346 4319 ἐστι
1375 4264 1515 4318 κατὰ
1542 4265 1640 4337 τὴν
1663 4264 1812 4338 πρώ-

231 4375 328 4430 την
352 4359 596 4427 γένεσιν,
628 4358 747 4410 τότε
788 4357 845 4410 δὲ
887 4358 1133 4427 φαίνεται
1176 4356 1271 4410 καί
1304 4356 1649 4427 γνωρίζεται,
1687 4358 1813 4410 ὅταν

231 4450 432 4516 ἰκανῶς
462 4449 544 4520 τῷ
574 4442 891 4520 ὑψηλοτέρῳ
920 4448 1021 4520 βίῳ
1055 4449 1144 4502 διὰ
1176 4448 1449 4518 προσοχῆς
1486 4446 1548 4501 τέ
1580 4449 1670 4502 καί
1692 4450 1803 4502 ἐπι-

231 4540 457 4610 μελείας
482 4540 682 4602 αὐτοὺς
709 4536 1107 4601 οἰκειώσαντες,
1136 4538 1271 4608 πρὸς
1287 4538 1412 4600 τοὺς
1438 4537 1813 4607 ἰσχυροτέρους

228 4631 333 4683 τῶν
364 4632 550 4686 ἄθλων
576 4627 957 4698 ἀποδυὼμεθα.
1002 4629 1088 4690 Ὠς
1116 4628 1161 4682 δ’
1195 4627 1262 4683 ἂν
1310 4627 1383 4699 μή
1403 4628 1470 4682 δι’
1496 4628 1815 4698 αἰνίγματος

228 4725 356 4795 ἡμῖν
409 4723 486 4776 τὰ
535 4722 836 4791 αἰνίγματα
888 4720 1176 4786 διαλύοιτο,
1218 4721 1545 4791 γυμνότερον
1586 4721 1814 4790 ἐκθήσο-

232 4834 326 4883 μαι
359 4817 468 4887 τήν
508 4815 638 4885 περὶ
690 4813 880 4867 τούτου
926 4813 1181 4868 διάνοιαν.
1214 4813 1388 4882 Λόγος
1430 4813 1513 4877 τίς
1562 4815 1708 4867 ἐστιν
1748 4815 1813 4865 ὲκ

231 4907 510 4977 πατρικῆς
548 4904 898 4976 παραδόσεως
922 4905 984 4957 rb
1016 4904 1205 4957 πιστὸν
1232 4903 1370 4974 ἔχων
1390 4944 1405 4969 ,
1429 4905 1487 4968 ὃς
1519 4922 1671 4975 φησι,
1710 4920 1811 4957 πε-

232 4996 431 5066 σούσης
487 4995 645 5068 ήμῶν
672 4997 755 5059 εἰς
800 4995 1076 5067 ἁμαρτίαν
1122 4996 1221 5066 τῆς
1246 4995 1478 5065 φύσεως,
1528 4996 1602 5067 μὴ
1646 5013 1811 5067 παρι-

228 5087 334 5141 δεῖν
402 5089 502 5143 rbv
566 5088 703 5140 Θεὸν
765 5087 864 5158 τήν
932 5087 1139 5140 πτῶσιν
1210 5086 1368 5158 ἡμῶν
1441 5088 1807 5158 ἀπρονόητον·

230 5179 341 5232 ἀλλ’
376 5180 613 5249 ἄγγελόν
637 5197 763 5249 τινα
794 5177 900 5231 τῶν
937 5178 1038 5249 τὴν
1069 5177 1362 5249 ἀσώματον
1389 5178 1680 5250 εἰληχότων
1712 5180 1813 5251 φύ-

229 5289 332 5336 σιν,
368 5272 791 5343 παρακαθιστᾷν
816 5272 898 5334 εἰς
937 5270 1254 5341 συμμαχίαν
1289 5272 1355 5342 τῇ
1402 5270 1631 5325 ἑκάστου
1672 5270 1808 5344 ζωῇ,

228 5365 293 5419 ἐκ
313 5366 372 5419 δὲ
400 5364 495 5418 τοῦ
523 5364 774 5420 ἐναντίου
796 5403 811 5427 ,
856 5362 947 5416 τὸν
979 5362 1182 5435 φθορέα
1208 5362 1308 5433 τῆς
1334 5361 1549 5433 φύσεως
1579 5363 1810 5436 ἀντιμη-

228 5455 494 5526 Inidia:
538 5457 595 5510 rb
647 5456 765 5511 ἴσον
798 5454 888 5509 διὰ
921 5454 1158 5528 πονηροῦ
1201 5474 1343 5522 τινος
1391 5460 1484 5514 καὶ
1514 5459 1807 5513 κακοποιοῦ

1915 4282 2037 4337 dem
2070 4280 2435 4351 patrocinium
2479 4279 2653 4349 prima
2697 4280 3047 4351 generatione
3099 4286 3156 4333 et
3205 4280 3482 4334 creatione

1915 4381 2100 4428 nostra
2173 4369 2453 4439 antiquius
2504 4377 2589 4425 est
2621 4387 2635 4423 :
2670 4369 2820 4439 prius
2866 4369 3011 4424 enim
3070 4377 3334 4433 creatum,
3383 4371 3479 4424 sed

1912 4473 2043 4521 tunc
2064 4464 2408 4533 apertissime
2438 4468 2683 4531 apparet,
2706 4476 2829 4515 cum
2862 4476 2963 4516 nos
2995 4462 3145 4533 ipsos
3177 4463 3481 4516 attentione

1912 4570 1977 4609 ac
2006 4569 2139 4609 cura
2179 4552 2389 4609 meliori
2420 4552 2547 4606 vita:
2587 4549 3001 4615 tradiderimus,
3035 4566 3099 4607 ac
3132 4568 3232 4622 pro
3265 4554 3382 4608 zelo
3415 4552 3478 4607 li-

1912 4647 2001 4702 dei
2038 4653 2094 4702 et
2149 4646 2371 4700 virtutis
2423 4642 2722 4697 certamina
2753 4642 3161 4712 susceperimus
3205 4643 3476 4713 graviora.

1913 4738 2115 4793 Verum
2146 4752 2215 4791 ne
2266 4735 2496 4805 aenigma
2542 4732 2785 4787 historiae
2814 4747 2911 4802 per
2957 4733 3243 4802 aenigmata
3281 4732 3480 4800 exponi

1912 4831 2182 4894 videatur,
2230 4829 2393 4884 latius
2419 4826 2565 4897 quod
2599 4826 2773 4881 sentio
2802 4824 3207 4895 explanandum
3236 4831 3356 4878 est:
3385 4837 3480 4877 oc-

1914 4921 2111 4977 cultior
2158 4918 2403 4991 quaedam
2453 4916 2700 4977 traditio,
2752 4923 2806 4971 et
2839 4929 2999 4969 verus
3056 4926 3239 4967 sermo
3278 4912 3344 4966 ad
3377 4928 3479 4967 nos

1913 5029 2089 5083 usque
2111 5009 2420 5076 descendit,
2452 5024 2562 5079 quo
2591 5006 2856 5068 creditur,
2879 5014 3233 5075 posteaquam
3258 5003 3315 5057 in
3351 5018 3478 5073 pec-

1913 5109 2093 5154 catum
2125 5105 2321 5150 natura
2352 5104 2540 5150 nostra
2588 5095 2736 5162 lapsa
2764 5102 2870 5157 cst,
2914 5107 3024 5146 non
3053 5092 3277 5146 omnino
3304 5106 3335 5146 a
3362 5093 3475 5146 cle-

1913 5184 2114 5241 mentia
2139 5184 2323 5239 divina
2355 5172 2678 5253 neglectam,
2730 5196 2903 5249 neque
2924 5181 3131 5250 absque
3163 5195 3265 5236 suo
3293 5189 3476 5252 patro-

1912 5278 2058 5334 cinio
2088 5276 2390 5337 dimissam,
2414 5273 2508 5329 sed
2542 5273 2883 5343 angelorum,
2931 5273 3023 5342 qui
3057 5281 3251 5327 natura
3291 5273 3473 5328 incor-

1912 5369 2064 5442 porei
2097 5375 2247 5429 sunt,
2290 5366 2525 5435 aliquem
2570 5364 2626 5419 in
2664 5364 3060 5420 adminiculum
3103 5366 3305 5437 cuique
3340 5382 3472 5422 cou-

1911 5465 2157 5520 stitutum
2193 5459 2383 5528 fuisse,
2415 5467 2734 5541 naturaeque
2772 5468 2976 5515 nostra:
3014 5461 3481 5544 corruptorem‘iu
