3766 5988
150 274 153 277 ·
248 245 350 302 339

1437 245 1495 298 S.
1573 239 1901 297 GREGORH
1940 240 2233 297 NYSSENI

3386 229 3486 286 διο

248 359 502 416 omnibus
526 366 717 414 contra
735 356 1090 419 annitentem,
1128 371 1351 426 pravum
1380 357 1617 426 aliquem
1644 364 1806 427 atque
1837 386 1847 412 Α

2027 372 2182 418 ιονος,
2226 356 2292 424 τῇ
2326 352 2420 405 τοῦ
2454 347 2742 418 ἀνθρώπου
2775 344 2888 414 ζωῇ
2931 341 3354 412 λυμαινόμενον.
3403 340 3494 394 Ἐν

249 450 553 506 maleficum
584 450 830 505 daemona
870 449 935 503 ad
958 449 1098 503 male
1124 448 1413 503 vivendum
1434 448 1684 505 homines
1713 451 1816 504 im-

249 541 559 612 pellentem,
618 537 685 592 ad
719 537 965 607 singulos
1014 535 1339 592 destinasse.
1385 535 1593 591 Horum
1636 546 1818 592 autem

252 630 490 683 medium
529 627 731 682 factum
781 628 1077 688 hominem,
1136 641 1369 695 quorum
1431 628 1569 683 alter
1614 629 1815 689 bonus,

250 721 473 776 virtutis
495 719 637 774 bona
682 719 1108 790 cogitationibus
1134 718 1310 785 otl‘ert,
1331 735 1453 789 quae
1481 720 1550 774 ab
1587 720 1697 776 illis
1723 719 1817 789 qui

252 823 404 871 recte
426 830 486 871 se
530 816 820 886 gesserint,
863 829 958 884 per
1004 828 1153 883 spem
1198 812 1479 877 videntur;
1522 812 1658 865 alter
1690 826 1819 865 vero

254 904 594 959 titillationes
624 911 679 958 et
698 902 1002 971 voluptates
1030 898 1214 953 carnis
1231 897 1492 966 suggerit,
1515 910 1582 949 ex
1620 895 1818 964 quibus

256 992 400 1046 nulla
430 992 700 1046 bonorum
745 1005 870 1059 spes
907 987 1103 1056 surgit,
1157 984 1252 1039 sed
1284 999 1371 1040 res
1412 991 1726 1054 praesentes,
1765 990 1821 1037 et

255 1084 454 1153 quibus
494 1082 746 1146 fruimur,
778 1090 830 1135 et
856 1094 994 1150 quas
1016 1078 1314 1140 cernimus,
1363 1077 1645 1130 hominum
1678 1075 1818 1153 insi-

256 1177 518 1245 pientium
548 1190 746 1228 sensus
793 1174 846 1226 in
889 1171 1206 1226 servitutem
1264 1169 1534 1238 redigunt.
1591 1165 1648 1219 Si
1678 1148 1820 1234 ‘ergo

258 1267 560 1336 sejunxerit
591 1280 650 1320 se
677 1265 748 1319 ab
778 1265 844 1318 iis
869 1264 1067 1332 quibus
1090 1261 1154 1315 ad
1181 1261 1383 1314 malum
1419 1259 1819 1330 pelliciebatur,

258 1357 679 1429 cogitationibus
701 1356 815 1410 suis
866 1355 921 1408 in
973 1355 1167 1409 melius
1224 1351 1534 1414 conversis,
1574 1360 1628 1405 et
1675 1351 1823 1405 velut

262 1446 466 1514 rcjecto
500 1444 554 1496 in
590 1450 799 1512 tergum
832 1441 985 1506 vitio,
1037 1448 1295 1510 tanquam
1334 1441 1615 1509 speculum
1649 1440 1824 1507 quod-

261 1535 384 1589 dam
424 1532 663 1586 animum
698 1546 854 1585 suum
881 1545 948 1584 ex
977 1528 1207 1582 adverso
1236 1526 1352 1596 spei
1381 1524 1693 1580 futurorum
1728 1525 1824 1580 bo-

263 1641 455 1679 norum
489 1623 790 1687 collocarit,
817 1621 897 1675 sic
928 1628 986 1674 ut
1009 1626 1244 1674 ostensa:
1272 1617 1537 1672 divinitus
1572 1616 1677 1671 sibi
1714 1617 1825 1670 vir-

1927 446 2075 518 μέσῳ
2115 445 2170 499 δὲ
2204 445 2334 498 ὄντα
2376 442 2482 497 τῶν
2519 441 2612 493 δύο
2651 438 2744 491 τὸν
2769 435 3074 506 ἄνθρωπον,
3105 430 3195 485 τὸν
3227 430 3493 501 ἐκατέρου

1922 534 2032 588 τῶν
2057 528 2454 603 παρεπομένων
2482 529 2681 582 σκοπὸν
2708 523 3045 586 ὑπεναντίως
3091 522 3225 594 πρὸς
3268 521 3363 574 τὸν
3389 521 3499 574 ἔτι.

1927 643 2019 696 ρον
2045 624 2255 694 ἔχοντα,
2282 623 2350 676 δι’
2392 618 2585 675 ἐαυτοῦ
2622 619 2795 672 ποιεῖν
2830 614 2979 696 κατά
3022 612 3116 667 τοῦ
3162 613 3323 667 ἄλλου
3372 613 3495 668 ἐπι-

1924 692 2307 787 κρατέστερον.
2345 709 2797 782 Προδεικνύοντος
2824 692 2935 768 τοῖς
2958 705 3238 774 λογισμοῖς
3269 702 3367 755 τοῦ
3400 701 3501 772 μὲν

1924 808 2129 877 ἀγαθοῦ
2172 806 2242 860 τά
2282 805 2380 876 τῆς
2422 803 2624 874 ἀρετῆς
2652 794 2852 869 ἀγαθὰ,
2901 799 3004 852 ὅσα
3040 798 3107 850 δι’
3150 794 3364 857 ἐλπίδος
3390 796 3501 855 tot;

1924 896 2278 967 κατορθοῦσιν
2321 897 2514 967 ὁρᾶται
2544 910 2557 922 ·
2606 892 2698 946 τοῦ
2740 891 2798 945 δὲ
2839 888 3027 961 ἐτέρου
3054 930 3069 952 ,
3121 887 3221 949 τὰς
3277 883 3502 947 ὑλώδεις

1926 988 2139 1059 ἡδονάς,
2171 986 2263 1055 ἀφ’
2292 977 2366 1038 ὧν
2394 983 2546 1045 ἐλπὶς
2575 980 2674 1051 μὲν
2704 976 2925 1048 ἀγαθῶν
2948 976 3193 1046 οὐδεμία,
3224 974 3286 1026 τὸ
3308 973 3365 1025 δὲ
3397 987 3504 1024 πα-

1929 1079 2040 1150 ρὸν,
2071 1080 2162 1132 καὶ
2193 1076 2569 1148 μετεχόμενον,
2601 1073 2696 1125 καὶ
2725 1069 3018 1140 ὁρώμενον,
3087 1066 3188 1129 τάς
3219 1063 3506 1132 αἰσθήσεις

1925 1170 2032 1224 τῶν
2075 1167 2441 1239 ἀνοητοτὲρων
2492 1161 2957 1234 ἀνδραποδίζεται.
3013 1157 3184 1227 Είπερ
3216 1151 3308 1209 οὖν
3343 1153 3503 1207 ἀλλο-

1924 1260 2182 1335 τριωθείη
2210 1258 2318 1312 τῶν
2344 1257 2438 1310 ἐπὶ
2476 1254 2630 1325 κακῷ
2658 1248 3039 1313 δελεαζόντων,
3070 1247 3207 1316 πρὸς
3231 1245 3294 1335 τὸ
3319 1245 3507 1335 κρεῖτ-

1927 1331 2020 1407 τον
2042 1352 2152 1415 τοῖς
2177 1350 2455 1417 λογισμοῖς
2486 1343 2804 1416 ἐπιτρέψας,
2832 1340 2927 1393 καὶ
2951 1338 3114 1391 οἱονεὶ
3151 1334 3292 1387 κατά
3330 1331 3506 1386 νώτου

1927 1445 2023 1516 τὴν
2062 1443 2258 1497 κακίαν
2290 1439 2542 1509 ἐποίησεν
2562 1453 2579 1470 ο
2617 1433 3027 1505 ἀντιπρόσωπον
3054 1429 3153 1500 τὴν
3181 1425 3374 1480 ἑαυτοῦ
3401 1425 3511 1493 ψυ-

1927 1515 2050 1606 χὴν,
2078 1526 2190 1586 οἷόν
2218 1546 2272 1583 τι
2298 1529 2621 1600 κάτοπτρον,
2652 1524 2787 1596 πρὸς
2809 1522 2909 1593 τὴν
2937 1520 3124 1573 ἐλπίδα
3150 1516 3257 1570 τῶν
3281 1515 3508 1606 ἀγαθων

1940 1601 2159 1694 στήσας,
2191 1622 2266 1685 ὡς
2294 1620 2393 1690 τῆς
2420 1614 2876 1689 προδεικνυμένης
2902 1610 3049 1680 αὑτῷ
3079 1607 3263 1662 θεόθεν
3303 1601 3505 1678 ἀρετῆς

262 1717 395 1771 tutis
423 1715 635 1784 species
652 1722 705 1769 et
745 1713 1010 1782 imagines
1040 1710 1236 1763 animae
1265 1723 1378 1763 suae
1413 1709 1649 1777 puritate
1695 1722 1823 1776 pos—

2027 1713 2276 1775 :sixdvac
2318 1728 2377 1764 τε
2424 1711 2516 1763 καὶ
2559 1708 2659 1771 τάς
2704 1706 2967 1776 ἐμφάσεις
3012 1699 3090 1770 τῷ
3136 1698 3365 1767 καθαρῷ
3408 1696 3511 1765 τῆς

265 1808 337 1862 sit
365 1807 693 1877 exprimere,
734 1812 864 1857 tunc
901 1804 950 1857 ei
1007 1801 1351 1858 manifestius
1393 1800 1578 1854 fratris
1625 1800 1827 1853 auxilia

266 1900 505 1968 undique
529 1906 815 1967 apparent,
841 1911 1026 1951 secum
1067 1895 1330 1951 adversus
1361 1894 1548 1947 hostes
1583 1893 1778 1968 armati
1811 1909 1827 1957 ;

264 1991 434 2045 frater
468 1988 611 2044 enim
647 1986 1050 2057 quodammodo
1090 1986 1327 2040 hominis
1368 1986 1554 2038 animo
1604 1963 1830 2053 angelus

265 2092 348 2137 est
380 2080 656 2149 (rationali
719 2079 919 2149 quippe
973 2091 1036 2131 ac
1098 2077 1451 2132 intellectuali
1496 2083 1693 2129 natura
1741 2091 1830 2131 se-

267 2189 390 2227 cum
414 2171 932 2240 annectuntur),qui
950 2177 1083 2223 tunc
1113 2170 1348 2221 maxime
1385 2167 1543 2221 nobis
1570 2166 1833 2221 assistere

267 2265 498 2324 videtur,
536 2273 598 2317 ut
641 2263 843 2316 dictum
885 2267 988 2325 est,
1038 2274 1160 2313 cum
1210 2257 1481 2311 Pharaoni
1539 2257 1833 2326 appropin—

270 2346 520 2424 quamus.
559 2351 727 2407 Nemo
749 2359 931 2405 autem
969 2350 1213 2406 historia:
1229 2349 1508 2404 veritatem
1537 2362 1633 2416 per
1653 2348 1833 2401 omnia

271 2462 370 2502 nos
401 2454 558 2514 cogat
595 2443 661 2497 ad
714 2441 1049 2511 propositum
1118 2436 1575 2502 accommodare;
1636 2450 1736 2489 nec
1787 2437 1833 2490 si

270 2537 397 2609 quid
427 2551 537 2591 non
567 2540 995 2590 consentaneum
1020 2531 1149 2584 huic
1202 2528 1525 2598 tropologiae
1578 2527 1633 2579 in
1666 2526 1836 2580 histo-

270 2632 355 2685 ria
410 2628 610 2693 veniat,
663 2626 868 2681 idcirco
922 2621 1233 2676 universam
1284 2620 1425 2673 hanc
1469 2618 1837 2688 intelligenda!

275 2721 571 2792 Scripturze
589 2721 733 2774 viam
773 2720 1094 2785 aspernetur
1146 2719 1308 2782 atque
1347 2718 1704 2775 contemnat;
1743 2708 1838 2764 sed

274 2811 610 2874 recordetur,
637 2810 706 2864 ab
730 2808 884 2862 initio
915 2805 1100 2861 statim
1132 2817 1232 2858 nos
1264 2801 1494 2865 dixisse,
1516 2814 1836 2868 magnorum

278 2902 519 2956 virorum
553 2903 695 2954 vitas
746 2896 816 2951 ad
844 2895 1152 2966 exemplum
1206 2901 1259 2949 et
1305 2892 1665 2947 imitationem
1703 2891 1841 2945 divi-

277 2994 426 3047 nitus
450 2991 608 3045 nobis
639 3005 761 3044 esse
793 2987 1115 3059 propositas.

353 3082 534 3151 Itaque
591 3090 715 3134 cum
763 3094 858 3148 per
902 3073 1219 3132 earumdem
1268 3087 1446 3127 rerum
1478 3071 1696 3134 seriem,
1747 3057 1912 3139 perc

279 3175 499 3231 eosdem
534 3173 655 3226 vitae
693 3186 876 3232 casus,
904 3182 997 3222 aut
1022 3165 1300 3221 materiem
1335 3164 1556 3218 minime
1573 3163 1844 3231 possimus

281 3281 380 3321 vos
409 3265 640 3328 imitari;
674 3260 949 3329 quomodo
976 3259 1122 3314 enim
1162 3271 1354 3311 rursus
1384 3270 1451 3309 ex
1501 3255 1846 3324 transmigra-

282 3360 428 3412 tione
461 3356 729 3424 reperitur
772 3350 1164 3420 multiplicatus
1217 3349 1271 3400 in
1311 3346 1546 3416 IEgypto
1590 3345 1844 3415 populus,

285 3458 378 3505 aut
408 3447 681 3518 quomodo
726 3457 917 3498 rursus
966 3443 1022 3495 iu
1082 3440 1399 3495 servitutem
1432 3437 1639 3506 redigat
1693 3436 1845 3489 illum

288 3540 553 3614 tyrannus
609 3551 739 3608 erga
780 3534 1076 3588 masculam
1125 3531 1334 3600 prolem
1391 3528 1664 3583 hostiliter
1718 3526 1850 3581 alle-

286 3646 429 3696 ctus,
464 3631 669 3699 quique
715 3627 1004 3681 femineam
1046 3623 1347 3677 molliorem
1389 3628 1553 3689 atque
1588 3618 1853 3672 inﬁrmio-

288 3738 403 3778 rem
430 3735 658 3776 nuuiero
691 3717 876 3788 augeri
898 3717 1155 3786 patiatur,
1179 3725 1479 3782 cmteraque
1505 3713 1711 3770 omnia,
1732 3725 1853 3780 quae

290 3815 516 3870 historia
565 3810 983 3879 complectitur,
1042 3808 1133 3861 ubi
1189 3807 1313 3876 quis
1348 3804 1624 3859 inveniet?
1659 3802 1855 3857 nullibi

292 3905 557 3977 proiecto.
589 3903 767 3968 Quare
814 3901 1072 3970 quoniam
1110 3899 1315 3954 eisdem
1362 3899 1415 3951 in
1450 3899 1615 3953 rebus
1661 3897 1854 3950 beatos

293 4000 439 4053 viros
460 3995 665 4050 imitari
714 4008 816 4047 nos
868 3993 1091 4048 minime
1141 4003 1325 4063 posset
1362 3992 1460 4047 fuit
1506 3992 1855 4048 demonstra-

228 4094 233 4099 ’
295 4102 430 4155 tum,
456 4088 521 4142 ad
557 4086 815 4140 moralem
852 4083 1015 4137 vitam
1050 4081 1118 4135 ab
1153 4082 1415 4135 historica
1460 4084 1621 4145 serie,
1675 4088 1857 4140 omnia

295 4179 669 4239 traducamus,
731 4189 853 4244 qum
908 4172 1044 4227 bene
1092 4172 1308 4225 vivendi
1366 4175 1676 4229 rationibus
1721 4191 1857 4230 con-

293 4277 516 4342 gruunt.
547 4266 726 4321 Potuit
755 4267 900 4320 enim
930 4264 1172 4335 profecto
1216 4263 1359 4319 Deus
1390 4265 1455 4318 ad
1494 4268 1857 4336 posteriorum

1937 1807 2071 1870 ἰδίας
2101 1804 2279 1875 ψυχῆς
2306 1800 2716 1857 ἐντυπώσασθαι
2736 1814 2751 1829 ·
2781 1797 2901 1850 τότε
2929 1794 3075 1864 αὑτῷ
3097 1795 3131 1863 ή
3152 1790 3247 1843 τοῦ
3273 1786 3511 1857 ἀδελφοῦ

1937 1898 2221 1969 συμμαχία
2277 1896 2508 1964 συναντᾷ
2550 1893 2644 1946 καὶ
2700 1888 3030 1942 συνίσταται.
3101 1882 3352 1950 Ἀδελφδς
3395 1880 3512 1950 γὰρ

1933 1992 2133 2063 τρόπον
2161 1988 2280 2041 τινὰ
2310 1985 2451 2039 κατὰ
2495 1983 2556 2037 τὸ
2598 1980 2812 2050 λογικόν
2840 1997 2900 2032 τε
2934 1979 3026 2032 καὶ
3052 1975 3236 2046 νοερὸν
3267 1973 3369 2042 τῆς
3402 1972 3512 2041 ψυ-

1934 2062 2038 2154 χῆς
2059 2079 2152 2134 τοῦ
2181 2077 2490 2149 ἀνθρώπου,
2514 2078 2543 2129 ό
2567 2072 2815 2143 ἄγγελος,
2838 2072 2867 2122 ὁ
2895 2070 3014 2122 τότε
3041 2065 3247 2138 (καθὼς
3268 2062 3513 2154 εἴρηται)

1935 2151 2257 2241 ιραινόμενός
2300 2186 2360 2221 τε
2407 2168 2500 2220 καὶ
2545 2163 2983 2234 παριστάμενος,
3028 2160 3156 2212 ὅταν
3199 2155 3279 2225 τῷ
3308 2151 3517 2224 Φαραὼ

1936 2261 2403 2335 προσεγγίζωμεν.
2452 2257 2655 2327 Μηδεὶς
2695 2255 2753 2307 δὲ
2793 2254 2967 2308 διόλου
3005 2251 3104 2320 τὴν
3133 2249 3233 2317 τῆς
3266 2245 3517 2335 ἱστορίας

1938 2333 2152 2408 ἔκθεσιν
2182 2346 2603 2421 παρατεθεῖσθαι
2646 2344 2723 2414 τῷ
2755 2342 2929 2414 εἱρμῷ
2978 2343 3079 2410 τῆς
3125 2337 3382 2406 τοιαύτης
3415 2333 3516 2388 τοῦ

1937 2445 2027 2499 νοῦ
2075 2420 2305 2513 θεωρίας
2348 2439 2604 2509 νομίζων,
2649 2436 2702 2488 εἴ
2745 2420 2847 2488 πού
2875 2450 2927 2486 τι
2964 2432 3071 2486 τῶν
3103 2427 3518 2500 γεγραμμένων

1939 2537 2044 2603 ἔξω
2070 2534 2272 2602 ταύτης
2300 2531 2396 2601 τῆς
2438 2527 2676 2590 διανοίας
2719 2524 3047 2594 εὑρίσκοιτο,
3082 2520 3146 2573 δι’
3174 2517 3388 2572 ἐκείνου
3419 2517 3520 2569 καὶ

1938 2629 1999 2681 τὸ
2028 2629 2132 2680 πᾶν
2161 2623 2422 2678 ἀθετείτω
2438 2637 2452 2650 ·
2485 2618 2598 2673 ἀλλ’
2629 2618 2713 2670 ἀεὶ
2738 2615 3033 2685 μεμνήσθω
3059 2612 3154 2666 τοῦ
3180 2608 3385 2664 σκοποῦ
3405 2608 3521 2661 τῶν

1940 2721 2132 2788 λόγων,
2168 2717 2301 2789 πρὸς
2327 2714 2384 2766 ὃν
2411 2713 2693 2783 βλέποντες
2718 2707 2891 2762 ταῦτα
2919 2701 3322 2776 διεξερχόμεθα,
3353 2700 3522 2762 εὐθὺς

1943 2814 1999 2865 ἐν
2046 2809 2347 2881 προοιμίοις
2398 2805 2712 2865 ἐπειπόντες
2739 2843 2753 2867 ,
2800 2800 2909 2853 τῶν
2959 2796 3257 2865 εὐδοκίμων
3306 2791 3525 2863 ἀνδρῶν

1945 2905 2068 2965 τοὺς
2113 2902 2260 2971 βίους
2298 2900 2377 2961 εἰς
2409 2896 2607 2967 ἀρετῆς
2642 2893 2946 2962 ὑπόδειγμα
2985 2890 3097 2952 τοῖς
3135 2884 3334 2971 ἐφεξῆς
3384 2899 3527 2954 προ-

1947 2993 2183 3048 κεῖσθαι.

2027 3083 2178 3136 Ἐπεὶ
2224 3076 2316 3133 οὖν
2356 3079 2420 3131 δι’
2467 3078 2637 3147 αὐτῆς
2697 3073 2805 3128 τῶν
2851 3072 3190 3143 πραγμάτων
3234 3068 3338 3138 τῆς
3384 3066 3526 3138 ὑλης

1945 3176 2117 3231 ἐλθεῖν
2137 3175 2262 3235 τοὺς
2292 3169 2587 3240 ζηλοῦντας
2610 3166 2678 3220 τὰ
2701 3165 2944 3230 ἐκείνων,
2979 3163 3079 3233 οὑχ
3105 3157 3216 3215 οἷόν
3241 3177 3301 3213 τε
3321 3177 3336 3191 ο
3380 3160 3529 3231 (πῶς

1946 3267 2055 3338 γὰρ
2097 3264 2162 3319 ἂν
2202 3262 2447 3334 εὑρεθείη
2480 3260 2641 3313 πάλιν
2664 3261 2692 3312 ὁ
2721 3261 2784 3312 ἐκ
2813 3254 3154 3327 μετοικεσίας
3180 3256 3235 3305 ὲν
3260 3251 3530 3322 Αἰγύπτῳ

1946 3361 2073 3422 λαὸς
2106 3355 2551 3426 πληθυνόμενος;
2604 3353 2638 3421 ἢ
2690 3348 2850 3402 πάλιν
2892 3345 3384 3415 καταδουλούμενος
3429 3343 3530 3397 τύ-

1954 3467 2160 3524 ραννος,
2189 3451 2217 3501 ὁ
2247 3446 2382 3518 πρὸς
2404 3445 2503 3515 τὴν
2534 3442 2737 3514 apem
2769 3441 2933 3512 γονὴν
2969 3436 3247 3509 δυσμενῶς
3274 3436 3438 3506 ἔχων,
3466 3436 3532 3490 τὺ

1949 3542 2006 3596 δέ
2059 3537 2441 3611 μαλακώτερόν
2498 3551 2559 3587 τε
2611 3533 2706 3587 καὶ
2754 3530 3143 3599 ἀσθενέστερον
3187 3528 3265 3590 εἰς
3321 3526 3531 3595 πλῆθος

1952 3633 2150 3700 αὑξων,
2192 3631 2283 3684 καὶ
2325 3627 2490 3684 τᾶλλα
2531 3627 2729 3687 πάντα,
2780 3626 2880 3677 ὅσα
2923 3622 3163 3693 περιέχει
3206 3623 3235 3673 ὁ
3284 3619 3531 3687 λόγοςς)

1955 3726 2075 3779 ἐπεὶ
2108 3721 2202 3779 οῦν
2233 3723 2488 3776 ἀδύνατον
2519 3715 2809 3787 ἀπεδείχθη
2830 3715 2896 3768 δι’
2927 3713 3102 3767 αὑτῶν
3131 3712 3237 3765 τῶν
3268 3710 3534 3781 πραγμά-

1955 3836 2062 3873 των
2094 3816 2164 3869 τά
2199 3813 2306 3868 τῶν
2341 3811 2620 3883 μακαρίων
2654 3805 2992 3880 μιμήσασθαι
3030 3802 3313 3872 θαύματα.
3361 3816 3534 3869 μετα-

1956 3909 2187 3983 ληπτέον
2218 3907 2282 3961 ἂν
2324 3905 2430 3973 εἴη,
2467 3904 2600 3974 πρός
2648 3918 2770 3954 τινα
2822 3898 3016 3969 ἠθικὴν
3063 3893 3429 3983 διδασκαλίαν,
3468 3894 3535 3944 ἐκ

1956 3977 2057 4072 της
2088 3999 2274 4065 ὑλικῆς
2308 3993 2626 4055 ἀκολουθίας
2653 3991 2721 4045 τὰ
2750 3989 3102 4058 ἐνδεχόμενα·
3146 3984 3212 4037 δι’
3241 3977 3316 4037 ὧν
3345 3981 3411 4035 ἄν
3447 3999 3537 4045 τις

1960 4092 2164 4160 γένοιτο
2190 4090 2303 4150 τοῖς
2333 4084 2467 4156 πρὸς
2491 4083 2688 4153 ἀρετὴν
2722 4077 3078 4132 ἐσπουδακόσι
3119 4075 3254 4144 πρὸς
3287 4070 3537 4125 τοιοῦτον

1963 4184 2075 4253 βίον
2103 4179 2378 4250 συνεργία.
2408 4178 2470 4229 El
2501 4175 2556 4227 δέ
2580 4190 2634 4226 τι
2662 4172 2769 4229 τῶν
2797 4172 2854 4223 ἐν
2879 4171 2941 4239 τῇ
2973 4168 3181 4238 ἱστορία
3207 4164 3536 4233 γεγονότων,

1963 4276 2067 4340 ἔξω
2097 4272 2189 4326 τοῦ
2219 4269 2411 4342 είρμοῦ
2441 4270 2541 4336 τῆς
2569 4266 2856 4336 ἀνειμένης
2881 4261 3136 4322 διανοίας,
3164 4261 3198 4328 ή
3240 4256 3348 4309 τῶν
3387 4272 3538 4325 πρα-

298 4362 683 4435 perfectionem
726 4360 1029 4429 priscorum
1062 4359 1227 4412 vitam
1253 4359 1305 4411 in
1345 4360 1653 4428 exemplum
1690 4361 1847 4416 altius

2027 4367 2188 4421 ιάτων
2213 4364 2422 4432 ἀνάγκη
2455 4361 2637 4413 πεσεῖν
2670 4357 2953 4410 ἐϐιάσατο⁶
2989 4351 3331 4422 ὑπερϐάντας
3352 4346 3538 4407 τοῦτο,

299 4455 627 4510 intellectam
663 4450 1094 4506 accommodare.
1128 4450 1307 4515 Quare
1351 4449 1397 4502 si
1441 4450 1587 4517 quod
1620 4450 1862 4506 historia:

300 4546 502 4601 dictum
561 4557 671 4597 non
717 4544 940 4596 omnino
984 4541 1262 4611 proposito
1303 4540 1577 4604 convenit,
1624 4542 1674 4597 id
1728 4559 1863 4612 prae-

303 4637 687 4696 termittentes,
743 4650 811 4689 ne
862 4634 1031 4688 series
1069 4631 1431 4701 expositionis
1477 4634 1862 4699 intercidatur,

301 4743 422 4799 quae
450 4726 641 4781 idonea
674 4735 802 4780 sunt
850 4724 1266 4794 conjungemus.
1291 4722 1415 4778 llaec
1453 4724 1588 4787 dixi,
1625 4741 1694 4781 ne
1741 4728 1866 4797 quis

305 4821 437 4876 mihi
496 4819 741 4889 objiciat,
792 4833 1034 4887 congrue
1086 4816 1303 4884 quidem
1356 4816 1464 4879 hic,
1517 4833 1614 4886 pro
1662 4821 1864 4883 Aaron,

303 4914 473 4969 fratre
510 4912 680 4983 Moysi
705 4911 933 4979 majore,
973 4912 1228 4981 angelum
1266 4912 1549 4967 custodem
1584 4910 1747 4967 nobis
1785 4912 1869 4966 di-

302 5005 509 5059 vinitus
540 5004 751 5070 datum,
799 5018 903 5058 nos
940 5003 1382 5059 subintellexisse
1411 5022 1426 5070 ;
1474 5018 1599 5056 nam
1631 5012 1685 5057 et
1719 5005 1870 5074 prior

306 5103 498 5150 natura
538 5097 783 5166 angelica
814 5104 920 5159 est,
955 5106 1010 5151 et
1039 5096 1389 5150 intellectuali
1441 5111 1505 5151 ac
1540 5094 1870 5165 incorporali

306 5203 431 5241 cum
465 5187 705 5241 humano
734 5186 1012 5242 videretur
1049 5187 1232 5241 animo
1260 5188 1569 5253 convenire,
1588 5202 1689 5241 nec
1717 5187 1876 5241 dubi-

307 5285 428 5332 tare
460 5294 520 5333 se
571 5278 775 5332 auxilio
808 5278 969 5333 nobis
1005 5279 1242 5334 maxime
1278 5287 1411 5333 tunc
1446 5295 1589 5345 esse,
1614 5295 1738 5334 cum
1780 5278 1875 5332 ad-

310 5386 503 5426 versus
529 5371 904 5439 incorporales
939 5371 1125 5426 hostes
1149 5370 1506 5440 insurgimus,
1548 5386 1658 5424 non
1694 5378 1875 5424 tamen

310 5469 459 5515 recte
495 5475 593 5528 pro
627 5461 749 5525 hoc,
789 5461 946 5529 quasi
987 5461 1155 5516 fratre
1207 5462 1365 5516 nobis
1418 5460 1612 5529 angelo
1662 5474 1879 5529 semper

312 5554 494 5607 Aaron
536 5552 655 5621 capi
698 5568 875 5619 posse.
895 5550 1027 5604 Nam
1075 5568 1200 5605 cum
1251 5553 1429 5605 Aaron
1479 5552 1587 5604 dux
1636 5549 1879 5605 Hebraeis

314 5645 382 5700 ad
438 5642 800 5709 idololatriam
856 5644 1024 5699 luisse
1061 5643 1328 5706 videatur,
1388 5651 1445 5697 ut
1491 5641 1715 5695 historia
1761 5648 1874 5693 tra-

1965 4457 2041 4519 ὼς
2080 4455 2214 4524 πρὸς
2261 4451 2350 4503 τὸν
2394 4447 2657 4519 ἡμέτερον
2708 4442 2905 4498 σκοπὸν
2951 4439 3260 4500 ἀλυσιτελὲς
3303 4437 3397 4491 καὶ
3444 4438 3533 4489 ἀνα

1964 4547 2171 4615 όνητον,
2208 4541 2283 4612 μὴ
2327 4538 2635 4592 διακόπτειν
2673 4537 2731 4588 ἐν
2766 4528 2847 4597 οἷς
2878 4531 3051 4599 ἔξεστι
3077 4534 3176 4601 τῆς
3204 4528 3404 4598 ἀρετῆς
3435 4527 3542 4596 τὴν

1965 4637 2255 4706 ὑφήγησιν.
2286 4629 2471 4683 Ταῦτα
2499 4628 2555 4680 δέ
2580 4643 2720 4696 φημι
2747 4626 2871 4695 περὶ
2894 4624 3002 4677 τῶν
3028 4621 3169 4675 κατά
3196 4621 3288 4672 τὸν
3326 4616 3542 4688 Ἀαρὼν

1965 4727 2285 4798 νοηθέντων,
2327 4721 2387 4774 τὸ
2428 4718 2745 4772 ἀντιπῖπτον
2793 4718 2856 4768 ἐκ
2898 4715 2992 4767 τοῦ
3033 4711 3326 4767 ἀκολούθου
3378 4709 3544 4781 θερα-

1969 4818 2169 4873 πεύων.
2218 4814 2363 4886 Ἐρεῖ
2413 4812 2520 4880 γάρ
2552 4827 2656 4874 τις,
2684 4810 2745 4861 τὸ
2788 4808 2883 4879 μὲν
2914 4804 3191 4874 συγγενῶς
3220 4803 3367 4872 ἐχειν
3403 4803 3542 4871 πρδς

1968 4911 2067 4978 τὴν
2092 4907 2265 4977 ψυχὴν
2291 4908 2347 4956 ἐν
2373 4901 2449 4971 τῷ
2474 4898 2647 4968 νοητῷ
2669 4915 2729 4950 τε
2755 4899 2851 4951 καὶ
2873 4895 3148 4965 ἀσωμάτῳ
3175 4894 3266 4946 τὸν
3285 4891 3544 4960 ἄγγελον,

1973 5001 2063 5054 καὶ
2082 4999 2143 5052 τὸ
2165 4994 2583 5067 προγενέστερον
2605 4992 2702 5061 τῆς
2722 4989 2995 5060 ἡμετέρας
3016 4985 3359 5055 κατασκευῆς
3381 4983 3545 5048 εἶναι,

1973 5092 2066 5145 καὶ
2106 5089 2168 5141 τὸ
2211 5083 2555 5139 συνίστασθαι
2587 5084 2697 5144 τοῖς
2734 5081 2869 5152 πρὸς
2893 5082 3019 5141 τοὺς
3046 5077 3373 5139 ἀντιπάλους
3406 5093 3550 5146 συμ·

1974 5180 2349 5251 πλεκομένοις,
2389 5177 2463 5248 μὴ
2509 5175 2870 5246 ἀμφιδάλλειν
2895 5190 2910 5205 ο
2964 5172 3039 5243 μὴ
3090 5171 3188 5241 μέν
3234 5187 3319 5224 τοι
3366 5168 3547 5232 καλῶς

1976 5273 2137 5345 ἔχειν,
2168 5271 2248 5333 εἰς
2280 5269 2485 5322 ἐκείνου
2513 5266 2699 5332 τύπον,
2739 5265 2830 5317 τὸν
2878 5261 3088 5332 Ἀαρὼν
3126 5263 3288 5323 νοεῖν,
3320 5259 3412 5311 τὸν
3444 5259 3548 5328 τῆς

1977 5362 2419 5433 είδωλολατρείας
2472 5362 2585 5421 τοῖς
2648 5356 3006 5429 Ἰσραηλίταις
3066 5353 3550 5424 καθηγησάμενον.

1978 5458 2123 5530 Πρὸς
2153 5457 2213 5510 ὃν
2249 5455 2500 5528 ἐροῦμεν,
2530 5454 2622 5506 τὸν
2653 5451 2841 5520 είρμδν
2870 5448 3225 5518 ὑπερϐάντες,
3259 5443 3434 5498 ταῦτά
3464 5459 3549 5499 τε.

1981 5548 2017 5602 ἃ
2044 5548 2366 5617 εἰρήκαμεν,
2399 5544 2481 5596 ὅτι
2504 5542 2565 5595 τὸ
2592 5541 2693 5604 ἔξω
2722 5538 2815 5591 τοῦ
2856 5537 3057 5591 σκοποῦ
3092 5535 3167 5606 μὴ
3198 5534 3379 5601 λόγοις
3418 5533 3553 5585 ἀνα-

1982 5638 2230 5711 τρεπέτω
2286 5635 2383 5708 τὴν
2448 5636 2505 5688 ἐν
2544 5636 2653 5696 τοῖς
2700 5631 2904 5694 λοιποῖς
2948 5628 3241 5701 ἁρμονίαν,
3292 5626 3421 5693 καὶ,
3466 5623 3550 5677 ὅτι
