3800 5980
197 221 278 279 5H
1493 234 1579 289 DE
1617 235 1774 292 VITA
1809 237 2084 297 MOYSIS.

3301 251 3427 308 mn

194 338 449 412 ὁμώνυμόν
473 355 522 395 τι
549 340 737 413 χρῆμα
782 341 876 398 καὶ
907 341 969 398 τὸ
997 345 1090 399 τοῦ
1127 344 1353 417 ἀδελφοῦ
1398 350 1491 404 καὶ
1532 352 1593 405 τὸ
1635 354 1728 407 τού

1834 354 1912 410 dit
1931 357 1993 422 ιδ,
2028 358 2300 428 quomodo
2343 374 2468 414 eum
2500 374 2599 430 pro
2633 360 2772 416 duce
2819 362 3038 430 pietatis
3069 366 3261 435 angelo
3296 383 3402 439 po-

194 436 394 506 ὰγγὲλου
419 435 584 500 ἐστὶν,
630 436 759 502 ίσως
795 440 880 508 ἐφ’
910 439 1153 513 ἑκατέρῳ
1190 443 1301 497 τῶν
1344 445 1735 517 ἀντικειμένων

195 530 291 591 ταῖς
318 526 603 596 σημασίαις
636 530 1101 602 ὲφαρμοζόμενον.
1147 534 1223 587 UO
1249 534 1358 607 γὰρ
1389 536 1453 608 δὴ
1479 537 1574 591 τοῦ
1599 538 1732 592 Θεοῦ

196 619 360 691 μόνον,
396 617 527 677 ἀλλά
568 619 664 673 καὶ
706 621 801 674 τοῦ
839 622 1054 677 Σατανᾶ
1091 625 1320 695 ἄγγελος
1368 627 1691 698 ὀνομάζεται
1719 648 1730 660 ·

191 710 269 763 aut
304 709 359 763 ού
397 709 483 763 τὸν
522 711 758 782 χρηστὸν
800 713 981 781 μόνον,
1013 715 1148 770 ἀλλά
1196 719 1288 770 καὶ
1339 719 1430 773 τὸν
1475 721 1728 791 πονηρὸν,

193 799 388 870 αδελφὸν
445 799 736 871 καλοῦμεν.
772 803 928 859 Οὕτω
970 806 1079 878 γάρ
1121 824 1285 877 φησιν
1330 810 1364 879 ἡ
1396 809 1609 882 Γραφὴ,
1641 812 1735 865 ἐπὶ

195 892 277 962 μὲν
303 890 400 945 τῶν
421 893 820 966 χρηστοτέρωψ
864 896 1107 967 Ἀδελφοί
1139 899 1196 952 ὲν
1231 900 1496 970 ἀνάγκαις
1535 905 1731 974 χρήσι-

194 996 269 1051 μοι
294 979 520 1033 ἔστωσαν
538 997 552 1010 ·
600 982 695 1034 ἐπὶ
726 982 784 1036 δὲ
810 982 919 1045 τῶν
945 985 1222 1054 ἐναντίων,
1253 988 1335 1042 ὅτι
1371 990 1485 1055 Πᾶς
1508 990 1731 1059 ἀδελφὸς

194 1070 368 1142 πτέρνῃ
398 1075 657 1141 πτερνιεί.
685 1071 869 1128 Ταῦτα
895 1076 953 1129 δὲ
979 1079 1048 1147 τῇ
1078 1078 1369 1151 ἀκολουθίᾳ
1394 1082 1733 1152 παραθέντες

190 1162 454 1232 τοῦλόγου,
479 1156 574 1217 καὶ
595 1165 693 1237 τὴν
718 1167 1111 1239 ἀκριϐεστέραν
1142 1171 1270 1241 περὶ
1294 1172 1473 1227 αὐτῶν
1501 1173 1732 1246 θεωρίαν

192 1253 258 1312 είς
281 1252 362 1305 τὸν
385 1253 510 1307 ῐδιον
539 1253 899 1325 ὑπερθέμενοι
930 1258 1115 1324 τόπον,
1155 1260 1264 1314 νῦν
1290 1261 1398 1316 τῶν
1433 1265 1730 1335 προκειμέ-

191 1361 278 1398 νων
323 1343 601 1416 ἁψώμεθα.
659 1347 716 1400 ’0
759 1348 938 1402 τοίνυν
967 1350 1159 1404 ἑαυτόν
1191 1369 1251 1407 τε
1297 1353 1377 1424 τῷ
1420 1355 1731 1424 ἑπιφανέντι

191 1435 307 1501 φωτὶ
341 1434 682 1507 δυναμώσας,
726 1438 819 1491 καὶ
855 1440 946 1493 τὸν
974 1440 1212 1495 τοιοῦτον
1243 1443 1468 1514 ἀδελφὸν
1509 1445 1731 1517 σύμμα-

189 1527 265 1595 χόν
290 1543 344 1580 τε
373 1529 461 1580 καὶ
492 1530 853 1601 παραστάτην
882 1532 1241 1603 κτησάμενος,
1270 1534 1483 1607 θαρσῶν
1513 1537 1590 1607 τῷ
1617 1538 1732 1609 λαῷ

186 1619 292 1682 τοὺς
320 1619 451 1690 ὑπὲρ
504 1621 605 1691 τῆς
650 1621 908 1691 ἀληθείας
951 1625 1218 1695 προσάγει
1249 1626 1457 1697 λόγουςν
1500 1630 1593 1683 καὶ
1632 1631 1731 1700 τῆς

188 1710 429 1782 πατρικῆς
452 1712 735 1780 εὐγενείας
764 1714 1194 1787 ὑπομιμνήσκει,
1222 1719 1316 1775 καὶ
1346 1720 1493 1782 ὅπως
1524 1720 1591 1774 ἂν
1625 1696 1733 1786 ἔξω
1765 1696 1805 1750 Β

185 1803 393 1867 γένοιντο
418 1806 517 1875 τῆς
546 1804 701 1876 παρὰ
729 1805 822 1859 τὸν
850 1806 1019 1877 πηλὸν
1052 1809 1145 1862 καὶ
1169 1809 1268 1880 τὴν
1294 1810 1512 1864 πλίνθον
1539 1813 1725 1868 ταλαι-

187 1896 386 1967 πωρίας,
432 1898 619 1953 δίδωσι
660 1899 904 1971 γνώμην.
961 1900 1027 1954 Τί
1075 1897 1168 1955 οὖν
1212 1905 1359 1973 ἡμᾶς
1394 1904 1483 1958 διὰ
1528 1906 1729 1959 τούτων

187 1988 397 2043 παιδεύει
424 1992 456 2061 ἡ
486 1990 702 2062 ἱστορία
727 2009 741 2056 ;
793 1993 855 2045 τὸ
890 1993 1023 2064 μηδὲ
1052 1997 1399 2066 κατατολμᾷν
1441 1998 1540 2066 τῆς
1568 1999 1626 2049 ὲν
1653 1998 1731 2069 τῷ

184 2076 278 2148 λαῷ
301 2078 493 2148 φωνῆς,
539 2080 632 2134 τὸν
675 2081 749 2152 μὴ
786 2081 874 2135 διὰ
907 2083 1002 2153 τῆς
1042 2085 1292 2156 τοιαύτης
1338 2087 1559 2159 ἀγωγῆς
1595 2089 1731 2158 πρὸς

182 2168 262 2238 τὴν
284 2169 383 2223 τῶν
414 2170 628 2224 πολλῶν
659 2173 876 2241 ὁμιλίαν
902 2173 994 2226 τὸν
1027 2175 1182 2242 λόγον
1214 2166 1725 2247 παρασκευάσαντα.

190 2259 331 2329 Ὁρᾷς
354 2260 480 2332 γὰρ.
516 2261 595 2323 ὡς
628 2261 746 2324 νέος
771 2261 848 2315 ὣν
874 2261 974 2329 ἔτι,
1006 2266 1135 2334 πρὶν
1169 2267 1249 2327 εἰς
1276 2262 1530 2320 τοσοῦτον
1563 2269 1729 2340 αὐξη-

182 2348 316 2417 θῆναι
346 2353 407 2421 τῇ
433 2353 631 2422 ἀρετῇ,
665 2353 758 2404 ἐπὶ
797 2352 891 2406 δύο
921 2355 1083 2409 τινῶν
1115 2356 1417 2427 ἀνθρώπων
1456 2360 1557 2413 οὑκ
1581 2360 1727 2425 ἀξιό-

182 2455 343 2503 πιστος
386 2442 650 2512 ἐνομίσθη
702 2443 1006 2513 σύμϐουλος
1055 2445 1279 2517 εἰρήνης
1328 2448 1576 2516 γενέσθαι
1616 2454 1729 2513 τοῖς

180 2529 495 2595 στασιάζουσι
520 2550 536 2562 ⁸
587 2533 681 2585 νῦν
712 2534 768 2586 δὲ
795 2536 1081 2600 τοσαύταις
1115 2539 1340 2607 μυριάσι
1370 2540 1508 2594 κατὰ
1534 2542 1728 2595 ταύτὸν

178 2621 472 2692 διαλέγεται,
526 2627 811 2697 μονονουχὶ
863 2626 1074 2697 βοώσης
1122 2646 1204 2683 σοι
1249 2633 1404 2685 τοῦτο
1449 2634 1547 2703 τῆς
1591 2637 1729 2687 ἱστο-

176 2714 299 2781 ρίας,
335 2717 407 2785 μὴ
438 2717 742 2787 ἑπιτολμᾷν
783 2720 842 2771 ὲν
867 2719 1188 2791 διδασκαλίᾳ
1220 2725 1284 2791 τῇ
1322 2722 1593 2795 συμϐουλῇ
1621 2724 1730 2778 τῶν

174 2802 470 2866 ἀκουόντων,
499 2807 552 2858 εί
582 2806 657 2875 μὴ
684 2805 770 2859 διὰ
806 2808 1060 2877 τοιαύτης
1100 2812 1191 2865 καὶ
1238 2812 1503 2883 τοσαύτης
1532 2814 1729 2884 ὲπιμεο

174 2894 303 2959 λείας
327 2898 359 2966 ή
385 2897 513 2968 περὶ
539 2896 733 2951 τούτου
763 2898 1132 2971 κατορθωθείη
1166 2919 1246 2955 σοι
1276 2903 1523 2974 δύναμις.
1557 2906 1728 2977 ,Ἀλλά

175 2991 455 3058 γενομένων
489 2990 602 3044 τῶν
635 2993 1014 3062 χρηστοτέρων
1041 2992 1244 3070 λόγωμ,
1295 2997 1388 3048 καὶ
1429 3000 1528 3067 τῆς
1574 2998 1725 3050 ὲλευ-

173 3079 336 3150 θερίας
376 3082 811 3152 ύποδειχθείσης,
858 3084 948 3138 καὶ
980 3084 1083 3137 τῶν
1125 3086 1430 3141 ἀκουόντων
1464 3087 1600 3157 πρὸς
1627 3089 1727 3159 τὴν

174 3170 440 3241 ἐπιθυμίαν
493 3173 705 3244 ταύτην
758 3173 1245 3246 ὲπιῤῥωσθέντων,
1302 3177 1658 3248 παροξύνεται
1701 3181 1731 3233 ό

175 3269 422 3340 πολέμιος.
459 3272 561 3326 καὶ
590 3271 847 3325 ἐπιτείνει
891 3268 991 3339 τὴν
1024 3273 1292 3343 ἀλγηδόνα
1331 3276 1443 3338 τοῖς
1472 3276 1729 3345 ὑπηκόοις

172 3360 251 3414 τοῦ
274 3362 448 3432 λόγου.
483 3363 627 3416 Ούδὲ
655 3362 808 3417 τοῦτο
836 3362 940 3427 ἔξω
980 3363 1087 3416 τῶν
1131 3362 1225 3417 νῦν
1259 3366 1560 3435 γινομένων
1591 3368 1726 3419 ὲστί.

222 3545 397 3599 Πολλοὶ
412 3546 523 3617 γὰρ
538 3545 650 3599 τῶν
666 3545 1124 3615 παραδεξαμένων
1141 3548 1231 3598 τὸν
1248 3547 1431 3600 ἐλευθε
1441 3548 1615 3620 ρωτὴν
1634 3550 1728 3620 τῆς

174 3637 457 3706 τυραννίδος
486 3636 671 3704 λόγον,
717 3635 811 3688 καὶ
840 3635 1250 3706 προστιθέμενοι
1282 3636 1359 3707 τῷ
1394 3638 1728 3709 κηρύγματι,

177 3726 313 3797 μέχρι
357 3727 452 3781 τοῦ
503 3727 604 3781 νῦν
645 3730 763 3789 ταῖς
792 3726 899 3779 τῶν
950 3727 1268 3798 πειρασμῶν
1308 3728 1599 3798 προϐολαῖς
1627 3730 1732 3783 ὑπὸ

174 3817 252 3869 τοῦ
292 3818 671 3890 ἀντικειμένου
704 3816 1101 3888 ἐπηρεάζονται
1129 3834 1140 3844 ·
1193 3818 1254 3882 ἐξ
1299 3812 1373 3871 ὧν
1406 3818 1590 3873 πολλοὶ
1633 3820 1731 3891 μὲν

173 3910 506 3983 δοκιμώτεροι
539 3910 638 3964 καὶ
670 3908 1005 3980 βεϐαιότεροι
1037 3911 1165 3979 περὶ
1208 3910 1308 3979 τὴν
1343 3910 1526 3963 πίστιν
1574 3911 1729 3965 καθί⁴

176 4016 392 4063 στανται,
443 4005 512 4074 τῇ
550 4001 791 4072 προϐολῇ
839 4000 947 4053 τῶν
996 3999 1306 4054 λυπούντων
1350 4002 1728 4073 στομούμενοι.

173 4093 274 4146 Τῶν
317 4094 373 4149 δὲ
420 4092 829 4163 ἀσθενεστέρων
882 4092 1024 4155 τινὲς
1070 4074 1163 4145 καὶ
1212 4093 1567 4158 ὲποκλάζουσι
1620 4097 1731 4157 τοῖς

173 4189 407 4251 τοιούτοις
455 4184 864 4257 συμπτώμασιν
888 4226 902 4249 ,
959 4184 1215 4255 ἄντικρυς
1277 4186 1457 4238 ἐκεῖνα
1503 4186 1731 4255 φθεγγό-

175 4296 324 4347 μενοι,
361 4280 423 4333 τδ
457 4277 762 4332 λυσιτελεῖν
801 4277 984 4339 αὐτοῖς
1028 4275 1228 4345 μᾶλλον
1267 4276 1517 4347 ἀνηκόοις
1553 4280 1730 4346 μεῖναι

1836 448 2001 503 situm
2037 449 2108 504 ab
2127 450 2355 507 historia
2388 451 2718 506 credendum
2763 453 2884 509 est?
2911 452 3026 509 lloe
3072 456 3240 527 igitur
3272 475 3407 529 pm-

1810 541 2243 597 .termittendum
2277 542 2462 600 forsan
2491 544 2617 609 erit,
2643 545 2688 598 si
2729 547 2956 600 omnino
2988 549 3399 606 accommodari

1834 647 1944 686 non
1981 634 2194 703 possit:
2232 635 2480 704 quamvis
2515 636 2693 707 angeli
2727 653 2947 708 quoque
2986 654 3211 705 nomen,
3259 650 3317 694 ut
3350 650 3405 698 et

1836 721 2020 778 fratris
2052 723 2117 777 ad
2155 732 2443 794 utramque
2478 732 2689 795 partem
2730 742 2761 780 a
2811 724 3099 797 Scriptura
3150 730 3394 799 positum

1835 809 2179 869 inveniamus
2216 830 2230 878 ;
2268 827 2377 867 non
2417 814 2561 868 enim
2621 812 2715 868 Dei
2746 814 2945 881 solum,
2997 830 3188 870 verum
3235 818 3400 871 etiam

1837 899 2053 957 Satanae
2079 902 2329 973 angelum
2348 902 2585 960 dicimus
2622 923 2636 958 :
2668 920 2768 961 nec
2812 906 3014 959 bonum
3041 914 3276 969 tantum,
3302 904 3403 961 sed

1831 991 1995 1046 etiam
2023 1007 2273 1062 pravum,
2307 992 2527 1051 fratrem
2559 996 2928 1052 nominamus.
2956 995 3177 1052 Fratres
3228 997 3401 1062 enim,

1832 1086 2008 1154 inquit
2034 1086 2317 1155 Scriptura
2339 1087 2406 1150 “,
2431 1086 2543 1142 sint
2587 1086 2643 1141 in
2674 1087 3097 1147 necessitatibus
3144 1087 3327 1153 utiles,
3346 1086 3402 1142 in

1832 1177 2110 1232 meliorem
2133 1177 2226 1231 hic
2256 1186 2468 1246 partem
2521 1175 2708 1253 fratris
2742 1192 2942 1233 nomen
2998 1177 3314 1248 accipiens;
3346 1177 3403 1232 in

1833 1267 2073 1339 pejorem
2115 1276 2296 1323 autem
2343 1268 2563 1338 accipit,
2613 1284 2737 1322 cum
2776 1268 2910 1322 dicit
2943 1284 2959 1322 :
2992 1265 3189 1323 Omnis
3236 1267 3405 1323 frater

1831 1359 2089 1413 calcaneo
2131 1360 2506 1429 supplantabit
2546 1378 2561 1415 :
2598 1375 2787 1413 verum
2818 1359 3150 1429 exquisitius
3191 1360 3307 1415 haec
3346 1360 3402 1413 in

1833 1450 1952 1506 loco
1984 1465 2086 1505 suo
2123 1449 2620 1505 considerabimus.
2688 1449 2793 1515 Qui
2851 1457 3032 1505 autem
3069 1451 3279 1506 visione
3319 1448 3405 1504 (ίὶ-

1832 1541 1970 1596 vinas
2001 1540 2141 1596 lucis
2171 1542 2408 1611 seipsum
2439 1542 2839 1604 corroboravit,
2884 1557 2952 1597 ac
2991 1543 3154 1597 talem
3178 1541 3401 1597 fratrem

1833 1630 2060 1702 adeptus
2111 1633 2205 1695 sit,
2255 1634 2346 1702 qui
2387 1632 2493 1687 sibi
2548 1633 2743 1688 adesse
2780 1634 2834 1688 in
2878 1634 3137 1704 periculis
3176 1647 3286 1689 non
3331 1633 3402 1686 ti-

1833 1733 1998 1785 meat,
2055 1723 2102 1778 is
2125 1724 2238 1793 jam
2286 1723 2626 1780 confidenter
2671 1726 2932 1795 pupulum
2970 1725 3304 1794 alloquatur,
3348 1733 3403 1777 et

1834 1815 1889 1869 in
1920 1815 2237 1870 memoriam
2269 1826 2509 1886 paternae
2534 1816 2836 1871 nobilitatis
2864 1815 3124 1879 adducat,
3175 1824 3402 1872 senten-

1834 1907 2074 1983 tiamque
2104 1907 2273 1969 dicat,
2300 1907 2574 1977 quomodo
2608 1907 2793 1961 limum
2828 1921 2892 1960 ac
2922 1908 3120 1962 lateres
3153 1907 3402 1976 aliosque

1830 1998 2057 2052 serviles
2085 1996 2299 2052 labores
2327 1995 2565 2066 elIugere
2595 1996 2815 2066 poterit.
2852 1994 2958 2051 Sed
2990 1995 3279 2067 diligenter
3302 1996 3400 2051 ad~

1833 2088 2153 2143 vertendum
2211 2102 2330 2150 oro,
2376 2102 2447 2141 ne
2483 2102 2586 2141 nos
2631 2087 2823 2155 fugiat,
2870 2086 3014 2156 quod
3054 2088 3402 2156 apertissime
3514 2116 3517 2121 ι

1831 2180 2059 2235 historia
2095 2180 2210 2249 ipsa
2248 2177 2527 2248 prtedicat.
2559 2176 2821 2233 Videmus
2859 2178 3006 2232 enim
3051 2177 3272 2249 Moysen
3305 2193 3403 2232 an-

1830 2281 1918 2326 tea
1957 2285 2121 2341 quam
2152 2268 2487 2340 perfectiore
2529 2284 2590 2324 se
2606 2252 2826 2323 'virtute
2881 2268 3204 2331 tirmaverit.
3260 2268 3401 2324 duos

1831 2363 1972 2416 inter
1997 2378 2056 2417 se
2106 2361 2500 2416 contendentes
2561 2359 2813 2414 homines
2852 2361 3153 2415 conciliare
3200 2361 3399 2430 nequi-

1828 2453 1974 2507 visse
1991 2451 2078 2518 ²⁶;
2111 2457 2297 2521 postea
2337 2465 2467 2505 vero
2508 2464 2632 2504 cum
2666 2449 2877 2519 sibiipsi
2908 2451 3069 2520 longo
3087 2459 3398 2520 temporum

1830 2543 2008 2611 spatio
2041 2543 2334 2608 vacaverit,
2370 2558 2400 2596 a
2435 2541 2622 2596 multis
2653 2540 2936 2595 hominum
2967 2541 3212 2597 millibus
3245 2542 3403 2597 facile

1831 2636 1885 2689 in
1916 2641 2280 2705 protectorem
2321 2632 2512 2703 recipi.
2552 2630 2746 2703 Magna
2778 2632 2948 2704 igitur
2990 2646 3122 2688 voce
3144 2631 3401 2703 Scriptu-

1830 2738 1904 2777 ra:
1935 2723 2233 2777 auctoritas
2252 2721 2490 2776 clamare
2519 2720 2754 2784 videtur,
2772 2735 2880 2775 non
2906 2720 3259 2776 insiliendum
3279 2736 3402 2777 esse
3512 2762 3522 2771 .

1829 2814 1898 2869 ad
1928 2813 2231 2869 docendam
2269 2810 2770 2883 instituendamque
2818 2809 3251 2875 multitudinem,
3294 2810 3402 2865 nisi

1831 2905 1984 2975 prius
2027 2917 2221 2974 magna
2256 2901 2538 2973 diligentia
2582 2903 2905 2973 magnisque
2957 2900 3235 2956 laboribus
3283 2915 3401 2957 eam

1833 2996 2003 3053 fueris
2051 2995 2430 3065 auctoritatem
2477 2994 2727 3064 adeptus,
2780 3004 2840 3047 ut
2893 2990 3173 3052 auditores
3224 2992 3404 3053 verbis

1831 3090 1940 3146 tuis
1966 3088 2125 3143 facile
2144 3088 2516 3158 acquiescant.
2540 3085 2676 3140 Cum
2698 3085 2864 3155 igitur
2879 3086 3208 3141 sententiam
3234 3084 3404 3156 Moysi

1829 3181 2062 3251 populus
2084 3179 2517 3250 comprobasset,
2570 3168 2948 3247 libertatisque
3000 3177 3280 3234 desiderio
3309 3193 3403 3233 ex-

1831 3271 2078 3335 arsisset,
2124 3269 2387 3324 incitatur
2431 3280 2561 3325 tunc
2611 3268 2811 3334 hostis,
2855 3277 2911 3324 et
2964 3268 3173 3338 majore
3216 3268 3405 3323 labore

1832 3364 2009 3435 ipsum
2072 3362 2432 3431 comprimere
2478 3369 2729 3416 conatur.
2776 3359 2934 3426 Quod
2979 3375 3039 3417 re
3077 3361 3194 3431 ipsa
3242 3361 3405 3417 hodie

1832 3470 2048 3525 quoque
2078 3453 2192 3508 ﬁeri
2227 3452 2494 3507 videmnus.

1903 3545 2035 3598 Nam
2064 3543 2238 3606 multi,
2264 3558 2332 3619 ne
2359 3557 2552 3598 omnes
2578 3543 2777 3604 dicam.
2815 3558 3003 3597 eorum
3048 3545 3141 3613 qui
3192 3559 3403 3600 sermo-

1832 3651 1955 3691 nem
1981 3633 2048 3690 de
2078 3633 2325 3688 libertate
2351 3639 2693 3699 receperunt,
2719 3644 2782 3686 ac
2804 3632 3174 3700 prasdicationi
3224 3633 3403 3687 Evan-

1831 3729 2017 3800 gelicae
2042 3732 2360 3800 paruerunt,
2393 3722 2460 3776 ad
2504 3723 2650 3776 hunc
2691 3737 2863 3792 usque
2902 3722 3044 3778 diem
3094 3740 3124 3778 a
3171 3731 3404 3795 tyranno

1832 3798 1897 3874 ac
1925 3818 2082 3872 hoste
2107 3798 2571 3884 huinani‘generis
2608 3813 2794 3870 multis
2823 3829 2887 3868 ac
2926 3815 3182 3884 gravibus
3223 3824 3402 3871 tenta-

1832 3908 2073 3965 tionibus
2101 3906 2555 3978 comprimuntur,
2586 3905 2789 3973 quibus
2826 3906 2986 3960 multi
3019 3907 3276 3963 meliores
3308 3908 3403 3962 lir-

1833 4004 2144 4071 mioresque
2170 3999 2225 4054 in
2244 3998 2350 4054 fide
2367 3997 2493 4052 facti
2525 4005 2674 4060 sunt,
2697 3996 3064 4054 molestiarum
3092 4000 3405 4056 incursione

1833 4107 2091 4166 tanquam
2138 4092 2256 4146 acie
2296 4089 2557 4161 chalybes
2593 4090 2856 4154 roborati,
2891 4092 2973 4144 vel
3009 4091 3258 4146 dolorum
3306 4092 3406 4145 im-

1835 4195 1962 4258 petu
1993 4184 2267 4241 obdurati.
2324 4179 2582 4235 Nonnulli
2630 4196 2757 4236 vero
2809 4181 2977 4251 (piget
3003 4180 3210 4249 dicere)
3254 4181 3406 4236 fran-

1833 4285 2035 4351 guntur
2062 4273 2328 4339 adversis,
2362 4272 2728 4341 maluisseque
2769 4271 2959 4325 dicunt
3015 4286 3124 4326 non
3186 4272 3406 4329 audisse

170 4371 250 4423 τοῦ
276 4374 367 4443 τῆς
392 4370 713 4441 ἐλευθερίας
742 4368 1118 4441 κηρύγματος,
1141 4369 1175 4440 ἢ
1207 4371 1318 4431 τοῖς
1345 4368 1623 4434 τοιούτοις,
1645 4371 1729 4425 διά

1834 4370 2082 4429 veritatis
2118 4378 2173 4423 et
2204 4365 2473 4422 libertatis
2500 4378 2827 4428 sermonem,
2856 4378 3019 4433 quam
3053 4380 3117 4423 ea
3145 4364 3212 4422 de
3239 4381 3405 4422 causa

170 4463 254 4535 τὴν
293 4465 467 4520 αἰτίαν
511 4463 737 4534 ταύτην,
793 4460 1193 4531 συνενεχθῆναι.
1249 4459 1316 4516 ’Ὁ
1361 4461 1424 4532 δὴ
1473 4464 1566 4516 καὶ
1610 4464 1730 4516 τότε

175 4557 464 4610 συνέϐαινεν
491 4598 508 4624 ,
540 4557 667 4609 ,ὑπὸ
722 4552 1085 4626 μικροψυχίας
1130 4552 1237 4605 τῶν
1295 4553 1641 4624 Ἰσραηλιτῶν
1674 4559 1730 4608 ὲν

170 4648 351 4714 αίτίαις
382 4649 725 4719 ποιουμένων
758 4649 884 4710 τοὺς
925 4646 1023 4717 τὴν
1063 4645 1382 4716 ἀπαλλαγὴν
1422 4645 1606 4710 αὐτοῖς
1634 4646 1730 4716 τῆς

168 4736 389 4805 δουλείας
434 4739 899 4809 ἀπαγγείλαντας.
943 4737 1081 4790 Ἀλλ’
1116 4738 1266 4791 οὐδὲν
1316 4736 1515 4807 μᾶλλον
1542 4736 1730 4815 ἀνήσει

166 4831 360 4901 όλόγος
392 4833 535 4905 πρὸς
572 4831 635 4885 τὸ
676 4830 839 4884 καλὸν
884 4829 1273 4900 ἐφελκόμενος,
1325 4827 1427 4881 κᾶν
1467 4829 1731 4894 παιδικῶς

167 4921 505 4993 ἀποδειλιάσῃ
550 4921 688 4992 πρὸς
717 4920 817 4983 τὰς
844 4918 953 4973 τῶν
994 4918 1315 4989 πειρασμῶν
1348 4918 1542 4988 ἀηθίας
1579 4921 1608 4972 ὁ
1640 4922 1734 4989 νή-

168 5029 278 5077 πιος
307 5014 387 5069 ἔτι
415 5015 516 5068 καὶ
559 5013 755 5085 ἀτελὴς
787 5012 888 5082 τὴν
915 5011 1165 5065 διάνοιαν.
1214 5009 1304 5080 Τῷ
1335 5011 1433 5081 μὲν
1461 5014 1568 5081 γάρ
1606 5011 1731 5080 βλα-

168 5104 329 5176 πτικῷ
374 5105 474 5158 καὶ
505 5102 815 5175 φθοροποιῷ
857 5102 1070 5172 δαίμονι
1116 5099 1274 5154 τοῦτο
1317 5101 1455 5153 κατά
1488 5101 1597 5154 τῶν
1640 5103 1731 5155 ἀν-

170 5192 383 5265 θρώπων
411 5194 797 5259 ἐσπουδάζετο,
829 5194 892 5246 τὸ
923 5192 996 5264 μὴ
1028 5193 1107 5256 είς
1138 5193 1228 5244 τὸν
1254 5192 1478 5263 οὐρανὸν
1513 5191 1728 5262 βλέπειν

167 5285 220 5338 τὸ
248 5286 585 5362 ὑποχείριον,
617 5283 752 5340 ἀλλά
779 5285 840 5339 τὸ
870 5286 950 5348 είς
979 5283 1083 5354 γῆν
1113 5283 1359 5347 κύπτειν,
1396 5283 1490 5338 καλ⁵
1519 5286 1576 5337 ἐν
1604 5287 1724 5338 ίὲαυ⁹

168 5378 235 5450 τῷ
253 5381 340 5434 τὸν
366 5381 546 5452 πηλὸν
578 5377 899 5433 πλινθεύειν.
943 5378 1010 5431 ’⁸0
1035 5395 1087 5430 τι
1116 5376 1223 5448 γὰρ
1248 5376 1313 5430 ἂν
1409 5377 1507 5446 τῆς
1540 5376 1730 5448 ὑλικῆς

167 5473 526 5537 ἀπολαύσειας,
582 5472 646 5525 ἐκ
673 5471 775 5539 γῆς
823 5471 938 5523 ἐστι
970 5470 1187 5532 πάντως
1233 5468 1265 5537 ἢ
1316 5469 1525 5531 ὓδατος,
1570 5470 1730 5521 παντί

1835 4477 1946 4522 tam
1977 4460 2160 4517 multis
2192 4456 2471 4513 laboribus
2517 4455 2794 4511 incidisse.
2838 4456 3074 4528 ldipsum
3115 4466 3229 4513 tum
3273 4476 3407 4529 quo-

1836 4572 1942 4630 que
1972 4555 2133 4609 flebat
2158 4548 2400 4606 Hebraeis
2423 4564 2490 4604 ex
2521 4547 2989 4618 pusillanimitate.
3016 4550 3279 4607 libertatis
3306 4552 3407 4606 mi-

1840 4651 2042 4705 nistros
2076 4641 2486 4705 accusantibus,
2520 4638 2616 4695 sed
2647 4653 2755 4694 non
2791 4642 3030 4697 cessabit
3056 4642 3180 4696 ideo
3207 4643 3405 4713 praedi-

1838 4742 1980 4797 catio
2036 4737 2102 4791 ad
2166 4737 2471 4791 libertatem
2528 4740 2582 4787 et
2628 4732 2909 4788 veritatem
2976 4748 3076 4789 nos
3121 4749 3405 4798 revocans,

1836 4830 2051 4887 etiamsi
2077 4827 2255 4891 multi,
2284 4823 2443 4896 quasi
2472 4823 2624 4893 pueri
2656 4832 2822 4894 atque
2848 4823 3109 4886 infantes.
3154 4825 3408 4879 tentatio-

1837 4939 1936 4979 nes
1962 4920 2367 4993 pertimescant.
2403 4914 2694 4987 Tyrannus
2728 4916 2873 4971 enim
2911 4930 2975 4969 ac
3016 4915 3191 4971 hostis
3221 4924 3408 4972 noster

1837 5014 2087 5068 humanas
2114 5016 2326 5064 naturae
2353 5007 2678 5078 depravator
2723 5021 2938 5077 semper
2975 5006 3178 5072 studet,
3227 5022 3295 5062 ne
3340 5009 3413 5062 ad

1835 5104 2033 5160 cmlum
2078 5101 2267 5156 oculos
2306 5099 2520 5153 elevare
2570 5097 2878 5166 possimus,
2930 5096 3024 5153 sed
3092 5098 3147 5151 in
3207 5105 3406 5152 terram

1835 5197 2097 5252 continuo
2125 5191 2392 5257 inclinati,
2424 5191 2622 5245 lateres
2655 5190 2710 5243 in
2750 5204 2814 5244 ea
2859 5203 2923 5244 ex
2957 5189 3071 5245 luto
3119 5189 3404 5248 faciamus.

1836 5287 1970 5343 Nam
2003 5284 2265 5357 quidquid
2296 5283 2352 5338 in
2379 5282 2482 5337 hac
2504 5282 2614 5335 vita
2645 5281 2941 5346 invenitur,
2969 5297 3077 5351 quo
3119 5282 3245 5353 quis
3289 5298 3406 5337 ma-

1838 5377 2099 5433 terialiter
2122 5389 2188 5430 ac
2214 5372 2542 5430 sensualiter
2566 5369 2798 5434 fruatur,
2842 5370 2892 5425 id
2916 5378 3009 5425 aut
3032 5388 3096 5425 ex
3119 5380 3265 5428 terra
3299 5383 3407 5435 est.

1841 5476 1933 5522 aut
1960 5483 2027 5523 ex
2053 5480 2213 5537 aqua,
2245 5464 2361 5521 sive
2385 5461 2452 5518 ad
2474 5470 2741 5529 ventrem,
2784 5461 2900 5519 sive
2920 5463 2990 5519 ad
3020 5464 3241 5522 divitias
3287 5480 3411 5536 per-

235 5656 283 5690 ”
312 5656 486 5713 Exod.
522 5673 697 5725 χχχιι,
734 5661 758 5716 1
805 5672 925 5731 sqq.
1000 5658 1044 5691 ’⁸
1070 5657 1273 5714 Jerem.
1311 5656 1446 5722 tx,4.
1524 5657 1569 5687 ’θ
1595 5655 1729 5710 Εχοι

1834 5696 1860 5724 ν,
1887 5654 1974 5708 is.
