3766 5988
366 238 466 295 545

1452 244 1455 247 ’
1542 246 1598 304 S.
1641 245 1963 306 GREGORII
2005 247 2296 308 NYSSENI

3496 257 3607 315 ειι

361 360 560 415 tinens.
589 358 792 414 llorum
827 368 1006 416 autem
1048 362 1441 418 elementorum
1481 366 1714 420 mistura
1758 365 1926 420 lutum

2115 387 2137 420 ν
2168 369 2325 437 δῆλον
2349 387 2363 401 ο
2417 371 2483 441 ἦν
2509 371 2569 423 τέ
2599 387 2650 424 τι
2685 370 2795 425 τῶν
2842 372 2974 442 περὶ
3010 371 3249 443 γαστέρα
3294 371 3390 425 καὶ
3421 373 3611 446 θοίνην

363 455 441 519 tit,
469 469 579 524 quo
610 453 821 523 repleti,
853 454 945 523 qui
981 455 1049 509 ad
1077 455 1281 511 lutosas
1309 456 1407 511 has
1429 457 1646 511 inhiant
1673 457 1928 526 volupta-

359 553 462 609 tes,
488 559 767 613 nunquam
792 560 851 599 se
879 545 1069 614 plenos
1090 546 1327 600 retinere
1355 554 1606 620 possunt.
1627 546 1720 603 sed
1742 562 1937 617 quam-

358 620 716 705 vis‘semper
786 652 844 691 se
910 638 1203 707 impleant,
1278 654 1490 706 semper
1556 648 1737 693 tamen
1780 638 1936 692 vacui

359 739 506 781 sunt.
530 725 667 778 Nam
697 727 1153 794 quemadmodum
1202 729 1436 783 laterum
1473 729 1628 783 lictor
1671 729 1818 783 aliud
1851 736 1936 782 at—

360 831 464 884 que
490 816 637 870 aliud
663 818 835 871 lutum
876 816 1066 873 formae
1096 834 1205 889 qua
1238 820 1438 875 lateres
1488 819 1703 890 ﬁgurat,
1755 819 1934 888 impo-

359 906 457 970 nit,
492 906 629 961 adeo
658 915 718 961 ut
748 906 921 961 forma
962 908 1119 977 plena
1165 923 1380 978 semper
1408 917 1463 963 et
1501 924 1670 964 vacua
1719 922 1934 978 semper

360 1000 457 1053 luti
483 1000 592 1055 dici
621 1000 826 1070 possit,
866 1001 1127 1068 quoniam
1171 1015 1297 1057 cum
1334 1001 1440 1055 hoc
1472 1002 1738 1071 receperit
1769 1010 1933 1073 atque

360 1087 702 1153 lormaverit,
736 1091 922 1145 nullus
957 1091 1195 1160 amplius
1228 1106 1364 1146 usus
1388 1091 1562 1161 ipsius
1589 1092 1656 1146 ad
1684 1092 1788 1148 hoc
1824 1104 1929 1160 est,

358 1180 452 1236 sed
484 1181 548 1233 ad
576 1181 723 1234 aliud
741 1181 807 1235 ad
836 1182 981 1251 quod
1004 1197 1174 1236 vacua
1198 1193 1281 1237 est
1304 1201 1316 1236 :
1337 1183 1421 1238 sic
1441 1184 1730 1253 appetendi
1755 1186 1860 1251 vis,
1884 1187 1931 1241 si

358 1273 482 1341 quis
508 1288 627 1327 eam
660 1273 745 1328 his
776 1274 1009 1329 terrenis
1032 1274 1426 1342 cupiditatibus
1452 1276 1664 1344 replere
1690 1276 1928 1354 studeat,

359 1375 410 1420 et
444 1367 488 1420 si
521 1367 664 1436 quod
700 1367 754 1420 in
784 1367 905 1421 dies
932 1368 1095 1437 capit,
1130 1374 1489 1436 assequatur,
1532 1382 1706 1438 eoque
1747 1385 1806 1424 se
1842 1386 1932 1425 re-

359 1460 524 1528 pleat,
550 1473 722 1512 vacua
749 1465 929 1511 tamen
965 1472 1177 1526 semper
1203 1466 1307 1522 est,
1330 1474 1453 1512 cum
1482 1474 1544 1514 ea
1572 1475 1692 1528 quas
1717 1460 1929 1525 habuit,

359 1557 601 1618 respuat,
630 1550 759 1604 etin
792 1548 939 1602 aliud
986 1557 1149 1617 atque
1196 1548 1343 1602 aliud
1401 1548 1660 1604 continue
1701 1549 1928 1615 feratur,

358 1657 460 1695 nec
494 1640 620 1694 linis
639 1639 930 1695 miserrimi
961 1639 1174 1694 ardoris
1198 1639 1559 1708 cupiditatum
1586 1655 1708 1695 esse
1726 1648 1923 1710 potest,

357 1731 465 1786 nisi
499 1732 627 1801 quis
665 1731 942 1785 carnalem
966 1732 1132 1786 vitam
1166 1731 1411 1801 repellat.
1438 1730 1613 1786 Pales:
1632 1746 1762 1787 vero
1786 1746 1924 1802 quas

357 1825 623 1879 lateribus
677 1824 985 1879 immiscere
1031 1830 1305 1893 coguntur
1347 1820 1551 1892 ",jatu
1595 1838 1625 1876 a
1662 1824 1925 1877 sacratis-

358 1917 497 1970 simo
523 1914 818 1988 Evangelia
843 1920 897 1968 et
920 1912 1106 1969 divina
1134 1914 1378 1983 Apostoli
1405 1915 1534 1969 tuba
1571 1914 1704 1984 quid
1751 1915 1923 1985 signi-

360 2009 547 2068 ﬁcent,
591 2007 899 2077 expositum
954 2015 1059 2062 εει.
1110 2005 1389 2060 Materiam
1433 2006 1578 2061 enim
1634 2006 1776 2077 ignis
1829 2021 1927 2075 per

355 2099 570 2153 eulmos
604 2105 659 2150 ct
685 2097 870 2164 paleas
911 2096 1125 2151 ostendi
1180 2096 1505 2151 conﬁrmant
1557 2098 1742 2166 (quam
1801 2098 1926 2166 qui-

356 2189 478 2243 dem
513 2189 799 2242 materiam
823 2187 967 2257 ignis
1000 2189 1046 2242 is
1090 2187 1191 2242 sibi
1226 2193 1515 2256 praeparat,
1566 2187 1661 2256 qui
1693 2187 1928 2242 terrenis

355 2278 609 2333 obruitur
637 2274 1055 2345 voluptatibus).
1089 2273 1290 2329 Verum
1326 2274 1547 2343 quando
1578 2275 1780 2344 aliquis
1830 2290 1925 2329 eo-

356 2383 498 2428 rum,
529 2366 621 2436 qui
656 2366 879 2431 virtutis
905 2368 1219 2436 praestantia
1245 2367 1544 2429 excellunt,
1581 2381 1611 2419 a
1655 2366 1926 2421 servitute

355 2458 424 2512 ad
452 2458 759 2513 libertatem
807 2457 1126 2511 submersos
1173 2458 1229 2509 in
1255 2456 1402 2511 vitiis
1453 2456 1702 2511 homines
1733 2456 1925 2512 vendio

355 2564 484 2603 care
510 2554 761 2607 conatur,
799 2555 927 2600 tunc
958 2545 1637 2614 cavillatoris,quivariis,
1676 2555 1736 2600 ut
1774 2545 1921 2616 Apo-

357 2641 532 2693 stolus
559 2638 635 2691 ait
666 2638 731 2703 ²⁸,
783 2637 1050 2691 adversus
1090 2636 1303 2690 animas
1341 2643 1559 2690 nostras
1593 2637 1763 2691 utitur
1799 2638 1928 2693 insi-

234 2764 248 2777 .
354 2728 496 2788 diis,
555 2735 746 2783 contra
802 2725 1041 2780 divinam
1099 2724 1501 2780 institutionem
1550 2727 1926 2783 cavillationes

356 2818 733 2875 fraudulentas
764 2817 991 2871 inducit.
1016 2814 1144 2871 Haec
1174 2815 1300 2871 dico
1336 2816 1405 2871 ad
1433 2817 1718 2889 IEgyptios
1740 2818 1929 2875 draco:

356 2926 455 2963 nos
484 2910 809 2978 respiciens,
862 2908 955 2978 qui
982 2908 1166 2964 varias
1200 2907 1421 2964 fraudes
1461 2910 1596 2966 artis
1640 2910 1927 2967 diabolicae

2041 460 2484 531 σπουδαζομένων
2506 501 2521 525 ,
2575 463 2641 533 ἦν
2692 481 2750 516 τε
2800 464 2894 517 καὶ
2941 465 3041 518 ὅσα
3086 463 3212 533 περὶ
3249 462 3348 517 ’τὸν
3379 464 3610 520 πλοῦτον

2035 549 2247 620 ὁρᾶται.
2311 552 2375 604 Ἡ
2404 552 2462 606 δὲ
2508 554 2614 605 τῶν
2665 555 2940 624 στοιχείων
2981 553 3186 607 τούτων
3239 554 3386 624 μίξις
3438 555 3610 626 πηλδς

2035 639 2242 708 γίνεται
2270 642 2363 695 καὶ
2401 643 2720 713 ὀνομάζεται
2758 660 2772 674 ⁸
2821 638 2882 698 οὗ
2928 643 3257 715 πληροῦντες
3300 645 3530 707 ἑαυτοὺς
3561 649 3609 700 οἱ

2036 729 2171 798 πρὸς
2198 729 2298 794 τὰς
2335 730 2598 801 πηλώδεις
2630 731 2820 802 ἡδονὰς
2869 734 3177 802 κεχηνότες,
3210 732 3465 784 οὐδέποτε
3510 734 3611 803 τὴν

2033 818 2284 892 δεκτικὴν
2336 820 2444 875 τῶν
2493 823 2696 893 ἡδονῶν
2759 824 3101 895 εὐρυχωρίαν
3150 822 3332 895 πλήρη
3390 824 3606 891 φυλάσ-

2035 924 2127 962 σου
2134 926 2235 963 σιν·
2255 909 2390 966 ἀλλὰ
2401 911 2558 967 τὸάεὶ
2567 907 2942 984 πληρούμενον
2951 913 3159 980 γίνεται
3171 914 3332 967 πάλιν
3345 917 3506 970 κενὸν
3529 916 3610 989 τῷ

2032 999 2358 1071 ὲπιρῥέοντι.
2409 998 2565 1053 Οὕτω
2590 1000 2700 1071 γὰρ
2731 1002 2760 1053 6
2800 1000 3172 1072 πλινθουργῶν
3217 1003 3404 1056 ἄλλοτε
3440 1004 3607 1074 ἄλλην

2035 1090 2244 1160 βλέπων
2275 1089 2529 1153 διάθεσιν,
2558 1091 2792 1154 εὐκόλως
2831 1090 2896 1144 ἂν
2933 1093 3122 1161 νοήοαι
3153 1092 3212 1145 τὸ
3243 1092 3495 1163 αἴνιγμα.
3546 1094 3609 1149 Ὅ

2031 1183 2140 1253 γὰρ
2187 1182 2476 1253 πληρώσας
2521 1183 2711 1236 ἑαυτοῦ
2755 1184 2853 1254 τὴν
2907 1183 3201 1254 ἐπιθυμίαν
3262 1184 3319 1238 ἔν
3371 1203 3480 1238 τινι
3530 1179 3606 1239 ὧν

2032 1273 2383 1338 ἐσπούδασεν,
2418 1274 2466 1325 εί
2512 1274 2648 1345 πρός
2694 1274 2881 1344 ἔτερόν
2908 1291 2959 1328 τι
2987 1277 3055 1345 τῇ
3101 1276 3369 1347 ἐπιθυμίᾳ
3397 1276 3613 1347 ῥέψειε,-

2031 1364 2186 1426 κενὸς
2229 1363 2365 1434 πρὸς
2410 1366 2585 1417 ἐκεῖνο
2638 1365 2799 1417 πάλιν
2833 1365 3143 1435 εὑρίσκεται
3167 1382 3183 1397 ·
3238 1366 3342 1418 κᾶν
3379 1367 3604 1434 γένηται

2031 1454 2204 1525 τούτῳ
2250 1453 2482 1526 πλήρης,
2527 1453 2604 1523 τῷ
2644 1454 2815 1525 ἑτέρῳ
2844 1453 3007 1506 πάλιν
3040 1454 3195 1516 κενός
3226 1472 3285 1507 τε
3312 1456 3407 1507 καὶ
3440 1455 3604 1525 εὐρύ-

2030 1563 2206 1617 χωρος
2231 1544 2458 1614 γίνεται.
2494 1543 2599 1597 Καὶ
2640 1543 2796 1597 τοῦτο
2840 1544 2902 1596 οὐ
2935 1543 3165 1596 παύεται
3197 1544 3285 1597 διὰ
3312 1546 3517 1607 παντὸς
3547 1549 3604 1598 ὲν

2031 1638 2161 1708 ἡμῖν
2196 1637 2604 1709 ἐνεργούμενον,
2633 1634 2737 1698 ἕως
2770 1634 2834 1688 ἄν
2875 1650 2960 1696 τις
3002 1633 3284 1698 ὑπεξέλθοι
3326 1634 3424 1687 τοῦ
3468 1636 3604 1688 ὑλώ-

2026 1729 2148 1792 δους
2189 1729 2325 1798 βίου.
2373 1728 2435 1780 Ἡ
2458 1727 2515 1780 δὲ
2550 1727 2789 1796 καλάμη,
2822 1725 2917 1780 καὶ
2948 1725 3008 1779 τὸ
3052 1727 3120 1778 ἐκ
3147 1725 3350 1796 ταύτης
3379 1727 3602 1798 ἄχυρον,

2023 1821 2053 1874 6
2077 1819 2464 1890 καταμιγνύειν
2495 1821 2560 1890 τῇ
2589 1818 2791 1888 πλίνθῳ
2819 1819 3293 1887 καταναγκάξεται
3314 1822 3345 1872 6
3368 1823 3483 1883 τοῖς
3513 1838 3606 1873 τυ-

2027 1913 2295 1981 ραννικοῖς
2320 1909 2606 1962 ὑπακούων
2627 1909 3045 1979 προστάγμασι·
3087 1909 3239 1978 παρά
3257 1925 3317 1961 τε
3338 1908 3433 1962 τοῦ
3459 1909 3601 1965 θείου

2026 2002 2375 2071 Εὐαγγελίου,
2423 2002 2517 2053 καὶ
2561 1998 2710 2072 παρὰ
2743 2000 2843 2070 τῆς
2886 1999 3094 2069 ὑψηλῆς
3140 1998 3231 2051 τοῦ
3276 2000 3601 2053 Ἀποστόλου

2026 2091 2232 2160 φωνῆς,
2257 2088 2579 2160 ἀμφοτέρων
2608 2086 2809 2158 ὁμοίως
2842 2088 3015 2158 πυρὸς
3040 2087 3192 2157 ὓλην,
3219 2089 3280 2141 τό
3307 2107 3369 2142 τε
3401 2090 3603 2160 ἄχυρον

2026 2183 2120 2236 καὶ
2152 2182 2251 2251 τὴν
2284 2179 2537 2251 καλάμην
2567 2179 3038 2250 ὲρμηνευσὰντων.
3093 2179 3262 2232 Ὅταν
3303 2179 3484 2232 τοίνυν
3519 2197 3603 2243 τις

2024 2273 2134 2326 τῶν
2182 2274 2241 2325 ἐν
2287 2273 2454 2341 ἀρετῇ
2499 2269 2855 2341 προεχόντων,
2901 2269 3154 2339 ἀποσπᾷν
3182 2269 3343 2341 ἐθέλῃ
3370 2271 3498 2334 τοὺς
3535 2274 3601 2342 τῇ

2025 2363 2206 2433 ἀπάτῃ
2256 2361 2681 2430 δεδουλωμένους
2724 2360 2806 2423 είς
2851 2359 2964 2430 βίον
3021 2358 3384 2429 ὲμφιλόσοφόν
3414 2376 3475 2412 τε
3510 2361 3602 2413 καὶ

2025 2453 2306 2523 ἐλεύθερον
2341 2469 2354 2483 ·
2406 2448 2544 2505 οἶδεν
2589 2453 2618 2504 6
2649 2440 2767 2515 ταῖς
2799 2450 3068 2513 ποικίλαις
3092 2488 3107 2513 ,
3156 2450 3339 2513 καθώς
3385 2468 3551 2522 φησιν
3575 2453 3604 2504 6

2038 2543 2376 2606 ’Δπόστολος,
2419 2541 2719 2613 μεθοδείαις
2748 2541 2889 2595 κατά
2913 2541 3020 2594 τῶν
3050 2541 3235 2612 ψυχῶν
3267 2542 3426 2612 ἡμῶν
3454 2559 3604 2609 σοφι-

2028 2635 2251 2698 στεύων,
2285 2634 2747 2705 ἀντιπαραγαγεῖν
2789 2631 2867 2702 τῷ
2896 2632 3026 2703 θείῳ
3050 2633 3200 2702 νόμῳ
3235 2632 3304 2684 τὰ
3329 2633 3428 2703 τῆς
3459 2633 3603 2686 ἀπά-

2024 2744 2125 2798 της
2168 2726 2492 2796 σοφίσματα.
2544 2724 2731 2779 Ταῦτα
2769 2723 2827 2777 δὲ
2856 2723 3028 2791 λέγω,
3083 2722 3219 2792 πρὸς
3266 2723 3393 2785 τοὺς
3439 2725 3604 2791 Λίγυ-

2027 2819 2214 2882 πτίους
2251 2818 2547 2886 δράκοντας
2577 2815 2787 2887 βλέπων
2825 2814 2903 2885 τῷ
2932 2814 3095 2885 λόγῳ,
3124 2814 3272 2866 τοῦτ’
3299 2813 3437 2879 ἐστι,
3468 2814 3604 2884 πρὸς

2025 2912 2122 2975 τὰς
2153 2910 2401 2981 ποικίλας
2430 2910 2529 2979 τῆς
2570 2908 2787 2978 ἀπάτης
2824 2905 3036 2969 κακίας,
3071 2898 3147 2959 ὧν
3175 2906 3265 2957 τὸν
3291 2905 3604 2974 ἀφανισμὸν

357 3002 424 3055 ad
480 3001 775 3070 perniciem
842 2999 1122 3054 hominum
1175 3000 1512 3069 eXCOgitatas
1561 3002 1921 3072 signiﬁcant,

2115 3002 2180 3056 r05
2232 3002 2476 3065 Μωσέως
2505 2999 2698 3071 ῥάϐδος
2731 2997 3044 3070 ἐργάζεται,
3089 2997 3216 3067 περὶ
3258 2992 3327 3068 ἦς
3368 2996 3606 3067 μετρίως

357 3108 496 3162 quas
527 3093 680 3161 virga
712 3089 883 3161 Moysi
914 3090 1148 3145 destruit
1198 3099 1362 3159 atque
1404 3094 1682 3146 consumit
1723 3094 1926 3163 (incar-

357 3184 509 3237 natio
547 3182 803 3236 videlicet
822 3179 1035 3251 Verbi),
1071 3181 1236 3236 sicuti
1268 3181 1380 3250 jam
1417 3181 1802 3250 diximus.Qui
1831 3200 1928 3239 au-

358 3284 465 3330 tem
525 3274 666 3328 hanc
704 3272 923 3328 virtutis
973 3273 1060 3343 (ac
1095 3272 1238 3342 lidei)
1299 3274 1506 3343 virgam
1559 3275 1741 3340 habet,
1804 3293 1927 3348 quae

376 3367 520 3431 (cum
558 3366 709 3435 virga
735 3363 1088 3434 veritatissit)
1141 3364 1343 3419 diaboli
1392 3364 1765 3424 fraudulentas
1815 3370 1926 3422 vir-

358 3474 454 3527 gas
505 3456 799 3519 consumit,
833 3456 919 3510 via
962 3464 1110 3510 recta
1158 3464 1559 3526 consequenter
1601 3458 1668 3512 ad
1718 3459 1925 3529 majora

358 3546 602 3615 proci-dit
629 3545 890 3600 miracula
926 3565 938 3599 :
986 3559 1105 3615 quae
1137 3545 1356 3614 quidem
1392 3546 1677 3612 miracula,
1720 3561 1828 3602 non
1866 3555 1926 3602 ut

356 3641 599 3691 terreant
654 3634 968 3699 audientes,
1030 3634 1125 3689 sed
1183 3642 1243 3688 ut
1283 3635 1497 3703 prosint
1555 3635 1925 3700 credentibus,

328 3727 515 3782 ‘liunt.
557 3726 692 3781 Nam
733 3726 938 3782 eisdem
986 3726 1268 3780 miraculis
1311 3726 1497 3781 hostes
1548 3735 1931 3797 expugnantur

359 3817 570 3886 (lidelcs
615 3815 958 3881 muniuntur,
1012 3813 1347 3882 dejiciuntur
1390 3815 1589 3877 alieni,
1642 3815 1930 3885 eriguntur

359 3907 536 3962 nostri
566 3923 578 3959 :
615 3905 695 3959 illi
723 3903 1217 3975 communiuntur),
1236 3920 1335 3958 nos
1352 3920 1636 3974 augemur.
1676 3906 1782 3960 Sed
1813 3906 1926 3976 pri-

362 4006 509 4044 mum
533 3989 859 4060 generaliter
879 3989 1008 4059 quid
1034 3989 1149 4045 haec
1171 3990 1435 4045 miracula
1468 3992 1773 4055 intendant,
1798 4010 1929 4064 quo-

362 4079 631 4150 modoque
648 4081 799 4144 liant,
828 4081 1279 4152 perstringamus,
1307 4081 1502 4138 deinde
1533 4082 1689 4140 facile
1716 4087 1927 4157 singula

360 4171 789 4243 speculabimur.

376 4266 381 4272 '
431 4262 691 4319 Veritatis
717 4263 881 4334 igitur
910 4262 1025 4317 haec
1070 4277 1281 4318 summa
1317 4264 1564 4319 doctrina
1595 4268 1661 4321 ad
1692 4268 1928 4340 disposi-

2025 3095 2125 3167 ἤδη
2156 3094 2227 3148 τὰ
2256 3094 2441 3148 εἰκότα
2486 3091 2924 3164 προτεθεὼρηται
2995 3084 3165 3150 Οὗτος
3207 3089 3409 3150 τοίνυν,
3451 3089 3605 3158 ότὴν

2023 3187 2234 3258 ἄμαχον
2262 3185 2478 3256 εκείνην
2523 3183 2861 3255 κεκτημένος
2897 3184 2995 3253 τῆς
3024 3181 3224 3253 ἀρετῆς
3252 3180 3473 3252 ῥάϐδον,
3503 3181 3605 3251 τὴν

2022 3279 2120 3343 τὰς
2158 3278 2550 3349 σεσοφισμένας
2595 3275 3018 3345 ὲξαφανίζουσαν
3061 3273 3311 3344 ῥάϐδους,
3356 3273 3466 3344 ὁδῷ
3496 3290 3605 3327 τινι

2030 3370 2125 3422 καὶ
2150 3368 2437 3439 ἀκολουθίᾳ
2460 3369 2595 3441 πρὸς
2620 3366 2705 3420 τά
2720 3366 2888 3436 μείζω
2915 3366 3129 3437 πρόεισι
3158 3364 3264 3417 τῶν
3284 3363 3604 3435 θαυμάτων.

2042 3458 2115 3513 Ἦ
2149 3459 2206 3513 δὲ
2254 3458 2653 3529 θαυματοποιία
2699 3458 2758 3511 οὐ
2808 3457 2886 3528 τῷ
2928 3456 3115 3527 σκοπῷ
3145 3457 3243 3527 τῆς
3290 3454 3606 3526 ἐκπλήξεως

2030 3549 2144 3604 τῶν
2190 3548 2623 3618 ἐντυγχανόντων
2647 3547 2873 3617 γίνεται,
2914 3546 3049 3600 ἀλλά
3085 3546 3221 3617 πρὸς
3245 3544 3307 3598 τὸ
3334 3551 3606 3616 χρήσιμον

2031 3638 2137 3692 τῶν
2170 3638 2489 3708 σωζομένων
2529 3636 2732 3706 βλέπει.
2779 3635 2904 3700 Τοῖς
2932 3636 3039 3706 γὰρ
3068 3636 3250 3698 αὐτοῖς
3277 3634 3375 3703 τῆς
3402 3635 3607 3706 ἀρετῆς

2032 3730 2272 3800 θαύμασι
2302 3728 2643 3799 καθαιρείται
2676 3726 2774 3798 μὲν
2814 3726 2875 3779 τὸ
2901 3726 3175 3796 πολέμιον,
3205 3722 3431 3788 αὔξεται
3459 3723 3515 3776 δὲ
3545 3724 3609 3778 τὸ

2031 3820 2320 3891 ὁμόφυλον.
2373 3818 2595 3889 Πρῶτον
2639 3817 2695 3869 δὲ
2738 3814 3100 3884 γενικώτατον
3128 3814 3236 3867 τῶν
3277 3814 3371 3866 ἐπὶ
3404 3813 3609 3885 μέρους

2032 3909 2345 3979 θαυμάτων,
2372 3907 2462 3960 τὸν
2494 3906 2637 3960 κατὰ
2667 3906 2765 3977 τὴν
2792 3905 3013 3976 ἀγωγὴν
3043 3900 3455 3974 καταμάθωμεν
3481 3906 3611 3957 σκο-

2037 4001 2136 4055 πόν
2171 4016 2183 4029 ·
2240 3997 2340 4053 εἷθ’
2381 3998 2552 4061 οὕτως
2585 3997 2807 4052 δυνατὸν
2841 3997 2907 4050 ἂν
2938 3997 3147 4065 γένοιτο
3174 3997 3325 4065 ἡμῖν,
3363 3996 3464 4048 καὶ
3494 3996 3609 4057 τοῖς

2036 4092 2155 4148 καθ’
2184 4092 2411 4146 ἕκαστον
2440 4090 2747 4162 ἐφαρμόσαι
2772 4089 2831 4141 τὸ
2858 4089 3055 4158 νόημα.

2115 4185 2178 4236 Ἦ
2229 4183 2337 4254 γάρ
2387 4179 2707 4234 διδασκαλία
2747 4180 2844 4249 τῆς
2871 4178 3126 4249 ἀληθείας
3174 4177 3309 4249 πρὸς
3353 4176 3454 4240 τὰς
3493 4178 3610 4231 δ.αο

2034 4275 2209 4338 θέσεις
2268 4274 2375 4326 τῶν
2434 4271 2736 4342 δεχομένων
2787 4271 2880 4324 τὸν
2936 4270 3096 4337 λόγον
3154 4269 3607 4339 συμμεταϐάλλε-

362 4357 539 4410 tiones
564 4355 869 4419 hominum,
896 4355 988 4424 qui
1026 4353 1139 4424 jam
1162 4355 1412 4423 audiunt,
1432 4361 1756 4414 commutari
1782 4362 1926 4418 vide-

2115 4388 2143 4421 ι.
2197 4365 2423 4435 Ἐπίσης
2467 4363 2575 4434 γὰρ
2625 4364 2759 4416 πᾶσι
2799 4362 2892 4415 τοῦ
2928 4361 3086 4430 λόγου
3133 4362 3193 4414 τὸ
3244 4361 3411 4415 κακὸν
3462 4362 3494 4430 ἦ
3548 4362 3609 4414 τὺ

363 4457 496 4501 tur:
534 4462 658 4500 nam
699 4461 823 4501 cum
871 4447 1150 4517 aequaliter
1187 4446 1442 4502 omnibus
1484 4451 1615 4518 quid
1669 4461 1930 4522 appeten-

361 4538 492 4592 dum
514 4546 568 4593 et
604 4539 734 4608 quid
766 4538 1080 4609 fugiendum
1114 4537 1207 4601 sit,
1233 4537 1468 4607 benigne
1487 4541 1759 4609 ostendat,
1793 4544 1840 4601 is
1874 4547 1929 4601 in
1955 4592 1961 4598 .

365 4630 484 4684 luce
507 4628 768 4695 ambulat,
801 4637 1145 4698 mentemque
1192 4629 1547 4685 illuminatam
1597 4632 1781 4699 habet,
1836 4638 1929 4709 qui

363 4721 637 4778 auscultat
665 4732 719 4776 et
746 4728 935 4791 paret;
967 4721 1062 4789 qui
1090 4736 1219 4775 vero
1241 4723 1448 4777 resistit
1477 4731 1531 4778 et
1556 4726 1801 4781 veritatis
1839 4742 1929 4780 ra-

362 4814 485 4870 dios
515 4812 581 4867 ad
615 4813 851 4866 animam
889 4826 1042 4867 suam
1088 4828 1197 4866 non
1226 4812 1557 4880 intromittit,
1591 4816 1637 4872 is
1679 4817 1733 4870 in
1779 4827 1927 4874 tene-

364 4907 477 4961 bris
510 4905 830 4974 ignorantia:
851 4912 1149 4985 permanet.
1169 4904 1326 4969 Quod
1360 4907 1406 4960 si
1432 4906 1629 4962 falsum
1689 4924 1800 4964 non
1847 4921 1930 4967 est

362 4995 509 5064 quod
535 4996 607 5049 ita
631 4996 928 5066 generatim
971 4995 1023 5048 iu
1059 4994 1260 5052 talibus
1294 4996 1667 5068 intelligimus,
1708 5002 1932 5056 omnino

364 5086 510 5142 haud
537 5088 695 5143 aliter
725 5103 786 5142 se
813 5086 1012 5142 habere
1041 5088 1373 5143 censendum
1396 5096 1482 5146 est
1522 5091 1668 5160 quod
1719 5093 1788 5148 ad
1816 5094 1932 5148 sin—

364 5179 521 5247 gulos
566 5178 839 5247 pertinet,
886 5192 1010 5231 cum
1058 5192 1127 5233 ex
1178 5177 1295 5247 ipsa
1335 5180 1650 5234 narratione
1700 5181 1846 5250 quod
1876 5183 1930 5237 in

366 5278 517 5338 parte
545 5269 929 5339 inquirendum
960 5274 1098 5333 erat,
1128 5268 1293 5323 simul
1325 5269 1643 5325 innotuerit.
1681 5270 1926 5343 Quapro-

368 5366 485 5429 pter
512 5374 619 5413 non
636 5359 1093 5421 esLincredibile,
1112 5360 1249 5413 nihil
1277 5361 1403 5414 mali
1422 5362 1663 5417 sensisse
1687 5360 1925 5427 Iudaeos,

363 5449 613 5521 quamvis
653 5464 760 5503 una
801 5464 925 5503 cum
960 5448 1229 5519 [Egyptiis
1258 5451 1352 5520 qui
1384 5452 1740 5516 vexabantur,
1775 5453 1925 5509 habi-

443 5632 483 5661 ²⁷
517 5628 682 5684 Exod.
715 5645 767 5695 v,
799 5628 847 5681 7.
926 5627 971 5660 ⁸⁸
999 5626 1198 5697 Ephes.
1226 5643 1298 5696 Iv,
1328 5627 1381 5683 6.

2037 4457 2198 4512 καλὸν
2262 4453 2702 4526 προδεικνύντος,
2777 4455 2805 4506 6
2874 4452 2970 4523 μὲν
3034 4450 3300 4514 εὐπειθῶς
3362 4451 3501 4522 πρὸς
3548 4454 3609 4503 τὸ

2035 4544 2379 4613 δεικνύμενον
2425 4542 2561 4613 ἔχων
2605 4544 2662 4593 ἐν
2712 4543 2851 4614 φωτὶ
2898 4539 2994 4610 τὴν
3036 4539 3273 4593 διάνοιαν
3325 4539 3440 4608 ἔχει
3464 4555 3477 4568 ·
3530 4539 3608 4608 τῷ

2035 4636 2092 4689 δὲ
2142 4635 2447 4696 ἀντιτύπως
2510 4632 2867 4702 διακειμένῳ,
2914 4631 3009 4685 καλ⁸
3067 4631 3140 4700 μὴ
3191 4631 3610 4700 καταδεχομένη»

2038 4727 2174 4798 πρὸς
2215 4725 2314 4796 τὴν
2375 4726 2570 4777 ἀκτῖνα
2635 4724 2732 4793 τῆς
2794 4722 3050 4794 ἀληθείας
3110 4722 3209 4793 τὴν
3259 4722 3437 4793 ψυχὴν
3488 4724 3609 4777 δια-

2036 4817 2252 4886 ϐλέψαι,
2297 4814 2602 4885 παραμένει
2642 4814 2742 4883 τῆς
2783 4815 3003 4882 ἀγνοίας
3046 4816 3074 4867 6
3119 4814 3300 4883 ζόφος.
3342 4815 3405 4867 El
3442 4810 3508 4884 δὴ
3550 4817 3611 4868 τὸ

2035 4907 2264 4960 καθόλου
2312 4904 2500 4975 νοηθὲν
2545 4906 2676 4975 ἡμῖν
2711 4905 2768 4958 ὲν
2810 4907 2917 4967 τοῖς
2954 4903 3214 4966 τοιούτοις
3261 4903 3460 4973 ψεῦδος
3512 4907 3611 4958 οὐκ

2028 4999 2174 5052 ἔστιν
2201 5014 2215 5028 ο
2263 4997 2371 5050 οὐδ’
2429 4996 2493 5050 ἂν
2543 4995 2613 5048 τὰ
2664 4994 2785 5048 καθ’
2832 4996 3060 5048 ἕκαστον
3123 4995 3342 5058 πάντως
3403 4997 3609 5067 ἑτέρως

2027 5092 2167 5162 ἔχοι,
2213 5091 2312 5159 τῆς
2355 5088 2447 5142 ἐπὶ
2492 5087 2690 5158 μέρους
2740 5087 3039 5153 ἐξετάσεως
3096 5086 3609 5159 συναποδειχθείσης

2029 5181 2106 5251 τῷ
2168 5180 2330 5249 λόγῳ.
2403 5178 2610 5232 Οὐκοῦν
2668 5177 2816 5231 οὐδὲν
2871 5177 3214 5247 θαυμαστὸν,
3285 5178 3471 5249 ἀπαθῆ
3521 5179 3609 5231 τὸν

2043 5271 2291 5344 Έϐραῖον
2338 5271 2520 5341 μένειν
2562 5270 2670 5324 τῶν
2706 5269 3018 5337 Αἰγυπτίων
3059 5268 3276 5333 κακῶν,
3318 5269 3377 5323 ἐν
3424 5270 3611 5340 μέσοις

2032 5367 2143 5428 τοῖς
2166 5364 2483 5434 ἀλλοφύλοις
2507 5363 2997 5433 ἀναστρεφόμενον,
3024 5361 3146 5415 ἐπεὶ
3176 5361 3270 5413 καὶ
3294 5360 3391 5414 νῦν
3410 5361 3471 5414 τὸ
3495 5362 3606 5414 ἴσον

2032 5456 2145 5510 ἔστι
2176 5456 2456 5527 γινόμενον
2498 5455 2644 5510 ἰδεῖν.
2691 5453 2811 5508 Τῶν
2854 5454 2962 5524 γὰρ
3009 5454 3066 5507 ὲν
3096 5454 3216 5516 ταῖς
3257 5452 3604 5525 πολυανθρω-
