3800 5980
234 126 347 220 διδ

1582 150 1697 237 ὀε
1730 180 1879 237 vm
1922 183 2194 242 morsrs.

3418 189 3527 246 546

232 243 489 349 ποῦσαιέ
515 285 712 342 πόλεσι
735 288 874 360 πρὸς
900 290 999 355 τὰς
1018 293 1267 358 ἐναντίας
1285 294 1443 362 δόξας
1461 296 1822 370 διεστηκότων

1947 309 2161 370 tarent;
2221 316 2347 357 nam
2412 302 2467 358 id
2525 302 2707 372 ipsum
2767 302 2929 358 altius
2980 299 3312 356 intellectum
3363 301 3526 357 hodie

230 377 350 438 τοῖς
387 376 501 445 μὲν
534 379 771 449 πότιμόν
802 397 864 434 τε
892 381 986 435 καὶ
1009 381 1201 447 διειδές
1226 386 1344 437 ἐστι
1373 386 1432 439 τὸ
1452 387 1601 457 νᾶμα
1630 389 1731 459 τῆς
1758 390 1847 442 πί-

236 484 436 529 στεως,
460 467 495 521 δ
521 467 620 522 διά
642 473 740 540 τῆς
770 471 923 536 θείας
951 472 1302 539 διδασκαλίας
1333 476 1622 547 ἀρύονται·
1653 482 1767 543 τοῖς
1789 479 1846 534 δὲ

230 556 320 609 διὰ
351 558 463 626 τῆς
495 563 750 630 πονηρᾶς
781 561 1102 633 ὑπολήψεως
1138 566 1585 634 Αἱγυπτιάζουσι,
1618 568 1842 639 διαφθο-

237 648 340 719 ρᾶς
384 642 547 719 αἷμα
571 650 635 703 τὸ
665 650 811 722 ὓδωρ
838 652 1067 720 γίνεται.
1100 656 1211 708 Καὶ
1237 655 1496 720 πολλάκις
1521 659 1790 731 ἐπιχειρεῖ
1815 665 1845 715 ό

233 741 682 812 παρασοφισμδς
712 742 814 813 τῆς
846 745 1062 815 ἀπάτης
1088 746 1181 798 καὶ
1212 747 1272 800 τὸ
1301 747 1409 801 τῶν
1442 750 1710 821 Ἐϐραίων
1748 770 1845 806 πο-

231 828 347 891 τὸν,
372 827 461 898 τῷ
511 831 785 903 μολυσμῷ
823 833 917 886 τοῦ
943 835 1170 903 ψεύδους
1203 832 1344 909 αἷμα
1384 840 1609 911 ποιῆσαι
1632 884 1646 907 ,
1697 842 1842 898 τοῦτ’

230 918 371 981 ἐστι.
403 920 511 973 τὸν
540 922 814 995 ἡμέτερον
847 924 1024 992 λόγον,
1065 926 1160 980 καὶ
1197 929 1327 997 ἡμῖν
1352 929 1541 995 δεῖξαι,
1574 930 1649 1002 μή
1672 932 1844 986 τοιοῦ-

231 1027 323 1064 τον
356 1010 539 1076 ὄντα,
587 1006 698 1075 οἷός
729 1015 897 1068 ἐστιν’
942 1014 1056 1068 ἀλλ’
1101 1017 1203 1070 οὐκ
1246 1019 1567 1089 ἀχρειὼσειε
1609 1023 1841 1076 καθόλου

231 1100 293 1153 τὸ
323 1100 525 1161 ποτὸν,
569 1101 674 1155 κᾶν
702 1104 767 1156 ἐκ
795 1103 889 1157 τοῦ
919 1106 1209 1177 προχείρου
1248 1107 1315 1161 δι’
1348 1110 1565 1182 ἀπάτης
1596 1130 1843 1184 περιφοι-

232 1192 355 1263 νίξῃ
375 1192 443 1246 τὸ
473 1188 649 1258 εἶδος.
671 1195 823 1249 Πίνει
843 1196 953 1267 γὰρ
971 1199 1000 1250 ό
1035 1198 1284 1270 Ἐϐραῖος
1310 1201 1370 1253 τὸ
1394 1201 1649 1273 ἀληθινὸν
1673 1203 1838 1275 ὕδωρ,

235 1281 337 1335 κᾶν
370 1283 537 1351 παρά
573 1283 685 1337 τῶν
714 1286 973 1341 ἐναντίων
1014 1290 1253 1354 πιθανῶς
1284 1291 1658 1363 διαδάλληται,
1689 1296 1842 1349 οὐδὲν

235 1373 375 1444 πρὸς
401 1374 468 1426 τὸ
494 1372 647 1439 εἶδος
677 1378 778 1449 τῆς
809 1379 1024 1451 ἀπάτης
1051 1382 1531 1452 ἐπιστρεφόμενος.
1561 1383 1718 1438 Οὕτω
1747 1385 1841 1439 καὶ

235 1464 296 1517 τὸ
324 1463 636 1536 βατράχων
675 1467 832 1535 γένος
882 1470 944 1523 τὸ
982 1471 1220 1540 εἰδεχθὲς
1266 1472 1363 1525 καὶ
1412 1473 1751 1544 πολύφωνον,
1794 1470 1840 1542 ᾧ

234 1557 508 1625 ἀμφίϐιος
569 1561 671 1628 μὲν
730 1562 764 1631 ή
818 1561 966 1631 ζωὴ,
1018 1563 1342 1633 ἐρπυστικδν
1387 1564 1443 1617 δὲ
1499 1565 1561 1617 τὸ
1607 1567 1840 1636 πήδημα

1946 406 2165 462 quoque
2192 390 2305 446 fieri
2357 393 2544 450 videre
2590 392 2735 446 licet.
2765 390 2884 445 Non
2915 390 3062 446 enim
3094 390 3433 460 ignoramus;
3465 392 3522 445 in

1943 483 2158 554 magnis
2185 483 2484 551 praesertim
2527 483 2841 537 civitatibus
2870 481 2926 536 in
2952 480 3257 536 contrarias
3282 486 3350 541 de
3375 484 3522 536 veri-

1942 579 2055 628 tate
2100 573 2386 643 opiniones
2438 573 2788 628 multitudine
2848 572 3046 635 divisa,
3103 571 3228 626 aliis
3271 572 3524 641 hmpidas

1943 676 2115 732 aquas
2146 670 2310 732 atque
2340 662 2605 732 potabiles
2637 677 2780 728 esse,
2811 677 2933 732 qua:
2961 660 3300 731 quotidianis
3325 661 3522 730 praedi-

1942 753 2287 818 cationibus,
2333 751 2737 821 Scriptumque
2794 753 3025 807 vocibus
3081 752 3136 804 in
3166 754 3367 817 _anima
3421 765 3520 805 sua

1942 844 2288 908 scaturiunt;
2337 842 2463 897 aliis
2513 842 2793 913 (quoniam
2840 841 3116 911 perversis
3171 840 3523 910 opinionibus

1941 931 2329 1004 Egyptiorum
2354 932 2639 987 imitantur
2661 932 2945 1002 malitiam)
2970 933 3023 985 in
3046 932 3369 1000 sanguinem
3397 946 3523 986 cor-

1941 1028 2163 1092 ruptum
2196 1023 2470 1094 Evangelii
2517 1032 2682 1093 atque
2721 1021 3127 1093 praedicationis
3162 1022 3521 1077 suavissimus

1941 1123 2100 1182 potus
2141 1116 2483 1169 convertitur
2516 1132 2531 1169 :
2560 1124 2614 1168 et
2651 1113 2797 1183 quod
2822 1112 2978 1183 pejus
3011 1120 3113 1177 est,
3145 1126 3519 1181 saepenumero

1939 1205 2281 1260 fraudulenta
2314 1207 2428 1261 haec
2461 1202 2867 1278 Egyptiorum,
2910 1207 2960 1259 id
2996 1212 3101 1266 est,
3141 1219 3250 1258 non
3289 1205 3519 1259 creden-

1938 1296 2074 1350 tium
2109 1297 2333 1367 perlidia
2376 1298 2631 1354 falsitatis
2672 1299 2889 1353 macula
2935 1296 3285 1352 Hebraeorum
3330 1305 3518 1366 polum

1940 1386 1995 1440 in
2046 1388 2365 1457 sanguinem
2396 1398 2717 1445 convertere
2744 1389 2959 1451 nititur,
3004 1388 3055 1441 id
3085 1398 3172 1442 est
3207 1388 3515 1442 doctrinam

1939 1484 2188 1532 nostram
2217 1480 2505 1534 ostendere
2535 1479 2695 1534 talem
2743 1494 2850 1532 non
2885 1493 3030 1539 esse,
3058 1478 3237 1546 qualis
3261 1487 3346 1533 est
3371 1496 3387 1534 :
3416 1478 3514 1534 sed

1939 1584 2219 1640 nunquam
2254 1571 2503 1627 inutilem
2529 1582 2715 1642 potum
2741 1577 2990 1626 nostrum
3016 1571 3266 1636 reddent,
3296 1573 3517 1626 tametsi

240 1648 459 1719 (ἀηδὴς
486 1650 551 1703 δὲ
588 1651 651 1703 οὐ
689 1652 849 1721 μόνον
895 1653 928 1721 ή
956 1651 1098 1721 ὄψις,
1127 1653 1263 1706 ἀλλά
1298 1654 1390 1708 καὶ
1430 1654 1525 1708 τοῦ
1569 1656 1827 1727 χρωτὸςῆ

1940 1672 2207 1729 aquarum
2257 1662 2601 1732 superficiem
2645 1663 2802 1731 quasi
2853 1662 3074 1716 rubeam
3121 1675 3384 1730 apparere
3424 1675 3518 1716 ca-

238 1738 504 1809 δυσωδία)
527 1757 543 1770 ο
581 1740 612 1792 ὃ
638 1743 751 1804 τοῖς
779 1741 949 1804 οἴκοις
975 1744 1070 1795 καὶ
1096 1745 1217 1807 ταῖς
1247 1743 1454 1806 κλίναις
1480 1744 1575 1797 καὶ
1600 1746 1712 1809 τοῖς
1743 1762 1838 1798 τα-

246 1829 422 1899 μείοις
449 1831 570 1884 τῶν
588 1833 904 1901 Αἰγυπτίων
932 1836 1200 1907 είσέρπει,
1221 1839 1321 1908 τῆς
1346 1836 1403 1889 δὲ
1424 1836 1534 1891 τῶν
1573 1836 1840 1909 Ἐϐραίων

243 1923 387 1993 ζωῆς
413 1925 524 1978 οὐκ
555 1926 881 1993 ἐφάπτεται.
925 1928 1166 2001 Ἀληθῶς
1205 1929 1314 2000 γὰρ
1342 1931 1596 2003 ἄντικρυς
1634 1932 1836 2003 βατρά-

242 2027 351 2082 χων
380 2013 523 2084 γένη
552 2016 682 2077 εἰσὶ,
717 2015 787 2070 τά
812 2017 1111 2085 φθοροποιά
1138 2018 1238 2088 τῆς
1270 2019 1467 2084 κακίας
1496 2023 1834 2092 γεννήματα,

244 2104 307 2155 ἐκ
344 2104 445 2173 τῆς
476 2106 741 2176 ρυπαρᾶς
769 2107 995 2179 καρδίας
1031 2107 1141 2162 τῶν
1171 2109 1491 2181 ἀνθρώπων,
1516 2106 1629 2166 οἷον
1658 2112 1723 2167 ἔκ
1751 2132 1835 2168 τι·

242 2210 329 2257 νος
374 2194 652 2268 βορϐόρου
686 2194 1114 2271 ζωογονούμενα.
1168 2196 1327 2256 Οὗτοι
1355 2205 1404 2256 οἰ
1454 2203 1715 2275 βάτραχοι
1757 2206 1833 2260 oi-

245 2286 399 2339 κοῦσι
428 2288 533 2357 μὲν
564 2288 666 2352 τὰς
691 2290 868 2353 οἰκίας
892 2289 999 2343 τῶν
1040 2292 1536 2359 Αίγυπτιαζόντων,
1570 2297 1714 2351 κατὰ
1739 2296 1839 2366 τὴν

243 2374 333 2429 τοῦ
366 2374 489 2446 βίου
519 2378 847 2449 προαίρεσιν
866 2394 880 2409 ·
913 2378 1216 2434 δείκνυνται
1245 2381 1303 2435 δὲ
1333 2382 1428 2436 καὶ
1451 2382 1679 2445 ἐπὶτῶν
1703 2401 1837 2456 τρα-

248 2466 447 2533 πεζῶν,
488 2470 596 2525 καὶ
631 2469 740 2523 τῶν
781 2469 974 2524 κλινῶν
1005 2471 1105 2525 οὐκ
1145 2472 1460 2544 ἀπέχονται,
1508 2474 1602 2527 καὶ
1642 2476 1724 2539 εἰς
1766 2475 1836 2529 τά

244 2562 446 2629 tapeta
485 2559 602 2613 τῶν
639 2559 924 2614 ἀποθέτων
959 2562 1309 2621 είσδύνουσιν.
1366 2565 1535 2620 Ὅταν
1577 2567 1687 2638 γὰρ
1720 2569 1835 2639 τδῃς

247 2643 337 2698 τὸν
364 2645 621 2717 ῥυπαρόν
648 2663 709 2699 τε
737 2647 830 2701 καὶ
857 2648 1152 2703 ἀκόλαστον
1175 2650 1307 2720 βίον,
1333 2653 1548 2726 ἀληθῶς
1574 2658 1638 2709 ἐκ
1659 2656 1833 2726 πηλοῦ

247 2751 305 2787 τε
332 2737 429 2789 καὶ
470 2737 744 2810 βορϐόρου
773 2740 1109 2811 τικτόμενον,
1149 2744 1245 2796 καὶ
1281 2748 1347 2816 τῇ
1386 2745 1521 2817 πρὸς
1548 2746 1611 2801 τὺ
1640 2747 1834 2817 ἀλογον

254 2833 482 2903 μιμήσει
518 2834 667 2889 κατὰ
693 2835 756 2888 τὸ
798 2832 938 2900 εἶδος
966 2838 1065 2909 τῆς
1098 2838 1245 2911 ζωῆς
1278 2843 1338 2895 ἐν
1380 2843 1642 2917 οὐθετέρα
1674 2846 1833 2915 φύσει

250 2922 494 3020 ἀκριϐῶς
508 2926 791 3020 Αμένονταῖ
823 2931 916 3020 καὶ
940 2929 1226 3020 ἀνθρωπον
1250 2932 1349 3003 μὲν
1375 2934 1515 2988 κατὰ
1536 2935 1635 3006 τὴν
1668 2935 1829 3004 φύσιν
1856 2962 1899 3020 c

253 3012 398 3076 ὄντα,
433 3016 641 3086 κτῆνος
675 3017 735 3070 δέ
765 3018 852 3073 διὰ
879 3018 1051 3084 πάθος
1078 3021 1381 3092 γινόμενον,
1421 3025 1515 3077 κα)⁵
1544 3024 1632 3079 διὰ
1672 3025 1829 3080 τοῦτο

254 3105 512 3173 ἀμφίϐιον
546 3109 724 3162 ἐκεῖνο
748 3110 841 3164 καὶ
867 3112 1300 3181 ἐπαμφοτερίζον
1324 3113 1385 3166 τὺ
1408 3114 1506 3185 τῆς
1529 3115 1672 3185 ζωῆς
1690 3112 1830 3179 εἶδος

257 3196 681 3253 ἐπιδεικνύοντα·
706 3201 958 3272 εὑρήσεις
978 3203 1070 3255 καὶ
1098 3203 1188 3256 ἐπὶ
1216 3204 1404 3258 τούτου
1435 3204 1504 3258 τά
1527 3206 1626 3276 τῆς
1650 3206 1830 3260 τοιαύ-

256 3303 349 3356 της
393 3289 559 3344 νόσου
603 3292 989 3363 γνωρίσματα,
1036 3294 1136 3348 οὐκ
1171 3295 1264 3349 ἐπὶ
1299 3297 1400 3367 τῆς
1433 3295 1618 3367 κλίνης
1647 3297 1827 3367 μόνον,

259 3377 389 3433 ἀλλά
433 3384 532 3436 καὶ
560 3384 655 3435 ἐπὶ
698 3383 798 3452 τῆς
828 3383 1146 3461 τραπέζης,
1179 3384 1274 3439 καὶ
1320 3386 1380 3439 ἐν
1418 3389 1531 3450 τοῖς
1562 3387 1828 3458 ταμείοις,

258 3469 347 3522 καὶ
386 3471 530 3525 κατά
574 3472 757 3528 πᾶσαν
798 3472 897 3543 τὴν
945 3476 1175 3543 οἴκησιν.
1237 3476 1688 3546 Ἐπισημαίνεται
1719 3478 1829 3551 γάρ

259 3559 343 3613 διὰ
380 3562 604 3616 πάντων
641 3565 671 3616 ό
709 3564 944 3628 τοιοῦτος
984 3566 1086 3635 τὴν
1132 3567 1391 3629 ἀσωτίαν,
1441 3566 1582 3621 ὥστε
1623 3569 1829 3635 πάντας

264 3651 452 3723 ῥᾳδίως
488 3653 790 3722 ἐπιγνῶναι
821 3653 908 3707 διὰ
933 3655 1042 3708 τῶν
1072 3657 1212 3710 κατά
1242 3658 1333 3711 τὸν
1361 3654 1507 3712 οἷκον
1534 3660 1829 3726 σπουδαζο-

266 3744 432 3812 μένων
466 3746 562 3800 τδν
597 3745 712 3817 βίον
735 3746 827 3799 τοῦ
856 3764 915 3801 τε
936 3748 1232 3803 ἀκολάστου
1259 3751 1351 3803 καὶ
1378 3750 1470 3803 τοῦ
1501 3749 1831 3823 καθαρεύον-

262 3851 365 3898 τος.
396 3838 567 3893 Ὅταν
598 3842 656 3892 ὲν
680 3838 855 3909 τούτῳ
889 3840 987 3910 μὲν
1014 3840 1108 3893 ἐπὶ
1136 3841 1244 3894 τῶν
1259 3839 1473 3913 τείχους
1488 3844 1829 3914 κονιαμάτων

262 3923 524 3983 δείκνυται
548 3929 700 4001 παρὰ
723 3929 824 3999 τῆς
851 3929 1045 3999 τέχνης
1074 3930 1160 3983 διὰ
1184 3930 1418 3984 εἰδώλων
1446 3932 1609 3986 τινῶν
1633 3931 1703 3985 τά
1731 3933 1830 4004 τῆς

265 4017 533 4086 ἐμπαθοῢς
555 4021 748 4091 ἡδονῆς
787 4020 1184 4089 ὑπεκκαύματα
1207 4038 1219 4052 ·
1244 4021 1309 4074 δι’
1329 4014 1402 4073 ὧν
1421 4023 1831 4094 ὑπομιμνήσκε-

263 4125 346 4162 ται
373 4112 467 4180 τῆς
489 4113 659 4166 νόσου.
677 4114 711 4183 ή
742 4111 923 4181 φύσις,
945 4111 1034 4165 διὰ
1059 4112 1168 4165 τῶν
1195 4111 1370 4182 ὄψεων
1403 4114 1466 4167 ἐκ
1489 4114 1586 4184 τῆς
1607 4114 1830 4185 ἀτιμίας

265 4200 366 4255 τῶν
390 4203 682 4275 θαυμάτων
705 4204 798 4256 ἐπὶ
820 4203 919 4275 τὴν
937 4202 1113 4275 ψυχὴν
1137 4204 1555 4274 ἐπεισχεομένου
1590 4205 1687 4259 τοῦ
1722 4206 1830 4260 πά-

1940 1750 2317 1806 villationibus
2368 1751 2653 1806 efﬁciant:
2711 1752 2861 1806 bibet
2897 1751 3041 1804 enim
3087 1750 3273 1815 lsrael,
3328 1752 3380 1805 id
3430 1761 3517 1806 est

1936 1839 2030 1896 Dei
2073 1841 2327 1910 populus,
2378 1856 2576 1911 aquam
2611 1854 2817 1903 veram,
2858 1854 2962 1894 nec
3008 1839 3118 1893 ullo
3164 1839 3346 1903 modo,
3390 1840 3516 1895 licet

1935 1933 2310 2005 verisimiliter
2355 1948 2584 2003 arguere
2637 1932 2935 1987 adversarii
2983 1931 3292 1995 videantur,
3335 1931 3515 2000 specie

1936 2022 2166 2078 fallaciae
2185 2023 2345 2079 istius
2374 2022 2826 2078 commovebitur.
2851 2021 2941 2076 Sic
2959 2036 3059 2091 pro
3086 2036 3342 2075 ranarum
3373 2037 3513 2090 quo-

1934 2127 2043 2182 que
2086 2112 2268 2182 specie
2301 2110 2532 2166 deformi
2583 2118 2747 2180 atque
2795 2111 3031 2179 loquaci,
3083 2111 3172 2164 cui
3204 2109 3372 2165 dubia
3400 2112 3510 2164 vita

1935 2201 2084 2273 (nam
2117 2209 2171 2257 et
2190 2202 2505 2273 aquaticum
2532 2209 2587 2256 et
2616 2210 2876 2256 terrestre
2907 2202 2959 2256 id
2990 2202 3189 2254 animai
3215 2202 3323 2267 est)
3353 2201 3511 2270 cujus

1933 2293 2108 2349 saltus
2138 2309 2357 2363 repens,
2389 2293 2551 2361 cujus
2578 2300 2836 2362 aspectus
2877 2292 3253 2361 turpissimus,
3285 2292 3446 2360 cujus
3480 2307 3512 2347 e

1933 2395 2165 2452 corpore
2193 2382 2555 2437 intolerabilis
2604 2382 2745 2435 fetor
2782 2382 3048 2436 emittitur
3082 2400 3096 2435 :
3126 2382 3272 2451 quod
3317 2383 3510 2437 domos

1932 2464 2275 2542 lectulosque
2319 2472 2546 2542 ipsaque
2601 2472 2902 2542 penetralia
2948 2470 3329 2543 IEgyptiorum
3385 2486 3509 2527 sor-

1932 2564 2103 2629 didat,
2148 2572 2203 2620 et
2240 2563 2590 2620 Hebraeorum
2625 2566 2792 2619 vitam
2846 2579 2957 2618 non
3013 2564 3272 2624 maculat,
3325 2565 3510 2620 varios

1930 2658 2155 2713 malitiae
2198 2659 2683 2728 corruptionisque
2734 2659 2900 2719 fetus,
2948 2656 3042 2726 qui
3083 2671 3147 2711 ex
3201 2656 3366 2711 fetido
3411 2659 3511 2711 ho-

1932 2749 2139 2803 minum
2181 2750 2372 2811 corde,
2414 2749 2571 2819 quasi
2623 2763 2688 2803 ex
2745 2749 2964 2817 putrido
3012 2748 3142 2802 limo
3183 2758 3508 2815 nascuntur,

1931 2838 2306 2908 intelligimus.
2363 2836 2489 2892 Haec
2542 2836 2822 2891 immunda
2879 2851 3136 2891 ranarum
3189 2838 3507 2903 multitudo,

1933 2929 2128 2985 domos
2152 2944 2343 2985 eorum
2377 2929 2469 3000 qui
2494 2928 2840 3000 Egyptiace,
2870 2928 2925 2983 id
2966 2939 3071 2992 est,
3104 2930 3299 2985 vitiose
3330 2932 3511 2986 vivere

1931 3019 2166 3085 malunt,
2211 3018 2423 3074 habitat
2458 3036 2471 3073 :
2505 3020 2559 3073 in
2601 3019 2807 3075 mensis
2837 3033 3027 3074 eorum
3054 3019 3314 3085 abundat,
3343 3021 3399 3076 in
3430 3024 3513 3078 Ie-

1929 3110 2091 3165 ctulis
2126 3109 2362 3174 assidet,
2398 3111 2451 3163 in
2488 3109 2689 3165 abditis
2724 3124 2914 3164 eorum
2947 3109 3200 3165 omnibus
3237 3121 3401 3180 atque
3421 3127 3511 3166 re-

1928 3199 2168 3256 conditis
2215 3200 2378 3257 rebus
2434 3200 2710 3256 invenitur
2756 3218 2771 3254 :
2823 3214 2952 3254 vere
2998 3215 3235 3271 namque
3287 3202 3509 3256 sordida

1927 3290 2319 3361 iuxuriosaque
2357 3292 2467 3345 vita
2515 3307 2582 3347 ex
2625 3297 2885 3360 corrupto
2923 3290 3202 3361 fetidoque
3226 3290 3358 3345 limo
3386 3307 3512 3361 pas-

1929 3382 2143 3438 sionum
2196 3381 2470 3452 profecta,
2532 3382 2761 3436 dubiqu
2811 3381 3084 3450 quoddam
3140 3382 3344 3436 animal
3395 3389 3508 3445 est,

1928 3470 2240 3540 aquaticum
2292 3472 2503 3526 scilicet
2555 3481 2720 3540 atque
2757 3481 3038 3526 terrestre.
3090 3470 3265 3525 llomo
3313 3479 3509 3525 natura

1928 3571 2034 3626 est,
2070 3563 2163 3632 qui
2202 3563 2277 3616 ita
2301 3563 2459 3626 vivit,
2492 3563 2763 3617 electione
2808 3577 2938 3615 vero
2968 3576 3158 3630 pecus,
3196 3563 3511 3630 pecudeque

1929 3653 2248 3710 sordidius:
2286 3654 2429 3708 unde
2464 3655 2544 3719 iit,
2597 3659 2659 3706 ut
2701 3652 2925 3705 dubium
2989 3651 3261 3721 quoddam
3310 3652 3511 3705 animal

1929 3746 2033 3800 hac
2083 3746 2193 3799 vita
2247 3743 2569 3800 efﬁciamur.
2622 3744 2758 3797 Nam
2815 3742 2908 3812 qui
2958 3750 3208 3797 naturam
3259 3742 3507 3811 respicit,

1929 3837 2214 3907 homines;
2247 3836 2341 3905 qui
2374 3836 2540 3889 vitam
2585 3834 2921 3898 considerat,
2962 3848 3068 3888 non
3102 3832 3368 3897 homines,
3411 3833 3508 3887 sed

1928 3941 1995 3983 ex
2038 3926 2326 3979 brutorum
2368 3939 2567 3994 genere
2598 3940 2697 3979 nos
2730 3925 2846 3993 ipse
2879 3922 3093 3992 putabit
3126 3939 3140 3976 :
3187 3923 3347 3993 cujus
3382 3924 3509 3992 qui-

1927 4017 2049 4072 dem
2083 4017 2224 4071 bruti
2269 4016 2427 4087 signa
2471 4024 2581 4070 tam
2620 4017 2677 4070 in
2720 4017 2978 4072 universa
3025 4016 3210 4077 domo,
3258 4032 3420 4087 quam
3453 4018 3507 4071 in

1929 4106 2162 4176 singuiis
2208 4107 2454 4162 invenias
2496 4108 2766 4176 partibus.
2812 4106 2947 4161 Nam
2977 4115 3033 4162 et
3067 4107 3123 4162 in
3154 4110 3326 4163 muris
3357 4118 3411 4164 et
3451 4110 3504 4163 in

1929 4197 2071 4252 aulis
2117 4197 2346 4252 diversa:
2388 4196 2458 4252 ad
2493 4199 2764 4253 luxuriam
2811 4200 2981 4252 animi
3028 4201 3276 4267 picturae,
3323 4209 3377 4254 et
3427 4202 3506 4254 ‘in

269 4289 404 4357 θους·
422 4297 515 4349 ἐπὶ
533 4296 591 4348 δέ
610 4294 705 4348 τοῦ
727 4288 1395 4366 σωφρονοῦντος,φυλακὴν
1407 4296 1587 4349 πᾶσαν
1599 4296 1691 4349 καὶ
1708 4314 1827 4368 προ-

1933 4289 2078 4345 vasis
2122 4289 2418 4359 sculptura:
2472 4290 2753 4359 impressae
2806 4290 3107 4358 nequitiam
3176 4291 3505 4359 praedicant,

273 4382 512 4453 μήθειαν,
539 4385 634 4439 τοῦ
660 4384 861 4439 καὶτὸν
887 4384 1163 4455 ὀφθαλμὸν
1185 4384 1506 4456 καθαρεύειν
1523 4385 1634 4439 τῶν
1655 4387 1833 4457 ἐμπα-

269 4472 368 4527 θῶν
382 4477 686 4548 θεαμάτων.
709 4478 819 4531 Καὶ
835 4478 868 4547 ή
891 4476 1140 4548 τράπεζα
1154 4477 1211 4530 δὲ
1227 4477 1486 4541 ὡσαύτως
1498 4478 1715 4550 καθαρὰ
1734 4481 1831 4549 μὲν

268 4565 298 4632 ὴ
330 4567 416 4620 τοῦ
449 4568 851 4640 σωφρονοῦντος
871 4607 885 4630 ,
924 4569 1235 4639 εὑρίσκεται
1269 4569 1325 4622 δὲ
1351 4567 1705 4641 βατραχώδης
1735 4556 1832 4623 καὶ

271 4656 592 4731 πολύσαρκος
601 4660 696 4714 τοῦ
713 4660 848 4731 πρὸς
864 4660 953 4713 τὸν
971 4659 1277 4732 βορϐορώδη
1295 4659 1407 4728 βίον
1427 4661 1507 4713 ἰλυ
1515 4661 1820 4730 σπωμένου.

269 4744 380 4799 Κᾶν
398 4748 466 4802 τά
480 4768 547 4803 τα
554 4750 769 4821 μεῖαδιε
776 4750 937 4820 ρευνή
945 4764 1064 4821 σῃς,
1088 4749 1231 4802 τοῦτ’
1258 4749 1394 4813 ἐστι,
1411 4749 1479 4803 τά
1492 4749 1711 4820 κρυπτά
1725 4750 1823 4803 τοῦ

274 4831 376 4900 βίου
411 4839 574 4893 αὐτοῦ
615 4842 709 4893 καὶ
745 4838 1052 4909 ἀπόρρητα·
1084 4839 1219 4891 πολὺ
1269 4839 1466 4908 μᾶλλον
1495 4840 1553 4892 ἐν
1593 4839 1826 4903 ἐκείνοις

275 4930 488 4997 σωρείαν
517 4932 801 5003 βατράχων
843 4932 911 4997 ἐν,
942 4932 1055 4992 τοῖς
1086 4929 1405 4994 ἀκολάστοις
1446 4933 1820 4999 κατανοήσεις.

277 5015 330 5068 Εἰ
366 5018 419 5071 δέ
445 5022 615 5075 ταῦτα
639 5025 672 5092 ή
720 5021 821 5092 τῆς
850 5022 1052 5093 ἀρετῆς
1093 5022 1287 5092 ῥάϐδος
1335 5023 1508 5074 ποιεῖν
1550 5020 1692 5075 κατά
1720 5021 1831 5074 τῶν

278 5107 561 5176 Αἰγυπτίων
588 5114 694 5167 ὑπὸ
724 5114 825 5183 τῆς
859 5113 1096 5185 ἱστορίας
1121 5114 1358 5182 λέγεται,
1395 5113 1468 5183 μὴ
1498 5111 1830 5182 ξενισθῶμεν

281 5201 391 5269 περὶ
417 5204 503 5257 τὸν
528 5205 711 5274 λόγον·
743 5206 838 5258 καὶ
862 5203 971 5275 γὰρ
999 5203 1361 5275 ὲσκληρύνθαι
1389 5204 1541 5274 παρά
1567 5202 1662 5256 τοῦ
1692 5202 1829 5255 Θεοῦ

278 5291 355 5345 τδν
376 5296 648 5368 τύραννον,
688 5299 722 5368 ἡ
753 5297 961 5368 ἱστορία
988 5297 1138 5369 φησί.
1177 5295 1300 5359 Πῶς
1325 5290 1418 5349 οὖν
1448 5294 1514 5348 ἂν
1541 5295 1624 5365 εἴη
1650 5295 1820 5348 κατά-

286 5399 461 5452 κριτος,
490 5392 556 5461 τῇ
604 5388 809 5444 ἀνωθεν
849 5389 1062 5461 ἀνάγκῃ
1106 5386 1355 5458 σκληρῶς
1390 5402 1450 5438 τε
1483 5385 1578 5438 καὶ
1613 5384 1821 5438 ἀντιτύ-

283 5489 383 5539 πως
403 5467 739 5551 διαθέμενοςς
774 5481 865 5534 καί
896 5498 995 5533 που
1027 5480 1085 5532 τὸ
1109 5478 1220 5532 ἴσον
1249 5478 1412 5548 φησὶν
1432 5480 1460 5530 ό
1486 5476 1625 5540 θεῖος
1668 5477 1721 5529 Ἀ
1732 5478 1821 5530 πόα

288 5567 463 5637 στῦλος,
483 5575 561 5628 ὅτι
589 5573 814 5629 καθόσον
840 5575 938 5626 οὐκ
965 5572 1287 5641 ἐδοκίμασαν
1312 5570 1403 5624 τὸν
1439 5569 1569 5623 Θεὸν
1594 5567 1736 5638 ἔχειν
1759 5571 1815 5622 ἐν

1931 4383 2133 4452 quibus
2187 4384 2449 4453 cogitatio
2514 4382 2580 4435 ad
2629 4381 2958 4451 cupiditates
3018 4397 3149 4437 suas
3201 4391 3505 4447 revocatur,

1929 4475 2228 4543 vituperosi
2287 4473 2586 4544 spectaculi
2628 4473 2879 4536 visione,
2928 4472 2995 4527 ad
3039 4475 3276 4528 animam
3327 4490 3505 4544 usque

1930 4565 2250 4635 passionum
2299 4575 2435 4621 aestu
2479 4564 2846 4634 perveniente,
2891 4578 2960 4618 ne
2995 4565 3206 4619 scilicet
3239 4566 3506 4634 cupidita-

1932 4665 2046 4712 tum
2088 4659 2255 4713 ardor
2296 4659 2682 4728 exstinguatur
2723 4663 2818 4709 aut
2850 4655 3200 4710 retundatur.
3247 4656 3507 4711 Similiter

1931 4752 1979 4808 si
2031 4766 2273 4815 mensas,
2321 4752 2369 4806 si
2419 4752 2590 4807 lectos
2641 4747 2954 4820 voluptuosi
3007 4745 3359 4815 corruptique
3410 4747 3507 4801 ho-

1931 4843 2095 4899 minis
2143 4842 2543 4903 considerabis,
2590 4842 2643 4896 id
2690 4841 2869 4911 ipsum
2918 4837 3187 4890 invenies.
3245 4836 3404 4902 Quod
3459 4839 3501 4891 si

1930 4931 2212 4986 recondita
2269 4930 2562 5000 abditaque
2597 4928 2834 4984 hominis
2869 4925 3185 4996 bujusmodi
3243 4939 3350 4978 non
3376 4924 3503 4978 diro

1925 5022 2149 5077 vascula
2185 5029 2240 5076 et
2284 5022 2539 5092 capsulas
2596 5020 2803 5090 (multis
2850 5017 2998 5072 enim
3033 5030 3097 5072 ea
3143 5022 3354 5085 patent,
3401 5030 3505 5069 nec

1927 5113 2103 5167 aliena
2142 5119 2271 5167 sunt
2311 5127 2342 5165 a
2375 5112 2718 5180 turpitudine
2761 5109 2925 5176 vitae),
2973 5106 3067 5164 sed
3099 5107 3315 5161 occulta
3358 5121 3504 5161 men-

1926 5202 2000 5257 tis
2047 5210 2103 5256 et
2136 5202 2299 5255 animi
2334 5204 2647 5270 perspicere
2691 5200 2914 5269 poteris,
2939 5198 3049 5266 jam
3085 5212 3217 5252 vero
3245 5211 3505 5252 accumu-

1926 5292 2160 5345 latarum
2191 5305 2448 5345 ranarum
2480 5290 2823 5359 putredinem
2853 5288 3094 5359 reperies
3131 5287 3372 5343 fetidam.
3425 5287 3500 5341 At

1929 5384 2158 5440 modesti
2198 5382 2435 5437 hominis
2473 5382 2639 5437 etiam
2678 5381 2872 5438 oculus
2910 5381 3145 5437 mundus
3172 5389 3275 5446 est,
3308 5389 3364 5436 et
3385 5381 3497 5436 haec

1928 5490 2048 5546 quae
2105 5474 2174 5529 ad
2238 5473 2509 5529 luxuriam
2577 5474 2845 5539 incntam,
2900 5478 3212 5544 spectacula
3268 5472 3494 5540 respuit.

1930 5568 2112 5624 Mensa
2176 5582 2394 5637 quoque
2418 5564 2671 5622 similiter
2706 5566 3013 5623 communis
3056 5579 3118 5618 ac
3152 5562 3350 5625 tenuis,
3386 5575 3496 5615 non
