3800 5980
255 166 358 222 δη

1505 164 1560 220 S.
1594 164 1920 223 GREGORII
1954 165 2253 223 NYSSL‘NI

3397 163 3507 219 348

255 296 448 354 magna
471 282 717 337 carnium
739 289 832 337 aut
853 281 1081 351 piscium
1110 289 1334 337 onerata
1362 284 1639 354 congerie.
1667 284 1823 350 Quod

1934 284 2240 353 ἐπιγνώσει,
2285 282 2601 355 παρέδωκεν
2640 280 2837 343 αὐτοὺς
2864 281 2895 333 ό
2929 279 3061 341 Θεὸς
3092 279 3171 342 είς
3208 277 3360 348 πάθη
3386 280 3510 333 ἀτο-

255 382 440 428 autem
485 372 590 449 ista
627 372 847 426 virtutis
893 371 1099 442 virgam
1147 370 1346 429 fecisse
1393 372 1528 428 dicit
1567 375 1819 437 historia,

256 460 480 515 minimc
512 459 834 530 perturbare
867 475 967 515 nos
1001 461 1195 525 debet;
1228 476 1351 515 nam
1393 470 1448 518 et
1495 462 1822 518 obduratum

254 567 286 605 a
316 550 427 606 Deo
452 549 623 605 fuisse
645 558 935 620 tyrannum
966 559 1172 606 narrat.
1200 552 1319 618 Quo
1339 568 1470 610 vero
1489 562 1650 624 pacto
1671 556 1827 611 dam-

256 644 473 697 nandus
505 641 723 711 fuisset,
755 643 803 699 si
846 642 935 698 Dei
960 644 1289 700 necessitate
1309 655 1535 702 coactus
1558 647 1826 703 obdurato

257 731 445 785 animo
480 731 816 787 restitisset?
869 730 1059 789 Simile
1095 748 1332 804 namque
1361 735 1414 789 id
1442 737 1491 791 ei
1529 748 1632 801 est,
1679 737 1826 807 quod

255 822 474 879 divinus
508 824 804 893 Apostolus
833 825 902 879 de
929 824 998 880 iis
1044 825 1138 895 qui
1178 828 1581 883 convolvuntur
1614 830 1666 882 in
1711 838 1824 883 tur-

257 915 500 984 pissimis
551 913 1068 985 nel‘andissimisque
1109 915 1338 972 luxuria:
1366 919 1532 980 vitiis,
1578 919 1714 972 dicit
1748 918 1826 973 "z

257 1004 406 1076 quod
447 1025 467 1058 ι
500 1008 645 1061 sicut
677 1022 788 1061 non
823 1007 1190 1077 probaverunt
1228 1008 1376 1078 impii
1415 1008 1581 1064 Deum
1626 1008 1827 1064 habere

255 1097 313 1150 in
362 1097 632 1163 notitiam,
670 1098 894 1153 tradidit
939 1113 1034 1153 eos
1076 1099 1216 1155 Deus
1249 1102 1303 1155 in
1353 1102 1636 1170 passiones
1675 1102 1827 1172 igno-

255 1186 456 1242 miniaa.
472 1206 492 1239 ι
510 1186 643 1241 Nam
661 1196 713 1243 et
740 1188 903 1244 verba
919 1188 1232 1258 Scripturae,
1260 1191 1416 1260 quasi
1448 1190 1709 1246 divinitus
1730 1206 1825 1246 eos

257 1277 521 1347 impulsos
580 1278 649 1332 ad
706 1278 1004 1344 libidinem,
1033 1295 1098 1334 ac
1137 1280 1449 1346 ignominiae
1478 1282 1826 1350 passionibus

255 1368 508 1430 traditos,
557 1383 756 1424 sonare
787 1369 1060 1426 videntur.
1096 1370 1204 1425 Nec
1260 1381 1440 1425 tamen
1499 1370 1825 1441 turpitudini

258 1457 401 1512 Deus
435 1472 762 1528 quemquam
793 1459 978 1523 tradit.
1013 1474 1112 1514 nec
1143 1458 1358 1514 Pharao
1386 1461 1578 1515 nolens
1617 1460 1686 1514 ab
1710 1461 1826 1529 ipso

257 1547 369 1603 Deo
412 1548 467 1602 in
505 1547 760 1603 duritiem
810 1551 1135 1619 impellitur,
1182 1567 1284 1607 nec
1336 1553 1443 1606 vita
1505 1567 1760 1609 ranarum
1794 1567 1825 1607 a

1930 377 2085 447 μίας,
2106 397 2125 430 ι
2146 376 2392 449 περὶτῶν
2419 372 2966 446 ἀρρενοφθορούντων
3004 370 3200 439 λέγων,
3232 371 3330 426 καὶ
3375 373 3511 439 περὶ

1925 464 2031 521 τῶν
2062 467 2120 519 ὲν
2157 465 2269 526 τοῖς
2311 464 2527 534 ἀτίμοις
2572 480 2632 516 τε
2673 463 2768 517 καὶ
2803 463 3070 533 ἀρρήτοις
3118 461 3219 532 τῆς
3265 462 3512 525 ἀσωτίας

1924 555 2146 627 τρόποις
2186 554 2655 626 ἀσχημονούντων.
2705 554 2845 607 Ἀλλ’
2875 555 2922 606 εί
2965 553 3061 607 καὶ
3090 552 3235 606 οὕτω
3282 552 3512 618 λέγεται

1926 645 2075 716 παρά
2104 648 2203 716 τῆς
2230 645 2379 707 θείας
2408 643 2627 714 Γραφῆς
2658 642 2730 696 τά
2758 640 3045 713 εἰρημέναο
3082 639 3205 694 οὔτε
3235 639 3314 713 τῷ
3342 637 3511 692 πάθει

1924 737 2022 805 τῆς
2045 735 2268 805 ἀτιμίας
2301 737 2331 789 ό
2368 733 2502 798 Θεὸς
2548 734 2764 790 ἔκδοτον
2804 732 2987 787 δίδωσι
3040 731 3135 785 τὸν
3179 730 3315 802 πρὸς
3346 728 3512 784 τοῦτο

1924 826 2245 898 φερόμενον,
2271 824 2397 879 οὔτε
2424 823 2624 896 Φαραὼ
2652 825 2780 895 θείᾳ
2815 821 3068 894 βουλήσει
3119 820 3507 894 σκληρύνεται,

1924 916 2048 971 οὕτε
2076 918 2104 972 ό
2131 916 2482 988 βατραχώδης
2530 915 2644 986 βίος
2683 915 2790 969 ὑπὸ
2823 917 2922 984 τῆς
2949 912 3152 983 ἀρετῆς
3177 912 3505 967 πλάσσεται.
3603 964 3631 977 2

1924 1009 1989 1062 Εί
2020 1007 2125 1079 γὰρ
2166 1006 2420 1078 βουλητὸν
2465 1002 2534 1077 ἧν
2563 1008 2628 1076 τῇ
2668 1005 2789 1077 θείᾳ
2823 1004 3007 1074 φύσει,
3054 1004 3271 1066 πάντως
3308 1002 3377 1057 ἂν
3410 1002 3510 1057 ἐπὶ

1876 1152 1895 1175 θ
1926 1099 2143 1153 πάντων
2167 1098 2309 1152 κατά
2339 1098 2398 1151 τὸ
2423 1098 2537 1151 ἴσον
2564 1099 2599 1168 ἡ
2636 1096 2864 1165 τοιαύτη
2906 1094 3226 1167 προαίρεσις
3259 1093 3505 1162 ἴσχυσεν,

1925 1190 2000 1255 ὡς
2033 1189 2301 1261 μηδεμιᾶς
2328 1189 2529 1260 ἀρετῆς
2561 1188 2656 1240 καὶ
2681 1186 2880 1250 κακίας
2922 1186 3073 1257 παρά
3113 1185 3203 1240 τὸν
3236 1185 3350 1255 βίον
3391 1184 3513 1236 δια-

1926 1283 2098 1353 φορὰν
2124 1279 2467 1350 θεωρεῖσθαι.
2506 1277 2713 1332 Ἀλλων
2743 1277 2801 1330 δὲ
2828 1276 3002 1339 ἄλλως
3037 1275 3370 1346 μετεχόντων
3408 1273 3510 1327 τοῦ

1928 1373 2042 1443 βίου
2063 1413 2079 1435 ,
2105 1370 2328 1426 καὶτῶν
2356 1370 2454 1442 μὲν
2481 1370 2546 1424 δι’
2576 1368 2774 1441 ἀρετῆς
2803 1366 3280 1438 κατορθουμένων,
3304 1365 3417 1419 τῶν
3446 1366 3509 1419 δὲ

1926 1464 2004 1527 είς
2032 1462 2225 1518 κακίαν
2256 1461 2652 1534 ἀπορῤεόντωνο
2697 1460 2797 1513 οὐκ
2837 1459 2902 1513 ἀν
2944 1472 3028 1522 τις
3065 1458 3299 1525 εὐλόγως
3334 1456 3512 1526 ὑπερ-

1925 1553 2205 1624 κειμέναις
2221 1553 2362 1604 τισὶν
2388 1551 2675 1620 ἀνάγκαις,
2701 1550 2820 1612 ταῖς
2843 1548 2985 1601 κατά
3000 1547 3060 1600 τὸ
3076 1548 3218 1601 θεῖον
3257 1546 3513 1617 βούλημα

258 1639 456 1695 virtute
497 1643 895 1697 conformatur.
934 1641 1067 1697 Nam
1114 1643 1159 1697 si
1206 1642 1298 1697 Dei
1340 1645 1616 1698 voluntate
1665 1651 1823 1712 atque

1934 1644 2376 1716 συνισταμέναις,
2420 1642 2519 1706 τὰς
2563 1643 2825 1715 διαφορὰς
2871 1640 2978 1693 τῶν
3026 1640 3155 1709 βίων
3194 1638 3508 1706 λογίσαιτο,

255 1730 492 1800 impulsu
514 1731 592 1786 ita
624 1732 798 1796 fieret,
830 1748 931 1788 nec
953 1735 1308 1802 turpitudinis
1333 1742 1388 1789 et
1409 1734 1825 1804 vituperationis

1932 1728 2007 1787 ὧν
2036 1736 2068 1803 ἡ
2111 1732 2429 1803 προαίρεσις
2456 1733 2539 1801 ἐφ’
2569 1732 2802 1785 ἑκάστου
2844 1730 3131 1801 τὸικράτος
3155 1729 3288 1798 ἔχει.

256 1832 339 1880 lue
409 1825 697 1895 passiones
763 1828 1210 1897 appellarentur,
1261 1846 1360 1883 nec
1403 1830 1512 1883 ulla
1546 1836 1694 1884 esset
1732 1831 1875 1883 inter
1913 1828 2170 1883 virtutem
2214 1835 2269 1882 et
2313 1826 2502 1881 vitium
2552 1825 2880 1881 differentia.
2932 1823 3127 1879 Verum
3187 1837 3312 1879 cum
3363 1823 3512 1879 alius

255 1920 419 1979 hanc.
469 1918 608 1973 alius
641 1918 790 1971 illam
821 1918 986 1987 eligat
1026 1920 1215 1982 vitam,
1271 1928 1325 1974 et
1360 1920 1445 1974 hic
1478 1920 1745 1983 virtuose,
1797 1919 1887 1973 ille
1924 1918 2140 1982 vitiose,
2177 1917 2358 1973 vivere
2393 1916 2568 1981 malit,
2615 1930 2723 1971 non
2761 1915 2886 1985 jure
2927 1913 3107 1971 altiori
3153 1912 3372 1968 cuidam
3406 1927 3511 1969 ne-

257 2006 534 2068 cessitati,
583 2007 675 2061 sed
713 2008 980 2061 voluntati
1022 2009 1359 2078 singulorum
1417 2009 1633 2064 vivendi
1679 2023 1925 2063 normam
1962 2007 2331 2063 attribuimus.

326 2094 610 2159 Quomodo
663 2096 829 2165 igitur
881 2097 1298 2167 vituperationis
1344 2100 1633 2169 quisquam
1690 2115 1821 2169 pas-

255 2184 504 2241 sionibus
537 2200 566 2239 a
593 2185 702 2240 Deo
724 2187 994 2254 tradatur,
1030 2189 1147 2257 ipse
1179 2189 1473 2258 Apostolus
1508 2199 1692 2260 aperte
1720 2205 1822 2246 nos

256 2277 418 2332 docet
446 2295 461 2332 :
486 2278 580 2347 qui
614 2293 722 2332 non
754 2278 1002 2348 probavit
1033 2278 1198 2334 Deum
1232 2281 1434 2337 habere
1492 2277 1549 2331 in
1601 2277 1818 2343 notitia,

256 2370 304 2423 is
348 2384 473 2423 cum
523 2384 555 2422 a
602 2369 712 2425 Deo
757 2386 865 2425 non
918 2370 1263 2430 defendatur.
1311 2388 1413 2427 nec
1461 2374 1636 2442 gratia
1677 2372 1819 2441 ejus,

259 2462 402 2515 unde
435 2476 596 2516 omne
626 2463 827 2516 bonum
857 2473 960 2527 est,
1001 2471 1341 2518 sustentetur
1386 2463 1508 2533 (nec
1536 2464 1682 2517 enim
1730 2464 1822 2520 de-

258 2551 427 2608 fendit
459 2552 602 2608 Deus
642 2553 913 2608 nolentem
944 2555 1317 2623 cognoscere),
1359 2556 1430 2618 is,
1470 2555 1716 2623 inquam,
1757 2556 1827 2611 ab

257 2659 323 2698 co
369 2644 696 2713 turpitudini
732 2645 872 2699 tradi
918 2645 1142 2700 dicitur.
1182 2645 1318 2699 Nam
1369 2646 1824 2715 quemadmodum

259 2737 307 2792 si
350 2738 475 2807 quis
508 2738 575 2792 de
602 2738 822 2793 homine
847 2739 939 2807 qui
973 2739 1027 2791 in
1071 2738 1276 2793 foveam
1307 2740 1532 2803 decidit,
1560 2742 1821 2810 quoniam

258 2828 427 2883 solem
473 2843 582 2882 non
625 2829 781 2891 vidit,
828 2828 1038 2883 idcirco
1074 2830 1128 2883 in
1172 2829 1381 2884 foveam
1427 2831 1687 2887 incidisse
1737 2848 1824 2887 as-

259 2923 555 2977 severaret,
608 2917 756 2970 nullo
805 2917 965 2971 nobis
1012 2918 1177 2973 modo
1208 2919 1263 2972 in
1321 2929 1553 2975 mentem
1595 2923 1820 2988 veniret,

259 3006 327 3058 ab
363 3006 500 3057 irato
529 3006 645 3060 sole
675 3007 730 3060 in
763 3007 974 3061 foveam
1006 3009 1183 3079 ipsum
1225 3011 1509 3080 depulsum
1535 3031 1549 3080 ;
1598 3014 1693 3068 sed
1722 3024 1825 3070 sta-

260 3092 357 3144 tim
394 3092 843 3162 intelligeremus,
894 3095 1018 3150 ideo
1063 3099 1117 3150 in
1164 3096 1374 3152 foveam
1421 3100 1652 3169 lapsum,
1682 3118 1823 3172 quo-

260 3182 405 3235 niam
434 3184 676 3238 caecitate
703 3199 801 3239 sua
835 3188 966 3242 solis
998 3189 1171 3244 lucem
1207 3192 1449 3259 aspicere
1479 3208 1586 3247 non
1614 3196 1820 3263 potuit:

258 3274 342 3327 sic
387 3282 601 3342 opertet
640 3276 772 3330 illud
810 3276 1052 3347 Apostoli
1099 3282 1304 3335 dictum
1354 3283 1671 3354 intelligere,
1729 3303 1825 3343 eos

261 3363 535 3417 nimirum.
564 3365 655 3434 qui
706 3365 871 3421 Deum
917 3384 1027 3425 non
1075 3383 1461 3442 cognoverant,
1515 3377 1827 3447 ignominiae

259 3455 608 3523 passionibus
632 3459 863 3514 traditos
884 3475 1026 3527 esse,
1045 3471 1100 3516 et
1126 3463 1434 3520 induratum
1466 3482 1494 3521 a
1518 3466 1629 3523 Deo
1654 3468 1826 3525 fuisse

260 3555 551 3618 tyrannum
595 3548 930 3620 Egyptian],
988 3568 1096 3608 non
1153 3557 1283 3625 quia
1331 3558 1514 3633 divina
1569 3561 1825 3617 voluntas

258 3637 515 3694 duritiem
559 3640 613 3694 in
647 3643 886 3696 animum
917 3644 1037 3711 ejus
1086 3646 1386 3711 induxerit,
1425 3634 1519 3705 sed
1550 3652 1678 3720 quia
1701 3668 1822 3707 cum

259 3728 377 3797 ipse
397 3730 591 3785 vitiose
610 3732 788 3786 vivere
810 3735 1087 3800 maluerit,
1142 3752 1247 3790 non
1282 3741 1525 3810 suscepit
1555 3742 1822 3797 rationem

260 3834 367 3887 qua
409 3819 722 3874 induratum
764 3823 818 3875 in
856 3824 986 3876 vitio
1023 3840 1121 3879 cor
1155 3830 1519 3894 permollitur.
1556 3830 1647 3885 Sic
1672 3832 1825 3902 virga

260 3924 479 3979 quoque
529 3908 699 3980 Moysi
750 3927 1020 3980 apparens
1069 3916 1123 3967 in
1175 3915 1440 3987 Egypto,
1493 3919 1751 3977 Hebraeos
1795 3938 1825 3977 a

262 3997 413 4051 ranis
453 3998 700 4062 mundat,
734 3997 1019 4069 [Egyptios
1062 4003 1212 4057 ranis
1248 4007 1443 4075 replet.
1480 4006 1677 4063 Verum
1701 4026 1824 4065 cum

258 4090 422 4145 etiam
457 4104 555 4158 pro
580 4088 847 4160 {Egyptiis
877 4107 1070 4149 manus
1094 4094 1306 4165 Moyses
1340 4100 1669 4165 extenderit,
1697 4113 1826 4158 tunc

255 4186 313 4231 et
339 4175 443 4246 ipsi
480 4177 548 4231 ab
594 4178 971 4245 hujuscemodi
1008 4183 1316 4240 ahominato
1347 4203 1601 4244 ranarum
1633 4193 1823 4248 morbo
1855 4222 1899 4277 ο

260 4263 583 4320 liberantur.
619 4264 774 4332 Quod
809 4267 882 4322 ita
925 4269 1038 4324 ﬁeri
1081 4272 1326 4330 videmus
1356 4275 1408 4329 in
1441 4276 1543 4331 hac
1582 4280 1822 4337 universi

257 4356 476 4424 generis
520 4356 799 4411 hominum
844 4375 875 4413 a
920 4362 1137 4419 diabolo
1178 4364 1535 4435 liberatione;
1572 4385 1695 4424 nam
1729 4374 1825 4442 qui

262 4449 446 4517 pravis
478 4449 889 4517 cupiditatibus,
940 4457 1096 4524 quasi
1142 4457 1292 4511 ranis
1340 4458 1635 4517 immundis
1668 4463 1823 4519 tabe-

260 4544 443 4599 scunt,
462 4538 508 4594 si
540 4538 605 4594 ad
633 4554 817 4594 verum
842 4541 1201 4613 legislaturem
1220 4549 1492 4604 Christum
1514 4555 1825 4622 aspexerint

258 4636 316 4683 ct
344 4644 468 4683 eum
494 4645 687 4685 manus
713 4632 764 4685 in
794 4648 959 4689 cruce
980 4639 1289 4695 extendisse
1315 4656 1441 4696 vere
1473 4644 1822 4711 crediderint,

262 4718 422 4775 facile
451 4734 481 4773 a
520 4721 923 4779 cohabitatione
956 4742 1209 4782 ranarum
1241 4732 1562 4798 liberantur,
1598 4740 1824 4794 mortifi-

259 4818 387 4866 cato
425 4813 613 4867 morbo
649 4813 961 4882 hujusmodi
1006 4833 1069 4873 ac
1101 4822 1424 4890 putrefacto.
1457 4827 1668 4899 Quippe
1698 4846 1820 4886 cum

263 4902 524 4960 liberatus
572 4904 643 4959 ab
687 4905 772 4959 his
826 4911 1009 4976 parvis
1053 4913 1448 4982 cupiditatibus
1501 4918 1665 4975 homo
1730 4923 1824 4987 sit,

262 4999 426 5062 atque
449 4993 548 5050 hos
569 4997 917 5065 serpentinos
941 5001 1108 5054 animi
1133 5014 1311 5060 motus
1333 5009 1558 5064 omnino
1584 5011 1825 5080 eiecerit,

263 5089 395 5136 tunc
430 5084 776 5152 delictorum,
818 5104 939 5158 quae
993 5091 1249 5160 pestifera
1302 5098 1602 5165 cupiditate
1647 5102 1827 5159 victus

262 5174 635 5239 commiserat,
670 5180 867 5234 acerba
895 5183 1124 5237 nimium
1161 5200 1225 5241 ac
1257 5184 1420 5242 fetida
1462 5191 1536 5245 sit
1573 5195 1828 5248 recorda-

263 5264 361 5328 tio,
416 5268 839 5325 amaritudinem
873 5288 939 5327 ex
983 5276 1188 5345 pudore
1233 5279 1500 5350 ingentem
1552 5284 1815 5351 inferens,

263 5363 324 5409 ut
344 5356 412 5411 ad
432 5372 526 5412 eos
550 5361 843 5430 Apostolus
877 5368 972 5433 ait,
996 5369 1088 5438 qui
1121 5372 1401 5443 repudiata
1431 5378 1571 5434 male
1602 5378 1815 5435 vivendi

339 5559 381 5593 "
410 5556 563 5616 Rom.
598 5577 635 5623 ι,
666 5561 726 5614 ﬁl
759 5577 875 5632 sqq.

1993 2096 2089 2160 Τίς
2120 2092 2211 2150 οὖν
2243 2096 2597 2169 παραδίδοται
2626 2096 2704 2166 τῷ
2724 2094 2887 2151 πάθει
2915 2095 3017 2164 τῆς
3042 2093 3287 2164 ἀτιμίας,
3318 2094 3513 2160 σαφῶς

1921 2185 2036 2239 ἐστι
2068 2185 2220 2259 παρὰ
2245 2188 2339 2241 τοῦ
2381 2186 2705 2243 Ἀποστόλου
2745 2186 2969 2257 μαθεῖν·
3008 2188 3038 2240 ό
3082 2186 3158 2257 μὴ
3196 2185 3513 2256 δοκιμάσας

1920 2274 2011 2330 τὸν
2033 2276 2165 2331 Θεὸν
2197 2276 2340 2355 ἔχειν
2383 2278 2439 2329 ὲν
2472 2275 2767 2343 ἐπιγνώσει
2793 2314 2808 2338 ,
2867 2274 2926 2329 ὃν
2953 2276 3056 2328 οὐκ
3090 2275 3435 2345 ἀμυνόμενος
3479 2279 3511 2329 ὁ

1920 2365 2052 2428 Θεὸς
2080 2365 2167 2419 διὰ
2192 2367 2257 2440 τὸ
2297 2367 2371 2436 μὴ
2398 2364 2800 2434 ἐπιγνωσθῆναι
2820 2362 2952 2418 Θεὸν
2976 2359 3115 2419 εἶναι
3145 2362 3281 2432 παρ’
3311 2362 3505 2427 αὐτοῦ,

1926 2460 2252 2531 παραδίδωσι
2289 2460 2365 2531 τῷ
2392 2459 2577 2514 πάθει.
2617 2459 2778 2513 Ἀλλά
2806 2457 2870 2529 δὴ
2890 2458 2952 2511 τὸ
2983 2457 3058 2528 μὴ
3083 2456 3380 2525 ἐπιγνῶναι
3409 2461 3507 2510 τὸν

1921 2553 2073 2616 Θεὸν,
2101 2552 2271 2605 αἴτιον
2322 2550 2467 2620 αὐτῷ
2511 2549 2720 2619 γίνεται
2764 2548 2857 2602 τοῦ
2903 2551 2985 2611 είς
3024 2548 3115 2605 τὸν
3158 2547 3380 2619 ἐμπαθῆ
3410 2548 3512 2602 καὶ

1922 2644 2115 2713 ἄτιμον
2147 2642 2260 2713 βίον
2286 2643 2679 2712 καταπρῆναι.
2707 2640 2918 2711 ’Ὠσπερ
2942 2639 3053 2710 γάρ
3075 2639 3130 2692 ετ
3150 2656 3298 2702 τινος
3324 2640 3508 2693 εἰπόν-

1920 2753 2028 2797 τος,
2063 2735 2145 2787 ὃτι
2176 2733 2251 2804 μὴ
2290 2733 2476 2802 ὀφθεὶς
2502 2736 2531 2786 ὁ
2554 2733 2705 2803 ἥλιος
2725 2732 2817 2785 τὸν
2841 2732 2992 2786 δεῖνα
3021 2731 3099 2801 τῷ
3134 2730 3314 2802 βόθρῳ
3350 2732 3509 2804 ἐνέρ-

1927 2828 2100 2898 ριψεν,
2148 2827 2210 2879 οὐ
2261 2825 2418 2879 τοῦτο
2461 2822 2807 2896 λογιζόμεθα,
2849 2823 2932 2875 ὅτι
2975 2824 3112 2893 ὀργῇ
3159 2824 3444 2892 χρώμενος
3474 2825 3508 2876 ό

1928 2918 2150 2987 φωστὴρ
2176 2918 2266 2970 τὸν
2294 2916 2368 2988 μὴ
2401 2915 2730 2986 βουληθέντα
2762 2913 2897 2984 πρὸς
2918 2913 3081 2967 αὐτὸν
3113 2913 3262 2978 ίδείν,
3293 2914 3387 2967 ἐπὶ
3408 2913 3506 2967 τὸν

1928 3009 2117 3081 βόθρον
2173 3007 2460 3072 ἀπώσατο,
2504 3007 2620 3060 ἀλλ’
2664 3005 2837 3069 οὕτως
2878 3005 2946 3059 ἂν
2989 3005 3050 3060 τὸ
3092 3004 3253 3077 ῥηθὲν
3285 3006 3505 3077 νοηθείη

1925 3098 2064 3152 κατά
2097 3097 2158 3150 τὸ
2180 3096 2418 3163 εὔλογον,
2449 3096 2530 3149 ότι
2562 3095 2624 3149 τὸ
2654 3095 2729 3165 μὴ
2778 3093 3023 3165 μετέχειν
3049 3093 3142 3146 τοῦ
3174 3094 3370 3163 φωτὸς,
3404 3097 3498 3148 σί-

1923 3209 2036 3245 τιον
2061 3192 2138 3263 τῷ
2172 3190 2245 3261 μὴ
2277 3190 2526 3259 βλέποντι
2568 3188 2669 3258 τῆς
2701 3189 2781 3250 είς
2808 3186 2899 3241 τὸν
2947 3186 3138 3259 βόθρον
3176 3186 3295 3241 ἐστὶ
3333 3203 3509 3241 κατα⁹

1925 3282 2202 3345 πτώσεως*
2225 3280 2397 3345 οὕτως
2437 3280 2630 3347 εὐαγὲς
2664 3278 2729 3333 ἂν
2770 3279 2855 3349 είη
2889 3280 2982 3332 καὶ
3009 3279 3070 3331 τὸ
3100 3277 3194 3331 τοῦ
3246 3279 3508 3331 Ἀποστό-

1923 3374 2017 3430 λου
2046 3376 2204 3438 νοεῖν,
2238 3372 2299 3426 τὸ
2327 3372 2453 3434 τοὺς
2497 3371 2572 3441 μὴ
2608 3370 2930 3437 ὲπιγνόντας
2962 3370 3053 3422 τὸν
3084 3369 3214 3425 Θεὸν
3254 3371 3367 3432 τοῖς
3403 3372 3507 3440 τῆς

1925 3466 2146 3536 ἀτιμίας
2171 3463 2466 3518 ἐκδίδοσθαι
2498 3449 2714 3527 πάθεσι,
2741 3462 2834 3514 καὶ
2866 3461 2927 3513 τὸ
2953 3460 3314 3531 έσκληρύνθαι
3350 3462 3506 3531 παρὰ

1923 3556 2017 3611 τοῦ
2046 3555 2180 3610 Θεοῦ
2211 3555 2303 3608 τὸν
2348 3554 2643 3622 Αίγύπτιον
2676 3551 2960 3622 τύραννον·
2989 3552 3087 3619 οὐχ
3115 3551 3191 3613 ὼς
3229 3549 3329 3621 τὴν
3354 3552 3506 3604 ἀντι-

1923 3646 2121 3701 τυπίαν
2167 3648 2225 3699 ἐν
2256 3647 2322 3715 τῇ
2356 3643 2499 3714 ψυχῇ
2535 3642 2628 3695 τοῦ
2660 3642 2858 3712 Φαραὼ
2892 3641 2992 3710 τῆς
3022 3640 3171 3699 θείας
3194 3640 3504 3711 βουλήσεως

1925 3737 2257 3807 ἐντιθείσης,
2294 3735 2406 3789 ἀλλ’
2434 3736 2509 3797 ὡς
2540 3734 2642 3803 τῆς
2679 3732 3049 3804 προαιρέσεως
3099 3733 3188 3787 διὰ
3228 3733 3328 3803 τῆς
3366 3733 3504 3803 πρὸς

1924 3832 2022 3900 τὴν
2056 3827 2249 3882 κακίαν
2288 3825 2657 3895 προσκλίσεως
2692 3827 2782 3879 τὸν
2815 3825 3226 3895 ὲκμαλάσσοντα
3275 3827 3375 3895 τὴν
3408 3827 3504 3878 ἀνι

1923 3921 2177 3974 τιτυπίαν
2202 3918 2358 3986 λόγον
2391 3918 2452 3972 οὐ
2477 3918 2793 3988 δεχομένης.
2823 3916 2978 3969 Οὕτω
3004 3919 3149 3988 καὶὴ
3176 3919 3273 3988 τῆς
3298 3918 3503 3988 ἀρετῆς

1926 4009 2118 4081 ῥάϐδος
2138 4011 2195 4062 ὲν
2221 4010 2333 4072 τοῖς
2360 4008 2677 4077 Αἰγυπτίοις
2716 4011 2965 4075 φανεῖσα,
2993 4009 3084 4061 τὸν
3116 4010 3213 4078 μὲν
3251 4010 3503 4079 Ἑϐραῖοι)

1925 4097 2163 4169 καθαρὸν
2189 4097 2288 4167 τῆς
2313 4094 2693 4167 βατραχώδους
2728 4094 2873 4165 ζωῆς
2899 4093 3289 4163 ἀπεργάζεταιο
3321 4095 3414 4147 τὸν
3445 4096 3504 4149 δὲ

1925 4189 2222 4258 Αίγύπτιον
2257 4187 2369 4259 βίον
2418 4187 2600 4259 πλήρη
2641 4186 2741 4256 τῆς
2772 4183 3025 4255 τοιαύτης
3058 4184 3293 4237 δείκνυσι
3319 4185 3498 4239 νόσου.

1940 4282 2077 4336 Ἀλλ’
2103 4280 2212 4335 ἔσθ’
2234 4282 2323 4336 ὅτε
2354 4279 2448 4334 τοῦ
2473 4278 2715 4341 Μωσέως
2743 4278 2837 4331 καὶ
2866 4278 3004 4348 ὑπὲρ
3037 4276 3240 4330 τούτων
3263 4281 3362 4338 τὰς
3391 4280 3504 4347 χεῖ-

1930 4392 2027 4446 ρας
2056 4373 2411 4436 ὲκτείναντος,
2458 4366 2766 4439 ἀφανισμὸς
2803 4365 2915 4422 τῶν
2961 4367 3246 4441 βατράχων
3269 4368 3500 4436 γίνεται.

1934 4463 2002 4520 ‘0
2027 4463 2091 4534 δὴ
2134 4463 2227 4516 καὶ
2262 4461 2357 4515 νῦν
2398 4460 2514 4513 ἔστι
2554 4458 2759 4526 γνῶναι
2799 4456 3105 4526 γινόμενον.
3155 4457 3220 4509 Οί
3254 4456 3363 4528 γὰρ
3402 4459 3504 4530 τὴν

1929 4556 2151 4611 ἔκτασιν
2191 4553 2298 4606 τῶν
2346 4550 2543 4623 χειρῶν
2584 4547 2680 4602 τοῦ
2735 4547 3022 4619 νομοθέτου
3067 4550 3505 4618 κατανοήσαντες

1932 4648 1950 4718 (
1975 4648 2221 4717 συνήσεις
2240 4646 2299 4699 δὲ
2330 4645 2566 4708 πάντως,
2588 4644 2670 4696 ὅτι
2699 4642 2782 4695 σοὶ
2808 4641 2954 4710 λέγει
2986 4640 3045 4695 τὸ
3081 4640 3329 4712 αἴνιγμαο
3360 4642 3504 4697 ὥστε

1930 4738 2120 4808 νοῆσαι
2153 4736 2243 4790 διὰ
2287 4735 2384 4805 μὲν
2411 4733 2508 4787 τοῦ
2552 4731 2845 4802 νομοθέτου
2873 4731 2963 4783 τὸν
2991 4731 3243 4802 ἀληθινὸν
3279 4733 3509 4801 ωμοθέ-

1928 4848 2047 4902 την,
2093 4829 2181 4882 διά
2218 4828 2275 4881 δὲ
2309 4828 2407 4897 τῆς
2440 4826 2548 4880 τῶν
2590 4824 2787 4896 χειρῶν
2830 4826 3126 4888 ἐκτάσεως,
3157 4824 3247 4878 τὸν
3283 4825 3377 4880 ἐπὶ
3409 4825 3505 4877 τοῦ

1926 4919 2162 4992 σταυροῦ
2205 4918 2308 4982 τὰς
2365 4921 2553 4988 χεῖρας
2610 4915 2997 4982 ἐκτείναντα),
3045 4916 3097 4968 οἱ
3139 4915 3319 4969 τοίνυν
3366 4916 3508 4985 rcpb;

1923 5013 2101 5081 ὀλίγον
2131 5014 2242 5073 τοῖς
2287 5011 2550 5080 ῥυπαροῖς
2582 5006 2791 5071 τούτοις
2829 5007 2922 5060 καὶ
2951 5005 3320 5077 βατραχώδεσι
3356 5007 3506 5073 λογι·

1926 5107 2083 5175 σμοῖς
2125 5101 2410 5165 συζῶντες,
2441 5103 2491 5153 εί
2514 5099 2649 5170 πρὸς
2669 5099 2762 5153 τὸν
2805 5099 2944 5168 ὑπὲρ
2975 5098 3132 5169 ήμῶν
3156 5098 3253 5162 τὰς
3288 5101 3499 5169 χεῖρας.

1921 5191 2237 5246 ἐκτείναντα
2261 5189 2441 5243 ἴδοιεν*
2474 5188 2910 5242 ἀπαλλάσσονται
2935 5186 3031 5257 τῆς
3052 5188 3295 5257 πονηρᾶς
3318 5188 3504 5241 αὐτῶν

1925 5284 2146 5353 συνοική
2153 5281 2676 5353 σεως,νεκρωθέντος
2684 5280 2778 5334 τοῦ
2795 5280 2998 5342 πάθους
3013 5280 3106 5333 καὶ
3115 5280 3498 5345 ἀποζέσαντος.

1939 5373 2174 5446 Ἀληθῶς
2203 5373 2311 5444 γὰρ
2335 5375 2448 5437 τοῖς
2464 5370 2904 5445 ἀπηλλαγμένοις
2931 5370 3029 5442 τῆς
3050 5369 3305 5441 τοιαύτης
3326 5370 3499 5438 νόσου,
