3800 5980
127 202 213 257 549
1440 198 1529 255 DE
1566 197 1696 254 VlTl

1805 199 2036 257 l0YSlS.

3256 202 3362 258 550

127 322 248 394 μετὰ
269 320 368 389 τὴν
393 318 663 388 νέκρωσιν
690 315 797 370 τῶν
825 315 1169 386 ἑρπυστικῶν
1198 314 1542 386 κινημάτων,
1565 312 1696 368 ἀτο-

1805 312 2202 371 consuetudine
2230 313 2486 371 virtutcm
2519 315 2786 384 complexi
2814 321 2942 371 sunt
2963 330 2979 365 :
2997 313 3172 381 Quem
3199 315 3366 385 igitur

128 417 212 477 πός
237 428 322 474 τις
357 412 455 466 καὶ
497 407 739 476 δυσώδης
768 408 803 478 ἡ
837 406 945 461 τῶν
980 405 1440 477 προϐεϐιωμένων
1471 405 1685 474 γίνεται

128 507 319 579 μνήμη,
358 501 429 556 δι’
475 499 738 570 αἰσχύνης
777 498 877 570 τὴν
914 497 1097 568 ψυχὴν
1125 497 1456 568 ἀηδίξουσα,
1502 495 1686 559 καθώς

130 614 270 669 ῃησιν
319 596 351 648 ό
410 591 735 653 ’Δπόστολος
780 590 918 661 πρὸς
953 591 1081 653 τοὺς
1118 590 1183 642 ἐκ
1229 589 1329 658 τῆς
1372 585 1467 643 τοῦ
1511 585 1683 642 κακοῦ

131 687 408 763 μεταϐολῆς
435 687 540 756 τὴν
566 683 767 755 ἀρετὴν
807 681 1106 753 μετιόντας·
1139 680 1222 734 ὅτι
1262 679 1397 733 Τίνα
1423 673 1517 733 οὖν
1544 693 1684 746 καρ-

130 785 215 835 πὸν
237 780 404 848 είχετε
432 777 579 839 τότε,
610 776 694 844 ἐφ’
722 768 803 837 οἷς
825 772 921 826 νῦν
949 770 1380 841 ἐπαισχύνεσθε;
1404 768 1561 822 Κατά
1580 767 1681 835 τὴν

1790 403 2032 460 fructum
2068 406 2124 459 in
2155 405 2245 459 his
2269 405 2575 469 habebatis,
2603 420 2836 475 quorum
2871 421 3017 460 nunc
3043 421 3142 461 vos
3168 405 3371 475 pudet?

1789 493 1906 551 Hoc
1930 505 2090 566 pacto
2121 498 2288 552 etiam
2329 496 2572 567 intelligo
2603 513 2700 567 per
2740 497 2949 566 virgam
2997 496 3168 567 Moysi
3200 496 3367 567 Egy-

1789 585 1921 655 ptiis
1965 584 2185 657 quidem
2235 596 2417 641 atrum
2443 596 2498 642 et
2521 589 2881 642 tenebrosum
2929 600 3057 640 aera
3086 601 3211 641 esse
3242 601 3368 639 con-

1789 674 1990 731 fectum
2023 695 2036 733 :
2064 677 2309 735 Hebraeis
2343 695 2472 735 vero
2500 679 2753 735 eumdem
2808 680 3002 735 eodem
3034 683 3089 735 in
3123 688 3369 749 tempore

1790 778 1954 839 atque
1994 771 2121 826 loco
2152 772 2323 827 radiis
2358 772 2657 829 refulsisse.

130 874 338 928 δάνοιαν
373 870 577 939 ταύτην
617 868 730 921 νόει
763 882 852 936 μοι
882 865 978 918 καὶ
1000 864 1092 917 τὸν
1118 863 1259 934 ἀέρα
1290 863 1378 915 διὰ
1406 862 1504 931 τῆς
1559 857 1778 931 ῥάϐδου,
1828 865 1942 926 rei;
2006 863 2105 934 μὲν
2128 900 2135 906 .
2159 865 2269 918 τῶν
2330 868 2641 935 Αἰγυπτίων
2704 868 2997 941 ὀφθαλμοῖς
3052 867 3371 941 μελαινόμε,

131 983 219 1018 νον.
259 965 346 1015 ἐπὶ
371 961 430 1014 δὲ
458 960 568 1013 τῶν
609 957 878 1029 Ἐϐραίων
899 953 979 1024 τῷ
1008 953 1144 1024 ἡλίῳ
1170 952 1688 1022 καταλαμπόμενον.

200 1057 271 1108 Δι’
289 1047 349 1108 οὗ
379 1053 620 1122 μάλιστα
650 1043 1692 1120 βεϐαιοῦταιτῆςάποδοθείσηςδιανοίας

130 1152 153 1202 ό
190 1149 354 1213 λόγος’
392 1146 477 1206 ὅτι
510 1144 614 1196 οὐκ
664 1140 870 1195 ἄνωθέν
912 1155 996 1202 τις
1044 1136 1423 1207 ἀναγκαστικὴ
1463 1135 1690 1205 δύναμις

131 1239 206 1288 τὸν
237 1236 327 1305 μὲν
356 1236 413 1286 ἐν
446 1233 621 1301 ζόφῳ,
647 1231 738 1284 τὸν
766 1229 822 1282 δὲ
847 1229 906 1282 ἐν
934 1228 1072 1297 φωτί
1093 1226 1348 1295 γενέσθαι
1372 1240 1693 1296 παρασκευ-

132 1330 231 1391 άζει
253 1367 266 1388 ,
294 1325 406 1378 ἀλλ’
442 1322 661 1377 οἴκοθεν
689 1321 885 1391 ἔχομεν
912 1321 971 1372 ἐν
998 1321 1064 1388 τῇ
1090 1317 1302 1370 ἑαυτῶν
1326 1317 1485 1385 φύσει
1507 1332 1565 1368 τε
1597 1316 1692 1368 καὶ

133 1417 420 1488 προαιρέσει
454 1415 556 1478 τὰς
590 1412 686 1467 τοῦ
713 1410 887 1480 φωτός
918 1426 974 1462 τε
1018 1410 1109 1461 καὶ
1160 1407 1384 1469 σκότους
1426 1405 1607 1468 αἰτίας
1641 1406 1690 1458 οἰ

133 1510 403 1580 ἄνθρωποι,
438 1506 581 1576 πρὸς
611 1504 747 1574 ὅπερ
781 1502 847 1555 ἂν
884 1500 1158 1569 ἐθέλωμεν
1202 1497 1425 1563 τούτων,
1475 1496 1692 1566 γινόμε-

1866 1037 2049 1103 Quare
2099 1042 2372 1096 sententia
2418 1050 2606 1098 nostra
2640 1044 2901 1098 smaxime
2954 1047 3364 1114 comprobatur.

1797 1130 1943 1198 quod
1967 1130 2178 1185 scilicet
2202 1147 2310 1186 non
2338 1148 2540 1202 cogens
2564 1132 2812 1203 quadam
2835 1133 3099 1190 divinitus
3125 1137 3206 1190 vis
3231 1139 3369 1192 alios

1794 1221 2076 1276 hominum
2107 1224 2162 1277 in
2197 1224 2436 1279 tenebris
2470 1224 2742 1292 ccspitare
2778 1223 2929 1288 facit,
2970 1226 3109 1281 alios
3138 1226 3193 1280 in
3220 1228 3370 1282 clara

1796 1313 1917 1368 luce
1962 1314 2192 1379 versari,
2236 1315 2329 1370 sed
2364 1315 2416 1369 in
2450 1315 2609 1370 nobis
2653 1316 2788 1385 ipsis
2820 1325 2983 1384 atque
3011 1317 3369 1385 intrinsecus,

1796 1404 1851 1457 in
1889 1413 2076 1460 nostra
2115 1412 2408 1474 potestate,
2451 1406 2752 1467 voluntate,
2780 1406 3066 1468 electione,
3103 1408 3360 1462 tenebra-

1796 1510 1916 1548 rum
1953 1510 2017 1549 ac
2056 1496 2196 1551 lucis
2230 1510 2427 1551 causas
2453 1496 2701 1551 homines
2733 1495 3099 1566 possidemus,
3131 1505 3192 1551 ut
3221 1514 3368 1552 nunc

135 1620 217 1655 νοι.
244 1602 344 1654 Καὶ
371 1598 506 1669 γὰρ,
536 1596 676 1650 κατά
699 1595 797 1665 τὴν
827 1591 1087 1662 ἱστορίαν,
1113 1590 1175 1643 ού
1205 1590 1293 1643 διά
1315 1606 1461 1650 τινος
1486 1588 1696 1658 τείχους

1805 1585 2066 1652 videntes,
2101 1601 2247 1641 nunc
2281 1586 2434 1649 caeci,
2465 1595 2626 1655 prout
2665 1588 2935 1649 volumus,
2969 1598 3117 1642 certe
3154 1589 3369 1644 ﬁamus.

137 1695 164 1765 ἢ
190 1695 333 1763 ὅρους
364 1686 831 1759 ἐπιπροσθοῦντος
859 1683 959 1746 τὰς
986 1682 1138 1752 ὄψεις
1159 1722 1174 1744 ,
1209 1682 1305 1733 καὶ
1339 1681 1437 1744 τὰς
1470 1683 1695 1743 ἀκτῖνας

137 1780 600 1844 ἀποσκευάζοντος,
627 1777 676 1830 οἰ
708 1776 807 1846 μὲν
841 1773 1082 1845 Ἑϐραῖοι
1109 1771 1203 1825 τοῦ
1231 1771 1407 1840 φωτὸς
1432 1770 1694 1841 κατετρύ-

140 1892 251 1946 corr
280 1875 327 1927 οἱ
348 1873 405 1926 δὲ
430 1871 779 1942 ἀναισθήτως
806 1863 950 1938 εἶχον
975 1866 1077 1935 τῆς
1103 1864 1328 1935 χάριτος
1351 1880 1364 1893 ·
1392 1862 1542 1916 οὕτω
1559 1864 1693 1915 πᾶσι

142 1967 260 2021 κατὰ
283 1966 339 2018 τὸ
364 1962 480 2017 ίσον
511 1962 610 2015 τοῦ
654 1959 919 2029 φωτεινοῦ
960 1957 1077 2028 βίου
1112 1956 1231 2009 κατ’
1275 1954 1525 2019 ἐξουσίαν
1559 1970 1695 2023 προ-

141 2057 383 2129 κειμένου·
421 2057 471 2107 οί
524 2054 625 2125 μὲν
660 2054 716 2105 ἐν
754 2051 933 2104 σκότει
973 2046 1423 2118 διαπορεύονται,
1471 2044 1560 2098 διὰ
1589 2044 1697 2099 τῶν

141 2148 363 2219 πονηρῶν
390 2142 846 2215 ἐπιτηδευμάτων
878 2139 1012 2211 πρὸς
1056 2139 1147 2191 τὸν
1178 2137 1277 2206 τῆς
1312 2137 1506 2199 κακίας
1537 2136 1696 2204 ζόφον

142 2242 586 2308 συνελαυνόμενοι·
638 2237 689 2289 οἰ
723 2234 778 2288 δέ
826 2231 906 2302 τῷ
945 2231 1086 2300 φωτὶ
1117 2231 1215 2301 τῆς
1246 2230 1450 2301 ἀρετῆς
1498 2228 1697 2297 ἐλλαμ-

145 2332 425 2405 πρύνονται.
458 2328 608 2383 Εἰδέ
644 2325 782 2396 μετά
824 2324 923 2394 τὴν
964 2323 1258 2393 τριήμερόν
1286 2323 1342 2374 ἐν
1390 2322 1564 2390 σκότῳ
1597 2337 1696 2373 κα-

143 2424 407 2479 κοπάθειαν
436 2422 654 2492 γίνεται
687 2417 778 2471 καὶ
810 2418 926 2479 τοῖς
957 2414 1278 2482 Αἰγυπτίοις
1306 2414 1340 2483 ή
1385 2411 1480 2464 τοῦ
1518 2411 1697 2481 φωτὸς

149 2517 380 2588 μετουσία
402 2532 417 2545 ’
454 2513 605 2582 τάχα
652 2527 739 2573 τις
769 2508 876 2562 ἀπὸ
920 2506 1126 2559 τούτων
1156 2502 1477 2575 ὁρμώμενος
1499 2543 1513 2567 ,
1561 2502 1697 2574 πρὸς

143 2608 220 2678 τὴν
268 2606 373 2660 ἀπὺ
413 2604 627 2666 κακίας
676 2600 811 2672 πρὸς
863 2596 1063 2668 ἀρετὴν
1107 2595 1173 2648 δι’
1212 2594 1556 2662 ἐπιγνώσεως
1601 2592 1697 2645 τοῦ

145 2698 521 2769 σταυρωθέντος
570 2691 666 2747 καὶ
712 2689 996 2761 μετανοίας
1044 2687 1375 2757 μετάστασιν
1420 2684 1529 2737 τῶν
1568 2684 1697 2755 πρὶν

144 2791 263 2845 κατὰ
287 2790 372 2842 τὸν
417 2788 537 2858 βίον
570 2781 1044 2852 Αἰγυπτιαζόντων
1073 2778 1269 2847 ἀγάγοι
1302 2776 1364 2828 τὸ
1391 2775 1589 2846 νόημα.
1625 2774 1699 2826 Τὸ

144 2882 233 2954 γὰρ
255 2878 574 2952 ψηλαφητὺν
603 2876 779 2929 ἐκεῖνο
810 2871 1020 2933 σκότος,
1050 2867 1233 2930 καθώς
1268 2882 1444 2954 φησιν
1473 2866 1506 2934 ἡ
1561 2865 1699 2916 lato-

146 2972 239 3043 ρία,
264 2971 394 3041 πρὸς
417 2969 477 3021 τὸ
514 2966 619 3036 τῆς
655 2961 875 3030 ἀγνοίας
909 2959 1003 3013 καὶ¹
1039 2955 1312 3027 ἁμαρτίας
1351 2953 1539 3015 σκότος
1572 2969 1642 3004 πο

143 3063 223 3135 λην
243 3063 295 3117 ἐν
315 3079 372 3115 τε
406 3059 487 3131 τῷ
528 3059 730 3129 ῥήματι
762 3053 856 3107 καὶ⁴
884 3049 964 3121 τῷ
991 3050 1221 3120 νοήματι
1247 3046 1344 3116 τὴν
1380 3043 1700 3135 συγγένειαν

145 3133 254 3221 ἔχει.
296 3152 493 3205 Λύεται
532 3147 586 3200 δὲ
618 3143 822 3199 τούτων
854 3141 1136 3210 ἑκάτερον,
1173 3135 1268 3189 τοῦ
1310 3134 1552 3196 Μωσέως
1577 3133 1699 3202 (κα-

146 3245 233 3309 θὼς
266 3244 322 3297 ἐν
346 3242 421 3313 τῷ
454 3240 570 3309 πρὸ
590 3235 783 3290 τούτου
812 3233 1101 3302 νενόηται)
1131 3228 1274 3298 ὑπὲρ
1298 3225 1405 3278 τῶν
1429 3226 1487 3277 ἐν
1520 3224 1700 3276 σκότει

145 3337 226 3398 τὰς
269 3337 449 3405 χεῖρας
489 3328 849 3387 ὲκτείναντος.
912 3319 1184 3381 Ὡσαύτως
1221 3318 1315 3371 καὶ
1364 3317 1397 3384 ἡ
1440 3313 1702 3384 καμιναία

150 3428 271 3491 κόνις
301 3426 503 3493 ἐκείνη,
551 3423 588 3491 ἡ
627 3419 724 3481 τὰς
753 3412 1017 3486 ὀδυνηρὰς
1043 3409 1374 3480 φλυκταίνας
1394 3409 1509 3470 τοῖς
1533 3408 1702 3473 Αἰγυ-

152 3519 297 3582 πτίοις
316 3517 620 3580 ἐπάγουσα,
646 3510 788 3565 κατά
809 3507 966 3575 λόγον
988 3504 1055 3559 ἂν
1077 3502 1314 3573 νοηθείη,
1337 3499 1425 3553 διὰ
1444 3498 1537 3551 τοῦ
1563 3495 1702 3549 κατά

151 3612 201 3665 τὸ
222 3612 377 3681 όνομα
407 3610 507 3679 τῆς
543 3604 781 3674 καμίνου
818 3597 1137 3667 αἰνίγματος
1156 3634 1171 3659 ,
1202 3595 1236 3664 ἡ
1280 3592 1371 3645 διὰ
1409 3588 1502 3642 τοῦ
1533 3589 1704 3681 πυρὸς

156 3704 272 3757 κατά
287 3703 380 3773 τὴν
407 3700 635 3769 γέενναν
654 3691 1009 3761 ἀπειληθείσα
1031 3688 1269 3747 κόλασις,
1295 3686 1328 3755 ἢ
1361 3683 1516 3773 μόνον
1544 3680 1723 3767 ἀπτε-⁵

154 3813 226 3850 ut
251 3770 350 3847 τῶν
393 3786 876 3860 Αἰγυπτιαζόντων
903 3779 1046 3834 κατά
1068 3778 1161 3831 τὸν
1195 3776 1327 3847 βίον,
1369 3772 1514 3826 τοῦτ’
1555 3770 1702 3823 ἐστιν

156 3887 309 3948 καθὼς
339 3885 600 3945 πολλάκις
630 3881 881 3948 εἴπαμεν,
905 3873 1012 3926 τῶν
1043 3869 1225 3932 κακῶς
1247 3866 1462 3931 ζώντων
1490 3864 1582 3918 καὶ¹
1606 3861 1703 3931 τὴν

156 3978 343 4032 ἔκτασιν
369 3978 476 4032 τῶν
498 3973 703 4047 χειρῶν
730 3968 824 4022 τοῦ
852 3962 1088 4038 Χριστοῦ
1129 3963 1202 4033 μὴ
1233 3956 1699 4031 προσκυνούντων.

158 4071 208 4122 Εἰ
230 4070 279 4124 δέ
306 4087 385 4133 τις
413 4067 632 4139 ἀληθῶς
668 4060 1005 4135 ’ῐσραηλίτης
1028 4057 1165 4117 ἐστὶ,
1194 4054 1289 4106 καὶ
1315 4051 1408 4104 τοῦ
1454 4047 1705 4120 Ἀϐραὰμ

158 4163 267 4227 υἱὸς,
297 4164 384 4216 καὶ
417 4161 554 4232 πρὸς
595 4158 805 4210 ἐκεῖνον
840 4151 917 4221 τῷ
950 4150 1048 4220 βίῳ
1075 4146 1285 4217 βλέπει,
1330 4144 1405 4206 ὡς
1433 4139 1603 4232 δείξαι
1633 4140 1699 4232 τῇ

1643 2921 1771 3003 λ,(ὶ

1796 1676 1931 1731 Nam
1982 1678 2144 1732 etiam
2195 1678 2494 1732 secundum
2554 1677 2836 1731 historiam
2882 1693 2990 1732 non
3040 1679 3204 1743 muri,
3260 1695 3368 1734 non

1795 1779 2029 1833 montes,
2072 1785 2181 1824 non
2221 1770 2326 1822 alia
2366 1769 2677 1837 hujusmodi
2709 1768 2984 1840 [Egyptiis
3028 1770 3212 1825 radios
3236 1771 3370 1825 solis

1796 1859 2136 1920 aulerebant,
2179 1858 2295 1913 sed'
2317 1858 2605 1927 aequaliter
2633 1857 2853 1927 quidem
2891 1858 3006 1912 sole
3032 1860 3215 1913 omnia
3249 1873 3373 1928 per—

1797 1949 2091 2015 lustrante,
2120 1946 2293 2004 Judzei
2336 1950 2456 2003 lucc
2483 1949 2589 2003 diei
2625 1948 2968 2014 fruebantur,
3003 1949 3245 2020 Egyptii
3269 1966 3372 2004 au-

1796 2048 1906 2095 tem
1929 2040 2116 2095 videre
2137 2056 2243 2095 non
2266 2048 2536 2109 poterant.
2557 2038 2647 2094 Sic
2677 2040 2952 2095 luculenta
2981 2041 3374 2113 splendidaque

1796 2132 1882 2185 via
1923 2131 2143 2185 virtutis
2172 2131 2454 2200 aequaliter
2489 2131 2745 2185 omnibus
2778 2136 3078 2200 proposita,
3107 2132 3199 2185 alii
3235 2133 3374 2188 male

1796 2220 2007 2292 agendo
2051 2221 2305 2276 vitiorum
2350 2220 2592 2275 tenebris
2621 2221 2991 2285 obcaecantur,
3029 2223 3117 2274 alit
3154 2224 3372 2279 virtutis

1798 2314 2002 2368 lumine
2027 2312 2397 2383 resplendent.
2422 2312 2577 2377 Quod
2609 2312 2654 2366 si
2679 2320 2966 2382 postquam
2994 2312 3178 2367 triduo
3213 2314 3373 2385 Εεν-

1796 2405 1895 2475 ptii
1926 2405 2167 2460 tenebris
2214 2405 2567 2465 laborarunt,
2603 2404 2824 2458 luminis
2865 2404 3001 2458 ﬁunt
3043 2406 3372 2475 participes,

1797 2498 1993 2569 poterit
2021 2499 2180 2552 etiam
2228 2497 2477 2553 fortasse
2520 2497 2764 2551 historia:
2818 2512 3014 2552 sensus
3071 2498 3136 2551 ad
3183 2512 3373 2552 eorum

1797 2589 2091 2645 transitum
2117 2588 2335 2653 referri,
2358 2589 2450 2658 qui
2482 2603 2605 2642 cum
2635 2597 2794 2641 antea
2823 2586 3201 2658 Egyptiorum
3224 2602 3376 2643 more

1798 2683 2068 2744 viverent,
2106 2682 2172 2735 ad
2222 2682 2476 2735 virtutem
2513 2695 2542 2734 a
2585 2680 2714 2733 vitio
2746 2695 2840 2749 per
2885 2681 3216 2750 agnitionem
3249 2693 3377 2733 cru-

1802 2774 1970 2838 ciﬁxi,
2010 2784 2175 2845 atque
2223 2773 2290 2844 ad
2336 2773 2712 2843 paenitentiam
2764 2779 2893 2828 sunt
2936 2771 3191 2835 traducti,
3235 2787 3375 2841 pra:-

1803 2868 1994 2923 sertim
2062 2881 2186 2921 cum
2227 2867 2526 2936 palpabiles
2567 2866 2670 2918 illae
2726 2864 2962 2917 tenebrae
3008 2870 3117 2917 tam
3173 2863 3375 2928 verlm,

1802 2973 1967 3028 quam
2005 2971 2170 3012 sensu
2207 2956 2416 3026 peccati
2440 2964 2603 3025 atque
2624 2953 2945 3025 ignorantiae
2971 2952 3213 3007 tenebris
3242 2969 3375 3007 eon-

1801 3044 2041 3099 veniant.
2084 3043 2329 3098 Solvitur
2371 3052 2555 3097 autem
2602 3051 2905 3112 utrumque
2949 3042 3198 3106 istorum,
3251 3056 3374 3095 cum

1801 3133 2032 3205 Moyses,
2090 3142 2152 3187 ut
2200 3132 2257 3186 in
2310 3132 2638 3202 praecedenti
2674 3132 2794 3185 loco
2845 3129 3232 3188 intelleximus,
3278 3143 3376 3197 pro

1799 3227 1868 3282 iis
1899 3229 1991 3295 qui
2024 3228 2077 3279 in
2110 3226 2350 3281 tenebris
2381 3225 2758 3288 versabantur,
2799 3238 2994 3277 manus
3031 3220 3361 3278 cxtenderit.

1802 3316 2085 3371 Pulverem
2114 3324 2292 3370 autem
2315 3315 2384 3370 de
2409 3315 2626 3369 camino
2660 3320 2960 3382 sumptum,
2985 3310 3079 3380 qui
3105 3311 3377 3380 turgentia

1803 3410 1988 3464 ulcera
2016 3408 2341 3476 doloresque
2370 3403 2744 3459 intolerabiles
2772 3401 3050 3471 IEgyptiis
3081 3400 3377 3461 inferebat,

1802 3502 1921 3569 ipso
1966 3498 2187 3553 nomine
2231 3496 2430 3550 camini
2479 3492 2766 3555 admoniti,
2815 3492 3077 3562 gehennaa
3124 3504 3188 3543 ac
3229 3488 3372 3558 ignis

1803 3593 1951 3647 illius
1982 3591 2283 3645 cruciatum
2329 3586 2670 3655 signiﬁcasse
2699 3584 2997 3645 crediturus,
3027 3582 3118 3649 qui
3155 3581 3379 3649 quidem

1803 3684 1945 3753 ignis
1979 3682 2125 3736 solos
2150 3686 2310 3734 vexat
2341 3676 2646 3748 Egyptios,
2683 3674 2736 3728 id
2761 3683 2867 3739 est,
2907 3682 2967 3727 ut
2999 3673 3199 3740 saapius
3236 3670 3379 3724 dixi.

1804 3788 1948 3836 mus,
1975 3773 2115 3825 male
2138 3772 2403 3832 viventes,
2427 3777 2480 3822 et
2512 3765 2887 3821 extensionem
2923 3776 3184 3819 manuum
3211 3763 3376 3815 Chri-

1804 3866 1874 3922 sti
1910 3879 2019 3921 non
2047 3862 2358 3917 adorantes.
2398 3858 2456 3912 Si
2503 3858 2628 3928 quis
2666 3872 2797 3912 vero
2831 3871 2961 3910 vere
2993 3854 3242 3911 lsraelita
3270 3862 3377 3916 est,

1803 3974 1976 4028 nepos
2010 3955 2262 4015 Abrahae,
2305 3952 2398 4023 qui
2444 3951 2592 4006 illius
2619 3950 2787 4003 vitam
2825 3948 2930 4003 ﬁde
2967 3962 3030 4001 ac
3063 3961 3227 4017 opere
3262 3944 3380 3998 imi-

1805 4056 1976 4112 tetur,
2022 4047 2069 4102 is
2109 4046 2285 4115 ignem
2316 4042 2469 4095 illum
2504 4055 2615 4095 non
2666 4039 2886 4101 sentiet,
2918 4036 3237 4092 extensione
3263 4050 3382 4088 ma~

1807 4153 1975 4196 nuum
2032 4135 2254 4206 Moysis,
2286 4134 2337 4187 id
2373 4140 2478 4193 est,
2513 4130 2717 4186 Christi
2765 4129 3049 4184 liberatus.
3094 4127 3381 4196 Sciniplies

159 4219 443 4326 προαιρέσει
465 4219 578 4323 ’την
610 4247 745 4319 πρὸς
786 4219 913 4306 τοὺς
951 4219 1236 4299 ἐκλεκτοὺς
1265 4231 1575 4303 ἀγχιστείαν
1610 4229 1696 4283 τοῦ

1808 4247 1937 4288 vero
1978 4231 2122 4291 illos,
2163 4228 2255 4295 qui
2290 4224 2523 4281 occultis
2557 4222 2835 4276 morsibus
2870 4219 3158 4290 [Egyptios
3196 4219 3384 4287 exagi-

160 4321 337 4412 γένους·
363 4321 880 4409 0510;VQUX&66€tat
903 4332 1008 4385 ἀπὸ
1040 4330 1137 4399 τῆς
1169 4323 1464 4395 καμιναίας
1485 4321 1700 4390 ἐκείνης

161 4436 341 4505 ὀδύνης.
378 4435 592 4487 Γένοιτο
629 4430 673 4482 δ’
717 4428 780 4481 ἂν
818 4422 1091 4484 κάκείνοις
1135 4417 1266 4471 ποτέ
1301 4416 1334 4485 ἡ
1381 4412 1702 4467 ἀποδοθεῖσα

160 4527 240 4596 τῆς
282 4502 557 4587 ἐκτάσεως
600 4520 709 4573 τῶν
749 4514 947 4587 χειρῶν
978 4511 1071 4564 τοῦ
1114 4507 1356 4568 Μωσέως
1407 4502 1702 4596 ἑρμηνεία,

163 4594 398 4686 θεραπεία
436 4617 533 4686 τῆς
563 4612 774 4682 ὀδύνης,
811 4607 902 4660 καὶ
942 4599 1233 4668 ἀπαλλαγὴ
1269 4596 1377 4649 τῶν
1405 4594 1701 4648 κολάσεων.

162 4682 277 4769 Τοὺς
303 4707 356 4759 δέ
398 4682 631 4764 λεπτοὺς
676 4698 905 4758 σκνίπας
948 4692 1204 4753 ἐκείνους,
1240 4688 1289 4741 οἳ
1328 4688 1439 4750 τοῖς
1478 4682 1707 4752 ἀφανέσι

161 4794 371 4867 δήγμασι
419 4798 543 4857 τοὺς
579 4789 905 4859 Αἰγυπτίους
951 4782 1261 4851 ἀλγύνουσι’
1313 4781 1413 4847 τήν
1449 4795 1511 4830 τε
1552 4775 1709 4829 κυνό·

1803 4329 2029 4383 tarunt,
2080 4319 2415 4385 caninasque
2474 4328 2711 4375 muscas,
2760 4308 3215 4380 quzecorporibus
3267 4321 3383 4360 mo-

1805 4414 1999 4471 riendo
2041 4411 2368 4481 ﬁgebantur,
2419 4406 2771 4472 locustasqre
2819 4414 3073 4469 agrorum
3131 4397 3375 4452 omnium

1805 4505 2111 4560 vastitatem
2129 4500 2444 4559 inferentes,
2461 4503 2515 4548 et
2532 4493 2758 4547 fulmina
2778 4490 2939 4546 simul
2958 4503 3083 4545 cum
3097 4486 3376 4557 grandinis

1808 4595 2083 4666 lapidibus
2125 4587 2457 4646 decidentia,
2510 4600 2618 4638 non
2649 4582 2754 4637 erit
2784 4579 3027 4651 profecto
3059 4578 3297 4640 difﬁcile,
3330 4578 3377 4631 si

1811 4686 1935 4756 quis
1984 4683 2252 4738 dictorum
2307 4676 2503 4744 seriem
2553 4673 2821 4741 sequitur,
2875 4670 3267 4725 convenienter
3313 4666 3378 4720 ad

1810 4787 2055 4832 nostrum
2095 4770 2429 4843 propositum
2480 4775 2539 4820 ut
2581 4767 2740 4820 decet
2780 4761 3219 4821 accommodare,
3262 4772 3384 4826 qua;

168 4848 615 4957 pi'évéaméd;
650 4848 737 4935 διὰ
771 4877 866 4933 τοῦ
891 4848 1179 4946 δήγματος
1222 4869 1569 4941 ἐμφυομένην
1599 4869 1696 4931 τοῖς

1811 4867 2029 4938 quidem
2055 4864 2236 4918 omnia
2254 4859 2572 4929 Egyptiaca
2604 4855 2713 4910 vita
2746 4854 2942 4923 quaerit
2970 4858 3025 4906 et
3062 4850 3207 4919 eligit
3229 4884 3244 4909 ,
3292 4848 3383 4902 Dei

169 4939 375 5047 σῶμασι·
404 4939 519 5047 τήνι
540 4939 613 5027 τε⁷
636 4971 740 5026 ὑπὸ
779 4969 887 5022 τῶν
1204 4939 1696 5029 καταφθειρομένηη

1815 4966 1995 5013 autem
2019 4954 2230 5009 inﬁnita
2254 4949 2471 5020 justitia
2496 4946 2799 5003 secundum
2828 4942 3167 5013 singulorum
3196 4939 3388 4993 merita
3456 4946 3469 4951 '

169 5041 577 5132 γεωπονίανίκαὶ
605 5068 730 5128 τοὺς
760 5060 965 5117 ἄνωθεν
997 5055 1319 5127 πρηστῆρας
1348 5055 1459 5115 τοῖς
1484 5052 1583 5122 τῆς
1611 5068 1696 5122 χα-

1816 5050 1982 5105 infert
2021 5041 2396 5116 peccantibus.

168 5122 312 5231 3:21:11;
347 5160 507 5223 λίθοις
542 5122 1106 5226 συγκανταπίπτονταςλ
1143 5122 1243 5201 οὐκ
1271 5147 1337 5201 ἄν
1369 5164 1451 5208 τις
1479 5146 1556 5217 τῷ
1588 5148 1766 5219 εἱρμῷ
1810 5146 1917 5199 τῶν
1947 5133 2437 5212 προεξητασμὲνων
2463 5131 2728 5231 ἑπόμενος
2761 5127 2995 5228 κάμνοις
3020 5126 3091 5176 τά
3121 5122 3242 5231 καθ’
3263 5123 3390 5231 ἔκαιε.

175 5212 698 5322 στόνΙ
746 5248 858 5307 τοῖς
917 5240 1267 5309 καταλλήλοις
1312 5212 1545 5307 νοήμασι
1570 5254 1582 5268 ·
1645 5212 1794 5309 άπερ
1860 5235 2038 5289 πάντα
2104 5228 2244 5282 ποιεί
2302 5223 2401 5295 μὲν
2447 5219 2589 5275 κατά
2642 5218 2704 5271 τὸ
2756 5213 3166 5286 προηγούμενον
3206 5213 3239 5281 ἡ
3294 5212 3392 5265 Αἰ-

173 5313 706 5417 γυπτίανπροάίρεσις,
740 5341 932 5407 ἐπάγει
964 5338 1020 5390 δὲ
1054 5338 1088 5406 ὴ
1127 5332 1419 5395 ἀδέκαστος
1456 5331 1549 5384 τοῦ
1573 5332 1710 5386 Θεοῦ
1735 5334 1877 5402 δίκη.
2066 5416 2073 5417 7
2237 5412 2248 5417 _
2276 5412 2286 5417 ι
2415 5407 2427 5417 .
2799 5403 2833 5417 __
2921 5313 2931 5322 -

242 5437 708 5497 Ἐπακολουθέντες
737 5432 1017 5501 νοήσωμεν
1047 5428 1128 5480 ὅτι
1161 5425 1310 5496 παρά
1334 5425 1469 5477 Θεοῦ
1499 5424 1709 5492 γίνεται

175 5532 232 5583 τὰ
248 5531 453 5603 λυπηρά
475 5533 582 5593 τοῖς
603 5527 711 5580 τῶν
738 5522 990 5577 τοιούτων
1012 5518 1180 5584 ἀξίοις
1201 5534 1213 5545 ·
1240 5518 1353 5571 ἀλλ’
1375 5519 1457 5571 ὅτι
1484 5516 1710 5579 ἕκαστος

181 5620 335 5692 ἐαυτῷ
361 5621 461 5675 τῶν
502 5616 721 5690 πληγῶν
753 5614 956 5684 γίνεται
985 5609 1338 5683 δημιουργὸς,
1384 5607 1472 5665 διὰ
1505 5607 1599 5678 τῆς
1630 5608 1708 5659 οἰ-

1887 5418 2003 5474 Νοη
2045 5416 2204 5471 decet
2236 5407 2479 5465 historia
2516 5405 2751 5459 litteram
2799 5403 2874 5457 ita
2920 5402 3097 5471 sequi,
3131 5408 3190 5454 ut
3223 5396 3391 5454 Deum

1819 5519 2068 5583 putemus
2098 5504 2376 5561 cruciatus
2410 5513 2655 5564 causam,
2687 5495 2782 5551 sed
2814 5506 3255 5565 unumquemque
3295 5503 3393 5545 sua

1816 5602 2079 5660 electione
2124 5597 2225 5653 sibi
2274 5592 2488 5649 dolores
2531 5602 2871 5660 praeparasse
2910 5601 2972 5642 ac
3022 5585 3237 5649 fecisse,
3275 5594 3391 5636 cre-
