3800 5980
343 160 446 214 551
1538 158 1596 214 S.
1638 156 1844 214 GREGf

2114 153 2295 212 SSENI
3482 133 3615 191 ’5δῖ

346 281 474 334 dere
508 277 788 342 debemus,
835 284 897 332 ut
934 279 1098 346 etiam
1142 279 1437 348 Apostolus
1480 281 1547 335 ad
1607 280 1847 351 hujusmt

2114 296 2177 342 ας
2229 278 2599 351 προαιρέσεως
2644 275 2743 345 τὴν
2777 273 2884 327 τῶν
2926 265 3189 337 ἀλγεινῶν
3240 257 3615 351 παρασκευὴν

306 372 311 377 ’
346 369 619 423 hominem
664 368 817 432 dicit,
866 369 1010 437 quod
1061 387 1080 419 ι
1113 367 1422 427 Secundum
1456 350 1709 425 duritiem
1749 379 1805 423 tu

2120 350 2344 441 ιμάζων,
2361 368 2545 430 καθώς
2566 383 2729 436 φησιν
2753 368 2781 418 ὁ
2813 360 3132 420 ’Λπόστολος
3158 355 3291 426 πρὸς
3314 352 3407 405 τὸν
3426 350 3621 403 toto?»

348 455 477 524 quia
503 468 599 507 cor
624 461 776 508 tuum
802 470 908 508 non
942 456 1186 524 pmuitet,
1214 458 1350 508 iram
1380 457 1476 511 tibi
1509 458 1562 511 in
1595 458 1685 513 die
1714 458 1810 513 ira:

2143 458 2337 526 λέγων,
2366 458 2449 511 ὅτι
2472 473 2491 506 ι
2517 457 2673 512 Κατὰ
2693 456 2790 527 τὴν
2816 448 3161 522 σκληρότητά
3201 462 3297 498 σου
3338 442 3433 496 καὶ
3463 442 3621 511 dp;-

348 543 696 597 revelationis
723 549 776 597 et
801 543 934 611 justi
958 543 1150 612 judicii
1196 541 1291 596 Dei
1318 558 1642 614 congregas,
1676 545 1768 615 qui
1801 561 1849 598 ιιι

2121 550 2281 620 ύητον
2301 548 2526 620 καρδίαν
2541 545 2888 617 θησαυρίζεις
2912 540 3123 611 σεαυτῷ
3140 536 3307 610 ὀργὴν
3329 538 3388 589 ἐν
3407 531 3622 620 ἡμέρᾳ-

350 634 547 703 cuique
590 635 782 688 tribuit
818 634 975 703 juxta
1010 649 1234 690 suorum
1276 649 1501 705 operum
1552 638 1745 692 merita
1793 637 1851 689 ³ο.

2116 618 2196 710 ’ἦέ
2220 640 2314 693 καὶ
2338 618 2731 706 ἀποκαλύψεως
2752 621 2854 689 ’καὶ
2884 629 3283 702 δικαιοκρισίας
3314 623 3409 678 τοῦ
3433 618 3617 681 Θεοῦ,

352 721 486 776 Nam
531 724 985 792 quemadmodum
1037 728 1081 781 si
1122 728 1274 796 pravi
1307 743 1371 781 ac
1401 726 1692 797 perniciosi
1734 727 1853 780 hum

2118 730 2370 785 ὶποδώσει
2390 726 2606 798 ἑκάστῳ
2625 726 2767 778 κατὰ
2780 722 2851 778 τὰ
2863 721 3195 795 ἕργααύτοῦ.
3212 738 3234 773 ι
3255 720 3469 787 Ὠσπερ
3489 713 3619 783 γὰρ

354 830 444 869 res
472 816 526 868 in
557 816 869 885 praecordiis
898 833 962 872 ac
992 818 1265 876 intestinis
1295 822 1517 882 laniant,
1553 834 1658 873 non
1691 833 1855 873 aecus

2156 822 2255 892 τῆς
2294 817 2656 887 ἀτακτοτέρας
2696 815 2905 883 διαίτης
2945 809 3266 882 φθοροποιός
3295 825 3380 870 τις
3425 805 3623 876 χυμὸς

353 913 445 960 tur
488 906 752 970 medicus,
798 909 942 977 quod
990 924 1087 964 eos
1121 912 1237 980 ipse
1266 911 1480 974 fecerit,
1513 911 1561 964 si
1611 917 1729 964 arte
1776 911 1854 978 ips

2171 910 2412 981 χολώδης
2456 910 2514 961 ἐν
2555 908 2669 969 τοῖς
2714 904 3039 975 σπλάγχνοις
3091 899 3441 954 συνίσταταιο
3484 894 3545 947 ὃν
3582 894 3625 945 ὀ

354 996 559 1051 vomitu
583 998 708 1064 ejici
733 1000 961 1061 curarit,
994 1001 1089 1055 sed
1116 1002 1295 1057 effecit
1320 1003 1539 1073 quidem
1579 1001 1702 1055 illos
1722 1001 1855 1054 inor.

2123 1001 2211 1070 ρὸς
2257 1000 2346 1053 διὰ
2392 998 2492 1068 τῆς
2534 994 2734 1065 τέχνης
2776 993 2856 1055 εἰς
2899 990 3094 1060 ἔμετον
3138 983 3619 1073 ἐφελκυσάμενος,

355 1097 482 1141 nata
519 1088 700 1150 diaeta,
739 1090 903 1143 traxit
939 1099 1116 1146 autem
1154 1092 1208 1147 in
1242 1093 1587 1148 manifestius
1621 1106 1729 1144 non
1761 1091 1856 1159 im]

2130 1067 2223 1145 ’ἂν
2252 1092 2310 1142 ἐν
2341 1067 2490 1159 αἰτίᾳ
2515 1086 2726 1154 γένοιτο
2753 1081 2845 1135 τοῦ
2872 1079 3033 1142 αὐτὸς
3064 1076 3361 1147 ἐμποιῆσαι
3388 1069 3471 1141 τῷ
3502 1067 3631 1121 σὼ-

361 1177 498 1231 ritus
531 1177 774 1235 medicus
803 1197 816 1233 :
844 1181 925 1235 sic
950 1197 1073 1235 cum
1103 1183 1321 1238 dolores
1349 1198 1413 1237 ac
1454 1183 1730 1237 cruciatus
1759 1180 1862 1234 hou

2244 1199 2277 1234 ιν
2302 1176 2507 1247 νοσώδη
2546 1174 2743 1247 χυμὸν,
2774 1171 2888 1226 ἀλλ’
2916 1168 3138 1238 ἐποίησε
3170 1166 3267 1236 μὲν
3289 1166 3322 1234 ή
3353 1162 3457 1253 τῆς
3704 1172 3711 1175 ·
3736 1170 3745 1175 “

360 1266 522 1320 nibus
577 1282 608 1321 a
664 1267 772 1323 Deo
826 1269 996 1327 factos
1037 1274 1312 1338 audimus,
1350 1274 1653 1344 intelligere
1704 1273 1858 1327 decet

2123 1291 2138 1337 ;
2164 1271 2378 1335 ἀταξία,
2406 1270 2484 1330 εἰς
2507 1268 2563 1320 δὲ
2587 1265 2650 1318 τὸ
2674 1261 2911 1334 ἐμφανὲς
2940 1261 3145 1330 ἢγαγεν
3171 1257 3206 1326 ὴ
3238 1250 3458 1345 ἰατρικῇ
3490 1250 3624 1300 ἐπι·

361 1358 520 1412 nobis
541 1359 673 1428 ipsis
694 1361 847 1416 initia
875 1373 927 1418 et
947 1380 1142 1420 causas
1162 1382 1350 1421 earum
1376 1368 1719 1431 vexatiouum
1745 1364 1862 1418 fuis:

2124 1381 2215 1434 γμη
2236 1379 2250 1393 ’
2281 1360 2453 1421 οὕτως
2494 1357 2598 1411 κᾶν
2628 1354 2776 1427 παρὰ
2808 1351 2903 1406 τοῦ
2933 1347 3067 1403 Θεοῦ
3101 1344 3345 1415 γίνεσθαι
3377 1342 3625 1434 λέγηται

363 1450 467 1515 Qui
498 1451 642 1505 enim
694 1453 830 1515 bene
858 1456 1010 1519 vixit,
1057 1456 1186 1512 huic
1215 1474 1323 1511 non
1368 1458 1626 1519 tenebrae,
1673 1471 1782 1510 non
1816 1470 1864 1507 ν(

2123 1431 2153 1517 ξ
2195 1431 2484 1521 μοχθηροῖς
2519 1448 2615 1516 τὴν
2649 1445 2962 1517 προαίρεσιν
2987 1434 3030 1511 κὴ
3059 1434 3283 1505 ἁλγεινὴ
3312 1431 3624 1521 ἀνταπόδο-

365 1539 490 1603 mis,
529 1556 637 1596 non
675 1544 943 1612 gehenna,
982 1562 1089 1601 non
1133 1548 1296 1618 ignis,
1343 1564 1452 1602 non
1486 1549 1631 1602 aliud
1676 1548 1843 1601 ullum

2128 1587 2141 1609 ,
2171 1520 2389 1611 εὔλογον
2417 1539 2483 1593 ἂν
2514 1539 2598 1610 εἴη
2630 1538 2790 1599 νοεῖν,
2819 1533 2878 1599 ἐξ
2902 1530 3058 1603 ἡμῶν
3091 1527 3275 1618 αὐτῶν
3301 1524 3424 1618 τὰὶ
3436 1520 3625 1618 άρχάς

364 1631 585 1686 nomine
619 1644 674 1686 et
719 1649 774 1689 re
804 1636 1045 1692 terribile
1089 1638 1352 1704 imminet,
1395 1641 1538 1695 sicut
1582 1639 1695 1708 ipsa
1723 1653 1862 1706 quoq

2126 1654 2134 1686 ι
2166 1634 2262 1696 τὰς
2295 1631 2473 1692 αἰτίας
2501 1630 2570 1682 τὰ
2602 1624 2827 1680 τοιαῦτα
2853 1620 3149 1692 λαμϐάνειν
3179 1615 3345 1708 πάθη.
3383 1612 3627 1708 Τι’ξι-γὰῌρ

367 1726 596 1773 testatur
628 1723 875 1778 historia.
912 1706 1197 1782 Nam'cum
1229 1731 1284 1783 in
1313 1730 1502 1785 eodem
1540 1730 1699 1784 simul
1730 1728 1868 1782 Hebr

2121 1726 2439 1796 ιμαρτήτως
2468 1718 2749 1791 βεϐιωκότι
2774 1716 2835 1768 οὐ
2865 1714 3052 1777 σκότος
3079 1709 3246 1770 ἐστὶν,
3272 1706 3332 1759 ού
3370 1702 3622 1773 σκώληξ,

366 1826 491 1864 cun.
519 1812 789 1883 IEgyptEis
831 1829 1015 1872 essent
1058 1821 1199 1882 loco,
1248 1822 1638 1876 cruciabantur
1674 1819 1867 1890 Egypt

2133 1817 2353 1885 γέεννα,
2397 1814 2458 1866 ού
2498 1811 2637 1881 πῦρ,
2671 1809 2770 1861 οὐκ
2813 1804 2949 1860 ἄλλο
2975 1820 3030 1856 τι
3060 1795 3438 1890 τῷνῗφοϐεριῦν

370 1899 608 1959 Hebraeis
651 1905 786 1959 nihil
818 1909 1199 1965 sentientibus.
1236 1910 1416 1977 Quare
1454 1884 1871 1966 inaniiestum-e:

2123 1922 2230 1958 των
2257 1920 2317 1955 τε
2347 1902 2440 1956 καὶ
2473 1897 2832 1970 πραγμάτων,
2854 1893 2928 1956 ὡς
2954 1891 3017 1960 δὴ
3042 1888 3136 1942 καὶ
3161 1889 3194 1958 ἡ
3226 1884 3624 1978 ἱστορία-φηςι,

368 1994 504 2047 nihil
536 1995 725 2050 harum
762 2013 1044 2066 poenarum
1095 2002 1304 2072 absque
1342 2011 1529 2057 nostra
1572 2002 1841 2058 electione

2128 2013 2154 2059 ς
2205 1992 2474 2064 Ἑϐραίοις
2529 1988 2604 2061 μὴ
2636 1983 2775 2041 εἶναι
2806 1984 2905 2046 τὰς
2934 1979 3236 2072 Αἰγυπτίας
3250 1975 3514 2072 fama?
3549 1973 3629 2027 Εἰ

369 2086 646 2141 voluntate
671 2104 833 2157 posse
873 2092 1196 2147 consistere.

2128 2104 2141 2139 θ
2168 2087 2226 2139 ἐν
2262 2083 2338 2155 τῷ
2363 2081 2533 2149 αὐτῷ,
2569 2079 2646 2150 τῷ
2671 2077 2768 2149 μὲν
2791 2077 2870 2138 είς
2902 2071 3069 2127 κακὸν
3089 2109 3103 2134 ,
3139 2068 3218 2138 τῷ
3246 2066 3303 2120 δέ
3337 2067 3440 2165 οῦκ
3465 2064 3588 2165 ἐστι
3611 2103 3629 2125 ,

369 2176 469 2246 τῆς
513 2178 619 2230 τῶν
665 2156 1034 2251 έτροαιρέσεων
1070 2183 1331 2255 διαφορᾶς
1381 2187 1439 2236 ἐν
1477 2187 1588 2249 τοῖς
1630 2181 1982 2253 κατ-αλλήλοις
2032 2177 2380 2246 δεικνυούσης
2417 2174 2707 2242 ἑκάτερον·
2757 2167 2915 2237 δῆλον
2960 2165 3026 2218 ἂν
3072 2162 3157 2233 εἴη
3196 2159 3256 2213 τὸ
3303 2156 3468 2227 μηδὲν
3512 2156 3631 2208 τῶν

373 2265 553 2318 κακῶν
588 2268 708 2338 δίχα
740 2271 838 2340 τῆς
869 2273 1139 2343 ἡμετέρας
1166 2276 1533 2347 προαιρέσεως
1556 2275 1815 2329 δύνασθαι
1850 2270 2131 2340 συστῆναι.
2908 2349 2913 2350 γ
3143 2347 3153 2350 _
3496 2340 3523 2350 _

445 2355 548 2409 Sed
572 2374 858 2429 pergamus
881 2365 945 2418 ad
966 2367 1194 2435 reliqua,
1220 2371 1265 2423 si
1293 2374 1442 2438 prius
1470 2369 1520 2421 id
1552 2367 1824 2436 praedictis
1842 2367 1942 2420 ad-

2132 2360 2291 2415 Ἀλλὰ
2319 2358 2455 2428 πρὸς
2484 2356 2545 2409 τὸ
2577 2355 2702 2424 ἐξῆς
2737 2351 2832 2407 τοῦ
2857 2349 3016 2417 λόγου
3034 2347 3633 2438 προΐωμεν,-τοσ;οῡτοιδ

374 2441 728 2501 didicerimus
744 2467 755 2500 :
770 2451 917 2518 quod
932 2451 1072 2507 sicut
1086 2432 1314 2523 Moyses,
1332 2455 1410 2509 sic
1424 2432 1739 2524 quicunque
1792 2456 1875 2509 illt

2134 2450 2429 2512 ιδευθέντες
2459 2447 2546 2500 διὰ
2575 2444 2683 2497 τῶν
2715 2438 3094 2511 ἐξητασμένων
3117 2477 3132 2500 ,
3181 2437 3263 2489 ὅτι
3306 2432 3517 2524 Μωσῆς
3563 2446 3632 2524 τε

378 2531 495 2585 zelo
525 2533 742 2588 virtutis
773 2535 1040 2603 imitatur,
1069 2555 1193 2594 cum
1237 2542 1413 2612 longis
1458 2546 1778 2614 magnisque
1811 2546 1878 2600 he

2134 2546 2285 2605 ἱνος,
2331 2540 2425 2593 καὶ
2475 2538 2504 2590 ὁ
2539 2535 2659 2589 κατ’
2692 2535 2899 2586 ἐκεῖνον
2927 2529 3014 2582 διὰ
3040 2528 3139 2596 τῆς
3177 2523 3377 2595 ἀρετῆς
3429 2518 3635 2614 ἐαυτὸν

378 2622 595 2677 vivendi
639 2630 1127 2685 exercitationibus
1163 2633 1401 2700 seipsum
1438 2635 1862 2697 confirmaverit,

2132 2631 2308 2703 ιίρων,
2341 2628 2558 2683 ἐπειδὰν
2594 2625 2683 2680 διά
2717 2640 2776 2676 τε
2802 2622 2904 2691 τῆς
2952 2617 3171 2689 χρονίας
3223 2610 3500 2685 προσοχῆς
3530 2609 3633 2662 τοῦ

380 2715 660 2783 superiore
703 2717 913 2774 visione
962 2722 1202 2777 animum
1250 2740 1409 2780 suum
1460 2727 1741 2779 vallaverit
1792 2734 1880 2796 atq

2137 2702 2231 2775 lion
2258 2738 2319 2774 τε
2353 2723 2448 2774 καὶ
2469 2715 2672 2788 ὑψηλοῦ
2706 2714 2842 2785 βίου,
2876 2711 2972 2768 καὶ
3003 2708 3092 2763 διὰ
3108 2708 3209 2777 τῆς
3240 2702 3449 2796 ἄνωθεν
3476 2717 3638 2796 γινο-

381 2805 671 2859 inuniverit
701 2825 714 2860 :
745 2816 874 2862 tunc
903 2825 1151 2881 magnam
1180 2814 1450 2883 jacturam
1473 2816 1705 2885 putabit,
1729 2817 1773 2870 si
1803 2792 1882 2885 eju

2137 2831 2223 2884 νης
2268 2810 2626 2882 φωταγωγίας
2675 2803 2960 2875 δυναμωθῇ
3017 2800 3115 2871 τὴν
3156 2797 3367 2868 ψυχὴν.
3419 2792 3638 2886 ζημίαν

382 2894 504 2949 dem
530 2905 738 2953 natura:
758 2900 1006 2957 homines
1032 2914 1252 2973 peccato
1268 2883 1529 2970 serviant,
1548 2908 1805 2976 dabitque
1825 2883 1883 2978 op

2140 2883 2267 2957 εἷται
2298 2902 2360 2955 τὸ
2396 2900 2470 2970 μὴ
2515 2901 2610 2952 καὶ
2651 2899 2763 2960 τοῖς
2802 2892 3086 2965 δμογενὲσι
3126 2889 3261 2961 πρὸς
3289 2887 3380 2940 τὸν
3408 2883 3641 2939 ἐλεύθε-

385 2998 501 3036 ram
532 2985 642 3039 dux
680 2989 760 3043 eis
799 2990 865 3043 ad
901 2991 1205 3048 libertatem
1241 2995 1357 3049 fieri
1393 3015 1405 3050 :
1443 3011 1679 3066 cumque
1705 2998 1767 3052 ad
1805 3000 1886 3067 ips

2136 3014 2148 3048 ν
2174 2991 2593 3065 καθηγήσασθαι
2623 2988 2757 3060 βίον.
2780 2988 2889 3041 Καὶ
2913 2984 3049 3056 πρὸς
3087 2982 3283 3045 αὐτοὺς
3308 2979 3637 3049 γενόμενος,

386 3078 701 3141 accesserit,
742 3084 1144 3150 comparatione
1175 3100 1238 3139 ac
1277 3088 1646 3157 propositione
1685 3090 1887 3159 pejorul

2186 3086 2481 3159 παραθέσει
2530 3081 2639 3135 τῶν
2691 3078 2949 3151 χειρόνων
3003 3073 3190 3129 παθῶν
3255 3069 3630 3142 σφοδροτέραν

385 3182 576 3236 .ngens
602 3169 868 3227 libertatis
888 3173 1217 3230 desiderium
1250 3179 1303 3233 in
1338 3181 1549 3235 animos
1578 3180 1816 3251 ipsorum
1853 3183 1886 3237 il

2140 3181 2235 3241 τοῖς
2273 3176 2374 3245 τῆς
2415 3171 2724 3242 ἐλευθερίας
2754 3169 2853 3241 τὴν
2884 3165 3176 3236 ἐπιθυμίαν
3204 3162 3483 3251 ἐντίθησι·
3534 3161 3641 3214 καὶ

384 3262 586 3325 mittet,
608 3277 671 3317 ac
687 3262 905 3319 demum
929 3266 1041 3336 jam
1063 3283 1093 3322 a
1115 3271 1273 3325 malis
1293 3273 1609 3338 eductuuis,
1630 3275 1885 3344 primogel

2137 3269 2265 3321 λλων
2291 3264 2621 3336 ἐξαιρεῖσθαι
2651 3260 2744 3315 τοῦ
2778 3259 2949 3315 κακοῦ
2978 3257 3040 3311 τὸ
3067 3253 3365 3344 ὁμόφυλον,
3393 3250 3638 3344 θάνατρν

386 3352 458 3404 tis
487 3349 865 3423 IEgyptiorum
918 3358 1174 3414 omnibus
1227 3370 1455 3416 mortem
1505 3336 1731 3432 inferet;
1779 3336 1882 3434 neq

2137 3360 2252 3428 άγει
2295 3357 2456 3411 παντὶ
2510 3353 2838 3428 πρωτοτόκῳ
2886 3348 3188 3418 Αἰγυπτίῳ.
3236 3343 3407 3398 Τοῦτο
3449 3342 3520 3396 δι’
3554 3336 3638 3395 ὧν

387 3442 529 3496 enim
548 3445 654 3498 alia
677 3449 886 3501 ratione
914 3462 978 3501 ac
1009 3450 1092 3503 via
1120 3450 1361 3522 [Egyptii
1390 3452 1628 3523 effugere
1647 3457 1811 3510 vitam
1837 3472 1888 3526 pf

2136 3452 2309 3521 οἰησεν
2351 3450 2482 3520 ἡμῖν
2513 3442 2850 3516 νομοθετῶν,
2899 3441 2960 3495 τὸ
2987 3440 3097 3493 δεῖν
3125 3439 3226 3509 τὴν
3275 3434 3499 3526 πρώτην
3530 3434 3637 3526 τοῦ

389 3532 545 3588 sibile
571 3542 677 3590 est.
705 3535 809 3591 Sed
841 3536 930 3592 hic
951 3520 1434 3597 multis'llubitatio
1462 3520 1690 3613 accidit,
1717 3520 1890 3617 quone

2135 3520 2227 3595 κοῦ
2265 3541 2475 3609 γένεσιν
2520 3532 2888 3604 ἐξαφανίζειν·
2925 3530 3000 3601 μὴ
3029 3530 3139 3600 γὰρ
3159 3527 3334 3617 ἄλλως
3365 3520 3504 3617 εῖναι
3536 3524 3636 3576 δυ-

391 3631 549 3690 pacto
582 3623 805 3680 historia
831 3626 1165 3698 defendetur,
1202 3647 1271 3686 ne
1301 3633 1503 3704 injusta
1534 3636 1617 3706 (ut
1639 3615 1851 3708 dicunt)
1877 3657 1892 3693 t

2138 3635 2215 3688 τὸν
2262 3632 2543 3701 διαφυγεῖν
2587 3628 2677 3681 τὸν
2723 3622 3017 3693 Αἰγύπτιον
3055 3620 3185 3689 βίον.
3219 3616 3328 3671 Καί
3361 3633 3452 3687 μοι
3482 3615 3639 3668 δοκεί

387 3712 512 3766 vina
555 3717 826 3770 sententia
867 3717 1116 3772 videatur
1149 3721 1528 3790 :lnjuriautur
1569 3727 1735 3791 enim,
1780 3729 1888 3782 aiul

2180 3727 2236 3790 ὗς
2278 3726 2452 3795 ἔχειν,
2500 3722 2599 3793 τὴν
2649 3719 2886 3773 διάνοιαν
2914 3713 3116 3784 ταύτην
3149 3710 3223 3782 μὴ
3253 3709 3637 3780 παραδραμεῖν
3674 3753 3681 3757 .

384 3801 647 3873 Egyptii,
678 3816 731 3860 et
759 3823 856 3876 pro
888 3809 993 3862 illis
1027 3810 1188 3863 modo
1212 3813 1321 3865 nati
1350 3814 1503 3881 pueri
1535 3817 1879 3884 puniuntur:

2138 3817 2389 3889 εώρη”τον.
2438 3815 2500 3866 Εἰ
2540 3812 2649 3882 γάρ
2687 3826 2771 3872 τις
2804 3807 2961 3878 μόνον
2992 3806 3071 3875 εἰς
3099 3804 3199 3872 τὴν
3232 3799 3472 3871 ἱστορίαν
3512 3798 3639 3868 βλέ-

385 3893 657 3960 quomodo
679 3894 995 3962 imperfecta
1018 3907 1151 3951 astas
1168 3907 1262 3951 aut
1286 3901 1410 3954 boni
1440 3912 1533 3957 aut
1558 3906 1684 3959 mali
1706 3906 1886 3962 differe

2138 3924 2175 3971 ι,
2193 3904 2310 3969 πῶς
2339 3906 2372 3974 ἡ
2420 3899 2727 3972 θεοπρεπὴς
2774 3900 2952 3951 ἔννοια
2978 3898 3089 3958 τοῖς
3126 3890 3454 3962 γεγενῆσθαι
3477 3889 3639 3957 λεγο-

387 3981 515 4034 tiam
551 3983 734 4037 novit?
772 3999 952 4038 nonne
995 3986 1105 4040 vita
1150 3988 1438 4043 infantium
1482 4001 1635 4045 extra
1668 3996 1888 4064 maligne

2136 4016 2240 4061 νοις
2276 3994 2702 4066 διασωθήσεταις
2750 3991 2950 4045 Ἀδικεῖ
2979 3989 3008 4041 ὁ
3038 3985 3352 4054 Αἰγύπτιος,
3385 3982 3637 4072 καὶ-ἀντ’

387 4084 599 4125 omnem
649 4073 1110 4140 perturbationem
1150 4078 1272 4129 est?
1309 4079 1546 4134 dexterae
1594 4083 1677 4137 vel
1722 4085 1882 4140 sinist

2141 4090 2271 4144 ιίνου
2313 4085 2597 4151 κολάζεται
2631 4083 2693 4137 τὸ
2732 4080 3008 4154 άρτιγενές
3046 4076 3209 4131 αὑτοῦ
3237 4077 3448 4145 νήπιον,
3480 4066 3525 4140 ᾧ
3547 4073 3642 4126 διὰ

385 4160 680 4218 discrimen
727 4163 1000 4231 ignorant,
1033 4165 1098 4220 ad
1130 4168 1302 4222 solam
1335 4171 1602 4226 nutricem
1638 4175 1886 4244 respiciui

2156 4182 2252 4251 τῆς
2294 4178 2509 4250 ἡλικίας
2533 4174 2718 4237 ἀτελὲς
2751 4151 2974 4239 οὐδεμία
2999 4169 3084 4233 τίς
3114 4170 3228 4220 ἐστι
3254 4164 3420 4219 καλοῦ
3445 4180 3506 4216 τε
3540 4164 3641 4214 καὶ

388 4255 436 4309 si
484 4255 777 4325 quidquam
838 4257 1081 4313 dolorem
1137 4259 1322 4325 infert,
1382 4278 1490 4317 non
1548 4280 1608 4321 se
1656 4277 1850 4335 parant

2138 4273 2403 4345 ιτοιούτου
2428 4269 2722 4339 nuptm-
2756 4263 2860 4328 ἔξω
2901 4261 2993 4315 τοῦ
3024 4259 3166 4314 κατὰ
3197 4257 3399 4312 κακίαν
3428 4253 3639 4317 πάθους

386 4343 778 4413 defensionem,
810 4349 903 4403 sed
948 4349 1158 4417 ploratu
1202 4354 1378 4407 solum
1414 4370 1479 4410 ac
1526 4357 1782 4429 lacrymis
1811 4363 1887 4419 do?

2133 4343 2249 4436 ζωὴ
2293 4361 2480 4418 αὐτοῦ.
2526 4359 2599 4412 Ού
2629 4357 2739 4425 γὰρ
2782 4355 2947 4424 χωρεῖ
2973 4353 3032 4405 τὸ
3060 4350 3230 4410 πάθος
3266 4350 3300 4418 ἡ
3335 4344 3600 4437 νηπιότης
3621 4384 3634 4402 ,

387 4450 501 4491 rem
529 4437 873 4506 significant;
918 4440 965 4493 si
999 4441 1297 4510 quidquam
1334 4444 1480 4513 quod
1512 4455 1705 4515 natura
1735 4466 1888 4522 appet

2138 4434 2247 4521 Ξιᾶς
2287 4454 2322 4524 ἢ
2361 4448 2654 4522 ἀριστερᾶς
2695 4443 2954 4515 διαφορὰν
2982 4442 3082 4495 οὐκ
3127 4439 3443 4500 ἐπίσταται,
3498 4434 3639 4502 1:95;

388 4528 826 4599 nanciscuntur,
881 4531 1215 4589 subridendo
1266 4536 1593 4606 voluptatem
1642 4547 1889 4602 ostendui

2135 4564 2235 4619 qu
2263 4543 2557 4600 ἀναϐλέπει
2583 4539 2680 4608 τὴν
2708 4535 2895 4606 θηλὴν,
2934 4533 3061 4604 μίαν
3091 4530 3185 4584 τοῦ
3211 4527 3504 4621 λυποῦντος
3538 4542 3636 4593 ση-

386 4619 498 4675 Cur
520 4619 687 4691 igitur
708 4628 946 4689 paterna:
969 4624 1250 4692 pravitatis
1277 4626 1512 4681 subeunt
1537 4633 1840 4702 supplicia?
1869 4657 1887 4693 ι

2137 4617 2338 4708 ιντικὴν
2363 4633 2613 4701 αἴσθησιν
2633 4627 2745 4698 ἔχει
2775 4625 2834 4678 τὸ
2865 4622 3097 4692 δάκρυον
3117 4660 3132 4682 ,
3167 4620 3261 4673 καὶ
3288 4619 3335 4671 εἰ
3370 4617 3523 4686 τύχοι
3557 4634 3638 4669 τι-

383 4709 628 4781 justitia?
657 4712 748 4769 ubi
770 4713 943 4783 pietas
959 4715 983 4767 ’ἒ
1009 4716 1097 4770 ubi
1137 4715 1383 4773 Ezechiel
1421 4719 1684 4789 clamans,
1723 4745 1743 4780 ι
1772 4729 1884 4786 Ani;

2134 4751 2186 4798 ης,
2207 4726 2268 4786 οὗ
2291 4732 2324 4801 ἡ
2351 4728 2511 4798 φύσις
2540 4723 2772 4791 ἐφίεται,
2806 4717 3118 4789 μειδιάματι
3143 4715 3240 4786 τὴν
3263 4715 3456 4784 ἡδονὴν
3502 4714 3635 4764 ἐπε-

386 4823 507 4877 ιιιιω
539 4809 865 4877 peccaverit,
907 4810 1023 4878 ipsa
1073 4813 1355 4877 morietur,
1402 4830 1503 4871 nec
1548 4822 1717 4888 patris
1758 4824 1887 4883 delic

2139 4845 2295 4899 μανε,
2313 4823 2483 4878 Τοῦτο
2503 4819 2601 4889 τῆς
2620 4815 2887 4886 πατρικῆς
2908 4804 3104 4874 κακίας
3126 4810 3324 4901 ἐκτίνει
3339 4808 3437 4876 τὴν
3452 4805 3632 4901 δίκηνέ

388 4900 650 4969 suscipiet
675 4910 839 4957 natus
861 4902 942 4955 “?
970 4921 989 4954 ι

2131 4921 2177 4975 ιῦ
2210 4921 2271 4973 τὸ
2308 4917 2547 4978 δίκαιον;
2584 4911 2685 4964 ποῦ
2720 4908 2781 4961 τὸ
2812 4904 3065 4970 εύσεϐἐς;
3095 4902 3199 4955 ποῦ
3229 4900 3290 4954 τὸ
3315 4901 3497 4962 ὅσιον;
3528 4899 3632 4951 ποῦ

398 4993 655 5064 ἰεζεχιὴλ
708 4994 867 5064 βοῶν’
922 4996 1003 5049 δτι
1037 5014 1055 5045 ⁸
1087 4997 1246 5068 Ψυχὴ
1294 5002 1328 5069 ἡ
1386 5001 1802 5077 ἁμαρτάνουσα,
1843 5013 1979 5085 αὑτὴ
2010 5014 2360 5069 ἀποθανεῖται
2381 5027 2396 5042 ’
2436 5027 2454 5061 ι
2491 5006 2606 5069 καὶ,
2638 5005 2719 5057 ὃτι
2747 5021 2764 5053 ι
2803 5002 2878 5055 Οὐ
2910 4998 3139 5069 λήψεται
3167 4994 3267 5066 τὴν
3299 4994 3390 5047 τοῦ
3427 4993 3634 5062 πατρὸς

389 5087 662 5158 ἁμαρτίαν
698 5090 726 5141 ὁ
762 5087 823 5153 ἐξ
859 5087 1069 5142 ἐκείνου
1083 5090 1448 5163 γεννώμενοςς
1486 5115 1505 5147 ι

460 5177 743 5244 Quomodo
767 5179 929 5249 igitur
955 5180 1183 5235 historia
1208 5184 1406 5240 rationi
1441 5187 1670 5246 adversa
1700 5195 1817 5248 est?
1849 5195 1957 5250 Sed

2135 5190 2253 5252 Πῶς
2277 5185 2679 5256 ἀντινομοθετεῖ
2701 5185 2734 5253 ἠ
2766 5182 2976 5252 ἱστορία
2992 5178 3069 5249 τῷ
3089 5177 3265 5246 λόγῳς
3294 5173 3504 5229 Οὐκοῦν
3540 5175 3636 5228 οὐκ

391 5270 520 5341 quid
566 5272 692 5326 mali
733 5272 815 5326 eis
843 5273 1111 5340 ‘contigit,
1159 5276 1205 5330 si
1233 5277 1397 5332 vitam
1449 5292 1664 5350 patrum
1712 5283 1892 5356 iniqua

2136 5279 2424 5351 ιογώτερον
2457 5276 2523 5330 ἂν
2548 5275 2655 5346 εἴη,
2680 5272 2813 5343 πρὸς
2839 5273 2937 5342 τὴν
2954 5266 3241 5337 ἀναγωγὴν
3255 5264 3350 5318 τοῦ
3364 5265 3461 5356 νοή
3469 5282 3637 5335 ματος

392 5362 545 5436 pueri
567 5360 889 5432 effugerunt,
920 5369 974 5418 et
1005 5372 1184 5433 patres
1207 5367 1395 5424 dolore
1432 5373 1736 5429 immatura:
1770 5355 1893 5431 mon

2136 5371 2322 5435 ὦντας,
2344 5371 2391 5422 εἱ
2420 5369 2511 5422 καί
2534 5385 2586 5421 τι
2605 5365 2792 5435 γέγονε
2820 5360 3084 5423 τυπικῶς,
3106 5359 3277 5428 δόγμα
3298 5355 3387 5410 διὰ
3416 5355 3527 5410 τῶν
3550 5373 3637 5424 γε-

386 5625 389 5627 ,
464 5542 509 5574 ³ο
542 5539 693 5596 ltom.
732 5556 790 5607 ιι,
816 5542 865 5597 5.
948 5545 987 5575 ³ι
1016 5542 1209 5601 Ezech.
1241 5561 1395 5614 xvm,
1431 5547 1521 5602 20.
