3800 5980
109 190 225 245 353

1469 189 1557 243 DE
1594 189 1754 243 VITA
1794 189 2061 245 MOYSIS.

3293 181 3396 236 554

109 302 372 372 νομένων
407 301 680 358 πιστεύειν
724 303 814 356 τὸν
847 302 1143 373 νομοθέτην
1182 303 1510 358 ἐκτίθεσθαι.
1555 303 1628 356 Τὸ
1656 304 1712 356 δὲ

1816 320 1928 359 sua:
1967 303 2410 358 admonuerunt?
2451 301 2700 373 quamvis
2741 301 2907 355 multa
2947 316 3162 371 quoque
3196 303 3393 370 priscis

108 395 309 464 δόγμα
344 393 583 447 τοιοῦτόν
618 395 736 447 ἐστι
759 412 774 425 ·
825 395 890 447 16
925 395 1035 448 δεῖν
1073 395 1211 464 πρὸς
1241 394 1338 464 τὴν
1371 394 1568 447 κακίαν
1594 397 1715 446 τινὰ

107 485 179 537 δι’
216 485 432 555 ἀρετῆς
477 483 964 556 συμπλεκόμενον,
996 484 1097 546 τὰς
1134 483 1355 554 πρώτας
1390 483 1497 536 τῶν
1529 483 1714 537 κακῶν

111 575 308 644 ἀρχὰς
357 577 440 638 είς
471 575 782 646 ἀφανισμὸν
828 574 990 644 ἔχειν.
1041 575 1118 645 Τῇ
1148 574 1256 645 γὰρ
1303 575 1580 644 ἀναιρέσει
1616 575 1715 644 τῆς

110 665 305 734 ἀρχῆς
370 665 469 717 καὶ
519 664 580 716 τὸ
627 665 746 734 μετ’
792 665 1008 734 ἐκείνην
1048 665 1496 732 συναφανίξεται,
1533 664 1714 728 καθὼς

109 754 365 807 διδάσκει
399 753 489 806 διὰ
547 755 643 807 τοῦ
699 754 1031 822 Εύαγγελίου
1082 756 1110 806 6
1147 753 1382 825 Κύριος,
1434 755 1714 825 μονονουχὶ

107 845 424 916 διαρρήδην
477 844 614 914 βοῶν
662 847 905 916 ἀναιρεῖν
931 846 1041 898 τῶν
1084 845 1395 913 Αἰγυπτίων
1427 845 1611 898 κακῶν
1646 843 1714 897 τὰ

111 936 478 1004 πρωτότοκα,
514 935 581 988 δι’
610 929 686 989 ὧν
713 935 924 988 κελεύει
955 936 1052 1006 τὴν
1083 935 1374 1004 ἐπιθυμίαν
1405 935 1710 998 ἀνελόντας,

109 1025 212 1078 καί
250 1026 354 1094 τὴν
393 1025 602 1096 ὀργὴν,
653 1026 850 1095 μηκέτι
902 1025 1232 1088 δεδοικέναι,
1272 1026 1409 1094 μήτε
1447 1027 1545 1096 τῆς
1595 1042 1714 1094 μοι·

107 1115 276 1184 χείας
308 1115 372 1166 16
405 1115 654 1185 μίασμα,
690 1117 825 1186 μήτε
866 1115 959 1168 τοῦ
1008 1115 1168 1183 φόνου
1203 1115 1262 1167 16
1311 1113 1462 1182 ἄγος.
1496 1114 1712 1185 Ούογάρ

113 1208 180 1256 iv
227 1205 316 1272 ἐφ’
352 1205 551 1258 ἐαυτοῦ
598 1205 824 1275 συσταίη
863 1205 1067 1258 τούτων
1109 1205 1399 1276 ἑκάτερον,
1432 1206 1480 1256 εί
1516 1204 1589 1274 μὴ
1619 1205 1713 1274 φό-

116 1311 204 1344 νον
242 1293 346 1362 μὲν
380 1294 416 1363 ἡ
451 1293 627 1364 ὀργὴ,
674 1296 919 1364 μοιχείαν
952 1295 1008 1347 δὲ
1035 1293 1352 1364 ἡέπιθυμία
1380 1294 1705 1364 τελεσφορὴ-

119 1401 292 1436 τειεν.
348 1385 508 1437 Ἐπεὶ
526 1380 618 1437 οὖν
667 1387 695 1436 6
739 1387 818 1448 είς
861 1386 1057 1437 κακίαν
1083 1383 1446 1452 τεκνογονῶν,
1484 1384 1587 1454 πρὸ
1615 1385 1711 1455 τῆς

115 1474 373 1544 μοιχείας
422 1475 604 1528 τίκτει
641 1475 740 1546 τὴν
783 1476 1104 1546 ἐπιθυμίαν,
1143 1477 1237 1528 καὶ
1273 1476 1370 1547 τὴν
1403 1477 1573 1547 ὀργὴν
1607 1478 1711 1547 πρὸ

110 1566 208 1619 τοῦ
263 1567 464 1635 φόνουο
525 1568 554 1619 6
604 1568 809 1621 ἀνελὼν
858 1569 948 1622 τὸν
1001 1570 1342 1638 πρωτότοκον
1370 1608 1385 1633 ,
1440 1570 1708 1622 συνανεῖλε

1819 393 1927 446 illis
1955 393 2314 462 temporibus,
2339 409 2458 461 quae
2489 408 2595 445 non
2631 391 2802 460 magis
2832 401 3048 460 propter
3076 402 3388 459 praesentes,

1818 484 1921 538 sub
1946 483 2144 552 quibus
2173 482 2392 548 ﬁebant,
2425 498 2586 551 quam
2621 490 2842 551 propter
2879 481 3110 542 futuros,
3148 483 3214 534 ad
3250 498 3390 550 quo-

1817 591 1938 630 rum
1987 576 2279 629 utilitatem
2305 577 2468 630 altius
2495 575 2774 630 reductam
2824 574 3219 644 intelliguntur,
3251 574 3392 628 facta

1819 667 2008 733 fuisse,
2049 682 2156 720 non
2205 667 2586 721 dubitaverim.
2637 665 2778 731 Quid
2828 681 2958 734 ergo
3003 665 3101 718 hac
3152 665 3392 718 historia:

1817 757 1984 826 ﬁgura
2014 757 2312 811 docemur?
2344 755 2487 825 quod
2525 763 2772 824 oporteat
2809 756 3012 824 primas
3034 756 3391 824 cogitationes

1815 853 1873 899 et
1906 847 2078 915 prima
2115 847 2376 916 peccandi
2426 846 2600 906 initia,
2651 854 2703 899 et
2731 846 2848 898 vias
2891 845 3094 914 primas
3131 847 3390 899 radicitus

1816 935 2028 990 tollere.
2066 937 2198 988 Nam
2230 937 2321 1004 qui
2361 934 2628 1003 principia
2659 933 2943 994 destruxit,
2975 933 3021 985 is
3049 933 3192 1001 quod
3223 948 3290 986 ex
3323 933 3391 986 iis

1817 1026 2084 1094 sequitur,
2120 1025 2283 1078 simul
2307 1023 2522 1087 delevit,
2559 1023 2700 1077 sicut
2735 1023 2996 1076 Dominus
3021 1038 3114 1090 per
3146 1021 3392 1093 Evange-

1815 1116 1948 1170 lium
1997 1131 2096 1170 nos
2128 1115 2306 1178 docet,
2355 1117 2744 1184 propemodum
2796 1113 2945 1166 clara
2988 1126 3121 1165 voce
3164 1128 3263 1166 nos
3297 1113 3392 1165 ad-

1813 1222 2075 1272 monens,
2153 1217 2213 1260 ut
2263 1206 2644 1276 Egyptiorum
2709 1205 2975 1258 malorum
3035 1205 3392 1274 primogenita

1814 1297 2226 1358 interiinan'ius,
2293 1295 2420 1347 dum
2459 1295 2646 1362 jubet,
2710 1301 2768 1346 ut
2820 1292 3170 1360 cupiditatem
3232 1302 3394 1360 atque

1813 1384 1948 1436 iram
1982 1383 2198 1452 penitus
2231 1383 2669 1451 exstinguanms,
2714 1397 2813 1433 nec
2856 1379 3111 1447 deinceps
3145 1379 3392 1432 adulterii

1812 1475 2168 1544 pollutionem
2224 1484 2319 1528 aut
2366 1473 2646 1526 homicidii
2697 1473 2878 1526 scelus
2927 1471 3389 1536 reformidemus;

1813 1577 2093 1632 nunquam
2141 1563 2284 1616 enim
2343 1560 2547 1630 aliquid
2596 1561 2788 1614 horum
2838 1560 2972 1613 oriri
3025 1567 3236 1628 potest,
3288 1560 3390 1614 nisi

113 1660 343 1722 πάντως
378 1659 475 1712 καὶ
503 1660 603 1729 τὴν
636 1660 1029 1713 ἀκολουθοῦσαν
1059 1661 1135 1730 τῷ
1166 1661 1491 1731 πρωτοτόκῳ
1522 1660 1702 1732 γονὴν,

1816 1653 2038 1707 alterum
2092 1668 2158 1706 ex
2223 1653 2324 1716 ira,
2377 1653 2608 1705 alterum
2652 1667 2718 1704 ex
2767 1651 3063 1716 cupiditate
3110 1656 3388 1702 nascatur.

113 1751 315 1821 ῶσπερ
371 1751 467 1804 καὶ
514 1751 607 1803 ἐπὶ
650 1751 744 1804 τοῦ
793 1752 966 1820 ὄφεως
995 1754 1023 1804 6
1056 1753 1153 1820 τὴν
1192 1753 1430 1821 κεφαλὴν
1469 1753 1702 1822 πλήξας,

114 1840 240 1892 ὅλον
281 1841 736 1911 συναπενέκρωσε
782 1842 871 1894 τὸν
913 1843 1141 1896 κατόπιν
1179 1843 1335 1896 ὁλκὸν
1385 1843 1442 1896 ὃν
1479 1843 1704 1912 ἐφέλκε-

116 1951 230 1986 ται.
262 1933 442 1986 Τοῦτο
471 1934 526 1986 δέ
557 1934 657 1986 ούκ
698 1935 764 1987 ἂν
791 1935 1026 2002 γένοιτο,
1059 1936 1133 2006 μὴ
1167 1935 1518 2006 προχεθέντος
1551 1935 1707 2006 ἡμῶν

114 2028 238 2088 ταῖς
280 2025 510 2088 εἰσόδοις
553 2024 762 2077 ἐκείνου
790 2025 884 2077 τοῦ
921 2025 1170 2095 αἵματος,
1207 2026 1235 2078 ὃ
1263 2026 1353 2078 16v
1387 2025 1706 2096 ὀλοθρευτὴν

115 2117 484 2186 ἀποστρέφει.
539 2118 651 2169 Καὶ
699 2117 749 2168 εί
801 2116 906 2187 χρὴ
934 2118 1032 2188 τὴν
1077 2117 1429 2170 ἀποδοθεῖσαν
1471 2117 1706 2169 διάνοιαν

116 2206 524 2278 ἀκριϐέστερον
557 2209 614 2259 ἐν
643 2209 754 2270 τοῖς
787 2208 1099 2279 εἰρημένοις
1135 2207 1465 2276 κατανοῆσαι
1491 2225 1506 2238 ο
1551 2205 1708 2258 τοῦτο

116 2299 184 2350 δι’
221 2299 508 2371 ἑκατέρων
548 2299 764 2353 δίδωσιν
791 2301 822 2370 ἡ
857 2302 1066 2371 ἱστορία
1095 2304 1253 2364 νοεῖν,
1277 2301 1340 2352 ἐκ
1373 2318 1432 2354 τε
1457 2300 1551 2353 τοῦ
1581 2301 1706 2352 ἀνε-

119 2389 233 2441 λεῖν
279 2391 350 2442 τά
393 2391 747 2461 πρωτότοκα,
793 2391 884 2443 καὶ
933 2393 996 2442 ἐκ
1039 2390 1130 2442 τοῦ
1176 2390 1242 2442 δι’
1267 2391 1495 2460 αἵματος
1541 2407 1708 2442 κατα-

122 2479 492 2550 σφαλισθῆναι
545 2480 647 2551 τὴν
702 2480 923 2534 εἴσοδον.
993 2479 1140 2533 Ἐκεῖ
1190 2497 1250 2533 τε
1300 2481 1472 2550 γὰρὴ
1515 2479 1705 2551 πρώτη

118 2568 272 2638 ὁρμὴ
316 2568 414 2622 τοῦ
453 2569 627 2622 κακοῦ
669 2570 1017 2638 ἀφανίζεται,
1056 2573 1150 2625 καὶ
1186 2571 1419 2626 ἐνταῦθα
1451 2574 1483 2641 ή
1516 2571 1706 2643 πρώτη

117 2662 221 2728 τῆς
287 2661 492 2724 κακίας
555 2662 758 2724 εἴσοδος
820 2663 940 2716 καθ’
995 2649 1150 2734 ήμῶν
1177 2663 1263 2716 διὰ
1310 2663 1403 2716 τοῦ
1456 2662 1708 2734 ἀληθινοῦ

117 2752 301 2820 ἀμνοῦ
347 2753 756 2820 ἐπιστρέφεται.
811 2755 886 2806 Ού
935 2753 1046 2824 γὰρ
1097 2755 1245 2818 ἐντὸς
1288 2755 1574 2824 γενόμενον
1619 2755 1709 2808 τὸν

117 2841 457 2912 δλοθρευτὴν
495 2843 562 2894 δι’
604 2844 846 2906 ἐπινοίας
879 2844 1212 2915 ἐκϐάλλομεν
1235 2885 1249 2908 ,
1301 2844 1415 2898 ἀλλ’
1450 2847 1594 2908 ὅπως
1644 2846 1710 2899 ἂν

121 2929 265 2997 μηδὲ
296 2929 396 3000 τὴν
431 2930 606 3001 ἀρχὴν
651 2934 782 3001 ἡμῖν
813 2933 1150 3004 παρεισδύσῃ
1171 2975 1186 2996 ,
1223 2933 1466 3004 φυλακὴν
1497 2933 1584 2987 διὰ
1615 2933 1706 2986 τοῦ
1736 2969 1780 3030 C

117 3026 293 3095 νόμου
345 3025 670 3095 ποιούμεθα.
705 3027 920 3099 Φυλακὴ
967 3029 1026 3082 δέ
1075 3031 1191 3082 ἐστι
1234 3031 1326 3083 καὶ
1355 3030 1622 3098 ἀσφάλεια
1647 3030 1708 3083 τὸ

117 3114 200 3183 τῷ
239 3114 440 3183 αἵματι
485 3114 578 3166 τοῦ
629 3115 801 3185 ἀμνοῦ
838 3117 936 3186 τήν
983 3133 1042 3168 τε
1079 3115 1238 3185 φλιὰν
1287 3118 1532 3180 καὶτοὺς
1578 3135 1707 3169 στα-

119 3203 146 3254 0
157 3206 302 3272 μοὺς
341 3205 444 3272 τῆς
471 3205 675 3257 εἰσόδου
701 3207 1187 3276 κατασημήνασθαι
1209 3225 1223 3239 ⁸
1255 3208 1428 3262 ταῦτα
1457 3211 1581 3280 περὶ⁴
1605 3209 1708 3279 ψυ-

121 3295 227 3362 χῆς
262 3294 400 3362 ἡμῖν
436 3295 880 3361 φυσιολογοῦντος
904 3296 971 3349 δι’
1017 3298 1354 3365 αἰνιγμάτων
1396 3299 1490 3351 τοῦ
1524 3300 1705 3368 λόγου,

121 3380 146 3430 ὂ
176 3381 277 3432 καὶ
309 3381 344 3450 ἡ
394 3379 595 3445 ἔξωθεν
626 3382 903 3446 παίδευσις
938 3385 1268 3454 ἐφαντάσθη,
1305 3385 1586 3456 διαιροῦσα
1613 3386 1709 3456 τὴν

121 3473 306 3541 ψυχὴν
353 3474 434 3533 εἰς
480 3471 542 3524 τὸ
585 3472 886 3539 λογιστικὸν
925 3475 1018 3527 καὶ
1053 3476 1447 3547 ἐπιθυμητικὸν
1473 3478 1564 3530 καὶ
1613 3477 1708 3530 θυ-

129 3562 364 3628 μοειδές.
405 3561 629 3624 Τούτοις
651 3563 706 3615 δὲ
740 3565 831 3616 καὶ
861 3563 955 3635 τὴν
987 3565 1278 3635 ἐπιθυμίαν
1312 3566 1710 3636 ύποὸεὸηκέναι

127 3654 297 3718 φασὶν
319 3693 334 3716 ,
363 3653 702 3724 ἑκατέρωθεν
723 3655 782 3706 16
811 3655 1142 3725 διανοητικὸν
1169 3659 1266 3727 τῆς
1295 3657 1471 3727 ψυχῆς
1496 3659 1713 3728 ὑπερεί-

125 3743 325 3796 δουσαν
345 3760 357 3771 ·
385 3743 478 3796 τὸν
510 3743 566 3796 δὲ
606 3744 862 3814 λογισμὸν
902 3747 1228 3818 ἀμφοτέροις
1279 3749 1674 3818 ἐπεζευγμένον
1695 3789 1709 3812 ,

131 3835 381 3903 συνέχειν
430 3850 490 3886 τε
543 3835 768 3897 αὐτοὺς,
825 3837 919 3889 καὶ
974 3838 1078 3890 ὑπό
1117 3839 1340 3891 ἐκείνων
1391 3839 1707 3909 ἀνέχεσθαιο

129 3928 267 3995 πρὸς
306 3927 407 3996 μὲν
456 3927 704 3997 ἀνδρείαν
732 3929 811 3998 τῷ
857 3929 1012 3999 θυμῷ
1047 3931 1441 4001 στομούμενον,
1493 3933 1630 4003 πρὸς
1656 3933 1713 3986 δὲ

128 4018 228 4086 τὴν
262 4017 360 4069 τοῦ
393 4017 601 4084 ἀγαθοῦ
649 4021 932 4089 μετουσίαν
972 4020 1037 4072 δι’
1069 4020 1359 4090 ἐπιθυμίας
1390 4022 1711 4093 ύψούμενον.

132 4108 282 4169 Ἕως
328 4106 393 4160 ἂν
437 4103 528 4160 οὖν
580 4110 613 4177 ἡ
648 4107 795 4179 ψυχὴ
829 4108 906 4178 τῷ
940 4110 1178 4179 σχήματι
1212 4111 1382 4181 τούτῳ
1429 4129 1711 4180 κατησφα-

129 4197 368 4266 λισμένη
391 4197 550 4268 τύχῃ,
576 4198 825 4270 καθάπερ
849 4199 960 4251 τισὶ
987 4201 1217 4270 γόμφοις
1240 4203 1349 4264 τοῖς
1371 4202 1488 4255 κατ’
1517 4201 1714 4272 ἀρετὴν

1810 1737 1916 1804 Qui
1954 1739 2376 1808 primogenitum
2412 1739 2692 1802 interimit,
2723 1738 2768 1792 is
2809 1746 3024 1806 partum
3055 1753 3272 1805 quoque
3298 1737 3388 1805 qui

1809 1848 1873 1887 ex
1917 1831 2278 1901 primogenito
2312 1834 2575 1893 nascitur,
2613 1830 2776 1883 simul
2819 1829 3101 1882 interimit.
3151 1828 3303 1882 Sicut
3335 1829 3388 1881 in

1808 1920 2110 1975 occidendo
2143 1929 2416 1989 serpente,
2441 1923 2532 1990 qui
2567 1927 2729 1988 caput
2765 1919 3038 1988 oppressit
3073 1927 3236 1987 atque
3275 1934 3392 1986 per-

1809 2011 2003 2074 cussit,
2066 2010 2112 2064 is
2172 2018 2346 2063 totum
2404 2010 2549 2079 quod
2599 2024 2630 2062 a
2681 2009 2857 2078 capite
2904 2010 3140 2062 trahitur
3187 2023 3390 2078 corpus

1809 2097 2176 2164 mortiﬁcavit,
2227 2098 2371 2169 quod
2428 2099 2652 2152 minime
2700 2113 2937 2168 unquam
3002 2098 3118 2151 ﬁeri
3166 2098 3387 2166 poterit,

1810 2192 1917 2246 nisi
1962 2192 2187 2262 sanguis
2219 2194 2271 2245 in
2311 2191 2469 2245 ostiis
2509 2190 2848 2251 infundatur,
2886 2189 2980 2258 qui
3010 2203 3386 2257 percussorem

1809 2285 1968 2338 facile
1997 2284 2226 2353 repellit.
2265 2283 2321 2337 ld
2353 2299 2483 2353 ergo
2511 2291 2804 2351 utrumque
2833 2282 2886 2334 in
2940 2296 3105 2333 unum
3149 2295 3388 2349 compie~

1809 2384 2064 2430 ctamur:
2101 2377 2182 2430 sic
2228 2376 2372 2429 enim
2426 2375 2630 2430 rectius
2670 2390 2734 2428 ac
2778 2374 3106 2442 exquisitius
3149 2388 3390 2441 expone-

1809 2472 1918 2520 tur.
1947 2464 2441 2534 Primogenitorum
2485 2479 2616 2519 nece
2642 2473 2717 2518 'et
2756 2457 2992 2533 pestium
3036 2480 3132 2532 per
3167 2464 3385 2533 sangui-

1810 2570 1934 2609 nem
1982 2556 2226 2610 custodia
2263 2556 2547 2619 discimus,
2587 2564 2641 2610 et
2688 2555 2838 2609 illinc
2879 2555 3084 2622 primas
3125 2556 3386 2608 vitiorum

1811 2645 2170 2715 appetitioues
2216 2647 2513 2710 tollendas,
2557 2654 2610 2700 et
2663 2647 2788 2701 hinc
2842 2648 3079 2718 primum
3131 2647 3386 2700 vitiorum

1812 2737 2074 2791 adversus
2106 2752 2205 2790 nos
2229 2739 2430 2792 aditum
2454 2755 2550 2808 per
2572 2754 2758 2793 verum
2787 2754 2984 2808 agnum
3017 2739 3387 2808 repellendum

1810 2844 1932 2882 esse
1975 2829 2366 2898 intelligimus;
2404 2845 2511 2882 non
2551 2829 2693 2882 enim
2744 2828 3049 2896 ingressum
3097 2843 3387 2896 percusso-

1812 2934 1926 2974 rem
1967 2919 2188 2988 ejicere,
2217 2919 2311 2974 sed
2345 2935 2412 2974 ne
2441 2919 2665 2973 omnino
2701 2918 3165 2988 subiugrediatur,
3195 2933 3390 2972 cavere

1811 3008 1895 3062 lex
1921 3007 2096 3076 jubet.
2147 3007 2339 3061 Cautio
2389 3016 2564 3060 autem
2606 3015 2660 3060 et
2711 3006 2958 3061 custodia
3003 3013 3119 3058 tuta
3171 3013 3274 3068 est,
3328 3014 3389 3058 ut

1809 3099 1932 3168 agni
1977 3098 2243 3168 sanguine
2285 3097 2705 3166 superliminare
2743 3095 2905 3150 simul
2951 3104 3005 3149 et
3041 3104 3225 3165 postes
3264 3111 3390 3164 per-

1810 3204 2080 3258 ungamus
2106 3207 2118 3241 :
2147 3188 2220 3241 ita
2266 3203 2362 3258 per
2412 3189 2699 3258 aenigmata
2741 3201 2841 3241 nos
2895 3202 2958 3240 ea
3018 3188 3102 3240 lex
3143 3187 3387 3250 instruit,

1811 3279 1996 3335 saeculi
2046 3294 2260 3350 quoque
2310 3278 2558 3334 doctrina
2607 3277 3039 3348 philosophatur.
3092 3275 3226 3331 Nam
3267 3278 3389 3330 ani-

1811 3385 1954 3423 mam
1993 3370 2053 3422 in
2087 3350 2371 3433 rationale,
2404 3367 2835 3436 concupiscibile
2873 3381 2936 3419 ac
2962 3367 3234 3421 irascibile
3265 3368 3388 3437 phi-

1811 3459 2024 3528 losophi
2058 3459 2371 3528 partiuntur
2403 3475 2415 3510 :
2444 3471 2677 3525 quorum
2721 3455 2830 3508 duo
2861 3463 3159 3523 postrema,
3191 3456 3388 3510 irasci-

1811 3550 1919 3605 bile
1987 3551 2110 3604 dico
2166 3559 2223 3604 et
2292 3548 2754 3616 concupiscibile,
2809 3549 3038 3601 subesse
3093 3547 3265 3607 aiunt,
3325 3560 3390 3598 ac

1812 3651 2109 3710 utrumque
2133 3641 2402 3694 rationale
2432 3639 2709 3694 sustinere
2737 3656 2749 3691 :
2773 3636 3045 3690 rationale
3064 3651 3193 3690 vero
3223 3636 3390 3689 utris-

1812 3748 1919 3803 que
1964 3732 2209 3786 innixum
2251 3741 2482 3798 utraque
2539 3729 2856 3791 continere,
2919 3737 2971 3782 et
3023 3729 3091 3782 ab
3140 3729 3390 3796 utrisque

1816 3824 2104 3887 sustineri,
2145 3831 2204 3875 ut
2225 3822 2291 3876 ad
2323 3821 2538 3874 fortiter
2564 3819 2784 3889 quidem
2821 3819 3088 3890 agendum
3127 3835 3224 3888 per
3249 3820 3388 3872 iram

1824 3916 2095 3972 excitetur
2129 3928 2193 3968 ac
2237 3913 2546 3975 roboretur,
2583 3910 2650 3964 ad
2687 3911 2814 3964 boni
2849 3918 3029 3964 autem
3073 3911 3387 3964 fruitionem

1815 4006 2261 4076 concupiscentia
2311 4003 2592 4059 efferatur.
2645 4001 2945 4073 Quousque
3000 3987 3389 4071 igitur-ianima

1814 4100 1922 4154 hoc
1961 4099 2154 4154 ordine
2188 4098 2423 4167 seipsam
2470 4103 2699 4160 tutatur,
2748 4095 2916 4150 rectis
2963 4097 3390 4165 cogitationibus

1817 4188 1978 4260 quasi
2007 4187 2333 4256 quibusdam
2364 4186 2558 4248 clavis,
2595 4185 2742 4240 hunc
2773 4187 3002 4240 istorum
3035 4187 3198 4239 trium
3238 4185 3390 4240 ordi-

134 4293 378 4359 νοήμασι
423 4291 484 4342 16
525 4290 739 4358 βέϐαιον
772 4289 1000 4358 ἔχουσα,
1051 4292 1108 4342 ἐν
1157 4290 1304 4360 πάσῃ
1357 4291 1422 4343 δι’
1474 4290 1712 4360 ἀλλήλων

1821 4297 1943 4336 nem
1970 4295 2302 4336 conservans
2324 4318 2339 4343 ,
2371 4279 2602 4333 alterum
2633 4280 2702 4333 ab
2731 4281 2904 4332 altero
2936 4280 3114 4347 quoad
3169 4280 3388 4333 virtutis

133 4378 346 4442 γίνεται
377 4379 444 4447 τῇ
480 4377 617 4446 πρὸς
649 4377 708 4429 16
736 4377 895 4430 καλὸν
931 4378 1188 4448 συνεργία
1211 4395 1224 4407 ·
1261 4379 1587 4448 παρέχοντος
1616 4379 1713 4450 ἤδη

133 4469 198 4520 δι’
234 4467 436 4520 ἐαυτοῦ
459 4471 570 4530 τοῖς
604 4467 965 4536 ύποὸεϐηκόσι
992 4467 1085 4520 τοῦ
1128 4468 1386 4538 λογισμοῦ
1421 4469 1518 4539 τὴν
1541 4469 1717 4538 ἀσφά-

134 4558 307 4618 λειαν,
337 4559 431 4610 καὶ
473 4559 532 4609 ὲν
568 4557 645 4626 τῷ
682 4557 835 4627 μέρει
869 4558 1000 4626 παρ’
1030 4557 1251 4610 ἐκείνων
1273 4559 1372 4628 τὴν
1405 4556 1525 4626 ἴσην
1555 4557 1715 4628 χάριν

135 4649 648 4719 ἀντιλαμϐάνοντος.
700 4651 760 4700 Εἰ
790 4649 844 4700 δὲ
879 4649 1248 4718 ἀναστραφείη
1279 4649 1339 4702 16
1371 4649 1558 4718 σχῆμα
1577 4689 1592 4712 ,
1623 4649 1715 4701 καὶ

134 4739 201 4790 1‘1
248 4739 364 4792 ἄνω
416 4738 627 4806 γένοιτο
671 4739 855 4802 κάτω,
906 4738 1045 4791 ὥστε
1092 4738 1235 4791 κατά
1275 4738 1336 4791 τὸ
1380 4737 1717 4807 πατούμενον

137 4830 305 4900 μέρος
332 4829 421 4882 τὸν
451 4829 710 4898 λογισμὸν
736 4830 969 4882 πεσόντα
1001 4829 1113 4882 ἄνω
1142 4829 1335 4881 ἐαυτοῦ
1367 4828 1590 4897 ποιῆσαι
1618 4828 1714 4899 τὴν

137 4917 544 4987 ἐπιθυμητικήν
587 4935 647 4969 τε
695 4919 786 4970 καὶ
813 4917 1032 4987 θυμώδη
1070 4917 1336 4970 διάθεσινο
1389 4917 1507 4968 τότε
1541 4918 1569 4968 6
1598 4916 1715 4970 ὀλο-

139 5009 345 5077 ῡρεύων
394 5010 475 5071 εἰς
507 5009 578 5062 τά
609 5009 758 5070 ἐντὸς
803 5007 1168 5078 παραδύεται,
1207 5008 1474 5078 μηδεμιᾶς
1519 5007 1619 5076 τῆς
1647 5007 1712 5060 ἐκ

137 5099 229 5152 τοῦ
276 5101 511 5169 αἵματος
563 5098 916 5160 ἀντιπαθείας
946 5097 1357 5167 ἀντιὸαινούσης
1388 5097 1536 5167 αὐτῷ
1578 5097 1714 5167 πρὸς

137 5194 231 5259 τὴν
280 5192 520 5253 εἴσοδον,
582 5189 859 5253 τουτέστι,
884 5192 996 5252 τοῖς
1029 5187 1172 5242 οὕτω
1221 5189 1583 5259 διακειμένοις
1617 5189 1714 5258 τῆς

139 5285 212 5346 είς
246 5282 478 5354 Χριστὸν
524 5280 762 5342 πίστεως
806 5280 1218 5349 συμμαχούσης.
1265 5279 1354 5349 Τῷ
1389 5279 1498 5348 γὰρ
1525 5280 1714 5350 αἵματι

137 5375 344 5442 πρῶτον
372 5371 694 5436 ἐπαλείξειν
722 5369 926 5421 κελεύει
947 5369 1044 5439 τὴν
1075 5370 1186 5422 ἄνω
1215 5367 1394 5436 φλιάν,
1425 5364 1522 5421 εἷθ’
1547 5368 1716 5432 οὕτως

138 5464 510 5532 ἐπιθιγγάνειν
557 5459 668 5512 τῶν
697 5457 946 5528 σταθμῶν
978 5459 1334 5530 ἑκατέρωθεν.
1371 5459 1494 5521 Πῶς
1523 5459 1587 5512 ἂν
1621 5455 1713 5513 οῦν

136 5575 210 5618 τις
240 5553 560 5620 ἐπαλείψειε
594 5550 652 5602 16
697 5549 804 5601 ἀνω
826 5547 1074 5618 πρῶτον,
1119 5550 1178 5600 16
1223 5550 1296 5620 μὴ
1329 5550 1710 5620 εύριτκόμενον

1822 4375 2025 4430 cultum
2081 4373 2648 4442 coadjuvaturzratio
2689 4373 2832 4425 enim
2885 4371 3156 4425 irascendi
3187 4379 3240 4426 et
3290 4388 3390 4426 cu-

1823 4467 2004 4537 piendi
2037 4467 2146 4519 vim
2191 4466 2258 4519 ad
2296 4466 2497 4519 bonum
2530 4465 2738 4534 dirigit,
2774 4472 2828 4518 et
2875 4465 2942 4518 ab
2992 4466 3124 4528 illis,
3154 4474 3214 4519 ut
3245 4465 3388 4520 dixi~

1822 4571 1966 4616 mus,
1996 4554 2404 4608 corroboratur.
2443 4552 2499 4606 Si
2535 4567 2662 4606 vero
2691 4554 2738 4607 is
2773 4555 2908 4608 ordo
2938 4570 3239 4610 conversus
3269 4555 3388 4610 fue—

1820 4646 1914 4710 rit,
1945 4645 2171 4714 etquod
2215 4659 2380 4714 supra
2422 4660 2546 4699 esse
2589 4644 2768 4706 debet,
2816 4646 3158 4714 subjiciatur,
3201 4655 3254 4701 et
3287 4663 3388 4701 cu-

1821 4737 2002 4806 piendi
2049 4751 2113 4790 ac
2157 4735 2428 4790 irascendi
2465 4736 2548 4790 vis
2598 4737 2862 4790 rationem
2909 4735 2977 4790 de
3017 4737 3134 4790 loco
3167 4751 3266 4790 suo
3296 4738 3388 4790 de-

1815 4829 2016 4898 jectam
2057 4829 2360 4891 conculcet,
2395 4835 2528 4880 tunc
2569 4842 2860 4896 percussor
2904 4828 3229 4896 ingreditur,
3258 4836 3386 4882 tunc

1819 4918 1969 4971 nulla
1998 4917 2281 4986 sanguinis
2311 4918 2393 4972 vis
2417 4917 2518 4985 ipsi
2550 4918 2788 4981 resistit;
2822 4917 2957 4970 nihil
2988 4918 3130 4969 enim
3157 4916 3290 4970 ﬁdes
3330 4917 3386 4970 in

1817 5009 2092 5063 Christum
2125 5007 2209 5062 his
2251 5007 2498 5075 prodest,
2537 5008 2631 5076 qui
2671 5011 3016 5077 pet-versione
3048 5005 3210 5075 hujus
3240 5008 3388 5061 ordi-

1815 5098 1901 5150 nis
1931 5108 2378 5165 corrmnpuntur.
2405 5096 2588 5151 Primo
2608 5099 2752 5152 enim
2779 5098 3198 5166 superliminare
3230 5099 3389 5152 inun-

1817 5188 2074 5259 gendum,
2102 5186 2298 5241 dciude
2329 5197 2620 5258 utrumque
2664 5198 2873 5258 postem
2906 5189 3223 5258 tingendum
3263 5205 3388 5244 san-

1816 5283 1981 5352 guine
2041 5280 2216 5350 jubet.
2277 5279 2561 5345 Quomodo
2613 5281 2778 5346 igitur
2844 5281 3052 5351 poteris
3120 5281 3389 5336 rationem

1820 5370 2056 5440 primum
2107 5369 2310 5424 Christi
2348 5369 2451 5424 ﬁde
2482 5371 2840 5432 communire,
2886 5385 3009 5423 cum
3051 5385 3172 5426 eam
3224 5384 3390 5440 supra

1820 5476 2063 5530 quaerere
2104 5460 2392 5530 jubearis?
2436 5459 2482 5512 si
2514 5474 2678 5527 supra
2729 5474 2850 5513 eam
2892 5460 2944 5514 in
2977 5459 3096 5514 loco
3131 5475 3232 5514 suo
3282 5474 3390 5514 non

1822 5554 2090 5620 invenies,
2131 5555 2282 5608 nullo
2328 5562 2478 5610 certe
2531 5551 2713 5608 modo.
2771 5551 2880 5609 Nec
2920 5561 2971 5609 te
2999 5554 3199 5617 turbet,
3247 5549 3390 5620 quod
