3800 5980
429 209 538 265 555

1612 210 1673 267 S.
1709 211 2040 268 GREGORII
2078 210 2372 269 NYSSENI

3573 202 3679 261 356

431 319 920 389 primogenitorum
951 317 1153 374 caedem
1198 318 1471 391 [Egyptiis
1514 321 1742 386 illatam,
1782 330 1836 377 et
1874 338 2003 377 san-

2113 323 2252 390 ivw;
2284 324 2347 377 Εί
2377 323 2435 379 δὲ
2466 323 2561 377 καὶ
2604 323 2679 396 μὴ
2718 323 2788 378 τὰ
2825 323 2922 379 δύο
2971 324 3082 387 τοῖς
3127 319 3489 393 Ἰσραηλίταις
3528 322 3683 393 τετέο

426 411 613 481 guinis
672 411 998 468 eﬂ‘usionem
1069 420 1235 482 atque
1286 412 1657 469 inunctionem
1712 430 1743 468 a
1804 413 2005 469 Iudaeis

428 502 659 566 factam,
703 503 758 556 in
805 518 975 557 unum
1019 504 1398 570 contulimus;
1451 520 1597 561 unus
1649 507 1793 560 enim
1842 515 2008 576 atque

428 591 572 648 idem
619 592 783 647 homo
825 600 878 648 et
924 593 1216 665 IEgyptius
1258 603 1313 651 et
1360 583 1586 651 Judaaus
1627 596 1892 651 varietate
1927 597 2005 651 vi-

427 684 590 738 vendi
626 695 680 738 et
719 686 871 738 varia
922 688 1203 740 voluntate
1237 700 1303 742 ac
1352 685 1621 742 electione
1658 686 2004 757 intelligitur.

428 775 617 845 itaque
651 775 695 829 si
733 774 979 829 Judaeum
1012 777 1289 832 hominem
1335 793 1457 833 esse
1485 780 1685 832 virtute
1714 778 2004 846 praeditum

426 867 726 922 secundum
757 867 1100 936 spiritualem
1145 883 1368 923 sensum
1403 869 1681 938 ponimus,
1722 882 1833 921 non
1871 882 2006 922 sane

424 973 667 1027 congrue
695 960 915 1013 virtutis
939 958 1149 1013 fetuum
1183 961 1450 1030 principia
1490 961 1679 1028 perimi
1712 961 2004 1029 quisquam

425 1050 692 1119 requirat,
717 1051 813 1105 sed
843 1064 905 1104 ea
934 1065 1169 1119 quorum
1201 1051 1456 1105 interitus
1487 1050 1657 1105 multo
1700 1053 1824 1119 plus
1857 1051 2005 1104 utili-

423 1143 554 1196 tatis
581 1155 744 1212 quam
769 1140 1024 1195 educatio
1052 1141 1317 1195 attulerit.

496 1408 902 1463 Convenienter
948 1409 1115 1479 igitur
1157 1408 1431 1479 Egyptize
1480 1408 1651 1478 prolis"
1702 1408 1855 1463 initia
1900 1409 2004 1464 tol-

428 1502 586 1556 lenda
620 1518 741 1556 esse
771 1501 1087 1565 didicimus,
1121 1511 1180 1555 ut
1203 1501 1416 1556 deficiat
1449 1502 1648 1554 malum
1674 1500 1788 1570 jam
1823 1501 1947 1556 inde
1970 1517 2001 1555 a

2104 431 2296 485 νηται,
2329 416 2366 487 ἦ
2406 433 2464 468 τε
2514 414 2623 469 τῶν
2661 415 3019 487 πρωτοτόκων
3063 415 3341 485 ἀναίρεσις
3384 416 3480 468 καὶ¹
3518 415 3555 485 ἡ
3584 416 3681 470 τοῦ

2103 503 2335 573 αἳματος
2379 504 2671 574 πρόσχυσις
2691 520 2704 533 ·
2742 504 2815 574 μὴ
2861 503 3147 575 θαυμάσῃς
3188 502 3383 574 μηδὲν,
3422 504 3563 574 μήτε
3593 504 3685 558 διὰ

2104 594 2260 648 τοῦτο
2283 595 2379 664 τὴν
2418 595 2770 649 ἀποδοθεῖσαν
2799 597 2926 667 περὶ
2946 596 3045 665 τῆς
3067 596 3402 667 ἀναιρέσεως
3445 597 3545 649 τοῦ
3582 614 3685 651 κα-

2105 685 2202 738 κοῦ
2251 686 2481 758 Θεωρίαν
2532 687 2838 757 ἀποδάλῃς,
2871 687 2947 750 ὡς
2984 686 3087 750 ἔξω
3116 688 3215 757 τῆς
3246 688 3505 757 ἀληθείας
3538 706 3684 760 παρε-

2104 783 2433 854 ευρημένην.
2473 783 2586 839 Νῦν
2620 783 2729 855 γὰρ
2764 786 2830 854 τῇ
2857 762 3086 854 διαφορᾷ
3110 783 3218 837 τῶν
3244 784 3560 854 ὀνομάτων,
3589 784 3683 837 τοῦ

2117 874 2508 945 ἰσραηλιτικοῦ
2546 891 2604 927 τε
2634 875 2731 928 καὶ
2760 876 2853 927 τοῦ
2887 875 3213 942 Αἰγυπτίου,
3246 877 3310 927 τὸ
3337 875 3439 944 τῆς
3478 876 3684 946 ἀρετῆς

2105 966 2243 1035 πρὸς
2270 966 2369 1036 τὴν
2393 967 2592 1019 κακίαν
2620 966 2872 1036 διάφορον
2901 968 3218 1037 ἐνοήσαμεν.
3247 967 3309 1018 Εί
3332 963 3429 1019 οὖν
3468 968 3685 1037 Ἰσραη-

2104 1056 2305 1109 λιτικδν
2334 1056 2424 1110 τὸν
2482 1057 2734 1127 ἐνάρετον
2776 1059 2812 1127 ἡ
2844 1057 3099 1125 ἀναγωγὴ
3142 1059 3281 1109 νοεῖν
3331 1055 3679 1109 ὑποτίθεται⁹

2102 1147 2201 1199 οὐκ
2227 1128 2290 1199 ἂν
2320 1147 2556 1215 εὐλόγως
2601 1147 2709 1200 τῶν
2758 1148 2857 1217 τῆς
2914 1147 3116 1218 ἀρετῆς
3173 1147 3534 1216 γεννημάτων
3581 1146 3684 1209 τὰς

2103 1239 2275 1307 ἀρχὰς
2320 1237 2600 1309 ἐπιζητοίη
2641 1256 2726 1301 τις
2772 1237 3264 1307 καταφονεύεσθαι,
3301 1238 3416 1290 ἀλλ’
3462 1239 3680 1307 ἐκεῖνα,

2102 1322 2177 1382 ὧν
2207 1331 2234 1381 ό
2259 1330 2562 1399 ἀψανισμδς
2599 1330 2696 1399 τῆς
2725 1330 3034 1399 ἀνατροφῆς
3064 1330 3178 1381 ἐστι
3219 1329 3680 1399 λυσιτελέστερος.

2171 1420 2380 1473 Οὐκοῦν
2417 1420 2721 1483 ἀκολούθως
2747 1421 2845 1490 τῆς
2872 1421 3171 1488 Αἰγυπτίας
3199 1421 3362 1488 γονῆς
3383 1419 3484 1482 τὰς
3508 1419 3685 1489 ἀρχὰς

2100 1510 2208 1563 δεῖν
2259 1511 2594 1582 ἀναιρεῖσθαι
2616 1552 2629 1572 ,
2664 1513 2812 1582 παρᾶ
2843 1511 2935 1564 τοῦ
2974 1511 3108 1564 Θεοῦ
3138 1511 3543 1581 μεμαθήκαμεν
3562 1550 3579 1575 ,
3605 1510 3684 1574 ὡς

426 1593 745 1662 primordiis
776 1593 898 1647 suis
926 1607 958 1647 e
993 1592 1172 1648 medio
1210 1592 1506 1647 sublatum.
1543 1592 1649 1646 Sed
1683 1600 1738 1646 et
1771 1593 2002 1662 quadrat

2113 1604 2168 1656 iv
2208 1604 2443 1656 ἐπιλίποι
2475 1603 2537 1655 τὸ
2580 1604 2747 1656 κακὸν
2790 1602 2868 1673 τῷ
2908 1603 3009 1672 τῆς
3038 1603 3209 1673 ἀρχῆς
3242 1603 3451 1673 ὀλέθρῳ
3483 1603 3681 1656 συνδα·

429 1681 674 1735 historiae
705 1696 903 1737 sensus
938 1683 1061 1745 iste,
1097 1697 1222 1736 cum
1256 1682 1684 1737 Israeliticorum
1709 1684 1998 1754 pignorum

2113 1695 2442 1766 πανώμενον.
2473 1696 2581 1749 Καὶ
2613 1713 2676 1747 συ
2685 1664 2896 1768 μὸαίνει
3018 1664 3226 1767 ἱστορία
3249 1696 3305 1748 τὸ
3329 1664 3506 1766 νόημα
3527 1711 3542 1725 ·
3572 1696 3685 1747 τῶν

425 1772 771 1826 conservatio
806 1786 870 1826 ex
921 1772 1096 1827 alfuso
1147 1773 1394 1841 postibus
1431 1774 1697 1843 sanguine
1743 1775 1996 1844 pendeat,

424 1872 485 1916 ut
522 1861 587 1913 ad
636 1860 928 1930 perfectam
977 1869 1190 1916 aetatem
1242 1862 1442 1915 bonum
1502 1863 1797 1931 perveniat.
1844 1863 2001 1928 Quod

426 1972 556 2011 vero
617 1971 907 2028 postquam
969 1955 1266 2025 perfectam
1325 1964 1539 2011 :etatem
1591 1956 1875 2025 attigerit,
1933 1954 2000 2009 ad

432 2047 743 2118 Egyptium
795 2049 1054 2118 populum
1106 2048 1420 2118 pertinebit,
1465 2047 1566 2101 hoc
1602 2056 1891 2116 antequam
1946 2046 2001 2099 in

427 2140 573 2192 nian
610 2138 986 2207 perficeretur,
1042 2152 1072 2193 ει
1105 2138 1285 2192 medio
1332 2138 1608 2191 sublatum
1638 2146 1741 2190 est.
1783 2134 1889 2189 Sed
1935 2132 2003 2186 ad

432 2229 580 2282 hunc
613 2244 831 2298 qucque
867 2228 1206 2297 spiritualem
1244 2244 1488 2292 sensum,
1514 2244 1635 2299 quae
1676 2236 2000 2296 sequuntur,

430 2319 663 2373 miriﬁce
695 2328 1028 2391 congruunt.
1084 2321 1247 2378 Jubet
1293 2320 1437 2375 enim
1476 2322 1872 2375 nutrimentum
1913 2334 2005 2374 as-

430 2411 754 2466 sumendum
815 2428 972 2478 esse,
1032 2411 1089 2465 id
1144 2419 1262 2474 est,
1324 2426 1527 2480 corpus
1579 2412 1720 2466 unde
1782 2412 2006 2479 sanguis

428 2504 636 2561 effusus
669 2514 774 2567 est,
802 2521 911 2575 quo
946 2505 1228 2575 repellitur
1262 2502 1641 2573 [Egyptiorum
1688 2516 2003 2570 percussor,

429 2595 476 2650 si
513 2595 692 2650 aditus
738 2604 981 2660 nostros,
1030 2593 1083 2646 id
1130 2604 1235 2658 est,
1285 2600 1397 2647 tres
1444 2593 1566 2646 illas
1619 2591 1817 2645 anima:
1861 2591 2006 2645 vires

431 2688 522 2741 illo
555 2688 798 2756 signatas
845 2685 1148 2756 prospexit.
1186 2684 1437 2748 Accedit;
1467 2684 1611 2751 quod
1646 2682 1842 2737 edendi
1885 2698 2006 2737 mo-

429 2774 561 2829 dum
612 2791 717 2828 non
760 2775 1052 2828 remissum
1092 2772 1381 2842 quemdam
1419 2772 1619 2835 tradit,
1668 2781 1724 2825 ut
1775 2772 1829 2825 in
1877 2787 2009 2826 con-

429 2866 591 2920 viviis
650 2866 766 2935 fieri
824 2866 981 2930 solet,
1040 2865 1134 2919 ubi
1187 2865 1430 2919 convivae
1485 2864 1694 2929 sedent,
1753 2866 2007 2920 manibus

430 2956 639 3021 liberis,
668 2963 721 3010 et
748 2956 978 3025 pedibus
1011 2972 1120 3009 non
1159 2956 1225 3009 ad
1260 2956 1366 3009 iter
1398 2956 1678 3020 calceatis,
1709 2963 1764 3010 et
1789 2957 1856 3009 ad
1892 2957 2007 3012 haec

429 3048 619 3103 effusis
670 3048 843 3101 induti
871 3047 1142 3103 vestibus.
1195 3046 1299 3101 Sed
1350 3056 1541 3101 contra
1588 3048 1747 3116 quasi
1790 3047 1857 3102 ad
1906 3050 2008 3102 iter

431 3138 597 3208 pedes
643 3138 812 3208 jussit
844 3138 1182 3193 comedendo
1222 3138 1427 3192 habere
1471 3138 1625 3193 duris
1668 3140 1866 3194 calceis
1896 3141 2008 3194 cal-

431 3241 642 3294 ceatos,
693 3231 914 3301 cingulo
951 3232 1214 3286 sustineri
1269 3246 1332 3285 ac
1362 3232 1649 3301 comprimi
1686 3243 1891 3287 vestem
1940 3250 2008 3289 ne

432 3322 763 3386 effundatur,
814 3337 878 3377 ac
933 3323 987 3375 in
1042 3322 1296 3377 manibus
1348 3323 1603 3380 baculum
1646 3328 1841 3389 teneri,
1901 3340 2010 3396 quo

431 3430 597 3470 canes
665 3424 959 3469 arceantur
983 3415 1051 3469 ".
1122 3417 1180 3468 In
1246 3414 1348 3468 hac
1408 3414 1593 3483 itaque
1650 3400 2011 3485 dispositione

433 3513 758 3569 festinanter
779 3527 976 3583 agnum
1010 3511 1297 3566 comedere
1319 3511 1603 3580 jubenlur,
1636 3528 1746 3566 non
1778 3527 2007 3583 operosa

431 3615 734 3670 coquorum
786 3608 904 3653 arte
957 3607 1342 3670 praeparatum,
1404 3598 1500 3654 sed
1525 3600 1636 3669 igni
1683 3609 1743 3653 ut
1783 3600 2010 3670 contigit

432 3706 656 3755 assum.
723 3690 777 3746 et
833 3706 956 3745 cum
1026 3691 1174 3744 omni
1235 3691 1516 3745 celeritate
1584 3691 1781 3761 raptim
1856 3692 2008 3745 illum

432 3783 743 3847 absumere,
782 3799 1070 3853 quousque
1113 3792 1284 3838 totum
1336 3783 1590 3838 animalis
1631 3799 1833 3853 corpus
1878 3798 2012 3838 con-

432 3884 711 3945 sumptum
782 3874 986 3937 fuerit,
1051 3872 1290 3942 dumque
1345 3889 1412 3928 ex
1472 3872 1542 3927 iis
1608 3889 1730 3942 quae
1790 3875 2010 3930 ossibus

433 3966 747 4028 adhaerent,
821 3963 1119 4019 comedunt
1162 3964 1430 4033 quidquid
1493 3965 1832 4019 esculentum
1894 3974 2007 4034 est,

432 4066 488 4111 et
553 4056 622 4110 ab
675 4070 742 4109 eo
812 4054 958 4125 quod
1040 4053 1187 4109 intus
1249 4062 1333 4109 est
1395 4054 1708 4120 abstinent;
1768 4057 2011 4125 prohibi-

435 4158 548 4201 tum
607 4146 749 4199 enim
814 4154 899 4199 est
965 4159 1033 4198 ne
1098 4158 1224 4200 ossa
1293 4140 1742 4199 comminuantur
1800 4148 2010 4202 anima-

435 4239 505 4293 lis
551 4237 750 4307 hujus,
805 4236 898 4292 sed
942 4235 1087 4307 quod
1141 4251 1206 4290 ex
1271 4235 1361 4289 illa
1405 4236 1828 4294 manducatione
1878 4240 2010 4295 reli-

2107 1788 2202 1856 μὲν
2261 1788 2664 1857 Ἰσραηλιτικῶν
2703 1787 3055 1857 γεννημάτων
3087 1788 3175 1840 διὰ
3204 1789 3302 1857 τῆς
3331 1787 3424 1840 τοῦ
3448 1788 3685 1858 αἵματος

2103 1878 2452 1948 προσχύσεως
2475 1879 2679 1946 γίνεται
2709 1881 2741 1950 ἡ
2774 1883 3003 1952 φρουρὰ,
3033 1883 3186 1942 ὅπως
3208 1879 3273 1932 ἂν
3295 1882 3374 1942 εἰς
3400 1881 3683 1933 τελείωσιν

2103 1969 2163 2021 τὺ
2205 1968 2405 2037 ἀγαθὸν
2449 1968 2596 2040 ἔλθῃ.
2631 1970 2808 2042 ’Ὅπερ
2846 1973 2903 2024 δὲ
2947 1971 3227 2024 τελειωθὲν
3270 1973 3349 2031 είς
3381 1970 3691 2038 Αίγύπτιον

2107 2058 2408 2111 συντελέσει
2450 2060 2648 2129 δῆμον,
2705 2060 2860 2114 τοῦτο
2906 2062 3010 2132 πρὸ
3054 2058 3152 2131 τῆς
3193 2065 3250 2114 ὲν
3280 2061 3356 2131 τῷ
3385 2061 3544 2131 κακῷ
3587 2079 3684 2114 τε·

2104 2148 2371 2212 λειώσεως
2406 2150 2696 2220 ἠφανίσθη.
2752 2152 3009 2221 Συνεργεί
3053 2153 3106 2204 δὲ
3150 2152 3283 2223 πρὸς
3310 2151 3408 2223 τὴν
3456 2169 3686 2223 προκει-

2109 2237 2275 2307 μένην
2305 2237 2457 2307 ήμῶν
2491 2239 2781 2308 ἀναγωγὴν
2826 2239 2917 2292 τοῦ
2946 2242 3215 2310 νοήματος
3248 2242 3340 2293 καὶ
3368 2240 3438 2293 τὰ
3478 2240 3684 2310 ἑφεξῆς

2109 2329 2755 2399 συμπαραλαμϐανόμενα
2799 2333 2864 2400 τῇ
2905 2329 3107 2401 θεωρίᾳ
3142 2328 3237 2382 τοῦ
3267 2330 3447 2397 λόγου.
3486 2330 3687 2382 Βούλε-

2104 2436 2194 2472 ται
2224 2418 2330 2487 γὰρ
2359 2421 2560 2489 τροφὴν
2580 2418 2733 2488 ἡμῶν
2762 2418 3013 2484 γενέσθαι
3043 2418 3102 2470 τὸ
3142 2417 3327 2487 σῶμα,
3351 2416 3474 2470 ὅθεν
3503 2418 3608 2469 ἀπε
3618 2420 3685 2487 ρ-

2106 2511 2209 2579 ρύη
2252 2510 2310 2562 τὸ
2342 2506 2510 2579 αἷμα,
2555 2510 2584 2562 δ
2609 2510 2829 2581 χωρίζει
2852 2509 2945 2562 τοῦ
2987 2507 3302 2579 ὀλοθρευτοῦ
3353 2508 3460 2561 τῶν
3510 2509 3685 2575 Λίγυ-

2109 2599 2298 2663 πτίων,
2342 2600 2432 2651 ἐπὶ
2463 2599 2568 2652 τῶν
2621 2599 2837 2652 εἰσόδων
2884 2597 3247 2668 δεικνύμενον.
3282 2598 3354 2650 Τό
3389 2615 3448 2650 τε
3481 2597 3678 2667 σχῆμα

2105 2690 2213 2742 τῶν
2241 2690 2337 2761 τὴν
2374 2690 2575 2761 τροφὴν
2599 2690 2800 2760 ταύτην
2833 2690 3310 2760 προσφερομένων,
3337 2688 3590 2742 σύντονον
3623 2705 3687 2741 τε

2108 2783 2200 2835 καὶ
2225 2782 2764 2851 κατεσπουδασμένον
2798 2777 2956 2847 εἶναι,
2985 2783 3081 2850 οὐχ
3116 2776 3225 2833 οἷον
3256 2779 3349 2833 ἐπὶ
3371 2778 3480 2832 τῶν
3508 2780 3686 2833 εὐπα-

2104 2874 2341 2927 θούντων
2368 2876 2424 2925 ὲν
2454 2874 2771 2943 συμποσίοις
2805 2874 3024 2944 ὀρᾶται’
3059 2868 3134 2925 ὧν
3160 2873 3336 2926 ἄνετοι
3366 2871 3462 2940 μὲν
3483 2872 3541 2922 αἱ
3569 2872 3687 2940 χεῖ-

2112 2981 2235 3035 ρες,
2272 2962 2506 3033 ἐλαφραὶ
2549 2963 2607 3015 δὲ
2657 2964 2886 3033 ἱματίων
2926 2962 3199 3026 ἐπιϐολαὶ,
3234 2962 3332 3031 τῆς
3362 2977 3424 3013 τε
3469 2960 3688 3012 ὁδοιπο-

2115 3057 2272 3127 ρικῆς
2312 3056 2661 3126 παρασκευῆς
2693 3057 2743 3107 οί
2783 3055 2938 3118 πόδες
2983 3053 3285 3123 ἐλεύθεροι·
3334 3052 3448 3105 ἀλλ’
3480 3054 3548 3105 ἐκ
3587 3051 3687 3105 τοῦ

2109 3148 2350 3203 ἐναντίου
2378 3150 2448 3202 τὰ
2474 3150 2667 3202 πάντα.
2702 3148 2866 3210 Πόδες
2895 3148 2992 3218 μὲν
3019 3147 3385 3217 διειλημμένοι
3408 3149 3521 3209 τοῖς
3544 3147 3687 3198 ὑπο-

2109 3238 2346 3309 δήμασι,
2386 3238 2539 3308 ζώνη
2569 3237 2626 3291 δὲ
2670 3237 2729 3290 τὸ
2774 3238 3060 3308 περιρρέον
3101 3237 3192 3290 τοῦ
3221 3236 3443 3306 χιτῶνος
3474 3238 3540 3305 τῇ
3579 3235 3690 3299 ίξύῖ

2111 3330 2514 3400 συσφίγγουσα,
2557 3329 2644 3382 διὰ
2669 3329 2850 3400 χειρὸς
2890 3329 2946 3381 δὲ
2975 3332 3006 3400 ἡ
3049 3330 3320 3398 ἀμυντικὴ
3359 3330 3467 3380 τῶν
3500 3328 3688 3380 κυνῶν

2112 3422 2401 3493 βακτηρία.
2446 3422 2555 3474 Καὶ
2607 3423 2664 3473 ὲν
2693 3421 2866 3491 τούτῳ
2913 3420 2990 3490 τῷ
3037 3421 3272 3489 σχήματι
3330 3416 3687 3489 προστίθεται

2109 3515 2293 3576 αὐτοῖς
2331 3514 2365 3583 ἡ
2392 3512 2590 3583 βρῶσις
2624 3512 2750 3566 ἄνευ
2790 3512 2931 3575 τινὸς
2957 3511 3322 3580 ὀψαρτυτικῆς
3344 3509 3648 3579 καρυκείας
3668 3551 3685 3575 ,

2109 3604 2203 3656 ἐπὶ
2225 3603 2395 3673 πυρὸς
2427 3601 2569 3657 κατὰ
2595 3602 2656 3655 τὺ
2694 3602 2904 3672 συμϐὰν
2926 3605 2987 3655 ἐκ
3015 3601 3108 3654 τοῦ
3128 3600 3528 3671 παρατυχόντος
3557 3616 3690 3669 σχε-

2109 3695 2394 3749 διασθείσα
2414 3734 2428 3758 ,
2459 3695 2525 3764 ἣν
2553 3694 2693 3746 κατὰ
2728 3695 2905 3746 πᾶσαν
2932 3691 3135 3755 ἕπειξιν
3174 3690 3458 3761 ἁρπαλέως
3479 3692 3527 3743 οί
3564 3689 3688 3742 δαι-

2100 3783 2337 3856 τύμονες
2378 3770 2859 3845 καταναλίσκουσι,
2908 3783 3099 3852 μέχρις
3122 3782 3187 3834 ἂν
3227 3782 3372 3835 ἅπαν
3393 3778 3685 3850 δαπανηθῇ

2108 3875 2202 3929 τοῦ
2234 3875 2370 3940 ζώου
2413 3875 2475 3927 τὸ
2510 3875 2700 3944 σῶμαο
2737 3875 2830 3927 καὶ⁸
2867 3874 2974 3926 τῶν
3024 3874 3224 3926 ὀστέων
3254 3870 3685 3943 περιεσθίοντες,

2109 3968 2231 4021 ὅσον
2260 3966 2537 4037 ἐδώδιμον,
2581 3965 2674 4019 τοῦ
2712 3964 2861 4028 ἐντὸς
2898 3965 2962 4018 οὐ
3008 3965 3427 4033 προσάπτονται.
3467 3962 3543 4014 Τὸ
3571 3961 3688 4031 γὰρ

2112 4057 2418 4129 συντρίϐειν
2443 4057 2534 4111 τοῦ
2565 4056 2704 4120 ζώου
2736 4056 2927 4110 τούτου
2950 4056 3017 4109 τὰ
3048 4056 3211 4116 ὀστᾶ,
3237 4055 3343 4107 τῶν
3374 4053 3687 4124 ἁπειρημέ·

2110 4169 2216 4205 νων
2256 4142 2404 4205 ἔστιν
2424 4168 2437 4181 °
2478 4152 2506 4205 ὃ
2534 4169 2584 4204 τι
2618 4151 2662 4203 δ’
2701 4150 2766 4202 ἂν
2808 4148 3155 4218 ὑπολειφθείη
3178 4148 3274 4217 τῆς
3301 4145 3573 4216 βρώσεως,
3600 4145 3686 4214 τῷ

2114 4243 2246 4315 πυρὶ
2287 4242 2668 4314 δεδαπάνηται.
2707 4240 2795 4307 Ἐξ
2828 4233 2902 4293 ὧν
2941 4240 3193 4293 ἁπάντων
3216 4236 3372 4306 δῆλόν
3396 4238 3564 4298 ἐστιν,
3595 4235 3685 4286 ὅτι

433 4344 601 4398 quum
660 4328 846 4391 fuerit,
917 4329 1029 4399 igni
1087 4327 1304 4381 tradere
1348 4327 1631 4396 jubentur.
1679 4329 1757 4385 Ex
1810 4331 2004 4402 quibus

2113 4336 2247 4406 πρός
2271 4353 2391 4388 τινα
2434 4334 2770 4406 ὑψηλοτέραν
2807 4332 3045 4384 διάνοιαν
3076 4330 3137 4382 τὸ
3167 4331 3399 4399 γράμμα
3452 4327 3641 4396 βλέπει
3667 4366 3682 4387 ,

433 4419 692 4472 omnibus
714 4416 1060 4473 manifestum
1090 4425 1175 4472 est
1204 4418 1370 4472 altius
1393 4419 1665 4487 quoddam
1706 4421 1809 4476 hoc
1830 4439 2009 4478 come-

433 4505 595 4559 dendi
630 4505 791 4558 modo
825 4507 1062 4562 voluisse
1106 4507 1473 4578 legislaturem
1509 4509 1662 4567 nobis
1697 4514 2004 4571 ostendere.

432 4594 572 4662 Quid
606 4597 749 4650 enim
805 4599 848 4650 si
884 4606 1087 4664 rectus,
1120 4615 1186 4652 an
1237 4599 1474 4655 sedens?
1505 4604 1550 4657 si
1576 4610 1633 4656 ut
1673 4603 1739 4658 ad
1770 4606 1872 4660 iter
1892 4609 2004 4665 cal-

431 4696 643 4751 ceatus,
675 4703 743 4742 an
775 4688 967 4744 aliter?
1016 4690 1062 4744 si
1101 4690 1422 4746 festinanter
1447 4708 1515 4747 an
1555 4697 1799 4751 mature?
1827 4698 1872 4752 si
1906 4698 1996 4752 ba-

433 4782 613 4835 culum
643 4781 892 4835 mauibus
922 4789 1129 4845 teneas,
1164 4798 1231 4837 an
1267 4785 1414 4838 non"
1458 4786 1619 4851 Quid,
1659 4789 1903 4859 inquam,
1932 4793 2000 4847 ad

430 4876 686 4928 virtutem
721 4872 1023 4936 colendam,
1055 4883 1146 4926 aut
1179 4874 1428 4945 fugienda
1462 4877 1611 4943 vitia,
1651 4880 1797 4949 quod
1827 4884 1999 4937 maxi-

432 4981 518 5019 me
548 4965 749 5017 latores
773 4962 949 5032 legum
980 4963 1293 5032 respiciunt,
1319 4965 1434 5020 hac
1463 4966 1728 5022 afferunt?
1757 4971 2001 5041 profecto

433 5057 588 5110 nihil.
631 5055 744 5109 Cur
768 5055 935 5124 igitur
973 5053 1042 5108 ita
1087 5055 1253 5124 jussit
1297 5056 1453 5111 ﬁeri?
1500 5057 1615 5114 Nisi
1667 5063 2002 5131 spiritualem

432 5163 649 5204 sensum
721 5162 1030 5216 sequamur,
1089 5149 1291 5203 nullam
1338 5149 1583 5206 idoneam
1634 5153 2009 5210 sufﬁcientem-

431 5256 536 5308 que
589 5253 810 5293 causam
849 5239 1148 5307 poterimus
1202 5255 1438 5311 unquam
1497 5245 1763 5299 invenire.
1824 5248 2008 5314 Quare

435 5335 579 5399 patet
629 5328 732 5380 hoc
788 5330 1034 5383 ’viatoris
1066 5329 1253 5385 habitu
1282 5341 1335 5387 et
1384 5344 1646 5403 apparatu
1709 5337 2010 5407 signiﬁcari

432 5420 587 5490 quasi
658 5419 981 5487 quibusdam
1069 5420 1392 5490 involucris,
1446 5427 1605 5495 plane
1673 5443 2006 5497 cognoscen-

503 5592 546 5621 "
575 5593 744 5649 Exod.
774 5610 871 5661 ιιι,
907 5596 995 5653 36.

2112 4428 2232 4497 οὐχὶ
2275 4427 2365 4480 τὸν
2411 4427 2609 4498 τρόπον
2655 4425 2754 4492 τῆς
2803 4422 3053 4494 βρώσεως
3103 4423 3231 4490 ἡμῖν
3298 4418 3719 4488 ὑφηγουμένου·

2111 4518 2205 4572 τοῦ
2238 4518 2402 4589 νόμου
2442 4515 2659 4586 (ἱκανὸς
2699 4514 2807 4585 γὰρ
2856 4513 2962 4564 τῶν
3007 4510 3259 4565 τοιούτων
3302 4509 3598 4578 νομοθέτης
3644 4511 3680 4579 ἡ

2108 4607 2304 4678 φύσις,
2350 4609 2384 4678 ἡ
2432 4608 2529 4676 τὴν
2572 4605 2748 4675 ὄρεξιν
2802 4605 2933 4673 ἡμῖν
2976 4605 3073 4671 τῆς
3118 4600 3321 4669 τροφῆς
3365 4595 3684 4663 ὲντιθείσα),

2106 4700 2240 4755 ἀλλὰ
2284 4698 2468 4770 ἕτερόν
2502 4715 2555 4749 τι
2586 4696 2672 4748 διὰ
2710 4694 2910 4747 τούτων
2961 4692 3298 4762 σημαίνεται.
3353 4687 3418 4740 Τί
3458 4686 3569 4756 γὰρ
3614 4685 3686 4739 ἂν

2105 4792 2257 4863 παρὰ
2306 4789 2464 4843 τοῦτο
2507 4789 2713 4855 γένοιτο
2757 4787 2888 4857 πρὸς
2931 4782 3191 4857 ἀρετὴνῆ
3244 4780 3473 4841 κακίαν,
3506 4778 3686 4840 οὕτως

2103 4885 2137 4954 ἦ
2199 4881 2370 4944 οὕτως
2427 4879 2524 4949 τὴν
2572 4874 2774 4949 τροφὴν
2827 4873 3335 4946 προσενέγκασθαι;
3391 4869 3687 4941 λελυμένον

2107 4975 2142 5047 ἢ
2197 4970 2652 5042 περιειλημμένον
2698 4971 2763 5039 τῇ
2818 4966 2961 5039 ζώνῃ
2985 5006 2999 5029 ,
3048 4964 3248 5034 γυμνὸν
3304 4965 3428 5025 τοὺς
3490 4960 3687 5024 πόδας,

2109 5067 2144 5136 ἦ
2177 5063 2560 5132 ὲνειλημμένον
2611 5062 2721 5123 τοῖς
2769 5059 3098 5129 ὑποδήμασι,
3127 5056 3214 5110 διὰ
3260 5054 3440 5126 χειρὸς
3490 5053 3685 5124 ἔχοντα

2112 5155 2212 5224 τὴν
2248 5150 2568 5221 βακτηρίαν,
2608 5149 2640 5220 ἢ
2682 5146 3046 5217 ἀποθέμενον;
3098 5142 3256 5196 Ἀλλὰ
3286 5141 3444 5213 δῆλον
3474 5141 3539 5195 ἂν
3571 5141 3687 5211 εἴη,

2114 5246 2249 5315 ὅπερ
2280 5246 2311 5311 ἡ
2344 5241 2436 5294 τοῦ
2480 5236 2814 5309 ὁδοιπορικοῦ
2850 5238 3126 5308 σχήματος
3160 5233 3417 5303 διασκευὴ
3443 5232 3688 5286 δείκνυσι

2116 5334 2183 5387 δι’
2213 5334 2548 5403 αίνίγματος.
2579 5330 2801 5384 Κελεύει
2837 5330 2947 5401 γὰρ
2979 5330 3235 5400 ἄντικρυς
3260 5326 3558 5396 ἐπιγνῶναι
3597 5326 3689 5379 τὸν

2115 5421 2215 5479 ὦδε
2248 5426 2400 5495 βίον,
2438 5426 2517 5477 ὃτι
2557 5408 2862 5493 παροδικῶς
2918 5422 3283 5491 ὲπιφοιτῶμεν
3330 5423 3395 5485 τῇ
3438 5419 3689 5496 παρούσης
