  <div class='ocr_page' id='page_1' title='image "/cluster/home/n/w/nwhite01/storage/ocr_20150623/44/mdp.39015011915454/186.png"; bbox 0 0 3800 5980; ppageno 0'>
   <div class='ocr_carea' id='block_1_1' title="bbox 167 82 1668 175">
    <p class='ocr_par' dir='ltr' id='par_1_1' title="bbox 167 82 1668 175">
     <span class='ocr_line' id='line_1_1' title="bbox 167 82 1668 175; baseline -0.006 -1"><span class='ocrx_word' id='word_1_1' title='bbox 167 119 252 175; x_wconf 79' lang='grc'><strong>357</strong></span> <span class='ocrx_word' id='word_1_2' title='bbox 1378 82 1399 93; x_wconf 80' lang='grc'><em>’</em></span> <span class='ocrx_word' id='word_1_3' title='bbox 1428 112 1516 167; x_wconf 84' lang='lat' dir='ltr'><strong>DE</strong></span> <span class='ocrx_word' id='word_1_4' title='bbox 1546 112 1668 168; x_wconf 66' lang='lat' dir='ltr'><strong>vn,</strong></span> 
     </span>
    </p>
   </div>
   <div class='ocr_carea' id='block_1_2' title="bbox 1885 82 3386 175">
    <p class='ocr_par' dir='ltr' id='par_1_2' title="bbox 1892 97 3386 167">
     <span class='ocr_line' id='line_1_2' title="bbox 1892 97 3386 167; baseline -0.007 -1"><span class='ocrx_word' id='word_1_5' title='bbox 1892 110 2015 167; x_wconf 87' lang='lat' dir='ltr'><strong>SIS.</strong></span> <span class='ocrx_word' id='word_1_6' title='bbox 2561 160 2565 165; x_wconf 81' lang='lat'><strong>.</strong></span> <span class='ocrx_word' id='word_1_7' title='bbox 3282 97 3386 156; x_wconf 74' lang='lat'><strong>558</strong></span> 
     </span>
    </p>
   </div>
   <div class='ocr_carea' id='block_1_3' title="bbox 167 220 1668 297">
    <p class='ocr_par' dir='ltr' id='par_1_3' title="bbox 167 222 1668 297">
     <span class='ocr_line' id='line_1_3' title="bbox 167 222 1668 297; baseline -0.016 2"><span class='ocrx_word' id='word_1_8' title='bbox 167 228 279 297; x_wconf 67' lang='grc' dir='ltr'><strong>ξωῇν</strong></span> <span class='ocrx_word' id='word_1_9' title='bbox 300 226 407 297; x_wconf 63' lang='grc' dir='ltr'><strong>ἅμα</strong></span> <span class='ocrx_word' id='word_1_10' title='bbox 426 225 489 295; x_wconf 69' lang='grc' dir='ltr'><strong>τῇ</strong></span> <span class='ocrx_word' id='word_1_11' title='bbox 519 224 732 293; x_wconf 72' lang='grc' dir='ltr'>γενέσει</span> <span class='ocrx_word' id='word_1_12' title='bbox 760 224 894 296; x_wconf 80' lang='grc' dir='ltr'>πρὸς</span> <span class='ocrx_word' id='word_1_13' title='bbox 921 222 1018 297; x_wconf 79' lang='grc' dir='ltr'><strong>τὴν</strong></span> <span class='ocrx_word' id='word_1_14' title='bbox 1049 224 1228 293; x_wconf 70' lang='grc' dir='ltr'>ἔξοδον</span> <span class='ocrx_word' id='word_1_15' title='bbox 1259 227 1351 279; x_wconf 81' lang='grc' dir='ltr'><strong>ὑπ’</strong></span> <span class='ocrx_word' id='word_1_16' title='bbox 1389 226 1561 296; x_wconf 78' lang='grc' dir='ltr'>αὐτῆς</span> 
     </span>
    </p>
   </div>
   <div class='ocr_carea' id='block_1_4' title="bbox 1883 220 3384 297">
    <p class='ocr_par' dir='ltr' id='par_1_4' title="bbox 1883 220 3384 293">
     <span class='ocr_line' id='line_1_4' title="bbox 1883 220 3384 293; baseline -0.003 -13"><span class='ocrx_word' id='word_1_17' title='bbox 1883 242 1921 280; x_wconf 71' lang='grc' dir='ltr'><strong>ιι</strong></span> <span class='ocrx_word' id='word_1_18' title='bbox 1984 240 2107 282; x_wconf 79' lang='lat' dir='ltr'><strong>esse</strong></span> <span class='ocrx_word' id='word_1_19' title='bbox 2158 224 2323 279; x_wconf 85' lang='lat' dir='ltr'><strong>vitam</strong></span> <span class='ocrx_word' id='word_1_20' title='bbox 2393 231 2678 289; x_wconf 86' lang='lat' dir='ltr'><strong>nostram,</strong></span> <span class='ocrx_word' id='word_1_21' title='bbox 2743 221 2890 293; x_wconf 88' lang='lat' dir='ltr'><strong>quod</strong></span> <span class='ocrx_word' id='word_1_22' title='bbox 2969 222 3226 278; x_wconf 82' lang='lat' dir='ltr'><strong>nimirum</strong></span> <span class='ocrx_word' id='word_1_23' title='bbox 3311 220 3384 276; x_wconf 78' lang='lat' dir='ltr'><strong>ad</strong></span> 
     </span>
    </p>
   </div>
   <div class='ocr_carea' id='block_1_5' title="bbox 165 312 1666 388">
    <p class='ocr_par' dir='ltr' id='par_1_5' title="bbox 165 314 1666 388">
     <span class='ocr_line' id='line_1_5' title="bbox 165 314 1666 388; baseline -0.002 -17"><span class='ocrx_word' id='word_1_24' title='bbox 165 318 377 386; x_wconf 77' lang='grc' dir='ltr'><strong>ἀνάγκης</strong></span> <span class='ocrx_word' id='word_1_25' title='bbox 424 314 890 385; x_wconf 73' lang='grc' dir='ltr'><strong>συνελαυνόμενοι,</strong></span> <span class='ocrx_word' id='word_1_26' title='bbox 945 317 1081 388; x_wconf 80' lang='grc' dir='ltr'>πρὸς</span> <span class='ocrx_word' id='word_1_27' title='bbox 1132 317 1200 387; x_wconf 79' lang='grc' dir='ltr'><strong>ἢν</strong></span> <span class='ocrx_word' id='word_1_28' title='bbox 1255 315 1666 386; x_wconf 83' lang='grc' dir='ltr'>παρεσκευάσθσ</span> 
     </span>
    </p>
   </div>
   <div class='ocr_carea' id='block_1_6' title="bbox 1881 312 3382 388">
    <p class='ocr_par' dir='ltr' id='par_1_6' title="bbox 1881 312 3382 376">
     <span class='ocr_line' id='line_1_6' title="bbox 1881 312 3382 376; baseline 0 -9"><span class='ocrx_word' id='word_1_29' title='bbox 1881 318 2087 372; x_wconf 74' lang='lat' dir='ltr'><strong>,cndum</strong></span> <span class='ocrx_word' id='word_1_30' title='bbox 2137 317 2316 372; x_wconf 85' lang='lat' dir='ltr'><strong>obiter</strong></span> <span class='ocrx_word' id='word_1_31' title='bbox 2368 316 2471 370; x_wconf 86' lang='lat' dir='ltr'><strong>hoc</strong></span> <span class='ocrx_word' id='word_1_32' title='bbox 2502 330 2674 369; x_wconf 66' lang='lat' dir='ltr'><strong>aevum</strong></span> <span class='ocrx_word' id='word_1_33' title='bbox 2732 313 3067 376; x_wconf 84' lang='lat' dir='ltr'><strong>accedimus,</strong></span> <span class='ocrx_word' id='word_1_34' title='bbox 3115 321 3170 370; x_wconf 83' lang='lat' dir='ltr'><strong>et</strong></span> <span class='ocrx_word' id='word_1_35' title='bbox 3217 312 3382 369; x_wconf 84' lang='lat' dir='ltr'><strong>simul</strong></span> 
     </span>
    </p>
   </div>
   <div class='ocr_carea' id='block_1_7' title="bbox 167 399 1668 480">
    <p class='ocr_par' dir='ltr' id='par_1_7' title="bbox 167 406 1665 480">
     <span class='ocr_line' id='line_1_7' title="bbox 167 406 1665 480; baseline 0.018 -29"><span class='ocrx_word' id='word_1_36' title='bbox 167 410 253 480; x_wconf 74' lang='grc' dir='ltr'><strong>χρὴ</strong></span> <span class='ocrx_word' id='word_1_37' title='bbox 291 406 432 477; x_wconf 81' lang='grc' dir='ltr'>χερσί</span> <span class='ocrx_word' id='word_1_38' title='bbox 471 423 532 457; x_wconf 82' lang='grc' dir='ltr'><strong>τε</strong></span> <span class='ocrx_word' id='word_1_39' title='bbox 582 406 676 458; x_wconf 81' lang='grc' dir='ltr'>καὶ</span> <span class='ocrx_word' id='word_1_40' title='bbox 709 408 855 471; x_wconf 75' lang='grc' dir='ltr'>ποσὶ,</span> <span class='ocrx_word' id='word_1_41' title='bbox 889 409 984 460; x_wconf 76' lang='grc' dir='ltr'><strong>καὶ</strong></span> <span class='ocrx_word' id='word_1_42' title='bbox 1021 411 1087 477; x_wconf 87' lang='grc' dir='ltr'><strong>τῇ</strong></span> <span class='ocrx_word' id='word_1_43' title='bbox 1134 407 1294 479; x_wconf 77' lang='grc' dir='ltr'>λοιπῇ</span> <span class='ocrx_word' id='word_1_44' title='bbox 1336 410 1404 477; x_wconf 77' lang='grc' dir='ltr'><strong>τῇ</strong></span> <span class='ocrx_word' id='word_1_45' title='bbox 1441 407 1577 478; x_wconf 73' lang='grc' dir='ltr'><strong>πρὸς</strong></span> <span class='ocrx_word' id='word_1_46' title='bbox 1598 408 1665 478; x_wconf 70' lang='grc' dir='ltr'><strong>τὴ</strong></span> 
     </span>
    </p>
   </div>
   <div class='ocr_carea' id='block_1_8' title="bbox 1878 399 3379 480">
    <p class='ocr_par' dir='ltr' id='par_1_8' title="bbox 1878 399 3379 476">
     <span class='ocr_line' id='line_1_8' title="bbox 1878 399 3379 476; baseline -0.005 -16"><span class='ocrx_word' id='word_1_47' title='bbox 1878 422 1964 476; x_wconf 74' lang='lat' dir='ltr'><strong>lue</strong></span> <span class='ocrx_word' id='word_1_48' title='bbox 2020 405 2131 459; x_wconf 85' lang='lat' dir='ltr'><strong>uati</strong></span> <span class='ocrx_word' id='word_1_49' title='bbox 2162 420 2376 470; x_wconf 86' lang='lat' dir='ltr'><strong>sumus,</strong></span> <span class='ocrx_word' id='word_1_50' title='bbox 2398 404 2466 457; x_wconf 87' lang='lat' dir='ltr'><strong>ad</strong></span> <span class='ocrx_word' id='word_1_51' title='bbox 2516 404 2723 457; x_wconf 78' lang='lat' dir='ltr'><strong>exitum</strong></span> <span class='ocrx_word' id='word_1_52' title='bbox 2780 403 3106 457; x_wconf 69' lang='lat' dir='ltr'><strong>necessitate</strong></span> <span class='ocrx_word' id='word_1_53' title='bbox 3147 399 3379 470; x_wconf 87' lang='lat' dir='ltr'><strong>quadam</strong></span> 
     </span>
    </p>
   </div>
   <div class='ocr_carea' id='block_1_9' title="bbox 165 493 1666 569">
    <p class='ocr_par' dir='ltr' id='par_1_9' title="bbox 165 495 1666 569">
     <span class='ocr_line' id='line_1_9' title="bbox 165 495 1666 569; baseline 0.001 -19"><span class='ocrx_word' id='word_1_54' title='bbox 165 500 262 551; x_wconf 77' lang='grc' dir='ltr'><strong>ὁδὸν</strong></span> <span class='ocrx_word' id='word_1_55' title='bbox 280 495 547 566; x_wconf 78' lang='grc' dir='ltr'>ἀσφαλείᾳ.</span> <span class='ocrx_word' id='word_1_56' title='bbox 578 497 690 549; x_wconf 72' lang='grc' dir='ltr'><strong>Καὶ</strong></span> <span class='ocrx_word' id='word_1_57' title='bbox 726 496 799 560; x_wconf 84' lang='grc' dir='ltr'>ὡς</span> <span class='ocrx_word' id='word_1_58' title='bbox 834 495 901 550; x_wconf 79' lang='grc' dir='ltr'><strong>ἂν</strong></span> <span class='ocrx_word' id='word_1_59' title='bbox 931 497 1006 569; x_wconf 81' lang='grc' dir='ltr'>μὴ</span> <span class='ocrx_word' id='word_1_60' title='bbox 1031 501 1147 562; x_wconf 86' lang='grc' dir='ltr'>ταῖς</span> <span class='ocrx_word' id='word_1_61' title='bbox 1169 498 1431 563; x_wconf 80' lang='grc' dir='ltr'><strong>ἀκάνθαις</strong></span> <span class='ocrx_word' id='word_1_62' title='bbox 1454 499 1548 551; x_wconf 85' lang='grc' dir='ltr'><strong>τοῦ</strong></span> <span class='ocrx_word' id='word_1_63' title='bbox 1580 498 1666 568; x_wconf 48' lang='grc' dir='ltr'>βίοη</span> 
     </span>
    </p>
   </div>
   <div class='ocr_carea' id='block_1_10' title="bbox 1878 493 3379 569">
    <p class='ocr_par' dir='ltr' id='par_1_10' title="bbox 1878 493 3379 569">
     <span class='ocr_line' id='line_1_10' title="bbox 1878 493 3379 569; baseline -0.005 -18"><span class='ocrx_word' id='word_1_64' title='bbox 1878 498 2198 569; x_wconf 60' lang='lat' dir='ltr'><strong>inpellimur,</strong></span> <span class='ocrx_word' id='word_1_65' title='bbox 2230 495 2297 550; x_wconf 92' lang='lat' dir='ltr'><strong>ad</strong></span> <span class='ocrx_word' id='word_1_66' title='bbox 2323 508 2445 564; x_wconf 70' lang='lat' dir='ltr'><strong>quae</strong></span> <span class='ocrx_word' id='word_1_67' title='bbox 2476 502 2809 564; x_wconf 82' lang='lat' dir='ltr'><strong>praeparatos</strong></span> <span class='ocrx_word' id='word_1_68' title='bbox 2845 507 2944 547; x_wconf 90' lang='lat' dir='ltr'><strong>nos</strong></span> <span class='ocrx_word' id='word_1_69' title='bbox 2986 507 3111 547; x_wconf 86' lang='lat' dir='ltr'><strong>esse</strong></span> <span class='ocrx_word' id='word_1_70' title='bbox 3139 493 3257 544; x_wconf 82' lang='lat' dir='ltr'><strong>vult</strong></span> <span class='ocrx_word' id='word_1_71' title='bbox 3284 505 3379 560; x_wconf 82' lang='lat' dir='ltr'><strong>pe-</strong></span> 
     </span>
    </p>
   </div>
   <div class='ocr_carea' id='block_1_11' title="bbox 164 576 1665 659">
    <p class='ocr_par' dir='ltr' id='par_1_11' title="bbox 164 584 1665 659">
     <span class='ocr_line' id='line_1_11' title="bbox 164 584 1665 659; baseline 0.001 -18"><span class='ocrx_word' id='word_1_72' title='bbox 164 589 320 641; x_wconf 69' lang='grc' dir='ltr'>τούτου</span> <span class='ocrx_word' id='word_1_73' title='bbox 361 586 607 652; x_wconf 76' lang='grc' dir='ltr'><strong>(ἄκανθαι</strong></span> <span class='ocrx_word' id='word_1_74' title='bbox 633 586 678 639; x_wconf 83' lang='grc' dir='ltr'>δ’</span> <span class='ocrx_word' id='word_1_75' title='bbox 718 585 784 640; x_wconf 81' lang='grc' dir='ltr'><strong>ἂν</strong></span> <span class='ocrx_word' id='word_1_76' title='bbox 809 584 918 639; x_wconf 82' lang='grc' dir='ltr'>εἷεν</span> <span class='ocrx_word' id='word_1_77' title='bbox 952 589 1005 641; x_wconf 82' lang='grc' dir='ltr'><strong>αἱ</strong></span> <span class='ocrx_word' id='word_1_78' title='bbox 1042 589 1328 659; x_wconf 77' lang='grc' dir='ltr'><strong>ἁμαρτίαι)</strong></span> <span class='ocrx_word' id='word_1_79' title='bbox 1367 591 1590 658; x_wconf 83' lang='grc' dir='ltr'>γυμνοῖς</span> <span class='ocrx_word' id='word_1_80' title='bbox 1636 606 1665 642; x_wconf 94' lang='grc' dir='ltr'><strong>τ</strong></span> 
     </span>
    </p>
   </div>
   <div class='ocr_carea' id='block_1_12' title="bbox 1880 576 3381 659">
    <p class='ocr_par' dir='ltr' id='par_1_12' title="bbox 1880 576 3381 653">
     <span class='ocr_line' id='line_1_12' title="bbox 1880 576 3381 653; baseline -0.007 -11"><span class='ocrx_word' id='word_1_81' title='bbox 1880 604 1961 642; x_wconf 81' lang='lat' dir='ltr'><strong>tus</strong></span> <span class='ocrx_word' id='word_1_82' title='bbox 1987 593 2043 642; x_wconf 89' lang='lat' dir='ltr'><strong>et</strong></span> <span class='ocrx_word' id='word_1_83' title='bbox 2072 585 2347 648; x_wconf 87' lang='lat' dir='ltr'><strong>manibus,</strong></span> <span class='ocrx_word' id='word_1_84' title='bbox 2385 585 2703 653; x_wconf 87' lang='lat' dir='ltr'><strong>reliquoque</strong></span> <span class='ocrx_word' id='word_1_85' title='bbox 2734 581 2801 635; x_wconf 87' lang='lat' dir='ltr'><strong>ad</strong></span> <span class='ocrx_word' id='word_1_86' title='bbox 2833 582 2935 634; x_wconf 82' lang='lat' dir='ltr'><strong>iter</strong></span> <span class='ocrx_word' id='word_1_87' title='bbox 2987 587 3269 648; x_wconf 89' lang='lat' dir='ltr'><strong>apparatu.</strong></span> <span class='ocrx_word' id='word_1_88' title='bbox 3303 576 3381 632; x_wconf 76' lang='lat' dir='ltr'><strong>Ne</strong></span> 
     </span>
    </p>
   </div>
   <div class='ocr_carea' id='block_1_13' title="bbox 167 668 1668 755">
    <p class='ocr_par' dir='ltr' id='par_1_13' title="bbox 167 676 1666 755">
     <span class='ocr_line' id='line_1_13' title="bbox 167 676 1666 755; baseline 0.001 -24"><span class='ocrx_word' id='word_1_89' title='bbox 167 679 241 731; x_wconf 80' lang='grc' dir='ltr'><strong>καὶ</strong></span> <span class='ocrx_word' id='word_1_90' title='bbox 264 676 577 746; x_wconf 78' lang='grc' dir='ltr'><strong>ἀφυλάκτοις</strong></span> <span class='ocrx_word' id='word_1_91' title='bbox 605 679 719 741; x_wconf 92' lang='grc' dir='ltr'>τοῖς</span> <span class='ocrx_word' id='word_1_92' title='bbox 763 679 890 731; x_wconf 77' lang='grc' dir='ltr'>ποσὶ</span> <span class='ocrx_word' id='word_1_93' title='bbox 929 676 1148 755; x_wconf 76' lang='grc' dir='ltr'>βλαϐείη</span> <span class='ocrx_word' id='word_1_94' title='bbox 1158 694 1276 748; x_wconf 85' lang='grc' dir='ltr'>μεν,</span> <span class='ocrx_word' id='word_1_95' title='bbox 1304 678 1400 750; x_wconf 84' lang='grc' dir='ltr'>τὴν</span> <span class='ocrx_word' id='word_1_96' title='bbox 1428 678 1536 731; x_wconf 84' lang='grc' dir='ltr'><strong>τῶν</strong></span> <span class='ocrx_word' id='word_1_97' title='bbox 1561 680 1666 733; x_wconf 85' lang='grc' dir='ltr'><strong>ὑπο</strong></span> 
     </span>
    </p>
   </div>
   <div class='ocr_carea' id='block_1_14' title="bbox 1878 668 3379 755">
    <p class='ocr_par' dir='ltr' id='par_1_14' title="bbox 1878 668 3379 747">
     <span class='ocr_line' id='line_1_14' title="bbox 1878 668 3379 747; baseline -0.007 -14"><span class='ocrx_word' id='word_1_98' title='bbox 1878 689 1963 734; x_wconf 88' lang='lat' dir='ltr'><strong>tur</strong></span> <span class='ocrx_word' id='word_1_99' title='bbox 1997 677 2172 747; x_wconf 78' lang='lat' dir='ltr'><strong>spinis</strong></span> <span class='ocrx_word' id='word_1_100' title='bbox 2200 677 2255 730; x_wconf 90' lang='lat' dir='ltr'><strong>in</strong></span> <span class='ocrx_word' id='word_1_101' title='bbox 2283 676 2385 730; x_wconf 82' lang='lat' dir='ltr'><strong>hoc</strong></span> <span class='ocrx_word' id='word_1_102' title='bbox 2425 675 2598 728; x_wconf 88' lang='lat' dir='ltr'><strong>arduo</strong></span> <span class='ocrx_word' id='word_1_103' title='bbox 2627 674 2844 727; x_wconf 78' lang='lat' dir='ltr'><strong>vivendi</strong></span> <span class='ocrx_word' id='word_1_104' title='bbox 2878 672 3068 726; x_wconf 91' lang='lat' dir='ltr'><strong>itinere</strong></span> <span class='ocrx_word' id='word_1_105' title='bbox 3094 670 3256 740; x_wconf 83' lang='lat' dir='ltr'><strong>pedes</strong></span> <span class='ocrx_word' id='word_1_106' title='bbox 3284 668 3379 724; x_wconf 79' lang='lat' dir='ltr'><strong>lac-</strong></span> 
     </span>
    </p>
   </div>
   <div class='ocr_carea' id='block_1_15' title="bbox 163 762 1664 840">
    <p class='ocr_par' dir='ltr' id='par_1_15' title="bbox 163 767 1664 840">
     <span class='ocr_line' id='line_1_15' title="bbox 163 767 1664 840; baseline 0 -19"><span class='ocrx_word' id='word_1_107' title='bbox 163 768 380 837; x_wconf 84' lang='grc' dir='ltr'>δημάτων</span> <span class='ocrx_word' id='word_1_108' title='bbox 435 767 770 840; x_wconf 69' lang='grc' dir='ltr'><strong>στερρότητα</strong></span> <span class='ocrx_word' id='word_1_109' title='bbox 821 767 930 821; x_wconf 84' lang='grc' dir='ltr'><strong>τῶν</strong></span> <span class='ocrx_word' id='word_1_110' title='bbox 1003 768 1179 822; x_wconf 85' lang='grc' dir='ltr'>ποδῶν</span> <span class='ocrx_word' id='word_1_111' title='bbox 1242 768 1664 839; x_wconf 82' lang='grc' dir='ltr'>προὸαλλώμεθα</span> 
     </span>
    </p>
   </div>
   <div class='ocr_carea' id='block_1_16' title="bbox 1881 762 3382 840">
    <p class='ocr_par' dir='ltr' id='par_1_16' title="bbox 1881 762 3382 837">
     <span class='ocr_line' id='line_1_16' title="bbox 1881 762 3382 837; baseline -0.007 -13"><span class='ocrx_word' id='word_1_112' title='bbox 1881 782 2124 836; x_wconf 75' lang='grc' dir='ltr'>ιιιιτ,ιιυιι</span> <span class='ocrx_word' id='word_1_113' title='bbox 2145 768 2305 822; x_wconf 90' lang='lat' dir='ltr'><strong>nudis</strong></span> <span class='ocrx_word' id='word_1_114' title='bbox 2322 766 2670 837; x_wconf 87' lang='lat' dir='ltr'><strong>pedibus,sed</strong></span> <span class='ocrx_word' id='word_1_115' title='bbox 2688 764 3003 819; x_wconf 85' lang='lat' dir='ltr'><strong>durioribus</strong></span> <span class='ocrx_word' id='word_1_116' title='bbox 3020 762 3219 817; x_wconf 82' lang='lat' dir='ltr'><strong>calceis</strong></span> <span class='ocrx_word' id='word_1_117' title='bbox 3236 775 3382 817; x_wconf 89' lang='lat' dir='ltr'><strong>com-</strong></span> 
     </span>
    </p>
   </div>
   <div class='ocr_carea' id='block_1_17' title="bbox 165 844 1666 928">
    <p class='ocr_par' dir='ltr' id='par_1_17' title="bbox 165 855 1666 928">
     <span class='ocr_line' id='line_1_17' title="bbox 165 855 1666 928; baseline 0.001 -20"><span class='ocrx_word' id='word_1_118' title='bbox 165 855 315 910; x_wconf 84' lang='grc' dir='ltr'>Ταῦτα</span> <span class='ocrx_word' id='word_1_119' title='bbox 334 855 393 907; x_wconf 73' lang='grc' dir='ltr'><strong>’δέ</strong></span> <span class='ocrx_word' id='word_1_120' title='bbox 427 856 575 908; x_wconf 73' lang='grc' dir='ltr'>ἐστιν</span> <span class='ocrx_word' id='word_1_121' title='bbox 603 857 880 926; x_wconf 72' lang='grc' dir='ltr'>ἐγκρατής</span> <span class='ocrx_word' id='word_1_122' title='bbox 927 872 986 909; x_wconf 85' lang='grc' dir='ltr'><strong>τε</strong></span> <span class='ocrx_word' id='word_1_123' title='bbox 1021 857 1116 911; x_wconf 79' lang='grc' dir='ltr'>καὶ</span> <span class='ocrx_word' id='word_1_124' title='bbox 1145 857 1529 927; x_wconf 85' lang='grc' dir='ltr'>κατεσκληκὼς</span> <span class='ocrx_word' id='word_1_125' title='bbox 1560 858 1666 928; x_wconf 82' lang='grc' dir='ltr'>βίος</span> 
     </span>
    </p>
   </div>
   <div class='ocr_carea' id='block_1_18' title="bbox 1876 844 3377 928">
    <p class='ocr_par' dir='ltr' id='par_1_18' title="bbox 1876 844 3377 926">
     <span class='ocr_line' id='line_1_18' title="bbox 1876 844 3377 926; baseline -0.005 -12"><span class='ocrx_word' id='word_1_126' title='bbox 1876 862 1988 915; x_wconf 83' lang='grc' dir='ltr'>ιιιὶιί</span> <span class='ocrx_word' id='word_1_127' title='bbox 2011 860 2269 914; x_wconf 89' lang='lat' dir='ltr'><strong>itinerare</strong></span> <span class='ocrx_word' id='word_1_128' title='bbox 2285 859 2565 913; x_wconf 78' lang='lat' dir='ltr'><strong>debemus.</strong></span> <span class='ocrx_word' id='word_1_129' title='bbox 2588 854 2769 926; x_wconf 70' lang='lat' dir='ltr'><strong>Spinae</strong></span> <span class='ocrx_word' id='word_1_130' title='bbox 2792 865 2994 919; x_wconf 88' lang='lat' dir='ltr'><strong>autem,</strong></span> <span class='ocrx_word' id='word_1_131' title='bbox 3010 869 3130 923; x_wconf 69' lang='lat' dir='ltr'><strong>quae</strong></span> <span class='ocrx_word' id='word_1_132' title='bbox 3147 844 3377 923; x_wconf 82' lang='lat' dir='ltr'><strong>pedibus</strong></span> 
     </span>
    </p>
   </div>
   <div class='ocr_carea' id='block_1_19' title="bbox 161 946 1662 1021">
    <p class='ocr_par' dir='ltr' id='par_1_19' title="bbox 161 946 1660 1021">
     <span class='ocr_line' id='line_1_19' title="bbox 161 946 1660 1021; baseline 0.002 -22"><span class='ocrx_word' id='word_1_133' title='bbox 161 950 185 999; x_wconf 88' lang='lat'><strong>6</strong></span> <span class='ocrx_word' id='word_1_134' title='bbox 206 946 394 1017; x_wconf 82' lang='grc' dir='ltr'><strong>θραύων</strong></span> <span class='ocrx_word' id='word_1_135' title='bbox 428 946 496 998; x_wconf 79' lang='grc' dir='ltr'>δι’</span> <span class='ocrx_word' id='word_1_136' title='bbox 528 946 722 999; x_wconf 75' lang='grc' dir='ltr'>ἑαυτοῦ</span> <span class='ocrx_word' id='word_1_137' title='bbox 755 948 849 1000; x_wconf 76' lang='grc' dir='ltr'><strong>καὶ</strong></span> <span class='ocrx_word' id='word_1_138' title='bbox 882 947 1156 1016; x_wconf 86' lang='grc' dir='ltr'>περικλῶν</span> <span class='ocrx_word' id='word_1_139' title='bbox 1191 948 1290 1012; x_wconf 87' lang='grc' dir='ltr'>τὰς</span> <span class='ocrx_word' id='word_1_140' title='bbox 1319 949 1417 1019; x_wconf 83' lang='grc' dir='ltr'><strong>τῆς</strong></span> <span class='ocrx_word' id='word_1_141' title='bbox 1453 949 1660 1021; x_wconf 88' lang='grc' dir='ltr'>ἀκάνθη</span> 
     </span>
    </p>
   </div>
   <div class='ocr_carea' id='block_1_20' title="bbox 1874 946 3375 1021">
    <p class='ocr_par' dir='ltr' id='par_1_20' title="bbox 1874 946 3375 1018">
     <span class='ocr_line' id='line_1_20' title="bbox 1874 946 3375 1018; baseline -0.007 -10"><span class='ocrx_word' id='word_1_142' title='bbox 1874 957 1972 1008; x_wconf 71' lang='lat' dir='ltr'><strong>litae</strong></span> <span class='ocrx_word' id='word_1_143' title='bbox 1989 968 2097 1007; x_wconf 90' lang='lat' dir='ltr'><strong>non</strong></span> <span class='ocrx_word' id='word_1_144' title='bbox 2117 952 2292 1007; x_wconf 90' lang='lat' dir='ltr'><strong>solum</strong></span> <span class='ocrx_word' id='word_1_145' title='bbox 2309 951 2545 1004; x_wconf 85' lang='lat' dir='ltr'><strong>retinent</strong></span> <span class='ocrx_word' id='word_1_146' title='bbox 2570 949 2978 1018; x_wconf 87' lang='lat' dir='ltr'><strong>retardantque,</strong></span> <span class='ocrx_word' id='word_1_147' title='bbox 2999 962 3183 1001; x_wconf 88' lang='lat' dir='ltr'><strong>verum</strong></span> <span class='ocrx_word' id='word_1_148' title='bbox 3211 946 3375 1001; x_wconf 88' lang='lat' dir='ltr'><strong>etiam</strong></span> 
     </span>
    </p>
   </div>
   <div class='ocr_carea' id='block_1_21' title="bbox 162 1036 1663 1111">
    <p class='ocr_par' dir='ltr' id='par_1_21' title="bbox 162 1036 1663 1111">
     <span class='ocr_line' id='line_1_21' title="bbox 162 1036 1663 1111; baseline 0.005 -23"><span class='ocrx_word' id='word_1_149' title='bbox 162 1036 333 1105; x_wconf 70' lang='grc' dir='ltr'>ἀκμάς,</span> <span class='ocrx_word' id='word_1_150' title='bbox 368 1037 458 1089; x_wconf 81' lang='grc' dir='ltr'><strong>καὶ</strong></span> <span class='ocrx_word' id='word_1_151' title='bbox 479 1036 706 1090; x_wconf 83' lang='grc' dir='ltr'><strong>κωλύων</strong></span> <span class='ocrx_word' id='word_1_152' title='bbox 731 1038 796 1090; x_wconf 80' lang='grc' dir='ltr'>ὲκ</span> <span class='ocrx_word' id='word_1_153' title='bbox 814 1037 1015 1108; x_wconf 82' lang='grc' dir='ltr'>λεπτῆς</span> <span class='ocrx_word' id='word_1_154' title='bbox 1040 1055 1099 1091; x_wconf 87' lang='grc' dir='ltr'><strong>τε</strong></span> <span class='ocrx_word' id='word_1_155' title='bbox 1133 1040 1225 1092; x_wconf 70' lang='grc' dir='ltr'>καὶ</span> <span class='ocrx_word' id='word_1_156' title='bbox 1254 1040 1493 1108; x_wconf 79' lang='grc' dir='ltr'><strong>ἀφανοῦς</strong></span> <span class='ocrx_word' id='word_1_157' title='bbox 1521 1041 1663 1111; x_wconf 84' lang='grc' dir='ltr'>άρχῆ</span> 
     </span>
    </p>
   </div>
   <div class='ocr_carea' id='block_1_22' title="bbox 1875 1036 3376 1111">
    <p class='ocr_par' dir='ltr' id='par_1_22' title="bbox 1875 1037 3376 1111">
     <span class='ocr_line' id='line_1_22' title="bbox 1875 1037 3376 1111; baseline -0.007 -14"><span class='ocrx_word' id='word_1_158' title='bbox 1875 1051 2047 1106; x_wconf 82' lang='lat' dir='ltr'><strong>ecaut,</strong></span> <span class='ocrx_word' id='word_1_159' title='bbox 2076 1049 2296 1111; x_wconf 85' lang='lat' dir='ltr'><strong>peccata</strong></span> <span class='ocrx_word' id='word_1_160' title='bbox 2327 1050 2474 1102; x_wconf 87' lang='lat' dir='ltr'><strong>sunt,</strong></span> <span class='ocrx_word' id='word_1_161' title='bbox 2523 1052 2552 1091; x_wconf 90' lang='lat' dir='ltr'><strong>a</strong></span> <span class='ocrx_word' id='word_1_162' title='bbox 2576 1040 2773 1108; x_wconf 87' lang='lat' dir='ltr'><strong>quibus</strong></span> <span class='ocrx_word' id='word_1_163' title='bbox 2800 1038 3026 1093; x_wconf 83' lang='lat' dir='ltr'><strong>durities</strong></span> <span class='ocrx_word' id='word_1_164' title='bbox 3069 1037 3376 1090; x_wconf 84' lang='lat' dir='ltr'><strong>calceorum</strong></span> 
     </span>
    </p>
   </div>
   <div class='ocr_carea' id='block_1_23' title="bbox 160 1125 1661 1200">
    <p class='ocr_par' dir='ltr' id='par_1_23' title="bbox 160 1126 1661 1200">
     <span class='ocr_line' id='line_1_23' title="bbox 160 1126 1661 1200; baseline 0.003 -21"><span class='ocrx_word' id='word_1_165' title='bbox 160 1127 240 1197; x_wconf 79' lang='grc' dir='ltr'>τὴν</span> <span class='ocrx_word' id='word_1_166' title='bbox 262 1126 519 1197; x_wconf 73' lang='grc' dir='ltr'><strong>ἁμαρτίαν</strong></span> <span class='ocrx_word' id='word_1_167' title='bbox 557 1129 650 1179; x_wconf 73' lang='grc' dir='ltr'><strong>ἐπὶ</strong></span> <span class='ocrx_word' id='word_1_168' title='bbox 692 1127 754 1180; x_wconf 76' lang='grc' dir='ltr'>τὸ</span> <span class='ocrx_word' id='word_1_169' title='bbox 775 1128 923 1191; x_wconf 69' lang='grc' dir='ltr'>ἐντὸς</span> <span class='ocrx_word' id='word_1_170' title='bbox 953 1128 1341 1200; x_wconf 78' lang='grc' dir='ltr'><strong>παραδύεσθαι.</strong></span> <span class='ocrx_word' id='word_1_171' title='bbox 1367 1129 1438 1185; x_wconf 74' lang='grc' dir='ltr'>Ὀ</span> <span class='ocrx_word' id='word_1_172' title='bbox 1475 1148 1535 1184; x_wconf 87' lang='grc' dir='ltr'><strong>τε</strong></span> <span class='ocrx_word' id='word_1_173' title='bbox 1581 1135 1661 1184; x_wconf 86' lang='grc' dir='ltr'><strong>τοῖ</strong></span> 
     </span>
    </p>
   </div>
   <div class='ocr_carea' id='block_1_24' title="bbox 1876 1125 3377 1200">
    <p class='ocr_par' dir='ltr' id='par_1_24' title="bbox 1876 1125 3377 1196">
     <span class='ocr_line' id='line_1_24' title="bbox 1876 1125 3377 1196; baseline -0.006 -9"><span class='ocrx_word' id='word_1_174' title='bbox 1876 1133 2051 1196; x_wconf 81' lang='lat' dir='ltr'><strong>‘endit,</strong></span> <span class='ocrx_word' id='word_1_175' title='bbox 2064 1129 2537 1187; x_wconf 88' lang='lat' dir='ltr'><strong>contiuentissima</strong></span> <span class='ocrx_word' id='word_1_176' title='bbox 2550 1128 2819 1191; x_wconf 87' lang='lat' dir='ltr'><strong>videlicet,</strong></span> <span class='ocrx_word' id='word_1_177' title='bbox 2838 1128 3017 1182; x_wconf 87' lang='lat' dir='ltr'><strong>tenuis</strong></span> <span class='ocrx_word' id='word_1_178' title='bbox 3035 1141 3098 1180; x_wconf 88' lang='lat' dir='ltr'><strong>ac</strong></span> <span class='ocrx_word' id='word_1_179' title='bbox 3113 1126 3248 1180; x_wconf 87' lang='lat' dir='ltr'><strong>dura</strong></span> <span class='ocrx_word' id='word_1_180' title='bbox 3266 1125 3377 1179; x_wconf 88' lang='lat' dir='ltr'><strong>vita</strong></span> 
     </span>
    </p>
   </div>
   <div class='ocr_carea' id='block_1_25' title="bbox 160 1217 1661 1294">
    <p class='ocr_par' dir='ltr' id='par_1_25' title="bbox 160 1217 1661 1292">
     <span class='ocr_line' id='line_1_25' title="bbox 160 1217 1661 1292; baseline 0.003 -23"><span class='ocrx_word' id='word_1_181' title='bbox 160 1218 265 1270; x_wconf 72' lang='lat' dir='ltr'><strong>mal</strong></span> <span class='ocrx_word' id='word_1_182' title='bbox 289 1217 710 1288; x_wconf 77' lang='grc' dir='ltr'>περικεχυμένος</span> <span class='ocrx_word' id='word_1_183' title='bbox 732 1218 919 1288; x_wconf 81' lang='grc' dir='ltr'>χιτὼν,</span> <span class='ocrx_word' id='word_1_184' title='bbox 951 1219 1046 1272; x_wconf 78' lang='grc' dir='ltr'><strong>καὶ</strong></span> <span class='ocrx_word' id='word_1_185' title='bbox 1091 1220 1252 1292; x_wconf 81' lang='grc' dir='ltr'>μέχρι</span> <span class='ocrx_word' id='word_1_186' title='bbox 1281 1220 1458 1276; x_wconf 82' lang='grc' dir='ltr'>ποδῶν</span> <span class='ocrx_word' id='word_1_187' title='bbox 1512 1222 1661 1276; x_wconf 86' lang='grc' dir='ltr'>καθει</span> 
     </span>
    </p>
   </div>
   <div class='ocr_carea' id='block_1_26' title="bbox 1875 1217 3376 1294">
    <p class='ocr_par' dir='ltr' id='par_1_26' title="bbox 1875 1217 3376 1289">
     <span class='ocr_line' id='line_1_26' title="bbox 1875 1217 3376 1289; baseline -0.005 -11"><span class='ocrx_word' id='word_1_188' title='bbox 1875 1238 1912 1278; x_wconf 71' lang='lat' dir='ltr'><strong>te</strong></span> <span class='ocrx_word' id='word_1_189' title='bbox 1932 1223 2366 1287; x_wconf 85' lang='lat' dir='ltr'><strong>debilitat,atque</strong></span> <span class='ocrx_word' id='word_1_190' title='bbox 2382 1221 2582 1289; x_wconf 78' lang='lat' dir='ltr'><strong>frangit</strong></span> <span class='ocrx_word' id='word_1_191' title='bbox 2601 1220 2879 1289; x_wconf 87' lang='lat' dir='ltr'><strong>spinarum</strong></span> <span class='ocrx_word' id='word_1_192' title='bbox 2897 1217 3376 1286; x_wconf 70' lang='lat' dir='ltr'><strong>acuminaquibus</strong></span> 
     </span>
    </p>
   </div>
   <div class='ocr_carea' id='block_1_27' title="bbox 161 1298 1662 1385">
    <p class='ocr_par' dir='ltr' id='par_1_27' title="bbox 161 1298 1662 1381">
     <span class='ocr_line' id='line_1_27' title="bbox 161 1298 1662 1381; baseline 0.002 -22"><span class='ocrx_word' id='word_1_193' title='bbox 161 1306 312 1377; x_wconf 78' lang='grc' dir='ltr'>μένος,</span> <span class='ocrx_word' id='word_1_194' title='bbox 367 1298 621 1376; x_wconf 78' lang='grc' dir='ltr'>ἐμπόδιον</span> <span class='ocrx_word' id='word_1_195' title='bbox 662 1307 729 1362; x_wconf 81' lang='grc' dir='ltr'><strong>ἂν</strong></span> <span class='ocrx_word' id='word_1_196' title='bbox 771 1308 857 1379; x_wconf 83' lang='grc' dir='ltr'><strong>εῖη</strong></span> <span class='ocrx_word' id='word_1_197' title='bbox 902 1309 979 1380; x_wconf 85' lang='grc' dir='ltr'>τῷ</span> <span class='ocrx_word' id='word_1_198' title='bbox 1012 1310 1111 1380; x_wconf 81' lang='grc' dir='ltr'>τὴν</span> <span class='ocrx_word' id='word_1_199' title='bbox 1149 1311 1265 1364; x_wconf 79' lang='grc' dir='ltr'>ὁδὸν</span> <span class='ocrx_word' id='word_1_200' title='bbox 1314 1311 1515 1381; x_wconf 86' lang='grc' dir='ltr'>ταύτην</span> <span class='ocrx_word' id='word_1_201' title='bbox 1555 1329 1662 1365; x_wconf 75' lang='grc' dir='ltr'>κατ,</span> 
     </span>
    </p>
   </div>
   <div class='ocr_carea' id='block_1_28' title="bbox 1877 1298 3378 1385">
    <p class='ocr_par' dir='ltr' id='par_1_28' title="bbox 1880 1310 3378 1381">
     <span class='ocr_line' id='line_1_28' title="bbox 1880 1310 3378 1381; baseline -0.005 -14"><span class='ocrx_word' id='word_1_202' title='bbox 1880 1329 2012 1369; x_wconf 89' lang='lat' dir='ltr'><strong>arvo</strong></span> <span class='ocrx_word' id='word_1_203' title='bbox 2036 1312 2294 1381; x_wconf 89' lang='lat' dir='ltr'><strong>tenuique</strong></span> <span class='ocrx_word' id='word_1_204' title='bbox 2314 1311 2582 1381; x_wconf 88' lang='lat' dir='ltr'><strong>principio</strong></span> <span class='ocrx_word' id='word_1_205' title='bbox 2612 1311 2678 1365; x_wconf 90' lang='lat' dir='ltr'><strong>ad</strong></span> <span class='ocrx_word' id='word_1_206' title='bbox 2703 1310 2965 1365; x_wconf 87' lang='lat' dir='ltr'><strong>interiora</strong></span> <span class='ocrx_word' id='word_1_207' title='bbox 2991 1324 3163 1378; x_wconf 91' lang='lat' dir='ltr'><strong>usque</strong></span> <span class='ocrx_word' id='word_1_208' title='bbox 3189 1322 3378 1377; x_wconf 83' lang='lat' dir='ltr'><strong>pecca-</strong></span> 
     </span>
    </p>
   </div>
   <div class='ocr_carea' id='block_1_29' title="bbox 160 1397 1661 1473">
    <p class='ocr_par' dir='ltr' id='par_1_29' title="bbox 160 1398 1661 1471">
     <span class='ocr_line' id='line_1_29' title="bbox 160 1398 1661 1471; baseline 0.003 -20"><span class='ocrx_word' id='word_1_209' title='bbox 160 1398 358 1469; x_wconf 79' lang='grc' dir='ltr'>σπουδὴν</span> <span class='ocrx_word' id='word_1_210' title='bbox 383 1398 674 1452; x_wconf 79' lang='grc' dir='ltr'>διαθέοντι.</span> <span class='ocrx_word' id='word_1_211' title='bbox 720 1399 897 1453; x_wconf 86' lang='grc' dir='ltr'>Χιτὼν</span> <span class='ocrx_word' id='word_1_212' title='bbox 926 1401 972 1453; x_wconf 77' lang='grc' dir='ltr'>δ’</span> <span class='ocrx_word' id='word_1_213' title='bbox 994 1400 1060 1455; x_wconf 81' lang='grc' dir='ltr'><strong>ἂν</strong></span> <span class='ocrx_word' id='word_1_214' title='bbox 1088 1402 1221 1471; x_wconf 78' lang='grc' dir='ltr'>ἡμῖν</span> <span class='ocrx_word' id='word_1_215' title='bbox 1240 1443 1255 1465; x_wconf 92' lang='grc'><strong>,</strong></span> <span class='ocrx_word' id='word_1_216' title='bbox 1282 1402 1423 1455; x_wconf 79' lang='grc' dir='ltr'>κατὰ</span> <span class='ocrx_word' id='word_1_217' title='bbox 1457 1402 1517 1455; x_wconf 84' lang='grc' dir='ltr'>τὸ</span> <span class='ocrx_word' id='word_1_218' title='bbox 1566 1403 1661 1456; x_wconf 80' lang='grc' dir='ltr'>άκά</span> 
     </span>
    </p>
   </div>
   <div class='ocr_carea' id='block_1_30' title="bbox 1875 1397 3376 1473">
    <p class='ocr_par' dir='ltr' id='par_1_30' title="bbox 1875 1397 3376 1473">
     <span class='ocr_line' id='line_1_30' title="bbox 1875 1397 3376 1473; baseline -0.007 -12"><span class='ocrx_word' id='word_1_219' title='bbox 1875 1405 1952 1461; x_wconf 79' lang='lat' dir='ltr'><strong>sic</strong></span> <span class='ocrx_word' id='word_1_220' title='bbox 2005 1402 2406 1473; x_wconf 80' lang='lat' dir='ltr'><strong>ingrediuntur,</strong></span> <span class='ocrx_word' id='word_1_221' title='bbox 2456 1408 2518 1455; x_wconf 88' lang='lat' dir='ltr'><strong>ut</strong></span> <span class='ocrx_word' id='word_1_222' title='bbox 2561 1401 2780 1470; x_wconf 87' lang='lat' dir='ltr'><strong>penitus</strong></span> <span class='ocrx_word' id='word_1_223' title='bbox 2825 1399 3096 1453; x_wconf 91' lang='lat' dir='ltr'><strong>occidant.</strong></span> <span class='ocrx_word' id='word_1_224' title='bbox 3122 1397 3204 1452; x_wconf 84' lang='lat' dir='ltr'><strong>Ad</strong></span> <span class='ocrx_word' id='word_1_225' title='bbox 3234 1397 3376 1451; x_wconf 87' lang='lat' dir='ltr'><strong>hanc</strong></span> 
     </span>
    </p>
   </div>
   <div class='ocr_carea' id='block_1_31' title="bbox 157 1488 1658 1566">
    <p class='ocr_par' dir='ltr' id='par_1_31' title="bbox 157 1488 1658 1566">
     <span class='ocr_line' id='line_1_31' title="bbox 157 1488 1658 1566; baseline 0.003 -25"><span class='ocrx_word' id='word_1_226' title='bbox 157 1488 332 1550; x_wconf 84' lang='grc' dir='ltr'>λουθον,</span> <span class='ocrx_word' id='word_1_227' title='bbox 361 1489 603 1560; x_wconf 82' lang='grc' dir='ltr'><strong>νοηθείη,</strong></span> <span class='ocrx_word' id='word_1_228' title='bbox 631 1492 665 1561; x_wconf 83' lang='grc' dir='ltr'><strong>ή</strong></span> <span class='ocrx_word' id='word_1_229' title='bbox 692 1491 1060 1563; x_wconf 84' lang='grc' dir='ltr'>άπολαυστικὴ</span> <span class='ocrx_word' id='word_1_230' title='bbox 1077 1492 1187 1546; x_wconf 86' lang='grc' dir='ltr'><strong>τῶν</strong></span> <span class='ocrx_word' id='word_1_231' title='bbox 1215 1495 1273 1547; x_wconf 82' lang='grc' dir='ltr'><strong>ὲν</strong></span> <span class='ocrx_word' id='word_1_232' title='bbox 1294 1494 1371 1565; x_wconf 80' lang='grc' dir='ltr'><strong>τῷ</strong></span> <span class='ocrx_word' id='word_1_233' title='bbox 1398 1493 1498 1566; x_wconf 83' lang='grc' dir='ltr'>βίῳ</span> <span class='ocrx_word' id='word_1_234' title='bbox 1517 1494 1658 1549; x_wconf 80' lang='grc' dir='ltr'>τούτι</span> 
     </span>
    </p>
   </div>
   <div class='ocr_carea' id='block_1_32' title="bbox 1874 1488 3375 1566">
    <p class='ocr_par' dir='ltr' id='par_1_32' title="bbox 1874 1489 3375 1556">
     <span class='ocr_line' id='line_1_32' title="bbox 1874 1489 3375 1556; baseline -0.003 -7"><span class='ocrx_word' id='word_1_235' title='bbox 1874 1510 1958 1549; x_wconf 89' lang='lat' dir='ltr'><strong>am</strong></span> <span class='ocrx_word' id='word_1_236' title='bbox 1989 1493 2314 1556; x_wconf 80' lang='lat' dir='ltr'><strong>faciendam,</strong></span> <span class='ocrx_word' id='word_1_237' title='bbox 2353 1492 2542 1547; x_wconf 88' lang='lat' dir='ltr'><strong>lalaris</strong></span> <span class='ocrx_word' id='word_1_238' title='bbox 2568 1492 2737 1546; x_wconf 80' lang='lat' dir='ltr'><strong>vestis</strong></span> <span class='ocrx_word' id='word_1_239' title='bbox 2765 1500 2819 1545; x_wconf 89' lang='lat' dir='ltr'><strong>et</strong></span> <span class='ocrx_word' id='word_1_240' title='bbox 2851 1490 3047 1553; x_wconf 80' lang='lat' dir='ltr'><strong>eﬂ&#39;usa,</strong></span> <span class='ocrx_word' id='word_1_241' title='bbox 3085 1489 3139 1544; x_wconf 91' lang='lat' dir='ltr'><strong>id</strong></span> <span class='ocrx_word' id='word_1_242' title='bbox 3170 1496 3254 1544; x_wconf 88' lang='lat' dir='ltr'><strong>est</strong></span> <span class='ocrx_word' id='word_1_243' title='bbox 3278 1504 3375 1544; x_wconf 81' lang='lat' dir='ltr'><strong>vo-</strong></span> 
     </span>
    </p>
   </div>
   <div class='ocr_carea' id='block_1_33' title="bbox 156 1561 1657 1658">
    <p class='ocr_par' dir='ltr' id='par_1_33' title="bbox 156 1561 1657 1658">
     <span class='ocr_line' id='line_1_33' title="bbox 156 1561 1657 1658; baseline 0.007 -26"><span class='ocrx_word' id='word_1_244' title='bbox 156 1580 570 1650; x_wconf 78' lang='grc' dir='ltr'>σπουδαζομένων</span> <span class='ocrx_word' id='word_1_245' title='bbox 617 1583 911 1655; x_wconf 85' lang='grc' dir='ltr'>πλατύτης,</span> <span class='ocrx_word' id='word_1_246' title='bbox 938 1585 1006 1656; x_wconf 74' lang='grc' dir='ltr'><strong>ἣν</strong></span> <span class='ocrx_word' id='word_1_247' title='bbox 1049 1561 1132 1650; x_wconf 79' lang='grc' dir='ltr'><strong>είς</strong></span> <span class='ocrx_word' id='word_1_248' title='bbox 1167 1561 1354 1656; x_wconf 79' lang='grc' dir='ltr'>ὀλίγον</span> <span class='ocrx_word' id='word_1_249' title='bbox 1461 1561 1657 1658; x_wconf 77' lang='grc' dir='ltr'>σώφρω</span> 
     </span>
    </p>
   </div>
   <div class='ocr_carea' id='block_1_34' title="bbox 1874 1561 3375 1658">
    <p class='ocr_par' dir='ltr' id='par_1_34' title="bbox 1874 1580 3375 1651">
     <span class='ocr_line' id='line_1_34' title="bbox 1874 1580 3375 1651; baseline -0.006 -10"><span class='ocrx_word' id='word_1_250' title='bbox 1874 1596 2072 1646; x_wconf 72' lang='grc' dir='ltr'>ιιιιοείι,</span> <span class='ocrx_word' id='word_1_251' title='bbox 2128 1594 2182 1639; x_wconf 88' lang='lat' dir='ltr'><strong>et</strong></span> <span class='ocrx_word' id='word_1_252' title='bbox 2232 1585 2427 1638; x_wconf 87' lang='lat' dir='ltr'><strong>vitiosa</strong></span> <span class='ocrx_word' id='word_1_253' title='bbox 2477 1581 2693 1637; x_wconf 86' lang='lat' dir='ltr'><strong>vivendi</strong></span> <span class='ocrx_word' id='word_1_254' title='bbox 2743 1584 2883 1636; x_wconf 80' lang='lat' dir='ltr'><strong>ratio</strong></span> <span class='ocrx_word' id='word_1_255' title='bbox 2931 1596 3053 1651; x_wconf 64' lang='lat' dir='ltr'><strong>quae</strong></span> <span class='ocrx_word' id='word_1_256' title='bbox 3107 1580 3375 1635; x_wconf 85' lang='lat' dir='ltr'><strong>latissime</strong></span> 
     </span>
    </p>
   </div>
   <div class='ocr_carea' id='block_1_35' title="bbox 154 1669 1655 1749">
    <p class='ocr_par' dir='ltr' id='par_1_35' title="bbox 154 1669 1655 1749">
     <span class='ocr_line' id='line_1_35' title="bbox 154 1669 1655 1749; baseline 0.007 -27"><span class='ocrx_word' id='word_1_257' title='bbox 154 1669 375 1740; x_wconf 82' lang='grc' dir='ltr'>λογισμὸς</span> <span class='ocrx_word' id='word_1_258' title='bbox 421 1673 722 1737; x_wconf 79' lang='grc' dir='ltr'>συστέλλει,</span> <span class='ocrx_word' id='word_1_259' title='bbox 765 1674 907 1746; x_wconf 80' lang='grc' dir='ltr'>ζώνη</span> <span class='ocrx_word' id='word_1_260' title='bbox 958 1677 1051 1730; x_wconf 88' lang='grc' dir='ltr'><strong>τοῦ</strong></span> <span class='ocrx_word' id='word_1_261' title='bbox 1107 1678 1514 1749; x_wconf 80' lang='grc' dir='ltr'>ὁδοιποροῦντος</span> <span class='ocrx_word' id='word_1_262' title='bbox 1547 1681 1655 1747; x_wconf 70' lang='grc' dir='ltr'>γινι</span> 
     </span>
    </p>
   </div>
   <div class='ocr_carea' id='block_1_36' title="bbox 1868 1669 3369 1749">
    <p class='ocr_par' dir='ltr' id='par_1_36' title="bbox 1868 1674 3369 1746">
     <span class='ocr_line' id='line_1_36' title="bbox 1868 1674 3369 1746; baseline -0.005 -13"><span class='ocrx_word' id='word_1_263' title='bbox 1868 1687 1963 1745; x_wconf 89' lang='lat' dir='ltr'><strong>tet,</strong></span> <span class='ocrx_word' id='word_1_264' title='bbox 2021 1678 2360 1746; x_wconf 85' lang='lat' dir='ltr'><strong>nimiumque</strong></span> <span class='ocrx_word' id='word_1_265' title='bbox 2414 1676 2744 1740; x_wconf 84' lang='lat' dir='ltr'><strong>ell&#39;unditur,</strong></span> <span class='ocrx_word' id='word_1_266' title='bbox 2795 1674 3182 1744; x_wconf 89' lang='lat' dir='ltr'><strong>impedimento</strong></span> <span class='ocrx_word' id='word_1_267' title='bbox 3218 1681 3302 1727; x_wconf 89' lang='lat' dir='ltr'><strong>est</strong></span> <span class='ocrx_word' id='word_1_268' title='bbox 3355 1690 3369 1726; x_wconf 89' lang='lat'><strong>:</strong></span> 
     </span>
    </p>
   </div>
   <div class='ocr_carea' id='block_1_37' title="bbox 156 1761 1657 1843">
    <p class='ocr_par' dir='ltr' id='par_1_37' title="bbox 156 1762 1657 1841">
     <span class='ocr_line' id='line_1_37' title="bbox 156 1762 1657 1841; baseline 0.007 -28"><span class='ocrx_word' id='word_1_269' title='bbox 156 1777 309 1830; x_wconf 76' lang='grc' dir='ltr'>μενος.</span> <span class='ocrx_word' id='word_1_270' title='bbox 338 1762 407 1814; x_wconf 84' lang='lat' dir='ltr'><em>T6</em></span> <span class='ocrx_word' id='word_1_271' title='bbox 435 1763 493 1817; x_wconf 73' lang='grc' dir='ltr'>δὲ</span> <span class='ocrx_word' id='word_1_272' title='bbox 548 1765 899 1838; x_wconf 83' lang='grc' dir='ltr'>σωφροσύνην</span> <span class='ocrx_word' id='word_1_273' title='bbox 920 1764 1060 1821; x_wconf 76' lang='grc' dir='ltr'>εἶναι</span> <span class='ocrx_word' id='word_1_274' title='bbox 1111 1770 1210 1840; x_wconf 84' lang='grc' dir='ltr'>τὴν</span> <span class='ocrx_word' id='word_1_275' title='bbox 1262 1770 1457 1839; x_wconf 79' lang='grc' dir='ltr'>ζώνην,</span> <span class='ocrx_word' id='word_1_276' title='bbox 1487 1770 1657 1841; x_wconf 85' lang='grc' dir='ltr'>μαρτύ</span> 
     </span>
    </p>
   </div>
   <div class='ocr_carea' id='block_1_38' title="bbox 1872 1761 3373 1843">
    <p class='ocr_par' dir='ltr' id='par_1_38' title="bbox 1873 1761 3373 1843">
     <span class='ocr_line' id='line_1_38' title="bbox 1873 1761 3373 1843; baseline -0.005 -22"><span class='ocrx_word' id='word_1_277' title='bbox 1873 1784 1964 1823; x_wconf 90' lang='lat' dir='ltr'><strong>are</strong></span> <span class='ocrx_word' id='word_1_278' title='bbox 2012 1767 2233 1837; x_wconf 77' lang='lat' dir='ltr'><strong>cingulo</strong></span> <span class='ocrx_word' id='word_1_279' title='bbox 2303 1765 2540 1835; x_wconf 90' lang='lat' dir='ltr'><strong>quodam</strong></span> <span class='ocrx_word' id='word_1_280' title='bbox 2608 1778 2826 1843; x_wconf 83' lang='lat' dir='ltr'><strong>sursum</strong></span> <span class='ocrx_word' id='word_1_281' title='bbox 2882 1761 3145 1817; x_wconf 84' lang='lat' dir='ltr'><strong>trahenda</strong></span> <span class='ocrx_word' id='word_1_282' title='bbox 3178 1770 3261 1815; x_wconf 90' lang='lat' dir='ltr'><strong>est</strong></span> <span class='ocrx_word' id='word_1_283' title='bbox 3318 1768 3373 1815; x_wconf 89' lang='lat' dir='ltr'><strong>et</strong></span> 
     </span>
    </p>
   </div>
   <div class='ocr_carea' id='block_1_39' title="bbox 152 1850 1653 1934">
    <p class='ocr_par' dir='ltr' id='par_1_39' title="bbox 152 1853 1653 1934">
     <span class='ocr_line' id='line_1_39' title="bbox 152 1853 1653 1934; baseline 0.009 -31"><span class='ocrx_word' id='word_1_284' title='bbox 152 1868 280 1923; x_wconf 74' lang='grc' dir='ltr'>ρεται</span> <span class='ocrx_word' id='word_1_285' title='bbox 329 1853 404 1924; x_wconf 79' lang='grc' dir='ltr'><strong>τῷ</strong></span> <span class='ocrx_word' id='word_1_286' title='bbox 455 1856 667 1926; x_wconf 82' lang='grc' dir='ltr'>τρόπῳ,</span> <span class='ocrx_word' id='word_1_287' title='bbox 716 1860 846 1929; x_wconf 73' lang='grc' dir='ltr'>περὶ</span> <span class='ocrx_word' id='word_1_288' title='bbox 893 1859 952 1911; x_wconf 79' lang='grc' dir='ltr'><strong>ὃν</strong></span> <span class='ocrx_word' id='word_1_289' title='bbox 1007 1861 1305 1931; x_wconf 78' lang='grc' dir='ltr'><strong>ἐνεργεῖται</strong></span> <span class='ocrx_word' id='word_1_290' title='bbox 1358 1864 1391 1933; x_wconf 87' lang='grc' dir='ltr'>ή</span> <span class='ocrx_word' id='word_1_291' title='bbox 1437 1863 1570 1934; x_wconf 77' lang='grc' dir='ltr'><strong>ζωή.</strong></span> <span class='ocrx_word' id='word_1_292' title='bbox 1616 1864 1653 1916; x_wconf 81' lang='grc' dir='ltr'><strong>Ἳ</strong></span> 
     </span>
    </p>
   </div>
   <div class='ocr_carea' id='block_1_40' title="bbox 1871 1850 3372 1934">
    <p class='ocr_par' dir='ltr' id='par_1_40' title="bbox 1871 1850 3372 1926">
     <span class='ocr_line' id='line_1_40' title="bbox 1871 1850 3372 1926; baseline -0.006 -14"><span class='ocrx_word' id='word_1_293' title='bbox 1871 1859 2143 1921; x_wconf 78' lang='lat' dir='ltr'><strong>arctanda,</strong></span> <span class='ocrx_word' id='word_1_294' title='bbox 2174 1873 2243 1912; x_wconf 91' lang='lat' dir='ltr'><strong>ne</strong></span> <span class='ocrx_word' id='word_1_295' title='bbox 2283 1858 2387 1911; x_wconf 91' lang='lat' dir='ltr'><strong>huc</strong></span> <span class='ocrx_word' id='word_1_296' title='bbox 2429 1866 2591 1926; x_wconf 87' lang='lat' dir='ltr'><strong>atque</strong></span> <span class='ocrx_word' id='word_1_297' title='bbox 2621 1855 2749 1910; x_wconf 89' lang='lat' dir='ltr'><strong>illuc</strong></span> <span class='ocrx_word' id='word_1_298' title='bbox 2778 1852 3142 1925; x_wconf 82' lang='lat' dir='ltr'><strong>circumﬂuat.</strong></span> <span class='ocrx_word' id='word_1_299' title='bbox 3170 1850 3372 1920; x_wconf 78' lang='lat' dir='ltr'><strong>Cingu-</strong></span> 
     </span>
    </p>
   </div>
   <div class='ocr_carea' id='block_1_41' title="bbox 149 1938 1650 2023">
    <p class='ocr_par' dir='ltr' id='par_1_41' title="bbox 149 1938 1650 2023">
     <span class='ocr_line' id='line_1_41' title="bbox 149 1938 1650 2023; baseline 0.009 -29"><span class='ocrx_word' id='word_1_300' title='bbox 149 1942 191 1994; x_wconf 86' lang='grc' dir='ltr'>τ’</span> <span class='ocrx_word' id='word_1_301' title='bbox 210 1938 269 1996; x_wconf 75' lang='grc' dir='ltr'><strong>αὖ</strong></span> <span class='ocrx_word' id='word_1_302' title='bbox 293 1944 396 1997; x_wconf 86' lang='grc' dir='ltr'><strong>τῶν</strong></span> <span class='ocrx_word' id='word_1_303' title='bbox 442 1944 653 2017; x_wconf 82' lang='grc' dir='ltr'><strong>Θηρίων</strong></span> <span class='ocrx_word' id='word_1_304' title='bbox 682 1949 951 2020; x_wconf 79' lang='grc' dir='ltr'>άμυντικὴ</span> <span class='ocrx_word' id='word_1_305' title='bbox 993 1950 1280 2023; x_wconf 79' lang='grc' dir='ltr'><strong>βακτηρία,</strong></span> <span class='ocrx_word' id='word_1_306' title='bbox 1303 1953 1331 2004; x_wconf 96' lang='lat'><strong>6</strong></span> <span class='ocrx_word' id='word_1_307' title='bbox 1365 1955 1460 2023; x_wconf 76' lang='grc' dir='ltr'><strong>τῆς</strong></span> <span class='ocrx_word' id='word_1_308' title='bbox 1483 1954 1650 2007; x_wconf 74' lang='grc' dir='ltr'>ἐλπίδι</span> 
     </span>
    </p>
   </div>
   <div class='ocr_carea' id='block_1_42' title="bbox 1866 1938 3367 2023">
    <p class='ocr_par' dir='ltr' id='par_1_42' title="bbox 1866 1943 3367 2015">
     <span class='ocr_line' id='line_1_42' title="bbox 1866 1943 3367 2015; baseline -0.005 -11"><span class='ocrx_word' id='word_1_309' title='bbox 1866 1966 1905 2004; x_wconf 70' lang='grc' dir='ltr'><strong>ιι</strong></span> <span class='ocrx_word' id='word_1_310' title='bbox 1933 1964 2063 2004; x_wconf 86' lang='lat' dir='ltr'><strong>vero</strong></span> <span class='ocrx_word' id='word_1_311' title='bbox 2112 1947 2379 2002; x_wconf 87' lang='lat' dir='ltr'><strong>modestia</strong></span> <span class='ocrx_word' id='word_1_312' title='bbox 2433 1954 2541 2010; x_wconf 90' lang='lat' dir='ltr'><strong>est,</strong></span> <span class='ocrx_word' id='word_1_313' title='bbox 2594 1954 2648 2001; x_wconf 88' lang='lat' dir='ltr'><strong>et</strong></span> <span class='ocrx_word' id='word_1_314' title='bbox 2677 1945 2908 2015; x_wconf 78' lang='lat' dir='ltr'><strong>diligens</strong></span> <span class='ocrx_word' id='word_1_315' title='bbox 2944 1943 3156 1997; x_wconf 83' lang='lat' dir='ltr'><strong>vivendi</strong></span> <span class='ocrx_word' id='word_1_316' title='bbox 3208 1943 3367 2005; x_wconf 85' lang='lat' dir='ltr'><strong>ratio,</strong></span> 
     </span>
    </p>
   </div>
   <div class='ocr_carea' id='block_1_43' title="bbox 149 2030 1650 2115">
    <p class='ocr_par' dir='ltr' id='par_1_43' title="bbox 149 2030 1650 2115">
     <span class='ocr_line' id='line_1_43' title="bbox 149 2030 1650 2115; baseline 0.005 -25"><span class='ocrx_word' id='word_1_317' title='bbox 149 2032 279 2099; x_wconf 77' lang='grc' dir='ltr'>λόγος</span> <span class='ocrx_word' id='word_1_318' title='bbox 303 2036 464 2100; x_wconf 69' lang='grc' dir='ltr'>ἐστὶν,</span> <span class='ocrx_word' id='word_1_319' title='bbox 495 2030 545 2103; x_wconf 84' lang='grc' dir='ltr'><strong>ᾧ</strong></span> <span class='ocrx_word' id='word_1_320' title='bbox 587 2039 766 2092; x_wconf 75' lang='grc' dir='ltr'>καὶτὸ</span> <span class='ocrx_word' id='word_1_321' title='bbox 792 2041 1046 2111; x_wconf 86' lang='grc' dir='ltr'>καμμύον</span> <span class='ocrx_word' id='word_1_322' title='bbox 1078 2042 1177 2112; x_wconf 84' lang='grc' dir='ltr'>τῆς</span> <span class='ocrx_word' id='word_1_323' title='bbox 1203 2042 1380 2113; x_wconf 73' lang='grc' dir='ltr'>ψυχῆς</span> <span class='ocrx_word' id='word_1_324' title='bbox 1410 2045 1650 2115; x_wconf 76' lang='grc' dir='ltr'>ὑπερείδι</span> 
     </span>
    </p>
   </div>
   <div class='ocr_carea' id='block_1_44' title="bbox 1867 2030 3368 2115">
    <p class='ocr_par' dir='ltr' id='par_1_44' title="bbox 1870 2032 3368 2101">
     <span class='ocr_line' id='line_1_44' title="bbox 1870 2032 3368 2101; baseline -0.005 -9"><span class='ocrx_word' id='word_1_325' title='bbox 1870 2054 1915 2092; x_wconf 67' lang='lat' dir='ltr'><strong>aa</strong></span> <span class='ocrx_word' id='word_1_326' title='bbox 1946 2052 2045 2091; x_wconf 90' lang='lat' dir='ltr'><strong>nos</strong></span> <span class='ocrx_word' id='word_1_327' title='bbox 2072 2045 2257 2090; x_wconf 85' lang='lat' dir='ltr'><strong>mouet</strong></span> <span class='ocrx_word' id='word_1_328' title='bbox 2279 2036 2343 2090; x_wconf 89' lang='lat' dir='ltr'><strong>ad</strong></span> <span class='ocrx_word' id='word_1_329' title='bbox 2370 2037 2777 2096; x_wconf 88' lang='lat' dir='ltr'><strong>necessitatem,</strong></span> <span class='ocrx_word' id='word_1_330' title='bbox 2806 2049 2915 2087; x_wconf 89' lang='lat' dir='ltr'><strong>non</strong></span> <span class='ocrx_word' id='word_1_331' title='bbox 2942 2032 3007 2086; x_wconf 83' lang='lat' dir='ltr'><strong>ad</strong></span> <span class='ocrx_word' id='word_1_332' title='bbox 3039 2032 3368 2101; x_wconf 88' lang='lat' dir='ltr'><strong>voluptatem</strong></span> 
     </span>
    </p>
   </div>
   <div class='ocr_carea' id='block_1_45' title="bbox 151 2123 1652 2206">
    <p class='ocr_par' dir='ltr' id='par_1_45' title="bbox 151 2125 1652 2206">
     <span class='ocr_line' id='line_1_45' title="bbox 151 2125 1652 2206; baseline 0.007 -31"><span class='ocrx_word' id='word_1_333' title='bbox 151 2139 250 2189; x_wconf 83' lang='grc' dir='ltr'>μεν,</span> <span class='ocrx_word' id='word_1_334' title='bbox 274 2125 364 2177; x_wconf 78' lang='grc' dir='ltr'>καὶ</span> <span class='ocrx_word' id='word_1_335' title='bbox 389 2126 449 2177; x_wconf 81' lang='grc' dir='ltr'>τὸ</span> <span class='ocrx_word' id='word_1_336' title='bbox 474 2126 743 2180; x_wconf 83' lang='grc' dir='ltr'>ὑλακτοῦν</span> <span class='ocrx_word' id='word_1_337' title='bbox 772 2129 1108 2200; x_wconf 72' lang='grc' dir='ltr'>ἀμυνόμεθα.</span> <span class='ocrx_word' id='word_1_338' title='bbox 1155 2133 1249 2184; x_wconf 86' lang='grc' dir='ltr'><strong>Ἐκ</strong></span> <span class='ocrx_word' id='word_1_339' title='bbox 1277 2134 1446 2205; x_wconf 83' lang='grc' dir='ltr'>πυρὸς</span> <span class='ocrx_word' id='word_1_340' title='bbox 1477 2134 1534 2187; x_wconf 79' lang='grc' dir='ltr'>δὲ</span> <span class='ocrx_word' id='word_1_341' title='bbox 1561 2152 1652 2206; x_wconf 76' lang='grc' dir='ltr'><strong>πρε</strong></span> 
     </span>
    </p>
   </div>
   <div class='ocr_carea' id='block_1_46' title="bbox 1871 2123 3372 2206">
    <p class='ocr_par' dir='ltr' id='par_1_46' title="bbox 1872 2123 3372 2196">
     <span class='ocr_line' id='line_1_46' title="bbox 1872 2123 3372 2196; baseline -0.005 -14"><span class='ocrx_word' id='word_1_342' title='bbox 1872 2144 1957 2182; x_wconf 79' lang='grc' dir='ltr'>ιιιε</span> <span class='ocrx_word' id='word_1_343' title='bbox 1984 2129 2084 2181; x_wconf 90' lang='lat' dir='ltr'><strong>uti.</strong></span> <span class='ocrx_word' id='word_1_344' title='bbox 2111 2126 2268 2193; x_wconf 85' lang='lat' dir='ltr'><strong>Quod</strong></span> <span class='ocrx_word' id='word_1_345' title='bbox 2301 2135 2481 2181; x_wconf 84' lang='lat' dir='ltr'><strong>autem</strong></span> <span class='ocrx_word' id='word_1_346' title='bbox 2529 2141 2626 2196; x_wconf 88' lang='lat' dir='ltr'><strong>pro</strong></span> <span class='ocrx_word' id='word_1_347' title='bbox 2660 2124 2924 2179; x_wconf 83' lang='lat' dir='ltr'><strong>modestia</strong></span> <span class='ocrx_word' id='word_1_348' title='bbox 2967 2123 3244 2194; x_wconf 79' lang='lat' dir='ltr'><strong>cingulum</strong></span> <span class='ocrx_word' id='word_1_349' title='bbox 3276 2137 3372 2176; x_wconf 81' lang='lat' dir='ltr'><strong>ca-</strong></span> 
     </span>
    </p>
   </div>
   <div class='ocr_carea' id='block_1_47' title="bbox 147 2214 1648 2296">
    <p class='ocr_par' dir='ltr' id='par_1_47' title="bbox 147 2214 1648 2296">
     <span class='ocr_line' id='line_1_47' title="bbox 147 2214 1648 2296; baseline 0.007 -29"><span class='ocrx_word' id='word_1_350' title='bbox 147 2214 365 2269; x_wconf 86' lang='grc' dir='ltr'>τεθεῖσαν</span> <span class='ocrx_word' id='word_1_351' title='bbox 395 2219 534 2287; x_wconf 82' lang='grc' dir='ltr'>ἡμῖν</span> <span class='ocrx_word' id='word_1_352' title='bbox 572 2219 673 2290; x_wconf 82' lang='grc' dir='ltr'><strong>τὴν</strong></span> <span class='ocrx_word' id='word_1_353' title='bbox 716 2220 934 2291; x_wconf 79' lang='grc' dir='ltr'>ἐδωδὴν,</span> <span class='ocrx_word' id='word_1_354' title='bbox 960 2221 1063 2292; x_wconf 84' lang='grc' dir='ltr'><strong>τὴν</strong></span> <span class='ocrx_word' id='word_1_355' title='bbox 1090 2221 1297 2294; x_wconf 78' lang='grc' dir='ltr'>θερμὴν</span> <span class='ocrx_word' id='word_1_356' title='bbox 1323 2225 1526 2296; x_wconf 85' lang='grc' dir='ltr'>ταύτην</span> <span class='ocrx_word' id='word_1_357' title='bbox 1549 2224 1648 2293; x_wconf 74' lang='grc' dir='ltr'>λέγ</span> 
     </span>
    </p>
   </div>
   <div class='ocr_carea' id='block_1_48' title="bbox 1869 2214 3370 2296">
    <p class='ocr_par' dir='ltr' id='par_1_48' title="bbox 1869 2215 3370 2286">
     <span class='ocr_line' id='line_1_48' title="bbox 1869 2215 3370 2286; baseline -0.003 -14"><span class='ocrx_word' id='word_1_358' title='bbox 1869 2227 1994 2280; x_wconf 84' lang='lat' dir='ltr'><strong>ttur,</strong></span> <span class='ocrx_word' id='word_1_359' title='bbox 2024 2221 2188 2273; x_wconf 85' lang='lat' dir='ltr'><strong>etiam</strong></span> <span class='ocrx_word' id='word_1_360' title='bbox 2220 2218 2462 2272; x_wconf 89' lang='lat' dir='ltr'><strong>membra</strong></span> <span class='ocrx_word' id='word_1_361' title='bbox 2487 2216 2730 2286; x_wconf 90' lang='lat' dir='ltr'><strong>corporis</strong></span> <span class='ocrx_word' id='word_1_362' title='bbox 2759 2230 2879 2285; x_wconf 66' lang='lat' dir='ltr'><strong>quae</strong></span> <span class='ocrx_word' id='word_1_363' title='bbox 2925 2215 3144 2284; x_wconf 85' lang='lat' dir='ltr'><strong>cingulo</strong></span> <span class='ocrx_word' id='word_1_364' title='bbox 3175 2228 3370 2268; x_wconf 91' lang='lat' dir='ltr'><strong>conne-</strong></span> 
     </span>
    </p>
   </div>
   <div class='ocr_carea' id='block_1_49' title="bbox 146 2302 1647 2387">
    <p class='ocr_par' dir='ltr' id='par_1_49' title="bbox 146 2305 1647 2385">
     <span class='ocr_line' id='line_1_49' title="bbox 146 2305 1647 2385; baseline 0.009 -28"><span class='ocrx_word' id='word_1_365' title='bbox 146 2306 222 2357; x_wconf 82' lang='grc' dir='ltr'><strong>καὶ</strong></span> <span class='ocrx_word' id='word_1_366' title='bbox 245 2305 473 2378; x_wconf 70' lang='grc' dir='ltr'>ἐκπυρον</span> <span class='ocrx_word' id='word_1_367' title='bbox 523 2309 728 2372; x_wconf 85' lang='grc' dir='ltr'>πίστιν,</span> <span class='ocrx_word' id='word_1_368' title='bbox 773 2311 842 2378; x_wconf 78' lang='grc' dir='ltr'><strong>ἢν</strong></span> <span class='ocrx_word' id='word_1_369' title='bbox 867 2311 1130 2383; x_wconf 72' lang='grc' dir='ltr'>ἀμελλητὶ</span> <span class='ocrx_word' id='word_1_370' title='bbox 1161 2314 1589 2385; x_wconf 83' lang='grc' dir='ltr'><strong>προσδεχόμεθα,</strong></span> 
     </span>
    </p>
   </div>
   <div class='ocr_carea' id='block_1_50' title="bbox 1868 2302 3369 2387">
    <p class='ocr_par' dir='ltr' id='par_1_50' title="bbox 1870 2302 3369 2373">
     <span class='ocr_line' id='line_1_50' title="bbox 1870 2302 3369 2373; baseline -0.001 -13"><span class='ocrx_word' id='word_1_371' title='bbox 1870 2315 2038 2370; x_wconf 86' lang='lat' dir='ltr'><strong>tntur,</strong></span> <span class='ocrx_word' id='word_1_372' title='bbox 2066 2306 2381 2360; x_wconf 85' lang='lat' dir='ltr'><strong>testimonio</strong></span> <span class='ocrx_word' id='word_1_373' title='bbox 2412 2311 2559 2372; x_wconf 87' lang='lat' dir='ltr'><strong>sunt;</strong></span> <span class='ocrx_word' id='word_1_374' title='bbox 2593 2304 2818 2359; x_wconf 82' lang='lat' dir='ltr'><strong>baculus</strong></span> <span class='ocrx_word' id='word_1_375' title='bbox 2840 2319 2987 2369; x_wconf 88' lang='lat' dir='ltr'><strong>vero,</strong></span> <span class='ocrx_word' id='word_1_376' title='bbox 3010 2319 3119 2373; x_wconf 89' lang='lat' dir='ltr'><strong>quo</strong></span> <span class='ocrx_word' id='word_1_377' title='bbox 3148 2312 3203 2358; x_wconf 87' lang='lat' dir='ltr'><strong>et</strong></span> <span class='ocrx_word' id='word_1_378' title='bbox 3226 2302 3369 2359; x_wconf 82' lang='lat' dir='ltr'><strong>feras</strong></span> 
     </span>
    </p>
   </div>
   <div class='ocr_carea' id='block_1_51' title="bbox 147 2396 1648 2479">
    <p class='ocr_par' dir='ltr' id='par_1_51' title="bbox 147 2396 1648 2478">
     <span class='ocr_line' id='line_1_51' title="bbox 147 2396 1648 2478; baseline 0.01 -31"><span class='ocrx_word' id='word_1_379' title='bbox 147 2396 453 2464; x_wconf 67' lang='grc' dir='ltr'><strong>ἐμφαγόντες</strong></span> <span class='ocrx_word' id='word_1_380' title='bbox 487 2400 617 2452; x_wconf 81' lang='grc' dir='ltr'>ὅσον</span> <span class='ocrx_word' id='word_1_381' title='bbox 664 2403 728 2454; x_wconf 79' lang='grc' dir='ltr'>ὲκ</span> <span class='ocrx_word' id='word_1_382' title='bbox 782 2404 1072 2475; x_wconf 83' lang='grc' dir='ltr'>προχείρου</span> <span class='ocrx_word' id='word_1_383' title='bbox 1109 2406 1313 2473; x_wconf 88' lang='grc' dir='ltr'>γίνεται</span> <span class='ocrx_word' id='word_1_384' title='bbox 1361 2407 1562 2478; x_wconf 82' lang='grc' dir='ltr'>ληπτὸν</span> <span class='ocrx_word' id='word_1_385' title='bbox 1612 2426 1648 2461; x_wconf 62' lang='grc' dir='ltr'><strong>τι</strong></span> 
     </span>
    </p>
   </div>
   <div class='ocr_carea' id='block_1_52' title="bbox 1865 2396 3366 2479">
    <p class='ocr_par' dir='ltr' id='par_1_52' title="bbox 1865 2399 3366 2468">
     <span class='ocr_line' id='line_1_52' title="bbox 1865 2399 3366 2468; baseline -0.003 -15"><span class='ocrx_word' id='word_1_386' title='bbox 1865 2399 2122 2468; x_wconf 76' lang='lat' dir='ltr'><strong>pellimus,</strong></span> <span class='ocrx_word' id='word_1_387' title='bbox 2164 2407 2219 2452; x_wconf 86' lang='lat' dir='ltr'><strong>et</strong></span> <span class='ocrx_word' id='word_1_388' title='bbox 2260 2409 2649 2465; x_wconf 86' lang='lat' dir='ltr'><strong>nonnunquam</strong></span> <span class='ocrx_word' id='word_1_389' title='bbox 2680 2402 3072 2457; x_wconf 84' lang='lat' dir='ltr'><strong>sustentantur,</strong></span> <span class='ocrx_word' id='word_1_390' title='bbox 3106 2408 3230 2463; x_wconf 86' lang='lat' dir='ltr'><strong>spes</strong></span> <span class='ocrx_word' id='word_1_391' title='bbox 3263 2399 3366 2448; x_wconf 91' lang='lat' dir='ltr'><strong>est.</strong></span> 
     </span>
    </p>
   </div>
   <div class='ocr_carea' id='block_1_53' title="bbox 144 2484 1645 2568">
    <p class='ocr_par' dir='ltr' id='par_1_53' title="bbox 144 2484 1645 2568">
     <span class='ocr_line' id='line_1_53' title="bbox 144 2484 1645 2568; baseline 0.007 -31"><span class='ocrx_word' id='word_1_392' title='bbox 144 2484 363 2551; x_wconf 69' lang='grc' dir='ltr'>ἐσθίοντι,</span> <span class='ocrx_word' id='word_1_393' title='bbox 392 2490 513 2541; x_wconf 46' lang='grc' dir='ltr'>καὶ,</span> <span class='ocrx_word' id='word_1_394' title='bbox 545 2489 636 2542; x_wconf 84' lang='grc' dir='ltr'>τὸν</span> <span class='ocrx_word' id='word_1_395' title='bbox 685 2495 1061 2562; x_wconf 80' lang='grc' dir='ltr'>κεκρυμμένον</span> <span class='ocrx_word' id='word_1_396' title='bbox 1093 2496 1203 2558; x_wconf 90' lang='grc' dir='ltr'>τοῖς</span> <span class='ocrx_word' id='word_1_397' title='bbox 1222 2496 1606 2568; x_wconf 76' lang='grc' dir='ltr'>,στερροτέροις</span> <span class='ocrx_word' id='word_1_398' title='bbox 1632 2516 1645 2548; x_wconf 66' lang='grc' dir='ltr'><strong>ι</strong></span> 
     </span>
    </p>
   </div>
   <div class='ocr_carea' id='block_1_54' title="bbox 1866 2484 3367 2568">
    <p class='ocr_par' dir='ltr' id='par_1_54' title="bbox 1866 2484 3367 2553">
     <span class='ocr_line' id='line_1_54' title="bbox 1866 2484 3367 2553; baseline -0.006 -7"><span class='ocrx_word' id='word_1_399' title='bbox 1866 2506 1906 2546; x_wconf 76' lang='grc' dir='ltr'><strong>ιο</strong></span> <span class='ocrx_word' id='word_1_400' title='bbox 1934 2491 2078 2545; x_wconf 88' lang='lat' dir='ltr'><strong>enim</strong></span> <span class='ocrx_word' id='word_1_401' title='bbox 2113 2490 2229 2545; x_wconf 89' lang='lat' dir='ltr'><strong>sola</strong></span> <span class='ocrx_word' id='word_1_402' title='bbox 2257 2488 2588 2553; x_wconf 88' lang='lat' dir='ltr'><strong>inducimur,</strong></span> <span class='ocrx_word' id='word_1_403' title='bbox 2610 2495 2671 2542; x_wconf 90' lang='lat' dir='ltr'><strong>ut</strong></span> <span class='ocrx_word' id='word_1_404' title='bbox 2706 2487 2920 2542; x_wconf 79' lang='lat' dir='ltr'><strong>labores</strong></span> <span class='ocrx_word' id='word_1_405' title='bbox 2951 2486 3113 2541; x_wconf 85' lang='lat' dir='ltr'><strong>simul</strong></span> <span class='ocrx_word' id='word_1_406' title='bbox 3136 2495 3189 2540; x_wconf 89' lang='lat' dir='ltr'><strong>et</strong></span> <span class='ocrx_word' id='word_1_407' title='bbox 3214 2484 3367 2539; x_wconf 90' lang='lat' dir='ltr'><strong>dolo-</strong></span> 
     </span>
    </p>
   </div>
   <div class='ocr_carea' id='block_1_55' title="bbox 143 2577 1644 2659">
    <p class='ocr_par' dir='ltr' id='par_1_55' title="bbox 143 2578 1644 2659">
     <span class='ocr_line' id='line_1_55' title="bbox 143 2578 1644 2659; baseline 0.007 -30"><span class='ocrx_word' id='word_1_408' title='bbox 143 2578 217 2630; x_wconf 79' lang='grc' dir='ltr'><strong>καὶ</strong></span> <span class='ocrx_word' id='word_1_409' title='bbox 245 2578 585 2651; x_wconf 83' lang='grc' dir='ltr'>δυστρίπτοις</span> <span class='ocrx_word' id='word_1_410' title='bbox 610 2583 865 2653; x_wconf 81' lang='grc' dir='ltr'><strong>νοήμασι,</strong></span> <span class='ocrx_word' id='word_1_411' title='bbox 896 2585 990 2637; x_wconf 59' lang='grc' dir='ltr'><strong>καὶ⁹</strong></span> <span class='ocrx_word' id='word_1_412' title='bbox 1038 2583 1133 2654; x_wconf 81' lang='grc' dir='ltr'><strong>τῷ·</strong></span> <span class='ocrx_word' id='word_1_413' title='bbox 1157 2585 1298 2656; x_wconf 85' lang='grc' dir='ltr'>λόγῳ</span> <span class='ocrx_word' id='word_1_414' title='bbox 1318 2625 1334 2648; x_wconf 90' lang='grc'><strong>,</strong></span> <span class='ocrx_word' id='word_1_415' title='bbox 1362 2587 1644 2659; x_wconf 77' lang='grc' dir='ltr'>ἀπεριέργε</span> 
     </span>
    </p>
   </div>
   <div class='ocr_carea' id='block_1_56' title="bbox 1868 2577 3369 2659">
    <p class='ocr_par' dir='ltr' id='par_1_56' title="bbox 1868 2577 3369 2643">
     <span class='ocr_line' id='line_1_56' title="bbox 1868 2577 3369 2643; baseline -0.003 -5"><span class='ocrx_word' id='word_1_416' title='bbox 1868 2599 1881 2638; x_wconf 80' lang='grc' dir='ltr'><strong>ι</strong></span> <span class='ocrx_word' id='word_1_417' title='bbox 1912 2581 2240 2638; x_wconf 80' lang='lat' dir='ltr'><strong>suﬂ‘eramus</strong></span> <span class='ocrx_word' id='word_1_418' title='bbox 2272 2599 2285 2636; x_wconf 91' lang='lat'><strong>:</strong></span> <span class='ocrx_word' id='word_1_419' title='bbox 2320 2582 2422 2635; x_wconf 88' lang='lat' dir='ltr'><strong>hac</strong></span> <span class='ocrx_word' id='word_1_420' title='bbox 2438 2579 2614 2635; x_wconf 80' lang='lat' dir='ltr'><strong>fessos</strong></span> <span class='ocrx_word' id='word_1_421' title='bbox 2641 2579 2854 2633; x_wconf 90' lang='lat' dir='ltr'><strong>animos</strong></span> <span class='ocrx_word' id='word_1_422' title='bbox 2882 2592 3236 2643; x_wconf 82' lang='lat' dir='ltr'><strong>recreamus:</strong></span> <span class='ocrx_word' id='word_1_423' title='bbox 3269 2577 3369 2633; x_wconf 82' lang='lat' dir='ltr'><strong>hac</strong></span> 
     </span>
    </p>
   </div>
   <div class='ocr_carea' id='block_1_57' title="bbox 144 2666 1645 2745">
    <p class='ocr_par' dir='ltr' id='par_1_57' title="bbox 144 2666 1644 2744">
     <span class='ocr_line' id='line_1_57' title="bbox 144 2666 1644 2744; baseline 0.007 -26"><span class='ocrx_word' id='word_1_424' title='bbox 144 2666 248 2719; x_wconf 68' lang='grc' dir='ltr'>στάν</span> <span class='ocrx_word' id='word_1_425' title='bbox 270 2685 326 2721; x_wconf 89' lang='grc' dir='ltr'><strong>τε</strong></span> <span class='ocrx_word' id='word_1_426' title='bbox 361 2672 455 2724; x_wconf 81' lang='grc' dir='ltr'>καὶ</span> <span class='ocrx_word' id='word_1_427' title='bbox 492 2670 1057 2742; x_wconf 74' lang='grc' dir='ltr'>ὰτωλυπραγμόνητον</span> <span class='ocrx_word' id='word_1_428' title='bbox 1085 2673 1583 2744; x_wconf 82' lang='grc' dir='ltr'>καταλιμπάνομεν,</span> <span class='ocrx_word' id='word_1_429' title='bbox 1614 2692 1644 2728; x_wconf 87' lang='grc' dir='ltr'><strong>τ</strong></span> 
     </span>
    </p>
   </div>
   <div class='ocr_carea' id='block_1_58' title="bbox 1869 2666 3370 2745">
    <p class='ocr_par' dir='ltr' id='par_1_58' title="bbox 1869 2669 3370 2743">
     <span class='ocr_line' id='line_1_58' title="bbox 1869 2669 3370 2743; baseline -0.005 -12"><span class='ocrx_word' id='word_1_430' title='bbox 1869 2672 2576 2743; x_wconf 70' lang='lat' dir='ltr'><strong>.,utardcntiusplerumque</strong></span> <span class='ocrx_word' id='word_1_431' title='bbox 2622 2672 2677 2724; x_wconf 88' lang='lat' dir='ltr'><strong>in</strong></span> <span class='ocrx_word' id='word_1_432' title='bbox 2707 2671 2969 2726; x_wconf 89' lang='lat' dir='ltr'><strong>latrantes</strong></span> <span class='ocrx_word' id='word_1_433' title='bbox 3019 2684 3206 2733; x_wconf 87' lang='lat' dir='ltr'><strong>canes,</strong></span> <span class='ocrx_word' id='word_1_434' title='bbox 3235 2669 3370 2723; x_wconf 87' lang='lat' dir='ltr'><strong>alie-</strong></span> 
     </span>
    </p>
   </div>
   <div class='ocr_carea' id='block_1_59' title="bbox 140 2759 1641 2837">
    <p class='ocr_par' dir='ltr' id='par_1_59' title="bbox 140 2759 1641 2834">
     <span class='ocr_line' id='line_1_59' title="bbox 140 2759 1641 2834; baseline 0.005 -25"><span class='ocrx_word' id='word_1_435' title='bbox 140 2760 253 2829; x_wconf 81' lang='grc' dir='ltr'>πυρὶ</span> <span class='ocrx_word' id='word_1_436' title='bbox 298 2759 650 2831; x_wconf 80' lang='grc' dir='ltr'>προτιθέντες</span> <span class='ocrx_word' id='word_1_437' title='bbox 707 2761 807 2831; x_wconf 85' lang='grc' dir='ltr'>τὴν</span> <span class='ocrx_word' id='word_1_438' title='bbox 841 2761 1095 2832; x_wconf 83' lang='grc' dir='ltr'>τοιαύτην</span> <span class='ocrx_word' id='word_1_439' title='bbox 1142 2766 1368 2834; x_wconf 80' lang='grc' dir='ltr'>τροφήν.</span> <span class='ocrx_word' id='word_1_440' title='bbox 1421 2764 1506 2826; x_wconf 85' lang='grc' dir='ltr'>Ὡς</span> <span class='ocrx_word' id='word_1_441' title='bbox 1537 2763 1580 2816; x_wconf 85' lang='grc' dir='ltr'>δ’</span> <span class='ocrx_word' id='word_1_442' title='bbox 1624 2765 1641 2817; x_wconf 81' lang='grc' dir='ltr'><em>ὶ</em></span> 
     </span>
    </p>
   </div>
   <div class='ocr_carea' id='block_1_60' title="bbox 1868 2759 3369 2837">
    <p class='ocr_par' dir='ltr' id='par_1_60' title="bbox 1868 2762 3369 2837">
     <span class='ocr_line' id='line_1_60' title="bbox 1868 2762 3369 2837; baseline -0.005 -15"><span class='ocrx_word' id='word_1_443' title='bbox 1868 2781 1893 2822; x_wconf 87' lang='lat' dir='ltr'><strong>s</strong></span> <span class='ocrx_word' id='word_1_444' title='bbox 1918 2765 2168 2819; x_wconf 86' lang='lat' dir='ltr'><strong>videlicet</strong></span> <span class='ocrx_word' id='word_1_445' title='bbox 2199 2779 2229 2817; x_wconf 89' lang='lat' dir='ltr'><strong>a</strong></span> <span class='ocrx_word' id='word_1_446' title='bbox 2280 2763 2511 2818; x_wconf 86' lang='lat' dir='ltr'><strong>veritate</strong></span> <span class='ocrx_word' id='word_1_447' title='bbox 2558 2763 2792 2837; x_wconf 23' lang='lat' dir='ltr'><strong>bestias,”</strong></span> <span class='ocrx_word' id='word_1_448' title='bbox 2823 2763 3172 2831; x_wconf 76' lang='lat' dir='ltr'><strong>insurgamus</strong></span> <span class='ocrx_word' id='word_1_449' title='bbox 3204 2780 3219 2817; x_wconf 74' lang='grc' dir='ltr'><strong>ε</strong></span> <span class='ocrx_word' id='word_1_450' title='bbox 3266 2762 3369 2815; x_wconf 85' lang='lat' dir='ltr'><strong>hac</strong></span> 
     </span>
    </p>
   </div>
   <div class='ocr_carea' id='block_1_61' title="bbox 142 2850 1643 2958">
    <p class='ocr_par' dir='ltr' id='par_1_61' title="bbox 142 2851 1643 2924">
     <span class='ocr_line' id='line_1_61' title="bbox 142 2851 1643 2924; baseline 0.005 -22"><span class='ocrx_word' id='word_1_451' title='bbox 142 2852 469 2924; x_wconf 75' lang='grc' dir='ltr'>σιφηνισθείη</span> <span class='ocrx_word' id='word_1_452' title='bbox 499 2851 576 2906; x_wconf 79' lang='grc' dir='ltr'><strong>τά</strong></span> <span class='ocrx_word' id='word_1_453' title='bbox 624 2855 753 2923; x_wconf 73' lang='grc' dir='ltr'>περὶ</span> <span class='ocrx_word' id='word_1_454' title='bbox 797 2853 1001 2907; x_wconf 89' lang='grc' dir='ltr'>τούτων</span> <span class='ocrx_word' id='word_1_455' title='bbox 1043 2853 1360 2924; x_wconf 73' lang='grc' dir='ltr'>αἰνίγματα,</span> <span class='ocrx_word' id='word_1_456' title='bbox 1391 2854 1564 2908; x_wconf 87' lang='grc' dir='ltr'>ταῦτά</span> <span class='ocrx_word' id='word_1_457' title='bbox 1591 2872 1643 2924; x_wconf 84' lang='grc' dir='ltr'><strong>φι</strong></span> 
     </span>
    </p>
   </div>
   <div class='ocr_carea' id='block_1_62' title="bbox 1862 2850 3363 2958">
    <p class='ocr_par' dir='ltr' id='par_1_62' title="bbox 1862 2850 3363 2924">
     <span class='ocr_line' id='line_1_62' title="bbox 1862 2850 3363 2924; baseline -0.003 -15"><span class='ocrx_word' id='word_1_458' title='bbox 1862 2856 1990 2909; x_wconf 87' lang='lat' dir='ltr'><strong>mati</strong></span> <span class='ocrx_word' id='word_1_459' title='bbox 2039 2854 2199 2924; x_wconf 78' lang='lat' dir='ltr'><strong>longe</strong></span> <span class='ocrx_word' id='word_1_460' title='bbox 2227 2853 2349 2908; x_wconf 90' lang='lat' dir='ltr'><strong>illas</strong></span> <span class='ocrx_word' id='word_1_461' title='bbox 2377 2855 2445 2907; x_wconf 92' lang='lat' dir='ltr'><strong>ab</strong></span> <span class='ocrx_word' id='word_1_462' title='bbox 2469 2854 2662 2908; x_wconf 89' lang='lat' dir='ltr'><strong>ovibus</strong></span> <span class='ocrx_word' id='word_1_463' title='bbox 2705 2854 2908 2907; x_wconf 83' lang='lat' dir='ltr'><strong>nostris</strong></span> <span class='ocrx_word' id='word_1_464' title='bbox 2952 2866 3257 2908; x_wconf 87' lang='lat' dir='ltr'><strong>arceamus.</strong></span> <span class='ocrx_word' id='word_1_465' title='bbox 3290 2850 3363 2905; x_wconf 74' lang='lat' dir='ltr'><strong>Ex</strong></span> 
     </span>
    </p>
   </div>
   <div class='ocr_carea' id='block_1_63' title="bbox 141 2943 1642 3018">
    <p class='ocr_par' dir='ltr' id='par_1_63' title="bbox 141 2944 1642 3018">
     <span class='ocr_line' id='line_1_63' title="bbox 141 2944 1642 3018; baseline 0.005 -22"><span class='ocrx_word' id='word_1_466' title='bbox 141 2960 240 3011; x_wconf 80' lang='grc' dir='ltr'>μεν,</span> <span class='ocrx_word' id='word_1_467' title='bbox 264 2945 343 2997; x_wconf 78' lang='grc' dir='ltr'>ὅτι</span> <span class='ocrx_word' id='word_1_468' title='bbox 383 2944 499 2999; x_wconf 83' lang='grc' dir='ltr'>τῶν</span> <span class='ocrx_word' id='word_1_469' title='bbox 544 2944 706 3000; x_wconf 87' lang='grc' dir='ltr'>θείων</span> <span class='ocrx_word' id='word_1_470' title='bbox 754 2946 1227 3018; x_wconf 82' lang='grc' dir='ltr'>παραγγελμάτων</span> <span class='ocrx_word' id='word_1_471' title='bbox 1264 2947 1364 3000; x_wconf 84' lang='grc' dir='ltr'>ὅσα</span> <span class='ocrx_word' id='word_1_472' title='bbox 1404 2947 1502 3017; x_wconf 83' lang='grc' dir='ltr'><strong>μὲν</strong></span> <span class='ocrx_word' id='word_1_473' title='bbox 1557 2965 1642 3018; x_wconf 64' lang='grc' dir='ltr'>πρέ</span> 
     </span>
    </p>
   </div>
   <div class='ocr_carea' id='block_1_64' title="bbox 1871 2943 3372 3018">
    <p class='ocr_par' dir='ltr' id='par_1_64' title="bbox 1871 2943 3372 3014">
     <span class='ocr_line' id='line_1_64' title="bbox 1871 2943 3372 3014; baseline -0.003 -14"><span class='ocrx_word' id='word_1_474' title='bbox 1871 2963 1921 3002; x_wconf 81' lang='lat' dir='ltr'><strong>te</strong></span> <span class='ocrx_word' id='word_1_475' title='bbox 1948 2953 2128 3001; x_wconf 89' lang='lat' dir='ltr'><strong>autem</strong></span> <span class='ocrx_word' id='word_1_476' title='bbox 2161 2944 2339 2999; x_wconf 90' lang='lat' dir='ltr'><strong>solum</strong></span> <span class='ocrx_word' id='word_1_477' title='bbox 2372 2945 2529 2999; x_wconf 89' lang='lat' dir='ltr'><strong>cibus</strong></span> <span class='ocrx_word' id='word_1_478' title='bbox 2559 2944 2719 2999; x_wconf 88' lang='lat' dir='ltr'><strong>nobis</strong></span> <span class='ocrx_word' id='word_1_479' title='bbox 2744 2943 3060 3014; x_wconf 87' lang='lat' dir='ltr'><strong>pr0positus</strong></span> <span class='ocrx_word' id='word_1_480' title='bbox 3097 2951 3201 3007; x_wconf 85' lang='lat' dir='ltr'><strong>est,</strong></span> <span class='ocrx_word' id='word_1_481' title='bbox 3231 2957 3372 3013; x_wconf 88' lang='lat' dir='ltr'><strong>quo-</strong></span> 
     </span>
    </p>
   </div>
   <div class='ocr_carea' id='block_1_65' title="bbox 137 3022 1638 3107">
    <p class='ocr_par' dir='ltr' id='par_1_65' title="bbox 137 3033 1638 3107">
     <span class='ocr_line' id='line_1_65' title="bbox 137 3033 1638 3107; baseline 0.005 -24"><span class='ocrx_word' id='word_1_482' title='bbox 137 3047 293 3102; x_wconf 77' lang='grc' dir='ltr'>χειρον</span> <span class='ocrx_word' id='word_1_483' title='bbox 313 3033 408 3104; x_wconf 78' lang='grc' dir='ltr'><strong>τὴν</strong></span> <span class='ocrx_word' id='word_1_484' title='bbox 431 3034 766 3105; x_wconf 82' lang='grc' dir='ltr'>κατανόησιν</span> <span class='ocrx_word' id='word_1_485' title='bbox 790 3034 919 3104; x_wconf 73' lang='grc' dir='ltr'>ἔχει,</span> <span class='ocrx_word' id='word_1_486' title='bbox 942 3036 1001 3088; x_wconf 83' lang='grc' dir='ltr'>οὐ</span> <span class='ocrx_word' id='word_1_487' title='bbox 1022 3034 1261 3104; x_wconf 85' lang='grc' dir='ltr'>νωθρῶς,</span> <span class='ocrx_word' id='word_1_488' title='bbox 1278 3036 1398 3089; x_wconf 79' lang='grc' dir='ltr'>οὐδὲ</span> <span class='ocrx_word' id='word_1_489' title='bbox 1425 3053 1638 3107; x_wconf 88' lang='grc' dir='ltr'>κατηνα</span> 
     </span>
    </p>
   </div>
   <div class='ocr_carea' id='block_1_66' title="bbox 1868 3022 3369 3107">
    <p class='ocr_par' dir='ltr' id='par_1_66' title="bbox 1868 3022 3369 3106">
     <span class='ocr_line' id='line_1_66' title="bbox 1868 3022 3369 3106; baseline -0.003 -14"><span class='ocrx_word' id='word_1_490' title='bbox 1868 3054 1939 3092; x_wconf 82' lang='lat' dir='ltr'><strong>tm</strong></span> <span class='ocrx_word' id='word_1_491' title='bbox 1959 3022 2094 3092; x_wconf 67' lang='lat' dir='ltr'><strong>fides</strong></span> <span class='ocrx_word' id='word_1_492' title='bbox 2132 3050 2251 3106; x_wconf 72' lang='lat' dir='ltr'><strong>quae</strong></span> <span class='ocrx_word' id='word_1_493' title='bbox 2302 3051 2399 3106; x_wconf 90' lang='lat' dir='ltr'><strong>per</strong></span> <span class='ocrx_word' id='word_1_494' title='bbox 2456 3036 2635 3091; x_wconf 90' lang='lat' dir='ltr'><strong>cibum</strong></span> <span class='ocrx_word' id='word_1_495' title='bbox 2681 3036 2830 3090; x_wconf 89' lang='lat' dir='ltr'><strong>illum</strong></span> <span class='ocrx_word' id='word_1_496' title='bbox 2870 3034 3224 3106; x_wconf 71' lang='lat' dir='ltr'><strong>signiﬁcatur,</strong></span> <span class='ocrx_word' id='word_1_497' title='bbox 3280 3050 3369 3088; x_wconf 86' lang='lat' dir='ltr'><strong>ar-</strong></span> 
     </span>
    </p>
   </div>
   <div class='ocr_carea' id='block_1_67' title="bbox 138 3120 1639 3194">
    <p class='ocr_par' dir='ltr' id='par_1_67' title="bbox 138 3120 1639 3194">
     <span class='ocr_line' id='line_1_67' title="bbox 138 3120 1639 3194; baseline 0.005 -22"><span class='ocrx_word' id='word_1_498' title='bbox 138 3124 397 3190; x_wconf 82' lang='grc' dir='ltr'>κασμένως</span> <span class='ocrx_word' id='word_1_499' title='bbox 450 3124 700 3194; x_wconf 80' lang='grc' dir='ltr'>μετιέναι</span> <span class='ocrx_word' id='word_1_500' title='bbox 743 3127 1046 3194; x_wconf 77' lang='grc' dir='ltr'>προσήκει·</span> <span class='ocrx_word' id='word_1_501' title='bbox 1084 3124 1198 3178; x_wconf 78' lang='grc' dir='ltr'>ἀλλ’</span> <span class='ocrx_word' id='word_1_502' title='bbox 1236 3120 1346 3178; x_wconf 76' lang='grc' dir='ltr'>οἷον</span> <span class='ocrx_word' id='word_1_503' title='bbox 1393 3127 1639 3180; x_wconf 77' lang='grc' dir='ltr'>πεινῶντι</span> 
     </span>
    </p>
   </div>
   <div class='ocr_carea' id='block_1_68' title="bbox 1867 3120 3368 3194">
    <p class='ocr_par' dir='ltr' id='par_1_68' title="bbox 1867 3127 3368 3191">
     <span class='ocr_line' id='line_1_68' title="bbox 1867 3127 3368 3191; baseline 0 -9"><span class='ocrx_word' id='word_1_504' title='bbox 1867 3128 2114 3184; x_wconf 89' lang='lat' dir='ltr'><strong>ntissima</strong></span> <span class='ocrx_word' id='word_1_505' title='bbox 2144 3143 2265 3183; x_wconf 85' lang='lat' dir='ltr'><strong>esse</strong></span> <span class='ocrx_word' id='word_1_506' title='bbox 2292 3127 2473 3191; x_wconf 83' lang='lat' dir='ltr'><strong>debet,</strong></span> <span class='ocrx_word' id='word_1_507' title='bbox 2507 3129 2640 3182; x_wconf 90' lang='lat' dir='ltr'><strong>nihil</strong></span> <span class='ocrx_word' id='word_1_508' title='bbox 2673 3128 2977 3188; x_wconf 88' lang='lat' dir='ltr'><strong>humidum,</strong></span> <span class='ocrx_word' id='word_1_509' title='bbox 3003 3136 3095 3182; x_wconf 90' lang='lat' dir='ltr'><strong>aut</strong></span> <span class='ocrx_word' id='word_1_510' title='bbox 3124 3128 3283 3182; x_wconf 87' lang='lat' dir='ltr'><strong>labile</strong></span> <span class='ocrx_word' id='word_1_511' title='bbox 3305 3142 3368 3182; x_wconf 82' lang='lat' dir='ltr'><strong>ac</strong></span> 
     </span>
    </p>
   </div>
   <div class='ocr_carea' id='block_1_69' title="bbox 138 3209 1639 3290">
    <p class='ocr_par' dir='ltr' id='par_1_69' title="bbox 138 3209 1639 3284">
     <span class='ocr_line' id='line_1_69' title="bbox 138 3209 1639 3284; baseline 0.006 -25"><span class='ocrx_word' id='word_1_512' title='bbox 138 3209 213 3259; x_wconf 78' lang='grc' dir='ltr'>καὶ</span> <span class='ocrx_word' id='word_1_513' title='bbox 240 3212 349 3277; x_wconf 85' lang='grc' dir='ltr'>μετ’</span> <span class='ocrx_word' id='word_1_514' title='bbox 362 3211 606 3281; x_wconf 78' lang='grc' dir='ltr'>ὀρέξεως</span> <span class='ocrx_word' id='word_1_515' title='bbox 626 3212 979 3281; x_wconf 81' lang='grc' dir='ltr'>ἐμφορεῖσθαι</span> <span class='ocrx_word' id='word_1_516' title='bbox 1006 3212 1114 3266; x_wconf 83' lang='grc' dir='ltr'><strong>τῶν</strong></span> <span class='ocrx_word' id='word_1_517' title='bbox 1135 3214 1528 3284; x_wconf 77' lang='grc' dir='ltr'>προκειμένων,</span> <span class='ocrx_word' id='word_1_518' title='bbox 1549 3213 1639 3267; x_wconf 74' lang='grc' dir='ltr'><strong>ὥσ⁴</strong></span> 
     </span>
    </p>
   </div>
   <div class='ocr_carea' id='block_1_70' title="bbox 1863 3209 3364 3290">
    <p class='ocr_par' dir='ltr' id='par_1_70' title="bbox 1863 3219 3364 3290">
     <span class='ocr_line' id='line_1_70' title="bbox 1863 3219 3364 3290; baseline 0.002 -17"><span class='ocrx_word' id='word_1_519' title='bbox 1863 3236 1972 3277; x_wconf 61' lang='lat' dir='ltr'><strong>rens</strong></span> <span class='ocrx_word' id='word_1_520' title='bbox 2024 3221 2334 3290; x_wconf 86' lang='lat' dir='ltr'><strong>possidens,</strong></span> <span class='ocrx_word' id='word_1_521' title='bbox 2395 3219 2492 3276; x_wconf 91' lang='lat' dir='ltr'><strong>sed</strong></span> <span class='ocrx_word' id='word_1_522' title='bbox 2554 3220 2706 3273; x_wconf 86' lang='lat' dir='ltr'><strong>lirma</strong></span> <span class='ocrx_word' id='word_1_523' title='bbox 2747 3234 2811 3273; x_wconf 91' lang='lat' dir='ltr'><strong>ac</strong></span> <span class='ocrx_word' id='word_1_524' title='bbox 2858 3220 3092 3282; x_wconf 75' lang='lat' dir='ltr'><strong>stabilis,</strong></span> <span class='ocrx_word' id='word_1_525' title='bbox 3145 3234 3210 3274; x_wconf 80' lang='lat' dir='ltr'><strong>ex</strong></span> <span class='ocrx_word' id='word_1_526' title='bbox 3261 3233 3364 3289; x_wconf 84' lang='lat' dir='ltr'><strong>qua</strong></span> 
     </span>
    </p>
   </div>
   <div class='ocr_carea' id='block_1_71' title="bbox 134 3301 1635 3382">
    <p class='ocr_par' dir='ltr' id='par_1_71' title="bbox 134 3301 1635 3374">
     <span class='ocr_line' id='line_1_71' title="bbox 134 3301 1635 3374; baseline 0.005 -22"><span class='ocrx_word' id='word_1_527' title='bbox 134 3301 361 3365; x_wconf 81' lang='grc' dir='ltr'>γενέσθαι</span> <span class='ocrx_word' id='word_1_528' title='bbox 386 3304 495 3372; x_wconf 77' lang='grc' dir='ltr'><strong>τὴν</strong></span> <span class='ocrx_word' id='word_1_529' title='bbox 522 3303 736 3374; x_wconf 81' lang='grc' dir='ltr'>τροφὴν</span> <span class='ocrx_word' id='word_1_530' title='bbox 780 3305 913 3374; x_wconf 80' lang='grc' dir='ltr'>ἡμῖν</span> <span class='ocrx_word' id='word_1_531' title='bbox 958 3304 1168 3369; x_wconf 79' lang='grc' dir='ltr'>εὐεξίας</span> <span class='ocrx_word' id='word_1_532' title='bbox 1211 3306 1441 3374; x_wconf 79' lang='grc' dir='ltr'>ἐφόδιον.</span> <span class='ocrx_word' id='word_1_533' title='bbox 1472 3307 1635 3360; x_wconf 63' lang='grc' dir='ltr'>Ὅσαι</span> 
     </span>
    </p>
   </div>
   <div class='ocr_carea' id='block_1_72' title="bbox 1861 3301 3362 3382">
    <p class='ocr_par' dir='ltr' id='par_1_72' title="bbox 1864 3309 3362 3382">
     <span class='ocr_line' id='line_1_72' title="bbox 1864 3309 3362 3382; baseline -0.001 -17"><span class='ocrx_word' id='word_1_534' title='bbox 1864 3311 2144 3367; x_wconf 89' lang='lat' dir='ltr'><strong>medemus</strong></span> <span class='ocrx_word' id='word_1_535' title='bbox 2177 3318 2441 3382; x_wconf 89' lang='lat' dir='ltr'><strong>quantum</strong></span> <span class='ocrx_word' id='word_1_536' title='bbox 2492 3311 2649 3365; x_wconf 89' lang='lat' dir='ltr'><strong>nobis</strong></span> <span class='ocrx_word' id='word_1_537' title='bbox 2680 3310 2958 3380; x_wconf 75' lang='lat' dir='ltr'><strong>possibile.</strong></span> <span class='ocrx_word' id='word_1_538' title='bbox 3009 3309 3239 3365; x_wconf 89' lang='lat' dir='ltr'><strong>Osseum</strong></span> <span class='ocrx_word' id='word_1_539' title='bbox 3267 3325 3362 3364; x_wconf 83' lang='lat' dir='ltr'><strong>au-</strong></span> 
     </span>
    </p>
   </div>
   <div class='ocr_carea' id='block_1_73' title="bbox 135 3392 1636 3479">
    <p class='ocr_par' dir='ltr' id='par_1_73' title="bbox 135 3392 1636 3469">
     <span class='ocr_line' id='line_1_73' title="bbox 135 3392 1636 3469; baseline 0.004 -26"><span class='ocrx_word' id='word_1_540' title='bbox 135 3394 412 3463; x_wconf 83' lang='grc' dir='ltr'>κέκρυπται</span> <span class='ocrx_word' id='word_1_541' title='bbox 463 3394 579 3448; x_wconf 85' lang='grc' dir='ltr'><strong>τῶν</strong></span> <span class='ocrx_word' id='word_1_542' title='bbox 613 3394 917 3465; x_wconf 77' lang='grc' dir='ltr'>νοημάτων,</span> <span class='ocrx_word' id='word_1_543' title='bbox 943 3392 1052 3449; x_wconf 74' lang='grc' dir='ltr'>οἷον</span> <span class='ocrx_word' id='word_1_544' title='bbox 1083 3397 1144 3450; x_wconf 82' lang='grc' dir='ltr'>τὸ</span> <span class='ocrx_word' id='word_1_545' title='bbox 1178 3397 1377 3468; x_wconf 80' lang='grc' dir='ltr'>ζητεῖν,</span> <span class='ocrx_word' id='word_1_546' title='bbox 1409 3398 1493 3461; x_wconf 89' lang='grc' dir='ltr'><strong>τίς</strong></span> <span class='ocrx_word' id='word_1_547' title='bbox 1529 3400 1561 3469; x_wconf 77' lang='grc' dir='ltr'>ἡ</span> <span class='ocrx_word' id='word_1_548' title='bbox 1596 3416 1636 3452; x_wconf 80' lang='grc' dir='ltr'><strong>οι</strong></span> 
     </span>
    </p>
   </div>
   <div class='ocr_carea' id='block_1_74' title="bbox 1869 3392 3370 3479">
    <p class='ocr_par' dir='ltr' id='par_1_74' title="bbox 1869 3399 3370 3470">
     <span class='ocr_line' id='line_1_74' title="bbox 1869 3399 3370 3470; baseline -0.002 -15"><span class='ocrx_word' id='word_1_549' title='bbox 1869 3416 1902 3455; x_wconf 84' lang='grc' dir='ltr'><strong>ιι</strong></span> <span class='ocrx_word' id='word_1_550' title='bbox 1935 3415 2000 3455; x_wconf 84' lang='lat' dir='ltr'><strong>ac</strong></span> <span class='ocrx_word' id='word_1_551' title='bbox 2030 3401 2225 3455; x_wconf 90' lang='lat' dir='ltr'><strong>durum</strong></span> <span class='ocrx_word' id='word_1_552' title='bbox 2279 3400 2434 3456; x_wconf 89' lang='lat' dir='ltr'><strong>nobis</strong></span> <span class='ocrx_word' id='word_1_553' title='bbox 2465 3401 2574 3470; x_wconf 81' lang='lat' dir='ltr'><strong>igni</strong></span> <span class='ocrx_word' id='word_1_554' title='bbox 2616 3400 2901 3462; x_wconf 87' lang='lat' dir='ltr'><strong>tradimus,</strong></span> <span class='ocrx_word' id='word_1_555' title='bbox 2937 3399 3083 3468; x_wconf 90' lang='lat' dir='ltr'><strong>quod</strong></span> <span class='ocrx_word' id='word_1_556' title='bbox 3115 3399 3274 3468; x_wconf 83' lang='lat' dir='ltr'><strong>quale</strong></span> <span class='ocrx_word' id='word_1_557' title='bbox 3297 3399 3370 3452; x_wconf 86' lang='lat' dir='ltr'><strong>sit</strong></span> 
     </span>
    </p>
   </div>
   <div class='ocr_carea' id='block_1_75' title="bbox 136 3481 1637 3561">
    <p class='ocr_par' dir='ltr' id='par_1_75' title="bbox 136 3481 1637 3557">
     <span class='ocr_line' id='line_1_75' title="bbox 136 3481 1637 3557; baseline 0.007 -24"><span class='ocrx_word' id='word_1_558' title='bbox 136 3481 209 3535; x_wconf 83' lang='grc' dir='ltr'><strong>σία</strong></span> <span class='ocrx_word' id='word_1_559' title='bbox 225 3483 313 3536; x_wconf 88' lang='grc' dir='ltr'><strong>τοῦ</strong></span> <span class='ocrx_word' id='word_1_560' title='bbox 334 3482 505 3551; x_wconf 81' lang='grc' dir='ltr'><strong>Θεοῦ;</strong></span> <span class='ocrx_word' id='word_1_561' title='bbox 536 3485 592 3539; x_wconf 87' lang='grc' dir='ltr'><strong>τί</strong></span> <span class='ocrx_word' id='word_1_562' title='bbox 625 3485 729 3556; x_wconf 79' lang='grc' dir='ltr'>πρὸ</span> <span class='ocrx_word' id='word_1_563' title='bbox 763 3487 863 3555; x_wconf 85' lang='grc' dir='ltr'>τῆς</span> <span class='ocrx_word' id='word_1_564' title='bbox 893 3487 1121 3551; x_wconf 87' lang='grc' dir='ltr'>κτίσεως</span> <span class='ocrx_word' id='word_1_565' title='bbox 1144 3483 1209 3557; x_wconf 80' lang='grc' dir='ltr'><strong>ἦν</strong></span> <span class='ocrx_word' id='word_1_566' title='bbox 1234 3505 1248 3553; x_wconf 90' lang='lat'><strong>;</strong></span> <span class='ocrx_word' id='word_1_567' title='bbox 1276 3489 1329 3541; x_wconf 90' lang='grc' dir='ltr'><strong>τί</strong></span> <span class='ocrx_word' id='word_1_568' title='bbox 1354 3488 1414 3542; x_wconf 76' lang='grc' dir='ltr'>τὸ</span> <span class='ocrx_word' id='word_1_569' title='bbox 1439 3488 1543 3553; x_wconf 78' lang='grc' dir='ltr'><strong>ἔξω</strong></span> <span class='ocrx_word' id='word_1_570' title='bbox 1582 3490 1637 3543; x_wconf 75' lang='grc' dir='ltr'>τᾶ</span> 
     </span>
    </p>
   </div>
   <div class='ocr_carea' id='block_1_76' title="bbox 1864 3481 3365 3561">
    <p class='ocr_par' dir='ltr' id='par_1_76' title="bbox 1864 3489 3365 3561">
     <span class='ocr_line' id='line_1_76' title="bbox 1864 3489 3365 3561; baseline -0.003 -16"><span class='ocrx_word' id='word_1_571' title='bbox 1864 3491 2133 3561; x_wconf 73' lang='lat' dir='ltr'><strong>spiciatur.</strong></span> <span class='ocrx_word' id='word_1_572' title='bbox 2175 3490 2313 3545; x_wconf 86' lang='lat' dir='ltr'><strong>Illud</strong></span> <span class='ocrx_word' id='word_1_573' title='bbox 2370 3498 2673 3549; x_wconf 89' lang='lat' dir='ltr'><strong>teneamus.</strong></span> <span class='ocrx_word' id='word_1_574' title='bbox 2714 3489 2823 3543; x_wconf 92' lang='lat' dir='ltr'><strong>duo</strong></span> <span class='ocrx_word' id='word_1_575' title='bbox 2875 3504 2999 3545; x_wconf 90' lang='lat' dir='ltr'><strong>esse</strong></span> <span class='ocrx_word' id='word_1_576' title='bbox 3054 3490 3365 3543; x_wconf 89' lang='lat' dir='ltr'><strong>divinorum</strong></span> 
     </span>
    </p>
   </div>
   <div class='ocr_carea' id='block_1_77' title="bbox 136 3575 1637 3652">
    <p class='ocr_par' dir='ltr' id='par_1_77' title="bbox 136 3575 1637 3649">
     <span class='ocr_line' id='line_1_77' title="bbox 136 3575 1637 3649; baseline 0.007 -24"><span class='ocrx_word' id='word_1_577' title='bbox 136 3575 484 3645; x_wconf 75' lang='grc' dir='ltr'>φαινομένων;</span> <span class='ocrx_word' id='word_1_578' title='bbox 509 3576 600 3640; x_wconf 86' lang='grc' dir='ltr'><strong>τίς</strong></span> <span class='ocrx_word' id='word_1_579' title='bbox 630 3578 663 3646; x_wconf 85' lang='grc' dir='ltr'><strong>ἡ</strong></span> <span class='ocrx_word' id='word_1_580' title='bbox 694 3577 904 3648; x_wconf 82' lang='grc' dir='ltr'>ἀνάγκη</span> <span class='ocrx_word' id='word_1_581' title='bbox 951 3579 1059 3632; x_wconf 87' lang='grc' dir='ltr'>τῶν</span> <span class='ocrx_word' id='word_1_582' title='bbox 1101 3580 1430 3649; x_wconf 83' lang='grc' dir='ltr'>γινομένων;</span> <span class='ocrx_word' id='word_1_583' title='bbox 1466 3582 1560 3636; x_wconf 76' lang='grc' dir='ltr'><strong>καὶ</strong></span> <span class='ocrx_word' id='word_1_584' title='bbox 1589 3583 1637 3636; x_wconf 84' lang='lat' dir='ltr'><em>6c</em></span> 
     </span>
    </p>
   </div>
   <div class='ocr_carea' id='block_1_78' title="bbox 1867 3575 3368 3652">
    <p class='ocr_par' dir='ltr' id='par_1_78' title="bbox 1867 3577 3368 3652">
     <span class='ocr_line' id='line_1_78' title="bbox 1867 3577 3368 3652; baseline -0.003 -17"><span class='ocrx_word' id='word_1_585' title='bbox 1867 3589 2186 3651; x_wconf 76' lang='lat' dir='ltr'><strong>acceptorum</strong></span> <span class='ocrx_word' id='word_1_586' title='bbox 2219 3594 2437 3652; x_wconf 77' lang='lat' dir='ltr'><strong>genera.</strong></span> <span class='ocrx_word' id='word_1_587' title='bbox 2457 3578 2590 3633; x_wconf 87' lang='lat' dir='ltr'><strong>Nam</strong></span> <span class='ocrx_word' id='word_1_588' title='bbox 2618 3579 2724 3633; x_wconf 88' lang='lat' dir='ltr'><strong>alia</strong></span> <span class='ocrx_word' id='word_1_589' title='bbox 2751 3577 3128 3647; x_wconf 83' lang='lat' dir='ltr'><strong>hujuscemodi</strong></span> <span class='ocrx_word' id='word_1_590' title='bbox 3147 3586 3368 3646; x_wconf 87' lang='lat' dir='ltr'><strong>sunt,ut</strong></span> 
     </span>
    </p>
   </div>
   <div class='ocr_carea' id='block_1_79' title="bbox 134 3663 1635 3743">
    <p class='ocr_par' dir='ltr' id='par_1_79' title="bbox 134 3663 1635 3742">
     <span class='ocr_line' id='line_1_79' title="bbox 134 3663 1635 3742; baseline 0.006 -25"><span class='ocrx_word' id='word_1_591' title='bbox 134 3663 330 3720; x_wconf 80' lang='grc' dir='ltr'>τοιαῦτα</span> <span class='ocrx_word' id='word_1_592' title='bbox 368 3667 477 3721; x_wconf 80' lang='grc' dir='ltr'>ὑπὸ</span> <span class='ocrx_word' id='word_1_593' title='bbox 525 3666 643 3720; x_wconf 85' lang='grc' dir='ltr'>τῶν</span> <span class='ocrx_word' id='word_1_594' title='bbox 693 3668 998 3738; x_wconf 80' lang='grc' dir='ltr'>περιέργων</span> <span class='ocrx_word' id='word_1_595' title='bbox 1060 3670 1343 3741; x_wconf 81' lang='grc' dir='ltr'>ὲρευνᾶται</span> <span class='ocrx_word' id='word_1_596' title='bbox 1381 3689 1396 3704; x_wconf 77' lang='grc' dir='ltr'><strong><em>ο</em></strong></span> <span class='ocrx_word' id='word_1_597' title='bbox 1425 3672 1501 3742; x_wconf 81' lang='grc' dir='ltr'>τῷ</span> <span class='ocrx_word' id='word_1_598' title='bbox 1549 3673 1635 3741; x_wconf 72' lang='grc' dir='ltr'><strong>άγι</strong></span> 
     </span>
    </p>
   </div>
   <div class='ocr_carea' id='block_1_80' title="bbox 1868 3663 3369 3743">
    <p class='ocr_par' dir='ltr' id='par_1_80' title="bbox 1868 3668 3369 3740">
     <span class='ocr_line' id='line_1_80' title="bbox 1868 3668 3369 3740; baseline -0.003 -15"><span class='ocrx_word' id='word_1_599' title='bbox 1868 3672 2051 3727; x_wconf 91' lang='lat' dir='ltr'><strong>ssibile</strong></span> <span class='ocrx_word' id='word_1_600' title='bbox 2082 3672 2242 3726; x_wconf 86' lang='lat' dir='ltr'><strong>nobis</strong></span> <span class='ocrx_word' id='word_1_601' title='bbox 2281 3671 2353 3726; x_wconf 88' lang='lat' dir='ltr'><strong>sit</strong></span> <span class='ocrx_word' id='word_1_602' title='bbox 2380 3685 2444 3724; x_wconf 89' lang='lat' dir='ltr'><strong>ea</strong></span> <span class='ocrx_word' id='word_1_603' title='bbox 2479 3670 2970 3740; x_wconf 59' lang='lat' dir='ltr'><strong>planeintelligere,</strong></span> <span class='ocrx_word' id='word_1_604' title='bbox 3011 3668 3369 3739; x_wconf 60' lang='lat' dir='ltr'><strong>probabilem.</strong></span> 
     </span>
    </p>
   </div>
   <div class='ocr_carea' id='block_1_81' title="bbox 139 3753 1640 3834">
    <p class='ocr_par' dir='ltr' id='par_1_81' title="bbox 139 3753 1640 3832">
     <span class='ocr_line' id='line_1_81' title="bbox 139 3753 1640 3832; baseline 0.007 -27"><span class='ocrx_word' id='word_1_605' title='bbox 139 3753 383 3825; x_wconf 77' lang='grc' dir='ltr'>Πνεῦματι</span> <span class='ocrx_word' id='word_1_606' title='bbox 432 3760 748 3829; x_wconf 83' lang='grc' dir='ltr'>συγχωρεῖν</span> <span class='ocrx_word' id='word_1_607' title='bbox 782 3760 926 3829; x_wconf 82' lang='grc' dir='ltr'><strong>μόνῳ</strong></span> <span class='ocrx_word' id='word_1_608' title='bbox 968 3759 1285 3828; x_wconf 82' lang='grc' dir='ltr'>γινώσκειν,</span> <span class='ocrx_word' id='word_1_609' title='bbox 1322 3761 1402 3832; x_wconf 84' lang='grc' dir='ltr'>τῷ</span> <span class='ocrx_word' id='word_1_610' title='bbox 1436 3762 1505 3816; x_wconf 80' lang='grc' dir='ltr'><strong>τὰ</strong></span> <span class='ocrx_word' id='word_1_611' title='bbox 1546 3762 1640 3832; x_wconf 80' lang='grc' dir='ltr'><strong>βάθ</strong></span> 
     </span>
    </p>
   </div>
   <div class='ocr_carea' id='block_1_82' title="bbox 1862 3753 3363 3834">
    <p class='ocr_par' dir='ltr' id='par_1_82' title="bbox 1862 3760 3363 3832">
     <span class='ocr_line' id='line_1_82' title="bbox 1862 3760 3363 3832; baseline -0.001 -17"><span class='ocrx_word' id='word_1_612' title='bbox 1862 3779 1901 3817; x_wconf 77' lang='grc' dir='ltr'><strong>ιε</strong></span> <span class='ocrx_word' id='word_1_613' title='bbox 1929 3764 1996 3817; x_wconf 89' lang='lat' dir='ltr'><strong>de</strong></span> <span class='ocrx_word' id='word_1_614' title='bbox 2038 3763 2171 3832; x_wconf 87' lang='lat' dir='ltr'><strong>ipsis</strong></span> <span class='ocrx_word' id='word_1_615' title='bbox 2194 3761 2423 3818; x_wconf 85' lang='lat' dir='ltr'><strong>reddere</strong></span> <span class='ocrx_word' id='word_1_616' title='bbox 2470 3762 2757 3816; x_wconf 89' lang='lat' dir='ltr'><strong>rationem.</strong></span> <span class='ocrx_word' id='word_1_617' title='bbox 2791 3760 2916 3816; x_wconf 71' lang='lat'><strong>&quot;3:0</strong></span> <span class='ocrx_word' id='word_1_618' title='bbox 2951 3778 3058 3827; x_wconf 71' lang='lat' dir='ltr'><strong>non</strong></span> <span class='ocrx_word' id='word_1_619' title='bbox 3078 3761 3363 3831; x_wconf 69' lang='lat' dir='ltr'><strong>ignaviter,</strong></span> 
     </span>
    </p>
   </div>
   <div class='ocr_carea' id='block_1_83' title="bbox 134 3844 1635 3923">
    <p class='ocr_par' dir='ltr' id='par_1_83' title="bbox 134 3844 1634 3923">
     <span class='ocr_line' id='line_1_83' title="bbox 134 3844 1634 3923; baseline 0.007 -25"><span class='ocrx_word' id='word_1_620' title='bbox 134 3844 211 3898; x_wconf 79' lang='grc' dir='ltr'><strong>τοῦ</strong></span> <span class='ocrx_word' id='word_1_621' title='bbox 252 3848 384 3903; x_wconf 86' lang='grc' dir='ltr'>Θεοῦ</span> <span class='ocrx_word' id='word_1_622' title='bbox 430 3849 805 3922; x_wconf 84' lang='grc' dir='ltr'>διερευνῶντι,</span> <span class='ocrx_word' id='word_1_623' title='bbox 848 3851 1028 3915; x_wconf 84' lang='grc' dir='ltr'>καθώς</span> <span class='ocrx_word' id='word_1_624' title='bbox 1074 3869 1238 3923; x_wconf 81' lang='grc' dir='ltr'>φησιν</span> <span class='ocrx_word' id='word_1_625' title='bbox 1277 3854 1307 3905; x_wconf 94' lang='lat'><strong>6</strong></span> <span class='ocrx_word' id='word_1_626' title='bbox 1346 3854 1634 3908; x_wconf 84' lang='grc' dir='ltr'>Ἀπόστολο</span> 
     </span>
    </p>
   </div>
   <div class='ocr_carea' id='block_1_84' title="bbox 1866 3844 3367 3923">
    <p class='ocr_par' dir='ltr' id='par_1_84' title="bbox 1866 3852 3367 3923">
     <span class='ocr_line' id='line_1_84' title="bbox 1866 3852 3367 3923; baseline -0.001 -15"><span class='ocrx_word' id='word_1_627' title='bbox 1866 3869 1895 3908; x_wconf 92' lang='lat' dir='ltr'><strong>c</strong></span> <span class='ocrx_word' id='word_1_628' title='bbox 1929 3855 2088 3923; x_wconf 87' lang='lat' dir='ltr'><strong>quasi</strong></span> <span class='ocrx_word' id='word_1_629' title='bbox 2143 3853 2319 3907; x_wconf 85' lang='lat' dir='ltr'><strong>coacti</strong></span> <span class='ocrx_word' id='word_1_630' title='bbox 2376 3861 2714 3922; x_wconf 70' lang='lat' dir='ltr'><strong>pertractare</strong></span> <span class='ocrx_word' id='word_1_631' title='bbox 2739 3853 3019 3912; x_wconf 86' lang='lat' dir='ltr'><strong>debemus.</strong></span> <span class='ocrx_word' id='word_1_632' title='bbox 3054 3854 3147 3907; x_wconf 90' lang='lat' dir='ltr'><strong>sed</strong></span> <span class='ocrx_word' id='word_1_633' title='bbox 3177 3860 3234 3906; x_wconf 92' lang='lat' dir='ltr'><strong>ut</strong></span> <span class='ocrx_word' id='word_1_634' title='bbox 3284 3852 3367 3906; x_wconf 80' lang='lat' dir='ltr'><strong>fa-</strong></span> 
     </span>
    </p>
   </div>
   <div class='ocr_carea' id='block_1_85' title="bbox 134 3936 1635 4021">
    <p class='ocr_par' dir='ltr' id='par_1_85' title="bbox 134 3936 1635 4017">
     <span class='ocr_line' id='line_1_85' title="bbox 134 3936 1635 4017; baseline 0.007 -28"><span class='ocrx_word' id='word_1_635' title='bbox 134 3936 194 3989; x_wconf 78' lang='grc' dir='ltr'>Τδ</span> <span class='ocrx_word' id='word_1_636' title='bbox 218 3940 321 4010; x_wconf 76' lang='grc' dir='ltr'><strong>γὰρ</strong></span> <span class='ocrx_word' id='word_1_637' title='bbox 336 3941 459 3995; x_wconf 79' lang='grc' dir='ltr'><strong>ἀντὶ</strong></span> <span class='ocrx_word' id='word_1_638' title='bbox 480 3941 581 3995; x_wconf 86' lang='grc' dir='ltr'><strong>τοῦ</strong></span> <span class='ocrx_word' id='word_1_639' title='bbox 614 3941 926 4011; x_wconf 87' lang='grc' dir='ltr'>Πνεύματος</span> <span class='ocrx_word' id='word_1_640' title='bbox 950 3942 1056 3996; x_wconf 81' lang='grc' dir='ltr'>ὑπὸ</span> <span class='ocrx_word' id='word_1_641' title='bbox 1079 3942 1178 4011; x_wconf 84' lang='grc' dir='ltr'>τῆς</span> <span class='ocrx_word' id='word_1_642' title='bbox 1202 3944 1423 4014; x_wconf 81' lang='grc' dir='ltr'>Γραφῆς</span> <span class='ocrx_word' id='word_1_643' title='bbox 1451 3945 1635 4017; x_wconf 81' lang='grc' dir='ltr'>πολλα)</span> 
     </span>
    </p>
   </div>
   <div class='ocr_carea' id='block_1_86' title="bbox 1868 3936 3369 4021">
    <p class='ocr_par' dir='ltr' id='par_1_86' title="bbox 1868 3944 3369 4021">
     <span class='ocr_line' id='line_1_86' title="bbox 1868 3944 3369 4021; baseline -0.001 -22"><span class='ocrx_word' id='word_1_644' title='bbox 1868 3953 2098 3999; x_wconf 74' lang='lat' dir='ltr'><strong>:sceutes</strong></span> <span class='ocrx_word' id='word_1_645' title='bbox 2126 3944 2440 4008; x_wconf 86' lang='lat' dir='ltr'><strong>comedunt,</strong></span> <span class='ocrx_word' id='word_1_646' title='bbox 2471 3959 2595 4021; x_wconf 87' lang='lat' dir='ltr'><strong>cum</strong></span> <span class='ocrx_word' id='word_1_647' title='bbox 2648 3945 2926 4000; x_wconf 82' lang='lat' dir='ltr'><strong>desiderio</strong></span> <span class='ocrx_word' id='word_1_648' title='bbox 2976 3945 3186 4000; x_wconf 89' lang='lat' dir='ltr'><strong>scilicet</strong></span> <span class='ocrx_word' id='word_1_649' title='bbox 3217 3954 3270 3999; x_wconf 89' lang='lat' dir='ltr'><strong>et</strong></span> <span class='ocrx_word' id='word_1_650' title='bbox 3300 3946 3369 3999; x_wconf 86' lang='lat' dir='ltr'><strong>li-</strong></span> 
     </span>
    </p>
   </div>
   <div class='ocr_carea' id='block_1_87' title="bbox 132 4027 1633 4103">
    <p class='ocr_par' dir='ltr' id='par_1_87' title="bbox 132 4027 1633 4103">
     <span class='ocr_line' id='line_1_87' title="bbox 132 4027 1633 4103; baseline 0.008 -24"><span class='ocrx_word' id='word_1_651' title='bbox 132 4027 182 4081; x_wconf 81' lang='grc' dir='ltr'><strong>τὺ</strong></span> <span class='ocrx_word' id='word_1_652' title='bbox 219 4028 337 4102; x_wconf 47' lang='lat'><em>1:66</em></span> <span class='ocrx_word' id='word_1_653' title='bbox 352 4031 797 4103; x_wconf 85' lang='grc' dir='ltr'>μνημονεύεσθαί</span> <span class='ocrx_word' id='word_1_654' title='bbox 835 4049 895 4085; x_wconf 88' lang='grc' dir='ltr'><strong>τε</strong></span> <span class='ocrx_word' id='word_1_655' title='bbox 922 4034 1014 4086; x_wconf 74' lang='grc' dir='ltr'><strong>καὶ</strong></span> <span class='ocrx_word' id='word_1_656' title='bbox 1056 4032 1455 4098; x_wconf 78' lang='grc' dir='ltr'>ὀνομάζεσθαι,</span> <span class='ocrx_word' id='word_1_657' title='bbox 1478 4037 1577 4089; x_wconf 83' lang='grc' dir='ltr'>οὐκ</span> <span class='ocrx_word' id='word_1_658' title='bbox 1619 4038 1633 4091; x_wconf 77' lang='grc' dir='ltr'><strong><em>ἐ</em></strong></span> 
     </span>
    </p>
   </div>
   <div class='ocr_carea' id='block_1_88' title="bbox 1863 4027 3364 4103">
    <p class='ocr_par' dir='ltr' id='par_1_88' title="bbox 1864 4035 3364 4101">
     <span class='ocr_line' id='line_1_88' title="bbox 1864 4035 3364 4101; baseline -0.001 -12"><span class='ocrx_word' id='word_1_659' title='bbox 1864 4044 2002 4101; x_wconf 87' lang='lat' dir='ltr'><strong>nter,</strong></span> <span class='ocrx_word' id='word_1_660' title='bbox 2057 4044 2114 4088; x_wconf 93' lang='grc' dir='ltr'><strong>ιιι</strong></span> <span class='ocrx_word' id='word_1_661' title='bbox 2138 4035 2204 4090; x_wconf 88' lang='lat' dir='ltr'><strong>ad</strong></span> <span class='ocrx_word' id='word_1_662' title='bbox 2233 4035 2430 4090; x_wconf 80' lang='lat' dir='ltr'><strong>bonam</strong></span> <span class='ocrx_word' id='word_1_663' title='bbox 2482 4035 2640 4090; x_wconf 89' lang='lat' dir='ltr'><strong>nobis</strong></span> <span class='ocrx_word' id='word_1_664' title='bbox 2672 4035 2760 4091; x_wconf 89' lang='lat' dir='ltr'><strong>hic</strong></span> <span class='ocrx_word' id='word_1_665' title='bbox 2813 4038 2969 4092; x_wconf 78' lang='lat' dir='ltr'><strong>cibus</strong></span> <span class='ocrx_word' id='word_1_666' title='bbox 3003 4037 3364 4092; x_wconf 85' lang='lat' dir='ltr'><strong>valetudinem</strong></span> 
     </span>
    </p>
   </div>
   <div class='ocr_carea' id='block_1_89' title="bbox 131 4121 1632 4197">
    <p class='ocr_par' dir='ltr' id='par_1_89' title="bbox 131 4121 1632 4197">
     <span class='ocr_line' id='line_1_89' title="bbox 131 4121 1632 4197; baseline 0.008 -29"><span class='ocrx_word' id='word_1_667' title='bbox 131 4133 202 4181; x_wconf 85' lang='grc' dir='ltr'><strong>τις</strong></span> <span class='ocrx_word' id='word_1_668' title='bbox 223 4121 324 4175; x_wconf 84' lang='grc' dir='ltr'><strong>τῶν</strong></span> <span class='ocrx_word' id='word_1_669' title='bbox 348 4123 807 4194; x_wconf 78' lang='grc' dir='ltr'>πεπαιδευμένων</span> <span class='ocrx_word' id='word_1_670' title='bbox 828 4122 927 4194; x_wconf 81' lang='grc' dir='ltr'><strong>τὴν</strong></span> <span class='ocrx_word' id='word_1_671' title='bbox 945 4122 1163 4194; x_wconf 80' lang='grc' dir='ltr'>Γραφὴν</span> <span class='ocrx_word' id='word_1_672' title='bbox 1181 4125 1486 4194; x_wconf 77' lang='grc' dir='ltr'>ἀγνοήσειε.</span> <span class='ocrx_word' id='word_1_673' title='bbox 1515 4127 1632 4197; x_wconf 62' lang='grc' dir='ltr'>Προι</span> 
     </span>
    </p>
   </div>
   <div class='ocr_carea' id='block_1_90' title="bbox 1863 4121 3364 4197">
    <p class='ocr_par' dir='ltr' id='par_1_90' title="bbox 1869 4126 3364 4196">
     <span class='ocr_line' id='line_1_90' title="bbox 1869 4126 3364 4196; baseline 0.001 -18"><span class='ocrx_word' id='word_1_674' title='bbox 1869 4127 1987 4180; x_wconf 71' lang='lat' dir='ltr'><strong>iuta:</strong></span> <span class='ocrx_word' id='word_1_675' title='bbox 2014 4127 2187 4195; x_wconf 88' lang='lat' dir='ltr'><strong>possit</strong></span> <span class='ocrx_word' id='word_1_676' title='bbox 2230 4126 2509 4196; x_wconf 85' lang='lat' dir='ltr'><strong>prodesse.</strong></span> <span class='ocrx_word' id='word_1_677' title='bbox 2556 4126 2673 4180; x_wconf 83' lang='lat' dir='ltr'><strong>Alia</strong></span> <span class='ocrx_word' id='word_1_678' title='bbox 2701 4128 2781 4182; x_wconf 92' lang='lat' dir='ltr'><strong>sic</strong></span> <span class='ocrx_word' id='word_1_679' title='bbox 2822 4128 3008 4193; x_wconf 85' lang='lat' dir='ltr'><strong>latent,</strong></span> <span class='ocrx_word' id='word_1_680' title='bbox 3049 4135 3108 4180; x_wconf 92' lang='lat' dir='ltr'><strong>ut</strong></span> <span class='ocrx_word' id='word_1_681' title='bbox 3142 4127 3364 4181; x_wconf 81' lang='lat' dir='ltr'><strong>duriora</strong></span> 
     </span>
    </p>
   </div>
   <div class='ocr_carea' id='block_1_91' title="bbox 133 4207 1634 4304">
    <p class='ocr_par' dir='ltr' id='par_1_91' title="bbox 133 4207 1634 4286">
     <span class='ocr_line' id='line_1_91' title="bbox 133 4207 1634 4286; baseline 0.008 -28"><span class='ocrx_word' id='word_1_682' title='bbox 133 4207 235 4275; x_wconf 79' lang='grc' dir='ltr'>άγει</span> <span class='ocrx_word' id='word_1_683' title='bbox 272 4211 328 4266; x_wconf 84' lang='grc' dir='ltr'>δὲ</span> <span class='ocrx_word' id='word_1_684' title='bbox 368 4216 436 4286; x_wconf 80' lang='grc' dir='ltr'>τῇ</span> <span class='ocrx_word' id='word_1_685' title='bbox 478 4213 710 4285; x_wconf 82' lang='grc' dir='ltr'>τοιαύτῃ</span> <span class='ocrx_word' id='word_1_686' title='bbox 733 4214 941 4284; x_wconf 79' lang='grc' dir='ltr'>διανοίᾳ</span> <span class='ocrx_word' id='word_1_687' title='bbox 976 4215 1122 4284; x_wconf 81' lang='grc' dir='ltr'>ἡμᾶς</span> <span class='ocrx_word' id='word_1_688' title='bbox 1159 4215 1251 4267; x_wconf 77' lang='grc' dir='ltr'><strong>καὶ</strong></span> <span class='ocrx_word' id='word_1_689' title='bbox 1280 4216 1340 4267; x_wconf 88' lang='grc' dir='ltr'>τὸ</span> <span class='ocrx_word' id='word_1_690' title='bbox 1359 4215 1458 4284; x_wconf 85' lang='grc' dir='ltr'>τῆς</span> <span class='ocrx_word' id='word_1_691' title='bbox 1491 4217 1634 4283; x_wconf 80' lang='grc' dir='ltr'>Σοφίι</span> 
     </span>
    </p>
   </div>
   <div class='ocr_carea' id='block_1_92' title="bbox 1864 4207 3365 4304">
    <p class='ocr_par' dir='ltr' id='par_1_92' title="bbox 1864 4218 3365 4289">
     <span class='ocr_line' id='line_1_92' title="bbox 1864 4218 3365 4289; baseline 0 -18"><span class='ocrx_word' id='word_1_692' title='bbox 1864 4225 1922 4282; x_wconf 89' lang='grc' dir='ltr'><strong>ιι,</strong></span> <span class='ocrx_word' id='word_1_693' title='bbox 1948 4219 2108 4287; x_wconf 82' lang='lat' dir='ltr'><strong>quam</strong></span> <span class='ocrx_word' id='word_1_694' title='bbox 2135 4226 2193 4272; x_wconf 93' lang='lat' dir='ltr'><strong>ut</strong></span> <span class='ocrx_word' id='word_1_695' title='bbox 2227 4219 2308 4272; x_wconf 91' lang='lat' dir='ltr'><strong>vel</strong></span> <span class='ocrx_word' id='word_1_696' title='bbox 2343 4218 2498 4286; x_wconf 87' lang='lat' dir='ltr'><strong>plene</strong></span> <span class='ocrx_word' id='word_1_697' title='bbox 2549 4218 2864 4289; x_wconf 82' lang='lat' dir='ltr'><strong>intelligere,</strong></span> <span class='ocrx_word' id='word_1_698' title='bbox 2898 4219 2980 4272; x_wconf 80' lang='lat' dir='ltr'><strong>vel</strong></span> <span class='ocrx_word' id='word_1_699' title='bbox 3028 4218 3255 4273; x_wconf 83' lang='lat' dir='ltr'><strong>reddere</strong></span> <span class='ocrx_word' id='word_1_700' title='bbox 3280 4233 3365 4271; x_wconf 85' lang='lat' dir='ltr'><strong>ra-</strong></span> 
     </span>
    </p>
   </div>
   <div class='ocr_carea' id='block_1_93' title="bbox 133 4300 1634 4379">
    <p class='ocr_par' dir='ltr' id='par_1_93' title="bbox 133 4300 1631 4375">
     <span class='ocr_line' id='line_1_93' title="bbox 133 4300 1631 4375; baseline 0.006 -26"><span class='ocrx_word' id='word_1_701' title='bbox 133 4300 501 4372; x_wconf 80' lang='grc' dir='ltr'>παράγγελμα,</span> <span class='ocrx_word' id='word_1_702' title='bbox 539 4303 625 4356; x_wconf 84' lang='grc' dir='ltr'>ὃτι</span> <span class='ocrx_word' id='word_1_703' title='bbox 648 4321 668 4354; x_wconf 76' lang='grc' dir='ltr'><strong>ι</strong></span> <span class='ocrx_word' id='word_1_704' title='bbox 708 4302 1049 4375; x_wconf 75' lang='grc' dir='ltr'>’ἰσχυρότερά</span> <span class='ocrx_word' id='word_1_705' title='bbox 1063 4319 1154 4354; x_wconf 87' lang='grc' dir='ltr'><strong>σου</strong></span> <span class='ocrx_word' id='word_1_706' title='bbox 1174 4303 1248 4373; x_wconf 77' lang='grc' dir='ltr'>μὴ</span> <span class='ocrx_word' id='word_1_707' title='bbox 1263 4303 1476 4373; x_wconf 75' lang='grc' dir='ltr'>ἐρεύνα,</span> <span class='ocrx_word' id='word_1_708' title='bbox 1498 4323 1517 4354; x_wconf 77' lang='grc' dir='ltr'><strong>ι</strong></span> <span class='ocrx_word' id='word_1_709' title='bbox 1540 4322 1631 4358; x_wconf 90' lang='grc' dir='ltr'><strong>του</strong></span> 
     </span>
    </p>
   </div>
   <div class='ocr_carea' id='block_1_94' title="bbox 1863 4300 3364 4379">
    <p class='ocr_par' dir='ltr' id='par_1_94' title="bbox 1863 4309 3364 4379">
     <span class='ocr_line' id='line_1_94' title="bbox 1863 4309 3364 4379; baseline 0.001 -18"><span class='ocrx_word' id='word_1_710' title='bbox 1863 4325 1995 4362; x_wconf 81' lang='lat' dir='ltr'><strong>metu</strong></span> <span class='ocrx_word' id='word_1_711' title='bbox 2029 4324 2294 4378; x_wconf 86' lang='lat' dir='ltr'><strong>queamus</strong></span> <span class='ocrx_word' id='word_1_712' title='bbox 2316 4349 2331 4369; x_wconf 85' lang='lat'><strong>.</strong></span> <span class='ocrx_word' id='word_1_713' title='bbox 2382 4319 2441 4363; x_wconf 93' lang='lat' dir='ltr'><strong>ut</strong></span> <span class='ocrx_word' id='word_1_714' title='bbox 2472 4310 2518 4365; x_wconf 89' lang='lat' dir='ltr'><strong>si</strong></span> <span class='ocrx_word' id='word_1_715' title='bbox 2544 4311 2667 4379; x_wconf 88' lang='lat' dir='ltr'><strong>quis</strong></span> <span class='ocrx_word' id='word_1_716' title='bbox 2692 4317 2978 4379; x_wconf 71' lang='lat' dir='ltr'><strong>quaereret,</strong></span> <span class='ocrx_word' id='word_1_717' title='bbox 3016 4323 3265 4378; x_wconf 65' lang='lat' dir='ltr'><strong>quaenam</strong></span> <span class='ocrx_word' id='word_1_718' title='bbox 3293 4309 3364 4363; x_wconf 85' lang='lat' dir='ltr'><strong>sit</strong></span> 
     </span>
    </p>
   </div>
   <div class='ocr_carea' id='block_1_95' title="bbox 132 4385 1633 4471">
    <p class='ocr_par' dir='ltr' id='par_1_95' title="bbox 132 4385 1633 4465">
     <span class='ocr_line' id='line_1_95' title="bbox 132 4385 1633 4465; baseline 0.009 -28"><span class='ocrx_word' id='word_1_719' title='bbox 132 4385 245 4451; x_wconf 79' lang='grc' dir='ltr'>ἐστι,</span> <span class='ocrx_word' id='word_1_720' title='bbox 270 4391 337 4443; x_wconf 72' lang='grc' dir='ltr'><strong>τὰ</strong></span> <span class='ocrx_word' id='word_1_721' title='bbox 369 4393 511 4445; x_wconf 73' lang='grc' dir='ltr'>ὀστᾶ</span> <span class='ocrx_word' id='word_1_722' title='bbox 572 4390 670 4446; x_wconf 87' lang='grc' dir='ltr'><strong>τοῦ</strong></span> <span class='ocrx_word' id='word_1_723' title='bbox 716 4392 874 4462; x_wconf 88' lang='grc' dir='ltr'>λόγου</span> <span class='ocrx_word' id='word_1_724' title='bbox 928 4394 1002 4464; x_wconf 83' lang='grc' dir='ltr'>μὴ</span> <span class='ocrx_word' id='word_1_725' title='bbox 1044 4392 1327 4465; x_wconf 69' lang='grc' dir='ltr'>σύπριὸεο</span> <span class='ocrx_word' id='word_1_726' title='bbox 1358 4396 1421 4448; x_wconf 83' lang='grc' dir='ltr'>οὐ</span> <span class='ocrx_word' id='word_1_727' title='bbox 1459 4396 1567 4464; x_wconf 87' lang='grc' dir='ltr'><strong>γάρ</strong></span> <span class='ocrx_word' id='word_1_728' title='bbox 1612 4414 1633 4450; x_wconf 77' lang='grc' dir='ltr'><strong>ο</strong></span> 
     </span>
    </p>
   </div>
   <div class='ocr_carea' id='block_1_96' title="bbox 1866 4385 3367 4471">
    <p class='ocr_par' dir='ltr' id='par_1_96' title="bbox 1866 4400 3367 4471">
     <span class='ocr_line' id='line_1_96' title="bbox 1866 4400 3367 4471; baseline 0 -18"><span class='ocrx_word' id='word_1_729' title='bbox 1866 4400 2096 4455; x_wconf 89' lang='lat' dir='ltr'><strong>bstantia</strong></span> <span class='ocrx_word' id='word_1_730' title='bbox 2121 4400 2233 4465; x_wconf 91' lang='lat' dir='ltr'><strong>Dei,</strong></span> <span class='ocrx_word' id='word_1_731' title='bbox 2261 4402 2392 4471; x_wconf 89' lang='lat' dir='ltr'><strong>qttid</strong></span> <span class='ocrx_word' id='word_1_732' title='bbox 2430 4409 2555 4455; x_wconf 86' lang='lat' dir='ltr'><strong>ante</strong></span> <span class='ocrx_word' id='word_1_733' title='bbox 2584 4401 2914 4457; x_wconf 87' lang='lat' dir='ltr'><strong>creationem</strong></span> <span class='ocrx_word' id='word_1_734' title='bbox 2939 4400 3122 4466; x_wconf 75' lang='lat' dir='ltr'><strong>fuerit,</strong></span> <span class='ocrx_word' id='word_1_735' title='bbox 3148 4416 3268 4470; x_wconf 71' lang='lat' dir='ltr'><strong>qua:</strong></span> <span class='ocrx_word' id='word_1_736' title='bbox 3294 4401 3367 4455; x_wconf 87' lang='lat' dir='ltr'><strong>sit</strong></span> 
     </span>
    </p>
   </div>
   <div class='ocr_carea' id='block_1_97' title="bbox 132 4477 1633 4563">
    <p class='ocr_par' dir='ltr' id='par_1_97' title="bbox 132 4477 729 4552">
     <span class='ocr_line' id='line_1_97' title="bbox 132 4477 729 4552; baseline 0.008 -22"><span class='ocrx_word' id='word_1_737' title='bbox 132 4477 263 4545; x_wconf 78' lang='grc' dir='ltr'>χρεία</span> <span class='ocrx_word' id='word_1_738' title='bbox 290 4481 399 4535; x_wconf 84' lang='grc' dir='ltr'><strong>τῶν</strong></span> <span class='ocrx_word' id='word_1_739' title='bbox 432 4480 729 4552; x_wconf 83' lang='grc' dir='ltr'>κρυπτῶν.</span> 
     </span>
    </p>
   </div>
   <div class='ocr_carea' id='block_1_98' title="bbox 1862 4477 3363 4563">
    <p class='ocr_par' dir='ltr' id='par_1_98' title="bbox 1862 4491 3363 4563">
     <span class='ocr_line' id='line_1_98' title="bbox 1862 4491 3363 4563; baseline -0.001 -19"><span class='ocrx_word' id='word_1_740' title='bbox 1862 4491 2093 4546; x_wconf 85' lang='lat' dir='ltr'><strong>cessitas</strong></span> <span class='ocrx_word' id='word_1_741' title='bbox 2128 4506 2316 4545; x_wconf 88' lang='lat' dir='ltr'><strong>eorum</strong></span> <span class='ocrx_word' id='word_1_742' title='bbox 2353 4508 2474 4561; x_wconf 69' lang='lat' dir='ltr'><strong>qua:</strong></span> <span class='ocrx_word' id='word_1_743' title='bbox 2496 4492 2648 4557; x_wconf 86' lang='lat' dir='ltr'><strong>ﬁunt,</strong></span> <span class='ocrx_word' id='word_1_744' title='bbox 2675 4492 2889 4561; x_wconf 88' lang='lat' dir='ltr'><strong>aliaque</strong></span> <span class='ocrx_word' id='word_1_745' title='bbox 2920 4508 3082 4562; x_wconf 84' lang='lat' dir='ltr'><strong>quam</strong></span> <span class='ocrx_word' id='word_1_746' title='bbox 3111 4491 3363 4563; x_wconf 89' lang='lat' dir='ltr'><strong>plurima,</strong></span> 
     </span>
    </p>
   </div>
   <div class='ocr_carea' id='block_1_99' title="bbox 131 4571 3364 4653">
    <p class='ocr_par' dir='ltr' id='par_1_99' title="bbox 131 4571 3364 4653">
     <span class='ocr_line' id='line_1_99' title="bbox 131 4571 3364 4653; baseline 0.006 -33"><span class='ocrx_word' id='word_1_747' title='bbox 131 4580 229 4633; x_wconf 65' lang='lat' dir='ltr'><strong>qua</strong></span> <span class='ocrx_word' id='word_1_748' title='bbox 256 4574 479 4628; x_wconf 85' lang='lat' dir='ltr'><strong>curiose</strong></span> <span class='ocrx_word' id='word_1_749' title='bbox 503 4571 665 4625; x_wconf 78' lang='lat' dir='ltr'><strong>multi</strong></span> <span class='ocrx_word' id='word_1_750' title='bbox 696 4580 982 4642; x_wconf 73' lang='lat' dir='ltr'><strong>quaerunt:</strong></span> <span class='ocrx_word' id='word_1_751' title='bbox 1007 4573 1122 4629; x_wconf 69' lang='lat' dir='ltr'><strong>haec</strong></span> <span class='ocrx_word' id='word_1_752' title='bbox 1153 4576 1337 4630; x_wconf 88' lang='lat' dir='ltr'><strong>omnia</strong></span> <span class='ocrx_word' id='word_1_753' title='bbox 1369 4574 1596 4645; x_wconf 87' lang='lat' dir='ltr'><strong>Spiritui</strong></span> <span class='ocrx_word' id='word_1_754' title='bbox 1627 4588 1820 4634; x_wconf 87' lang='lat' dir='ltr'><strong>sancto</strong></span> <span class='ocrx_word' id='word_1_755' title='bbox 1847 4582 2238 4651; x_wconf 83' lang='lat' dir='ltr'><strong>relinquemus.</strong></span> <span class='ocrx_word' id='word_1_756' title='bbox 2278 4581 2370 4649; x_wconf 77' lang='lat' dir='ltr'><strong>Qui</strong></span> <span class='ocrx_word' id='word_1_757' title='bbox 2407 4581 2497 4636; x_wconf 88' lang='lat' dir='ltr'><strong>Dei</strong></span> <span class='ocrx_word' id='word_1_758' title='bbox 2535 4583 2802 4651; x_wconf 79' lang='lat' dir='ltr'><strong>profunda</strong></span> <span class='ocrx_word' id='word_1_759' title='bbox 2833 4584 3123 4653; x_wconf 81' lang='lat' dir='ltr'><strong>investigat</strong></span> <span class='ocrx_word' id='word_1_760' title='bbox 3147 4592 3201 4638; x_wconf 89' lang='lat' dir='ltr'><strong>et</strong></span> <span class='ocrx_word' id='word_1_761' title='bbox 3239 4585 3364 4639; x_wconf 87' lang='lat' dir='ltr'><strong>scit.</strong></span> 
     </span>
    </p>
   </div>
   <div class='ocr_carea' id='block_1_100' title="bbox 131 4660 3366 4742">
    <p class='ocr_par' dir='ltr' id='par_1_100' title="bbox 131 4660 3366 4742">
     <span class='ocr_line' id='line_1_100' title="bbox 131 4660 3366 4742; baseline 0.005 -31"><span class='ocrx_word' id='word_1_762' title='bbox 131 4668 176 4708; x_wconf 88' lang='lat' dir='ltr'><strong>ut</strong></span> <span class='ocrx_word' id='word_1_763' title='bbox 201 4660 498 4730; x_wconf 82' lang='lat' dir='ltr'><strong>Apostolus</strong></span> <span class='ocrx_word' id='word_1_764' title='bbox 529 4662 612 4716; x_wconf 88' lang='lat' dir='ltr'><strong>ait</strong></span> <span class='ocrx_word' id='word_1_765' title='bbox 633 4661 697 4715; x_wconf 87' lang='grc'><strong>³³.</strong></span> <span class='ocrx_word' id='word_1_766' title='bbox 728 4660 863 4716; x_wconf 84' lang='lat' dir='ltr'><strong>Nam</strong></span> <span class='ocrx_word' id='word_1_767' title='bbox 889 4663 1063 4733; x_wconf 78' lang='lat' dir='ltr'><strong>ignem</strong></span> <span class='ocrx_word' id='word_1_768' title='bbox 1101 4679 1200 4733; x_wconf 90' lang='lat' dir='ltr'><strong>pro</strong></span> <span class='ocrx_word' id='word_1_769' title='bbox 1230 4665 1422 4734; x_wconf 87' lang='lat' dir='ltr'><strong>spiritu</strong></span> <span class='ocrx_word' id='word_1_770' title='bbox 1463 4667 1581 4736; x_wconf 83' lang='lat' dir='ltr'><strong>capi</strong></span> <span class='ocrx_word' id='word_1_771' title='bbox 1630 4669 1948 4737; x_wconf 82' lang='lat' dir='ltr'><strong>plerumque</strong></span> <span class='ocrx_word' id='word_1_772' title='bbox 1979 4672 2032 4724; x_wconf 91' lang='lat' dir='ltr'><strong>in</strong></span> <span class='ocrx_word' id='word_1_773' title='bbox 2076 4672 2251 4726; x_wconf 81' lang='lat' dir='ltr'><strong>sacris</strong></span> <span class='ocrx_word' id='word_1_774' title='bbox 2278 4668 2515 4734; x_wconf 87' lang='lat' dir='ltr'><strong>Litteris,</strong></span> <span class='ocrx_word' id='word_1_775' title='bbox 2560 4686 2719 4726; x_wconf 87' lang='lat' dir='ltr'><strong>nemo</strong></span> <span class='ocrx_word' id='word_1_776' title='bbox 2738 4666 2893 4726; x_wconf 86' lang='lat' dir='ltr'><strong>lacte</strong></span> <span class='ocrx_word' id='word_1_777' title='bbox 2922 4675 3159 4742; x_wconf 85' lang='lat' dir='ltr'><strong>ipsarum</strong></span> <span class='ocrx_word' id='word_1_778' title='bbox 3188 4672 3366 4726; x_wconf 83' lang='lat' dir='ltr'><strong>nutri-</strong></span> 
     </span>
    </p>
   </div>
   <div class='ocr_carea' id='block_1_101' title="bbox 129 4750 3368 4830">
    <p class='ocr_par' dir='ltr' id='par_1_101' title="bbox 129 4750 3368 4830">
     <span class='ocr_line' id='line_1_101' title="bbox 129 4750 3368 4830; baseline 0.005 -27"><span class='ocrx_word' id='word_1_779' title='bbox 129 4759 203 4803; x_wconf 89' lang='lat' dir='ltr'><strong>tus</strong></span> <span class='ocrx_word' id='word_1_780' title='bbox 229 4752 468 4821; x_wconf 76' lang='lat' dir='ltr'><strong>negabit.</strong></span> <span class='ocrx_word' id='word_1_781' title='bbox 503 4750 625 4806; x_wconf 83' lang='lat' dir='ltr'><strong>Hoc</strong></span> <span class='ocrx_word' id='word_1_782' title='bbox 646 4761 732 4808; x_wconf 89' lang='lat' dir='ltr'><strong>est</strong></span> <span class='ocrx_word' id='word_1_783' title='bbox 757 4756 919 4809; x_wconf 86' lang='lat' dir='ltr'><strong>etiam</strong></span> <span class='ocrx_word' id='word_1_784' title='bbox 941 4754 1085 4825; x_wconf 88' lang='lat' dir='ltr'><strong>quod</strong></span> <span class='ocrx_word' id='word_1_785' title='bbox 1111 4755 1386 4825; x_wconf 79' lang='lat' dir='ltr'><strong>Sapientia</strong></span> <span class='ocrx_word' id='word_1_786' title='bbox 1412 4766 1614 4821; x_wconf 90' lang='lat' dir='ltr'><strong>monet,</strong></span> <span class='ocrx_word' id='word_1_787' title='bbox 1649 4778 1667 4809; x_wconf 83' lang='lat' dir='ltr'><strong>I</strong></span> <span class='ocrx_word' id='word_1_788' title='bbox 1700 4758 1946 4814; x_wconf 87' lang='lat' dir='ltr'><strong>Fortiora</strong></span> <span class='ocrx_word' id='word_1_789' title='bbox 1973 4770 2024 4815; x_wconf 86' lang='lat' dir='ltr'><strong>te</strong></span> <span class='ocrx_word' id='word_1_790' title='bbox 2054 4775 2122 4816; x_wconf 88' lang='lat' dir='ltr'><strong>ne</strong></span> <span class='ocrx_word' id='word_1_791' title='bbox 2153 4762 2500 4830; x_wconf 73' lang='lat' dir='ltr'><strong>scruteris&quot;,</strong></span> <span class='ocrx_word' id='word_1_792' title='bbox 2528 4784 2545 4815; x_wconf 81' lang='grc' dir='ltr'><strong>ι</strong></span> <span class='ocrx_word' id='word_1_793' title='bbox 2575 4762 2681 4817; x_wconf 84' lang='lat' dir='ltr'><strong>hoc</strong></span> <span class='ocrx_word' id='word_1_794' title='bbox 2700 4772 2805 4828; x_wconf 90' lang='lat' dir='ltr'><strong>est,</strong></span> <span class='ocrx_word' id='word_1_795' title='bbox 2837 4778 2962 4818; x_wconf 90' lang='lat' dir='ltr'><strong>ossa</strong></span> <span class='ocrx_word' id='word_1_796' title='bbox 2988 4762 3139 4819; x_wconf 82' lang='lat' dir='ltr'><strong>verbi</strong></span> <span class='ocrx_word' id='word_1_797' title='bbox 3172 4760 3267 4818; x_wconf 88' lang='lat' dir='ltr'><strong>Dei</strong></span> <span class='ocrx_word' id='word_1_798' title='bbox 3298 4778 3368 4819; x_wconf 83' lang='lat' dir='ltr'><strong>ne</strong></span> 
     </span>
    </p>
   </div>
   <div class='ocr_carea' id='block_1_102' title="bbox 128 4847 1695 4919">
    <p class='ocr_par' dir='ltr' id='par_1_102' title="bbox 128 4847 1695 4919">
     <span class='ocr_line' id='line_1_102' title="bbox 128 4847 1695 4919; baseline 0.003 -20"><span class='ocrx_word' id='word_1_799' title='bbox 128 4847 462 4919; x_wconf 77' lang='lat' dir='ltr'><strong>contriugas:</strong></span> <span class='ocrx_word' id='word_1_800' title='bbox 518 4862 636 4902; x_wconf 89' lang='lat' dir='ltr'><strong>non</strong></span> <span class='ocrx_word' id='word_1_801' title='bbox 662 4848 808 4903; x_wconf 89' lang='lat' dir='ltr'><strong>enim</strong></span> <span class='ocrx_word' id='word_1_802' title='bbox 851 4857 938 4903; x_wconf 86' lang='lat' dir='ltr'><strong>est</strong></span> <span class='ocrx_word' id='word_1_803' title='bbox 974 4849 1072 4903; x_wconf 89' lang='lat' dir='ltr'><strong>tibi</strong></span> <span class='ocrx_word' id='word_1_804' title='bbox 1104 4863 1243 4919; x_wconf 89' lang='lat' dir='ltr'><strong>opus</strong></span> <span class='ocrx_word' id='word_1_805' title='bbox 1274 4849 1634 4905; x_wconf 87' lang='lat' dir='ltr'><strong>absconditis.</strong></span> <span class='ocrx_word' id='word_1_806' title='bbox 1692 4898 1695 4903; x_wconf 86' lang='grc'><strong>.</strong></span> 
     </span>
    </p>
   </div>
   <div class='ocr_carea' id='block_1_103' title="bbox 184 5023 1685 5104">
    <p class='ocr_par' dir='ltr' id='par_1_103' title="bbox 184 5023 1685 5098">
     <span class='ocr_line' id='line_1_103' title="bbox 184 5023 1685 5098; baseline 0.003 -20"><span class='ocrx_word' id='word_1_807' title='bbox 184 5023 360 5089; x_wconf 74' lang='grc' dir='ltr'>Οὕτως</span> <span class='ocrx_word' id='word_1_808' title='bbox 394 5025 662 5079; x_wconf 73' lang='grc' dir='ltr'>ἐκϐάλλει</span> <span class='ocrx_word' id='word_1_809' title='bbox 680 5026 776 5096; x_wconf 83' lang='grc' dir='ltr'>τῆς</span> <span class='ocrx_word' id='word_1_810' title='bbox 806 5026 1079 5094; x_wconf 74' lang='grc' dir='ltr'>Αἰγύπτου</span> <span class='ocrx_word' id='word_1_811' title='bbox 1102 5029 1130 5080; x_wconf 94' lang='lat'><strong>6</strong></span> <span class='ocrx_word' id='word_1_812' title='bbox 1153 5028 1393 5098; x_wconf 81' lang='grc' dir='ltr'>Μωῦσῆς</span> <span class='ocrx_word' id='word_1_813' title='bbox 1420 5029 1508 5082; x_wconf 82' lang='grc' dir='ltr'><strong>τὸν</strong></span> <span class='ocrx_word' id='word_1_814' title='bbox 1531 5030 1685 5083; x_wconf 68' lang='grc' dir='ltr'>λαόν·</span> 
     </span>
    </p>
   </div>
   <div class='ocr_carea' id='block_1_104' title="bbox 1868 5023 3369 5104">
    <p class='ocr_par' dir='ltr' id='par_1_104' title="bbox 1870 5029 3369 5104">
     <span class='ocr_line' id='line_1_104' title="bbox 1870 5029 3369 5104; baseline 0.002 -20"><span class='ocrx_word' id='word_1_815' title='bbox 1870 5029 1960 5085; x_wconf 90' lang='lat' dir='ltr'><strong>Sic</strong></span> <span class='ocrx_word' id='word_1_816' title='bbox 1996 5031 2178 5086; x_wconf 88' lang='lat' dir='ltr'><strong>educit</strong></span> <span class='ocrx_word' id='word_1_817' title='bbox 2221 5032 2289 5087; x_wconf 90' lang='lat' dir='ltr'><strong>ab</strong></span> <span class='ocrx_word' id='word_1_818' title='bbox 2329 5031 2564 5103; x_wconf 64' lang='lat' dir='ltr'><strong>Egypto</strong></span> <span class='ocrx_word' id='word_1_819' title='bbox 2607 5032 2819 5104; x_wconf 82' lang='lat' dir='ltr'><strong>Moyses</strong></span> <span class='ocrx_word' id='word_1_820' title='bbox 2860 5031 3138 5101; x_wconf 85' lang='lat' dir='ltr'><strong>populum,</strong></span> <span class='ocrx_word' id='word_1_821' title='bbox 3169 5040 3221 5085; x_wconf 88' lang='lat' dir='ltr'><strong>et</strong></span> <span class='ocrx_word' id='word_1_822' title='bbox 3251 5034 3369 5102; x_wconf 82' lang='lat' dir='ltr'><strong>qui-</strong></span> 
     </span>
    </p>
   </div>
   <div class='ocr_carea' id='block_1_105' title="bbox 128 5111 1629 5193">
    <p class='ocr_par' dir='ltr' id='par_1_105' title="bbox 128 5111 1629 5187">
     <span class='ocr_line' id='line_1_105' title="bbox 128 5111 1629 5187; baseline 0.007 -29"><span class='ocrx_word' id='word_1_823' title='bbox 128 5111 207 5161; x_wconf 76' lang='grc' dir='ltr'>καὶ</span> <span class='ocrx_word' id='word_1_824' title='bbox 238 5115 341 5175; x_wconf 78' lang='grc' dir='ltr'>πᾶς</span> <span class='ocrx_word' id='word_1_825' title='bbox 368 5116 398 5166; x_wconf 92' lang='lat'><strong>6</strong></span> <span class='ocrx_word' id='word_1_826' title='bbox 424 5113 508 5182; x_wconf 84' lang='grc' dir='ltr'>τῷ</span> <span class='ocrx_word' id='word_1_827' title='bbox 532 5113 761 5166; x_wconf 82' lang='grc' dir='ltr'>Μωῦσεῖ</span> <span class='ocrx_word' id='word_1_828' title='bbox 779 5117 899 5167; x_wconf 84' lang='grc' dir='ltr'>κατ’</span> <span class='ocrx_word' id='word_1_829' title='bbox 916 5114 1059 5184; x_wconf 77' lang='grc' dir='ltr'>ἴχνος</span> <span class='ocrx_word' id='word_1_830' title='bbox 1079 5116 1360 5185; x_wconf 79' lang='grc' dir='ltr'>ἑπόμενος,</span> <span class='ocrx_word' id='word_1_831' title='bbox 1398 5116 1480 5185; x_wconf 84' lang='grc' dir='ltr'>τῷ</span> <span class='ocrx_word' id='word_1_832' title='bbox 1510 5119 1629 5187; x_wconf 78' lang='grc' dir='ltr'>τρότ</span> 
     </span>
    </p>
   </div>
   <div class='ocr_carea' id='block_1_106' title="bbox 1865 5111 3366 5193">
    <p class='ocr_par' dir='ltr' id='par_1_106' title="bbox 1868 5120 3366 5193">
     <span class='ocr_line' id='line_1_106' title="bbox 1868 5120 3366 5193; baseline 0.002 -19"><span class='ocrx_word' id='word_1_833' title='bbox 1868 5138 2011 5191; x_wconf 89' lang='lat' dir='ltr'><strong>nque</strong></span> <span class='ocrx_word' id='word_1_834' title='bbox 2039 5122 2159 5191; x_wconf 84' lang='lat' dir='ltr'><strong>ejus</strong></span> <span class='ocrx_word' id='word_1_835' title='bbox 2190 5123 2413 5191; x_wconf 83' lang='lat' dir='ltr'><strong>vestigia</strong></span> <span class='ocrx_word' id='word_1_836' title='bbox 2462 5124 2731 5192; x_wconf 89' lang='lat' dir='ltr'><strong>sequitur,</strong></span> <span class='ocrx_word' id='word_1_837' title='bbox 2776 5123 2878 5176; x_wconf 88' lang='lat' dir='ltr'><strong>hoc</strong></span> <span class='ocrx_word' id='word_1_838' title='bbox 2908 5120 3072 5175; x_wconf 86' lang='lat' dir='ltr'><strong>modo</strong></span> <span class='ocrx_word' id='word_1_839' title='bbox 3100 5122 3167 5175; x_wconf 86' lang='lat' dir='ltr'><strong>ab</strong></span> <span class='ocrx_word' id='word_1_840' title='bbox 3196 5120 3366 5193; x_wconf 59' lang='lat' dir='ltr'><strong>Egy-</strong></span> 
     </span>
    </p>
   </div>
   <div class='ocr_carea' id='block_1_107' title="bbox 126 5199 1627 5283">
    <p class='ocr_par' dir='ltr' id='par_1_107' title="bbox 126 5199 1627 5283">
     <span class='ocr_line' id='line_1_107' title="bbox 126 5199 1627 5283; baseline 0.006 -32"><span class='ocrx_word' id='word_1_841' title='bbox 126 5199 281 5283; x_wconf 58' lang='grc' dir='ltr'>ἶούτῳ</span> <span class='ocrx_word' id='word_1_842' title='bbox 319 5203 423 5271; x_wconf 79' lang='grc' dir='ltr'><strong>τῆς</strong></span> <span class='ocrx_word' id='word_1_843' title='bbox 457 5202 772 5269; x_wconf 77' lang='grc' dir='ltr'>Αἰγυπτίας</span> <span class='ocrx_word' id='word_1_844' title='bbox 813 5205 1124 5274; x_wconf 85' lang='grc' dir='ltr'>τυραννίδος</span> <span class='ocrx_word' id='word_1_845' title='bbox 1167 5206 1439 5276; x_wconf 78' lang='grc' dir='ltr'>ἐλευθεροῖ</span> <span class='ocrx_word' id='word_1_846' title='bbox 1465 5208 1627 5261; x_wconf 79' lang='grc' dir='ltr'>πάντα</span> 
     </span>
    </p>
   </div>
   <div class='ocr_carea' id='block_1_108' title="bbox 1864 5199 3365 5283">
    <p class='ocr_par' dir='ltr' id='par_1_108' title="bbox 1864 5211 3365 5283">
     <span class='ocr_line' id='line_1_108' title="bbox 1864 5211 3365 5283; baseline 0.001 -18"><span class='ocrx_word' id='word_1_847' title='bbox 1864 5214 1958 5265; x_wconf 75' lang='lat' dir='ltr'><strong>iaci</strong></span> <span class='ocrx_word' id='word_1_848' title='bbox 1985 5212 2190 5283; x_wconf 87' lang='lat' dir='ltr'><strong>peccati</strong></span> <span class='ocrx_word' id='word_1_849' title='bbox 2213 5212 2497 5282; x_wconf 85' lang='lat' dir='ltr'><strong>tyrannide</strong></span> <span class='ocrx_word' id='word_1_850' title='bbox 2517 5227 2708 5265; x_wconf 88' lang='lat' dir='ltr'><strong>onmes</strong></span> <span class='ocrx_word' id='word_1_851' title='bbox 2725 5212 2937 5273; x_wconf 83' lang='lat' dir='ltr'><strong>liberat,</strong></span> <span class='ocrx_word' id='word_1_852' title='bbox 2959 5211 3049 5280; x_wconf 90' lang='lat' dir='ltr'><strong>qui</strong></span> <span class='ocrx_word' id='word_1_853' title='bbox 3072 5211 3121 5264; x_wconf 90' lang='lat' dir='ltr'><strong>ei</strong></span> <span class='ocrx_word' id='word_1_854' title='bbox 3151 5220 3365 5281; x_wconf 87' lang='lat' dir='ltr'><strong>parent.</strong></span> 
     </span>
    </p>
   </div>
   <div class='ocr_carea' id='block_1_109' title="bbox 127 5279 1628 5374">
    <p class='ocr_par' dir='ltr' id='par_1_109' title="bbox 127 5279 1628 5363">
     <span class='ocr_line' id='line_1_109' title="bbox 127 5279 1628 5363; baseline 0.007 -24"><span class='ocrx_word' id='word_1_855' title='bbox 127 5279 191 5339; x_wconf 82' lang='grc' dir='ltr'><strong>ὧν</strong></span> <span class='ocrx_word' id='word_1_856' title='bbox 216 5290 279 5342; x_wconf 83' lang='grc' dir='ltr'><strong>ἂν</strong></span> <span class='ocrx_word' id='word_1_857' title='bbox 314 5293 344 5345; x_wconf 89' lang='lat'><strong>6</strong></span> <span class='ocrx_word' id='word_1_858' title='bbox 368 5292 535 5359; x_wconf 87' lang='grc' dir='ltr'>λόγος</span> <span class='ocrx_word' id='word_1_859' title='bbox 590 5289 915 5361; x_wconf 83' lang='grc' dir='ltr'>καθηγῆται.</span> <span class='ocrx_word' id='word_1_860' title='bbox 947 5296 1038 5346; x_wconf 91' lang='grc' dir='ltr'>Δεῖ</span> <span class='ocrx_word' id='word_1_861' title='bbox 1069 5294 1144 5358; x_wconf 83' lang='grc' dir='ltr'>δὲ,</span> <span class='ocrx_word' id='word_1_862' title='bbox 1190 5291 1361 5363; x_wconf 77' lang='grc' dir='ltr'>οἶμαι,</span> <span class='ocrx_word' id='word_1_863' title='bbox 1392 5296 1520 5360; x_wconf 74' lang='grc' dir='ltr'>τοὺς</span> <span class='ocrx_word' id='word_1_864' title='bbox 1569 5298 1628 5350; x_wconf 78' lang='grc' dir='ltr'>ἐτι</span> 
     </span>
    </p>
   </div>
   <div class='ocr_carea' id='block_1_110' title="bbox 1863 5279 3364 5374">
    <p class='ocr_par' dir='ltr' id='par_1_110' title="bbox 1863 5302 3364 5374">
     <span class='ocr_line' id='line_1_110' title="bbox 1863 5302 3364 5374; baseline 0.003 -18"><span class='ocrx_word' id='word_1_865' title='bbox 1863 5313 2020 5358; x_wconf 79' lang='lat' dir='ltr'><strong>mrtet</strong></span> <span class='ocrx_word' id='word_1_866' title='bbox 2072 5314 2253 5357; x_wconf 83' lang='lat' dir='ltr'><strong>autem</strong></span> <span class='ocrx_word' id='word_1_867' title='bbox 2312 5318 2433 5370; x_wconf 88' lang='lat' dir='ltr'><strong>nos,</strong></span> <span class='ocrx_word' id='word_1_868' title='bbox 2486 5303 2579 5373; x_wconf 89' lang='lat' dir='ltr'><strong>qui</strong></span> <span class='ocrx_word' id='word_1_869' title='bbox 2618 5302 2781 5358; x_wconf 87' lang='lat' dir='ltr'><strong>talem</strong></span> <span class='ocrx_word' id='word_1_870' title='bbox 2823 5303 3014 5359; x_wconf 89' lang='lat' dir='ltr'><strong>ducem</strong></span> <span class='ocrx_word' id='word_1_871' title='bbox 3063 5304 3364 5374; x_wconf 86' lang='lat' dir='ltr'><strong>sequimur,</strong></span> 
     </span>
    </p>
   </div>
   <div class='ocr_carea' id='block_1_111' title="bbox 183 5463 1209 5535">
    <p class='ocr_par' dir='ltr' id='par_1_111' title="bbox 183 5463 1209 5535">
     <span class='ocr_line' id='line_1_111' title="bbox 183 5463 1209 5535; baseline 0.011 -21"><span class='ocrx_word' id='word_1_872' title='bbox 183 5465 226 5495; x_wconf 84' lang='lat'>&quot;</span> <span class='ocrx_word' id='word_1_873' title='bbox 253 5463 273 5515; x_wconf 88' lang='grc' dir='ltr'><strong>Ι</strong></span> <span class='ocrx_word' id='word_1_874' title='bbox 305 5465 435 5520; x_wconf 83' lang='lat' dir='ltr'><strong>Cor.</strong></span> <span class='ocrx_word' id='word_1_875' title='bbox 471 5482 538 5529; x_wconf 85' lang='lat' dir='ltr'><strong>tt,</strong></span> <span class='ocrx_word' id='word_1_876' title='bbox 574 5464 660 5519; x_wconf 81' lang='grc'><strong>10.</strong></span> <span class='ocrx_word' id='word_1_877' title='bbox 738 5466 782 5498; x_wconf 62' lang='grc'><strong>³³</strong></span> <span class='ocrx_word' id='word_1_878' title='bbox 812 5466 976 5522; x_wconf 82' lang='lat' dir='ltr'><strong>Eccli.</strong></span> <span class='ocrx_word' id='word_1_879' title='bbox 1013 5486 1092 5535; x_wconf 89' lang='grc' dir='ltr'>ιιι,</span> <span class='ocrx_word' id='word_1_880' title='bbox 1116 5470 1209 5527; x_wconf 72' lang='lat'><strong>2:2.</strong></span> 
     </span>
    </p>
   </div>
  </div>
