3800 5980
426 96 530 151 359

1613 92 1673 149 S.
1717 91 2044 151 GREGORII
2080 91 2369 149 NYSSENI

3575 94 3666 151 360

427 225 529 266 nec
554 210 776 267 omnino
808 226 1075 283 pauperes
1103 227 1251 275 esse,
1310 226 1414 268 nec
1450 209 1767 267 divitiarum
1824 210 1993 283 Egy-

2107 210 2294 282 μένους
2326 209 2406 279 τῷ
2434 207 2570 279 πρὸς
2596 208 2795 280 ἀρετὴν
2822 206 3127 281 ἡγουμένῳ,
3159 206 3236 277 μὴ
3268 207 3505 277 πένητας
3537 204 3670 262 εἶναι

424 302 504 372 pti
526 312 779 372 expertes
802 344 818 370 ,
863 317 964 359 nec
1001 304 1283 373 penuriam
1313 318 1502 357 eorum
1535 303 1669 373 pati,
1710 318 1831 372 quae
1868 304 2002 357 alie-

426 396 639 464 nigenis
668 395 721 446 in
765 395 940 463 pretio
974 404 1125 461 sunt,
1182 394 1278 449 sed
1310 403 1500 449 mutuo
1529 396 1598 449 ab
1621 395 1754 464 ipsis
1790 397 2004 466 accipe-

425 499 504 548 re,
567 498 632 537 ac
674 486 818 553 apud
851 501 949 540 nos
984 487 1237 540 retinere.
1286 484 1445 548 Quod
1492 495 1764 556 przecepto
1797 486 2001 559 Moysis

425 576 632 628 tuncin
663 575 895 646 Egypto
922 580 1154 645 populus
1210 576 1391 632 facere
1416 579 1661 647 jubetur.
1703 577 1905 633 Verum
1946 581 2002 634 id

425 681 533 720 non
571 676 678 720 tam
731 667 886 722 facile
919 669 1228 738 percipiens
1284 670 1601 739 quisquam,
1652 680 1888 745 mentem
1928 670 2005 726 le-

424 758 700 822 gislatoris
727 758 800 812 ita
836 760 1186 824 intellexerit,
1216 775 1279 813 ac
1303 764 1348 813 si
1381 759 1473 814 ille
1501 759 1828 815 defraudare
1857 776 2005 814 man-

423 848 565 899 darit
591 849 1048 913 rommodantem,
1080 860 1134 903 et
1155 849 1221 903 ad
1270 849 1599 918 injustitiam
1639 850 1751 903 dux
1778 849 2004 905 exstite-

422 938 513 991 rit.
559 922 715 1003 Quod
750 947 933 994 tamen
968 941 1105 994 velle
1132 939 1317 995 Mosen
1350 956 1512 994 nemo
1537 949 1686 995 recte
1705 942 1867 1006 dicet,
1904 941 2000 1011 qui

423 1031 767 1098 sequentium
803 1031 980 1101 legum
1018 1032 1270 1099 respiciet
1299 1031 1558 1096 indolem,
1600 1032 1822 1102 quibus,
1858 1033 2004 1102 inju-

420 1121 502 1172 ria
556 1121 610 1173 in
642 1126 946 1189 proximum
997 1125 1200 1193 passim
1233 1132 1448 1177 velatur
1488 1142 1502 1177 :
1536 1125 1661 1179 licet
1707 1134 2001 1180 consenta-

422 1225 580 1263 neum
617 1213 812 1265 rationi
837 1213 1085 1266 videatur
1121 1214 1474 1283 quibusdam,
1506 1222 1566 1268 ut
1595 1216 2001 1271 hac'industria

340 1311 353 1323 ’
420 1302 589 1356 Judaei
626 1304 796 1372 pretia
836 1319 935 1358 sua
960 1306 1029 1359 ab
1057 1305 1329 1376 Egyptiis
1366 1308 1670 1376 exigerent.
1703 1306 1823 1361 Non
1856 1308 2002 1363 enim

422 1394 603 1449 minus
649 1396 1052 1452 committemus
1086 1399 1316 1463 crimen,
1383 1399 1429 1454 si
1472 1399 1579 1453 tale
1608 1409 1938 1471 prmeeptum
1971 1416 2003 1454 a

422 1486 703 1539 mendacio
735 1497 787 1540 et
826 1486 1016 1541 fraude
1048 1504 1155 1543 non
1189 1489 1548 1544 defendamus
1575 1505 1639 1544 ac
1684 1491 1999 1547 liberemus.

421 1573 555 1627 Nam
586 1578 677 1645 qui
706 1580 1053 1633 commodato
1087 1580 1363 1651 quidpiam
1389 1583 1619 1652 accepit,
1639 1597 1815 1652 neque
1846 1597 1999 1636 com-

422 1668 661 1720 modanti
712 1684 906 1724 rursus
958 1672 1156 1736 reddit,
1211 1672 1257 1727 si
1306 1675 1525 1741 quidem
1577 1673 1814 1728 alienum
1867 1674 1999 1728 illud

420 1758 602 1825 fuerit,
641 1770 699 1813 ut
747 1762 1010 1829 spoliator
1057 1763 1311 1830 injuriam
1380 1763 1605 1816 intulit:
1656 1764 1743 1818 sin
1773 1765 1827 1818 id
1855 1766 2001 1834 quod

421 1864 578 1902 suum
610 1862 726 1903 erat
752 1851 1056 1909 retinuerit,
1083 1862 1134 1905 ut
1168 1852 1261 1921 qui
1304 1868 1427 1905 eum
1474 1851 1752 1912 fefellerit.
1784 1856 1875 1923 qui
1905 1869 2003 1923 spe

423 1941 715 2008 recipiendi
750 1942 1138 2005 commodavit,
1202 1943 1427 1997 omnino
1464 1944 1721 2014 deceptor
1769 1946 2001 2015 appella-

422 2041 527 2084 tur.
563 2031 987 2087 Convenientior
1015 2045 1099 2089 est
1134 2035 1420 2088 sublimior
1460 2049 1654 2090 sensus
1705 2050 1771 2089 eo
1813 2035 1907 2105 qui
1933 2037 2002 2091 ad

423 2123 653 2177 litteram
697 2127 983 2193 exponenti
1037 2127 1302 2189 occurrit,
1360 2127 1518 2195 quasi
1552 2127 1809 2180 nimirum
1853 2126 2004 2182 Scri-

421 2208 579 2284 ptura
637 2215 845 2285 jubeat,
878 2227 936 2272 ut
986 2218 1021 2272 ii
1054 2220 1146 2288 qui
1201 2219 1428 2273 honeste
1471 2233 1534 2273 ac
1588 2219 1885 2274 liberaliter
1934 2236 2003 2276 ex

424 2306 623 2361 virtute
656 2309 819 2362 vitam
875 2309 1192 2371 instituunt,
1234 2309 1561 2363 eruditionis
1612 2309 1891 2378 gentilium
1919 2310 2003 2364 di-

420 2398 580 2453 vitias
621 2399 723 2453 sibi
751 2412 1086 2470 comparent,
1124 2401 1326 2471 quibus
1348 2399 1511 2453 alieni
1546 2415 1577 2452 a
1614 2401 1718 2454 lide
1749 2401 2003 2458 homines

412 2498 790 2545 exornantur:
822 2492 1106 2555 moralem,
1132 2491 1545 2559 naturalemque
1576 2490 2001 2562 philosophiam,

416 2581 826 2645 astronomiam,
890 2581 1265 2649 geometriam,
1326 2580 1611 2642 musicam,
1641 2581 2002 2647 dialecticam,

420 2679 763 2740 caeterasque
819 2672 1107 2734 scientias,
1168 2670 1372 2741 quibus
1423 2672 1588 2727 alieni
1640 2673 1709 2727 ab
1758 2673 2004 2729 Ecclesia
2046 2716 2049 2721 ‹

417 2760 634 2827 ﬂorent,
677 2763 925 2832 accipere
955 2764 1025 2818 ab
1052 2763 1180 2827 illis,
1212 2778 1277 2817 ac
1310 2758 1433 2818 illos
1460 2766 1748 2820 abutentes
1792 2766 2005 2835 privare

2100 302 2194 356 τοῦ
2220 301 2515 370 Αἰγυπτίου
2542 300 2796 366 πλούτου,
2835 299 2969 371 μηδὲ
3003 299 3114 353 τῶν
3143 297 3454 367 ἀλλοφύλων
3488 315 3672 369 κειμηο

2100 391 2228 445 λίων
2265 392 2402 461 ἀκτή
2412 409 2576 462 μονας
2601 430 2616 453 ,
2651 392 2787 445 ἁλλά
2829 392 2898 447 τὰ
2943 391 3214 462 προσόντα
3257 392 3371 453 τοῖς
3413 389 3671 455 ἐναντίοις

2102 482 2279 535 πάντα
2302 481 2587 545 λαϐόντας,
2612 482 2676 535 ὲν
2702 483 2898 553 χρήσει
2934 483 3062 553 παρ’
3096 482 3307 544 ἑαυτοῖς
3344 481 3488 551 ἔχειν
3505 499 3517 510 ·
3540 482 3671 553 ὅπερ

2099 573 2222 626 τότε
2252 574 2476 644 ποιῆσαι
2505 574 2655 645 παρὰ
2674 574 2768 627 τοῦ
2799 574 3076 637 Μωῦσέως
3100 574 3128 625 6
3157 574 3282 636 λαὸς
3305 573 3671 642 παραγγέλλε-

2099 683 2209 720 ται.
2240 665 2410 719 Τοῦτο
2433 665 2490 719 δὲ
2517 666 2618 718 οὐκ
2658 666 2722 718 ἄν
2762 682 2847 728 τις
2882 667 2946 718 ὲκ
2991 665 3085 718 τοῦ
3131 665 3421 736 προχείρου
3451 666 3668 734 νοήσας.

2103 757 2425 824 ἀποδέξαιτο
2454 756 2547 810 τοῦ
2575 744 2863 826 νομοθέτου
2893 757 2990 827 τὴν
3016 755 3258 827 γνώμην,
3276 758 3325 808 εί
3358 758 3672 825 ἀποστερεῖν

2100 844 2243 912 τοὺς
2272 849 2582 921 χρήσαντας
2633 848 2999 916 έγκελεύεται,
3026 849 3119 901 καὶ
3145 847 3429 917 ὑφηγητὴς
3463 845 3671 906 ἀδικίας

2103 942 2332 1011 γίνεται.
2376 941 2516 994 Ἀλλ’
2560 940 2667 993 οὐδ’
2697 940 2761 994 ἂν
2787 939 2906 993 κατ’
2941 937 3198 1008 ἀλήθειάν
3221 955 3305 1000 τις
3337 938 3478 990 εἴποι
3502 936 3673 988 ταῦτα

2103 1035 2414 1089 διατάσσειν
2460 1034 2550 1087 τὸν
2596 1033 2927 1103 νομοθέτην,
2966 1031 3101 1101 πρὸς
3141 1030 3264 1093 τοὺς
3306 1027 3502 1098 ἐφεξῆς
3554 1028 3672 1098 βλέ-

2102 1142 2218 1177 πων
2257 1125 2475 1194 νὸμους,
2505 1123 2630 1185 τοὺς
2658 1121 2769 1175 ἄνω
2794 1122 2888 1174 καὶ
2911 1121 3061 1174 κάτω
3089 1121 3186 1191 τὴν
3219 1119 3359 1173 κατά
3387 1118 3479 1173 τοῦ
3510 1120 3673 1181 πέλας

2102 1216 2316 1269 ἀδικίαν
2357 1214 2682 1277 κωλύοντας,
2711 1213 2813 1267 κάν
2854 1230 2966 1266 τισι
3012 1212 3141 1283 δοκῇ
3171 1203 3388 1280 εὔλογον
3429 1209 3576 1263 εἶναι
3619 1212 3675 1263 τὸ

2102 1307 2282 1378 ἔργον,
2331 1307 2401 1360 τὰ
2458 1305 2785 1377 μισθώματα
2832 1306 2995 1375 παραυ
3027 1304 3137 1356 τῶν
3192 1304 3503 1370 Αἰγυπτίων
3555 1306 3675 1367 τοὺς

2116 1396 2451 1468 Ἰσραηλίτας
2487 1397 2573 1450 διὰ
2601 1398 2698 1467 τῆς
2731 1397 2973 1459 ἐπινοίας
2994 1396 3197 1466 ταύτης
3231 1395 3672 1465 εἰσπράττεσθαι.

2104 1491 2239 1544 Οὐδὲ
2290 1490 2398 1560 γὰρ
2444 1484 2605 1562 ἦττον
2659 1489 2912 1560 ἐγκλημά
2950 1489 3002 1542 τί
3052 1490 3199 1551 ἐστι,
3237 1488 3310 1558 μὴ
3351 1486 3675 1557 καθαρεύειν

2032 1548 2075 1603 Β
2102 1548 2327 1649 ψεύδους
2346 1548 2405 1634 τε
2452 1548 2546 1635 καὶ
2574 1548 2788 1651 ἀπάτης
2813 1548 2874 1633 τὸ
2907 1579 3145 1633 τοιοῦτον
3187 1548 3576 1649 παράγγελμα,
3621 1579 3676 1631 Ὀ

2103 1676 2212 1747 γὰρ
2241 1676 2298 1727 ὲν
2330 1674 2525 1746 χρήσει
2558 1672 2735 1726 λαόών
2765 1691 2839 1737 τι,
2870 1675 2964 1726 καὶ
3007 1673 3080 1741 μὴ
3107 1671 3388 1733 ἀποδιδοὺς
3415 1669 3581 1722 πάλιν
3602 1670 3676 1739 τῷ

2102 1768 2387 1837 χρήσαντι,
2430 1768 2478 1818 εί
2526 1764 2625 1834 μὲν
2678 1763 2953 1832 ἀλλότριον
3012 1766 3118 1832 εἴη,
3172 1761 3248 1823 ὡς
3297 1761 3676 1830 ἀποστερήσας

2101 1854 2389 1929 ἠδίκησεν’⁶
2419 1858 2465 1910 εί
2509 1857 2565 1909 δὲ
2598 1856 2658 1909 τὸ
2689 1855 2881 1909 ἑαυτοῦ
2915 1854 3164 1925 κρατοίη,
3192 1853 3281 1933 ,ὡς
3308 1852 3692 1923 παραλογισά-Δ

2084 1967 2265 2021 μενος
2301 1951 2391 2003 τὸν
2431 1949 2603 2002 ἐλπίδι
2631 1948 2722 2003 τοῦ
2753 1947 2935 2001 λαϐεῖν
2967 1948 3262 2017 χρήσαντα,
3300 1945 3516 2007 πάντως
3544 1946 3683 1997 ἁπα-

2102 2039 2238 2091 τεὼν
2291 2038 2622 2109 ὠνόμασται.
2682 2037 2889 2091 Οὐκοῦν
2925 2038 2954 2090 ὁ
2991 2036 3317 2107 ὑψηλότερος
3377 2035 3534 2103 λόγος
3578 2036 3680 2106 τῆς

2103 2131 2395 2203 προχείρου
2418 2130 2653 2193 διανοίας
2681 2128 3098 2200 ἁρμοδιώτερος,
3115 2128 3145 2179 6
3172 2126 3408 2181 κελεύων
3434 2126 3562 2188 τοὺς
3586 2126 3679 2178 τὸν

2103 2222 2387 2294 ἐλεύθερον
2429 2221 2538 2291 βίον
2575 2221 2855 2291 μετιόντας
2882 2218 2949 2271 δι’
2980 2218 3202 2290 ἀρετῆς,
3231 2217 3328 2270 καὶ
3357 2216 3449 2269 τὸν
3474 2215 3679 2280 ἔξωθεν

2102 2316 2201 2385 τῆς
2231 2311 2560 2373 παιδεύσεως
2587 2310 2812 2364 πλοῦτον
2846 2308 3376 2379 παρασκευάζεσθαι,
3398 2300 3441 2374 ᾧ
3459 2309 3508 2360 oi
3534 2308 3681 2361 κατὰ

2103 2402 2201 2471 τὴν
2244 2401 2424 2454 πίστιν
2464 2399 2751 2468 ἀλλόφυλοι
2804 2397 3252 2461 καλλωπίζονται.
3286 2396 3399 2466 Τήν
3453 2413 3515 2449 τε
3565 2397 3683 2465 γὰρ

2104 2492 2298 2563 ἠθικὴν
2329 2493 2423 2545 κα)⁵
2469 2490 2703 2560 φυσικὴν
2741 2489 3079 2559 φιλοσοφίαν,
3113 2487 3453 2559 γεωμετρίαν
3490 2503 3551 2540 τε
3580 2487 3682 2540 καὶ

2104 2582 2499 2651 ἀστρονομίαν,
2555 2582 2662 2635 καὶ·
2696 2581 2795 2651 τὴν
2848 2580 3072 2650 λογικὴν
3123 2578 3540 2650 πραγματείαν,
3581 2580 3686 2631 καὶ

2106 2674 2284 2726 πάντα
2315 2673 2414 2724 ὅσα
2450 2672 2601 2740 παρὰ
2631 2674 2743 2735 τοῖς
2770 2672 2874 2738 ἔξω
2893 2673 2992 2743 τῆς
3025 2671 3351 2743 Ἐκκλησίας
3382 2670 3687 2734 σπουδάζε-

2105 2781 2215 2826 ται,
2246 2762 2453 2815 κελεύει
2488 2765 2516 2816 ό
2538 2762 2638 2832 τῆς
2671 2764 2870 2833 ἀρετῆς
2918 2762 3327 2834 καθηγούμενος
3371 2762 3525 2834 παρὰ
3569 2764 3687 2816 τῶν

417 2852 464 2905 si
504 2853 764 2922 possibile
808 2862 915 2918 est,
958 2862 1013 2908 et
1048 2855 1103 2908 in
1145 2854 1397 2919 meliores
1427 2871 1563 2911 usus
1592 2858 1998 2927 transt‘erreju-

2107 2854 2175 2909 τὰ
2202 2855 2430 2908 τοιαῦτα
2477 2854 2849 2908 πλουτούντων
2877 2857 2933 2907 ὲν
2963 2854 3222 2926 Αἰγύπτῳ
3258 2853 3489 2907 λαϐόντα
3536 2854 3688 2925 λόγῳ

420 2944 630 3004 bentur,
678 2954 737 2998 ut
765 2960 886 3014 quae
935 2946 1096 3000 nobis
1141 2948 1265 3000 usui
1300 2945 1497 3001 futura:
1534 2947 1666 3011 sint,
1711 2963 1834 3002 cum
1862 2964 2002 3019 opus

382 3048 389 3061 ἠ
420 3032 584 3086 fuerit
607 3033 775 3087 divini
794 3035 1043 3105 mysterii
1077 3036 1340 3106 templum
1364 3037 1450 3091 his
1479 3038 1860 3106 spiritualibus
1891 3041 2004 3111 opi-

417 3122 525 3178 bus
549 3138 838 3180 exornare.
864 3126 967 3191 Qui
997 3128 1143 3182 enim
1171 3129 1307 3183 tales
1335 3144 1469 3199 opes
1500 3130 1608 3185 sibi
1640 3132 2000 3202 collegerunt,

417 3213 589 3286 Moysi
613 3216 761 3270 circa
786 3217 1203 3273 tabernaculum
1252 3221 1557 3276 testimonii
1619 3222 1892 3277 laboranti
1935 3223 2003 3279 de

418 3313 583 3363 rebus
614 3309 731 3364 suis
753 3312 819 3364 ad
844 3319 1162 3366 sanctorum
1193 3313 1661 3368 constructionem
1689 3313 2000 3381 conferunt,

416 3401 563 3468 quod
597 3401 893 3455 etiamnum
925 3403 1041 3457 ﬁeri
1071 3404 1340 3460 videmus.
1385 3404 1541 3458 Multi
1574 3405 1854 3475 gentilium
1876 3421 2000 3460 eru-

417 3490 681 3545 ditionem
733 3502 989 3561 tanquam
1020 3496 1223 3549 donum
1272 3495 1547 3565 quoddam
1580 3495 1842 3552 Ecclesiae
1868 3496 2001 3552 olfe-

416 3590 549 3635 runt
596 3583 957 3652 :cujusmodi
1012 3602 1243 3659 magnus
1301 3589 1393 3642 ille
1443 3588 1545 3641 fuit
1594 3588 1852 3655 Basilius,
1903 3590 1997 3660 qui

414 3688 539 3725 cum
584 3673 871 3745 Egyptias
895 3692 1029 3746 opes
1072 3680 1127 3732 in
1181 3680 1409 3749 juvenili
1451 3688 1607 3734 aetate
1654 3681 1757 3736 sibi
1785 3682 2000 3751 egregie

415 3776 811 3833 comparasset,
849 3768 1067 3837 Deoque
1094 3780 1495 3836 consecrasset,
1517 3786 1709 3825 verum
1740 3772 1999 3826 Ecclesiae

417 3857 833 3913 tabernaculum
855 3861 1125 3929 ejusmodi
1153 3865 1349 3932 opibus
1374 3865 1681 3922 exornavit.

489 4133 594 4188 Sed
654 4137 941 4191 redeamus
984 4136 1144 4198 illuc,
1190 4138 1335 4193 unde
1386 4139 1617 4210 digressi
1663 4157 1873 4214 sumus.
1918 4143 1998 4199 Illi

414 4241 567 4295 (τεο,
607 4229 699 4297 qui
730 4217 989 4282 virtutem
1034 4229 1246 4293 colunt,
1297 4239 1351 4286 et
1403 4232 1771 4303 legislaturem
1804 4235 1857 4289 in
1891 4236 2002 4290 vita

415 4328 740 4387 sequuntur,
771 4337 895 4376 cum
922 4320 1189 4392 Egyptiae
1211 4321 1441 4378 ditionis
1468 4323 1607 4379 lines
1638 4325 1998 4391 excesserint,

417 4409 603 4463 multis
657 4412 1015 4465 tentationum
1071 4413 1390 4469 incursibus
1445 4414 1797 4479 infestantur,
1853 4417 2001 4472 unde

419 4502 601 4554 inultm
637 4502 977 4567 aﬂlictiones,
1031 4517 1269 4562 terrores
1315 4516 1370 4562 et
1426 4508 1494 4562 de
1545 4509 1653 4562 vita
1718 4510 1998 4579 periclita-

419 4595 597 4648 tiones
678 4594 954 4658 oriuntur,
1011 4599 1210 4660 quibus
1298 4599 1476 4653 territi
1531 4614 1722 4653 eorum
1807 4600 1998 4665 animi,

417 4683 511 4753 qui
566 4700 743 4753 nuper
810 4684 866 4738 in
953 4686 1057 4741 fide
1109 4688 1325 4742 fundati
1389 4696 1538 4752 sunt,
1612 4690 1664 4743 in
1743 4690 2004 4759 despera-

419 4778 620 4831 tionem
651 4777 895 4830 omnium
951 4779 1217 4833 bonorum
1248 4790 1505 4851 aguntur.
1564 4779 1669 4836 Sed
1712 4783 1756 4838 si
1785 4782 2000 4854 Moyses

417 4878 511 4923 aut
543 4869 737 4923 similis
775 4870 1043 4939 quispiam
1090 4872 1275 4940 populi
1326 4881 1507 4927 rector
1565 4873 1754 4941 fuerit,
1801 4874 2002 4929 terrori

416 4958 709 5011 consilium
771 4966 1029 5027 opponet,
1064 4974 1365 5030 eorumque
1404 4963 1621 5018 animos
1658 4964 1853 5018 timore
1876 4979 2002 5019 cor-

419 5057 606 5116 rcptos
647 5047 818 5101 divini
870 5048 1058 5102 auxilii
1105 5065 1201 5119 spe
1232 5053 1598 5108 conﬁrmabit.
1626 5053 1684 5107 ld
1715 5069 1843 5108 vero
1879 5052 1996 5108 fieri

418 5140 626 5207 nequit,
670 5139 774 5193 nisi
806 5154 903 5193 cor
954 5140 1097 5208 ejus.
1124 5142 1216 5210 qui
1265 5144 1466 5213 populo
1525 5151 1743 5213 praeest,
1783 5142 1895 5198 Deo
1920 5144 1999 5197 l0-

416 5240 636 5300 quatur.
656 5229 868 5285 Etenim
892 5232 1170 5313 plerisque
1196 5238 1288 5305 qni
1315 5237 1585 5305 ejusmodi
1615 5237 1996 5307 magistratum

414 5332 630 5391 gerunt,
691 5323 745 5376 id
791 5331 1002 5377 tantum
1060 5342 1205 5382 cura:
1255 5338 1359 5390 est,
1394 5340 1453 5384 ut
1485 5328 1630 5399 quod
1655 5329 1999 5383 extrinsecus

415 5421 658 5481 apparet,
683 5416 821 5468 bene
845 5430 903 5469 se
918 5417 1111 5471 habeat
1140 5434 1165 5473 :‘
1186 5435 1373 5474 eorum
1394 5436 1521 5475 vero
1539 5435 1660 5489 qure
1676 5418 1994 5474 abscondita

415 5512 562 5560 sunt.
613 5519 734 5573 quae
769 5516 803 5554 λ
831 5504 940 5563 Deo
975 5509 1092 5564 solo
1144 5519 1466 5577 cernuntur,
1502 5510 1853 5579 perexiguam
1908 5524 1992 5562 ra-

2105 2948 2355 3018 χρήσεως
2387 2946 2759 3012 ὑποδέξασθαι,
2793 2947 2869 3009 ὡς
2915 2948 2972 2999 ὲν
3009 2945 3185 3017 καιρῷ
3213 2948 3686 3018 χρησιμευόντων,

2106 3039 2233 3091 ὅταν
2264 3038 2358 3110 δέῃ
2403 3039 2494 3091 τὸν
2540 3037 2682 3090 θεῖον
2711 3036 2802 3090 τοῦ
2839 3037 3136 3108 μυστηρίου
3178 3035 3303 3089 ναὸν
3330 3034 3419 3087 διὰ
3456 3035 3553 3088 τοῦ
3589 3034 3692 3088 λο-

2107 3128 2263 3198 γικοῦ
2292 3128 2522 3183 πλούτου
2566 3128 3026 3198 καλλωπισθῆναι.
3067 3129 3130 3181 Οί
3174 3128 3284 3197 γὰρ
3321 3127 3409 3180 τὸν
3438 3125 3693 3180 τοιοῦτον

2108 3223 2320 3284 ἑαυτοῖς
2340 3218 2753 3291 θησαυρίζοντες
2775 3218 3020 3283 πλοῦτον,
3044 3217 3376 3288 προσάγουσι
3407 3215 3487 3287 τῷ
3515 3218 3693 3270 Mm?)-

2110 3317 2193 3367 σεῖ
2213 3314 2339 3384 περὶ
2370 3312 2468 3383 τὴν
2496 3313 2698 3381 σκηνὴν
2717 3310 2813 3363 τοῦ
2846 3310 3141 3382 μαρτυρίου
3164 3310 3412 3363 πονοῦντι
3436 3308 3499 3362 τὸ
3547 3310 3690 3381 παρ’

2108 3404 2300 3458 ἑαυτοῦ
2353 3404 2601 3466 ἕκαστος,
2645 3402 2781 3473 πρὸς
2803 3403 2903 3470 τὴν
2955 3400 3064 3453 τῶν
3117 3401 3287 3469 ἁγίων
3331 3402 3692 3473 κατασκευὴν

2106 3496 2472 3566 συνεισφέρων
2506 3511 2519 3523 ·
2564 3493 2592 3546 ὃ
2626 3493 2690 3563 δὴ
2736 3491 2829 3546 καὶ
2876 3493 2969 3545 νῦν
3002 3492 3148 3546 ἐστιν
3206 3493 3333 3546 ίδεῖν
3373 3494 3692 3565 γινόμενον.

2106 3584 2295 3639 Πολλοὶ
2339 3586 2437 3657 τὴν
2466 3583 2570 3650 ἔξω
2613 3584 2892 3637 παίδευσιν
2916 3586 2983 3654 τῇ
3031 3583 3165 3638 Θεοῦ
3213 3584 3511 3656 Ἐκκλησία⁵
3547 3586 3697 3640 καθ-

2106 3677 2248 3748 άπερ
2278 3695 2333 3730 τι
2363 3676 2532 3746 δῶρον
2574 3675 2958 3746 προσάγουσιν,
3005 3672 3116 3739 οἷος
3138 3671 3206 3747 ἦν
3230 3679 3258 3729 6
3304 3676 3474 3746 μέγας
3514 3677 3697 3731 Bact-

2104 3766 2265 3831 λειος,
2294 3768 2322 3819 ὁ
2341 3765 2521 3829 καλῶς
2545 3764 2636 3819 τὸν
2665 3766 2957 3834 Αίγύπτιον
2997 3765 3222 3819 πλοῦτον
3263 3765 3698 3837 ἐμπορευσάμεο

2104 3876 2211 3922 νος,
2246 3857 2386 3911 κατὰ
2427 3858 2517 3911 τὸν
2549 3858 2648 3928 τῆς
2697 3858 2945 3927 νεότητος
2983 3858 3192 3930 χρόνον,
3220 3858 3312 3912 καὶ
3350 3857 3568 3922 ἀναθεὶς
3602 3861 3697 3931 τῷ

2103 3949 2242 4019 Θεῷ,
2292 3949 2385 4002 καὶ
2428 3949 2506 4019 τῷ
2555 3949 2783 4021 τοιούτῳ
2836 3950 3049 4021 πλούτῳ
3101 3950 3529 4020 κατακοσμήσας
3573 3952 3697 4022 τὴν

2105 4038 2281 4109 ἀληθῆ
2318 4040 2418 4110 τῆς
2462 4039 2790 4110 Ἐκκλησίας
2812 4042 3037 4109 σκηνήν.

2192 4130 2329 4184 Ἀλλ’
2363 4131 2644 4183 ἐπανιτέον
2678 4131 2799 4184 ὅθεν
2827 4131 3111 4207 ἐξέϐημεν,
3132 4133 3213 4186 ὅτι
3245 4135 3356 4196 τοῖς
3382 4132 3517 4203 πρὸς
3549 4135 3699 4206 ἀρε-

2107 4223 2203 4294 τὴν
2247 4223 2348 4293 ήδη
2383 4222 2660 4293 βλέπουσι,
2698 4223 2794 4275 καὶ
2830 4223 2907 4294 τῷ
2935 4224 3196 4296 νομοθέτῃ
3228 4224 3366 4279 κατά
3407 4225 3504 4297 τὴν
3532 4227 3699 4297 ζωὴν

2107 4314 2433 4384 ἑπομένοις,
2476 4314 2603 4366 ὅταν
2653 4312 2994 4367 καταλίπωσι
3041 4315 3141 4383 τῆς
3196 4314 3302 4366 τῶν
3362 4316 3701 4382 Αἰγυπτίων

2104 4403 2417 4466 δυναστείας
2444 4404 2571 4466 τοὺς
2620 4405 2798 4475 ὅρους,
2848 4397 3268 4457 ἐπακολουθοῦσι
3312 4421 3426 4465 πως
3466 4405 3532 4456 αἰ
3568 4406 3701 4458 τῶν

2106 4495 2424 4566 πειρασμῶν
2445 4495 2757 4567 προσϐολαὶ,
2783 4496 3137 4565 στενοχωρίας
3155 4512 3211 4546 τε
3240 4495 3333 4548 καὶ
3355 4495 3555 4562 φόϐους
3584 4498 3705 4550 καὶ

2102 4589 2228 4652 τοὺς
2248 4589 2377 4660 περὶ
2405 4588 2512 4641 τῶν
2537 4588 2778 4658 ἐσχάτων
2812 4588 3087 4652 κινδύνους
3126 4589 3428 4657 ὲπάγουσαι
3447 4605 3462 4619 ’
3500 4590 3572 4643 δι’
3604 4586 3703 4645 ὧν

2104 4680 2541 4750 καταπτοηθεῖσα
2584 4682 2691 4734 τῶν
2744 4682 2883 4735 κατά
2928 4682 3027 4754 τὴν
3079 4682 3260 4735 πίστιν
3312 4683 3602 4750 νεοπαγῶν
3658 4689 3702 4756 ἡ

2102 4773 2327 4837 διάνοια,
2359 4775 2439 4836 εἰς
2472 4774 2709 4843 παντελῆ
2760 4774 2868 4826 τῶν
2920 4773 3142 4842 ἀγαθῶν
3188 4774 3538 4828 ἀνελπιστίαν
3590 4777 3708 4829 ὲκ-

2104 4867 2313 4920 πίπτει.
2354 4865 2493 4918 Ἀλλ’
2520 4866 2566 4918 εί
2596 4865 2914 4936 Μωῦσῆς,ἦ
2947 4883 3032 4929 τις
3054 4865 3163 4919 τῶν
3207 4867 3327 4919 κατ’
3353 4864 3520 4918 αὐτὸν
3561 4868 3708 4921 ἑπι-

2104 4958 2312 5011 στατῶν
2355 4956 2448 5010 τοῦ
2493 4956 2622 5010 λαοῦ
2654 4957 2844 5027 τύχοι,
2887 4960 3193 5029 ἀντιστήσει
3241 4955 3318 5027 τῷ
3372 4956 3527 5028 φόϐῳ
3580 4958 3708 5031 τὴν

2103 5050 2430 5121 συμϐουλὴν,
2463 5052 2528 5121 τῇ
2559 5051 2660 5119 τῆς
2698 5049 2847 5112 θείας
2883 5050 3199 5121 συμμαχίας
3228 5046 3401 5100 ἐλπίδι
3431 5046 3495 5099 τὸ
3541 5066 3707 5102 κατ-

2101 5141 2334 5211 επτηχὸς
2378 5143 2477 5211 τ’ἠς
2509 5141 2743 5205 διανοίας
2792 5142 3260 5215 παραθαρσύνων,
3290 5142 3427 5211 ὅπερ
3458 5141 3566 5194 οὐκ
3618 5142 3711 5197 ἂν

2100 5232 2328 5299 γένοιτο,
2381 5231 2454 5300 μὴ
2487 5232 2586 5301 τῆς
2620 5231 2845 5301 καρδίας
2881 5232 2972 5285 τοῦ
3009 5233 3407 5304 προεστηκότος
3435 5232 3516 5303 τῷ
3556 5232 3711 5308 Θεᾷ.

2099 5322 2383 5392 λαλούσης.
2422 5323 2545 5386 Τοῖς
2577 5322 2685 5393 γὰρ
2718 5322 2932 5383 πολλοῖς
2967 5322 3075 5376 τῶν
3122 5325 3178 5375 ὲν
3226 5321 3535 5394 προστασίᾳ
3567 5339 3715 5377 τοι-

2101 5413 2239 5484 αύτῃ
2260 5414 2731 5483 προτεταγμένων,
2760 5415 2819 5467 τὸ
2849 5415 3190 5485 φαινόμενον,
3216 5414 3393 5482 μόνον,
3428 5415 3581 5478 ὅπως
3618 5416 3717 5471 ἂν

2102 5502 2159 5557 εὖ
2209 5503 2497 5574 διατεθείη,
2530 5504 2912 5567 σπουδάζεται’
2943 5504 3051 5558 τῶν
3093 5504 3149 5558 δὲ
3191 5504 3617 5577 κεκρυμμένων,
3670 5511 3723 5566 δ
