3800 5980
202 124 304 179 36!

206 238 355 309 μόνῳ
376 234 453 305 τῷ
480 235 602 305 Θεῷ
650 235 967 307 καθορᾶται,
990 236 1166 305 ὀλίγος
1206 236 1416 305 γίνεται
1449 236 1624 306 λόγος.
1655 236 1755 291 Ἐπ

1883 237 2085 292 tionem
2118 236 2342 292 habent.
2376 236 2447 292 At
2491 237 2708 309 Moyses
2747 252 2854 291 non
2892 239 2964 293 ita

202 330 262 383 δὲ
288 327 381 381 τοῦ
427 327 708 392 Μωῦσέως
741 328 839 397 οὐχ
885 326 1059 392 οὕτως
1094 323 1165 399 ἦν
1194 345 1209 359 ’
1240 329 1354 382 ἀλλ’
1384 330 1442 381 ὲν
1470 322 1516 397 ᾧ
1554 328 1777 400 θαρσεῖν

203 421 315 481 τοῖς
370 418 737 488 Ἰσραηλίταις
785 419 1175 483 διακελεύεται,
1228 420 1495 490 μηδεμίαν
1541 421 1683 474 κατά
1715 420 1777 474 τὸ

200 508 526 578 φαινόμενον
573 509 758 580 φωνὴν
796 509 932 578 πρὸς
965 508 1057 561 τὸν
1082 508 1214 561 Θεὸν
1242 509 1623 579 ποιησάμενος,
1648 509 1776 581 βοᾷν

201 596 331 668 παρ’
357 595 526 649 αὐτοῦ
568 597 663 649 τοῦ
697 596 831 650 Θεοῦ
885 599 1268 667 μαρτυρεῖται·
1303 596 1664 661 διδάσκοντος,
1695 595 1777 651 οἷ-

201 705 321 758 μαι,
352 685 449 739 τοῦ
479 686 659 755 λόγου,
689 686 769 738 ὅτι
795 684 988 756 εὔηχός
1021 686 1168 739 ἐστιν
1194 686 1376 755 ἐκείνη
1407 688 1440 757 ἡ
1473 689 1645 758 φωνὴ,
1682 688 1775 740 καὶ

199 779 364 848 μέχρι
393 778 498 849 τῆς
528 778 680 841 θείας
717 778 1079 831 ἀναόαίνουσα
1112 777 1302 846 ἀκοῆς,
1330 779 1426 847 οὐχ
1458 781 1483 847 ἡ
1523 779 1662 849 μετά
1696 796 1773 831 τι.

194 887 283 932 νος
302 871 605 933 διατάσεως
633 869 890 939 γινομένη
936 869 1170 940 κραυγὴ,
1198 869 1361 939 ἀλλ’ἢ
1383 869 1492 923 ἀπὸ
1529 870 1775 941 καθαρᾶς

195 960 558 1029 συνειδήσεως
611 960 1042 1029 ἀναπεμπομένη
1087 958 1403 1029 ἐνθύμησις.
1436 960 1527 1030 Τῷ
1579 961 1636 1014 δὲ
1679 961 1773 1014 ού-

190 1068 301 1114 ττως
339 1050 517 1119 ἔχοντι
564 1050 761 1120 μικρὸς
789 1050 888 1121 ήδη
920 1051 1052 1121 πρὸς
1084 1051 1395 1120 συμμαχίαν
1416 1051 1523 1104 τῶν
1556 1051 1773 1122 νομιζο-

195 1142 377 1211 μένων
420 1140 651 1208 ἀγώνων
700 1143 729 1193 6
770 1140 994 1210 ἀδελφὸς
1041 1142 1435 1210 καταφαίνεται
1458 1182 1473 1205 ,
1514 1144 1716 1208 ἐκεῖνος
1745 1147 1774 1198 6

189 1228 442 1298 ἀδελφὸς,
462 1232 492 1282 6
519 1228 763 1283 κατιόντι
783 1229 918 1301 πρὸς
943 1230 1287 1299 Αἰγυπτίους,
1310 1232 1451 1285 κατά
1485 1232 1625 1286 θεῖον
1652 1231 1773 1302 βού-

188 1318 365 1389 λημα,
396 1318 476 1389 τῷ
506 1320 733 1372 Μωῦσεῖ
774 1322 1132 1387 συναντήσας,
1159 1319 1217 1374 ὃν
1247 1323 1326 1384 εἰς
1359 1322 1590 1389 ἀγγέλου
1620 1323 1771 1387 τάξιν

187 1410 218 1464 ό
248 1411 408 1479 λόγος
435 1411 680 1482 ἐνόησεν.
720 1410 879 1464 ’Λλλά
908 1412 1027 1464 τότε
1073 1406 1280 1480 γίνεται
1316 1412 1415 1483 τῆς
1438 1415 1769 1484 ὑπερκειμέ-

187 1519 288 1571 νης
333 1501 552 1570 φύσεως
585 1503 618 1572 ἡ
651 1502 934 1572 ὲμφάνεια,
966 1501 1141 1565 οὕτως
1172 1504 1564 1575 ἐμφαινομένη,
1587 1505 1766 1570 καθὼς

1567 121 1656 176 DE
1689 121 1847 176 VITA
1869 120 2120 179 MOYSIS

3345 127 3452 185 562

3024 256 3037 294 ε
3082 238 3175 295 sed
3204 236 3332 294 dum
3373 239 3451 294 ls-

1879 326 2107 382 raelitas
2193 325 2338 382 bono
2391 330 2574 381 animo
2628 326 2955 395 essejubet,
2995 327 3212 382 tametsi
3242 328 3445 383 nullam

1876 414 2121 469 exterius
2154 428 2341 469 vocem
2374 415 2515 483 apud
2543 412 2711 469 Deum
2760 414 3028 483 proferat.
3055 417 3317 474 divinitus
3343 419 3447 474 sibi

1875 504 2079 558 dictum
2106 503 2356 567 afﬁrmat,
2390 523 2410 555 ι
2438 503 2577 570 Quid
2607 513 2664 559 tu
2696 506 2762 559 ad
2788 520 2874 559 me
2906 507 3151 562 clamas?
3188 526 3207 560 ι
3242 509 3446 575 Quam-

1879 594 2062 649 abrem
2101 602 2301 658 mouet,
2337 601 2394 650 ut
2431 611 2533 665 ego
2571 598 2831 659 arbitror,
2872 611 3127 652 sonoram
3150 614 3272 654 esse
3298 601 3443 654 illam

1874 699 2087 747 vocem,
2119 693 2174 740 et
2206 701 2377 756 usque
2406 687 2472 741 ad
2506 685 2718 741 divinas
2746 702 2907 743 aures
2934 689 3309 758 magnitudine
3343 706 3441 743 sua

1875 775 2175 845 pervenire,
2216 791 2338 845 qua:
2378 789 2489 830 non
2522 778 2868 832 contentione
2896 778 3182 842 clamoris,
3215 779 3307 834 sed
3341 794 3445 849 pu-

1876 866 2039 919 ritate
2066 867 2248 922 cordis
2274 882 2373 922 sua
2423 867 2778 923 meditatione
2821 868 3149 937 concipitur.
3171 868 3231 922 Ei
3261 877 3441 924 autem

1875 959 1965 1027 qui
2003 960 2083 1014 sic
2107 959 2171 1013 ad
2200 958 2487 1013 Dominum
2515 969 2656 1023 orat,
2683 974 2908 1028 parvum
2928 959 3038 1028 jam
3060 958 3226 1014 frater
3250 954 3444 1015 afferre

1875 1051 2135 1105 auxilium
2167 1066 2325 1121 posse
2353 1050 2588 1106 videtur.
2612 1049 2803 1105 Frater
2831 1051 2956 1105 dico
2979 1051 3067 1104 ille
3090 1050 3182 1120 qui
3213 1050 3445 1105 descen-

1873 1140 2022 1196 denti
2055 1156 2084 1194 a
2116 1151 2293 1194 monte
2344 1139 2536 1210 Moysi,
2599 1139 2710 1196 Deo
2748 1141 2819 1194 ita
2855 1139 3199 1210 disponente,
3229 1140 3440 1195 obviam

1875 1232 2054 1286 fuerat
2101 1246 2443 1301 progressus,
2485 1247 2646 1301 quem
2691 1230 2953 1288 divinitus
2999 1232 3185 1287 datum
3235 1231 3438 1286 homini

1874 1325 2123 1394 angelum
2162 1322 2421 1378 diximus.
2460 1321 2564 1378 Sed
2607 1324 2677 1378 ab
2724 1324 2843 1394 ipso
2876 1308 2986 1380 Deo
3017 1324 3244 1379 mirifice
3285 1341 3314 1378 a
3354 1333 3441 1396 ty.

1873 1413 2061 1469 rannis
2090 1428 2153 1468 ac
2191 1413 2367 1468 hostis
2412 1414 2633 1468 humani
2663 1416 2878 1483 generis
2941 1415 3155 1471 insidiis
3190 1416 3441 1471 homines

1873 1511 2157 1559 eruuntur.
2186 1502 2323 1558 Tum
2351 1520 2475 1560 vero
2495 1505 2690 1559 divinae
2721 1514 2927 1560 natura:
2950 1520 3070 1561 sese
3093 1506 3272 1574 prodit
3296 1522 3436 1576 pra:-

191 1591 261 1644 av
312 1596 468 1664 χωρῇ
500 1593 564 1645 τὸ
609 1593 931 1663 δεχόμενον·
975 1594 1003 1646 ὃ
1033 1594 1096 1665 δὴ
1154 1596 1248 1647 καὶ
1281 1594 1401 1648 τότε
1446 1586 1748 1667 γεγενῆσθα

1871 1594 2065 1658 seutia,
2096 1608 2218 1663 qua:
2257 1593 2338 1648 sic
2359 1602 2603 1663 apparet,
2659 1602 2716 1648 ut
2740 1610 2931 1665 capere
2980 1587 3158 1666 potest
3200 1595 3253 1649 id
3292 1597 3437 1666 quod

146 1704 153 1708 ι
186 1681 347 1751 παρά
384 1683 485 1751 τῆς
540 1683 776 1754 ἱστορίας
822 1684 1111 1755 ἀκούομεν,
1152 1686 1247 1738 καὶ
1282 1687 1455 1739 εἰσαεὶ
1504 1687 1767 1755 γίνεσθαι,

186 1772 346 1842 παρά
378 1772 480 1842 τῆς
504 1772 600 1826 τοῦ
623 1774 781 1841 λόγου
804 1774 1036 1845 θεωρίας
1072 1776 1431 1847 μανθάνομεν.
1472 1778 1638 1831 Ὅταν
1662 1780 1771 1849 γὰρ

186 1862 374 1933 φεύγῃ
393 1881 480 1927 τις
508 1865 601 1917 τὸν
653 1866 960 1932 Αἰγύπτιον,
987 1867 1079 1919 καὶ
1109 1866 1211 1931 ἔξω
1241 1868 1348 1921 τῶν
1374 1870 1514 1938 ὅρων
1545 1870 1772 1940 γενόμε-

185 1970 296 2017 νος.
340 1954 480 2024 πρὸς
523 1955 623 2017 τὰς
670 1956 971 2027 προσϐολὰς
995 1957 1102 2010 τῶν
1145 1959 1461 2029 πειρασμῶν
1493 1959 1766 2032 δειλιάσῃ·

183 2044 398 2098 ἄνωθεν
428 2046 528 2115 τὴν
558 2047 624 2099 ὲκ
655 2047 966 2117 παραλόγου
995 2049 1265 2120 σωτηρίαν
1290 2053 1318 2102 6
1340 2051 1530 2120 όδηγὸς
1558 2052 1768 2105 ὑποδεί-

183 2151 403 2191 κνυσιν.
441 2138 572 2190 ὅταν
602 2135 1143 2210 περιστόιχισάμενος
1178 2144 1207 2194 6
1237 2141 1426 2211 ἐχθρὸς
1470 2145 1538 2211 τῇ
1574 2143 1766 2196 ἑαυτοῦ

180 2225 415 2295 δυνάμει
475 2226 564 2278 τὸν
602 2227 965 2296 διωκόμενον,
1014 2228 1181 2299 βατὴν
1218 2231 1308 2283 ὑπ’
1335 2231 1580 2301 ἀνάγκης
1621 2232 1768 2303 αὐτῷ

180 2316 578 2387 κατασκευάσῃ
605 2317 704 2388 τὴν
730 2318 1023 2383 θάλασσαν,
1051 2321 1131 2384 είς
1156 2322 1224 2391 ἥν
1247 2321 1567 2392 καθηγεῖται
1596 2323 1625 2375 6
1653 2324 1768 2394 ὁδη-

177 2407 278 2473 γὸς
305 2409 333 2477 η
364 2409 565 2479 νεφέλη
615 2409 795 2462 (τοῦτο
822 2410 928 2480 γὰρ
973 2412 1143 2482 δνομα
1184 2412 1261 2482 τῷ
1294 2413 1597 2484 ὁδηγοῦντι,
1630 2417 1767 2487 ὅπερ

176 2499 365 2563 καλῶς
409 2503 526 2563 τοῖς
570 2500 676 2571 πρὸ
724 2502 882 2572 ἡμῶν
912 2504 991 2566 είς
1023 2506 1121 2575 τὴν
1145 2505 1238 2558 τοῦ
1264 2506 1417 2574 ἁγίου
1454 2508 1766 2578 Πνεύματος

178 2590 504 2662 μετελήφθη
564 2592 782 2663 χάριν)·
814 2596 944 2663 παρ’
988 2588 1049 2645 οὗ
1102 2597 1309 2663 γίνεται
1361 2601 1474 2659 τοῖς
1524 2597 1694 2662 ἀξίοις
1730 2601 1763 2667 ὴ

175 2683 323 2754 πρὸς
375 2682 439 2735 τὸ
493 2684 701 2750 ἀγαθὸν
736 2684 956 2755 ὁδηγίαο
987 2679 1029 2753 ᾧ
1077 2704 1161 2749 τις
1200 2689 1481 2757 ἑπόμενος,
1506 2690 1567 2741 τὸ
1621 2688 1763 2760 ὕδωρ

172 2772 438 2838 διέξεισιν
463 2813 477 2836 ,
511 2773 882 2838 ὁδοποιοῦντος
934 2775 1035 2845 τὴν
1078 2775 1144 2828 δι’
1179 2776 1342 2829 αὑτοῦ
1396 2777 1618 2847 πορείαν
1669 2778 1761 2831 τοῦ

172 2863 493 2933 ἡγουμένου
518 2880 533 2895 ’
564 2863 628 2915 δι’
658 2859 719 2917 οὗ
747 2865 956 2933 γίνεται
990 2866 1049 2918 τὸ
1076 2866 1315 2934 ἀσφαλὲς
1344 2870 1409 2938 τῇ
1458 2868 1757 2943 ἐλευθερίᾳ,

171 2951 272 3006 τοῦ
326 2952 423 3005 ἐπὶ
456 2952 670 3023 δουλείᾳ
714 2953 1161 3021 καταδιώκοντος,
1198 2957 1655 3028 ὲναφανιζομένου
1682 2960 1760 3028 τῷ

172 3041 360 3095 ὕδατι.
392 3042 491 3106 Τίς
537 3043 647 3112 γὰρ
703 3045 802 3097 οὐκ
846 3040 1015 3110 οἶδεν,
1059 3046 1140 3098 ὃτι
1191 3048 1419 3116 στρατὸς
1462 3049 1759 3117 Αίγύπτιός

170 3134 295 3186 ἐστι
328 3133 399 3188 τὰ
430 3134 651 3188 ποικίλα
687 3134 787 3204 τῆς
812 3135 989 3206 ψυχῆς
1027 3136 1195 3209 πάθη,
1231 3134 1312 3202 οἷς
1338 3140 1757 3194 καταδουλοῦται

168 3225 201 3276 6
222 3223 526 3292 ἄνθρωπος
547 3242 562 3289 ;
592 3227 815 3279 Ἐκεῖνοι
842 3228 893 3279 οἱ
925 3231 1092 3290 rmvet,
1109 3229 1290 3282 ἐκεῖνα
1308 3230 1374 3284 τὰ
1400 3231 1639 3302 ἅρματα.
1663 3233 1758 3286 καὶ

169 3318 227 3367 οῖ
258 3317 345 3367 ἐπ’
367 3316 551 3369 αὐτῶν
575 3316 856 3379 ἀναϐάται,
885 3320 1115 3385 τοξόται.
1153 3321 1247 3375 καὶ
1280 3322 1755 3393 σφενδονῆται,καὶ

169 3408 522 3478 ὁπλομάχοι,
558 3410 649 3462 καὶ
699 3412 728 3463 6
774 3410 957 3475 λοιπὸς
988 3412 1173 3483 ὅμιλος
1222 3412 1326 3482 τῆς
1384 3413 1494 3467 τῶν
1544 3414 1755 3486 ἐχθρῶν

172 3501 563 3572 παρατάξεως.
594 3501 660 3554 Τί
689 3502 797 3573 γὰρ
829 3505 895 3557 ἄν
920 3520 1002 3567 τις
1026 3504 1298 3575 διαφέρειν
1332 3504 1475 3558 εἴποι
1508 3506 1633 3569 τοὺς
1658 3506 1752 3558 θυ-

174 3590 380 3660 μώδεις
409 3591 519 3643 τῶν
564 3592 856 3662 λογισμῶν,
880 3593 912 3664 ἢ
937 3595 1034 3657 τὰς
1072 3596 1208 3665 πρὸς
1228 3595 1422 3666 ἡδονήν
1447 3613 1505 3648 τε
1529 3597 1623 3650 καὶ
1658 3596 1751 3651 λύ-

170 3700 285 3752 πην
302 3683 397 3736 καὶ
426 3682 737 3747 πλεονεξίαν
758 3684 954 3755 ὁρμὰς,
978 3688 1077 3757 τῆς
1107 3689 1569 3757 μνημονευθείσης
1592 3705 1753 3760 στρα-

168 3776 297 3836 τιᾶς
320 3816 337 3839 ,
370 3774 533 3836 Λίθος
583 3776 839 3846 ἄντικρυς
885 3776 994 3829 ἀπὸ
1024 3777 1310 3847 σφενδόνης
1337 3780 1485 3832 ἐστὶν
1515 3780 1548 3850 ἡ
1579 3779 1751 3833 λοιδοτ

170 3864 291 3935 pia,
328 3864 425 3917 καὶ
476 3863 645 3933 λόγχη
690 3866 789 3935 τὴν
834 3868 1037 3938 αἰχμὴν
1087 3868 1400 3924 ἐπισείουσα
1431 3872 1464 3941 ή
1496 3869 1748 3942 θυμώδης

167 3955 319 4025 ὁρμή
342 3954 433 4006 ’τὸ
459 3953 516 4007 δὲ
544 3954 674 4025 περὶ
701 3954 798 4017 τὰς
820 3955 1011 4026 ήδονάς
1036 3957 1226 4021 πάθος,
1244 3962 1292 4012 οἱ
1323 3961 1477 4014 ἵπποι
1497 3962 1747 4016 νοείσθω-

169 4060 296 4107 σαν,
327 4044 543 4115 ἀσχέτῳ
580 4046 686 4098 τινὶ
726 4047 869 4116 ὁρμῇ
900 4047 958 4099 τὸ
996 4047 1147 4119 ἀρμα
1192 4050 1261 4103 δι’
1284 4050 1488 4104 ἑαυτῶν
1520 4053 1745 4122 ἐφελκό-

170 4150 329 4201 μενοι
353 4171 368 4195 ,
399 4134 458 4185 ὲν
486 4126 531 4198 ᾧ
554 4135 603 4185 οί
630 4137 775 4203 τρεῖς
796 4134 1075 4198 ἐπιϐάται,
1104 4136 1197 4200 οὓς
1220 4140 1513 4209 τριστάτας
1540 4143 1745 4213 ὀνομά-

1870 1699 1989 1739 eam
2020 1685 2231 1753 recipit.
2263 1684 2376 1740 lloe
2429 1686 2613 1754 utique
2649 1694 2761 1741 tum
2804 1687 3068 1742 accidisse
3111 1702 3177 1741 ex
3210 1686 3438 1742 historia

1870 1773 2147 1836 audimus,
2181 1782 2233 1827 et
2296 1781 2556 1841 perpetuo
2590 1772 2706 1827 fieri
2735 1789 2798 1828 ex
2826 1775 3097 1843 spirituali
3150 1790 3315 1830 sensu
3355 1775 3438 1830 di-

1870 1865 2098 1919 scimus.
2126 1862 2260 1918 Nam
2290 1866 2382 1934 qui
2423 1864 2719 1936 [Egyptum
2752 1864 2985 1935 fugiens,
3021 1865 3305 1936 IEgyptios
3322 1865 3436 1936 jam

1870 1958 2004 2029 lines
2032 1954 2135 2010 ﬁde
2161 1956 2430 2020 transivit,
2462 1957 2509 2010 si
2532 1959 2891 2011 tentationum
2931 1965 3121 2011 aestum
3166 1957 3436 2013 extimue-

1869 2047 1961 2112 rit,
1984 2047 2052 2100 ab
2080 2048 2200 2117 ipso
2228 2047 2334 2102 Deo
2357 2048 2642 2117 petendam
2672 2062 2795 2103 esse
2827 2048 2929 2103 sibi
2956 2050 3208 2114 salutem,
3237 2065 3266 2103 a
3297 2050 3437 2106 duce

1869 2137 2179 2191 instruitur.
2202 2138 2335 2192 Cum
2366 2142 2509 2193 enim
2557 2137 2799 2208 undique
2827 2141 3199 2195 circumdatus
3228 2141 3435 2195 inimici

1867 2229 2074 2282 viribus
2101 2229 2191 2292 sit,
2249 2238 2379 2282 tunc
2417 2230 2730 2285 necessario
2760 2234 2891 2301 (non
2920 2231 3067 2287 enim
3097 2232 3261 2287 datur
3292 2235 3434 2291 alius

1824 2310 1832 2316 ’
1866 2321 2066 2387 exitus)
2129 2336 2277 2376 mare
2307 2322 2589 2375 divinitus
2617 2323 2692 2375 ita
2745 2322 3033 2386 scinditur,
3064 2333 3126 2378 ut
3158 2340 3253 2393 per
3302 2325 3432 2380 illud

1867 2410 2146 2464 ambulare
2178 2411 2351 2479 possit
2381 2412 2449 2475 ³⁵,
2504 2412 2569 2466 ad
2610 2412 2754 2481 quod
2787 2413 2958 2468 nubes
2988 2415 3084 2482 (id
3133 2416 3275 2470 enim
3306 2417 3431 2472 duci

1866 2501 2085 2570 nomen)
2111 2501 2276 2554 ductu
2292 2516 2391 2556 suo
2411 2501 2646 2568 deducit,
2675 2518 2779 2572 qua
2794 2492 3011 2574 quidem
3036 2506 3178 2560 nube
3195 2505 3431 2576 Spiritus

1865 2595 2038 2645 sancti
2061 2584 2480 2660 gratiam'multi
2512 2592 2676 2646 etiam
2700 2601 2826 2648 ante
2845 2608 2944 2649 nos
2974 2595 3267 2666 significari
3289 2608 3432 2654 recte

1865 2692 2248 2738 asseverarunt
2282 2701 2295 2735 :
2333 2697 2362 2734 a
2388 2683 2584 2751 spiritu
2616 2684 2760 2737 enim
2777 2685 2843 2739 ad
2870 2686 3067 2741 bonum
3091 2688 3431 2758 reducittmr;

1864 2773 2115 2841 spiritum
2142 2774 2236 2842 qui
2296 2773 2594 2842 sequimur,
2622 2788 2818 2843 aquam
2855 2777 3273 2844 pertransimus.
3309 2781 3431 2848 Spi-

1865 2864 2005 2917 ritus
2035 2863 2136 2917 iter
2158 2863 2223 2916 ad
2255 2878 2312 2917 se
2339 2878 2436 2933 per
2460 2877 2653 2932 aquam
2676 2873 2968 2936 przeparat;
2987 2868 3179 2936 spiritu
3209 2868 3430 2925 libertas

1864 2958 2237 3016 confirmatur,
2291 2956 2516 3025 spiritus
2543 2957 2610 3017 is,
2644 2956 2737 3026 qui
2766 2972 2866 3010 nos
2897 2958 2951 3011 in
2976 2959 3290 3013 servitutem
3320 2969 3432 3015 tra-

1862 3045 1990 3100 here
2039 3054 2288 3113 conatur,
2348 3060 2488 3117 aqua
2545 3046 2862 3101 conteritur.
2921 3049 3049 3103 Haec
3109 3050 3200 3118 qui
3252 3052 3424 3114 audit,

1860 3150 2013 3204 aquae
2040 3142 2443 3189 sacramentum
2490 3150 2597 3190 non
2657 3135 2946 3205 ignorabit,
2974 3138 3026 3191 in
3063 3155 3223 3211 quam
3252 3141 3427 3197 fidelis

1858 3243 1981 3280 cum
2033 3227 2288 3281 universo
2330 3227 2504 3283 nostri
2555 3227 2733 3281 hostis
2776 3227 3113 3285 descendens
3156 3233 3424 3301 exercitu,

1857 3321 2006 3375 solus
2039 3319 2265 3389 emergit
2294 3318 2438 3381 inde,
2471 3319 2723 3374 hostibus
2759 3320 2996 3375 detentis
3018 3331 3179 3391 atque
3201 3338 3429 3393 oppres-

1855 3410 1933 3464 sis
1965 3424 2123 3478 aqua.
2161 3408 2295 3473 Quis
2328 3408 2473 3463 enim
2513 3424 2620 3461 non
2650 3410 2801 3463 novit
2826 3426 2996 3480 equos
3025 3410 3422 3483 Egyptiorum,

1854 3499 2190 3570 sagittarios,
2226 3498 2548 3561 funditores.
2579 3506 2841 3563 armatos,
2867 3500 3079 3570 equites
3105 3517 3168 3556 ac
3191 3503 3422 3572 pedites,

1852 3606 2073 3654 currus,
2128 3591 2552 3658 ttniversamque
2609 3589 2853 3658 ipsorum
2891 3591 3210 3658 potentiam,
3239 3595 3421 3649 varias

1849 3697 1973 3737 esse
1997 3682 2165 3734 animi
2212 3680 2517 3749 passiones,
2557 3678 2758 3747 quibus
2784 3680 3033 3734 servituti
3060 3681 3222 3735 homo
3250 3684 3422 3755 subji-

1849 3770 2030 3825 citur?
2055 3768 2195 3835 Quid
2250 3768 2397 3824 enim
2431 3769 2500 3823 ab
2528 3769 2619 3823 illo
2651 3767 3029 3839 Egyptiorum
3076 3774 3315 3828 exercitu
3344 3776 3419 3828 ita

1846 3862 2013 3918 effusa
2040 3861 2291 3931 voluptas
2337 3860 2616 3925 effrenata,
2647 3861 2806 3916 dolor
2852 3862 3264 3936 immoderatus,
3292 3882 3420 3923 ava-

1845 3952 1994 4017 ritia,
2026 3951 2241 4007 foeditas
2266 3950 2481 4007 differt?
2525 3950 2687 4022 Lapis
2712 3960 2797 4008 est
2840 3953 2985 4008 haud
3013 3955 3175 4012 dubie
3214 3961 3418 4015 missus

1844 4041 2010 4098 funda
2037 4041 2386 4103 contumelia,
2417 4048 2473 4094 et
2536 4040 2691 4095 hasta
2737 4042 3017 4112 cuspidem
3065 4045 3285 4102 vibrans
3330 4056 3420 4104 est

1845 4134 2078 4203 impetus
2105 4132 2399 4188 iracundiae
2430 4151 2443 4186 :
2477 4132 2645 4187 libido
2665 4142 2844 4188 autem
2871 4144 2923 4190 et
2967 4137 3238 4205 cupiditas
3261 4141 3416 4193 volu-

165 4224 255 4288 ζει
296 4225 332 4291 ἡ
372 4223 878 4301 ἱστορία.-Νοήσεις
916 4224 974 4278 δὲ
1015 4227 1143 4289 τοὺς
1174 4230 1322 4298 τρεῖς
1354 4230 1577 4294 τούτους
1607 4233 1739 4287 πάν-

1861 4232 2050 4280 )ιιιιιιιιι
2089 4223 2461 4294 intelligantur
2488 4224 2613 4292 equi
2660 4224 2926 4280 effrenato
2947 4228 3181 4294 quodam
3209 4230 3411 4301 impetu

161 4331 296 4377 τως,
328 4314 458 4373 τοὺς
481 4297 812 4384 φερομένους
834 4316 938 4369 ὑπὸ
962 4316 1055 4370 τοῦ
1083 4297 1346 4389 ἅρματος,
1370 4321 1743 4393 προδιδαχθεὶς

164 4410 226 4460 ἐν
249 4406 333 4476 τῷ
370 4407 513 4460 κατά
541 4408 668 4470 τοὺς
705 4409 978 4476 σταθμοὺς
1004 4411 1098 4463 καὶ
1117 4411 1216 4482 τὴν
1246 4412 1406 4481 φλιάν
1437 4417 1738 4487 μυστηρίῳ,

161 4500 264 4567 τὴν
291 4499 531 4570 τριμερῆ
554 4498 654 4568 τῆς
673 4499 850 4569 ψυχῆς
875 4500 1162 4571 διαίρεσιν,
1190 4505 1271 4566 είς
1296 4505 1358 4557 τὸ
1380 4504 1616 4573 λογικὸν,
1645 4508 1741 4562 καὶ

162 4588 584 4659 ἐπιθυμητικὸν,
616 4591 710 4642 καὶ
759 4589 1034 4657 θυμοειδὲς
1071 4593 1409 4664 ἀναπέμπων
1447 4595 1509 4649 τὸ
1537 4597 1734 4669 νόημα.

228 4768 423 4822 Ταῦτα
444 4763 538 4821 οὖν
569 4769 765 4830 πάντα.
791 4771 884 4824 καὶ
900 4771 998 4825 ὅσα
1022 4771 1231 4837 τούτοις
1259 4776 1522 4845 ὁμόφυλα,
1540 4778 1618 4848 τῷ
1645 4796 1743 4832 κα-

160 4862 492 4932 θηγουμένφ
547 4863 646 4931 τῆς
708 4867 949 4935 πονηρᾶς
1007 4865 1198 4933 ἐφόδου
1262 4869 1641 4923 συνεισπίπτει
1664 4872 1741 4942 τῷ

172 4951 483 5023 Ἰσραηλίτῃ
514 4952 609 5004 ἐπὶ
634 4950 696 5003 τὸ
721 4950 889 5022 ὕδωρ·
932 4954 1016 5021 ἐφ’
1042 4949 1118 5006 ὧν
1146 4956 1178 5022 ὴ
1209 4955 1303 5007 τοῦ
1327 4956 1516 5019 ὓδατος
1543 4956 1704 5024 φύσις
1723 4998 1738 5018 ,

158 5043 473 5113 ἡγουμένης
511 5043 611 5112 τῆς
649 5042 790 5095 κατά
835 5047 934 5114 την
975 5044 1282 5116 βακτηρίαν
1328 5047 1564 5111 πίστεως
1590 5087 1605 5111 ,
1645 5050 1740 5103 καὶ

156 5133 256 5203 τῆς
302 5131 650 5201 φωτιζούσης
678 5133 939 5202 νεφέλης,
971 5133 1233 5200 ζωοποιὸς
1267 5137 1365 5207 μὲν
1393 5137 1602 5206 γίνεται
1628 5139 1736 5194 τῶν

157 5225 236 5278 II:
280 5224 456 5293 αὐτὴν
498 5222 983 5291 καταφευγόντων,
1025 5226 1343 5297 ἀναιρετικὴ
1371 5227 1429 5280 δὲ
1472 5226 1579 5281 τῶν
1613 5227 1737 5282 διως

158 5314 382 5367 κόντων.
417 5313 565 5384 Πρὸς
591 5311 627 5365 ἃ
647 5312 887 5368 παιδεύει
908 5315 998 5369 διά
1023 5316 1226 5371 τούτων
1254 5320 1287 5387 ἡ
1320 5317 1528 5388 ἱστορία
1546 5359 1561 5386 ,
1589 5318 1734 5382 οἴους

209 5499 257 5533 ⁸⁸
298 5494 472 5551 Exod.
514 5506 639 5553 xm,
676 5493 761 5546 M.

465 5591 744 5651 ΡΑτιιοι..
772 5587 894 5651 Gn.
936 5588 1156 5656 XLIV.

1844 4332 1943 4385 per
1980 4331 2039 4370 se
2101 4330 2322 4370 currum
2375 4315 2677 4376 trahentes,
2727 4314 2781 4367 in
2809 4330 2918 4382 quo
2962 4325 3073 4372 tres
3118 4322 3327 4388 equites
3348 4336 3414 4374 ae

1841 4405 2152 4469 bellatores,
2195 4420 2333 4475 quos
2367 4404 2609 4459 tristatas
2646 4407 2880 4474 appellat
2921 4408 3166 4473 historia,
3215 4412 3412 4481 quibus

1840 4498 2165 4566 tripartitam
2187 4496 2354 4550 animi
2385 4504 2706 4565 potestatem
2738 4496 2964 4569 intelligi
2989 4500 3284 4566 credimus,
3308 4518 3412 4555 Pii--

1840 4587 2095 4641 tionalem
2121 4584 2351 4649 scilicet,
2386 4584 2888 4654 concupiscibilem,
2925 4587 3274 4653 irascibilem,
3309 4592 3407 4646 bas

1839 4686 1951 4734 tres
1989 4676 2259 4747 potentias
2286 4676 2630 4746 depravatas.

1915 4768 2046 4834 Quae
2077 4767 2258 4821 omnia
2286 4782 2584 4836 eorumque
2612 4767 2787 4822 aflinia
2827 4783 2949 4823 cum
2978 4768 3118 4825 duce
3146 4785 3246 4825 suo
3275 4788 3403 4835 una,

1843 4861 2053 4916 scilicet
2081 4876 2203 4914 cum
2238 4859 2404 4922 fideli,
2438 4859 2491 4913 in
2524 4874 2719 4925 aquam
2765 4858 3103 4930 baptismatis
3140 4862 3406 4929 incidunt;

1842 4960 2034 5005 natura
2065 4966 2194 5006 vero
2243 4965 2415 5020 aquae,
2453 4950 2791 5017 praecedente
2837 4950 2985 5020 virga
3020 4950 3141 5004 fidei
3172 4961 3228 5003 et
3256 4959 3405 5019 pote~

1840 5052 1982 5099 state
2038 5043 2396 5098 illuminantis
2462 5040 2823 5111 ducentisque
2889 5042 3119 5101 nebulae,
3178 5041 3405 5110 spiritus

1842 5134 2094 5189 videlicet
2122 5132 2320 5196 sancti,
2362 5132 2612 5187 ﬁdelibus
2637 5133 2854 5201 quidem
2883 5133 2974 5203 qui
3008 5132 3074 5188 ad
3102 5148 3220 5188 eam
3251 5132 3366 5187 refu
3385 5162 3404 5174 ο

1842 5231 2016 5299 giunt,
2044 5228 2207 5280 vitam
2232 5230 2473 5293 praestat,
2506 5223 2949 5293 persecutoribus
2972 5231 3151 5279 autem
3174 5232 3402 5279 mortem

1841 5318 2027 5391 infert.
2075 5316 2254 5382 Quare
2292 5315 2423 5369 illud
2467 5329 2686 5385 quoque
2735 5314 2806 5368 ab
2841 5314 3070 5371 historia
3115 5316 3405 5383 discimus,

3072 5586 3144 5648 19
