3800 5980
353 130 458 185 363
1619 116 1675 172 S.
1708 112 2032 172 GREGORH
2056 112 2351 170 NYS‘iIle
3499 99 3626 156 εει

354 244 542 315 quales
577 256 676 297 nos
735 246 857 311 post
897 252 1051 311 aqua;
1097 235 1387 292 transitum
1434 248 1557 291 esse
1597 234 1923 297 debeamus;

2047 233 2292 305 προσήκει
2336 225 2479 284 εἶναι
2519 227 2643 289 τοὺς
2679 223 2913 285 διῖόντας
2950 219 3012 273 τὸ
3059 218 3224 289 ὕδωρ,
3280 217 3451 287 μηδὲν
3503 218 3625 285 τῆς

353 334 488 390 nihil
509 334 653 389 enim
670 332 738 387 ab
751 308 995 387 exercitu
1012 329 1207 391 hostis,
1226 327 1319 398 qui
1340 327 1623 383 nobiscum
1646 326 1702 381 in
1723 339 1919 395 aquam

2047 324 2279 387 εναντίας
2332 319 2592 392 στρατιᾶς
2648 314 2789 387 μετὰ
2836 313 2899 367 τὺ
2947 309 3209 366 ἀναδῦναι
3252 309 3346 363 τοῦ
3408 308 3627 372 ὓδατος

356 424 568 488 incidit,
614 421 899 477 nobiscum
935 415 1340 481 attrahendum,
1391 430 1517 470 cum
1566 415 1931 488 emergimush

2047 411 2447 484 εφελκομένους.
2489 410 2554 463 Et
2576 407 2687 479 γὰρ
2731 402 3007 473 συναναϐῇ
3042 399 3191 471 αὐτῷ
3235 401 3264 453 ὁ
3306 398 3625 468 πολέμιος,

354 523 457 570 est.
492 513 624 568 Nam
650 511 870 582 quicum
897 509 1071 564 hostis
1095 521 1348 577 egressus
1373 506 1442 560 ab
1467 519 1606 575 aqua
1628 472 1788 560 simvul
1813 472 1936 564 est,‘

2047 472 2181 559 ιενει
2213 472 2309 558 καὶ
2348 472 2487 573 μετά
2515 472 2752 568 τδνῦδωρ
2777 496 2836 548 ὲν
2861 496 2928 564 τῇ
2968 472 3210 562 δουλείᾳ,
3251 487 3626 543 συνεκϐαλὼν

356 608 404 659 is
455 605 710 674 quoniam
764 602 819 656 in
854 614 994 670 aqua
1046 599 1256 653 hostem
1290 612 1399 651 non
1452 594 1769 661 submersit,
1826 592 1921 649 sed

2047 594 2206 667 εαυτῷ
2236 594 2414 660 ζῶντα
2451 591 2543 645 τὸν
2570 589 2853 660 τύραννον,
2902 585 2961 638 ὃν
3000 586 3059 638 ὲν
3091 582 3172 654 τῷ
3203 581 3348 653 βυθῷ
3379 581 3442 635 οὐ
3476 598 3628 635 κατ-

357 672 539 751 vivum
568 695 691 750 inde
716 707 898 750 secum
925 689 1128 753 eduxit,
1155 687 1317 742 etiam
1348 694 1471 758 post
1498 701 1693 756 aquam
1727 685 1783 739 in
1807 699 1924 740 ser-

2047 686 2204 742 ἑδυσε.
2244 684 2417 739 Τοῦτο
2456 683 2514 736 δὲ
2558 678 2796 733 τοιοῦτόν
2838 679 3009 737 ἐστιν,
3044 675 3120 739 ὡς
3155 674 3220 728 ἄν
3247 690 3333 737 τις
3376 673 3525 744 πρὸς
3554 672 3624 726 τὺ

356 790 539 843 vitute
565 784 851 841 remansit.
896 782 974 836 ita
1006 781 1114 836 tale
1147 780 1276 851 quid
1304 786 1409 845 est,
1463 785 1520 834 ut
1551 777 1716 832 latius
1747 776 1922 844 expli-

2047 777 2360 848 {UpN6‘tEpOV
2407 771 2469 826 τὸ
2519 768 2750 837 αἱνιγμα
2795 762 3118 837 μεταϐαλὼν
3159 762 3507 831 σαφηνίσειε,
3552 765 3625 814 τδ

359 887 533 941 cetur,
564 877 706 946 quod
738 879 987 943 oporteat
1010 886 1201 926 omnes
1221 871 1315 941 qui
1347 869 1797 925 sacramentalem
1828 869 1924 924 ba-

2047 869 2137 921 ἰεῖν
2165 865 2378 927 πάντας
2406 863 2533 926 τοὺς
2563 858 2953 932 διερχομένους
2997 855 3055 908 τὸ
3086 852 3346 924 μυστικὸν
3373 851 3530 921 ὕδωρ
3555 852 3621 904 ἐν

2028 959 2107 1031 τῷ
2141 957 2507 1028 βαπτίσματι,
2553 952 2749 1005 πᾶσαν
2764 949 2865 1020 τὴν
2891 946 2991 1018 τῆς
3018 943 3222 1007 κακίας
3252 940 3626 1012 παρεμϐολὴν

2028 1028 2229 1120 νεκράν
2260 1048 2432 1100 ποιεῖν
2463 1046 2521 1097 ὲν
2550 1041 2629 1113 τῷ
2643 1041 2797 1094 ὕδατι
2816 1054 2829 1069 ·
2871 1032 2984 1091 οἷον
3010 1033 3111 1105 τὴν
3140 1030 3492 1098 πλεονεξίαν,
3514 1028 3625 1100 τὴν

2031 1118 2328 1195 ἀκόλαστον
2373 1134 2698 1206 ἐπιθυμίαν,
2742 1129 2840 1203 τῂν
2867 1124 3215 1199 ἀρπακτικὴν
3256 1122 3525 1183 διάνοιαν,
3557 1118 3627 1173 τὺ

2031 1231 2174 1287 κατά
2192 1230 2284 1283 τὸν
2303 1226 2470 1297 τύφον
2491 1225 2586 1280 καὶ
2613 1218 2995 1294 ὑπερηφανίαν
3024 1214 3220 1280 πάθος,
3254 1213 3355 1283 τὴν
3382 1209 3623 1283 θυμώδη

2031 1318 2228 1392 ὁρμὴν,
2276 1319 2374 1389 τὴν
2409 1316 2599 1389 ὀργὴν,
2637 1313 2737 1385 τὴν
2788 1312 2969 1382 μῆνιν,
3012 1307 3113 1378 τὴν
3157 1304 3482 1376 βασκανίαν,
3524 1303 3625 1356 τὸν

357 1417 819 1490 perturbationes,
870 1430 991 1485 qum
1044 1414 1325 1468 hominum
1373 1420 1623 1466 naturam
1667 1411 1927 1479 quodam-

2047 1410 2245 1480 ρθόνον,
2275 1407 2445 1462 ταῦτα
2478 1407 2676 1469 πάντα,
2712 1402 2809 1455 καὶ
2860 1398 2933 1453 τὰ
2975 1395 3223 1459 τοιαῦτα,
3266 1392 3454 1462 ἐπειδή
3497 1408 3627 1455 πως

358 1507 522 1562 modo
555 1484 986 1574 consequuntur,
1033 1503 1088 1556 in
1127 1507 1389 1570 quantum
1427 1499 1686 1569 possibile
1718 1505 1820 1563 est,
1868 1497 1925 1551 in

2047 1503 2274 1570 πέφυκεν
2311 1499 2539 1553 ἔπεσθαι
2584 1501 2647 1571 τῇ
2700 1492 2862 1564 φύσει
2896 1490 2968 1544 τά
2999 1489 3148 1558 πάθη
3169 1526 3184 1549 ,
3225 1486 3398 1556 νεκρά
3434 1484 3626 1547 ποιεῖν

359 1613 501 1667 aqua
549 1597 865 1654 submersas
903 1594 1214 1662 relinquere
1260 1590 1541 1647 debemus.
1602 1587 1736 1642 Nam
1790 1578 1932 1643 sicut

2047 1599 2095 1650 ὲν
2122 1595 2201 1665 τῷ
2228 1593 2379 1647 ὕδατι
2401 1608 2414 1622 ο
2446 1589 2587 1644 αὑτά
2613 1605 2673 1640 τε
2700 1588 2770 1640 τά
2801 1580 3015 1654 πονηρὰ
3040 1580 3139 1650 τῆς
3182 1578 3420 1638 διανοίας
3451 1574 3627 1646 κινή-

358 1691 522 1745 etiam
554 1688 609 1742 in
647 1686 852 1758 pascha
886 1683 1025 1739 dixit
1058 1681 1146 1754 (id
1176 1681 1320 1737 enim
1353 1688 1436 1737 est
1481 1693 1680 1735 nomen
1714 1677 1923 1743 hostire,

2047 1664 2197 1745 ιατα,
2232 1683 2327 1737 καὶ
2349 1681 2418 1735 τά
2456 1682 2519 1734 ὲκ
2546 1678 2752 1732 τούτων
2786 1672 3200 1741 ἀποτελέσματα
3223 1708 3238 1730 ,
3267 1666 3530 1736 καθάπερ
3561 1664 3626 1717 ὲν

359 1781 518 1849 cujus
559 1753 784 1848 san—guis
820 1783 1046 1830 mortem
1072 1753 1151 1828 dab
1188 1777 1373 1826 utente
1412 1767 1661 1838 repellit)
1705 1781 1927 1836 azymos

2047 1773 2104 1842 τῷ
2133 1770 2412 1842 μυστηρίῳ
2435 1768 2528 1821 τοῦ
2550 1767 2733 1836 πάσχα
2751 1780 2767 1796 ⁸
2790 1761 2948 1817 τοῦτο
2975 1759 3085 1830 γὰρ
3104 1758 3275 1827 ὄνομα
3297 1754 3376 1826 τῷ
3404 1753 3621 1824 ἱερείῳ,

358 1844 525 1943 panes
547 1844 707 1924 edere
724 1867 880 1938 jubet
904 1866 969 1920 ³⁸.
1007 1865 1273 1937 Azymum
1306 1869 1483 1916 autem
1517 1868 1620 1925 est,
1654 1857 1798 1928 quod
1821 1856 1930 1912 fer-

2047 1855 2089 1915 ὥ
2125 1861 2186 1927 τρ
2217 1855 2354 1930 αἷμα
2391 1855 2694 1911 κωλυτικόν
2737 1854 2970 1908 Θανάτου
3002 1849 3080 1920 τῷ
3117 1846 3448 1920 χρησαμένῳ
3477 1844 3625 1913 γίνε-

359 1969 625 2026 mentum,
656 1974 768 2015 rem
798 1967 1040 2029 tempore
1062 1955 1367 2013 rancidam.
1411 1965 1599 2007 secum
1624 1950 1926 2004 immistum

2047 1970 2139 2006 ται.
2183 1952 2392 2021 ’Ὠσπερ
2428 1948 2609 2001 τοίνυν
2647 1946 2765 1999 ἐκεῖ
2800 1943 2892 1997 τὸν
2940 1942 3104 2011 ἄρτον
3144 1938 3352 2008 ἄζυμον
3399 1935 3625 1989 κελεύει

359 2068 469 2108 non
504 2052 684 2106 habet.
714 2048 834 2115 Quo
866 2026 1025 2118 pacto
1055 2046 1261 2108 docuit,
1284 2059 1353 2100 ne
1383 2042 1637 2097 vitiorum
1668 2039 1929 2110 reliquias

2047 2041 2299 2096 meatiistv
2326 2040 2387 2093 τὸ
2416 2039 2601 2109 πάσχα
2635 2038 2653 2107 (
2676 2035 2883 2099 ἀζυμος
2904 2033 2948 2086 δ’
2985 2031 3052 2086 ἂν
3080 2029 3168 2101 εἴη
3195 2031 3225 2083 ό
3251 2029 3351 2099 τῆς
3378 2026 3625 2080 ἑωλοτέ-

2035 2151 2132 2204 ρας
2158 2131 2514 2201 ἀνεπίμικτος
2545 2126 2788 2197 ζύμης),
2806 2127 2949 2179 νοεῖν
2987 2140 3048 2176 τε
3077 2121 3259 2174 δίδωσι
3296 2118 3384 2172 διὰ
3408 2116 3626 2171 τούτων

2030 2228 2059 2279 ό
2092 2223 2275 2294 νόμος,
2321 2221 2381 2274 τὸ
2419 2219 2585 2291 μηδὲν
2625 2216 2726 2287 τῆς
2768 2214 2966 2275 κακίας
3008 2210 3262 2280 λείψανον
3292 2206 3371 2278 τῷ
3414 2208 3627 2277 ἑφεξῆς

2033 2311 2421 2385 καταμιγνύειν
2455 2308 2553 2380 βίῳ
2578 2349 2593 2372 ,
2623 2306 2738 2361 ἀλλ’
2782 2304 2892 2358 ἀπὸ
2938 2303 3073 2365 ιδίας
3114 2300 3289 2370 ἀρχῆς
3329 2297 3450 2367 τῆς,
3476 2296 3626 2366 μετὰ

2031 2407 2203 2459 ταῦτα
2239 2403 2384 2475 ζωῆς
2415 2399 2700 2471 ἄρξασθαι,
2741 2397 2833 2450 τὸν
2865 2395 2927 2450 τὸ
2964 2392 3189 2462 συνεχὲς
3223 2391 3322 2460 τῆς
3346 2388 3455 2442 τῶν
3491 2404 3625 2440 και-

2038 2497 2144 2569 ρῶν
2175 2494 2494 2557 ἀκολουθίας
2535 2494 2602 2563 τῇ
2635 2488 2771 2561 πρὸς
2812 2488 2873 2540 τὸ
2910 2487 3156 2557 κρεῖττον
3185 2478 3458 2553 μεταϐολῇ
3496 2476 3624 2530 δια-

2040 2590 2298 2658 κόψαντα*
2328 2585 2472 2639 οὕτω
2501 2583 2594 2636 καὶ
2625 2578 2858 2635 ἐνταῦθα
2904 2576 3151 2648 βούλεται
3177 2573 3286 2628 πᾶν
3317 2569 3626 2638 Αίγύπτιον

2036 2679 2346 2752 πρόσωπον,
2373 2674 2637 2738 τουτέστι,
2669 2673 2777 2725 πᾶν
2808 2668 3082 2740 ἁμαρτίας
3105 2661 3265 2727 εἶδος,
3286 2662 3476 2731 ὥσπερ
3503 2661 3617 2713 τινὶ

365 2779 523 2849 aquis
566 2778 773 2839 hostes,
827 2779 882 2828 et
920 2769 1139 2826 Iudaeos
1186 2768 1311 2823 inde
1342 2767 1493 2823 solos
1524 2765 1789 2821 evasisse.
1829 2762 1934 2818 Sed

2047 2750 2187 2843 βυθῷ
2212 2769 2289 2840 τῷ
2301 2765 2553 2837 σωτηρίῳ
2572 2763 2907 2836 βαπτίσματι
2930 2754 3388 2821 καταπνίξαντας,
3418 2750 3622 2821 μόνους

368 2869 521 2924 multi
552 2870 632 2921 vel
660 2864 969 2936 ignorantia
1001 2868 1392 2932 prreceptorum
1421 2857 1577 2929 legis,
1604 2857 1688 2911 vel
1721 2854 1936 2910 temeri-

2047 2842 2327 2926 ἀναδῦναι,
2358 2860 2523 2931 μηδὲν
2556 2856 2698 2912 κατὰ
2726 2856 2818 2909 τὸν
2848 2853 2961 2924 βίον
2985 2848 3415 2920 ἐπισυρομένους
3453 2842 3619 2897 ἀλλό-

366 2972 476 3017 tate
525 2976 589 3013 ac
629 2956 1016 3016 inconstantia,
1080 2952 1363 3007 sordidum
1408 2951 1611 3020 prioris
1650 2950 1777 3003 vitae
1827 2947 1936 3003 fer—

2047 2955 2222 3024 ρυλον.
2245 2952 2414 3006 Τοῦτο
2436 2950 2543 3020 γάρ
2568 2950 2714 3001 ἐστιν
2733 2945 2762 2999 ὅ
2790 2945 2880 2999 διὰ
2907 2943 3007 3013 τῆς
3043 2939 3284 3010 ἱστορίας
3315 2935 3619 3005 ἀκςύομεν,

369 3060 611 3106 mentum
645 3048 703 3101 iu
748 3045 1102 3117 posteriorem
1138 3042 1306 3095 vitam
1359 3040 1672 3102 traducunt,
1704 3046 1757 3094 et
1791 3037 1936 3094 feros

2047 3045 2282 3115 ῆφησιν,
2317 3043 2377 3094 ὲν
2414 3038 2492 3109 τῷ
2534 3035 2684 3106 αὐτῷ
2733 3033 2909 3099 ὕδατι,
2950 3030 3166 3101 θανάτῳ
3206 3029 3302 3082 καὶ
3350 3026 3463 3096 ζωῇ
3495 3025 3624 3078 δια.-

373 3140 586 3212 Ᾱῖιεγριί
626 3115 828 3192 milites
871 3142 995 3205 post
1031 3133 1362 3203 baptismum
1411 3147 1599 3186 secum
1637 3128 1932 3185 adducunt.

2047 3134 2315 3208 κρίνεσθαι
2340 3133 2399 3186 τὸ
2412 3130 2505 3202 ὲχθ
2515 3128 2604 3202 ρὸν
2626 3128 2719 3183 καὶ
2732 3126 2794 3180 τὸ
2823 3125 2993 3195 φίλον·
3016 3120 3109 3176 τοῦ
3132 3121 3230 3191 μὲν
3257 3115 3450 3189 ὲχθροῦ
3464 3116 3624 3185 φθει-

371 3205 633 3298 Nam-qui
666 3225 856 3294 rapina
883 3221 1041 3277 dilati
1088 3227 1237 3283 sunt,
1278 3226 1373 3273 aut
1416 3216 1655 3288 perjurio
1699 3215 1936 3287 praedam

2047 3205 2290 3300 ρομένου,
2324 3222 2419 3277 τοῦ
2449 3222 2504 3276 δὲ
2534 3221 2688 3291 φίλου
2720 3212 3176 3285 ζωογονουμένου,
3208 3210 3283 3272 ὡς
3306 3209 3361 3261 οῖ
3386 3224 3449 3277 γε
3486 3205 3619 3259 πολ-

370 3297 668 3392 possident,
701 3324 793 3370 aut
823 3311 1095 3370 adulterio
1123 3326 1324 3366 uxores
1358 3309 1653 3370 duxerunt,
1705 3316 1800 3362 aut
1841 3307 1936 3361 ali-

2047 3297 2121 3371 λοῖ
2145 3316 2256 3370 τῶν
2288 3315 2351 3369 τὸ
2379 3311 2635 3385 μυστικὸν
2671 3309 2953 3380 βάπτισμα
2990 3298 3460 3374 προσδεξαμένων,
3509 3297 3618 3366 ἀγ·

373 3389 499 3484 quid
526 3411 747 3465 vetitum
772 3414 897 3461 ante
925 3403 1177 3474 baptismi
1209 3402 1409 3457 donum
1444 3400 1859 3462 commiserunt,
1893 3399 1936 3453 si

2047 3411 2156 3482 νοίᾳ
2187 3409 2294 3463 τῶν
2330 3406 2424 3461 τοῦ
2456 3406 2624 3476 νόμου
2654 3398 3146 3473 παραγγελμάτων,
3181 3394 3280 3465 τὴν
3312 3389 3615 3463 παρελθοῦο

357 968 628 1038 ptismatis
684 977 879 1034 aquam
933 969 1243 1027 transeunt,
1298 961 1615 1016 universum
1664 958 1923 1013 vitiorum

357 1057 655 1115 exercitum
688 1055 741 1109 in
770 1069 910 1124 aqua
940 1052 1212 1117 occidere,
1241 1058 1301 1104 ut
1327 1050 1632 1114 avaritiam,
1670 1063 1923 1119 rapacem

358 1158 615 1208 mentem,
638 1147 929 1207 luxuriam,
950 1143 1255 1208 libidinem,
1280 1141 1616 1211 superbiam,
1634 1140 1925 1196 elationem

355 1251 544 1313 animi,
568 1249 704 1303 iram
728 1286 742 1310 ,
781 1242 1064 1307 invidiam,
1104 1245 1302 1295 cuneta
1336 1232 1452 1286 haec
1485 1241 1540 1286 et
1576 1230 1664 1284 his
1696 1232 1916 1286 similia.
1946 1218 1949 1221 ’

355 1343 463 1396 Nec
487 1341 660 1394 solum
683 1336 910 1390 affectus
934 1332 1220 1390 vitiorum,
1240 1324 1334 1384 sed
1358 1321 1526 1377 animi
1550 1329 1729 1375 motus
1758 1328 1924 1390 atque

361 2142 608 2214 sequenti
641 2146 764 2209 post
800 2138 956 2192 (idem
996 2137 1121 2192 vitae
1162 2133 1594 2197 immisceamus,
1647 2129 1743 2186 sed
1771 2128 1928 2197 quasi

363 2236 431 2290 ab
459 2234 566 2290 alio
600 2231 759 2286 initio
802 2230 982 2284 vivere
1019 2225 1370 2296 incipiamus,
1424 2219 1686 2293 peccandi
1732 2220 1929 2275 seriem

362 2326 430 2380 ad
456 2324 616 2379 iidem
653 2335 827 2391 usque
853 2317 1226 2375 continuatam
1255 2313 1664 2384 dirumpentes:
1719 2311 1792 2364 ita
1826 2309 1931 2364 hoc

364 2416 419 2470 in
450 2417 570 2469 loco
599 2412 892 2484 [Egyptum
925 2422 1164 2470 omnem,
1193 2404 1247 2459 id
1272 2412 1378 2466 est,
1426 2417 1642 2459 omnem
1669 2399 1933 2472 peccandi

364 2505 599 2575 speciem
640 2505 695 2557 iu
729 2517 867 2569 aqua
904 2486 1361 2565 submergendam
1408 2508 1468 2548 re
1495 2492 1613 2561 ipsa
1648 2490 1930 2552 instruxit,

364 2606 425 2653 ut
454 2594 710 2664 indeOli
755 2595 961 2661 absque
1004 2595 1228 2659 peccato
1264 2596 1629 2652 emergamus.
1664 2578 1820 2645 Quod
1850 2577 1933 2632 hi-

364 2687 548 2745 storias
604 2686 803 2740 factum
852 2692 982 2737 tunc
1038 2678 1289 2750 legimus,
1337 2682 1564 2737 enectos
1619 2671 1831 2727 scilicet
1880 2670 1934 2725 in

372 3500 573 3560 lavacri
613 3499 786 3571 gratia
817 3496 885 3551 ab
930 3495 1015 3551 his
1065 3509 1124 3550 se
1173 3492 1412 3565 peccatis
1447 3492 1701 3546 liberatos
1728 3499 1938 3560 putant,

372 3599 429 3653 in
478 3591 676 3662 injuria
728 3594 1127 3660 permanentes,
1171 3586 1520 3641 vehementer
1568 3591 1782 3646 errant,
1840 3597 1942 3637 nec

372 3691 599 3756 possunt
631 3681 956 3751 intelligere,
984 3678 1141 3733 duris
1166 3677 1394 3731 nimium
1428 3691 1488 3731 se
1516 3674 1754 3731 dominis
1784 3674 1940 3744 quasi

376 3792 544 3832 nexos
587 3772 876 3829 inservire.
907 3769 1158 3826 Crudelis
1189 3768 1333 3826 enim
1378 3767 1597 3823 domina
1631 3783 1694 3823 ac
1726 3769 1943 3823 rabiosa

377 3868 591 3922 luxuria
613 3871 720 3927 est,
748 3861 973 3916 libidine
995 3858 1149 3929 quasi
1174 3858 1412 3913 stimulis
1437 3859 1686 3913 servilem
1707 3867 1942 3913 mentem

378 3957 680 4027 exagitans.
727 3952 844 4005 Alia
882 3964 990 4004 non
1023 3948 1203 4003 minus
1246 3947 1486 4003 crudelis
1514 3946 1734 4002 domina
1765 3947 1945 4002 avari-

379 4050 486 4102 tia:
518 4044 718 4114 quippe
762 4040 966 4094 nullam
996 4051 1239 4106 unquam
1285 4039 1527 4108 requiem
1578 4038 1944 4093 servientibus

379 4137 423 4193 ei
455 4135 693 4206 praebere
734 4132 891 4196 solet,
948 4129 1044 4186 sed
1089 4136 1296 4198 quanto
1338 4130 1491 4200 plura
1524 4128 1631 4184 diei
1669 4144 1734 4183 ac
1767 4129 1946 4186 noctis

2043 3520 2143 3557 σαν
2177 3503 2276 3573 τῆς
2301 3499 2498 3563 κακίας
2521 3497 2721 3568 ζύμην.
2746 3497 2814 3566 τῇ
2849 3493 2961 3564 ζωῇ
2991 3489 3087 3544 τοῦ
3126 3485 3266 3561 μετά
3296 3483 3464 3539 ταῦτα
3497 3483 3616 3554 βίου

2042 3593 2472 3665 καταμιγνύουσι
2492 3632 2506 3654 ,
2533 3590 2629 3645 καὶ
2666 3587 2761 3641 τὸν
2799 3583 3027 3659 στρατὸν
3048 3581 3142 3635 τὸν
3171 3577 3485 3647 Αίγύπτιον,
3521 3581 3615 3632 καὶ

2047 3686 2185 3758 μετά
2229 3683 2572 3761 τὺὶπεράσαι
2615 3678 2676 3733 τὸ
2707 3677 2873 3747 ὕδωρ,
2910 3674 3090 3741 ζῶντα
3133 3671 3251 3742 μεθ’
3293 3666 3497 3722 ἑαυτῶν
3526 3667 3615 3721 διὸ

2042 3777 2150 3831 τῶν
2191 3758 2635 3845 ἐπιτηδευμάτων
2676 3768 2994 3836 ἐπάγονται.
3047 3765 3106 3818 '0
3131 3762 3240 3834 γὰρ
3262 3760 3328 3813 δι’
3366 3758 3614 3829 ἁρπαγῆς

2043 3869 2077 3940 ἢ
2123 3866 2335 3930 ἀδικίας
2387 3864 2696 3934 πλουτήσας
2718 3902 2734 3927 ,
2786 3861 2821 3931 ή
2862 3875 2986 3914 τινα
3023 3855 3200 3928 χῶρον
3246 3852 3307 3917 ὲξ
3336 3850 3613 3921 ἐπιορκίας

2046 3957 2417 4030 κτησάμενος,
2451 3956 2485 4026 ἢ
2529 3952 2622 4008 διά
2661 3950 2908 4024 μοιχείας
2935 3945 3149 4019 γυναικὶ
3189 3943 3509 4012 συνοικήσας
3532 3981 3547 4006 ,
3577 3941 3611 4011 ἢ

2046 4049 2175 4104 ἄλλο
2208 4066 2261 4102 τι
2292 4049 2399 4102 τῶν
2432 4044 2823 4119 ἀπειρημένων
2849 4040 2956 4113 πρὸ
2990 4040 3090 4110 τῆς
3120 4035 3214 4091 τοῦ
3246 4033 3613 4106 βαπτίσματος

2046 4141 2254 4210 δωρεᾶς
2280 4140 2429 4212 παρά
2453 4138 2545 4192 τὸν
2575 4136 2687 4207 βίον
2709 4133 3014 4204 τολμήσας,
3039 4130 3212 4183 οίεται
3236 4129 3303 4198 τῇ
3325 4122 3611 4178 ἀπολαύσει

381 4225 658 4283 laboribus
688 4232 742 4280 et
766 4222 1102 4278 cruciatibus
1125 4220 1354 4289 imperio
1375 4221 1609 4275 dominae
1629 4220 1936 4291 quaeritant,

2048 4231 2158 4286 τῶν
2187 4231 2374 4294 κακῶς
2398 4227 2546 4299 αὐτῷ
2567 4223 3014 4299 προσγενομένων
3033 4222 3128 4274 καὶ
3147 4215 3284 4290 μετά
3308 4215 3370 4270 τὸ
3396 4213 3611 4282 λουτρὸν

380 4316 842 4388 cupiditatemque
883 4327 1039 4369 suam
1065 4311 1283 4382 explere
1308 4320 1597 4378 conantur,
1646 4319 1798 4368 tanto
1831 4329 1945 4368 ma-

383 4411 461 4480 gis
490 4419 780 4478 anguntur,
812 4406 970 4473 quasi
997 4404 1132 4459 nihil
1156 4402 1405 4468 fecerint,
1442 4404 1723 4474 magisque
1754 4404 1945 4461 inanes

379 4513 448 4554 ac
469 4498 829 4553 famescentes
850 4496 1215 4567 reperiuntur.
1240 4493 1554 4564 Eodemque
1575 4494 1734 4550 modo
1750 4505 1946 4552 cetera

385 4590 510 4646 vitia
555 4588 935 4644 dominantur:
992 4587 1193 4658 quibus
1235 4585 1328 4658 qui
1366 4585 1553 4651 servit,
1597 4587 1846 4656 quamvis
1890 4589 1944 4642 in

384 4696 576 4753 aquam
627 4677 985 4745 descenderit,
1039 4677 1280 4734 nondum
1314 4685 1518 4742 tamen,
1567 4691 1685 4733 mea
1728 4677 1944 4748 quidem

2051 4318 2431 4391 παραμείνας,
2470 4310 2875 4386 ἠλευθερῶσθαι
2913 4312 3013 4379 τῆς
3050 4306 3160 4361 τῶν
3208 4300 3611 4374 ἁμαρτημάτων

2050 4409 2312 4473 δουλείας,
2343 4406 2532 4477 ὥσπερ
2559 4404 2656 4475 οὐχ
2679 4402 2819 4474 ὁρῶν
2845 4399 3034 4455 ἑαυτὸν
3057 4399 3170 4460 τοῖς
3201 4396 3457 4466 πονηροῖς
3485 4392 3605 4444 ὑπο-

2052 4502 2329 4571 κεκυφότα
2358 4497 2666 4560 δεσπόταις.
2710 4492 2986 4564 Δεσπότης
3012 4492 3121 4561 γάρ
3144 4486 3228 4550 τίς
3256 4487 3403 4539 ὲστιν
3430 4483 3609 4571 ἄγριος

2054 4592 2150 4647 καὶ
2180 4569 2476 4659 λυσσώδης,
2510 4587 2571 4640 τὺ
2606 4584 2899 4640 ἀκόλαστον
2933 4579 3125 4641 πάθος,
3158 4575 3239 4646 τῷ
3276 4569 3609 4659 ἀνδραποδώ-

2052 4684 2132 4738 δει
2174 4658 2438 4751 λογισμῷ,
2472 4674 2585 4731 οἶόν
2610 4692 2721 4728 τισι
2765 4670 2982 4743 μάστιξι
3008 4670 3127 4731 ταῖς
3155 4665 3371 4737 ήδοναῖς
3411 4658 3611 4751 αἰκιζό-

385 4750 672 4837 sententia,
737 4770 1187 4827 sacramentalem
1255 4768 1432 4838 tetigit
1509 4782 1728 4838 aquam,
1790 4769 1936 4839 cujus

2058 4790 2236 4847 μενος.
2269 4750 2464 4833 ’Ἄλλος
2490 4764 2727 4828 τοιοῦτος
2754 4760 3019 4830 δεσπότης
3038 4761 3072 4829 ή
3101 4753 3385 4819 πλεονεξία
3404 4790 3420 4816 .
3452 4750 3601 4822 μηδε-

385 4862 661 4933 pr0prium
721 4868 805 4917 est
835 4858 1130 4934 perniciosi
1173 4859 1390 4930 tyranni
1431 4872 1497 4914 ac
1536 4859 1810 4917 exercitus
1862 4862 1936 4917 sui

2058 4840 2186 4939 μίαν
2220 4863 2403 4918 ἄνεσιν
2440 4858 2520 4930 τῷ
2559 4854 2866 4912 δουλεύοντι
2909 4849 3318 4923 παρεχόμενος.
3356 4841 3488 4898 ἀλλὰ
3513 4840 3612 4897 κάν

370 4953 700 5012 'destructio.

2057 4932 2227 5009 πολλά
2281 4952 2581 5025 ἐργάσηται
2604 4990 2619 5016 ,
2649 4948 2760 5010 τοῖς
2792 4943 3159 5014 ἐπιτάγμασιν
3196 4935 3482 5010 ὑπηρετῶν
3519 4932 3609 4987 τοῦ

377 5042 662 5109 δεσπότου,
694 5041 787 5095 καὶ
821 5040 884 5093 τὸ
910 5039 1046 5112 πρὸς
1080 5037 1376 5108 ἐπιθυμίαν
1418 5038 1567 5111 αὐτῷ
1614 5041 2054 5113 κατακτώμενος,
2106 5045 2243 5118 πρὸς
2284 5024 2345 5098 τὸ
2381 5041 2565 5096 πλεῖον
2632 5037 2721 5093 ἀεὶ
2760 5033 3156 5090 συνελαύνεται.
3208 5030 3319 5083 Καὶ
3373 5026 3445 5081 τὰ
3486 5024 3611 5079 ἀλλα

390 5136 578 5199 πάντα,
601 5136 703 5188 ὅσα
731 5132 820 5186 διά
840 5131 1036 5185 κακίαν
1064 5133 1386 5203 ἐνεργεῖται,
1414 5132 1692 5204 τυράννων
1719 5134 1815 5188 καὶ
1874 5114 2162 5192 δεσποτῶν
2199 5139 2347 5191 ἐστιν
2388 5130 2783 5202 ἀπαρίθμησις,
2815 5121 2897 5191 οἷς
2923 5123 3187 5180 δουλεύων
3215 5137 3321 5184 τις.
3348 5118 3451 5172 κᾶν
3485 5114 3608 5181 διεξ-

384 5226 653 5297 εληλυθὼς
684 5225 822 5299 τύχῃ
856 5225 918 5279 τὸ
957 5213 1119 5296 ὕδωρ,
1165 5222 1352 5289 οὔπω,
1388 5227 1529 5282 κατά
1573 5243 1637 5296 γε
1686 5226 1778 5282 τὸν
1835 5228 1967 5299 ὲμδν
2012 5230 2189 5300 λόγον,
2223 5228 2316 5284 τοῦ
2344 5225 2607 5301 μυστικοῦ
2641 5223 2832 5286 ὕδατος
2901 5220 3103 5289 ἔθιγεν,
3128 5208 3191 5272 οὗ
3230 5215 3390 5286 ἔργον
3415 5207 3552 5264 ἐστὶν
3576 5207 3615 5281 ἠ

385 5321 497 5378 τῶν
531 5320 778 5389 πονηοῶν
809 5319 1083 5391 τυράννων
1111 5318 1374 5378 ἀπώλεια.

468 5485 511 5521 ³⁵
542 5490 711 5548 Exod.
741 5505 839 5558 xu,
865 5489 956 5559 τι,
