3800 5980
222 199 339 256 365

1613 194 1703 251 DE
1742 193 1909 251 VITA
1942 190 2219 250 MOYSIS.

2306 68 2335 81 ,

3375 181 3480 238 366

314 314 479 370 ’Δλλὲ
516 314 654 387 πρὸς
672 315 740 369 τά
769 316 973 387 ἐφεξῆς
1007 314 1103 370 τοῦ
1130 314 1292 385 λόγου
1326 312 1679 387 προέλθωμεν
1710 311 1815 365 πά-

1988 305 2096 363 Sed
2152 319 2548 377 prosequamur
2588 301 2779 360 ordine
2822 309 3020 358 caetera
3058 307 3117 355 ut
3152 296 3479 366 incepimus.

226 402 336 458 λιν.
400 388 461 456 ’οἺ
487 404 598 475 γὰρ
628 404 851 458 διελθὼν
880 405 940 458 τὸ
975 404 1165 474 νοηθὲν
1211 405 1346 473 ἡμῖν
1390 401 1626 470 πέλαγος
1652 438 1667 462 ,
1709 399 1805 452 καὶ

231 491 360 546 ἰδὼν
399 494 459 547 ἐν
492 492 641 564 αύτῷ
681 495 873 565 νεκρὸν
901 493 993 546 τὸν
1028 491 1374 564 θεωρηθέντα
1409 489 1599 542 τοῦτον
1644 485 1808 555 Αίγύο

230 600 410 643 πτιον,
450 585 638 637 οὐκέτι
662 585 799 655 πρὸς
826 584 1065 638 Μωῦσέα
1104 583 1264 653 μόνον
1300 582 1400 651 ὁρᾷ
1433 580 1524 633 τὸν
1552 581 1652 648 τῆς
1676 580 1807 648 ἀρε-

228 676 331 743 τῆς
359 675 673 745 ῥαϐδοῦχον,
696 674 831 728 ἀλλά
858 675 1099 727 πιστεύει
1136 673 1256 743 μὲν,
1287 670 1429 725 κατά
1454 669 1516 722 τὸ
1536 666 1811 738 προηγού-

235 782 423 834 μενον,
461 765 541 835 τῴ
576 765 732 836 Θεῷ,
771 766 952 829 καθὼς
994 767 1023 818 6
1053 766 1156 835 τῆς
1186 762 1426 835 ἱστορίας
1464 762 1620 829 λόγος
1656 758 1810 829 φησὶν

232 855 483 908 πείθεται
504 856 563 909 δέ
589 856 666 926 τῷ
713 856 1005 926 θεράποντι
1036 855 1199 909 αὑτοῦ
1238 855 1491 908 Μωῦσείο
1534 852 1563 904 ὃ
1594 851 1689 904 καὶ
1717 849 1811 903 νῦν

236 945 513 1016 βλέπομεν
554 946 706 1016 παρά
739 947 847 998 τῶν
876 944 1091 1014 ἀληθῶς
1131 944 1193 996 τὸ
1222 942 1365 1013 ὕδωρ
1403 940 1813 1013 περαιουμένων

234 1035 551 1105 γινόμενον,
582 1035 630 1087 οἳ
661 1034 739 1105 τῷ
789 1035 907 1105 Θεῷ
951 1034 1173 1097 ἐαυτοῦς
1210 1034 1499 1096 ἀναθέντες
1521 1073 1535 1097 ,
1569 1035 1663 1085 καὶ
1700 1032 1813 1093 τοῖς

238 1125 605 1197 θεραπεύουσι
633 1126 722 1179 διὰ
750 1127 849 1196 τῆς
890 1125 1189 1197 ἱερωσύνης
1217 1125 1278 1177 τὸ
1315 1124 1491 1185 Θείον,
1541 1121 1813 1174 πείθονται

236 1216 336 1270 καὶ
380 1216 698 1277 ὑπείκουσι,
749 1216 931 1279 καθώς
971 1234 1133 1287 φησιν
1177 1218 1205 1269 6
1261 1213 1604 1275 Ἀπόστολος.
1667 1210 1814 1272 Ὁδὸς

242 1305 385 1377 μετά
410 1307 567 1359 τοῦτο
607 1305 701 1376 τὴν
730 1306 1000 1359 θάλασσαν
1041 1306 1205 1376 τριῶν
1246 1303 1465 1374 ἡμερῶν
1489 1300 1811 1371 διαδέχεται,

239 1401 303 1452 ἐν
389 1398 530 1451 κατὰ
550 1415 673 1450 τινα
693 1398 858 1451 τόπον
876 1396 1416 1469 στρατοπεδεύσασιν,
1445 1393 1641 1447 ἄποτον
1663 1389 1817 1461 παρά

239 1490 343 1560 τὴν
384 1489 611 1560 πρώτην
652 1488 714 1541 τὸ
752 1488 971 1559 εὑρεθὲν
1011 1486 1154 1557 ὕδωρ
1188 1486 1291 1538 ὑπὸ
1334 1484 1561 1554 πικρίας
1600 1482 1773 1551 ἐφάνη
1798 1497 1811 1511 ·

240 1580 383 1634 ἀλλά
416 1580 477 1632 τὸ
506 1579 662 1643 ξύλον
695 1578 929 1643 ἐντεθὲν,
964 1577 1231 1648 προσηνὲς
1262 1578 1373 1638 τοῖς
1404 1572 1598 1641 διψῶσι
1621 1572 1682 1624 τὸ
1721 1589 1816 1624 ποο

1905 396 2041 452 Nam
2071 397 2163 467 qui
2196 412 2345 452 mare
2374 396 2450 461 id,
2480 395 2627 466 quod
2647 394 3036 454 intelleximus,
3061 390 3173 461 jam
3199 397 3479 460 pertrans-

1904 488 2023 553 ivit,
2060 495 2115 541 et
2146 487 2456 558 IEgyptium
2492 486 2630 542 vidit
2684 486 2740 540 in
2769 485 2925 554 aquis
2969 481 3300 538 exstinctum
3320 521 3337 542 ,
3369 495 3481 534 non

1909 580 2085 634 solum
2109 580 2177 634 ad
2205 578 2427 648 Moysen
2457 578 2680 633 virtutis
2701 576 2912 647 virgam
2942 580 3218 644 gerentem
3235 572 3481 638 respicit,

1913 669 2010 725 sed
2068 669 2441 738 principaliter
2480 666 2699 737 quidem
2735 665 2847 722 Deo
2893 665 3089 729 credit,
3143 670 3202 717 ut
3249 662 3480 717 historia

1910 760 2121 816 tradit:
2172 759 2508 829 obtemperat
2537 759 2702 815 etiam
2751 757 2922 829 Moysi
2955 772 3116 812 servo
3154 755 3304 824 ejus:
3335 752 3483 824 quod

1911 866 2059 905 nunc
2090 866 2306 921 quoque
2344 851 2412 905 ab
2438 852 2525 907 his
2557 850 2635 917 ﬁt,
2667 851 2759 920 qui
2798 866 2892 919 per
2921 863 3116 918 aquam
3145 862 3272 903 vere
3305 855 3478 899 trans-

1912 940 2112 1005 ierunt,
2145 943 2236 1011 qui
2261 944 2474 1012 seipsos
2513 941 2624 997 Deo
2661 942 3006 1004 dediderunt,
3034 948 3088 996 ct
3107 937 3487 995 sacerdotibus

1913 1032 2029 1085 suis
2058 1032 2454 1100 obtemperant.
2492 1031 2598 1087 lter
2631 1042 2754 1102 post
2785 1032 2897 1085 haec
2942 1030 3112 1085 Judaei
3142 1029 3316 1085 tribus
3357 1042 3485 1098 per-

1912 1129 2141 1191 egerunt
2174 1122 2402 1188 diebus;
2445 1130 2625 1178 castra
2672 1121 2972 1190 metatique
3008 1119 3067 1174 in
3096 1118 3332 1189 quodam
3368 1119 3488 1172 loco

1914 1211 2155 1275 fuerunt,
2190 1212 2280 1266 ubi
2319 1227 2516 1281 aquam
2550 1220 2874 1282 repererunt
2911 1210 3274 1266 amaritudine
3318 1208 3489 1263 nimia

1914 1316 2258 1372 nequaquam
2314 1303 2606 1372 potabilem
2645 1322 2659 1358 :
2718 1303 2814 1359 sed
2870 1303 3076 1373 lignum
3121 1317 3152 1356 a
3200 1301 3385 1371 Moyse
3432 1300 3488 1354 in

1915 1408 2112 1462 aquam
2172 1393 2478 1448 immissum
2544 1395 2601 1448 in
2664 1394 3006 1449 dulcedinem
3070 1392 3489 1448 amaritudinem

1914 1485 2038 1553 ejus
2070 1486 2359 1539 convertit.
2396 1484 2535 1541 Huic
2558 1485 2802 1540 historiae
2828 1501 2916 1540 res
2951 1484 3091 1555 ipsa,
3124 1499 3284 1555 quam
3320 1483 3491 1553 spiri-

1898 1572 1899 1575 “
1921 1577 2161 1632 tualibns
2189 1576 2442 1633 accidere
2460 1574 2664 1632 Iudaeis
2683 1576 2956 1640 videmus,
2986 1575 3191 1645 optime
3213 1575 3490 1646 congruit.

241 1670 338 1723 τὸν
370 1669 762 1737 ἀπειργάσατο.
807 1645 1102 1738 Συμσαίνει
1131 1645 1241 1728 τοῖς
1270 1663 1576 1733 γινομένοις
1605 1664 1638 1730 ἡ
1673 1662 1818 1713 ἱστο-

1929 1666 2052 1720 Nam
2086 1667 2177 1737 qui
2202 1667 2576 1737 voluptatibus
2606 1667 2661 1721 in
2684 1667 2958 1736 baptismo
2984 1645 3344 1731 renuntiavit,
3370 1665 3495 1735 qui-

248 1758 373 1827 ρία·
421 1758 500 1828 τῷ
534 1758 642 1828 γὰρ
680 1756 1090 1812 καταλελοιπότι
1122 1755 1222 1817 τὰς
1253 1752 1556 1822 Αἰγυπτίας
1590 1750 1781 1821 ἡδονὰς
1802 1789 1818 1815 ,

245 1842 339 1910 αἷς
363 1848 605 1900 ἐδούλευε
638 1848 768 1918 πρὶν
797 1847 1047 1916 διαϐῆναι
1074 1845 1172 1916 τὴν
1198 1844 1491 1906 θάλασσαν,
1519 1841 1822 1911 δύσληπτος

246 1939 346 1991 καὶ
377 1938 544 2009 ἀηδὴς
575 1940 603 1991 6
637 1938 748 2007 βίος
780 1940 808 1991 6
844 1938 950 1991 τῶν
988 1937 1188 2008 ἡδονῶν
1233 1936 1635 2007 κεχωρισμένος
1673 1933 1823 2004 παρά

245 2028 351 2097 τὴν
389 2028 612 2099 πρώτην
642 2028 810 2082 δοκεῖ.
859 2027 997 2082 Ἀλλ’
1028 2029 1077 2080 εἰ
1110 2028 1172 2080 τὸ
1219 2027 1371 2093 ξύλον
1409 2026 1705 2098 ἐμβληθείη
1747 2026 1825 2095 τῷ

248 2118 427 2180 ὕδατι,
462 2120 759 2184 τουτέστιν,
799 2119 925 2173 είτδ
948 2119 1048 2187 τῆς
1079 2118 1428 2182 ἀναστάσεως
1464 2136 1550 2182 τις
1582 2118 1827 2189 παραλά-

248 2210 337 2263 6οι
370 2212 683 2281 μυστήριον,
716 2210 745 2263 ὃ
770 2210 857 2263 διὰ
879 2211 973 2263 τοῦ
1006 2210 1161 2274 ξύλου
1193 2210 1291 2281 τὴν
1331 2210 1502 2281 ἀρχὴν
1532 2210 1655 2282 ἔσχε
1691 2212 1709 2280 (
1735 2210 1827 2275 ξύ-

248 2295 341 2349 λον
367 2298 425 2350 δὲ
455 2297 695 2360 ἀκούσας
720 2338 734 2362 ,
766 2299 856 2351 τὸν
894 2298 1127 2371 σταυρὸν
1160 2299 1373 2363 πάντως
1402 2300 1685 2369 ἐνόησας),
1707 2301 1827 2353 τότε

249 2389 455 2451 παντὸς
491 2388 909 2458 γλυκύσματος,
942 2388 1033 2441 τοῦ
1079 2389 1175 2457 τὴν
1224 2388 1475 2459 αἴσθησιν
1521 2390 1589 2441 δι’
1634 2389 1828 2460 ἡδονῆς

250 2480 709 2552 γαργαλίζοντος,
763 2479 1095 2551 γλυκύτερός
1130 2497 1191 2533 τε
1234 2481 1329 2532 καὶ
1384 2480 1757 2551 ποτιμώτερος
1798 2482 1828 2534 6

252 2573 389 2626 κατ’·
410 2562 623 2642 ἀρετὴν
654 2572 863 2640 γίνεται
895 2570 1006 2640 βίος
1026 2611 1041 2634 ,
1072 2573 1137 2641 τῇ
1170 2572 1344 2624 ἐλπίδι
1375 2572 1483 2625 τῶν
1529 2571 1828 2640 μελλόντων

251 2664 669 2733 ἐφηδυνόμενος.
716 2663 780 2715 Ἠ
819 2663 876 2716 δὲ
906 2662 1105 2732 ἐφεξῆς
1150 2661 1251 2732 τῆς
1308 2662 1615 2733 ὁδοιπορίας
1662 2680 1830 2716 κατα-

250 2753 431 2824 γωγὴ,
483 2752 679 2821 φοίνιξι
724 2754 818 2805 καὶ
862 2753 1066 2823 πηγαῖς
1095 2750 1473 2821 ἀϐρυνομένη,
1513 2749 1830 2803 διαναπαύει

250 2845 363 2898 τῶν
394 2842 813 2913 ὁδοιπορούντων
872 2842 963 2895 τὸν
1010 2842 1196 2895 κόπον.
1242 2840 1362 2892 Εἰσὶ
1407 2840 1464 2892 δὲ
1510 2838 1830 2892 δυοκαίδεκα

255 2935 358 3005 μὲν
391 2934 498 2987 τῶν
545 2934 751 2987 ὑδάτων
784 2935 841 2986 αἱ
872 2935 1077 3004 πηγαὶ,
1115 2931 1354 3002 καθαροῦ
1384 2949 1444 2984 τε
1493 2931 1586 2985 καὶ
1615 2931 1828 3001 ἡδίστου

251 3027 497 3095 νάματος
520 3041 531 3052 ’
557 3025 921 3095 ἐϐδομήκοντα
951 3025 1008 3077 δέ
1033 3024 1081 3076 οἱ
1112 3023 1369 3092 φοίνικες,
1403 3021 1717 3092 εὐμεγέθεις
1736 3023 1828 3074 καὶ
1854 3005 1896 3062 C

254 3116 515 3185 ὑψίκομοι
539 3156 555 3181 ,
581 3114 675 3168 τοῦ
704 3116 896 3186 χρόνου
922 3115 990 3168 τὰ
1015 3114 1205 3186 δένδρα
1236 3113 1371 3183 πρὸς
1394 3111 1541 3181 ὕψος
1570 3112 1822 3183 ἄραντος,

254 3208 323 3262 Τί
351 3204 445 3262 οὖν
472 3209 529 3262 ἐν
558 3206 767 3271 τούτοις
799 3207 1147 3277 εὑρίσκομεν,
1180 3204 1247 3258 δι’
1277 3202 1571 3257 ἀκολούθου
1607 3203 1826 3275 προϊού-

255 3314 359 3366 σης
389 3297 489 3367 τῆς
522 3294 757 3367 ἱστορίας
782 3313 796 3361 ;
826 3296 905 3348 ὅτι
930 3296 991 3347 τὸ
1021 3292 1114 3347 τοῦ
1147 3293 1302 3357 ξύλου
1334 3292 1651 3362 μυστήριον,
1680 3291 1746 3344 δι’
1765 3285 1827 3345 οὗ

255 3387 488 3457 πότιμον
523 3388 621 3458 τῆς
665 3387 865 3456 ἀρετῆς
897 3386 958 3438 τὸ
1006 3384 1149 3456 ὕδωρ
1198 3386 1309 3446 τοῖς
1356 3382 1549 3451 διψῶσι
1598 3381 1824 3450 γίνεται,

256 3472 528 3542 προσάγει
568 3474 713 3542 ἡμᾶς
764 3475 883 3534 ταῖς
921 3471 1238 3524 δυοκαίδεκα
1291 3472 1518 3541 πηγαῖς,
1566 3470 1660 3522 καὶ
1711 3474 1826 3534 τοῖς

257 3561 631 3631 ἐϐδομήκοντα
672 3559 887 3629 φοίνιξι,
930 3560 1209 3623 τουτέστι,
1249 3562 1315 3629 τῇ
1358 3557 1454 3611 τοῦ
1492 3558 1828 3626 Εύαγγελίου

254 3650 607 3721 διδασκαλίᾳ,
638 3652 695 3703 ἐν
786 3650 961 3721 ττηγαλ⁵
994 3649 1092 3720 μέν
1130 3651 1236 3702 εἰσι
1265 3648 1585 3702 δυοκαίδεκα
1622 3650 1672 3700 οἱ
1697 3648 1831 3702 ἀπόο

259 3738 437 3792 στολοι
456 3777 470 3800 ,
506 3738 791 3802 τοσούτους
820 3735 915 3791 τοῦ
950 3738 1154 3808 Κυρίου
1185 3738 1321 3808 πρὸς
1348 3738 1447 3809 τὴν
1472 3737 1665 3808 χρείαν
1702 3737 1835 3790 ταύ-

255 3844 360 3897 την
387 3829 770 3899 ὲκλεξαμένου,
819 3830 913 3882 καὶ
944 3828 1213 3899 πηγάζειν
1255 3828 1321 3882 δι’
1347 3828 1527 3882 αὐτῶν
1565 3828 1657 3883 τὸν
1679 3829 1834 3897 λόγον

266 3923 589 3992 ποιήσαντος
610 3937 621 3950 ·
652 3921 727 3984 ὼς
759 3921 852 3975 καί
881 3937 1004 3975 τινα
1045 3921 1154 3973 τῶν
1192 3919 1486 3991 προφητῶν
1518 3936 1837 3991 προαναφω-

258 4012 424 4083 νῆσαι
451 4013 551 4082 τὴν
584 4014 649 4065 ἐκ
682 4010 790 4065 τῶν
818 4011 1133 4065 ἀποστόλων
1158 4010 1428 4082 βρύουσαν
1452 4011 1634 4081 χάριν,
1665 4011 1724 4064 ἐν
1754 4004 1836 4073 οἷς

260 4119 448 4174 φησιν,
466 4102 589 4154 «Ἑν
622 4100 940 4172 ἐκκλησίαις
961 4102 1231 4170 εὐλογεῖτε
1260 4102 1353 4154 τὸν
1389 4100 1744 4172 ΘεὸννΚύριον
1773 4102 1839 4154 ἐκ

261 4192 457 4263 πηγῶν
499 4191 1177 4265 Ἱσραήλ.›Ἐϐδομήκοντα
1197 4185 1458 4246 δ’ἂνεῖεν
1492 4192 1756 4261 φοίνικες,
1787 4194 1837 4246 οι

260 4283 404 4337 κατά
435 4284 615 4335 πᾶσαν
631 4281 729 4351 τὴν
747 4282 1066 4352 οἰκουμένην
1092 4280 1196 4348 ἔξω
1218 4280 1327 4333 τῶν
1350 4280 1556 4335 δώδεκα
1580 4281 1838 4353 μαθητῶν

264 4372 825 4444 ἐπιχειροτονηθέντες
854 4372 1177 4439 ἀπόστολοι,
1208 4370 1448 4425 τοσοῦτοι
1486 4372 1576 4425 τὸν
1608 4372 1839 4443 ἀριθμὸν

258 4463 437 4524 ὅντες,
473 4464 629 4525 ὅσους
664 4458 803 4515 εἶναί
843 4479 1007 4531 φησιν
1032 4462 1064 4531 ή
1094 4461 1300 4531 ἱστορία
1328 4459 1455 4523 τοὺς
1486 4462 1753 4529 φοίνικας.

348 4552 487 4604 Ἀλλ’
517 4554 867 4607 ἐπισπεύδειν
897 4549 1051 4623 οἶμαι
1086 4553 1381 4623 προσήκειν
1404 4551 1504 4623 τὴν
1528 4552 1836 4623 ὁδοιπορίαν

256 4646 352 4700 διὰ
388 4646 483 4699 τού
523 4646 681 4715 λόγου
706 4686 721 4711 ,
761 4648 828 4700 δι’
858 4648 1072 4715 ὀλίγων,
1113 4640 1187 4700 ὧν
1235 4645 1603 4717 παρεθέμεθα,
1650 4646 1839 4716 ῥᾳδίαν

256 4740 374 4800 τοῖς
408 4736 856 4809 φιλοπονωτέροις
882 4738 980 4810 τὴν
1001 4737 1233 4808 θεωρίαν
1259 4739 1581 4807 ποιήσαντες
1604 4735 1711 4789 τῶν
1736 4734 1847 4788 λοι-

258 4828 383 4882 πῶν
412 4829 791 4899 παρεμεολῶν.
839 4829 1057 4899 Ἀρεταὶ
1075 4829 1119 4881 δ’
1148 4828 1214 4882 ἂν
1246 4823 1354 4881 εἷεν
1380 4829 1436 4880 αἱ
1472 4826 1843 4899 παρεμϐολαίο

258 4915 352 4980 αἷς
374 4921 403 4972 6
418 4918 497 4989 τῷ
516 4918 693 4989 στύλῳ
712 4919 808 4989 τῆς
829 4919 1054 4987 νεφέλης
1072 4918 1353 4989 ἑπόμενος,
1376 4916 1612 4986 καθεξῆς
1644 4916 1847 4987 προῖὼν

258 5008 744 5081 ἐνστρατοπεδεύει
792 5009 887 5061 καὶ
938 5007 1299 5062 ἀναπαύεται.
1364 5009 1476 5072 Τάς
1525 5003 1618 5061 οὖν
1665 5011 1724 5062 ἐν
1767 5008 1845 5078 τῷ

260 5101 415 5172 μέσῳ
453 5102 781 5170 καταγωγὰς
825 5101 1070 5173 ὑπερϐὰς
1112 5103 1190 5172 τῷ
1222 5102 1386 5172 λόγῳ,
1431 5101 1531 5170 τῆς
1571 5100 1711 5154 κατὰ
1741 5101 1841 5173 τὴν

258 5195 468 5264 πέτραν
499 5193 930 5263 θαυματοποιῒας
971 5193 1447 5265 ἐπιμνησθήσομαι
1466 5234 1482 5259 ,
1523 5186 1591 5264 ἦς
1620 5194 1653 5263 ἡ
1681 5192 1843 5261 φύσις

256 5286 291 5353 ἠ
321 5284 619 5355 ἀντιτυπὴς
648 5285 742 5337 καὶ
765 5285 1099 5355 στερέμνιος,
1129 5287 1292 5338 ποτὸν
1321 5287 1432 5348 τοῖς
1461 5285 1684 5353 διψῶσιν
1717 5286 1843 5354 ἐγέο

256 5391 401 5439 νετο,
438 5377 517 5439 εἰς
547 5373 738 5438 ὓδατος
782 5374 1129 5449 μαλακότητα
1155 5376 1256 5449 τῆς
1297 5376 1618 5441 ἀντιτυπίας
1646 5377 1843 5431 ἀναλυ-

329 5551 371 5584 ³⁷
403 5549 553 5607 Psal.
589 5565 765 5617 van,
793 5549 889 5609 27,

1920 1758 2023 1814 bus
2051 1759 2106 1813 in
2136 1758 2321 1828 priore
2346 1758 2456 1812 vita
2485 1758 2772 1822 serviebat,
2800 1773 3046 1811 amarum
3076 1765 3236 1827 atque
3262 1756 3491 1811 arduum

1919 1847 2128 1904 Christi
2162 1850 2351 1919 jugum
2381 1849 2430 1905 ei
2458 1850 2636 1919 primo
2669 1849 2907 1913 videtur,
2949 1847 3045 1903 sed
3070 1848 3276 1918 lignum
3315 1846 3493 1917 quod-

1921 1940 2044 1994 dam
2088 1941 2417 2004 immissum,
2472 1940 2524 1994 id
2558 1946 2644 1995 est
2684 1939 3104 1995 resurrectionis
3152 1939 3494 2010 mysterium,

1922 2032 2066 2100 quod
2098 2046 2195 2101 per
2221 2031 2427 2101 lignum
2467 2031 2781 2087 inchoatum
2810 2039 2915 2094 est,
2969 2046 3065 2101 per
3090 2045 3312 2085 erucem
3345 2030 3497 2085 vide-

1925 2120 2046 2175 licet
2074 2118 2298 2185 Christi,
2332 2118 2425 2189 qui
2455 2118 2508 2172 in
2536 2133 2700 2175 cruce
2723 2125 2971 2175 mortuus
3000 2126 3105 2185 est,
3142 2119 3216 2182 id,
3248 2120 3493 2189 inquam,

1925 2210 2347 2265 resurrectionis
2405 2210 2724 2281 mysterium
2790 2217 2907 2263 toto
2971 2208 3136 2265 corde
3193 2209 3493 2267 admissum

1925 2307 2090 2369 atque
2126 2298 2413 2363 creditum,
2449 2297 2757 2352 suaviorem
2809 2295 2988 2351 reddit
3025 2297 3213 2357 vitam,
3261 2312 3385 2367 quae
3411 2313 3500 2353 se-

1926 2390 2167 2445 cundum
2192 2388 2473 2444 Christum
2504 2396 2607 2453 est,
2631 2387 2889 2444 omnibus
2914 2404 3036 2458 qua:
3064 2388 3351 2444 dulcedine
3375 2405 3499 2443 sen-

1926 2494 2046 2534 sum
2078 2476 2435 2548 perl'undunt,
2472 2492 2568 2546 spe
2598 2476 2908 2530 futurorum
2936 2475 3336 2545 iucundissime
3365 2492 3498 2531 con-

1926 2569 2119 2623 ditam.
2154 2567 2388 2623 Deduxit
2415 2583 2510 2624 eos
2541 2578 2728 2637 postea
2760 2566 2892 2622 illud
2923 2568 3026 2623 iter
3064 2567 3131 2622 ad
3157 2568 3274 2622 loca
3303 2568 3498 2638 palmis

1927 2658 2137 2714 consita
2182 2668 2236 2714 et
2267 2658 2507 2715 fontibus
2534 2672 2780 2723 amoena,
2837 2659 3136 2728 quibusin
3184 2658 3320 2713 locis
3368 2657 3496 2713 fessi

1929 2750 2336 2819 requieverunt.
2359 2735 2530 2805 Erant
2555 2757 2734 2806 autem
2756 2750 3042 2805 duodecim
3073 2750 3291 2821 quidem
3326 2749 3502 2805 fontes

1930 2856 2085 2911 aqua:
2129 2841 2368 2911 limpida:
2425 2848 2589 2912 atque
2634 2841 2833 2898 dulcis.
2867 2840 3067 2897 Palma:
3099 2856 3228 2896 vero
3284 2849 3503 2912 septua-

1931 2933 2099 3003 ginta,
2149 2932 2526 3003 magnitudine
2556 2933 2852 2999 mirabiles,
2884 2934 3066 3002 specie
3098 2933 3500 3003 pulcherrimae,

1930 3021 2111 3077 fructu
2140 3023 2423 3091 perutiles.
2465 3023 2603 3089 Quid
2642 3024 2809 3094 igitur
2837 3024 2939 3078 hoc
2971 3023 3210 3078 historia}
3235 3023 3503 3079 discimus

1926 3113 2160 3169 ordine?
2197 3114 2343 3184 quod
2368 3114 2581 3169 scilicet
2614 3115 2796 3169 crucis
2832 3115 3177 3185 mysterium,
3214 3129 3324 3185 quo
3352 3122 3505 3185 pota-

1926 3205 2052 3259 bilis
2082 3205 2303 3261 virtutis
2335 3220 2475 3276 aqua
2508 3206 2822 3262 sitientibus
2858 3206 2937 3272 ﬁt,
2965 3205 3032 3260 ad
3064 3206 3355 3262 duodecim
3386 3206 3506 3260 fon-

1928 3301 2010 3351 tes
2042 3309 2106 3351 ac
2136 3296 2482 3365 septuaginta
2505 3296 2740 3366 palmas,
2771 3296 2874 3350 hoc
2895 3303 3000 3360 est,
3033 3296 3099 3351 ad
3124 3295 3503 3368 Evangelicam

1929 3400 2029 3438 nos
2057 3384 2279 3441 adducit
2313 3385 2640 3452 doctrinam,
2680 3385 2735 3439 in
2771 3400 2879 3455 qua
2903 3384 3083 3463 fontes
3116 3387 3336 3456 quidem
3364 3387 3505 3442 duo-

1931 3476 2101 3529 decim
2123 3485 2253 3530 sunt
2282 3476 2385 3545 ipsi
2418 3476 2654 3544 apostoli
2683 3490 2699 3527 :
2734 3475 3020 3531 duodecim
3046 3476 3190 3531 enim
3218 3476 3287 3532 ad
3316 3476 3506 3547 praedi-

1930 3566 2167 3620 candum
2226 3565 2581 3635 Evangelium
2640 3565 2907 3621 Dominus
2958 3566 3157 3638 elegit,
3217 3582 3313 3637 per
3363 3582 3505 3638 quos

1932 3655 2207 3725 Evangelii
2244 3657 2487 3710 sonitum
2521 3671 2782 3712 emanare
2828 3652 3021 3711 voluit.
3061 3650 3309 3724 Namque
3374 3671 3507 3725 apo—

1933 3743 2089 3800 stolis
2118 3758 2436 3799 concessam
2467 3743 2734 3801 divinitus
2759 3744 2990 3817 gloriam
3017 3742 3308 3798 Psalmista
3334 3746 3507 3798 multo

1935 3842 2062 3890 ante
2087 3834 2308 3899 cecinit,
2357 3833 2451 3889 ubi
2476 3834 2613 3889 dicit
2646 3835 2702 3890 in
2736 3835 3123 3891 cantionibus:
3159 3833 3510 3890 «Benedicite

1936 3925 2225 3980 Dominum
2254 3924 2425 3981 Deum
2454 3941 2521 3981 ex
2550 3924 2794 3984 fontibus
2822 3925 2990 3982 Israel
3011 3927 3110 3980 ³⁷.»
3155 3924 3510 3997 Septuaginta

1935 4031 2067 4072 vero
2094 4018 2286 4088 palma:
2320 4025 2445 4088 post
2469 4016 2757 4075 duodecim
2787 4018 3086 4089 discipulos
3111 4019 3346 4075 ordinati
3377 4033 3509 4090 apo-

1938 4110 2064 4164 stoli
2115 4117 2278 4175 sunt,
2334 4109 2428 4179 qui
2491 4110 2546 4164 in
2604 4112 2918 4166 universum
2983 4118 3253 4165 terrarum
3322 4112 3506 4166 orbem

1938 4198 2155 4264 emissi,
2220 4207 2300 4252 tot
2349 4214 2578 4254 numero
2623 4200 2847 4255 fuerunt
2894 4210 3027 4273 quot
3077 4202 3284 4269 palmas
3340 4201 3512 4256 fuisse

1944 4298 2133 4344 narrat
2170 4289 2420 4344 historia.

1873 4342 1919 4400 Ι)

2016 4559 2218 4615 Verum
2264 4561 2522 4630 quoniam
2554 4572 2674 4628 quae
2721 4556 2980 4626 deinceps
3017 4564 3314 4612 narrantur
3358 4570 3513 4611 man-

1943 4653 2150 4717 siones,
2181 4668 2279 4723 per
2301 4668 2363 4707 ea
2397 4667 2520 4721 quae
2556 4652 2795 4707 diximus
2822 4650 3007 4705 faciles
3038 4658 3167 4705 sunt
3202 4649 3509 4705 intellectu:

1950 4744 2182 4800 virtutes
2211 4746 2356 4799 enim
2392 4744 2523 4797 mihi
2567 4741 2875 4812 signiﬁcare
2900 4741 3175 4804 videntur,
3211 4740 3267 4793 in
3311 4741 3513 4810 quibus

1946 4833 2038 4903 qui
2076 4833 2272 4888 nubem
2318 4832 2588 4902 sequitur,
2615 4840 2796 4886 castra
2823 4837 3058 4885 metatur
3086 4837 3140 4883 et
3184 4829 3509 4898 requiescit:

1945 4938 2040 4978 eas
2068 4923 2351 4978 brevitatis
2382 4936 2549 4976 causa
2599 4928 2793 4991 sponte
2832 4927 3228 4989 transgressus,
3260 4918 3511 4972 miraculi

1946 5030 2056 5068 non
2103 5012 2397 5069 obliviscar
2441 5012 2622 5077 illius,
2676 5028 2786 5081 quo
2832 5010 2969 5065 dura
3006 5018 3061 5063 et
3096 5009 3270 5063 solida
3317 5004 3513 5078 lapidis

1946 5113 2141 5159 natura
2204 5105 2261 5159 in
2333 5118 2597 5172 aquarum
2668 5116 2933 5157 conversa
2990 5100 3293 5163 mollitiem,
3352 5108 3513 5170 potus

1949 5195 2259 5250 sitientibus
2289 5192 2429 5246 facta
2460 5201 2564 5247 est.
2593 5191 2854 5257 Quamvis
2876 5208 2985 5247 non
3026 5193 3097 5247 sit
3126 5190 3342 5247 diiiicile
3380 5205 3513 5244 ana-

1948 5285 2151 5357 gogicze
2179 5284 2542 5355 speculationi
2569 5284 2766 5338 seriem
2799 5284 3042 5339 historiae
3070 5284 3327 5354 adaptare
3350 5290 3515 5352 atque

1947 5385 2290 5435 conneCtere.
2324 5373 2457 5431 Nam
2494 5374 2589 5445 qui
2620 5372 2935 5445 )Egyptium
2965 5376 3021 5429 in
3051 5376 3209 5447 aquis
3237 5382 3512 5431 mortuum
