3766 5988
310 213 414 269 567
1572 200 1629 255 S.
1670 198 1797 253 GRE

2069 193 2335 250 lYSSENl
3460 188 3556 243 568

308 322 618 391 dereliquit,
669 328 723 375 et
764 333 950 373 ainara
1004 318 1154 387 ligno
1177 314 1360 369 crucis
1387 312 1569 367 dulcia
1621 312 1726 368 sibi
1757 325 1795 364 ci

2073 308 2198 378 ἴσης.
2266 304 2403 359 Ἀλλ’
2454 303 2629 366 οὐδεὶς
2666 303 2824 366 πόνος
2882 303 3264 374 προσαρμόσαι
3310 304 3376 374 τῇ
3423 303 3560 357 κατὰ

313 415 461 477 fecit,
488 421 544 467 et
572 411 917 465 abundanter
946 423 1011 462 ex
1046 407 1292 461 fontibus
1331 404 1647 475 apostolicis
1680 417 1745 456 ac
1783 417 1800 456 ε

2072 396 2277 466 ιγωγὴν
2318 395 2519 467 θεωρίᾳ
2563 394 2659 465 τὴν
2692 396 2789 465 τῆς
2835 394 3078 465 ἱστορίας
3108 395 3449 448 ἀκολουθίαν.
3505 396 3559 447 Ὀ

309 506 505 560 umbra
530 503 832 571 palmarum
855 499 1144 569 requievit,
1176 498 1223 552 is
1244 496 1356 565 jam
1385 495 1451 549 ad
1479 490 1789 562 suscipiend

2070 508 2097 561 ρ
2138 492 2195 543 ὲν
2237 488 2315 559 τῷ
2347 488 2500 563 ὕδατι
2546 485 2860 541 καταλιπὼν
2896 486 3089 558 νεκρὸν
3115 486 3205 540 τὸν
3238 485 3557 554 Αίγύπτιον,

312 596 482 650 Deum
508 596 564 647 lit
596 593 844 647 idoneus.
866 590 1032 660 Lapis
1052 589 1222 652 enim,
1257 597 1315 641 ut
1337 586 1603 655 Apostolo
1619 586 1797 653 placet

2072 582 2180 651 ιτῷ
2211 580 2352 651 ξύλῳ
2380 579 2700 648 γλυκανθεὶς
2722 619 2736 639 ,
2775 579 2870 631 καὶ
2914 580 3034 641 ταῖς
3063 577 3449 641 ἀποστολικαῖς
3478 578 3559 630 ὲν-

310 683 565 739 Christus
591 691 696 745 est,
754 682 937 736 siccus
974 689 1029 735 et
1075 681 1248 734 durus
1284 678 1511 733 nimium
1554 674 1795 729 inﬁdelib

2074 674 2265 743 »φήσας
2294 674 2515 742 πηγαῖς.
2544 671 2648 723 ὑπό
2672 688 2730 722 τε
2762 673 2827 740 τῇ
2858 671 2986 739 σκιᾷ
3011 669 3118 723 τῶν
3146 670 3404 737 φοινίκων
3441 670 3561 723 ἀνα-

311 776 399 828 cui
431 775 475 829 si
512 776 604 844 qui
639 774 845 843 virgam
874 771 996 826 ﬁdei
1038 772 1331 834 adducam,
1361 775 1522 838 potus
1563 767 1619 820 lit
1647 768 1798 821 sitien

2072 764 2352 833 υσάμενος,
2379 758 2530 825 οὗτος
2560 762 2661 832 ἢδη
2677 763 2771 814 καὶ
2786 760 2877 814 τοῦ
2899 759 3034 813 Θεοῦ
3056 759 3302 823 δεκτικὸς
3333 758 3559 828 γίνεται.

311 866 416 920 bus
448 866 589 918 intro
614 866 669 917 in
697 865 845 933 ipsos
873 861 1050 916 ﬂuens
1078 868 1240 931 atque
1270 875 1520 913 manans.
1559 878 1576 909 ι
1601 859 1709 926 Ego
1740 873 1798 910 en

2094 854 2201 926 γὰρ
2223 854 2419 923 πέτρα,
2444 853 2623 915 καθώς
2658 869 2818 921 φησιν
2840 854 2868 905 6
2908 851 3247 914 Ἀπόστολος,
3277 852 3306 903 6
3331 850 3565 922 Χριστός

310 967 365 1012 et
389 942 548 1011 Pater
581 971 795 1019 meus,»
836 954 1033 1023 inquit.
1074 952 1417 1015 «veniemus,
1460 957 1513 1003 et
1553 948 1794 1002 mansion

2076 961 2134 996 :rv
2156 984 2172 1007 ,
2209 943 2438 1013 ἀνικμός
2478 959 2560 1004 τις
2600 942 2695 995 καὶ
2724 943 3022 1013 ἀντιτυπὴς
3049 944 3161 1004 τοῖς
3202 941 3452 1003 ἀπίστοις
3472 956 3484 967 ·
3516 943 3563 993 εί

311 1049 367 1102 in
416 1049 534 1117 ipso
587 1045 978 1101 faciemus”.r
1030 1042 1167 1097 Illud
1195 1058 1323 1097 vero
1364 1037 1798 1112 praetermittendt

2079 1053 2161 1098 τις
2196 1035 2462 1105 προσάγοι
2492 1035 2590 1103 τὴν
2617 1033 2810 1102 ράόδον
2834 1033 2935 1103 τῆς
2971 1034 3224 1096 πίστεως.
3262 1032 3423 1095 ποτὸς
3451 1034 3563 1091 τοῖς

310 1138 460 1191 nullo
484 1146 641 1205 pacto
660 1143 764 1201 est,
794 1134 939 1204 quod
974 1143 1324 1203 posteaquam
1355 1147 1501 1185 mare
1524 1130 1796 1184 trausieru

2077 1126 2178 1178 ὦσι
2206 1126 2511 1194 γινόμενος,
2542 1127 2635 1178 καὶ
2670 1126 2819 1189 ἐντὸς
2851 1124 2958 1178 τῶν
2987 1117 3375 1194 εἰσδεχομένων
3402 1124 3563 1176 αὑτὸν

310 1237 662 1299 posteaquam
722 1225 1030 1279 amaritudo
1083 1239 1348 1293 aquarum
1419 1222 1624 1277 sitienti
1686 1221 1797 1273 vini

2082 1219 2270 1289 ρέων.«
2292 1216 2434 1285 Ἐγὼ
2460 1216 2590 1288 γὰρ,
2634 1218 2785 1286 φησὶ,
2820 1217 2913 1270 καὶ
2941 1218 2970 1270 6
3001 1218 3189 1288 Πατήρ
3220 1233 3321 1285 μου
3351 1215 3564 1268 ἐλευσόο

310 1318 439 1387 Ιίεηί
468 1318 539 1371 ~in
586 1315 928 1370 dulcedinem
976 1329 1240 1370 conversa
1268 1321 1372 1374 est,
1410 1319 1762 1381 posteaquam
1793 1334 1797 1357 ε

2075 1313 2163 1377 ια,
2197 1312 2291 1365 καὶ
2325 1310 2488 1381 μονὴν
2519 1312 2647 1382 παρ’
2680 1310 2831 1379 αὐτῷ
2881 1310 3236 1380 ποιησόμεθα.
3259 1308 3471 1374 ’Ἄξιον
3505 1310 3562 1363 δὲ

309 1408 497 1462 liciose
532 1405 674 1476 apud
709 1405 886 1460 fontes
917 1414 970 1459 et
1002 1406 1213 1474 palmas
1242 1402 1481 1463 fuerunt,
1525 1412 1711 1471 postea
1740 1400 1796 1455 de

2076 1402 2122 1455 δὲ
2163 1402 2320 1455 τοῦτο
2376 1402 2751 1472 παραδραμεῖν
2795 1399 3105 1471 ἀθεώρητον
3132 1441 3146 1465 ,
3190 1401 3271 1452 ὅτι
3317 1400 3453 1470 μετά
3502 1401 3563 1453 τὸ

306 1512 413 1567 que
444 1513 609 1567 quam
642 1512 706 1552 ex
743 1497 920 1566 lapide
945 1497 1223 1555 biberunt,
1259 1505 1388 1549 tunc
1414 1509 1534 1563 qua:
1555 1494 1623 1547 ab
1650 1492 1789 1563 A‘ng

2077 1494 2233 1563 ϐῆναι
2276 1494 2375 1564 τὴν
2420 1494 2714 1557 θάλασσαν,
2764 1494 2857 1546 καὶ
2899 1490 3266 1562 γλυκανθῆναι
3314 1494 3424 1554 τοῖς
3462 1492 3564 1561 τῆς

307 1587 503 1641 viatica
536 1594 590 1641 et
623 1587 776 1642 cibos
805 1586 912 1641 sibi
955 1595 1372 1653 assumpserunt
1418 1584 1636 1652 penitus
1666 1597 1763 1636 eos
1790 1605 1794 1630 ι

2074 1587 2188 1653 ετῆς
2217 1584 2515 1655 ὁδοιπόροις
2537 1585 2598 1637 τὸ
2623 1583 2786 1652 ὓδωρ,
2810 1584 2903 1637 καὶ
2927 1584 3064 1653 μετά
3084 1584 3182 1653 τὴν
3208 1583 3384 1654 ἀϐράν
3416 1583 3561 1635 ἑκεί-

306 1677 570 1741 fecerunt,
628 1685 758 1731 tunc
787 1677 933 1730 omni
982 1677 1316 1730 nutrimento
1362 1674 1507 1743 quod
1544 1674 1612 1727 ab
1645 1671 1793 1743 Aiax

2076 1695 2082 1719 ι
2112 1641 2422 1744 δίάγωγὴν,
2460 1641 2558 1745 τῆν
2590 1641 2746 1728 κατὰ.
2766 1641 2863 1738 τὰς
2895 1641 3076 1746 πηγὰς
3106 1641 3201 1727 καὶ
3232 1641 3358 1737 τοὺς
3387 1674 3563 1742 φοίνιο

306 1768 555 1822 ferebant
583 1768 893 1836 absumpto,
923 1766 1158 1835 desuper
1184 1766 1285 1819 sibi
1312 1765 1501 1819 deﬂuit
1523 1764 1678 1818 cilius
1701 1778 1793 1815 var

2073 1784 2109 1829 ς,
2144 1768 2238 1819 καὶ
2264 1765 2401 1836 μετά
2425 1766 2485 1818 τὸ
2512 1771 2656 1821 πιεῖν
2670 1769 2732 1820 ἐκ
2748 1768 2846 1837 τῆς
2866 1767 3067 1838 πέτρας
3079 1766 3199 1820 τότε
3224 1763 3501 1825 παντελῶς
3527 1766 3560 1833 ὴ

303 1859 465 1913 simul
495 1869 548 1913 et
584 1859 832 1928 simplex.
876 1855 1114 1926 Simplex
1150 1860 1266 1911 visu
1297 1866 1458 1925 atque
1501 1855 1716 1914 unicus,
1750 1872 1790 1923 q‘

2078 1875 2092 1908 θ
2121 1857 2434 1924 Αἰγυπτίων
2464 1855 2692 1924 ἐφοδίων
2716 1856 2986 1925 ἐπίλειψις
3017 1856 3242 1923 γίνεται.
3283 1857 3389 1908 Καὶ
3421 1854 3565 1908 οὕτω

305 1950 458 2005 litate
494 1950 699 2013 varius,
735 1950 800 2004 ad
833 1950 1171 2017 singulorum
1205 1948 1532 2015 cupiditates
1554 1961 1614 2001 se
1642 1955 1792 2001 verte

2075 1948 2256 2017 Βεμιᾶς
2302 1947 2480 2009 αὐτοῖς
2525 1946 2943 2017 ὑπολειφθείσης
2987 1946 3283 2015 ἀλλοφύλου
3321 1947 3562 2017 τροφῆς,

305 2040 447 2105 Quid
487 2040 653 2109 igitur
681 2040 806 2094 hinc
840 2039 1137 2094 discimus?
1169 2038 1313 2107 quod
1345 2054 1395 2104 οε
1418 2048 1592 2092 orteat
1636 2039 1792 2091 vidvli

2079 2037 2135 2103 ἐξ
2167 2029 2438 2105 Αἰγύπτου
2476 2038 2871 2101 ἐπεσιτίσαντο,
2906 2037 3110 2092 ἀνωθεν
3137 2040 3355 2109 ἐπιρρεῖ
3375 2041 3409 2108 ἡ
3439 2054 3566 2109 τρο-

305 2132 428 2195 ﬁde,
461 2133 812 2202 baptismate,
854 2133 1063 2195 labore,
1095 2131 1241 2184 omni
1273 2131 1493 2193 virtute,
1525 2131 1673 2184 omni
1710 2130 1792 2182 Er:

2076 2170 2080 2187 ,
2117 2129 2331 2197 ποικίλη
2364 2146 2444 2191 τις
2475 2130 2590 2197 ἅμα
2620 2130 2715 2181 καὶ
2743 2129 3019 2199 μονοειδὴς
3048 2124 3201 2184 οὖσα.
3227 2128 3300 2181 T6
3326 2130 3427 2200 μὲν
3453 2129 3563 2199 γάρ

302 2222 474 2292 geliea
504 2222 774 2281 doctrina,
808 2221 1042 2274 mundos
1081 2235 1358 2290 purosque
1396 2220 1611 2275 animos
1666 2228 1787 2273 nost

2079 2218 2306 2288 ,νόμενον
2354 2219 2622 2287 μονοειδὲς
2666 2215 2753 2289 ἦν.
2798 2222 2830 2288 ἡ
2861 2219 2917 2271 δὲ
2967 2220 3187 2289 ποιότης
3227 2219 3289 2271 τὸ
3320 2220 3566 2272 ποικίλον

305 2315 504 2375 facere,
529 2314 599 2366 ita
624 2320 683 2365 ut
701 2312 923 2365 omnino
941 2310 1231 2379 alienigeni
1257 2324 1456 2375 mores,
1490 2316 1544 2362 et
1563 2308 1792 2378 Egypti:

2078 2327 2149 2372 εν,
2204 2310 2420 2379 ἑκάστῳ
2454 2311 2775 2379 προσφόρως
2812 2310 2951 2362 κατὰ
2983 2310 3042 2363 τὸ
3071 2306 3210 2373 εἶδος
3241 2311 3338 2381 τῆς
3372 2309 3565 2363 ἐπιθυ-

303 2408 434 2468 vita,
480 2405 732 2459 vitiorum
767 2405 975 2459 scilicet
1006 2403 1249 2457 omnium
1296 2402 1476 2467 turba,
1520 2416 1623 2456 nos
1646 2400 1784 2455 delic

2077 2417 2114 2462 ις
2145 2400 2487 2469 ἐγγινομένη.
2515 2399 2579 2450 Τί
2600 2395 2692 2452 οὖν
2715 2400 2859 2452 ἐστιν
2881 2400 2909 2451 ὂ
2932 2399 3272 2468 μανθάνομεν
3291 2416 3306 2463 ;
3327 2398 3394 2451 δι’
3422 2400 3564 2451 ὅσων

302 2506 355 2550 et
387 2495 605 2551 demum
641 2493 907 2563 depurato
944 2493 1317 2560 defaecatoque
1362 2492 1567 2554 animo,
1601 2491 1789 2546 cmlest

2075 2492 2252 2559 οσήκει
2285 2491 2598 2559 καθαρσίων
2634 2490 2822 2543 ἑαυτὸν
2847 2490 3151 2559 ὲκκαθᾶραί
3189 2506 3310 2542 τινα
3342 2489 3444 2558 τῆς
3466 2492 3562 2542 Αί-

302 2586 483 2639 cibum
523 2600 646 2640 esse
677 2582 1109 2652 suscipiendum,
1149 2596 1310 2650 quem
1348 2580 1497 2635 nulla
1544 2579 1703 2634 nobis
1741 2595 1789 2634 sa

2077 2579 2219 2642 ττίας
2258 2596 2314 2631 τε
2357 2579 2448 2631 καὶ
2478 2578 2777 2646 ἀλλοφύλου
2804 2576 2950 2648 ζωῆς
2972 2596 2986 2609 ·
3022 2578 3162 2631 ὥστε
3195 2579 3427 2632 κενῶσαι
3472 2578 3564 2632 τὸν

302 2677 647 2747 agricultura:
684 2674 896 2727 artibus
920 2672 1197 2741 produxit.
1232 2671 1339 2747 sed
1371 2671 1528 2740 panis
1556 2678 1641 2726 est
1675 2671 1789 2725 absr

2075 2687 2084 2732 ;
2129 2669 2308 2739 ψυχῆς
2352 2670 2516 2722 αὐτοῦ
2554 2669 2787 2723 θύλακον
2827 2669 3006 2739 πάσης
3048 2670 3148 2740 τῆς
3185 2670 3327 2722 κατά
3359 2670 3562 2723 κακίαν

303 2769 534 2831 semine.
557 2769 765 2837 absque
794 2766 1059 2830 aratione,
1090 2744 1297 2833 absque
1321 2763 1429 2816 alio
1453 2763 1693 2816 humano
1718 2777 1790 2831 op

2078 2762 2221 2831 ιφῆς,
2267 2762 2335 2830 ἣν
2376 2760 2738 2815 σιτοποιοῦσιν
2784 2762 2833 2814 oi
2882 2750 3204 2829 Αἰγύπτιοιο
3247 2762 3340 2815 καὶ
3387 2762 3565 2823 οὕτως

303 2860 458 2914 nobis
516 2866 761 2928 paratus.
814 2856 862 2912 ls
914 2857 1150 2925 desuper
1206 2854 1452 2909 deﬂuens
1480 2855 1534 2908 in
1584 2853 1749 2908 terris

2075 2854 2315 2907 ιἄνωθεν
2346 2854 2636 2907 κατιοῦσαν
2683 2853 2888 2921 τροφὴν
2918 2855 2972 2905 ὲν
3018 2853 3194 2923 ἑαυτῷ
3240 2855 3452 2924 καθαρᾷ
3496 2857 3562 2924 τῇ

303 2953 542 3017 venitur;
596 2951 750 3019 panis
802 2949 948 3003 enim
1006 2949 1101 3018 qui
1149 2948 1217 3002 de
1264 2948 1404 3001 caelo
1445 2946 1746 3011 descendit,
1786 2969 1790 2994 ι

2079 2948 2125 3016 [ᾗ
2156 2943 2404 3008 δέξασθαι
2434 2960 2445 2973 °
2480 2946 2545 3013 ἣν
2573 2944 2631 2995 ού
2663 2944 2839 3013 σπορὰ
2868 2946 2999 3012 ἡμῖν
3022 2946 3134 3007 τοῖς
3163 2945 3223 2995 ὲκ
3259 2945 3566 3011 γειυττονίας

305 3057 465 3096 verus
491 3042 647 3096 cibus
678 3048 782 3105 est,
814 3040 906 3109 qui
941 3038 1285 3109 :enigmatice
1317 3038 1419 3091 hac
1447 3038 1678 3092 historia
1708 3036 1789 3107 sig

2080 3055 2267 3108 φυσεν,
2300 3037 2413 3090 ἀλλ’
2444 3037 2657 3106 ἕτοιμος
2688 3038 2852 3107 ἄρτος
2889 3035 3129 3107 ἄσπορος
3153 3054 3210 3088 τε
3244 3038 3337 3089 καὶ
3360 3038 3563 3108 ἀνήρο-

304 3130 519 3192 licatur,
559 3145 666 3183 non
698 3129 1021 3197 incorporea
1048 3127 1297 3197 quaedam
1331 3142 1421 3180 res
1450 3136 1554 3179 est.
1591 3124 1712 3191 Quo
1736 3141 1791 3179 ea

2084 3170 2098 3193 ,
2130 3129 2334 3183 ἄνωθεν
2366 3131 2462 3198 μὲν
2494 3128 2695 3181 κατιὼν
2717 3169 2729 3186 .
2772 3129 2865 3179 ἐπὶ¹
2907 3128 2965 3180 δὲ
3007 3129 3109 3197 γῆς
3140 3128 3558 3197 εὑρισκόμενος.

303 3231 463 3293 pacto
494 3237 584 3275 res
626 3221 949 3290 incorporea
991 3219 1207 3288 corpori
1256 3218 1413 3272 cibus
1456 3216 1590 3270 ﬁet?
1634 3232 1721 3272 res
1755 3232 1790 3269 νε

2075 3226 2136 3285 ai;
2166 3223 2222 3274 δὲ
2255 3222 2475 3284 πάντως
2521 3220 2619 3289 τὴν
2652 3219 2825 3290 ἀληθῆ
2855 3218 3059 3290 ταύτην
3106 3218 3307 3291 βρῶσιν
3344 3220 3433 3273 διὰ
3463 3219 3562 3271 τοῦ

304 3324 425 3379 qua:
452 3308 775 3377 incorporea
811 3321 920 3361 non
953 3314 1059 3366 est,
1084 3320 1287 3375 corpus
1326 3304 1549 3359 omnino
1570 3313 1675 3359 est.
1705 3303 1786 3358 Hu

2076 3312 2120 3365 τὰ
2160 3313 2257 3382 τὴν
2302 3311 2540 3381 ἱστορίαν
2570 3311 2911 3379 αἰνίγματος,
2946 3311 3028 3363 ὅτι
3066 3313 3094 3363 6
3132 3309 3294 3381 ἄρτος
3324 3312 3351 3362 6
3376 3312 3440 3364 ἐκ
3465 3311 3563 3364 τοῦ

303 3399 553 3469 corporis
583 3414 774 3469 panem
818 3413 926 3452 non
954 3397 1150 3460 aratio,
1194 3412 1302 3451 non
1334 3396 1496 3459 satio,
1529 3411 1636 3451 non
1664 3398 1790 3468 εει-ῖς

2074 3402 2210 3456 ιανοῦ
2247 3401 2511 3466 καταϐὰς,
2534 3404 2632 3455 ούκ
2663 3400 2954 3471 ἀσώματόν
2979 3418 3029 3453 τι
3054 3402 3242 3472 χρῆμά
3265 3404 3399 3455 ἐστι.
3432 3402 3561 3465 Πῶς

304 3491 478 3545 larum
507 3506 646 3560 opus
689 3476 875 3552 cﬂicit,
930 3488 1026 3543 sed
1056 3495 1201 3543 terra
1234 3489 1439 3543 intacta
1468 3489 1788 3557 permansit,

2075 3512 2089 3545 >
2126 3493 2190 3547 ἂν
2242 3492 2453 3562 σώματι
2484 3492 2655 3564 τροφὴ
2693 3491 2901 3558 γένοιτο
2941 3492 3002 3544 τὸ
3033 3491 3357 3562 ἀσώματον;
3387 3493 3463 3546 Τὸ
3502 3494 3562 3547 δὲ

271 3588 277 3605 ⁸
305 3590 483 3636 tamen
510 3596 650 3651 pane
685 3580 845 3651 plena
874 3578 998 3644 fuit,
1037 3593 1145 3649 quo
1176 3578 1535 3634 famescentes
1560 3587 1758 3648 myster

2086 3582 2373 3653 ἀσώματον
2394 3624 2407 3645 ,
2444 3582 2601 3651 σῶμα
2648 3582 2865 3644 πάντως
2903 3583 3041 3636 ὲστί.
3074 3585 3147 3636 Τὸ
3169 3583 3226 3636 δὲ
3258 3584 3416 3653 σῶμα
3446 3585 3563 3639 τού-

305 3668 544 3740 Virginis
562 3671 806 3740 perdocti
832 3670 988 3728 facile
1050 3678 1391 3724 saturantur.
1429 3668 1477 3724 Is
1512 3670 1676 3740 igitur
1712 3670 1783 3723 mi

2070 3675 2188 3727 ’τοῦ
2212 3674 2381 3745 ἄρτου
2412 3672 2532 3728 οὔτε
2570 3673 2760 3744 ἄροσις
2806 3673 2931 3727 οὔτε
2960 3675 3137 3745 σπορά
3168 3675 3519 3747 ἐγεώργησεν
3544 3692 3557 3704 ⁸

305 3760 428 3817 bilis
457 3763 577 3817 sine
597 3763 934 3833 agricultura
962 3763 1120 3832 panis
1141 3770 1194 3817 et
1218 3762 1441 3817 verbum
1467 3770 1579 3815 est:
1616 3762 1788 3816 variet

2071 3766 2097 3816 ι’
2146 3766 2179 3829 ἡ
2212 3765 2281 3833 γῆ
2308 3766 2394 3816 οἵα
2428 3765 2543 3816 ἐστὶ
2582 3763 2830 3832 μείνασα,
2868 3764 3082 3834 πλήρης
3119 3765 3433 3835 εὑρίσκεται
3462 3766 3558 3836 τῆς

304 3849 583 3919 qualitatis
618 3851 683 3904 ad
731 3852 1146 3921 suscipientium
1181 3851 1582 3913 habitudinem,
1620 3854 1788 3905 virtut

2074 3871 2132 3914 ας
2167 3853 2367 3921 ταύτης
2394 3852 2618 3921 τροφῆς,
2658 3846 2726 3922 ἧς
2764 3853 2811 3903 οἱ
2839 3852 3129 3917 πεινῶντες
3161 3855 3467 3924 μετέχουσι,
3499 3855 3561 3908 τὸ

302 3954 458 3996 Suam
493 3949 814 3995 commutat.

2073 3942 2127 3996 τὰ
2156 3942 2253 4013 τὴν
2274 3942 2550 4013 Παρθένον
2579 3944 2877 4012 μυστήριον
2897 3943 2984 3996 διὰ
3008 3945 3104 4014 τῆς
3129 3945 3560 4014 θαυματοποιῖας

302 4031 507 4101 ταύτης
534 4031 1037 4103 προπαιδευόμενοι,
1064 4018 1231 4094 δῦτυς
1246 4030 1422 4084 τοίνυν
1446 4034 1475 4084 6
1502 4031 1853 4102 ἀγεώργητος
1875 4033 2034 4104 ἄρτος
2052 4037 2146 4088 καὶ
2175 4035 2345 4103 Λόγος
2361 4035 2498 4097 ἐστὶ,
2515 4032 2593 4104 τῷ
2613 4033 2883 4109 πολυειδεῖ
2896 4036 2993 4105 τῆς
3012 4036 3293 4105 ποιότητος
3307 4035 3443 4089 κατά
3460 4036 3559 4097 τάς

303 4124 410 4180 τῶν
447 4124 732 4178 ἐσθιόντων
775 4118 1212 4194 ὲπιτηδειότητας
1255 4120 1691 4187 συνεξαλλάσσων
1726 4124 1825 4193 τὴν
1864 4125 2108 4197 δύναμιν.

378 4217 541 4270 Novit
574 4215 719 4271 enim
758 4229 866 4269 non
900 4214 1077 4271 solum
1113 4215 1272 4285 panis
1309 4229 1450 4278 esse,
1489 4229 1673 4269 verum
1703 4223 1758 4269 et
1790 4216 1865 4270 lac

2071 4216 2175 4273 )ἷδε
2227 4219 2331 4291 γὰρ
2370 4221 2431 4273 ού
2486 4220 2643 4290 μόνον
2697 4221 2860 4290 ἄρτος
2902 4215 3062 4284 εἶναι,
3110 4220 3244 4274 ἀλλὰ
3289 4222 3385 4274 καὶ
3416 4221 3558 4289 γάλα

307 4306 419 4363 ﬁeri
468 4316 683 4371 etraro,
722 4316 776 4363 et
810 4306 955 4368 olus,
992 4306 1256 4377 quidquid
1301 4307 1533 4375 denique
1571 4321 1792 4362 assume

2069 4310 2247 4374 εσθαι,
2308 4311 2402 4364 καὶ
2464 4311 2651 4381 κρέας,
2680 4311 2775 4363 καὶ
2813 4311 3065 4381 λάχανον,
3105 4314 3199 4365 καὶ
3222 4312 3415 4382 ὅτιπερ
3435 4309 3556 4384 ἃνῇ

305 4400 637 4454 conveniens
668 4406 721 4454 et
744 4398 1041 4466 expetitum
1072 4399 1163 4464 sit,
1190 4406 1249 4452 ut
1282 4399 1583 4468 Apostolus
1615 4398 1749 4459 vult.
1782 4416 1792 4451 ι

2067 4417 2086 4450 ν
2109 4378 2567 4469 προσφερομένων
2616 4378 2946 4470 κατάλληλόν
2975 4417 3034 4453 τε
3062 4400 3153 4453 καὶ
3186 4378 3554 4472 καταθύμιόν-ί

305 4493 447 4544 hanc
477 4491 635 4546 nobis
666 4505 911 4545 mensam
940 4489 1290 4559 praeparavit,
1330 4489 1383 4542 in
1414 4488 1465 4542 id
1488 4496 1792 4543 commutat

2075 4489 2315 4542 διδάσκει
2367 4491 2396 4542 6
2433 4489 2529 4560 τὴν
2571 4490 2830 4561 τοιαύτην
2880 4494 2993 4553 τοῖς
3023 4491 3189 4545 αὑτοῦ
3232 4492 3557 4562 παρατιθεὶς

309 4584 399 4639 Sic
428 4583 573 4638 enim
597 4582 817 4636 divinus
866 4582 955 4635 ille
978 4582 1060 4634 vir
1085 4580 1505 4651 perfectioribus
1530 4579 1792 4634 solidiore

2071 4582 2110 4630 ἵν
2164 4577 2460 4649 τράπεζαν,
2499 4579 2709 4645 Παῦλος
2747 4584 2775 4634 6
2825 4580 2967 4645 θεῖος
3016 4582 3329 4645 ἀπόστολος,
3381 4584 3409 4635 6
3446 4587 3558 4647 τοῖς

305 4683 360 4728 et
417 4674 470 4728 in
519 4672 702 4727 carnis
748 4672 985 4741 speciem
1022 4673 1247 4725 verbum
1290 4671 1471 4725 cibqu
1520 4671 1637 4724 ﬁeri
1693 4672 1792 4725 dor

2071 4670 2329 4740 ειοτέροις
2360 4670 2719 4741 στερροτέραν
2748 4688 2805 4724 τε
2852 4672 2945 4725 καὶ
2980 4671 3190 4742 κρεώδη
3223 4672 3427 4743 βρῶσιν
3469 4674 3558 4727 τὸν

306 4759 707 4818 infirmioribus
765 4763 930 4823 olus,
988 4761 1291 4816 infantibus
1354 4761 1459 4815 lac.
1526 4760 1793 4832 Quaecunq

2075 4775 2132 4809 ον
2188 4757 2375 4817 ποιῶν,
2427 4761 2522 4811 καὶ
2569 4759 2801 4830 λάχανον
2832 4765 2944 4825 τοῖς
2999 4763 3430 4835 ἀσθενεστέροις,
3466 4767 3560 4820 καὶ

306 4862 485 4910 autem
538 4856 605 4908 de
634 4853 760 4909 cibo
820 4853 914 4907 illo
975 4852 1162 4906 narrat
1227 4852 1492 4915 historia,
1560 4861 1793 4923 praecept

2073 4866 2123 4903 ια
2177 4852 2290 4911 τοῖς
2335 4848 2678 4920 νηπιάζουσι.
2722 4853 2801 4904 Τὰ
2847 4853 2889 4905 δ’
2929 4854 3026 4907 ὅσα
3056 4854 3182 4926 περὶ
3212 4857 3312 4927 τὴν
3354 4859 3560 4929 τροφὴν

307 4953 622 5013 statutaque
691 4950 824 4997 sunt
897 4942 962 4997 ad
1028 4942 1167 4997 bene
1224 4948 1479 5011 recteque
1538 4942 1794 4997 vivendur

2081 4941 2193 5010 ίνην
2236 4941 2270 5008 ἡ
2330 4939 2536 5010 ἱστορία
2584 4940 2803 5009 διέξεισι
2835 4942 3107 5014 θαύματα,
3149 4945 3397 5014 δόγματα
3424 4949 3559 5019 πρὸς

305 5030 587 5106 aequaliter
637 5033 783 5090 enim
818 5032 1075 5087 omnibus
1105 5034 1446 5102 propositum
1492 5033 1661 5089 fuisse
1696 5036 1792 5089 cibi

2071 5053 2072 5063 ι
2098 5030 2216 5083 κατ’
2245 5031 2444 5101 ἀρετὴν
2473 5030 2585 5100 βίον
2620 5032 2753 5087 ἐστι.
2776 5034 2914 5105 Φησὶ
2947 5034 3076 5105 γάρ,
3103 5036 3223 5103 ἴσην
3261 5040 3395 5092 πᾶσι
3421 5056 3558 5110 προ-

306 5136 623 5194 asseverat;
663 5142 761 5181 nec
804 5127 927 5196 plus
955 5134 1049 5180 aut
1102 5125 1305 5190 minus,
1366 5142 1529 5196 quam
1585 5127 1793 5196 indigen

2074 5123 2193 5175 σθαι
2239 5122 2339 5195 τὴν
2370 5123 2470 5192 τῆς
2501 5123 2704 5194 τροφῆς
2741 5126 3050 5195 μετουσίαν,
3083 5127 3235 5180 οὐδὲν
3271 5130 3415 5183 κατά
3443 5131 3561 5184 δια-

304 5219 573 5289 exigebat,
606 5234 637 5272 a
669 5218 1027 5273 validioribus
1081 5228 1176 5272 aut
1213 5216 1669 5273 imbecillioribus
1722 5232 1789 5272 co

2075 5213 2154 5266 ›5ιν
2183 5216 2283 5283 τῆς
2303 5212 2411 5265 τῶν
2445 5212 2809 5282 συλλεγόντων
2836 5216 3139 5288 δυνάμεως,
3176 5218 3298 5272 οὔτε
3335 5220 3562 5276 πλεονάο

304 5308 552 5376 gebatur.
587 5308 741 5374 Quod
777 5323 898 5363 meo
922 5307 1133 5379 judicio
1161 5308 1457 5379 praeceptio
1487 5305 1731 5377 quaedam
1767 5319 1791 5363 ι’

2070 5321 2187 5356 ›σαν
2213 5304 2355 5357 κατά
2378 5305 2582 5375 χρείαν,
2611 5303 2733 5358 οὕτε
2755 5306 3124 5364 ἐλλείπουσαν.
3141 5309 3314 5364 Τοῦτο
3337 5311 3394 5365 δέ
3421 5312 3557 5374 ἐστι.

305 5409 499 5451 omnes
554 5397 922 5451 communiter
975 5398 1293 5461 instruens,
1371 5396 1651 5483 ne.plura
1707 5409 1792 5465 qu:

2075 5397 2122 5450 τά
2155 5412 2218 5463 γε
2237 5395 2328 5449 τὸν
2346 5396 2477 5467 ἐμὸν
2498 5395 2674 5465 λόγον,
2704 5398 2981 5471 συμϐουλή
3020 5418 3102 5466 τις
3121 5401 3199 5474 τῷ
3231 5403 3397 5473 κοινῷ
3428 5420 3562 5475 προ-

374 5569 420 5599 “
462 5565 478 5618 l
520 5567 645 5620 Cor.
681 5585 736 5634 ς,
770 5570 821 5624 4.
901 5571 943 5601 ³⁸
968 5569 1123 5625 Joan.
1154 5587 1265 5637 xw,
1297 5569 1389 5623 εει».
