3800 5980
343 192 447 250 569

1658 196 1745 250 DE
1774 197 1934 253 VITA
1970 198 2242 255 MOYSIS.

3477 207 3581 264 370

345 305 589 375 κειμένη,
648 306 723 374 μὴ
769 301 1023 373 παριέναι
1052 306 1176 368 τοὺς
1206 306 1363 376 ὄρους
1402 307 1501 376 τῆς
1547 306 1755 378 χρείας,
1784 311 1906 372 τοὺς

2011 322 2217 366 naturae
2246 311 2535 375 suﬂiciant,
2570 327 2735 366 causa
2763 294 2979 368 vivendi
3003 329 3065 370 ex
3086 315 3174 372 his
3205 320 3579 379 matcrialihus

342 393 442 454 τάς
473 391 729 462 ἀφορμάς
757 391 852 444 τοῦ
881 391 980 462 ζῇν
1005 392 1069 443 ὲκ
1096 392 1204 446 τῶν
1236 392 1436 446 ὑλικῶν
1465 395 1669 449 τούτων
1696 398 1915 469 ποριζο-

345 483 559 551 μένους,
598 481 711 534 ἀλλ’
747 477 805 534 εὖ
849 481 1065 545 είδέναι,
1099 484 1181 535 ὅτι
1226 482 1284 535 ἓν
1319 483 1513 554 μέτρον
1540 489 1604 555 τῇ
1631 487 1790 555 φύσει
1814 488 1913 558 τῆς

341 572 545 641 ἐδωδῆς
576 572 667 624 ἐπὶ
701 573 915 626 πάντων
941 574 1085 625 ἐστὶν
1108 575 1141 642 ή
1174 575 1311 645 πρὸς
1340 571 1550 646 ἡμέραν
1578 578 1879 641 ἀπόλαυσις
1897 596 1910 609 ·

341 667 400 716 ὲν
491 664 596 718 κᾶν
646 664 1019 718 πολλαπλάσια
1056 668 1482 738 παρασκευασθῇ
1513 668 1611 737 τῆς
1644 670 1854 740 χρείας,
1876 675 1909 741 ἠ

341 758 557 828 γαστὴρ
581 757 651 810 τὰ
682 757 785 810 ἴδια
819 758 991 828 μέτρα
1035 756 1286 826 διαϐῆναι
1314 758 1473 826 φύσιν
1496 761 1597 814 οὐκ
1630 760 1763 830 ἔχει.
1791 763 1913 815 οὐδὲ

341 852 409 917 τῇ
440 848 716 918 ἀπληστίᾳ
764 849 860 917 τῆς
889 848 1242 917 παρασκευῆς
1270 851 1686 905 συνεκτείνεται.
1731 851 1911 917 Ἀλλὰ,

344 939 527 1003 καθώς
592 956 755 1010 φησιν
786 943 818 1009 ἡ
862 941 1105 1009 ἱστορία.
1153 939 1277 992 οὔτε
1341 942 1370 992 6
1421 941 1484 993 τὸ
1537 942 1671 994 πολὺ
1712 942 1909 1009 λαϐὼν,

343 1031 637 1083 ἐπλεόνασε
661 1047 675 1062 ο
710 1028 813 1082 ποῦ
844 1028 953 1099 γὰρ
997 1030 1264 1100 ἀπόθηται
1293 1031 1353 1082 τὸ
1399 1031 1580 1098 πλέον,
1622 1033 1722 1085 οὐκ
1768 1033 1910 1102 ἔχει’

342 1120 467 1174 οὔτε
490 1124 519 1174 6
557 1121 618 1173 τὸ
642 1121 834 1188 ὀλίγον,
872 1122 1200 1191 ἠλαττόνησε
1225 1138 1238 1152 ο
1272 1122 1407 1192 πρὸς
1454 1124 1561 1192 γὰρ
1595 1122 1655 1176 τὸ
1695 1123 1912 1195 εὑρεθὲν

276 1211 283 1235 ⁹
345 1202 673 1270 συσταλεῖσα
717 1219 750 1286 ἠ
799 1217 957 1286 χρεία
1009 1217 1406 1288 συνεμετρήθη.
1473 1218 1546 1270 Τὸ
1604 1217 1659 1270 δὲ
1702 1221 1812 1281 τοῖς
1852 1217 1915 1272 τὸ

346 1308 598 1378 περιττὸν
641 1308 1018 1377 ταμιεύουσιν,
1054 1311 1132 1372 εἰς
1168 1310 1464 1378 σκωλήκων
1496 1309 1710 1376 γένεσιν
1745 1326 1912 1378 μετα-

344 1395 613 1449 ποιεῖσθαι
641 1396 739 1464 τὴν
772 1396 1095 1465 ἀπληστίαν,
1127 1397 1222 1466 βοᾷ
1235 1397 1437 1468 τρόπον
1462 1398 1584 1450 τινὰ
1614 1401 1727 1461 τοῖς
1756 1398 1913 1451 πλεο-

342 1483 564 1545 νέκταις
620 1482 708 1535 διὰ
760 1483 963 1535 τούτων
1006 1487 1035 1537 6
1092 1484 1267 1553 λόγος,
1315 1487 1397 1539 ὅτι
1430 1488 1534 1539 πᾶν
1586 1486 1648 1539 τὸ
1685 1486 1788 1550 ἔξω
1815 1488 1913 1557 τῆς

344 1572 564 1642 χρείας,
621 1573 726 1626 ὑπὸ
775 1574 875 1644 τῆς
924 1575 1308 1643 πλεονεκτικῆς
1363 1577 1565 1647 ταύτης
1619 1578 1911 1647 ἐπιθυμίας

2016 409 2357 469 appetamus,
2388 402 2483 456 sed
2519 402 2686 468 probe
2721 410 3006 459 teneamus
3055 421 3215 459 unam
3271 424 3395 465 esse
3427 426 3577 466 com-

2015 506 2234 545 munem
2294 494 2348 545 in
2407 492 2664 547 omnibus
2715 492 2908 547 edendi
2949 508 3285 561 mensuram,
3326 500 3575 553 diurnam

2015 579 2413 638 sufﬁcientiam.
2457 580 2590 636 Nam
2621 583 2669 638 si
2694 583 2858 637 etiam
2893 583 3046 652 plura
3081 574 3243 654 quam
3278 587 3577 659 indigentia

2014 670 2256 740 ﬂagitat,
2305 680 2603 741 praeparata
2661 673 2885 742 fuerint,
2948 688 3139 731 venter
3192 685 3374 733 tamen
3433 682 3574 735 ultra

2015 768 2265 813 naturam
2299 777 2450 815 suam
2480 764 2760 833 suscipere
2790 778 2900 817 non
2942 770 3138 832 potest,
3164 780 3340 834 neque
3370 781 3575 836 praepa-

2014 849 2246 905 ratiouis
2275 853 2635 922 magnitudini
2671 855 3084 924 correspondet.
3130 855 3235 910 Sed
3272 856 3418 912 sicut
3460 859 3574 913 his-

2014 942 2154 994 toria
2193 942 2376 1008 tradit,
2404 959 2504 998 nec
2534 946 2625 1015 qui
2658 946 2885 999 multum
2918 948 3208 1015 acceperit,
3232 949 3573 1017 superabun-

1993 1031 2244 1093 .daverit,
2264 1044 2388 1082 cum
2408 1044 2515 1082 non
2541 1029 2791 1083 habuerit
2822 1031 2910 1083 ubi
2944 1037 3400 1100 superabundans
3426 1040 3575 1091 loca-

2012 1107 2183 1187 verit;
2206 1134 2305 1173 nec
2318 1122 2412 1188 qui
2429 1134 2661 1189 paucum
2683 1120 2920 1190 collegit,
2935 1122 3224 1193 indiguerit
3256 1144 3267 1179 :
3288 1135 3573 1183 contracta

2011 1211 2155 1263 enim
2211 1209 3109 1279 indigentiacommensurataque
3156 1210 3224 1263 ad
3280 1221 3569 1281 acceptqu

2013 1296 2137 1351 fuit.
2169 1296 2327 1364 Quod
2358 1313 2508 1358 vero,
2533 1297 2578 1352 si
2603 1298 2728 1366 quis
2753 1297 2920 1351 stulta
2941 1296 3239 1366 cupiditate
3265 1298 3570 1369 deponendi

2011 1386 2310 1457 quidquam
2343 1402 2410 1441 ex
2467 1387 2563 1440 illo
2592 1387 2718 1442 cibo
2763 1378 2816 1439 in
2873 1388 3175 1442 crastinum
3230 1387 3569 1458 deposuerit,

2012 1485 2184 1533 totum
2252 1478 2308 1531 in
2366 1493 2580 1533 vermes
2641 1487 3033 1533 commutatum
3094 1478 3266 1535 fuisse
3323 1481 3565 1535 dicitur:

2012 1567 2168 1637 quasi
2222 1569 2349 1622 tuba
2384 1568 2618 1637 quadam
2653 1582 2717 1623 ea
2756 1583 2815 1623 re
2851 1568 3081 1624 historia
3132 1570 3381 1631 intonuit,
3415 1585 3572 1625 omne

347 1661 754 1733 περιεχόμενον,
800 1663 856 1715 ὲν
886 1665 954 1734 τῇ
994 1663 1120 1734 ἑξῆς
1164 1665 1366 1734 ἡμέρᾳ,
1409 1665 1798 1731 τουτέστινμὲν
1832 1656 1908 1736 τῷ

2011 1659 2155 1727 quod
2188 1659 2327 1712 ultra
2358 1659 2712 1729 indigentiam
2764 1671 2943 1715 mente
2973 1674 3138 1716 avara
3189 1670 3569 1722 conservatur,

346 1749 782 1821 προσδοκωμένη)
794 1751 913 1819 βίῳ,
928 1756 955 1806 6
974 1751 1274 1823 σκώληξτῷ
1290 1753 1644 1823 ταμιεύσαντι
1678 1756 1906 1823 γίνεται.

347 1839 478 1891 Νοεῖ
502 1839 560 1891 δὲ
610 1838 826 1902 πάντως
855 1841 883 1892 6
912 1839 1123 1892 ἀκούων
1154 1841 1242 1893 διὰ
1282 1842 1376 1895 τοῦ
1417 1844 1694 1914 σκώληκος
1722 1845 1910 1897 τούτου

344 1930 438 1983 τὸν
482 1927 836 1999 ἀτελεύτητον
866 1928 1142 2000 σκώληκα,
1175 1932 1266 1984 τὸν
1319 1932 1408 1986 διὰ
1446 1935 1543 2004 τῆς
1601 1935 1911 2000 πλεονεξίας

346 2017 796 2087 ζιιιογονούμενον.
835 2020 908 2072 Τὸ
944 2020 1000 2072 δὲ
1027 2024 1084 2073 ὲν
1119 2021 1263 2091 μόνῳ
1295 2021 1372 2091 τῷ
1398 2023 1649 2094 σαϐϐάτῳ
1671 2025 1910 2093 διαρκεῖν
1962 2078 1965 2083 .

345 2109 405 2161 τε
434 2108 714 2169 ἀπόθετον,
741 2109 1009 2180 μηδεμίαν
1030 2110 1321 2181 διαφθοράν
1355 2114 1912 2187 ὑπομένον,τοιαύτην

346 2198 468 2251 τινά
500 2199 808 2270 συμϐουλὴν
831 2202 1073 2272 περιέχει
1102 2219 1114 2232 ·
1149 2202 1228 2256 ὄτι
1248 2221 1330 2257 τοι
1355 2206 1475 2257 τότε
1505 2208 1771 2277 χρηστέον
1796 2209 1913 2261 ἐστὶ

344 2294 409 2361 τῇ
434 2292 783 2363 πλεονεκτικῇ
812 2296 1142 2366 προαιρέσει,
1170 2298 1224 2349 ὲν
1252 2291 1332 2360 οῖς
1346 2297 1406 2350 τὸ
1426 2299 1786 2367 συναγόμενον
1800 2299 1914 2353 δια-

346 2381 552 2452 φθοράν
581 2384 640 2435 οὐ
672 2384 987 2454 προσίεται*
1018 2386 1138 2438 τότε
1164 2389 1431 2456 χρήσιμον
1449 2380 1580 2456 ἡμῖν
1600 2390 1908 2456 γενόμενον,

344 2474 473 2526 ὅταν
522 2473 878 2544 παρελθόντες
902 2475 1000 2545 τὴν
1031 2475 1124 2529 τοῦ
1175 2477 1288 2546 βίου
1314 2477 1504 2530 τούτου
1536 2481 1908 2549 παρασκευὴν,

344 2565 403 2616 ἐν
434 2567 500 2633 τῇ
537 2565 673 2633 μετὰ
708 2565 936 2618 θάνατον
964 2567 1206 2638 ἀπραξίᾳ
1226 2566 1532 2636 γενώμεθα.
1575 2569 1637 2621 Ἥ
1669 2569 1776 2638 γὰρ
1805 2570 1911 2639 πρὸ

342 2653 438 2706 τοῦ
473 2654 744 2709 σαϐϐάτου
797 2657 996 2726 ἡμέρα,
1031 2659 1347 2728 παρασκευὴ
1389 2659 1523 2729 πρὸς
1550 2658 1611 2711 τὸ
1643 2661 1909 2713 σάϐϐατον

345 2747 436 2799 καὶ
463 2744 579 2798 ἔστι
619 2746 710 2799 καὶ
743 2746 1081 2816 ὀνομάζεται.

412 2832 562 2903 Αῦτη
613 2834 658 2886 δ’
711 2836 795 2904 εἴη
825 2837 852 2887 6
885 2834 996 2904 βίος
1027 2828 1199 2899 οὗτος,
1230 2837 1287 2890 ὲν
1309 2828 1353 2903 ᾧ
1389 2837 1455 2889 τά
1484 2840 1583 2906 τῆς
1604 2837 1904 2908 ἐρχομένης

341 2925 487 2995 ζωῆς
518 2928 727 2989 ἑαυτοῖς
749 2927 1136 2996 εὐτρεπίζομεν
1153 2943 1166 2957 ο
1197 2922 1297 2999 ὲνῇ
1322 2927 1478 2998 ἔργον
1499 2928 1649 2980 οὐδὲν
1670 2927 1778 2980 τῶν
1808 2928 1902 2981 νῦν

343 3019 474 3087 ἡμῖν
521 3019 1026 3087 συγκεχωρημένων
1056 3017 1398 3077 ἐπιτελεῖται,
1423 3019 1481 3069 οὺ
1514 3017 1772 3088 γεωργία,
1809 3019 1907 3069 οὐκ

341 3107 602 3177 ἐμπορία,
647 3108 707 3159 οῦ
740 3108 1018 3177 στρατεία,
1049 3109 1149 3159 οὐκ
1183 3107 1309 3161 ἄλλο
1332 3124 1383 3159 τι
1412 3106 1518 3160 τῶν
1541 3101 1641 3160 ὧδε
1680 3107 1909 3160 σπουδα-

340 3197 585 3266 ζομένων
622 3197 742 3250 οὐδέ
772 3215 822 3250 τι
839 3212 850 3225 ·
873 3197 985 3249 ἀλλ’
1014 3198 1071 3248 ἐν
1094 3196 1333 3267 ἀπραξίᾳ.
1355 3198 1502 3267 πάσῃ
1523 3197 1628 3249 τῶν
1657 3197 1907 3249 τοιούτων

341 3287 518 3356 ἔργων
543 3287 837 3355 διάγοντες,
886 3287 994 3341 τῶν
1020 3287 1113 3340 νῦν
1148 3289 1278 3356 ἡμῖν
1314 3287 1462 3357 παρὰ
1484 3288 1572 3340 τὸν
1604 3287 1714 3356 βίον
1742 3303 1908 3339 κατα-

339 3377 690 3447 ϐεϐλημένων
745 3377 1071 3447 σπερμάτων
1102 3379 1227 3439 τοὺς
1265 3379 1509 3446 καρποὺς
1539 3376 1868 3446 νομιζόμεθα
1889 3393 1903 3407 ο

339 3469 654 3540 ἀφθάρτους
697 3470 815 3538 μὲν,
857 3470 1014 3539 εἴπερ
1045 3468 1346 3537 ἀγαθά-εἴη
1375 3468 1469 3521 τοῦ
1501 3468 1615 3538 βίου
1645 3469 1713 3520 τά
1742 3468 1907 3538 σπέρ-

343 3545 490 3630 ματα
511 3577 525 3590 ·
568 3560 896 3630 φθαρτικοὺς
926 3560 982 3612 δὲ
1009 3562 1102 3612 καὶ
1123 3560 1416 3631 ὀλεθρίους,
1454 3562 1501 3612 εί
1524 3559 1746 3611 τοιαῦτα
1775 3562 1905 3629 ἡμῖν

339 3651 410 3705 τὰ
439 3650 683 3722 γεώργια
699 3651 796 3721 τῆς
824 3650 968 3721 ζωῆς
996 3650 1199 3720 ταύτης
1219 3649 1524 3716 ἐκφύσειεν.
1556 3649 1615 3700 '0
1635 3649 1741 3720 γάρ
1762 3649 1907 3701 σπεί-

343 3760 451 3814 ρων
474 3743 555 3804 είς
584 3741 642 3793 τὸ
674 3741 910 3809 πνεῦμα,
937 3743 1119 3811 φησὶν,
1144 3743 1208 3793 ἐκ
1240 3739 1331 3793 τοῦ
1363 3740 1670 3815 πνεύματος
1704 3739 1906 3810 θερίσει

340 3829 486 3900 ζωὴν
542 3828 792 3882 αἰώνιον·
819 3831 848 3881 6
879 3828 935 3880 δὲ
968 3829 1204 3898 σπείρων
1238 3829 1317 3888 είς
1346 3826 1447 3897 τὴν
1482 3828 1680 3896 σάρκα,
1708 3828 1772 3878 ὲκ
1809 3828 1907 3896 τῆς

341 3922 542 3993 σαρκὸς
591 3920 795 3991 θερίσει
844 3919 1067 3988 φθοράν.
1107 3918 1245 3970 Ἀλλ’
1284 3920 1316 3988 ἡ
1377 3918 1513 3988 πρὸς
1553 3919 1618 3970 τὸ
1662 3920 1907 3986 κρεῖττον

336 4012 629 4084 ὲτοιμασία
678 4012 813 4082 μόνη
845 4012 1048 4081 κυρίως
1079 4010 1396 4082 παρασκευὴ
1428 4009 1749 4080 ὀνομάζεται
1769 4027 1782 4040 ·
1813 4009 1907 4062 καὶ

339 4103 597 4174 κυροῦται
632 4104 696 4173 δή
726 4103 887 4156 ποθεν
914 4101 992 4172 τῷ
1019 4102 1186 4173 νόμῳ,
1208 4096 1276 4173 ἧς
1297 4102 1358 4154 τὺ
1384 4102 1667 4165 άπόθετον,
1698 4102 1908 4171 ἀφθαρ-

343 4191 433 4243 σία
462 4190 597 4244 ἐστί.
633 4191 705 4242 Τὸ
733 4189 789 4242 δὲ
812 4192 877 4242 ἐκ
900 4190 994 4242 τοῦ
1027 4190 1268 4243 ἐναντίου
1301 4188 1608 4259 νοούμενον,
1645 4190 1705 4242 οὐ
1726 4207 1904 4260 παρα-

339 4280 563 4349 σκευὴν,
621 4279 735 4332 ἀλλ’
769 4279 1040 4332 ἔκπτωσιν
1076 4280 1427 4349 παρασκευῆς
1462 4280 1766 4349 ὀνομάσειε.
1816 4278 1906 4330 Διὸ
1937 4298 1984 4357 ο

341 4371 512 4440 μόνην
569 4369 666 4439 τὴν
708 4363 843 4440 πρὶς
879 4369 941 4422 τὸ
982 4371 1227 4439 κρεῖττον
1260 4367 1696 4438 κατορθουμένην
1731 4384 1908 4437 παρα-

339 4461 540 4530 σκευὴν
563 4458 840 4530 νομοθετεῖ
865 4461 980 4522 τοῖς
1025 4458 1330 4530 ἀνθρώποις
1348 4461 1381 4528 ἡ
1420 4457 1649 4526 ἱστορία,
1681 4457 1740 4509 τὸ
1767 4460 1911 4510 ἐναν-

334 4553 453 4605 τίον
480 4551 570 4604 διὰ
594 4552 691 4620 τῆς
724 4550 1100 4621 παραλείψεως
1113 4553 1253 4602 νοεῖν
1269 4551 1379 4611 τοῖς
1400 4550 1637 4609 συνετοῖς
1658 4547 1908 4601 καταλεί-

336 4659 535 4695 πουσα.
560 4640 822 4708 Καθάπερ
844 4639 899 4690 δὲ
925 4640 983 4690 ὲν
1004 4641 1116 4701 τοῖς
1137 4639 1542 4706 στρατιωτικοῖς
1570 4636 1904 4702 καταλόγοις,

336 4734 603 4806 πρότερον
620 4730 831 4801 πορίζει
849 4730 911 4782 τὸ
937 4729 1244 4799 σιτηρέσιον
1273 4729 1302 4779 6
1322 4728 1422 4797 τῆς
1445 4727 1729 4798 στρατείας
1754 4726 1910 4796 ἡγού-

340 4840 522 4897 μενος,
584 4818 683 4874 εἶθ’
714 4821 856 4874 οὕτω
899 4819 1080 4872 δίδωσι
1125 4819 1218 4871 τοῦ
1260 4819 1494 4888 πολέμου
1530 4817 1592 4870 τὸ
1617 4816 1865 4885 σύνθημα
1889 4833 1902 4845 ·

280 4963 293 4972 ,
335 4909 427 4962 τὸν
447 4908 607 4961 αὐτὸν
636 4907 835 4978 τρόπον
870 4907 965 4959 καὶ
994 4908 1043 4958 οί
1093 4906 1192 4976 τῆς
1222 4907 1420 4976 ἀρετῆς
1470 4904 1796 4976 στρατιῶται
1849 4903 1908 4957 τὺ

339 4998 601 5071 μυστικὸν
623 4997 903 5066 δεξάμενοι
937 4995 1262 5066 σιτηρέσιον,
1290 4995 1430 5048 οὕτω
1449 4997 1590 5049 κατά
1616 4995 1723 5048 τῶν
1757 4993 1908 5048 ἀλλο-

336 5090 521 5160 φύλων
565 5088 771 5143 κινοῦσι
816 5088 906 5140 τὸν
959 5087 1215 5156 πόλεμον,
1270 5087 1443 5158 Ἰησοῦ
1490 5085 1583 5140 τοῦ
1628 5086 1907 5149 Μωῦσέως

335 5182 583 5250 διαδόχου
640 5178 1047 5248 καθηγουμένου
1101 5180 1202 5247 τῆς
1252 5179 1451 5248 μάχης.
1503 5179 1666 5249 ὐρᾷς
1693 5179 1758 5231 δι’
1788 5177 1905 5240 οἵας

336 5272 585 5339 πρόεισιν
604 5268 921 5331 ἀκολουθίας
936 5271 962 5321 6
979 5269 1133 5336 λόγος
1150 5286 1164 5332 ;
1188 5270 1330 5331 Ἕως
1357 5267 1738 5340 ἀσθενέστερός
1759 5269 1905 5323 ἐστιν

334 5362 363 5413 6
411 5360 699 5429 ἄνθρωπος
731 5361 793 5428 τῇ
826 5360 1034 5429 πονηρᾷ
1083 5359 1352 5429 τυραννίδι
1404 5360 1808 5428 κεκακωμένος,
1836 5360 1904 5411 δι’

336 5450 531 5504 ἑαυτοῦ
566 5450 653 5502 τὸν
687 5449 876 5518 ἐχθρὸν
909 5451 1007 5503 οὐκ
1036 5451 1331 5520 ἀμύνεται·
1371 5451 1493 5504 οῦδὲ
1530 5451 1637 5522 γὰρ
1662 5450 1900 5504 δύναται.

348 5542 488 5595 Ἀλλ’
516 5539 703 5609 ἕτερός
736 5541 879 5595 ἐστιν
909 5541 936 5592 6
963 5541 1068 5595 τῶν
1099 5541 1463 5596 ἀσθενούντων
1496 5540 1849 5611 ὑπερμαχῶν,
1878 5544 1905 5594 6

2009 1747 2064 1800 in
2124 1747 2375 1816 sequenti
2436 1748 2563 1811 die,
2597 1748 2651 1802 in
2704 1748 2891 1803 futuro
2946 1748 3198 1803 videlicet
3242 1749 3465 1811 saeculo,
3516 1749 3570 1802 in

2010 1852 2223 1892 vermes
2246 1838 2509 1893 adversus
2531 1853 2627 1894 eos
2653 1840 2745 1908 qui
2776 1850 3194 1906 conservarunt,
3220 1842 3567 1896 commutari.

2010 1922 2087 1976 lta
2122 1938 2218 1992 per
2248 1925 2394 1979 hunc
2431 1942 2665 1981 vermem
2701 1929 2853 1981 illum
2901 1944 3002 1997 ego
3050 1929 3410 1984 immortalem
3450 1945 3573 1983 ver-

2012 2029 2152 2067 mem
2188 2014 2448 2084 intelligo,
2482 2016 2572 2085 qui
2604 2017 2726 2085 plus
2760 2017 2993 2072 habendi
3046 2018 3345 2086 cupiditate
3396 2019 3574 2073 viviﬁ-

2012 2112 2189 2157 catur.
2238 2103 2333 2159 Die
2389 2114 2569 2160 autem
2618 2107 2829 2161 sabbati
2879 2108 3057 2162 solum
3111 2109 3363 2176 illaesum,
3425 2111 3572 2180 quod

2012 2191 2411 2261 deponebatur,
2462 2196 2833 2264 permanebat.
2873 2198 2987 2262 Qua
3047 2215 3113 2252 ex
3177 2215 3237 2253 re
3280 2208 3413 2254 tunc
3470 2202 3570 2253 liae

2011 2281 2318 2352 deponendi
2370 2286 2742 2356 superﬂuitate
2794 2290 3020 2357 provida
3078 2300 3258 2344 mente
3311 2292 3569 2345 utendum

2011 2371 2293 2436 docemur,
2323 2376 2543 2442 quando
2581 2376 2758 2444 ipsum
2794 2377 3103 2445 depositura
3160 2381 3568 2449 corrupzionem

2007 2463 2117 2531 pati
2150 2478 2256 2517 non
2287 2473 2486 2533 potest.
2522 2465 2578 2520 ιιι
2610 2469 2754 2522 enim
2787 2475 2910 2536 post
2944 2469 3108 2538 hujus
3163 2470 3285 2523 vita:
3318 2486 3572 2538 parasce—

2008 2568 2107 2606 ven
2140 2553 2196 2606 in
2229 2555 2432 2622 quiete,
2457 2572 2579 2625 qua:
2621 2566 2743 2628 post
2787 2568 3014 2612 mortem
3062 2566 3165 2625 est,
3217 2560 3570 2613 utilissimum

2005 2644 2147 2697 erit:
2210 2645 2326 2700 dies
2360 2661 2594 2715 namque
2631 2657 2757 2703 ante
2813 2650 3124 2714 sabbatum,
3157 2666 3467 2720 parasceve,
3518 2652 3571 2706 id

2004 2740 2109 2795 est,
2138 2737 2460 2805 praeparatio
2489 2739 2556 2791 ad
2590 2739 2909 2803 Sabbatum,
2939 2750 2993 2794 et
3039 2751 3123 2795 est
3154 2751 3207 2794 et
3239 2742 3560 2810 appellatur.

2082 2820 2206 2876 Haec
2256 2840 2385 2893 vero
2438 2829 2854 2896 prazparationis
2904 2831 3040 2893 dies,
3075 2830 3188 2884 haec
3235 2831 3345 2884 vita
3375 2839 3479 2893 est,
3512 2831 3566 2882 in

1960 2986 1972 3004 ι
2011 2929 2117 2983 qua
2173 2931 2541 2986 praeparamus
2593 2935 2714 2988 quae
2765 2921 2832 2974 ad
2890 2920 3124 2975 inituram
3188 2922 3351 2975 vitam
3410 2922 3571 2974 nobis

2012 3015 2210 3074 prasto
2256 3016 2436 3061 erunt.
2469 3007 2602 3062 Nam
2659 3010 2714 3063 in
2754 3009 2843 3062 illa
2890 3025 2997 3064 non
3053 3012 3411 3079 agricultura,
3461 3027 3570 3064 non

2010 3104 2339 3163 mercatura,
2377 3112 2486 3152 non
2530 3099 2740 3166 militia,
2773 3114 2878 3154 non
2908 3099 3202 3170 quidquam
3235 3101 3427 3157 horum
3451 3117 3572 3170 quae

2009 3184 2099 3239 hic
2152 3184 2409 3252 facimus,
2459 3189 2621 3245 nobis
2676 3191 3057 3258 concedetur;
3122 3192 3218 3246 sed
3276 3194 3332 3246 in
3385 3193 3571 3262 quiete

2010 3276 2252 3331 omnium
2278 3293 2399 3349 quae
2422 3280 2510 3333 hic
2533 3281 2765 3349 agimus,
2791 3295 2855 3335 ac
2878 3284 3185 3337 cessatione
3207 3283 3567 3345 versabimur,

2010 3364 2221 3423 fructus
2277 3367 2547 3424 du‘ntaxat
2599 3387 2827 3441 operum
2871 3388 2993 3441 qua:
3041 3374 3130 3428 hic
3179 3373 3571 3428 seminavimus

2009 3458 2328 3528 colligentes
2358 3479 2374 3526 ;
2414 3460 2623 3516 fructus
2664 3463 2997 3519 immortales
3036 3463 3288 3532 quidem.
3324 3464 3372 3520 si
3407 3464 3569 3532 hujus

2008 3548 2134 3602 vitae
2158 3549 2368 3604 semina
2400 3551 2541 3604 bona
2589 3560 2785 3606 erant:
2822 3553 3052 3608 lethales
3087 3561 3266 3606 autem
3302 3569 3362 3607 ac
3394 3555 3573 3622 perui-

2009 3639 2215 3703 ciosos,
2250 3641 2298 3695 si
2331 3642 2599 3709 ejusmodi
2634 3642 2842 3696 semina
2872 3643 2997 3696 vitae
3028 3643 3192 3711 hujus
3238 3644 3351 3709 agri
3384 3654 3570 3711 protu—

2011 3732 2194 3784 lerint.
2228 3731 2362 3785 Nam
2391 3733 2484 3799 qui
2530 3733 2583 3785 in
2623 3732 2817 3802 spiritu
2871 3733 3125 3796 seminat,
3174 3733 3370 3801 inquit,
3407 3734 3569 3787 vitam

2008 3832 2261 3875 aeternam
2302 3837 2367 3877 ex
2407 3823 2600 3891 spiritu
2654 3832 2857 3888 metet;
2894 3825 2988 3892 qui
3034 3823 3086 3875 in
3120 3838 3283 3876 carne
3317 3824 3566 3887 seminat,

2009 3913 2416 3981 corruptionem
2462 3920 2628 3966 metet
2679 3929 2743 3968 ex
2790 3928 2973 3969 carne.
3022 3912 3356 3984 Pracparatio
3406 3914 3571 3983 igitur

2008 4019 2131 4074 quae
2158 4003 2225 4058 ad
2255 4004 2452 4060 melius
2476 4012 2581 4071 est,
2606 4005 2721 4059 sola
2752 4005 2973 4074 proprie
2998 4020 3293 4074 parasceve
3324 4006 3571 4058 uouiina-

2009 4101 2098 4147 tur
2127 4113 2137 4145 :
2174 4104 2228 4149 et
2272 4095 2346 4149 ita
2382 4110 2576 4148 nomen
2611 4095 2731 4164 ejus
2781 4111 2812 4149 a
2861 4097 2977 4165 lege
3011 4096 3382 4160 constituitur,
3413 4095 3571 4163 cujus

2007 4184 2312 4255 depositum
2350 4184 2692 4256 incorrupiio
2730 4196 2835 4242 est.
2870 4186 2926 4242 Si
2956 4186 3080 4256 quis
3119 4194 3301 4240 autem
3332 4188 3383 4239 in
3416 4189 3571 4256 pejus

2009 4274 2251 4344 deponit,
2282 4290 2384 4330 nec
2409 4285 2514 4339 est,
2547 4291 2649 4331 nec
2672 4275 2874 4331 dicitur
2900 4277 3226 4346 praeparatio
3255 4295 3268 4330 :
3301 4277 3569 4330 bonorum

2007 4364 2151 4418 enim
2184 4365 2541 4433 privationem
2575 4366 2758 4420 nullus
2800 4367 2926 4435 jure
2965 4368 3438 4436 praeparationem,
3473 4366 3569 4423 sed

2008 4456 2425 4525 praeparationis
2454 4458 2725 4523 jacturavn
2766 4459 3126 4529 nuncupabit.
3158 4460 3367 4515 Idcirco
3396 4462 3567 4515 solam

2008 4548 2074 4601 ad
2108 4548 2308 4602 melius
2341 4549 2789 4618 prazparatiouem
2818 4549 3047 4604 historia
3077 4552 3566 4622 nobisproposuit,

2008 4637 2343 4689 contrarium
2392 4638 2513 4705 ejus
2564 4637 2862 4705 inquirenti
2900 4639 3196 4707 prudenter
3228 4641 3565 4708 relinquens.

2010 4722 2210 4778 Verum
2242 4728 2696 4795 quemadmodum
2741 4744 2865 4782 cum
2915 4730 3263 4797 conscriptus
3291 4729 3567 4784 exercitus

2010 4815 2189 4879 fuerit,
2247 4819 2480 4885 primum
2531 4829 2892 4873 commeatum
2934 4828 3090 4888 parat
3135 4820 3411 4874 exercitus
3434 4821 3565 4889 dux,

2006 4921 2069 4960 ac
2094 4909 2290 4964 deinde
2320 4910 2445 4964 belli
2475 4911 2569 4964 dat
2605 4918 2864 4967 tesseram
2894 4929 2907 4964 :
2937 4910 3129 4964 eodem
3160 4911 3323 4966 modo
3348 4928 3568 4980 quoque

2006 4999 2226 5054 virtutis
2282 5000 2482 5056 milites
2541 5004 2778 5071 primum
2845 5002 3134 5073 mysticum
3196 4998 3564 5056 connueaium

2006 5089 2375 5157 aceipiunt,et
2399 5092 2477 5144 sic
2501 5092 2767 5147 adversus
2791 5091 3122 5161 alienigenas
3139 5101 3359 5150 exeunt,
3378 5090 3565 5145 Jesum

2006 5182 2098 5249 qui
2126 5180 2296 5252 Moysi
2324 5183 2593 5237 successit
2615 5183 2808 5237 ducem
2850 5183 3209 5251 possidentes.
3246 5182 3407 5239 Vides
3455 5199 3563 5252 qua

2006 5275 2149 5326 serie
2200 5272 2427 5326 historia
2482 5274 2768 5339 procedit?
2830 5275 2980 5329 vides
3043 5276 3315 5344 quomodo
3377 5284 3568 5330 nostro

2006 5371 2204 5416 cuncta
2239 5363 2518 5430 proposito
2552 5366 2904 5431 congruunt?
2934 5366 3231 5434 Quousque
3280 5365 3566 5420 imbecillis

2010 5451 2173 5504 homo
2233 5450 2288 5502 in
2342 5449 2447 5503 ﬁde
2504 5457 2589 5503 est
2655 5450 2964 5518 perniciosa
3024 5452 3238 5520 tyranni
3304 5452 3568 5506 servitute

2008 5557 2321 5611 oppressus,
2357 5558 2461 5595 non
2490 5541 2609 5609 ipso
2635 5556 2693 5595 se
2722 5541 2789 5593 ab
2815 5541 2969 5596 hoste
3001 5550 3210 5597 tutatur
3240 5563 3252 5597 :
3289 5559 3388 5598 nec
3417 5542 3562 5596 enim
