3800 5980
253 188 359 249 371

1511 205 1570 262 S.
1607 207 1934 274 ,GREGORII
1973 211 2264 268 NYSSENI

3382 219 3489 278 373

259 311 435 403 potest
462 323 476 360 :
510 305 604 362 sed
637 308 730 378 qui
754 323 971 403 semper
1004 312 1237 371 inﬁrmis
1264 315 1441 382 adest,
1475 320 1566 389 qui
1601 322 1822 386 crebris

1932 329 2034 389 ταῖς
2059 328 2376 400 ἐπαλλήλοις
2404 329 2640 401 πληγαῖς
2669 330 2758 386 τὸν
2787 331 3044 403 πολέμιον
3063 331 3300 387 τύπτων.
3320 333 3491 388 Ἐαὰν

254 397 467 450 hostem
501 411 567 452 ac
597 399 812 470 magnis
867 402 1187 460 vulneribus
1247 413 1428 477 potest
1474 408 1720 475 fundere,
1771 413 1819 468 is

256 500 356 556 pro
415 489 534 544 suis
583 497 808 560 pugnat,
862 492 910 548 is
973 493 1184 549 hostem
1231 498 1552 571 submergit,
1588 502 1634 557 is
1689 517 1820 559 suos

255 576 519 632 defendit.
550 579 687 634 Cum
719 595 850 636 vero
897 583 954 637 in
1008 583 1308 640 libertatem
1362 587 1476 658 jam
1517 591 1821 648 vindicatus

255 666 421 722 homo
463 669 557 735 sit,
589 685 715 724 cum
769 672 917 741 ligno
961 687 1146 728 amara
1184 675 1239 730 in
1278 677 1621 735 dulcedinem
1679 698 1820 752 aqua

257 773 418 814 versa
447 758 786 816 refocillatus
807 761 992 827 fuerit,
1022 778 1145 818 cum
1168 766 1224 820 in
1256 766 1489 822 fontium
1527 778 1584 825 et
1610 773 1820 841 palma-

258 864 379 904 rum
414 852 727 908 amcenitate
776 854 1132 922 requieverit,
1169 871 1292 911 cum
1335 859 1530 930 lapidis
1563 863 1820 930 mysterio

257 941 406 996 sitim
454 944 750 1012 expulerit,
804 960 929 1001 cum
981 947 1217 1019 denique
1245 950 1457 1005 caelesti
1502 952 1627 1008 cibo
1658 951 1822 1008 fuerit.

152 1063 156 1066 -
257 1048 413 1100 usus,
449 1041 582 1089 tunc
613 1051 724 1091 non
753 1052 853 1107 per
886 1038 1054 1092 alium
1087 1039 1238 1108 fugat
1268 1042 1455 1099 hostes
1483 1059 1497 1096 :
1541 1044 1633 1098 sed
1662 1047 1820 1115 quasi

256 1128 350 1198 qui
375 1129 488 1199 jam
515 1145 809 1200 puerorum
837 1139 1049 1188 aetatem
1071 1139 1388 1204 excesserit,
1411 1146 1465 1192 et
1487 1139 1542 1192 in
1559 1139 1818 1208 juvenum

260 1220 430 1275 robur
456 1223 783 1291 pervenerit,
814 1223 928 1293 ipse
960 1239 1060 1294 pro
1091 1225 1273 1297 seipso
1311 1243 1506 1285 manus
1551 1245 1676 1284 cum
1721 1231 1820 1287 ad-

263 1313 512 1368 versario
531 1315 791 1378 conserit,
815 1316 954 1370 duce
970 1331 1104 1372 usus
1135 1333 1238 1373 non
1261 1318 1444 1391 Moyse
1467 1320 1560 1376 Dei
1586 1324 1820 1391 cultore,

1923 419 1980 472 δὲ
2011 420 2112 489 τῆς
2141 420 2250 475 τῶν
2281 421 2626 490 κρατούντων
2674 421 2915 485 δουλείας
2969 422 3341 493 ἐλευθερωθῇ,
3395 423 3492 476 καὶ

1925 509 2338 581 καταγλυκανθῇ
2372 511 2450 582 τῷ
2483 511 2643 581 ξύλῳ,
2692 513 2786 566 καὶ
2817 513 2876 565 ἐν
2919 514 2985 582 τῇ
3029 511 3286 580 φοινίκων
3316 530 3490 566 κατα-

1922 601 2074 669 γωγῇ
2105 599 2196 652 τὸν
2234 599 2400 652 κόπον
2437 599 2746 671 ἀναπαύσῃ,
2785 600 2880 654 καὶ
2909 599 2971 652 τὸ
3000 601 3099 670 τῆς
3122 601 3328 670 πέτρας
3374 599 3489 670 γνῷ

1925 691 2242 761 μυστήριον,
2287 691 2380 744 καὶ
2405 691 2502 760 τῆς
2537 691 2785 762 οὐρανίου
2814 691 3060 762 μετάσχῃ
3088 692 3295 761 τροφῆς
3323 709 3336 722 ·
3366 692 3487 744 τότε

1923 779 2106 834 οὐκέτι
2129 780 2197 833 δι’
2218 780 2408 851 ἐτέρας
2441 781 2620 852 χειρὸς
2642 782 2905 852 ἀμύνεται
2931 783 3023 836 τὸν
3051 783 3308 852 πολέμιον
3328 798 3342 812 ⁸
3369 782 3488 835 ἀλλ’

1923 869 1998 933 ὡς
2023 869 2193 932 ἐκ6ἀς
2218 869 2319 940 ήδη
2334 870 2432 939 τὴν
2445 868 2538 922 τοῦ
2566 869 2754 933 παιδὸς
2777 869 3011 940 ἡλικίαν,
3041 869 3134 923 καὶ
3161 869 3487 923 καταλαϐὼν

1921 959 2021 1032 τὴν
2049 961 2232 1030 ἀκμὴν
2267 960 2368 1031 τῆς
2393 960 2660 1032 νεότητος,
2682 962 2842 1024 αὐτὸς
2867 962 2932 1014 δι’
2964 961 3158 1014 ἑαυτοῦ
3189 963 3301 1024 τοῖς
3333 963 3481 1014 ἐναν-

1924 1051 2061 1114 τίοις
2081 1050 2470 1121 συμπλέκεται,
2487 1051 2776 1123 στρατηγῷ
2798 1051 3096 1123 χρώμενος,
3119 1052 3301 1105 οὐκέτι
3323 1053 3488 1106 Μωῦ-

1925 1145 2011 1195 σεῑ
2037 1141 2114 1212 τῷ
2169 1142 2454 1214 θεράποντι
2478 1143 2571 1196 τοῦ
2620 1142 2776 1208 Θεοῦ,
2824 1143 2940 1198 ἀλλ’
2973 1141 3120 1212 αὐτῷ
3149 1142 3227 1212 τῷ
3255 1142 3394 1212 Θεῷ,
3421 1135 3490 1196 οὗ

1924 1233 2162 1303 Μωῦσῆς
2209 1232 2462 1301 θεράπων
2501 1232 2738 1300 ἐγένετο.
2781 1233 2839 1285 '0
2877 1231 2985 1302 γὰρ
3010 1232 3069 1296 ἐξ
3103 1232 3278 1303 ἀρχῆς
3309 1231 3488 1296 δοθεὶς

1922 1324 1982 1378 ἐν
2003 1323 2158 1394 τύπῳ
2187 1323 2281 1377 καὶ
2315 1325 2441 1394 σκιᾷ
2454 1323 2562 1377 τῶν
2589 1323 2885 1394 μελλόντων
2907 1325 3090 1393 νόμος,
3119 1325 3176 1375 ἐν
3207 1325 3316 1386 τοῖς
3349 1322 3490 1392 ἀλη-

259 1403 360 1458 sed
413 1404 534 1474 ipso
563 1403 694 1461 Deo.
749 1405 857 1462 Lex
904 1423 1025 1478 quae
1067 1408 1126 1465 in
1174 1411 1348 1481 ﬁgura
1395 1410 1709 1468 futurorum
1767 1422 1823 1470 et

1932 1414 2088 1478 θινοῖς
2108 1415 2314 1486 ἀγῶσιν
2341 1415 2624 1486 ἀπόμαχος
2662 1415 2831 1485 μένει,
2867 1416 3162 1485 στρατηγεῖ
3204 1413 3261 1466 δὲ
3289 1416 3318 1467 ό
3343 1413 3489 1483 πληο

260 1492 456 1548 umbra
481 1495 608 1551 data
639 1503 755 1561 est,
779 1498 1215 1569 inexpugnabilis
1245 1500 1303 1554 in
1333 1500 1478 1556 veris
1507 1501 1822 1557 certamini-

1932 1505 2101 1578 ρωτὴς
2148 1505 2240 1560 τοῦ
2273 1507 2459 1576 νόμου,
2493 1505 2585 1559 καὶ
2611 1505 2886 1566 Μωῦσέως
2931 1503 3190 1573 διάδοχος,
3218 1505 3246 1557 6
3265 1503 3352 1557 διὰ
3382 1503 3492 1572 τῆς

259 1585 364 1640 bus
389 1593 496 1651 est,
533 1586 588 1641 in
611 1588 814 1658 quibus
843 1590 952 1644 dux
975 1598 1080 1656 est,
1108 1593 1200 1662 qui
1227 1591 1397 1664 Moysi
1417 1594 1703 1662 successit,
1727 1597 1820 1664 qui

1932 1593 2244 1664 ὁμωνυμίας
2279 1591 2372 1646 τοῦ
2401 1593 2520 1646 τότε
2563 1592 2989 1664 στρατηγοῦντος
3037 1593 3492 1663 προκηρύσσόμε-

261 1677 433 1747 legem
470 1677 803 1749 adimplevit,
852 1682 944 1752 qui
977 1683 1060 1738 vel
1094 1683 1318 1739 nomine
1371 1684 1492 1754 ipso
1520 1685 1677 1741 ducis
1715 1685 1819 1742 lle-

1932 1701 2027 1748 νος.
2079 1685 2138 1738 Ὀ
2167 1684 2226 1738 δὲ
2255 1684 2402 1749 λαὸς,
2434 1686 2484 1738 εί
2511 1685 2609 1755 μὲν
2645 1682 2956 1755 ἐπηρμένας
2983 1682 3167 1752 βλέποι
3202 1683 3294 1736 τοῦ
3331 1700 3493 1753 νομο-

261 1766 535 1822 braeorum
559 1771 735 1824 multo
757 1779 886 1827 ante
906 1773 1234 1843 praedicatus
1256 1784 1359 1831 est.
1384 1773 1626 1845 Populus
1641 1785 1821 1832 autem

1932 1775 2077 1829 θέτου
2115 1776 2215 1840 τὰς
2267 1777 2474 1845 χεῖρας,
2509 1773 2808 1845 ὑπέρτερος
2834 1771 2928 1826 τοῦ
2987 1771 3184 1844 ἐχθροῦ
3220 1772 3360 1825 κατά
3388 1771 3490 1842 τὴν

261 1857 530 1928 siquidem
553 1861 792 1917 elevatas
817 1862 1142 1934 legislatoris
1171 1880 1365 1921 manus
1389 1865 1632 1934 respicit,
1655 1867 1825 1922 vincit

1932 1865 2224 1939 παράταξιν
2273 1866 2504 1934 γίνεται.
2529 1867 2590 1918 Εἰ
2629 1865 2686 1918 δὲ
2709 1864 3058 1934 καθειμένας,
3093 1862 3353 1916 ἐνδίδωσι.
3379 1861 3493 1932 Σηο

263 1946 425 2004 facile
451 1949 641 2006 hostes
667 1969 680 2006 :
712 1952 799 2008 sin
830 1968 960 2009 vero
991 1955 1302 2024 depressas,
1353 1957 1498 2012 cedit
1551 1957 1820 2014 hostibus.

1932 1955 2155 2012 ιαίνειδέ
2186 1954 2249 2008 τὸ
2276 1955 2376 2025 μὲν
2405 1956 2462 2007 ἐν
2477 1952 2602 2022 ὕψει
2628 1954 2726 2016 τάς
2749 1956 2937 2025 χεῖρας
2953 1952 3298 2024 ἐπαίρειντὺν
3311 1955 3488 2007 Μωῦ-

265 2039 550 2111 Signiﬁcat
587 2053 768 2098 autem
795 2058 1055 2100 manuum
1080 2045 1254 2118 Moysi
1282 2047 1336 2101 in
1368 2048 1534 2103 altum
1565 2048 1821 2113 sublatio,

1932 2047 2031 2114 νέα,
2063 2043 2163 2115 τὴν
2187 2043 2276 2096 διὰ
2299 2041 2408 2096 τῶν
2435 2041 2782 2113 ὑψηλοτάτων
2813 2044 3099 2113 νοημάτων
3133 2042 3364 2114 θεωρίαν
3388 2041 3493 2097 τοῦ

263 2128 399 2198 legis
437 2130 493 2184 in
523 2131 822 2187 altissimos
859 2148 1058 2190 sensus
1098 2136 1657 2191 accommodationem
1685 2154 1700 2194 :
1730 2138 1826 2192 de-

1932 2138 2072 2208 ιόμου
2096 2151 2110 2166 ·
2135 2137 2198 2190 τὸ
2220 2135 2277 2188 δέ
2305 2136 2386 2198 είς
2406 2135 2506 2204 τὴν
2539 2135 2640 2204 γῆν
2672 2135 2988 2202 ἑπικλίνειν,
3011 2136 3110 2207 τὴν
3141 2136 3405 2204 ταπεινήν
3425 2151 3492 2186 τε

261 2219 475 2283 missio,
503 2219 784 2286 humilem,
807 2230 1102 2289 terrenam,
1127 2225 1521 2295 litteralemque
1542 2227 1677 2295 legis
1699 2241 1823 2280 cum

1932 2230 2002 2282 :al.
2025 2225 2367 2299 χαμαίζηλον
2406 2226 2545 2278 κατὰ
2571 2226 2632 2278 τὸ
2657 2227 2890 2296 γράμμα
2908 2225 3004 2280 τοῦ
3035 2225 3200 2297 νόμου
3225 2224 3494 2296 ἐξὴγησίν

260 2306 660 2376 expositionem
753 2317 868 2363 tum
946 2313 1408 2368 observationem.
1495 2314 1648 2380 Quod
1698 2329 1825 2369 vero

1932 2337 1968 2372 re
2004 2314 2100 2373 καὶ
2130 2318 2534 2388 παρατήρησιν.
2575 2316 2876 2387 Ὑπερείδει
2903 2318 2961 2371 δὲ
3007 2315 3366 2388 βαρυνθείσας
3389 2314 3492 2368 τοῦ

263 2396 520 2453 sacerdos
548 2414 742 2468 graves
767 2400 934 2472 Moysi
959 2417 1154 2458 manus
1185 2406 1444 2468 sustinet,
1466 2404 1672 2459 auxilio
1692 2420 1826 2460 usus

1932 2408 2199 2472 Μωῦσέως
2232 2409 2331 2471 τὰς
2382 2409 2568 2478 χεῖρας
2596 2405 2635 2458 ό
2683 2403 2862 2475 ἱερεὺς
2911 2397 3154 2472 συνεργῷ
3202 2395 3494 2468 χρώμενος

261 2487 590 2556 cognatione
643 2490 744 2545 sibi
785 2490 1108 2560 conjuncti,
1169 2508 1345 2562 neque
1400 2493 1635 2548 alienum
1684 2502 1825 2548 esta

1932 2500 1998 2571 τῷ
2019 2499 2346 2570 ᾡκειωμένῳ
2399 2497 2536 2551 κατὰ
2580 2495 2642 2548 τὸ
2698 2494 2865 2562 γένος.
2901 2492 3034 2545 Οὐδὲ
3067 2489 3225 2542 τοῦτο
3257 2487 3353 2556 τῆς
3374 2483 3493 2536 τῶν

263 2589 428 2631 sensu
459 2577 654 2633 altiore
685 2593 848 2647 quem
885 2580 1190 2648 sequimur.
1224 2579 1423 2635 Verum
1467 2581 1611 2634 enim
1643 2596 1826 2636 sacer-

1932 2591 2303 2662 θεωρηθέντων
2333 2587 2648 2650 ἀκολουθίας
2677 2586 2820 2639 ἐστὶν
2845 2584 3018 2645 ἐκτός.
3064 2582 3128 2634 Ἦ
3143 2579 3250 2650 γὰρ
3280 2576 3493 2647 ἀληθὴς

262 2663 467 2720 dotium
502 2682 599 2736 per
629 2668 979 2738 conjunctum
1009 2669 1114 2725 sibi
1165 2668 1258 2725 Dei
1306 2670 1554 2736 verbum,
1604 2687 1824 2726 sensum

1932 2683 2188 2753 ἱερωσύνη
2222 2681 2308 2734 διά
2334 2679 2426 2732 τοῦ
2481 2678 2822 2747 συνημμένου
2862 2674 2998 2742 αὐτῇ
3027 2671 3186 2738 λόγου
3218 2667 3362 2721 θείου
3388 2664 3495 2727 τὰς

265 2753 401 2825 legis
429 2755 632 2812 duritie
659 2754 872 2813 Judaici
903 2758 1088 2813 cordis
1138 2758 1192 2812 in
1225 2767 1426 2813 terram
1470 2760 1739 2829 dejectum
1769 2763 1825 2815 in

1932 2779 1981 2829 ἐν
2010 2774 2270 2846 βαρύτητι
2315 2773 2412 2842 τῆς
2465 2766 2760 2835 Ἰουδαϊκῆς
2807 2763 3039 2824 διανοίας
3063 2763 3141 2823 εἰς
3170 2759 3270 2829 γῆν
3296 2759 3495 2828 ἐρριμ-

262 2847 434 2899 altum
473 2862 665 2902 rursus
695 2848 927 2913 reducit,
961 2857 1016 2903 et
1059 2865 1128 2903 ne
1159 2849 1384 2903 omnino
1435 2850 1617 2913 cadat,
1653 2851 1828 2920 lapide

1932 2866 2096 2936 μένας
2117 2861 2395 2931 ἐνεργείας
2423 2859 2517 2911 τοῦ
2555 2857 2719 2926 νόμου
2754 2853 2914 2906 πάλιν
2944 2851 3127 2916 ἀνάγει
3167 2848 3317 2911 εὶςτὸ
3333 2848 3492 2936 ὕψος,

261 2944 556 3002 sustentat,
604 2945 663 2992 ut
727 2940 930 2994 rectior
981 2954 1076 3009 per
1123 2940 1497 2997 extensionem
1563 2956 1823 2995 manuum

1932 2955 2021 3008 καὶ
2039 2953 2303 3007 πίπτοντα
2326 2951 2416 3003 τὸν
2448 2950 2608 3019 νόμον
2629 2948 2709 3008 είς
2733 2945 2924 3013 ἔδαφος
2943 2938 3213 3010 ὑπερείδει
3237 2936 3315 3006 τῷ
3334 2935 3496 3004 λίθῳ,

261 3029 592 3098 consistens,
623 3045 848 3086 sensum
884 3030 1184 3100 spiritalem
1218 3044 1376 3084 suum
1407 3030 1824 3101 respicientibus

1932 2992 2021 3008 ηε..
2046 2992 2303 3007 ..η-η..-
2337 2992 2412 3003 η,
2457 2992 2603 3019 .-νη
2631 2992 2707 3008 --,
2735 2992 2922 3013 --πτπ
2953 2992 2992 2995 ,ν
3027 2992 3063 3010 ε,
3287 2992 3300 3006 ,
3437 2992 3448 3004 ,
3472 2992 3491 3000 _

1932 3041 2071 3096 ὥστε
2129 3041 2289 3095 αὑτὸν
2339 3037 2616 3092 ἀνεστῶτα
2645 3033 2724 3106 τῷ
2767 3035 3004 3103 σχήματι
3027 3029 3125 3100 τῆς
3153 3027 3259 3080 τῶν
3290 3023 3497 3096 χειρῶν

158 3156 160 3158 τ
262 3120 537 3176 ostendat.
596 3119 728 3174 Nam
782 3136 908 3177 vere
952 3121 1041 3184 iis,
1068 3121 1162 3192 qui
1213 3121 1270 3176 in
1321 3122 1493 3193 legem
1555 3123 1829 3192 respicere

1932 3132 2224 3193 ἐκτάσεως,
2257 3130 2348 3183 τὸν
2386 3126 2578 3181 ἐαυτοῦ
2611 3124 2808 3178 σκοπὸν
2839 3117 3206 3175 ὑποδεικνύειν
3237 3118 3346 3178 τοῖς
3372 3115 3500 3185 βλέ-

262 3220 514 3282 possunt,
567 3213 750 3266 crucis
783 3213 1104 3283 mysterium
1135 3213 1374 3284 undique
1407 3213 1521 3268 fere
1566 3220 1736 3283 patet,
1771 3222 1829 3268 ut

1932 3240 2144 3276 πουσιν.
2183 3219 2422 3291 Ἀληθῶς
2453 3218 2560 3290 γὰρ
2586 3218 2695 3280 τοῖς
2726 3213 2963 3284 καθορᾷν
2991 3209 3307 3280 δυναμένοις
3328 3208 3386 3259 ἐν
3412 3205 3497 3277 τῷ

265 3302 614 3374 Evangelium
652 3319 870 3375 quoque
921 3302 1054 3360 dicit
1073 3303 1140 3370 ⁸⁸,
1157 3305 1265 3362 iota
1285 3312 1340 3362 et
1373 3305 1582 3376 apicem
1637 3321 1668 3359 a
1714 3307 1829 3377 lege

1932 3314 2081 3384 νόμῳ
2109 3311 2340 3382 μάλιστα
2357 3310 2419 3362 τὸ
2451 3307 2590 3362 κατὰ
2605 3307 2694 3360 τὸν
2721 3303 2950 3374 σταυρὸν
2974 3301 3254 3371 θεωρεῖται
3289 3297 3501 3368 μυστή-

265 3409 375 3448 non
409 3397 706 3464 przetcrire,
764 3402 1133 3450 transversam
1189 3395 1388 3450 lineam
1443 3403 1498 3450 et
1534 3397 1827 3465 perpendi-

263 3486 505 3541 cularem
531 3501 596 3541 ac
617 3495 842 3552 rectam,
871 3487 1070 3556 quibus
1086 3487 1256 3558 ﬁgura
1273 3488 1455 3544 crucis
1475 3487 1828 3554 describitur,

265 3592 363 3648 per
392 3577 499 3632 iota
544 3585 599 3633 et
631 3577 838 3648 apicem
896 3577 1211 3633 ostendens.
1268 3579 1401 3644 Qua:
1429 3595 1519 3635 res
1550 3580 1607 3635 in
1648 3579 1833 3651 Moyse

267 3679 398 3724 tunc
447 3679 767 3740 conspecta,
794 3669 887 3740 qui
919 3683 1019 3740 pro
1065 3669 1183 3740 lege
1229 3670 1347 3742 ipsa
1383 3672 1625 3740 ponitur,
1657 3670 1834 3726 victo-

265 3761 402 3816 riam
432 3762 848 3832 respicientibus
875 3762 1127 3832 praebuit.

339 4034 448 4091 Sed
505 4034 706 4090 iterum
762 4033 1042 4090 continuis
1098 4035 1580 4104 progressionibus
1644 4044 1832 4088 nostra

1936 3421 2066 3474 ριον.
2099 3402 2188 3456 Διό
2218 3400 2350 3472 φησί
2377 3407 2480 3452 που
2525 3397 2586 3450 τὸ
2622 3395 2974 3465 Εὑαγγέλιον,
2999 3394 3081 3445 ὅτι
3109 3393 3173 3444 ἐκ
3201 3388 3294 3442 τοῦ
3323 3388 3494 3456 νόμου

1923 3495 1986 3548 τὸ
2026 3493 2158 3547 ίῶτα
2207 3493 2302 3546 καὶ
2347 3488 2542 3562 κεραία
2593 3487 2654 3540 ού
2707 3485 3038 3558 παρέρχεται
3058 3499 3072 3513 ο
3111 3481 3373 3551 σημαῖνον
3403 3474 3501 3530 διὰ

1925 3584 2032 3638 τῶν
2055 3581 2356 3655 εἰρημένων
2400 3581 2499 3650 τήν
2527 3595 2586 3630 τε
2631 3579 2694 3630 ἐκ
2739 3575 2966 3644 πλαγίου
2986 3570 3250 3644 γραμμὴν
3271 3569 3367 3623 καὶ
3393 3567 3500 3638 τὴν

1926 3674 2168 3732 κάθετον.
2198 3672 2265 3724 δι’
2285 3668 2359 3725 ὧν
2386 3671 2448 3724 τὸ
2472 3669 2655 3740 σχῆμα
2682 3666 2775 3720 τοῦ
2807 3663 3039 3734 σταυροῦ
3061 3659 3497 3730 καταγράφεται.

1931 3766 2108 3835 Ὅπερ
2136 3764 2229 3817 καὶ
2279 3763 2336 3814 ἐν
2383 3761 2461 3830 τῷ
2506 3761 2729 3815 Μωῦσεῖ
2753 3757 2874 3810 τότε
2914 3755 3263 3825 βλεπόμενον,
3296 3751 3354 3813 ὃς
3373 3749 3500 3803 ἀντὶ

1934 3854 2028 3908 τοῦ
2079 3854 2242 3923 νόμου
2284 3854 2501 3914 νοεῖται,
2529 3848 2791 3921 τροπαίου
2815 3848 2907 3900 καὶ¹
2955 3845 3110 3915 νίκης
3165 3843 3334 3897 αἴτιον
3380 3841 3501 3902 τοῖς

1935 3943 2103 4015 ὁρῶσι
2127 3942 2467 3996 καθίσταται.

2008 4035 2173 4087 Πάλιν
2206 4035 2354 4102 ἡμῖν,
2403 4031 2470 4085 δι’
2496 4026 2788 4085 ἀκολούθου
2825 4024 2966 4087 τινδς
2998 4020 3332 4084 ἀναϐάσεως,
3359 4017 3502 4089 πρὸς

268 4141 425 4182 mens
451 4125 519 4181 ad
551 4125 872 4180 sublimiora
905 4124 1208 4180 extollitur.
1245 4123 1376 4178 Nam
1400 4125 1494 4193 qui
1525 4125 1650 4179 cibo
1690 4125 1829 4178 refe-

1937 4126 2007 4178 τά
2026 4125 2328 4196 ὑψηλότερα
2342 4124 2439 4192 τῆς
2461 4121 2662 4193 ἀρετῆς
2687 4123 2715 4173 ό
2744 4118 2900 4186 λόγος
2917 4115 3257 4213 χειραγωγεῖλ
3266 4110 3362 4213 τῆν
3383 4109 3502 4213 bid:-

267 4227 389 4273 ctus
422 4225 526 4281 est,
556 4224 611 4273 et
651 4217 705 4271 in
739 4215 932 4285 prmlio
976 4214 1192 4269 fortiter
1219 4230 1278 4269 se
1310 4215 1501 4285 gessit,
1541 4215 1834 4282 hostesque

268 4305 488 4375 dejecit,
523 4306 569 4361 is
591 4315 720 4360 tunc
743 4304 813 4359 ad
843 4303 1170 4359 ineffabilem
1206 4303 1299 4358 Dei
1335 4304 1704 4373 cognitionem
1738 4303 1835 4356 ad-

267 4397 512 4453 ducitur.
545 4397 713 4453 Docet
741 4398 907 4469 igitur
926 4413 1029 4454 nos
1049 4398 1135 4452 his
1157 4397 1414 4452 omnibus
1429 4396 1681 4461 historia,
1702 4403 1834 4465 quot

267 4499 584 4562 quantaque
625 4491 679 4544 in
722 4491 832 4546 vita
883 4492 1122 4561 gessisse
1171 4491 1323 4544 illum
1364 4496 1636 4559 oporteat,
1681 4499 1736 4541 ut
1767 4487 1834 4541 ad

267 4581 605 4653 cognitionis
640 4580 734 4637 Dei
777 4591 1014 4637 montem
1064 4581 1362 4638 ascendere
1390 4587 1572 4635 mente
1615 4579 1833 4644 audeat,

266 4681 323 4730 et
359 4674 612 4729 tubarum
661 4686 848 4727 vocem
895 4671 1196 4736 sustinere,
1245 4678 1406 4739 atque
1443 4669 1498 4724 in
1545 4670 1833 4738 caliginem

268 4763 507 4834 ingredi,
543 4762 636 4817 ubi
673 4761 817 4818 Deus
851 4769 955 4822 est,
995 4760 1289 4830 divinaque
1322 4767 1591 4830 przecepta
1635 4759 1836 4813 tabulis

271 4854 535 4924 impressa
585 4853 913 4919 suscipere;
954 4858 1008 4904 ct
1045 4851 1092 4904 si
1145 4849 1379 4919 alicujus
1436 4857 1658 4918 peccato
1701 4863 1834 4902 con-

270 4943 600 5014 fringantur,
638 4943 774 4996 alias
822 4955 987 4994 manu
1034 4939 1312 4995 confectas
1356 4938 1466 4994 Deo
1507 4937 1722 5003 afferre,
1771 4953 1836 4992 ac

269 5032 367 5089 Dei
409 5033 579 5104 digito
622 5048 816 5088 rursus
845 5047 936 5088 eas
979 5032 1033 5086 in
1081 5031 1230 5101 ipsas
1281 5031 1586 5086 litterarum
1633 5029 1837 5099 ﬁguras

271 5126 489 5189 caelare,
520 5141 642 5196 quae
666 5126 722 5179 in
766 5124 958 5194 primis
982 5122 1220 5179 fuerant.
1259 5120 1368 5178 Sed
1416 5123 1614 5178 melius
1645 5131 1728 5177 est
1767 5119 1835 5174 ad

271 5215 516 5272 historiae
561 5216 810 5270 ordinem
851 5215 1210 5285 anagngicum
1251 5228 1473 5270 sensum
1520 5227 1835 5268 accommo-

270 5306 424 5361 dare.
455 5305 591 5359 Nam
614 5308 706 5376 qui
737 5307 802 5361 ad
835 5306 1054 5379 Moysen
1082 5305 1393 5376 nubemque
1425 5304 1667 5375 respicit,
1714 5303 1838 5373 qui-

272 5397 376 5451 bus
405 5395 621 5450 duobus
646 5395 715 5449 ad
744 5396 998 5466 virtutem
1027 5397 1275 5454 homines
1297 5397 1665 5462 deducuntur,
1689 5393 1836 5450 utsit

347 5572 392 5606 ⁸⁰
421 5571 610 5630 Ποιιιιι
637 5588 686 5639 v,
719 5572 805 5628 18.

1935 4233 2101 4270 νοιαν.
2142 4217 2200 4267 '0
2247 4213 2355 4284 γὰρ
2388 4220 2483 4266 καὶ
2523 4211 2611 4264 διὰ
2640 4209 2741 4278 τῆς
2777 4206 2982 4277 τροφῆς
3008 4201 3363 4270 δυναμωθεὶς,
3403 4199 3501 4253 xal.

1934 4311 1999 4376 τῇ
2035 4307 2166 4376 πρὸς
2191 4306 2315 4368 τοὺς
2335 4302 2603 4365 ἐναντίους
2622 4300 2903 4369 συμπλοκῇ
2917 4297 3013 4365 τὴν
3040 4294 3265 4363 δύναμιν
3293 4291 3497 4354 δείξας,

1936 4398 2032 4450 καὶ
2087 4395 2306 4467 κινητὴς
2355 4394 2462 4446 τῶν
2518 4388 2984 4458 ἀντιτεταγμένων
3022 4385 3333 4453 γενόμενος,
3374 4380 3498 4432 τότε

1937 4490 2268 4558 προσάγεται
2315 4489 2380 4556 τῇ
2440 4483 2736 4555 ἀπορρήτῳ
2783 4479 2965 4550 ἐκείνῃ
2993 4473 3320 4544 θεογνωσίᾳ·
3351 4470 3500 4524 διδά-

1938 4597 2154 4641 σκοντος
2191 4577 2340 4646 ἡμᾶς
2373 4574 2461 4627 διὰ
2493 4572 2694 4625 τούτων
2747 4567 2842 4621 τοῦ
2881 4567 3040 4634 λόγου
3064 4606 3080 4628 ,
3115 4560 3204 4616 οἷα
3251 4561 3348 4615 καὶ
3395 4560 3499 4612 ὅσα

1938 4671 2203 4741 προσήκει
2233 4663 2677 4737 προκατορθῶσαι
2697 4659 2839 4713 κατά
2859 4658 2948 4710 τὸν
2980 4655 3209 4726 βίον,ἴνα
3253 4652 3500 4724 τολμήσῃ

1936 4761 2064 4814 ποτὲ
2109 4763 2173 4830 τῇ
2213 4755 2420 4826 διανοίᾳ
2444 4752 2746 4823 προσϐῆναι
2771 4749 2848 4819 τῷ
2875 4749 2974 4818 τῆς
3006 4745 3332 4814 θεογνωσίας
3357 4744 3495 4814 ὄρει,

1936 4851 2029 4904 καὶ
2081 4845 2436 4912 ὑποδέξασθαι
2477 4843 2575 4912 τὴν
2627 4840 2735 4893 τῶν
2787 4838 3101 4905 σαλπίγγων
3149 4837 3366 4905 φωνὴν,
3405 4833 3499 4885 καὶ

1936 4939 2201 4994 είσε“.οεἰν
2223 4937 2303 4998 είς
2329 4934 2419 4986 τὸν
2441 4931 2654 5000 γνόφον,
2676 4925 2735 4982 οῦ
2753 4927 2896 4980 ἔστιν
2929 4928 2956 4979 ὁ
2985 4925 3135 4987 Θεὸς,
3178 4923 3270 4976 καὶ
3299 4921 3494 4990 ἐγγρά-

1934 5031 2033 5100 ψαι
2063 5031 2178 5091 ταῖς
2210 5024 2370 5088 πλαξὶ
2393 5023 2463 5076 τὰ
2493 5023 2608 5074 θεῖα
2630 5020 2978 5090 χαράγματα,
3003 5013 3106 5067 κᾶν
3143 5010 3498 5083 ωντριὸὦσιν

1934 5118 2092 5177 αὗται
2120 5119 2207 5172 διὰ
2229 5113 2599 5186 πλημμελείας
2615 5110 2778 5174 τινὸς,
2813 5108 2973 5162 πάλιν
2995 5106 3090 5169 τὰς
3109 5102 3499 5175 χειροτμήτους

1936 5212 2210 5267 ὑποθεῖναι
2239 5207 2316 5277 τῷ
2346 5204 2464 5274 Θεῷ
2503 5202 2733 5264 πλάκας,
2773 5200 2864 5253 καὶ
2895 5195 3229 5266 ἀναχαράξαι
3266 5191 3344 5262 τῷ
3373 5189 3503 5260 θείῳ

1935 5301 2180 5370 δακτύλῳ
2210 5297 2279 5352 τὰ
2301 5299 2358 5350 ἐν
2378 5297 2496 5358 ταῖς
2530 5293 2771 5365 πρώταις
2787 5287 3150 5360 ἀρχειωθέντα
3175 5283 3500 5354 γράμματα.

1939 5390 2154 5443 Βέλτιον
2187 5387 2230 5439 δ’
2266 5385 2331 5440 ἂν
2378 5382 2461 5441 εἴη
2491 5381 2559 5434 δι’
2585 5377 2903 5443 ἀκολούθου,
2941 5373 3080 5429 κατά
3108 5372 3205 5443 τὴν
3236 5371 3332 5440 τῆς
3361 5371 3502 5425 ioco-
