3766 5988
258 230 363 288 373

1562 235 1650 291 DE
1689 234 1851 293 VITA
1889 233 2164 292 MOYSIS.

3403 233 3508 287 57¢

258 349 378 418 ρίας
410 345 564 412 τάξιν
609 349 676 420 τῇ
723 349 1043 421 ἀναγωγικῇ
1097 347 1478 422 προσαρμόσαι
1523 351 1584 404 τὸ
1630 351 1745 422 νόηι

2029 363 2156 420 yses
2183 347 2400 419 quidem
2434 364 2533 419 pro
2587 349 2704 419 lege
2746 347 2992 418 legisque
3050 347 3360 418 prmceptis,
3414 365 3515 400 nu-

269 437 519 492 Ἐπειδὰν
545 453 653 510 γαρ
675 441 705 492 ὁ
734 439 870 511 πρὸς
917 441 1009 494 τὸν
1061 441 1299 494 Μωῦσὲα
1345 441 1440 495 καὶ
1469 440 1568 512 τὴν
1609 441 1839 511 νεφέλην

253 529 490 600 βλέπων,
536 529 609 584 δι’
637 523 715 585 ὧν
742 531 1065 603 ἀμφοτέρων
1099 532 1308 600 γίνεται
1335 534 1449 594 τοῖς
1491 533 1612 586 κατ’
1639 531 1839 602 ἀρετὴν

251 622 539 692 προϊοῦσιν
587 625 622 693 ἠ
660 622 886 694 ὁδηγία⁸
939 624 1025 692 εἴη
1072 623 1117 676 δ’
1168 622 1235 676 ἂν
1265 625 1324 676 ὲν
1356 621 1435 692 τῷ
1468 621 1624 694 μέρει
1666 621 1840 693 τούτῳ

251 714 498 783 Μωῦσῆς
539 711 661 784 μὲν,
709 714 782 768 τὰ
811 712 1012 784 νομικά
1059 701 1513 784 παραγγέλματα,
1546 713 1743 783 νεφέλη
1783 713 1839 766 δὲ

250 802 750 874 προκαθηγουμένη
777 801 872 856 τοῦ
899 803 1065 872 νόμου
1091 817 1103 830 ’
1137 801 1196 864 ὃς
1217 801 1426 872 διανοίᾳ.
1454 799 1840 872 κεκαθαρμένη

252 896 310 948 ὲν
334 897 404 966 τῇ
433 893 682 948 διαϐάσει
706 892 799 947 τοῦ
845 892 1058 956 ὓδατος,
1091 891 1374 963 νεκρώσας
1401 909 1460 945 τε
1489 893 1582 946 καὶ
1611 892 1842 962 ἀποκρί-

250 1004 346 1051 νας
389 984 586 1039 έαυτοῦ
630 985 692 1038 τὸ
733 985 1052 1055 ἀλλόφυλον,
1087 983 1341 1053 γεύσεταί
1380 1001 1440 1036 τε
1466 983 1569 1052 τῆς
1605 986 1835 1055 μερρᾱς,

249 1076 524 1140 τουτέστι,
553 1074 649 1128 τοῦ
702 1075 1108 1147 κεχωρισμένον
1153 1074 1262 1128 τῶν
1289 1073 1492 1145 ἡδονῶν
1522 1073 1661 1144 βίου,
1697 1073 1725 1126 ὂ
1751 1091 1841 1126 πι-

251 1168 384 1237 κρόν
413 1184 473 1219 τε
516 1167 614 1221 καὶ
651 1166 816 1237 ἀηδὲς
851 1166 1004 1238 παρά
1029 1165 1129 1236 τὴν
1164 1164 1390 1236 πρώτην
1417 1167 1531 1229 τοῖς
1565 1165 1840 1235 γευσαμέ-

251 1274 364 1320 νοις
417 1257 775 1327 φαινόμενον,
835 1257 1096 1326 γλυκεῖαν
1135 1257 1366 1327 παρέχει
1407 1259 1523 1320 τοῖς
1577 1256 1639 1309 τὸ
1685 1255 1840 1320 ξύλον

253 1349 727 1420 παραδεξαμένοις
753 1349 853 1421 τὴν
873 1347 1125 1419 αἴσθησιν
1148 1365 1162 1379 ⁸
1198 1344 1318 1402 εἷτα
1341 1351 1454 1411 τοῖς
1479 1347 1701 1401 κάλλεσι
1729 1348 1840 1401 τῶν

253 1438 517 1504 φοινίκων
564 1436 674 1491 τῶν
736 1436 1110 1506 εύαγγελικῶν
1154 1438 1245 1490 καὶ
1289 1436 1399 1490 τῶν
1435 1436 1627 1506 πηγῶν
1653 1439 1842 1507 ἐντρυ-

255 1533 455 1602 φήσας,
488 1531 584 1584 καὶ
615 1529 710 1583 τοῦ
763 1529 967 1594 ζῶντος
995 1529 1208 1593 ὕδατος,
1230 1530 1368 1598 ὅπερ
1389 1529 1537 1582 ἐστὶν
1569 1531 1603 1598 ἡ
1640 1529 1838 1599 πέτρα,

255 1624 474 1694 πλήρης
503 1623 817 1694 γενόμενος,
874 1622 966 1675 τόν
993 1639 1052 1674 τε
1099 1621 1350 1692 οὐράνιον
1375 1621 1539 1692 ἄρτον
1570 1622 1628 1673 ὲν
1661 1619 1840 1689 ἐαυτῷ

254 1717 458 1783 λαϐὼν,
484 1718 579 1770 καὶ
598 1715 742 1770 κατά
755 1714 864 1768 τῶν
895 1713 1207 1782 ἀλλοφύλων
1230 1711 1644 1784 ἀνδρισάμενος,
1673 1704 1718 1778 ᾧ
1739 1712 1840 1781 τῆς

255 1807 413 1875 νίκης
460 1807 633 1871 αίτία,
664 1808 699 1877 ὴ
734 1805 956 1869 ἐκτασις
1001 1804 1110 1858 τῶν
1163 1803 1362 1874 χειρῶν
1407 1801 1501 1856 τοῦ
1553 1789 1841 1874 νομοθέτου

257 1897 489 1961 γίνεται,
513 1896 549 1965 ἡ
577 1894 639 1947 τὸ
682 1895 982 1965 μυστήριον
1019 1893 1114 1946 τοῦ
1145 1893 1380 1965 σταυροῦ
1413 1893 1845 1964 προδεικνύουσα

258 1988 379 2040 τότε
409 1988 747 2057 προσάγεται
775 1988 842 2055 τῇ
888 1986 987 2056 τῆς
1026 1983 1429 2056 ὑπερκειμένης
1460 1983 1674 2053 φύσεως
1712 1983 1845 2035 Osw-

264 2080 372 2150 ρίᾳ.
412 2079 565 2142 Ὀδὸς
591 2078 648 2132 δὲ
679 2077 832 2148 αύτῷ
861 2076 995 2150 πρὸς
1010 2077 1110 2147 τὴν
1141 2075 1397 2146 τοιαύτην
1426 2074 1646 2143 γνῶσιν,
1677 2074 1846 2128 καθα-

265 2172 426 2241 ρότης
441 2171 674 2240 γίνεται,
701 2171 764 2223 οὑ
779 2167 873 2222 τοῦ
890 2167 1140 2238 σώματος
1156 2167 1339 2237 μόνον,
1364 2166 1846 2240 περιρῤαντηρίοις

262 2263 404 2316 τισὶν
437 2261 888 2332 ἀφαγνισθέντος,
913 2259 1050 2313 ἀλλά
1069 2259 1167 2312 καὶ
1193 2258 1302 2312 τῶν
1330 2260 1643 2330 ἐνδυμάτων
1666 2259 1846 2327 πάσης

265 2355 482 2424 κηλῖδος
539 2352 991 2408 ἀποκλυσθέντων
1023 2353 1102 2423 τῷ
1139 2352 1311 2405 ῦδατι.
1335 2351 1506 2405 Τοῦτο
1527 2350 1584 2404 δέ
1614 2353 1751 2413 ἐστι,
1786 2350 1847 2403 τὸ

264 2447 352 2500 διὰ
395 2447 618 2499 πάντων
660 2443 998 2516 καθαρεῦσαι
1031 2445 1141 2499 δεῖν
1161 2444 1250 2497 τὸν
1287 2443 1545 2514 μέλλοντα
1582 2441 1849 2513 προσϐαί-

265 2554 374 2590 νειν
402 2539 468 2607 τῇ
486 2535 596 2589 τῶν
645 2536 812 2589 ὄντων
855 2535 1080 2606 θεωρίᾳ,
1103 2535 1178 2598 ὡς
1204 2534 1299 2589 καὶ
1332 2534 1478 2605 ψυχῇ
1513 2535 1609 2588 καὶ
1634 2532 1847 2604 σώματι

266 2627 506 2698 καθαρὸν
531 2623 672 2680 εἶναι
697 2628 790 2680 καὶ
822 2617 1284 2698 άκηλίδωτον,τὸν
1315 2627 1373 2679 ὲν
1398 2625 1644 2695 ἐκατέρῳ
1675 2624 1847 2695 ῥύπον

267 2717 619 2790 καταλλήλως
670 2717 1117 2788 ἀποκλυσάμενον
1137 2733 1152 2748 ⁸
1187 2718 1263 2782 ὡς
1288 2717 1354 2771 ἂν
1382 2717 1616 2788 καθαροὶ
1649 2717 1742 2770 καὶ
1771 2715 1849 2787 τῷ

265 2812 325 2864 τὸ
352 2810 600 2883 κρυπτὸν
641 2809 836 2880 ὁρῶντι
875 2810 1196 2880 φανείημεν,
1230 2810 1380 2880 καὶὴ
1410 2809 1552 2864 κατά
1576 2809 1637 2862 τὸ
1662 2809 1849 2878 φαινό-

269 2918 430 2971 μενον
479 2901 869 2972 εὐσχημοσύνη
913 2901 980 2972 τῇ
1034 2899 1246 2955 ἔνδοθεν
1269 2902 1370 2972 τῆς
1388 2899 1568 2971 ψυχῆς
1607 2899 1848 2954 διαθέσει

1942 442 2039 496 bes
2065 448 2247 495 autem
2273 439 2382 494 dux
2416 440 2590 511 legis;
2642 455 2766 494 cum
2818 438 3022 493 mundo
3059 439 3226 493 corde
3266 439 3318 491 in
3359 439 3516 507 aquis

1943 540 2237 603 tyrannum
2264 529 2622 594 interfecerit,
2659 544 2782 584 cum
2830 543 3000 598 aquas
3033 542 3248 580 amaras
3291 527 3511 588 biberit,

1942 624 2175 677 alienam
2213 639 2243 677 a
2291 624 2663 694 voluptatibus
2702 622 2868 676 vitam
2901 618 3120 683 vixerit,
3171 633 3291 686 quae
3328 631 3513 670 amara

1940 727 1992 772 et
2027 716 2263 772 diilicilis
2291 718 2560 787 primum,
2599 715 2798 771 deinde
2826 713 3001 768 facilis
3047 710 3365 781 etjucunda
3416 725 3516 778 gu-

1944 803 2220 859 stantibus
2261 805 2606 858 immissione
2631 803 2759 875 ligni
2781 802 3016 857 videtur.
3037 800 3172 855 Cum
3208 799 3513 870 palmarum

1941 910 2005 949 ac
2057 894 2288 949 fontium
2357 896 2706 957 amoenitate,
2768 892 3106 964 Evangelicze
3165 891 3379 946 scilicet
3429 889 3518 943 do-

1943 986 2136 1040 ctrina:
2167 984 2390 1041 ﬂuentis
2417 986 2629 1041 labores
2657 985 2942 1056 depulerit,
2983 984 3030 1039 si
3078 997 3217 1053 aqua
3250 983 3370 1036 viva
3399 995 3519 1050 qum

1942 1075 2081 1143 lapis
2130 1084 2234 1139 est,
2289 1076 2544 1131 videlicet
2595 1077 2868 1140 Christus,
2913 1077 3058 1130 sitim
3107 1074 3410 1137 sedaverit,
3470 1075 3515 1126 si

1941 1167 2149 1222 caelein
2181 1168 2303 1222 cibo
2320 1171 2558 1237 seipsum
2579 1168 2882 1238 repleverit,
2903 1167 2949 1222 si
2975 1167 3248 1221 consertis
3265 1166 3517 1220 manibus

1941 1273 2066 1312 cum
2098 1259 2256 1313 hoste
2288 1259 2499 1313 vicerit.
2523 1259 2697 1324 Quam
2731 1256 2952 1328 quidem
3001 1256 3286 1312 victoriam
3320 1265 3516 1310 exten-

1943 1349 2026 1403 sio
2079 1364 2336 1404 manuum
2377 1350 2570 1420 Moysi,
2633 1335 2729 1419 per
2763 1364 2924 1419 quam
2962 1347 3283 1418 mysterium
3336 1347 3520 1399 crucis

1946 1440 2235 1512 ﬁguratur,
2287 1443 2572 1511 praestitit;
2618 1457 2728 1510 quo
2797 1442 3060 1512 mysterio
3127 1456 3292 1495 verus
3353 1440 3520 1494 lsracl

1942 1549 2162 1604 quoque
2191 1535 2384 1597 vincit,
2440 1550 2564 1590 cum
2596 1535 2711 1589 haec
2737 1535 2919 1589 omnia
2963 1535 3255 1604 peregerit,
3289 1542 3404 1586 tum
3428 1532 3522 1586 (ιε⁴

1944 1642 2092 1680 mum
2119 1627 2184 1680 ad
2214 1627 2646 1697 speculationem
2676 1640 2945 1697 supremae
2967 1633 3173 1680 naturae
3209 1624 3520 1687 adducitur,

1945 1717 2012 1771 ad
2047 1732 2210 1788 quam
2235 1733 2341 1772 non
2371 1719 2538 1771 animi
2573 1727 2783 1770 tantum
2809 1725 2861 1770 et
2897 1716 3145 1786 corporis
3184 1715 3517 1785 aspersioni-

1944 1808 2046 1865 bus
2075 1809 2404 1878 quibusdam
2439 1809 2746 1882 depurgati,
2789 1810 2881 1865 sed
2910 1809 3141 1863 vestium
3165 1823 3382 1877 quoque
3428 1806 3524 1860 de-

1943 1903 2097 1958 ducit
2139 1903 2461 1963 mundities,
2524 1912 2584 1956 ut
2618 1903 2831 1957 scilicet
2881 1917 2989 1954 non
3047 1900 3262 1954 occulta
3314 1900 3517 1964 solum,

1945 1994 2305 2049 verumetiam
2367 1995 2655 2049 manifesta
2714 2001 2768 2048 et
2818 1992 3131 2062 apparentia
3201 1992 3398 2045 decora
3446 1992 3520 2044 ita

1947 2085 2101 2148 liant,
2152 2091 2213 2138 ut
2262 2084 2516 2140 interiori
2563 2084 2733 2138 animi
2773 2082 3125 2153 dispositioni
3164 2083 3515 2136 conveniant.

1945 2176 2061 2231 Non
2094 2178 2239 2232 enim
2275 2176 2510 2231 vestium
2549 2175 2791 2237 macula,
2838 2189 2908 2229 ne
2941 2174 3008 2228 ad
3049 2172 3216 2227 Deum
3257 2173 3523 2227 ascenda-

1946 2283 2090 2334 mus,
2125 2281 2364 2337 unquam
2391 2267 2615 2331 vetabit,
2653 2268 2748 2322 sed
2788 2266 2992 2330 studia,
3036 2281 3156 2335 qua:
3183 2267 3233 2317 in
3259 2264 3362 2317 hac
3413 2265 3518 2317 vita

1948 2360 2301 2426 suscipimus,
2335 2359 2489 2426 quasi
2518 2367 2697 2414 vestes
2727 2366 2874 2420 sunt,
2921 2357 3304 2427 quilmshomo
3343 2356 3523 2409 indui-

1949 2457 2057 2504 tur.
2084 2448 2211 2505 Hazc
2235 2450 2400 2519 igitur
2421 2449 2624 2512 studia,
2679 2455 2733 2503 et
2766 2448 2867 2502 hos
2897 2449 3134 2501 amictus
3162 2463 3268 2501 non
3311 2455 3519 2516 turpes,

1949 2541 2043 2596 sed
2074 2541 2403 2612 purissimos
2428 2556 2551 2596 esse
2579 2540 2755 2595 decet.
2789 2539 2902 2593 "ac
2930 2555 2987 2594 re
3017 2539 3306 2608 diligenter
3349 2539 3514 2599 facta,

1949 2634 2321 2702 armentisque
2372 2632 2658 2686 brutorum
2720 2631 2879 2700 longe
2931 2645 2961 2684 a
3002 2640 3185 2684 monte
3211 2630 3402 2699 pulsis.
3446 2629 3524 2683 sic

1949 2721 2015 2776 ad
2047 2722 2345 2778 altissimas
2373 2722 2622 2776 ascendit
2654 2721 3077 2791 speculatioues.
3105 2719 3220 2784 Qua
3247 2737 3311 2775 ex
3349 2737 3428 2782 re,
3467 2728 3525 2774 ut

1948 2827 2049 2884 ego
2079 2812 2340 2875 arbitror,
2373 2812 2508 2866 illud
2534 2811 2692 2867 nobis
2741 2811 3107 2881 signiﬁcatur,
3147 2811 3290 2880 quod
3323 2810 3525 2865 debea-

1951 2917 2074 2958 mus
2113 2902 2257 2957 hanc
2290 2916 2355 2956 ex
2381 2917 2549 2956 sensu
2582 2901 2782 2956 factam
2825 2901 3222 2970 cognitionem,
3264 2917 3386 2955 cum
3417 2917 3525 2970 qua

271 2990 584 3061 συμϐαίνοι.
619 2989 719 3043 Διά
762 2989 916 3045 τοῦτο
971 2989 1078 3060 πρὸ
1110 2992 1211 3060 τῆς
1257 2989 1350 3042 ἐπὶ
1376 2989 1438 3043 τὸ
1479 2989 1604 3060 ὅρος
1633 2991 1758 3044 ἀνὸδ

2037 2994 2294 3064 elligibile
2348 2995 2807 3064 contemplamur,
2862 2993 3088 3048 omnino
3137 3001 3524 3059 contemnere;

266 3081 343 3152 τῷ
363 3081 497 3152 θείῳ
515 3079 978 3152 προστάγματιτά
995 3079 1200 3150 -ίμάτια
1223 3078 1502 3144 πλύνεται,
1529 3080 1628 3151 τῆς
1655 3080 1852 3150 εὐσχή-

271 3191 430 3244 μονος
458 3173 555 3226 τοῦ
579 3173 694 3243 βίου
741 3171 1030 3243 περιϐολῆς
1076 3170 1562 3242 παραδηλουμένης
1591 3173 1726 3241 ἡμῖν
1776 3170 1854 3242 τῷ

267 3263 375 3316 τῶν
413 3261 649 3331 ἱματίων
705 3262 1003 3330 αίνίγματι.
1051 3261 1126 3312 Οὐ
1155 3259 1264 3330 γάρ
1310 3259 1376 3313 ἄν
1424 3275 1508 3322 τις
1551 3259 1718 3325 εἴποι,
1762 3260 1854 3312 τὸν

270 3352 531 3422 αἰσθητὸν
583 3351 770 3404 τοῦτον
813 3351 981 3422 ῥύπον
1017 3351 1124 3404 τῶν
1180 3351 1431 3420 ἱματίων,
1467 3351 1725 3421 ἐμπόδιον
1751 3351 1853 3419 τῆς

268 3442 459 3495 ἀνόδου
501 3443 616 3503 τοῖς
672 3441 811 3512 πρὸς
847 3441 940 3494 τὸν
992 3438 1124 3492 Θεὸν
1173 3437 1382 3492 ἀνιοῦσι
1421 3439 1664 3508 γίνεσθαι
1693 3457 1706 3471 ·
1739 3441 1852 3494 ἀλλ’

270 3527 424 3602 οἶμαι
458 3529 640 3591 καλῶς
667 3529 728 3582 τὸ
755 3529 966 3599 ἱμάτιον
993 3528 1093 3598 τὴν
1114 3527 1222 3581 τῶν
1239 3527 1380 3580 κατὰ
1399 3526 1488 3580 τὸν
1521 3528 1633 3597 βίον
1665 3528 1854 3582 τοῦτον

272 3620 719 3693 ἐπιτηδευμάτων
775 3619 1063 3690 περιϐολὴν
1111 3617 1490 3690 ὀνομάζεσθαι.
1539 3618 1740 3672 Τούτου
1797 3621 1854 3674 δὲ

274 3711 746 3783 κατορθωθέντος,
785 3711 879 3765 καὶ
932 3710 1033 3781 τῆς
1071 3709 1178 3764 τῶν
1227 3710 1434 3779 ἀλόγων
1491 3709 1692 3780 ἀγέλης
1723 3714 1852 3783 ποῤ⁹

277 3807 507 3878 ρωτάτω
558 3803 652 3857 τοῦ
706 3804 866 3876 ὅρους
915 3803 1301 3874 ἀπελαθείσης,
1350 3803 1493 3856 οὕτω
1539 3804 1856 3874 προσϐαίνει

275 3900 340 3968 τῇ
386 3896 654 3951 ἀναϐάσει
709 3896 819 3948 τῶν
873 3894 1092 3966 ὑψηλῶν
1141 3896 1446 3964 νοημάτων.
1494 3894 1567 3947 Τὸ
1602 3894 1659 3947 δὲ
1693 3893 1855 3965 μηδὲν

273 3989 382 4043 τῶν
422 3987 634 4058 ἀλόγων
682 3985 1030 4058 συγχωρῆσαι
1078 3985 1171 4038 ἐπὶ
1221 3985 1314 4038 τοῦ
1353 3985 1512 4055 ὅρους
1545 3985 1852 4054 φαίνεσθαι,

279 4055 743 4149 σημαίνει,’κατά
921 4055 1196 4148 ἡμετέραν
1235 4077 1526 4148 ὑπόληψιν,
1583 4077 1644 4130 τὸ
1686 4079 1855 4146 ὑπερ-

278 4173 441 4242 ϐῆναι
486 4172 587 4241 τὴν
642 4171 700 4236 ἐξ
743 4169 1045 4242 αἰσθήσεως
1085 4169 1381 4239 γενομένην
1430 4169 1633 4237 γνῶσιν
1693 4169 1750 4221 ὲν
1787 4170 1854 4239 τῇ

276 4263 384 4314 τῶν
440 4261 648 4330 νοητῶν
681 4260 912 4332 θεωρίᾳ’
948 4260 1076 4313 ἴδιον
1103 4259 1212 4331 γὰρ
1251 4259 1350 4328 τῆς
1395 4259 1504 4314 τῶν
1529 4259 1736 4327 ἀλόγων
1758 4259 1858 4328 φύ-

1954 3084 2238 3154 pr0prium
2290 3084 2437 3138 enim
2509 3090 2723 3139 naturae
2764 3084 3053 3139 brutorum
3100 3092 3205 3145 est,
3259 3099 3326 3139 ex
3361 3099 3525 3139 sensu

1954 3176 2073 3230 solo
2123 3175 2335 3245 absque
2377 3175 2691 3230 intellectus
2744 3176 3067 3246 Operatione
3106 3175 3285 3244 aliqua
3331 3175 3529 3245 guber-

1952 3265 2109 3333 nari;
2141 3281 2265 3320 nam
2287 3275 2382 3320 aut
2415 3267 2588 3329 visus,
2609 3275 2704 3319 aut
2738 3266 2977 3328 auditus,
3002 3273 3096 3319 aut
3115 3266 3347 3320 aliorum
3375 3267 3524 3335 quis-

1955 3356 2101 3425 piam
2134 3371 2419 3418 sensuum,
2465 3371 2574 3411 nou
2613 3356 2888 3419 voluntas,
2937 3371 3115 3424 neque
3146 3357 3286 3411 ratio
3323 3356 3530 3426 appeti-

1954 3445 2135 3500 tiones
2158 3445 2447 3500 brutorum
2493 3452 2692 3499 movet.
2737 3443 2919 3510 Quare
2953 3452 3137 3499 motus
3182 3446 3265 3498 sui
3313 3461 3527 3510 oumcs,

1954 3545 2011 3590 et
2035 3550 2200 3604 opera
2252 3549 2510 3590 sensuum
2571 3543 2721 3589 sunt.
2788 3534 3105 3602 Speculatio
3159 3543 3363 3597 autem,
3421 3550 3529 3603 qua

1957 3625 2124 3682 Deum
2153 3627 2611 3695 contemplamur,
2645 3640 2744 3679 nec
2769 3626 2909 3688 visu,
2949 3641 3051 3679 nec
3081 3625 3294 3689 auditu,
3346 3642 3523 3695 quau-

1957 3725 2070 3771 tum
2105 3718 2157 3771 in
2198 3733 2258 3773 se
2313 3727 2419 3778 est,
2476 3716 2716 3786 indiget;
2772 3731 2950 3785 neque
2988 3726 3252 3770 consueta
3293 3715 3526 3786 quadam

1897 3856 1904 3860 .
1942 3806 2448 3878 comprehensione
2469 3805 2948 3875 intellectioneque
2978 3807 3306 3875 percipitur;
3337 3807 3530 3858 oculus

1955 3897 2099 3951 enim
2139 3909 2247 3948 non
2291 3895 2447 3958 vidit,
2490 3909 2592 3948 nec
2645 3895 2796 3949 auris
2819 3893 3248 3950 audivit“:uon
3271 3904 3354 3948 est
3384 3894 3527 3947 enim

1955 3987 2253 4057 quidquam
2285 4000 2496 4050 eorum,
2535 4001 2657 4056 qua:
2711 3987 2766 4041 in
2810 4000 2909 4042 cor
2952 3984 3190 4039 hominis
3235 3984 3532 4037 ascendere

1957 4087 2382 4136 consueverunt.
2424 4077 2605 4144 Quare
2631 4087 2867 4148 oportet,
2899 4079 2945 4133 si
2987 4077 3114 4147 quis
3163 4075 3229 4128 ad
3283 4080 3531 4131 contem-

1967 4173 2262 4242 plationem
2291 4171 2415 4240 ejus
2449 4170 2712 4226 accedere
2729 4170 2880 4235 velit,
2917 4171 2987 4223 ab
3009 4168 3156 4223 omni
3195 4167 3442 4222 sensuali
3479 4173 3531 4218 et

1960 4265 2264 4319 irrationali
2307 4270 2461 4317 motu
2507 4272 2743 4317 mentem
2801 4277 2957 4316 suam
2997 4261 3404 4329 permundare;
3467 4272 3531 4310 ac

280 4359 439 4414 σεως,
491 4353 552 4406 τὸ
603 4350 725 4404 κατ’
779 4350 1031 4422 αἴσθησιν
1073 4350 1242 4420 μόνην
1268 4348 1391 4420 δίχα
1427 4349 1666 4427 διανοίας
1709 4351 1767 4403 ol:

2059 4368 2184 4408 cum
2220 4367 2437 4407 omnem
2471 4354 2788 4422 opinionem
2822 4366 2944 4419 quae
2976 4366 3038 4405 ex
3073 4349 3326 4404 sensibus
3365 4350 3531 4418 origi-

278 4443 582 4511 νομεῖσθαι.
628 4441 881 4499 Ἐκείνων
932 4441 1258 4512 καθηγεῖται
1319 4443 1353 4512 ἠ
1399 4441 1624 4513 ὅρασις,
1669 4443 1764 4495 κσιὶ

2043 4462 2082 4499 m
2107 4444 2321 4508 habeat,
2369 4457 2437 4498 ex
2477 4454 2662 4498 mente
2698 4442 3053 4508 abstruserit,
3099 4440 3530 4497 consnetudine-

278 4535 418 4605 ἀκοὴ
463 4534 726 4598 πολλάκις
789 4533 926 4605 πρός
988 4551 1043 4586 τι
1091 4534 1190 4606 τὴν
1251 4535 1430 4605 ὁρμὴν
1502 4534 1765 4606 παρεκίνη

2043 4553 2066 4592 e
2097 4536 2352 4611 conjugis
2385 4549 2500 4591 suae
2531 4535 2774 4591 caruerit
2829 4533 3056 4603 (conjux
3101 4547 3234 4588 vero
3275 4532 3363 4585 hie
3403 4547 3530 4585 seu-

281 4627 390 4678 Καὶ
419 4625 490 4677 τά
520 4624 658 4679 ἄλλα
687 4623 888 4687 πάντα,
913 4623 979 4675 δι’
1013 4616 1088 4677 ὧν
1118 4623 1340 4694 ἐνεργὸς
1362 4623 1676 4694 ἡάῐσθησις
1709 4625 1766 4693 γί

2043 4623 2438 4698 ι’ἱηιειιὶεἰιιιτ,
2464 4627 2556 4697 qui
2587 4626 2918 4695 conjunctus
2949 4633 3162 4679 natura:
3203 4632 3405 4677 nostrae
3435 4639 3530 4675 no-

281 4734 390 4781 ται,
441 4715 648 4787 πολλὴν
690 4717 749 4769 ὲν
777 4718 888 4779 τοῖς
920 4715 1134 4784 ἀλόγοις
1174 4714 1288 4786 ἔχει
1323 4715 1422 4786 τὴν
1451 4714 1654 4786 χώραν.
1693 4715 1759 4769 Ἦ

2042 4734 2171 4774 ιοιιιη
2201 4718 2410 4773 habitat
2454 4715 2623 4787 ),hac
2659 4717 2824 4787 igitur
2846 4731 2969 4770 cum
3011 4715 3270 4774 caruerit,
3313 4715 3393 4767 sic
3435 4714 3529 4765 de-

279 4808 372 4861 τοῦ
397 4809 536 4863 θεοῦ
561 4807 782 4879 θεωρία,
808 4805 934 4860 οὔτε
959 4807 1102 4860 κατά
1119 4806 1180 4859 τὸ
1210 4809 1554 4876 φαινόμενον,
1571 4807 1695 4863 οὔτε
1718 4827 1766 4863 κς

1548 4807 1695 4870 ,οὔτε
1718 4811 1860 4864 κατὰ
1966 4811 2132 4882 nique
2157 4809 2356 4880 poterit
2383 4808 2451 4863 ad
2481 4813 2721 4861 montem
2753 4806 3035 4862 accedere.

278 4904 338 4958 τὸ
382 4903 719 4974 ἀκουόμενον
769 4903 1106 4973 ἐνεργεῖται,
1160 4900 1284 4954 οὔτε
1342 4903 1450 4956 τινὶ
1493 4903 1601 4956 τῶν
1657 4906 1899 4976 συνήθων
1940 4905 2227 4977 νοημάτων
2268 4900 2770 4970 καταλαμϐάνεται·
2827 4899 2949 4952 οὔτε
2998 4898 3103 4967 γὰρ
3135 4895 3408 4965 ὀφθαλμὸς
3461 4892 3535 4948 εἷ-

281 5000 384 5063 δεν,
422 4999 548 5053 οὔτε
595 4994 688 5062 οῦς
729 4998 994 5068 ἢκουσε-ν,
1043 4996 1168 5050 οὔτε
1221 5014 1274 5050 τι
1311 4997 1420 5052 τῶν
1452 4999 1545 5052 ἐπὶ
1593 5001 1820 5070 καρδίαν
1871 4999 2159 5072 ἀνθρώπου
2204 4997 2450 5068 συνήθως
2487 4995 2884 5050 ἀναϐαινόντων
2908 4993 3072 5044 ἐστίν.
3120 4989 3280 5042 Ἀλλά
3309 4987 3413 5059 χρὴ
3444 4988 3534 5039 τὸν

284 5097 547 5166 μέλλοντα
596 5092 944 5164 προσϐαίνειν
985 5096 1052 5164 τῇ
1085 5093 1194 5146 τῶν
1233 5093 1452 5163 ὑψηλῶν
1499 5097 1843 5166 κατανοήσει,
1895 5098 2075 5165 πάσης
2123 5091 2445 5163 αἱσθητικῆς
2497 5107 2556 5143 τε
2597 5090 2690 5143 καὶ
2715 5088 2911 5156 ἀλόγου
2957 5086 3223 5156 κινήσεως
3261 5083 3537 5154 προκαθᾶ-

283 5205 368 5261 ραι
396 5186 488 5238 τὸν
511 5184 736 5254 τρόπον,
774 5185 868 5238 καὶ
892 5186 1070 5238 πᾶσαν
1094 5185 1275 5250 δόξαν,
1321 5184 1418 5256 τὴν
1451 5187 1514 5238 ὲκ
1563 5187 1882 5258 προλήψειὶλς
1939 5204 2080 5250 τινος
2109 5183 2504 5254 γεγενημένην,
2555 5181 2656 5250 τῆς
2698 5179 2931 5241 διανοίας
2958 5177 3318 5239 ὲκπλύναντα,
3352 5179 3451 5247 τῆς
3481 5195 3535 5228 τε

286 5275 545 5346 ιυνηθους
586 5274 803 5346 ὁμιλίας
843 5275 1180 5345 χωρισθέντα
1219 5276 1318 5346 τῆς
1364 5277 1498 5347 πρὸς
1545 5277 1646 5348 τὴν
1683 5278 1819 5332 ἰδίαν
1863 5282 2126 5338 σύνοικον,
2176 5275 2440 5334 τουτέστι,
2484 5272 2582 5340 τὴν
2632 5270 2902 5340 αἴσθησιν,
2938 5273 2971 5340 ἡ
3022 5269 3226 5338 συζυγή
3267 5285 3381 5331 πως
3421 5268 3538 5320 ἐστὶ

284 5371 343 5440 τῇ
369 5368 618 5439 ἡμετέρᾳ
647 5367 808 5437 φύσει
838 5369 932 5422 καὶ
958 5369 1202 5432 σύνοικος
1221 5386 1236 5401 ο
1269 5370 1365 5424 καὶ
1391 5371 1596 5442 ταύτης
1624 5372 1859 5443 καθαρὸν
1898 5373 2207 5443 γενόμενον,
2247 5367 2387 5421 οὑτω
2421 5365 2826 5429 κατατολμῆσαι
2854 5365 2945 5415 τοῦ
2973 5366 3148 5431 ὅρους.

355 5466 521 5532 Ὄρος
537 5461 647 5532 γάρ
665 5462 814 5515 ἐστιν
829 5463 1054 5526 ἄναντες
1067 5463 1142 5526 ὡς
1160 5463 1376 5534 ἀληθῶς
1395 5467 1486 5520 καὶ
1507 5467 1842 5538 δυσπρόσιτα

2046 5446 2196 5522 Mons
2242 5471 2416 5519 autem
2459 5462 2660 5516 arduus
2719 5475 2840 5516 vere
2895 5475 2955 5514 ac
3014 5475 3238 5515 accessu
3285 5455 3533 5515 difﬁcilis.

355 5647 396 5679 ⁸⁸
436 5646 538 5703 Isa.
579 5662 726 5711 utv,
752 5647 816 5714 4;
851 5643 869 5699 l
901 5643 1026 5701 Cor.
1062 5661 1122 5710 ιι,
1156 5647 1206 5702 9.
