3766 5988
209 186 313 245 375

1438 173 1494 227 S.
1531 164 1873 226 GREGORII'
1896 163 2190 221 NYSSENI

3352 160 3457 215 376

208 299 505 370 'l‘beologla
556 306 676 366 est;
709 299 870 367 cujus
920 298 1009 353 vix
1055 295 1350 351 multitudo
1422 293 1493 349 ad
1559 291 1695 347 radit

1970 284 2202 354 εολογία,
2216 277 2284 355 ἦς
2303 284 2454 355 μόλις
2469 285 2498 337 6
2520 283 2686 347 πολὺς
2700 282 2834 346 λεὼς
2849 283 2950 352 τὴν
2971 282 3251 354 ὑπώρειαν
3268 280 3457 351 φθάνει

210 390 497 461 pervenire
528 397 731 461 potest.
761 387 818 444 Si
865 389 991 459 quis
1030 401 1162 442 vero
1206 385 1392 449 Moses
1442 384 1626 448 fuerit,
1648 397 1776 438 cum

209 482 376 538 altius
426 480 761 542 ascenderit.
827 480 1025 551 poterit
1075 480 1289 535 sonitus
1336 478 1589 533 tubarum
1631 474 1776 529 auri—

208 574 314 629 bus
345 573 570 636 sentire,
593 588 730 643 quas
759 579 950 627 narrat
994 572 1225 627 historia
1265 567 1613 641 procedendo
1657 565 1772 620 fieri

213 663 490 719 fortiores.
532 663 628 719 Est
671 674 853 719 autem
897 663 1048 726 tuba,
1088 678 1192 717 non
1246 676 1471 731 parvum
1496 668 1777 727 stuporem

211 770 307 823 per
352 755 597 809 auditum
649 753 890 810 eiiiciens
938 762 1149 809 naturae
1191 753 1391 807 divina:
1434 748 1767 820 praedicatio,

212 860 468 916 magnum
495 847 712 916 quidem
735 846 921 902 statim
948 847 1016 900 ab
1042 846 1200 900 initio
1231 860 1456 907 sonans,
1478 842 1650 911 magis
1676 856 1776 894 au-

212 946 321 991 tem
352 945 518 1007 atque
542 938 717 1009 magis
752 939 806 992 in
835 939 1043 993 ultimis
1089 938 1370 999 intonans,
1410 935 1655 991 Insonuit
1685 935 1775 986 lex

211 1036 266 1082 et
316 1029 596 1098 praphetze
648 1030 893 1085 divinum
942 1030 1344 1084 incarnationis
1404 1026 1772 1097 mysterium;

212 1118 306 1173 sed
332 1119 717 1175 imbecilliores
744 1127 901 1175 erant
932 1121 1037 1173 illm
1066 1121 1255 1188 primae
1281 1134 1464 1184 voces,
1516 1133 1679 1186 quam
1721 1127 1781 1170 ut

211 1218 437 1278 possent
469 1210 636 1264 duros
659 1224 1024 1265 commovere.
1055 1210 1288 1266 Auditus
1331 1209 1539 1264 idcirco
1565 1206 1781 1262 Judaao-

213 1317 334 1355 rum
392 1298 661 1358 surditas
694 1303 946 1357 tubarum
1001 1317 1198 1357 sonum
1249 1301 1475 1356 minime
1516 1300 1779 1369 suscepit,

213 1393 313 1449 sed
372 1394 759 1464 prephetarum
813 1394 954 1448 tubae
989 1394 1251 1464 paulatim
1300 1393 1660 1462 procedentes
1691 1375 1783 1446 so-

212 1484 441 1539 nantius
465 1485 805 1539 cecinerunt.
834 1482 968 1539 Nam
997 1485 1203 1538 ultima:
1233 1499 1400 1539 voces
1429 1499 1550 1553 quae
1593 1482 1776 1536 Evano

213 1574 387 1644 gelica
422 1574 812 1644 praedicatione
844 1574 1007 1629 factae
1030 1582 1183 1635 sunt.
1232 1574 1487 1629 auditum
1530 1589 1778 1628 commo-

212 1672 431 1731 verunt,
468 1668 665 1738 spiritu
694 1668 775 1723 sic
799 1682 893 1736 per
926 1681 1136 1737 organa
1168 1666 1548 1721 vehementius
1596 1666 1652 1720 in
1686 1681 1782 1734 po—

214 1754 539 1811 sterioribus
576 1756 883 1811 intonante.
904 1755 1122 1826 Organa
1153 1770 1285 1809 vero
1308 1769 1372 1810 ac
1401 1755 1776 1810 instrumenta

214 1861 382 1900 unum
417 1861 610 1901 sonum
645 1846 990 1916 spiritualem
1029 1845 1273 1909 edentia,
1311 1845 1591 1914 prophetae
1618 1851 1784 1912 atque

215 1937 453 2007 apostoli
498 1944 631 1993 sunt
688 1952 973 2008 :quorum
1019 1952 1212 1999 sonus,
1258 1946 1316 1990 ut
1360 1936 1652 1991 Psalmista
1701 1935 1785 1988 di-

214 2025 311 2086 cit,
344 2024 399 2078 in
430 2039 645 2079 omnem
681 2033 877 2079 terram
893 2025 1084 2090 exivit,
1103 2032 1157 2078 et
1182 2025 1237 2077 in
1273 2023 1408 2079 lines
1435 2024 1587 2079 orbis
1623 2032 1783 2078 terrae

215 2116 377 2171 verba
406 2132 597 2171 eorum
614 2116 681 2168 "'.
718 2114 873 2182 Quod
903 2131 1032 2170 vero
1067 2116 1362 2169 multitudo
1394 2129 1584 2170 vocem
1622 2113 1770 2167 illam

215 2208 408 2262 audire
471 2222 579 2261 non
618 2208 815 2276 potuit,
880 2207 977 2262 sed
1026 2207 1304 2262 commisit
1343 2205 1539 2276 Moysi,
1587 2204 1785 2273 utipse

217 2312 314 2367 per
341 2295 600 2365 seipsum
654 2304 865 2351 secreta
909 2296 1000 2349 illa
1037 2295 1363 2365 perciperet,
1410 2294 1786 2364 populumque

218 2397 406 2457 postea
450 2387 695 2450 dOrerel,
751 2402 1096 2457 quaecunque
1150 2387 1337 2441 divina
1397 2386 1648 2440 doctrina
1702 2384 1786 2438 di-

216 2481 439 2544 dicerit,
475 2479 528 2533 id
564 2495 784 2553 quoque
815 2480 874 2533 in‘
896 2478 1141 2535 Ecclesia
1168 2478 1280 2532 ﬁeri
1310 2485 1480 2532 totum
1504 2477 1783 2541 videmus;

218 2585 332 2626 non
386 2571 532 2625 enim
584 2570 923 2642 permittitur
982 2569 1239 2623 omnibus
1289 2569 1353 2621 ad
1397 2566 1785 2638 mysteriorum

217 2662 584 2734 cognitionem
615 2662 835 2730 seipsos
865 2660 1169 2722 intrudere,
1208 2658 1305 2715 sed
1341 2659 1561 2728 cligitur
1588 2673 1731 2712 unus
1757 2673 1790 2715 e

218 2751 406 2810 multis
453 2752 766 2807 divinarum
816 2767 1001 2807 rerum
1034 2766 1225 2821 capax,
1258 2751 1346 2804 cui
1384 2750 1571 2805 caeteri
1628 2749 1788 2803 audi-

216 2850 332 2896 tum
361 2857 486 2897 cum
520 2840 832 2898 obedientia
878 2842 1179 2912 praebeant,
1240 2842 1376 2895 illud
1417 2841 1521 2897 sibi
1564 2841 1790 2895 creden-

1883 377 1953 447 (εί
1973 376 2029 429 δέ
2056 393 2140 439 τις
2159 376 2400 446 Μωῢσῆς
2423 376 2531 445 εῑη,
2554 374 2767 443 γένοιτο
2788 373 2856 427 ἂν
2886 374 2981 427 καὶ
3001 374 3095 427 ἐπὶ
3120 373 3218 444 τῆς
3243 372 3458 435 ἀνόδου,

1882 466 2073 538 χωρῶν
2098 469 2178 538 τῇ,
2195 467 2328 538 ἀκοῆ
2353 466 2453 528 τάς
2483 465 2589 521 τῶν
2618 464 2935 533 σαλπίγγων
2966 463 3173 533 φωνὰς.
3201 463 3266 527 ἃς
3292 479 3460 534 φησιν

1880 562 1909 613 6
1927 561 2021 630 τῆς
2043 560 2279 630 ἱστορίας
2298 559 2477 627 λόγος,
2503 557 2855 629 ἰσχυροτέρας
2874 557 2930 611 ὲν
2945 555 3024 627 τῷ
3051 554 3365 626 προϐαίνειν
3385 553 3464 622 γί-

1880 651 2110 721 νεσθαι)’
2127 648 2342 720 ἀληθῶς
2360 650 2593 720 σάλπιγξ
2606 647 2749 721 ήτὴν
2777 648 2948 718 ἀκοὴν
2975 646 3458 715 καταπλήττουσα,

1879 744 1940 796 τὸ
1975 743 2102 813 περὶ
2142 745 2244 813 τῆς
2286 740 2436 805 θείας
2472 740 2686 810 φύσεως
2738 741 3021 810 κήρυγμα,
3055 740 3201 811 μέγα
3242 738 3341 809 μὲν
3365 736 3463 790 καὶ

1881 839 2032 907 παρὰ
2059 836 2155 907 τὴν
2189 835 2415 906 πρώτην
2448 835 2790 904 φαινόμενον,
2823 832 3006 903 μεῖζον
3032 833 3089 886 δὲ
3122 833 3217 884 καὶ
3256 830 3461 900 μᾶλλον

1880 932 1980 999 τῆς
2049 928 2221 996 ἀκοῆς
2277 926 2737 995 καθικνούμενον,
2806 925 2875 975 ’ἐν
2930 927 3040 986 τοῖς
3102 922 3458 985 τελευταίοις.

1882 1017 2203 1071 Ἐσάλπισεν
2223 1019 2252 1070 6
2278 1017 2443 1086 νόμος
2463 1016 2558 1069 καὶ
2572 1017 2620 1067 ei
2643 1015 2917 1085 προφῆται
2937 1014 2998 1066 τὸ
3025 1010 3163 1067 θεῖον
3190 1013 3291 1083 τῆς
3318 1011 3464 1065 κατὰ

1881 1109 2164 1181 ἄνθρωπον
2197 1109 2506 1179 οἰκονομίας
2550 1108 2874 1177 μυστήριον·
2916 1106 3031 1159 ἀλλ’
3070 1104 3462 1173 ἀσθενέστεραι

1879 1199 2019 1273 ἦσαν
2061 1203 2118 1255 αί
2157 1201 2370 1271 πρῶται
2413 1201 2611 1269 φωναὶ,
2655 1199 2689 1270 ἦ
2740 1197 2879 1251 ὥστε
2934 1195 3309 1251 καθικνεῖσθαι
3360 1196 3460 1265 τῆς

1880 1292 2137 1356 ἀπειθοῢς
2164 1294 2351 1361 ἀκοῆς.
2379 1292 2469 1344 Διὸ
2499 1294 2531 1362 ή
2567 1290 2873 1362 βαρυηκοῒα-
2894 1278 3004 1341 τῶν
3031 1287 3326 1352 Ἰουδαίων,
3355 1287 3457 1357 τὴν

1883 1385 2065 1455 φωνὴν
2092 1383 2201 1436 τῶν
2234 1383 2550 1451 σαλπίγγων
2586 1384 2646 1436 οὐ
2681 1381 3031 1452 παρεδέξατο.
3057 1378 3460 1451 Προϐαίνουσαι

1881 1478 1938 1530 δὲ
1963 1520 1977 1542 ,
2022 1476 2200 1540 καθώς
2249 1492 2414 1545 φησιν
2445 1477 2473 1528 6
2521 1475 2697 1543 λόγος,
2743 1476 2801 1527 αἱ
2855 1474 3171 1541 σάλπιγγες,
3212 1472 3464 1540 ἐγένοντο

1886 1569 2262 1640 ἰσχυρότεραι.ι
2299 1568 2363 1620 Ai
2411 1565 2520 1637 γὰρ
2566 1567 2869 1619 τελευταῖαι
2914 1565 3092 1634 φωναὶ
3129 1566 3188 1617 αἱ
3230 1563 3320 1617 διὰ
3353 1563 3466 1618 τῶν

1886 1660 2254 1728 εὐαγγελικῶι
2306 1658 2679 1730 κηρυγμάτων
2730 1658 3125 1729 γεγενημέναι,
3174 1657 3464 1710 καθίκοντο

1883 1754 1981 1823 τῆς
2014 1755 2182 1823 ἀκοῆς
2201 1769 2212 1780 ·
2243 1751 2384 1827 οὕτω
2413 1750 2506 1804 τοῦ
2540 1750 2850 1821 πνεύματος
2877 1749 2998 1821 ιτῷῖ
3031 1750 3120 1804 διὰ
3148 1749 3259 1802 τῶν
3292 1749 3463 1820 ὀργά-

1885 1861 1991 1898 νων
2022 1845 2279 1914 ἠχοῦντος
2304 1844 2674 1914 γενναιότερον
2716 1845 2771 1894 έν
2796 1844 2905 1906 τοῖς
2937 1841 3154 1911 ἑφεξῆς,
3188 1840 3280 1893 καὶ
3306 1841 3460 1892 εὐτο-

1885 1934 2117 2005 νώτερον
2148 1934 2467 2004 ποιουμένου
2497 1932 2586 1986 τὸν
2606 1929 2758 2003 ἦχον.
2788 1934 3031 2002 Ὄργανα
3061 1931 3105 1984 δ’
3134 1930 3199 1984 ἂν
3228 1925 3337 1983 εἷεν
3367 1930 3467 1983 ἕνα

1884 2026 2255 2091 πνευματικὸν
2290 2027 2523 2097 φθόγγον
2571 2026 2828 2096 ἠχοῦντα,
2874 2026 3147 2096 προφῆται
3193 2022 3287 2076 καὶ
3323 2021 3463 2074 ἁπό-

1888 2116 2062 2170 στολοι
2080 2134 2091 2147 ·
2136 2110 2232 2180 ὧν,
2260 2116 2442 2179 καθώς
2473 2133 2636 2186 φησιν
2659 2118 2692 2186 ἡ
2720 2114 3023 2185 ψαλμῳδία,
3051 2114 3130 2176 είς
3160 2113 3338 2165 πᾶσαν
3363 2109 3467 2180 τὴν

1886 2209 1986 2279 γῆν
2037 2207 2256 2278 ἐξῆλθεν
2289 2210 2318 2260 6
2350 2207 2583 2277 φθόγγος
2630 2206 2827 2267 αὐτῶν,
2863 2205 2958 2258 καὶ
3005 2207 3085 2267 είς
3141 2203 3209 2256 τὰ
3249 2204 3467 2273 πέρατα

1885 2300 1984 2368 τῆς
2011 2299 2333 2368 οἰκουμένης
2359 2299 2428 2352 τὰ
2459 2300 2678 2370 ῥήματα
2702 2296 2896 2351 αὐτῶν.
2941 2298 3004 2349 Ei
3036 2296 3091 2348 δὲ
3123 2296 3182 2348 οὐ
3216 2297 3382 2365 χωρεῖ
3402 2295 3468 2347 τὸ

1888 2390 2091 2460 πλῆθος
2123 2389 2220 2460 τὴν
2249 2389 2453 2443 ἀνωθεν
2483 2389 2771 2459 γινομένην
2795 2389 2997 2458 φωνὴν,
3032 2385 3145 2440 ἀλλ’
3179 2386 3467 2457 ἐπιτρέπει

1886 2482 1964 2552 τῷ
2002 2484 2243 2547 Μωῦσεῖ,
2273 2481 2477 2550 γνῶναι
2526 2481 2623 2551 μὲν
2651 2481 2716 2534 δι’
2752 2480 2915 2533 αὑτοῦ
2947 2479 3013 2533 τά
3051 2479 3356 2550 ἀπόρρητα,
3387 2477 3469 2530 δι-

1886 2576 2042 2640 δάξαι
2079 2576 2137 2628 δὲ
2181 2576 2271 2628 τὸν
2299 2575 2445 2637 λαὸν,
2491 2574 2628 2644 ὅπερ
2659 2572 2724 2626 ἂν
2753 2572 2839 2625 διὰ
2861 2574 2958 2642 τῆς
2984 2571 3187 2625 ἄνωθεν
3213 2570 3471 2623 διδασκα-

1887 2666 2006 2730 λίας
2028 2668 2165 2738 τύχῃ
2192 2664 2375 2734 μαθὼν
2404 2665 2598 2732 δόγμα,
2621 2664 2712 2716 καὶ
2736 2662 2896 2715 τοῦτο
2924 2660 3031 2714 τῶν
3061 2660 3202 2714 κατά
3227 2659 3469 2730 τὴνἘκ-

1888 2758 2113 2828 κλησίαν
2156 2756 2536 2825 διοικουμένων
2581 2754 2734 2808 ἐστί’
2783 2752 2843 2806 τὸ
2872 2753 2945 2823 μὴ
2997 2752 3203 2813 πάντας
3239 2749 3471 2812 ἑαυτοὺς

1889 2850 2133 2903 εἰσωθεῖν
2171 2847 2306 2919 πρὸς
2346 2849 2442 2917 τὴν
2486 2845 2595 2898 τῶν
2638 2846 2952 2914 μυστηρίων
2995 2842 3316 2911 κατάληψιν,
3351 2841 3471 2896 ἀλλ’

216 2935 347 2989 dum
379 2934 802 3003 faciendumque
836 2941 1113 3002 putantes,
1158 2932 1307 3002 quod
1338 2932 1518 2996 abeo,
1550 2932 1642 3001 qui
1677 2931 1703 2984 il

1979 2938 2242 3002 legam-cz;
2271 2936 2329 3002 ἐξ
2359 2936 2567 2989 ἑαυτῶν
2596 2936 2687 2988 τὸν
2721 2935 2966 3005 χωρῆσαι
2994 2932 3061 2986 τὰ
3090 2932 3209 2985 θεῖα
3232 2932 3466 3001 δυναμε-

219 3024 389 3079 tiatns
472 3033 558 3078 est
644 3023 977 3078 audiverim.
1045 3022 1208 3076 «Non
1268 3038 1481 3083 omnes.
1518 3044 1535 3074 ι
1585 3023 1784 3092 inquit,

224 3128 243 3166 ι
295 3109 528 3180 apostoli
567 3117 730 3175 sunt,
786 3126 886 3165 nec
933 3112 1211 3181 prophetze
1246 3128 1438 3167 omnes
1458 3112 1543 3166 u:
1585 3132 1603 3164 ι
1642 3113 1789 3181 quod

222 3201 382 3261 hodie
435 3201 490 3255 in
549 3202 735 3257 multis
765 3202 1030 3259 Ecclesiis
1083 3220 1273 3274 parum
1333 3214 1607 3261 servatur.
1654 3205 1788 3260 Nam

218 3294 376 3350 multi
410 3308 538 3349 cum
571 3293 753 3349 adhuc
803 3294 1009 3365 prioris
1049 3295 1174 3349 vitae
1219 3297 1487 3351 maculam
1536 3313 1645 3352 non
1693 3297 1789 3351 ab-

221 3386 550 3445 sterserint.
616 3386 721 3454 ipsi
781 3385 957 3451 illoti,
1008 3403 1072 3441 ac
1125 3388 1330 3461 amictu
1385 3389 1509 3443 vita:
1564 3388 1788 3443 sordido

221 3486 465 3542 utentes,
506 3478 875 3533 irrationalem
923 3494 1148 3536 sensum
1210 3480 1262 3534 in
1304 3480 1560 3536 omnibus
1616 3481 1787 3551 pluris

220 3569 508 3633 farcientes,
542 3570 789 3624 divinum
824 3570 971 3624 hunc
999 3584 1287 3625 ascensum
1321 3586 1517 3641 rapere
1560 3572 1785 3639 audent,

222 3658 367 3713 unde
412 3659 513 3730 ipsi
567 3660 685 3715 suis
716 3660 1143 3731 cogitationibus
1189 3659 1591 3730 lapidabuntur.
1652 3662 1783 3717 Nam

221 3753 605 3811 haereticorum
626 3753 916 3824 opiniones
953 3753 1163 3823 lapides
1189 3753 1410 3823 quidem
1445 3761 1597 3814 sunt.
1662 3755 1789 3823 qui-

222 3845 328 3900 bus
367 3860 661 3915 pravorum
725 3845 1041 3900 inventores
1089 3844 1409 3914 dogmatum
1456 3844 1786 3900 obruuntur.

221 3936 365 4003 Quid
397 3945 576 3991 autem
605 3936 901 4007 signillcat,
945 3936 1091 4005 quod
1129 3935 1185 3989 in
1219 3936 1510 4006 caliginem
1542 3937 1784 4006 seipsum

223 4028 379 4098 prius
411 4026 625 4098 Moyses
655 4026 976 4089 intromisit,
1024 4025 1225 4082 deinde
1256 4026 1311 4080 in
1345 4041 1408 4080 ea
1448 4025 1617 4082 Deum
1671 4044 1790 4096 pro-

222 4119 441 4190 spexit?
475 4118 820 4174 Contrarium
861 4118 1005 4171 enim
1051 4119 1102 4172 id
1132 4119 1536 4187 quodammodo
1575 4121 1791 4175 videtur

220 4208 410 4277 primae
441 4206 638 4261 visioni
672 4225 686 4262 :
720 4221 844 4261 nam
874 4215 1006 4260 tunc
1046 4207 1100 4260 in
1124 4207 1269 4270 luce,
1294 4209 1516 4263 nuncin
1552 4210 1789 4276 caligine

1890 3046 2010 3093 νον,
2044 3028 2237 3098 ἐκείνῳ
2273 3026 2370 3096 τὴν
2400 3026 2566 3097 ἀκοὴν
2599 3025 2955 3095 εὐγνωμόνως
3001 3024 3241 3093 ὑπέχειν,
3275 3022 3469 3076 πιστὸν

1889 3121 2219 3192 ἡγουμένους
2236 3121 2399 3181 ἅπαν,
2418 3121 2608 3190 ὅτιπερ
2628 3118 2692 3172 ἂν
2714 3117 2863 3189 παρά
2883 3116 2976 3171 τοῦ
2998 3118 3067 3170 τά
3088 3117 3204 3169 θεῖα
3230 3115 3469 3187 μυηθέν-

1888 3232 1978 3277 τος
2004 3212 2324 3266 ἀκούσωσιν.
2345 3230 2363 3262 ι
2387 3212 2461 3265 Οὐ
2486 3210 2682 3273 πάντες
2700 3210 2829 3282 γὰρ,
2858 3229 2875 3261 ι
2901 3209 3084 3279 φησὶν,
3112 3228 3130 3259 ι
3155 3207 3467 3269 ἀπόστολοι,

1887 3304 2007 3358 οὐδὲ
2035 3304 2231 3367 πάντες
2257 3298 2553 3375 προφῆται.
2578 3321 2597 3354 ο
2624 3301 2792 3354 Τοῦτο
2815 3301 2871 3354 δὲ
2895 3302 2994 3354 οὐκ
3014 3298 3129 3354 ἔστι
3150 3298 3242 3352 νῦν
3263 3300 3323 3352 ὲν
3347 3302 3471 3363 ταῖς

1890 3393 2107 3456 πολλαῖς
2138 3393 2246 3446 τῶν
2288 3392 2623 3463 Ἑκκλησιῶν
2662 3392 3088 3463 φυλασσόμενον.
3135 3389 3325 3443 Πολλο)⁸
3357 3389 3470 3461 γὰρ

1889 3484 2201 3555 καθαρσίων
2240 3482 2318 3536 ἔτι
2349 3486 2412 3537 ὲκ
2445 3483 2555 3536 τῶν
2602 3482 2946 3553 βεϐιωμένων
2984 3482 3168 3543 αὐτοῖς
3196 3480 3467 3550 δεόμενοι,

1889 3574 2112 3628 ἄπλυτοί
2142 3591 2287 3637 τινες
2325 3576 2419 3628 καὶ
2451 3573 2916 3643 κατεσπιλωμένοι
2947 3575 3014 3644 τῇ
3042 3570 3136 3624 τοῦ
3160 3572 3275 3642 βίου
3304 3588 3467 3643 περι-

1890 3666 2041 3738 ϐολῇ,
2080 3666 2180 3737 τὴν
2212 3666 2403 3733 ἄλογον
2430 3665 2678 3736 αἴσθησιν
2704 3664 2880 3719 αὑτῶν
2918 3663 3334 3736 προϐαλόμενοι,
3366 3664 3470 3733 τῆς

1890 3755 2037 3818 θείας
2075 3755 2261 3809 ἀνόδου
2313 3755 2758 3826 κατατολμῶσιν,
2809 3754 2932 3808 ὅθεν
2977 3754 3130 3808 αὐτοὶ
3170 3755 3284 3817 τοῖς
3316 3754 3471 3818 ίδὶοις

1889 3847 2070 3901 αὐτῶν
2116 3845 2396 3917 λογισμοῖς
2433 3846 2911 3901 κατασαλεύονται.
2958 3846 3024 3898 Αἰ
3056 3846 3164 3916 γὰρ
3193 3846 3471 3916 αἱρετικαὶ

1892 3934 2208 4006 ὑπολήψεις,
2238 3934 2372 3988 λίθοι
2401 3934 2545 3997 τινὲς
2577 3934 2815 4005 ἀτεχνῶς
2838 3936 2974 3988 είσιν
2996 3935 3158 3988 αὑτὸν
3186 3934 3278 3987 τὸν
3311 3935 3472 4003 εὐρε-

1891 4026 1988 4097 τὴν
2020 4027 2129 4080 τῶν
2152 4026 2405 4096 πονηρῶν
2425 4026 2708 4096 δογμάτων
2742 4026 3202 4096 καταχωννύντες.
3232 4025 3297 4077 Τί
3326 4024 3382 4078 δὲ
3403 4025 3471 4095 δὴ

1896 4118 2141 4189 βούλεται
2165 4117 2226 4171 τὸ
2259 4118 2409 4181 ἐντὸς
2439 4117 2534 4170 τοῦ
2561 4118 2760 4186 γνόφου
2801 4117 3055 4186 γενέσθαι
3086 4116 3176 4169 τὸν
3204 4118 3469 4179 Μωῦαέα,

1893 4209 1988 4263 καὶ
2023 4208 2197 4272 οὕτως
2232 4211 2290 4263 έν
2326 4207 2474 4278 αὐτῷ
2510 4210 2602 4263 τὸν
2642 4209 2773 4262 Θεὸν
2817 4208 2945 4261 ἰδεῖν
2967 4198 2998 4275 ;’
3050 4209 3324 4263 Ἐναντίον
3361 4208 3475 4278 γὰρ

221 4298 390 4353 Deum
427 4298 592 4353 videt.
624 4296 731 4351 Sed
768 4297 820 4351 id
853 4312 1074 4367 quoque
1108 4312 1138 4351 a
1166 4298 1311 4353 serie
1351 4300 1631 4370 anagogici
1659 4316 1708 4355 se

1989 4306 2039 4355 ei
2072 4319 2189 4366 πως
2215 4297 2352 4356 εἶναι
2377 4303 2441 4371 τῇ
2477 4299 2665 4372 πρώτῃ
2689 4300 2976 4370 θεοφανεία
3003 4300 3064 4353 τὸ
3097 4300 3193 4353 νῦν
3227 4300 3475 4372 ἱστορού-

222 4406 320 4446 sus
376 4391 675 4445 abhorrere
722 4404 831 4444 non
911 4397 1169 4459 putamus
1227 4407 1243 4444 :
1290 4403 1390 4460 per
1444 4390 1587 4447 hanc
1642 4392 1788 4447 enim

220 4482 600 4538 diversitatem
633 4480 878 4535 historia:
900 4481 1185 4545 docemur,
1204 4480 1352 4552 quod
1389 4481 1670 4552 religionis
1694 4497 1792 4538 co-

219 4571 397 4642 gnitio
441 4570 534 4624 lux
595 4578 683 4625 est
726 4569 798 4624 ab
853 4568 1012 4625 initio
1045 4570 1179 4638 illis,
1229 4586 1261 4626 a
1290 4571 1494 4642 quibus
1528 4583 1788 4645 percepta

219 4670 304 4719 est
336 4679 351 4717 :
378 4661 734 4733 quamobrem
775 4660 919 4732 quod
969 4663 1222 4733 religioni
1269 4665 1584 4735 oppositum
1627 4665 1791 4722 intel-

216 4752 462 4826 ligimus,
485 4753 725 4809 tenebrae
753 4761 916 4817 sunt,
943 4769 1179 4824 quarum
1226 4754 1480 4825 depulsio
1511 4773 1622 4812 non
1681 4759 1788 4816 nisi

220 4847 360 4903 lucis
397 4844 824 4917 participatione
877 4843 956 4899 fit.
1009 4841 1215 4899 Verum
1256 4861 1410 4903 mens
1447 4848 1686 4906 hominis
1717 4852 1788 4907 ad

219 4942 427 5013 majora
469 4955 686 5012 semper
730 4947 785 4995 et
818 4938 1151 5009 perfectiora
1195 4943 1524 5010 procedens,
1579 4954 1790 5016 quanto

219 5034 394 5105 magis
425 5033 494 5089 ad
528 5032 621 5089 hei
661 5030 1093 5102 speculationem
1139 5032 1373 5101 accedit,
1410 5043 1563 5090 tanto
1611 5037 1787 5108 magis

217 5122 507 5194 perspicit,
562 5121 709 5192 quod
753 5120 941 5175 divina
1011 5126 1212 5174 natura
1269 5120 1564 5177 invisibilis
1618 5134 1785 5193 atque

216 5210 795 5283 incomprehensibilis
842 5219 945 5267 est.
998 5209 1135 5265 Nam
1168 5225 1293 5265 cum
1340 5213 1629 5284 reliquerit
1676 5229 1785 5268 non

215 5306 395 5361 solum
425 5304 608 5359 omnia
637 5318 761 5373 qua:
791 5317 955 5358 sensu
982 5302 1387 5373 percipiuntur,
1413 5321 1600 5360 verum
1621 5306 1787 5360 etiam

216 5403 414 5453 cuncta
447 5408 570 5462 quae
598 5399 781 5448 mente
819 5388 1215 5463 inspiciuntur,
1256 5408 1321 5449 ac
1369 5410 1585 5466 semper
1608 5398 1679 5452 ad
1704 5400 1789 5452 in-

294 5566 501 5625 ”Psal.
543 5582 699 5630 xvm,
854 5567 896 5599 "
932 5564 1101 5622 lCor.
1134 5583 1206 5634 xl,
1239 5566 1323 5620 29.

1897 4409 2083 4465 μενον·
2119 4395 2241 4447 τότε
2276 4394 2374 4463 μὲν
2406 4392 2514 4463 γὰρ
2556 4393 2614 4445 ὲν
2656 4393 2828 4462 φωτὶ,
2873 4391 2967 4445 νῦν
2997 4392 3055 4445 δὲ
3096 4393 3154 4444 ὲν
3181 4391 3367 4461 γνόφῳ
3413 4391 3477 4441 τὸ

1893 4486 2064 4539 Θεῖον.
2091 4484 2241 4555 Μηδὲ
2286 4483 2441 4538 τοῦτο
2476 4483 2569 4537 τοῦ
2618 4482 2810 4555 εἱρμοῦ
2837 4483 2945 4537 τῶν
2992 4483 3133 4537 κατά
3179 4483 3477 4554 ἀναγωγὴν

1892 4579 2027 4648 ἡμῖν
2063 4575 2446 4647 θεωρηθέντων
2475 4576 2704 4647 ἀπᾴδειν
2751 4574 3081 4646 νομίσωμεν.
3139 4574 3389 4627 Διδάσκει
3413 4572 3475 4627 δὲ

1892 4667 1982 4721 διὰ
2007 4665 2212 4720 τούτων
2241 4667 2271 4719 ὁ
2298 4666 2475 4736 λόγος,
2509 4666 2591 4720 ὅτι
2614 4668 2647 4736 ή
2678 4666 2881 4734 γνῶσις
2912 4665 3010 4735 τῆς
3042 4664 3326 4727 εὐσεϐείας
3353 4661 3474 4732 φῶς

1896 4758 2105 4829 γίνεται
2138 4759 2289 4830 παρά
2312 4758 2410 4829 τὴν
2436 4757 2659 4828 πρώτην
2684 4752 2767 4820 οἷς
2788 4754 2856 4810 ἂν
2888 4757 3188 4827 ἐγγίνηται.
3235 4756 3380 4809 Διότι
3411 4757 3475 4810 τὸ

1899 4852 1959 4917 ἐξ
1979 4852 2226 4914 ἐναντίας
2274 4853 2340 4922 τῇ
2371 4849 2622 4921 εὐσεόείᾳ
2647 4848 2954 4920 νοούμενον,
2987 4849 3178 4912 σκότος
3218 4848 3399 4901 ἐστίν’
3436 4850 3471 4920 ή

1895 4942 1950 4996 δὲ
1991 4940 2306 5011 ἀποστροφὴ
2337 4938 2431 4993 τοῦ
2480 4939 2725 5003 σκότους,
2759 4940 2827 5007 τῇ
2869 4937 3128 5008 μετουσίᾳ
3159 4935 3255 4989 τοῦ
3294 4935 3476 5004 φωτὸς

1894 5034 2123 5102 γίνεται.
2155 5031 2365 5102 Προϊὼν
2409 5030 2466 5084 δὲ
2500 5033 2529 5086 6
2554 5030 2698 5096 νοῦς,
2732 5032 2825 5085 καὶ
2864 5032 2955 5085 διὰ
2994 5031 3241 5100 μείζονος
3269 5028 3357 5082 ἀεὶ
3377 5028 3476 5081 καὶ

1892 5122 2233 5194 τελειοτέρας
2255 5123 2525 5193 προσοχῆς
2541 5123 2598 5174 ὲν
2622 5122 2867 5192 περινοίᾳ
2885 5120 3166 5190 γινόμενος
3183 5116 3282 5187 τῆς
3302 5116 3477 5178 ὅντως

1894 5214 2304 5284 κατανοήσεως,
2356 5213 2466 5283 ὅσῳ
2492 5213 2843 5283 προτεγγίξει
2896 5211 3097 5283 μᾶλλον
3132 5211 3199 5281 τῇ
3242 5207 3472 5280 θεωρία,

1892 5305 2131 5375 τοσούτῳ
2164 5303 2324 5357 πλέον
2351 5305 2453 5375 όρᾷ
2474 5304 2537 5356 τὸ
2571 5302 2673 5372 τῆς
2712 5301 2861 5364 θείας
2888 5301 3102 5370 φύσεως
3133 5298 3471 5370 ἀθεώρητον.

1894 5396 2220 5455 Καταλιπὼν
2242 5397 2350 5468 γὰρ
2374 5398 2481 5451 πᾶν
2503 5395 2564 5449 τὸ
2591 5395 2931 5466 φαινόμενον,
2960 5394 3023 5447 οὐ
3053 5392 3214 5464 μόνον
3246 5392 3345 5445 ὅσα
3368 5407 3474 5446 κα-
