3766 5988
196 238 283 293 377
1490 241 1576 298 DE
1616 240 1771 297 VITA
1798 240 2063 300 MOYSIS.

3323 251 3446 310 578.

194 350 520 421 τὺαμῦἀνει
554 352 589 420 ἡ
619 348 893 419 αἴσθησις,
917 349 1052 405 ἀλλά
1081 351 1173 405 καὶ
1203 352 1303 406 ὅσα
1331 354 1363 423 ἡ
1392 352 1597 409 διάνοια
1619 355 1765 408 δοκεῖ
1791 361 1839 417 Α
1867 355 2024 431 terim

1867 355 2069 431 teriora
2108 356 2512 427 progrediatur,
2576 362 2708 410 tunc
2753 357 2987 428 caligine
3036 358 3279 427 undique
3319 362 3426 415 cir-

191 442 437 512 βλέπειν
491 442 581 495 ἀεὶ
628 443 765 514 πρὸς
799 443 861 496 τὸ
902 443 1175 514 ἐνδότερον
1214 443 1372 506 ἵεται,
1408 446 1511 506 ἕως
1551 446 1615 500 ἂν
1647 446 1761 499 δια-

189 532 278 603 δυῇ
322 534 391 603 τῇ
418 532 920 605 πολυπραγμοσύνῃ
946 537 1048 604 τῆς
1088 534 1321 598 διανοίας
1343 534 1481 606 πρὸς
1510 537 1570 589 τὸ
1597 536 1761 589 ἀθέα-

187 624 272 677 τόν
308 640 370 676 τε
418 626 516 677 καὶ
552 624 969 694 ἀκατάληπτον,
998 625 1163 680 κάκεῖ
1207 625 1299 679 τὸν
1342 624 1475 680 Θεὸν
1520 626 1622 699 ἴδῃ.
1673 627 1760 680 Ἐν

185 712 357 783 τούτῳ
398 712 511 783 γάρ
549 714 582 782 ἡ
621 711 825 782 ἀληθής
864 714 1010 766 ἐστιν
1042 712 1245 781 είδησις
1279 713 1372 767 τοῦ
1405 713 1758 784 ζητουμένου,

183 806 242 858 τὸ
266 803 521 874 ἐντούτῳ
546 805 608 858 τὸ
633 805 781 868 ἰδεῖν,
811 805 868 856 ὲν
898 807 976 877 τῷ
1009 803 1084 874 μὴ
1121 804 1249 857 ἰδεῖν
1275 819 1290 832 ⁸
1320 806 1401 858 ὅτι
1441 805 1758 875 ὑπέρκειται

184 890 366 959 πάσης
404 890 665 958 εἰδησεως
711 889 773 944 τὸ
802 889 1149 961 ζητούμενον,
1190 885 1301 945 οἷόν
1332 909 1437 946 τινι
1478 894 1661 963 γνόφῳ
1690 895 1757 964 τῇ

184 981 538 1050 ἀκαταληψία
572 981 905 1051 πανταχόθεν
943 979 1335 1051 διειλημμένον.
1377 983 1470 1035 Διό
1499 1000 1632 1053 φησι
1663 986 1760 1039 καὶ⁹

182 1070 211 1123 6
237 1070 445 1138 ὑψηλὸς
475 1070 758 1137 Ἰωάννης,
796 1072 825 1122 6
858 1073 916 1123 ὲν
961 1069 1039 1139 τῷ
1089 1070 1325 1143 λαμπρῷ
1368 1073 1550 1144 γνόφῳ
1585 1074 1760 1146 τούτῳ

184 1160 495 1229 γενόμενος,
521 1161 604 1213 ὅτι
622 1184 642 1218 ε
659 1161 791 1216 Θεὸν
802 1160 973 1228 οὐδεὶς
987 1162 1200 1236 ἑώρακε
1215 1163 1451 1222 πώποτε·
1463 1186 1484 1222 ι
1506 1168 1564 1220 ού
1601 1166 1758 1236 μόνον

181 1254 290 1313 τοῖς
314 1250 648 1322 ἀνθρώποις,
675 1246 810 1304 ἀλλά
836 1250 930 1303 καὶ
945 1251 1094 1323 πάσῃ
1117 1256 1280 1324 νοητῇ
1302 1252 1462 1322 φύσει
1483 1255 1581 1325 τῆς
1610 1255 1759 1320 θείας

182 1343 368 1406 οὐσίας
422 1344 525 1414 τὴν
578 1343 776 1412 γνῶσιν
822 1345 1109 1413 ἀνέφικτον
1150 1341 1322 1411 εἶναι,
1384 1349 1450 1418 τῇ
1486 1347 1760 1418 ἀποφάσει

182 1434 355 1506 ταύτῃ
383 1433 771 1505 διοριζόμενος.

255 1529 387 1584 Ὅτε
417 1526 512 1584 οὖν
542 1530 741 1601 μείζων
773 1532 989 1599 ἐγένετο
1025 1531 1167 1584 κατὰ
1190 1530 1288 1602 τὴν
1316 1530 1514 1600 γνῶσιν
1541 1533 1570 1585 6
1597 1531 1759 1585 Μωῡ-

186 1620 305 1689 σῆς,
330 1620 454 1674 τότε
474 1619 725 1689 ὁμολογεῖ
748 1621 836 1672 τὸν
855 1620 987 1673 Θεὸν
1015 1622 1075 1673 ὲν
1101 1621 1284 1690 γνόφῳ
1310 1621 1455 1683 ἰδεῖν,
1490 1621 1753 1685 τουτέστι,

182 1710 301 1764 τότε
333 1709 566 1779 γνῶναι,
611 1710 692 1763 ὅτι
734 1710 909 1763 ἐκεῖνό
954 1712 1071 1763 ἐστι
1105 1713 1169 1782 τῇ
1213 1711 1372 1780 φύσει
1407 1712 1468 1764 τὸ
1504 1712 1677 1774 Θείον,
1724 1712 1753 1764 6

184 1802 364 1869 πάσης
394 1799 650 1870 γνώσεώς
687 1818 745 1853 τε
782 1802 873 1854 καὶ
906 1800 1258 1871 καταλήψεώς
1286 1804 1432 1855 ἐστιν
1462 1802 1750 1875 ἀνώτερον.

183 1891 416 1963 Εἰσῆλθε
442 1891 573 1963 γὰρ,
609 1893 762 1963 φησι,
791 1893 1028 1962 Μωῡσῆς
1061 1894 1140 1955 εἰς
1168 1893 1258 1945 τὸν
1290 1894 1505 1962 γνόφον,
1544 1886 1606 1947 οὗ
1632 1890 1700 1964 ἦν
1725 1895 1755 1945 6

183 1982 333 2045 Θεός.
365 1983 463 2046 Τίς
492 1985 521 2036 ὀ
550 1983 700 2047 Θεός;
742 1983 800 2047 ὃς
826 1983 978 2037 ἔθετο
1005 1985 1067 2037 τὸ
1095 1984 1287 2047 σκότος
1310 1985 1635 2056 ἀποκρυφὴν
1663 1986 1756 2039 αύ-

184 2071 296 2136 τοῦ,
329 2072 516 2137 καθώς
560 2091 692 2145 φησι
725 2074 905 2136 Δαόὶδ,
951 2076 980 2127 ὁ
1024 2077 1081 2127 ἐν
1109 2074 1190 2145 τῷ
1224 2076 1373 2146 αὐτῷ
1420 2075 1645 2146 μυηθεὶς
1686 2074 1755 2129 τὰ

187 2164 497 2235 ἀπόρρητα.
551 2163 608 2217 '0
638 2164 695 2218 δὲ
734 2166 852 2217 ἐκεῖ
888 2164 1144 2233 γεγονὼς,
1170 2164 1206 2219 ἆ
1247 2165 1642 2236 προεπαιδεύθη
1668 2166 1756 2220 διά

185 2254 278 2307 τοῦ
310 2256 537 2324 γνόφου.
564 2256 722 2307 πάλιν
746 2255 833 2308 διὰ
859 2255 950 2307 τοῦ
967 2256 1164 2325 γνόφου
1190 2256 1498 2310 διδάσκεται
1521 2271 1535 2286 ο
1567 2255 1641 2319 ὡς
1667 2255 1754 2323 ἂν,

183 2339 357 2415 οἶμαι,
373 2345 715 2416 παγιώτερον
731 2348 864 2416 ἡμῖν
891 2346 952 2398 τὸ
975 2363 1042 2399 πε
1049 2348 1101 2418 ρί
1117 2344 1305 2399 τούτου
1320 2349 1543 2418 γένηται
1561 2346 1755 2416 δόγμα,

182 2438 249 2505 τῇ
286 2435 412 2506 θεία
458 2439 606 2505 φωνῇ
656 2435 1119 2507 μαρτυρούμενον.
1176 2436 1531 2508 Ἀπαγορεύει
1569 2437 1676 2505 γὰρ
1700 2438 1759 2489 ὲν

184 2527 423 2596 πρώτοις
451 2528 481 2579 6
513 2528 651 2590 θεῖος
675 2528 850 2596 λόγος,
875 2529 1009 2600 πρὸς
1033 2528 1197 2598 μηδὲν
1220 2527 1327 2582 τῶν
1348 2528 1759 2599 γινωσκομένων

184 2614 508 2683 ὁμοιοῦσθαι
534 2615 684 2684 παρὰ
706 2615 814 2667 τῶν
846 2615 1151 2686 ἀνθρώπων
1173 2615 1230 2669 τὸ
1245 2615 1396 2669 Θεῑον
1416 2632 1428 2643 ·
1457 2617 1531 2679 ὼς
1566 2614 1760 2677 παντὸς

185 2705 457 2774 νοήματος
489 2702 583 2755 τοῦ
617 2703 757 2756 κατά
792 2720 913 2756 τινα
954 2703 1351 2775 περιληπτικὴν
1378 2702 1675 2772 φαντασίαν
1704 2704 1762 2755 ἐν

186 2795 439 2866 περινοίᾳ.
490 2794 598 2845 τινὶ
622 2795 712 2845 καὶ
748 2792 1038 2864 στοχασμῷ
1086 2794 1186 2863 τῆς
1217 2794 1429 2862 φύσεως
1454 2792 1759 2861 γινομένου,

184 2887 403 2940 εἴδωλον
425 2885 563 2938 Θεοῦ
593 2884 920 2949 πλάσσοντος
948 2886 1040 2938 καὶ
1058 2885 1118 2937 οὐ
1137 2884 1268 2937 Θεὸν
1288 2884 1760 2951 καταγγέλλοντος.

1860 454 2173 515 cumseptus
2220 447 2486 503 invisibili
2525 454 2580 501 et
2624 448 3204 515 incomprehensibili,
3254 448 3424 505 Deum

1860 536 2025 590 videt.
2067 537 2125 590 ln
2165 537 2271 593 hoc
2306 540 2450 592 enim
2486 538 2746 592 consistit
2782 537 2874 590 Dei
2909 552 3036 592 vera
3064 539 3323 607 cognitio,
3369 540 3426 595 in

1860 624 1964 681 hoc
1987 634 2072 682 est
2098 628 2222 696 ejus
2246 628 2404 692 visio,
2452 636 2513 682 ut
2544 627 2733 682 videas
2765 628 2911 697 quod
2947 627 3117 683 videri
3166 643 3272 682 non
3300 645 3427 699 pos-

1859 717 1953 780 sit,
1994 717 2138 787 quod
2161 733 2375 772 omnem
2410 720 2779 788 cognitionem
2805 720 3045 787 cognitio
3092 720 3215 788 ejus
3259 735 3426 775 exce-

1857 809 2134 879 dit,quasi
2153 811 2386 880 caligine
2415 812 2648 880 quadam
2689 813 2805 881 ipsa
2839 812 3418 880 incomprehensibili-

1861 905 1971 953 tate
2007 901 2248 969 undique
2278 909 2556 955 contenta.
2608 902 2951 971 Quapropter
2993 901 3214 957 divinus
3252 904 3417 955 etiam

1858 988 2121 1054 Joannes,
2157 992 2250 1061 qui
2287 993 2339 1045 in
2401 992 2902 1062 splendidissimam
2938 993 3080 1046 hanc
3129 994 3420 1062 caliginem

1858 1091 2202 1151 pervenerat,
2226 1098 2330 1135 non
2361 1083 2633 1137 dubitavit
2655 1083 2961 1136 exclamare
2987 1101 2999 1137 :
3036 1102 3054 1134 ι
3080 1086 3248 1136 υειιιιι
3282 1100 3423 1136 nun—

1858 1186 2020 1240 quam
2078 1173 2221 1228 ullus
2268 1173 2500 1227 vidit“:
2534 1193 2552 1225 ι
2585 1190 2694 1227 non
2738 1175 2913 1229 solum
2957 1174 3291 1238 hominibus,
3327 1173 3423 1227 sed

1859 1263 2209 1319 intellectuali
2244 1267 2391 1319 omni
2421 1276 2630 1321 natura:
2659 1267 3050 1336 impossibilem
3080 1269 3275 1321 divinae
3297 1248 3427 1321 sub;

1859 1355 2075 1411 stantia;
2104 1357 2470 1427 cognitionem
2509 1359 2611 1412 hac
2638 1359 2927 1428 negatione
2958 1360 3349 1412 determinans.

1927 1531 2106 1600 Quare
2136 1532 2345 1604 Moyses
2370 1535 2531 1589 etiam
2562 1548 2685 1590 cum
2710 1535 3020 1606 cognitione
3048 1537 3223 1603 major
3250 1536 3425 1591 lactus

1858 1624 1960 1678 fuit
1981 1664 1996 1690 ,
2036 1633 2165 1678 tunc
2193 1624 2506 1689 conﬁtetur,
2546 1625 2599 1692 in
2629 1626 2863 1695 caligine
2896 1625 3066 1681 Deum
3099 1627 3336 1686 vidisse,
3371 1626 3426 1681 id

1853 1722 1976 1778 est,
2012 1722 2141 1769 tunc
2171 1715 2388 1770 demum
2443 1718 2771 1786 cognovisse
2819 1718 2965 1770 illam
3016 1732 3141 1772 esse
3176 1717 3425 1771 divinam

1854 1816 2101 1860 naturam
2129 1822 2249 1875 quae
2274 1807 2636 1877 cognitionem
2662 1815 2717 1863 et
2747 1807 3288 1877 comprehensionem
3316 1822 3427 1860 om-

1854 1912 1974 1950 nem
2000 1895 2231 1950 excedit.
2263 1894 2487 1950 Intravit
2507 1896 2651 1951 enim
2682 1896 2893 1967 Moyses
2921 1897 3186 1965 (historia
3218 1896 3420 1964 inquit)

1854 1986 1908 2043 in
1936 1985 2222 2054 caliginem
2243 2023 2259 2048 ,
2286 1986 2376 2039 ubi
2411 1985 2551 2040 Deus
2579 1995 2696 2040 erat
2730 1987 2794 2040 “.
2826 1987 3087 2052 Quisnam
3120 1986 3296 2041 Dens?
3326 1987 3422 2056 qui

1854 2074 2035 2143 posuit
2062 2074 2315 2130 tenebras
2338 2075 2754 2131 occultationem
2788 2092 2942 2131 suam
2966 2115 2979 2140 ,
3007 2085 3065 2130 ut
3095 2076 3294 2131 cecinit
3326 2075 3428 2129 Da-

1854 2166 1942 2220 vid
1966 2165 2053 2220 ille
2073 2164 2140 2231 “,
2166 2165 2257 2234 qui
2283 2165 2447 2219 etiam
2477 2166 2533 2219 in
2558 2165 2747 2220 eadem
2773 2166 3007 2235 caligine
3021 2166 3280 2221 ‘initiatus
3304 2175 3386 2221 est
3408 2183 3449 2229 :~

1857 2257 1947 2324 qui
1978 2270 2110 2309 vero
2151 2256 2278 2309 illuc
2308 2256 2567 2319 intravit,
2599 2270 2659 2309 ea
2693 2256 2760 2310 de
2788 2256 2988 2325 quibus
3013 2266 3138 2310 ante
3169 2273 3262 2326 per
3292 2257 3428 2310 cali-

1858 2347 2036 2415 ginem
2074 2345 2249 2398 l‘uerat
2281 2348 2529 2402 eruditus
2549 2385 2563 2408 ,
2600 2362 2792 2401 rursus
2827 2362 2923 2416 per
2955 2348 3237 2417 caliginem
3269 2348 3431 2402 doce-

1861 2445 1967 2499 tur,
2016 2444 2076 2489 ut
2116 2435 2237 2499 ﬁat,
2279 2437 2493 2504 opinor,
2540 2436 2748 2490 ﬁrmius
2783 2437 2884 2490 hoc
2918 2437 3195 2491 decretum
3245 2438 3427 2492 divina

1810 2523 1817 2529 ’
1860 2542 1991 2580 voce
2020 2537 2180 2594 atque
2231 2528 2559 2582 auctoritate
2594 2527 3030 2596 comprobatum.
3082 2526 3240 2581 Vetat
3282 2529 3426 2582 enim

1863 2615 1915 2669 in
1966 2617 2155 2684 primis
2188 2616 2431 2670 divinum
2475 2627 2803 2687 praeceptum
2837 2618 3021 2687 ",lnc
3073 2618 3309 2686 alicujus
3348 2618 3428 2672 rei

1861 2722 2023 2774 quam
2049 2722 2349 2776 cognoscas
2374 2749 2385 2770 ,
2414 2709 2580 2761 Deum
2605 2710 2834 2762 similem
2861 2720 3016 2778 putes
3043 2727 3055 2763 :
3081 2710 3257 2763 oninis
3280 2709 3427 2763 euim

1860 2797 2210 2861 intellectus,
2256 2801 2346 2865 qui
2395 2798 2739 2867 pliantastiea
2777 2801 3011 2868 quadam
3062 2799 3425 2867 cogitatione}

1862 2889 2018 2957 quasi
2044 2887 2361 2955 conjectura
2383 2889 2625 2941 divinam
2658 2897 2908 2941 naturam
2937 2887 3321 2956 apprehendit,
3353 2888 3431 2941 si-

185 2979 319 3047 Διχῆ
347 2978 406 3030 δὲ
455 2978 556 3048 τῆς
588 2979 706 3030 κατ’
743 2976 1021 3030 εὐσέϐειαν
1050 2976 1254 3046 ἀρετὴς
1289 2974 1645 3050 διῃρημένης,
1682 2974 1763 3036 εἷς
1788 3018 1831 3076 c
1864 2980 2024 3032 mulai

1866 2980 2167 3032 mulacrum
2194 2979 2411 3048 quidem
2448 2979 2538 3033 Dei
2566 2979 2721 3032 ﬁnxit
2745 2981 2797 3032 in
2823 2991 3030 3042 meme,
3057 2978 3223 3033 Deum
3251 2989 3429 3033 autem

184 3085 247 3122 τε
273 3070 333 3122 τὸ
356 3071 533 3133 Θεῖον,
561 3069 653 3120 καὶ
681 3069 759 3131 είς
774 3068 870 3137 τὴν
890 3065 983 3119 τοῦ
1007 3066 1168 3136 ἤθους
1191 3065 1522 3137 κατόρθωσιν
1547 3080 1560 3095 ·
1592 3064 1754 3135 μέρος

185 3158 296 3229 γὰρ
340 3159 655 3222 εὐσεϐείας,
705 3160 799 3212 καὶ
835 3160 869 3230 ἠ
916 3158 1009 3212 τοῦ
1048 3158 1210 3229 ῆθους
1253 3157 1561 3228 καθαρότης
1606 3157 1751 3209 ἐστί’

191 3249 378 3323 μαθὼν
410 3252 471 3303 ὲν
497 3250 753 3321 πρώτοις,
781 3249 817 3303 ὃ.
847 3248 951 3320 χρὴ
989 3250 1117 3320 περὶ
1152 3247 1284 3301 Θεοῦ
1324 3247 1609 3315 γινώσκειν
1630 3264 1644 3279 ’
1700 3247 1762 3301 τὸ

183 3343 244 3396 δέ
273 3359 335 3410 γε
364 3340 659 3410 γινώσκειν
687 3337 776 3411 ἦν,
805 3341 866 3394 τὸ
896 3340 1059 3411 μηδὲν
1099 3340 1227 3410 περὶ
1251 3337 1414 3392 αὐτοῦ
1447 3337 1553 3392 τῶν
1588 3336 1646 3402 ἐξ
1670 3340 1762 3391 ἀν-

186 3432 470 3504 θρωπίνης
494 3433 851 3504 καταλήψεως
884 3432 1301 3501 γινωσκομένων
1326 3430 1554 3483 εἰδέναι·
1590 3430 1761 3494 οὕτως

183 3528 248 3580 τὸ
279 3527 474 3597 ἕτερον
506 3525 608 3594 τῆς
630 3525 825 3595 ἀρετῆς
864 3520 1002 3585 εἶδος
1033 3523 1360 3585 διδάσκεται,
1392 3521 1674 3591 μανθάνων
1702 3524 1760 3574 ὲν

185 3618 317 3681 οἵοις
366 3614 798 3685 ἐπιτηδεύμασιν
841 3616 870 3667 6
930 3614 1183 3683 ἐνάρετος
1214 3611 1576 3678 κατορθοῦται
1624 3611 1757 3680 βίος.

182 3710 344 3765 Μετά
385 3709 548 3763 τοῦτο
594 3711 652 3761 ὲν
685 3710 751 3777 τῇ
781 3706 1176 3777 ἀχειροποιήτῳ
1206 3704 1375 3773 σκηνῇ
1406 3704 1631 3773 γίνεται.
1666 3703 1762 3766 Τίς

182 3798 544 3870 ἀκολουθήσει
579 3796 657 3867 τῷ
691 3795 777 3848 διά
811 3794 920 3847 τῶν
953 3793 1205 3846 τοιούτων
1238 3791 1497 3875 ὁδεύοντι,
1535 3792 1629 3846 καὶ
1668 3794 1761 3847 ἐπὶ

181 3890 437 3944 τοσοῦτον
463 3887 750 3957 ὑψουμένῳ
778 3886 867 3938 τὸν
890 3885 1046 3948 νοῦν;
1091 3884 1148 3947 ὃς
1175 3882 1426 3955 καθάπερ
1448 3883 1572 3936 τινὰ
1594 3900 1758 3955 κορυ-

186 3982 290 4051 φὴν
315 3982 383 4034 ἐκ
418 3978 665 4048 κορυφῆς
705 3974 1153 4046 μεταλαμϐάνων,
1181 3974 1268 4026 διὰ
1288 3975 1386 4044 τῆς
1412 3974 1519 4027 τῶν
1541 3974 1758 4045 ὑψηλῶν

183 4064 529 4131 ἀναϐάσεως,
552 4067 638 4120 ἀεὶ
669 4064 862 4118 ἑαυτοῦ
902 4064 1107 4132 γίνεται
1137 4063 1483 4133 ὑψηλότερος.
1538 4063 1756 4133 Πρῶτον

184 4160 447 4213 κατέλιπε
471 4159 574 4229 τὴν
602 4155 899 4226 ὑπώρειαν,
928 4153 1141 4207 πάντων
1156 4154 1264 4206 τῶν
1284 4154 1417 4225 πρὸς
1443 4153 1540 4226 τὴν
1570 4153 1754 4208 ἄνοδον

182 4251 565 4322 ἀτονησάντων
602 4246 936 4318 ἀποκριθεὶς.
983 4241 1114 4298 Εἶτα
1150 4245 1362 4315 δέχεται
1394 4247 1458 4316 τῇ
1493 4247 1626 4317 ἀκοῇ
1656 4246 1754 4308 τάς

1862 3083 1970 3122 non
1995 3068 2278 3124 intellexit.
2301 3067 2498 3123 Verum
2525 3084 2646 3123 cum
2670 3069 2863 3133 virtus,
2890 3085 3008 3138 qua:
3027 3068 3324 3123 secundum
3351 3084 3432 3123 νεα

1861 3160 2076 3214 ritatem
2106 3170 2184 3214 est
2211 3200 2226 3227 ,
2260 3160 2514 3227 bipartita
2545 3160 2646 3223 sit,
2676 3160 2983 3230 partimque
3012 3159 3113 3213 lide
3142 3161 3194 3212 in
3225 3158 3426 3223 Deum,

1861 3250 2060 3317 partim
2093 3250 2240 3305 recta
2277 3251 2494 3305 vivendi
2526 3251 2739 3305 ratione
2770 3252 3140 3305 constituatur
3170 3249 3188 3320 (
3213 3251 3430 3318 pietatis

1860 3343 2005 3396 enim
2040 3342 2287 3411 profecto
2320 3358 2448 3412 pars
2483 3357 2590 3396 non
2628 3357 2792 3411 parva
2826 3351 2912 3396 est
2944 3341 3238 3395 Inundities
3270 3340 3431 3409 vitae)

1862 3432 2095 3500 primum
2127 3431 2351 3495 didicit,
2399 3431 2528 3500 quid
2561 3437 2808 3499 oporteat
2862 3429 2929 3483 de
2978 3428 3085 3483 Deo
3131 3444 3430 3498 cognosce-

1860 3536 1920 3577 re
1946 3539 1960 3574 :
1993 3521 2137 3590 quod
2163 3521 2381 3590 quidem
2409 3535 2740 3589 cognoscere
2765 3519 2903 3573 nihil
2935 3519 3084 3572 aliud
3113 3530 3232 3580 est,
3266 3533 3428 3586 quam

1850 3594 1994 3666 nihil
2034 3628 2223 3667 eorum
2258 3626 2380 3666 esse
2411 3609 2580 3664 Deum
2622 3624 2955 3678 cognoscere
2978 3648 2993 3671 ,
3034 3624 3156 3677 quae
3193 3609 3429 3662 lmmana

1862 3719 2015 3758 mens
2048 3709 2224 3772 potest
2251 3717 2603 3771 cognoscere.
2633 3700 2838 3761 Deinde
2865 3700 3026 3753 aliam
3058 3698 3273 3753 virtutis
3302 3714 3429 3769 par-

1862 3801 1966 3847 tem
2011 3794 2296 3862 diligenter
2343 3795 2542 3846 docet:
2587 3790 2814 3845 docetur
2858 3792 3002 3845 enim
3050 3790 3248 3859 quibus
3297 3804 3427 3859 ope-

1863 3883 2013 3935 ribus
2052 3884 2188 3936 bene
2231 3883 2445 3936 viven-li
2479 3885 2617 3935 ratio
2642 3882 2996 3951 perliciatur:
3030 3896 3093 3934 ac
3121 3881 3338 3935 demum
3372 3881 3426 3935 in

1862 3973 2272 4026 tabernaculum
2299 4014 2312 4034 ,
2347 3974 2488 4042 quod
2525 3988 2722 4027 manus
2749 3973 2899 4026 nulla
2933 3971 3108 4025 fuerat
3141 3969 3426 4037 fabricata,

1862 4063 2185 4132 ingreditur.
2216 4062 2350 4128 Quis
2379 4071 2639 4133 sequetur
2671 4065 2850 4127 hunc,
2875 4065 2966 4133 qui
3005 4079 3098 4132 per
3130 4071 3209 4117 tot
3245 4071 3427 4116 tanta-

1860 4169 1965 4224 que
1998 4154 2210 4209 scundit
2231 4194 2247 4217 ,
2284 4164 2619 4211 acmcntem
2655 4171 2869 4226 semper
2901 4156 2953 4208 in
2986 4155 3149 4208 altius
3176 4153 3429 4208 extollit?

1859 4244 1952 4314 qui
1981 4260 2103 4299 cum
2137 4246 2190 4299 in
2225 4260 2396 4299 unum
2429 4260 2692 4302 cacumen
2719 4245 3065 4310 ascenderit,
3094 4244 3159 4297 ad
3193 4244 3423 4297 alterum

182 4344 292 4397 τῶν
342 4341 662 4408 σαλπίγγων
696 4338 902 4407 φωνὰς,
936 4337 1015 4408 τῷ
1048 4337 1171 4407 ὕψει
1204 4337 1301 4407 τῆς
1335 4336 1521 4389 ἀνόδου
1562 4353 1757 4389 συνεπ-
1792 4336 1833 4391 1.)
1864 4335 2024 4398 illud,

1866 4335 1994 4389 illud
2015 4374 2030 4398 ,
2061 4338 2632 4410 sibiﬁtgradus,ctad
2656 4337 3196 4403 illuditerum,atque
3227 4334 3422 4387 iterum

184 4436 496 4519 τειρόμενος.
541 4432 662 4484 Ἐπὶ
683 4431 912 4493 τούτοις,
950 4430 1031 4491 είς
1062 4428 1121 4481 τὸ
1151 4427 1379 4498 ἀόρατον
1405 4427 1502 4496 τῆς
1532 4428 1760 4494 οεογνω-

184 4529 309 4592 σίας
358 4529 554 4582 ἀδυτον
592 4524 956 4595 παραδύεται’
1022 4522 1117 4575 καὶ
1152 4521 1273 4574 οὐδὲ
1301 4522 1359 4573 ὲν
1387 4520 1560 4591 τούτῳ
1587 4522 1771 4599 μένει,

184 4619 301 4672 ἀλλ’
324 4620 424 4672 ἐπὶ
461 4618 563 4687 τὴν
600 4614 1011 4687 ἀχειροποίητον
1049 4610 1362 4683 μεταὸαίνει
1394 4610 1619 4681 σκηνήν.
1669 4609 1758 4679 Τῷ

185 4710 298 4764 δντι
322 4710 435 4779 γάρ
449 4708 545 4763 ἐπὶ
563 4705 721 4761 τοῦτο
740 4705 980 4775 καταντᾷ
1001 4703 1060 4756 τὸ
1088 4702 1279 4774 πέρας,
1299 4702 1328 4753 6
1345 4699 1433 4755 διά
1457 4699 1563 4753 τῶν
1586 4698 1759 4753 τοιού-

184 4817 295 4853 των
316 4798 524 4852 ἀνόδων
540 4794 862 4865 ύψούμενος.
891 4792 1049 4846 Δοκεῖ
1065 4789 1173 4860 γάρ
1200 4805 1287 4860 μοι
1310 4788 1403 4842 καὶ
1425 4787 1547 4841 καθ’
1574 4787 1759 4859 ἕτερον

186 4887 314 4941 νοῦν
336 4885 653 4948 διδάσκαλος
677 4885 711 4954 ἡ
735 4880 961 4959 οὐρανία
992 4877 1224 4947 σάλπιγξ
1236 4878 1334 4949 τῆς
1373 4879 1467 4930 ἐπὶ¹
1486 4878 1585 4947 τὴν
1618 4879 1764 4947 ἀχει-

187 4976 480 5047 ςηποίητον
527 4971 762 5045 πάροδον
802 4968 880 5042 τῷ
913 4968 1188 5021 ἐπανιόντι
1224 4964 1515 5034 γίνεσθαι.’
1540 4962 1604 5017 Ἦ
1646 4964 1757 5036 γὰρ

185 5067 298 5121 τῶν
329 5064 452 5120 κατ’
482 5062 711 5134 οὐρανὸν
741 5062 1032 5131 θαυμάτων
1069 5057 1352 5127 διασκευὴ,
1383 5054 1480 5127 τὴν
1514 5058 1762 5126 ἐκφαινο-

188 5160 363 5229 μένην
394 5158 507 5221 τοῖς
550 5150 671 5209 οὖσι
702 5153 894 5222 σοφίαν
923 5151 1215 5213 διαϐοῶσα,
1258 5149 1351 5203 καὶ
1393 5149 1491 5219 τὴν
1519 5146 1760 5217 μεγάλην

185 5250 286 5304 τοῦ
324 5251 462 5305 θεοῦ
518 5249 676 5316 δόξαν
718 5245 830 5301 τῶν
867 5243 1202 5315 φαινομένων
1234 5240 1582 5313 διηγουμένη,
1618 5240 1759 5294 κατά

186 5344 249 5396 τὸ
301 5341 616 5414 εἰρημένον,
672 5341 756 5393 ὃτι
813 5355 833 5391 ι
858 5340 925 5393 0i.
971 5338 1190 5408 οὐρανοὶ
1244 5333 1556 5405 διηγοῦνται
1601 5332 1757 5398 δόξαν

184 5430 322 5484 Θεοῦ
346 5446 361 5459 ο
385 5449 404 5483 ι
458 5428 595 5499 αῦτη
630 5427 708 5499 τῷ
740 5427 923 5501 τρανῷ
957 5443 1016 5479 τε
1053 5426 1143 5479 καὶ
1181 5424 1359 5494 εύήχῳ
1396 5421 1492 5492 τῆς
1513 5419 1759 5474 διδασκα-

271 5594 315 5627 ⁸⁸
338 5604 492 5661 Joan.
525 5622 561 5668 I,
591 5607 642 5661 8.

1863 4425 1930 4479 ad
1975 4426 2121 4479 aliud
2144 4466 2158 4490 ,
2206 4427 2281 4479 ita
2316 4435 2375 4480 ut
2405 4427 2473 4480 de
2503 4426 2678 4480 altiori
2718 4426 2773 4478 in
2800 4424 2963 4479 altius
2993 4440 3206 4495 semper
3232 4439 3425 4483 ascen.

1862 4519 1984 4579 dat,
2020 4532 2346 4587 semperque
2386 4518 2568 4588 scipso
2618 4516 2711 4569 ﬁat
2756 4517 3147 4586 prazstantior?
3181 4516 3423 4569 Primum

1860 4622 1984 4661 cum
2024 4608 2206 4661 czeteri
2250 4623 2442 4661 omnes
2476 4608 2540 4661 ad
2574 4621 2864 4662 ascensum
2897 4607 3225 4670 deﬁcerent,
3278 4607 3425 4660 radi-

1861 4711 1953 4751 ces
1997 4698 2203 4752 montis
2244 4697 2397 4752 solus
2442 4696 2876 4767 supergreditur:
2913 4696 3119 4751 Deinde
3163 4696 3421 4751 tubarum

1862 4787 2075 4843 sonitus
2119 4787 2345 4842 auribus
2382 4788 2623 4858 percepit
2667 4788 2959 4843 altitudine
3010 4787 3210 4840 montis
3255 4785 3422 4839 mira-

1861 4881 1956 4936 bili
1983 4898 1998 4947 ;
2051 4879 2169 4951 ipse
2201 4895 2419 4951 quoque
2452 4879 2678 4935 miriﬁce
2707 4881 2953 4935 elevatus
2976 4918 2990 4940 .
3027 4878 3092 4933 ad
3133 4877 3246 4930 haec
3279 4874 3421 4929 invi-

1863 4971 2041 5025 sibilia
2063 4970 2261 5024 divinae
2290 4969 2623 5039 cognitionis
2645 4969 2941 5039 penetralia
2964 4966 3285 5036 ingreditur.
3316 4962 3423 5019 Nec

1861 5061 1933 5115 ibi
1967 5061 2297 5131 permansit,
2325 5048 2419 5115 sed
2453 5061 2506 5113 in
2539 5060 2949 5114 tabernaculum
2983 5058 3129 5112 nulla
3160 5071 3321 5111 manu
3348 5054 3425 5108 l‘a-

1859 5162 2006 5206 ctum
2044 5150 2382 5220 pertransit:
2425 5156 2575 5204 certe
2616 5165 2850 5219 namque
2898 5150 2964 5204 ad
3012 5148 3159 5203 hunc
3207 5146 3425 5202 tandem

1860 5239 1948 5293 ille
1980 5238 2137 5293 linem
2166 5237 2443 5308 pervenit,
2475 5236 2570 5304 qui
2595 5236 2908 5305 bujusmodi
2936 5235 3259 5292 ascensibus
3286 5234 3429 5289 exal-

1859 5338 2024 5386 tatnr.
2060 5327 2164 5384 Sed
2197 5329 2289 5381 illa
2315 5342 2532 5397 quoque
2560 5328 2829 5383 sententia
2858 5328 2926 5383 de
2951 5327 3159 5383 cmlesti
3195 5326 3322 5380 tuba
3359 5326 3427 5383 ad

1857 5421 2096 5476 divinam
2133 5419 2465 5490 perducentc
2495 5418 2894 5489 cognitionem,
2939 5436 3047 5475 non
3093 5427 3179 5475 est
3223 5418 3428 5488 impro-

757 5605 803 5639 "
825 5604 996 5659 Exod.
1032 5620 1083 5668 x,
1111 5603 1201 5659 2L
1276 5602 1318 5634 “
1348 5600 1491 5659 Psal.
1528 5618 1657 5666 xvn,
1689 5601 1774 5657 10.
1830 5600 1872 5634 ⁸⁷
1907 5565 2074 5655 έκοᾱ.
2108 5616 2195 5662 xx,
2236 5600 2289 5655 4.
