3800 5980
365 235 470 294 579
1591 238 1648 294 S.
1691 235 2019 295 GREGORII
2047 234 2335 292 NYSSENI
3504 238 3605 297 380

367 338 567 418 handa,
587 350 786 406 cmlum
804 348 950 406 enim
973 361 1024 406 et
1048 350 1231 405 omnia
1254 366 1376 422 qua:
1397 350 1452 406 in
1474 351 1616 407 caelo
1639 359 1789 414 sunt,
1814 352 1930 406 sive

2050 346 2147 410 ιίας
2172 344 2406 414 σάλπιγξ
2426 345 2807 416 μεγαλόφωνος
2818 347 3025 417 γίνεται
3041 390 3057 415 ,
3075 349 3217 408 καθά
3239 355 3373 425 φησί
3396 368 3482 416 τις
3501 353 3607 406 τῶν

365 442 504 496 varii
528 448 731 506 motus,
753 441 869 496 sive
888 440 1117 498 diversae
1149 441 1576 514 magnitudines,
1604 443 1721 498 sive
1747 444 1931 510 splen-

2050 435 2350 507 προφητῶν,
2380 437 2463 489 ὅτι
2505 453 2523 486 ι
2557 437 2880 491 Ἐσάλπισεν
2907 439 2937 491 ὁ
2966 438 3100 503 Θεὸς
3130 441 3357 495 ἄνωθεν.
3386 460 3404 491 ι
3466 442 3524 493 ὐ
3551 442 3610 495 δὲ

365 530 529 586 dores
557 529 699 585 alius
728 530 893 584 alium
929 530 1141 601 fulgore
1168 532 1598 603 perstringentes
1618 573 1632 593 .
1665 531 1933 586 mirabilis

2050 527 2438 619 ιεκαθαρμένος
2477 544 2538 581 τε
2576 529 2676 619 καλ
2708 529 2835 596 ὀξὺς
2876 529 2974 600 τὴν
3011 532 3180 605 ἀκοὴν
3222 533 3324 604 τῆς
3360 534 3608 619 καρδίας,

367 620 576 676 fabrica
632 624 953 692 sapientiam
970 621 1060 677 Dei
1074 630 1206 679 voce
1219 635 1412 692 magna
1431 620 1722 683 exclamat,
1754 621 1931 674 maxi-

2050 619 2129 688 τὴν
2154 618 2292 688 ἠχὴν
2339 617 2541 689 ταύτην
2580 618 2894 691 δεξάμενος.
2946 621 3090 690 λέγω
3142 622 3206 694 δὴ
3256 624 3356 695 τὴν
3398 617 3464 678 5‘
3512 625 3611 695 τῆς

368 726 625 783 mamque
652 710 826 782 ipsius
856 711 1196 778 maiestatem
1247 727 1313 766 ac
1364 719 1684 781 potestatem
1730 726 1826 781 per
1869 723 1933 764 ea

2050 706 2265 776 lswpiac
2302 706 2412 759 τῶν
2456 707 2628 763 ὄντων
2657 706 2948 780 γινομένην
2987 712 3123 782 πρὸς
3169 713 3267 784 τὴν
3312 715 3409 785 τῆς
3459 714 3610 779 θείας

367 818 489 872 qua:
540 802 816 865 videntur,
860 812 1104 857 enarrat.
1160 801 1317 858 Unde
1355 802 1558 858 dictum
1591 812 1712 857 est:
1746 812 1765 852 ι
1799 801 1934 855 lei

2050 795 2318 866 δυνάμεως
2353 796 2571 864 γνῶσιν,
2609 799 2881 871 ὁδηγεῑται
2928 800 2996 853 δι’
3024 801 3195 872 αὐτῆς
3233 803 3370 873 πρὸς
3401 803 3462 856 τὸ
3496 805 3613 857 ἐκεῖ

366 902 627 951 enarrant
650 895 878 963 gloriam
911 893 1005 950 Dei
1036 895 1102 951 “.
1136 914 1155 945 ι
1182 894 1308 949 llaec
1341 894 1508 965 igitur
1536 903 1621 949 est
1653 893 1745 947 illa
1772 894 1899 947 tuba
1919 935 1934 959 ,

2050 886 2279 941 διαδῦναι
2304 892 2370 959 τῇ
2390 888 2619 962 διανοίᾳ,
2650 892 2785 945 ὅπου
2813 893 2960 946 ἐστὶν
2984 894 3012 945 ὁ
3037 894 3188 958 Θεός.
3219 894 3459 949 Τοῦτοδὲ
3485 897 3613 962 γνό-

365 1003 488 1057 qua:
518 1002 749 1047 sonora,
787 987 969 1052 clara,
1000 1002 1306 1058 magnaque
1335 1001 1468 1041 voce
1499 985 1761 1039 continue
1789 983 1933 1038 veri-

2050 995 2140 1047 προς
2174 979 2277 1033 ὑπὸ
2317 980 2415 1050 τῆς
2445 982 2670 1052 Γραφῆς
2701 984 3047 1054 ὀνομάζεται,
3079 985 3107 1038 ὃ
3132 985 3196 1055 δὴ
3226 986 3609 1058 ἑρμηνεύεται.

366 1083 496 1134 tatis
523 1078 828 1133 doctrinam
866 1079 1162 1150 praedicat,
1195 1086 1255 1134 ut
1301 1079 1566 1150 propheta
1604 1077 1769 1131 etiam
1811 1074 1938 1147 qui-

2050 1069 2225 1135 καθὼς
2255 1070 2492 1142 εἴρηται.
2521 1074 2581 1126 τὸ
2611 1074 2882 1143 άγνωστόν
2907 1093 2965 1128 τε
3000 1077 3094 1130 καὶ
3125 1076 3458 1150 ἀθεώρητον,
3484 1080 3544 1132 ὲν
3570 1072 3616 1147 ᾧ

364 1173 499 1227 dam‘
525 1173 601 1227 ait
626 1190 639 1226 :
670 1190 690 1224 ι
724 1172 864 1228 Deus
893 1172 1023 1228 tuba
1055 1173 1293 1242 desuper
1323 1184 1519 1226 sonum
1549 1166 1753 1222 dedit.)
1774 1162 1934 1218 llunc

2050 1160 2319 1232 γινόμενος
2343 1164 2441 1235 τὴν
2486 1165 2899 1236 ἀχειροποίητον
2931 1168 3147 1238 ἐκείνην
3175 1170 3379 1241 σκηνὴν
3405 1170 3616 1240 βλέπει,

362 1250 562 1317 sonum
600 1277 664 1316 ex
709 1263 1051 1330 inspectione
1095 1274 1279 1316 rerum
1322 1257 1570 1312 omnium
1605 1253 1847 1319 factum,
1877 1250 1926 1306 si

2050 1252 2102 1321 ἢν
2123 1251 2210 1305 διὰ
2245 1255 2342 1325 τῆς
2379 1255 2571 1326 ὑλικῆς
2605 1259 2891 1329 μιμήσεως
2923 1262 3036 1323 τοῖς
3068 1261 3220 1315 κάτω
3244 1260 3505 1316 δείκνυσι.

364 1354 492 1424 quis
524 1353 707 1408 cordis
739 1353 981 1407 auditum
1011 1367 1078 1408 ac
1113 1354 1309 1419 ductus
1335 1350 1511 1420 ipsius
1542 1365 1651 1406 non
1678 1344 1861 1415 segnis
1896 1349 2041 1398 recte
2069 1345 2331 1415 suscipit,
2366 1349 2583 1404 tandem
2617 1366 2684 1405 eo
2718 1352 2916 1406 mentis
2947 1350 3302 1422 inquisitione
3334 1354 3617 1424 pervenit,

367 1444 459 1498 ubi
496 1442 634 1498 Deus
662 1453 766 1498 est.
798 1443 856 1497 id
891 1458 1017 1498 vero
1043 1444 1221 1512 caligo
1251 1456 1279 1495 a
1314 1439 1596 1510 Scriptura
1634 1447 1996 1506 nuncupatur,
2026 1450 2137 1505 quo
2169 1438 2594 1509 incognoscibile
2633 1458 2696 1498 ac
2733 1445 3284 1513 incomprehensibile
3317 1447 3493 1518 ipsius
3514 1489 3529 1508 .
3559 1455 3618 1502 ut

366 1537 641 1596 diximus.
687 1536 1045 1603 signiﬁcatur.
1088 1535 1226 1592 Illuc
1273 1544 1458 1592 autem
1503 1549 1629 1590 cum
1667 1529 2014 1603 pervenerit,
2045 1529 2460 1589 tabernaculum
2494 1536 2641 1590 nulla
2677 1552 2840 1593 manu
2879 1537 3201 1594 fabricatum
3240 1542 3537 1612 perspicit,
3565 1549 3620 1596 et

367 1632 673 1687 imitatione
703 1629 1056 1687 inferioribus
1085 1630 1366 1686 materiale
1392 1628 1651 1684 ostendit.
2534 1679 2537 1682 .

436 1720 594 1788 Quod
648 1730 831 1776 autem
885 1722 1156 1791 qualeqne
1208 1732 1297 1778 est
1343 1718 1755 1774 tabernaculum
1805 1713 1936 1769 illud

2111 1715 2177 1768 Τί
2214 1713 2308 1771 οὖν
2350 1721 2382 1791 ἠ
2416 1722 2827 1795 ἀχειροποίητος
2855 1726 3037 1797 ἐκείνη
3066 1728 3275 1800 σκηνῆς
3347 1734 3380 1804 ὴ
3441 1748 3621 1802 παρα-

372 1810 576 1881 absque
610 1827 775 1865 manu
811 1811 1182 1868 fabricatum?
1213 1812 1357 1883 quod
1390 1810 1547 1881 quasi
1578 1807 1853 1877 exemplar
1884 1806 1938 1859 in

2050 1806 2360 1881 Βεικνυμένη
2383 1813 2460 1882 τῷ
2481 1816 2704 1869 Μωῦσεῖ
2731 1817 2872 1871 κατὰ
2898 1818 2960 1871 τὸ
2988 1818 3134 1890 ὅρος,
3160 1820 3298 1890 πρὸς
3319 1822 3386 1892 ἢν
3408 1821 3619 1876 κελεύε-

368 1913 556 1958 monte
607 1900 781 1974 Moysi
838 1903 1188 1975 proponitur,
1233 1908 1294 1956 ut
1344 1901 1411 1956 ad
1458 1900 1594 1955 illud
1640 1896 1941 1967 respiciens

2050 1914 2128 1951 ται
2158 1898 2395 1968 βλέπειν,
2421 1903 2496 1967 ὼς
2526 1906 2606 1969 είς
2645 1906 2975 1977 ἀρχέτυπον,
3006 1907 3095 1962 διὰ
3122 1909 3224 1979 τῆς
3254 1911 3622 1983 χειροτμήτιου

375 2009 542 2049 manu
575 2003 884 2065 praeparet,
917 1995 1224 2065 efﬁciatque
1252 1993 1567 2049 hominibus
1601 1999 1812 2046 tantum
1842 1988 1943 2042 mi-

367 2087 640 2141 raculum.
672 2104 691 2138 ι
719 2084 852 2141 Vide
882 2084 1365 2156 namqueginquit
1385 2123 1400 2146 ,
1425 2103 1443 2135 ι
1470 2093 1528 2137 ut
1559 2082 1741 2136 omnia
1771 2079 1943 2134 facias

367 2175 671 2231 secundum
706 2172 1124 2249 similitudinem
1148 2214 1164 2239 ,
1197 2190 1322 2245 qua:
1369 2174 1466 2228 tibi
1515 2180 1816 2227 monstrata
1858 2178 1945 2225 est

367 2268 424 2323 lu
479 2278 663 2323 monte
689 2267 756 2321 “.
792 2287 810 2318 ι
839 2267 1122 2322 Columnae
1175 2280 1356 2321 aureae
1402 2264 1625 2320 basibus
1673 2261 1944 2332 argenteis

369 2359 731 2424 inhaerentes,
768 2360 1046 2431 argenteis
1080 2361 1286 2429 pariter
1320 2356 1632 2426 capitibus:
1669 2354 1791 2409 alia:
1820 2368 1945 2406 rur-

368 2464 467 2505 sus
520 2452 824 2514 columna',
879 2466 1111 2521 quarum
1164 2448 1348 2520 capita
1390 2456 1443 2503 et
1497 2448 1653 2503 bases
1689 2462 1755 2501 ex
1798 2460 1942 2500 aere:

367 2541 516 2612 quod
552 2557 687 2597 vero
733 2546 882 2597 inter
924 2553 1168 2597 extrema
1212 2551 1362 2603 erat,
1410 2555 1475 2595 ex
1525 2548 1748 2608 argento
1789 2546 1944 2602 erat,

371 2633 569 2699 quibus
620 2633 878 2689 omnibus
931 2632 1090 2702 quasi
1142 2632 1453 2702 subjectum
1505 2645 1572 2685 ex
1631 2629 1778 2699 ligno
1830 2634 1948 2682 erat

368 2722 808 2794 incorruptibili,
857 2723 1216 2779 circumcirca
1268 2738 1398 2777 vero
1463 2736 1559 2792 per
1604 2718 1946 2789 superﬁciem

370 2811 634 2880 splendor
681 2810 924 2882 praditaa
974 2812 1219 2867 matcriei
1273 2808 1840 2869 circumfundebatur,
1893 2816 1949 2862 et

371 2914 500 2954 arca
528 2900 779 2956 similiter
810 2901 1111 2972 purissimo
1139 2917 1274 2955 auro
1308 2901 1523 2971 fulgens
1547 2917 1561 2956 :
1593 2898 1738 2969 quod
1767 2908 1948 2951 autem

371 3007 566 3047 aurum
601 2993 707 3047 hoc
741 2994 1086 3058 sustinebat,
1124 2993 1301 3063 ipsum
1333 3008 1554 3063 quoque
1584 2992 1792 3062 lignum
1826 2998 1942 3045 erat

376 3085 821 3154 ineorruptibile.
852 3084 1253 3139 Candelabrum
1288 3084 1545 3154 deinceps
1576 3084 1690 3138 basi
1722 3081 1940 3152 quidem

374 3174 599 3230 unicum
618 3213 632 3237 ,
664 3175 718 3228 in
748 3182 953 3243 septem
985 3183 1165 3227 autem
1196 3187 1379 3229 ramos
1410 3175 1463 3227 in
1494 3172 1778 3226 cacumine
1806 3171 1945 3225 divi«

373 3280 495 3321 sum
515 3303 532 3331 ,
555 3272 762 3336 septem
794 3265 1048 3319 lucernas
1078 3278 1174 3335 per
1203 3279 1385 3319 ramos
1413 3264 1738 3321 sustinebat.
1770 3262 1944 3333 Hujus

371 3355 687 3413 candelabri
729 3355 955 3411 materia
1001 3355 1358 3427 purissimum
1393 3361 1512 3411 erat
1548 3370 1777 3418 aurum,
1835 3368 1942 3408 non

374 3461 698 3512 concavum,
715 3462 816 3502 nec
836 3447 982 3517 ligno
999 3454 1386 3512 sustentatum,
1403 3446 1495 3502 sed
1518 3446 1775 3502 solidum.
1795 3445 1939 3501 Pras-

374 3548 459 3593 ter
509 3538 624 3593 hmc
669 3538 1111 3609 pr0pitiatorium
1162 3547 1312 3601 erat,
1363 3546 1418 3593 ct
1464 3539 1670 3603 altare,
1719 3547 1772 3591 et
1824 3552 1946 3607 quae

372 3629 638 3684 dicuntur
668 3629 934 3684 cherubin
955 3670 970 3695 ,
1011 3644 1245 3700 quorum
1278 3629 1380 3684 alis
1414 3644 1540 3682 arca
1583 3628 1949 3683 adumbraba-

374 3731 486 3774 tur.
519 3718 646 3775 Haec
672 3719 852 3774 omnia
886 3734 950 3773 ex
982 3733 1118 3772 auro
1147 3726 1306 3773 erant
1339 3734 1446 3772 non
1474 3718 1760 3788 superﬁcie
1790 3728 1946 3773 tenus

375 3812 666 3882 pulchrum
699 3811 939 3865 colorem
972 3810 1301 3875 exbibcnte,
1352 3809 1446 3864 sed
1490 3810 1560 3863 ita
1609 3818 1668 3862 ut
1712 3809 1945 3863 solidum

374 3909 557 3962 esset,
595 3909 650 3955 et
698 3899 766 3952 ad
821 3898 1049 3952 fundum
1122 3915 1296 3969 usque
1344 3900 1573 3953 materia
1620 3908 1944 3968 permearct.

377 3990 644 4046 Pra'tcrea
667 3989 891 4044 cortinas
919 3991 1055 4042 mira
1080 3988 1346 4043 varietate
1371 3990 1672 4052 distinctae,
1698 4007 1760 4043 ac
1787 3990 1947 4043 inau-

375 4083 493 4139 dito
515 4089 787 4136 contextae
810 4078 1065 4141 artiﬁcio,
1090 4078 1324 4134 diversis
1347 4080 1625 4134 coloribus
1651 4081 1757 4134 alio
1781 4080 1946 4133 alium

376 4173 809 4246 suscipientibus
829 4212 844 4238 ,
873 4171 938 4225 ad
974 4170 1434 4241 pulchritudinem
1463 4173 1800 4225 cortinarum
1827 4173 1950 4242 qui-

376 4264 481 4320 bus
523 4265 577 4317 in
621 4261 732 4316 duo
773 4259 1119 4315 dividebatur
1152 4259 1595 4326 tabernaculum,
1633 4260 1686 4313 in
1740 4269 1946 4329 partem

2041 1993 2389 2063 κατασκευῆς
2425 1993 2592 2060 δεῖξαι
2647 1996 2710 2050 τδ
2760 1999 3170 2071 ἀχειροποίητον
3214 1999 3418 2072 θαῦμα.
3439 2001 3623 2073 «Ὅρα

2040 2080 2172 2152 γὰρ.
2202 2083 2355 2153 φησὶ,
2390 2086 2637 2158 ποιήσεις
2666 2089 2844 2144 πάντα
2898 2091 3039 2145 κατὰ
3070 2092 3162 2146 τὸν
3199 2092 3368 2146 τύπον
3388 2092 3483 2147 τὸν
3506 2093 3621 2146 δει-

2041 2169 2238 2241 χθέντα
2262 2188 2344 2226 σοι
2372 2174 2430 2229 ὲν
2457 2174 2534 2245 τῷ
2548 2175 2914 2247 δρει.ιΣτύλοι
2942 2178 3161 2249 χρύσεοι
3193 2179 3415 2249 βάσεσιν
3442 2181 3623 2251 ἀργυ-

2046 2263 2165 2333 ραῖς
2186 2262 2587 2334 ὲρηρεισμένοι,
2618 2267 2713 2319 καὶ
2736 2266 2997 2336 κεφαλαῖς
3021 2267 3284 2332 ὡσαύτως
3310 2269 3586 2339 ἀργυραῖς
3604 2287 3617 2300 ·

2044 2353 2443 2424 ὲπιπρέποντες
2479 2355 2641 2409 πάλιν
2683 2356 2859 2428 ἕτεροι
2894 2359 3095 2421 στύλοι,
3139 2352 3215 2413 ὧν
3253 2359 3489 2429 κεφαλαὶ
3523 2360 3624 2429 μὲν

2046 2445 2140 2497 καὶ
2175 2443 2359 2515 βάσεις
2384 2447 2447 2498 ὲκ
2476 2445 2679 2516 χαλκοῦ
2714 2449 2814 2518 τῆς
2841 2448 3000 2521 ὕλης·
3035 2450 3096 2503 τὸ
3118 2450 3174 2503 δὲ
3202 2451 3289 2505 διὰ
3314 2451 3480 2522 μέσου
3511 2452 3626 2509 τῶν

2045 2533 2250 2607 ἄκρων,
2285 2535 2543 2607 ἄργυρος.
2586 2537 2726 2590 Ilia:
2758 2539 2813 2591 δὲ
2843 2539 3053 2604 τούτοις
3082 2540 3311 2612 ἔρεισμα
3350 2542 3449 2611 μὲν
3472 2540 3626 2607 ξύλι-

2046 2646 2136 2681 νον
2184 2623 2281 2699 ἦν,
2341 2629 2608 2699 σηπεδόνα
2659 2631 2734 2702 μὴ
2782 2632 3231 2704 προσδεχόμενον.
3298 2635 3388 2687 Ἐν
3436 2634 3625 2704 κύκλῳ

2046 2719 2135 2781 δὲ,
2188 2719 2329 2774 κατὰ
2357 2720 2416 2774 τὺ
2438 2722 2779 2793 φαινόμενον,
2816 2726 2849 2795 ἡ
2874 2723 3016 2794 αὐγὴ
3047 2725 3156 2779 τῶν
3190 2724 3445 2778 τοιούτων
3477 2725 3626 2780 ὑλῶν

2047 2808 2422 2879 περιεκέχυτο,
2454 2810 2550 2863 καὶ
2596 2810 2826 2875 κιϐωτός
2856 2828 2940 2876 τις
2971 2811 3232 2877 ὡσαύτως
3265 2815 3324 2867 ὲν
3355 2814 3626 2886 άκηράτῳ

2050 2897 2336 2952 στίλϐουσα
2374 2899 2453 2970 τῷ
2485 2900 2706 2972 χρυσῷο
2748 2901 2809 2955 τὸ
2844 2902 2902 2956 δὲ
2940 2903 3200 2974 διερεῖδον
3230 2904 3329 2973 τὴν
3363 2902 3457 2955 τοῦ
3490 2921 3629 2975 χρυ-

2050 2989 2164 3043 σίου
2191 2989 2512 3062 περιϐολὴν,
2567 2992 2663 3046 καὶ
2703 2991 2834 3046 αὐτὸ
2872 2992 3028 3060 ξύλον
3054 2989 3124 3065 ἦν
3154 2994 3316 3065 σῆψιν
3349 2995 3411 3049 ού
3452 3012 3628 3066 προσσ

2041 3079 2347 3152 δεχόμενον.
2403 3082 2605 3153 Λυχνία
2655 3101 2739 3148 τις
2781 3085 2876 3139 ἐπὶ
2918 3084 3150 3150 τούτοις,
3189 3085 3286 3156 μία
3333 3085 3433 3156 μὲν
3478 3087 3629 3141 κατὰ

2042 3173 2134 3226 τὸν
2183 3172 2433 3245 πυθμένα
2481 3175 2582 3252 τῆς
2635 3174 2868 3245 βάσεως,
2930 3176 3073 3230 ἑπτὰ
3125 3176 3183 3230 δὲ
3226 3176 3440 3240 κλάδοις
3482 3178 3630 3232 κατὰ

2044 3260 2104 3316 τὸ
2140 3263 2306 3335 ἄκρον
2348 3250 2680 3336 διῃρημένη,
2745 3265 3064 3338 ἰσαρίθμους
3101 3266 3332 3331 κύκλους
3369 3267 3465 3320 ἐπὶ
3512 3268 3628 3321 τῶν

2006 3351 2255 3425 ,κλάδων
2310 3353 2597 3423 ἀνέχουσα.
2663 3355 2880 3425 Χρυσδς
2927 3355 2985 3409 δὲ
3047 3352 3116 3429 ἦν
3163 3357 3261 3428 τῆς
3314 3356 3540 3428 λυχνίας
3593 3360 3628 3429 ἡ

2047 3442 2182 3514 ὕλη,
2242 3443 2395 3498 οὐδὲν
2462 3444 2565 3514 τῆς
2631 3447 2973 3517 κατασκευῆς
3044 3447 3222 3501 κοῖλον
3273 3447 3412 3518 ἔχων
3435 3488 3450 3513 ,
3537 3451 3625 3502 ού-

2045 3531 2102 3585 δὲ
2141 3531 2280 3603 ξύλῳ
2316 3533 2725 3604 διερειδόμενον.
2779 3535 3171 3609 Θυσιαστήριον
3220 3537 3280 3591 δὲ
3325 3537 3459 3608 πρὸς
3498 3538 3628 3590 τού-

2045 3637 2158 3684 τοις
2205 3621 2298 3675 καὶ
2344 3622 2653 3694 ἱλαστήριον
2679 3639 2692 3654 ·
2743 3624 2837 3677 καὶ
2880 3624 2947 3678 τὰ
3009 3624 3278 3695 λεγόμενα
3330 3627 3627 3697 χερουϐὶμ,

2046 3703 2121 3766 ὧν
2175 3716 2297 3776 ταῖς
2352 3714 2609 3787 πτέρυξιν
2667 3717 2700 3787 η
2771 3716 3002 3781 κιϐωτὸς
3076 3717 3377 3781 ὲσκιάζετο.
3436 3718 3628 3775 Πάντα

2046 3803 2218 3858 ταῦτα
2255 3806 2456 3875 χρυσὸς
2491 3802 2579 3877 ἦν,
2613 3808 2712 3861 οὐκ
2754 3808 3067 3862 ἐπιπόλαιον
3115 3813 3367 3880 παρέχων
3400 3812 3466 3880 τῇ
3499 3812 3625 3863 ἐπι-

2050 3894 2244 3966 φανείᾳ
2291 3895 2389 3966 τὴν
2440 3896 2715 3968 εὕχροιαν,
2769 3900 2905 3954 ἀλλὰ
2950 3899 3016 3954 δι’
3047 3899 3168 3954 ὅλου
3220 3901 3249 3953 ὁ
3306 3901 3470 3963 αὐτὸς
3530 3896 3625 3971 ἦν,

2052 3984 2213 4056 μέχρι
2246 3985 2340 4039 τοῦ
2374 3985 2571 4055 βάθους
2617 3989 2910 4060 διηκούσης
2950 3992 3048 4063 τῆς
3105 3992 3255 4062 ὕλης.
3299 3992 3526 4046 Ποικίλα
3571 4010 3627 4046 τε

2050 4075 2189 4145 πρὸς
2250 4075 2461 4142 τούτοις
2534 4078 2593 4145 ἐξ
2653 4080 2953 4151 ὑφαντικῆς
3029 4080 3364 4151 φιλοτεχνίας
3450 4099 3627 4135 κατα-

2051 4167 2393 4239 πετάσματα,
2437 4168 2706 4241 διαφόρων
2755 4170 2932 4225 άνθῶν
2970 4172 3293 4245 ἐπαλλήλοις
3345 4173 3482 4245 πρὸς
3525 4175 3629 4244 τὴν

2049 4256 2143 4311 τοῦ
2169 4256 2490 4328 ὑφάσματος
2516 4259 2668 4331 ὥραν
2699 4262 3159 4334 συμπλεκομένων
3177 4278 3192 4294 ο
3222 4257 3303 4326 οἷς
3326 4262 3627 4331 διεκρίνετο

377 4356 588 4411 scilicet
628 4352 899 4408 visibilem
926 4390 942 4414 ,
982 4351 1039 4405 in
1071 4365 1233 4421 quam
1267 4350 1471 4404 aditum
1504 4353 1817 4407 sacerdotes
1853 4351 1945 4405 ha-

2050 4347 2150 4420 τῆς
2187 4351 2392 4421 σκηνῆς
2426 4351 2799 4425 ιὸσονκὸρατόν
2842 4369 2903 4405 τε
2951 4352 3046 4405 καὶ
3095 4350 3323 4423 βάσιμόν
3362 4370 3474 4406 τισι
3512 4354 3629 4409 τῶν

381 4448 615 4507 bebant,
646 4451 700 4498 et
729 4444 782 4497 in
816 4453 1021 4513 partem
1049 4442 1397 4497 secretiorem
1450 4452 1614 4507 atque
1660 4443 1898 4498 abditam
1929 4461 1943 4497 :

378 4548 578 4589 nomen
609 4541 789 4586 autem
832 4530 999 4600 priori
1049 4531 1190 4601 parti
1219 4528 1480 4586 Sanctum
1517 4539 1677 4597 erat;
1718 4534 1947 4588 occultae

378 4638 508 4679 vero
538 4621 678 4693 parti
708 4628 872 4690 atque
918 4621 1214 4676 recondita:
1241 4660 1255 4681 ,
1299 4619 1560 4676 Sanctum
1605 4631 1945 4678 sanctorum.

377 4714 606 4771 Luteres
637 4720 933 4782 praeterea,
963 4722 1015 4766 et
1055 4711 1302 4773 foculos,
1358 4723 1413 4768 et
1451 4721 1739 4768 externum
1782 4715 1950 4768 corti-

376 4820 571 4862 narum
602 4802 896 4866 amictum,
927 4813 982 4857 et
1007 4802 1124 4857 vela
1156 4817 1222 4856 ex
1262 4802 1418 4879 pilis,
1450 4803 1708 4873 coriaque
1737 4820 1946 4876 purpu-

376 4913 471 4955 reo
500 4897 703 4953 colore
723 4895 1041 4950 rubricata:
1070 4903 1125 4948 et
1155 4909 1495 4965 quaecunque
1521 4896 1628 4949 alia
1657 4905 1949 4961 recenset,

373 4989 503 5061 quis
532 4986 811 5059 exquisita
844 4985 1058 5040 ratione
1094 4986 1297 5055 poterit
1333 4986 1702 5057 spiritualiter
1747 4988 1951 5044 intelli-

374 5095 541 5151 gere,
591 5094 711 5149 quae
763 5077 822 5133 in
878 5077 972 5131 illo
1021 5076 1378 5132 tabernaculo
1430 5075 1634 5131 fuerint
1686 5077 1950 5136 divinitus

374 5169 688 5225 fabricata?
734 5167 871 5235 Quis
918 5166 1069 5230 haec,
1115 5182 1350 5236 quorum
1402 5173 1531 5223 sunt
1581 5166 1847 5236 imagines
1886 5184 1950 5224 ac

375 5262 737 5328 imitationes,
791 5259 1072 5330 exponet?
1121 5260 1377 5330 quisnam
1438 5276 1602 5330 quam
1656 5263 1946 5316 utilitatem

378 5350 625 5407 videntes
660 5350 790 5406 hinc
820 5359 1249 5420 consequantur,
1299 5348 1501 5419 quidve
1547 5350 1831 5405 lucrentur
1880 5365 1946 5405 ex

379 5441 644 5502 materiali
701 5442 1139 5498 lmmaterialium
1188 5440 1395 5513 ﬁgura,
1450 5442 1791 5513 explicabit?
1839 5441 1946 5500 Re-

482 5624 528 5659 ⁸⁸
556 5622 697 5681 Psal.
732 5639 886 5693 xvtn,
927 5626 981 5683 2.
1056 5626 1102 5661 δ’
1123 5626 1292 5685 Exod.
1334 5640 1460 5690 xxv,
1502 5623 1590 5681 40.

2050 4438 2475 4510 ἱερουργούντων
2509 4435 2599 4511 ἦν,
2642 4441 2738 4494 καὶ
2766 4442 2889 4495 ὅσον
2929 4442 3120 4498 ἄδυτόν
3148 4460 3209 4496 τε
3247 4444 3630 4501 καὶ.ἀνεπίϐα-

2047 4545 2169 4582 τον’
2204 4529 2371 4600 ὄνομα
2408 4530 2487 4596 δὲ,
2520 4531 2580 4583 τὸ
2617 4532 2714 4602 μὲν
2763 4533 3221 4603 προτεταγμένον,
3251 4533 3404 4602 ἅγιον
3432 4530 3521 4604 ἦν,
3564 4535 3629 4587 τὸ

2047 4620 2105 4674 δὲ
2164 4620 2689 4693 ἀποκεκρυμμένον,
2745 4623 2901 4691 ἅγιον
2962 4623 3155 4691 ἁγίων.
3207 4625 3480 4696 Λουτῆρες
3530 4627 3629 4679 ἐπὶ

2048 4711 2278 4778 τούτοις,
2304 4711 2400 4766 καὶ
2423 4715 2644 4783 πυρεῖα.
2668 4712 2764 4767 καὶ
2789 4715 2823 4784 ἡ
2850 4711 3048 4781 ἔξωθεν
3067 4713 3176 4768 τῶν
3203 4714 3442 4768 αὑλαίων
3467 4732 3630 4786 περι-

2048 4802 2200 4875 ϐολὴ,
2231 4804 2324 4857 καὶ
2354 4802 2566 4875 δέρρεις
2608 4807 2672 4858 ἐκ
2710 4804 2935 4877 τριχῶν,
2971 4806 3065 4859 καὶ
3108 4806 3351 4877 δέρματα
3382 4823 3630 4875 πεφοινι·

2047 4893 2227 4964 γμένα
2258 4892 2337 4964 τῷ
2364 4893 2669 4966 ἐρυθήματι
2688 4913 2703 4927 ·
2738 4897 2834 4950 καὶ
2860 4898 2962 4951 ὅσα
2988 4896 3123 4951 ἄλλα
3157 4896 3506 4961 διασκευάζει
3546 4898 3630 4969 τῷ

2046 4984 2210 5058 λόγῳ,
2240 4984 2323 5049 τίς
2349 4984 2416 5038 ἂν
2445 4985 2513 5039 δι’
2536 4987 2821 5057 ἀκριϐείας
2846 4987 3003 5057 λόγος
3039 4991 3421 5060 κατανοήσειεε
3455 4990 3630 5042 ποίων

2045 5075 2472 5147 ἀχειροποιήτων
2512 5077 2628 5130 ἐστὶ
2669 5077 2839 5132 ταῦτα
2879 5081 3204 5151 μιμήματα;
3245 5081 3340 5133 καὶ
3380 5078 3433 5132 τί
3468 5079 3632 5152 φέρει

2047 5169 2160 5230 τοῖς
2185 5167 2353 5239 ὁρῶσι
2381 5168 2590 5239 κέρδος,
2618 5170 2728 5223 τῶν
2763 5171 2880 5224 ἐκεῖ
2908 5171 3178 5241 ὀφθέντων
3206 5172 3310 5225 ὑπὸ
3336 5170 3431 5224 τοῦ
3461 5172 3632 5225 Μωῦ-

2053 5260 2210 5326 σέως,
2243 5261 2277 5332 ή
2307 5262 2399 5315 ἐπὶ
2431 5262 2528 5332 τῆς
2560 5261 2692 5333 ὕλης
2722 5263 2982 5335 μίμησις;
3025 5264 3186 5318 Ἀλλά
3215 5281 3304 5334 μοι
3351 5263 3497 5318 δοκεῖ
3529 5280 3631 5317 κα-

2050 5349 2158 5414 λῶς
2186 5350 2349 5422 ἔχειν,
2383 5352 2474 5405 τὸν
2501 5352 2599 5422 μὲν
2637 5353 2838 5425 ἀκριϐῆ
2870 5355 2998 5426 περὶ
3039 5354 3243 5409 τούτων
3267 5355 3423 5424 λόγον
3455 5372 3627 5408 κατα-

2054 5443 2229 5497 λιπεῖν
2261 5443 2506 5509 ὲκείνοις,
2557 5444 2607 5497 οἳ
2644 5445 2730 5498 διὰ
2770 5443 2863 5499 τοῦ
2903 5446 3213 5516 Πνεύματος
3254 5445 3320 5498 τὰ
3360 5444 3499 5515 βάθη
3534 5443 3628 5498 τοῦ
