3800 5980
167 240 264 296 381
1395 254 1484 311 DE
1521 253 1683 310 VITA
1718 252 1996 316 MOYSIS.
3301 264 3404 320 382

166 353 295 406 Θεοῦ
343 355 570 426 ἐρευνᾷν
620 355 847 428 δύναμιν
893 358 1102 430 ἔχουσιν
1122 378 1136 394 ο
1178 365 1227 418 εἰ
1271 365 1333 437 δή
1377 384 1462 431 τις
1498 368 1694 422 τοιοῦτέ

1804 369 1978 430 ,οιῑυε
2005 378 2156 426 certe
2180 378 2295 438 est,
2340 373 2825 443 exquisitissimam
2867 382 3032 446 atque
3076 377 3402 431 altissimam

165 447 328 502 ἐστιν,
363 445 439 508 ὡς
467 443 740 520 Πνεύματι
765 449 947 503 λαλεῖν
987 455 1280 525 μυστήρια,
1309 458 1490 523 καθώς
1523 477 1686 531 φησιν

1841 459 2032 514 horum
2063 461 2331 517 rationem
2363 465 2432 518 ab
2460 465 2568 518 illis
2599 471 2785 535 petere
2806 505 2822 530 ,
2867 443 2960 536 qui
2981 469 3150 536 gratia
3168 467 3402 534 Spiritus

179 530 513 596 ’Δπύστολος.
544 537 608 588 Ὅ
628 537 684 589 δὲ
716 540 844 608 παρ’
872 540 1028 609 ήμῶν
1060 545 1429 613 στοχαστικῶς
1457 530 1694 602 ὑπονοοὺ⁴

1838 548 2107 619 profunda
2138 551 2228 607 Dei
2258 564 2461 624 queant
2487 530 2803 625 perquirere
2829 572 2843 609 :
2877 530 2925 608 si
2957 530 3081 623 quis
3106 530 3251 608 nunc
3279 557 3401 610 talis

166 637 270 674 των
302 624 434 692 περὶ
464 623 560 677 τοῦ
593 627 952 697 προκειμένου
979 633 1250 702 νοήματος
1295 636 1543 705 λέγεται,
1582 639 1694 693 τοῦιι

1834 647 1952 701 est.
1989 650 2049 695 ut
2076 623 2287 708 Spiritui
2313 623 2570 714 mysteria
2605 623 2884 715 loquatur,
2919 644 3062 698 sicut
3109 645 3185 698 ait
3225 646 3398 714 Apos-

167 709 252 762 ἐπὶ
292 714 358 781 τῇ
410 713 589 786 κρίσει
636 716 747 770 τῶν
790 720 1223 790 ἐντυγχανόντων
1264 728 1563 797 ποιήσομεν
1598 730 1674 792 ὡς

1834 730 1977 785 tolus
2013 731 2080 784 ⁸⁸.
2111 730 2267 798 Quod
2299 709 2476 788 autem
2522 749 2552 787 a
2590 709 2748 790 nobis
2779 709 3121 803 conjectione
3165 709 3398 803 quadam

165 800 482 871 ἀπόϐλητον,
510 804 542 874 ἢ
571 806 863 867 ἀπόδεκτον
894 813 1234 883 νομισθῆναι,
1265 816 1414 881 ὅπως
1449 818 1514 872 ἂν
1545 820 1578 890 ἠ
1616 800 1732 874 διάέ

161 907 271 944 νοια
299 894 395 946 τοῦ
432 898 638 966 κρίνειν
671 901 1080 972 ὲπεσκεμμένου
1114 903 1414 977 λογίσηται.

220 1162 398 1231 Φαμὲν
419 1163 620 1227 τοίνυν,
646 1166 704 1218 ἐν
733 1167 888 1238 μέρει
910 1170 970 1223 τὸ
997 1173 1054 1225 ἐν
1078 1171 1284 1238 τούτοις
1316 1178 1608 1248 μυστήριον
1628 1178 1722 1232 τοῦ

157 1251 358 1305 Παύλου
381 1256 943 1326 παραγυμνῶσαντος,
961 1262 1218 1333 βραχεῖαν
1228 1266 1408 1318 ἐκτῶν
1419 1269 1721 1340 εἰρημένων

155 1341 396 1432 άφορμὴν
419 1343 695 1410 λαϐόντες,
717 1348 798 1401 ὅτι
819 1351 877 1402 ἐν
894 1351 1049 1422 τύπῳ
1063 1356 1462 1428 προεπαιδεύθη
1481 1360 1719 1432 Μωῦσῆς

153 1430 209 1481 τὸ
236 1432 358 1501 περὶ
381 1432 484 1502 τῆς
521 1434 725 1504 σκηνῆς
764 1437 862 1507 τῆς
886 1439 947 1490 τὸ
973 1442 1081 1494 πᾶν
1123 1444 1480 1516 περιεχούσης
1512 1430 1715 1519 μυστη-

156 1536 275 1610 ριον.
306 1519 454 1592 Αὕτη
484 1523 532 1576 δ’
557 1523 624 1577 ἂν
660 1526 745 1594 εἴη
800 1530 1051 1600 Χριστὸς,
1106 1535 1140 1604 ἡ
1181 1535 1276 1587 τοῦ
1309 1537 1442 1590 Θεοῦ
1483 1539 1712 1610 δύναμις

1837 818 1950 873 haec
1999 817 2067 872 ad
2121 821 2458 889 propositum
2507 822 3051 878 accommodantibus
3092 825 3310 890 dicitur,
3347 826 3396 881 id

1837 909 2038 978 iudicio
2079 911 2370 981 legentium
2409 919 2581 966 totum
2627 914 3028 983 relinquimus,
3077 933 3178 971 nec
3226 919 3397 972 recla-

1834 1001 2104 1055 mabimus
2146 1002 2193 1057 si
2238 1003 2556 1071 rejecerint,
2604 1019 2706 1059 nec
2755 1005 3062 1061 iactabimur
3110 1009 3157 1063 si
3207 1024 3398 1065 susce-

1829 1090 2027 1156 perint.

1899 1178 2140 1234 Dicimus
2170 1196 2298 1251 ergo
2333 1183 2576 1236 nonnihil
2609 1199 2675 1239 ex
2705 1182 2898 1246 Paulo,
2941 1185 3034 1256 qui
3070 1189 3391 1258 mysterium

1829 1265 2066 1323 breviter
2099 1270 2316 1339 tetigit,
2352 1271 2548 1340 adjuti,
2587 1273 2731 1342 quod
2777 1274 2832 1327 in
2873 1273 3046 1344 ﬁgura
3089 1274 3394 1343 praedoctus

1827 1355 1931 1411 iuit
1960 1357 2175 1429 Moyses
2207 1360 2649 1427 tabernaculum,
2686 1378 2796 1432 quo
2831 1365 3080 1418 universa
3106 1366 3392 1420 continen-

1825 1456 1936 1509 tttr,
1975 1448 2029 1502 id
2066 1464 2193 1503 vero
2224 1449 2478 1506 Christus
2507 1451 2602 1506 Dei
2646 1453 2820 1508 virtus
2848 1461 2902 1509 et
2939 1452 3032 1508 Dei
3079 1457 3384 1525 sapientia:

1823 1551 1944 1606 quae
1980 1537 2198 1608 quidem
2231 1540 2494 1608 sapientia
2529 1540 2623 1596 Dei
2657 1558 2764 1596 non
2795 1559 2956 1597 manu
2989 1543 3153 1609 facta,
3187 1546 3280 1600 sed
3313 1547 3388 1600 in-

152 1608 300 1680 καὶή
341 1610 436 1663 τοῦ
465 1611 606 1667 Θεοῦ
650 1617 828 1686 σοφία,
869 1619 902 1690 ἡ
950 1623 1358 1696 άχειροποίητος
1403 1625 1538 1683 οὖσα
1575 1608 1694 1685 κατέ

1822 1635 2003 1681 creata
2053 1644 2177 1682 cum
2218 1631 2287 1684 sit
2319 1632 2617 1685 secundum
2663 1641 2913 1688 naturam
2949 1650 3136 1700 suam,
3167 1647 3380 1692 creatu-

152 1699 241 1769 τὴν
260 1699 390 1754 ἰδίαν
418 1701 604 1771 φύσιν,
627 1705 840 1776 δέχεται
865 1711 926 1763 τὸ
951 1717 1479 1787 κατασκευασθῆναι,
1505 1721 1632 1774 ὅταν
1657 1723 1716 1776 ἐν

1824 1733 1940 1771 ram
1973 1719 2238 1789 suscepit,
2279 1721 2499 1787 quando
2529 1723 2829 1778 secundum
2885 1741 2986 1780 nos
3019 1741 3184 1780 carne
3222 1741 3386 1796 opor-

151 1790 272 1882 ἡμῖν
306 1791 399 1882 δέῃ
425 1793 525 1863 τὴν
566 1798 769 1867 σκηνὴν
798 1800 1000 1872 ταύτην
1026 1805 1298 1876 παγῆναι·
1325 1807 1463 1862 ὥστε
1492 1811 1589 1882 τὴν
1618 1813 1694 1866 αὖε

1820 1805 1923 1859 tuit
1969 1808 2380 1862 tabernaculum
2423 1810 2526 1863 hoc
2581 1810 2860 1868 fabricari.
2913 1817 3044 1868 Item
3091 1814 3232 1868 idem
3258 1790 3385 1870 alio

150 1878 253 1951 τὴν,
269 1881 468 1952 τρόπον
489 1883 635 1952 τινὰ,
653 1889 748 1940 κα)⁸
768 1890 1141 1949 ἀκατάσκευον
1163 1899 1258 1951 καὶ
1282 1903 1714 1973 κατεσκευασμέ-

149 1989 236 2066 νην
253 1968 386 2029 εἶναι
405 1992 420 2006 ο
451 1977 532 2047 τῷ
568 1980 666 2048 μὲν
694 1985 1086 2057 προϋπάρχειν,
1112 1991 1379 2058 ἄκτιστον,
1410 1997 1486 2066 τῷ
1516 1997 1572 2051 δὲ
1597 1968 1711 2052 ait-

146 2062 238 2134 κὴν
272 2065 474 2120 ταύτην
517 2069 773 2136 δέξασθαι
825 2074 1100 2147 σύστασιν,
1135 2084 1355 2155 κτιστὴν
1388 2089 1702 2159 γενομένην.

206 2244 347 2338 Τάχα
370 2247 472 2300 οὐκ
497 2248 708 2319 ἀσαφὲς
748 2253 807 2306 τὸ
854 2253 1142 2326 λεγόμενον
1173 2265 1283 2326 τοῖς
1322 2267 1703 2338 παραδοξαμέ-

147 2351 241 2398 νοις
265 2337 504 2407 ἀκριϐῶς
547 2341 608 2393 τὺ
639 2344 738 2412 τῆς
779 2345 1006 2410 πίστεως
1053 2351 1210 2418 ἡμῶν
1259 2358 1571 2425 μυστήριον.
1607 2337 1701 2410 Ἓν

144 2425 237 2516 γάρ
280 2430 422 2482 ἐστιν
467 2433 533 2485 ἐκ
584 2433 818 2497 πάντων,
862 2436 891 2489 ὃ
942 2440 1035 2491 καὶ
1083 2441 1191 2510 πρὸ
1237 2443 1444 2496 αἰώνων
1484 2443 1572 2516 ἦν,
1609 2449 1702 2500 καὶ

144 2515 217 2568 ἐπ’
242 2518 476 2588 ἐσχάτων
508 2522 618 2574 τῶν
646 2524 855 2578 αίῶνων
885 2528 1117 2597 ἐγένετο,
1146 2531 1174 2584 ὃ
1200 2533 1294 2584 τοῦ
1331 2535 1428 2601 μὲν
1451 2515 1701 2604 γενέσθαι

143 2608 383 2674 χρονικῶς
413 2610 514 2662 οὐκ
551 2611 759 2665 ἐδέετο·
793 2614 909 2679 πῶς
960 2618 1070 2689 γὰρ
1118 2619 1178 2673 τὸ
1224 2622 1332 2688 πρὸ
1363 2626 1570 2695 χρόνων
1607 2629 1700 2680 καὶ

144 2695 328 2752 αἰώνων
371 2700 591 2773 δεηθείη
666 2707 923 2777 χρονικῆς
980 2710 1272 2778 γενέσεως;
1322 2714 1390 2766 δι’
1447 2718 1593 2787 ἡμᾶς
1641 2719 1700 2771 δὲ

142 2789 245 2851 τοὺς
270 2787 326 2854 ἐξ
350 2791 609 2856 ἀϐουλίας
635 2794 696 2846 τὺ
720 2791 856 2850 εἶναι
886 2800 1386 2871 παραφθείραντας,
1414 2808 1700 2874 ἀνεδέξατο

140 2875 191 2928 τὸ
218 2878 330 2931 καθ’
357 2883 507 2950 ἡμᾶς
539 2884 812 2951 γενέσθαι,
865 2888 951 2941 ἵνα
992 2891 1053 2942 τὸ
1091 2891 1196 2959 ἔξω
1227 2895 1321 2947 τοῦ
1368 2896 1517 2961 ὄντος
1547 2901 1699 2968 γενό-

142 2980 300 3031 μενον,
340 2970 418 3032 εἰς
470 2970 531 3023 τὸ
578 2970 639 3024 ὃν
685 2974 844 3027 πάλιν
889 2977 1230 3054 ἑπαναγάγῃ.
1263 2984 1432 3038 Τοῦτο
1465 2987 1521 3040 δέ
1551 2991 1697 3043 ἐστιν

138 3054 165 3105 6
191 3058 466 3147 μονογενὴς
494 3061 650 3125 Θεὸς,
689 3065 718 3116 6
761 3067 818 3118 ὲν
860 3067 1008 3138 αὐτῷ
1050 3071 1148 3140 μὲν
1178 3075 1445 3145 περιέχων
1472 3077 1532 3129 τὸ
1566 3082 1692 3147 πᾶν,

1819 1894 1982 1947 modo
2017 1894 2218 1948 factum
2249 1904 2305 1949 et
2334 1911 2440 1949 non
2475 1897 2678 1950 factum
2711 1909 2832 1954 est:
2875 1910 3090 1963 natura,
3123 1900 3176 1953 in
3208 1914 3383 1968 quan-

1818 1989 1931 2036 tum
1967 1991 2092 2038 ante
2125 1985 2323 2038 swcula
2361 1985 2483 2050 fuit,
2527 1986 2829 2042 increatum
2861 1997 2944 2043 est
2979 2007 2991 2042 :
3029 1989 3082 2042 in
3113 1998 3379 2059 quantum

1766 2069 1774 2072 ”
1813 2075 2150 2142 corporalem
2204 2075 2346 2130 hanc
2397 2077 2800 2132 concretionem
2855 2079 3118 2150 suscepit,
3138 2089 3375 2134 creatum

1811 2165 2123 2233 factumque
2155 2170 2261 2218 est.

1879 2254 1990 2309 Nec
2036 2255 2334 2309 obscurum
2371 2265 2456 2311 est
2506 2257 2652 2326 quod
2691 2257 2952 2325 dicimus,
3005 2259 3075 2315 iis
3117 2259 3210 2330 qui
3263 2258 3369 2312 lide

1807 2353 2012 2400 nostra:
2045 2347 2364 2415 mysterium
2389 2348 2868 2416 complectuntur:
2906 2365 3071 2403 unum
3103 2349 3246 2402 enim
3294 2355 3378 2402 est

1805 2450 1868 2488 ex
1914 2435 2170 2489 omnibus
2227 2436 2658 2502 tabernaculum,
2703 2437 2849 2506 quod
2894 2445 2948 2492 et
3009 2447 3134 2492 ante
3179 2437 3376 2491 saecula

1805 2523 1927 2584 fuit,
1959 2533 2013 2580 et
2039 2525 2353 2581 n0vissimis
2374 2529 2712 2596 temporibus
2733 2528 2936 2583 factum
2958 2537 3060 2584 est.
3085 2528 3141 2582 ld
3167 2538 3377 2600 tempo-

1804 2616 1990 2670 raliter
2019 2617 2092 2669 ita
2121 2616 2235 2670 ﬁeri
2263 2632 2370 2670 non
2403 2618 2680 2687 indigebat
2706 2636 2721 2672 :
2748 2619 3026 2688 quomodo
3053 2621 3195 2673 enim
3227 2621 3371 2690 quod

1803 2714 1929 2760 ante
1961 2707 2144 2760 omnia
2174 2715 2291 2761 erat
2322 2716 2586 2778 tempora,
2609 2707 2846 2764 factione
2875 2710 3134 2780 indigebit
3168 2720 3374 2779 tempo-

1797 2794 1938 2849 r‘ali?
1960 2794 2157 2850 Verum
2191 2807 2410 2865 propter
2441 2813 2542 2853 nos
2571 2798 2664 2867 qui
2696 2814 2792 2868 per
2825 2800 3242 2869 imprudentiam
3271 2816 3372 2854 no-

1795 2895 1964 2942 stram
1987 2895 2235 2942 naturam
2252 2904 2698 2957 corruperamus,
2717 2889 2912 2946 similis
2933 2892 3092 2946 nobis
3113 2892 3369 2961 dignatus

1793 2985 1878 3030 est
1911 2976 2046 3043 ﬁeri,
2084 2986 2143 3030 ut
2175 2978 2225 3030 id
2258 2976 2400 3048 quod
2434 2987 2587 3032 extra
2616 2990 2864 3033 naturam
2900 2989 3036 3044 erat,
3081 2997 3270 3036 rursus
3299 2983 3365 3037 ad

1796 3075 2046 3119 naturam
2075 3081 2177 3122 nos
2212 3068 2513 3121 reduceret.
2557 3067 2613 3121 ld
2641 3077 2770 3123 Vero
2798 3079 2879 3124 est
2913 3071 3224 3139 unigenitus
3254 3072 3369 3141 ipse

139 3145 421 3238 πηξάμενος
467 3149 523 3203 δὲ
568 3153 661 3204 καὶ
709 3154 767 3207 ὲν
808 3157 938 3227 ἡμῖν
978 3159 1076 3230 τὴν
1111 3163 1244 3215 ἰδίαν
1279 3168 1502 3238 σκηνήν.
1543 3168 1604 3222 El
1638 3145 1693 3224 δὲ

1804 3157 1959 3221 Deus,
1986 3159 2078 3226 qui
2103 3157 2352 3210 universa
2373 3157 2591 3227 quidem
2627 3160 2870 3214 continet
2895 3161 2946 3214 in
2969 3163 3169 3230 seipso.
3196 3162 3290 3216 sed
3312 3170 3368 3217 et

347 3239 600 3292 τοσοῦτον
662 3243 865 3310 ἀγαθὸν
921 3246 1279 3319 ὀνομάζεται,
1336 3235 1690 3326 ταρασσέσθω

362 3327 727 3400 φιλόχριστος,
755 3333 830 3396 ὡς
861 3321 1420 3414 κατασμικρυνούσης
1433 3347 1492 3398 τὸ
1523 3366 1692 3417 μεγα-

137 3409 258 3509 laetav-
281 3416 376 3485 τῆς
406 3418 624 3486 φύσεως
644 3421 736 3474 τοῦ
762 3423 917 3488 Θεοῦ,
951 3428 1052 3493 τῆς
1077 3409 1401 3504 ἐγκειμένης
1440 3441 1506 3509 τῇ
1523 3409 1689 3505 ’λέξει

139 3499 434 3602 ἐμφάσεωςζ
448 3507 588 3560 Οὐδὲ
617 3509 724 3578 γὰρ
749 3511 874 3602 άλλο
896 3532 948 3569 τι
967 3517 1076 3571 τῶν
1105 3499 1381 3592 ὀνομάτων
1413 3499 1560 3593 ἄξι’ον
1588 3499 1690 3602 τῆς

138 3587 323 3688 (pacato;
343 3593 436 3646 τοῦ
471 3601 871 3670 σημαινομένου
907 3606 1052 3659 ἐστίν
1071 3625 1085 3637 ο
1114 3587 1248 3665 ἀλλὰ
1280 3587 1688 3688 πάντατὸμοίως

135 3678 469 3739 ἀποπέπτωκε
517 3687 622 3758 τῆς
648 3690 912 3780 άκριϐοῦς
963 3700 1254 3767 σημασίας,
1297 3704 1367 3757 τά
1410 3723 1469 3759 τε
1515 3678 1686 3780 μικρά

135 3773 447 3859 νομιζόμενα,
478 3777 575 3828 καὶ
619 3773 700 3840 οἷς
745 3796 797 3832 τι
852 3782 1079 3851 μέγεθος
1123 3790 1408 3859 νοημάτων
1454 3773 1684 3859 ἐξὺπο-

135 3855 318 3928 ὶήψεως
341 3864 617 3935 ἐνορᾶται.
655 3867 795 3922 Ἀλλ’
827 3871 1015 3945 ὥσπερ
1052 3876 1119 3929 τά
1147 3855 1278 3932 ἄλλα
1312 3855 1509 3947 πάντα,
1544 3887 1685 3940 κατά

133 3955 602 4048 τιΙσημαινόμενον,
634 3957 860 4013 ἕκαστον
889 3963 1128 4028 εὐσεϐῶς
1167 3970 1298 4038 πρδς
1337 3971 1560 4040 ἔνδειξιν
1584 3978 1682 4048 τῆς

133 4035 258 4136 θείας
283 4041 561 4112 δυνάμεως
589 4046 824 4113 λέγεται,
861 4046 972 4104 οἷον
1015 4056 1042 4106 6
1087 4035 1284 4126 ἰατρδς,
1322 4063 1350 4112 6
1404 4035 1680 4136 nat'phv,'6

133 4124 530 4227 θπερασπιστὴς,
563 4138 592 4189 6
643 4137 824 4210 ἄρτος,
879 4144 906 4194 6
953 4124 1201 4213 ἄγγελος,
1259 4151 1291 4220 ἡ
1339 4124 1676 4227 ἄμπεᾷοὲονή

131 4216 308 4319 δδξςεή
341 4223 497 4296 θύρα,
535 4229 568 4297 ἡ
615 4231 768 4301 μονὴ,
814 4231 874 4284 τὸ
903 4231 1064 4305 ὕδωρ,
1108 4238 1140 4308 ή
1187 4216 1450 4315 πέέραζὴ
1502 4216 1673 4319 aa:

1793 3245 1846 3298 in
1887 3245 2046 3299 nobis
2081 3245 2494 3300 tabernaculum
2531 3262 2690 3300 suum
2717 3246 3029 3303 fabricatus.
3048 3260 3153 3304 est.
3195 3250 3366 3305 Nemo

1793 3346 1971 3389 autem
2017 3351 2081 3389 ex
2131 3336 2462 3391 zelatoribus
2499 3335 2703 3391 Christi
2739 3339 3118 3404 conturbelur,
3155 3342 3201 3395 si
3242 3350 3364 3396 tan-

1791 3433 1899 3476 tam
1943 3439 2082 3492 rem,
2131 3427 2544 3481 tabernaculum
2581 3428 2956 3497 appellamus,
3010 3433 3165 3501 quasi
3199 3434 3361 3499 quid-

1789 3531 1952 3584 quam
1998 3515 2316 3570 detrahatur
2344 3517 2542 3571 divinae
2588 3528 2798 3573 natura:
2851 3532 3069 3590 propter
3110 3524 3358 3578 vocabuli

1788 3608 2101 3662 vilitatem:
2137 3623 2237 3662 nec
2265 3609 2410 3661 enim
2461 3623 2701 3678 unquam
2750 3611 2976 3680 dignum
3025 3614 3116 3666 illa
3157 3623 3355 3670 natura

1786 3699 2010 3752 verbum
2047 3699 2374 3754 invenietur.
2403 3698 2534 3752 Nam
2569 3717 2689 3768 qua;
2726 3702 2794 3755 ab
2820 3703 3131 3759 hominibus
3173 3709 3356 3776 prol'e-
3437 3734 3446 3745 ι

1784 3800 2001 3857 runtur,
2037 3792 2323 3861 aequaliter
2361 3810 2390 3848 a
2422 3796 2780 3865 signiﬁcanda
2814 3799 2902 3850 illa
2946 3811 3139 3854 natura
3170 3805 3354 3857 omnia

1785 3881 2010 3936 distant.
2048 3883 2151 3936 Sed
2183 3892 2378 3938 caetera
2419 3901 2539 3956 qua:
2585 3886 2652 3940 de
2696 3887 2805 3942 Deo
2843 3890 3120 3950 dicuntur.
3155 3893 3242 3962 pie
3285 3896 3352 3949 ad

1781 3977 2158 4030 ostentandam
2183 3979 2418 4031 divinam
2443 3981 2734 4053 quamdam
2757 3985 3008 4038 virtutem
3038 3987 3352 4054 capiuntur,

1783 4077 1840 4116 ut
1870 4065 2132 4128 medicus,
2169 4075 2376 4134 pastor,
2419 4076 2713 4136 protector,
2759 4073 2938 4139 panis,
2997 4077 3242 4143 angelus,
3271 4075 3352 4128 vi-

1780 4155 1873 4218 tis,
1908 4156 2012 4218 via,
2037 4156 2226 4224 janua,
2280 4159 2515 4224 mansio,
2553 4175 2717 4230 aqua,
2750 4163 2907 4230 lapis,
2946 4163 3090 4225 fons,
3136 4167 3351 4234 aliaque

1777 4247 2089 4316 hujusmodi
2122 4266 2134 4300 :
2167 4249 2247 4303 sic
2279 4259 2648 4306 consentanea
2678 4255 2911 4321 quadam
2946 4254 3348 4322 signiﬁcatione

132 4309 208 4360 καὶ
228 4311 319 4366 ὅσα
355 4315 491 4370 ἄλλα
529 4319 658 4390 περὶ
699 4321 862 4374 αὑτοῦ
913 4322 1124 4393 λέγεται
1146 4344 1157 4356 '
1193 4309 1353 4397 οὕτω,
1385 4337 1525 4388 κατά
1555 4309 1674 4392 τινα

132 4395 169 4414 ἢν
313 4392 321 4399 ’
343 4403 368 4414 ο
618 4409 629 4414 -
839 4413 846 4414 ί
946 4413 953 4414 ’

1804 4339 2186 4394 abernaculum
2227 4357 2447 4410 quoque
2488 4343 2743 4397 dicimus.
2774 4342 2962 4398 Virtus
3009 4347 3176 4407 enim,
3222 4364 3344 4414 qua:

131 4395 377 4507 θεοπρεπῆ
420 4409 716 4507 σημασίαν,
766 4413 860 4464 καὶ
888 4413 964 4484 τῷ
997 4416 1095 4485 τῆς
1142 4395 1346 4490 σκηνῆς,
1376 4430 1674 4496 κατονομά-

1804 4434 1960 4485 ιηιηὶο
2001 4434 2268 4497 continet,
2308 4434 2360 4487 in
2413 4451 2519 4504 qua
2554 4435 2808 4489 universa
2854 4436 3074 4492 deitatis
3112 4439 3344 4507 plenitu-

129 4485 254 4548 ζεται
289 4495 509 4597 ῥηματι.
555 4498 617 4550 Ἡ
647 4499 755 4570 γὰρ
799 4505 1117 4578 περιεκτικὴ
1157 4485 1265 4561 τῶν
1299 4485 1476 4566 -δντων
1499 4485 1671 4597 Χδύνα-

2012 4485 2056 4487 ἡ-
2419 4485 2519 4504 τη--
2752 4485 2808 4489 η
2861 4485 3073 4492 --η-η-
3112 4485 3313 4507 ,,-,--.-_

1804 4524 1847 4575 lo
1883 4523 2168 4586 inhabitat,
2206 4539 2329 4577 cum
2357 4540 2646 4579 commune
2672 4525 2722 4579 id
2746 4528 2987 4581 omnium
3013 4536 3212 4583 tectum
3245 4531 3338 4593 sit,

130 4579 360 4690 pw.‘évﬁ
388 4592 630 4643 κατοικεί
669 4593 777 4644 πᾶν
800 4593 861 4645 τὸ
888 4594 1158 4678 πλήρωμα
1191 4602 1289 4670 τῆς
1326 4581 1595 4676 θεότηέος,
1633 4611 1666 4682 ἡ

1810 4629 2008 4683 umque
2037 4615 2291 4669 universa
2323 4616 2375 4668 in
2407 4617 2527 4685 ipso
2557 4617 2849 4681 contineat,
2879 4635 2987 4672 non
3019 4621 3217 4690 injuria
3264 4630 3342 4676 ta-

127 4671 256 4772 κοινὴ
296 4675 384 4729 τοῦ
433 4681 633 4744 παντὸς
672 4684 868 4755 σκέπη,
913 4687 942 4738 6
987 4689 1044 4740 ἐν
1086 4675 1235 4761 αὐτῷ
1274 4692 1336 4746 τὸ
1378 4671 1483 4751 πᾶν
1521 4671 1668 4772 mich

1771 4705 2125 4759 bernaculum
2155 4715 2523 4775 nuncupatur.
2548 4706 2774 4776 Oportet
2801 4718 2980 4763 autem
3011 4721 3066 4764 ut
3092 4713 3330 4766 taberna-

126 4756 273 4867 έχων,
325 4767 492 4867 σκηνη
545 4770 744 4841 κυρίως
805 4756 1253 4845 κατονομάζεται.
1315 4783 1552 4857 Ἀνάγκη
1593 4756 1665 4842 ’δὲ

2155 4756 2290 4758 _-
2313 4756 2322 4758 ρ
2345 4756 2522 4775 Γπ--
2556 4756 2772 4776 -r-_---
2802 4756 2980 4763 πη---
3093 4756 3314 4766 -----.....

1808 4796 1877 4850 uli
1941 4797 2080 4850 visio
2126 4798 2357 4867 mystico
2400 4798 2752 4853 tabernaculo
2788 4800 2869 4854 sic
2908 4803 3229 4865 conveniat,
3279 4814 3328 4855 tu

127 4849 398 4963 πρόσμορον
440 4854 576 4912 εἶναι
612 4861 690 4932 τῷ
732 4863 956 4934 ὀνόματι
994 4868 1093 4939 τὴν
1124 4870 1407 4939 ὀπτασίαν,
1434 4849 1665 4933 έκάστου

1804 4886 1976 4955 iugula
2024 4849 2202 4956 ipsius
2224 4849 2309 4940 vadi
3052 4849 3333 4963 tinysterio

126 4937 214 5035 τῶν
233 4942 489 5012 ὀφθέντων
512 4951 647 5022 πρός
681 4969 800 5006 τινα
826 4937 1157 5026 θεοπρεποῦς
1180 4937 1497 5035 ὑπολήψεως
1526 4971 1662 5023 θεω-

1761 4991 1863 5031 nos
1911 4977 2185 5031 deducant
2232 4978 2278 5010 "
2349 4978 2422 5032 Ac
2474 4980 2729 5048 quoniam
2781 4981 3000 5036 divinus
3039 4983 3332 5052 Apostolus

126 5028 226 5095 ρίαν
251 5042 716 5108 χειραγωγοῦντος.
763 5046 913 5100 Ἐπεὶ
954 5045 1044 5102 οὖν
1075 5052 1104 5103 6
1134 5052 1306 5122 μέγας
1337 5028 1664 5127 τ’Ᾰπόστολος

1840 5028 1858 5031 -
2350 5028 2419 5032 ,η
2479 5028 2729 5048 -,_.----_---
2784 5028 2999 5036 -..--...-
3039 5028 3325 5052 --τη-νη..

1804 5069 2027 5122 isionem
2064 5067 2179 5136 ipse
2212 5083 2430 5138 quoque
2474 5071 2642 5124 totius
2674 5071 3007 5127 tabernaculi
3061 5089 3325 5130 consecu-

125 5128 485 5231 X'a‘tattéfa‘ctta
527 5134 626 5204 τῆς
674 5138 825 5190 κάτω
880 5142 1084 5212 σκηνῆς
1133 5143 1226 5215 τὴν
1272 5147 1448 5218 σάρκα
1495 5153 1660 5222 φησὶν

1804 5172 1876 5220 is,
1917 5173 2042 5210 cutn
2083 5128 2143 5210 in
2194 5128 2506 5214 caelestibus
2540 5159 2718 5229 adytis
2773 5177 2868 5230 per
2919 5163 3169 5231 spiritum
3210 5128 3326 5220 sibi

125 5205 270 5266 εἶναι’
297 5217 382 5273 διὰ
398 5221 457 5275 τὸ
482 5225 547 5276 ὲκ
575 5228 852 5291 ποικίλων,
875 5226 1048 5299 οἶμαι,
1071 5232 1179 5286 τῶν
1205 5237 1486 5308 τεσσάρων
1515 5205 1658 5296 στοι-

125 5300 256 5369 χείων
277 5307 411 5379 ἔχειν
437 5314 534 5384 τὴν
571 5315 823 5370 σύστασιν
844 5335 858 5349 ⁸
912 5321 1052 5391 τάχα
1089 5324 1182 5378 καὶ
1214 5300 1462 5390 αὑτὸς-ὲν
1488 5333 1655 5386 ὀπτα-

1763 5251 2019 5321 mysteria
2055 5248 2290 5319 paradisi
2334 5250 2569 5302 revelata
2619 5251 2728 5304 sint
2754 5253 2845 5316 ⁸¹⁶,
2891 5254 3155 5308 cortinam
3190 5257 3327 5312 infe-

1761 5341 1924 5396 rioris
1951 5338 2285 5395 tabernaculi
2315 5352 2535 5392 carnem
2562 5338 2767 5394 Christi
2792 5357 2914 5397 esse
2941 5343 3017 5397 ait
3046 5363 3058 5398 :
3082 5355 3326 5415 propter-

127 5391 200 5460 ui}
237 5399 325 5468 τῆς
365 5405 565 5474 σκηνῆς
607 5407 922 5479 γενόμενος,
975 5415 1032 5466 ἐν
1083 5418 1193 5479 τοῖς
1247 5417 1653 5493 ὕπερουρανίοις

1818 5391 1920 5395 π-
2197 5391 2200 5392 ν
2574 5391 2587 5393 -
2797 5391 2912 5397 --η
3046 5391 3289 5415 ..ν-...ην

1804 5449 1819 5487 ι
1859 5429 2002 5502 quod
2054 5443 2121 5484 ex
2169 5427 2425 5491 diversis,
2496 5427 2710 5498 opinor,
2767 5441 2996 5500 quatuor
3039 5436 3319 5498 clementis

212 5601 431 5667 “1cm,
465 5630 574 5682 ιιν,
607 5618 662 5686 2.
738 5619 778 5652 ⁸⁸
813 5621 974 5683 llebr.
1006 5643 1080 5696 ix,
1107 5631 1140 5685 2
1168 5648 1286 5704 sqq.

1399 5635 1462 5668 "‘
1490 5635 1532 5691 ll
1559 5636 1682 5693 Cor.
1711 5593 1808 5704 xu,
1832 5637 1884 5692 ι.
