3756 5988
379 241 485 298 585

1621 237 1678 294 S.
1724 234 2049 291 GREGORII
2094 235 2384 292 NYSSENI

3544 229 3649 283 δει

377 358 681 427 composita
711 369 828 414 est:
866 372 974 412 non
1010 356 1116 412 erit
1150 356 1387 412 alienum
1418 355 1486 411 ad
1516 354 1655 410 hanc
1701 353 1958 424 apostoli-

2134 355 2296 420 ύτοις,
2327 347 2372 423 ᾧ
2407 352 2500 406 διὰ
2540 352 2633 406 τοῦ
2686 351 2993 420 πνεύματος
3043 345 3401 415 ἀπεκαλόςθη
3449 344 3517 397 τὰ
3552 344 3648 396 τοῦ

377 465 498 507 cam
537 452 698 506 unius
731 451 902 521 partis
931 449 1326 520 expositionem
1368 446 1746 517 respicientes,
1785 453 1955 500 totam

376 542 448 597 de
476 541 832 595 tabernaculo
861 547 1106 595 nostram
1146 538 1470 594 sententiam
1514 536 1807 606 explicare.
1840 534 1957 589 Fiet

379 642 560 687 autem
587 633 744 687 nobis
776 647 870 702 per
890 631 1064 701 ipsius
1093 629 1341 700 Apostoli
1366 629 1532 683 verba
1565 628 1619 680 in
1654 626 1958 695 intelligen-

380 727 455 778 tia
485 727 832 795 aenigmatum
861 723 1196 777 tabernaculi
1218 720 1429 775 facilior
1453 719 1633 774 aditus
1664 737 1678 773 :
1713 720 1787 773 ait
1811 720 1954 773 enim

379 816 451 871 de
480 815 787 888 Unigt-nito,
829 830 992 884 quem
1024 814 1248 868 nomine
1280 812 1619 866 tabernaculi
1653 811 1955 879 nuncupari

381 908 640 969 diximus,
671 911 797 978 quia
831 907 886 960 in
918 921 984 961 eo
1014 915 1196 961 creata
1237 912 1365 959 sunt
1395 903 1599 967 omnia,
1637 903 1873 957 visibilia
1905 914 1958 955 et

381 998 696 1062 invisibilia,
751 998 868 1055 sive
909 997 1119 1059 throni,
1166 997 1280 1051 sive
1309 1002 1630 1064 potestates,
1661 994 1777 1048 sive
1805 994 1957 1062 prin-

379 1092 620 1162 cipatus,
652 1092 768 1146 sive
797 1089 1220 1153 dominationes,
1249 1088 1363 1142 sive
1396 1085 1626 1141 virtutes
1648 1085 1718 1138 ".

451 1275 600 1341 Quas
630 1274 701 1329 ob
739 1288 830 1328 res
860 1273 1127 1328 columna:
1166 1280 1392 1342 argento
1425 1279 1586 1340 atque
1617 1283 1752 1324 auro
1792 1268 1961 1323 reful-

382 1378 594 1440 gentes,
629 1374 684 1420 et
721 1375 923 1430 vectes,
965 1379 1029 1418 ac
1054 1365 1263 1426 annuli,
1305 1364 1570 1419 cherubin
1602 1378 1818 1432 quoque
1847 1362 1958 1426 illa,

382 1473 504 1529 quae
544 1457 661 1512 suis
698 1469 880 1509 arcam
909 1459 1209 1524 contegunt
1251 1453 1376 1515 alis,
1421 1459 1723 1521 creti-raque
1753 1451 1958 1517 oniuia,

382 1564 506 1620 qua:
554 1547 622 1601 ad
664 1543 1045 1602 sustinendum
1080 1543 1592 1613 contegendumque
1638 1541 1963 1596 tabernaru-

382 1642 496 1695 lum
524 1639 936 1700 describuntur,
967 1637 1012 1691 si
1045 1636 1169 1704 quis
1198 1635 1263 1690 ad
1298 1635 1554 1704 superius
1586 1633 1829 1702 respicit,
1862 1647 1962 1687 an-

2060 445 2388 515 παραδείσου
2447 444 2756 515 μυστήριαο
2811 441 2992 502 καλῶς
3043 439 3109 491 ἂν
3164 437 3277 507 ἔχοι
3322 438 3388 506 τῇ
3451 439 3647 505 μερικῇ

2059 537 2422 606 προσέχοντας
2459 535 2750 607 ἑρμηνείᾳ,
2788 537 2967 587 πᾶσαν
3000 530 3097 601 τὴν
3144 531 3241 599 τῆς
3281 528 3492 597 σκηνῆς
3519 527 3650 580 θεω-

2063 629 2181 699 ρίαν
2243 628 2603 698 συναρμόζειν
2658 626 2736 694 τῷ
2800 624 2976 695 μέρει.
3035 622 3249 673 Γένοιτο
3299 618 3343 672 δ’
3388 619 3457 672 ἂν
3498 620 3650 688 ἡμῖν,

2056 720 2122 772 δι’
2171 719 2351 772 αὐτῶν
2397 718 2504 771 τῶν
2551 714 2647 770 τοῦ
2704 713 3028 768 Ἀποστὸλου
3074 712 3268 777 λόγων,
3318 711 3350 777 ή
3401 708 3512 759 τῶν
3550 707 3651 776 τῆς

2059 811 2265 880 σκηνῆς
2309 808 2647 879 αἰνιγμάτων
2698 809 2984 876 σαφήνεια.
3031 802 3168 872 Φησὶ
3213 803 3323 870 γάρ
3376 817 3480 852 που
3521 805 3651 867 περὶ

2057 900 2150 954 τοῦ
2181 899 2540 968 Μονογενοῦς,
2570 899 2631 951 ὃν
2658 898 2780 951 ἀντὶ
2807 896 2905 965 τῆς
2935 893 3139 962 σκηνῆς
3190 891 3539 959 νενοήκαμεν,
3566 889 3651 939 ὅτι

2060 997 2118 1045 ὲν
2157 991 2305 1062 αὐτῷ
2341 990 2562 1059 ἐκτίσθη
2616 990 2685 1042 τὰ
2729 987 2945 1049 πάντα,
3000 984 3069 1036 τὰ
3114 983 3287 1053 ὁρατά
3330 996 3390 1031 τε
3446 978 3537 1031 καὶ
3584 978 3654 1029 τὰ

2063 1084 2288 1153 ἀόρατα,
2333 1082 2441 1135 εἴτε
2485 1082 2684 1153 θρόνοι,
2720 1078 2829 1132 εἴτε
2869 1075 3130 1141 ἐξουσίαι,
3166 1071 3276 1124 εἴτε
3323 1071 3511 1142 ἀρχαὶ,
3544 1066 3651 1120 εἴτε

2067 1175 2399 1245 κυριότητες,
2448 1172 2557 1224 εἴτε
2601 1170 2877 1239 δυνάμεις.

2134 1266 2342 1319 Οὐκοῦν
2394 1263 2575 1317 στύλοι
2617 1259 3090 1333 ἀργυρολαμπεῖς.
3145 1255 3240 1308 καὶ
3288 1253 3652 1325 χρυσήλατοι,

2063 1359 2158 1412 καὶ
2207 1358 2533 1426 ἀναφορεῖς,
2601 1354 2697 1407 καὶ⁸
2751 1349 3027 1405 δακτύλιοι
3051 1387 3065 1410 ,
3127 1347 3227 1400 καῖ
3275 1345 3346 1397 τὰ
3394 1343 3658 1415 χερουϐὶμ

2064 1452 2274 1510 ἐκεῖνα,
2319 1449 2389 1500 τὰ
2430 1449 2551 1509 ταῖς
2580 1442 2806 1514 πτέρυξι
2837 1440 2935 1511 τὴν
2965 1438 3195 1493 κιϐωτὸν
3228 1437 3654 1506 ὲπικρύπτοντα,

2066 1541 2158 1594 καὶ
2188 1539 2356 1592 τᾶλλα
2393 1538 2591 1595 πάντα,
2624 1537 2723 1588 ὅσα
2752 1537 2783 1605 ἠ
2825 1533 2930 1602 τῆς
2958 1529 3336 1600 σκηνοπηγίας
3366 1527 3656 1597 ὑπογραφὴ

2065 1631 2328 1701 περιέχει,
2367 1631 2414 1681 εἱ
2452 1629 2549 1697 μέν
2578 1644 2662 1690 τις
2699 1625 2833 1696 πρὸς
2864 1623 2932 1676 τὰ
2967 1622 3077 1675 ἅνω
3113 1621 3297 1690 βλέποι
3322 1618 3564 1677 σκοπῶν,
3602 1617 3657 1667 αἱ

383 1734 629 1803 gelorum
660 1741 745 1786 est
778 1729 1072 1783 tuultitudu
1104 1729 1160 1781 in
1190 1702 1546 1782 tabernaculo
1574 1727 1694 1796 ipso
1727 1741 1961 1796 conspe-

2134 1724 2428 1794 ;ερκὸσμιοι
2480 1721 2737 1788 δυνάμεις
2778 1716 2932 1778 εἰσὶν,
2978 1714 3033 1766 αἱ
3087 1712 3144 1763 ἐν
3192 1712 3258 1780 τῇ
3316 1709 3490 1776 σκηνῇ
3524 1706 3658 1758 θεω-

382 1831 623 1889 cta,qua
664 1833 928 1888 corporea
978 1818 1093 1872 hzec
1141 1819 1441 1873 secundmu
1485 1816 1579 1872 Dei
1630 1818 1961 1874 voluntatem

384 1913 736 1968 sustinentur
767 1920 930 1981 atque
965 1919 1243 1980 teguntur.
1280 1911 1335 1963 ln
1386 1910 1478 1964 illo
1516 1910 1661 1964 enim
1715 1910 1966 1963 taberna—

384 2007 512 2060 culo
540 2004 656 2058 veri
689 2011 872 2058 vectes
906 2002 1083 2056 nostri
1133 2011 1185 2055 et
1219 2002 1466 2054 habitant
1499 2009 1549 2055 et
1598 2007 1746 2065 sunt,
1774 2000 1864 2070 qui
1897 1999 1965 2051 ad

385 2095 754 2152 ministerium
804 2094 1100 2147 mittuntur
1129 2100 1352 2161 propter
1386 2091 1596 2145 futuros
1630 2091 1827 2165 salutis
1858 2091 1967 2143 hzea

388 2187 569 2248 redes,
603 2186 696 2253 qui
728 2183 890 2239 sicuti
936 2182 1159 2251 quidam
1192 2180 1378 2234 annuli
1420 2181 1473 2233 in
1509 2182 1723 2233 animos
1753 2180 1967 2234 salvan-

386 2277 583 2332 dorum
634 2276 1026 2337 immittuntur,
1080 2273 1149 2328 ad
1195 2272 1587 2328 sublimitatem
1631 2271 1849 2325 virtutis
1899 2271 1966 2323 ad

388 2377 592 2424 terram
636 2367 881 2438 dejectos
927 2367 1225 2422 elevantes.
1285 2363 1440 2418 lluuc
1489 2370 1670 2417 autem
1719 2363 1965 2416 altiorem

388 2476 510 2515 esse
532 2476 751 2515 sensum
774 2458 1153 2531 Seripturtein
1185 2457 1287 2510 hoc
1318 2456 1458 2521 loco,
1483 2456 1607 2509 inde
1629 2463 1795 2523 patet,
1822 2455 1966 2524 quod

386 2552 657 2608 cherubin
701 2552 790 2605 illa
829 2551 1136 2605 materialia
1184 2550 1302 2605 suis
1336 2548 1440 2602 alis
1485 2549 1739 2617 tegebant
1769 2555 1969 2617 my~te-

390 2646 497 2709 ria,
535 2660 656 2714 quae
688 2644 740 2696 in
775 2657 901 2697 arca
925 2649 1103 2704 erant,
1140 2648 1200 2694 ut
1235 2640 1412 2694 littera
1439 2638 1593 2693 dicit.
1619 2637 1753 2692 Nam
1788 2639 1838 2693 id
1873 2654 1972 2691 no-

386 2752 518 2791 men
559 2736 622 2792 iis
680 2733 888 2805 angelis
929 2733 1272 2795 attribuitur,
1322 2740 1381 2786 ut
1416 2731 1583 2785 Isaias
1626 2738 1679 2786 et
1722 2729 1969 2784 Ezechiel

388 2830 571 2892 aiunt,
612 2828 707 2899 qui
754 2829 900 2883 circa
939 2827 1179 2881 divinam
1208 2825 1544 2895 majestatem
1581 2826 1968 2897 inspiciuntur.

395 2921 534 2973 Area
570 2935 701 2974 vero
733 2919 956 2973 foederis
987 2918 1088 2971 alis
1123 2919 1364 2987 ipsorum
1405 2916 1668 2971 cherubin
1700 2925 1969 2981 contecta,

2071 1815 2325 1885 ρούμεναι
2327 1854 2356 1893 1,
2414 1814 2469 1866 αἱ
2517 1811 2656 1863 κατὰ
2694 1808 2846 1860 θείαν
2883 1804 3134 1876 βούλησιν
3169 1801 3232 1853 τὸ
3276 1800 3384 1852 πᾶν
3440 1798 3658 1865 ὑπερεί·

2065 1909 2269 1968 δουσαι.
2328 1889 2560 1956 Ἐκεῖνοι
2606 1898 2850 1969 ἀληθινοὶ
2904 1895 3197 1963 ἀναφορεῖς
3243 1890 3421 1959 ἡμῶν,
3478 1889 3528 1938 οξ
3578 1889 3659 1947 είς

2065 1997 2341 2052 διακονίαν
2384 1992 2835 2061 ἀναστελλόμενοι
2877 1987 2983 2057 διὰ]
3008 1986 3133 2047 τοὺς
3180 1982 3473 2053 μέλλοντας
3527 1979 3657 2047 κληο

2069 2094 2316 2164 ρονομεῖν
2357 2087 2647 2158 σωτηρίαν,
2699 2087 2747 2137 οἱ
2783 2082 3034 2150 καθάπερ
3060 2074 3363 2136 δακτυλίοις
3393 2072 3507 2124 τισὶ
3539 2074 3660 2132 ταῖς

2066 2185 2261 2256 ψυχαῖς
2291 2182 2447 2256 ἡμῶν
2494 2178 2826 2247 ὲνειρόμενοι
2879 2172 2989 2224 τῶν
3041 2166 3387 2236 σωζομένων,
3423 2164 3490 2215 δι’
3537 2164 3660 2214 ἐαυ-

2066 2254 2175 2329 τῶν
2206 2274 2340 2345 πρὸς
2367 2254 2441 2324 τὸ»
2460 2270 2591 2339 ὕψος
2622 2269 2720 2338 τῆς
2751 2267 2952 2335 ἀρετῆς
2978 2262 3103 2324 τοὺς
3133 2257 3417 2328 κειμένους
3443 2257 3539 2308 ἐπὶ
3566 2256 3661 2323 τῆς

2068 2368 2170 2437 γῆς
2218 2364 2600 2434 ἀναφέροντες.
2635 2356 2914 2427 Χερουϐὶμ
2955 2353 3013 2406 δὲ
3048 2350 3215 2404 εἰπὼν
3240 2351 3269 2401 ὀ
3301 2348 3459 2417 λόγος
3490 2362 3659 2400 κατα-

2070 2456 2410 2510 καλύπτοντα
2444 2452 2564 2513 ταῖς
2613 2444 2838 2516 πτέρυξι
2886 2442 2955 2496 τὰ
3002 2440 3298 2509 ὲγκείμενα
3333 2439 3400 2507 τῇ
3445 2433 3662 2503 κιϐωτῷ

2070 2552 2167 2619 τῆς
2226 2546 2490 2617 διαθήκης
2544 2541 2839 2612 μυστήρια,
2894 2534 3099 2605 βεϐαιοῖ
3147 2530 3242 2602 τὴν
3307 2528 3664 2619 ἀποδοθεῖσαν

2072 2618 2201 2706 ἡμῖν
2228 2633 2379 2704 παρὰ
2411 2632 2509 2702 τῆς
2541 2627 2745 2698 σκηνῆς
2776 2624 3026 2694 θεωρίαν.
3059 2622 3132 2673 Τὸ
3163 2620 3271 2690 γὰρ
3299 2618 3472 2687 ὄνομα
3506 2618 3665 2670 τοῦτο

2044 2712 2179 2779 *τῶν
2219 2726 2348 2795 περὶ
2393 2724 2493 2792 τὴν
2542 2720 2693 2774 θείαν
2745 2716 2908 2783 φύσιν
2957 2712 3347 2784 θεωρουμένων
3383 2710 3664 2777 δυνάμεων

2078 2818 2495 2891 μεμαθήκαμεν,
2521 2814 2586 2876 ἃς
2615 2814 2643 2866 ὁ
2682 2809 2908 2870 Ἡσαΐας
2940 2808 3033 2860 καὶ
3065 2807 3092 2858 ὁ
3121 2802 3380 2874 Ἰεζεκιὴλ
3408 2802 3666 2871 κατειόηο

2078 2927 2199 2963 σαν.
2240 2909 2304 2960 'H
2335 2908 2392 2959 δὲ
2420 2903 2651 2966 κιϐωτὸς
2677 2901 2774 2971 τῆς
2809 2898 3091 2968 διαθήκης,
3122 2892 3517 2963 κεκαλυμμένη
3548 2894 3663 2952 ταῖς

396 3010 487 3064 hic
518 3010 648 3063 illud
679 3009 900 3074 dicitur,
936 3008 1082 3077 quod
1124 2983 1267 3076 apud
1307 3008 1501 3062 Isaiam
1535 3006 1669 3060 facie
1696 3006 1963 3076 significa-

2134 2998 2324 3072 τέρυξι,
2374 2998 2447 3068 μὴ
2494 2994 2747 3060 ξενιζέτω
2798 2992 2893 3061 τὴν
2942 2989 3141 3059 ἁκοήψ
3198 2986 3293 3038 καὶ
3340 2984 3450 3055 γὰρ
3497 2985 3557 3035 ὲν
3592 2983 3667 3052 τῷ

398 3110 509 3155 tur.
544 3100 677 3154 Nam
721 3110 779 3155 ut
809 3115 935 3154 arca
969 3100 1077 3163 hic,
1111 3100 1185 3152 ita
1218 3099 1290 3153 ibi
1328 3098 1496 3153 facies
1532 3099 1842 3153 cherubieis
1871 3099 1974 3153 alis

394 3191 612 3262 contegi
639 3189 959 3244 affirmatur.
992 3188 1171 3243 Unum
1204 3191 1368 3259 igitur
1400 3193 1466 3244 ab
1499 3192 1746 3261 utrisque
1771 3192 1974 3261 signiti-

397 3285 515 3339 cari
562 3299 669 3338 non
713 3283 1054 3337 dubitamus.
1090 3282 1316 3336 Videtur
1364 3292 1544 3337 autem
1588 3283 1718 3336 mihi
1771 3283 1978 3337 incom-
2015 3320 2021 3327 .

401 3375 765 3448 prchcusibile
793 3375 957 3443 hujus
985 3373 1398 3443 spcculationis,
1441 3389 1560 3443 qua:
1589 3373 1658 3428 de
1692 3373 1980 3427 inelfabili-

403 3470 505 3524 bus
533 3477 638 3532 est,
672 3467 1015 3537 a-nigmatice
1044 3465 1366 3537 signiﬁcari.
1407 3466 1541 3521 Cum
1572 3480 1702 3520 vero
1735 3466 1802 3519 de
1833 3466 1981 3535 lych-

402 3561 511 3622 nis.
545 3558 595 3613 id
629 3565 734 3626 est,
756 3558 997 3612 lucernis
1016 3557 1194 3622 audis,
1216 3555 1360 3626 quod
1394 3564 1602 3624 septem
1630 3553 1891 3625 partito"
1915 3570 1981 3608 ex

405 3667 512 3705 una
537 3649 653 3705 basi
681 3664 745 3704 ac
772 3648 957 3703 radice
985 3648 1298 3702 candelabri
1322 3645 1792 3707 sustentabantur,
1816 3652 1873 3696 ut
1895 3644 1984 3697 lux

405 3744 749 3797 abundanter
797 3740 1038 3809 undique
1089 3739 1414 3808 perluceret,
1456 3737 1581 3805 jure
1624 3734 1985 3789 multiformes

405 3838 634 3907 spiritus
661 3834 898 3905 fulgores
926 3834 982 3886 in
1009 3832 1110 3885 hoc
1141 3831 1494 3886 tabernaculo
1510 3826 1988 3899 perfulgereinlel-

407 3929 580 3998 liges;
616 3935 821 3995 septem
860 3924 1061 3993 partito
1081 3921 1129 3953 “
1165 3922 1310 3976 enim
1351 3920 1579 3990 spiritus
1615 3920 1797 3973 radios
1825 3919 1985 3972 etiam

410 4018 580 4072 Isaias
617 4015 851 4085 partitus
895 4022 998 4068 est.
1042 4011 1490 4081 Propitiatorium
1520 4019 1702 4064 autem
1733 4010 1862 4079 quid
1896 4010 1985 4071 sit,

409 4125 518 4164 non
550 4125 690 4180 Opus
718 4107 1063 4178 expositione
1093 4105 1203 4158 ulla
1234 4115 1293 4159 ut
1322 4103 1677 4172 intelligatur,
1701 4117 1824 4155 cum
1850 4100 1992 4171 Apo-

410 4200 585 4255 stolus
608 4196 661 4253 id
688 4197 1024 4262 enodaverit,
1056 4195 1148 4264 qui
1180 4193 1252 4247 ait
1283 4212 1296 4246 :
1331 4211 1349 4244 ι
1371 4207 1530 4262 quem
1560 4191 1865 4245 animarum
1893 4206 1992 4244 no-

411 4304 648 4350 strarum
693 4287 1127 4360 propitiatoriutn
1164 4285 1469 4356 proposuit.
1511 4302 1530 4335 ι
1567 4283 1751 4336 Altare
1781 4297 1906 4336 veto
1939 4289 1991 4336 et

2090 3094 2287 3163 Ἡσαΐᾳ
2317 3090 2378 3143 τὸ
2416 3089 2600 3158 ὅμοιον
2650 3084 2765 3137 ἐστι
2817 3082 3030 3152 μαθεῖν,
3081 3081 3139 3131 ὲν
3184 3076 3467 3144 αἰνίγματι
3518 3074 3667 3142 παρά

2077 3184 2171 3237 τοῦ
2221 3159 2503 3252 προφήτου
2554 3175 2683 3246 περὶ
2729 3172 2839 3226 τῶν
2885 3169 3171 3241 πτερύγων
3214 3165 3539 3235 λεγόμενονο
3569 3159 3669 3216 ὅδε

2083 3276 2179 3345 μὲν
2205 3276 2237 3344 ή
2264 3271 2517 3333 κιϐωτὸς,
2550 3269 2666 3322 ἐκεῖ
2702 3266 2757 3319 δὲ
2795 3263 3105 3335 πρόσωπον,
3135 3259 3210 3322 ὡς
3240 3259 3358 3320 ἑνὸς
3385 3257 3540 3321 ὄντος
3581 3254 3669 3307 τοῦ

2081 3367 2137 3418 ὲν
2171 3364 2499 3434 ἀμφοτέροις
2529 3357 2838 3428 νοουμένου,
2875 3356 3012 3423 ὅπερ
3064 3369 3152 3421 μοι
3194 3348 3431 3402 δοκεῖτὸ
3463 3345 3670 3399 ἀκατά-

2082 3455 2284 3524 ληπτον
2333 3453 2432 3521 τῆς
2477 3450 2585 3502 τῶν
2642 3446 2968 3517 ἀπορρήτων
3020 3440 3249 3511 θεωρίας
3305 3437 3666 3491 αἰνίσσεσθαι.

2083 3548 2202 3601 Κᾶν
2241 3545 2369 3615 περὶ
2411 3543 2620 3612 λύχνων
2657 3537 2894 3607 ἀκούσῃς
2945 3530 3279 3600 πολυσχιδᾶη
3322 3533 3387 3582 ὲκ
3420 3530 3553 3598 μιᾶς
3582 3527 3671 3578 λυ-

2083 3639 2235 3712 χνίας
2266 3636 2636 3707 ἀνεχομένων,
2684 3631 2823 3683 ὣστε
2869 3627 3097 3695 ἀεθονον
3137 3621 3273 3701 εἶναι
3313 3622 3409 3673 καὶ
3450 3619 3671 3689 δαψιλὲς

2084 3711 2144 3784 τὸ
2175 3729 2289 3800 φῶς
2319 3723 2653 3793 πανταχόθεν
2704 3720 3052 3789 λαμπόμενον
3074 3732 3086 3745 ·
3138 3714 3238 3768 οὐκ
3276 3712 3342 3764 ἂν
3382 3711 3667 3780 ἀμάρτοκ,

2084 3823 2183 3886 τὰς
2227 3820 2524 3881 πολυειδεῖς
2559 3815 2653 3869 τοῦ
2698 3812 3005 3882 πνεύματος
3049 3806 3418 3877 μαρμαρυγὰς
3448 3800 3670 3871 διαπρέ-

2088 3931 2208 3967 πειν
2255 3912 2427 3983 ταύτῃ
2480 3910 2545 3978 τῇ
2590 3907 2761 3975 σκηνῇ
2800 3900 3168 3971 λογιζόμενος,
3221 3894 3403 3957 καθὼς
3446 3893 3673 3954 Ἡσαῒας

2092 4004 2274 4071 φησιν,
2316 3980 2523 4066 ἐπταχῆ
2566 3992 2789 4064 διαιρῶν
2842 3990 2939 4052 τὰς
2986 3986 3340 4057 λαμπηδόνας
3386 3980 3479 4035 τοῦ
3518 3981 3674 4035 πνεύ-

2093 4110 2277 4165 ματος.
2307 4091 2380 4142 Τὸ
2410 4089 2467 4142 δὲ
2495 4087 2803 4155 ἱλαστήριον
2834 4081 2955 4134 οὐδὲ
2995 4077 3289 4149 ἑρμηνείας
3316 4072 3465 4146 οἶμαι
3513 4090 3675 4144 προσ-

2088 4185 2325 4248 δέέσθαι,
2354 4179 2448 4235 τοὶ)
2472 4172 2799 4229 Ἀποστόλου
2832 4173 2889 4226 τὸ
2937 4168 3318 4241 κεκρυμμένον
3352 4166 3675 4236 γυμνώσαν-

2091 4294 2201 4341 τος,
2224 4276 2277 4338 ὃς
2301 4285 2486 4341 φησιν·
2503 4271 2610 4325 ὄτιι
2644 4267 2702 4319 ὃν
2728 4262 2988 4335 προέθετο
3012 4262 3040 4313 ὀ
3070 4260 3202 4321 Θεὸς
3239 4258 3555 4328 ἱλαστήριον
3575 4254 3677 4306 τῶν

412 4383 752 4437 thuribulutn
774 4397 897 4434 eum
928 4379 1109 4442 audio,
1141 4378 1513 4431 adorationem
1537 4375 1798 4444 intelligo,
1824 4389 1963 4442 quau

2135 4367 2278 4438 υχῶν
2347 4362 2572 4436 ἠμῶν·ι
2602 4356 2983 4424 θυσιαστήριον
3047 4351 3127 4408 δὴ
3172 4350 3267 4401 καὶ
3325 4347 3678 4418 θυμιατήριον

414 4476 542 4530 huic
558 4472 909 4528 tabernaculo
927 4472 1179 4526 cmlestes
1196 4471 1424 4524 virtutes
1444 4468 1692 4522 alii-runt.
1713 4467 1828 4519 Non
1847 4467 1989 4520 enim

416 4566 592 4619 solum
619 4562 939 4617 inferiorum
969 4571 1130 4632 atque
1157 4560 1518 4622 terrestrium,
1555 4558 1648 4613 sed
1683 4558 1991 4625 cuilestium

416 4669 636 4725 quoque
674 4654 915 4723 linguam
949 4653 1023 4706 ait
1067 4652 1278 4705 laudent
1304 4657 1474 4721 atque
1523 4650 1773 4720 gloriam,
1816 4657 1873 4702 ut
1912 4665 1995 4701 re-

419 4763 542 4804 rum
581 4747 825 4801 omnium
871 4745 1162 4816 principio,
1196 4744 1423 4798 reddere
1462 4762 1477 4798 :
1520 4742 1571 4796 id
1603 4743 1747 4796 enim
1784 4750 1998 4812 gratum

414 4851 504 4900 est
533 4841 635 4912 ipsi
674 4838 1029 4903 sacriﬁcium,
1074 4838 1342 4892 labiorum
1371 4834 1605 4896 fructus.
1647 4843 1703 4890 ut
1751 4837 1827 4889 ait
1855 4834 2002 4904 Apo-

418 4933 596 4988 stolus
619 4932 690 4997 ",
742 4939 798 4985 et
843 4929 979 4984 odor
1020 4928 1306 4983 orationis.
1360 4926 1514 4993 Quod
1568 4926 1614 4981 si
1662 4926 1870 4980 corium
1918 4925 2004 4981 his

417 5025 583 5079 etiam
622 5023 767 5078 inest
790 5021 974 5077 colore
999 5035 1296 5091 purpureo,
1323 5027 1377 5074 et
1410 5020 1504 5089 pili
1536 5018 1747 5081 intexti,
1779 5031 1886 5070 nou
1920 5025 2000 5069 ta-

423 5128 546 5169 men
579 5111 974 5183 speculationis
1002 5109 1168 5178 hujus
1204 5109 1378 5163 series
1408 5107 1836 5178 perturbabitur.
1868 5103 2000 5157 Nam

423 5206 619 5260 oculus
654 5205 744 5258 ille
776 5201 1126 5274 propheticus
1161 5201 1215 5254 in
1263 5200 1652 5255 altissimarum
1687 5197 1787 5250 hac
1819 5211 2001 5250 rerum

428 5298 662 5358 visione,
704 5298 999 5352 salutarem
1032 5309 1250 5364 quoque
1289 5292 1501 5348 Domini
1539 5290 1847 5361 passionem
1878 5295 2004 5340 tau-

428 5403 593 5457 quam
622 5403 654 5443 e
679 5390 897 5454 specula
931 5387 1229 5458 prospexit,
1261 5401 1423 5455 quam
1455 5400 1518 5437 ex
1568 5391 1799 5449 utroque
1824 5379 2002 5433 dicto-

432 5497 551 5537 rum
587 5481 946 5552 signiﬁcatam
981 5480 1149 5533 fuisse
1178 5492 1284 5531 non
1317 5476 1553 5544 ambigo.
1598 5472 1826 5526 Rubch
1858 5472 2002 5525 enim

518 5660 564 5692 "
592 5657 803 5716 Coloss.
835 5673 869 5722 ι,
908 5655 994 5710 l6.
1083 5656 1126 5687 ³³
1159 5651 1262 5709 lsa.
1299 5655 1443 5717 xui.
1520 5650 1565 5683 "
1609 5649 1770 5704 llcbr.
1810 5666 1884 5707 ιτ.
1916 5649 1966 5704 5.

2100 4460 2331 4521 ἀκούων,
2361 4458 2467 4512 νοῶ
2508 4454 2602 4524 τὴν
2643 4447 2906 4520 διηνεκῶς
2948 4441 3367 4511 ἐπιτελουμένην
3406 4440 3470 4508 τῇ
3512 4436 3677 4504 σκηκῇ

2098 4553 2273 4622 ταύτῃ
2316 4549 2423 4603 τῶν
2468 4543 2803 4615 ἐπουρανίων
2844 4535 3229 4609 προσκύνησιν.
3263 4532 3337 4584 Οὐ
3381 4529 3493 4600 γὰρ
3530 4528 3681 4599 μόνον

2100 4619 2358 4710 ἐπιγείων
2409 4636 2502 4689 καὶ
2553 4627 2939 4703 ὑπερχθονίων,
2971 4624 3105 4679 ἀλλά
3155 4623 3249 4675 καὶ
3308 4621 3415 4673 τῶν
3456 4619 3683 4710 51:01:91-

2095 4704 2224 4786 νίων
2266 4731 2365 4801 τὴν
2404 4723 2653 4796 γλῶσσάν
2695 4737 2858 4791 φησιν
2893 4715 3239 4784 ἀναπέμπειν
3284 4711 3380 4762 τὸν
3421 4704 3574 4760 αἶνον
3620 4706 3680 4772 τῇ

2096 4825 2205 4879 τῶν
2236 4796 2453 4876 πάντων
2484 4816 2644 4888 ἀρχῇ.
2677 4811 2847 4865 Τοῦτο
2876 4808 2934 4860 δέ
2972 4809 3119 4860 ἐστιν
3142 4807 3175 4875 ἡ
3210 4801 3585 4872 κεχαρισμένη
3611 4796 3684 4888 τῷ

2101 4916 2220 4986 Θεῷ
2243 4913 2421 4977 θυσία,
2453 4909 2512 4962 τὸ
2529 4887 2821 4979 κάρπωμα
2844 4898 2953 4953 τῶν
2981 4895 3225 4968 χειλέων,
3257 4889 3438 4986 καθως
3468 4887 3686 4986 φηκσινκὸ

2121 4974 2464 5067 Ἀπόστολος,
2515 4974 2767 5053 καὶ-τῶν
2816 4987 3133 5062 προσευχῶν
3182 4987 3216 5056 ή
3275 4980 3490 5034 εὐωδία.
3532 4978 3595 5032 Εἰ
3636 4974 3687 5027 δὲ

2112 5101 2206 5156 καὶ
2249 5097 2425 5167 δέρμα
2466 5094 2524 5145 ὲν
2574 5088 2781 5148 τούτοις
2829 5083 3020 5153 ὁρᾶται
3068 5069 3685 5167 τῗεφοινιγμένον-βαῃφῇ,

2113 5210 2207 5247 και
2241 5156 2424 5260 τρίχες
2470 5177 2877 5249 ὲξυφανθεῖσαι·
2919 5170 3040 5224 οὐδὲ
3067 5160 3220 5228 οὗτος
3281 5165 3309 5215 ὁ
3358 5161 3553 5260 εἱιρμδς

2114 5248 2366 5354 θεωρίας.
2396 5248 2803 5342 διακοπήσεται.
2860 5265 2919 5317 '0
2965 5263 3072 5333 γὰρ
3120 5253 3461 5354 προφητικὸς
3498 5248 3689 5354 οφθαλ-

2118 5336 2240 5448 μὸς,
2273 5336 2423 5442 ὲντῇ
2448 5366 2555 5420 τῶν
2596 5336 2754 5417 θείων
2791 5354 3023 5424 ὀπτασίᾳ
3062 5352 3374 5448 γινόμενοςῖ
3389 5345 3520 5448 ἐκεῖ
3568 5336 3689 5448 καθ-

2115 5432 2349 5535 εὼραται
2398 5432 2842 5537 προσωρισμένον
2889 5448 2947 5501 τὸ
3001 5444 3264 5512 σωτήριον
3308 5436 3509 5498 πάθος·
3566 5432 3690 5494 ὅπερ

2078 5646 2124 5679 ⁸⁸
2158 5642 2322 5699 Hebr.
2351 5653 2471 5701 xm,
2505 5633 2586 5687 I5.
