3800 5980
181 157 293 212 585

1522 158 1610 213 DE
1642 154 1801 211 VITA
1830 153 1973 210 MOY
1983 153 2103 211 SIS.

3337 158 3443 217 386

180 269 239 319 ὲν
267 264 516 335 ἑκατέρῳ
536 259 644 315 τῶν
670 258 974 331 εἰρημένων
1005 256 1328 327 σημαίνεται
1347 273 1360 288 ·
1388 256 1481 310 τοῦ
1519 258 1617 327 μὲν
1645 259 1757 327 ἐρυ-

1874 274 2214 341 sanguincm,
2244 273 2337 342 pili
2361 283 2540 329 autem
2567 284 2795 330 mortem
2821 278 3136 333 ostendunt.
3156 276 3291 333 Nam
3315 292 3440 334 cum

183 357 433 427 θήματος
464 355 527 406 τὸ
562 347 724 422 αἷμα,
760 351 859 421 τῆς
900 349 957 402 δὲ
1006 348 1189 419 τριχὸς
1221 346 1626 419 ἑρμηνευούσης
1663 347 1763 418 τὴν

183 452 477 522 νέκρωσιν.
510 448 773 515 ’Δμοιρος
805 443 912 512 γὰρ
959 439 1264 510 αἰσθήσεως
1293 441 1326 510 ὴ
1372 439 1495 511 τρὶξ
1537 438 1616 508 τῷ
1652 438 1761 491 σὼ-

191 557 328 611 ματι
355 555 370 568 ·
402 536 483 590 διὸ
512 535 720 605 κυρίως
751 533 1072 603 νεκρότητος
1090 530 1298 599 γίνεται
1330 529 1614 600 σύμϐολον.

257 631 435 684 Ὅταν
474 628 575 698 μὲν
604 621 698 679 οὖν
727 626 826 695 τήν
858 624 971 677 ἄνω
1009 622 1212 693 σκηνὴν
1242 622 1443 694 βλέπῃσ
1474 619 1645 679 ταῦτα
1672 618 1761 673 διὰ

176 726 391 779 τούτων
423 724 453 775 6
504 719 791 790 προφήτης
820 717 939 787 ὁρᾷ.
994 715 1058 766 Ei
1100 714 1156 767 δέ
1194 731 1279 777 τις
1305 713 1403 783 τὴν
1444 713 1593 765 κάτω
1629 728 1762 781 σκη-

176 819 279 886 νὴν
309 813 539 882 θεωροίη
563 828 578 844 ·
626 809 814 880 ἐπειδὴ
849 808 1087 877 πολλαχῆ
1133 806 1365 876 Χριστὸς
1397 808 1431 875 ή
1471 804 1762 875 Ἐκκλησία

178 909 340 978 παρὰ
383 907 478 959 τοῦ
529 903 745 957 Παύλου
801 900 1229 969 κατονομάζεται
1258 915 1272 928 ο
1323 897 1502 960 καλῶς
1534 897 1600 951 ἂν
1646 897 1762 968 ἔχοι

179 1000 316 1061 τοὺς
348 998 631 1068 ὑπηρέτας
656 994 751 1048 τοῦ
783 995 929 1048 θείου
955 994 1274 1065 μυστηρίου,
1300 992 1393 1056 οὓς
1419 994 1513 1046 καὶ
1537 992 1761 1054 στύλους

176 1091 282 1159 τῆς
348 1087 674 1157 Ἐκκλησίας
729 1086 1089 1156 κατονομάζει
1134 1088 1163 1138 6
1202 1084 1378 1152 λόγος,
1435 1084 1762 1149 ἀποστόλους

178 1198 242 1235 τε
271 1180 369 1249 καὶ.
398 1177 746 1239 διδασκάλους
776 1176 870 1228 καὶ
897 1176 1202 1247 προφήτας.
1233 1174 1301 1226 τὰ
1321 1174 1557 1244 ὀνόματα
1588 1172 1761 1228 ταῦτα

174 1270 477 1340 ὀνομάζειν
509 1262 670 1321 εἶναι.
703 1267 777 1320 Οὐ
817 1264 925 1335 γὰρ
956 1264 1114 1334 μόνον
1140 1264 1345 1335 Πέτρος
1378 1266 1471 1318 καὶ
1510 1264 1761 1336 Ἰωάννης

177 1365 281 1417 καὶ
346 1359 642 1425 Ἰάκωϐος,
690 1357 872 1411 στύλοι
914 1357 1014 1426 τῆς
1056 1355 1380 1425 Ἐκκλησίας
1428 1356 1600 1408 εἰσίν·
1640 1355 1762 1410 οὐδὲ

182 1456 349 1525 μόνος
395 1454 425 1506 6
476 1448 790 1520 Βαπτιστὴς
852 1447 1103 1515 Ἰωάννης
1148 1449 1178 1500 6
1226 1446 1415 1517 λύχνος
1443 1442 1511 1516 ἦν
1540 1446 1760 1517 καιόμε-

180 1563 304 1609 νος·
358 1544 493 1597 άλλὰ
544 1543 745 1602 πάντες
791 1543 839 1593 οἱ
893 1540 959 1593 δι’
1015 1537 1223 1592 ἑαυτῶν
1267 1541 1366 1609 τὴν
1434 1539 1761 1607 Ἐκκλησίαν

179 1637 507 1708 ἐρείδοντες,
551 1634 643 1688 καὶ
692 1634 741 1685 οἱ
790 1631 878 1686 διὰ
926 1631 1033 1684 τῶν
1079 1631 1223 1685 ἰδίων
1248 1629 1421 1701 ἔργων
1476 1630 1759 1701 φωστῆρες

178 1729 481 1797 γινόμενοι,
528 1725 624 1779 καὶ
651 1723 832 1777 στύλοι
866 1723 959 1776 καὶ
991 1721 1169 1792 λύχνοι
1199 1721 1467 1789 λέγονται.
1505 1741 1524 1773 ι
1572 1721 1760 1790 Ὑμεῖς

178 1823 309 1873 ἐστε
334 1819 396 1872 τὺ
438 1817 555 1886 φῶς
582 1816 677 1871 τοῦ
708 1815 935 1885 κόσμου,
978 1834 999 1867 ι
1040 1814 1174 1883 φησὶ
1202 1812 1339 1882 πρὸς
1374 1814 1501 1875 τοὺς
1528 1811 1760 1865 ἀποστό-

177 1912 309 1973 λους
348 1911 379 1962 6
422 1909 645 1978 Κύριος.
676 1907 787 1960 Καὶ
813 1905 976 1958 πάλιν
1015 1904 1235 1975 ἑτέρους
1263 1906 1292 1957 6
1322 1902 1475 1966 Θεῖος
1513 1902 1765 1957 ’Δπόστο-

177 2004 269 2062 λος
302 2001 524 2061 στύλους
554 1997 694 2052 εἶναι
707 1996 1095 2059 διακελεύεται,
1115 1995 1287 2064 λέγων
1307 2011 1321 2027 ο
1355 2014 1375 2047 ι
1415 1995 1650 2067 Ἑδραῖοι
1671 1994 1760 2064 για

176 2081 337 2134 νεσθε
381 2083 475 2135 καὶ
518 2083 1089 2152 ἁμετακίνητοι.ιΚαὶ
1142 2083 1234 2136 τὸν
1282 2082 1544 2153 Τιμόθεον
1601 2082 1763 2136 καλὸν

176 2171 373 2226 στύλον
424 2173 769 2242 ἐτεκτήνατο,
818 2174 1046 2245 ποιήσας
1092 2174 1251 2227 αὐτὸν
1292 2173 1492 2242 (καθώς
1526 2190 1657 2243 φησι
1693 2175 1760 2243 τῇ

178 2265 289 2335 ἰδίᾳ
354 2268 530 2336 φωνῇ)
578 2265 766 2318 στύλον
819 2265 916 2317 καὶ
964 2264 1243 2335 ἑδραίωμα
1289 2267 1387 2333 τῆς
1440 2263 1763 2332 Ἐκκλησίας

179 2354 462 2424 ἀληθείας.
509 2353 597 2406 Ἐν
634 2354 806 2427 ταύτῃ
824 2356 907 2424 ,τῇ
955 2355 1127 2423 σκηνῇ
1163 2353 1256 2405 καὶ
1291 2352 1451 2404 θυσία
1483 2351 1581 2421 τῆς
1619 2351 1763 2405 αἰνέ-

186 2463 346 2509 σεως.
387 2447 479 2500 καὶ
511 2444 761 2515 θυμίαμα
802 2445 901 2514 τῆς
932 2444 1252 2515 προσευχῆς.
1287 2444 1320 2511 ἡ
1362 2442 1440 2513 τῷ
1467 2442 1645 2512 ὄρθρῳ
1674 2444 1763 2494 καὶ¹

176 2536 246 2603 τῇ
282 2533 495 2604 ἑσπέρᾳ
532 2533 893 2603 ἐνεργουμένη
922 2532 1011 2584 διὰ
1038 2530 1236 2593 παντὸς
1267 2532 1595 2602 καθορᾶται·
1624 2532 1762 2583 νοεῖν

172 2622 234 2674 δὲ
283 2622 468 2675 δίδωσι
524 2623 695 2676 ταῦτα
735 2625 763 2676 6
810 2623 982 2693 μέγας
1042 2621 1227 2683 Δαυῒδ,
1287 2621 1627 2675 κατευθύνων
1683 2623 1760 2685 είς

170 2714 355 2782 ὀσμὴν
393 2714 620 2776 εὐωδίας
657 2713 734 2784 τῷ
771 2713 889 2784 Θεῷ
921 2715 1019 2784 τῆς
1047 2713 1353 2785 προσευχῆς
1392 2711 1453 2764 τὸ
1492 2712 1756 2781 θυμίαμα⁸

176 2805 273 2857 καὶ
304 2804 396 2857 διὰ
432 2805 531 2873 τῆς
590 2806 866 2867 ἐκτάσεως
902 2803 1011 2857 τῶν
1058 2803 1279 2873 χειρῶν,
1327 2802 1623 2874 ἱερουργῶν
1663 2802 1761 2873 τὴν

1873 362 1928 417 in
1957 377 2185 433 corpore
2214 364 2357 433 pilus
2380 365 2592 445 absque
2618 382 2784 422 sensu
2815 368 2907 433 sit,
2940 383 3049 424 non
3075 369 3272 439 injuria
3295 383 3444 423 metu

1873 456 1943 510 tis
1980 455 2286 527 symbolum
2318 456 2542 512 dicitur.

1940 636 2065 692 Haec
2096 639 2260 708 igitur
2287 640 2342 693 in
2371 640 2656 711 superiore
2685 640 3039 694 tabernaculo
3067 641 3440 699 materialihi-s

1871 727 1979 782 illis
2004 728 2310 798 signiﬁcata
2342 741 2617 799 putamus.
2646 730 2702 782 In
2726 728 2981 783 inferiore
3006 744 3152 792 vero,
3181 732 3441 799 quoniam

1871 820 2067 889 saepius
2091 835 2119 872 a
2154 819 2322 875 Paulo
2352 820 2592 875 Ecclesia
2643 820 2896 875 Christus
2936 820 3258 889 appellatur,
3286 821 3441 874 Chri-

1870 919 1988 966 stus
2018 921 2221 975 autem,
2252 920 2310 965 ut
2332 913 2591 970 diximus.
2623 913 2876 981 superius
2898 912 3307 967 tabernaculum
3333 921 3440 977 est,

1871 1018 1979 1056 non
2007 1012 2094 1058 est
2139 1003 2401 1070 alienum,
2426 1005 2473 1060 si
2515 1005 2639 1073 quis
2668 1004 2969 1058 Ecclesiam
3013 1018 3165 1057 suam
3212 1003 3439 1063 inferius

1870 1108 1991 1149 esse
2020 1095 2430 1151 tabernaculum
2459 1097 2778 1157 arbitretur,
2811 1096 2862 1148 in
2887 1110 2994 1163 quo
3024 1095 3288 1148 columnae
3313 1102 3439 1148 sunt

1869 1183 2253 1252 mysteriorum
2286 1183 2544 1239 Ecclesiae
2577 1184 2839 1249 ministri,
2877 1197 3018 1253 quos
3054 1184 3157 1235 hoc
3195 1185 3315 1252 ipso
3344 1197 3442 1237 no-

1870 1274 2018 1327 mine
2065 1263 2458 1344 nonnunquam
2506 1275 2845 1344 appellamus
2888 1274 3217 1329 :ministros
3261 1282 3439 1329 autem

1868 1366 2165 1434 apostolos.
2197 1367 2505 1436 prephetas.
2534 1366 2804 1420 doctores.
2833 1364 2942 1419 Nec
2970 1365 3112 1420 enim
3142 1365 3319 1419 solum
3341 1361 3442 1418 Pe—

1868 1465 1987 1509 trus
2016 1454 2331 1509 et-Joannes
2359 1464 2412 1510 et
2441 1454 2676 1510 Jacobus
2698 1458 2965 1511 columna:
2999 1454 3255 1510 Ecclesia
3282 1465 3436 1515 sunt,

1867 1560 1968 1599 nec
1998 1543 2240 1598 Joannes
2273 1544 2514 1614 Baptism
2547 1553 2759 1598 tantum
2807 1545 3006 1599 ardens
3035 1553 3153 1599 erat
3185 1544 3435 1615 lychnus,

1869 1634 1961 1690 sed
2002 1649 2194 1689 omnes
2231 1637 2431 1704 quibus
2479 1636 2720 1688 Ecclesia
2771 1643 3132 1697 sustentatur,
3178 1635 3271 1704 qui
3321 1636 3438 1689 suis

1866 1726 2124 1795 operibus
2147 1727 2438 1781 luminaria
2465 1726 2592 1779 facti
2626 1735 2777 1787 sunt,
2802 1727 2854 1780 hi
2878 1727 3145 1780 columna
3172 1735 3226 1780 et
3256 1726 3435 1795 lychni

1865 1825 2270 1885 nuneupantur.
2335 1834 2355 1867 ι
2398 1814 2507 1871 Vos
2558 1818 2692 1871 estis
2745 1817 2835 1869 lux
2889 1815 3110 1880 mundi,
3160 1835 3180 1869 ι
3226 1814 3436 1873 Veritas

1866 1907 2129 1975 apostolis
2167 1908 2243 1960 ait
2266 1908 2314 1939 "
2347 1926 2360 1960 :
2396 1922 2458 1961 ac
2499 1922 2720 1961 rursum
2771 1908 2914 1962 alios
2940 1907 3100 1962 divus
3143 1906 3438 1977 Apostolus

1863 1996 2019 2065 quasi
2049 1997 2333 2051 columnas
2359 1997 2628 2057 hortatur,
2656 2010 2779 2052 cum
2805 1998 2942 2052 dicit
2972 2016 2985 2051 :
3022 2016 3040 2048 ι
3072 1997 3236 2053 Firmi
3264 2007 3438 2054 estote

1865 2096 2027 2157 atque
2059 2089 2367 2144 immobiles
2397 2090 2464 2143 δ’.
2506 2108 2525 2141 ι
2567 2091 2637 2143 At
2667 2105 2799 2144 vero
2839 2089 3182 2147 Timothequ
3230 2094 3438 2146 colum-

1864 2193 1988 2232 nam
2018 2179 2441 2247 pulcherrimam
2490 2179 2790 2236 fabricatus
2830 2191 2936 2246 est,
2977 2198 3099 2235 cum
3141 2183 3320 2252 ipsum
3354 2184 3437 2237 [ir-

1864 2270 2103 2323 mitatem
2137 2270 2382 2324 veritatis
2404 2284 2516 2325 sua:
2535 2274 2682 2325 vocis
2711 2273 2960 2326 doctrina
2982 2273 3302 2329 etiecerit”.
3324 2273 3437 2346 Hoc

1865 2361 1918 2414 in
1946 2362 2294 2415 tabernaculo
2320 2370 2374 2416 et
2408 2363 2740 2415 sacriﬁcium
2776 2363 2972 2427 laudis,
3007 2372 3060 2417 et
3088 2366 3216 2419 thus
3242 2366 3437 2419 oratio-

1862 2451 1951 2504 nis
1982 2451 2033 2503 in
2069 2467 2228 2503 mane
2250 2466 2313 2504 ac
2337 2467 2620 2521 vesperum
2653 2453 2899 2507 adhiberi
2927 2469 3140 2523 semper
3166 2456 3431 2511 videmus.

1863 2538 1977 2593 lloc
2005 2541 2083 2595 sic
2116 2541 2418 2610 intelligere
2453 2540 2616 2594 David
2662 2542 2753 2595 ille
2796 2558 2897 2595 nos
2942 2542 3173 2610 inducit,
3222 2545 3313 2613 qui
3350 2548 3434 2599 in-

1863 2645 2088 2683 censum
2136 2631 2406 2684 orationis
2443 2632 2494 2684 in
2529 2634 2748 2685 odorem
2797 2634 3086 2688 suavitatis
3134 2634 3338 2704 dirigit,
3380 2643 3436 2690 et

1863 2734 2125 2774 manuum
2175 2723 2550 2777 extensionem
2582 2724 2913 2777 sacriﬁciqu
2952 2740 3076 2781 esse
3119 2726 3314 2781 asserit
3346 2742 3437 2781 ve.

1866 2811 2168 2878 spei-tinum
2202 2812 2269 2866 δ’.
2308 2812 2485 2867 Urnas
2532 2830 2679 2877 vero,
2731 2814 2785 2868 id
2834 2826 2941 2881 est,
2973 2830 3103 2870 vasa
3138 2816 3204 2870 ad
3252 2817 3437 2870 lavan-

173 2894 391 2948 θυσίαν.
453 2896 740 2966 Λουτῆρας
791 2895 848 2948 δέ
898 2911 981 2955 τις
1026 2895 1256 2955 ἀκούων,
1316 2897 1493 2964 νοήσει
1544 2895 1757 2956 πάντως

1867 2898 2016 2962 dum,
2039 2902 2162 2971 quis
2189 2905 2427 2973 ambiget
2457 2920 2552 2959 eos
2576 2921 2720 2968 esse,
2749 2908 2839 2976 qui
2860 2922 2955 2976 per
2990 2908 3436 2962 sacramentalem

170 2989 305 3048 τοὺς
360 2985 449 3039 διὰ
496 2986 589 3039 τοῦ
633 2986 894 3055 μυστικοῦ
943 2984 1132 3047 ὓδατος
1180 2984 1271 3036 τὸν
1328 2985 1600 3054 μολυσμὸν
1637 2986 1764 3037 ἀπο-

170 3078 474 3141 κλύζοντας
506 3077 613 3130 τῶν
650 3076 951 3148 ἁμαρτιῶν.
993 3078 1204 3147 Λουτὴρ
1233 3073 1298 3147 ἦν
1405 3076 1670 3144 Ἰωάννης,
1706 3076 1764 3130 ἐν

173 3170 257 3240 τῷ
299 3171 538 3242 Ἰορδάνῃ
589 3170 789 3232 λούων,
844 3171 902 3221 ὲν
957 3169 1035 3237 τῷ
1104 3170 1201 3239 τῆς
1251 3169 1537 3239 μετανοίας
1582 3167 1766 3237 βαπτί-

178 3276 383 3329 σματιο
424 3260 621 3331 λουτὴρ
666 3254 734 3331 ἦν
768 3260 797 3311 6
835 3260 1058 3330 Πέτρος,
1111 3259 1437 3330 τρισχιλίους
1468 3262 1607 3313 κατὰ
1632 3261 1764 3313 ταύ-

173 3352 271 3404 τὸν
331 3350 587 3417 καθάπαξ
633 3351 885 3419 κατάγων
934 3350 1028 3403 ἐπὶ
1075 3349 1136 3402 τὸ
1184 3349 1345 3421 ὕδωρ.
1400 3351 1612 3421 Λουτὴρ
1667 3350 1761 3403 τοῦ

179 3441 468 3495 Κανδάκου
532 3444 560 3494 6
614 3441 877 3504 Φίλιππος
901 3480 916 3505 ,
974 3441 1068 3494 καὶ
1123 3441 1340 3494 πάντων
1395 3441 1597 3504 πάντες
1653 3440 1763 3494 τῶν

181 3532 518 3603 μετεχόντων
566 3532 667 3602 τῆς
711 3533 938 3602 δωρεᾶς,
967 3534 1016 3585 oi
1058 3533 1408 3604 ἐνεργοῦντες
1453 3534 1550 3601 τὴν
1579 3534 1758 3602 χάριν.

178 3627 293 3687 Τάς
343 3625 401 3678 δὲ
450 3623 707 3688 αὐλαίας,
758 3624 815 3677 αἶ
864 3623 953 3677 διὰ
1007 3624 1106 3693 τῆς
1158 3624 1274 3693 μετ’
1321 3622 1564 3693 ἀλλήλων
1610 3639 1763 3691 συμ-

179 3715 344 3785 ϐολῆς
392 3716 493 3785 τὴν
540 3716 746 3785 σκηνὴν
795 3717 852 3768 ὲν
908 3714 1092 3784 κύκλῳ
1153 3713 1612 3785 διαλαμϐάνουσι,
1663 3715 1761 3784 τὴν

178 3807 537 3875 ἀγαπητικήν
566 3823 626 3858 τε
660 3807 755 3859 καὶ
776 3804 1058 3877 εἰρηνικὴν
1102 3805 1210 3858 τῶν
1246 3806 1607 3858 πιστευόντων
1632 3805 1763 3875 ὁμό-

179 3913 330 3950 νοιαν
377 3893 516 3950 εἷναί
559 3914 639 3960 τις
685 3897 949 3963 ὑπονοῶν,
995 3897 1095 3950 οὐκ
1126 3897 1190 3951 ἂν
1220 3897 1453 3968 ἁμάρτοι
1488 3897 1582 3950 τοῦ
1629 3896 1761 3968 πρέ-

182 4004 412 4051 ποντοςο
455 3987 596 4040 οὕτω
641 3986 734 4040 τοῦ
782 3987 944 4040 Δαίῖιδ
976 3987 1442 4058 ἑρμηνεύσαντος,
1482 3987 1541 4050 ὃς
1574 4003 1754 4056 φησιν,

177 4077 410 4148 ὃτι,Θεὶς
452 4076 522 4129 τά
558 4076 683 4147 ὄριά
709 4093 800 4129 σου
831 4078 1076 4148 εἰρήνην.
1106 4078 1290 4147 Δέρμα
1318 4077 1373 4129 δὲ
1402 4077 1759 4148 πεφοινιγμέ-

181 4185 296 4232 νον,
327 4167 419 4220 καὶ
456 4168 669 4239 δέῥρεις
701 4167 808 4222 ἀπὸ
847 4167 1069 4238 τριχῶν,
1100 4169 1232 4238 πρὸς
1261 4170 1465 4238 κόσμον
1500 4169 1600 4239 τῆς
1626 4185 1757 4239 σκηο

1869 3004 2061 3059 aquaiu
2120 3002 2465 3061 peccatorum
2524 2997 2720 3051 sordes
2778 2997 3054 3051 auferunt.
3104 2995 3271 3051 Luter
3319 3005 3439 3051 erat

1864 3077 2123 3142 Joannes,
2163 3082 2352 3137 lavans
2395 3084 2453 3139 in
2499 3083 2762 3152 Jordane,
2806 3087 2861 3141 in
2904 3087 3230 3156 baptismate
3274 3093 3440 3157 ptent-

1866 3172 2135 3226 tenliaa“.
2170 3172 2318 3229 Talis
2362 3186 2477 3230 erat
2523 3177 2747 3243 Petrus,
2793 3178 2897 3232 tria
2949 3179 3116 3232 millia
3158 3166 3437 3235 hominum

1864 3262 2027 3317 simul
2053 3263 2119 3317 ad
2155 3264 2409 3334 baptismi
2440 3267 2714 3323 lavacrum
2747 3269 3023 3323 deducens
3052 3269 3117 3322 ⁶.¹.
3155 3270 3441 3339 Philippus

1832 3369 2078 3423 ,quoque
2106 3370 2240 3409 urna
2281 3356 2549 3412 Candacis
2590 3357 2712 3412 fuit.
2753 3359 2893 3423 Quid
2940 3361 3147 3415 multa?
3182 3364 3438 3417 omnibus

1832 3440 1953 3514 'qui
1979 3446 2044 3499 ad
2078 3447 2333 3516 baptismi
2362 3448 2565 3502 donum
2601 3453 2847 3515 veniunt,
2886 3451 2921 3504 ii
2956 3453 3023 3505 ad
3054 3453 3251 3506 lutoria
3287 3466 3435 3517 sunt,

1860 3537 1952 3604 qui
2002 3536 2309 3592 ministerio
2357 3553 2458 3593 suo
2496 3540 2725 3607 gratiam
2781 3542 3041 3609 praebent.
3075 3541 3257 3596 Aulaaa
3306 3562 3438 3600 vero

1860 3643 1982 3697 qua:
2018 3629 2159 3683 inter
2180 3643 2238 3683 se
2269 3643 2519 3682 connexa
2555 3629 2968 3683 tabernaculum
2995 3630 3048 3683 in
3072 3631 3259 3685 orbem
3295 3649 3440 3688 eom-

1861 3717 2202 3785 plectuntur,
2240 3718 2525 3772 amabilem
2559 3718 2950 3788 paciticamque
2979 3720 3317 3776 credentium
3348 3742 3432 3779 es-

1859 3821 1920 3862 se
1946 3807 2300 3861 concordiam
2356 3823 2462 3861 non
2499 3808 2735 3864 absurde
2778 3810 3053 3879 quispiam
3087 3810 3307 3866 dixerit.
3345 3811 3437 3868 Sic

1858 3898 2004 3950 enim
2054 3894 2222 3949 David
2268 3896 2413 3950 hunc
2447 3898 2625 3951 locum
2661 3900 2984 3968 exposuisse
3026 3901 3266 3967 videtur,
3312 3920 3436 3959 cum

1858 3986 2050 4040 dicat:
2095 3988 2201 4053 Qui
2246 3988 2404 4058 ponis
2456 3990 2721 4043 terminos
2777 4000 2901 4045 tuos
2950 4006 3159 4061 pacem.
3213 3994 3433 4050 Corium

1857 4089 1990 4127 vero
2031 4088 2393 4143 purpureum,
2426 4081 2480 4128 et
2514 4089 2644 4144 saga
2681 4091 2746 4129 ex
2780 4076 2927 4146 pilis,
2964 4077 3031 4131 ad
3064 4088 3319 4132 ornatum
3352 4087 3435 4132 ta-

1858 4165 2144 4221 bernaculi
2183 4165 2538 4235 pertinentia,
2573 4166 2990 4221 accommodate
3037 4168 3431 4239 intelligentur,

182 4259 284 4328 νῆς
315 4257 685 4329 συντελοῦσαι.
739 4258 1085 4328 καταλλήλως
1133 4258 1198 4312 ἂν
1232 4257 1473 4328 νοηοεϊεν
1512 4259 1547 4329 ἦ
1581 4275 1640 4310 τε
1669 4258 1756 4311 νέ-

1867 4258 1908 4310 si
1943 4272 2039 4327 pro
2072 4258 2224 4311 corio
2253 4257 2605 4312 mortiﬁcatio
2636 4273 2819 4327 prona:
2849 4257 2916 4311 ad
2954 4259 3290 4327 peccandum
3314 4275 3435 4313 car-

181 4364 392 4419 κρωσις
438 4349 537 4418 τῆς
584 4349 963 4421 ἁμαρτητικῆς
1017 4349 1250 4420 σαρκὸς,
1308 4346 1376 4421 ἧς
1423 4351 1650 4418 αἴνιγμα
1700 4348 1760 4402 τὸ

162 4440 603 4509 ’πεφοινιγμένον
646 4441 820 4511 δέρμα
857 4442 994 4504 ἐστὶ,
1044 4442 1140 4495 καὶ
1177 4442 1466 4511 ήτραχεία
1516 4439 1758 4511 διαγωγὴ

180 4532 306 4583 κατ’
331 4532 678 4601 ἐγκράτειαν,
711 4526 791 4595 οἷς
829 4531 1121 4602 ὡραΐζεται
1153 4531 1384 4601 μάλιστα
1430 4532 1463 4600 ή
1494 4533 1593 4601 τῆς
1639 4531 1760 4583 Ἐκ-

181 4622 416 4691 κλησίας
448 4622 643 4692 σκηνή.
687 4622 764 4675 Τὰ
793 4621 901 4692 γὰρ
933 4622 1176 4692 δέρματα
1204 4622 1438 4693 ζωτικὴν
1463 4623 1519 4673 ἐν
1551 4623 1759 4684 ἑαυτοῖς

179 4713 288 4765 οὐκ
335 4712 526 4782 ἔχοντα
569 4712 796 4783 δύναμιν
838 4714 938 4784 τήν
988 4714 1053 4766 ὲκ
1097 4714 1330 4782 φύσεως,
1371 4716 1437 4785 τῇ
1489 4713 1632 4784 βαφῇ
1663 4712 1758 4766 τοῦ

182 4804 536 4875 ἐρυθήματος
562 4805 758 4874 εὐανθῆ
802 4807 1036 4874 γίνεται,
1089 4806 1225 4875 ὅπερ
1251 4805 1513 4869 διδάσκει,
1541 4805 1639 4874 τὴν
1669 4803 1758 4857 διά

182 4892 279 4947 τοῦ
311 4892 627 4962 Πνεύματος
673 4891 1010 4946 ἐπανθοῦσαν
1039 4892 1197 4962 χάριν
1242 4893 1317 4964 μὴ
1349 4894 1405 4945 ὲν
1439 4892 1645 4965 ἑτέροις
1672 4890 1759 4959 γί-

184 4984 392 5048 νεσθαι,
420 4987 470 5038 εί
506 4986 580 5055 μή
612 5002 752 5047 τινες
781 4987 1003 5049 ἑαυτοὺς
1037 4988 1100 5056 τῇ
1135 4988 1382 5060 ἁμαρτίᾳ
1411 4985 1755 5058 δεκρὼσαιεν.

183 5078 248 5131 El
271 5078 327 5131 δὲ
356 5077 451 5130 καὶ
485 5079 517 5148 ή
554 5077 784 5148 σώφρων
813 5077 972 5140 αἰδὼς
1006 5075 1111 5150 [ob]
1143 5081 1207 5150 τῇ
1258 5078 1402 5148 βαφῇ
1432 5078 1524 5131 τοῦ
1562 5078 1758 5149 ἐρυθή-

184 5184 356 5239 ματος
386 5168 493 5220 ὑπὸ
520 5167 613 5219 τοῦ
649 5168 805 5235 λόγου
835 5169 1177 5239 σημαίνεται,
1210 5169 1302 5222 ἐπὶ
1338 5169 1418 5238 τῷ
1448 5169 1759 5241 βουλομένῳ

183 5258 441 5329 ποιοίμαι
488 5257 590 5327 τὴν
622 5257 818 5328 κρίσιν.
860 5260 923 5311 Ἥ
966 5259 1022 5312 δὲ
1064 5259 1172 5313 τῶν
1200 5259 1401 5331 τριχῶν
1450 5259 1755 5329 συμπλοκὴ,

180 5350 351 5419 τραχύ
375 5367 437 5403 τε
481 5351 576 5403 καὶ
603 5349 835 5413 δυσασὲς
874 5347 1292 5418 ἀπεργαζομένη
1327 5349 1633 5420 ἐξύφασμα,
1662 5351 1758 5419 τὴν

249 5529 293 5560 ¹⁶
322 5529 521 5586 Matth.
562 5544 615 5591 ν,
650 5528 735 5582 Η.
810 5526 854 5558 ⁸⁷
882 5525 899 5579 1
929 5525 1053 5581 Cor.
1084 5543 1171 5581 xv.
1207 5526 1275 5582 58
1370 5526 1417 5557 ⁸³
1443 5522 1463 5576 ι
1487 5521 1727 5577 Timoth.
1753 5535 1833 5586 ιιι,
1863 5521 1949 5575 15.

1867 4349 1975 4409 nis.
2014 4363 2112 4418 pro
2157 4350 2341 4420 sagis,
2371 4349 2614 4403 strictior
2650 4349 2864 4402 vivendi
2919 4363 3133 4413 norma,
3178 4357 3233 4404 ct
3277 4353 3432 4420 quasi

1865 4438 2059 4492 durior
2092 4440 2457 4509 intelligitur:
2499 4439 2587 4493 his
2617 4439 2760 4492 enim
2800 4439 3033 4492 maxime
3067 4437 3324 4495 Ecclesia:
3360 4451 3436 4493 ta-

1864 4531 2223 4585 bernaculum
2256 4538 2572 4584 exornatur.
2607 4528 2769 4582 Coria
2800 4527 2944 4582 enini
2979 4544 3101 4583 cum
3134 4530 3338 4583 nullam
3379 4530 3434 4585 in

1860 4634 1921 4674 se
1950 4621 2164 4673 vivendi
2199 4621 2452 4672 virtutem
2486 4633 2514 4669 a
2562 4626 2760 4671 natura
2791 4616 3086 4679 retineant,
3130 4619 3314 4674 colore
3346 4634 3431 4672 ru-

1866 4712 2082 4766 bedinis
2133 4710 2325 4765 ﬂorere
2364 4710 2614 4763 videntur
2662 4727 2673 4762 :
2724 4707 2868 4777 quod
2901 4708 3140 4762 ostendit
3186 4708 3433 4763 ﬂoridam

1881 4795 2117 4867 Spiritus
2132 4800 2362 4870 gratiam
2389 4783 2497 4854 ιιοή
2528 4800 2774 4854 habitare
2809 4800 2861 4852 in
2902 4798 3139 4862 homine,
3180 4800 3281 4853 nisi
3317 4800 3433 4868 pri-

1865 4904 1953 4941 mo
2001 4892 2206 4958 peccati
2242 4891 2345 4943 vim
2393 4891 2446 4943 in
2497 4891 2678 4961 seipse
2724 4889 3154 4944 mortiﬁcaverit.
3209 4887 3265 4943 Si
3302 4905 3434 4944 vero

1863 4979 2122 5048 pudorem
2168 4982 2330 5035 etiam
2367 4980 2672 5035 modestum
2707 4980 2909 5036 coloris
2960 4978 3223 5034 rubedinc
3262 4979 3433 5047 signi-

1863 5073 2011 5125 ticari
2060 5072 2329 5141 quispiam
2382 5074 2696 5138 contendat,
2744 5088 2853 5127 non
2900 5081 3048 5127 certe
3100 5072 3429 5129 reluctabor.

1860 5163 2102 5217 Pilorutn
2126 5148 2307 5216 autem
2352 5163 2625 5215 intricatiu
2655 5178 2906 5233 asperam
2955 5163 3121 5216 tactni
3155 5171 3430 5217 texturam

1859 5256 2123 5313 eilicicns.
2169 5270 2416 5324 asperam
2471 5262 2525 5308 et
2560 5255 2874 5322 passionum
2921 5255 3079 5309 nobis
3140 5256 3427 5310 insitarum

1861 5348 2204 5403 domitricem
2254 5347 2645 5400 continentiam
2689 5346 3017 5402 subindicat.
3072 5346 3202 5412 Qua:
3247 5351 3430 5402 omnia

2026 5521 2071 5552 ⁸⁹
2096 5519 2238 5575 Psal.
2270 5536 2377 5581 xiv,
2412 5519 2466 5573 2.
2529 5519 2572 5552 ⁵ο
2596 5517 2727 5573 Luc.
2764 5534 2846 5586 Ill,
2877 5519 2927 5575 3.
3007 5519 3048 5552 ⁶¹
3079 5520 3202 5575 Act.
3228 5536 3286 5586 ιι,
3337 5522 3427 5575 41.
