3756 5988
317 149 424 208 581

1547 149 1604 205 S.
1646 147 1977 206 GREGORll
2008 149 2300 206 NYSSENI

3475 159 3580 217 διε

315 263 393 316 ita
421 276 483 318 se
511 261 730 317 habere.
751 260 1041 316 conﬁrmat
1079 275 1269 316 eorum
1300 261 1436 326 vita,
1475 261 1568 332 qui
1606 262 1661 316 in
1694 277 1798 332 per]

2102 263 2252 332 χεταν
2272 260 2480 334 ταύτην
2499 261 2591 316 καὶ
2610 263 2985 336 δαπανητικὴν
3012 265 3121 320 τῶν
3141 267 3581 340 καθομιλούντων

313 367 408 408 tua
445 351 652 421 degunt
681 352 1014 423 virginitate,
1043 368 1166 423 qua:
1209 368 1430 408 carnem
1480 353 1554 407 ita
1593 353 1889 408 viventium

313 445 570 515 castigat.
605 444 738 510 Qua:
768 461 898 500 vero
936 446 1084 499 intus
1125 452 1304 510 erant,
1330 445 1528 500 Sancta
1575 451 1889 500 sanctorum

316 535 768 598 nominabantur,
805 535 871 590 ad
899 550 1021 604 quae
1047 534 1335 590 multitudo
1356 537 1636 605 pervenire
1662 550 1771 589 non
1795 551 1910 605 po-'

311 634 475 689 terat,
513 626 626 680 haec
655 641 838 680 rerum
885 624 1164 679 veritatem
1206 625 1537 696 signiﬁcant.
1592 623 1888 681 Veritatem

313 716 454 770 hanc
486 717 730 787 mysterii
753 717 927 771 nostri
949 717 1072 770 dico
1102 730 1214 770 rem
1248 726 1516 781 sanetam,
1550 725 1604 772 et
1634 725 1886 772 sanctum

312 817 650 870 sanctorum,
685 817 738 862 et
767 809 951 863 multis
977 809 1602 880 ineomprehensibilem.
1635 807 1761 862 Haec
1790 824 1886 864 ve-

316 893 448 947 ritas
476 895 531 947 in
557 894 737 964 adytis
781 896 1123 951 tabernaculi
1168 897 1490 961 constituta,
1543 897 1888 966 absque’cu-

311 984 560 1040 riositate
607 986 790 1055 aliqua
839 986 1069 1057 intelligi
1105 1002 1170 1042 ac
1206 988 1376 1056 recipi
1421 987 1602 1042 debet.
1645 987 1888 1043 Creden-

308 1076 439 1129 dum
469 1077 613 1130 enim
659 1083 764 1142 est,
798 1076 872 1130 ita
912 1093 1034 1132 esse
1066 1089 1124 1132 ut
1169 1077 1413 1132 Ecclesia
1463 1078 1738 1147 prmdicat,
1775 1093 1880 1134 non

308 1175 490 1221 tamen
533 1167 710 1222 oculis
752 1167 996 1221 omnium
1047 1171 1196 1222 cerni
1231 1183 1413 1237 posse.
1461 1168 1556 1223 sed
1598 1169 1654 1222 in
1688 1170 1888 1224 mentis

299 1259 486 1328 ipsius
509 1258 883 1329 penetralibus
913 1257 1330 1313 indubitabilem
1358 1258 1642 1313 veritatem
1670 1271 1884 1327 perma-

307 1366 456 1407 nere.

1998 350 2189 405 παθών
2253 352 2582 423 ἐγκράτειαν
2636 354 3049 410 ὑπαινίσσεταιο
3107 359 3176 412 τά
3225 359 3286 412 δὲ
3353 362 3583 418 τοιαῦτα

1997 441 2175 495 πάντα
2199 440 2470 495 δείκνυσιν
2509 443 2597 512 ἐφ’
2630 445 2829 514 ἐαυτῆς
2874 446 2907 516 ἡ
2961 447 3020 498 ἐν
3065 446 3336 522 παρθενίᾳ
3377 450 3516 522 ζωὴ,
3548 455 3584 522 ἡ

1995 528 2094 599 τὴν
2127 529 2305 601 σάρκα
2331 528 2442 582 τῶν
2472 529 2616 584 οὕτω
2644 532 2902 602 βιούντων
2931 535 3317 600 ὐποπιέζουσα.
3361 540 3425 591 Εἰ
3446 539 3585 594 sua

1993 619 2160 687 ἔιδον,
2185 622 2318 693 ὅπερ
2338 619 2522 689 Ἀγιον
2547 623 2717 690 ἁγίων
2749 624 2982 693 λέγεται,
3019 627 3135 689 τοῖς
3179 626 3392 692 πολλοῖς
3433 629 3587 683 ἐστιν

1993 713 2342 781 ἀνεπίϐατον,
2372 713 2508 784 μηδὲ
2559 715 2717 768 τοῦτο
2753 715 2978 787 ἀπᾴδειν
3002 718 3101 787 τῆς
3121 717 3230 772 τῶν
3273 720 3586 790 νοηθέντων

1991 803 2315 865 ἀκολουθίας
2348 804 2676 874 νομίσωμεν.
2707 805 2953 875 Ἀληθῶς
2983 805 3090 878 γὰρ
3124 809 3281 876 ἆγιόν
3307 827 3361 863 τι
3387 812 3586 882 χρῆμά

1992 896 2130 961 ἐστι,
2170 896 2263 949 καὶ
2290 896 2462 964 ἁγίων
2498 896 2674 966 ἅγιον,
2705 899 2798 951 καὶ
2840 901 2954 960 τοῖς
2990 898 3206 964 πολλοῖς
3245 901 3489 972 ἄληπτόν
3517 921 3585 957 τε

1992 987 2088 1041 καὶ
2136 988 2451 1058 ἀπρόσιτον,
2502 991 2536 1060 ἡ
2586 988 2695 1041 τών
2745 989 2914 1042 ὄντων
2960 989 3205 1062 ἀλήθεια,
3248 987 3316 1063 ἧς
3361 995 3418 1047 ἐν
3465 997 3586 1058 τοῖς

1992 1079 2210 1142 ἀδύτοις
2233 1097 2292 1132 τε
2321 1080 2414 1131 καὶ
2443 1080 2772 1152 ἀπορρήτοις
2795 1083 2895 1151 τῆς
2919 1080 3015 1134 τοῦ
3044 1083 3345 1154 μυστηρίου
3370 1088 3584 1157 σκηνῆς

1994 1169 2435 1240 καθιδρυμένης,
2487 1171 3054 1242 ἀπολυπραγμόνητον
3117 1169 3254 1227 εἶναι
3307 1175 3414 1247 χρὴ
3465 1177 3582 1230 τῶν

1992 1262 2131 1333 ὑπὲρ
2163 1261 2470 1332 κατάληψιν
2499 1262 2668 1316 ὄντων
2693 1263 2792 1334 τὴν
2820 1265 3148 1334 κατανόησιν
3170 1281 3186 1296 °
3220 1267 3583 1334 πιστεύοντας

1989 1350 2128 1408 εἶναι
2190 1353 2288 1425 μὲν
2339 1355 2400 1407 τὸ
2437 1354 2788 1426 ζητούμενον,
2840 1355 2902 1408 οὐ
2955 1357 3062 1427 μὴν
3112 1359 3226 1422 τοῖς
3277 1359 3584 1431 ὀφθαλμοῖς

1989 1445 2208 1498 πάντων
2234 1444 2576 1514 προκεῖσθαι,
2601 1445 2716 1500 ἀλλ’
2749 1448 2808 1501 ἐν
2831 1450 2943 1512 τοῖς
2971 1447 3187 1512 ἀδύτοις
3212 1450 3313 1520 τῆς
3337 1449 3584 1515 διανοίας

1993 1533 2175 1603 μένειν
2209 1534 2542 1605 ἀπόρρητον.

375 1621 503 1677 llaec
533 1622 747 1692 aliaque
781 1621 945 1692 hujus
1002 1622 1340 1679 tabernaculi
1371 1621 1584 1678 visione
1620 1620 1690 1676 ab
1735 1635 1858 1674 omn

2095 1624 2249 1678 ἀὕτα
2275 1602 2334 1678 δέ
2361 1602 2458 1679 καὶ
2487 1624 2556 1678 τὰ
2580 1624 2806 1681 τοιαῦτα
2841 1627 3150 1692 παιδευθεὶς
3173 1629 3261 1684 διά
3299 1633 3396 1700 τῆς
3430 1631 3578 1686 κατὰ

304 1715 470 1770 sorde
503 1715 796 1768 Inundatus
817 1716 1010 1770 oculus
1042 1715 1133 1770 ille
1163 1715 1360 1768 mentis
1390 1712 1644 1768 Mosaicae
1663 1713 1880 1777 doctus,

301 1805 719 1875 visionibusque
743 1806 830 1860 his
851 1806 1016 1860 altius
1030 1805 1300 1871 elevatus,
1324 1820 1516 1860 rursus
1533 1803 1601 1857 ad
1623 1819 1883 1858 cacumen

301 1899 528 1953 alterius
572 1898 787 1952 scandit
841 1897 1255 1967 speculationis,
1323 1895 1720 1950 sacerdotalem
1755 1911 1883 1965 per-

228 2033 230 2036 μ
301 1989 521 2046 discens
556 1991 836 2053 vestitum,
890 1989 946 2043 in
975 2005 1082 2058 quo
1110 1996 1196 2044 est
1244 1987 1509 2043 subucula
1537 1995 1591 2042 et
1633 1988 1884 2057 superior

301 2083 506 2145 tunica,
525 2092 578 2137 et
603 2083 896 2152 pectorale,
924 2081 1068 2151 quod
1091 2081 1258 2135 variis
1279 2095 1343 2134 ac
1371 2078 1605 2134 diversis
1639 2079 1881 2148 lapidum

299 2173 604 2244 fulgoribus
648 2173 1052 2242 resplendebat,
1102 2172 1233 2224 vitta
1274 2169 1482 2223 circum
1535 2177 1719 2239 caput,
1756 2183 1894 2223 eum.

300 2265 502 2334 lamina
521 2282 686 2336 super
702 2281 845 2331 eam,
878 2264 1287 2333 feminaliaque,
1313 2269 1368 2316 et
1397 2276 1553 2331 poma
1587 2279 1600 2316 :
1631 2271 1685 2316 et
1713 2275 1882 2330 supra

300 2356 414 2410 haec
443 2356 628 2410 omnia
671 2356 957 2419 rationale,
995 2369 1060 2410 ac
1098 2353 1220 2422 ejus
1264 2350 1555 2421 judicium,
1589 2357 1644 2406 et
1672 2365 1793 2422 quae
1825 2351 1880 2404 in

298 2449 545 2514 utn‘sque
583 2445 869 2513 inspicitur
914 2445 1116 2499 veritas
1173 2442 1240 2507 ",
1289 2449 1342 2494 et
1377 2441 1570 2494 horum
1626 2442 1882 2510 utrinque

297 2537 618 2591 conuectiva
665 2537 1134 2606 superhumeralia
1190 2535 1625 2604 patriarcharum
1682 2533 1882 2587 inscul-

296 2635 387 2696 pta
401 2626 736 2690 nominibus,
763 2641 997 2696 quorum
1021 2628 1265 2682 omnium
1290 2627 1512 2681 nomina
1531 2623 1880 2680 multitudine

294 2717 413 2788 ipsa
441 2717 758 2782 ostendunt,
805 2734 912 2771 non
939 2719 1218 2772 sensualia
1245 2719 1495 2789 quaedam
1526 2715 1820 2786 signiﬁcari
1858 2734 1874 2770 :

294 2810 495 2879 quibus
523 2810 668 2864 enim
699 2810 947 2879 corporis
991 2811 1234 2866 vestibus
1281 2811 1398 2864 haec
1439 2809 1685 2870 nomina,
1736 2807 1880 2877 judi-

295 2900 468 2966 cium,
507 2901 795 2965 rationale,
831 2901 1036 2955 veritas
1090 2899 1466 2954 conveniunt?
1517 2897 1698 2964 Quare
1724 2906 1873 2968 patet
1903 2933 1947 2993 Ο

293 3005 406 3044 non
435 2990 555 3057 ejus
606 2989 887 3044 sensibilis
931 2990 1168 3046 amictus
1199 2991 1376 3060 gratia
1409 2989 1694 3044 historiam
1753 3003 1876 3044 esse

294 3079 653 3148 descriptam,
712 3080 808 3134 sed
865 3087 926 3134 ut
973 3080 1115 3135 alius
1138 3080 1359 3150 quidam
1403 3088 1633 3136 ornatus
1684 3081 1880 3134 animae

292 3172 564 3228 virtuosis
586 3174 846 3242 operibus
882 3173 1224 3228 ostendatur.
1266 3172 1401 3226 Nam
1430 3173 1560 3242 quid
1586 3173 1691 3226 sibi
1728 3173 1876 3226 aliud

293 3266 589 3316 voluerunt
619 3263 734 3316 haec
773 3263 995 3317 nomina
1024 3262 1130 3316 tria
1179 3263 1288 3318 illis
1316 3277 1345 3316 a
1381 3262 1565 3333 Moyse
1600 3264 1876 3333 imposita,

291 3353 582 3425 judicium,
634 3355 922 3420 rationale,
962 3355 1190 3409 veritas?
1238 3361 1332 3409 aut
1359 3355 1448 3408 cui
1477 3361 1717 3424 unquam
1752 3369 1876 3409 cor-

292 3445 469 3515 porali
493 3446 627 3500 vesti
663 3446 778 3500 lucc
805 3446 976 3501 indita
1012 3446 1272 3501 fuerunt?
1295 3446 1426 3500 nulli
1459 3445 1741 3517 profecto:
1778 3461 1878 3500 nec

187 3529 192 3532 ’
292 3536 437 3590 enim
475 3537 828 3602 conveniunt,
873 3537 966 3592 sed
1001 3539 1220 3592 nomina
1263 3537 1380 3606 ipsa
1407 3537 1536 3607 quid
1563 3539 1879 3607 praeﬁgura-

292 3625 488 3691 verint,
505 3628 781 3695 aperiunt,
803 3633 858 3682 et
882 3627 1121 3684 laborem
1145 3628 1512 3698 expositionis
1535 3626 1874 3680 diminuunt.

293 3715 600 3788 l‘lyaciutho
627 3728 714 3774 est
772 3719 963 3776 talaris
1012 3719 1184 3775 vestis
1217 3720 1408 3782 tincta,
1439 3734 1546 3789 qua
1581 3719 1674 3789 qui
1729 3719 1878 3772 hunc

291 3809 473 3864 locum
505 3819 632 3865 ante
655 3825 756 3865 nos
785 3813 1050 3880 speculati
1081 3821 1230 3876 sunt,
1248 3827 1374 3867 aera
1403 3810 1700 3882 signiﬁcari
1731 3809 1876 3864 allir-

292 3907 468 3952 mant.
508 3898 621 3968 Ego
647 3908 828 3954 autem
865 3912 1043 3954 utrum
1077 3902 1272 3955 habeat
1297 3902 1364 3956 ad
1388 3917 1609 3956 aereum
1632 3902 1872 3956 colorem

292 3987 395 4043 llos
457 3989 850 4058 hyacinthinus
881 3988 1220 4055 aﬁinitatem,
1262 4007 1332 4046 an
1380 3992 1515 4058 non,
1556 3991 1683 4047 nolo
1744 4007 1877 4046 cou-

293 4077 538 4134 tendere.
600 4077 888 4133 Rationem
946 4095 1080 4135 vero
1129 4082 1271 4137 hanc
1323 4098 1432 4136 non
1500 4083 1711 4153 rejicio,
1765 4097 1875 4136 non

293 4171 439 4225 enim
475 4185 667 4241 parum
699 4172 764 4226 ad
803 4173 1062 4227 virtutem
1094 4173 1403 4229 conducere
1455 4173 1670 4229 videtur
1700 4192 1713 4226 :
1742 4174 1875 4228 hor-

1983 1713 2084 1784 τὴν
2117 1713 2321 1786 σκηνὴν
2367 1715 2654 1780 ὀπτασίας,
2694 1718 2724 1770 ὁ
2765 1716 3178 1789 κεκαθαρμένος
3228 1721 3433 1785 ἐκεῖνος
3476 1721 3586 1790 ὀφ-

1986 1805 2191 1878 θαλμὸς
2238 1807 2337 1877 τῆς
2384 1809 2661 1872 Μωῦσέως
2711 1808 2927 1881 ἐκείνης
2973 1809 3172 1882 ψυχῆς,
3216 1814 3311 1866 καὶ
3342 1814 3430 1869 διὰ
3461 1813 3579 1867 τῶν

1983 1898 2237 1952 τοιούτων
2287 1897 2523 1968 ὑψωθεὶς
2573 1900 2879 1971 θεαμάτων,
2925 1901 3088 1956 πάλιν
3139 1902 3277 1975 πρὸς
3324 1905 3580 1976 κορυφὴν

1983 1991 2159 2044 ἀλλων
2205 1991 2494 2061 νοημάτων
2546 1992 2958 2058 ἀναϐιϐάζεται,
2993 1995 3086 2049 τὸν
3135 1996 3423 2067 στολισμὸν
3470 2000 3580 2069 τῆς

1986 2083 2284 2155 ἱερωσύνης
2314 2083 2800 2154 ἐκπαιδευόμενος’
2855 2087 2913 2140 ἐν
2947 2081 3024 2150 οἷς
3060 2088 3209 2140 ἐστιν
3250 2088 3280 2140 ὃ
3325 2105 3387 2141 τε
3434 2089 3577 2141 ὐπο-

1981 2175 2167 2247 δύτης,
2218 2176 2314 2228 καὶ
2361 2179 2390 2230 ὁ
2434 2175 2748 2246 ἐπενδύτης,
2779 2177 2874 2231 καὶ
2909 2177 2972 2230 τὸ
3017 2179 3347 2250 προστήθιον
3390 2181 3573 2235 ἐκεῖνο

1981 2269 2102 2330 ταῖς
2150 2267 2421 2331 ποικίλαις
2467 2267 2578 2322 τῶν
2617 2268 2782 2322 λίθων
2817 2268 3034 2338 αίγλαις
3065 2271 3573 2342 περιλαμπόμενον,

1983 2358 2077 2411 καὶ
2118 2358 2153 2430 ἡ
2188 2360 2318 2430 περὶ
2359 2357 2458 2430 τὴν
2494 2358 2737 2431 κεφαλὴν
2769 2361 2970 2425 ταινία,
3021 2361 3116 2414 καὶ
3146 2361 3207 2414 τὸ
3257 2363 3343 2416 ἐπ’
3399 2363 3577 2434 αὐτῆς

1982 2450 2232 2514 πέταλον,
2279 2451 2313 2521 ἡ
2343 2450 2682 2522 περισκελὶς,
2717 2451 2768 2503 oi
2804 2452 3031 2522 ροἲσκοι,
3073 2454 3122 2506 οἱ
3161 2451 3429 2517 κώδωνες,
3451 2448 3577 2508 εἶτα

1982 2540 2242 2611 ὑπεράνω
2303 2540 2545 2605 πάντων,
2574 2540 2637 2594 τὸ
2685 2541 2865 2610 λόγιόν
2901 2559 2961 2595 τε
2987 2543 3078 2596 καὶ
3122 2545 3155 2612 ἡ
3187 2543 3440 2613 δήλωσις,
3475 2543 3576 2598 καὶ

1981 2633 2014 2702 ἡ
2046 2633 2132 2684 ἐπ’
2166 2633 2369 2703 ἀμφοῖν
2399 2633 2751 2704 θεωρουμένη
2789 2634 3036 2704 ἀλήθεια,
3073 2635 3132 2689 αἴ
3164 2652 3225 2688 τε
3254 2635 3573 2690 συνδετικαὶ

1978 2723 2183 2776 τούτων
2225 2723 2564 2794 ἑκατέρωθεν
2606 2723 2899 2794 ἐπωμίδες,
2929 2726 3411 2796 ἐγκεκολαμμέναι
3460 2728 3574 2780 τών

1980 2814 2334 2885 πατριαρχῶν
2360 2815 2428 2867 τά
2461 2813 2702 2884 ὀνόματα
2721 2829 2736 2842 ³
2777 2808 2853 2867 ὧν
2887 2815 3251 2886 ὑποτέμνεται
3276 2817 3337 2870 τὸ
3367 2818 3574 2889 πλῆθος

1979 2909 2076 2977 τῆς
2109 2906 2229 2959 καθ’
2263 2905 2492 2959 ἕκαστον
2532 2905 2794 2977 ἀκριϐοῦς
2815 2905 3068 2977 θεωρίας,
3099 2907 3240 2961 αύτά
3271 2912 3372 2980 τῆς
3406 2927 3571 2982 περι-

1978 2999 2142 3070 ϐολῆς
2167 2998 2236 3051 τά
2287 2998 2547 3068 ὀνόματα.
2590 2997 2750 3050 Ποῖον
2795 2997 2906 3068 γάρ
2942 2998 3266 3068 σωματικῶν
3321 3000 3574 3071 ἐσθημά-

1977 3105 2086 3141 των
2131 3088 2320 3158 ὄνομα,
2369 3087 2621 3159 δήλωσις,
2661 3087 2695 3158 ἢ
2729 3085 2930 3155 λόγιον,
2964 3087 2998 3158 ἢ
3037 3088 3302 3160 ἀλήθεια;
3340 3085 3379 3161 ἦ
3413 3090 3573 3162 δηλο-

1978 3178 2092 3232 νότι
2162 3179 2434 3231 δείκνυται
2505 3177 2594 3230 διὰ
2671 3177 2895 3244 τούτων,
2949 3178 3010 3232 τὸ
3079 3179 3153 3251 μὴ
3208 3181 3416 3253 ταύτην
3470 3184 3576 3255 τὴν

1978 3266 2240 3338 αἰσθητὴν
2308 3264 2594 3336 περιϐολὴν
2646 3265 2733 3321 διά
2800 3269 2900 3338 τῆς
2964 3268 3204 3339 ἱστορίας
3260 3270 3393 3340 ἡμῖν
3433 3271 3570 3325 ὑπο-

1978 3357 2307 3429 γράφεσθαι,
2353 3357 2489 3411 ἀλλά
2536 3373 2660 3411 τινα
2693 3357 2898 3428 κόσμον
2924 3357 3123 3431 ψυχῆς,
3174 3358 3264 3413 διά
3291 3359 3403 3414 τῶν
3445 3362 3570 3414 κατ’

1978 3449 2179 3521 ἀρετὴν
2247 3449 2693 3519 ἐπιτηδευμάτων
2767 3449 3206 3520 ἐξυφαινόμενον.
3284 3451 3573 3516 Ὑάκινθός

1980 3544 2126 3596 ἐστιν
2155 3544 2188 3612 ή
2221 3541 2314 3594 τοῦ
2345 3541 2616 3613 ποδήρους
2647 3541 2792 3612 βαφή
2818 3557 2832 3573 '
2871 3543 3004 3611 φασὶ
3030 3541 3088 3596 δέ
3132 3559 3279 3606 τινες
3305 3543 3415 3596 τῶν
3460 3543 3573 3614 πρὸ

1979 3631 2134 3702 ἡμῶν
2160 3631 2582 3703 τεθεωρηκότων
2605 3630 2698 3684 τὸν
2722 3629 2902 3698 λόγον,
2930 3631 3021 3684 τὸν
3042 3631 3180 3703 ἀέρα
3204 3630 3571 3702 σημαίνεσθαι

1977 3726 2043 3794 τῇ
2091 3722 2255 3794 βαφῇ.
2300 3721 2442 3791 Ἐγὼ
2472 3723 2529 3775 δὲ
2565 3724 2612 3775 εί
2642 3722 2741 3793 μέν
2766 3739 2819 3775 τι
2848 3721 2909 3775 τὸ
2935 3721 3176 3776 τοιοῦτον
3213 3721 3309 3774 τοῦ
3343 3720 3570 3792 χρώμα-

1977 3830 2068 3875 τος
2114 3812 2273 3874 ἄνθος
2319 3813 2456 3882 πρὸς
2502 3812 2564 3864 τὺ
2616 3812 2801 3882 ἀέριον
2849 3811 3050 3882 χρῶμα
3096 3811 3374 3880 συγγενῶς
3424 3811 3564 3882 ἔχει,

1979 3902 2222 3975 ἀκριϐῶς
2247 3903 2346 3954 οὐκ
2373 3901 2483 3972 ἔχω
2518 3901 2965 3974 διῖσχυρίζεσθαι.
3015 3901 3118 3956 Τὸν
3162 3903 3261 3972 μέν
3291 3919 3374 3955 τοι
3405 3901 3565 3971 λόγον

1978 3992 2079 4046 οὐκ
2117 3991 2406 4045 ἀποϐάλλω
2430 4006 2444 4021 °
2481 3993 2748 4046 συντείνει
2775 3991 2886 4062 γὰρ
2914 3993 3050 4064 πρὸς
3074 3993 3173 4064 τὴν
3211 3993 3333 4046 κατ’
3361 3993 3566 4065 ἀρετὴν

1980 4083 2212 4154 θεωρίαν
2258 4083 2454 4152 νόημα,
2493 4083 2575 4136 ὅτι
2617 4082 2886 4153 βούλεται,
2917 4084 3008 4138 τὸν
3039 4085 3300 4155 μέλλοντα
3323 4085 3403 4156 τῷ
3442 4085 3566 4157 Θεῷ

1985 4174 2255 4247 ἱερᾶσθαι,
2287 4175 2381 4229 καὶ
2409 4176 2469 4228 τὸ
2499 4175 2694 4229 ἐαυτοῦ
2739 4177 3033 4247 προσάγειν
3063 4177 3220 4247 σῶμα
3253 4180 3318 4249 τῇ
3350 4180 3556 4250 ἱερουρ-

294 4269 442 4316 tatur
469 4263 613 4316 enim
645 4263 749 4318 hoc
764 4265 1051 4334 :euigmate
1089 4279 1328 4329 omnem,
1357 4266 1452 4336 qui
1490 4265 1586 4321 Dei
1615 4281 1777 4321 sacer

2135 4267 2230 4320 καὶ
2268 4266 2495 4335 σφάγιον
2549 4265 2786 4335 γίνεσθαι
2847 4269 2923 4340 μὴ
2970 4267 3352 4340 νεκρούμενον,
3380 4271 3440 4321 ἐν
3493 4273 3559 4340 τῇ

293 4351 430 4405 tium
480 4366 762 4408 assumere
814 4353 1016 4418 studet,
1069 4355 1310 4424 seipsum
1374 4370 1439 4410 ac
1468 4371 1668 4426 corpus
1709 4371 1869 4412 suum

293 4437 405 4495 Deo
467 4441 664 4496 ollerre
716 4443 971 4508 hostiam,
1003 4459 1110 4498 non
1142 4453 1450 4513 enecatum,
1507 4457 1602 4504 aut
1644 4459 1870 4516 caesum,

293 4533 507 4600 (vivum
547 4532 694 4586 enim
730 4533 830 4588 hoc
883 4536 1238 4601 sacriﬁcium,
1270 4539 1666 4609 rationalisque
1689 4539 1873 4593 cultus

291 4624 382 4678 hic
432 4622 537 4693 est)
567 4637 668 4678 nec
705 4625 889 4694 pingui
927 4627 1161 4695 quodam
1193 4643 1255 4681 ac
1286 4643 1523 4686 caruoso
1558 4629 1722 4700 hujus
1751 4629 1876 4682 vita:

291 4721 519 4777 amictu,
537 4714 631 4767 sed
653 4717 988 4776 tenue,sicut
1009 4718 1167 4772 telam
1189 4733 1405 4774 aranea:
1432 4721 1635 4775 munda
1654 4720 1874 4774 vivendi

291 4807 507 4860 ratione
533 4806 866 4873 conlectum,
893 4815 955 4860 ut
981 4808 1196 4862 vivendi
1237 4811 1501 4866 tenuitate
1545 4812 1680 4874 leve,
1707 4818 1875 4880 atque

291 4911 512 4952 aereum
541 4897 766 4962 factum,
820 4914 1040 4954 sursum
1078 4916 1241 4970 posse
1297 4903 1426 4958 ferri
1456 4904 1724 4960 videatur.
1760 4902 1874 4958 Hoc

289 4990 436 5043 enim
475 4989 636 5044 modo
655 5005 778 5044 cum
804 4991 1158 5047 novissimam
1194 4995 1378 5050 tubam
1396 4995 1544 5050 illam
1562 4995 1844 5050 audiemus

292 5083 437 5136 omni
476 5099 642 5139 onere
671 5084 908 5149 liberati,
949 5085 1099 5142 leves
1129 5089 1196 5144 ad
1224 5089 1469 5158 iubentis
1500 5105 1688 5145 vocem
1723 5089 1871 5144 exsi-

294 5171 492 5227 liemus
521 5190 534 5226 :
560 5188 662 5227 nec
689 5175 928 5244 pondere
956 5176 1068 5231 ullo
1123 5177 1191 5232 ad
1224 5184 1430 5234 terram
1475 5178 1867 5249 deprimemur,

296 5261 389 5318 sed
415 5277 538 5316 cum
593 5261 822 5321 Domino
869 5281 966 5337 per
1000 5281 1126 5323 aera
1160 5269 1423 5324 sublimes
1463 5266 1720 5324 feremur.
1763 5265 1869 5333 Qui

292 5365 447 5422 ergo,
485 5363 542 5407 ut
596 5354 884 5412 Psalmista
917 5357 1073 5426 dicit,
1117 5360 1276 5430 quasi
1327 5374 1582 5417 araneam
1627 5359 1868 5415 animam

372 5529 418 5562 "
438 5531 604 5588 Exod.
628 5548 821 5604 xxvm,
850 5535 938 5591 30.

1977 4357 2126 4428 ζώσῃ
2159 4357 2320 4428 θυσία
2360 4358 2454 4410 καὶ
2483 4357 2670 4430 λογικῇ
2709 4357 2956 4429 λατρεία,
2989 4358 3064 4428 μὴ
3087 4359 3288 4428 παχείᾳ.
3321 4360 3429 4412 τινὶ
3465 4361 3562 4414 καὶ

1976 4449 2306 4521 πολυσάρκῳ
2319 4449 2410 4503 τοῦ
2428 4449 2544 4519 βίου
2559 4468 2624 4502 πε
2631 4449 2816 4522 ριϐολῇ
2830 4451 3228 4505 καταϐλάπτειν
3241 4452 3339 4522 τὴν
3355 4451 3558 4524 ψυχὴν,

1974 4539 2090 4594 ἀλλ’
2121 4541 2516 4595 ἀπολεπτύνειν
2545 4535 2657 4595 οἷόν
2682 4558 2734 4594 τι
2765 4542 3023 4612 ἀράχνιον
3052 4543 3200 4612 νῆμα
3228 4546 3292 4614 τῇ
3325 4543 3560 4615 καθαρό-

1975 4648 2100 4702 τητι
2124 4631 2224 4702 τῆς
2247 4631 2391 4702 ζωῆς
2419 4632 2594 4686 πάντα
2624 4633 2691 4686 τά
2725 4632 2818 4686 τοῦ
2847 4633 2963 4702 βίου
3007 4634 3431 4704 ἐπιτηδεύματα,
3461 4637 3560 4690 καὶ

1977 4723 2144 4791 ἐγγὺς
2161 4719 2300 4776 εἶναι
2330 4722 2468 4794 πρὸς
2490 4723 2549 4776 τὸ
2565 4723 2846 4794 ἀνωφερὲς
2877 4741 2936 4776 τε
2984 4725 3079 4778 καὶ
3111 4724 3312 4793 κοῦφον
3353 4725 3450 4779 καὶ
3482 4727 3562 4779 ἐν·

1977 4813 2180 4884 αέριον,
2201 4813 2302 4884 τὴν
2331 4811 2634 4884 σωματώδη
2664 4814 2868 4886 ταύτην
2891 4813 3052 4884 φύσιν
3076 4817 3409 4886 μετακλάσαι
3428 4835 3442 4848 ·
3471 4817 3560 4873 ἵνα

1973 4906 2102 4958 ὅταν
2132 4905 2230 4972 τῆς
2269 4905 2504 4975 ἐσχάτης
2540 4904 2863 4976 ἀκούσωμεν
2894 4906 3209 4976 σάλπιγγος,
3232 4909 3453 4980 ἀϐαρείς
3497 4927 3559 4964 τε

1977 4995 2071 5048 καὶ
2092 4993 2283 5064 κοῦφοι
2302 4995 2437 5066 πρὸς
2455 4994 2554 5064 τὴν
2574 4994 2757 5065 φωνὴν
2772 4995 2866 5049 τοῦ
2885 4995 3197 5062 κελεύοντος
3219 4998 3556 5069 εὑρεθέντες,

1976 5085 2256 5156 μετάρσιοι
2303 5085 2371 5140 δι’
2404 5085 2567 5156 ἀέρος
2613 5084 2728 5157 ἅμα
2771 5084 2851 5157 τῷ
2884 5087 3072 5158 Κυρίῳ
3110 5088 3424 5160 φερώμεθα,
3451 5091 3558 5145 ὑπὸ

1978 5179 2203 5250 μηδενὸς
2238 5178 2437 5249 βάρους
2461 5179 2556 5233 ἐπὶ
2594 5180 2693 5249 τὴν
2717 5180 2823 5250 γῆν
2856 5180 3260 5252 καθελκόμενοι.
3295 5182 3506 5236 Οὐκοῦν
3529 5185 3559 5236 ὁ

1975 5267 2118 5321 κατά
2165 5266 2264 5338 τὴν
2311 5262 2407 5320 τοῦ
2443 5265 2752 5337 Ψαλμῳδοῦ
2801 5267 3085 5338 ὑποθήκην
3108 5306 3123 5330 ,
3192 5267 3428 5338 ἐκτήξας
3481 5267 3558 5332 ὡς

1975 5357 2217 5428 ἀράχνην
2255 5357 2354 5429 τὴν
2400 5355 2593 5411 ἐαυτοῦ
2621 5341 2819 5430 ψυχὴν,
2852 5357 2944 5412 τὸν
2974 5356 3187 5430 ἀερώδη
3227 5360 3436 5413 ἐκεῖνον
3472 5375 3556 5430 χι-
