3756 5988
315 154 408 210 391
1543 139 1597 193 S.
1631 136 1960 194 GREGORH
2001 131 2294 189 NYSSENI
3457 127 3564 182 39‘!

318 284 437 323 rum
463 276 643 321 autem
670 264 758 318 bis
783 263 1035 318 tinctura:
1070 257 1298 313 ﬁoribus
1323 254 1883 326 rel‘ulgens,reserva-

2060 267 2192 313 ,ατος
2225 248 2641 318 ἀπαυγάζεσθαι
2660 266 2673 279 ·
2704 246 2741 301 ἃ.
2770 246 2827 300 δὲ
2856 244 2943 300 διὰ
2965 244 3168 298 τούτων
3198 239 3564 312 μανθάνομεν,

315 371 430 417 tum
482 361 608 415 huic
636 361 759 414 vita:
789 358 1107 412 thesaurum
1134 349 1499 408 subostendit.

2063 343 2166 397 ὖτά
2208 346 2386 397 ἐστιν·
2441 342 2523 394 ὅτι
2565 339 2633 393 τὰ
2681 340 2792 394 ἄνω
2835 338 2932 408 τῆς
2971 334 3284 407 περιϐολῆς,
3334 334 3437 386 ὃσα
3466 332 3570 400 τῆς

315 452 542 524 καρδίας
591 451 733 513 ἰδίως
787 448 999 518 γίνεται
1044 445 1266 515 κόσμος,
1311 443 1377 495 ὲκ
1417 437 1625 494 πολλῶν
1682 438 1791 490 καὶ»
1834 434 2104 506 διαφόρων
2167 433 2378 506 ἀρετῶν
2438 428 2856 500 κατακίρναται.
2915 427 2997 497 Ἦ-
3024 420 3116 478 οὖν
3193 421 3450 485 ὑάκινθος
3499 423 3571 492 τῇ

315 515 570 615 πορφύρα
639 515 1039 613 συμπλέκεται’
1098 540 1166 610 τῇ
1219 537 1328 607 γὰρ
1391 532 1724 605 καθαρότητι
1780 530 1881 600 τῆς
1940 528 2086 598 ζωῆς
2142 531 2176 598 ἠ
2237 527 2482 599 βασιλεία
2517 524 2894 590 συνέζευκται.
2931 520 3148 583 Κόκκος
3180 517 3237 571 δὲ
3269 519 3336 589 τῇ
3383 515 3572 587 βύσσῳ

315 607 721 705 συμπλέκεταιί
767 634 850 687 ὅτι
908 629 1118 702 πέφυκέ
1141 607 1284 694 ηπως
1335 626 1413 698 τῷ
1443 627 1542 697 τῆς
1573 621 1754 686 αἰδοῦς
1793 620 2098 693 ἐρυθήματι
2144 621 2206 674 τὸ
2246 620 2495 690 λαμπρόν
2549 635 2611 670 τε
2651 619 2745 670 καὶ
2785 612 3023 684 καθαρὸν
3059 610 3152 664 τοῦ
3196 609 3308 680 βίου
3353 607 3573 679 συμφύ-

313 697 566 785 εσθαι”,ό
619 727 675 779 δὲ
710 724 908 796 χρυσὸς
960 697 1074 784 τοῖς
1127 719 1315 775 ἄνθεσι
1365 716 1577 777 τούτοις
1637 710 2130 783 συμπεριλάμπων,
2179 709 2270 762 τὸν
2320 707 2681 776 ἀποκείμενον
2728 703 2809 774 τῷ
2851 700 3076 772 τοιούτῳ
3138 700 3240 772 βίῳ
3293 697 3574 769 θησαυρὸν

313 821 711 875 ὑπαινίσσεται.

380 914 819 969 Patriarcharum
838 922 1053 979 quoque
1066 906 1281 960 nomina
1298 888 1567 971 lapidibus
1589 896 1881 963 insculpta,

314 1022 422 1061 non
449 1019 640 1074 parum
690 1003 853 1057 nobis
904 1001 971 1053 ad
1024 997 1242 1051 virtutis
1277 1004 1528 1048 ornatum
1572 988 1880 1044 conferunt.

310 1084 715 1152 Praeteritorum
749 1093 894 1146 enim
929 1090 1190 1149 virorum,
1224 1085 1317 1154 qui
1359 1083 1562 1151 optime
1603 1079 1882 1137 vixerunt,

312 1185 576 1253 exemplis
594 1181 704 1234 vita
731 1190 915 1233 nostra
947 1176 1357 1231 corroboratur.
1395 1169 1499 1223 Sed
1525 1167 1654 1221 huic
1689 1162 1883 1234 tegmi-

312 1290 444 1329 num
475 1271 692 1327 ornatui
714 1270 855 1323 alius
894 1281 1111 1321 rursum
1138 1264 1372 1332 desuper
1394 1265 1624 1314 ornatus
1661 1254 1892 1323 conjun-

311 1370 459 1437 gitur
496 1382 511 1417 :
534 1368 690 1417 scuta
721 1361 867 1415 enim
894 1370 1057 1412 aurea
1080 1370 1146 1410 ex
1177 1353 1423 1421 utrisque
1447 1345 1773 1417 tegminibus
1797 1344 1893 1396 de-

315 1435 550 1527 pendent
570 1452 726 1514 :lhazc
753 1449 1025 1505 sustinent
1057 1443 1376 1501 fabricatum
1392 1435 1648 1512 quiddam
1666 1450 1731 1490 ex
1755 1446 1891 1487 auro

2060 908 2403 981 Πατριάρχαι
2443 905 2500 959 δὲ
2544 907 2661 968 ταῖς
2703 902 2974 971 ὲπωμίσιν
3008 897 3470 970 ἐγγεγραμμένοι,
3504 895 3574 950 οὗ

1994 1000 2166 1074 μικρά
2201 999 2337 1071 πρὸς
2382 998 2473 1051 τὸν
2510 994 2746 1049 τοιοῦτον
2777 991 3160 1060 καλλωπισμὸν
3190 990 3322 1059 ἡμῖν
3351 1004 3571 1041 συνεισο

1989 1093 2246 1162 φέρουσι’
2292 1090 2405 1150 τοῖς
2444 1086 2551 1157 γὰρ
2616 1081 2950 1154 προλαὸοῦσι
3012 1078 3121 1132 τῶν
3145 1078 3384 1147 ,ἀγαθῶν
3435 1079 3576 1133 ὑπο-

1988 1181 2246 1251 δείγμασι
2299 1176 2729 1245 κατακοσμεῖται
2778 1172 2978 1243 μᾶλλον
3020 1174 3053 1244 ἡ
3105 1171 3215 1225 τῶν
3263 1171 3575 1239 ἀνθρώπων

1992 1269 2127 1339 ζωή.
2158 1268 2328 1323 Πάλιν
2351 1267 2406 1320 δὲ
2445 1265 2524 1335 τῷ
2564 1263 2755 1333 κόσμῳ
2782 1262 2891 1315 τῶν
2914 1262 3132 1316 πέπλων
3152 1263 3337 1332 ἕτερος
3362 1261 3575 1315 ἀνωθεν

1991 1358 2340 1412 ἐπιϐάλλεται
2372 1356 2574 1426 κόσμος
2593 1367 2606 1381 ·
2657 1352 2881 1415 ἀσπίδες
2903 1354 2965 1405 ὲκ
2985 1352 3187 1423 χρυσοῦ
3232 1351 3351 1405 καθ’
3379 1350 3577 1405 ἑκατέ-

1993 1468 2098 1522 ρων
2145 1449 2252 1503 τῶν
2291 1447 2576 1518 ἐπωμίδων
2610 1445 2952 1515 καθειμέναι,
2988 1444 3081 1497 καὶ
3119 1443 3187 1495 δι’
3221 1442 3431 1496 ἑαυτῶν
3475 1443 3578 1494 ἀν-

315 1524 487 1615 ﬁgura
516 1542 867 1613 quadratum,
903 1536 1190 1592 duodecim
1219 1532 1492 1603 lapidibus
1536 1524 1883 1596 resplendens

2060 1537 2209 1591 ουσαί
2238 1555 2291 1588 τι
2338 1535 2729 1606 χρυσότευκτον
2762 1534 2818 1584 ἐν
2848 1531 3176 1603 τετραγώνῳ
3206 1530 3281 1599 τῷ
3304 1530 3571 1600 σχήματι,

313 1599 506 1690 ordine
532 1599 766 1702 quodam
806 1599 1106 1698 dispositis.
1162 1599 1410 1689 Qua—tuor
1440 1628 1616 1674 autem
1667 1617 1883 1671 ordines

2060 1627 2305 1681 σκαίδεκα
2340 1599 2508 1688 λίθοις
2541 1599 3050 1694 καταλαμπόμενον,
3083 1599 3329 1692 στιχηδὸν
3358 1599 3571 1675 διακει-

313 1734 510 1790 erant,
558 1737 791 1793 quorum
851 1718 1231 1788 unusquisque
1283 1714 1583 1770 trinitatem
1643 1709 1883 1779 lapidum

311 1814 647 1870 continebat.
684 1808 920 1879 Lapides
959 1815 1139 1861 autem
1174 1806 1248 1859 ita
1279 1815 1436 1859 erant
1462 1801 1618 1861 varii,
1671 1807 1731 1852 ut
1765 1798 1886 1851 nul-

312 1906 422 1960 lius
455 1903 523 1958 ad
562 1902 794 1955 alterum
825 1905 969 1953 esset
1002 1894 1339 1951 similitudo:
1369 1890 1586 1960 proprio
1615 1892 1757 1943 enim
1781 1888 1889 1941 sin-

313 1996 423 2066 guii
461 1994 748 2064 splendore
784 1988 1079 2058 fulgebant.
1110 1985 1213 2040 Sed
1251 1983 1421 2053 ﬁgura
1468 1981 1685 2050 quidem
1724 1992 1888 2032 orna-

314 2085 481 2142 menti
516 2084 651 2137 lnec.
705 2079 978 2149 Spit-italis
1007 2091 1139 2131 vero
1185 2089 1382 2130 sensus
1438 2081 1716 2127 scutorum
1765 2069 1887 2137 qui-

315 2178 433 2232 dem
500 2189 616 2243 quae
667 2172 734 2225 ab
785 2169 1025 2223 humeris
1068 2164 1464 2236 dependebant,
1509 2168 1750 2216 armatos
1785 2174 1885 2213 nos

313 2280 434 2319 esse
458 2262 776 2316 adhortatur
801 2259 1064 2311 adversus
1086 2263 1399 2323 tyrannum,
1427 2259 1481 2304 et
1512 2251 1721 2302 hostem
1788 2260 1887 2298 no-

318 2365 515 2411 strum.
544 2350 731 2405 Virtus
761 2349 928 2413 enim,
959 2355 1017 2400 ut
1047 2360 1073 2397 a
1104 2342 1275 2397 Paulo
1303 2340 1507 2395 dictum
1539 2347 1643 2402 est,
1674 2337 1776 2391 ﬁde
1823 2349 1887 2388 ac

318 2446 457 2498 bona
485 2450 700 2497 constat
732 2438 1076 2494 conscientia
1107 2453 1120 2490 :
1159 2434 1357 2504 quibus
1379 2433 1450 2484 ita
1474 2444 1595 2483 esse
1628 2428 1888 2480 adversus

313 2533 657 2588 inimicorum
713 2528 819 2582 tela
879 2525 1122 2580 munitos
1180 2529 1414 2592 oportet.
1452 2528 1508 2572 ut
1538 2518 1621 2571 his
1666 2515 1891 2584 justitia:

313 2622 483 2677 armis
514 2618 719 2673 dextris
737 2625 899 2686 atque
934 2612 1197 2674 sinistris,
1225 2604 1644 2663 invulnerabiles
1672 2617 1891 2657 manea-

315 2729 459 2767 mus.
490 2708 804 2776 Quadratus
833 2688 1012 2759 autem
1047 2702 1137 2756 ille
1168 2709 1415 2757 ornatus,
1436 2696 1526 2766 qui
1565 2698 1829 2764 utrinque
1858 2707 1889 2746 a

314 2807 487 2863 scutis
520 2801 875 2874 dependebat,
923 2799 980 2854 in
1028 2812 1137 2868 quo
1167 2796 1385 2850 nomina
1431 2792 1886 2864 patriarcharum,

314 2898 407 2969 qui
436 2896 687 2951 tribubus
711 2891 1035 2963 cognomina
1084 2889 1368 2949 dederunt,
1432 2887 1699 2955 impressa
1750 2883 1891 2952 lapi-

316 2974 478 3044 dibus
504 2985 746 3048 fuerunt,
775 2983 958 3038 cordis
986 2981 1121 3034 ﬁunt
1152 2988 1480 3048 tegumenta.
1537 2976 1717 3042 Quare
1772 2975 1892 3029 dili-

316 3084 504 3146 genter
535 3088 637 3128 nos
670 3070 1117 3126 docet-omnibus
1138 3068 1573 3139 patriarcharum
1599 3064 1892 3121 virtutibus

316 3167 557 3222 animum
588 3159 710 3236 ejus
734 3178 860 3218 esse
882 3169 1206 3216 exornatum
1238 3160 1331 3228 qui
1366 3158 1581 3212 duobus
1609 3157 1692 3211 his
1719 3158 1893 3211 scutis

317 3254 616 3311 adversarii
647 3252 752 3308 tela
783 3250 1080 3322 repulerit.
1112 3249 1390 3317 Quadrata
1420 3264 1547 3303 vero
1577 3250 1745 3318 ﬁgura
1777 3255 1893 3302 sta-

318 3347 582 3401 bilitatem
612 3344 832 3400 virtutis
857 3342 1119 3398 ostendit.
1152 3339 1285 3394 Nam
1321 3341 1433 3394 haec
1482 3338 1653 3410 ﬁgura
1712 3352 1895 3409 aequa-

318 3436 442 3492 liter
474 3435 714 3507 undique
767 3432 981 3505 angulis
1026 3439 1080 3487 et
1131 3431 1392 3487 convexis
1422 3431 1547 3485 nixa
1606 3430 1891 3492 lateribus,

319 3545 425 3584 non
460 3527 615 3582 facile
651 3526 859 3582 deloco
884 3532 1149 3579 movetur.
1185 3524 1252 3577 At
1274 3538 1402 3577 vero
1432 3522 1721 3587 catenulaa,
1780 3520 1895 3591 qui-

318 3623 422 3676 bus
454 3628 771 3675 ornamcnta
802 3618 917 3672 haec
945 3616 1011 3670 ad
1050 3613 1272 3670 brachia
1307 3620 1729 3679 connectuntur,
1766 3628 1895 3681 pur.-

318 3715 499 3782 eipere
531 3712 661 3766 mihi
686 3711 963 3775 videntur,
997 3716 1251 3779 oportere
1285 3708 1340 3761 in
1364 3708 1539 3761 altiori
1564 3708 1670 3760 vita
1698 3707 1893 3776 praxin

319 3804 673 3873 speculationi
728 3802 1085 3871 conjungere.
1137 3800 1247 3854 Cor
1298 3799 1443 3852 enim
1508 3798 1894 3867 speculationis

322 3898 440 3949 loco
466 3895 588 3962 poni
622 3892 860 3955 videtur,
897 3889 1126 3944 brachia
1155 3903 1288 3943 vero
1326 3888 1685 3959 operationis.
1717 3884 1894 3954 Caput

321 3993 501 4040 autem
564 3982 871 4037 diademate
911 3989 1230 4035 coronatum
1257 4019 1273 4040 ,
1323 3988 1655 4035 reservatam
1692 3981 1894 4032 virtute

319 4071 561 4143 praeditis
594 4085 851 4125 coronam
884 4068 1176 4138 signiﬁcat,
1208 4083 1374 4138 quam
1409 4068 1456 4122 is
1493 4074 1746 4129 exornat,
1796 4067 1892 4136 qui

321 4176 486 4214 aurea
519 4158 717 4213 lamina
748 4155 1116 4212 itteﬂ'abilibus
1150 4164 1271 4211 erat
1327 4157 1471 4210 notis
1508 4156 1751 4210 ca-latus.
1815 4153 1892 4208 lia

1993 1721 2204 1789 μένοις·
2238 1718 2497 1788 τέτταρες
2534 1715 2591 1769 δὲ
2633 1716 2681 1768 οἱ
2725 1714 2885 1778 λίθοι,
2927 1714 3121 1786 τριάδα
3147 1713 3309 1767 λίθων
3335 1714 3575 1777 ἕκαστος

1988 1811 2359 1883 περιέχοντες.
2430 1809 2518 1861 Ἐν
2575 1801 2662 1870 αἷς
2715 1807 2814 1859 οὐκ
2845 1801 2912 1877 ἦν
2962 1806 3141 1875 εὑρεῖν
3182 1822 3303 1858 τινα
3345 1804 3573 1875 ὁμοειδῆ

1988 1902 2135 1972 πρὸς,
2164 1899 2261 1968 τὴν
2299 1898 2522 1969 ἑτέραν·
2572 1897 2685 1950 ἀλλ’
2727 1894 3056 1961 ἰδιαζούσαις
3103 1895 3300 1963 αὐγαῖς
3361 1896 3571 1964 ἑκάστη

1989 1990 2407 2055 ἐκαλλωπίζετο.
2443 1987 2515 2041 Τὸ
2546 1988 2642 2055 μὲν
2668 1987 2730 2057 δὴ
2759 1988 2942 2057 σχῆμα
2969 1986 3061 2040 τοῦ
3095 1987 3319 2054 κόσμου,
3363 1986 3525 2039 τοῦτο
3550 2003 3565 2014 ·

1988 2087 2020 2155 ή
2063 2084 2119 2136 δὲ
2159 2083 2385 2146 διάνοια,
2425 2083 2458 2151 ἡ
2505 2081 2603 2150 μὲν
2645 2079 2752 2132 τῶν
2776 2079 3015 2133 ἀσπίδων
3060 2077 3168 2130 τῶν
3223 2077 3573 2148 καθειμένων

1989 2175 2097 2229 ἀπὸ
2124 2172 2231 2226 τῶν
2257 2173 2442 2242 ῶμων,
2472 2171 2533 2224 τὸ
2560 2170 2856 2240 περιδέξιον
2889 2170 2987 2239 τῆς
3025 2168 3167 2222 κατὰ
3199 2166 3291 2220 τοῦ
3330 2168 3574 2219 ἀντικει-

1995 2265 2155 2338 μένου
2204 2264 2469 2327 ὁπλίσεως
2518 2263 2915 2323 ύπαινίσσεται,
2968 2260 3043 2323 ὡς
3080 2258 3312 2328 ἐδείχθη.
3369 2257 3571 2320 Καθὼς

1995 2358 2175 2429 μικρῷ
2211 2356 2444 2428 πρόσθεν
2474 2355 2707 2426 εἴρηται.
2745 2355 2844 2424 τῆς
2893 2353 3093 2423 ἀρετῆς
3130 2351 3575 2421 κατορθουμένης

1989 2449 2077 2502 διά
2113 2466 2171 2502 τε
2221 2447 2475 2511 πίστεως,
2509 2447 2602 2500 καὶ
2636 2445 2735 2515 τῆς
2773 2442 2917 2496 κατά
2946 2441 3037 2495 τὸν
3069 2442 3182 2513 βίον
3213 2440 3403 2493 τοῦτον
3429 2441 3573 2508 ἀγα-

1991 2540 2089 2610 θῆς
2129 2540 2503 2609 συνειδήσεως,
2557 2538 2693 2609 πρὸς
2738 2535 3024 2606 ἀμφότερα
3071 2532 3406 2602 ἠσφαλίσθαι
3449 2535 3574 2597 ταῖς

1989 2633 2099 2685 τῶν
2126 2632 2366 2685 ἀσπίδων
2393 2627 2738 2700 προσϐολαῖς,
2771 2625 3014 2696 ἄτρωτον
3041 2624 3149 2677 τῶν
3187 2622 3444 2677 τοιούτων
3481 2623 3576 2692 βε-

1991 2723 2100 2775 λῶν
2146 2721 2489 2791 διαμένοντα,
2545 2717 2635 2771 διὰ
2687 2716 2795 2769 τῶν
2848 2714 3027 2769 ὅπλων
3075 2716 3174 2784 τῆς
3224 2713 3575 2781 δικαιοσύνης

1993 2814 2100 2865 τῶν
2136 2811 2324 2878 δεξιῶν
2355 2812 2448 2863 καὶ
2478 2806 2781 2878 ἀριστερῶν
2803 2822 2817 2835 ·
2863 2805 2923 2859 τὸ
2949 2805 3005 2858 δὲ
3033 2804 3370 2875 τετράγωνον
3394 2805 3575 2855 ἐκεῖνο

1917 2917 1960 2974 ς,
1994 2904 2238 2971 κόσμιον,
2272 2900 2333 2952 τὸ
2370 2899 2476 2952 τῶν
2509 2897 2750 2952 ἀσπίδων
2797 2894 3135 2965 ἑκατέρωθεν
3177 2891 3574 2964 ἐξηρτημένον,

1994 2996 2050 3046 ὲν
2093 2988 2136 3060 ᾧ
2175 2995 2310 3044 εἰσιν
2351 2992 2400 3043 οἱ
2435 2990 2710 3057 ἐπώνυμοι
2738 2986 2845 3040 τῶν
2875 2986 3054 3053 φυλῶν
3093 2984 3426 3055 πατριάρχαι
3458 2987 3582 3049 τοῖς

1992 3082 2158 3143 λίθοις
2179 3081 2553 3150 κατάγραπτοι
2573 3095 2586 3108 ·
2614 3074 2772 3129 τοῦτο
2800 3076 2898 3145 τῆς
2940 3073 3169 3144 καρδίας
3195 3072 3577 3144 προκάλυμμα

1994 3171 2218 3239 γίνεται.
2254 3169 2606 3230 Παιδεύοντος
2636 3167 2783 3236 ἡμᾶς
2820 3165 2912 3219 τοῦ
2954 3164 3137 3233 λόγου,
3168 3164 3250 3216 ὅτι
3282 3163 3310 3214 ὁ
3335 3162 3454 3223 ταῖς
3478 3161 3576 3214 δύο

1992 3259 2215 3320 ταύταις
2247 3257 2438 3310 ἀσπίσι
2479 3256 2568 3309 τὸν
2611 3254 2846 3324 πονηρὸν
2882 3252 3103 3323 τοξότην
3143 3250 3569 3323 ἀποκρουσάμε-

1994 3367 2102 3414 νος,
2158 3350 2357 3411 πάσαις
2408 3349 2530 3410 ταῖς
2575 3345 2684 3399 τῶν
2730 3342 3086 3415 πατριαρχῶν
3134 3343 3355 3411 ἀρεταῖς
3399 3357 3578 3394 κατα-

1995 3441 2260 3511 κοσμήσει
2285 3438 2381 3509 τὴν
2413 3437 2548 3490 ἰδίαν
2580 3436 2778 3506 ψυχὴν,
2804 3435 2963 3488 ἄλλου
3000 3433 3171 3496 άλλως
3190 3434 3247 3485 ὲν
3269 3430 3347 3502 τῷ
3378 3431 3578 3503 πέπλῳ

1992 3533 2089 3601 τῆς
2132 3531 2333 3602 ἀρετῆς
2375 3527 2797 3598 διαλάμποντος.
2831 3525 2904 3579 Τὸ
2934 3525 2990 3577 δὲ
3039 3527 3221 3595 σχῆμα
3257 3522 3348 3577 τοῦ
3386 3539 3577 3594 τετρα-

1992 3623 2188 3693 γώνου,
2221 3621 2443 3685 ἔνδειξίς
2473 3637 2555 3672 σοι
2588 3618 2729 3672 ἔστω
2767 3620 2866 3688 τῆς
2903 3619 2960 3670 ὲν
3001 3616 3078 3687 τῷ
3109 3616 3259 3686 καλῷ
3305 3617 3574 3684 παγιότη-

1991 3731 2102 3777 τος.
2138 3710 2546 3783 Δυσμετάθετον
2586 3710 2694 3780 γὰρ
2731 3708 2791 3761 τὸ
2830 3707 3069 3761 τοιοῦτον
3108 3710 3314 3778 σχῆμα,
3356 3708 3424 3760 δι’
3455 3706 3575 3761 ῖσου

1992 3809 2110 3869 ταῖς
2125 3805 2347 3873 γωνίαις
2362 3803 2453 3857 ἐπὶ
2468 3804 2565 3872 τῆς
2582 3800 2798 3863 εὐθείας
2812 3799 2918 3853 τῶν
2933 3798 3180 3868 πλευρῶν
3199 3801 3221 3851 ὲ
3229 3798 3539 3869 ρειδόμενον
3553 3814 3571 3830 ⁸

1992 3897 2042 3949 οἱ
2082 3896 2145 3948 δὲ
2190 3892 2529 3962 τελαμῶνες,
2564 3891 2630 3944 δι’
2669 3884 2745 3943 ὧν
2797 3890 2864 3944 τὰ
2914 3890 3353 3959 προκοσμήματα
3399 3888 3575 3941 ταῦτα

1995 3988 2373 4057 συνδεσμεῖται
2399 3983 2535 4055 πρὸς
2560 3984 2685 4045 τοὺς
2711 3982 3019 4054 βραχίονας,
3042 3981 3219 4051 δόγμα
3246 3997 3336 4050 μοι
3356 3979 3576 4036 δοκοῦσι

1996 4078 2132 4148 πρὸς
2185 4077 2275 4129 τὸν
2322 4074 2523 4145 ὑψηλὸν
2573 4074 2684 4145 βίον
2724 4072 3091 4144 παρέχεσθαι,
3136 4070 3230 4125 τοῦ
3279 4071 3389 4124 δεῖν
3440 4087 3574 4124 συνο

1993 4169 2183 4223 ἅπτειν
2212 4169 2311 4238 τὴν
2359 4165 2668 4237 πρακτικὴν
2717 4164 3032 4234 φιλοσοφίαν
3065 4165 3130 4233 τῇ
3170 4161 3313 4216 κατὰ
3338 4162 3577 4233 θεωρίαν

322 4250 510 4304 induto
540 4250 845 4320 vestitoque
892 4247 1165 4302 sacerdoti
1215 4247 1423 4301 nullutn
1464 4247 1883 4300 calceamentum

2060 4256 2399 4328 εργουμένῃ·
2442 4255 2584 4308 ὥστε
2612 4254 2711 4326 τὴν
2748 4254 2975 4325 καρδίαν
3016 4254 3135 4324 μὲν,
3171 4253 3273 4322 τῆς
3305 4253 3571 4322 θεωρίας.

320 4343 638 4411 imponitur,
674 4357 740 4395 ne
780 4340 990 4394 tardior
1025 4340 1092 4394 ad
1126 4338 1459 4394 currendum
1516 4338 1610 4400 sit,
1656 4346 1750 4391 aut
1802 4340 1889 4390 vix

322 4430 558 4493 mobilis,
590 4429 755 4498 pelles
781 4443 965 4484 secum
994 4429 1276 4483 attrahens
1311 4427 1622 4481 animalium
1651 4437 1893 4481 mortuo-

321 4534 467 4573 rum.
489 4518 627 4573 Nam
660 4518 847 4588 utjam
883 4519 1142 4583 diximus,
1173 4518 1556 4589 impedimento
1592 4520 1760 4574 calcei
1781 4518 1894 4573 fue-

322 4617 448 4663 rant
495 4608 688 4680 Moysi,
745 4624 869 4664 cum
918 4610 983 4664 ad
1036 4609 1316 4665 ardentem
1362 4611 1552 4665 rttbum
1587 4612 1890 4667 accederet.

321 4698 478 4765 Quod
502 4698 546 4752 si
583 4697 635 4750 in
664 4695 839 4767 primo
868 4698 1052 4751 statim
1088 4698 1239 4752 aditu
1285 4698 1665 4766 reprobantur,
1722 4703 1893 4754 multo

322 4789 499 4860 magis
556 4803 584 4841 a
642 4788 944 4842 sacerdotis
1003 4787 1139 4857 pede
1188 4789 1533 4855 rejiciuntur.
1569 4790 1671 4857 Qui
1712 4804 1889 4846 autem

324 4895 419 4948 per
448 4893 638 4934 omnes
658 4878 880 4948 gradus.
904 4894 1041 4946 quos
1061 4876 1171 4946 jam
1211 4881 1583 4948 exposuimus,
1632 4884 1893 4937 ascende-

323 4972 414 5035 rit,
433 4973 479 5024 is
503 4985 531 5023 a
560 4968 669 5023 Deo
691 4969 792 5023 sibi
818 4970 1045 5024 traditas
1071 4971 1285 5026 tabulas
1316 4972 1381 5024 ad
1414 4974 1889 5042 populum'defert,

323 5063 522 5131 quibus
538 5062 721 5127 divina
750 5061 836 5115 lex
852 5062 1166 5115 continetur
1196 5080 1208 5114 :
1249 5061 1345 5116 sed
1376 5062 1509 5116 dura
1539 5071 1888 5132 peceatorum

324 5153 606 5208 collisione
627 5152 855 5222 dirupta:
885 5160 1271 5206 conteruntur.
1322 5152 1612 5208 Peccatum
1648 5170 1776 5209 vero
1819 5155 1893 5209 si-

325 5244 549 5297 mulacri
583 5244 764 5298 cultus
794 5252 913 5299 erat
948 5244 1002 5298 in
1024 5244 1178 5298 vituli
1209 5245 1562 5299 similitudine
1588 5245 1893 5305 constituti.

324 5333 468 5403 quod
486 5350 515 5387 a
545 5333 726 5405 Moyse
754 5336 1073 5399 contritum,
1101 5350 1351 5405 aquaque
1374 5335 1725 5399 dissolutum,
1762 5336 1889 5404 ipsis

327 5424 419 5493 qui
442 5431 736 5491 peccarunt
767 5423 943 5478 factus
969 5436 1051 5481 est
1080 5432 1272 5494 potus:
1304 5427 1379 5479 ita
1427 5427 1572 5479 omni
1618 5425 1780 5479 modo
1830 5435 1886 5479 et

329 5517 551 5573 materia
581 5532 702 5587 quae
730 5517 1011 5571 hominum
1046 5529 1270 5586 peccato
1304 5518 1767 5581 subministravit,
1797 5518 1886 5571 dc-

1997 4348 2122 4409 τοὺς
2167 4345 2224 4397 δὲ
2273 4345 2563 4415 βραχίονας
2613 4343 2722 4397 τῶν
2781 4342 2958 4413 ἔργων
3013 4341 3255 4412 σύμϐολα
3301 4340 3572 4408 γίνεσθαι.

2001 4434 2225 4505 Κεφαλὴ
2249 4434 2306 4488 δὲ
2334 4434 2681 4505 κοσμουμένη
2713 4434 2792 4504 τῷ
2826 4434 3136 4504 διαδήματι,
3165 4433 3255 4485 τὸν
3280 4430 3577 4500 ἀποκείμε-

1999 4542 2088 4578 νον
2112 4527 2224 4588 τοῖς
2251 4519 2308 4578 εὖ
2351 4524 2636 4595 βεϐιωκόσι
2670 4524 2931 4593 στέφανον
2980 4522 3367 4593 ἀποσημαίνει,
3392 4522 3450 4575 ὃν
3484 4537 3577 4575 κο-

2001 4620 2129 4685 σμεί
2165 4615 2194 4666 ό
2225 4614 2657 4684 ἐσφραγισμένος
2682 4614 2758 4683 τῷ
2792 4612 2977 4684 χρυσῷ
3012 4612 3226 4680 πετάλῳ
3247 4615 3359 4675 τοῖς
3398 4612 3573 4683 ἀρρή-

1998 4721 2113 4767 τοις
2148 4704 2522 4773 χαράγμασιν.
2554 4705 2836 4775 ’Υπόδημα
2871 4705 2927 4757 δὲ
2960 4706 3020 4757 ού
3046 4703 3355 4773 περιτίθησι
3382 4702 3458 4773 τῷ
3483 4704 3574 4757 τὸν

1999 4792 2237 4848 τοιοῦτον
2260 4795 2463 4864 κόσμον
2492 4795 2792 4848 ὲνδεδυκότι
2812 4812 2824 4823 ·
2848 4795 2923 4858 ὡς
2942 4797 3006 4847 ἂν
3030 4794 3103 4865 μὴ
3127 4793 3411 4866 βαρύνοιτο
3438 4795 3574 4865 πρὸς

1997 4886 2089 4940 τὸν
2118 4885 2339 4956 δρόμον,
2379 4887 2471 4939 καὶ
2497 4887 2813 4956 δυσκίνητος
2840 4888 2924 4956 εἴη
2960 4889 3024 4957 τῇ
3064 4887 3171 4940 τῶν
3220 4886 3425 4957 νεκρῶν
3450 4886 3572 4955 δερ-

2003 4977 2186 5045 μάτων
2233 4975 2513 5046 περιϐολῇ.
2545 4976 2685 5029 κατά
2730 4977 2827 5046 τὴν
2856 4977 3153 5046 γενομένην
3201 4977 3295 5029 ἐπὶ
3336 4976 3435 5046 τῆς
3477 4977 3570 5029 τοῦ

1997 5065 2154 5134 ὅρους
2179 5066 2406 5136 θεωρίας
2433 5066 2689 5120 διάνοιαν.
2717 5066 2839 5128 Πῶς
2862 5062 2953 5119 οὖν
2978 5065 3198 5137 ἔμελλεν
3219 5066 3338 5118 ἀντὶ¹
3364 5067 3572 5136 κόσμου

1994 5155 2072 5247 τῷ
2096 5156 2216 5209 ποδλ¹
2252 5147 2312 5210 τὸ
2354 5158 2609 5229 ὑπόδημα
2642 5157 2907 5226 γίνεσθαι,
2936 5156 2997 5210 τὸ
3038 5156 3178 5210 κατὰ
3215 5157 3315 5227 τὴν
3345 5156 3573 5228 πρώτην

1998 5247 2384 5316 μυσταγωγίαν
2418 5249 2493 5311 ὡς
2532 5248 2785 5319 ἐμπόδιον
2824 5249 2926 5319 τῆς
2969 5249 3153 5303 ἀνόδου
3195 5250 3574 5322 euocandus.

1993 5355 2115 5403 νον;
2150 5339 2208 5391 Ὀ
2237 5340 2293 5391 δὲ
2323 5340 2575 5394 τοσοῦτον
2604 5341 2794 5403 διαϐὰς
2833 5341 2922 5395 διὰ
2960 5341 3065 5395 τῶν
3095 5339 3334 5411 καθεξῆς
3361 5343 3573 5414 θεωρη-

1995 5428 2187 5483 θεισῶν
2222 5432 2353 5499 ἡμῖν
2386 5431 2721 5495 ἀναϐάσεων,
2747 5433 2843 5497 τὰς
2875 5431 3224 5495 θεοτεύκτους
3248 5434 3466 5497 πλάκας
3489 5435 3577 5488 διὰ

1994 5518 2173 5590 χειρὸς
2203 5521 2379 5591 φέρει,
2406 5521 2461 5574 αἲ
2510 5522 2652 5576 θεῖον
2681 5523 2843 5593 νόμον
2882 5524 2939 5576 ἐν
2979 5523 3173 5585 αὐταῖς
3199 5525 3576 5595 περιέχουσιν.
