3800 5980
197 183 291 241 395
1516 182 1602 237 DE
1642 182 1732 236 Vl']

1844 175 2120 237 MOYSIS.
3325 191 3432 250 σοι

206 305 350 359 ’Δὶλά
403 303 772 375 συντρίϐονται
824 302 1006 371 αὗται,
1050 309 1116 378 τῇ
1170 307 1468 379 τραχύτητι
1508 310 1608 379 τῆς
1646 307 1732 361 τῶι

1858 307 1964 362 leta
1994 314 2099 363 est.
2145 304 2469 375 Prophetice
2508 306 2675 376 igitur
2700 309 2812 366 haec
2839 309 3068 367 historia
3093 312 3159 369 de
3199 315 3284 381 iis,
3308 331 3430 388 qua:

193 395 569 469 ἡμαρτηκότων
613 396 932 463 ἀντιτυπίας
970 401 1388 470 περιτριᾰίσαι.
1438 400 1512 453 Τὸ
1550 400 1605 452 δὲ
1646 400 1732 472 τῆς

1851 399 2059 455 nostris
2075 398 2415 469 temporibus
2448 398 2592 483 facta
2626 408 2774 467 sunt,
2804 403 3146 460 exclamavit.

197 492 447 563 ἁμαρτίας
466 487 627 557 εἶδος,
661 493 1005 548 είδωλοποιία
1025 490 1115 565 ἦν.
1140 498 1198 550 ὲν
1219 495 1524 567 ὁμοιώματι
1585 495 1785 566 μόσχου
1832 493 2129 563 γλυφέντος
2169 496 2283 558 τοῖς
2329 494 2741 568 εἰδωλολάτραις
2789 497 2885 551 τοῦ
2929 499 3317 571 ἀφιδρύματος.
3359 504 3428 556 Ὃ

195 586 326 656 παρά
370 585 461 638 τοῦ
512 584 792 650 Μωῦσὲως
842 586 1150 655 ἐκλεανθὲν,
1193 589 1312 642 ὅλον
1357 588 1620 659 συνελύθη
1674 589 1753 659 τῷ
1810 585 1984 647 ὕδατι.
2025 587 2121 639 καὶ
2162 572 2339 640 ’ποτὸν
2365 586 2474 641 τῶν
2511 587 2971 671 ἐξημαρτηκότων
2999 592 3214 660 ἐγένετο
3234 614 3249 626 ο
3289 593 3428 649 ὥστε

194 679 339 734 παντὶ
400 678 589 750 τρόπῳ
630 679 711 742 είς
753 680 1061 750 ἀφανισμὸν
1105 682 1353 753 χωρῆσαι
1398 680 1500 752 τὴν
1534 679 1689 751 ὕλην,
1718 680 1785 749 τῇ
1809 676 2033 749 ἀσεϐείᾳ
2079 675 2188 731 τῶν
2222 677 2524 748 ἀνθρώπων
2545 679 2969 751 ὑπηρετήσασαν
2994 681 3168 735 ταῦτα
3192 684 3427 755 μάλιστα

192 773 418 843 καὶπερὶ
457 771 567 824 τῶν
594 771 690 826 νῦν
718 772 776 825 ἐν
810 772 890 842 τῷ
922 774 1044 827 καθ’
1070 774 1217 844 ἡμᾶς
1249 773 1425 845 χρόνῳ
1452 770 1855 842 γεγενημένων,
1888 770 2009 823 τότε
2041 771 2073 840 ὴ
2106 770 2313 842 ἱστορία
2344 770 2696 842 προφητικῶς
2731 772 3063 844 ἀνεφώνησε.

252 868 396 920 Πᾶσα
435 865 545 937 γάρ
587 867 621 937 ἡ
656 869 784 938 περ).
820 867 890 921 τά
943 868 1137 923 εἴδωλα
1170 868 1343 939 πλάνη
1366 911 1380 934 ,
1429 868 1610 922 τέλεον
1654 867 1745 934 ἐξ·

187 958 459 1029 ηφανίσθη.
480 958 847 1014 καταποθεῖσα
878 959 1028 1032 παρὰ
1042 959 1150 1014 τῶν
1176 960 1412 1014 εὐσεϐῶν
1440 960 1742 1030 στομάτων,

190 1051 287 1104 τῶν
305 1052 387 1104 διὰ
406 1052 507 1120 τῆς
524 1052 733 1122 ἀγαθῆς
755 1051 1042 1123 ὁμολογίας
1053 1051 1144 1106 τὸν
1166 1052 1467 1123 ἀφανισμὸν
1491 1053 1591 1122 τῆς
1619 1051 1745 1105 ἀσέ-

191 1142 304 1205 εοῦς
326 1141 454 1211 ὕλης
485 1144 545 1195 ἐν
579 1143 763 1207 αὐτοῖς
791 1144 1192 1214 ποιησαμένων.
1216 1145 1325 1197 Καὶ
1351 1143 1495 1215 ὕδωρ
1522 1144 1745 1212 γέγονεν

188 1233 406 1302 ἀτεχνῶς
437 1233 732 1303 παροδικόν
756 1252 815 1287 τε
840 1236 933 1288 καὶ
961 1234 1329 1288 ἀνυπόστατον
1355 1234 1421 1289 τὰ
1456 1233 1621 1288 πάλαι
1645 1251 1743 1287 πε-

190 1321 384 1392 πηγότα
418 1321 571 1393 παρά
588 1325 698 1386 τοῖς
721 1323 1134 1396 εἰδωλολάτραις
1166 1326 1460 1397 μυστήρια,
1485 1324 1628 1397 ὕδωρ
1653 1325 1745 1379 ὑπ’

186 1413 345 1467 αὐτῶν
373 1414 481 1467 τῶν
525 1432 656 1469 ποτε
703 1415 1206 1485 εἰδωλομανούντων
1255 1418 1536 1487 στομάτων
1578 1428 1745 1471 κατα-

186 1505 472 1575 πινόμενον.
499 1506 667 1560 Ὅταν
699 1507 808 1579 γάρ
840 1509 956 1580 ἴδῃς
987 1510 1113 1573 τοὺς
1145 1509 1407 1582 πρότερον
1429 1513 1495 1581 τῇ
1520 1510 1743 1584 τοιαύτῃ

185 1594 571 1659 ὑποπίπτοντας
624 1598 962 1669 ματαιότητι,
1014 1597 1109 1652 νῦν
1156 1598 1514 1671 ἀναιροῦντας
1558 1600 1741 1654 ἐκεῖνα

1923 861 2116 919 Omnis
2167 864 2312 918 enim
2351 864 2499 919 circa
2528 860 2822 921 simulacra
2851 883 3028 932 error,
3064 868 3312 926 funditus
3338 879 3424 927 est

1851 955 2102 1010 sublatus
2135 963 2299 1026 atque
2320 971 2416 1012 ore
2440 957 2652 1027 piorum
2677 959 2987 1030 absorptus,
3013 961 3107 1032 qui
3130 963 3269 1017 bona
3292 977 3424 1018 con-

1851 1045 2089 1103 fessione
2113 1047 2394 1102 materiam
2423 1048 2719 1117 impietatis
2759 1049 2814 1103 in
2849 1051 3047 1121 seipsis
3080 1053 3419 1109 deleverunt.

1851 1136 2115 1196 Videmus
2143 1150 2404 1211 prmterea
2438 1157 2558 1211 quae
2585 1149 2775 1197 sancta
2812 1141 3032 1199 fuerunt
3059 1146 3201 1215 apud
3230 1146 3421 1216 impie-

1842 1219 1965 1274 tatis
1976 1219 2218 1278 fautores
2231 1225 2509 1297 mysteria;
2520 1225 2674 1296 quasi
2688 1237 2885 1293 aquam
2899 1224 3204 1284 instabilem
3217 1226 3435 1292 delapsa

1845 1315 2173 1381 defluxisse;
2229 1330 2423 1386 aquam
2471 1319 2539 1373 ab
2587 1319 2808 1372 illorum
2860 1317 3103 1388 ipsorum
3161 1335 3275 1385 ore,
3324 1324 3419 1392 qui

1846 1412 1994 1467 cultu
2046 1412 2467 1467 simulacrorum
2510 1412 2882 1478 insaniebant,
2928 1412 3253 1470 imbibitam.
3285 1413 3418 1470 Nam

1845 1517 1969 1557 cum
1984 1518 2179 1561 cernas
2192 1502 2364 1559 oculis
2378 1515 2493 1571 eos,
2506 1504 2599 1573 qui
2613 1502 2741 1558 huic
2762 1502 2993 1558 vanitati
3021 1513 3178 1559 erant
3200 1506 3420 1576 penitus

1844 1592 2034 1657 dediti,
2090 1594 2195 1648 alia
2227 1594 2556 1664 templorum
2608 1610 2856 1659 suorum,
2891 1595 2946 1649 in
2998 1596 3199 1665 quibus
3230 1613 3419 1667 spera-

182 1686 263 1738 καὶ
290 1682 665 1754 ἀφανίζοντας,
708 1690 766 1742 ὲν
793 1685 872 1752 οἷς
898 1689 1075 1743 αὐτῶν
1107 1685 1176 1762 ἦν
1207 1692 1239 1760 ἡ
1267 1691 1587 1762 πεποίθησις
1610 1708 1624 1723 ο
1651 1687 1732 1763 ἇρ⁴

1846 1692 2061 1748 verant,
2091 1684 2395 1749 diruentes,
2422 1686 2530 1740 alia
2572 1687 2628 1742 in
2677 1686 2814 1742 alios
2837 1702 2972 1742 usus
2995 1687 3413 1750 transferentes.

180 1778 287 1847 οὐχὶ
318 1778 446 1849 βοᾷν
469 1796 551 1832 σοι
575 1779 722 1833 δοκεῖ
753 1779 1003 1852 φανερῶς
1030 1783 1062 1851 ἡ
1090 1782 1313 1854 ἱστορία·
1346 1782 1738 1854 Καταποθήσεο

177 1866 257 1919 ταί
290 1885 413 1922 ποτε
458 1870 565 1922 πᾶν
600 1868 817 1923 εἴδωλον
849 1872 960 1934 τοῖς
994 1872 1224 1940 στόμασι
1251 1871 1358 1926 τῶν
1407 1872 1544 1943 πρὸξ
1588 1872 1742 1926 εύσέ-

177 1960 314 2014 ϐειαν
357 1962 465 2015 ἀπὸ
509 1963 612 2033 τῆς
654 1964 871 2033 ἀπάτης
928 1962 1357 2035 μετατεθέντων;
1415 1964 1651 2030 Ὀπλίζει
1683 1965 1739 2018 δὲ

181 2049 287 2113 τοὺς
307 2051 535 2115 Λευῖτας
565 2052 594 2103 ὁ
623 2051 864 2122 Μωῦσῆς
886 2051 1025 2106 κατὰ
1052 2051 1161 2129 τῶν
1181 2053 1488 2124 ὁμοφύλων,
1518 2055 1610 2107 καὶ
1633 2054 1739 2107 δια-

178 2144 500 2211 περάσαντες
530 2143 630 2213 τὴν
655 2143 1026 2215 παρεμϐολὴν,
1055 2144 1149 2198 ἀπ’
1183 2146 1350 2216 ἄκρου
1391 2147 1624 2216 πέρατος
1647 2147 1738 2199 ἐπὶ

174 2233 227 2284 τὸ
252 2232 429 2304 ἕτερον
456 2232 652 2308 ἄκρον,
678 2234 1029 2301 ἀνεξέταστον
1061 2235 1339 2289 ποιοῦνται
1359 2235 1466 2290 τῶν
1480 2238 1737 2308 ἐντυγχα-

172 2324 350 2378 νόντων
380 2324 471 2378 τὸν
496 2325 678 2394 φόνον,
713 2328 778 2397 τῇ
808 2327 958 2399 ἀκμῇ
985 2326 1078 2380 τοῦ
1114 2325 1299 2397 ξίφους
1325 2328 1423 2395 τὴν
1457 2328 1597 2382 κατά
1626 2328 1734 2381 τῶν

170 2416 562 2486 ἀναιρουμένων
593 2417 983 2487 ἐπιτρέψαντες
1011 2419 1210 2489 ψῆφον.
1256 2419 1480 2489 Ἐπίσης
1504 2419 1559 2473 δὲ.
1592 2419 1732 2473 κατά

169 2508 352 2571 παντὸς
391 2508 487 2562 τοῦ
540 2509 903 2580 προτυχόντος
936 2510 1327 2581 ὲνεργουμένου
1355 2509 1448 2564 τοῦ
1476 2504 1734 2576 φόνου,οὐ

168 2598 437 2670 διακρίνων
480 2601 541 2651 ὲν
568 2601 682 2663 τοῖς
724 2600 1139 2672 ἀναιρουμένοις
1179 2601 1288 2655 τῶν
1316 2600 1636 2674 ἀνθρώπων,
1669 2600 1730 2655 οὐ

170 2689 354 2753 συνιεὶς
381 2689 475 2742 τὸν
526 2688 721 2760 ἐχθρὸν
762 2689 795 2759 ἢ
826 2689 916 2743 τὸν
948 2690 1122 2759 φίλον,
1149 2690 1242 2744 τὸν
1280 2690 1426 2756 ξένον
1458 2691 1490 2761 ἢ
1535 2691 1625 2744 τὸν
1654 2693 1732 2744 ot—

167 2784 316 2846 κεῖον,
342 2781 402 2835 τὸ
437 2781 703 2851 συγγενὲς
725 2781 758 2852 ἢ
789 2783 851 2835 τὸ
880 2782 1358 2861 ἀλλότριονῇςάλλὰ
1391 2783 1488 2854 μία
1515 2802 1597 2848 τις
1622 2802 1731 2854 χει-

168 2871 250 2940 ρὸς
278 2866 343 2943 ἦν
365 2873 537 2943 ὁρμὴ.
562 2871 705 2926 κατά
732 2873 930 2936 παντὸς
959 2873 1052 2927 τοῦ
1081 2874 1515 2944 προσπίπτοντος
1535 2875 1732 2946 ὁμοίως

165 2957 344 3029 ἐπίσης
364 2959 762 3031 ἐνεργουμένη.
803 2960 860 3013 '0
896 2960 952 3012 δὲ
981 2963 1108 3033 περὶ
1134 2961 1324 3015 τούτου
1352 2963 1509 3032 λόγος
1528 2962 1730 3035 ταύτην
1757 3001 1799 3060 C

164 3046 221 3101 ἀν
247 3051 370 3120 ἡμῖν
400 3052 742 3123 παράσχοιτο
768 3052 869 3121 τὴν
912 3051 1198 3122 ὠφέλειαν,
1234 3054 1420 3125 ἐπειδὴ
1463 3055 1730 3126 πανδημεὶ

165 3141 347 3206 πάντες
383 3143 524 3213 πρὸς
554 3142 617 3195 τὸ
651 3142 821 3196 κακὸν
854 3145 1277 3217 συνεφρόνησαν,
1306 3148 1399 3199 καὶ
1430 3146 1618 3218 ὥσπερ
1649 3142 1731 3213 εἷς

164 3233 359 3300 ἐγένετο
385 3234 466 3305 τῷ
517 3234 662 3306 λόγῳ
688 3235 805 3305 τῆς
827 3235 1026 3299 κακίας
1057 3236 1119 3290 τὸ
1163 3238 1522 3308 στρατόπεδον
1549 3239 1695 3294 ἆπαν
1714 3256 1727 3270 ·

162 3325 454 3397 ἀδιάκριτος
490 3329 529 3398 ἡ
583 3327 703 3380 κατ’
748 3328 929 3381 αὐτῶν
979 3329 1185 3397 γίνεται
1237 3329 1450 3399 μάστιξ.
1492 3330 1579 3395 Ὡς
1621 3330 1730 3402 γάρ

162 3434 268 3470 τινα
297 3418 404 3471 τῶν
433 3419 531 3472 ἐπὶ
557 3418 724 3491 κακίᾳ
756 3420 1168 3491 πεφωραμένων
1197 3422 1225 3474 ό
1254 3420 1490 3490 πληγαῖς
1519 3423 1728 3487 αἰκιζό-

163 3525 323 3581 μενος,
368 3512 418 3574 ὅ,
452 3511 509 3565 τί
560 3528 665 3583 περ
705 3510 771 3565 ἂν
818 3512 955 3585 τύχῃ
989 3511 1081 3566 τοῦ
1133 3513 1380 3584 σώματος
1417 3513 1730 3577 καταξαίνει

159 3599 234 3654 διὰ
254 3602 347 3671 τῆς
370 3604 661 3672 μάστιγος,
690 3602 848 3667 είδὼς
877 3604 959 3657 ὄτι
986 3605 1020 3675 ἡ
1061 3604 1154 3657 ἐπὶ
1180 3604 1380 3677 μέρους
1415 3602 1571 3675 ὀδύνη
1594 3604 1730 3674 πρὸς

158 3689 211 3744 τὸ
240 3696 341 3747 πᾶν
390 3696 672 3767 διέρχεται
694 3711 706 3723 ³
747 3695 921 3761 οὕτως
969 3697 1045 3761 ὡς
1078 3697 1280 3760 παντὸς
1321 3696 1523 3768 ὁμοίως
1568 3696 1731 3750 κολα-

158 3778 389 3854 ζομένου,
418 3785 521 3840 τοῦ
550 3789 629 3851 εἰς
657 3786 756 3858 τὴν
785 3787 984 3841 κακίαν
1019 3787 1357 3858 συμφυέντος
1393 3786 1663 3858 σώματος,
1694 3787 1727 3858 ἡ

159 3874 241 3927 ἐπὶ
270 3878 468 3949 μέρους
500 3877 870 3950 ἐνεργουμένη
899 3878 1095 3949 μάστιξ
1119 3879 1179 3932 τὸ
1207 3880 1315 3933 πᾶν
1345 3878 1723 3952 ὲσωφρόνιζεν.

158 3964 350 4019 Οὐκοῦν
387 3966 441 4018 εἴ
472 3983 606 4020 ποτε
640 3965 741 4037 τῆς
788 3966 911 4036 ῐσης
941 3967 1137 4030 κακίας
1165 3969 1223 4021 ὲν
1265 3968 1476 4032 πολλοῖς
1502 3966 1729 4039 θεωρου-

159 4054 333 4127 μένης,
371 4058 448 4128 μὴ
481 4057 625 4111 κατά
652 4057 893 4123 πάντων,
925 4058 1061 4112 ἀλλά
1095 4059 1238 4113 κατά
1258 4076 1416 4113 τινων
1444 4062 1725 4132 ἐνεργήσει

150 4144 299 4214 ἢτοῦ
331 4147 470 4201 Θεοῦ
520 4148 896 4219 ἀγανάκτησις
922 4166 935 4179 ·
992 4152 1133 4203 νοεϊν
1188 4154 1455 4222 προσήκει
1504 4152 1603 4223 τὴν
1639 4151 1728 4205 διὰ

155 4236 557 4309 φιλανθρωπίας
584 4238 694 4292 τῶν
717 4240 1126 4312 ἐνεργουμένων
1160 4241 1445 4313 διόρθωσιν
1462 4259 1474 4271 ·
1502 4243 1562 4295 οὐ
1589 4242 1726 4297 πάν-

1845 1790 2027 1831 nonne
2067 1790 2263 1845 magna
2303 1791 2439 1833 voce
2476 1777 2715 1833 clamare
2762 1777 2987 1835 historia
3031 1780 3250 1836 videtur
3282 1800 3295 1837 :
3329 1781 3417 1837 fu-

1842 1875 2027 1920 turum
2067 1882 2189 1922 esse
2214 1875 2433 1937 tempus
2462 1867 2590 1922 olim
2624 1868 2677 1922 in
2708 1883 2817 1938 quo
2848 1870 3202 1927 simulacrum
3231 1889 3414 1939 omne,

1842 1974 1938 2014 ore
1979 1959 2225 2028 ipsorum
2256 1960 2348 2030 qui
2382 1959 2451 2014 ab
2485 1958 2791 2029 iniquitatis
2834 1976 3023 2018 errore
3053 1963 3120 2019 ad
3153 1965 3412 2034 pietatem

1844 2055 2295 2118 transponentur,
2344 2047 2617 2103 delebitur
2660 2058 2714 2104 et
2766 2049 3184 2109 absorbebitur?
3224 2055 3414 2112 Armat

1838 2139 2035 2196 deinde
2081 2139 2300 2197 Levitas
2339 2155 2448 2196 non
2502 2142 2558 2195 in
2624 2142 2980 2213 alienigenas,
3023 2146 3116 2201 sed
3171 2147 3227 2202 in
3282 2165 3414 2206 suos

1839 2232 2095 2288 ardenter
2126 2231 2360 2302 Moyses,
2396 2232 2489 2303 qui
2521 2233 2590 2287 ab
2624 2233 2790 2289 altera
2819 2237 3167 2309 extremitate
3198 2247 3412 2297 castro-

1839 2338 1962 2378 rum
1994 2322 2062 2378 ad
2094 2323 2319 2379 alteram
2351 2324 2601 2387 confuse,
2636 2332 2695 2379 ut
2726 2326 2962 2397 quisque
2990 2328 3204 2384 obviam
3234 2330 3408 2397 ﬂeret,

1839 2427 2038 2468 omnes
2104 2412 2517 2468 interfecerunt.
2555 2412 2631 2467 Ita
2679 2428 2802 2469 cum
2848 2416 3053 2485 pariter
3096 2419 3411 2492 quicunque

1840 2504 2091 2559 mucroni
2144 2503 2430 2568 incideret,
2477 2504 2839 2568 occideretur,
2887 2522 3048 2563 nemo
3077 2509 3409 2568 interﬁcien-

1834 2595 1981 2648 titun
2012 2595 2133 2664 quis
2178 2594 2388 2649 amicus
2428 2603 2521 2648 aut
2556 2594 2679 2665 quis
2729 2595 2985 2654 inimicus
3026 2599 3403 2670 discernebat;

1835 2686 1959 2756 quis
2001 2683 2358 2752 domesticus,
2404 2688 2528 2756 quis
2579 2685 2775 2755 allinis,
2818 2689 2943 2759 quis
2976 2701 3261 2762 cognatus,
3314 2704 3408 2750 aut

1835 2778 2068 2843 alienus,
2119 2793 2279 2834 nemo
2312 2779 2703 2848 prospiciebat;
2759 2781 2855 2836 sed
2895 2783 3091 2839 unicus
3120 2791 3282 2856 atque
3309 2802 3408 2857 par

1836 2872 2101 2927 adversus
2132 2887 2349 2937 omnes,
2379 2871 2431 2926 in
2465 2888 2602 2942 quos
2623 2873 2954 2942 inciderant,
3001 2886 3118 2932 erat
3149 2878 3403 2949 impetus.

1837 2961 1992 3017 Unde
2021 2963 2283 3019 discimus
2322 2963 2532 3019 idcirco
2572 2964 2774 3037 absque
2802 2966 3163 3037 dispositione
3186 2973 3408 3041 punitos

1834 3053 2024 3120 fuisse,
2072 3055 2331 3125 quoniam
2373 3072 2479 3110 una
2520 3072 2712 3114 omnes
2746 3057 2812 3112 ad
2849 3060 3050 3114 malum
3095 3063 3410 3133 conspiran-

1834 3154 1938 3214 tes,
1971 3145 2187 3201 ratione
2217 3147 2332 3205 vitii
2367 3147 2523 3218 quasi
2584 3165 2730 3207 unus
2769 3149 2948 3206 effecti
2981 3160 3132 3218 sunt,
3157 3163 3212 3208 et
3239 3155 3406 3211 veluti

1833 3250 1958 3290 cum
1995 3236 2268 3306 quispiam
2302 3253 2472 3292 unum
2512 3239 2784 3296 hominem
2821 3243 3063 3312 peccatis
3101 3255 3405 3302 commotus

1833 3326 1950 3380 suis
2001 3327 2161 3382 caedit
2201 3327 2571 3395 vehementer,
2626 3347 2737 3386 non
2784 3333 2888 3392 hoc
2929 3340 3022 3388 aut
3070 3335 3202 3391 illud
3245 3353 3404 3393 suum

1833 3414 2019 3486 amigit
2041 3417 2369 3483 membrum,
2395 3421 2489 3474 sed
2509 3437 2617 3490 quo
2636 3420 2908 3492 flagellum
2929 3427 3211 3481 commode
3227 3435 3407 3498 potest

1833 3506 2051 3575 inferri,
2080 3507 2218 3562 illud
2263 3509 2533 3564 verberat:
2569 3511 2709 3567 bene
2740 3514 2885 3567 enim
2925 3516 3078 3570 novit
3104 3533 3408 3587 quamcun-

1831 3613 1939 3669 que
1994 3608 2200 3668 partem
2249 3603 2606 3670 percusserit,
2670 3603 2737 3658 ad
2776 3592 2973 3659 totum
3031 3620 3234 3677 corpus
3280 3609 3407 3664 inde

1832 3701 2053 3744 sensum
2086 3687 2292 3743 doloris
2326 3689 2729 3747 transiturum:
2773 3691 2853 3747 sic
2881 3707 3001 3763 quae
3027 3693 3145 3749 sine
3173 3694 3408 3765 disposi~

1832 3781 1980 3837 tione
2012 3788 2145 3835 tunc
2186 3780 2554 3837 adhibebatur
2574 3781 2806 3852 punitio,
2840 3796 3033 3838 omnes
3065 3783 3160 3854 qui
3193 3787 3409 3856 conspi-

1832 3875 2044 3929 ratione
2069 3873 2212 3940 vitii,
2244 3874 2401 3943 quasi
2440 3882 2596 3930 erant
2629 3874 2685 3929 in
2726 3889 2894 3929 unum
2934 3889 3135 3945 corpus
3165 3875 3402 3945 conflati,

1831 3966 2027 4020 mirum
2089 3966 2143 4020 in
2194 3965 2416 4021 modum
2481 3967 2804 4038 castigabat.
2853 3965 3033 4035 Quare
3076 3969 3121 4022 si
3152 3983 3411 4026 nonnun-

1829 4070 1992 4127 quam
2031 4057 2271 4127 peccatis
2318 4056 2604 4112 hominum
2651 4057 2789 4113 iram
2824 4056 2917 4113 Dei
2949 4058 3265 4123 excitatam,
3295 4074 3403 4113 mm

1831 4148 1886 4202 in
1926 4162 2138 4214 omnes,
2188 4148 2282 4202 sed
2330 4147 2385 4200 in
2438 4147 2655 4216 aliquos
2688 4146 2821 4202 ferri
2850 4146 3176 4209 “videamus,
3210 4148 3407 4203 divina:

1830 4239 2134 4294 clementiae
2178 4237 2608 4310 magnitudinem
2656 4238 2916 4292 admirari
2963 4238 3262 4293 debemus:
3298 4253 3405 4308 qua

152 4344 248 4381 των
264 4329 362 4398 μὲν
380 4330 761 4401 τυπτομένων,
778 4333 994 4387 πάντων
1009 4333 1064 4387 δὲ
1081 4337 1202 4397 ταῖς
1222 4350 1288 4405 με
1295 4336 1474 4406 ρικαῖς
1495 4334 1728 4406 πληγαῖς

1838 4331 1912 4392 lit,
1953 4337 2015 4385 ut
2061 4344 2170 4384 non
2201 4342 2395 4385 omnes
2437 4329 2599 4386 sicuti
2650 4337 2949 4392 merentur,
3002 4328 3403 4399 percutiuntur,

152 4419 276 4488 πρὸς
317 4419 416 4490 τὴν
446 4421 549 4492 τῆς
588 4422 787 4486 κακίας
818 4423 1170 4496 ἀποστροφὴν
1220 4426 1725 4497 σωφρονιζομένων.

161 4503 309 4558 Ἀλλά
336 4506 501 4560 τοῦτο
527 4507 626 4577 μὲν
653 4509 733 4562 ἔτι
755 4511 866 4564 τῶν
893 4510 1020 4564 καθ’
1049 4513 1289 4584 ἱστορίαν
1327 4514 1727 4586 γεγραμμένων

149 4591 204 4645 τὺ
227 4596 423 4667 νόημα.
471 4596 538 4650 Ἡ
563 4598 622 4651 δὲ
643 4599 902 4673 ἀναγωγὴ
932 4602 1118 4656 τοῦτον
1149 4603 1215 4656 ἂν
1240 4606 1272 4674 ἡ
1281 4606 1389 4674 μᾶς
1414 4605 1503 4658 τὸν
1528 4605 1726 4676 τρόπον

147 4682 494 4758 ὠφελήσειεν.
538 4690 751 4764 Ἐπειδή
773 4709 935 4762 φησιν
962 4695 1019 4748 ὲν
1048 4696 1211 4765 κοινῷ
1244 4697 1559 4768 κηρύγματι
1592 4699 1727 4769 πρὸς

149 4776 342 4842 πάντας
364 4782 392 4833 ό
414 4781 738 4853 νομοθέτης,
757 4785 838 4838 ὅτι
874 4805 892 4837 ι
918 4785 986 4839 Εἴ
1004 4803 1087 4851 τις
1109 4787 1243 4857 πρὸς
1263 4790 1354 4842 τὸν
1378 4790 1600 4860 Κύριον,
1627 4790 1724 4843 ίτω

149 4865 274 4935 πρός
294 4886 382 4938 με.
412 4890 432 4922 ι
461 4871 645 4943 Ὅπερ
663 4873 860 4944 ἐστὶνή
887 4875 980 4928 τοῦ
998 4875 1164 4946 νόμου
1191 4878 1343 4949 φωνὴ
1372 4878 1539 4931 πᾶσιν
1562 4879 1724 4945 ὲγκεα

149 4953 402 5032 λευομένη
432 4960 520 5025 τὸ,
564 4960 633 5014 El
658 4978 743 5027 τις
780 4962 1028 5033 βούλεται
1067 4964 1161 5019 τοῦ
1192 4964 1330 5019 Θεοῦ
1370 4965 1519 5035 φίλος
1562 4962 1721 5030 εἶναι,

150 5046 262 5117 ἐμοὶ
287 5048 366 5120 τῷ
394 5049 552 5121 νόμῳ
577 5051 729 5120 φίλος
754 5052 1012 5120 γενέσθω.
1053 5055 1113 5109 Ὀ
1142 5056 1251 5126 γὰρ
1276 5055 1355 5126 τῷ
1381 5057 1531 5127 νόμῳ
1555 5056 1724 5126 φίλος,

149 5140 233 5192 καὶ
256 5141 333 5212 τῷ
357 5141 482 5213 ιι)εῷ
508 5143 662 5213 φίλος
693 5147 810 5199 ἐστὶ
837 5146 1082 5211 πάντως⁸
1113 5147 1208 5201 καὶ
1251 5150 1364 5211 τοῖς
1402 5148 1540 5219 πρὸς
1564 5148 1725 5202 αὐτὸν

149 5227 227 5285 διὰ
268 5234 517 5289 τςιούτου
568 5238 921 5310 κηρύγματος
973 5238 1341 5311 ἀθροισθεῖσιν
1378 5238 1726 5309 ὲγκελεύεται

148 5323 444 5393 χρήσασθαι
475 5326 559 5397 τῷ
583 5327 725 5398 ξίφει
766 5329 905 5383 κατά
938 5330 1031 5384 τοῦ
1059 5330 1290 5402 ἀδελφοῦ
1318 5332 1410 5385 καὶ
1450 5331 1544 5384 τοῦ
1573 5331 1726 5400 φίλου

150 5415 235 5467 καὶ
261 5418 353 5474 τοῦ
390 5418 640 5488 πλησίον.
675 5421 920 5492 Νοοῦμεν
950 5422 1007 5476 δὲ
1038 5425 1172 5493 πρὸς
1205 5424 1265 5478 τὸ
1284 5423 1575 5479 ἀκόλουθον
1606 5423 1727 5495 βλέ-

210 5595 252 5627 ⁸⁸
292 5598 465 5657 Exod.
510 5616 682 5666 χχχιι,
717 5600 808 5655 25.

418 5696 697 5755 Parum.
738 5698 830 5754 (in
900 5693 1100 5788 XLIV.

1829 4435 2020 4476 omnes
2045 4426 2225 4475 tamen
2250 4419 2480 4492 ﬂagellis
2501 4419 2860 4491 castigentur.
2883 4416 3086 4474 Verum
3115 4418 3168 4473 id
3196 4433 3261 4473 ex
3287 4419 3406 4490 ipsa

1831 4511 2057 4568 historia
2109 4526 2217 4566 non
2249 4511 2414 4566 altius
2457 4510 2734 4565 intellecta
2786 4508 3067 4565 discimus.
3109 4507 3188 4563 Ad
3226 4509 3402 4564 subli~

1830 4603 1975 4659 mius
2010 4610 2195 4657 autem
2225 4601 2491 4668 reducere
2532 4601 2805 4666 volentes,
2850 4599 2983 4654 illud
3024 4601 3175 4671 prius
3218 4602 3403 4656 consi—

1829 4695 2185 4758 derabimus,
2241 4694 2388 4764 quod
2454 4690 2732 4748 communi
2795 4693 3070 4762 pratconio
3125 4691 3402 4761 legislator

1818 4783 2189 4838 "exclamavit:
2220 4802 2238 4834 ι
2267 4781 2324 4837 Si
2355 4782 2481 4855 quis
2504 4793 2588 4838 est
2614 4778 2850 4848 Domini,
2885 4781 2952 4836 ad
2980 4795 3066 4836 me
3087 4781 3272 4835 veniat
3288 4780 3355 4838 ⁶⁸.
3378 4801 3396 4832 ι

1828 4875 1945 4943 Qua
1987 4890 2120 4931 voce
2160 4877 2245 4931 lex
2295 4876 2410 4946 ipsa
2456 4875 2714 4930 omnibus
2753 4873 2971 4930 edicere
3015 4872 3232 4929 videtur
3281 4892 3294 4928 :
3345 4871 3401 4928 Si

1827 4967 1952 5037 quis
1982 4965 2155 5043 Deum
2187 4979 2371 5020 amare
2408 4964 2544 5029 Vult,
2594 4979 2679 5019 me
2726 4964 2898 5034 legem
2943 4970 3117 5028 amet;
3150 4977 3274 5016 nam
3308 4964 3402 5032 qui

1828 5058 1964 5127 legis
1994 5057 2208 5111 amicus
2239 5063 2345 5118 est,
2377 5067 2527 5123 certe
2559 5053 2653 5110 Dei
2688 5069 2907 5125 quoque
2944 5053 3156 5109 amicus
3183 5064 3284 5109 est.
3308 5052 3403 5108 Ju-

1828 5150 1920 5205 bet
1945 5148 2145 5204 deinde
2175 5161 2290 5205 eos.
2337 5147 2428 5216 qui
2457 5146 2549 5199 tali
2588 5145 2860 5216 pragconio
2900 5144 3212 5216 congregati
3253 5153 3428 5208 δύων

1829 5243 2039 5309 absque
2087 5238 2475 5308 disquisitione
2516 5250 2569 5292 ct
2614 5237 2669 5291 in
2722 5237 2944 5302 fratres,
2984 5247 3037 5295 et
3075 5239 3301 5301 amicos,
3349 5248 3401 5293 et

1830 5333 2110 5403 proximos
2139 5328 2318 5398 gladio
2350 5327 2605 5382 ferociter
2658 5327 2753 5380 uti.
2805 5326 3115 5398 Superioris
3156 5328 3403 5400 s‘pecttla-

1832 5424 2000 5479 tionis
2033 5423 2229 5478 seriem
2262 5425 2576 5492 sequentes,
2600 5418 2837 5475 dicimus
2870 5434 3086 5476 onmem
3107 5418 3401 5489 hominem,

3008 5690 3081 5750 13
