3800 5980
364 202 463 259 5‘35

1594 187 1652 242 S.
1691 182 2018 241 GREGORH
2057 178 2354 237 NYSSENI

3515 162 3620 218 396

365 321 457 391 qui
487 317 551 373 ad
582 319 754 388 legem
782 328 846 370 ac
877 313 1046 391 Deum
1090 308 1338 381 respicit,
1371 306 1639 362 malorum
1679 303 1934 357 domesti-

2074 319 2234 364 εοντες
2256 301 2354 370 τῆς
2386 298 2637 369 θεωρίας,
2670 295 2751 347 ὅτι
2785 294 2889 355 πᾶς
2918 293 2946 344 6
2976 289 3108 360 πρὸς
3135 287 3224 340 τὸν
3247 284 3378 338 Θεὸν
3410 281 3507 335 καὶ
3534 280 3622 333 τδν

366 370 457 391 πη
586 370 664 388 ην
950 376 976 391 χ
1185 370 1203 381 ,
1326 370 1335 373 -

364 427 555 468 eorum
599 408 745 465 caede
782 406 1026 478 purgari.
1065 402 1172 458 Nec
1210 402 1354 457 enim
1385 412 1600 468 semper
1623 395 1812 457 frater,
1844 398 1937 446 aut

2074 398 2197 468 όμον
2218 397 2447 468 βλέπων,
2471 392 2550 463 τῷ
2571 388 2714 459 φόνῳ
2742 385 2849 440 τῶν
2873 382 3058 445 κακῶς
3085 376 3444 452 ᾠκειωμένων
3469 370 3624 438 αὐτῷ

367 505 603 567 amicus,
650 507 742 554 aut
786 499 1069 568 proximus
1125 495 1181 549 in
1231 493 1511 548 meliorem
1572 504 1602 541 a
1653 487 1937 556 Scriptura

369 578 587 664 partem.
609 590 899 660 accipitur,
930 586 1025 643 sed
1059 593 1189 642 sunt
1218 581 1467 638 nonnulli
1498 580 1718 641 fratres,
1751 566 1946 639 amici,

370 684 625 756 proximi,
669 682 764 751 qui
807 679 963 751 quasi
1001 676 1164 732 alieni
1214 690 1279 729 ac
1324 672 1526 729 inimici
1574 668 1943 725 nobis.adver-

369 786 596 839 santur,
659 786 797 841 quos
847 784 943 825 eas
989 767 1323 823 arbitramur
1387 777 1519 818 esse
1558 759 1937 830 cogitationes,

371 880 601 936 q'tarttm
634 865 743 917 vita
775 862 931 916 nobis
973 866 1244 923 mortem,
1264 870 1414 912 mors
1454 868 1582 910 vero
1609 853 1773 906 vitam
1804 849 1943 904 solet

372 954 645 1011 inducere.

440 1135 569 1192 "th
605 1134 876 1206 expositio
913 1133 1022 1188 illis
1055 1131 1219 1187 etiam
1254 1129 1545 1189 convenit,
1580 1140 1703 1196 qua:
1739 1124 1806 1179 de
1835 1122 1944 1176 Aa-

372 1244 472 1282 ron
505 1227 765 1283 diximus.
794 1225 867 1280 llli
892 1225 1034 1280 enim
1073 1237 1169 1293 pro
1203 1221 1371 1276 fratre
1403 1221 1612 1274 socium
1637 1226 1799 1287 atque
1821 1230 1947 1286 pro-

373 1331 629 1377 tectorem
666 1318 928 1374 divinitus
966 1316 1124 1371 nobis
1161 1313 1347 1369 datum
1387 1311 1639 1382 angelum
1679 1307 1948 1364 intellexi-

2039 460 2412 554 καθαρίζεται.
2449 460 2661 551 Οὺνγάρ
2705 479 2811 540 πᾶς
2845 474 3097 543 ἀδελφὸς,
3138 469 3256 523 οὐδὲ
3289 466 3464 535 φίλος,
3500 460 3623 515 οὐδὲ

2040 579 2286 647 πλησίον,
2317 576 2410 630 ἐπὶ
2443 575 2504 637 τὺ
2545 574 2790 644 κρεῖττον
2817 567 2969 638 παρὰ
3001 565 3101 632 τῆς
3135 558 3357 631 Γραφῆς
3383 555 3618 647 vasi-tat:

2040 640 2155 725 60.1"
2178 640 2293 722 ἔστι
2317 684 2400 728 τις
2432 665 2526 718 καὶ
2546 640 2772 728 ἀδελφὸς
2797 657 2889 710 καὶ
2912 652 3208 722 ἀλλότριος,
3233 648 3327 702 κἀἰ
3352 643 3506 715 φίλος
3530 640 3624 695 καὶ

2042 759 2255 832 ἐχθρὸς,
2284 757 2377 811 καὶ
2406 753 2631 824 πλησίον
2662 750 2755 804 καὶ
2786 747 2845 813 ἐξ
2871 743 3119 804 ἐναντίας
3158 738 3467 808 ἱστάμενος.
3493 730 3629 832 Toli-

2041 867 2167 913 τους
2189 848 2413 917 νοοῦμεν
2434 845 2558 907 τοὺς
2589 838 3005 911 συμφυομένους
3033 836 3165 903 ἡμῖν
3188 825 3482 898 λογισμούς
3505 842 3520 855 ο
3550 816 3626 876 ὧν

2044 943 2078 1012 ἡ
2105 940 2217 1010 ζωὴ
2249 916 2369 1010 μὲν,
2396 934 2665 1008 ἡμέτερον
2709 930 2936 986 θάνατον
2955 945 2968 958 ’
3007 927 3035 980 6
3063 925 3118 979 δὲ
3152 922 3380 983 Θάνατος
3420 916 3624 977 αὐτῶν,

2045 1024 2319 1103 ἡμετέραν
2357 1026 2500 1098 ζωὴν
2531 1020 2951 1095 κατεργάζεται.
3256 1053 3269 1061 .

2115 1099 2407 1193 Συμφωνεῖ
2445 1118 2499 1172 δὲ
2529 1117 2590 1170 τὸ
2618 1113 2827 1169 τοιοῦτο
2870 1111 3051 1180 νόημα
3083 1110 3192 1170 τοῖς
3228 1105 3328 1175 ἤδη
3364 1101 3495 1171 περὶ
3536 1099 3629 1152 τδν

2059 1188 2271 1286 Ἀαρῶν
2310 1198 2698 1277 ὲξετασθέἶσιν,
2734 1206 2823 1258 ὅτε
2862 1203 2954 1256 διὰ
2998 1199 3097 1270 τῆς
3134 1193 3423 1265 συντυχίας
3463 1188 3626 1245 αὑτοῦ

2047 1307 2138 1360 τὸν
2165 1284 2453 1375 σύμμαχόν
2481 1318 2541 1355 τε
2589 1298 2684 1353 καὶ
2731 1293 3088 1367 παραστάτην
3130 1286 3360 1356 ἄγγελον
3399 1284 3629 1351 ἐνοήσα-

374 1430 525 1474 mus,
563 1412 656 1481 qui
692 1411 953 1465 adversus
997 1406 1283 1479 Egyptios
1329 1372 1490 1473 signa
1531 1409 1812 1471 operatur,
1853 1398 1946 1468 qui

2074 1415 2172 1462 ιεν,
2426 1394 2630 1464 σημεῖα
2672 1388 2817 1443 κατὰ
2841 1387 2947 1440 τῶν
2985 1381 3299 1452 Αἰγυπτίων
3327 1372 3630 1447 ἐργαζόμε-

372 1505 537 1559 etiam
594 1504 770 1570 major
798 1510 956 1559 aetate
983 1501 1107 1571 jure
1141 1499 1324 1554 dictus
1371 1504 1493 1560 est,
1535 1509 1661 1548 nam
1703 1492 1948 1563 angelica

2074 1506 2157 1550 ιον,
2198 1485 2624 1558 προγενέστερον
2658 1481 2887 1542 εἰκότως
2934 1475 3217 1545 νοούμενον
3238 1488 3251 1501 ·
3283 1468 3370 1521 διὰ
3404 1466 3464 1519 τὸ
3496 1480 3633 1536 προ-

375 1607 569 1653 natura
607 1596 825 1650 homine
865 1594 1015 1664 prius
1050 1599 1232 1646 creata
1259 1598 1343 1645 est
1374 1606 1387 1642 :
1442 1583 1609 1640 frater
1640 1598 1789 1649 vero,
1821 1582 1948 1652 quia

2074 1577 2481 1635 :arecxaudto'ﬂat
2519 1576 2617 1646 τῆς
2648 1573 2861 1641 φύσεως
2893 1569 3046 1639 ἡμῶν
3078 1565 3175 1637 τὴν
3204 1558 3499 1631 ἀγγελικὴν
3537 1555 3631 1609 καί

374 1698 459 1745 est
492 1687 738 1758 quaedam
772 1684 1017 1756 profecto
1049 1680 1431 1737 intellectualis
1474 1685 1528 1733 et
1568 1675 1827 1745 angelica:
1857 1688 1950 1727 na-

2074 1672 2339 1740 ισώματον
2365 1668 2545 1738 φύσιν.
2576 1644 2830 1734 ἡἈδελφδν
2857 1661 2933 1723 δὲ,
2958 1660 3046 1712 διά
3067 1657 3166 1727 τὴν
3195 1652 3513 1722 συγγένειαν
3534 1644 3630 1755 τοῦ

374 1790 511 1835 tura:
539 1778 604 1832 ad
639 1777 972 1831 intellectum
997 1781 1050 1829 et
1075 1774 1311 1827 animam
1346 1771 1642 1824 humanam
1671 1762 1906 1819 affinitas
1933 1782 1945 1816 :

375 1884 513 1941 quas
547 1869 617 1923 ob
661 1882 779 1929 res,
830 1866 933 1922 etsi
970 1872 1199 1934 utroque
1245 1862 1298 1916 in
1351 1860 1472 1914 loco
1510 1856 1677 1912 frater
1727 1854 1948 1917 dicitur,

377 1980 485 2018 non
518 1961 683 2036 habet
712 1969 892 2015 tamen
916 1958 1093 2012 locum
1121 1953 1416 2024 oppositio,
1443 1947 1720 2021 quomodo
1750 1947 1805 2000 in
1841 1962 1943 2001 me-

377 2057 566 2111 liorem
623 2060 830 2124 partem
878 2049 1050 2119 accipi
1092 2048 1266 2118 possit
1316 2043 1654 2099 consortium
1687 2039 1951 2100 Aaronis,

376 2147 467 2217 qui
500 2146 753 2202 lsraelitis
782 2143 851 2198 ad
881 2141 1084 2197 idolum
1119 2135 1521 2193 conficiendum
1548 2132 1862 2186 ministrum
1896 2145 1955 2184 se

375 2220 665 2310 praebuit,
694 2250 819 2290 cum
862 2233 1140 2302 aequivore
1179 2228 1367 2284 fratris
1416 2241 1648 2290 nomen,
1701 2237 1849 2278 nunc
1898 2229 1955 2276 ut

381 2331 640 2390 diximus,
672 2326 992 2394 accipiatur.
1020 2321 1298 2377 Adversus
1318 2319 1484 2387 igitur
1509 2316 1611 2371 hos
1635 2315 1811 2370 malos
1846 2314 1957 2368 fra-

378 2431 495 2477 tres
533 2418 835 2490 gladiorum
867 2413 1094 2485 opponit
1130 2412 1301 2467 aciem
1328 2408 1563 2479 Moyses.
1602 2405 1761 2473 Quod
1810 2406 1954 2460 enim

383 2511 507 2567 aliis
541 2508 669 2578 quis
701 2507 875 2577 jubet,
916 2503 1021 2559 sibi
1073 2515 1291 2571 quoque
1339 2498 1444 2567 ipsi
1494 2497 1696 2552 sancit.
1750 2493 1954 2550 Horum

388 2603 618 2659 fratrum
664 2599 859 2656 caedes.
891 2601 1237 2666 peccatorum
1276 2590 1531 2645 interitus
1565 2599 1667 2642 est.
1699 2585 1834 2641 Nam
1864 2587 1957 2656 qui

386 2690 685 2748 adversarii
723 2687 970 2743 consiliis
1005 2687 1169 2738 lixum
1201 2690 1367 2752 atque
1399 2687 1664 2735 statutum
1695 2678 1750 2732 in
1776 2678 1959 2731 animo

390 2781 589 2834 malum
630 2776 861 2838 delevit,
897 2773 1275 2829 adversarium
1328 2772 1381 2824 in
1431 2770 1613 2840 seipse
1664 2767 1955 2823 interfecit.

392 2871 513 2925 llaec
548 2877 726 2923 autem
764 2867 1030 2922 sententia
1062 2863 1368 2934 spiritualis
1401 2861 1608 2916 [iratior
1635 2875 1759 2915 esse
1795 2867 1961 2928 atque

392 2963 569 3016 verior
600 2959 890 3020 videbitur,
937 2957 982 3012 si
1016 2955 1259 3026 quaedam
1303 2954 1468 3009 etiam
1505 2952 1611 3007 alia
1644 2952 1699 3006 in
1732 2951 1961 3006 historia

393 3054 539 3107 dicta
568 3051 694 3105 huic
728 3048 1022 3104 convenire
1048 3046 1421 3100 ostendemus.
1457 3045 1784 3114 lmperatum
1814 3041 1959 3096 enim

398 3142 565 3197 fuisse
588 3141 655 3194 ab
679 3140 861 3193 Aaron
894 3137 1115 3200 dicitur,
1146 3145 1204 3191 ut
1234 3137 1454 3191 inaures
1479 3136 1547 3190 ab
1571 3133 1800 3188 auribus
1828 3147 1962 3186 uxo-

396 3247 516 3287 rum
554 3230 847 3297 tollerent;
871 3227 954 3280 hae
983 3224 1229 3280 conﬂata:
1264 3223 1542 3280 simulacri
1575 3222 1802 3278 materia
1845 3219 1962 3277 fue-

397 3329 524 3376 runt
550 3321 614 3374 δθ.
664 3318 910 3373 Dicimus
960 3317 1145 3387 igitur,
1179 3314 1325 3386 quod
1363 3314 1579 3386 Moyses
1607 3312 1962 3370 Hebraeorum

399 3416 651 3468 virtutem
677 3399 964 3465 inauribus
980 3422 1246 3465 exornare
1270 3407 1465 3471 voluit,
1484 3406 1536 3461 id
1559 3416 1643 3462 est
1665 3405 1774 3473 lex,
1801 3419 1962 3475 quam

397 3522 497 3574 pro
526 3505 708 3577 Moyse
731 3502 1104 3572 intelligimus,
1131 3499 1518 3563 obedientiam,
1539 3513 1660 3569 quae
1683 3513 1780 3569 per
1811 3497 1965 3551 inau-

401 3612 487 3654 res
516 3595 872 3668 significatur,
917 3591 1231 3647 Iudaeorum
1281 3589 1536 3643 virtutem
1582 3588 1962 3643 confirmavit:

399 3702 563 3757 quam
590 3686 731 3740 tollit
761 3685 976 3748 Aaron,
1006 3689 1065 3736 ut
1103 3679 1474 3736 inobedientia
1504 3680 1750 3750 ipsorum
1783 3688 1966 3732 osten-

392 3781 550 3835 deret
578 3778 644 3833 ad
672 3776 879 3831 cultum
915 3773 1185 3829 idolorum
1221 3787 1345 3828 esse
1373 3778 1717 3842 perventum.
1756 3768 1969 3823 Idcirco

401 3868 583 3924 statim
615 3867 681 3919 ad
706 3864 946 3935 primum
973 3862 1231 3934 peccandi
1268 3863 1474 3916 aditum
1511 3862 1733 3916 inaures
1757 3859 1968 3915 aufere-

404 3958 622 4019 bantur,
652 3962 711 4007 ut
731 3953 842 4021 jam
864 3953 1328 4023 praevaricationis
1350 3961 1404 4008 et
1426 3952 1813 4007 inobedientiae
1836 3966 1970 4005 con-

2053 1732 2243 1835 νοητοῦ
2282 1732 2488 1814 ἐκείνου
2526 1757 2661 1829 πρὸς
2685 1732 2755 1809 τὸν
2774 1752 2962 1824 νοητόν
2988 1749 3049 1803 τὸ
3078 1747 3364 1819 ἡμέτερον.
3394 1740 3504 1810 Τῆς
3536 1732 3632 1792 οὖν

2051 1852 2377 1915 ἀντιθέσεως
2398 1850 2587 1921 οὔσης,
2633 1849 2715 1901 ὅτι
2751 1847 2866 1909 πῶς
2895 1843 3030 1914 πρὸς
3055 1842 3117 1894 τὸ
3161 1840 3407 1910 κρεῖττον
3443 1831 3631 1886 λαϐεῖν

2052 1946 2167 2000 ἔστι
2213 1944 2312 2015 τὴν
2349 1943 2443 1997 τοῦ
2501 1940 2711 2007 Ἀαρὼν
2763 1936 3070 2007 συντυχίαν,
3105 1933 3164 1996 ὃς
3208 1927 3486 2001 ὑπηρέτης
3519 1924 3635 1983 τοῖς

2065 2035 2423 2108 Ἰσραηλίταις
2471 2033 2568 2102 τῆς
2618 2028 2990 2091 εἰδωλοποιίας
3039 2024 3286 2093 ἐγένετο’
3323 2019 3486 2073 κάκεῖ
3534 2031 3633 2085 με·

2053 2105 2218 2197 τρίως
2253 2123 2558 2196 παρεδήλου
2596 2122 2694 2191 τὴν
2740 2121 2837 2188 τῆς
2876 2117 3230 2185 ἀδελφότητος
3263 2108 3580 2181 ὁμωνυμίαν
3605 2105 3635 2158 6

2054 2196 2231 2286 λόγος.
2258 2218 2333 2281 ὼς
2363 2215 2484 2286 οὐχὶ
2511 2215 2740 2268 πάντοτε
2769 2210 2863 2264 τοῦ
2895 2207 3055 2262 αὐτοῦ
3100 2201 3497 2274 σημαινομένου
3525 2196 3635 2252 ἀπὸ

2054 2311 2154 2379 τῆς
2188 2308 2358 2377 αὐτῆς
2389 2306 2595 2376 φωνῆς,
2637 2305 2763 2357 ὅταν
2795 2299 3018 2354 ἐπὶτῶν
3061 2296 3315 2350 ἐναντίων
3348 2290 3635 2362 νοημάτων

2055 2403 2116 2457 τὸ
2158 2400 2288 2455 αὐτὸ
2329 2397 2675 2469 λαμόἀνηται
2702 2395 2897 2465 ὄνομα.
2941 2389 3078 2444 Ἀλλ’
3117 2388 3305 2458 ἔτερος
3350 2384 3450 2455 μὲν
3476 2381 3635 2457 ἀδελ-

2058 2495 2153 2563 φὸς
2181 2495 2209 2546 6
2257 2489 2536 2558 καθαιρῶν
2573 2487 2665 2541 τὸν
2710 2485 3004 2555 Αἰγύπτιον
3033 2479 3327 2552 τύραννον·
3378 2475 3536 2537 ἄλλος
3578 2472 3637 2525 δὲ

2059 2586 2220 2641 πάλιν
2250 2586 2278 2638 6
2307 2580 2602 2638 ἀποτυπῶν
2626 2582 2738 2642 τοῖς
2782 2574 3141 2649 Ἰσραηλίταις
3169 2571 3229 2624 τὸ
3262 2568 3499 2629 εἴδωλον,
3532 2565 3637 2619 κᾶν

2059 2677 2116 2730 ἓν
2221 2676 2308 2728 ἐπ’
2358 2671 2682 2744 ἀμφοτέρων
2709 2672 2770 2723 τὸ
2805 2669 2993 2738 ὄνομα.
3035 2663 3195 2720 Κατά
3233 2663 3342 2716 τῶν
3379 2658 3635 2714 τοιούτων

2060 2744 2425 2835 οὗν-’ἀδελφῶν
2454 2762 2762 2833 ἀπογυμνοῖ
2789 2763 2817 2815 6
2847 2758 3086 2828 Μωῦσῆς
3109 2756 3171 2810 τδ
3198 2754 3368 2824 ξίφος.
3401 2752 3537 2823 Περὶ
3563 2744 3636 2803 ὧν

2060 2863 2168 2934 γὰρ
2196 2860 2376 2922 ἄλλοις
2405 2854 2797 2913 διακελεύεται.
2845 2852 2937 2906 καὶ
2968 2847 3142 2918 ἐαυτῷ
3171 2844 3373 2918 δηλαδὴ
3413 2841 3640 2911 νομοθε-

1988 2975 2030 3032 c
2174 2953 2234 3007 τὸ
2259 2949 2396 3005 ἴσον.
2443 2948 2743 3020 Ἀναίρεσις
2774 2944 2831 2999 δέ
2860 2946 2977 2998 ἐστι
2997 2938 3090 2995 τοῦ
3115 2938 3359 2994 τοιούτου
3383 2931 3635 3002 ἀδελφοῦ,

2061 3049 2090 3101 6
2133 3046 2234 3116 τῆς
2267 3042 2543 3114 ἁμαρτίας
2587 3036 2915 3108 ἀφανισμός.
2960 3035 3076 3097 Πᾶς
3105 3032 3213 3102 γὰρ
3242 3031 3271 3083 6
3304 3028 3364 3082 τὸ
3409 3025 3498 3079 διὰ
3540 3025 3636 3093 τῆς

2065 3136 2369 3209 συμϐουλῆς
2410 3132 2505 3186 τοῦ
2568 3128 2940 3200 ἀντικειμένου
2993 3121 3296 3195 ἐνιδρυνθέν
3331 3137 3434 3173 τινι
3467 3117 3638 3171 κακὸν

2063 3220 2351 3299 ἀφανίσας,
2383 3228 2588 3280 ἐκεῖνον
2630 3221 2948 3275 ἀπέκτεινεν
2977 3220 3034 3271 ὲν
3067 3213 3241 3282 ἑαυτῷ
3272 3211 3365 3265 τόν
3393 3226 3523 3263 ποτε
3550 3206 3639 3260 διὰ

2063 3298 2161 3390 τῆς
2192 3318 2463 3390 ἁμαρτίας
2494 3315 2689 3380 ζῶντα.
2718 3311 2934 3366 Μᾶλλον
2959 3308 3014 3361 δὲ
3044 3308 3174 3378 ἡμῖν
3200 3303 3260 3358 τὸ
3290 3300 3418 3373 περί
3444 3298 3637 3353 τούτου

2066 3388 2392 3482 κρατυνθείη
2424 3407 2625 3475 δόγμα,
2680 3402 2733 3455 εί
2770 3419 2892 3454 τινα
2937 3399 3031 3453 καὶ
3077 3396 3209 3452 ἄλλα
3244 3394 3345 3463 τῆς
3397 3388 3642 3460 ἱστορίας

2067 3499 2199 3570 πρὸς
2222 3498 2321 3567 τὴν
2352 3495 2580 3567 θεωρίαν
2611 3493 2813 3562 ταύτην
2844 3485 3384 3559 συμπαραλάὁοιμεν.
3411 3482 3642 3551 Εἴρηται

2068 3569 2196 3660 γὰρ,
2232 3588 2314 3640 ὅτι
2354 3583 2735 3656 προστάγματι
2769 3579 2977 3647 γίνεται
3013 3574 3106 3629 τοῦ
3149 3570 3360 3642 Ἀαρὼν
3408 3569 3641 3632 ἐκείνου,

2067 3681 2128 3733 τὸ
2169 3680 2278 3733 δεῖν
2322 3677 2520 3738 αὐτοὺς
2566 3670 2910 3744 περιελέσθαι
2941 3669 3033 3736 ἀφ’
3064 3664 3268 3719 ἑαυτῶν
3309 3662 3376 3721 τὰ
3422 3660 3640 3715 ἐνώτια.

2069 3772 2180 3826 Καὶ
2214 3772 2248 3840 ἡ
2278 3768 2482 3823 τούτων
2534 3763 2899 3835 περιαίρεσις,
2928 3759 3026 3830 ὕλη
3068 3756 3144 3828 τῷ
3171 3755 3368 3823 εἰδώλῳ
3404 3751 3642 3820 ἐγένετο.

2052 3860 2135 3914 “TE
2158 3857 2251 3914 οὖν
2278 3875 2456 3929 φαμεν
2477 3873 2491 3922 ;
2513 3857 2594 3909 ὃτί
2623 3853 2863 3923 Μωῡσῆς
2898 3850 2995 3922 μὲν
3017 3850 3076 3903 ἐν
3102 3847 3180 3917 τῷ
3200 3844 3403 3915 ἐνωτίῳ
3430 3843 3645 3912 κόσμῳ,

2069 3953 2126 4016 ὅς
2151 3953 2295 4003 ἐστιν
2318 3949 2346 4000 ὁ
2369 3948 2550 4018 νόμος,
2574 3947 2670 4016 τὴν
2700 3944 2806 3998 τῶν
2843 3938 3191 4013 Ἰσραηλιτῶν
3211 3936 3381 4006 ἀκοὴν
3406 3934 3649 4005 ἐκόσμη-

403 4046 522 4102 silia
569 4044 784 4114 cepisse
827 4044 1163 4105 viderentur,
1211 4044 1305 4113 qui
1353 4043 1600 4097 divinum
1642 4052 1960 4113 prteceptum

2074 4058 2162 4094 σεν
2186 4054 2197 4066 ·
2233 4039 2262 4091 6
2287 4037 2343 4091 δέ
2367 4035 2713 4106 ψευδώνυμος
2751 4031 2977 4100 ἀδελφὸς
3005 4029 3091 4083 διὰ
3120 4030 3217 4099 τῆς
3248 4024 3533 4096 παρακοῆς
3558 4039 3651 4076 πε-

403 4113 785 4205 negligendum
816 4147 939 4188 esse
966 4132 1346 4188 hortabantur.
1380 4130 1482 4198 Qui
1514 4130 1731 4186 tandem
1766 4130 1960 4186 factum

2076 4130 2275 4204 ριαιρεῖ
2300 4130 2390 4182 τὸν
2422 4126 2709 4181 ἐντεθέντα
2738 4126 2805 4194 τῇ
2842 4123 2978 4193 ἀκοῇ
3010 4119 3233 4190 κόσμον,
3266 4116 3362 4170 καὶ
3404 4116 3549 4168 ποιεῖ
3580 4113 3649 4167 δι’

403 4233 488 4279 est
517 4230 577 4279 ut
604 4223 815 4277 amicus
834 4230 887 4277 et
922 4222 1264 4292 propinquus
1297 4220 1706 4277 existimaretur
1744 4234 1960 4290 serpens

2074 4219 2236 4277 αὑτοῦ
2266 4218 2501 4273 εἴδωλον.
2537 4216 2648 4270 Καὶ
2685 4212 2836 4286 παρά
2870 4211 2967 4282 τὴν
2998 4208 3220 4281 πρώτην
3243 4207 3341 4277 τῆς
3375 4205 3651 4276 ἁμαρτίας

405 4317 474 4371 ab
500 4316 588 4378 iis,
614 4315 706 4386 qui
734 4314 891 4386 primi
919 4313 1087 4370 creati
1113 4312 1351 4377 fuerunt,
1372 4312 1529 4382 quasi
1550 4328 1662 4367 rem
1688 4312 1960 4368 honestam

2075 4312 2299 4377 εἴσοδον,
2335 4310 2554 4364 ἑνωτίου
2595 4324 2678 4371 τις
2705 4305 2988 4376 ὑφαίρεσις
3013 4298 3080 4374 ἦν
3114 4303 3146 4371 ἠ
3176 4299 3269 4353 τοῦ
3306 4296 3653 4368 παρακοῦσαι

406 4408 704 4476 utilemque
723 4406 1055 4485 consuleret,
1084 4411 1190 4459 uta
1222 4403 1409 4459 divino
1443 4403 1702 4458 mandato
1732 4403 1960 4458 declina-

2075 4407 2175 4477 τῆς
2200 4404 2418 4475 ἐντολῆς
2449 4400 2742 4472 συμϐουλή.
2781 4396 2905 4460 Πῶς
2934 4394 3193 4467 ἐνομίσθη
3223 4392 3373 4462 φίλος
3394 4390 3489 4444 καὶ
3516 4388 3654 4460 πλη-

407 4506 548 4552 rent.
604 4496 659 4550 id
709 4512 841 4566 ergo
884 4480 972 4552 est
1006 4496 1153 4566 quod
1193 4497 1432 4552 dicimus
1464 4493 1685 4551 auferre
1719 4495 1789 4550 ab
1842 4509 1960 4549 aure

2080 4497 2192 4550 σίον
2221 4498 2331 4558 τοῖς
2370 4491 2815 4564 πρωτοπλάστοις
2852 4491 2878 4541 6
2907 4488 3050 4557 ὄφις,
3076 4486 3150 4548 ὥς
3187 4502 3239 4537 τι
3267 4485 3535 4554 χρήσιμον
3559 4480 3655 4533 καὶ

408 4596 802 4656 praeceptorum
838 4585 1108 4642 inaurem.
1141 4586 1321 4652 Quare
1355 4586 1446 4656 qui
1479 4584 1581 4642 hos
1612 4583 1831 4649 fratres,
1873 4584 1975 4639 hos

407 4680 639 4741 amicos,
675 4678 773 4732 hos
807 4677 1084 4747 proximos
1133 4677 1426 4739 interimet.
1473 4675 1656 4731 audiet
1694 4676 1840 4729 illaut
1879 4689 1976 4729 vo-

410 4788 550 4837 cem,
583 4787 747 4843 quam
779 4786 807 4824 a
839 4769 1021 4843 Moyse
1049 4771 1125 4825 illi
1156 4776 1539 4842 perceperunt,
1576 4766 1670 4838 qui
1707 4774 1836 4820 tunc
1859 4765 1979 4821 sine

410 4860 794 4932 disquisitione
831 4860 1034 4929 multos
1060 4876 1091 4915 e
1121 4859 1425 4915 cultoribus
1456 4857 1585 4913 idoli
1620 4854 1977 4912 occiderunt:

410 4954 737 5025 l-nplevistis
759 4993 773 5018 ,
815 4952 1026 5021 inquit,
1059 4967 1250 5006 manus
1294 4956 1500 5005 vestras
1536 4947 1696 5002 hodie
1726 4946 1978 5012 Domino,

413 5050 464 5099 in
495 5061 595 5101 suo
628 5044 1006 5114 unusquisque
1042 5044 1152 5098 filio
1190 5045 1274 5098 vel
1306 5043 1498 5106 fratre,
1534 5047 1593 5094 ut
1622 5039 1782 5095 detur
1812 5054 1981 5109 super

411 5153 509 5192 vos
559 5137 888 5194 hcttedictio.
956 5134 1062 5192 Sed
1116 5142 1424 5205 opportune
1476 5132 1638 5187 modo
1676 5132 1976 5201 primorum

406 5238 699 5298 parentum
748 5228 978 5284 fecimus
1015 5228 1372 5292 mentionem,
1410 5235 1467 5280 ut
1514 5212 1793 5281 discamus
1841 5239 1978 5295 quo-

414 5333 537 5370 nam
570 5327 732 5386 pacto
778 5317 1043 5373 divinitus
1091 5316 1369 5376 confectas
1415 5315 1648 5378 tabulas,
1698 5313 1751 5367 in
1780 5313 1980 5382 quibus

413 5402 499 5455 ιρι(
529 5415 643 5456 erat
678 5402 945 5473 impressa
1027 5406 1080 5458 in
1124 5414 1323 5459 terram
1361 5403 1613 5458 manibus
1642 5393 1812 5472 Movsi
1848 5415 1975 5469 pro-

480 5586 529 5616 “
562 5583 731 5638 Exod.
778 5596 947 5646 xxx",
982 5581 1070 5639 Ἡ.

2080 4586 2302 4656 ἀγαθὸν,
2330 4584 2392 4638 τὸ
2422 4583 2723 4653 ἀποστῆναι
2756 4579 2850 4634 τοῦ
2884 4579 3026 4632 θείου
3068 4575 3487 4649 προστάγματος
3521 4588 3656 4642 συμ-

2082 4674 2383 4739 6ουλεύων;
2423 4672 2593 4726 Τοῦτό
2632 4672 2746 4724 ἐστι
2778 4669 2838 4722 τὸ
2881 4665 3226 4739 περιελέσθαι
3269 4663 3369 4733 τῆς
3395 4661 3564 4729 ἀκοῆς
3594 4658 3657 4713 τὸ

2081 4768 2182 4838 τῆς
2222 4764 2440 4835 ἐντολῆς
2474 4762 2714 4816 ἐνώτιον.
2744 4758 2951 4813 Οὐκοῦν
2997 4759 3024 4810 6
3063 4757 3170 4809 τῶν
3203 4753 3458 4807 τοιούτων
3503 4749 3658 4803 ἀδελ-

2086 4859 2200 4928 φῶν
2243 4873 2298 4911 τε
2333 4857 2427 4910 καὶ
2470 4855 2638 4924 φίλων
2684 4852 2778 4907 καὶ
2831 4851 3056 4922 πλησίον
3100 4850 3311 4919 φονεὺς,
3363 4842 3658 4898 ἀκούσεται

2088 4950 2236 5022 παρά
2272 4947 2366 5003 τοῦ
2408 4947 2572 5018 νόμου
2621 4945 2721 5014 τῆς
2763 4944 2942 5014 φωνῆς
2997 4940 3230 5011 ἐκείνης,
3259 4940 3325 5009 ἣν
3373 4935 3574 5005 ἔφησεν
3622 4934 3656 5004 ἡ

2089 5041 2299 5111 ἱστορία
2324 5037 2474 5109 παρὰ
2489 5037 2581 5090 τοῦ
2607 5035 2878 5097 Μωῦσέως
2905 5030 3228 5101 γεγενῆσθαι
3260 5031 3371 5090 τοῖς
3389 5025 3514 5088 τοὺς
3546 5040 3661 5078 τοιη

2087 5130 2275 5192 ούτους
2335 5127 2809 5197 φονοκτονήσασινο
2872 5122 3252 5193 Ἐπληρώσατε
3315 5120 3414 5182 τὰς
3472 5119 3660 5189 χεῖρας

2086 5221 2238 5291 ὑμῶν
2264 5221 2500 5290 σήμερον
2529 5218 2606 5288 τῷ
2648 5216 2838 5287 Κυρίῳ
2880 5215 3107 5276 ἕκαστος
3140 5213 3196 5266 ἐν
3222 5210 3299 5281 τῷ
3353 5209 3464 5280 ἰδίῳ
3495 5210 3596 5279 υίῷ
3625 5209 3658 5279 ἢ

2084 5313 2161 5384 τῷ
2188 5310 2419 5380 ἀδελφῷ,
2446 5309 2663 5378 δοθῆναι
2686 5309 2770 5375 ἐφ’
2795 5308 2937 5377 ὑμᾶς
2966 5304 3232 5371 εὐλογίαν.
3263 5303 3420 5355 Δοκεῖ
3439 5301 3496 5355 δὲ
3519 5302 3659 5354 κατὰ

2086 5402 2274 5473 καιρδν
2304 5402 2396 5455 καὶ
2422 5402 2455 5470 ἡ
2488 5400 2671 5469 parthum
2707 5397 2814 5451 τῶν
2846 5397 2944 5452 τὴν
2980 5395 3253 5450 ἀααοτίαν
3286 5391 3658 5462 παραδεξαμέο
