  <div class='ocr_page' id='page_1' title='image "/cluster/home/n/w/nwhite01/storage/ocr_20150623/44/mdp.39015011915454/206.png"; bbox 0 0 3800 5980; ppageno 0'>
   <div class='ocr_carea' id='block_1_1' title="bbox 252 170 349 232">
    <p class='ocr_par' dir='ltr' id='par_1_1' title="bbox 252 170 349 232">
     <span class='ocr_line' id='line_1_1' title="bbox 252 170 349 232; baseline -0.082 0"><span class='ocrx_word' id='word_1_1' title='bbox 252 170 349 232; x_wconf 76' lang='lat'><strong>397</strong></span> 
     </span>
    </p>
   </div>
   <div class='ocr_carea' id='block_1_2' title="bbox 237 271 1811 353">
    <p class='ocr_par' dir='ltr' id='par_1_2' title="bbox 237 271 1811 353">
     <span class='ocr_line' id='line_1_2' title="bbox 237 271 1811 353; baseline -0.01 -15"><span class='ocrx_word' id='word_1_2' title='bbox 237 302 333 339; x_wconf 86' lang='grc' dir='ltr'><strong>νων</strong></span> <span class='ocrx_word' id='word_1_3' title='bbox 374 280 854 353; x_wconf 82' lang='grc' dir='ltr'><strong>ἐπεισεληλυθέναι</strong></span> <span class='ocrx_word' id='word_1_4' title='bbox 901 277 982 350; x_wconf 79' lang='grc' dir='ltr'>τῷ</span> <span class='ocrx_word' id='word_1_5' title='bbox 1031 275 1205 348; x_wconf 83' lang='grc' dir='ltr'>λόγῳ·</span> <span class='ocrx_word' id='word_1_6' title='bbox 1247 275 1385 327; x_wconf 83' lang='grc' dir='ltr'>ὥστε</span> <span class='ocrx_word' id='word_1_7' title='bbox 1423 272 1635 344; x_wconf 88' lang='grc' dir='ltr'>μαθεῖν,</span> <span class='ocrx_word' id='word_1_8' title='bbox 1691 271 1811 339; x_wconf 85' lang='grc' dir='ltr'><strong>πῶς</strong></span> 
     </span>
    </p>
   </div>
   <div class='ocr_carea' id='block_1_3' title="bbox 237 361 1809 437">
    <p class='ocr_par' dir='ltr' id='par_1_3' title="bbox 237 361 1809 437">
     <span class='ocr_line' id='line_1_3' title="bbox 237 361 1809 437; baseline -0.008 -10"><span class='ocrx_word' id='word_1_9' title='bbox 237 374 328 437; x_wconf 77' lang='grc' dir='ltr'>τὰς</span> <span class='ocrx_word' id='word_1_10' title='bbox 358 371 719 434; x_wconf 84' lang='grc' dir='ltr'>θεοτεύκτους</span> <span class='ocrx_word' id='word_1_11' title='bbox 746 370 983 432; x_wconf 82' lang='grc' dir='ltr'><strong>πλάκας,</strong></span> <span class='ocrx_word' id='word_1_12' title='bbox 1009 368 1066 421; x_wconf 81' lang='grc' dir='ltr'><strong>έν</strong></span> <span class='ocrx_word' id='word_1_13' title='bbox 1090 361 1179 429; x_wconf 74' lang='grc' dir='ltr'>αἷς</span> <span class='ocrx_word' id='word_1_14' title='bbox 1202 367 1230 419; x_wconf 99' lang='lat'><strong>6</strong></span> <span class='ocrx_word' id='word_1_15' title='bbox 1258 363 1399 427; x_wconf 83' lang='grc' dir='ltr'>θεῖος</span> <span class='ocrx_word' id='word_1_16' title='bbox 1433 363 1595 432; x_wconf 76' lang='grc' dir='ltr'>νόμος</span> <span class='ocrx_word' id='word_1_17' title='bbox 1623 364 1809 416; x_wconf 79' lang='grc' dir='ltr'>ἐνεκε-</span> 
     </span>
    </p>
   </div>
   <div class='ocr_carea' id='block_1_4' title="bbox 239 453 1810 537">
    <p class='ocr_par' dir='ltr' id='par_1_4' title="bbox 239 453 1810 537">
     <span class='ocr_line' id='line_1_4' title="bbox 239 453 1810 537; baseline -0.01 -18"><span class='ocrx_word' id='word_1_18' title='bbox 239 466 490 537; x_wconf 80' lang='grc' dir='ltr'>χάρακτο,</span> <span class='ocrx_word' id='word_1_19' title='bbox 521 465 602 526; x_wconf 85' lang='grc' dir='ltr'><strong>είς</strong></span> <span class='ocrx_word' id='word_1_20' title='bbox 636 463 737 533; x_wconf 79' lang='grc' dir='ltr'><strong>τὴν</strong></span> <span class='ocrx_word' id='word_1_21' title='bbox 769 462 874 531; x_wconf 80' lang='grc' dir='ltr'>γῆν</span> <span class='ocrx_word' id='word_1_22' title='bbox 919 462 984 513; x_wconf 80' lang='grc' dir='ltr'>ὲκ</span> <span class='ocrx_word' id='word_1_23' title='bbox 1025 458 1133 512; x_wconf 87' lang='grc' dir='ltr'><strong>τῶν</strong></span> <span class='ocrx_word' id='word_1_24' title='bbox 1165 456 1259 511; x_wconf 88' lang='grc' dir='ltr'><strong>τοῦ</strong></span> <span class='ocrx_word' id='word_1_25' title='bbox 1288 454 1571 517; x_wconf 82' lang='grc' dir='ltr'>Μωῡσὲως</span> <span class='ocrx_word' id='word_1_26' title='bbox 1610 453 1810 524; x_wconf 81' lang='grc' dir='ltr'>χειρῶν</span> 
     </span>
    </p>
   </div>
   <div class='ocr_carea' id='block_1_5' title="bbox 242 545 1808 624">
    <p class='ocr_par' dir='ltr' id='par_1_5' title="bbox 242 545 1808 624">
     <span class='ocr_line' id='line_1_5' title="bbox 242 545 1808 624; baseline -0.01 -14"><span class='ocrx_word' id='word_1_27' title='bbox 242 555 520 619; x_wconf 78' lang='grc' dir='ltr'><strong>πεσούσας,</strong></span> <span class='ocrx_word' id='word_1_28' title='bbox 554 554 651 607; x_wconf 75' lang='grc' dir='ltr'><strong>καὶ</strong></span> <span class='ocrx_word' id='word_1_29' title='bbox 690 556 755 624; x_wconf 80' lang='grc' dir='ltr'>τῇ</span> <span class='ocrx_word' id='word_1_30' title='bbox 798 550 1091 619; x_wconf 78' lang='grc' dir='ltr'>ἀντιτυπία</span> <span class='ocrx_word' id='word_1_31' title='bbox 1131 548 1224 603; x_wconf 88' lang='grc' dir='ltr'><strong>τοῦ</strong></span> <span class='ocrx_word' id='word_1_32' title='bbox 1263 545 1623 616; x_wconf 81' lang='grc' dir='ltr'>ὑποκειμένου</span> <span class='ocrx_word' id='word_1_33' title='bbox 1653 560 1808 613; x_wconf 83' lang='grc' dir='ltr'>περι-</span> 
     </span>
    </p>
   </div>
   <div class='ocr_carea' id='block_1_6' title="bbox 238 636 1810 718">
    <p class='ocr_par' dir='ltr' id='par_1_6' title="bbox 238 636 1810 718">
     <span class='ocr_line' id='line_1_6' title="bbox 238 636 1810 718; baseline -0.008 -18"><span class='ocrx_word' id='word_1_34' title='bbox 238 646 524 718; x_wconf 87' lang='grc' dir='ltr'>τριϐείσας,</span> <span class='ocrx_word' id='word_1_35' title='bbox 569 646 731 698; x_wconf 86' lang='grc' dir='ltr'>πάλιν</span> <span class='ocrx_word' id='word_1_36' title='bbox 762 646 790 697; x_wconf 86' lang='grc' dir='ltr'>ὁ</span> <span class='ocrx_word' id='word_1_37' title='bbox 824 644 1064 713; x_wconf 84' lang='grc' dir='ltr'><strong>Μωῦσῆς</strong></span> <span class='ocrx_word' id='word_1_38' title='bbox 1093 638 1500 709; x_wconf 78' lang='grc' dir='ltr'>ἀνακομίζεται,</span> <span class='ocrx_word' id='word_1_39' title='bbox 1522 637 1706 690; x_wconf 79' lang='grc' dir='ltr'>οὐκετι</span> <span class='ocrx_word' id='word_1_40' title='bbox 1733 636 1810 688; x_wconf 88' lang='grc' dir='ltr'>δι-</span> 
     </span>
    </p>
   </div>
   <div class='ocr_carea' id='block_1_7' title="bbox 237 728 1808 804">
    <p class='ocr_par' dir='ltr' id='par_1_7' title="bbox 237 728 1808 804">
     <span class='ocr_line' id='line_1_7' title="bbox 237 728 1808 804; baseline -0.008 -13"><span class='ocrx_word' id='word_1_41' title='bbox 237 737 348 791; x_wconf 81' lang='grc' dir='ltr'>όλου</span> <span class='ocrx_word' id='word_1_42' title='bbox 376 737 474 800; x_wconf 72' lang='grc' dir='ltr'><strong>τὰς</strong></span> <span class='ocrx_word' id='word_1_43' title='bbox 493 736 683 799; x_wconf 76' lang='grc' dir='ltr'>αὑτάς,</span> <span class='ocrx_word' id='word_1_44' title='bbox 708 733 843 789; x_wconf 83' lang='grc' dir='ltr'><strong>ἀλλά</strong></span> <span class='ocrx_word' id='word_1_45' title='bbox 867 734 1023 804; x_wconf 81' lang='grc' dir='ltr'>μόνον</span> <span class='ocrx_word' id='word_1_46' title='bbox 1044 731 1106 785; x_wconf 80' lang='grc' dir='ltr'><strong>τὸ</strong></span> <span class='ocrx_word' id='word_1_47' title='bbox 1128 730 1214 784; x_wconf 75' lang='grc' dir='ltr'>ἐπ’</span> <span class='ocrx_word' id='word_1_48' title='bbox 1237 728 1416 785; x_wconf 82' lang='grc' dir='ltr'>αὐτῶν</span> <span class='ocrx_word' id='word_1_49' title='bbox 1441 729 1696 799; x_wconf 82' lang='grc' dir='ltr'>γράμμα.</span> <span class='ocrx_word' id='word_1_50' title='bbox 1715 728 1808 779; x_wconf 87' lang='grc' dir='ltr'>Ἐκ</span> 
     </span>
    </p>
   </div>
   <div class='ocr_carea' id='block_1_8' title="bbox 239 818 1807 902">
    <p class='ocr_par' dir='ltr' id='par_1_8' title="bbox 239 818 1807 902">
     <span class='ocr_line' id='line_1_8' title="bbox 239 818 1807 902; baseline -0.008 -18"><span class='ocrx_word' id='word_1_51' title='bbox 239 832 336 902; x_wconf 73' lang='grc' dir='ltr'><strong>γάρ</strong></span> <span class='ocrx_word' id='word_1_52' title='bbox 366 832 466 901; x_wconf 79' lang='grc' dir='ltr'>τῆς</span> <span class='ocrx_word' id='word_1_53' title='bbox 513 829 663 882; x_wconf 84' lang='grc' dir='ltr'>κάτω</span> <span class='ocrx_word' id='word_1_54' title='bbox 706 827 839 897; x_wconf 77' lang='grc' dir='ltr'>ὕλης</span> <span class='ocrx_word' id='word_1_55' title='bbox 883 825 1063 900; x_wconf 77' lang='grc' dir='ltr'>λαϐὼν</span> <span class='ocrx_word' id='word_1_56' title='bbox 1108 823 1207 886; x_wconf 86' lang='grc' dir='ltr'>τὰς</span> <span class='ocrx_word' id='word_1_57' title='bbox 1241 822 1474 884; x_wconf 82' lang='grc' dir='ltr'><strong>πλάκας,</strong></span> <span class='ocrx_word' id='word_1_58' title='bbox 1523 818 1807 888; x_wconf 79' lang='grc' dir='ltr'>ὑποτίθησι</span> 
     </span>
    </p>
   </div>
   <div class='ocr_carea' id='block_1_9' title="bbox 238 911 1816 995">
    <p class='ocr_par' dir='ltr' id='par_1_9' title="bbox 238 911 1816 995">
     <span class='ocr_line' id='line_1_9' title="bbox 238 911 1816 995; baseline -0.008 -19"><span class='ocrx_word' id='word_1_59' title='bbox 238 926 299 995; x_wconf 80' lang='grc' dir='ltr'>τῇ</span> <span class='ocrx_word' id='word_1_60' title='bbox 324 922 547 992; x_wconf 76' lang='grc' dir='ltr'><strong>δυνάμει</strong></span> <span class='ocrx_word' id='word_1_61' title='bbox 569 920 660 973; x_wconf 86' lang='grc' dir='ltr'><strong>τοῦ</strong></span> <span class='ocrx_word' id='word_1_62' title='bbox 692 920 781 973; x_wconf 81' lang='grc' dir='ltr'><strong>τὸν</strong></span> <span class='ocrx_word' id='word_1_63' title='bbox 812 918 973 988; x_wconf 81' lang='grc' dir='ltr'>νόμον</span> <span class='ocrx_word' id='word_1_64' title='bbox 993 916 1181 980; x_wconf 78' lang='grc' dir='ltr'>αὑταῖς</span> <span class='ocrx_word' id='word_1_65' title='bbox 1214 913 1660 984; x_wconf 79' lang='grc' dir='ltr'>ὲγχαράσσοντος.</span> <span class='ocrx_word' id='word_1_66' title='bbox 1696 911 1816 964; x_wconf 64' lang='grc' dir='ltr'><strong>Καὶ</strong></span> 
     </span>
    </p>
   </div>
   <div class='ocr_carea' id='block_1_10' title="bbox 238 1002 1807 1081">
    <p class='ocr_par' dir='ltr' id='par_1_10' title="bbox 238 1002 1807 1081">
     <span class='ocr_line' id='line_1_10' title="bbox 238 1002 1807 1081; baseline -0.01 -12"><span class='ocrx_word' id='word_1_67' title='bbox 238 1015 403 1077; x_wconf 78' lang='grc' dir='ltr'>οὕτως</span> <span class='ocrx_word' id='word_1_68' title='bbox 429 1012 781 1068; x_wconf 82' lang='grc' dir='ltr'>ἀνακαλεῖται</span> <span class='ocrx_word' id='word_1_69' title='bbox 808 1011 908 1081; x_wconf 77' lang='grc' dir='ltr'><strong>τὴν</strong></span> <span class='ocrx_word' id='word_1_70' title='bbox 938 1009 1117 1080; x_wconf 84' lang='grc' dir='ltr'><strong>χάριν,</strong></span> <span class='ocrx_word' id='word_1_71' title='bbox 1147 1007 1328 1077; x_wconf 85' lang='grc' dir='ltr'>φέρων</span> <span class='ocrx_word' id='word_1_72' title='bbox 1358 1008 1415 1058; x_wconf 85' lang='grc' dir='ltr'>ὲν</span> <span class='ocrx_word' id='word_1_73' title='bbox 1435 1006 1551 1068; x_wconf 82' lang='grc' dir='ltr'>ταῖς</span> <span class='ocrx_word' id='word_1_74' title='bbox 1579 1002 1807 1065; x_wconf 72' lang='grc' dir='ltr'>λιθίναις</span> 
     </span>
    </p>
   </div>
   <div class='ocr_carea' id='block_1_11' title="bbox 238 1092 1809 1173">
    <p class='ocr_par' dir='ltr' id='par_1_11' title="bbox 238 1092 1809 1173">
     <span class='ocr_line' id='line_1_11' title="bbox 238 1092 1809 1173; baseline -0.008 -15"><span class='ocrx_word' id='word_1_75' title='bbox 238 1105 432 1166; x_wconf 77' lang='grc' dir='ltr'>δέλτοις</span> <span class='ocrx_word' id='word_1_76' title='bbox 459 1104 553 1157; x_wconf 77' lang='grc' dir='ltr'>τὸν</span> <span class='ocrx_word' id='word_1_77' title='bbox 583 1104 767 1173; x_wconf 86' lang='grc' dir='ltr'>νόμον,</span> <span class='ocrx_word' id='word_1_78' title='bbox 813 1100 976 1153; x_wconf 81' lang='grc' dir='ltr'>αὐτοῦ</span> <span class='ocrx_word' id='word_1_79' title='bbox 1021 1099 1115 1152; x_wconf 83' lang='grc' dir='ltr'><strong>τοῦ</strong></span> <span class='ocrx_word' id='word_1_80' title='bbox 1162 1096 1298 1151; x_wconf 83' lang='grc' dir='ltr'><strong>Θεοῦ</strong></span> <span class='ocrx_word' id='word_1_81' title='bbox 1344 1095 1421 1166; x_wconf 84' lang='grc' dir='ltr'>τῷ</span> <span class='ocrx_word' id='word_1_82' title='bbox 1465 1094 1598 1167; x_wconf 85' lang='grc' dir='ltr'>λίθῳ</span> <span class='ocrx_word' id='word_1_83' title='bbox 1626 1092 1809 1163; x_wconf 84' lang='grc' dir='ltr'>φωνάς</span> 
     </span>
    </p>
   </div>
   <div class='ocr_carea' id='block_1_12' title="bbox 238 1183 1811 1262">
    <p class='ocr_par' dir='ltr' id='par_1_12' title="bbox 238 1183 1811 1262">
     <span class='ocr_line' id='line_1_12' title="bbox 238 1183 1811 1262; baseline -0.008 -15"><span class='ocrx_word' id='word_1_84' title='bbox 238 1194 656 1255; x_wconf 76' lang='grc' dir='ltr'>ὲντυπώσαντος.</span> <span class='ocrx_word' id='word_1_85' title='bbox 695 1193 850 1262; x_wconf 82' lang='grc' dir='ltr'>Τάχα</span> <span class='ocrx_word' id='word_1_86' title='bbox 886 1190 995 1262; x_wconf 72' lang='grc' dir='ltr'><strong>γὰρ</strong></span> <span class='ocrx_word' id='word_1_87' title='bbox 1030 1189 1141 1242; x_wconf 74' lang='grc' dir='ltr'>ἐστι</span> <span class='ocrx_word' id='word_1_88' title='bbox 1172 1188 1259 1241; x_wconf 84' lang='grc' dir='ltr'><strong>διὰ</strong></span> <span class='ocrx_word' id='word_1_89' title='bbox 1286 1187 1489 1241; x_wconf 89' lang='grc' dir='ltr'>τούτων</span> <span class='ocrx_word' id='word_1_90' title='bbox 1522 1183 1811 1255; x_wconf 84' lang='grc' dir='ltr'>ὁδηγηθέν-</span> 
     </span>
    </p>
   </div>
   <div class='ocr_carea' id='block_1_13' title="bbox 237 1278 1808 1356">
    <p class='ocr_par' dir='ltr' id='par_1_13' title="bbox 237 1278 1808 1356">
     <span class='ocr_line' id='line_1_13' title="bbox 237 1278 1808 1356; baseline -0.007 -16"><span class='ocrx_word' id='word_1_91' title='bbox 237 1304 347 1351; x_wconf 87' lang='grc' dir='ltr'>τας,</span> <span class='ocrx_word' id='word_1_92' title='bbox 378 1286 479 1356; x_wconf 80' lang='grc' dir='ltr'><strong>τῆς</strong></span> <span class='ocrx_word' id='word_1_93' title='bbox 527 1286 677 1349; x_wconf 79' lang='grc' dir='ltr'>θείας</span> <span class='ocrx_word' id='word_1_94' title='bbox 711 1285 849 1354; x_wconf 84' lang='grc' dir='ltr'>ὑπὲρ</span> <span class='ocrx_word' id='word_1_95' title='bbox 894 1282 1050 1354; x_wconf 76' lang='grc' dir='ltr'>ἡμῶν</span> <span class='ocrx_word' id='word_1_96' title='bbox 1092 1280 1428 1352; x_wconf 78' lang='grc' dir='ltr'>προμηθείας</span> <span class='ocrx_word' id='word_1_97' title='bbox 1461 1281 1520 1333; x_wconf 84' lang='grc' dir='ltr'>ὲν</span> <span class='ocrx_word' id='word_1_98' title='bbox 1561 1278 1808 1350; x_wconf 83' lang='grc' dir='ltr'>περινοίᾳ</span> 
     </span>
    </p>
   </div>
   <div class='ocr_carea' id='block_1_14' title="bbox 237 1372 1806 1447">
    <p class='ocr_par' dir='ltr' id='par_1_14' title="bbox 237 1372 1806 1447">
     <span class='ocr_line' id='line_1_14' title="bbox 237 1372 1806 1447; baseline -0.006 -16"><span class='ocrx_word' id='word_1_99' title='bbox 237 1376 499 1446; x_wconf 80' lang='grc' dir='ltr'>γενέσθαι.</span> <span class='ocrx_word' id='word_1_100' title='bbox 532 1377 595 1428; x_wconf 73' lang='lat' dir='ltr'><strong>Et</strong></span> <span class='ocrx_word' id='word_1_101' title='bbox 622 1376 731 1447; x_wconf 84' lang='grc' dir='ltr'><strong>γάρ</strong></span> <span class='ocrx_word' id='word_1_102' title='bbox 770 1373 1026 1442; x_wconf 84' lang='grc' dir='ltr'>ἀληθεύει</span> <span class='ocrx_word' id='word_1_103' title='bbox 1063 1374 1091 1427; x_wconf 93' lang='lat'><strong>6</strong></span> <span class='ocrx_word' id='word_1_104' title='bbox 1119 1373 1261 1435; x_wconf 88' lang='grc' dir='ltr'>θεῖος</span> <span class='ocrx_word' id='word_1_105' title='bbox 1296 1372 1634 1433; x_wconf 73' lang='grc' dir='ltr'>Ἀπόστολος,</span> <span class='ocrx_word' id='word_1_106' title='bbox 1667 1386 1806 1441; x_wconf 86' lang='grc' dir='ltr'>καρ-</span> 
     </span>
    </p>
   </div>
   <div class='ocr_carea' id='block_1_15' title="bbox 236 1461 1809 1539">
    <p class='ocr_par' dir='ltr' id='par_1_15' title="bbox 236 1461 1809 1539">
     <span class='ocr_line' id='line_1_15' title="bbox 236 1461 1809 1539; baseline -0.005 -17"><span class='ocrx_word' id='word_1_107' title='bbox 236 1470 343 1531; x_wconf 83' lang='grc' dir='ltr'>δίας</span> <span class='ocrx_word' id='word_1_108' title='bbox 368 1467 652 1539; x_wconf 79' lang='grc' dir='ltr'><strong>ὀνομάζων</strong></span> <span class='ocrx_word' id='word_1_109' title='bbox 678 1467 777 1531; x_wconf 85' lang='grc' dir='ltr'><strong>τάς</strong></span> <span class='ocrx_word' id='word_1_110' title='bbox 823 1466 1056 1530; x_wconf 81' lang='grc' dir='ltr'>πλάκας,</span> <span class='ocrx_word' id='word_1_111' title='bbox 1086 1465 1349 1527; x_wconf 77' lang='grc' dir='ltr'><strong>τουτέστι,</strong></span> <span class='ocrx_word' id='word_1_112' title='bbox 1389 1464 1449 1516; x_wconf 83' lang='grc' dir='ltr'><strong>τὸ</strong></span> <span class='ocrx_word' id='word_1_113' title='bbox 1483 1461 1809 1533; x_wconf 73' lang='grc' dir='ltr'>ἡγεμονικὸν</span> 
     </span>
    </p>
   </div>
   <div class='ocr_carea' id='block_1_16' title="bbox 236 1551 1807 1630">
    <p class='ocr_par' dir='ltr' id='par_1_16' title="bbox 236 1551 1807 1630">
     <span class='ocr_line' id='line_1_16' title="bbox 236 1551 1807 1630; baseline -0.004 -19"><span class='ocrx_word' id='word_1_114' title='bbox 236 1561 325 1630; x_wconf 82' lang='grc' dir='ltr'><strong>τῆς</strong></span> <span class='ocrx_word' id='word_1_115' title='bbox 348 1560 529 1629; x_wconf 74' lang='grc' dir='ltr'>ψυχῆς</span> <span class='ocrx_word' id='word_1_116' title='bbox 569 1557 845 1629; x_wconf 84' lang='grc' dir='ltr'>(ἀληθεύει</span> <span class='ocrx_word' id='word_1_117' title='bbox 889 1557 946 1610; x_wconf 83' lang='grc' dir='ltr'>δὲ</span> <span class='ocrx_word' id='word_1_118' title='bbox 985 1555 1221 1618; x_wconf 87' lang='grc' dir='ltr'>πάντως,</span> <span class='ocrx_word' id='word_1_119' title='bbox 1249 1557 1277 1607; x_wconf 91' lang='lat'><strong>6</strong></span> <span class='ocrx_word' id='word_1_120' title='bbox 1303 1554 1389 1608; x_wconf 83' lang='grc' dir='ltr'>διὰ</span> <span class='ocrx_word' id='word_1_121' title='bbox 1426 1552 1519 1606; x_wconf 89' lang='grc' dir='ltr'><strong>τοῦ</strong></span> <span class='ocrx_word' id='word_1_122' title='bbox 1554 1551 1807 1623; x_wconf 84' lang='grc' dir='ltr'>Πνεύμα-</span> 
     </span>
    </p>
   </div>
   <div class='ocr_carea' id='block_1_17' title="bbox 1558 165 2149 223">
    <p class='ocr_par' dir='ltr' id='par_1_17' title="bbox 1558 165 2149 223">
     <span class='ocr_line' id='line_1_17' title="bbox 1558 165 2149 223; baseline 0.005 -3"><span class='ocrx_word' id='word_1_123' title='bbox 1558 165 1648 222; x_wconf 90' lang='lat' dir='ltr'><strong>DE</strong></span> <span class='ocrx_word' id='word_1_124' title='bbox 1687 165 1847 222; x_wconf 80' lang='lat' dir='ltr'><strong>VITA</strong></span> <span class='ocrx_word' id='word_1_125' title='bbox 1878 166 2149 223; x_wconf 76' lang='lat' dir='ltr'><strong>MOYSIS.</strong></span> 
     </span>
    </p>
   </div>
   <div class='ocr_carea' id='block_1_18' title="bbox 3357 154 3500 225">
    <p class='ocr_par' dir='ltr' id='par_1_18' title="bbox 3357 154 3500 225">
     <span class='ocr_line' id='line_1_18' title="bbox 3357 154 3500 225; baseline -0.007 -1"><span class='ocrx_word' id='word_1_126' title='bbox 3357 174 3363 179; x_wconf 94' lang='grc'>·</span> <span class='ocrx_word' id='word_1_127' title='bbox 3394 154 3500 225; x_wconf 65' lang='lat' dir='ltr'><strong>53s</strong></span> 
     </span>
    </p>
   </div>
   <div class='ocr_carea' id='block_1_19' title="bbox 1918 276 3498 355">
    <p class='ocr_par' dir='ltr' id='par_1_19' title="bbox 1918 276 3498 355">
     <span class='ocr_line' id='line_1_19' title="bbox 1918 276 3498 355; baseline 0.003 -22"><span class='ocrx_word' id='word_1_128' title='bbox 1918 278 2111 346; x_wconf 72' lang='lat' dir='ltr'><strong>iectas,</strong></span> <span class='ocrx_word' id='word_1_129' title='bbox 2145 292 2176 332; x_wconf 88' lang='lat' dir='ltr'><strong>a</strong></span> <span class='ocrx_word' id='word_1_130' title='bbox 2208 276 2411 334; x_wconf 75' lang='lat' dir='ltr'><strong>duritie</strong></span> <span class='ocrx_word' id='word_1_131' title='bbox 2446 277 2710 349; x_wconf 79' lang='lat' dir='ltr'><strong>subjectae</strong></span> <span class='ocrx_word' id='word_1_132' title='bbox 2739 288 2900 338; x_wconf 80' lang='lat' dir='ltr'><strong>terrae</strong></span> <span class='ocrx_word' id='word_1_133' title='bbox 2925 283 3214 345; x_wconf 88' lang='lat' dir='ltr'><strong>contritas,</strong></span> <span class='ocrx_word' id='word_1_134' title='bbox 3249 297 3278 336; x_wconf 89' lang='lat' dir='ltr'><strong>a</strong></span> <span class='ocrx_word' id='word_1_135' title='bbox 3315 283 3498 355; x_wconf 81' lang='lat' dir='ltr'><strong>Moyse</strong></span> 
     </span>
    </p>
   </div>
   <div class='ocr_carea' id='block_1_20' title="bbox 1917 367 3492 441">
    <p class='ocr_par' dir='ltr' id='par_1_20' title="bbox 1917 367 3492 441">
     <span class='ocr_line' id='line_1_20' title="bbox 1917 367 3492 441; baseline 0.007 -21"><span class='ocrx_word' id='word_1_136' title='bbox 1917 384 2112 423; x_wconf 74' lang='lat' dir='ltr'><strong>rursus</strong></span> <span class='ocrx_word' id='word_1_137' title='bbox 2143 367 2316 424; x_wconf 81' lang='lat' dir='ltr'><strong>fuisse</strong></span> <span class='ocrx_word' id='word_1_138' title='bbox 2349 377 2638 441; x_wconf 87' lang='lat' dir='ltr'><strong>susceptas</strong></span> <span class='ocrx_word' id='word_1_139' title='bbox 2662 413 2677 438; x_wconf 89' lang='lat'><strong>,</strong></span> <span class='ocrx_word' id='word_1_140' title='bbox 2712 387 2823 427; x_wconf 91' lang='lat' dir='ltr'><strong>non</strong></span> <span class='ocrx_word' id='word_1_141' title='bbox 2851 374 3076 428; x_wconf 90' lang='lat' dir='ltr'><strong>omnino</strong></span> <span class='ocrx_word' id='word_1_142' title='bbox 3110 375 3329 430; x_wconf 82' lang='lat' dir='ltr'><strong>easdem</strong></span> <span class='ocrx_word' id='word_1_143' title='bbox 3351 417 3365 441; x_wconf 92' lang='lat'><strong>,</strong></span> <span class='ocrx_word' id='word_1_144' title='bbox 3397 378 3492 431; x_wconf 87' lang='lat' dir='ltr'><strong>sed</strong></span> 
     </span>
    </p>
   </div>
   <div class='ocr_carea' id='block_1_21' title="bbox 1947 461 3495 535">
    <p class='ocr_par' dir='ltr' id='par_1_21' title="bbox 1947 461 3495 535">
     <span class='ocr_line' id='line_1_21' title="bbox 1947 461 3495 535; baseline 0.005 -21"><span class='ocrx_word' id='word_1_145' title='bbox 1947 461 2244 532; x_wconf 72' lang='lat' dir='ltr'><strong>cripturam</strong></span> <span class='ocrx_word' id='word_1_146' title='bbox 2292 461 2490 525; x_wconf 89' lang='lat' dir='ltr'><strong>solum,</strong></span> <span class='ocrx_word' id='word_1_147' title='bbox 2524 477 2645 532; x_wconf 67' lang='lat' dir='ltr'><strong>quae</strong></span> <span class='ocrx_word' id='word_1_148' title='bbox 2678 463 2732 516; x_wconf 92' lang='lat' dir='ltr'><strong>in</strong></span> <span class='ocrx_word' id='word_1_149' title='bbox 2767 463 2877 520; x_wconf 86' lang='lat' dir='ltr'><strong>illis</strong></span> <span class='ocrx_word' id='word_1_150' title='bbox 2906 472 3025 519; x_wconf 89' lang='lat' dir='ltr'><strong>erat</strong></span> <span class='ocrx_word' id='word_1_151' title='bbox 3055 465 3340 535; x_wconf 83' lang='lat' dir='ltr'><strong>impressa.</strong></span> <span class='ocrx_word' id='word_1_152' title='bbox 3382 467 3495 521; x_wconf 90' lang='lat' dir='ltr'><strong>Ma-</strong></span> 
     </span>
    </p>
   </div>
   <div class='ocr_carea' id='block_1_22' title="bbox 1917 551 3496 627">
    <p class='ocr_par' dir='ltr' id='par_1_22' title="bbox 1917 551 3496 627">
     <span class='ocr_line' id='line_1_22' title="bbox 1917 551 3496 627; baseline 0.004 -23"><span class='ocrx_word' id='word_1_153' title='bbox 1917 551 2115 605; x_wconf 87' lang='lat' dir='ltr'><strong>teriam</strong></span> <span class='ocrx_word' id='word_1_154' title='bbox 2147 551 2293 606; x_wconf 88' lang='lat' dir='ltr'><strong>enim</strong></span> <span class='ocrx_word' id='word_1_155' title='bbox 2315 566 2503 607; x_wconf 90' lang='lat' dir='ltr'><strong>earum</strong></span> <span class='ocrx_word' id='word_1_156' title='bbox 2540 569 2606 607; x_wconf 81' lang='lat' dir='ltr'><strong>ex</strong></span> <span class='ocrx_word' id='word_1_157' title='bbox 2644 552 2891 609; x_wconf 83' lang='lat' dir='ltr'><strong>inferiori</strong></span> <span class='ocrx_word' id='word_1_158' title='bbox 2932 556 3035 610; x_wconf 85' lang='lat' dir='ltr'><strong>hac</strong></span> <span class='ocrx_word' id='word_1_159' title='bbox 3062 558 3302 627; x_wconf 76' lang='lat' dir='ltr'><strong>suscepit</strong></span> <span class='ocrx_word' id='word_1_160' title='bbox 3324 569 3496 612; x_wconf 87' lang='lat' dir='ltr'><strong>matc-</strong></span> 
     </span>
    </p>
   </div>
   <div class='ocr_carea' id='block_1_23' title="bbox 1918 640 3489 718">
    <p class='ocr_par' dir='ltr' id='par_1_23' title="bbox 1918 640 3489 718">
     <span class='ocr_line' id='line_1_23' title="bbox 1918 640 3489 718; baseline 0.006 -24"><span class='ocrx_word' id='word_1_161' title='bbox 1918 640 1997 694; x_wconf 91' lang='lat' dir='ltr'><strong>ria</strong></span> <span class='ocrx_word' id='word_1_162' title='bbox 2049 640 2266 711; x_wconf 85' lang='lat' dir='ltr'><strong>Moyses</strong></span> <span class='ocrx_word' id='word_1_163' title='bbox 2288 683 2304 709; x_wconf 94' lang='lat'><strong>,</strong></span> <span class='ocrx_word' id='word_1_164' title='bbox 2339 642 2643 715; x_wconf 85' lang='lat' dir='ltr'><strong>virtutique</strong></span> <span class='ocrx_word' id='word_1_165' title='bbox 2694 646 2867 716; x_wconf 89' lang='lat' dir='ltr'><strong>ipsius</strong></span> <span class='ocrx_word' id='word_1_166' title='bbox 2896 646 3158 716; x_wconf 86' lang='lat' dir='ltr'><strong>subjecit,</strong></span> <span class='ocrx_word' id='word_1_167' title='bbox 3195 648 3286 717; x_wconf 90' lang='lat' dir='ltr'><strong>qui</strong></span> <span class='ocrx_word' id='word_1_168' title='bbox 3318 649 3489 718; x_wconf 80' lang='lat' dir='ltr'><strong>legem</strong></span> 
     </span>
    </p>
   </div>
   <div class='ocr_carea' id='block_1_24' title="bbox 1918 733 3494 811">
    <p class='ocr_par' dir='ltr' id='par_1_24' title="bbox 1918 733 3494 811">
     <span class='ocr_line' id='line_1_24' title="bbox 1918 733 3494 811; baseline 0.004 -25"><span class='ocrx_word' id='word_1_169' title='bbox 1918 748 2112 790; x_wconf 86' lang='lat' dir='ltr'><strong>rursus</strong></span> <span class='ocrx_word' id='word_1_170' title='bbox 2143 733 2198 789; x_wconf 88' lang='lat' dir='ltr'><strong>in</strong></span> <span class='ocrx_word' id='word_1_171' title='bbox 2227 735 2312 791; x_wconf 87' lang='lat' dir='ltr'><strong>his</strong></span> <span class='ocrx_word' id='word_1_172' title='bbox 2341 735 2599 791; x_wconf 89' lang='lat' dir='ltr'><strong>secundis</strong></span> <span class='ocrx_word' id='word_1_173' title='bbox 2640 737 2843 792; x_wconf 88' lang='lat' dir='ltr'><strong>tabulis</strong></span> <span class='ocrx_word' id='word_1_174' title='bbox 2874 738 3084 793; x_wconf 79' lang='lat' dir='ltr'><strong>caelavit</strong></span> <span class='ocrx_word' id='word_1_175' title='bbox 3124 757 3137 793; x_wconf 91' lang='lat'><strong>:</strong></span> <span class='ocrx_word' id='word_1_176' title='bbox 3169 748 3224 794; x_wconf 86' lang='lat' dir='ltr'><strong>et</strong></span> <span class='ocrx_word' id='word_1_177' title='bbox 3256 740 3337 795; x_wconf 91' lang='lat' dir='ltr'><strong>sic</strong></span> <span class='ocrx_word' id='word_1_178' title='bbox 3363 755 3494 811; x_wconf 83' lang='lat' dir='ltr'><strong>gra-</strong></span> 
     </span>
    </p>
   </div>
   <div class='ocr_carea' id='block_1_25' title="bbox 1917 824 3494 903">
    <p class='ocr_par' dir='ltr' id='par_1_25' title="bbox 1917 824 3494 903">
     <span class='ocr_line' id='line_1_25' title="bbox 1917 824 3494 903; baseline 0.006 -25"><span class='ocrx_word' id='word_1_179' title='bbox 1917 825 2049 880; x_wconf 87' lang='lat' dir='ltr'><strong>tiam</strong></span> <span class='ocrx_word' id='word_1_180' title='bbox 2081 827 2383 888; x_wconf 83' lang='lat' dir='ltr'><strong>revocavit.</strong></span> <span class='ocrx_word' id='word_1_181' title='bbox 2422 843 2546 883; x_wconf 92' lang='lat' dir='ltr'><strong>cum</strong></span> <span class='ocrx_word' id='word_1_182' title='bbox 2576 828 2632 882; x_wconf 88' lang='lat' dir='ltr'><strong>in</strong></span> <span class='ocrx_word' id='word_1_183' title='bbox 2675 828 2907 898; x_wconf 84' lang='lat' dir='ltr'><strong>lapideis</strong></span> <span class='ocrx_word' id='word_1_184' title='bbox 2949 831 3152 886; x_wconf 91' lang='lat' dir='ltr'><strong>tabulis</strong></span> <span class='ocrx_word' id='word_1_185' title='bbox 3194 833 3364 903; x_wconf 80' lang='lat' dir='ltr'><strong>legem</strong></span> <span class='ocrx_word' id='word_1_186' title='bbox 3407 824 3494 887; x_wconf 83' lang='lat' dir='ltr'><strong>re-</strong></span> 
     </span>
    </p>
   </div>
   <div class='ocr_carea' id='block_1_26' title="bbox 1918 918 3496 992">
    <p class='ocr_par' dir='ltr' id='par_1_26' title="bbox 1918 918 3496 992">
     <span class='ocr_line' id='line_1_26' title="bbox 1918 918 3496 992; baseline 0.005 -22"><span class='ocrx_word' id='word_1_187' title='bbox 1918 918 2240 985; x_wconf 82' lang='lat' dir='ltr'><strong>portaverit,</strong></span> <span class='ocrx_word' id='word_1_188' title='bbox 2274 918 2330 972; x_wconf 91' lang='lat' dir='ltr'><strong>in</strong></span> <span class='ocrx_word' id='word_1_189' title='bbox 2356 918 2559 988; x_wconf 89' lang='lat' dir='ltr'><strong>quibus</strong></span> <span class='ocrx_word' id='word_1_190' title='bbox 2587 920 2704 989; x_wconf 87' lang='lat' dir='ltr'><strong>ipse</strong></span> <span class='ocrx_word' id='word_1_191' title='bbox 2736 919 2881 975; x_wconf 90' lang='lat' dir='ltr'><strong>Deus</strong></span> <span class='ocrx_word' id='word_1_192' title='bbox 2914 921 3047 992; x_wconf 90' lang='lat' dir='ltr'><strong>legis</strong></span> <span class='ocrx_word' id='word_1_193' title='bbox 3072 937 3237 977; x_wconf 79' lang='lat' dir='ltr'><strong>voces</strong></span> <span class='ocrx_word' id='word_1_194' title='bbox 3264 924 3496 978; x_wconf 66' lang='lat' dir='ltr'><strong>caelave-</strong></span> 
     </span>
    </p>
   </div>
   <div class='ocr_carea' id='block_1_27' title="bbox 1918 1009 3496 1082">
    <p class='ocr_par' dir='ltr' id='par_1_27' title="bbox 1918 1009 3496 1082">
     <span class='ocr_line' id='line_1_27' title="bbox 1918 1009 3496 1082; baseline 0.005 -20"><span class='ocrx_word' id='word_1_195' title='bbox 1918 1017 2021 1063; x_wconf 86' lang='lat' dir='ltr'><strong>rat.</strong></span> <span class='ocrx_word' id='word_1_196' title='bbox 2067 1009 2205 1065; x_wconf 83' lang='lat' dir='ltr'><strong>Hinc</strong></span> <span class='ocrx_word' id='word_1_197' title='bbox 2243 1011 2388 1066; x_wconf 87' lang='lat' dir='ltr'><strong>enim</strong></span> <span class='ocrx_word' id='word_1_198' title='bbox 2444 1011 2629 1066; x_wconf 86' lang='lat' dir='ltr'><strong>induci</strong></span> <span class='ocrx_word' id='word_1_199' title='bbox 2676 1027 3011 1082; x_wconf 75' lang='lat' dir='ltr'><strong>possumus,</strong></span> <span class='ocrx_word' id='word_1_200' title='bbox 3052 1022 3113 1067; x_wconf 90' lang='lat' dir='ltr'><strong>ut</strong></span> <span class='ocrx_word' id='word_1_201' title='bbox 3147 1015 3388 1069; x_wconf 84' lang='lat' dir='ltr'><strong>divinam</strong></span> <span class='ocrx_word' id='word_1_202' title='bbox 3426 1017 3496 1071; x_wconf 90' lang='lat' dir='ltr'><strong>de</strong></span> 
     </span>
    </p>
   </div>
   <div class='ocr_carea' id='block_1_28' title="bbox 1916 1099 3494 1172">
    <p class='ocr_par' dir='ltr' id='par_1_28' title="bbox 1916 1099 3494 1172">
     <span class='ocr_line' id='line_1_28' title="bbox 1916 1099 3494 1172; baseline 0.004 -18"><span class='ocrx_word' id='word_1_203' title='bbox 1916 1099 2079 1155; x_wconf 88' lang='lat' dir='ltr'><strong>nobis</strong></span> <span class='ocrx_word' id='word_1_204' title='bbox 2107 1100 2452 1155; x_wconf 87' lang='lat' dir='ltr'><strong>clementiam</strong></span> <span class='ocrx_word' id='word_1_205' title='bbox 2483 1100 2788 1172; x_wconf 84' lang='lat' dir='ltr'><strong>intelligere</strong></span> <span class='ocrx_word' id='word_1_206' title='bbox 2830 1118 3116 1172; x_wconf 81' lang='lat' dir='ltr'><strong>queamus.</strong></span> <span class='ocrx_word' id='word_1_207' title='bbox 3150 1103 3283 1158; x_wconf 88' lang='lat' dir='ltr'><strong>Nam</strong></span> <span class='ocrx_word' id='word_1_208' title='bbox 3319 1107 3363 1160; x_wconf 90' lang='lat' dir='ltr'><strong>si</strong></span> <span class='ocrx_word' id='word_1_209' title='bbox 3398 1123 3494 1160; x_wconf 82' lang='lat' dir='ltr'><strong>vc-</strong></span> 
     </span>
    </p>
   </div>
   <div class='ocr_carea' id='block_1_29' title="bbox 1919 1189 3492 1260">
    <p class='ocr_par' dir='ltr' id='par_1_29' title="bbox 1919 1189 3492 1260">
     <span class='ocr_line' id='line_1_29' title="bbox 1919 1189 3492 1260; baseline 0.005 -16"><span class='ocrx_word' id='word_1_210' title='bbox 1919 1206 2039 1244; x_wconf 90' lang='lat' dir='ltr'><strong>rum</strong></span> <span class='ocrx_word' id='word_1_211' title='bbox 2083 1189 2218 1244; x_wconf 87' lang='lat' dir='ltr'><strong>dicit</strong></span> <span class='ocrx_word' id='word_1_212' title='bbox 2248 1190 2570 1260; x_wconf 83' lang='lat' dir='ltr'><strong>Apostolus,</strong></span> <span class='ocrx_word' id='word_1_213' title='bbox 2622 1206 2748 1245; x_wconf 93' lang='lat' dir='ltr'><strong>cum</strong></span> <span class='ocrx_word' id='word_1_214' title='bbox 2776 1192 2992 1248; x_wconf 88' lang='lat' dir='ltr'><strong>tabulas</strong></span> <span class='ocrx_word' id='word_1_215' title='bbox 3018 1194 3202 1248; x_wconf 88' lang='lat' dir='ltr'><strong>cordis</strong></span> <span class='ocrx_word' id='word_1_216' title='bbox 3226 1197 3492 1254; x_wconf 81' lang='lat' dir='ltr'><strong>nominat.</strong></span> 
     </span>
    </p>
   </div>
   <div class='ocr_carea' id='block_1_30' title="bbox 1919 1270 3494 1355">
    <p class='ocr_par' dir='ltr' id='par_1_30' title="bbox 1919 1270 3494 1355">
     <span class='ocr_line' id='line_1_30' title="bbox 1919 1270 3494 1355; baseline 0.004 -20"><span class='ocrx_word' id='word_1_217' title='bbox 1919 1281 2134 1347; x_wconf 89' lang='lat' dir='ltr'><strong>hocest,</strong></span> <span class='ocrx_word' id='word_1_218' title='bbox 2158 1270 2493 1337; x_wconf 79' lang='lat' dir='ltr'><strong>intellectum</strong></span> <span class='ocrx_word' id='word_1_219' title='bbox 2512 1282 2679 1336; x_wconf 89' lang='lat' dir='ltr'><strong>animi</strong></span> <span class='ocrx_word' id='word_1_220' title='bbox 2701 1281 2893 1338; x_wconf 90' lang='lat' dir='ltr'><strong>ducem</strong></span> <span class='ocrx_word' id='word_1_221' title='bbox 2916 1299 2979 1337; x_wconf 91' lang='lat' dir='ltr'><strong>ac</strong></span> <span class='ocrx_word' id='word_1_222' title='bbox 2998 1285 3321 1355; x_wconf 86' lang='lat' dir='ltr'><strong>principem,</strong></span> <span class='ocrx_word' id='word_1_223' title='bbox 3345 1288 3494 1342; x_wconf 78' lang='lat' dir='ltr'><strong>sicut</strong></span> 
     </span>
    </p>
   </div>
   <div class='ocr_carea' id='block_1_31' title="bbox 1916 1372 3493 1445">
    <p class='ocr_par' dir='ltr' id='par_1_31' title="bbox 1916 1372 3493 1445">
     <span class='ocr_line' id='line_1_31' title="bbox 1916 1372 3493 1445; baseline 0.003 -19"><span class='ocrx_word' id='word_1_224' title='bbox 1916 1372 2163 1442; x_wconf 84' lang='lat' dir='ltr'><strong>profecto</strong></span> <span class='ocrx_word' id='word_1_225' title='bbox 2191 1388 2378 1428; x_wconf 87' lang='lat' dir='ltr'><strong>verum</strong></span> <span class='ocrx_word' id='word_1_226' title='bbox 2408 1373 2561 1439; x_wconf 89' lang='lat' dir='ltr'><strong>dicit,</strong></span> <span class='ocrx_word' id='word_1_227' title='bbox 2590 1372 2683 1442; x_wconf 90' lang='lat' dir='ltr'><strong>qui</strong></span> <span class='ocrx_word' id='word_1_228' title='bbox 2706 1388 2801 1443; x_wconf 90' lang='lat' dir='ltr'><strong>per</strong></span> <span class='ocrx_word' id='word_1_229' title='bbox 2824 1373 3088 1444; x_wconf 90' lang='lat' dir='ltr'><strong>Spiritum</strong></span> <span class='ocrx_word' id='word_1_230' title='bbox 3110 1376 3375 1445; x_wconf 80' lang='lat' dir='ltr'><strong>profunda</strong></span> <span class='ocrx_word' id='word_1_231' title='bbox 3403 1378 3493 1433; x_wconf 85' lang='lat' dir='ltr'><strong>Dei</strong></span> 
     </span>
    </p>
   </div>
   <div class='ocr_carea' id='block_1_32' title="bbox 1915 1466 3495 1543">
    <p class='ocr_par' dir='ltr' id='par_1_32' title="bbox 1915 1466 3495 1543">
     <span class='ocr_line' id='line_1_32' title="bbox 1915 1466 3495 1543; baseline 0.003 -21"><span class='ocrx_word' id='word_1_232' title='bbox 1915 1474 2192 1522; x_wconf 87' lang='lat' dir='ltr'><strong>scrutatus</strong></span> <span class='ocrx_word' id='word_1_233' title='bbox 2225 1474 2308 1523; x_wconf 89' lang='lat' dir='ltr'><strong>est</strong></span> <span class='ocrx_word' id='word_1_234' title='bbox 2343 1484 2357 1521; x_wconf 86' lang='lat'><strong>:</strong></span> <span class='ocrx_word' id='word_1_235' title='bbox 2395 1466 2523 1522; x_wconf 89' lang='lat' dir='ltr'><strong>inde</strong></span> <span class='ocrx_word' id='word_1_236' title='bbox 2560 1467 2777 1523; x_wconf 91' lang='lat' dir='ltr'><strong>discere</strong></span> <span class='ocrx_word' id='word_1_237' title='bbox 2811 1469 2968 1535; x_wconf 89' lang='lat' dir='ltr'><strong>licet,</strong></span> <span class='ocrx_word' id='word_1_238' title='bbox 3008 1470 3297 1526; x_wconf 81' lang='lat' dir='ltr'><strong>infractam</strong></span> <span class='ocrx_word' id='word_1_239' title='bbox 3332 1483 3495 1543; x_wconf 87' lang='lat' dir='ltr'><strong>atque</strong></span> 
     </span>
    </p>
   </div>
   <div class='ocr_carea' id='block_1_33' title="bbox 1916 1557 3493 1619">
    <p class='ocr_par' dir='ltr' id='par_1_33' title="bbox 1916 1557 3493 1619">
     <span class='ocr_line' id='line_1_33' title="bbox 1916 1557 3493 1619; baseline 0.005 -8"><span class='ocrx_word' id='word_1_240' title='bbox 1916 1557 2276 1615; x_wconf 85' lang='lat' dir='ltr'><strong>immortalem</strong></span> <span class='ocrx_word' id='word_1_241' title='bbox 2320 1560 2523 1614; x_wconf 86' lang='lat' dir='ltr'><strong>divinis</strong></span> <span class='ocrx_word' id='word_1_242' title='bbox 2571 1558 2891 1615; x_wconf 84' lang='lat' dir='ltr'><strong>fabricatam</strong></span> <span class='ocrx_word' id='word_1_243' title='bbox 2938 1562 3188 1618; x_wconf 88' lang='lat' dir='ltr'><strong>manibus</strong></span> <span class='ocrx_word' id='word_1_244' title='bbox 3238 1571 3493 1619; x_wconf 88' lang='lat' dir='ltr'><strong>naturam</strong></span> 
     </span>
    </p>
   </div>
   <div class='ocr_carea' id='block_1_34' title="bbox 229 1641 1808 1727">
    <p class='ocr_par' dir='ltr' id='par_1_34' title="bbox 229 1641 1806 1720">
     <span class='ocr_line' id='line_1_34' title="bbox 229 1641 1806 1720; baseline -0.006 -16"><span class='ocrx_word' id='word_1_245' title='bbox 229 1668 312 1714; x_wconf 83' lang='grc' dir='ltr'><strong>τος</strong></span> <span class='ocrx_word' id='word_1_246' title='bbox 338 1651 405 1703; x_wconf 86' lang='grc' dir='ltr'><strong>τά</strong></span> <span class='ocrx_word' id='word_1_247' title='bbox 449 1650 587 1720; x_wconf 83' lang='grc' dir='ltr'>βάθη</span> <span class='ocrx_word' id='word_1_248' title='bbox 620 1650 713 1703; x_wconf 90' lang='grc' dir='ltr'><strong>τοῦ</strong></span> <span class='ocrx_word' id='word_1_249' title='bbox 742 1648 877 1702; x_wconf 83' lang='grc' dir='ltr'>Θεοῦ</span> <span class='ocrx_word' id='word_1_250' title='bbox 905 1644 1381 1719; x_wconf 86' lang='grc' dir='ltr'>διερευνώμενος)·</span> <span class='ocrx_word' id='word_1_251' title='bbox 1420 1644 1564 1698; x_wconf 77' lang='grc' dir='ltr'>ἔστιν</span> <span class='ocrx_word' id='word_1_252' title='bbox 1593 1645 1657 1697; x_wconf 85' lang='grc' dir='ltr'>ἐκ</span> <span class='ocrx_word' id='word_1_253' title='bbox 1686 1641 1806 1695; x_wconf 88' lang='grc' dir='ltr'>τού-</span> 
     </span>
    </p>
   </div>
   <div class='ocr_carea' id='block_1_35' title="bbox 1915 1641 3489 1727">
    <p class='ocr_par' dir='ltr' id='par_1_35' title="bbox 1915 1650 3489 1727">
     <span class='ocr_line' id='line_1_35' title="bbox 1915 1650 3489 1727; baseline 0.004 -22"><span class='ocrx_word' id='word_1_254' title='bbox 1915 1659 2160 1707; x_wconf 87' lang='lat' dir='ltr'><strong>nostram</strong></span> <span class='ocrx_word' id='word_1_255' title='bbox 2193 1655 2247 1705; x_wconf 87' lang='lat' dir='ltr'><strong>in</strong></span> <span class='ocrx_word' id='word_1_256' title='bbox 2274 1651 2545 1722; x_wconf 89' lang='lat' dir='ltr'><strong>principio</strong></span> <span class='ocrx_word' id='word_1_257' title='bbox 2585 1650 2775 1717; x_wconf 81' lang='lat' dir='ltr'><strong>fuisse,</strong></span> <span class='ocrx_word' id='word_1_258' title='bbox 2807 1668 2969 1722; x_wconf 91' lang='lat' dir='ltr'><strong>quam</strong></span> <span class='ocrx_word' id='word_1_259' title='bbox 3004 1653 3088 1709; x_wconf 81' lang='lat' dir='ltr'><strong>lex</strong></span> <span class='ocrx_word' id='word_1_260' title='bbox 3124 1670 3230 1709; x_wconf 93' lang='lat' dir='ltr'><strong>non</strong></span> <span class='ocrx_word' id='word_1_261' title='bbox 3262 1657 3489 1727; x_wconf 89' lang='lat' dir='ltr'><strong>scripta,</strong></span> 
     </span>
    </p>
   </div>
   <div class='ocr_carea' id='block_1_36' title="bbox 232 1731 1808 1812">
    <p class='ocr_par' dir='ltr' id='par_1_36' title="bbox 232 1731 1808 1812">
     <span class='ocr_line' id='line_1_36' title="bbox 232 1731 1808 1812; baseline -0.006 -17"><span class='ocrx_word' id='word_1_262' title='bbox 232 1759 318 1795; x_wconf 81' lang='grc' dir='ltr'><strong>του</strong></span> <span class='ocrx_word' id='word_1_263' title='bbox 352 1742 420 1796; x_wconf 88' lang='grc' dir='ltr'>δι’</span> <span class='ocrx_word' id='word_1_264' title='bbox 477 1741 773 1797; x_wconf 79' lang='grc' dir='ltr'>ἀκολούθου</span> <span class='ocrx_word' id='word_1_265' title='bbox 834 1740 1047 1812; x_wconf 76' lang='grc' dir='ltr'>μαθεῖν,</span> <span class='ocrx_word' id='word_1_266' title='bbox 1097 1741 1176 1794; x_wconf 80' lang='grc' dir='ltr'><strong>ὅτι</strong></span> <span class='ocrx_word' id='word_1_267' title='bbox 1229 1739 1591 1808; x_wconf 85' lang='grc' dir='ltr'>ἀσύντριπτος</span> <span class='ocrx_word' id='word_1_268' title='bbox 1634 1731 1702 1807; x_wconf 77' lang='grc' dir='ltr'>ἦν</span> <span class='ocrx_word' id='word_1_269' title='bbox 1746 1733 1808 1787; x_wconf 79' lang='grc' dir='ltr'>τὸ</span> 
     </span>
    </p>
   </div>
   <div class='ocr_carea' id='block_1_37' title="bbox 233 1827 1807 1905">
    <p class='ocr_par' dir='ltr' id='par_1_37' title="bbox 233 1827 1807 1905">
     <span class='ocr_line' id='line_1_37' title="bbox 233 1827 1807 1905; baseline -0.005 -18"><span class='ocrx_word' id='word_1_270' title='bbox 233 1836 341 1887; x_wconf 79' lang='grc' dir='ltr'>κατ’</span> <span class='ocrx_word' id='word_1_271' title='bbox 374 1834 555 1905; x_wconf 85' lang='grc' dir='ltr'>ἀρχάς</span> <span class='ocrx_word' id='word_1_272' title='bbox 598 1834 692 1887; x_wconf 75' lang='grc' dir='ltr'>καὶ</span> <span class='ocrx_word' id='word_1_273' title='bbox 735 1831 1000 1896; x_wconf 89' lang='grc' dir='ltr'>ἀθάνατος</span> <span class='ocrx_word' id='word_1_274' title='bbox 1037 1834 1071 1902; x_wconf 80' lang='grc' dir='ltr'>ἡ</span> <span class='ocrx_word' id='word_1_275' title='bbox 1112 1829 1422 1900; x_wconf 87' lang='grc' dir='ltr'>ἀνθρωπίνη</span> <span class='ocrx_word' id='word_1_276' title='bbox 1469 1827 1650 1898; x_wconf 78' lang='grc' dir='ltr'>φύσις,</span> <span class='ocrx_word' id='word_1_277' title='bbox 1685 1828 1807 1890; x_wconf 79' lang='grc' dir='ltr'>τατς</span> 
     </span>
    </p>
   </div>
   <div class='ocr_carea' id='block_1_38' title="bbox 232 1914 1805 1993">
    <p class='ocr_par' dir='ltr' id='par_1_38' title="bbox 232 1914 1805 1993">
     <span class='ocr_line' id='line_1_38' title="bbox 232 1914 1805 1993; baseline -0.005 -17"><span class='ocrx_word' id='word_1_278' title='bbox 232 1922 391 1986; x_wconf 86' lang='grc' dir='ltr'>θείαις</span> <span class='ocrx_word' id='word_1_279' title='bbox 416 1922 577 1993; x_wconf 74' lang='grc' dir='ltr'>χερσὶ</span> <span class='ocrx_word' id='word_1_280' title='bbox 610 1922 1113 1992; x_wconf 83' lang='grc' dir='ltr'>κατεσκευασμένη,</span> <span class='ocrx_word' id='word_1_281' title='bbox 1141 1919 1232 1973; x_wconf 81' lang='grc' dir='ltr'><strong>καὶ</strong></span> <span class='ocrx_word' id='word_1_282' title='bbox 1274 1922 1386 1981; x_wconf 81' lang='grc' dir='ltr'>τοῖς</span> <span class='ocrx_word' id='word_1_283' title='bbox 1415 1918 1686 1989; x_wconf 77' lang='grc' dir='ltr'><strong>ἀγράφοις</strong></span> <span class='ocrx_word' id='word_1_284' title='bbox 1711 1914 1805 1969; x_wconf 85' lang='grc' dir='ltr'><strong>τοῦ</strong></span> 
     </span>
    </p>
   </div>
   <div class='ocr_carea' id='block_1_39' title="bbox 229 2007 1807 2085">
    <p class='ocr_par' dir='ltr' id='par_1_39' title="bbox 229 2007 1807 2085">
     <span class='ocr_line' id='line_1_39' title="bbox 229 2007 1807 2085; baseline -0.006 -18"><span class='ocrx_word' id='word_1_285' title='bbox 229 2014 382 2085; x_wconf 87' lang='grc' dir='ltr'>νόμου</span> <span class='ocrx_word' id='word_1_286' title='bbox 432 2013 925 2084; x_wconf 80' lang='grc' dir='ltr'>κεκαλλωπισμένη</span> <span class='ocrx_word' id='word_1_287' title='bbox 976 2013 1330 2084; x_wconf 81' lang='grc' dir='ltr'>χαράγμασι’</span> <span class='ocrx_word' id='word_1_288' title='bbox 1389 2007 1631 2078; x_wconf 84' lang='grc' dir='ltr'>φυσικῶς</span> <span class='ocrx_word' id='word_1_289' title='bbox 1675 2008 1807 2077; x_wconf 81' lang='grc' dir='ltr'>ἡμῖν</span> 
     </span>
    </p>
   </div>
   <div class='ocr_carea' id='block_1_40' title="bbox 230 2099 1806 2176">
    <p class='ocr_par' dir='ltr' id='par_1_40' title="bbox 230 2099 1806 2176">
     <span class='ocr_line' id='line_1_40' title="bbox 230 2099 1806 2176; baseline -0.006 -16"><span class='ocrx_word' id='word_1_290' title='bbox 230 2106 544 2176; x_wconf 75' lang='grc' dir='ltr'>ἐγκειμένου</span> <span class='ocrx_word' id='word_1_291' title='bbox 589 2105 683 2159; x_wconf 90' lang='grc' dir='ltr'><strong>τοῦ</strong></span> <span class='ocrx_word' id='word_1_292' title='bbox 719 2105 858 2159; x_wconf 74' lang='grc' dir='ltr'>κατὰ</span> <span class='ocrx_word' id='word_1_293' title='bbox 904 2106 1066 2173; x_wconf 63' lang='grc' dir='ltr'>νόμον</span> <span class='ocrx_word' id='word_1_294' title='bbox 1111 2102 1447 2174; x_wconf 76' lang='grc' dir='ltr'>βουλήματος</span> <span class='ocrx_word' id='word_1_295' title='bbox 1475 2102 1532 2153; x_wconf 81' lang='grc' dir='ltr'><strong>ἐν</strong></span> <span class='ocrx_word' id='word_1_296' title='bbox 1572 2100 1639 2171; x_wconf 83' lang='grc' dir='ltr'>τῇ</span> <span class='ocrx_word' id='word_1_297' title='bbox 1669 2099 1806 2152; x_wconf 84' lang='grc' dir='ltr'>ἁπο-</span> 
     </span>
    </p>
   </div>
   <div class='ocr_carea' id='block_1_41' title="bbox 229 2193 1598 2268">
    <p class='ocr_par' dir='ltr' id='par_1_41' title="bbox 229 2193 1598 2268">
     <span class='ocr_line' id='line_1_41' title="bbox 229 2193 1598 2268; baseline -0.003 -18"><span class='ocrx_word' id='word_1_298' title='bbox 229 2201 425 2268; x_wconf 81' lang='grc' dir='ltr'>στροφῇ</span> <span class='ocrx_word' id='word_1_299' title='bbox 471 2198 565 2251; x_wconf 87' lang='grc' dir='ltr'><strong>τοῦ</strong></span> <span class='ocrx_word' id='word_1_300' title='bbox 598 2196 791 2261; x_wconf 88' lang='grc' dir='ltr'>κακοῦ,</span> <span class='ocrx_word' id='word_1_301' title='bbox 827 2199 918 2249; x_wconf 76' lang='grc' dir='ltr'><strong>καὶ</strong></span> <span class='ocrx_word' id='word_1_302' title='bbox 948 2198 1004 2248; x_wconf 79' lang='grc' dir='ltr'>ὲν</span> <span class='ocrx_word' id='word_1_303' title='bbox 1032 2198 1098 2267; x_wconf 78' lang='grc' dir='ltr'>τῇ</span> <span class='ocrx_word' id='word_1_304' title='bbox 1131 2194 1225 2248; x_wconf 86' lang='grc' dir='ltr'><strong>τοῦ</strong></span> <span class='ocrx_word' id='word_1_305' title='bbox 1258 2193 1414 2247; x_wconf 88' lang='grc' dir='ltr'>Θείου</span> <span class='ocrx_word' id='word_1_306' title='bbox 1443 2194 1598 2263; x_wconf 82' lang='grc' dir='ltr'>τιμῇ.</span> 
     </span>
    </p>
   </div>
   <div class='ocr_carea' id='block_1_42' title="bbox 308 2284 1810 2373">
    <p class='ocr_par' dir='ltr' id='par_1_42' title="bbox 308 2284 1810 2373">
     <span class='ocr_line' id='line_1_42' title="bbox 308 2284 1810 2373; baseline -0.005 -27"><span class='ocrx_word' id='word_1_307' title='bbox 308 2292 466 2346; x_wconf 81' lang='grc' dir='ltr'>Ἐπεὶ</span> <span class='ocrx_word' id='word_1_308' title='bbox 511 2292 569 2346; x_wconf 85' lang='grc' dir='ltr'><strong>δὲ</strong></span> <span class='ocrx_word' id='word_1_309' title='bbox 611 2291 920 2373; x_wconf 86' lang='grc' dir='ltr'>προσέπεσε</span> <span class='ocrx_word' id='word_1_310' title='bbox 966 2290 1066 2360; x_wconf 80' lang='grc' dir='ltr'>τῆς</span> <span class='ocrx_word' id='word_1_311' title='bbox 1109 2289 1382 2362; x_wconf 87' lang='grc' dir='ltr'>ἁμαρτίας</span> <span class='ocrx_word' id='word_1_312' title='bbox 1422 2290 1450 2341; x_wconf 93' lang='lat'><strong>6</strong></span> <span class='ocrx_word' id='word_1_313' title='bbox 1488 2284 1640 2358; x_wconf 81' lang='grc' dir='ltr'>ἦχος,</span> <span class='ocrx_word' id='word_1_314' title='bbox 1686 2285 1746 2340; x_wconf 82' lang='grc' dir='ltr'>ὃν</span> <span class='ocrx_word' id='word_1_315' title='bbox 1775 2288 1810 2358; x_wconf 79' lang='grc' dir='ltr'><strong>η</strong></span> 
     </span>
    </p>
   </div>
   <div class='ocr_carea' id='block_1_43' title="bbox 228 2378 1811 2457">
    <p class='ocr_par' dir='ltr' id='par_1_43' title="bbox 228 2378 1811 2457">
     <span class='ocr_line' id='line_1_43' title="bbox 228 2378 1811 2457; baseline -0.004 -18"><span class='ocrx_word' id='word_1_316' title='bbox 228 2386 407 2457; x_wconf 80' lang='grc' dir='ltr'>πρώτη</span> <span class='ocrx_word' id='word_1_317' title='bbox 444 2384 636 2456; x_wconf 72' lang='grc' dir='ltr'>Γραφὴ</span> <span class='ocrx_word' id='word_1_318' title='bbox 666 2383 848 2455; x_wconf 78' lang='grc' dir='ltr'>φωνὴν</span> <span class='ocrx_word' id='word_1_319' title='bbox 874 2384 1049 2453; x_wconf 76' lang='grc' dir='ltr'>δφεως</span> <span class='ocrx_word' id='word_1_320' title='bbox 1078 2383 1351 2453; x_wconf 77' lang='grc' dir='ltr'>ὀνομάζει,</span> <span class='ocrx_word' id='word_1_321' title='bbox 1389 2385 1422 2453; x_wconf 82' lang='grc' dir='ltr'><strong>ή</strong></span> <span class='ocrx_word' id='word_1_322' title='bbox 1453 2381 1509 2434; x_wconf 82' lang='grc' dir='ltr'>δὲ</span> <span class='ocrx_word' id='word_1_323' title='bbox 1539 2379 1679 2434; x_wconf 83' lang='grc' dir='ltr'>κατὰ</span> <span class='ocrx_word' id='word_1_324' title='bbox 1711 2378 1811 2442; x_wconf 83' lang='grc' dir='ltr'><strong>τὰς</strong></span> 
     </span>
    </p>
   </div>
   <div class='ocr_carea' id='block_1_44' title="bbox 230 2471 1810 2547">
    <p class='ocr_par' dir='ltr' id='par_1_44' title="bbox 230 2471 1810 2547">
     <span class='ocr_line' id='line_1_44' title="bbox 230 2471 1810 2547; baseline -0.004 -16"><span class='ocrx_word' id='word_1_325' title='bbox 230 2479 433 2541; x_wconf 80' lang='grc' dir='ltr'>πλάκας</span> <span class='ocrx_word' id='word_1_326' title='bbox 486 2476 721 2547; x_wconf 73' lang='grc' dir='ltr'>ἱστορία,</span> <span class='ocrx_word' id='word_1_327' title='bbox 756 2476 938 2546; x_wconf 71' lang='grc' dir='ltr'>φωνὴν</span> <span class='ocrx_word' id='word_1_328' title='bbox 978 2474 1037 2540; x_wconf 77' lang='grc' dir='ltr'><strong>ἐξ</strong></span> <span class='ocrx_word' id='word_1_329' title='bbox 1068 2474 1212 2529; x_wconf 76' lang='grc' dir='ltr'>οἴνου</span> <span class='ocrx_word' id='word_1_330' title='bbox 1262 2474 1528 2543; x_wconf 78' lang='grc' dir='ltr'>ᾀδόντωνο</span> <span class='ocrx_word' id='word_1_331' title='bbox 1562 2473 1684 2526; x_wconf 85' lang='grc' dir='ltr'>τότε</span> <span class='ocrx_word' id='word_1_332' title='bbox 1729 2471 1810 2534; x_wconf 78' lang='grc' dir='ltr'><strong>εἰς</strong></span> 
     </span>
    </p>
   </div>
   <div class='ocr_carea' id='block_1_45' title="bbox 224 2564 1809 2638">
    <p class='ocr_par' dir='ltr' id='par_1_45' title="bbox 224 2564 1809 2638">
     <span class='ocr_line' id='line_1_45' title="bbox 224 2564 1809 2638; baseline -0.002 -18"><span class='ocrx_word' id='word_1_333' title='bbox 224 2570 324 2638; x_wconf 78' lang='grc' dir='ltr'>γῆν</span> <span class='ocrx_word' id='word_1_334' title='bbox 346 2566 594 2620; x_wconf 81' lang='grc' dir='ltr'>πεσοῦσα</span> <span class='ocrx_word' id='word_1_335' title='bbox 634 2565 1069 2638; x_wconf 87' lang='grc' dir='ltr'>συντριϐήσεται.</span> <span class='ocrx_word' id='word_1_336' title='bbox 1112 2565 1273 2619; x_wconf 81' lang='grc' dir='ltr'>Ἀλλά</span> <span class='ocrx_word' id='word_1_337' title='bbox 1303 2565 1465 2618; x_wconf 87' lang='grc' dir='ltr'>πάλιν</span> <span class='ocrx_word' id='word_1_338' title='bbox 1489 2566 1516 2618; x_wconf 88' lang='lat'><strong>6</strong></span> <span class='ocrx_word' id='word_1_339' title='bbox 1557 2564 1809 2634; x_wconf 84' lang='grc' dir='ltr'>ἀληθινὸς</span> 
     </span>
    </p>
   </div>
   <div class='ocr_carea' id='block_1_46' title="bbox 228 2651 1809 2730">
    <p class='ocr_par' dir='ltr' id='par_1_46' title="bbox 228 2651 1809 2730">
     <span class='ocr_line' id='line_1_46' title="bbox 228 2651 1809 2730; baseline -0.002 -19"><span class='ocrx_word' id='word_1_340' title='bbox 228 2660 540 2728; x_wconf 81' lang='grc' dir='ltr'>νομοθέτης,</span> <span class='ocrx_word' id='word_1_341' title='bbox 569 2651 631 2712; x_wconf 79' lang='grc' dir='ltr'><strong>οῦ</strong></span> <span class='ocrx_word' id='word_1_342' title='bbox 671 2657 838 2722; x_wconf 80' lang='grc' dir='ltr'>τύπος</span> <span class='ocrx_word' id='word_1_343' title='bbox 876 2654 945 2730; x_wconf 84' lang='grc' dir='ltr'>ἦν</span> <span class='ocrx_word' id='word_1_344' title='bbox 965 2660 994 2712; x_wconf 90' lang='lat'><strong>6</strong></span> <span class='ocrx_word' id='word_1_345' title='bbox 1017 2657 1271 2727; x_wconf 84' lang='grc' dir='ltr'>Μωῦσῆς,</span> <span class='ocrx_word' id='word_1_346' title='bbox 1306 2658 1370 2709; x_wconf 82' lang='grc' dir='ltr'>ὲκ</span> <span class='ocrx_word' id='word_1_347' title='bbox 1398 2656 1497 2725; x_wconf 79' lang='grc' dir='ltr'><strong>τῆς</strong></span> <span class='ocrx_word' id='word_1_348' title='bbox 1523 2656 1626 2725; x_wconf 81' lang='grc' dir='ltr'>γῆς</span> <span class='ocrx_word' id='word_1_349' title='bbox 1651 2656 1809 2727; x_wconf 83' lang='grc' dir='ltr'>ὴμῶν</span> 
     </span>
    </p>
   </div>
   <div class='ocr_carea' id='block_1_47' title="bbox 225 2748 1809 2822">
    <p class='ocr_par' dir='ltr' id='par_1_47' title="bbox 225 2748 1809 2822">
     <span class='ocr_line' id='line_1_47' title="bbox 225 2748 1809 2822; baseline -0.003 -18"><span class='ocrx_word' id='word_1_350' title='bbox 225 2751 395 2822; x_wconf 78' lang='grc' dir='ltr'>ἑαυτῷ</span> <span class='ocrx_word' id='word_1_351' title='bbox 428 2750 532 2813; x_wconf 82' lang='grc' dir='ltr'>τὰς</span> <span class='ocrx_word' id='word_1_352' title='bbox 565 2750 664 2820; x_wconf 83' lang='grc' dir='ltr'><strong>τῆς</strong></span> <span class='ocrx_word' id='word_1_353' title='bbox 711 2749 925 2817; x_wconf 84' lang='grc' dir='ltr'>φύσεως</span> <span class='ocrx_word' id='word_1_354' title='bbox 952 2749 1107 2820; x_wconf 82' lang='grc' dir='ltr'>ἡμῶν</span> <span class='ocrx_word' id='word_1_355' title='bbox 1155 2748 1360 2812; x_wconf 84' lang='grc' dir='ltr'>πλάκας</span> <span class='ocrx_word' id='word_1_356' title='bbox 1398 2749 1705 2815; x_wconf 81' lang='grc' dir='ltr'>ὲλάξευσεν.</span> <span class='ocrx_word' id='word_1_357' title='bbox 1736 2749 1809 2801; x_wconf 88' lang='grc' dir='ltr'>Ού</span> 
     </span>
    </p>
   </div>
   <div class='ocr_carea' id='block_1_48' title="bbox 226 2840 1810 2914">
    <p class='ocr_par' dir='ltr' id='par_1_48' title="bbox 226 2840 1810 2914">
     <span class='ocr_line' id='line_1_48' title="bbox 226 2840 1810 2914; baseline -0.001 -19"><span class='ocrx_word' id='word_1_358' title='bbox 226 2844 326 2912; x_wconf 77' lang='grc' dir='ltr'><strong>γὰρ</strong></span> <span class='ocrx_word' id='word_1_359' title='bbox 351 2844 531 2914; x_wconf 85' lang='grc' dir='ltr'>γάμος</span> <span class='ocrx_word' id='word_1_360' title='bbox 561 2842 710 2913; x_wconf 84' lang='grc' dir='ltr'>αὐτῷ</span> <span class='ocrx_word' id='word_1_361' title='bbox 735 2843 835 2913; x_wconf 77' lang='grc' dir='ltr'><strong>τὴν</strong></span> <span class='ocrx_word' id='word_1_362' title='bbox 865 2842 1013 2895; x_wconf 85' lang='grc' dir='ltr'>θείαν</span> <span class='ocrx_word' id='word_1_363' title='bbox 1041 2842 1440 2914; x_wconf 80' lang='grc' dir='ltr'>ἐδημιούργησε</span> <span class='ocrx_word' id='word_1_364' title='bbox 1473 2842 1671 2913; x_wconf 87' lang='grc' dir='ltr'>σάρκα,</span> <span class='ocrx_word' id='word_1_365' title='bbox 1696 2840 1810 2894; x_wconf 79' lang='grc' dir='ltr'>ἀλλ’</span> 
     </span>
    </p>
   </div>
   <div class='ocr_carea' id='block_1_49' title="bbox 225 2932 1810 3006">
    <p class='ocr_par' dir='ltr' id='par_1_49' title="bbox 225 2932 1810 3006">
     <span class='ocr_line' id='line_1_49' title="bbox 225 2932 1810 3006; baseline 0.001 -20"><span class='ocrx_word' id='word_1_366' title='bbox 225 2935 381 2998; x_wconf 72' lang='grc' dir='ltr'>αὐτὸς</span> <span class='ocrx_word' id='word_1_367' title='bbox 411 2935 516 3005; x_wconf 80' lang='grc' dir='ltr'>τῆς</span> <span class='ocrx_word' id='word_1_368' title='bbox 545 2934 680 2997; x_wconf 70' lang='grc' dir='ltr'>ἰδίας</span> <span class='ocrx_word' id='word_1_369' title='bbox 721 2934 921 3006; x_wconf 76' lang='grc' dir='ltr'>σαρκὸς</span> <span class='ocrx_word' id='word_1_370' title='bbox 952 2934 1156 3002; x_wconf 86' lang='grc' dir='ltr'>γίνεται</span> <span class='ocrx_word' id='word_1_371' title='bbox 1196 2934 1429 3005; x_wconf 85' lang='grc' dir='ltr'>λατόμος</span> <span class='ocrx_word' id='word_1_372' title='bbox 1450 2937 1550 3005; x_wconf 79' lang='grc' dir='ltr'>τῆς</span> <span class='ocrx_word' id='word_1_373' title='bbox 1579 2933 1659 3005; x_wconf 80' lang='grc' dir='ltr'>τῷ</span> <span class='ocrx_word' id='word_1_374' title='bbox 1683 2932 1810 3003; x_wconf 84' lang='grc' dir='ltr'>θείῳ</span> 
     </span>
    </p>
   </div>
   <div class='ocr_carea' id='block_1_50' title="bbox 1921 1742 3493 1817">
    <p class='ocr_par' dir='ltr' id='par_1_50' title="bbox 1921 1742 3493 1817">
     <span class='ocr_line' id='line_1_50' title="bbox 1921 1742 3493 1817; baseline 0.004 -20"><span class='ocrx_word' id='word_1_375' title='bbox 1921 1742 2016 1797; x_wconf 85' lang='lat' dir='ltr'><strong>sed</strong></span> <span class='ocrx_word' id='word_1_376' title='bbox 2048 1743 2265 1807; x_wconf 88' lang='lat' dir='ltr'><strong>innata,</strong></span> <span class='ocrx_word' id='word_1_377' title='bbox 2315 1757 2423 1795; x_wconf 91' lang='lat' dir='ltr'><strong>non</strong></span> <span class='ocrx_word' id='word_1_378' title='bbox 2451 1742 2694 1797; x_wconf 82' lang='lat' dir='ltr'><strong>exterius</strong></span> <span class='ocrx_word' id='word_1_379' title='bbox 2740 1744 3047 1813; x_wconf 87' lang='lat' dir='ltr'><strong>acquisita,</strong></span> <span class='ocrx_word' id='word_1_380' title='bbox 3089 1745 3183 1800; x_wconf 88' lang='lat' dir='ltr'><strong>sed</strong></span> <span class='ocrx_word' id='word_1_381' title='bbox 3225 1746 3493 1817; x_wconf 89' lang='lat' dir='ltr'><strong>impressa</strong></span> 
     </span>
    </p>
   </div>
   <div class='ocr_carea' id='block_1_51' title="bbox 1912 1832 3494 1910">
    <p class='ocr_par' dir='ltr' id='par_1_51' title="bbox 1912 1832 3494 1910">
     <span class='ocr_line' id='line_1_51' title="bbox 1912 1832 3494 1910; baseline 0.004 -21"><span class='ocrx_word' id='word_1_382' title='bbox 1912 1834 2234 1890; x_wconf 82' lang='lat' dir='ltr'><strong>exornabal.</strong></span> <span class='ocrx_word' id='word_1_383' title='bbox 2278 1832 2617 1889; x_wconf 85' lang='lat' dir='ltr'><strong>Naturaliter</strong></span> <span class='ocrx_word' id='word_1_384' title='bbox 2664 1835 2810 1889; x_wconf 86' lang='lat' dir='ltr'><strong>enim</strong></span> <span class='ocrx_word' id='word_1_385' title='bbox 2845 1836 3005 1892; x_wconf 90' lang='lat' dir='ltr'><strong>nobis</strong></span> <span class='ocrx_word' id='word_1_386' title='bbox 3053 1838 3308 1894; x_wconf 85' lang='lat' dir='ltr'><strong>voluntas</strong></span> <span class='ocrx_word' id='word_1_387' title='bbox 3357 1841 3494 1910; x_wconf 76' lang='lat' dir='ltr'><strong>legis</strong></span> 
     </span>
    </p>
   </div>
   <div class='ocr_carea' id='block_1_52' title="bbox 1915 1925 3493 1994">
    <p class='ocr_par' dir='ltr' id='par_1_52' title="bbox 1915 1925 3493 1994">
     <span class='ocr_line' id='line_1_52' title="bbox 1915 1925 3493 1994; baseline 0.003 -14"><span class='ocrx_word' id='word_1_388' title='bbox 1915 1928 2109 1988; x_wconf 89' lang='lat' dir='ltr'><strong>inerat,</strong></span> <span class='ocrx_word' id='word_1_389' title='bbox 2142 1941 2262 1994; x_wconf 72' lang='lat' dir='ltr'><strong>qua:</strong></span> <span class='ocrx_word' id='word_1_390' title='bbox 2294 1926 2359 1979; x_wconf 88' lang='lat' dir='ltr'><strong>ad</strong></span> <span class='ocrx_word' id='word_1_391' title='bbox 2396 1926 2665 1979; x_wconf 90' lang='lat' dir='ltr'><strong>malorum</strong></span> <span class='ocrx_word' id='word_1_392' title='bbox 2695 1925 3183 1993; x_wconf 87' lang='lat' dir='ltr'><strong>abominationem,</strong></span> <span class='ocrx_word' id='word_1_393' title='bbox 3228 1937 3283 1984; x_wconf 89' lang='lat' dir='ltr'><strong>et</strong></span> <span class='ocrx_word' id='word_1_394' title='bbox 3315 1930 3493 1986; x_wconf 53' lang='lat' dir='ltr'><strong>bono.</strong></span> 
     </span>
    </p>
   </div>
   <div class='ocr_carea' id='block_1_53' title="bbox 1915 2015 2968 2086">
    <p class='ocr_par' dir='ltr' id='par_1_53' title="bbox 1915 2015 2968 2086">
     <span class='ocr_line' id='line_1_53' title="bbox 1915 2015 2968 2086; baseline 0.002 -17"><span class='ocrx_word' id='word_1_395' title='bbox 1915 2031 2036 2071; x_wconf 88' lang='lat' dir='ltr'><strong>rum</strong></span> <span class='ocrx_word' id='word_1_396' title='bbox 2062 2016 2461 2086; x_wconf 78' lang='lat' dir='ltr'><strong>expeditionem</strong></span> <span class='ocrx_word' id='word_1_397' title='bbox 2493 2030 2596 2071; x_wconf 90' lang='lat' dir='ltr'><strong>nos</strong></span> <span class='ocrx_word' id='word_1_398' title='bbox 2628 2015 2968 2074; x_wconf 85' lang='lat' dir='ltr'><strong>institueret.</strong></span> 
     </span>
    </p>
   </div>
   <div class='ocr_carea' id='block_1_54' title="bbox 1981 2288 3493 2361">
    <p class='ocr_par' dir='ltr' id='par_1_54' title="bbox 1981 2288 3493 2361">
     <span class='ocr_line' id='line_1_54' title="bbox 1981 2288 3493 2361; baseline 0.007 -16"><span class='ocrx_word' id='word_1_399' title='bbox 1981 2288 2185 2345; x_wconf 80' lang='lat' dir='ltr'><strong>Verum</strong></span> <span class='ocrx_word' id='word_1_400' title='bbox 2231 2297 2586 2361; x_wconf 88' lang='lat' dir='ltr'><strong>posteaquam</strong></span> <span class='ocrx_word' id='word_1_401' title='bbox 2640 2293 2848 2360; x_wconf 88' lang='lat' dir='ltr'><strong>peccati</strong></span> <span class='ocrx_word' id='word_1_402' title='bbox 2901 2295 3143 2350; x_wconf 90' lang='lat' dir='ltr'><strong>sonitum</strong></span> <span class='ocrx_word' id='word_1_403' title='bbox 3181 2296 3235 2351; x_wconf 91' lang='lat' dir='ltr'><strong>in</strong></span> <span class='ocrx_word' id='word_1_404' title='bbox 3268 2300 3493 2355; x_wconf 88' lang='lat' dir='ltr'><strong>auribus</strong></span> 
     </span>
    </p>
   </div>
   <div class='ocr_carea' id='block_1_55' title="bbox 1912 2381 3493 2458">
    <p class='ocr_par' dir='ltr' id='par_1_55' title="bbox 1912 2381 3493 2458">
     <span class='ocr_line' id='line_1_55' title="bbox 1912 2381 3493 2458; baseline 0.006 -23"><span class='ocrx_word' id='word_1_405' title='bbox 1912 2381 2116 2437; x_wconf 89' lang='lat' dir='ltr'><strong>nostris</strong></span> <span class='ocrx_word' id='word_1_406' title='bbox 2151 2381 2530 2451; x_wconf 88' lang='lat' dir='ltr'><strong>suscepimus:</strong></span> <span class='ocrx_word' id='word_1_407' title='bbox 2578 2396 2740 2452; x_wconf 88' lang='lat' dir='ltr'><strong>quem</strong></span> <span class='ocrx_word' id='word_1_408' title='bbox 2776 2383 2992 2452; x_wconf 88' lang='lat' dir='ltr'><strong>quidem</strong></span> <span class='ocrx_word' id='word_1_409' title='bbox 3035 2386 3274 2441; x_wconf 93' lang='lat' dir='ltr'><strong>sonitum</strong></span> <span class='ocrx_word' id='word_1_410' title='bbox 3319 2389 3493 2458; x_wconf 85' lang='lat' dir='ltr'><strong>prima</strong></span> 
     </span>
    </p>
   </div>
   <div class='ocr_carea' id='block_1_56' title="bbox 1910 2466 3494 2544">
    <p class='ocr_par' dir='ltr' id='par_1_56' title="bbox 1910 2466 3494 2544">
     <span class='ocr_line' id='line_1_56' title="bbox 1910 2466 3494 2544; baseline 0.006 -18"><span class='ocrx_word' id='word_1_411' title='bbox 1910 2471 2002 2527; x_wconf 88' lang='lat' dir='ltr'><strong>illa</strong></span> <span class='ocrx_word' id='word_1_412' title='bbox 2034 2468 2320 2542; x_wconf 88' lang='lat' dir='ltr'><strong>Scriptura</strong></span> <span class='ocrx_word' id='word_1_413' title='bbox 2351 2488 2539 2528; x_wconf 86' lang='lat' dir='ltr'><strong>vocem</strong></span> <span class='ocrx_word' id='word_1_414' title='bbox 2572 2476 2870 2544; x_wconf 82' lang='lat' dir='ltr'><strong>serpentis.</strong></span> <span class='ocrx_word' id='word_1_415' title='bbox 2900 2475 3014 2532; x_wconf 76' lang='lat' dir='ltr'><strong>haec</strong></span> <span class='ocrx_word' id='word_1_416' title='bbox 3036 2493 3169 2533; x_wconf 86' lang='lat' dir='ltr'><strong>vero</strong></span> <span class='ocrx_word' id='word_1_417' title='bbox 3191 2479 3258 2534; x_wconf 90' lang='lat' dir='ltr'><strong>de</strong></span> <span class='ocrx_word' id='word_1_418' title='bbox 3291 2466 3494 2537; x_wconf 81' lang='lat' dir='ltr'><strong>tabulis</strong></span> 
     </span>
    </p>
   </div>
   <div class='ocr_carea' id='block_1_57' title="bbox 1910 2562 3496 2640">
    <p class='ocr_par' dir='ltr' id='par_1_57' title="bbox 1910 2562 3496 2640">
     <span class='ocr_line' id='line_1_57' title="bbox 1910 2562 3496 2640; baseline 0.007 -23"><span class='ocrx_word' id='word_1_419' title='bbox 1910 2562 2140 2619; x_wconf 88' lang='lat' dir='ltr'><strong>historia</strong></span> <span class='ocrx_word' id='word_1_420' title='bbox 2167 2578 2357 2619; x_wconf 85' lang='lat' dir='ltr'><strong>vocem</strong></span> <span class='ocrx_word' id='word_1_421' title='bbox 2381 2578 2448 2618; x_wconf 85' lang='lat' dir='ltr'><strong>ex</strong></span> <span class='ocrx_word' id='word_1_422' title='bbox 2474 2564 2602 2620; x_wconf 88' lang='lat' dir='ltr'><strong>vino</strong></span> <span class='ocrx_word' id='word_1_423' title='bbox 2624 2568 2963 2621; x_wconf 84' lang='lat' dir='ltr'><strong>cantantium</strong></span> <span class='ocrx_word' id='word_1_424' title='bbox 2991 2571 3342 2640; x_wconf 85' lang='lat' dir='ltr'><strong>nuncupavit:</strong></span> <span class='ocrx_word' id='word_1_425' title='bbox 3367 2582 3496 2628; x_wconf 91' lang='lat' dir='ltr'><strong>tunc</strong></span> 
     </span>
    </p>
   </div>
   <div class='ocr_carea' id='block_1_58' title="bbox 1910 2655 3490 2725">
    <p class='ocr_par' dir='ltr' id='par_1_58' title="bbox 1910 2655 3490 2725">
     <span class='ocr_line' id='line_1_58' title="bbox 1910 2655 3490 2725; baseline 0.006 -18"><span class='ocrx_word' id='word_1_426' title='bbox 1910 2662 2122 2710; x_wconf 71' lang='lat' dir='ltr'><strong>natura:</strong></span> <span class='ocrx_word' id='word_1_427' title='bbox 2151 2655 2442 2725; x_wconf 83' lang='lat' dir='ltr'><strong>integritas</strong></span> <span class='ocrx_word' id='word_1_428' title='bbox 2472 2656 2524 2709; x_wconf 91' lang='lat' dir='ltr'><strong>in</strong></span> <span class='ocrx_word' id='word_1_429' title='bbox 2552 2664 2752 2710; x_wconf 88' lang='lat' dir='ltr'><strong>terram</strong></span> <span class='ocrx_word' id='word_1_430' title='bbox 2786 2657 3010 2725; x_wconf 87' lang='lat' dir='ltr'><strong>decidit,</strong></span> <span class='ocrx_word' id='word_1_431' title='bbox 3037 2669 3091 2714; x_wconf 91' lang='lat' dir='ltr'><strong>et</strong></span> <span class='ocrx_word' id='word_1_432' title='bbox 3119 2663 3358 2716; x_wconf 90' lang='lat' dir='ltr'><strong>contrita</strong></span> <span class='ocrx_word' id='word_1_433' title='bbox 3386 2672 3490 2719; x_wconf 87' lang='lat' dir='ltr'><strong>est.</strong></span> 
     </span>
    </p>
   </div>
   <div class='ocr_carea' id='block_1_59' title="bbox 1910 2746 3492 2824">
    <p class='ocr_par' dir='ltr' id='par_1_59' title="bbox 1910 2746 3492 2824">
     <span class='ocr_line' id='line_1_59' title="bbox 1910 2746 3492 2824; baseline 0.005 -22"><span class='ocrx_word' id='word_1_434' title='bbox 1910 2746 2015 2802; x_wconf 87' lang='lat' dir='ltr'><strong>Sed</strong></span> <span class='ocrx_word' id='word_1_435' title='bbox 2050 2760 2267 2801; x_wconf 74' lang='lat' dir='ltr'><strong>rursum</strong></span> <span class='ocrx_word' id='word_1_436' title='bbox 2299 2761 2460 2800; x_wconf 91' lang='lat' dir='ltr'><strong>verus</strong></span> <span class='ocrx_word' id='word_1_437' title='bbox 2496 2747 2794 2817; x_wconf 88' lang='lat' dir='ltr'><strong>legislator,</strong></span> <span class='ocrx_word' id='word_1_438' title='bbox 2825 2749 2984 2819; x_wconf 86' lang='lat' dir='ltr'><strong>cujus</strong></span> <span class='ocrx_word' id='word_1_439' title='bbox 3009 2749 3236 2822; x_wconf 81' lang='lat' dir='ltr'><strong>ﬁguram</strong></span> <span class='ocrx_word' id='word_1_440' title='bbox 3276 2752 3492 2824; x_wconf 83' lang='lat' dir='ltr'><strong>Moyses</strong></span> 
     </span>
    </p>
   </div>
   <div class='ocr_carea' id='block_1_60' title="bbox 1906 2821 3493 2909">
    <p class='ocr_par' dir='ltr' id='par_1_60' title="bbox 1906 2821 3493 2909">
     <span class='ocr_line' id='line_1_60' title="bbox 1906 2821 3493 2909; baseline 0.004 -16"><span class='ocrx_word' id='word_1_441' title='bbox 1906 2839 2154 2909; x_wconf 79' lang='lat' dir='ltr'><strong>gerebat,</strong></span> <span class='ocrx_word' id='word_1_442' title='bbox 2186 2853 2253 2894; x_wconf 81' lang='lat' dir='ltr'><strong>ex</strong></span> <span class='ocrx_word' id='word_1_443' title='bbox 2276 2847 2424 2893; x_wconf 88' lang='lat' dir='ltr'><strong>terra</strong></span> <span class='ocrx_word' id='word_1_444' title='bbox 2456 2847 2646 2894; x_wconf 89' lang='lat' dir='ltr'><strong>nostra</strong></span> <span class='ocrx_word' id='word_1_445' title='bbox 2676 2851 2886 2895; x_wconf 60' lang='lat' dir='ltr'><strong>natura;</strong></span> <span class='ocrx_word' id='word_1_446' title='bbox 2911 2850 3115 2897; x_wconf 86' lang='lat' dir='ltr'><strong>nostrae</strong></span> <span class='ocrx_word' id='word_1_447' title='bbox 3141 2821 3493 2901; x_wconf 31' lang='lat' dir='ltr'><strong>tabulas&#39;sibi</strong></span> 
     </span>
    </p>
   </div>
   <div class='ocr_carea' id='block_1_61' title="bbox 1908 2932 3490 3003">
    <p class='ocr_par' dir='ltr' id='par_1_61' title="bbox 1908 2932 3490 3003">
     <span class='ocr_line' id='line_1_61' title="bbox 1908 2932 3490 3003; baseline 0.004 -16"><span class='ocrx_word' id='word_1_448' title='bbox 1908 2932 2184 2987; x_wconf 78' lang='lat' dir='ltr'><strong>confecit:</strong></span> <span class='ocrx_word' id='word_1_449' title='bbox 2223 2947 2324 2987; x_wconf 92' lang='lat' dir='ltr'><strong>nec</strong></span> <span class='ocrx_word' id='word_1_450' title='bbox 2361 2932 2508 2987; x_wconf 87' lang='lat' dir='ltr'><strong>enim</strong></span> <span class='ocrx_word' id='word_1_451' title='bbox 2552 2934 2869 3003; x_wconf 87' lang='lat' dir='ltr'><strong>nuptiarum</strong></span> <span class='ocrx_word' id='word_1_452' title='bbox 2912 2935 3236 2993; x_wconf 87' lang='lat' dir='ltr'><strong>solemnitas</strong></span> <span class='ocrx_word' id='word_1_453' title='bbox 3268 2952 3490 2993; x_wconf 84' lang='lat' dir='ltr'><strong>carnem</strong></span> 
     </span>
    </p>
   </div>
   <div class='ocr_carea' id='block_1_62' title="bbox 224 3009 1808 3097">
    <p class='ocr_par' dir='ltr' id='par_1_62' title="bbox 224 3020 1808 3097">
     <span class='ocr_line' id='line_1_62' title="bbox 224 3020 1808 3097; baseline 0.001 -20"><span class='ocrx_word' id='word_1_454' title='bbox 224 3024 468 3097; x_wconf 83' lang='grc' dir='ltr'>δακτύλῳ</span> <span class='ocrx_word' id='word_1_455' title='bbox 524 3026 996 3095; x_wconf 84' lang='grc' dir='ltr'>καταγραφείσης.</span> <span class='ocrx_word' id='word_1_456' title='bbox 1033 3024 1258 3094; x_wconf 87' lang='grc' dir='ltr'>Πνεῦμα</span> <span class='ocrx_word' id='word_1_457' title='bbox 1289 3024 1398 3096; x_wconf 79' lang='grc' dir='ltr'>γὰρ</span> <span class='ocrx_word' id='word_1_458' title='bbox 1448 3025 1601 3093; x_wconf 85' lang='grc' dir='ltr'>ἆγιον</span> <span class='ocrx_word' id='word_1_459' title='bbox 1647 3020 1808 3096; x_wconf 85' lang='grc' dir='ltr'>ἦλθεν</span> 
     </span>
    </p>
   </div>
   <div class='ocr_carea' id='block_1_63' title="bbox 1915 3009 3491 3097">
    <p class='ocr_par' dir='ltr' id='par_1_63' title="bbox 1915 3020 3491 3095">
     <span class='ocr_line' id='line_1_63' title="bbox 1915 3020 3491 3095; baseline 0.006 -19"><span class='ocrx_word' id='word_1_460' title='bbox 1915 3020 2240 3077; x_wconf 85' lang='lat' dir='ltr'><strong>dominicam</strong></span> <span class='ocrx_word' id='word_1_461' title='bbox 2286 3022 2576 3092; x_wconf 82' lang='lat' dir='ltr'><strong>produxit,</strong></span> <span class='ocrx_word' id='word_1_462' title='bbox 2624 3023 2717 3078; x_wconf 73' lang='lat' dir='ltr'><strong>sed</strong></span> <span class='ocrx_word' id='word_1_463' title='bbox 2777 3025 2895 3095; x_wconf 92' lang='lat' dir='ltr'><strong>ipse</strong></span> <span class='ocrx_word' id='word_1_464' title='bbox 2930 3041 3045 3081; x_wconf 67' lang='lat' dir='ltr'><strong>sua:</strong></span> <span class='ocrx_word' id='word_1_465' title='bbox 3075 3028 3259 3084; x_wconf 87' lang='lat' dir='ltr'><strong>carnis</strong></span> <span class='ocrx_word' id='word_1_466' title='bbox 3309 3027 3491 3086; x_wconf 81' lang='lat' dir='ltr'><strong>factus</strong></span> 
     </span>
    </p>
   </div>
   <div class='ocr_carea' id='block_1_64' title="bbox 224 3113 1812 3186">
    <p class='ocr_par' dir='ltr' id='par_1_64' title="bbox 224 3113 1812 3186">
     <span class='ocr_line' id='line_1_64' title="bbox 224 3113 1812 3186; baseline 0.002 -19"><span class='ocrx_word' id='word_1_467' title='bbox 224 3116 311 3168; x_wconf 83' lang='grc' dir='ltr'><strong>ἐπὶ</strong></span> <span class='ocrx_word' id='word_1_468' title='bbox 335 3115 433 3186; x_wconf 73' lang='grc' dir='ltr'><strong>τὴν</strong></span> <span class='ocrx_word' id='word_1_469' title='bbox 453 3113 753 3186; x_wconf 76' lang='grc' dir='ltr'>Παρθένον,</span> <span class='ocrx_word' id='word_1_470' title='bbox 779 3116 871 3170; x_wconf 70' lang='grc' dir='ltr'>καὶ</span> <span class='ocrx_word' id='word_1_471' title='bbox 893 3118 926 3186; x_wconf 84' lang='grc' dir='ltr'><strong>ἡ</strong></span> <span class='ocrx_word' id='word_1_472' title='bbox 949 3113 1043 3169; x_wconf 89' lang='grc' dir='ltr'><strong>τοῦ</strong></span> <span class='ocrx_word' id='word_1_473' title='bbox 1076 3115 1297 3186; x_wconf 78' lang='grc' dir='ltr'>ὑψίστου</span> <span class='ocrx_word' id='word_1_474' title='bbox 1332 3115 1623 3169; x_wconf 80' lang='grc' dir='ltr'>ἐπεσκίασε</span> <span class='ocrx_word' id='word_1_475' title='bbox 1653 3115 1812 3170; x_wconf 88' lang='grc' dir='ltr'>δύνα-</span> 
     </span>
    </p>
   </div>
   <div class='ocr_carea' id='block_1_65' title="bbox 228 3206 1809 3280">
    <p class='ocr_par' dir='ltr' id='par_1_65' title="bbox 228 3206 1809 3280">
     <span class='ocr_line' id='line_1_65' title="bbox 228 3206 1809 3280; baseline 0.001 -20"><span class='ocrx_word' id='word_1_476' title='bbox 228 3224 332 3277; x_wconf 84' lang='grc' dir='ltr'>μις.</span> <span class='ocrx_word' id='word_1_477' title='bbox 372 3208 531 3261; x_wconf 80' lang='grc' dir='ltr'>Ἐπεὶ</span> <span class='ocrx_word' id='word_1_478' title='bbox 576 3209 634 3261; x_wconf 81' lang='grc' dir='ltr'>δὲ</span> <span class='ocrx_word' id='word_1_479' title='bbox 677 3207 833 3261; x_wconf 88' lang='grc' dir='ltr'>τοῦτο</span> <span class='ocrx_word' id='word_1_480' title='bbox 879 3208 1114 3276; x_wconf 77' lang='grc' dir='ltr'>ἐγένετο,</span> <span class='ocrx_word' id='word_1_481' title='bbox 1167 3207 1329 3261; x_wconf 89' lang='grc' dir='ltr'>πάλιν</span> <span class='ocrx_word' id='word_1_482' title='bbox 1361 3207 1421 3260; x_wconf 82' lang='grc' dir='ltr'><strong>τὸ</strong></span> <span class='ocrx_word' id='word_1_483' title='bbox 1447 3206 1809 3280; x_wconf 81' lang='grc' dir='ltr'>άσύντριπτον</span> 
     </span>
    </p>
   </div>
   <div class='ocr_carea' id='block_1_66' title="bbox 224 3297 1806 3372">
    <p class='ocr_par' dir='ltr' id='par_1_66' title="bbox 224 3297 1806 3372">
     <span class='ocr_line' id='line_1_66' title="bbox 224 3297 1806 3372; baseline 0.001 -21"><span class='ocrx_word' id='word_1_484' title='bbox 224 3297 373 3370; x_wconf 67' lang='grc' dir='ltr'>ἔσχεν</span> <span class='ocrx_word' id='word_1_485' title='bbox 402 3301 434 3372; x_wconf 77' lang='grc' dir='ltr'><strong>ἡ</strong></span> <span class='ocrx_word' id='word_1_486' title='bbox 465 3298 653 3369; x_wconf 83' lang='grc' dir='ltr'>φύσις,</span> <span class='ocrx_word' id='word_1_487' title='bbox 683 3299 948 3362; x_wconf 87' lang='grc' dir='ltr'>ἀθάνατος</span> <span class='ocrx_word' id='word_1_488' title='bbox 976 3299 1245 3370; x_wconf 79' lang='grc' dir='ltr'>γενομένη</span> <span class='ocrx_word' id='word_1_489' title='bbox 1285 3301 1396 3362; x_wconf 83' lang='grc' dir='ltr'>τοῖς</span> <span class='ocrx_word' id='word_1_490' title='bbox 1417 3297 1510 3351; x_wconf 88' lang='grc' dir='ltr'><strong>τοῦ</strong></span> <span class='ocrx_word' id='word_1_491' title='bbox 1544 3299 1806 3354; x_wconf 87' lang='grc' dir='ltr'>δακτύλου</span> 
     </span>
    </p>
   </div>
   <div class='ocr_carea' id='block_1_67' title="bbox 221 3388 1809 3464">
    <p class='ocr_par' dir='ltr' id='par_1_67' title="bbox 221 3388 1809 3464">
     <span class='ocr_line' id='line_1_67' title="bbox 221 3388 1809 3464; baseline 0.002 -22"><span class='ocrx_word' id='word_1_492' title='bbox 221 3388 562 3461; x_wconf 78' lang='grc' dir='ltr'>χαράγμασι.</span> <span class='ocrx_word' id='word_1_493' title='bbox 595 3391 866 3455; x_wconf 83' lang='grc' dir='ltr'>Δάκτυλος</span> <span class='ocrx_word' id='word_1_494' title='bbox 898 3390 954 3443; x_wconf 84' lang='grc' dir='ltr'>δὲ</span> <span class='ocrx_word' id='word_1_495' title='bbox 1001 3390 1232 3464; x_wconf 81' lang='grc' dir='ltr'>πολλαχῆ</span> <span class='ocrx_word' id='word_1_496' title='bbox 1274 3389 1424 3461; x_wconf 87' lang='grc' dir='ltr'>παρὰ</span> <span class='ocrx_word' id='word_1_497' title='bbox 1453 3391 1550 3461; x_wconf 86' lang='grc' dir='ltr'>τῆς</span> <span class='ocrx_word' id='word_1_498' title='bbox 1587 3391 1809 3462; x_wconf 84' lang='grc' dir='ltr'>Γραφῆς</span> 
     </span>
    </p>
   </div>
   <div class='ocr_carea' id='block_1_68' title="bbox 222 3480 1806 3552">
    <p class='ocr_par' dir='ltr' id='par_1_68' title="bbox 222 3480 1806 3552">
     <span class='ocr_line' id='line_1_68' title="bbox 222 3480 1806 3552; baseline 0.002 -20"><span class='ocrx_word' id='word_1_499' title='bbox 222 3481 547 3552; x_wconf 78' lang='grc' dir='ltr'>ὀνομάζεται</span> <span class='ocrx_word' id='word_1_500' title='bbox 585 3483 645 3534; x_wconf 83' lang='grc' dir='ltr'><strong>τὸ</strong></span> <span class='ocrx_word' id='word_1_501' title='bbox 695 3481 919 3552; x_wconf 88' lang='grc' dir='ltr'>Πνεῦμα</span> <span class='ocrx_word' id='word_1_502' title='bbox 951 3483 1012 3535; x_wconf 86' lang='grc' dir='ltr'><strong>τὸ</strong></span> <span class='ocrx_word' id='word_1_503' title='bbox 1052 3483 1224 3550; x_wconf 78' lang='grc' dir='ltr'>ἅγιον.</span> <span class='ocrx_word' id='word_1_504' title='bbox 1272 3482 1380 3535; x_wconf 70' lang='grc' dir='ltr'><strong>Καὶ</strong></span> <span class='ocrx_word' id='word_1_505' title='bbox 1418 3481 1560 3534; x_wconf 73' lang='grc' dir='ltr'>οὕτω</span> <span class='ocrx_word' id='word_1_506' title='bbox 1600 3480 1806 3549; x_wconf 86' lang='grc' dir='ltr'>γίνεται</span> 
     </span>
    </p>
   </div>
   <div class='ocr_carea' id='block_1_69' title="bbox 219 3571 1806 3644">
    <p class='ocr_par' dir='ltr' id='par_1_69' title="bbox 219 3571 1806 3644">
     <span class='ocr_line' id='line_1_69' title="bbox 219 3571 1806 3644; baseline 0.001 -20"><span class='ocrx_word' id='word_1_507' title='bbox 219 3573 307 3625; x_wconf 89' lang='grc' dir='ltr'><strong>τοῦ</strong></span> <span class='ocrx_word' id='word_1_508' title='bbox 357 3573 652 3637; x_wconf 78' lang='grc' dir='ltr'>Μωῠσέως</span> <span class='ocrx_word' id='word_1_509' title='bbox 710 3574 743 3644; x_wconf 80' lang='grc' dir='ltr'>ἡ</span> <span class='ocrx_word' id='word_1_510' title='bbox 796 3573 890 3625; x_wconf 72' lang='grc' dir='ltr'>ἐπὶ</span> <span class='ocrx_word' id='word_1_511' title='bbox 942 3573 1001 3626; x_wconf 80' lang='grc' dir='ltr'>τὸ</span> <span class='ocrx_word' id='word_1_512' title='bbox 1058 3572 1392 3643; x_wconf 76' lang='grc' dir='ltr'>ἐνδοξότερον</span> <span class='ocrx_word' id='word_1_513' title='bbox 1448 3571 1806 3643; x_wconf 85' lang='grc' dir='ltr'>μεταποίησις</span> 
     </span>
    </p>
   </div>
   <div class='ocr_carea' id='block_1_70' title="bbox 218 3661 1805 3738">
    <p class='ocr_par' dir='ltr' id='par_1_70' title="bbox 218 3661 1805 3738">
     <span class='ocr_line' id='line_1_70' title="bbox 218 3661 1805 3738; baseline 0 -20"><span class='ocrx_word' id='word_1_514' title='bbox 218 3666 434 3738; x_wconf 85' lang='grc' dir='ltr'>τοιαύτη</span> <span class='ocrx_word' id='word_1_515' title='bbox 486 3668 587 3720; x_wconf 70' lang='grc' dir='ltr'><strong>καὶ</strong></span> <span class='ocrx_word' id='word_1_516' title='bbox 627 3666 886 3738; x_wconf 79' lang='grc' dir='ltr'>τοσαύτη,</span> <span class='ocrx_word' id='word_1_517' title='bbox 917 3667 991 3732; x_wconf 85' lang='grc' dir='ltr'>ὡς</span> <span class='ocrx_word' id='word_1_518' title='bbox 1022 3665 1307 3738; x_wconf 83' lang='grc' dir='ltr'>ἀχώρητον</span> <span class='ocrx_word' id='word_1_519' title='bbox 1334 3661 1473 3720; x_wconf 69' lang='grc' dir='ltr'>εἶναι</span> <span class='ocrx_word' id='word_1_520' title='bbox 1523 3663 1602 3734; x_wconf 83' lang='grc' dir='ltr'><strong>τῷ</strong></span> <span class='ocrx_word' id='word_1_521' title='bbox 1652 3664 1805 3718; x_wconf 85' lang='grc' dir='ltr'>κάτω</span> 
     </span>
    </p>
   </div>
   <div class='ocr_carea' id='block_1_71' title="bbox 218 3757 1805 3832">
    <p class='ocr_par' dir='ltr' id='par_1_71' title="bbox 218 3757 1805 3832">
     <span class='ocr_line' id='line_1_71' title="bbox 218 3757 1805 3832; baseline -0.001 -21"><span class='ocrx_word' id='word_1_522' title='bbox 218 3760 476 3832; x_wconf 65' lang='grc' dir='ltr'>ὀφθαλμῷ</span> <span class='ocrx_word' id='word_1_523' title='bbox 509 3760 615 3831; x_wconf 79' lang='grc' dir='ltr'><strong>τὴν</strong></span> <span class='ocrx_word' id='word_1_524' title='bbox 651 3760 751 3831; x_wconf 79' lang='grc' dir='ltr'>τῆς</span> <span class='ocrx_word' id='word_1_525' title='bbox 777 3759 934 3828; x_wconf 79' lang='grc' dir='ltr'>δόξης</span> <span class='ocrx_word' id='word_1_526' title='bbox 974 3760 1189 3830; x_wconf 80' lang='grc' dir='ltr'>ἐκείνης</span> <span class='ocrx_word' id='word_1_527' title='bbox 1228 3759 1548 3827; x_wconf 74' lang='grc' dir='ltr'>ἐμφάνειαν.</span> <span class='ocrx_word' id='word_1_528' title='bbox 1583 3757 1805 3820; x_wconf 82' lang='grc' dir='ltr'>Πάντως</span> 
     </span>
    </p>
   </div>
   <div class='ocr_carea' id='block_1_72' title="bbox 218 3847 1807 3921">
    <p class='ocr_par' dir='ltr' id='par_1_72' title="bbox 218 3847 1807 3921">
     <span class='ocr_line' id='line_1_72' title="bbox 218 3847 1807 3921; baseline -0.003 -18"><span class='ocrx_word' id='word_1_529' title='bbox 218 3849 269 3903; x_wconf 79' lang='grc' dir='ltr'><strong>δὲ</strong></span> <span class='ocrx_word' id='word_1_530' title='bbox 290 3851 318 3903; x_wconf 93' lang='lat'><strong>6</strong></span> <span class='ocrx_word' id='word_1_531' title='bbox 340 3850 782 3921; x_wconf 82' lang='grc' dir='ltr'>πεπαιδευμένος</span> <span class='ocrx_word' id='word_1_532' title='bbox 800 3851 861 3903; x_wconf 79' lang='grc' dir='ltr'>τὸ</span> <span class='ocrx_word' id='word_1_533' title='bbox 883 3850 1023 3904; x_wconf 86' lang='grc' dir='ltr'>θεῖον</span> <span class='ocrx_word' id='word_1_534' title='bbox 1044 3850 1143 3919; x_wconf 77' lang='grc' dir='ltr'>τῆς</span> <span class='ocrx_word' id='word_1_535' title='bbox 1169 3848 1403 3911; x_wconf 87' lang='grc' dir='ltr'>πίστεως</span> <span class='ocrx_word' id='word_1_536' title='bbox 1427 3847 1582 3919; x_wconf 80' lang='grc' dir='ltr'>ἡμῶν</span> <span class='ocrx_word' id='word_1_537' title='bbox 1609 3847 1807 3918; x_wconf 89' lang='grc' dir='ltr'>μυστή-</span> 
     </span>
    </p>
   </div>
   <div class='ocr_carea' id='block_1_73' title="bbox 221 3939 1803 4013">
    <p class='ocr_par' dir='ltr' id='par_1_73' title="bbox 221 3939 1803 4013">
     <span class='ocr_line' id='line_1_73' title="bbox 221 3939 1803 4013; baseline -0.001 -19"><span class='ocrx_word' id='word_1_538' title='bbox 221 3959 346 4009; x_wconf 74' lang='grc' dir='ltr'>ριον,</span> <span class='ocrx_word' id='word_1_539' title='bbox 378 3944 482 3997; x_wconf 82' lang='grc' dir='ltr'><strong>ούκ</strong></span> <span class='ocrx_word' id='word_1_540' title='bbox 515 3944 726 4012; x_wconf 85' lang='grc' dir='ltr'>ἀγνοεῖ,</span> <span class='ocrx_word' id='word_1_541' title='bbox 762 3942 879 4005; x_wconf 84' lang='grc' dir='ltr'><strong>πῶς</strong></span> <span class='ocrx_word' id='word_1_542' title='bbox 923 3941 1211 4011; x_wconf 83' lang='grc' dir='ltr'>συμϐαίνει</span> <span class='ocrx_word' id='word_1_543' title='bbox 1248 3943 1314 4013; x_wconf 79' lang='grc' dir='ltr'>τῇ</span> <span class='ocrx_word' id='word_1_544' title='bbox 1357 3940 1628 4011; x_wconf 76' lang='grc' dir='ltr'>ίστορίᾳή</span> <span class='ocrx_word' id='word_1_545' title='bbox 1665 3939 1803 3992; x_wconf 80' lang='grc' dir='ltr'>κατὰ</span> 
     </span>
    </p>
   </div>
   <div class='ocr_carea' id='block_1_74' title="bbox 218 4032 1801 4107">
    <p class='ocr_par' dir='ltr' id='par_1_74' title="bbox 218 4032 1801 4107">
     <span class='ocr_line' id='line_1_74' title="bbox 218 4032 1801 4107; baseline -0.003 -19"><span class='ocrx_word' id='word_1_546' title='bbox 218 4036 509 4107; x_wconf 78' lang='grc' dir='ltr'>ἀναγωγὴν</span> <span class='ocrx_word' id='word_1_547' title='bbox 549 4035 776 4106; x_wconf 86' lang='grc' dir='ltr'>θεωρία.</span> <span class='ocrx_word' id='word_1_548' title='bbox 811 4035 870 4087; x_wconf 82' lang='grc'><strong>’0</strong></span> <span class='ocrx_word' id='word_1_549' title='bbox 897 4034 1004 4105; x_wconf 81' lang='grc' dir='ltr'><strong>γὰρ</strong></span> <span class='ocrx_word' id='word_1_550' title='bbox 1037 4032 1334 4105; x_wconf 79' lang='grc' dir='ltr'>διορθωτὴς</span> <span class='ocrx_word' id='word_1_551' title='bbox 1354 4033 1453 4105; x_wconf 80' lang='grc' dir='ltr'>τῆς</span> <span class='ocrx_word' id='word_1_552' title='bbox 1486 4048 1801 4103; x_wconf 75' lang='grc' dir='ltr'>συντετριμο</span> 
     </span>
    </p>
   </div>
   <div class='ocr_carea' id='block_1_75' title="bbox 222 4123 1804 4201">
    <p class='ocr_par' dir='ltr' id='par_1_75' title="bbox 222 4123 1804 4201">
     <span class='ocr_line' id='line_1_75' title="bbox 222 4123 1804 4201; baseline -0.003 -19"><span class='ocrx_word' id='word_1_553' title='bbox 222 4130 383 4201; x_wconf 83' lang='grc' dir='ltr'>μένης</span> <span class='ocrx_word' id='word_1_554' title='bbox 426 4129 592 4200; x_wconf 80' lang='grc' dir='ltr'>ἡμῶν</span> <span class='ocrx_word' id='word_1_555' title='bbox 636 4126 848 4197; x_wconf 82' lang='grc' dir='ltr'>φύσεως</span> <span class='ocrx_word' id='word_1_556' title='bbox 899 4126 1105 4190; x_wconf 77' lang='grc' dir='ltr'>πλακὸς</span> <span class='ocrx_word' id='word_1_557' title='bbox 1147 4130 1318 4194; x_wconf 84' lang='grc' dir='ltr'>(νοεῖς</span> <span class='ocrx_word' id='word_1_558' title='bbox 1346 4125 1402 4178; x_wconf 83' lang='grc' dir='ltr'>δὲ</span> <span class='ocrx_word' id='word_1_559' title='bbox 1444 4126 1683 4189; x_wconf 88' lang='grc' dir='ltr'>πάντως,</span> <span class='ocrx_word' id='word_1_560' title='bbox 1719 4123 1804 4178; x_wconf 82' lang='grc' dir='ltr'>διὰ</span> 
     </span>
    </p>
   </div>
   <div class='ocr_carea' id='block_1_76' title="bbox 216 4217 1804 4291">
    <p class='ocr_par' dir='ltr' id='par_1_76' title="bbox 216 4217 1804 4291">
     <span class='ocr_line' id='line_1_76' title="bbox 216 4217 1804 4291; baseline -0.002 -18"><span class='ocrx_word' id='word_1_561' title='bbox 216 4221 320 4275; x_wconf 83' lang='grc' dir='ltr'><strong>τῶν</strong></span> <span class='ocrx_word' id='word_1_562' title='bbox 345 4220 688 4291; x_wconf 84' lang='grc' dir='ltr'>λεγομένων,</span> <span class='ocrx_word' id='word_1_563' title='bbox 723 4221 949 4282; x_wconf 76' lang='grc' dir='ltr'>ἐκεῖνον,</span> <span class='ocrx_word' id='word_1_564' title='bbox 991 4218 1082 4271; x_wconf 81' lang='grc' dir='ltr'>τὸν</span> <span class='ocrx_word' id='word_1_565' title='bbox 1122 4218 1191 4272; x_wconf 91' lang='grc' dir='ltr'><strong>τά</strong></span> <span class='ocrx_word' id='word_1_566' title='bbox 1230 4219 1610 4288; x_wconf 85' lang='grc' dir='ltr'>συντρίμματα</span> <span class='ocrx_word' id='word_1_567' title='bbox 1646 4217 1804 4289; x_wconf 82' lang='grc' dir='ltr'>ἡμῶν</span> 
     </span>
    </p>
   </div>
   <div class='ocr_carea' id='block_1_77' title="bbox 216 4309 1804 4384">
    <p class='ocr_par' dir='ltr' id='par_1_77' title="bbox 216 4309 1804 4384">
     <span class='ocr_line' id='line_1_77' title="bbox 216 4309 1804 4384; baseline -0.002 -20"><span class='ocrx_word' id='word_1_568' title='bbox 216 4310 675 4384; x_wconf 84' lang='grc' dir='ltr'>θεραπεύσαντα),</span> <span class='ocrx_word' id='word_1_569' title='bbox 718 4309 904 4382; x_wconf 73' lang='grc' dir='ltr'>ἐπειδὴ</span> <span class='ocrx_word' id='word_1_570' title='bbox 954 4309 1113 4363; x_wconf 87' lang='grc' dir='ltr'>πάλιν</span> <span class='ocrx_word' id='word_1_571' title='bbox 1157 4311 1237 4367; x_wconf 81' lang='grc' dir='ltr'><strong>εἰς</strong></span> <span class='ocrx_word' id='word_1_572' title='bbox 1279 4309 1338 4362; x_wconf 84' lang='grc' dir='ltr'><strong>τὸ</strong></span> <span class='ocrx_word' id='word_1_573' title='bbox 1372 4310 1595 4381; x_wconf 82' lang='grc' dir='ltr'>ἀρχαῖον</span> <span class='ocrx_word' id='word_1_574' title='bbox 1638 4311 1804 4362; x_wconf 82' lang='grc' dir='ltr'>ἐπαν-</span> 
     </span>
    </p>
   </div>
   <div class='ocr_carea' id='block_1_78' title="bbox 1908 3111 3487 3190">
    <p class='ocr_par' dir='ltr' id='par_1_78' title="bbox 1908 3111 3487 3190">
     <span class='ocr_line' id='line_1_78' title="bbox 1908 3111 3487 3190; baseline 0.007 -26"><span class='ocrx_word' id='word_1_575' title='bbox 1908 3111 2182 3183; x_wconf 88' lang='lat' dir='ltr'><strong>lapicida,</strong></span> <span class='ocrx_word' id='word_1_576' title='bbox 2229 3113 2401 3183; x_wconf 83' lang='lat' dir='ltr'><strong>digito</strong></span> <span class='ocrx_word' id='word_1_577' title='bbox 2432 3112 2524 3168; x_wconf 87' lang='lat' dir='ltr'><strong>Dei</strong></span> <span class='ocrx_word' id='word_1_578' title='bbox 2558 3128 2677 3168; x_wconf 89' lang='lat' dir='ltr'><strong>eam</strong></span> <span class='ocrx_word' id='word_1_579' title='bbox 2716 3114 3018 3185; x_wconf 84' lang='lat' dir='ltr'><strong>inscripsit.</strong></span> <span class='ocrx_word' id='word_1_580' title='bbox 3053 3116 3297 3187; x_wconf 89' lang='lat' dir='ltr'><strong>Spiritus</strong></span> <span class='ocrx_word' id='word_1_581' title='bbox 3340 3121 3487 3190; x_wconf 90' lang='lat' dir='ltr'><strong>enim</strong></span> 
     </span>
    </p>
   </div>
   <div class='ocr_carea' id='block_1_79' title="bbox 1907 3203 3487 3275">
    <p class='ocr_par' dir='ltr' id='par_1_79' title="bbox 1907 3203 3487 3275">
     <span class='ocr_line' id='line_1_79' title="bbox 1907 3203 3487 3275; baseline 0.008 -18"><span class='ocrx_word' id='word_1_582' title='bbox 1907 3209 2133 3259; x_wconf 90' lang='lat' dir='ltr'><strong>sanctus</strong></span> <span class='ocrx_word' id='word_1_583' title='bbox 2159 3204 2408 3274; x_wconf 82' lang='lat' dir='ltr'><strong>pervenit</strong></span> <span class='ocrx_word' id='word_1_584' title='bbox 2432 3205 2487 3258; x_wconf 89' lang='lat' dir='ltr'><strong>in</strong></span> <span class='ocrx_word' id='word_1_585' title='bbox 2518 3203 2822 3275; x_wconf 81' lang='lat' dir='ltr'><strong>Virginem,</strong></span> <span class='ocrx_word' id='word_1_586' title='bbox 2844 3215 2892 3262; x_wconf 89' lang='lat' dir='ltr'><strong>et</strong></span> <span class='ocrx_word' id='word_1_587' title='bbox 2925 3209 3142 3266; x_wconf 79' lang='lat' dir='ltr'><strong>Excelsi</strong></span> <span class='ocrx_word' id='word_1_588' title='bbox 3168 3226 3284 3266; x_wconf 88' lang='lat' dir='ltr'><strong>eam</strong></span> <span class='ocrx_word' id='word_1_589' title='bbox 3308 3213 3487 3269; x_wconf 88' lang='lat' dir='ltr'><strong>virtus</strong></span> 
     </span>
    </p>
   </div>
   <div class='ocr_carea' id='block_1_80' title="bbox 1906 3291 3484 3365">
    <p class='ocr_par' dir='ltr' id='par_1_80' title="bbox 1906 3291 3484 3365">
     <span class='ocr_line' id='line_1_80' title="bbox 1906 3291 3484 3365; baseline 0.004 -18"><span class='ocrx_word' id='word_1_590' title='bbox 1906 3291 2342 3349; x_wconf 78' lang='lat' dir='ltr'><strong>obumbravit&quot;.</strong></span> <span class='ocrx_word' id='word_1_591' title='bbox 2377 3292 2498 3358; x_wconf 88' lang='lat' dir='ltr'><strong>Quo</strong></span> <span class='ocrx_word' id='word_1_592' title='bbox 2528 3297 2690 3356; x_wconf 80' lang='lat' dir='ltr'><strong>facto,</strong></span> <span class='ocrx_word' id='word_1_593' title='bbox 2722 3310 2920 3351; x_wconf 84' lang='lat' dir='ltr'><strong>rursus</strong></span> <span class='ocrx_word' id='word_1_594' title='bbox 2951 3305 3148 3352; x_wconf 88' lang='lat' dir='ltr'><strong>natura</strong></span> <span class='ocrx_word' id='word_1_595' title='bbox 3181 3299 3484 3365; x_wconf 81' lang='lat' dir='ltr'><strong>confracta,</strong></span> 
     </span>
    </p>
   </div>
   <div class='ocr_carea' id='block_1_81' title="bbox 1908 3383 3482 3455">
    <p class='ocr_par' dir='ltr' id='par_1_81' title="bbox 1908 3383 3482 3455">
     <span class='ocr_line' id='line_1_81' title="bbox 1908 3383 3482 3455; baseline 0.006 -18"><span class='ocrx_word' id='word_1_596' title='bbox 1908 3383 2058 3439; x_wconf 90' lang='lat' dir='ltr'><strong>illius</strong></span> <span class='ocrx_word' id='word_1_597' title='bbox 2080 3384 2441 3454; x_wconf 88' lang='lat' dir='ltr'><strong>impressione</strong></span> <span class='ocrx_word' id='word_1_598' title='bbox 2470 3386 2626 3455; x_wconf 81' lang='lat' dir='ltr'><strong>digiti</strong></span> <span class='ocrx_word' id='word_1_599' title='bbox 2658 3386 3121 3444; x_wconf 88' lang='lat' dir='ltr'><strong>immortalitatem</strong></span> <span class='ocrx_word' id='word_1_600' title='bbox 3146 3402 3442 3448; x_wconf 89' lang='lat' dir='ltr'><strong>consecula</strong></span> <span class='ocrx_word' id='word_1_601' title='bbox 3470 3413 3482 3447; x_wconf 89' lang='lat'><strong>:</strong></span> 
     </span>
    </p>
   </div>
   <div class='ocr_carea' id='block_1_82' title="bbox 1906 3471 3486 3547">
    <p class='ocr_par' dir='ltr' id='par_1_82' title="bbox 1906 3471 3486 3547">
     <span class='ocr_line' id='line_1_82' title="bbox 1906 3471 3486 3547; baseline 0.008 -21"><span class='ocrx_word' id='word_1_602' title='bbox 1906 3471 2111 3541; x_wconf 89' lang='lat' dir='ltr'><strong>digitus</strong></span> <span class='ocrx_word' id='word_1_603' title='bbox 2135 3473 2281 3526; x_wconf 91' lang='lat' dir='ltr'><strong>enim</strong></span> <span class='ocrx_word' id='word_1_604' title='bbox 2327 3474 2527 3542; x_wconf 59' lang='lat' dir='ltr'><strong>saepius</strong></span> <span class='ocrx_word' id='word_1_605' title='bbox 2564 3488 2595 3526; x_wconf 71' lang='grc' dir='ltr'><strong>ιι</strong></span> <span class='ocrx_word' id='word_1_606' title='bbox 2632 3472 2919 3544; x_wconf 89' lang='lat' dir='ltr'><strong>Scriptura</strong></span> <span class='ocrx_word' id='word_1_607' title='bbox 2974 3475 3215 3547; x_wconf 88' lang='lat' dir='ltr'><strong>Spiritus</strong></span> <span class='ocrx_word' id='word_1_608' title='bbox 3259 3489 3486 3538; x_wconf 89' lang='lat' dir='ltr'><strong>sanctus</strong></span> 
     </span>
    </p>
   </div>
   <div class='ocr_carea' id='block_1_83' title="bbox 1906 3563 3485 3642">
    <p class='ocr_par' dir='ltr' id='par_1_83' title="bbox 1906 3563 3485 3642">
     <span class='ocr_line' id='line_1_83' title="bbox 1906 3563 3485 3642; baseline 0.006 -26"><span class='ocrx_word' id='word_1_609' title='bbox 1906 3563 2230 3633; x_wconf 86' lang='lat' dir='ltr'><strong>appellatur.</strong></span> <span class='ocrx_word' id='word_1_610' title='bbox 2271 3563 2385 3619; x_wconf 82' lang='lat' dir='ltr'><strong>Hoc</strong></span> <span class='ocrx_word' id='word_1_611' title='bbox 2436 3564 2602 3635; x_wconf 82' lang='lat' dir='ltr'><strong>igitur</strong></span> <span class='ocrx_word' id='word_1_612' title='bbox 2630 3564 2793 3619; x_wconf 84' lang='lat' dir='ltr'><strong>modo</strong></span> <span class='ocrx_word' id='word_1_613' title='bbox 2825 3567 2892 3620; x_wconf 89' lang='lat' dir='ltr'><strong>ad</strong></span> <span class='ocrx_word' id='word_1_614' title='bbox 2940 3567 3235 3637; x_wconf 86' lang='lat' dir='ltr'><strong>gloriosius</strong></span> <span class='ocrx_word' id='word_1_615' title='bbox 3269 3571 3485 3642; x_wconf 83' lang='lat' dir='ltr'><strong>Moyses</strong></span> 
     </span>
    </p>
   </div>
   <div class='ocr_carea' id='block_1_84' title="bbox 1905 3654 3486 3719">
    <p class='ocr_par' dir='ltr' id='par_1_84' title="bbox 1905 3654 3486 3719">
     <span class='ocr_line' id='line_1_84' title="bbox 1905 3654 3486 3719; baseline 0.006 -9"><span class='ocrx_word' id='word_1_616' title='bbox 1905 3663 2276 3711; x_wconf 89' lang='lat' dir='ltr'><strong>commutatus</strong></span> <span class='ocrx_word' id='word_1_617' title='bbox 2325 3654 2457 3717; x_wconf 82' lang='lat' dir='ltr'><strong>fuit,</strong></span> <span class='ocrx_word' id='word_1_618' title='bbox 2491 3656 2636 3710; x_wconf 86' lang='lat' dir='ltr'><strong>adeo</strong></span> <span class='ocrx_word' id='word_1_619' title='bbox 2681 3665 2741 3710; x_wconf 93' lang='lat' dir='ltr'><strong>ut</strong></span> <span class='ocrx_word' id='word_1_620' title='bbox 2772 3656 3128 3715; x_wconf 84' lang='lat' dir='ltr'><strong>inferioribus</strong></span> <span class='ocrx_word' id='word_1_621' title='bbox 3176 3661 3261 3717; x_wconf 90' lang='lat' dir='ltr'><strong>his</strong></span> <span class='ocrx_word' id='word_1_622' title='bbox 3309 3665 3486 3719; x_wconf 91' lang='lat' dir='ltr'><strong>oculis</strong></span> 
     </span>
    </p>
   </div>
   <div class='ocr_carea' id='block_1_85' title="bbox 1905 3747 3483 3823">
    <p class='ocr_par' dir='ltr' id='par_1_85' title="bbox 1905 3747 3483 3823">
     <span class='ocr_line' id='line_1_85' title="bbox 1905 3747 3483 3823; baseline 0.007 -24"><span class='ocrx_word' id='word_1_623' title='bbox 1905 3752 2057 3801; x_wconf 89' lang='lat' dir='ltr'><strong>tanta</strong></span> <span class='ocrx_word' id='word_1_624' title='bbox 2088 3747 2321 3819; x_wconf 88' lang='lat' dir='ltr'><strong>talisque</strong></span> <span class='ocrx_word' id='word_1_625' title='bbox 2353 3748 2527 3815; x_wconf 80' lang='lat' dir='ltr'><strong>gloria</strong></span> <span class='ocrx_word' id='word_1_626' title='bbox 2563 3750 2713 3803; x_wconf 90' lang='lat' dir='ltr'><strong>cerni</strong></span> <span class='ocrx_word' id='word_1_627' title='bbox 2744 3750 3028 3815; x_wconf 84' lang='lat' dir='ltr'><strong>nequiret:</strong></span> <span class='ocrx_word' id='word_1_628' title='bbox 3065 3767 3228 3821; x_wconf 89' lang='lat' dir='ltr'><strong>quam</strong></span> <span class='ocrx_word' id='word_1_629' title='bbox 3263 3755 3483 3823; x_wconf 84' lang='lat' dir='ltr'><strong>quidem</strong></span> 
     </span>
    </p>
   </div>
   <div class='ocr_carea' id='block_1_86' title="bbox 1906 3835 3484 3911">
    <p class='ocr_par' dir='ltr' id='par_1_86' title="bbox 1906 3835 3484 3911">
     <span class='ocr_line' id='line_1_86' title="bbox 1906 3835 3484 3911; baseline 0.006 -22"><span class='ocrx_word' id='word_1_630' title='bbox 1906 3835 2344 3892; x_wconf 87' lang='lat' dir='ltr'><strong>immutationem</strong></span> <span class='ocrx_word' id='word_1_631' title='bbox 2372 3837 2463 3907; x_wconf 85' lang='lat' dir='ltr'><strong>qui</strong></span> <span class='ocrx_word' id='word_1_632' title='bbox 2502 3845 2702 3895; x_wconf 57' lang='lat' dir='ltr'><strong>nostra</strong></span> <span class='ocrx_word' id='word_1_633' title='bbox 2735 3838 2858 3894; x_wconf 86' lang='lat' dir='ltr'><strong>ﬁdei</strong></span> <span class='ocrx_word' id='word_1_634' title='bbox 2887 3842 3143 3911; x_wconf 86' lang='lat' dir='ltr'><strong>mysteria</strong></span> <span class='ocrx_word' id='word_1_635' title='bbox 3167 3843 3338 3908; x_wconf 90' lang='lat' dir='ltr'><strong>novit,</strong></span> <span class='ocrx_word' id='word_1_636' title='bbox 3373 3861 3484 3899; x_wconf 88' lang='lat' dir='ltr'><strong>non</strong></span> 
     </span>
    </p>
   </div>
   <div class='ocr_carea' id='block_1_87' title="bbox 1906 3929 3484 4001">
    <p class='ocr_par' dir='ltr' id='par_1_87' title="bbox 1906 3929 3484 4001">
     <span class='ocr_line' id='line_1_87' title="bbox 1906 3929 3484 4001; baseline 0.003 -15"><span class='ocrx_word' id='word_1_637' title='bbox 1906 3929 2183 4001; x_wconf 87' lang='lat' dir='ltr'><strong>ignorabit</strong></span> <span class='ocrx_word' id='word_1_638' title='bbox 2214 3930 2489 3999; x_wconf 90' lang='lat' dir='ltr'><strong>quomodo</strong></span> <span class='ocrx_word' id='word_1_639' title='bbox 2515 3931 2846 4001; x_wconf 88' lang='lat' dir='ltr'><strong>allegoricus</strong></span> <span class='ocrx_word' id='word_1_640' title='bbox 2886 3931 2976 3986; x_wconf 85' lang='lat' dir='ltr'><strong>hic</strong></span> <span class='ocrx_word' id='word_1_641' title='bbox 3003 3948 3198 3989; x_wconf 89' lang='lat' dir='ltr'><strong>sensus</strong></span> <span class='ocrx_word' id='word_1_642' title='bbox 3243 3935 3484 3991; x_wconf 73' lang='lat' dir='ltr'><strong>historiae</strong></span> 
     </span>
    </p>
   </div>
   <div class='ocr_carea' id='block_1_88' title="bbox 1905 4020 3482 4093">
    <p class='ocr_par' dir='ltr' id='par_1_88' title="bbox 1905 4020 3482 4093">
     <span class='ocr_line' id='line_1_88' title="bbox 1905 4020 3482 4093; baseline 0.003 -15"><span class='ocrx_word' id='word_1_643' title='bbox 1905 4028 2317 4079; x_wconf 84' lang='lat' dir='ltr'><strong>consentaneus</strong></span> <span class='ocrx_word' id='word_1_644' title='bbox 2342 4029 2446 4077; x_wconf 90' lang='lat' dir='ltr'><strong>est.</strong></span> <span class='ocrx_word' id='word_1_645' title='bbox 2478 4020 2613 4075; x_wconf 89' lang='lat' dir='ltr'><strong>Nam</strong></span> <span class='ocrx_word' id='word_1_646' title='bbox 2637 4022 2732 4093; x_wconf 88' lang='lat' dir='ltr'><strong>qui</strong></span> <span class='ocrx_word' id='word_1_647' title='bbox 2763 4024 3055 4079; x_wconf 89' lang='lat' dir='ltr'><strong>contritam</strong></span> <span class='ocrx_word' id='word_1_648' title='bbox 3096 4034 3349 4081; x_wconf 88' lang='lat' dir='ltr'><strong>naturam</strong></span> <span class='ocrx_word' id='word_1_649' title='bbox 3379 4044 3482 4083; x_wconf 92' lang='lat' dir='ltr'><strong>no-</strong></span> 
     </span>
    </p>
   </div>
   <div class='ocr_carea' id='block_1_89' title="bbox 1878 4114 3484 4187">
    <p class='ocr_par' dir='ltr' id='par_1_89' title="bbox 1878 4114 3484 4187">
     <span class='ocr_line' id='line_1_89' title="bbox 1878 4114 3484 4187; baseline 0.004 -17"><span class='ocrx_word' id='word_1_650' title='bbox 1878 4148 1881 4157; x_wconf 91' lang='lat'><strong><em>-</em></strong></span> <span class='ocrx_word' id='word_1_651' title='bbox 1905 4122 2074 4171; x_wconf 84' lang='lat' dir='ltr'><strong>stram</strong></span> <span class='ocrx_word' id='word_1_652' title='bbox 2107 4114 2162 4169; x_wconf 92' lang='lat' dir='ltr'><strong>in</strong></span> <span class='ocrx_word' id='word_1_653' title='bbox 2196 4114 2567 4184; x_wconf 86' lang='lat' dir='ltr'><strong>integritatem</strong></span> <span class='ocrx_word' id='word_1_654' title='bbox 2595 4115 2840 4171; x_wconf 83' lang='lat' dir='ltr'><strong>traduxit</strong></span> <span class='ocrx_word' id='word_1_655' title='bbox 2865 4156 2879 4181; x_wconf 92' lang='lat'><strong>,</strong></span> <span class='ocrx_word' id='word_1_656' title='bbox 2907 4116 3035 4186; x_wconf 90' lang='lat' dir='ltr'><strong>qui,</strong></span> <span class='ocrx_word' id='word_1_657' title='bbox 3064 4117 3355 4187; x_wconf 88' lang='lat' dir='ltr'><strong>languores</strong></span> <span class='ocrx_word' id='word_1_658' title='bbox 3382 4136 3484 4175; x_wconf 81' lang='lat' dir='ltr'><strong>no-</strong></span> 
     </span>
    </p>
   </div>
   <div class='ocr_carea' id='block_1_90' title="bbox 1907 4206 3477 4279">
    <p class='ocr_par' dir='ltr' id='par_1_90' title="bbox 1907 4206 3477 4279">
     <span class='ocr_line' id='line_1_90' title="bbox 1907 4206 3477 4279; baseline 0.003 -17"><span class='ocrx_word' id='word_1_659' title='bbox 1907 4214 2054 4262; x_wconf 90' lang='lat' dir='ltr'><strong>stros</strong></span> <span class='ocrx_word' id='word_1_660' title='bbox 2076 4207 2336 4276; x_wconf 87' lang='lat' dir='ltr'><strong>portavit.</strong></span> <span class='ocrx_word' id='word_1_661' title='bbox 2368 4214 2422 4260; x_wconf 91' lang='lat' dir='ltr'><strong>et</strong></span> <span class='ocrx_word' id='word_1_662' title='bbox 2467 4206 2683 4260; x_wconf 88' lang='lat' dir='ltr'><strong>sanavit</strong></span> <span class='ocrx_word' id='word_1_663' title='bbox 2723 4213 2981 4276; x_wconf 85' lang='lat' dir='ltr'><strong>aegrotos,</strong></span> <span class='ocrx_word' id='word_1_664' title='bbox 3028 4216 3386 4279; x_wconf 88' lang='lat' dir='ltr'><strong>posteaquam</strong></span> <span class='ocrx_word' id='word_1_665' title='bbox 3423 4212 3477 4266; x_wconf 85' lang='lat' dir='ltr'><strong>in</strong></span> 
     </span>
    </p>
   </div>
   <div class='ocr_carea' id='block_1_91' title="bbox 1907 4296 3483 4368">
    <p class='ocr_par' dir='ltr' id='par_1_91' title="bbox 1907 4296 3483 4368">
     <span class='ocr_line' id='line_1_91' title="bbox 1907 4296 3483 4368; baseline 0.003 -18"><span class='ocrx_word' id='word_1_666' title='bbox 1907 4297 2192 4368; x_wconf 87' lang='lat' dir='ltr'><strong>pristinam</strong></span> <span class='ocrx_word' id='word_1_667' title='bbox 2210 4296 2676 4367; x_wconf 88' lang='lat' dir='ltr'><strong>pulchritudinem</strong></span> <span class='ocrx_word' id='word_1_668' title='bbox 2698 4296 2912 4352; x_wconf 86' lang='lat' dir='ltr'><strong>dirutas</strong></span> <span class='ocrx_word' id='word_1_669' title='bbox 2940 4308 3148 4354; x_wconf 87' lang='lat' dir='ltr'><strong>naturae</strong></span> <span class='ocrx_word' id='word_1_670' title='bbox 3178 4308 3380 4356; x_wconf 65' lang='lat' dir='ltr'><strong>nostra:</strong></span> <span class='ocrx_word' id='word_1_671' title='bbox 3401 4310 3483 4355; x_wconf 62' lang='lat' dir='ltr'><strong>ta.</strong></span> 
     </span>
    </p>
   </div>
   <div class='ocr_carea' id='block_1_92' title="bbox 212 4379 1808 4476">
    <p class='ocr_par' dir='ltr' id='par_1_92' title="bbox 212 4379 1803 4476">
     <span class='ocr_line' id='line_1_92' title="bbox 212 4379 1803 4476; baseline -0.001 -17"><span class='ocrx_word' id='word_1_672' title='bbox 212 4379 379 4475; x_wconf 73' lang='grc' dir='ltr'>ἠγαγε</span> <span class='ocrx_word' id='word_1_673' title='bbox 412 4406 517 4476; x_wconf 81' lang='grc' dir='ltr'>τὴν</span> <span class='ocrx_word' id='word_1_674' title='bbox 551 4379 1017 4475; x_wconf 72' lang='grc' dir='ltr'>συντετριμμένην</span> <span class='ocrx_word' id='word_1_675' title='bbox 1042 4402 1142 4472; x_wconf 79' lang='grc' dir='ltr'><strong>τῆς</strong></span> <span class='ocrx_word' id='word_1_676' title='bbox 1175 4401 1387 4471; x_wconf 82' lang='grc' dir='ltr'>φύσεως</span> <span class='ocrx_word' id='word_1_677' title='bbox 1416 4379 1574 4471; x_wconf 70' lang='grc' dir='ltr'>ημῶν</span> <span class='ocrx_word' id='word_1_678' title='bbox 1599 4401 1803 4467; x_wconf 80' lang='grc' dir='ltr'>πλάκα,</span> 
     </span>
    </p>
   </div>
   <div class='ocr_carea' id='block_1_93' title="bbox 1915 4379 3480 4476">
    <p class='ocr_par' dir='ltr' id='par_1_93' title="bbox 1915 4387 3480 4460">
     <span class='ocr_line' id='line_1_93' title="bbox 1915 4387 3480 4460; baseline 0.003 -16"><span class='ocrx_word' id='word_1_679' title='bbox 1915 4389 2064 4444; x_wconf 88' lang='lat' dir='ltr'><strong>bulas</strong></span> <span class='ocrx_word' id='word_1_680' title='bbox 2095 4387 2355 4453; x_wconf 89' lang='lat' dir='ltr'><strong>restituit,</strong></span> <span class='ocrx_word' id='word_1_681' title='bbox 2385 4387 2499 4451; x_wconf 90' lang='lat' dir='ltr'><strong>Dei,</strong></span> <span class='ocrx_word' id='word_1_682' title='bbox 2527 4396 2584 4441; x_wconf 91' lang='lat' dir='ltr'><strong>ut</strong></span> <span class='ocrx_word' id='word_1_683' title='bbox 2614 4387 2876 4451; x_wconf 80' lang='lat' dir='ltr'><strong>diximus,</strong></span> <span class='ocrx_word' id='word_1_684' title='bbox 2899 4388 3069 4460; x_wconf 87' lang='lat' dir='ltr'><strong>digito</strong></span> <span class='ocrx_word' id='word_1_685' title='bbox 3098 4392 3340 4457; x_wconf 56' lang='lat' dir='ltr'><strong>caelatas,</strong></span> <span class='ocrx_word' id='word_1_686' title='bbox 3370 4409 3480 4448; x_wconf 92' lang='lat' dir='ltr'><strong>non</strong></span> 
     </span>
    </p>
   </div>
   <div class='ocr_carea' id='block_1_94' title="bbox 212 4491 1795 4568">
    <p class='ocr_par' dir='ltr' id='par_1_94' title="bbox 212 4491 1795 4568">
     <span class='ocr_line' id='line_1_94' title="bbox 212 4491 1795 4568; baseline -0.004 -18"><span class='ocrx_word' id='word_1_687' title='bbox 212 4497 286 4568; x_wconf 87' lang='grc' dir='ltr'>τῷ</span> <span class='ocrx_word' id='word_1_688' title='bbox 314 4497 445 4568; x_wconf 85' lang='grc' dir='ltr'>θείῳ</span> <span class='ocrx_word' id='word_1_689' title='bbox 475 4495 748 4566; x_wconf 77' lang='grc' dir='ltr'>δακτύλῳ,</span> <span class='ocrx_word' id='word_1_690' title='bbox 796 4494 976 4558; x_wconf 84' lang='grc' dir='ltr'>καθὼς</span> <span class='ocrx_word' id='word_1_691' title='bbox 1018 4495 1252 4565; x_wconf 80' lang='grc' dir='ltr'>εἴρηται,</span> <span class='ocrx_word' id='word_1_692' title='bbox 1300 4491 1795 4556; x_wconf 83' lang='grc' dir='ltr'>καλλωπισθεῖσαν,</span> 
     </span>
    </p>
   </div>
   <div class='ocr_carea' id='block_1_95' title="bbox 212 4583 1860 4659">
    <p class='ocr_par' dir='ltr' id='par_1_95' title="bbox 212 4583 1860 4659">
     <span class='ocr_line' id='line_1_95' title="bbox 212 4583 1860 4659; baseline -0.003 -18"><span class='ocrx_word' id='word_1_693' title='bbox 212 4589 390 4642; x_wconf 78' lang='grc' dir='ltr'>οὐκέτι</span> <span class='ocrx_word' id='word_1_694' title='bbox 434 4588 686 4659; x_wconf 74' lang='grc' dir='ltr'>χωρητδς</span> <span class='ocrx_word' id='word_1_695' title='bbox 720 4589 838 4650; x_wconf 86' lang='grc' dir='ltr'>ταῖς</span> <span class='ocrx_word' id='word_1_696' title='bbox 862 4586 1018 4656; x_wconf 67' lang='grc' dir='ltr'>ὄψεσι</span> <span class='ocrx_word' id='word_1_697' title='bbox 1052 4585 1160 4638; x_wconf 83' lang='grc' dir='ltr'><strong>τῶν</strong></span> <span class='ocrx_word' id='word_1_698' title='bbox 1199 4584 1433 4650; x_wconf 84' lang='grc' dir='ltr'>ἀναξίων</span> <span class='ocrx_word' id='word_1_699' title='bbox 1470 4585 1700 4653; x_wconf 87' lang='grc' dir='ltr'>γίνεται,</span> <span class='ocrx_word' id='word_1_700' title='bbox 1726 4583 1802 4655; x_wconf 79' lang='grc' dir='ltr'>τῷ</span> <span class='ocrx_word' id='word_1_701' title='bbox 1846 4602 1860 4628; x_wconf 61' lang='grc' dir='ltr'><strong>κ</strong></span> 
     </span>
    </p>
   </div>
   <div class='ocr_carea' id='block_1_96' title="bbox 214 4676 1798 4751">
    <p class='ocr_par' dir='ltr' id='par_1_96' title="bbox 214 4676 1798 4751">
     <span class='ocr_line' id='line_1_96' title="bbox 214 4676 1798 4751; baseline -0.001 -20"><span class='ocrx_word' id='word_1_702' title='bbox 214 4680 611 4751; x_wconf 81' lang='grc' dir='ltr'>ὑπερϐάλλοντι</span> <span class='ocrx_word' id='word_1_703' title='bbox 649 4680 749 4750; x_wconf 77' lang='grc' dir='ltr'>τῆς</span> <span class='ocrx_word' id='word_1_704' title='bbox 792 4679 950 4749; x_wconf 79' lang='grc' dir='ltr'>δόξης</span> <span class='ocrx_word' id='word_1_705' title='bbox 998 4677 1442 4749; x_wconf 78' lang='grc' dir='ltr'>ἀπροσπέλαστος</span> <span class='ocrx_word' id='word_1_706' title='bbox 1492 4679 1603 4740; x_wconf 89' lang='grc' dir='ltr'>τοῖς</span> <span class='ocrx_word' id='word_1_707' title='bbox 1663 4676 1798 4747; x_wconf 76' lang='grc' dir='ltr'>πρὸς</span> 
     </span>
    </p>
   </div>
   <div class='ocr_carea' id='block_1_97' title="bbox 210 4767 1804 4851">
    <p class='ocr_par' dir='ltr' id='par_1_97' title="bbox 210 4767 1804 4851">
     <span class='ocr_line' id='line_1_97' title="bbox 210 4767 1804 4851; baseline -0.005 -24"><span class='ocrx_word' id='word_1_708' title='bbox 210 4774 372 4851; x_wconf 73' lang='grc' dir='ltr'>αὑτὸν</span> <span class='ocrx_word' id='word_1_709' title='bbox 421 4772 597 4844; x_wconf 83' lang='grc' dir='ltr'>ὁρῶσι</span> <span class='ocrx_word' id='word_1_710' title='bbox 644 4772 949 4843; x_wconf 88' lang='grc' dir='ltr'>γινόμενος.</span> <span class='ocrx_word' id='word_1_711' title='bbox 1021 4769 1260 4839; x_wconf 78' lang='grc' dir='ltr'>’Δληθῶς</span> <span class='ocrx_word' id='word_1_712' title='bbox 1310 4769 1439 4840; x_wconf 87' lang='grc' dir='ltr'>γὰρ,</span> <span class='ocrx_word' id='word_1_713' title='bbox 1496 4769 1624 4822; x_wconf 85' lang='grc' dir='ltr'>ὅταν</span> <span class='ocrx_word' id='word_1_714' title='bbox 1674 4767 1804 4841; x_wconf 75' lang='grc' dir='ltr'>ἔλθῃ</span> 
     </span>
    </p>
   </div>
   <div class='ocr_carea' id='block_1_98' title="bbox 217 4856 1804 4932">
    <p class='ocr_par' dir='ltr' id='par_1_98' title="bbox 217 4856 1804 4932">
     <span class='ocr_line' id='line_1_98' title="bbox 217 4856 1804 4932; baseline -0.003 -17"><span class='ocrx_word' id='word_1_715' title='bbox 217 4860 416 4928; x_wconf 83' lang='grc' dir='ltr'>(καθὼς</span> <span class='ocrx_word' id='word_1_716' title='bbox 457 4878 599 4932; x_wconf 78' lang='grc' dir='ltr'>φησι</span> <span class='ocrx_word' id='word_1_717' title='bbox 650 4861 713 4915; x_wconf 84' lang='grc' dir='ltr'><strong>τὸ</strong></span> <span class='ocrx_word' id='word_1_718' title='bbox 758 4860 1112 4930; x_wconf 81' lang='grc' dir='ltr'>Εὑαγγέλιον)</span> <span class='ocrx_word' id='word_1_719' title='bbox 1155 4862 1212 4914; x_wconf 80' lang='grc' dir='ltr'>ὲν</span> <span class='ocrx_word' id='word_1_720' title='bbox 1243 4862 1309 4931; x_wconf 79' lang='grc' dir='ltr'>τῇ</span> <span class='ocrx_word' id='word_1_721' title='bbox 1346 4860 1471 4931; x_wconf 81' lang='grc' dir='ltr'>δόξῃ</span> <span class='ocrx_word' id='word_1_722' title='bbox 1498 4856 1681 4923; x_wconf 82' lang='grc' dir='ltr'>αὐτοῦ,</span> <span class='ocrx_word' id='word_1_723' title='bbox 1708 4858 1804 4912; x_wconf 72' lang='grc' dir='ltr'>καὶ</span> 
     </span>
    </p>
   </div>
   <div class='ocr_carea' id='block_1_99' title="bbox 215 4950 1804 5023">
    <p class='ocr_par' dir='ltr' id='par_1_99' title="bbox 215 4950 1804 5023">
     <span class='ocr_line' id='line_1_99' title="bbox 215 4950 1804 5023; baseline -0.001 -18"><span class='ocrx_word' id='word_1_724' title='bbox 215 4954 413 5018; x_wconf 89' lang='grc' dir='ltr'>πάντες</span> <span class='ocrx_word' id='word_1_725' title='bbox 431 4956 481 5007; x_wconf 83' lang='grc' dir='ltr'>οἱ</span> <span class='ocrx_word' id='word_1_726' title='bbox 513 4953 738 5021; x_wconf 72' lang='grc' dir='ltr'>ἄγγελοι</span> <span class='ocrx_word' id='word_1_727' title='bbox 765 4955 882 5023; x_wconf 88' lang='grc' dir='ltr'>μετ’</span> <span class='ocrx_word' id='word_1_728' title='bbox 907 4951 1095 5015; x_wconf 82' lang='grc' dir='ltr'>αὑτοῦ,</span> <span class='ocrx_word' id='word_1_729' title='bbox 1135 4952 1292 5023; x_wconf 86' lang='grc' dir='ltr'>μόγις</span> <span class='ocrx_word' id='word_1_730' title='bbox 1317 4951 1416 5021; x_wconf 89' lang='grc' dir='ltr'><strong>μὲν</strong></span> <span class='ocrx_word' id='word_1_731' title='bbox 1439 4953 1551 5014; x_wconf 82' lang='grc' dir='ltr'>τοῖς</span> <span class='ocrx_word' id='word_1_732' title='bbox 1576 4950 1804 5014; x_wconf 87' lang='grc' dir='ltr'>δικαίοις</span> 
     </span>
    </p>
   </div>
   <div class='ocr_carea' id='block_1_100' title="bbox 214 5040 1802 5116">
    <p class='ocr_par' dir='ltr' id='par_1_100' title="bbox 214 5040 1802 5116">
     <span class='ocr_line' id='line_1_100' title="bbox 214 5040 1802 5116; baseline -0.001 -21"><span class='ocrx_word' id='word_1_733' title='bbox 214 5044 457 5116; x_wconf 82' lang='grc' dir='ltr'>χωρητὸς</span> <span class='ocrx_word' id='word_1_734' title='bbox 507 5044 721 5113; x_wconf 87' lang='grc' dir='ltr'>γίνεται</span> <span class='ocrx_word' id='word_1_735' title='bbox 752 5043 847 5097; x_wconf 79' lang='grc' dir='ltr'><strong>καὶ</strong></span> <span class='ocrx_word' id='word_1_736' title='bbox 886 5043 1223 5113; x_wconf 79' lang='grc' dir='ltr'>καταφανής.</span> <span class='ocrx_word' id='word_1_737' title='bbox 1267 5042 1326 5095; x_wconf 87' lang='grc' dir='ltr'>Ὀ</span> <span class='ocrx_word' id='word_1_738' title='bbox 1366 5040 1424 5096; x_wconf 81' lang='grc' dir='ltr'>δὲ</span> <span class='ocrx_word' id='word_1_739' title='bbox 1454 5041 1676 5113; x_wconf 82' lang='grc' dir='ltr'>ἀσεϐὴς,</span> <span class='ocrx_word' id='word_1_740' title='bbox 1708 5042 1802 5097; x_wconf 78' lang='grc' dir='ltr'><strong>καὶ</strong></span> 
     </span>
    </p>
   </div>
   <div class='ocr_carea' id='block_1_101' title="bbox 227 5133 1804 5206">
    <p class='ocr_par' dir='ltr' id='par_1_101' title="bbox 227 5133 1804 5206">
     <span class='ocr_line' id='line_1_101' title="bbox 227 5133 1804 5206; baseline 0.002 -20"><span class='ocrx_word' id='word_1_741' title='bbox 227 5134 534 5200; x_wconf 78' lang='grc' dir='ltr'>Ἰουδαῖζων</span> <span class='ocrx_word' id='word_1_742' title='bbox 565 5134 664 5204; x_wconf 75' lang='grc' dir='ltr'><strong>τὴν</strong></span> <span class='ocrx_word' id='word_1_743' title='bbox 697 5134 926 5206; x_wconf 81' lang='grc' dir='ltr'>αἵρεσιν,</span> <span class='ocrx_word' id='word_1_744' title='bbox 963 5134 1143 5198; x_wconf 83' lang='grc' dir='ltr'>καθὼς</span> <span class='ocrx_word' id='word_1_745' title='bbox 1177 5133 1404 5197; x_wconf 83' lang='grc' dir='ltr'>Ἦσαῖας</span> <span class='ocrx_word' id='word_1_746' title='bbox 1434 5133 1603 5203; x_wconf 80' lang='grc' dir='ltr'>λέγει,</span> <span class='ocrx_word' id='word_1_747' title='bbox 1633 5134 1804 5205; x_wconf 84' lang='grc' dir='ltr'>ἀμέτ-</span> 
     </span>
    </p>
   </div>
   <div class='ocr_carea' id='block_1_102' title="bbox 216 5224 1804 5297">
    <p class='ocr_par' dir='ltr' id='par_1_102' title="bbox 216 5224 1804 5297">
     <span class='ocr_line' id='line_1_102' title="bbox 216 5224 1804 5297; baseline 0.003 -22"><span class='ocrx_word' id='word_1_748' title='bbox 216 5241 333 5295; x_wconf 83' lang='grc' dir='ltr'>οχος</span> <span class='ocrx_word' id='word_1_749' title='bbox 369 5226 593 5279; x_wconf 84' lang='grc' dir='ltr'>ἐκείνου</span> <span class='ocrx_word' id='word_1_750' title='bbox 637 5224 729 5278; x_wconf 78' lang='grc' dir='ltr'><strong>τοῦ</strong></span> <span class='ocrx_word' id='word_1_751' title='bbox 771 5225 1039 5296; x_wconf 81' lang='grc' dir='ltr'>θεάματος</span> <span class='ocrx_word' id='word_1_752' title='bbox 1081 5226 1250 5297; x_wconf 85' lang='grc' dir='ltr'>μένει.</span> <span class='ocrx_word' id='word_1_753' title='bbox 1296 5225 1583 5297; x_wconf 74' lang='grc' dir='ltr'>«Ἄρθήτω</span> <span class='ocrx_word' id='word_1_754' title='bbox 1624 5227 1731 5297; x_wconf 90' lang='grc' dir='ltr'><strong>γάρ</strong></span> <span class='ocrx_word' id='word_1_755' title='bbox 1775 5228 1804 5279; x_wconf 93' lang='lat'><strong>6</strong></span> 
     </span>
    </p>
   </div>
   <div class='ocr_carea' id='block_1_103' title="bbox 215 5313 1806 5389">
    <p class='ocr_par' dir='ltr' id='par_1_103' title="bbox 215 5313 1806 5389">
     <span class='ocr_line' id='line_1_103' title="bbox 215 5313 1806 5389; baseline 0.003 -24"><span class='ocrx_word' id='word_1_756' title='bbox 215 5313 437 5386; x_wconf 80' lang='grc' dir='ltr'>ἀσεϐὴς,</span> <span class='ocrx_word' id='word_1_757' title='bbox 452 5335 471 5367; x_wconf 83' lang='grc' dir='ltr'><strong>ι</strong></span> <span class='ocrx_word' id='word_1_758' title='bbox 496 5316 688 5385; x_wconf 72' lang='grc' dir='ltr'>φησὶν,</span> <span class='ocrx_word' id='word_1_759' title='bbox 720 5316 834 5370; x_wconf 77' lang='grc' dir='ltr'>«ἵνα</span> <span class='ocrx_word' id='word_1_760' title='bbox 850 5315 924 5388; x_wconf 83' lang='grc' dir='ltr'>μὴ</span> <span class='ocrx_word' id='word_1_761' title='bbox 946 5317 1029 5389; x_wconf 77' lang='grc' dir='ltr'>ἴδῃ</span> <span class='ocrx_word' id='word_1_762' title='bbox 1040 5315 1137 5386; x_wconf 81' lang='grc' dir='ltr'>τὴν</span> <span class='ocrx_word' id='word_1_763' title='bbox 1156 5313 1312 5380; x_wconf 82' lang='grc' dir='ltr'>δόξαν</span> <span class='ocrx_word' id='word_1_764' title='bbox 1331 5314 1555 5387; x_wconf 86' lang='grc' dir='ltr'>Κυρίου.</span> <span class='ocrx_word' id='word_1_765' title='bbox 1590 5335 1609 5367; x_wconf 81' lang='grc' dir='ltr'><strong>ι</strong></span> <span class='ocrx_word' id='word_1_766' title='bbox 1650 5314 1806 5370; x_wconf 72' lang='grc' dir='ltr'>Ἀλλά</span> 
     </span>
    </p>
   </div>
   <div class='ocr_carea' id='block_1_104' title="bbox 214 5404 1802 5479">
    <p class='ocr_par' dir='ltr' id='par_1_104' title="bbox 214 5404 1802 5479">
     <span class='ocr_line' id='line_1_104' title="bbox 214 5404 1802 5479; baseline 0.002 -22"><span class='ocrx_word' id='word_1_767' title='bbox 214 5404 379 5460; x_wconf 77' lang='grc' dir='ltr'>ταῦτα</span> <span class='ocrx_word' id='word_1_768' title='bbox 414 5408 517 5479; x_wconf 82' lang='grc' dir='ltr'><strong>μὲν</strong></span> <span class='ocrx_word' id='word_1_769' title='bbox 553 5408 623 5477; x_wconf 82' lang='grc' dir='ltr'>τῇ</span> <span class='ocrx_word' id='word_1_770' title='bbox 668 5408 953 5479; x_wconf 73' lang='grc' dir='ltr'>ἀκολουθίᾳ</span> <span class='ocrx_word' id='word_1_771' title='bbox 995 5408 1102 5462; x_wconf 85' lang='grc' dir='ltr'><strong>τῶν</strong></span> <span class='ocrx_word' id='word_1_772' title='bbox 1137 5405 1518 5478; x_wconf 81' lang='grc' dir='ltr'>ὲξητασμένων</span> <span class='ocrx_word' id='word_1_773' title='bbox 1548 5408 1802 5479; x_wconf 76' lang='grc' dir='ltr'>ἑπόμενοι</span> 
     </span>
    </p>
   </div>
   <div class='ocr_carea' id='block_1_105' title="bbox 1907 4479 3501 4557">
    <p class='ocr_par' dir='ltr' id='par_1_105' title="bbox 1907 4479 3501 4557">
     <span class='ocr_line' id='line_1_105' title="bbox 1907 4479 3501 4557; baseline 0.004 -22"><span class='ocrx_word' id='word_1_774' title='bbox 1907 4481 2139 4551; x_wconf 87' lang='lat' dir='ltr'><strong>amplius</strong></span> <span class='ocrx_word' id='word_1_775' title='bbox 2166 4479 2514 4549; x_wconf 88' lang='lat' dir='ltr'><strong>indignorum</strong></span> <span class='ocrx_word' id='word_1_776' title='bbox 2547 4479 2721 4534; x_wconf 88' lang='lat' dir='ltr'><strong>oculis</strong></span> <span class='ocrx_word' id='word_1_777' title='bbox 2754 4480 2877 4549; x_wconf 90' lang='lat' dir='ltr'><strong>capi</strong></span> <span class='ocrx_word' id='word_1_778' title='bbox 2916 4490 3115 4549; x_wconf 89' lang='lat' dir='ltr'><strong>potest.</strong></span> <span class='ocrx_word' id='word_1_779' title='bbox 3158 4483 3292 4539; x_wconf 85' lang='lat' dir='ltr'><strong>Nam</strong></span> <span class='ocrx_word' id='word_1_780' title='bbox 3330 4494 3501 4557; x_wconf 25' lang='lat' dir='ltr'><strong>tanta,</strong></span> 
     </span>
    </p>
   </div>
   <div class='ocr_carea' id='block_1_106' title="bbox 1905 4569 3482 4642">
    <p class='ocr_par' dir='ltr' id='par_1_106' title="bbox 1905 4569 3482 4642">
     <span class='ocr_line' id='line_1_106' title="bbox 1905 4569 3482 4642; baseline 0.002 -17"><span class='ocrx_word' id='word_1_781' title='bbox 1905 4577 1992 4627; x_wconf 82' lang='lat' dir='ltr'><strong>est</strong></span> <span class='ocrx_word' id='word_1_782' title='bbox 2016 4569 2320 4639; x_wconf 88' lang='lat' dir='ltr'><strong>amplitudo</strong></span> <span class='ocrx_word' id='word_1_783' title='bbox 2363 4569 2550 4640; x_wconf 74' lang='lat' dir='ltr'><strong>gloria:</strong></span> <span class='ocrx_word' id='word_1_784' title='bbox 2583 4574 2747 4638; x_wconf 91' lang='lat' dir='ltr'><strong>atque</strong></span> <span class='ocrx_word' id='word_1_785' title='bbox 2782 4571 3087 4639; x_wconf 84' lang='lat' dir='ltr'><strong>majestatis</strong></span> <span class='ocrx_word' id='word_1_786' title='bbox 3114 4573 3235 4642; x_wconf 83' lang='lat' dir='ltr'><strong>ejus</strong></span> <span class='ocrx_word' id='word_1_787' title='bbox 3256 4613 3270 4637; x_wconf 93' lang='lat'><strong>,</strong></span> <span class='ocrx_word' id='word_1_788' title='bbox 3306 4583 3365 4628; x_wconf 93' lang='lat' dir='ltr'><strong>ut</strong></span> <span class='ocrx_word' id='word_1_789' title='bbox 3398 4577 3482 4628; x_wconf 89' lang='lat' dir='ltr'><strong>vi-</strong></span> 
     </span>
    </p>
   </div>
   <div class='ocr_carea' id='block_1_107' title="bbox 1907 4661 3482 4732">
    <p class='ocr_par' dir='ltr' id='par_1_107' title="bbox 1907 4661 3482 4732">
     <span class='ocr_line' id='line_1_107' title="bbox 1907 4661 3482 4732; baseline 0.003 -14"><span class='ocrx_word' id='word_1_790' title='bbox 1907 4678 2003 4719; x_wconf 88' lang='lat' dir='ltr'><strong>sus</strong></span> <span class='ocrx_word' id='word_1_791' title='bbox 2050 4676 2237 4717; x_wconf 89' lang='lat' dir='ltr'><strong>eorum</strong></span> <span class='ocrx_word' id='word_1_792' title='bbox 2280 4669 2518 4732; x_wconf 85' lang='lat' dir='ltr'><strong>nequeat</strong></span> <span class='ocrx_word' id='word_1_793' title='bbox 2564 4661 2630 4715; x_wconf 89' lang='lat' dir='ltr'><strong>ad</strong></span> <span class='ocrx_word' id='word_1_794' title='bbox 2674 4661 2855 4731; x_wconf 88' lang='lat' dir='ltr'><strong>ipsum</strong></span> <span class='ocrx_word' id='word_1_795' title='bbox 2900 4663 3185 4720; x_wconf 77' lang='lat' dir='ltr'><strong>accedere.</strong></span> <span class='ocrx_word' id='word_1_796' title='bbox 3230 4664 3482 4722; x_wconf 79' lang='lat' dir='ltr'><strong>Profecto</strong></span> 
     </span>
    </p>
   </div>
   <div class='ocr_carea' id='block_1_108' title="bbox 1906 4752 3480 4825">
    <p class='ocr_par' dir='ltr' id='par_1_108' title="bbox 1906 4752 3480 4825">
     <span class='ocr_line' id='line_1_108' title="bbox 1906 4752 3480 4825; baseline 0.001 -17"><span class='ocrx_word' id='word_1_797' title='bbox 1906 4753 2051 4808; x_wconf 89' lang='lat' dir='ltr'><strong>enim</strong></span> <span class='ocrx_word' id='word_1_798' title='bbox 2081 4768 2205 4808; x_wconf 90' lang='lat' dir='ltr'><strong>cum</strong></span> <span class='ocrx_word' id='word_1_799' title='bbox 2252 4754 2308 4808; x_wconf 92' lang='lat' dir='ltr'><strong>in</strong></span> <span class='ocrx_word' id='word_1_800' title='bbox 2346 4752 2632 4822; x_wconf 89' lang='lat' dir='ltr'><strong>majestate</strong></span> <span class='ocrx_word' id='word_1_801' title='bbox 2667 4765 2788 4815; x_wconf 89' lang='lat' dir='ltr'><strong>sua,</strong></span> <span class='ocrx_word' id='word_1_802' title='bbox 2826 4758 2885 4805; x_wconf 91' lang='lat' dir='ltr'><strong>ut</strong></span> <span class='ocrx_word' id='word_1_803' title='bbox 2917 4752 3050 4806; x_wconf 87' lang='lat' dir='ltr'><strong>dicit</strong></span> <span class='ocrx_word' id='word_1_804' title='bbox 3084 4752 3438 4825; x_wconf 84' lang='lat' dir='ltr'><strong>Evangelium</strong></span> <span class='ocrx_word' id='word_1_805' title='bbox 3465 4796 3480 4819; x_wconf 89' lang='lat'><strong>,</strong></span> 
     </span>
    </p>
   </div>
   <div class='ocr_carea' id='block_1_109' title="bbox 1906 4842 3483 4917">
    <p class='ocr_par' dir='ltr' id='par_1_109' title="bbox 1906 4842 3483 4917">
     <span class='ocr_line' id='line_1_109' title="bbox 1906 4842 3483 4917; baseline 0.003 -18"><span class='ocrx_word' id='word_1_806' title='bbox 1906 4844 2119 4910; x_wconf 88' lang='lat' dir='ltr'><strong>veniet,</strong></span> <span class='ocrx_word' id='word_1_807' title='bbox 2170 4858 2233 4899; x_wconf 88' lang='lat' dir='ltr'><strong>ac</strong></span> <span class='ocrx_word' id='word_1_808' title='bbox 2261 4858 2454 4904; x_wconf 88' lang='lat' dir='ltr'><strong>omnes</strong></span> <span class='ocrx_word' id='word_1_809' title='bbox 2497 4842 2677 4914; x_wconf 85' lang='lat' dir='ltr'><strong>angeli</strong></span> <span class='ocrx_word' id='word_1_810' title='bbox 2713 4857 2923 4908; x_wconf 88' lang='lat' dir='ltr'><strong>secum,</strong></span> <span class='ocrx_word' id='word_1_811' title='bbox 2974 4842 3061 4897; x_wconf 83' lang='lat' dir='ltr'><strong>vix</strong></span> <span class='ocrx_word' id='word_1_812' title='bbox 3107 4843 3241 4913; x_wconf 90' lang='lat' dir='ltr'><strong>justi</strong></span> <span class='ocrx_word' id='word_1_813' title='bbox 3297 4847 3483 4917; x_wconf 88' lang='lat' dir='ltr'><strong>gloriae</strong></span> 
     </span>
    </p>
   </div>
   <div class='ocr_carea' id='block_1_110' title="bbox 1906 4933 3483 5006">
    <p class='ocr_par' dir='ltr' id='par_1_110' title="bbox 1906 4933 3483 5006">
     <span class='ocr_line' id='line_1_110' title="bbox 1906 4933 3483 5006; baseline 0.003 -15"><span class='ocrx_word' id='word_1_814' title='bbox 1906 4937 2078 5006; x_wconf 88' lang='lat' dir='ltr'><strong>ipsius</strong></span> <span class='ocrx_word' id='word_1_815' title='bbox 2108 4943 2270 4990; x_wconf 86' lang='lat' dir='ltr'><strong>erunt</strong></span> <span class='ocrx_word' id='word_1_816' title='bbox 2311 4949 2542 5005; x_wconf 89' lang='lat' dir='ltr'><strong>capaces</strong></span> <span class='ocrx_word' id='word_1_817' title='bbox 2575 4952 2587 4988; x_wconf 89' lang='lat'><strong>:</strong></span> <span class='ocrx_word' id='word_1_818' title='bbox 2622 4933 2776 5004; x_wconf 90' lang='lat' dir='ltr'><strong>impii</strong></span> <span class='ocrx_word' id='word_1_819' title='bbox 2811 4942 2992 4989; x_wconf 85' lang='lat' dir='ltr'><strong>autem</strong></span> <span class='ocrx_word' id='word_1_820' title='bbox 3048 4943 3102 4990; x_wconf 87' lang='lat' dir='ltr'><strong>et</strong></span> <span class='ocrx_word' id='word_1_821' title='bbox 3129 4933 3483 4995; x_wconf 79' lang='lat' dir='ltr'><strong>Judaizanles</strong></span> 
     </span>
    </p>
   </div>
   <div class='ocr_carea' id='block_1_111' title="bbox 1907 5026 3484 5095">
    <p class='ocr_par' dir='ltr' id='par_1_111' title="bbox 1907 5026 3484 5095">
     <span class='ocr_line' id='line_1_111' title="bbox 1907 5026 3484 5095; baseline 0.004 -15"><span class='ocrx_word' id='word_1_822' title='bbox 1907 5036 2070 5082; x_wconf 65' lang='lat' dir='ltr'><strong>tantae</strong></span> <span class='ocrx_word' id='word_1_823' title='bbox 2100 5027 2328 5082; x_wconf 80' lang='lat' dir='ltr'><strong>visionis</strong></span> <span class='ocrx_word' id='word_1_824' title='bbox 2352 5034 2606 5095; x_wconf 81' lang='lat' dir='ltr'><strong>expertes</strong></span> <span class='ocrx_word' id='word_1_825' title='bbox 2637 5033 2821 5091; x_wconf 87' lang='lat' dir='ltr'><strong>erunt,</strong></span> <span class='ocrx_word' id='word_1_826' title='bbox 2855 5034 2913 5081; x_wconf 92' lang='lat' dir='ltr'><strong>ut</strong></span> <span class='ocrx_word' id='word_1_827' title='bbox 2942 5026 3109 5083; x_wconf 87' lang='lat' dir='ltr'><strong>Isaias</strong></span> <span class='ocrx_word' id='word_1_828' title='bbox 3137 5029 3213 5082; x_wconf 88' lang='lat' dir='ltr'><strong>ait</strong></span> <span class='ocrx_word' id='word_1_829' title='bbox 3240 5048 3251 5082; x_wconf 92' lang='lat'>:</span> <span class='ocrx_word' id='word_1_830' title='bbox 3293 5049 3311 5081; x_wconf 77' lang='grc' dir='ltr'><strong>ι</strong></span> <span class='ocrx_word' id='word_1_831' title='bbox 3352 5029 3484 5085; x_wconf 89' lang='lat' dir='ltr'><strong>Tol-</strong></span> 
     </span>
    </p>
   </div>
   <div class='ocr_carea' id='block_1_112' title="bbox 1906 5117 3483 5191">
    <p class='ocr_par' dir='ltr' id='par_1_112' title="bbox 1906 5117 3483 5191">
     <span class='ocr_line' id='line_1_112' title="bbox 1906 5117 3483 5191; baseline 0.001 -18"><span class='ocrx_word' id='word_1_832' title='bbox 1906 5120 2045 5174; x_wconf 87' lang='lat' dir='ltr'><strong>latur</strong></span> <span class='ocrx_word' id='word_1_833' title='bbox 2071 5119 2291 5186; x_wconf 86' lang='lat' dir='ltr'><strong>impius.</strong></span> <span class='ocrx_word' id='word_1_834' title='bbox 2321 5132 2389 5172; x_wconf 90' lang='lat' dir='ltr'><strong>ne</strong></span> <span class='ocrx_word' id='word_1_835' title='bbox 2418 5117 2597 5173; x_wconf 87' lang='lat' dir='ltr'><strong>videat</strong></span> <span class='ocrx_word' id='word_1_836' title='bbox 2619 5118 2846 5187; x_wconf 86' lang='lat' dir='ltr'><strong>gloriam</strong></span> <span class='ocrx_word' id='word_1_837' title='bbox 2872 5118 3168 5173; x_wconf 76' lang='lat' dir='ltr'><strong>Domini“.</strong></span> <span class='ocrx_word' id='word_1_838' title='bbox 3200 5139 3218 5171; x_wconf 85' lang='grc' dir='ltr'><strong>ι</strong></span> <span class='ocrx_word' id='word_1_839' title='bbox 3249 5121 3355 5176; x_wconf 91' lang='lat' dir='ltr'><strong>Sed</strong></span> <span class='ocrx_word' id='word_1_840' title='bbox 3370 5121 3483 5191; x_wconf 90' lang='lat' dir='ltr'><strong>jam</strong></span> 
     </span>
    </p>
   </div>
   <div class='ocr_carea' id='block_1_113' title="bbox 1904 5208 3484 5277">
    <p class='ocr_par' dir='ltr' id='par_1_113' title="bbox 1904 5208 3484 5277">
     <span class='ocr_line' id='line_1_113' title="bbox 1904 5208 3484 5277; baseline 0.001 -13"><span class='ocrx_word' id='word_1_841' title='bbox 1904 5212 2072 5264; x_wconf 90' lang='lat' dir='ltr'><strong>multa</strong></span> <span class='ocrx_word' id='word_1_842' title='bbox 2104 5210 2173 5264; x_wconf 90' lang='lat' dir='ltr'><strong>de</strong></span> <span class='ocrx_word' id='word_1_843' title='bbox 2203 5210 2327 5271; x_wconf 87' lang='lat' dir='ltr'><strong>hoc.</strong></span> <span class='ocrx_word' id='word_1_844' title='bbox 2356 5223 2524 5276; x_wconf 87' lang='lat' dir='ltr'><strong>quare</strong></span> <span class='ocrx_word' id='word_1_845' title='bbox 2547 5208 2613 5262; x_wconf 90' lang='lat' dir='ltr'><strong>ad</strong></span> <span class='ocrx_word' id='word_1_846' title='bbox 2641 5208 2850 5277; x_wconf 88' lang='lat' dir='ltr'><strong>reliqua</strong></span> <span class='ocrx_word' id='word_1_847' title='bbox 2885 5218 3251 5267; x_wconf 83' lang='lat' dir='ltr'><strong>transeamus.</strong></span> <span class='ocrx_word' id='word_1_848' title='bbox 3294 5211 3484 5267; x_wconf 83' lang='lat' dir='ltr'><strong>Ambi-</strong></span> 
     </span>
    </p>
   </div>
   <div class='ocr_carea' id='block_1_114' title="bbox 1903 5298 3477 5376">
    <p class='ocr_par' dir='ltr' id='par_1_114' title="bbox 1903 5298 3477 5376">
     <span class='ocr_line' id='line_1_114' title="bbox 1903 5298 3477 5376; baseline 0.003 -21"><span class='ocrx_word' id='word_1_849' title='bbox 1903 5316 2028 5371; x_wconf 86' lang='lat' dir='ltr'><strong>gere</strong></span> <span class='ocrx_word' id='word_1_850' title='bbox 2061 5298 2308 5371; x_wconf 81' lang='lat' dir='ltr'><strong>proferto</strong></span> <span class='ocrx_word' id='word_1_851' title='bbox 2350 5300 2622 5374; x_wconf 77' lang='lat' dir='ltr'><strong>quispiam</strong></span> <span class='ocrx_word' id='word_1_852' title='bbox 2655 5301 2878 5370; x_wconf 88' lang='lat' dir='ltr'><strong>poterit,</strong></span> <span class='ocrx_word' id='word_1_853' title='bbox 2901 5302 3195 5371; x_wconf 81' lang='lat' dir='ltr'><strong>&#39;quomodo</strong></span> <span class='ocrx_word' id='word_1_854' title='bbox 3243 5302 3477 5376; x_wconf 84' lang='lat' dir='ltr'><strong>Moyses,</strong></span> 
     </span>
    </p>
   </div>
   <div class='ocr_carea' id='block_1_115' title="bbox 1907 5392 3481 5465">
    <p class='ocr_par' dir='ltr' id='par_1_115' title="bbox 1907 5392 3481 5465">
     <span class='ocr_line' id='line_1_115' title="bbox 1907 5392 3481 5465; baseline 0.001 -17"><span class='ocrx_word' id='word_1_855' title='bbox 1907 5406 2067 5465; x_wconf 87' lang='lat' dir='ltr'><strong>quem</strong></span> <span class='ocrx_word' id='word_1_856' title='bbox 2113 5402 2194 5447; x_wconf 91' lang='lat' dir='ltr'><strong>tot</strong></span> <span class='ocrx_word' id='word_1_857' title='bbox 2228 5393 2506 5463; x_wconf 89' lang='lat' dir='ltr'><strong>tantisque</strong></span> <span class='ocrx_word' id='word_1_858' title='bbox 2540 5392 2851 5448; x_wconf 90' lang='lat' dir='ltr'><strong>visionibus</strong></span> <span class='ocrx_word' id='word_1_859' title='bbox 2888 5393 3055 5450; x_wconf 87' lang='lat' dir='ltr'><strong>Deum</strong></span> <span class='ocrx_word' id='word_1_860' title='bbox 3097 5396 3304 5454; x_wconf 84' lang='lat' dir='ltr'><strong>vidisse</strong></span> <span class='ocrx_word' id='word_1_861' title='bbox 3334 5396 3481 5452; x_wconf 86' lang='lat' dir='ltr'><strong>Scri-</strong></span> 
     </span>
    </p>
   </div>
   <div class='ocr_carea' id='block_1_116' title="bbox 1980 5567 2970 5635">
    <p class='ocr_par' dir='ltr' id='par_1_116' title="bbox 1980 5567 2970 5635">
     <span class='ocr_line' id='line_1_116' title="bbox 1980 5567 2970 5635; baseline -0.005 -9"><span class='ocrx_word' id='word_1_862' title='bbox 1980 5570 2021 5603; x_wconf 72' lang='lat'><strong>&quot;’</strong></span> <span class='ocrx_word' id='word_1_863' title='bbox 2052 5567 2185 5627; x_wconf 85' lang='lat' dir='ltr'><strong>Luc.</strong></span> <span class='ocrx_word' id='word_1_864' title='bbox 2218 5585 2271 5634; x_wconf 79' lang='grc' dir='ltr'><strong>ν,</strong></span> <span class='ocrx_word' id='word_1_865' title='bbox 2311 5568 2399 5624; x_wconf 81' lang='lat'><strong>55.</strong></span> <span class='ocrx_word' id='word_1_866' title='bbox 2482 5569 2525 5601; x_wconf 80' lang='grc'><strong>⁸⁸</strong></span> <span class='ocrx_word' id='word_1_867' title='bbox 2565 5568 2667 5623; x_wconf 85' lang='lat' dir='ltr'><strong>lsa.</strong></span> <span class='ocrx_word' id='word_1_868' title='bbox 2694 5582 2843 5635; x_wconf 76' lang='lat' dir='ltr'><strong>xxvi,</strong></span> <span class='ocrx_word' id='word_1_869' title='bbox 2884 5569 2970 5623; x_wconf 79' lang='grc'><strong>10.</strong></span> 
     </span>
    </p>
   </div>
  </div>
