3800 5980
342 119 443 176 599

339 237 497 298 ptura
532 234 786 297 testatur,
837 248 1077 303 quocum
1118 236 1264 293 Deus
1311 239 1382 293 ita
1425 239 1748 311 loquebatur
1778 257 1837 303 ut
1867 253 1910 305 si

345 322 470 389 quis
493 322 729 378 amicum
754 341 931 382 (suum
962 328 1352 399 alloqueretur,
1389 342 1514 387 orat
1558 352 1727 406 nunc,
1772 357 1913 412 quas

346 429 624 484 nunquam
672 416 932 484 vidisset,
991 427 1048 473 ut
1076 421 1253 475 videat
1282 424 1346 476 σθ.
1407 423 1469 478 Et
1519 431 1793 496 quomodo
1837 433 1915 489 di-

342 503 469 557 vina
542 518 649 559 vox
717 505 880 561 modo
935 509 1129 564 annuit
1188 512 1369 565 oranti
1426 516 1571 582 quod
1626 520 1799 587 petit,
1859 532 1912 578 et

345 594 487 650 hanc
525 612 744 667 quoque
785 598 1014 668 gratiam
1048 600 1152 656 sibi
1191 601 1330 656 velle
1375 603 1628 661 conferre
1657 623 1768 663 non
1818 626 1915 666 ne-

344 703 377 755 g
414 695 434 739 t
468 706 479 741 :
529 688 689 743 modo
738 691 795 744 in
845 690 1283 760 desperationem
1323 693 1508 761 ducit,
1543 713 1666 753 cum
1702 711 1912 757 asserat

344 794 451 832 non
480 794 603 834 esse
635 781 777 836 hanc
812 782 979 836 vitam
1010 782 1291 839 hominum
1326 787 1447 858 ejus
1488 790 1590 854 r‘ei,
1626 807 1788 861 quam
1817 808 1913 863 po-

342 872 612 938 stulabat,
639 888 892 944 capacem
917 915 932 940 ,
960 885 1015 931 et
1059 877 1126 932 ad
1164 878 1305 945 haec,
1361 896 1520 951 quem
1574 884 1752 939 locum
1789 901 1912 942 esse

341 962 483 1031 apud
515 978 575 1018 se
620 962 763 1019 Deus
792 965 955 1032 dicit,
995 975 1050 1023 et
1097 984 1258 1038 quem
1291 970 1345 1024 in
1396 972 1517 1026 loco
1554 974 1811 1044 lapidem,
1858 986 1912 1032 et

339 1051 484 1120 quod
529 1053 583 1106 in
617 1053 800 1121 lapide
834 1053 1103 1119 foramen,
1145 1058 1199 1112 in
1239 1060 1384 1129 quod
1423 1061 1579 1129 jubet
1626 1065 1912 1133 pervenire

342 1143 587 1213 Moysen,
608 1145 803 1201 deinde
831 1147 1000 1202 Deum
1027 1165 1249 1205 manum
1273 1167 1428 1208 suam
1451 1154 1517 1208 ad
1542 1170 1604 1211 os
1628 1154 1911 1215 foraminis

338 1233 487 1289 illius
523 1235 827 1304 positurum
848 1277 863 1301 ,
898 1245 952 1292 et
989 1253 1111 1293 cum
1150 1242 1426 1301 transierit
1452 1284 1465 1306 ,
1500 1243 1721 1317 Moysen
1751 1248 1908 1304 invo-

335 1333 523 1379 catum
582 1342 613 1381 a
666 1326 967 1397 foramine,
1004 1334 1311 1400 posteriora
1355 1334 1475 1405 ejus
1530 1338 1623 1406 qui
1654 1339 1905 1406 vocavit,

337 1415 712 1485 inspecturum
762 1435 776 1472 :
826 1419 943 1476 haec
987 1423 1131 1478 enim
1166 1422 1452 1494 Scriptura
1500 1438 1708 1495 narrat,
1741 1439 1798 1487 et
1829 1432 1910 1489 sic

338 1507 533 1561 asserit
553 1507 721 1563 Deum
747 1524 775 1563 a
803 1509 986 1581 Moyse
1007 1524 1374 1585 perspectum,
1401 1518 1542 1575 sicut
1562 1521 1744 1576 divina
1777 1537 1908 1580 voce

331 1595 436 1650 sibi
470 1594 650 1651 fuerat
677 1598 1037 1668 promissum.

1563 127 1623 183 S.
1666 127 1994 188 GREGORII
2017 132 2305 191 NYSSENI

3480 145 3579 200 ιοο

1995 249 2131 321 πρὸς
2158 250 2253 320 τὴν
2284 248 2538 302 ὑπόνοιαν
2562 249 2659 320 τῆς
2681 250 2810 321 περὶ
2833 249 2922 303 τὸν
2946 250 3107 302 τόπον
3130 250 3314 305 τοῦτον
3336 251 3566 324 θεωρίας

1996 339 2322 410 ὴνέχθημεν.
2364 340 2488 393 Ἐπὶ
2532 340 2590 393 δέ
2656 341 2717 392 τὸ
2772 341 3127 411 προκείμενον
3166 342 3567 414 ἐπανέλθωμεν.

1996 433 2123 497 Πῶς
2152 434 2181 486 ό
2205 432 2496 494 τοσαύταις
2533 432 2870 502 θεοφανείαις
2904 434 3149 504 ἐναργῶς
3174 436 3304 506 ὁρᾷν
3325 435 3418 488 τὸν
3440 435 3571 488 Θεὸν

2000 522 2149 592 παρὰ
2181 524 2279 593 τῆς
2308 522 2458 586 θείας
2489 523 2672 592 φωνῆς
2700 523 3139 595 μαρτυρούμενος
3163 525 3241 596 (ἐν
3270 521 3352 589 οἷς
3385 543 3567 595 φησιν,

1996 614 2078 668 ὃτι
2107 612 2335 677 ἐνώπιος
2364 613 2601 685 ἐνωπίῳ,
2632 615 2708 678 ὡς
2727 616 2792 670 ἀν
2816 632 2898 678 τις
2923 615 3127 688 λαλήσῃ
3155 617 3295 688 πρὸς
3327 617 3421 671 τὸν
3449 620 3573 672 ἐαυ-

1995 703 2091 758 τοῦ
2118 705 2315 775 φίλον),
2341 708 2400 759 ἐν
2431 706 2641 769 τούτοις
2667 706 2977 776 γενόμενος,
3002 707 3078 771 ὡς
3109 708 3274 778 μήπω
3298 707 3476 776 τυχὼν
3500 700 3572 761 ὧν

1996 794 2352 865 τετυχηκέναι
2379 794 2466 848 διὰ
2485 796 2582 866 τῆς
2608 796 2890 867 Γραφικῆς
2914 798 3217 869 μαρτυρίας
3238 798 3570 865 πιστεύεται,

1972 885 2167 938 ’δεῖται
2204 885 2297 939 τοῦ
2344 885 2478 939 Θεοῦ
2516 887 2750 956 φανῆναι
2796 889 2975 959 αὐτῷ,
3018 890 3095 953 ὡς
3130 890 3223 943 τοῦ
3263 892 3351 944 ἀεὶ
3386 908 3576 960 φαινο-

2002 976 2162 1047 μένου
2188 974 2410 1046 μηδέπω
2432 977 2718 1047 όφθέντος;
2743 979 2851 1033 Καὶ
2874 983 2907 1051 ή
2935 980 3140 1035 ἄνωθεν
3165 982 3336 1053 φωνὴ,
3359 982 3456 1037 νῦν
3477 983 3576 1054 μὲν

1999 1066 2066 1139 τῇ
2095 1067 2356 1138 ἐπιθυμίᾳ
2386 1068 2479 1122 τοῦ
2509 1070 2783 1134 αἰτοῦντος
2813 1071 3137 1134 συντίθεται,
3156 1074 3251 1126 καὶ
3280 1074 3377 1144 τὴν
3405 1091 3576 1145 προσ-

1999 1157 2174 1230 θήκην
2212 1159 2360 1230 αύτῷ
2405 1164 2506 1231 τῆς
2551 1162 2770 1231 χάριτος
2820 1161 3025 1231 ταύτης
3061 1163 3160 1216 οὐκ
3198 1164 3573 1218 ἀπαναίνεται.

1998 1250 2170 1304 Πάλιν
2196 1251 2251 1304 δὲ
2301 1254 2380 1315 εἰς
2421 1252 2765 1323 άπελπισμδν
2791 1236 2933 1321 ἀγει,
2976 1254 3044 1307 δι’
3081 1247 3156 1308 ὧν
3194 1256 3576 1325 ἀποφαίνεται,

1998 1341 2280 1415 ἀχώρητον
2301 1339 2439 1398 εἶναι
2466 1347 2532 1415 τῇ
2553 1345 2660 1398 τῶν
2680 1345 2979 1416 ἀνθρώπων
3002 1347 3112 1419 ζωῇ
3132 1350 3193 1401 τὸ
3215 1350 3341 1417 παρ’
3370 1350 3577 1403 ἐκείνου

1997 1433 2346 1506 ζητούμενον.
2384 1436 2544 1491 Ἀλλά
2566 1454 2686 1490 τινα
2710 1439 2871 1491 τόπον
2892 1436 3034 1493 εἶναι
3060 1441 3189 1510 παρ’
3215 1440 3392 1512 ἐαυτῷ
3413 1459 3581 1512 φησιν

1996 1522 2027 1574 6
2058 1522 2209 1589 Θεοῖς,
2248 1524 2344 1579 καὶ
2372 1526 2429 1578 ἐν
2457 1525 2534 1596 τῷ
2561 1526 2709 1597 τόπῳ
2731 1525 2957 1597 πέτραν,
3001 1528 3096 1582 καλ¹
3128 1528 3267 1600 ὀπὴν
3295 1532 3351 1583 ἐν
3380 1532 3445 1601 τῇ
3476 1531 3579 1584 πέ-

1925 1580 1967 1635 B
1995 1614 2122 1684 τ’ρᾳ,
2307 1580 2517 1669 κελεύει
2540 1580 2783 1685 γίνεσθαι
2808 1580 2899 1671 τθν

326 1688 436 1740 λεῖν
467 1689 557 1742 τὸν
604 1689 735 1742 Θεὸν
782 1690 879 1759 τὴν
911 1695 1068 1765 χεῖρα
1108 1692 1187 1764 τῷ
1220 1695 1424 1765 στομίῳ
1468 1696 1569 1767 τῆς
1611 1698 1746 1769 όπῆς
1795 1697 1902 1764 ἔξω
1947 1703 2257 1774 γενόμενον,
2291 1703 2360 1756 τὰ
2403 1690 2626 1757 ὖπισθεν
2658 1704 2786 1758 ίδεῖν
2813 1705 2909 1759 τοῦ
2956 1707 3304 1775 καλέσαντος,
3340 1713 3434 1764 καὶ
3479 1711 3576 1765 οὖ-

324 1797 430 1844 τως
456 1781 659 1835 ἐκεῖνον
679 1780 772 1834 τὸν
803 1783 1132 1854 ζητούμενον
1170 1786 1295 1839 ίδεῖν
1328 1787 1496 1869 δόξαι,
1525 1789 1623 1860 τῆς
1652 1807 1713 1843 τε
1748 1786 1897 1854 θείας
1930 1793 2114 1864 φωνῆς
2138 1794 2346 1862 ἀψευδῆ
2373 1793 2472 1864 τὴν
2501 1795 2831 1864 ἐπαγγελίαν
2863 1799 3138 1869 γενέσθαι.

391 1885 518 1942 Haec
567 1885 748 1940 omnia
809 1885 857 1940 si
914 1882 1040 1953 quis
1088 1866 1409 1938 secundum.
1442 1882 1679 1937 litteram
1721 1880 1897 1937 solum

323 1977 668 2040 consideret,
721 1992 832 2031 non
879 1976 1150 2032 obscurus
1199 1975 1468 2029 duntaxat
1531 1972 1900 2042 quaerentibus

323 2085 520 2126 sensus
545 2069 657 2133 flet,
687 2083 879 2124 verum
915 2068 1079 2123 etiam
1108 2081 1214 2121 non
1244 2072 1422 2120 rectas
1448 2064 1517 2119 de
1546 2062 1659 2119 Deo
1679 2076 1901 2136 genera-

323 2162 399 2215 bit
441 2161 769 2230 opiniones;
820 2159 937 2215 sola
967 2158 1112 2214 enim
1164 2156 1397 2228 figurata
1444 2154 1689 2210 anterius
1737 2163 1899 2223 atque

323 2253 597 2323 posterius
630 2251 852 2313 habent,
880 2251 1061 2307 omnis
1093 2265 1226 2306 vero
1254 2250 1450 2319 ﬁgura,
1495 2248 1746 2318 corporis
1788 2254 1901 2302 ter-

323 2346 505 2399 minus
526 2351 634 2399 est.
664 2342 846 2410 Quare
886 2342 980 2412 qui
1021 2341 1247 2419 figuram
1291 2340 1404 2395 Deo
1441 2339 1656 2400 tribuit.
1696 2353 1899 2408 corpus

322 2433 501 2503 ipsum
555 2439 956 2502 consequenter
995 2430 1207 2500 putabit
1245 2444 1489 2499 :corpus
1519 2435 1701 2484 autem
1741 2442 1901 2483 omne

324 2527 692 2597 compositum
725 2534 808 2580 est
837 2544 849 2579 :
881 2525 1246 2593 compositura
1270 2538 1435 2593 porro
1458 2523 1797 2597 diversorum
1839 2536 1903 2578 ac

321 2618 691 2673 ditl‘ercntium
723 2632 998 2672 concursu
1045 2616 1422 2671 constituitur.
1455 2614 1728 2686 Quidquid
1770 2630 1903 2671 vero

322 2711 403 2765 sic
443 2710 804 2765 constitutum
835 2712 942 2767 e‘st.
981 2707 1366 2763 indissolubile
1414 2721 1527 2762 non
1564 2715 1693 2763 est:
1726 2707 1902 2779 quod-

321 2813 431 2866 que
475 2797 819 2859 dissolvitur,
868 2797 922 2851 id
960 2796 1335 2866 corrumpitur
1366 2814 1382 2850 :
1410 2796 1704 2853 dissolutio
1755 2796 1897 2852 enim

325 2886 611 2954 corruptio
636 2887 926 2955 compositi
960 2895 1065 2941 est.
1098 2885 1246 2952 Quas
1275 2887 1345 2941 ob
1374 2902 1463 2942 res
1491 2888 1535 2942 si
1568 2889 1692 2956 quis
1717 2896 1902 2957 poste-

323 2980 442 3034 rius
475 2977 570 3033 Dei
600 2978 900 3034 secundum
932 2978 1170 3033 litteram
1211 2980 1412 3049 capiet,
1455 2981 1508 3034 in
1562 2980 1665 3034 hoc
1709 2981 1904 3035 incon-

322 3073 552 3128 veniens
582 3077 982 3140 consequenter
1002 3069 1321 3125 deducetur.
1353 3068 1490 3125 Nam
1518 3077 1642 3126 ante
1672 3085 1736 3126 ac
1760 3081 1902 3127 retro

2064 1883 2251 1938 Ταῦτα
2276 1885 2383 1956 γὰρ
2415 1887 2469 1940 ετ
2498 1904 2584 1950 τις
2613 1889 2754 1942 κατά
2779 1890 2841 1944 τὸ
2871 1891 3109 1963 γράμμα
3139 1891 3345 1962 βλέποι,
3376 1893 3440 1946 ού
3477 1895 3576 1964 p.6-

1994 1992 2083 2028 vov
2104 1974 2318 2046 ἀσαφὴς
2359 1978 2472 2040 τοῖς
2500 1977 2752 2048 ζητοῦσίν
2786 1983 2931 2035 ἐστιν
2967 1983 3000 2053 ή
3030 1983 3254 2049 διάνοια,
3297 1985 3412 2038 ἀλλ’
3453 1985 3575 2039 οὐδὲ

1995 2065 2321 2134 καθαρεύσει
2371 2067 2468 2138 τῆς
2513 2068 2961 2140 ἀπεμφαινούσης
3011 2071 3139 2142 περὶ
3187 2072 3321 2126 Θεοῦ
3370 2072 3576 2144 ὑπολή-

1992 2152 2157 2222 ψεως.
2204 2154 2396 2208 Μόνων
2426 2155 2536 2228 γὰρ
2565 2156 2672 2211 τῶν
2720 2159 2778 2211 ἐν
2805 2160 3044 2229 σχήματι
3073 2159 3484 2232 θεωρουμένων,
3512 2161 3578 2215 τὸ

1996 2243 2094 2314 μὲν
2122 2245 2472 2316 ἐμπρόσθιον,
2502 2246 2562 2301 τὸ
2591 2249 2668 2309 δέ,
2704 2248 2975 2303 όπίσθιονσ
3007 2252 3114 2304 πᾶν
3142 2252 3199 2303 δὲ
3226 2255 3433 2323 σχῆμα,
3469 2252 3577 2306 σώ-

1997 2351 2165 2404 ματος
2210 2336 2384 2406 πέρας
2426 2338 2591 2393 ἐστίν.
2628 2339 2789 2393 Ὥστε
2827 2342 2856 2394 ὁ
2903 2341 3092 2411 σχῆμα
3140 2344 3268 2413 περὶ
3313 2343 3404 2398 τὸν
3441 2344 3575 2400 Θεὸν

1992 2424 2207 2491 ἐννοῶν,
2242 2426 2363 2480 οὐδέ
2392 2427 2492 2496 τῆς
2529 2430 2847 2499 σωματικῆς
2884 2429 3098 2500 φύσεως
3126 2433 3452 2503 καθαρεύειν
3478 2436 3577 2488 αὐ-

1989 2516 2080 2569 τὸν
2108 2517 2440 2588 οίηθήσεται.
2476 2521 2589 2574 Πᾶν
2612 2521 2670 2575 δὲ
2697 2522 2858 2591 σῶμα
2906 2522 3157 2577 σύνθετόν
3190 2525 3306 2577 ἐστι
3332 2525 3575 2590 πάντως·

1990 2606 2051 2659 τδ
2067 2608 2122 2661 δὲ
2154 2608 2406 2663 σύνθετον
2431 2610 2495 2664 ἐκ
2512 2612 2612 2681 τῆς
2636 2612 2746 2666 τῶν
2774 2615 3102 2685 ἑτερογενῶν
3128 2616 3434 2687 συνδρομῆς
3462 2617 3577 2688 ἔχει

1993 2698 2089 2770 τὴν
2126 2700 2405 2754 σύστασιν.
2439 2703 2513 2756 Τὸ
2539 2704 2597 2757 δὲ
2642 2704 3040 2776 συντιθέμενον,
3067 2708 3167 2760 οὐκ
3199 2709 3264 2762 ἄν
3292 2727 3375 2773 τις
3416 2711 3575 2764 ἀδιά-

1990 2789 2149 2844 λυτον
2180 2789 2319 2846 εἶναι
2353 2794 2517 2848 εἴποι.
2546 2796 2618 2848 Τὸ
2645 2796 2702 2849 δὲ
2733 2796 3103 2868 διαλυόμενον,
3133 2798 3407 2871 ἄφθαρτον
3431 2798 3577 2855 εἶναι

1952 2881 2048 2963 σοὺ
2094 2881 2333 2938 δύναται.
2380 2885 2560 2958 Φθορά
2599 2887 2706 2957 γὰρ
2751 2890 2784 2959 ή
2821 2890 3064 2954 διάλυσις
3105 2892 3197 2945 τοῦ
3240 2895 3578 2959 συνεστῶτός

1990 2971 2158 3027 ἐστιν.
2180 2972 2242 3027 Εἰ
2264 2970 2356 3028 οὖν
2378 2992 2463 3039 τις
2480 2976 2541 3028 τὸ
2556 2977 2801 3031 όπίσθιον
2817 2979 2909 3032 τοῦ
2933 2980 3068 3033 Θεοῦ
3095 2982 3236 3036 κατὰ
3256 2983 3317 3036 τὸ
3335 2986 3576 3055 γράμμα

1990 3062 2259 3132 νοήσειεν,
2291 3065 2371 3128 εἰς
2399 3065 2604 3134 ταύτην
2634 3067 2732 3139 τὴν
2768 3070 2999 3123 ἀτοπίαν
3036 3074 3100 3124 ἐκ
3127 3073 3227 3141 τῆς
3252 3074 3576 3141 ἀκολουθίας

324 3167 379 3218 in
433 3164 625 3234 ﬁgura,
666 3162 835 3234 ﬁgura
880 3177 1011 3217 vero
1056 3162 1113 3216 in
1165 3176 1417 3233 corpore,
1457 3176 1659 3232 corpus
1706 3170 1901 3219 natura

2001 3154 2107 3207 κατ’
2152 3154 2397 3227 ἀνάγκην
2433 3156 2830 3228 ἀπαχθήσεται.
2868 3160 2941 3213 Τὸ
2982 3162 3092 3232 γὰρ
3132 3164 3461 3235 ἐμπρόσθιόν
3507 3184 3575 3220 τε

323 3256 670 3322 dissolubile,
720 3254 1045 3310 dissolubile
1093 3263 1277 3309 autem
1324 3255 1740 3326 incorruptibile
1779 3272 1902 3314 esse

324 3363 433 3402 non
474 3356 674 3419 potest.
709 3345 801 3402 Sic
842 3348 937 3418 qui
977 3346 1205 3402 omnino
1234 3347 1428 3403 litterae
1478 3348 1669 3415 servit,
1717 3363 1900 3404 rerum

322 3442 567 3510 ipsarum
619 3440 1012 3509 consequentia
1064 3438 1481 3509 corruptibilem
1542 3453 1665 3495 esse
1730 3438 1897 3495 Deum

322 3534 533 3604 opinari
563 3533 935 3604 compellitur.
972 3531 1069 3588 Est
1112 3538 1296 3587 autem
1332 3530 1474 3588 Deus
1502 3530 1898 3602 incorruptibi-

320 3627 388 3679 lis
441 3626 666 3681 omnino
718 3633 884 3696 atque
930 3623 1282 3680 immortalis.
1339 3622 1445 3679 Sed
1506 3623 1629 3693 quis
1680 3623 1897 3678 tandem

322 3718 406 3772 his
439 3732 561 3787 quae
600 3717 802 3786 scripta
834 3723 966 3773 sunt
991 3717 1193 3783 poterit
1233 3714 1481 3784 adaptari
1517 3729 1737 3781 sensus,
1770 3727 1901 3784 prte-

319 3816 403 3861 ter
439 3822 563 3861 eum
608 3807 700 3876 qui
743 3807 923 3876 prima
982 3805 1160 3860 fronte
1194 3805 1261 3858 ad
1318 3804 1555 3859 litteram
1605 3802 1896 3868 exponenti

319 3897 600 3951 occurrit?
656 3895 811 3961 Quod
861 3896 908 3951 si
943 3895 1049 3950 hac
1094 3896 1148 3950 in
1193 3904 1350 3965 parte
1406 3896 1680 3962 altiorem,
1732 3909 1897 3966 quam

318 3988 498 4041 littera
556 3986 800 4057 patitur,
855 4000 1078 4042 sensum
1139 4000 1384 4056 quaerere
1439 3987 1720 4057 cogimur,
1773 3985 1899 4055 quis

320 4077 557 4132 alienum
599 4092 723 4133 esse
763 4091 794 4131 a
826 4075 1113 4147 Scriptura
1159 4076 1325 4139 dicet,
1376 4077 1421 4132 si
1456 4076 1526 4132 ad
1557 4076 1896 4148 spiritualem

317 4181 541 4225 sensum
578 4175 747 4223 totam
796 4166 1151 4223 reducimus?
1195 4180 1322 4221 nam
1366 4182 1492 4222 cum
1548 4181 1777 4223 necesse
1825 4166 1899 4223 sit

1992 3241 2085 3294 καὶ
2126 3242 2392 3304 όπίσθιον.
2432 3247 2491 3299 ἐν
2520 3249 2763 3317 σχήματι
2808 3252 3056 3315 πάντως*
3091 3253 3153 3306 τὸ
3180 3254 3236 3307 δέ
3276 3256 3479 3325 σχῆμα,
3511 3259 3577 3312 ἐν

1994 3332 2224 3405 σώματι.
2269 3336 2439 3390 Τοῦτο
2461 3338 2516 3391 δὲ
2559 3339 2826 3405 διαλυθὲν,
2860 3342 3107 3398 διαλυτὸν
3135 3346 3274 3399 κατά
3309 3346 3406 3417 τὴν
3432 3348 3576 3403 ἰδίαν

1993 3424 2153 3493 φύσιν
2178 3427 2313 3481 ἐστί.
2338 3430 2593 3486 Διαλυτὸν
2609 3432 2715 3501 γὰρ
2737 3433 2880 3488 ἅπαν
2903 3436 2963 3488 τὸ
2993 3435 3242 3490 σύνθετον
3261 3455 3273 3467 ·
3291 3438 3350 3492 τὸ
3372 3438 3429 3492 δὲ
3452 3439 3574 3493 δια-

1992 3515 2272 3587 λυόμενον,
2325 3519 2599 3592 ἄφθαρτον
2651 3518 2792 3578 εἴναι
2843 3526 2904 3578 ού
2957 3526 3197 3582 δύναται.
3237 3531 3379 3601 ’Ἄρα
3422 3532 3453 3584 ό
3490 3531 3574 3603 τῷ

1992 3604 2288 3681 γράμματι
2307 3612 2594 3679 δουλεύων,
2629 3614 2837 3687 φθορὰν
2861 3616 2948 3671 διὰ
2977 3618 3078 3689 τῆς
3115 3620 3437 3686 ἀκολουθίας
3458 3624 3571 3678 τῶν

1999 3702 2273 3771 νοημάτων
2287 3704 2438 3776 παρά
2459 3706 2550 3759 τὸν
2568 3705 2700 3759 Θεὸν
2721 3707 3042 3775 ἐννοήσειεν.
3062 3708 3219 3764 Ἀλλὰ
3239 3711 3342 3783 μὴν
3358 3713 3571 3785 ἄφθαρ-

1989 3807 2079 3854 τος
2100 3793 2129 3845 6
2155 3792 2285 3856 Θεὸς
2311 3795 2405 3847 καὶ
2425 3795 2735 3867 ἀσώματος.
2771 3798 2932 3851 Ἀλλά
2952 3800 3035 3863 τίς
3060 3797 3169 3873 ἆρα
3189 3805 3301 3866 τοῖς
3326 3821 3571 3877 γεγραμ-

1994 3883 2174 3951 μένοις
2226 3884 2525 3959 ἐφαρμόσει
2579 3889 2787 3946 διάνοια
2840 3891 2994 3963 παρά
3044 3893 3106 3947 τὸ
3160 3895 3225 3948 ἐκ
3274 3898 3567 3968 προχείρου

1989 3972 2309 4043 νοούμενον;
2346 3977 2395 4029 εί
2426 3977 2482 4031 δὲ
2514 3979 2670 4035 τοῦτο
2693 3983 2755 4035 τὺ
2790 3983 2954 4054 μέρος
2980 3984 3088 4037 τῶν
3121 3985 3179 4038 ἐν
3207 3989 3271 4057 τῇ
3321 3990 3570 4061 συμφρά-

1989 4079 2071 4116 σει
2106 4065 2199 4118 τοῦ
2231 4065 2391 4134 λόγου
2434 4072 2859 4142 γεγραμμένων,
2890 4075 3086 4147 ἑτέραν
3134 4078 3280 4148 ἡμᾶς
3322 4078 3568 4152 ἐξευρεῖν

1988 4153 2285 4242 ἀναγκάζει
2326 4157 2592 4214 διάνοιαν’
2630 4165 2897 4235 προσήκει
2935 4165 3151 4231 πάντως
3186 4169 3436 4242 καὶπερὶ
3468 4172 3565 4225 τοῦ

317 4266 506 4329 partes
541 4259 756 4330 aliquas
787 4258 1153 4330 spiritualiter
1176 4257 1514 4330 lintelligere,
1547 4266 1723 4314 totum
1758 4273 1897 4331 quo-

2001 4241 2105 4295 ἱλου
2135 4243 2196 4296 τὸ
2226 4242 2340 4298 ἴσον
2378 4246 2720 4304 διανοεῖσθαι.
2753 4250 2878 4305 υἷον
2914 4251 3025 4325 γὰρ
3054 4256 3112 4307 ἐν
3138 4256 3216 4326 τῷ
3252 4241 3406 4328 μέρει
3437 4261 3565 4331 νοή-

318 4366 425 4421 que
466 4367 693 4407 necesse
737 4359 799 4406 ut
835 4358 889 4408 et
941 4352 1117 4423 possit
1162 4360 1216 4407 et
1260 4351 1452 4407 debeat
1502 4351 1666 4407 sicuti
1713 4358 1896 4422 partes

2001 4349 2172 4403 τομεν,
2224 4338 2465 4393 τοιοῦτον
2510 4340 2724 4412 ἀνάγκῃ
2779 4343 2874 4396 καὶ
2918 4344 2980 4397 τὸ
3028 4346 3147 4399 ὅλον
3189 4347 3563 4421 λαμϐάνομεν.

318 4443 549 4512 intelligi
576 4462 588 4496 :
626 4450 711 4498 est
736 4443 881 4499 enim
921 4451 1094 4499 totum
1139 4459 1208 4500 ex
1239 4443 1489 4513 partibus
1522 4461 1538 4498 :
1568 4458 1739 4513 quare
1773 4458 1897 4513 par-

2001 4424 2192 4480 beoi’iv
2220 4427 2313 4481 ml.
2336 4431 2365 4482 6
2382 4431 2545 4495 τόπος
2566 4433 2593 4485 6
2621 4434 2769 4503 παρά
2789 4434 2867 4505 τῷ
2896 4434 3034 4505 Θεῷ,
3060 4438 3153 4491 καὶ
3173 4441 3204 4508 ἡ
3228 4440 3284 4493 ἐν
3306 4440 3387 4510 τῷ
3412 4443 3564 4514 τόπῳ

319 4534 457 4587 tium
504 4511 774 4587 inaturam
828 4533 1006 4603 sapiat
1062 4511 1289 4590 necesse
1346 4541 1448 4588 est.
1509 4511 1684 4590 Locus
1729 4511 1897 4604 igitur

2001 4513 2179 4587 τέτρα,
2216 4519 2309 4571 καὶ
2344 4518 2406 4572 τὸ
2438 4522 2495 4574 ἐν
2537 4521 2708 4603 ταύτῃ
2747 4523 3001 4597 χώρημα,
3036 4527 3173 4599 ὅπερ
3214 4529 3321 4602 ὀπὴ
3362 4511 3562 4604 όνομάξ

318 4620 463 4691 apud
487 4619 678 4686 Deum,
716 4628 767 4676 et
807 4621 949 4692 lapis
983 4622 1038 4677 in
1076 4623 1218 4687 loco,
1260 4622 1391 4678 etin
1428 4621 1609 4692 lapide
1644 4623 1890 4693 quaedam

317 4713 620 4783 rapacitas,
656 4727 816 4782 quam
857 4711 1101 4770 foramen
1136 4714 1469 4785 appellavit:
1503 4714 1893 4785 ingressusque

319 4803 491 4876 Moysi
522 4804 588 4859 ad
614 4804 773 4870 illud,
805 4805 1080 4874 impositio
1108 4821 1330 4877 quoque
1356 4821 1553 4862 manus
1590 4805 1680 4862 Dei
1708 4807 1762 4862 in
1798 4824 1893 4865 ore

321 4896 627 4960 foraminis,
672 4904 727 4951 et
758 4897 1129 4966 transgressio
1162 4898 1303 4968 ejus,
1337 4904 1393 4953 et
1419 4897 1655 4965 vocatio,
1694 4914 1759 4954 ac
1793 4900 1890 4954 de-

321 4987 486 5055 nique
514 4986 878 5055 posteriorum
929 4988 1160 5056 partium
1199 4988 1521 5058 aspectatio,
1537 4988 1606 5044 ad
1631 4989 1799 5045 altius
1837 4998 1889 5046 et

317 5078 731 5135 convenientius
783 5092 975 5133 norma
1026 5079 1321 5149 regulaque
1353 5080 1650 5151 anagogica
1700 5081 1781 5136 sic
1813 5097 1891 5138 re-

316 5168 567 5224 ducetur.
613 5168 1085 5235 Quemadmodum
1127 5169 1293 5240 igitur
1330 5170 1514 5241 gravia
1561 5178 1618 5226 et
1654 5171 1887 5228 rotunda

316 5273 572 5327 corpora,
603 5259 649 5314 si
685 5275 716 5315 e
746 5260 1132 5316 cacuminibus
1157 5261 1426 5315 montium
1450 5261 1603 5332 lapsa
1632 5261 1887 5317 deorsum

315 5348 554 5415 fuerint,
597 5351 699 5406 etsi
751 5352 934 5409 nullus
972 5360 1162 5422 postea
1206 5353 1482 5424 impellat,
1546 5353 1664 5424 ipsa
1706 5360 1886 5408 tamen

1985 4605 2154 4670 ζεται,
2184 4610 2282 4662 καὶ
2331 4612 2365 4680 ή
2402 4612 2517 4665 ἐκεῖ
2542 4613 2636 4666 τοῦ
2684 4613 2958 4680 Μωῡσέως
3009 4619 3231 4684 εἴσοδος,
3274 4623 3366 4675 καὶ
3407 4625 3440 4693 ἠ
3469 4626 3564 4695 τῆ;

1984 4697 2130 4761 θείας
2160 4699 2341 4770 χειρὸς
2364 4703 2585 4776 ἐπιϐολὴ
2612 4704 2704 4758 τοῦ
2732 4707 2973 4778 στομίου,
3003 4712 3096 4764 καὶ
3128 4714 3160 4781 ὴ
3192 4713 3443 4782 πάροδος,
3473 4717 3568 4770 καὶ

1984 4789 2015 4858 ἡ
2053 4788 2263 4859 κλῆσις,
2300 4792 2392 4845 καὶ
2409 4791 2775 4868 μετάταῦταὴ
2796 4795 3173 4855 τῶνόπισθίων
3187 4799 3392 4875 θεωρία.
3414 4805 3567 4859 εὐλο-

1983 4879 2222 4966 γῶτερον
2256 4880 2334 4952 τῷ
2376 4882 2478 4953 τῆς
2520 4885 2813 4957 ἀναγωγῆς
2850 4889 3000 4962 νόμῳ
3037 4891 3464 4966 θεωρηθήσεται.
3498 4901 3565 4952 Τί

1982 4963 2075 5022 οὗν
2107 4969 2221 5023 ἐστι
2250 4971 2310 5024 τὸ
2351 4972 2733 5045 εἰκαζόμενον;
2761 4978 2843 5031 ὅτι
2877 4981 3127 5053 καθάπερ
3149 4963 3228 5037 τά
3263 4963 3561 5060 κατωφερῆ

1979 5060 2087 5150 τῶν
2118 5061 2404 5150 σωμάτων,
2439 5065 2494 5117 εἴ
2532 5082 2652 5120 τινα
2682 5069 2824 5122 κατὰ
2851 5071 2943 5125 τοῦ
2989 5074 3229 5145 πρανοῦς
3260 5078 3437 5150 ὁρμὴν
3462 5080 3561 5136 λά-

1980 5149 2085 5239 ϐοι,
2134 5149 2237 5204 κᾶν
2270 5153 2459 5224 μηδεὶς
2505 5156 2732 5210 ἐπωθῶν
2767 5161 2905 5229 μετὰ
2936 5162 3036 5233 τὴν
3081 5163 3303 5238 πρώτην
3336 5149 3562 5239 κίνησιν
3590 5186 3597 5191 ‘

1979 5237 2138 5330 τύχῃ,
2167 5241 2303 5295 αὐτά
2345 5242 2414 5295 δι’
2456 5244 2663 5299 ἑαυτῶν
2700 5248 2875 5303 ἐπὶτὸ
2930 5252 3191 5319 κάταντες
3235 5258 3294 5310 ἐν
3334 5237 3562 5330 σφοδρο-

1977 5328 2114 5401 τέρᾳ
2142 5335 2208 5402 τῇ
2234 5335 2375 5405 φορᾷ
2402 5334 2803 5407 συνελαύνεται,
2841 5342 2944 5409 ἕως
2975 5344 3040 5402 ἂν
3065 5347 3339 5416 ἐπικλινές
3370 5346 3427 5427 ᾖ,
3465 5328 3560 5409 καὶ

2068 5509 2112 5541 ³⁵
2150 5510 2323 5567 Exod.
2362 5528 2552 5581 xum,
2594 5516 2665 5571 20
2706 5534 2828 5589 sqq.
