3800 5980
243 210 329 266 601

1570 212 1658 265 DE
1703 211 1855 267 \‘lTA
1898 212 2171 269 MOYSIS.

3383 208 3485 262 402

244 322 489 392 ὑποκατίῃ
512 320 588 395 τῷ
617 323 877 392 σχήματι,
908 323 968 376 rb
999 326 1066 395 τῇ
1109 323 1252 394 φορᾷ
1281 323 1658 395 ὑποκείμενον,
1692 344 1799 396 μη-

1921 344 1998 382 )ρι·
2027 344 2088 383 se
2119 328 2526 383 vehementiore
2558 327 2786 397 impetu,
2836 326 2880 381 si
2913 327 3049 380 nihil
3097 324 3487 395 impedimento

240 410 372 472 δενὸς
390 411 776 481 εὑρισκομένου
798 412 891 464 τοῦ
913 411 973 478 ἐξ
998 408 1329 476 ἀντιϐάᾶεως
1355 412 1452 484 τὴν
1483 412 1657 484 ὁρμὴν
1682 413 1805 467 ἀνα-

243 504 511 569 κόπτοντος
532 519 544 532 ·
577 502 719 557 οὕτω
748 504 891 557 κατὰ
918 506 979 558 τὸ
1000 504 1235 575 ἔμπαλιν
1263 505 1461 576 ἡψυχὴ
1489 506 1585 574 τῆς
1611 506 1805 576 γηῖνης

243 594 591 664 προσπαθείας
632 595 983 661 ἀπολυθεῖσα,
1012 597 1298 667 ἀνωφερὴς
1325 614 1385 649 τε
1429 596 1522 649 καὶ
1548 596 1695 663 ὀξεῖα
1726 596 1805 664 γί-

242 702 371 738 νεται
400 685 535 756 πρὸς
581 685 680 756 τὴν
714 686 805 739 ἐπὶ
841 686 910 740 τὰ
958 687 1069 741 ἄνω
1099 687 1333 757 κίνησιν,
1369 687 1477 741 ἀπὸ
1510 688 1619 741 τῶν
1653 689 1803 743 κάτω

240 775 362 845 πρὸς
384 774 444 827 rb
477 774 610 845 ὕψος
640 777 1003 848 ἀνιπταμένη.
1046 777 1289 846 Μηδενὸς
1317 778 1371 831 δὲ
1415 778 1566 842 ὄντος
1600 777 1803 833 ἀνωθεν

238 864 320 917 τοῦ
348 866 443 936 τὴν
471 866 644 937 ὁρμὴν
673 867 1061 932 ἐπικόπτοντος
1096 869 1340 939 (ἑλκτικὴ
1370 868 1477 939 γὰρ
1509 869 1642 940 πρὸς
1678 871 1805 924 ἐαυ-

237 957 325 1027 τὴν
365 960 395 1025 ὴ
431 957 524 1010 τοῦ
557 958 721 1011 καλοῦ
754 959 918 1028 φύσις
966 960 1083 1017 ἐστὶ
1110 960 1219 1014 τῶν
1249 961 1385 1033 πρὸς
1414 961 1629 1033 ἐκείνην
1673 962 1804 1016 ἀνα-

237 1047 572 1117 ϐλεπόντων),
612 1050 699 1102 ἀεὶ
737 1050 957 1114 πάντως
999 1048 1306 1123 ὑψηλοτέρα
1347 1052 1544 1123 ἑαυτῆς
1569 1052 1799 1121 γίνεται,

234 1141 294 1210 τῇ
331 1139 435 1193 τῶν
484 1140 751 1212 οὐρανίων
798 1141 1063 1213 ἐπιθυμίᾳ
1121 1144 1643 1214 συνεπεκτεινομένη
1690 1147 1803 1209 τοῖς

235 1230 550 1301 ἔμπροσθεν,
588 1231 769 1297 καθώς
798 1250 963 1304 φησιν
1005 1235 1034 1288 ὁ
1069 1233 1412 1301 ’Δπόστολος,
1450 1236 1543 1289 καὶ
1572 1235 1803 1290 πάντοτε

233 1321 358 1392 πρὸς
383 1320 444 1373 rb
480 1321 810 1393 ὑψηλότερον
848 1323 947 1394 τὴν
974 1324 1173 1395 πτῆσιν
1217 1324 1522 1395 ποιήσεται.
1557 1325 1803 1379 Ποθοῦσα

235 1412 332 1482 γὰρ
357 1410 443 1464 διὰ
472 1412 582 1465 τῶν
612 1414 713 1485 ἥδη
767 1415 1220 1487 κατειλημμένων
1253 1415 1329 1487 μὴ
1376 1416 1697 1471 καταλιπεῖν
1741 1416 1803 1470 rb

236 1500 355 1570 ὕψος
380 1502 437 1554 rb
471 1503 886 1575 ὑπερκείμενον,
914 1507 1196 1559 ἄπαυστον
1226 1507 1460 1559 ποιεῖται
1488 1507 1588 1578 τὴν
1612 1506 1705 1560 ἐπὶ
1732 1506 1803 1560 τὰ

234 1590 334 1644 ἀνω
361 1591 554 1662 φορὰν,
586 1593 671 1645 ἀεὶ
696 1593 784 1646 διὰ
810 1592 921 1647 τῶν
960 1594 1387 1665 προηνυσμένων
1421 1595 1512 1648 τὸν
1538 1594 1674 1667 πρὸς
1702 1593 1800 1666 τὴν

235 1680 414 1749 πτῆσιν
437 1682 591 1735 τόνον
629 1683 1024 1748 ἀνανεάζουσα.
1054 1684 1208 1756 Μόνη
1242 1683 1351 1756 γὰρ
1393 1682 1569 1756 ὴκατ*
1590 1664 1803 1758 ἀρετὴν
1836 1664 1878 1718 Β

191 1804 195 1809 -
234 1771 467 1841 ἐνέργεια
501 1774 733 1845 καμάτῳ
760 1774 948 1846 τρέφει
977 1775 1075 1846 τὴν
1118 1775 1366 1846 δύναμιν,
1393 1777 1494 1830 οὑκ
1526 1776 1803 1834 ἐνδιδοῦσα

232 1860 310 1915 διὰ
335 1861 426 1915 τοῦ
471 1862 635 1935 ἔργου
672 1864 763 1918 τὸν
806 1865 980 1929 τόνον,
1014 1866 1131 1919 ἀλλ’
1171 1864 1503 1932 ἐπαύξουσα.

294 1954 387 2005 Διὰ
405 1953 565 2007 τοῦτό
585 1972 786 2026 φαμεν,
802 1956 1003 2010 καὶτὸν
1030 1956 1203 2027 μέγαν
1227 1956 1468 2010 Μωῦσέα
1488 1957 1574 2010 ἀεὶ
1593 1959 1806 2031 γινόμε-

232 2060 331 2108 νον,
362 2046 614 2116 μηδαμοῦ
655 2048 906 2101 ἵστασθαι
950 2049 1051 2118 τῆς
1093 2047 1302 2114 ἀνόδου,
1352 2048 1487 2119 μηδὲ
1523 2067 1644 2104 τινα
1681 2051 1806 2121 ὅρον

231 2136 396 2207 ἐαυτῷ
445 2138 714 2192 ποιεῖσθαι
739 2142 840 2211 τῆς
873 2139 964 2194 ἐπὶ
1009 2139 1070 2193 τὸ
1114 2138 1227 2194 ἄνω
1259 2140 1431 2212 φορᾶς
1456 2159 1468 2170 ·
1520 2140 1633 2194 ἀλλ’
1662 2141 1808 2208 ἆπαξ

232 2226 481 2280 ἐπιϐάντα
513 2229 612 2299 τῆς
644 2228 928 2300 κλίμακος,
953 2226 987 2304 ᾖ
1014 2230 1377 2301 ἐπεστήρικτο
1395 2232 1423 2283 ό
1444 2230 1595 2295 Θεὸς,
1627 2230 1809 2296 καθώς

231 2334 383 2385 φησιν
416 2318 636 2384 Ἰακὼϐ,
655 2321 826 2374 εἰσαεὶ
846 2320 943 2391 τῆς
971 2320 1373 2391 ὑπερκειμένης
1394 2319 1651 2392 βαθμίδος
1682 2323 1804 2376 ἐπι-

1908 419 2000 483 sit,
2064 435 2280 490 semper
2332 419 2677 485 deferuntur,
2735 433 3022 489 quousque
3077 416 3145 471 ad
3202 417 3481 487 planitiem

1906 507 2291 565 descenderint
2348 527 2361 562 :

1908 596 2101 661 fertur,
2133 598 2367 655 terrenis
2399 598 2649 652 absoluta
2673 595 3070 667 cupiditatibus
3106 595 3386 649 ardentior
3427 595 3481 648 in

1905 687 2022 743 dies
2077 688 2163 753 fit,
2227 688 2581 758 velociusque
2646 688 2975 759 pertransit,
3027 687 3096 741 ad
3154 686 3488 742 sublimiora

1905 795 2121 851 semper
2152 781 2548 836 conscendens.
2578 778 2713 834 Nam
2742 794 2868 834 cum
2909 778 3044 833 nihil
3075 778 3177 834 sibi
3204 778 3276 833 sit
3311 777 3483 848 impe-

1904 869 2168 935 dimento,
2222 886 2320 943 per
2372 872 2606 942 seipsam
2668 871 2733 926 ad
2786 879 3039 926 naturam
3093 870 3225 926 boni
3280 868 3481 924 fertur.

1904 960 2143 1014 Attrahit
2192 962 2337 1015 enim
2390 961 2457 1016 ad
2508 976 2567 1017 se
2623 969 2819 1015 natura
2872 961 3043 1030 ipsius
3091 959 3243 1023 boni,
3295 968 3483 1012 omnes

1903 1051 1998 1120 qui
2057 1050 2125 1106 ad
2170 1051 2605 1122 pulchritudinis
2659 1050 2778 1120 ejus
2833 1049 3020 1106 radios
3074 1051 3227 1105 sanis
3269 1049 3483 1118 possint

1904 1141 2078 1196 oculis
2126 1142 2404 1211 respicere
2447 1160 2459 1195 :
2503 1142 2577 1195 ita
2629 1141 2709 1206 fit,
2746 1150 2805 1195 ut
2855 1140 3161 1197 caelestium
3214 1138 3484 1215 desiderio

1904 1247 2118 1302 semper
2143 1231 2211 1286 ad
2246 1233 2456 1303 majora
2491 1233 2574 1304 (ut
2601 1232 2899 1303 Apostolus
2926 1231 3023 1301 ait)
3048 1237 3366 1300 consurgat,
3419 1243 3483 1282 ac

1902 1337 2114 1392 semper
2145 1322 2213 1378 ad
2245 1324 2440 1378 altiora
2484 1324 2750 1394 pervolet.
2799 1321 2934 1378 Nam
2972 1337 3097 1377 cum
3141 1337 3238 1392 per
3258 1336 3322 1376 ea
3359 1337 3487 1401 quae

1897 1413 2010 1484 jam
2045 1413 2307 1486 percepit.
2357 1415 2425 1470 ad
2466 1414 2673 1485 majora
2706 1421 2761 1470 et
2804 1415 3117 1487 perspicere
3147 1420 3201 1468 et
3238 1413 3486 1482 aspicere

1902 1504 2096 1575 possit,
2148 1505 2354 1576 majore
2397 1514 2559 1577 atque
2602 1504 2810 1574 majore
2846 1503 3116 1560 desiderio
3144 1488 3363 1573 semper
3397 1518 3487 1556 ar--

1905 1595 2018 1663 det,
2058 1609 2123 1650 at.
2166 1595 2247 1651 sic
2288 1595 2666 1651 indesinenter
2705 1610 2926 1650 sursum
2982 1594 3175 1659 fertur,
3221 1594 3309 1649 his
3360 1608 3483 1663 quae

1905 1699 2127 1758 peracta
2174 1694 2305 1743 sunt
2333 1686 2611 1743 robustior
2660 1684 2802 1740 facta
2833 1702 2846 1738 :
2881 1685 3057 1741 solum
3090 1684 3237 1739 enim
3262 1684 3483 1738 virtutis

1907 1777 2052 1833 actio
2084 1777 2260 1832 nutrit
2295 1777 2562 1839 laborem,
2597 1774 2850 1846 viresque
2886 1781 3070 1845 auget.

1977 1869 2325 1940 Quapropter
2364 1883 2596 1938 magnus
2625 1866 2715 1921 ille
2742 1865 2977 1938 Moyses,
3023 1880 3146 1921 cum
3186 1863 3352 1920 semel
3392 1877 3487 1933 per

1907 1961 2113 2017 scalam
2161 1960 2216 2014 in
2250 1973 2359 2029 qua
2391 1957 2533 2014 Deus
2577 1958 2800 2015 innixus
2844 1964 2984 2023 erat,
3022 1966 3082 2011 ut
3125 1955 3295 2010 Jacob
3328 1955 3483 2019 dicit,

1908 2050 2206 2108 ascendere
2255 2048 2556 2120 cmpisset,
2619 2064 2897 2120 nunquam
2957 2049 3138 2115 stetit,
3203 2059 3485 2116 nunquam

1908 2141 2203 2197 terminum
2251 2151 2429 2197 motus
2462 2143 2633 2205 novit,
2688 2140 2784 2196 sed
2834 2155 3052 2210 semper
3098 2138 3167 2194 de
3213 2136 3385 2210 gradu
3430 2136 3485 2190 in

1911 2230 2139 2303 gradum
2197 2229 2546 2295 ascendebat,
2608 2246 2711 2287 nec
2762 2228 2908 2285 enim
2962 2230 3194 2285 deiicere
3249 2240 3485 2299 unquam

1913 2331 2092 2393 potest
2131 2323 2292 2377 altior
2318 2323 2542 2394 gradus.

230 2407 443 2474 ϐαίνειν,
484 2411 581 2465 καὶ
607 2411 873 2482 μηδέποτε
901 2412 1202 2483 ὑψούμενον
1230 2412 1499 2468 παύεσθαι
1524 2413 1611 2469 διὰ
1643 2414 1705 2467 rb
1732 2414 1961 2469 πάντοτε
2000 2413 2272 2487 εὑρίσκειν
2296 2416 2395 2485 τῆς
2415 2413 2854 2486 κατειλημμένης
2885 2416 2943 2468 ἐν
2972 2412 3049 2483 τῷ
3080 2413 3205 2483 ὕψει
3234 2411 3488 2483 βαθμίδος

230 2502 283 2555 τὸ
309 2504 724 2576 ὑπερκείμενον.

305 2599 575 2670 Ἀρνεῖται
615 2599 712 2672 τὴν
764 2600 899 2672 πρὸς
924 2600 1022 2672 τὴν
1057 2601 1303 2673 βασιλίδα
1357 2604 1463 2658 τῶν
1493 2605 1805 2674 Αἰγυπτίων

231 2691 670 2763 κατεψευσμένην
726 2694 1047 2763 συγγένειαν
1082 2712 1096 2725 ·
1157 2694 1369 2760 ἔκδικος
1435 2697 1645 2764 γίνεται
1711 2697 1807 2752 τοῦ

241 2783 484 2855 Ἐϐραίου
508 2802 522 2815 ·
562 2786 949 2856 μετανίσταται
982 2786 1122 2858 πρὸς
1149 2787 1247 2858 τὴν
1276 2788 1482 2858 ἔρημον
1513 2787 1805 2859 διαγωγὴν,

228 2874 290 2946 ἣν
313 2878 341 2929 ὁ
365 2875 708 2948 ἀνθρώπινος
740 2878 840 2931 οὐκ
865 2878 1092 2949 ἐτάραξε
1124 2878 1263 2949 βίος⁶
1295 2866 1572 2950 ποιμαίνει
1594 2881 1652 2933 ἐν
1681 2881 1809 2934 ἐαυ-

226 2965 299 3036 τῷ
326 2966 423 3038 τὴν
452 2967 568 3021 τῶν
619 2968 840 3040 ἡμέρων
874 2969 1028 3033 ζώων
1078 2968 1278 3040 ἀγέλην
1299 2987 1313 3001 ⁸
1365 2971 1467 3041 6ρᾷ
1497 2971 1590 3022 τοὖ
1633 2970 1808 3038 φωτὸς
1835 3017 1875 3041 ,π

132 3106 137 3111 ,
228 3026 319 3129 τήν
340 3026 697 3130 λαμπηδόνα·
728 3026 908 3131 ἀϐαρῖ]
938 3026 1171 3112 ποιεῖται
1201 3026 1301 3131 rip:
1503 3060 1561 3114 rb
1580 3026 1693 3129 tpt'b;
1721 3026 1808 3115 iv:
1834 3026 1876 3075 υ

225 3148 357 3213 οδον,
384 3154 452 3222 τῇ
484 3150 828 3222 περιαιρέσει
855 3149 946 3203 τοῦ
970 3151 1332 3222 ὑποδήματος·
1356 3150 1648 3222 ἐξαιρεῖται
1672 3151 1807 3222 πρὸς

227 3238 539 3312 ἐλευθερίαν
580 3240 641 3293 rb
678 3241 938 3309 συγγενὲς
983 3241 1077 3294 καὶ
1122 3238 1425 3310 ὁμόφυλον·
1479 3238 1806 3310 ὑποϐρύχιον

229 3326 407 3398 βλέπει
427 3330 525 3385 τὸν
562 3329 756 3402 ἐχθρὸν
782 3330 923 3384 κατά
947 3330 1342 3402 τῶν’κυμάτων
1372 3330 1650 3401 δυόμενον.
1668 3330 1806 3383 Ὑπὸ

227 3420 321 3492 τὴν
339 3423 574 3493 νεφέλην
602 3421 880 3485 αὐλίζεται
899 3437 913 3452 ·
939 3424 1005 3493 τῇ
1032 3421 1208 3493 πέτρᾳ
1234 3421 1525 3494 θεραπεύει
1552 3421 1614 3473 rb
1636 3419 1805 3490 δίψος·

227 3513 301 3583 τῷ
328 3512 547 3584 οὖρανῷ
571 3516 810 3584 γεωργεῖ
833 3514 926 3567 τὸν
961 3513 1146 3584 ἄρτον.
1190 3509 1323 3567 Εἶτα
1360 3514 1426 3585 τῇ
1457 3513 1673 3568 ἐκτάσει
1702 3513 1809 3566 τῶν

228 3601 418 3672 χειρῶν
474 3592 910 3671 καταγωνίζεται
955 3601 1045 3656 τὸν
1100 3601 1395 3670 ἀλλόφυλον
1422 3617 1436 3632 ·
1471 3600 1659 3654 ἀκούει
1712 3601 1810 3672 τῆς

229 3689 526 3760 σάλπιγγος
549 3708 563 3721 ·
592 3682 686 3745 τὸν
713 3692 911 3761 γνόφον
939 3692 1235 3763 ὑπέρχεται
1257 3705 1271 3720 ·
1302 3693 1394 3745 ἐπὶ
1425 3691 1495 3744 τὰ
1522 3692 1688 3745 ἄδυτα
1713 3692 1811 3763 τῆς

229 3782 646 3855 ἀχειροποιήτω
701 3786 904 3855 σκηνῆς
955 3783 1341 3855 παραδύεται·
1398 3780 1658 3854 μανθάνει
1711 3783 1812 3854 τῆς

228 3873 374 3938 θείας
410 3875 716 3947 ἱερωσύνης
741 3874 817 3930 τὰ
845 3875 1149 3947 ἀπόρρητα.
1187 3874 1531 3944 Ἐξαφανίζει
1565 3876 1627 3928 rb
1657 3875 1813 3929 εἴδω-

228 3965 334 4030 λον,
368 3966 610 4020 ίλεοῧται
641 3966 704 4019 rb
735 3965 910 4029 Θεῖον,
945 3965 1292 4020 ἀνακαλεῖται
1321 3965 1411 4018 rbv
1444 3968 1502 4019 ἐν
1544 3967 1609 4037 τῇ
1640 3965 1814 4041 κακίᾳ

227 4053 332 4107 τῶν
373 4054 651 4108 Ἰουδαίων
686 4053 1040 4126 συντριϐέντα
1069 4053 1265 4123 νόμον,
1300 4053 1506 4124 λάμπει
1547 4055 1614 4125 τῇ
1661 4053 1807 4125 δόξῃ,

229 4144 322 4198 καὶ
361 4144 452 4198 διὰ
490 4144 766 4198 τοσούτων
804 4145 1062 4217 ἐπαρθεὶς
1095 4144 1405 4214 ὑψωμάτων
1426 4183 1440 4208 ,
1473 4142 1565 4217 ἐτι
1610 4146 1812 4216 σφριγᾷ

227 4238 290 4306 τῇ
321 4236 600 4306 ἐπιθυμίᾳ
622 4275 637 4301 ,
663 4237 755 4289 καὶ
790 4210 1096 4307 ἀκορέστως
1133 4210 1246 4307 ἔχει
1279 4236 1372 4289 τοῦ
1411 4210 1697 4300 πίείονοςν,⁷
1721 4210 1816 4289 καὶ

1980 2603 2206 2676 Negavit
2248 2604 2441 2660 falsam
2472 2604 2853 2677 Egyptiorttm
2904 2600 3105 2673 regina}
3146 2600 3488 2670 conjunctio-

1909 2711 2055 2760 nem,
2100 2712 2207 2767 qua
2258 2697 2404 2751 filius
2451 2698 2570 2765 ejus
2621 2697 2949 2767 putabatur;
3013 2691 3296 2748 Hebraeum
3341 2693 3489 2748 ultus

1908 2793 2024 2853 est;
2054 2787 2121 2842 ad
2152 2772 2427 2843 desertam
2472 2795 2525 2844 et
2559 2786 2864 2844 solitariam
2893 2800 2955 2841 se
2995 2783 3273 2839 transtulit
3298 2783 3485 2842 vitam.

1910 2892 2074 2949 quam
2127 2877 2379 2934 humana:
2421 2878 2864 2948 perturbationes
2907 2890 3017 2931 non
3064 2885 3299 2941 vexant;
3343 2873 3490 2944 pavit

1910 2967 2179 3024 cieurium
2221 2970 2540 3025 animalium
2584 2984 2834 3042 gregem;
2867 2968 3002 3024 vidit
3046 2967 3487 3038 resplendentem

1910 3058 2087 3114 lucem
2139 3059 2410 3127 divinam;
2477 3061 2677 3130 ahjecit
2739 3060 2976 3125 calceos,
3032 3066 3093 3114 ut
3147 3057 3365 3113 facilius
3422 3056 3489 3110 ad

1910 3150 2087 3206 lucem
2142 3150 2463 3219 accederet;
2514 3152 2571 3206 in
2626 3152 2933 3207 libertatem
2987 3149 3290 3204 vindicavit
3320 3162 3487 3213 suos;

1910 3241 2122 3297 hostem
2157 3244 2318 3298 undis
2340 3241 2482 3298 vidit'
2506 3242 2887 3309 submersum;
2916 3240 3099 3296 lucida
3127 3240 3271 3296 nube
3291 3239 3490 3295 ductus

1908 3340 2028 3399 est;
2067 3332 2215 3405 sicco
2242 3333 2424 3404 lapide
2454 3332 2663 3389 sedavit
2694 3334 2873 3401 sitim;
2910 3347 2939 3385 a
2970 3332 3111 3387 male
3138 3330 3363 3386 deduxit
3390 3345 3491 3400 pa-

1910 3437 2055 3477 nem.
2104 3421 2374 3478 Praeterea
2433 3423 2759 3479 extensione
2810 3435 3072 3477 manuum
3132 3421 3490 3491 alienigenam

1912 3514 2071 3581 fudit,
2122 3516 2366 3570 sonitum
2408 3516 2553 3570 tubae
2584 3515 2814 3579 audivit,
2867 3514 3151 3583 caliginem
3195 3513 3386 3578 subiit,
3423 3513 3491 3566 ad

1911 3606 2209 3677 penetralia
2238 3606 2408 3660 divini
2462 3606 2809 3661 tabernaculi
2845 3605 3128 3677 ingressus
3171 3612 3274 3667 est,
3309 3619 3493 3658 sacer-

1913 3695 2047 3750 dotii
2094 3694 2285 3749 didicit
2317 3697 2599 3766 mysteria,
2646 3694 2996 3750 simulacrum
3036 3692 3326 3759 destruxit,
3367 3708 3492 3763 pro-

1914 3788 2105 3860 pitium
2134 3787 2305 3843 Deum
2358 3788 2618 3853 reddidit,
2667 3789 2839 3859 legem
2872 3786 3183 3843 Judazorum
3222 3786 3492 3858 pravitate

1914 3878 2153 3933 dirutam
2188 3879 2454 3944 restituit,
2494 3880 2666 3950 gloria
2712 3879 2934 3935 effulsit.
2977 3878 3166 3957 Ac’tot
3216 3878 3492 3947 tantisque

1915 3972 2395 4029 sublimationibus
2420 3973 2599 4028 elatus
2618 3972 2799 4028 adhuc
2824 3972 2979 4029 ardet
3004 3970 3295 4035 desiderio,
3314 3971 3491 4025 adhuc

1915 4072 2175 4132 tanquam
2217 4060 2526 4117 famescens
2554 4076 2620 4116 ac
2668 4062 2882 4126 sitiens,
2912 4069 3169 4131 tanquam
3202 4075 3267 4115 eo
3296 4075 3491 4115 carens

1914 4170 2024 4222 quo
2054 4169 2270 4224 semper
2305 4152 2611 4219 fruebatur,
2660 4161 2782 4208 orat
2829 4162 2881 4207 ut
2916 4151 3088 4207 Deum
3136 4151 3337 4215 videat,
3383 4167 3492 4206 non

1918 4254 1975 4298 ut
2011 4246 2127 4316 ipse
2157 4261 2354 4316 capere
2400 4254 2601 4316 potest,
2643 4245 2738 4301 sed
2770 4254 2829 4298 ut
2865 4259 2924 4300 se
2953 4244 3114 4298 habet
3149 4245 3240 4313 qui
3276 4242 3491 4298 deside-

228 4322 286 4382 οἷι
304 4327 395 4381 διὰ
421 4329 631 4390 παντὸς
655 4329 775 4380 κατ’
799 4327 1045 4394 ἐξουσίαν
1076 4330 1401 4399 ἐνεφορεῖτο,
1426 4327 1506 4382 έτι
1531 4328 1654 4399 διψῇ
1684 4346 1697 4359 ·
1721 4328 1804 4381 καῖ

1921 4349 2091 4392 ratur.
2125 4335 2280 4392 Unde
2319 4336 2560 4391 arbitror
2607 4336 2878 4389 immenso
2910 4332 3182 4389 desiderio
3211 4340 3376 4402 atque
3404 4347 3490 4386 ar-

226 4416 297 4481 ὡς
328 4422 504 4491 μήπω
540 4418 920 4489 μετεσχηκὼς,
952 4421 1134 4490 τυχεῖν
1159 4419 1357 4483 δέεται,
1390 4420 1698 4490 ἐμφανῆναι
1724 4419 1820 4472 αὑ-

225 4510 302 4580 τῷ
348 4512 444 4565 τὸν
476 4510 617 4563 Θεὸν
664 4509 957 4564 ἱκετεύων·
1009 4511 1107 4581 οὑχ
1157 4510 1233 4575 ὼς
1285 4509 1530 4581 μετέχειν
1574 4508 1818 4574 δύναται,

226 4601 336 4654 ἀλλ’
362 4601 441 4665 ὡς
470 4602 687 4665 ἐκεῖνός
704 4603 853 4655 ἐστι.
887 4604 1046 4654 Δοκεῖ
1071 4600 1128 4655 δέ
1160 4618 1250 4671 μοι
1293 4600 1354 4653 rb
1387 4598 1596 4653 τοιοῦτο
1628 4598 1821 4653 παθεῖν

225 4694 463 4766 ἐρωτικῇ
505 4712 618 4748 τινι
652 4693 890 4747 διαθέσει
928 4694 1065 4765 πρὸς
1096 4696 1158 4759 rb
1188 4691 1347 4761 φύσει
1382 4692 1545 4747 καλὸν
1585 4692 1683 4763 τῆς
1718 4691 1822 4760 ψυ-

226 4787 325 4856 χῆς
362 4785 746 4856 διατεθείσης,
782 4788 848 4857 ἢν
881 4785 967 4861 dei.
998 4787 1031 4855 ἡ
1078 4784 1232 4848 ἐλπὶς
1286 4783 1394 4838 ἀπὸ
1425 4783 1518 4837 τοῦ
1568 4782 1822 4852 ὀφθέντος

152 4926 161 4933 .
227 4878 388 4931 καλοῦ
440 4877 591 4948 πρὸς
635 4878 695 4929 τὸ
747 4876 1139 4946 ὑπερκείμενον
1186 4875 1571 4936 ἐπεσπάσατο,
1607 4873 1695 4926 διὰ
1726 4872 1820 4926 τοῦ

227 4968 459 5021 πάντοτε
508 4966 1068 5037 καταλαμϐανομένου
1093 5004 1109 5029 ,
1162 4948 1297 5036 πρὸς
1334 4964 1395 5017 τὸ
1447 4963 1821 5036 κεκρυμμένον

226 5060 335 5112 alet
366 5060 469 5130 τὴν
513 5057 814 5127 ἐπιθυμίαν
846 5056 1168 5110 ἐκκαίουσα·
1210 5056 1331 5111 ὅθεν
1363 5058 1392 5108 ό
1437 5055 1662 5125 σφοδρὸς
1695 5056 1822 5123 ἐρα-

227 5149 358 5222 στὴς
383 5150 481 5204 τοῦ
520 5148 756 5213 κάλλους
777 5191 791 5215 ,
825 5149 885 5202 rb
916 5148 1004 5202 ἀεὶ
1042 5148 1381 5218 φαινόμενον,
1410 5147 1484 5210 ὡς
1511 5147 1697 5199 εἰκόνα
1728 5146 1821 5200 τοῦ

227 5242 577 5313 ποθουμένου
618 5241 934 5310 δεχόμενος,
970 5239 1135 5294 αὑτοῦ
1184 5237 1279 5292 τοῦ
1340 5238 1686 5309 χαρακτῆρος
1730 5238 1821 5291 τοῦ

228 5333 549 5403 ἀρχετύπου
597 5330 973 5402 ἐμφορηθῆναι
1016 5331 1188 5385 ποθεῖ,
1221 5330 1332 5384 Καὶ
1384 5329 1541 5381 τοῦτο
1582 5327 1823 5398 βούλεται

228 5421 264 5495 ἡ
291 5421 555 5495 τολμηρά
606 5437 665 5473 τε
701 5422 795 5474 καὶ
826 5420 1095 5493 παριοῦσα
1135 5422 1263 5484 τοὺς
1310 5421 1469 5491 ὅρους
1506 5420 1605 5489 τῆς
1638 5418 1818 5472 ἐπιθυ-

233 5513 357 5584 μίας
387 5517 422 5586 ὴ
460 5516 687 5582 αἴτησις
707 5552 722 5576 ,
761 5513 820 5565 rb
850 5513 923 5583 μὴ
948 5513 1034 5566 διὰ
1062 5514 1381 5583 κατόπτρων
1413 5511 1573 5565 τινῶν
1600 5511 1692 5563 καὶ¹
1714 5512 1821 5577 ,ἐμ-

233 5606 452 5675 φάσεων
482 5646 496 5673 ,
548 5603 687 5659 ἀλλά
719 5603 856 5661 κατὰ
900 5605 1185 5676 πρόσωπον
1220 5604 1517 5659 ἀπολαῦσαι
1547 5600 1638 5657 τοῦ
1697 5601 1824 5653 κάλ.

1922 4430 2073 4489 denti
2100 4444 2230 4501 erga
2261 4427 2433 4484 Deum
2462 4429 2538 4483 ita
2574 4426 2748 4483 fuisse
2783 4424 3059 4493 affectum,
3095 4425 3240 4496 quod
3269 4424 3493 4480 visioni-

1920 4523 2023 4578 bus
2050 4522 2154 4577 sibi
2200 4522 2420 4585 enituit,
2469 4528 2531 4576 ut
2563 4518 2708 4575 ferre
2757 4533 2865 4574 non
2897 4532 3104 4590 posset,
3133 4517 3264 4587 quin
3313 4517 3382 4573 ab
3427 4517 3493 4570 iis

1921 4628 2042 4683 quat
2095 4611 2540 4683 comprehendit,
2598 4610 2669 4665 ad
2723 4610 3025 4666 occultiora
3085 4609 3489 4678 compelleret:

1921 4702 2182 4772 quocirca
2205 4716 2477 4772 supremae
2499 4699 2924 4772 pulchritudinis
2954 4706 3186 4760 amator,
3215 4697 3358 4767 quod
3381 4696 3492 4765 jam

1920 4778 2152 4859 viderat,
2182 4800 2445 4863 tanquam
2492 4792 2782 4863 imaginem
2816 4790 2935 4860 ejus
2963 4788 3108 4860 quod
3143 4802 3254 4842 non
3287 4787 3494 4842 viderat

1923 4886 2175 4952 credens,
2212 4885 2332 4956 ipso
2372 4884 2475 4937 frui
2523 4884 2799 4954 primitivo
2840 4881 3205 4939 desiderabat.
3252 4879 3312 4933 Id
3364 4893 3493 4949 ergo

1922 4975 2038 5029 vult
2066 4972 2246 5027 audax
2288 4973 2340 5026 in
2376 4980 2560 5027 monte
2584 4972 2678 5027 illo
2710 4971 2919 5042 petitio,
2952 4986 3020 5026 ne
3057 4984 3153 5041 per
3183 4968 3403 5040 specula
3442 4977 3495 5022 et

1925 5063 2210 5133 imagines,
2253 5060 2346 5116 sed
2386 5077 2481 5131 per
2512 5077 2695 5114 veram
2741 5070 2796 5116 ct
2828 5060 3105 5131 propriam
3151 5057 3346 5114 faciem
3389 5058 3491 5112 frui

1925 5149 2329 5219 pulchritudine
2368 5155 2574 5217 posset.
2630 5147 2822 5202 Divina
2853 5164 2981 5203 vero
3014 5165 3117 5204 vox
3148 5163 3244 5218 per
3270 5162 3335 5202 ea
3379 5163 3496 5217 quae

1925 5248 2123 5311 negat,
2186 5239 2440 5293 concedit
2499 5238 2644 5307 quod
2707 5238 2948 5310 petitur,
3015 5240 3262 5310 pauculis
3315 5240 3495 5296 verbis

1924 5330 2244 5384 immensam
2304 5330 2702 5384 sententiarum
2766 5329 3192 5400 profunditatem
3262 5332 3494 5401 suhapc-

1927 5424 2096 5478 riens.
2136 5421 2341 5477 Annuit
2377 5422 2520 5478 enim
2574 5422 2844 5479 facturum
2898 5441 2957 5481 se
2982 5426 3129 5496 quod
3158 5427 3446 5496 petebatur
3476 5441 3488 5475 :

1929 5513 2085 5567 finem
2119 5519 2297 5566 autem
2334 5522 2496 5581 atque
2515 5514 2877 5568 cessationem
2919 5513 3081 5584 hujus
3110 5511 3365 5568 desiderii
3408 5510 3490 5560 fu-

1930 5615 2111 5658 turum
2142 5616 2249 5657 non
2280 5601 2550 5672 promisit,
2587 5618 2688 5659 nec
2730 5603 2874 5660 enim
2908 5607 2979 5660 ita
3019 5602 3285 5673 quispiam
3323 5599 3486 5652 Deum

2412 508 2493 564 sic
2551 507 2731 562 anima
2778 507 2938 575 cujus
2994 515 3188 558 natura
3261 519 3480 559 sursum
3562 539 3572 551 .
