3800 5980
1483 117 1511 133 υ

268 293 377 347 403

1501 288 1556 344 S.
1595 286 1926 344 GREGORll
1951 281 2257 342 NYSSENI'

3403 270 3505 327 ειοι

268 410 452 465 videre
480 414 656 479 potest
702 414 760 462 ut
788 403 1004 462 videndi
1049 401 1260 459 desinat
1290 402 1644 459 desiderium.
1693 401 1826 457 Nam
1858 425 1872 463 λ

1965 419 2072 464 ους.
2115 402 2181 454 Ἡ
2210 401 2263 454 δὲ
2294 400 2412 453 θεία
2451 400 2600 470 φωνὴ
2639 398 2819 452 δίδωσι
2865 396 2924 451 τὸ
2958 394 3176 465 αἰτ-ηθέν
3207 392 3273 446 δι’
3303 383 3376 446 ὧν
3410 393 3513 443 ἀπε

272 502 326 556 in
360 501 465 555 hoc
494 499 740 571 profecto
770 499 911 554 Deus
941 496 1174 561 videtur,
1215 503 1273 551 ut
1302 510 1581 566 nunquam
1624 494 1843 551 desinas

272 591 341 647 ad
389 606 513 647 eum
568 590 861 661 respicere.
909 588 1089 655 Quare
1125 587 1304 658 inquit
1347 577 1371 642 ε’
1417 605 1434 638 ι
1485 586 1603 641 Νοη
1641 586 1844 657 poteris

273 680 456 737 videre
486 682 677 736 faciem
702 696 898 747 meam,
928 694 1027 736 nec
1056 679 1201 735 enim
1234 678 1436 733 videbit
1461 678 1624 733 homo
1653 676 1843 732 faciem

275 787 449 827 meam
492 780 546 829 et
584 774 725 828 vivet
742 774 826 826 7°:
865 791 883 825 ι
925 787 1033 827 non
1069 772 1198 842 quia
1230 785 1397 826 causa
1433 770 1627 825 mortis
1654 769 1845 823 viden-

277 865 423 921 tibus
453 865 524 921 sit
552 865 640 918 illa
668 865 1011 936 facies,(nam
1038 864 1312 934 quomodo
1335 864 1458 918 vitae
1493 863 1659 919 facies
1682 877 1846 918 causa

278 955 843 1026 appropinquantibus
904 957 1097 1010 mortis
1154 971 1278 1010 esse
1343 954 1596 1025 poterit?)
1658 968 1846 1009 verum

277 1046 533 1115 quoniam
582 1047 686 1100 etsi
721 1045 959 1100 viviﬁcat
1005 1045 1222 1116 quidem
1267 1044 1411 1101 Deus
1459 1051 1677 1109 natura,
1724 1058 1851 1113 pro-

280 1137 457 1205 prium
502 1145 683 1191 tamen
735 1153 893 1192 suum
944 1144 1049 1201 est,
1106 1146 1164 1191 ut
1216 1152 1433 1192 onmem
1485 1135 1848 1205 cognitionem

280 1228 507 1282 excedat
552 1248 565 1283 :
606 1229 812 1283 idcirco
861 1229 955 1299 qui
1004 1244 1192 1284 eorum
1249 1244 1371 1299 qua:
1421 1238 1849 1298 cognoscuntur,

283 1318 451 1374 Deum
473 1335 593 1377 esse
621 1308 895 1391 Opinatur,
937 1323 1093 1392 quasi
1121 1320 1394 1376 deviasset
1426 1321 1496 1374 ab
1532 1334 1598 1375 eo
1626 1319 1716 1389 qui
1745 1326 1849 1381 est,

285 1411 351 1465 ad
381 1411 433 1465 id
467 1411 609 1481 quod
639 1427 761 1467 esse
785 1420 1030 1483 putatur,
1058 1414 1223 1467 vitam
1249 1428 1358 1467 non
1389 1411 1575 1467 habet.
1602 1409 1735 1464 Nam
1760 1411 1853 1480 qui

284 1519 410 1558 vere
448 1512 552 1569 est,
588 1504 633 1557 is
674 1518 801 1558 vere
846 1505 956 1557 vita
1006 1514 1109 1569 est,
1165 1513 1218 1558 et
1264 1504 1354 1558 hic
1395 1502 1707 1573 cognitione
1745 1516 1854 1556 non

286 1596 784 1666 comprehenditur.
834 1595 1015 1664 Quare
1062 1596 1108 1653 si
1156 1597 1270 1652 htnc
1320 1595 1608 1651 viviﬁcans
1661 1603 1855 1669 natura

289 1684 654 1755 cognitionem
698 1700 914 1740 omnem
978 1686 1231 1749 excedit,
1296 1700 1405 1739 non
1469 1694 1552 1739 est
1612 1681 1856 1754 profecto

1945 494 2238 556 αναίνεται,
2278 495 2336 545 ἐν
2391 492 2590 560 ὀλίγοις
2636 492 2746 554 τοῖς
2787 492 3023 561 ῥήμασιν
3055 483 3359 557 ἀμέτρητόν
3394 498 3515 534 τινα

1947 584 2104 653 βυθὸν
2135 584 2419 654 νοημάτων
2458 581 2942 655 παραδεικνύουσα.
2981 579 3054 632 Τὸ
3091 578 3186 648 μὲν
3235 576 3342 645 γὰρ
3381 572 3509 641 πλη-

1947 676 2119 747 ρῶσαι
2152 677 2249 746 τὴν
2281 674 2573 744 ἐπιθυμίαν
2603 674 2753 744 αὑτῷ
2783 676 2816 744 ἡ
2850 670 2944 724 τοῦ
2973 668 3106 722 Θεοῦ
3139 661 3520 738 μεγαλοδωρεὸ

1948 766 2265 819 κατένευσεο
2299 766 2483 818 στάσιν
2514 763 2571 817 δέ
2599 781 2719 817 τινα
2766 761 2859 815 τοῦ
2889 759 3052 814 πόθου
3094 757 3186 812 καὶ
3214 755 3372 825 κόρον
3420 751 3520 802 οὐκ

1947 856 2330 927 ἐπηγγείλατο.
2362 856 2435 908 Οὐ
2460 856 2567 926 γὰρ
2603 855 2669 909 ἂν
2698 851 2887 907 ἑαυτὸν
2914 849 3079 915 ἔδειξε
3100 846 3178 918 τῷ
3204 843 3521 916 θεράποντι·

1949 950 2106 1020 εἴπερ
2134 948 2371 1002 τοιοῦτον
2393 944 2459 1019 ἦν
2483 947 2545 999 rb
2572 944 2864 1016 ὁρώμενον,
2887 942 3026 995 ὥστε
3055 940 3246 1007 στῆσαι
3277 937 3376 1007 τὴν
3404 935 3522 986 ἐπιο

1950 1044 2013 1096 θυ
2022 1041 2147 1112 μίαν
2182 1040 2273 1093 τοῦ
2304 1039 2617 1109 βλέποντος·
2646 1038 2722 1100 ὡς
2745 1037 2802 1089 ἐν
2828 1034 2999 1104 τούτῳ
3019 1032 3166 1093 ὄντος
3189 1027 3279 1083 τοῦ
3311 1024 3525 1096 ἀληθῶς

1953 1133 2080 1185 ἰδεῖν
2110 1132 2199 1185 τὸν
2224 1131 2355 1184 Θεὸν
2378 1172 2393 1195 ,
2427 1131 2484 1183 ἐν
2525 1128 2604 1200 τῷ
2644 1128 2718 1199 μὴ
2749 1125 2904 1196 λῆξαί
2933 1140 3061 1177 ποτε
3090 1125 3188 1193 τῆς
3231 1114 3527 1186 ἐπιθυμίας

1912 1246 1915 1249 ’
1952 1224 2202 1302 τονπρὸς
2232 1223 2390 1276 αὐτὸν
2419 1220 2806 1275 ἀναϐλέποντα.
2843 1215 2979 1287 Φησὶ¹
3008 1214 3138 1284 γάρ’
3178 1233 3197 1263 ι
3221 1210 3295 1263 Οὐ
3322 1207 3532 1302 δυνήσῃ

1952 1314 2010 1366 rb
2044 1294 2328 1386 πρόσωπόν
2364 1328 2462 1381 μου
2518 1310 2646 1363 ἰδεῖν
2665 1326 2677 1338 ·
2711 1308 2771 1362 οὐ
2798 1308 2906 1378 γὰρ
2936 1305 3013 1377 μὴ
3039 1304 3124 1375 ἴδῃ
3154 1299 3437 1370 ἄνθρωπος
3465 1294 3533 1386 τδ

1955 1385 2242 1474 πρόσωπόν
2276 1419 2398 1473 μου,
2447 1402 2540 1454 καὶ
2574 1401 2817 1471 ζήσεται·
2862 1417 2880 1449 ι
2926 1394 3080 1449 τοῦτο
3107 1392 3194 1456 δὲ,
3224 1390 3322 1459 οὐχ
3343 1387 3417 1451 ὡς
3446 1385 3533 1438 αι’-

1954 1510 2067 1546 τιον
2092 1492 2185 1546 τοῦ
2212 1484 2448 1545 ¹θανάτου
2482 1492 2592 1553 τοῖς
2618 1487 2788 1559 ὁρῶσι
2826 1486 3143 1556 γιγνόμενον
3190 1483 3218 1534 ὁ
3253 1479 3408 1546 λόγος
3444 1476 3533 1527 tv-

1955 1586 2258 1647 δείκνυται,
2295 1582 2446 1654 (πῶς
2476 1580 2584 1651 γάρ
2614 1580 2675 1632 τὸ
2712 1578 2812 1649 τῆς
2845 1577 2988 1647 ζωῆς
3023 1573 3330 1646 πρόσωπον,
3364 1566 3537 1621 αἴτιον

1960 1677 2186 1730 θανάτου
2208 1677 2318 1739 τοῖς
2342 1673 2679 1745 ὲμπελάσασι
2708 1668 2898 1739 γένοιτ’
2917 1668 2981 1722 ἄν
3012 1681 3139 1719 ποτε
3156 1666 3193 1731 ;)
3213 1661 3324 1716 ἀλλ’
3346 1656 3535 1726 ἐπειδὴ

290 1777 397 1830 vita
423 1776 476 1830 id
501 1776 644 1846 quod
670 1777 1019 1848 cognoscitur
1046 1796 1058 1830 :
1083 1777 1226 1848 quod
1254 1791 1380 1832 vero
1406 1777 1516 1830 vita
1546 1750 1653 1829 non
1676 1784 1778 1839 est,
1802 1772 1855 1827 id

1965 1767 2217 1834 ζωοποιὸν
2257 1766 2353 1837 μὲν
2380 1767 2447 1834 τῇ
2484 1765 2644 1833 φύσει
2681 1761 2742 1814 rb
2770 1760 2942 1823 Θεῖον,
2982 1756 3113 1810 ἴδιον
3157 1752 3213 1806 δὲ
3249 1750 3537 1819 γνώρισμα

289 1867 455 1921 vitam
504 1867 745 1936 praebere
800 1881 908 1921 non
946 1874 1141 1937 potest.
1182 1865 1272 1921 Sic
1322 1867 1488 1937 igitur
1525 1863 1858 1919 desiderium

290 1955 461 2027 Moysi
493 1955 839 2026 adienpletur,
876 1964 934 2012 ut
964 1957 1276 2013 insatiabile
1310 1962 1626 2026 permaneat
1654 1971 1668 2008 :
1701 1953 1863 2008 discit

294 2048 434 2101 enim
458 2063 524 2103 ex
551 2048 686 2114 istis,
714 2048 860 2119 quod
891 2048 1032 2103 Deus
1056 2057 1253 2103 natura
1291 2047 1720 2103 interminabilis
1755 2053 1860 2112 est,

295 2140 444 2194 nullo
481 2141 713 2195 termino
760 2140 1212 2210 comprehensus.
1262 2137 1398 2192 Nam
1442 2139 1487 2194 si
1535 2138 1716 2208 aliquo
1754 2145 1866 2191 ter-

296 2233 447 2286 mino
470 2233 722 2287 concludi
755 2232 1112 2301 intelligatur,
1154 2245 1382 2288 necesse
1410 2238 1492 2286 est
1528 2229 1761 2284 termino
1790 2227 1866 2281 illi

295 2319 501 2390 aliquid
531 2327 889 2374 connectatur
918 2337 931 2373 ι
967 2319 1192 2373 omnino
1225 2320 1369 2373 enim
1418 2315 1563 2390 quod
1608 2316 1871 2371 termina-

296 2422 403 2471 tur.
437 2410 503 2465 ad
547 2411 695 2465 aliud
723 2410 944 2473 desinit,
993 2419 1053 2464 ut
1085 2409 1429 2465 terrestrium
1471 2407 1737 2462 terminus
1779 2421 1872 2460 aer

297 2509 404 2563 est,
445 2507 497 2555 et
542 2515 681 2570 aqua
727 2516 912 2556 rerum
964 2502 1358 2571 aquaticarum.
1404 2495 1871 2564 Quemadmodum

301 2594 465 2661 igitur
503 2594 685 2664 pisces
735 2608 899 2663 aqua,
946 2600 1001 2647 et
1032 2606 1159 2647 aves
1189 2606 1314 2646 aere
1342 2587 1871 2652 circumcluduntur,

300 2694 507 2739 etcum
547 2685 660 2740 sint
691 2685 745 2738 in
780 2682 960 2739 medio
999 2682 1228 2738 istorum
1267 2682 1685 2746 elementorum,
1723 2694 1876 2750 aqua:

306 2784 485 2831 tamen
531 2775 777 2846 quaedam
812 2773 1132 2845 superﬁcies
1171 2771 1235 2826 ad
1281 2772 1509 2842 piscem,
1547 2778 1601 2826 et
1634 2769 1775 2825 aeris
1809 2769 1875 2823 ad

304 2865 524 2921 volatile
563 2867 893 2921 terminatur
918 2884 932 2920 :
956 2865 1039 2920 sic
1073 2879 1300 2919 necesse
1339 2869 1446 2929 est,
1490 2861 1534 2917 si
1585 2860 1728 2917 Deus
1769 2871 1879 2914 ter-

306 2954 454 3008 mino
524 2954 906 3019 concluditur,
967 2937 1328 3023 heterogenba
1389 2951 1623 3022 quadam
1684 2959 1878 3003 natura

305 3044 599 3099 contineri.
626 3046 720 3101 Est
765 3045 908 3100 enim
939 3042 1085 3115 quod
1124 3043 1368 3098 continet
1397 3049 1651 3097 contento
1679 3039 1877 3108 majus.

1961 1858 2059 1928 τῆς
2097 1854 2245 1918 θείας
2275 1852 2488 1923 φύσεώς
2531 1854 2645 1905 ἐστι
2678 1851 2739 1903 τὸ
2780 1848 2977 1910 παντὸς
3009 1841 3360 1916 ὑπερκεῖσθαι
3393 1854 3539 1906 γνω-

1966 1948 2264 2020 ρίσματος’
2313 1947 2341 1997 ὁ
2381 1942 2489 1997 τῶν
2527 1941 2943 2012 γινωσκομένων
2990 1955 3043 1991 τι
3090 1936 3180 1988 τὸν
3228 1932 3359 1986 Θεὸν
3401 1925 3542 1981 εἶναι

1962 2015 2205 2105 οἰόμενος
2225 2074 2236 2095 ,
2272 2031 2348 2094 ὡς
2381 2029 2759 2101 παρατραπεὶς
2795 2027 2903 2081 ἀπὸ
2950 2024 3065 2078 τοῦν
3096 2023 3247 2084 ὄντος
3268 2061 3282 2084 ,
3320 2018 3453 2089 πρὸς
3479 2015 3544 2068 rb

1965 2128 2031 2197 τῇ
2064 2123 2438 2193 καταληπτικῇ
2473 2120 2743 2192 φαντασίᾳ
2778 2117 3030 2189 νομισθὲν
3055 2110 3193 2167 εἶναι
3219 2153 3233 2176 ,
3265 2109 3357 2163 καὶ
3395 2108 3545 2175 ζωὴν

1967 2218 2067 2270 οὐκ
2096 2215 2227 2286 ἔχει.
2251 2213 2324 2268 Τὸ
2351 2213 2458 2283 γὰρ
2488 2212 2654 2275 ὅντως
2683 2210 2761 2273 ὃν,
2789 2212 2823 2280 ἡ
2853 2208 3056 2279 ἀληθής
3075 2206 3192 2258 ἐστι
3211 2204 3321 2272 ζωή
3341 2217 3355 2230 °
3380 2197 3548 2253 τοῦτο

1968 2307 2025 2359 δέ
2053 2307 2132 2369 εἰς
2156 2304 2355 2372 γνῶσιν
2387 2302 2693 2370 ἀνέφικτον.
2734 2301 2797 2353 Εἰ
2824 2295 2916 2352 οὖν
2947 2295 3264 2368 ὑπερϐαίνει
3298 2290 3391 2362 τὴν
3412 2287 3552 2358 γνῶο

1973 2413 2055 2449 σιν
2080 2399 2112 2467 ἡ
2141 2393 2401 2460 ζωοποιὸς
2440 2392 2626 2463 φύσις,
2653 2392 2713 2444 τὸ
2749 2388 3298 2460 καταλαμϐανόμενον
3329 2382 3550 2443 πάντως

1974 2487 2087 2558 ζωὴ
2119 2486 2217 2539 οὒκ
2248 2484 2393 2538 ἔστιν
2416 2501 2431 2516 ⁶
2464 2483 2493 2536 ὃ
2520 2483 2577 2536 δὲ
2620 2484 2692 2553 μή
2718 2484 2832 2534 ἐστι
2862 2480 2973 2549 ζωὴ
2995 2473 3368 2548 ,παρεκτικὺν
3402 2471 3552 2539 γενέ-

1976 2578 2098 2639 σθαι
2135 2576 2311 2647 ζωῆς,
2345 2574 2507 2644 φύσιν
2548 2575 2649 2628 οὐκ
2676 2573 2810 2644 ἔχει.
2851 2569 2989 2624 Οὔτε
3023 2564 3115 2622 οὖν
3143 2565 3442 2638 πληροῦται
3469 2561 3553 2630 τῷ

1974 2670 2199 2723 Μωῦσεῖ
2234 2668 2295 2721 τὸ
2326 2665 2655 2735 ποθούμενον
2675 2704 2691 2729 ,
2727 2663 2793 2717 δι’
2825 2658 2899 2716 ὧν
2946 2660 3266 2731 ἀπλῄρωτος
3296 2659 3328 2728 ἡ
3369 2652 3557 2706 ἐπιθυ·-

1980 2762 2079 2832 μία
2124 2761 2293 2830 μένει.
2325 2757 2644 2811 Παιδεύεται
2680 2755 2789 2827 γὰρ
2829 2753 2918 2808 διὰ
2946 2752 3054 2805 τῶν
3100 2750 3406 2821 εἰρημένων
3427 2787 3442 2812 ,
3470 2746 3557 2798 ὅτι

1977 2853 2037 2906 rb
2072 2851 2222 2904 Θεῖον
2244 2890 2258 2913 ,
2299 2848 2460 2903 κατὰ.
2490 2848 2587 2918 τὴν
2626 2845 2819 2900 ἑαυτοῦ
2867 2843 3046 2914 φύσιν,
3083 2843 3350 2914 ἀόριστον,
3378 2836 3559 2890 οὐδενὶ

1980 2940 2424 3013 περιειργὸμενον
2456 2938 2672 3010 πέρατι.
2703 2938 2765 2989 El
2803 2937 2909 3007 γὰρ
2958 2935 3014 2988 ἔν
3041 2951 3145 2987 τινι
3194 2932 3388 3002 πέρατι
3427 2944 3558 2996 νοη-

1983 3034 2101 3103 θείη
2144 3032 2202 3085 τὸ
2243 3032 2414 3095 Θεῖον,
2458 3031 2672 3098 ἀνάγκη
2700 3029 2848 3082 πᾶσα
2878 3025 2973 3080 καὶ
3008 3025 3067 3078 rb
3100 3025 3216 3095 μετ’
3239 3024 3410 3076 ἐκεῖνο
3444 3034 3564 3072 συν-

308 3134 650 3207 θεωρηθῆναι
678 3136 753 3207 τῷ
787 3113 984 3208 πέρατι
1009 3153 1022 3167 ’
1058 3136 1274 3199 πάντως
1322 3133 1429 3206 γὰρ
1458 3132 1537 3196 εἷς
1568 3150 1621 3184 τι
1670 3130 1967 3199 καταλήγει
2002 3126 2059 3178 τὸ
2094 3120 2493 3195 περατούμενον
2517 3135 2531 3149 ⁸
2572 3119 2764 3189 ὥσπερ
2797 3117 3064 3191 χερσαίων
3126 3115 3297 3187 πέρας
3358 3115 3386 3167 ὁ
3446 3113 3561 3184 ἀήρ

312 3234 445 3292 ἐστι,
471 3229 691 3283 καὶτῶν
719 3230 952 3302 ἐνύδρων
984 3231 1041 3285 rb
1062 3230 1226 3301 ὕδωρ.
1249 3231 1460 3300 Ὥσπερ
1486 3223 1577 3282 οὖν
1610 3228 1742 3280 πᾶσι
1774 3228 1885 3286 τοῖς
1931 3221 2095 3299 ὁρίοις
2131 3216 2324 3272 ἑαυτοῦ
2348 3218 2375 3269 ὁ
2416 3217 2513 3287 μὲν
2544 3214 2695 3286 ἰχθὺς
2726 3213 3110 3285 ἐμπεριέχεται
3167 3210 3246 3282 τῷ
3278 3210 3450 3272 ὕδατι,
3498 3208 3565 3261 rb

309 3310 368 3372 δὲ
397 3320 594 3391 πτηνὸν
623 3319 701 3391 τῷ
730 3301 890 3393 ἀέρι,
928 3323 1023 3376 καὶ
1059 3322 1220 3393 μέσον
1269 3319 1362 3375 τοῦ
1393 3318 1582 3381 ὓδατος
1615 3316 1749 3388 πρὸς
1786 3315 1845 3368 rb
1890 3312 2108 3383 νηκτὺν,
2141 3308 2330 3381 ἢπρὸς
2360 3307 2420 3361 rb
2481 3307 2679 3377 πτηνὸν
2702 3305 2795 3359 τοῦ
2824 3305 2984 3375 ἀέρος
3004 3344 3019 3368 ,
3071 3306 3104 3374 ἡ
3139 3304 3284 3375 ἄκρα
3335 3301 3427 3355 τοῦ
3462 3301 3564 3353 πέο

316 3411 475 3481 ρατός
499 3412 644 3465 ἐστιν
670 3411 977 3482 ἐπιφάνεια,
1007 3392 1134 3483 ήντὸ
1161 3410 1383 3481 πτηνὸν,
1420 3413 1453 3481 ἡ
1484 3410 1573 3463 τὸν
1633 3408 1783 3479 ἰχθὺν
1834 3405 2162 3478 περιέχουσα
2190 3442 2204 3465 ,
2251 3401 2317 3471 ἣν
2369 3398 2427 3453 rb
2482 3398 2625 3469 ’ὔδωρ
2674 3398 2706 3467 ἢ
2763 3400 2791 3451 ὁ
2841 3396 2948 3467 ἀὴρ
2989 3395 3321 3465 διαδέχεται·
3390 3392 3569 3455 οὕτως

315 3508 560 3579 ἀνάγκη,
588 3509 746 3581 εῐπερ
776 3510 834 3561 ἐν
861 3508 1054 3579 πέρατι
1083 3509 1253 3561 νοοῖτο
1293 3511 1352 3560 rb
1376 3506 1548 3573 Θεῖον,
1576 3504 1653 3575 τῷ
1692 3504 1992 3575 ἐτερογενεῖ
2024 3497 2165 3553 κατὰ
2204 3497 2303 3568 τὴν
2340 3494 2499 3565 φύσιν
2535 3492 2989 3565 ὲμπεριέχεσθαί·
3016 3492 3075 3543 rb
3130 3490 3187 3543 δὲ
3240 3488 3567 3560 ἐμπεριέχον

315 3604 410 3658 τοῦ
442 3604 910 3676 ἐναπειλημμένου
947 3604 1339 3658 πολλαπλάσιον
1369 3599 1505 3658 εἶναι
1525 3645 1540 3669 ,
1571 3604 1635 3673 τῇ
1672 3598 1961 3670 ἀκολουθίᾳ
1982 3595 2074 3650 τοῦ
2103 3594 2262 3662 λόγου
2304 3590 2677 3676 μαρτυρεῖται,

393 3698 460 3752 At
502 3713 630 3753 vero
675 3697 817 3752 Deus
860 3705 1057 3753 natura
1103 3698 1304 3752 bonum
1338 3713 1461 3753 esse
1510 3697 1833 3752 conceditur
1871 3716 1872 3745 :

2074 3686 2235 3741 Ἀλλὰ
2288 3686 2392 3757 μὴν
2436 3682 2597 3738 καλὸν
2637 3675 2775 3734 εἶναι
2822 3680 2882 3733 τὸ
2921 3678 3071 3731 Θεῖον
3115 3674 3457 3746 ὡμολόγηται
3500 3675 3569 3744 τῇ

321 3788 466 3860 quod
493 3796 672 3842 autem
707 3785 773 3840 ad
812 3787 1015 3841 bonum
1055 3798 1431 3856 comparatum
1466 3786 1872 3856 heterogeneun

1994 3780 2182 3850 φύσειο
2211 3778 2270 3831 rb
2304 3778 2359 3830 δέ
2384 3775 2518 3847 πρὸς
2552 3773 2611 3826 rb
2640 3772 2801 3826 καλὸν
2834 3768 3139 3842 ἐτεροφυῶς
3173 3766 3322 3837 ἔχον,
3363 3764 3489 3818 ἄλλο
3517 3782 3573 3816 τι

323 3890 430 3944 est,
456 3893 570 3933 non
594 3879 821 3939 bonum,
856 3876 950 3931 sed
986 3878 1190 3931 malum
1223 3893 1346 3933 esse
1389 3877 1891 3947 comprehenditur,

325 3979 382 4024 et
408 3980 511 4035 est,
548 3975 609 4023 ut
647 3967 905 4031 diximus,
939 3968 1085 4036 quod
1124 3969 1372 4022 continet
1401 3976 1657 4022 contento
1694 3968 1890 4036 majus.

328 4065 509 4131 Quare
537 4062 583 4117 si
615 4059 851 4115 termino
884 4057 1026 4114 Deus
1054 4060 1391 4124 continetur,
1423 4075 1764 4129 consequens
1795 4059 1898 4113 erit

335 4151 584 4224 superari
612 4150 866 4220 vincique
887 4164 917 4203 a
941 4148 1105 4213 malo,
1135 4163 1258 4203 cum
1284 4150 1677 4205 continentium
1708 4148 1790 4202 vis
1834 4164 1899 4202 ea

332 4260 455 4316 qua:
486 4243 865 4309 continentur,
896 4247 1207 4310 exsuperet.
1244 4238 1303 4294 ld
1331 4251 1513 4295 autem
1547 4240 1684 4294 adeo
1710 4239 1902 4294 absur-

332 4323 472 4392 dum.
490 4346 595 4402 est,
625 4343 687 4390 ut
711 4334 895 4390 nullus
922 4349 1162 4404 unquam
1194 4332 1391 4387 mentis
1414 4347 1640 4402 compos
1667 4333 1746 4386 sic
1778 4346 1902 4386 esse

336 4430 598 4500 opinatus
623 4427 711 4481 sit.
746 4427 842 4481 Est
864 4440 996 4497 ergo
1026 4423 1452 4480 interminabilis
1473 4424 1657 4478 divina
1681 4428 1895 4485 natura,

334 4526 392 4576 et
427 4515 830 4573 interminabile
876 4515 1263 4587 comprehendi
1322 4529 1431 4569 non
1481 4521 1684 4585 potest.
1724 4513 1906 4578 Quare

337 4611 433 4681 qui
484 4608 735 4664 divinam.
777 4607 1243 4678 pulchritudinem
1279 4608 1467 4663 videre
1505 4606 1809 4669 desiderat,
1851 4613 1907 4659 et

339 4704 408 4760 ad
439 4702 494 4757 id
526 4700 722 4766 tendit,
756 4700 812 4755 in
841 4700 947 4757 hoc
976 4717 1143 4759 cursu
1174 4716 1389 4771 semper
1427 4700 1712 4754 consistat.
1748 4697 1815 4751 Et
1854 4695 1908 4751 id

340 4803 425 4854 est
453 4808 583 4851 vere
614 4792 780 4848 Deum
816 4791 1000 4848 videre
1022 4836 1037 4859 ,
1070 4802 1131 4848 ut
1160 4806 1440 4863 nunquam
1486 4791 1541 4844 id
1576 4789 1909 4844 desiderium

340 4886 686 4945 terminetur.
720 4882 901 4948 Quare
945 4898 1170 4938 necesse
1202 4893 1306 4945 est,
1344 4889 1403 4936 ut
1437 4896 1561 4936 cum
1607 4880 1909 4942 videamus,

342 4980 487 5035 sicut
515 4977 671 5033 nobis
704 4972 967 5048 possibile
999 4982 1119 5039 est,
1152 4977 1360 5045 majore
1387 4972 1608 5028 videndi
1636 4972 1911 5027 desiderio

1996 3868 2147 3941 παρὰ
2179 3867 2238 3920 rb
2266 3865 2427 3918 καλὸν
2461 3862 2677 3925 πάντως
2710 3861 2857 3913 ἐστί’
2887 3859 2947 3911 rb
2968 3858 3024 3911 δὲ
3053 3856 3157 3922 ἔξω
3185 3855 3278 3907 τοῦ
3304 3852 3490 3916 καλοῦ,
3512 3854 3573 3905 ὲν

1995 3961 2062 4032 τῇ
2112 3957 2204 4011 τοῦ
2255 3953 2422 4009 κακοῦ
2469 3953 2625 4021 φύσει
2674 3949 3168 4021 καταλαμϐάνεται.
3213 3944 3458 4014 Ἐδείχθη
3513 3943 3575 3996 δὲ

2001 4044 2391 4104 πολλαπλάσιον
2432 4041 2571 4097 εἶναι
2623 4040 2716 4094 τοῦ
2770 4037 3155 4111 περιεχομένου
3193 4037 3253 4088 rb
3296 4034 3572 4104 περιέχον.

2012 4141 2249 4209 Ἀνάγκη
2282 4132 2373 4191 οὖν
2408 4138 2556 4190 πᾶσα
2584 4174 2597 4199 ,
2628 4136 2753 4198 τοὺς
2786 4135 2843 4185 ἐν
2883 4132 3077 4201 πέρατι
3110 4128 3170 4182 rb
3204 4127 3356 4181 Θεῖον
3403 4124 3582 4196 οἰομέ-

2000 4250 2123 4296 νους
2159 4227 2298 4286 εἶναι
2324 4271 2338 4296 ,
2367 4232 2463 4284 καὶ
2495 4223 2951 4298 ἐμπεριειλῆφθαι
2981 4220 3138 4274 τοῦτο
3167 4222 3231 4291 τῇ
3262 4218 3429 4289 κακίᾳ
3457 4234 3583 4268 συν-

2002 4324 2267 4379 τίθεσθαι.
2303 4324 2555 4377 Ἐλαττου
2565 4319 2724 4390 μένου
2752 4318 2807 4370 δὲ
2837 4315 3034 4377 παντὸς
3062 4313 3154 4367 τοῦ
3190 4310 3580 4383 περιεχομένου

2002 4420 2101 4488 τῆς
2124 4415 2217 4469 τοῦ
2259 4412 2602 4486 περιέχοντος
2643 4409 2855 4478 φύσεως
2882 4447 2898 4473 ,
2936 4404 3223 4459 ἀκόλουθον
3249 4405 3316 4456 ἂν
3347 4402 3434 4470 εἱή
3484 4400 3584 4471 τὴν

2006 4507 2361 4576 ἐπικράτησιν
2403 4503 2495 4556 τοῦ
2540 4498 2919 4563 πλεονάζοντος
2956 4496 3221 4566 γίνεσθαι.
3254 4492 3462 4548 Οὐκοῦν
3501 4492 3589 4545 δυ-

2007 4597 2360 4653 ναστεύεσθαι
2382 4595 2444 4648 rb
2469 4592 2630 4647 καλὸν
2650 4592 2756 4644 ὑπὸ
2776 4589 2869 4644 τοῦ
2901 4588 3142 4641 ἐναντίου
3165 4581 3586 4647 κατασκευάζει,

2008 4694 2035 4745 ὁ
2076 4689 2269 4760 πέρατί
2304 4704 2408 4741 τινι
2435 4685 2760 4757 περιείργων
2798 4682 2857 4736 rb
2880 4681 3051 4734 Θεῖον.
3094 4677 3253 4733 Ἀλλὰ
3296 4678 3400 4749 μὴν
3428 4674 3592 4728 τοῦτο

2011 4784 2229 4837 ἄτοπον.
2259 4780 2372 4832 Οὔκ
2400 4777 2507 4848 ἄρα
2536 4773 2829 4847 περίληψίς
2866 4790 2949 4835 τις
2977 4774 3075 4841 τῆς
3105 4769 3336 4841 ἀοράτου
3374 4766 3592 4836 φύσεως

2013 4872 2431 4944 νομισθήσεταιο
2462 4867 2523 4919 τὸ
2555 4866 2610 4919 δὲ
2639 4864 3028 4935 ἀπερίληπτον,
3048 4858 3461 4931 καταληφθῆναι
3491 4855 3594 4925 φύ-

2016 4983 2099 5017 σιν
2129 4964 2228 5016 οὐκ
2259 4961 2389 5031 ἔχει.
2439 4957 2609 5010 Ἀλλὰ·
2632 4957 2780 5008 πᾶσα
2810 4953 2945 5024 πρὸς
2975 4952 3036 5005 rb
3076 4950 3236 5004 καλὸν
3267 4951 3299 5019 ἡ
3330 4947 3596 5017 ἐπιθυμία

342 5069 790 5132 exardescamus,
851 5054 906 5121 et
970 5065 1051 5120 sic
1111 5066 1298 5122 nullus
1353 5079 1593 5135 unquam
1647 5064 1872 5118 terminu

1965 5035 1988 5089 )
2018 5061 2051 5128 ἡ
2087 5055 2222 5127 πρὸς
2252 5053 2351 5123 τὴν
2374 5049 2553 5104 ἄνοδον
2574 5048 2788 5118 ἐκείνην
2820 5043 3174 5115 ἐφελκομένη,
3200 5041 3287 5094 ἀεὶ
3311 5037 3389 5109 τῷ
3410 5038 3598 5108 δρόμῳ

346 5158 628 5217 abscindet
655 5129 815 5214 nobis
846 5156 948 5211 iter
982 5155 1170 5225 hujus,
1208 5173 1331 5212 cum
1366 5129 1543 5228 neque
1579 5155 1755 5227 ipsius
1786 5154 1872 5208 bon

2019 5148 2096 5218 τῷ
2129 5147 2264 5217 πρὸς
2296 5144 2356 5196 rb
2390 5141 2554 5195 καλὸν
2587 5140 2783 5211 ἱεμένῳ
2816 5135 3261 5190 συνεπιτείνεται.
3291 5132 3402 5185 Καὶ
3439 5129 3601 5183 τοῦτό

347 5251 621 5306 terminus
664 5249 866 5319 aliquis
903 5250 1012 5310 sit,
1049 5221 1150 5303 nec
1185 5248 1408 5304 satietas
1452 5221 1709 5304 desiderii
1755 5246 1872 5314 hujt

2022 5242 2166 5292 ἐστιν
2186 5236 2350 5299 ὅντως
2372 5234 2431 5286 rb
2452 5232 2576 5285 ἰδεῖν
2599 5231 2689 5284 τὸν
2722 5229 2876 5294 Θεὸν,
2907 5226 2966 5280 rb
2992 5226 3258 5297 μηδέποτε
3280 5224 3378 5293 τῆς
3411 5221 3600 5274 ἐπιθυ-

350 5341 527 5411 possit
568 5339 704 5394 ﬁeri.
741 5311 849 5394 Sed
896 5339 1146 5408 quisnam
1181 5346 1264 5394 est
1312 5340 1403 5394 ille
1430 5341 1602 5401 locus,
1642 5338 1735 5408 qui
1775 5311 1872 5405 apu

2028 5330 2155 5400 μίας
2187 5328 2346 5397 κόρον
2384 5326 2581 5397 εὑρεῖν.
2634 5320 2793 5375 Ἀλλὰ
2819 5320 2926 5392 χρὴ
2969 5319 3199 5377 πάντοτε
3240 5314 3501 5385 βλέποντα
3533 5311 3601 5365 δι’

352 5406 522 5484 Deum
555 5445 676 5486 esse
706 5406 1064 5500 intelligitur?
1087 5430 1222 5497 Quis
1254 5432 1340 5487 ille
1369 5432 1545 5503 lapis?
1572 5406 1692 5500 quae
1721 5436 1802 5484 est
1829 5428 1863 5480 il

2027 5419 2100 5477 ὧν
2128 5424 2243 5474 ἐστι
2280 5418 2502 5474 δυνατὸν
2533 5417 2685 5488 ὁρᾷν,
2724 5413 2857 5484 πρὸς
2881 5414 2978 5483 τὴν
3010 5410 3104 5463 τοῦ
3141 5408 3299 5463 πλέον
3329 5407 3454 5459 ἰδεῖν
3478 5406 3602 5457 ἐπι-

351 5521 629 5592 capacitas
656 5521 708 5574 in
734 5491 953 5591 lapide?
978 5491 1200 5592 quzebst
1230 5524 1319 5578 illa
1346 5491 1539 5579 manus
1570 5491 1688 5587 Dei,
1712 5534 1834 5590 quae
1860 5534 1872 5572 ι

2031 5512 2230 5598 θυθμίαν
2259 5505 2609 5564 ἐκκαίεσθαι’
2645 5504 2740 5558 καὶ
2764 5500 2935 5565 οὕτως
2955 5499 3127 5563 οὐδεὶς
3157 5500 3280 5570 ὅρος
3304 5495 3369 5550 ἂν
3415 5491 3605 5548 ἐπικό-

426 5694 470 5727 ⁷⁸
504 5693 670 5749 Exod.
711 5709 898 5761 χχχιιι,
934 5696 1023 5749 20.
