3800 5980
198 249 290 306 ιθῖ

1520 246 1608 303 DE
1649 247 1807 304 VITA
1840 247 1980 305 MOY
1991 245 2114 304 SI'S.

3344 241 3447 301 468

196 383 308 419 πτοι
338 367 429 434 τῆς
456 335 595 434 πρὸς
631 364 721 417 τὸν
767 361 899 416 Θεδν
938 363 1125 417 ἀνόδου
1158 364 1253 434 τὴν
1285 363 1544 437 αῦξησιν,
1573 366 1661 420 διὰ
1701 367 1758 420 τὸ

1864 366 2063 437 Iapidei
2099 361 2390 419 foraminis
2427 359 2669 416 retinet?
2701 357 2968 415 transitus
3002 372 3134 413 vero
3182 358 3274 414 Dei
3317 359 3446 430 quis

202 456 325 526 μήτε
368 451 457 506 τοῦ
496 452 666 505 καλοῦ
716 470 768 505 τι
815 451 986 522 πέρας
1028 450 1420 522 εὑρίσκεσθαι,
1466 456 1603 526 μήτε
1654 457 1762 508 τινὶ

199 545 332 614 κόρῳ
358 543 452 613 τὴν
485 542 713 615 πρόοδον
743 544 842 613 τῆς
873 541 1009 611 πρὸς
1050 543 1111 594 τὸ
1160 541 1322 595 καλὸν
1351 542 1646 614 ἐπιθυμίας
1672 546 1763 596 ὲκ-

200 633 492 690 κόπτεσθαι.
523 632 684 687 Ἀλλά
718 634 803 697 τίς
823 636 851 687 6
868 634 1032 696 τόπος
1054 635 1281 699 ἐκεῖνος,
1308 637 1337 687 6
1360 634 1511 707 παρά
1534 634 1614 706 τῷ
1645 634 1764 705 Θεῷ

199 727 467 796 νοούμενος
487 740 502 788 ;
526 724 610 788 τῖς
633 724 689 777 δὲ
711 726 744 795 ἡ
783 720 958 795 πέτρα
981 742 996 791 ;
1026 726 1116 777 καὶ
1141 724 1191 776 τί
1219 725 1381 779 πάλιν
1404 727 1462 780 ὲν
1487 729 1553 797 τῇ
1588 725 1764 798 πέτρᾳ

196 816 251 869 τὸ
284 812 547 886 χώρημα;
577 813 661 876 τίς
687 812 745 865 δὲ
780 815 813 883 ή
861 813 982 882 χεὶρ
1023 811 1118 865 τοῦ
1148 811 1315 877 Θεοῦ,
1365 815 1399 883 ή
1436 814 1496 867 τὸ
1545 814 1764 884 στόμιον

200 903 283 958 τοῦ
319 902 493 956 κοίλου
521 905 621 972 τῆς
647 902 852 968 πέτρας
875 901 1316 971 διαλαμϐάνουσα
1335 920 1349 967 ;
1370 907 1403 975 ὴ
1437 904 1492 957 δὲ
1515 902 1610 956 τοῦ
1627 900 1762 957 Θεοῦ

202 994 413 1066 πάροδος
443 992 561 1058 τίς;
586 993 639 1045 τί
672 993 729 1045 δὲ
756 992 922 1046 αὑτοῦ
953 992 1014 1045 τὸ
1044 994 1307 1057 όπίσθιον,
1342 996 1476 1067 ὅπερ
1510 996 1759 1059 αἰτήσανο

200 1107 247 1142 τι
276 1087 349 1159 τῷ
387 1089 613 1142 Μωῦσεῖ
642 1085 741 1155 τὴν
773 1083 916 1138 κατὰ
973 1086 1264 1155 πρόσωπον
1294 1085 1417 1154 ὄψιν
1441 1127 1458 1152 ,
1505 1085 1701 1161 δώσειν
1735 1087 1763 1138 ό

197 1182 312 1244 Θεὸς
337 1177 732 1251 ὲπηγγείλατος
764 1176 869 1247 χρὴ
903 1174 1011 1247 γὰρ
1048 1176 1267 1240 πάντως
1305 1177 1530 1247 μέγαιτι
1560 1177 1764 1231 τούτων

198 1282 406 1333 ἕκαστον
453 1274 594 1331 εἶναι
618 1318 633 1342 ,
671 1277 765 1331 καὶ
811 1275 909 1347 τῆς
940 1273 1037 1328 τυῦ
1076 1273 1310 1333 διδόντος
1355 1269 1763 1341 μεγαλοδωρεᾶς

197 1370 398 1434 ἐπάξιον
416 1387 429 1399 ·
470 1368 615 1422 ὥστε
645 1368 824 1437 πάσης
864 1368 963 1435 τῆς
989 1362 1287 1433 γενομένης
1314 1360 1415 1432 ἤδη
1438 1359 1515 1430 τῷ
1545 1359 1764 1430 μεγάλῳ

198 1460 468 1531 θεράποντι
506 1456 828 1525 θεοφανείας
850 1493 866 1519 ,
912 1454 1011 1523 τὴν
1062 1449 1393 1519 ἐπαγγελίαν
1426 1445 1632 1515 ταύτην
1669 1462 1764 1517 με-

196 1546 692 1618 γαλοπρεπεστέραν
745 1561 804 1596 τε
857 1543 951 1596 καὶ
995 1539 1329 1610 ὑψηλοτέραν
1389 1535 1758 1591 πιστεύεσθαι.

197 1640 307 1702 Πῶς
334 1635 423 1692 οὖν
459 1637 528 1692 ἄν
560 1653 645 1699 τις
673 1635 735 1689 τὸ
767 1634 900 1705 ὕψος
929 1634 988 1687 τὸ
1014 1636 1078 1687 ὲκ
1112 1632 1220 1685 τῶν
1254 1629 1559 1702 εἰρημένων
1590 1645 1760 1682 κατα-

195 1733 415 1801 νοήσειεν
436 1770 452 1796 ,
486 1729 573 1797 ἐφ’
600 1722 644 1795 ᾧ
688 1726 826 1797 μετά
864 1726 962 1788 τὰς
1001 1722 1268 1786 τοσαύτας
1316 1720 1608 1783 ἀναϐάσεις
1638 1719 1668 1773 6
1700 1736 1759 1772 τε
1792 1707 1833 1762 Β

196 1826 412 1893 Μωῡσῆς
444 1821 715 1891 ἀναϐῆναι
742 1820 917 1886 ποθεῖ,
935 1821 1031 1872 καὶ
1051 1821 1080 1871 6
1106 1819 1217 1881 τοῖς
1240 1814 1497 1885 ἀγαπῶσι
1516 1813 1609 1868 τὸν
1629 1812 1759 1866 Θεὸν

197 1913 357 1966 πάντα
382 1911 662 1982 συνεργῶν
696 1911 777 1973 είς
798 1910 857 1962 τὸ
894 1907 1095 1977 ἀγαθὸν
1121 1948 1136 1975 ,
1161 1906 1507 1978 ὲξευμαρίζει
1533 1904 1619 1958 διὰ
1660 1903 1769 1973 τῆςι

192 2003 394 2074 ὁδηγίας
423 2002 526 2073 τὴν
552 2001 757 2056 ἄνοδον·
777 2021 795 2051 ι
818 2000 949 2053 Ἰδοὺ
965 1999 1180 2066 τόπος,ι
1203 1998 1354 2069 φησὶ,
1380 1999 1540 2069 «παρ’
1559 1995 1701 2066 ἐμοί.
1734 2014 1751 2045 1

194 2093 467 2164 Συμϐαίνει
520 2093 660 2162 τάχα
715 2094 827 2154 τοῖς
871 2089 1406 2162 προτεθεωρημένοις
1453 2089 1514 2142 τὸ
1556 2088 1754 2159 νόημα.

194 2186 350 2238 Τόπον
375 2185 484 2255 γάρ
508 2183 684 2236 εἰπὼν
722 2184 785 2236 οὑ
818 2182 1120 2252 περιείργει
1152 2181 1230 2252 τῷ
1268 2179 1419 2250 ποσῷ
1457 2178 1520 2231 τὸ
1549 2177 1757 2233 δεικνύ-

195 2293 339 2345 μενον
366 2276 478 2345 (sui.
507 2275 617 2345 γάρ
645 2274 738 2328 τοῦ
770 2272 974 2326 ἀπόσου
1021 2273 1215 2344 μέτρον
1255 2272 1354 2325 οὑκ
1406 2269 1594 2339 ἔστιν),
1623 2269 1758 2324 ἀλλά

191 2370 250 2437 τῇ
278 2366 587 2437 παραλήψει
628 2365 730 2434 τῆς
764 2363 905 2418 κατὰ
926 2364 987 2416 τὸ
1026 2363 1220 2433 μέτρον
1248 2362 1597 2433 περιγραφῆς
1622 2405 1633 2423 ,
1667 2362 1757 2416 ἐπὶ

191 2458 244 2511 τὺ
270 2458 485 2529 ἀπειρόν
510 2474 572 2510 τε
602 2458 697 2510 καί
725 2457 973 2526 ἀόριστον
1003 2458 1334 2526 χειραγωγεῖ
1353 2454 1443 2508 τὸν
1466 2453 1755 2507 ἀκούοντα.

190 2550 333 2601 Δοκεῖ
360 2548 540 2601 τοίνυν
577 2545 814 2600 τοιοῦτόν
856 2562 978 2598 τινα
1015 2544 1139 2599 νοῦν
1179 2544 1566 2614 ὑποσημαίνειν
1605 2545 1635 2597 ό
1670 2543 1759 2598 λό-

189 2654 290 2703 γος·
330 2639 545 2709 Ἐπειδὴ
582 2653 665 2690 σοι
694 2636 830 2707 πρὸς
858 2636 919 2688 τὺ
949 2634 1253 2705 ἔμπροσθεν
1280 2636 1313 2704 η
1339 2632 1602 2703 ἐπιθυμία
1633 2652 1755 2688 συν-

187 2727 446 2793 τέτακται,
486 2727 584 2780 καί
618 2743 698 2778 σοι
720 2725 813 2778 τοῦ
841 2725 1041 2794 δρόμου
1067 2723 1222 2793 κόρος
1254 2723 1427 2785 οὐδεὶς
1446 2761 1460 2783 ,
1493 2722 1611 2775 οὐδέ
1635 2739 1755 2776 τινα

1866 458 1998 513 est?
2040 465 2136 511 aut
2187 454 2462 526 posterius
2505 452 2645 524 ejus,
2682 452 2827 522 quod
2874 450 3046 520 Moysi
3092 450 3288 506 faciem
3322 453 3442 523 ejus

1866 549 1973 604 sibi
2015 556 2076 602 ut
2118 546 2307 601 videre
2344 545 2532 600 liceret
2571 542 2908 615 postulanti,
2946 542 3345 613 permissurum
3386 558 3445 598 se

1864 637 2008 694 Deus
2037 645 2123 694 est
2152 636 2467 708 pollicitus?
2491 641 2711 707 oportet
2734 635 2880 691 enim
2912 634 3158 706 profecto
3186 649 3444 705 magnum

1864 728 1994 799 quid
2031 729 2459 799 unumquodque
2501 727 2731 783 istorum
2768 742 2912 791 esse,
2954 733 3009 781 et
3061 725 3169 781 Deo
3204 725 3446 781 donante

1864 834 1975 875 non
2014 819 2328 890 indignum,
2361 818 2435 874 ita
2483 825 2543 873 ut
2585 817 2829 873 omnium
2876 817 3122 881 visione,
3165 831 3329 887 quam
3376 816 3443 871 ad

1865 908 2011 964 hunc
2039 923 2208 979 usque
2232 907 2374 963 diem
2391 906 2605 979 Moyses
2633 906 2865 971 viderat,
2894 906 3068 976 major
3091 906 3207 962 haec
3238 914 3293 962 et
3312 906 3441 963 sub-

1863 999 2045 1053 limior
2091 998 2242 1055 credi
2283 999 2472 1069 possit.
2536 996 2821 1064 Quomodo
2864 998 3030 1067 igitur
3072 998 3289 1053 illorum
3321 1013 3444 1053 ver-
3481 1055 3485 1059 ,

1865 1088 2059 1143 borum
2089 1087 2515 1158 profunditatem
2550 1085 2960 1159 intelligemus?
2989 1088 3194 1142 auxilio
3228 1088 3442 1143 scilicet

1865 1178 2034 1244 illius,
2063 1178 2159 1249 qui
2204 1187 2258 1234 et
2291 1164 2500 1249 Moysi,
2539 1186 2594 1233 et
2627 1179 2885 1233 omnibus
2926 1178 3020 1248 qui
3051 1193 3176 1232 cum
3219 1188 3438 1242 amant,

1864 1272 2079 1341 plenam
2137 1271 2205 1326 ad
2248 1286 2411 1327 omne
2466 1271 2667 1326 bonum
2722 1270 2865 1324 viam
2924 1271 3063 1327 solet
3117 1279 3437 1341 praesmre:

1869 1378 1887 1411 ι
1925 1358 2086 1427 Ecce,
2138 1378 2157 1411 ι
2199 1359 2399 1430 inquit,
2447 1376 2464 1411 ι
2500 1359 2656 1413 locus
2697 1357 2843 1428 apud
2877 1373 2963 1413 me
2989 1359 3057 1411 τί.
3098 1376 3116 1410 ι
3151 1357 3308 1423 Quod
3359 1358 3440 1414 sic

1862 1447 2280 1519 intelligendum
2320 1456 2424 1510 est,
2463 1446 2609 1518 quod
2645 1446 2830 1510 abiis,
2866 1461 2989 1516 quae
3021 1460 3147 1500 mox
3177 1446 3436 1511 diximus,

1864 1555 1974 1595 non
2002 1540 2075 1596 sit
2103 1540 2361 1595 alienum.
2391 1538 2596 1594 Locum
2630 1537 2798 1608 igitur
2829 1537 2981 1603 dicit,
3007 1552 3118 1592 non
3149 1537 3439 1605 superﬁcie

1863 1630 2282 1697 circumfusum,
2317 1646 2418 1687 nec
2451 1630 2759 1701 quantitate
2790 1628 2898 1684 ulla
2923 1629 3260 1699 descriptum
3293 1629 3312 1700 (
3340 1643 3438 1685 nec

1860 1726 2005 1781 enim
2045 1733 2131 1781 est
2170 1726 2228 1781 in
2276 1726 2549 1781 immenso
2595 1722 3024 1795 mensura;(scd
3060 1721 3128 1777 ad
3161 1721 3434 1776 inﬁnitum

1861 1824 2027 1887 atque
2054 1816 2461 1873 interminabile
2488 1815 2595 1870 loci
2621 1815 2865 1876 nomine,
2888 1812 2983 1884 qui
3011 1811 3435 1881 circumscripta

1861 1923 2119 1963 mensura
2146 1907 2496 1969 terminatur,
2529 1905 2837 1961 auditorem
2858 1903 3107 1973 deduxit;
3132 1904 3277 1958 hunc
3305 1918 3437 1974 ergo

1861 2015 2086 2057 sensum
2122 1998 2520 2056 subosteudere
2553 1997 2686 2051 mihi
2719 1997 2957 2053 videtur:
2993 1994 3265 2061 Quoniam
3312 1995 3433 2060 tibi,

1860 2088 2100 2161 Moyses,
2129 2089 2196 2144 ad
2228 2089 2505 2144 anteriora
2537 2086 2798 2159 pergendi
2825 2100 3039 2157 semper
3068 2086 3267 2158 ingens
3292 2085 3438 2141 desi-

1858 2183 2072 2239 derium
2101 2192 2204 2246 est,
2241 2197 2342 2238 nec
2380 2182 2493 2235 ullo
2521 2179 2686 2251 hujus
2716 2194 2912 2235 cursus
2949 2179 3133 2233 labore
3166 2177 3437 2248 defatiga-

1858 2277 1957 2341 ris,
1982 2290 2084 2331 nec
2105 2276 2398 2331 terminum
2424 2273 2590 2344 hujus
2615 2271 2944 2342 assequendi
2970 2271 3096 2327 boni
3122 2270 3433 2333 constituis,

1863 2367 1963 2423 sed
2008 2381 2224 2437 semper
2277 2365 2460 2420 iuhias
2496 2364 2565 2419 ad
2611 2363 2822 2433 majora
2844 2402 2860 2428 ,
2896 2362 3043 2417 scias
3071 2368 3283 2415 tantum
3315 2376 3438 2417 esse

1861 2456 2008 2527 apud
2040 2471 2128 2511 me
2172 2456 2377 2521 locum,
2397 2462 2456 2510 ut
2475 2468 2757 2524 nunquam
2787 2451 3082 2509 terminum
3115 2450 3236 2520 ejus
3266 2465 3434 2505 cursu

1862 2555 1958 2600 aut
1984 2546 2169 2600 volatu
2202 2545 2388 2616 aliquo
2408 2558 2580 2613 queas
2605 2543 2891 2598 invenire:
2921 2541 3013 2597 hic
3036 2548 3217 2597 autem
3242 2555 3437 2595 cursus

1864 2644 2030 2706 atque
2074 2635 2290 2692 volatus
2316 2642 2494 2700 status
2517 2634 2738 2705 quidem
2768 2640 2854 2690 est
2884 2634 2988 2687 alia
3021 2633 3252 2688 ratione.
3287 2650 3305 2681 ι
3348 2629 3437 2693 S_i~

1861 2736 2002 2782 stam
2031 2728 2200 2791 enim,
2236 2747 2255 2779 ι
2291 2727 2492 2796 inquit,
2527 2740 2547 2776 ι
2580 2733 2636 2779 te
2665 2725 2721 2779 in
2752 2725 2948 2795 lapide.
2991 2743 3012 2777 ι

186 2819 270 2877 τοῦ
292 2818 493 2887 ἀγαθοῦ
526 2820 686 2890 κόρον
713 2818 1023 2879 ἐπίστασαι,
1059 2816 1171 2869 ἀλλ’
1201 2816 1288 2869 ἀεὶ
1308 2816 1442 2886 πρὸς
1476 2818 1538 2869 τὸ
1598 2816 1777 2870 πλεῖον
1802 2819 1831 2870 6
1857 2820 2019 2886 πόθος
2072 2821 2285 2892 βλέπει’
2350 2817 2602 2884 τοσοῦτός
2654 2821 2803 2875 ἐστιν
2859 2820 2889 2872 6
2931 2819 3060 2889 παρ’
3095 2819 3218 2889 ἐμοὶ
3253 2819 3433 2882 τόπος,

187 2912 313 2967 ὥστε
347 2911 436 2965 τὸν
482 2913 547 2964 ὲν
592 2908 741 2979 αὑτῷ
789 2907 1087 2968 διαθέοντα,
1125 2906 1392 2977 μηδέποτε
1437 2907 1727 2979 δυνηθῆναι
1758 2909 1914 2982 λῆξαι
1947 2912 2043 2967 τοῦ
2070 2913 2293 2985 δρόμου.
2360 2912 2418 2965 Ὁ
2455 2910 2511 2965 δὲ
2541 2910 2779 2983 δρόμος,
2832 2909 3003 2981 ἑτέρῳ
3047 2909 3189 2980 λόγῳ
3251 2909 3435 2975 στάσις

187 3008 309 3064 ὲστί.
352 3027 370 3060 ι
396 3007 590 3078 Στήσω
625 3005 733 3074 γάρ
764 3019 877 3067 es,»
914 3002 1077 3072 φησὶν
1098 3039 1112 3065 ,
1153 3019 1171 3052 ι
1196 3002 1288 3054 ἐπὶ
1323 3003 1424 3072 τῆς
1454 3001 1712 3074 πέτρας.»

249 3143 411 3198 Τοῦτο
433 3142 491 3196 δὲ
530 3140 590 3194 τὸ
614 3139 828 3193 πάντων
854 3136 1283 3209 παραδοξότατον
1310 3180 1323 3195 .
1358 3137 1470 3201 πῶς
1520 3138 1579 3190 τὸ
1625 3136 1757 3191 αὑτὸ

1928 3140 2176 3197 Mirabile
2208 3139 2421 3204 auditu,
2470 3140 2743 3211 quomodo
2775 3153 2942 3194 unum
2973 3105 3048 3213 ac
3084 3137 3226 3193 idem
3260 3142 3435 3192 status

189 3235 273 3288 καὶ
302 3234 490 3296 στάσις
525 3230 641 3282 ἐστὶ
673 3230 767 3283 καὶ
796 3229 1007 3299 κίνησις
1027 3246 1039 3257 ·
1090 3230 1118 3281 6
1159 3228 1268 3298 γὰρ
1298 3226 1459 3280 ἀνιὼν
1488 3267 1500 3289 ,
1546 3228 1761 3292 πάντως

187 3328 274 3397 οὐχ
302 3327 538 3388 ἵσταται,
582 3322 674 3375 καὶ
709 3323 736 3374 6
770 3318 938 3383 ἑστὼς
960 3321 1060 3372 οὑκ
1087 3319 1405 3391 ἀνέρχεται*
1440 3320 1671 3375 ἐνταῦθα
1704 3320 1760 3372 δὲ

187 3416 264 3468 διὰ
287 3414 376 3467 τοῦ
397 3412 647 3476 ἑστάναι,
679 3409 738 3462 τὺ
763 3407 1025 3478 ἀναϐῆναι
1050 3407 1258 3476 γίνεται
1281 3423 1294 3439 ο
1323 3406 1482 3460 τοῦτο
1508 3407 1563 3459 δέ
1593 3410 1757 3469 ἐστιν,

186 3504 258 3556 ὃτι
286 3503 392 3574 ὅσῳ
442 3518 537 3566 τις
587 3499 780 3568 πάγιός
831 3515 892 3552 τε
941 3500 1035 3552 καὶ
1079 3497 1408 3569 ἀμετάθετος
1434 3499 1492 3551 ἐν
1522 3499 1597 3567 τῷ
1622 3499 1759 3566 ἀγα-

190 3592 258 3663 θῷ
273 3593 517 3664 διαμένει
539 3608 553 3623 ·
590 3589 829 3661 τοσούτῳ
868 3588 1027 3642 πλέον
1053 3587 1142 3642 τὸν
1178 3591 1276 3659 τῆς
1324 3589 1523 3659 ἀρετῆς
1558 3587 1760 3641 διανύει

188 3686 392 3758 δρόμον.
430 3686 490 3739 '0
520 3683 635 3754 γὰρ
678 3682 1016 3755 περισφαλὴς
1046 3698 1105 3734 τε
1143 3681 1237 3734 καὶ
1267 3679 1583 3750 ὀλισθηρὸς,
1621 3678 1761 3733 κατά

188 3777 273 3848 τὴν
307 3778 413 3831 τῶν
460 3775 742 3846 λογισμῶν
792 3774 946 3844 βάσιν
987 3773 1241 3827 ἀϐέϐαιον
1272 3771 1371 3843 τὴν
1411 3772 1468 3825 ὲν
1500 3771 1578 3842 τῷ
1611 3770 1761 3842 καλῷ

191 3867 364 3921 στάσιν
384 3858 563 3937 ἔχων,
591 3863 1043 3934 κλυδωνιζόμενός
1068 3881 1125 3918 τε
1177 3862 1272 3916 καὶ
1309 3864 1756 3934 περιφερόμενος,

189 3958 357 4021 καθώς
385 3973 554 4027 φησιν
586 3957 615 4008 6
655 3954 978 4018 Ἀπόστολος
997 3995 1011 4017 ,
1041 3955 1135 4007 καὶ
1160 3955 1280 4016 ταῖς
1311 3954 1438 4024 περὶ
1467 3953 1574 4008 τῶν
1594 3954 1760 4006 όντων

188 4045 517 4116 ὕπολήψεσινί
536 4043 894 4107 ἐπιδιστάζων
927 4046 1020 4103 καὶ
1060 4044 1512 4116 κραδαινόμενος,
1558 4047 1657 4100 οὑκ
1694 4046 1760 4101 ἀν

190 4154 305 4191 ποτε
333 4139 471 4210 πρὸς
491 4138 556 4191 τὸ
591 4135 725 4206 ὕψος
755 4139 855 4208 τῆς
885 4136 1082 4207 ἀρετῆς
1118 4136 1440 4208 ἀναδράμοι.
1476 4139 1562 4202 Ὠς
1595 4141 1643 4193 οί
1671 4139 1760 4194 διὰ

194 4227 399 4299 ξάμμου
427 4227 738 4298 βαδίζοντες
769 4227 904 4299 πρὸς
934 4227 996 4280 τὸ
1016 4226 1239 4290 ἄναντες
1259 4268 1273 4286 .
1307 4228 1409 4282 κᾶν
1432 4229 1641 4300 μεγάλα
1663 4231 1759 4285 τύ-

186 4333 312 4386 χωσι
345 4321 458 4381 τοῖς
484 4318 615 4371 ποσὶ
636 4316 1025 4381 διαϐαίνοντες,
1061 4316 1295 4385 ἀνόνητα
1320 4317 1605 4387 μοχθοῦσιν
1629 4359 1641 4383 ,
1672 4319 1759 4372 ἀεὶ

187 4407 311 4476 πρὸς
361 4409 423 4462 τὸ
483 4410 638 4464 κάτω
695 4410 794 4478 τῆς
860 4407 1068 4478 βάσεως
1123 4409 1639 4488 συγκαταρρεούσης
1690 4413 1755 4483 τῇ

182 4496 416 4573 ψάμμῳ·
448 4499 527 4562 ὡς
551 4497 650 4569 τὴν
675 4498 772 4568 μὲν
804 4498 1017 4567 κίνησιν
1050 4498 1420 4568 ἐνεργεῖσθαι,
1453 4501 1675 4573 πρόοδον
1700 4503 1757 4557 δὲ

186 4586 448 4657 μηδεμίαν
477 4589 581 4659 τῆς
599 4588 863 4657 κινήσεως
883 4586 1152 4656 γίνεσθαι.
1188 4589 1250 4642 El
1283 4589 1339 4641 δέ
1368 4607 1484 4653 τις,
1517 4591 1697 4657 καθὼς
1725 4595 1758 4664 ἠ

183 4675 461 4748 ψαλμῳδία
486 4678 644 4748 φησὶ,
672 4678 770 4748 τῆς
801 4677 894 4732 τοῦ
926 4678 1086 4750 βυθοῦ
1125 4680 1475 4752 ὑποστάθμης
1515 4682 1757 4737 ἀνασπά-

187 4782 278 4829 σας
318 4767 445 4829 τοὺς
498 4768 699 4832 πέδας,
739 4768 831 4821 ἐπὶ
865 4771 965 4839 τῆς
996 4768 1203 4841 πέτρας
1226 4768 1448 4833 τούτους
1495 4771 1755 4844 ἐρείσειεν

1861 3237 1915 3286 et
1949 3241 2128 3285 motus
2158 3238 2242 3286 est
2274 3247 2285 3282 :
2334 3229 2378 3286 si
2414 3229 2542 3299 quid
2580 3229 2847 3292 ascendit,
2880 3220 2993 3282 non
3027 3235 3135 3284 stat
3174 3245 3187 3281 :
3219 3226 3263 3282 si
3301 3235 3432 3291 stat,

1862 3333 1971 3373 non
2003 3318 2246 3373 ascendit
2280 3336 2293 3372 :
2324 3327 2378 3372 at
2416 3317 2508 3372 hic
2550 3317 2821 3380 ascendit,
2855 3317 2982 3385 quia
3014 3324 3141 3372 stat.
3177 3315 3310 3370 Nam
3340 3317 3433 3387 qui

1861 3413 2104 3467 caducus
2131 3425 2194 3466 ac
2221 3410 2497 3465 instabilis
2524 3408 2951 3479 cogitationibus
2986 3415 3105 3474 est,
3143 3423 3251 3462 non
3294 3407 3434 3462 ﬁxus

1862 3505 1915 3559 in
1948 3505 2091 3559 bono
2126 3518 2228 3558 nec
2259 3518 2622 3572 permanens,
2655 3502 2749 3556 sed
2786 3500 3060 3555 ﬂuctuans
3106 3509 3160 3554 et
3194 3500 3434 3554 circum-

1861 3604 2040 3662 actus,
2069 3605 2127 3649 ut
2155 3595 2232 3648 ait
2263 3593 2586 3663 Apostolus,
2622 3592 2900 3661 variisque
2925 3591 2993 3645 de
3026 3605 3208 3644 rerum
3240 3599 3432 3644 natura

1861 3688 2211 3760 opinionibus
2254 3690 2308 3742 in
2351 3698 2644 3755 utramque
2679 3691 2886 3753 partem
2936 3682 3207 3752 impulsus
3244 3689 3301 3735 et
3338 3696 3434 3736 ex-

1865 3778 2142 3848 agitatus,
2202 3778 2251 3833 is
2305 3790 2583 3846 nunquam
2641 3773 2708 3829 ad
2766 3771 3155 3828 sublimitatem
3213 3771 3433 3825 virtutis

1862 3850 2128 3934 ascendit,
2163 3872 2305 3924 sicut
2334 3867 2426 3938 qui
2462 3851 2632 3921 colles
2662 3873 2931 3919 conantur
2970 3862 3235 3919 scandere
3265 3847 3450 3919 sabu?

1860 3962 2010 4018 loses
2040 3979 2053 4015 :
2084 3977 2210 4015 nam
2240 3960 2342 4017 etsi
2372 3958 2628 4029 projectis
2657 3957 2711 4012 in
2740 3958 2961 4028 longum
2986 3956 3218 4028 pedibus
3242 3972 3433 4028 magna

1860 4055 2098 4109 transire
2131 4053 2307 4124 spatia
2346 4052 2652 4111 videantur,
2704 4063 2918 4118 semper
2956 4055 3139 4101 tamen
3177 4046 3246 4103 ad
3291 4046 3432 4101 infe—

1861 4146 2004 4200 riora
2050 4144 2274 4213 delapso
2314 4140 2509 4198 sabulo
2546 4138 2889 4194 deferuntur.
2937 4137 3115 4193 Motus
3153 4138 3319 4208 igitur
3350 4136 3430 4202 ﬁt,

1860 4250 2183 4306 progressus
2228 4241 2408 4288 autem
2442 4231 2627 4287 nullus
2659 4231 2735 4285 ﬁt.
2774 4231 2842 4283 At
2880 4230 2926 4283 si
2972 4229 3119 4298 quis,
3177 4237 3237 4282 ut
3280 4227 3433 4283 Psal-

1859 4328 2021 4383 mista
2051 4328 2215 4389 dicit,
2249 4341 2277 4379 a
2310 4324 2441 4380 faece
2470 4324 2725 4395 profundi
2753 4328 3016 4377 retractos
3046 4320 3210 4390 pedes
3246 4320 3300 4374 in
3329 4320 3431 4373 hoc

1861 4418 2109 4492 posuerit
2156 4417 2333 4487 lapide
2378 4416 2559 4488 (lapis
2605 4424 2788 4470 autem
2831 4412 3089 4487 Christus
3119 4420 3223 4476 est,
3257 4411 3430 4480 pleni-

1862 4508 1991 4564 tudo
2020 4509 2283 4563 virtutum
2309 4507 2554 4562 omnium
2586 4505 2604 4573 )
2631 4521 2645 4559 :
2670 4509 2880 4573 quanto
2905 4501 3113 4557 ﬁrmior
3143 4517 3206 4557 ac
3235 4502 3432 4556 immo-

1858 4598 2041 4660 bilior,
2092 4607 2150 4652 ut
2185 4597 2385 4652 Paulus
2433 4595 2696 4657 consulit,
2745 4593 2800 4647 in
2844 4593 2993 4648 bono
3034 4593 3222 4657 fuerit,
3277 4598 3431 4646 tanto

1860 4690 2104 4745 velocius
2142 4689 2307 4755 volat,
2342 4689 2448 4744 hac
2484 4685 2781 4742 stabilitate
2815 4686 2974 4754 quasi
3020 4683 3215 4752 pennis
3255 4684 3431 4738 eleva-

1861 4787 1968 4835 tus.

187 4862 234 4930 (ὴ
255 4862 424 4934 πέτρα
449 4864 509 4917 δέ
545 4866 692 4918 ἐστιν
722 4867 750 4918 ὁ
775 4865 1007 4934 Χριστὸς
1025 4902 1039 4927 υ
1071 4867 1103 4934 ἡ
1131 4863 1399 4935 παντελὴς
1426 4865 1636 4937 ἀρετὴ),
1668 4869 1777 4940 ὅσῳ
1806 4873 2003 4942 μᾶλλον
2025 4862 2236 4946 ἑδραῖος
2270 4874 2326 4925 ὲν
2371 4870 2448 4941 τῷ
2491 4869 2680 4940 ἀγαθῷ
2723 4870 2816 4923 καὶ
2865 4866 3260 4940 ἁμετακίνητος
3288 4863 3429 4919 κατὰ

183 4949 273 5021 τὴν
330 4953 645 5025 συμϐουλὴν
706 4953 800 5007 τοῦ
855 4953 1067 5007 Παύλου
1125 4953 1352 5021 γίνεται,
1390 4954 1629 5025 τοσούτῳ
1679 4957 1872 5012 θᾶττον
1922 4961 2126 5015 διανύει
2186 4962 2276 5014 τὸν
2329 4961 2526 5032 δρόμον
2557 4999 2571 5023 ,
2612 4954 2722 5012 οἷόν
2776 4974 2882 5010 τινι
2923 4952 3106 5024 πτερῷ
3141 4954 3207 5024 τῇ
3243 4953 3429 5006 στάσει
3496 4958 3501 4961 ’

184 5039 455 5113 χρώμενος
478 5085 493 5109 ,
534 5044 631 5098 καὶ
667 5044 802 5114 πρὸς
831 5043 929 5116 τὴν
956 5043 1068 5098 ἄνω
1096 5043 1341 5114 πορείαν,
1363 5044 1450 5098 διὰ
1474 5048 1573 5117 τῆς
1595 5046 1942 5120 βεϐαιότητος
1962 5051 2072 5131 τοῦ
2111 5048 2316 5119 ἀγαθοῦ
2343 5091 2357 5115 ,
2386 5051 2483 5121 τὴν
2515 5049 2740 5121 καρδίαν
2775 5046 3154 5118 πτερούμενσς.

259 5180 315 5233 '0
339 5178 434 5234 οὖν
464 5181 749 5249 ὑποδείξας
784 5182 864 5252 τῷ
902 5184 1124 5237 Μωὺσεϊ
1149 5184 1237 5237 τὸν
1268 5184 1450 5249 τόπον,
1499 5188 1758 5258 παρορμᾷ

188 5266 313 5336 πρὸς
360 5270 455 5326 τὸν
499 5271 716 5344 δρόμον.
773 5272 882 5343 Τὴν
930 5273 987 5326 δὲ
1029 5274 1121 5327 ἐπὶ
1177 5275 1276 5345 τῆς
1334 5275 1537 5346 πέτρας
1585 5278 1756 5346 ἐπαγ-

1933 5187 2070 5245 Cum
2103 5189 2267 5259 igitur
2314 5189 2493 5243 locum
2527 5186 2669 5258 apud
2720 5200 2779 5240 se
2796 5183 3079 5263 ‘ostendit,
3125 5181 3191 5237 ad
3235 5196 3427 5252 perpe-

1864 5286 2031 5332 tuum~
2062 5292 2283 5333 cursum
2331 5277 2691 5339 exhortatur;
2734 5289 2858 5328 cum
2910 5281 3110 5330 statum
3160 5273 3215 5326 in
3250 5272 3428 5342 lapide

185 5361 495 5432 γειλάμενος
551 5365 770 5430 στάσιν,
816 5366 909 5418 τὸν
950 5367 1151 5437 τρόπον
1195 5368 1294 5437 τῆς
1342 5366 1492 5431 θείας
1543 5368 1755 5439 ἐκείνης

1864 5369 2114 5423 daturum
2150 5383 2209 5425 se
2242 5368 2537 5438 promittit,
2570 5365 2792 5421 modum
2827 5365 2998 5422 divini
3042 5380 3239 5422 cursus
3279 5365 3425 5420 illius

189 5451 595 5524 σταδιοδρομίας
618 5455 762 5526 αὐτῷ
796 5456 1155 5516 ὑποδείκνυσι.
1186 5459 1259 5513 Τὸ
1285 5458 1340 5513 δὲ
1383 5459 1440 5512 ὲν
1480 5461 1544 5531 τῇ
1581 5460 1753 5532 πέτρα

1864 5462 2036 5531 Moysi
2080 5460 2378 5532 subaperit.
2409 5459 2699 5532 Capacitas
2724 5474 2852 5514 vero
2884 5467 2978 5514 aut
3014 5456 3259 5514 foramen
3288 5457 3423 5527 lapi-

259 5623 296 5655 "
324 5626 497 5681 Exod.
543 5643 732 5694 xxv-t,
