3756 5988
165 250 268 308 ιοθ

1536 255 1622 311 DE
1658 254 1822 312 VlTA
1857 253 2130 311 MOYSIS.

3323 257 3427 314 MO

169 365 296 417 ίίεἰν
324 362 417 417 τὸν
459 363 622 418 Θεόν·
655 365 738 420 ὅτι
782 365 844 419 τὸ
871 366 1183 423 ἀκολουθεῖν
1234 369 1312 439 τῷ
1346 368 1488 441 Θεῷ,
1530 371 1651 426 καθ’
1686 373 1823 445 ὅπερ
1855 373 1921 428 ἂν
1961 371 2301 440 καθηγεῖται,
2335 325 2491 422 τοῦτο
2524 367 2742 438 βλέπειν
2769 369 2885 422 ἐστὶ
2921 369 3013 423 τὸν
3042 369 3174 423 Θεόν
3194 382 3206 399 ⁸
3250 371 3284 441 ἡ
3315 368 3427 442 γὰρ

168 456 399 525 πάροδος
437 456 605 510 αυτοῦ
645 456 745 527 τὴν
772 458 995 529 ὁδηγίαν
1015 458 1110 514 τοῦ
1139 458 1406 531 ἑπομένου
1440 462 1813 533 διασημαίνει,
1847 464 1908 517 οὐ
1936 462 2046 534 γὰρ
2073 460 2220 514 ἔστιν
2252 461 2425 522 ἄλλως
2453 459 2545 511 τὸν
2574 458 2870 526 ἀγνοοῦντα
2896 458 2991 530 τὴν
3022 459 3139 514 ὁδὸν
3169 458 3427 538 ἀσφαλῶς

163 547 433 612 ἄανύσαι,
466 547 541 619 μὴ
572 547 652 618 τῷ
683 548 1074 622 καθηγουμένῳ
1104 554 1331 608 κατόπιν
1371 555 1655 625 ἑπόμενον.

246 639 304 693 '0
324 635 432 693 οῦν-
450 640 681 709 ὁδηγῶν,
713 640 791 711 τῷ
817 645 1171 713 προηγεῖσθαι
1209 644 1302 699 τοῦ
1347 646 1613 718 ἑπομένου
1655 649 1729 716 τὴι

1939 643 2044 698 Dux
2082 644 2249 713 igitur
2288 647 2583 711 prmcundo
2617 642 2866 712 sequenti
2916 644 3059 698 viam
3106 651 3376 698 monstrat
3407 661 3422 697 :

165 733 282 787 ὁδὸν
325 731 704 786 ὑποδείκνυσιν
733 750 748 764 ·
792 734 821 786 6
849 732 907 785 δὲ
938 733 1225 804 ἑπόμενος,
1255 735 1376 788 τότε
1406 728 1505 806 τῆς
1532 736 1747 800 εὐθείας

163 825 267 878 οὐκ
310 823 742 894 ἐκτραπήσεται,
791 824 839 875 εί
886 823 949 876 τὸ
991 824 1168 878 ὀπίσω
1200 825 1286 878 ἀεὶ
1316 825 1413 879 τοῦ
1444 827 1746 897 ἡγουμένου

166 911 379 981 βλέποι.
420 912 478 965 '0
505 911 615 983 γὰρ
640 912 734 965 ἐπὶ
770 912 839 968 τά
866 912 1070 982 πλάγια
1090 918 1157 986 τῇ
1187 917 1398 987 κινήσει
1432 919 1746 990 παραφερό·

168 1018 352 1071 μενος,
380 1001 414 1073 ἢ
438 1003 853 1074 ἀντιπρόσωπον
882 1004 1063 1076 φέρων
1092 1004 1169 1077 τῷ
1191 1006 1471 1078 ὁδηγοῦντι
1498 1008 1559 1061 τὸ
1583 1008 1750 1080 βλέμ-

169 1108 247 1161 μα
266 1131 282 1156 ,
316 1091 485 1162 ἀλλην
513 1092 693 1164 ἐαυτῷ
717 1099 1031 1167 καινοτομεῖ
1065 1097 1311 1169 πορείαν,
1343 1099 1443 1171 οὐχ
1474 1100 1539 1172 ἢν
1565 1101 1593 1153 6
1623 1100 1746 1172 ὁδη-

166 1182 262 1251 γὺς
292 1183 656 1239 ὑποδείκνυσι.
689 1185 780 1238 Διό
810 1204 941 1255 φησι
970 1188 1108 1257 πρὸς
1134 1189 1225 1242 τὸν
1252 1189 1633 1262 ὁδηγούμενον,
1665 1192 1747 1245 ὅτι

174 1289 194 1324 ι
230 1272 305 1324 Τὸ
346 1273 639 1343 πρόσωπόν
675 1291 776 1344 μου
808 1276 908 1329 οὐκ
949 1276 1246 1348 ὀφθήσεταί
1277 1295 1388 1332 σοι·
1428 1299 1448 1333 ι
1477 1280 1744 1346 τουτέστι,

173 1360 245 1434 μὴ
274 1362 689 1433 ἀντιπρόσωπος
733 1364 880 1433 γίνου
911 1365 989 1437 τῷ
1010 1367 1313 1439 ὁδηγοῦντι.
1352 1370 1495 1441 Πρὸς
1532 1371 1641 1442 γὰρ
1685 1370 1748 1424 τὸ

169 1453 411 1507 ἐναντίον
444 1456 661 1519 πάντως
698 1458 725 1509 6
756 1456 952 1527 δρόμος
984 1458 1157 1512 ἔσται’
1190 1461 1395 1529 ἀγαθὸν
1425 1461 1535 1533 γάρ
1557 1461 1748 1533 ἀγαθῷ

168 1546 269 1597 οὐκ
314 1545 651 1612 ἀντιϐλέπει,
679 1548 793 1601 ἀλλ’
823 1550 1034 1606 ἕπεται.
1068 1551 1142 1605 Τὸ
1184 1552 1241 1606 δὲ
1282 1554 1349 1607 ἐκ
1379 1554 1470 1608 τοῦ
1502 1555 1746 1611 ἐναντίω

169 1633 480 1704 νοούμενον,
515 1637 593 1708 τῷ
618 1638 806 1709 ἀγαθῷ
835 1641 1248 1712 ἀντιπρόσωπον
1271 1643 1500 1712 γίνεται.
1553 1647 1618 1699 Ἦ
1638 1645 1746 1718 γὰρ

170 1726 338 1781 κακία
363 1725 426 1791 ἐξ
463 1729 710 1783 ἐναντίου
758 1735 825 1802 τῇ
874 1734 1043 1804 ἀρετῇ
1093 1733 1279 1805 βλέπει
1302 1751 1316 1768 ·
1358 1738 1528 1808 ἀρετὴ
1558 1736 1616 1790 δὲ
1647 1738 1748 1793 οὐκ

167 1817 576 1889 ἀντιθεωρεῖται
641 1825 707 1894 τῇ
770 1824 937 1896 ἀρετῇ
999 1826 1438 1900 ἀντιπρόσωπος.
1528 1830 1586 1882 Ὁ
1653 1826 1747 1886 οὖν

168 1910 409 1982 Μωῦσῆς
433 1913 534 1965 οὐκ
564 1914 877 1968 ἀντιδλέπει
903 1915 982 1986 τῷ
1010 1916 1149 1988 Θεῷ,
1172 1918 1314 1971 ἀλλά
1343 1918 1412 1972 τά
1439 1919 1615 1974 ὀπίσω
1649 1921 1748 1975 αὑ-

1851 735 1944 805 qui
1981 744 2160 789 autem
2198 734 2470 803 sequitur,
2507 742 2639 788 tunc
2670 750 2699 787 a
2742 743 2889 788 recta
2922 735 3007 789 via
3038 751 3148 790 non
3186 736 3424 799 aberrat,

1848 841 1973 879 cum
2022 839 2237 894 semper
2275 824 2432 879 ducis
2472 833 2680 898 tergunt
2715 825 2994 895 respiciat.
3030 823 3166 880 Nam
3210 827 3303 896 qui
3358 828 3427 880 ad

1850 916 2021 972 latera
2054 932 2113 972 se
2164 916 2461 981 transfert,
2506 926 2600 971 aut
2652 916 2904 972 ducentis
2959 917 3150 972 faciem
3198 933 3429 973 cernere

1848 1012 2066 1077 studet,
2101 1026 2209 1065 non
2251 1010 2380 1064 facit
2424 1024 2544 1064 eam
2585 1008 2750 1072 viam,
2791 1022 2954 1077 quam
2987 1008 3099 1062 dux
3130 1010 3369 1064 ostendit
3409 1027 3424 1064 :

1849 1119 1913 1157 ac
1934 1104 2055 1158 ideo
2075 1104 2280 1157 dicitur
2300 1102 2348 1156 ei
2372 1121 2384 1156 :
2414 1119 2431 1152 ι
2456 1099 2648 1155 Facies
2674 1116 2788 1171 mea
2815 1115 2923 1154 non
2944 1100 3217 1155 videbitur
3241 1102 3375 1167 tibi;
3400 1120 3421 1154 ο

1849 1195 1953 1249 hoc
1980 1203 2086 1253 est.
2114 1193 2233 1247 Noli
2264 1193 2330 1246 ad
2362 1192 2556 1247 faciem
2583 1191 2836 1246 ducentis
2866 1190 2959 1246 Dei
2994 1206 3312 1257 occurrere,
3360 1209 3428 1248 ne

1850 1287 1904 1341 in
1924 1284 2230 1355 oppositum
2248 1297 2440 1340 cursus
2459 1282 2563 1336 fiat.
2608 1280 2743 1338 Nam
2778 1283 2824 1338 si
2859 1280 3063 1339 bonum
3108 1285 3254 1338 bono
3301 1298 3430 1339 con-

1848 1378 2080 1433 trarium
2116 1392 2226 1431 non
2253 1387 2369 1440 est,
2402 1385 2458 1431 et
2489 1375 2583 1444 qui
2613 1373 2867 1430 ducentis
2902 1372 3095 1428 faciem
3122 1373 3271 1429 videt
3292 1414 3307 1439 ,
3332 1374 3432 1429 dh-

1847 1464 1996 1519 centi
2021 1464 2308 1534 oppositus
2334 1472 2439 1527 est,
2463 1478 2588 1518 cum
2618 1462 2824 1518 ducens
2846 1463 3024 1518 bonus
3046 1463 3138 1528 sit,
3165 1462 3284 1533 ipse
3315 1478 3430 1518 ma-

1849 1557 1936 1614 lus
1967 1564 2087 1621 est,
2119 1555 2460 1612 contrarium
2495 1554 2683 1609 virtuti
2722 1554 2914 1609 vitium
2952 1572 2964 1607 :
3001 1568 3175 1624 quare
3212 1554 3427 1625 Moyses

1846 1665 1958 1706 non
1991 1665 2059 1705 ex
2091 1648 2346 1718 opposito
2375 1646 2644 1716 conspicit
2687 1645 2878 1709 Deum,
2915 1645 3011 1702 sed
3051 1654 3263 1714 tergum
3302 1644 3426 1715 ejus

1847 1741 2089 1810 respicit.
2125 1738 2259 1794 Nam
2294 1739 2387 1809 qui
2432 1754 2498 1793 ex
2540 1738 2791 1808 opposito
2823 1737 2993 1792 Deum
3039 1738 3279 1807 aspicit,
3312 1753 3426 1794 non

1847 1835 2012 1898 vivet,
2044 1840 2103 1886 ut
2139 1848 2242 1886 vox
2288 1831 2471 1885 divina
2505 1838 2756 1885 testatur.
2800 1849 2819 1878 ι
2855 1827 2974 1895 Non
3022 1828 3249 1897 videbit,
3289 1847 3308 1881 ι
3342 1817 3426 1884 in;

1847 1924 1988 1992 quit,
2026 1941 2044 1973 ι
2084 1923 2246 1975 homo
2277 1920 2470 1974 faciem
2499 1933 2698 1981 meam.
2720 1926 2775 1972 et
2800 1919 2965 1973 vivet.
3003 1938 3022 1971 ι
3061 1917 3223 1974 Vides
3251 1934 3427 1990 quan-

167 2000 259 2056 τοῦ
286 2002 498 2073 βλέπει.
543 2005 601 2059 '0
644 2006 753 2077 γάρ
778 2006 1136 2073 ἀντιϐλέπων,
1176 2011 1237 2063 οὑ
1270 2009 1532 2081 (noscar
1566 2012 1650 2065 ml

1943 2030 1965 2067 η
1996 2020 2102 2077 est,
2138 2021 2200 2066 ut
2250 2011 2451 2082 aliquis
2498 2011 2674 2066 discat
2707 2010 2873 2069 Deum
2918 2011 3094 2080 sequi.
3135 2009 3269 2064 Nam
3304 2021 3426 2081 post

171 2095 508 2166 μαρτύρεται
557 2098 591 2166 ἡ
645 2097 765 2151 θεία
810 2098 991 2169 φωνὴ,
1044 2100 1128 2153 ὅτι
1163 2118 1181 2152 ι
1214 2101 1403 2167 Οὐδεὶς
1454 2102 1643 2172 ὄψεται
1688 2104 1748 2157 τὸ

169 2186 460 2256 πρόσωπον
492 2188 719 2260 Κυρίου,
755 2191 847 2243 καὶ
870 2189 1114 2260 ζήσεται.
1146 2210 1165 2244 ›
1206 2193 1369 2265 Ὁρᾷς
1394 2194 1517 2248 ὅσον
1542 2197 1661 2249 ἐστὶ
1688 2196 1750 2249 τὸ

170 2276 362 2348 μαθεῖν
411 2279 775 2350 ἀκολουθῆσαι
814 2280 891 2351 τῷ
928 2281 1081 2352 Θεῷ·
1134 2284 1216 2337 ὅτι
1248 2285 1387 2354 μετὰ
1411 2285 1512 2350 τὰς
1538 2286 1749 2358 ὑψηλάς

168 2368 382 2433 ἐκείνας
413 2371 730 2437 ἀναϐάσεις,
763 2374 857 2426 καὶ
884 2373 983 2438 τὰς
1012 2373 1252 2447 φοϐερὰς
1288 2395 1348 2431 τε
1378 2374 1473 2431 καὶ
1505 2378 1749 2443 ἐνδόξους

171 2457 511 2527 θεοφανείας,
536 2460 675 2532 πρὸς
701 2460 780 2531 τῷ
801 2462 943 2515 τέλει
974 2481 1077 2518 που
1111 2467 1208 2535 τῆς
1237 2462 1402 2536 ζωῆς,
1443 2465 1598 2535 μόγις
1618 2465 1748 2518 ταύ-

166 2563 264 2615 της
288 2548 536 2612 ἀξιοῦται
562 2550 664 2619 τῆς
692 2551 933 2621 χάριτος,
963 2554 992 2604 ὁ
1029 2551 1216 2622 μαθὼν
1244 2553 1472 2607 κατόπιν
1503 2554 1747 2623 γίνεσθαι

166 2638 322 2692 θεοῦ.
356 2639 448 2710 Τῷ
472 2640 530 2693 δέ
555 2640 727 2704 οὕτως
762 2643 1014 2714 ἑπομένῳ
1041 2643 1119 2714 τῷ
1145 2643 1283 2715 Θεῷ,
1310 2645 1494 2699 οὐκέτι
1527 2645 1636 2700 τῶν
1663 2645 1751 2699 διὰ

168 2732 367 2796 κακίας
425 2733 914 2805 προσοχθισμάτων
985 2735 1282 2790 ἀντιϐαίνει
1341 2737 1514 2791 οὐδέν.
1595 2737 1752 2791 Μετά

166 2824 339 2878 ταῦτα
384 2826 498 2897 γὰρ
552 2826 743 2894 φθόνος
789 2827 937 2898 αὐτῷ
983 2827 1135 2900 παρὰ
1184 2828 1292 2881 τῶν
1331 2827 1576 2897 ἀδελφῶν
1628 2830 1751 2883 ἐπι-

170 2915 366 2985 φύεται
386 2933 400 2946 ·
449 2915 663 2985 φθόνος,
694 2917 756 2970 τὸ
786 2920 1094 2988 ἀρχέκακον
1122 2918 1312 2982 πάθος,
1341 2921 1369 2972 6
1396 2918 1489 2972 τοῦ
1519 2918 1749 2973 θανάτου

170 3008 373 3080 πατὴρ,
395 3009 430 3079 ἡ
455 3007 648 3080 πρώτη
682 3009 781 3079 τῆς
814 3010 1085 3081 ἁμαρτίας
1113 3010 1338 3076 εἴσοδος,
1365 3012 1398 3080 ἡ
1424 3009 1527 3079 τῆς
1553 3010 1752 3074 κακίας

169 3097 317 3170 ῥίζα,
341 3102 376 3170 ἡ
411 3101 511 3171 τῆς
542 3100 718 3171 λύπης
747 3100 980 3167 γένεσις,
1017 3103 1050 3171 ή
1084 3101 1190 3155 τῶν
1221 3100 1513 3173 συμφορῶν
1545 3102 1747 3172 μήτηρ,

168 3191 204 3261 ἠ
249 3192 349 3261 τῆς
394 3190 678 3255 ἀπειθείας
723 3190 998 3257 ὑπόθεσις,
1047 3193 1080 3263 ή
1122 3193 1222 3263 τῆς
1270 3192 1534 3263 αἰσχύνης
1581 3193 1749 3264 ἀρχή.

1828 2105 1979 2195 lillos
2015 2117 2282 2158 ascensus
2326 2094 2632 2165 mirabiles,
2684 2107 2806 2171 post
2851 2101 3123 2171 gloriosas
3162 2100 3425 2166 visiones,

1850 2202 1974 2267 post
2005 2194 2251 2248 inaudita
2283 2193 2571 2257 miracula,
2607 2193 2696 2247 vix
2732 2192 2889 2261 juxta
2933 2191 3093 2246 finem
3128 2192 3261 2246 vita.h
3284 2189 3427 2248 hanc

1849 2295 2181 2343 consecutus
2220 2292 2303 2341 est
2338 2285 2592 2355 gratiam,
2630 2293 2687 2338 ut
2729 2284 2962 2338 disceret
3001 2282 3169 2338 Deum
3211 2282 3368 2352 sequi
3409 2300 3423 2336 :

1850 2377 1989 2431 nihil
2009 2376 2154 2431 enim
2185 2376 2420 2444 amplius
2446 2373 2573 2429 mali
2597 2371 2814 2428 oﬂicere
2845 2373 2917 2426 illi
2949 2380 3148 2442 potest.
3175 2373 3269 2443 qui
3299 2380 3425 2443 post

1850 2466 2022 2523 Deum
2057 2468 2162 2520 hoc
2206 2465 2369 2520 modo
2402 2465 2736 2520 constitutus
2767 2470 2872 2521 est.
2904 2463 3111 2519 Invidia
3154 2472 3278 2533 post
3311 2463 3428 2519 haec

1851 2560 2096 2614 fraterna
2139 2559 2317 2628 ipsum
2350 2557 2577 2621 invadit,
2607 2556 2814 2611 invidia
2847 2557 3111 2612 malorum
3146 2556 3427 2626 princeps,

1852 2655 2047 2708 mortis
2077 2661 2272 2714 mater,
2300 2652 2475 2721 prima
2511 2651 2720 2720 peccati
2744 2649 2938 2718 janua,
2958 2649 3215 2704 vitiorum
3248 2648 3425 2712 radix,

1851 2743 2060 2798 doloris
2108 2742 2354 2802 initium,
2404 2738 2728 2793 calamitatis
2767 2752 2998 2808 parens,
3044 2737 3428 2793 inobedientia:

1852 2847 2055 2896 causa,
2096 2830 2408 2899 ignominiae
2453 2828 2805 2898 principium.
2857 2827 3070 2882 Invidia
3122 2828 3269 2883 enim
3326 2841 3429 2882 nos

1852 2924 2014 2993 longe
2050 2919 2433 2977 exterminavit
2475 2934 2506 2973 a
2556 2919 2848 2987 paradiso,
2901 2934 3056 2973 versa
3102 2918 3154 2972 in
3202 2933 3432 2988 serpen—

1854 3024 1961 3070 tem
1986 3015 2251 3071 adversus
2293 3015 2458 3070 Evam
2493 3033 2506 3068 :
2550 3014 2754 3069 invidia
2796 3014 2994 3082 repulit
3026 3027 3057 3066 a
3100 3012 3248 3083 ligno
3280 3009 3428 3073 vitae,

1853 3106 2142 3175 sacrisque
2176 3104 2636 3176 impassibilitatis
2671 3103 2918 3159 vestibus
2950 3101 3232 3164 detractis,
3272 3099 3430 3154 ficul-

1855 3200 1975 3254 neis
2004 3198 2369 3268 ignominioso
2399 3197 2546 3251 foliis
2580 3196 2756 3250 induit
2792 3215 2804 3250 :
2836 3196 3041 3250 invidia
3072 3194 3205 3249 Cain
3236 3193 3433 3248 adver—

168 3282 365 3345 Φθόνος
399 3284 550 3353 ἡμᾶς
598 3281 692 3336 τοῦ
736 3283 1063 3355 παραδείσου
1111 3282 1395 3354 ἐξῴκισεν,
1444 3283 1566 3353 ὄφις
1611 3302 1651 3338 κ

1948 3308 1954 3341 ι
1979 3288 2203 3344 fratrem
2230 3289 2482 3354 armavit,
2503 3296 2733 3343 mortem
2755 3302 2879 3357 qua
2900 3286 3210 3356 septuplum
3240 3284 3431 3354 punita

168 3375 269 3445 τῆς
321 3372 469 3437 Εὔας
515 3374 805 3445 γενόμενος
839 3391 851 3403 ·
903 3374 1096 3444 φθόνος
1133 3375 1227 3429 τοῦ
1275 3375 1433 3442 ξύλου
1475 3376 1578 3445 τῆς
1610 3374 1651 3440 Ct

1951 3419 1965 3443 ,
1992 3379 2228 3435 induxit.
2256 3378 2466 3434 Invidia
2497 3376 2701 3447 Ioseph
2734 3379 2789 3431 in
2824 3378 3143 3431 servitutem
3171 3374 3429 3440 detrusit,

169 3467 488 3537 ἀπετείχισε
514 3506 528 3529 ,
574 3468 670 3520 καὶ
718 3466 826 3522 τῶν
873 3466 1033 3538 ἱερῶν
1084 3468 1399 3538 ἐνδυμάτων
1440 3467 1754 3538 γυμνώσας,

168 3563 281 3620 τοῖς
300 3559 400 3629 τῆς
432 3562 603 3630 συκῆς
628 3559 839 3623 κλάδοις
865 3559 931 3613 δι’
960 3560 1224 3631 αἰσχύνης
1251 3561 1525 3631 ὑπήγαγε.
1561 3559 1757 3623 Φθόνος

171 3653 261 3705 τὸν
310 3652 451 3705 Κάῖν
482 3651 626 3704 κατά
653 3651 753 3723 τῆς
783 3650 998 3725 φύσεως
1026 3650 1255 3713 ὥπλισε,
1283 3653 1378 3705 καὶ
1406 3650 1496 3705 τὸν
1527 3648 1756 3712 ἑπτάκις

172 3741 554 3812 ἐκδικούμενον
581 3741 971 3811 ἐκαινοτόμησε
995 3741 1244 3796 θάνατον.
1289 3742 1486 3806 Φθόνος
1511 3741 1601 3796 τὸν
1640 3742 1756 3793 Ἰω-

172 3837 283 3905 σὴφ
310 3833 495 3888 δοῦλον
529 3833 774 3903 ἐποίησε.
802 3833 998 3897 «rem;
1023 3833 1083 3887 τὸ
1106 3833 1479 3906 θανατηφόρον
1508 3837 1754 3905 κέντρον,

169 3926 233 3981 τὸ
260 3926 643 3996 κεκρυμμένον
669 3924 853 3990 ὅπλον,
880 3928 913 3996 ἡ
943 3926 1041 3997 τῆς
1071 3925 1286 3994 φύσεως
1317 3929 1492 3991 νόσος,
1523 3928 1551 3979 6
1584 3926 1756 3997 χολώ-

169 4024 269 4091 δης
305 4020 405 4083 ίὸς,
439 4021 471 4089 ἡ
500 4018 748 4083 ἑκούσιος
775 4018 1041 4089 τηκεδὼν,
1071 4019 1133 4072 τὸ
1161 4019 1355 4089 πικρὸν
1386 4018 1560 4089 βέλος,
1602 4022 1631 4073 6
1657 4021 1757 4092 τῆς

169 4115 350 4184 ψυχῆς
396 4110 551 4183 ἧλος,
593 4112 657 4165 τὸ
704 4112 990 4183 ἐγκάρδιον
1035 4111 1167 4183 πῦρ,
1203 4115 1236 4182 ὴ
1273 4114 1387 4175 τοῖς
1430 4112 1758 4183 σπλάγχνοις

170 4204 509 4275 ἐγκαιομένη
541 4204 691 4273 φλόξ.
728 4200 800 4276 ’ᾯ
827 4204 1081 4274 ἀτύχημα
1112 4204 1209 4274 μέν
1240 4204 1407 4269 ἐστιν,
1448 4203 1508 4255 οὑ
1535 4203 1595 4256 τὺ
1627 4203 1757 4257 ἴδιον

176 4297 369 4363 κακὸν,
392 4297 530 4352 ἀλλὰ
558 4296 620 4350 τὸ
647 4296 927 4367 ἀλλότριον
951 4295 1174 4364 ἀγαθόν.
1204 4294 1549 4367 Κατόρθωμα
1572 4295 1629 4348 δὲ
1654 4293 1759 4348 πά·-

174 4389 256 4443 λιν
285 4390 353 4441 ἐκ
376 4388 473 4442 τοῦ
505 4388 772 4453 ἐναντίου,
802 4389 861 4441 οὺ
891 4387 951 4440 τὸ
974 4389 1172 4440 οἰκεῖον
1202 4387 1385 4451 καλὸν,
1416 4385 1554 4440 ἀλλὰ
1576 4386 1637 4438 τὸ
1662 4383 1756 4438 τοῦ

172 4482 344 4545 πέλας
374 4481 566 4534 κακόν.
600 4479 799 4543 Φθόνος
820 4481 851 4532 6
873 4481 994 4542 ταῖς
1017 4479 1293 4550 εὐτυχίαις
1323 4477 1429 4531 τῶν
1456 4476 1758 4548 ἀνθρώπων

172 4573 582 4643 ἐποδυνώμενος
604 4613 620 4638 ,
676 4572 772 4626 καὶ
834 4574 954 4635 ταῖς
980 4600 984 4611 ι
1013 4572 1318 4642 συμφοραῖς
1388 4568 1755 4638 ἐπεμϐαίνων.

1857 3469 2064 3525 invidia
2089 3509 2104 3534 ,
2137 3469 2294 3534 dico,
2340 3467 2591 3522 mortifer
2625 3468 2905 3527 stimulus.
2955 3480 3147 3520 mucro
3183 3464 3436 3520 recondi-

1858 3572 1968 3626 tus,
2008 3569 2216 3616 naturae
2252 3561 2512 3625 morbus,
2540 3558 2667 3613 bilis
2702 3572 3008 3618 venenosa,
3040 3557 3192 3611 tabes
3239 3565 3435 3623 sponte

1857 3653 2123 3717 adhibita,
2162 3652 2329 3706 telum
2386 3664 2653 3714 amarum,
2704 3648 2874 3718 figens
2927 3648 3162 3701 animam
3208 3645 3431 3710 clavus,

1856 3744 2077 3798 flamma
2102 3742 2308 3805 cordis,
2340 3741 2725 3795 intestinorum
2755 3738 2919 3810 ignis,
2948 3739 3088 3792 hanc
3119 3737 3213 3806 qui
3244 3735 3431 3799 habet,

1857 3849 1966 3889 non
1992 3834 2110 3890 suis
2136 3833 2313 3897 malis,
2341 3832 2437 3887 sed
2465 3831 2660 3887 alienis
2687 3830 2844 3886 bonis
2874 3828 3064 3883 infelix
3085 3835 3191 3894 est,
3220 3835 3276 3882 et
3299 3840 3436 3880 con-
3540 3852 3547 3857 -

1859 3933 1942 3980 tra
1970 3939 2078 3979 non
2109 3939 2211 3979 suo
2244 3923 2411 3986 bono,
2447 3921 2544 3977 sed
2572 3921 2735 3975 malis
2767 3918 3004 3989 proximi
3038 3917 3167 3972 felix
3195 3926 3281 3972 est
3309 3935 3323 3971 :
3359 3916 3436 3970 iu-

1857 4018 2017 4072 vidua
2056 4017 2202 4072 enim
2244 4014 2504 4070 felicitate
2548 4014 2782 4069 aliorum
2815 4012 2999 4075 dolet,
3031 4009 3436 4065 calamitatibus

1856 4108 2081 4181 gaudet.
2116 4107 2376 4163 Vultures
2416 4107 2562 4161 enim
2590 4105 2684 4176 qui
2716 4104 3075 4160 cadaveribus
3109 4111 3432 4173 pascuntur.

1859 4208 2139 4272 unguento
2175 4199 2360 4255 necari
2395 4197 2551 4252 aiunt
2583 4217 2597 4251 :
2636 4197 2849 4252 videtur
2875 4196 3021 4250 enim
3054 4196 3297 4264 ipsorum
3334 4208 3435 4247 na-

1858 4301 1983 4348 tura
2005 4292 2072 4346 ad
2098 4291 2373 4362 putridum
2398 4305 2464 4344 ac
2487 4290 2839 4360 purulentum
2859 4303 2981 4342 esse
2997 4285 3193 4341 affinis:
3215 4285 3435 4354 quando

1858 4399 1988 4439 vero
2020 4364 2148 4437 huic
2179 4382 2372 4436 morbo
2411 4378 2694 4448 subjectus
2739 4385 2824 4433 est
2864 4375 3086 4446 aliquis,
3133 4374 3434 4428 amicorum

1858 4472 2164 4528 commodis
2192 4471 2351 4542 quasi
2389 4477 2667 4540 unguento
2692 4466 2957 4521 tabescit:
2985 4474 3038 4520 et
3062 4465 3107 4519 si
3138 4464 3267 4535 quid
3290 4465 3437 4517 cala-

1860 4568 2118 4622 mitosum
2151 4563 2413 4619 incidisse
2439 4562 2688 4633 proximo
2714 4558 3066 4622 intellexerit,
3093 4558 3241 4612 illico
3270 4556 3438 4611 advo-

177 4664 500 4737 lepea'ﬂat
544 4665 670 4727 τοὺς
714 4663 1071 4734 νεκροϐόρους
1112 4661 1292 4729 γύπας
1338 4658 1419 4730 τῷ
1465 4659 1623 4729 μύρῳ

1954 4699 1959 4719 ,
1995 4665 2177 4714 rostro
2210 4655 2420 4710 invadit
2464 4651 2760 4713 adunco,si
2804 4665 2911 4719 qua
2944 4651 3146 4712 latent,
3180 4647 3437 4704 distrahit

182 4773 333 4825 γουσι
357 4772 372 4787 ο
422 4754 562 4825 πρὸς
595 4753 705 4825 γὰρ
733 4753 794 4806 τὸ
824 4752 1053 4815 δυσῶδες
1079 4751 1172 4805 καὶ
1199 4750 1478 4821 διεφθορὸς
1508 4748 1690 4803 αὐτῶν
1716 4751 1752 4820 ἠ

176 4850 339 4920 eam
370 4845 648 4917 ῷκείωται
666 4862 682 4875 ο
718 4845 812 4898 καὶ⁵
840 4846 869 4898 6
898 4847 963 4914 τῇ
996 4844 1136 4913 νόσῳ
1162 4841 1335 4915 ταύτῃ
1367 4838 1755 4913 κρατούμενος,

174 4944 240 5011 τῇ
288 4940 391 5010 μὲν
438 4936 709 5009 εὐημερίᾳ
758 4936 868 4989 τῶν
930 4935 1137 5005 φίλων,
1200 4933 1314 4988 οἶόν
1373 4950 1519 4997 τινος
1585 4932 1755 5004 μύρου

173 5033 455 5106 προσϐολῇ
486 5029 928 5101 καταφθείρεται.
973 5030 1036 5082 Εἰ
1075 5028 1135 5082 δέ
1167 5045 1222 5081 τι
1254 5027 1424 5090 πάθος
1452 5028 1517 5080 ἐκ
1549 5041 1760 5096 συμφο-

176 5127 279 5195 ράς
315 5123 436 5186 ῐδοι,
483 5121 619 5191 πρὸς
666 5118 824 5173 τοῦτο
867 5118 1231 5184 καθίπταται,
1275 5120 1370 5172 καὶ
1418 5117 1477 5170 τὸ
1522 5115 1758 5185 ἀγκύλον

172 5215 373 5283 ἐτεά-γει
415 5213 621 5284 στόμα,
669 5213 737 5265 τὰ
768 5211 1125 5282 κεκρυμμένα
1165 5210 1397 5277 ἐξέλκων
1426 5209 1521 5263 τοῦ
1563 5210 1757 5263 δυστυ-

177 5310 445 5380 χήματος.
484 5304 721 5369 Πολλοὺς
759 5306 788 5358 6
822 5303 1013 5373 φθόνος
1040 5303 1148 5358 τῶν
1179 5303 1287 5374 πρὸ
1314 5301 1592 5366 Μωῡσέως
1624 5319 1755 5355 κατε

178 5399 506 5469 ηγωνίσατο.
557 5397 649 5468 Τῷ
673 5396 731 5450 δὲ
772 5395 992 5467 μεγάλῳ
1015 5393 1190 5464 τούτῳ
1217 5393 1617 5466 προσενεχθεὶς,
1645 5387 1756 5447 οἷόν

172 5509 283 5546 τινι
339 5491 568 5561 πλάσμα
613 5489 841 5560 πήλινον
890 5487 1066 5558 πέτρᾳ
1110 5485 1488 5558 προσαραχθέν
1515 5526 1530 5548 ,
1578 5485 1756 5557 ἐαυτῷ

178 5582 576 5655 περιτρίϐεται.
624 5575 713 5635 Ἐν
747 5579 921 5650 τούτῳ
961 5580 1070 5649 γάρ
1104 5578 1338 5649 μάλιστα
1366 5576 1632 5648 διεδείχθη
1660 5578 1760 5648 τῆς

183 5676 323 5743 μετὰ
354 5676 446 5729 τοῦ
475 5674 613 5728 Θεοῦ
648 5675 871 5744 πορείας
900 5673 957 5724 τὸ
996 5672 1201 5743 κέρδος,
1237 5671 1302 5741 ἣν
1330 5672 1562 5723 ἐποιεῖτο
1598 5666 1757 5719 Maii)-

1864 4758 2037 4821 atquc.
2075 4748 2343 4818 dissipat,
2378 4753 2434 4801 et
2483 4745 2539 4798 in
2579 4743 2816 4797 medium
2856 4739 3115 4810 proponit
3155 4737 3431 4792 erunibus.

1863 4842 2064 4901 Multos
2097 4839 2316 4895 invidia:
2358 4837 2583 4892 morbus
2630 4841 2757 4888 ante
2791 4833 2958 4903 Moysi
3001 4839 3249 4899 tempora
3289 4828 3435 4895 deje-

1861 4934 1956 4989 cit.
1993 4931 2216 5003 Moysen
2244 4943 2374 4984 vero
2403 4941 2692 4999 aggressus
2715 4964 2730 4988 ,
2761 4932 3021 4994 tanquam
3066 4935 3161 4975 vas
3194 4918 3341 4989 figuli
3381 4918 3436 4972 iu

1860 5023 2096 5096 lapidem
2120 5022 2369 5077 collisum
2398 5020 2636 5076 dirutus.
2666 5032 2730 5071 ac
2759 5018 2813 5070 in
2839 5016 2935 5069 via
2949 5011 3221 5068 contritus
3244 5020 3347 5072 est,
3378 5010 3433 5062 in

1863 5131 1974 5188 quo
2005 5116 2260 5177 maxime,
2282 5119 2548 5182 quantum
2572 5110 2791 5165 sitcum
2827 5105 2934 5160 Deo
2952 5103 3256 5168 ambulare,
3288 5098 3435 5169 quod

1864 5209 2078 5281 Moyses
2106 5205 2358 5269 faciebat,
2386 5202 2548 5258 facile
2579 5199 2911 5270 prospicitur
2940 5213 2953 5248 :
2985 5195 3261 5266 quomodo
3286 5194 3435 5250 enim

1862 5299 2066 5355 invidia
2104 5297 2179 5351 illi
2211 5295 2407 5350 obesse
2448 5293 2747 5363 potuisset,
2779 5289 2873 5360 qui
2910 5288 3098 5342 divino
3131 5286 3317 5341 studio
3348 5295 3436 5340 at-

1862 5407 1969 5461 que
2000 5390 2120 5443 loco
2150 5384 2441 5441 cucurrit?
2470 5383 2563 5452 qui
2597 5382 2651 5435 in
2682 5380 2858 5450 lapide
2899 5379 3074 5444 stetit,
3099 5378 3231 5433 etin
3267 5393 3434 5446 capa-

1862 5486 2085 5538 citatem
2132 5478 2305 5543 ipsius
2360 5476 2538 5531 fuerat
2581 5473 2903 5529 immissus?
2946 5473 3037 5543 qui
3092 5470 3258 5526 Deum
3315 5479 3436 5540 post

1864 5583 2015 5645 terga
2045 5568 2406 5642 sequebatur?
2435 5566 2528 5638 qui
2561 5581 2669 5620 non
2697 5564 2948 5619 ducentis
2979 5563 3172 5618 faciem
3214 5561 3438 5631 aspicie-

1873 5666 1983 5729 bat,
2042 5665 2132 5721 Sed
2190 5673 2400 5734 tergum
2457 5659 2720 5718 oliedicns
2777 5654 3141 5728 respiciebat?
3208 5645 3438 5697 δοευιυδ
