3756 5988
379 251 475 304 ιιι
1596 250 1654 309 S.
1697 252 2027 310 GREGORII
2065 253 2358 312 NYSSENI
2810 252 2817 253 ί
3515 254 3601 308 με

379 362 549 420 Deum
576 366 682 429 est,
717 360 924 416 idcirco
954 361 1164 426 beatus,
1196 359 1401 416 idcirco
1430 362 1590 417 altior
1616 364 1752 431 fuit,
1786 382 1947 436 quam

2059 372 2173 438 σῆς,
2206 370 2235 421 6
2263 371 2321 421 ὲν
2345 367 2431 448 ﬁ?)-
2449 366 2575 436 θείῳ
2607 365 2756 435 τόπῳ
2778 364 3020 437 δραμὼν,
3053 364 3146 419 καὶ
3173 365 3281 418 ὲπὶ-
3294 365 3393 435 τῆς
3425 367 3601 438 πέτρας

378 463 442 510 ιιι
472 455 539 510 ad
574 454 751 524 ipsum
792 453 989 523 sagitta
1019 453 1238 507 invidia:
1283 462 1466 523 posset
1501 458 1808 525 pervenire.
1841 458 1947 513 Sed

2059 458 2246 523 ἑστὼς,
2283 460 2376 511 καὶ
2417 457 2496 528 τῷ
2536 458 2820 528 χωρήματι
2851 455 3055 526 ταύτης
3097 458 3496 528 περιεχόμενος,
3524 462 3602 511 καὶ

380 545 558 599 Aaron
614 541 835 612 quidem
877 551 1042 613 atque
1084 543 1252 597 Maria
1296 545 1513 599 invidia:
1553 549 1743 602 morbo
1791 565 1947 618 supe-

2059 552 2120 620 τῇ
2155 550 2297 619 χειρὶ
2340 547 2433 601 τοῦ
2465 547 2600 599 Θεοῦ
2652 544 3085 616 σκεπαζόμενος,
3136 546 3232 599 καὶ
3277 548 3501 600 κατόπιν
3541 543 3602 615 τῷ

381 635 572 699 rati",
613 635 778 690 veluti
825 650 985 695 arcus
1030 635 1248 689 invidia:
1294 637 1516 705 quidam
1563 638 1718 702 liunt,
1755 647 1811 693 et
1855 655 1947 708 pro

2059 639 2343 710 ἡγουμένῳ
2372 639 2664 708 ἑπόμενος*
2694 639 2722 688 ό
2755 636 2829 707 μὴ
2859 637 3215 700 ἀντιϐλέπων,
3244 636 3379 691 ἀλλά
3412 639 3476 691 τὰ
3500 638 3603 692 ὀπί-

378 725 603 796 spiculis
627 726 886 781 adversus
909 726 1057 780 illum
1081 728 1243 782 verba
1264 727 1595 796 jaculanlur.

2061 729 2183 783 σθια
2214 729 2442 799 βλέπων.
2483 728 2586 781 Τὸν
2614 724 2706 781 οὖν
2739 729 2824 796 ἐφ’
2854 726 3044 781 ἑαυτὸν
3075 728 3364 797 γενόμενον
3395 745 3601 799 μακαρι-

382 819 521 881 στὸν,
556 819 617 871 τὸ
649 820 875 872 ἕπεσθαι
919 820 996 891 τῷ
1041 820 1159 890 Θεῷ
1192 822 1537 885 ἀποδείκνυσι
1563 863 1576 886 ,
1631 824 1726 875 καὶ
1757 823 1818 876 τὸ
1846 824 2076 895 φανῆναι
2107 823 2267 876 αὑτὸν
2319 823 2417 894 τῆς
2443 820 2538 875 τοῦ
2589 820 2741 884 τόξου
2798 820 2958 891 βολῆς
3017 819 3364 890 ὑψηλότερον.
3413 822 3599 890 Πέμπει

381 909 487 978 γὰρ
518 911 611 963 καὶ
639 912 759 963 κατ’
788 911 997 964 ἐκείνου
1026 912 1086 964 τὸ
1120 912 1272 982 βέλος
1300 915 1328 964 6
1387 912 1611 982 φθόνος·
1677 914 1791 967 ἀλλ’
1846 914 1906 967 οὐ
1970 915 2307 968 καθικνεῖται
2358 915 2392 984 ἡ
2452 913 2580 984 βολὴ
2632 910 2727 965 τοῦ
2785 911 2990 981 ὕψους,
3044 912 3103 964 ἐν
3144 904 3189 978 ᾧ
3241 907 3311 980 ἦν
3361 912 3598 989 Μωῦσῆς.

394 1002 649 1072 Ἤτόνησε
681 1003 788 1075 γὰρ
816 1006 847 1075 ὴ
878 1003 1042 1074 νευρά
1069 1007 1167 1074 τῆς
1198 1006 1460 1077 πονηρίας
1507 1006 1758 1061 τοσοῦτον
1812 1006 2169 1073 ἀποτοξεῦσαι
2209 1006 2268 1059 τὸ
2313 1005 2514 1069 πάθος,
2569 1005 2646 1068 ὡς
2698 1004 2805 1058 ἀπὸ
2852 1002 2959 1055 τῶν
3013 990 3486 1072 προνενοσηκότων
3539 1005 3603 1066 εἰς

378 1093 541 1146 αὐτὸν
573 1093 844 1163 διαϐῆναι.
891 1093 1028 1146 Ἀλλ’
1056 1096 1086 1147 6
1115 1095 1213 1165 μὲν
1243 1094 1449 1165 Ἀαρὼν
1475 1099 1626 1168 καὶὴ
1661 1097 1851 1169 Μαρία
1881 1097 1959 1168 τῷ
1992 1098 2152 1152 πάθει
2187 1098 2284 1166 τῆς
2329 1095 2625 1167 βασκανίας
2674 1093 3024 1165 ἐτρώθησαν,
3078 1094 3173 1147 καὶ
3229 1088 3340 1146 οἷόν
3386 1111 3439 1145 τι
3468 1093 3604 1159 τόξον

377 1181 469 1235 τοῦ
509 1182 700 1251 φθόνου
733 1182 988 1251 γίνονται,
1021 1184 1142 1237 ἀντὶ
1172 1183 1357 1254 βέλους
1397 1186 1487 1239 τὸν
1527 1189 1646 1240 κατ’
1673 1188 1837 1241 αὐτοῦ
1867 1189 2025 1257 λόγον
2054 1187 2536 1252 ἀποτοξεύσαντες.
2582 1215 2585 1217 >

448 1277 517 1328 At
546 1275 758 1346 Moyses
779 1285 1000 1340 tantum
1034 1278 1223 1332 aberat
1254 1282 1322 1334 ab
1367 1281 1680 1351 huiusmodi
1722 1283 1947 1352 agritu-

377 1369 524 1433 dine,
557 1378 616 1423 ut
645 1384 769 1424 eum
797 1386 974 1441 neque
1014 1382 1209 1442 captus
1242 1390 1419 1443 neque
1456 1376 1618 1430 laesus
1647 1375 1714 1429 ab
1741 1390 1804 1429 ea
1843 1376 1942 1441 sit,

378 1475 487 1515 non
545 1461 720 1515 solum
770 1462 975 1515 nullam
1028 1463 1144 1532 ipse
1181 1463 1247 1518 tle
1293 1465 1667 1520 invidentibus
1726 1479 1942 1535 pmnam

2135 1279 2198 1335 '0
2224 1282 2281 1334 δὲ
2316 1279 2567 1332 τοσοῦτον
2594 1278 2829 1347 ἀπέσχεν
2863 1278 2920 1331 ὲν
2953 1277 3203 1347 κοινωνίᾳ
3246 1274 3603 1345 γενέσθαιτοῦ

2051 1374 2305 1444 ἀρῤωστή
2317 1389 2483 1443 ματος
2502 1409 2516 1435 ,
2561 1370 2643 1423 ὅτι
2674 1372 2767 1423 καὶ
2793 1367 3090 1439 θεραπεύει
3120 1368 3227 1420 τῶν
3256 1367 3604 1437 νενοσηκότων

2050 1462 2112 1515 τὸ
2143 1462 2331 1526 πάθος,
2371 1464 2431 1516 ού
2462 1463 2620 1532 μόνον
2646 1460 2807 1522 αὐτὸς
2852 1459 2989 1529 πρὸς
3020 1457 3119 1528 τὴν
3148 1457 3356 1527 ἄμυναν
3390 1457 3496 1510 τῶν
3530 1455 3604 1507 λε-

379 1552 655 1622 sumpsit,
692 1569 877 1607 verum
917 1555 1079 1608 etiam
1117 1553 1285 1610 Deum
1335 1557 1590 1626 precibus
1620 1556 1943 1626 placabilem

2059 1553 2371 1622 λυπηκότων
2420 1552 2595 1622 μένων
2645 1550 2898 1618 ἀκίνητος
2923 1587 2938 1612 ,
2986 1548 3121 1601 ἀλλά
3171 1547 3264 1600 καὶ
3301 1546 3436 1599 Θεδν
3483 1545 3605 1614 ὑπὲρ

378 1644 513 1713 ipsis
553 1643 814 1699 reddidit.
848 1644 1044 1699 Docuit
1077 1662 1208 1716 ergo
1253 1662 1354 1702 nos
1396 1662 1493 1717 per
1537 1663 1600 1702 ea
1630 1663 1751 1718 quae
1783 1647 1944 1712 fecit,

379 1734 543 1815 nullis
573 1736 802 1790 telorum
836 1736 1037 1791 ictibus
1066 1753 1189 1791 eum
1222 1739 1392 1807 tangi,
1423 1739 1513 1809 qui
1546 1738 1768 1795 virtutis
1789 1746 1946 1795 scuto

380 1828 621 1897 seipsum
664 1836 893 1883 tutatur.
938 1826 1205 1883 Retundit
1247 1832 1390 1884 enim
1424 1846 1489 1884 ac
1521 1833 1737 1886 hebetat
1780 1832 1947 1901 hujus

379 1921 522 1973 scuti
569 1919 722 1973 ﬁrma
758 1921 1009 1976 soliditas
1056 1921 1224 1975 aciem
1273 1924 1555 1992 cuspidis,
1603 1925 1714 1978 imo
1757 1924 1947 1993 procul

382 2019 552 2063 totum
586 2010 765 2078 rejicit
812 2010 998 2065 telum.
1034 2012 1127 2067 Est
1177 2018 1356 2066 autem
1389 2021 1516 2083 apta
1560 2013 1625 2067 ad
1673 2013 1945 2083 ejusmodi

378 2100 688 2167 repellenda
732 2100 838 2154 tela
861 2113 1141 2154 armatura
1174 2099 1318 2157 Deus
1345 2102 1486 2171 ipse,
1516 2118 1681 2173 quam
1724 2104 1945 2159 virtutis

377 2189 533 2243 miles
560 2189 751 2243 induit.
775 2206 795 2240 ι
830 2187 1038 2244 lnduite
1057 2204 1293 2259 namque
1328 2206 1482 2254 vos,»
1502 2192 1699 2261 inquit,
1730 2185 1946 2246 «Domi-

377 2294 506 2332 num
533 2277 719 2334 Jesum
749 2279 819 2333 ".
856 2300 874 2332 ι
916 2280 1030 2335 Hac
1058 2281 1394 2352 infrangibili
1418 2293 1699 2336 armatura
1734 2283 1946 2355 Moyses

376 2378 655 2438 armatus,
694 2371 915 2443 maligni
954 2373 1227 2441 sagittarii
1275 2388 1468 2427 arcum
1517 2373 1649 2429 fecit
1697 2376 1942 2431 inanem.

374 2458 509 2514 Nam
539 2476 639 2516 nec
673 2461 862 2517 dolore
889 2464 1095 2532 aliquo,
1121 2473 1214 2518 aut
1241 2465 1652 2534 perturbatione
1680 2466 1946 2522 adversus

377 2550 668 2621 injuriatos
719 2562 1025 2608 commotus
1078 2563 1198 2620 est,
1259 2563 1615 2624 posteaquam
1671 2557 1944 2614 divinitus

375 2642 765 2697 condemnatos
811 2643 977 2709 vidit;
1009 2659 1133 2697 nam
1177 2661 1236 2700 se
1280 2645 1390 2700 illis
1431 2647 1788 2715 conjunctum
1835 2666 1946 2705 non

376 2731 667 2801 ignoravit,
704 2733 801 2789 sed
834 2733 944 2788 Deo
978 2750 1078 2805 pro
1108 2734 1380 2792 fratribus
1406 2739 1760 2807 supplicavit,
1797 2739 1947 2810 quod

375 2837 488 2876 non
521 2822 743 2878 fecisset
776 2825 881 2878 nisi
912 2823 1077 2878 Deum
1103 2837 1453 2896 sequeretur,
1484 2830 1577 2898 qui
1613 2830 1717 2883 sibi
1744 2846 1946 2899 praece-

2046 1646 2223 1698 αύτῶν
2265 1643 2403 1696 ίλεού
2413 1660 2591 1713 μενος,
2626 1641 2837 1704 δεικνὺς
2860 1682 2875 1707 ,
2909 1636 3061 1711 οἶμαι
3081 1680 3096 1705 ,
3141 1639 3208 1692 δι’
3240 1631 3315 1691 ὧν
3348 1637 3604 1706 ἐποίησεν,

2046 1734 2127 1788 ὅτι
2157 1736 2185 1786 6
2220 1734 2396 1796 καλῶς
2430 1733 2508 1802 τῷ
2533 1731 2709 1803 θυρεῷ
2733 1731 2831 1800 τῆς
2856 1732 3054 1801 ἀρετῆς
3089 1728 3606 1800 περιπεφραγμένος,

2045 1825 2164 1886 ταῖς
2193 1823 2343 1875 ἀκίσι
2366 1823 2474 1875 τῶν
2505 1822 2672 1893 βελῶν
2699 1823 2798 1874 ούκ
2823 1820 3148 1890 ἀμύσσεται.
3201 1817 3489 1888 Ἀμϐλύνει
3512 1815 3603 1884 γὰρ

2045 1916 2143 1984 τὴν
2176 1914 2410 1984 αἰχμὴν,
2465 1914 2558 1969 καὶ
2601 1914 2681 1975 είς
2726 1912 2785 1965 τὸ
2832 1910 3064 1981 ἔμπαλιν
3095 1909 3432 1980 ἀποστρέφει
3462 1910 3495 1977 ἡ
3526 1903 3603 1958 τοῦ

2046 2005 2210 2058 ὅπλου
2258 2005 2571 2075 στερρότης.
2623 2002 2824 2056 Ὄπλον
2877 2002 2922 2054 δ’
2976 2001 3041 2055 ἂν
3080 2002 3165 2071 εἴη
3213 1999 3323 2053 τῶν
3367 1999 3605 2052 τοιούτων

2049 2096 2217 2167 βελῶν
2243 2095 2630 2165 φυλακτήριον,
2659 2094 2820 2157 αὐτὸς
2850 2093 2878 2145 ό
2904 2092 3055 2155 Θεὸς,
3100 2092 3160 2144 ὃν
3187 2091 3431 2144 ἐνδύεται
3468 2093 3495 2143 6
3521 2089 3607 2157 τῆς

2046 2188 2247 2260 ἀρετῆς
2273 2188 2515 2260 ὁπλίτης.
2546 2207 2565 2239 ‹
2602 2186 2922 2241 Ἐνδύσασθε
2949 2205 2967 2237 ι
3001 2185 3133 2255 γὰρ,
3162 2183 3317 2254 φησὶ,
3346 2202 3367 2233 ‹
3394 2182 3483 2235 τὸν
3511 2180 3605 2233 Κύ-

2052 2293 2162 2345 ριον
2203 2276 2429 2346 Ἰησοῦν.
2463 2297 2482 2329 ι
2534 2276 2703 2329 Τοῦτό
2731 2276 2878 2328 ἐστιν
2907 2276 2941 2345 ἡ
2966 2274 3215 2344 ἀρραγὴς
3238 2271 3552 2342 παντευχία,

2044 2383 2151 2420 τινι
2180 2367 2565 2437 πεφραγμένος
2595 2368 2624 2418 6
2666 2365 2925 2436 Μωῦσῆς,
2955 2367 3234 2437 ἄπρακτον
3264 2364 3355 2417 τὸν
3389 2362 3607 2432 nover)”

2044 2457 2266 2528 τοξότην
2296 2459 2568 2528 ἐποίησεν.
2627 2456 2783 2511 Οὕτω
2827 2457 2935 2528 γὰρ
2974 2457 3231 2510 ἐνέπεσεν
3274 2454 3428 2526 αὐτῷ
3456 2455 3608 2525 ὴάμ-

2047 2546 2298 2618 ϐλυντικὴ
2330 2549 2471 2601 κατὰ
2494 2548 2603 2600 τῶν
2631 2548 3010 2616 λελυπηκότων
3039 2547 3182 2618 ὁρμή
3211 2562 3226 2576 ·
3273 2544 3402 2598 οὔτε
3453 2560 3607 2599 κατα-

2046 2638 2408 2693 δικασθέντων
2435 2639 2615 2692 αύτῶν
2642 2639 2793 2708 παρά
2817 2638 2916 2708 τῆς
2949 2637 3246 2690 ἀδεκάστου
3278 2635 3529 2707 κρίσεως,
3558 2633 3609 2685 τὸ

2046 2729 2182 2800 πρὸς
2211 2730 2309 2800 τὴν
2339 2730 2496 2798 φύσιν
2516 2730 2749 2799 ἠγνόησε
2784 2728 3011 2791 δίκαιον,
3047 2726 3161 2780 ἀλλ’
3195 2728 3381 2797 ἱκέτης
3411 2726 3609 2795 ἐγένετο

2044 2821 2138 2874 τοῦ
2165 2822 2298 2875 Θεοῦ
2323 2822 2463 2893 ὑπὲρ
2488 2821 2598 2874 τῶν
2626 2819 2887 2888 ἀδελφῶν.
2924 2820 3098 2889 Ὅπερ
3128 2818 3227 2871 οὐκ
3254 2818 3318 2871 ἂν
3342 2819 3607 2887 ἐποίησεν.
3629 2838 3635 2843 ·

375 2911 511 2967 dens
563 2922 734 2967 tutam
777 2916 1027 2983 sequenti
1072 2917 1214 2970 viam
1255 2918 1686 2975 demonstrabat.
1743 2920 1940 2976 Verum

2059 2917 2101 2969 εί
2133 2916 2206 2986 μὴ
2252 2915 2479 2969 κατόπιν
2521 2914 2614 2968 τοῦ
2666 2912 2801 2967 Θεοῦ
2849 2909 2941 2984 ἦν,
2975 2912 3071 2966 τοῦ
3104 2912 3173 2965 τὰ
3214 2910 3444 2964 ὄπισθεν
3475 2910 3611 2980 αὐτῷ

378 3003 631 3058 humanae
676 3015 885 3059 naturae
919 3007 1095 3062 hostis
1129 3024 1158 3062 a
1194 3009 1376 3080 Moyse
1419 3013 1673 3080 repulsus
1695 3054 1710 3077 ,
1746 3028 1944 3070 manus

376 3090 444 3144 ad
474 3092 776 3148 imbecilles
797 3082 1098 3160 transmlit,
1125 3097 1326 3152 bellum
1355 3109 1408 3152 et
1430 3102 1785 3156 voracitatem
1810 3117 1945 3157 ven-

376 3182 477 3238 tris
502 3185 658 3253 quasi
682 3186 847 3239 telum
875 3188 1150 3256 quoddam
1184 3190 1415 3245 immisit
1445 3192 1667 3261 pOpulo,
1701 3208 1943 3263 eumque

295 3273 298 3276 ’
378 3273 758 3345 Egyptiarum
790 3278 1074 3347 epularum
1103 3280 1361 3336 aviditate
1385 3282 1652 3347 incendit,
1677 3293 1840 3355 atque
1869 3285 1938 3339 ad

378 3366 747 3435 praeferendas
777 3368 901 3423 cibo
926 3369 1002 3422 illi
1031 3372 1241 3427 caelesti
1275 3371 1494 3443 Egypti
1518 3389 1715 3431 carnes
1746 3376 1943 3431 incita-

375 3457 474 3511 vit.
528 3455 698 3529 Moysi
740 3467 919 3513 autem
965 3476 1131 3530 supra
1173 3477 1389 3517 omnem
1433 3465 1802 3521 turbationem
1829 3469 1941 3537 jam

375 3551 678 3606 constituto
725 3566 935 3622 magna:
974 3550 1153 3608 fuerat
1201 3568 1351 3609 cura:
1402 3555 1586 3610 futura
1621 3558 1942 3627 hereditas,

375 3657 498 3713 quae
530 3643 864 3712 repromissa
895 3651 982 3698 est
1026 3642 1322 3716 Egyptum
1364 3646 1725 3718 fugientibus,
1778 3665 1842 3704 ac
1878 3653 1943 3705 ad

375 3748 495 3788 eam
522 3734 1000 3803 proﬁciscentibus
1032 3745 1253 3801 terram,
1285 3738 1428 3793 unde
1462 3740 1544 3793 lae
1574 3749 1628 3794 et
1657 3742 1761 3796 mel
1794 3756 1946 3795 com-

377 3828 537 3880 mista
567 3827 729 3881 simul
757 3831 1087 3882 scaturiunt.
1117 3827 1229 3883 Hac
1267 3829 1335 3885 de
1368 3846 1534 3886 causa
1572 3816 1944 3902 exploratores

378 3918 575 3972 missos
610 3917 678 3971 de
720 3918 879 3971 bouis
915 3918 1066 3972 illius
1108 3921 1350 3988 regionis
1390 3922 1693 3992 interrogat
1722 3943 1734 3975 :
1763 3925 1815 3977 hi
1848 3940 1945 3979 au—

376 4014 484 4060 tem
519 4013 646 4061 sunt
675 4007 767 4060 alii
801 4007 963 4073 boni',
1001 4008 1092 4061 alii
1137 4010 1264 4062 mali
1299 4025 1312 4060 :
1356 4018 1410 4064 et
1441 4011 1572 4065 boni
1602 4014 1853 4081 quidem,
1888 4025 1947 4069 ut

375 4115 475 4170 ego
513 4099 710 4162 s‘entio,
743 4108 872 4154 sunt
912 4109 1073 4154 rectaa
1111 4101 1477 4171 cOgitationes
1509 4104 1577 4158 de
1614 4107 1945 4174 repromissa

378 4191 537 4246 nobis
590 4190 948 4253 beatitudine,
994 4191 1198 4246 Christi
1243 4192 1348 4247 ﬁde
1379 4195 1771 4252 corroboratae.
1818 4197 1943 4251 Mali

2045 3006 2183 3076 πρὸς
2224 3008 2322 3078 τὴν
2350 3006 2566 3076 ἀσφαλῆ
2607 3008 2706 3076 τῆς
2739 3005 2941 3075 ἀρετῆς
2974 3003 3192 3073 ὀδηγίαν
3219 3002 3610 3073 προδείξαντος.

2044 3096 2155 3149 Καὶ
2199 3095 2266 3147 τά
2309 3094 2442 3149 ἄλλα
2487 3094 2542 3148 δὲ
2591 3093 2789 3163 ἑφεξῆς
2829 3093 3074 3147 τοιαῦτα.
3123 3094 3338 3164 Ἐπειδὴ
3372 3094 3482 3164 γὰρ
3521 3092 3611 3144 οὐκ

2043 3184 2170 3255 ἔσχε
2201 3186 2319 3238 κατ’
2348 3183 2512 3238 αὐτοῦ
2560 3183 2744 3256 χῶραν
2782 3186 2861 3248 είς
2916 3186 3120 3257 βλάϐην
3157 3188 3184 3239 ό
3211 3189 3277 3256 τῇ
3309 3187 3473 3254 φύσει
3514 3184 3611 3236 τῶν

2045 3275 2346 3345 ἀνθρώπων
2372 3273 2656 3344 πολέμιος,
2692 3274 2883 3345 τρέπει
2901 3275 3043 3328 κατὰ
3070 3275 3176 3329 τῶν
3205 3275 3612 3345 εὐαλωτοτέρων

2043 3367 2134 3419 τὸν
2167 3366 2415 3437 πόλεμον.
2450 3368 2559 3423 Καὶ
2600 3366 2848 3438 καθάπερ
2884 3384 2937 3420 τι
2980 3366 3131 3436 βέλος
3165 3368 3226 3420 τὸ
3253 3369 3352 3438 τῆς
3394 3383 3611 3438 γαστρι-

2048 3460 2282 3531 μαργίας
2311 3458 2479 3521 πάθος
2509 3460 2740 3527 ἐπαφεὶς
2779 3458 2857 3530 τῷ
2886 3457 3020 3530 λαῷ,
3066 3461 3455 3528 Δίγυπτιάζειν
3483 3458 3614 3513 κατὰ

2044 3553 2143 3623 τὴν
2188 3551 2366 3623 ὄρεξιν
2414 3551 2608 3614 αὐτοὺς
2651 3549 3061 3621 παρεσκεύασε,
3112 3552 3471 3622 προτιθέντας
3520 3553 3614 3620 τῆς

2045 3645 2302 3716 οὐρανίας
2343 3643 2557 3713 ἐκείνης
2604 3644 2807 3715 τροφῆς
2850 3642 2947 3714 τὴν
2982 3644 3114 3714 παρ’
3137 3645 3460 3711 Αἰγυπτίοις
3491 3662 3613 3714 σαρ-

2046 3736 2316 3808 κοϐορίαν.
2362 3736 2417 3788 Ὁ
2437 3735 2495 3788 δὲ
2528 3734 2727 3805 ὑψηλὸς
2751 3736 2848 3804 τὴν
2872 3735 3069 3805 ψυχὴν,
3101 3735 3212 3789 ἄνω
3248 3735 3341 3787 τοῦ
3382 3735 3611 3790 τοιούτου

2046 3827 2252 3892 πάθους
2281 3827 2742 3897 ὑπερπετόμενος,
2776 3827 2897 3890 ὅλος
2927 3822 2995 3896 ἦν
3026 3827 3128 3896 τῆς
3158 3826 3465 3899 μελλούσης
3493 3828 3615 3897 κλη-

2048 3914 2299 3985 ρονομίας
2327 3916 2424 3984 τῆς
2457 3915 2873 3986 ἐπηγγελμένης
2905 3915 3057 3985 παρά
3088 3915 3181 3967 τοῦ
3215 3915 3352 3968 Θεοῦ
3381 3919 3494 3981 τοῖς
3526 3932 3615 3985 με·

2047 4006 2386 4077 θισταμένοις
2412 4008 2475 4058 ἐκ
2503 4007 2603 4075 τῆς
2637 4006 2919 4075 νοηθείσης
2946 4005 3241 4073 Αἰγύπτου,
3277 4009 3375 4059 καὶ
3398 4008 3494 4061 ἐπὶ
3525 4006 3618 4075 τὴν

2046 4099 2148 4168 γῆν
2178 4099 2390 4168 ἐκείνην
2421 4096 2811 4168 ὁδοιποροῦσιν,
2860 4099 2919 4150 ὲν
3037 4096 3190 4175 βρύει
3217 4096 3279 4149 τὸ
3305 4098 3455 4164 γάλα
3498 4113 3614 4149 συνο

2045 4190 2489 4261 ἀναμεμιγμένον
2528 4189 2606 4260 τῷ
2654 4189 2847 4260 μέλιτι,
2902 4188 3101 4242 Τούτου
3148 4188 3306 4260 χάριν
3350 4187 3618 4243 κατασκό-

376 4296 529 4345 vero,
570 4280 861 4336 incredula:
910 4284 1331 4341 resurrectionis
1380 4292 1544 4354 atque
1584 4287 1940 4344 beatitudinis

2059 4300 2183 4346 πους
2203 4283 2353 4345 τινὰς
2370 4281 2717 4344 διδασκάλους
2743 4283 2976 4335 ἐποιεῖτο
3000 4279 3108 4332 τῶν
3132 4282 3189 4333 ἐν
3211 4281 3398 4352 ἐκείνῃ
3421 4281 3615 4335 καλῶν.

378 4382 620 4434 montes,
653 4389 775 4442 quae
815 4373 976 4429 ﬁdem
1006 4374 1073 4429 de
1105 4377 1454 4445 repromissis
1489 4378 1735 4434 humano
1760 4383 1945 4449 generi

380 4464 538 4517 bonis
579 4463 873 4519 retundere
903 4480 965 4519 ac
1002 4466 1282 4521 infirmare
1313 4478 1582 4522 conantur
1610 4487 1624 4523 :
1655 4480 1795 4540 quas
1831 4487 1949 4526 om-

381 4569 477 4608 nes
514 4552 728 4626 Moyses
756 4556 1090 4622 reprobavit,
1118 4557 1308 4625 eisque
1339 4559 1517 4611 solum
1559 4561 1817 4625 credidit,
1842 4563 1949 4632 qui

379 4645 610 4699 meliora
662 4644 731 4707 de
776 4646 998 4715 regione
1046 4647 1134 4700 illa
1185 4647 1512 4702 referebant.
1559 4648 1722 4706 Jesus
1764 4660 1946 4709 autem

377 4733 569 4788 horum
617 4733 860 4787 omnium
910 4739 1164 4804 princeps
1194 4744 1361 4801 erat,
1411 4738 1479 4790 ad
1516 4752 1678 4805 quem
1730 4740 1945 4810 MoySes

379 4824 685 4895 respiciens
722 4824 932 4878 ﬁrmam
963 4824 1200 4879 habebat
1241 4841 1392 4896 spem
1421 4827 1489 4882 de
1530 4827 1755 4892 futuris,
1792 4848 1945 4895 race-

378 4916 482 4969 mis
518 4916 881 4970 conlirmatus
918 4931 930 4966 :
977 4917 1254 4985 specimen
1296 4928 1474 4973 autem
1508 4920 1824 4976 deliciarum
1856 4939 1944 4979 re-

377 5005 556 5077 gionis
592 5007 739 5061 illius
778 5020 1051 5060 racemum
1082 5008 1361 5074 ostendit,
1392 5024 1552 5078 quem
1595 5012 1649 5065 in
1699 5014 1946 5070 vectibus

376 5098 656 5153 attulerat.
688 5096 876 5153 Jesum
902 5114 1033 5153 vero
1058 5101 1287 5155 audiens
1318 5102 1465 5157 illius
1497 5110 1659 5159 terrae
1682 5105 1944 5161 indicium

379 5190 718 5255 facientem,
757 5201 812 5245 et
846 5205 1125 5245 racenuun
1157 5209 1224 5246 ex
1267 5193 1417 5265 ligno
1445 5195 1802 5264 pendentem,
1837 5214 1945 5254 non

378 5279 659 5336 dubitabis
685 5282 821 5349 quin
856 5282 931 5337 sit
968 5282 1102 5338 illud
1123 5283 1189 5337 ad
1220 5285 1366 5353 quod
1395 5284 1489 5340 ille
1524 5301 1743 5357 quoque
1771 5288 1947 5357 reSpi-

2045 4368 2204 4428 Οὗτοι
2234 4375 2276 4428 δ’
2304 4374 2369 4428 ἂν
2412 4370 2543 4438 εἷεν,
2590 4375 2733 4427 κατά
2771 4389 2834 4441 γε
2861 4372 2959 4442 τὴν
3000 4371 3136 4442 ἐμὴν
3160 4371 3412 4441 γνώμην,
3444 4374 3498 4428 οί
3527 4371 3619 4443 μὲν

2043 4462 2142 4526 τὰς
2167 4462 2376 4531 ἀγαθὰς
2408 4462 2626 4525 ἐλπίδας
2657 4462 3054 4534 προτείναντες,
3085 4463 3132 4514 οἰ
3156 4461 3244 4514 διὰ
3268 4462 3369 4532 τῆς
3390 4462 3619 4521 πίστεως

2046 4556 2383 4625 ὲγγινόμενοι
2422 4556 2690 4625 λογισμοὶ,
2731 4553 3077 4624 βεϐαιοῦντες
3105 4552 3215 4606 τῶν
3242 4553 3620 4623 ἀποκειμένων

2046 4645 2268 4714 ἀγαθῶν
2299 4646 2399 4716 τὴν
2428 4646 2618 4699 ἐλπίδα
2639 4662 2652 4675 ·
2686 4648 2734 4698 οἰ
2770 4645 2829 4698 δὲ
2853 4646 3164 4713 ἀπόγνωσιν
3193 4643 3623 4717 τῶνχρηστοτέ-

2055 4752 2162 4807 ρων
2181 4736 2459 4799 ποιοῦντες
2483 4736 2732 4798 ἐλπίδων,
2758 4732 2867 4788 είεν
2890 4735 2955 4789 ἂν
2982 4737 3031 4788 οἱ
3061 4736 3208 4807 παρὰ
3223 4736 3320 4789 τοῦ
3380 4734 3621 4790 ἐναντίου

2051 4830 2317 4900 λογισμοὶ,
2361 4831 2409 4882 οἱ
2452 4829 2550 4900 τὴν
2593 4829 2772 4882 πίστιν
2803 4828 2910 4882 τῶν
2951 4828 3375 4898 ἐπηγγελμένων
3421 4826 3625 4899 ἀμϐλύ-

2051 4938 2254 4985 νοντες.
2282 4920 2421 4973 Ἀλλ’
2442 4920 2632 4973 οὐδένα
2664 4920 2771 4975 τῶν
2799 4920 3057 4973 ἐναντίων
3083 4920 3242 4987 λόγον
3272 4920 3621 4988 ποιούμενος.

2052 5012 2242 5065 πιστὸν
2263 5013 2473 5081 ἡγεῖται
2510 5010 2601 5063 τὸν
2623 5010 2693 5064 τά
2725 5010 2959 5082 κρείττω
2994 5012 3119 5081 περὶ
3144 5009 3240 5080 τῆς
3279 5009 3388 5077 γῆς
3417 5009 3625 5075 ἐκείνης

2048 5103 2535 5173 ἐπαγγελλόμενον.
2580 5101 2785 5170 Ἰησοῦς
2819 5102 2876 5155 δὲ
2902 5097 2970 5172 ἦν
2999 5103 3027 5155 6
3051 5102 3148 5172 τῆς
3182 5100 3501 5171 κρείττονος
3534 5116 3625 5151 κα-

2046 5195 2326 5265 τασκοπῆς
2351 5193 2778 5265 καθηγούμενος,
2805 5196 2833 5247 6
2859 5196 2925 5264 τῇ
2952 5194 3080 5263 παρ’
3103 5191 3298 5246 ἑαυτοῦ
3330 5191 3626 5261 βεϐαιώσει

2047 5287 2109 5340 τὸ
2139 5287 2326 5342 πιστὸν
2349 5289 2461 5350 τοῖς
2486 5285 2913 5356 ὲπηγγελμένοις
2944 5285 3217 5355 παρέχων.
3248 5274 3399 5354 Πρδς
3428 5284 3491 5337 ὃν
3513 5282 3625 5351 βλέο

378 5373 529 5426 ciens
559 5372 902 5427 indubitabili
932 5388 1030 5442 spe
1051 5375 1461 5432 consolabatur.
1500 5378 1770 5434 [iacemus
1798 5380 1943 5434 enim

2059 5394 2167 5429 πων
2212 5376 2241 5427 6
2283 5376 2555 5444 Μωῦσῆς,
2603 5374 2821 5444 βεϐαίας
2867 5370 2979 5443 εἶχε
3014 5373 3112 5435 τὰς
3158 5372 3299 5442 ὑπὲρ
3340 5371 3460 5424 τῶν
3508 5370 3620 5439 μελε

377 5478 443 5517 cx
474 5464 622 5533 ligno
653 5463 969 5534 dependens
1000 5467 1126 5535 quis
1157 5468 1298 5522 alius
1328 5469 1432 5523 erit
1453 5510 1467 5533 ,
1492 5484 1655 5538 quam
1689 5472 1735 5525 is
1760 5472 1850 5541 qui
1884 5472 1939 5527 in

2059 5467 2246 5521 λόντων
2273 5464 2511 5533 ἐλπίδας,
2537 5465 2733 5536 δεῖγμα
2774 5470 2878 5538 τῆς
2914 5466 3028 5518 ἐκεῖ
3051 5462 3260 5534 τρυφῆς
3302 5462 3399 5516 τὸν
3436 5462 3628 5533 ᾤτρυν

450 5641 671 5697 "Num.
701 5658 798 5711 ιιι,
838 5644 861 5698 1
897 5660 1050 5714 seqq.
1116 5647 1157 5678 ⁷⁷
1196 5647 1350 5702 Rom.
1381 5665 1497 5713 xm,
1534 5649 1612 5701 li.
