3800 5980
134 230 240 283 M3

1402 288 1407 291 .
1478 242 1567 298 DE
1608 243 1769 303 VITA
1812 247 2071 305 MOYSIS

3307 255 3412 313 4Ιέ

137 346 484 418 ποιούμενος,
531 349 622 402 τὸν
660 351 748 403 ἐπ’
788 352 1107 426 ἀναφορέων
1144 359 1273 431 παρ’
1311 360 1475 415 αὑτοῦ
1506 367 1724 436 κομιζό-

1860 370 2154 426 levissimis
2206 370 2402 429 diebus
2457 388 2520 428 ex
2577 374 2729 445 ligno
2795 374 3054 445 pependit
3114 390 3407 434 racemus.

142 456 321 508 μενον.
353 440 568 509 Ἰησοῦν
597 441 654 494 δὲ
687 444 905 528 πάντως
930 447 1145 501 ἀκούων
1176 451 1304 521 περὶ
1328 454 1428 523 τῆς
1456 454 1560 523 γῆς
1588 456 1725 528 ἐκεί-

140 548 235 602 νης
286 531 586 602 μηνύοντα,
628 526 727 588 καῖ
769 534 967 609 βότρυν
1014 538 1187 604 ξύλων
1235 526 1722 617 ἀπαιωρούμενον·

139 625 275 686 νοεῖς
310 623 450 694 πρὸς
474 625 504 678 ὅ
534 642 587 678 τι
614 628 863 690 κάκεῖνος
892 627 1126 697 βλέπων,
1165 632 1413 705 ἀσφαλὴς
1447 640 1563 700 ταῖς
1586 636 1729 690 ἐλπί-

142 730 225 766 σιν
250 708 319 784 ἦν
343 731 359 745 ο
398 715 596 786 βότρυς
620 717 729 789 γὰρ
758 720 850 772 ἐπὶ
869 720 1021 784 ξύλου
1054 724 1420 794 κρεμάμενος.
1449 726 1533 790 τίς
1562 728 1727 792 ἄλλος

142 804 255 856 ἐστὶ
280 806 434 875 παρὰ
460 806 553 859 τὸν
575 807 663 860 ἐπ’
685 809 928 879 ἐσχάτων
954 812 1063 865 τῶν
1086 814 1307 884 ἡμερῶν
1335 817 1427 868 ἐπὶ
1449 816 1543 869 τοῦ
1570 817 1725 882 ξύλου

141 897 525 965 κρεμασθέντα
559 899 780 970 βότρυν,
806 894 867 953 οὗ
901 902 963 955 rb
994 900 1134 974 αἷμα
1171 907 1335 959 ποτὸν
1362 910 1475 970 τοῖς
1509 910 1731 963 πιστεύ-

1831 462 1992 531 cujus
2058 463 2284 533 sanguis
2334 471 2501 534 potus
2561 467 2632 521 sit
2685 467 3037 522 credentibus
3102 466 3412 522 salutaris?

1828 552 2013 623 Moyse
2043 554 2099 607 id
2126 555 2471 625 aauigmatiee
2514 558 2675 614 nobis
2713 558 3084 628 praedicente:
3120 575 3138 608 ι
3174 555 3413 626 Sangui-

1832 659 1954 697 nem
1996 645 2162 711 enim,
2213 663 2231 696 ι
2275 645 2483 716 inquit,
2526 666 2545 700 ι
2586 663 2705 704 ιινῶ
2734 647 3235 705 bibebantvinum:
3269 663 3411 716 rqua

1831 751 1896 789 ex
1926 752 1983 790 re
2009 737 2269 795 salutaris
2297 740 2501 794 Christi
2530 742 2715 811 passio
2751 740 3175 811 praznuntiatur.
3209 737 3415 793 Verum

1838 826 1944 879 iter
1974 842 2171 884 rursus
2213 845 2307 899 per
2334 830 2552 885 deserta
2585 832 2644 884 ﬁt
2668 871 2683 895 ,
2715 839 2771 886 et
2809 831 3023 885 laborat
3057 828 3151 885 siti
3178 828 3417 900 populus

1837 918 1931 987 qui
1960 921 2409 989 repromissionis
2434 923 2577 978 bona
2605 921 2936 991 desperavit.

139 1002 259 1040 ουσι
292 988 507 1080 γίνεται
554 992 851 1080 σωτηριοῃ
902 993 1075 1047 Τοῦτο
1101 995 1194 1047 τοῦ
1224 996 1506 1060 Μωῡσέως
1544 1000 1898 1069 προειπόντος
1947 988 2076 1078 ἡμῖν
2139 1008 2207 1061 δι’
2247 1009 2588 1080 αἰνίγματος,
2649 988 2730 1062 ὅτι
2760 1028 2778 1061 ι
2803 1003 2952 1079 Αἷμα
2982 1008 3255 1077 σταφυλῆς
3297 1006 3406 1059 ἔπι·

137 1096 226 1175 νον
271 1076 487 1134 οἴνονοι
521 1081 588 1134 δι’
635 1078 694 1136 οὗ
734 1083 795 1137 rb
848 1087 1112 1156 σωτήριον
1147 1086 1318 1151 πάθος
1348 1091 1777 1160 καταμηνύεται.
1831 1097 2001 1151 Πάλιν
2058 1099 2144 1152 διὰ
2194 1098 2291 1169 τῆς
2345 1097 2550 1172 ὲρήεῖου
2601 1099 2739 1163 ὁδὸς,
2781 1098 2875 1153 καὶ
2921 1099 3312 1152 καταπονεῖται
3340 1095 3420 1166 τῷ

137 1169 277 1242 δίψει
299 1176 329 1226 ὁ
360 1172 471 1227 τῶν
497 1175 722 1243 ἀγαθῶν
751 1179 848 1249 τῆς
874 1180 1206 1249 ἐπαγγελίας
1236 1181 1540 1247 ἀπελπίσας
1570 1185 1721 1248 λαός.

223 1263 282 1315 ’0
301 1263 361 1316 δέ
376 1264 620 1335 Μωῦσῆς
658 1267 815 1320 πάλιν
837 1268 1017 1331 αὐτοῖς
1039 1270 1365 1336 κατακλύζει
1399 1272 1488 1325 διά
1520 1273 1617 1342 τῆς
1640 1274 1736 1326 πέ-

139 1370 274 1424 τρας
295 1355 398 1424 τὴν
426 1355 523 1427 ἒρη
534 1373 652 1426 μον.
689 1359 746 1411 Ὀ
766 1358 821 1410 δὲ
846 1359 1085 1424 τοιοῦτος
1116 1360 1290 1430 λόγος,
1319 1362 1476 1416 τοῦτο
1501 1363 1566 1417 ἂν
1589 1366 1734 1435 ἡμᾶς

140 1442 227 1495 διὰ
261 1444 368 1512 τῆς
418 1446 615 1516 νοητῆς
655 1444 887 1518 θεωρίας
937 1446 1220 1512 διδάξειεν,
1251 1444 1361 1503 οἷόν
1398 1453 1515 1503 ἐστι
1540 1450 1600 1504 τὸ
1634 1452 1734 1522 τῆς

143 1534 432 1602 μετανοίας
461 1537 776 1606 μυστήριον.
800 1538 864 1590 Οἱ
892 1538 997 1609 γάρ
1022 1540 1155 1610 πρὸς
1174 1540 1415 1612 γαστέρα
1441 1542 1533 1594 καὶ
1558 1544 1734 1614 σάρκα

140 1626 233 1679 καὶ
266 1627 369 1689 τὰς
403 1627 705 1696 Αἰγυπτίας
741 1630 951 1700 ἡδονὰς,
987 1631 1125 1700 μετὰ
1174 1633 1234 1686 τὸ
1267 1634 1411 1701 ἅπαξ
1433 1634 1731 1703 γεύσασθαι

138 1717 237 1787 τῆς
273 1720 506 1789 πέτρας,
542 1722 1013 1793 παρατραπέντες,
1048 1723 1125 1794 τῷ
1155 1724 1296 1795 λιμῷ
1332 1730 1423 1778 καὶ
1450 1726 1557 1779 τῶν
1590 1727 1735 1796 λογι-

142 1809 297 1878 σμῶν
359 1811 457 1881 τῆς
513 1811 621 1864 τῶν
647 1810 866 1881 ἀγαθῶν
914 1815 1201 1884 μετουσίας
1262 1816 1731 1882 καταδικάζονται.

152 1900 292 1952 Ἀλλ’
322 1900 471 1953 ἔστιν
503 1902 687 1967 αὐτοῖς
725 1902 887 1956 πάλιν
919 1906 982 1957 ἐκ
1008 1907 1372 1977 μεταμελείας
1397 1910 1494 1980 τὴν
1527 1909 1731 1979 πέτραν

139 1993 349 2064 εὑρεῖν,
374 1994 440 2064 ἦν
470 1994 782 2059 κατέλιπον,
805 1996 899 2049 καὶ
925 1996 1086 2050 πάλιν
1121 1999 1332 2063 ἑαυτοῖς
1355 2003 1737 2071 ἁναστομῶσαι

138 2085 239 2155 τὴν
284 2084 480 2153 φλέϐα,
543 2084 703 2139 πάλιν
755 2083 1134 2158 ἐμφορηθῆναι
1177 2090 1271 2142 τοῦ
1324 2090 1582 2159 νάματος,
1628 2090 1655 2143 ὃ

140 2177 321 2247 πέτρα
377 2175 625 2230 ἐκδίδωσι
673 2177 750 2248 τῷ
779 2179 876 2249 τὴν
926 2180 1277 2247 κατασκοπὴν
1326 2180 1499 2251 Ἰησοῦ
1541 2181 1738 2252 άληθες

142 2269 345 2340 στέραν
372 2272 469 2340 τῆς
495 2268 602 2323 τῶν
638 2268 892 2331 ἐναντίων
919 2265 1056 2323 εἶναι
1080 2270 1448 2337 πιστεύσαντι,
1486 2273 1579 2324 καὶ
1604 2271 1740 2343 πρὸς

139 2360 231 2414 τὸν
276 2360 473 2432 βότρυν
528 2361 906 2427 ἀναϐλέποντι,
938 2362 1029 2416 τὸν
1059 2363 1200 2434 ὑπὲρ
1228 2364 1383 2435 ἡμῶν
1428 2358 1570 2433 αἷμα
1611 2364 1740 2417 στά-

143 2450 333 2514 ξαντα,
366 2452 459 2504 καὶ
482 2451 838 2522 αἱμαχθέντα,
860 2450 937 2522 τῷ
958 2451 1118 2505 πάλιν
1136 2453 1317 2514 αὐτοῖς
1344 2453 1431 2505 διὰ
1459 2451 1552 2505 τοῦ
1579 2451 1737 2518 ξύλου

145 2542 332 2613 βρύειν
362 2543 458 2614 τὴν
488 2542 692 2612 πέτραν
736 2542 1223 2596 κατασκευάσαντι.
1274 2541 1412 2595 Ἀλλ’
1437 2540 1590 2595 οὔπω
1620 2541 1740 2597 κατ’

146 2635 293 2703 ἴχνος
322 2632 553 2685 ἔπεσθαι
597 2635 664 2703 τῇ
710 2630 1055 2703 μεγαλοφύῖᾳ
1084 2633 1325 2695 Μωσέως
1368 2633 1397 2686 ό
1438 2633 1564 2696 λαὸς
1589 2635 1744 2687 ἐπαι-

144 2723 342 2794 δεύθη’
396 2723 479 2776 ἔτι
534 2724 591 2777 δὲ
644 2723 781 2795 πρὸς
821 2724 919 2787 τὰς
958 2723 1386 2795 ἀνδραποδώδεις
1450 2723 1745 2794 ἐπιθυμίας

146 2816 498 2880 καθέλκεται,
541 2820 635 2870 καὶ
682 2818 819 2888 πρὸς
850 2816 949 2881 τὰς
971 2817 1276 2886 Αἰγυπτίας
1300 2817 1494 2889 ἡδονάς
1533 2816 1745 2870 ἐπικλί-

1914 1272 2128 1345 Moyses
2157 1291 2285 1332 vero
2317 1293 2512 1333 rursus
2552 1292 2649 1348 per
2683 1276 2918 1348 lapidem
2961 1277 3232 1332 inundare
3262 1270 3455 1347 aquis‘

1842 1378 2087 1419 eremum
2130 1366 2257 1421 fecit
2284 1385 2298 1433 ;
2332 1382 2453 1437 quae
2482 1382 2572 1422 res
2602 1376 2867 1438 quantum
2899 1366 3169 1436 qualeque
3204 1366 3276 1421 sit
3303 1382 3423 1436 pm-

1844 1457 2086 1512 nitentiae
2115 1468 2564 1524 sacramentum,
2610 1459 2789 1514 docet.
2825 1458 2962 1514 Nam
3000 1460 3095 1529 qui
3128 1467 3416 1529 postquam

1840 1546 2009 1600 semel
2041 1561 2070 1601 e
2096 1553 2245 1616 petra
2288 1547 2571 1612 biberant,
2616 1549 2681 1603 ad
2720 1557 2964 1604 ventrem
3003 1558 3057 1603 et
3087 1563 3286 1606 carnes
3315 1589 3330 1612 ,
3365 1560 3422 1605 et

1840 1636 2125 1708 Egyptias
2151 1639 2462 1709 voluptates
2498 1639 2635 1709 lapsi
2666 1638 2974 1700 sunt,l'ame
3005 1653 3069 1693 ac
3101 1640 3414 1708 privatione
3481 1648 3493 1658 '

1838 1730 2278 1799 participationis
2314 1731 2582 1785 bonorum
2624 1730 2981 1784 damnantur.
3020 1727 3417 1784 Verumtamen

1839 1829 2070 1891 possunt
2104 1836 2298 1877 rursus
2326 1838 2488 1895 quam
2524 1822 2937 1892 dereliquerunt
2972 1830 3221 1891 petram,
3254 1822 3425 1891 paeni-

1839 1914 2023 1967 tentiae
2044 1913 2306 1967 beneﬁcio
2326 1915 2588 1982 reperire,
2609 1929 2673 1969 ac
2695 1913 2874 1968 fontes
2899 1928 3039 1984 quos
3056 1914 3424 1984 delinquendo

1839 2005 2205 2068 obturarunt,
2240 2006 2346 2060 sibi
2397 2020 2643 2061 reserare
2673 2012 2730 2060 et
2760 2003 2982 2059 liuentis
3027 2003 3265 2074 expleri,
3301 2018 3425 2074 quae

1838 2096 2122 2166 profundit
2155 2096 2231 2150 illi
2286 2109 2460 2167 petra,
2495 2097 2592 2167 qui
2627 2096 2897 2152 veriorem
2927 2094 3079 2159 Jesu,
3113 2110 3277 2165 quam
3311 2095 3413 2150 ad-

1834 2190 2208 2261 versariorum
2240 2189 2675 2257 explorationem
2705 2186 2944 2243 credidit
2982 2206 2996 2242 :
3031 2198 3195 2257 atque
3229 2186 3298 2241 ad
3329 2200 3420 2240 ra-

1840 2294 2053 2333 cemum
2078 2280 2340 2349 respicit,
2378 2280 2469 2349 qui
2505 2295 2603 2350 pro
2638 2278 2796 2334 nobis
2830 2278 3152 2348 sanguinem
3174 2276 3423 2341 stillavit,

1840 2378 1894 2425 et
1942 2378 2262 2426 cruentatus
2297 2379 2415 2435 est,
2457 2372 2662 2441 quique
2707 2379 2766 2424 ut
2805 2384 3000 2443 rursus
3055 2384 3151 2437 per
3204 2368 3417 2438 lignum

1833 2456 2124 2513 seaturiret
2132 2466 2284 2528 petra
2293 2457 2488 2515 eﬂ‘ecit.
2500 2457 2699 2513 Verum
2711 2453 2937 2524 pOpulus
2948 2450 3180 2506 nondum
3195 2453 3413 2524 vesﬁgia

1842 2544 2015 2617 Moysi
2050 2554 2198 2602 recte
2247 2548 2404 2616 sequi
2457 2546 2693 2610 didicit,
2738 2545 2833 2600 sed
2864 2544 2931 2599 ad
2968 2543 3200 2599 serviles
3240 2542 3423 2596 adhuc

1843 2637 2030 2705 lapsus
2072 2636 2440 2707 cupiditates,
2497 2635 2786 2707 .Egyptias
2832 2636 3041 2705 expetit
3091 2636 3423 2705 voluptates.

1842 2726 1959 2792 Qua
1994 2742 2060 2782 ex
2106 2742 2163 2781 re
2203 2727 2434 2781 historia
2478 2727 2720 2783 clamare
2762 2727 2996 2788 videtur,
3049 2725 3267 2780 labilem
3300 2739 3427 2781 esse

1844 2818 2083 2872 maxime
2117 2818 2182 2872 ad
2240 2819 2553 2888 hujusmodi
2606 2819 2739 2873 vitia
2795 2819 3426 2885 naturam'humanam,

145 2925 325 2963 νεται.
377 2907 624 2960 Δείκνυσι
658 2906 714 2984 δέ
755 2926 868 2972 πως
928 2908 1015 2961 διὰ
1054 2909 1258 2962 τούτων
1298 2910 1330 2978 ἡ
1375 2908 1604 2979 ἱστορία,
1661 2910 1736 2963 ὅτι

1860 2909 2105 2979 milleque
2145 2911 2320 2965 modis
2351 2911 2636 2967 seductam
2672 2913 2737 2965 ad
2773 2926 2837 2966 ea
2867 2911 3086 2967 cadere.
3122 2910 3306 2977 Quare
3335 2926 3430 2981 pe-

150 3000 289 3071 πρὸς
319 2999 381 3053 rb
411 2998 650 3052 τοιοῦτον
690 3001 858 3063 πάθος
886 3001 1104 3053 πάντων
1141 3000 1377 3071 μάλιστα
1425 3000 1747 3071 κατωφερὴς

149 3090 536 3164 ήὰνθρωπίνη
590 3091 750 3161 φύσις
798 3093 935 3156 ἐστὶ,
981 3092 1206 3163 μυρίαις
1247 3091 1384 3154 όδοῖς
1426 3092 1747 3162 ὑπαγομένη

147 3188 214 3257 τῇ
266 3185 433 3255 νόσῳ.
486 3185 597 3249 Διὸ,
639 3185 886 3257 καθάπερ
910 3203 993 3249 τις
1034 3185 1234 3257 ἰατρὸς,
1270 3184 1403 3255 πρὸς
1438 3183 1496 3238 τὸ
1523 3185 1752 3255 ἐπικρα-

148 3276 277 3329 τοῦν
330 3278 420 3329 ἀεὶ
467 3275 637 3341 πάθος
690 3276 777 3330 διὰ
822 3278 920 3346 τῆς
962 3277 1157 3346 τέχνης
1195 3277 1503 3346 ἱστάμενος,
1549 3278 1651 3329 οὐκ
1687 3278 1750 3348 ἐᾷ

150 3367 277 3421 κατ’
306 3367 493 3421 αὐτῶν
545 3366 892 3421 δυναστεύειν
947 3367 1110 3439 μέχρι
1145 3367 1390 3421 θανάτου
1431 3367 1528 3438 τὴν
1571 3367 1748 3422 νόσον.

153 3460 280 3522 Τοῖς
344 3459 446 3530 μὲν
498 3458 605 3529 γάρ
655 3440 702 3529 η’
736 3459 844 3511 τῶν
897 3459 1114 3511 ἀτόπων
1150 3457 1413 3529 ἐπιθυμία
1436 3459 1561 3522 τοὺς
1601 3457 1752 3527 ὄφεις

155 3552 336 3605 ἐτικτε
363 3572 377 3583 ·
409 3551 471 3604 rb
500 3552 555 3604 δὲ
588 3552 712 3623 παρ’
743 3550 920 3604 αὐτῶν
941 3551 1144 3621 δῆγμα,
1180 3551 1549 3621 θανατηφόρον
1579 3550 1753 3620 ἐπῆγε

154 3646 248 3700 τὸν
283 3644 365 3698 ίὺν
388 3646 501 3707 τοῖς
522 3644 810 3714 ἀμυχθεῖσι
839 3640 917 3714 τῷ
949 3644 1187 3713 δήγματι
1213 3659 1226 3671 '
1251 3646 1279 3697 ὁ
1313 3644 1367 3696 δὲ
1392 3644 1565 3714 μέγας
1591 3660 1753 3713 νομο-

160 3736 325 3806 θέτης
382 3735 558 3803 ὄφεως
603 3735 731 3788 εῖδει
772 3735 871 3805 τὴν
919 3734 1147 3805 δύναμιν
1181 3733 1289 3787 τῶν
1322 3733 1464 3787 κατὰ
1495 3734 1752 3805 ἀλήθειαν

160 3829 368 3899 θηρίων
391 3827 682 3898 ἠχρείωσε.
705 3827 907 3899 Καιρός
928 3828 974 3880 δ’
1010 3827 1074 3880 ἂν
1096 3827 1201 3898 εἴη.
1238 3827 1568 3898 σαφέστερον
1592 3829 1755 3880 ἐκκα-

158 3921 327 3989 λύψαι
348 3920 410 3973 rb
438 3919 684 3991 αἴνιγμα·
724 3921 816 3972 Ἕν
845 3937 895 3972 τι
928 3919 1037 3973 τῶν
1064 3920 1312 3990 πονηρῶν
1343 3918 1543 3973 τούτων
1576 3918 1754 3988 παθη-

166 4015 357 4086 μάθων
415 4015 563 4067 ἐστὶν
601 4012 976 4083 ἀλεξητήριον,
999 4014 1032 4082 ἡ
1066 4012 1154 4066 διὰ
1180 4010 1273 4064 τοῦ
1321 4011 1620 4082 μυστηρίου
1655 4011 1754 4081 τῆς

164 4104 451 4167 εὐσεϐείας
490 4104 748 4175 γινομένη
782 4106 888 4157 τῶν
919 4104 1107 4174 ψυχῶν
1135 4103 1293 4176 ἡμῶν
1321 4103 1606 4174 κάθαρσις.
1641 4105 1753 4157 Κε-

156 4200 396 4271 φάλαιον
427 4198 483 4249 δὲ
531 4195 640 4249 τῶν
687 4198 745 4250 ἐν
778 4195 855 4267 τῷ
893 4196 1174 4268 μυστηρίῳ
1219 4195 1685 4265 πεπιστευμένων,
1720 4197 1753 4266 ἡ

1852 3000 1958 3053 rito
1994 3001 2206 3055 medico
2243 3004 2400 3057 nobis
2434 3020 2573 3073 opus
2602 3010 2771 3066 esset,
2828 3004 2944 3073 qui,
3001 3003 3147 3057 sicut
3176 3003 3426 3075 Moyses,

1851 3091 2149 3146 artiﬁciose
2181 3093 2446 3149 adversus
2483 3094 2764 3148 victricem
2817 3094 3153 3164 voluptatem
3205 3108 3424 3163 semper

1849 3181 2143 3247 resistens,
2179 3198 2286 3237 non
2310 3182 2583 3254 permittat
2612 3194 2669 3239 ut
2700 3188 2768 3239 ad
2805 3193 3038 3240 mortem
3070 3199 3247 3254 usque
3278 3196 3428 3237 mor-

1850 3274 1953 3330 bus
1981 3274 2236 3331 homines
2267 3276 2548 3332 detrudat.
2573 3275 2707 3330 Nam
2744 3276 2830 3332 his
2858 3277 3430 3348 quidemillicitarum

1849 3376 2036 3416 rerum
2095 3364 2372 3432 cupiditas
2434 3373 2720 3435 serpentes
2776 3367 3147 3431 immittebat;
3208 3379 3431 3418 morsus

1851 3460 2000 3514 enim
2044 3473 2237 3514 corium
2286 3460 2432 3514 letali
2476 3461 2700 3514 vulnere
2737 3458 2968 3513 feriebat
3003 3474 3120 3525 eos,
3153 3459 3245 3528 qui
3283 3458 3433 3527 ejus-

1854 3553 2002 3606 modi
2054 3568 2241 3609 morsu
2281 3553 2682 3622 pungebantur.
2726 3549 2795 3604 At
2832 3565 2960 3606 vero
3001 3551 3286 3620 legislator
3319 3564 3436 3604 ser-

1855 3646 2034 3713 pentis
2071 3645 2254 3714 specie
2278 3660 2531 3698 verorum
2565 3651 2883 3711 serpentum
2917 3642 3025 3696 vim
3057 3640 3289 3710 expulit.
3326 3639 3433 3694 Sed

1854 3744 2069 3805 tempus
2110 3743 2195 3789 est
2247 3744 2305 3788 ut
2350 3736 2497 3789 clare
2552 3735 2605 3790 id
2652 3748 3015 3803 exponamus.
3071 3731 3255 3787 Unum
3303 3745 3436 3801 ergo

1854 3831 2043 3879 contra
2074 3824 2172 3877 hos
2192 3824 2483 3893 pestiferos
2512 3810 2833 3899 cupiditatis
2864 3823 3090 3878 morbos
3120 3822 3431 3878 antidotum

1855 3924 1962 3977 est,
2005 3915 2304 3971 mundities
2349 3916 2519 3970 animi
2565 3914 2784 3986 pietatis
2829 3915 3091 3985 mysterio
3135 3912 3434 3968 celebrata.

1854 4004 2032 4074 Caput
2062 4011 2243 4060 autem
2274 4005 2520 4058 omnium
2554 4019 2675 4074 quae
2717 4005 2771 4058 iu
2802 4003 2905 4057 hoc
2942 4002 3272 4059 Christiana:
3310 4018 3439 4073 pro-

1855 4094 2117 4152 fessionis
2140 4098 2402 4168 mysterio
2421 4097 2720 4162 credimus,
2746 4105 2831 4150 est
2864 4095 3017 4149 ﬁrma
3052 4103 3311 4163 rectaque
3334 4092 3440 4149 ﬁde
3470 4089 3474 4095 ’

1856 4190 1911 4244 ἱη
1945 4170 2257 4261 passionem
2288 4190 2436 4245 illius
2465 4190 2761 4259 respicere,
2789 4188 2883 4257 qui
2916 4202 3015 4257 pro
3042 4186 3206 4241 nobis
3236 4200 3437 4254 passus

166 4290 248 4350 είς
297 4286 361 4339 rb
394 4284 567 4349 πάθος
614 4287 759 4339 ἐστὶν
803 4285 1102 4354 ἀπόϐλεψις
1138 4284 1232 4338 τοῦ
1277 4284 1416 4356 ὑπὲρ
1446 4284 1603 4355 ἡμῶν
1629 4285 1731 4337 ἀνα

1863 4291 1981 4348 est;
2015 4298 2151 4336 crux
2185 4298 2316 4336 vero
2348 4283 2533 4352 passio
2563 4281 2685 4349 ejus
2713 4280 2815 4334 fuit
2843 4297 2855 4332 :
2885 4292 3056 4346 quare
3088 4276 3182 4346 qui
3214 4290 3437 4329 crucem

166 4378 472 4450 δεξαμένου
500 4380 560 4431 τὸ
589 4378 775 4442 πάθος.
803 4378 1043 4448 Σταυρὸς
1068 4377 1123 4430 δὲ
1144 4376 1205 4429 rb
1232 4375 1402 4438 πάθος
1424 4375 1590 4429 ἐστίν·
1620 4374 1761 4428 ὥστε

166 4474 260 4527 τὸν
307 4472 449 4543 πρὸς
483 4471 643 4525 αὐτὸν
670 4470 957 4541 βλέποντα,
1004 4469 1187 4531 καθὼς
1212 4470 1499 4539 ὑφηγεῖται
1532 4469 1559 4520 ὁ
1584 4466 1760 4534 λόγος,

171 4564 279 4618 ὑπὸ
315 4564 412 4618 τοῦ
473 4563 552 4617 ἰού
612 4563 709 4633 τῆς
764 4561 1054 4632 ἐπιθυμίας
1093 4561 1167 4632 μὴ
1198 4559 1548 4630 βλάπτεσθαι.
1584 4557 1657 4611 Tb
1703 4559 1761 4611 δέ

171 4659 311 4729 πρὸς
339 4658 432 4710 τὸν
466 4656 697 4727 σταυρὸν
726 4654 962 4725 βλέπειν,
1009 4653 1169 4706 τοῦτό
1207 4654 1345 4716 ἐστι,
1374 4651 1435 4704 τό
1466 4651 1645 4717 πάντα
1670 4651 1760 4702 τὸν

171 4748 369 4802 ἐαυτοῦ
403 4747 515 4817 βίον
547 4746 622 4809 ὡς
651 4746 843 4817 νεκρὸν
880 4745 957 4816 τῷ
989 4745 1178 4814 κόσμῳ
1212 4743 1307 4797 καὶ
1351 4740 1762 4813 ἐσταυρωμένον

174 4841 424 4910 ποιῆσαι.
463 4839 599 4911 πρὸς
624 4839 803 4891 πᾶσαν
831 4838 1103 4908 ἁμαρτίαν
1133 4836 1386 4905 ἀκίνητον
1402 4833 1548 4897 ὄντα,
1583 4829 1763 4895 καθώς

176 4949 342 5002 φησιν
391 4934 419 4984 ὁ
462 4932 781 5003 Προφήτης,
838 4929 1181 5000 καθηλοῦντα
1212 4926 1291 4997 τῷ
1324 4925 1451 4999 θείῳ
1490 4922 1640 4993 φόὸῳ
1664 4923 1764 4986 τάς

179 5025 314 5089 ἰδίας
369 5025 597 5095 σάρκας.
621 5018 789 5086 Ἧλος
841 5022 885 5074 δ’
941 5020 1008 5074 ἂν
1042 5021 1132 5090 εἴη
1180 5016 1395 5088 σαρκῶν
1421 5014 1762 5078 καθεκτικὸς,

176 5120 209 5186 ἡ
250 5117 573 5188 ἐγκράτεια.
607 5114 758 5164 Ἐπεὶ
784 5108 877 5165 οὖν
910 5113 943 5183 ἠ
975 5110 1084 5163 τῶν
1113 5109 1329 5161 ἀτόπων
1355 5104 1620 5176 ἐπιθυμία
1640 5105 1765 5168 τοὺς

180 5204 597 5277 θανατηφόρους
630 5203 781 5272 ὄφεις
813 5204 877 5256 ὲκ
903 5204 1001 5273 τῆς
1034 5203 1138 5271 γῆς
1174 5200 1467 5254 ἐπισπᾶται
1503 5199 1631 5267 (πᾶν
1664 5198 1769 5270 γὰρ

176 5299 277 5369 τῆς
306 5298 555 5368 πονηρᾶς
591 5295 887 5365 ἐπιθυμίας
933 5294 1173 5362 ἔγγονον,
1219 5292 1340 5362 ὄφις
1390 5292 1552 5360 ἐστι),
1582 5290 1769 5343 τούτου

180 5391 338 5463 χάριν
371 5388 758 5461 προδείκνυσιν
783 5388 811 5438 ὁ
832 5386 992 5457 νόμος
1023 5387 1153 5457 ἡμῖν
1184 5385 1245 5438 τὸ
1270 5384 1360 5437 ἐπὶ
1397 5381 1554 5447 ξύλου
1587 5382 1773 5452 φαινό-

183 5501 375 5553 μενον·
428 5482 593 5537 τοῦτο
646 5480 703 5532 δέ
766 5481 912 5532 ἐστιν
953 5479 1205 5548 ὁμοίωμα
1272 5477 1468 5546 ὄφεως,
1517 5475 1612 5529 καὶ
1651 5475 1771 5545 ούχὶ

248 5662 295 5693 ⁷⁸
328 5658 489 5749 Pent.
527 5672 706 5719 χχχιι,
742 5656 823 5709 Η.
866 5657 936 5687 -τθ
963 5654 1219 5721 llozu.m,
1256 5653 1308 5709 8.

1863 4371 2127 4440 respicit,
2159 4379 2217 4425 ut
2255 4371 2487 4426 historia
2524 4370 2793 4429 hortatur,
2830 4368 2879 4422 ei
2914 4380 3186 4421 venenum
3228 4362 3441 4433 cupidi-

1863 4472 2035 4518 tatum
2059 4463 2255 4519 obesse
2290 4478 2395 4516 non
2425 4470 2625 4532 potest.
2657 4459 2891 4514 Crucem
2922 4470 3105 4514 autem
3141 4458 3439 4529 respicere,

1863 4557 2001 4611 nihil
2029 4556 2305 4619 aliud-cst,
2340 4570 2502 4625 quam
2530 4563 2589 4607 ut
2618 4552 2746 4607 huic
2779 4551 2986 4606 mundo
3008 4550 3167 4621 quasi
3194 4557 3442 4603 mortuos

1864 4664 1929 4703 ac
1957 4647 2251 4703 cruciﬁxus
2286 4666 2385 4703 nos
2415 4647 2777 4718 praebeamus,
2824 4643 2959 4697 ﬁxos
2992 4643 3048 4696 in
3083 4642 3306 4708 virtute,
3335 4640 3440 4693 im-

1866 4740 2094 4796 mobiles
2117 4737 2542 4808 adpeceanlum,
2562 4733 2753 4798 Dei,ut
2784 4734 2861 4787 ait
2893 4730 3210 4797 Psalmista,
3249 4729 3445 4783 timore

1864 4833 2025 4904 quasi
2085 4832 2240 4885 clavo
2297 4845 2519 4884 carnem
2576 4834 2824 4881 nostram
2876 4825 3187 4892 inﬁgentes.
3240 4818 3444 4874 Clavus

1867 4935 2046 4980 autem
2092 4925 2187 4994 qui
2238 4937 2458 4977 carnem
2508 4921 2654 4973 hanc
2690 4918 2910 4984 retinet,
2959 4912 3298 4970 continentia
3336 4919 3441 4967 est.

1866 5015 2134 5083 Quoniam
2179 5015 2346 5083 igitur
2381 5028 2547 5082 prava
2587 5009 2861 5079 cupiditas
2899 5004 3213 5061 mortiferas
3238 5011 3445 5059 eterra

1867 5108 2024 5163 nobis
2067 5111 2347 5175 serpentes
2381 5102 2622 5156 iuunittit
2651 5100 2670 5171 (
2691 5098 2953 5169 quidquid
2985 5099 3130 5152 enim
3171 5110 3239 5149 ex
3278 5108 3443 5164 prava

1867 5200 2164 5271 cupiditate
2204 5197 2472 5254 nascitur.
2517 5209 2747 5262 serpens
2781 5189 2925 5260 est),
2954 5189 3165 5243 idcirco
3198 5187 3311 5256 jam
3350 5185 3445 5240 diu

1869 5294 1953 5347 lex
1993 5289 2300 5345 antidotum
2348 5288 2507 5342 nobis
2542 5286 2597 5340 in
2640 5284 2789 5354 ligno
2832 5279 3179 5336 monstravit.
3224 5277 3284 5333 ld
3315 5293 3449 5332 vero

1868 5382 2138 5454 serpentis
2184 5387 2268 5435 est
2315 5379 2670 5434 simulacrum
2699 5414 2715 5441 ,
2758 5389 2867 5429 non
2904 5386 3132 5443 serpens
3160 5410 3179 5438 ,
3218 5368 3362 5425 sicut
3394 5375 3449 5423 et

1868 5474 2071 5530 Paulus
2113 5472 2275 5539 dicit,
2319 5490 2337 5524 ι
2374 5471 2429 5526 ln
2468 5466 2829 5526 similitudine
2856 5465 3041 5522 carnis
3065 5459 3381 5536 peccati”;
3421 5475 3441 5509 υ
