3756 5988
386 228 482 286 “'5

1608 230 1665 285 S.
1700 231 2025 288 GREGORII
2053 233 2347 290 NYSSENI

3533 220 3631 284 ne

386 359 551 399 verus
576 340 720 397 enim
765 354 993 410 serpens
1036 345 1320 409 peccatum
1355 345 1441 394 cst
1477 356 1491 393 :
1524 347 1579 392 et
1603 340 1694 408 qui
1729 340 1793 394 ad
1826 355 1954 410 pec-

2139 360 2206 405 ;ς’
2239 344 2419 406 καθὼς
2451 343 2542 397 καὶ
2572 344 2598 396 6
2634 343 2775 407 θεῖος
2802 340 3007 406 Παῦλός
3041 359 3226 413 φησιν,
3265 361 3284 394 ι
3318 344 3409 396 Ἐν
3435 344 3628 412 ὁμοιώ-

389 441 577 489 catum
610 429 942 500 transfugit,
990 429 1357 498 serpentinam
1393 428 1640 483 induitur
1680 438 1954 484 naturam.

389 524 470 579 Ab
501 524 605 577 hoc
642 522 807 592 igitur
840 528 1068 591 peccato
1108 528 1162 574 et
1195 519 1373 573 adhuc
1409 520 1726 590 serpentina
1762 527 1958 574 natura

388 616 553 670 homo
585 630 680 684 per
709 614 860 667 illum
895 612 1175 673 liberatur,
1209 612 1302 680 qui
1335 613 1542 681 peccati
1562 613 1801 681 speciem
1826 613 1959 666 sub-

390 707 489 772 iit,
543 706 636 775 qui
709 703 888 758 factus
934 715 1018 758 est
1069 703 1368 757 secundum
1422 717 1556 766 nos,
1602 703 1694 772 qui
1739 702 1804 755 ad
1835 718 1958 772 spe-

390 799 531 852 ciem
577 796 850 866 serpentis
895 793 1147 849 conversi
1182 808 1376 847 sumus
1423 811 1436 846 :
1473 808 1570 863 per
1614 809 1774 862 quem
1811 807 1960 849 mors

389 889 710 959 prohibetur
752 902 783 940 a
829 884 1106 941 morsibus
1152 884 1467 952 inferenda,
1524 886 1617 940 sed
1657 887 1789 955 ipsa
1834 886 1962 940 ferte

350 994 502 1049 _non
552 979 913 1034 destruuntnr
966 996 980 1032 :
1043 978 1185 1033 feras
1227 985 1406 1032 autem
1453 977 1577 1031 dico
1633 979 1961 1047 cupiditates

391 1070 541 1141 ipsas
558 1084 774 1139 pravas.
800 1069 932 1123 Nam
954 1069 997 1123 si
1029 1084 1192 1138 prava
1222 1068 1560 1137 peccantium
1583 1084 1732 1124 mors
1756 1069 1960 1122 nullam

390 1161 589 1224 habeat
624 1160 679 1213 in
720 1159 842 1214 illos
871 1161 979 1213 vim
1019 1161 1112 1230 qui
1148 1174 1366 1213 crucem
1397 1160 1734 1229 respiciunt,
1777 1160 1963 1231 carnis

392 1262 574 1306 tamen
605 1252 868 1305 adversus
890 1250 1141 1319 spiritum
1174 1251 1362 1305 innata
1391 1250 1662 1320 cupiditas
1702 1265 1811 1304 non
1842 1265 1964 1304 omo

392 1342 524 1396 nino
568 1340 845 1396 destructa
894 1349 998 1399 est.
1056 1340 1356 1411 lnsurgunt
1414 1342 1559 1396 enim
1608 1349 1662 1397 et
1715 1341 1966 1397 ﬁdelibus

392 1448 770 1513 saepenumero
799 1433 1118 1503 cupiditatis
1157 1448 1397 1499 morsus,
1427 1448 1566 1503 quos
1595 1433 1661 1488 ad
1693 1433 1965 1489 sublatum

394 1522 450 1575 in
494 1523 640 1591 ligno
699 1522 1062 1594 respicientes
1115 1524 1409 1592 repellunt,
1463 1525 1658 1581 timore
1706 1525 1966 1596 praecepti

395 1613 553 1682 quasi
583 1613 830 1684 antidoto
853 1614 958 1667 vim
994 1615 1191 1671 veneni
1220 1614 1577 1685 dissipantes.

465 1879 622 1947 Quod
678 1889 858 1936 autem
900 1882 1215 1953 mysterium
1263 1883 1446 1938 crucis
1488 1883 1796 1957 sublatione
1845 1899 1962 1940 ser-

396 1972 576 2041 pentis
622 1973 676 2025 in
722 1972 941 2028 deserto
988 1973 1342 2043 ﬁgurabatur,
1393 1985 1583 2046 aperte
1627 1992 1730 2033 nos
1773 1976 1962 2031 docuit

397 2063 634 2129 Veritas,
665 2079 787 2119 cum
809 2066 940 2120 dicit
971 2084 983 2119 :
1019 2084 1040 2118 ι
1064 2064 1128 2121 Et
1159 2068 1303 2123 sicut
1330 2069 1545 2140 Moyses
1565 2071 1825 2125 exaltavit
1847 2086 1963 2126 ser-

398 2164 609 2226 pentem
662 2159 716 2211 in
765 2159 1016 2223 deserto,
1062 2160 1143 2215 sic
1188 2159 1387 2215 Filium
1445 2162 1679 2217 hominis
1735 2162 1962 2217 exaltari

398 2254 609 2315 oportet
624 2248 670 2281 ⁸⁸
697 2291 714 2305 .
752 2266 771 2298 ι
810 2246 915 2302 Sed
946 2248 1143 2303 iterum
1181 2259 1342 2320 atque
1372 2251 1565 2306 iterum
1600 2253 1805 2321 peccati
1840 2267 1965 2322 pro-

399 2337 654 2403 tervitas,
684 2339 840 2407 quasi
888 2339 1029 2394 serie
1069 2341 1323 2409 quadam,
1363 2356 1464 2396 usu
1502 2342 1570 2395 ab
1596 2342 1720 2397 aliis
1757 2343 1823 2397 ad
1859 2344 1963 2396 alia

399 2430 725 2499 prorumpit,
754 2438 806 2484 et
829 2431 1105 2500 legislator
1134 2441 1190 2485 ut
1215 2432 1458 2502 optimus
1479 2433 1698 2501 quidam
1722 2435 1964 2490 medicus

399 2518 465 2572 ad
505 2521 818 2574 morborum
852 2536 1051 2590 genera
1091 2537 1279 2575 curam
1321 2523 1480 2577 habet
1530 2534 1795 2592 paratam.
1829 2524 1962 2580 Nam

398 2624 521 2664 cum
553 2620 864 2679 serpentum
893 2627 1109 2666 morsus
1132 2612 1265 2665 nihil
1299 2613 1425 2666 mali
1452 2615 1684 2683 amplius
1713 2615 1967 2672 afferebat

400 2700 453 2753 in
512 2702 783 2768 serpentis
856 2701 1212 2756 simulacrum
1284 2704 1749 2774 respicientibus,
1819 2709 1966 2778 quod

399 2793 626 2861 aenigma
655 2791 768 2860 jam
806 2792 942 2848 satis
974 2794 1137 2849 dictis
1172 2795 1490 2867 intelligitur
1525 2846 1536 2855 .
1574 2801 1680 2854 alia
1708 2802 1966 2870 peccandi

403 2880 485 2932 via
529 2880 705 2944 hosti,
754 2881 848 2949 qui
887 2881 1148 2937 adversus
1184 2900 1285 2939 nos
1332 2902 1546 2957 semper
1588 2889 1880 2944 meditatur
1905 2907 1968 2946 ac

402 2971 622 3039 cogitat,
656 2972 874 3026 inventa
917 2982 1020 3036 est,
1049 2991 1170 3044 qua:
1197 2977 1402 3033 nostris
1442 2982 1780 3051 temporibus
1810 2983 1964 3038 latis-

402 3059 538 3112 sime
563 3073 780 3128 quoque
823 3068 988 3129 patet.
1039 3060 1172 3115 Nam
1217 3074 1573 3134 posteaquam
1610 3068 1831 3122 morbus
1865 3062 1968 3123 iste

402 3147 720 3217 cupiditatis
747 3151 1078 3206 modestiore
1101 3152 1206 3207 vita
1239 3154 1590 3219 deferbuerit,
1629 3159 1694 3209 ad
1721 3158 1972 3212 sacerdo-

404 3240 540 3292 tium
582 3241 914 3319 irrumpun‘t,
947 3241 1201 3299 humanis
1220 3244 1512 3316 suﬁ‘ragiis,
1555 3247 1972 3318 imperiosisque

403 3330 842 3389 ordinationibus
891 3332 1358 3403 dispensationem
1405 3337 1497 3393 Dei
1548 3340 1967 3408 vituperantes:

404 3421 480 3476 ita
501 3422 750 3480 homines
783 3425 830 3480 si
864 3441 971 3480 uno
995 3428 1255 3498 peccandi
1282 3430 1443 3484 modo
1478 3445 1589 3485 non
1613 3432 1832 3497 vicerit,
1865 3434 1972 3487 alio

405 3514 756 3573 adversarius
795 3528 982 3573 noster
1017 3528 1251 3575 conatur
1287 3521 1543 3591 dejicere.
1577 3521 1857 3577 Vexantur
1885 3540 1972 3579 es-

403 3620 592 3660 carum
616 3605 839 3678 IEgypti
863 3611 1194 3681 cupiditate,
1237 3613 1381 3668 unde
1419 3622 1701 3685 serpentes
1740 3615 1972 3670 immissi

402 3708 535 3756 sunt
570 3717 583 3751 :
632 3702 929 3759 simulacro
961 3705 1248 3773 pendentis
1284 3707 1558 3776 serpentis
1593 3722 1656 3761 ex
1705 3707 1850 3777 ligno
1881 3723 1976 3762 su-

407 3805 670 3866 perantur
705 3817 717 3852 :
754 3798 828 3851 ita
858 3798 1107 3851 cruciﬁxi
1144 3798 1278 3853 ﬁdes
1312 3799 1395 3863 vel
1433 3798 1662 3869 ﬁgurata
1701 3784 1969 3853 liberavit.

402 3889 738 3957 Cupiditatis
770 3899 950 3943 autem
998 3891 1186 3944 morbo
1218 3892 1469 3962 depulso,
1507 3892 1760 3960 superbia
1797 3893 1974 3946 locum

2062 450 2191 503 ματι
2227 433 2425 504 σαρκὸς
2444 433 2733 504 ἁμαρτίας.
2767 452 2785 484 ι
2820 434 2878 486 Ὀ
2903 433 2958 486 δὲ
2988 433 3189 504 ἀληθὴς
3216 432 3359 501 ὄφις,
3386 435 3419 504 ἡ
3455 433 3632 503 ἀμαρ-

2058 525 2149 578 τία
2199 526 2348 577 εστί·
2407 525 2501 578 καὶ
2553 526 2582 577 6
2632 525 2767 596 πρὸς
2795 522 2890 595 τὴν
2921 524 3195 596 ἁμαρτίαν
3232 523 3629 593 αὐτομολήσας,

2059 614 2157 684 τὴν
2200 613 2288 667 τοῦ
2331 614 2504 681 ὄφεως
2551 612 2837 665 ὑποδύεται
2875 611 3055 680 φύσιν.
3100 610 3508 682 Ἐλευθεροῦται
3541 607 3635 663 οὖν

2059 705 2158 774 τῆς
2194 704 2460 777 ἁμαρτίας
2483 705 2510 756 6
2546 703 2824 774 ἄνθρωπος
2867 703 2955 757 διὰ
2984 702 3075 756 τοὺ
3105 702 3426 765 ὑπελθόντος
3448 701 3511 753 τὸ
3540 702 3635 770 τῆς

2059 782 2330 865 ἁμαρτίας
2383 791 2540 861 εἶδος,
2572 795 2666 848 καὶ
2707 792 2996 864 γενομένου
3025 792 3144 846 καθ’
3169 794 3316 861 ἡμᾶς
3352 793 3477 854 τοὺς
3502 791 3637 860 πρὸς

2059 883 2121 936 τὸ
2149 880 2285 946 εἶδος
2315 883 2787 955 μεταστραφέντας
2807 882 2899 935 τοῦ
2932 883 3124 951 ὄφεως,
3160 882 3227 934 δι’
3249 874 3309 934 οὗ
3352 884 3382 935 6
3410 881 3511 951 μὲν
3541 881 3634 935 θά-

2061 992 2218 1040 νατος
2267 979 2296 1029 ὁ
2345 978 2408 1028 ἐκ
2470 975 2575 1029 τῶν
2623 976 2917 1046 δηγμάτων
2974 974 3260 1039 κωλύεται,
3296 975 3434 1028 αὑτά
3480 975 3538 1028 δὲ
3567 975 3635 1027 τά

2067 1064 2230 1122 θηρία
2261 1064 2359 1117 οὑκ
2381 1065 2694 1133 ἀφανίζεται
2715 1083 2727 1095 ·
2748 1064 2910 1136 θηρία
2926 1064 2983 1118 δέ
3014 1065 3177 1134 λέγω,
3195 1064 3291 1128 τὰς
3319 1064 3632 1133 ἐπιθυμίας.

2062 1151 2183 1207 Τῶν
2214 1155 2319 1225 γάρ
2372 1156 2450 1218 εἰς
2480 1154 2571 1207 τὸν
2610 1154 2838 1226 σταυρὸν
2871 1153 3194 1223 βλεπόντων,
3224 1156 3252 1206 ὁ
3278 1154 3377 1223 μὲν
3402 1154 3637 1223 πονηρὸς

2063 1246 2171 1299 τῶν
2188 1245 2524 1319 ἁμαρτωλῶν
2545 1245 2770 1309 θάνατος
2798 1246 2898 1299 οὑκ
2923 1247 3225 1316 ἐνεργεῖται
3251 1260 3266 1274 ’
3302 1246 3336 1315 ἡ
3373 1244 3430 1298 δέ
3457 1245 3638 1311 ἐγκει-

2071 1341 2205 1411 μένη
2239 1343 2303 1410 τῇ
2335 1342 2497 1411 σαρκὶ
2538 1341 2678 1394 κατὰ
2707 1341 2800 1393 τοῦ
2831 1339 3135 1411 πνεύματος
3174 1336 3441 1408 ἐπιθυμία
3464 1338 3545 1399 εἰς
3574 1336 3637 1387 τὸ

2067 1430 2322 1495 παντελὲς
2344 1433 2444 1484 οὑκ
2487 1431 2748 1486 ἀπόλωλε.
2796 1432 2904 1484 Καὶ
2935 1433 3042 1502 γὰρ
3068 1430 3162 1484 καὶ
3198 1433 3253 1483 ἐν
3280 1433 3393 1492 τοῖς
3427 1431 3637 1490 πιστοῖς

2066 1524 2364 1592 ἐνεργεῖται
2422 1522 2681 1584 πολλάκις
2727 1522 2827 1592 τῆς
2887 1522 3181 1592 ἐπιθυμίας
3227 1520 3295 1572 τά
3351 1520 3633 1589 δήγματα·

2068 1612 2181 1665 ἀλλ’
2218 1614 2248 1665 ὁ
2296 1612 2430 1683 πρὸς
2464 1613 2554 1666 τὸν
2594 1612 2686 1665 ἐπὶ
2719 1612 2873 1676 ξύλου
2912 1593 3189 1681 otiosam
3225 1610 3459 1680 βλέπων,
3489 1610 3637 1662 ἀπω-

1994 1688 2037 1743 B
2067 1702 2237 1756 θεῖται
2289 1703 2347 1755 τὸ
2384 1703 2574 1765 πάθος,
2616 1699 2725 1756 οἷόν
2764 1720 2869 1756 τινι
2900 1702 3173 1774 φαρμάκῳ
3197 1699 3275 1772 τῷ
3294 1701 3391 1771 τῆς
3419 1700 3639 1768 ἐντολῆς

2068 1793 2217 1864 φόϐῳ
2239 1793 2329 1847 τὸν
2357 1793 2431 1846 ἰὸν
2466 1794 2703 1863 διαχέας.

2139 1887 2211 1939 Τὸ
2231 1887 2285 1939 δὲ
2306 1886 2567 1957 σύμϐολον
2600 1882 2737 1939 εἶναι
2764 1884 2859 1938 τοὺ
2889 1883 3029 1937 κατὰ
3052 1883 3142 1936 τδν
3174 1881 3403 1951 σταυρὸν
3435 1897 3641 1950 μυστηο

2069 1978 2186 2049 ρίου
2224 1978 2313 2031 τὸν
2329 1977 2607 2047 ὑψωθέντα
2638 1977 2758 2046 ὅφιν
2801 1979 2859 2030 ἐν
2889 1978 2956 2048 τῇ
2992 1977 3199 2048 ἐρήμῳ,
3223 1974 3471 2045 φανερῶς
3499 1974 3641 2027 διδά-

2071 2071 2237 2141 σκειή
2262 2069 2354 2122 τοῦ
2369 2069 2501 2122 Θεοὺ
2522 2068 2671 2140 φωνὴ
2702 2070 2758 2121 ἐν
2789 2063 2867 2131 οἷς
2885 2084 3066 2138 φησιν,
3096 2067 3177 2119 ὃτι
3203 2086 3220 2117 ι
3243 2064 3441 2130 Καθὼς
3459 2065 3640 2135 ὑψωσε

2066 2162 2157 2215 τὸν
2182 2144 2303 2230 δφθιν
2334 2161 2571 2230 Μωὺσῆς
2611 2161 2669 2213 ἐν
2696 2161 2762 2230 τῇ
2803 2160 3012 2231 ἐρήμῳ,
3058 2156 3224 2220 οὑτως
3258 2154 3540 2226 ὑψωθῆναι
3565 2157 3644 2209 δεῖ

2067 2254 2158 2306 τὸν
2184 2253 2310 2306 Υἱὸν
2332 2251 2426 2305 τοὺ
2448 2250 2752 2321 ἀνθρώπου.
2787 2270 2806 2304 ι
2840 2250 3008 2305 Πάλιν
3041 2252 3107 2320 τῇ
3140 2248 3317 2319 οἰκεία
3347 2248 3470 2318 ὁδῷ,
3502 2250 3644 2301 κατά

2068 2362 2191 2399 τινα
2220 2345 2395 2415 κακὴν
2438 2343 2775 2406 ἀκολουθίαν,
2820 2343 2853 2413 ἡ
2892 2341 3135 2414 ἁμαρτία
3158 2340 3507 2413 προέρχεται,
3532 2335 3644 2393 οἷον

2070 2434 2244 2507 είρμῷ
2270 2453 2373 2489 τινι
2400 2432 2619 2505 πονηρῷ
2646 2433 2783 2487 κατά
2815 2431 2876 2484 τὸ
2908 2431 3194 2486 ἀκόλουθον
3218 2429 3483 2502 προϊοῦσα
3505 2446 3519 2461 ο
3548 2431 3648 2481 καὶ

2069 2528 2098 2580 6
2131 2525 2444 2596 νομοθέτης,
2481 2524 2729 2594 καθάπερ
2752 2540 2834 2586 τις
2866 2522 3068 2595 ἰατρὸς,
3099 2524 3164 2593 τῇ
3190 2521 3283 2574 τοῦ
3301 2520 3473 2575 κακοῦ
3503 2521 3648 2590 φορᾷ.

2074 2615 2493 2691 συμπαρατείνει
2518 2615 2613 2686 τὴν
2638 2614 2953 2686 θεραπείαν.
2986 2612 3205 2683 Ἐπειδὴ
3234 2612 3340 2684 γὰρ
3363 2613 3648 2683 ἄπρακτον

2072 2706 2284 2773 ἐγένετο
2309 2704 2368 2757 τὸ
2391 2704 2573 2774 δῆγμα
2594 2702 2702 2755 τῶν
2730 2701 2905 2772 ὄφεων
2925 2705 3036 2765 τοῖς
3065 2704 3142 2763 εἰς
3178 2701 3239 2754 τὸ
3268 2699 3519 2771 ὁμοίωμα
3550 2699 3648 2751 τοὺ

2073 2797 2245 2865 ὄφεως
2275 2795 2526 2866 βλέπουσι
2567 2796 2727 2863 (νοεῖς
2759 2794 2815 2847 δὲ
2848 2793 3064 2857 πάντως
3090 2792 3177 2846 διὰ
3203 2792 3310 2845 τῶν
3340 2792 3649 2863 εἰρημένων

2073 2888 2133 2942 τὸ
2163 2887 2428 2958 αἴνιγμα),
2472 2886 2605 2957 άλλη
2659 2884 2876 2956 μέθοδος
2925 2883 3197 2956 ἁμαρτίας
3233 2885 3525 2936 ἐπινοεῖται
3570 2882 3651 2951 τῷ

2076 2978 2331 3040 ποικίλως
2358 2977 2425 3030 τά
2452 2976 2673 3030 τοιαῦτα
2701 2975 2821 3029 καθ’
2858 2974 3015 3046 ἡμῶν
3061 2975 3449 3044 σοφιστεύοντι.
3487 2975 3554 3026 Ὃ
3588 2973 3653 3042 δὴ

2070 3071 2165 3124 καὶ
2197 3070 2291 3122 νῦν
2318 3071 2373 3120 ἐν
2399 3067 2609 3131 πολλοῖς
2639 3067 2765 3120 ἰδεῖν
2795 3066 2909 3120 ἐστι
2930 3066 3234 3136 γινόμενον.
3273 3064 3525 3119 Ἐπειδὰν
3542 3068 3655 3134 γάρ

2070 3176 2211 3222 τινες
2240 3158 2326 3212 διὰ
2349 3157 2781 3227 σωφρονεστέρου
2809 3157 2922 3227 βίου
2945 3156 3006 3209 τὸ
3029 3157 3125 3227 τῆς
3151 3155 3442 3226 ἐπιθυμίας
3473 3155 3649 3217 πάθος

2072 3253 2370 3306 κολάσωσιν
2392 3266 2406 3277 ·
2449 3253 2538 3305 ἐπὶ
2568 3251 2666 3321 τὴν
2719 3248 3017 3320 ἱερωσύνην
3060 3250 3281 3310 ἑαυτοὺς
3305 3245 3654 3310 εἰσωθοὺσιν,

2071 3342 2435 3414 ἀνθρωπίναις
2458 3341 2810 3412 περιδρομαῖς
2860 3340 2954 3392 καὶ
2994 3338 3523 3408 αὑτοχειροτονήτοις
3565 3339 3658 3406 ὁρ-

2075 3436 2201 3505 μαῖς
2235 3434 2313 3496 εἰς
2336 3433 2432 3503 τὴν
2468 3430 2776 3501 οἰκονομίαν
2806 3428 2899 3482 τοῦ
2925 3429 3059 3482 Θεοῦ
3093 3427 3487 3498 ἐξυϐρίζοντες,
3516 3426 3657 3497 πρὸς

2070 3526 2273 3593 ταύτην
2323 3525 2443 3592 ἄγει
2463 3523 2559 3594 τὴν
2598 3522 2774 3591 κακὴν
2822 3522 2920 3592 τῆς
2960 3521 3231 3592 ἁμαρτίας
3267 3517 3594 3573 ἀκολουθίαν
3629 3520 3658 3571 6

2072 3614 2158 3667 διὰ
2187 3615 2283 3684 τῆς
2313 3613 2549 3682 ἱστορίας
2603 3613 2844 3683 ἐνεργεῖν
2883 3610 2952 3664 τά
2994 3611 3141 3683 κακά
3184 3611 3296 3672 τοῖς
3343 3607 3660 3679 ἀνθρώποις

2074 3704 2562 3776 κατηγορούμενος.
2607 3702 2819 3773 Ἐπειδὴ
2863 3702 2972 3771 γάρ
3024 3702 3300 3754 ἐπαύσατο
3342 3701 3375 3769 ή
3428 3699 3504 3768 γῆ
3527 3700 3660 3761 τοὺς

2073 3795 2225 3863 ὄφεις
2268 3793 2407 3847 κατὰ
2436 3793 2543 3845 τῶν
2570 3790 2976 3862 ἐπιθυμούντων
3014 3790 3298 3852 ὠδίνουσα,
3338 3788 3424 3840 διὰ
3447 3788 3546 3856 τῆς
3577 3789 3659 3849 εἰς

2074 3885 2164 3938 τὸν
2191 3884 2471 3953 eameam
2490 3885 2581 3937 ἐπὶ
2612 3882 2767 3947 ξύλου
2789 3882 3046 3946 πίστεως,
3078 3882 3172 3934 καὶ
3202 3881 3481 3952 κρείττους
3508 3880 3661 3932 ἐπεί-

406 3980 527 4047 ejus
546 3980 860 4047 occupavit.
925 3978 1059 4032 Nam
1107 3995 1230 4033 curn
1270 3982 1473 4036 humile
1508 3994 1671 4051 atque
1698 3983 1962 4051 abjectum

2143 3994 2280 4048 ησαν
2312 3973 2451 4029 εἶναι
2488 3977 2595 4029 τῶν
2626 3974 2844 4029 ἰοϐόλων
2885 3975 3200 4045 δηγμάτων,
3235 3973 3358 4027 τότε
3395 3972 3493 4025 τοῦ
3534 3972 3661 4025 κατ’

336 4142 344 4148 θ
407 4087 532 4126 esse
558 4072 845 4126 crederent
873 4072 1120 4126 ordinem
1145 4089 1304 4127 suum
1339 4089 1580 4139 servare,
1636 4076 1703 4129 ad
1736 4075 1962 4146 dignita-

2139 4068 2370 4139 τιθυμίαν
2405 4067 2606 4130 πάθους
2651 4063 3048 4130 ὑπεξελθόντος,
3078 4067 3111 4135 ἡ
3149 4065 3249 4135 τῆς
3277 4065 3662 4135 ὑπερηφανίας

409 4170 517 4217 tem
555 4162 860 4217 sacerdotis
889 4163 1102 4233 seipsos
1127 4165 1410 4220 intrudere
1454 4176 1747 4232 conantur,
1789 4183 1852 4222 ac
1882 4182 1962 4222 eos

2139 4159 2477 4229 τεισέρχεται
2503 4157 2675 4219 νόσος.
2705 4158 2816 4211 Καὶ
2842 4155 3095 4210 ταπεινὸν
3126 4151 3269 4208 εἶναι
3299 4155 3580 4227 κρίνοντες
3598 4155 3662 4207 τδ

409 4252 685 4323 depellere
724 4269 831 4307 non
858 4254 1213 4319 erubescunt,
1257 4258 1351 4327 qui
1402 4259 1723 4329 mysterium
1759 4258 1815 4312 id
1860 4259 1962 4313 fue-

2139 4252 2371 4304 ›λάσσειν
2409 4251 2492 4320 ἐφ’
2544 4248 2751 4303 ἐαυτῶν
2789 4248 2890 4320 τὴν
2913 4248 3067 4313 τάξιν
3110 4248 3193 4315 ἐφ’
3223 4243 3289 4319 ἧς
3322 4246 3660 4315 ἐτάχθησαν,

408 4354 532 4398 rant
584 4345 850 4401 divinitus
909 4347 1193 4401 consecuti
1229 4365 1241 4401 :
1282 4350 1378 4404 sed
1418 4350 1574 4403 multi
1627 4358 1787 4405 terra:
1826 4351 1962 4405 hiatt

2139 4343 2394 4398 σωθοῦσιν
2442 4343 2667 4405 ἑαυτοὺς
2722 4342 2801 4403 εἰς
2835 4340 2896 4393 τὸ
2919 4340 3016 4411 τῆς
3068 4338 3365 4410 ἱερωσύνης
3412 4338 3660 4407 ἀξίωμα,

409 4436 655 4505 ahsorpti
691 4438 993 4505 perierunt,
1040 4440 1234 4509 reliqui
1270 4439 1595 4497 fulminibus
1659 4442 1971 4514 conﬂagra-

410 4535 557 4579 runt.
591 4526 758 4581 Docet
789 4528 975 4599 igitur,
1018 4545 1139 4583 meo
1162 4532 1393 4600 judicio,
1428 4533 1513 4586 his
1546 4533 1799 4597 historia,
1865 4546 1977 4589 ter-

410 4616 619 4669 minum
650 4617 926 4681 elationis,
960 4634 1082 4688 qua:
1109 4619 1166 4673 ﬁt
1209 4635 1274 4673 ex
1304 4620 1596 4690 superbia;
1643 4621 1975 4677 descensum

410 4724 535 4763 esse
562 4711 627 4760 ad
661 4708 1014 4763 subterranea
1045 4729 1056 4764 :
1092 4727 1191 4765 nec
1225 4712 1323 4766 abs
1357 4728 1415 4765 re
1445 4712 1679 4767 fortasse
1707 4713 1975 4781 quisinde

412 4800 638 4868 abrepta
674 4801 963 4856 occasione
993 4803 1067 4855 ita
1102 4803 1411 4870 superbiam
1440 4802 1734 4866 deﬁnierit,
1769 4805 1974 4875 Super-

410 4890 501 4944 bia
534 4901 617 4945 est
660 4891 959 4946 descensus
1006 4892 1071 4945 ad
1124 4892 1383 4947 inferiora
1409 4913 1421 4948 :
1448 4894 1592 4965 quod
1632 4897 1676 4952 si
1712 4884 1979 4963 visverbi,

411 4989 471 5033 ut
502 4981 684 5034 auritis
729 4982 962 5047 videtur,
1003 4983 1341 5036 contrarium
1392 4985 1642 5039 ostendat
1683 4986 1978 5059 (superbus

408 5074 553 5126 enim
586 5075 679 5143 qui
715 5089 880 5144 super
909 5074 1046 5129 alios
1078 5084 1183 5140 est,
1225 5075 1334 5130 dici
1367 5077 1605 5147 videtur)
1645 5095 1769 5145 non,
1803 5080 1977 5135 admi-

409 5166 979 5221 raberis:veritatem
1057 5166 1200 5220 enim
1261 5165 1459 5222 divina:
1532 5169 1769 5225 historia:
1822 5172 1974 5242 sequi

412 5256 574 5316 malo,
629 5270 790 5324 quam
837 5258 1114 5310 nominum
1159 5257 1557 5327 impositionem
1591 5279 1605 5314 :
1636 5277 1763 5316 nam
1810 5264 1854 5318 si
1887 5264 1980 5333 qui

412 5358 473 5397 se
524 5361 686 5413 super
723 5347 861 5402 alios
912 5348 1169 5418 praeferre
1213 5350 1418 5415 volunt,
1464 5351 1614 5407 hiatu
1669 5362 1831 5409 terra‘.
1885 5356 1982 5412 de-

413 5435 601 5501 mersi,
642 5434 709 5489 ad
759 5437 944 5491 inﬁma
991 5438 1288 5497 decidunt:
1324 5457 1432 5497 nou
1456 5451 1538 5499 est
1580 5448 1979 5519 contemnenda

471 5611 516 5640 ⁸⁸
533 5608 689 5665 Joan.
734 5628 810 5677 ιιι,
852 5613 933 5667 14.

2081 4434 2438 4504 παρώσασθαι
2475 4435 2599 4507 τοὺς
2663 4430 2811 4503 παρὰ
2868 4430 2961 4483 τοῦ
2995 4429 3129 4482 Θεοῦ
3170 4429 3270 4492 τὴν
3314 4429 3666 4499 λειτουργίαν

2080 4526 2282 4596 ταύτην
2329 4524 2592 4595 λαχόντας
2642 4522 3131 4591 φιλονεικήσαντες,
3163 4519 3211 4572 οἳ
3253 4520 3495 4589 χάσματι
3520 4520 3661 4571 ὑπο-

2079 4618 2373 4688 ληφθέντες
2424 4614 2876 4686 ἐξηφανίσθησαν.
2936 4613 3008 4666 Τὸ
3051 4611 3107 4665 δὲ
3141 4611 3263 4663 ὅσον
3296 4596 3437 4680 ὑπὲρ
3463 4611 3566 4683 γῆς
3591 4607 3665 4681 ἦν

2079 4710 2172 4762 τοῦ
2224 4709 2462 4762 τοιούτου
2498 4707 2903 4776 συντάγματος,
2951 4704 3234 4776 κεραυνοῖς
3277 4702 3661 4773 κατεπρήσθη·

2080 4801 2439 4862 διδάσκοντος,
2483 4795 2658 4868 οἶμαι,
2695 4794 2780 4850 τοῦ
2830 4796 2987 4864 λόγου
3014 4794 3100 4848 διὰ
3134 4793 3234 4863 τῆς
3275 4794 3536 4864 ἱστορίας,
3577 4794 3666 4844 δτι

2084 4894 2254 4964 πέρας
2304 4892 2419 4943 ἐστὶ
2461 4889 2560 4959 τῆς
2596 4888 2719 4942 καθ’
2752 4885 3126 4957 ὑπερηφαπὶίαν
3165 4887 3471 4956 ἐπάρσεως,
3510 4887 3543 4955 ἡ
3580 4887 3666 4947 εἰς

2081 4985 2140 5038 τὸ
2169 4985 2418 5051 ὑπόγειον
2450 4981 2693 5044 κάθοδος.
2715 4980 2827 5033 Καὶ
2844 4980 2985 5048 τάχα
3015 4996 3099 5042 τις
3129 4978 3215 5032 διὰ
3243 4978 3448 5031 τούτων
3479 4977 3670 5048 ὁρμῶ-

2084 5092 2264 5146 μενος,
2295 5075 2393 5127 οὑκ
2429 5072 2730 5134 ἀπεικότως
2779 5070 2960 5125 ἄνοδον
3000 5069 3092 5121 ἐπὶ
3118 5068 3179 5121 τὸ
3202 5069 3353 5121 κάτω
3369 5067 3469 5139 τὴν
3494 5068 3670 5138 ὑπερο

2082 5169 2316 5239 ηφανίαν
2333 5167 2593 5238 ὁρίσαιτο.
2623 5165 2685 5217 Εἰ
2712 5164 2767 5216 δέ
2795 5163 2929 5234 πρὸς
2950 5161 3009 5215 τὸ
3028 5161 3271 5214 ἐναντίον
3293 5163 3360 5232 τῇ
3394 5159 3505 5213 τῶν
3531 5159 3669 5211 πολ-

2081 5261 2189 5314 λῶν
2244 5259 2507 5328 ὑπολήψει
2554 5257 2778 5327 φέρεται
2815 5257 2848 5325 ἡ
2875 5255 3101 5315 διάνοια,
3136 5253 3300 5323 μηδὲν
3327 5252 3624 5322 θαυμάσῃς
3649 5268 3663 5280 ·

2078 5357 2190 5417 τοῖς
2222 5353 2329 5424 γὰρ
2356 5351 2566 5414 πολλοῖς
2586 5349 2733 5402 δοκεῖ
2768 5347 2828 5399 τὸ
2852 5346 2990 5417 ὑπὲρ
3015 5345 3141 5407 τοὺς
3176 5344 3371 5407 ἄλλους
3394 5340 3546 5397 εἶναι.
3583 5341 3670 5409 τῷ

2080 5446 2302 5505 ὀνόματι
2348 5443 2445 5512 τῆς
2484 5437 2860 5513 ὑπερηφανίας
2918 5434 3299 5506 σημαίνεσθαι.
3354 5434 3416 5485 Ἱί
3463 5432 3513 5484 δὲ
3554 5433 3672 5482 τῶν
