3800 5980
133 183 222 242 ζΙἸ
1435 185 1522 240 DE
1568 186 1726 243 VITA
1770 188 2047 246 MOYSIS.

3272 209 3375 267 ιω

135 296 497 371 ἱστορηθέντων
530 295 756 367 ἀλήθεια
795 295 1003 366 βεϐαιοί
1030 298 1120 351 τὸν
1158 299 1423 370 ἡμέτερον
1452 300 1597 371 ὅρον.
1623 301 1679 355 El

1788 305 2055 372 deﬁnitio,
2083 321 2207 361 cum
2238 307 2494 373 dicimus,
2550 323 2742 365 casum
2798 311 2866 367 ad
2914 311 3123 381 inﬁma,
3165 334 3361 390 super-

132 386 228 456 γὰρ
259 385 305 435 οἱ
337 382 470 451 ὑπὲρ
493 383 622 445 τοὺς
646 382 837 447 ἄλλους
865 384 1091 448 ἑαυτοὺς
1120 385 1371 457 ἄραντες,
1406 387 1557 441 κάτω
1585 407 1689 443 που

134 476 422 537 κατέδυσαν,
446 475 691 545 χάσματι
716 475 816 545 τῆς
861 475 966 545 γῆς
998 475 1358 548 διασχούσηςο
1389 477 1488 530 οὐκ
1511 477 1577 531 ἄν
1610 495 1692 541 τις

134 567 400 637 καταγνοίη
458 565 554 619 τοῦ
605 567 755 637 ὅρου,
817 567 910 620 τοῦ
961 567 1057 638 τὴν
1126 568 1540 640 ὑπερηφανίαν,
1591 570 1691 641 τὴν

135 660 401 714 κατωτάτω
422 657 632 710 πτῶσιν
662 653 819 719 εἶναι,
836 656 1173 729 ὁριζομένου.
1210 661 1351 731 Πρὸς
1374 659 1546 713 ταῦτα
1575 661 1693 731 βλέ-

134 763 328 815 ποντας,
362 748 674 819 μετριάζειν
698 748 943 801 παιδεύει
972 750 1001 801 6
1026 750 1288 821 Μωῡσῆς,
1320 751 1413 803 καὶ
1439 750 1512 823 μὴ
1534 751 1690 804 ἐπαὶ-

137 842 299 912 ρεσθαι
322 843 429 902 τοῖς
470 838 914 911 κατορθώμασιν,
950 840 1063 894 ἀλλ’
1088 841 1177 893 ἀεὶ
1203 840 1265 894 τὸ
1296 842 1470 913 παρὸν
1493 839 1552 897 εὖ
1576 844 1693 896 δια-

132 933 366 990 τίθεσθαι.
383 932 455 987 Ού
471 933 581 1005 γὰρ
601 933 787 1004 ἐπειδὴ
804 934 913 986 τῶν
930 934 1133 1002 ἡδονῶν
1154 935 1381 1003 γέγονας
1406 937 1689 1008 κρείττων,

132 1027 219 1096 ἤδη
234 1040 307 1077 σοι
320 1023 379 1076 τὸ
395 1021 686 1077 ἀνεύθυνον
700 1023 776 1093 τῷ
794 1023 966 1095 ἑτέρῳ
982 1024 1111 1077 εῖδει
1133 1025 1336 1089 πάθους
1350 1025 1687 1083 ἁλίσκεσθαι,

134 1115 314 1185 Πτῶμα
327 1114 431 1185 γάρ
454 1116 572 1167 ἐστι
594 1116 702 1168 πᾶν
731 1114 924 1178 πάθος,
948 1117 1052 1180 ἕως
1077 1116 1141 1170 ἂν
1174 1117 1344 1180 πάθος
1449 1117 1692 1190 Διαφορὰ

131 1208 181 1261 δὲ
218 1206 513 1277 πτωμάτων
556 1209 615 1260 ὲν
636 1209 701 1277 τῇ
734 1206 842 1260 τῶν
877 1207 1217 1278 παθημάτων
1250 1210 1570 1281 παραλλαγῇ
1597 1210 1688 1264 ού-

130 1298 357 1368 δεμὶα.’0
382 1297 459 1368 τῷ
487 1298 618 1368 λείῳ
641 1300 737 1369 τῆς
767 1298 958 1369 ἡδονῆς
987 1299 1355 1371 ὲνολισθήσας,
1392 1301 1647 1355 πέπτωκε
1669 1318 1683 1331 ·

132 1393 211 1444 καὶ
230 1393 256 1444 6
284 1390 365 1443 διὰ
390 1391 490 1460 τῆς
510 1391 889 1466 ὑπερηφανίας
915 1392 1345 1460 ὑποσκελισθεὶς,
1382 1395 1684 1465 ἀνετράπη.

132 1482 273 1535 Οὐδὲν
298 1482 350 1535 δὲ
378 1481 815 1552 καταπτώματος
832 1479 972 1546 εἶδος
1000 1483 1214 1554 αἱρετὸν
1241 1485 1317 1554 τῷ
1345 1484 1469 1538 νοῦν
1486 1485 1682 1555 ἔχοντι.

141 1572 260 1626 Ἀλλ’
287 1573 476 1642 ἐπίσης
503 1573 612 1625 πᾶν
643 1557 842 1643 πυῖῶμα
871 1573 1125 1642 φευκτὸν,
1161 1574 1264 1637 ἕως
1302 1574 1369 1627 ἂν
1392 1573 1591 1644 πτῶμα

1793 395 1940 450 biam
1972 411 2116 452 esse.
2150 395 2247 454 His
2276 398 2440 469 igitur
2470 400 2781 457 moderatos
2804 407 2912 458 'nos
2960 403 3175 473 Moyses
3220 408 3371 475 facit,

1793 487 2064 558 docetque
2095 505 2204 544 non
2245 492 2429 545 extolli
2459 492 2624 548 rebus
2665 493 2805 549 bene
2826 495 3014 564 gestis,
3041 496 3132 551 sed
3159 511 3374 572 semper

1791 578 1937 648 quod
1990 579 2147 634 adest
2182 588 2237 635 et
2291 582 2458 637 instat
2503 584 2960 648 animadvertere,
3012 594 3269 656 recteque
3319 589 3370 644 id

1791 667 2102 738 disponere.
2136 668 2259 724 Non
2299 672 2443 726 enim
2496 674 2756 740 quoniam
2803 666 3138 744 voluptatem
3202 692 3372 747 supe-

1791 762 1950 826 rasti,
1986 763 2139 816 nullo
2173 764 2382 819 idcirco
2412 766 2645 835 amplius
2697 766 2889 820 morbo
2914 767 3128 821 devinci
3165 777 3364 836 potes:

1790 853 1971 908 omnis
2002 854 2171 907 animi
2197 856 2423 910 morbus
2455 871 2517 910 ac
2553 858 2910 925 perturbatio,
2941 873 3106 915 casus
3139 861 3367 931 quidam

1791 953 1875 1001 est
1909 964 1922 1001 :
1957 962 2192 1016 cumque
2218 949 2662 1017 perturbationes
2694 951 2836 1011 inter
2868 966 2927 1005 se
2961 951 3237 1015 diﬂ'erant,
3282 967 3370 1007 ca-

1791 1054 1887 1094 sus
1919 1045 2101 1093 tamen
2131 1054 2239 1092 non
2271 1039 2547 1093 diﬂerunt.
2573 1041 2753 1105 Quare
2787 1041 2931 1095 sicut
2964 1058 3062 1113 per
3095 1043 3363 1097 lubricam

1789 1126 2127 1194 voluptatem
2163 1127 2439 1195 quispiam
2486 1128 2674 1195 lapsus
2712 1129 2937 1193 decidit,
2992 1132 3073 1185 sic
3111 1133 3364 1201 superbia

1790 1211 2082 1268 intricatus
2112 1228 2176 1268 ac
2205 1215 2524 1271 submersus
2547 1217 2767 1271 decidit.
2798 1217 3018 1272 Nullum
3052 1228 3236 1274 autem
3265 1236 3365 1275 ex-

1790 1307 1936 1369 petet
1968 1316 2156 1355 casum
2186 1318 2426 1371 unquam
2456 1304 2549 1373 qui
2595 1307 2795 1359 mentis
2844 1322 3072 1376 compos
3115 1315 3223 1372 est,
3267 1308 3365 1363 sed

1786 1390 2070 1459 aequaliter
2098 1406 2314 1445 omnem
2356 1408 2572 1462 semper
2607 1395 2835 1450 evitabit
2867 1411 2932 1449 ac
2977 1396 3146 1467 fugiet
3181 1415 3194 1450 :
3227 1412 3365 1467 qua-

1789 1486 2010 1548 propter
2052 1480 2098 1534 si
2140 1496 2302 1549 quem
2347 1481 2551 1535 videris
2580 1481 2757 1536 aliena
2804 1483 3081 1551 voluptate
3123 1482 3365 1552 superio-

1787 1584 1923 1632 rem,
1975 1576 2036 1622 ut
2080 1570 2218 1625 alios
2254 1570 2529 1624 excedens
2590 1570 2839 1625 videatur
2886 1573 3197 1626 sacerdotio
3256 1579 3366 1626 stu-

138 1664 210 1726 Ὠς
235 1664 284 1715 εἰ
303 1679 419 1716 τινα
466 1665 564 1717 καὶ
601 1663 709 1717 τῶν
755 1662 850 1717 νῦν
879 1664 1095 1734 βλέποις
1129 1667 1187 1718 ἐν
1242 1665 1396 1736 μέρει
1444 1667 1551 1719 τινὶ
1585 1665 1678 1718 τοῦ

1786 1656 1931 1723 dere,
1983 1660 2131 1714 hunc
2188 1669 2317 1729 puta
2361 1661 2514 1714 illum
2568 1675 2712 1726 esse,
2764 1661 2859 1730 qui
2906 1676 3071 1732 prava
3129 1663 3365 1717 elatione

128 1750 252 1805 κατὰ
279 1752 368 1814 τὰς
395 1750 590 1820 ἡδονὰς
608 1753 1037 1823 ἀρρωστήματος
1054 1752 1447 1824 καθαρεύοντα,
1470 1753 1675 1826 σπουδῇ

126 1843 173 1896 δὲ
194 1844 341 1899 πάλιν
367 1841 460 1896 τοῦ
488 1843 669 1896 δοκεῖν
697 1843 839 1915 ὑπὲρ
863 1844 989 1907 τοὺς
1018 1844 1210 1908 ἄλλους
1243 1841 1401 1909 εἶναι,
1426 1844 1563 1917 πρὸς
1581 1844 1681 1916 τὴν

128 1933 396 2005 ἱερωσύνην
458 1932 654 1987 ἑαυτὸν
700 1934 1066 1987 είσωθοῦντα·
1100 1934 1287 1988 τοῦτον
1334 1937 1540 1989 ἐκεῖνον
1567 1934 1681 1989 οῐου

127 2021 412 2091 βλέπειν,τὺν
429 2023 488 2075 ὲν
504 2021 585 2092 τῷ
601 2020 854 2093 ὑψώματι
870 2023 969 2093 τῆς
995 2024 1372 2095 ὑπερηφανίας
1393 2025 1678 2081 πίπτοντα.

124 2111 343 2167 Διδάσκει
395 2111 509 2184 γάρ
568 2114 626 2165 ὲν
682 2115 794 2175 τοῖς
840 2111 1035 2181 ἑφεξῆς
1080 2115 1108 2166 6
1145 2113 1327 2184 νόμος,
1355 2115 1436 2168 ὅτι
1468 2113 1609 2167 θεῖόν
1628 2130 1681 2167 τι

125 2204 288 2274 χρῆμά
309 2204 451 2257 ἐστιν
483 2205 522 2274 ή
560 2202 849 2274 ἱερωσύνη,
883 2204 974 2257 καὶ
1013 2204 1112 2257 οὐκ
1136 2204 1492 2276 ἀνθρώπινον.
1526 2204 1683 2259 Διδά-

127 2313 227 2350 σκει
253 2296 306 2350 δὲ
332 2295 529 2359 οὕτως·
578 2295 830 2358 Ῥάῦδους
866 2297 993 2366 παρ’
1018 2296 1254 2368 ἑκάστης
1276 2299 1449 2368 φυλῆς
1482 2299 1574 2351 ἐπὶ
1604 2298 1682 2370 τῷ

70 2452 81 2464 _
123 2388 316 2458 ὀνόματι
348 2386 456 2440 τῶν
486 2378 799 2440 δεδωκότων
820 2390 1235 2459 κατασημήνας,
1255 2390 1547 2461 προτίθησι
1583 2391 1679 2444 θυ-

125 2480 412 2552 σιαστηρίην
451 2477 601 2532 ὥστε
639 2479 740 2549 τῆς
767 2478 970 2532 ἄνωθεν
1004 2481 1336 2550 χειροτονίας
1374 2484 1681 2555 μαρτυρίαν

122 2570 347 2639 γενέσθαι
405 2571 512 2641 τὴν
567 2569 780 2640 ῥάϐδον,
833 2570 1071 2641 θαύματί
1100 2589 1206 2624 τινι
1237 2574 1366 2643 θείῳ
1404 2576 1553 2646 παρὰ
1583 2576 1681 2640 τὰς

121 2663 261 2724 ἄλλας
299 2662 599 2734 γενομένην
650 2661 940 2733 ἐπίσημον.
987 2663 1093 2716 Καὶ
1142 2668 1431 2734 γενομένου
1465 2666 1677 2729 τούτου,

120 2757 166 2807 αἱ
198 2755 284 2825 μὲν
335 2754 441 2808 τῶν
492 2752 669 2807 ἄλλων
705 2752 911 2823 ῥάϐδοι,
963 2753 1100 2823 ὅπερ
1148 2749 1318 2823 ἦσαν,
1364 2755 1676 2825 διέμειναν

121 2843 211 2913 ἠδὲ
230 2842 315 2895 τοῦ
342 2843 536 2914 ἱερέως
559 2841 698 2909 αὐτὴ
721 2842 777 2894 ἐν
806 2843 970 2912 ἑαυτῇ
1005 2842 1315 2911 ῥιζωθεῖσα,
1348 2846 1409 2896 οὐ
1427 2844 1514 2899 διά
1535 2862 1676 2908 τινος

119 2931 371 3003 ἀλλοτρίας
424 2931 677 3001 ἰκμάδος,
740 2930 874 2983 ἀλλὰ
911 2931 1010 3000 τῆς
1044 2931 1226 2985 θεόθεν
1266 2934 1325 2985 ὲν
1354 2937 1488 3005 αὐτῇ
1531 2937 1677 2988 ἐντε-

120 3021 280 3094 θείσης
310 3023 616 3092 δυνάμεως,
656 3021 881 3087 κλάδους
911 3022 1005 3076 καὶ
1036 3023 1244 3093 καρπὸν
1268 3024 1637 3094 ἀνεϐλάστησε
1657 3042 1670 3055 ·

118 3116 196 3166 καὶ
223 3114 483 3184 προῆλθεν
522 3116 550 3167 6
580 3113 791 3183 καρπὸς
827 3115 907 3176 εἱς
947 3114 1244 3167 τελείωσιν.
1287 3116 1502 3185 Κάρυον
1526 3116 1584 3169 δὲ
1608 3113 1675 3188 ἦν

116 3207 140 3257 ὁ
177 3206 388 3276 καρπός.
441 3200 522 3260 Οὗ
554 3204 866 3275 γενομένου,
913 3204 1050 3274 πρὸς
1078 3204 1331 3268 εὐταξίαν
1382 3207 1674 3278 ἐπαιδεύθη

118 3298 207 3348 πᾶν
230 3297 285 3350 τὺ
308 3298 571 3368 ὑπήκοον.
604 3297 763 3349 Νοείν
804 3292 873 3350 δὲ’
895 3298 1161 3368 προσήκει
1196 3296 1284 3350 διὰ
1312 3296 1404 3349 τοῦ
1435 3298 1671 3369 καρποῦ,

115 3390 165 3441 ὃν
192 3392 222 3461 ἡ
251 3390 434 3462 ῥάϐδος
465 3389 769 3458 ἐϐλάστησε
796 3387 890 3441 τοῦ
922 3386 1133 3458 ἱερέως,
1158 3381 1266 3439 οἷον
1298 3387 1402 3459 χρὴ
1425 3384 1563 3441 εῖναι
1584 3388 1673 3441 τὸν

119 3484 167 3536 ὲν
189 3482 438 3553 ἱερωσύνῃ
471 3481 609 3552 βίον,
642 3479 884 3550 ἐγκρατῆ
914 3496 1059 3545 τινα,
1088 3478 1186 3531 καὶ
1208 3480 1671 3549 κατεστυμμένον,

120 3574 197 3625 καὶ
226 3571 658 3645 περιεσκληκότα
684 3573 750 3640 τῇ
781 3569 1081 3639 φαινομένῃ
1113 3567 1225 3639 ζωῇ
1248 3584 1260 3597 ·
1294 3567 1500 3621 ἔνδοθεν
1527 3568 1584 3621 δὲ
1614 3569 1675 3620 τὸ

119 3663 346 3735 ἐδώδιμον
393 3667 451 3717 ὲν
502 3662 584 3734 τῷ
632 3659 860 3732 κρυπτῷ
903 3664 996 3717 καὶ
1028 3660 1223 3728 ἀφανεῖ
1257 3656 1609 3728 περιέχοντα·
1646 3658 1675 3711 ὃ

118 3755 219 3809 τότε
239 3757 692 3819 ἁνακαλύπτεται,
716 3753 844 3806 ὅταν
870 3749 1120 3820 πεπαυθῇ
1151 3748 1229 3819 τῷ
1253 3747 1428 3819 χρόνῳ
1458 3748 1490 3817 ἡ
1530 3745 1674 3818 βρῶ-

1784 1751 1952 1806 animi
1977 1752 2044 1806 ad
2083 1751 2347 1807 inferiora
2376 1753 2736 1822 deprimatur.
2767 1756 2934 1809 Docet
2969 1756 3117 1810 enim
3163 1770 3260 1826 per
3293 1770 3361 1810 ea

1783 1859 1902 1915 quae
1936 1850 2243 1914 sequuntur
2263 1844 2513 1910 historia,
2542 1860 2650 1900 non
2684 1848 2981 1900 humanam
3014 1862 3127 1900 rem
3158 1863 3359 1916 quain-

1782 1933 1907 1988 dam
1939 1935 2035 1989 sed
2064 1934 2306 1988 divinam
2346 1935 2719 1990 sacerdotium
2765 1951 2912 2001 esse,
2964 1944 3018 1991 et
3055 1936 3215 1991 docet
3257 1937 3361 1993 hoc

1783 2026 1945 2080 modo
1980 2044 1993 2079 :
2021 2023 2227 2096 .Virgas
2250 2025 2320 2080 ab
2352 2042 2679 2096 unaquaque
2704 2028 2850 2082 tribu
2882 2020 3083 2096 accipit
3121 2028 3358 2099 Moyses,

1781 2132 1876 2171 eas
1906 2116 2126 2173 illorum
2169 2117 2264 2186 qui
2297 2117 2566 2172 dederunt
2608 2118 2927 2174 nominibus
2950 2118 3255 2188 inscripsit,
3291 2134 3359 2173 ac

1783 2208 2137 2262 tabernaculo
2155 2209 2427 2281 imposuit.
2455 2206 2713 2264 Firmiter
2734 2209 2880 2264 enim
2902 2208 3177 2274 credebat,
3206 2209 3355 2279 quod

1780 2300 2050 2355 miraculo
2097 2301 2331 2369 quodam
2383 2315 2477 2369 per
2514 2302 2720 2370 virgam
2765 2316 2930 2370 quam
2977 2303 3360 2371 unusquisque

1781 2391 1982 2457 attulit,
2018 2393 2253 2460 desuper
2278 2391 2539 2447 sacerdos
2570 2391 3042 2463 manifestaretur;
3081 2407 3189 2462 quo
3207 2393 3358 2448 facto

1779 2483 2012 2536 aliorum
2047 2483 2265 2551 quidem
2308 2484 2473 2552 virgae
2502 2484 2646 2538 sicut
2678 2492 2860 2547 erant,
2895 2493 3349 2552 permanserunt:

1782 2589 1847 2627 ac
1875 2575 2130 2629 destinati
2162 2574 2428 2628 divinitus
2470 2573 2777 2630 sacerdotis
2804 2575 2961 2645 virga
3010 2592 3117 2629 non
3146 2576 3358 2631 extrin-

1781 2680 1942 2720 secus
1978 2665 2320 2729 liumiditate,
2366 2664 2461 2718 sed
2507 2665 2707 2718 virlule
2743 2663 2831 2719 Dei
2879 2664 3125 2718 immissa
3143 2664 3355 2720 radices

1784 2755 2130 2825 propagavit,
2163 2769 2349 2810 ramos
2372 2755 2579 2819 emisit,
2618 2762 2671 2808 et
2699 2753 2926 2808 ﬂoribus
2962 2762 3229 2808 exornata
3263 2754 3359 2809 de-

1782 2863 1928 2900 tuum
1954 2845 2191 2900 fructum
2242 2847 2541 2915 produxit:
2588 2847 2801 2901 fructus
2852 2855 2970 2900 erat
3008 2862 3143 2900 nux.
3178 2845 3378 2912 Quare.

1780 2939 2020 3005 graviter
2066 2937 2319 3007 castigati
2359 2938 2705 3007 quieverunt.
2756 2936 2861 2991 Sed
2889 2937 3033 3001 vide,
3083 2935 3359 3006 quomodo

1779 3027 2020 3095 undique
2075 3028 2417 3098 peregrinata
2469 3028 2715 3082 historiae
2774 3027 2958 3081 divina
3014 3028 3358 3096 providentia

1778 3131 1879 3170 nos
1903 3116 2103 3175 docet:
2145 3117 2249 3172 hoc
2279 3118 2422 3173 enim
2474 3119 2678 3177 fructu,
2729 3132 2889 3185 quem
2929 3117 3165 3171 Aaronis
3208 3116 3360 3186 virga

1777 3205 2043 3270 ediderat,
2101 3207 2279 3275 qualis
2329 3206 2525 3261 debeat
2571 3221 2694 3261 esse
2738 3206 3046 3269 sacerdotis
3087 3206 3198 3260 vita
3238 3220 3357 3259 nio-

1776 3314 1971 3352 nemur
2000 3318 2012 3351 :
2046 3313 2236 3367 aspera
2283 3300 2428 3354 enim
2473 3306 2530 3353 et
2576 3299 2866 3354 continens
2906 3300 3153 3368 duraque
3199 3298 3359 3353 debet

1779 3390 2022 3446 exterius
2057 3405 2198 3455 esse,
2220 3391 2365 3445 intus
2391 3398 2568 3444 autem
2587 3399 2640 3445 et
2666 3391 2718 3442 in
2742 3390 2960 3444 occulto
2990 3404 3157 3443 suave
3178 3389 3357 3458 quod-

1779 3480 1906 3534 dam
1937 3479 2177 3533 edulium
2211 3480 2517 3540 continere,
2572 3477 2718 3546 quod
2768 3486 2899 3530 tunc
2939 3476 3356 3543 manifestatur,

1781 3585 1905 3631 cum
1939 3577 2218 3623 maturum
2244 3569 2431 3632 fuerit,
2463 3578 2514 3625 el
2549 3578 2846 3637 corruptus
2880 3567 3044 3620 fuerit
3086 3568 3358 3636 stypticus

1780 3672 1845 3711 ac
1894 3656 2265 3733 circumfusus
2311 3664 2520 3720 cortex,
2565 3664 2619 3711 et
2660 3656 2837 3724 lignea
2887 3655 3064 3708 nuclei
3103 3661 3243 3709 testa
3265 3654 3358 3710 de-

1783 3747 1982 3801 fracta.

121 3865 209 3912 σις,
234 3850 321 3902 καὶ
350 3849 662 3921 περιῤῥαγῇ
700 3846 762 3899 τὸ
789 3843 989 3914 στύφον
1018 3840 1386 3914 περιϐόλαιον,
1412 3843 1506 3893 καὶ
1537 3840 1824 3911 περιτριϐῇ
1854 3841 1914 3894 τὸ
1937 3839 2165 3907 ξυλῶδες
2191 3839 2366 3892 έκεῖνο
2395 3838 2490 3893 τοῦ
2514 3838 2775 3910 ἐδωδίμου
2805 3838 3195 3911 προκάλυμμα.

176 4032 234 4086 EE
259 4033 313 4085 δέ
341 4047 485 4094 τινος
523 4029 714 4100 ἱερέως
741 4025 1032 4094 λεγομένου
1072 4024 1407 4095 καταμάθοις
1433 4024 1525 4077 τὸν
1559 4022 1672 4092 βίον

120 4121 368 4192 μηλοειδῆ,
384 4121 480 4175 καὶ
503 4118 757 4179 εὔπνουν,
780 4116 872 4169 καὶ
888 4114 1195 4187 ροδόχρουν,
1218 4108 1319 4167 οἷοι
1341 4114 1448 4168 τῶν
1466 4112 1673 4166 πολλῶν

1850 4020 2032 4086 Quare
2085 4018 2131 4074 si
2188 4017 2490 4073 sacerdotis
2533 4018 2930 4073 examinaveris
2979 4019 3169 4082 vitam,
3210 4018 3360 4074 inve-

1779 4111 2038 4180 nerisque
2068 4107 2402 4163 redolentem
2451 4107 2746 4176 unguentis
2795 4122 2858 4162 ac
2886 4107 3049 4172 rosis,
3099 4108 3262 4178 bysso
3302 4115 3358 4162 et

118 4212 207 4264 εἱσι
242 4211 420 4280 βύσσῳ
449 4211 547 4284 καὶ
596 4206 854 4279 πορφύρᾳ
894 4205 1305 4275 διανθιζόμενοι,
1332 4205 1425 4258 καὶ
1456 4207 1573 4267 ταῖς
1594 4203 1674 4257 λι-

1786 4216 2019 4274 purpura
2045 4201 2347 4268 ﬂorentem,
2383 4215 2448 4254 ac
2493 4202 2696 4256 mensis
2746 4201 3041 4270 pinguibus
3087 4201 3358 4259 inhaarem

121 4306 296 4375 παραῑς
315 4303 620 4375 τραπέζαις
671 4298 1101 4371 ὲμπιαινόμενοι,
1132 4298 1181 4350 οἱ
1217 4296 1307 4350 τὸν
1339 4296 1676 4367 διυλισμένον

116 4395 334 4459 πίνοντες
392 4389 558 4457 οἱνον,
602 4392 697 4447 καὶ
734 4392 802 4445 τὰ
852 4391 1044 4463 πρῶτα
1074 4389 1221 4461 μύρα
1251 4389 1549 4460 χριόμενοι,
1582 4386 1678 4440 καὶ

115 4482 200 4538 ὅσα
226 4486 354 4539 ἄλλα
393 4485 604 4555 γλυκέα
654 4484 804 4537 δοκεῖ
840 4483 983 4537 κατὰ
1012 4482 1111 4554 τὴν
1151 4465 1440 4552 πρόχειρον
1486 4466 1675 4548 γεῦσιν

116 4579 212 4641 τοῖς
232 4578 318 4632 τὸν
360 4576 761 4632 ἀπολαυστικὸν
792 4576 1032 4647 ὁρίζουσι
1086 4565 1231 4644 βίονί
1269 4572 1446 4635 καλῶς
1481 4573 1547 4625 ἂν
1585 4571 1678 4625 ἐπὶ

114 4668 283 4723 τούτου
301 4669 359 4723 τὸ
384 4668 742 4737 εὐαγγελικὺν
762 4667 958 4729 εἴποις,
992 4665 1073 4718 ὅτι
1090 4664 1193 4717 Τὸν
1217 4664 1427 4734 καρπὸν
1443 4662 1676 4732 βλέπων,

114 4759 201 4811 οὑκ
224 4759 570 4829 ἐπιγινώσκω
582 4758 671 4812 διὰ
692 4758 785 4813 τοῦ
809 4755 1021 4827 καρποῦ
1043 4756 1105 4809 τὸ
1145 4755 1411 4827 ἱερατικὸν
1439 4754 1677 4825 δένδρον.

119 4849 288 4914 Ἄλλος
321 4854 350 4904 ὁ
394 4852 496 4921 τῆς
535 4850 833 4922 ἱερωσύνης
887 4848 1123 4920 καρπὸς,
1156 4847 1251 4901 καὶ
1292 4841 1443 4908 οὗτος
1499 4845 1676 4908 ἄλλος.

126 4939 337 5005 Ἐκεῖνος
364 4944 395 4996 ὀ
427 4943 661 5013 καρπὸς,
709 4940 1005 5010 ἐγκράτεια
1046 4935 1145 5011 ἦν’
1186 4938 1365 5009 τρυφὴ
1403 4937 1460 4991 δὲ
1494 4929 1668 5001 οὗτος.

127 5033 340 5100 Ἐκεῖνος
364 5039 468 5090 οὐκ
495 5037 605 5090 άπὸ
626 5037 819 5107 γηῒνης
852 5033 1075 5105 ἰκμάδος
1098 5030 1446 5084 ὑπεπιαίνετο
1464 5045 1478 5059 ⁸
1501 5027 1676 5116 τούτῳ

114 5124 162 5175 δὲ
188 5126 361 5180 πολλοὶ
390 5126 641 5180 κάτωθεν
668 5124 1017 5197 ἐπιρρέουσιν
1039 5122 1089 5174 οἱ
1120 5119 1445 5191 τῶνὴδονῶν
1476 5118 1674 5188 ὀχετοὶ,

115 5214 171 5267 δι’
218 5211 289 5272 ὧν
340 5220 478 5291 πρὸς
533 5219 632 5289 τὴν
670 5218 924 5287 τοιαύτην
962 5215 1110 5287 ὤραν
1143 5216 1177 5284 ἡ
1211 5213 1306 5267 τοῦ
1343 5212 1457 5282 βίου
1488 5209 1675 5281 ὀπώρα

116 5308 508 5377 διερυθαίνεται.
543 5311 672 5363 Ὅτε
708 5310 767 5363 δὲ
795 5309 891 5362 καὶ
934 5306 1121 5361 τούτου
1152 5304 1246 5358 τοῦ
1277 5303 1481 5364 πάθους
1509 5300 1677 5355 καθα-

120 5400 197 5468 ρὸν
215 5403 421 5468 ἐγένετο
453 5402 518 5456 τὸ
552 5402 822 5472 ὑπήκοον,
853 5400 974 5453 τότε
1008 5397 1226 5463 διέξεισι
1250 5395 1344 5449 τὸν
1385 5392 1679 5460 ἀλλόφυλον

119 5490 234 5560 βίον,
266 5492 680 5564 καθηγουμένου
707 5489 801 5544 τοῦ
829 5490 995 5561 νόμου
1023 5490 1120 5560 τῆς
1150 5486 1435 5558 βασιλικῆς
1467 5481 1672 5553 λεωφό-

118 5605 220 5658 ρον,
263 5590 381 5644 καθ’
441 5589 634 5658 ἕτερον
688 5585 847 5657 μέρος
887 5584 986 5655 τῆς
1033 5581 1304 5653 ἐκτροπῆς
1356 5575 1669 5647 γινομένης·

1785 4307 1916 4362 tem,
1942 4295 1999 4348 in
2027 4309 2134 4364 qua
2171 4309 2278 4347 non
2323 4293 2656 4348 adhibentur
2679 4292 2785 4347 nisi
2828 4292 3089 4346 defaecata
3124 4301 3179 4345 et
3239 4295 3356 4348 cla-

1783 4388 2000 4443 rissima
2023 4387 2173 4449 vina,
2228 4394 2281 4440 et
2325 4392 2602 4455 unguenta
2647 4383 3070 4453 pretiosissima,
3117 4392 3174 4438 et
3207 4400 3358 4454 qum.

1784 4494 2001 4549 cunque
2041 4479 2145 4531 alia
2192 4476 2381 4532 suavia
2438 4477 2507 4530 iis
2551 4482 2775 4546 gustatu
2833 4475 3110 4540 videntur,
3151 4477 3355 4546 quibus

1786 4571 1891 4626 hoc
1956 4571 2160 4625 saeculo
2224 4569 2329 4622 frui
2403 4574 3034 4638 proposueruntzrecte
3100 4567 3155 4621 in
3210 4568 3359 4624 hunc

1785 4661 2120 4734 evangelicis
2167 4662 2337 4715 uteris
2372 4659 2595 4714 verbis:
2629 4656 2890 4711 Fructum
2942 4658 3120 4724 video,
3172 4674 3358 4715 sacer-

1786 4752 2021 4808 dotalem
2055 4752 2305 4806 arborem
2333 4762 2440 4803 non
2468 4762 2740 4819 cognosco
2766 4765 2780 4801 :
2809 4747 2950 4801 alius
2981 4756 3064 4802 est
3089 4750 3232 4802 enim
3264 4764 3356 4804 sa-

1786 4842 2016 4897 cerdotii
2046 4842 2260 4897 fructus
2285 4840 2355 4896 ab
2387 4840 2512 4894 isto.
2570 4837 2664 4892 llle
2706 4836 3094 4903 continentiam
3142 4835 3300 4890 habet
3337 4852 3354 4888 :

1779 4931 1870 4986 ille
1909 4932 2135 4987 delicias
2166 4949 2180 4985 :
2208 4931 2300 4985 ille
2335 4937 2553 4984 terrena
2613 4925 2939 4979 humiditate
2982 4939 3088 4977 non
3129 4924 3358 4994 pingue-

1780 5023 1908 5089 scit,
1937 5023 2066 5077 huic
2113 5022 2271 5076 multi
2320 5035 2351 5075 e
2396 5027 2541 5075 terra
2579 5017 2918 5086 voluptatum
2962 5014 3190 5069 sﬂiuunt
3229 5015 3355 5069 rivi.

1779 5115 1937 5173 Hunc
1983 5116 2150 5186 igitur
2194 5112 2358 5169 etiam
2412 5111 2660 5165 morbum
2704 5106 2951 5162 homines
2994 5121 3118 5159 cum
3150 5104 3358 5177 effuge—

1780 5209 1912 5273 rint,
1939 5216 2071 5261 tunc
2102 5203 2201 5258 tuti
2251 5215 2350 5270 per
2385 5198 2722 5275 alienigenas
2779 5199 3090 5259 transeunt,
3133 5191 3250 5262 lege
3282 5191 3357 5245 ita

1780 5314 1879 5372 per
1912 5298 2118 5368 regiam
2172 5294 2406 5364 plateam
2445 5287 2809 5351 conducente,
2875 5292 2935 5339 ut
2986 5282 3054 5337 ad
3103 5288 3357 5336 neutram

1786 5389 1999 5462 possint
2029 5393 2238 5456 partem
2293 5380 2589 5436 declinare.
2637 5374 2776 5430 Nam
2823 5376 2967 5431 sicut
3012 5373 3058 5429 si
3114 5387 3358 5441 przeceps

1779 5480 1933 5535 locus
1971 5476 2229 5544 utrinque
2265 5476 2432 5529 esset.
2479 5468 2750 5536 ingentem
2799 5463 3098 5520 ostendens
3123 5462 3355 5522 hiatum,

1781 5570 2074 5641 angustum
2110 5568 2212 5623 iter
2251 5578 2349 5636 per
2390 5557 2628 5615 medium
2682 5555 2904 5611 facienti
2959 5550 3359 5626 periculosissi-
