3800 5980
401 185 505 242 ιιθ

1638 171 1696 229 S.
1724 171 2053 232 GREGORII
2094 174 2382 235 NYSSENI

3577 170 3671 224 ιῖἺ

400 312 551 357 mum
592 302 738 354 esset
778 294 886 350 huc
946 300 1109 363 atque
1173 289 1302 345 illnc
1365 286 1662 352 declinare,
1715 289 1795 343 sic
1845 305 1898 343 nt

2173 291 2445 363 πισφαλὴς
2490 288 2601 361 γὰρ
2636 290 2669 359 ἡ
2709 286 2800 340 ἐπὶ
2845 284 2912 339 τὰ
2959 283 3166 354 πλάγια
3219 285 3557 357 παρατροπὴ
3602 289 3674 359 τῷ

399 400 562 464 pacto
590 391 698 452 via,
735 403 857 459 qua:
888 385 1048 441 nobis
1074 399 1103 438 a
1132 383 1249 454 lege
1270 382 1455 444 datur,
1482 380 1841 449 relinquenda
1875 388 1982 446 est,

328 522 329 527 η
402 497 568 554 quam
596 481 861 535 Dominus
894 484 1182 547 angustam
1228 472 1605 545 appellavit",
1646 489 1771 528 cum
1796 488 1895 528 nec
1918 474 1986 529 ad

403 576 613 636 lmvam,
637 588 739 627 nec
754 572 821 626 ad
843 572 1094 627 dextram
1116 567 1384 623 excedere
1407 566 1572 621 liceat
1588 564 1656 618 θ’.
1680 563 1780 621 Hic
1804 571 1984 620 autem

405 679 589 722 sermo
613 665 668 718 in
710 663 891 718 medio
922 660 1397 715 virtuteslocatas
1439 673 1564 713 esse
1589 658 1857 714 ostendit.
1892 657 1987 713 Vi-

404 757 542 811 tium
569 756 715 812 enitn
751 769 915 810 omne
950 752 1019 807 ad
1071 753 1333 806 virtutem
1364 751 1646 813 collatum,
1698 756 1794 803 aut
1852 747 1989 804 defi-

407 852 502 915 cit,
538 857 633 902 aut
657 846 873 901 excedit
911 863 924 899 :
959 851 1020 899 ut
1049 844 1200 899 verbi
1220 858 1410 907 causa,
1453 843 1501 897 si
1541 842 1825 897 audaciam
1857 857 1991 896 con-

407 937 518 993 fers
549 937 617 992 ad
651 934 1053 997 fortitudinem,
1111 941 1197 988 est
1228 948 1491 988 excessus
1525 932 1781 1003 quidam;
1830 933 1876 986 si
1919 933 1990 986 ti-

406 1044 637 1095 morem,
669 1026 916 1081 defectus
938 1041 969 1079 a
996 1025 1317 1079 fortitudine
1349 1024 1662 1078 invenitur:
1690 1023 1837 1093 quod
1861 1038 1989 1079 vero

406 1120 549 1174 inter
576 1119 692 1172 haec
740 1118 898 1187 quasi
944 1123 1179 1187 angusto
1217 1115 1435 1170 tramite
1474 1123 1748 1177 versatur,
1792 1129 1990 1186 expers

407 1222 775 1267 extremorum
802 1212 1107 1279 utriusque,
1138 1208 1188 1263 id
1221 1208 1397 1263 virtus
1423 1214 1507 1262 est
1542 1225 1555 1262 :
1590 1205 1784 1261 eodem
1826 1204 1990 1260 modo

408 1311 607 1359 uetera
636 1316 855 1372 quoque
896 1301 1077 1355 omnia
1102 1314 1224 1369 quae
1257 1296 1477 1353 virtutis
1510 1299 1732 1353 nomine
1776 1312 1991 1351 nuncu—

408 1403 627 1464 pantur,
652 1391 905 1446 vitiorum
933 1389 1193 1443 afﬁnitate
1249 1388 1506 1457 utrinque
1555 1386 1987 1441 circumdantur.

411 1481 692 1552 Sapientia
723 1480 977 1534 versutiae
1006 1489 1059 1533 et
1103 1477 1475 1547 simplicitatis
1513 1477 1691 1530 media
1739 1482 1844 1538 est,
1892 1488 1993 1528 nec

410 1580 729 1643 serpentum
779 1572 1043 1633 versutia,
1094 1583 1194 1622 nec
1233 1567 1504 1622 columba:
1550 1566 1901 1635 simplicitas,
1945 1563 1991 1617 si

2089 385 2344 439 ὁδεύοντι.
2388 385 2597 453 Ὥσπερ
2654 380 2763 450 γάρ
2791 380 2839 431 εί
2881 377 2975 431 δύο
3008 379 3244 450 κρημνοὶ
3291 380 3423 450 μίαν
3465 380 3563 433 ἐπὶ
3585 382 3645 449 τί
3651 400 3675 443 ς

2092 478 2267 549 ἄκρας
2293 475 2487 547 ῥαχίας
2514 472 2758 544 ἀτραπὸν
2790 473 3156 538 ἀποστενοϊεν,
3189 472 3437 536 κίνδυνός
3465 474 3585 527 ἐστι
3605 474 3678 545 τῷ

2091 570 2181 623 διὰ
2212 568 2415 638 ταύτης
2439 567 2691 636 βαίνοντι.
2721 564 2874 618 ἐνθεν
2897 564 2932 636 ἢ
2961 564 3112 619 ἔνθεν
3140 567 3574 639 παρατραπῆναι
3597 569 3677 619 τοῦ

2097 662 2262 733 μέσου
2319 662 2479 723 (ἴσως
2522 660 2628 729 γὰρ
2674 657 3013 729 ἑκατέρωθεν
3063 658 3124 711 τὸ
3176 660 3239 712 ἐκ
3290 659 3386 713 τοῦ
3434 661 3681 733 κρημνοῦ

2097 752 2367 824 βάραθρον
2415 751 2513 820 τὴν
2562 751 2835 823 ἐκτροπὴν
2868 749 3193 820 διαδέχεται)
3216 768 3229 781 ο
3251 750 3428 815 οὕτως
3462 754 3492 806 6
3521 752 3682 823 vdua;

2098 843 2344 913 βούλεται
2373 842 2461 895 τὸν
2486 840 2636 911 αὑτῷ
2674 841 2794 894 κατ’
2833 839 2976 910 ἴχνος
3018 840 3301 911 ἑπόμενον,
3346 842 3422 912 μὴ
3458 842 3678 896 καταλι-

2097 938 2220 987 πεῖν
2257 934 2355 1005 τὴν
2385 934 2521 994 ὁδὸν,
2555 932 2672 1004 τὴν,
2705 931 2886 996 καθώς
2904 949 3067 1003 φησιν
3099 933 3129 984 6
3161 932 3384 1004 Κύριος,
3406 935 3602 1005 στενήν
3624 952 3680 987 τε

2098 1026 2189 1078 καὶ
2222 1024 2608 1095 τεθλιμμένην,
2643 1024 2780 1093 μήτε
2817 1023 2910 1076 ἐπὶ
2950 1023 3011 1076 τὸ
3045 1023 3232 1077 σκαιόν
3276 1041 3334 1076 τε
3361 1025 3457 1077 καὶ
3491 1027 3681 1079 εὐώνυ-

2100 1134 2218 1186 μον,
2257 1116 2394 1187 μήτε
2425 1115 2518 1169 ἐπὶ
2542 1115 2604 1168 τὸ
2641 1114 2814 1179 δεξιὸν
2836 1115 3210 1185 νομιζόμενον.
3243 1116 3434 1187 Δόγμα
3456 1118 3516 1171 δέ
3541 1120 3679 1173 ἐστιν

2097 1202 2251 1269 οὗτος
2277 1209 2304 1259 ὁ
2356 1206 2534 1275 λόγος,
2589 1208 2645 1258 ἐν
2701 1206 2957 1277 μεσότητι
2997 1206 3320 1278 θεωρεῖσθαι
3349 1208 3452 1273 τὰς
3481 1210 3679 1280 ἀρετὰς

2096 1298 2410 1367 ὁριζόμενος
2433 1314 2447 1328 θ
2485 1298 2618 1350 διότι
2661 1298 2871 1366 πέφυκε
2913 1298 3061 1350 πᾶσα
3103 1299 3269 1353 κακία
3299 1300 3332 1370 ἢ
3364 1305 3490 1354 κατ’
3516 1303 3681 1356 ἐλλει-

2097 1388 2210 1456 ψιν,
2236 1388 2267 1458 ἢ
2299 1387 2419 1440 καθ’
2441 1389 2789 1460 ύπέρπτωσιν
2819 1390 3013 1460 ἀρετῆς
3036 1391 3398 1460 ἐνεργεῖσθαι.
3437 1388 3568 1447 Οίον
3595 1396 3683 1448 ἐπὶ

2097 1478 2194 1548 τῆς
2213 1477 2483 1548 ἀνδρείας,
2508 1477 2739 1546 ἔλλειψίς
2754 1478 2837 1538 τίς
2852 1480 2998 1530 ἐστιν
3020 1480 3222 1550 ἀρετῆς
3241 1481 3273 1549 ἡ
3295 1482 3491 1547 δειλία,
3517 1485 3685 1555 ὺπέρο

2100 1585 2305 1631 πτωσις
2335 1567 2392 1619 δὲ
2430 1568 2491 1619 τὸ
2520 1567 2738 1638 θράσος·
2777 1567 2836 1619 τὸ
2868 1567 2925 1620 δὲ
2970 1567 3230 1638 ἐκατέρου
3275 1568 3485 1622 τούτων
3516 1571 3688 1624 καΘαο

410 1679 509 1735 per
532 1665 771 1733 seipsum
821 1672 1116 1729 utrumque
1152 1659 1492 1723 consideres,
1535 1657 1804 1712 laudanda
1862 1672 1911 1712 es

2186 1660 2273 1720 ιον,
2298 1660 2353 1711 ἐν
2384 1659 2535 1731 μέσῳ
2563 1676 2620 1711 τε
2643 1659 2748 1710 τῶν
2782 1658 3199 1730 παρακειμένων
3225 1660 3436 1713 κακιῶν
3458 1660 3687 1735 θεωρεῖ-

412 1756 505 1811 sed
536 1756 628 1825 qui
655 1754 799 1808 inter
827 1753 944 1807 haac
976 1752 1197 1805 habitus
1219 1758 1325 1815 est,
1355 1751 1529 1803 virtus
1567 1756 1673 1804 est.
1727 1748 1994 1804 Similiter

410 1847 504 1917 qui
534 1862 563 1899 a
598 1846 863 1899 modestia
899 1843 1249 1911 deficit,luxu
1278 1843 1685 1911 corrumpitur:
1710 1841 1802 1911 qui
1831 1855 1992 1895 exce-

410 1939 491 1994 dit
530 1955 581 1992 ιιι
616 1938 734 2007 ipsa
773 1937 953 1990 nimia:
980 1935 1262 1990 tenuitatis
1290 1941 1440 1998 nota,
1465 1934 1542 1986 uti
1588 1933 1882 2002 Apostolus
1898 1933 1992 1996 ait,

412 2030 771 2085 cauteriatam
805 2029 967 2083 habet
988 2028 1384 2084 conscientiam
1414 2027 1483 2081 ⁸³.
1535 2026 1628 2082 Ille
1658 2026 1725 2081 ad
1752 2027 1997 2095 volupta-

411 2130 497 2177 tes
519 2123 784 2194 pecudum
824 2137 976 2175 more
1005 2120 1196 2182 fertur,
1239 2120 1326 2174 hic
1366 2120 1531 2174 etiam
1582 2118 1992 2172 matrimonium

413 2212 569 2283 quasi
596 2212 923 2266 adulterium
961 2212 1312 2266 abominatnr
1354 2221 1407 2266 et
1453 2213 1673 2280 rejicit:
1709 2212 1851 2265 inter
1895 2211 1995 2266 hos

413 2311 593 2358 autem
627 2303 909 2357 modestus
933 2318 992 2358 se
1019 2304 1289 2368 continet,
1327 2318 1505 2373 neque
1537 2303 1603 2357 ad
1650 2318 1870 2359 omnem
1915 2300 1997 2358 ef-

421 2395 581 2451 fusus
610 2395 964 2465 voluptatem,
1001 2402 1056 2451 et
1082 2395 1515 2461 matrimonium,
1562 2405 1622 2450 ut
1650 2396 1827 2460 decet,
1866 2411 1994 2450 sus—

420 2489 651 2559 cipiens.
703 2485 906 2541 Verum
954 2489 1235 2556 quoniam,
1294 2495 1355 2540 ut
1391 2486 1657 2542 Dominus
1693 2486 1855 2553 ait“,
1910 2484 1998 2540 hic

415 2580 654 2635 mundus
674 2579 737 2632 in
766 2578 1116 2648 pravujacet,
1148 2586 1343 2647 estque
1377 2579 1542 2632 alieni
1570 2578 1789 2648 generis
1819 2577 1888 2631 ab
1924 2576 1994 2632 iis

415 2673 509 2742 qui
543 2672 715 2742 legem
767 2676 1098 2740 sequuntur,
1149 2668 1413 2739 quidquid
1447 2670 1632 2723 virtuti
1674 2671 1994 2740 opponitur,

415 2762 471 2817 id
508 2776 638 2816 vero
690 2766 776 2815 est
817 2759 1095 2829 pravitas;
1142 2758 1460 2829 quicunque
1516 2775 1612 2829 per
1660 2759 1804 2814 hanc
1853 2759 1993 2813 viam

402 2849 685 2913 ambulat,
718 2854 837 2902 tuto
876 2863 973 2917 per
1001 2848 1221 2904 virtutis
1275 2849 1377 2903 iter
1406 2849 1688 2913 transibit,
1735 2850 1780 2905 si
1816 2850 1996 2919 publi-

415 2954 574 3006 cam,
628 2940 675 2995 si
717 2940 911 2993 virtuti
969 2940 1155 2993 tritam
1207 2940 1498 3010 albamque
1549 2942 1808 2996 continue
1854 2942 1994 2995 viam

417 3040 661 3103 peraget,
693 3045 965 3099 nusquam
998 3028 1065 3083 ad
1094 3030 1321 3083 linitima
1364 3031 1507 3084 invia
1539 3030 1843 3085 divertens.
1891 3030 1996 3085 Sed

417 3120 701 3191 quoniam,
730 3120 921 3189 utjam
956 3121 1160 3173 dictum
1195 3131 1303 3183 est,
1346 3136 1469 3175 cum
1506 3135 1739 3174 ascensu
1779 3121 1999 3176 virtutis

419 3212 633 3266 insidia:
663 3210 967 3266 adversarii
1000 3211 1401 3277 conscendunt,
1462 3211 1689 3266 idoneas
1717 3212 1770 3266 in
1814 3212 2001 3282 singu-

419 3303 598 3357 lorum
633 3302 848 3356 vivendi
882 3303 1151 3356 rationem
1194 3302 1459 3371 peccandi
1521 3317 1716 3357 causas
1776 3303 1999 3373 excogi-

421 3394 609 3459 tantis,
634 3393 742 3448 alia
776 3400 907 3448 tunc
937 3392 1224 3449 vafredine
1255 3393 1503 3449 insidiari
1536 3395 1737 3469 p0pulo
1779 3394 1995 3460 statuit,

420 3498 581 3553 quem
625 3476 844 3537 videbat
892 3483 1005 3553 jam
1048 3485 1115 3539 ad
1173 3483 1342 3540 Deum
1408 3491 1736 3542 conv‘ersnm
1794 3487 2002 3542 rectius

418 3574 641 3640 vivere;
698 3588 763 3627 ac
789 3574 960 3629 veluti
1005 3591 1201 3646 graves
1246 3578 1569 3648 expertique
1614 3579 1997 3649 imperatores,

419 3679 544 3718 cum
596 3665 814 3721 difficile
866 3669 1178 3740 putaverint
1239 3669 1521 3724 victoriam
1600 3679 1792 3741 aperto
1839 3687 2002 3742 posse

416 3759 682 3828 consequi
732 3768 929 3826 marte,
980 3760 1524 3818 dissimulationibus
1570 3771 1735 3833 atque
1783 3764 2002 3820 insidiis

420 3850 633 3904 hostem
666 3866 928 3920 superare
966 3862 1276 3907 conantur:
1327 3854 1406 3909 sic
1447 3855 1704 3909 vitiorum
1752 3856 1997 3910 omnium

418 3939 530 3995 dux
564 3949 728 4008 atque
762 3941 1060 4009 imperator
1091 3944 1366 4008 diabolus,
1398 3948 1442 3998 si
1477 3948 1746 4014 quosdam
1791 3948 1847 4001 in
1884 3948 2000 4000 vir-

418 4037 539 4085 tute
572 4032 881 4086 stabiliores
928 4033 1094 4101 videt,
1125 4050 1235 4089 non
1272 4043 1456 4105 aperte
1490 4038 1544 4090 in
1580 4038 1772 4092 faciem
1806 4039 2001 4106 objicit

420 4118 687 4190 gladium,
729 4120 824 4176 sed
855 4121 995 4175 clam
1028 4130 1083 4176 et
1129 4140 1224 4193 per
1252 4126 1486 4181 insidias
1526 4125 1594 4180 de
1636 4127 1757 4182 loco
1793 4129 1998 4197 pellere

420 4213 627 4269 studet.
667 4212 882 4268 idcirco
929 4228 1109 4284 augur
1136 4214 1357 4285 quidem
1403 4216 1707 4281 maleﬁcus,
1765 4221 1998 4277 occultis

2095 1768 2203 1815 ται,
2242 1752 2336 1804 καὶ
2373 1752 2539 1821 ἀρετή
2575 1751 2712 1803 ἐστι.
2754 1750 2910 1803 Κατά
2932 1750 3021 1803 τὸν
3046 1751 3208 1804 αὐτὸν
3240 1752 3462 1822 τρόπον,
3490 1754 3591 1806 καὶ
3623 1755 3688 1807 τὰ

2096 1843 2227 1896 ἄλλα
2252 1843 2448 1903 πάντα,
2477 1842 2576 1894 ὅσα
2599 1841 2735 1912 πρὸς
2759 1841 2818 1894 τὸ
2843 1844 3088 1913 κρεῖττον
3111 1842 3494 1909 σπουδάζεται,
3528 1863 3690 1915 μεσο-

2095 1933 2339 1987 λαϐεῖταί
2393 1950 2511 1995 πως
2555 1936 2668 1996 τοῖς
2718 1936 2906 1996 κακοῖς
2952 1935 3355 2005 γειτονήμασιν.
3412 1936 3478 1989 ΊΙ
3528 1938 3686 2006 σοφία

2095 2022 2399 2093 δεινότητός
2426 2039 2485 2074 τε
2515 2023 2609 2075 καὶ
2640 2021 3029 2093 ἁκεραιότητος
3072 2021 3131 2075 τὸ
3173 2023 3335 2093 μέσον
3378 2022 3518 2093 ἔχει’
3565 2024 3685 2077 οὔτε

2096 2117 2188 2170 τοῦ
2209 2118 2384 2186 ὄφεως
2400 2115 2460 2167 τὸ
2486 2115 2746 2185 φρόνιμον
2765 2112 3067 2175 ἐπαινετὸν,
3088 2111 3210 2165 οὔτε
3227 2112 3327 2183 τῆς
3353 2131 3420 2166 πε
3427 2117 3687 2186 ριστερᾶς

2096 2211 2156 2263 τὸ
2181 2210 2457 2281 ἀκέραιον,
2490 2211 2537 2260 εἰ
2565 2207 2649 2277 ἐφ’
2680 2204 2872 2259 ἑαυτοῦ
2907 2205 3070 2275 μόνου
3096 2204 3206 2258 δέοι
3240 2205 3549 2276 λαμϐάνειν
3575 2206 3688 2261 τού·

2096 2319 2203 2355 των
2233 2276 2511 2370 ἑκάτερον·
2544 2276 2657 2351 ἀλλ’
2687 2300 2720 2369 ἡ
2749 2296 2838 2349 διὰ
2869 2295 3033 2367 μέσου
3061 2295 3171 2348 τῶν
3194 2295 3288 2349 δύο
3315 2295 3526 2350 τούτων
3559 2298 3687 2366 σύγ-

2097 2410 2297 2465 κρατος
2337 2390 2483 2456 ἕξις,
2525 2389 2694 2460 ἀρετὴ
2740 2388 2967 2457 γίνεται.
3022 2387 3080 2440 Ὀ
3125 2387 3349 2459 ἐλλιπὴς
3396 2389 3541 2443 κατά
3589 2390 3687 2461 τὴν

2099 2483 2471 2555 σωφροσύνην,
2518 2482 2836 2543 ἀκόλαστοςο
2877 2481 2904 2532 ὁ
2934 2480 3269 2545 πλεονάζων,
3310 2483 3686 2552 κεκαυτηρία-

2102 2593 2220 2629 σται
2244 2575 2340 2646 τὴν
2375 2574 2701 2643 συνείδησιν,
2732 2570 2916 2635 καθὼς
2944 2572 3185 2643 ὁρίζεται
3211 2574 3240 2626 6
3281 2573 3628 2637 Ἀπόστολος’
3661 2577 3686 2627 ό

2102 2667 2199 2739 μὲν
2222 2668 2330 2738 γὰρ
2354 2669 2471 2730 ταῖς
2504 2666 2716 2737 ἡδοναῖς
2744 2664 2968 2735 ἀναίδην
2998 2665 3311 2732 ἐκκέχυται,
3336 2668 3366 2718 6
3390 2665 3447 2718 δὲ
3476 2666 3573 2719 καὶ
3599 2667 3688 2720 τὸν

2099 2759 2277 2829 γάμον
2300 2754 2394 2812 ἶσα
2429 2760 2495 2829 τῇ
2528 2756 2740 2829 μοιχεία
2773 2755 3138 2826 βδελύσσεταιο
3174 2759 3207 2827 ἠ
3238 2757 3294 2810 δὲ
3325 2756 3413 2810 διά
3440 2756 3561 2830 [μέ]
3594 2775 3686 2810 σου

2098 2851 2300 2905 τούτων
2327 2849 2673 2921 Θεωρουμένη
2705 2847 2837 2912 ἐξις,
2866 2848 3186 2920 σωφροσύνη
3215 2848 3382 2902 ἐστίν.
3432 2851 3589 2903 Ἐπεὶ
3610 2850 3688 2914 δὲ,

2102 2942 2280 3006 καθώς
2311 2959 2473 3013 φησιν
2498 2943 2527 2995 6
2555 2941 2779 3013 Κύριος,
2810 2943 2838 2995 6
2866 2941 3068 3010 κόσμος
3097 2936 3250 3004 οὗτος
3276 2942 3336 2995 ἐν
3359 2941 3436 3012 τῷ
3462 2941 3689 3013 πονηρῷ

2102 3038 2310 3101 κεῖται,
2328 3034 2649 3102 μάλλόφυλον
2674 3033 2730 3086 δέ
2759 3035 2870 3097 τοῖς
2900 3032 3184 3103 ἑπομένοις
3227 3031 3304 3100 τῷ
3331 3032 3481 3103 νόμῳ
3527 3034 3590 3087 τὸ

2100 3131 2266 3201 ἀρετῇ
2298 3127 2691 3199 ἀντικείμενον,
2722 3128 2859 3198 ὅπερ
2893 3127 3095 3196 ἐστὶνὴ
3124 3126 3376 3198 πονηρία·
3412 3128 3442 3181 6
3471 3127 3563 3181 διὰ
3591 3127 3685 3181 τοῦ

2100 3222 2304 3291 κόσμου
2355 3219 2546 3273 τούτου
2586 3218 2727 3273 κατά
2774 3218 2866 3271 τὸν
2901 3216 3015 3287 βίον
3047 3217 3375 3287 ὁδοιπορῶν,
3426 3216 3686 3285 ἀσφαλῶς

2100 3312 2197 3381 τὴν
2243 3311 2548 3380 ἀναγκαίαν
2587 3311 2792 3381 ταύτην
2831 3310 2933 3379 τῆς
2972 3308 3174 3381 ἀρετῆς
3206 3308 3444 3363 διανύσει
3479 3310 3690 3364 ὁδοιπο-

2105 3404 2245 3476 ρίαν,
2299 3407 2346 3458 εί
2384 3404 2483 3474 τὴν
2526 3402 2802 3474 λεωφόρον
2850 3402 3039 3464 ὅντως,
3072 3401 3169 3472 τὴν
3204 3401 3307 3453 ὑπὸ
3346 3401 3447 3471 τῆς
3484 3402 3689 3473 ἀρετῆς

2099 3494 2418 3568 τριφθεῖσάν
2445 3510 2505 3547 τε
2543 3493 2636 3546 καὶ
2663 3493 3086 3563 λευκαινομένην
3115 3493 3232 3545 ὁδὸν
3259 3493 3545 3561 φυλάσσοι,
3583 3513 3687 3565 μη-

2099 3586 2272 3658 δαμοῦ
2318 3585 2453 3658 πρὸς
2496 3585 2595 3649 τὰς
2641 3584 3053 3654 παρακειμένας
3098 3583 3311 3646 ἀνοδίας
3353 3583 3440 3636 διὰ
3485 3585 3687 3636 κακίαν

2103 3679 2606 3752 παρατρεπόμενος.
2646 3677 2800 3729 Ἐπεὶ
2826 3676 2901 3735 δέ,
2936 3675 3118 3738 καθὼς
3147 3674 3380 3746 εἴρηται,
3413 3678 3479 3747 τῇ
3515 3676 3689 3746 ἀνόδῳ

2100 3770 2199 3838 τῆς
2232 3768 2430 3838 ἀρετῆς
2474 3767 2569 3820 καὶ
2601 3767 2634 3835 ἠ
2676 3764 2931 3835 ἐπιϐουλὴ
2979 3764 3071 3817 τοῦ
3143 3766 3521 3835 ἀντικειμένου
3567 3783 3691 3819 συν.

2101 3859 2402 3923 αναϐαίνει,
2423 3858 2771 3928 καταλλήλως
2788 3858 3017 3912 ἑκάστου
3033 3858 3132 3926 τῆς
3154 3860 3230 3920 εἰς
3247 3858 3492 3912 τὸοκακδν
3512 3877 3691 3931 παρα-

2099 3951 2308 4023 τροπῆς
2348 3951 2445 4014 τὰς
2487 3949 2739 4020 ἀφορμάς
2776 3949 3196 4018 ἐξευρίσκουσα·
3229 3950 3352 4002 τότε
3388 3951 3530 4021 πρὸς
3577 3954 3690 4022 μεῖο

2101 4043 2192 4107 ζον
2216 4042 2309 4094 τοῦ
2342 4040 2473 4095 λαοῦ
2506 4043 2561 4095 ἐν
2589 4040 2666 4111 τῷ
2695 4041 2835 4094 κατὰ
2860 4040 2991 4093 Θεὸν
3014 4040 3113 4110 βίῳ
3131 4040 3483 4111 αὐξήσαντος.
3516 4035 3688 4113 ἄλλης

2100 4132 2388 4203 ἐπιϐουλῆς
2412 4135 2440 4186 ὁ
2488 4131 2862 4203 ἀντικείμενος
2883 4132 3132 4195 ἅπτεται,
3166 4132 3306 4184 κατὰ
3334 4132 3461 4195 τοὺς
3474 4132 3688 4196 δεινοὺς

2100 4226 2171 4279 τὰ
2209 4224 2511 4297 πολεμικά·
2552 4225 2601 4278 οἳ
2657 4224 2756 4295 τὴν
2809 4223 2951 4277 κατά
3002 4223 3175 4293 στόμα
3226 4222 3531 4293 παράταξιν
3575 4222 3687 4276 τῶν

418 4302 749 4372 quibusdam
799 4303 1010 4358 viribus
1061 4302 1371 4358 daemonum
1424 4305 1489 4359 ad
1534 4306 1919 4364 malefacieudt

2186 4316 2568 4371 εονεκτούντων
2610 4314 2749 4368 κατά
2780 4314 2876 4385 τὴν
2916 4313 3144 4384 δύναμιν
3181 4313 3687 4381 δυσκαταγώνιστον

417 4396 502 4449 vel
546 4395 729 4450 verbis
765 4396 899 4450 solis
942 4409 1187 4466 paratus,
1228 4412 1257 4451 a
1300 4407 1537 4467 tyranno
1573 4397 1994 4456 Madianitarnm

418 4487 673 4541 mercede
727 4487 1034 4544 conductus
1089 4498 1362 4544 vocatur:
1407 4491 1501 4560 qui
1555 4506 1680 4545 cum
1723 4494 1992 4559 venisset,

416 4592 528 4632 non
563 4584 620 4631 ut
653 4578 868 4632 volebat
902 4580 1204 4647 maledixit,
1244 4581 1338 4637 sed
1373 4582 1558 4637 divina
1599 4584 1806 4639 virtute
1837 4601 1992 4640 com-

416 4669 610 4740 pulsus
636 4671 837 4741 populo
877 4672 959 4726 vel
993 4673 1199 4729 invitus
1238 4675 1540 4741 benedixit,
1580 4692 1688 4746 qua
1733 4693 1798 4732 ex
1832 4693 1889 4732 re
1913 4677 1994 4732 fa-

414 4762 519 4817 cile
554 4763 898 4835 intelligitur,
932 4766 1114 4821 nullas
1146 4774 1293 4822 artes
1328 4769 1591 4838 magicas,
1612 4771 1795 4825 nullas
1819 4772 1996 4827 hostis

414 4852 642 4909 humani
669 4857 890 4927 generis
922 4856 1154 4914 insidias
1185 4860 1451 4914 adversus
1501 4876 1597 4915 eos
1647 4862 1852 4928 valere,
1899 4866 1995 4935 qui

412 4946 672 5001 virtutem
729 4948 919 5002 colunt
960 4968 971 5003 :
1012 4949 1108 5004 sed
1166 4950 1330 5005 etiam
1387 4952 1674 5021 pravitatis
1724 4955 1831 5011 tela
1868 4958 1999 5027 reji-

414 5039 569 5093 ciunt
600 5060 614 5095 :
657 5041 751 5110 qui
799 5040 890 5095 Dei
927 5042 1185 5110 praesidio
1214 5042 1606 5098 defenduntur.

2102 4405 2368 4477 ὁρῶντες,
2399 4405 2577 4473 λόγοις
2613 4403 2710 4457 καὶ
2752 4403 2993 4474 ἐνέδραις
3041 4402 3547 4472 καταστρατηγοῦσι
3596 4403 3687 4457 τὸν

2102 4498 2497 4569 ἀντικείμενον.
2530 4495 2763 4557 Οὕτωςὸ
2792 4496 2892 4565 τῆς
2937 4495 3135 4557 κακίας
3172 4494 3399 4566 στρατὸς
3437 4494 3532 4545 ἐπὶ
3577 4495 3687 4548 τῶν

2103 4591 2252 4661 νόμῳ
2280 4578 2373 4643 καί
2411 4590 2578 4659 ἀρετῇ
2619 4586 3074 4657 δυναμωίὶέντων,
3119 4586 3302 4639 οὐκέτι
3336 4585 3476 4638 κατά
3519 4585 3688 4657 πρόσ-

2101 4700 2249 4736 ωπον
2270 4680 2552 4748 ἀντεξάγει
2586 4679 2682 4749 τὴν
2714 4678 2964 4749 δύναμιν,
2997 4678 3111 4731 ἀλλ’
3132 4677 3372 4748 ἐνέδραις
3400 4676 3512 4728 τισὶ
3543 4676 3686 4729 κατά

2097 4775 2157 4825 τὸ
2194 4772 2397 4841 ἀφανὲς
2427 4772 2527 4841 τὴν
2579 4770 2871 4841 ἐπιϐουλὴν
2900 4769 3271 4841 ἐξεργάζεται.
3309 4768 3477 4822 Καλεῐ
3501 4769 3686 4821 τοίνυν

2098 4866 2176 4927 είς
2209 4862 2523 4933 συμμαχίαν
2540 4862 2679 4915 κατά
2705 4862 2811 4914 τῶν
2834 4862 3333 4931 ἐπιδουλευομένων
3363 4861 3492 4930 παρ’
3516 4859 3683 4911 αὑτοῦ

2096 4954 2194 5025 τὴν
2223 4953 2496 5023 γοητείαν.
2536 4953 2700 5022 Ἦνή
2747 4953 2845 5022 μὲν
2877 4953 3085 5024 ἱστορία
3126 4951 3262 5022 φησι
3310 4952 3503 5022 μάντιν
3539 4946 3683 5004 εἷναί

2096 5062 2215 5100 τινα
2250 5045 2342 5097 καὶ
2367 5044 2672 5115 οἰωνιστὴν,
2703 5044 2766 5096 ἐκ
2789 5061 2932 5106 τινος
2954 5044 3232 5116 ἐνεργείας
3255 5043 3524 5113 δαιμόνων
3556 5042 3685 5113 βλα-

415 5134 613 5204 πτικὴν
643 5132 815 5203 δήπου
846 5134 1073 5205 δύναμιν
1113 5134 1303 5205 ἔχοντα
1340 5137 1435 5189 καὶ
1483 5137 1590 5190 τῶν
1630 5137 1996 5204 ὑπεναντίων,
2042 5139 2136 5192 καὶ
2197 5136 2536 5207 μισθωθέντα
2578 5136 2730 5205 παρά
2780 5137 2875 5190 τοῦ
2913 5136 3239 5208 κρατοῦντος
3281 5137 3389 5190 τῶν
3419 5137 3683 5190 Μαδιανι-

416 5226 547 5287 τῶν,
576 5227 661 5293 ἐφ’
694 5219 737 5293 ᾧ
768 5244 825 5280 τε
869 5226 1066 5297 βλάψαι
1099 5227 1185 5281 διὰ
1213 5229 1457 5301 κατάρας
1492 5232 1610 5295 τοὺς
1640 5232 1717 5303 τῷ
1739 5232 1857 5303 Θεῷ
1882 5232 2109 5295 ζῶντας,
2162 5230 2350 5283 τοῦτον
2386 5228 2580 5301 τρέψαι
2638 5228 2736 5300 τὴν
2781 5231 3027 5301 κατάραν
3060 5233 3139 5294 εἰς
3170 5229 3417 5299 εὐλογίαν
3463 5226 3682 5301 ,Ἡμεῖς

412 5314 469 5368 δὲ
502 5314 727 5384 νοοῦμεν
750 5316 836 5369 διὰ
866 5317 959 5369 τοῦ
990 5318 1279 5372 ἀκολούθου
1306 5320 1413 5373 τῶν
1436 5322 1986 5396 προτεθεωρημένων,
2017 5323 2077 5376 τὸ
2125 5323 2257 5393 μηδὲ
2305 5322 2402 5393 τὴν
2426 5321 2679 5391 γοητείαν
2719 5323 2940 5395 ἐνεργὸν
2966 5324 3105 5378 κατά
3129 5325 3236 5378 τῶν
3264 5328 3321 5379 ἐν
3348 5325 3517 5397 ἀρετῇ
3555 5326 3677 5393 ζών-

413 5418 519 5456 των
554 5401 711 5455 εἶναι·
756 5404 890 5457 ἀλλά
924 5407 1103 5479 πάσης
1136 5410 1486 5482 ὑπερισχύειν
1532 5413 1825 5483 ἐπιϐουλῆς
1870 5415 1995 5476 τοὺς
2038 5413 2124 5466 διὰ
2175 5413 2272 5483 τῆς
2326 5411 2476 5475 θείας
2509 5412 2759 5484 βοηθείας
2792 5417 3218 5487 εὐωχουμένους.

490 5578 536 5611 ⁸¹
569 5577 759 5633 Matth.
790 5595 887 5650 vn,
930 5582 1013 5640 Η.
1082 5586 1139 5658 ,θ’
1186 5588 1339 5646 Deut.
1375 5606 1543 5645 xxvtn
1574 5590 1661 5644 li.
1736 5589 1806 5642 ⁸³1
1836 5588 1990 5643 Timo

1375 5606 1543 5645 xxvtn
1574 5590 1661 5644 Η.
1736 5589 1806 5642 ⁸³1
1836 5588 2076 5645 Timoth.
2106 5606 2179 5655 tv,
2213 5592 2268 5644 2.
2376 5592 2423 5623 ⁸⁸
2454 5589 2652 5648 lJoan.
2686 5611 2738 5660 v,
2786 5596 2864 5652 l9.
