3800 5980
172 165 277 217 (ιιι

1518 164 1606 220 DE
1634 164 1796 221 VITA
1836 165 1976 221 MOY
1987 165 2111 222 SlS.

3333 171 3440 227 422

254 276 328 332 Τὸ
372 279 483 351 γάρ
523 280 623 350 τὴν
662 255 1092 350 οἰωνοσκοπικὴν
1134 279 1473 352 ἐπιτηδεύειν
1512 281 1761 351 μαντείαν

1939 280 2184 335 Habebat
2214 279 2432 335 Balaam
2464 283 2717 352 auguria,
2749 283 2972 337 tenebat
3011 283 3258 347 oracula,
3290 298 3344 339 et
3365 283 3435 339 ad

173 373 270 425 τὸν
311 371 774 442 μνημονευθέντα,
810 374 1164 443 μαρτυρεῖται
1206 370 1356 441 παρά
1393 370 1495 441 τῆς
1522 373 1763 443 ἱστορίας

174 466 240 518 ἑν
264 458 346 527 οἷς
373 479 540 533 φησιν
559 505 574 528 ,
618 465 688 517 τά
724 481 785 516 τε
818 465 1044 533 μαντεῖα
1084 462 1172 516 διὰ
1200 463 1382 532 χειρὸς
1410 462 1553 533 ἔχειν
1579 462 1759 526 αὑτὸν,

177 554 276 606 καὶ
316 552 466 623 παρά
506 551 615 605 τῶν
659 552 862 606 οἰωνῶν
905 550 1392 622 συμϐουλεύεσθαι·
1436 552 1530 605 καὶ
1560 551 1668 623 πρό
1700 567 1763 619 γε

177 644 405 708 τούτων,
438 644 523 696 ὃτι
548 643 637 696 διὰ
665 642 757 696 τοῦ
800 641 1087 713 μηκυθμοῦ
1113 643 1213 713 τῆς
1240 642 1362 696 ὖνου
1390 641 1461 695 τὰ
1510 644 1638 714 περὶ
1665 642 1764 712 τῆς

179 734 552 804 προκειμένης
580 732 729 803 αύτῷ
746 732 977 803 σπουδῆς
994 732 1320 786 ὲδιδάσκετο·
1336 726 1402 804 ἦς
1418 732 1509 784 τὸν
1529 732 1763 801 φθόγγον

179 825 291 893 (διὰ
324 826 387 878 τὸ
414 826 658 896 συνήθως
679 825 839 878 αὐτὸν
860 826 979 886 ταῖς
1002 823 1111 875 τῶν
1133 822 1341 891 ἀλόγων
1365 825 1589 891 φωναῖς,
1621 822 1765 876 κατά

177 933 301 968 τινα
330 913 943 984 δαιμονίανμὲνέργειαν,
981 911 1477 982 συμϐουλεύεσθαι)
1509 913 1583 976 ὡς
1609 912 1765 984 ἐναρο

180 1004 311 1075 θρον
340 1004 374 1074 ὴ
402 981 596 1074 Ῠραφὴ
618 981 932 1072 διηγήσατο,
957 981 1358 1071 ἐνδεικνυμένη,
1383 981 1467 1054 ὅτι
1489 1002 1614 1064 τοὺς
1639 981 1764 1073 προ·

180 1096 298 1164 ειλη
308 1094 548 1165 μμένους
571 1096 638 1165 τῇ
661 1094 884 1166 τοιαύτῃ
911 1091 1020 1145 τῶν
1043 1091 1314 1161 δαιμόνων
1339 1092 1527 1164 ἀπάτῃ
1544 1133 1559 1153 ,
1601 1092 1764 1163 μέχρι

178 1186 388 1239 τούτων
414 1185 656 1255 φθάνειν,
685 1186 760 1248 ὡς
787 1184 907 1239 ἀντὶ
950 1185 1110 1254 λόγου
1140 1183 1390 1255 δέχεσθαι
1429 1184 1527 1255 τὴν
1562 1184 1627 1236 ὲκ
1666 1183 1765 1253 τῆς

182 1279 346 1341 ποιᾶς
376 1278 811 1351 παρατηρήσεως
841 1276 1137 1347 γενομένην
1159 1276 1340 1338 αὐτοῖς
1371 1276 1436 1327 ὲκ
1459 1273 1560 1342 τῆς
1584 1273 1766 1342 φωνῆς

178 1371 289 1425 τῶν
334 1371 546 1438 ἀλόγων
585 1368 951 1422 διδασκαλίαν*
998 1362 1032 1441 ᾖ
1073 1366 1353 1438 προσχὼν,
1390 1367 1457 1419 δι’
1486 1364 1662 1417 αὐτῶν
1690 1358 1766 1418 ὧν

181 1465 451 1532 ἠπατᾶτο,
480 1462 542 1514 τὸ
568 1461 778 1531 ἄμαχον
802 1460 899 1529 τῆς
924 1460 1046 1512 καθ’
1074 1453 1148 1512 ὧν
1176 1456 1454 1528 ἐμισθώθη
1482 1456 1766 1526 δυνάμεως

180 1551 557 1622 ὲξεπαιδεύθη.
588 1552 697 1605 Καὶ
721 1550 829 1621 γάρ
858 1551 915 1602 ὲν
944 1551 1009 1619 τῇ
1032 1549 1356 1619 εὖαγγελικῇ
1389 1547 1597 1618 ἱστορίᾳ
1622 1563 1762 1618 παρα

179 1645 484 1697 εσκεύαστο
535 1645 615 1706 είς
661 1642 973 1696 ἀντίστασιν
1006 1641 1102 1710 τῆς
1141 1628 1232 1692 τού
1273 1638 1476 1710 Κυρίου
1511 1638 1761 1705 ἐξουσίας
1794 1622 1835 1676 Β

178 1736 239 1788 τὸ
285 1734 645 1804 συγκρότημα
690 1732 796 1786 τῶν
830 1732 1120 1803 δαιμόνων,
1163 1734 1196 1801 ἡ
1247 1730 1466 1799 λεγεών.
1522 1730 1759 1801 Πλησιά-

152 1844 380 1889 ’σαντος
417 1826 476 1885 δὲ
513 1824 608 1879 τοῦ
651 1824 863 1896 ἔχοντος
900 1822 1042 1877 κατὰ
1080 1823 1294 1877 πάντων
1322 1822 1383 1873 τὸ
1412 1821 1632 1892 κράτος,
1663 1820 1760 1890 βοᾷ

179 1920 277 1990 τὴν
306 1902 682 1990 ὑπερέχουσαν
710 1916 958 1987 δύναμιν,
993 1916 1087 1968 καὶ
1111 1917 1212 1967 οὐκ
1235 1912 1628 1982 ἐπικρύπτεται
1661 1911 1759 1981 τὴν

181 2012 483 2082 ἀλήθειαν,
521 2011 603 2063 ὅτι
651 2002 805 2072 οὗτός
840 2009 989 2060 ἐστιν
1028 2008 1062 2077 ἡ
1100 2006 1219 2059 θεία
1263 2005 1457 2075 φύσις,
1493 2006 1521 2057 6
1562 2006 1618 2057 ὲν
1650 2006 1762 2066 τοῖς

180 2102 491 2172 καθήκουσι
532 2100 743 2172 χρόνοις
775 2097 989 2163 ἐπάξων
1017 2101 1129 2161 τοῖς
1167 2096 1514 2167 ἡμαρτηκόσι
1540 2093 1638 2165 τὴν
1672 2094 1762 2147 κό-

181 2193 359 2249 λασιν.
402 2193 569 2261 Λέγει
598 2191 708 2263 γὰρ
746 2192 780 2262 ἡ
811 2189 919 2242 τῶν
955 2189 1223 2258 δαιμόνων
1265 2186 1436 2256 φωνή·
1482 2205 1499 2236 ε
1528 2184 1762 2255 Οἴδαμέν

184 2303 242 2339 σε
273 2284 362 2349 τίς
388 2278 461 2350 el,
483 2283 515 2334 6
541 2282 695 2351 ἀγιος
720 2280 812 2335 τοῦ
832 2277 987 2333 Θεοῦ·
1018 2279 1111 2332 καὶ
1141 2278 1221 2330 ὅτι
1252 2272 1413 2346 ἦλθες
1438 2275 1542 2347 πρὸ
1569 2275 1761 2346 καιροῦ

184 2375 474 2447 βασανίσαι
500 2374 667 2444 ἡμᾶς.
706 2389 726 2422 ι
762 2371 829 2425 Ὃ
859 2370 923 2442 δὴ
953 2371 1047 2424 καὶ
1085 2369 1206 2423 τότε
1234 2368 1471 2436 ἐγένετο,
1498 2367 1596 2438 τῆς
1624 2384 1763 2437 παρ-

184 2467 462 2537 επομένης
488 2464 565 2535 τῷ
592 2463 783 2534 μάντει
812 2461 1088 2532 δαιμονίας
1124 2458 1426 2529 δυνάμεως,
1460 2458 1521 2510 τὸ
1553 2458 1762 2528 ἄμαχόν

182 2577 243 2612 τε
275 2559 373 2612 καί
406 2553 872 2623 ἀνανταγώνιστον
906 2549 999 2605 τοῦ
1041 2550 1171 2603 λαοῦ
1218 2550 1311 2603 τὸν
1354 2547 1583 2618 Βαλαάμ
1620 2548 1763 2601 διδα-

186 2649 449 2720 σκούσης.
464 2648 657 2717 Ἡμεῖς
688 2644 746 2697 δέ
773 2660 973 2714 φαμεν,
1006 2644 1114 2704 τοῖς
1152 2638 1641 2710 προεξητασμένοις
1667 2636 1763 2708 τὴν

1864 372 1979 426 haec
2020 371 2209 426 ruditu
2252 372 2421 426 asinae
2476 372 2660 443 ignota
2705 386 3098 442 nonnunquam
3157 373 3437 444 perdisce—

1863 462 1955 515 bat
1971 462 2016 495 ⁸⁸
2056 481 2068 516 :
2103 461 2265 531 cujus
2298 477 2484 517 vocem
2529 463 2811 534 (quoniam
2850 464 2966 535 ipse
2998 464 3211 519 solebat
3246 465 3438 520 bruto-

1863 568 1984 608 rum
2037 554 2355 608 animalium
2406 554 2676 610 clamores
2730 564 2785 609 et
2837 556 3081 625 garritus
3120 556 3298 610 avium
3341 571 3439 610 co-

1863 653 2132 716 operante
2164 645 2384 701 diabolo
2416 646 2745 717 intelligere)
2785 648 2943 716 quasi
2977 648 3322 703 articulatam
3361 648 3438 704 si-

1862 735 2322 806 gniticantemque
2388 736 2618 791 historia
2660 739 2979 792 enarravit:
3020 737 3318 794 ostendens
3366 739 3432 792 ad

1863 827 1968 881 hoc
1994 827 2252 882 vanitatis
2287 828 2543 883 seductos
2591 843 2623 882 a
2663 829 3006 884 daemonibus
3046 831 3326 891 devenire.
3376 839 3437 885 ut

1863 917 2083 972 modum
2113 918 2267 973 vocis
2300 919 2590 973 brutorum
2623 921 2936 987 observent,
2978 936 3043 976 ac
3079 922 3204 977 inde
3235 921 3437 992 signino

1796 1065 1809 1071 ,
1863 1008 2043 1063 cantis
2076 1008 2381 1062 doctrinam
2421 1009 2572 1063 vocis
2613 1011 2862 1079 accipere
2896 1012 3253 1067 arbitrentur.
3297 1010 3433 1066 Nam

184 2741 433 2812 ίστορίαν
472 2739 822 2810 ἁρμόζοντες,
852 2734 912 2787 τὸ
941 2732 1081 2787 κατὰ
1111 2731 1220 2785 τῶν
1256 2732 1314 2783 ὲν
1343 2731 1511 2802 ἀρετῇ
1546 2727 1763 2792 ζώντων
1802 2744 1807 2750 '

181 2833 275 2885 τὸν
324 2826 672 2900 καταρᾶσθαι
737 2823 1127 2896 βεϐουλημένον
1179 2820 1445 2891 μηδεμίαν
1486 2817 1762 2895 ,δύνασθαι

186 2920 477 2991 προΐεσθαι
524 2918 707 2988 φωνὴν
753 2915 1002 2986 λυπηρὰν
1056 2930 1115 2966 τε
1160 2912 1253 2965 καὶ
1292 2909 1760 2979 ἀπεμφαίνουσαν,

185 3013 326 3066 ἀλλὰ
351 3009 576 3082 τρέπειν
615 3008 718 3079 τὴν
748 3005 990 3075 κατάραν
1025 3004 1104 3065 είς
1140 3001 1411 3069 εὐλογίαν.
1445 2999 1518 3051 Τὸ
1542 2998 1597 3051 δὲ
1622 2995 1768 3051 νοού-

187 3120 377 3175 μενον.
420 3100 576 3155 τοῦτό
615 3102 785 3166 ἐστιν,
825 3099 917 3149 ὅτι
944 3096 1052 3149 τῶν
1096 3095 1214 3147 κατ’
1243 3092 1441 3164 ἀρετὴν
1480 3089 1698 3155 ζώντων
1740 3091 1769 3142 6

184 3195 285 3263 τῆς
307 3190 575 3262 λοιδορίας
602 3187 790 3259 μῶμος
809 3189 908 3257 ούχ
929 3185 1178 3239 ἅπτεται.
1206 3183 1326 3245 Πῶς
1343 3183 1451 3253 γάρ
1474 3181 1565 3233 ἐπὶ
1591 3180 1771 3233 πλεον-

182 3286 309 3356 εξίᾳ
338 3286 369 3338 6
397 3284 659 3353 ἀκτήμων
688 3277 1159 3349 λοιδορηθήσεταις
1185 3275 1301 3338 πῶς
1325 3273 1381 3327 δέ
1409 3290 1492 3336 τις
1517 3270 1771 3341 ὲπιθρυλ-

106 3402 111 3405 λ
178 3379 345 3449 λήσει
374 3376 475 3445 τὴν
496 3373 734 3428 ἀσωτίαν
761 3372 837 3440 τῷ
866 3366 1337 3439 ἀνακεχωρημένῳ
1365 3365 1458 3418 καὶ
1482 3363 1766 3427 ἰδιάζον-εις

187 3469 223 3540 ἢ
252 3468 349 3522 τὸν
372 3466 543 3536 θυμὸν
569 3463 647 3534 τῷ
675 3462 867 3533 πράῳς
902 3461 935 3531 ἢ
962 3461 1053 3514 τὸν
1080 3458 1248 3526 τύφον
1275 3456 1353 3527 τῷ
1389 3455 1731 3526 μετριόφρονι
1753 3470 1768 3519 ;

188 3560 224 3632 ἦ
249 3559 380 3615 ἄλλο
401 3575 457 3611 τι
478 3556 586 3610 τῶν
615 3553 915 3627 ὲπιμώμων
943 3555 1055 3615 τοῖς
1091 3553 1157 3604 ἐκ
1199 3549 1307 3602 τῶν
1329 3547 1584 3602 ἐναντίων
1610 3562 1773 3612 γινω-

1793 2969 1835 3023 C

193 3650 515 3722 σκομένοις;
562 3644 644 3711 οἷς
682 3646 884 3707 σκοπός
935 3646 1102 3707 ἐστιν,
1137 3642 1372 3710 ἄληπτον
1406 3637 1664 3708 παρέχειν
1696 3635 1774 3704 τῷ
1809 3638 1815 3645 ”

191 3742 375 3814 μώμῳ
395 3741 484 3795 τὸν
517 3738 646 3810 βίον·
677 3739 785 3804 ἵνα,
825 3734 1006 3798 καθώς
1038 3750 1199 3802 φησιν
1228 3732 1256 3784 6
1283 3729 1622 3791 Ἀπόστολος,
1663 3727 1691 3778 6
1716 3727 1774 3792 ἐξ

190 3832 445 3895 ἐναντίας
498 3832 761 3902 ἐντραπῇ,
812 3827 976 3897 μηδὲν
1027 3825 1165 3894 ἔχων
1208 3823 1407 3890 λέγειν.
1459 3819 1558 3872 Διά
1618 3818 1776 3871 τοῦτό

192 3942 362 3996 φησιν
381 3926 416 3995 ἡ
441 3922 592 3993 φωνὴ
614 3920 708 3975 τοῦ
734 3921 814 3983 είς
842 3917 1085 3987 κατάραν
1103 3911 1572 3985 παρειλημμένου,
1604 3929 1621 3961 ι
1653 3910 1775 3972 Πῶς

192 4017 510 4089 ἀράσομαι,
553 4011 610 4065 ὃν
657 4011 731 4082 μὴ
767 4010 966 4080 ἀρᾶται
1011 4005 1249 4087 ιςύριοςς
1285 4021 1304 4054 ι
1339 4002 1583 4055 τουτέστι
1606 4040 1622 4062 ,
1653 4000 1776 4062 Πῶς

191 4107 580 4176 λοιδορήσομαι
628 4102 718 4156 τὸν
776 4101 847 4172 μὴ
900 4097 1168 4152 δεδωκότα
1221 4097 1321 4166 τῆς
1366 4093 1631 4164 λοιδορίας
1680 4091 1778 4162 τὴν

194 4198 367 4267 ὖλην;
400 4189 447 4264 ᾧ
472 4195 559 4248 διὰ
584 4193 645 4247 τὸ
680 4193 813 4264 πρὸς
842 4192 932 4245 τὸν
959 4190 1091 4244 Θεὸν
1120 4189 1333 4260 βλέπειν
1361 4187 1599 4258 ἄτρωτός
1632 4185 1779 4238 ἐστιν

1864 1107 1996 1152 tunc
2023 1097 2313 1153 attendens
2351 1099 2432 1153 eis
2460 1099 2663 1169 quibus
2694 1101 3059 1155 seducebatur
3091 1103 3325 1167 artibus,
3352 1103 3435 1156 in-

1863 1188 2255 1257 expugnabiles
2283 1205 2407 1245 esse
2440 1188 2680 1255 Iudaeos,
2712 1190 2977 1249 adversus
3013 1208 3154 1261 quos
3202 1193 3437 1248 duceba-

1865 1285 1976 1339 tur,
2004 1278 2299 1345 perdoctus
2336 1286 2440 1333 est.
2493 1277 2585 1333 Sic
2630 1286 2684 1333 et
2730 1279 2785 1333 in
2823 1280 3129 1351 evangelica
3152 1275 3428 1335 historia“

1864 1367 2010 1437 legio
2070 1368 2406 1432 daemonum,
2484 1370 2735 1439 quamvis
2817 1370 3082 1425 adversus
3140 1368 3431 1427 Dominum

1868 1467 2168 1528 praeparata
2206 1468 2377 1522 esset,
2401 1474 2525 1513 cum
2559 1471 2742 1516 tamen
2786 1461 3128 1517 advenientis
3152 1462 3258 1515 vim
3293 1462 3435 1517 ferre

1866 1563 1974 1603 non
2008 1556 2217 1617 posset,
2252 1550 2454 1604 clamat
2485 1550 2656 1604 invita
2694 1553 3002 1617 veritatem,
3055 1553 3200 1623 quod
3236 1553 3326 1609 hic
3350 1562 3435 1610 est

1866 1646 1982 1713 ipse
2023 1645 2112 1700 Dei
2154 1644 2348 1706 Filius,
2416 1645 2509 1713 qui
2546 1645 2896 1699 convenienti
2943 1654 3186 1715 tempore
3250 1646 3431 1715 ignem

1866 1736 2244 1806 peccatoribus
2298 1744 2561 1790 aeternum
2613 1736 2900 1791 retribuet.
2972 1735 3196 1790 Dicebat
3254 1747 3434 1789 autem

1869 1829 2009 1898 legio
2039 1829 2173 1881 illa:
2219 1827 2484 1891 gScimus
2536 1828 2659 1897 quis
2699 1834 2756 1881 tu
2796 1841 2879 1891 cs,
2935 1835 3161 1883 sanctus
3209 1824 3340 1889 Dei,
3380 1833 3435 1880 et

1867 1919 2066 1975 venisti
2128 1929 2254 1974 ante
2310 1927 2524 1988 tempus
2564 1934 2764 1974 vexare
2805 1918 3149 1985 nos;nquod
3203 1926 3257 1972 et
3307 1924 3436 1971 tunc

1869 2009 2071 2063 factum
2103 2017 2205 2064 est.
2242 2007 2339 2063 Vis
2369 2009 2513 2062 enim
2544 2006 2872 2074 daemonum,
2906 2023 3027 2078 quae
3054 2022 3313 2079 augurem
3346 2024 3433 2063 se-

1867 2101 2156 2170 quebatur,
2187 2100 2450 2154 invictum
2493 2114 2615 2154 esse
2647 2101 2906 2169 populum
2937 2098 3028 2154 Dei
3062 2100 3437 2170 vatemipsum

1866 2195 2105 2249 edocuit.
2162 2192 2235 2246 lta
2289 2193 2493 2246 nullam
2531 2200 2711 2261 potest
2745 2192 3006 2261 iniquitas
3048 2190 3211 2246 edere
3247 2207 3434 2246 vocem

1868 2285 1923 2340 in
1955 2286 2255 2341 virtuosos.
2293 2299 2400 2352 qua
2446 2283 2622 2353 possit
2663 2298 2759 2338 eos
2808 2275 3021 2338 eﬂicere
3050 2282 3289 2354 pejores,
3340 2282 3437 2338 sed

1869 2374 2194 2430 maledicere
2223 2374 2474 2437 studens,
2529 2372 2840 2427 benedicit:
2878 2388 2977 2427 nec
3023 2374 3168 2428 enim
3222 2374 3437 2428 macula

1870 2467 1977 2519 ulla
2033 2464 2355 2520 sordeseunt
2393 2464 2717 2519 innocentes
2751 2479 2764 2516 :
2793 2463 3064 2533 quomodo
3113 2463 3260 2518 enim
3309 2478 3439 2518 ava-

1867 2556 2121 2631 ritia,‘qui
2152 2554 2334 2609 omnia
2364 2555 2689 2615 contemnit,
2727 2553 3127 2608 maculabitur?
3157 2554 3439 2623 quomodo

1869 2646 2023 2718 quasi
2060 2647 2377 2703 luxuriosus
2408 2662 2472 2701 ac
2504 2662 2732 2709 vagans,
2778 2646 3065 2701 solitarius
3107 2646 3272 2700 homo
3303 2647 3440 2701 vitu-

1872 2738 2192 2807 parabitur?
2232 2737 2509 2806 quomodo
2562 2738 2645 2791 ira
2678 2737 2795 2791 miti
2842 2737 3106 2792 nocebit?
3164 2738 3439 2807 quomodo

1869 2829 2022 2883 elatae
2067 2828 2311 2882 cervices
2364 2818 2600 2883 humiles
2654 2829 2967 2885 vexabunt?
3019 2835 3115 2882 aut
3152 2829 3256 2882 alia
3296 2844 3441 2898 quaa-

1871 2921 2011 2990 piam
2041 2919 2249 2972 macula
2268 2918 2678 2973 immaculatum
2695 2918 3013 2972 maculabit?
3036 2917 3130 2972 llis
3149 2918 3295 2972 enim
3325 2917 3442 2973 lucc

1869 3008 2097 3063 intentio
2119 3008 2332 3063 vivendi
2355 3014 2462 3073 est,
2482 3009 2662 3062 nullas
2685 3008 2827 3063 hosti
2848 3022 3013 3062 ansas
3047 3014 3330 3077 praestare,
3354 3017 3437 3074 ut,

1868 3100 2008 3172 sicut
2039 3099 2333 3170 Apostolus
2363 3099 2460 3160 ait.
2501 3098 2844 3154 uihilhabeat
2877 3098 3142 3154 confusus
3184 3098 3439 3153 adversa-

1866 3195 1983 3249 rius
2012 3193 2194 3249 dicere
2213 3194 2279 3246 3'.
2322 3193 2591 3259 Quocirca
2632 3193 2699 3247 ad
2736 3192 3171 3248 maledicendum
3208 3202 3433 3247 vocatus

1869 3283 2085 3338 Balaam
2104 3285 2333 3338 clamat:
2370 3304 2388 3335 ι
2421 3282 3158 3349 Quomodomaledicam,cui
3191 3298 3299 3336 non
3323 3298 3441 3336 ma-

1871 3375 2061 3430 ledicit
2086 3375 2350 3430 Dominus
2374 3376 2459 3428 3'?
2501 3394 2519 3425 ι
2556 3375 2606 3429 id
2653 3384 2758 3435 est,
2791 3374 3061 3442 quomodo
3091 3373 3435 3437 maledicam,

1869 3461 1961 3530 qui
1997 3463 2203 3516 nullam
2238 3463 2592 3517 maledicendi
2641 3465 2921 3516 materiam
2973 3462 3247 3530 praebuit?
3282 3462 3442 3531 cujus

1876 3536 2294 3607 invulnerabilis
2329 3553 2436 3606 vita
2474 3559 2579 3614 est,
2622 3552 2750 3621 quia
2795 3551 2888 3606 Dei
2928 3561 3086 3607 scuto
3116 3554 3440 3623 protegitur.

1871 3643 2071 3699 Verum
2105 3643 2317 3697 tametsi
2354 3643 2456 3696 hac
2490 3641 2845 3696 maledicendi
2879 3641 2961 3694 via
3004 3641 3138 3694 nihil
3185 3642 3239 3695 in
3272 3657 3445 3711 popu-

1872 3734 1983 3787 lum
2032 3733 2205 3787 liostis
2254 3732 2435 3793 eﬂicit,
2486 3742 2666 3786 tamen
2711 3731 2838 3800 quia
2878 3732 3073 3784 virtute
3121 3731 3301 3786 divina
3346 3733 3444 3787 de-

1875 3824 2018 3880 l'endi
2056 3822 2275 3879 Iudaeos
2302 3825 2542 3894 agnovit,
2580 3840 2688 3878 non
2718 3822 2975 3887 cessavit,
3012 3823 3105 3877 sed
3141 3822 3443 3878 ftedissima

1873 3915 2150 3984 voluptate
2193 3930 2221 3967 a
2265 3915 2449 3969 divino
2496 3929 2774 3968 removere
2811 3912 2994 3968 studet
3044 3913 3267 3967 auxilio.
3306 3912 3441 3967 Nam

1874 4018 1996 4057 cum
2049 4003 2230 4058 omnis
2289 4003 2539 4072 voluptas
2602 4001 2759 4056 facile
2825 4001 2894 4055 ad
2959 4000 3149 4054 vitium
3216 4001 3440 4065 alliciat,
3518 4015 3525 4021 ο

1877 4102 1989 4147 tum
2046 4108 2175 4146 vero
2225 4092 2560 4146 foedissimus
2608 4089 2836 4146 Veneris
2891 4097 3070 4152 actus,
3122 4088 3445 4146 libidinosus

1878 4183 2179 4252 praasertim
2214 4182 2492 4252 jun-iorum
2523 4180 2735 4235 animos
2769 4180 2982 4235 adunco
3013 4178 3262 4234 detentos
3286 4168 3444 4233 hamo

193 4261 503 4351 εὶς-κακίαν
529 4287 557 4338 6
592 4261 737 4354 βίος.-
773 4282 848 4335 Οὐ
880 4280 1006 4352 μὴν,
1047 4277 1233 4346 ἐπειδὴ
1265 4276 1452 4329 τούτου
1486 4275 1761 4347 διήμαρτεη

1883 4271 2129 4325 attrahit.
2166 4261 2785 4340 ldintlepatetmamqui
2852 4267 3017 4320 armis
3056 4266 3443 4335 praevaiebant,

192 4380 222 4429 6
250 4378 356 4448 τῆς
388 4375 586 4438 κακίας
613 4371 858 4444 εὑρετὴς,
890 4370 1116 4425 καθόλου
1146 4371 1241 4440 τῆς
1265 4366 1404 4420 κατά
1432 4366 1538 4418 τῶν
1559 4364 1775 4417 ἐπιϐου-

1880 4361 1971 4432 qui
2014 4360 2190 4415 hostis
2230 4374 2413 4413 ensem
2461 4374 2559 4413 sua
2605 4358 2805 4410 virtute
2846 4354 3184 4415 retuderunt,
3234 4356 3325 4426 qui
3374 4356 3447 4410 le-

188 4440 505 4539 λευομένων
531 4440 770 4527 ἐπινοίας
793 4440 1086 4517 επαύσατο·
1114 4459 1251 4514 ἀλλά
1280 4458 1414 4530 πρὸς
1439 4457 1498 4510 τὸ
1522 4456 1650 4509 ἴδιον
1675 4456 1761 4509 πά-

1870 4451 2071 4525 giones
2114 4457 2353 4502 armatas
2388 4448 2644 4501 fuderunt
2681 4455 2844 4514 atque
2880 4446 3154 4514 fugarunt,
3198 4445 3446 4501 mulieris

193 4562 403 4631 λαισμα
426 4557 526 4627 τὴν
554 4555 795 4610 ἐπίνοιαν
812 4555 1024 4626 τρέπει,
1058 4552 1218 4606 πάλιν
1246 4550 1311 4603 δι’
1335 4549 1531 4620 ἡδονῆς
1560 4547 1695 4619 πρὸς
1713 4546 1776 4599 τὸ

196 4649 371 4705 κακὸν
422 4647 684 4712 δελεάζων
724 4647 822 4718 τὴν
866 4645 1046 4714 φύσιν.
1099 4644 1305 4704 Ὄντως
1356 4640 1535 4711 πάσης
1576 4637 1777 4701 κακίας

194 4736 310 4794 οἷόν
339 4757 393 4793 τι
414 4739 605 4809 δέλεαρ
633 4740 665 4809 ἡ
700 4738 862 4809 ἡδονὴ
896 4734 1284 4807 προϐληθείη,
1314 4732 1546 4794 εὐκόλως
1567 4731 1667 4793 τὰς
1697 4730 1776 4783 λι-

196 4832 462 4904 χνοτέρας
486 4831 664 4902 ψυχὰς
683 4832 774 4883 ἐπὶ
804 4830 865 4883 τὸ
889 4829 1181 4898 ἄγκιστρον
1210 4826 1307 4898 τῆς
1328 4824 1600 4887 ἀπωλείας
1624 4822 1780 4891 ἐφέλ-

196 4938 378 4979 κεται.
423 4924 677 4979 Μάλιστα
723 4922 780 4976 δέ
826 4939 942 4985 πως
984 4919 1075 4973 διὰ
1114 4919 1213 4989 τῆς
1241 4916 1540 4972 ἀκολάστου
1585 4914 1781 4985 ἡδονῆς

197 5016 529 5084 ἀφυλάκτως
556 5017 590 5085 ἡ
642 5012 801 5081 φύσις
826 5012 962 5083 πρὸς
997 5010 1059 5065 τδ
1087 5009 1254 5065 κακὸν
1290 5008 1681 5079 παρασύρεται.
1714 5006 1779 5057 Ὃ

197 5104 264 5174 δὴ
291 5104 385 5157 καὶ
400 5101 521 5155 τότε
554 5101 792 5169 ἐγένετο.
814 5101 876 5153 Οἱ
906 5096 1015 5170 γὰρ
1047 5096 1154 5151 τῶν
1175 5095 1352 5149 ὃπλων
1383 5090 1780 5165 ὑπερισχύσαν-

197 5214 312 5262 τες,
340 5197 435 5250 καὶ
464 5196 647 5248 πᾶσαν
670 5193 767 5262 τὴν
792 5193 855 5244 ὲκ
878 5189 1096 5261 σιδήρου
1137 5184 1436 5257 προσϐολὴν
1462 5180 1778 5236 ἀσθενεστέ-

202 5304 304 5357 ραν
333 5286 429 5356 τῆς
459 5285 594 5348 ἰδίας
630 5282 909 5351 δυνάμεως
942 5277 1242 5342 δείξαντες,
1274 5275 1368 5329 καὶ
1403 5271 1544 5327 κατὰ
1583 5270 1781 5341 κράτος

198 5376 299 5447 τὴν
344 5374 605 5444 φάλαγγα
654 5370 762 5424 τῶν
818 5365 1205 5436 ἀντικειμένων
1247 5362 1612 5434 τρεψάμενοι,
1664 5360 1776 5422 τοῖς

282 5544 330 5578 ⁸⁸
351 5558 517 5613 Num.
550 5566 689 5615 nn,
725 5548 814 5601 28.
890 5547 934 5579 ⁸⁸
962 5545 1125 5601 Marc.
1160 5561 1209 5610 v,
1248 5543 1279 5598 9
1312 5558 1431 5612 sqq.

1510 5541 1552 5572 ⁸⁸⁷
1585 5539 1690 5593 'l'it.
1733 5554 1791 5602 ιι,
1817 5536 1869 5591 8.
1949 5537 1994 5570 ⁸⁸
2022 5536 2180 5589 Num.
2211 5548 2355 5596 utv,
2393 5533 2412 5585 l
2446 5546 2567 5601 sqq.

1880 4541 2057 4596 forma
2088 4537 2333 4609 percussi
2377 4536 2717 4591 ceciderunt:
2753 4536 2825 4589 ita
2860 4536 2951 4604 qui
2986 4536 3130 4591 viros
3176 4535 3443 4600 vicerunt,

1879 4648 1910 4687 a
1947 4632 2271 4685 mulieribus
2322 4631 2735 4699 pervincuntur.
2770 4624 2905 4679 Nam
2937 4626 3100 4680 simul
3127 4635 3289 4694 atque
3324 4642 3445 4679 mu-

1879 4704 2048 4777 lieres
2072 4729 2469 4792 apparuerunt,
2502 4718 2741 4772 formosa
2765 4731 2865 4784 pro
2895 4715 3022 4770 telis
3044 4730 3269 4785 corpora
3308 4716 3447 4784 obji-

1879 4813 2111 4876 cientes,
2174 4811 2518 4865 fortitudinis
2557 4809 2739 4863 statim
2788 4807 2978 4867 obliti.
3029 4806 3093 4859 ad
3144 4807 3445 4876 voluptates

1882 4904 2121 4959 devoluti
2178 4910 2322 4956 sunt.
2387 4901 2485 4955 llic
2532 4901 2597 4954 ad
2657 4898 2926 4954 nefandas
2958 4897 3213 4953 libidines
3262 4898 3448 4967 lapsus

1880 4994 2133 5049 hostibus
2173 4992 2390 5057 Iudaeos
2429 4992 2614 5045 divino
2650 4990 2888 5060 privatos
2927 4988 3229 5059 patrocinio
3273 4987 3445 5040 truci-

1882 5086 2090 5140 dandos
2112 5083 2464 5154 prodidisset,
2496 5083 2599 5137 nisi
2634 5083 2841 5138 zclator
2863 5079 3096 5135 Phinees
3118 5079 3313 5133 ardore
3346 5093 3447 5134 suo

1885 5174 2125 5229 divinam
2158 5174 2482 5228 sententiam
2514 5173 2867 5243 praevenisset
2901 5173 2944 5204 '9
2983 5190 2995 5224 :
3040 5186 3160 5224 nam
3193 5179 3245 5224 et
3280 5171 3446 5241 juch

1887 5274 1941 5320 et
1990 5261 2235 5319 carnifex
2279 5261 2398 5331 ipse
2455 5261 2635 5318 factus
2679 5270 2782 5329 est,
2831 5262 3267 5331 sacerdotaliquc
3315 5275 3447 5318 usus

1882 5356 2087 5417 ollicio,
2140 5352 2405 5421 sanguine
2448 5360 2730 5422 peccatum
2788 5354 3039 5424 purgavit
3089 5372 3103 5408 :
3146 5353 3446 5424 sanguine,

2646 5529 2691 5561 ⁸⁹
2712 5526 2871 5581 Num.
2917 5543 3046 5592 xxv,
3087 5528 3140 5585 7.
