3800 5980
364 188 471 243 ιὶὅ

1608 180 1664 233 S.
1710 174 2038 233 GREGORII
2082 176 2375 233 NYSSLNI

3525 183 3634 235 424

362 302 611 371 inquam,
657 296 911 354 animalis
942 310 1052 352 non
1097 293 1329 361 innoxii,
1360 292 1457 349 sed
1488 308 1678 349 eorum
1721 294 1813 362 qui
1860 307 1947 346 ne-

2137 293 2379 356 ιαικείοις
2414 292 2591 363 βέλεσι
2618 294 2684 347 δι’
2704 262 2897 365 ἡδονῆς
2926 290 3369 365 κατετρώθησαν·
3401 296 3497 349 καὶ
3525 297 3636 351 τῶν

364 391 531 447 fando
575 390 805 445 crimine
869 394 1271 451 convenerunt,
1312 401 1545 457 quorum
1601 394 1658 440 et
1710 399 1941 455 corpora

364 499 477 538 uno
508 485 620 537 ictu
656 481 934 546 transﬁxa,
986 490 1040 536 et
1077 481 1326 549 voluptas
1363 484 1540 532 morte
1582 475 1813 544 confusa
1863 476 1944 530 di-

363 576 547 630 vinam
584 575 720 628 iram
759 573 1101 644 mitigarunt.
1138 571 1252 626 llac
1295 585 1354 625 re
1382 569 1626 624 salutare
1668 565 1942 637 quoddam

364 668 656 723 consilium
690 666 915 720 historia
943 665 1185 736 prazbere
1207 663 1443 726 videtur;
1468 675 1594 715 nam
1625 674 1750 714 cum
1786 657 1944 711 multi

365 759 476 814 sint
520 756 693 811 morbi
729 764 783 811 et
816 755 1167 826 aegritudines
1207 753 1398 817 animi,
1448 752 1648 821 quibus
1696 749 1944 803 homines

363 851 673 921 capiuntur,
717 849 853 903 nihil
905 856 1111 903 tantam
1139 846 1195 900 in
1241 861 1342 900 nos
1373 845 1482 898 vim
1520 843 1722 898 habere
1755 851 1944 895 osten-

363 943 463 1009 dit,
510 948 769 1011 quantam
803 940 1162 1010 spurcissima
1194 938 1309 992 hanc
1335 937 1525 991 libido.
1558 933 1692 988 Nam
1724 933 1769 990 si
1798 935 1945 987 viros

364 1033 510 1097 illos,
537 1033 630 1098 qui
660 1031 1047 1103 IEgyptiorum
1072 1030 1373 1100 equitatum
1399 1026 1663 1082 divinitus
1686 1025 1812 1080 tecti
1836 1040 1945 1079 non

362 1124 705 1186 timuerunt,
759 1123 853 1192 qui
902 1122 1235 1176 Amalecitas
1276 1119 1570 1183 fuderunt,
1616 1125 1685 1181 et,
1732 1116 1942 1170 nationi

367 1231 489 1286 qua!
522 1224 643 1285 post
674 1216 827 1285 ipsos
870 1215 1113 1268 occurrit
1142 1211 1516 1267 formidabiles
1548 1215 1944 1280 apparuerunt,

364 1311 458 1377 qui
505 1307 751 1376 ipsorum
785 1304 1205 1359 Madianitarum
1248 1303 1492 1373 legiones
1543 1300 1825 1371 fugarunt,
1871 1298 1948 1353 si-

362 1398 477 1451 mul
525 1413 590 1451 ac
639 1398 768 1452 visae
824 1408 954 1451 sunt
1003 1393 1621 1463 mulieres,voluptatis
1672 1391 1946 1461 mancipia

364 1487 539 1542 factus
582 1489 801 1548 asserit,
838 1486 970 1557 quid
1006 1487 1153 1540 aliud
1193 1486 1321 1539 hinc
1356 1500 1459 1538 nos
1503 1483 1748 1546 instruit,
1783 1496 1945 1552 quam

373 1579 705 1645 voluptatem
743 1576 885 1630 hanc
912 1574 1070 1630 valde
1100 1573 1398 1628 cavendam
1429 1587 1573 1636 esse,
1620 1586 1741 1641 qum
1763 1570 1947 1623 titilla-

2048 384 2147 454 μὲν
2177 383 2387 454 ἀνδρῶν
2417 384 2718 456 κρείττους,
2752 385 2861 439 τῶν
2880 386 2942 441 δὲ
2974 386 3253 455 γυναικῶν
3284 389 3481 458 ἥττους
3510 390 3636 458 ἐγέ-

2044 491 2214 528 νοντο.
2263 475 2429 546 Ὁμοῦ
2473 493 2532 529 τε
2565 477 2673 548 γὰρ
2715 476 2976 549 ὤφθησαν
3017 478 3200 542 αὐτοῖς
3245 481 3302 534 αἱ
3350 484 3634 547 γυναῖκες,

2045 569 2165 622 ἀντὶ
2196 569 2375 623 ὅπλων
2414 571 2512 635 τὰς
2556 572 2771 643 μορφάς
2817 572 3274 643 προϐαλλόμεναι,
3318 575 3411 627 καὶ
3454 592 3639 644 παραυ

2045 662 2231 731 χρῆμα
2273 661 2367 715 τοῦ
2398 662 2554 715 τόνου
2584 663 2685 733 τῆς
2710 664 2964 736 ἀνδρείας
2991 664 3161 736 λήθην
3185 664 3515 735 ἐλάμϐανον,
3544 665 3639 720 τὸν

2047 752 2220 824 Θυμὸν
2276 756 2355 819 είς
2395 755 2586 826 ἡδονὴν
2631 755 2999 820 διαλύσαντες.
3031 758 3142 810 Καὶ
3179 758 3228 811 oi
3263 758 3362 829 μὲν
3394 754 3538 830 ἦσαν
3577 761 3640 813 ἐν

2045 846 2275 911 τούτοις,
2302 850 2361 901 ἐν
2382 842 2464 912 οἷς
2498 849 2646 912 εἰκὸς
2681 844 2821 904 εἶναι
2844 851 2970 913 τοὺς
3004 852 3068 921 τῇ
3099 850 3324 921 ἀθέσμῳ
3351 849 3494 920 μίξει
3524 850 3640 904 τῶν

2046 937 2358 1008 ἀλλοφύλων
2387 937 2878 1009 ἐπιλυσσήσαντας.
2916 939 2978 991 Ἦ
3008 938 3064 991 δὲ
3095 938 3234 1009 πρὸς
3263 938 3325 991 τὸ
3356 939 3526 992 κακὸν
3559 940 3642 993 οί-

2047 1028 2287 1100 κειὸτης,
2322 1029 2421 1101 τῆς
2445 1029 2539 1083 τοῦ
2574 1029 2781 1099 ἀγαθοῦ
2814 1029 3134 1101 συμμαχίας
3157 1030 3514 1102 ἀλλοτρίωσις
3542 1026 3641 1102 ἦν·

2047 1122 2207 1186 εὐθὺς
2255 1122 2365 1194 γὰρ
2410 1124 2592 1184 αὐτοῖς
2628 1123 3009 1194 ἐξεπολεμώθη
3052 1124 3113 1177 τὸ
3151 1125 3337 1188 Θεῖον,
3388 1124 3505 1179 ἀλλ’
3535 1127 3641 1179 οὐκ

2046 1210 2326 1281 ἀνέμεινεν
2351 1214 2380 1265 ὁ
2405 1210 2651 1283 ζηλωτὴς
2676 1213 2860 1276 Φινεὲς
2901 1216 2964 1284 τῇ
2994 1213 3201 1267 ἀνωθεν
3233 1214 3401 1286 ψήφῳ
3427 1216 3639 1287 καθαρ-

2048 1301 2205 1370 θῆναι
2228 1301 2326 1373 τὴν
2348 1303 2642 1372 ἀμαρτίαν’
2671 1302 2784 1356 ἀλλ’
2807 1304 2969 1367 αὐτὸς
2986 1305 3202 1372 ἐγένετο
3225 1305 3487 1376 δικαστὴς
3517 1305 3642 1375 ἅμα

2048 1393 2142 1445 καὶ
2168 1392 2377 1463 δήμιος.
2408 1392 2664 1463 Κινηθεὶς
2691 1394 2801 1466 γὰρ
2832 1395 2911 1458 είς
2934 1397 3035 1465 τὴν
3068 1393 3211 1449 κατά
3236 1394 3345 1448 τῶν
3368 1395 3641 1467 λελυσση-

2048 1485 2219 1537 κότων
2242 1484 2432 1555 ὀργὴν,
2456 1484 2517 1537 τὸ
2537 1484 2630 1537 τοῦ
2660 1485 2851 1556 ἱερέως
2874 1485 3032 1555 ἔργον
3067 1485 3410 1557 ἐπλήρωσεν,
3440 1486 3638 1555 αἵματι

2048 1575 2349 1646 καθαρίσας
2375 1575 2469 1646 τὴν
2511 1576 2808 1648 ἁμαρτίαν,
2845 1577 3036 1647 αἵματι
3068 1578 3170 1630 οὐκ
3208 1577 3453 1631 ἀναιτίου
3482 1578 3639 1642 τινὸς

367 1670 618 1724 tionibus
670 1670 787 1726 suis
817 1670 960 1723 viros
986 1669 1155 1724 armis
1182 1667 1417 1722 invictus
1454 1664 1750 1735 superavit,
1770 1661 1946 1733 quod-

2137 1632 2222 1730 QUI,
2270 1665 2360 1719 τοῦ
2413 1632 2579 1737 μηδὲν
2626 1632 3022 1738 μετεσχηκότος
3066 1668 3157 1721 τοῦ
3204 1668 3303 1737 τῆς
3338 1632 3638 1731 ἀκολασίας

362 1777 470 1831 que
514 1761 891 1829 impudentius
917 1769 1022 1823 est,
1061 1760 1239 1829 palam
1271 1758 1355 1830 agi
1399 1756 1792 1826 turpitudinem
1822 1770 1947 1825 per-

365 1852 584 1908 suasit?
608 1853 679 1906 ita
706 1852 956 1907 bestialis
978 1851 1042 1905 ad
1068 1851 1348 1904 libidinem
1374 1849 1609 1917 impetus
1630 1846 1684 1900 in
1709 1846 1946 1916 pecudes

363 1946 613 2001 homines
659 1945 842 1999 vertit.
907 1941 1044 1996 Nam
1098 1944 1353 1996 humanae
1412 1940 1748 1994 conditionis
1791 1938 1948 1993 obliti
1996 1936 2011 1947 '

364 2036 604 2105 penitus,
649 2050 759 2088 non
788 2033 950 2087 modo
981 2046 1080 2087 sua
1125 2032 1359 2085 crimina
1391 2045 1502 2084 non
1538 2029 1818 2092 celabant,
1853 2044 1948 2083 ve-

362 2143 484 2183 rum
524 2126 687 2182 etiam
726 2140 1017 2195 porcorum
1065 2139 1236 2186 more,
1276 2125 1417 2178 alter
1437 2124 1490 2177 in
1517 2121 1745 2177 alterius
1773 2120 1947 2177 oculis

365 2221 545 2292 palam
600 2218 860 2274 sordibus
895 2217 1136 2272 devoluti
1189 2215 1528 2286 turpitudine
1556 2222 1613 2270 et
1643 2213 1947 2269 sceleribus

365 2312 763 2383 gloriabantur.
817 2309 998 2375 Quare
1041 2319 1229 2379 aperte
1278 2323 1378 2363 nos
1421 2315 1609 2362 monet
1676 2305 1943 2369 historia,

364 2403 556 2475 procul
583 2417 611 2455 a
640 2412 747 2457 tam
773 2401 1002 2456 terribili
1032 2400 1208 2455 bestia
1237 2400 1396 2453 nobis
1417 2414 1542 2454 esse
1564 2397 1944 2459 habitandum,

364 2509 435 2549 ne
480 2494 706 2548 morbus
758 2506 911 2546 more
961 2491 1107 2561 ignis
1157 2496 1379 2561 propter
1416 2488 1757 2543 vicinitatem
1790 2486 1947 2540 ﬂatu-

365 2601 508 2639 mam
541 2585 607 2639 ad
640 2598 741 2638 nos
791 2599 965 2653 usque
999 2583 1336 2636 transmittat
1373 2600 1385 2635 :
1419 2579 1565 2650 quod
1607 2587 1661 2634 et
1689 2579 1948 2634 Salomon

365 2676 429 2729 iii
465 2674 746 2744 Sapientia
801 2672 964 2728 docet
992 2673 1061 2718 ’σε
1112 2670 1233 2725 Non
1269 2668 1648 2739 attingendum
1692 2683 1815 2724 esse
1857 2683 1949 2722 ar-

2051 1756 2387 1826 μιάσματος,
2414 1756 2549 1810 ἀλλὰ
2577 1757 2686 1811 τῶν
2708 1758 2765 1811 ἐν
2789 1757 2959 1830 κακίᾳ
2990 1759 3438 1829 συνεζευγμένων
3466 1760 3639 1831 άλλη-

2046 1847 2179 1913 λοις·
2214 1851 2300 1918 ἐφ’
2332 1842 2406 1903 ὧν
2445 1850 2478 1919 ἠ
2512 1849 2684 1920 αἰχμὴ
2722 1852 2843 1904 κατ’
2869 1850 3050 1903 αὐτῶν
3082 1849 3190 1904 τῶν
3233 1850 3327 1904 δύο
3363 1843 3639 1921 σωμάτων

2045 1937 2389 2005 διεξελθοῦσα
2415 1941 2761 2010 κατεπράϋνε
2788 1940 2889 2010 τὴν
2922 1939 3022 2011 τῆς
3056 1939 3204 2003 θείας
3222 1939 3377 2010 δίκης
3399 1940 3638 2010 κίνησιν,

2047 2030 2128 2101 τῷ
2168 2030 2383 2101 θανάτῳ
2422 2030 2532 2085 τῶν
2570 2031 2968 2102 ἡμαρτηκότων
3011 2031 3112 2101 τὴν
3163 2030 3355 2102 ἡδονὴν
3402 2031 3642 2101 καταμί-

2050 2121 2208 2186 ξασα.
2246 2124 2405 2175 Δοκεῖ
2429 2122 2486 2175 δέ
2527 2138 2616 2193 μοι
2648 2122 2961 2193 συμϐουλήν
2990 2140 3115 2177 τινα
3138 2123 3434 2194 ψυχωφελῆ
3466 2141 3642 2178 κατα·
3682 2176 3691 2183 ε

2048 2211 2290 2266 τίθεσθαι
2325 2215 2439 2276 τοῖς
2478 2212 2786 2284 ἀνθρώποις
2827 2215 2860 2285 ἡ
2905 2214 3149 2283 ἱστορία,
3188 2215 3255 2268 δι’
3289 2210 3357 2286 ἧς
3388 2215 3642 2270 διδασκόο

2053 2304 2210 2375 μεθα,
2239 2306 2321 2358 ὅτι
2351 2303 2558 2357 πολλῶν
2580 2305 2748 2358 ὄντων
2776 2305 2986 2368 παθῶν,
3010 2305 3046 2359 ἀ
3065 2307 3190 2369 τοὺς
3212 2305 3508 2377 λογισμοὺς
3530 2307 3641 2361 τῶν

2048 2395 2351 2468 ἀνθρώπων
2376 2397 2828 2465 καταγωνίζεται,
2858 2399 3114 2470 οὐδεμίαν
3140 2399 3260 2451 καθ’
3296 2399 3456 2469 ἡμῶν
3483 2400 3643 2470 ἰσχὺν

2048 2486 2235 2556 ἕτερον
2263 2486 2434 2549 πάθος
2477 2487 2591 2556 εχει
2619 2488 2910 2557 τοσαύτην,
2953 2489 3030 2550 ὡς
3056 2489 3193 2561 πρὸς
3223 2488 3321 2559 τὴν
3354 2489 3508 2541 νόσον
3539 2490 3643 2559 τῆς

2050 2579 2244 2650 ἡδονῆς
2321 2576 2684 2643 ἐξισάζεσθαι.
2710 2580 2782 2632 Τὸ
2794 2580 2903 2652 γὰρ
2922 2579 3131 2652 ἀθρόως
3148 2581 3273 2644 τοὺς
3302 2580 3645 2651 Ἰσραηλίτας

2047 2669 2309 2734 ἐκείνους,
2340 2670 2467 2733 τοὺς
2515 2670 2741 2740 καὶτῆς
2783 2672 3087 2739 Αἰγυπτίας
3134 2672 3303 2726 ἵππου
3354 2671 3643 2741 κρείττους

367 2765 589 2821 dentem
621 2764 916 2820 carbonem
959 2762 1109 2817 nudo
1143 2761 1299 2832 pede,
1330 2775 1508 2831 neque
1534 2760 1711 2830 ignem
1740 2759 1794 2813 in
1825 2759 1947 2813 sinu

2137 2761 2484 2832 ιδειχθέντας,
2517 2763 2611 2815 καὶ
2645 2763 2749 2815 τῶν
2808 2763 3188 2834 Ἀμαληκιτῶν
3225 2764 3601 2835 ὑπερσχόντας
3622 2803 3641 2827 ,

367 2854 755 2925 deponendum
791 2872 804 2907 :
839 2852 997 2924 quasi
1043 2853 1096 2909 in
1127 2860 1318 2908 nostra
1360 2857 1625 2921 potestate
1653 2850 1818 2905 situm
1852 2848 1945 2912 sit,

2137 2872 2144 2905 ι
2189 2852 2265 2924 τῷ
2309 2855 2423 2925 μετ’
2460 2854 2658 2917 αὐτοὺς
2708 2854 2850 2907 ἔθνει
2904 2855 3166 2927 φοϐεροὺς
3213 2856 3496 2924 φανέντας,
3545 2855 3643 2907 καὶ

365 2954 427 2999 ιιι
458 2957 709 3015 expertes
759 2945 941 3000 omnis
973 2945 1099 2999 mali
1134 2945 1331 3005 simus,
1379 2941 1621 3013 quandiu
1657 2941 1727 2995 ab
1753 2956 1817 2995 ea
1866 2955 1944 3005 re,

2137 2947 2201 3001 τά
2250 2947 2422 3000 ταῦτα
2474 2951 2572 3019 τῆς
2610 2946 2717 3001 τῶν
2767 2948 3114 3002 Μαδιανιτῶν
3165 2947 3642 3018 ὑπερισχύσαντας

366 3052 489 3108 quae
525 3038 838 3092 incendium
884 3036 1109 3117 excitat,
1160 3036 1356 3090 remoti
1394 3035 1663 3090 fuerimus
1698 3051 1712 3087 :
1744 3032 1828 3089 sin
1886 3032 1947 3088 ad

2137 3038 2353 3107 λαγγος,
2394 3037 2633 3101 τούτους,
2669 3037 2803 3108 ὁμοῦ
2831 3040 2897 3109 τῇ
2932 3037 3029 3109 θέᾳ
3058 3037 3165 3092 τῶν
3199 3036 3510 3107 ἀλλοφύλων
3543 3054 3645 3105 γυ-

367 3130 518 3184 illam
563 3129 982 3192 accesserimus,
1036 3128 1117 3183 sic
1161 3134 1221 3181 ut
1268 3128 1469 3181 ardens
1511 3127 1604 3181 ille
1651 3126 1804 3193 calor
1851 3140 1947 3181 nos

2137 3128 2258 3183 ,κῶν
2299 3127 2770 3199 καταδουλωθῆναι
2807 3131 2875 3201 τῇ
2907 3129 3065 3200 νόσῳ·
3107 3129 3257 3183 οὐδὲν
3295 3124 3504 3200 ἕτερον,
3540 3147 3644 3182 κα-

369 3221 625 3290 attiugat,
659 3226 775 3274 tum
812 3220 994 3275 sinum
1044 3226 1295 3274 nostrum
1348 3216 1666 3289 cupiditatis
1698 3216 1839 3288 ignis
1870 3217 1947 3271 in-

2137 3234 2161 3280 ς
2194 3215 2444 3287 εἴρηται,
2474 3216 2766 3281 δείκνυσιν,
2813 3218 2847 3288 ἢ
2880 3217 2941 3271 τὸ
2977 3218 3251 3290 δύσμαχόν
3276 3236 3338 3271 τε
3365 3214 3502 3272 εἶναι
3542 3218 3644 3271 καὶ

368 3311 547 3373 vadet,
582 3319 747 3380 atque
783 3311 855 3365 ita
886 3309 1148 3380 deinceps
1178 3309 1413 3372 eveniet,
1443 3314 1503 3361 ut
1525 3316 1578 3361 et
1606 3322 1702 3377 pes
1737 3315 1947 3373 uratur,

2137 3307 2552 3376 τανταγώνιστον
2579 3308 2836 3379 πολέμιον
2865 3309 3024 3380 ἡμῶν
3047 3309 3144 3381 τὴν
3174 3309 3385 3381 ἡδονήν.
3425 3309 3495 3361 Ἦ
3529 3308 3642 3362 τῶν

368 3409 423 3455 et
459 3402 603 3457 sinu)
644 3411 838 3458 nostro
886 3412 1035 3456 certa
1078 3400 1352 3471 pernicies
1393 3397 1671 3453 alIeratur.

2137 3399 2331 3470 ττήτων
2371 3401 2484 3462 τοῖς
2516 3400 2698 3463 ὅπλοις
2730 3399 2866 3471 ὁμοῦ
2902 3401 2980 3471 τῷ
3009 3401 3241 3470 φανῆναι
3290 3402 3643 3472 κατακρατή-

368 3510 528 3560 σασα,
574 3495 637 3550 τδ
663 3496 766 3567 τῆς
807 3496 1033 3566 ἀτιμίας
1067 3496 1259 3565 ἤγειρε
1303 3496 1425 3548 κατ’
1460 3493 1642 3548 αὐτῶν
1672 3494 1953 3566 τρόπαιον,
1977 3490 2084 3545 ὑπὸ
2133 3496 2372 3566 μάρτυρι
2423 3494 2502 3566 τῷ
2556 3497 2699 3564 φωτὶ
2749 3495 2848 3567 τὴν
2893 3496 3153 3567 αἰσχύνην
3218 3496 3394 3552 αὐτῶν
3455 3495 3645 3568 στηλι-

365 3585 621 3643 τεύσασα.
663 3590 842 3661 Βοσκή
853 3607 999 3660 ματα
1027 3589 1135 3659 γὰρ
1162 3588 1230 3641 δι’
1260 3588 1456 3659 ἑαυτῆς
1480 3589 1606 3652 τοὺς
1633 3586 1956 3659 ἀνθρώπους
1985 3586 2289 3654 ἀπέδειξεν,
2318 3588 2413 3651 οὒς
2441 3591 2472 3660 ἡ
2504 3589 2783 3661 κτηνὼδης
2813 3590 2907 3643 καὶ
2944 3589 3134 3657 ἄλογος
3196 3589 3332 3662 πρὸς
3358 3591 3457 3663 τὴν
3511 3593 3642 3645 ἀκο-

366 3679 556 3735 λασίαν
612 3683 755 3754 ὁρμὴ
801 3679 1126 3736 ἐκλαθέσθαι
1168 3682 1267 3744 τῆς
1316 3680 1665 3751 ἀνθρωπίνης
1706 3681 1963 3734 ἀνέπεισε
2009 3681 2243 3750 φύσεως·
2278 3681 2398 3752 μηδ’
2424 3681 2927 3759 ἐπικρυπτομένους
2950 3682 3010 3735 τὸ
3037 3681 3190 3751 ἄγος,
3252 3684 3369 3738 ἀλλ’
3421 3686 3643 3756 ἐμπομ-

367 3774 629 3839 πεύοντας
659 3777 726 3847 τῇ
772 3773 966 3844 ἀτιμίᾳ
997 3771 1092 3826 τοῦ
1127 3772 1354 3836 πάθους,
1389 3773 1484 3825 καὶ
1543 3771 2120 3841 ἐγκαλλωπιζομένους
2184 3771 2262 3843 τῷ
2303 3775 2401 3844 τῆς
2459 3773 2723 3844 αἰσχύνης
2779 3773 3069 3844 μιάσματι,
3118 3775 3261 3829 συῶν
3308 3777 3465 3849 δίκην
3503 3780 3642 3834 ἀνα-

368 3871 561 3941 φανδδν
603 3872 660 3923 ἐν
711 3871 830 3931 ταῖς
876 3869 1117 3939 ἀλλήλων
1147 3867 1300 3937 ὄψεσι
1347 3866 1426 3938 τῷ
1462 3868 1559 3939 τῆς
1602 3867 1942 3938 ἀκαθαρσίας
1977 3867 2222 3939 βορϐόρῳ
2269 3868 2799 3938 ἐγκαλινδουμένους.
2860 3869 2926 3921 Τί
2951 3867 3043 3924 οὖν
3070 3870 3147 3940 τῷ
3169 3870 3468 3942 διηγήματι
3512 3891 3643 3926 παι-

296 4042 301 4048 .
367 3964 668 4035 δευόμεθα;
742 3963 801 4016 τὸ
856 3962 1125 4033 μαθόντας
1174 3965 1321 4033 ἡμᾶς
1367 3963 1500 4033 ὅσην
1554 3963 1705 4033 ἰσχὺν
1766 3963 1904 4033 πρὸς
1947 3962 2008 4015 τὸ
2059 3962 2401 4033 κακὸνήτῆς
2426 3963 2620 4034 ἡδονῆς
2643 3962 2754 4033 ἔχει
2775 3964 2948 4027 νόσος,
2980 3964 3055 4027 ῶς
3076 3965 3158 4018 ὅτι
3191 3964 3422 4034 μάλιστα
3450 3966 3642 4038 πόρρω

366 4056 462 4109 τοῦ
499 4054 738 4108 τοιούτου
786 4053 1174 4123 γειτονήματος
1217 4054 1308 4105 τὸν
1352 4051 1562 4105 ἑαυτῶν
1614 4050 1921 4114 ἀποικίζειν
1978 4051 2125 4121 βίον·
2179 4052 2254 4115 ὡς
2296 4051 2475 4124 ἃν·μή
2534 4069 2656 4106 τινα
2694 4053 2925 4124 πάροδον
2957 4055 3077 4107 καθ’
3113 4055 3268 4126 ἡμῶν
3298 4056 3497 4129 λάόῃή
3551 4057 3642 4111 νό-

371 4166 481 4212 σος,
521 4142 629 4200 οἴόν
648 4163 702 4199 τι
737 4143 848 4215 πῦρ
876 4145 963 4198 διὰ
989 4145 1082 4197 τοῦ
1112 4143 1517 4215 προσεγγισμοῦ
1547 4142 1645 4215 τὴν
1672 4144 1913 4214 πονηρὰν
1956 4143 2128 4214 φλόγα
2171 4145 2662 4217 κατεργαζόμενον.
2704 4145 2875 4219 Τοῦτο
2925 4147 3031 4217 γὰρ
3063 4146 3300 4202 διδάσκει
3354 4147 3529 4212 λέγων
3581 4149 3642 4201 ἐν

369 4240 435 4310 τῇ
458 4238 630 4309 Σοφία
678 4236 970 4309 Σολομὼν,’
1002 4237 1075 4306 μὴ
1107 4235 1392 4305 ἐπιψαύειν
1438 4234 1531 4291 τοῦ
1580 4233 1850 4304 ἄνθρακος
1918 4235 2106 4306 γυμνῷ
2161 4236 2241 4306 τῷ
2270 4235 2409 4301 ποδὶ,
2454 4239 2589 4307 μήτε
2619 4235 2676 4290 δὲ
2705 4236 2816 4307 πῦρ
2840 4235 2916 4307 τῷ
2965 4237 3150 4309 κόλπῳ
3203 4238 3638 4292 ἐναποτίθεσθαι·

302 4402 311 4405 Α
370 4328 445 4392 ὼς
479 4332 535 4382 ἐν
561 4331 691 4399 ἡμῖν
728 4327 787 4382 ὃν
828 4330 885 4381 ἐν
923 4328 1161 4399 ἀπαθείᾳ
1192 4328 1391 4398 μένειν,
1430 4328 1535 4390 ἕως
1568 4329 1633 4381 ἂν
1671 4325 1953 4396 πόρρωθεν
1995 4322 2147 4397 ὦμεν
2205 4328 2296 4382 τοῦ
2359 4329 2772 4393 ὑπεκκαίοντος’
2812 4331 2857 4383 εί
2886 4329 2941 4383 δὲ
2974 4332 3093 4383 κατ’
3148 4333 3280 4384 αὐτὸ
3322 4332 3639 4402 γενοίμεθα,

370 4422 445 4485 ὡς
493 4419 788 4489 ἐπιψαῦσαι
834 4419 934 4489 τῆς
983 4419 1237 4481 διακαοῦς
1284 4418 1486 4489 ταύτης
1542 4417 1904 4489 θερμότητος,
1964 4420 2250 4489 ἐγκόλπιον
2299 4420 2359 4475 τὸ
2404 4419 2515 4493 πῦρ
2553 4421 2652 4490 τῆς
2686 4419 2978 4492 ἐπιθυμίας
3012 4422 3319 4494 γενήσεται,
3348 4424 3440 4478 καὶ
3466 4423 3641 4489 οὕτως

372 4511 795 4581 ἐπακολουθήσει
820 4511 914 4564 καὶ
939 4511 1017 4580 τῷ
1044 4511 1165 4564 ποδὶ
1192 4513 1224 4581 ἡ
1258 4509 1472 4572 καῦσις,
1505 4509 1596 4561 καὶ
1626 4509 1659 4578 ἡ
1690 4507 1955 4580 διαφθορὰ
1985 4510 2062 4582 τῷ
2087 4512 2292 4583 κόλπῳ.

445 4604 502 4657 1η
539 4600 831 4671 Evangelio
876 4618 1093 4672 quoque
1124 4601 1409 4666 Dominus,
1466 4609 1526 4654 ut
1560 4602 1719 4671 longe
1746 4600 1814 4654 ab
1849 4600 1950 4656 hac
1984 4609 2026 4661 ι)

373 4711 474 4751 nos
516 4700 669 4763 peste
720 4692 1037 4758 abduceret,
1096 4691 1448 4760 cupiditatem
1484 4692 1681 4761 ipsam,
1719 4706 1839 4761 quae
1868 4691 1951 4745 vi-

373 4788 552 4843 dendo
614 4787 855 4854 irrepere
908 4786 1089 4848 solet,
1150 4783 1305 4854 quasi
1358 4783 1597 4838 radicem
1656 4784 1953 4854 voluptatis

371 4880 595 4940 evulsit,
643 4878 941 4933 ostendens
1001 4891 1108 4929 non
1159 4890 1283 4930 esse
1340 4873 1745 4945 suscipiendam
1799 4876 1954 4946 cupi-

373 4971 602 5031 ditatem
636 4971 779 5030 visu,
836 4985 954 5038 qum
982 4967 1047 5022 ad
1077 4974 1257 5022 actum
1305 4966 1481 5037 ipsum
1514 4966 1830 5036 planissima
1864 4968 1952 5022 via

372 5070 479 5117 est.
536 5059 672 5114 Nam
733 5059 1076 5130 perniciosus
1125 5057 1309 5113 omnis
1365 5058 1588 5114 morbus
1632 5059 1953 5129 pestilentiae

374 5170 548 5217 more,
605 5154 651 5207 si
702 5153 870 5208 semel
908 5150 1225 5222 principalia
1279 5152 1632 5220 occupaverit
1685 5156 1950 5217 membra,

377 5249 491 5302 sola
524 5253 700 5301 morte
722 5246 965 5299 sedatur.
1000 5242 1104 5300 Sed
1129 5245 1362 5315 longiori
1385 5247 1632 5301 oratione
1666 5260 1807 5315 opus
1830 5259 1952 5299 esse

376 5353 484 5390 non
532 5338 790 5399 arbitror,
828 5348 885 5389 ut
917 5338 1082 5390 vitam
1117 5336 1288 5409 Moysi
1335 5345 1506 5391 totam
1558 5337 1611 5391 in
1644 5336 1949 5406 exemplum

378 5423 595 5478 virtutis
642 5426 937 5481 lectoribus
980 5426 1292 5482 aderamus.
1327 5428 1456 5483 Nam
1489 5428 1533 5484 si
1566 5427 1691 5497 quis
1721 5426 1787 5481 ad
1820 5426 1950 5482 sub-

472 5605 515 5638 ”
534 5603 702 5661 Eculi.
735 5619 857 5671 Vill,
893 5606 977 5661 {5.

2137 4604 2224 4657 Ἐν
2268 4603 2323 4657 δὲ
2353 4603 2431 4675 τῷ
2470 4602 2785 4673 Εὑαγγελίῳ
2813 4605 2840 4656 ὁ
2869 4603 3074 4676 Κύριος
3119 4608 3183 4676 τῇ
3216 4605 3321 4678 ἰδίᾳ
3354 4612 3528 4679 φωνῇ,
3564 4608 3642 4674 ὡς

2057 4696 2121 4751 ἂν
2152 4696 2436 4768 πόρρωθεν
2480 4694 2889 4765 φυλαχθείημεν
2922 4694 3014 4748 τοῦ
3052 4695 3293 4750 τοιούτου
3324 4698 3517 4763 κακοῦ,
3549 4718 3643 4753 κα-

2055 4787 2231 4858 θάπερ
2259 4786 2379 4861 τινὰ
2410 4785 2563 4856 ῥίζαν
2593 4783 2687 4837 τοῦ
2729 4784 2933 4847 πάθους
2958 4784 3058 4856 τὴν
3090 4785 3177 4839 διὰ
3221 4786 3314 4839 τοῦ
3352 4787 3477 4840 ίδεῖν
3522 4790 3643 4842 ἐπι-

2055 4877 2254 4946 θυμίαν
2304 4875 2525 4945 ἐξέτεμε
2550 4916 2564 4941 ,
2594 4873 2883 4937 διδάσκων,
2923 4875 3004 4927 ὅτι
3051 4876 3079 4927 ὁ
3106 4878 3170 4945 τῇ
3213 4875 3332 4945 ὕψει
3375 4874 3436 4929 τὸ
3469 4878 3643 4942 πάθος

2056 4967 2527 5039 παραδεξάμενος,
2575 4965 2692 5019 ὁδὸν
2737 4965 2918 5018 δίδωσι
2965 4968 3084 5019 κατ’
3121 4965 3314 5020 ἐαυτοῦ
3364 4970 3430 5038 τῇ
3473 4969 3638 5038 νόσῳ.

2059 5059 2141 5111 Τὰ
2171 5056 2282 5128 γάρ
2314 5054 2526 5127 πονηρά
2550 5054 2658 5108 τῶν
2684 5053 3047 5125 παθημάτων,
3074 5054 3261 5125 λοιμοῦ
3290 5054 3463 5126 δίκην,
3493 5057 3644 5109 ἐπει-

2057 5149 2153 5203 δὰν
2173 5148 2318 5215 ἅπαξ
2337 5149 2444 5201 τῶν
2467 5149 2695 5219 καιρίων
2714 5148 3124 5220 κατακρατήσῃ,
3143 5146 3221 5217 τῷ
3236 5147 3449 5218 θανάτῳ
3470 5148 3645 5201 παύε-

2056 5259 2145 5295 ται
2211 5239 2374 5311 μόγῳ.
2433 5237 2572 5291 Ἀλλ’
2614 5237 2768 5290 οὐδὲν
2814 5234 2967 5308 οἶμαι
3017 5237 3213 5307 χρῆναι
3254 5237 3514 5308 μηκύνειν
3552 5239 3644 5292 τὸν

2056 5334 2235 5402 λόγον,
2286 5331 2464 5386 πάντα
2518 5329 2611 5383 τοῦ
2664 5327 2943 5392 Μωῦσέως
2994 5328 3085 5381 τὸν
3138 5327 3250 5398 βίον
3305 5330 3385 5391 είς
3443 5329 3642 5399 ἀρετῆς

2061 5425 2365 5496 ὑπόδειγμα
2411 5421 2762 5494 προτιθέντας
2800 5422 2913 5483 τοῖς
2968 5419 3377 5490 ἐντυγχάνουσι.
3413 5418 3505 5492 Τῷ
3535 5420 3643 5490 γὰρ
