3800 5980
255 142 365 197 495

1597 143 1690 198 DE
1731 141 1893 198 V’lTA
1925 143 2200 202 MOYSIS.

3391 165 3496 222 426

251 255 395 326 πρὸς
435 253 534 322 τὴν
577 257 909 331 ὑψηλοτέραν
943 259 1087 331 ζωὴν
1119 260 1311 314 ἐαυτὸν
1354 261 1713 325 ἀνατείναντι,
1772 277 1784 311 ι

1939 259 2203 316 limiorem
2255 263 2378 319 vitae
2412 266 2674 320 rationem
2723 269 2997 338 aspirarit,
3031 287 3140 328 nor.
3194 275 3391 350 exigua
3431 296 3497 334 ex

253 347 430 419 μικρά
460 349 658 416 γένοιτ’
708 351 774 404 ἂν
821 353 959 422 πρὸς
1001 353 1098 425 τὴν
1122 353 1299 424 ἀληθῆ
1345 354 1660 424 φιλοσοφίαν
1711 354 1834 425 ἐφό-

249 439 341 494 δια
378 440 445 494 τὰ
487 442 774 512 εἰρημένα.
823 443 914 513 Τῷ
959 443 1016 498 δὲ
1067 445 1480 516 μαλακιζομένῳ
1524 447 1659 517 πρὸς
1709 449 1833 511 τοὺς

234 530 392 601 ’ὑπὲρ
419 531 518 601 τῆς
555 533 756 603 ἀρετῆς
793 534 1057 605 ἱδρῶτας,
1101 536 1203 590 κᾶν
1235 537 1610 593 πολλαπλάσια
1645 542 1830 610 γραφῇ

247 620 358 684 τῶν
409 623 740 692 εἰρημένων,
785 625 936 678 οὐδὲν
996 627 1062 680 ἂν
1123 629 1186 681 ἐκ
1247 629 1338 682 τοῦ
1395 631 1559 683 πόνου
1623 632 1832 700 γένοιτο

247 711 465 780 ὄφελος.
500 713 648 770 Πλὴν
689 713 764 778 ὡς
794 715 860 769 ἂν
891 716 966 787 μὴ
996 717 1152 770 τοῦτο
1175 759 1188 782 ,
1221 721 1361 772 κατά
1410 721 1500 773 τὸν
1543 722 1828 792 προοιμίου

243 801 548 870 διορισμὸν,
582 804 719 876 λήθη
751 806 979 872 γένοιτο,
999 811 1057 861 ἐν
1079 803 1162 873 οἷς
1185 811 1314 880 ἡμῖν
1345 813 1374 863 ὁ
1392 810 1545 880 λόγος
1571 811 1832 885 διῖσχυρί-

246 891 684 960 ζεται,τοιοῦτον
737 891 873 950 εἶναι
923 898 1012 951 τὸν
1045 899 1247 953 τέλειον
1283 901 1394 970 βίον
1420 940 1435 964 ,
1475 896 1535 956 οὗ
1591 903 1830 974 μηδεμία

245 986 568 1051 περιγραφὴ
615 985 948 1055 τελειότητος
981 988 1176 1041 κωλύει
1209 990 1305 1061 τὴν
1339 993 1562 1061 πρόοδον
1591 1011 1601 1020 ·
1643 993 1754 1045 ἀλλ’
1794 997 1827 1066 ἡ

246 1070 385 1138 πρὸς
425 1071 488 1123 τὸ
523 1076 768 1143 κρεῖττον
803 1076 888 1128 ἀεὶ
917 1079 1180 1150 γινομένη
1234 1081 1326 1132 τοῦ
1360 1081 1472 1150 βίου
1504 1083 1824 1154 ἐπαύξησις,

243 1162 363 1224 ὁδός
401 1164 517 1216 ἐστι
567 1167 633 1235 τῇ
687 1166 830 1236 ψυχῇ
881 1169 1016 1238 πρὸς
1045 1170 1356 1241 τελείωσινο
1385 1174 1566 1239 καλῶς
1604 1175 1669 1228 ἂν
1716 1177 1826 1248 ἔχοι

244 1254 382 1324 πρὸς
413 1255 476 1308 τὸ
502 1256 674 1328 πέρας
695 1259 787 1311 τοῦ
811 1260 926 1329 βίου
954 1263 1193 1326 Μωσέως
1215 1264 1518 1332 ἀγαγόντας
1535 1267 1624 1319 τὸν
1647 1267 1822 1336 λόγον,

241 1347 462 1418 ἀσφαλῆ
484 1349 654 1429 δεῖξαι
674 1351 764 1402 τὸν
787 1352 1116 1408 ἀποδοθέντα
1137 1357 1265 1425 ἡμῖν
1293 1357 1415 1426 ὅρον
1437 1357 1538 1428 τῆς
1555 1358 1824 1429 τελειότη-

238 1451 352 1498 τος.
427 1437 486 1489 '0
531 1421 641 1508 γάρ
692 1440 778 1494 διὰ
809 1444 1077 1498 τοσούτων
1111 1447 1426 1500 ἀναϐάσεων
1458 1449 1606 1518 παρὰ
1648 1450 1822 1503 πάντα

239 1529 334 1581 τὸν
393 1529 508 1599 βίον
557 1531 894 1602 ὑψούμενος,
925 1535 1024 1587 οὐκ
1072 1536 1315 1607 ἠπόρησε
1355 1537 1608 1606 γενέσθαι
1661 1541 1822 1593 πάλιν

239 1616 440 1670 ἑαυτοῦ
471 1619 832 1691 ύφηλότεροςυ
863 1623 938 1684 ὡς
968 1622 1054 1686 ἂν,
1081 1620 1253 1695 οἶμαι,
1277 1625 1363 1679 διά
1396 1629 1632 1694 πάντων,
1663 1629 1819 1684 ἀετοῦ
1854 1604 1896 1657 Β
1923 1629 2118 1684 deatur
2165 1650 2177 1685 :

235 1704 421 1777 δίκην,
457 1708 765 1780 ὑπερνεφὴς
805 1712 966 1766 αὐτοῦ
1003 1713 1308 1787 θεωροῖτοὴ
1345 1716 1456 1790 ζωὴ
1497 1720 1590 1772 καὶ
1618 1722 1822 1789 μετέω-

238 1813 359 1867 ρος,
395 1801 526 1868 περὶ¹
573 1801 662 1854 τὸν
695 1802 890 1874 αἰθέρα
910 1805 1007 1874 τῆς
1039 1807 1234 1876 νοητῆς
1261 1808 1575 1872 ἀναϐάσεως
1611 1809 1819 1864 ἑλισσο-

240 1889 403 1958 μένη.
459 1889 707 1962 Ἐτέχθη,
755 1894 842 1946 ὅτε
877 1894 935 1948 τὸ
962 1896 1214 1966 τεχθῆναι
1257 1899 1504 1970 Ἐϐραῖον
1531 1900 1682 1971 παρὰ
1708 1905 1820 1966 τοῖς

236 1979 566 2046 Αἰγυπτίοις
587 1982 830 2052 ἀδίκημα
855 1984 1020 2050 ἔδοξε.
1043 1987 1147 2040 Τοῦ
1171 1988 1226 2040 δὲ
1249 1991 1510 2060 τυράννου
1533 1992 1650 2045 τότε
1670 1995 1818 2064 νόμῳ

233 2068 330 2121 τὸν
367 2069 628 2139 τεχθέντα
667 2073 1003 2142 κολάζοντος,
1037 2079 1300 2148 κρείττων
1329 2081 1536 2148 γίνεται
1567 2083 1660 2136 τοῦ
1689 2085 1818 2154 φθο-

235 2161 464 2230 ροποιοῦ
501 2164 690 2234 νόμου,
722 2167 1044 2237 περισωθεὶς
1073 2171 1138 2224 τὰ
1181 2173 1276 2241 μὲν
1319 2174 1509 2244 πρῶτα
1535 2177 1684 2247 παρὰ
1708 2177 1815 2232 τῶν

231 2254 680 2323 γεννησαμένων,
727 2257 862 2327 μετά
903 2259 1071 2314 ταῦτα
1103 2262 1159 2315 δὲ
1209 2267 1338 2334 παρ’
1380 2266 1556 2319 αὐτῶν
1589 2267 1697 2320 τῶν
1727 2286 1816 2322 τε-

224 2341 497 2396 θεικότων
545 2346 637 2398 τὸν
665 2347 844 2418 νόμον.
878 2349 982 2402 Καὶ
1016 2345 1095 2414 οἷς
1131 2354 1158 2404 ὁ
1204 2354 1429 2418 θάνατος
1477 2357 1640 2424 αὐτού
1667 2359 1814 2432 νόμῳ

232 2435 709 2507 κατεσπουδάσθη,
737 2433 881 2491 οὗτοι
916 2441 976 2492 οὐ
1005 2441 1106 2511 τῆς
1153 2442 1298 2514 ζωῆς
1333 2446 1511 2516 μόνον,
1537 2448 1672 2502 ἀλλὰ
1719 2453 1813 2504 xal.

229 2523 336 2592 τῆς
367 2525 659 2599 εὐδοκίμου
713 2525 860 2599 ζωῆς
904 2533 1081 2586 πᾶσαν
1107 2537 1490 2605 είσηνέγκαντο
1535 2542 1808 2612 πρόνοιαν,

222 2615 320 2667 διὰ
349 2618 534 2689 πάσης
555 2621 746 2689 σοφίας
771 2623 1068 2691 ἀγαγόντες
1091 2627 1182 2680 τὸν
1210 2629 1346 2682 νέον.
1365 2632 1644 2702 Κρείττων
1673 2636 1812 2704 μετὰ

221 2706 408 2760 ταῦτα
441 2709 649 2778 γίνεται
679 2712 778 2783 τῆς
811 2713 1155 2788 ἀνθρωπίνης
1183 2722 1366 2792 τιμῆς,
1400 2725 1488 2775 καὶ
1538 2727 1634 2796 τῆς
1667 2727 1812 2795 βασι-

229 2798 396 2870 λικῆς
419 2801 578 2866 ἀξίας
610 2803 928 2877 ὑπέρτερος,
959 2808 1308 2882 ἰσχυρότερον
1334 2814 1424 2866 καὶ
1457 2815 1807 2884 βασιλικώτε-

227 2908 328 2962 ρον
360 2893 577 2963 κρίνας,
611 2895 730 2948 ἀντὶ
764 2896 872 2948 τῶν
897 2899 1228 2972 δορυφόρων,
1264 2903 1357 2956 καὶ
1399 2906 1488 2958 τοῦ
1528 2907 1802 2976 βασιλικοῦ
1829 2924 1872 2980 C

223 2981 578 3055 κόσμου,τὴν
611 2986 710 3056 τῆς
733 2988 932 3058 ἀρετῆς
962 3007 1096 3060 φρου
1107 2993 1202 3062 ράν
1221 2993 1382 3064 ἔχειν,
1399 2997 1493 3050 καὶ
1515 2999 1590 3070 τῷ
1605 3003 1809 3072 ταύτης

224 3073 425 3145 κόσμῳ
455 3075 976 3147 ἐγκαλλωπίζεσθαι.
999 3083 1153 3136 Μετά
1183 3085 1340 3138 τοῦτο
1361 3090 1719 3158 περισώζεται
1748 3095 1808 3148 τὸ

213 3165 524 3234 ὁμόφυλον,
553 3166 646 3220 καὶ
693 3169 1017 3222 καταϐάλλει
1047 3175 1110 3242 τῇ
1152 3173 1327 3246 πληγῇ
1369 3179 1460 3230 τὸν
1485 3181 1803 3249 Αἰγύπτιονσ

221 3257 498 3311 νοούντων
531 3259 686 3328 ἡμῶν
723 3259 810 3312 διὰ
866 3261 962 3331 τῆς
995 3261 1347 3336 ἐξεταστικῆς
1380 3269 1608 3342 θεωρίας
1635 3275 1724 3326 τόν
1748 3293 1805 3327 τε

221 3347 424 3418 ἐχθρὸν
452 3349 550 3418 τῆς
593 3349 788 3420 ψυχῆς,
825 3353 915 3405 καὶ
966 3353 1055 3406 τὸν
1108 3357 1276 3423 φίλον.
1319 3356 1450 3413 Εἶτα
1493 3363 1806 3418 διδάσκαλον

223 3438 338 3490 τῶν
373 3437 597 3507 ὑψηλῶν
641 3441 974 3512 μαθημάτων
1017 3451 1247 3500 ποιεῖται
1289 3450 1387 3521 τὴν
1419 3454 1664 3523 ἡσυχίαν,
1712 3458 1805 3509 καὶ

218 3527 367 3580 οὕτω
417 3529 712 3596 φωτίζεται
754 3533 851 3602 τὴν
889 3535 1126 3591 διάνοιαν
1173 3538 1251 3608 τῷ
1299 3541 1435 3606 φωτὶ
1487 3542 1562 3612 τῷ
1602 3545 1664 3595 ἐκ
1702 3545 1802 3614 τῆς

222 3618 393 3689 βάτου
431 3611 806 3692 ἐκλάμψαντιο
839 3627 930 3678 καὶ
958 3627 1079 3680 τότε
1127 3631 1363 3701 σπουδὴν
1420 3637 1652 3688 ποιεῖται
1687 3655 1800 3689 κοι-

223 3711 467 3780 νωνῆσαι
505 3713 618 3774 τοῖς
647 3715 934 3783 ὁμοφύλοις
978 3717 1086 3770 τῶν
1125 3718 1307 3774 θεόθεν
1333 3723 1478 3792 αὐτῷ
1505 3728 1800 3796 γεγενημέ-

219 3818 330 3854 νων
365 3802 570 3855 καλῶν.
616 3805 702 3856 Ἐν
751 3805 958 3870 τούτοις
1000 3807 1188 3879 διπλῆν
1230 3812 1520 3882 ἐποιήσατο
1567 3815 1667 3884 τῆς
1713 3816 1800 3869 δυ-

216 3892 442 3963 νάμεως
478 3894 578 3964 τὴν
608 3895 883 3963 ἐπίδειξιν,
911 3899 1008 3970 τὴν
1055 3900 1152 3970 μὲν
1185 3902 1486 3976 ἁμυντικὴν
1520 3907 1658 3961 κατὰ
1690 3909 1796 3962 τῶν

213 3984 504 4050 ἐναντίων,
530 3987 588 4038 ἐν
617 3986 976 4058 πολυτρόποις
999 4008 1060 4043 τε
1077 3993 1170 4045 καὶ
1193 3993 1512 4066 ἐπαλλήλοις
1537 3999 1640 4070 πλη
1651 4004 1791 4067 γαῖςο

212 4075 318 4143 τὴν
350 4075 410 4128 δὲ
448 4077 819 4149 εὐεργετικῆν,
845 4081 934 4133 ἐπὶ
971 4082 1080 4136 τῶν
1129 4087 1432 4154 ὁμοφύλων.
1485 4091 1670 4159 Διάγει
1707 4093 1795 4146 διὰ

209 4163 310 4217 τοῦ
345 4166 620 4235 πελάγους
644 4169 733 4222 τὸν
772 4173 1020 4224 τοσοῦτον
1039 4173 1166 4228 λαὺν
1197 4178 1335 4241 ποδὶ,
1367 4181 1426 4232 οὐ
1459 4183 1640 4235 στόλον
1670 4185 1793 4236 ἑαυ-

1931 353 2042 423 jam
2076 355 2238 409 dictis
2282 356 2348 408 ad
2397 371 2578 411 veram
2609 358 3004 429 philosophiam
3039 365 3258 433 viatica,
3303 377 3356 424 et
3391 369 3501 426 vit:-

1935 445 2069 500 tutis
2123 449 2368 518 exempla
2421 451 2618 518 poterit
2650 449 2850 506 habere
2883 470 2896 506 :
2940 453 3031 522 qui
3061 462 3240 510 autem
3265 459 3499 514 molliori

1932 546 2017 591 est
2049 538 2252 601 animo,
2297 554 2460 608 quam
2507 547 2568 592 ut
2605 541 2802 596 sudare
2841 556 2941 612 pro
2970 543 3168 599 virtute
3194 548 3341 612 velit,
3374 566 3496 614 nec,

1931 631 2144 685 etiamsi
2195 631 2367 686 multo
2406 635 2560 702 plura
2598 635 3094 702 conscriberemus,
3133 643 3498 696 commovebi-

1933 731 2038 777 tur.
2071 722 2264 777 Verum
2291 725 2546 794 quoniam
2572 726 2894 796 incipientes
2917 743 3034 782 eam
3059 729 3351 798 perfectam
3376 749 3498 790 esse

1929 817 2097 871 vitam
2143 817 2558 890 descripsimus,
2605 821 2761 889 cujus
2807 838 3156 892 progressum
3199 827 3347 880 nulla
3403 825 3500 882 de-

1931 903 2158 976 scriptio
2189 907 2540 976 perfectionis
2568 917 2733 975 vetat,
2767 911 2862 965 sed
2892 913 3286 969 incrementum
3317 915 3492 985 ipsum

1929 997 1997 1051 ad
2045 999 2252 1068 majora
2315 1009 2370 1054 et
2400 1002 2622 1055 meliora
2674 1003 2761 1056 via
2809 1009 2892 1058 est
2940 1005 3007 1058 ad
3054 1006 3494 1074 perfectionem:

1929 1087 2182 1143 Mosaicae
2243 1094 2366 1144 vita:
2421 1092 2723 1145 orationem
2775 1091 3142 1158 deduximus,
3209 1096 3491 1151 veritatem

1928 1180 2074 1234 illius
2109 1181 2494 1250 descriptionis
2529 1184 2838 1239 ostendere.
2870 1183 3132 1240 Videmus
3159 1187 3302 1240 enim
3340 1187 3490 1242 illum

1927 1273 2184 1326 continue
2240 1288 2337 1340 per
2372 1281 2541 1326 totam
2581 1275 2747 1328 vitam
2787 1275 2852 1328 ad
2892 1274 3086 1328 altiora
3117 1267 3490 1341 sublimatum,

1924 1359 2097 1412 multo
2113 1355 2483 1416 sublimiorem
2511 1365 2692 1434 seipse
2718 1365 2770 1418 in
2797 1365 2902 1420 line
2919 1366 3051 1420 vitae
3076 1365 3276 1420 factum
3303 1366 3490 1429 fuisse,

1926 1459 1984 1504 ut
2013 1452 2168 1520 quasi
2217 1454 2398 1522 aquﬂa
2450 1471 2614 1524 super
2663 1458 2860 1522 nubes,
2891 1467 2946 1514 et
2979 1459 3046 1513 ad
3077 1460 3256 1529 ipsum
3287 1461 3491 1515 aethera

1927 1539 2346 1596 intellectualem
2390 1545 2643 1599 circulari
2673 1560 2902 1602 ascensu
2930 1558 3222 1619 provectus
3253 1565 3374 1606 esse
3405 1551 3490 1604 vi-

2231 1639 2410 1686 tamen
2465 1649 2628 1690 natus
2684 1645 2790 1702 est,
2853 1655 2975 1693 cum
3022 1641 3278 1710 injuriam
3332 1652 3488 1712 partu

1921 1723 2152 1776 masculi
2181 1723 2453 1795 Egyptiis
2480 1725 2660 1782 facere
2711 1737 3055 1799 putarentur,
3093 1747 3214 1786 eum
3253 1733 3369 1803 lege
3407 1740 3490 1804 ty-

1921 1825 2130 1867 rannus
2166 1828 2342 1868 mares
2371 1815 2628 1883 parvulos
2674 1815 3070 1887 insequeretur.
3105 1819 3212 1874 Sed
3241 1835 3270 1874 a
3293 1836 3489 1889 paren-

1923 1898 2068 1953 tibus
2117 1901 2375 1968 primum,
2426 1901 2624 1957 deinde
2656 1904 2724 1958 ab
2773 1906 2908 1976 ipsis
2932 1907 3108 1979 legum
3161 1910 3487 1980 pemieiosis

1921 1987 2188 2044 latoribus
2222 1990 2491 2058 sublatus,
2529 1997 2805 2063 superavit
2845 1997 2980 2068 legis
3008 1999 3209 2062 minas,
3244 2010 3297 2055 et
3329 2001 3480 2056 vixit.

1920 2077 1994 2132 lta
2039 2078 2133 2148 qui
2185 2079 2300 2150 lege
2345 2083 2538 2138 mortis
2578 2099 2700 2138 eum
2755 2083 3104 2152 damnarunt,
3153 2105 3262 2144 non
3306 2092 3481 2146 solum

1917 2167 2120 2230 vivere,
2166 2169 2258 2223 sed
2293 2170 2430 2224 bene
2463 2187 2684 2242 quoque
2714 2173 2896 2230 vivere
2923 2176 3101 2245 ipsum
3128 2189 3480 2244 curaverunt,

1918 2269 1980 2308 ac
2006 2272 2099 2324 per
2123 2272 2314 2314 omnes
2363 2259 2745 2332 Aigyptiorum
2779 2264 3060 2322 doctrinas
3090 2269 3480 2325 educaverunt.

1919 2343 2294 2414 Magnitudine
2325 2348 2523 2405 deinde
2561 2351 2724 2408 animi
2752 2367 2964 2408 omnem
3002 2357 3260 2412 honorem
3293 2361 3484 2414 huma-

1915 2452 2068 2502 num,
2112 2454 2328 2496 omnem
2365 2442 2567 2511 regiam
2616 2445 2956 2514 dignitatem,
3012 2463 3337 2520 omnemque
3363 2433 3480 2522 gl'o;

1901 2525 2052 2582 'riam
2093 2540 2419 2600 aspernatus
2449 2545 2532 2589 est
2567 2553 2580 2588 :
2615 2537 3208 2605 magniﬁcentissimum
3243 2544 3386 2597 enim
3417 2560 3482 2598 ac

1914 2623 2124 2692 regium
2149 2623 2438 2692 judicavit,
2479 2642 2588 2680 non
2616 2629 2938 2684 satellitibus
2971 2639 3274 2703 ornatuque
3307 2637 3478 2705 regio,

1914 2714 2012 2767 sed
2066 2715 2270 2770 virtute
2317 2719 2602 2782 custodiri,
2649 2727 2702 2773 et
2736 2721 2952 2776 virtutis
2999 2733 3194 2779 ornatu
3230 2727 3475 2797 gloriari.

1914 2805 2169 2877 IEgyptio
2201 2809 2398 2864 deinde
2431 2811 2717 2866 interfecto
2744 2813 2912 2868 civem
2941 2817 3320 2888 servavitzpro
3355 2821 3479 2889 qui-

1913 2896 2012 2950 bus
2064 2914 2165 2952 nos
2202 2899 2482 2955 inimicum
2515 2910 2679 2971 atque
2726 2903 2959 2958 amicum
2994 2907 3186 2962 animae
3213 2909 3478 2966 intellexi-

1912 3003 2060 3042 mus.
2104 2988 2234 3043 Post
2283 2991 2398 3045 haze
2448 2994 2682 3062 quietem
2742 3009 2806 3049 ac
2845 2997 3193 3054 solitudinem
3253 3002 3476 3073 majoris

1913 3080 2015 3134 sibi
2049 3081 2350 3152 disciplina:
2401 3083 2532 3138 fecit
2560 3087 2899 3157 magistram,
2922 3099 2974 3143 et
2997 3090 3075 3146 sie
3095 3091 3213 3148 luce
3241 3109 3307 3148 ex
3338 3097 3475 3150 rubo

1912 3170 2152 3238 fulgente
2184 3173 2423 3228 animum
2454 3175 2770 3230 illustravit.
2803 3177 2998 3234 Studet
3024 3196 3364 3239 communem
3394 3186 3476 3240 fa-

1909 3275 2033 3314 cere
2076 3261 2193 3316 suis
2230 3261 2682 3342 felicitatetusibi
2711 3268 2973 3326 divinitus
3005 3274 3316 3342 praestitam.
3355 3263 3473 3344 Qua

1907 3350 1959 3404 in
2011 3368 2067 3406 re
2095 3353 2381 3423 dupliciter
2407 3357 2515 3410 vim
2547 3373 2659 3412 sum
2687 3360 2904 3416 virtutis
2935 3363 3319 3434 manifestavit,
3347 3386 3470 3422 cum

1905 3439 2191 3511 Aﬂgyptios
2240 3445 2560 3501 resistentes
2610 3449 2797 3504 multis
2847 3452 3020 3504 modis
3067 3465 3227 3523 atque
3264 3459 3472 3512 crebris

1905 3531 2224 3588 vulneribus
2267 3535 2607 3600 ulciscendo,
2641 3547 2752 3590 tutu
2785 3553 2914 3593 suos
2959 3541 3028 3596 ab
3073 3547 3222 3598 omni
3257 3562 3472 3618 semper

1905 3623 2211 3679 imminenti
2239 3626 2550 3681 calamitate
2589 3631 2981 3684 conservando.
3019 3631 3292 3705 Dueitper
3323 3655 3471 3696 mare

1903 3713 2066 3772 siccis
2094 3724 2304 3770 tantum
2338 3717 2594 3786 populum
2631 3719 2879 3787 pedibus,
2913 3738 3021 3776 non
3044 3727 3300 3782 {navibus
3331 3743 3344 3791 ;
3373 3734 3467 3785 sed

1902 3805 2007 3859 ﬁde
2040 3807 2260 3876 pelagus
2292 3809 2512 3862 transit.
2547 3809 2699 3863 Fecit
2733 3819 2791 3864 ut
2823 3812 3091 3882 profunda
3129 3819 3291 3874 maris
3321 3827 3468 3876 terra

1903 3899 2054 3952 sicea
2084 3896 2327 3954 Hebraeis
2355 3909 2522 3964 esset,
2554 3900 2824 3971 [Egyptiis
2856 3920 3006 3971 vero,
3043 3917 3100 3960 ut
3128 3918 3305 3978 erant,
3339 3927 3468 3982 pro-

1899 3987 2069 4042 funda
2118 3997 2284 4058 atque
2317 4005 2509 4060 aspera
2550 3993 2742 4046 maria.
2787 3995 2998 4049 Ceeinit
3038 4007 3190 4066 parta
3238 4003 3466 4059 victoria

1905 4080 2139 4144 laudem,
2184 4082 2286 4135 via:
2344 4081 2538 4137 ducem
2593 4087 2900 4142 columnam
2947 4091 3157 4156 habuit,
3209 4095 3333 4165 igne
3363 4112 3466 4152 ete-

1905 4173 2028 4227 lesti
2053 4183 2135 4228 est
2155 4173 2517 4240 illuminatus,
2541 4192 2604 4230 ex
2629 4179 2751 4233 cibo
2781 4183 2994 4237 cmlitus
3019 4185 3184 4240 misso
3217 4202 3462 4244 mensam

213 4254 295 4325 τῷ
317 4256 466 4327 νηῶν
490 4263 932 4330 παρασκευάσας,
953 4265 1088 4319 ἀλλά
1115 4267 1213 4338 τὴν
1241 4269 1421 4326 πίστιν
1444 4274 1624 4339 αὐτοῖς
1656 4277 1784 4347 πρὸς

1910 4275 2254 4344 praeparavit,
2286 4275 2478 4330 manus
2511 4268 2730 4330 sursum
2771 4275 2961 4339 erexit,
3005 4283 3058 4329 et
3093 4278 3339 4332 Amalech
3373 4281 3461 4335 de-

209 4343 306 4396 τὸν
361 4344 624 4400 διάπλουν
672 4355 1179 4424 ναυπηγησάμενος,
1235 4357 1428 4428 χέρσον
1488 4367 1632 4416 ποιεῖ
1681 4343 1794 4428 τοῖς

221 4434 502 4506 Ἑϐραίοις
534 4438 624 4491 τὸν
659 4439 837 4509 βυθὸν.
858 4443 1129 4501 θάλασσαν
1149 4449 1205 4501 δὲ
1233 4455 1344 4514 τοίς
1362 4454 1676 4522 Αἰγυπτίοις
1692 4458 1794 4528 τὴν

210 4525 519 4583 θάλασσαν.
565 4527 706 4600 ’ᾟσε
745 4535 815 4587 τὰ
873 4537 1114 4592 ἐπινίκια
1137 4558 1148 4568 '
1177 4541 1430 4616 ὡδηγήθη
1465 4546 1543 4616 τῷ
1575 4525 1786 4618 στύλῳ·

212 4619 492 4690 ἐφωτίσθη
531 4620 610 4690 τῷ
631 4622 866 4694 οὐρανίῳ
896 4627 1048 4697 πυρὶ,
1074 4629 1350 4699 τράπεζαν
1378 4637 1440 4686 ὲκ
1465 4636 1560 4706 τῆς
1585 4637 1790 4691 ἀνωθεν

209 4709 421 4780 τροφῆς
449 4712 628 4782 ἐαυτῷ
657 4717 1053 4787 παρεστήσατο.
1083 4721 1195 4790 Τῆς
1224 4723 1426 4794 πέτρας
1466 4727 1785 4798 ἐνεφορήθη,

206 4799 311 4862 τὰς
342 4803 532 4871 χεῖρας
553 4802 826 4858 ἀνέτεινεν
863 4808 955 4860 ἐπὶ
992 4812 1057 4879 τῇ
1099 4811 1206 4863 τῶν
1248 4813 1624 4886 Ἀμαληκιτῶν
1674 4820 1787 4872 ἀπ-

207 4887 397 4960 ωλείᾳ.
438 4891 764 4962 Προσ6αίνει
796 4893 872 4963 τῷ
909 4897 1043 4966 ὄρει,
1083 4900 1140 4951 ἐν
1193 4901 1376 4972 γνόφῳ
1404 4904 1628 4971 γίνεται,
1663 4907 1788 4960 σάλ-

207 4994 410 5048 πιγγος
448 4981 670 5074 ἤκουσε,
705 4987 770 5054 τῇ
803 4986 922 5058 θείᾳ
953 4987 1110 5055 φύσει
1139 4993 1527 5062 προσήγγισεν,
1554 4997 1659 5050 ὑπὸ
1685 4997 1786 5068 τῆς

206 5067 416 5123 ἄνωθεν
445 5067 650 5142 σκηνῆς
678 5076 1027 5147 περιεσχέθη,
1049 5077 1144 5146 τὴν
1167 5080 1463 5150 ἱερωσύνην
1487 5067 1780 5154 ἐκόσμησε,

207 5159 303 5231 τὴν
357 5163 564 5234 σκηνὴν
594 5163 860 5236 ἐπήξατο,
893 5170 1003 5231 τοῖς
1031 5169 1213 5239 νόμοις
1239 5171 1335 5241 τὴν
1366 5171 1508 5244 ζωὴν
1545 5174 1784 5246 διωρθώ-

207 5268 366 5314 σατο,
381 5253 510 5317 τοὺς
539 5255 880 5322 τελευταίους
904 5259 1171 5330 πολέμους
1202 5263 1340 5316 κατὰ
1371 5264 1461 5318 τὸν
1493 5268 1780 5338 εἰρημένον

203 5343 406 5413 τρόπον
456 5343 850 5414 κατώρθωσενο
885 5349 979 5402 ἐπὶ
1004 5351 1145 5405 τέλει
1181 5353 1287 5405 τῶν
1315 5356 1776 5428 κατορθωμάτων,

200 5433 300 5503 τὴν
337 5434 638 5490 ἀκολασίαν
683 5437 770 5491 διὰ
805 5443 900 5511 τῆς
951 5441 1246 5514 ἱερωσύνης
1307 5445 1550 5501 ἐκόλασε.
1609 5449 1778 5504 Τοῦτο

203 5525 309 5602 γὰρ
337 5529 372 5599 ἡ
420 5529 512 5584 διὰ
565 5529 658 5582 τοῦ
702 5533 884 5595 Φινεὲς
935 5533 1196 5604 γενομένη
1240 5535 1377 5590 κατά
1430 5537 1522 5590 τοῦ
1575 5541 1778 5610 πάθους

529 5623 803 5688 Parnm.
851 5627 968 5687 Gn.
1018 5627 1238 5692 XLIV.

168 5703 199 5711 ω

1901 4365 2138 4419 bellavit.
2199 4367 2448 4421 Accessit
2503 4366 2570 4420 ad
2623 4373 2904 4426 montem,
2958 4365 3012 4418 in
3063 4368 3349 4437 caliginem
3401 4387 3462 4426 se

1895 4454 2099 4517 intulit,
2134 4455 2318 4509 tubam
2353 4454 2580 4520 audivit,
2614 4452 2724 4508 Deo
2757 4453 3114 4524 propinquior
3147 4456 3322 4514 factus
3352 4471 3456 4522 est,

1891 4545 1945 4598 in
1985 4546 2267 4614 superiore
2322 4546 2678 4599 tabernaculo
2725 4545 3030 4612 habitavit,
3091 4552 3454 4605 sacerdotium

1892 4636 2201 4701 exornavit,
2253 4635 2483 4690 inferius
2508 4637 2912 4690 tabernaculum
2955 4639 3216 4703 condidit,
3247 4641 3456 4710 legibus

1893 4729 2056 4780 vitam
2101 4728 2381 4781 hominum
2428 4726 2675 4790 munivit,
2739 4727 2877 4780 bella
2927 4728 3162 4796 plurima
3218 4732 3455 4788 invictus

1889 4820 2078 4886 gessit,
2125 4832 2189 4869 ae
2246 4820 2298 4868 in
2351 4816 2456 4870 line
2503 4830 2727 4870 suarum
2779 4831 2960 4869 rerum
3010 4825 3284 4884 gestarqu
3331 4836 3427 4889 per

1891 4908 2086 4962 niciem
2139 4909 2368 4961 luxuriae
2390 4923 2488 4976 per
2527 4906 2889 4962 sacerdotium
2923 4907 3163 4976 punivit;
3186 4909 3288 4963 hoc
3310 4912 3455 4965 enim

1887 5001 1978 5054 illa
2029 5001 2277 5069 designat
2325 5000 2427 5064 ira,
2465 5014 2576 5068 qua
2623 4999 2854 5052 Phinees
2893 5000 2944 5052 in
2992 5001 3452 5068 perturbationem

1889 5090 2035 5144 illam
2085 5091 2290 5143 exarsit
2325 5107 2338 5144 :
2371 5097 2424 5144 et
2459 5100 2581 5158 post
2635 5089 2747 5142 haec
2793 5091 2971 5144 omnia
3005 5091 3060 5142 in
3087 5101 3323 5145 montem
3371 5111 3456 5148 re-

1888 5179 2090 5250 quietis
2115 5178 2380 5242 ascendit,
2405 5194 2512 5231 non
2537 5178 2819 5234 descendit
2841 5180 2907 5232 ad
2941 5179 3225 5236 inferiores
3254 5191 3450 5250 terras,

1886 5287 1995 5340 quo
2022 5271 2180 5324 turba
2208 5270 2391 5338 populi
2415 5285 2480 5322 ex
2517 5270 2942 5339 repromissione
2966 5271 3320 5341 respiciebat;
3353 5291 3452 5330 nec

1883 5362 2030 5416 enim
2078 5361 2301 5414 illicitur
2335 5360 2590 5425 terrenis,
2643 5360 2735 5430 qui
2781 5361 3096 5419 cwlestibus
3125 5367 3450 5436 invigilavit;

1885 5453 1979 5507 sed
2006 5466 2224 5508 sursum
2258 5451 2326 5506 ad
2361 5453 2540 5522 ipsum
2575 5452 2776 5508 montis
2807 5455 3062 5511 verticem
3093 5459 3445 5523 constitutus,

1887 5553 1946 5600 ut
1979 5543 2344 5615 peritissimus
2375 5545 2672 5602 statuarius
2705 5553 2818 5602 tota
2849 5547 2974 5605 vita:
3016 5565 3130 5604 suae
3163 5551 3448 5622 diligenter

3013 5642 3084 5703 14
