3800 5980
342 128 451 182 ιε’]
1070 178 1075 181 ς
1587 136 1645 190 S.
1678 136 2010 194 GREGORII
2047 139 2343 197 NYSSENI
3494 151 3586 206 1‘28

345 246 573 305 conficta
607 252 932 314 statua,non
971 245 1131 302 finem
1172 247 1226 302 in
1257 254 1500 305 extremo
1531 251 1769 309 fictionis
1800 262 1882 309 ter

2012 259 2149 331 ὀργὴ
2202 258 2515 333 ὑπῃνίξατο.
2585 261 2706 315 Ἐπὶ
2756 263 2891 316 πᾶσι
2939 261 3167 329 τούτοις,
3221 260 3472 332 πρόσεισι
3513 264 3589 333 τῷ

344 341 512 405 mino,
544 337 639 395 sed
669 337 928 392 verticem
974 337 1257 409 imposuit.
1299 340 1442 407 Quid
1472 343 1615 397 enim
1645 344 1777 399 dicit
1822 346 1877 399 hi

2013 349 2131 419 ὄρει
2172 350 2275 420 τῆς
2307 351 2688 419 ἀναπαύσεως,
2724 354 2825 407 οὐκ
2851 353 3122 408 ἐπιϐαίνει
3158 354 3260 423 τῆς
3287 353 3439 406 κάτω
3467 354 3586 423 γῆς,

341 430 510 485 storia
537 428 605 482 de
635 428 792 497 ipso?
820 446 838 480 ι
867 426 1116 484 Mortuus
1146 438 1228 485 est
1253 430 1465 503 Moyses
1487 448 1676 489 servus
1698 433 1884 489 Domin

2016 440 2151 511 πρὸς
2169 441 2236 511 ἢν
2270 443 2297 494 ὁ
2327 442 2477 496 κάτω
2506 442 2632 507 λαὸς
2667 442 2726 508 ἐξ
2768 443 3102 512 ἐπαγγελίας
3135 442 3314 513 ἐώρα·
3349 443 3409 495 ού
3439 441 3593 509 γεύε·

324 535 447 589 .per
470 519 698 573 verbum
734 518 851 587 Dei,
900 535 1003 575 nec
1049 521 1195 577 ullus
1228 524 1381 578 novit
1429 525 1739 595 sepulcrum
1766 527 1884 596 ejus

2013 548 2103 584 ται
2134 533 2329 603 γηῖνης
2352 534 2560 605 τροφῆς
2590 534 2688 595 ἔτι,
2720 536 2748 588 ὁ
2775 538 2841 606 τῇ
2874 533 3078 589 ἄνωθεν
3114 533 3447 605 ἐπιρῥεούσῃ
3498 549 3611 602 με-⁴

342 624 443 664 nec
478 611 621 665 oculi
667 612 786 680 ejus
833 613 1225 684 caligaverunt,
1270 631 1371 671 nec
1421 616 1590 673 facies
1632 618 1751 688 ejus
1792 634 1884 675 cor

2015 619 2265 690 λετήσας,
2297 621 2409 674 ἀλλ’
2448 622 2559 676 ἄνω
2594 622 2885 694 γενόμενος
2926 622 3046 676 κατ’
3083 623 3252 691 αὐτὴν
3289 621 3385 674 τοῦ
3432 621 3590 690 ὅρους

342 710 503 770 rupta
546 710 628 756 (εει
680 703 745 755 ⁹¹ο
789 722 808 754 ³
2014 711 2114 780 τὴν
2160 710 2486 782 ἀκρώρειαν,
2516 711 2704 784 ὥσπερ
2761 731 2844 777 τις
2876 713 3313 786 ἀνδριαντοποιὸς
3360 711 3588 780 ἐπιστή-

346 810 484 862 μων,
509 793 627 846 ὅλον
678 792 872 848 ἑαυτοῦ
922 795 1013 848 τὸν
1060 796 1347 868 ἀνδριάντα
1393 797 1486 853 τοῦ
1549 800 1666 869 βίου
1712 800 2169 874 ἐξεργασάμενος,
2197 802 2439 873 ἀκριϐῶς
2496 805 2590 856 ἐπὶ
2635 802 2714 872 τῷ
2752 804 2904 877 ἄκρῳ
2930 805 3030 874 τῆς
3068 801 3434 871 κατασκευῆς,
3482 800 3542 852 οὐ

339 879 611 952 τελευτὴν.
647 882 781 936 ἀλλὰ
814 884 1056 955 κορυφὴν
1105 884 1181 956 τῷ
1233 885 1379 958 ἔργῳ
1411 889 1668 960 ἐπέθηκε.
1711 890 1777 943 Τί
1827 890 1937 962 γάρ
1959 905 2092 958 φησι
2118 891 2246 961 περὶ
2268 891 2482 962 αὑτοῦὴ
2510 892 2719 963 ἱστορία
2739 893 2874 957 ;ὄτι‹
2898 891 3276 963 Ἐτελεύτησεν
3301 894 3329 944 ὁ
3357 888 3584 958 Μωσῆς,

341 973 524 1045 ἱκέτης
571 974 802 1045 Κυρίου,
830 974 919 1028 διὰ
963 977 1204 1047 ῥήματος
1248 978 1413 1044 Θεοῦ,
1443 981 1537 1034 καὶ
1568 981 1741 1044 οὐδεὶς
1770 980 1924 1050 Δἔγνω
1967 974 2066 1052 τὴν
2099 983 2274 1054 ταφὴν
2320 982 2484 1037 αὐτοῦ
2511 1001 2523 1014 ·
2564 985 2657 1037 καὶ
2682 987 2731 1039 οἱ
2769 984 3036 1056 ὀφθαλμοὶ
3077 982 3242 1037 αὑτοῦ
3279 983 3379 1036 οὐκ
3407 985 3588 1053 ἠμαυ-

339 1067 617 1140 ρώθησαν,
651 1067 828 1120 καὶτὸ
856 1066 1146 1136 πρόσωπον
1177 1070 1343 1124 αὐτοῦ
1367 1072 1466 1125 οὐκ
1495 1072 1730 1146 ἐφθάρη.
1768 1092 1787 1125 ›

408 1161 549 1215 Hinc
575 1161 718 1216 enim
769 1160 980 1219 discere
1018 1162 1164 1227 licet,
1210 1173 1344 1234 quot
1376 1167 1704 1236 quantisque
1730 1167 1884 1222 virtu

2080 1164 2452 1235 Διδασκόμεθα
2496 1165 2603 1237 γὰρ
2648 1165 2737 1219 διὰ
2778 1163 3018 1228 τούτων,
3046 1165 3129 1218 ὅτι
3175 1159 3264 1215 διὰ
3311 1159 3587 1214 τοσούτων

336 1254 488 1308 tibus
530 1253 633 1307 hoc
661 1267 820 1308 sacro
865 1252 1085 1308 nomine
1122 1253 1321 1323 dignus
1351 1255 1514 1310 homo
1557 1255 1808 1324 efﬁcitur,
1848 1272 1881 1309 u

2009 1258 2444 1328 κατορθωμάτων
2467 1257 2773 1328 γενόμενος,
2815 1255 2935 1308 τότε
2964 1250 3207 1319 ἀξιοῦται
3246 1251 3340 1305 τοῦ
3373 1251 3582 1322 ὑψηλοῦ

338 1346 433 1401 Dei
482 1361 672 1402 servus
719 1345 1063 1415 appelletur?
1107 1343 1204 1399 Dei
1247 1346 1391 1400 enim
1433 1361 1627 1402 servus
1663 1362 1789 1402 vere
1816 1348 1884 1402 ilh

2004 1349 2195 1403 τούτου
2227 1349 2510 1418 ὀνόματος,
2550 1346 2689 1400 ὥστε
2710 1346 2929 1417 οἰκέτης
2966 1343 3228 1415 κληθῆναι
3249 1342 3384 1396 Θεοῦ
3406 1361 3420 1373 ⁸
3444 1344 3585 1414 ὅπερ

337 1446 445 1503 est,
480 1439 574 1507 qui
609 1444 803 1493 caetera
827 1437 1008 1490 omnia
1054 1436 1350 1507 superavit.
1391 1435 1526 1491 Nam
1553 1437 1664 1493 Deo
1702 1440 1884 1494 servin

2007 1440 2154 1493 ἐστὶν
2189 1435 2306 1493 ῐσον
2333 1440 2538 1504 εἰπεῖν,
2571 1439 2652 1491 ὃτι
2684 1437 2884 1499 παντὸς
2927 1434 3190 1505 κρείττων
3225 1433 3459 1501 ἐγένετο.
3500 1434 3581 1486 Οὐ

335 1532 607 1601 quispiam
641 1545 748 1583 non
772 1536 967 1599 potest,
994 1530 1098 1584 nisi
1132 1529 1315 1583 omnia
1338 1545 1459 1598 qua?
1490 1530 1544 1583 in
1570 1530 1671 1586 hoc
1697 1531 1884 1585 muniit

2005 1530 2114 1600 γὰρ
2155 1531 2219 1584 ἄν
2248 1547 2331 1593 τις
2381 1529 2499 1600 Θεῷ
2556 1527 2879 1590 δουλεύσειε,
2908 1526 2982 1597 μὴ
3029 1524 3137 1579 τῶν
3170 1526 3228 1577 ἐν
3258 1524 3337 1595 τῷ
3388 1524 3585 1592 κόσμῳ

335 1629 485 1685 sunt,
522 1627 745 1690 propter
770 1618 937 1672 Deum
981 1618 1263 1687 spreverit.
1311 1617 1423 1672 Hoc
1446 1626 1625 1674 autem
1657 1620 1758 1690 ipsi
1792 1622 1901 1674 vir-

335 1716 507 1762 tuoszc
537 1722 754 1776 quoque
776 1706 902 1760 vitae
941 1705 1104 1774 hujus
1126 1707 1306 1760 saeculi
1337 1707 1498 1761 finem
1532 1708 1706 1774 affert,
1734 1711 1898 1765 verbo

332 1798 429 1854 Dei
458 1803 919 1857 consummatum,
944 1793 1105 1848 ﬁnem
1131 1793 1256 1848 dico
1289 1794 1490 1858 vivum,
1522 1795 1611 1849 cui
1648 1811 1754 1850 non
1782 1811 1899 1851 suc-

335 1889 489 1944 cedat
507 1887 810 1957 sepultura,
833 1886 933 1939 cui
962 1899 1069 1939 non
1104 1883 1337 1939 addatur
1361 1887 1620 1947 tumulus,
1654 1886 1745 1956 qui
1776 1888 1898 1940 nul-

331 1982 437 2035 lam
475 1978 653 2033 oculis
696 1976 1004 2045 caliginem,
1039 1975 1243 2029 nullam
1288 1974 1893 2045 facieiccrruptioncm

331 2068 574 2124 inducat.
631 2066 770 2132 Quid
810 2065 977 2135 igitur
1016 2064 1247 2118 historia
1290 2080 1392 2120 nos
1437 2065 1565 2119 hinc
1603 2067 1897 2121 admonet?

331 2161 401 2215 ad
455 2173 622 2213 unum
657 2171 779 2211 esse
824 2155 984 2208 finem
1021 2152 1180 2207 nobis
1222 2152 1276 2206 in
1318 2158 1420 2208 bac
1449 2156 1558 2208 vita
1594 2155 1895 2223 respicien-

331 2252 481 2316 dum,
524 2256 584 2303 ut
625 2247 765 2303 servi
816 2245 907 2300 Dei
959 2260 1155 2300 nomen
1200 2259 1578 2316 assequamur.
1616 2247 1893 2299 Namcum

328 2356 520 2396 omnes
548 2338 796 2393 inimicos
825 2335 1113 2400 deviceris,
1143 2335 1482 2407 Egyptium,
1512 2336 1891 2402 Amalccitam,

329 2432 643 2489 ldumaum,
668 2427 1046 2492 Madianitam;
1089 2440 1212 2479 cum
1235 2440 1407 2494 aquas
1442 2427 1744 2493 transieris,
1768 2442 1891 2480 cum

328 2524 471 2577 nube
496 2519 833 2574 illuminatus
873 2516 1064 2578 fueris,
1101 2531 1224 2570 cum
1266 2516 1545 2570 caalestem
1579 2532 1768 2585 panem
1799 2532 1893 2571 co-

325 2610 585 2673 mederis,
630 2623 753 2663 cum
787 2605 1055 2660 munditie
1095 2615 1257 2675 atque
1295 2606 1618 2661 castimonia
1667 2607 1768 2661 iter
1796 2606 1893 2661 tibi

325 2704 395 2759 ad
424 2709 662 2757 montem
683 2697 1008 2760 confeceris,
1038 2713 1164 2752 cum
1205 2698 1462 2752 tubarum
1495 2698 1676 2752 sonitu
1709 2698 1890 2753 divina

323 2796 380 2849 in
407 2802 589 2848 monte
609 2797 953 2846 sacramenta
984 2789 1268 2853 didiceris,
1291 2804 1414 2843 cum
1440 2791 1493 2843 in
1518 2791 1748 2859 caligine
1781 2789 1890 2845 Deo

324 2888 428 2957 ipsi
459 2880 1004 2954 appropinquaveris,
1040 2894 1102 2934 ac
1133 2880 1202 2934 ab
1225 2895 1290 2934 eo
1317 2881 1650 2935 tabernaculi
1687 2890 1892 2952 myste-

324 2978 430 3037 ria,
476 2981 531 3028 et
566 2972 857 3027 sacerdotii
890 2970 1210 3039 dignitatem
1256 2972 1584 3040 perceperis,
1622 2987 1746 3025 cum
1811 2973 1891 3026 tui

324 3062 510 3118 cordis
549 3059 716 3113 fueris
766 3056 1018 3128 lapicida,
1065 3063 1125 3110 ut
1170 3057 1226 3110 in
1277 3057 1399 3127 ipso
1443 3056 1626 3112 divina
1674 3061 1889 3130 eloquia

322 3160 617 3210 exarentur
651 3166 680 3203 a
716 3148 847 3212 Deo,
881 3163 1003 3201 cum
1031 3161 1255 3201 aureum
1289 3146 1490 3200 idolum
1526 3147 1808 3217 deleveris,
1838 3151 1889 3205 id

317 3257 430 3309 est,
477 3258 695 3298 avaram
746 3241 1096 3311 cupiditatem
1152 3253 1183 3294 e
1240 3239 1351 3293 vita
1400 3242 1708 3307 sustuleris,
1764 3258 1887 3297 cum

321 3339 592 3395 cxaltatus
625 3335 761 3389 adeo
803 3332 994 3395 fueris,
1043 3340 1102 3385 ut
1140 3330 1467 3387 Balaamicis
1514 3335 1724 3389 artibus
1768 3336 1887 3404 capi

324 3443 563 3499 nequeas
593 3426 700 3497 (bis
726 3432 909 3478 autem
960 3423 1189 3497 magicis
1240 3423 1449 3479 artibus
1499 3427 1678 3480 varias
1725 3427 1888 3497 hujus

321 3524 446 3578 vitae
491 3520 735 3575 fallacias
784 3516 1160 3587 intelligimus,
1214 3516 1417 3587 quibus
1459 3518 1711 3574 homines
1759 3526 1886 3574 tan-

319 3628 485 3684 quam
555 3608 748 3666 Circaei
810 3607 1094 3678 cujusdam
1142 3609 1322 3677 poculi
1369 3610 1628 3664 veneficio
1686 3609 1882 3677 aﬂ'ccti,

318 3703 540 3776 propria
583 3708 748 3758 exuta
794 3708 1013 3762 natura,
1064 3699 1120 3752 in
1175 3699 1380 3756 bestias
1434 3704 1882 3771 commutantur),

318 3811 442 3850 cum
475 3792 571 3846 tibi
607 3789 998 3861 germinaverit
1029 3790 1323 3844 sacerdotii
1356 3791 1526 3859 virga,
1567 3807 1672 3846 non
1706 3794 1887 3846 humi-

318 3889 489 3942 ditate
518 3893 759 3946 terrena,
794 3881 889 3937 sed
921 3896 952 3933 a
983 3881 1164 3950 seipsa
1197 3897 1391 3936 nucem
1423 3884 1752 3951 producens,
1786 3901 1886 3940 cu-

314 3978 407 4048 jus
429 3973 666 4029 cortices
700 3971 871 4026 amari
902 3977 957 4025 et
985 3971 1210 4035 austeri,
1241 3973 1472 4028 nucleus
1505 3975 1569 4027 ad
1597 3976 1886 4029 comeden-

317 4071 448 4124 dum
483 4063 667 4121 suavis
699 4069 753 4117 et
783 4060 935 4115 utilis
981 4060 1073 4126 sit,
1119 4075 1242 4115 cum
1273 4076 1464 4117 omnes
1496 4064 1591 4133 qui
1621 4064 1884 4123 adversus

2006 1621 2226 1675 πάντων
2253 1621 2517 1691 κρείττων
2548 1620 2855 1689 γενόμενος.
2890 1617 3059 1670 Τοῦτο
3085 1617 3143 1670 δέ
3181 1615 3328 1685 αύτῷ
3365 1616 3461 1668 καὶ
3493 1614 3583 1667 τέ-

2005 1711 2093 1775 λος
2114 1711 2228 1765 ἐστὶ
2242 1711 2336 1764 τοῦ
2363 1712 2483 1764 κατ’
2497 1709 2694 1782 ἀρετὴν
2731 1708 2865 1778 βίου,
2884 1707 2970 1761 διὰ
3004 1707 3244 1777 ῥήματος
3276 1703 3410 1757 Θεοῦ
3447 1720 3583 1757 κατ-

2003 1803 2346 1874 ορθούμενον.
2394 1804 2459 1854 Ὃ
2508 1801 2571 1871 δὴ
2622 1798 2874 1869 τελευτὴν
2912 1800 2945 1869 ἡ
2999 1798 3208 1868 ἱστορία
3254 1795 3441 1864 λέγει,
3490 1811 3583 1847 τε-

2002 1889 2195 1960 λευτὴν
2242 1888 2442 1953 ζῶσαν,
2475 1889 2540 1959 ἢν
2573 1888 2633 1941 οὐ
2666 1886 2968 1955 διαδέχεται
3005 1884 3194 1953 τάφος,
3309 1883 3409 1936 οὐκ
3453 1884 3582 1936 ἐπι-

2003 1979 2266 2050 χώννυται
2297 1974 2521 2048 τύμϐος,
2556 1979 2589 2048 ὴ
2619 1980 2730 2040 τοῖς
2768 1975 3064 2045 ὀφθαλμοῖς
3100 1973 3458 2045 ἁμαυρότητα
3482 1974 3578 2027 καὶ

2001 2070 2078 2140 τῷ
2104 2068 2379 2140 προσώπῳ
2412 2067 2708 2138 διαφθορὰν
2736 2068 2837 2119 οὐκ
2887 2065 3186 2133 ἐπάγουσα.
3222 2064 3286 2117 Τί
3312 2059 3405 2117 οὖν
3452 2079 3583 2116 παι-

2000 2160 2266 2232 δευόμεθα
2295 2160 2382 2214 διὰ
2410 2159 2516 2212 τῶν
2555 2158 2891 2230 είρημένων;
2923 2157 3067 2228 Πρὸς
3096 2156 3157 2210 ἓν
3185 2154 3338 2218 τέλος
3368 2152 3455 2208 διὰ
3480 2152 3581 2208 τοῦ

2003 2253 2117 2324 βίου
2148 2252 2383 2322 βλέπειν,
2420 2251 2511 2304 τὸν
2556 2250 2650 2303 τοῦ
2693 2249 2827 2302 Θεοῦ
2879 2248 3094 2317 οἰκέτην
3125 2246 3212 2300 διὰ
3240 2246 3349 2299 τῶν
3376 2244 3579 2315 βεϐιω-

2004 2343 2178 2413 μένων
2224 2340 2509 2412 κληθῆναι.
2547 2339 2715 2391 Ὅταν
2764 2337 2872 2407 γάρ
2921 2336 3127 2398 πάντας
3175 2336 3302 2397 τοὺς
3348 2332 3580 2407 ἐχθροὺς

2000 2434 2374 2505 καταγωνίσῃ,
2396 2432 2486 2485 τὸν
2546 2430 2864 2499 Αίγύπτιον,
2902 2428 2995 2480 τὸν
3048 2425 3450 2497 Ἀμαληκίτην,
3481 2424 3580 2479 τὸν

2012 2527 2323 2596 Ἰδουμαῖον,
2360 2524 2450 2576 τὸν
2483 2522 2853 2591 Μαδιανίτην,
2888 2520 2979 2572 καὶ
3028 2519 3271 2590 περάσῃς
3310 2517 3371 2570 τὸ
3406 2517 3577 2590 ὕδωρ,

1998 2617 2093 2670 καὶ
2122 2615 2393 2685 φωτισθῇς
2420 2617 2484 2685 τῇ
2523 2613 2739 2683 νεφέλῃ,
2777 2611 2869 2664 καὶ
2898 2609 3202 2679 γλυκανοῇς
3231 2609 3320 2662 διὰ
3358 2608 3451 2661 τοῦ
3484 2609 3578 2674 ξύ-

1998 2706 2115 2771 λου,
2145 2707 2239 2759 καὶ
2299 2706 2428 2778 πίῃς
2468 2705 2566 2772 τῆς
2616 2704 2841 2773 πέτρας,
2871 2703 2965 2754 καὶ
3016 2702 3113 2771 τῆς
3145 2700 3352 2754 ἄνωθεν
3398 2699 3578 2771 γεύσῃ

1996 2798 2202 2867 τροφῆς
2227 2837 2240 2857 ο
2269 2798 2364 2849 καὶ
2406 2794 2491 2848 διά
2540 2795 2637 2863 τῆς
2683 2792 3047 2864 καθαρότητός
3095 2809 3153 2844 τε
3199 2792 3293 2844 καὶ
3321 2792 3579 2858 ·άγνεία;

1995 2886 2315 2955 ὁδοποιήσῃς
2364 2883 2572 2952 σεαυτῷ
2624 2870 2720 2952 τὴν
2753 2882 2845 2934 ἐπὶ
2896 2882 2955 2934 τὸ
3004 2880 3129 2951 ὅρος
3166 2880 3579 2941 άνοδον,·κὰκεῖ

1993 2976 2283 3045 γενόμενος
2335 2973 2649 3043 κατηχηῡῇς
2704 2971 2763 3023 τὸ
2811 2971 2952 3043 Θεῖον
2999 2972 3295 3041 μυστήριον
3349 2973 3414 3040 τῇ
3464 2966 3579 3022 τῶν

1995 3066 2308 3135 σαλπίγγων
2352 3067 2490 3136 ὴχῇ·
2521 3064 2616 3116 καὶ
2648 3064 2704 3113 ἐν
2748 3060 2826 3131 τῷ
2874 3060 3233 3131 δυσθεωρήτῳ
3270 3061 3452 3128 γνόφῳ
3480 3060 3579 3114 διὰ

1994 3160 2094 3229 τῆς
2143 3158 2377 3218 πίστεως
2420 3153 2496 3225 τῷ
2523 3153 2639 3223 Θεῷ
2686 3151 3077 3223 προσεγγίσῃς,
3109 3152 3270 3204 κάκεῖ
3317 3151 3576 3221 διδαχθῇς

1989 3249 2058 3303 τὰ
2106 3250 2203 3318 τῆς
2256 3247 2458 3317 σκηνῆς
2512 3245 2823 3314 μυστήρια,
2858 3242 2952 3296 καὶ
3001 3241 3062 3294 τὸ
3111 3241 3209 3310 τῆς
3270 3241 3579 3312 ἱερωσύνης

1990 3340 2233 3410 ἀξίωμα·
2265 3339 2392 3391 ὅταν
2423 3336 2555 3406 γένῃ
2588 3336 2695 3388 τῶν
2735 3334 2844 3387 σῶν
2870 3332 3106 3405 καρδιῶν
3144 3332 3399 3403 λατόμος,
3424 3332 3574 3386 ὥστε

1989 3434 2045 3484 ἐν
2087 3430 2310 3492 ταύταις
2357 3427 2425 3480 τὰ
2467 3427 2585 3480 θεῖα
2639 3427 2797 3494 λόγια
2842 3423 3241 3495 ἐγκεχαράχθαι
3277 3422 3428 3494 παρὰ
3471 3424 3573 3477 τοῦ

1987 3523 2122 3577 Θεοῦ
2145 3537 2159 3552 '
2194 3522 2320 3574 ὅταν
2353 3519 2411 3573 τὸ
2440 3518 2533 3572 τοῦ
2577 3517 2777 3589 χρυσοῦ
2814 3516 3026 3569 εἴδωλον
3051 3511 3571 3584 ἐξαφανίσῃς,τοῦτ’

1988 3615 2141 3678 ἔστι,
2194 3611 2290 3683 τὴν
2344 3608 2727 3678 πλεονεκτικὴν
2779 3606 3071 3675 ἐπιθυμίαν
3124 3604 3411 3675 ἐξαλείψῃς
3469 3604 3569 3657 τοῦ

1990 3705 2139 3775 βίου’
2162 3704 2289 3758 ὅταν
2339 3700 2590 3755 τοσοῦτον
2630 3698 2872 3769 ύψωθῇς,
2913 3696 3053 3749 ὥστε
3090 3697 3301 3765 ἄμαχος
3328 3695 3569 3764 φανῆναι

1988 3801 2056 3868 τῇ
2082 3797 2305 3865 γοητείᾳ
2329 3793 2423 3847 τοῦ
2467 3791 2695 3860 Βαλαάμ
2718 3808 2731 3822 ·
2757 3788 3010 3859 γοητείαν
3034 3788 3090 3841 δὲ
3133 3788 3389 3851 ἀκούσας,
3433 3788 3529 3858 νόη
3550 3818 3567 3830 -

1988 3888 2077 3941 σὸν
2119 3904 2209 3956 μοι
2243 3885 2340 3954 τὴν
2389 3882 2639 3952 ποικίλην
2662 3881 2762 3950 τῆς
2794 3879 2940 3949 ζωῆς
2987 3877 3188 3948 ταύτης
3225 3877 3463 3946 ἀπάτην,
3491 3877 3566 3929 δι’

1985 3973 2051 4050 ἦς
2110 3978 2157 4029 ot
2212 3974 2524 4044 ἅνθρωποι,
2569 3971 2822 4041 καθάπερ
2869 3970 2975 4023 τινὶ
3026 3968 3275 4039 Κιρκαίῳ
3324 3967 3565 4041 κρατῆρι

1988 4065 2486 4138 φαρμακευόμενοι,
2530 4065 2627 4133 τῆς
2681 4061 2818 4125 ιδίας
2876 4058 3164 4123 ἐκστάντες
3221 4057 3563 4127 φύσεως,εἰς

316 4168 470 4214 tuam
494 4156 697 4211 audent
719 4151 1037 4222 dignitatem
1072 4151 1375 4222 insurgere,
1407 4162 1499 4208 aut
1522 4164 1667 4211 terra
1687 4159 1884 4215 obrue-

1993 4161 2196 4227 άλόγων
2248 4155 2459 4228 μορφὰς
2508 4152 2967 4223 μεταπλάττονται
2993 4167 3005 4180 ·
3040 4150 3167 4205 ὅταν
3211 4148 3297 4202 διὰ
3340 4149 3562 4204 πάντων

313 4251 394 4305 ris
435 4244 734 4302 secundum
775 4241 1010 4308 Dathan,
1049 4250 1144 4297 aut
1176 4243 1300 4313 igne
1347 4249 1885 4316 consumpseris,se-

315 4338 556 4395 cundum
604 4335 742 4389 Core
801 4339 992 4408 :gtunc
1036 4332 1253 4387 demum
1308 4334 1538 4390 accedes
1586 4336 1654 4389 ad
1697 4337 1879 4395 finem.

316 4426 505 4480 Finem
542 4431 721 4477 autem
753 4421 897 4484 dico,
933 4424 1093 4492 cujus
1138 4422 1312 4494 gratia
1341 4432 1537 4479 caatera
1569 4434 1716 4480 sunt.
1746 4426 1881 4482 Nam

315 4526 375 4573 ut
422 4514 771 4586 agriculturae
806 4513 930 4568 finis
972 4521 1074 4578 est,
1117 4512 1335 4587 frugum
1366 4518 1676 4585 perceptio;
1713 4520 1883 4574 adifi-

314 4608 571 4671 cationis,
610 4605 805 4661 aedium
838 4614 923 4661 est
967 4605 1253 4671 habitatio,
1294 4614 1348 4662 et
1388 4608 1775 4676 negetiationis
1800 4612 1883 4667 di-

314 4702 482 4763 vitiis,
526 4696 842 4754 certaminis
877 4710 1123 4751 corona:
1162 4696 1244 4752 sic
1298 4697 1557 4753 virtuoszn
1587 4701 1713 4755 vita;
1758 4703 1880 4759 finis

314 4798 418 4853 est,
472 4795 533 4841 ut
578 4800 772 4840 servus
808 4782 902 4837 Dei
932 4792 986 4838 et
1015 4784 1116 4846 sis,
1151 4792 1203 4839 et
1234 4787 1529 4843 vociteris:
1560 4805 1720 4858 quam
1756 4793 1883 4861 qui-

316 4879 437 4934 dem
484 4878 551 4932 ad
597 4891 710 4931 rem
764 4881 816 4929 et
862 4873 994 4928 illud
1041 4878 1271 4942 accedit,
1315 4889 1369 4932 ut
1417 4883 1694 4948 sepultura
1719 4885 1880 4940 obrui

316 4983 557 5038 nequeas
581 4984 595 5020 :
618 4966 764 5037 quod
794 4964 873 5027 fit,
903 4965 949 5020 si
979 4966 1235 5021 vitiorum
1272 4970 1518 5025 omnium
1547 4971 1878 5030 denudatam

314 5062 481 5114 vitam
505 5058 761 5114 colueris.
782 5055 979 5111 Verum
1001 5057 1164 5126 hujus
1197 5059 1394 5117 divinae
1420 5064 1695 5119 servitutis
1730 5067 1877 5121 aliud

316 5165 532 5220 quoque
579 5150 793 5219 signum
843 5146 1068 5202 historia
1108 5150 1308 5219 tradit;
1357 5168 1459 5207 nec
1499 5156 1642 5209 enim
1687 5158 1878 5213 oculus

320 5239 590 5308 caligabit,
640 5253 741 5293 nec
775 5237 940 5293 facies
987 5239 1131 5294 servi
1172 5238 1264 5295 Dei
1311 5256 1708 5315 corrumpetur.
1741 5246 1876 5301 Nam

315 5329 507 5384 oculus
550 5329 644 5398 qui
682 5343 896 5397 semper
928 5331 983 5384 in
1032 5330 1152 5389 luce
1200 5339 1301 5402 est,
1354 5351 1589 5405 quonam
1632 5337 1793 5393 modo
1827 5339 1878 5394 vi

415 5509 460 5545 “
490 5508 645 5567 Deut.
681 5523 869 5575 uxrv,
914 5510 1023 5573 57.

1988 4252 2120 4324 γένῃ
2160 4248 2383 4312 τούτων,
2413 4246 2506 4301 xui.
2546 4244 2820 4316 βλαστήσῃ
2850 4243 2907 4295 ἐν
2944 4240 3027 4294 σοὶ
3072 4239 3170 4310 τῆς
3203 4239 3498 4311 ἱερωσύνης
3526 4243 3561 4310 ἡ

1992 4342 2203 4414 ῥάϐδος,
2234 4341 2267 4410 ἡ
2314 4337 2579 4410 μηδεμίαν
2612 4334 2734 4388 τινὰ
2765 4333 2867 4404 γῆς
2902 4331 3100 4402 ἰκμάδα
3133 4331 3268 4400 πρὸς
3295 4330 3392 4400 τὴν
3428 4330 3555 4399 βλά-

1994 4451 2125 4505 στην
2156 4430 2487 4501 ἐφελκομένη
2513 4468 2527 4491 ,
2557 4426 2672 4480 ἀλλ’
2707 4424 2911 4477 οἴκοθεν
2942 4423 3035 4477 τοῦ
3084 4421 3294 4491 καρποῦ
3335 4421 3433 4492 τὴν
3469 4422 3557 4475 δύ-

1992 4539 2153 4594 ναμιν
2185 4521 2402 4591 ἔχουσα,
2421 4519 2515 4571 καὶ
2545 4514 2757 4587 καρποῦ
2786 4514 3039 4585 καρυῒνου
3058 4530 3072 4544 ·
3092 4506 3153 4566 οὗ
3177 4514 3210 4583 ἡ
3242 4513 3339 4582 μὲν
3367 4514 3557 4584 πρώτη

1989 4614 2245 4680 ἔντευξις,
2278 4611 2451 4682 πικρά
2477 4627 2538 4662 τε
2588 4609 2682 4662 καὶ
2710 4605 3125 4676 κατεστυμμένη
3145 4621 3160 4636 ·
3188 4604 3251 4658 τὸ
3277 4605 3336 4657 δὲ
3376 4605 3555 4671 ἐγκεί-

1994 4722 2153 4779 μενον
2201 4703 2408 4765 τούτοις
2428 4742 2442 4767 ,
2471 4702 2570 4771 ἡδὺ
2603 4699 2697 4752 καὶ
2737 4696 2992 4768 ἐδώδιμον
3013 4713 3025 4725 '
3054 4697 3181 4749 ὅταν
3220 4698 3329 4749 πᾶν
3365 4697 3424 4749 τὸ
3463 4698 3553 4748 ἐπ-

1991 4797 2349 4867 ανιστάμενον
2400 4793 2542 4847 κατὰ
2583 4790 2676 4843 τοῦ
2717 4788 2810 4842 σοῦ
2849 4787 3174 4859 ἀξιώματος,
3205 4788 3285 4849 εἰς
3326 4788 3561 4854 sapam.

1994 4886 2091 4957 μὸν
2121 4886 2376 4956 χωρήσῃ,
2411 4880 2549 4935 κατὰ
2592 4879 2683 4932 τὸν
2720 4877 2898 4934 Δαθὰν
2945 4878 3195 4946 ὑπόγειον
3230 4877 3546 4947 γενόμενον·

1984 4976 2017 5047 ἢ
2047 4974 2415 5044 ὲκδαπανηΟὲν
2445 4971 2523 5042 τῷ
2549 4971 2701 5043 πυρὶ,
2729 4968 2870 5024 κατὰ
2901 4967 2989 5021 τὸν
3020 4969 3186 5040 Κορέ⁹
3220 4968 3345 5022 τότε
3381 4986 3552 5040 προς-ο

1981 5066 2206 5139 εγγίσῃς
2243 5063 2321 5134 τῷ
2365 5062 2526 5117 τέλει.
2558 5061 2721 5124 Τέλος
2766 5060 2823 5112 δὲ
2861 5058 3024 5127 λέγω,
3062 5052 3123 5112 οὗ
3174 5059 3337 5112 ἕνεκα
3378 5060 3559 5112 πάντα

1984 5158 2191 5228 γίνεται
2231 5173 2245 5188 ·
2275 5151 2404 5218 οἷον,
2439 5153 2589 5215 τέλος
2635 5150 2735 5221 τῆς
2765 5150 3092 5220 γεωργικῆς,
3116 5151 3161 5219 ἠ
3213 5149 3516 5212 ἀπόλαυσις
3541 5167 3555 5181 ·

1985 5250 2135 5313 τέλος
2172 5248 2270 5318 τῆς
2301 5243 2644 5313 κατασκευῆς
2685 5241 2779 5294 τοῦ
2827 5243 2997 5304 οἴκου,
3034 5243 3066 5311 ἡ
3118 5242 3331 5310 οἴκησις
3361 5259 3373 5271 ’
3401 5241 3556 5304 τέλος

1985 5341 2083 5412 τῆς
2125 5336 2420 5411 ἐμπορίας,
2450 5337 2480 5389 ὁ
2515 5332 2740 5395 πλοῦτος
2764 5348 2778 5363 ο
2811 5331 2906 5384 καὶ
2959 5330 3062 5385 τῶν
3102 5332 3161 5385 ἐν
3211 5332 3327 5394 τοῖς
3374 5331 3555 5401 ἀγῶσι
