3800 5980
361 182 466 239 539
1690 170 1776 225 DE
1818 171 1973 227 Vle
2012 172 2286 227 MUYSIS.
3518 181 3624 239 43’)

355 293 560 358 πόνων,
590 291 620 345 δ
655 292 935 362 στέφανος.
987 289 1144 345 Οῦτω
1177 287 1270 342 καὶ
1297 287 1393 358 τῆς
1431 284 1643 358 ὑψηλῆς
1673 287 1855 340 πολιτε

2126 286 2399 342 iebrarum
2440 286 2716 358 caligabit,
2754 302 2985 359 quarum
3019 291 3243 347 omnino
3280 308 3475 364 expers
3509 299 3627 349 est?

352 382 528 449 τέλος,
579 383 640 436 τὸ
684 382 948 455 κληθῆναι
978 380 1196 450 οἰκέτην
1234 378 1368 433 Θεοῦ
1406 396 1420 410 ·
1457 372 1502 445 ᾧ
1536 377 1853 449 συνθεωρεῖτ

2139 375 2233 446 qui
2277 376 2445 431 vitam
2500 377 2766 449 integram
2804 394 3021 451 semper
3073 390 3294 439 secutus
3337 395 3443 451 est,
3488 401 3630 454 quo-

357 476 419 528 τὸ
470 475 546 547 μὴ
590 474 972 546 ὑποχωσθῆναι
1007 473 1088 542 τῷ
1123 471 1318 542 τύμϐῳ
1357 487 1372 504 ·
1406 470 1564 524 τοῦτο
1592 470 1649 523 δέ
1703 472 1818 523 ἐστι
1840 512 1855 536 ,

2127 467 2216 522 >do
2267 470 2688 539 corrumpetur?
2729 468 2866 525 Nam
2916 487 3040 526 cum
3077 473 3145 527 ad
3193 475 3485 546 imaginem
3529 473 3628 532 Dei

356 568 576 639 γυμνήν
631 583 691 619 τε
731 566 826 619 καὶ
872 565 1163 637 ἀπέριττον
1207 562 1316 617 τῶν
1372 562 1624 634 πονηρῶν
1680 560 1857 632 ἐφολκὲ

2126 572 2176 613 re
2209 557 2389 622 factus
2419 561 2511 626 sit,
2538 575 2640 617 nec
2668 576 2907 632 unquam
2937 577 2972 617 a
2990 563 3174 619 divina
3202 565 3376 620 forma
3398 566 3627 637 degene‘

352 656 455 727 τὴν
487 656 631 727 ζωὴν
680 654 951 724 γενέσθαι.
983 654 1093 723 Τῆς
1122 652 1179 707 δὲ
1210 652 1453 716 δουλείας
1474 652 1677 723 ταύτης
1708 652 1804 705 καὶ
1831 652 1853 705 ἓ

2126 651 2275 717 verit,
2312 651 2367 706 in
2403 652 2582 723 seipso
2622 661 2801 724 gestat
2827 654 3048 721 indicia,
3081 662 3246 727 atque
3285 658 3338 711 in
3370 658 3627 713 omnibus

356 764 449 819 ρον
492 746 784 817 γνώρισμά
830 763 995 815 φησιν
1045 746 1073 797 ό
1111 743 1301 812 λόγος,
1350 744 1413 796 τὸ
1467 746 1604 816 μήτε
1662 741 1857 815 δφθαλι

2127 741 2409 799 nilitudine
2439 758 2561 797 cum
2606 746 2906 817 exemplari
2951 749 3227 812 convenit,
3276 749 3628 819 animumque

352 836 771 908 ἀμυρωθῆναι,
816 836 953 907 μήτε
999 835 1288 907 πρόσωπον
1324 833 1706 907 διαφθαρῆναι.
1745 833 1853 904 ὀγ

2127 848 2212 887 um
2257 834 2797 908 incorruptibilitate,
2847 840 3309 907 immutabilitate,
3355 849 3519 912 atque
3560 842 3628 897 ab

354 932 413 983 ἐν
448 928 589 997 φωτὶ⁸
616 926 703 980 διὰ
751 926 953 989 παντὸς
989 924 1065 977 ὣν
1095 925 1403 995 ὀφθαλμὸς,
1440 924 1556 989 πῶς
1590 924 1656 979 ἂν
1685 926 1855 994 ἀμαυε

1769 941 1945 994 αυρω-
2050 925 2307 981 omnibus
2340 927 2486 983 vitiis
2536 928 2886 984 immunitate
2919 931 3270 987 condecorat.

354 1018 580 1090 θήσεται
602 1018 690 1072 διὰ
722 1016 817 1070 τοῦ
864 1018 1107 1082 σκότους,
1149 1011 1210 1071 οὗ
1240 1017 1630 1089 ὴλλοτρίωται;
1679 1017 1825 1071 καὶὸ
1856 1015 1956 1088 τὴν
2001 1015 2312 1090 ἀφθαρσίαν
2354 1021 2411 1073 ἐν
2445 1021 2597 1095 πάσῃ
2650 1023 2717 1092 τῇ
2780 1021 2892 1093 ζωῇ
2956 1022 3327 1094 κατορθώσας,
3370 1022 3628 1089 οὐδεμίαν

357 1111 579 1174 πάντως
625 1110 831 1180 φθορὰν
878 1112 962 1179 ἐφ’
1025 1110 1219 1163 ἐαυτοῦ
1273 1111 1658 1183 παραδέχεται.
1713 1111 1772 1164 '0
1840 1110 1950 1182 γὰρ
2007 1111 2222 1183 ἀληθῶς
2273 1115 2394 1167 κατ’
2445 1114 2630 1168 εἰκόνα
2680 1114 2817 1167 Θεοῦ
2877 1115 3146 1184 γεγονὼς,
3209 1116 3305 1169 καὶ
3374 1117 3627 1188 μηδαμοῦ

354 1203 740 1275 παρατραπεὶς
786 1201 879 1256 τοῦ
915 1201 1059 1255 θείου
1107 1202 1478 1273 χαρακτῆρος,
1521 1203 1635 1276 ,ἐφ’
1687 1201 1881 1256 ἐαυτοῦ
1933 1201 2004 1255 τὰ
2049 1204 2406 1273 γνωρίσματα
2465 1205 2659 1276 φέρει,
2692 1206 2788 1259 καὶ
2838 1206 3123 1273 συμϐαίνει
3160 1207 3249 1261 διά
3299 1208 3515 1262 πάντων
3559 1212 3625 1280 τῇ

352 1297 613 1368 ὁμοιώσει
661 1297 797 1370 πρὸς
849 1297 912 1351 τὸ
957 1297 1284 1368 ἀρχέτυπον,
1326 1296 1404 1365 τῷ
1436 1295 1697 1368 ἀφθάρτῳ
1738 1314 1797 1351 τε
1836 1297 1930 1351 καὶ
1958 1296 2318 1370 ἀναλλοιώτῳ,
2394 1300 2488 1353 καὶ
2558 1299 2737 1371 πάσης
2790 1301 2981 1372 ἀμιγεῖ
3021 1300 3217 1365 κακίας
3242 1300 3338 1372 τὴν
3379 1302 3514 1355 ἰδίαν
3534 1300 3628 1370 ψυ-

345 1390 457 1461 χὴν
484 1388 862 1453 καλλωπίζων.

431 1483 621 1538 Ταῦτά
649 1501 751 1549 σοι,
776 1477 822 1537 ὧ
877 1482 1133 1554 ἄνθρωπε
1178 1482 1336 1550 Θεοῦ,
1379 1486 1510 1558 περὶ
1556 1486 1654 1557 τῆς
1695 1485 1789 1539 τοῦ
1835 1484 1932 1555 βίοι

2128 1479 2249 1536 Ιίεεο
2291 1480 2461 1537 habes
2489 1480 2558 1536 de
2583 1479 2710 1537 vita:
2744 1479 3077 1551 perfectione
3106 1494 3231 1535 cum
3264 1480 3481 1538 virtutis
3511 1484 3629 1540 lau-

351 1574 450 1629 τοῦ
508 1575 632 1629 κατ’
679 1574 879 1646 ἀρετὴν
915 1575 1272 1645 τελειότητος,
1314 1577 1620 1649 Καισάριε,
1656 1579 1684 1630 ό
1737 1576 1852 1648 βρα;

2166 1575 2453 1638 traductze,
2494 1573 2664 1627 homo
2724 1572 2840 1637 Dei,
2890 1572 3091 1627 Caesari
3132 1612 3147 1637 ,
3192 1587 3369 1626 meum
3422 1574 3475 1628 in
3526 1576 3628 1630 hac

360 1664 519 1737 ἡμῶν
546 1659 698 1728 οὗτος
718 1664 1034 1718 ὑποτίθεται
1067 1664 1244 1734 λόγος,
1280 1660 1393 1720 οἶόν
1424 1684 1476 1719 τι
1506 1667 1860 1738 πρωτότυπον

2127 1664 2201 1721 avi
2248 1664 2500 1719 oratione
2528 1662 2840 1731 judicium:
2878 1677 3003 1716 nam
3048 1670 3306 1732 tanquam
3348 1668 3628 1737 exemplar

362 1759 548 1828 μορφῇ
597 1755 844 1820 κάλλους,
881 1757 973 1810 τὸν
1005 1755 1099 1810 τοῦ
1146 1757 1382 1828 μεγάλου
1416 1758 1659 1821 Μωσέως
1705 1758 1863 1828 ὑπογε

2124 1755 2317 1811 oddam
2364 1751 2719 1824 perfectionis
2774 1752 2939 1806 vitam
2986 1749 3160 1821 Moysi
3211 1751 3625 1822 descripsimus,

352 1849 540 1918 Φαντα
573 1848 718 1919 βίον⁸
750 1848 833 1916 ἐφ’
855 1840 901 1915 ᾧ
946 1849 1070 1913 τοὺς
1108 1849 1228 1904 καθ’
1267 1848 1498 1903 ἕκαστον
1527 1848 1684 1920 ἡμῶν
1723 1848 1811 1901 διὰ
1845 1867 1853 1883 ε

2156 1863 2259 1918 qua
2299 1847 2598 1916 unicuique
2631 1852 2878 1901 nostrum
2917 1859 3013 1914 per
3045 1843 3419 1899 institutorum
3449 1844 3628 1900 imita-

353 1939 467 1993 τῶν
499 1937 947 2010 ἐπιτηδευμάτων
995 1939 1279 2009 μιμήσεως
1312 1941 1370 1992 ἐν
1419 1940 1633 2001 ἑαυτοῖς
1671 1955 1854 2009 μεταγι

2127 1953 2248 1993 nem
2288 1938 2343 1991 in
2374 1952 2434 1993 se
2464 1943 2781 1990 monstratae
2822 1934 2987 2004 hujus
3028 1934 3455 2004 pulchritudinis
3489 1937 3626 1991 cha-

358 2048 485 2100 φειν
509 2029 605 2083 τοῦ
634 2029 1040 2102 προδειχθέντπ
1064 2032 1197 2100 ἡμῖν
1221 2029 1450 2093 κάλλους
1473 2029 1565 2083 τὸν
1592 2029 1859 2101 χαρακτῆε

2119 2036 2257 2081 ctera
2279 2025 2572 2096 depingere
2595 2025 2798 2080 licebit.
2828 2023 2985 2090 Quod
3018 2032 3200 2079 autem
3229 2024 3620 2095 perfectionem

353 2122 467 2177 Τοῦ
499 2121 609 2192 γὰρ
647 2121 1070 2193 κατωρθωκέναι
1105 2122 1198 2175 τὸν
1229 2122 1433 2176 Μωσέα
1462 2122 1560 2191 τὴν
1590 2121 1854 2191 ἐνδεχομέε

2128 2116 2258 2170 mini
2308 2116 2626 2186 possibilem
2682 2114 2900 2187 Moyses
2945 2127 3232 2172 assecutus
3282 2125 3385 2184 est,
3428 2117 3628 2175 divina}

354 2215 714 2287 τελειότητα,
768 2214 855 2277 τίς
906 2215 972 2267 ἂν
1024 2215 1158 2284 ἡμῖν
1205 2213 1643 2284 ἀξιοπιστότερος
1694 2212 1851 2284 εὑρεο

2122 2209 2200 2265 cis
2231 2208 2543 2263 testimonio
2571 2207 2888 2278 perhibetur
2914 2227 2927 2262 :
2962 2227 2980 2260 ι
3012 2209 3251 2279 Cognovi
3276 2217 3348 2277 te,
3375 2229 3393 2263 ι
3424 2210 3623 2281 inquit,

361 2307 577 2376 μάρτυς
627 2305 729 2376 τῆς
780 2304 931 2367 θείας
970 2305 1171 2375 φωνῆς,
1212 2306 1247 2375 ἦ
1280 2323 1411 2377 φησι
1464 2305 1601 2377 πρὸς
1638 2304 1832 2358 αὐτόν·

2126 2307 2304 2354 muter
2340 2314 2531 2377 omnes
2567 2299 2633 2353 ".
2672 2318 2690 2350 ι
2729 2299 2972 2366 Accedit,
3007 2300 3152 2368 quod
3185 2301 3395 2357 amicus
3426 2302 3517 2357 Dei
3557 2302 3627 2357 ab

364 2389 688 2458 «Ἔγνωνσέ
710 2393 860 2464 παρά
902 2393 1319 2460 πάντας;ιάλλὰ
1348 2394 1442 2446 καὶ
1472 2394 1533 2447 τὸ
1584 2393 1736 2463 φίλον
1783 2394 1865 2446 αὐ·

2123 2405 2171 2445 io
2214 2388 2323 2445 Deo
2374 2396 2727 2459 nuncupatus
2760 2397 2864 2444 est.
2908 2389 3178 2445 Praeterea
3229 2407 3351 2445 cum
3385 2396 3624 2461 peccatis

355 2484 726 2555 ὀνομασθῆναι
759 2482 894 2537 Θεοῦ
932 2486 1058 2554 παρ’
1087 2483 1249 2536 αὑτοῦ
1283 2483 1376 2536 τοῦ
1404 2482 1538 2536 Θεοῦ
1560 2500 1573 2513 ·
1610 2484 1702 2535 καὶ
1730 2482 1792 2536 τὸ
1820 2499 1856 2535 σε

2126 2480 2236 2549 puli
2274 2478 2423 2535 Deus
2453 2480 2629 2535 iratus
2658 2479 2842 2535 delere
2877 2480 3111 2534 voluerit
3148 2496 3360 2547 omnes,
3390 2498 3624 2554 cumque

360 2576 661 2631 αλπολέσθαι
690 2575 886 2646 μᾶλλον
921 2575 1171 2644 ἑλόμενον
1216 2574 1355 2646 μετά
1390 2576 1627 2639 πάντων,
1656 2576 1703 2627 εἰ
1737 2572 1811 2645 μὴ
1846 2591 1861 2625 ι

2123 2587 2264 2642 iyses
2290 2585 2397 2625 una
2428 2586 2550 2625 cum
2572 2573 2773 2642 populo
2801 2572 2978 2641 perire
2998 2572 3269 2640 maluerit,
3299 2589 3463 2643 quam
3495 2576 3624 2631 abs-

360 2660 585 2732 κείνοις,
612 2666 696 2736 ἐφ’
712 2662 794 2730 οἷς
820 2666 1250 2737 ἐπλημμέλησαν
1284 2664 1531 2734 ίλεωθείη
1562 2665 1627 2718 δι’
1660 2665 1854 2734 εὐμενε

2124 2677 2154 2717 e
2199 2662 2403 2743 populo
2440 2662 2653 2717 vivere:
2709 2669 2839 2715 tunc
2882 2661 3048 2727 Deus,
3096 2672 3155 2717 ut
3199 2652 3376 2720 amico
3417 2680 3623 2721 morem

359 2760 420 2812 τὸ
445 2762 621 2822 Θεῖον,
660 2758 855 2828 στῆσαι
889 2756 1029 2811 κατὰ
1069 2757 1178 2811 τῶν
1222 2754 1572 2828 Ἰσραηλιτῶν
1606 2756 1705 2827 τὴν
1747 2756 1860 2827 ὀργέ

2123 2764 2284 2820 reret,
2336 2754 2587 2824 placatus
2617 2762 2743 2809 est:
2797 2770 2918 2823 qua:
2958 2755 3141 2809 omnia
3186 2757 3502 2824 ostendunt,
3556 2760 3624 2813 ad

358 2850 459 2919 τὴν
506 2848 641 2901 ἰδίαν
672 2847 767 2900 τοῦ
818 2846 954 2900 Θεοῦ
1003 2848 1182 2918 κρίσιν
1235 2846 1687 2917 παρατρέψαντος
1715 2849 1836 2911 ,ἵνα

2118 2862 2300 2902 manas
2356 2844 2709 2917 perfectionis
2773 2848 2982 2916 apicem
3058 2846 3211 2901 illum
3282 2850 3619 2918 pervenisse.

359 2939 584 3010 λυπήσῃ
614 2938 706 2991 τὸν
739 2937 912 3007 φίλον.
939 2936 1051 2991 Καὶ
1087 2937 1265 2990 πάντα
1292 2935 1361 2989 τὰ
1390 2936 1631 3000 τοιαῦτα,
1666 2955 1860 3010 μαρτυγ

2122 2935 2315 2990 ιοιιὶιιιῐι
2357 2949 2488 3006 ergo
2536 2934 2925 3005 perfectionem
2960 2937 3211 2990 humanae
3251 2937 3374 2991 vita:
3411 2952 3623 3007 quaere-

360 3026 542 3093 σαφής
580 3024 698 3076 ἐστι
746 3023 840 3076 καὶ
894 3023 1167 3089 ἀπόδειξις
1197 3023 1291 3076 τοῦ
1340 3025 1476 3096 πρὸς
1508 3025 1601 3078 τὸν
1644 3027 1861 3096 ἁκρότω

2123 3041 2265 3090 mus,
2298 3041 2547 3096 eamque,
2597 3034 2656 3080 ut
2683 3027 2985 3096 potuimus,
3017 3027 3399 3083 adinvenimus
3438 3046 3452 3080 :
3485 3028 3624 3082 nihil

357 3114 459 3185 τῆς
500 3110 832 3189 τελειότητος
865 3113 987 3183 ὅρον
1021 3112 1416 3183 ἀναϐεϐηκέναι
1446 3113 1537 3166 τοῦ
1566 3115 1809 3179 Μωσέως
1852 3135 1858 3149 ·

2124 3135 2153 3170 n
2182 3123 2378 3182 restat,
2423 3117 2532 3172 nisi
2565 3125 2624 3171 ut
2668 3117 2735 3171 ad
2773 3118 3047 3188 exemplar
3076 3117 3223 3172 istud
3262 3118 3531 3181 vivamus,
3560 3133 3625 3172 ac

360 3205 497 3275 βίον.
536 3204 689 3257 Ἐπεὶ
732 3200 825 3257 οὖν
859 3204 1015 3257 τοῦτο
1048 3204 1177 3274 παρ’
1207 3204 1364 3273 ἡμῶν
1409 3204 1468 3257 τὸ
1500 3202 1861 3276 ζητούμενονῆ

2130 3207 2340 3277 igenter
2377 3221 2720 3276 quaecunque
2759 3207 2924 3261 altius
2964 3207 3237 3262 intellecta
3268 3207 3498 3263 historia
3524 3223 3627 3262 no-

318 3328 329 3335 —
357 3297 412 3349 τί
437 3295 501 3348 τὸ
539 3294 742 3347 τέλειον
776 3294 877 3363 τῆς
914 3295 1171 3366 ἐναρέτου
1229 3294 1502 3359 πολιτείας
1539 3297 1718 3349 ἐστίν·
1745 3297 1819 3368 sibi

2125 3299 2465 3369 spr0posuit,
2500 3296 2569 3352 ad
2602 3298 2769 3352 vitam
2804 3299 3195 3354 transferentes
3223 3315 3252 3353 a
3285 3299 3395 3355 Deo
3423 3315 3626 3373 cogno-

356 3387 417 3441 δὲ
448 3386 537 3440 διὰ
594 3386 701 3439 τῶν
733 3386 1037 3458 εἰρημένων
1080 3386 1141 3439 τὸ
1173 3385 1373 3440 τέλειον
1395 3403 1408 3416 °
1439 3385 1559 3459 ὥρα
1595 3404 1699 3450 σοι,
1731 3381 1776 3441 ὦ
1823 3405 1857 3456 γ

2123 3407 2288 3455 tmur,
2340 3400 2395 3446 et
2441 3391 2601 3445 amici
2654 3389 2747 3444 Dei
2792 3389 3111 3445 eﬂiciamur.
3164 3390 3224 3445 Id
3274 3392 3420 3446 enim
3472 3401 3624 3448 certe

358 3478 503 3546 ναῖε,
541 3476 678 3547 πρὸς
708 3476 769 3529 τὸ
815 3475 1117 3546 ὑπόδειγμα
1149 3475 1388 3546 βλέπειν,
1424 3477 1521 3530 καὶ
1562 3474 1633 3529 τὰ
1657 3476 1723 3529 δι’
1752 3476 1859 3549 ὕψη

2125 3482 2317 3537 rfectio
2351 3489 2458 3545 est,
2494 3488 2555 3534 ut
2575 3494 2687 3535 non
2720 3481 2920 3534 timore
2940 3493 3249 3550 poenarum,
3280 3481 3441 3537 sicuti
3465 3498 3626 3538 man-

357 3567 526 3636 τέρας
557 3567 849 3635 ἀναγωγῆς
877 3564 1220 3637 θεωρηθέντα
1261 3566 1389 3638 περὶ
1419 3565 1527 3620 τῶν
1549 3567 1837 3638 ίστορικῶς

2126 3574 2276 3638 ιίιιιη,
2309 3586 2339 3625 a
2370 3571 2521 3625 vitiis
2550 3570 2818 3633 declines,
2846 3584 2949 3624 nec
2978 3569 3235 3625 virtutem
3262 3585 3359 3640 spe
3381 3574 3627 3640 praemio.

361 3673 431 3730 ρη
441 3658 644 3727 μένων,
679 3656 773 3710 ἐπὶ
791 3656 884 3709 τὸν
909 3656 1036 3710 ἴδιον
1075 3658 1448 3729 μεταφέροντα
1478 3657 1610 3728 βίον,
1632 3658 1862 3730 γνωσθῆτ

2126 3678 2193 3726 m,
2224 3662 2382 3731 quasi
2413 3661 2736 3716 mercatoris
2773 3659 2971 3715 affectu
2998 3661 3056 3715 in
3082 3659 3547 3730 negotiationibus
3570 3673 3627 3721 et

360 3766 420 3801 τε
454 3748 559 3801 ὑπὸ
590 3746 761 3813 Θεοῦ,
787 3749 880 3801 καὶ
918 3748 1070 3817 φίλον
1107 3748 1360 3817 γενέσθαι
1398 3749 1584 3803 αὑτοῦ.
1623 3749 1793 3803 Τοῦτο
1835 3767 1861 3819 γ

2126 3750 2453 3814 ntractibus,
2495 3748 2851 3819 amplectaris
2888 3765 2898 3800 :
2933 3747 3032 3805 sed
3062 3749 3325 3821 neglectis
3353 3752 3515 3807 etiam
3556 3754 3627 3809 iis

359 3841 507 3894 ἐστιν
539 3839 615 3902 ὠς
664 3839 877 3911 ἀληθῶς
923 3841 955 3910 ἡ
996 3840 1301 3912 τελειότης,
1334 3841 1394 3894 τὸ
1447 3841 1522 3912 μὴ
1563 3841 1860 3912 δουλοπρεπ

2124 3857 2169 3897 aa
2223 3841 2280 3895 in
2328 3839 2790 3912 promissionibus
2830 3853 2925 3911 per
2958 3856 3109 3912 spem
3159 3849 3287 3899 sunt
3323 3844 3624 3912 recondita,

362 3927 516 3999 φόϐῳ
550 3928 828 3993 κολάσεως
861 3928 954 3982 τοῦ
992 3930 1133 3983 κατά
1180 3930 1379 3985 κακίαν
1424 3931 1536 4001 βίου
1568 3932 1863 4004 χωρίζεσθο

2125 3947 2216 3986 um
2266 3930 2507 3987 terribile
2552 3931 2840 3986 arbitreris
2877 3930 2946 3987 ab
2989 3930 3231 3987 amicitia
3267 3930 3364 3987 Dei
3394 3933 3622 4003 repelli:

362 4020 501 4090 μηδὲ
546 4021 613 4090 τῇ
665 4018 773 4073 τῶν
824 4019 1032 4090 μισθῶν
1078 4021 1254 4075 ἐλπίδι
1300 4023 1359 4075 τὸ
1416 4023 1622 4091 ἀγαθὸν
1676 4028 1863 4097 ἐνεργε

2120 4038 2221 4076 lum
2254 4021 2553 4093 expetibile
2583 4020 2785 4090 solum,
2831 4021 3131 4077 amicitiam
3178 4021 3304 4089 Dei;
3343 4038 3449 4094 qua
3484 4025 3621 4089 sola,

360 4110 817 4180 πραγματευτικῇ
867 4124 973 4162 τινι
1025 4110 1119 4162 καὶ
1179 4109 1656 4181 συναλλαγματικῇ
1704 4107 1855 4164 διαθέ

2126 4129 2167 4169 ιο
2214 4113 2446 4183 judicio,
2501 4114 2615 4166 vita
2651 4112 2892 4168 hominis
2933 4112 3235 4183 perficitur.
3281 4112 3627 4183 Hom-ipsum

358 4200 938 4273 κατεμπορευομένους
971 4200 1072 4271 τῆς
1115 4201 1371 4274 ἐναρέτου
1406 4201 1551 4273 ζωῆς
1576 4219 1590 4234 ο
1623 4202 1740 4274 ἀλλ’
1769 4204 1859 4256 ὑπε

2127 4205 2143 4260 i
2169 4205 2385 4261 sublata
2417 4203 2486 4258 ad
2517 4204 2842 4259 sublimiora
2874 4219 2938 4258 ac
2970 4203 3243 4258 diviniora
3277 4213 3461 4260 mente
3491 4222 3627 4262 con-

356 4292 573 4355 ιδόντας
623 4291 844 4345 πάντων
875 4291 1102 4344 καὶτῶν
1140 4294 1198 4345 ἐν
1240 4293 1596 4362 ἐπαγγελίαις
1639 4294 1706 4347 δι’
1731 4295 1857 4348 ἐλπί.

2128 4307 2280 4352 :utus
2342 4294 2629 4359 fueris,....
2687 4309 2983 4349 commune
3040 4293 3098 4349 id
3147 4295 3253 4349 erit
3310 4296 3524 4351 lucrum
3571 4298 3629 4353 in

356 4380 759 4451 ἀποκειμένων,
790 4380 950 4451 μόνον
994 4380 1244 4452 ἡγεῖσθαι
1278 4381 1530 4453 φοϐερὸν,
1555 4383 1614 4435 τὺ
1640 4384 1739 4455 τῆς
1761 4385 1853 4455 φιλ

2127 4389 2273 4445 :ristu
2320 4385 2452 4442 Jesu
2497 4385 2730 4442 Domino
2763 4391 2976 4450 nostro,
3014 4385 3102 4440 cui
3143 4386 3321 4441 honor
3358 4387 3628 4459 et’impe-

354 4475 451 4527 τοῦ
478 4472 614 4527 Θεοῦ
650 4474 929 4526 ἐκπεσεῖνο
962 4474 1058 4526 καὶ
1090 4475 1251 4543 μόνον
1271 4473 1451 4544 τίμιόν
1477 4490 1536 4526 τε
1567 4474 1662 4528 καὶ
1680 4476 1855 4548 ἐράσμ

1299 4473 1451 4544 πίμιὸν
1477 4490 1536 4526 τε
1567 4474 1662 4528 καὶ
1680 4476 1942 4548 ἐράσμιον
2050 4478 2195 4532 rium
2240 4478 2295 4532 in
2336 4478 2559 4533 saecula.
2606 4477 2800 4532 Amen.

353 4568 575 4630 ἑαυτοῖς
611 4569 833 4637 κρῖναι,
870 4566 931 4618 τὸ
972 4566 1124 4635 φίλον
1179 4567 1430 4637 γενέσθαι
1475 4566 1631 4639 Θεῷο
1685 4569 1821 4641 ὅπερ
1868 4571 2008 4638 ἐστὶ,
2058 4570 2203 4625 κατά
2245 4586 2310 4639 γε
2344 4569 2434 4623 τὸν
2465 4569 2598 4641 ἐμὸν
2647 4568 2826 4637 λόγον,
2858 4570 2897 4639 ἡ
2922 4569 3198 4641 τελειότης
3240 4569 3334 4623 τοῦ
3388 4568 3523 4640 βίου.
3556 4569 3624 4621 ’Ὀ

350 4677 405 4714 τι
433 4659 480 4713 δ’
504 4659 571 4714 ἀν
598 4660 749 4732 παρά
783 4659 877 4714 σοῦ
910 4661 1047 4731 πρὸς
1091 4661 1153 4715 τὸ
1189 4661 1768 4734 μεγαλοπρεπέστερόν
1788 4680 1850 4717 τε
1892 4664 1987 4719 καὶ
2023 4664 2295 4734 θειότερον
2324 4661 2657 4734 ἐπαρθείσης
2688 4678 2769 4721 σοι
2797 4661 2896 4730 τῆς
2922 4661 3180 4724 διανοίας.
3206 4660 3402 4731 εὑρεθῇ
3422 4677 3438 4692 ο
3489 4660 3622 4714 πολ-

350 4750 461 4806 λῶν
501 4750 592 4804 δέ.
714 4790 730 4805 .
753 4750 1111 4823 εὑρεθήσεται
1145 4769 1157 4782 ’
1190 4752 1366 4806 κοινὸν
1418 4753 1569 4807 ἔσται
1620 4753 1838 4819 πάντως
1907 4755 1970 4810 τὸ
2012 4754 2219 4826 κέρδος,
2266 4756 2324 4809 ἐν
2351 4752 2570 4824 Χριστῷ
2607 4750 2782 4824 Ἰησοῦ
2810 4752 2888 4823 τῷ
2929 4753 3118 4824 Κυρίῳ
3151 4752 3328 4823 ήμῶν,
3354 4745 3398 4819 ᾧ
3420 4754 3453 4821 ἡ
3495 4751 3622 4819 δόξα

352 4846 452 4900 καὶ
477 4843 541 4898 τὸ
579 4843 778 4916 κράτος
811 4845 891 4908 εἰς
918 4844 1042 4908 τοὺς
1066 4843 1284 4909 αἰῶνας.
1329 4845 1517 4917 Ἀμήν.
2274 4882 2289 4899 κ
2891 4849 2904 4856 ’

427 5026 473 5059 ⁸⁸
504 5023 678 5082 Exod.
712 5039 915 5095 nxm,
951 5025 1037 5082 17.
