3800 5980
202 175 299 232 431
1433 172 1487 223 S.
1534 169 1874 227 νοῐιποοιιιι
1929 158 2218 224 NYSSENI
3347 169 3451 224 J33

3070 326 3422 339 ...Μ-ο.

992 555 1223 645 ΤΟΥ
1258 557 1402 641 ΕΝ
1439 552 1803 639 ΑΓΙΟΙΣ
1840 544 2275 636 ΠΛΤΡΟΣ
2323 551 2651 642 ΗΜΩΝ

1346 786 2317 922 ΓΡΗΓΟΡΙΟΥ

1453 1041 1860 1111 ,ΕΠῙΣΚΟΠΟΥ
1894 1038 2166 1096 ΝΥΣΣΗΣ

1260 1228 1805 1318 ΠΡΩΤΟΝ
1865 1226 2406 1315 ΒΙΒΛΙΟΝ

482 1476 722 1590 ΕΙΣ
759 1476 1075 1592 ΤΗΝ
1131 1475 2019 1647 ΕΠΙΓΡΑΦΗΝ
2076 1474 2378 1589 ΤΩΝ
2434 1470 3135 1597 ΨΑΔΜΩΝ.

1781 1741 1862 1755 μ

1038 1936 1197 2093 S.
1267 1944 1439 2091 Ι).
1511 1940 1693 2092 Ν.
1750 1911 2674 2096 GBEGORII

1497 2278 1806 2338 EPISCOPI
1842 2279 2135 2337 NYSSENI

1247 2479 1929 2605 TR‘ACTATUS
2018 2478 2394 2571 PRIOR

655 2741 804 2857 IN
889 2732 1753 2854 PSALMORUM
1844 2730 2992 2848 INSGRIPTIONES.
3086 2893 3092 2899 ῃ

1212 2981 1488 3039 JACOBO
1527 2977 1907 3036 GRETSERO
1948 2978 2448 3036 INTERPRETE.

1782 3196 1850 3205 -ο

522 3363 778 3434 Prw/alio
809 3363 878 3417 ad
911 3364 1138 3417 amicum
1172 3366 1468 3435 quemdam.
1804 3384 1849 3438 Α

1804 3384 1849 3438 Α
2293 3366 2609 3435 Προοίμιον
2645 3367 2794 3435 πρὸς
2832 3370 3033 3437 φίλον.

274 3478 403 3536 Feci
433 3479 576 3550 quod
603 3479 837 3550 iussisti,
861 3494 893 3533 o
935 3478 1096 3532 homo
1145 3478 1260 3546 Dei,
1292 3487 1544 3550 prompte
1572 3487 1628 3535 et
1659 3479 1775 3533 ala-

1962 3475 2257 3546 Ἐδεξάμην
2297 3492 2390 3528 σου
2421 3476 2481 3529 τὸ
2513 3477 2787 3548 ἐπίταγμα
2839 3480 2975 3549 μετά
3010 3481 3312 3552 προθυμίας
3345 3470 3442 3553 (θ’

208 3576 394 3642 criter,
426 3574 669 3644 mihique
717 3573 969 3627 similiter
1017 3587 1080 3626 ac
1111 3571 1206 3627 tibi
1239 3574 1341 3627 hac
1372 3588 1537 3644 opera
1565 3572 1702 3642 grati

1952 3566 2202 3637 ἄνθρωπε
2245 3566 2339 3618 τοῦ
2378 3567 2531 3632 Θεοῦ,
2575 3570 2712 3622 κατὰ
2758 3571 2818 3622 τὸ
2849 3572 2958 3625 ἴσον
2988 3573 3111 3642 ἐμοί
3149 3590 3208 3625 τε
3241 3575 3331 3627 καὶ
3366 3568 3449 3621 σοὶ

209 3666 320 3721 cari
368 3666 535 3731 volui,
581 3665 932 3734 animumque
980 3664 1047 3718 ad
1070 3656 1413 3719 Psalmorum
1460 3663 1706 3733 inscripti

1948 3676 1975 3712 ν
2025 3659 2256 3731 σπουδὴν
2298 3660 2671 3731 χαριζόμενον,
2710 3663 2801 3715 καὶ
2851 3665 3150 3735 προσέσχον
3179 3668 3300 3729 ταῖς
3340 3666 3449 3719 τῶν

210 3774 307 3813 nes
337 3757 532 3823 adjeci.
579 3754 692 3809 Hoc
736 3756 883 3810 enim
950 3755 1105 3807 nobis
1162 3756 1604 3825 imperasu,quis
1666 3754 1711 3807 il?

1949 3749 1984 3801 ,λ
1991 3750 2105 3819 μῶν
2122 3752 2469 3822 ἐπιγραφαῖς.
2492 3752 2660 3805 Τοῦτο
2674 3754 2780 3824 γὰρ
2803 3756 2932 3824 ἡμῖν
2958 3756 3222 3820 ἐπέταξας
3238 3757 3450 3827 διερευ-

209 3850 391 3906 subsit
420 3863 635 3911 sensus,
666 3855 723 3900 ut
754 3847 1007 3900 omnibus
1039 3846 1132 3899 ﬁat
1169 3848 1516 3916 perspicuum
1545 3846 1598 3899 id
1631 3862 1710 3915 qu:

1950 3840 2140 3894 σασθαι
2179 3840 2253 3909 (2)
2297 3840 2394 3910 τὴν
2438 3841 2874 3913 ἐνθεωρουμένην
2924 3845 3149 3909 ταύταις
3190 3846 3447 3909 διάνοιαν,

207 3956 310 3997 nos
339 3954 434 4009 per
467 3938 586 3992 illas
614 3936 678 3990 ad
711 3936 966 3990 virtutem
996 3936 1267 3991 adducere
1301 3944 1500 4005 potest.
1536 3936 1706 4006 Dilige

1948 3934 2115 3993 ῖπᾶσι
2163 3931 2413 3999 γενέσθαι
2458 3932 2613 4003 δῆλον
2656 3934 2716 3986 τὸ
2754 3935 2840 3989 διὰ
2889 3935 3092 3990 τούτων
3129 3939 3275 4007 ἡμᾶς
3312 3938 3449 4008 πρὸς

211 4034 348 4088 tiore
404 4029 572 4099 igitur
627 4028 923 4081 attentione
970 4034 1087 4082 toto
1119 4027 1457 4083 Psalmorum
1504 4028 1706 4082 volumi

1949 4021 2078 4091 πετὴν
2112 4022 2370 4092 όδηγῆσαι
2403 4024 2476 4093 (5)
2521 4024 2834 4095 δυνάμενον.
2872 4028 3026 4099 Πάσῃ
3061 4028 3237 4081 ¹,τοίνυν
3265 4032 3331 4099 τῇ
3369 4028 3450 4097 βί-

211 4117 848 4180 cxcusso,nccessarium
873 4116 1023 4179 duxi,
1049 4132 1155 4170 non
1198 4118 1268 4172 ab
1310 4118 1444 4187 ipsis
1471 4118 1712 4187 inscripti

1948 4130 1992 4182 ῳ
2022 4112 2131 4165 τῶν
2154 4113 2403 4182 Ψαλμῶν
2444 4114 2582 4184 μετὰ
2604 4114 2849 4179 πλείονος
2879 4120 2978 4188 τῆς
3008 4119 3284 4190 προσοχῆς
3312 4119 3448 4172 καθ-

211 4213 373 4267 nibus
399 4209 819 4280 disputationem
844 4208 1122 4271 inchoare,
1162 4208 1256 4262 scd
1297 4207 1365 4261 de
1393 4215 1504 4261 tota
1534 4208 1712 4263 Psalm

2012 4205 2166 4273 ήσας,
2199 4205 2490 4273 ἀναγκαῖον
2522 4205 2703 4276 ᾠήθην
2734 4206 2806 4278 μὴ
2840 4207 2949 4260 ἀπὸ
2985 4208 3093 4262 τῶν
3129 4210 3451 4281 ἐπιγραφῶν
3509 4234 3513 4237 ·

213 4319 332 4359 rum
368 4302 663 4372 scriptione
712 4300 1171 4356 introductionem
1202 4300 1495 4369 quamdam
1547 4315 1712 4369 prtem

1948 4293 2145 4359 ιξασθαι
2175 4297 2271 4366 τῆς
2309 4297 2614 4360 ὑποθέσεως
2650 4297 2747 4367 (4),
2777 4298 2912 4352 ἀλλὰ
2941 4301 3069 4371 περὶ
3099 4301 3279 4370 πάσης
3315 4301 3449 4371 ὁμοῦ

214 4392 442 4459 tere,'ad
471 4393 867 4448 accuratiorem
915 4393 1133 4447 latentis
1164 4392 1448 4447 sententiae
1475 4391 1714 4461 intellige

1952 4405 1979 4449 ς
2005 4386 2319 4457 ψαλμῳδὶας
2357 4387 2574 4457 μέθοδόν
2607 4389 2681 4458 (5)
2705 4378 2833 4444 ’τινα
2872 4391 3007 4462 πρὸς
3039 4393 3137 4462 τὴν
3176 4393 3283 4445 τῶν
3331 4410 3453 4462 νοη-

213 4487 508 4552 tiam;qua
538 4482 686 4536 velut
706 4481 897 4536 ordine
950 4481 1185 4551 quodam
1230 4480 1544 4544 elliciemus,
1588 4489 1646 4535 ut
1678 4488 1714 4535 ιι

1952 4480 2071 4533 ιτων
2115 4480 2438 4549 κατανόησιν
2472 4482 2724 4549 τεχνικὴν
2750 4482 3109 4551 προεκθέσθαι
3140 4483 3214 4553 (6)
3238 4501 3254 4516 ο
3287 4484 3355 4537 δι’
3384 4480 3453 4555 ἦς

212 4575 380 4630 ctatio
414 4587 633 4643 quoque
662 4572 727 4627 de
768 4564 1216 4642 inscriptionibus
1244 4573 1445 4626 clarior
1500 4570 1713 4626 reddatt

1976 4571 2069 4625 τοῦ
2100 4572 2389 4625 ἀκολούθου
2438 4572 2529 4625 καὶ
2560 4574 2587 4625 ὁ
2634 4574 2761 4643 περὶ
2804 4574 2912 4627 τῶν
2958 4576 3276 4645 ἐπιγραφῶν
3323 4578 3452 4647 ἡμῖν

214 4668 353 4721 Ante
374 4665 554 4721 omnia
576 4673 755 4721 autem
774 4673 989 4735 oportet
1012 4665 1323 4735 scriptionis
1352 4664 1515 4734 hujus
1532 4678 1715 4732 scopui

1956 4664 2344 4735 φηνισθήσεται
2407 4664 2579 4733 λόγος.
2647 4665 2766 4736 Χρὴ
2819 4666 2996 4720 τοίνυν
3068 4668 3281 4738 πρῶτον
3356 4670 3453 4739 μὲν

216 4757 283 4815 ad
314 4772 476 4827 quem
508 4756 780 4826 dirigitur,
804 4727 1159 4811 considerare
1183 4773 1197 4819 ;
1224 4727 1513 4810 deindc'ea
1549 4727 1717 4808 artiﬁc

1949 4727 1978 4811 ν
2004 4727 2203 4810 σκοπὸν
2252 4756 2352 4825 τῆς
2390 4727 2606 4825 γραφῆς
2654 4727 2856 4827 τάύτης
2894 4759 3030 4829 πρὸς
3079 4727 3122 4813 ὅ¹
3147 4779 3199 4813 τι
3247 4727 3450 4831 βλέπει,

216 4864 331 4919 quae
360 4849 427 4904 ad
473 4850 806 4919 propositum
860 4864 1083 4904 sensum
1143 4848 1440 4902 eruendum
1493 4847 1651 4917 quasi
1691 4863 1717 4915 p

1982 4851 2212 4916 τανοῆσαι
2232 4863 2246 4878 ·
2284 4842 2401 4899 εἶτα
2427 4845 2525 4909 τὰς
2553 4847 2620 4900 δι’
2654 4848 2945 4903 ἀκολούθου
2969 4850 3105 4921 πρὸς
3131 4851 3193 4905 τὸ
3232 4853 3454 4923 προκεί-
3476 4836 3483 4848 ’

217 4956 559 5011 ronsequens
592 4940 822 5004 faciunt,
861 4939 1051 4994 sedqu
1098 4938 1487 5009 pervestigare,
1522 4953 1641 5008 quae
1662 4954 1718 5007 qi

1957 4957 2044 4993 νον
2075 4938 2184 4991 τῶν
2221 4938 2506 5008 νοημάτων
2536 4941 2878 5004 κατασκευὰς
2926 4942 3174 5009 συνιδεῖν,
3206 4942 3268 5007 ἃς
3320 4945 3454 4997 ὐπο-

217 5031 334 5085 dem
390 5033 627 5087 ostendit
660 5040 774 5086 tum
807 5029 943 5084 ordo
972 5029 1340 5093 Psalmorum,
1395 5030 1461 5083 ad
1518 5030 1713 5100 cujusq

1955 5028 2192 5097 ῖκνυσινῆ
2221 5046 2278 5080 τε
2307 5029 2457 5092 τάξις
2497 5028 2605 5082 τῶν
2640 5030 2869 5100 ψαλμῶν
2900 5033 3033 5104 πρὸς
3062 5035 3159 5104 τὴν
3199 5034 3292 5087 τοῦ
3326 5052 3456 5088 axo-

214 5120 375 5177 tinem
459 5120 898 5193 cognoscendum
962 5122 1371 5175 accommodate
1441 5120 1711 5190 dispositu

1958 5121 1985 5173 ὖ
2026 5121 2224 5188 γνῶσιν
2273 5116 2331 5172 εὖ
2381 5120 2695 5194 διακειμένη
2761 5124 2872 5197 (7),
2938 5127 3030 5180 καὶ
3079 5127 3147 5181 τὰ
3191 5112 3457 5200 τμήματα

310 5319 359 5389 Ι)
380 5318 540 5385 Quid.
572 5320 765 5389 πάσης.
990 5387 996 5389 _

990 5387 996 5389 _
1962 5320 2037 5389 (ἴὶ)
2077 5321 2318 5389 Ἔφοδον,
2341 5324 2428 5376 ed.

305 5388 361 5459 2)
396 5387 1220 5459 ιιᾎίουάάηδιερμηνεύσασθαι,
1247 5393 1331 5446 ed.

1057 5389 1220 5455 ισοαι,
1247 5393 1331 5446 ed.
1958 5387 2032 5457 (6)
2077 5387 2453 5458 ’Υπεκθέσθαι,
2474 5394 2558 5449 ed.

281 5458 358 5535 (ὃ)
386 5458 626 5535 ἶρὲἧσέιιν
652 5458 737 5511 θά-
1066 5531 1104 5535 __

1093 5531 1104 5535 _
1957 5461 2033 5531 (7)
2062 5461 2476 5534 Διακεκριμένῃ.
2510 5464 2594 5518 ed.

283 5526 362 5599 (4)
386 5526 713 5598 Ἐξετάσεως
738 5528 978 5581 nonnulli
1012 5531 1132 5600 μέο.
