3756 5988
307 252 404 307 135

1690 255 1756 309 ΙΝ
1796 253 2131 311 PSALMOS.

3432 256 3540 314 £33

307 367 499 429 παντὸς
540 366 636 420 τοῦ
686 365 888 435 βιϐλίου
936 366 1091 431 ἰδίαις
1135 367 1242 421 τισὶ
1293 370 1656 440 περιγραφαῖς
1688 370 1866 440 ὁριζό-

2042 384 2082 423 m
2145 370 2308 425 etiam
2359 369 2526 426 totius
2555 369 2679 426 libri
2704 370 3015 426 distributio
3044 370 3283 444 propriis
3310 372 3537 443 quibus-

308 476 458 530 μενα,
496 460 734 529 πενταχῆ
768 461 945 529 πάσης
977 460 1077 529 τῆς
1124 462 1180 512 ἐν
1231 464 1343 523 τοῖς
1367 462 1617 531 Ψαλμοῖς
1655 479 1868 531 προφη-

304 553 448 613 τείας
478 550 859 621 διαιρεθείσης.
893 545 993 603 Ὦν
1039 551 1272 622 μετρίως
1303 553 1865 622 προκατανοηθέντων,

304 638 697 709 γνωριμωτέρα
733 641 865 710 ἡμῖν
911 641 945 709 ἡ
996 641 1059 693 ὲκ
1090 640 1198 695 τῶν
1247 642 1471 712 γραφῶν
1510 642 1585 713 (8)
1635 642 1871 713 ὠφέλεια

304 730 607 799 γενήσεται,
644 727 732 782 διὰ
774 720 876 800 ’τῆς
923 730 1030 785 τῶν
1078 732 1577 802 προεξετασθέντων
1608 736 1869 805 κατανοή-

310 837 440 883 σεως
486 820 884 892 φανερουμένη.
945 822 1421 897 Ἀρκτέον-τοίνυν
1477 824 1722 879 ἐντεῦθεν
1770 828 1868 896 τῆς

309 911 557 982 θεωρίας.

717 1104 1111 1187 ΚΕΦᾹΛΑΙΟΝ
1164 1133 1479 1186 IIPQTUN:

372 1269 538 1332 Τέλος
581 1267 676 1321 τοῦ
730 1269 851 1322 κατ’
896 1267 1097 1339 ἀρετὴν
1146 1266 1262 1337 βίου
1314 1266 1648 1337 μακαριότης
1701 1265 1867 1318 ἐστίν.

307 1361 418 1414 Πᾶν
451 1360 562 1431 γὰρ
608 1360 671 1413 τὸ
715 1359 856 1413 κατά
896 1360 1127 1429 σπουδὴν
1160 1357 1588 1430 κατορθούμενον
1638 1357 1773 1427 πρός
1818 1373 1871 1410 τι

306 1452 400 1523 τὴν
445 1450 723 1521 ἀναφορὰν
770 1450 984 1514 πάντως
1022 1449 1154 1521 ἔχει.
1194 1450 1305 1503 Καὶ
1339 1448 1591 1521 ὥσπερὴ
1645 1449 1743 1518 μὲν
1789 1450 1872 1501 ἱα-

305 1543 465 1613 τρικὴ
503 1543 640 1614 πρὸς
666 1544 764 1613 τὴν
798 1543 986 1611 ὑγείαν
1016 1546 1141 1615 ὁρᾷ,
1170 1544 1267 1613 τῆς
1298 1543 1355 1596 δὲ
1392 1541 1665 1613 γεωργίας
1694 1543 1721 1594 ό
1743 1559 1868 1595 σκο-

306 1634 401 1697 πὸς
434 1634 569 1704 πρὸς
614 1633 676 1688 τὸ
723 1633 819 1704 ζῇν
852 1635 966 1687 ἐστι
1013 1635 1364 1705 παρασκευή·
1400 1632 1540 1686 οὕτω
1586 1633 1680 1686 καὶ
1708 1635 1741 1704 ἡ
1772 1632 1871 1703 τῆς

1975 460 2098 513 dam
2133 459 2380 514 terminis
2437 461 2881 531 circumscripta;
2961 477 3086 516 nam
3169 464 3408 534 quinque
3484 465 3538 519 in

1975 554 2155 618 partes
2188 554 2303 602 tota
2354 547 2691 604 Psalmorum
2733 540 3018 621 prophetia
3076 551 3356 607 dividitur.
3409 553 3543 619 Qui-

1974 639 2077 693 bus
2109 646 2384 709 utcunque
2414 642 2786 710 praacognitis,
2815 643 3000 697 notior
3032 643 3192 698 nobis
3220 645 3410 699 evadet
3443 646 3544 699 uti-

1974 727 2121 791 litas,
2151 743 2271 797 quae
2294 743 2360 783 ex
2413 729 2864 799 inscriptionibus
2921 733 3240 802 percipitur,
3273 732 3543 803 patefacta

1973 819 2226 874 videlicet
2256 834 2351 889 per
2379 835 2441 875 ea
2466 835 2586 891 quae
2616 823 2769 893 prius
2788 838 2818 876 a
2841 823 3000 879 nobis
3025 823 3227 878 fuerint
3242 825 3543 880 luculenter

1971 910 2237 980 exposita.
2253 908 2392 965 Hinc
2412 911 2577 984 igitur
2602 914 3053 970 considerationis
3077 915 3238 985 hujus
3261 914 3547 971 exordium

1974 1000 2297 1056 sumendum
2318 1010 2421 1057 est.

2492 1132 2721 1192 CAPUT
2752 1133 3039 1190 PRIMUM.

2042 1266 2193 1322 Finis
2224 1266 2349 1323 vitae
2382 1282 2448 1323 ex
2496 1269 2718 1324 virtutis
2771 1270 3091 1339 praescripto
3150 1268 3413 1325 instituta:
3461 1276 3545 1325 est

1971 1358 2277 1413 beatitudo.
2306 1358 2581 1428 Quidquid
2611 1360 2755 1414 enim
2785 1359 2927 1415 serio
2951 1371 3005 1415 et
3032 1360 3325 1415 deliberate
3344 1350 3542 1430 agitur,

1975 1448 2042 1503 ad
2082 1449 2288 1520 aliquid
2314 1451 2632 1506 relationem
2664 1451 2862 1506 habeat
2895 1467 3121 1507 necesse
3150 1458 3252 1506 est.
3277 1452 3340 1505 Et
3361 1466 3548 1520 quem-

1977 1541 2269 1596 admodum
2339 1541 2609 1597 medicina
2678 1542 2964 1613 sanitatem
3035 1548 3261 1613 spectat,
3314 1541 3545 1612 ﬁnisque

1978 1632 2321 1703 agriculturae
2362 1640 2447 1687 est
2504 1620 2688 1687 rerum
2743 1633 2809 1687 ad
2845 1632 3047 1687 victum
3109 1633 3544 1688 necessariarum

303 1726 504 1796 ἀρετῆς
551 1726 743 1795 κτῆσις
776 1726 911 1796 πρὸς
939 1725 998 1779 τὸ
1042 1726 1307 1797 μακάριον
1336 1724 1586 1795 γενέσθαι
1614 1725 1705 1778 τὸν
1749 1724 1867 1778 κατ’

2042 1724 2291 1792 reparatio
2323 1741 2334 1776 :
2371 1723 2451 1777 sic
2473 1731 2527 1778 et
2557 1723 2775 1778 virtutis
2802 1723 3076 1792 possessio
3104 1723 3233 1777 inid
3264 1738 3428 1783 unum
3461 1724 3546 1776 in:

303 1816 473 1886 αὐτὴν
522 1818 696 1881 ζῶντα
732 1816 933 1887 βλέπει,
972 1815 1129 1870 τοῦτο
1160 1819 1266 1889 γὰρ
1296 1818 1492 1881 παντὸς
1518 1816 1611 1870 τοῦ
1642 1816 1781 1870 κατὰ
1810 1816 1875 1871 τὸ

304 1906 506 1975 ἀγαθὸν
556 1907 843 1977 νοουμένου
900 1908 1189 1977 κεφάλαιον
1242 1909 1337 1961 καὶ¹
1386 1908 1558 1979 πέρας
1606 1909 1741 1962 ἐστί.
1798 1909 1871 1961 Τὸ

307 1999 403 2067 μὲν
436 1994 526 2051 οὖν
569 1998 781 2068 ἀληθῶς
811 2016 867 2051 τε
897 2000 989 2052 κοιλ⁹
1029 2000 1230 2071 κυρίως
1263 2002 1318 2052 ὲν
1350 1999 1425 2069 τῷ
1474 1998 1661 2070 ὑψηλῷ
1698 1998 1870 2069 τούτῳ

303 2091 535 2160 νοήματι
567 2089 934 2162 θεωρούμενόν
963 2108 1021 2143 τε
1046 2092 1139 2145 καὶ
1166 2090 1473 2161 νοούμενον,
1499 2092 1533 2162 ἡ
1565 2090 1681 2143 Θεία
1711 2089 1872 2158 φύσις

302 2179 511 2248 λέγοιτο
544 2182 610 2235 ἂν
646 2183 887 2246 εἰκότως.
920 2182 1075 2235 Οὕτω
1124 2181 1230 2254 γὰρ
1258 2185 1286 2237 ό
1322 2183 1496 2255 μέγας
1535 2183 1744 2248 Παῦλος
1778 2174 1873 2238 τὸν

304 2274 436 2324 θεὸν
494 2272 765 2342 ὀνομάζει,
817 2272 1033 2326 πάντων
1073 2273 1180 2326 τῶν
1228 2273 1549 2344 θεολογικῶν
1594 2277 1872 2346 ὀνομάτων

307 2363 532 2436 προθεὶς
576 2364 637 2416 τὸ
685 2363 760 2435 (9)
813 2364 1105 2435 μακάριον,
1152 2364 1208 2419 ἐν
1256 2383 1361 2419 τινι
1420 2368 1530 2419 τῶν
1575 2367 1874 2421 ἐπιστολῶν

302 2457 503 2510 οὑτωσὶ
554 2456 768 2527 γράψας
814 2460 923 2520 τοῖς
982 2458 1256 2528 ῥήμασιν’
1321 2460 1383 2511 '0
1432 2458 1723 2528 μακάριος
1774 2462 1872 2514 καί

301 2551 494 2618 μόνος
518 2547 844 2616 δυνάστης,
877 2552 908 2602 ό
941 2549 1240 2615 Βασιλεὺς
1269 2549 1387 2604 τῶν
1412 2554 1876 2616 ,ϐασιλευόντων

304 2640 402 2693 καὶ
437 2640 655 2709 Κύριος
677 2639 797 2693 τῶν
825 2643 1242 2708 κυριευόντων,
1267 2644 1299 2695 ό
1322 2644 1511 2711 μόνος
1548 2642 1705 2713 ἔχων
1727 2644 1875 2699 ἀθα-

302 2734 548 2797 νασίαν,
601 2732 728 2802 φῶς
782 2732 961 2787 οἰκῶν
1002 2727 1370 2806 ἢπρόσιτον,
1429 2735 1503 2789 ὂν
1555 2732 1715 2789 εἶδεν
1761 2735 1873 2807 (10)

303 2822 507 2887 οὐδεὶς
524 2823 866 2891 ἀνθρώπων,
894 2824 1034 2879 οὐδὲ
1057 2827 1203 2881 ἰδεῖν
1221 2826 1488 2889 δύναται,
1524 2818 1572 2892 ᾧ
1602 2825 1756 2895 τιμὴ,
1777 2827 1875 2881 καί

304 2914 522 2982 κράτος
547 2915 803 2970 αἰώνιον.
828 2918 1009 2972 Ταῦτα
1039 2918 1147 2991 γάρ
1174 2919 1348 2973 πάντα
1368 2918 1435 2972 τὰ
1457 2918 1635 2988 ὑψηλά
1670 2920 1796 2989 περὶ
1814 2919 1876 2973 τὸ

300 3006 455 3060 Θεῖον
475 3006 741 3076 νοήματα,
764 3008 903 3062 κατά
935 3025 998 3077 γε
1039 3009 1130 3063 τὸν
1156 3010 1284 3081 ἐμὸν
1320 3009 1496 3077 λόγον,
1538 3010 1759 3080 ὁρισμὸς
1806 3010 1873 3063 ἂν

1976 1814 2168 1879 tendit,
2206 1820 2265 1868 ut
2295 1814 2515 1868 beatum
2549 1812 2745 1868 efﬁciat
2780 1828 2902 1867 eum
2922 1814 3013 1882 qui
3043 1810 3342 1867 secundum
3372 1811 3545 1865 virtu:

1973 1913 2077 1960 tem
2107 1905 2273 1960 vitam
2324 1903 2469 1975 degit
2507 1921 2522 1960 :
2565 1904 2669 1959 hoc
2713 1904 2857 1960 enim
2894 1902 3075 1959 omnis
3123 1902 3274 1969 boni,
3304 1909 3357 1956 et
3383 1901 3546 1972 quid-

1972 1994 2100 2064 quid
2148 1994 2202 2049 in
2229 1994 2373 2049 bono
2415 1994 2738 2065 concipitur,
2800 2003 2964 2065 caput
3015 2004 3098 2050 est
3151 2002 3205 2050 et
3253 1994 3543 2048 terminus.

1972 2084 2128 2152 Quod
2180 2094 2361 2140 autem
2388 2100 2515 2141 vere
2552 2093 2607 2141 et
2656 2085 2876 2156 proprie
2909 2086 2965 2140 in
3018 2085 3122 2140 hac
3176 2092 3287 2138 tam
3321 2084 3543 2139 sublimi

1972 2173 2326 2230 beatitudinis
2353 2174 2575 2228 notione
2624 2181 2677 2229 et
2735 2175 2948 2229 ratione
2990 2174 3315 2244 concipitur,
3341 2173 3393 2227 id
3420 2172 3546 2242 jure

1972 2267 2177 2336 optimo
2209 2266 2407 2321 dixerit
2456 2266 2581 2336 quis
2635 2266 2807 2336 ipsam
2849 2266 3087 2321 divinam
3119 2273 3371 2318 naturam
3401 2278 3544 2318 esse.

1974 2357 2066 2411 Sic
2102 2358 2244 2412 enim
2278 2372 2507 2427 magnus
2542 2356 2633 2412 ille
2677 2356 2880 2412 Paulus
2920 2357 3090 2412 Deum
3123 2355 3387 2417 nominat,
3418 2369 3542 2408 cum

1972 2462 2038 2501 ex
2067 2447 2323 2507 erunibus
2370 2447 2574 2503 divinis
2640 2447 3119 2517 appellationibus,
3167 2445 3320 2500 Beati
3351 2458 3549 2499 nomen

1972 2540 2026 2593 in
2059 2539 2291 2608 quadam
2322 2554 2388 2593 ex
2417 2538 2533 2593 suis
2581 2538 2843 2607 Epistolis
2884 2539 3062 2609 primo
3097 2539 3219 2592 loco
3249 2536 3418 2607 ponit,
3462 2533 3549 2587 his

1971 2629 2153 2684 verbis
2181 2646 2194 2682 :
2227 2627 2423 2681 Beatus
2451 2636 2500 2681 et
2529 2627 2672 2681 solus
2708 2636 2908 2696 potens,
2948 2627 3059 2681 Rea:
3104 2641 3306 2697 regum,
3339 2634 3388 2680 et
3430 2622 3538 2676 Do-

1974 2720 2148 2772 minus
2176 2718 2586 2783 dominantium,
2608 2719 2698 2786 qui
2723 2718 2869 2772 solus
2898 2718 3052 2772 habet
3075 2716 3548 2777 inmortalitatem,

1975 2809 2137 2863 lucem
2163 2792 2408 2862 habitans
2433 2809 2864 2872 inarcessibilem,
2897 2825 3046 2880 quem
3093 2825 3242 2863 nemo
3282 2810 3552 2865 hominum

1972 2900 2121 2965 uidit,
2153 2917 2245 2954 nec
2274 2900 2444 2955 videre
2466 2909 2658 2970 potest,
2696 2901 2783 2953 cui
2815 2900 2982 2955 honor
2997 2909 3045 2955 et
3068 2901 3342 2970 imperium
3368 2904 3553 2970 sempi-

1981 2992 2264 3048 ternum”.
2303 2991 2428 3046 llaec
2458 2991 2603 3046 enim
2640 2991 2824 3046 omnia
2873 2997 2983 3044 tam
3025 2992 3282 3046 sublimia
3331 2992 3399 3046 de
3430 2992 3541 3048 Deo

303 3098 385 3166 εἴη
416 3055 834 3169 μακαριότητος.
864 3101 927 3153 Et
946 3055 958 3077 .
979 3101 1086 3174 γάρ
1122 3055 1636 3174 τιῖὲρωτηθείη,ῗιί
1664 3055 1783 3157 ἔστι
1815 3104 1867 3157 τὲ

2042 3083 2214 3152 ηείιιιιει
2268 3091 2322 3137 et
2362 3083 2733 3152 pronuntiata,
2770 3096 2889 3136 meo
2929 3080 3147 3151 quidem
3194 3081 3423 3151 judicio,
3459 3082 3551 3137 dc-

308 3190 601 3260 μακάριον,
630 3191 731 3245 οὐκ
760 3190 826 3245 ἂν
854 3193 956 3262 τῆς
984 3193 1240 3259 εὐσεόοὖς
1274 3195 1613 3267 ἀποκρίσεως
1647 3196 1877 3268 ἁμάρτοι

306 3276 751 3351 ἐπακολουθήσας
777 3285 845 3353 τῇ
873 3283 1086 3337 Παύλου
1121 3287 1291 3356 φωνῇ,
1319 3286 1412 3339 καὶ
1437 3285 1627 3349 εἰπὼν,
1666 3286 1748 3339 ὅτι
1777 3303 1878 3355 μα-

306 3368 498 3440 κάριόν
532 3371 699 3437 ἐστιν,
740 3371 769 3423 ὃ
805 3372 1007 3443 κυρίως
1043 3374 1258 3443 λέγεται
1286 3376 1380 3429 καὶ
1413 3374 1663 3446 πρώτως,
1713 3377 1745 3446 ἡ
1781 3374 1875 3428 τοῦ

307 3461 508 3525 παντὸς
524 3462 783 3517 ἐπέκεινα
803 3464 989 3533 φύσις·
1010 3465 1072 3518 τὸ
1086 3466 1141 3518 δὲ
1176 3467 1233 3518 ὲν
1264 3465 1567 3536 ἀνθρώποις
1589 3465 1874 3536 μακάριον,

304 3555 370 3624 τῇ
409 3552 627 3623 μεθέξει
650 3555 744 3607 τοῦ
787 3555 955 3619 ὅντως
973 3556 1141 3624 ὄντος,
1172 3557 1347 3610 ἐκεῖνο
1378 3556 1556 3620 ποσῶς
1583 3557 1791 3625 γίνεταί
1819 3573 1878 3608 τε

307 3647 399 3698 καὶ
422 3645 774 3716 ὀνομάζεται,
798 3648 933 3719 ὅπερ
955 3650 988 3718 ἡ
1015 3647 1106 3701 τοῦ
1140 3649 1500 3720 μετεχομένου
1527 3649 1684 3718 φύσις
1712 3650 1875 3704 ἐστίν.

308 3738 518 3791 Ούκοῦν
555 3739 679 3809 ὅρος
731 3739 847 3792 ἐστὶ
890 3739 985 3809 τῆς
1018 3739 1361 3812 ἀνθρωπίνης
1415 3741 1811 3812 μακαριότητος
1843 3744 1875 3811 ἡ

308 3829 445 3899 πρὸς
492 3828 555 3881 τὸ
587 3826 870 3899 (11)Θεῖον
901 3830 1177 3900 ὁμοίωσις.
1226 3831 1378 3884 Ἐπεὶ
1422 3827 1514 3884 οὖν
1558 3832 1619 3885 τὸ
1667 3832 1879 3903 ἀληθῶς

307 3920 532 3987 ἀγαθὸν,
570 3921 689 3990 ἦτοι
738 3921 798 3972 τὺ
842 3920 1094 3975 ἐπέκεινα
1125 3922 1218 3974 τοῦ
1256 3922 1483 3990 ἀγαθοῦ,
1524 3922 1678 3977 τοῦτο
1722 3923 1880 3994 μόνον

307 4012 424 4064 ἐστὶ
478 4012 573 4066 καὶ
612 4012 724 4083 (12)
774 4013 1042 4083 μακάριον
1089 4014 1180 4067 καὶ
1225 4013 1444 4085 ὀρεκτὸν
1488 4018 1553 4085 τῇ
1609 4014 1786 4083 φύσει,
1819 4006 1880 4066 οὗ

309 4105 417 4156 πᾶν
448 4102 510 4155 τὸ
540 4102 764 4173 μετέχον
795 4103 1063 4175 μακάριον
1106 4105 1335 4172 γίνεται,
1363 4104 1542 4169 καλῶς
1570 4107 1603 4175 ἡ
1637 4104 1754 4158 θεία
1784 4106 1881 4175 τῆς

305 4194 629 4265 ψαλμῳδίας
656 4194 843 4266 γραφὴ
870 4195 959 4249 διά
979 4212 1123 4259 τινος
1158 4197 1410 4267 τεχνικῆς
1435 4213 1492 4250 τε
1524 4196 1617 4250 καὶ
1647 4196 1881 4265 φυσικῆς

308 4285 651 4350 ἀκολουθίας,
697 4286 798 4356 τὴν
851 4287 986 4357 πρὸς
1038 4287 1196 4339 τοῦτο
1247 4288 1381 4357 ἡμῖν
1414 4286 1528 4358 (15)
1575 4287 1693 4340 ὁδὸν
1746 4287 1881 4339 ὑπο-

1986 3174 2288 3228 tiuitionem
2371 3172 2728 3228 beatitudinis
2794 3173 3098 3227 continent.
3154 3171 3286 3226 Nam
3336 3176 3380 3228 si
3433 3173 3556 3242 quis

1981 3274 2189 3333 quaerat
2214 3263 2342 3333 quid
2379 3262 2451 3318 sit
2479 3263 2782 3327 beatitudo,
2834 3262 2980 3317 haud
3003 3278 3134 3317 sane
3156 3277 3185 3316 a
3220 3270 3368 3317 recta
3382 3269 3436 3317 et
3468 3263 3556 3332 pia

1981 3356 2352 3424 responsione
2387 3355 2745 3419 aberraverit,
2789 3355 2837 3410 si
2884 3368 3072 3408 vocem
3118 3353 3273 3407 Pauli
3312 3363 3553 3417 secutus,

1978 3444 2143 3511 dicat,
2204 3443 2454 3507 Beatum,
2502 3443 2647 3514 quod
2698 3443 2916 3513 proprie
2944 3453 2998 3498 et
3032 3444 3295 3512 primario
3330 3445 3436 3499 tale
3473 3444 3560 3498 di-

1979 3534 2145 3599 citur,
2183 3549 2304 3589 esse
2349 3541 2597 3586 naturam
2644 3533 2827 3595 illam,
2872 3547 2992 3601 quae
3030 3541 3113 3587 est
3159 3548 3324 3602 super
3351 3536 3564 3599 omnia;

1978 3625 2202 3681 Beatum
2233 3640 2365 3681 vero
2422 3624 2567 3694 quod
2620 3625 2761 3677 inter
2809 3623 3059 3679 homines
3119 3626 3412 3693 reperitur,
3454 3626 3559 3680 tale

1980 3733 2105 3773 esse
2127 3716 2514 3771 communione
2545 3715 2665 3785 ejus
2700 3714 2845 3786 quod
2875 3730 3002 3769 vere
3049 3727 3135 3769 est
3156 3732 3172 3783 ;
3196 3716 3343 3786 quod
3372 3718 3558 3772 multi—

1983 3810 2244 3879 plicatur,
2272 3816 2324 3863 ct
2341 3807 2485 3862 varia
2511 3807 2731 3862 nomina
2757 3806 2984 3862 sortitur
3006 3821 3104 3877 pro
3133 3816 3328 3861 natura
3354 3817 3407 3863 et
3430 3824 3561 3864 con»

1985 3900 2201 3953 ditione
2228 3913 2417 3954 eorum
2448 3913 2571 3968 quae
2602 3913 2695 3967 per
2717 3897 3188 3968 participationem
3223 3899 3290 3951 ab
3319 3899 3428 3954 alio
3460 3899 3559 3955 de?

1984 3992 2256 4047 rivantur.
2292 3991 2432 4060 Ergo
2476 3989 2720 4044 deﬁnitio
2780 3988 3032 4044 humanae
3073 3990 3429 4046 beatitudinis
3477 4000 3561 4047 est

1982 4080 2287 4139 similitudo
2316 4096 2439 4136 cum
2463 4080 2668 4136 divina.
2702 4079 2888 4150 Itaque
2909 4096 3033 4136 cum
3059 4096 3184 4137 vere
3200 4083 3429 4146 bonum,
3461 4098 3559 4139 seu

1983 4174 2037 4229 id
2084 4174 2231 4245 quod
2277 4187 2442 4242 supra
2488 4188 2649 4227 omne
2699 4171 2900 4226 bonum
2942 4179 3047 4239 est,
3098 4173 3273 4228 solum
3322 4174 3394 4228 sit
3444 4174 3564 4228 ben.-

1985 4273 2132 4331 tum,
2194 4273 2499 4334 naturaque
2568 4264 2967 4334 appetendum,
3032 4279 3141 4333 quo
3196 4280 3358 4319 omne
3427 4265 3560 4319 illud

306 4375 601 4441 δείκνυσιν,
634 4377 692 4428 ὲν
723 4354 864 4446 ἀπλῇ
896 4354 1037 4430 κατὰ
1073 4376 1134 4429 τὸ
1164 4354 1517 4447 φαινόμενον,
1554 4378 1647 4431 καὶ
1679 4379 1867 4431 ἀκατα-

2042 4356 2127 4410 ιοά
2178 4357 2300 4426 ejus
2363 4356 2636 4424 particeps
2682 4362 2787 4417 est,
2842 4354 3060 4408 beatum
3104 4354 3358 4419 eﬁicitur,
3413 4363 3560 4410 recte

309 4467 493 4537 σκεύῳ
532 4469 601 4537 τῇ
650 4466 986 4538 διδασκαλίᾳ,
1040 4467 1297 4531 ποικίλως
1343 4485 1401 4521 τε
1449 4468 1543 4522 κα)¹
1590 4467 1881 4530 πολυειδῶς

305 4559 407 4629 τὴν
459 4558 682 4630 μέθοδον
726 4558 826 4627 τῆς
855 4558 966 4629 (14)
998 4558 1092 4612 τοῦ
1128 4558 1479 4630 μακαρισμοῦ
1526 4560 1756 4622 κτίσεως
1793 4576 1883 4611 τε-

306 4648 661 4719 χνολογοῦσα.
719 4649 935 4715 Ἔξεστι
987 4649 1089 4719 μὲν
1137 4645 1230 4703 οὖν
1284 4651 1378 4704 καὶ
1429 4651 1523 4703 ἀπ’
1572 4650 1741 4719 αὐτῆς
1787 4650 1883 4719 τῆς

309 4740 535 4812 πρώτης
586 4741 879 4811 ὑμνῳδίας,
911 4739 1118 4795 ἔννοιάν
1150 4758 1270 4794 τινα
1299 4740 1545 4813 περὶτοῦ
1590 4742 1885 4812 προκειμέ-

309 4850 402 4886 νου
433 4831 640 4895 λαϐεῖν,
671 4833 818 4892 ὅπως
863 4832 1031 4903 τριχῆ
1068 4832 1250 4903 τεμὼν
1281 4833 1377 4904 τὴν
1408 4832 1605 4903 ἀρετὴν
1631 4837 1659 4886 ὀ
1706 4831 1881 4899 λόγος,

310 4923 529 4992 ἑκάστῳ
582 4922 830 4994 τμήματι
882 4922 1024 4975 κατά
1070 4938 1189 4974 τινα
1239 4922 1544 4992 πρόσφορον
1594 4921 1883 4989 ἀναλογίαν

308 5015 726 5085 προσμαρτυρεί
753 5012 816 5065 τὸ
850 5012 1141 5083 μακάριον.
1187 5012 1301 5066 Νῦν
1331 5012 1427 5083 μὲν
1456 5013 1553 5083 τὴν
1594 5012 1884 5084 ἀλλοτρίω-

309 5124 393 5159 σιν
428 5107 526 5161 τοῦ
557 5107 729 5161 κακοῦ
763 5105 1103 5179 μακαρίζων,
1138 5106 1214 5171 ὡς
1241 5107 1414 5180 ἀρχὴν
1442 5108 1739 5179 γενομένην
1768 5107 1879 5178 (l5)

368 5265 417 5297 "
447 5264 467 5317 1
493 5264 633 5319 Tim.
661 5278 740 5327 vr,
775 5262 861 5330 15,
901 5263 990 5321 16.

383 5421 461 5489 (8)
501 5422 606 5475 Ἰσ.
638 5420 978 5490 ἐπιγραφῶν.

385 5491 467 5554 (9)
492 5490 589 5544 Ed.
620 5493 734 5544 τόν.

386 5561 503 5623 (10)
533 5561 689 5623 Ἶδεν,
720 5561 808 5615 ed.

388 5629 504 5699 (11)
532 5630 604 5682 Τό
630 5645 737 5685 om.
759 5630 847 5685 cd.

1981 4447 2225 4519 profecto
2290 4446 2473 4501 divina
2529 4443 2868 4500 Psalmorum
2930 4446 3215 4516 scriptura,
3266 4446 3561 4504 artiﬁcioso

1981 4538 2144 4593 simul
2184 4547 2238 4592 et
2296 4536 2531 4590 naturali
2576 4537 2787 4602 ordine,
2850 4539 2991 4592 viam
3019 4556 3142 4611 qua:
3178 4540 3244 4594 ad
3294 4541 3398 4596 hoc
3456 4541 3561 4595 du-

1982 4631 2079 4694 cit,
2125 4630 2283 4685 nobis
2320 4629 2679 4692 demonstrat,
2735 4629 2989 4699 simplici,
3018 4634 3563 4702 ut.apparet,omnis-

1983 4738 2090 4792 que
2127 4727 2421 4792 apparatus
2447 4726 2666 4788 experte
2695 4718 2985 4788 doctrina;
3030 4724 3131 4777 ctsi
3164 4724 3313 4778 varie
3343 4723 3560 4778 multis-

1987 4836 2091 4891 que
2143 4818 2321 4874 modis
2346 4818 2590 4887 apposite
2615 4815 2831 4880 doceat,
2880 4831 2989 4885 quo
3031 4826 3191 4885 pacto
3219 4817 3501 4872 beatitudo
3528 4832 3560 4871 a

1991 4921 2244 4967 creatura
2275 4910 2345 4964 sit
2379 4907 2767 4979 comparanda.
2826 4906 2997 4977 Cujus
3034 4907 3112 4961 rei
3152 4915 3557 4977 argumentum,

1989 5021 2055 5059 ex
2085 5005 2226 5074 ipso,
2262 5002 2353 5072 qui
2410 5001 2622 5071 primus
2669 4998 2907 5055 occurrit
2948 4998 3179 5068 psalmo,
3214 4997 3282 5053 ad
3312 5000 3562 5069 praposi-

1991 5104 2108 5151 tum
2159 5101 2405 5149 nostrum
2459 5088 2892 5146 conﬁrmandum
2950 5088 3238 5145 desumere
3285 5088 3431 5156 licet,
3467 5090 3557 5148 ubi

2064 5410 2174 5481 (12)
2208 5407 2367 5481 Forte
2400 5409 2643 5481 om.xai.

2060 5480 2170 5550 (ιδ)
2195 5480 2389 5544 Μόνον,
2422 5479 2511 5535 ed.

2059 5551 2170 5615 (14)
2199 5550 2308 5618 Τῆς
2337 5564 2444 5604 om.
2483 5550 2574 5607 ed.

2057 5618 2168 5690 (15)
2198 5617 2514 5690 Γινομένην,
2541 5617 2630 5678 od.
