3756 5988
442 179 478 191 ἠ

224 241 331 297 455

1490 233 1546 287 S.
1583 233 1910 292 GREGORII
1948 236 2249 293 NYSSENI

3365 242 3467 296 είῖιῦ

228 363 338 408 tres
394 347 451 408 In
488 356 675 419 partes
706 345 907 403 virtute
934 345 1129 414 divisa,
1186 343 1347 415 cujus
1396 344 1652 401 divisioni
1703 361 1791 401 ac-

1976 367 1996 413 ;
2026 351 2119 404 Eni.
2145 351 2207 404 τὺ
2244 349 2487 421 κρεῖττον
2512 349 2683 421 ῥοπῆς
2704 366 2715 379 ·
2760 347 2899 420 μετά
2920 349 2977 403 δὲ
3004 347 3183 414 τοῦτο,
3224 348 3326 417 τὴν
3360 350 3468 402 τῶν

225 438 567 497 commodata
616 437 851 509 quadam
902 438 1117 494 ratione
1151 435 1543 492 beatitudinem
1578 436 1792 494 adscri-

227 533 303 588 bit
355 549 371 586 :
424 547 571 587 nunc
628 531 848 605 quidem
903 530 1259 586 remotionem
1322 536 1378 585 et
1440 529 1793 587 abalienatio-

224 637 353 679 nem
393 622 464 679 ab
507 622 858 694 improbitate
888 620 1245 677 beatitudinis
1279 619 1503 676 nomine
1528 619 1791 688 alliciens,

224 721 413 785 utpote
479 729 600 785 quae
658 714 991 785 principium
1051 714 1125 770 sit
1180 712 1362 768 omnis
1433 712 1502 767 ad
1568 713 1795 768 meliora

224 821 546 876 progressus
607 825 620 861 :
672 813 859 876 postea
917 820 1102 860 rerum
1155 803 1462 859 cmicstium
1537 810 1589 858 et
1657 802 1795 857 divi-

223 912 418 953 narum
448 898 853 954 meditationem
884 897 1098 953 beatam
1131 896 1412 968 praedicat,
1446 901 1505 949 ut
1531 909 1648 951 eam
1675 910 1795 965 quae

1898 440 2118 511 ὑψηλῶν
2143 459 2203 495 τε
2232 442 2325 496 καὶ
2367 441 2652 513 θειοτέρων
2683 441 2932 513 μελέτην,
2962 440 3039 504 ὡς
3069 439 3182 504 ἕξιν
3207 440 3467 509 ἐμποιοῦ-

1900 546 1999 584 σαν
2035 532 2137 604 1ίιδη
2186 530 2281 587 τοῦ
2328 532 2653 603 κρείττονος.
2680 527 2814 586 Εἶτα
2840 532 2939 603 τὴν
2982 531 3069 585 διὰ
3109 530 3316 584 τούτων
3356 534 3468 595 τοῖς

1898 622 2285 694 τελειουμένοις
2322 624 2759 698 κατορθουμένην
2804 624 2942 695 πρὸς
2984 623 3045 677 τὺ
3074 619 3232 677 Θεῖον
3271 622 3440 692 ὁμοίω
3462 665 3479 687 ι

1901 731 2014 768 σιν·
2049 709 2118 786 ἦς
2150 716 2308 787 χάριν
2336 716 2547 782 λέγεται
2575 717 2668 772 καὶ
2714 716 2783 771 τά
2826 715 3164 787 προλαϐόντα
3198 716 3463 799 μακάρια.

1900 806 2118 878 Ταύτην
2161 808 2218 861 δὲ
2256 807 2494 862 ἀειθαλεῖ
2536 809 2675 880 ξυλῷ
2714 808 3032 873 αἰνίσσεται,
3066 801 3111 878 ᾧ
3156 810 3190 881 ἡ
3242 808 3356 881 (16)
3387 826 3465 862 τε·

1903 895 2191 950 λειωθεῖσα
2224 898 2290 952 δι’
2323 899 2525 970 ἀρετῆς
2553 900 2834 971 ὁμοιοῦται
2863 899 2998 972 ζωὴ.

142 994 146 998 ‘
222 1004 405 1043 rerum
432 991 747 1045 sublimium
786 990 1036 1046 habitum
1071 991 1185 1061 jam
1222 990 1382 1046 nobis
1414 989 1712 1061 ingeneret.
1740 989 1824 1045 Ad
1858 998 2161 1046 extremum
2209 1007 2330 1047 eam
2362 1009 2484 1064 qua:
2530 995 2587 1049 in
2618 996 2874 1067 perfectis
2928 998 3142 1053 exsistit
3184 1014 3310 1053 eum
3354 999 3462 1054 Deo

223 1080 661 1152 similitudinem,
719 1086 776 1141 in
832 1086 1169 1142 beatitudine
1232 1094 1506 1150 numerat,
1571 1092 1793 1155 propter
1834 1099 1999 1155 quam
2060 1086 2245 1155 priora
2301 1102 2518 1158 quoque
2547 1091 2892 1161 appellantur
2940 1092 3121 1157 beata,
3190 1108 3462 1165 quamque

224 1187 437 1243 semper
484 1174 695 1232 virente
745 1176 894 1247 ligno
933 1177 1196 1242 insinuat,
1259 1176 1347 1231 cui
1398 1176 1511 1230 vita
1548 1190 1647 1246 per
1673 1175 1893 1230 virtutis
1924 1175 2367 1232 exercitationem
2407 1188 2818 1246 consummata,
2852 1181 3049 1238 similis
3072 1181 3322 1239 edicitur.

826 1313 1056 1372 CAPUT
1112 1313 1177 1370 ll.

293 1480 559 1536 Caeterum
608 1487 667 1535 ut
711 1479 922 1534 firmius
947 1480 1209 1535 doctrina:
1260 1480 1524 1536 virtutum
1572 1481 1791 1539 insista-

224 1585 367 1635 mus,
403 1586 565 1641 quam
600 1571 654 1626 in
682 1578 795 1626 toto
831 1569 1174 1626 Psalmorum
1203 1570 1437 1628 decursu
1467 1574 1626 1630 nobis
1654 1590 1792 1644 pra:-

224 1670 493 1719 monstrat
549 1665 749 1730 oratio,
800 1678 910 1717 non
938 1662 1036 1719 abs
1066 1677 1125 1718 re
1170 1661 1358 1728 fuerit,
1384 1664 1429 1719 si
1465 1665 1618 1734 prius
1646 1666 1790 1737 apud

224 1769 326 1809 nos
352 1754 771 1820 constituamus,
822 1760 877 1809 et
906 1754 1054 1809 velut
1080 1754 1376 1810 artiﬁciosa
1418 1756 1656 1826 quadam
1698 1772 1791 1813 ra-

222 1843 371 1900 tione
402 1853 459 1900 et-
489 1844 598 1910 via,
633 1845 769 1899 nihil
796 1845 863 1900 ab
892 1845 1144 1901 instituto
1168 1861 1331 1916 opere
1356 1848 1674 1905 recedentes
1704 1849 1792 1905 de-

222 1935 495 2001 ﬁniamus,
524 1934 797 2005 quomodo
825 1936 1044 1992 virtutis
1079 1944 1289 1992 amator
1315 1940 1489 2008 possit
1519 1940 1790 2009 ejusmodi

142 2018 149 2095 ξ
226 2027 347 2081 vitae
376 2042 600 2097 compos
630 2026 746 2082 ﬁeri
777 2044 793 2081 :
836 2028 917 2084 sic
965 2029 1109 2083 enim
1138 2029 1279 2099 ejus,
1316 2045 1479 2100 quam
1517 2033 1788 2102 praemisi-

220 2132 363 2184 mus,
419 2116 679 2172 doctrinae
728 2118 923 2173 seriem
967 2125 1021 2173 et
1086 2121 1535 2190 consequentiam
1594 2122 1793 2177 melius

156 2230 163 2237 ι
221 2210 634 2280 perspiciemus.
660 2208 895 2267 Necesse
950 2211 1115 2281 igitur
1139 2219 1246 2278 est,
1289 2227 1412 2267 eum
1444 2214 1537 2283 qui
1574 2213 1641 2268 ad
1679 2214 1788 2270 vir-

220 2307 388 2356 tutem
422 2316 542 2357 sese
570 2311 888 2357 convertere
928 2304 1147 2373 cogitat,
1186 2304 1340 2373 prius
1366 2303 1678 2361 discernere
1702 2321 1792 2360 ra-

221 2392 421 2447 tionem
457 2391 784 2457 honestatis,
812 2403 866 2448 et
896 2394 1038 2463 ejus,
1063 2410 1183 2465 quae
1211 2395 1478 2450 honestati
1504 2405 1789 2467 repugnat,

222 2481 460 2546 malitiae,
511 2481 716 2536 notatis
757 2482 992 2552 prepriis
1023 2483 1310 2551 utriusque
1344 2482 1684 2548 dill‘erentiis,
1734 2493 1793 2538 ut

220 2573 560 2643 impcrmixta
594 2588 782 2630 earum
809 2575 961 2629 notio
992 2585 1328 2644 permaneat,
1355 2577 1615 2646 nulloque
1640 2592 1793 2632 com-

219 2665 493 2720 munionis
523 2665 751 2721 confusa
774 2666 1049 2736 contagio.
1081 2666 1152 2719 At
1185 2675 1347 2730 notae,
1391 2683 1512 2737 qua:
1545 2668 1791 2737 utrisque

2353 1315 2749 1373 ΚΕΦΔΛΔΙΟΝ
2790 1318 2863 1374 B’.

1976 1482 2064 1546 Ὦς
2088 1482 2134 1536 δ’
2163 1482 2230 1538 ἂν
2272 1482 2660 1555 ἀκριϐέστερον
2692 1483 3054 1554 ὲπισταίημεν
3080 1486 3146 1555 τῇ
3185 1484 3313 1555 περὶ
3353 1484 3462 1539 τῶν

1890 1570 2100 1644 ἀρετῶν
2168 1572 2505 1644 διδασκαλίᾳ,
2556 1574 2622 1643 ἢν
2668 1568 2954 1643 ὑφηγεῖται
3000 1573 3088 1627 διὰ
3134 1574 3315 1645 πάσης
3363 1575 3458 1645 τῆς

1892 1663 2170 1735 ψαλμικῆς
2198 1664 2419 1735 ὁδηγίας
2456 1666 2483 1718 ὁ
2515 1664 2689 1732 λόγος,
2729 1664 2908 1728 καλῶς
2939 1665 3004 1720 ἂν
3030 1665 3162 1735 ἔχοι,
3200 1668 3459 1738 πρότερον

1893 1756 2039 1825 ἡμᾶς
2066 1755 2152 1823 ἐφ’
2177 1753 2333 1824 ἡμῶν
2376 1752 2556 1807 αὑτῶν
2588 1753 2874 1818 διελέσθαι,
2902 1750 3013 1809 οἷόν
3058 1772 3177 1810 τινα
3218 1757 3455 1826 τεχνικῶ

1893 1846 2048 1915 λόγον
2091 1848 2148 1900 ἐν
2172 1844 2321 1910 τάξει
2352 1845 2420 1898 δι’
2445 1845 2734 1899 ἀκολούθου
2765 1847 3124 1918 προάγοντας,
3155 1848 3272 1911 πῶς
3315 1847 3459 1902 ἔστιν

1894 1938 1951 1991 ὲν
1987 1938 2151 2009 ἀρετῇ
2199 1935 2451 2005 γενέσθαι
2478 1938 2571 1990 τὸν
2619 1938 2852 2009 ἐραστὴν
2894 1937 2987 1991 τοῦ
3032 1937 3273 1991 τοιούτου
3317 1938 3453 2008 βίου.

1893 2027 2047 2082 Οὕτω
2088 2027 2195 2099 γὰρ
2242 2028 2309 2083 ἂν
2355 2029 2708 2099 ὲπιγνοίημεν
2737 2030 2836 2101 τῆς
2881 2029 3340 2103 προδεικνυμένης
3384 2032 3459 2085 δι-

1890 2118 2182 2182 δασκαλίας
2216 2120 2345 2190 ἡμῖν
2377 2119 2438 2171 τὸ
2483 2118 2793 2174 ἀκόλουθον.
2841 2120 2962 2191 Χρὴ
3011 2120 3187 2175 τοίνυν
3216 2121 3307 2174 τὸν
3335 2122 3457 2192 μὲλ-

1891 2209 2049 2263 λοντα
2079 2210 2214 2280 προς
2249 2209 2445 2283 ἀρετὴν
2481 2209 2719 2281 βλέπειν,
2756 2210 3019 2284 πρότερον
3052 2212 3149 2281 μὲν
3191 2210 3458 2281 διακρῖναι

1891 2297 1982 2351 τὸν
2030 2298 2184 2367 λόγον
2230 2299 2321 2352 τόν
2365 2315 2425 2351 τε
2470 2299 2681 2351 ἀστεῖον
2727 2297 2820 2351 καὶ
2878 2297 2969 2351 τὸν
3011 2297 3279 2361 ὑπαίτιον,
3312 2296 3458 2359 ἰδίοις

1893 2389 2150 2461 ἑκάτερον
2206 2389 2744 2459 ἐπισημειωσάμενον
2797 2388 3205 2460 γνωρίσμασιν,
3261 2386 3339 2450 ὡς
3394 2388 3457 2440 ἂν

1894 2480 2196 2550 ἀσύγχυτος
2221 2481 2400 2536 αὑτῶν
2432 2484 2461 2535 ό
2485 2481 2641 2549 λόγος
2668 2482 2753 2551 εῖη
2783 2481 2970 2552 μηδενὶ
2998 2479 3103 2533 τῶν
3142 2477 3457 2533 κοινωνούν-

1892 2588 1999 2625 των
2018 2570 2126 2643 (17)
2149 2572 2396 2625 ὲπιθολού
2406 2590 2582 2644 μενος.
2599 2573 2806 2643 Σημεῖα
2823 2572 2879 2624 δὲ
2901 2571 3002 2640 τῆς
3016 2570 3274 2641 ἐκατέρου
3300 2571 3454 2641 (17⁸).

1891 2660 2094 2714 τούτων
2136 2662 2395 2733 ίδιότητός
2450 2664 2565 2716 ἐστι
2598 2663 2697 2733 μὲν
2740 2662 2869 2725 ἴσως
2917 2661 3010 2714 καὶ
3049 2659 3184 2714 ἄλλα
3215 2659 3357 2713 τινά*
3391 2660 3460 2713 τὰ

218 2754 438 2824 pr0pric
481 2762 819 2825 competunt,
851 2753 1052 2811 fuerint
1080 2753 1333 2811 fortassis
1366 2766 1419 2811 et
1447 2756 1587 2820 aliae,
1630 2766 1789 2812 caete-

1976 2750 2306 2823 γενικὼτερα
2332 2752 2439 2805 τῶν
2467 2752 2660 2818 ἄλλων,
2691 2751 2831 2805 κατά
2861 2767 2925 2820 γε
2959 2752 3057 2822 τὴν
3093 2750 3232 2822 ἐμὴν
3261 2750 3457 2821 ὑπόλη-

216 2846 293 2902 ris
349 2854 551 2913 tamen,
606 2853 669 2901 ut
725 2847 859 2901 mihi
911 2845 1236 2917 persuadeo,
1280 2849 1453 2917 magis
1508 2849 1788 2919 generales

217 2944 344 2993 sunt
387 2937 506 2992 istae
537 2956 550 2991 :
586 2937 837 2992 videlicet
876 2937 1207 3007 voluptatem
1264 2947 1317 2992 et
1351 2937 1786 3004 delectationem,

216 3039 339 3095 quae
380 3024 695 3081 hominibus
747 3024 815 3079 ab
857 3024 991 3094 ipsis
1019 3025 1273 3095 obtingit,
1306 3027 1503 3096 partim
1558 3027 1626 3081 ad
1663 3042 1790 3081 sen-

148 3110 157 3118 ⁴
216 3130 358 3181 sum,
400 3116 596 3185 partim
629 3115 697 3170 ad
746 3117 987 3171 animum
1039 3119 1354 3187 pertinere;
1404 3133 1532 3173 nam
1579 3120 1787 3174 malitia

216 3221 436 3262 sensum
459 3206 678 3276 quidem
706 3206 972 3275 oblectat;
1006 3207 1186 3263 virtus
1217 3209 1458 3263 animum
1499 3209 1785 3265 cxhilarat.

215 3293 427 3360 Quibus
480 3308 824 3364 consequens
853 3303 937 3351 est
968 3302 1027 3350 ut
1060 3295 1533 3354 commendatione
1557 3306 1611 3354 et
1643 3301 1788 3354 vitu-

216 3386 494 3454 peratione
536 3385 868 3440 audientium
909 3395 1118 3444 mentes
1147 3403 1179 3441 a
1212 3389 1359 3445 vitiis
1414 3390 1633 3460 quidem
1692 3392 1790 3448 ab-

216 3481 573 3539 sterreantur,
604 3476 672 3532 ad
700 3478 957 3533 virtutem
986 3494 1112 3534 vero
1141 3479 1491 3535 inducantur.
1519 3481 1786 3552 lmprobte

215 3564 360 3619 enim
414 3564 541 3620 vitae
571 3565 757 3621 odium
812 3568 1096 3638 ingenerat
1126 3569 1369 3639 ejusdem
1406 3573 1783 3642 reprehensio.

214 3658 284 3710 At
312 3656 611 3715 honestatis
643 3659 884 3715 laudatio
916 3660 1251 3719 desiderium
1280 3664 1564 3719 meliorum
1594 3680 1789 3721 accen-

214 3745 313 3800 dit.
349 3746 544 3806 Postea
579 3760 637 3806 ut
670 3751 796 3806 vitae
826 3752 1068 3809 honesta:
1090 3756 1494 3812 commendatio
1516 3757 1788 3814 eﬂicacior

215 3836 499 3907 elﬁciatur,
548 3852 602 3897 et
666 3843 913 3897 vivacior
967 3844 1337 3915 improbitatis
1392 3848 1784 3917 reprehensio,

214 3932 421 3985 mentio
450 3930 699 3986 facienda
733 3940 817 3987 est
858 3948 1069 3999 eorum,
1104 3937 1199 4006 qui
1234 3932 1457 3991 virtutis
1488 3938 1788 4006 pulchritu-

216 4022 342 4077 dine
378 4023 774 4089 excelluerunt,
826 4038 1124 4094 eorumque
1152 4028 1246 4096 qui
1274 4026 1427 4083 vitiis
1458 4035 1513 4083 et
1567 4028 1786 4098 ﬂagitiis

216 4113 594 4168 innotuerunt.
641 4113 898 4184 Exempla
947 4117 1090 4171 enim
1166 4117 1508 4173 diversorum
1570 4120 1785 4175 vivendi

218 4220 473 4276 generum
531 4214 655 4277 apte
683 4207 984 4278 proposita,
1013 4208 1179 4263 animi
1211 4208 1552 4266 aﬁ‘ectionem
1588 4221 1642 4266 et
1672 4211 1788 4268 dis-

220 4296 545 4365 positionem
596 4299 885 4354 intendunt
914 4309 969 4355 et
1003 4299 1305 4367 stabiliunt,
1339 4317 1435 4374 spe
1465 4310 1697 4358 mentem
1722 4303 1787 4358 ad

218 4389 420 4459 optima
449 4405 677 4462 quicque
728 4392 987 4449 sectanda
1041 4401 1096 4449 et
1129 4394 1357 4451 colenda
1388 4395 1696 4463 alliciente;
1736 4407 1790 4452 et

219 4480 643 4551 reprehensione
659 4495 847 4537 eorum
870 4483 963 4554 qui
985 4485 1153 4539 vitam
1185 4485 1509 4556 ilagitiosam
1539 4494 1787 4557 egerunt,

220 4570 290 4625 ad
338 4570 526 4642 fugam
583 4580 639 4627 et
702 4573 1121 4631 detestationem
1170 4577 1433 4634 similium
1482 4578 1787 4634 studiorum

219 4661 505 4717 erudiente
534 4669 588 4716 et
617 4661 898 4719 incitante.
927 4662 1129 4721 Praeter
1151 4666 1268 4722 haec
1314 4667 1498 4723 omnia
1532 4682 1787 4725 necessa-

218 4751 362 4807 rium
410 4754 536 4819 erit,
564 4754 855 4827 utrobique
893 4763 1061 4812 totam
1090 4755 1321 4812 docendi
1364 4758 1630 4813 rationem
1680 4758 1784 4813 mi-

218 4845 405 4903 nutius
438 4846 594 4918 quasi
641 4848 918 4905 concisam
949 4848 1264 4915 instituere;
1288 4863 1415 4903 nam
1452 4849 1535 4904 vel
1564 4848 1617 4903 id
1644 4850 1787 4920 quod

218 4943 429 4991 rectum
460 4944 514 4993 et
542 4940 1370 5007 bonestumestdemonstrabit;
1404 4941 1545 4996 vela
1576 4941 1787 4996 facino-

218 5025 373 5084 ribus
414 5026 824 5097 debortabitur;
882 5029 956 5083 ita
1006 5035 1065 5083 ut
1094 5028 1162 5084 ad
1190 5028 1323 5084 illud
1371 5029 1587 5102 quidem
1616 5032 1786 5086 docu-

213 5117 421 5175 mentis
447 5118 778 5188 quibusdam
823 5127 876 5176 et
927 5120 1151 5175 monitis
1202 5120 1359 5192 quasi
1399 5137 1561 5176 manu
1622 5121 1788 5176 ducat

214 5205 556 5277 auditorem;
589 5209 657 5264 ab
680 5210 1025 5279 improbitate
1050 5217 1231 5264 autem
1268 5211 1517 5266 eumdem
1550 5225 1645 5279 per
1666 5225 1785 5265 ser-

220 5310 414 5354 mones
453 5297 521 5353 ad
546 5299 976 5356 debortationem
1004 5302 1281 5372 appositos
1319 5300 1573 5358 abducat.

294 5519 407 5591 (16)
429 5519 528 5591 Εμῶ
551 5523 736 5591 οιη-ήο

297 5587 408 5661 (17)
441 5587 603 5647 Forte
634 5587 966 5647 κοίνούντων.

1890 2847 2004 2917 ψιν,
2051 2844 2166 2898 ἔστι
2215 2844 2412 2899 ταῦτα·
2440 2845 2513 2897 Τὸ
2557 2842 2881 2916 μεμερίσθαι
2931 2843 3068 2915 πρὸς
3114 2841 3365 2912 αἴσθησίν
3400 2858 3458 2895 τε

1891 2934 1983 2987 καὶ
2025 2934 2262 2988 διάνοιαν
2302 2932 2400 3004 τὴν
2443 2933 2795 3004 ὲγγινομένην
2840 2933 2952 2996 τοῖς
2996 2932 3300 3003 ἀνθρώποις
3332 2933 3467 3003 παρ’,

1891 3026 2069 3080 αὐτῶν
2115 3026 2489 3097 εὑφροσύνηνυ
2537 3025 2637 3094 τῆς
2673 3024 2770 3096 μὲν
2802 3023 2998 3087 κακίας
3023 3023 3322 3094 ἡδυνούσης
3362 3024 3459 3094 τὴν

1890 3117 2159 3189 αἴσθησιν,
2190 3118 2288 3187 τῆς
2329 3116 2386 3170 δὲ
2425 3115 2627 3188 ἀρετῆς
2681 3114 2780 3186 τὴν
2824 3114 2999 3185 ψυχὴν
3047 3113 3455 3185 εὑφραινούσης.

1901 3211 2024 3263 Ἐπὶ
2056 3209 2263 3271 τούτοις
2301 3209 2367 3262 ἂν
2412 3208 2496 3279 εἴη
2533 3204 2822 3261 ἀκόλουθον
2857 3205 2922 3258 δι’
2954 3205 3228 3277 εὐφημίας
3257 3222 3318 3258 τε
3368 3206 3461 3257 καὶ

1888 3299 2139 3369 διαϐολῆς
2187 3298 2286 3370 τὴν
2330 3298 2438 3352 τῶν
2486 3297 2788 3352 ἀκουόντων
2843 3295 3079 3349 διάνοιαν
3126 3296 3360 3364 ἀπάγειν
3402 3313 3458 3348 τε

1889 3388 1982 3443 τοῦ
2038 3390 2298 3463 χείρονος,
2350 3389 2445 3443 καὶ
2499 3389 2874 3460 προσοικειοῦν
2921 3389 2998 3458 τῷ
3049 3387 3322 3459 βελτίονι·
3359 3388 3461 3456 τῆς

1894 3480 1991 3551 μὲν
2018 3479 2113 3533 τοῦ
2160 3478 2398 3550 πονηροῦ
2437 3479 2551 3548 βίου
2597 3478 2848 3550 διαϐολῆς
2878 3478 2940 3531 τὸ
2985 3479 3140 3548 μῖσος
3182 3476 3320 3549 πρὸς
3366 3477 3459 3547 τὴν

1890 3568 2085 3623 κακίαν
2111 3568 2379 3640 φερούσης
2399 3586 2412 3598 ·
2453 3567 2545 3621 τοῦ
2583 3567 2641 3620 δὲ
2671 3567 2778 3621 τῶν
2806 3566 3025 3635 ἀγαθῶν
3055 3566 3299 3631 ἐπαίνου,
3326 3564 3459 3636 πρὸς

1888 3660 1948 3713 τὸ
1991 3660 2362 3731 εὐφημότερον
2393 3659 2491 3731 τὴν
2540 3658 2830 3729 ἐπιθυμίαν
2865 3656 3253 3728 ὲφελκομένου.
3306 3657 3459 3709 Μετὰ

1888 3750 2044 3805 τοῦτο
2098 3751 2155 3803 δὲ
2210 3752 2286 3813 ὼς
2336 3749 2401 3804 ἂν
2445 3751 2796 3822 ἐνεργότερον
2848 3749 2942 3804 τοῦ
2994 3749 3200 3819 ἀγαθοῦ
3240 3748 3357 3821 βίου
3401 3750 3460 3801 τὸ

1888 3837 2162 3909 ἐγκώμιον
2195 3838 2423 3907 γένοιτο,
2470 3837 2561 3891 καὶ
2605 3838 2974 3909 ὲμψυχότερος
3021 3840 3049 3891 ὁ
3091 3837 3184 3891 τοῦ
3221 3837 3462 3908 χείρονος

1887 3930 2071 4001 ψόγος,
2105 3930 2283 3984 αὐτῶν
2312 3931 2581 4001 προσήκει
2604 3930 2713 3984 τῶν
2741 3931 2800 3983 ὲν
2824 3930 2989 4001 ἀρετῇ
3018 3928 3457 3999 θαυμασθέντωφ,

1890 4022 1982 4074 καὶ
2011 4021 2117 4075 τῶν
2142 4024 2199 4075 ἐν
2232 4022 2397 4092 κακίᾳ
2426 4022 2888 4093 κατεγνωσμένων
2920 4021 3018 4091 τὴν
3052 4024 3270 4091 μνήμην
3309 4021 3463 4089 ποιή-

1891 4110 2104 4164 σασθαι.
2152 4110 2430 4164 Ἐπίτασιν
2472 4109 2578 4181 γάρ
2624 4124 2747 4163 τινα
2780 4108 2879 4179 τῆς
2909 4109 2968 4160 ὲν
2999 4109 3062 4177 τῇ
3096 4106 3242 4175 ψυχῇ
3288 4103 3464 4158 διαθέ-

1891 4220 2029 4267 σεως
2057 4205 2276 4274 ἐμποιεῖ
2320 4203 2414 4256 καὶ
2447 4202 2791 4273 βεϐαιότητα,
2825 4198 3167 4272 προφανέντα
3193 4196 3302 4251 τῶν
3333 4195 3465 4267 βίων

1888 4294 1956 4348 τὰ
2008 4294 2397 4365 ὑποδείγματα,
2436 4293 2571 4364 πρὸς
2617 4292 2713 4364 τὴν
2755 4291 2861 4345 τῶν
2908 4290 3145 4361 ἀρίστων
3172 4287 3462 4358 ὀμοτιμίαν

1888 4384 1988 4455 τῆς
2029 4384 2243 4448 ἐλπίδος
2279 4384 2378 4455 τὴν
2426 4382 2604 4454 ψυχὴν
2649 4380 3036 4451 ὲφελκομένης,
3091 4376 3326 4447 καὶτῆς
3371 4376 3461 4429 ἐπὶ

1888 4475 1997 4529 τῶν
2030 4475 2492 4545 κατεγνωσμένων
2519 4472 2773 4543 διαϐολῆς
2797 4472 2932 4542 πρὸς
2968 4469 3258 4539 ἀποφυγήν
3280 4484 3340 4520 τε
3370 4468 3461 4520 καὶ

1889 4567 2244 4637 ἀλλοτρίωσιν
2285 4566 2394 4620 τῶν
2430 4566 2632 4634 ὁμοίων
2684 4563 3130 4634 ἐπιτηδευμάτων
3184 4560 3462 4631 παιδοτρι-

1890 4658 2106 4728 ϐούσης.
2161 4658 2283 4710 Ἐπὶ
2312 4658 2446 4709 πᾶσι
2476 4656 2532 4708 δὲ
2563 4653 2770 4718 τούτοις
2796 4654 3087 4723 ἀναγκαῖον
3118 4651 3183 4705 ἂν
3212 4652 3300 4722 εῑη
3328 4651 3461 4723 πρὸς

1891 4749 2148 4819 ἑκάτερον
2175 4747 2379 4800 τούτων
2424 4746 2734 4818 λεπτομερῆ
2778 4763 2899 4799 τινα
2931 4743 3279 4799 διδασκαλίαν
3309 4744 3462 4813 ποιή-

1891 4840 2107 4903 σασθαι,
2156 4840 2191 4910 ἢ
2248 4838 2343 4892 κα)⁸
2393 4837 2455 4890 τὸ
2510 4840 2755 4909 κρεῖττον
2798 4834 3063 4901 ὑποδείξει
3100 4834 3197 4889 καὶ
3229 4832 3460 4903 ἀποτρέ-

1888 4932 1977 5001 ψει
2030 4930 2141 5002 (18)
2195 4929 2289 4982 τοῦ
2329 4930 2608 5000 χείρονος
2651 4928 2788 4999 πρὸς
2817 4927 2974 4981 τοῦτο
3021 4927 3118 4998 μὲν
3164 4926 3463 4996 ὑποθήκαις

1888 5023 2028 5077 τισὶν
2080 5023 2175 5077 καὶ
2216 5022 2543 5093 συμϐουλαῖς
2586 5019 2855 5093 ὁδηγοῦσα
2891 5019 2989 5091 τὴν
3022 5019 3211 5089 ἀκοὴν,
3258 5017 3368 5071 ἀπὸ
3409 5017 3465 5069 δὲ

1890 5114 1996 5169 τῶν
2054 5113 2311 5185 χειρόνων
2363 5112 2452 5167 διὰ
2505 5110 2613 5165 τῶν
2660 5109 3075 5182 ἀποτρεπτικῶν
3125 5106 3465 5178 ἀπείργουσα

1887 5206 2084 5275 λόγων.

1970 5516 2105 5586 (17⁸)
2145 5516 2266 5569 Τῶν
2305 5514 2601 5586 ἑκατέρων,
2621 5513 2708 5568 ed.

1967 5582 2096 5656 (18)⁷
2132 5585 2451 5655 Ἀποστήσει
2475 5582 2643 5638 forte.
