3756 5988
276 204 366 263 657
814 198 819 203 ’
1601 195 1671 250 IN
1706 193 1779 250 PS

1919 191 2043 249 [08.

3348 178 3449 234 438
3476 190 3483 195 ‘

325 309 512 366 Τούτων
528 306 731 362 δὲοῦτω
756 308 1260 379 διευκρινηθέντων,
1291 306 1477 377 ἐπειδὴ
1507 304 1779 376 δυσπαρά-

1956 321 2054 376 llis
2103 319 2250 374 hunc
2292 317 2349 372 in
2387 315 2607 372 modum
2646 312 2961 382 dijudicatis
2986 292 3070 367 let
3114 302 3451 375 constitutis,

271 400 423 458 δεκτόν
451 400 556 452 ἔστι
581 400 646 470 τῇ
687 397 846 467 φύσει
893 399 1001 452 πᾶν
1025 396 1087 451 τὸ
1113 397 1250 469 πρὸς
1276 396 1467 468 ἡδονὴν
1493 394 1786 465 ἀλλοτρίως

270 489 368 560 ῐχον
414 485 607 558 (ἡδονὴν
651 486 708 540 δὲ
758 485 901 556 λέγω
948 487 1044 559 τὴν
1081 486 1175 541 τοῦ
1220 485 1471 557 σώματος
1508 485 1669 556 φίλην
1688 502 1701 515 ·
1749 486 1783 556 ἡ

269 580 357 650 γὰρ
400 579 489 648 τῆς
535 576 707 648 ψυχῆς
762 578 1065 649 εὐφροσύνη
1123 576 1301 648 πολλῷ
1353 576 1431 649 τῷ
1489 576 1637 648 μέσῳ
1687 577 1784 648 τῆς

266 670 427 738 ἀλόγου
467 686 523 722 τε
571 668 664 723 καὶ
691 667 1147 740 ,ἀνδραποδώδους
1200 668 1529 741 ἡδυπαθείας
1575 667 1786 739 ἀπῴκι-

268 759 384 829 σται)
407 759 504 830 (19)
526 776 539 791 ο
570 759 695 813 ίδιον
737 758 795 812 δὲ
832 761 1055 831 σημεῖον
1084 759 1344 831 ἑκατέρου
1373 758 1479 813 τῶν
1515 758 1664 828 βίων,
1687 758 1782 813 τοῦ

264 852 310 904 ἐν
337 852 481 922 ἀρετῇ
516 866 572 903 τε
614 851 707 904 καὶ
740 850 928 922 κακίᾳ,
971 850 1128 904 τοῦτο
1157 850 1516 921 προλαῶντες
1547 851 1785 920 ἐπέγνω-

269 958 348 1013 μεν
369 940 488 1011 (20),
524 941 601 995 ὅτι
622 941 710 995 διὰ
743 942 841 1012 μὲν
859 943 959 1012 τῆς
989 942 1189 1006 κακίας
1238 941 1587 995 κολακεύεται
1627 942 1782 1013 ἡμῶν

264 1031 318 1085 τά
339 1035 422 1103 τῆς
462 1032 653 1103 σαρκὸς
698 1032 1047 1104 αἰσθητήρια,
1081 1033 1115 1103 ἡ
1160 1031 1216 1085 δὲ
1260 1031 1427 1103 ἀρετὴ
1469 1033 1648 1102 ψυχῆς
1679 1032 1784 1084 εύ-

265 1123 465 1194 φροτύνη
522 1125 629 1187 τοῖς
700 1122 1073 1196 κατορθώσασι
1128 1122 1353 1190 γίνεται.
1408 1123 1532 1187 Τοῖς
1585 1122 1642 1175 δὲ
1688 1120 1784 1177 νῦν

262 1213 590 1283 εἰσαγομένοις
618 1214 753 1285 πρὸς
782 1215 870 1268 τὸν
896 1213 1225 1286 ὑψηλότερον
1262 1214 1396 1285 βίον,
1434 1208 1515 1277 οἷς
1555 1214 1635 1267 ἔτι
1672 1213 1781 1283 (21)

262 1302 338 1356 τοῦ
360 1302 506 1357 καλοῦ
524 1305 798 1376 κριτήριον
822 1306 855 1374 ἡ
882 1305 1131 1375 αἴσθησις
1148 1302 1287 1358 εἶναι
1306 1306 1469 1370 δοκεῖ,
1497 1303 1650 1358 οὔπω
1671 1304 1782 1375 (22)

264 1392 430 1457 ίκανῶς
455 1392 557 1463 ἔχει
587 1394 825 1465 καθορᾷν
852 1395 913 1448 τὸ
943 1395 1144 1463 ἀγαθὸν
1182 1397 1216 1465 ἡ
1249 1394 1414 1466 ψυχὴ,
1444 1394 1786 1465 ἀγύμναστος

261 1482 324 1534 [tt
350 1484 432 1536 καὶ
455 1484 620 1555 ἀήθης
643 1481 776 1540 οὖσα
806 1489 904 1557 τῆς
933 1485 1185 1557 τοιαύτης
1213 1487 1606 1556 κατανοήσεως.
1641 1486 1784 1557 Πρὸς

258 1572 302 1626 δὲ
325 1574 376 1626 τὸ
406 1574 472 1645 μὴ
500 1575 892 1646 γνωριζόμενον
921 1578 1087 1642 ἅπαν,
1115 1578 1220 1632 κᾶν
1244 1580 1325 1633 ὄτι
1359 1578 1590 1648 μάλιστα
1619 1579 1783 1633 καλὸν

257 1657 301 1734 ᾖ,
330 1664 559 1733 ἀκίνητος
590 1665 747 1737 ἡμῶν
786 1668 820 1737 ἡ
866 1668 1129 1737 ἐπιθυμία
1177 1668 1348 1739 μένει,
1390 1668 1683 1738 ἐπιθυμίας
1725 1669 1781 1723 δὲ

259 1753 319 1823 μὴ
345 1756 804 1830 προϋπαρχούσης,
843 1758 951 1812 οὐδ’
983 1758 1049 1813 ἂν
1081 1759 1241 1831 ἡδονή
1275 1776 1358 1820 τις
1394 1759 1665 1829 ἐγγένοιτο
1686 1760 1780 1814 τοῦ

256 1846 317 1915 μὴ
359 1846 675 1918 ποθουμένου
732 1852 1076 1923 πράγματος,
1116 1850 1233 1915 ὁδὸς
1269 1852 1378 1921 γάρ
1411 1854 1491 1916 είς
1517 1852 1709 1922 ἡδονὴν
1753 1855 1781 1905 ὁ

255 1934 390 2000 πόθος
413 1939 630 2007 γίνεται.
686 1941 1022 2011 Ἀναγκαίως
1055 1943 1338 2015 ὲπινοῆσαί
1371 1960 1425 1997 τι
1467 1943 1573 2014 χρὴ
1602 1942 1781 1998 τοιοῦ-

251 2042 325 2079 τον
348 2030 446 2093 τοῖς
473 2032 631 2100 μήπω
660 2035 761 2102 τῆς
803 2034 1080 2105 ἀκηράτου
1124 2034 1219 2087 καὶ
1246 2033 1395 2098 θείας
1436 2035 1626 2106 ἡδονῆς
1658 2052 1784 2105 γευ-

251 2120 489 2188 σαμένοις,
542 2124 608 2177 δι’
667 2117 731 2178 οὗ
780 2126 1363 2196 συμπαραδεχθήσεται
1418 2129 1516 2198 τῆς
1582 2129 1780 2199 ἀρετῆς

246 2210 303 2261 τὰ
324 2210 631 2283 διδάγματα,
650 2216 741 2270 διά
762 2234 905 2280 τινος
930 2218 1039 2271 τῶν
1064 2218 1163 2288 τὴν
1188 2217 1438 2288 αἴσθησιν
1464 2218 1783 2289 εύφραινόν·

245 2317 334 2353 των
374 2305 733 2378 ὲφηδυνόμενα
769 2308 902 2379 (23),
954 2308 1207 2381 καθάπερ
1263 2309 1357 2364 καὶ
1412 2312 1525 2371 τοῖς
1575 2311 1783 2381 ἰατροῖς

244 2395 392 2447 ποιεῖν
432 2395 675 2467 σύνηθες,
735 2399 861 2452 ὅταν
895 2416 947 2453 τι
996 2399 1191 2471 πικρόν
1234 2417 1293 2453 τε
1342 2400 1437 2454 καὶ
1481 2398 1781 2470 δύσληπτον

242 2481 333 2536 τῶν
393 2485 759 2560 ἀλεξητηρίων
827 2491 1132 2562 φαρμάκων
1212 2490 1479 2563 εὔληπτον
1547 2491 1755 2545 ποιοῦσι

241 2575 335 2637 τοῖς
362 2576 718 2648 ἀρρωστοῦσι,
756 2584 822 2652 τῇ
864 2579 957 2635 τοῦ
1007 2582 1218 2653 μέλιτος
1259 2583 1416 2654 ἡδονῇ
1451 2584 1781 2655 παραρτύον-

239 2678 329 2727 τες.
362 2665 419 2719 Et
442 2668 496 2722 δὲ
522 2670 743 2733 τελείως
770 2673 900 2742 ἡμῖν
930 2674 963 2743 ἡ
1003 2673 1280 2745 εἰσαγωγὴ
1309 2673 1401 2727 τοῦ
1429 2675 1548 2728 κατ’
1579 2675 1779 2747 ἀρετὴν

238 2752 336 2823 βίου
361 2757 442 2811 διά
468 2759 573 2813 τῶν
603 2761 907 2833 εἰρημένων
929 2765 1368 2836 τετεχνολόγηται
1408 2767 1541 2837 (24),
1568 2766 1643 2830 ὡς
1668 2768 1776 2821 δεῖν

1886 428 2009 469 cum
2045 418 2256 465 naturae
2300 414 2504 464 nostrae
2544 405 2768 460 omnino
2799 403 3084 458 adversum
3112 404 3204 469 sit,
3237 416 3452 456 onmem

1885 503 2102 574 penitus
2136 501 2465 571 voluptatem
2498 496 2787 567 repudiare
2810 494 3164 566 (voluptatem
3187 492 3310 548 dico
3330 508 3447 547 θοι-ι

1884 593 2002 663 pori
2018 591 2315 662 jucundam
2337 606 2353 656 ;
2382 603 2507 643 nam
2528 587 2779 657 voluptas
2798 584 2967 639 animi
2990 583 3150 654 longo
3174 584 3456 637 intervallo

1886 700 1917 739 a
1961 683 2191 739 rationis
2241 688 2464 751 experte
2515 686 2571 734 et
2617 676 2803 734 servili
2853 674 3212 731 delectatione
3244 672 3453 739 distat).

1884 775 2158 846 propriam
2177 788 2305 829 vero
2328 780 2512 827 notam
2559 770 2847 839 utriusque
2874 767 3019 833 vitae,
3070 764 3211 834 ejus,
3245 764 3455 818 scilicet

1849 915 1859 929 ,
1885 880 2007 936 quae
2035 862 2440 935 virtutijstudet,
2461 870 2517 918 et
2549 862 2689 931 ejus,
2712 874 2831 930 qu:e
2863 857 3202 928 improbitati
3233 856 3453 911 addicta

1884 963 1987 1021 est,
2027 969 2191 1025 supra
2244 952 2716 1016 constituerimus,
2752 949 2897 1019 quod
2943 948 3057 1002 vita
3097 947 3243 1001 vitiis
3269 945 3451 1001 dedita

1885 1061 2081 1103 sensus
2128 1058 2427 1114 eorumque
2476 1055 2679 1111 organa
2740 1038 3077 1103 demulceat;
3127 1038 3231 1090 vita
3270 1044 3452 1089 autem

1850 1164 1859 1173 ι
1884 1136 2099 1192 virtutis
2131 1135 2377 1191 studiosa
2408 1141 2618 1188 mentes
2641 1139 2788 1187 recte
2816 1129 3090 1199 agentium
3126 1127 3378 1181 oblectet.
3411 1127 3452 1181 li

1884 1242 2012 1282 vero
2036 1226 2130 1297 qui
2164 1224 2231 1279 ad
2274 1223 2647 1280 sublimiorem
2700 1222 2866 1276 vitam
2926 1226 3176 1274 recenter
3230 1217 3448 1277 initiati,

1885 1315 2087 1387 quibus
2109 1314 2251 1368 ratio
2278 1311 2492 1367 honesti
2520 1309 2875 1381 dignoscendi
2900 1310 3077 1363 adhuc
3098 1307 3309 1362 videtur
3332 1322 3457 1361 esse

1886 1421 2106 1473 sensus,
2168 1404 2486 1459 infirmioris
2560 1388 2691 1458 sunt
2736 1402 2921 1467 animi,
2992 1416 3155 1471 quam
3216 1409 3276 1454 ut
3319 1402 3452 1455 satis

1887 1496 2177 1566 perspicue
2198 1494 2539 1550 honestatem
2580 1492 2779 1547 intueri
2809 1491 3044 1556 valeant,
3076 1504 3199 1545 cum
3222 1499 3454 1546 mentem

1891 1586 2069 1641 adhuc
2095 1584 2308 1650 rudem,
2356 1591 2409 1638 et
2436 1582 2493 1637 in
2525 1582 2836 1652 hujusmodi
2880 1582 2957 1636 rei
2992 1580 3453 1649 contemplatione

1891 1674 2304 1730 inexercitatam
2332 1674 2601 1737 habeant;
2628 1680 2683 1727 ct
2712 1672 2776 1725 ad
2802 1671 2853 1724 id
2885 1672 3031 1741 quod
3061 1671 3319 1740 {ignotum
3343 1678 3447 1734 est,

1882 1766 2011 1821 licet
2068 1764 2494 1835 pulcherrimum
2545 1764 2636 1825 sit,
2696 1763 2917 1816 immota
2975 1770 3190 1815 maneat
3238 1776 3451 1829 semper

1881 1858 2109 1925 cupido;
2142 1857 2290 1910 nulla
2337 1864 2518 1910 autem
2563 1855 2800 1908 humana
2857 1860 3133 1923 praeeunte
3173 1852 3446 1921 cupidine,

1884 1947 2034 2001 nulla
2064 1948 2225 2001 etiam
2260 1945 2552 2001 delectatio
2574 1944 2654 1999 rei
2689 1959 2796 1998 non
2820 1942 3141 1998 desiderata!
3167 1953 3450 2011 exsurgat:

1882 2050 2009 2090 nam
2034 2035 2119 2090 via
2150 2034 2217 2089 ad
2241 2034 2653 2090 delectationem
2677 2041 2761 2088 est
2790 2032 3101 2101 cupiditas;
3132 2032 3332 2087 talibus
3362 2047 3451 2087 ne-

1885 2126 2128 2183 cessario
2162 2124 2366 2195 aliquid
2394 2123 2706 2193 hujusmodi
2752 2124 3167 2193 excogitandum
3199 2133 3301 2189 est,
3356 2123 3449 2193 qui

1882 2217 2115 2273 necdum
2153 2232 2301 2287 puras
2325 2225 2378 2271 et
2407 2215 2601 2269 divina:
2633 2215 2781 2269 illius
2811 2213 3101 2284 voluptatis
3130 2222 3259 2268 sunt
3290 2228 3448 2284 capa-

1879 2325 1992 2376 ces,
2024 2325 2134 2379 quo
2187 2317 2445 2379 tanquam
2488 2307 2668 2362 medio
2714 2307 2934 2361 virtutis
2999 2307 3327 2361 documenta
3395 2316 3448 2361 et

1880 2401 2132 2456 instituta
2171 2400 2334 2455 simul
2387 2399 2670 2468 percipere
2720 2406 2943 2468 queant,
2980 2399 3163 2469 aliquo
3215 2412 3282 2451 ex
3336 2398 3448 2452 illis

1880 2507 2002 2562 quae
2038 2505 2259 2546 sensum
2332 2489 2599 2545 deliniunt
2674 2489 2862 2544 suavia
2911 2489 3122 2544 effecta.
3177 2488 3336 2555 Quod
3394 2500 3448 2543 et

1878 2581 2108 2636 medicis
2142 2582 2197 2635 in
2222 2595 2372 2635 more
2395 2562 2633 2650 positum
2655 2589 2758 2645 est,
2789 2595 2911 2634 cum
2941 2594 3184 2633 amarum
3209 2586 3449 2649 potuque

1878 2673 2234 2741 injucuudum
2294 2671 2748 2729 medicamentum
2818 2685 2984 2726 suave
3037 2681 3088 2726 et
3145 2670 3445 2740 jucundum

1878 2764 2097 2833 mgrotis
2152 2761 2413 2828 efficiunt,
2452 2762 2579 2817 dum
2608 2763 2739 2817 illud
2771 2764 2944 2819 mellis
2999 2764 3290 2819 dulcedine
3310 2778 3446 2820 con-

233 2847 471 2919 πρότερον
515 2853 613 2922 μὲν
657 2854 754 2905 ἀπ’
786 2853 1029 2925 ἀλλήλων
1070 2856 1300 2926 χωρίσαι
1330 2857 1398 2909 τὰ
1427 2858 1642 2911 ἐναντία
1669 2858 1777 2911 τῶν

1919 2854 2053 2909 iunt.
2093 2851 2148 2906 Si
2204 2853 2367 2921 igitur
2396 2852 2635 2921 perfecte
2694 2866 2725 2905 a
2781 2851 2939 2905 nobis
2975 2851 3169 2906 tradita
3203 2861 3289 2907 est
3325 2853 3448 2908 vita-

232 2934 672 3011 ἐπιτηδευμάτων,
708 2939 824 2997 εἶτα.
856 2944 1112 3015 ἑκάτερον
1150 2945 1327 3000 αὐτῶν
1360 2945 1436 3018 τῷ
1480 2948 1593 3019 ἰδίῳ
1636 2965 1776 3016 γνω-

1919 2949 2083 2997 ιιιειω
2129 2941 2424 3007 institutio,
2458 2941 2731 3006 videlicet,
2773 2941 2918 3011 quod
2952 2941 3318 2997 necessarium
3352 2943 3443 3004 sit,

234 3025 433 3097 ρίσματι
462 3034 893 3104 σημειώσασθαι,
930 3036 1023 3089 καὶ
1057 3037 1194 3108 μετά
1232 3037 1389 3092 τοῦτο
1417 3038 1476 3091 τὺ
1510 3040 1606 3109 μὲν
1649 3041 1778 3094 ἀποο

232 3118 468 3187 σεμνύναι
505 3124 583 3191 τῷ
611 3125 775 3195 λόγῳ,
805 3126 866 3179 τὸ
891 3126 948 3179 δὲ
976 3127 1205 3196 φευκτὸν
1234 3128 1299 3181 ὲκ
1329 3129 1578 3200 διαϐολῆς
1603 3132 1777 3202 ἀπερ-

236 3208 473 3273 γάσασθαι
495 3230 509 3243 ·
539 3217 655 3279 τοῖς
686 3232 747 3268 τε
769 3216 877 3270 τῶν
900 3219 1185 3288 ἐπισήμων
1210 3218 1416 3291 ἀνδρῶν
1445 3221 1776 3292 ὑποδείγμα-

231 3312 302 3349 σιν
323 3301 618 3374 ὲπιρῤὦσαι
652 3308 790 3377 πρὸς
819 3307 1074 3378 ἑκάτερον
1100 3307 1198 3380 τὴν
1228 3310 1487 3375 διάνοιαν,
1524 3313 1619 3365 καὶ
1656 3316 1776 3377 ταῖς

229 3396 456 3460 μερικαίς
487 3394 795 3468 ὑποθήκαις
837 3399 936 3469 τήν
960 3415 1021 3451 τε
1050 3398 1186 3469 πρὸς
1206 3398 1266 3452 τὸ
1297 3399 1495 3468 ἀγαθὸν
1537 3386 1775 3470 ἄγουσαν

226 3478 326 3535 ὁδὸν
353 3484 646 3553 ὑποδεῖξαι,
698 3490 792 3542 καὶ
829 3490 1134 3562 ἀποτρέψαι
1176 3490 1270 3544 τοῦ
1303 3492 1572 3562 χείρονος’
1620 3493 1683 3546 τό
1715 3510 1775 3547 τε

224 3575 571 3646 κατεσκληκὸς
600 3582 697 3635 καὶ
738 3582 1005 3652 ἀνδρῶδες
1042 3585 1143 3654 τῆς
1170 3582 1391 3655 ἀρετῆς,
1425 3584 1521 3655 ἡδὺ
1550 3588 1773 3656 ποιῆσαι

224 3665 320 3725 τοῖς
367 3669 714 3739 νηπιάζουσι,
760 3673 850 3727 διά
897 3691 1040 3737 τινος
1084 3674 1193 3728 τῶν
1236 3675 1632 3745 εὐφραινόντων
1673 3677 1771 3747 τὴν

222 3751 449 3827 αἴσθησιν
495 3763 656 3833 ἡμῶν
684 3763 1124 3836 γλυκαινὸμενον,
1167 3767 1356 3838 καιρὸς
1392 3766 1458 3822 ἂν
1479 3766 1564 3840 εἴη
1604 3784 1773 3822 κατα-

222 3849 411 3917 νοῆσαι,
441 3852 562 3918 πῶς
609 3854 701 3908 διά
743 3858 841 3927 τῆς
887 3855 1253 3928 θεωρηθείσης
1298 3856 1500 3929 ταύτης
1538 3859 1776 3929 τεχνολο-

221 3933 349 4002 γίας,
369 3942 519 3995 πᾶσα
546 3947 825 4016 προῆκται
844 3948 978 4017 ἡμῖν
1000 3948 1033 4017 ἡ
1058 3946 1144 4000 διὰ
1161 3946 1267 4001 τῶν
1281 3947 1509 4020 ψαλμῶν
1529 3949 1776 4004 διδασκα-

218 4023 317 4093 λία,
379 4035 477 4104 τῆς
525 4053 589 4089 τε
636 4037 837 4102 κακίας
882 4037 1215 4111 ἀπείργουσα
1257 4042 1351 4095 καὶ
1393 4042 1528 4115 πρὸς
1574 4043 1777 4115 ἀρετὴν

218 4115 561 4198 ἐφελκομένη.
1530 4133 1544 4143 ·

1876 3037 2030 3105 prius
2051 3047 2302 3103 separare
2336 3048 2365 3086 a
2404 3046 2463 3087 se
2494 3041 2682 3087 mutuo
2710 3033 2962 3103 Opposita
2996 3033 3117 3087 vita:
3137 3047 3356 3103 genera,
3393 3045 3449 3087 et

1877 3128 1958 3182 sic
1976 3127 2236 3195 deinceps
2263 3134 2558 3197 utrumque
2580 3126 2696 3181 suis
2720 3127 2865 3181 notis
2888 3124 3201 3181 discernere
3231 3132 3285 3180 et
3311 3124 3449 3179 defi-

1878 3220 2018 3281 nire,
2047 3226 2100 3272 et
2131 3226 2244 3271 tum
2267 3217 2467 3272 docere
2494 3217 2722 3271 alterum
2744 3218 2990 3271 oratione
3019 3215 3351 3272 efferendum
3391 3226 3447 3271 et

1878 3308 2378 3375 cohonestandum;
2434 3309 2688 3373 alterum,
2737 3308 2970 3378 utquod
3018 3308 3205 3378 fugere
3238 3308 3447 3370 deceat,

1878 3400 2279 3472 vituperatione
2318 3398 2657 3455 afﬁciendum
2716 3414 2872 3466 esse;
2919 3401 3182 3470 exemplis
3234 3415 3450 3471 quoque

1879 3492 2174 3547 illustrium
2220 3491 2479 3565 -virorum
2534 3488 2939 3545 conlirmandas
2985 3497 3039 3544 et
3093 3490 3448 3544 concitandas

1879 3588 2088 3636 mentes
2132 3580 2198 3635 ad
2229 3587 2538 3649 utrumque,
2597 3587 2652 3634 et
2708 3580 3037 3649 specialibus
3098 3580 3450 3634 documentis

1876 3673 2039 3735 viam,
2064 3686 2185 3741 quae
2208 3671 2360 3725 ducit
2380 3670 2444 3723 ad
2477 3677 2704 3735 rectum,
2735 3671 3146 3737 ostendendam,
3172 3679 3228 3727 et
3257 3673 3324 3733 ab
3347 3672 3450 3725 im-

1879 3760 2151 3831 probitate
2174 3759 2415 3812 animum
2440 3758 2854 3821 abducendum;
2882 3761 3211 3829 virtutisque
3240 3760 3450 3830 asperi-

1874 3860 2059 3917 tatem,
2078 3858 2133 3907 et
2154 3850 2364 3905 virilem
2386 3851 2543 3920 quasi
2568 3852 2937 3915 severitatem,
2964 3854 3115 3907 velut
3144 3851 3446 3908 infantibus

1874 3944 2304 4017 temperandam,
2336 3958 2541 4013 perque
2574 3944 2776 4014 aliquid
2813 3945 2957 4015 quod
3002 3946 3188 4000 sensui
3234 3957 3447 4015 gratum

1878 4038 1972 4105 sit,
2020 4036 2372 4108 mitigandam
2412 4051 2571 4100 esse;
2628 4043 2843 4107 tempus
2894 4036 3005 4106 jam
3055 4037 3270 4106 exigere
3304 4036 3450 4090 vidc-

1877 4137 1989 4194 tur,
2025 4135 2085 4183 ut
2113 4128 2488 4198 erplanemus,
2545 4128 2820 4197 quomodo
2873 4126 3170 4183 secundum
3203 4137 3371 4181 artem
3394 4134 3451 4179 ct

219 4214 466 4273 rationem
497 4219 856 4291 explicatam,
892 4220 1090 4278 tradita
1108 4223 1266 4280 nobis
1288 4225 1360 4281 sit
1382 4242 1478 4297 per
1522 4227 1769 4285 Psalmos
1829 4225 2009 4285 omnis
2064 4221 2337 4286 doctrina,
2383 4235 2503 4291 qua:
2531 4235 2563 4275 a
2614 4221 2820 4275 malitia
2870 4234 2973 4274 nos
3011 4227 3239 4282 avertat,
3265 4226 3318 4273 et
3378 4219 3453 4271 ad

217 4306 416 4370 virtutis
441 4316 690 4371 studium
722 4315 1037 4374 inﬂammet.

744 4450 1139 4509 ΚΕΦΔΛΑΙΟΝ
1175 4453 1247 4508 Γ.

273 4607 491 4675 Πρῶτον
545 4610 763 4675 τοίνυν,
817 4614 880 4665 ὲκ
932 4613 1042 4685 γάρ
1084 4613 1193 4667 τῶν
1250 4615 1569 4672 τελευταίων
1619 4620 1781 4691 ἀρχό-

214 4694 339 4763 μεθα
366 4698 479 4771 (25)
504 4701 608 4773 τῆς
640 4701 957 4768 ἐξετάσεως,
989 4706 1350 4776 σκοπήσωμεν
1388 4708 1487 4779 τὴν
1515 4710 1777 4776 ἐπίνοιαν,

211 4782 268 4833 δι’
294 4781 359 4857 ἧς
383 4788 529 4844 οὕτω
558 4791 806 4862 σκληρὰν
842 4809 903 4845 τε
935 4792 1029 4846 κα).
1062 4793 1308 4849 σύντονον
1333 4790 1496 4851 οὖσαν
1520 4798 1619 4868 τὴν
1661 4800 1779 4853 κατ’

213 4870 397 4949 ἀρετὴν
421 4880 723 4946 πολιτείαν,
754 4882 853 4952 τήν
900 4900 957 4936 τε
1011 4883 1117 4961 τῶν
1166 4885 1473 4958 μυστηρίων
1519 4890 1774 4959 αἰνιγμα-

213 4965 339 5036 τώἃη
368 4968 741 5040 διδασκαλίαν,
776 4974 869 5026 καὶ
900 4974 995 5046 τήν
1015 4975 1322 5048 ἀπόρρητόν
1340 4994 1399 5029 τε
1419 4979 1510 5031 καὶ
1530 4996 1775 5050 κεκρυμ-

114 5094 122 5105 .
216 5051 367 5126 μένην
398 5058 513 5132 (26)
540 5062 883 5131 δυσεφίκτοις
924 5063 1238 5137 θεωρήμασι
1282 5066 1577 5136 θεολογίαν,
1606 5068 1776 5134 οὕτως

211 5142 458 5217 εὔληπτόν
488 5169 553 5205 τε
584 5153 679 5206 καὶ
697 5154 951 5222 γλυκεῖαν
983 5157 1257 5228 ἐποίησεν,
1284 5157 1358 5223 ὡς
1390 5160 1465 5231 μὴ
1499 5160 1656 5230 μόνον
1692 5179 1776 5214 τε-

412 5329 774 5409 ςγπερκειται
801 5351 941 5409 unus
963 5336 1109 5403 cod.;
1141 5337 1443 5409 ὑπόκειται,
1472 5339 1559 5396 ed.

273 5396 381 5469 (29)
412 5396 791 5469 Ἀπέγνωμεν,
815 5405 899 5460 ed.

274 5464 386 5532 (21)
413 5469 537 5522 Ἔτι
567 5464 689 5523 ὀηιξ
716 5464 803 5527 edi.

275 5536 382 5608 (se)
405 5537 589 5604 Οὕτω,
610 5539 699 5594 ed.

1802 4438 1849 4493 D

2430 4542 2435 4547 ξ
2483 4460 2709 4518 CAPUT
2748 4461 2835 4515 Ill.

1947 4625 2224 4695 Principio
2274 4623 2437 4693 igitur
2487 4622 2555 4693 (a
2603 4622 2896 4692 postremis
2944 4622 3087 4677 enim
3134 4620 3446 4693 ordiemur)

1879 4731 2100 4773 causam
2139 4714 2519 4783 indagabimus
2539 4751 2554 4777 ,
2591 4713 2660 4767 ob
2688 4728 2849 4783 quam
2870 4751 2885 4776 ,
2924 4727 3047 4766 cum
3080 4712 3214 4767 adeo
3244 4714 3352 4765 vita
3378 4726 3444 4765 ex

1879 4809 2082 4865 virtute
2131 4816 2249 4863 acta
2303 4805 2539 4861 difﬁcilis
2585 4805 2657 4860 sit
2700 4811 2755 4860 et
2799 4803 3009 4871 ardua;
3062 4802 3444 4873 mysteriorum

1880 4905 2063 4955 tamen
2115 4908 2170 4952 et
2215 4898 2526 4952 divinorum
2572 4902 2906 4952 secretorum
2953 4893 3349 4963 :enigmaticam
3394 4901 3441 4948 et

1882 4990 2230 5045 umbratilem
2257 4988 2601 5052 doctrinam,
2632 4996 2685 5043 et
2716 4984 3185 5056 inexplicabilibus
3237 4984 3443 5039 involu-

1882 5089 1990 5135 tam
2045 5080 2377 5149 tegumentis
2426 5078 2791 5149 theologicam
2844 5076 3285 5140 institutionem,
3338 5083 3445 5129 tam

1882 5169 2095 5225 facilem
2125 5178 2288 5239 captu
2318 5178 2364 5225 et
2394 5169 2695 5238 jucundam
2731 5166 2969 5223 effecerit
2992 5207 3006 5233 ,
3038 5174 3097 5221 ut
3139 5182 3250 5221 non
3284 5167 3445 5222 modo

1954 5344 2065 5407 (23)
2093 5343 2255 5414 Forte
2277 5347 2361 5412 ἐφ’
2386 5338 2429 5411 ᾧ
2459 5345 2781 5414 ἡδυνόμεθα.

1957 5414 2012 5479 (2
2025 5414 2069 5475 ί)
2098 5413 2256 5467 Forte
2275 5413 2687 5483 τεχνολογεῑται.

1955 5484 2067 5549 (25)
2111 5485 2167 5534 Ἀ
2177 5482 2447 5552 ρχώμεθα,
2480 5485 2568 5537 Cll.

1953 5554 2063 5621 ('26)
2094 5554 2459 5624 Κεκριμένην,
2482 5556 2566 5608 ed.
