3800 5980
320 220 424 278 439
970 254 997 276 ι

1577 227 1634 282 S.
1675 227 1999 285 GREGORII
2024 229 2318 287 NYSSENI

3446 231 3559 289 ΗΟ

319 335 422 389 viri
451 333 707 404 perfecti,
754 343 808 391 et
853 337 1054 406 quibus
1080 337 1191 407 jam
1237 337 1404 392 animi
1448 353 1607 394 sensa
1653 355 1868 410 perpur-

1980 343 2141 407 λείοις
2166 342 2386 415 ἀνδράσι
2415 342 2524 405 τοῖς
2554 341 2653 412 ἤδη
2688 338 3115 410 κεκαθαρμένοις
3148 339 3213 393 τὰ
3238 323 3353 410 ’τῆς
3379 340 3561 413 ψυχῆς

316 435 440 496 gata
474 436 637 495 sunt,
668 428 1032 483 eruditionem
1058 430 1221 499 ‘lianc
1258 437 1640 499 assequantur,
1689 432 1782 485 sed
1820 439 1879 485 ut

314 518 560 573 eamdem
589 527 644 573 et
679 519 931 574 mulieres
965 520 1066 574 sibi
1104 529 1356 589 tanquam
1390 524 1666 591 propriam
1700 523 1878 576 vindi-

280 615 474 672 ‘cent;
530 609 964 680 infantibusque,
1012 612 1430 680 crepundiorum
1473 614 1667 676 instar,
1717 614 1875 667 volu-

314 707 518 769 ptatem
552 703 725 771 pariat
757 721 770 769 ;
802 711 854 756 et
883 703 1173 772 decrepitis
1201 703 1381 758 baculi
1427 715 1480 759 et
1511 705 1709 774 quietis
1755 706 1877 760 loco

312 793 595 861 obtingat;
627 793 701 846 illi
738 809 899 861 vero,
932 795 1129 864 quibus
1175 804 1304 850 tetas
1352 797 1528 867 viget,
1570 796 1733 865 hujus
1779 796 1874 851 do-

312 886 502 937 ctrinm
526 884 725 937 donum
757 900 916 940 suum
951 900 1075 940 esse
1100 886 1413 941 existiment
1442 904 1455 952 ;
1492 886 1538 941 is
1569 895 1747 941 autem
1782 888 1873 956 qui

310 973 455 1026 tristi
489 981 572 1028 est
606 973 789 1027 animo
817 982 869 1027 et
904 974 1044 1028 male
1077 974 1268 1030 aﬁ‘ecto
1303 976 1374 1029 ob
1401 983 1655 1030 eventum
1689 991 1876 1045 quem-

308 1064 488 1131 piam,
536 1073 758 1134 preptcr
805 1082 864 1120 se
912 1066 1196 1135 scripturae
1246 1066 1409 1134 hujus
1455 1067 1683 1135 gratiam
1735 1067 1874 1120 divi-

307 1153 457 1206 nitus
499 1153 719 1208 missam
762 1170 883 1209 esse
931 1156 1134 1210 credat.
1178 1154 1258 1208 Ad
1294 1156 1444 1221 haec,
1488 1156 1582 1225 qui
1630 1156 1731 1209 iter
1775 1171 1871 1210 seu

308 1251 453 1293 terra
504 1257 600 1295 seu
643 1243 780 1295 mari
819 1242 1063 1309 faciunt,
1103 1243 1306 1314 quique
1346 1244 1684 1298 sedentarias
1725 1252 1871 1298 artes

309 1338 605 1394 exercent,
652 1338 706 1387 et
753 1341 811 1386 ut
858 1349 970 1387 rem
1018 1335 1073 1388 in
1113 1349 1285 1403 pauca
1324 1333 1634 1397 conferam,
1680 1350 1871 1389 omnes

307 1428 415 1473 tam
448 1423 551 1475 viri
584 1438 744 1492 quam
791 1425 1082 1489 mulieres,
1125 1425 1489 1494 quodcunque
1530 1426 1651 1479 vitae
1698 1442 1869 1494 genus

309 1518 607 1578 sectentur,
641 1513 769 1582 aegri
804 1513 965 1567 simul
1011 1530 1075 1567 ac
1124 1514 1295 1579 ﬁrmi,
1348 1517 1606 1568 damnum
1654 1531 1711 1570 sc
1759 1519 1866 1584 pati

307 1601 669 1668 arbitrantur,
705 1604 750 1660 si
787 1620 891 1658 non
927 1620 1140 1674 semper
1174 1607 1227 1659 in
1269 1621 1362 1661 ore
1405 1606 1688 1660 sublimem
1728 1607 1867 1660 lianc

1980 436 2302 507 αἰσθητήρια
2338 436 2436 505 τὴν
2472 432 2816 487 διδασκαλίαν
2863 431 3065 501 ταύτην
3125 431 3518 495 σπουδάζεσθαι
3541 471 3558 498 ,

1979 526 2113 579 ἀλλὰ
2160 525 2250 578 καὶ
2281 526 2381 595 τῆς
2423 522 2852 589 γυναικωνίτιδος
2889 521 3016 572 ἴδιον
3064 519 3314 588 γενέσθαι
3348 522 3554 590 κτῆμα,

1979 617 2073 669 καὶ
2097 616 2309 686 νηπίοις
2340 614 2415 678 ὥς
2448 632 2500 667 τι
2537 614 2643 668 τῶν
2675 613 3000 683 ἀθυρμάτων
3028 611 3217 682 ἡδονὴν
3233 613 3437 682 φέρειν,
3462 614 3559 667 καὶ

1976 710 2087 769 τοῖς
2130 706 2604 777 παρηλικεστέροις
2662 704 2772 773 (27)
2815 703 2934 756 ἀντὶ
2991 703 3288 774 βακτηρίας
3342 720 3403 755 τε
3460 705 3560 758 καὶ

1977 797 2333 861 ἀναπαύσεως
2365 797 2626 865 γίνεσθαι,
2660 796 2751 848 τόν
2783 811 2842 847 τε
2878 794 3320 864 φαιδρυνὸμενον,
3355 792 3554 846 ἑαυτοῦ

1975 888 2214 959 νομίζειν
2264 885 2398 941 εἶναι
2450 888 2545 956 τῆς
2602 884 2946 947 διδασκαλίας
2991 885 3191 953 ταύτης
3238 886 3299 938 τὸ
3345 885 3558 955 δῶρον’

1975 979 2067 1032 καὶ
2098 980 2188 1031 τὸν
2216 978 2552 1049 σκυθρωπῶς
2583 981 2645 1031 ἐκ
2686 978 3053 1049 περιστάσεως
3096 976 3455 1047 διακείμενον,
3483 976 3555 1029 δι’

1974 1070 2133 1123 αὑτὸν
2164 1070 2369 1123 οἴεσθαι
2407 1070 2503 1139 τὴν
2533 1069 2784 1138 τοιαύτην
2823 1069 2924 1139 τῆς
2966 1067 3184 1139 γραφῆς
3213 1068 3373 1138 χάριν
3404 1066 3552 1121 δεδό-

1975 1162 2117 1215 σθαι.
2161 1158 2589 1229 Ὀδοιποροῦντές
2645 1177 2705 1211 τε
2754 1159 2889 1229 πρὸς
2941 1159 3149 1219 τούτοις
3198 1158 3292 1210 καὶ
3348 1156 3550 1210 θαλατ-

1970 1252 2216 1315 τεύοντες
2265 1252 2571 1322 ἄνθρωποι,
2621 1250 2654 1319 ἥ
2700 1266 2839 1302 τισιν
2889 1249 3210 1319 ἐπιδιφρίοις
3264 1248 3552 1316 ἐργασίαις

1973 1343 2516 1414 προσασχολούμενοι,
2574 1343 2665 1394 καὶ
2712 1342 2911 1403 πάντες
2961 1340 3072 1409 (28)
3115 1338 3448 1404 ἁπαξαπλῶς
3486 1340 3548 1392 ἐν

1971 1439 2136 1489 πᾶσιν
2187 1436 2603 1505 ἐπιτηδεύμασιν
2657 1434 2845 1503 ἄνδρες
2901 1449 2961 1484 τε
3013 1431 3105 1484 καὶ
3154 1432 3433 1497 γυναῖκες,
3484 1431 3546 1481 ἐν

1973 1528 2129 1598 ὑγεία
2157 1545 2213 1580 τε
2251 1528 2342 1580 καὶ
2373 1526 2668 1597 ἀρρωστίᾳ,
2695 1525 2894 1595 ζημίαν
2928 1521 3222 1584 ποιοῦνται,
3255 1520 3315 1572 τὸ
3350 1520 3423 1590 μὴ
3454 1520 3544 1574 διὰ

1973 1618 2235 1688 στόματος
2285 1617 2381 1686 τὴν
2436 1616 2641 1686 ὑψηλὴν
2690 1615 2892 1684 ταύτην
2944 1611 3286 1665 διδασκαλίαν
3337 1612 3542 1681 φέρειν.

309 1692 707 1746 institutionem
758 1694 1164 1749 circumferant.
1202 1695 1319 1749 Jam
1362 1711 1490 1749 vero
1532 1705 1583 1748 et
1617 1697 1865 1750 convivia

1977 1676 2115 1775 Ἤδη
2149 1676 2229 1758 δὲ*
2255 1676 2350 1758 καί
2382 1706 2450 1758 τά
2483 1676 2783 1775 cuni-ﬁcta,
2823 1676 2917 1757 καί
2964 1705 3021 1755 αἱ
3052 1701 3284 1771 γαμικαί
3329 1676 3547 1770 φαιδρό-

308 1794 360 1833 et
392 1782 657 1850 nuptiales
687 1784 988 1839 hilaritates
1014 1786 1408 1855 pliilOSOphiam
1447 1787 1615 1852 hanc,
1649 1795 1708 1840 ut
1738 1802 1866 1856 par~

308 1882 416 1926 tem
450 1875 682 1939 lzetitiae,
714 1875 830 1929 suis
860 1876 1294 1944 jucunditatibus
1324 1877 1635 1941 asciseunt,
1682 1884 1741 1930 ut
1784 1886 1868 1930 ta—

309 1977 530 2017 ceamus
562 1965 800 2018 divinam
836 1966 984 2018 illam
1021 1967 1073 2018 in
1109 1967 1394 2020 nocturnis
1437 1966 1737 2036 pervigiliis
1774 1984 1870 2036 per

302 2054 544 2120 psalmos
576 2055 787 2110 institui
819 2056 1036 2110 solitam
1072 2056 1421 2126 hymnodiam
1451 2098 1465 2121 ,
1502 2056 1869 2127 Ecclesizeque

302 2144 360 2197 in
415 2144 501 2199 his
558 2144 912 2218 decantandis
959 2153 1267 2201 accuratam
1317 2146 1681 2202 sedulitatem.

374 2294 507 2363 Quae
541 2299 701 2369 igitur
730 2315 895 2356 causa
924 2299 1213 2355 ineﬂabilis
1244 2300 1389 2355 illius
1415 2299 1732 2369 voluptatis,
1766 2314 1870 2370 qua

303 2399 498 2446 cantus
526 2407 657 2447 suos
688 2407 916 2461 magnus
935 2391 1106 2445 David
1131 2392 1370 2461 perfudit.
1396 2409 1410 2457 ;
1440 2392 1510 2446 ob
1538 2406 1700 2461 quam
1733 2392 1872 2446 adeo

299 2492 455 2551 grata
496 2493 548 2538 et
576 2493 795 2552 accepta
818 2491 901 2538 est
950 2484 1272 2539 mortalibus
1320 2483 1657 2538 Psalmorum
1702 2484 1872 2538 disci-

298 2575 497 2644 plina?
545 2573 805 2629 Fortasse
846 2575 1019 2629 cuivis
1067 2584 1377 2644 promptum
1424 2573 1587 2627 fuerit
1651 2588 1872 2629 causam

298 2667 504 2732 dicere,
527 2677 749 2736 propter
776 2680 940 2734 quam
962 2663 1097 2719 adeo
1116 2664 1470 2728 delectamur,
1496 2679 1617 2718 cum
1640 2664 1704 2719 ad
1726 2664 1875 2719 Psal-

299 2773 422 2813 mos
450 2772 634 2812 curam
666 2765 720 2812 et
752 2755 1134 2825 cogitationem
1167 2753 1873 2810 convertimus.Verborum

298 2851 444 2904 enim
507 2850 798 2905 melodiam
853 2856 1143 2918 aptamque
1186 2846 1611 2901 concinnitatem
1652 2861 1874 2900 causam

298 2955 445 3006 esse,
463 2955 562 2993 cur
587 2946 735 2992 tanta
764 2938 964 2992 mentis
989 2935 1278 2991 dulcedine
1300 2934 1489 2990 dcillis
1516 2935 1869 2990 disseramus.

298 3029 415 3098 Ego
433 3043 583 3094 vero,
613 3027 718 3083 etsi
737 3028 790 3082 id
822 3043 1007 3081 verum
1036 3041 1159 3081 esse
1187 3025 1378 3081 lubens
1401 3025 1596 3091 fateor,
1620 3025 1873 3080 existimo

300 3131 482 3174 tamen
504 3119 610 3173 hoc
632 3119 809 3188 ipsum
835 3133 944 3172 non
973 3118 1406 3187 praetereundum
1427 3156 1441 3181 ,
1464 3117 1560 3173 sed
1586 3118 1874 3186 diligenter

299 3210 702 3265 discutiendum
724 3224 868 3264 esse.
894 3207 1121 3264 Videtur
1149 3209 1293 3264 enim
1324 3209 1502 3276 majus
1531 3208 1788 3278 quiddam
1817 3219 1872 3264 et

300 3299 655 3369 pmstatitius
703 3299 971 3354 insinuari
1018 3314 1182 3369 quam
1238 3300 1391 3353 multi
1441 3298 1727 3367 judicent,
1775 3314 1871 3367 per

300 3391 701 3461 philosophiam
735 3392 788 3446 in
813 3392 1053 3447 melodia
1074 3392 1474 3461 verborumque
1498 3392 1869 3446 modulatione

300 3485 485 3539 sitam.
521 3484 663 3550 Quid
706 3484 872 3554 igitur
916 3493 1033 3551 est,
1075 3485 1223 3555 quod
1256 3485 1424 3539 volo?
1462 3485 1658 3540 Audivi
1691 3500 1869 3555 quem-

299 3575 423 3629 dam
453 3592 519 3631 ex
551 3577 857 3647 sapientum
891 3593 1152 3643 numero,
1187 3593 1308 3632 cum
1343 3577 1411 3632 de
1441 3585 1636 3632 natura
1670 3589 1865 3631 nostra

298 3667 608 3753 dissereret,
627 3669 893 3724 allirmare
910 3669 1180 3724 hominem
1199 3684 1321 3724 esse
1336 3684 1562 3737 parvum
1577 3668 1836 3721 mundum
1850 3707 1863 3728 ,

298 3761 479 3812 omnia
510 3761 564 3815 in
594 3776 654 3815 se
683 3763 1127 3830 complectentem
1154 3800 1167 3825 ,
1200 3776 1321 3829 quae
1349 3761 1403 3813 in
1435 3775 1632 3829 magno
1664 3759 1869 3813 mundo

299 3852 670 3921 reperiuntur.
715 3853 785 3905 At
829 3853 1067 3907 universi
1112 3850 1281 3920 hujus
1324 3851 1613 3919 dispositio
1654 3850 1867 3905 musica

296 3945 545 4016 quadam
580 3946 864 3999 harmonia
895 3953 948 4000 et
979 3945 1357 3999 convenientia
1387 3951 1500 4005 est,
1545 3941 1866 3996 multiformi

297 4035 534 4103 quodam
566 4035 828 4103 varioque
856 4033 1048 4088 ordine
1075 4043 1129 4087 et
1160 4033 1530 4087 concinnitate
1558 4046 1741 4085 secum
1772 4044 1865 4082 co-

295 4130 514 4199 pulata,
544 4128 756 4199 sibique
793 4129 913 4198 ipsa
944 4127 1332 4192 consentiens;
1379 4142 1409 4178 a
1449 4140 1560 4194 quo
1594 4130 1863 4178 concentu

294 4222 448 4275 nullo
472 4235 709 4289 unquam
737 4230 978 4290 tempore
1005 4218 1162 4273 avelli
1191 4224 1400 4287 potest,
1433 4217 1556 4269 licet
1584 4214 1863 4282 multiplex

296 4314 370 4369 sit
399 4316 452 4367 in
484 4312 716 4384 singulis
746 4328 928 4367 rerum
966 4310 1255 4379 generibus
1280 4307 1587 4363 diﬂcrentia
1613 4312 1667 4359 et
1695 4313 1866 4357 muta-

295 4406 394 4460 tio.
437 4404 591 4471 Quod
622 4405 764 4459 enitn
810 4405 865 4457 in
909 4403 1114 4470 plectro
1162 4416 1256 4455 seu
1310 4400 1710 4461 instrumento,
1756 4412 1864 4465 quo

294 4498 545 4549 musicus
575 4495 772 4558 utitur,
803 4494 1106 4562 contingit,
1137 4493 1266 4545 dum
1300 4488 1597 4541 artificiose
1632 4487 1865 4542 chordas

292 4586 501 4655 tangit,
550 4592 988 4654 eoucentumque
1032 4583 1297 4637 varietate
1345 4593 1604 4631 sonorum
1649 4579 1867 4632 concin-

294 4695 426 4733 num
473 4678 753 4749 producit,
795 4678 869 4732 ita
920 4687 977 4730 ut
1021 4677 1065 4729 si
1113 4677 1168 4729 in
1218 4673 1473 4728 omnibus
1514 4672 1654 4725 idem
1697 4686 1865 4725 sonus

294 4777 472 4831 esset,
516 4782 861 4838 nequaquam
904 4766 1115 4819 varium
1158 4762 1290 4817 illud
1322 4761 1493 4815 melos
1522 4760 1861 4814 efﬁceretur:

293 4859 436 4913 idem
464 4859 517 4913 in
546 4860 711 4929 hujus
738 4857 975 4912 universi
1004 4862 1431 4922 temperamento
1459 4851 1652 4904 accidit
1678 4869 1692 4916 ;
1723 4851 1864 4920 quod

291 4966 358 5003 ex
393 4950 749 5020 Singularium
782 4960 965 5001 rerum
996 4942 1358 4995 mutabilitate
1388 4950 1651 4994 constans
1673 4979 1688 5003 ,
1720 4940 1865 4994 ordi-

292 5050 420 5095 nata
469 5041 702 5111 quadam
742 5048 796 5093 et
836 5034 1161 5090 immutabili
1198 5033 1338 5087 serie
1383 5040 1436 5086 et
1488 5033 1864 5087 convenientia

295 5134 398 5188 sibi
442 5133 803 5191 connectitur,
835 5129 1179 5199 partiumque
1217 5140 1340 5178 cum
1371 5130 1485 5177 toto
1517 5125 1862 5178 concordiam

297 5238 352 5277 et
403 5224 865 5295 conspirationem
916 5217 1188 5279 efﬁciens,
1243 5216 1616 5268 ltarn‘tonieatn
1666 5216 1863 5281 istam,

296 5316 509 5385 sibique
558 5331 625 5369 ex
664 5314 811 5368 omni
855 5319 1007 5381 parte
1052 5308 1428 5363 concinentem
1474 5307 1761 5362 melodiam
1816 5318 1866 5360 ct

369 5523 484 5666 (27g
511 5522 1002 5592 Παρηλικωτέροις,
1031 5524 1120 5580 ed.

373 5593 463 5666 (28
507 5594 568 5645 Οἱ
595 5592 719 5645 add.
754 5592 838 5645 ed.

373 5592 484 5666 (28)
507 5594 568 5645 Οἱ
595 5592 719 5645 add.
754 5592 838 5645 ed.

1971 1815 2146 1867 τητες,
2183 1798 2258 1859 ὡς
2293 1797 2456 1865 μέρος
2500 1794 2831 1865 εὐφροσύνης
2872 1793 2968 1864 τὴν
3000 1792 3312 1862 φιλοσοφίαν
3342 1792 3545 1860 ταύτην

1972 1891 2027 1942 ἐν
2082 1891 2200 1950 ταῖς
2253 1888 2536 1957 θυμηδίαις
2588 1885 3120 1957 παραλαμϐάνουσιν,
3154 1884 3240 1935 ἵνα
3284 1882 3548 1952 παρῶμεν

1970 1978 2067 2046 τὴν
2095 1976 2271 2028 ἔνθεον
2315 1979 2371 2027 ἐν
2411 1977 2531 2037 ταῖς
2581 1974 2863 2042 παννυχίσι
2900 1972 2985 2025 διὰ
3018 1972 3218 2025 τούτων
3252 1970 3544 2041 ὑμνῳδίαν,

1972 2070 2063 2121 καὶ
2100 2067 2205 2120 τῶν
2255 2067 2552 2137 ἐκκλησιῶν
2598 2063 3038 2134 ἐσπουδασμένην
3068 2065 3124 2115 ἐν
3162 2062 3368 2125 τούτοις
3398 2061 3547 2130 φιλο-

1976 2161 2182 2227 σοφίαν.

2043 2315 2137 2379 Τίς
2168 2314 2258 2370 οὖν
2283 2315 2314 2384 ἡ
2340 2315 2548 2369 ἐπίνοια
2588 2316 2686 2386 τῆς
2725 2315 3001 2386 ἀφράστου
3035 2313 3237 2384 ταύτης
3274 2311 3368 2365 καὶ
3396 2310 3547 2374 θείας

1973 2407 2185 2478 ἡδονῆς,
2214 2407 2279 2477 ἢν
2308 2407 2531 2477 κατέχεε
2560 2407 2666 2461 τῶν
2696 2407 3035 2475 διδαγμάτων
3080 2407 3109 2457 ὁ
3155 2405 3326 2474 μέγας
3358 2402 3545 2466 Δαὸἰδ,

1972 2498 2059 2551 διὰ
2099 2494 2165 2568 ἧς
2215 2497 2354 2551 οὕτω
2410 2499 2633 2567 γέγονεν
2677 2498 3075 2567 εὐπαράδεκτον
3130 2498 3196 2566 τῇ
3241 2495 3399 2562 φύσει
3437 2493 3549 2546 τῶν

1973 2588 2273 2659 ἀνθρώπων
2320 2588 2382 2641 τὸ
2429 2588 2689 2659 μάθημα;
2734 2589 3020 2660 πρόχειρον
3061 2587 3158 2657 μὲν
3206 2588 3335 2648 ἴσως
3387 2585 3551 2637 παντὶ

1974 2680 2143 2732 εἰπεῖν
2172 2678 2267 2749 τὴν
2302 2678 2498 2742 αἰτίαν,
2539 2679 2658 2731 καθ’
2690 2680 2755 2748 ἣν
2797 2680 2852 2732 ὲν
2895 2678 3053 2748 ἡδονῇ
3080 2677 3178 2747 τὴν
3226 2679 3284 2729 ὲν
3339 2676 3551 2737 τούτοις

1978 2769 2204 2839 μελέτην
2234 2767 2547 2840 ποιούμεθα·
2583 2768 2642 2821 τὸ
2674 2769 2782 2838 γὰρ
2823 2767 3072 2838 μελῳδεῖν
3107 2767 3173 2819 τὰ
3203 2766 3440 2838 ῥήματα,
3466 2763 3550 2816 εἴ-

1977 2880 2066 2915 ποι
2093 2881 2175 2926 τις
2200 2863 2264 2916 ἂν
2288 2865 2455 2915 αἴτιον
2500 2859 2636 2914 εἷναι
2684 2859 2778 2912 τοῦ
2826 2858 2942 2929 μεθ’
2967 2857 3154 2928 ἡδονῆς
3185 2855 3312 2926 περὶ
3344 2854 3550 2906 τούτων

1976 2957 2243 3021 διεξιέναι.
2289 2956 2427 3024 Ἐγὼ
2461 2954 2517 3006 δὲ
2557 2952 2661 3006 κᾶν
2686 2945 2933 3021 ἀληθὲςῇ
2966 2948 3141 3010 τοῦτο,
3173 2945 3314 3016 φημί
3335 2945 3442 2997 δεῖν
3472 2943 3553 3014 μὴ

1977 3047 2218 3119 παριδεῖν
2269 3046 2593 3116 ἀθεώρητον.
2619 3045 2800 3096 Ἕοικε
2848 3041 2955 3112 γὰρ
3002 3038 3180 3108 μεῖζόν
3224 3055 3297 3099 τι,
3326 3036 3360 3106 ἦ
3406 3036 3551 3087 κατᾶ

1972 3141 2070 3211 τὴν
2114 3139 2222 3192 τῶν
2261 3136 2466 3190 πολλῶν
2500 3135 2733 3188 διάνοιαν
2780 3128 3193 3201 ὑποσημαίνειν,
3238 3127 3272 3196 ἡ
3315 3123 3402 3176 διὰ
3448 3122 3551 3191 τῆς

1975 3228 2234 3299 μελῳδίας
2273 3223 2574 3294 φιλοσοφία.
2606 3222 2669 3274 Τί
2716 3215 2806 3274 οὖν
2855 3221 3000 3270 ὲστιν
3033 3216 3062 3269 ὃ
3102 3214 3270 3285 φημί;
3301 3213 3552 3266 Ἤκουσά

1970 3337 2112 3381 τινος
2140 3318 2248 3371 τῶν
2277 3318 2455 3387 σοφῶν
2482 3317 2570 3370 τὸν
2599 3316 2729 3386 περὶ
2761 3314 2859 3383 τῆς
2892 3312 3104 3381 φύσεως
3136 3309 3291 3379 ἡμῶν
3331 3305 3552 3372 διεξιόν·
3584 3306 3596 3318 ’

1970 3429 2059 3476 τος
2095 3410 2271 3479 λόγον,
2297 3410 2378 3462 ὅτι
2415 3407 2605 3479 μικρός
2651 3423 2733 3468 τις
2780 3404 2978 3473 κόσμος
3010 3399 3154 3452 ἐστὶν
3183 3399 3211 3450 ὁ
3241 3396 3548 3467 ἅνθρωπος,

1971 3505 2144 3557 πάντα
2169 3501 2304 3572 ἔχων
2336 3502 2391 3552 ὲν
2431 3497 2606 3567 ἑαυτῷ
2628 3497 2693 3549 τὰ
2732 3493 2825 3547 τοῦ
2872 3492 3103 3573 μεγάλου
3136 3491 3360 3559 κόσμου.
3402 3487 3467 3538 Ἦ
3490 3485 3549 3537 δὲ

1968 3592 2062 3646 τοῦ
2107 3591 2309 3654 παντὸς
2350 3590 2724 3659 διακόσμησις,
2763 3584 2994 3656 ἁρμονία
3028 3583 3107 3644 τίς
3150 3582 3265 3632 ἐστι
3316 3579 3551 3650 μουσικὴ

1970 3679 2258 3739 πολυειδῶς
2289 3680 2381 3731 καὶ
2416 3677 2672 3739 ποικίλως
2715 3675 2856 3728 κατά
2890 3690 3008 3725 τινα
3042 3669 3191 3734 τάξιν
3228 3670 3324 3722 καὶ
3347 3666 3551 3738 ῥυθμὸν

1971 3765 2104 3835 πρὸς
2137 3763 2331 3835 ἑαυτὴν
2363 3763 2703 3834 ἡρμοσμένη,
2747 3761 2840 3814 καὶ
2884 3761 3048 3828 ἑαυτῇ
3101 3752 3420 3827 συνᾴδουσα,
3455 3755 3551 3807 καὶ

1971 3856 2237 3926 μηδέποτε
2285 3854 2395 3924 (9.9)
2427 3854 2525 3921 τῆς
2566 3850 2880 3923 συμφωνίας
2932 3848 3135 3918 ταύτης
3174 3843 3549 3914 διασπωμένη,

1956 3947 2015 4001 ,εἰ
2045 3944 2134 3996 καὶ
2164 3942 2329 4012 πολλή
2371 3959 2454 4005 τις
2489 3943 2547 3994 ἐν
2589 3942 2701 4004 τοῖς
2750 3938 2869 3992 καθ’
2894 3938 3119 3991 ἕκαστον
3161 3937 3194 4003 ὴ
3237 3933 3344 3986 τῶν
3380 3932 3550 3985 ὄντων

1965 4034 2193 4105 διαφορὰ
2221 4033 2522 4105 θεωρεῖται.
2556 4027 2677 4084 Οῗον
2715 4032 2821 4101 γὰρ
2857 4030 2946 4083 ἐπὶ
2973 4028 3080 4081 τοῦ.
3099 4027 3371 4097 πλήκτρου
3404 4024 3552 4092 γίνε-

1965 4143 2054 4178 ται
2077 4126 2170 4177 τοῦ
2203 4125 2464 4194 τεχνικῶς
2487 4123 2790 4192 ἁπτομένου
2824 4120 2930 4172 τῶν
2961 4119 3149 4185 τόνων,
3186 4117 3278 4170 καὶ
3307 4116 3366 4168 τὸ
3390 4114 3552 4185 μέλος

1965 4213 2023 4267 ἐν
2072 4216 2136 4283 τῇ
2168 4214 2407 4283 ποικιλίᾳ
2446 4213 2552 4265 τῶν
2598 4210 2850 4279 φθόγγων
2899 4207 3263 4279 προάγοντος,
3310 4205 3386 4267 ὡς
3434 4205 3547 4271 εἴγε

1901 4343 1943 4397 D
1971 4305 2244 4375 μονοειδής
2273 4322 2355 4367 τις
2383 4306 2439 4357 ὲν
2465 4306 2627 4356 πᾶσιν
2666 4304 2693 4354 ὁ
2719 4301 2951 4369 φθόγγος
2979 4296 3067 4369 ἦν,
3090 4298 3194 4350 οὐδ’
3224 4296 3289 4349 ἂν
3320 4295 3549 4365 συνέστη

1970 4398 2184 4461 πάντως
2216 4398 2275 4448 τὸ
2307 4397 2491 4465 μέλος·
2519 4394 2689 4457 οὕτως
2718 4393 2813 4446 καὶ
2848 4394 2880 4459 ἡ
2913 4391 3003 4445 τοῦ
3037 4390 3233 4453 παντὸς
3260 4390 3454 4458 κρᾶσις
3492 4389 3554 4438 ἐν

1971 4490 2233 4551 ποικίλοις
2258 4487 2363 4539 τῶν
2394 4486 2511 4540 καθ’
2536 4488 2761 4538 ἕκαστον
2810 4486 2866 4536 ἐν
2908 4482 2985 4553 τῷ
3025 4483 3212 4551 κόσμῳ
3242 4477 3549 4550 θεωρουμιξ⁴

1971 4598 2075 4635 νων
2102 4580 2188 4633 διά
2213 4596 2357 4640 τινος
2380 4577 2708 4646 τεταγμένου
2734 4593 2789 4628 τε
2828 4574 2919 4626 καὶ
2948 4572 3300 4644 ἀπαραϐάτου
3343 4567 3549 4639 ῥυθμοῦ

1972 4672 2106 4739 αὐτὴ
2136 4669 2335 4737 ἑαυτῆς
2359 4669 2657 4738 ἁπτομένη,
2688 4666 2779 4719 καὶ
2817 4665 2913 4735 τὴν
2942 4664 3047 4715 τῶν
3102 4662 3279 4733 μερῶν
3317 4660 3452 4731 πρὸς
3490 4658 3552 4711 τὸ

1970 4764 2089 4817 ὅλον
2116 4762 2477 4831 εὐαρμοστίαν
2500 4758 2856 4830 ἐργαζομένη,
2888 4757 2983 4827 τὴν
3017 4754 3380 4825 παναρμόνιον
3416 4750 3550 4805 ταύ-

1971 4873 2067 4926 την
2102 4856 2158 4906 ἐν
2191 4854 2268 4924 τῷ
2298 4852 2459 4905 παντὶ
2488 4852 2811 4920 μουσουργεῖ
2842 4846 3125 4918 μελῳδίαν,
3168 4841 3237 4916 ἧς
3279 4842 3553 4912 ἀκροατὴς

1971 4950 1998 5000 ὁ
2029 4946 2150 5007 νοῦς
2176 4945 2401 5012 γίνεται,
2434 4942 2552 4995 κατ’
2577 4942 2726 4994 οὐδὲν
2767 4943 2832 5010 τῇ
2863 4940 2997 5008 ἁκοῇ
3028 4935 3199 5007 ταύτῃ
3240 4931 3555 5002 συγχρώμε-

1973 5053 2081 5100 νος,
2118 5034 2230 5087 ἀλλ’
2263 5032 2623 5103 ὑπερκύπτων
2654 5030 2723 5082 τὰ
2752 5032 2848 5098 τῆς
2879 5027 3076 5098 σαρκὸς
3104 5024 3427 5094 αἰσθητήρια
3462 5023 3556 5074 καὶ

1970 5129 2081 5182 ἄνω
2109 5128 2415 5195 γενόμενος,
2444 5123 2631 5201 οὕτως
2654 5122 2830 5175 ἐπαΐει
2861 5120 2961 5188 τῆς
3004 5117 3111 5170 τῶν
3144 5114 3386 5186 οὐρανῶν
3427 5114 3555 5182 ὑμν-

1974 5219 2157 5286 ῳδίας,
2191 5218 2290 5278 Ὣς
2327 5233 2413 5285 μοι
2448 5216 2593 5267 δοκεῖ
2642 5215 2734 5266 καὶ
2778 5215 2805 5265 ὁ
2845 5212 3012 5281 μέγας
3049 5207 3340 5278 ἀκηκοέναι
3372 5205 3534 5257 Δαϐὶδ

1972 5310 2058 5361 ὅτε
2120 5308 2207 5361 διὰ
2257 5307 2359 5377 τῆς
2411 5305 2787 5375 θεωρουμένης
2827 5303 3004 5364 αὐτοῖς
3055 5297 3304 5368 τεχνικῆς
3350 5313 3410 5348 τε
3463 5295 3552 5349 καὶ

2052 5526 2161 5596 (’29)
2193 5527 2416 5597 Μήποτε
2429 5567 2439 5587 ,
2472 5524 2554 5578 ed.
