3800 5980
231 232 320 290 441

1565 231 1631 286 ΙΝ
1669 231 1774 287 PS.t

1880 231 2010 288 IOS.
2071 207 2084 218 ⁷
2984 216 2995 222 ’
3355 234 3382 284 ι
3396 233 3462 287 49,

231 340 490 410 πανσόφου
518 341 804 409 κινήσεως,
839 339 936 411 τὴν
967 339 1122 405 δόξαν
1167 339 1260 394 τοῦ
1303 339 1361 394 ὲν
1407 339 1588 403 αὐτοῖς
1620 341 1774 395 ταῦτα

1894 348 2308 396 consonanttam
2350 342 2490 410 parit
2514 380 2528 401 ,
2569 341 2728 410 cujus
2755 341 2968 396 auditor
2995 350 3078 397 est
3106 341 3354 406 animus,
3390 344 3459 397 ab

230 429 560 502 ἐνεργοῦντος
595 429 728 482 Θεοῦ
763 429 1131 500 διηγουμένων
1156 430 1554 501 ὲπηκροάσατο.

1895 432 2082 486 auditu
2131 431 2236 486 hoc
2287 446 2548 500 corporeo
2585 441 2932 500 segregatus,
2973 439 3027 487 et
3065 447 3228 500 supra
3281 433 3464 490 carnis

229 523 380 592 hujus
408 536 773 590 sensuumque
796 537 997 592 organa
1026 533 1246 577 evectus
1274 542 1287 576 :
1317 523 1396 578 sic
1420 523 1564 576 enim
1596 523 1904 578 caelestium
1933 531 2299 578 concentuum
2335 524 2392 577 ﬁt
2417 539 2584 594 capax
2612 543 2627 590 ;
2686 536 2844 592 quos,
2877 537 2998 577 meo
3055 521 3280 590 judicio,
3343 536 3464 575 ma-
3506 539 3510 543 ’

228 631 354 686 gnus
383 614 563 669 itidem
583 614 752 670 David
777 617 1057 685 percepit,
1081 616 1299 686 quando
1324 632 1418 687 per
1444 617 1589 689 illam
1611 659 1625 682 ,
1658 634 1778 687 quat
1839 619 1892 672 in
1953 619 2107 673 cmlis
2159 625 2414 688 apparet,
2462 617 2917 687 sapientissimam
2960 623 3013 670 et
3076 615 3461 671 artiticiosissi-

228 719 359 758 niam
418 706 742 775 motionem,
776 708 1004 778 gloriam
1056 707 1171 774 Dei,
1219 715 1426 764 motum
1477 711 1630 765 illum
1669 712 1723 765 in
1781 711 2114 783 coelestibus
2147 711 2468 782 corporibus
2515 709 2834 774 eﬁicientis,
2885 709 3058 765 caelos
3109 716 3456 780 enarrantes,

225 796 420 851 audivit
449 798 518 852 π.

299 931 526 1002 Ἀληθῶς
558 931 669 1003 γὰρ
696 933 792 1004 τῆς
817 933 1104 1002 ἀνεφίκτου
1131 952 1192 988 τε
1218 936 1312 989 καὶ
1343 938 1617 1008 άφράστου
1650 938 1782 991 Θεοῦ

223 1023 396 1093 δόξης,
439 1022 606 1094 ὕμνος
650 1025 765 1077 ἐστὶ
791 1025 868 1094 τῷ
927 1026 1150 1096 τοιούτῳ
1200 1027 1390 1099 ῥυθμῷ
1442 1030 1786 1100 προσαγόμε-

223 1131 301 1177 νος
327 1115 454 1184 (50),
485 1118 518 1182 ἡ
546 1116 644 1184 τῆς
677 1115 904 1179 κτίσεως
933 1116 1108 1187 πάσης
1142 1119 1276 1187 πρὸς
1307 1119 1503 1190 ἑαυτὴν
1533 1120 1780 1191 συνῳδία,

220 1205 299 1258 διὰ
350 1205 454 1258 τῶν
522 1205 780 1258 ἐναντίων
851 1208 1288 1280 συγκεκραμένη.
1341 1209 1623 1270 Ἐναντίως
1674 1209 1782 1281 γὰρ

221 1294 320 1362 ἔχει
349 1294 480 1364 πρὸς
512 1294 713 1364 ἄλληλα
745 1295 931 1359 στάσις
981 1298 1073 1349 καὶ
1124 1297 1353 1367 κίνησις.
1386 1299 1569 1354 Ταῦτα
1602 1301 1657 1354 δὲ
1695 1303 1782 1354 κέ-

219 1402 400 1455 κραται
435 1389 552 1455 μετ’
587 1387 827 1458 ἀλλήλων
868 1389 924 1439 ὲν
967 1390 1032 1458 τῇ
1093 1387 1249 1456 φύσει
1301 1388 1411 1440 τῶν
1449 1375 1636 1444 ὅντων.
1671 1392 1780 1445 Καί

217 1493 291 1538 τις
317 1477 590 1545 ἀμήχανος
619 1479 676 1528 ὲν
704 1477 884 1540 αὐτοῖς
913 1479 1206 1548 καθορᾶται
1245 1479 1352 1532 τῶν
1393 1482 1779 1550 ἀντικειμένων

1963 935 2104 990 Vere
2132 937 2277 991 enim
2323 937 2615 990 inaccessae
2643 943 2698 989 et
2731 932 3131 1003 inexplicabilis
3163 931 3348 1002 gloriae
3371 927 3457 987 di-

1899 1027 2034 1080 vinae
2064 1027 2298 1098 hymnus
2325 1043 2388 1080 ex
2435 1027 2537 1080 ista
2569 1025 2943 1082 convenientia
2983 1032 3178 1078 enatus
3205 1033 3326 1088 est,
3357 1039 3457 1079 cu-

1885 1119 2112 1188 juslibet
2141 1125 2405 1172 creaturae
2430 1134 2613 1172 secum
2639 1126 2692 1172 et
2723 1132 2847 1172 cum
2879 1116 3002 1170 aliis
3032 1123 3362 1180 concentus,
3389 1131 3456 1170 ex

1889 1206 2181 1262 contrariis
2215 1213 2626 1274 attemperatus.
2661 1199 2947 1259 Contraria
2989 1204 3135 1257 enim
3181 1213 3310 1257 sunt
3341 1217 3458 1257 Ino-

1889 1307 1979 1354 tus
2009 1306 2062 1352 et
2091 1299 2268 1367 quies.
2301 1298 2369 1350 At
2412 1297 2526 1350 haec
2566 1305 2754 1350 mutuo
2790 1297 2844 1349 in
2877 1309 3058 1350 rerum
3097 1301 3292 1348 natura
3322 1303 3456 1348 tem-

1889 1395 2073 1455 perata
2119 1395 2277 1448 sunt,
2318 1384 2609 1453 videreque
2645 1393 2728 1439 est
2765 1385 2821 1437 in
2860 1385 2995 1452 ipsis
3035 1383 3450 1452 inenarrabilem

1888 1475 2177 1545 quamdam
2229 1475 2628 1528 contrariorum
2685 1475 2996 1528 Inistionetn
3030 1515 3044 1539 ,
3092 1481 3153 1527 ut
3201 1475 3254 1528 in
3305 1483 3452 1532 Inotu

221 1567 366 1636 μίξις,
399 1567 472 1629 ὼς
507 1569 603 1620 καὶ
633 1571 689 1620 ὲν
723 1571 786 1638 τῇ
824 1569 1034 1638 κινήσει
1065 1569 1123 1620 τὸ
1169 1571 1425 1640 στάσιμον
1453 1571 1774 1639 δείκνυσθαι,

1886 1567 2042 1634 quies
2089 1565 2394 1628 elucescat,
2445 1574 2497 1618 et
2548 1565 2600 1618 in
2643 1580 2708 1619 eo
2755 1565 2900 1634 quod
2941 1580 3048 1618 non
3090 1573 3358 1628 movetur,
3399 1565 3450 1619 id

215 1657 297 1710 καὶ
329 1660 380 1710 ἐν
405 1658 481 1728 τῷ
511 1660 588 1728 μὴ
631 1659 930 1729 κινουμένῳ
957 1659 1016 1710 τὸ
1051 1660 1374 1730 ἀεικίνητον.
1407 1661 1650 1713 Κινεῖται
1682 1663 1780 1731 μὲν

214 1748 312 1818 γὰρ
347 1750 410 1803 τὰ
444 1751 564 1802 κατ’
603 1750 827 1820 οὐρανὸν
857 1751 942 1802 ἀεὶ
969 1751 1163 1814 πάντα,
1204 1750 1235 1820 ἢ
1275 1749 1352 1821 τῷ
1390 1751 1620 1804 ἀπλανεῖ
1653 1769 1783 1823 συμ-

214 1839 593 1908 περιπολοῦντα
647 1839 849 1910 κύκλῳ,
885 1839 917 1909 ἦ
969 1840 1112 1892 κατὰ
1159 1839 1219 1892 τὸ
1264 1840 1500 1893 ἐναντίον
1541 1841 1629 1894 διὰ
1674 1843 1781 1896 τῶν

214 1929 484 1999 πλανητῶν
546 1931 951 2001 ἀνελισσόμενα.
1003 1931 1239 2000 Ἐστηκε
1289 1931 1345 1984 δὲ
1399 1932 1626 1984 πάντοτε
1684 1935 1781 1987 καὶ

215 2018 296 2070 ἐπὶ
339 2019 432 2088 τῆς
473 2019 800 2089 ταυτότητος
837 2019 1039 2090 μένειὸ
1072 2022 1127 2072 ἐν
1171 2020 1379 2084 τούτοις
1419 2022 1624 2092 εἱρμὸς,
1658 2024 1778 2076 οὐδέ

211 2121 328 2158 ποτε
364 2107 469 2159 ἀπὸ
505 2106 604 2160 τοῦ
654 2110 710 2160 ἐν
756 2101 800 2174 ᾧ
839 2109 983 2162 ἐστιν
1023 2109 1105 2178 ἐφ’
1139 2109 1322 2180 ἕτερόν
1350 2128 1401 2162 τι
1434 2110 1614 2164 καινὸν
1643 2112 1776 2182 μεθ-

213 2197 498 2266 ιστάμενος,
541 2197 658 2250 ἀλλ’
697 2199 783 2250 ἀεὶ
811 2199 1068 2261 ὡσαύτως
1096 2199 1254 2269 ἔχων,
1295 2201 1388 2254 καὶ
1421 2204 1477 2254 ἐν
1507 2201 1584 2272 τῷ
1631 2202 1778 2273 αὐτῷ

209 2285 479 2357 διαμένων.
524 2289 594 2342 Ἡ
619 2289 796 2342 τοίνυν
828 2289 919 2343 τοῦ
952 2291 1182 2354 ἑστῶτος
1207 2291 1342 2362 πρὸς
1370 2291 1430 2344 τὸ
1463 2291 1776 2362 κινούμενον

211 2377 408 2442 σύνοδος
455 2381 514 2432 ἐν
555 2381 861 2452 τεταγμένῃ
887 2382 992 2434 τινὶ
1023 2382 1114 2434 καὶ
1147 2382 1484 2452 ἀπαραὸάτῳ
1520 2383 1774 2456 γινομένη

209 2462 285 2516 διὰ
317 2465 513 2528 παντὸς
549 2467 902 2539 εὐαρμοστίᾳ,
947 2471 1177 2540 μουσική
1220 2471 1302 2534 τίς
1349 2472 1494 2524 ἐστιν
1543 2472 1776 2543 ἁρμονία

210 2550 498 2622 σύγκρατον
533 2555 629 2607 καὶ
661 2555 948 2608 θεσπεσίαν
992 2557 1094 2628 τῆς
1133 2557 1194 2610 τὸ
1240 2561 1346 2610 πᾶν
1383 2559 1775 2632 διακρατούσης

207 2643 470 2714 δυνάμεως
497 2647 770 2717 ὑμνῳδίαν
802 2648 1154 2702 ἀποτελοῦσα.
1195 2643 1301 2712 ’Ἦς
1338 2667 1426 2720 μοι
1454 2651 1600 2704 δοκεῖ
1629 2652 1718 2704 καὶ
1747 2655 1775 2706 6

209 2734 368 2802 μέγας
381 2736 544 2790 Δαυῒδ
565 2738 622 2789 ὲν
649 2738 908 2808 ἀκροάσει
935 2739 1222 2808 γενόμενος
1249 2741 1420 2793 εἰπεῖν
1451 2739 1506 2794 ἔν
1533 2759 1638 2794 τινι
1665 2741 1774 2796 τῶν

204 2824 438 2896 ψαλμῶν,
469 2828 554 2880 ὅτι
588 2829 794 2882 αἰνοῦσι
831 2830 923 2882 τὸν
961 2829 1092 2882 Θεὸν
1129 2831 1190 2883 αἴ
1225 2847 1282 2882 τε
1315 2831 1468 2884 ἄλλαι
1494 2831 1768 2903 δυνάμεις,

205 2911 309 2978 (51)
341 2913 394 2965 αί
415 2915 537 2966 κατ’
565 2914 794 2984 οὐρανὸν
821 2918 1010 2980 πᾶσαι,
1029 2917 1120 2970 καὶ
1151 2917 1210 2970 τὸ
1232 2919 1474 2990 ἀστρῶον
1495 2897 1681 2990 φῶςξδ
1711 2939 1770 2974 τε
1798 2897 1840 2955 C

203 3002 341 3070 ἥλιος
361 3005 456 3058 καὶ
473 3007 506 3075 ἡ
529 3005 750 3077 σελήνη,
773 3007 864 3059 καὶ
883 3009 930 3060 οἱ
949 3007 1056 3060 τῶν
1077 3009 1319 3079 οὐρανῶν
1341 3011 1576 3083 οὐρανοὶ,
1599 3013 1772 3066 καὶτὸ

204 3091 585 3167 ὑπερουράνιον
609 3095 781 3169 ὓδωρ,
818 3098 928 3166 (52)
964 3099 1043 3152 ὅτι
1079 3100 1210 3152 ποτὲ
1243 3100 1301 3152 τὸ
1331 3099 1473 3173 ὕδωρ
1502 3102 1648 3170 λέγει
1679 3104 1774 3157 καὶ

201 3183 262 3235 τὰ
297 3183 418 3254 ἑξῆς
463 3186 644 3239 πάντα
689 3187 788 3239 ὅσα
815 3189 848 3257 ἡ
883 3188 1056 3250 κτίσις
1092 3188 1224 3258 ἔχει.
1269 3189 1328 3242 Ἦ
1360 3190 1467 3262 γὰρ
1495 3191 1604 3244 τῶν
1635 3193 1773 3246 πάν-

201 3287 299 3325 των
327 3273 462 3344 πρὸς
491 3274 701 3344 ἄλληλα
729 3274 1002 3344 σύμπνοιά
1036 3293 1091 3328 τε
1125 3279 1218 3330 καὶ
1261 3281 1591 3350 συμπάθεια,
1623 3281 1772 3348 τάξει

201 3363 286 3414 καὶ
313 3363 501 3434 κόσμῳ
550 3366 648 3418 καὶ
685 3365 970 3439 ἀκολουθίᾳ
1015 3369 1378 3444 διοικουμένη,
1413 3374 1445 3443 ἡ
1483 3373 1673 3446 πρώτη
1711 3393 1772 3428 τε

200 3453 284 3504 καὶ
326 3455 636 3526 ἀρχέτυπος
693 3457 786 3510 καὶ
825 3459 1031 3530 ἀληθής
1077 3462 1191 3515 ὲστι
1231 3466 1490 3534 μουσική·
1523 3465 1591 3537 ἢν
1623 3468 1652 3519 6
1679 3466 1772 3520 τοῦ

199 3547 384 3610 παντὸς
421 3547 726 3620 ἁρμοστὴς,
765 3549 843 3620 τῷ
883 3553 1104 3623 ἀρρήτῳ
1138 3554 1236 3623 τῆς
1280 3555 1472 3623 σοφίας
1511 3557 1652 3628 λόγῳ
1685 3558 1772 3611 διὰ

198 3635 296 3688 τῶν
337 3637 422 3690 ἀεὶ
461 3637 831 3708 ὲγγινομένων
877 3639 988 3712 (55)
1026 3643 1084 3695 ἐν
1127 3643 1286 3713 σοφίᾳ
1329 3646 1591 3714 τεχνικῶς
1639 3649 1773 3703 ἁνα-

198 3726 461 3795 κρούεται.
491 3729 560 3781 Εἰ
585 3723 678 3782 οὖν
703 3731 730 3782 6
761 3729 1052 3800 διάκοσμος
1076 3733 1195 3798 ὅλος
1237 3738 1468 3806 μουσική
1493 3755 1576 3801 τις
1599 3740 1772 3810 ἁρμο-

199 3817 279 3870 νία
307 3821 472 3884 ἐστὶν,
504 3813 576 3891 ἦς
611 3820 858 3892 τεχνίτης
894 3823 988 3875 καὶ
1007 3822 1333 3894 δημιουργὸς
1358 3827 1386 3878 ὁ
1411 3827 1560 3891 Θεὸς,
1594 3829 1772 3893 καθώς

198 3924 350 3978 φησιν
383 3913 411 3964 6
446 3911 800 3974 Ἀτοόστολος·
843 3912 1034 3983 μικρὸς
1075 3914 1132 3967 δὲ
1167 3916 1368 3988 κόσμος
1403 3920 1432 3972 6
1467 3919 1770 3990 ἄνθρωπος,

197 3999 224 4050 6
259 3999 313 4052 δὲ
349 4002 513 4065 αὐτὸς
557 3997 710 4068 οὗτος
754 4007 845 4059 καὶ
885 4006 1108 4078 μίμημα
1138 4008 1229 4062 τοῦ
1269 4011 1650 4082 ἁρμοσαμένου
1681 4014 1772 4067 τὸν

195 4089 387 4162 κόσμον
435 4093 764 4165 πεποίηται·
817 4097 952 4167 ὅπερ
995 4099 1087 4150 ἐπὶ
1130 4099 1224 4152 τοῦ
1278 4102 1510 4170 μεγάλου
1567 4105 1771 4174 κόσμου

194 4175 322 4234 οἶδεν
349 4183 378 4234 6
408 4182 592 4251 λόγος,
632 4183 786 4238 τοῦτο
828 4186 969 4240 κατὰ
1007 4187 1066 4240 τὸ
1095 4189 1239 4253 εἰκὸς
1261 4191 1352 4243 καὶ
1394 4193 1451 4244 ὲν
1482 4191 1558 4261 τῷ
1589 4193 1770 4264 μικρῷ

196 4269 373 4340 βλέπει
395 4292 409 4306 ⁸
448 4275 511 4328 τὸ
537 4277 648 4348 γὰρ
697 4277 860 4349 μέρος
893 4280 985 4332 τοῦ
1023 4279 1167 4344 ὅλου,
1201 4282 1458 4352 ὁμογενές
1496 4285 1610 4336 ἐστι
1637 4285 1772 4338 πάν-

192 4378 293 4426 τως
324 4365 402 4436 τῷ
432 4367 548 4436 (54)
599 4368 723 4439 ὅλῳ.
755 4369 964 4441 Ὥσπερ
999 4371 1108 4442 γὰρ
1150 4373 1208 4423 ὲν
1248 4372 1336 4442 ’τῷ
1381 4371 1492 4443 (55)
1523 4373 1770 4445 ψήγματι

193 4450 447 4526 βραχείας
483 4458 648 4512 ὑάλου
685 4460 826 4512 κατὰ
873 4452 934 4513 τδ
981 4461 1192 4514 στίλϐον
1229 4461 1411 4532 μέρος,
1461 4462 1581 4514 ὅλον
1625 4463 1770 4516 ἔστιν

195 4543 469 4619 {deti/(36),
501 4549 580 4612 ὡς
613 4551 668 4602 ἐν
695 4549 1004 4622 κατόπτρῳ,
1033 4551 1124 4604 τὸν
1145 4550 1340 4605 κύκλον
1356 4551 1448 4604 τοῦ
1481 4553 1630 4623 ἡλίου
1660 4552 1770 4606 δει-

194 4637 478 4708 κνύμενον,
527 4639 708 4704 καθὼς
744 4644 911 4712 χωρεῖ
943 4644 976 4712 ἡ
1017 4641 1290 4714 βραχύτης
1321 4641 1413 4696 τοῦ
1443 4643 1764 4708 στίλϐοντος

192 4725 329 4781 οὕτω
369 4731 466 4782 καὶ
498 4733 558 4784 ὲν
589 4730 668 4800 τῷ
703 4731 882 4803 μικρῷ
933 4732 1140 4804 κόσμῳ,
1177 4735 1244 4804 τῇ
1280 4733 1592 4807 ἀνθρωπίνῃ
1627 4733 1768 4803 λέγω

195 4817 366 4885 φύσει,
418 4821 575 4875 πᾶσα
618 4823 651 4891 ἡ
697 4824 754 4874 ὲν
808 4822 886 4893 τῷ
931 4825 1090 4876 παντὶ
1139 4823 1480 4896 θεωρουμένη
1536 4827 1766 4896 μουσικὴ

193 4909 510 4980 καθορᾶται,
544 4911 876 4980 ἀναλογοῢσα
924 4913 1004 4984 τῷ
1046 4913 1150 4984 ὅλῳ
1197 4915 1284 4967 διὰ
1315 4915 1407 4968 τοῦ
1449 4915 1662 4986 μέρους,
1692 4915 1767 4978 ὡς

193 5004 443 5072 γωρείται
471 5002 536 5056 τὸ
571 5004 690 5056 ὅλον
725 5004 828 5056 ὑπὸ
854 5003 947 5057 τοῦ
991 5005 1208 5076 μέρους.
1246 5005 1491 5059 Δείκνυσι
1523 5006 1578 5058 δὲ
1610 5005 1766 5059 τοῦτο

253 5177 296 5208 ⁵⁵
316 5179 467 5237 Psal.
499 5193 651 5246 vaII,
682 5180 717 5233 2
745 5195 864 5250 sqq.
940 5181 986 5214 9‘
1006 5179 1147 5236 Psal.
1183 5197 1404 5247 CXLVIII,
1458 5183 1476 5235 l
1524 5199 1644 5254 sqq.

259 5347 368 5420 (50)
394 5351 798 5420 Προαγόμενος,
827 5352 912 5407 ed.

258 5419 502 5486 (5|)Kat
535 5419 656 5474 add.
687 5424 776 5476 ed.

398 5489 532 5563 :O‘N
568 5490 698 5563 ποτὲ
722 5491 781 5542 τὸ
793 5490 942 5563 λῦδωρ
968 5503 1075 5546 om.
1107 5490 1194 5547 ed.

255 5558 368 5625 (55)
398 5559 727 5629 Γινομένων,
745 5559 830 5617 cd.

1883 1657 2027 1726 quod
2084 1672 2300 1726 semper
2348 1663 2620 1710 movetur.
2668 1655 2953 1710 Moventur
3000 1655 3143 1710 enim
3195 1665 3450 1725 perpetuo

1884 1749 2068 1803 omnia
2095 1764 2216 1817 qua:
2245 1749 2297 1800 in
2327 1748 2466 1802 ccelo
2485 1789 2499 1813 ,
2537 1747 2618 1800 vel
2651 1762 2774 1800 cum
2809 1745 3152 1798 ﬁrmamento
3181 1747 3455 1799 circuma-

1883 1839 2080 1909 gitata,
2116 1838 2202 1890 vel
2248 1853 2278 1891 e
2325 1835 2605 1890 contrario
2653 1834 2893 1888 motibus
2949 1833 3288 1901 planetarum
3319 1847 3452 1887 con-

1881 1915 2060 1981 versa.
2087 1925 2266 1980 Manet
2288 1942 2418 1980 vero
2449 1941 2665 1994 seraper
2690 1924 2987 1992 eodemque
3015 1923 3238 1992 perenni
3263 1928 3452 1976 tenore

1881 2019 2040 2072 durat
2065 2017 2374 2073 eorumdem
2411 2017 2676 2070 revolutio
2697 2054 2711 2081 ,
2743 2029 2918 2084 neque
2945 2029 3181 2082 unquam
3211 2014 3278 2066 ab
3303 2027 3366 2068 ea
3396 2014 3450 2066 in

1883 2124 1990 2178 qua
2017 2116 2102 2163 est
2129 2109 2268 2164 serie
2300 2107 2382 2161 vel
2413 2107 2580 2160 latum
2616 2120 2850 2176 unguem
2882 2103 3147 2168 discedit,
3191 2102 3284 2157 sed
3325 2119 3452 2172 pcr-

1883 2200 2050 2270 petim
2081 2200 2270 2255 eodem
2314 2199 2476 2253 modo
2527 2214 2648 2254 sese
2695 2198 2888 2262 habet,
2937 2197 3236 2264 eodemque
3279 2193 3450 2247 fertur

1883 2305 2072 2344 cursu.
2127 2288 2310 2358 Itaque
2355 2289 2476 2358 ejus
2523 2287 2668 2358 quod
2720 2286 2984 2356 quiescit,
3029 2301 3152 2339 cum
3201 2300 3266 2340 eo
3303 2285 3448 2354 quod

1883 2387 2133 2434 movetur
2163 2379 2506 2448 conjunctio,
2535 2379 2783 2432 ordinata
2817 2378 3050 2452 quadam
3095 2386 3148 2430 et
3187 2376 3242 2429 in
3291 2391 3450 2430 omne

1878 2485 2053 2524 aevum
2099 2471 2398 2524 inviolabili
2445 2471 2586 2525 serie
2625 2483 2906 2534 connexa,
2952 2468 3193 2522 musicus
3229 2453 3447 2536 quidam

1881 2571 2184 2616 concentus
2213 2568 2326 2627 est,
2359 2560 2600 2615 eﬁicieus
2639 2561 2987 2614 commixtam
3033 2559 3178 2612 illam
3228 2563 3280 2611 et
3319 2556 3449 2610 divi-

1879 2666 2004 2704 nam
2054 2651 2176 2720 ejus
2209 2651 2458 2714 virtutis,
2500 2667 2622 2722 quae
2659 2653 2977 2706 universum
3025 2650 3127 2703 hoc
3171 2650 3447 2711 continet,

1877 2741 2228 2810 hymnodiam
2258 2758 2272 2806 ;
2300 2757 2462 2811 quam
2497 2741 2633 2818 mihi
2663 2740 2846 2794 itidem
2879 2755 3108 2806 magnus
3135 2738 3298 2793 David
3329 2739 3448 2807 ejus

1885 2829 2101 2884 auditor
2133 2830 2331 2896 factus,
2365 2832 2673 2901 signiﬁcare
2705 2829 2920 2884 videtur
2949 2830 3006 2884 in
3047 2829 3280 2899 quodam
3313 2831 3445 2897 psal-

1873 2936 1998 2988 mo,
2025 2937 2148 2977 cutn
2180 2923 2255 2976 ait
2285 2925 2329 2956 ”
2357 2965 2372 2990 ,
2421 2922 2591 2978 Deum
2638 2921 2850 2976 laudari
2879 2936 3002 2976 cum
3033 2922 3101 2974 ab
3127 2920 3248 2975 aliis
3281 2921 3444 2973 virtu-

1875 3009 2021 3066 tibus
2041 3051 2056 3075 ,
2086 2998 2292 3066 tum‘ab
2317 3011 2572 3066 omnibus
2597 3024 2718 3080 quae
2745 3009 2801 3063 in
2827 3009 2967 3063 caelo
2994 3015 3154 3073 sunt,
3183 3022 3213 3060 a
3244 3006 3446 3061 lumine

1873 3100 2148 3169 siderum,
2179 3102 2293 3157 sole
2338 3110 2392 3157 et
2436 3102 2586 3166 luna,
2624 3109 2680 3156 et
2724 3115 2752 3154 a
2781 3099 2936 3155 cmlis
2965 3099 3228 3154 caelorum
3251 3136 3266 3160 ,
3295 3105 3350 3151 et
3377 3097 3445 3150 ab

1873 3193 2030 3262 aquis
2062 3209 2226 3264 supra
2257 3195 2454 3248 caelum
2501 3192 2727 3262 positis;
2763 3192 2856 3246 ubi
2895 3199 2949 3246 et
2977 3191 3081 3244 alia
3123 3206 3242 3261 qua:
3272 3189 3328 3241 in
3358 3201 3443 3242 re-

1871 3283 1976 3338 bus
1997 3285 2194 3339 creatis
2217 3286 2584 3354 reperiuntur,
2610 3291 3029 3338 commemorat:
3055 3297 3178 3335 nam
3205 3282 3444 3344 omnium

1873 3375 2016 3429 inter
2041 3389 2100 3429 se
2128 3375 2470 3444 conspiratio
2497 3382 2550 3428 et
2582 3373 2876 3428 consensio
2895 3413 2909 3436 ,
2951 3371 3178 3438 ordine,
3220 3383 3444 3436 ornatu,

1871 3471 1927 3518 et
1953 3472 2076 3533 apta
2107 3465 2248 3518 serie
2273 3463 2539 3532 disposita
2563 3503 2578 3530 ,
2607 3463 2779 3532 prima
2805 3461 3063 3515 videlicet
3093 3467 3176 3515 est
3205 3469 3258 3515 et
3281 3463 3442 3532 origi-

1873 3553 2013 3608 nalis
2035 3563 2087 3607 et
2109 3567 2235 3606 vera
2263 3554 2472 3607 musica
2499 3568 2510 3603 :
2544 3568 2704 3622 quam
2735 3553 2902 3606 totius
2934 3551 3170 3605 universi
3214 3555 3436 3606 concin-

1873 3651 2034 3698 nator
2073 3642 2332 3697 ineffabili
2373 3643 2655 3711 sapientiae
2695 3655 2810 3698 suae
2840 3641 3080 3705 ratione,
3110 3656 3205 3708 per
3232 3654 3296 3694 ea
3325 3656 3441 3710 qum

1873 3751 2089 3806 semper
2131 3736 2410 3804 sapienter
2451 3735 2622 3800 ﬁunt,
2651 3734 2810 3789 docte
2854 3741 2909 3789 et
2947 3734 3118 3804 perite
3160 3732 3341 3788 ellicit.
3384 3733 3440 3790 Si

1873 3828 2035 3898 igitur
2062 3835 2210 3883 totus
2239 3828 2328 3883 hic
2361 3827 2596 3883 mundus
2623 3827 2834 3881 musica
2865 3826 3113 3896 quaedam
3143 3842 3437 3882 consonan-

1872 3917 1948 3970 tia
1977 3923 2091 3982 est,
2122 3919 2279 3984 cujus
2309 3916 2493 3987 opifex
2529 3923 2584 3972 et
2623 3915 2848 3972 effector
2891 3915 3070 3977 Deus,
3121 3927 3180 3971 ut
3222 3927 3276 3972 et
3304 3916 3438 3986 Apo-

1872 4009 2047 4064 stolus
2073 4007 2205 4062 dicit
2234 4027 2247 4062 :
2282 4023 2485 4078 parvus
2515 4023 2644 4063 vero
2674 4009 2910 4063 mundus
2933 4007 3094 4062 homo
3121 4015 3224 4074 est,
3251 4009 3438 4062 simul-

1873 4116 1980 4170 que
2011 4101 2312 4156 similitudo
2339 4108 2392 4156 et
2421 4099 2660 4154 imitatio
2689 4099 2936 4170 quaedam
2967 4100 3086 4170 ejus
3107 4141 3122 4166 ,
3155 4101 3247 4170 qui
3291 4117 3447 4155 mun-

1874 4190 2002 4245 dum
2039 4191 2434 4247 concinnavit:
2481 4206 2708 4246 necesse
2754 4201 2872 4258 est,
2920 4199 2978 4245 ut
3023 4191 3166 4259 quod
3207 4191 3350 4244 ratio
3387 4191 3438 4247 iu

1875 4297 2073 4352 magno
2107 4283 2204 4337 illo
2235 4292 2290 4338 et
2334 4282 2576 4352 spatioso
2603 4282 2808 4335 mundo
2833 4280 3062 4349 reperit,
3093 4280 3194 4334 hoc
3214 4321 3228 4344 ,
3258 4289 3315 4334 ut
3345 4296 3436 4350 paI

1869 4381 1982 4436 est,
2016 4373 2071 4424 in
2107 4386 2275 4441 parvo
2315 4372 2500 4426 itidem
2531 4369 3062 4438 conspiceturgpars
3096 4367 3242 4422 enim
3273 4371 3436 4424 totius

1869 4469 2102 4532 cognata
2130 4472 2214 4518 est
2245 4463 2370 4516 toti.
2403 4461 2540 4516 Nam
2579 4461 3035 4530 quemadmodum
3067 4461 3120 4514 in
3148 4460 3328 4530 exigui
3353 4461 3436 4514 vi-

1870 4556 1952 4608 tri
1976 4553 2284 4623 fragmento
2323 4569 2420 4624 per
2445 4562 2656 4623 partem
2695 4553 3046 4621 pellucidam,
3092 4560 3264 4606 totum
3305 4553 3440 4608 solis

1873 4645 2092 4711 orbein,
2123 4644 2268 4698 sicut
2305 4644 2360 4698 in
2407 4643 2663 4714 speculo,
2707 4657 2932 4697 cernere
2978 4643 3146 4704 licet,
3179 4651 3440 4710 quantum

1873 4736 2096 4806 quidem
2125 4737 2274 4808 capit
2299 4737 2534 4792 lucentis
2558 4735 2680 4789 vitri
2707 4735 2979 4804 parvitas:
3012 4733 3084 4786 ita
3110 4741 3163 4786 et
3191 4733 3244 4785 in
3275 4747 3440 4801 parvo

1873 4828 2112 4893 mundo,
2153 4828 2208 4882 in
2248 4829 2481 4882 humana
2515 4827 2734 4896 inquam
2765 4833 2956 4879 natura
2978 4864 2993 4890 ,
3029 4833 3172 4879 totus
3207 4823 3294 4876 ille
3326 4837 3441 4874 ma-

1875 4919 1964 4990 gni
2007 4919 2197 4974 mundi
2243 4925 2542 4974 concentus
2587 4917 2880 4980 elucescit,
2928 4912 3274 4986 proportione
3302 4927 3440 4980 qua-

1877 5011 2002 5066 dam
2032 5011 2128 5066 toti
2156 5026 2253 5081 per
2279 5018 2491 5080 partem
2523 5007 2860 5079 respondens
2882 5047 2896 5071 ,
2930 5012 3190 5075 quantum
3221 5003 3437 5072 quidem

1938 5351 2048 5420 (54)
2072 5347 2170 5420 Id)
2199 5363 2310 5402 om.
2343 5345 2430 5401 ed.

1884 5427 1897 5433 ’
1935 5416 2046 5490 (55)
2071 5416 2229 5490 Forte
2252 5433 2361 5490 om.
2393 5416 2486 5487 τῷ,

1935 5486 2046 5560 (56)
2075 5489 2266 5554 Είδεῖν,
2299 5486 2385 5541 ed.
