3756 5988
338 248 441 305 443

1572 250 1629 304 S.
1671 249 2005 307 GREGORiI
2042 250 2339 307 NYSSENI

3487 251 3589 306 444

341 376 508 417 totum
556 375 586 414 a
636 372 789 428 parte
833 362 951 433 capi
998 370 1053 418 et
1092 364 1469 433 reprmsentari
1519 372 1718 434 potest.
1771 365 1913 422 idem

2102 370 2172 437 ιή
2209 366 2471 439 ὀργανική
2518 364 2610 419 τοῦ
2665 366 2915 437 σώματος
2954 367 3116 438 ἡμῶν
3154 367 3413 438 διασκευὴ
3458 367 3592 441 πρὸς

339 452 578 509 ostendit
617 453 877 522 organica
908 455 1159 524 corporis
1192 454 1365 508 nostri
1399 463 1677 509 structura
1700 495 1715 520 ,
1754 471 1918 525 quam

340 556 534 601 natura
563 545 630 598 ad
659 546 901 600 musicas
926 546 1270 615 operationes
1298 545 1435 600 scite
1458 545 1686 601 ellinxit.
1718 546 1923 604 Intueri

339 638 487 691 eiiim
522 637 651 691 licet
680 637 896 693 arteria
926 637 1072 691 velut
1108 636 1333 703 tibiam,
1365 637 1534 707 palati
1570 638 1728 709 quasi
1764 638 1921 692 lami-

343 743 469 782 nam
502 744 597 784 seu
629 729 871 783 tabulam
898 767 912 792 ,
948 743 1057 798 qua
1098 730 1255 784 nervi
1300 729 1686 795 intenduntur,
1724 730 1919 784 modu-

343 820 712 889 lationemque
744 834 866 890 qua:
891 819 950 873 ﬁt
978 835 1075 890 per
1103 821 1343 892 linguam
1374 829 1429 877 et
1459 822 1712 877 maxillas
1738 828 1792 876 et
1824 836 1921 892 per

344 929 408 972 os
436 912 591 984 quasi
623 926 718 981 per
744 911 994 966 chordas.

415 1004 552 1061 Cum
582 1004 744 1076 igitur
770 1018 932 1059 omne
958 1002 1090 1058 illud
1119 1004 1264 1075 quod
1290 1005 1541 1061 naturale
1564 1011 1683 1068 est,
1707 1011 1919 1059 natura:

349 1097 421 1154 sit
466 1097 743 1165 amicum,
788 1095 1338 1166 demonstratumque
1385 1096 1490 1163 sit,
1522 1097 1784 1151 musicam
1822 1111 1917 1149 na-

350 1197 489 1243 tura:
518 1202 640 1241 esse
670 1192 1094 1241 consentaneam
1119 1203 1133 1252 ;
1163 1185 1234 1241 ob
1260 1185 1314 1240 id
1351 1200 1581 1256 magnus
1606 1184 1774 1240 David
1799 1186 1921 1257 phi-

348 1276 616 1345 losophiae
644 1274 713 1329 de
740 1275 1039 1330 virtutibus
1067 1276 1353 1331 melodiam
1382 1282 1436 1332 et
1463 1283 1788 1330 concentum
1818 1277 1921 1330 im-

350 1365 606 1428 miscuit,
655 1370 709 1417 et
756 1363 1010 1418 sublimia
1063 1364 1155 1418 illa
1198 1364 1491 1434 dogmata,
1538 1364 1716 1420 mellis
1762 1368 1920 1435 quasi

350 1455 639 1511 dulcedine
675 1455 910 1523 aspersit
935 1473 950 1521 ;
983 1470 1080 1524 per
1103 1471 1266 1525 quam
1291 1456 1474 1526 aliquo
1499 1455 1660 1510 modo
1683 1454 1919 1527 seipsam

350 1551 593 1605 intuetur
625 1554 679 1602 et
711 1554 868 1602 curat
902 1554 1120 1602 natura.
1153 1547 1378 1602 Curatio
1410 1548 1557 1603 enim
1594 1557 1804 1604 natura).
1837 1558 1921 1606 est

351 1644 477 1696 vita:
502 1639 880 1705 concinnitas,
905 1653 1069 1708 quam
1091 1639 1226 1693 mihi
1260 1640 1424 1694 tacite
1454 1655 1552 1710 per
1573 1641 1919 1711 aenigmatum

353 1731 581 1786 umbras
610 1730 840 1785 suadere
870 1729 1085 1784 videtur
1128 1730 1384 1784 melodia.
1428 1730 1494 1784 Et
1529 1729 1671 1787 forte
1702 1732 1805 1785 hoc
1839 1740 1920 1786 to-

351 1832 469 1878 tum
521 1821 659 1876 nihil
708 1820 853 1874 aliud
899 1827 1017 1884 est,
1049 1835 1213 1891 quam
1246 1819 1314 1874 ad
1350 1821 1703 1878 excelsiorem
1748 1829 1803 1878 et
1853 1823 1924 1878 ab

352 1912 556 1969 intimis
581 1909 933 1965 remotiorem
962 1912 1127 1964 vitam
1156 1910 1547 1980 capessendam
1573 1912 1881 1968 cohortatio
1906 1932 1922 1981 ;

354 2016 583 2057 monens
619 2000 906 2069 videlicet,
939 2008 998 2053 ut
1038 1999 1094 2053 in
1131 2001 1376 2058 moribus
1405 2016 1596 2057 eorum
1625 2004 1719 2073 qui
1754 2004 1925 2058 virtu-

356 2103 463 2148 tem
491 2092 713 2155 colunt,
742 2090 880 2144 nihil
912 2089 1043 2145 insit
1072 2090 1463 2146 inconeinnum
1493 2102 1547 2147 et
1574 2107 1607 2147 a
1633 2102 1787 2149 recto
1818 2095 1923 2149 ab-

356 2183 593 2238 horrens
614 2220 629 2243 ,
665 2191 759 2234 aut
789 2181 1077 2233 dissonum
1104 2198 1118 2246 ;
1158 2180 1359 2236 (idibus
1399 2197 1577 2251 neque
1610 2199 1775 2252 supra
1807 2200 1928 2239 mo-

357 2274 486 2329 dum
521 2273 831 2329 contentis:
862 2273 1134 2342 rumpitur
1159 2273 1337 2338 enim,
1374 2273 1422 2328 si
1472 2274 1701 2329 nimium
1748 2276 1926 2332 inten—

357 2361 860 2419 daturchordarum
913 2371 1038 2433 apta
1092 2364 1509 2431 convenientia;
1557 2382 1734 2435 neque
1760 2368 1924 2423 etiam

359 2453 542 2510 studio
564 2455 616 2506 in
642 2452 983 2508 contrarium
1016 2469 1204 2519 verso,
1237 2454 1464 2511 nimium
1496 2472 1594 2526 per
1619 2458 1927 2528 voluptates

359 2548 426 2601 ad
454 2546 833 2601 remissionem
862 2545 1058 2600 laxatis
1087 2563 1101 2611 ;
1129 2554 1278 2599 muta
1302 2547 1446 2600 enim
1474 2556 1527 2601 et
1555 2549 1703 2603 vocis
1729 2564 1927 2619 expers

357 2637 606 2692 redditur
640 2651 795 2690 mens
838 2636 924 2690 his
960 2635 1343 2692 affectionibus
1380 2636 1611 2691 nimium
1650 2638 1923 2706 obnoxia;

361 2728 575 2797 aliaque
604 2726 655 2781 id
686 2741 860 2795 genus
889 2725 1074 2780 omnia
1102 2724 1261 2779 docet
1281 2767 1297 2791 ,
1330 2735 1389 2780 ut
1420 2734 1473 2781 et
1500 2729 1814 2796 tempestive
1842 2728 1929 2783 in-

359 2820 647 2875 tendamus
674 2826 728 2873 et
761 2817 1101 2873 remittamus
1133 2832 1350 2882 sonum,
1384 2816 1438 2872 id
1470 2832 1637 2872 unum
1675 2831 1929 2888 spectan-

359 2916 443 2966 tes
466 2950 480 2975 ,
513 2918 572 2964 ut
605 2909 765 2965 nobis
794 2916 1056 2978 perpetuo
1089 2907 1305 2963 vivendi
1337 2910 1479 2963 ratio
1519 2909 1657 2965 bene
1707 2926 1930 2981 compo-

362 3004 465 3060 sita
496 3012 548 3058 et
583 3007 882 3069 temperata
912 3007 1154 3062 constet,
1202 3015 1379 3069 neque
1411 3000 1532 3056 sine
1577 3001 1738 3055 modo
1781 3018 1930 3057 reso-

2021 458 2278 530 ὲργασίαν
2305 458 2569 529 μουσικῆς
2594 458 3032 528 φιλοτεχνηθεῖσα
3056 460 3206 530 παρὰ
3237 459 3336 529 τῆς
3360 458 3590 527 φύσεως.

2033 552 2194 623 ὀρᾷς
2243 550 2333 604 τὸν
2372 551 2471 621 τῆς
2520 550 2786 621 ἀρτηρίας
2831 550 3012 613 αὐλὸν»
3057 551 3163 621 τὴν
3198 551 3295 621 τῆς
3342 552 3593 622 mw“

2028 646 2245 718 μαγάδα
2293 644 2440 715 (57),
2490 643 2587 715 τὴν
2633 644 2721 729 δεά
2768 642 3015 714 γλώττης
3057 645 3152 698 καὶ
3198 643 3439 715 παρειῶν
3494 643 3587 697 καὶ

2020 739 2305 808 στόματος,
2372 737 2448 800 ὡς
2510 735 2599 790 διὰ
2642 736 2846 808 χορδῶν
2913 736 3011 790 καὶ
3072 735 3351 807 πλήκτρου
3414 734 3594 804 κιθαρ-

2017 826 2179 891 ῳδίαν
2204 843 2219 891 ;

2102 1017 2250 1071 Ἐπεὶ
2271 1012 2362 1071 οὖν
2389 1019 2495 1073 πᾶν
2518 1019 2577 1072 τὸ
2605 1019 2918 1090 κατὰφύσιν
2935 1022 3086 1093 φίλον
3108 1026 3172 1095 τῇ
3196 1020 3373 1093 φύσει,
3397 1022 3607 1077 ἀπεδεί-

2018 1107 2121 1179 χθη
2147 1107 2203 1161 δὲ
2233 1108 2372 1161 κατὰ
2392 1108 2551 1177 φύσιν
2577 1110 2706 1180 ἡμῖν
2735 1107 2917 1184 οὖσαη
2940 1112 3190 1184 μουσικὴ,
3208 1113 3400 1166 τούτου
3420 1113 3596 1183 χάριν,

2017 1202 2049 1253 ὁ
2078 1198 2248 1270 μέγας
2270 1198 2434 1253 Δαυῖδ
2460 1202 2524 1270 τῇ
2544 1200 2671 1274 περὶ
2688 1201 2795 1255 τῶν
2815 1200 3023 1274 ἀρετῶν
3045 1202 3329 1273 φιλοσοφίᾳ
3347 1202 3444 1274 τὴν
3472 1203 3596 1273 μελ-

2018 1291 2179 1360 ῳδίαν
2194 1291 2481 1362 κατέμιξεν
2496 1308 2509 1322 ·
2533 1287 2644 1347 οἷόν
2665 1309 2786 1346 τινα
2810 1293 3019 1363 μέλιτος
3040 1294 3231 1365 ἡδονὴν
3253 1294 3362 1347 τῶν
3382 1293 3599 1364 ὑψηλῶν

2019 1383 2290 1452 καταχέας
2329 1382 2633 1453 δογμάτων,
2679 1384 2745 1437 δι’
2791 1378 2857 1455 ἧς
2903 1385 3102 1455 ἑαυτὴν
3147 1385 3447 1456 άναθεωρεῖ
3485 1385 3596 1454 (38)

2019 1473 2218 1541 τρόπον
2259 1474 2380 1526 τινὰ
2422 1472 2517 1526 καὶ
2563 1472 2852 1543 θεραπεύει
2891 1476 2924 1546 ή
2970 1474 3150 1543 φύσις.
3180 1475 3457 1547 Θεραπεία
3492 1475 3600 1547 γάρ

2021 1562 2232 1633 φύσεώς
2280 1566 2425 1617 ἐστιν
2471 1566 2504 1634 ἡ
2550 1563 2651 1635 τῆς
2693 1563 2838 1634 ζωῆς
2887 1565 3173 1636 εὐρυθμία,
3211 1567 3279 1636 ην
3321 1582 3411 1636 μοι
3457 1566 3602 1619 δοκεῖ

2024 1651 2405 1724 συμϐουλεύειν
2450 1651 2517 1707 δι’
2558 1652 2891 1723 αἰνιγμάτων
2920 1654 2953 1722 ἡ
2991 1653 3244 1724 μελῳδία.
3296 1652 3453 1722 Τάχα
3495 1653 3600 1724 γὰρ

1952 1738 1994 1792 Β
2023 1742 2153 1794 αὐτὸ
2183 1741 2337 1794 τοῦτο
2370 1742 2505 1813 πρὸς
2532 1743 2631 1813 τὴν
2661 1741 2994 1813 ὑψηλοτέραν
3042 1741 3134 1795 τοῦ
3170 1741 3285 1813 βίου
3322 1742 3602 1797 κατάστα-

2024 1850 2128 1899 σιν,
2160 1833 2481 1904 παραίνεσις
2521 1833 2751 1901 γίνεται.
2786 1834 2857 1886 Τὸ
2894 1834 2969 1904 μὴ
3008 1833 3118 1887 δεῖν
3150 1834 3387 1904 ἄμουσόν
3420 1852 3481 1887 τε
3512 1834 3603 1888 καὶ

2023 1919 2284 1989 ἔκτροπον
2314 1920 2407 1974 καὶ
2438 1921 2823 1993 παρηχημένον
2848 1923 2956 1975 τῶν
2998 1925 3055 1975 ὲν
3084 1924 3249 1994 ἀρετῇ
3282 1922 3502 1986 ζώντων
3532 1919 3603 1976 εἷ-

2022 2023 2110 2060 ναι
2133 2006 2194 2058 τὸ
2219 2002 2370 2078 ἦθος,
2399 2009 2533 2079 μήτε
2558 2009 2698 2079 πέρα
2724 2009 2817 2063 τοῦ
2848 2011 3047 2081 μέτρου
3073 2012 3171 2081 τῆς
3193 2011 3389 2081 χορδῆς
3418 2012 3605 2075 ὀξυτο-

2022 2094 2249 2165 νούσης·
2288 2099 2547 2168 ῥήγνυται
2593 2098 2701 2170 γὰρ
2747 2099 2961 2163 πάντως
3016 2101 3465 2171 ὑπερτεινόμενον
3509 2101 3607 2168 τῆς

2023 2188 2217 2259 χορδῆς
2238 2186 2298 2239 τδ
2327 2188 2659 2259 εὐάρμοστον
2683 2207 2697 2221 '
2737 2191 2862 2261 μήτ’
2900 2186 2965 2244 αὖ
3003 2192 3136 2263 πρὸς
3179 2192 3241 2244 τὸ
3280 2192 3523 2245 ἐναντίον
3554 2192 3611 2242 ἐν

2024 2277 2260 2348 ἀμετρίᾳ
2289 2278 2355 2330 δι’
2382 2278 2574 2349 ἡδονῆς
2621 2281 2895 2351 ύποχαλᾷν
2926 2281 3015 2335 τὸν
3074 2282 3246 2339 τόνον.
3296 2284 3475 2354 κωφὴ
3506 2283 3613 2353 γάρ

2024 2367 2119 2424 καὶ
2156 2367 2380 2431 ἄναυδος
2413 2368 2620 2437 γίνεται
2658 2372 2691 2442 ἡ
2731 2372 2875 2444 ψυχὴ
2912 2375 3023 2435 τοῖς
3072 2372 3331 2437 τοιούτοις
3378 2375 3612 2428 πάθεσιν

2026 2460 2457 2531 ἐγχαυνωθεῖσαο
2491 2462 2584 2515 καὶ
2626 2462 2694 2516 τὰ
2725 2463 2861 2518 ἄλλα
2898 2463 3074 2518 πάντα
3106 2465 3367 2530 ὡσαύτως
3402 2465 3614 2519 ἐπιτεί-

2024 2566 2135 2602 νειν
2178 2565 2237 2600 τε
2286 2549 2426 2603 κατὰ
2478 2551 2667 2622 καιρὸν
2713 2553 2807 2606 καὶ
2855 2552 3066 2621 ὑφιέναι
3115 2552 3209 2606 τοῦ
3249 2553 3442 2607 τόνου’
3481 2555 3614 2625 πρὸς

2026 2636 2182 2691 τοῦτο
2207 2638 2518 2708 βλέποντας,
2567 2641 2716 2706 ὅπως
2770 2641 2836 2696 ἂν
2884 2645 3014 2713 ἡμῖν
3064 2643 3152 2697 διὰ
3208 2644 3413 2707 παντὸς
3449 2646 3616 2716 εὐμε-

2027 2727 2125 2798 λής
2153 2745 2213 2781 τε
2244 2729 2337 2781 καὶ
2365 2728 2633 2801 εὔρυθμος
2662 2733 2689 2784 ό
2718 2733 2774 2784 ὲν
2801 2730 3007 2796 τούτοις
3033 2733 3185 2804 ῆθεσι
3221 2734 3470 2804 διαμένοι
3496 2735 3619 2804 τρό-

2029 2833 2148 2881 πος,
2184 2817 2318 2887 μήτε
2349 2817 2600 2889 ἀμέτρως
2632 2820 2909 2890 λυόμενός,
2937 2823 3073 2892 μήτε
3106 2823 3249 2892 πέρα
3278 2823 3377 2875 τοῦ
3415 2825 3615 2895 μέτρου

2030 2907 2671 2978 ύπερτεινόμενος.Ὅθεν
2695 2911 2788 2963 καὶ
2818 2912 2887 2964 τὰ
2916 2911 3312 2983 κατορθώματα
3339 2914 3445 2983 τῆς
3468 2914 3615 2976 θείας

2031 3001 2231 3071 ταύτης
2259 3000 2520 3072 μουσικῆς
2550 3004 2958 3072 προσμαρτυρεῖ
2987 3001 3065 3071 τῷ
3098 3000 3258 3055 Δαυῖδ
3296 3004 3330 3072 ἡ
3365 3003 3581 3074 ἱστορία
3602 3019 3618 3032 ο

360 3094 513 3160 luta;
562 3106 738 3160 neque
781 3104 946 3159 supra
986 3089 1209 3144 modum
1240 3097 1524 3145 contenta.
1568 3090 1919 3156 Quamobrem

2102 3113 2112 3146 ι
2137 3092 2447 3165 παράφορόν
2465 3108 2591 3145 ποτε
2614 3092 2930 3146 καταλαϐὼν
2953 3093 3043 3145 τὸν
3062 3093 3249 3156 Σαοὺλ,
3270 3094 3363 3146 καὶ
3395 3094 3484 3158 ὲξε
3493 3112 3621 3164 στη-

361 3185 560 3239 divinae
588 3183 752 3237 huius
783 3182 1009 3237 musica:
1039 3182 1296 3251 praeclare
1324 3180 1466 3237 facta
1498 3182 1684 3238 Davidi
1715 3200 1932 3255 quoque

365 3275 615 3330 attribuit
654 3289 812 3329 sacra
844 3273 1114 3337 historia;
1143 3288 1269 3327 nam
1312 3288 1436 3327 cum
1467 3274 1761 3344 aliquando
1793 3275 1935 3331 Saﬁ-

366 3367 469 3422 lem
504 3365 748 3422 insanire
776 3374 829 3418 et
861 3371 1131 3433 potestate
1158 3364 1358 3418 mentis
1387 3364 1568 3418 exisse
1597 3365 1937 3420 animadver-

364 3464 536 3521 teret,
569 3454 650 3511 sic
676 3462 947 3509 concentu
980 3452 1320 3509 all‘eetionem
1352 3454 1497 3507 illam
1530 3456 1932 3525 tranquillavit,

368 3557 427 3602 ut
464 3548 766 3604 naturalem
812 3546 1012 3602 mentis
1047 3545 1362 3600 facultatem
1401 3546 1691 3615 reciperet.
1728 3545 1803 3599 Ex
1849 3547 1937 3603 his

366 3640 534 3711 igitur
561 3638 909 3694 manifestum
933 3645 1320 3708 est,quorsum
1357 3636 1541 3691 tendat
1571 3636 1823 3691 melodis:
1854 3638 1939 3691 in-

367 3732 609 3786 volutum
634 3730 885 3800 aenigma.
914 3727 1080 3783 Docet
1102 3727 1389 3791 videlicet,
1417 3729 1700 3797 passiones
1731 3736 1784 3782 et
1815 3743 1940 3798 per-

316 3806 321 3815 .
372 3823 709 3879 turbationes
729 3821 896 3876 animi
921 3819 1256 3875 edomandas
1282 3828 1335 3874 et
1357 3818 1756 3875 contrahendas
1782 3836 1903 3876 esse
1922 3860 1937 3886 ,

372 3928 495 3983 quae
522 3914 688 3967 variis
715 3911 997 3967 eventibus
1028 3911 1179 3965 varie
1209 3910 1264 3964 in
1294 3911 1395 3965 hae
1419 3912 1528 3966 vita
1558 3912 1826 3967 concitari
1851 3928 1942 3969 so—

377 4005 509 4056 lent.
534 4001 733 4056 Verum
753 4000 896 4055 enim
914 4015 1042 4055 vero
1065 4015 1241 4070 neque
1261 4000 1365 4055 hoc
1382 4001 1485 4055 levi
1508 4001 1733 4057 brachio
1752 4012 1941 4073 praete-

373 4092 641 4148 reundum
664 4099 768 4156 est,
795 4106 1011 4160 nempe,
1037 4090 1136 4146 has
1160 4099 1380 4148 nostras
1403 4093 1664 4165 melodias
1687 4110 1794 4150 non
1821 4110 1944 4152 esse

372 4182 548 4239 factas
571 4197 634 4238 eo
657 4180 841 4247 modo,
872 4196 982 4251 quo
1011 4188 1363 4237 externorum
1385 4222 1401 4248 ,
1426 4191 1480 4238 et
1502 4198 1532 4237 a
1558 4192 1745 4240 nostra
1770 4186 1940 4242 disci-

378 4273 522 4345 plina
552 4272 857 4328 alienorum
890 4271 1135 4327 carmina
1162 4273 1384 4328 condita
1417 4283 1585 4341 sunt;
1620 4290 1744 4329 nam
1771 4279 1942 4333 melos

373 4373 433 4428 et
455 4366 710 4422 modulus
736 4366 798 4421 in
812 4366 1111 4422 dictionum
1136 4381 1335 4422 sonora
1360 4368 1503 4424 serie
1524 4378 1577 4424 et
1601 4371 1944 4428 connexione

376 4472 484 4512 nou
513 4458 805 4525 consistit;
839 4456 1298 4527 quemadmodum
1331 4459 1475 4529 apud
1507 4460 1633 4516 illos
1662 4461 1847 4517 videre
1878 4463 1944 4517 li-

376 4554 462 4602 cet
481 4586 495 4611 ,
522 4546 721 4618 quibus
748 4546 1037 4618 rhythmos
1064 4547 1352 4604 coniicitur
1374 4565 1439 4604 ex
1462 4559 1787 4609 accentuum
1815 4562 1942 4624 apta

375 4636 771 4708 compositione
792 4677 808 4704 ,
843 4645 974 4693 tono
1010 4638 1066 4693 in
1096 4640 1248 4696 sonis
1280 4654 1427 4694 nunc
1456 4640 1720 4713 depresso
1740 4683 1757 4711 ,
1791 4659 1940 4700 nunc

375 4730 608 4796 elevato,
638 4744 785 4784 nunc
818 4729 1086 4796 breviato,
1120 4747 1267 4786 nunc
1299 4733 1569 4802 producto
1596 4751 1610 4800 ;
1653 4734 1749 4789 sed
1789 4735 1940 4791 nullo

376 4822 557 4879 studio
612 4821 902 4892 quaesitum
960 4832 1446 4893 comparatumque
1500 4823 1699 4880 divinis
1757 4827 1938 4884 verbis

378 4912 550 4967 melos
599 4911 913 4973 innectitur,
969 4912 1117 4981 quod
1166 4912 1284 4982 ipsa
1330 4913 1483 4968 vocis
1530 4914 1943 4973 conﬁrmatione

381 5003 678 5058 secundum
710 5002 1099 5067 intensionem,
1130 5011 1185 5057 et
1216 5005 1610 5074 compositione
1636 5006 1941 5076 subjectum

380 5092 561 5147 verbis
596 5107 817 5148 sensum
839 5132 854 5157 ,
886 5091 1067 5161 quoad
1122 5092 1236 5147 fieri
1268 5100 1481 5163 potest,
1512 5094 1734 5149 revelat.
1766 5093 1944 5150 Obso-

382 5179 531 5234 uium
567 5180 730 5252 igitur
757 5181 920 5251 hujus
947 5181 1114 5236 edulii
1140 5182 1247 5237 tale
1275 5191 1394 5246 est,
1423 5200 1532 5253 quo
1565 5183 1720 5249 quasi
1750 5183 1942 5240 condi-

387 5270 585 5329 mentis
617 5273 944 5343 quibusdam
975 5273 1243 5331 dulcescit
1272 5275 1532 5331 doctrina:
1559 5275 1736 5331 cibus.

455 5412 568 5481 (57)
607 5412 848 5479 Μογάδα,
877 5413 966 5468 ed.

455 5481 567 5551 (38)
592 5481 1021 5551 ᾎναθεωρείται,
1045 5483 1131 5538 cd.

458 5550 569 5619 (59)
592 5547 754 5603 Forte
779 5547 1040 5619 ἐμμελὴς.

459 5620 570 5692 (40)
612 5619 770 5689 Ἡμῖν
801 5634 909 5675 om.
942 5621 1028 5675 ed.

2034 3185 2165 3238 κότα
2198 3185 2295 3256 τῆς
2327 3184 2582 3247 διανοίας,
2636 3183 2807 3247 οὕτως
2854 3184 3106 3248 ὲξιάσατο
3158 3185 3484 3254 κατεπᾴδων
3526 3184 3620 3238 τοῦ

2037 3276 2262 3338 πάθους,
2304 3273 2446 3327 ὥστε
2497 3273 2647 3344 αύτῷ
2689 3274 2850 3328 πάλιν
2891 3275 3027 3346 πρὸς
3071 3275 3132 3328 τὸ
3167 3275 3305 3329 κατὰ
3331 3276 3500 3343 φύσιν
3526 3278 3623 3329 επ-

2036 3364 2276 3419 ανελοεῖν
2306 3364 2403 3435 τὴν
2425 3364 2681 3418 διάνοιαν.
2709 3365 2875 3434 Δῆλον
2897 3361 2988 3418 οὖν
3020 3368 3083 3419 ὲκ
3108 3365 3309 3419 τούτων
3334 3368 3456 3419 ἐστὶ
3486 3366 3619 3437 πρὸς

2034 3456 2063 3509 ὃ
2112 3473 2163 3508 τι
2201 3454 2383 3523 βλέπει
2410 3454 2507 3524 τῆς
2555 3454 2816 3525 μελῳδίας
2866 3455 2926 3508 τὸ
2970 3454 3198 3525 αἴνιγμα
3256 3456 3341 3508 ὅτι
3379 3456 3484 3527 τὴν
3516 3455 3624 3508 τῶν

2038 3545 2373 3617 παθημάτων
2426 3546 2757 3616 καταστολὴν
2797 3547 3148 3615 συμϐουλεύει
3194 3547 3470 3619 ποιεῖσθαι
3518 3547 3625 3601 τῶν

2038 3637 2305 3707 διαφόρως
2337 3638 2465 3707 ἡμῖν
2505 3636 2614 3706 (40)
2662 3635 3023 3706 ὲγγινομένων
3073 3638 3138 3689 ὲκ
3178 3637 3286 3689 τῶν
3351 3636 3625 3706 βιωτικῶν

2040 3729 2428 3797 περιστάσεων.
2460 3727 2617 3781 Ἀλλά
2644 3726 2909 3781 καὶτοῦτο
2946 3727 3209 3797 προσήκει
3243 3726 3315 3797 μὴ
3340 3727 3624 3799 παραδρα-

2043 3821 2164 3892 μεῖν
2188 3818 2514 3889 άθεώρητον,
2546 3820 2627 3872 ὃτι
2654 3822 2713 3872 ού
2745 3818 2883 3872 κατὰ
2909 3818 3032 3884 τοὺς
3078 3818 3182 3883 ἔξω
3223 3818 3317 3887 τῆς
3347 3819 3624 3890 ἡμετέρας

2042 3909 2232 3979 σοφίας
2268 3910 2617 3980 μελοποιοὺς,
2665 3911 2758 3964 καὶ
2803 3909 2975 3963 ταῦτα
3016 3910 3085 3962 τὰ
3125 3908 3259 3979 μέλη
3294 3910 3622 3976 πεποίηται·

2041 4002 2102 4055 οὐ
2135 4001 2244 4072 γὰρ
2276 4003 2332 4054 ὲν
2361 4000 2439 4071 τῷ
2461 4001 2566 4055 τῶν
2603 3999 2799 4068 λέξεων
2825 4001 2962 4072 τόνῳ
2995 4004 3171 4055 κεῖται
3195 3990 3255 4053 τὸ
3295 4000 3485 4070 μέλος,
3518 4000 3625 4055 ὣσ-

2043 4110 2147 4165 περ
2173 4094 2229 4145 ὲν
2262 4091 2485 4155 ἐκείνοις
2515 4092 2659 4148 ἔστιν
2701 4092 2845 4158 ἰδεῖν,
2886 4092 3013 4165 παρ’
3043 4087 3123 4156 οἷς
3161 4094 3217 4145 ὲν
3244 4094 3312 4164 τῇ
3356 4094 3493 4163 ποιᾷ
3520 4091 3626 4144 τῶν

2045 4183 2356 4256 προσῳδιῶν
2395 4184 2653 4256 συνθήκῃ,
2683 4184 2776 4237 τοῦ
2803 4187 2858 4238 ὲν
2887 4188 2997 4249 τοῖς
3042 4184 3298 4254 φθόγγοις
3340 4184 3504 4238 τόνου
3536 4182 3627 4252 βα-

2047 4275 2337 4347 ρυνομένου
2369 4292 2430 4328 τε
2460 4274 2555 4328 καὶ
2595 4274 2964 4339 όξυτονοῦντος
3011 4274 3105 4328 καὶ
3138 4261 3249 4343 (4i)
3282 4272 3623 4344 βραχυνομέ-

2045 4384 2135 4420 νου
2176 4383 2237 4421 τε
2291 4367 2385 4421 καὶ
2438 4367 2875 4437 παρατείνοντος,
2922 4367 2952 4419 ὁ
2989 4366 3193 4438 ῥυθμὸς
3244 4366 3622 4427 ἁποτίκτεται,

1976 4421 2020 4477 D
2047 4458 2186 4513 ἀλλὰ
2216 4459 2310 4513 καὶ
2339 4457 2451 4529 (42)
2485 4421 2939 4512 ἀκατάσκευόνιτε
2964 4421 3053 4512 καὶ
3074 4421 3494 4527 ἀνεπιτήδευτον
3516 4421 3625 4518 τοῖς

2047 4550 2210 4614 θείοις
2242 4549 2419 4625 λόγοις
2450 4548 2660 4621 ὲνείρας
2689 4547 2752 4602 τὸ
2787 4550 2964 4620 μέλος,
3012 4547 3337 4619 ἑρμηνεύειν
3386 4550 3455 4620 τῇ
3503 4547 3624 4618 μελ-

2045 4641 2180 4714 ῳδίᾳ
2206 4641 2303 4713 τὴν
2328 4640 2439 4695 τῶν
2460 4640 2767 4711 λεγομένων
2809 4639 3049 4695 διάνοιαν
3090 4639 3362 4710 βούλεται,
3393 4642 3464 4710 τῇ
3498 4639 3624 4707 ποιᾷ

2046 4733 2397 4798 συνδιαθέσει,
2424 4733 2517 4786 τοῦ
2551 4733 2689 4786 κατά
2713 4731 2809 4802 τὴν
2846 4730 3027 4802 φωνὴν
3061 4730 3214 4784 τόνου
3241 4730 3334 4783 τδν
3367 4729 3625 4801 ἐγκείμε-

2046 4842 2133 4878 νον
2160 4826 2270 4889 τοῖς
2304 4825 2507 4895 ῥήμασι
2535 4822 2679 4887 νοῦν,
2720 4822 2795 4886 ὡς
2826 4822 3063 4885 δυνατὸν,
3095 4821 3457 4875 ὲκκαλύπτων
3496 4822 3626 4892 (45).

2050 4915 2122 4968 Τὸ
2154 4914 2252 4984 μὲν
2277 4909 2370 4968 οὖν
2402 4912 2728 4985 προσόψημα
2754 4912 2854 4982 τῆς
2879 4911 3076 4983 ἐδωδῆς
3094 4913 3367 4977 τοιοῦτον,
3388 4905 3438 4979 ᾧ
3462 4929 3628 4968 κατα-

2050 5004 2393 5073 γλυκαίνεται
2432 5004 2678 5076 καθάπερ
2727 5005 2867 5058 τισὶν
2913 5003 3214 5076 ἡδύσμασιν
3250 5008 3284 5077 ἡ
3342 5005 3466 5078 (ιιι)
3519 5005 3625 5060 τῶν

2050 5096 2203 5165 διδαγ
2210 5096 2394 5166 μάτων
2427 5099 2624 5168 τροφή.

2135 5412 2247 5483 (tl)
2274 5411 2511 5483 Kaiom.
2541 5410 2627 5483 ed.

2135 5480 2246 5551 (42)
2285 5480 2394 5535 Καί
2414 5495 2522 5551 om.
2546 5480 2633 5534 ed.

2133 5547 2245 5623 (ιτ)
2263 5547 2738 5623 Ἑκκαλύπτοντος,
2762 5549 2848 5605 ed.

2125 5618 2236 5694 (ιιι)
2279 5621 2344 5674 'H
2368 5634 2477 5676 om.
2500 5618 2588 5675 ed.
