3756 5988
123 235 212 297 B35
726 268 734 277 -
1510 241 1577 297 IN
1616 241 1683 297 ΡΞ

1796 239 1951 296 MOS.

1715 359 1764 414 A

655 376 1049 430 ΚΕΦΑΛᾹΙΟΝ
1086 378 1125 428 Δ
1146 414 1159 428 .

180 504 386 576 Καιρδς
430 504 479 557 δ’
522 503 591 559 ἂν
639 506 722 575 εῐη
755 507 846 559 καὶ
874 505 1042 577 αὐτὴν
1074 506 1176 577 ἤδη
1206 504 1303 577 τὴν
1334 504 1442 559 τῶν
1476 505 1687 577 ἀρετῶν

123 596 435 652 πανδαισίαν
469 598 802 668 κατανοῆσαι
827 598 905 668 τῷ
933 597 1098 669 λόγῳ,
1140 599 1280 653 κατὰ
1303 598 1398 670 τὴν
1423 615 1688 669 προεκτε-

121 688 292 742 θεῖσαν
334 689 472 759 ἡμῖν
532 686 785 757 τεχνικὴν
834 686 1089 758 θεωρίαν.
1154 688 1373 760 Πρῶτον
1433 689 1529 759 μὲν
1578 689 1686 761 γὰρ

118 780 365 851 φανεροῖς
419 777 668 849 σημείοις
713 778 1132 850 διακεκριμένην
1177 778 1324 832 ἐστιν
1369 780 1547 852 εὑρεῖν
1588 780 1686 851 τὴν

115 870 311 941 ἀρετὴν
359 870 427 922 ὲκ
465 871 566 938 τῆς
614 867 851 933 κακίας,
915 868 991 931 ὡς
1046 869 1349 939 ἀσύγχυτον
1397 865 1535 923 εἶναι
1590 868 1686 942 τὴν

114 955 373 1026 ἑκατέρου
403 952 610 1007 τούτων
634 954 770 1025 πρὸς
798 954 859 1007 τὸ
883 955 1121 1009 ἐναντίον
1146 956 1426 1028 διαφοράν.
1464 958 1558 1011 Ἐκ
1577 958 1684 1029 γὰρ

111 1045 207 1116 τῆς
255 1044 614 1115 ἐγγινομένης
661 1046 791 1116 ἡμῖν
842 1046 936 1098 ἀπ’
983 1045 1161 1100 αὐτῶν
1207 1047 1576 1119 εὐφροσύνης,
1624 1048 1686 1102 τὸ

112 1136 389 1208 ἐξαίρετον
416 1136 514 1205 τῆς
548 1134 657 1188 τῶν
697 1134 1141 1205 ἐπιτηδευμάτων
1170 1136 1429 1206 ἰδιότητος
1473 1136 1682 1190 δείκνυ-

109 1242 195 1277 ται
225 1240 242 1254 '
293 1224 396 1294 τῆς
430 1224 531 1300 μὲν
562 1223 759 1287 κακίας
799 1224 897 1288 τὰς
930 1224 1056 1295 περ).
1088 1225 1148 1277 τὸ
1186 1224 1343 1295 σῶμα
1383 1224 1682 1296 αἰσθήσεις,

109 1315 204 1385 τῆς
230 1314 291 1367 δὲ
325 1315 526 1385 ἀρετῆς
552 1313 651 1384 τὴν
677 1314 852 1384 ψυχὴν
880 1314 1295 1386 εύφραινούσης.
1347 1315 1434 1380 Ὠς
1472 1317 1684 1389 ἀπλανῆ

109 1423 166 1458 τε
194 1406 290 1458 καὶ
326 1405 691 1474 ἀναμφίϐολον
727 1402 887 1467 εἶναι,
927 1406 1025 1477 τὴν
1053 1407 1118 1459 ὲκ
1147 1405 1255 1459 τῶν
1287 1406 1527 1478 σημείων
1556 1408 1679 1463 τού-

108 1514 213 1551 των
247 1497 649 1570 εὐρισκομένην
679 1495 772 1549 τοῦ
805 1496 1166 1567 ὑποκειμένου
1198 1498 1379 1566 φύσιν.

176 1627 288 1679 Καὶ
328 1624 489 1679 τοῦτο
521 1626 630 1697 (45)
687 1626 746 1691 ἐξ
797 1627 971 1681 ἄλλων
1013 1627 1074 1681 τέ
1121 1645 1300 1694 τινων,
1347 1632 1489 1687 κατά
1528 1650 1590 1686 τε
1618 1633 1679 1686 τδ

109 1717 420 1787 πρόχειρον,
451 1716 545 1769 καὶ
567 1722 715 1777 ,κατα
741 1718 840 1788 τὴν
874 1721 930 1771 ὲν
962 1718 1038 1788 τῷ
1073 1717 1224 1787 βάθει
1257 1721 1512 1793 κειμένην
1546 1722 1683 1776 θεω-

112 1808 230 1877 ρίαν
275 1805 385 1860 τῶν
417 1807 700 1876 νοημάτων
731 1808 789 1859 ἐν
829 1807 1041 1872 πολλοῖς
1067 1811 1165 1876 τῆς
1188 1811 1506 1882 ψαλμῳδίας
1538 1815 1684 1869 ἔστιν

107 1899 311 1969 εὑρεῖν,
364 1897 461 1949 καὶ
494 1897 728 1966 μάλιστά
769 1914 833 1966 γε
882 1902 1025 1953 κατὰ
1050 1901 1142 1954 τὸν
1167 1903 1426 1972 τέταρτον
1446 1902 1679 1974 ψαλμὸν,

105 1990 162 2041 ἑν
196 1980 241 2055 ᾧ
268 2003 426 2057 φησι,
458 1986 853 2058 βαρυκαρδίους
876 1984 1016 2042 εἶναι
1043 1991 1168 2054 τοὺς
1195 1992 1256 2044 τὸ
1276 1992 1469 2060 ψεῦδος
1501 1995 1594 2046 καὶ
1620 1994 1683 2047 τὸ

109 2078 338 2149 μάταιον
371 2078 471 2147 τῆς
516 2078 772 2148 ἀληθείας
823 2079 896 2151 μὴ
950 2080 1060 2151 (46)
1110 2083 1518 2154 διακρίνοντας,
1567 2084 1679 2138 ἀλλ’

104 2171 438 2238 ἀγαπῶντας
470 2170 567 2240 μὲν
596 2170 657 2223 τὸ
686 2170 1058 2241 ἀνύπαρκτον,
1110 2175 1476 2244 περιορῶντας
1521 2176 1577 2229 δὲ
1619 2175 1683 2229 τὸ

111 2262 290 2329 μένον,
342 2261 438 2313 καὶ
477 2258 572 2312 τοῦ
615 2260 928 2328 ἀγαπᾶσθαι
964 2261 1127 2326 ἄξιον.
1174 2264 1360 2334 Μόνην
1407 2265 1514 2336 γὰρ
1560 2260 1680 2318 εἷπε

105 2351 430 2421 θαυμαστὴν
462 2351 676 2421 ἀληθῶς
718 2347 855 2405 εἶναι
887 2352 984 2422 τὴν
1014 2352 1290 2424 ὁσιότητα,
1336 2354 1404 2408 τὰ
1442 2356 1499 2408 δὲ
1546 2356 1681 2411 ἄλλα

102 2441 282 2494 πάντα
312 2440 379 2494 τὰ
412 2440 524 2511 (47)
567 2442 687 2493 ἀντ).
718 2441 827 2494 τῶν
871 2442 1088 2510 ἀγαθῶν
1131 2445 1535 2515 σπουδαζόμενα
1567 2449 1680 2510 τοῖς

101 2531 413 2600 ἀνθρώποις
440 2533 497 2583 ὲν
520 2530 782 2601 ὑπολήψει
806 2533 1041 2598 κεῖσθαι,
1067 2535 1150 2602 ἐφ’
1174 2535 1381 2589 ἑαυτῶν
1409 2538 1509 2591 οὐκ
1529 2536 1679 2606 ὄντα,

97 2621 215 2675 ἀλλ’
264 2624 325 2675 ὲν
377 2624 446 2693 τῇ
496 2624 698 2694 ματαίᾳ
731 2624 839 2676 τῶν
889 2625 1191 2696 ἀνθρώπων
1233 2627 1407 2698 οἰήσει
1450 2630 1511 2682 τὸ
1542 2626 1678 2685 εἶναι

98 2710 244 2782 ἔχειν
282 2712 567 2768 δοκοῦντα.
618 2715 727 2767 Καὶ⁵
752 2714 826 2778 ὼς
859 2714 926 2769 ἂν
959 2717 1330 2790 φανερώτερον
1356 2720 1678 2791 ὲκκαλύψειε

96 2804 157 2855 τὸ
192 2806 325 2874 περὶ
362 2804 568 2858 τούτων
593 2805 789 2876 δόγμα,
832 2806 1035 2878 προϊών
1080 2827 1264 2879 φησιν,
1298 2812 1379 2865 ὅτι
1418 2813 1467 2865 οἱ
1499 2813 1680 2866 πολλοὶ

92 2892 155 2947 τὸ
188 2894 398 2961 ἀγαθὸν
430 2896 491 2947 ὲν
536 2898 649 2959 τοῖς
694 2898 1034 2967 φαινομένοις
1078 2899 1344 2967 ὁρίζονται
1371 2942 1385 2965 ,
1430 2902 1680 2971 λέγοντες

93 2985 276 3036 ἐκεῖνο
294 2983 456 3055 μόνον
474 2980 613 3039 εἶναι
636 2986 855 3054 ἀγαθὸν,
871 2988 1003 3060 ὅπερ
1022 2990 1084 3043 ἄν
1104 3007 1186 3054 τις
1202 2994 1265 3062 τῇ
1286 2992 1532 3064 αἰσθήσει
1547 3012 1677 3064 προ-

91 3074 249 3146 δείξῃ
296 3074 680 3142 (48).ιΙΙολλοὶ
726 3076 853 3149 γὰρ,
906 3078 1061 3150 φησὶ,
1106 3079 1343 3149 λέγουσι,
1378 3084 1474 3147 Τίς
1516 3084 1675 3151 δείξει

90 3167 229 3234 ⁴ἡμῖν
260 3166 331 3217 τὰ
364 3166 597 3233 ἀγαθάς»
620 3167 678 3221 Ὀ
706 3167 762 3221 δὲ
798 3170 933 3240 πρὸς
963 3170 1060 3242 τὴν
1095 3172 1293 3244 ἀρετὴν
1326 3174 1539 3244 βλέπων
1580 3177 1677 3249 τὴν

96 3254 199 3321 μὲν
237 3253 628 3325 ἀνδραποδώδη
654 3257 856 3327 ταύτην
882 3259 975 3313 τοῦ
1007 3260 1171 3314 καλοῦ
1198 3264 1377 3332 κρίσιν
1409 3268 1638 3337 περιορᾷ
1657 3283 1671 3298 ⁸

92 3342 150 3392 ὲν
199 3341 262 3393 δὲ
302 3341 385 3412 τῷ
424 3345 570 3412 φωτὶ
600 3345 660 3397 τὸ
707 3346 867 3400 καλὸν
896 3346 1102 3419 βλέπει.
1140 3351 1250 3404 Καὶ
1279 3351 1451 3416 οὕτως
1482 3356 1675 3428 ὲπισηυ

93 3432 356 3501 μειοῦται
405 3434 505 3504 τὴν
561 3435 765 3508 θεοειδῆ
810 3456 871 3491 τε
917 3442 1010 3493 κα).
1058 3441 1267 3513 ὑψηλὴν
1316 3444 1672 3519 εὐφροσύνην.

87 3525 215 3589 Φῶς
268 3527 327 3579 δὲ
375 3528 548 3581 ἐκεῖνο
602 3529 781 3598 λέγει,
829 3531 892 3584 τὸ
933 3534 997 3585 ὲκ
1043 3531 1136 3585 τοῦ
1190 3532 1333 3587 θείου
1387 3536 1673 3606 προσώπου

90 3616 571 3689 ἀπαυγαζόμενον,
592 3616 654 3675 οὗ
681 3621 999 3677 καθικέσθαι
1029 3624 1136 3696 (49)
1169 3627 1201 3696 ἡ
1233 3625 1482 3698 αἴσθησις
1514 3628 1674 3697 φύσιν

89 3707 201 3785 οῦκ.
226 3708 361 3778 ἔχει.
383 3728 402 3760 ί
436 3711 776 3784 Ἐσημειώθη
805 3713 934 3785 γὰρ,
958 3716 1141 3786 φησὶν,
1173 3718 1258 3785 ἐφ’
1291 3719 1437 3787 ἡμᾶς
1471 3718 1531 3771 τὸ
1559 3720 1673 3789 φῶς

88 3801 183 3855 τοῦ
219 3800 515 3872 προσώπου
543 3820 659 3867 σου,
692 3806 884 3876 Κύριε.
920 3826 939 3858 ι
965 3807 1098 3861 Θεοῦ
1147 3807 1255 3880 γὰρ
1299 3810 1585 3880 πρόσωπον
1616 3815 1673 3868 ὲν

86 3886 443 3964 χαρακτῆρσι
470 3894 861 3965 θεωρούμενον,
906 3895 966 3950 οὖ
998 3916 1088 3970 μοι
1133 3899 1279 3954 δοκεῖ
1311 3900 1495 3973 ἓτερον
1522 3905 1673 3975 παρὰ

86 3983 190 4044 τὰς
220 3981 427 4053 ἀρετὰς
454 3987 593 4037 νοεῖν
616 3985 644 4037 ό
663 3988 958 4059 Προφήτης
982 4004 995 4017 ·
1041 3988 1263 4053 ταύταις
1291 3991 1399 4061 γὰρ
1440 3992 1501 4045 τὸ
1533 3993 1672 4047 θεῖον

84 4069 236 4136 εἶδος
280 4076 770 4147 χαρακτηρίζεται.
818 4079 927 4132 Καὶ
965 4081 1124 4135 τοῦτο
1169 4081 1358 4150 εἰπὼν,
1384 4083 1443 4137 τὸ
1471 4084 1673 4140 τέλειον

85 4163 396 4235 γνώρισμα
422 4165 568 4233 λέγει
613 4167 712 4238 τῆς
739 4168 959 4241 ἀρετῆς.
995 4189 1015 4222 ι
1057 4171 1301 4237 Ἐδωκας
1341 4173 1673 4247 εὐφροσύνην

80 4259 168 4317 et;
205 4257 311 4321 τὴν
351 4257 580 4327 καρδίαν
612 4275 714 4328 μου
735 4277 747 4290 ·
775 4280 796 4313 ι
823 4262 945 4315 ἀντὶ
982 4261 1084 4329 τῆς
1124 4262 1300 4334 ψυχῆς
1331 4266 1423 4319 καὶ
1457 4266 1547 4319 τοῦ
1579 4268 1670 4321 νοῦ

3242 229 3347 288 ΗΘ

2386 364 2617 459 (ιΑΡυῖ
2654 366 2741 423 1V.

1855 503 2092 574 Tempus
2121 515 2287 573 porro
2319 501 2584 573 postulat,
2615 509 2670 555 ut
2698 501 2834 571 jam,
2859 500 3156 557 secundum
3183 516 3348 571 supra

1796 609 1827 649 a
1882 596 2040 651 nobis
2074 594 2264 649 initam
2313 594 2602 658 rationem,
2636 593 2818 663 ipsum
2848 592 3133 658 virtutum,
3184 593 3350 647 utsic

1786 686 1985 752 dicam,
2022 686 2389 751 lautissimum
2421 685 2640 754 epulum
2672 683 3054 752 inspiciamus.
3084 682 3163 737 Ac
3195 684 3349 753 prin-

1787 779 1931 850 cipio
1962 777 2180 849 quidem
2213 776 2646 831 animadvertere
2679 777 2825 841 licet,
2852 776 3111 831 virtutem
3138 778 3350 847 perspi—

1787 869 1907 924 cuis
1939 876 1994 924 et
2028 866 2393 922 evidentibus
2424 865 2573 921 notis
2603 880 2633 918 a
2668 865 2877 918 malitia
2905 873 3172 921 secretum
3205 880 3347 933 esse,

1785 956 1864 1012 ita
1898 965 1956 1010 ut
1995 953 2285 1011 inconfusa
2314 953 2408 1018 sit,
2449 963 2501 1008 et
2534 968 2564 1007 a
2597 954 2875 1008 contrario
2919 968 3146 1023 prorsus
3179 954 3348 1010 libera

1785 1050 2074 1118 utriusque
2097 1048 2296 1102 horum
2328 1045 2656 1101 ditl'crentia.
2685 1043 2762 1099 Ex
2786 1045 3149 1100 delectatione
3178 1046 3345 1114 enim,

1785 1155 1947 1211 quam
1978 1140 2085 1193 illa:
2114 1138 2168 1193 in
2207 1136 2368 1193 nobis
2417 1136 2682 1200 excitant,
2717 1134 3048 1199 ostenditur,
3098 1150 3347 1205 quaenam

1785 1233 1982 1286 horum
2037 1230 2344 1286 studiorum
2407 1227 2479 1283 sit
2547 1227 2893 1297 proprietas,
2948 1241 3069 1281 cum
3141 1226 3348 1281 malitia

1785 1332 1983 1373 sensus
2030 1317 2301 1386 corporis,
2337 1316 2515 1371 virtus
2546 1315 2789 1368 animum
2823 1314 3096 1369 oblectet:
3129 1314 3264 1370 adeo
3289 1322 3352 1369 ut

1782 1407 1942 1477 ejus,
2006 1406 2152 1477 quod
2225 1404 2533 1474 subjectum
2593 1411 2700 1468 est,
2752 1411 2966 1469 natura,
3024 1403 3144 1458 sine
3200 1405 3348 1458 omni

1782 1514 1970 1556 errore
1992 1507 2045 1554 et
2070 1498 2426 1569 ambiguitate
2446 1512 2512 1553 ex
2539 1495 2626 1551 his
2657 1494 2875 1549 indiciis
2901 1495 3134 1553 inveniri
3161 1501 3342 1564 queat.

1864 1630 1930 1685 Et
1959 1630 2064 1685 hoc
2098 1645 2205 1684 non
2236 1628 2476 1696 aliunde,
2508 1643 2670 1698 quam
2720 1643 2785 1683 ex
2828 1628 2921 1693 iis,
2983 1642 3106 1697 quae
3156 1628 3241 1683 vel
3288 1628 3345 1685 in
3433 1673 3441 1681 .

1784 1728 2035 1791 promptu
2068 1726 2198 1775 sunt
2231 1720 2433 1790 posita,
2467 1719 2552 1774 vel
2584 1720 2638 1773 in
2669 1719 2855 1773 multis
2894 1719 3141 1788 psalmis,
3177 1718 3335 1787 quasi

1783 1808 2057 1881 profundo
2089 1811 2481 1865 sententiarum
2533 1823 2755 1864 recessu
2792 1809 2976 1863 abdita
3027 1810 3216 1873 latent,
3256 1808 3342 1860 in-

1784 1901 2033 1971 telligere
2066 1900 2235 1967 licet;
2267 1899 2502 1953 maxime
2531 1914 2595 1954 ex
2628 1906 2823 1968 quarto
2880 1898 3113 1967 psalmo,
3147 1899 3201 1952 in
3236 1912 3349 1967 quo

1783 1990 2103 2059 pronuntiat
2146 1987 2301 2043 corde
2324 2003 2529 2058 graves,
2557 1987 2651 2057 qui
2681 1987 3025 2042 mendacium
3057 1995 3111 2041 et
3138 1988 3345 2041 vanita-

1782 2087 1891 2134 tem
1925 2094 1956 2133 a
2010 2080 2237 2135 veritate
2268 2079 2487 2149 quidem
2544 2078 2948 2144 internoscunt,
3006 2079 3102 2134 sed
3158 2086 3341 2134 tamen

1781 2170 2013 2241 diligunt
2045 2170 2098 2224 id
2136 2169 2283 2240 quod
2317 2184 2427 2223 non
2478 2169 2757 2233 subsistit,
2790 2170 3040 2238 neglecto
3083 2185 3149 2225 eo
3197 2172 3343 2240 quod

1781 2271 2087 2341 permanet,
2112 2265 2365 2332 quodque
2388 2260 2537 2315 omni
2560 2275 2745 2316 amore
2773 2258 2998 2331 dignum
3022 2267 3107 2315 est
3131 2278 3146 2328 ;
3171 2263 3340 2317 solam

1780 2352 1923 2407 enim
1957 2354 2303 2409 sanctitatem
2329 2353 2467 2408 dixit
2485 2368 2612 2407 vere
2640 2367 2764 2408 esse
2790 2353 3166 2409 admirandam
3196 2370 3210 2415 ;
3236 2355 3342 2407 alia

1781 2444 1983 2506 omnia,
2011 2459 2131 2513 quae
2162 2458 2359 2513 magno
2387 2444 2593 2509 studio,
2622 2444 2888 2500 bonorum
2916 2445 3059 2510 vice,
3085 2461 3343 2515 quierun-

1783 2541 1869 2589 tur
1908 2534 1976 2589 ab
2035 2534 2372 2600 hominibus,
2434 2536 2491 2589 in
2543 2537 2801 2604 Opinione
2857 2537 2962 2591 sita
3006 2550 3151 2597 esse,
3179 2542 3233 2590 et
3286 2536 3341 2589 in

1780 2624 1979 2695 scipsis
2033 2639 2144 2679 non
2200 2624 2539 2692 subsistere;
2600 2625 2697 2680 sed
2749 2624 2805 2678 in
2859 2639 3001 2679 vana
3057 2624 3338 2678 hominum

1779 2713 2185 2769 existimatione
2210 2713 2403 2780 videri,
2436 2715 2596 2783 quasi
2625 2729 2748 2770 esse
2770 2711 3044 2783 quoddam
3068 2713 3338 2768 habeant:

1778 2816 1920 2862 etut
1958 2806 2264 2861 doctrinam
2304 2806 2409 2860 hac
2453 2807 2521 2861 de
2551 2821 2611 2861 re
2668 2806 3021 2861 illustriorem
3064 2804 3338 2866 redderet,

1779 2912 2071 2969 progressu
2103 2897 2373 2952 orationis
2403 2897 2479 2951 ait
2508 2916 2522 2952 :
2551 2898 2754 2952 multos
2782 2898 2986 2952 bonum
3014 2895 3243 2952 delinire
3273 2897 3343 2951 iis

1779 3002 1900 3056 quae
1948 2994 2254 3057 apparent;
2314 2996 2626 3044 asserentes
2680 2988 2816 3043 illud
2870 2989 3043 3043 solum
3078 2988 3134 3043 in
3179 2988 3342 3042 bonis

1778 3080 2197 3145 numerandum,
2230 3079 2377 3149 quod
2407 3078 2512 3134 sub
2539 3095 2763 3135 sensum
2793 3080 2941 3135 cadit
2974 3098 2987 3135 :
3032 3098 3050 3130 ι
3090 3078 3269 3142 Multi,
3315 3097 3336 3132 ι

1776 3169 1973 3239 inquit,
2013 3189 2032 3222 ι
2084 3171 2294 3235 dlcunt,
2329 3170 2464 3236 Quis
2513 3171 2763 3225 ostendet
2829 3171 2989 3228 nobis
3019 3171 3159 3225 bona
3185 3170 3281 3224 ὀἳ
3318 3190 3335 3219 ι

1775 3262 1961 3330 Atqui
1994 3263 2184 3317 oculos
2223 3262 2292 3316 ad
2345 3263 2599 3317 virtutem
2650 3265 2944 3326 convertit,
2995 3262 3087 3317 ille
3142 3262 3343 3318 servile

1776 3355 1881 3410 hoc
1910 3356 1977 3410 de
2012 3356 2158 3410 bono
2199 3355 2468 3424 judicium
2514 3362 2861 3424 aspernatur,
2915 3365 3235 3423 rectumque
3277 3369 3341 3407 ac

1779 3447 2067 3502 lmnestum
2100 3447 2272 3501 multo
2302 3447 2510 3501 lumine
2540 3447 2894 3502 collustratus
2924 3447 3190 3500 intuetur.
3221 3445 3342 3510 Quo

1774 3537 2004 3592 denotat
2032 3535 2274 3590 divinam
2306 3537 2453 3590 illam
2484 3543 2539 3590 et
2573 3536 2863 3591 sublimem
2893 3536 3338 3598 exsultationem,

1773 3637 1826 3681 et
1855 3627 2040 3681 lumen
2064 3626 2221 3689 illud,
2271 3625 2417 3695 quod
2448 3640 2513 3680 ex
2559 3623 2745 3678 divina
2801 3623 2944 3679 facie
2999 3623 3335 3693 resplendet,

1775 3720 2033 3790 quodque
2056 3734 2317 3775 sensuum
2344 3726 2558 3773 naturas
2585 3717 2807 3789 assequi
2837 3733 2949 3773 non
2996 3717 3338 3775 conceditur.

1780 3830 1798 3864 ι
1836 3809 2121 3882 Signatum
2169 3817 2255 3865 est
2303 3809 2473 3873 enim,
2523 3810 2722 3880 inquit,
2785 3824 2951 3880 super
3007 3825 3108 3865 nos
3154 3809 3339 3864 lumen

1774 3903 1957 3958 vultus
1989 3902 2091 3966 tui,
2111 3900 2360 3957 Domine.
2394 3920 2415 3955 ι
2440 3899 2545 3957 Per
2574 3900 2673 3957 Dei
2703 3900 2898 3957 faciem
2923 3901 3340 3957 characteribus

1779 3993 2108 4064 quibusdam
2159 4005 2214 4050 et
2242 3993 2389 4049 notis
2417 3993 2772 4064 descriptam,
2806 4009 2917 4048 non
2944 3994 3160 4049 videtur
3207 3995 3341 4049 mihi

1772 4085 2044 4156 Propheta
2069 4085 2221 4139 aliud
2252 4085 2500 4141 indicare
2524 4086 2685 4149 velle,
2712 4101 2877 4154 quam
2905 4085 3137 4142 virtutes
3164 4102 3179 4151 ;
3213 4096 3341 4141 nam
3406 4150 3417 4159 _

1773 4179 1860 4235 bis
1893 4177 2107 4249 species
2131 4177 2318 4233 divina
2339 4177 2683 4248 designatur.
2702 4176 2801 4232 His
2828 4177 3010 4238 dictis,
3036 4177 3339 4246 perfectam

1773 4269 1991 4325 virtutis
2022 4276 2204 4323 notam
2234 4268 2462 4323 adduxit
2488 4284 2500 4319 :
2528 4286 2547 4320 ι
2575 4266 2782 4323 Dedisti
2812 4266 3051 4321 laetitiam
3084 4266 3141 4320 in
3171 4266 3345 4320 corde

80 4346 185 4416 τὴν
235 4346 473 4418 καρδίαν
512 4346 707 4415 λέγων.
752 4349 826 4403 Οὐ
874 4357 983 4423 γὰρ
1031 4349 1148 4406 ἐστι
1196 4356 1310 4415 τοῖς
1356 4356 1421 4408 ὲκ
1472 4357 1671 4421 κακίας

1796 4374 1938 4426 ueo;
1975 4376 1995 4409 ›
2031 4358 2203 4413 animi
2258 4365 2313 4414 et
2345 4359 2548 4415 mentis
2611 4359 2733 4414 loco
2783 4372 2880 4412 cor
2917 4372 3125 4427 ponens
3155 4374 3170 4409 :
3226 4373 3339 4412 non

78 4434 431 4506 δελεάσμασι
482 4436 572 4489 τὸν
601 4436 724 4490 νοῦν
748 4437 995 4509 ἡσθῆναι.
1039 4441 1477 4495 Ἀντιδιαστέλλει
1519 4444 1576 4496 δὲ
1602 4447 1673 4516 τῇ

72 4526 188 4596 τῆς
220 4526 455 4597 καρδίας
483 4527 786 4601 εὐφροσύνῃ
814 4529 910 4602 τὴν
936 4529 1107 4602 ὑλώδη
1136 4532 1337 4605 ταύτην
1366 4537 1460 4589 καὶ
1488 4535 1672 4606 βιωτι-

79 4618 189 4687 rip:
238 4617 502 4683 εὐθηνίαν
541 4618 681 4688 (50),
726 4619 901 4688 λέγων
941 4623 1053 4686 τοῖς
1085 4623 1144 4676 τὺ
1177 4624 1349 4694 παρὸν
1381 4626 1548 4697 όρῶσι
1572 4626 1670 4699 τὴν

77 4710 337 4782 γαστέρα
388 4708 483 4763 τοῦ
534 4710 697 4764 καλοῦ
748 4714 1029 4784 κριτήριον
1061 4715 1321 4783 γίνεσθαι.
1377 4719 1529 4772 Σῖτον
1562 4720 1671 4792 γὰρ

78 4803 184 4853 καὶ
215 4796 364 4853 οἶνον
400 4799 571 4853 εἰπὼν
599 4805 709 4867 τοῖς
734 4803 995 4882 τοιούτοις
1023 4806 1407 4878 πληθύνεσθαι,
1440 4810 1546 4863 ἀπὸ
1574 4811 1671 4882 μέ-

80 4907 221 4959 ρους
248 4891 431 4955 πάσας
455 4890 557 4955 τὰς
584 4892 711 4962 περὶ
740 4877 980 4965 γαστέκρα
1023 4895 1119 4949 καὶ
1151 4895 1333 4968 θοίνην
1369 4877 1670 4970 ήδονὰςντῷ

74 4983 236 5053 λόγῳ
278 4983 712 5055 συμπεριέλαόεν
741 5001 757 5019 ο
815 4988 871 5041 αἳ
925 4987 1107 5060 πάσης
1161 4990 1417 5061 ἄρχουσιν
1478 4991 1670 5061 ὑλικῆς

68 5071 371 5145 ἀσχολίας,
405 5073 537 5144 περὶ
562 5072 599 5127 ἃ
636 5077 669 5146 ἠ
703 5076 909 5148 σπουδὴ
948 5079 1028 5141 εἰς
1076 5077 1227 5132 οὐδὲν
1270 5078 1542 5134 εὐοδοῦται
1572 5080 1668 5134 πέ-

144 5273 203 5306 ⁹⁸
234 5270 383 5330 Psal.
412 5290 488 5342 tv,
517 5275 551 5331 6
583 5291 707 5347 sqq.

146 5451 273 5522 (es)
309 5453 427 5507 Οὐκ
462 5454 591 5511 add.
625 5455 715 5509 ed.

147 5514 273 5599 (ἐς)
294 5524 398 5599 Μή
419 5538 530 5579 om.
565 5525 680 5599 ed;
702 5528 748 5579 εξ
779 5525 935 5582 codd.
968 5526 1096 5599 alii].

146 5591 267 5667 (67)
294 5590 517 5649 Ταόηι.
545 5594 635 5649 ed.

1776 4450 1921 4506 enim
1952 4449 2069 4505 ﬁeri
2103 4456 2304 4520 potest,
2335 4458 2396 4506 ut
2424 4448 2646 4505 malitia;
2682 4447 3074 4504 blandimentis
3121 4450 3345 4505 animus

1777 4541 2171 4598 demulceatur.
2204 4540 2456 4612 Sejungit
2482 4555 2616 4596 vero
2645 4555 2676 4594 a
2706 4539 2893 4595 cordis
2921 4540 3107 4596 laetitia
3138 4555 3340 4611 corpo-

1777 4645 1927 4686 ream
1956 4631 2098 4686 hanc
2129 4639 2184 4686 et
2216 4631 2343 4686 vita;
2371 4630 2535 4701 hujus
2561 4630 3004 4693 oblectationem,
3032 4645 3157 4685 cum
3180 4632 3336 4693 dicit,

1777 4722 1846 4777 iis
1873 4721 1967 4792 qui
1992 4721 2281 4792 praesentia
2312 4728 2524 4776 tantum
2574 4720 2878 4783 intuentur,
2925 4729 3170 4775 ventrem
3202 4734 3338 4774 recti

1777 4813 2114 4883 dijudicandi
2162 4813 2408 4883 regulam
2461 4826 2624 4878 esse;
2684 4810 3016 4866 frumentum
3074 4810 3220 4864 enim
3284 4821 3339 4862 et

1774 4903 1964 4956 vinum
1986 4900 2075 4957 bis
2101 4901 2303 4957 talibus
2334 4899 2690 4970 multiplicari
2719 4900 2796 4954 ait
2824 4916 2839 4967 ;
2866 4914 2932 4954 ex
2965 4905 3119 4968 parte
3146 4911 3338 4952 omnes

1770 4989 2165 5058 jucunditates,
2195 5003 2317 5059 quae
2345 4988 2412 5044 ad
2463 4998 2708 5044 ventrem
2753 4995 2809 5043 et
2841 4988 3031 5058 epulas
3066 4995 3334 5055 spectant,

1773 5079 2136 5149 complexus;
2179 5093 2301 5149 qua:
2355 5076 2511 5132 initia
2542 5085 2671 5133 sunt
2727 5076 2907 5134 omnis
2961 5075 3342 5147 occupationis

1844 5459 1954 5527 (te)
1983 5457 2274 5530 Προδείξει,
2315 5460 2415 5530 ed.
2464 5508 2471 5515 κ

1843 5530 1952 5595 (49)
1991 5529 2323 5597 Ἐφικέσθαι,
2354 5529 2441 5585 ed.

1839 5599 1952 5670 (50)
1994 5600 2290 5671 Εὑθυμίαν,
2320 5601 2408 5658 ed.
