3800 5980
440 256 541 316 M7

1700 256 1756 311 S.
1799 254 2125 312 GREGOllll
2163 253 2457 312 NYSSENI

3578 255 3678 309 458

439 380 586 429 circa
640 373 924 428 materiam
982 372 1142 427 istam
1195 384 1540 441 eorporatam
1596 374 1912 438 versantis;
1956 378 2010 429 in

2122 391 2235 443 ρας.
2271 372 2347 426 Οὐ
2385 369 2494 440 γάρ
2529 368 2643 421 ἐστι
2673 368 2771 437 τῆς
2800 370 2856 419 ἐν
2888 367 3085 436 ἀκαρεῖ
3123 367 3413 438 γινομένης
3448 368 3562 431 τοῖς
3588 372 3679 422 ἀν-

440 467 643 535 quibus
680 464 922 518 studium
959 472 1012 517 et
1071 478 1291 530 operam
1343 476 1566 531 ponere,
1605 464 1741 516 nihil
1794 465 2010 533 penitus

440 558 798 611 emolumenti
831 556 1023 609 alferat
1052 573 1066 620 ;
1109 570 1216 607 non
1258 555 1400 607 enim
1434 562 1519 607 est
1552 552 1832 609 fruitionis
1865 556 2010 610 illius
2060 603 2071 611 .

443 659 497 702 et
527 648 844 717 voluptatis,
878 662 998 715 quae
1038 654 1315 697 momento
1346 644 1609 712 temporis
1641 644 1718 703 lit.
1750 645 1803 696 in
1836 644 2013 698 homi-

444 755 572 792 num
612 748 807 791 natura
834 753 998 805 penu,
1024 744 1081 787 ut
1107 736 1527 789 delectationem
1558 736 1701 787 illam
1729 750 2012 789 asservare

380 882 389 901 ι
445 839 498 881 et
549 826 848 879 recondere
884 823 1118 892 possint,
1162 837 1326 891 quam
1360 822 1507 875 omni
1539 837 1642 891 ope
1692 836 2011 891 comparare

445 925 717 970 conantur
744 932 758 980 ;
791 914 883 967 sed
909 915 1080 968 instar
1104 912 1373 965 lallacium
1401 912 1862 980 phantasmatum,
1887 925 2010 963 cum

444 1009 617 1063 teneri
656 1023 685 1060 a
746 1009 1086 1074 voluptatum
1136 1004 1472 1058 amatoribus
1533 1003 1801 1064 creditur,
1849 1002 2010 1055 dere-

445 1105 607 1165 pente
634 1095 935 1155 evanescit,
964 1102 1017 1145 et
1042 1094 1097 1145 in
1125 1092 1356 1145 nihilum
1382 1090 1592 1145 recidit.
1629 1090 1803 1157 llujus
1830 1099 2009 1142 autem

446 1185 571 1238 vani
632 1184 832 1253 spectri
887 1182 1109 1236 unicum
1166 1180 1454 1250 vestigium
1511 1180 1838 1250 relinquitur
1889 1187 2012 1249 post

445 1275 835 1337 recessionem,
865 1273 1040 1339 pudor
1067 1290 1081 1339 ;
1113 1273 1222 1325 alta
1245 1279 1299 1325 et
1325 1270 1599 1325 indelebili
1631 1271 1711 1324 eis
1746 1271 2011 1339 impressa

449 1371 602 1426 nota,
635 1378 733 1432 per
760 1378 879 1432 quae
909 1360 1127 1415 transiit
1155 1378 1169 1425 ;
1202 1359 1464 1429 possibile
1490 1367 1549 1413 ut
1576 1360 1669 1422 sit,
1691 1368 2010 1412 venatorum

449 1470 603 1507 more
632 1463 686 1508 et
714 1461 849 1513 arte.
883 1468 945 1506 ex
982 1453 1116 1520 ipsis
1154 1450 1399 1519 vestigiis
1453 1448 1581 1503 ferae
1626 1458 1879 1503 naturam
1916 1463 2012 1501 co-

450 1560 737 1615 gnoscere.
773 1544 983 1597 Etenim
1017 1544 1118 1607 illi,
1155 1541 1375 1612 quando
1410 1540 1523 1595 fera
1573 1540 1864 1597 manifesta
1904 1556 2013 1595 non

447 1645 554 1701 est,
587 1636 816 1706 vestigio
850 1650 967 1689 eam
1003 1643 1360 1704 cognoscunt.

2113 463 2349 533 θρώποις
2396 458 2745 519 ἀπολαύσεως
2791 457 2848 509 ἐν
2893 458 2958 525 τῇ
3009 455 3165 524 φύσει
3220 459 3466 525 ταμιεῖον
3508 458 3675 515 οὐδὲν.

2112 556 2251 607 ὥστε
2308 549 2568 604 ἀπόθετον
2613 550 2823 608 ἑαυτοῖς
2871 545 3136 598 ποιεῖσθαι
3184 547 3282 614 τὴν
3327 548 3563 618 ἡδονὴν,
3618 552 3680 620 ἢν

2112 644 2253 697 κατά
2288 644 2462 694 πᾶσαν
2514 638 2743 692 κτῶνται
2794 638 3021 708 σπουδήν
3049 655 3064 669 ·
3118 637 3234 690 ἀλλ’
3277 638 3465 710 ὥσπερ
3491 658 3545 693 τι
3577 641 3681 693 τῶν

2113 730 2405 801 ἀπατηλῶν
2440 729 2836 797 φαντασμάτων
2874 726 3245 797 κεκρατῆσθαι
3275 729 3424 798 παρά
3455 729 3566 781 τῶν
3596 748 3681 799 φι-

2112 823 2344 894 ληδόνων
2381 821 2556 886 δόξαν,
2602 819 2764 881 εὐθὺς
2792 817 3084 887 ἠφανίσθη,
3138 819 3232 870 καὶ
3279 821 3356 882 εἰς
3405 821 3466 873 τὸ
3520 821 3596 892 μὴ
3629 822 3685 874 ὃν

2116 909 2481 982 μετεχώρησε.
2530 907 2635 960 Τοῦ
2688 906 2744 958 δὲ
2784 904 3024 958 τοιούτου
3078 905 3360 975 φάσματος
3429 908 3491 962 ἓν
3539 909 3687 979 ἴχνος

2113 1000 2491 1054 καταλείπεται
2525 997 2661 1068 μετά
2684 997 2780 1067 τὴν
2808 995 3148 1066 ἀναχώρησιν
3176 999 3209 1067 ἡ
3239 998 3491 1069 αἰσχύνη,
3520 999 3685 1069 βαθύν

2112 1108 2169 1143 τε
2200 1093 2290 1143 καὶ
2315 1086 2724 1153 δυσεξάλειπτον
2758 1089 3176 1157 ἐνσημηναμένη
3206 1088 3414 1152 τούτοις
3459 1091 3553 1142 τὸν
3593 1090 3684 1143 τύ·

2113 1197 2213 1233 πον
2244 1180 2429 1233 τοῦτον
2460 1179 2592 1247 (51),
2638 1177 2705 1230 δι’
2733 1169 2806 1229 ὧν
2834 1177 2898 1229 ἂν
2932 1176 3174 1249 παρέλθῃ
3193 1218 3208 1241 ,
3251 1177 3326 1240 ὡς
3353 1178 3578 1232 δυνατὸν
3607 1178 3683 1232 εί-

2114 1286 2218 1333 ναι,
2255 1267 2396 1320 κατά
2439 1267 2538 1335 τὴν
2580 1266 2772 1337 τέχνην
2818 1265 2923 1318 τῶν
2967 1266 3325 1336 θηρευόντων,
3372 1270 3485 1331 τοῖς
3518 1269 3689 1338 ἴχνεσι

2113 1357 2487 1426 διαγινώσκειν
2520 1354 2613 1408 τοῦ
2651 1356 2840 1427 θηρίου
2876 1355 2976 1426 τὴν
3005 1356 3182 1424 φύσιν.
3223 1356 3325 1409 Καὶ
3350 1358 3465 1428 γὰρ
3491 1361 3690 1411 ἐκεῖνοι

2115 1450 2240 1501 ὅταν
2283 1443 2550 1520 ἀφανέςῇ
2597 1447 2657 1499 τὸ
2686 1446 2925 1517 θήραμα,
2958 1445 3048 1499 διὰ
3091 1447 3183 1499 τοῦ
3223 1446 3399 1517 ἴχνους
3443 1448 3506 1501 τὸ
3552 1447 3691 1512 ζῶον

2115 1539 2487 1611 γνωρίζουσιν.

523 1747 580 1801 Si
604 1748 768 1817 igitur
784 1762 912 1816 aper
933 1754 1025 1800 aut
1045 1747 1127 1809 leo
1145 1744 1379 1815 propriis
1401 1745 1646 1815 vestigiis
1670 1746 2014 1816 agnoscitur,

2190 1737 2253 1790 Εἰ
2281 1730 2373 1788 οὗν
2402 1736 2430 1788 ὁ
2458 1733 2554 1795 σῦς
2585 1733 2617 1804 ἢ
2648 1735 2675 1786 ὁ
2701 1733 2837 1787 λέων
2864 1735 2975 1796 τοῖς
3007 1732 3174 1804 ἴχνεσι
3199 1735 3311 1796 τοῖς
3344 1733 3497 1797 ἰδίοις
3527 1751 3694 1787 κατα-

450 1854 793 1907 conscquens
817 1845 920 1902 est,
953 1845 1011 1891 ut
1038 1848 1090 1891 et
1117 1836 1411 1906 voluptatis
1445 1845 1637 1889 natura
1669 1836 1723 1889 in
1752 1837 2019 1906 impresso

451 1943 481 1981 a
509 1944 567 1984 se
602 1927 830 1997 vestigio
856 1928 1149 1981 elucescat.
1181 1926 1343 1995 Atqui
1380 1925 1666 1994 vestigium
1696 1926 1814 1993 ejus
1844 1928 2019 1995 pudor

450 2027 535 2074 est
571 2035 584 2069 :
629 2033 756 2088 ergo
786 2026 838 2071 ct
869 2018 1008 2086 ipsa,
1043 2032 1164 2088 qua:
1201 2016 1463 2085 imprimit
1486 2015 1666 2069 animo
1706 2016 2018 2085 hujusmodi

451 2119 660 2174 notam,
706 2110 791 2164 vel
834 2110 1062 2178 ipsemet
1088 2108 1264 2177 pudor
1311 2107 1495 2171 fuerit,
1551 2106 1636 2159 vel
1674 2115 1820 2161 certe
1852 2123 2018 2162 causa

450 2200 693 2256 effectrix
714 2198 960 2268 pudoris.
984 2197 1183 2251 Verum
1210 2198 1321 2251 hac
1351 2200 1526 2254 obiter
1552 2209 1605 2255 et
1633 2199 1777 2254 aliud
1810 2197 2019 2267 agendo

456 2304 488 2341 a
529 2289 687 2343 nobis
742 2289 886 2341 dicta
922 2293 1069 2343 sunt.
1102 2286 1269 2342 Nobis
1315 2290 1458 2342 enim
1497 2291 1841 2358 potissimum
1890 2302 2019 2358 pro-

452 2379 689 2449 positum
721 2385 838 2431 erat
870 2391 963 2445 per
988 2377 1231 2448 ipsorum
1268 2376 1612 2431 Psalmorum
1647 2377 1892 2446 exempla
1922 2375 2018 2431 de-

455 2475 779 2531 monstrare,
812 2467 990 2537 qualis
1019 2466 1091 2520 sit
1121 2467 1300 2521 exitus
1325 2468 1448 2522 vitae
1471 2476 1581 2521 tam
1612 2468 1821 2529 virtuti,
1854 2480 2018 2535 quam

451 2560 601 2613 vitiis
628 2558 877 2612 addicta}.
912 2556 1099 2626 Itaque
1121 2557 1177 2610 in
1206 2556 1463 2626 prmdicto
1487 2559 1693 2627 psalmo
1718 2557 1876 2611 linem
1907 2558 2018 2609 vir-

454 2651 585 2705 tutis
622 2649 814 2704 statuit
851 2663 1037 2718 pacem
1089 2656 1144 2725 et
1181 2650 1629 2718 tranquillitatem
1656 2691 1670 2715 ,
1709 2656 1764 2703 et
1815 2647 2021 2701 unifor-

453 2756 595 2795 mem
630 2740 800 2802 illam,
832 2747 885 2793 et
914 2739 1303 2807 impermistam
1339 2739 1403 2792 ad
1433 2740 1714 2809 passiones
1743 2739 2020 2808 animique

455 2831 890 2899 perturbationes
923 2830 1261 2884 aﬂ'ectionem
1285 2839 1333 2884 el
1358 2831 1790 2899 dispositionem,
1822 2846 1942 2899 qua:
1964 2831 2019 2885 in

455 2934 550 2989 spe
588 2918 784 2971 divinae
814 2919 1209 2972 communionis
1246 2921 1621 2974 constituitur.
1669 2919 2018 2974 Contrarium

455 3022 587 3061 vero
633 3009 760 3061 huic
797 3015 1021 3071 statum,
1055 2991 1196 3077 ipso
1244 3010 1465 3063 silentio
1518 3009 1791 3078 patefecit.
1851 3009 2019 3066 Porro

458 3100 658 3168 saepius
678 3099 733 3152 in
751 3098 982 3153 Psalmis
997 3099 1221 3152 clamat:
1248 3120 1265 3150 ι
1286 3100 1475 3168 lnjusti
1500 3101 1818 3168 interibunt,
1834 3117 2021 3156 semen

458 3190 744 3257 impiorum
799 3190 997 3259 peribit
1017 3190 1086 3242 ".
1142 3187 1246 3256 Qui
1298 3189 1476 3257 diligit
1522 3191 1859 3260 iniquitatem
1908 3193 2023 3246 odit

459 3281 697 3333 animam
746 3296 922 3343 suam,
967 3280 1114 3351 pluet
1156 3297 1317 3351 super
1345 3290 1658 3350 peccatores
1693 3282 2014 3353 laqueos",!

458 3380 513 3426 et
550 3373 652 3425 alia
693 3372 899 3425 inlinita
943 3370 1031 3427 his
1057 3372 1274 3425 similia.
1311 3371 1405 3427 Est
1459 3380 1638 3427 autem
1678 3384 1825 3429 totus
1868 3374 2023 3429 Psal-

460 3478 670 3518 morum
704 3463 840 3517 liber
881 3462 1114 3527 refertus
1148 3463 1369 3518 virtutis
1411 3464 1681 3527 laudibus,
1738 3475 1792 3519 et
1822 3465 2024 3534 impro—

460 3556 651 3609 borum
672 3554 1109 3623 reprehensione,
1130 3556 1806 3625 spectatquehistoriarum
1822 3555 2023 3610 mentio

458 3646 595 3700 duos
621 3648 889 3716 praecipue
921 3645 1085 3712 ﬁnes;
1122 3644 1288 3699 efﬁcit
1316 3646 1515 3716 quippe
1547 3654 1607 3699 ut
1650 3655 1703 3699 et
1734 3646 2023 3699 illustrium

457 3741 695 3793 virorum
735 3741 987 3793 virtutem
1016 3740 1288 3796 aemuler-is
1323 3746 1377 3793 et
1403 3738 1694 3808 suspicias,
1742 3738 2025 3809 fugiasque

459 3846 648 3885 eorum
678 3832 1098 3899 improbitatem,
1130 3831 1222 3900 qui
1253 3846 1372 3885 sese
1390 3829 1608 3899 ﬂagitiis
1637 3839 1779 3885 totos
1805 3829 2026 3884 dedide-

462 3934 609 3974 runt.
646 3921 777 3973 Nam
810 3936 933 3973 cum
964 3929 1015 3975 te
1039 3922 1104 3974 ad
1138 3922 1389 3977 virtutem
1410 3937 1507 3990 per
1527 3922 1773 3990 exempla
1799 3922 2022 3985 excitat,

460 4021 575 4063 tum
605 4010 712 4063 ait:
760 4027 777 4059 ι
798 4008 1010 4079 Moyses
1033 4019 1085 4063 et
1111 4011 1291 4063 Aaron
1324 4011 1378 4063 in
1402 4010 1776 4064 sacerdotibus
1805 4011 1944 4079 ejus,
1972 4020 2027 4065 et

450 4097 684 4151 Samuel
738 4096 881 4150 inter
925 4111 1041 4160 eos,
1078 4097 1172 4165 qui
1221 4098 1477 4152 invocant
1516 4114 1713 4153 nomen
1756 4099 1895 4169 ejus.
1937 4099 2023 4153 lu-

461 4189 729 4243 vocabant
766 4186 1075 4249 Dominum,
1110 4195 1165 4242 et
1194 4188 1310 4258 ipse
1330 4189 1654 4244 exaudiebat
1685 4206 1802 4245 eos.
1844 4191 1900 4245 ln
1936 4208 2025 4247 co-

462 4281 645 4333 lunma
675 4280 836 4335 nubis
858 4279 1181 4350 loquebatur
1207 4280 1273 4334 ad
1290 4281 1461 4335 eos”.
1487 4300 1506 4332 ι
1525 4281 1830 4351 Atquando
1853 4284 2027 4340 oculis

2121 1827 2434 1901 μηνύονται,
2487 1826 2778 1878 ἀκόλουθον
2824 1825 3040 1887 πάντως
3080 1826 3174 1878 καὶ
3222 1826 3323 1894 τῆς
3364 1825 3560 1895 ἡδονῆς
3593 1826 3693 1895 τὴν

2119 1918 2279 1986 φύσιν
2323 1919 2381 1968 ἐν
2426 1914 2504 1984 τῷ
2536 1913 2909 1982 ὑπολειφθέντι
2939 1914 3106 1984 αὐτῆς
3142 1914 3276 1983 ἴχνει
3304 1915 3689 1983 γνωρίζεσθαι.

2131 2009 2288 2061 Ἀλλά
2322 2008 2427 2079 μὴν
2458 2006 2515 2059 τὸ
2545 2006 2687 2075 ἴχνος
2732 2006 2902 2075 αὐτῆς
2934 2003 3160 2075 αἰσχύνη
3207 2005 3369 2057 ἐστίν.
3419 2006 3563 2075 "Ap:
3599 2006 3695 2058 καὶ

2118 2102 2151 2169 ἡ
2183 2097 2599 2169 ἐνσημηναμένη
2643 2099 2706 2167 τῇ
2740 2096 2884 2166 ψυχῇ
2936 2096 3026 2149 τὸν
3063 2097 3172 2167 (52)
3224 2096 3466 2150 τοιοῦτον
3496 2099 3690 2162 τύπον,

2118 2189 2151 2259 ἢ
2184 2189 2312 2240 αὐτὸ
2343 2189 2453 2259 (53)
2490 2189 2703 2250 πάντως
2749 2187 2975 2258 αἰσχύνη
3014 2188 3180 2251 ἐστὶν,
3225 2188 3257 2257 ἢ
3294 2188 3552 2259 ποιητῖκὴ
3595 2189 3695 2258 τῆς

2119 2280 2399 2349 αἰσχύνης.
2442 2278 2599 2331 Ἀλλά
2626 2277 2784 2331 τοῦτο
2832 2278 2930 2348 μὲν
2967 2280 3095 2349 ἡμῖν
3134 2281 3190 2331 ἐν
3236 2280 3537 2350 παρεξοδίῳ
3562 2297 3697 2351 προ-

2119 2372 2396 2442 εθεωρήθη
2427 2369 2504 2439 τῷ
2546 2371 2693 2439 τόπῳ
2722 2386 2736 2401 ·
2785 2370 2952 2434 δεῖξαι
2990 2371 3097 2440 γὰρ
3145 2370 3286 2424 κατά
3331 2372 3391 2424 τὸ
3421 2370 3698 2442 προηγούο

2123 2479 2280 2532 μενον
2327 2460 2431 2512 ἔδει
2477 2460 2563 2513 διὰ
2604 2461 2703 2528 τῆς
2741 2460 3088 2531 ψαλμῳδίας,
3144 2458 3254 2514 οἷον
3287 2462 3551 2534 ἐκατέρου
3587 2463 3696 2515 τῶν

2119 2553 2238 2606 κατ’
2275 2552 2476 2623 ἀρετήν
2523 2568 2581 2603 τε
2626 2551 2721 2604 καὶ
2765 2551 2958 2603 κακίαν
3005 2551 3446 2621 ἐπιτηδευμάτων
3486 2553 3607 2606 ἐστὶ
3640 2553 3698 2605 τὸ

2120 2645 2311 2716 πέρας.
2356 2643 2443 2696 Ἐν
2482 2641 2660 2695 τοίνυν
2696 2642 2772 2711 τῷ
2804 2642 3187 2713 προειρημένῳ
3230 2642 3343 2712 (5ηῆ
3380 2643 3605 2714 ψαλμῷ,
3638 2643 3699 2696 re

2118 2736 2219 2805 τῆς
2256 2735 2455 2805 ἀρετῆς
2488 2733 2657 2786 εἰπὼν
2698 2733 2848 2795 τέλος
2895 2734 3118 2803 εἰρήνην
3165 2729 3303 2785 εἶναι
3347 2735 3441 2787 καί¹
3487 2735 3694 2798 ἄνεσιν,

2120 2831 2212 2883 καὶ
2238 2831 2335 2901 τὴν
2368 2829 2610 2899 μονοειδῆ
2645 2846 2703 2881 τε
2749 2829 2843 2881 καὶ
2884 2827 3237 2898 ἀνεπίμικτον
3271 2828 3407 2899 πρὸς
3446 2829 3514 2882 τά
3550 2829 3698 2898 πάθη

2120 2921 2455 2993 κατοίκησιν,
2474 2921 2573 2991 τὴν
2597 2921 2680 2973 ἐπ’
2708 2919 2881 2973 ἐλπίδι
2899 2919 3010 2991 (55)
3027 2920 3127 2993 τῆς
3142 2919 3233 2972 τοῦ
3252 2918 3385 2971 Θεοῦ
3407 2920 3700 2989 μετουσίας

2122 3014 2385 3084 κατορθου
2395 3013 2559 3082 μένην
2578 3051 2592 3075 ,
2625 3012 2689 3065 τὸ
2710 3012 3079 3081 ἀντικείμενον
3098 3010 3271 3081 τούτῳ
3302 3011 3434 3080 (55°)
3460 3010 3701 3065 ἐνταῦθα

2128 3107 2226 3177 μὲν
2256 3105 2343 3158 διὰ
2377 3105 2477 3174 τῆς
2507 3105 2714 3173 σιωπῆς
2746 3104 3063 3169 ἐνεδείξατο.
3097 3102 3345 3173 Πολλαχῆ
3383 3103 3439 3155 δὲ
3486 3103 3578 3155 διὰ
3604 3105 3700 3173 τῆς

2121 3195 2439 3265 ψαλμῳδίας
2463 3194 2580 3264 βοᾷ,
2606 3192 2807 3265 λέγων’
2829 3212 2846 3245 ι
2879 3195 2940 3247 Οἱ
2964 3195 3019 3248 δὲ
3049 3196 3353 3265 παράνομοι
3380 3193 3698 3264 ἐξολοθρευ-

2124 3288 2396 3357 θήσονται,
2432 3288 2525 3340 καὶ
2571 3288 2791 3358 σπέρμα
2834 3285 3046 3339 ἀσεϐῶν
3095 3284 3634 3355 ἐξολοθρευθήσεται.
3675 3303 3695 3336 ι

2123 3379 2251 3442 Καὶ,
2288 3397 2306 3429 ι
2348 3376 2408 3429 '0
2438 3377 2670 3445 ἀγαπῶν
2696 3378 2793 3447 τὴν
2819 3377 3032 3430 ἀδικίαν
3066 3379 3214 3447 μισεῖ
3243 3377 3340 3446 τὴν
3368 3377 3567 3429 ἑαυτοῦ
3598 3377 3700 3446 ψυ-

2123 3470 2243 3539 χήν·
2282 3468 2374 3521 καὶ
2415 3468 2690 3538 ἐπιϐρέξει
2725 3468 2816 3520 ἐπὶ
2844 3467 3199 3537 ἁμαρτωλοὺς
3233 3468 3485 3535 παγίδας,
3528 3487 3547 3519 ι
3602 3469 3697 3521 καὶ

2124 3562 2253 3614 ἄλλα
2290 3559 2455 3630 μυρία
2482 3560 2688 3622 τούτοις
2732 3560 3084 3630 ὁμοιότροπα.
3134 3542 3297 3627 Γέμει
3329 3560 3386 3612 δὲ
3414 3562 3569 3613 πᾶσα
3604 3561 3703 3630 τῆς

2105 3649 2441 3719 Ψαλμῳδίας
2469 3652 2501 3718 ἡ
2540 3649 2715 3718 βίϐλος
2737 3649 2845 3700 τῶν
2876 3665 2934 3701 τε
2964 3648 3062 3715 τῆς
3094 3649 3292 3717 ἀρετῆς
3319 3649 3576 3713 ἐπαίνων,
3608 3650 3703 3702 καὶ

2124 3738 2221 3807 τῆς
2241 3737 2569 3807 κατηγορίας
2592 3737 2698 3789 τῶν
2721 3739 2776 3789 ἐν
2801 3737 2965 3807 κακίᾳ
2991 3735 3223 3800 ζώντων.
3252 3738 3323 3790 ’Ἡ
3346 3755 3404 3790 τε
3424 3738 3533 3791 τῶν
3560 3740 3704 3792 ἱστο-

2129 3827 2258 3897 ριῶν
2295 3828 2484 3898 μνήμη
2516 3827 2652 3897 πρὸς
2679 3829 2804 3890 τοὺς
2832 3827 2924 3880 δύο
2949 3828 3180 3891 σκοποὺς
3216 3828 3573 3901 μεριζομένη,
3609 3829 3705 3899 ζη-

2129 3917 2306 3987 λωτὴν
2360 3918 2459 3987 μὲν
2502 3916 2649 3970 ποιεῖ
2689 3918 2788 3989 τὴν
2822 3919 3020 3989 ἀρετὴν
3050 3919 3155 3971 τῶν
3187 3919 3489 3988 εὐδοκίμων
3529 3937 3705 3991 προσ-

2127 4007 2290 4061 ώπων
2310 4025 2324 4039 ο
2360 4008 2596 4079 φευκτὴν
2626 4009 2682 4061 δὲ
2711 4009 2797 4062 διὰ
2829 4010 2935 4063 τῶν
2963 4010 3429 4080 κατεγνωσμένων
3477 4012 3579 4082 τὴν
3608 4030 3704 4065 πο-

2128 4100 2339 4168 νηρίαν.
2373 4099 2538 4152 Ὅταν
2567 4098 2664 4168 μὲν
2695 4100 2803 4170 γάρ
2836 4117 2895 4152 σε
2932 4100 3066 4171 πρὸς
3094 4101 3292 4172 ἀρετὴν
3321 4103 3585 4175 ἐπεγείρῃ
3628 4103 3703 4173 τῷ

2128 4191 2501 4259 ὑποδείγματι·
2550 4189 2722 4258 λέγει,
2780 4211 2798 4244 ι
2830 4194 3068 4263 Μωῦσῆς
3104 4194 3197 4246 καὶ
3234 4192 3444 4264 Ἀαρὼν
3487 4196 3546 4248 ἐν
3590 4199 3704 4259 τοῖς

2132 4283 2363 4353 ἱερεῦσιν
2392 4282 2575 4346 αὐτοῦ,
2615 4284 2707 4336 καὶ
2745 4285 2998 4355 Σαμουὴλ
3030 4287 3087 4338 ἐν
3114 4287 3225 4348 τοῖς
3250 4286 3703 4357 ἐπικαλουμένοις

462 4373 835 4441 miserandum
872 4373 1096 4426 malitiae
1119 4371 1326 4427 exitum
1366 4372 1637 4441 subjicere
1665 4374 1886 4444 cogitat,
1915 4386 2019 4428 tum

2132 4375 2312 4428 αὐτόν.
2349 4374 2739 4428 Ἐπεκαλοῧντο
2770 4377 2859 4430 τὸν
2889 4377 3209 4448 Κύριον,καί¹
3230 4378 3391 4440 αὐτὸς
3417 4379 3704 4448 εἰσήκουεν

463 4471 734 4529 recenset,
763 4464 1022 4532 quidnam
1058 4464 1303 4534 perpessi
1338 4464 1467 4530 sint,
1501 4464 1594 4534 qui
1622 4480 1743 4520 sese
1770 4468 2029 4536 nequitiae

465 4555 679 4624 penitus
706 4564 1103 4611 consecrarunt
1128 4574 1143 4611 :
1171 4575 1189 4607 ι
1216 4556 1416 4626 Aperta
1450 4564 1535 4610 est
1560 4565 1727 4622 terra,
1761 4568 1815 4613 et
1840 4557 2028 4628 deglu-

462 4645 585 4699 tivit
628 4644 873 4709 Dathan,
941 4656 994 4700 et
1044 4648 1261 4717 operuit
1324 4661 1492 4716 super
1547 4650 2027 4717 congregationem

462 4736 698 4801 Abiron;
723 4736 940 4792 ﬂamma
972 4739 1274 4793 combussit
1299 4746 1617 4808 peccatores
1637 4740 1678 4790 ¹.
1699 4757 1717 4789 ι
1742 4739 1809 4791 Ει
1834 4757 1847 4791 :
1877 4759 1895 4790 ‹
1919 4739 2029 4794 Fac

464 4829 587 4883 illos
618 4830 759 4883 sicut
788 4829 1000 4883 Madian
1020 4838 1074 4884 et
1102 4829 1289 4884 Sisara
1311 4831 1383 4882 ⁸.»
1420 4828 1514 4883 Et:
1543 4847 1561 4879 ι
1584 4828 1731 4883 Pone
1753 4830 2027 4901 principes

461 4936 650 4976 eorum
680 4923 822 4976 sicut
849 4919 1016 4987 Oreb',
1066 4929 1121 4975 et
1158 4919 1287 4985 Zeb,
1315 4926 1369 4975 et
1399 4919 1592 4987 Zebee,
1650 4929 1704 4975 et
1749 4922 2022 4985 Salmana,

463 5032 654 5072 omnes
685 5016 961 5087 principes
999 5031 1190 5071 eorum
1220 5017 1278 5081 ³;
1317 5035 1335 5068 ι
1388 5025 1440 5073 et
1467 5016 1519 5071 id
1566 5031 1740 5086 genus
1778 5017 1882 5069 alia
1917 5033 2023 5070 non

2129 4467 2327 4522 αὐτῶν.
2385 4466 2474 4520 Ἑν
2526 4466 2698 4537 στύλῳ
2746 4468 2973 4539 νεφέλης
3020 4468 3197 4521 ἐλάλει
3246 4468 3380 4538 πρὸς
3423 4469 3645 4533 αὐτούς.
3681 4489 3697 4519 ι

2132 4557 2302 4610 Ὅταν
2334 4557 2392 4611 δὲ
2421 4557 2481 4609 τὸ
2512 4557 2743 4628 πονηρὸν
2770 4559 2865 4628 τῆς
2903 4559 3101 4621 κακίας
3130 4558 3470 4612 ὑποδεικνύει
3504 4568 3702 4630 πέρας,

2127 4648 2197 4703 τὰ
2230 4648 2374 4719 πάθη
2422 4649 2530 4702 τῶν
2563 4651 2621 4703 ἐν
2662 4650 2894 4721 πονηρία
2940 4654 3396 4721 κατεγνωσμένων
3426 4651 3697 4714 διέξεισιν.

2137 4760 2155 4792 ι
2197 4741 2449 4811 Ἦνοίχθη
2492 4744 2524 4811 ἡ
2573 4744 2643 4811 γῆ
2675 4742 2769 4795 καὶ
2798 4742 3051 4794 κατέπιεν
3085 4743 3281 4808 Δαθάν,
3312 4743 3403 4795 καὶ
3434 4743 3702 4812 ἐκάλυψεν

2136 4835 2228 4888 ἐπὶ
2298 4834 2395 4904 τὴν
2470 4834 2787 4905 συναγωγὴν
2858 4834 3134 4904 Ἀϐειρών.
3198 4836 3331 4902 mg
3376 4836 3703 4904 κατέφλεξεν

2134 4924 2502 4996 ἁμαρτωλούς.
2532 4944 2549 4976 ι
2575 4926 2706 4989 Καὶ,
2736 4926 2993 4997 «Ποίησον
3024 4927 3218 4990 αὐτοὺς
3248 4926 3322 4989 ώς
3346 4929 3412 4997 τῇ
3442 4928 3555 4996 (56)
3585 4930 3703 4981 Μαο

2131 5019 2247 5072 διάν
2272 5019 2359 5071 καὶ
2376 5017 2453 5087 τῷ
2480 5017 2702 5089 Σισάρα.
2721 5037 2738 5067 ι
2767 5018 2895 5082 Καὶ,
2920 5016 3052 5070 (Θοῦ
3078 5018 3200 5081 τοὺς
3216 5019 3479 5088 ἄρχοντας
3504 5019 3703 5083 αὐτῶν,

534 5220 577 5250 ⁸⁷
607 5215 751 5271 Psal.
790 5230 975 5280 xxxvi,
1004 5214 1092 5269 58.
1159 5214 1203 5245 "'
1240 5211 1379 5270 Psal.
1403 5231 1457 5283 ι,
1495 5216 1546 5271 6.
1613 5217 1658 5249 θ’
1690 5219 1834 5279 Psal.
1858 5234 2043 5283 xcvm,
2067 5216 2118 5271 6.
2194 5208 2379 5270 ίΡειιΙ.
2406 5231 2489 5280 ev,
2523 5215 2588 5269 Π
2618 5230 2739 5286 sqq.
2807 5204 2990 5271 "Psal.
3024 5232 3230 5285 uxvn,
3262 5216 3346 5271 10.
3410 5215 3433 5247 ³
3460 5216 3601 5275 ibid.
3622 5219 3704 5276 12.

538 5398 647 5459 (3|)
675 5397 911 5460 Τούτων,
944 5399 1032 5453 ed.

540 5467 650 5529 (ὕ-ὶὶ
681 5468 783 5518 Τόν
813 5469 1042 5523 om.‘ed.

538 5537 649 5597 (55)
689 5536 863 5607 Αὐτῷ,
901 5539 986 5593 ed.

539 5607 649 5681 (54)
686 5608 930 5679 Προηγου
940 5610 1100 5683 μένῳ,
1138 5610 1223 5668 ed.

2216 5398 2328 5461 (55)
2364 5398 2599 5459 Ἐλπίδα,
2634 5397 2718 5453 ed.

2214 5468 2345 5532 (53')
2379 5468 2613 5530 Τούτων,
2635 5468 2697 5521 ed
2708 5507 2719 5520 .

2213 5536 2322 5605 (se)
2361 5538 2526 5591 Τὸν...
2560 5540 2671 5610 τόν,
2691 5537 2778 5593 ed.
