3800 5980
125 161 212 217 ua
1506 146 1575 200 IN
1609 144 1674 200 ps

1778 145 1947 202 .MOS.

3241 155 3350 210 450

142 274 204 336 ὥς
241 272 323 324 τὸν
361 266 552 339 Ὠρὴ6,
598 267 693 321 καὶ
718 265 848 337 Ζὴϐ,
884 265 979 320 καὶ
1015 264 1199 329 Ζεϐεὲ,
1242 265 1336 318 καὶ
1367 264 1673 335 Σαλμανὰν,

1781 278 1975 332 pauca.
2025 261 2395 317 Particulares
2451 278 2579 319 vero
2631 265 3041 324 cohortationes
3080 267 3148 324 ab
3186 269 3344 324 initio

148 366 328 424 πάντας
372 360 490 421 τοὺς
529 358 798 427 ἄρχοντας
844 357 1044 411 αὐτῶν.
1090 376 1109 409 ›
1169 357 1280 412 Καὶ
1322 355 1492 410 πολλὰ
1518 357 1681 427 ἕτερα

146 452 368 506 τοιαῦτα’
399 449 492 511 τάς
520 465 580 501 τε
614 448 843 518 μερικὰς
888 446 1194 519 συμϐουλὰς
1228 448 1407 510 πάσας
1459 464 1538 499 σοι
1584 448 1683 517 βοᾷ

146 544 225 597 ἀπ’
258 541 419 611 ἀρχῆς
467 534 544 603 εἰς
589 540 743 602 τέλος
784 535 1147 610 ήΨαλμῳδία
1182 581 1197 605 ,
1234 537 1296 591 ὲν
1321 537 1497 591 οὐδενὶ
1525 539 1679 609 μέρει

145 635 226 703 τὴν
250 631 371 701 πρὸς
391 631 450 685 τὸ
478 630 639 685 καλὸν
670 631 876 701 τροπὴν
904 629 1016 700 (57)
1041 629 1468 699 παραλείπουσα,
1500 630 1593 682 καὶ
1615 629 1680 682 δι’

144 719 207 779 ὧν
231 725 288 778 ἄν
312 739 392 784 τις
418 722 576 791 φύγοι
609 722 709 794 τὴν
757 722 956 777 κακίαν
981 737 994 751 ·
1044 722 1223 777 πάντα
1270 724 1388 785 ταῖς
1433 720 1568 792 πρὸς
1604 721 1681 774 ιτὸ

142 817 282 871 καλὸν
313 813 624 884 ὁδηγούσαις
654 814 1137 885 συμπαρέζευκται
1173 814 1434 884 γνώμαις.
1477 813 1542 866 Ἠ
1572 813 1680 883 γὰρ

142 908 219 963 τοῦ
246 907 440 976 ἀγαθοῦ
474 908 687 978 κτῆσις,
717 907 862 977 φυγὴ
892 906 986 960 τοῦ
1017 906 1254 960 ἐναντίου
1280 906 1374 959 καὶ
1403 905 1679 975 ἀναίρεσις

140 1000 339 1068 γίνεται.
373 996 648 1066 Παρέλκον
687 996 731 1048 δ’
760 995 826 1048 ἂν
859 997 944 1065 εἴη
984 995 1161 1049 πάντα
1189 995 1362 1049 ταῦτα
1410 994 1477 1047 δι’
1519 996 1678 1065 ἀκρι-

140 1088 266 1152 ϐείας
296 1086 619 1151 ἐκτίθεσθαι,
656 1088 899 1158 φανερᾶς
938 1085 1103 1158 οὔσης
1147 1089 1260 1149 τοῖς
1294 1086 1677 1157 ἐντυγχάνουσι

137 1182 194 1250 τῇ
223 1180 390 1251 γραφῇ
434 1177 609 1247 ταύτῃ
638 1177 738 1246 τῆς
769 1177 898 1246 περὶ
933 1177 1000 1230 τὰ
1026 1176 1250 1230 τοιαῦτα
1299 1176 1536 1247 σπουδῆς
1582 1175 1676 1230 τοῦ

138 1269 289 1338 λόγου.
1286 1284 1287 1287 “

637 1404 1031 1459 ΚΕΦΛΛΑΙΟΝ
1068 1406 1147 1460 Ε’.

193 1536 447 1607 Τέτμηται
490 1536 545 1589 δὲ
578 1535 817 1606 πενταχῆ
853 1537 1003 1589 πᾶσα
1048 1536 1080 1604 ἡ
1123 1533 1230 1587 τῶν
1261 1532 1492 1605 ψαλμῶν
1538 1550 1677 1606 πρα-

134 1629 354 1700 γματεία.
426 1629 540 1682 Καὶ
580 1625 663 1690 τίς
707 1627 854 1679 ἐστιν
900 1628 958 1679 ὲν
1000 1629 1112 1690 τοῖς
1166 1627 1416 1697 τμήμασι
1471 1626 1677 1688 τούτοις

132 1720 323 1790 τεχνικὴ
345 1718 610 1788 διασκευὴ
640 1716 733 1770 καὶ
754 1716 1035 1788 διαίρεσις.
1071 1716 1135 1769 Ἥ
1156 1716 1212 1769 δὲ
1235 1716 1549 1788 περιγραφὴ
1569 1717 1676 1770 τῶν

131 1811 402 1881 τμημάτων
433 1809 648 1880 φανερὰ
680 1808 928 1878 γίνεται,
975 1807 1145 1872 θείαις
1193 1809 1306 1861 τισὶ
1350 1807 1677 1878 δοξολογίαις

130 1902 469 1974 ὁμοιοτρόπως
504 1900 950 1971 ὲναπολήγουσα,
999 1900 1067 1964 ἃς
1116 1899 1327 1964 ἔξεστιν
1379 1900 1675 1969 ἐπιγνῶναι

133 1993 249 2047 κατὰ
283 1994 377 2064 τὴν
426 1995 562 2064 παρ’
613 1992 769 2062 ἡμῶν
810 1991 1266 2063 ύποδεικνυμένην
1306 1991 1419 2063 (58)
1459 1993 1516 2044 ἐν
1559 1995 1676 2056 ταῖς

130 2086 436 2157 ψαλμῳδίαις
482 2085 770 2155 διαίρεσιν.
830 2083 986 2137 Ἔστι
1031 2083 1087 2136 δὲ
1118 2082 1347 2136 ἑκάστου
1390 2084 1675 2154 τμήματος

125 2175 332 2246 ’ἀριθμὸς
360 2174 467 2227 τῶν
498 2173 829 2245 ψαλμῳδιῶν
858 2168 1010 2236 οὗτος
1028 2190 1047 2208 ο
1069 2171 1173 2225 Τοῦ
1207 2170 1446 2243 πρώτου,
1478 2163 1674 2225 τεσσα-

132 2265 354 2336 ράκοντα.
400 2265 504 2317 Τοῦ
541 2266 826 2336 δευτέρου,
873 2258 954 2328 εἷς
1000 2263 1092 2317 καὶ
1135 2264 1448 2334 τριάκοντα.
1506 2264 1674 2317 Ἑπτὰ

129 2357 208 2409 καὶ
234 2356 352 2410 δέκα
378 2357 434 2410 δὲ
469 2357 567 2410 τοῦ
596 2357 801 2428 τρίτου,
845 2357 936 2409 καὶ
979 2356 1070 2408 τοῦ
1116 2354 1376 2426 τετάρτου
1411 2354 1672 2421 τοσοῦτοι,

130 2446 206 2499 τοῦ
255 2447 306 2501 δὲ
376 2448 629 2519 πέμπτου
694 2448 854 2502 πέντε
916 2447 1026 2517 (59)
1088 2448 1184 2500 καὶ
1243 2448 1670 2517 τεσσαράκοντα.

130 2536 343 2591 Ἰσταται
368 2534 458 2591 οὖν
489 2538 554 2591 τὸ
582 2536 796 2607 πρῶτον
823 2538 985 2608 μέρος
1011 2537 1104 2589 ἐπὶ
1124 2538 1216 2589 τὸν
1243 2536 1674 2608 τεσσαρακοστὸν

129 2630 183 2681 ὲκ
201 2628 284 2681 τοῦ
313 2627 553 2699 πρώτου,
580 2620 641 2681 οῦ
666 2627 839 2698 πέρας
865 2629 1012 2681 ἐστίν
1039 2645 1051 2658 ·
1100 2649 1118 2679 ι
1149 2628 1450 2700 Εὐλογητὸς
1473 2627 1674 2699 Κύριος

128 2715 290 2780 όΘεὸς
330 2716 546 2788 Ἰσραὴλ
586 2716 694 2770 ἀπὸ
731 2716 825 2769 τοῦ
871 2716 1065 2780 αἰῶνος
1107 2719 1202 2770 καὶ
1235 2720 1312 2780 είς
1351 2716 1440 2769 τὸν
1479 2716 1670 2782 αἰῶνα,

127 2809 323 2874 γένοιτο,
346 2809 577 2877 γένοιτο.
612 2828 629 2859 ι
652 2830 655 2833 λ
678 2808 750 2860 Τὸ
770 2808 1038 2880 δεύτερον,
1057 2808 1150 2861 ἐπὶ
1167 2807 1257 2861 τὸν
1280 2805 1673 2877 ἑϐδομηκοστόν

124 2916 172 2952 τε
189 2901 272 2967 καὶ
292 2892 526 2973 πρῶτον,
566 2892 627 2953 οῦ
654 2900 716 2953 τὸ
752 2900 903 2962 τέλος
923 2898 1094 2962 οὕτως
1130 2898 1241 2969 ἔχει
1268 2917 1282 2930 ·
1330 2918 1348 2949 ι
1371 2892 1672 2966 Εὐλογητὸς

122 2990 301 3062 Κύριος
334 2992 361 3046 ὁ
381 2991 515 3054 Θεὸς
553 2990 772 3062 Ἰσραὴλ
806 2992 833 3043 ὁ
868 2988 1038 3042 ποιῶν
1062 2987 1339 3058 θαυμάσια
1376 2986 1557 3056 μόνος,
1579 2985 1671 3039 καὶ

122 3082 387 3155 εὑλογητὸν
427 3085 488 3137 τὸ
528 3084 700 3153 ὄνομα
732 3084 831 3153 τῆς
867 3080 1024 3151 δόξης
1058 3068 1222 3133 αὐτοῦ
1255 3080 1335 3142 είς
1369 3078 1459 3132 τὸν
1479 3077 1669 3140 αἰῶνα,

125 3176 203 3228 καὶ
220 3178 290 3238 είς
309 3176 398 3230 τὸν
421 3178 599 3230 αἰῶνα
620 3174 713 3227 τοῦ
743 3173 957 3236 αἰῶνος.
993 3173 1104 3224 Καὶ
1134 3169 1551 3240 πληρωθήσεται
1573 3168 1672 3237 τῆς

125 3265 256 3337 δόξης
278 3266 435 3320 αὑτοῦ
462 3267 665 3336 πᾶσαή
689 3265 780 3335 γῆ,
803 3264 1031 3330 γένοιτο,
1054 3262 1280 3330 γένοιτο.
1315 3279 1332 3310 ›
1374 3260 1447 3312 Τὸ
1469 3259 1670 3329 τρίτον,

125 3356 201 3409 ἐπὶ
223 3357 306 3411 τὸν
326 3355 683 3428 ὀγδοηκοστόν
703 3370 761 3406 τε
793 3354 886 3407 καί
917 3352 1121 3421 ὃγδοον,
1156 3348 1451 3419 καταλήγει
1488 3347 1546 3400 δὲ
1579 3347 1670 3400 καὶ

124 3448 256 3501 τοῦτο
291 3451 366 3511 εἰς
409 3449 597 3518 ὅμοιον
641 3445 831 3514 πέρας.
877 3446 1032 3514 Ἔχει
1069 3440 1175 3512 γὰρ
1214 3441 1385 3503 οὕτως
1413 3451 1426 3467 ⁸
1461 3458 1479 3490 ‹
1509 3438 1672 3491 Εὐλο-

122 3540 262 3609 γητὸς
294 3541 494 3612 Κύριος
537 3541 620 3602 είς
658 3539 746 3591 τὸν
769 3537 960 3601 αἰῶνα,
984 3536 1211 3605 γένοιτο,
1233 3532 1462 3601 γένοιτο.
1495 3548 1515 3582 ι
1564 3528 1669 3583 Τοῦ

122 3629 169 3681 δὲ
202 3631 451 3702 τετάρτου
498 3631 789 3701 τμήματος
834 3629 1040 3697 πέρας,
1082 3629 1110 3679 ὁ
1150 3623 1439 3685 ἐκατοστός
1479 3639 1539 3674 τε
1578 3621 1672 3675 καὶ

124 3720 381 3791 πέμπτος,
428 3717 490 3776 οὗ
556 3722 616 3773 τὸ
658 3720 810 3783 τέλος
859 3722 969 3781 τοῖς
1018 3718 1225 3779 λοιποῖς
1270 3713 1667 3785 παραπλήσιον·

128 3812 453 3885 ιΕὺλογητὸς
483 3812 687 3883 Κύριος
719 3814 747 3864 ὁ
781 3811 912 3875 Θεὸς
952 3808 1164 3881 Ἰσραὴλ
1195 3807 1304 3861 ἀπὸ
1334 3805 1426 3859 τοῦ
1454 3804 1668 3871 αἰῶνος,

121 3903 200 3957 καὶ
236 3906 334 3971 ἕως
380 3907 471 3960 τοῦ
523 3906 742 3971 αἰῶνος,
779 3904 873 3958 καὶ
920 3905 1033 3975 ἐρεῖ
1063 3902 1171 3964 πᾶς
1208 3902 1235 3952 ὁ
1265 3898 1409 3964 λαὸς,
1436 3895 1668 3962 Γένοιτο,

122 3996 321 4063 γένοιτο.
351 4019 371 4052 ι
429 4001 691 4069 Πέμπτον
738 3997 794 4050 δὲ
842 3996 1005 4067 μέρος
1051 3995 1196 4048 ἐστὶν
1233 3993 1340 4045 ἀπὸ
1370 3991 1559 4044 τούτου
1591 3991 1671 4053 είς

120 4087 171 4140 τὺ
194 4088 295 4159 (60)
338 4091 584 4162 ἔσχατον,
632 4081 693 4144 οὗ
731 4089 905 4160 πέρας
928 4130 942 4155 ,
991 4107 1008 4140 ι
1043 4087 1202 4141 Πᾶσα
1229 4083 1366 4155 πνοὴ
1404 4083 1670 4137 αίνεσάτω

120 4178 197 4232 τὸν
218 4178 429 4251 Κύριον.
479 4200 499 4232 ι

1785 353 1853 408 ad
1920 352 2078 407 ﬁnem
2133 369 2308 423 usque
2360 354 2673 414 Psalmodia
2730 356 2827 410 tibi
2868 359 3150 427 suggerit;
3194 361 3344 414 nulla

1784 450 1937 514 parte
1965 444 2387 499 admonitionem
2414 444 2481 498 ad
2519 445 2819 502 honestatis
2853 447 3067 503 laudem
3095 458 3147 504 et
3177 451 3347 505 decus

1783 536 2203 606 praetermittens
2232 555 2247 603 ;
2284 543 2421 591 utet
2450 537 2604 603 illud,
2647 553 2757 607 quo
2784 546 2945 608 pacto
2978 540 3187 594 malitia
3232 542 3345 595 evi-

1782 628 1887 682 tari
1914 635 2078 697 queat
2115 646 2128 681 :
2164 629 2346 683 omnia
2374 636 2524 684 certe
2559 631 2847 685 sententiis
2884 630 2950 684 ad
2999 631 3341 687 honestatem

1782 719 2168 775 inducentibus
2198 720 2360 789 plena
2392 728 2557 775 sunt:
2590 736 2717 775 nam
2772 723 3061 791 acquisitio
3090 722 3228 777 boni
3259 730 3344 776 est

1781 813 1973 883 utique
2012 814 2279 868 contrarii
2328 812 2457 885 fuga
2499 820 2554 869 et
2603 814 2968 883 interemptio.
3007 814 3346 884 Supervaca-

1780 919 1941 960 neum
1973 911 2154 961 autem
2186 904 2351 960 fuerit
2375 904 2560 959 omnia
2586 904 2703 960 haec
2725 904 3034 961 accuratius
3061 906 3199 959 velle
3222 919 3347 974 per-

1780 994 1957 1064 sequi,
1988 1010 2112 1050 cum
2138 995 2268 1061 illis,
2298 996 2391 1065 qui
2420 994 2765 1051 Psalmorum
2786 997 3040 1052 volumen
3062 986 3343 1060 evolvunt,

1780 1100 1877 1155 per
1901 1101 1961 1140 se
1982 1094 2170 1140 notum
2199 1086 2270 1142 sit
2317 1086 2373 1141 id
2403 1087 2550 1157 quod
2580 1086 2670 1142 hic
2703 1086 2955 1143 oratione
2997 1087 3345 1143 accuratiore

1779 1174 2218 1247 patefaciendum
2257 1186 2426 1233 esset.

2392 1396 2619 1453 CAPUT
2661 1398 2727 1454 V.

1848 1535 1915 1588 At
1963 1536 2107 1590 enim
2155 1542 2264 1590 tota
2302 1535 2641 1591 Psalmorum
2692 1538 2949 1593 tractatio
2996 1538 3054 1593 in
3102 1540 3344 1610 quinque

1778 1634 1960 1697 partes
1986 1626 2281 1680 distributa
2310 1634 2415 1690 est,
2439 1629 2860 1698 contineturque
2883 1629 2940 1683 in
2964 1628 3050 1685 his
3075 1631 3341 1684 sectioni-

1778 1715 1882 1770 bus
1928 1716 2225 1775 artiﬁciosa
2284 1716 2530 1785 quaedam
2580 1725 2858 1772 structura
2920 1727 2974 1773 et
3027 1719 3249 1784 divisio;
3287 1728 3342 1775 et

1776 1821 1941 1877 quam
1976 1807 2084 1862 late
2117 1814 2296 1876 pateat
2344 1807 2595 1878 quaelibet
2656 1810 2849 1875 sectio,
2901 1810 3121 1878 planum
3178 1811 3236 1865 ﬁt
3272 1827 3337 1866 ex

1776 1898 1978 1953 divinis
2012 1899 2340 1968 quibusdam
2376 1899 2552 1953 laudis
2586 1898 2787 1953 divina:
2838 1902 3339 1970 praedicationibus.

1776 1990 1830 2043 in
1854 2005 1991 2059 quas
2010 1989 2200 2044 eodem
2225 1990 2387 2044 modo
2410 2004 2602 2045 omnes
2625 1990 2918 2046 desinunt:
2942 2007 3079 2061 quas
3103 1993 3343 2063 reperire

1775 2082 1903 2136 licet
1932 2082 2233 2137 secundum
2265 2082 2694 2138 demonstratam
2738 2098 2768 2137 a
2798 2085 2959 2139 nobis
2994 2083 3336 2139 Psalmorum

1775 2174 2238 2230 distributionem.
2279 2174 2452 2241 Quem
2498 2188 2628 2229 vero
2657 2173 2997 2230 Psalmorum
3053 2192 3339 2231 numerum

1776 2267 2035 2336 quaelibet
2068 2267 2244 2322 sectio
2300 2268 2712 2337 complectatur,
2768 2266 2851 2323 sic
2898 2269 3085 2338 accipe
3119 2268 3337 2322 :Prima

1777 2357 1939 2412 habet
1966 2358 2324 2429 quadraginta
2344 2375 2358 2424 ;
2378 2360 2639 2423 secunda,
2671 2374 2838 2413 unum
2873 2374 3040 2429 supra
3071 2360 3293 2429 triginta
3320 2377 3336 2425 ;

1775 2451 1958 2511 tertia,
2022 2449 2464 2519 septemdecim;
2521 2458 2738 2519 quarta,
2792 2450 3061 2514 totidem;
3125 2451 3339 2527 quinta,

1777 2542 2141 2612 quadraginta
2187 2543 2451 2612 quinque.
2504 2541 2720 2597 Finitur
2769 2542 2935 2612 igitur
2986 2542 3159 2612 prima
3214 2557 3341 2611 pars

1774 2633 1985 2702 psalmo
2014 2634 2455 2703 quadragesimo.
2487 2634 2645 2703 cujus
2674 2634 2796 2690 ﬁnis
2821 2642 2927 2699 est,
2961 2653 2980 2685 ι
3014 2634 3343 2689 Benedictus

1776 2724 2040 2780 Dominus
2088 2724 2234 2779 Deus
2292 2725 2480 2789 lsrael,
2527 2740 2557 2779 a
2609 2727 2808 2779 saeculo
2837 2733 2891 2781 et
2939 2726 2992 2780 in
3035 2727 3340 2781 saeculum:

1775 2815 1892 2878 ﬁat,
1929 2817 2041 2869 ﬁat.
2086 2834 2103 2866 ι
2141 2816 2325 2869 Altera
2361 2830 2488 2885 pars
2524 2816 2852 2871 terminatur
2889 2819 3096 2887 psalmo
3126 2829 3343 2888 septua-

1775 2908 1982 2978 gesimo
2010 2907 2211 2975 primo,
2253 2906 2412 2975 cujus
2440 2907 2563 2961 ﬁnis
2592 2925 2605 2961 :
2645 2925 2664 2958 ε
2718 2907 3046 2965 Benedictus
3078 2908 3340 2966 Dominus

1777 2996 1922 3052 Deus
1974 2997 2162 3061 lsrael,
2199 2997 2290 3065 qui
2327 2996 2457 3051 facit
2490 2996 2760 3051 mirabilia
2790 2998 2963 3063 solus,
2995 3008 3047 3054 et
3083 3000 3341 3054 benedic-

1780 3096 1896 3142 tum
1948 3102 2150 3142 nomen
2211 3088 2514 3157 majestatis
2564 3089 2686 3156 ejus
2725 3089 2780 3143 in
2844 3090 3129 3154 saeculum,
3182 3098 3236 3146 et
3284 3091 3338 3145 in

1775 3179 2029 3233 saeculum
2085 3180 2309 3245 smculi;
2369 3186 2424 3234 et
2486 3179 2802 3248 implebitur
2876 3181 3160 3255 majestate
3218 3181 3339 3249 ejus

1772 3268 1955 3323 omnis
1983 3276 2128 3321 terra
2158 3287 2170 3323 :
2208 3267 2320 3332 ﬁat,
2356 3268 2468 3322 ﬁat.
2505 3287 2524 3319 ι
2566 3268 2747 3323 Tertia
2778 3283 2905 3338 pars
2933 3272 3340 3325 circumscribi»

1773 3363 1863 3410 tur
1898 3358 2108 3427 psalmo
2136 3357 2473 3426 octogesimo
2501 3366 2715 3421 octavo,
2744 3365 2799 3412 et
2840 3359 2894 3412 in
2930 3359 3160 3413 similem
3216 3375 3343 3415 sen‘

1773 3448 2003 3502 tentiam
2070 3448 2221 3502 exit:
2284 3449 2364 3502 sic
2425 3450 2570 3503 enim
2638 3449 2846 3505 habet:
2917 3468 2937 3501 ‹
3020 3449 3341 3505 Benedictus

1773 3538 2038 3592 Dominus
2067 3539 2121 3591 in
2152 3547 2448 3603 mternum;
2481 3538 2590 3603 ﬁat,
2620 3538 2732 3591 ﬁat.
2762 3557 2780 3589 ι
2820 3536 3037 3602 Quarta:
3074 3542 3339 3593 sectionis

1772 3630 2042 3684 terminus
2076 3637 2159 3683 est
2190 3628 2526 3682 centesimus
2554 3636 2607 3682 et
2639 3628 2865 3696 quintus
2887 3629 3150 3696 psalmus,
3179 3630 3338 3698 cujus

1774 3719 1899 3773 ﬁnis
1934 3719 2161 3788 reliquis
2194 3728 2278 3773 est
2314 3718 2573 3773 assimilis
2604 3735 2617 3770 :
2657 3737 2675 3768 ι
2712 3716 3036 3773 Benedictus
3078 3718 3337 3775 Dominus

1772 3809 1917 3865 Deus
1947 3811 2108 3865 lsrael
2139 3826 2169 3864 a
2202 3810 2419 3872 saeculo,
2456 3821 2509 3863 et
2542 3825 2714 3878 usque
2748 3810 2802 3863 in
2835 3810 3091 3864 sacculum
3121 3829 3134 3863 :
3169 3818 3222 3865 et
3257 3810 3341 3866 di-

1772 3910 1859 3957 cet
1906 3903 2085 3956 omnis
2133 3902 2386 3972 populus,
2412 3899 2551 3964 Fiat,
2602 3902 2711 3955 ﬁat.
2745 3920 2765 3953 »
2802 3900 2998 3967 Quinta
3046 3918 3174 3973 pars
3214 3904 3342 3959 inde

1772 4007 1948 4062 usque
2008 3991 2081 4063 ad
2135 3993 2383 4047 ultimum
2438 3994 2704 4061 psalmum
2759 3995 3120 4063 protenditur,
3183 3995 3340 4067 cujus

1774 4082 1900 4139 ﬁnis
1934 4100 1946 4136 :
1986 4099 2005 4132 ι
2047 4080 2237 4135 Omnis
2265 4080 2492 4165 Spiritus
2522 4080 2702 4135 laudet
2735 4079 3044 4136 Dominum.
3083 4100 3103 4133 ι

177 4293 296 4347 Τίνα
332 4294 511 4348 τοίνυν
562 4294 660 4362 τὴν
704 4293 761 4346 ὲν
804 4290 1008 4353 τούτοις
1051 4285 1300 4357 τεχνικὴν
1348 4284 1500 4351 τάξιν
1532 4300 1665 4336 κατ-

1848 4283 1979 4350 ρυεθ
2007 4281 2374 4353 igitursubsit
2407 4282 2535 4338 huic
2561 4284 2928 4340 distributioni
2961 4298 3050 4337 ars
3084 4291 3139 4337 et
3177 4284 3334 4348 ratio,

118 4384 391 4454 ενοὴσαμεν
412 4425 428 4448 ,
480 4385 673 4454 καιρὸς
707 4383 771 4437 ἂν
803 4385 886 4451 εἴη
916 4383 982 4435 δι’
1014 4381 1206 4449 ὀλίγων
1240 4380 1434 4432 εἰπεῖν.
1479 4376 1565 4429 Ἐν
1588 4375 1665 4446 τῷ

1778 4381 1989 4444 tempus
2015 4390 2162 4429 nunc
2184 4375 2372 4445 exigit,
2402 4382 2462 4429 ut
2484 4376 2675 4444 paucis
2699 4374 3057 4429 declaremus.
3083 4374 3136 4427 In
3162 4376 3337 4444 prima

118 4475 295 4546 πρώτῳ
340 4477 465 4539 τοὺς
513 4479 571 4529 ὲν
605 4475 772 4546 κακίᾳ
800 4474 1006 4538 ζῶντας
1048 4473 1230 4541 ἵστησι
1267 4470 1365 4541 μὲν
1397 4466 1495 4537 τῆς
1541 4467 1669 4519 ἀτό-

1778 4472 1931 4534 parte
1977 4464 2201 4518 abducit
2245 4480 2341 4519 eos
2388 4464 2481 4534 qui
2532 4463 2778 4532 improbe
2820 4464 3026 4530 vivunt,
3078 4465 3146 4518 ab
3192 4464 3338 4519 inani

117 4583 202 4618 που
235 4569 438 4638 πλάνης
461 4586 475 4599 ’
527 4568 816 4636 ἐφέλκεται
849 4565 905 4617 δὲ
937 4565 1071 4634 πρὸς
1102 4563 1211 4633 (6i)
1246 4562 1346 4631 τὴν
1370 4560 1461 4613 τοῦ
1494 4557 1673 4628 κρείτ-

1778 4556 2122 4625 absurdaque
2157 4555 2390 4621 fallacia,
2441 4555 2711 4623 simulque
2754 4554 2820 4608 ad
2863 4555 3084 4609 meliora
3125 4564 3342 4611 sectan-

116 4674 246 4722 τονος
283 4662 517 4732 αἵρεσιν,
554 4661 629 4722 ὡς
670 4658 864 4731 μηκέτι
892 4659 1011 4719 ταῖς
1048 4655 1155 4708 τῶν
1194 4653 1402 4707 ἀσεϐῶν
1435 4651 1672 4712 ἀπάταις

1778 4648 1840 4702 da
1904 4646 2119 4709 invitat,
2185 4654 2243 4700 ut
2298 4646 2374 4699 nil
2435 4645 2668 4715 amplius
2730 4644 3017 4713 impiorum
3073 4645 3341 4713 deceptio-

117 4750 517 4819 ἐπιπορεύεσθαι
574 4749 724 4817 (62),
786 4746 921 4817 μηδὲ
955 4748 1022 4815 τῇ
1081 4744 1290 4813 πονηρᾷ
1351 4740 1520 4811 τρίϐῳ
1570 4739 1671 4808 τῆς

1778 4739 1935 4793 nibus
1963 4737 2247 4807 adjiciant,
2282 4752 2462 4806 neque
2494 4750 2700 4806 aspera:
2729 4746 3077 4805 peccatorum
3106 4735 3206 4788 via:
3236 4734 3339 4788 ini-

118 4839 361 4911 άμαρτίας
412 4840 501 4893 διὰ
538 4839 732 4910 βάθους
774 4836 1102 4901 ἐνίστασθαι,
1142 4835 1275 4905 μηδὲ
1310 4831 1566 4902 ἀκίνητόν
1610 4845 1670 4882 τε

1778 4844 1961 4901 presso
1993 4830 2224 4900 vestigio
2257 4828 2488 4884 ﬁrmiter
2512 4829 2787 4893 insistant,
2816 4842 2993 4896 neque
3034 4825 3336 4890 immotam,

116 4929 195 4980 καὶ
238 4932 637 5002 καθιδρυμένην
677 4931 891 4991 ἑαυτοῖς
924 4926 1022 4997 τὴν
1071 4925 1270 4979 κακίαν
1300 4921 1664 4993 ἐπιτηδεύειν,

1778 4922 2289 4991 corroboratamque
2338 4922 2602 4975 malitiam
2653 4920 2755 4976 sibi
2814 4933 3005 4989 parere
3057 4916 3337 4983 studeant,

115 5019 232 5073 ἀλλὰ
266 5022 340 5092 τῷ
390 5022 521 5091 θείῳ
561 5019 920 5075 συνάπτεσθαι
950 5019 1126 5087 νόμῳ,
1178 5015 1267 5069 διὰ
1303 5014 1534 5086 μελέτης
1566 5012 1665 5082 τὴν

1778 5013 1868 5069 sed
1899 5023 1957 5067 ttt
1980 5014 2152 5083 legem
2186 5012 2281 5066 Dei
2316 5013 2747 5082 apprehendant,
2775 5011 3170 5080 diligenterque
3194 5007 3335 5060 viam

116 5111 309 5182 ἁπλανῆ
350 5115 578 5185 πορείαν
626 5114 839 5174 ἑαυτοῖς
872 5108 1352 5180 κατορθώσαντας,
1384 5106 1460 5169 ὡς
1492 5105 1557 5158 ἂν
1587 5106 1672 5177 ἐρ-

1778 5105 1976 5159 erroris
2005 5111 2283 5174 expertem
2311 5105 2413 5158 sibi
2449 5105 2717 5166 muniant,
2755 5111 2815 5156 ut
2846 5099 3104 5154 habitudo
3138 5107 3189 5154 et
3223 5114 3342 5168 pro.

117 5199 348 5274 ριζωθείη
377 5202 549 5272 φυτοῦ
572 5202 724 5273 δίκην
750 5202 930 5265 αὐτοῖς
956 5203 988 5271 ή
1014 5199 1147 5272 πρὸς
1176 5198 1235 5251 τὸ
1265 5200 1507 5268 κρεῖττον
1536 5196 1674 5269 ἕξις,

1778 5197 1962 5266 pensio
2014 5196 2081 5259 ad
2132 5195 2335 5249 bonum
2385 5195 2441 5248 in
2492 5195 2627 5264 ipsis
2664 5194 2862 5265 planta:
2911 5193 3088 5249 instar
3124 5190 3340 5247 radices

177 5381 277 5455 ($7)
308 5384 470 5439 Forte
496 5384 829 5455 προτροπὴν.

1847 5377 1957 5455 (99)
1974 5378 2103 5455 Τάὶθν
2116 5378 2218 5455 -9“.-

323 5447 831 5524 Ἀποδεικνυμένην,
865 5456 950 5512 ed.

177 5524 278 5587 (59)
303 5525 470 5580 Πέντε
499 5539 611 5585 om.
641 5525 729 5581 ed.

1868 5448 1954 5513 6|)
1974 5448 2084 5501 Καὶ
2113 5448 2225 5510 ἐπί,
2256 5447 2343 5502 ed.

1846 5449 1961 5587 ξω)
2004 5518 2336 5587 Ἐπισωρεύε

303 5525 470 5580 Πέντε
499 5539 611 5585 om.
641 5516 729 5581 éd.
769 5516 780 5524 ’
819 5516 828 5522 ’

1850 5516 1961 5588 ((32)
2004 5517 2487 5590 Ἐπισωρεύεσθαι,
2513 5517 2601 5573 ed.
