3756 5988
424 130 582 189 1‘51-

1658 123 1718 178 S.
1764 120 2091 179 GREGORII
2132 120 2427 179 NYSSENI

3564 131 3658 187 453.

426 248 584 315 agat;
622 255 849 299 accessu
884 250 939 298 et
964 243 1214 314 ingressu
1240 241 1309 298 ad
1344 247 1577 305 rectum,
1607 239 1702 311 qui
1738 239 1874 295 nihil
1911 258 1952 295 et

2147 244 2217 307 ιῖς
2270 242 2440 307 θείαις
2492 241 2856 308 διδασκαλίαις
2901 244 3241 316 ἐπαρδομένη
3282 243 3445 316 (σε’).
3480 245 3544 300 Ἥ
3572 244 3655 303 οὖν

411 334 573 393 οαιὶιιιί
617 351 781 408 quam
815 350 1068 392 recessus
1102 350 1131 388 a
1167 332 1464 397 contrario,
1511 346 1609 403 per
1637 346 1795 403 quem
1827 332 1993 388 etIici-

420 437 514 487 tur
549 429 675 500 quis
712 443 895 484 rerum
926 426 1366 499 praestandorum
1415 423 1711 496 particeps.

492 561 565 615 At
584 561 677 631 qui
699 559 812 631 jam
836 560 1095 616 virtutem
1119 559 1447 631 degustavit,
1480 559 1811 630 propriaque
1837 573 1996 629 expe-

423 653 621 709 rientia
651 651 782 707 boni
816 660 1070 707 naturam
1101 653 1322 720 didicit,
1363 653 1455 708 ille
1498 666 1610 707 non
1641 657 1725 707 est
1756 652 1992 721 amplius

424 746 500 800 ita
527 752 902 815 comparatus,
932 751 990 798 ut
1018 758 1247 799 necesse
1274 743 1347 799 sit
1378 756 1502 798 eum
1534 742 1720 796 multis
1740 741 1995 797 cohorta-

422 836 666 891 tionibus
687 837 756 891 ab
775 835 1152 891 aﬂ'ectionibus
1173 834 1332 889 malis
1353 833 1691 897 abstrahere,
1711 840 1766 887 et
1787 832 1853 887 ad
1877 832 1992 885 vir-

424 933 595 982 tutem
614 927 877 993 incitare;
903 926 998 983 sed
1026 926 1143 996 ipse
1171 927 1262 981 siti
1287 923 1521 995 quadam
1544 925 1674 979 boni
1696 932 1751 980 et
1775 924 1992 979 honesti

424 1019 580 1087 quasi
608 1026 824 1075 testuat.
854 1016 1187 1087 Cupiditatis
1212 1017 1358 1073 enim
1382 1014 1781 1071 vehementiam
1807 1023 1864 1070 et
1884 1015 1994 1071 vio-

425 1110 649 1165 lentiam
675 1109 766 1165 siti
789 1117 1072 1179 comparat
1094 1108 1436 1165 Psalmorum
1470 1109 1721 1178 scriptor,
1757 1106 1992 1162 adducta

424 1196 866 1253 siticulosissima
897 1212 1019 1267 quae
1050 1196 1106 1250 in
1151 1195 1524 1250 animantibus
1556 1204 1639 1252 est
1675 1204 1894 1261 natura,
1933 1205 1994 1251 ut

423 1288 661 1343 maxime
691 1288 852 1343 nobis
891 1287 961 1341 ob
989 1287 1179 1341 oculos
1229 1294 1396 1355 ponat
1446 1287 1807 1342 intensionem
1840 1288 1991 1358 cupi-

424 1378 614 1433 ditatis
639 1394 737 1447 per
774 1378 996 1443 animal,
1033 1375 1178 1447 quod
1207 1392 1371 1446 supra
1399 1375 1619 1431 modum
1651 1378 1743 1433 siti
1776 1378 1991 1432 crucia-

422 1475 516 1522 tur
556 1477 610 1523 et
644 1468 830 1535 ardet;
871 1469 976 1524 hoc
1020 1476 1202 1523 autem
1238 1467 1440 1521 animal
1471 1481 1662 1524 cervus
1683 1476 1767 1522 est
1795 1467 1855 1522 ις
1900 1467 1989 1523 cui

425 1565 772 1624 consuetum,
802 1567 1193 1615 venenatarum
1219 1560 1519 1615 bestiarum
1545 1559 1728 1613 cibatu
1752 1559 1901 1614 vesci
1935 1567 1991 1614 et

424 1649 818 1719 pinguescere;
866 1648 1029 1703 calidi
1063 1664 1197 1704 vero
1221 1656 1274 1704 et
1313 1648 1467 1720 igniti
1515 1656 1645 1704 sunt
1674 1648 1990 1719 hujusmodi

424 1740 741 1794 animalium
779 1740 964 1807 succi;
1005 1741 1205 1810 quibus
1252 1740 1618 1811 ingurgitalus
1663 1755 1884 1805 cervus,
1932 1740 1991 1796 ﬁt

427 1830 736 1885 necessario
765 1829 993 1897 aridior,
1026 1830 1217 1884 talium
1254 1831 1571 1885 animalium
1611 1846 1799 1895 succo,
1830 1832 1990 1901 quasi

424 1917 607 1974 toxico
626 1916 893 1985 infectus;
915 1927 968 1973 et
987 1920 1056 1974 ob
1073 1921 1126 1974 id
1143 1920 1519 1976 vehementius
1539 1924 1744 1991 appetit
1765 1936 1988 1991 aquam,

422 2016 483 2061 ut
508 2016 661 2063 curet
689 2015 934 2063 exortam
965 2024 1031 2063 ex
1056 2009 1391 2078 ejuscemodi
1420 2010 1618 2080 pabulo
1652 2010 1988 2067 ariditatem.

422 2097 526 2163 Qui
556 2098 722 2168 igitur
752 2099 808 2153 in
837 2100 1012 2169 prima
1042 2098 1382 2154 Psalmorum
1418 2109 1574 2170 parte
1617 2102 1784 2156 vitam
1814 2103 1991 2157 virtu-

424 2191 494 2243 tis
525 2189 826 2245 studiosam
858 2190 1156 2256 inchoavit,
1188 2198 1461 2261 gustuque
1481 2191 1820 2247 dulcedinem
1846 2193 1986 2263 ejus,

420 2279 566 2349 quod
598 2279 876 2336 desiderat
910 2282 1205 2349 cognovit;
1261 2292 1316 2339 et
1352 2297 1569 2337 omnem
1600 2284 1759 2354 quasi
1797 2299 1991 2354 repen-

420 2370 558 2425 tium
598 2372 956 2441 cupiditatum
1011 2373 1243 2442 speciem
1298 2373 1354 2426 in
1416 2374 1598 2443 seipso
1662 2375 1987 2444 absumpsit,

423 2460 904 2529 temperantiaeque
928 2460 1075 2514 velut
1098 2461 1380 2523 dentibus,
1411 2461 1533 2515 loco
1563 2461 1862 2531 reptilium,
1896 2464 1990 2516 im-

421 2550 736 2605 tnoderatas
762 2549 1124 2618 appetitiones
1158 2563 1287 2604 suas
1317 2549 1618 2613 devoravit,
1647 2552 1768 2619 plus
1799 2550 1990 2606 sititet

422 2640 626 2710 expetit
668 2639 761 2694 Dei
809 2640 1155 2709 praesentiam
1209 2646 1265 2693 et
1320 2640 1782 2704 communionem,
1824 2655 1988 2710 quam

422 2746 617 2786 cervus
662 2730 842 2786 fontes
879 2744 1146 2799 aquarum
1181 2728 1558 2799 concupiscat.
1594 2728 1826 2784 Tantum
1860 2746 1987 2801 por-

421 2836 486 2877 ro
518 2821 628 2886 ille,
668 2822 763 2891 qui
794 2820 851 2874 in
881 2819 1082 2874 fontem
1112 2819 1306 2873 incidit
1339 2830 1463 2889 post
1499 2820 1776 2874 ardentem
1816 2821 1985 2886 sitim,

423 2926 578 2981 aquae
606 2911 806 2975 haurit,
834 2917 1098 2980 quantum
1121 2910 1395 2980 cupiditas
1425 2914 1567 2980 potis
1588 2919 1672 2966 est
1693 2913 1985 2967 attrahere.
2015 2944 2057 3002 ο

424 3001 531 3067 Qui
553 3015 684 3056 vero
727 3001 872 3056 intra
902 3015 961 3055 se
998 3001 1190 3070 recipit
1230 3000 1363 3056 illud
1398 3001 1544 3072 quod
1575 3001 1906 3071 concupivit,
1942 3002 1989 3057 is

422 3091 619 3162 plenus
644 3098 727 3146 est
753 3092 875 3161 ejus
919 3091 1065 3162 quod
1094 3093 1315 3162 appetiit
1355 3108 1372 3147 :
1413 3108 1519 3146 non
1544 3093 1700 3147 enim
1738 3108 1804 3148 eo
1832 3091 1992 3148 modo

421 3198 534 3252 quo
584 3182 638 3236 in
673 3196 965 3252 corporum
1004 3183 1322 3253 repletione,
1362 3184 1676 3239 exinanitur
1709 3184 1888 3239 denuo
1938 3184 1993 3239 id

424 3273 569 3343 quod
601 3274 769 3329 semel
811 3274 1082 3344 repletum
1110 3272 1322 3341 fuerat,
1354 3290 1530 3346 neque
1571 3276 1781 3332 otiosus
1813 3275 1868 3329 in
1902 3291 1992 3332 se-

424 3365 547 3434 ipso
578 3374 740 3434 potus
771 3364 862 3419 ille
908 3373 1124 3430 manet;
1164 3365 1261 3420 sed
1305 3366 1527 3423 divinus
1576 3366 1720 3429 fons.
1764 3367 1819 3421 in
1862 3382 1992 3437 quo-

423 3471 638 3526 cunque
662 3454 950 3521 exstiterit,
1007 3455 1076 3510 ad
1115 3471 1237 3511 sese
1276 3456 1420 3527 rapit
1463 3472 1586 3512 eum
1615 3457 1708 3527 qui
1752 3471 1994 3514 accesse-

421 3546 515 3615 rit,
545 3548 721 3618 deque
749 3560 849 3604 sua
876 3547 931 3602 vi
960 3554 1013 3602 et
1043 3546 1305 3603 facultate
1336 3549 1541 3619 aliquid
1571 3548 1851 3621 elargitur.

1034 3672 1264 3731 CAPUT
1303 3675 1394 3732 Ἦ.

495 3826 764 3884 Caeterum
791 3828 1014 3899 propria
1056 3838 1138 3885 est
1162 3828 1477 3889 Divinitatis
1504 3834 1589 3890 vis
1621 3834 1989 3905 perspiciendi

420 3922 479 3969 et
503 3914 767 3971 efﬁciendi
807 3923 1005 3970 cuncta
1045 3932 1229 3973 rerum
1274 3935 1494 3989 genera.
1533 3921 1675 3993 Ergo
1717 3925 1810 3992 qui
1846 3924 1990 3978 intra

425 4018 487 4060 se
535 4005 727 4075 recipit
762 4005 868 4060 hoc
915 4006 1061 4076 quod
1110 4007 1482 4076 desideravit,
1536 4010 1627 4067 ille
1679 4015 1843 4067 etiam
1887 4014 1990 4069 hac

425 4092 796 4163 perspiciendi
834 4093 1094 4150 facultate
1122 4097 1380 4165 donatur,
1410 4115 1704 4172 rerumque
1734 4111 1988 4182 naturam

421 4188 845 4257 contemplatur.
876 4187 1168 4258 Propterea
1190 4191 1405 4246 tertiam
1429 4191 1769 4249 Psalmorum
1796 4195 1989 4250 sectio-

2096 334 2308 407 πρώτη,
2333 335 2468 405 πρὸς
2492 334 2551 388 τδ
2579 335 2780 404 ἀγαθὸν
2806 335 3026 400 εἴσοδος,
3046 336 3081 408 ἢ
3114 336 3223 390 τῶν
3244 337 3502 393 ἐναντίων
3523 341 3657 395 ἐστὶν

2095 425 2411 489 ἀπόστασις,
2437 424 2503 477 δι’
2530 420 2599 495 ἧς
2628 424 2834 493 γίνεται
2857 425 2891 497 ή
2923 424 3237 497 μετοχὴτοῦ
3265 426 3551 497 βελτίονος.

2177 561 2238 617 Ὀ
2286 561 2343 615 δέ
2373 561 2706 632 γευσάμενος
2760 561 2862 632 ἤδη
2920 561 3022 630 τῆς
3062 560 3282 633 ἀρετῆς,
3321 560 3416 614 καὶ
3442 564 3507 631 τῇ
3544 562 3654 614 καθ’

2093 651 2284 706 ἐαυτὸν
2326 652 2491 722 πείρα
2538 651 2633 705 τοῦ
2675 650 2880 719 ἀγαθοῦ
2938 652 3038 722 τὴν
3085 651 3247 721 φύσιν
3305 652 3657 721 κατανοήσας,

2093 744 2275 799 οὐκέτι
2304 742 2544 806 τοιοῦτός
2578 744 2726 796 ἐστιν
2750 781 2765 808 ,
2812 742 2887 805 ὡς
2922 741 3135 814 ἀνάγκῃ
3178 741 3285 794 τινὶ
3337 742 3434 794 καὶ
3479 740 3655 794 νουθε-

2096 835 2190 906 σίᾳ
2240 835 2338 905 τῆς
2393 834 2532 904 πρὸς
2592 833 2694 904 τὴν
2763 833 2962 888 κακίαν
3011 832 3382 904 προσπαθείας
3435 832 3657 902 ἀφέλκε-

2095 926 2257 991 σθαι,
2291 927 2388 981 καὶ
2425 925 2562 996 πρὸς
2604 924 2704 993 τὴν
2734 924 2938 995 ἀρετὴν
2969 924 3201 994 βλέπειν,
3238 922 3356 977 ἀλλ’
3392 922 3655 993 ὐπερδιψᾷ

2095 1016 2191 1071 τοῦ
2233 1016 2518 1086 βελτίονος.
2560 1015 2636 1068 Τὸ
2669 1014 2778 1085 γὰρ
2806 1014 3031 1084 ἄσχετόν
3081 1031 3141 1066 τε
3184 1014 3278 1068 καὶ
3313 1013 3539 1084 σφοδρὸν
3567 1015 3656 1085 τῆς

2093 1105 2388 1174 ἐπιθυμίας
2432 1107 2498 1175 τῇ
2531 1103 2654 1174 δίψῃ
2684 1100 3030 1173 προσεικάζει
3058 1102 3087 1153 ὁ
3111 1099 3287 1167 λόγος,
3329 1098 3657 1170 ἐπιζητήσας

2091 1197 2189 1269 τὴν
2235 1196 2635 1266 διῲωδεστάτην
2668 1196 2726 1249 ἐν
2759 1197 2869 1258 τοῖς
2921 1191 3079 1258 ζώοις
3118 1192 3308 1260 φύσιν,
3353 1192 3430 1255 ὼς
3462 1190 3528 1245 ἂν
3563 1190 3659 1260 μά-

2092 1289 2252 1342 λιστα
2281 1288 2343 1340 τὸ
2372 1287 2756 1356 ἐπιτεταμένον
2784 1285 2883 1355 τῆς
2918 1283 3212 1353 ἐπιθυμίας
3250 1282 3340 1336 διὰ
3368 1282 3462 1335 τοῦ
3498 1283 3659 1352 ὑπερ-

2093 1373 2391 1436 ϐαλλόντως
2412 1373 2470 1425 ἐν
2493 1374 2559 1443 τῇ
2572 1371 2699 1445 δίψῃ
2714 1370 2994 1441 γινομένου
3014 1369 3150 1435 ζώου
3177 1370 3286 1441 (65)
3310 1369 3655 1440 ἐπιδειχθείη.

2090 1461 2261 1515 Τοῦτο
2285 1462 2341 1515 δὲ
2359 1462 2419 1515 τὸ
2449 1461 2586 1526 ζῶον
2609 1461 2802 1531 ἔλαφον
2830 1461 2998 1530 λέγει,
3018 1454 3062 1528 ᾧ
3085 1460 3245 1529 φύσις
3265 1460 3383 1512 ἐστὶ
3404 1462 3467 1529 τῇ
3491 1458 3655 1528 ἐδωδῇ

2090 1554 2200 1610 τῶν
2248 1554 2466 1609 ίοϐόλων
2501 1553 2703 1625 θηρίων
2731 1552 3065 1607 πιαίνεσθαι.
3092 1551 3297 1622 Θερμοὶ
3323 1551 3382 1604 δὲ
3424 1551 3519 1603 καὶ
3545 1550 3657 1602 δια·

2022 1613 2064 1667 Β
2092 1645 2244 1706 καεῖς
2281 1645 2330 1696 οἱ
2357 1644 2520 1715 χυμοὶ
2673 1642 2898 1722 θηρίων,
2924 1635 3001 1696 ὧν
3020 1613 3343 1711 ἐμφαγοῦσα
3378 1639 3412 1710 ἠ
3443 1638 3657 1709 ἔλαφος,

2091 1734 2359 1805 ξηροτέρα
2397 1735 2605 1802 γίνεται
2653 1735 2775 1788 κατ’
2808 1732 3053 1803 ἀνάγκην
3091 1728 3544 1801 φαρμακευθείσα
3584 1728 3657 1798 τῷ

2090 1824 2197 1878 τῶν
2232 1824 2367 1896 (65‘)
2398 1823 2601 1895 θηρίων
2630 1823 2812 1896 χυμῷ.
2864 1824 2975 1877 Καὶ
3004 1823 3091 1876 διὰ
3121 1821 3279 1876 τοῦτο
3307 1820 3658 1892 σφοδρότερον

2090 1916 2350 1986 ἐπιθυμεῖ
2372 1914 2466 1969 τοῦ
2494 1914 2703 1981 ὓδατος,
2724 1915 2811 1969 ἴνα
2832 1913 3145 1986 θεραπεύσῃ
3172 1912 3267 1983 τὴν
3287 1915 3352 1966 ἐκ
3371 1912 3470 1982 τῆς
3491 1911 3661 1965 τοιαύ-

2089 2023 2189 2076 της
2223 2006 2477 2077 βρώσεως
2508 2006 2864 2077 ἐγγινομένην
2896 2006 3191 2077 ξηρότητα.
3236 2005 3298 2057 '0
3324 2003 3506 2058 τοίνυν
3533 2020 3665 2076 προ-

2088 2098 2360 2162 τελεσθεὶς
2392 2098 2491 2170 τὴν
2518 2099 2576 2152 ἐν
2601 2099 2768 2170 ἀρετῇ
2792 2098 2937 2168 ζωὴν
2959 2099 3016 2152 ἐν
3046 2095 3124 2167 τῷ
3154 2094 3353 2167 πρώτῳ
3381 2094 3540 2166 μέρει
3571 2094 3664 2164 τῆς

2088 2188 2409 2259 ψαλμῳδίας
2431 2229 2445 2254 ,
2471 2189 2566 2242 καὶ
2596 2177 2657 2242 τὸ
2686 2188 2858 2257 γλυκὺ
2889 2188 2983 2241 τοῦ
3007 2186 3340 2257 ποθουμένου
3370 2189 3440 2257 τῇ
3475 2184 3664 2254 γεύσει

2089 2280 2392 2350 γνωρίσας,
2438 2282 2753 2351 δαπανήσας
2784 2280 2841 2333 δέ
2873 2281 2982 2333 πᾶν
3010 2279 3335 2351 ἐρπυστικὺν
3368 2277 3664 2347 ἐπιθυμίας

2090 2368 2229 2435 εἶδος
2269 2373 2327 2424 ἐν
2359 2370 2538 2441 ἐαυτῷ
2563 2410 2577 2434 ,
2627 2371 2722 2424 καὶ
2774 2372 2887 2434 τοῖς
2930 2371 3029 2440 τῆς
3084 2368 3439 2440 σωφροσύνης
3479 2366 3663 2422 ἰδοῦσι

2088 2461 2364 2530 διαφαγὼν
2395 2462 2515 2514 ἀντὶ
2547 2460 2749 2532 θηρίων
2797 2460 2865 2515 τὰ
2908 2460 3053 2532 πάθη
3078 2478 3090 2492 ·
3117 2460 3247 2531 διψᾷ
3272 2461 3371 2530 τῆς
3398 2458 3495 2511 τοῦ
3528 2456 3664 2512 Θεοῦ

2092 2554 2380 2624 μετουσίας
2426 2553 2606 2619 πλέον,
2637 2553 2670 2625 ἢ
2708 2552 2829 2607 καθ’
2859 2553 2984 2607 ὅσον
3011 2550 3168 2605 ποθεῖ
3197 2551 3295 2613 τὰς
3336 2551 3525 2622 πηγὰς
3559 2550 3667 2602 τῶν

2091 2643 2297 2697 ὑδάτων
2327 2645 2361 2713 ἡ
2396 2642 2610 2712 ἔλαφος.
2646 2643 2880 2696 ’Έπεται
2923 2642 2980 2695 δὲ
3008 2641 3086 2712 τῷ
3114 2641 3213 2712 τῆς
3253 2641 3437 2711 πηγῆς
3481 2642 3669 2694 ἐπιτυ-

2088 2734 2234 2803 χόντι
2276 2733 2412 2804 μετὰ
2438 2734 2536 2803 τὴν
2577 2730 3017 2803 ὑπερϐάλλουσαν
3049 2730 3206 2798 δίψαν
3238 2727 3495 2782 τοσοῦτον
3528 2729 3667 2781 σπᾶ-

2090 2840 2181 2877 σαι
2204 2822 2296 2877 τοῦ
2331 2823 2539 2888 ὓδατος,
2569 2824 2691 2876 ὅσον
2726 2824 2759 2894 ἡ
2785 2822 3050 2892 ἐπιθυμία
3075 2822 3195 2875 κατ’
3222 2819 3470 2886 ἐξουσίαν
3504 2819 3670 2889 ἐφέλ-

2090 2931 2264 2970 κεται.
2318 2914 2374 2967 Ὁ
2417 2913 2474 2966 δὲ
2515 2912 2694 2968 λαϐὼν
2723 2914 2779 2965 ἐν
2816 2912 2994 2983 ἐαυτῷ
3029 2911 3088 2965 τὸ
3119 2910 3459 2981 ποθούμενον
3523 2910 3665 2979 πλή-

2093 3022 2193 3079 ρης
2218 3005 2364 3058 ἐστὶν
2411 2997 2473 3057 οὗ
2503 3002 2786 3073 ἐπόθησεν.
2833 3002 2907 3055 Οὐ
2942 3004 3051 3072 γάρ
3094 2998 3218 3054 καθ’
3242 2998 3545 3069 ὁμοιότητα
3572 2998 3672 3068 τῆς

2089 3099 2147 3152 ἐν
2182 3098 2391 3168 σώματι
2416 3095 2731 3166 πλησμονῆς
2754 3093 3003 3148 κενοῦται
3043 3091 3204 3145 πάλιν
3235 3090 3296 3142 τὸ
3326 3090 3547 3161 πλῆρες
3580 3104 3676 3159 γε-

2088 3191 2339 3260 νόμενον·
2387 3188 2506 3240 οὐδὲ
2535 3185 2701 3257 ἀργὸν
2737 3186 2795 3237 ἐν
2838 3182 3016 3251 ἐαυτῷ
3043 3182 3104 3235 τὸ
3145 3181 3310 3234 ποτὸν
3361 3181 3627 3249 διαμένει
3652 3195 3669 3209 ο

2089 3280 2203 3335 ἀλλ’
2232 3282 2266 3351 ἡ
2308 3278 2424 3333 θεία
2460 3277 2632 3349 πηγὴ,
2667 3278 2725 3330 ἐν
2757 3268 2910 3346 ᾧπερ
2954 3272 3020 3327 ἂν
3051 3272 3296 3343 γένηται,
3344 3271 3487 3342 πρὸς
3543 3272 3674 3322 ἐαυ-

2088 3371 2184 3442 τὴν
2213 3372 2493 3442 μεταποιεῖ
2514 3370 2605 3423 τὸν
2641 3367 2937 3439 ἁψάμενον,
2964 3364 3057 3420 καὶ
3089 3363 3536 3436 συμμεταδίδωσι
3572 3362 3675 3433 τῆς

2092 3462 2228 3526 ἰδίας
2257 3461 2573 3532 δυνάμεως.¹

2604 3696 3003 3756 ΚΕΦΑΛΑΙΟΝ
3038 3695 3129 3764 ς’.

2169 3840 2327 3895 Ἀλλὰ
2358 3837 2462 3911 μὴν
2497 3802 2625 3892 ίδιόν
2662 3837 2780 3890 ἐστι
2810 3833 3228 3906 τῆςθεότητοςὴ
3258 3829 3537 3902 ἐποπτικὴ
3562 3829 3678 3886 τῶν

2086 3929 2253 3984 ὅντων
2310 3926 2535 3998 δύναμίς
2579 3943 2640 3980 τε
2686 3924 2782 3979 καὶ
2825 3922 3092 3991 ἐνέργεια.
3140 3917 3351 3972 Οὐκοῦν
3391 3920 3421 3971 ὁ
3464 3920 3527 3972 ἐν
3579 3921 3677 3972 αὑ·

2085 4019 2164 4092 τῷ
2192 4020 2302 4091 (64)
2330 4018 2489 4089 έχων,
2531 4016 2666 4086 ὅπερ
2709 4013 2963 4083 ἐπόθησε,
3017 4012 3109 4065 καὶ
3151 4010 3316 4073 αὐτὸς
3367 4010 3680 4072 ἐποπτικὰς

2086 4113 2314 4183 γίνεται,
2350 4110 2443 4165 καὶ
2479 4107 2579 4181 τὴν
2610 4107 2720 4161 τῶν
2755 4105 2922 4159 ὄντων
2947 4104 3319 4157 διασκοπεῖται
3349 4100 3541 4171 φύσιν.
3576 4101 3679 4155 Διὰ

2086 4202 2240 4260 τοῦτο
2276 4202 2370 4257 τοῦ
2415 4200 2598 4274 τρίτου
2639 4198 2925 4269 τμήματος
2970 4194 3071 4265 τῆς
3109 4192 3427 4263 ψαλμῳδίας
3455 4193 3683 4263 ταύτην

422 4291 546 4331 nem
575 4277 645 4333 ab
684 4278 790 4334 hoc
818 4280 1085 4351 principio
1113 4281 1431 4352 auspicatus
1463 4291 1570 4349 est,
1617 4299 1724 4355 qua
1768 4284 1952 4355 potissi

2147 4298 2382 4370 εποίηται
2404 4294 2502 4364 τὴν
2529 4290 2721 4364 ἀρχὴν,
2755 4291 2813 4343 ἐν
2841 4280 2886 4357 ᾧ
2913 4286 3071 4341 τοῦτο
3099 4284 3333 4356 μάλιστα
3357 4283 3683 4350 διεξετάζει

422 4381 572 4421 mum
621 4367 869 4439 inquirit,
908 4372 1184 4442 quomodo
1229 4374 1443 4444 justitia
1473 4375 1648 4432 divini
1672 4377 1893 4448 -judicii
1931 4376 1988 4432 in

422 4457 790 4527 inatqualitate
851 4462 1015 4533 hujus
1060 4466 1185 4521 vitae
1227 4475 1498 4537 servetur,
1545 4471 1987 4544 quandoquidem

422 4550 743 4622 plerumque
761 4569 869 4610 non
896 4570 995 4626 pro
1018 4560 1230 4615 meritis
1260 4575 1327 4617 ex
1354 4561 1619 4633 dignitate
1645 4565 1987 4638 singulorum

421 4641 653 4700 felicitas
684 4644 741 4699 in
770 4645 872 4703 bac
896 4647 1009 4703 vita
1035 4649 1349 4708 hominibus
1375 4653 1642 4726 obtingit;
1677 4672 1822 4728 saepe
1842 4661 1987 4715 enim

419 4733 477 4788 in
514 4735 705 4792 eodem
751 4737 862 4793 duo
900 4747 1141 4796 extrema
1172 4757 1398 4800 cernere
1436 4745 1584 4813 licet,
1634 4747 1711 4803 ita
1750 4757 1808 4804 ut
1835 4749 1983 4806 idem

328 4836 337 4843 '
419 4824 492 4879 sit
515 4836 570 4881 et
603 4828 656 4882 in
688 4829 916 4895 malitia,
947 4840 1003 4885 et
1035 4833 1092 4886 in
1139 4836 1364 4904 perenni
1394 4852 1577 4893 rerum
1622 4841 1984 4912 prosperitate

419 4931 667 4977 summus
692 4938 706 4974 :
746 4937 906 4994 quem
934 4936 1059 4977 cum
1086 4924 1210 4994 quis
1236 4927 1455 4998 aspicit,
1489 4930 1745 4987 turbatur
1776 4933 1982 4998 animo,

419 5022 488 5064 ne
515 5008 657 5067 forte
677 5013 851 5086 magis
869 5030 937 5071 ex
959 5030 1020 5073 re
1042 5016 1293 5074 humanae
1322 5019 1654 5079 conditionis
1674 5023 1746 5079 sit
1777 5024 1982 5094 impro-

486 5209 669 5268 ‘Psal.
699 5229 811 5280 xu,
846 5214 905 5270 2.

488 5360 626 5437 (62⁸)
649 5364 781 5437 Ταῖς
810 5364 987 5437 θείαις
1012 5367 1109 5420 διδ.
1152 5367 1344 5437 ἐπαρδ.
1386 5384 1495 5424 om.
1543 5369 1628 5427 ed.
1667 5370 1786 5426 Mox
1834 5369 1972 5425 idem

418 5431 771 5508 Ἀεἰσόδῳ
792 5435 910 5488 sine
931 5433 1024 5508 οὖν
1049 5437 1258 5508 πρώτη.

490 5500 599 5575 (65)
629 5500 773 5555 Ζώου
802 5518 909 5558 om.
935 5506 1020 5560 ed.

2085 4392 2116 4445 ὁ
2161 4390 2352 4459 λόγος,
2399 4384 2516 4448 πῶς
2566 4383 2628 4436 τὸ
2656 4381 2863 4435 δίκαιον
2894 4378 2993 4448 τῆς
3026 4376 3177 4441 θείας
3224 4376 3461 4448 κρίσεως
3496 4376 3566 4429 ἐν
3614 4379 3686 4447 τῇ

2086 4478 2369 4552 ἀνωμαλίᾳ
2393 4475 2484 4531 τοῦ
2508 4473 2621 4546 βίου
2657 4470 3048 4541 διασωθήσεται
3070 4484 3085 4498 ’
3108 4469 3168 4522 οὐ
3204 4466 3348 4522 κατὰ
3373 4467 3471 4537 τὴν
3508 4467 3685 4534 ἀξίαν

2085 4573 2195 4627 τῶν
2213 4569 2582 4642 προαιρέσεων
2602 4564 2704 4634 τῆς
2721 4562 2863 4617 κατὰ
2885 4560 2977 4617 τὸν
3004 4560 3114 4632 βίον
3129 4559 3321 4613 τοῦτον
3341 4557 3687 4629 εὐκληρίας,

2086 4663 2162 4727 ὡς
2185 4662 2255 4716 τὰ
2283 4658 2473 4725 πολλὰ,
2502 4659 2616 4722 τοῖς
2646 4653 2953 4726 ἀνθρώποις
2974 4650 3355 4722 ἐγγινομένης.
3393 4647 3685 4712 Πολλάκις

2089 4752 2197 4824 γὰρ
2217 4752 2345 4824 περὶ
2371 4749 2460 4804 τὸν
2490 4746 2651 4802 αὑτὸν
2679 4745 2791 4818 (65)
2818 4743 2918 4807 τὰς
2943 4742 3036 4796 δύο
3061 4740 3299 4796 κατιδεῖν
3320 4736 3467 4792 ἔστιν
3502 4739 3686 4814 ἀκρό-

2090 4858 2281 4914 τητας,
2305 4840 2366 4893 τὸ
2395 4838 2618 4910 ἔσχατον
2639 4838 2697 4889 ἐν
2725 4833 2914 4904 κακίᾳ,
2951 4831 3045 4886 καὶ⁸
3081 4830 3141 4884 τὸ
3166 4828 3310 4883 κατὰ
3334 4827 3432 4899 τὴν
3464 4828 3665 4900 εὑημε
3682 4865 3705 4875 -

2093 4929 2213 5000 ρίαν
2234 4927 2550 4998 ἀκρότατον.
2573 4923 2718 4994 Πρὸς
2744 4922 2773 4975 ὅ
2799 4939 2882 4985 τις
2908 4921 3140 4991 βλέπων,
3170 4917 3393 4983 ὀκλάζει
3422 4935 3553 4983 πως
3591 4919 3696 4988 τὴκ

2087 5006 2346 5085 διάνοιαν,
2386 5020 2593 5092 μήποτε
2632 5017 2877 5088 κρεῖττον
2972 5015 3038 5085 τῇ
3068 5010 3392 5083 ἀνθρωπίνῃ
3417 5008 3601 5080 φῦσεί
3642 5013 3714 5065 τὸ

2148 5367 2281 5436 (65⁸)
2308 5364 2541 5432 Τούτων,
2573 5369 2661 5423 ed.

2150 5440 2262 5503 (6i)
2314 5439 2541 5506 Ἑαυτῷ,
2564 5440 2649 5492 ed.

2094 5536 2105 5545 -
2148 5508 2261 5577 (65)
2290 5507 2409 5559 Τῶν
2443 5508 2639 5574 αὐτῶν,
2667 5507 2752 5563 ed.
