3800 5980
221 124 316 180 653

1592 130 1658 182 ΙΝ
1691 128 2022 190 PSALMOS.

3368 142 3473 197 4M

222 242 386 314 χεῖρον
414 235 707 307 λεγόμενον
732 253 749 270 θ
779 236 955 293 καὶτὸ
978 239 1214 310 ἔμπαλιν
1240 239 1407 296 κακὸν
1447 244 1644 308 ἐκεῖνο,
1669 244 1697 297 ὂ
1724 247 1783 300 ἐν

1911 249 2072 315 bitas,
2106 264 2409 321 rursusque
2436 251 2639 308 malum
2672 261 2724 307 et
2755 254 2981 308 noxium
3011 255 3188 311 eidem
3217 270 3349 313 vere
3374 257 3465 329 sit,

221 335 279 404 τῇ
305 328 390 384 τοῦ
416 329 727 399 κρείττονος
758 329 1072 402 ἀριθμεῖται
1102 332 1283 404 μοίρᾳ.
1318 334 1381 386 Εἰ
1408 334 1516 403 γάρ
1542 337 1784 389 ἐπαινεῖ-

219 439 300 476 ται
325 420 417 491 μὲν
445 421 477 490 ὴ
503 418 820 490 δικαιοσύνη
844 459 860 483 ,
885 420 1115 491 πράττει
1140 421 1198 474 δὲ
1231 424 1416 487 κακῶς
1448 426 1475 477 6
1506 425 1634 494 περὶ
1660 442 1788 478 ταυε

220 532 310 584 την
328 512 695 579 ἐσπουδακὼς,
726 512 1069 566 διαῦάλλεται
1096 514 1150 567 δὲ
1180 517 1213 585 ἡ
1234 516 1420 581 κακία,
1453 516 1545 569 καὶ
1572 516 1786 570 πάντων

220 606 317 658 τῶν
359 603 816 673 σπουδαζομένων
854 604 1101 674 διαρκεῖς
1147 606 1246 668 τὰς
1301 606 1631 671 ἀπολαύσεις
1674 609 1786 670 τοῖς

222 696 340 767 περὶ
365 695 535 765 αὐτὴν
562 695 922 749 ἐσπουδακόσι
951 697 1254 768 χαρίζεται,
1277 697 1396 761 πῶς
1425 694 1540 751 ἔστι
1571 698 1644 769 μὴ
1675 696 1785 768 (66)

222 785 608 859 προτιμοτέραν
646 786 782 856 πρὸς
821 786 936 856 βίου
965 787 1175 857 αἵρεσιν
1198 788 1407 844 οἴεσθαι
1445 788 1545 860 τὴν
1585 789 1787 842 κακίαν

224 879 315 950 τῆς
337 878 539 949 ἀρετῆς
559 920 574 941 ,
603 877 702 949 τὴν
735 880 1195 951 κατεγνωσμένην
1224 879 1324 949 τῆς
1370 877 1788 950 ἐγκωμιαζομέ-

222 983 342 1037 νης;
366 969 392 1019 6
419 968 598 1019 τοίνυν
624 966 826 1036 ὑψηλὸς
850 967 946 1038 τὴν
969 968 1225 1032 διάνοιαν,
1256 969 1351 1025 καὶ
1384 964 1496 1021 οἷον
1518 969 1626 1021 ἀπό
1646 983 1789 1031 τινος

220 1059 439 1121 σκοπιᾶς
480 1060 773 1130 ἐξεχούσης
816 1062 928 1124 τοῖς
972 1059 1310 1131 ἀφεστηκόσι
1364 1058 1463 1112 τὸν
1515 1058 1790 1130 ὀφθαλμὸν

216 1151 559 1215 ἐπεκτείνων,
592 1150 699 1204 ῖδεν
720 1153 777 1204 ὲν
800 1143 844 1219 ᾧ
868 1153 985 1206 ἐστι
1014 1152 1115 1221 τῆς
1150 1151 1347 1215 κακίας
1380 1150 1519 1222 πρὸς
1540 1150 1639 1222 τὴν
1659 1151 1790 1221 ἀρε-

214 1244 308 1315 τὴν
334 1242 396 1296 τὸ
422 1243 711 1312 διάφορον,
746 1244 828 1296 ὅτι
878 1245 944 1297 ἐκ
990 1243 1098 1297 τῶν
1142 1244 1420 1315 ἐσχάτων,
1461 1243 1561 1296 οὑκ
1593 1234 1658 1295 ἐκ
1683 1240 1791 1294 τῶν

216 1334 491 1405 παρόντων
511 1335 543 1404 ἡ
566 1333 771 1387 τούτων
797 1334 1006 1402 γίνεται
1033 1335 1234 1404 κρίσις.
1261 1334 1351 1405 Τῷ
1379 1334 1488 1406 γάρ
1510 1331 1792 1404 ἐποπτικῷ

215 1441 271 1477 τε
294 1427 386 1478 καὶ
410 1424 702 1494 διορατικῷ
736 1425 836 1496 τῆς
868 1424 1046 1496 ψυχῆς
1073 1424 1356 1495 ὀφθαλμῷ,
1386 1424 1460 1488 ὡς
1485 1425 1658 1495 παρὸν
1687 1440 1790 1478 κα-

215 1517 496 1585 τανοήσας,
513 1516 573 1568 τὸ
598 1517 667 1569 δι’
688 1516 898 1579 ἐλπίδος
916 1519 1029 1580 τοῖς
1054 1516 1277 1585 ἀγαθοῖς
1301 1514 1677 1586 ἀποκείμενον,
1697 1515 1791 1568 καὶ

218 1606 499 1677 παρελθὼν
526 1609 593 1678 τῇ
628 1608 773 1678 ψυχῇ
808 1608 915 1661 πᾶν
943 1606 1005 1660 τὸ
1037 1607 1383 1678 φαινόμενον,
1416 1606 1565 1669 ἐντός
1596 1622 1655 1658 τε
1684 1604 1791 1658 τῶν

215 1698 478 1769 οὐρανίων
508 1698 717 1751 ἀδύτων
746 1699 1012 1768 παραδὺς,
1035 1696 1375 1751 καθάπτεται
1408 1697 1509 1768 τῆς
1536 1696 1793 1768 ἀκρισίας

217 1791 323 1844 τῶν
355 1788 748 1861 μκροπρεπῶς
770 1790 871 1861 τὴν
896 1788 991 1842 τοῦ
1033 1787 1199 1842 καλοῦ
1239 1788 1423 1858 κρίσιν
1454 1790 1576 1867 τοῖς
1597 1788 1760 1858 αἰσθη
1779 1817 1793 1828 -

216 1885 384 1945 τικοῖς
410 1882 617 1952 μορίοις
642 1882 1063 1952 ἐπιτρεπόντων.
1096 1882 1171 1933 Δι’
1203 1872 1276 1933 ὧν
1307 1896 1492 1951 φησιν⁸
1537 1897 1555 1931 ι
1593 1881 1657 1932 Τί
1684 1879 1792 1950 γάρ

221 1990 307 2043 μοι
332 1972 567 2044 ὑπάρχει
594 1973 650 2024 ἐν
680 1971 757 2042 τῷ
778 1971 1013 2042 οὐρανῷ,
1044 1971 1137 2025 καὶ
1163 1971 1315 2042 παρά
1340 1970 1433 2024 σού
1464 1971 1518 2023 τί
1551 1969 1794 2041 ἠθέλησα

216 2062 307 2116 ἐπὶ
352 2061 454 2131 τῆς
494 2058 637 2131 γῆςς
676 2079 694 2111 ι
749 2060 827 2130 τῷ
859 2060 1007 2132 αὐτῷ
1054 2060 1226 2133 μορίῳ
1256 2060 1351 2113 τοῦ
1388 2059 1550 2130 λόγου
1588 2059 1648 2111 τὸ
1693 2058 1793 2128 μὲν

212 2154 462 2226 οὐράνιον
492 2150 882 2223 θαυμαστικῶς
908 2151 1227 2223 μεγαλύνων
1262 2170 1319 2205 τε
1350 2154 1443 2206 καὶ
1467 2150 1695 2222 ἐξαίρων
1718 2148 1795 2220 τῷ

212 2245 384 2314 λόγῳ,
428 2242 491 2297 τὸ
527 2242 586 2296 δὲ
631 2242 724 2296 ἐπὶ
759 2244 862 2313 γῆς
913 2246 1024 2306 τοῖς
1069 2243 1177 2295 τῶν
1210 2245 1453 2315 ἀνοήτων
1498 2241 1795 2311 ὀφθαλμοῖς

216 2335 650 2406 σπουδαζόμενον
693 2334 1183 2405 καταφρονητικῶς
1216 2352 1275 2387 τε
1333 2335 1429 2388 καὶ
1466 2331 1795 2396 σκωπτικιῖκ

214 2426 569 2494 ἐξευτελίζων
607 2443 666 2479 τε
696 2428 789 2479 καὶ
832 2426 1260 2496 μυσαττόμενος.
1299 2426 1388 2488 Ὡς
1414 2425 1469 2478 εἴ
1489 2445 1568 2509 τις
1602 2428 1711 2482 τῶν
1738 2431 1794 2482 ἐν

213 2521 426 2590 φυλακῇ
457 2518 759 2589 τεχθέντων
799 2518 940 2589 μέγα
968 2536 1019 2571 τι
1058 2518 1258 2588 κρίνων
1288 2519 1493 2587 ἀγαθὸν
1536 2516 1675 2575 εἶναι
1704 2521 1795 2575 τὸν

210 2609 396 2680 ζόφον,
484 2609 756 2681 ἐνετράφη
776 2627 834 2662 τε
865 2610 959 2663 καὶ
988 2609 1343 2680 συνηύξησεν,
1367 2607 1484 2664 εἶτα
1506 2613 1607 2682 τῆς
1635 2614 1797 2666 ὑπαί-

212 2706 347 2775 θρου
375 2704 598 2775 χάριτος
644 2701 931 2774 μετασχὼν
961 2701 1362 2769 καταγινώσκει
1388 2703 1489 2773 τῆς
1523 2704 1797 2775 προτέρας

211 2796 377 2850 αὐτοῦ
412 2796 670 2867 κρίσεως,
707 2794 902 2864 λέγων,
931 2788 1068 2846 Οἵων
1108 2793 1399 2864 θεαμάτων
1425 2796 1577 2865 ἡλίου
1611 2813 1669 2848 τε
1703 2796 1797 2849 καὶ

213 2886 487 2957 ἀστέρων,
531 2886 627 2939 καὶ
669 2883 870 2948 παντὸς
895 2881 986 2936 τοῦ
1021 2884 1149 2954 περὶ
1185 2884 1275 2936 τὸν
1304 2884 1529 2955 οὐρανὸν
1565 2885 1796 2950 κάλλους

213 2974 513 3048 προετίθην
550 2974 661 3044 (67)
708 2973 801 3027 τὸν
852 2971 1054 3043 συνήθη
1100 2970 1262 3042 ζόφον
1302 2973 1370 3025 δι’
1415 2975 1670 3044 ἀπειρίαν
1701 2974 1795 3027 τοῦ

214 3068 549 3138 κρείττονος.
584 3060 657 3121 Οὗ
691 3065 851 3137 χάριν
886 3064 1395 3136 προκαταγινὼσκει
1419 3065 1497 3137 τῷ
1525 3066 1667 3136 λόγῳ
1699 3066 1797 3136 τῆς

215 3159 346 3230 περὶ
367 3159 428 3212 τὸ
449 3158 612 3211 καλὸν
642 3157 918 3227 ἀκρισίας,
950 3155 1197 3228 κτηνὼδη
1222 3155 1398 3225 λέγων
1421 3158 1611 3210 ἐαυτὸν
1635 3153 1795 3222 εἶναι,

213 3251 320 3313 ἕως
356 3251 416 3301 ἐν
464 3247 695 3310 ἐκείνοις
733 3247 793 3300 τὸ
823 3245 1024 3315 ἀγαθὸν
1048 3244 1234 3317 ἐώρα.
1280 3246 1434 3299 Ἐπεὶ
1473 3247 1530 3301 δέ
1584 3248 1799 3316 ἐγένετο

217 3341 360 3413 μετά
386 3340 483 3393 τοῦ
511 3339 646 3393 Θεοῦ
669 3380 683 3404 ,
717 3339 848 3403 Θεὸς
884 3339 942 3393 δὲ
976 3341 1003 3393 6
1033 3338 1192 3407 λόγος
1211 3378 1225 3403 ,
1256 3339 1351 3392 καὶ
1381 3339 1519 3411 πρὸς
1545 3339 1606 3392 τὸ
1627 3340 1799 3407 δεξιὸν

210 3433 497 3504 ὼδηγήθη,
550 3432 744 3503 δδηγδς
794 3432 851 3485 δὲ
899 3432 1108 3500 γίνεται
1154 3429 1303 3502 αὐτῷ
1353 3431 1524 3497 δεξιὸς
1570 3431 1658 3485 διὰ
1701 3433 1800 3503 τῆς

213 3526 419 3596 βουλῆς
452 3524 481 3575 6
510 3512 691 3592 λόγος,
718 3523 813 3577 καὶ
849 3523 954 3576 ἴδεν
981 3522 1079 3592 τὴν
1105 3522 1161 3575 ἐν
1201 3523 1368 3594 ἀρετῇ
1411 3523 1588 3590 δόξαν,
1625 3524 1692 3578 δι’
1732 3520 1801 3596 ἧς

208 3619 429 3688 γίνεται
455 3620 568 3680 τοῖς
596 3616 733 3686 πρὸς
763 3615 854 3668 τὸν
880 3614 1106 3687 οὐρανὸν
1136 3613 1424 3685 βλέπουσιν
1448 3617 1481 3688 ἡ
1510 3616 1798 3688 ἀνάληψις,

207 3708 338 3763 τότε
383 3708 585 3779 χρῆται
612 3709 728 3770 ταῖς
764 3709 968 3775 φωναῖς
1004 3706 1260 3770 ἐκείναις,
1292 3698 1367 3760 ὧν
1387 3692 1429 3778 ὴί
1460 3707 1557 3778 μὲν
1580 3709 1636 3763 ἐν
1666 3708 1799 3764 θαύ-

215 3818 354 3872 ματι
403 3803 640 3853 ποιεῖται
691 3798 752 3851 τὸ
794 3801 851 3851 ἐν
878 3799 1135 3869 οὐρανοῖς
1174 3798 1285 3869 (68)
1322 3798 1522 3867 ἀγαθόν
1543 3816 1556 3830 ·
1586 3801 1619 3870 ὴ
1652 3799 1708 3852 δὲ
1740 3800 1801 3853 τὸ

211 3892 498 3947 ούτῶανόν
536 3907 597 3943 τε
642 3890 736 3944 καὶ
769 3889 995 3960 μάταιον
1026 3891 1124 3960 τῆς
1165 3889 1521 3961 ἡπατημένης
1550 3890 1680 3960 περὶ
1710 3891 1801 3945 τὸν

212 3982 333 4054 βίον
358 3979 597 4047 σπουδῆς
624 3978 894 4033 διαπτύει.
925 3979 1078 4048 Ἔχει
1105 3977 1161 4030 δὲ
1194 3979 1344 4032 πᾶσα
1372 3980 1406 4049 ή
1440 3978 1583 4046 λέξις
1605 3978 1799 4044 οὕτως·

219 4094 237 4126 ι
286 4071 610 4143 Κτηνώδης,
654 4090 674 4123 ι
723 4070 907 4142 φησιν,
949 4089 967 4122 ι
1009 4070 1277 4142 ἐγενόμην
1309 4070 1461 4141 παρά
1496 4072 1599 4126 σοί.
1643 4092 1660 4124 ι
1691 4073 1803 4144 Τὴν

211 4166 418 4232 ἄλογον
449 4167 507 4217 ἐν
543 4165 654 4226 τοῖς
692 4160 953 4224 τοιούτοις
997 4161 1372 4232 διασημαίνων
1404 4161 1799 4232 προσπάθειαν.

1896 335 2042 404 quod
2062 337 2285 391 nuncin
2318 334 2549 393 numero
2574 338 2702 393 boni
2729 350 3038 409 reputatur.
3070 342 3207 398 Nam
3232 346 3278 400 si
3304 346 3461 415 justi-

1894 424 1971 479 tia
2015 426 2294 492 laudatur,
2333 428 2383 484 is
2420 438 2604 483 autem
2641 430 2733 501 qui
2777 431 3054 499 justitiam
3097 435 3466 503 amplectitur,
3492 414 3505 419 “

1891 519 2095 574 misere
2110 530 2164 576 et
2180 521 2505 578 calamitose
2524 520 2680 590 vivit;
2702 523 2813 579 etsi
2844 524 3016 578 altera
3041 540 3107 579 ex
3130 536 3285 594 parte
3308 527 3468 580 mali-

1892 608 1970 662 tia
1999 610 2364 679 vituperatur,
2405 611 2684 682 simulque
2728 614 2986 670 erunibus
3032 616 3125 685 qui
3158 615 3467 670 sceleribus

1891 698 2158 770 implicati
2177 709 2326 769 sunt,
2344 704 2531 758 omnia
2546 705 2867 760 deliciarum
2890 721 3090 775 genera
3104 705 3321 760 abunde
3336 722 3398 761 su
3408 721 3467 775 p-

1893 798 2087 861 petunt
2114 808 2128 842 ε
2154 794 2431 863 quomodo
2457 794 2571 849 ﬁeri
2601 804 2777 865 potest
2805 803 2865 851 ut
2892 797 3014 866 quis
3033 804 3185 866 putet
3206 797 3387 865 petius
3410 798 3464 849 in

1891 882 1996 938 bac
2026 885 2137 937 vita
2169 885 2474 955 eligendam
2516 887 2799 951 virtutem,
2844 895 3008 957 Quam
3040 887 3328 952 malitiam,
3365 902 3464 956 po-

1891 972 2111 1042 tiusque
2148 988 2288 1037 eam,
2336 991 2461 1045 quae
2510 983 2591 1031 tot
2638 976 2892 1031 laudibus
2922 977 3248 1042 celebratur,
3298 991 3462 1047 quam

1893 1077 2012 1117 eam
2048 1079 2172 1134 quae
2204 1071 2285 1119 tot
2317 1066 2606 1137 vituperiis
2639 1066 2908 1120 adicitur?
2940 1064 3045 1132 Qui
3088 1067 3254 1136 igitur
3285 1076 3466 1121 mente

1892 1154 2110 1209 excelsa
2137 1164 2239 1219 est,
2273 1162 2327 1210 et
2366 1158 2516 1211 velut
2554 1156 2622 1210 ab
2653 1157 2757 1210 alta
2796 1154 3031 1226 quadam
3075 1156 3296 1226 specula
3333 1172 3461 1211 ocu-

1896 1247 2006 1299 lum
2041 1246 2095 1300 in
2121 1262 2210 1303 res
2239 1247 2468 1304 dissitas
2493 1247 2748 1311 intendit,
2773 1249 2821 1304 is
2852 1248 3022 1318 probe
3039 1248 3207 1315 videt,
3229 1262 3339 1317 quo
3363 1248 3469 1302 dis-

1893 1338 2125 1394 crimine
2168 1340 2359 1394 vitium
2395 1356 2424 1395 a
2465 1342 2670 1397 virtute
2710 1341 2905 1405 distet;
2932 1339 3064 1410 quia
3103 1339 3371 1408 judicium
3399 1338 3468 1394 de

1892 1429 1980 1485 bis
2012 1445 2120 1484 non
2153 1445 2220 1485 ex
2250 1432 2634 1500 praesentibus,
2671 1431 2767 1487 sed
2798 1446 2865 1487 ex
2886 1430 3086 1486 futuris
3112 1430 3275 1495 facit;
3304 1430 3467 1485 oculo

1894 1522 2042 1576 enim
2072 1522 2272 1578 mentis
2297 1523 2364 1577 ad
2396 1523 2840 1594 perspiciendum
2868 1531 2923 1577 et
2952 1521 3343 1591 penetrandum
3374 1533 3467 1572 ac-

1895 1613 2260 1676 commodato,
2312 1621 2574 1686 tanquam
2624 1631 2867 1686 praesens
2916 1615 3163 1668 intuetur
3211 1613 3265 1666 id
3319 1612 3468 1681 quod

1894 1720 1993 1775 per
2047 1719 2197 1774 spem
2249 1705 2416 1775 justis
2481 1716 2566 1762 est
2631 1708 2929 1776 repositum
2961 1744 2976 1769 ,
3035 1714 3091 1759 et
3140 1704 3470 1774 cogitatione

1894 1795 2219 1861 praeteriens
2271 1810 2435 1849 omne
2480 1796 2626 1864 quod
2676 1795 2779 1849 sub
2824 1809 3046 1850 sensum
3094 1792 3262 1860 cadit,
3303 1798 3357 1846 et
3394 1791 3474 1845 in-

1894 1893 1978 1937 tra
2011 1885 2257 1940 coelestia
2294 1886 2456 1957 adyta
2494 1887 2794 1951 admissus,
2842 1886 3086 1940 stultitiae
3132 1891 3187 1938 et
3236 1882 3473 1938 vesaniae

1895 1977 2020 2031 illos
2060 1977 2411 2040 condemnat,
2446 1979 2540 2048 qui
2578 1979 2794 2047 abjecto
2829 1978 3013 2031 animo
3046 1975 3312 2046 judicium
3345 1975 3473 2029 boni

1895 2066 2155 2139 potentiis
2176 2067 2244 2121 ad
2284 2068 2628 2122 sentiendum
2651 2068 2792 2137 aptis
2818 2065 3184 2120 committunt.
3220 2062 3475 2133 Quapro-

1896 2166 2017 2228 pter
2066 2174 2189 2213 cum
2235 2159 2368 2213 dicit
2413 2159 2624 2214 David:
2680 2179 2698 2211 ι
2732 2158 2875 2225 Quid
2924 2157 3069 2212 enim
3119 2156 3252 2210 mihi
3290 2164 3374 2210 est
3416 2154 3471 2210 in

1899 2249 2061 2314 cedo,
2095 2255 2149 2302 et
2180 2264 2209 2301 a
2244 2257 2296 2304 te
2335 2249 2468 2319 quid
2506 2248 2652 2304 volui
2691 2264 2855 2318 super
2886 2255 3087 2303 terram
3116 2247 3197 2300 "‘?
3232 2267 3251 2299 ι
3283 2246 3472 2302 eodem

1897 2340 2166 2393 orationis
2185 2347 2445 2395 contextu
2462 2341 2593 2396 illud
2619 2341 2765 2411 quod
2788 2341 3009 2396 caeleste
3029 2346 3133 2406 est,
3152 2338 3478 2393 mirabiliter

1896 2440 1951 2485 et
1975 2429 2239 2501 magnfice
2264 2432 2510 2496 extollit;
2543 2440 2597 2487 et
2622 2432 2766 2502 quod
2815 2430 2883 2485 ab
2906 2430 3278 2499 insipientium
3305 2428 3479 2483 oculis

1898 2522 2036 2576 tanti
2084 2521 2362 2592 penditur,
2393 2524 2552 2593 quasi
2596 2539 2693 2593 per
2723 2522 3045 2591 despectum
3076 2531 3129 2576 et
3179 2520 3476 2574 ludibrium

1898 2621 2181 2678 extenuat,
2225 2622 2279 2670 et
2313 2615 2368 2669 in
2402 2615 2587 2669 odium
2625 2614 2887 2668 adducit:
2939 2611 3397 2682 quemadmodum
3431 2610 3479 2667 si

1900 2705 2025 2775 quis
2052 2704 2105 2758 in
2132 2720 2352 2760 carcere
2382 2715 2564 2770 natus,
2608 2704 2865 2759 tenebras
2906 2704 3049 2768 illas,
3088 2703 3289 2773 quibus
3317 2702 3477 2756 innu-

1900 2798 2066 2851 tritus
2104 2804 2187 2851 est
2219 2804 2273 2850 et
2303 2799 2592 2861 educatus,
2624 2796 2811 2851 eximii
2843 2795 2971 2850 boni
3014 2794 3134 2849 loco
3166 2800 3477 2863 reputaret;

1901 2887 1993 2955 qui
2037 2885 2294 2953 deinceps
2334 2885 2558 2939 luminis
2590 2884 2723 2939 aerii
2759 2884 3035 2954 particeps
3079 2881 3297 2946 factus.
3340 2897 3480 2937 con-

1903 2978 2124 3032 dcmnat
2154 2978 2304 3046 prius
2337 2976 2467 3030 illud
2504 2992 2663 3032 suum
2694 2974 2984 3045 judicium,
3019 2983 3316 3043 narratquc
3345 2988 3484 3042 qua-

1903 3067 2046 3122 libus
2072 3066 2401 3137 spectaculis
2447 3065 2581 3120 solis
2605 3072 2660 3119 et
2695 3065 2977 3119 steilarun:
3001 3105 3016 3128 ,
3045 3063 3333 3132 omnisque
3362 3063 3484 3130 pul-

1904 3158 2233 3214 chritudinis
2279 3172 2401 3227 quae
2453 3155 2508 3210 in
2543 3156 2685 3212 cmlo
2715 3155 3078 3225 conspicitur,
3126 3152 3482 3223 praeposuerit

1905 3248 2193 3317 caliginem
2245 3248 2332 3301 cui
2370 3254 2624 3302 assuetus
2665 3253 2819 3311 erat;
2874 3247 3021 3316 quod
3066 3248 3296 3302 meliora
3329 3248 3485 3317 igno-

1904 3348 2052 3393 raret
2083 3355 2097 3391 :
2132 3336 2341 3391 idcirco
2372 3338 2643 3409 improbat
2669 3345 2725 3391 ct
2752 3337 3004 3405 repudiat
3034 3351 3193 3391 suum
3225 3337 3294 3393 dc
3339 3338 3485 3392 bono

1906 3428 2214 3499 imperitum
2230 3427 2688 3499 judiciuur,seque
2716 3428 2901 3482 bestiae
2927 3429 3103 3482 instar
3129 3429 3336 3483 vixisse
3357 3444 3482 3499 pro.

1907 3519 2110 3587 litetur,
2134 3518 2377 3590 quandiu
2408 3518 2462 3570 in
2507 3518 2617 3572 illis
2651 3518 2857 3572 bonum
2891 3519 2997 3572 sibi
3038 3520 3227 3575 videre
3254 3520 3482 3575 videba-

1905 3619 2018 3666 tur.
2049 3611 2118 3664 At
2145 3625 2268 3671 cum
2296 3608 2365 3663 ad
2391 3606 2562 3662 Deum
2595 3607 2866 3663 adductus
2892 3617 3006 3673 est,
3038 3607 3183 3663 Deus
3214 3624 3345 3664 vero
3396 3617 3482 3663 est

1907 3701 2083 3764 ratio;
2110 3704 2164 3754 et
2195 3698 2262 3753 ad
2339 3700 2617 3755 dexteram
2640 3702 2885 3769 pervenit
2905 3701 3044 3768 ;dux
3064 3709 3242 3756 autem
3265 3701 3486 3757 dextera

1906 3792 1956 3848 ei
1983 3792 2086 3847 fuit
2115 3791 2255 3846 ratio
2283 3806 2379 3862 per
2410 3790 2702 3845 consilium
2736 3800 2789 3845 et
2817 3792 3291 3855 deliberationem,
3323 3792 3488 3863 vidit,-

1909 3900 2016 3956 que
2051 3885 2269 3940 virtutis
2300 3884 2554 3955 gloriam,
2589 3898 2697 3953 qua
2726 3884 2805 3938 illi
2840 3884 2931 3954 qui
2969 3885 3169 3939 ctelum
3200 3892 3488 3955 spectant,

1910 3992 2127 4033 sursum
2153 3977 2489 4044 evelluntur;
2519 3983 2648 4029 tunc
2663 3976 2892 4032 vocibus
2910 3977 3018 4032 illis
3042 3977 3231 4041 utitur,
3256 3992 3489 4046 quarum

1911 4069 2081 4124 altera
2119 4069 2347 4135 bonum,
2369 4068 2516 4137 quod
2547 4068 2688 4123 inter
2714 4068 2965 4124 homines
2992 4069 3283 4138 reperitur,
3313 4068 3491 4123 extol-

1911 4162 1993 4227 lit,
2034 4168 2088 4214 et
2121 4167 2181 4214 ut
2224 4158 2609 4214 admirandum
2650 4160 2948 4230 praedicat;
2990 4160 3162 4212 altera
3197 4160 3491 4214 vanitatem

209 4255 355 4314 Εἶτα
385 4256 606 4324 ἐπάγει·
639 4275 657 4306 ι
682 4253 823 4322 Ἐγὼ
852 4254 908 4307 δὲ
934 4252 1021 4307 διὰ
1052 4253 1250 4316 παντὸς
1286 4252 1422 4323 μετὰ
1441 4253 1556 4307 σοῦ.
1588 4272 1607 4305 ι
1636 4254 1789 4307 Τοῦτ(

1911 4261 1964 4307 ει
1988 4254 2009 4306 f
2008 4252 2294 4307 utilitatem
2315 4251 2523 4307 fallacis
2540 4253 2704 4308 studii
2723 4255 2777 4306 in
2800 4253 2901 4305 bac
2919 4251 3028 4304 vita
3047 4250 3388 4316 detestatur;
3413 4251 3496 4305 sic

208 4349 272 4403 δὲ
315 4346 491 4403 εἰπὼν
541 4347 636 4400 καὶ
690 4346 778 4399 τὸν
812 4345 1013 4417 τρόπον
1063 4344 1162 4413 τῆς
1209 4345 1341 4415 πρὸς
1378 4343 1468 4397 τὸν
1509 4343 1639 4398 Θεὸν
1681 4362 1789 4398 συν-

1912 4352 2089 4399 autem
2112 4349 2225 4396 tota
2255 4342 2432 4396 oratio
2458 4343 2524 4396 ad
2549 4343 2776 4398 verbum
2803 4341 2965 4395 habet
2994 4359 3007 4395 :
3044 4359 3063 4392 ι
3096 4339 3163 4395 Ut
3182 4340 3493 4411 jumeutum

209 4439 424 4509 αφείας
457 4435 835 4507 προστίθησιν.
868 4436 955 4497 Ὠς
986 4432 1051 4487 ἂν
1080 4434 1171 4486 καί
1197 4434 1357 4504 ἡμεῖς
1375 4434 1662 4505 μάθοιμεν,
1696 4433 1813 4499 πῶς

208 4531 242 4581 6
281 4527 508 4600 πρῶτον
529 4525 809 4597 κτηνώδης
839 4526 977 4595 μετά
996 4525 1171 4579 ταῦτα
1192 4524 1271 4596 τῷ
1295 4525 1414 4597 Θεῷ
1443 4525 1773 4597 συνάπτεται
1794 4541 1810 4557 ⁸

216 4642 238 4676 ι
278 4621 632 4692 Ἔκράτησας
667 4638 686 4670 ι
730 4618 860 4689 γὰρ,
901 4619 1057 4690 φησὶ,
1104 4637 1122 4671 ι
1163 4618 1264 4689 τῆς
1299 4618 1479 4691 χειρὸς
1505 4621 1604 4692 τῆς
1633 4619 1813 4684 δεξιᾶς

211 4731 351 4784 μου.
392 4730 413 4763 ι
446 4710 584 4764 θεοῦ
627 4709 915 4781 ἀντίληψιν
941 4708 1128 4776 λέγει,
1158 4707 1255 4779 τὴν
1288 4708 1423 4781 πρὸς
1447 4707 1515 4761 τὰ
1544 4708 1815 4780 ἅξιάτῆς

206 4801 468 4864 διανοίας
489 4800 687 4871 ὁρμήν.
722 4817 741 4851 ι
769 4799 879 4851 Καὶ
898 4800 957 4852 ἐν
977 4801 1042 4870 τῇ
1067 4797 1227 4869 βουλῇ
1250 4814 1342 4850 σου
1365 4797 1653 4870 ὼδήγησάς
1672 4815 1760 4870 με⁹
1792 4817 1812 4852 r

208 4892 278 4944 ού
314 4891 434 4962 γὰρ
467 4889 776 4952 ἀνευθείας
815 4888 1013 4959 βουλῆς
1046 4888 1256 4956 γίνεται
1287 4888 1380 4940 ἐπὶ
1408 4888 1469 4941 τὸ
1501 4887 1660 4942 καλὸν
1687 4888 1815 4960 ὁδη-

210 4983 338 5051 γία.
382 4999 404 5032 ι
446 4982 559 5036 Καὶ
594 4980 733 5052 μετὰ
761 4979 919 5052 δόξης
951 4979 1287 5049 προσελάϐου
1311 4978 1635 5050 με.ιΚαλῶς
1666 4981 1817 5033 ἀντι-

207 5073 532 5130 διαστέλλει
577 5075 645 5143 τῇ
691 5073 923 5146 αἰσχύνῃ
964 5072 1063 5142 τὴν
1108 5070 1286 5135 δόξαν.
1354 5072 1514 5136 Ἥτις
1564 5071 1817 5145 καθάπερ

294 5256 350 5284 ³*
372 5204 523 5308 Psal.
549 5268 722 5317 Lxxn,
756 5250 857 5308 25;
924 5252 944 5284 ⁵
964 5249 1095 5307 ibid.
1120 5250 1189 5305 25
1211 5264 1334 5321 sqq.

299 5440 421 5509 (66)
446 5414 533 5503 Mi,
570 5453 684 5509 om.
716 5436 801 5490 ed.

298 5505 419 5582 (67)
458 5505 762 5595 Προετίθει,
788 5506 876 5563 ed.

1902 4431 2082 4489 factus
2096 4449 2217 4488 sum
2236 4433 2379 4503 apud
2398 4434 2504 4490 te“.
2527 4449 2548 4484 ι
2573 4434 2670 4490 llis
2692 4433 3030 4489 aﬂ‘ectionem
3051 4432 3281 4490 rationis
3301 4449 3497 4505 exper-

1914 4533 2020 4580 tem
2068 4524 2431 4580 demonstrat.
2465 4524 2632 4579 Addit
2693 4524 2890 4580 deinde
2922 4543 2935 4579 :
2978 4544 2996 4577 ι
3034 4524 3102 4580 Ει
3146 4539 3249 4596 ego
3285 4540 3500 4595 semper

1912 4623 2121 4685 tecum._
2156 4636 2175 4670 ι
2204 4615 2330 4671 llaec
2382 4617 2571 4674 dicens
2620 4616 2780 4672 etiam
2814 4616 3038 4671 modum
3086 4618 3500 4686 eonjunctionis

1913 4724 2035 4766 cum
2065 4710 2175 4765 Deo
2210 4709 2420 4779 adjicit,
2447 4716 2509 4762 ut
2535 4714 2590 4766 et
2623 4722 2726 4764 nos
2756 4707 3058 4775 discamus,
3101 4707 3379 4778 quomodo
3401 4707 3497 4777 qui

1914 4801 2068 4872 prius
2097 4801 2273 4858 instar
2306 4802 2543 4873 jumenti
2575 4808 2724 4867 erat,
2767 4808 2959 4872 postea
2988 4815 3113 4856 cum
3143 4799 3254 4855 Deo
3294 4815 3500 4856 conso-

1917 4891 2115 4947 cietur.
2151 4910 2168 4942 ι
2221 4890 2506 4959 Tenuisti,
2538 4910 2557 4944 ι
2594 4892 2791 4963 inquit,
2852 4910 2872 4943 ι
2905 4891 3183 4947 dexteram
3228 4904 3429 4945 meam.
3473 4906 3494 4941 ι

1919 4982 2014 5038 Dei
2052 4983 2316 5037 auxilium
2352 4984 2531 5039 innuit
2574 5000 2672 5054 per
2702 4983 2902 5039 mentis
2929 4982 2997 5037 ad
3034 4981 3315 5036 dexteram
3346 4987 3502 5034 trait-

1921 5073 2199 5129 sitionem.
2250 5094 2268 5126 ι
2307 5072 2373 5127 Ει
2406 5075 2462 5129 in
2488 5075 2765 5131 voluntate
2791 5085 2882 5131 tua
2905 5072 3182 5131 deduxisti
3205 5086 3315 5131 me.
3346 5089 3367 5126 ι
3395 5069 3503 5127 Νε-

2012 5429 2125 5502 (68)
2157 5428 2509 5503 Ἀνθρώποις,
2547 5428 2637 5485 ed.
