3800 5980
321 139 424 196 L55

1537 130 1596 186 S.
1644 129 1973 188 GREGORII
2007 129 2308 188 NYSSENI

3455 119 3565 178 εἴ)ιῖ

320 269 430 326 que
447 251 593 308 enim
617 251 734 305 sine
761 249 944 306 divina
975 249 1258 306 voluntate
1295 248 1356 304 ﬁt
1383 247 1452 303 ad
1477 257 1686 304 rectum
1712 258 1767 306 et
1794 251 1888 307 ho-

2005 253 2174 324 εχημά
2197 270 2250 307 τι
2280 250 2372 306 καὶ
2400 253 2596 322 πτερὸν
2629 249 2835 318 γίνεται
2863 245 2954 300 τοῦ
2979 245 3083 298 ὑπὸ
3105 241 3203 313 τῆς
3221 236 3371 302 θείας
3392 253 3567 309 προσ-

323 351 534 398 nestum
557 341 846 397 traductio.
902 358 921 391 ι
953 339 1018 394 Et
1045 355 1168 394 cum
1195 339 1370 410 gloria
1391 340 1682 414 suscepisti
1717 355 1821 396 me.
1867 360 1886 392 ι

321 434 556 489 Pulchre
585 433 809 504 opponit
842 430 1036 502 pudori
1066 431 1332 502 gloriam;
1385 447 1507 500 qua:
1541 430 1701 500 quasi
1738 429 1892 484 vehi-

321 527 507 580 culum
547 531 602 580 et
643 525 727 578 ala
764 524 1014 594 quaedam
1053 523 1134 577 illi
1163 531 1268 588 est,
1301 523 1396 594 qui
1438 538 1470 577 a
1509 522 1693 576 divina
1723 535 1889 574 manu

322 615 622 672 assumitur
659 626 715 669 et
753 615 990 670 ducitur.
1046 614 1141 669 His
1193 615 1310 669 haec
1366 613 1615 683 adjecit:
1678 629 1697 663 ι
1747 610 1890 676 Quid

325 709 468 764 enim
509 707 640 762 mihi
687 717 772 762 est
819 707 875 760 in
913 707 1088 772 coelo,
1125 715 1179 761 et
1209 722 1238 761 a
1285 713 1339 762 te
1368 707 1499 776 quid
1532 705 1677 760 volui
1731 719 1896 774 super

324 799 572 853 terram?
618 817 638 850 ι
707 799 778 850 At
823 797 967 868 quod
1017 799 1175 852 multi
1231 798 1542 853 mortalium
1609 797 1898 865 hucusque

324 887 490 942 etiam
536 886 821 947 factitant,
857 886 911 942 id
956 885 1206 941 videlicet
1235 894 1356 948 est;
1381 901 1504 941 cum
1538 891 1746 938 tantam
1793 884 1894 938 bo-

323 992 521 1032 norum
559 977 771 1047 copiam
820 978 874 1031 in
908 978 1051 1032 celo
1087 979 1379 1046 repositam
1411 977 1666 1040 habeant,
1700 975 1766 1028 ad
1805 990 1897 1028 ar-

322 1071 548 1126 bitrium
588 1086 784 1136 suum;
829 1067 1185 1125 nihilominus
1219 1071 1471 1140 precibus
1500 1083 1720 1138 quoque
1769 1082 1898 1124 con-

323 1159 588 1224 tendunt,
643 1167 702 1214 ut
753 1175 784 1214 a
833 1159 944 1215 Deo
992 1161 1278 1215 obtineant
1309 1159 1624 1215 umbratiles
1675 1159 1800 1214 illas
1845 1168 1900 1215 et

328 1250 684 1319 imaginarias
713 1250 955 1306 fallacias
974 1292 989 1317 ,
1025 1249 1453 1305 dominationem
1475 1291 1490 1317 ,
1521 1250 1745 1320 inquam
1764 1289 1780 1315 ,
1810 1249 1898 1304 vel

327 1341 614 1408 honorem,
645 1343 722 1397 vel
749 1341 988 1407 divitias,
1017 1345 1106 1398 vel
1133 1342 1389 1398 miseram
1412 1342 1559 1396 illam
1584 1341 1892 1410 gloriolam,

329 1433 491 1503 cujus
538 1434 793 1503 cupidine
823 1435 1126 1488 humanum
1158 1449 1330 1504 genus
1369 1433 1594 1489 insanit.
1630 1433 1734 1498 Qui
1767 1447 1898 1487 vero

323 1525 380 1579 in
403 1525 721 1580 ccelestibus
745 1536 1016 1588 versatur,
1045 1526 1093 1580 is
1120 1532 1174 1580 et
1195 1525 1300 1580 hoc
1319 1523 1512 1579 ordine
1540 1521 1900 1579 conveniente

1993 343 2400 414 λαμϐανομένου
2421 341 2643 412 χειρὸς,
2686 341 2814 393 ὅταν
2853 355 2937 400 τις
2969 333 3156 390 ἑαυτὸν
3189 329 3298 384 τῶν
3325 329 3450 382 κατ’
3480 329 3567 380 αἱ·

1995 437 2194 508 σχύνην
2236 435 2413 507 ἔργων
2447 431 2804 504 ἀλλοτριὼσῃ.
2849 429 2960 482 Καὶ
3000 427 3141 480 οὕτω
3173 426 3282 485 τοῖς
3321 419 3572 491 ῥηθεῖσιν

1995 528 2263 596 ἐπήγαγε·
2303 542 2324 576 ί
2357 523 2424 576 Τί
2453 524 2561 592 γάρ
2606 539 2694 593 μοι
2729 521 2964 590 ὑπάρχει
3008 519 3066 570 ὲν
3091 514 3170 586 τῷ
3202 510 3438 582 οὐρανῷ,
3477 509 3574 562 καὶ

1995 617 2145 686 παρὰ
2186 618 2278 670 σου
2303 615 2357 666 τί
2386 614 2626 684 ἠθέλησα
2671 614 2762 665 ἐπὶ
2789 612 2887 680 τῆς
2933 610 3074 678 γῆςς
3129 627 3148 657 ι
3193 605 3221 658 ὃ
3257 603 3322 674 δὴ
3354 599 3576 655 ποιοῦσι

2000 708 2162 778 μέχρι
2193 706 2288 760 τοῦ
2335 706 2432 758 νῦν
2470 706 2520 758 οἱ
2566 703 2752 756 πολλοὶ
2797 701 2904 754 τῶν
2935 697 3239 770 ἀνθρώπων
3267 717 3282 733 ο
3315 692 3576 747 τοιούτων

1996 801 2177 862 αὐτοῖς
2231 799 2348 850 κατ’
2403 796 2650 862 ἐξουσίαν
2699 793 3054 863 ὑπαρχόντων
3104 791 3162 842 ὲν
3207 786 3285 858 τῷ
3331 781 3574 855 οὐρανῷ,

1996 889 2142 958 ὅμως
2177 889 2233 942 ἐν
2266 887 2429 956 εὐχῆς
2467 887 2620 958 μέρει
2655 884 2932 939 ποιοῦνται
2977 883 3038 935 τὸ
3089 879 3242 951 παρὰ
3288 877 3384 930 τοῦ
3435 873 3573 928 Θεοῦ

1997 976 2247 1046 γενέσθαι
2275 975 2373 1038 τὰς
2395 973 2786 1044 φαντασιὼδεις
2811 972 3044 1033 ἀπάτας,
3081 966 3398 1021 δυναστείαν
3427 962 3572 1026 τινά,

1995 1069 2031 1140 ἢ
2059 1069 2244 1140 τιμὴν,
2295 1069 2329 1138 ἢ
2364 1068 2611 1131 πλοῦτον,
2646 1067 2680 1138 ἢ
2721 1066 2781 1118 τὺ
2811 1064 3069 1134 δύστηνον
3096 1061 3256 1115 τοῦτο
3302 1058 3574 1128 δοξάριον,

1999 1161 2128 1232 περὶ
2158 1161 2188 1214 ὃ
2223 1159 2462 1232 μέμηνεν
2493 1163 2526 1231 ἡ
2551 1158 2861 1231 ἀνθρωπίνη
2889 1155 3066 1226 φύσις.
3114 1153 3172 1208 '0
3199 1153 3256 1206 δὲ.
3279 1153 3334 1205 ὲν
3362 1150 3578 1211 τούτοις

1999 1250 2311 1321 γενόμενος,
2355 1249 2423 1302 δι’
2473 1247 2768 1302 ἀκολούθου
2809 1246 3004 1314 ἐπάγει
3036 1243 3128 1302 τὸ,
3163 1259 3182 1293 ε
3237 1239 3392 1310 Ἐμοὶ
3423 1237 3482 1291 δὲ
3514 1236 3576 1289 τὸ

2001 1341 2434 1413 προσκολλᾶσθαι
2464 1339 2543 1410 τῷ
2573 1339 2693 1410 Θεῷ
2732 1337 2932 1406 ἀγαθόν
2966 1337 3104 1398 ἐστι,
3133 1331 3378 1386 τίθεσθαι
3405 1330 3464 1382 ἐν
3496 1341 3581 1397 τῳ

1999 1435 2188 1506 Κυρίῳ
2221 1433 2319 1502 τὴν
2345 1433 2534 1486 ἐλπίδα
2558 1423 2680 1503 μου.
2717 1451 2736 1484 ›
2775 1429 2944 1483 Τοῦτο
2969 1427 3202 1488 δεικνὺς,
3227 1425 3309 1476 ὅτι
3332 1419 3580 1506 συμφύε-

1999 1505 2102 1578 ταιί
2119 1523 2316 1594 τρόπον
2343 1520 2464 1575 τινά
2485 1519 2562 1591 τῷ
2593 1519 2735 1589 Θεῷ,
2767 1519 2795 1570 ὁ
2814 1517 2951 1587 πρὸς
2977 1513 3137 1568 αὑτὸν
3163 1510 3254 1564 διά
3273 1507 3382 1562 τῶν
3422 1505 3580 1560 ἐλπί-

325 1611 476 1666 addit
507 1631 521 1668 :
561 1633 580 1665 ‹
617 1613 747 1668 Mihi
785 1585 1060 1669 adhaerere
1096 1613 1205 1668 Deo
1235 1613 1440 1668 bonum
1467 1623 1574 1679 est,
1608 1626 1812 1684 ponere
1841 1611 1896 1666 in

2005 1615 2104 1667 δων
2134 1585 2489 1682 κολλώμενος,
2525 1585 2619 1664 καί⁸
2647 1585 2704 1663 ἓν
2723 1585 2864 1680 πρὸς
2891 1609 3094 1660 ἐκεῖνον
3119 1602 3432 1672 γενόμενος.

327 1701 555 1758 Domino
583 1719 733 1774 spem
766 1719 938 1759 meam
969 1724 980 1758 :
1018 1723 1037 1756 ι
1077 1704 1179 1759 hoc
1208 1704 1546 1776 significans,
1574 1705 1727 1760 illum
1761 1703 2166 1778 quodammodo
2215 1705 2325 1760 Deo
2361 1702 2618 1768 adnasci,
2683 1701 2774 1772 qui
2824 1699 2928 1770 ipsi
2978 1712 3076 1770 per
3131 1711 3283 1766 spem
3327 1694 3581 1748 adhaere-

323 1796 470 1866 scit,
503 1812 671 1852 unum
705 1812 830 1852 cum
863 1799 983 1867 ipso
1017 1795 1216 1853 factus.

945 1963 1170 2020 CAPUT
1210 1965 1320 2021 VII.

397 2098 532 2153 Cum
569 2098 734 2168 igitur
761 2097 815 2151 in
841 2097 1000 2151 tertia
1023 2099 1265 2154 sectione
1297 2098 1567 2168 ejusmodi
1597 2099 1670 2155 sit
1701 2099 1768 2154 ad
1803 2117 1904 2156 su-

327 2201 460 2256 pera
487 2199 773 2252 ascensus,
803 2185 851 2239 is
871 2187 962 2255 qui
989 2186 1093 2240 huc
1117 2187 1464 2242 celsitudinis
1483 2195 1716 2242 mentem
1745 2203 1902 2242 suam

326 2280 594 2350 provexit,
617 2293 810 2336 rursus
834 2280 1117 2350 superiore
1136 2279 1305 2350 gradu
1328 2280 1688 2350 apprehenso,
1723 2280 1902 2352 seipso

329 2369 388 2422 ﬁt
433 2369 607 2438 major
647 2378 700 2424 et
741 2371 1046 2435 sublimior,
1085 2371 1138 2424 in
1187 2379 1382 2442 quarta
1419 2371 1680 2426 nimirum
1715 2380 1899 2442 parte,

323 2461 472 2514 velut
495 2461 747 2524 tertium',
779 2471 840 2517 ut
871 2462 1073 2518 Paulus
1098 2465 1194 2530 ait,
1222 2465 1426 2518 coelum
1460 2464 1757 2528 transiens,
1783 2480 1904 2535 spa-

323 2551 421 2606 tiis
459 2551 573 2621 jam
624 2554 776 2622 prius
836 2555 1138 2624 peragratis
1189 2555 1458 2609 excelsior
1505 2554 1786 2609 ellicitur:
1844 2556 1902 2609 in

327 2657 514 2710 quam,
549 2634 791 2712 non'jam
814 2645 994 2713 quivis
1015 2643 1082 2699 de
1103 2645 1284 2714 vulgo,
1317 2645 1410 2700 sed
1437 2645 1601 2700 homo
1632 2660 1756 2700 cum
1790 2645 1900 2702 Dco

325 2733 692 2803 conjunctus,
745 2733 1011 2804 ﬁrmoque
1069 2751 1210 2790 nexu
1259 2737 1549 2806 copulatus
1601 2737 1798 2792 subit:
1832 2738 1902 2792 ita

324 2840 454 2879 vero
487 2840 616 2880 sese
646 2825 812 2880 habet
851 2829 1057 2891 oratio,
1090 2844 1212 2896 qua:
1247 2829 1526 2898 sequentis
1553 2830 1726 2898 partis
1756 2830 1904 2898 prin-

2550 1957 2944 2014 ΚΕΦΑΛΑΙΟΝ
2979 1959 3051 2014 Z'.

2075 2099 2344 2170 Τοιαύτης
2387 2099 2563 2153 τοίνυν
2603 2097 2900 2168 γενομένης
2929 2099 2987 2150 ἐν
3022 2093 3100 2166 τῷ
3133 2095 3298 2166 τρίτῳ
3327 2096 3583 2166 τμήματι

2002 2191 2101 2260 τῆς
2131 2191 2222 2244 έπὶ
2247 2189 2309 2244 τδ
2351 2189 2482 2259 ὕψος
2515 2189 2734 2252 ἀνόδου,
2769 2176 2919 2240 δ’ὲπὶ
2948 2185 3197 2240 τοσοῦτον
3245 2186 3582 2256 ἀναληφθεὶς

1999 2282 2099 2352 τὴν
2125 2279 2383 2345 διάνοιαν,
2415 2278 2577 2333 πάλιν
2612 2278 2704 2330 τοῦ
2741 2279 3136 2348 ὑπερκειμένου
3168 2276 3378 2347 βαθμοῦ
3409 2277 3578 2330 λαϐό-

2004 2389 2182 2441 μενος,
2210 2371 2418 2440 γίνεται
2448 2370 2612 2434 αὐτὸς
2641 2371 2832 2424 ἑαυτοῦ
2869 2370 3072 2440 μείζων
3097 2371 3191 2422 καὶ
3207 2370 3540 2442 ὑψηλότερος
3561 2387 3576 2401 ·

2000 2463 2058 2515 ὲν
2108 2461 2186 2532 τῷ
2235 2461 2478 2532 τετάρτῳ
2527 2461 2714 2532 μέρει,
2759 2461 2922 2514 οἱονεὶ
2967 2462 3148 2532 τρίτον
3175 2461 3295 2515 τινά
3320 2464 3460 2516 κατά
3485 2463 3581 2516 τὸν

2005 2552 2214 2606 Παῦλον
2259 2551 2449 2614 διαϐάς
2496 2551 2744 2622 οὐρανὸν,
2800 2551 2896 2603 καὶ
2939 2551 3046 2604 τῶν
3094 2552 3581 2624 προδιηνυσμένων

2005 2643 2318 2713 ὑψωμάτων
2373 2642 2609 2712 γεγονὼς
2658 2643 3008 2713 ὑψηλότερος.
3081 2645 3395 2714 Διαδέχεται
3469 2646 3581 2716 γάρ

2004 2733 2176 2786 ταῦτα
2215 2733 2397 2786 οὐκέτι
2433 2735 2461 2786 ὀ
2494 2733 2668 2795 κοινὸς
2703 2731 3006 2802 ἄνθρωπος,
3034 2733 3148 2786 ἀλλ’
3174 2735 3202 2785 ό
3236 2735 3581 2806 προσκολλη-

2005 2821 2117 2886 Oet;
2145 2822 2242 2894 ἤδη
2275 2825 2365 2876 καὶ
2394 2824 2733 2895 συνημμένος
2759 2825 2894 2894 Θεῷ.
2919 2828 3055 2896 Φησὶ
3083 2827 3140 2880 δὲ
3161 2827 3333 2892 οὕτως
3365 2832 3394 2882 ὁ
3421 2831 3582 2900 λόγος

325 2914 526 2983 eipium
553 2923 638 2968 est
678 2934 691 2968 :
734 2935 752 2966 ι
787 2914 974 2970 Oratio
1020 2915 1191 2988 Moysi
1231 2919 1438 2974 homini
1485 2918 1578 2973 Dei
1611 2921 1651 2974 ⁸.
1699 2939 1716 2970 ›
1753 2920 1896 2974 Talis

2005 2911 2096 2965 τοῦ
2132 2913 2328 2984 ἐφεξῆς
2361 2914 2558 2987 μέρους
2585 2915 2906 2985 ἀρχόμενος·
2943 2934 2961 2966 ‹
3003 2917 3282 2990 Προσευχὴ
3306 2920 3383 2990 τῷ
3402 2923 3579 2994 Μωσῇ

325 3000 471 3054 cnim
509 3001 625 3067 jam
672 3003 771 3056 iste
801 3012 920 3068 est,
957 3013 1152 3058 utnon
1189 3007 1420 3076 amplius
1471 3023 1610 3077 opus
1643 3008 1840 3063 habeat
1869 3024 1899 3062 a

327 3091 464 3162 lege,
497 3099 760 3161 tanquam
791 3110 820 3147 a
849 3093 1140 3166 paedagogo
1168 3097 1396 3163 instrui;
1427 3099 1521 3154 sed
1551 3107 1608 3152 ut
1633 3099 1749 3168 ipse
1779 3100 1899 3155 aliis

328 3183 462 3252 legis
485 3183 679 3238 doctor
700 3192 754 3238 et
779 3187 1098 3256 explanator
1129 3187 1239 3250 ﬁat,
1267 3189 1575 3256 cujusmodi
1607 3199 1724 3245 erat
1754 3189 1902 3260 Moy—

325 3288 416 3328 ses
449 3273 538 3328 ille
567 3275 854 3337 sublimis,
895 3277 962 3332 de
995 3293 1104 3346 quo
1129 3278 1241 3347 jam
1283 3281 1620 3346 audivimus,
1662 3281 1756 3350 qui
1805 3297 1898 3335 re-

325 3364 468 3434 giam
501 3364 842 3436 dignitatem,
871 3377 1130 3442 tanquam
1158 3371 1434 3439 pulverem
1465 3371 1694 3441 pedibus
1718 3371 1901 3426 adhae-

323 3464 628 3511 rescentcm
671 3467 866 3529 sponte
901 3462 1179 3528 excussit;
1210 3463 1303 3532 qui
1342 3463 1704 3534 quadraginta
1739 3464 1900 3519 annis

325 3544 394 3598 ab
437 3545 719 3600 hominum
754 3548 1034 3603 consortio
1077 3565 1200 3604 sese
1241 3553 1576 3622 segregavit,
1614 3553 1766 3607 solus
1795 3551 1900 3606 sibi

325 3639 427 3692 soli
457 3639 666 3703 vivens,
697 3641 861 3710 inque
885 3657 982 3695 sua
1015 3641 1197 3710 quieto
1217 3643 1692 3712 inaspectabilium
1718 3657 1899 3696 rerum

325 3730 770 3798 contemplationi
823 3745 1093 3798 suspensa
1137 3741 1316 3786 mente
1356 3749 1594 3798 vacans;
1633 3732 1727 3801 qui
1777 3737 1900 3800 post

333 3821 448 3876 haec
487 3821 746 3874 ineffabili
778 3822 980 3876 lumine
1039 3823 1294 3892 perfusus
1323 3831 1435 3889 est,
1467 3823 1770 3890 animaeque
1803 3837 1899 3891 pe-

323 3908 423 3962 des
454 3922 521 3961 ex
563 3909 816 3962 coriaceo
861 3917 913 3960 et
958 3919 1175 3961 mortuo
1229 3919 1543 3979 legumento
1595 3910 1897 3978 expedivit;

325 3999 418 4070 qui
463 3998 780 4070 Egyptium
817 4002 1115 4053 exercitum
1159 4011 1212 4054 ct
1245 4011 1532 4070 tyrannum
1565 4003 1666 4056 sibi
1709 4010 1900 4056 mutuo

328 4091 744 4146 succedentibus
777 4091 950 4160 plagis
980 4092 1211 4156 attrivit,
1253 4101 1440 4160 erepto
1482 4091 1680 4148 lsraele
1713 4109 1778 4146 cx
1813 4101 1897 4163 ty-

327 4181 558 4235 rannide
601 4197 697 4251 per
735 4182 918 4234 lumen
957 4188 1012 4236 et
1048 4196 1282 4250 aquam;
1331 4183 1419 4236 cui
1461 4194 1582 4252 post
1611 4200 1895 4239 excessum

2003 3001 2273 3073 ἀνθρώπῳ
2307 3003 2400 3056 τοῦ
2452 3003 2584 3056 Θεοῦ
2609 3022 2621 3035 ·
2671 3023 2690 3056 ι
2739 3006 2974 3070 τοιοῦτος
3000 3007 3108 3079 γάρ
3149 3010 3247 3080 ἤδη
3281 3006 3466 3076 οὗτος,
3502 3016 3581 3077 ὡς

2007 3093 2201 3164 μηκέτι
2239 3095 2700 3176 παιδαγωγεῖσθαι
2743 3097 2890 3167 νόμῳ
2913 3139 2928 3163 ,
2961 3097 3074 3152 ἀλλ’
3127 3102 3424 3172 εἰσηγητὴς
3459 3106 3582 3158 ἑτέ-

2006 3202 2118 3254 ροις
2147 3185 2391 3252 γίνεσθαι
2423 3187 2589 3256 νόμου
2615 3205 2629 3218 ο
2665 3182 2775 3250 οἷος
2812 3184 2879 3259 ἦν
2908 3189 3114 3260 Μωσῆς
3147 3193 3350 3256 ἐκεῖνος
3385 3197 3414 3247 ό
3443 3195 3582 3267 ὑψη-

2001 3277 2111 3340 λὸς,
2144 3276 2202 3328 ὃν
2229 3277 2494 3348 ἀκούομεν
2517 3294 2531 3307 ·
2573 3280 2600 3330 ὁ
2627 3279 2727 3349 τὴν
2765 3278 3048 3351 βασιλικὴν
3091 3281 3278 3348 ἀξίαν,
3326 3285 3578 3359 καθάπερ

2003 3367 2122 3422 τινὰ
2171 3369 2318 3422 κόνιν
2364 3370 2827 3438 περισπασθεῖσαν
2879 3375 2944 3442 τῇ
3005 3371 3157 3441 βάσει
3211 3375 3319 3428 τῶν
3369 3379 3576 3443 ποδῶν,

2003 3460 2263 3522 ἑκουσίως
2292 3461 2728 3530 ἐκτιναξάμενος.
2769 3461 2825 3514 Ὀ
2847 3463 3251 3533 τεσσαράκοντα
3297 3467 3442 3521 ἔτεσι
3473 3472 3580 3540 τῆς

2007 3551 2143 3621 μετά
2160 3550 2267 3604 τῶν
2298 3550 2888 3622 ἀνθρώπωνὲπιμιξίας
2919 3554 3107 3606 ἑαυτὸν
3137 3556 3448 3624 ἀποικίσας,
3481 3564 3583 3617 καὶ

2006 3637 2164 3707 μόνος
2191 3639 2334 3707 μόνῳ
2356 3638 2528 3702 συζῶν
2556 3639 2752 3709 ἑαυτῷ,
2789 3642 2882 3692 καὶ
2908 3640 2992 3693 διὰ
3016 3643 3242 3712 ἡσυχίας
3266 3647 3579 3720 ἀμετεωρί-

2005 3742 2144 3786 στως
2169 3729 2233 3796 τῇ
2261 3726 2462 3798 θεωρία
2493 3728 2598 3780 τῶν
2629 3728 2874 3798 ἀοράτων
2908 3730 3243 3795 ὲνατενίζων·
3271 3737 3298 3786 ό
3326 3737 3403 3806 τῷ
3435 3741 3580 3807 φωτὶ

2003 3815 2080 3885 τῷ
2112 3817 2334 3887 ἀρρήτῳ
2369 3818 2506 3887 μετά
2535 3818 2705 3872 ταῦτα
2739 3822 3137 3889 καταυγασθεὶς
3157 3865 3170 3888 ,
3204 3827 3297 3878 καὶ
3326 3831 3423 3898 τῆς
3453 3831 3582 3900 δερ-

2005 3907 2234 3978 ματίνης
2268 3926 2324 3960 τε
2349 3911 2441 3961 καὶ
2466 3912 2664 3980 νεκρᾶς
2693 3911 2982 3982 περιϐολῆς
3012 3913 3244 3979 ἐκλύσας
3274 3919 3373 3986 τῆς
3394 3919 3579 3991 ψυχῆς

2003 3999 2099 4070 τὴν
2135 3998 2306 4068 βάσιν.
2351 4000 2408 4054 Ὀ
2440 4001 2532 4053 τὸν
2574 4001 2868 4069 Αίγύπτιον
2901 4005 3126 4074 στρατόν
3159 4024 3215 4058 τε
3250 4009 3342 4061 καὶ
3371 4011 3578 4080 τύραν-

2001 4107 2090 4143 νον
2120 4093 2237 4152 ταῖς
2276 4091 2361 4141 ἐπ’
2389 4089 2636 4160 ἀλλήλοις
2669 4093 2928 4162 ἐκτρίψας
2969 4094 3226 4164 πληγαῖς,
3256 4099 3348 4150 τὸν
3372 4099 3428 4152 δὲ
3472 4102 3582 4156 Ἰσ..

2007 4181 2142 4252 ραὴλ
2171 4181 2538 4250 ἐλευθερώσας
2565 4182 2662 4252 τῆς
2683 4185 2992 4252 τυραννίδος
3013 4186 3100 4239 διὰ
3124 4189 3216 4240 τοῦ
3248 4191 3445 4257 φωτὸς,
3479 4197 3580 4249 καὶ

325 4287 393 4326 ex
431 4271 665 4342 IEgypto
699 4281 869 4326 totum
911 4281 1126 4344 tempus
1157 4273 1272 4328 dies
1302 4289 1409 4327 una
1449 4273 1580 4341 fuit;
1616 4291 1895 4344 nunquam

2005 4269 2096 4322 τοῦ
2123 4268 2331 4332 ὓδατοςο
2357 4263 2400 4335 ᾧ
2422 4270 2530 4339 (70)
2558 4271 2692 4340 μετά
2719 4273 2814 4342 τὴν
2845 4274 3116 4340 Αἴγυπτον
3137 4279 3163 4329 ό
3189 4280 3374 4348 χρόνος
3404 4280 3578 4352 ἅπας,

327 4371 486 4417 nocte
512 4364 752 4418 tenebris
770 4365 1094 4430 obscurato;
1127 4365 1434 4434 excipiebat
1463 4366 1606 4419 enim
1641 4367 1774 4420 solis
1806 4383 1894 4420 ra-

327 4451 449 4505 dios
470 4460 591 4520 post
617 4452 870 4504 diurnum
905 4452 1022 4515 iter,
1057 4451 1205 4506 aliud
1246 4454 1426 4508 lumen
1457 4469 1522 4508 ex
1559 4455 1703 4507 nube
1751 4468 1894 4508 novo

327 4559 479 4598 more
508 4543 866 4612 productum;
916 4553 975 4598 ut
1011 4547 1092 4600 sol
1119 4545 1338 4616 quidem
1381 4547 1691 4615 praestituto
1723 4561 1890 4601 cursu

326 4633 613 4698 confecto,
656 4635 790 4705 ipsis
829 4638 1214 4696 occumberet,
1245 4635 1426 4690 lumen
1470 4652 1598 4692 vero
1625 4637 1892 4708 lampadis

324 4742 389 4780 ex
423 4727 676 4780 columna
707 4726 1024 4796 refulgentis
1055 4736 1317 4796 perpetuo
1345 4736 1399 4782 et
1426 4729 1546 4782 sine
1590 4729 1700 4781 ulla
1728 4729 1892 4784 vicis-

316 4817 563 4882 situdine
592 4830 962 4886 permaneret,
1011 4830 1062 4872 et
1093 4821 1299 4888 absque
1327 4820 1436 4872 ulla
1465 4819 1806 4874 dubitatione
1840 4820 1893 4874 in

326 4907 504 4960 locum
539 4907 801 4962 solarium
845 4907 1120 4961 radiorum
1155 4909 1384 4964 subiret.
1429 4908 1532 4974 Qui
1567 4924 1809 4964 amaram
1841 4918 1896 4964 ct

325 4993 391 5048 ad
431 5001 616 5062 potum
665 4993 902 5064 ineptam
934 5010 1130 5064 aquam
1178 4997 1325 5065 ligno
1366 4997 1580 5052 dulcem
1623 4999 1890 5063 reddidit,

323 5095 644 5158 petramque
683 5087 739 5140 in
776 5087 977 5142 fontem
1023 5073 1336 5146 lsitientibus
1379 5090 1768 5157 commutavit,
1795 5092 1900 5161 quit

398 5287 418 5317 ⁸
446 5284 594 5340 Psal.
623 5299 846 5350 Luxus,
881 5284 931 5340 l.

397 5464 509 5539 (70)
542 5458 611 5534 ⁷ῼ
637 5465 701 5521 ad
726 5465 871 5538 ζόφῳ
895 5482 1001 5523 om.
1027 5469 1114 5526 ed.

2006 4361 2103 4431 μία
2145 4363 2283 4415 κατά
2308 4363 2368 4414 τὸ
2393 4363 2610 4432 συνεχὲς
2631 4363 2810 4433 ἡμέρα
2840 4359 2906 4434 ἦν
2927 4383 2939 4394 ·
2970 4366 3222 4420 οὐδέποτε
3251 4370 3353 4440 τῆς
3382 4373 3581 4438 νυκτὸς·

2007 4451 2397 4521 μελαινομένης
2453 4452 2536 4523 τῷ
2579 4450 2746 4520 ζόφῳ.
2807 4453 3082 4524 Διεδέχετο
3142 4456 3249 4524 γάρ
3295 4459 3434 4528 μετὰ
3481 4462 3578 4516 τὸν

2001 4543 2297 4613 ἡμερήσιον
2315 4543 2532 4614 δρόμον,
2553 4544 2650 4606 τὰς
2672 4544 2779 4598 τῶν
2801 4545 3031 4599 ἀκτίνων
3047 4549 3238 4616 αὐγὰς,
3261 4551 3346 4602 ἒτε
3355 4569 3444 4622 ρον
3460 4555 3580 4620 φῶς

2000 4636 2063 4686 ὲκ
2115 4633 2340 4704 νεφέλης
2372 4633 2873 4705 κμινοτομούμενον.
2927 4638 3088 4690 Ὥστε
3135 4639 3224 4691 τὸν
3271 4641 3368 4709 μὲν
3422 4643 3578 4713 ἥλιον

1999 4723 2137 4776 κατὰ
2165 4724 2262 4792 τὴν
2301 4724 2602 4790 ἀναγκαίαν
2635 4725 2880 4794 περίοδον
2911 4726 3092 4790 αὐτοῖς
3123 4727 3438 4783 ἐπιδύεσθαι
3467 4770 3482 4794 ,
3512 4733 3579 4786 τὸ

1997 4815 2053 4868 δὲ
2085 4815 2198 4882 φῶς
2231 4815 2448 4884 συνεχές
2479 4833 2537 4868 τε
2580 4816 2759 4886 μένειν
2793 4817 2887 4870 καὶ
2931 4817 3206 4890 ἀδιάδοχον
3242 4821 3341 4892 τῆς
3380 4823 3445 4874 ὲκ
3479 4819 3576 4875 τοῦ

2001 4905 2192 4958 στύλου
2225 4905 2564 4976 λαμπηδόνος
2583 4948 2596 4970 ,
2630 4909 2961 4974 ἀδιαστάτως
2992 4911 3101 4980 (71)
3133 4913 3228 4976 τάς
3253 4913 3430 4982 αὐγὰς
3463 4915 3578 4971 τῶν

1997 4994 2237 5063 ἡλιακῶν
2262 4995 2494 5050 ἀκτίνων
2532 4997 2910 5070 ἐκδεχομένης.
2955 5001 3011 5054 'O
3040 5003 3098 5054 τὸ
3140 5005 3334 5075 πικρόν
3373 5023 3431 5058 τε
3478 5008 3578 5061 καὶ

1998 5085 2196 5138 ἄποτον
2245 5085 2392 5156 ὕδωρ
2421 5087 2617 5156 ἡδύνας
2660 5089 2738 5160 τῷ
2781 5089 2955 5163 ξύλῳ,
2989 5093 3079 5146 καὶ
3109 5095 3206 5164 τὴν
3237 5095 3444 5167 πέτραν
3491 5100 3576 5164 είς

2057 5463 2176 5543 ’(71)
2207 5475 2586 5542 Ἀδιστάκτως,
2603 5479 2691 5535 ed.
