3800 5980
216 179 314 233 ιιι-ι
1619 159 1689 213 ιιι
1728 155 2058 214 rsALuos.
2401 183 2410 190 -
3366 155 3469 209 £53

216 291 390 362 πηγὴν
421 291 532 352 τοῖς
563 287 758 356 διψῶσι
788 284 1182 356 μεταποιήσας.
1221 281 1281 334 '0
1309 279 1407 351 τῆς
1429 277 1621 348 γητνης
1657 293 1781 345 τρο-

1920 281 2203 328 errestrem
2231 250 2418 327 cibum
2447 271 2658 328 calcati
2691 280 3042 341 permutavit,
3070 271 3160 341 qui
3197 272 3252 325 in
3284 270 3468 325 divina

340 358 436 450 τὴν
464 378 716 448 οὐράνιον
741 375 1188 447 διαμειψάμενος.
1230 374 1288 426 ’0
1316 373 1373 425 ὲν
1400 370 1476 440 τῷ
1503 369 1631 439 θείῳ
1657 367 1782 437 γνό-

1929 365 1976 417 la
2008 363 2241 432 caligine
2271 362 2526 416 acumine
2555 359 2756 415 mentis
2801 360 2937 414 vidit
2969 358 3300 414 fnvisibilem
3321 401 3336 424 ,
3373 361 3468 428 qui

329 449 613 536 ὀξυωπῶν,
655 470 748 522 καὶ
789 468 1001 538 βλέπων
1036 469 1093 520 ὲν
1128 464 1276 534 αὐτῷ
1308 463 1398 515 τὸν
1425 461 1669 532 ἀόρατον.
1723 459 1781 510 '0

1920 454 2293 509 ibernacnlum
2326 468 2432 507 non
2473 466 2639 505 manu
2664 449 2872 505 factum
2904 449 3229 519 descripsit,
3260 459 3457 506 totum-

213 541 301 634 την
347 562 551 632 σκηνὴν
583 561 680 630 τὴν
719 558 1129 630 ἀχειροποίητον
1161 556 1452 626 ἱστορήσας
1477 594 1492 618 ,
1548 551 1644 605 καὶ
1688 550 1779 602 τὸν

1925 561 1991 600 ue
2027 543 2320 600 sacerdotii
2372 551 2626 598 ornatum
2673 551 2729 597 et
2770 547 3094 612 apparatum
3137 542 3243 597 rite
3285 541 3470 596 animo

214 657 305 725 τῆς
350 653 654 726 ἱερωσύνης
703 654 904 723 κόσμον
951 650 1118 715 ἀξίως
1166 649 1530 717 κατανοήσας.
1592 645 1649 696 '0
1685 643 1782 705 τὰς

213 745 557 808 θεοτεύκτους
606 745 821 808 πλάκας
875 742 1201 812 δεξάμενος,
1253 741 1350 793 καὶ
1401 736 1780 808 συντριϐείσας

217 835 376 890 πάλιν
439 833 826 904 ἀναχαράξαςο
894 832 926 882 ὁ
988 831 1084 901 τῆς
1151 827 1574 899 ὲμιρανισθείσης
1636 823 1784 894 αὐτῷ

215 928 361 989 θείας
399 925 680 994 δυνάμεως
714 923 806 976 ἐπὶ
859 920 954 974 τοῦ
990 922 1282 992 προσώπου
1322 920 1502 990 φέρων
1549 918 1616 972 τά
1650 917 1786 986 σύμ-

218 1017 362 1080 ϐολα,
396 1015 492 1069 καὶ
536 1018 602 1085 τῇ
657 1014 716 1080 ἐξ
747 1013 911 1066 αὐτοῦ
956 1013 1278 1084 λαμπηδόνι,
1302 1007 1413 1065 οἷόν
1453 1028 1592 1064 τισιν
1634 1008 1786 1062 ἀκτί-

216 1125 316 1161 νων
373 1109 568 1175 αὐγαῖς
589 1147 603 1169 ,
637 1106 744 1158 τῶν
775 1105 1008 1170 ἀναξίως
1041 1104 1473 1173 ἐντυγχανόντων
1520 1098 1789 1171 ἀποστρέ-

218 1217 327 1269 φων
359 1199 460 1261 τὰς
491 1198 662 1265 ὄψεις.
724 1196 782 1248 '0
836 1196 970 1265 πυρὶ
1008 1196 1100 1248 καὶ
1146 1196 1385 1266 χάσματι
1429 1193 1556 1256 τοὺς
1585 1193 1789 1246 ἐπανα-

218 1291 468 1353 στάντας
501 1291 568 1358 τῇ
623 1287 892 1358 ἱερωσύνῃ
930 1287 1336 1351 καταδικάσας,
1373 1286 1470 1338 καὶ
1525 1285 1650 1346 τοὺς
1708 1285 1788 1346 είς

215 1385 309 1454 τὴν
342 1382 495 1435 θείαν
522 1381 678 1452 χάριν
727 1381 1051 1451 ὑϐρίσαντας
1095 1379 1449 1447 ἐξαφανίσας·
1487 1378 1516 1428 ὁ
1543 1376 1641 1446 τὴν
1663 1393 1792 1446 γοη-

220 1475 367 1527 τείαν
408 1471 501 1524 τοῦ
546 1472 771 1541 Βαλαὰμ
811 1470 1126 1542 μεταϐαλὼν
1173 1472 1252 1532 είς
1283 1468 1586 1522 εὐσέϐειαν.
1651 1461 1790 1536 Ubi]

1883 637 2154 706 concepit,
2188 637 2280 706 qui
2325 645 2576 705 acceptas
2621 649 2651 688 a
2692 633 2802 688 Deo
2830 630 3006 688 factas
3041 632 3259 687 tabulas
3285 675 3298 698 ,
3333 647 3469 687 con-

1888 723 2200 794 fractasque
2228 724 2297 778 de
2328 724 2539 794 integro
2559 721 2819 783 restituit,
2863 722 2954 791 qui
2997 722 3051 775 in
3085 721 3239 775 vultu
3275 722 3472 776 divinat

1887 817 2105 870 virtutis
2129 854 2144 878 ,
2175 830 2297 884 qua:
2343 815 2447 869 sibi
2484 822 2850 884 apparuerat,
2893 820 3219 882 argumenta
3262 812 3470 875 ferens.

1890 906 2102 976 fulgore
2120 921 2184 960 ex
2218 904 2376 967 facie,
2410 905 2559 959 velut
2580 905 2860 959 radiorum
2897 904 3147 974 spiculis,
3175 906 3457 959 emicante.

1887 999 2073 1054 vultus
2115 1013 2307 1052 eorum
2351 997 2444 1067 qui
2485 1011 2720 1051 occursu
2758 995 2967 1065 indigni
3018 1004 3180 1050 erant
3227 998 3471 1051 avertit:

1888 1090 1981 1160 qui
2016 1094 2138 1159 igne
2164 1097 2219 1144 et
2261 1089 2414 1143 hiatu
2458 1091 2747 1144 invasores
2787 1088 3083 1144 sacerdotii
3135 1089 3473 1156 vindicavit,

1889 1195 2093 1249 eosque
2143 1181 2234 1249 qui
2295 1180 2350 1233 in
2392 1180 2634 1234 divinam
2691 1182 2922 1250 gratiam
2974 1179 3226 1247 injuriosi
3279 1190 3471 1244 erant,

1891 1271 2136 1326 funditus
2170 1271 2371 1326 delevit
2399 1291 2412 1326 :
2448 1272 2541 1340 qui
2575 1273 2982 1327 incantationes
3015 1270 3236 1324 Balaam
3273 1272 3327 1326 in
3359 1272 3475 1341 pie-

1890 1371 2059 1418 tatem
2114 1370 2167 1418 et
2213 1363 2649 1418 benedictionem
2694 1365 2891 1426 vertit,
2941 1363 3099 1431 cujus
3147 1363 3332 1419 obitus
3384 1363 3470 1418 vel

1894 1454 2068 1524 ipsam
2125 1455 2291 1508 vitam
2366 1453 2746 1524 magnitudine
2797 1454 3129 1526 praastantia:
3181 1468 3476 1523 superasse

219 1561 440 1631 τελευτὴ
474 1560 572 1629 τῆς
603 1560 745 1628 ζωῆς
795 1560 1071 1630 ἱστόρηται
1103 1558 1429 1629 ὑψηλοτέρα.
1495 1555 1552 1610 Ὀ
1581 1557 1672 1609 ἐπὶ
1692 1555 1791 1624 τῆς

1920 1553 2154 1600 narratur
2183 1564 2195 1599 :
2226 1546 2430 1615 quippe
2454 1547 2545 1615 qui
2579 1545 2646 1601 ad
2673 1561 2988 1615 supremum
3015 1546 3218 1601 montis
3252 1546 3476 1600 culmen

219 1617 672 1720 ἀκρωρείας*τοῦ
702 1617 864 1718 δρους
905 1617 1228 1718 γενόμενος’,
1277 1617 1371 1701 κα).
1425 1646 1589 1717 μηδὲν
1631 1617 1791 1714 ἴχνος,

1920 1653 2257 1707 irogressus,
2294 1653 2472 1707 neque
2503 1639 2792 1709 vestigium
2839 1654 3016 1708 neque
3059 1647 3474 1699 monumentum

222 1739 352 1809 μηδὲ
380 1737 720 1807 μνημόσυνον
749 1737 1054 1806 τῆς-(ηῒνης
1082 1737 1371 1806 ἀχθηδόνος
1401 1736 1479 1806 τῷ
1505 1736 1640 1806 ἡλίῳ
1667 1735 1799 1788 ύποο

219 1831 559 1898 λειπόμενος.
603 1829 662 1880 '0
707 1828 781 1898 μὴ
828 1829 1176 1898 παραλλάξας
1218 1829 1309 1882 τὸν
1355 1830 1678 1898 χαρακτῆρα
1705 1824 1798 1878 τοῦ

224 1922 454 1983 κάλλους
489 1921 592 1974 ὑπὸ
617 1920 708 1974 τοῦ
744 1921 936 1990 χρόνου
959 1938 974 1951 ·
1019 1920 1156 1973 ἀλλά
1189 1918 1460 1981 διασώσας
1489 1919 1548 1970 ὲν
1577 1921 1644 1988 τῇ
1673 1932 1801 1987 τρε-

224 2015 330 2082 πτῇ
381 2012 539 2079 φύσει
580 2013 640 2064 τὸ
685 2014 741 2063 ἐν
783 2010 930 2080 καλῷ
959 2010 1338 2065 ἀναλλοίωτον.
1372 2003 1542 2072 Οὗτός
1582 2011 1727 2062 ἔστιν
1772 2009 1800 2060 ό

220 2100 313 2170 τῆς
349 2099 617 2168 τετάρτης
650 2099 1084 2169 κατάρχωνήμῖν
1117 2099 1451 2163 ἀναϐάσεως,
1494 2099 1587 2151 καὶ
1611 2100 1639 2150 ὁ
1675 2111 1800 2149 συν-

219 2193 471 2259 επαίρων
499 2190 674 2260 ἑαυτῷ
700 2189 789 2244 τὸν
818 2191 906 2244 διὰ
937 2191 1046 2244 τῶν
1075 2190 1241 2260 τριῶν
1264 2190 1364 2261 ἤδη
1386 2189 1493 2243 τῶν
1523 2188 1803 2258 προδιηνυ-

222 2283 438 2352 σμὲνων
469 2281 678 2334 αἰώνων
702 2282 873 2351 μέγαν
901 2281 1203 2351 γενόμενον.
1242 2281 1300 2332 ’θ
1317 2280 1424 2350 γὰρ
1452 2283 1508 2333 ὲν
1532 2279 1706 2349 τούτῳ
1725 2277 1803 2348 τῷ

221 2372 344 2440 ὕψει
381 2372 693 2442 γενόμενος,
722 2371 970 2442 μεθόριος
997 2372 1196 2441 τρόπον
1220 2370 1344 2424 τινὰ
1360 2369 1459 2438 τῆς
1479 2370 1717 2441 τρεπτῆς
1744 2383 1802 2419 τε

222 2463 316 2514 καὶ
349 2461 624 2531 ἁτρέπτου
657 2460 870 2528 φύσεως
901 2460 1136 2522 ἵσταται,
1184 2459 1276 2512 καὶ
1305 2457 1575 2529 μεσιτεύει
1603 2455 1804 2510 καταλ-

220 2552 404 2622 λήλως
427 2555 538 2615 τοῖς
572 2551 782 2622 ἄκροις,
813 2550 890 2621 τῷ
936 2552 1032 2621 μὲν
1067 2550 1184 2621 Θεῷ
1220 2550 1498 2621 ἱκετηρίας
1531 2550 1670 2618 ὑπὲρ
1695 2548 1804 2601 τῶν

221 2642 630 2696 ἀλλοιωθέντων
663 2642 723 2705 ἐξ
757 2642 1030 2714 ἁμαρτίας
1063 2641 1382 2711 προσάγων·
1424 2641 1522 2708 τῆς
1554 2639 1610 2692 δὲ
1639 2640 1807 2710 ὑπερ-

222 2733 489 2803 κειμένης
515 2731 764 2797 ὲξουσίας
802 2733 890 2785 τὸν
924 2733 1070 2786 ἔλεον
1116 2732 1209 2784 ἐπὶ
1235 2732 1362 2796 τοὺς
1401 2732 1684 2801 δεομένους
1711 2729 1803 2783 τοῦ

222 2824 378 2878 ἐλέου
437 2824 875 2893 διαπορθμεύων.
925 2824 1008 2885 Ὦς
1060 2823 1125 2877 ἂν
1154 2823 1246 2877 καὶ
1273 2822 1362 2876 διὰ
1400 2824 1588 2876 τούτου
1620 2822 1809 2894 μάθοι-

1900 1731 2178 1786 terrestris
2209 1730 2446 1785 tristitiae
2479 1731 2762 1800 reliquerit
2782 1771 2797 1796 ,
2827 1731 2920 1799 qui
2950 1740 3137 1786 notam
3169 1739 3224 1786 et
3262 1731 3478 1801 insigne

1901 1821 2328 1893 pulchritudinis
2357 1821 2667 1876 labentibus
2692 1821 2854 1875 annis
2891 1837 3002 1876 non
3028 1821 3354 1892 deperdidit,
3381 1822 3480 1877 sed

1901 1913 2120 1968 decoris
2156 1913 2654 1967 immutabilitatem
2682 1952 2698 1978 ,
2749 1923 3184 1984 perpetuumque
3233 1921 3480 1969 tenorem

1904 2005 1959 2059 in
1991 2006 2109 2073 ipsa
2139 2005 2304 2059 etiam
2331 2005 2580 2059 variabili
2610 2011 2809 2060 natura
2853 2005 3220 2063 conservavit.
3269 2005 3480 2060 Tantus

1904 2102 2008 2157 est,
2042 2093 2135 2163 qui
2161 2094 2217 2147 in
2248 2103 2442 2163 quarto
2474 2109 2705 2152 ascensu
2737 2097 2847 2151 dux
2875 2097 3031 2152 nobis
3063 2098 3253 2167 praeit;
3280 2097 3482 2166 quique

1906 2199 2091 2240 secum
2120 2185 2284 2239 simul
2315 2187 2514 2241 attollit
2542 2203 2666 2242 eum
2688 2229 2703 2253 ,
2734 2189 2826 2256 qui
2846 2189 2956 2258 jam
2991 2189 3044 2242 in
3074 2189 3246 2243 tribus
3282 2203 3485 2258 praece—

1905 2278 2159 2333 dentibus
2189 2280 2509 2334 ascensibus
2545 2295 2667 2336 sese
2693 2296 2857 2350 supra
2892 2281 3086 2349 vulgus
3120 2280 3334 2336 extulit.
3377 2278 3483 2346 Qui

1904 2369 2049 2423 enim
2082 2369 2148 2422 ad
2176 2370 2278 2424 hoc
2310 2369 2588 2441 fastigium
2614 2371 2808 2436 evasit,
2840 2371 2888 2426 is
2913 2371 3324 2441 quodammodo
3349 2385 3491 2426 con-

1907 2458 2033 2514 ﬁnis
2065 2471 2150 2514 est
2177 2469 2390 2516 naturae
2413 2462 2662 2516 mutabili
2694 2471 2748 2518 et
2779 2462 3141 2528 immutabili;
3165 2462 3486 2532 mediusque

1906 2551 2199 2606 intercedit
2238 2554 2626 2608 convenienter
2656 2553 2938 2619 extremis,
2977 2553 3084 2609 Deo
3112 2555 3334 2624 quidem
3369 2569 3486 2623 pre-

1910 2657 2004 2696 ces
2038 2649 2092 2696 et
2125 2643 2558 2711 supplicationes
2588 2643 2822 2698 oﬂ‘erens
2865 2658 2965 2713 pro
2998 2643 3065 2698 iis
3099 2643 3191 2710 qui
3239 2656 3332 2710 per
3358 2656 3486 2710 pec-

1907 2745 2087 2790 catum
2120 2735 2407 2789 abalienati
2439 2743 2604 2799 sunt,
2639 2736 2896 2806 potentiae
2929 2749 3061 2790 vero
3089 2734 3236 2788 illius
3266 2732 3486 2787 miseri-

1909 2826 2154 2880 cordiam
2183 2828 2342 2896 quasi
2370 2828 2662 2883 demittens
2683 2869 2696 2894 ,
2731 2837 2806 2882 et.
2830 2827 3086 2882 derivans
3127 2826 3195 2880 ad
3239 2825 3363 2880 illos
3394 2825 3484 2893 qui

224 2930 347 2981 μεν,
382 2913 466 2965 ὅτι
498 2913 607 2982 ὅσῳ
631 2929 715 2975 τις
747 2912 905 2964 πλέον
927 2911 1036 2964 τῶν
1068 2911 1360 2982 χθαμαλίῖΝ
1391 2929 1448 2965 τε
1476 2913 1568 2964 καὶ
1605 2912 1791 2981 γηΐνωη

1920 2918 2291 2972 misericordia
2322 2917 2603 2987 indigent;
2634 2925 2692 2972 ut
2722 2927 2774 2972 et
2802 2933 2866 2973 ex
2897 2917 2983 2972 his
3011 2916 3316 2979 discamus,
3339 2914 3488 2985 quod

220 3004 548 3071 ἀφίσταται,
571 3002 808 3072 τοσούτῳ
840 3001 1037 3073 μᾶλλον
1065 3003 1499 3074 προσοικειοῦται
1530 3006 1597 3073 τῇ
1630 3004 1791 3056 πάντα

1920 3015 2115 3076 quanto
2156 3007 2281 3076 quis
2315 3007 2492 3077 magis
2547 3023 2576 3062 a
2611 3007 2967 3062 terrestribus
3002 3005 3264 3075 humique
3297 3005 3494 3060 stratis-

222 3093 352 3146 νοῦν
391 3093 730 3164 ὐπερεχούσῃ
755 3092 915 3161 φύσει
938 3109 952 3123 ⁶
991 3095 1082 3146 καὶ
1116 3097 1362 3163 μιμεῖται
1385 3093 1450 3146 δι’
1482 3094 1727 3156 εὐττοιῒας
1749 3094 1809 3146 τὸ

220 3183 404 3249 Θεῖον,
436 3185 616 3236 ἐκεῖνο
658 3182 828 3234 ποιῶν
862 3183 891 3234 δ
928 3183 1025 3253 τῆς
1071 3182 1220 3247 θείας
1265 3184 1377 3236 ἐστὶ
1416 3183 1625 3250 φύσεως
1657 3183 1806 3238 ἴδιον.

223 3273 396 3342 Λέγω
426 3273 485 3325 δὲ
517 3273 576 3325 τὸ
612 3273 919 3344 εὐεργετεῖν
965 3277 1072 3328 πᾶν
1102 3276 1162 3329 τὸ
1191 3276 1506 3345 εὐεργεσίας
1535 3276 1808 3346 δεόμενον,

224 3364 352 3417 ὅσον
390 3363 600 3427 ὲπιδεὲς
621 3365 721 3434 τῆς
756 3366 1000 3429 εὐποιῖας
1027 3367 1162 3420 ἐστί.

297 3631 573 3703 Τοιαύτην
601 3632 665 3704 δὴ
687 3633 796 3702 (72)
822 3633 1197 3705 κατελαϐόμην
1221 3636 1320 3704 τῆς
1343 3637 1664 3707 ψαλμῳδίας
1685 3638 1816 3691 ταύ-

225 3739 327 3793 της
353 3723 456 3794 τὴν
483 3723 690 3776 ἔννοιαν
712 3763 725 3788 ,
768 3721 831 3798 ἦς
867 3728 899 3796 ή
934 3725 1043 3796 (75)
1072 3729 1348 3798 ἐπιγραφή
1374 3729 1522 3780 ἐστιν
1541 3768 1554 3791 ,
1597 3747 1615 3779 ι
1643 3730 1818 3800 Προσ-

225 3813 366 3884 ευχὴ
410 3814 489 3883 τῷ
519 3816 724 3882 Μωῦσῇ
760 3816 1030 3889 ἀνθρώπῳ
1062 3819 1151 3872 τοῦ
1197 3818 1352 3874 Θεοῦ.
1381 3839 1399 3872 ι
1465 3819 1680 3894 Ἐπειδὴ
1711 3822 1818 3893 γὰρ

226 3905 544 3975 κεκράτητο
559 3907 668 3976 (74)
683 3907 760 3978 τῷ
781 3908 880 3978 τῆς
903 3910 1177 3980 ἁμαρτίας
1200 3913 1353 3983 κακῷ
1375 3912 1436 3966 τὸ
1457 3913 1817 3984 ἀνθρώπινον,

228 3995 327 4047 καὶ
356 3993 459 4063 τῆς
516 3995 650 4066 πρὸς
701 3995 762 4048 τὸ
805 3996 1005 4063 ἀγαθὸν
1053 3999 1294 4063 ένώσεως
1327 4002 1636 4074 ἀπορραγὲν
1660 4044 1674 4068 ,
1709 4006 1820 4066 τοῖς

227 4084 504 4147 ἐναντίοις
550 4085 878 4159 συνεφύρετο
909 4088 1142 4152 πάθεσι,
1188 4090 1278 4143 καί
1307 4109 1448 4155 τινος
1481 4091 1649 4145 ἐδεῖτο
1690 4109 1822 4164 πρε-

230 4176 428 4239 σϐείας
451 4215 467 4241 ,
500 4177 634 4248 πρὸς
661 4178 752 4231 τὸν
784 4180 1220 4235 ἀνακαλέσασθαι
1239 4183 1338 4252 τῆς
1371 4184 1644 4248 ἀπωλείας
1671 4184 1823 4239 δυνά-

1913 3095 2075 3150 rebus
2109 3095 2350 3159 absistit,
2401 3103 2554 3150 tanto
2588 3096 2761 3165 magis
2791 3093 3193 3164 appropinquat
3224 3090 3291 3146 ad
3323 3097 3487 3145 natu-

1915 3203 2032 3241 ram
2079 3204 2202 3257 quae
2242 3203 2460 3242 omnem
2502 3187 2915 3256 intelligentiam
2950 3193 3276 3255 exsuperat,
3311 3182 3488 3237 imita-

1917 3285 2114 3347 turque
2139 3278 2420 3334 beneficiis
2441 3278 2736 3348 largiendis
2759 3277 2983 3333 coeleste
3003 3271 3490 3340 numen,‘illudque

1916 3368 2050 3438 agit,
2090 3368 2236 3438 quod
2263 3369 2461 3424 divinae
2499 3377 2710 3424 naturae
2751 3366 3032 3437 proprium
3074 3372 3193 3428 est,
3236 3363 3364 3420 dum
3395 3362 3489 3416 be-

1918 3458 2110 3513 neﬁcia
2150 3459 2365 3517 confert
2415 3461 2467 3514 in
2517 3474 2708 3515 omnes
2755 3459 2878 3515 illos
2921 3457 3016 3527 qui
3061 3455 3362 3511 benefactis
3407 3455 3490 3506 in-

1917 3549 2121 3620 digent.

1994 3642 2314 3713 Huiusmodi
2343 3643 2600 3714 quiddam
2629 3644 2813 3698 animo
2837 3650 2893 3698 et
2915 3640 3243 3712 cogitatione
3272 3638 3341 3693 de
3366 3653 3490 3693 sen-

1926 3735 2096 3790 tentia
2130 3736 2324 3804 psalmi
2356 3736 2502 3792 illius
2533 3735 2844 3801 informari,
2867 3733 3026 3803 cujus
3060 3729 3345 3802 inscriptio
3365 3737 3448 3785 est
3476 3748 3506 3784 :.

1928 3844 1947 3878 ι
1989 3827 2177 3881 Oratio
2209 3825 2382 3898 Moysi
2416 3827 2625 3882 homini
2657 3825 2752 3882 Dei
2787 3844 2800 3880 ;
2839 3845 2857 3878 ›
2899 3832 3185 3896 postquam
3219 3821 3363 3877 enim
3394 3835 3491 3892 ge-

1922 3933 2027 3974 nus
2046 3919 2346 3975 humanum
2378 3938 2410 3972 ει
2439 3919 2646 3973 malitia
2677 3931 2999 3992 oppressum
3030 3924 3132 3978 est,
3157 3913 3492 3984 sejunetum-

1922 4025 2027 4080 que
2054 4018 2109 4065 et
2131 4009 2437 4070 abscissum
2468 4024 2499 4063 a
2526 4010 2915 4080 conjunctione
2947 4022 3069 4063 cum
3111 4005 3277 4069 bono,
3313 4005 3366 4059 in
3398 4019 3491 4056 va-

1924 4101 2036 4156 rias
2083 4100 2519 4170 perturbationes
2549 4100 2773 4166 incidit,
2812 4112 3060 4168 opusque
3108 4096 3298 4151 habuit
3335 4095 3492 4148 inter-

1925 4192 2175 4247 cessione
2226 4191 2460 4262 quadam
2483 4231 2497 4257 ,
2540 4199 2597 4247 et
2633 4191 2899 4262 legatione
2943 4189 3009 4244 ad
3045 4188 3195 4244 illum
3224 4201 3254 4239 a
3287 4199 3395 4254 quo
3426 4183 3494 4236 ab

231 4282 434 4335 μενον,
465 4267 587 4320 ἀντὶ
624 4268 904 4337 πρέσϐεως
932 4273 960 4324 ό
987 4270 1082 4324 τοῦ
1115 4271 1249 4326 Θεοῦ
1277 4272 1559 4344 ἅνθρωπος
1587 4276 1791 4343 γίνεται

1920 4283 2144 4338 interitu
2193 4282 2435 4338 revocari
2487 4291 2718 4352 posset;
2757 4280 2917 4350 legati
2972 4291 3197 4332 munere
3248 4272 3493 4343 fungitur

229 4355 819 4426 ὑπεραπολογούμενος
861 4360 957 4429 μὲν
989 4360 1081 4413 τοῦ
1132 4361 1238 4414 τῶν
1266 4363 1552 4432 ὁμοφύλων
1593 4363 1820 4433 πτώμα-

225 4463 326 4508 τος
348 4463 362 4476 ο
389 4448 472 4509 είς
503 4446 561 4500 δὲ
598 4447 688 4500 τὸν
714 4448 822 4501 τῶν
855 4450 1208 4505 ἀπολωλότων
1245 4449 1422 4508 οἶκτον
1454 4455 1717 4508 δυσωπῶν
1763 4456 1821 4509 τὸ

225 4537 412 4591 Θεῖον.
475 4537 651 4601 Εὐθὺς
715 4538 826 4610 γάρ
893 4535 1005 4595 οἷον
1072 4543 1484 4613 δικαιολογεῖται
1539 4546 1676 4618 πρὸς
1729 4546 1820 4600 τὸν

228 4625 541 4690 ἀκούοντα,
575 4627 666 4680 καί
700 4646 864 4701 φησι,
900 4632 1044 4703 μόνῳ
1080 4637 1358 4704 προσεῖναι
1397 4635 1475 4706 τῷ
1502 4635 1621 4705 Θεῷ
1659 4636 1719 4690 τὸ
1762 4640 1820 4691 ὲν

230 4717 404 4769 παντὶ
449 4716 639 4788 ἀγαθῷ
673 4722 868 4789 πάγιόν
914 4739 972 4774 τε
1031 4724 1125 4777 καὶ
1174 4724 1428 4794 ἀκίνητον
1468 4727 1576 4797 (75)
1615 4728 1706 4781 καὶ
1733 4728 1821 4782 ἀεὶ

229 4802 502 4867 ὡσαύτως
528 4806 648 4876 ἔχον
671 4826 684 4839 ·
720 4811 776 4862 ὲν
801 4815 975 4884 τροπῇ
1003 4813 1059 4866 δὲ
1099 4814 1192 4866 καὶ
1213 4813 1492 4870 ἀλλοιώσει
1517 4817 1576 4870 τὸ
1607 4817 1820 4889 ἀνθρώ-

220 4909 396 4981 ἡειεξινον
430 4896 702 4966 κείμενον,
722 4901 989 4971 μηδέποτε
1017 4903 1108 4956 ἐπὶ
1136 4904 1230 4957 τοῦ
1257 4906 1421 4959 αὐτοῦ
1455 4907 1656 4978 μένειν,
1683 4909 1819 4980 μηδὲ

221 4983 284 5037 εὶ
318 4986 456 5056 πρὸς
484 4987 543 5041 τὸ
573 4992 818 5060 κρεῖττον
839 4993 977 5046 ἀνίοι
1007 5034 1021 5057 ,
1057 4997 1192 5066 μήτε
1226 4998 1274 5050 εί
1304 4996 1555 5052 ὲκπίπτοι
1584 4998 1685 5068 τῆς
1721 5017 1818 5070 με-

227 5076 460 5140 τουσίας
485 5077 579 5131 τοῦ
601 5082 926 5150 κρείττονος.
959 5080 1034 5140 OB
1063 5087 1222 5159 χάριν
1247 5089 1568 5162 καταφυγὴν
1607 5091 1687 5153 είς
1711 5107 1818 5144 σω-

230 5165 437 5235 τηρίαν
465 5167 608 5235 ἀξιοῖ
631 5172 771 5226 κατά
797 5176 976 5229 πᾶσαν
1009 5178 1199 5244 γενεὰν
1228 5179 1472 5247 γίνεσθαι
1498 5177 1589 5232 τοῦ
1613 5179 1819 5234 πλανω-

235 5256 404 5324 μένου
427 5257 491 5312 τὸ
515 5261 868 5330 ἀμετάθετον.

315 5461 429 5603 ΣΗ)
453 5461 613 5519 Forte
629 5467 708 5520 δέ.

342 5529 430 5602 73)
457 5531 616 5589 Forte
644 5551 708 5589 on

342 5529 430 5602 73)
457 5531 616 5589 Forte
644 5551 753 5592 om.
785 5539 837 5607 ἡ.

535 5629 809 5692 Ρλτιιοι.
843 5633 960 5695 Gn.
1006 5635 1230 5700 XLIV.

1921 4374 2101 4444 quivis
2127 4373 2289 4428 homo
2322 4373 2452 4437 Dei,
2504 4379 2759 4440 suscepto
2793 4368 3098 4440 patrocinio
3141 4380 3240 4437 pro
3267 4379 3400 4420 casu
3441 4373 3494 4416 ct

1921 4465 2076 4534 lapsu
2106 4479 2294 4520 eorum
2323 4464 2414 4533 qui
2448 4463 2692 4532 ejusdem
2718 4475 2903 4516 secum
2931 4469 3062 4514 sunt
3080 4456 3412 4514 conditionis
3442 4465 3496 4508 et

1921 4565 2099 4613 status
2119 4593 2135 4618 ,
2161 4557 2453 4626 divinaque
2477 4554 2699 4609 numine
2723 4552 2788 4606 ad
2819 4549 3248 4606 misericordiam
3278 4549 3334 4601 in
3369 4560 3492 4616 per-
3595 4596 3598 4599 .

1921 4647 2068 4703 ditos
2097 4647 2257 4703 ﬂexo.
2293 4645 2487 4703 Statim
2517 4646 2683 4714 enim,
2716 4642 2950 4712 quasiin
2981 4640 3190 4709 judicio
3223 4654 3346 4694 cum
3387 4638 3493 4692 Deo

1921 4750 2191 4811 praesente
2221 4747 2275 4795 et
2327 4739 2588 4794 audiente
2618 4736 2759 4808 agit,
2814 4733 3030 4804 ipsique
3079 4731 3180 4787 soli
3228 4740 3492 4800 tanquam

1921 4831 2166 4885 omnium
2201 4830 2466 4885 bonorum
2500 4829 2659 4894 fonti,
2689 4825 3080 4881 immutabilem
3109 4823 3260 4877 illum
3291 4832 3344 4876 et
3370 4835 3493 4889 per-

1918 4930 2084 4992 petuo
2136 4921 2240 4977 sibi
2288 4929 2628 4976 constantem
2673 4920 2773 4974 viae
2813 4926 3054 4973 tenorem
3100 4915 3282 4971 inesse
3311 4912 3479 4967 dicit:

1921 5013 2153 5066 mortale
2185 5019 2364 5066 autem
2395 5011 2674 5066 hominum
2707 5023 2878 5080 genus
2905 5003 3355 5062 conversionibus
3392 5015 3488 5056 va-

1920 5101 2017 5156 riis
2040 5109 2094 5156 et
2125 5100 2593 5156 vicissitudinibus
2627 5099 2925 5154 obnoxium
2953 5097 3154 5159 vivere,
3189 5108 3364 5162 neque
3386 5106 3492 5146 uri-

1919 5203 2081 5260 quam
2117 5189 2170 5243 in
2203 5188 2394 5244 eodem
2425 5194 2570 5242 statu
2619 5187 2944 5258 persistere,
2979 5203 3048 5243 ne
3093 5195 3206 5241 tum
3238 5182 3487 5254 quidem,

1920 5293 2043 5334 cum
2067 5278 2179 5347 jam
2231 5277 2299 5331 ad
2339 5277 2391 5331 id
2421 5276 2566 5346 quod
2602 5276 2951 5348 przcstantius
2983 5283 3068 5332 est
3111 5271 3360 5332 evaserit.
3389 5281 3488 5319 ne-

1993 5482 2102 5553 (74)
2142 5482 2508 5553 Κεκράτηται,
2540 5482 2627 5543 ed,

1994 5551 2106 5623 (75)
2140 5553 2247 5604 Καὶ
2267 5551 2520 5622 ἀκίνητον
2557 5566 2663 5605 om.
2688 5551 2774 5605 ed.

3096 5643 3172 5705 15
