3756 5988
255 154 360 212 159
1352 167 1357 173 ’
1551 154 1608 211 S.
1650 151 1738 210 GR

2013 146 2304 208 NYSSENI
3398 154 3496 210 εσυ

255 287 364 342 que
414 278 526 326 tum
569 285 694 324 cum
738 282 767 324 a
800 269 1185 324 communione
1235 269 1633 340 prastanlioris
1675 267 1821 323 illius
1864 266 1992 322 boni
2045 266 2326 322 exciderit.
2357 263 2624 332 Quocirca
2677 272 2829 335 optat
2876 280 3021 332 eum,
3055 266 3147 336 qui
3178 272 3265 322 est
3298 266 3500 322 immu-

255 363 457 430 tabilis,
489 363 608 435 ejus
637 364 728 433 qui
756 363 883 417 hinc
912 361 1038 417 inde
1061 361 1302 427 oberrat,
1328 361 1382 415 in
1412 360 1562 415 onmi
1593 359 1940 431 generatione
1974 355 2089 411 fieri
2126 355 2415 427 refugium,
2467 354 2657 410 salutis
2697 356 2913 410 tuendae
2951 356 3141 426 gratia.

321 544 413 601 Sic
424 560 555 601 vero
568 543 766 598 Psahni
779 541 943 603 verba
956 557 1074 598 sese
1087 542 1314 597 habent:
1335 562 1353 593 ι
1373 542 1536 605 Deus,
1550 541 1804 612 refugiunt

2016 539 2150 608 Ἐχει
2174 536 2233 591 δὲ
2255 538 2288 607 ή
2318 534 2463 602 λέξις
2483 536 2654 600 οὕτως
2674 551 2688 566 ο
2729 557 2746 588 ι
2773 538 2965 609 Κύριε,
2995 538 3279 611 καταφυγὴ
3306 540 3499 613 ἐγενή-

254 637 429 692 faetus
449 653 509 693 es
529 636 686 691 nobis
708 650 736 689 a
760 634 1107 705 generatione
1131 634 1185 687 in
1209 637 1612 704 generationem
1636 633 1677 686 ".
1711 650 1730 686 ι

2015 647 2025 692 ;
2050 631 2182 699 ήμῖν
2215 629 2273 682 ἐν
2301 630 2467 699 γενεᾷ
2499 629 2592 681 καὶ
2620 630 2799 700 γενεᾷ.
2827 649 2845 681 ι
2893 628 2993 683 Διά
3023 629 3074 683 τί
3105 630 3261 683 τοῦτο
3286 631 3498 701 λέγων;

261 743 433 799 quare
448 730 553 783 hoc
573 725 801 781 affirmat
828 725 853 780 ἲ
878 723 1034 791 Quia,
1060 724 1388 793 inquit.ante
1404 732 1704 778 creaturam
1730 733 1744 772 ι

2019 740 2053 775 τι
2068 716 2465 791 σὺ,φησὶν;πρὸ
2486 720 2586 791 τῆς
2607 720 2834 784 κτίσεως
2856 718 2926 785 εἴ,
2954 724 3061 776 πᾶν
3081 722 3143 775 τὺ
3163 722 3379 778 αἰώνιον
3401 726 3502 796 ἐμ-

247 833 410 872 omne
451 815 836 885 temporarium
874 812 1216 868 intervallum
1245 811 1578 880 complexus,
1607 825 1671 864 ex
1712 824 1730 877 ι

2015 807 2190 879 νιέχων
2233 809 2505 881 διάστημα
2530 850 2547 877 ,
2593 812 2687 881 ἀφ’
2715 806 2775 866 οὗ
2816 829 2875 865 τε
2908 812 3081 885 ἀρχὴν
3127 814 3283 885 ἔσχεν
3325 817 3359 885 ή
3403 815 3498 869 τοῦ

168 914 169 917 ‘
248 907 510 978 temporis
534 913 733 961 natura
749 904 934 975 erepit,
959 910 1012 959 et
1038 904 1093 957 in
1115 916 1493 973 quemcunque
1524 907 1651 955 terra

2012 900 2116 965 ὄνος
2169 900 2328 971 φύσις
2355 941 2371 967 ,
2420 901 2515 956 καὶ
2553 903 2633 967 εἰς
2677 903 2706 956 ὃ
2788 922 2842 957 τι
2877 904 3264 976 προελεύσεται
3300 905 3495 977 πέρας,

247 998 551 1054 desiturum
594 996 704 1064 sit;
735 1010 859 1050 nam
903 993 1232 1049 interminati
1273 991 1540 1046 terminus
1579 1000 1663 1045 est
1695 991 1730 1045 it

2010 1011 2096 1058 νας
2126 993 2185 1046 δὲ
2210 992 2303 1047 τοῦ
2332 995 2686 1066 ἀτελευτήτου
2715 997 2748 1066 ή
2776 996 3020 1070 ἀπειρία.
3060 997 3203 1068 (Πρὸ
3226 997 3320 1052 τοῦ
3343 997 3443 1070 ὅρη
3472 1018 3493 1050 ο

247 1087 412 1142 nitas.
449 1105 469 1139 ι
504 1085 853 1155 Priusquam,
890 1101 908 1135 ι
944 1082 1143 1153 inquit,
1179 1099 1198 1131 ι
1234 1088 1447 1134 montes
1484 1080 1698 1145 ﬁerent,

2015 1100 2026 1134 ›
2049 1121 2063 1148 ,
2093 1082 2256 1153 φησὶ,
2303 1103 2321 1134 ι
2345 1083 2640 1155 γενηθῆναι
2668 1085 2764 1138 καὶ
2804 1086 3105 1157 πλασθῆναι
3133 1086 3232 1159 τὴν
3267 1088 3373 1160 γῆν
3401 1089 3498 1142 καὶ

246 1178 575 1234 formaretur
608 1183 754 1232 terra
803 1181 857 1231 et
904 1175 1086 1239 orbis,
1119 1188 1151 1227 a
1183 1171 1404 1235 saeculo,
1450 1179 1504 1225 et
1555 1185 1729 1240 usque

2045 1170 2368 1244 οἰκουμένην
2397 1211 2412 1235 ,
2450 1173 2545 1225 καὶ
2592 1173 2701 1227 ἀπὸ
2742 1173 2837 1227 τοῦ
2870 1174 3096 1242 αἰῶνος,
3143 1176 3235 1228 καὶ⁵
3260 1175 3367 1239 ἓως
3396 1174 3496 1229 τοῦ

240 1267 496 1324 saaculum
516 1277 569 1324 tu
603 1282 682 1322 es.
717 1285 736 1318 ι
780 1265 849 1320 At
880 1265 1024 1321 enim
1061 1279 1233 1334 genus
1258 1263 1558 1317 humanum
1589 1262 1659 1316 ob
1691 1277 1723 1314 η

2014 1280 2109 1327 ινος
2138 1263 2201 1315 σὺ
2235 1260 2336 1316 εἷ.)
2366 1262 2439 1316 Τὸ
2466 1262 2524 1315 δὲ
2548 1263 2885 1335 ἀνθρώπινον
2917 1265 2994 1336 τῷ
3023 1265 3240 1336 τρεπτῷ
3264 1266 3363 1336 τῆς
3393 1266 3497 1336 φύ-

245 1358 564 1414 tabililatem
605 1364 815 1411 naturae
856 1372 919 1411 ex
965 1354 1289 1411 celsitudine
1333 1352 1511 1407 omnis
1554 1353 1715 1419 boni,

2011 1370 2053 1416 ις
2080 1353 2145 1406 ὲκ
2170 1352 2265 1405 τοῦ
2294 1350 2461 1422 ὕψους
2485 1352 2593 1405 τῶν
2629 1353 2848 1421 ἀγαθῶν
2878 1354 3012 1424 πρὸς
3050 1355 3108 1409 τὸ
3132 1355 3386 1411 ταπεινόν
3432 1374 3494 1409 τε

244 1450 512 1520 abjeclam
544 1456 598 1504 et
625 1448 886 1504 lubricam
938 1445 1147 1518 peccati
1182 1443 1551 1500 conditionem
1592 1443 1727 1497 dcvo

2049 1442 2333 1514 ὀλισθηρὸν
2375 1443 2474 1513 τῆς
2522 1443 2795 1514 ἁμαρτίας
2826 1445 3144 1515 κατενεχθὲν
3174 1445 3286 1515 (76)
3331 1463 3493 1501 κατε-

241 1551 358 1596 tum
395 1540 634 1597 decidit:
669 1539 839 1611 lgitur
864 1538 1065 1610 praebe,
1094 1536 1291 1605 inquit,
1320 1550 1539 1589 manum
1576 1534 1686 1588 labi
1716 1551 1724 1588 ι

2011 1553 2053 1606 ιη
2074 1552 2089 1567 ·
2121 1533 2328 1588 Οὐκοῦν
2361 1534 2580 1607 ὄρεξον,
2616 1537 2749 1606 φησι
2773 1577 2787 1602 ,
2822 1539 2978 1609 χεῖρα
2999 1576 3015 1602 ,
3049 1539 3077 1590 ὀ
3114 1539 3363 1602 ἄπτωτος
3412 1539 3494 1610 τῷ

246 1586 358 1596 ’ν’-’-
397 1586 597 1597 ννν-νη
621 1586 634 1595 ·
670 1586 827 1611 -υ---υ
864 1586 1064 1610 ιπ-νν-νι
1094 1586 1291 1605 "'1'"!
1321 1586 1483 1589 νίκην-ν
1512 1586 1535 1587 η
1579 1586 1590 1588 ν
1638 1586 1684 1588 νη
1717 1586 1724 1588 ~

241 1632 392 1687 scius
450 1630 748 1685 vacillanti.
799 1626 954 1695 Quod
998 1633 1189 1680 natura
1237 1640 1338 1687 es,
1395 1625 1496 1679 hoc
1541 1632 1596 1678 et
1654 1637 1722 1677 no

2030 1586 2053 1606 ν.
2369 1586 2539 1607 vr“.--
2568 1586 2580 1601 ι
2624 1586 2787 1606 nn.
2822 1586 3015 1609 ,κ-ηητν
3054 1586 3072 1590 ν
3115 1586 3360 1602 vum".
3424 1586 3492 1610 ’γ

2011 1627 2260 1698 τθήσαντι
2281 1644 2294 1658 ·
2321 1628 2456 1700 ὅπερ
2488 1624 2538 1680 εί
2562 1631 2628 1699 τῇ
2664 1627 2842 1698 φύσει,
2876 1630 2968 1683 καὶ
2996 1631 3129 1701 ἡμῖν
3158 1631 3316 1684 τοῦτο
3343 1632 3494 1700 γινό-

241 1723 481 1791 efficere;
531 1737 706 1793 neque
746 1721 1002 1776 deturbes
1048 1720 1199 1775 illum
1247 1735 1311 1774 ex
1357 1719 1446 1772 illa
1496 1718 1551 1772 in
1598 1732 1705 1786 qua

2012 1736 2104 1781 ιος,
2135 1720 2229 1773 καὶ
2261 1739 2279 1771 ι
2323 1719 2397 1791 μὴ
2438 1719 2791 1792 ἁποστρέψῃς
2829 1738 2847 1772 ι
2896 1720 3055 1773 αὐτὸν
3089 1724 3153 1775 ὲκ
3193 1722 3288 1776 τοῦ
3336 1723 3495 1794 παρὰ

239 1815 518 1882 versaris,
578 1811 914 1876 altitudine,
995 1811 1051 1865 in
1128 1810 1488 1864 humilitatem
1578 1822 1722 1879 pecc:

2030 1811 2234 1882 ὕψους,
2285 1813 2365 1874 είς
2412 1811 2510 1881 τὴν
2541 1812 2651 1883 (77)
2689 1800 2794 1883 τῆς
2822 1811 3095 1883 ἁμαρτίας
3137 1814 3488 1868 ταπείνωσιν.

239 1906 436 1962 Postea
465 1905 615 1962 vocis
655 1903 868 1960 Domini
895 1902 978 1959 sui
1012 1902 1169 1973 quasi
1205 1901 1531 1956 administer
1559 1900 1716 1956 effect

2012 1919 2046 1955 α
2090 1904 2188 1973 τῆς
2239 1901 2562 1972 δεσππικῆς
2596 1901 2780 1973 φωνῆς
2829 1901 3075 1966 δῖάκονος
3104 1902 3341 1971 γίνεται,
3394 1904 3495 1957 καὶ

242 1997 400 2052 affert
442 1997 658 2067 plenam
689 1995 1031 2050 humanitate
1060 1994 1391 2050 sententiam
1425 2011 1438 2047 :
1477 2010 1496 2044 ι
1539 1991 1725 2056 ρυοηί

2012 1993 2175 2063 »φέρει
2221 1991 2318 2063 τὴν
2347 1991 2725 2064 φιλάνθρωπον
2759 1992 2921 2064 ῥῆσιν.
2963 1992 3171 2061 λέγων·
3209 1991 3369 2046 ιὈτι
3394 1996 3495 2047 καὶ

239 2086 886 2153 dixisti:Bevertimini,
935 2085 1032 2140 ﬁlii
1080 2086 1397 2154 hominum;
1450 2103 1468 2136 ι
1518 2099 1626 2153 qua
1678 2098 1722 2137 vr

2013 2102 2090 2148 ις’
2155 2084 2567 2156 Ἐπιστρέψατε,
2591 2084 2697 2137 υἱοὶ
2721 2084 2830 2137 τῶν
2851 2083 3168 2156 ἀνθρώπων.
3183 2103 3200 2137 ι
3222 2085 3285 2139 Ἡ
3305 2085 3362 2138 δὲ
3380 2102 3496 2139 τοι-

240 2183 435 2251 (logma
467 2180 743 2252 quoddam
783 2179 1129 2246 continetur;
1167 2192 1290 2231 nam
1326 2176 1395 2231 ad
1424 2183 1672 2230 naturam
1706 2189 1809 2230 n0-

241 2281 410 2329 stram
437 2273 613 2328 oratio
634 2271 882 2342 respicit,
918 2270 1296 2339 malorumque
1327 2267 1652 2337 medicinam
1682 2282 1811 2336 sug-

241 2368 399 2437 gerit.
433 2365 521 2420 Ait
546 2365 690 2421 enim
720 2382 734 2419 :
762 2362 898 2418 Cum
925 2377 1024 2417 vos
1050 2362 1300 2417 homines
1324 2360 1613 2415 mutationi
1643 2373 1811 2428 expo-

242 2458 332 2513 siti
369 2472 399 2511 a
433 2456 577 2511 bono
603 2454 937 2519 decideritis,
992 2449 1221 2506 utamini
1269 2465 1463 2506 rursus
1508 2452 1812 2506 mutatione

241 2543 308 2597 ad
342 2542 414 2608 id,
443 2533 591 2613 quod
626 2543 914 2597 honestum
955 2549 1059 2606 est,
1088 2550 1140 2595 et
1159 2539 1304 2593 unde
1333 2538 1639 2605 excidistis,
1672 2539 1812 2594 reci-

242 2649 408 2704 proco
431 2649 597 2689 cursu
627 2631 984 2697 revertimini.
1018 2628 1138 2695 Quo
1162 2629 1239 2694 fit,
1272 2639 1331 2682 ut
1360 2630 1413 2682 in
1440 2628 1608 2683 libera
1636 2629 1812 2683 homi-

241 2744 371 2783 num
401 2727 655 2782 facultate
683 2725 775 2792 sit,
803 2734 858 2779 ut
893 2723 961 2777 ad
996 2721 1281 2776 arbitrium
1313 2720 1366 2774 in
1395 2721 1529 2791 ipsis
1555 2735 1810 2791 perseve-

239 2827 383 2883 rent,
407 2835 528 2889 qua:
555 2822 764 2882 volunt,
795 2816 909 2872 sive
926 2815 1075 2869 bona
1103 2815 1215 2868 sint
1242 2814 1355 2868 sive
1382 2813 1546 2867 mala.
1578 2812 1632 2866 Id
1665 2812 1811 2883 quod

1912 2175 2047 2247 αύτη
2078 2176 2249 2248 φωνὴ,
2280 2175 2456 2248 δόγμα
2485 2175 2619 2229 ἐστι·
2654 2175 2837 2245 βλέπει
2857 2179 2964 2247 γὰρ
2979 2178 3113 2246 πρὸς
3142 2176 3241 2247 τὴν
3272 2176 3431 2247 φύσιν
3456 2177 3495 2231 ὁ

1913 2265 2105 2335 λόγος,
2141 2268 2234 2320 καὶ
2280 2266 2378 2338 τὴν
2423 2268 2717 2338 θεραπείαν
2757 2267 2863 2322 τῶν
2915 2269 3100 2323 κακῶν
3151 2269 3489 2325 ὑποτίθεται.

1925 2357 2141 2428 Ἐπειδὴ
2170 2358 2311 2428 γὰρ,
2340 2358 2495 2428 φησὶ,
2522 2359 2746 2429 τρεπτοὶ
2774 2359 2924 2423 ὀντες
2953 2359 3048 2413 τοῦ
3081 2359 3284 2428 ἀγαθοῦ
3315 2361 3492 2432 ἀπερ-

1914 2446 2098 2516 ρύητε,
2126 2448 2400 2518 χρήσασθε
2431 2447 2590 2502 πάλιν
2618 2450 2753 2520 πρὸς
2780 2451 2841 2504 τὸ
2869 2450 3032 2505 καλὸν
3057 2454 3121 2523 τῇ
3150 2455 3325 2523 τροπῇ
3344 2466 3359 2482 ·
3393 2452 3497 2506 καὶ

1911 2536 2033 2591 ὅθεν
2056 2538 2464 2600 ὲκπεπτὼκατε,
2490 2540 2582 2611 ἐπὶ
2601 2542 2662 2593 τὸ
2681 2541 2811 2595 αὐτὸ
2839 2541 2998 2596 πάλιν
3019 2543 3491 2615 ὲπαναστρέῲατε.

1923 2627 2013 2691 Ὠς
2044 2629 2102 2681 ἐν
2141 2631 2204 2699 τῇ
2239 2630 2554 2701 προαιρέσει
2600 2630 2708 2684 τῶν
2741 2631 3043 2702 ἀνθρώπων
3095 2628 3232 2688 εἶναι
3278 2633 3339 2688 τὺ
3364 2635 3499 2689 ἑαυ-

1910 2720 2021 2782 τοῖς
2052 2719 2237 2790 νέμειν
2269 2720 2378 2790 (78)
2416 2724 2536 2775 κατ’
2571 2720 2817 2786 ἐξουσίαν
2857 2723 2892 2777 ἀ
2925 2723 3241 2794 βούλονται,
3290 2727 3399 2780 εἴτε
3427 2727 3497 2780 τὸ

1911 2811 2114 2880 ἀγαθὸν
2134 2854 2148 2879 ,
2178 2813 2287 2866 εἴτε
2315 2813 2376 2866 τὸ
2404 2814 2603 2883 φαῦλον
2624 2833 2637 2846 ·
2667 2816 2729 2868 τὸ
2754 2815 2811 2869 δὲ
2839 2816 3037 2892 ἐφεξῆς
3055 2857 3069 2881 ,
3102 2817 3287 2889 ἕτερον
3314 2819 3496 2890 δόγμα

240 2912 488 2981 sequitur
526 2910 757 2963 alterum
804 2905 1001 2975 dogma
1037 2904 1445 2973 complectitur.
1485 2921 1505 2954 ι
1541 2900 1717 2968 Quoni

2016 2903 2031 2955 ί
2059 2921 2073 2934 ·
2110 2904 2245 2975 φησὶ
2271 2905 2378 2977 γὰρ
2399 2946 2413 2970 ,
2459 2925 2476 2958 ι
2501 2908 2621 2961 Ὅτι
2645 2908 2790 2977 χίλια
2822 2908 2915 2980 ἔτη
2961 2910 3019 2962 ὲν
3045 2909 3341 2980 ὀφθαλμοῖς
3371 2928 3492 2976 σου,

239 3004 389 3059 mille
430 3002 557 3055 anui
606 3002 659 3054 in
691 2999 866 3055 oculis
903 2998 1043 3063 tuis,
1094 2995 1353 3063 Domine,
1402 3005 1660 3065 tanquam
1697 2995 1813 3050 dies

237 3096 518 3155 hesterna,
554 3105 675 3162 quae
709 3089 1003 3159 prattrriit;
1032 3095 1086 3143 et
1126 3103 1245 3157 quae
1280 3102 1378 3156 pro
1408 3087 1579 3141 nihilo
1608 3086 1813 3140 haben-

240 3199 350 3252 tur,
382 3199 567 3239 eornm
596 3182 728 3236 anui
768 3188 946 3236 erunt.
990 3199 1008 3231 ι
1043 3179 1182 3244 Quid
1213 3180 1378 3248 igitur
1407 3177 1680 3249 dogmatis
1719 3193 1813 3230 n-o-

241 3278 325 3332 bis
355 3277 443 3330 hic
471 3272 827 3329 insinuatur?
862 3272 919 3326 Ei
967 3271 1236 3338 videlicet,
1270 3271 1365 3341 qui
1397 3279 1605 3325 mutata
1648 3268 1814 3324 veliﬁ-

240 3367 477 3430 catione,
507 3366 573 3420 ad
592 3372 793 3420 rectam
814 3362 1030 3417 vivendi
1058 3364 1325 3417 rationem
1349 3361 1664 3424 revertitur,
1684 3360 1812 3414 licet

238 3461 350 3515 vita
379 3460 608 3517 intlnitis
642 3446 908 3515 scelerum
943 3456 1174 3510 maculis
1202 3465 1384 3511 notata
1427 3456 1519 3519 sit,
1552 3462 1612 3509 ut
1646 3453 1811 3508 colle-

237 3551 347 3608 ctio
375 3552 466 3606 illa
499 3557 844 3622 peccatorum
880 3550 1027 3605 mille
1049 3564 1317 3605 annorum
1345 3563 1466 3604 esse
1494 3547 1807 3607 videantur,

239 3654 339 3712 pro
388 3639 557 3695 nihilo
591 3634 757 3694 totam
804 3638 949 3692 illam
1004 3637 1312 3708 congeriem
1349 3643 1657 3706 reputatum
1705 3634 1809 3699 iri,

238 3731 534 3786 dummodo
564 3730 755 3800 pedem
786 3730 1025 3784 referat:
1062 3745 1187 3784 nam
1216 3730 1437 3783 divinus
1466 3727 1659 3796 oculus
1681 3741 1815 3795 prae-

241 3824 417 3879 sentia
448 3813 666 3891 semper
695 3822 957 3888 intuetur,
992 3821 1325 3891 praeteritum
1358 3835 1485 3875 vero
1516 3836 1625 3875 non
1663 3820 1811 3875 aasti-

154 3958 157 3963 .
240 3922 377 3977 mat,
412 3913 506 3967 sed
549 3913 724 3967 instar
754 3912 916 3967 unius
947 3912 1077 3975 diei,
1106 3912 1189 3966 vel
1219 3913 1395 3967 noctis
1423 3920 1644 3976 nostra,
1691 3928 1812 3982 quae

239 4005 351 4076 jam
388 3996 667 4073 praeteriit,
708 4018 738 4057 a
777 4002 887 4058 Deo
923 4003 1171 4057 habetur.
1215 4002 1287 4055 At
1319 4000 1371 4055 id
1410 4000 1639 4070 quodin
1675 4017 1814 4072 pra:-

244 4093 385 4148 scnti
412 4092 734 4147 obstrictum
771 4099 856 4147 est
887 4091 1124 4156 malitia,
1164 4090 1378 4145 etiamsi
1430 4097 1687 4159 tanquam
1733 4091 1814 4145 ni-

243 4183 413 4237 hilum
450 4198 481 4238 a
515 4183 894 4253 peccatoribus
923 4188 1280 4247 extenuetur,
1325 4178 1468 4235 Deus
1496 4187 1676 4235 tamen
1715 4195 1808 4235 ve-

1915 2993 2108 3065 Κύριε,
2134 2996 2210 3059 ὡς
2240 2997 2272 3066 ή
2296 2997 2477 3067 ἡμέρα
2504 2999 2536 3068 ή
2564 2998 2719 3068 ἐχθὲς
2738 3039 2751 3062 ,
2774 2999 2808 3069 ἦ
2837 3018 2919 3063 τις
2944 2999 3146 3070 διῆλθε,
3169 3001 3237 3055 τά
3262 3001 3316 3055 δὲ
3340 3002 3498 3069 ἐξου-

1913 3085 2195 3155 δενώματα
2240 3086 2417 3139 αὐτῶν
2465 3088 2559 3159 ἐτη
2604 3089 2842 3143 ἔσονται.
2877 3108 2895 3142 ι
2942 3092 3007 3144 Τί
3052 3087 3145 3145 οὖν
3191 3094 3249 3145 ἐν
3281 3095 3494 3159 τούτοις

1913 3176 2256 3246 δογματικῶς
2289 3164 2683 3250 ποίιδευόμεθα;
2714 3181 2792 3234 ὅτι
2816 3180 2893 3252 τῷ
2928 3182 2987 3246 ἐξ
3014 3184 3347 3257 ἐπιστροφῆς
3381 3187 3493 3239 πά-

1912 3268 1995 3320 λιν
2028 3269 2163 3338 πρὸς
2196 3269 2256 3322 τὸ
2286 3270 2486 3337 ἀγαθὸν
2529 3272 2856 3327 ἀναλύσαντι
2876 3313 2891 3339 ,
2935 3274 3041 3328 κᾶν
3072 3276 3284 3346 μυρίοις
3316 3280 3343 3330 ὀ
3376 3278 3495 3346 βίος

1913 3363 2245 3434 καταστιχθῇ
2281 3363 2746 3435 πλημμελήμασιν
2771 3404 2786 3429 ,
2821 3364 2896 3428 ὡς
2919 3366 3104 3436 χιλίων
3143 3368 3280 3421 ἐτῶν
3311 3367 3495 3423 δοκεῖν

1912 3449 2049 3507 εἶναι
2086 3454 2192 3507 τῶν
2226 3455 2407 3508 κακῶν
2435 3456 2495 3509 τὸ
2540 3456 2811 3528 ἄθροισμα
2835 3497 2849 3522 ,
2890 3458 3005 3511 ἀντ’
3030 3458 3240 3522 οὐδενός
3270 3461 3385 3514 ἐστι
3409 3462 3493 3533 τῷ

1912 3545 2030 3616 Θεῷ
2067 3546 2163 3599 ἐπὶ
2203 3546 2296 3600 τοῦ
2351 3548 2809 3618 ἐπιστραφέντος-⁸
2839 3552 2868 3603 ὀ
2896 3549 3003 3621 γὰρ
3036 3549 3175 3614 θεῖος
3212 3551 3495 3623 ὀφθαλμὸς

1912 3623 2229 3703 τδενεστὼς
2257 3640 2341 3693 ἀεὶ
2384 3639 2594 3710 βλέπει,
2635 3641 2696 3694 τὸ
2724 3641 2779 3694 δὲ
2813 3642 3143 3713 παρῳχηκὸς
3182 3643 3240 3695 οὐ
3274 3643 3492 3712 λογίζε-

1912 3745 2002 3783 ται
2023 3747 2037 3761 ’
2068 3729 2183 3782 ἀλλ’
2204 3731 2324 3783 ἀντὶ
2348 3732 2475 3801 μιᾶς
2497 3731 2605 3800 (79)
2631 3733 2844 3803 ἡμέρας
2872 3732 2904 3804 ἢ
2936 3732 3131 3804 μέρους
3154 3733 3265 3806 (80)
3294 3738 3493 3802 νυκτὸς

1913 3820 2063 3892 παρά
2088 3820 2165 3892 τῷ
2189 3820 2306 3891 Θεῷ
2337 3822 2617 3893 κρίνεται,
2655 3824 2690 3894 ἦ
2725 3812 2805 3887 τις
2833 3819 3073 3897 παρῆλθέ
3100 3843 3157 3879 τε
3197 3828 3290 3881 καὶ
3318 3831 3493 3900 παρέ-

1910 3912 2103 3983 δραμε.
2140 3912 2212 3965 Τὸ
2238 3913 2294 3966 δὲ
2320 3911 2549 3977 ἐνεστὼς
2580 3915 2638 3969 ὲν
2661 3916 2846 3988 κακίᾳ,
2882 3916 2984 3970 κᾶν
3013 3917 3089 3980 ὡς
3129 3919 3295 3989 μηδὲν
3333 3920 3491 3992 παρὰ

1910 4004 2018 4057 τῶν
2053 4005 2466 4077 ἁμαρτανόντων
2492 4004 2887 4079 ἐξευτελίζηται
2935 4008 3147 4079 (81),ὠς
3192 4010 3330 4064 ἐτῶν
3358 4010 3492 4083 πλῆ.

1913 4096 2003 4161 θος
2024 4097 2101 4168 τῷ
2120 4097 2239 4170 Θεῷ
2268 4098 2584 4170 καθορᾶται.
2612 4100 2751 4172 Φησὶ
2776 4101 2912 4173 γάρ·
2937 4101 3050 4155 «Τά
3078 4100 3489 4175 ἐξουδενὼματα

1912 4189 2088 4244 αὐτῶν
2118 4188 2212 4261 ἐτη
2251 4191 2512 4246 ἔσονται.»
2534 4192 2738 4259 ,Καλῶς
2766 4193 2822 4247 δὲ
2854 4194 2948 4246 καὶ
2994 4192 3284 4264 προσφυῶς
3334 4182 3487 4260 ἐξου-

243 4276 323 4329 Ιιιι
379 4274 750 4345 longissimam
786 4273 1075 4344 quamdam
1102 4285 1370 4326 annorum
1408 4270 1726 4325 multitudim

2003 4260 2207 4351 tbtta'ra.
2236 4281 2486 4355 ὀνομάζει
2527 4283 2596 4337 τὰ
2630 4260 3077 4356 πλημμελήματα
3099 4302 3112 4316 ⁸
3145 4260 3227 4338 ὀτι
3271 4286 3486 4358 πέφυκέ

243 4365 479 4435 aSpicit:
522 4364 655 4419 dicit
702 4364 895 4420 enim:
934 4382 954 4415 ι
992 4364 1123 4431 Quae
1154 4378 1250 4434 pro
1295 4362 1465 4417 nihilo
1512 4362 1807 4426 habentur,

242 4470 434 4511 eorum
466 4456 593 4509 anni
635 4462 815 4509 erunt.
853 4475 872 4508 ι
924 4455 1161 4511 Pulchre
1213 4462 1482 4510 autemet
1523 4455 1812 4525 ingeniose

245 4546 476 4618 appellat
500 4548 753 4616 peccata',
795 4565 814 4600 ι
844 4546 1011 4614 nihil;
1043 4566 1061 4600 ι
1108 4562 1234 4602 nam
1256 4547 1348 4617 qui
1390 4553 1616 4616 peccat,
1675 4546 1815 4601 solet

240 4637 644 4710 quodammodo
694 4653 795 4710 pro
862 4639 1034 4694 nihilo
1084 4646 1370 4710 peccatum
1433 4640 1633 4695 ducere
1689 4657 1702 4693 :
1760 4645 1814 4692 et

241 4746 343 4801 pro
379 4730 575 4803 quovis
621 4730 826 4787 scelere
869 4738 1179 4802 perpetrato
1230 4727 1606 4786 defenSionem
1653 4730 1811 4786 insti-

239 4834 418 4890 tuere,
452 4831 513 4878 ut
533 4822 711 4880 cuivis
743 4824 797 4878 in
821 4838 1151 4893 quocunque
1167 4824 1308 4879 male
1322 4823 1620 4879 commisso
1637 4838 1814 4893 prom-

240 4930 392 4991 ριιιηι
422 4919 698 4975 εῑιιιῑρθιιρ
749 4928 763 4966 :
802 4909 949 4967 Nihil
1007 4921 1093 4968 est
1147 4912 1414 4982 cupiditas
1441 4950 1458 4978 ,
1496 4911 1632 4967 nihil
1689 4912 1767 4968 ira
1798 4954 1813 4977 ,

210 5017 295 5063 -et
328 5008 437 5063 alia
471 5008 635 5079 hujus
706 5006 923 5080 generis
975 5006 1113 5063 nihil
1175 5015 1342 5073 sunt,
1420 5018 1543 5059 cum
1577 5003 1684 5058 sint
1720 5019 1813 5058 na-

242 5108 377 5155 turae
405 5100 650 5171 quaedam
679 5098 984 5166 motiones;
1022 5104 1216 5152 natura
1240 5111 1370 5153 vero
1406 5110 1547 5167 opus
1590 5094 1704 5151 Dei.

316 5238 495 5296 ’Psal.
530 5256 751 5305 LXXXIX,
790 5242 810 5293 ί
846 5256 965 5310 sqq.

316 5378 409 5444 (76
457 5378 532 5431 Τὸ
556 5380 640 5431 ὲνε
681 5377 791 5441 θέν,
827 5378 912 5431 ed.

316 5379 431 5517 (77;
474 5449 569 5501 Ἐκ
594 5397 717 5501 adst.
743 5448 848 5517 ed,

342 5448 430 5503 77)
474 5449 569 5501 Ἐκ
594 5448 717 5501 add.
743 5448 829 5501 ed.

339 5517 431 5588 78)
457 5518 547 5571 Ἐν
576 5517 756 5580 αὐτοῖς
786 5516 957 5587 μένει,
986 5518 1076 5573 ed.

1915 4390 2031 4436 πως
2060 4376 2088 4428 ὀ
2135 4374 2197 4427 τὸ
2239 4375 2407 4429 κακὸν
2452 4377 2689 4448 ἐνεργῶν
2716 4377 2828 4433 ἀντ’
2872 4378 3080 4442 οὐδενὸς
3130 4377 3383 4449 ἡγεῖσθαι
3427 4378 3489 4431 τδ

1916 4463 2417 4536 πλημμελούμενον,
2446 4467 2537 4521 καί
2557 4485 2707 4533 τινας
2735 4469 2962 4523 ἑκάστου
2982 4467 3089 4522 τῶν
3119 4467 3261 4521 κατά
3290 4469 3489 4522 κακίαν

1915 4555 2213 4631 γινομένων
2238 4558 2623 4631 παρευρίσκειν
2664 4560 2955 4629 ἀπολογίας
2979 4601 2992 4625 ,
3031 4559 3169 4613 ῶστε
3199 4560 3491 4631 πρόχειρον

1915 4641 2053 4700 εἶναι
2095 4646 2155 4701 τὸ
2181 4647 2267 4718 ἐφ’
2306 4650 2518 4721 ἑκάστῳ
2547 4650 2725 4719 λέγειν
2749 4691 2762 4715 ,
2797 4650 2963 4705 Οὐδὲν
2993 4653 3024 4723 η
3057 4649 3321 4720 ἐπιθυμία
3340 4691 3356 4716 ,
3396 4650 3492 4703 καὶ

1915 4738 2064 4811 οὐδὲν
2117 4740 2150 4808 ή
2209 4739 2380 4811 ὀργὴ,
2434 4741 2527 4795 καὶ
2585 4742 2732 4795 οὐδὲν
2784 4742 3009 4797 ἕκαστον
3066 4741 3174 4796 τῶν
3231 4741 3492 4795 τοιούτων

1915 4827 2049 4881 ἐστί.
2089 4826 2305 4894 Φύσεως
2337 4829 2441 4902 γὰρ
2482 4831 2650 4885 ταῦτα
2699 4836 3004 4905 κινήματα·
3047 4835 3079 4905 ή
3114 4833 3168 4888 δὲ
3201 4832 3364 4902 φύσις
3402 4831 3493 4905 ἑρ-

1915 4936 2008 4987 γον
2034 4918 2187 4976 Θεοῦ.

1986 5379 2101 5519 (79;
2143 5378 2447 5455 Ἠμετέρας
2475 5384 2600 5438 add.
2637 5386 2721 5442 ed.

1988 5449 2081 5516 (80
2129 5452 2346 5519 Μέρους
2367 5468 2475 5509 om.
2507 5455 2594 5510 ed.

1988 5449 2101 5522 (ὅθ)
2129 5449 2475 5522 Μέρουςόιη.
2507 5455 2594 5510 ed.

1989 5520 2101 5593 (81)
2125 5520 2565 5594 Ἐξευτελίςεται,
2596 5526 2686 5585 cdo
