3756 5988
199 290 283 344 461

1609 272 1675 327 IN
1716 268 2051 326 PSALMOS.

3306 271 3411 328 462

255 400 353 454 Οὐκ
384 397 450 453 ἄν
475 412 527 448 τι
557 394 669 464 (82)
700 392 906 447 τούτων
935 391 993 446 ἐν
1017 407 1123 445 τινι
1147 386 1429 461 νομισθείη
1476 384 1632 455 κακῷ
1661 382 1738 454 τῷ

1934 383 2040 435 itur
2055 396 2215 438 nemo
2233 383 2369 438 horu
2377 398 2427 438 m
2445 383 2592 438 malo
2619 383 2802 454 aliquo
2817 384 3086 456 obligatus
3102 388 3417 444 censebitur

197 489 427 566 Ξφορῶντι
450 486 549 557 τὴν
576 484 920 557 ἀνθρωπίνην
944 482 1089 553 ζωήν
1112 497 1126 511 ⁸
1147 480 1235 534 διὰ
1257 478 1413 533 τοῦτό
1438 494 1622 547 φησιν,
1652 476 1680 528 ὅ

1935 488 2000 528 eo
2030 475 2123 543 qui
2154 473 2446 529 humanam
2475 475 2644 529 vitam
2678 475 2921 529 intuetur
2948 492 2962 530 :
2997 476 3068 531 ob
3110 477 3167 532 id
3197 479 3410 549 inquit:

202 581 291 636 «τὰ
341 576 739 648 ὲξουδενώματα
781 596 800 627 ι
858 573 1030 629 ταῦτα
1079 572 1223 644 (85),
1280 571 1409 625 ὅταν
1468 571 1617 641 παρῇ
1666 568 1747 638 τῇ,

201 669 474 743 προαιρέσει
520 668 615 721 τοῦ
660 666 1006 738 ἐνεργοῦντος
1027 704 1042 728 ,
1072 663 1166 717 καὶ
1217 661 1292 733 μὴ
1340 659 1614 732 παρέλθῃ,
1660 658 1737 721 ὡς

197 764 368 826 πλάτος
392 762 526 815 ἐτῶν
556 760 707 834 παρά
736 760 814 831 τῷ
839 759 968 827 θείῳ
987 756 1249 827 ὀφθαλμῷ
1267 755 1337 809 τά
1365 753 1487 808 καθ’
1510 753 1737 807 ἕκαστον

199 854 424 927 κρίνεται.
471 852 643 907 Πάλιν
704 851 765 906 τὸ
820 848 1108 921 παροδικὸν
1158 850 1258 918 τῆς
1313 844 1527 914 φύσεως
1582 841 1738 914 ἡμῶν

198 948 471 1018 ὑπογράφει
521 944 600 1016 τῷ
647 943 792 1013 λόγῳ
814 983 829 1008 ,
867 941 943 1005 ὡς
986 940 1052 995 ἂν
1103 939 1302 1010 μᾶλλον
1335 938 1415 1000 εἰς
1463 935 1610 988 ἔλεον
1648 933 1738 991 τὸν

199 1039 309 1093 Θεὸν
329 1037 679 1107 δυσωπήσειε.
711 1034 873 1103 Λέγει
893 1030 1003 1103 γὰρ
1033 1029 1278 1101 ἐναργῶς
1307 1027 1397 1082 ὑπ’
1431 1026 1554 1097 ὄψιν
1592 1025 1740 1094 ἄγων

195 1130 261 1200 τῷ
289 1127 651 1197 ὑποδείγματι,
696 1124 749 1177 τί
781 1123 890 1196 χρὴ
927 1121 1171 1192 νομίζειν
1202 1116 1341 1174 εῖναι
1371 1118 1483 1189 (84)
1511 1119 1610 1189 τὴν
1642 1118 1742 1186 τῆς

199 1221 384 1290 φύσεως
415 1218 571 1289 ἡμῶν
593 1215 902 1286 ἀθλιότητα,
937 1213 1146 1285 πρωῖαν
1173 1212 1268 1266 καὶ
1292 1210 1550 1283 ἑσπέραν.
1576 1209 1743 1261 Τουτ-

194 1314 321 1376 έστι,
364 1311 589 1382 νεότητα
631 1309 728 1363 καὶ
763 1309 971 1378 γῆρας’
1005 1305 1167 1377 χλόην
1204 1304 1263 1358 ὲν
1298 1302 1377 1373 τῷ
1400 1301 1618 1373 ὄρθρῳ,
1649 1299 1744 1352 καὶ

196 1404 363 1470 ἀνθος,
394 1404 488 1456 καὶ
532 1401 787 1471 πάροδον.
816 1399 924 1453 Καὶ
955 1397 1094 1468 μετά
1127 1394 1286 1449 τοῦτο
1330 1393 1434 1464 τῆς
1468 1390 1609 1445 κατά
1645 1389 1744 1461 τὴν

194 1497 386 1567 ἠλικίαν
425 1494 629 1557 νοτίδος
666 1489 1059 1558 ἀναλωθείσης,
1092 1487 1187 1541 καὶ
1230 1484 1326 1539 τοῦ
1366 1482 1533 1554 φυτοῦ
1571 1483 1744 1536 ἀπανσ

195 1589 431 1659 θήσαντος
460 1624 476 1650 ,
513 1588 614 1656 τῆς
656 1601 716 1637 τε
767 1578 1045 1654 συμφυοῦς
1092 1579 1237 1651 ὥρας
1273 1574 1742 1642 διαπνευσθείσης,

192 1680 405 1751 ξηρότης
428 1679 525 1732 καὶ
561 1675 847 1748 μαρασμδς
874 1673 936 1726 τδ
964 1672 1303 1743 λειπόμενον.
1325 1668 1484 1722 Οὕτω
1511 1664 1619 1737 γάρ
1645 1680 1748 1733 φη-

195 1790 267 1825 σιν
300 1774 326 1824 ὁ
364 1770 520 1838 λόγος
552 1790 605 1823 ο(
630 1767 754 1821 Ὅτι
773 1767 835 1820 τδ
863 1763 1008 1837 πρωῒ
1036 1763 1258 1835 ἀνθήσοι
1280 1761 1373 1815 καὶ
1409 1759 1522 1831 (85)
1550 1755 1748 1828 παρέλ-
1779 1752 1823 1807 Β
1857 1768 1925 1808 ev
1999 1762 2219 1807 escente
2250 1791 2265 1814 ,

195 1865 284 1925 θοι,
320 1862 377 1916 τὸ
402 1859 643 1932 ἑσπέρας
676 1855 969 1921 ἀποπέσοι,
1003 1851 1396 1925 σκληρυνθείη,
1431 1850 1525 1904 καὶ
1553 1848 1750 1921 ξηραν-

193 1956 318 2026 θεὶη.
349 1975 366 2007 ι
398 1952 625 2021 Τοῦτοή
650 1947 963 2021 ἀνθρωπίνη
995 1946 1175 2015 φύσις.
1216 1945 1306 1998 Ἐν
1326 1943 1383 1996 δὲ
1409 1943 1520 2005 τοῖς
1552 1939 1749 2010 ἐφεξῆς

194 2047 336 2100 πλέον
364 2042 761 2107 κατοικτίζεται
783 2040 842 2093 τὸ
871 2038 1229 2110 ἀνθρώπινον,
1256 2035 1430 2103 λέγων
1458 2030 1751 2100 δεδαπανῆ-

189 2140 301 2192 σθαι
344 2141 409 2209 τῇ
445 2137 587 2209 ὀργῇ
637 2135 738 2206 τὴν
781 2132 890 2185 τῶν
929 2128 1228 2199 ἀνθρώπων
1267 2127 1411 2197 ζωὴν
1435 2165 1450 2190 ,
1499 2118 1609 2178 οἷόν
1642 2138 1750 2175 τινι

192 2228 361 2301 ἀνέμῳ
386 2231 453 2299 τῇ
482 2226 580 2281 τοῦ
618 2222 789 2295 θυμοῦ
824 2221 1094 2294 προσϐολῇ
1133 2218 1552 2292 χειμαζομένην.
1583 2215 1751 2286 Δῆλον

187 2321 255 2382 δὲ,
278 2321 355 2373 ὅτι
378 2319 471 2374 διὰ
488 2319 591 2389 τῆς
619 2316 787 2388 ὀργῆς
820 2314 914 2368 καὶ
940 2312 1033 2367 τοῦ
1064 2311 1236 2382 θυμοῦ
1258 2310 1358 2380 τὴν
1384 2306 1752 2376 ἀποστατικὴν

188 2411 521 2483 διασημαίνει
562 2409 879 2479 ἐνέργειαν,
909 2404 973 2458 δι’
1014 2399 1082 2474 ἧς
1128 2400 1366 2471 ἔκλειψις
1406 2401 1504 2470 μὲν
1543 2399 1752 2468 γίνεται

184 2506 279 2574 τῆς
306 2505 451 2573 ζωῆς
473 2504 592 2564 τοῖς
618 2498 923 2571 ἀνθρώποις
948 2511 962 2527 ⁸
993 2493 1206 2566 ταραχὴ
1234 2494 1291 2546 δὲ
1327 2491 1421 2545 τοῦ
1457 2490 1754 2563 ἡσυχάζον-

184 2612 286 2657 τος.
324 2594 484 2647 Uir-cro
503 2593 562 2646 δὲ
593 2593 626 2662 ή
654 2591 795 2656 λέξις
819 2589 958 2660 ἔχει·
998 2607 1016 2639 ι
1039 2586 1392 2656 Ἐξελίπομεν
1430 2587 1487 2639 ὲν
1520 2586 1586 2655 τῇ
1617 2584 1752 2654 ὀργῇ

184 2705 293 2754 σου,
313 2688 409 2740 καὶ
437 2689 497 2740 ὲν
525 2684 607 2754 τῷ
624 2683 781 2755 θυμῷ
806 2698 899 2734 σου
928 2679 1333 2751 ἐταράχθημεν.
1355 2697 1373 2729 ι
1411 2675 1521 2731 Καὶ
1547 2668 1756 2738 τούτοις

183 2779 373 2846 ἐπάγει
424 2777 496 2829 δι’
539 2773 835 2829 ἀκολούθου
886 2771 948 2824 τὸ
1000 2769 1073 2843 μὴ
1127 2769 1355 2841 πρέπειν
1409 2767 1528 2838 Θεῷ
1581 2765 1758 2838 θέαμα

179 2869 448 2925 ποιεῖσθαι
474 2869 581 2939 τὴν
614 2863 958 2937 ἀνθρωπίνην
992 2862 1188 2916 κακίαν
1208 2902 1222 2925 ,
1257 2860 1391 2933 μηδὲ
1427 2861 1537 2914 δεῖν
1572 2860 1758 2929 φαίνε-

182 2963 300 3017 σθαι
330 2962 411 3032 τῷ
435 2959 708 3032 ἀκηράτῳ
750 2953 1026 3026 προσώπῳ
1069 2953 1160 3007 τὸν
1199 2951 1601 3024 ὲμμολυνθέντα
1640 2952 1759 3014 ταῖς

178 3050 475 3123 ἁμαρτίαις
507 3047 669 3119 ἡμῶν
720 3044 921 3098 αἰῶνα·
966 3043 1112 3112 λέγει
1161 3041 1217 3095 δὲ
1261 3041 1462 3096 οὑτωσὶ
1510 3043 1575 3113 τῇ
1608 3043 1756 3112 φωνῇ

176 3141 269 3212 τὴν
309 3139 579 3209 τοιαύτην
621 3124 937 3205 ἑρμηνεύων
965 3132 1203 3187 διάνοιαν
1226 3148 1239 3163 ⁸
1287 3151 1306 3183 ι
1329 3132 1491 3215 ⁸Ίεςθου
1520 3132 1618 3195 τὰς
1644 3131 1763 3184 ἀνο-

178 3232 304 3302 μίας
326 3230 493 3303 ήμῶν
525 3225 767 3281 ἐναντίον
810 3222 926 3278 σοῦ.
953 3243 972 3276 ι
1007 3225 1100 3289 Ὠς
1132 3223 1198 3278 ἂν
1223 3223 1380 3288 εἴτις
1410 3222 1472 3276 τὸ
1500 3242 1519 3275 t
1555 3223 1639 3276 ἵνα
1667 3223 1719 3275 τί
1738 3241 1756 3273 ι

177 3323 434 3393 προσθεὶς
486 3322 589 3374 ἐπὶ
619 3319 679 3371 τὸ
711 3316 1041 3388 σαφέστερον
1077 3315 1307 3387 προάγοι
1348 3314 1436 3368 τὸν
1461 3315 1617 3383 λόγον
1642 3354 1657 3378 ,
1690 3314 1765 3376 ὡς

176 3412 309 3471 εἶναι
349 3414 624 3485 τοιαύτην
677 3410 771 3464 τοῦ
808 3411 1048 3482 ῥήματος
1098 3408 1197 3477 τὴν
1223 3406 1493 3462 διάνοιαν⁹
1523 3407 1644 3459 Ὅτι
1684 3405 1767 3458 σοὶ

174 3511 374 3581 πρέπει
400 3509 472 3563 τά
521 3503 669 3559 καλά
717 3506 773 3558 ὲν
806 3502 1100 3573 ὀφθαλμοῖς
1134 3500 1276 3571 ἔχειν
1303 3517 1318 3531 ·
1351 3498 1412 3552 τὸ
1447 3498 1503 3551 δὲ
1545 3498 1764 3567 ἄνομον,

177 3599 285 3671 (86)
312 3598 473 3670 παρά
504 3595 609 3649 σοῦ
633 3592 857 3665 ὁρᾶσθαι
880 3591 1112 3655 ἀνάξιον.
1149 3588 1400 3644 Τοιοῦτον
1421 3582 1513 3641 οὖν
1545 3585 1768 3656 ποίησον

173 3692 232 3743 τὸ
255 3689 619 3762 ἀνθρώπινον
642 3723 657 3747 ,
710 3683 786 3746 ὼς
826 3683 928 3753 τῆς
967 3681 1080 3752 (87)
1110 3680 1412 3750 ἐπισκοπῆς
1448 3678 1521 3750 μὴ
1554 3675 1770 3740 ἀνάξιον

178 3778 346 3846 εἶναι,
380 3778 528 3832 ἀλλά
566 3777 685 3846 (88)
713 3773 966 3843 γενέσθαι
996 3774 1088 3827 τὸν
1129 3772 1299 3826 αἰῶνα
1347 3769 1504 3841 ἡμῶν
1548 3767 1640 3821 τοῦ
1689 3768 1771 3819 σοὶ

176 3869 468 3939 φαίνεσθαι
504 3866 693 3931 ἄξιον·
728 3865 803 3928 ὡς
820 3866 880 3920 τό
895 3881 957 3933 γε
972 3862 1067 3917 νῦν
1085 3860 1261 3933 ἔχον,‹
1289 3863 1459 3915 πᾶσαι
1489 3861 1546 3913 αἱ
1567 3857 1772 3931 ἡμέραι

177 3956 333 4026 ἡμῶν
370 3958 693 4024 ὲξὲλιπονη
720 3953 781 4006 τὸ
815 3954 922 4025 γὰρ
951 3954 1008 4006 ἐν
1043 3953 1126 4005 σοὶ
1159 3951 1232 4023 μὴ
1263 3949 1398 4006 εἶναι
1421 3992 1437 4016 ,
1477 3952 1596 4006 οὐδὲ
1628 3951 1773 4004 ἔστιν

172 4048 308 4112 ὅλως
340 4045 491 4102 εἶναι
513 4066 529 4079 ο
565 4041 650 4100 ὧν
703 4045 812 4117 γὰρ
866 4045 1283 4117 ὲπικρατήσειή
1319 4044 1445 4113 (89)
1470 4044 1570 4114 τῆς
1605 4043 1776 4114 ὀργῆς

175 4140 471 4195 δυναστεία
494 4182 512 4208 ,
548 4138 927 4199 ἀνυπόστατος
964 4138 1059 4189 καὶ
1094 4133 1358 4203 σκιοειδής
1387 4138 1531 4189 ἐστιν
1574 4136 1607 4207 ἡ
1642 4133 1775 4205 ζωὴ,

171 4233 290 4285 καθ’
319 4233 645 4302 ὁμοιότητα
668 4227 762 4282 τοῦ
786 4227 1043 4299 ἀραχνίου
1074 4228 1313 4297 νήματος
1330 4242 1343 4254 ·
1368 4226 1443 4290 ὡς
1472 4226 1580 4297 γὰρ
1603 4226 1779 4278 ἐκεῖνο

171 4323 424 4390 φαίνεται
464 4323 601 4394 μὲν,
640 4320 745 4383 ἕως
780 4318 847 4373 ἂν
882 4316 1152 4381 συνεστὼς
1178 4318 1313 4389 τύχῃ
1341 4335 1352 4346 ·
1385 4319 1433 4370 εἰ
1461 4316 1515 4370 δέ
1539 4334 1620 4380 τις
1645 4319 1779 4369 ἐπα-

1849 585 1867 618 (
1888 566 2020 632 Quae
2040 581 2139 636 pro
2155 567 2326 621 nihilo
2354 568 2422 621 ab
2451 567 2587 638 ipsis
2604 567 2911 623 habentur:
2951 586 2970 621 ι
2988 568 3035 624 si
3066 580 3417 638 perseverent

1843 657 1899 711 in
1927 656 2210 711 voluntate
2242 664 2295 711 et
2332 657 2614 727 proposito
2666 657 2945 728 operantis
2977 672 3157 728 neque
3190 666 3416 728 praeter-

1847 749 2031 813 ierint,
2091 755 2349 819 tanquam
2390 763 2655 804 annorum
2718 747 3122 805 multitudinem
3170 765 3200 805 a
3231 749 3419 806 divino

1853 842 2016 917 oculo
2046 841 2599 912 sigillatimjudicari.
2632 841 2845 898 Rursus
2865 842 3282 899 mutabilitatem
3316 859 3419 898 na-

1850 943 1987 989 tura:
2020 941 2222 989 nostrae
2246 933 2492 989 oratione
2520 934 2803 998 describit,
2835 943 2895 988 ut
2928 933 3094 989 Deum
3125 936 3302 1006 magis
3349 935 3416 989 ad

1849 1026 2282 1083 misericordiam
2313 1032 2672 1081 commoveat.
2715 1024 3004 1081 Manifesta
3048 1026 3194 1082 enim
3232 1041 3418 1082 exem-

1846 1119 1939 1188 plo
1968 1119 2146 1182 docet,
2177 1116 2438 1186 quidnam
2486 1124 2725 1173 statuere
2778 1116 3074 1171 debeamus
3102 1116 3171 1171 de
3206 1126 3418 1173 naturae

1846 1218 2055 1267 nostra:
2102 1210 2364 1277 miseria;
2400 1223 2518 1265 eam
2571 1209 2831 1265 nimirum
2883 1210 3023 1265 nihil
3068 1211 3216 1266 aliud
3271 1226 3416 1278 esse,

1845 1318 2010 1374 quam
2046 1290 2205 1358 mane
2234 1302 2503 1372 quoddam
2537 1310 2592 1365 et
2625 1317 2929 1373 vesperam,
2956 1303 3061 1359 hoc
3098 1314 3201 1369 est,
3223 1304 3421 1374 juven-

1846 1402 2020 1450 tutem
2050 1401 2105 1449 et
2134 1401 2494 1457 senectutem,
2524 1394 2797 1450 viventem
2838 1395 3001 1450 simul
3028 1403 3084 1452 et
3125 1396 3423 1454 florescen-

1847 1495 1957 1540 tem
1990 1484 2095 1541 sub
2116 1484 2441 1550 diluculum,
2474 1482 2567 1538 sed
2597 1491 2781 1539 tamen
2813 1492 3248 1555 praetereuntem.
3268 1486 3423 1544 Post-

1851 1576 1966 1630 haec
1999 1583 2328 1646 consumpto
2366 1575 2526 1644 quasi
2556 1574 2850 1640 vegetioris
2896 1584 2952 1632 et
2994 1577 3272 1634 viridioris
3319 1580 3419 1635 aevi

1850 1682 1996 1735 rore,
2016 1667 2310 1738 plantaque
2337 1665 2729 1722 deﬁerescente
2836 1674 2892 1721 et
2964 1665 3152 1719 innato
3223 1665 3419 1721 decore

2352 1751 2405 1806 id
2496 1752 2641 1821 quod
2725 1750 3048 1820 relinquitur
3107 1755 3244 1810 nihil
3273 1757 3419 1812 aliud

1852 1853 1939 1903 est
1972 1861 2135 1917 quam
2166 1844 2429 1900 arefactio
2474 1852 2529 1900 et
2571 1844 2887 1900 exsiccatio.
2950 1845 3043 1901 Sic
3096 1847 3241 1902 enim
3299 1848 3418 1903 ait:

1857 1952 1878 1989 ι
1916 1936 2185 2004 Quoniam
2214 1950 2372 1991 mane
2404 1943 2665 2006 tanquam
2699 1935 2869 1992 herba
2902 1944 3166 2004 transeat,
3196 1953 3423 2010 vespere

1852 2028 2089 2094 decidat,
2126 2026 2346 2084 induret
2382 2035 2438 2083 et
2480 2025 2871 2083 arescat.»Hoc
2900 2027 3153 2085 videlicet
3184 2029 3422 2086 humana

1852 2127 2048 2176 natura
2085 2129 2188 2176 est.
2219 2118 2277 2173 In
2301 2120 2369 2175 iis
2391 2133 2519 2175 vero
2539 2134 2661 2192 qua:
2690 2127 3014 2191 sequuntur,
3053 2122 3226 2194 magis
3245 2122 3424 2179 adhuc

1853 2211 2164 2265 mortalium
2197 2211 2568 2265 conditionem
2604 2213 2897 2268 miseratur
2924 2221 2978 2269 et
3000 2212 3268 2284 deplorat,
3297 2230 3422 2271 cum

1854 2302 1952 2368 ait,
1994 2309 2375 2373 consumptam
2428 2317 2552 2359 esse
2597 2303 2653 2358 in
2688 2303 2772 2358 ira
2805 2304 2971 2359 vitam
3026 2304 3332 2373 hominum,
3371 2316 3427 2364 et.

1856 2393 2003 2448 velut
2028 2400 2192 2448 vento
2223 2393 2460 2463 quodam
2493 2392 2699 2450 furoris
2761 2393 3099 2451 immissione
3151 2398 3425 2453 turbatam

1856 2490 1911 2539 et
1938 2484 2290 2554 exagitatam.
2328 2481 2681 2555 Perspicuum
2702 2493 2881 2540 autem
2915 2487 3155 2544 arbitror
3185 2504 3308 2545 eum
3333 2489 3430 2544 ira:

1858 2584 1912 2631 et
1944 2574 2149 2632 furoris
2180 2575 2498 2632 nominibus
2535 2575 2824 2647 designare
2875 2581 3273 2649 operationem,
3318 2597 3425 2653 qua

1860 2681 1890 2720 a
1920 2664 2032 2722 Deo
2063 2667 2385 2724 absistimus
2407 2677 2460 2724 et
2490 2669 2792 2738 deﬁcimus,
2817 2684 2937 2742 quae
2968 2671 3280 2729 hominibus
3304 2674 3431 2729 vitae

1860 2759 2022 2814 ﬁnem
2052 2758 2240 2825 aﬁ‘ert;
2279 2761 2520 2815 turbatio
2545 2775 2675 2817 vero
2712 2762 2832 2832 ejus
2858 2773 2961 2829 est,
2997 2765 3142 2833 quod
3167 2764 3425 2834 quiescit.

1863 2850 1956 2904 Sic
1976 2858 2154 2907 autem
2187 2852 2349 2907 verba
2378 2867 2499 2909 sese
2532 2852 2769 2908 habent:
2802 2873 2820 2907 ι
2849 2855 3115 2922 Quoniam
3148 2858 3199 2911 in
3226 2858 3307 2912 ira
3339 2867 3429 2913 tua

1862 2940 2166 2998 defecimus
2191 2986 2207 3011 ,
2246 2954 2297 2999 et
2331 2944 2385 2999 in
2423 2944 2609 3001 furore
2637 2954 2731 3001 tuo
2766 2948 2972 3003 turbati
3006 2964 3218 3006 sumus.
3257 2949 3433 3006 »Βίε-

1863 3048 1973 3104 que
1999 3035 2193 3091 ordine
2222 3051 2465 3108 congruo
2495 3037 2667 3104 addit,
2698 3053 2806 3094 non
2833 3039 3046 3105 decere,
3077 3048 3134 3095 ut
3163 3041 3305 3099 Deus
3333 3043 3438 3098 hu-

1864 3142 2083 3183 manam
2112 3129 2376 3184 malitiam
2411 3129 2516 3185 sibi
2567 3131 2699 3186 velit
2725 3146 2846 3188 esse
2877 3135 3206 3203 spectaculo,
3260 3152 3437 3208 neque

1866 3218 2129 3276 inviolato
2161 3220 2238 3275 illi
2272 3221 2447 3276 vultui
2482 3237 2744 3292 apparere
2772 3224 2970 3280 debere
2988 3240 3161 3281 aevum
3188 3234 3437 3285 nostrum

1866 3313 2108 3382 peccatis
2145 3320 2200 3367 et
2231 3312 2453 3385 ﬂagitiis
2488 3315 2869 3384 inquinatum:
2905 3317 2987 3372 sic
3031 3333 3163 3375 vero
3192 3320 3261 3376 ad
3309 3336 3433 3376 ver-

1867 3402 1995 3457 bum
2034 3404 2088 3457 in
2120 3403 2264 3457 hanc
2291 3406 2616 3460 sententiam
2652 3407 2929 3476 loquitur:
2966 3426 2984 3460 ι
3044 3408 3285 3467 Posuisti
3334 3413 3440 3467 ini-

1867 3496 2101 3565 quitates
2139 3484 2467 3552 nostras‘in
2528 3508 2826 3567 conspectu
2881 3506 2995 3555 tuo.
3040 3520 3059 3553 ι
3101 3499 3173 3555 Ut
3216 3503 3262 3558 si
3314 3507 3440 3575 quis

1871 3587 2083 3657 adjecta
2112 3588 2305 3643 vocula
2343 3606 2362 3641 ι
2386 3587 2567 3654 Quare
2603 3608 2624 3643 ι
2652 3590 2939 3645 clariorem
2966 3594 3287 3649 sententiam
3318 3598 3437 3652 red-

1871 3681 2000 3736 dere
2029 3681 2178 3744 velit,
2222 3680 2312 3735 hic
2345 3680 2508 3750 hujus
2541 3681 2647 3736 loci
2700 3697 2895 3738 sensus
2927 3684 2997 3739 sit
3046 3684 3263 3743 futurus
3292 3703 3307 3740 :
3338 3687 3442 3744 Dc-

1873 3780 1956 3826 cet
1988 3778 2039 3825 te
2077 3769 2306 3841 pulchra
2341 3778 2465 3825 ante
2492 3770 2684 3833 oculos
2707 3771 2930 3840 habere,
2971 3774 3233 3846 iniquitas
3259 3785 3440 3832 autem

1851 3862 2097 3933 'indigna
2133 3869 2237 3928 est,
2261 3877 2384 3932 qua:
2412 3878 2441 3916 a
2478 3870 2530 3918 te
2560 3864 2878 3935 aspiciatur.
2914 3865 3072 3922 Tales
3107 3868 3272 3938 igitur
3295 3868 3445 3925 eﬁice

1875 3953 2146 4017 homines,
2178 3960 2238 4007 ut
2267 3961 2453 4009 neiuo
2485 3954 2687 4011 intuitu
2734 3958 2845 4013 sint
2892 3958 3098 4030 indigni
3132 3977 3146 4026 ;
3194 3958 3291 4015 sed
3334 3961 3445 4015 vita

1875 4052 2065 4099 nostra
2095 4044 2260 4115 digna
2294 4044 2365 4099 sit
2395 4045 2492 4100 tibi
2535 4049 2787 4116 ostendi;
2833 4057 3024 4120 utpote
3054 4059 3319 4122 quantum
3373 4053 3439 4108 ad

1878 4142 2202 4206 praesentem
2259 4143 2458 4193 statum
2495 4138 2795 4208 pertinet,t
2855 4154 3045 4196 omnes
3098 4142 3216 4198 dies
3244 4151 3444 4199 nostrae

1878 4226 2226 4294 defecerunt;
2263 4246 2282 4280 ›
2318 4227 2464 4298 quod
2497 4229 2641 4284 enim
2687 4229 2741 4283 in
2799 4237 2854 4284 te
2910 4246 3021 4285 non
3076 4239 3178 4294 cst,
3215 4248 3442 4301 prorsus

1881 4333 1990 4373 non
2023 4325 2125 4374 est.
2158 4317 2368 4384 Quibus
2396 4321 2539 4374 enim
2575 4321 2671 4376 irte
2701 4321 2942 4390 potentia
2969 4327 3022 4376 et
3052 4322 3136 4378 vis
3169 4324 3445 4392 praevalet,

169 4416 327 4485 γάγοι
351 4414 460 4485 τὴν
486 4416 698 4484 χεῖρα,
749 4410 1091 4482 παραχρῆμα
1126 4409 1261 4481 πρὸς
1292 4410 1391 4480 τὴν
1425 4408 1638 4477 ἐπαφὴν

1966 4448 1968 4457 ν
1995 4411 2104 4464 vita
2133 4410 2382 4480 quzedam
2413 4412 2721 4467 umbratilis
2754 4419 2807 4466 et
2860 4412 3086 4469 minime
3144 4416 3449 4472 subsistens

169 4505 457 4559 δακτύλων
494 4503 766 4576 διαρρυὲν
794 4501 1147 4572 ἀφανίζεται·
1183 4499 1353 4564 οὕτως
1378 4500 1469 4552 καὶ
1508 4501 1536 4551 ὁ
1566 4496 1777 4569 ἀνθρώ-

168 4613 319 4661 mro;
356 4596 483 4667 βίος
512 4598 653 4655 ταῖς
683 4592 790 4663 (90)
821 4592 1212 4655 ἀνυποστάτοις
1239 4591 1495 4653 σπουδαῖς
1516 4630 1531 4655 ,
1564 4584 1674 4643 οἷόν
1700 4607 1780 4643 τι·

172 4704 253 4741 σιν
286 4688 578 4761 ἐναερίοις
615 4683 730 4755 (91)
751 4685 986 4754 νήμασιν
1007 4685 1093 4737 ἀεὶ⁸
1110 4683 1575 4754 συμπλεκόμενος,
1607 4681 1781 4752 μάτην

171 4777 455 4850 ἐξυφαίνει
500 4777 656 4849 (92).
690 4775 787 4847 τὴν
824 4775 1170 4846 ἀνύπαρκτον
1219 4776 1550 4847 ἱστουργίαν.
1596 4766 1781 4844 Οὗπερ

172 4872 223 4924 si
246 4889 332 4935 τις
374 4870 707 4940 καθάψοιτο
739 4867 951 4940 στερρῷ
980 4867 1258 4938 λογισμῷ,
1291 4867 1653 4936 διαδιδράσκει
1684 4865 1781 4936 τὴν

171 4960 339 5036 λαϐὴν
357 4966 393 5036 ή
417 4964 544 5035 (95)
572 4960 788 5032 ματαία
811 4960 1035 5031 σπουδὴ,
1054 4959 1148 5012 καὶ
1177 4961 1256 5023 εἰς
1276 4959 1424 5012 οὐδὲν
1441 4959 1777 5027 ἀφανίζεται·

171 5054 351 5108 πάντα.
369 5055 493 5123 γὰρ
531 5052 612 5106 τὰ
648 5049 791 5104 κατά
817 5049 913 5122 τὴν
947 5048 1092 5120 ζωὴν
1119 5049 1323 5119 ταύτην
1353 5049 1780 5120 σπουδαζόμενα,

240 5260 354 5330 (Si)
387 5262 520 5323 Τις,
542 5254 656 5330 ped.

242 5325 357 5402 (83)
382 5328 627 5402 Αρτῶν,
666 5325 756 5382 ed.

241 5394 359 5471 (84)
396 5397 574 5454 Εἶναι
602 5410 728 5471 orn:
752 5394 838 5450 ed.

240 5465 358 5540 (85)
399 5472 497 5540 Ὠς
531 5465 778 5540 ήᾼχλόη,
817 5465 903 5520 ed.

241 5536 357 5611 (86)
382 5539 500 5595 Τοῦ
525 5536 678 5611 ειέίὲ·
713 5536 797 5611 ⁸ίὲ-

241 5605 357 5681 (87)
382 5612 500 5679 Σῆς
526 5605 799 5681 σιωπαί..

240 5670 358 5743 ἰ88)
403 5670 585 5734 ’.ἀλλὰ
619 5674 700 5728 ad
740 5670 1004 5729 εἶναιοιη.
1046 5673 1133 5729 ed.
1162 5686 1377 5743 propter
1417 5678 1789 5743 repetitionem

1884 4500 2120 4569 ducitur,
2155 4502 2223 4555 ad
2243 4503 2652 4559 similitudinem
2681 4503 2799 4558 telae
2827 4519 3149 4561 aranearum
3176 4525 3193 4576 ;
3219 4516 3279 4562 ut
3303 4508 3448 4563 enim

1882 4594 1973 4649 illa
2009 4605 2233 4665 apparet
2279 4594 2499 4666 quidem
2550 4596 2729 4665 quoad
2765 4610 3011 4653 connexa
3064 4598 3262 4667 fuerit;
3303 4607 3359 4654 at
3404 4604 3450 4655 si

1882 4684 2007 4755 quis
2035 4699 2256 4739 manum
2292 4686 2617 4753 admoverit,
2646 4685 2935 4756 derepente
2968 4698 3218 4745 contactu
3247 4690 3450 4760 digito-

1884 4792 2004 4830 rum
2036 4776 2284 4832 dilabens
2309 4777 2589 4834 evanescit
2615 4794 2630 4833 ι
2664 4778 2743 4833 sic
2775 4785 2830 4834 et
2857 4779 3089 4835 humana
3122 4782 3231 4835 vita
3259 4797 3452 4851 super—

1884 4870 2141 4925 vacaneis
2172 4876 2225 4925 et
2279 4885 2391 4925 non
2442 4871 2869 4929 consistentibus
2919 4871 3137 4935 studiis,
3189 4879 3447 4942 tanquam

1887 4961 2048 5018 aeriis
2082 4961 2407 5032 quibusdam
2444 4963 2572 5031 ﬁlis,
2622 4980 2836 5035 semper
2861 4965 3155 5037 implicata,
3211 4965 3453 5020 contexit

1889 5051 1992 5108 sibi
2022 5069 2129 5109 non
2163 5054 2551 5112 subsistentem
2592 5057 2751 5113 telam
2782 5074 2797 5124 ;
2827 5070 2988 5129 quam
3021 5056 3065 5112 si
3123 5056 3258 5126 quis.
3297 5054 3451 5113 ﬁrma

1887 5261 2035 5317 verbi
2064 5258 2202 5316 εἷναι
2213 5301 2226 5314 .

1960 5329 2072 5399 (89)
2123 5330 2187 5401 Ἡ
2215 5344 2323 5384 om.
2364 5329 2464 5384 Ed.

1963 5402 2075 5472 (90)
2102 5401 2231 5472 ’[αἰς
2254 5414 2362 5456 om.
2400 5401 2488 5455 ed.

1964 5469 2077 5541 (9i)
2120 5469 2281 5541 Forte
2312 5471 2610 5541 ἀραχνίοις.

1962 5540 2073 5609 r92)
2095 5539 2251 5611 Αὐτῷ
2279 5539 2402 5594 τυιο.
2427 5539 2523 5595 ίοά.

1965 5612 2076 5680 (95)
2118 5611 2181 5663 'H
2204 5625 2310 5664 om.
2337 5611 2425 5665 ed.
