3756 5988
277 186 379 238 465

1583 187 1640 242 S.
1683 187 2010 244 GREGORII
2049 188 2340 245 NYSSENI

3420 199 3522 253 £65

277 300 607 371 cogitatione
643 301 1033 371 apprehendat,
1091 300 1279 371 eil'ugit
1337 308 1650 356 contactum
1706 319 1835 358 vana

2012 306 2124 374 ησίς
2163 307 2276 359 ἐστι
2303 346 2317 369 ,
2349 305 2444 358 καὶ
2475 306 2572 375 οὐχ
2622 306 2950 370 ὑπόστασις³
2989 309 3161 377 οἴησις
3193 311 3223 378 ἡ
3259 311 3392 382 τιμὴ
3419 351 3435 374 ,
3466 313 3525 365 τό

276 391 560 454 sedulitas,
597 391 762 460 inque
809 391 1040 443 nihilum
1078 391 1288 445 recidit.
1321 391 1515 445 Omnia
1551 392 1694 446 enim
1727 393 1848 461 qui-

275 484 376 536 bus
411 483 464 537 in
493 483 594 536 hac
627 483 732 536 vita
767 483 1077 536 mortalium
1109 496 1254 535 curae
1275 482 1627 547 distinentur,
1663 483 1844 538 inanis

274 573 520 642 quaedam
561 573 747 643 opinio
773 581 921 639 sunt,
957 573 1204 642 nihilque
1253 573 1600 638 subsistens;
1659 575 1846 644 opinio

275 672 359 720 est
399 665 595 728 honor,
646 665 905 734 dignitas,
966 666 1182 734 generis
1216 665 1510 729 claritudo,
1562 666 1860 735 superbia,

274 758 457 817 elatio.
492 757 711 823 divitiae,
745 766 794 810 et
838 757 926 812 his
965 757 1185 822 similia,
1240 758 1440 826 quibus
1495 758 1618 812 vitae
1678 758 1845 826 hujus

273 849 455 902 aranei
497 849 750 903 inhiant:
788 849 991 904 idcirco
1027 851 1154 902 talia
1217 849 1307 904 Dei
1363 850 1573 904 medela
1639 859 1839 919 egent;

275 940 413 993 hanc
461 940 604 994 enim
666 940 861 1008 subjici
898 941 1062 994 credo
1113 941 1436 994 sententiam
1497 941 1573 994 illi
1623 942 1839 996 verbo:

277 1048 295 1078 ι
339 1030 604 1096 Quoniam
631 1031 746 1084 dies
781 1045 1049 1083 annorum
1108 1041 1420 1084 nostrorum
1473 1031 1525 1082 in
1587 1030 1721 1098 ipsis
1758 1046 1844 1084 se-

271 1127 549 1196 ptuaginta
578 1126 703 1180 anni
737 1145 748 1180 :
782 1127 825 1182 si
858 1134 1036 1179 autem
1067 1126 1120 1179 in
1155 1125 1520 1194 potentatibus
1556 1125 1831 1194 octoginta

273 1219 420 1280 anni,
451 1228 505 1272 et
566 1218 797 1287 amplius
834 1232 1057 1282 eorum,
1117 1217 1270 1270 tabor
1331 1224 1382 1269 et
1415 1214 1608 1281 dolor;
1646 1233 1664 1266 ι
1734 1231 1839 1270 non

271 1311 397 1380 quia
427 1327 588 1380 supra
621 1311 940 1380 praedictum
992 1310 1285 1364 terminum
1341 1309 1544 1362 viventi
1600 1307 1709 1360 vita
1771 1307 1842 1360 sit

274 1401 588 1466 laboriosa;
622 1402 713 1456 sed
771 1401 898 1470 quia
956 1401 1093 1453 adeo
1155 1399 1335 1453 brevis
1400 1398 1524 1451 vitae
1554 1397 1840 1466 potissima

274 1508 399 1560 pars
429 1494 481 1546 in
516 1492 700 1545 labore
726 1498 777 1544 et
806 1491 995 1544 dolore
1017 1488 1380 1542 consumitur.
1424 1483 1600 1540 Labor
1641 1493 1726 1539 est
1759 1485 1842 1538 in-

273 1585 440 1638 fantia
467 1601 480 1649 ;
520 1585 690 1647 lalor,
725 1583 1023 1651 juventus;
1077 1590 1230 1644 aetas,
1266 1595 1386 1650 qua:
1418 1580 1557 1634 inter
1581 1579 1696 1632 haec
1727 1593 1840 1632 me-

1953 398 2185 468 ἀξίωμα,
2206 398 2266 450 τὸ
2288 398 2441 466 γένος
2465 437 2478 461 ,
2500 399 2528 450 ό
2550 398 2713 466 τύφος
2732 437 2747 463 ,
2779 400 2807 450 ὁ
2834 398 2994 466 ὅγκος
3017 438 3033 463 ,
3061 400 3088 451 ὁ
3108 398 3336 462 πλοῦτος
3355 441 3371 465 ,
3395 402 3521 455 πάν-

1949 506 2016 541 τα
2040 489 2105 542 τὰ
2133 489 2373 552 τοιαῦτα,
2405 485 2485 552 οἷς
2510 489 2877 560 ἐμμελετῶσιν
2908 491 2962 543 αἱ
2999 489 3091 542 τοῦ
3118 490 3230 558 βίου
3264 491 3519 562 ἀράχναι·

1948 576 2007 635 oﬁ
2037 581 2194 652 χάριν
2222 580 2288 634 τὰ
2317 580 2557 643 τοιαῦτα,
2585 581 2721 634 Θεοῦ
2751 581 2917 634 δεῖται
2949 581 3059 651 (94)
3089 580 3486 654 Θεραπεύοντος
3505 598 3521 614 ·

1947 671 2146 742 ταύτην
2178 672 2286 741 γὰρ
2315 672 2552 743 ἠγοῦμαι
2590 671 2682 725 τοῦ
2719 673 2882 744 ῥητοῦ
2920 673 3019 743 τὴν
3046 673 3284 726 διάνοιαν
3312 672 3408 726 τοῦ
3436 674 3524 727 λέ-

1948 779 2158 830 γοντοςι
2179 780 2197 812 ι
2225 762 2344 816 Ὅτι
2373 765 2426 816 αἱ
2458 763 2660 833 ἡμέραι
2715 761 2839 823 τῶν,
2873 763 3009 816 ἐτῶν
3035 763 3192 832 ἡμῶν
3235 765 3292 816 ἐν
3341 764 3524 828 αὐτοῖς

1947 853 2313 924 ἐϐδομήκοντα
2346 853 2460 922 ἔτη.
2505 854 2628 906 Ἐὰν
2657 853 2711 905 δὲ
2741 855 2797 906 ἐν
2820 854 3160 916 δυναστείαις
3191 853 3519 922 ὁγδοήκοντα

1947 943 2037 1013 ἔτη
2061 984 2073 1004 ,
2106 944 2197 997 καὶ
2255 943 2315 996 τὸ
2372 944 2553 997 πλεῖον
2603 943 2782 997 αὐτῶν
2832 943 2998 1006 κόπος
3027 944 3120 996 καὶ
3149 945 3327 1007 πόνος.
3353 965 3371 996 ι
3407 945 3521 1015 Οὐχ

1943 1037 2024 1090 ὅτι
2059 1036 2135 1105 τῷ
2162 1037 2302 1107 ὑπὲρ
2325 1036 2384 1088 τὸ
2429 1037 2625 1106 μέτρον
2650 1035 2805 1088 τοῦτο
2846 1033 3006 1098 ζῶντι
3034 1036 3062 1086 ό
3091 1034 3204 1103 βίος
3235 1036 3515 1100 ἐπίπονος,

1945 1125 2056 1176 ἀλλ’
2086 1126 2166 1177 ὅτι
2192 1126 2290 1194 τῆς
2319 1125 2460 1178 οὕτω
2501 1125 2757 1196 βραχείας
2791 1123 2935 1193 ζωῆς
2969 1125 3026 1176 ἐν
3060 1125 3212 1193 κόπῳ
3250 1125 3311 1177 τὸ
3357 1125 3518 1180 πλέον

1943 1217 2058 1269 ἐστὶ
2090 1218 2181 1270 καὶ
2207 1217 2370 1286 πόνῳ.
2391 1217 2558 1280 Πόνος
2577 1256 2590 1278 ,
2618 1218 2650 1286 ἡ
2681 1216 2942 1286 νηπιότης
2963 1233 2974 1244 ’
3009 1216 3172 1276 κόπος
3191 1256 3204 1278 ,
3236 1218 3268 1285 ή
3291 1217 3482 1284 νεότης
3501 1233 3514 1247 ·

1941 1307 1970 1358 ὁ
2007 1310 2063 1359 ἐν
2089 1305 2166 1378 τῷ
2190 1309 2336 1378 μέσῳ
2358 1307 2500 1377 βίος,
2536 1307 2694 1360 πλέον
2729 1310 2838 1370 τοῖς
2873 1308 3052 1370 πόνοις
3087 1307 3513 1376 ἐνδαψιλεύεται.

1943 1399 2014 1451 Τὸ
2051 1399 2108 1451 δέ
2150 1401 2355 1469 γῆρας,
2386 1399 2744 1470 διαφερόντως
2773 1401 2908 1470 αὐτῇ
2949 1403 3013 1470 τῇ
3065 1399 3226 1469 πολιᾷ
3255 1400 3348 1452 καὶ
3396 1404 3515 1464 ταῖς

1945 1489 2138 1556 ῥυτίσι,
2163 1489 2251 1541 τὸν
2286 1489 2622 1558 πλεονασμὸν
2648 1489 2738 1541 τοῦ
2769 1490 2937 1542 κόπου
2973 1490 3308 1560 μαρτύρεται
3332 1529 3346 1545 .
3405 1491 3516 1544 Πά-

1942 1576 2022 1630 λιν
2051 1578 2230 1649 ἓτερον
2260 1580 2464 1632 ἐπινοεῖ
2487 1579 2705 1649 τρόπον,
2785 1581 2934 1640 ὅπως
2969 1579 3034 1633 ἂν
3067 1583 3177 1642 τοῖς
3205 1579 3516 1651 ἀνθρώποις

271 1673 381 1736 dia,
415 1674 584 1742 magis
611 1673 788 1728 adhuc
832 1671 1108 1725 laboribus
1141 1669 1525 1732 conﬂictatur;
1583 1674 1835 1721 senectus

2012 1668 2186 1739 ςωθείη
2217 1670 2276 1722 τὸ
2305 1667 2478 1724 Θεῖον.
2513 1671 2745 1740 Τοιαύτη
2787 1671 2843 1723 δέ
2895 1671 3001 1723 τῶν
3030 1670 3334 1739 λεγομένων
3369 1673 3516 1724 ἐστὶν

272 1764 621 1834 ipsacanitie
650 1771 703 1817 et
727 1763 875 1832 rugis
905 1762 1114 1830 copiam
1142 1768 1194 1812 et
1223 1757 1606 1813 abundantiam
1632 1757 1835 1810 laboris

2012 1757 2236 1810 Βιάνοια·
2269 1761 2326 1810 '0
2365 1759 2462 1830 μέν
2500 1761 2605 1813 τῶν
2635 1760 2919 1831 ἁμαρτιῶν
2957 1764 2988 1828 ἡ
3001 1761 3113 1830 μῶν
3147 1762 3309 1826 ὄγκος
3340 1761 3514 1830 μεγα-

271 1857 486 1926 cgrcgie
537 1864 788 1911 testatur.
825 1855 1023 1909 lterum
1061 1852 1227 1905 alium
1288 1850 1558 1920 excogitat
1593 1849 1833 1914 modum,

268 1960 376 2013 quo
401 1945 714 1999 hominibus
743 1945 987 1999 divinum
1005 1942 1215 1998 Numen
1240 1941 1514 2012 propitiet,
1533 1941 1631 1994 hoc
1652 1937 1840 1992 verbo-

269 2051 385 2088 rum
420 2051 582 2090 sensu
621 2055 633 2089 :
666 2033 1016 2090 Pet-calorum
1050 2042 1365 2089 nostrorum
1389 2033 1560 2086 moles
1584 2046 1834 2100 magnam

267 2127 425 2181 nobis
467 2126 722 2180 conciliat
754 2141 992 2196 poenam,
1027 2133 1078 2179 et
1115 2125 1346 2179 facultas
1378 2132 1585 2178 natura:
1635 2133 1835 2178 nostrae

266 2223 377 2270 tam
419 2217 631 2271 inﬁrma
666 2226 771 2280 est,
831 2227 888 2272 ut
945 2219 1167 2272 minimc
1209 2231 1402 2286 capere
1463 2215 1636 2286 possit
1669 2215 1831 2277 iram,

266 2324 388 2376 qua
420 2325 518 2378 pro
549 2310 742 2363 merito
771 2319 1118 2379 peccatorum
1174 2309 1446 2373 inl'ertur;
1505 2320 1675 2375 quare
1708 2305 1834 2359 licet

267 2398 395 2452 mite
425 2406 478 2451 et
513 2397 849 2453 moderatum
875 2401 966 2465 sit,
987 2399 1038 2452 id
1069 2399 1211 2467 quod
1240 2397 1491 2468 supplicii
1529 2398 1650 2450 loco
1673 2395 1831 2449 nobis

266 2488 558 2554 incutitur;
589 2490 723 2543 satis
759 2497 938 2543 tamen
971 2497 1053 2544 est
1092 2489 1154 2542 ad
1206 2487 1606 2555 correptionem
1662 2493 1717 2540 et
1749 2485 1835 2537 in-‘

1935 1844 2030 1915 λην
2058 1847 2341 1914 ἐφέλκεται
2368 1848 2466 1919 τὴν
2487 1851 2753 1921 τιμωρίαν
2771 1868 2783 1879 ·
2809 1850 3055 1920 ούτιδανὴ
3087 1850 3142 1902 δέ
3168 1851 3266 1920 τῆς
3298 1850 3513 1917 φύσεως

1934 1942 1966 2010 ἢ
1993 1940 2287 2003 ὑπόστασις
2306 1984 2318 2006 ,
2349 1940 2424 2004 ὡς
2452 1941 2524 2011 μὴ
2547 1942 2791 2012 χωρῆσαι
2824 1941 2920 2012 τὴν
2955 1944 3074 1994 κατ’
3102 1940 3255 2004 ἀξίαν
3282 1941 3375 1994 ἐπὶ
3403 1945 3514 2004 τοῖς

1937 2029 2405 2102 πλημμεληθεῖσιν
2442 2033 2632 2103 ὀργήν.
2667 2033 2824 2085 Ἀλλὰ
2873 2033 2974 2086 κᾶν
3023 2035 3192 2104 πρᾷον
3286 2032 3348 2085 τὺ
3376 2033 3517 2085 ἐπα-

1941 2121 2169 2188 γόμενον
2234 2123 2312 2185 είς
2359 2123 2624 2192 τιμωρίαν
2677 2124 2843 2192 ἡμῖν,
2913 2123 3094 2175 ἱκανὸν
3159 2122 3313 2175 ἔσται
3379 2123 3515 2191 πρὸς

1941 2211 2186 2265 παιδείαν
2207 2215 2316 2276 τοῖς
2348 2214 2737 2283 ὑπομένουσιν·
2781 2216 2829 2266 εί
2863 2210 2954 2268 οὖν
2994 2215 3052 2267 τὸ
3084 2217 3251 2285 πρᾷον
3281 2215 3384 2284 τῆς
3419 2217 3515 2268 ἀν-

1939 2303 2190 2367 τιδόσεως
2225 2304 2359 2375 πρὸς
2393 2305 2668 2358 παίδευσίν
2698 2323 2755 2358 τε
2784 2306 2874 2359 καὶ
2904 2307 3168 2376 τιμωρίαν
3197 2306 3514 2376 ἐξήρκεσεν,

1939 2393 2024 2455 τίς
2050 2392 2111 2446 τὸ
2140 2396 2336 2463 κράτος
2363 2396 2461 2464 τῆς
2489 2397 2655 2467 ὀργῆς
2689 2397 3076 2464 ὑποστήσεται;
3112 2397 3144 2467 ἢ
3169 2397 3250 2459 τίς
3283 2395 3518 2466 ἁριῦμος

1939 2479 2032 2537 τοῦ
2065 2483 2235 2555 θυμοῦ
2391 2486 2551 2555 φόϐον
2578 2487 2910 2556 ἐκμετρῆσαι
2934 2487 3245 2558 δυνήσεται;

265 2580 600 2636 stitutionem
637 2582 704 2637 iis
731 2583 822 2652 qui
870 2583 919 2638 id
955 2583 1220 2652 patienter
1273 2582 1527 2635 tolerant.
1595 2577 1652 2633 Si
1712 2577 1875 2648 igitur
1930 2586 2213 2632 mansueta
2272 2580 2561 2634 retributio
2621 2579 2815 2633 sufﬁcit
2877 2579 2942 2632 ad
3012 2580 3413 2649 correptionem
3459 2586 3518 2634 et

266 2670 566 2737 mulctam;
613 2673 736 2741 quis
795 2673 1089 2742 potentiam
1153 2671 1246 2726 irae
1307 2669 1575 2726 sull‘eret?
1609 2669 1691 2722 vel
1740 2667 1863 2736 quis
1901 2681 2166 2722 numerus
2219 2669 2468 2722 timorem
2515 2668 2716 2723 furoris
2760 2669 2966 2724 emetiri
3021 2669 3261 2738 poterit?

335 2761 474 2832 Ergo
512 2763 556 2816 si
585 2764 921 2818 intoleranda
955 2772 1038 2819 est
1066 2765 1158 2818 iraa
1186 2764 1523 2834 magnitudo,
1554 2761 1835 2818 toleranda

265 2863 443 2910 autem
477 2857 616 2910 actio
645 2872 766 2911 cum
803 2855 1136 2910 humanitate
1174 2863 1227 2910 et
1261 2847 1678 2910 mansuetudine
1707 2871 1833 2911 sus-

2012 2759 2074 2810 Εί
2100 2755 2192 2812 οὖν
2223 2760 2592 2822 ἀνυπόστατος
2624 2760 2720 2830 μὲν
2747 2762 2780 2828 ἡ
2807 2759 2964 2831 ὀργὴ,
2989 2758 3207 2830 χωρητὴ
3227 2759 3282 2812 δέ
3303 2761 3336 2829 ἡ
3370 2760 3517 2814 κατὰ

1942 2847 2349 2918 φιλανθρωπίαν
2381 2849 2658 2919 ἐνέργεια,
2697 2867 2714 2900 ι
2767 2847 2938 2913 οὕτως
2968 2848 3229 2919 γνώρισον
3254 2851 3389 2918 ἡμῖν
3418 2850 3516 2921 τὴν

264 2956 415 3016 cepta
445 2989 459 3013 ,
508 2967 524 2998 ι
557 2949 635 3002 sic
669 2956 850 3001 notam
884 2950 966 3001 fac
997 2947 1154 3002 nobis
1191 2949 1466 3001 dexteram
1505 2955 1675 3008 tuam,
1714 2965 1730 2997 ι
1776 2955 1834 3000 ut

2012 2931 2117 2996 ξιάν
2169 2951 2297 2999 σου,
2333 2954 2350 2986 ι
2390 2935 2464 2998 ὡς
2503 2937 2746 3007 χωρῆσαι
2783 2937 3076 3007 δυνάμεθα,
3114 2941 3169 2990 ἐν
3203 2937 3384 3008 σοφίᾳ,
3415 2940 3516 2992 οὐκ

263 3038 382 3106 ejus
417 3053 644 3107 capaces
687 3038 896 3104 simus;
941 3039 994 3092 in
1030 3038 1314 3108 sapientia,
1349 3053 1455 3092 non
1499 3038 1551 3091 in
1572 3036 1832 3103 vindicta,

264 3131 607 3199 correptione
640 3140 828 3185 nostra
853 3145 880 3183 a
905 3139 956 3185 te
984 3131 1142 3185 nobis
1176 3131 1546 3201 proveniente.
1579 3130 1836 3208 Exposita

264 3222 426 3287 igitur
449 3221 592 3275 hunc
623 3223 674 3275 in
713 3223 930 3277 modum
957 3224 1246 3288 sententia,
1273 3239 1614 3293 consequens
1650 3223 1832 3285 fuerit,

263 3313 381 3384 ipsa
416 3314 679 3370 divinitus
724 3316 984 3386 inspirata
1016 3318 1179 3372 verba
1235 3318 1483 3382 reddere,
1508 3332 1628 3386 quae
1663 3317 1741 3370 sic
1776 3331 1836 3370 se

264 3403 502 3457 habent:
542 3423 558 3454 ι
606 3403 873 3469 Quoniam
909 3404 1053 3458 venit
1113 3404 1471 3459 mansuetudo
1510 3419 1672 3472 super
1711 3417 1830 3466 nos,

262 3502 315 3546 vt
345 3496 727 3564 corripiemur.
770 3495 903 3561 Quis
947 3496 1093 3550 novit
1128 3503 1449 3564 potestatem
1487 3495 1578 3547 irae
1620 3502 1743 3554 tua),
1779 3501 1834 3545 et

262 3601 371 3654 prae
411 3586 603 3641 timore
628 3597 719 3640 tuo
768 3587 902 3640 iram
944 3589 1091 3640 tuam
1120 3587 1512 3641 dinumerare?
1545 3585 1829 3639 Dexter-ant

261 3686 408 3730 tuam
439 3678 518 3732 sic
540 3688 719 3734 notam
747 3677 851 3743 fac,
871 3689 923 3734 et
944 3679 1188 3735 eruditos
1221 3679 1384 3732 corde
1413 3678 1467 3731 in
1494 3679 1783 3746 sapientia.
1808 3697 1826 3729 ι

260 3764 552 3822 Pulchrum
580 3784 708 3823 vero
733 3776 816 3822 est
847 3768 897 3821 id
921 3768 1063 3838 qttod
1089 3769 1279 3822 ordine
1303 3767 1679 3837 subjungitur,
1705 3780 1831 3820 cum

261 3858 336 3910 ait
371 3873 468 3912 nos
519 3858 589 3910 ob
625 3866 834 3912 naturae
886 3859 1311 3913 imbecillitatem
1344 3875 1452 3913 non
1488 3873 1681 3927 capere
1741 3857 1832 3912 ira:

261 3946 712 4018 magnitudinem,
739 3963 900 4018 quam
925 3957 1116 4003 contra
1140 3966 1240 4004 nos
1262 3951 1500 4004 concitat
1526 3957 1830 4018 peccatum,

252 4057 384 4096 eum
423 4049 601 4096 tamen
660 4041 997 4110 indigeamus
1031 4042 1393 4112 correptione,
1430 4041 1523 4097 sed
1570 4043 1830 4112 corripiat

259 4143 310 4188 et
342 4133 551 4188 erudiat
584 4149 685 4188 nos
719 4134 892 4204 magis
926 4134 1100 4198 salus,
1145 4149 1309 4204 quam
1369 4136 1694 4190 revertendo
1737 4150 1832 4189 ac-

257 4226 550 4294 quirimus,
585 4241 748 4296 quam
779 4226 1106 4297 supplicium
1135 4227 1374 4297 peccatis
1403 4225 1687 4282 inﬂictum.
1724 4226 1830 4297 lgi-

261 4325 349 4370 tur
379 4327 638 4372 converte
669 4332 790 4380 nos,
827 4317 1073 4384 Domine,
1106 4319 1254 4372 nulla
1284 4318 1548 4374 dilatione
1600 4320 1667 4371 ad
1699 4334 1826 4389 gra-
1863 4278 1906 4332 θ

257 4408 388 4460 tiam
423 4408 762 4476 interposita.
796 4408 931 4464 Illud
978 4424 1106 4465 vero
1153 4427 1173 4460 ι
1210 4424 1516 4479 usquequo,
1561 4427 1579 4461 ι
1619 4408 1826 4479 signiti—

257 4503 345 4550 eat
380 4497 828 4552 aceelerationem
884 4498 1110 4568 gratiae:
1148 4516 1165 4548 ι
1211 4497 1274 4550 Ει
1305 4497 1666 4568 deprecabilis
1707 4506 1826 4554 esto

255 4598 423 4656 super
449 4599 636 4639 servos
663 4594 807 4650 tuos,
854 4603 873 4636 ι
911 4600 1018 4640 non
1053 4585 1196 4640 enim
1241 4584 1455 4649 alienis,
1493 4585 1690 4656 inquit,
1729 4585 1823 4642 sed

255 4671 492 4741 prepriis
525 4671 699 4728 servis
739 4672 1201 4728 reconciliaberis.
1262 4671 1463 4728 Deinde
1517 4673 1673 4742 quasi
1709 4673 1822 4742 jam

254 4759 483 4826 gratiam
511 4759 759 4830 adeptus,
788 4761 1247 4830 conspicatusque
1295 4761 1428 4816 illud
1487 4761 1692 4825 lumen,
1730 4777 1825 4829 per

255 4846 399 4914 quod
427 4847 666 4902 tenebrae
697 4847 751 4900 in
801 4847 902 4900 hac
933 4847 1040 4900 vita
1097 4848 1470 4901 oberrantium
1505 4849 1821 4902 illuminan-

251 4939 364 4999 tur,
397 4941 452 4988 et
481 4934 626 4990 unde
655 4935 872 4991 virtutis
902 4933 1018 4990 dies
1065 4935 1365 4990 illucescit:
1404 4955 1422 4986 ι
1464 4935 1672 5006 Repleti
1725 4952 1819 4992 su-

250 5035 396 5086 mus,
433 5040 452 5072 ι
491 5022 688 5092 inquit,
723 5041 742 5075 ι
778 5038 937 5077 mane
967 5023 1340 5079 misericordia
1385 5032 1496 5088 tua,
1533 5033 1583 5078 et
1640 5025 1824 5079 exsul-

249 5110 508 5175 tavimus,
539 5119 593 5166 et
618 5111 866 5166 delectati
910 5127 1138 5169 sumus:
1181 5132 1198 5165 ι
1233 5114 1496 5169 successit
1548 5115 1691 5168 enim
1726 5122 1819 5168 tua

246 5201 419 5264 gratia
456 5199 707 5268 tempori,
753 5214 861 5270 quo
894 5201 1130 5270 peccatis
1179 5200 1420 5256 immersi
1477 5201 1815 5267 tenebamur,

317 5395 428 5464 (οι)
458 5395 554 5450 Ed.
574 5397 698 5451 add.
718 5402 832 5453 τοῦ.

343 5464 430 5537 ’25)
457 5467 533 5536 Τῇ
564 5466 766 5537 μωρίᾳ,
795 5470 882 5525 ed-

339 5534 426 5604 96)
451 5534 803 5609 Ἐπίστρεῲον
841 5555 948 5593 om.
971 5540 1056 5597 cd.

1939 3022 1998 3076 ἐν
2041 3023 2282 3095 τιμωρίᾳ
2311 3025 2453 3094 (95),
2503 3026 2652 3096 παρὰ
2706 3024 2797 3078 σοῦ
2844 3027 2942 3095 τῆς
2996 3026 3328 3090 παιδεύσεως
3381 3029 3516 3098 ἡμῖν

1936 3114 2354 3185 ἐνεργουμένης.
2401 3115 2828 3186 Προεκτεθείσης
2866 3117 3044 3169 τοίνυν
3076 3119 3208 3185 ἡμῖν
3245 3117 3344 3185 τῆς
3399 3117 3515 3169 δια-

1935 3203 2114 3268 νοίας,
2151 3205 2440 3258 ἀκόλουθον
2488 3207 2553 3260 ἂν
2605 3209 2728 3276 εἴη,
2778 3207 2872 3260 καὶ
2910 3207 3049 3260 αὐτὰ
3099 3208 3399 3275 ἐπαγαγεῖν
3447 3207 3514 3260 τὰ

1934 3294 2262 3351 Θεόπνευστα
2329 3299 2580 3369 ῥήματα,
2641 3298 2828 3352 τοῦτον
2893 3299 3082 3368 ἔχοντα
3139 3298 3230 3350 τὸν
3286 3297 3510 3368 τρόπον’

1939 3405 1960 3440 ι
2005 3387 2124 3440 ’Ότι
2154 3386 2354 3455 ἐπῆλθε
2403 3387 2646 3458 πρᾳότης
2691 3388 2776 3456 ἐφ’
2811 3389 2988 3458 ἡμᾶς,
3018 3390 3110 3441 καὶ
3151 3388 3512 3457 παιδευθησό-

1935 3473 2096 3546 μεοα.
2138 3475 2236 3539 Τίς
2264 3475 2522 3544 γινώσκει
2567 3477 2629 3528 τὸ
2673 3477 2873 3547 κράτος
2917 3477 3016 3546 τῆς
3047 3477 3216 3548 ὀργῆς
3251 3493 3344 3529 σου
3367 3517 3382 3542 ,
3419 3477 3514 3530 καὶ

1932 3564 2040 3618 ἀπὸ
2080 3564 2174 3618 τοῦ
2210 3561 2374 3635 φόϐου
2412 3583 2503 3619 σου
2535 3567 2624 3621 τὸν
2655 3566 2823 3637 θυμόν
2855 3583 2946 3619 σου
2997 3567 3510 3640 ἐξαριθμήσασθαις

1930 3658 2029 3729 τὴν
2063 3657 2239 3724 δεξιάν
2291 3676 2383 3712 σου
2437 3658 2608 3722 οὕτως
2650 3658 2916 3728 γνώρισόν
2965 3677 3052 3730 μοι
3103 3661 3197 3714 καὶ
3239 3663 3368 3724 τοὺς
3411 3679 3512 3713 πε·

1933 3752 2120 3804 παιδευ
2131 3753 2323 3821 μένους
2347 3752 2445 3822 τὴν
2469 3751 2692 3820 καρδίαν
2725 3752 2780 3803 ἐν
2811 3749 2970 3821 σοφίᾳ
2995 3749 3318 3821 ἐπίστρεψον
3339 3751 3473 3822 (96)·
3490 3771 3507 3802 ι

1932 3841 2069 3912 καλὴ
2099 3841 2153 3895 δὲ
2182 3843 2215 3912 ὴ
2245 3841 2389 3906 λέξις
2427 3845 2459 3914 ή
2493 3844 2630 3897 κατὰ
2663 3845 2723 3897 τὸ
2752 3843 3039 3898 ἀκόλουθον
3067 3842 3368 3912 ἐπαχοείσα
3397 3847 3513 3906 τοῖς

1930 3932 2259 4002 εἰρημένοις.
2297 3933 2461 4002 Λέγει
2482 3935 2590 4006 γὰρ
2613 3936 2693 3987 ὅτι
2726 3936 2784 3988 ού
2816 3934 3101 4006 χωροῦμεν
3132 3932 3195 3986 δι’
3224 3932 3514 3986 ἀσθένειαν

1931 4022 2178 4093 φύσεως,
2221 4023 2283 4078 τὸ
2326 4025 2424 4095 τῆς
2464 4025 2633 4096 ὀργῆς
2674 4025 2930 4095 μέγεθος,
2962 4024 2990 4077 ὃ
3019 4026 3160 4077 κινεί
3189 4022 3312 4077 καθ’
3348 4025 3512 4095 ἡμῶν

1929 4115 1965 4184 ἡ
1993 4114 2266 4185 ἁμαρτία,
2317 4116 2592 4187 χρῄζομεν
2624 4116 2680 4170 δὲ
2712 4116 2805 4170 τοῦ
2844 4115 3219 4186 παιδευθῆναι.
3271 4115 3509 4170 Παιδευ-

1932 4204 2079 4259 σάτω
2108 4205 2219 4273 (97)
2272 4208 2419 4277 ἡμᾶς
2461 4209 2496 4280 ὴ
2538 4208 2604 4261 δι’
2634 4208 2966 4280 ἐπιστροφῆς
2996 4207 3238 4278 σωτηρία
3272 4207 3508 4278 μᾶλλον,

1930 4295 2073 4366 ἥπερ
2100 4298 2132 4366 ὴ
2158 4297 2249 4350 ἐπὶ
2278 4300 2389 4364 τοῖς
2416 4299 2803 4370 ἁμαρτήμασιν
2831 4300 2991 4370 ἡμῶν
3009 4298 3267 4369 τιμωρία.
3295 4299 3508 4352 Ούκοῦν

1926 4386 2254 4459 ἐπίστρεψον
2289 4389 2434 4460 ἡμᾶς
2489 4389 2823 4462 (98),Κύριε,
2862 4389 3026 4461 μηδὲν
3059 4388 3194 4460 πρὸς
3217 4388 3315 4460 τὴν
3346 4390 3509 4459 χάριν

1925 4477 2376 4550 ἀναϐαλλόμενος.
2437 4481 2510 4535 Τὸ
2556 4483 2666 4555 γὰρ
2696 4502 2715 4534 ι
2752 4483 2859 4544 ἓως
2916 4479 3045 4535 πότε
3081 4499 3100 4531 ι
3155 4481 3412 4551 σημαίνει
3447 4481 3508 4533 τὸ

1925 4568 2248 4624 ἐπισπεῦσαι
2276 4573 2374 4643 τὴν
2401 4574 2587 4644 χάριν.
2619 4597 2638 4628 ι
2665 4574 2776 4632 Καὶ
2807 4571 3208 4643 παρακλήθητι,
3305 4571 3501 4642 φησιν.

1925 4661 2019 4716 ἐπὶ
2049 4662 2160 4725 τοῖς
2194 4661 2397 4727 δούλοις
2448 4681 2562 4719 σου.
2605 4683 2624 4716 ›
2672 4665 2746 4717 Οὐ
2794 4664 2902 4734 γὰρ
2934 4663 3254 4736 ἀλλοτρίοις,
3300 4663 3500 4733 φησὶν.

1924 4751 2038 4805 ἀλλ’
2093 4754 2242 4816 ἰδίοις
2297 4755 2678 4827 καταλλαγήσῃ
2726 4755 2952 4820 δούλοις.
3015 4752 3148 4810 Εἶτα
3200 4753 3276 4820 ὡς
3322 4752 3508 4823 τυχὼν

1922 4845 2026 4915 ἥδη
2061 4845 2159 4915 τῆς
2195 4846 2414 4917 χάριτος
2433 4888 2446 4909 ,
2496 4849 2591 4901 καὶ
2638 4847 2760 4902 ἰδὼν
2789 4849 2965 4901 ἐκεῖνο
3009 4847 3068 4901 τὸ
3099 4845 3234 4914 φῶς,
3265 4845 3332 4898 δι’
3358 4842 3419 4900 οὗ
3447 4845 3508 4898 τὸ

1926 4931 2115 4994 σκότος
2139 4931 2246 4984 τῶν
2293 4934 2351 4985 ἐν
2379 4933 2456 5002 τῷ
2489 4933 2588 5004 βίῳ
2630 4935 3001 5006 πλανωμένων
3029 4933 3473 5004 καταφωτίζεται
3491 4974 3508 4998 ,

1923 5021 2016 5074 καὶ
2054 5021 2174 5075 ὅθεν
2225 5040 2282 5075 τε
2325 5025 2357 5094 ή
2396 5025 2515 5078 κατ’
2551 5026 2749 5096 ἀρετὴν
2781 5025 2965 5096 ἡμέρα
2993 5027 3239 5096 ἄρχεται,
3277 5044 3295 5075 ι
3348 5026 3506 5079 Ἐνε-

1923 5112 2264 5183 πλήσϐημεν,
2303 5133 2321 5164 ι
2367 5115 2551 5185 φησὶν,
2591 5135 2609 5167 ι
2645 5116 2706 5168 τὸ
2731 5113 2878 5186 πρωῒ
2907 5115 3002 5168 τοῦ
3039 5115 3223 5180 ἐλέους
3259 5131 3376 5180 σου,
3410 5117 3511 5169 καὶ

1920 5202 2361 5274 ὴγαλλιασάμεθα
2382 5207 2476 5258 καὶ
2503 5206 2916 5280 ηὑφράνθημεν.
2951 5227 2968 5262 ι
3025 5206 3304 5272 Διεδέξατο
3337 5206 3450 5278 Υδφ
3473 5211 3506 5278 ἡ

1993 5409 2103 5476 (97)
2133 5408 2293 5464 Forte
2327 5410 2451 5466 add.
2484 5408 2594 5469 οὖν.

1993 5409 2083 5476 (97
2133 5409 2293 5464 Forte
2327 5410 2451 5466 add.

1992 5409 2104 5550 (98;
2144 5480 2336 5551 Ὑμεῖς,
2373 5481 2459 5536 ed.
