3800 5980
288 165 392 220 467
1576 170 1634 225 S.
1674 165 1855 224 GREG

1963 166 1999 222 Il
2034 165 2326 224 NYSSENl
3410 162 3523 220 468

289 277 558 347 fastigium
593 276 797 348 quintae
827 277 992 348 hujus
1026 277 1368 336 ascensionis
1398 282 1610 348 statuit,
1640 284 1697 337 in
1737 297 1844 353 qua

1963 287 2043 338 επὶ
2076 285 2176 355 τὴν
2220 279 2524 352 ἀκρώρειαν
2564 282 2662 351 τῆς
2704 278 2954 349 πέμπτης
3003 276 3315 340 ἀναϐάσεως
3354 276 3520 344 ἄγει,
3582 296 3599 313 ·

286 367 537 420 humana:
574 367 766 421 salutis
802 367 1280 434 complementum,
1335 379 1388 425 et
1455 378 1568 425 tota
1632 386 1847 427 summa

1963 381 2005 428 iv
2114 376 2260 428 πᾶσα
2287 367 2397 425 οἷόν
2442 389 2525 434 τις
2561 369 2953 441 συμπλήρωσίς
2999 386 3059 421 τε
3095 368 3185 420 καὶ
3233 369 3518 436 ἀνακεφα-

283 453 616 508 continetur.
635 453 767 508 Nam
787 455 840 509 in
864 464 1036 526 parte,
1059 473 1181 527 quae
1202 460 1342 514 hanc
1371 463 1659 527 antecedit,
1677 463 1847 518 multa

286 542 489 614 Moysis
525 559 618 600 ore
647 545 715 600 de
768 562 835 601 eo
866 547 1010 616 quod
1062 558 1146 604 est
1176 553 1458 618 mutabile,
1494 563 1549 609 et
1599 570 1666 608 eo
1702 554 1847 625 quod

286 643 372 689 est
413 634 747 689 immutabile
771 635 1180 706 philosophatus
1226 648 1349 706 est;
1383 642 1526 709 quod
1564 643 1666 696 hoc
1706 656 1850 697 sem-

286 740 382 793 per
413 735 646 787 maneat,
683 726 733 779 id
775 727 917 794 quod
972 736 1099 783 est:
1138 729 1272 784 illud
1306 746 1435 787 vero
1467 747 1684 801 semper
1732 732 1845 796 fiat,

224 865 230 881 ,
285 815 341 869 id
381 816 527 886 quod
558 832 663 870 non
689 826 772 872 est
800 818 819 880 (
845 833 969 872 nam
1019 823 1246 875 mutatio
1287 830 1376 878 est
1402 825 1652 878 transitio
1685 823 1751 879 ab
1782 837 1848 878 eo

285 905 342 960 in
377 923 484 977 quo
508 909 714 978 aliquid
748 917 853 971 est,
885 910 942 964 in
977 911 1028 964 id
1059 912 1112 966 in
1143 929 1251 982 quo
1297 930 1405 969 non
1436 925 1517 971 est
1538 916 1556 984 )
1579 933 1593 982 ;
1616 928 1849 985 cumque

286 999 619 1055 ostendisset
662 998 897 1075 hominis
951 1008 1199 1056 naturam
1235 1003 1422 1059 eadem
1479 1005 1735 1060 facultate
1795 1014 1850 1059 et
1889 1072 1899 1084 ι

285 1090 456 1145 libere
484 1092 543 1145 in
578 1099 859 1162 peccatum
892 1109 1168 1157 corruere,
1196 1102 1249 1150 et
1278 1110 1469 1150 rursus
1493 1111 1590 1164 per
1621 1110 1851 1150 conver-

287 1180 496 1235 sionem
528 1180 594 1233 ad
629 1188 834 1234 rectum
865 1190 919 1237 et
953 1182 1153 1236 bonum
1186 1182 1444 1250 redire,ut
1476 1181 1565 1235 Dei
1591 1180 1849 1251 splendor

286 1277 341 1323 et
373 1270 636 1338 majestas
663 1270 844 1326 denuo
878 1272 1128 1327 humana!
1158 1274 1279 1327 vita:
1328 1273 1649 1338 illucescat;
1703 1274 1850 1326 nunc

287 1374 527 1423 onmem,
558 1375 678 1427 quae
709 1374 738 1413 a
774 1360 882 1415 Deo
913 1362 1071 1417 nobis
1108 1363 1278 1425 venit,
1323 1363 1552 1431 gratiam
1602 1361 1851 1416 oratione

288 1448 499 1518 pandit,
529 1450 805 1519 variisque
839 1451 1015 1506 modis
1045 1466 1163 1505 eam
1203 1451 1418 1505 illorum
1464 1451 1640 1505 oculis
1673 1451 1850 1518 διψῇ..

287 1539 384 1600 cit,
418 1538 508 1607 qui
545 1537 637 1594 Dei
676 1539 947 1594 mirabilia
986 1556 1051 1595 ex
1084 1541 1194 1601 alto
1239 1541 1695 1608 contemplantur.
1728 1540 1849 1594 Non

286 1630 430 1689 enim
459 1632 596 1687 satis
635 1631 827 1686 habuit
862 1645 974 1685 uno
1021 1631 1181 1686 modo
1220 1632 1444 1701 gratiam
1501 1629 1592 1685 Dei
1632 1630 1852 1685 manife-

286 1733 424 1779 stam
458 1723 705 1789 reddere.
744 1723 836 1778 sed
871 1721 1224 1777 multifariam
1273 1721 1542 1784 miserias,
1575 1737 1712 1789 quas
1754 1738 1850 1792 per

288 1823 568 1883 peccatum
620 1816 776 1869 nobis
831 1814 1138 1867 creavimus
1195 1822 1525 1883 exaggerat;
1578 1813 1851 1883 variisque

286 1905 471 1958 itidem
505 1905 808 1959 rationibus
833 1920 986 1974 opem
1025 1903 1288 1968 divinam,
1340 1913 1399 1958 ut
1423 1905 1488 1958 ad
1524 1906 1725 1959 bonum
1760 1919 1849 1957 re-

285 2003 565 2048 vertamur
620 1995 867 2065 exponit,
899 2002 958 2048 ut
1017 2010 1116 2063 pro
1155 1994 1529 2065 magnitudine
1583 1995 1850 2049 bonorum

286 2084 467 2139 varias
505 2098 723 2154 quoque
757 2084 1054 2139 habeamus
1079 2085 1379 2154 gratiarum
1407 2083 1736 2153 agendarum
1758 2096 1850 2135 oc-

288 2175 557 2239 casiones,
579 2174 1053 2244 abundantiorque
1087 2189 1215 2245 erga
1246 2174 1412 2229 Deum
1438 2176 1530 2228 fiat
1556 2188 1655 2243 pro
1685 2173 1851 2227 tantis

290 2265 449 2318 donis
489 2266 787 2335 gratiarum
815 2266 980 2322 actio.

361 2397 556 2451 Statim
626 2399 771 2454 enim
833 2399 902 2453 ab
937 2399 1162 2454 exordio
1221 2399 1485 2454 orationis
1531 2398 1604 2452 ita
1654 2405 1846 2452 canit:

304 2506 321 2537 ι
357 2487 702 2542 Conﬁtemini
750 2486 998 2549 Domino,
1045 2489 1300 2557 quoniam
1351 2489 1547 2550 bonus,
1594 2489 1851 2557 quoniam

294 2578 347 2632 in
414 2580 672 2634 saeculum
733 2578 1111 2632 misericordia
1169 2579 1286 2648 ejus
1318 2577 1369 2629 ⁸.
1414 2596 1431 2627 ι
1482 2577 1854 2632 Conl’essionis

290 2672 512 2727 nomine
566 2672 864 2741 gratiarum
932 2672 1230 2731 actionem,
1299 2682 1406 2739 non
1470 2668 1670 2721 nudam
1738 2670 1855 2722 lau-

289 2763 418 2817 dum
470 2762 775 2816 divinarum
816 2758 1310 2829 pronuntiationem
1345 2757 1687 2828 intelligens;
1730 2774 1851 2812 nam

291 2854 362 2907 ob
398 2853 568 2907 solam
604 2852 902 2907 bonitatem
944 2850 1111 2906 Deum
1174 2847 1479 2920 glorificare
1514 2849 1667 2918 jubet
1706 2867 1718 2903 :
1754 2844 1857 2901 hoc

1947 464 2169 527 λαίωσις
2191 463 2288 532 τῆς
2316 459 2657 532 ἀνθρωπίνης
2681 457 2952 529 σωτηρίας
2979 458 3146 514 ἐστίν.
3185 457 3277 510 Ἐν
3306 456 3418 528 γὰρ
3444 456 3526 526 τῷ

1950 555 2055 627 πρὸ
2068 554 2269 607 τούτων
2288 553 2376 607 διὰ
2399 552 2498 622 τῆς
2521 549 2613 605 τοῦ
2640 550 2921 612 Μωῦσέως
2957 548 3162 618 φωνῆς,
3187 547 3361 602 πολλὰ
3390 565 3457 600 πε
3466 548 3524 618 pi.

1946 644 2042 699 τοῦ
2080 644 2313 715 τρεπτοῦ
2349 661 2409 696 τε
2441 642 2536 697 καὶ
2578 642 2846 712 ἀτρέπτου
2890 639 3285 710 φιλοσοφήσας,
3319 638 3394 700 ὡς
3422 638 3522 692 τοῦ

1953 734 2051 805 μὲν
2087 734 2175 787 ἀεὶ
2209 731 2390 796 ὄντος,
2434 732 2570 801 ὅπερ
2611 724 2782 789 ἐστὶν,
2816 727 2909 779 τοῦ
2935 726 2992 778 δὲ
3017 725 3248 779 πάντοτε
3291 722 3524 794 γενομέ-

1949 842 2039 877 νου
2081 824 2179 896 (8),
2209 825 2344 894 ὅπερ
2385 823 2485 875 οὐκ
2513 820 2686 874 ἔστιν·
2741 816 2896 871 τοῦτο
2933 817 3041 886 γάρ
3072 818 3216 869 ἐστιν
3246 817 3281 886 ἠ
3317 816 3518 886 τροπὴ,

1949 917 1982 985 ἡ
2023 914 2129 968 ἀπὸ
2156 913 2250 967 τοῦ
2288 914 2345 965 ἐν
2380 907 2425 979 ᾦ
2468 913 2645 975 ἐστιν,
2696 909 2776 970 εἰς
2808 906 2867 959 τὸ
2912 908 2969 958 ἐν
2998 900 3042 972 ᾧ
3067 907 3166 959 οὐκ
3195 904 3311 958 ἐστι
3357 906 3522 974 μετά-

1950 1006 2126 1068 ϐασις.
2161 1005 2271 1057 Καὶ
2295 1003 2473 1068 δείξας
2502 1003 2583 1054 ὅτι
2617 1003 2682 1070 τῇ
2710 1000 2846 1068 αὐτῇ
2872 996 3095 1067 δυνάμει
3124 997 3243 1048 κατ’
3273 994 3523 1058 ἐξουσίαν

1948 1099 1981 1167 ἡ
2019 1096 2177 1165 φύσις
2226 1096 2361 1166 πρός
2407 1110 2462 1146 τε
2502 1093 2573 1146 ’τὸ
2612 1092 2779 1145 κακὸν
2808 1089 3102 1161 ἀπορρέει,
3131 1088 3226 1140 καὶ
3251 1086 3415 1139 πάλιν
3450 1086 3520 1139 δι’

1952 1187 2283 1258 ἐπιστροφῆς
2323 1185 2460 1255 πρὸς
2486 1184 2546 1237 τὸ
2577 1182 2778 1251 ἀγαθὸν
2812 1181 3165 1247 ἐπανάγεται,
3196 1179 3271 1241 ὡς
3294 1177 3523 1231 δυνατὸν

1950 1273 2087 1329 εἶναι
2115 1275 2213 1345 τὴν
2238 1272 2330 1326 τοῦ
2363 1270 2497 1324 Θεοῦ
2534 1270 2895 1341 λαμπρότητα
2916 1272 2982 1339 τῇ
3018 1266 3335 1338 ἀνθρωπίνῃ
3357 1265 3521 1318 πάλιν
3622 1271 3633 1277 “

1951 1364 2251 1434 ἐπιλάμψαι
2285 1362 2427 1434 ζωῇ,
2472 1361 2567 1415 νῦν
2610 1363 2787 1414 πᾶσαν
2822 1360 2919 1432 τὴν
2967 1363 3029 1414 ἐκ
3067 1358 3160 1412 τοῦ
3199 1358 3334 1411 Θεοῦ
3371 1374 3517 1426 γινο-

1955 1456 2120 1527 μένην
2152 1457 2309 1525 χάριν
2328 1457 2458 1525 ἡμῖν
2487 1452 2853 1506 ἁνακαλύπτει
2874 1451 2950 1522 τῷ
2976 1453 3138 1521 λόγῳ,
3163 1446 3517 1519 πολυτρόπως

1952 1546 2120 1615 αὐτὴν
2165 1546 2255 1598 ὑπ’
2295 1544 2416 1613 ὄψιν
2446 1545 2592 1612 ἄγων
2631 1545 2743 1605 τοῖς
2779 1542 2885 1594 ἀπὸ
2912 1542 3005 1594 τοῦ
3038 1541 3204 1609 ὕψους
3237 1537 3518 1607 καθορῶσι

1886 1608 1926 1662 Β
1955 1635 2024 1688 τὰ
2067 1608 2185 1687 θεῖα
2230 1608 2505 1704 θαύματα.
2529 1634 2603 1686 Οὐ
2643 1633 2749 1704 γὰρ
2780 1630 3023 1703 ἠρκέσθη
3056 1608 3121 1684 δι’
3152 1629 3270 1692 ἐνὸς
3313 1628 3521 1698 τρόπου

1957 1724 2342 1794 παραδηλῶσαι
2393 1724 2486 1793 τὴν
2538 1725 2727 1794 χάριν,
2776 1721 2911 1774 ἀλλὰ
2964 1721 3219 1784 ποικίλως
3268 1720 3379 1788 μὲν
3406 1718 3524 1772 δια-

1958 1811 2209 1884 σκευάζει
2240 1811 2340 1874 τὰς
2376 1811 2656 1881 συμφορὰς
2676 1850 2691 1874 ,
2727 1804 2814 1873 αἷς
2846 1808 2933 1862 διὰ
2966 1809 3066 1878 τῆς
3103 1809 3239 1880 πρὸς
3266 1809 3327 1861 τὸ
3355 1808 3525 1862 κακὸν

1961 1902 2131 1971 ῥοπῆς
2152 1901 2531 1970 συνεπέσομεν.
2559 1900 2913 1969 Πολυτρόπως
2932 1898 2988 1951 δέ
3009 1898 3108 1968 τὴν
3127 1898 3423 1968 γενομένην
3445 1898 3525 1967 (9)

1956 1995 2087 2062 ἡμῖν
2111 1994 2173 2044 ἐκ
2192 1991 2285 2044 τοῦ
2314 1992 2425 2060 (10)
2453 1991 2585 2043 Θεοῦ
2611 1991 2745 2063 πρὸς
2763 1991 2821 2042 τὸ
2847 1989 3048 2058 ἀγαθὸν
3073 1989 3388 2060 συμμαχίαν
3409 1989 3525 2058 (lli

1959 2083 2319 2152 ἐκδιηγεῖται·
2353 2081 2427 2144 ὡς
2465 2080 2529 2134 ἂν
2562 2080 2661 2143 τὰς
2705 2084 2781 2144 είς
2807 2082 2865 2134 τὺ
2906 2082 3242 2152 εὐχαριστεῖν
3266 2080 3527 2149 ἀφορμὰς

1960 2172 2304 2239 πλεονάσειε,
2347 2172 2482 2243 πρὸς
2509 2171 2663 2240 λόγον
2691 2171 2794 2224 τῶν
2829 2173 3079 2239 ἀγαθῶν,
3111 2170 3329 2241 καὶτῆς
3364 2172 3530 2239 εὐχα-

1963 2262 2169 2335 ριστίας
2199 2263 2335 2335 πρὸς
2356 2264 2446 2315 τὸν
2466 2262 2596 2316 Θεὸν
2620 2261 3034 2333 πλεοναζούσης.

2031 2399 2205 2463 Εὐθὺς
2240 2398 2348 2470 γάρ
2371 2415 2500 2469 φησι
2529 2399 2619 2453 τοῦ
2645 2398 2802 2468 λόγου
2835 2399 3153 2470 ἀρχόμενος,
3184 2415 3202 2449 ι
3253 2394 3533 2467 Ἐξομολο-

1960 2488 2141 2556 γεῐσθε
2183 2488 2260 2559 τῷ
2291 2489 2590 2559 Κυρίι;›,ὃτι
2627 2489 2860 2557 ἀγαθὸς,
2900 2490 2980 2542 ὅτι
3016 2490 3095 2552 εἰς
3136 2487 3225 2541 τὸν
3270 2488 3443 2541 αἰῶνα
3466 2487 3532 2540 τὸ

1961 2581 2105 2644 ἕλεος
2150 2579 2348 2636 αὐτοῦς
2393 2598 2411 2632 ι
2444 2580 2540 2651 τῆς
2581 2581 2689 2652 γὰρ
2715 2580 3148 2652 ἐξομολογήσεως
3180 2580 3272 2632 ἐπὶ
3300 2579 3402 2648 τῆς
3441 2581 3535 2632 εὐ-

1962 2672 2242 2743 χαριστίας
2262 2670 2376 2736 νῦν,
2401 2672 2500 2725 οὐκ
2529 2673 2621 2724 ἐπὶ
2652 2673 2748 2742 τῆς
2777 2671 3177 2743 ἐξαγορεύσεως
3198 2670 3493 2739 νοουμένης
3512 2687 3530 2701 ο

1963 2764 2054 2815 ἐπὶ
2113 2766 2178 2834 τῇ
2226 2762 2521 2831 ἀγαθότητι
2563 2764 2654 2818 τὸν
2694 2764 2825 2817 Θεὸν
2867 2762 3105 2827 δοξάζειν
3160 2760 3533 2814 διακελεύεται

1968 2854 2120 2926 μόνῃ.
2156 2853 2322 2907 Τοῦτο
2351 2854 2646 2924 σημαίνων,
2675 2855 2755 2906 ὅτι
2780 2854 2880 2906 ὅσα
2919 2854 3138 2922 γέγονεν
3170 2853 3233 2904 ἐκ
3257 2851 3390 2905 Θεοῦ
3420 2854 3535 2913 τοῖς

289 2941 915 3031 videlicetsignificans,
979 2939 1123 3011 quod
1184 2939 1444 3010 quidquid
1491 2940 1619 2993 boni
1664 2947 1718 2993 et
1768 2954 1855 2994 sa-

1963 2946 2268 3017 ἀνθρώποις
2301 2945 2478 3014 ἀγαθὰ
2524 2945 2618 2997 καὶ
2666 2945 2941 3015 σωτήρια,
2987 2943 3168 3014 χάριτι
3211 2941 3387 2994 πάντα
3436 2940 3536 2992 καὶ

291 3036 485 3091 lutaris
552 3050 583 3089 a
650 3035 759 3089 Deo
825 3032 1145 3087 mortalibus
1199 3032 1366 3096 venit,
1425 3031 1478 3085 id
1541 3032 1854 3086 universum

290 3126 503 3181 venerit
560 3125 733 3196 gratia
785 3132 839 3178 et
876 3122 1119 3177 bonitate
1179 3121 1343 3185 illius,
1400 3136 1523 3175 cum
1583 3121 1637 3173 in
1698 3121 1857 3174 nobis

296 3215 446 3270 nulla
506 3214 627 3284 ejus
685 3213 984 3284 accipiendi
1041 3226 1207 3269 causa
1254 3212 1475 3266 inesset.
1538 3210 1579 3263 E
1636 3220 1856 3264 contra-

293 3307 399 3371 rio,
448 3319 573 3359 cum
629 3318 729 3358 nos
786 3304 936 3357 omni
997 3303 1365 3374 improbitatis
1417 3315 1616 3371 genere
1672 3299 1856 3352 obruti

295 3397 521 3462 fuimus,
555 3395 672 3464 ipse
703 3409 733 3448 a
768 3401 960 3449 natura
990 3409 1088 3449 sua
1114 3407 1455 3464 nequaquam
1486 3388 1736 3456 descivit,
1764 3389 1859 3446 sed

293 3487 349 3541 id
378 3486 524 3556 quod
554 3494 661 3551 est,
697 3486 842 3555 egit;
873 3501 1051 3555 neque
1081 3485 1227 3540 enim
1269 3484 1424 3539 decet
1455 3498 1577 3538 eum
1632 3483 1724 3552 qui
1760 3496 1828 3535 na
1848 3509 1860 3519 -

295 3585 418 3631 tura
470 3577 646 3633 bonus
680 3587 784 3641 est,
829 3577 976 3632 aliud
1007 3590 1168 3646 quam
1203 3574 1347 3645 quod
1383 3590 1450 3629 ex
1512 3581 1708 3627 natura
1762 3584 1861 3625 sua

294 3676 398 3739 est,
430 3682 608 3738 agere.
652 3685 671 3719 ι
707 3665 921 3728 Dicant,
959 3686 977 3718 ι
1018 3665 1215 3736 inquit,
1254 3684 1272 3715 ι
1308 3663 1403 3734 qui
1438 3662 1703 3731 redempti
1735 3669 1863 3715 sunt

292 3773 323 3811 ιι
380 3757 628 3823 Domino,
668 3772 809 3827 quos
842 3757 1073 3812 redemit
1107 3756 1174 3810 de
1207 3770 1370 3809 manu
1405 3754 1636 3821 inimici,
1691 3761 1744 3808 et
1794 3752 1863 3807 dc

295 3846 607 3917 regionibus
642 3847 992 3916 congregavit
1023 3860 1137 3900 eos.
1171 3846 1217 3897 A
1248 3845 1379 3900 solis
1402 3852 1523 3898 ortu
1554 3852 1608 3899 et
1637 3858 1859 3905 occasu,

295 3937 364 3990 ab
394 3936 653 4005 aquilone“
672 3942 727 3989 et
764 3935 901 3989 mari
930 3936 972 4001 νς
1003 3955 1023 3988 ι
1058 3931 1359 4002 perfectum
1393 3940 1861 3987 consummatum-

296 4044 402 4094 que
443 4024 665 4081 humani
692 4023 909 4095 generis
952 4023 1019 4078 ad
1048 4023 1325 4079 meliorem
1375 4022 1583 4093 frugem
1629 4022 1864 4076 reditum

296 4119 474 4173 oratio
509 4118 817 4187 pollicetur.
852 4114 1174 4184 Redemptio
1203 4115 1348 4170 enim
1394 4113 1767 4168 reductioncm
1798 4127 1862 4166 ex

296 4210 615 4280 captivitate
650 4208 963 4279 signiﬁcat;
996 4205 1147 4262 dedit
1173 4220 1301 4260 vero
1336 4204 1478 4262 Deus
1511 4205 1742 4274 pretium
1778 4218 1866 4257 re-

1959 3040 2252 3109 ἀγαθότητι
2289 3037 2529 3106 γέγονεν,
2572 3035 2823 3105 οὐδεμίαν
2864 3033 3019 3104 ἡμῶν
3058 3033 3193 3103 πρὸς
3227 3031 3287 3084 τὸ
3329 3029 3535 3099 ἀγαθὸν

1959 3131 2137 3184 αἰτίαν
2176 3129 2626 3199 παρασχομένων.
2656 3125 2975 3180 Τούναντίον
3016 3124 3117 3195 μὲν
3153 3118 3244 3175 οὖν
3273 3123 3331 3173 ἐν
3382 3120 3538 3193 πάσῃ
3602 3130 3615 3139 ‘

1961 3222 2130 3292 κακίᾳ
2164 3220 2461 3289 γεγονότων
2507 3217 2696 3290 ἡμῶν,
2724 3219 2927 3279 ἐκεῖνος
2975 3216 3073 3286 τῆς
3108 3213 3243 3275 ἰδίας
3279 3212 3378 3265 οὐκ
3423 3211 3539 3274 ἐξί-

1964 3329 2153 3365 σταται
2200 3310 2445 3378 φύσεως,
2482 3309 2596 3362 ἀλλ’
2639 3310 2775 3377 ὅπερ
2809 3307 2953 3370 ἐστὶ,
2985 3305 3142 3358 τοῦτο
3184 3304 3343 3356 ποιεῖ.
3394 3301 3536 3355 Οὐδὲ

1962 3403 2070 3474 γὰρ
2091 3401 2235 3465 εἰκὸς
2263 3396 2330 3471 ἧν
2358 3401 2448 3454 τὸν
2475 3400 2674 3468 ἀγαθὸν
2697 3402 2762 3470 τῇ
2797 3398 2955 3467 φύσει
2984 3395 3109 3450 ἄλλο
3139 3411 3192 3448 τι
3220 3392 3347 3462 παρ’
3373 3391 3402 3443 ὃ
3436 3390 3539 3443 πέ-

1964 3512 2164 3564 φυκεν,
2188 3492 2501 3564 ἐνεργῆσαι.
2538 3511 2555 3543 ι
2593 3493 2935 3553 Εἰπάτωσαν,
2970 3508 2989 3539 ι
3029 3489 3215 3558 φησὶν,
3251 3503 3270 3535 ι
3308 3483 3542 3537 οἱλελυ-

1963 3587 2230 3659 τρωμένοι
2271 3587 2376 3639 ὑπὸ
2412 3585 2641 3657 Κυρίου,
2684 3582 2778 3646 οὒς
2830 3580 3173 3652 ἐλυτρὼσατο
3227 3580 3292 3632 ἐκ
3346 3578 3535 3648 χειρὸς

1962 3670 2182 3745 ἐχθροῦ,
2223 3673 2316 3727 καὶ
2348 3674 2412 3725 ἐκ
2455 3671 2564 3725 τῶν
2599 3671 2790 3741 χωρῶν
2834 3669 3139 3737 συνήγαγεν
3177 3666 3392 3729 αὐτοὺς,
3423 3663 3539 3717 ἀπὸ

1964 3764 2233 3818 ἀνατολῶν
2280 3764 2375 3816 καὶ
2405 3761 2646 3832 δυσμῶν,
2684 3760 2777 3813 καὶ
2809 3759 3006 3831 βορρᾶ,
3041 3756 3133 3810 καὶ
3174 3756 3466 3825 θαλάσσης.
3508 3771 3531 3802 ι

1966 3855 2075 3925 Τὴν
2129 3854 2367 3924 παντελῆ
2409 3852 2503 3906 τοῦ
2554 3852 2744 3920 γένους
2787 3849 2896 3903 τῶν
2937 3847 3239 3919 ἀνθρώπων
3285 3847 3420 3917 πρὸς
3472 3844 3540 3898 τ’)

1966 3945 2166 4014 ἀγαθὸν
2211 3945 2465 3999 ἐπάνοδον
2493 3944 2521 3995 ό
2546 3943 2701 4012 λόγος
2742 3941 3164 4011 εὐαγγελίζεται.
3206 3938 3274 3991 Ἦ
3298 3937 3408 4008 γὰρ
3443 3936 3540 3988 λύ-

1966 4051 2186 4104 τρωσις,
2217 4034 2314 4105 τὴν
2350 4033 2458 4088 ἀπὸ
2505 4032 2605 4101 τῆς
2635 4030 3008 4102 αἰχμαλωσίας
3044 4027 3338 4098 ἀνάκλησιν
3364 4028 3543 4097 ἐρμη-

1967 4123 2110 4176 νεύει
2146 4122 2225 4192 τῷ
2267 4123 2487 4193 ῥήματι.
2536 4123 2593 4175 Ὁ
2613 4121 2669 4174 δὲ
2690 4121 2819 4182 Θεὸς
2853 4119 3043 4191 λύτρον
3073 4117 3301 4169 δέδωκεν
3344 4115 3539 4167 ἐαυτὸν

1969 4215 2110 4284 ὑπὲρ
2146 4215 2253 4267 τῶν
2291 4213 2715 4286 κεκρατημένων
2759 4211 2862 4265 ὑπὸ
2905 4208 2998 4263 τοῦ
3043 4207 3270 4262 θανάτου
3308 4225 3328 4258 ι
3371 4205 3450 4276 τῷ
3477 4205 3570 4258 τὸ·

298 4301 627 4373 demptionis
650 4301 890 4371 seipsum
922 4313 1023 4370 pro
1058 4298 1148 4361 iis,
1187 4297 1281 4366 qui
1335 4311 1365 4349 a
1401 4306 1574 4349 morte
1606 4294 1748 4363 capti
1783 4304 1855 4348 tc-

1963 4308 2166 4378 κράτος
2211 4306 2383 4376 ἔχοντι
2432 4305 2526 4358 τοῦ
2579 4303 2807 4358 θανάτου
2829 4318 2841 4333 ’
2893 4321 2912 4354 ι
2964 4301 3058 4354 καὶ
3100 4298 3289 4368 ἐπειδὴ
3337 4297 3541 4357 πάντες

298 4395 589 4457 nebantur,
620 4391 880 4460 deditque
908 4386 1534 4468 .illiquiinmortemjus
1551 4385 1803 4442 habebat.
1832 4406 1850 4438 ι

298 4484 366 4539 Et
394 4499 519 4538 cum
542 4498 733 4538 omnes
760 4483 863 4537 sub
897 4483 1090 4537 mortis
1116 4485 1386 4552 potestate
1410 4477 1635 4540 fuerint,
1671 4490 1866 4531 omnes

299 4575 475 4648 pretio
529 4573 655 4629 inde
714 4573 966 4639 redemit,
1016 4573 1094 4628 ita
1128 4582 1187 4628 ut
1234 4571 1419 4627 nullus
1478 4568 1582 4625 sub
1639 4567 1867 4637 imperio

297 4668 492 4723 mortis
522 4667 866 4737 relinquatur
897 4673 1021 4737 post
1049 4664 1354 4737 generalem
1395 4660 1639 4717 omnium
1668 4658 1866 4714 libera-

298 4762 523 4816 tionem.
553 4757 674 4815 Non
701 4760 847 4815 enim
880 4758 995 4813 fieri
1031 4765 1229 4827 potest,
1264 4766 1321 4810 ut
1347 4753 1470 4825 quis
1495 4752 1656 4806 morti
1680 4751 1866 4821 subja-

296 4857 439 4915 ccat,
469 4857 643 4904 morte
676 4849 787 4918 jam
813 4847 1013 4901 abolita
1041 4846 1364 4915 penitusque
1395 4843 1628 4897 sublata.

252 4928 260 4934 ’
366 4940 449 4997 Oh
476 4941 530 4995 id
570 4937 972 5011 quadripartito
1006 4947 1121 4992 t0to
1179 4945 1451 4991 terrarum
1487 4935 1618 4989 orbe
1671 4948 1866 4988 secun-

298 5034 427 5089 dum
461 5034 625 5089 situm
656 5032 857 5096 diviso,
909 5030 1110 5085 nullam
1167 5037 1376 5100 partem
1415 5028 1611 5084 divinae
1656 5027 1866 5082 redem-

370 5193 393 5227 ³
416 5192 560 5249 Psal.
585 5196 744 5259 cvr,1
785 5207 906 5263 sqq.
985 5192 1005 5223 ’
1032 5188 1193 5245 "chr.
1228 5206 1286 5255 ιι,
1324 5190 1407 5244 Li.

370 5418 449 5483 (8)
477 5412 785 5483 Γινομένου,
820 5414 904 5483 ed.
939 5412 1054 5469 Mox
1091 5415 1150 5465 ὲκ
1184 5428 1281 5483 pro
1308 5413 1426 5467 οὐκ.

371 5481 445 5553 (9)
480 5481 791 5553 Γινομένην,
824 5481 887 5553 ed
901 5522 912 5536 .

366 5551 477 5621 (l0)
505 5551 609 5603 Τοῦ
634 5565 743 5604 om.
777 5552 861 5607 ed.

1966 4394 2107 4470 ἦσαν
2151 4401 2208 4452 ἐν
2240 4400 2308 4469 τῇ
2346 4396 2439 4451 τοῦ
2482 4396 2707 4451 θανάτου
2755 4394 2999 4464 φρουρᾷ,
3046 4390 3252 4453 πάντας
3294 4387 3538 4458 δηλονότι

1969 4489 2245 4553 ἐξωνεῖται
2272 4486 2350 4558 τῷ
2389 4485 2585 4555 λύτρῳ,
2624 4487 2699 4550 ὡς
2731 4486 2933 4557 μηδένα
2960 4481 3389 4551 καταλειφθῆναι
3423 4479 3536 4550 (l2)

1966 4584 2033 4653 τῇ
2067 4581 2355 4651 δυναστείᾳ
2402 4579 2494 4633 τοῦ
2533 4579 2763 4635 θανάτου
2797 4577 2935 4649 μετά
2982 4577 3079 4647 τὴν
3114 4574 3405 4644 γινομένην
3442 4571 3539 4628 τοῦ

1970 4674 2170 4737 παντὸς
2196 4670 2590 4742 ἀπολύτρωσιν.
2623 4668 2761 4727 Οὐδὲ
2802 4669 2907 4739 γάρ
2932 4669 3047 4720 ἐστι
3087 4664 3310 4719 δυνατὸν
3339 4664 3398 4716 ἐν
3439 4663 3537 4715 0a.-

1970 4765 2115 4835 νάτῳ
2147 4765 2264 4817 τινὰ
2294 4758 2467 4847 εἷναιι,
2501 4761 2596 4815 τοῦ
2628 4760 2856 4814 θανάτου
2891 4758 2966 4830 μὴ
2993 4757 3164 4820 ὄντος.

2040 4948 2130 5001 Διὸ
2171 4945 2407 5017 τετραχῆ
2457 4945 2554 5015 τῆς
2598 4942 2917 5015 οἰκουμένης
2970 4940 3183 5009 ἀπάσης
3249 4933 3392 4990 κατὰ
3439 4933 3541 5003 τὴν

1970 5039 2117 5093 θέσιν
2155 5036 2521 5110 διῃρημένης,
2564 5034 2715 5088 οὐδὲν
2756 5035 2784 5087 ὁ
2819 5033 2977 5102 λόγος
3024 5028 3340 5084 ὑπελείπετο
3376 5025 3540 5096 μέρος

2068 5402 2150 5466 Η)
2186 5401 2347 5467 Ἡμῖν
2379 5394 2509 5467 add.
2525 5395 2611 5449 ed.

2068 5403 2150 5466 ιι)
2186 5403 2347 5467 Ἡμῖν
2379 5403 2611 5449 add.ed.

2040 5403 2153 5535 iiii
2189 5465 2632 5536 Καταληφθῆναι,
2668 5463 2752 5520 cd.
