3800 5980
242 170 353 226 160

1650 170 1718 228 ΙΝ
1755 168 2091 230 PSALMOS.

3395 167 3501 225 170

243 242 350 350 της
400 275 551 341 θείας
594 274 916 349 λυτρώσεως
969 277 1216 348 ἄμοιρον.
1272 278 1417 349 Φησὶ
1461 278 1588 352 γάρ*
1626 298 1647 332 ι
1697 281 1830 335 Ἀπὸ

1934 280 2136 352 ptionis
2183 286 2465 352 expertem
2521 278 2792 336 mansisse
2849 277 3032 335 docet.
3094 277 3240 335 Dicit
3291 280 3438 335 enim
3480 296 3501 336 :

245 365 528 421 ἀνατολῶν
561 366 658 420 καὶ⁵
687 364 907 436 δυσμῶν
928 404 945 429 ,
976 365 1070 419 καὶ
1097 365 1303 438 βορρᾶ,
1342 365 1436 422 καὶ
1468 367 1763 439 θαλάσσης.
1802 387 1820 421 ι

246 461 509 534 Θαλάσσῃ
529 461 900 531 διασημαίνων
925 462 986 514 τὸ
1012 462 1203 517 νότων.
1234 464 1323 517 Ἐν
1351 464 1630 534 κεφαλαίῳ
1650 466 1829 520 τοίνυν

247 552 349 621 τὴν
395 551 490 603 τοῦ
542 549 678 604 Θεοῦ
722 549 1122 620 προεκθέμενος
1166 552 1443 620 εὐποιΐαν,
1491 555 1558 625 ἢν
1592 554 1702 626 (15)
1735 555 1831 608 ἐπὶ

252 642 435 711 πάσης
460 641 559 711 τῆς
582 639 928 712 ἀνθρωπίνης
954 642 1225 714 ἐνήργησε
1248 643 1481 712 φύσεως,
1509 645 1649 716 μετά
1670 645 1829 701 τοῦτο

249 732 564 795 διασκευαῖς
587 747 698 784 τισι
737 733 837 802 τήν
872 749 934 786 τε
959 733 1096 804 πρὸς
1121 732 1183 786 τὸ
1214 734 1384 788 κακὸν
1415 736 1690 808 ἀπορροὴν
1722 737 1829 794 τῶν

252 820 559 892 ἀνθρώπων
595 822 947 892 ἐκδιηγεῖται,
978 824 1071 877 καὶ
1102 825 1202 897 τὴν
1233 826 1316 894 ἐφ’
1345 826 1456 896 (14)
1487 826 1699 899 ἑκάστῳ
1736 846 1828 898 γε·

254 914 563 986 γενημένην
590 914 742 984 παρά
775 914 870 967 τοῦ
903 914 1041 968 Θεοῦ
1079 916 1214 987 πρὸς
1257 916 1317 970 τὸ
1346 920 1589 987 κρεῖττον
1639 938 1828 992 χειρα-

255 1007 502 1075 γωγίαν’
546 1007 692 1075 λέγει
733 1007 790 1060 δὲ
836 1006 1029 1071 οὕτως·
1088 1025 1108 1059 ι
1180 1008 1592 1080 Ἐπλανήθησαν
1647 1013 1705 1064 ἐν
1761 1014 1826 1082 τῇ

255 1099 452 1168 ἐρήμῳ
486 1098 546 1150 ἐν
582 1097 822 1168 ἀνύδρῳο
860 1117 879 1149 ι
955 1096 1180 1168 ἀφέντες
1213 1100 1340 1171 γάρ,
1377 1102 1530 1172 φησὶ,
1567 1102 1667 1173 τὴν
1689 1102 1826 1155 ὁδόν.

270 1187 422 1251 Ὁδὸς
448 1185 507 1240 δέ
546 1188 693 1240 ἐστιν
721 1189 749 1241 ὁ
781 1188 993 1258 Κύριος.
1042 1188 1131 1242 Ἐν
1154 1192 1218 1258 τῇ
1250 1191 1440 1260 ἐρήμῳ
1466 1190 1569 1255 ἔξω
1598 1191 1698 1261 τῆς
1735 1191 1829 1245 τοῦ

162 1266 176 1276 ’
257 1276 400 1331 Θεοῦ
428 1278 735 1348 ἐπισκοπῆς
779 1277 1121 1332 ἐπλανῶντο·
1185 1276 1221 1347 ἡ
1271 1279 1410 1350 ξηρά
1439 1276 1507 1351 ἦν
1536 1282 1644 1351 (15)
1680 1283 1831 1336 πᾶσα

257 1372 355 1424 καὶ
385 1371 616 1441 ἄνικμος
644 1370 744 1441 τῆς
781 1372 1154 1447 πνευματικῆς
1193 1371 1386 1441 δρόσου
1425 1374 1826 1446 κεχωρισμένη.

257 1460 358 1513 Διά
396 1459 556 1514 τοῦτο
595 1460 696 1532 τὴν
738 1461 890 1514 πόλιν
931 1460 1023 1514 τοῦ
1058 1460 1216 1525 Θεοῦ,
1252 1465 1311 1515 ἐν
1410 1463 1468 1516 τὸ
1505 1466 1832 1535 κατοικητή-

260 1568 377 1620 ριον
395 1550 506 1604 τῶν
530 1550 695 1616 ἀξίων
717 1551 885 1614 ἐστὶν,
908 1552 965 1604 ἐν
987 1554 1058 1622 τῇ
1087 1551 1272 1622 ἀνοδίᾳ
1293 1552 1631 1624 πλανώμενοι
1653 1556 1829 1620 εὑρεῖν

256 1641 363 1693 οὐκ
393 1638 674 1707 ἠδύναντο.
714 1640 851 1707 Φησὶ
879 1637 1016 1707 γὰρ,
1046 1639 1127 1691 ὅτι
1161 1656 1181 1689 ι
1224 1638 1377 1692 πόλιν
1410 1639 1828 1710 κατοικητηρίου
1864 1628 1904 1682 Β

256 1732 360 1802 οὐχ
387 1724 575 1802 εὗρον,
616 1731 907 1794 πεινῶντες
955 1731 1049 1784 καὶ
1083 1728 1365 1800 διψῶντες·
1387 1751 1405 1782 ι
1430 1732 1496 1801 τῇ
1529 1730 1637 1800 γάρ
1670 1731 1832 1802 ἀτρο-

258 1822 361 1891 φίᾳ
386 1820 486 1891 τῆς
500 1820 782 1891 δυνάμεως
796 1819 974 1875 αὐτῶν
1043 1818 1419 1890 ἐκλειπούσης,
1499 1822 1557 1874 ἐν
1586 1820 1830 1874 ἐπιτάσει

256 1912 320 1964 τὸ
346 1911 518 1964 κακὸν
541 1912 724 1972 αὐτοῖς
762 1905 849 1981 ἦν.
881 1909 1004 1974 Πῶς
1037 1910 1145 1980 γὰρ
1173 1905 1240 1980 ἦν
1271 1908 1382 1981 (16)
1411 1911 1584 1981 τροφὴ
1624 1913 1680 1963 ἐν
1701 1911 1832 1981 αὐχ-

450 2019 511 2055 τε
540 2002 633 2056 καὶ
662 2002 842 2073 ἀγόνῳ
864 2006 931 2075 τῇ
971 2005 1078 2072 ﬁ;
1120 2001 1280 2055 πόθεν
1309 2002 1365 2054 δὲ
1396 2001 1732 2072 θεραπεῦσαι
1772 2004 1833 2057 τὸ

257 2092 414 2161 δίψος
451 2095 509 2145 ἐν
546 2096 614 2163 τῇ
660 2093 899 2164 ἀνύδρῳ;
940 2093 1097 2163 δῆλον
1127 2092 1184 2146 δὲ
1217 2093 1298 2147 δτι
1330 2092 1450 2146 οὐδὲ
1483 2093 1593 2163 (17)
1628 2093 1832 2164 τροφὴν

256 2185 352 2239 τὸν
385 2184 581 2256 ἄρτον,
629 2184 750 2238 οὔτε
784 2184 941 2238 πόσιν
976 2185 1036 2237 τὸ
1075 2184 1219 2254 ὕδωρ
1260 2185 1292 2255 ή
1325 2185 1631 2256 προφητεία
1663 2185 1830 2254 λέγει,

261 2274 402 2327 ἀλλά
430 2275 636 2345 τροφὴν
661 2275 761 2345 μὲν
778 2274 876 2345 τὴν
900 2274 1073 2346 ἀληθῆ
1101 2274 1319 2346 βρῶσιν,
1351 2276 1508 2329 πόσιν
1530 2275 1606 2338 δὲ,
1631 2275 1692 2328 τὸ
1722 2274 1832 2346 (18)

263 2365 635 2437 πνευματικὸν
658 2367 833 2419 ἐκεῖνο
861 2366 1030 2437 πόμα.
1065 2366 1147 2419 Τά
1169 2365 1226 2419 δέ
1260 2366 1353 2420 δύο
1383 2365 1552 2420 ταῦτα
1580 2369 1609 2420 ὁ
1631 2367 1831 2438 Κύριος

260 2457 511 2523 γίνεται,
558 2455 909 2528 καταλλήλως
944 2459 1054 2521 τοῖς
1079 2457 1352 2528 δεομένοις
1391 2458 1582 2512 ἑαυτὸν
1614 2461 1833 2530 ἐμπαρ-

262 2546 406 2617 έχων
426 2563 442 2581 ο
468 2547 642 2618 τροφὴ
676 2547 774 2619 μὲν
808 2551 920 2612 τοῖς
951 2548 1195 2613 πεινῶσι,
1235 2550 1386 2621 πηγὴ
1414 2549 1470 2602 δέ
1500 2551 1613 2614 τοῖς
1642 2550 1834 2620 διψῶσι

262 2636 566 2706 γινόμενος.
608 2639 704 2702 Τίς
731 2633 824 2691 οῦν
879 2638 1073 2711 εὑρέθη
1108 2640 1208 2711 τῆς
1239 2640 1496 2711 τοιαύτης
1526 2641 1836 2713 ἀμηχανίας

262 2729 299 2798 ἠ
341 2728 528 2793 λύσις,
574 2728 675 2799 τῆς
714 2729 950 2801 πλάνης,
996 2731 1092 2801 τῆς
1115 2731 1373 2802 ἐρημίας,
1402 2731 1502 2801 τῆς
1539 2733 1596 2785 ἐν
1624 2731 1836 2802 ἀνύδρῳ

261 2820 636 2893 ταλαιπωρίας
657 2861 674 2886 ,
715 2822 815 2892 τῆς
860 2822 924 2874 ἐκ
970 2821 1065 2875 τοῦ
1091 2820 1250 2893 λιμοῦ
1280 2822 1565 2894 γινομένης
1592 2822 1839 2876 λειποθυ-

265 2913 431 2984 μίας;
484 2913 551 2965 '0
570 2912 663 2967 τοῦ
713 2912 1024 2984 θαύματοςί
1058 2912 1167 2968 Μία
1213 2915 1364 2986 φωνὴ
1405 2915 1541 2987 πρὸς
1586 2916 1674 2969 τὸν
1704 2915 1836 2968 Θεὸν
1863 2950 1907 3009 c

260 3004 700 3077 ἐπιστρεπτικῶς
732 3005 1012 3076 γινομένη,
1038 3005 1209 3059 πάντα
1242 3007 1378 3078 πρὸς
1405 3007 1464 3060 τὸ
1491 3006 1652 3060 καλὸν
1680 3024 1836 3077 μετε-

262 3096 509 3165 ποίησεν.
543 3115 562 3146 ι
593 3081 925 3165 Ἐκέκραξαν
955 3116 972 3150 r
1000 3097 1129 3168 γάρ,
1159 3098 1312 3167 φησὶ,
1342 3117 1361 3149 ι
1396 3098 1532 3170 πρὸς
1556 3098 1755 3170 Κύριον
1778 3099 1836 3151 ἐν

260 3186 341 3257 τῷ
372 3186 648 3240 θλίϐεσθαι
673 3187 886 3251 αὐτοὺς,
913 3187 1009 3241 καὶ
1033 3190 1098 3241 ἐκ
1125 3186 1232 3243 τῶν
1258 3189 1513 3257 ἀναγκῶν
1546 3188 1729 3242 αὐτῶν
1752 3188 1837 3253 ἐξ·

260 3281 474 3348 ἢγαγεν
491 3279 704 3343 αὐτοὺς,
734 3279 827 3333 καὶ
852 3280 1130 3352 ὡδήγησεν
1155 3280 1349 3345 αὐτοὺς
1369 3283 1449 3346 είς
1473 3282 1589 3337 ὁδὸν
1622 3282 1836 3336 εὐθείαν

260 3368 356 3420 τοῦ
388 3366 720 3439 προευθῦναι
749 3370 830 3431 είς
861 3368 1013 3422 πόλιν
1031 3369 1506 3441 κατοικητηρίου.»
1524 3368 1673 3423 Ὃδὸν
1690 3369 1836 3439 λέγει

259 3457 426 3510 αὑτὸν
456 3457 547 3510 τὸν
584 3457 808 3529 Κύριον,
835 3454 904 3530 ἧς
938 3459 1330 3530 ἀπεσφάλησαν
1360 3457 1494 3528 (19).
1524 3457 1686 3526 Λέγει
1720 3458 1775 3511 δὲ
1802 3461 1835 3529 ή

272 3544 423 3609 Ὁδὸς
439 3544 579 3616 αὕτη
595 3549 652 3599 ὲν
667 3546 744 3616 τῷ
775 3543 1117 3616 Εὑαγγελίῳ,
1139 3543 1448 3609 mucosa;
1464 3546 1836 3619 prsratnpb;

265 3636 354 3703 pie,
376 3634 474 3687 ἐὰν
493 3633 770 3709 μὴὸΠατή
779 3651 810 3706 ρ
830 3650 930 3705 μου
951 3632 1203 3706 βούληται
1229 3635 1339 3706 (20)
1356 3635 1579 3689 ἑλκύσαι
1598 3637 1779 3691 αὐτόν.
1811 3656 1834 3692 ι

260 3723 363 3776 Atii
387 3722 544 3776 τοῦτο
569 3724 597 3776 ὁ
642 3724 775 3786 Θεὸς
835 3724 961 3788 τοὺς
995 3724 1439 3797 πεπλανημένους
1476 3728 1568 3781 ἐπὶ
1590 3727 1692 3798 τὴν
1714 3728 1835 3782 ὁδὸν

200 3876 215 3885 δ
260 3817 404 3881 ἄγει.
448 3813 509 3867 ’0
544 3813 600 3866 δὲ
630 3814 791 3879 αὐτὸς
810 3806 983 3882 οὗτος,
1027 3816 1307 3880 καιπόλις
1346 3817 1552 3886 γίνεται
1587 3835 1840 3889 κατοικη-

258 3922 325 3972 τξ
336 3903 476 3973 ρίου,
507 3903 689 3968 καθώς
716 3906 922 3975 φησινὸ
943 3904 1281 3971 Ἀπόστολος,
1299 3904 1381 3958 ὅτι
1401 3920 1421 3955 ι
1453 3902 1541 3961 Ἐν
1560 3906 1712 3979 αὐτῷ
1733 3907 1840 3973 ζῶ-

264 4010 365 4063 μεν
404 3992 501 4045 καὶ
532 3991 847 4063 κινούμεθα,
883 3992 979 4046 καὶ
1005 3992 1192 4063 ἐσμέν.
1222 4011 1241 4042 ι
1277 3993 1471 4058 Καλῶς
1516 3994 1712 4065 ἐπάγει
1736 3995 1834 4067 τὴν

263 4080 668 4152 προτρεπτικὴν
685 4080 786 4151 τῆς
833 4082 1180 4152 εὐχαριστίας
1218 4083 1421 4155 φωνὴν,
1450 4085 1531 4138 ὅτι
1564 4086 1613 4139 οἱ
1633 4085 1838 4139 τούτων

230 4171 655 4243 ,τετυχηκότες,
687 4191 706 4225 ε
743 4172 1358 4245 Ἐξομολογησάσθωσαν
1413 4176 1490 4248 τῷ
1544 4177 1736 4250 Κυρίῳ
1771 4178 1839 4232 τά

1936 389 1955 423 ι
1987 370 2070 426 Ab
2099 378 2224 426 ortu
2261 371 2402 427 solis
2434 377 2491 427 et
2519 383 2740 432 occasu,
2772 366 2845 422 ab
2871 367 3129 438 aquilone
3167 375 3221 422 et
3246 369 3384 423 mari
3413 387 3428 423 :
3473 385 3495 421 ι

1928 461 2097 517 maris
2135 458 2357 519 nomine
2384 461 2613 519 australi
2649 461 2803 531 plaga
2841 458 3145 529 designata.
3176 456 3499 515 Summatim

1931 551 2097 623 igitur
2125 553 2371 623 exposita
2402 553 2498 609 Dei
2557 566 2723 621 super
2772 564 2965 605 omnes
3030 547 3280 603 homines
3327 548 3498 605 eli‘usa

1928 640 2311 711 beneﬁcentia,
2348 651 2540 714 postea
2567 639 2816 697 artificiis
2843 638 3173 711 quibusdam
3216 637 3499 692 hominum

1930 734 1998 788 ad
2049 733 2310 788 malitiam
2350 733 2767 797 deerrationem,
2823 738 2878 786 et
2944 728 3380 799 uniuscnjusque
3432 729 3503 785 ad

1930 825 2220 889 rectiorem
2248 812 2391 880 viam
2423 825 2798 882 reductionem
2841 821 2938 878 Dei
2983 836 3086 892 ope
3136 820 3357 887 factam,
3405 837 3503 878 ex-

1931 914 2119 983 planat
2143 914 2230 970 his
2266 914 2490 971 verbis:
2526 935 2545 967 ι
2592 914 2927 969 Erraverunt
2961 912 3016 967 in
3065 911 3381 977 solitudine,
3443 912 3502 967 in

1930 1005 2240 1074 inaquoso;
2294 1006 2565 1069 irelicta,
2621 1000 2848 1074 inquit,
2902 1000 3012 1057 via.
3092 1000 3191 1057 Via
3216 1003 3363 1058 enim
3391 1001 3500 1057 Do-

1931 1097 2114 1153 minus
2143 1106 2227 1154 est
2253 1138 2269 1154 .
2302 1097 2360 1152 ln
2385 1094 2681 1151 solitudine
2710 1102 2988 1159 errarunt,
3011 1101 3167 1149 extra
3187 1092 3278 1147 Dei
3306 1096 3496 1147 curam

1930 1198 1984 1244 et
2018 1188 2415 1260 inspectionem
2438 1208 2450 1243 :
2477 1186 2592 1244 haec
2607 1195 2785 1241 autem
2807 1187 2960 1241 arida
3003 1192 3106 1250 est,
3134 1191 3191 1239 et
3252 1182 3502 1239 humoris

1930 1295 2146 1349 expers,
2178 1290 2429 1351 separata
2459 1294 2490 1334 a
2542 1279 2814 1349 spirituali
2846 1293 2990 1333 rore.
3050 1275 3393 1346 Quapropter
3421 1275 3502 1329 ci-

1930 1372 2159 1427 vitatem
2190 1372 2306 1439 Dei,
2339 1373 2392 1426 in
2422 1385 2529 1440 qua
2555 1371 2830 1441 justorum
2885 1368 3259 1424 habitaculum
3291 1374 3393 1431 est,
3446 1366 3501 1420 in

1932 1462 2081 1518 invio
2105 1470 2357 1519 errantes
2380 1464 2627 1533 reperire
2653 1477 2764 1517 non
2792 1466 3091 1532 potuerunt
3115 1475 3129 1512 :
3159 1457 3301 1514 dicit
3323 1458 3500 1513 enim:

1937 1574 1957 1605 ι
1994 1554 2283 1609 Civitatem
2331 1555 2629 1610 habitaculi
2680 1569 2788 1608 non
2834 1554 3161 1607 invenerunt
3195 1548 3503 1605 esurientes

1932 1654 1987 1701 et
2023 1646 2309 1702 sitientes:
2348 1666 2366 1698 ι
2404 1663 2531 1701 nam
2570 1646 2949 1701 deﬁcientibus
2980 1660 3077 1714 per
3101 1641 3338 1698 inediam
3370 1640 3504 1695 viri-

1934 1737 2035 1791 bus
2064 1751 2279 1800 eorum,
2310 1739 2517 1792 malitia
2541 1737 2768 1795 multum
2805 1734 3191 1790 intendebatur
3225 1744 3279 1789 et
3307 1746 3503 1802 auges-

1932 1829 2107 1882 ccbat.
2147 1826 2304 1892 Unde
2340 1830 2484 1884 enim
2523 1829 2915 1882 nutrimentum
2960 1825 3013 1879 in
3049 1823 3284 1880 ardente
3309 1832 3363 1878 et
3393 1831 3505 1878 ste-

1932 1918 2016 1970 rili
2045 1918 2163 1972 solo
2199 1919 2380 1990 adepti
2420 1920 2648 1975 essent?
2672 1918 2832 1973 'unde
2865 1918 3013 1972 sitim
3061 1917 3410 1987 depulissent
3449 1914 3503 1968 in

1933 2007 2053 2063 loco
2083 2010 2386 2080 inaquoso?
2406 2005 2757 2081 Perspicuum
2816 2018 2999 2064 autem
3028 2016 3113 2064 est
3171 2007 3502 2077 Prophetam

1934 2096 2108 2168 neque
2157 2101 2263 2155 cibi
2294 2101 2515 2156 nomine
2557 2115 2772 2171 panem,
2835 2115 3010 2170 neque
3068 2106 3231 2168 potus
3280 2098 3503 2153 nomine

1934 2204 2130 2259 aquam
2161 2191 2405 2247 indicare
2426 2191 2554 2265 ;sed
2586 2192 2767 2247 cibum
2798 2192 3017 2261 quidem
3048 2190 3285 2261 appellat
3313 2201 3500 2243 veram

1935 2280 2080 2334 illam
2102 2296 2286 2337 escam
2307 2282 2371 2348 ¹⁹,
2387 2290 2441 2336 ει
2465 2291 2678 2352 potum,
2696 2282 2976 2353 spirituale
3002 2282 3135 2337 illud
3161 2280 3413 2351 poculum
3434 2278 3499 2332 “a

1934 2366 2065 2441 Quae
2116 2368 2228 2431 duo
2275 2370 2643 2439 indigentibus
2692 2377 2848 2440 grata
2894 2370 3011 2424 vice
3062 2369 3181 2437 ipse
3235 2367 3504 2421 Dominus

1935 2459 2162 2515 ellicitur
2184 2503 2199 2528 ,
2246 2462 2485 2532 seipsum
2520 2461 2980 2531 pmbens;cibus
3011 2460 3404 2523 esurientibus,
3449 2466 3506 2512 et

1936 2549 2061 2605 fons
2096 2551 2410 2607 sitientibus
2442 2552 2640 2608 factus.
2677 2552 2809 2618 Quae
2828 2553 2995 2623 igitur
3025 2550 3163 2605 ratio
3194 2550 3294 2605 hos
3325 2547 3506 2603 exsolo

1936 2641 2014 2696 vit
2051 2656 2114 2695 ex
2149 2642 2317 2697 tantis
2347 2642 2760 2698 difﬁcultatibus
2782 2651 2836 2697 et
2865 2641 3154 2713 angustiis,
3188 2657 3253 2696 ex
3294 2653 3503 2703 errore,

1936 2745 2003 2786 ex
2033 2731 2348 2798 solitudine,
2374 2748 2439 2787 ex
2483 2733 2575 2788 illa
2622 2733 2677 2787 in
2719 2735 2988 2803 iuaquoso
3052 2730 3383 2791 calamitate.
3438 2744 3505 2785 ex

1938 2820 2243 2877 defectione
2270 2838 2430 2893 quam
2467 2823 2636 2879 (ames
2667 2824 2973 2879 afferebat?
3012 2838 3047 2879 ο
3075 2839 3186 2878 rem
3224 2823 3504 2877 admiran-

1937 2910 2061 2966 dam
2088 2914 2102 2966 l
2133 2914 2295 2967 unica
2328 2927 2431 2967 vox
2463 2914 2531 2968 ad
2567 2912 2757 2977 Deum,
2786 2915 2896 2967 imo
2919 2927 2985 2967 ex
3022 2921 3242 2982 pectore
3281 2910 3504 2976 emissa,

1937 3004 2120 3058 omnia
2150 3004 2204 3058 in
2236 3005 2430 3061 melius
2464 3005 2838 3060 commutavit.
2875 3004 2967 3058 Ait
3008 3004 3194 3058 enim:
3234 3020 3253 3053 ι
3291 3001 3509 3056 Clama-

1938 3100 2134 3148 verunt
2162 3094 2230 3148 ad
2260 3092 2548 3149 Dominum
2589 3110 2712 3149 cum
2745 3094 3034 3149 tribularet
3069 3093 3214 3156 illos,
3241 3100 3295 3146 et
3321 3108 3385 3147 ex
3417 3106 3508 3145 nc-

1937 3185 2289 3240 cessitatibus
2315 3199 2503 3240 eorum
2543 3185 2744 3255 eripuit
2802 3199 2917 3249 eos,
2949 3191 3004 3238 et
3036 3181 3265 3237 deduxit
3297 3196 3394 3235 eos
3449 3181 3506 3235 in

1934 3277 2079 3331 viam
2116 3284 2345 3342 rectam,
2380 3284 2439 3332 ut
2485 3278 2627 3333 irent
2656 3277 2711 3331 in
2741 3277 3015 3332 civitatem
3070 3273 3445 3330 habitationis.
3480 3290 3500 3323 ι

1931 3367 2089 3424 Viam
2120 3374 2278 3421 vocat
2310 3367 2490 3436 ipsum
2518 3366 2831 3428 Dominum,
2859 3380 2889 3419 a
2931 3378 3040 3432 qua
3071 3365 3458 3419 aberraverant
3488 3377 3501 3414 :

1938 3464 2174 3512 testatur
2193 3471 2324 3512 vero
2345 3456 2464 3526 ipsa
2487 3456 2602 3510 haec
2615 3454 2713 3510 Via
2735 3457 2791 3509 in
2822 3453 3115 3523 Evangelio
3142 3453 3208 3517 ι’,
3233 3453 3503 3506 neminem

1937 3548 2132 3603 venire
2156 3547 2223 3601 ad
2247 3562 2328 3613 se,
2351 3546 2459 3601 nisi
2492 3544 2655 3599 Pater
2676 3544 2923 3599 caelestis
2955 3558 3081 3597 eum
3118 3541 3334 3595 trahere
3354 3541 3504 3596 velit.

1937 3637 2208 3704 Quocirca
2242 3636 2385 3691 Deus
2412 3643 2661 3691 errantes
2710 3635 2766 3688 in
2814 3634 2956 3688 viam
3003 3631 3237 3687 reducit.
3298 3629 3365 3683 Et
3418 3630 3510 3685 ille

1938 3726 2081 3781 idem
2105 3724 2163 3779 lit
2195 3725 2390 3780 civitas
2417 3724 2753 3789 habitaculi;
2782 3724 2911 3793 quia
2944 3731 3017 3777 uta
3058 3720 3353 3792 Apostolus
3406 3720 3504 3785 ait,

1943 3836 1963 3869 ι
2007 3815 2065 3871 In
2095 3816 2216 3887 ipso
2252 3815 2511 3881 vivimus,
2536 3830 2823 3870 movemur
2845 3824 2899 3871 et
2953 3830 3143 3871 sumus
3168 3813 3232 3868 ¹³.
3282 3831 3311 3864 »ι
3337 3811 3508 3868 Recte

1938 3906 2107 3978 igitur
2124 3906 2191 3961 ad
2222 3908 2527 3976 gratiarum
2555 3907 2827 3962 actionem
2882 3906 3159 3978 deinceps
3187 3904 3509 3961 cohortatur
3596 3938 3600 3945 .

1937 4010 2056 4062 eos,
2079 3996 2173 4068 qui
2200 3996 2316 4052 haec
2354 3996 2485 4052 talia
2513 3998 2796 4053 consecuti
2851 4004 3019 4053 sunt:
3082 4016 3101 4049 ι
3139 3996 3511 4052 Conﬁteantur

1939 4085 2167 4142 Domino
2196 4087 2588 4144 misericordiae
2617 4090 2760 4159 ejus,
2798 4096 2854 4144 et
2897 4088 3170 4144 mirabilia
3209 4089 3331 4160 ejus
3380 4087 3508 4143 ﬁliis

1941 4176 2244 4238 hominum,
2275 4177 2540 4244 ihocest,
2573 4192 2643 4235 ne
2683 4179 2903 4234 silentio
2958 4180 3217 4235 beneﬁcia
3257 4187 3506 4248 accepta,

257 4262 385 4335 ὲλὲη
450 4262 650 4327 αὐτοῦ,
702 4265 796 4317 καὶ
856 4264 926 4317 τά
970 4264 1245 4335 θαυμάσια
1305 4265 1468 4319 αὐτοῦ
1529 4268 1642 4330 τοῖς
1698 4268 1831 4331 υίοίς

1941 4274 2121 4322 mente
2181 4266 2357 4333 fatua,
2421 4267 2804 4336 abscondant;
2867 4268 2979 4324 sed'
3024 4283 3149 4323 cum
3207 4268 3505 4339 gratiarum

254 4350 368 4404 τῶν
384 4349 707 4421 ἀνθρώπων.
738 4370 757 4403 ι
774 4351 1052 4415 Τουτέστι,
1079 4353 1154 4423 μὴ
1189 4356 1364 4425 σιωπῇ
1386 4355 1487 4425 τὴν
1519 4355 1835 4427 εὐεργεσίαν

256 4444 317 4494 ἐν
345 4441 708 4513 ἀγνωμοσύνῃ
759 4442 1168 4513 κρυπτέτωσαν,
1201 4442 1336 4497 ἀλλά
1366 4444 1737 4502 διαϐοάτωσαν
1774 4449 1834 4501 ἐν

253 4531 578 4603 εὐχαριστίᾳ
608 4533 710 4604 τὴν
757 4535 939 4602 χάριν,
968 4534 1051 4587 ὅτι
1095 4534 1255 4605 κενὴν
1291 4529 1456 4589 οὖσαν
1478 4536 1586 4589 τῶν
1613 4538 1832 4606 ἀγαθῶν

253 4622 354 4691 τὴν
382 4621 585 4691 ψυχὴν,
610 4621 789 4693 πλήρη
817 4622 1123 4693 ἐποίησεν.ι
1146 4622 1463 4692 Ἐχόρτασει
1493 4624 1623 4694 γὰρ,
1644 4623 1829 4695 φησὶν,

259 4732 278 4762 ι
311 4712 495 4784 ψυχὴν
542 4711 724 4782 κενὴν,
761 4713 854 4766 καὶ
875 4711 1053 4782 ψυχὴν
1082 4710 1351 4765 πεινῶσαν
1374 4711 1667 4783 ἐνέπλησεν
1694 4715 1835 4783 ἁγα-

254 4801 386 4856 θών.
429 4820 451 4853 ι
489 4801 657 4857 Πάλιν
713 4802 885 4873 ἐτέρῳ
920 4802 1105 4873 τρόπῳ
1145 4799 1244 4872 τὴν
1282 4801 1565 4873 συμφορὰν
1597 4803 1707 4874 (21)
1738 4805 1837 4874 τῆς

253 4888 473 4956 φύσεως
495 4888 585 4943 ὑπ’
612 4887 734 4959 ὄψιν
770 4889 912 4958 ἄγει,
949 4889 1044 4981 καὶ
1066 4888 1161 4959 τὴν
1181 4888 1331 4944 θείαν
1359 4891 1685 4963 ἐκδιηγεῖται
1716 4895 1835 4965 φιλ·

331 5087 377 5118 ¹⁰
405 5084 567 5143 Joan.
595 5104 669 5153 γι,
704 5090 793 5145 55.
874 5092 912 5123 ”
956 5092 973 5144 ι
1008 5093 1132 5147 (lor.
1167 5110 1216 5159 κ,
1260 5094 1313 5149 4.

322 5268 442 5401 (15)
474 5261 608 5359 της,
639 5268 720 5323 ed.

352 5338 440 5401 M)
492 5338 574 5401 Εφ
616 5352 720 5391 om.

352 5338 440 5403 14)
479 5338 592 5403 Ἐφ’
616 5352 725 5391 om.
759 5338 844 5393 ed.

329 5408 443 5475 (15)
488 5408 551 5459 'H
586 5407 635 5472 ξ.
667 5406 783 5472 οὖν,
817 5406 906 5465 ed.

329 5478 443 5543 uc)
493 5478 559 5529 'H
592 5478 715 5531 add.
740 5478 830 5533 ed.

329 5546 445 5616 (17)
475 5545 637 5612 Οὔτε,
672 5548 760 5602 ed.

1940 4356 2159 4412 actione
2184 4364 2465 4428 acceptam
2486 4360 2718 4430 gratiam
2748 4359 3030 4429 divulgent
3050 4377 3077 4427 ;⁴
3108 4360 3239 4431 quia
3271 4360 3508 4416 animam

1937 4447 2207 4503 bonorum
2248 4448 2465 4504 inanem
2520 4448 2768 4520 replevit.
2824 4448 2914 4504 Ait
2965 4451 3151 4505 enim:
3193 4468 3213 4503 ι
3276 4448 3510 4506 Satlavit

1937 4539 2174 4593 animam
2213 4539 2452 4604 inanem,
2501 4549 2556 4597 et
2608 4541 2859 4595 animam
2890 4543 3225 4598 esurientem
3283 4543 3508 4613 replevit

1936 4629 2113 4685 bonis.
2155 4648 2174 4682 ι
2209 4628 2426 4687 Rursus
2457 4632 2566 4687 alio
2596 4630 2758 4688 mede
2788 4638 2999 4687 natura:
3050 4633 3389 4688 calamitates
3436 4633 3507 4689 ob

1938 4721 2129 4777 oculos
2154 4724 2324 4792 ponit,
2355 4721 2707 4794 divinamque
2745 4724 3143 4778 humanitatem
3188 4732 3245 4779 et
3273 4724 3509 4779 benevo-

1938 4812 2184 4878 lentiam,
2219 4829 2328 4885 qua
2359 4815 2427 4871 ad
2454 4815 2682 4872 meliora
2712 4822 2909 4871 natura
2939 4824 3127 4871 nostra
3177 4814 3505 4879 traducitur,

1940 4901 2222 4962 dilaudat:
2256 4914 2386 4963 sunt
2423 4914 2607 4965 autem
2631 4906 2900 4975 ejusmodi
2932 4922 3054 4980 qua:
3076 4904 3507 4985 aﬂ'ert:Mortale

1395 5099 1437 5127 "
1460 5094 1619 5151 Jnau.
1655 5113 1725 5164 γι,
1762 5099 1852 5156 44.
1931 5100 1974 5132 ¹³
2003 5101 2125 5155 Act.
2161 5118 2293 5167 xvu,
2328 5103 2418 5157 ‘28.

2005 5278 2115 5348 (l8)
2140 5278 2214 5334 Τό
2239 5292 2350 5348 om.
2380 5278 2465 5333 ed.

1998 5347 2552 5418 (19)Ἐπεσφάλησαν,
2574 5349 2662 5405 ed.

2026 5417 2118 5488 20)
2143 5416 2425 5480 Βούλεται,
2453 5418 2542 5488 ed,

2006 5423 2121 5558 ὶὲῗῖ
2143 5423 2595 5559 Ψέςλῗέιέἑρὲἓᾱς,
2628 5488 2720 5545 ed.
