3756 5988
284 151 381 206 «ΠΙ

1513 150 1570 208 S.
1612 149 1939 207 GREGOBII
1979 148 2276 205 NYSSENI’

3425 143 3525 201 679

285 276 458 334 genus
489 275 519 314 ιι
557 259 763 315 lumine
792 260 1148 326 abscessisse,
1185 267 1238 317 et
1272 261 1657 345 ad‘peccatum
1686 263 1768 318 det

2035 261 2289 332 θρωπίαν,
2337 258 2404 310 δι’
2451 250 2517 327 ἧς
2547 257 2680 327 πρὸς
2716 253 3055 325 τδκρεῖττον
3087 256 3120 325 ἡ
3151 253 3312 323 φύσις
3352 271 3518 326 μετα..

285 365 469 416 nasse,
496 363 674 419 neque
707 349 758 401 in
792 357 936 403 statu
981 357 1130 404 recto
1162 351 1510 420 perstitisse;
1551 360 1605 407 et
1655 353 1724 408 ab
1762 353 1852 408 illa

282 456 405 511 qua:
446 455 572 494 vere
625 440 734 492 vita
770 446 874 501 est,
903 439 1270 494 abalienatum
1322 457 1466 498 esse.
1518 441 1608 497 Ait.
1654 443 1848 499 enim:

290 551 309 582 ι
354 530 618 585 Sedentes
648 529 702 582 in
735 529 976 584 tenebris
1004 537 1058 583 et
1092 531 1283 585 umbra
1308 533 1522 600 mortis,
1551 535 1769 590 vinctos
1797 535 1852 589 in

283 618 636 674 mendicitate
673 625 727 672 et
757 617 942 682 ferro;
987 638 1006 670 ι
1059 634 1187 673 nam
1239 620 1505 676 dimoveri
1551 637 1658 676 non
1694 630 1849 692 pote-

291 715 415 762 rant
478 722 507 760 a
539 706 702 772 malo,
731 707 996 777 gravitate
1025 709 1347 779 compedum
1379 711 1605 767 detenti.
1641 713 1846 769 Catena

281 808 367 854 est
394 799 525 854 recti
560 799 795 868 privatio
824 809 877 855 et
901 799 1207 867 destitutio,
1241 818 1362 873 qua:
1390 819 1450 859 se
1497 805 1661 860 habet
1718 805 1847 863 ferri

227 875 235 897 ’
281 891 458 944 instar
505 890 821 958 praecordiis
869 893 1229 962 circumiecti.
1287 893 1529 960 Quorum
1604 898 1846 954 omnium

280 994 446 1034 causa
477 987 596 1033 erat
627 980 828 1035 divina:
855 981 989 1050 legis
1010 984 1310 1053 neglectus,
1338 987 1660 1056 consiliique
1681 989 1848 1044 Altis-

281 1069 404 1124 simi
467 1078 834 1140 contemptus.
900 1071 1014 1128 lloc
1053 1075 1198 1128 enim
1259 1075 1484 1142 indicat,
1547 1093 1670 1132 cum
1729 1081 1844 1136 ait:

285 1177 304 1209 ι
342 1158 481 1225 Quia
512 1161 976 1217 exacerbaverunt
1021 1164 1236 1234 eloquia
1292 1165 1405 1232 Dei,
1452 1176 1505 1222 et
1557 1170 1844 1225 consilium

279 1250 542 1305 Altissimi
575 1251 944 1308 irritaverant.
983 1273 1002 1306 ι
1040 1254 1156 1321 liis,
1198 1263 1258 1309 ut
1309 1271 1408 1326 par
1439 1267 1578 1323 erat,
1615 1261 1768 1317 labor
1793 1267 1846 1315 et

280 1339 516 1410 ahjectio
545 1342 668 1397 vita:
702 1347 984 1401 successit.
1028 1346 1206 1402 Labor
1254 1351 1493 1420 quidem,
1531 1367 1652 1407 cum
1695 1356 1843 1409 omni

279 1430 619 1487 nutrimento
644 1434 890 1489 destituti
922 1446 1070 1493 sunt.
1102 1439 1352 1509 Abjectio
1379 1454 1580 1508 autem,
1627 1447 1845 1516 quando

279 1535 404 1574 cum
449 1523 729 1580 Altissimo
780 1542 1101 1597 permanere
1155 1532 1470 1590 noluerunt.
1516 1536 1605 1590 Ait
1654 1540 1840 1594 enim:

286 1629 305 1661 ι
356 1610 710 1669 Humiliatum
774 1627 855 1672 est
891 1619 945 1673 in
984 1620 1262 1677 laboribus
1319 1639 1418 1678 cor
1465 1640 1676 1681 eorum.
1703 1647 1742 1684 ,›
1777 1628 1843 1684 At
1877 1599 1919 1653 Β

277 1705 553 1771 separatio
579 1720 609 1758 a
641 1707 840 1764 virtute
868 1709 1004 1763 nihil
1033 1711 1179 1765 aliud
1210 1727 1371 1783 quam
1407 1715 1696 1773 inﬁrmitas
1721 1727 1803 1775 est
1827 1739 1844 1788 ;

277 1793 402 1862 quis
432 1793 576 1848 enim
625 1796 744 1851 sine
778 1798 980 1853 virtute
1027 1807 1207 1869 potest
1243 1804 1488 1858 invenire
1524 1807 1788 1860 auxilium
1826 1813 1851 1866 2

279 1882 622 1955 Quapropter
673 1888 986 1959 subiungit:
1024 1909 1043 1942 ι
1082 1890 1344 1948 lulirmati
1386 1902 1544 1958 sunt,
1585 1911 1684 1951 nec
1741 1896 1846 1952 fuit

278 1974 370 2043 qui
403 1975 704 2045 adjuvaret.
747 1999 767 2031 ›
802 1980 1070 2035 Caeterum
1101 1998 1293 2038 rursus
1333 1984 1490 2039 unica
1521 2001 1654 2042 voce
1695 1989 1845 2042 cala-

281 2063 502 2119 mitates
559 2066 613 2120 in
666 2069 1079 2137 prosperitatem
1139 2081 1485 2128 commutatae
1530 2084 1704 2131 sunt:
1763 2076 1844 2130 ait

277 2161 420 2215 enim
453 2181 469 2216 :
504 2181 526 2214 ι
554 2161 936 2219 Clamaverunt
964 2166 1032 2220 ad
1071 2166 1359 2222 Dominum
1398 2184 1522 2223 cum
1557 2171 1844 2226 tribularet

278 2267 394 2317 eos,
441 2261 495 2307 et
543 2252 612 2308 de
656 2256 1078 2312 necessitatibus
1139 2272 1328 2312 eorum
1381 2259 1631 2314 liberavit
1663 2276 1788 2316 eos.
1817 2279 1837 2313 ι

277 2339 555 2397 Tenebras
584 2343 808 2411 disjicit,
855 2354 1084 2400 mortem
1137 2340 1410 2414 dissolvit,
1462 2349 1682 2404 vincula
1729 2351 1845 2405 dis-

277 2430 500 2499 rumpit.
531 2431 696 2485 Addit
721 2433 864 2488 enim
894 2453 906 2486 :
939 2455 955 2486 ι
989 2435 1054 2488 Et
1086 2436 1275 2491 eduxit
1302 2452 1397 2492 eos
1425 2438 1492 2492 de
1523 2440 1762 2496 tenebris
1792 2450 1845 2496 et

279 2521 470 2575 umbra
494 2523 711 2586 mortis,
738 2530 791 2576 et
822 2524 1040 2578 vincula
1085 2540 1272 2580 eorum
1325 2528 1578 2596 disrupit.
1619 2548 1637 2580 ι
1700 2530 1842 2601 Ergo

276 2611 414 2664 laetis
442 2611 668 2667 vocibus
700 2612 1026 2668 beneﬁcium
1060 2615 1164 2670 hoc
1209 2616 1562 2685 praedicetur,
1596 2623 1843 2689 quando-

276 2701 496 2769 quidem
525 2702 861 2758 inevitabilis
887 2704 1137 2760 custodia
1169 2708 1383 2774 mortis,
1407 2708 1566 2764 aereis
1595 2712 1765 2779 portis
1789 2722 1844 2768 et

277 2789 474 2856 ferreis
491 2791 736 2848 vectibus
769 2795 996 2860 munita,
1023 2795 1304 2850 confracta
1333 2807 1436 2863 est,
1485 2802 1841 2868 quemadmo-

1959 352 2301 416 σκευάζεται.
2341 351 2410 401 ‘A
2457 349 2514 400 δὲ
2553 347 2700 415 λέγει
2731 346 2959 400 τοιαῦτά
2986 348 3132 398 ἐστιν
3153 363 3169 378 ν
3195 346 3278 398 ὅτι
3316 347 3526 419 ἀπέστη

1951 442 2044 497 τοῦ
2070 442 2245 513 φωτὸς
2301 440 2362 494 τὸ
2420 437 2775 509 ἀνθρώπινον,
2840 437 2932 490 καὶ
2960 435 3096 505 πρὸς
3126 436 3226 505 τὴν
3253 437 3527 508 ἁμαρτίαν

1953 534 2282 597 συνώκλασε,
2312 532 2405 585 καὶ
2436 530 2617 582 οὐκέτι
2635 523 2704 600 ἦν
2737 529 2796 579 ὲν
2815 526 2893 597 τῷ
2918 526 3084 597 ὀρθίῳ
3114 526 3210 579 τοῦ
3247 528 3524 599 σχήματος

1951 625 2045 678 καὶ
2069 625 2166 693 τῆς
2187 623 2351 682 ὅντως
2366 618 2679 688 ἀπεξενώθη
2717 615 2884 686 ζωῆς.
2917 635 2934 666 ι
2967 615 3324 687 Καθημένους
3346 635 3366 668 ι
3393 616 3523 690 γὰρ,

1949 716 2136 788 φησὶν,
2179 733 2197 765 ι
2235 715 2291 765 ὲν
2320 712 2498 765 σκότει
2530 710 2623 762 καὶ
2676 709 2803 777 σκιᾷ
2848 707 3524 778 θανάτου,πεπεδημένους

1950 809 2010 860 ὲν
2063 805 2321 874 πτωχείᾳ,
2354 803 2447 854 καὶ
2493 801 2716 870 σιδήρῳ.
2753 816 2773 850 ι
2816 797 3096 867 Ἀκίνητον
3149 797 3259 867 γὰρ
3300 794 3370 868 ἦν
3417 799 3525 852 ἀπὸ

1947 897 2044 952 τοῦ
2070 897 2238 951 κακοῦ
2259 899 2325 967 τῇ
2351 896 2541 967 βαρείᾳ
2558 893 2918 964 κατεχόμενον
2945 891 3102 962 πέδῃ.
3129 891 3270 962 Πέδη
3291 893 3347 945 δὲ
3367 895 3402 963 ἡ
3427 892 3521 946 τοῦ

1949 988 2112 1042 καλοῦ
2159 987 2398 1057 πτωχεία
2433 985 2599 1047 ἐστὶν,
2635 979 2746 1037 οἷόν
2772 1001 2855 1045 τις
2878 983 3096 1052 σίὸηρος
3125 983 3524 1052 περιτυπωθεὶς

1947 1085 2065 1144 ταῖς
2103 1080 2370 1150 καρδίαις.
2401 1079 2626 1131 Πάντων
2660 1076 2715 1128 δὲ
2750 1075 2957 1128 τούτων
2989 1074 3248 1137 ὑπόθεσις
3281 1071 3350 1145 ἦν
3375 1076 3408 1145 ή
3429 1076 3522 1129 τοῦ

1948 1170 2091 1223 θείου
2122 1171 2284 1240 νόμου
2308 1168 2576 1239 παρακοὴ,
2601 1167 2694 1218 καὶ⁹
2722 1167 2755 1234 ἡ
2785 1165 2884 1234 τῆς
2911 1164 3105 1234 βουλῆς
3138 1164 3231 1218 τοῦ
3264 1165 3521 1234 Ὑψίστου

1945 1261 2215 1330 ἀθέτησις.
2247 1258 2427 1311 Ταῦτα
2459 1257 2568 1328 γὰρ
2593 1256 2847 1327 σημαίνει
2887 1255 3080 1324 λέγων,
3112 1255 3265 1309 «Ὅτι
3291 1258 3522 1324 παρεπί-

1945 1368 2150 1421 κραναν
2185 1349 2253 1402 τά
2301 1348 2455 1418 λόγια
2479 1348 2571 1401 τοῦ
2601 1345 2736 1400 Θεοῦ
2786 1347 2880 1399 καὶ
2919 1346 3018 1417 τὴν
3045 1346 3342 1419 βουλὴντοϋ
3361 1343 3518 1415 Ὑψί-

1947 1459 2071 1495 στου
2123 1439 2462 1513 παρώξυναν.
2525 1459 2542 1490 ι
2599 1439 2722 1491 Ἐπὶ
2779 1439 2986 1501 τούτοις
3042 1436 3181 1490 κατά
3232 1438 3293 1489 τὸ
3336 1437 3518 1500 είκδς,

1943 1534 2128 1600 κόπος,
2162 1533 2254 1585 καὶ
2277 1531 2600 1594 ταπείνωσις
2630 1531 2728 1600 τὴν
2767 1529 2914 1601 ζωὴν
2943 1529 3051 1581 τῶν
3073 1529 3328 1582 τοιούτων
3368 1529 3520 1582 ὲκδέε

1945 1640 2116 1694 χεται.
2143 1622 2324 1684 Κόπος
2360 1621 2479 1691 μὲν,
2505 1620 2585 1672 ὃτι
2609 1620 2708 1688 τῆς
2742 1619 2946 1689 τροφῆς
2984 1619 3095 1686 (Ξῖ)
3121 1618 3518 1688 ἐχωρίσθησαν,

1943 1712 2268 1774 ταπείνωσις
2312 1712 2387 1773 δὲ,
2423 1711 2503 1764 ὅτι
2539 1711 2596 1762 ὲν
2617 1705 2694 1776 τῷ
2716 1703 2953 1778 Ὑψίστῳ
2986 1707 3097 1778 (25)
3121 1709 3392 1778 διαμεῖναι
3418 1712 3520 1762 οὐκ

1944 1802 2367 1871 ὴϐουλήθησαν.ι
2391 1797 2750 1869 Ἑταπεινὼθη
2783 1817 2801 1850 ›
2828 1797 2956 1867 γὰρ,
2978 1798 3130 1866 φησὶ,
3160 1815 3178 1846 ι
3203 1797 3262 1849 ὲν
3285 1797 3395 1867 (24)
3423 1798 3518 1850 κό-

1945 1910 2066 1955 ποις
2118 1893 2149 1961 ἡ
2190 1892 2384 1962 καρδία
2430 1889 2628 1944 αὐτῶν.
2665 1907 2682 1938 ι
2734 1889 2792 1941 '0
2838 1889 2895 1940 δὲ
2925 1888 3200 1957 χωρισμὸς
3233 1889 3333 1956 τῆς
3361 1888 3518 1941 δυνά-

1948 1997 2091 2052 μεως
2119 1980 2268 2034 οὐδὲν
2293 1979 2421 2032 ἄλλο
2438 1979 2582 2031 ἐστὶν
2615 1977 2648 2047 ἢ
2688 1975 2942 2030 ἀσθένεια
2960 1992 2975 2007 ο
3006 1976 3088 2038 τίς
3119 1975 3226 2046 γὰρ
3251 1975 3317 2028 ἂν
3343 1977 3520 2046 χωρὶς

1941 2071 2218 2142 δυνάμεως
2259 2069 2507 2140 εὑρεθείη
2538 2067 2781 2138 βοήθειας
2805 2069 2892 2119 Διό
2913 2083 3131 2138 φησινοι
3157 2066 3518 2136 Ἠσθὲνησαν,

1943 2162 2038 2216 καὶ
2067 2163 2168 2215 οὐκ
2199 2158 2267 2233 ἦν
2291 2163 2320 2213 ό
2346 2161 2571 2232 βοηθῶν.
2619 2179 2636 2212 ι
2685 2158 2844 2212 Ἀλλὰ
2885 2159 3044 2211 πάλιν
3076 2156 3170 2228 μία
3197 2157 3348 2226 φωνὴ
3404 2157 3522 2228 (ἳὸ)

1943 2253 2077 2323 πρὸς
2146 2252 2482 2323 εὐφροσύνην
2557 2250 2656 2312 τὰς
2732 2249 3015 2319 συμφορὰς
3093 2248 3518 2318 μετεσκεύασεν.

1948 2364 1967 2398 ι
2015 2344 2344 2415 Ἐκέκραξαν
2403 2363 2422 2394 ι
2450 2343 2578 2414 γὰρ,
2607 2342 2760 2413 φησι,
2791 2359 2809 2392 ι
2837 2341 2970 2412 πρὸς
3001 2340 3203 2412 Κύριον
3232 2342 3290 2392 ὲν
3311 2339 3388 2410 τῷ
3407 2340 3524 2392 θλί-

1943 2435 1974 2496 ξ
1977 2434 2130 2488 εσθαι
2157 2436 2370 2498 αὐτοὺς,
2385 2435 2477 2488 καὶ
2493 2433 2602 2502 (i6)
2626 2434 2690 2484 ὲκ
2710 2432 2814 2484 τῶν
2830 2429 3084 2498 ἀναγκῶν
3098 2429 3276 2482 αὐτῶν
3309 2431 3519 2483 ἔσωσεν

1942 2527 2156 2590 αύτούς.
2189 2545 2206 2578 ι
2230 2526 2503 2595 Ἀφανίζει
2550 2524 2609 2577 τὸ
2639 2525 2844 2586 σκότος,
2881 2523 3085 2576 διαλύει
3139 2522 3228 2575 τὸν
3267 2522 3519 2585 θάνατον,

1941 2617 2008 2670 τὰ
2036 2617 2208 2687 δεσμὰ
2235 2618 2636 2688 διαρῤήγνυσιν.
2672 2634 2690 2665 ι
2751 2615 3049 2683 Ἐξὴγαγεν
3086 2633 3104 2664 ι
3147 2613 3275 2682 γὰρ,
3329 2614 3526 2682 φησιν,

1947 2725 1966 2758 ι
1996 2711 2189 2772 αὐτοὺς
2236 2711 2300 2762 ὲκ
2346 2709 2586 2770 σκότους,
2615 2705 2708 2758 καὶ
2757 2707 2914 2768 σκιᾶς
2959 2704 3210 2766 θανάτου,
3248 2706 3340 2758 καὶ
3392 2706 3523 2768 τοὺς

1942 2801 2173 2868 δεσμοὺς
2189 2798 2364 2852 αὐτῶν
2390 2797 2688 2868 διέρρηξεν.
2731 2817 2748 2848 ι
2788 2795 2994 2848 Οὐκοῦν
3038 2797 3520 2864 ἀνακηρύττεσθαι,

277 2883 406 2935 dum
459 2881 730 2950 Propheta
790 2883 938 2937 canit
983 2923 998 2940 .
1035 2885 1184 2941 Talis
1239 2902 1475 2958 namque
1538 2891 1760 2946 habebat

2040 2892 2096 2954 il,
2125 2890 2191 2942 δι’
2220 2889 2488 2958 εὐφημίας
2518 2889 2550 2956 ὴ
2579 2889 2756 2957 χάρις,
2781 2887 2861 2939 ὅτι
2903 2889 2935 2954 ἠ
2959 2886 3196 2955 ἄφυκτος
3229 2885 3321 2936 τοῦ
3352 2886 3523 2939 θανά-

275 2969 473 3024 mortis
523 2971 802 3039 potentia;
861 2972 1220 3042 quoadusque
1275 2977 1358 3031 vis
1417 2985 1526 3032 tam
1578 2981 1839 3048 violenta,

279 3060 510 3114 adventu
536 3067 588 3114 et
614 3061 905 3128 praesentia
932 3077 1072 3117 vera:
1099 3065 1218 3118 vitae
1240 3068 1459 3120 evanuit
1487 3085 1503 3133 ;
1534 3083 1657 3122 cum
1689 3071 1840 3138 prius

277 3167 438 3207 omne
469 3151 600 3205 illud
642 3151 787 3220 quod
817 3152 960 3207 intra
1007 3169 1070 3210 ea
1109 3157 1511 3223 continebatur,
1581 3169 1839 3232 tanquam

277 3243 522 3297 vectibus
551 3240 764 3305 ferreis,
803 3243 1083 3314 portisque
1105 3244 1280 3316 frangi
1306 3248 1530 3315 nesciis,
1577 3251 1697 3306 sine
1751 3267 1842 3320 pe-

277 3333 453 3388 riculo
481 3331 622 3403 fugae
655 3342 1048 3390 asservaretur.
1109 3335 1215 3390 Sed
1249 3355 1267 3388 ι
1339 3340 1598 3394 contrivit
1655 3351 1840 3412 portas

276 3440 468 3489 aereas,
503 3444 522 3476 ι
562 3425 756 3494 inquit,
796 3445 816 3477 ι
881 3433 936 3480 et
970 3435 1152 3483 vectes
1215 3427 1418 3486 ferreos
1477 3432 1762 3502 confregit.
1815 3453 1835 3485 ι

278 3514 393 3570 Hoc
444 3516 701 3572 nimirum
757 3524 862 3582 est,
917 3519 1061 3572 viam
1116 3520 1420 3591 iniquitatis
1463 3523 1703 3593 ipsorum
1740 3543 1841 3580 au«

278 3607 439 3670 ferre,
472 3607 746 3679 vitamque
772 3608 838 3662 ad
893 3610 1112 3678 pietatis
1144 3627 1391 3667 normam
1450 3615 1836 3681 conformare;

277 3695 501 3751 abolitio
563 3698 779 3753 illarum
819 3708 1125 3769 portarum,
1186 3703 1317 3771 quid
1350 3703 1496 3758 aliud
1535 3715 1638 3769 est,
1674 3722 1838 3778 quam

276 3788 386 3841 vita
415 3803 482 3842 ex
512 3789 738 3857 justitiae
799 3792 1118 3860 praescripto
1175 3793 1469 3848 instituta?
1520 3796 1610 3851 Ait
1651 3799 1837 3854 enim:

284 3897 303 3930 ι
334 3878 586 3949 Suscepit
618 3894 714 3934 eos
744 3880 813 3934 de
841 3881 925 3933 via
957 3881 1262 3950 iniquitatis
1293 3900 1502 3939 eorum.
1534 3903 1554 3938 ι

1941 2999 2032 3034 του
2065 2980 2272 3050 φρουρά
2296 2977 2534 3047 διελύθη,
2561 2979 2593 3046 ἡ
2631 2979 2747 3038 ταῖς
2774 2976 2999 3044 χαλκαῖς
3025 2975 3221 3037 πύλαις
3273 2977 3367 3028 καὶ
3404 2979 3523 3038 τοῖς

1944 3071 2177 3140 σιδηροῖς
2200 3069 2573 3138 ἡσφαλισμένη
2613 3068 2842 3137 μοχλοῖς,
2877 3067 3057 3130 καθώς
3114 3085 3275 3137 φησιν
3312 3070 3338 3120 ὁ
3372 3069 3522 3137 Προ-

1943 3164 2139 3232 φήτης.
2197 3161 2429 3230 Τοιαύτη
2481 3160 2589 3231 γάρ
2629 3177 2710 3222 τις
2744 3162 2776 3228 ἡ
2812 3160 2938 3230 περὶ
2984 3159 3072 3210 τὸν
3108 3158 3335 3210 θάνατον
3362 3160 3524 3227 ἰσχὺς

1942 3249 2237 3319 ἐνομίζετο,
2303 3249 2405 3312 ἕως
2439 3249 2590 3302 οὔπω
2636 3251 2700 3319 τῇ
2732 3248 3003 3318 παρουσίᾳ
3043 3249 3140 3317 τῆς
3170 3249 3335 3310 ὅντως
3366 3248 3519 3318 ζωῆς

1943 3335 2267 3406 ὲξηφανίσθη
2296 3336 2388 3390 τοῦ
2429 3337 2657 3412 θανάτου
2692 3337 2751 3390 τὸ
2779 3337 2997 3406 κράτος,
3025 3338 3104 3390 ὅτι
3142 3339 3246 3389 πᾶν
3276 3338 3335 3389 τὸ
3365 3338 3522 3401 ἐντὸς

1943 3427 2148 3480 ἐκείνου
2189 3428 2496 3498 γενόμενον,
2537 3428 2726 3498 ὥσπερ
2757 3430 2868 3481 τισὶ
2913 3428 3125 3498 μοχλοῖς
3159 3428 3394 3498 σιδηροῖς
3420 3432 3524 3482 καὶ

1944 3517 2135 3580 πύλαις
2149 3518 2429 3589 ἀτρίπτοις
2457 3518 2841 3588 κρατούμενον,
2873 3519 3278 3588 ἀναπόδραστον
3299 3519 3519 3588 ἔμενεν.

1954 3608 2111 3662 ’Λλλά
2153 3627 2172 3660 ι
2198 3609 2478 3681 συνέτριψε
2498 3645 2512 3668 ,
2546 3626 2563 3658 ι
2583 3611 2734 3678 φησι,
2770 3627 2789 3660 ι
2822 3609 2996 3673 πύλας
3018 3609 3248 3680 χαλκᾶς,
3277 3612 3368 3663 καὶ
3413 3627 3520 3678 μο-

1943 3699 2102 3770 χλοὺς
2149 3700 2401 3770 σιδηροῦς
2452 3701 2761 3754 συνέθλασε.
2833 3726 2851 3758 ι
2910 3705 3081 3761 Τοῦτο
3139 3702 3197 3756 δέ
3250 3703 3367 3757 ἐστι
3459 3701 3525 3754 τό

1940 3790 2038 3863 τὴν
2092 3789 2209 3843 ὁδὸν
2252 3791 2349 3859 τῆς
2402 3791 2630 3859 ἀνομίας
2685 3789 2864 3843 αὐτῶν
2891 3789 3170 3856 ἀφανίσαι,
3211 3790 3308 3842 καὶ
3351 3804 3523 3858 μετα-

1943 3881 2304 3951 σκευασθῆναι
2355 3881 2450 3950 τὴν
2505 3881 2649 3950 ζωὴν
2682 3882 2815 3950 πρὸς
2847 3879 3149 3933 εὐσέϐειαν.
3184 3873 3352 3942 Οὗτος
3376 3880 3524 3948 ἀφαο

1941 3971 2128 4040 νισμὸς
2171 3971 2278 4024 τῶν
2331 3969 2515 4022 πυλῶν
2550 3964 2772 4022 ἐκείνων
2815 3970 2931 4023 ἐστὶ
2955 3969 3016 4022 τὸ
3055 3971 3134 4032 είς
3170 3969 3523 4041 δικαιοσύνην

1945 4061 2421 4131 μεταρυθμηθῆναι
2472 4061 2581 4128 (27)
2609 4061 2697 4113 τὸν
2740 4061 2872 4129 βίον.
2919 4079 2934 4110 ι
2958 4059 3300 4114 Ἀντελάϐετο
3332 4079 3351 4111 ι
3388 4059 3522 4131 γὰρ,

1942 4151 2124 4223 φησιν,
2157 4169 2175 4203 ι
2207 4151 2384 4205 αὐτῶν
2404 4152 2535 4218 (ες),
2572 4151 2630 4215 ἐξ
2659 4151 2777 4205 ὁδοῦ
2811 4152 3039 4222 ἀνομίας
3069 4151 3302 4205 αὐτῶν.)

345 4249 545 4300 lterum
585 4243 694 4298 alio
731 4242 894 4298 modo
920 4241 1174 4296 humanae
1211 4241 1335 4296 vita
1367 4240 1640 4296 miseriam
1679 4241 1828 4296 nobis

2040 4241 2179 4294 Ῑάλιν
2200 4242 2401 4312 ἑτέρως
2437 4243 2535 4312 τὴν
2559 4242 2902 4313 ἀνθρωπίνην
2935 4241 3222 4311 ἀθλιότητα
3257 4241 3336 4312 τῷ
3374 4241 3523 4314 λόγῳ

276 4341 651 4404 repraesentat,
688 4342 743 4388 et
789 4333 1131 4403 iniquitatem
1174 4333 1308 4411 nihil
1353 4330 1498 4385 aliud
1538 4347 1659 4388 esse
1692 4331 1838 4386 alllr-

277 4434 410 4484 mat.
437 4439 598 4494 quam
635 4424 1068 4479 humiliationem
1104 4432 1158 4479 et
1195 4423 1574 4493 abjectionem.
1602 4422 1668 4478 Et
1696 4434 1840 4478 recte

277 4515 519 4595 quidem.
558 4512 692 4567 Nam
726 4514 858 4569 huic
905 4517 1189 4570 sententia
1236 4513 1466 4569 alterius
1507 4513 1671 4568 etiam
1714 4529 1840 4584 pro-

277 4606 452 4675 phetae
494 4605 778 4660 oraculum
821 4606 1140 4669 subscribit,
1177 4620 1301 4660 cum
1328 4604 1424 4668 ait,
1451 4623 1470 4657 ι
1503 4604 1840 4674 iniquitatem

277 4711 444 4765 supra
492 4696 699 4767 plumbi
751 4697 1014 4753 talentum
1075 4695 1440 4762 considere“,
1480 4715 1500 4750 ι
1543 4695 1841 4752 ostendens

276 4787 553 4853 videlicet,
591 4789 856 4843 malitiam
902 4804 1025 4844 esse
1061 4787 1274 4858 pondus
1313 4787 1607 4857 quoddam,
1652 4793 1844 4842 natura

280 4896 377 4934 sua
405 4881 661 4936 deorsum
685 4890 738 4935 et
770 4880 824 4934 in
863 4879 1196 4949 profundum
1233 4892 1483 4950 vergens,
1513 4877 1725 4946 aliaque
1758 4889 1844 4931 se-

355 5063 397 5096 “
425 5063 586 5120 Zach.
621 5081 677 5133 ν,
709 5065 758 5120 7.

356 5244 464 5318 (22)
487 5245 731 5318 ῐρρφῆςε
761 5247 848 5318 ed.-

358 5263 464 5314 (τι)
499 5263 728 5368 ιρρφης.
761 5263 848 5318 εει.

358 5315 465 5383 (35)
504 5315 527 5332 "
578 5315 668 5383 ψει
707 5314 862 5369 forte.

357 5379 469 5453 (ἓξ)
513 5379 604 5435 Ἐν
627 5397 736 5436 om.
760 5383 848 5436 ed.

383 5451 474 5522 ἓξ)
500 5453 621 5522 Mei
653 5451 940 5522 φωνῇκαὶ·

386 5519 468 5574 i6)
497 5519 607 5574 Kal;
638 5534 746 5573 om.
783 5519 872 5573 ed.

1944 4333 2256 4403 παρίστησι.
2288 4333 2449 4402 Λέγει
2475 4333 2531 4386 δὲ
2559 4333 2656 4403 τὴν
2687 4329 2924 4388 διάνοιαν
2959 4333 3180 4404 ταύτην,
3214 4333 3296 4386 ὅτι
3335 4337 3527 4388 ταπεί-

1943 4420 2104 4486 νωσίς
2137 4423 2281 4474 ἐστιν
2311 4423 2343 4492 ἡ
2369 4421 2585 4492 ἀνομία.
2624 4421 2728 4473 Καὶ
2746 4419 2924 4485 καλῶς
2953 4421 3011 4473 τὸ
3030 4419 3265 4473 τοιοῦτόν
3287 4419 3399 4489 (‘29)
3428 4437 3530 4489 (pr,-

1947 4529 2029 4565 σιν
2051 4526 2065 4540 ⁸
2095 4511 2428 4583 συμφέρεται
2455 4511 2563 4583 γάρ
2577 4529 2661 4574 τις
2685 4512 2778 4564 καὶ
2795 4511 2954 4565 ἄλλου
2975 4513 3254 4582 προφήτου
3277 4510 3434 4576 λόγος
3449 4511 3529 4581 τῷ

1948 4600 2171 4672 τοιούτῳ
2215 4604 2462 4673 νοήματι,
2486 4605 2544 4666 ὃς
2573 4620 2758 4674 φησιν,
2791 4623 2809 4655 ι
2842 4604 2933 4656 ἐπὶ
2973 4602 3232 4656 τάλαντον
3276 4600 3529 4672 μολίϐδου

1951 4691 2218 4762 καθῆσθαι
2245 4693 2341 4765 τὴν
2384 4695 2633 4764 ἀνομίαν.
2669 4711 2687 4746 ι
2725 4693 3177 4760 Ἑνδεικνύμενος,
3209 4693 3290 4746 ὅτι
3331 4691 3535 4763 βαρεῖά

1950 4785 2032 4847 τίς
2055 4785 2272 4838 ἐστικαὶ
2289 4786 2604 4858 κατωφερὴς
2621 4788 2651 4856 ἠ
2673 4786 2859 4850 κακία,
2879 4786 2968 4840 τὸν
2986 4782 3096 4855 (30)
3118 4786 3176 4837 ὲν
3193 4783 3420 4854 ὑψηλοῖς
3435 4784 3528 4838 διὰ

1950 4876 2050 4946 τὴν
2073 4875 2206 4946 πρὸς
2223 4874 2282 4927 τὸ
2305 4875 2456 4931 Θεῖον
2483 4876 2741 4946 ὁμοίωσιν
2769 4876 2897 4932 ὄντα
2918 4878 2996 4939 είς
3032 4875 3122 4929 τὸν
3148 4874 3372 4944 βόθυνον
3400 4873 3532 4928 εαυ-

2032 5237 2145 5306 (27)
2169 5236 2603 5307 Mezapueplaat,
2638 5236 2724 5290 ed.

2032 5309 2144 5377 (es)
2176 5305 2363 5360 Αὐτῶν
2386 5305 2498 5377 pm.
2527 5305 2613 5360 ed.

2030 5375 2139 5447 (29)
2167 5377 2242 5447 Te
2267 5375 2504 5447 τοιοῦτον
2533 5389 2640 5430 om.
2683 5375 2770 5428 ed.

2036 5445 2146 5517 (σοι
2179 5445 2278 5514 τι,
2306 5446 2392 5501 ed.
