3800 5980
162 135 266 192 473

1570 141 1634 195 IN
1672 139 2009 198 PSALMOS.

3313 146 3424 198 474

163 249 258 318 τῆς
281 245 753 315 συγκαθέλγουσα·
787 250 918 322 φησὶ
959 251 1090 323 γάρ’
1119 253 1200 306 ὃτι
1233 271 1251 304 ι
1277 252 1364 306 διά
1387 253 1484 316 τὰς
1516 255 1744 325 ἀνομίας

1859 270 1971 308 eum
2000 252 2242 324 rapiens,
2280 269 2402 324 qua:
2431 261 2656 324 propter
2681 254 3096 310 similitudinem
3137 265 3190 310 et
3219 267 3422 323 cogna-

164 337 342 391 αὐτῶν
391 339 854 410 ἐταπεινώθησαν.
901 360 920 394 ι
954 341 1060 394 Καὶ
1100 341 1188 396 διὰ
1226 341 1384 396 τοῦτο
1413 343 1511 414 τὴν
1545 361 1744 399 παντο-

164 427 400 498 δύναμον
430 429 646 500 ἐκείνην
676 432 882 502 τροφὴν
906 433 1352 504 ἀπεστράφησαν,
1367 435 1495 504 περὶ
1515 429 1580 506 ἦς
1602 435 1748 502 λέγει

166 521 300 590 πρὸς
319 522 444 584 τοὺς
478 522 728 593 πρώτους
765 526 793 577 ὀ
829 523 1002 592 λόγος,
1029 525 1110 577 ὃτι
1137 543 1153 573 ι
1191 525 1317 578 Ἀπὸ
1345 526 1540 590 παντὸς
1586 525 1744 592 ξύλου

165 612 257 666 τοῦ
287 613 344 664 ἐν
376 612 455 682 τῷ
510 615 824 685 παραδείσῳ
855 614 1052 686 βρώσει
1102 619 1272 688 φαγῇ.
1312 634 1331 667 ι
1379 617 1467 680 Ὣς
1492 618 1600 688 γάρ
1629 618 1748 670 ἐκεῖ

165 706 274 758 πᾶν
296 702 452 768 ξύλον
475 705 728 773 ὀνομάζει
758 707 868 775 (31)
891 706 950 759 τὸ
979 706 1250 777 πλήρωμα
1297 708 1494 770 παντὸς
1521 707 1747 775 ἀγαθοῦ,

163 793 335 858 οὕτως
364 795 602 849 ἐνταῦθα
631 796 728 866 τὴν
755 796 926 868 ἀληθῆ
961 797 1055 850 καὶ
1088 797 1494 868 παντοδύναμον
1525 798 1749 870 βρῶσιν,

167 884 274 934 πᾶν
307 881 508 952 βρῶμα
527 883 782 953 ὀνομάζει
819 885 847 936 ὁ
887 884 1061 951 λόγος,
1101 881 1161 940 οὗ
1197 888 1230 956 ἡ
1259 885 1576 958 ἀποστροφὴ
1608 890 1752 940 ποιεῖ

167 974 265 1043 τὴν
308 973 594 1027 ἀσθένειαν
647 975 746 1045 τὴν
789 977 867 1039 είς
907 975 1134 1030 θάνατον
1168 977 1457 1048 λήγουσαν.
1501 979 1662 1047 Λέγει
1694 979 1752 1031 δὲ

169 1063 368 1125 οὕτως·
401 1065 482 1118 ὅτι
516 1083 534 1115 ι
570 1060 683 1119 Πᾶν
723 1065 917 1136 βρῶμα
961 1067 1279 1133 eameam
1327 1072 1359 1138 ἡ
1390 1069 1536 1138 ψυχὴ
1567 1068 1750 1122 αὐτῶν

171 1156 263 1208 καὶ
313 1158 546 1226 ἤγγισαν
587 1158 690 1222 ἕως
738 1158 844 1212 τῶν
905 1159 1087 1214 πυλῶν
1123 1145 1233 1213 τοῦ
1286 1161 1535 1214 Θανάτου.
1586 1180 1604 1213 ›
1639 1162 1752 1214 Καὶ

171 1244 331 1298 πάλιν
354 1246 493 1317 πρὸς
523 1247 614 1299 τὸν
641 1248 772 1299 Θεὸν
795 1248 944 1318 φωνὴ
973 1251 1052 1312 εἰς
1083 1250 1389 1319 πανήγυριν
1420 1249 1517 1320 τὴν
1553 1266 1756 1319 συμφο-

175 1334 270 1405 ρὰν
322 1337 674 1410 ἀναστρέφει.
713 1356 731 1388 ι
775 1338 1108 1409 Ἐκέκραξαν
1148 1357 1166 1390 ι
1197 1339 1332 1409 γὰρ,
1375 1341 1527 1410 φησὶ,
1569 1359 1586 1390 ι
1621 1340 1753 1409 πρὸς

173 1424 380 1496 Κύριον
413 1428 473 1480 ἐν
504 1428 580 1498 τῷ
615 1427 892 1481 θλίϐεσθαι
924 1429 1139 1492 αὐτοὺς,
1165 1430 1258 1482 καὶ
1281 1430 1344 1482 ἐκ
1373 1429 1478 1482 τῶν
1498 1429 1752 1498 ἀναγκῶν

172 1517 352 1570 αὐτῶν
379 1517 582 1571 ἔσωσεν
611 1519 863 1582 αὐτούς.»
897 1521 1006 1573 Καὶ
1039 1521 1299 1590 διηγεῖται
1342 1520 1441 1590 τῆς
1482 1522 1753 1592 σωτηρίας

171 1608 261 1661 τὸν
289 1609 516 1679 τρόπον’
536 1611 866 1679 Εὐαγγέλιον
886 1611 943 1664 δὲ
966 1611 1223 1682 ἄντικρύς
1250 1613 1394 1665 ἐστιν
1425 1613 1456 1682 ἡ
1479 1611 1750 1682 διήγησις.

181 1718 198 1751 ι
237 1699 553 1752 Ἀπέστειλε
606 1720 624 1751 ι
657 1700 782 1771 γὰρ,
818 1700 983 1770 φησὶ,
1004 1700 1307 1767 «τὺνΛόγον
1339 1701 1526 1765 αὐτοῦ,
1558 1703 1650 1753 καὶ
1675 1702 1755 1755 ἰά-

177 1802 308 1838 σατο
338 1786 557 1848 αὐτοὺς,
592 1787 684 1838 καὶ
712 1786 980 1858 ἐρρύσατο
999 1787 1194 1849 αὐτοὺς
1225 1789 1289 1840 ἐκ
1315 1788 1423 1840 τῶν
1448 1787 1754 1858 διαφθορῶν

174 1875 386 1930 αὐτῶν”
438 1895 456 1928 r
500 1878 630 1948 ὁρᾷς
679 1877 855 1942 ζῶντα
909 1879 1002 1930 καὶ
1040 1877 1282 1948 ἔμψυχον
1322 1878 1492 1946 Λόγον
1527 1877 1754 1949 ἐπὶβξ)

175 1967 426 2037 σωτηρίᾳ
457 1965 565 2019 τῶν
611 1967 996 2038 ἀπολλυμένων
1019 1968 1502 2038 ἀποστελλόμενον,
1528 1969 1620 2021 καὶ
1658 1970 1757 2038 τῆς

175 2056 385 2127 φθορᾶς
426 2058 518 2110 τὸν
563 2060 619 2110 ἐν
653 2059 790 2129 αὐτῇ
829 2058 940 2130 (33)
968 2059 1224 2126 γεγονότα
1262 2060 1544 2130 ῥυόμενον.
1597 2061 1757 2123 Ποῖος

173 2147 566 2216 εὐαγγελιστὴς
583 2146 725 2200 οὕτω
757 2147 976 2217 γυμνῶς
999 2149 1164 2218 ἐκϐοᾷ
1181 2147 1238 2200 τὸ
1267 2151 1596 2220 μυστήριον;
1632 2150 1758 2202 οὐκ‹

174 2237 269 2290 οὖν
307 2237 750 2307 ἀνευφημείσθω,
793 2240 944 2309 φησὶ,
977 2241 1126 2310 παρὰ
1147 2239 1255 2294 τῶν
1277 2237 1334 2294 εὖ
1357 2239 1698 2293 πεπονθότων
1721 2243 1754 2311 ἡ

175 2326 356 2396 χάρις,
385 2327 480 2378 καὶ
497 2325 663 2396 ὕμνος
694 2328 784 2380 ἐπὶ
807 2329 1142 2399 εὐεργεσίαις
1166 2331 1200 2400 ἠ
1225 2329 1468 2399 εὐφημία
1501 2329 1754 2396 γινέσθω.

182 2436 199 2467 ι
235 2417 570 2470 Θυσάτωσαν
598 2419 706 2488 γὰρ
743 2419 915 2488 αὐτῷ,
961 2437 982 2470 ι
1005 2419 1158 2489 φησὶ,
1202 2442 1220 2474 ι
1257 2418 1447 2472 θυσίαν
1476 2419 1754 2484 αἰνέσεως,

177 2511 271 2562 καὶ
304 2508 772 2576 ἐξαγγειλάτωσαν
803 2511 872 2563 τὰ
917 2510 1054 2582 ἔργα
1079 2510 1246 2564 αὐτοῦ
1289 2514 1341 2564 ἐν
1366 2511 1702 2579 ἀγαλλιάσει.
1733 2531 1752 2563 ι

177 2598 335 2652 Μετά
370 2599 544 2652 ταῦτα
583 2600 740 2652 πάλιν
771 2601 1111 2664 διασκευάζει
1163 2602 1230 2654 τὰ
1273 2602 1439 2674 πάθη,
1473 2604 1564 2656 καὶ
1598 2603 1758 2657 πάλιν

178 2690 381 2758 ἐπάγει
407 2690 500 2743 τοῦ
536 2690 672 2744 Θεοῦ
718 2691 855 2761 μετά
884 2691 952 2744 τά
980 2692 1126 2762 πάθη
1160 2693 1257 2762 τὴν
1291 2693 1481 2764 χάρινέ
1514 2693 1674 2761 Λέγει
1701 2693 1758 2746 δὲ

177 2781 274 2849 τὴν
328 2780 584 2834 ἀϐουλίαν
634 2781 742 2834 τῶν
772 2780 1092 2852 ἀνθρώπων,
1124 2784 1204 2835 ὅτι
1244 2784 1632 2846 καταλιπόντες
1661 2785 1756 2855 τὴν

176 2869 459 2940 σταθηράν
488 2871 599 2939 ιὸ-ι)
641 2872 734 2924 καὶ
765 2871 1155 2926 ἀκλυδώνιστον
1179 2871 1290 2941 (55)
1324 2873 1487 2942 ζωὴν,
1511 2873 1758 2940 πελάγιοι

174 2963 243 3028 τῇ
287 2959 606 3030 προαιρέσει
651 2961 915 3028 ἐγένοντο.
952 2982 969 3014 ι
1008 2965 1069 3014 Οἱ
1121 2963 1536 3026 καταὸαίνοντες
1573 2983 1589 3014 ι
1622 2964 1752 3033 γὰρ,

178 3051 366 3118 φησὶν,
401 3068 420 3101 ι
451 3051 530 3114 είς
571 3051 669 3122 τὴν
717 3051 989 3105 θάλασσαν
1033 3055 1090 3106 ἐν
1143 3053 1368 3117 πλοίοις,
1405 3073 1421 3104 ι
1470 3055 1565 3106 καὶ
1635 3055 1756 3107 ἀντὶ

176 3144 273 3195 τοῦ
321 3142 649 3213 ἐργάζεσθαι
680 3143 770 3195 τὸν
802 3143 1146 3213 παράδεισον,
1173 3147 1230 3197 ἐν
1267 3138 1310 3210 ᾧ
1341 3146 1602 3216 πρότερον
1633 3143 1754 3196 ἐτά-

179 3252 358 3304 γησαν
409 3236 543 3305 (56),
599 3235 924 3307 ὑποϐρύχιον
972 3237 1278 3306 ποιούμενοι
1330 3235 1428 3306 τὴν
1475 3236 1754 3306 ἐργασίαν.

179 3325 472 3379 Θάλασσαν
494 3326 550 3378 δέ
585 3325 728 3392 λέγει
770 3325 866 3386 τὴν
900 3324 1072 3395 ὑλώδη
1101 3327 1210 3394 (57)
1241 3325 1442 3395 ταύτην
1468 3325 1632 3394 ζωὴν,
1659 3325 1758 3394 τὴν

180 3417 318 3468 πᾶσι
371 3418 485 3478 τοῖς
542 3415 651 3467 τῶν
710 3415 1028 3486 πειρασμῶν
1068 3415 1288 3485 ἀνέμοις
1328 3415 1756 3485 ταρασσομένην,

182 3508 278 3560 καὶ
330 3510 442 3570 τοῖς
510 3507 827 3577 ἐπαλλήλοις
877 3505 1071 3560 πάθεσι
1121 3506 1547 3575 κυμαινομένην.
1589 3525 1606 3556 ι
1636 3507 1760 3559 Ποι-

181 3597 371 3660 οῦντες
410 3616 427 3647 ι
471 3596 598 3668 γὰρ,
627 3598 807 3667 φησιν,
842 3615 860 3647 ι
898 3597 1159 3666 ἐργασίαν
1183 3597 1241 3648 ἐν
1275 3595 1427 3648 ὐδασι
1462 3595 1693 3658 πολλοῖς.
1735 3616 1753 3648 ι

185 3690 298 3742 Καὶ
329 3707 347 3738 ι
388 3688 541 3740 αὐτοὶ
575 3684 710 3740 εἶδον
745 3688 812 3739 τὰ
840 3687 1234 3757 ἕργατΚυρίου,
1264 3688 1357 3739 καὶ
1391 3686 1457 3739 τὰ
1488 3687 1765 3758 θαυμάσια

185 3778 353 3831 αὐτοῦ
402 3782 460 3832 ἐν
515 3779 592 3849 τῷ
638 3778 802 3848 βυθῷ.
834 3798 850 3829 ι
895 3778 1077 3831 Βύθιοι
1121 3779 1229 3847 γὰρ
1264 3780 1320 3830 ἐν
1352 3780 1418 3848 τῇ
1458 3779 1623 3848 κακίᾳ
1649 3778 1762 3847 ('58)

1849 347 2052 401 tionem
2079 361 2204 400 cum
2231 343 2342 400 Deo
2365 347 2420 399 in
2450 345 2596 400 edito
2623 346 2744 399 loco
2775 349 2880 400 sita
2917 360 3065 401 sunt.
3102 347 3189 400 Ait
3217 346 3362 400 enim
3409 359 3425 398 :

1855 457 1874 487 ι
1905 436 2132 506 Propter
2160 436 2456 502 injustitias
2490 450 2618 490 suas
2653 435 2922 489 humiliati
2965 443 3125 490 sunt.
3162 455 3179 486 ι
3220 435 3283 488 Ει
3314 435 3418 488 hac

1850 525 1918 581 de
1957 541 2124 581 causa
2155 511 2582 594 omnipotentem
2620 523 2768 576 illam
2816 537 2998 578 escam
3035 523 3276 576 aversari
3311 534 3417 575 cce-

1852 627 2048 691 perunt
2075 639 2088 674 :
2112 619 2179 673 de
2200 633 2307 688 qua
2343 616 2411 671 ad
2444 617 2654 686 primos
2674 624 2927 684 parentes
2955 615 3174 667 divinus
3198 625 3415 666 sermo:

1857 728 1875 760 ι
1909 711 1991 764 Ab
2023 710 2203 763 omnis
2232 708 2385 778 ligni,
2411 707 2554 775 quod
2581 714 2664 761 est
2694 707 2747 759 in
2781 705 3056 775 paradiso,
3088 718 3214 758 esca
3236 717 3416 756 come-

1853 802 1950 857 des
1973 801 2016 832 ¹⁵
2039 815 2052 863 ;
2077 817 2095 850 ο
2134 808 2193 853 ut
2225 800 2370 854 enim
2404 799 2476 854 ibi
2516 813 2679 853 omne
2725 799 2929 867 lignum
2961 797 3206 850 nominat
3246 795 3418 864 pleni-

1854 892 2096 946 tudinem
2127 891 2306 945 omnis
2339 889 2489 950 boni,
2531 889 2604 942 ita
2636 889 2723 942 hic
2750 904 2938 942 verum
2967 888 3116 941 illum
3157 895 3211 941 et
3239 887 3418 939 omni-

1855 989 2126 1050 potentem
2196 978 2378 1032 cibum
2432 975 2666 1046 appellat
2719 990 2937 1029 omnem
2983 989 3197 1037 escam,
3256 974 3416 1040 cujus

1854 1072 2002 1144 fuga,
2048 1085 2168 1126 eam
2207 1085 2328 1140 qua;
2384 1067 2452 1122 ad
2491 1075 2721 1121 mortem
2762 1066 2932 1128 ducit,
2991 1063 3416 1116 imbecillitatem

1853 1163 2125 1219 conciliat.
2163 1159 2256 1214 Sic
2285 1174 2415 1213 vero
2446 1158 2522 1211 ait
2547 1176 2558 1211 :
2592 1175 2610 1207 ι
2640 1155 2867 1211 Omnem
2893 1169 3075 1210 eseam
3105 1153 3416 1207 abominata

1853 1259 1937 1308 est
1963 1253 2144 1305 anima
2189 1264 2400 1310 eorum,
2443 1254 2495 1300 et
2527 1244 3100 1316 appropinquavcrunt
3145 1253 3317 1308 usque
3351 1239 3419 1290 ad

1854 1353 2040 1414 portas
2071 1340 2266 1394 mortis
2296 1357 2309 1392 :
2345 1360 2363 1388 ι
2400 1336 2708 1405 iterumque
2739 1350 2842 1388 vox
2874 1334 2940 1387 ad
2966 1331 3133 1386 Deum
3165 1331 3331 1386 missa
3363 1330 3417 1382 in

1855 1433 2044 1488 laudes
2065 1441 2116 1486 et
2146 1429 2416 1501 przeconia
2455 1426 2792 1482 calamitates
2825 1423 3116 1486 convertit,
3153 1422 3297 1492 quod
3333 1422 3419 1476 his

1854 1525 2037 1580 verbis
2070 1523 2277 1576 indicat
2305 1539 2321 1580 :
2360 1540 2378 1572 ι
2413 1519 2800 1574 Clamaverunt
2844 1517 2909 1572 ad
2942 1517 3252 1578 Dominum,
3283 1515 3412 1568 dum

1787 1593 1827 1646 Β
1857 1607 2280 1671 tribularentur,
2316 1615 2370 1661 et
2399 1622 2467 1659 ex
2499 1605 2752 1660 omnibus
2783 1600 3208 1658 necessitatibus
3230 1615 3419 1656 eorum

1857 1701 2106 1755 liberavit
2143 1714 2258 1754 eos.
2299 1718 2316 1751 ι
2371 1697 2564 1751 Narrat
2611 1708 2790 1751 autem
2838 1695 3032 1749 salutis
3076 1693 3252 1746 allatae
3297 1704 3422 1744 mo-

1856 1791 2020 1858 dum;
2068 1807 2188 1860 quae
2222 1789 2466 1845 narratio
2519 1787 2857 1857 ipsissimum
2907 1783 3258 1853 Evangelium
3287 1789 3372 1836 est
3405 1798 3420 1834 :

1865 1902 1882 1934 ‹
1918 1882 2061 1937 Misit
2091 1877 2328 1936 Verbum
2344 1889 2527 1938 suum,
2561 1897 2578 1929 ι
2611 1877 2808 1946 inquit,
2844 1895 2862 1926 ι
2890 1883 2944 1930 et
2983 1874 3197 1930 sanavit
3222 1888 3338 1934 eos,
3369 1880 3425 1926 et

1857 1971 2056 2040 eripuit
2087 1984 2180 2026 eos
2220 1969 2288 2023 de
2321 1965 2730 2022 interitionibus
2779 1980 2991 2019 eorum.
3031 1983 3050 2014 ι
3082 1962 3246 2017 Vides
3290 1959 3421 2015 Ver-

1857 2063 1984 2117 bum
2020 2062 2208 2115 vivens
2266 2068 2320 2114 et
2381 2059 2622 2127 spirans,
2677 2055 2745 2110 ad
2803 2057 3032 2110 salutem
3086 2053 3421 2123 perditorum

1857 2154 2108 2216 missum,
2143 2159 2202 2205 ut
2230 2151 2482 2205 liberaret
2511 2165 2537 2202 a
2562 2144 2914 2217 corruptione
2943 2162 3064 2201 eum
3089 2147 3181 2216 qui
3214 2145 3268 2198 in
3300 2158 3425 2198 cor-

1858 2242 2112 2312 ruptione
2163 2240 2450 2295 haerebat.
2484 2238 2620 2306 Quis
2667 2238 2998 2309 evangelista
3055 2247 3162 2290 tam
3221 2234 3425 2291 diserte

1857 2332 1960 2386 hoc
1992 2331 2312 2402 mysterium
2336 2330 2626 2399 explanat?
2656 2330 2824 2398 Igitur
2846 2329 2916 2382 ab
2947 2328 3077 2392 illis,
3109 2328 3308 2396 inquit,
3332 2327 3424 2396 qui

1858 2423 2024 2476 tantis
2049 2420 2328 2475 beneficiis
2357 2420 2621 2473 cumulati
2652 2429 2802 2477 sunt.
2838 2426 2990 2472 tanta
3017 2419 3193 2488 gratia
3227 2417 3425 2487 praedi-

1857 2521 2045 2579 cetur;
2087 2523 2138 2566 et
2178 2510 2497 2581 praedicatio
2539 2509 2929 2564 beneficiorum
2964 2511 3018 2563 in
3065 2510 3324 2579 hymnum
3375 2517 3432 2564 et

1858 2603 2070 2658 laudem
2114 2610 2378 2657 transeat.
2413 2621 2430 2652 ι
2468 2599 2790 2655 Sacriﬁcant
2837 2599 2888 2654 ei
2934 2600 3264 2656 sacriﬁcium
3314 2600 3431 2652 lau-

1857 2693 1962 2756 dis,
2003 2703 2058 2748 et
2100 2692 2428 2746 annuntient
2476 2703 2643 2760 Opera
2688 2689 2809 2757 ejus
2862 2689 2917 2743 in
2965 2689 3357 2744 exsultatione.
3401 2705 3421 2740 ι

1857 2785 2105 2840 Ροειὶιιεο
2137 2801 2334 2840 rursus
2363 2798 2638 2838 aerumnas
2665 2788 2718 2835 et
2750 2780 3070 2835 aulictiones
3102 2791 3433 2834 commemo-

1859 2888 1966 2940 rat,
2009 2885 2062 2931 et
2103 2883 2225 2946 post
2267 2876 2387 2930 illas
2429 2873 2522 2928 Dei
2559 2874 2814 2942 gratiam.
2862 2871 3132 2927 Describit
3165 2871 3308 2925 enim
3349 2869 3438 2922 in-

1859 2966 2168 3020 consultam
2227 2964 2508 3018 hominum
2570 2962 2970 3030 temeritatem,
3034 2960 3122 3030 qui
3175 2958 3433 3013 derelicta

1857 3057 2039 3112 stabili
2069 3067 2123 3112 et
2143 3058 2309 3111 nullis
2339 3055 2759 3124 tempestatibus
2805 3053 3049 3122 exposita
3077 3052 3206 3114 vita,
3233 3049 3432 3104 volun-

1857 3156 1970 3203 tate
2000 3155 2054 3203 et
2086 3149 2368 3217 proposito
2412 3146 2570 3216 quasi
2610 3145 2806 3198 marini
2851 3144 3031 3198 ell‘ccti
3063 3149 3212 3197 sunt.
3251 3140 3434 3210 lnquit

1862 3241 2007 3293 enim
2036 3257 2048 3293 :
2085 3257 2104 3290 ι
2139 3237 2241 3304 Qui
2273 3237 2617 3294 descendunt
2646 3237 2700 3290 in
2729 3251 2876 3290 mare
2899 3235 3152 3297 navibus,
3184 3252 3201 3283 ι
3237 3239 3291 3287 et
3316 3231 3437 3284 loco

1858 3330 2120 3400 paradisi,
2169 3345 2330 3400 quem
2366 3331 2570 3389 colant,
2615 3339 2670 3384 et
2719 3331 2772 3382 in
2813 3344 2923 3398 quo
2966 3329 3117 3398 prius
3151 3327 3432 3388 vivebant,

1861 3430 2034 3476 artem
2065 3423 2316 3475 factitant
2360 3421 2728 3476 submersioni
2769 3421 3097 3480 obnoxiam;
3136 3417 3304 3470 maris
3345 3431 3439 3485 ap-

1861 3514 2156 3585 pellatione
2211 3514 2380 3568 vitam
2427 3513 2568 3565 hanc
2617 3513 2889 3580 designat,
2948 3526 3070 3579 qua:
3111 3507 3331 3575 corpori
3383 3517 3438 3560 et

1863 3603 2104 3656 materiae
2147 3602 2427 3664 immersa,
2455 3601 2820 3668 omnibusque
2866 3601 3224 3654 tentationum
3258 3597 3440 3650 ventis

1863 3693 2110 3762 exposita
2144 3698 2251 3753 est,
2277 3699 2331 3744 et
2360 3691 2713 3761 passionibus
2738 3692 2842 3746 sibi
2876 3696 3064 3743 mutuo
3091 3686 3441 3742 succedenti-

1865 3784 1969 3838 bus
1999 3783 2333 3852 exagitatur.
2373 3800 2392 3834 ι
2450 3779 2762 3846 Facientes,
2797 3803 2815 3834 ι
2859 3781 3057 3851 inquit,
3111 3798 3129 3831 ι
3158 3778 3440 3849 operatio-

184 3867 282 3920 τοῦ
341 3867 458 3938 βίου
510 3869 809 3939 γενόμενοι,
864 3870 956 3923 καὶ
1018 3867 1276 3931 πολλάκις
1327 3869 1395 3922 τὰ
1435 3871 1643 3939 πονηρὰ
1667 3870 1755 3938 τῆς

1869 3889 1993 3928 nem
2024 3875 2080 3928 in
2109 3874 2268 3943 aquis
2309 3874 2516 3928 multis.
2553 3874 2664 3944 Ipsi
2699 3873 2956 3928 viderunt
3001 3887 3169 3942 opera
3201 3869 3440 3933 Damini,

185 3960 365 4030 ψυχῆς
422 3959 682 4024 παθόντες
736 3960 989 4027 ναυάγια,
1031 3955 1169 4011 εἶδον
1201 3959 1284 4026 ἐφ’
1319 3958 1524 4013 ἑαυτῶν
1551 3959 1621 4012 τὰ
1653 3959 1755 4029 (59]

1868 3971 1922 4020 et
1954 3964 2228 4019 mirabilia
2279 3964 2399 4034 ejus
2433 3966 2488 4024 in
2535 3963 2830 4034 profundo.
2871 3983 2890 4017 ι
2930 3963 3171 4019 Demersi
3205 3965 3349 4018 enim
3389 3963 3441 4015 in

186 4053 287 4122 τῆς
328 4050 732 4120 φιλανθρωπίας
760 4049 898 4119 ἔργα
923 4047 1016 4101 τοῦ
1047 4050 1110 4101 ἐκ
1138 4047 1246 4100 τῶν
1270 4047 1444 4118 βυθῶν
1469 4050 1616 4119 ἡμᾶς
1641 4050 1755 4102 ἀνα-

1871 4053 2200 4126 profundum
2223 4054 2391 4124 hujus
2413 4054 2556 4118 vitae,
2583 4056 2891 4125 saepiusque
2917 4053 3226 4124 pernicioso
3250 4053 3447 4105 anima:

192 4141 468 4204 σώσαντος
515 4141 648 4211 (40).
703 4160 720 4193 ι
770 4137 938 4193 Εἶπεν
982 4158 1000 4191 ι
1036 4141 1178 4211 γάρ,
1226 4139 1409 4210 φησὶν,
1443 4158 1461 4191 ι
1496 4141 1588 4192 καὶ
1639 4140 1755 4192 ἔστι

1874 4146 2155 4216 naufragio
2218 4146 2404 4208 facto,
2470 4145 2726 4201 viderunt
2782 4147 2837 4200 in
2876 4145 3072 4213 seipsis
3121 4159 3284 4211 opera
3356 4143 3446 4196 illa

189 4235 412 4304 πνεῦμα
457 4233 785 4302 καταιγίδος.
834 4251 853 4284 ι
892 4232 1063 4286 Τοῦτο
1115 4232 1172 4285 δὲ
1221 4233 1321 4285 οὐκ
1357 4233 1436 4295 εἰς
1481 4232 1572 4285 τὸν
1615 4231 1755 4284 Θεὸν.

1875 4237 2258 4301 humanitatis,
2306 4244 2360 4291 et
2406 4236 2759 4306 benignitatis
2800 4235 2894 4289 Dei
2927 4234 3169 4289 eruentis
3214 4233 3335 4286 illos
3380 4247 3446 4284 ex

189 4325 306 4380 ἀλλ’
354 4327 436 4386 είς
469 4323 560 4376 τὸν
597 4323 786 4394 ἐχθρὸν
827 4321 1088 4376 ἀνακτέον
1121 4321 1182 4374 τὸ
1210 4321 1405 4392 νόημα.
1448 4321 1512 4373 Ἡ
1540 4321 1648 4392 γὰρ
1673 4321 1755 4374 τοῐ

1876 4326 2169 4396 profundo.
2220 4327 2384 4380 Addit
2428 4329 2621 4382 enim:
2655 4346 2672 4377 ι
2709 4325 2878 4388 Dixit,
2919 4333 2975 4378 et
3023 4325 3174 4378 stetit
3219 4323 3448 4392 spiritus

189 4415 570 4486 ἀντικειμένου
616 4413 788 4484 φωνὴ,
848 4413 909 4466 τὸ
944 4414 1040 4483 τῆς
1080 4429 1099 4463 ι
1149 4412 1458 4480 καταιγίδος
1500 4411 1716 4482 πνεῦμα
1745 4433 1762 4465 ι

192 4509 512 4580 ἐργάζεται.
551 4506 662 4575 (41)
693 4506 959 4573 Καταιγὶς
997 4504 1054 4557 δὲ
1104 4504 1317 4572 λέγεται
1361 4503 1530 4573 βίαιος
1571 4503 1770 4574 ἄνεμος

190 4602 293 4652 οὐκ
323 4599 436 4669 (42)
471 4598 556 4650 ἐπ’
594 4596 803 4658 εὐθείας
839 4595 1216 4665 προσπίπτων,
1253 4595 1389 4648 ἀλλά
1419 4595 1547 4666 περὶ
1581 4595 1769 4648 ἐαυτὸν

1877 4419 2150 4489 procellae.
2183 4438 2202 4471 ι
2247 4419 2402 4484 Quod
2439 4418 2671 4484 dictum,
2734 4433 2842 4471 non
2883 4417 2950 4470 ad
3006 4415 3196 4482 Deum,
3244 4415 3336 4470 sed
3379 4413 3445 4468 ad

1876 4509 2166 4566 inimicum
2195 4507 2286 4563 Dei
2324 4507 2671 4563 referendum
2699 4515 2814 4570 est;
2853 4520 2977 4560 nam
3021 4504 3319 4559 adversarii
3349 4517 3449 4556 vox

1879 4601 2132 4671 spiritum
2167 4601 2421 4670 procellae
2453 4598 2644 4654 ellicit:
2671 4598 2910 4669 procella
2935 4611 3062 4652 vero
3091 4597 3296 4651 dicitur
3337 4595 3453 4647 vio-

191 4693 409 4747 ἀνειλού
417 4708 577 4762 μενος
604 4691 715 4762 (45)
747 4691 815 4744 δι’
835 4689 1012 4755 ὀξείας
1035 4689 1448 4760 στροφάλιγγος,
1474 4688 1531 4752 ὃς
1553 4687 1769 4742 ἐπειδάν

192 4787 430 4857 ἐμπέσοι
471 4785 600 4839 ποτε
659 4784 844 4854 βιαίως
886 4783 996 4854 (44)
1042 4781 1117 4853 τῷ
1151 4781 1321 4850 ὕδατι,
1355 4782 1603 4853 καθάπερ
1628 4781 1771 4851 τινὸς

1877 4693 2058 4747 lentus
2089 4699 2307 4754 ventus,
2337 4706 2448 4746 non
2482 4698 2632 4746 recta
2670 4689 2758 4744 via
2789 4689 3027 4749 irruens,
3060 4687 3151 4741 sed
3191 4685 3294 4740 sibi
3335 4684 3454 4752 ipse

1878 4781 2161 4836 involutus
2200 4781 2426 4851 obliquo
2458 4780 2700 4844 turbine,
2753 4778 2848 4850 qui
2897 4774 3120 4849 quando
3148 4783 3299 4828 tanta
3331 4769 3450 4824 vio-

273 4952 315 4982 "
344 4948 543 5005 Genes.
573 4963 634 5011 ιι,
667 4946 751 5000 16.

1184 5097 1212 5108 ν

271 5120 386 5192 (3i)
426 5126 499 5180 Ἰδ
520 5141 632 5181 om.
663 5125 752 5181 ed.

1949 5114 2058 5192 (ἒξ)
2091 5112 2326 5192 Καρδίαν
2369 5112 2455 5192 ef!-

271 5181 387 5263 (32)
411 5197 522 5258 Ἐν,
558 5196 647 5250 ed.
739 5262 745 5263 γ

1950 5184 2064 5263 ea
2213 5181 2453 5263 «daed-

419 5248 581 5319 Forte
601 5248 787 5332 αὐτῷ.

1958 5248 2070 5332 an
2103 5248 2524 5332 ξᾼιασψςοντρς.
2551 5249 2637 5304 ed.

271 5319 815 5406 (34))hq0:p¢v,_cd.
936 5400 986 5406 __
1094 5400 1107 5406 _

1960 5319 2072 5406 iiii
2103 5321 2220 5406 15a
2235 5319 2362 5406 add;
2399 5319 2484 5373 ed-

413 5404 534 5458 Τῶν
553 5388 863 5472 ἅνθρώπων
887 5400 1008 5455 add.
1043 5400 1130 5455 ed.

1960 5388 2073 5472 (ἑξ)
2099 5388 2270 5472 ,ρὺδέρ
2298 5389 2384 5469 εἶά·

407 5455 776 5542 Ἐνστάθησαν,

2099 5458 2332 5542 Ἐνειλού
2341 5474 2518 5542 μενος,
2547 5455 2634 5513 ed.

298 5528 386 5609 37)
417 5544 580 5598 Forte
615 5528 876 5609 ὐδατώδη.

1964 5528 2072 5600 (44)
2099 5528 2301 5592 Βίαιος,
2324 5528 2410 5583 ed.
