3800 5980
355 176 458 233 475

1591 183 1649 240 S.
1686 182 2011 242 GREGORII
2049 184 2342 244 NYSSENI

3492 194 3604 250 476

354 294 520 349 lentia
558 294 613 349 in
635 308 806 377 aquas
832 297 1105 368 irrumpit,
1132 312 1289 360 mare
1315 299 1476 371 quasi
1521 302 1758 356 maxima
1789 318 1915 370 rupe

2025 304 2229 374 πέτρας
2295 303 2794 377 ὲγκαταϐληθείσης
2868 305 3105 376 μεγάλης
3134 347 3149 372 ,
3202 304 3605 360 ὗποκλυσθεῖσα

352 374 757 458 superiniecta,
781 389 851 443 ob
879 390 1202 457 gravitatem
1244 392 1638 462 subagitatum,
1668 406 1924 448 necessa-

351 481 435 530 rio
467 476 739 552 frangitur
790 489 1012 549 propter
1040 482 1437 537 vehementiam
1469 483 1730 553 spirantis
1754 483 1922 547 venti,

351 582 683 636 quocunque
717 569 1016 632 incumbat,
1062 580 1114 623 et
1156 570 1399 638 pondere
1430 586 1532 626 suo
1559 571 1786 626 inclinet
1831 572 1925 625 im-

352 670 533 730 petus,
570 663 712 716 mole
738 677 934 731 aquam
966 664 1207 733 undique
1240 665 1294 718 in
1325 664 1492 720 altum
1522 665 1810 733 ejectanle.
1848 665 1925 719 Ea

353 750 421 805 de
458 765 623 807 causa
670 752 975 805 luculenter
1006 752 1298 809 admodum
1347 753 1611 810 describit
1654 754 1771 810 hate
1812 763 1922 809 tam

354 841 614 906 terriﬁca,
665 842 939 906 videlicet,
1000 842 1331 913 simulatque
1390 845 1619 913 spiritus
1672 847 1924 917 procellae

354 934 542 997 irruit,
576 934 816 989 elevatos
877 949 1000 990 esse
1041 934 1241 991 ﬂuctus
1302 938 1508 999 maris,
1562 938 1922 994 ascendentes

351 1040 526 1095 usque
549 1025 617 1078 ad
650 1027 842 1090 caelos,
873 1032 925 1080 et
952 1025 1347 1081 descendentes
1375 1042 1545 1097 usque
1570 1028 1634 1081 ad
1668 1030 1917 1100 abyssos.

352 1116 559 1173 Revera
588 1117 734 1173 enim
772 1117 961 1171 talium
997 1116 1256 1171 fluctuum
1287 1119 1344 1171 in
1374 1118 1543 1171 altum
1571 1118 1758 1183 elatio,
1795 1134 1923 1189 pas-

351 1212 589 1273 sionum,
622 1208 864 1276 inquam,
902 1206 1118 1271 ﬂuctus,
1168 1222 1334 1262 causa
1365 1207 1502 1262 ﬁunt
1526 1208 1825 1265 descensus
1865 1210 1920 1264 in

351 1302 630 1370 abyssum.
688 1300 933 1370 Abyssus
974 1306 1153 1354 autem
1200 1314 1344 1369 saepe
1390 1301 1443 1353 in
1489 1298 1773 1370 Scriptura
1818 1302 1924 1356 dae-

351 1406 571 1455 inenum
610 1390 981 1444 habitaculum
1019 1391 1316 1461 signiﬁcat.
1360 1392 1431 1444 At
1471 1393 1565 1461 qui
1598 1401 1922 1462 tempestate

353 1481 455 1535 hac
483 1487 538 1535 et
570 1481 881 1535 turbatione
911 1481 1286 1550 exagitantur,
1319 1484 1518 1538 mentis
1548 1483 1780 1552 impotes
1811 1499 1920 1553 prae

349 1568 579 1638 caligine
610 1567 938 1631 eﬁicinntur,
972 1570 1042 1624 ob
1072 1570 1422 1625 insolentiam
1466 1572 1782 1642 hujusmodi
1818 1590 1918 1628 na-

351 1655 665 1725 vigationis,
696 1657 854 1724 quasi
896 1656 966 1711 ob
1009 1658 1329 1714 ebrietatem
1370 1661 1546 1728 capite
1581 1662 1913 1719 laborantes.

350 1746 530 1816 lnquit
587 1749 730 1801 enim
765 1764 778 1800 :
810 1769 827 1799 ι
857 1748 1082 1803 Turbati
1132 1762 1259 1805 sunt
1311 1760 1365 1806 et
1426 1754 1555 1807 moli
1607 1762 1735 1810 sunt
1774 1754 1916 1810 sicut

346 1837 555 1892 ebrius.
590 1857 608 1888 ι
634 1836 736 1903 Qui
767 1854 896 1893 vero
925 1841 1096 1894 semel
1127 1840 1195 1895 de
1228 1850 1495 1911 potestate
1534 1845 1732 1899 mentis
1766 1845 1915 1914 deje-

347 1929 419 1982 cti
453 1939 600 1991 sunt,
638 1930 707 1985 iis
744 1932 953 1985 nullum
1005 1933 1244 2002 amplius
1290 1934 1530 2003 suppetit
1578 1935 1643 1988 ad
1684 1936 1913 1990 salutem

347 2020 660 2084 consilium,
691 2023 782 2076 sed
814 2023 991 2076 omnis
1022 2023 1238 2077 illorum
1269 2025 1536 2094 sapientia
1571 2025 1913 2098 naufragium

346 2110 503 2178 quasi
534 2111 662 2164 facit
691 2121 745 2165 et
780 2111 985 2164 interit.

417 2201 690 2267 Quocirca
721 2203 795 2256 ait
826 2221 839 2256 :
876 2222 893 2254 ι
925 2202 1117 2259 Omnis
1144 2203 1413 2273 sapientia
1441 2220 1630 2261 eorum
1659 2205 1916 2261 devorata

345 2300 450 2348 est.
490 2313 509 2345 ι
547 2294 734 2349 Denuo
757 2304 937 2351 autem
960 2305 1013 2351 et
1045 2296 1132 2352 his
1163 2311 1400 2367 quoque,
1432 2297 1525 2367 qui
1560 2299 1726 2353 tantis
1755 2300 1915 2354 malis

346 2384 752 2449 conﬂictantur,
783 2394 835 2440 et
861 2387 915 2441 in
955 2387 1319 2442 inextricabili
1354 2388 1665 2443 calamitate
1693 2404 1915 2444 versan-

345 2485 454 2541 tur,
508 2491 609 2530 vox
667 2477 827 2531 unica
873 2477 941 2530 ad
988 2476 1155 2531 Deum
1215 2478 1382 2532 inissa
1437 2480 1666 2533 salutem
1715 2480 1912 2533 affert:

348 2567 524 2637 inquit
565 2568 711 2624 enim
760 2587 773 2622 :
823 2567 1260 2622 «Clamaverunt
1309 2570 1376 2622 ad
1435 2569 1721 2624 Dominum
1790 2587 1912 2626 cum

344 2656 765 2721 tribulareutur,
806 2666 861 2712 et
906 2657 973 2711 de
1024 2657 1450 2714 necessitatibus
1498 2674 1687 2714 eorum
1727 2660 1916 2715 eduxit

2024 391 2102 462 τῷ
2133 392 2286 463 βάρει
2320 394 2353 463 ἡ
2402 392 2658 459 θάλαττα,
2709 394 2946 464 σχίζεται
2995 397 3111 450 κατ’
3138 395 3381 465 ἀνάγκην
3405 397 3475 465 τῇ
3507 394 3604 466 βία

2024 481 2119 537 τοῦ
2162 482 2489 552 πνεύματος,
2525 485 2765 556 ὅπουπερ
2800 483 2865 537 ἂν
2912 485 3157 557 ὲνσκήψῃ
3200 484 3387 555 βρίσας
3413 485 3443 536 ό
3469 483 3600 536 ἀνε-

2027 592 2145 647 μος,
2172 576 2270 645 τῆς
2290 574 2381 627 τοῦ
2417 575 2613 645 βάρους
2643 574 2971 643 ὲμπτὼσεως
3007 575 3156 629 ἔνθεν
3192 577 3285 629 καὶ
3318 575 3468 629 ἐνθεν
3502 576 3602 627 ἐπὶ

2023 666 2083 719 τὸ
2109 667 2219 721 ἄνω
2236 668 2297 721 τὸ
2335 667 2446 738 (45)
2480 667 2624 738 ὕδωρ
2640 666 3034 744 άναπτυούσης.
3060 665 3157 720 Διά
3185 666 3340 720 τοῦτο
3370 664 3600 736 προστί-

2024 755 2178 824 θησιν
2202 756 2444 826 ἐναργῶς
2494 756 2826 826 ὑπογράφων
2860 754 2931 808 τά
2964 754 3189 826 φοϐερὰ,
3224 754 3307 808 ὅτι
3338 752 3473 823 ὁμοῦ
3515 751 3600 822 τῷ

2023 847 2289 917 ἐνσκῆψαι
2331 847 2391 900 τὸ
2439 845 2654 917 πνεῦμα
2691 846 2790 917 τῆς
2843 845 3173 913 καταιγίδος,
3219 862 3238 895 ι
3280 841 3468 912 ὑψώθη
3525 840 3600 893 τὰ

2022 937 2242 1008 κύματα
2287 957 2305 990 ι
2340 939 2437 1009 τῆς
2473 937 2748 1007 θαλάσσης
2772 955 2790 988 ι
2821 935 3177 989 ἀναϐαίνοντα
3209 934 3313 997 ἕως
3361 932 3476 986 τῶν
3496 932 3597 984 ού-

2025 1029 2219 1098 ρανῶν,
2270 1029 2365 1082 καὶ
2416 1027 2808 1081 καταϐαίνοντα
2849 1026 2953 1089 ἕως
2980 1026 3090 1078 τῶν
3132 1023 3402 1077 ἀϐύσσων.
3446 1040 3465 1075 ι
3500 1020 3596 1090 Τῷ

2021 1116 2133 1170 ὄντι
2160 1118 2268 1188 γάρ
2300 1120 2334 1187 ἡ
2366 1118 2444 1180 εἰς
2465 1118 2525 1169 τὸ
2553 1116 2681 1184 ὕψος
2708 1115 2817 1168 τῶν
2844 1113 3094 1167 τοιούτων
3125 1111 3382 1182 κυμάτων
3419 1109 3599 1180 ἐπαρ-

2024 1224 2126 1273 σις,
2168 1208 2311 1276 λέγω
2340 1209 2403 1278 δὴ
2442 1207 2510 1259 τὰ
2558 1208 2666 1258 τῶν
2707 1204 2892 1259 παθῶν
2946 1203 3186 1273 κύματα,
3215 1203 3314 1271 τῆς
3354 1202 3433 1263 εἰς
3492 1200 3600 1270 τὴν

2021 1297 2253 1351 ἄϐυσσον
2275 1297 2623 1357 καταϐάσεως
2652 1295 2799 1348 αἴτια
2823 1295 3052 1363 γίνεται.
3080 1292 3345 1346 Ἀϐυσσον
3370 1291 3425 1344 δὲ
3464 1290 3601 1343 πολ-

2020 1387 2157 1456 λαχῆ
2207 1388 2305 1458 τῆς
2327 1384 2569 1457 Γραφῆς,
2609 1385 2669 1438 τὸ
2694 1386 2802 1438 τῶν
2827 1372 3094 1454 δαιμόνων
3126 1382 3441 1451 ἐνδιαίτημα
3495 1397 3597 1449 με·

2024 1480 2367 1550 μαθήκαμεν.
2423 1477 2487 1533 Οἱ
2521 1478 2576 1531 δὲ
2607 1480 2672 1548 τῇ
2712 1479 2919 1547 ταραχῇ
2972 1473 3142 1545 ταύτῃ
3182 1470 3274 1526 καὶ
3320 1472 3395 1542 τῷ
3446 1471 3597 1541 σάλῳ

2019 1570 2127 1623 τῶν
2168 1569 2424 1640 κυμάτων
2475 1569 2979 1639 ὲγκυματισθέντες,
3010 1566 3271 1637 ἔκφρονες
3310 1564 3413 1617 ὑπὸ
3465 1580 3598 1615 σκο-

1949 1630 1993 1689 B
2020 1630 2526 1731 TdJOEwC'TlVO‘ITat;
2574 1630 2826 1730 καθάπερ
2870 1659 2975 1713 ὑπὸ
3007 1630 3176 1728 μέθης
3208 1657 3306 1726 τῆς
3333 1654 3474 1708 κατὰ
3499 1654 3603 1707 τὸν

2019 1751 2185 1805 πλοῦν
2205 1752 2295 1805 τὸν
2310 1751 2543 1804 τοιοῦτον
2558 1750 2748 1820 ἀηδίας
2768 1747 3249 1819 καρηϐαρήσαντες
3266 1762 3278 1774 ·
3313 1764 3331 1797 ι
3362 1745 3598 1814 Ἐταράα

2018 1841 2222 1911 χθησαν
2245 1860 2262 1891 ι
2283 1839 2410 1912 γὰρ,
2433 1858 2505 1910 φη
2515 1841 2647 1905 σὶν,‹
2675 1836 2768 1892 καὶ
2784 1837 3168 1906 ὲσαλεύθησαν,
3188 1836 3263 1898 ὡς
3277 1837 3304 1887 ὁ
3320 1834 3551 1904 μεθύων.
3571 1852 3595 1883 ι

2018 1935 2080 1986 Ol
2109 1933 2165 1985 δὲ
2193 1931 2339 1996 ἅπαξ
2387 1930 2479 1984 τοῦ
2506 1933 2720 2001 φρονεῖν
2746 1928 2849 1993 ἔξω
2882 1928 3182 1998 γενόμενοι,
3213 1925 3465 1995 οὐδεμιᾶς
3499 1926 3597 1976 εύ-

2019 2022 2241 2093 ποροῦσι
2295 2021 2429 2090 πρὸς
2491 2020 2762 2091 σωτηρίαν
2795 2018 3004 2089 βουλῆς,
3056 2016 3213 2070 Ἀλλά
3260 2015 3603 2085 προναυαγετ

2017 2114 2194 2168 αὐτῶν
2224 2116 2256 2183 ἡ
2292 2113 2452 2183 σοφία
2480 2113 2573 2165 καὶ
2598 2110 3017 2183 προαπόλλυται.

2087 2206 2184 2258 Διά
2216 2205 2371 2258 τοῦτό
2432 2220 2615 2274 φησιν,
2649 2203 2731 2256 ὄτι
2780 2202 2872 2256 καὶ
2907 2219 2926 2252 ι
2962 2199 3170 2268 πᾶσαή
3212 2197 3368 2265 σοφία
3410 2194 3599 2250 αὐτῶν

2017 2297 2310 2367 κατεπόθη.
2344 2315 2363 2349 ι
2400 2296 2511 2350 Kal
2543 2295 2722 2360 πάλιν,
2756 2294 2851 2346 καὶ
2892 2291 3096 2345 τούτων
3126 2293 3180 2344 ὲν
3205 2288 3476 2349 τοσούτοις
3501 2304 3598 2353 γε-

2016 2389 2250 2457 γονότων
2287 2390 2496 2451 κακοῖς,
2532 2386 2685 2449 λύσις
2711 2386 2915 2455 γίνεται
2944 2384 3042 2455 τῆς
3073 2382 3352 2452 ἀμηχάνου
3386 2379 3595 2449 ταύτης

2014 2478 2409 2546 ταλαιπωρίας,
2445 2477 2477 2547 ἡ
2506 2476 2640 2547 πρὸς
2669 2474 2730 2528 τὸ
2761 2474 2912 2527 Θεῖον
2946 2473 3053 2541 (46)
3076 2472 3250 2541 φωνή.
3281 2487 3299 2520 ι
3323 2469 3593 2539 Ἐχέκρα-

2017 2569 2113 2635 ξαν
2159 2589 2176 2621 ι
2223 2570 2349 2641 γὰρ,
2397 2569 2552 2638 φησὶ,
2588 2587 2608 2619 ι
2644 2566 2777 2636 πρὸς
2804 2564 3008 2636 Κύριον
3066 2566 3125 2615 ὲν
3175 2560 3252 2632 τῷ
3310 2560 3593 2613 θλίϐεσθαι

2016 2661 2231 2724 αὐτοὺς,
2249 2662 2341 2713 καὶ
2356 2663 2419 2713 ὲκ
2443 2659 2549 2711 τῶν
2571 2657 2823 2726 ἀναγκῶν
2837 2654 3013 2710 αὐτῶν
3033 2654 3297 2724 ἐξήγαγεν
3319 2651 3535 2714 αύτούς.
3567 2669 3608 2701 ι.

343 2762 459 2801 eos.
490 2765 510 2799 ι
544 2746 608 2800 Et
639 2747 935 2817 derepente
981 2748 1142 2803 turbo
1184 2747 1274 2804 ille
1306 2751 1361 2803 iu
1394 2764 1585 2804 auram
1618 2751 1912 2807 secundam

2023 2750 2126 2805 Kal
2143 2751 2480 2821 παραχρῆμα
2497 2750 2528 2818 ή
2552 2747 2803 2816 καταιγὶς
2820 2747 2899 2808 είς
2925 2743 3137 2814 πνεῦμα
3157 2740 3459 2813 μετεϐλήθη
3477 2741 3593 2810 (47)

344 2850 397 2892 et
453 2839 784 2909 navigationi
841 2839 1092 2895 idoneam
1150 2854 1452 2897 conversus
1515 2848 1623 2906 est,
1681 2858 1915 2913 moxque

2023 2840 2181 2912 φορόν
2210 2857 2268 2892 τε
2319 2839 2414 2893 καὶ
2472 2838 2713 2907 πλώϊμον
2741 2836 2874 2907 (48),
2912 2835 3005 2888 καὶ
3038 2832 3350 2903 γαληνιάζει
3390 2834 3453 2884 ὲκ
3480 2832 3596 2883 τῶν

346 2929 735 2999 tranquillatur
766 2943 797 2982 a
839 2930 997 2984 sa-vis
1029 2929 1287 2987 ﬂuctibus
1334 2947 1504 2995 mare,
1548 2930 1703 3003 grata
1733 2934 1915 3003 quiete

2023 2931 2278 3000 κυμάτων
2338 2930 2829 3002 καταστορεσθεῖσα
2881 2927 2947 2981 δι’
2994 2925 3225 2997 ἡσυχίας
3255 2926 3288 2994 ἡ
3322 2922 3590 3025 θάλασσα.

345 3029 576 3074 stratum
627 3028 681 3074 et
732 3032 1005 3091 pacatum.
1042 3041 1060 3073 ι
1101 3023 1299 3079 Statuit
1346 3026 1640 3095 procellam
1696 3027 1815 3096 ejus
1861 3027 1915 3081 in

2025 3040 2043 3072 ι
2087 3022 2319 3092 Ἔστησε
2343 3038 2361 3071 ι
2391 3020 2518 3089 γὰρ,
2566 3020 2717 3089 φησὶ,
2752 3038 2771 3071 ι
2809 3016 2904 3089 τὴν
2944 3015 3229 3084 καταιγίδα
3268 3014 3348 3076 είς
3392 3010 3594 3080 αὖραν,

345 3124 559 3173 auram,
592 3130 609 3161 ι
680 3110 898 3181 inquit,
971 3131 990 3164 ι
1028 3122 1081 3170 et
1144 3116 1417 3171 siluerunt
1471 3116 1670 3172 fluctus
1716 3119 1855 3188 ejus.
1892 3139 1910 3171 ι

2023 3113 2112 3166 xal
2135 3112 2392 3182 ἐσίγησαν
2432 3111 2501 3164 τά
2544 3111 2762 3182 κύματα
2796 3108 2984 3178 αὐτῆς.
3014 3108 3280 3181 »Τάχατῷ
3301 3105 3400 3175 τῆς
3429 3103 3593 3171 σιγῆς

346 3199 620 3257 Fortassis
677 3202 869 3258 silendi
942 3207 1205 3262 vocabulo
1255 3208 1453 3274 innuit,
1521 3209 1721 3266 ﬂuctus
1781 3213 1916 3267 nihil

345 3293 491 3348 aliud
525 3309 670 3360 esse,
716 3311 877 3366 quam
911 3300 1259 3368 appetitrices
1293 3301 1558 3371 quasdam
1602 3303 1911 3371 facultates,

345 3387 545 3456 quibus
576 3396 826 3444 naturam
867 3390 1218 3445 descrtricem
1263 3400 1315 3446 et
1347 3391 1653 3468 desciscere
1682 3410 1914 3452 consue—

343 3488 454 3533 tam
503 3480 728 3548 indicat,
775 3482 864 3537 cui
909 3483 1176 3539 Dominus
1214 3483 1268 3538 in
1323 3483 1648 3555 Evangelio:
1688 3507 1706 3538 ε
1743 3488 1909 3553 Tace,

342 3571 737 3627 obmutesce“.
776 3592 796 3624 ι
845 3574 1047 3627 Auram
1098 3574 1333 3644 appellat
1377 3576 1604 3645 spiritus
1657 3579 1909 3647 gratiam,

340 3674 462 3728 quae
513 3661 682 3717 rectis
737 3662 1188 3733 cogitationibus,
1238 3667 1395 3734 quasi
1459 3666 1625 3726 malo,
1675 3666 1911 3720 animam

341 3750 525 3805 divino
549 3754 727 3821 portui
756 3753 1004 3822 appellit,
1027 3755 1398 3823 gubernacula
1424 3757 1636 3811 ratione
1669 3764 1908 3824 tenente,

339 3848 395 3894 et
447 3841 514 3895 ad
570 3843 970 3911 navigationem
1012 3843 1300 3913 dirigente.
1347 3846 1486 3900 Dicit
1525 3847 1669 3901 enim
1702 3864 1714 3900 :
1752 3865 1770 3899 ¢
1807 3846 1912 3902 De-

340 3932 500 3986 duxit
528 3947 624 3988 eos
663 3934 718 3986 in
760 3942 977 4002 portum
1008 3936 1308 3992 voluntatis
1342 3953 1552 3991 eorum.
1589 3956 1606 3990 ι
1654 3937 1751 3994 llis
1789 3938 1913 3992 ﬁni-

340 4022 413 4076 tis
454 4036 650 4076 rursus
680 4022 909 4090 gratiam
957 4035 985 4072 a
1021 4024 1221 4090 popqu
1265 4033 1318 4077 et
1356 4022 1602 4079 Ecclesia
1650 4025 1911 4080 celebrari

336 4112 514 4179 jubet,
563 4119 773 4166 tantum
808 4128 917 4166 non
959 4114 1240 4181 praesentis
1283 4114 1541 4169 Ecclesiae
1578 4123 1779 4170 statum
1817 4117 1915 4171 de-

339 4204 613 4265 scribens,
656 4219 783 4258 cum
819 4204 895 4269 ait
951 4205 1066 4258 haec
1100 4201 1195 4258 Dei
1239 4204 1513 4259 mirabilia
1565 4206 1619 4258 in
1651 4206 1910 4261 cathedra

2016 3203 2239 3274 όνόματι
2269 3201 2653 3272 προαιρετικάς
2693 3216 2842 3263 τινας
2878 3193 3017 3251 εἶναι
3041 3196 3295 3266 δυνάμεις
3332 3193 3594 3263 σημαίνει

2014 3293 2083 3346 τὰ
2113 3291 2332 3363 κύματα
2351 3310 2363 3324 ·
2384 3292 2449 3345 δι’
2471 3285 2545 3344 ὧν
2571 3292 2669 3359 τὴν
2710 3290 3082 3360 ἀποστατικὴν
3119 3285 3280 3358 φύσιν
3314 3287 3593 3340 ἐνδείκνυ-

2014 3400 2129 3446 ται,
2149 3384 2284 3452 πρὸς
2302 3384 2367 3451 ἦν
2382 3378 2534 3435 εἷπεν
2554 3382 2610 3434 ὲν
2624 3381 2700 3451 τῷ
2725 3381 3035 3451 Εὐαγγελίῳ
3049 3382 3077 3433 ὁ
3094 3379 3312 3450 Κύριος,
3336 3397 3354 3428 ι
3375 3376 3589 3442 Σιώπα,

2016 3473 2320 3543 πεφίμωσο.
2349 3491 2366 3524 ι
2388 3471 2571 3544 Λύραν
2586 3472 2641 3525 δὲ
2667 3471 2814 3540 λέγει
2831 3472 2929 3541 τὴν
2951 3471 3043 3523 τοῦ
3080 3469 3381 3539 πνεύματος
3403 3468 3591 3538 χάριν,

2013 3565 2047 3635 ἢ
2093 3563 2181 3616 διὰ
2219 3562 2328 3616 τῶν
2382 3562 2589 3633 νοητῶν
2638 3563 2817 3616 ἱστίων
2865 3560 2976 3631 (49)
3009 3561 3087 3630 τῷ
3116 3560 3243 3630 θείῳ
3287 3559 3463 3629 λιμένι
3487 3558 3595 3629 τὴν

2012 3655 2190 3725 ψυχὴν
2227 3654 2521 3726 ὲνορμίζει,
2577 3652 2948 3725 κυϐερνῶντος
2984 3650 3077 3704 τοῦ
3108 3651 3290 3719 λόγου,
3321 3649 3415 3703 καὶ
3452 3647 3593 3717 πρὸς

2012 3746 2102 3798 τὸν
2144 3745 2309 3799 πλοῦν
2348 3745 2783 3808 κατευθύνοντος.
2824 3762 2842 3795 ι
2889 3744 3148 3816 Ὠδήγησε
3183 3761 3201 3794 ι
3227 3741 3357 3812 γὰρ,
3399 3742 3590 3809 φησὶν,

2018 3856 2037 3888 ι
2071 3836 2266 3899 αὐτοὺς
2295 3836 2387 3888 ἐπὶ
2407 3835 2599 3905 λιμένα
2627 3834 2925 3905 θελήματος
2947 3833 3152 3887 αὐτῶν.
3172 3851 3189 3885 ι
3221 3833 3340 3886 Ἐπὶ
3376 3829 3595 3894 τούτοις

2015 3926 2175 3979 πάλιν
2209 3926 2466 3995 ἀνυμνεῖν
2496 3925 2597 3996 τὴν
2625 3922 2784 3995 χάριν
2818 3923 3183 3977 διακελεύεται
3214 3921 3341 3974 λαόν
3392 3936 3452 3972 τε
3494 3922 3594 3973 καὶ

2027 4016 2351 4087 Ἐκκλησίαν
2372 4033 2386 4049 ·
2430 4016 2587 4086 μόνον
2627 4014 2747 4084 οὐχὶ
2778 4013 2877 4080 τὴν
2898 4011 3178 4084 παροῦσαν
3205 4010 3313 4064 τῶν
3355 4009 3593 4080 Ἐκκλη-

2015 4107 2145 4160 σιῶν
2176 4107 2505 4176 ὑπογράφων
2526 4104 2603 4175 τῷ
2623 4104 2765 4175 λόγῳ
2788 4103 3229 4166 κατάστασιν,ὅτι
3253 4102 3311 4153 ὲν
3361 4102 3428 4168 τῇ
3462 4098 3595 4151 καθ-

2014 4201 2144 4272 έδρᾳ
2171 4201 2279 4254 τῶν
2302 4199 2731 4271 προηγουμένων
2751 4196 2845 4250 τοῦ
2873 4196 3029 4264 λόγου
3047 4194 3157 4265 (50)
3177 4191 3349 4247 ταῦτα
3383 4190 3595 4261 κηρύσ-

341 4290 649 4360 principum
692 4289 996 4352 decantari,
1031 4304 1127 4358 per
1158 4304 1278 4359 quae
1308 4289 1438 4345 ﬁdes
1474 4290 1526 4344 in
1572 4290 1909 4346 audientittm

2023 4309 2167 4344 σεται
2204 4291 2297 4346 τοῦ
2330 4289 2464 4344 Θεοῦ
2495 4288 2563 4343 τὰ
2596 4286 2893 4359 θαυμάσια,
2926 4287 2993 4340 δι’
3020 4280 3146 4356 ὧνή
3183 4285 3362 4347 πίστις
3396 4281 3593 4351 βεϐαία

339 4382 539 4437 animis
577 4383 954 4436 conﬁrmatur.
1002 4380 1168 4435 Addit
1212 4381 1356 4435 enim
1389 4399 1404 4436 :
1440 4399 1460 4433 ι
1494 4381 1743 4436 Exaltent
1785 4397 1908 4437 eum

340 4471 394 4523 in
458 4469 696 4525 ecclesia
736 4472 931 4539 plebis,
977 4479 1029 4526 et
1066 4471 1120 4525 in
1157 4471 1411 4525 cathedra
1459 4473 1738 4528 seniorum
1791 4474 1909 4528 lau-

338 4560 470 4613 dent
498 4575 624 4615 eum
659 4577 673 4613 :
715 4578 735 4611 ι
774 4562 1164 4634 subjungitque
1193 4563 1490 4634 gratiarum
1524 4564 1757 4621 actionis
1789 4580 1912 4620 eau-

340 4665 453 4713 sas,
514 4649 661 4719 quod
720 4651 930 4707 scilicet
991 4669 1021 4706 a
1079 4653 1187 4710 Deo
1243 4653 1491 4720 ﬁumina,
1537 4656 1643 4709 alia
1691 4656 1910 4725 quidem

338 4749 697 4806 enascuntur,
748 4742 853 4797 alia
890 4744 1195 4810 intereunt;
1244 4760 1369 4798 nam
1419 4745 1642 4801 ﬁumina
1692 4748 1912 4802 malitiae

340 4832 695 4888 exsiccantur
737 4841 792 4888 ct
849 4835 1160 4901 abolentur,
1210 4847 1264 4889 at
1300 4836 1565 4890 virtutum
1617 4836 1819 4893 ﬂuenta
1858 4844 1913 4893 et

339 4924 541 4989 exitus,
584 4926 700 4981 loca
728 4942 970 4997 eousque
996 4927 1193 4982 ardore
1222 4935 1418 4982 exusta
1449 4928 1677 4999 irrigant
1710 4969 1723 4982 .
1763 4947 1781 4980 ι
1807 4926 1914 4982 Po-

341 5014 450 5067 suit
480 5012 707 5069 ﬂumina
740 5015 793 5069 in
814 5016 1112 5079 desertum,
1143 5035 1161 5066 ι
1188 5014 1385 5087 inquit,
1423 5034 1442 5067 ι
1470 5025 1523 5071 et
1542 5017 1720 5070 exitus
1743 5030 1913 5085 aqua-

340 5119 463 5161 rum
492 5107 546 5160 in
571 5107 745 5162 sitim.
781 5124 798 5160 ι
832 5104 1085 5162 Flumina
1117 5117 1275 5163 vocat
1313 5108 1629 5179 passionum
1660 5107 1909 5173 amuxus,

417 5260 461 5291 ⁸⁸
493 5258 660 5317 Marc.
701 5277 776 5326 IV,
802 5262 889 5318 59.

414 5430 526 5496 (45)
567 5432 640 5483 Τὸ
673 5446 780 5485 om.
816 5434 904 5489 ed.

417 5499 661 5565 (ιυντδν
681 5500 833 5563 Θεὸν,
858 5505 943 5557 ed.

302 5571 309 5580 '
418 5566 529 5637 (47)
558 5569 897 5644 Κατεϐλήθη,
933 5576 1022 5631 cd.

2012 4382 2218 4450 γίνεται
2246 4385 2356 4446 τοῖς
2384 4381 2692 4435 ἀκούουσιν.
2716 4399 2735 4431 ι
2769 4378 3170 4449 Ὕψωσάτωσαν
3206 4394 3223 4427 ι
3241 4378 3370 4445 γὰρ,
3398 4375 3589 4444 φησὶν,

1960 4458 1971 4468 ’
2018 4492 2038 4525 ι
2075 4473 2255 4538 αὐτὸν,
2288 4473 2346 4525 ὲν
2377 4472 2641 4542 ἐκκλησία
2689 4468 2842 4535 λαοῦ,
2871 4470 2965 4523 καὶ
2993 4470 3052 4521 ὲν
3074 4467 3311 4537 καθέδρᾳ
3346 4466 3592 4538 πρεσϐυο

2012 4565 2185 4636 τέρων
2224 4564 2593 4618 αίνεσάτωσαν
2643 4561 2823 4617 αὐτόν.
2883 4580 2902 4613 ι
2956 4561 3067 4613 Καὶ
3108 4559 3429 4631 προστίθησι
3479 4559 3592 4612 τῶν

2013 4655 2370 4728 εὐχαριστιῶν
2405 4655 2503 4718 τὰς
2535 4653 2731 4718 αἰτίας,
2764 4653 2847 4706 ὅτι
2871 4651 3023 4723 παρά
3053 4651 3148 4703 τοῦ
3171 4650 3304 4703 Θεοῦ
3327 4650 3590 4718 ποταμοὶ,

2012 4750 2060 4800 οἱ
2086 4748 2184 4818 μὲν
2200 4747 2458 4815 γίνονται,
2483 4747 2532 4798 οί
2556 4745 2614 4798 δὲ
2638 4741 3073 4799 ἀπόλλυνται.τά
3091 4742 3189 4813 μὲν
3212 4741 3319 4813 γὰρ
3340 4740 3596 4812 ῥεύματα

2012 4836 2111 4906 τῆς
2142 4833 2742 4902 κακίαςεὲξαφανίζεται
2761 4850 2776 4866 ο
2804 4833 2860 4887 αι
2894 4832 2952 4885 δὲ
2977 4830 3086 4885 τῶν
3113 4831 3322 4909 ἀρετῶν
3344 4831 3591 4898 διέξοδοι,

2012 4929 2139 4990 τοὺς
2161 4927 2295 4989 τέως
2317 4925 2644 4996 αὐχμῶντας
2670 4922 3016 4988 ὲπικλύζουσι
3048 4922 3265 4986 τόπους.
3291 4939 3311 4973 ι
3338 4921 3533 4975 Ἕθετο
3567 4939 3586 4972 ι

2012 5015 2144 5088 γὰρ,
2191 5016 2342 5086 φησὶ,
2380 5032 2400 5067 ι
2453 5013 2731 5085 ποταμοὺς
2782 5015 2861 5077 είς
2904 5013 3127 5085 ἔρημον,
3178 5012 3272 5065 καὶ
3323 5010 3593 5077 διεξόδους

2015 5108 2219 5163 ὑδάτων
2237 5109 2314 5171 εἰς
2344 5105 2520 5162 δίψαν.
2547 5124 2565 5159 ι
2592 5105 2873 5169 Ποταιιοῦς
2897 5105 2952 5159 δὲ
2970 5105 3135 5175 λέγει,
3160 5104 3258 5169 τὰς
3276 5103 3385 5159 τῶν
3410 5102 3593 5174 παθη-

2092 5445 2200 5512 (48)
2234 5444 2395 5501 Forte
2424 5444 2690 5514 πρώῖμον.

2091 5514 2202 5581 (49)
2230 5513 2531 5583 Νοημάτων
2572 5513 2742 5582 ἱστίῳ,
2777 5516 2863 5571 cd.

2091 5585 2200 5654 (50)
2230 5584 2337 5635 Τοῦ
2372 5584 2524 5649 λόγου
2560 5598 2666 5637 οιιι.
2694 5583 2779 5636 ed.
