3800 5980
149 133 254 191 ιη

1520 139 1586 196 IN
1625 138 1964 198 PSALMOS.
3289 148 3393 204 478

153 248 333 320 μάτων
359 248 472 320 (51)
499 250 783 324 ὲπιῤῥοάς,
824 256 918 309 καὶ
943 256 1210 322 διεξόδους
1242 257 1469 323 ὑδάτων,
1497 257 1593 321 τὰς
1610 257 1718 311 τῶν

1826 266 1874 313 et
1910 258 2092 315 exitus
2148 245 2437 329 aquarum,
2490 260 2760 316 malorum
2803 263 3121 319 continuam
3152 280 3389 336 seriem;

150 341 332 396 κακῶν
378 342 716 408 ἀκολουθίας.
748 345 917 401 Ὅταν
946 348 1033 401 ἀεὶ
1079 350 1291 421 πονηρά
1316 353 1569 421 πονηροῖς
1597 350 1720 403 ἐπι-

151 435 506 498 συνάπτοντες
564 436 614 487 οε
664 435 974 507 ἄνθρωποι,
1030 439 1280 513 καθάπερ
1329 459 1380 494 τι
1404 441 1583 513 ῥεῦμα
1629 439 1722 494 τὸν

148 523 299 575 ὁλκὸν
312 524 412 594 τῆς
427 523 625 588 κακίας
652 525 1094 596 ἀπομηκύνωσιν.
1115 531 1272 584 Ἀλλά
1291 532 1385 584 καὶ
1408 532 1505 601 τὴν
1525 529 1678 601 «γῆν,
1697 548 1717 582 ι

149 613 329 683 φησὶν,
369 631 389 662 ι
424 615 792 685 καρποφόρον,
833 619 915 680 είς
958 619 1136 690 ἅλμην
1184 640 1202 672 ι
1235 621 1487 691 ἐποίησεν
1513 638 1527 651 θ
1557 623 1590 691 ἡ
1615 621 1723 692 γὰρ

148 702 250 754 τῶν
302 701 488 755 κακῶν
537 702 766 774 εὔφορος
808 703 953 777 ψυχὴ
1005 698 1449 779 μεταποιηθεῖσα,
1491 707 1724 778 διψώδης

148 792 361 861 ἐγένετο
390 833 406 856 ,
458 792 538 864 τῷ
578 793 706 863 θείῳ
751 795 905 849 ἆλατι
944 799 1041 868 τῆς
1084 798 1429 864 διδασκαλίας
1483 803 1723 872 ὲπαρτυ-

149 882 322 947 θεϊσα,
382 883 457 947 ὡς
519 885 714 954 μηκέτι
768 886 866 955 τὴν
917 888 1112 942 κακίαν
1159 890 1264 943 τῶν
1330 890 1723 945 κατοικούντων

148 974 403 1038 αὔξεσθαι
432 1017 447 1042 ,
512 978 633 1038 ταῖς
682 980 944 1047 πονηραῖς
1009 978 1115 1033 τῶν
1179 980 1399 1035 ὑδάτωνι
1438 982 1724 1052 ἐπιρροαῖς

146 1067 504 1138 τρεφομένην.
600 1068 884 1139 Ἀλμῶσαν
964 1070 1021 1125 δὲ
1080 1074 1176 1126 καὶ
1257 1072 1462 1143 διψώδη
1546 1072 1722 1143 ψυχὴν

146 1159 241 1228 τὴν
264 1159 326 1213 τὸ
353 1160 687 1230 μακαριστὸν
730 1160 879 1231 δίψος
917 1164 1310 1227 ἀναλαϐοῦσαν,
1338 1164 1534 1236 λίμνην
1572 1165 1723 1232 γενέ-

149 1250 268 1301 σθαι
293 1253 360 1323 τῇ
397 1256 670 1324 συστροφῇ
694 1254 803 1309 τῶν
830 1255 1037 1328 ἀρετῶν
1076 1254 1491 1324 πελαγίζουσαν.
1525 1274 1544 1305 ι
1574 1254 1725 1307 Ἔθε-

147 1358 206 1393 το
231 1360 249 1392 ι
266 1341 401 1412 γάρ,
435 1344 590 1412 φησὶ,
616 1363 634 1395 ι
660 1344 863 1416 ἔρημον
889 1348 969 1410 είς
988 1346 1180 1418 λίμνας
1200 1347 1407 1401 ὑδάτων
1436 1382 1452 1407 ,
1480 1346 1577 1400 καὶ
1619 1347 1720 1417 γῆν

146 1432 370 1504 ἄνυδρον
411 1435 493 1498 εἰς
534 1435 799 1501 διεξόδους
832 1438 1061 1493 ὑδάτων.
1100 1458 1119 1490 ι
1155 1438 1325 1492 Τοῦτο
1363 1437 1420 1490 δὲ
1456 1437 1608 1501 πόλις
1640 1437 1725 1506 γί-

146 1540 312 1590 νεται,
344 1527 414 1596 ἢν
446 1527 496 1579 οἱ
527 1527 783 1596 διψῶντες
812 1528 922 1600 (52)
958 1531 1056 1600 τὴν
1090 1529 1431 1599 δικαιοσύνην
1462 1527 1717 1582 οἰκοῦσιν.

148 1617 333 1679 Οὐδεὶς
366 1618 477 1687 γὰρ
503 1617 801 1691 ναυτιώδης
835 1639 893 1673 τε
915 1622 1009 1675 καὶ
1041 1622 1330 1692 ἀνόρεκτος
1348 1621 1447 1691 τῆς
1471 1620 1725 1691 τοιαύτης

148 1706 362 1778 λίμνης,
394 1710 492 1762 καὶ.
517 1709 623 1763 τῶν
654 1710 907 1765 τοιούτων
943 1711 1148 1765 ὑδάτων
1178 1712 1463 1782 πρόσοικος
1495 1711 1720 1780 γίνεται,

147 1798 419 1869 πλήσμιον
439 1801 497 1852 ὲν
516 1800 682 1872 κακίᾳ
700 1801 797 1873 τὴν
812 1802 989 1873 ψυχὴν
1011 1802 1368 1874 ἐπαγόμενος.
1394 1821 1411 1853 ι
1439 1801 1724 1873 Σπείρουσι

146 1887 200 1940 δὲ
248 1889 382 1952 τοὺς
423 1889 626 1958 ἀγροὺς
665 1892 758 1944 καὶ
806 1891 1098 1960 φυτεύουσι
1138 1893 1263 1957 τοὺς
1315 1893 1662 1963 ἀμπελῶνας.
1699 1911 1717 1941 ι

148 1976 256 2042 Τάς
290 1979 449 2043 Θείας
479 1981 699 2046 ἐντολὰς
727 1983 821 2036 καὶ
864 1984 961 2054 τὴν
1010 1984 1261 2055 ἐνάρετον
1309 1984 1580 2038 πολιτείαν
1611 1986 1723 2047 τοῖς

144 2069 411 2133 τοιούτοις
456 2070 826 2142 διασημαίνων
869 2074 1173 2145 αἰνίγμασι,
1200 2075 1429 2145 Σπέρμα
1472 2073 1579 2146 γὰρ
1627 2074 1725 2144 τῆς

148 2159 450 2231 μελλούσης
496 2164 828 2235 ἐπικαρπίας
883 2166 1028 2219 ἐστὶν
1062 2168 1094 2237 ἡ
1138 2165 1345 2236 ἐντολή.
1372 2166 1577 2239 ’Ἀρετὴ
1603 2165 1656 2218 δὲ
1690 2167 1723 2236 ἡ

144 2252 390 2324 ἄμπελος
422 2255 456 2325 ἡ
486 2254 575 2308 διὰ
606 2255 713 2309 τῶν
741 2255 973 2325 λογικῶν
1016 2256 1256 2329 βοτρύων
1284 2256 1362 2326 τῷ
1388 2256 1487 2326 τῆς
1534 2256 1726 2326 σοφίας

146 2345 381 2416 κρατῆρι
416 2346 509 2400 τὸν
543 2342 683 2401 οἶνον
717 2349 999 2419 ἐκχέουσα.
1035 2348 1217 2402 Ταῦτα
1253 2348 1307 2401 δὲ
1342 2348 1490 2402 οὐδὲν
1516 2347 1662 2415 ἄλλο,
1690 2348 1723 2419 ἢ

147 2436 398 2505 εὐλογίας
418 2437 622 2509 πλῆθός
645 2440 812 2495 ἐστιν,
842 2458 860 2491 ι
889 2440 1161 2509 Εὑλόγησε
1200 2459 1219 2493 ι
1263 2441 1389 2512 γὰρ,
1408 2439 1727 2512 φησὶν,ιαὺ-

146 2528 287 2592 τοὺς,
462 2528 877 2600 ὲπληθύνθησαν
917 2531 1142 2602 σφόδρα,
1179 2531 1274 2585 καὶ
1318 2530 1388 2583 τὰ
1419 2531 1592 2601 κτήνη
1622 2529 1724 2582 αὑο

143 2618 249 2673 τῶν
307 2619 413 2673 οὐκ
464 2619 811 2691 ὲσμίκρυνεν.
862 2640 878 2674 ι
926 2622 1112 2693 Κτήνη
1163 2621 1328 2690 λέγει,
1373 2621 1471 2691 τὴν
1509 2620 1726 2690 ὑποχεί-

145 2726 258 2778 ριον
308 2709 425 2763 τῶν
471 2710 574 2780 τῆς
626 2709 804 2782 ψυχῆς
860 2715 1172 2783 κινημάτων
1229 2712 1562 2784 ὑπηρεσίαν,
1597 2713 1725 2766 ὅταν

142 2799 281 2869 πρὸς
329 2799 533 2871 ἀρετὴν
566 2801 794 2854 ἕκαστον
824 2802 931 2855 τῶν
966 2804 1025 2855 ἐν
1068 2804 1199 2874 ἡμῖν
1247 2802 1725 2874 χρησιμεύῃοάγα-

141 2888 232 2942 θδν
266 2888 466 2960 κτῆνός
488 2890 634 2943 ἐστιν
661 2892 690 2944 ὀ
719 2889 908 2963 θυμὸς,
938 2892 1065 2944 ὅταν
1095 2891 1189 2945 τοῦ
1228 2891 1485 2962 λογισμοῦ
1524 2891 1723 2955 ὑποζύ-

138 2995 257 3044 γιον
312 2977 566 3048 γένηταιο
601 2979 788 3056 ἕτερον
837 2981 1079 3036 τοιοῦτον
1129 2982 1323 3054 κτῆνος
1361 2986 1392 3051 ὴ
1438 2981 1719 3051 ἐπιθυμία,

139 3066 532 3137 νωτοφοροῦσα
578 3068 779 3140 τρόπον
823 3069 945 3123 τινὰ
986 3070 1080 3123 καὶ
1120 3069 1459 3140 βαστάζουσα
1489 3070 1588 3141 τὴν
1625 3070 1726 3138 ψυ-

138 3157 263 3227 χὴν,
300 3159 398 3210 καὶ
428 3157 522 3211 ἐπὶ
554 3159 616 3210 τὸ
645 3157 776 3227 ὕψος
823 3159 1117 3228 ἀνάγουσα,
1143 3160 1272 3213 ὅταν
1304 3159 1398 3212 ἐπὶ
1431 3159 1500 3212 τὰ
1525 3158 1638 3213 ἄνω
1659 3160 1724 3229 τῇ

138 3250 270 3318 ἡνίᾳ
293 3248 408 3318 (55)
438 3250 536 3320 τῆς
564 3249 802 3315 διανοίας
829 3251 1137 3322 εὐθύνηται.
1174 3253 1284 3305 Καὶ
1304 3251 1373 3304 τὰ
1393 3251 1525 3305 ἄλλα
1551 3253 1726 3305 πάντα

139 3342 319 3411 κτήνη
347 3341 496 3393 ἐστὶν
547 3340 888 3412 αὐξανόμενα
931 3346 999 3415 τῇ
1042 3343 1289 3415 εὐλογίᾳ,
1316 3345 1439 3396 ὅταν
1488 3341 1624 3412 πρὸς
1659 3344 1727 3394 τὰ

141 3432 367 3501 μεγάλα
399 3433 621 3504 γένηται
646 3436 776 3505 ἡμῖν
813 3437 846 3505 ἡ
878 3435 1029 3507 παρά
1056 3429 1259 3489 τούτων
1287 3434 1578 3506 ὑπηρεσία.
1596 3429 1727 3487 Εἶτα

140 3527 369 3579 πάντων
413 3525 526 3579 τῶν
574 3527 879 3598 εἰρημένων
914 3526 1384 3595 ἀνακεφαλαίωσιν
1409 3527 1465 3579 ἐν
1497 3526 1575 3597 τῷ
1601 3527 1727 3595 ἐφε-

140 3617 240 3686 ξῆς
269 3618 504 3670 ποιεῖται
551 3616 712 3688 λόγῳ.
746 3618 1103 3688 Πολυτρόπως
1133 3619 1240 3689 γὰρ
1263 3618 1333 3670 τά
1359 3634 1417 3670 τε
1452 3617 1597 3686 πάθη
1624 3616 1729 3669 διε-

142 3706 382 3771 ξελθὼν,
407 3707 617 3772 καὶτὰς
662 3708 808 3772 θείας
841 3709 1156 3781 εὐεργεσίας
1185 3709 1276 3762 ὑπ’
1315 3707 1435 3777 ὄψιν
1463 3709 1693 3777 ποιήσας
1712 3722 1725 3736 ο

141 3797 268 3849 νυνὶ
322 3796 391 3849 δι’
452 3797 631 3864 ὀλίγου
673 3796 833 3850 πάλιν
883 3794 1255 3867 ἐκπεριλαϐὼν
1298 3794 1410 3866 (54)
1464 3793 1732 3859 ἀνακεφα-

141 3874 397 3941 λαιοῦται
422 3885 499 3955 τῷ
523 3885 686 3956 λόγῳ.
719 3887 807 3939 Ἐν
832 3880 911 3949 οἷς
937 3901 1101 3957 φησιν
1128 3925 1144 3952 ,
1188 3885 1268 3939 ὅτι
1292 3903 1314 3939 ι
1338 3881 1729 3951 Ὠλιγώθησαν,

142 3979 243 4032 καὶ
274 3975 642 4044 ἐκακώθησαν
687 3976 795 4030 ἀπὸ
829 3975 1059 4046 θλίψεως
1096 3974 1280 4029 κακῶν
1324 3974 1418 4028 καὶ
1450 3972 1660 4043 ὀδύνης.
1705 3990 1724 4024 ι

144 4069 248 4122 Διά
295 4069 399 4139 μὲν
431 4067 523 4120 τοῦ
574 4068 755 4137 ὀλίγου
805 4066 1084 4139 σημαίνων
1129 4066 1229 4138 τὴν
1263 4066 1606 4138 βραγύτητα,
1636 4064 1732 4118 καὶ

142 4163 248 4231 τὴν
275 4159 578 4231 γενομένην
612 4158 723 4214 ἀπὸ
750 4157 842 4212 τοῦ
874 4157 1041 4228 ὕψους
1068 4173 1128 4210 τε
1149 4157 1244 4209 καὶ
1276 4155 1539 4226 μεγέθους
1565 4156 1645 4218 εἰς
1669 4154 1731 4207 τὸ

1823 350 2044 421 quando
2072 351 2322 407 homines
2350 351 2492 405 mala
2527 351 2690 408 malis
2719 355 3149 421 accumulantes,
3181 365 3236 412 et
3258 371 3393 411 con-

1824 449 2105 497 nectentes
2130 441 2370 498 ﬂuminis
2403 444 2596 509 instar,
2619 445 2830 500 alveum
2861 448 3225 517 improbitatis
3253 463 3391 503 con-

1823 532 2038 587 tinuant
2069 542 2123 588 et
2150 534 2453 605 proferunt.
2489 535 2757 591 Caeterum
2791 545 2991 592 terram
3021 554 3240 610 quoque
3272 538 3392 594 fru-

1822 623 2073 679 ctiferam
2105 625 2158 679 in
2194 626 2525 698 salsuginem
2560 643 2883 685 conversam
2917 632 3025 698 ait;
3067 647 3191 686 nam
3215 630 3394 686 anima

1824 713 2088 768 malorum
2123 713 2377 781 fecunda,
2408 731 2532 771 cum
2564 726 2929 775 transmutata
2964 729 3068 786 est,
3109 723 3391 779 siticulosa

1822 818 2040 874 quoque
2090 804 2344 870 edicitur,
2392 821 2690 878 conspersa
2735 810 2920 866 divino
2961 810 3224 867 doctrinae
3256 813 3392 878 sale,

1823 903 1882 948 ut
1914 913 1980 951 ne
2008 897 2240 966 amplius
2281 898 2610 969 improbitas
2633 901 2767 956 inibi
2800 901 3112 972 degentium
3154 911 3389 969 crescat,

1823 988 1991 1058 rigata
2029 998 2084 1044 et
2110 990 2235 1044 alita
2268 991 2448 1046 noxiis
2480 1006 2746 1061 aquarum
2777 992 3234 1050 conﬂuxionihus.
3270 993 3394 1049 Sal-

1823 1078 2134 1148 suginosam
2164 1093 2292 1133 vero
2313 1086 2367 1133 et
2396 1080 2728 1136 siticulosam
2754 1082 3015 1147 animam,
3045 1097 3207 1153 quam
3234 1086 3390 1139 beata

1825 1168 1912 1222 illa
1972 1172 2093 1227 sitis
2154 1182 2417 1242 occupat,
2483 1173 2729 1229 converti
2788 1174 2945 1228 docet
3004 1176 3393 1230 exercitatione

1823 1258 2090 1313 virtutum
2121 1260 2177 1314 in
2210 1268 2458 1330 stagnum
2491 1276 2777 1331 aquarum,
2810 1261 2979 1317 maris
3011 1262 3273 1319 assimile.
3304 1262 3393 1316 Ait

1822 1350 1967 1404 enim
2004 1367 2017 1404 :
2060 1368 2078 1402 ι
2107 1347 2296 1406 Posuit
2340 1351 2616 1407 desertum
2670 1353 2726 1406 in
2775 1362 2965 1423 stagna
3002 1367 3291 1423 aquarum,
3338 1364 3393 1409 et

1824 1447 2028 1495 terram
2071 1441 2189 1496 sine
2225 1456 2368 1511 aqua
2400 1441 2456 1495 in
2484 1442 2666 1498 exitus
2691 1457 2979 1514 aquarum.
3017 1462 3037 1495 ι
3071 1442 3186 1498 Hoc
3210 1449 3390 1498 autem

1825 1538 2077 1601 stagnum
2109 1532 2241 1587 urbs
2276 1532 2335 1586 fit
2355 1547 2518 1603 quam
2554 1534 2819 1596 incolunt,
2850 1535 2944 1605 qui
2970 1534 3237 1605 justitiam
3258 1550 3392 1590 esu-

1830 1622 2014 1689 rinnt;
2083 1623 2271 1679 nullus
2327 1624 2472 1679 enim
2532 1625 2957 1680 nauseabundus
3016 1625 3394 1695 appetitusque

1825 1728 2042 1783 expers,
2076 1716 2255 1784 stagni
2286 1714 2449 1784 hujus
2479 1724 2533 1770 et
2562 1716 2754 1771 harum
2797 1731 3062 1786 aquarum
3094 1716 3278 1771 accola
3312 1717 3389 1780 lit,

1824 1818 1948 1858 cum
1996 1812 2231 1858 mentem
2286 1806 2589 1862 sceleribus
2635 1806 2888 1862 refertam
2927 1805 3393 1861 alferatJSerunt

1826 1910 1956 1949 vero
1999 1910 2183 1965 agros.
2224 1903 2278 1949 et
2326 1897 2577 1964 plantant
2606 1897 3075 1963 vineasaQuibus
3102 1882 3390 1952 verborum

1826 1984 2123 2040 involucris
2153 1985 2337 2040 divina
2358 1997 2650 2056 praecepta,
2673 1994 2727 2042 et
2756 2002 2898 2054 eam,
2935 2002 3055 2056 quae
3089 1987 3389 2042 secundum

1825 2076 2080 2131 virtutem
2124 2083 2230 2138 est,
2276 2077 2491 2132 vivendi
2547 2080 2813 2135 rationem
2868 2078 3158 2148 signiﬁcat.
3198 2077 3394 2133 Semen

1824 2164 1969 2218 enim
2002 2163 2197 2220 futurae
2233 2168 2429 2222 messis
2458 2174 2544 2222 est
2574 2178 2900 2238 praeceptum
2934 2188 2948 2223 :
2980 2169 3176 2234 virtus,
3212 2168 3391 2231 vinea,

1825 2268 1945 2321 qua:
1984 2267 2080 2322 per
2110 2254 2407 2310 rationales
2444 2256 2631 2312 IlOll‘OS
2662 2257 2940 2327 sapientiae
2982 2257 3176 2326 poculo
3206 2255 3391 2310 vinum

1826 2343 2055 2399 allundit
2100 2363 2111 2398 :
2154 2346 2353 2414 quibus
2398 2347 2654 2402 omnibus
2709 2347 2846 2402 nihil
2898 2346 3047 2401 aliud
3108 2346 3396 2410 innuitnr,

1825 2451 1987 2509 quam
2038 2436 2434 2492 benedictionis
2485 2437 2843 2492 abundantia.
2882 2438 2970 2491 Ait
3012 2437 3155 2493 enim
3191 2455 3204 2490 :
3241 2454 3261 2488 ι
3293 2435 3395 2492 Bc—

1825 2526 2035 2580 nedixit
2066 2526 2192 2591 illis,
2234 2535 2288 2581 et
2320 2526 2664 2595 multiplicati
2696 2536 2823 2581 sunt
2856 2526 3034 2589 valde.
3070 2532 3124 2580 et
3148 2526 3397 2595 jumenta

1823 2632 2008 2676 eorum
2058 2634 2166 2673 non
2228 2619 2539 2672 minoravit.
2572 2637 2589 2668 ι
2627 2615 2881 2673 Iumenta
2931 2617 3168 2688 appellat
3212 2616 3398 2686 subje-

1822 2719 1968 2762 ctum
1999 2710 2196 2764 animae
2233 2711 2536 2764 motionum
2581 2709 2973 2771 ministerium,
3004 2724 3127 2763 cum
3169 2707 3399 2778 quodvis

1824 2798 2041 2851 illorum
2103 2799 2170 2853 ad
2216 2799 2478 2853 virtutem
2524 2798 2683 2853 nobis
2723 2797 3013 2853 conducat.
3060 2797 3267 2852 Bonum
3309 2796 3399 2865 ju-

1827 2897 2068 2944 mentum
2099 2897 2183 2945 est
2210 2890 2312 2953 ira,
2353 2890 2571 2960 quando
2601 2889 2802 2946 rationi
2847 2889 3206 2957 obtemperat.
3235 2887 3399 2942 Aliud

1828 2978 2070 3047 ejusdem
2129 2981 2346 3049 generis
2371 2981 2677 3050 jumentum
2732 2987 2817 3035 est
2864 2979 3173 3049 cupiditas,
3235 2979 3402 3034 dorso

1825 3070 2226 3139 quodammodo
2264 3069 2447 3126 ferens
2471 3079 2525 3126 et
2553 3070 2809 3139 bajnlans
2839 3069 3101 3135 animam,
3132 3076 3187 3124 et
3228 3069 3284 3123 in
3318 3070 3402 3122 al-

1826 3168 1939 3214 tum
1983 3162 2241 3226 evehens,
2277 3161 2497 3230 quando
2528 3161 2593 3215 ad
2647 3175 2886 3230 superna
2935 3159 3160 3214 habente
3203 3159 3402 3213 mentis

1825 3253 2155 3322 diriguntur.
2196 3252 2423 3321 Reliqua
2470 3252 2597 3306 item
2629 3251 2812 3307 omnia
2843 3251 3091 3320 jumenta
3141 3248 3403 3318 multipli-

1826 3354 1943 3397 cata
1980 3350 2108 3397 sunt
2142 3357 2169 3394 a
2209 3342 2610 3405 benedictione,
2632 3341 2853 3410 quando
2882 3341 3075 3395 borum
3109 3340 3310 3395 auxilio
3334 3339 3402 3393 ad

1827 3449 2021 3504 magna
2070 3440 2123 3487 et
2153 3433 2321 3487 ardua
2357 3433 2635 3487 enitimur.
2670 3429 2878 3485 Deinde
2931 3431 3177 3485 omnium
3213 3430 3403 3499 praedi-

1827 3505 2039 3576 ctorum
2066 3522 2280 3577 brevem
2306 3520 2595 3590 quamdam
2621 3521 2996 3589 repetitionem
3029 3519 3266 3573 instituit
3291 3519 3402 3575 illis

1827 3631 1949 3685 quae
1982 3614 2390 3683 subsequuntur
2429 3612 2609 3666 verbis
2641 3653 2654 3666 .
2701 3611 2836 3666 Cum
2882 3610 3027 3665 enim
3066 3610 3254 3663 multis
3294 3624 3406 3664 mo-

1829 3706 1914 3760 dis
1951 3705 2333 3774 perpessiones
2376 3709 2431 3756 et
2474 3701 2795 3756 aillictiones
2826 3698 3246 3769 descripsisset,
3273 3698 3405 3759 divi-

1830 3811 2009 3865 naque
2041 3795 2302 3851 benelicia
2335 3802 2462 3849 ante
2492 3794 2686 3849 oculos
2710 3792 3006 3863 posuisset,
3040 3805 3186 3844 nunc
3231 3790 3405 3845 obiter

1830 3896 2028 3942 cuncta
2072 3902 2358 3942 resumens
2396 3887 2576 3949 iterat,
2618 3900 2741 3940 cum
2783 3886 2897 3940 ait.
2939 3903 2957 3936 ι
2988 3883 3055 3939 Et
3084 3884 3242 3954 pauci
3277 3883 3405 3938 facti

1832 3986 1981 4038 sunt.
2030 3984 2084 4034 et
2137 3978 2315 4033 vexati
2368 3985 2497 4032 sunt
2541 3992 2572 4031 a
2619 3976 2971 4030 tribulatione
3032 3975 3298 4028 malorum
3353 3981 3407 4027 et

1831 4069 2055 4138 dolore;
2099 4089 2118 4122 ι
2148 4070 2315 4125 verbo
2357 4068 2576 4139 quidem
2621 4067 2985 4138 ὠλιγώθησαν
3029 4065 3216 4137 (pauci
3272 4064 3404 4119 facti

1832 4162 2007 4234 sunt),
2058 4160 2381 4216 brevitatem
2424 4159 2716 4230 signiﬁcat,
2764 4167 2821 4214 et
2863 4160 3011 4213 illam
3058 4174 3180 4228 quae
3211 4167 3297 4213 est
3337 4158 3406 4210 ab

140 4250 409 4306 ταπεινὸν
460 4251 743 4321 συστολήν.
786 4249 858 4302 Τὸ
898 4248 1007 4320 γὰρ
1052 4247 1251 4315 ὀλίγον,
1284 4245 1346 4299 τὸ
1397 4244 1721 4317 βραχύτατον

1833 4251 2123 4306 altitudine
2171 4257 2224 4305 et
2275 4250 2652 4320 magnitudine
2697 4250 2750 4302 in
2809 4248 2976 4301 imum
3019 4247 3403 4315 dejectionem.

144 4343 412 4414 σημαίνει
446 4341 586 4395 κατά
616 4341 713 4412 τὴν
740 4339 966 4394 ἔννοιαν.
999 4340 1076 4408 Τῇ
1106 4338 1162 4390 δὲ
1203 4333 1444 4390 κακώσει
1470 4335 1569 4405 τὴν
1597 4333 1732 4404 πρὸς

139 4435 205 4487 τὸ
233 4434 410 4488 κακὸν
451 4433 779 4504 οἰκειότητα,
810 4430 999 4501 Θλίψιν
1043 4430 1100 4484 δὲ
1148 4428 1241 4483 καὶ
1285 4426 1494 4499 ὀδύνην,
1530 4443 1734 4480 παντα-

140 4527 245 4597 χοῦ
289 4526 355 4579 τὺ
407 4524 582 4596 πέρας
609 4525 756 4593 λέγει
789 4524 886 4593 τῆς
914 4522 1022 4576 τῶν
1067 4519 1287 4590 ἀγαθῶν
1328 4517 1728 4583 ἀποπτώσεως,

140 4618 222 4682 ὡς
286 4620 347 4671 ὲν
413 4618 588 4689 ἑτέρῳ
634 4614 833 4685 ψαλμῷ
882 4613 944 4667 τὸ
990 4612 1231 4666 τοιοῦτον
1271 4610 1490 4675 διέξεισι
1537 4609 1736 4676 λέγων’

146 4726 167 4757 ε
204 4706 510 4779 Περιέσχον
562 4722 632 4775 με
663 4704 853 4767 ὠδῖνες
892 4702 1145 4756 θανάτου.
1183 4702 1432 4755 Κίνδυνοι
1472 4692 1597 4771 ᾅδου
1644 4696 1734 4751 εὓ-

143 4800 317 4871 ροσάν
361 4798 473 4870 (55)
513 4814 601 4868 με.
633 4796 823 4865 Θλίψιν
873 4794 965 4847 καὶ
1014 4793 1205 4862 ὀδύνην
1243 4784 1420 4862 εὗρον.
1460 4810 1479 4843 ι
1530 4791 1734 4855 Ὠδίνας

143 4888 386 4944 θανάτου
416 4889 509 4941 καὶ
535 4887 812 4949 κινδύνους
838 4884 963 4956 ᾅδου
992 4882 1106 4954 (56)
1127 4884 1222 4945 τὰς
1245 4882 1515 4954 ἁμαρτίας
1541 4881 1731 4949 εἰπὼν,

141 4980 348 5049 ἐπάγει
372 4980 435 5032 τὸ
458 4980 632 5049 πέρας
658 4980 736 5041 εἰς
764 4977 794 5031 ὃ
821 4976 1047 5046 τελευτᾷ
1069 4974 1168 5045 τῆς
1188 4974 1458 5044 ἁμαρτίας
1482 4977 1515 5043 ἡ
1548 4972 1732 5042 φύσις·

140 5070 286 5139 ὅπερ
338 5066 495 5120 οὐδὲν
543 5066 689 5131 ἄλλο,
712 5066 745 5134 ἦ
769 5063 946 5133 θλίψις
973 5081 1032 5117 τε
1061 5063 1154 5116 καὶ
1180 5062 1335 5132 ὀδύνη
1370 5061 1513 5114 ἐστίν
1540 5077 1551 5090 ·
1590 5058 1731 5112 οὕτω

142 5154 242 5209 τοῦ
277 5150 617 5223 Εὐαγγελίου
672 5151 760 5203 διὰ
799 5149 890 5202 τοῦ
940 5168 959 5199 ι
1008 5145 1305 5218 κλαυθμοῦ,
1347 5147 1440 5198 καὶ
1489 5142 1730 5214 βρυγμοῦ

193 5290 261 5341 ,⁵⁷
287 5288 439 5346 Psal.
476 5304 608 5352 xvn,
644 5286 711 5351 5;
748 5298 895 5348 cxrv,
923 5283 974 5337 5.

221 5402 337 5471 (51)
371 5399 589 5471 Παθῷν,
621 5397 707 5451 ed.

217 5466 338 5541 (5:2)
362 5468 684 5541 Πεινῶντες,
710 5466 802 5541 _ed.

363 5541 440 5625 ξΓὰ
470 5537 624 5610 ἠνία,
660 5534 745 5590 ed.

1832 4344 1906 4397 Τὸ
1923 4340 2031 4412 γὰρ
2058 4343 2260 4412 ὀλίγον,
2294 4344 2453 4412 pauci
2493 4344 2637 4397 enim
2670 4358 2765 4395 seu
2804 4342 3023 4409 paulum
3056 4340 3277 4394 notione
3306 4353 3406 4395 sua

1831 4435 2213 4492 brevissimam
2271 4451 2481 4490 moram
2530 4436 2795 4490 insinuat.
2845 4433 3024 4489 Verbo
3064 4441 3244 4488 autem
3285 4430 3408 4486 ἐκα-

1832 4527 2108 4600 κώθησαν,
2144 4546 2163 4579 ι
2195 4527 2372 4582 vexati
2407 4534 2565 4591 sunt;
2594 4524 2755 4580 malis
2782 4524 2961 4580 all‘ccti
2997 4532 3146 4589 sunt,
3190 4544 3217 4581 ι,
3240 4525 3408 4596 signi-

1834 4621 1959 4675 ﬁcat
2008 4618 2463 4675 consuetudinem
2509 4632 2635 4672 cum
2686 4617 2853 4679 malo,
2910 4627 2961 4672 el
2997 4631 3282 4671 accessum
3338 4615 3406 4669 ad

1832 4709 1967 4764 illud
1990 4752 2003 4764 .
2030 4710 2134 4764 Per
2164 4709 2576 4764 tribulationem
2619 4716 2675 4762 et
2709 4706 2951 4762 dolorem
2982 4706 3238 4774 intelligit
3271 4720 3407 4759 con-

1832 4808 2165 4856 summatum
2204 4800 2387 4863 linem,
2421 4800 2512 4869 qui
2545 4801 2910 4854 secessionem
2940 4812 2969 4849 a
3005 4796 3148 4850 bono
3179 4793 3409 4849 comita-

1832 4901 1956 4956 tur;
1988 4893 2131 4962 quod
2162 4899 2216 4947 et
2263 4892 2314 4946 in
2349 4892 2457 4946 alio
2488 4892 2729 4953 Psalmo,
2770 4888 2947 4946 simile
2989 4886 3118 4957 quid
3154 4883 3406 4950 aﬂ‘erens,

1832 4982 2060 5037 affirmat
2099 4982 2185 5036 his
2216 4982 2398 5037 verbis
2434 5000 2446 5035 :
2480 4998 2499 5031 ι
2539 4980 3037 5037 Circumdederunt
3066 4992 3152 5032 me
3191 4975 3408 5030 dolores

1832 5072 2046 5135 mortis,
2095 5072 2336 5141 pericula
2385 5071 2583 5127 inferni
2637 5072 2966 5127 invenerunt
3013 5083 3118 5122 me.
3152 5065 3406 5121 'l'ribula-

1834 5165 2034 5218 tionem
2081 5171 2134 5216 et
2161 5161 2404 5216 dolorem
2446 5162 2623 5216 inveni
2649 5162 2712 5220 ¹⁷;
2747 5180 2765 5212 ι
2806 5175 2927 5215 cum
2961 5158 3179 5214 dolores
3216 5154 3408 5227 mortis

1904 5380 1958 5445 ('3
1972 5379 2015 5439 ί)
2050 5377 2207 5449 Forte
2238 5380 2259 5430 ὲ
2270 5375 2639 5449 μπεριλαϐών.

1826 5506 1828 5509 ,
1904 5451 2015 5510 155)
2045 5446 2313 5519 Εὑρησαν,
2342 5446 2427 5500 ed.

1907 5466 2015 5510 mo)
2046 5466 2115 5501 Iw
2136 5466 2313 5519 μησαν,
2342 5466 2427 5500 eu.

1907 5522 2017 5591 (.30)
2050 5466 2211 5592 ’ᾍδου
2252 5537 2361 5575 om.
2394 5517 2514 5585 ed.;
2552 5531 2674 5571 mox
2700 5516 2815 5588 τῆςο
2894 5578 2915 5601 κ
