3800 5980
375 201 480 256 na
1581 193 1640 247 ε.
1681 192 2011 249 αιιιεευιιιι
2041 178 2335 247 NYSSENI
2388 177 2422 224 ‘-
3527 186 3635 238 ιω

375 328 428 364 ει
487 309 725 378 pericula
780 318 982 378 peccati
1037 308 1317 372 nominat,
1380 307 1541 362 ﬂnem
1592 309 1830 373 indicat,
1897 308 1942 360 in

2054 306 2162 359 τῶν
2196 305 2424 358 ὀδόντων
2463 321 2481 354 ι
2529 301 2589 355 τὸ
2626 301 2758 355 αὐτὸ
2797 298 2953 352 τοῦτο
2984 293 3452 366 διασημαίνοντας.
3495 291 3633 346 Εἶτα

373 415 534 468 queu
593 407 786 453 natura
835 401 1045 468 peccati
1102 399 1327 464 desinit,
1366 401 1459 470 qui
1492 413 1601 453 non
1651 406 1734 454 est
1789 398 1942 461 alius,

2048 395 2368 470 προστίθησι
2400 395 2466 448 δι’
2498 385 2791 448 ἀκολούθου
2814 392 2894 452 τὸ,
2918 387 3056 442 ιΚα¹ι
3084 385 3310 458 ἐξεχύθη
3335 385 3632 451 ἐξουδένωο

373 506 536 561 quant
596 492 878 547 tribulatio
915 501 969 547 ct
1004 493 1195 556 dolor;
1235 492 1368 547 illud
1401 493 1579 562 ipsum
1613 493 1668 546 in
1714 491 1942 559 Evange'

2050 505 2133 551 σις
2154 490 2240 540 ἐπ’
2263 489 2532 558 ἄρχοντας
2567 486 2701 551 (57).
2739 505 2758 538 ι
3185 572 3196 580 .
3612 569 3624 580 ⁸

374 578 450 633 lio
477 596 574 650 per
601 599 620 632 ι
657 581 840 638 ﬂetum
881 593 933 638 et
975 583 1266 637 stridorem
1295 583 1541 636 dentium
1578 603 1596 633 ι
1633 581 1880 636 innuitur
1907 581 1975 633 ‘3.
2008 579 2171 633 Addit
2211 579 2408 634 deinde
2442 597 2454 632 :
2497 596 2518 628 ι
2562 576 2738 632 Eﬂusa
2806 584 2892 631 est
2957 572 3257 642 despectio,
3297 591 3315 622 ι
3374 578 3427 626 ει
3460 572 3625 639 quasi

361 672 684 742 annullatio,
718 696 737 728 ι
782 689 945 742 super
975 674 1248 743 principes
1281 688 1491 727 eorum.
1532 692 1550 723 ι

445 767 654 832 Quibus
684 765 863 825 docet,
889 766 1035 834 quod
1074 781 1197 820 esse
1231 767 1284 819 in
1331 781 1417 828 eo,
1453 765 1601 834 quod
1667 773 1768 828 est,
1825 779 1942 818 vere

2128 762 2377 814 Διδάσκει
2401 761 2457 814 δέ
2477 759 2565 814 διὰ
2591 760 2814 822 τούτων,
2836 759 2917 812 ὅτι
2937 757 2996 811 τὸ
3022 757 3119 828 μὲν
3147 758 3203 809 ἐν
3229 755 3308 825 τῷ
3323 755 3435 806 δντι
3461 749 3628 817 εἶναι,

374 855 446 906 sit
479 868 622 905 esse.
653 851 809 917 Quod
848 854 892 906 si
921 856 1044 920 quis
1094 854 1162 906 ab
1205 869 1330 907 esse
1360 855 1598 920 excidit,
1641 853 1688 908 is
1722 869 1832 906 non
1867 860 1942 907 est

2055 851 2266 920 ἀληθῶς
2302 853 2447 903 ἐστιν
2486 847 2644 904 εἶναι.
2683 849 2745 904 Ei
2763 851 2820 904 δέ
2837 867 2920 914 τις
2940 847 3032 901 τοῦ
3067 847 3216 908 ὄντος
3247 845 3635 906 ἐκπέπτωκεν,

373 943 427 995 in
456 957 600 996 esse.
651 941 788 996 Esse
837 944 984 997 enim
1031 944 1086 997 in
1139 955 1384 1014 peccato,
1427 961 1538 999 non
1598 952 1683 1000 est
1731 945 1952 1015 pr0prie

372 1047 520 1098 esse,
557 1033 688 1103 quia
719 1034 952 1103 ipsainet
983 1035 1038 1088 in
1069 1051 1150 1099 se,
1185 1043 1241 1090 et
1280 1039 1584 1091 secundum
1633 1051 1695 1090 se
1740 1037 1948 1089 malitia

373 1139 484 1177 non
516 1134 622 1186 εει,
649 1139 773 1177 cum
793 1125 1002 1179 malitia
1033 1127 1106 1181 sit
1133 1127 1390 1196 privatio,
1441 1136 1498 1182 et
1537 1142 1647 1182 non
1676 1129 1948 1181 exsisten-

371 1217 446 1268 tia
499 1214 648 1269 boni.
703 1213 1180 1281 Quemadmodum
1241 1219 1406 1288 igitur
1443 1218 1554 1282 ille,
1611 1218 1704 1286 qui
1757 1226 1840 1271 est
1890 1217 1946 1271 in

372 1322 436 1360 eo
472 1307 563 1376 qui
599 1316 700 1373 est,
743 1308 797 1361 in
829 1323 951 1362 esse
981 1316 1096 1363 est:
1147 1309 1228 1363 sic
1255 1310 1347 1378 qui
1383 1309 1438 1362 in
1486 1307 1660 1361 nihilo
1699 1315 1782 1362 est
1817 1309 1947 1374 (tale

371 1412 500 1452 vero
526 1408 610 1452 est
633 1399 886 1468 malitia),
915 1402 960 1455 is
994 1401 1182 1455 itidem
1216 1401 1356 1454 nihil
1389 1399 1469 1465 ﬂt,
1491 1409 1546 1456 et
1573 1401 1942 1464 annihilatur,

373 1499 428 1542 ut
465 1489 518 1542 in
551 1490 762 1558 psalmo
793 1490 900 1544 isto
929 1491 1156 1544 dicitur.
1192 1489 1289 1544 Est
1333 1499 1514 1545 autem
1562 1491 1730 1560 hujus
1783 1506 1945 1546 voca-

2053 943 2172 997 οὐδέ
2204 945 2260 996 tv
2285 942 2361 1013 τῷ
2409 938 2548 996 εἷναί
2600 943 2746 995 ἐστι.
2770 941 2842 994 T6
2881 941 2988 1011 γὰρ
3021 943 3079 993 ἐν
3136 938 3303 1008 κακίᾳ,
3336 933 3495 1001 εἶναι,
3527 937 3638 990 οὐκ

2052 1035 2165 1088 ἐστι
2213 1035 2418 1105 κυρίως
2455 1031 2614 1089 εἶναι.
2655 1033 2796 1087 Διότι
2843 1033 2981 1103 αὐτὴ
3014 1030 3133 1084 καθ’
3165 1031 3361 1101 ἑαυτὴν
3393 1032 3427 1099 ἡ
3459 1030 3634 1081 κακία

2051 1127 2150 1179 οὐκ
2177 1125 2342 1188 ἔστιν,
2375 1125 2486 1179 ἀλλ’
2515 1129 2549 1197 ὴ
2590 1125 2682 1179 τοῦ
2718 1124 2882 1178 καλοῦ
2915 1123 3236 1191 ἀνυπαρξία,
3269 1123 3437 1174 κακία
3475 1122 3629 1188 γίνεο

2049 1233 2158 1271 ται.
2197 1216 2408 1287 Ὥσπερ
2438 1212 2530 1268 οὖν
2561 1218 2589 1268 6
2617 1217 2674 1268 tv
2701 1215 2776 1286 τῷ
2803 1215 2915 1268 ὄντι
2946 1214 3021 1266 ὣν
3066 1216 3123 1266 ἐν
3157 1212 3235 1282 τῷ
3274 1207 3413 1264 εἷναί
3456 1214 3627 1273 ἐστιν,

2050 1307 2222 1370 οὕτως
2257 1309 2285 1360 6
2332 1310 2390 1361 tv
2438 1307 2515 1378 τῷ
2543 1307 2715 1360 οὐδενὶ
2768 1303 3263 1376 γενόμενος(τοῦτο
3304 1303 3361 1355 δέ
3396 1305 3549 1355 ἐστιν
3596 1303 3630 1373 ἠ

2048 1398 2238 1468 κακία)
2283 1399 2666 1464 ἐξουδένωται,
2692 1397 2872 1459 καθὼς
2912 1397 3161 1468 ὀνομάζει
3203 1399 3230 1450 6
3259 1395 3436 1463 λόγος.
3477 1397 3544 1448 Ἢ
3572 1395 3632 1448 δὲ

2049 1488 2271 1558 τοιαύτη
2300 1487 2391 1540 τοῦ
2422 1488 2580 1558 λόγου
2601 1488 2816 1561 χρῆσις,
2846 1489 3129 1561 τέτριπται
3160 1505 3276 1550 πως
3305 1491 3361 1541 ἐν
3391 1491 3460 1558 τῇ
3493 1505 3623 1540 ουν·

373 1581 484 1633 hnli
514 1581 683 1646 notio,
735 1581 901 1636 etiam
932 1583 1214 1636 communi
1247 1582 1594 1652 loquentium
1645 1591 1942 1640 consuetu-

2048 1577 2205 1647 ηθεία
2233 1576 2342 1630 τῶν
2383 1578 2769 1650 ὃιεχρημένων.
2804 1579 2891 1641 Ὡς
2942 1581 3040 1648 τὴν
3089 1579 3293 1650 τροφὴν
3345 1580 3402 1631 tv
3461 1580 3628 1650 σαρκῖ

371 1670 499 1724 dine
555 1672 704 1726 trita.
764 1670 1010 1728 Dicimus
1061 1675 1205 1727 enim
1254 1675 1440 1728 cibum
1495 1674 1549 1728 in
1594 1689 1758 1728 carne
1793 1690 1946 1730 rece-

372 1769 543 1828 ptum,
576 1776 797 1817 carnem
833 1763 973 1829 ﬁeri,
1015 1770 1070 1818 et
1094 1763 1282 1818 vinum
1308 1779 1464 1834 aquas
1503 1763 1771 1828 infusum,
1826 1764 1940 1819 lieri

369 1869 565 1921 aquam
591 1897 606 1919 ,
639 1853 957 1925 ferrumque
993 1856 1045 1910 in
1096 1857 1226 1928 igne
1280 1857 1595 1928 ignescere:
1653 1857 1733 1911 sic
1767 1865 1822 1911 et
1875 1857 1942 1921 is,

367 1946 460 2014 qui
499 1945 568 1999 ab
600 1961 668 2000 eo
706 1948 852 2018 quod
880 1959 985 2013 est,
1035 1949 1240 2004 excidit
1297 1959 1353 2004 et
1397 1950 1464 2004 ad
1500 1949 1638 2003 nihil
1681 1948 1944 2013 deﬂectit,

369 2036 423 2090 in
475 2038 708 2092 nihilum
754 2055 974 2111 quoque
1017 2043 1269 2096 converti
1341 2050 1490 2096 recte
1535 2040 1757 2094 dicitur.
1802 2040 1948 2110 Ergo

369 2129 647 2182 annulatio
669 2139 754 2185 est
789 2147 896 2185 non
919 2133 1240 2187 exsistentia
1273 2132 1325 2185 in
1355 2133 1520 2194 bono,
1567 2147 1690 2202 quae
1725 2130 1794 2185 ad
1829 2132 1944 2200 pri-

368 2233 487 2272 mos
513 2226 765 2275 auctores
789 2223 1031 2285 malitize,
1066 2222 1168 2277 hoc
1185 2228 1294 2284 est,
1337 2220 1406 2275 ad
1431 2223 1640 2290 primos
1692 2219 1945 2274 homines

368 2321 492 2360 cum
523 2309 774 2376 venisset,
801 2311 964 2364 etiam
1007 2313 1072 2366 ad
1117 2320 1463 2382 posterorum
1501 2312 1942 2374 successionem,

369 2396 540 2451 instar
614 2401 907 2469 perniciosi
945 2403 1233 2472 cujusdam
1310 2403 1554 2458 ﬂuminis
1625 2402 1798 2460 eﬂusa
1839 2411 1941 2457 est.

367 2485 659 2558 Postquam
711 2492 872 2562 igitur
906 2505 1101 2548 natura
1159 2495 1477 2562 bujusmodi
1539 2509 1766 2548 munere
1807 2494 1940 2548 orba

369 2580 493 2644 fuit,
524 2581 634 2634 vita
661 2583 907 2651 inquam,
962 2585 1234 2655 homoque
1282 2602 1314 2640 a
1370 2593 1612 2654 raptore,
1669 2586 1762 2655 qui
1810 2585 1948 2640 divi-

366 2685 492 2723 nom
527 2671 962 2730 benedictionem
1008 2676 1302 2746 surripuit,
1344 2675 1409 2730 ad
1439 2683 1818 2745 paupertatem
1864 2691 1945 2730 re-

367 2762 561 2819 dactus
584 2773 702 2830 est;
742 2767 1026 2837 subjungit
1056 2787 1069 2822 :
1102 2787 1120 2819 ι
1153 2767 1375 2837 Adjuvit
1400 2783 1693 2837 pauperem
1726 2767 1795 2820 de
1822 2768 1942 2821 inoo

367 2856 474 2924 pia.
504 2875 522 2907 ι
567 2856 742 2925 Ipsius
780 2861 924 2912 enim
970 2869 1213 2930 egestate
1246 2877 1347 2916 nos
1398 2861 1559 2914 ditati
1605 2876 1817 2914 sumus.
1869 2860 1937 2914 Ει

367 2945 554 3010 posuit
590 2945 712 2999 illos
754 2947 929 3002 bonus
960 2926 1167 3016 pastor,
1226 2949 1351 3003 loco
1405 2950 1710 3011 bruturum,
1769 2968 1786 3000 ι
1811 2964 1941 3004 oves
1965 2926 2012 2985 ε

370 3034 608 3088 ίειιιιὶιίιε.
642 3055 660 3087 ι
708 3035 991 3091 Familiam
1018 3041 1263 3093 nominat
1303 3049 1508 3093 emtum
1563 3048 1618 3094 et
1663 3039 1945 3094 collectio-

369 3142 494 3180 nem
524 3129 798 3183 rationum
831 3132 898 3185 ad
925 3131 1170 3185 divimnn
1204 3149 1406 3186 numen
1424 3132 1781 3187 obtinendum
1811 3147 1945 3186 con-

368 3216 723 3280 ducentium;
772 3221 1232 3287 quemadmodum
1295 3230 1351 3275 et
1412 3221 1610 3275 Paulus
1658 3229 1940 3277 testatur:

372 3325 392 3358 ι
428 3306 503 3359 Ex
532 3323 640 3376 quo
669 3310 850 3364 omnis
887 3310 1091 3365 familia
1128 3322 1182 3368 et
1213 3313 1263 3366 in
1298 3314 1460 3377 cmlo,
1494 3322 1548 3367 et
1581 3315 1635 3367 in
1667 3323 1809 3368 terra
1840 3328 1944 3368 no-

369 3400 699 3453 minatur".
740 3420 758 3452 ι
818 3401 980 3456 Addit
1033 3411 1220 3472 postea
1253 3421 1271 3458 :
1307 3423 1324 3454 ι
1355 3403 1629 3460 Videbunt
1688 3407 1825 3461 recti
1887 3415 1942 3461 et

367 3491 656 3553 timebunt,
683 3511 701 3544 ι
737 3508 845 3563 quo
869 3495 1160 3564 signiﬁcat,
1198 3495 1432 3566 justum,
1477 3496 1605 3551 dum
1652 3499 1842 3552 oculos
1877 3497 1944 3551 ad

367 3591 574 3637 tantam
605 3585 694 3639 Dei
723 3587 1115 3656 benignitatem
1143 3590 1442 3653 convertit,
1491 3597 1736 3645 metuere
1769 3609 1781 3644 :
1816 3607 1940 3646 nam

363 3675 738 3732 custodiendis
781 3679 940 3732 bonis
994 3696 1100 3735 non
1156 3681 1432 3737 modicum
1490 3683 1800 3748 praesidium
1859 3691 1944 3738 est

363 3765 550 3826 timor,
591 3768 681 3835 qui
733 3771 1127 3835 prazteritorum
1175 3773 1552 3827 recordatione
1593 3773 1657 3826 ad
1714 3780 1943 3828 eventus

365 3849 583 3907 futuros
620 3855 958 3909 moderatum
988 3859 1151 3912 eﬂicit
1191 3877 1339 3924 eum,
1372 3876 1533 3929 quem
1567 3877 1730 3930 prava
1761 3861 1941 3929 aliqua

363 3942 581 3996 aﬂ'ectio
637 3947 918 4010 concitat;
973 3949 1068 4017 qui
1124 3951 1356 4016 proinde
1406 3951 1535 4004 dum
1604 3952 1939 4016 dominatur,

365 4047 692 4102 omnemque
743 4036 964 4090 laxitate
989 4052 1017 4089 a
1050 4039 1208 4095 nobis
1259 4042 1322 4095 ad
1365 4053 1647 4110 peccatum
1687 4042 1942 4096 introdu-

364 4132 506 4177 CIam
540 4123 858 4179 facilitatem
887 4129 1256 4196 exterminat,
1313 4148 1332 4182 ι
1359 4148 1483 4188 mox
1516 4133 1704 4186 omnis
1736 4133 1941 4202 iniqui-

367 4223 470 4277 tas,
496 4233 516 4268 ι
546 4215 743 4286 inquit,
812 4219 1122 4288 «oppilabit
1156 4236 1220 4274 os
1264 4237 1445 4277 suum.
1485 4243 1504 4274 ι
1564 4222 1736 4288 Quam
1783 4225 1942 4280 beata

366 4305 458 4359 illa
489 4308 618 4372 vita,
659 4308 710 4360 in
743 4325 850 4378 qua
890 4309 1198 4378 iniquitatis
1231 4328 1314 4377 os,
1353 4315 1513 4384 quasi
1552 4316 1754 4385 aliquis
1793 4319 1941 4372 caeni

365 4397 512 4464 fons,
555 4400 609 4453 in
648 4413 969 4471 perpetuum
1004 4406 1346 4472 obstruetur,
1387 4425 1496 4464 non
1534 4411 1940 4479 ampliustetro

365 4490 468 4544 hoc
498 4491 666 4546 odore
709 4494 874 4547 vitam
921 4496 1210 4552 humanam
1263 4501 1667 4558 contaminatis.
1721 4501 1821 4557 llic
1863 4514 1946 4559 est

362 4581 638 4636 bonorum
687 4587 933 4640 omnium
990 4599 1197 4652 vertex,
1257 4599 1312 4645 et
1360 4593 1543 4647 omnis
1589 4594 1703 4663 spei
1757 4602 1942 4664 caput,

365 4673 494 4728 linis
533 4675 704 4730 totius
733 4676 1115 4745 beatitudinis,
1171 4683 1433 4737 nimirum
1481 4691 1541 4738 ut
1584 4694 1779 4740 natura
1831 4701 1947 4740 am-

364 4763 510 4834 plius
551 4781 662 4820 non
703 4768 954 4823 turbetur
982 4785 1011 4824 a
1048 4772 1276 4837 malitia,
1321 4774 1415 4829 sed
1449 4785 1506 4829 ut
1529 4776 1709 4830 omnis
1743 4776 1947 4846 iniqui-

362 4864 450 4911 tas
479 4857 669 4926 procul
702 4859 1024 4930 ahlegetur;
1065 4879 1188 4932 qua:
1224 4865 1368 4918 haud
1403 4867 1506 4919 alia
1547 4865 1735 4928 fuerit.
1779 4883 1944 4938 quam

365 4947 483 5014 ipse
539 4948 850 5020 iniquitatis
909 4963 1180 5022 repertor.
1232 4955 1345 5010 Hoc
1401 4959 1545 5012 enim
1596 4960 1944 5015 collectivum

364 5034 499 5090 illud
529 5039 880 5103 vocabulum,
913 5044 1106 5108 omm's,
1151 5045 1464 5115 signiﬁcat;
1508 5049 1830 5107 obstruetur
1865 5053 1947 5107 vi-

439 5170 481 5200 ⁸⁸
505 5169 695 5227 Matth.
721 5190 840 5239 vm,
879 5177 965 5230 12.
1049 5179 1090 5209 "
1119 5177 1315 5251 Ephes.
1352 5199 1432 5248 ιιι,
1468 5183 1551 5242 l3.

435 5304 547 5367 (57)
575 5305 762 5359 Αὐτῶν
793 5308 1030 5364 add.‘ed.

436 5371 548 5434 (58)
579 5376 694 5435 Ἐκ,
723 5377 810 5430 ed.

583 5443 654 5522 I6
767 5449 911 5522 xardt
940 5448 1131 5520 λόγων,
1169 5455 1254 5512 ed.

442 5510 553 5570 (60)
586 5511 815 5579 Παῦλος,
848 5517 934 5572 ed.

2047 1671 2344 1740 γενομένην
2372 1710 2386 1734 ,
2419 1671 2862 1741 ἀποσαρκοῦσθαι
2913 1671 3174 1741 λέγομεν,
3217 1673 3312 1725 καὶ
3353 1671 3445 1724 τὸν
3485 1668 3628 1724 οἶνον

2048 1761 2336 1830 ἐκχεθέντα
2373 1762 2448 1831 τῷ
2485 1761 2638 1815 ὕδατι
2683 1761 3067 1833 ἐξυδαροῦσθαι
3090 1781 3103 1793 ·
3133 1763 3226 1816 κα)⁸
3266 1765 3322 1816 ἐν
3366 1763 3446 1832 τῷ
3482 1765 3621 1832 πυρὶ

2051 1853 2140 1906 τὸν
2165 1853 2378 1924 σίδηρον
2415 1853 2783 1924 ἐκπυροῦσθαι
2816 1871 2995 1924 φαμεν
3035 1868 3049 1882 ⁸
3078 1853 3220 1906 οὕτω
3249 1855 3343 1908 καὶ
3383 1855 3477 1907 τὸν
3509 1855 3631 1924 (58)

2049 1944 2142 1996 τοῦ
2173 1945 2323 2008 ὄντος
2365 1946 2697 2008 ἐκπεσόντα,
2727 1947 2783 1998 tv
2814 1945 2892 2015 τῷ
2935 1946 3109 1999 οὐδενὶ
3153 1947 3439 2016 γενόμενον
3471 1947 3625 2012 ἐξου-

2045 2034 2352 2090 δενοῦσθαιο
2378 2035 2571 2089 οὐκοῦν
2599 2037 2631 2107 ἡ
2661 2037 3006 2103 ἐξουδένωσις
3043 2039 3076 2108 ἡ
3113 2039 3168 2090 ἐν
3205 2038 3281 2107 τῷ
3309 2037 3500 2108 ἀγαθῷ
3530 2039 3626 2091 ἀν-

2046 2126 2284 2196 υπαρξία
2311 2127 2478 2182 ἐστίν.
2509 2127 2658 2198 Αὕτη
2687 2129 2741 2181 δὲ
2779 2130 2869 2181 ἐπὶ
2915 2129 3043 2192 τοὺς
3074 2129 3343 2199 ἄρξαντας
3378 2129 3480 2199 τῆς
3526 2145 3628 2182 κα·

2048 2217 2171 2281 κίας
2195 2260 2208 2284 ,
2240 2219 2540 2283 τουτέστιν,
2573 2219 2664 2271 ἐπὶ
2696 2221 2820 2282 τοὺς
2874 2218 3122 2290 πρώτους
3166 2219 3488 2291 ἀνθρώπους
3527 2221 3628 2272 ἐλ-

2049 2307 2234 2374 θοῦσα,
2273 2309 2524 2381 καθάπερ
2560 2328 2612 2362 τι
2643 2311 2819 2382 ῥεῦμα
2859 2312 3111 2384 πονηρὸν,
3137 2313 3231 2364 κα).
3266 2313 3358 2364 ἐπὶ
3383 2313 3482 2383 τὴν
3514 2313 3631 2365 τῶν

2048 2401 2439 2472 ἐπιγινομένων
2466 2403 2713 2473 διαδοχὴν
2747 2403 2988 2473 ἐξεχέθη.
3033 2403 3184 2455 Ἐπεὶ
3220 2399 3312 2456 οὖν
3341 2402 3624 2473 ἐπτώχευ-

2049 2507 2137 2544 σεν
2161 2492 2195 2560 ἡ
2226 2490 2384 2559 φύσις
2428 2492 2523 2544 τοῦ
2557 2492 2796 2545 τοιούτου
2838 2495 3131 2563 κτήματος,
3152 2492 3250 2562 τῆς
3283 2493 3428 2563 ζωῆς
3457 2492 3630 2560 λέγω,

2047 2582 2141 2634 κα).
2169 2582 2338 2652 πένης
2365 2585 2394 2635 6
2423 2583 2704 2654 ἄνθρωπος
2736 2584 2840 2636 ὑπὸ
2861 2584 2952 2636 τοῦ
2993 2584 3225 2637 κλέπτου
3271 2584 3505 2652 ἐγένετο,
3525 2585 3625 2654 τὴν

2048 2670 2196 2725 θείαν
2225 2672 2473 2744 συληθεὶς
2501 2674 2769 2743 εὐλογίαν,
2800 2674 2888 2728 διὰ
2911 2676 3065 2728 τοῦτό
3093 2693 3275 2746 φησιν,
3304 2678 3385 2729 ὅτι
3411 2695 3430 2727 ι
3457 2677 3623 2746 ἐϐοή-

2048 2761 2179 2832 θησε
2210 2763 2402 2833 πένητι
2441 2767 2506 2818 ἐκ
2533 2767 2821 2836 πτωχείας.
2851 2786 2868 2818 ι
2903 2767 2980 2837 Τῇ
3009 2766 3116 2839 γὰρ
3143 2769 3349 2820 ἐκείνου
3380 2767 3626 2837 πτωχείᾳ

2043 2855 2202 2923 ἡμεῖς
2232 2855 2656 2926 ἐπλουτήσαμεν.
2679 2857 2788 2910 Καὶ
2815 2856 2964 2910 ἔθετο
2992 2859 3184 2920 αὐτοὺς
3200 2861 3226 2910 6
3244 2857 3447 2925 ποιμὴν
3469 2858 3496 2908 6
3517 2873 3623 2908 κα-

2045 2944 2134 3006 λὸς
2155 2944 2502 3015 ἀντιθηρίων,
2516 2964 2531 2995 ι
2547 2945 2791 3016 πρόϐατα
2813 2947 3057 3014 πατριᾶς·
3073 2940 3332 3012 »πατριὰν
3347 2946 3403 2998 δὲ
3422 2945 3624 3014 ὀνομά-

2046 3033 2148 3098 ζει,
2170 3036 2232 3086 τὸ
2256 3033 2507 3104 σύστημα
2525 3035 2633 3087 τῶν
2658 3037 2736 3098 είς
2761 3036 2848 3088 τὸν
2867 3038 3004 3090 θεῖον
3038 3037 3330 3103 κατάλογον
3361 3035 3473 3104 (59)
3495 3051 3625 3086 συν-

2045 3125 2356 3179 τελούντων.
2377 3124 2568 3185 Ὠςκα“ι
2582 3127 2610 3177 6
2634 3123 2955 3186 Ἀπόστολος
2979 3124 3264 3194 (60)λέγει’
3278 3143 3294 3174 ι
3324 3126 3413 3192 Ἐξ
3435 3121 3496 3180 οὐ
3513 3127 3630 3178 πᾶ-

2049 3226 2114 3264 σα
2133 3209 2337 3280 πατριὰ
2358 3211 2414 3260 ἐν
2443 3210 2676 3280 οὐρανῷ,
2700 3212 2793 3264 καὶ
2823 3212 2915 3264 ἐπὶ
2939 3214 3040 3283 γῆς
3061 3214 3406 3283 ὀνομάζεται.
3444 3235 3462 3264 ι
3490 3211 3629 3266 Εἶτα

2047 3299 2236 3367 ἐπάγει
2270 3318 2281 3328 '
2326 3301 2405 3353 ὅτι
2450 3319 2467 3351 ι
2515 3301 2738 3370 ὄψονται
2773 3302 2966 3368 εὐθεῖς,
3009 3305 3101 3357 καὶ
3141 3305 3562 3374 φοϐηθήσονται.
3599 3323 3623 3356 ›

2047 3392 2322 3444 Διδάσκων
2354 3391 2441 3444 διὰ
2460 3393 2569 3445 τῶν
2600 3393 2903 3463 εἰρημένων
2925 3395 3004 3447 ὅτι
3034 3395 3169 3466 πρὸς
3191 3397 3287 3466 τὴν
3319 3394 3626 3466 φιλανθρω-

2048 3483 2178 3535 πίαν
2210 3482 2412 3550 ταύτην
2441 3482 2651 3551 βλέπων
2692 3486 2720 3537 6
2765 3485 2925 3548 εὐθὺς
2960 3485 3247 3553 φοϐείσθω.
3286 3488 3359 3539 Οὐ
3389 3485 3499 3556 γὰρ
3529 3505 3625 3556 μι-

2048 3573 2312 3643 κρὸν¹τῶν
2365 3574 2583 3642 ἀγαθῶν
2629 3575 2994 3646 φυλακτήριον
3025 3579 3052 3630 ὀ
3081 3577 3244 3647 φόϐος
3283 3577 3509 3646 γίνεται,
3553 3581 3624 3648 τῇ

2051 3667 2239 3736 μνήμῃ
2267 3667 2374 3718 τῶν
2416 3669 2822 3737 προγεγονότων
2860 3670 2996 3739 πρὸς
3037 3670 3100 3721 τὸ
3129 3669 3324 3740 ἐφεξῆς
3355 3670 3628 3738 σωφρονί-

2047 3756 2154 3819 ζων
2202 3757 2292 3808 τὸν
2337 3757 2395 3810 tv
2437 3759 2599 3810 πάθει
2642 3759 2946 3828 γενόμενον.
3001 3754 3074 3813 US
3129 3760 3623 3829 κατακρατοῦντος,

2047 3845 2141 3896 καὶ
2181 3847 2360 3898 πᾶσαν
2396 3847 2494 3917 τὴν
2528 3847 2613 3900 διὰ
2653 3848 2977 3918 χαυνότητος
3007 3849 3141 3918 πρὸς
3173 3849 3233 3900 τὸ
3272 3849 3439 3903 κακὸν
3472 3865 3624 3916 γινο-

2049 3933 2216 4003 μένην
2249 3935 2496 3988 εὐκολίαν
2530 3935 2685 4006 ήμῶν
2715 3937 3068 4007 ἐξορίζοντος,
3107 3957 3124 3985 ι
3157 3940 3326 4001 πᾶσα,
3357 3957 3376 3988 ι
3420 3940 3624 4007 φησὶν,

2053 4047 2071 4077 ι
2106 4026 2302 4096 ἀνομία
2331 4027 2597 4097 ἐμφράξει
2626 4028 2684 4081 τὸ
2711 4029 2885 4098 στόμα
2916 4030 3101 4100 αὐτῆς.
3140 4051 3157 4082 ι
3189 4031 3274 4094 Ὠς
3303 4031 3573 4102 μακάριος
3598 4035 3630 4085 6

2049 4117 2162 4187 βίος
2194 4119 2419 4181 ἐκεῖνος,
2462 4122 2519 4172 ἐν
2551 4114 2594 4188 ᾧ
2637 4119 2697 4172 τὸ
2737 4122 2836 4191 τῆς
2869 4122 3098 4192 ἀνομίας
3140 4124 3330 4193 στόμα,
3371 4123 3628 4196 καθάπερ

2048 4227 2133 4271 τις
2176 4208 2435 4280 βορϐόρου
2485 4211 2648 4280 πηγὴ·
2674 4212 2807 4282 (6|),
2847 4215 2925 4277 είς
2970 4213 3031 4266 τὸ
3062 4214 3306 4284 διηνεκὲς
3337 4216 3626 4286 ἐμφραγῆ-

2049 4316 2219 4364 σεται,
2255 4301 2440 4352 οὐκέτι
2484 4304 2550 4370 τῇ
2608 4303 2843 4374 δυσωδίᾳ
2887 4304 2978 4356 τὸν
3031 4305 3140 4359 τῶν
3170 4304 3470 4376 ἀνθρώπων
3505 4305 3627 4375 βίον

2047 4391 2434 4458 καταμολύνων
2457 4391 2588 4460 (62).
2607 4392 2756 4464 Αὖτη
2779 4395 2925 4448 ἐστὶν
2953 4397 2986 4466 ἡ
3008 4395 3114 4448 τῶν
3142 4395 3362 4464 ἀγαθῶν
3383 4397 3625 4468 κορυφὴ,

2045 4483 2246 4536 τδ·τῶν
2282 4483 2510 4536 ἐλπίδων
2543 4485 2864 4553 κεφάλαιον,
2895 4487 2955 4539 τὸ
2999 4487 3172 4557 πέρας
3217 4488 3394 4559 πάσης
3444 4504 3626 4557 μακα-

2049 4575 2314 4646 ριότητος,
2350 4575 2410 4627 τὸ
2439 4575 2632 4646 μηκέτι
2661 4576 2981 4646 διοχλείσθαι
3007 4577 3112 4629 ὑπὸ
3157 4579 3352 4640 κακίας
3382 4577 3480 4647 τὴν
3516 4578 3624 4646 φύ-

2050 4681 2168 4718 σινο
2210 4665 2348 4718 ἀλλά
2376 4665 2475 4736 τὴν
2522 4667 2700 4718 πᾶσαν
2751 4667 2978 4736 ἀνομίαν
3015 4666 3290 4738 (65Γαῦτη
3326 4668 3370 4720 δ’
3421 4668 3487 4721 ἃν
3537 4669 3624 4739 εἴη

2046 4758 2075 4810 6
2114 4756 2340 4827 εὑρετὴς
2390 4757 2490 4826 τῆς
2541 4757 2794 4828 ἀνομίας.
2826 4757 2995 4812 Τοῦτο
3029 4757 3137 4828 γὰρ
3178 4760 3210 4828 ἡ
3255 4757 3629 4830 περιληπτικὴ

2047 4847 2391 4917 διασημαίνει
2427 4847 2599 4919 φωνὴ,
2637 4847 2912 4918 ἐμφράξαι
2939 4849 3002 4902 τὸ
3029 4848 3202 4919 στόμα
3251 4851 3450 4912 ἐκεῖνο,
3493 4841 3556 4902 οὗ
3593 4851 3627 4920 ἡ

2048 4939 2200 5008 φωνὴ
2257 4938 2318 4991 τὸ
2374 4940 2651 5009 καταρχὰς
2718 4940 2948 4994 θανάτου
3004 4939 3102 5012 ὕλη
3161 4943 3273 5005 τοῖς
3318 4939 3630 5013 ἀνθρώποις

2049 5031 2282 5098 ἐγένετο.
2327 5031 2498 5086 Ὅταν
2527 5027 2618 5085 οὖν
2653 5030 2956 5104 ἐξαιρεθείη
2992 5034 3100 5087 πᾶν
3127 5033 3187 5086 τὸ
3205 5032 3280 5103 τῷ
3320 5032 3430 5103 (64)
3474 5031 3627 5104 καλῷ

2143 5318 2230 5390 6i)
2262 5318 2487 5383 Quidam
2518 5321 2676 5390 τομή.

2142 5389 2232 5450 62)
2261 5390 2670 5459 Καταμολύνον,
2701 5391 2764 5444 ed
2777 5431 2790 5444 .

2121 5459 2231 5530 (65)
2265 5459 2572 5530 Ἐμφράξαι
2604 5460 2728 5515 add.
2760 5462 2847 5518 ed.

2123 5527 2233 5597 (δι)
2265 5527 2354 5600 Τῷ
2384 5527 2492 5583 om.
2528 5533 2610 5583 ed.
