3756 5988
161 241 246 294 IS!

1548 240 1615 296 lN
1653 237 1981 296 PSALMOS.

3284 243 3391 299 ‘89.

159 352 546 420 ἀντικείμενον,
573 353 752 424 ὶκείνη
777 353 1046 420 ἐκδέξεται
1077 356 1221 426 ἡμᾶς
1241 357 1274 428 ὴ
1294 353 1639 419 κατάστασις,
1659 349 1728 425 ἧς

1866 351 2026 406 elicet
2059 363 2121 404 os
2147 348 2320 414 illius,
2357 348 2516 416 cujus
2575 363 2679 403 vox
2716 348 2873 403 initio
2925 349 3243 410 hominibus
3276 369 3394 409 ma-

159 445 321 506 a-Sosiq
376 443 532 512 λόγος
566 444 810 515 μηνυτὴς
858 445 1242 516 εὑρεθήσεται,
1281 446 1316 516 ἦ
1356 462 1442 508 τις
1475 443 1614 514 ὑπὲρ
1649 442 1724 494 ατ-

156 531 340 602 σθησίν
389 550 448 585 τε
491 533 583 586 καὶ
631 532 830 600 γνῶσιν
862 529 1001 587 εἶναι
1041 533 1190 604 παρά
1218 534 1316 604 τῆς
1357 532 1506 596 θείας
1542 529 1725 600 φωνῆς

158 621 593 693 μεμαρτύρηται.
609 621 827 684 Τούτοις
841 622 1033 690 ἐπάγει
1051 621 1301 693 καθάπερ
1320 623 1440 678 τινὰ
1459 621 1724 692 σφραγῖδα

160 715 249 777 τὰς
297 714 390 767 ἐπὶ
423 713 565 766 τέλει
592 712 772 782 φωνάς
803 713 1135 782 λέγωνοιΤίς
1161 713 1341 782 σοφὸς,
1369 715 1464 769 καὶ
1503 712 1724 783 φυλάξει

155 805 324 856 ταῦτα
350 823 362 834 ·
395 805 488 856 καὶ
532 806 818 874 συνήσουσι
860 805 925 857 τὰ
962 803 1083 873 ὲλέη
1133 803 1224 857 τοῦ
1243 802 1484 874 Κυρίου;
1511 802 1725 875 »ἐπειδὴ

155 895 262 965 γὰρ
293 894 455 958 διπλῆ
494 897 526 965 ἡ
564 894 660 964 τῆς
707 893 894 962 σοφίας
930 893 1208 963 ἐνέργεια,
1237 894 1389 965 καὶὴ
1439 893 1540 963 μέν
1579 895 1725 948 ἐστιν

156 985 478 1054 ἑρευνητική
513 1001 572 1036 τε
622 985 720 1037 καὶ
779 982 1045 1053 ζητητικὴ
1088 983 1198 1035 τῶν
1252 984 1725 1055 συμφερόντων,ή

153 1076 206 1127 δὲ
243 1075 549 1144 φυλακτικὴ
604 1075 711 1128 τῶν
761 1074 1120 1145 εὑρεθέντων·
1161 1072 1232 1125 τὸ
1274 1073 1331 1124 ἓν
1387 1074 1487 1142 τῆς
1536 1074 1725 1141 σοφίας

154 1164 334 1235 ἔργον,
364 1165 422 1218 τὸ
444 1164 732 1236 ζητητικὸν
759 1163 921 1230 λέγω,
947 1163 1256 1216 πεπαῦσθαι
1277 1163 1579 1232 τηνικαῦτα
1606 1163 1728 1232 βού-

155 1269 322 1309 λεται.
347 1255 440 1318 Εἰς
461 1255 512 1307 τί
529 1255 636 1324 γὰρ
661 1257 725 1324 τῇ
759 1254 982 1324 ζητήσει
1005 1251 1320 1324 χρησόμεθα
1345 1251 1435 1304 τοῦ
1459 1251 1725 1321 ζητουμέ-

155 1368 244 1402 νου
272 1349 536 1420 παρόντος
557 1365 570 1412 ;
605 1347 662 1400 ἓν
684 1346 842 1416 ἔργον
863 1347 974 1418 (65)
994 1346 1048 1398 δὲ
1076 1345 1232 1415 μόνον
1252 1343 1457 1396 κελεύει
1477 1343 1536 1394 τὸ
1556 1343 1729 1395 λειπό-

157 1455 316 1507 μενον
350 1436 613 1502 γίνεσθαι,
638 1438 781 1498 ὅπως
806 1436 871 1488 ἂν
901 1435 1193 1505 φυλαχθείη
1224 1434 1285 1487 τὸ
1312 1433 1563 1504 πορισθὲν
1588 1436 1718 1500 ἀγα·

155 1525 418 1593 θὸν,πρδς
436 1526 593 1579 τοῦτο
621 1527 719 1596 τῆς
745 1526 934 1594 σοφίας
966 1527 1098 1594 ἡμῖν
1125 1522 1510 1593 συνεργούσης.
1547 1523 1640 1585 Τίς
1671 1521 1726 1574 δὲ

155 1621 185 1688 ἡ
216 1619 400 1685 σοφία,
423 1618 516 1669 καὶ
543 1616 624 1679 τίς
655 1619 685 1687 ἡ
721 1615 827 1668 τῶν
858 1615 1074 1684 ἀγαθῶν
1105 1617 1251 1667 ἐστιν
1285 1614 1532 1683 φυλακῆς
1561 1613 1621 1666 τὸ
1650 1612 1724 1684 μὴ

1823 441 2016 496 teriam
2074 439 2264 495 mortis
2323 439 2574 508 praebuit.
2632 437 2860 504 Quando
2910 440 3076 509 igitur
3111 444 3393 499 sublatum

1825 530 1990 586 fuerit
2025 544 2186 584 omne
2219 529 2350 583 illud
2381 529 2529 598 quod
2554 529 2697 584 bono
2738 527 3081 606 adversatur,
3129 541 3248 589 tum
3287 552 3390 592 nos

1824 619 2088 688 suscipiet
2124 619 2215 673 ille
2247 625 2426 674 status
2481 633 2645 688 quem
2692 619 2842 674 nulla
2892 621 3070 675 oratio
3114 624 3394 693 explicare

1824 717 2026 779 potest,
2050 709 2144 778 qui
2175 716 2230 764 et
2319 724 2540 765 sensum
2570 717 2624 764 et
2646 710 3060 781 intelligentiam
3136 713 3193 766 in
3220 715 3395 769 sacris

1825 801 2048 857 Litteris
2082 815 2342 871 superare
2375 801 2660 856 dicitur".
2683 800 2782 858 His
2813 803 3066 859 omnibus
3104 807 3264 874 quasi
3309 806 3383 860 si-

1825 892 2011 963 gillum
2037 892 2135 947 has
2159 899 2432 947 extremas
2451 907 2610 946 voces
2629 893 2874 964 adjnngit
2894 907 2908 943 :
2929 913 2946 945 ι
2979 895 3114 960 Quis
3147 896 3393 966 sapiens,

1826 992 1880 1038 et
1909 985 2185 1038 custodiet
2235 985 2375 1048 haec,
2430 994 2483 1038 et
2513 983 2780 1055 intelliget
2827 986 3234 1041 misericordias
3286 986 3393 1042 Do-

1826 1072 2002 1126 mini?
2023 1067 2190 1124 nCum
2209 1067 2352 1126 enim
2375 1074 2655 1142 sapientiae
2675 1075 2820 1130 actio
2856 1075 3058 1145 duplex
3084 1077 3190 1135 sit:
3221 1079 3396 1132 altera

1829 1177 1948 1232 quae
1972 1163 2193 1232 indagat
2216 1171 2269 1218 et
2287 1164 2484 1233 quaerit
2509 1164 2686 1228 utilia,
2722 1165 2898 1220 altera
2926 1182 3050 1236 quae
3086 1175 3243 1235 parta
3275 1182 3395 1222 ser-

1828 1260 1951 1307 vat:
1984 1254 2132 1307 illam
2165 1255 2380 1323 quidem
2404 1255 2682 1324 sapientia:
2713 1255 3006 1321 actionem,
3053 1273 3176 1326 ηοω
3221 1257 3275 1311 in
3311 1258 3396 1310 in-

1830 1341 2185 1411 vestigatione
2223 1344 2494 1409 consistit,
2550 1344 2754 1398 indicat
2806 1356 2938 1400 tunc
2995 1357 3336 1402 cessaturam
3380 1365 3394 1400 :

1827 1433 1958 1501 quid
2012 1434 2156 1487 enim
2197 1449 2335 1502 opus
2393 1443 2476 1490 est
2529 1434 2914 1503 inquisitione,
2962 1450 3088 1489 cum
3144 1437 3198 1491 id
3246 1437 3396 1507 quod

1827 1525 2115 1593 quaeritur,
2143 1526 2335 1579 adest?
2374 1526 2470 1580 sed
2508 1527 2737 1580 alteram
2775 1527 3153 1583 tantummodo
3198 1527 3398 1583 durare

1829 1625 1885 1669 et
1915 1630 2074 1685 agere
2108 1618 2350 1685 postulat
2391 1626 2449 1669 ut
2490 1619 2691 1672 bonum
2722 1619 2976 1688 adeptum
3030 1620 3396 1685 custodiatur,

153 1709 426 1769 ἀσυνέτως
443 1707 539 1776 τῆς
555 1705 700 1769 θείας
723 1706 910 1774 φιλανθ
920 1707 1125 1777 ρωπίας
1142 1704 1304 1774 ἔχειν.
1323 1705 1379 1757 ’0
1407 1704 1514 1774 γὰρ
1532 1703 1728 1773 συνεὶς,

1866 1707 2121 1775 djuvante
2151 1722 2250 1762 nos
2281 1709 2346 1762 ad
2377 1709 2480 1762 hoc
2529 1709 2706 1778 ipsum
2760 1711 3048 1778 sapientia.
3097 1710 3228 1776 Quae
3267 1727 3396 1766 vero

153 1793 224 1852 ὧν
246 1798 569 1868 τετύχηκεν,
590 1799 688 1850 οὐκ
711 1797 774 1850 ἂν
794 1797 1011 1866 πρόοιτο
1028 1796 1138 1864 (66)
1158 1795 1218 1848 τὸ
1239 1795 1456 1864 ἀγαθὸν,
1474 1788 1533 1847 οὗ
1560 1795 1727 1864 ἠξίω-

154 1909 267 1944 ται.
304 1890 360 1943 '0
388 1889 439 1941 δὲ
470 1888 737 1951 ἀσυνέτως
768 1888 904 1957 ἔχων
930 1888 1028 1956 τῆς
1052 1887 1290 1958 χάριτος,
1321 1886 1514 1938 ταύτὸν
1547 1888 1727 1940 πείσε-

157 2001 238 2035 ται
279 1984 392 2044 τοῖς
420 1981 653 2050 τυφλοῖς,
683 1981 732 2033 οἳ
769 1982 1111 2052 μαργαρίτην
1141 1981 1173 2050 ἢ
1200 1979 1526 2050 σμάραγδον,
1555 1980 1589 2048 ἦ
1610 1996 1729 2031 τινα

148 2074 257 2126 τῶν
293 2073 486 2141 τιμίων
509 2072 668 2125 λίθων
696 2075 751 2125 ὲν
771 2073 926 2142 χερσὶ
950 2071 1219 2133 λαϐόντες,
1259 2071 1334 2131 ὼς
1369 2069 1574 2139 ψηφίδα
1611 2066 1731 2121 τινὰ

151 2167 258 2221 τῶν
293 2167 514 2219 είκαίων
549 2164 657 2235 (67)
688 2164 1136 2234 ἀπορρίπτουσιν,
1179 2161 1368 2231 ἀγνοίᾳ
1393 2159 1484 2212 τοῦ
1507 2159 1732 2221 κάλλους

155 2258 424 2318 ἀκουσίως
452 2255 815 2327 ζημιωθέντες
841 2255 934 2308 τοῦ
965 2255 1260 2324 κτήματος,

1835 1801 1947 1853 haec
1979 1807 2061 1854 est
2097 1801 2386 1870 sapientia,
2423 1809 2477 1855 et
2520 1801 2788 1855 bonorum
2830 1801 3118 1856 custodia?
3159 1799 3236 1856 Ne
3270 1804 3398 1872 quis

1833 1888 2028 1943 divina:
2080 1890 2437 1945 humanitatis
2496 1898 2550 1944 et
2618 1891 2976 1959 benignitatis
3026 1891 3098 1945 sit
3147 1892 3303 1947 rudis
3345 1900 3400 1945 et

1834 1979 2077 2050 ignarus.
2114 1978 2250 2033 Nam
2277 1981 2368 2049 qui
2403 1980 2651 2050 intelligit
2681 1996 2803 2048 quae
2847 1987 3136 2035 assecutus
3183 1988 3287 2044 est,
3354 1983 3401 2037 is

1836 2071 2151 2139 neutiquam
2187 2070 2444 2137 abiecerit
2467 2071 2666 2124 bonum
2693 2069 2849 2135 illud,
2876 2085 2987 2139 quo
3017 2070 3257 2126 donatus
3286 2077 3394 2125 est.

1837 2162 1906 2214 At
1945 2161 2038 2228 qui
2067 2161 2294 2229 gratiam
2325 2175 2432 2215 nou
2457 2161 2732 2230 intelligit,
2758 2162 2809 2216 ei
2844 2161 2984 2216 idem
3015 2161 3212 2217 accidit
3253 2162 3401 2232 quod

1837 2251 2019 2314 caecis,
2053 2251 2144 2318 qui
2178 2252 2528 2321 margaritam
2557 2251 2640 2305 vel
2661 2252 3031 2322 smaragdnm,
3054 2253 3136 2307 vel
3167 2253 3402 2322 aliquem

155 2350 523 2417 pretiosorum
557 2346 790 2418 lapidum
832 2362 995 2400 manu
1036 2355 1301 2410 tenentes,
1347 2352 1408 2399 ut
1437 2345 1704 2399 calculum
1740 2344 1973 2415 aliquem
2009 2344 2282 2413 vulgarem
2310 2352 2365 2398 et
2391 2344 2593 2414 passim
2623 2345 2842 2400 obvium
2893 2344 3176 2414 abjiciunt,
3209 2347 3298 2416 qui
3332 2347 3404 2402 ob

151 2442 520 2511 ignorantiam
567 2437 989 2511 pulchritudinis
1046 2451 1166 2508 qua:
1223 2437 1278 2491 in
1336 2444 1486 2491 tanta
1535 2450 1592 2492 re
1637 2437 1797 2503 inest,
1827 2452 1889 2492 ea
1927 2446 2121 2508 praeter
2147 2453 2302 2492 suam
2341 2439 2674 2492 voluntatem
2709 2438 3012 2507 privantur.

697 2575 1092 2644 ΚΕΦΑΛᾼΙΟΝ
1129 2574 1204 2627 εγ.

220 2694 446 2756 Ταύτας
479 2692 537 2744 δὲ
579 2692 678 2754 τὰς
708 2691 868 2744 πέντε
907 2689 1015 2743 τῶν
1052 2687 1280 2758 ψαλμῶν
1313 2687 1632 2758 διαιρέσεις’
1665 2688 1731 2740 δι’

154 2788 228 2845 ῶν
285 2785 540 2855 καθάπερ
579 2782 728 2846 τινας
775 2781 1012 2851 βαθμοὺς
1059 2779 1301 2848 ἀλλήλων
1356 2777 1731 2850 ὑπερανεστῶ-

151 2895 252 2940 τας
277 2877 396 2946 (68)
420 2875 558 2928 κατά
589 2890 708 2926 τινα
728 2871 932 2934 τάξεως
958 2870 1276 2923 ἀκολουθίαν
1301 2869 1735 2938 κατανοήσαντες

2428 2571 2658 2629 CAPUT
2718 2572 2806 2627 IX.

1906 2687 2029 2740 lstaa
2089 2685 2255 2754 igitur
2303 2695 2431 2740 sunt
2489 2685 2735 2754 quinque
2789 2682 3002 2752 partitae
3051 2680 3397 2738 Psalmorum

1834 2777 2156 2842 divisiones,
2187 2793 2323 2848 quas
2357 2784 2616 2844 tanquam
2659 2773 2864 2844 gradus
2908 2774 3200 2854 quosdam,
3268 2775 3404 2828 alios

1837 2871 1961 2926 aliis
1989 2871 2234 2931 altiores,
2267 2867 2568 2923 secundum
2621 2865 2912 2936 quamdam
2963 2865 3174 2919 ordinis
3208 2866 3404 2920 seriem

154 2969 219 3019 ἐκ
250 2965 366 3018 τῶν
409 2964 711 3034 εἰρημένων
737 2961 1082 3032 διεκρίναμεν
1111 2960 1370 3030 σημείων,
1400 2959 1732 3017 ὃτιέκὰστου

1866 2960 2236 3026 onsideratas,
2278 2973 2342 3012 ex
2378 2956 2616 3026 propriis
2647 2956 2817 3026 signis
2854 2963 2909 3010 et
2943 2955 3161 3010 indiciis
3191 2955 3396 3010 discre-

154 3059 457 3128 τμήματος
489 3057 522 3124 ἡ
574 3052 861 3106 τελευταία
886 3052 1038 3124 φωνὴ
1075 3051 1261 3104 στάσιν
1293 3051 1417 3104 τινὰ
1450 3049 1544 3103 τοῦ
1577 3049 1735 3116 λόγου

155 3150 249 3200 καὶ
277 3146 440 3216 βάσιν
467 3145 567 3215 τῆς
595 3143 830 3207 διανοίας
858 3143 971 3212 ἔχει
996 3182 1012 3207 ,
1047 3140 1496 3214 περιγράφουσαν
1525 3142 1582 3194 ὲν
1613 3140 1738 3194 ἑαυ-

154 3241 221 3309 τῇ
259 3238 374 3290 τῶν
429 3234 850 3306 προηνυσμένων
897 3233 960 3286 τὸ
1006 3233 1199 3303 πέρας,
1232 3233 1319 3285 διὰ
1351 3232 1450 3302 τῆς
1470 3230 1736 3298 δοξολογι-

158 3331 262 3398 κῆς
296 3346 355 3380 τε
409 3327 503 3380 καὶ
562 3325 880 3395 εὐχαρίστου
912 3326 1094 3393 φωνῆς
1121 3325 1222 3396 τῆς
1244 3319 1738 3398 λεγούσης,‹Εὐλο-

157 3417 334 3487 τητδς
361 3415 565 3485 Κύριος
597 3415 674 3476 εἰς
696 3413 784 3466 τὸν
812 3413 1002 3473 αἰῶνα,
1024 3414 1254 3483 γένοιτο,
1270 3412 1494 3482 γένοιτο.
1513 3410 1611 3464 »Τὸ
1631 3407 1738 3474 γὰρ

157 3510 347 3578 νόημα
378 3506 608 3567 τούτων,
651 3503 967 3574 εὐχαριστία
999 3501 1081 3562 τίς
1110 3498 1218 3569 (69)
1252 3501 1397 3550 ἐστιν
1426 3499 1503 3560 εἰς
1536 3497 1595 3549 τὸ
1624 3496 1738 3565 διη-

158 3596 325 3657 νεκὲς
372 3592 763 3664 παραμένουσα
790 3611 803 3624 ·
861 3589 1043 3658 ἐπειδὴ
1091 3588 1190 3642 οὐκ
1235 3585 1467 3651 εἰσάπαξ
1513 3585 1680 3639 εἰπὼν
1711 3588 1739 3639 ὁ

157 3687 325 3753 λόγος
347 3685 618 3751 ,ι’ένοιτο,
639 3682 834 3750 ἔστησε
867 3679 962 3749 τὴν
1011 3678 1287 3746 εὐλογίαν,
1318 3677 1452 3730 ἀλλά
1482 3680 1547 3745 τῇ
1583 3677 1736 3747 δισσῇ

158 3773 436 3843 ἀναλήψει
473 3771 572 3840 τῆς
614 3768 795 3838 φωνῆς
825 3769 884 3820 ὲν
922 3771 988 3838 τῇ
1034 3767 1350 3838 εὐχαριστίᾳ
1383 3763 1657 3835 νομοθετεῖ
1680 3765 1740 3816 τὸ

157 3862 364 3916 ἀΐδιον.
409 3861 497 3912 Ἐν
522 3860 733 3927 ἑκάστῳ
761 3859 818 3912 δὲ
861 3859 1015 3928 μέρει
1059 3857 1165 3910 τῶν
1200 3857 1335 3910 κατὰ
1366 3856 1433 3909 τὰ
1464 3855 1574 3926 (70)
1600 3855 1742 3926 τμή-

161 3969 316 4022 ματα
363 3949 540 4003 ταῦτα
582 3948 971 4018 διαιρεθέντων,
1003 3947 1132 4000 ἴδιόν
1171 3963 1223 4000 τι
1267 3947 1467 4014 ἀγαθὸν
1514 3949 1542 4000 ὁ
1583 3946 1739 4014 λόγος

156 4040 528 4112 ὲνεθεώρησε,
553 4040 620 4093 δι’
652 4035 712 4094 οὐ
744 4039 952 4107 γίνεται
985 4040 1117 4108 ἡμῖν
1146 4038 1209 4090 ἐκ
1241 4036 1374 4090 θεοῦ
1408 4039 1440 4108 ἡ
1473 4037 1738 4107 μακαριό-

157 4151 285 4204 της,
330 4132 474 4186 κατά
509 4148 632 4184 τινα
685 4129 836 4195 τάξιν
874 4126 1164 4181 ἀκόλουθον
1199 4126 1309 4180 τῶν
1360 4128 1417 4180 ὲν
1455 4127 1567 4197 (71)
1612 4127 1742 4180 ἑκά·

158 4241 279 4292 στῳ
325 4221 714 4292 θεωρουμένων
746 4218 999 4286 ἀγαθῶν,
1025 4218 1111 4270 ἀεὶ
1139 4217 1274 4286 πρὸς
1309 4216 1371 4269 τὸ
1410 4216 1740 4287 ὑψηλότερον

1836 3052 2037 3112 vimus,
2058 3049 2185 3119 quia
2217 3049 2485 3117 cujusque
2522 3047 2783 3102 sectionis
2815 3061 2916 3102 vox
2952 3047 3244 3100 terminum
3295 3059 3413 3100 ser-

1837 3141 1986 3195 moui
2025 3149 2079 3194 et
2129 3149 2324 3193 metam
2378 3137 2695 3207 cogitationi
2739 3137 2918 3209 ponit,
2967 3136 3406 3206 circumscriptis

1837 3230 2265 3300 praacedentinm
2329 3229 2552 3290 ﬁnibus,
2622 3227 2940 3296 hujusmodi
2987 3227 3301 3282 laudatione
3357 3236 3405 3282 et

1837 3324 2134 3392 gratiarum
2175 3320 2432 3375 actione:
2474 3337 2494 3370 σ
2536 3318 2860 3374 Benedictus
2893 3319 3160 3374 Dominus
3205 3320 3260 3373 in
3308 3333 3397 3374 sa:-

1838 3413 2044 3476 culum,
2074 3411 2184 3475 fiat,
2217 3413 2330 3465 liat.
2357 3429 2375 3461 ι
2417 3411 2622 3466 Sensus
2641 3411 2787 3465 enim
2819 3412 2905 3465 his
2938 3412 3253 3466 substratus
3274 3428 3398 3467 con-

1838 3505 1974 3558 tinet
2003 3503 2304 3572 gratiarum
2337 3503 2606 3556 actionem
2633 3501 2691 3555 in
2723 3509 3045 3570 perpetuum
3066 3503 3397 3571 durantem;

1839 3594 2276 3666 quandoquidem
2303 3594 2465 3648 semel
2495 3607 2703 3656 vocem,
2737 3616 2756 3648 σ
2789 3594 2901 3657 ﬁat,
2925 3611 2945 3643 ι
2989 3594 3261 3661 posuisse,
3297 3596 3406 3650 sie-

1839 3698 1946 3753 que
1997 3682 2365 3735 laudationem
2416 3681 2744 3734 terminasse
2775 3695 2885 3734 non
2927 3675 3245 3746 contentus,
3284 3699 3404 3738 eam

1839 3774 2127 3843 duplicat:
2170 3787 2275 3841 qua
2320 3771 2567 3840 ejusdem
2626 3772 2777 3825 vocis
2831 3771 3124 3828 iteratione
3165 3773 3404 3829 insinuat

1844 3873 1898 3921 et
1933 3865 2220 3920 conﬁrmat
2300 3861 2720 3932 perpetuitatem
2783 3863 3086 3932 gratiarum
3148 3864 3406 3922 actionis.

1843 3954 2010 4008 Porro
2060 3955 2114 4007 in
2172 3951 2415 4021 qualibet
2463 3960 2619 4018 parte
2656 3950 3040 4018 praedictarum
3099 3953 3406 4007 sectionum

1840 4044 2120 4115 proprium
2180 4042 2459 4113 quoddam
2509 4041 2713 4095 bonum
2778 4041 3215 4098 animadvertere
3263 4045 3407 4111 licet,

1839 4148 1936 4202 per
1965 4131 2108 4202 quod
2141 4131 2300 4185 nobis
2332 4129 2612 4184 beatitudo
2661 4131 2902 4193 obvenit,
2959 4133 3262 4188 secundum
3317 4151 3408 4189 or-

1840 4225 2022 4279 dinem
2062 4223 2374 4294 quemdam,
2409 4221 2504 4291 qui
2547 4221 2600 4275 in
2633 4221 2864 4290 singulis
2895 4221 3006 4277 illis
3039 4223 3198 4278 bonis
3226 4225 3409 4280 inesse

154 4315 264 4386 τὴν
289 4313 474 4384 ψυχὴν
505 4309 834 4380 ὐπερτιθεὶς,
858 4308 932 4372 ὠς
972 4307 1037 4362 ἂν
1073 4307 1167 4360 ἐπὶ
1191 4306 1252 4360 τὸ
1288 4307 1583 4378 ἀκρότατον
1611 4307 1738 4376 ἀφί-

1866 4315 2228 4384 :onspicitur;
2272 4326 2490 4381 semper
2542 4310 2609 4364 ad
2639 4310 2833 4363 altiora
2888 4309 3073 4364 animo
3127 4311 3406 4377 traducto,

155 4423 333 4478 κηται
356 4404 473 4475 (72)
501 4402 610 4456 τῶν
631 4399 868 4470 ἀγαθῶν.

228 4497 413 4551 Τοῦτο
449 4493 507 4547 δέ
559 4494 704 4546 ἐστιν
742 4493 772 4544 ὁ
816 4487 961 4554 αἶνος
1001 4488 1094 4542 τοῦ
1135 4486 1269 4541 Θεοῦ
1314 4487 1426 4558 (75)
1480 4488 1539 4540 ἐν
1583 4490 1746 4542 πᾶσιν

155 4586 344 4658 ἁγίοις
366 4582 872 4654 ἀποπληρούμενος,
895 4578 1077 4642 καθὼς
1115 4577 1360 4649 περιέχει
1388 4580 1416 4631 ὁ
1443 4578 1745 4643 τελευταῖος

154 4677 384 4747 ψαλμὸς
398 4675 596 4743 λέγων’
621 4692 639 4724 ι
651 4675 857 4726 Αἰνεῖτε
873 4670 962 4724 τὸν
981 4668 1113 4722 Θεὸν
1129 4670 1186 4721 ὲν
1206 4671 1316 4732 τοῖς
1337 4669 1510 4736 ἁγίοις
1527 4667 1709 4722 αὐτοῦ.
1722 4687 1742 4720 ι

161 4769 348 4825 cono“
385 4766 500 4836 (ῃ)
535 4782 555 4815 ι
590 4763 651 4816 τδ
678 4762 960 4834 στερέωμα
985 4759 1086 4829 τῆς
1109 4759 1438 4828 δυνάμεως,ι
1476 4759 1536 4812 τὸ
1560 4761 1624 4812 ἐκ
1653 4758 1745 4814 τοῦ

157 4859 380 4928 ἀγαθοῦ
414 4856 804 4926 ἀμετάπτωτον
829 4851 1228 4922 σημαίνει(¹75),
1251 4848 1344 4902 καὶ
1366 4849 1422 4899 αἱ
1448 4848 1749 4902 δυναστεῖαι

158 4951 260 5004 τοῦ
282 4947 445 5011 Θεοῦ,
470 4945 532 5000 τδ
555 4944 748 5016 μηκέτι
767 4943 871 4996 ὑπὸ
893 4941 1089 5004 κακίας
1103 4937 1517 4993 δυναστεύεσθαι
1536 4941 1633 5012 τὴν
1650 4939 1751 5010 φύ-

241 5107 294 5136 ⁸⁸³
326 5103 565 5172 Philipp.
597 5115 671 5164 iv,
701 5097 754 5152 7.
831 5097 871 5128 "
901 5094 1042 5150 Psal.
1077 5109 1161 5158 CL,
1195 5095 1217 5146 1
1251 5057 1372 5162 sqq:

244 5261 366 5333 (65)
392 5258 667 5333 Ἐνεργόν,
692 5256 780 5333 e_d.

241 5326 366 5400 (66)
394 5326 640 5400 “potato.
670 5326 758 5381 ed.

244 5386 371 5488 (6⁸1)
424 5386 645 5468 Ᾰιίψιοι
679 5394 1008 5465 exemplaria
1060 5393 1203 5448 edita
1253 5389 1393 5445 male
1439 5387 1642 5444 habent
1668 5386 1749 5440 oi-

170 5489 378 5527 καιων.

248 5540 372 5606 (68)
407 5539 626 5606 Aliquot
669 5533 828 5606 codd.
858 5531 1328 5604 {imputares-rimae.

245 5605 367 5680 (69)
392 5608 487 5672 Τίς
509 5605 621 5663 om.
653 5605 740 5660 cd.

1845 4406 2019 4461 donec
2051 4404 2116 4458 ad
2140 4417 2458 4474 supremum
2508 4401 2752 4456 omnium
2805 4401 3070 4454 bonorum
3115 4403 3408 4473 pertingat.

1919 4495 2034 4550 Hoc
2063 4510 2193 4550 vero
2226 4496 2368 4563 quod
2403 4491 2658 4547 omnibus
2690 4505 2980 4547 commune
2997 4492 3125 4558 erit,
3155 4493 3228 4546 nil
3263 4494 3410 4549 aliud

1846 4595 1950 4650 est,
1986 4601 2150 4656 quam
2185 4586 2363 4641 laudis
2400 4584 2598 4638 divina:
2645 4582 3107 4654 celebratio,qu:e
3135 4587 3189 4639 in
3235 4587 3418 4640 omni-

1846 4678 1950 4734 bus
1987 4678 2196 4732 sanctis
2229 4669 2627 4747 complebiiur;
2659 4686 2819 4745 prout
2857 4674 2913 4728 in
2955 4685 3235 4745 postremo
3264 4679 3409 4745 psal-

1848 4783 1938 4822 mo
1981 4768 2215 4822 babetur
2239 4784 2253 4820 :
2275 4787 2291 4818 ι
2305 4766 2546 4823 Laudate
2561 4765 2919 4822 Dominumin
2937 4766 3147 4820 sanctis
3159 4761 3322 4833 ejus“
3344 4776 3386 4814 τι

1849 4857 1942 4910 ubi
1987 4856 2152 4910 etiam
2193 4875 2211 4906 σ
2237 4856 2637 4909 ﬁrmamentum
2681 4853 2900 4908 virtutis
2951 4851 3072 4920 ejus
3097 4867 3117 4902 ι
3159 4849 3417 4901 immuta-

1850 4946 2012 5002 bilem
2052 4946 2418 5002 constantiam
2445 4944 2500 4998 in
2524 4944 2667 4999 bono
2694 4941 2963 5014 significat
2992 4960 3007 4997 :
3035 4936 3413 5007 Principatus-

1923 5242 2035 5311 (70)
2067 5243 2148 5296 Τὰ
2171 5255 2281 5294 om.
2315 5241 2411 5311 cd-

1923 5256 2013 5311 (70
2068 5256 2148 5296 ἰἀ
2171 5256 2281 5294 om.
2315 5256 2380 5293 ea

1921 5256 2035 5381 (71)
2056 5313 2144 5366 Ἐν
2177 5325 2292 5381 om.
2314 5310 2398 5363 ed.

1923 5374 2034 5450 (72)
2065 5380 2370 5450 Ἐφίκηται,
2392 5374 2486 5450 ed.

1927 5441 2036 5520 (75)
2076 5441 2150 5503 ’θ’
2163 5441 2358 5520 μηκέτι
2380 5445 2486 5520 ὐπὸ
2514 5443 2708 5508 κακίας
2737 5442 2862 5500 add.
2890 5441 2976 5501 cd-

1929 5489 2040 5587 i‘ii')
2067 5489 2134 5574 ΔΞ
2163 5489 2416 5572 ἐἰλίἇῖἒαῖ

1932 5585 2043 5662 (75)
2074 5587 2446 5660 Διασημαίνει,
2483 5585 2569 5641 ed.
