3800 5980
365 228 471 285 ἐνεὸ

1640 214 1698 271 S.
1734 212 2063 272 GREGURII
2100 212 2394 269 NYSSENI

3522 217 3627 277 48‘

368 353 476 409 que
508 350 604 392 seu
633 334 862 391 virtutes
888 330 990 388 Dei
1039 329 1340 388 ostendunt
1381 335 1634 384 naturam
1683 342 1945 391 nonam-

2079 345 2134 381 ἰν
2183 324 2601 398 παραδηλοῦσιν.
2641 326 2769 380 Ὅτε
2806 330 2973 399 χωρεῖ
3011 330 3196 388 λοιπὸν
3232 335 3265 406 ἡ
3306 335 3624 409 ἀνθρωπίνη

370 432 516 503 pilus
543 428 658 483 fore
683 425 1045 481 dominationi
1082 424 1293 497 peccati
1343 421 1680 487 obnoxiam;
1727 419 1949 489 quando

372 524 611 577 humana
649 528 844 573 natura
886 518 954 573 de
1004 526 1222 581 caetero,
1284 513 1583 571 secundum
1639 510 1949 565 multitudi-

372 629 500 669 nem
524 606 920 682 magnitudinis
942 609 1063 678 ejus
1100 608 1316 663 laudem
1352 606 1626 669 instituet,
1680 619 1789 658 non
1833 604 1947 674 jam

374 721 601 776 parvum
632 701 892 773 quiddam
929 708 983 756 et
1010 700 1151 755 exile
1181 713 1497 762 resonans“
1523 696 1618 752 sed
1648 696 1802 750 vocis
1835 708 1952 748 ma-

376 797 666 869 gnitudine
715 795 901 848 tubam
934 806 1248 862 exaequatis.
1292 790 1383 843 Ait
1447 789 1590 843 enim
1619 805 1634 843 :
1667 806 1685 839 ι
1710 787 1951 842 Laudate

376 891 430 944 in
463 903 599 942 sono
630 886 793 949 tubas,
824 904 841 936 ι
879 883 1098 954 quando
1128 883 1294 937 etiam
1329 881 1495 951 hujus
1542 879 1794 934 universi
1826 879 1952 931 har-

378 980 618 1034 moniam
650 987 705 1032 et
736 984 1071 1033 concentum
1115 974 1423 1029 imitabitur
1470 972 1639 1027 variis
1683 978 1737 1025 et
1765 970 1953 1024 multi-

376 1072 529 1140 genis
560 1069 880 1130 virtutibus,
911 1066 1072 1137 quasi
1124 1080 1393 1136 organum
1430 1062 1542 1118 Deo
1602 1062 1743 1117 facta
1810 1061 1952 1132 aptis

328 1146 341 1161 κ
377 1159 781 1227 concinnisque
826 1149 1084 1212 modulis
1145 1166 1200 1212 et
1253 1156 1631 1211 concentibus.
1697 1151 1954 1208 Nominat

379 1267 510 1306 vero
559 1251 661 1305 huc
696 1249 926 1320 ﬁgurata
972 1249 1209 1319 quadam
1248 1247 1510 1315 loquendi
1550 1246 1726 1300 forma
1761 1265 1779 1296 ‹
1807 1245 1954 1314 psal-

379 1345 577 1399 terium
608 1353 664 1398 et
717 1342 1007 1397 citharam.
1039 1360 1058 1394 ›
1110 1339 1243 1395 Post
1289 1339 1451 1409 cujus
1499 1336 1951 1401 modulationem,

380 1434 622 1504 seposito
649 1434 796 1487 omni
833 1432 924 1485 illo
955 1428 1100 1500 quod
1129 1437 1388 1483 terrestre
1419 1435 1526 1490 est,
1559 1433 1838 1481 etmutum
1867 1436 1955 1477 vo-

382 1529 575 1595 cisque
616 1539 836 1593 expers,
899 1522 954 1575 in
1006 1530 1389 1592 tympanorum
1445 1516 1740 1586 magniﬁco
1789 1522 1951 1569 cantu

383 1616 667 1672 consociat
697 1613 1016 1668 coelestibus
1041 1611 1225 1665 choris
1253 1608 1597 1680 propriarum
1622 1605 1954 1660 chordarum

2048 418 2277 489 δύναμις
2327 417 2469 471 κατὰ
2512 418 2573 470 τὸ
2625 417 2827 488 πλῆθος
2862 421 2961 490 τῆς
3015 424 3405 495 μεγαλωσύνης
3455 428 3628 483 αὐτοῦ

2051 510 2320 564 ποιεῖσθαι
2351 510 2441 563 τὸν
2466 505 2642 573 αἶνον,
2673 511 2853 564 οὐκέτι
2890 513 3062 584 μικρὰ
3093 515 3435 591 φθεγγομένη
3456 561 3473 584 ,
3508 524 3631 575 ἀλλ’

2050 602 2149 674 ἤδη
2186 601 2455 673 παριοῦσα
2493 604 2559 672 τῇ
2605 602 2984 676 μεγαλοφωνίᾳ
3011 605 3108 670 τὰς
3148 606 3451 678 σάλπιγγας
3482 609 3628 681 (76).

2050 692 2188 765 Φησὶ
2215 694 2345 763 γάρ’
2378 710 2396 743 ι
2431 693 2640 745 Αἰνεῖτε
2666 693 2757 747 τὸν
2788 693 2991 765 Κύριον
3020 698 3076 748 ἐν
3102 697 3218 767 ἤχῳ
3246 697 3567 768 σάλπιγγος.
3605 721 3626 753 ι

2054 783 2183 835 Ὅτε
2217 784 2311 835 καὶ
2346 785 2589 852 μιμεῖται
2619 783 2717 853 τὴν
2746 783 2839 835 τοῦ
2870 784 3070 848 παντὸς
3100 786 3364 857 ἁρμονίαν
3393 788 3472 858 τῷ
3505 807 3632 842 ποι-

2053 871 2187 942 κίλῳ
2204 888 2263 925 τε
2290 872 2385 924 καὶ
2422 871 2689 925 πολυειδεῖ
2713 871 2819 926 τῶν
2843 872 3076 942 ἀρετῶν,
3101 873 3327 944 ὄργανον
3349 877 3407 928 ἐν
3431 876 3634 948 ῥυθμῷ

2057 962 2317 1033 μελῳδίας
2352 960 2431 1031 τῷ
2459 961 2576 1031 Θεῷ
2613 961 2875 1033 γενομένη
2899 963 3032 1033 (77).
3076 964 3357 1032 Ὀνομάζει
3381 966 3439 1018 δὲ
3467 968 3635 1021 τοῦτο

2053 1053 2142 1105 διά
2168 1068 2308 1116 τινος
2332 1048 2882 1125 τροπικῆςσημασίας
2900 1071 2917 1104 ι
2943 1052 3238 1125 ψαλτήριον
3267 1072 3327 1109 τε
3351 1057 3449 1109 καὶ
3472 1058 3634 1111 κιθά-

2057 1162 2155 1217 ραν
2181 1146 2209 1197 ὁ
2241 1144 2417 1213 λόγος.
2443 1165 2461 1197 ι
2482 1143 2773 1215 Μεθ’ὂ(78)
2793 1145 2902 1198 πᾶν
2935 1144 3135 1212 γεῶδές
3163 1161 3217 1198 τε
3275 1148 3369 1200 καὶ
3395 1150 3608 1218 κωφὸν,

2056 1234 2151 1287 καὶ
2204 1233 2314 1304 (79)
2348 1231 2573 1287 ἄναυδον
2602 1233 2934 1303 ἀποθεμένη,
2964 1236 3021 1286 ἐν
3058 1238 3124 1306 τῇ
3168 1236 3275 1289 τῶν
3327 1240 3634 1308 τυμπάνων

2059 1330 2442 1401 μεγαλοφωνίᾳ
2479 1332 2599 1392 ταῖς
2632 1329 2908 1400 οὐρανίαις
2947 1330 3187 1400 χορείαις
3229 1333 3488 1385 συνάπτει
3522 1334 3637 1387 τῶν

2062 1422 2205 1476 ίδίων
2231 1420 2434 1494 χορδῶν
2459 1421 2555 1497 τὸν.
2579 1415 2730 1491 ἦχον.
2770 1419 2969 1490 Χορδαὶ
3000 1406 3047 1473 δ’
3078 1420 3144 1474 ἂν
3173 1418 3282 1474 εἷεν
3304 1422 3382 1492 τῷ
3407 1423 3636 1495 ὀργάνῳ

2058 1511 2408 1580 ἐντεταμέναι
2446 1510 2584 1580 (80),
2612 1511 2674 1563 τὸ
2713 1511 2770 1563 ἐν
2799 1511 3000 1582 ἑκάστῃ
3046 1513 3213 1582 ἀρετῇ
3257 1513 3395 1586 πρὸς
3426 1515 3637 1567 κακίαν

2059 1598 2333 1653 άνὲνδοτόν
2366 1616 2426 1653 τε
2459 1601 2552 1654 καὶ
2596 1601 2916 1671 άχάλαστον.
2954 1600 3030 1654 Δι’
3060 1594 3135 1653 ὧν
3172 1602 3377 1669 γίνεται
3419 1603 3453 1674 η
3489 1603 3636 1674 καλὴ

387 1724 605 1765 sonum.
672 1704 901 1761 Chorda
946 1710 1126 1757 autem
1171 1703 1226 1755 in
1283 1714 1488 1769 organo
1538 1704 1778 1752 extensa:
1823 1692 1959 1748 nihil

2079 1689 2278 1743 ςυνοδία
2299 1690 2393 1742 τοῦ
2415 1690 2692 1760 κυμϐάλου
2716 1695 2835 1753 ταῖς
2874 1691 3088 1762 χορδαῖς
3127 1691 3478 1762 μιγνυμένου,
3498 1695 3636 1747 ὅταν

383 1803 530 1865 aliud
571 1802 792 1865 fuerint,
827 1814 990 1870 quam
1022 1798 1111 1851 ille
1140 1796 1194 1850 in
1234 1795 1477 1865 qualibet
1503 1793 1708 1846 virtute
1752 1789 1958 1843 insitus

383 1896 551 1964 rigor,
583 1907 693 1963 quo
721 1890 788 1944 ad
823 1890 1086 1950 malitiam
1116 1885 1320 1940 inﬂecti
1347 1894 1400 1939 et
1430 1879 1686 1936 inclinari
1737 1876 1952 1947 nequit.

383 1985 595 2052 Quibus
644 1982 899 2038 omnibus
936 1977 1216 2049 jucundus
1252 1976 1342 2029 ille
1386 1972 1622 2045 cymbali
1660 1975 1960 2023 conCentus

384 2076 609 2130 chordis
648 2074 945 2143 permistus
973 2068 1226 2129 elﬁcitur,
1270 2063 1489 2135 quando
1527 2076 1699 2117 sonus
1739 2058 1960 2128 cymba-

385 2165 588 2228 lorum,
623 2172 857 2219 mentem
886 2161 1109 2221 excitat,
1152 2167 1209 2214 ut
1237 2158 1453 2211 divinos
1485 2155 1609 2209 illos
1650 2158 1829 2206 cmtus
1859 2149 1958 2204 ob-

384 2268 494 2319 eat,
520 2263 573 2309 et
606 2254 949 2322 frequentet;
976 2251 1120 2321 quod
1165 2249 1385 2319 quidem
1433 2245 1572 2299 mihi
1604 2245 1835 2298 innuere
1874 2241 1962 2295 vi—

386 2347 543 2402 detur
573 2350 780 2397 naturae
828 2349 1030 2396 nostra:
1095 2354 1220 2392 cum
1255 2336 1460 2406 angelis
1508 2334 1842 2396 societatem,
1888 2328 1964 2385 ait

384 2438 530 2494 enim
566 2452 579 2489 :
619 2433 900 2487 «Laudate
946 2430 1236 2485 Dominum
1293 2429 1347 2481 in
1390 2425 1657 2497 cymbalis
1690 2424 1826 2478 bene
1866 2435 1960 2476 so-

386 2529 665 2583 nantibus.
699 2546 717 2578 ι
757 2524 1077 2581 Conventus
1108 2522 1254 2577 enim
1298 2518 1390 2573 ille
1445 2517 1706 2587 angelicae
1753 2523 1963 2568 natura:

386 2636 511 2674 cum
547 2619 806 2681 humana,
838 2613 1061 2685 quando
1095 2612 1331 2666 humana
1362 2609 1426 2663 ad
1456 2608 1613 2661 ﬁnem
1649 2620 1808 2662 suum
1836 2619 1962 2675 per-

385 2711 621 2774 venerit,
658 2716 867 2779 gratam
902 2706 1049 2759 illam
1098 2703 1395 2774 gratiarum
1444 2701 1679 2755 actionis
1713 2696 1965 2753 modula-

386 2801 614 2865 tionem,
639 2806 830 2852 mntuo
861 2809 1162 2864 congressu
1190 2791 1421 2857 eﬂiciet;
1452 2791 1725 2860 simulque
1755 2787 1964 2858 junctis

385 2889 610 2943 vocibus
638 2886 1026 2956 benignitatem
1047 2882 1138 2936 Dei
1173 2894 1338 2949 super
1368 2893 1558 2933 omnes
1594 2884 1855 2947 perpetuo
1878 2874 1962 2929 ef-

389 2979 570 3032 fusam
598 2974 912 3037 ,decantabit
936 2989 950 3037 ;
979 2971 1084 3024 hoc
1113 2970 1257 3025 enim
1292 2967 1524 3039 cymbali
1562 2981 1685 3021 cum
1713 2964 1962 3036 cymbalo

389 3066 707 3136 conjunctio
738 3062 1031 3134 signiﬁcat.
1068 3059 1385 3130 Cymbalum
1415 3073 1582 3111 unum
1617 3066 1700 3112 est
1725 3055 1962 3110 ccclesiis

388 3157 486 3212 illa
519 3157 833 3226 angelorum
868 3161 1096 3218 natura;
1149 3151 1381 3205 alterum
1417 3146 1722 3219 cymbalum
1761 3153 1843 3201 est
1876 3159 1965 3198 ra-

390 3247 614 3303 tionalis
642 3245 922 3300 hominum
951 3253 1236 3307 creatura;
1285 3240 1381 3296 sed
1416 3248 1697 3309 peccatum
1726 3237 1869 3292 hanc
1896 3236 1966 3291 ab

391 3340 483 3395 illa
507 3337 797 3407 separavit,
826 3350 962 3413 quas
990 3349 1112 3389 cum
1154 3331 1338 3387 denuo
1386 3330 1478 3413 βοὶ
1524 3328 1828 3400 benignitas
1869 3344 1965 3384 co-

390 3429 677 3502 pulaverit,
698 3435 830 3482 tunc
857 3408 1133 3482 resonabit
1169 3408 1403 3494 utraque
1426 3421 1477 3475 in
1511 3437 1679 3475 unum
1705 3421 1815 3490 jam
1831 3434 1965 3474 con-

390 3520 536 3587 ﬂata,
568 3520 826 3590 hymnum
864 3518 1035 3583 illum,
1070 3517 1218 3586 quia,
1242 3522 1302 3569 ut
1336 3528 1571 3584 magnus
1613 3512 1689 3566 ait
1733 3511 1968 3580 Aposto—

392 3610 509 3667 lus:
551 3628 568 3660 σ
593 3610 786 3664 Omnis
821 3609 1000 3677 lingua
1044 3606 1390 3661 confitebitur
1430 3604 1758 3664 caelestium,
1796 3610 1970 3656 terre-

396 3703 616 3766 strium,
649 3684 1084 3765 etinl‘ernorum,
1117 3696 1396 3751 Christum
1433 3708 1554 3749 esse
1579 3692 1632 3746 in
1676 3691 1849 3761 gloria
1868 3691 1972 3744 Pa-

393 3795 574 3848 tris“.
604 3812 623 3845 ι
671 3791 791 3858 Quo
819 3791 964 3844 l‘acto
1000 3788 1370 3844 decantabunt
1413 3786 1528 3839 haec
1560 3782 1809 3856 cymbala
1854 3781 1973 3852 epi-

395 3884 627 3944 nicium,
674 3896 769 3935 seu
801 3894 1021 3933 carmen
1071 3877 1373 3939 victoriale,
1422 3882 1681 3942 tanquam
1745 3870 1972 3924 victoria

397 3981 575 4043 parta,
621 3970 692 4024 ob
724 3981 1071 4022 communem
1107 3965 1220 4034 jam
1269 3964 1645 4026 concordiam,
1689 3960 1896 4015 abolito
1920 3967 1974 4014 et

402 4061 685 4135 proﬂigato
724 4058 1072 4123 adversario;
1120 4071 1230 4126 quo
1273 4055 1503 4124 depulso
1547 4060 1601 4107 et
1639 4052 1697 4105 in
1742 4050 1972 4104 nihilum

400 4152 648 4214 redacto,
678 4148 1053 4203 indesinenter
1085 4146 1155 4200 ab
1183 4144 1329 4198 omni
1374 4142 1593 4212 spiritu,
1631 4140 1749 4210 pari
1793 4139 1976 4195 studio

397 4253 453 4299 et
476 4251 675 4298 conatu
704 4242 823 4295 laus
847 4248 901 4295 et
927 4239 1162 4310 hymnus
1200 4236 1310 4290 Deo
1354 4235 1411 4288 in
1443 4248 1662 4289 onmem
1700 4233 1975 4285 aeternita-

2059 1781 2088 1832 6
2113 1779 2221 1833 τῶν
2249 1780 2541 1850 κυμϐάλων
2562 1777 2690 1852 ἦχος
2737 1785 2815 1842 είς
2833 1781 2929 1852 τὴν
2965 1780 3114 1833 Θείαν
3144 1782 3504 1852 χοροστασίαν
3535 1783 3641 1835 ἐπ-

2060 1871 2248 1946 εγείρῃ
2277 1872 2375 1944 τὴν
2389 1873 2501 1945 (81)
2532 1874 2855 1945 προθυμίαν.
2875 1872 3050 1946 Ὅπερ
3081 1893 3169 1945 μοι
3197 1875 3345 1928 δοκεῖ
3368 1877 3468 1946 τὴν
3495 1876 3641 1946 πρὸς

2058 1962 2185 2024 τοὺς
2217 1962 2478 2031 ἀγγέλους
2504 1964 2600 2034 τῆς
2639 1961 2849 2031 φύσεως
2881 1963 3038 2031 ἡμῶν
3063 1962 3437 2034 διερμηνεύειν
3473 1965 3643 2017 συνά-

2063 2067 2240 2119 φειαν,
2279 2052 2335 2104 ἐν
2368 2045 2411 2120 ᾧ
2450 2069 2637 2122 φησιν,
2676 2071 2693 2103 ι
2719 2052 2926 2105 Αἰνεῖτε
2957 2053 3049 2106 τὸν
3089 2054 3290 2126 Κύριον
3322 2056 3380 2109 ἐν
3412 2057 3641 2127 κυμϐά-

2061 2141 2174 2206 λοις
2196 2141 2428 2212 εὑήχοις.
2464 2161 2482 2194 ι
2519 2138 2588 2195 Ἦ
2613 2142 2720 2212 γὰρ
2741 2140 2959 2213 τοιαύτη
2979 2145 3315 2210 σύνοδος,τοῠ
3344 2147 3642 2215 ἀγγελικοῦ

2061 2232 2203 2301 λέγω
2255 2233 2391 2303 πρὸς
2414 2232 2474 2286 τὸ
2502 2232 2861 2304 ἀνθρώπινον,
2902 2237 3033 2290 ὅταν
3061 2239 3337 2311 ἐπαναχθῇ
3370 2240 3511 2312 πρὸς
3539 2241 3645 2309 τὴν

2062 2323 2291 2394 ἀρχαίαν
2304 2323 2414 2392 (8‘2)
2439 2322 2631 2395 λῆξινή
2650 2324 2958 2399 ἀνθρωπίνη
2975 2326 3258 2396 φύσις,τὸν
3272 2329 3478 2398 γλυκὺν
3497 2330 3650 2384 ἐκεῖ-

2063 2431 2151 2468 νον
2182 2407 2339 2486 ἦχον-
2363 2414 2449 2467 διὰ
2479 2414 2578 2485 τῆς
2632 2415 2768 2488 πρὸς
2814 2417 3075 2489 ἀλλήλους
3124 2419 3497 2490 συμπτώσεως
3540 2424 3650 2491 τῆς

2063 2506 2414 2578 εὐχαριστίας
2461 2505 2798 2560 ἀποτελέσειο
2851 2510 2940 2563 καὶ
2975 2509 3037 2562 δι’
3074 2509 3336 2582 ἀλλήλων,
3372 2512 3468 2563 καὶ
3520 2514 3648 2583 μετ’

2063 2597 2306 2668 ἀλλήλων
2356 2598 2455 2668 τὴν
2484 2599 2575 2650 ἐπὶ
2623 2600 2690 2668 τῇ
2740 2597 3117 2671 φιλανθρωπίᾳ
3160 2599 3513 2670 εὐχαριστίαν
3563 2601 3647 2670 τῷ

2063 2688 2181 2760 Θεῷ
2207 2689 2496 2760 γινομένην
2543 2688 2632 2742 διὰ
2665 2690 2863 2753 παντὸς
2892 2692 3209 2760 άνυμνήσει.
3248 2690 3418 2744 Τοῦτο
3459 2691 3572 2761 γὰρ
3610 2695 3650 2761 ἡ

2062 2780 2154 2833 τοῦ
2187 2780 2466 2850 κυμϐάλου
2494 2780 2629 2852 πρὸς
2649 2780 2708 2833 τὸ
2735 2779 3010 2851 κύμϐαλον
3031 2781 3359 2834 ἐνδείκνυται
3396 2782 3646 2847 σύνοδος.

2069 2871 2165 2923 Ἓν
2210 2871 2566 2941 κύμϐαλον,ἡ
2605 2871 2968 2943 ύπερκόσμιος
3012 2873 3120 2925 τῶν
3151 2871 3397 2941 ἀγγέλων
3436 2874 3602 2943 φύσις
3626 2891 3647 2905 ο

2052 2960 2249 3033 ἕτερον
2286 2961 2586 3033 κύμϐαλον,
2634 2965 2666 3034 ή
2707 2963 2900 3035 λογικὴ
2944 2963 3051 3017 τῶν
3100 2962 3400 3033 ἀνθρώπων
3440 2964 3650 3027 κτίσις.

2076 3053 2235 3108 Ἀλλὰ
2271 3054 2547 3125 διέστησεν
2582 3057 2615 3125 ἡ
2651 3056 2893 3126 ἁμαρτία
2924 3053 3083 3108 τοῦτο
3120 3055 3352 3108 ἐκείνου·
3384 3056 3515 3108 ὅταν
3551 3052 3655 3110 οὖν

2066 3144 2227 3198 πάλιν
2252 3147 2285 3216 ἡ
2316 3145 2409 3198 τοῦ
2435 3145 2570 3198 Θεοῦ
2606 3146 2983 3218 φιλανθρωπία
3017 3146 3226 3218 συνάψῃ
3252 3146 3502 3217 ἀλλήλοις
3531 3149 3649 3216 ἀμ’

2067 3235 2290 3305 φότερα,
2324 3236 2444 3288 τότε
2475 3237 2670 3306 ἡχήσει
2693 3236 2783 3290 τὸν
2817 3233 2963 3290 αἶνον
2980 3238 3182 3290 ἐκεῖνον
3207 3237 3298 3290 καὶ
3316 3237 3385 3291 τὰ
3406 3236 3500 3290 δύο
3524 3238 3654 3307 μετ’

2066 3324 2305 3395 ἀλλήλων
2338 3325 2620 3407 γενόμενα,
2649 3325 2724 3389 ὥς
2774 3342 2903 3396 φησι
2949 3326 3059 3397 (85)
3093 3326 3185 3380 καὶ
3218 3329 3246 3380 6
3270 3326 3443 3397 μέγας
3485 3328 3655 3381 Ἀπό-

2070 3414 2273 3477 στολος·
2348 3416 2434 3470 ὅτι
2471 3433 2489 3466 ι
2525 3416 2681 3469 Πᾶσα
2707 3415 2926 3485 γλῶσσα
2955 3417 3442 3487 ἐξομολογήσεται,
3476 3418 3656 3471 ἐπου-

2072 3506 2290 3577 ρανίων,
2326 3506 2421 3560 καὶ
2454 3507 2729 3575 ἐπιγείων,
2778 3508 2871 3561 καὶ
2900 3506 3282 3578 καταχθονίων,
3331 3509 3414 3562 ὅτι
3440 3505 3655 3581 Κύριος

2083 3596 2288 3668 Ἰησοῦς
2314 3596 2547 3666 Χριστὸς
2580 3600 2659 3662 είς
2689 3598 2843 3664 δόξαν
2878 3599 3011 3652 Θεοῦ
3048 3599 3280 3671 Πατρός.
3321 3618 3340 3652 ι
3382 3592 3461 3653 Οὗ
3490 3617 3657 3669 γενο-

2075 3688 2259 3759 μένου,
2295 3689 2559 3743 ὲπινίκιον
2607 3690 2858 3757 ἀλαλάξει
2905 3694 2933 3745 6
2962 3691 3070 3744 τῶν
3103 3691 3397 3761 κυμϐάλων
3437 3692 3657 3747 τούτων

2073 3773 2223 3849 ἦχος,
2246 3776 2333 3831 διὰ
2367 3777 2470 3847 τῆς
2498 3778 2684 3847 κοινῆς
2719 3779 2976 3850 συνῳδίας
3005 3781 3097 3833 ἐπὶ
3126 3781 3204 3851 τῷ
3230 3781 3523 3853 ἀφανισμῷ
3552 3781 3657 3836 τοῦ

2077 3866 2460 3939 Πολεμίου(8εί)
2494 3871 2799 3940 γενόμενος.
2854 3870 3056 3925 Τούτου
3104 3871 3160 3924 δὲ
3198 3872 3476 3937 παντελῶς
3509 3874 3661 3942 ἀφα-

2074 3959 2346 4024 νισθέντος
2378 3961 2471 4014 κα)⁵
2502 3964 2581 4025 εἰς
2611 3962 2672 4015 τὸ
2713 3962 2788 4034 μὴ
2810 3957 2950 4016 εἶναι
2979 3965 3375 4035 περιελθόντος,
3410 3966 3658 4021 ἀδιαλεί-

2077 4066 2225 4111 πτως
2249 4047 2359 4119 (85)
2382 4051 2440 4103 ἐν
2464 4051 2613 4124 πάσῃ
2640 4055 2775 4122 πνοῇ
2798 4052 3074 4124 ὁμοτίμως
3110 4054 3244 4125 πρὸς
3262 4054 3352 4109 τὸν
3380 4055 3514 4110 Θεὸν
3535 4057 3657 4129 (86)

2077 4141 2106 4193 6
2161 4135 2309 4203 αἶνος
2365 4140 2427 4203 ἐς
2479 4140 2567 4193 ἀεὶ
2610 4140 3048 4213 πληρωθήσεται.
3120 4144 3335 4216 Ἐπειδὴ
3388 4143 3661 4217 γὰριούχ

2078 4229 2276 4300 ὡραῖος
2308 4227 2417 4300 (87)
2448 4223 2593 4292 αἶνος
2615 4230 2673 4284 ἐν
2695 4229 3276 4304 πόματιὰμαρτωλοῦ,
3292 4250 3308 4281 ι
3332 4231 3663 4302 ἁμαρτωλὸς

400 4344 509 4392 tem
543 4335 886 4405 persolvetur
911 4349 925 4399 ;
952 4345 1076 4385 cum
1101 4329 1245 4384 enim
1275 4328 1394 4383 laus
1424 4342 1534 4381 non
1573 4325 1643 4380 sit
1685 4342 1701 4375 ι
1730 4323 1960 4394 species:

2083 4322 2141 4376 δὲ
2171 4322 2290 4375 τότε
2316 4322 2415 4375 οὐκ
2447 4320 2596 4376 ἔσται
2617 4363 2632 4385 ,
2681 4322 2781 4392 τῆς
2816 4322 3088 4393 ἁμαρτίας
3133 4322 3232 4375 οὐκ
3267 4321 3456 4394 οὔσης,
3507 4325 3665 4376 πᾶσα

404 4428 461 4482 in
483 4441 580 4481 ore
616 4422 1047 4495 peetzatoris",i
1100 4428 1231 4475 tunc
1263 4425 1447 4473 autem
1492 4431 1600 4471 non
1653 4414 1726 4470 sit
1760 4415 1960 4468 futurus

2089 4413 2226 4485 πνοὴ
2249 4413 2337 4466 διὰ
2363 4414 2562 4477 παντὸς
2588 4413 2699 4484 (88)
2726 4413 2819 4467 τοῦ
2846 4413 3039 4477 αἰῶνος
3071 4414 3272 4468 αίνέσει
3301 4414 3393 4468 τὸν
3426 4414 3659 4485 Κύριον,

407 4516 689 4587 peccator,
748 4515 965 4570 sublato
997 4513 1145 4569 omni
1188 4519 1436 4582 peccato,
1494 4507 1721 4563 omnino
1756 4516 1971 4577 oportet
2022 4511 2080 4561 ut
2115 4506 2296 4561 omnis
2324 4504 2573 4575 spiritus,
2628 4504 2720 4575 qui
2769 4505 2826 4558 in
2874 4505 3073 4558 saaculo
3131 4505 3223 4559 illo
3282 4505 3405 4569 erit,
3468 4504 3663 4561 Domi-

408 4620 540 4660 num
571 4604 773 4657 laudet.
1293 4658 1316 4685 .

476 4697 625 4754 Talis
650 4697 814 4769 igitur
842 4698 927 4752 via
958 4697 1025 4752 ad
1053 4694 1444 4752 beatitudinem
1473 4691 1848 4748 demonstrata
1877 4706 1976 4746 no-

294 4792 353 4820 “
400 4792 487 4850 bis
521 4798 625 4859 est,
652 4806 683 4845 a
720 4789 944 4848 sublimi
976 4791 1079 4844 hac
1110 4801 1230 4858 qua:
1262 4795 1346 4842 est
1373 4785 1429 4840 in
1459 4783 1694 4841 Psalmis
1733 4783 1977 4854 philoso-

469 4975 514 5008 υ
546 4971 745 5042 Philip.
781 4986 845 5035 ιι,
872 4968 938 5024 10
1035 4969 1082 5002 ⁸³
1106 4966 1253 5022 Eccl.
1287 4980 1374 5022 xv.
1398 4966 1432 5020 9

485 5149 600 5216 I76)
634 5148 748 5216 Τῆς
776 5145 1096 5216 σάλπιγγος,
1131 5142 1218 5197 ed.

481 5213 596 5290 (77)
630 5213 919 5290 meum,
954 5213 1041 5268 ed.

480 5286 597 5353 (78)
628 5288 751 5348 Ὀν,
792 5286 879 5340 ed.

484 5358 596 5424 (79)
624 5355 698 5408 T6
727 5354 851 5408 add.
885 5353 972 5424 ed.

478 5422 500 5492 ζ
504 5422 592 5492 80)
625 5422 1068 5492 Ἐντεταγμέναι,
1104 5423 1188 5478 ed.

480 5478 593 5561 (ΒΗ
624 5494 735 5561 Τὴν
760 5478 872 5561 om:
889 5478 986 5545 'ed.

487 5560 603 5635 (82)
631 5560 889 5633 Ἀρχαίαν
909 5576 1017 5617 om.
1048 5562 1132 5618 ed.

2165 4678 2232 4743 Ἥ
2270 4689 2367 4760 μὲν
2396 4683 2487 4743 οὖν
2520 4688 2636 4751 ὁδὸς
2665 4688 2801 4761 πρὸς
2827 4688 2889 4742 τὸ
2924 4689 3213 4760 μακάριον,
3252 4687 3478 4757 τοιαύτη
3510 4689 3666 4759 παρὶι

2083 4782 2184 4852 τῆς
2217 4780 2458 4852 μεγάλης
2505 4778 2707 4851 ταύτης
2738 4780 2834 4863 τῆς
2867 4779 2978 4851 (89)
3006 4781 3062 4834 ἐν
3099 4782 3210 4844 τοῖς
3237 4776 3474 4849 ψαλμοῖς
3514 4777 3669 4847 φιλο-

2164 5130 2279 5197 (85)
2307 5127 2420 5182 Καὶ
2449 5142 2559 5183 οιιι.
2597 5125 2686 5181 ed.

2160 5200 2271 5269 (84)
2304 5197 2571 5269 Πολέμου,
2604 5197 2690 5250 ed.

2161 5263 2272 5343 (85)
2301 5263 2689 5343 Ἄδιάλςιπτος,
2712 5263 2796 5319 cd.

2162 5332 2273 5408 (86)
2311 5332 2369 5389 ὐ
2397 5332 2506 5408 om"2
2536 5334 2624 5408 ed.

2162 5404 2275 5466 (87)
2318 5407 2376 5459 '0
2405 5404 2529 5460 add.
2563 5405 2651 5457 ed.

2162 5471 2272 5541 (88)
2303 5475 2526 5537 Πάντως
2560 5476 2592 5542 ἠ
2622 5472 2730 5538 διά,
2765 5471 2853 5527 ed.

2162 5544 2274 5615 (89)
2310 5545 2419 5614 Τῆς
2451 5558 2558 5598 om.
2590 5542 2676 5598 ed.
