3800 5980
167 190 254 248 όθῦ

1513 181 1580 239 IN
1603 182 1935 243 PSALMOS.

3255 187 3361 244 486

167 303 321 373 σοφίας
351 301 476 371 ἡμῖν
518 299 809 372 ὑπεδείχθη
835 341 850 365 ,
894 300 981 355 ἀεὶ
1028 299 1162 372 πρὸς
1201 299 1261 354 τὸ
1295 298 1480 371 μεῖζόν
1508 317 1566 353 τε
1596 301 1690 354 καὶ

1806 301 1940 369 phia,
1996 319 2116 375 qua:
2172 319 2388 375 semper
2429 304 2496 359 ad
2543 303 2751 373 majora
2799 310 2853 359 et
2900 304 3092 360 altiora
3145 303 3363 359 virtutis

166 393 443 465 ὑψηλότερον
488 391 591 461 τῆς
628 393 717 445 ἐπὶ
763 391 858 462 τὴν
904 392 1103 463 ἀρετὴν
1156 393 1427 455 πολιτείας
1469 394 1687 447 ἐπεισά-

119 485 127 493 ’
166 501 305 553 γουσα
330 482 429 553 (90)
469 483 595 545 τοὺς
619 482 706 535 διὰ
735 482 937 535 τούτων
982 483 1118 555 πρὸς
1148 486 1208 537 τὸ
1240 481 1372 552 ὕψος
1392 482 1686 554 ὁδηγούμε-

165 593 280 638 νους,
308 574 373 636 ὡς
397 574 457 628 ἄν
488 590 574 637 τις
600 572 687 626 ἐπ’
722 574 896 626 ἐκεῖνο
930 573 1110 644 φθάσῃ
1145 574 1203 626 τὸ
1243 574 1441 643 μέτρον
1464 576 1561 644 τῆς
1590 592 1691 645 μα-

167 667 465 739 καριότητος,
486 658 548 717 οῦ
576 664 639 719 τὸ
660 666 916 718 ἐπέκεινα
936 664 1057 717 οὔτε
1083 666 1115 735 ἡ
1138 666 1250 735 (9i)
1284 666 1492 719 διάνοια
1524 667 1692 737 χωρεῖ

164 759 449 829 στοχασμοῖς
486 773 597 809 τισι
632 756 726 809 καὶ
772 754 1044 818 ὑπονοίαις
1078 754 1501 823 ἀναλογίσασθαι
1524 795 1537 819 ,
1568 755 1692 809 οὒτε

163 851 292 917 λόγος
318 846 378 899 δι’
408 846 698 899 ἀκολούθου
720 845 780 898 τὸ
815 846 1011 915 ἐφεξῆς
1041 845 1365 917 ἐξευρίσκει.
1409 846 1568 899 Ἀλλά
1599 847 1693 899 καὶ

162 940 190 1008 ή
235 938 337 990 κατ’
375 935 561 988 ἐλπίδα
614 934 822 1005 κίνησις
862 936 895 1004 ἡ
939 932 1213 1004 πανταχοῦ
1254 934 1355 1005 τῆς
1401 936 1694 1006 ἐπιθυμίας

162 1028 293 1100 ἡμῶν
338 1026 762 1097 προεξαλλομένη
793 1043 851 1078 τε
884 1025 977 1080 καὶ
1033 1026 1424 1097 προτρέχουσα,
1478 1027 1694 1081 ἐπειδὰν

162 1120 402 1192 ἐμπελάσῃ
432 1121 544 1182 τοῖς
584 1118 942 1181 ἀνεικάστοις,
977 1117 1119 1188 ἀργὴ
1156 1118 1323 1187 μένει.
1358 1117 1431 1172 Τὸ
1468 1119 1528 1172 δὲ
1555 1120 1695 1191 ὑπὲρ

159 1210 310 1273 τοῦτο,
338 1211 579 1279 κρεῖττον
621 1209 654 1280 ἦ
703 1209 824 1262 κατ’
852 1208 1039 1262 ὲλπίδα
1085 1211 1250 1263 ἐστίν.
1301 1209 1389 1272 Ὦς
1426 1211 1519 1263 καὶ
1560 1210 1695 1280 αὑτὴ

161 1301 233 1355 διὰ
259 1304 345 1372 τῆς
373 1299 739 1371 θεωρηθείσης
768 1298 972 1363 τάξεως
1011 1300 1043 1369 ἡ
1081 1298 1220 1352 κατὰ
1253 1299 1352 1369 τὴν
1383 1298 1697 1369 ψαλμῳδίαν

166 1392 417 1460 φιλοσοφία
462 1391 817 1461 μαρτύρεται,
869 1387 978 1443 οἶόν
1012 1406 1133 1442 τινα
1160 1388 1327 1461 θύραν
1360 1389 1455 1442 καὶ
1497 1389 1700 1443 είσοδον

161 1485 207 1535 ὲν
244 1486 340 1545 τοῖς
379 1482 611 1552 πρώτοις
660 1482 767 1535 τῶν
805 1481 976 1548 λόγων
1018 1480 1111 1533 ἐπὶ
1137 1479 1228 1533 τὸν
1262 1479 1529 1550 μακάριον
1561 1478 1696 1549 βίον,

1788 396 1968 451 studia
2003 411 2099 451 eos
2149 396 2406 462 traducit,
2455 394 2548 465 qui
2591 394 2657 448 ad
2700 392 3052 464 perfectionis
3084 393 3363 464 fastigium

1790 488 1911 557 ejus
1939 489 2201 558 auspiciis
2231 488 2363 543 eniti
2397 487 2715 549 moliuntur,
2757 495 2817 539 ut
2847 484 2917 539 ad
2951 485 3102 540 illum
3131 485 3365 540 beatitu-

1791 578 1938 634 dinis
1968 586 2171 634 statum
2195 579 2253 633 'et
2284 578 2501 632 modum
2529 578 2692 654 bouto
2715 576 3174 647 pertingat,ultra
3204 590 3364 644 quem

1791 669 2110 740 cogitationi
2135 677 2357 734 nostrae,
2385 684 2455 723 ne
2480 667 2815 738 conjecturis
2839 665 3061 737 quidem
3092 664 3365 735 aliquibus

1792 769 1847 815 et
1879 759 2289 831 suspicionibus
2323 759 2574 830 progredi
2617 758 2784 824 licet;
2816 766 2871 812 et
2912 758 2967 811 in
3006 771 3115 827 quo
3135 756 3188 811 id
3220 754 3366 825 quod

1795 851 1933 904 ultra
1960 860 2065 915 est,
2100 865 2257 906 mens
2285 865 2461 920 neque
2490 849 2894 912 ratiocinando,
2926 849 3269 918 alterumque
3298 861 3367 901 ex

1794 943 1967 997 altero
1989 942 2292 1012 colligendo
2324 941 2524 1009 reperit
2550 955 2564 992 :
2590 940 2686 995 sed
2714 948 2770 994 et
2799 940 2912 1009 spei
2946 948 3145 994 nostrae
3174 937 3363 1000 motio,

1795 1044 1918 1100 qua:
1952 1029 2149 1099 ubique
2188 1029 2446 1086 desiderii
2475 1030 2652 1084 nostri
2685 1027 2968 1082 antevenit
2996 1033 3049 1081 et
3082 1024 3369 1096 praecurrit

1797 1136 2041 1187 cursum,
2069 1132 2359 1192 postquam
2393 1123 2447 1177 in
2473 1122 2565 1176 illa
2592 1119 2811 1184 incidit,
2842 1133 2965 1189 quae
2997 1118 3145 1172 nulla
3174 1114 3368 1170 simili-

1797 1212 1985 1268 tudine
2006 1214 2235 1282 exprimi
2257 1221 2485 1283 queunt,
2514 1213 2739 1283 fatigata
2761 1217 2979 1276 cessat;
3004 1223 3128 1263 nam
3145 1207 3200 1260 id
3223 1205 3369 1276 quod

1797 1320 1964 1375 supra
1993 1305 2124 1359 illud
2156 1311 2259 1369 est,
2284 1304 2431 1358 omni
2472 1319 2568 1374 spe
2594 1304 2786 1359 melius
2814 1310 2919 1369 est,
2954 1300 3102 1372 quod
3128 1298 3371 1354 Psalmo—

1797 1411 1919 1450 rum
1945 1395 2215 1460 doctrina,
2265 1396 2384 1465 ipsa
2418 1394 2801 1463 dispositione,
2836 1394 2905 1449 de
2947 1406 3055 1463 qua
3100 1391 3368 1444 hactenus

1799 1483 2183 1548 disseruimus,
2211 1491 2470 1538 testatum
2495 1482 2643 1546 facit,
2674 1496 2794 1552 quae
2815 1481 2919 1537 sub
2948 1480 3161 1534 initium
3192 1492 3373 1534 reces-

157 1575 238 1644 τὴν
262 1574 345 1627 τοῦ
390 1571 561 1627 κακοῦ
592 1571 935 1643 ἀναχώρησιν
972 1573 1104 1643 ἡμῖν
1146 1570 1498 1637 ύπανοίξασα.
1529 1570 1699 1624 Τοῦτο

1806 1590 1922 1629 sum
1967 1590 1997 1629 a
2052 1574 2215 1638 malo,
2264 1574 2421 1644 quasi
2467 1580 2655 1643 aperto
2694 1573 2860 1637 ostio,
2911 1580 2969 1627 et
3005 1569 3278 1641 patefacto
3302 1568 3372 1622 ad

157 1640 248 1737 γάρ
293 1666 343 1718 αί
384 1663 596 1735 πρῶται
835 1640 937 1734 τῆς
966 1640 1286 1733 ψαλμῳδίας
1336 1660 1696 1726 διδάσκουσιν,

1806 1665 2193 1720 beatitudinem
2216 1640 2389 1731 aditu,
2410 1640 2695 1719 constituit
2719 1663 2935 1734 (primis
2963 1640 3109 1717 enim
3134 1660 3374 1717 Psalmo-

157 1756 306 1825 ἀρχὴν
345 1753 742 1825 μακαριότητος
768 1752 1056 1821 λέγουσαι,
1101 1752 1201 1823 τὴν
1250 1750 1343 1804 τοῦ
1387 1751 1559 1804 κακοῦ
1609 1750 1727 1804 άλ-·

156 1842 430 1913 λοτρίωσιν.
491 1838 624 1896 Εἶτα
673 1844 771 1913 τὴν
823 1845 887 1895 ὲκ
955 1841 1049 1896 τοῦ
1107 1841 1270 1912 νόμου
1337 1841 1701 1912 χειραγωγίαν

156 1938 252 1995 τοῖς
311 1932 684 2003 πλανωμένοις
755 1932 1119 2003 προτείνασα,
1184 1932 1277 2001 τήν
1338 1948 1396 1984 τε
1450 1931 1585 2002 πρὸς
1641 1931 1701 1984 τὸ

156 2023 372 2086 ἀειθαλὲς
413 2024 572 2088 ξύλον
598 2024 854 2093 ὁμοίωσιν
882 2022 967 2075 διὰ
1015 2021 1109 2075 τοῦ
1155 2020 1395 2075 τοιούτου
1433 2020 1544 2090 βίου
1574 2022 1705 2074 ὑπο-

156 2111 387 2182 σχομένη,
419 2113 514 2166 κα¹ι
560 2113 626 2166 τὰ
658 2111 956 2184 σκυθρωπὰ
979 2112 1087 2165 τῶν
1111 2111 1205 2183 τὴν
1234 2111 1482 2165 ἐναντίαν
1511 2129 1705 2185 τρεποο

154 2203 311 2271 μένων
345 2204 459 2255 ὁδὸν
490 2204 838 2270 ύποδείξασα,
891 2204 979 2258 διὰ
1007 2204 1113 2259 τῶν
1151 2206 1350 2275 ἐφεξῆς
1390 2206 1706 2261 ἀναϐάσεων

155 2295 273 2364 πρὸς
296 2295 350 2349 τὸ
379 2295 681 2365 ἀκρότατον
717 2298 837 2367 ἄγει
870 2298 962 2351 τοῦ
994 2298 1339 2371 μακαρισμοῦ
1364 2300 1455 2350 τὸν
1491 2301 1557 2369 τῇ
1597 2315 1708 2367 χει-

156 2389 378 2458 ραγωγία
409 2388 588 2460 ταύτῃ
616 2389 898 2460 ἑπόμενον.
934 2389 1103 2443 Τοῦτο
1126 2391 1233 2461 γάρ
1265 2406 1345 2442 σοι
1374 2389 1707 2442 ἐνδείκνυται

153 2477 179 2544 ἠ
209 2476 294 2530 τοῦ
316 2479 628 2532 τελευταίου
656 2480 873 2552 ψαλμοῦ
903 2480 1133 2546 διάνοια,
1162 2482 1220 2534 ὲν
1248 2473 1293 2549 ᾧ
1328 2481 1464 2551 μετὰ
1491 2481 1583 2535 τὸν
1607 2481 1710 2551 τῆς

151 2567 328 2631 κακίας
359 2571 601 2642 παντελῆ
636 2571 938 2643 ἀφανισμὸν
978 2573 1155 2627 πάντα
1181 2572 1291 2644 (92)
1322 2576 1378 2627 ὲν
1410 2576 1521 2638 τοῖς
1562 2568 1710 2627 οὖσιν

153 2656 267 2725 ἅγια
286 2658 567 2731 ἔσται,καὶ
594 2662 773 2716 πάντα
816 2662 952 2733 πρὸς
977 2663 1067 2716 τὸν
1107 2658 1257 2717 αἶνον
1283 2663 1377 2717 τοῦ
1413 2664 1549 2717 Θεοῦ
1576 2681 1710 2733 συμ-

151 2752 391 2821 φωνήσει,
423 2755 514 2805 ἐπ’
544 2752 666 2823 ῐσης
685 2754 741 2806 ὲν
769 2752 846 2824 τῷ
868 2754 1077 2826 στερρῷ
1101 2754 1211 2825 (95)
1234 2754 1332 2824 τῆς
1353 2755 1629 2825 δυνάμεως
1651 2755 1712 2808 τὸ

150 2839 270 2910 πρὸς
303 2841 399 2913 τὴν
432 2843 637 2896 κακίαν
656 2843 929 2914 Δἄτρεπτον
961 2844 1350 2916 προσλαϐόντα,
1390 2846 1485 2899 καὶ
1515 2849 1579 2918 τῇ
1613 2862 1711 2916 με·-

1801 1770 1924 1808 rum
1948 1754 2129 1809 verbis
2154 1758 2419 1809 asserltur
2448 1753 2808 1809 beatitudinis
2840 1752 3169 1822 principium
3196 1764 3375 1820 segre-

1801 1845 1950 1914 gatio
2008 1859 2038 1897 a
2085 1843 2356 1915 malitia),
2424 1844 2696 1914 simulque
2739 1842 3051 1897 errantibus
3092 1855 3250 1911 opem
3305 1855 3375 1895 ex

1804 1934 1940 2004 lege,
1984 1935 2145 2003 quasi
2173 1951 2337 1990 manu
2396 1930 2621 1991 extensa
2668 1934 3044 1998 demonstrat;
3103 1932 3375 2002 promissa

1803 2039 1902 2094 per
1930 2024 2246 2092 hujusmodi
2289 2026 2458 2079 vitam
2490 2024 2848 2079 similitudine
2882 2038 3006 2078 cum
3047 2036 3265 2091 semper
3288 2022 3371 2075 vi—

1805 2122 1959 2171 rente
1976 2116 2121 2186 ligno
2140 2134 2155 2182 ;
2177 2131 2476 2185 eorumque
2501 2117 2593 2186 qui
2619 2116 2897 2171 contraria
2915 2113 3242 2185 gradiuntur
3261 2113 3371 2185 via,

1807 2205 2233 2262 adversitatibus
2267 2206 2338 2261 ob
2382 2204 2572 2260 oculos
2601 2204 2830 2275 positis,
2890 2218 2986 2273 per
3016 2200 3216 2272 gradus
3253 2216 3376 2257 sese

1808 2304 1999 2351 mutuo
2050 2304 2452 2367 consequentes
2525 2296 2591 2350 ad
2644 2309 2960 2365 supremum
3020 2292 3377 2353 beatitudinis

1808 2391 2027 2445 culmen
2058 2405 2183 2446 eum
2212 2389 2381 2456 ducit,
2408 2388 2501 2459 qui
2535 2388 2678 2443 hanc
2709 2386 3190 2447 manuductionem
3223 2385 3378 2455 sequi

1808 2481 2103 2536 desiderat.
2162 2479 2278 2536 Hoc
2317 2479 2465 2535 enim
2511 2480 2670 2535 docet
2705 2488 2758 2535 te
2806 2478 2981 2533 ultimi
3012 2476 3211 2533 Psalmi
3252 2488 3381 2530 sen-

1811 2572 1998 2637 tentia,
2032 2572 2088 2626 in
2121 2586 2231 2642 quo
2257 2571 2500 2641 peccatis
2530 2570 2750 2641 penitus
2781 2568 3020 2630 abolitis.
3054 2566 3235 2625 omnia
3258 2579 3381 2635 quae

1811 2666 2083 2721 exsistunt
2133 2671 2323 2720 sancta
2367 2673 2552 2726 erunt,
2610 2671 2667 2718 et
2694 2662 2878 2716 omnia
2924 2658 2992 2713 ad
3036 2659 3252 2714 laudem
3284 2656 3379 2712 Dei

1814 2752 2260 2816 concordabunt;
2320 2766 2441 2821 quae
2493 2758 2611 2809 laus
2639 2749 2922 2819 aequaliter
2953 2747 3007 2801 in
3039 2746 3382 2799 ﬁrmamento

1813 2846 2053 2908 virtutis,
2095 2853 2149 2900 et
2176 2843 2669 2898 immutabilitatem
2703 2841 2768 2895 ad
2801 2841 3003 2894 malum
3034 2836 3298 2899 contiuet,
3326 2841 3383 2888 et

145 2930 415 3005 γαλωσύνῃ
444 2932 616 2988 αὐτοῦ
669 2934 760 2989 τὸν
794 2934 1037 3008 εὔφημον
1073 2932 1205 3008 ἧχον
1226 2932 1353 3007 Δοἷόν
1397 2955 1502 2990 τινι
1539 2954 1705 3008 μεγα-

1816 2934 2235 3006 magniﬁcentia:
2257 2949 2370 2990 suae
2394 2941 2642 2988 nostrum
2662 2945 2855 2986 sonum
2878 2929 3024 2984 velut
3045 2941 3262 2983 canora:
3275 2924 3387 2979 cui-

145 3020 351 3094 λοφώνῳ
381 3025 652 3095 σάλπιγγι
688 3025 1097 3096 συνεπαίροντα.
1149 3025 1316 3080 Ὅταν
1350 3028 1429 3090 είς
1462 3025 1588 3096 μίαν
1621 3042 1712 3095 χο-

146 3114 418 3180 ροστασίαν
452 3115 806 3187 συναρμοσθῇ
849 3118 999 3170 πᾶσα
1028 3117 1059 3186 ἡ
1093 3116 1288 3180 κτίσις,
1322 3116 1429 3169 τῶν
1458 3133 1515 3169 τε
1549 3117 1714 3188 ύπερο

144 3206 414 3274 κειμένων,
442 3208 558 3261 τῶν
588 3225 647 3261 τε
680 3208 1092 3280 ύποϐεϐηκότων
1127 3209 1400 3274 ἁπάντων,
1446 3210 1541 3263 καὶ
1573 3227 1715 3281 κυμ-

145 3294 293 3349 ϐάλου
329 3299 488 3369 δίκην
522 3301 558 3371 ἠ
588 3300 750 3371 νοητὴ
780 3300 983 3365 κτίσις,
1027 3299 1121 3353 καὶ
1161 3300 1195 3368 ὴ
1224 3298 1319 3353 νῦν
1350 3299 1416 3352 δι’
1442 3299 1714 3371 ἁμαρτίας

149 3391 516 3460 μεμερισμένη
539 3432 553 3455 ,
586 3391 681 3445 καὶ
710 3391 973 3445 διεστῶσα
1008 3390 1098 3444 τὸν
1130 3390 1334 3459 ἀγαθὸν
1360 3385 1492 3462 ἦχον
1523 3391 1587 3443 ὲκ
1619 3394 1717 3462 τῆς

146 3478 409 3550 ἡμετέρας
438 3481 760 3555 συμφωνίας
785 3479 1120 3539 ἀποτελέσει,
1147 3480 1315 3534 Ὅταν
1337 3479 1617 3552 συνδράμῃ
1640 3480 1718 3550 τῷ

146 3569 409 3642 ἁγγελικῷ
442 3572 504 3624 τὸ
534 3572 820 3642 ἡμέτερον·
865 3571 958 3624 καὶ
990 3570 1331 3625 ἀναλαϐοῦσα
1366 3571 1476 3639 (94)
1519 3571 1718 3640 ἑαυτὴν

146 3660 204 3712 ὲκ
224 3661 317 3732 τῆς
344 3663 671 3733 συγχύσεως
691 3664 722 3733 ἡ
748 3662 867 3716 θεία
888 3662 1211 3733 παράταξις,
1236 3662 1326 3715 ἐπὶ
1344 3660 1422 3732 τῷ
1442 3661 1586 3731 φόνῳ
1606 3661 1718 3731 (95)

144 3749 242 3802 τῶν
270 3751 554 3823 πολεμίων
584 3751 838 3816 ἀλαλόιξει
869 3751 945 3822 τῷ
970 3750 1311 3822 τροπαιούχῳ
1337 3752 1396 3804 τὸ
1433 3751 1715 3804 ἐπινίκιον.

147 3841 269 3896 Τότε
293 3845 517 3915 γίνεται
536 3844 718 3914 πάσης
748 3843 916 3912 πνοῆς
936 3844 965 3894 ό
985 3840 1132 3909 αἶνος
1163 3845 1243 3907 είς
1270 3844 1355 3897 ἀεὶ
1386 3842 1722 3913 παρατείνων

142 3936 234 4005 τὴν
265 3938 450 4009 χάριν,
495 3939 596 3991 καὶ
624 3936 691 3991 δι’
736 3935 1015 4005 αὐξήσεως
1053 3935 1360 3999 πλεονάζων
1391 3938 1469 3999 εἰς
1508 3935 1566 3989 τὸ
1607 3935 1723 4006 διη-

144 4027 288 4091 νεκὲς
313 4029 373 4081 τὸ
410 4030 710 4099 μακάριον,
749 4028 923 4081 ἐκεῖνο
959 4026 1101 4096 λέγω
1127 4027 1188 4079 τὸ
1227 4026 1395 4090 ὄντως
1434 4026 1720 4097 μακάριον·

141 4119 221 4188 ἐφ’
248 4118 309 4173 οὗ
343 4123 514 4193 ἀργεῖ
560 4120 715 4191 μὲνὴ
750 4118 1074 4191 στοχαστικὴ
1105 4119 1232 4189 περὶ
1257 4117 1353 4189 τὴν
1386 4119 1585 4186 γνῶσιν
1606 4118 1723 4172 διά-

1818 3024 1942 3079 dam
2000 3024 2145 3079 tuba:
2195 3025 2518 3087 consociat;
2569 3018 2790 3090 quando
2836 3018 2890 3073 in
2932 3032 3100 3073 unum
3157 3016 3386 3070 chorum
3418 3056 3435 3065 -

1817 3115 2088 3170 coalescet
2110 3114 2290 3169 omnis
2314 3121 2588 3175 creatura,
2617 3110 2842 3166 inferior
2860 3117 2913 3163 et
2933 3106 3215 3177 superior;
3235 3118 3387 3160 eum-

1818 3222 1921 3277 que
1954 3206 2189 3278 cymbali
2234 3207 2430 3271 instar,
2478 3201 2869 3258 intellectualis
2918 3207 3136 3263 natura,
3176 3204 3231 3252 et
3266 3210 3390 3266 quas

1817 3312 1964 3351 nunc
1987 3311 2084 3365 per
2121 3306 2397 3364 peccatum
2441 3293 2717 3362 disjnncta
2756 3302 2856 3355 est,
2897 3289 3203 3359 jucundum
3234 3286 3387 3340 illum

1820 3403 2014 3443 sonum
2058 3403 2122 3441 ex
2178 3396 2365 3440 mutua
2399 3385 2721 3455 symphonia
2768 3382 3124 3436 resultantem
3159 3376 3389 3443 eiliciet;

1819 3479 2039 3550 quando
2068 3485 2255 3531 nostra
2302 3487 2496 3529 natura
2526 3488 2650 3528 cum
2680 3471 2924 3541 angelica
2956 3467 3266 3529 conveniet,
3302 3465 3391 3519 di-

1819 3571 2091 3639 vinusque
2130 3567 2402 3622 exercitus
2448 3581 2511 3619 ex
2567 3565 2673 3618 ista
2717 3559 3040 3616 confusione
3081 3563 3390 3621 revocatus,

1820 3662 1998 3731 palam
2022 3668 2075 3714 et
2108 3660 2164 3712 in
2210 3664 2504 3726 conspectu
2546 3654 2783 3709 hostium
2834 3649 3126 3721 epinicium
3163 3646 3393 3701 Domino

1821 3750 2012 3807 victori
2043 3758 2222 3804 canet.
2274 3748 2430 3803 Tunc
2463 3746 2644 3802 omnis
2692 3742 2920 3813 spiritus
2953 3739 3243 3794 Dominum
3274 3736 3393 3790 Iau-

1821 3841 2009 3896 dabit:
2042 3856 2163 3912 quae
2191 3842 2310 3895 laus
2343 3839 2572 3910 gratiam
2611 3836 2702 3892 Dei
2739 3842 2999 3904 perpetuo
3029 3834 3394 3900 repraesenta-

1821 3931 1925 3997 bit,
1949 3939 2011 4013 et
2042 3934 2378 3986 incremento
2403 3928 2626 4000 perenni
2656 3924 3043 3981 beatitudinem
3079 3917 3393 3989 adaugebit,

1824 4009 1973 4080 illam
2004 4024 2125 4079 dico
2157 4022 2570 4085 beatitudinem,
2621 4033 2744 4088 qua:
2790 4030 2918 4071 vere
2969 4009 3251 4067 beatitudo
3280 4017 3394 4075 est;

1825 4132 1988 4187 quam
2035 4116 2084 4172 si
2122 4113 2439 4183 conjectura
2487 4111 2704 4182 assequi
2758 4109 2915 4173 velis,
2960 4106 3183 4173 languet
3227 4100 3392 4164 ratio,

140 4228 273 4278 νοια,
317 4190 485 4284 ἀρ’γεῖ
609 4213 703 4266 καὶ
733 4213 766 4282 ἡ
806 4210 1090 4281 ὲλπιστικὴ
1115 4209 1269 4281 ἡμῶν
1296 4210 1561 4280 ἐνέργεια.
1599 4212 1705 4265 Δια‹

1826 4211 2046 4281 languet
2073 4217 2129 4264 et
2155 4211 2269 4280 ipsa
2299 4223 2421 4279 quae
2453 4207 2508 4261 in
2541 4205 2696 4260 nobis
2724 4209 2826 4265 est,
2845 4195 3102 4268 sperandi
3135 4190 3392 4284 facultas.

136 4281 437 4371 δέχεται-δὲ
472 4301 589 4372 (96)
622 4302 655 4372 ἡ
698 4281 934 4372 ἄρρητός
978 4317 1037 4353 τε
1076 4300 1169 4353 καὶ
1207 4300 1594 4371 ἀκατανόητος,
1629 4301 1705 4354 κα¹

1831 4300 2087 4356 Succedit
2115 4315 2244 4355 vero
2271 4299 2361 4354 ille
2396 4295 2687 4353 ineﬂ'abilis
2719 4300 2774 4347 et
2805 4281 3397 4357 incomprehensibilis,

138 4393 314 4462 πάσης
344 4396 607 4465 κρεῖττον
640 4392 750 4463 (97)
777 4391 1010 4454 διανοίας
1036 4391 1390 4455 κατάστασις,
1444 4410 1462 4443 ι
1502 4392 1568 4463 ἢν
1599 4392 1705 4447 οὔτε

1832 4397 1888 4447 et
1914 4390 2063 4446 omni
2112 4391 2441 4462 cogitatione
2482 4385 2676 4443 melior
2723 4387 2919 4445 status,
2955 4390 3117 4449 quem
3174 4392 3192 4426 ι
3222 4386 3399 4443 neque

134 4488 411 4558 ὀφθαλμὸς
440 4481 741 4551 εἶδεν,ούτε
766 4477 856 4546 οὖς
882 4483 1129 4553 ήκουσεν,
1183 4502 1201 4533 ι
1250 4479 1373 4535 οὔτε
1411 4480 1705 4552 ἀνθρωπίνι

1834 4484 2027 4539 oculus
2064 4481 2222 4545 vidit,
2253 4495 2431 4551 neque
2458 4478 2607 4533 auris
2637 4472 2871 4535 audivit,
2901 4491 2921 4524 ι
2964 4483 3139 4539 neque
3160 4467 3399 4521 humana

134 4580 329 4651 καρδία
345 4578 663 4650 ἐχώρησεν.
690 4574 843 4629 Οὕτω
864 4575 971 4646 γὰρ
989 4573 1223 4645 ὡρίσατο
1244 4572 1309 4627 τὰ
1330 4573 1508 4642 ἀγαθά
1522 4573 1591 4628 τὰ
1617 4573 1705 4646 (98

1835 4590 1991 4641 mens
2025 4574 2263 4645 percepit
2283 4573 2348 4629 “.
2397 4571 2490 4628 Sic
2536 4570 2679 4626 enim
2722 4564 2970 4621 deﬁnivit
3001 4562 3219 4651 divinus
3248 4558 3400 4629 Apo«

135 4649 288 4742 ἐντῷ
314 4649 599 4740 ἁγιασμῷ
634 4667 970 4738 ἀποκείμενα
998 4666 1027 4718 ὁ
1055 4663 1195 4729 θεῖος
1230 4658 1571 4724 Ἀπόστολος.

1836 4665 2010 4722 ειοιιιε
2033 4664 2175 4720 bona
2213 4667 2270 4720 iu
2306 4662 2658 4720 sanctissimo
2691 4657 2784 4713 illo
2812 4660 2959 4713 statu
2988 4649 3263 4723 reposita,

202 4869 248 4903 ³³
281 4868 299 4922 Ι
334 4866 471 4923 Cor.
506 4881 573 4929 Il,
603 4867 659 4921 9.

199 5065 321 5136 (90)
354 5061 797 5136 Ἐπεισάγουσα,
824 5061 911 5115 ed.

1910 5054 2023 5136 ea
2051 5051 2292 5136 ςεαετερῷρ
2322 5051 2410 5105 ed-

204 5122 329 5204 (91)
374 5136 443 5188 Ἢ
481 5122 725 5204 οιηξοό,
781 5122 791 5125 “
839 5199 854 5204 _
915 5198 926 5204 _
1180 5195 1195 5204 _

1912 5122 2023 5204 (ρο)
2052 5123 2189 5204 itas,
2218 5122 2303 5174 ed.

206 5188 321 5269 (99)
358 5203 577 5260 Omnia
613 5202 774 5255 verba
792 5199 859 5254 ad
881 5198 971 5253 τὸν
998 5212 1107 5252 om.
1132 5195 1249 5269 edA._

1912 5188 2022 5269 (97)
2052 5192 2350 5269 Κρείῑτωκζν
2382 5188 2471 5242 ed-

528 5254 857 5345 5:593:9pr
878 5270 1096 5345 aliquot
1113 5265 1276 5323 codd.

1913 5254 2023 5336 (98)
2052 5254 2256 5330 Ἀ’γαθὰ
2280 5259 2349 5311 τὰ
2373 5272 2480 5312 om.
2517 5254 2606 5311 ed.

208 5340 321 5421 (94)
354 5340 795 5405 καταλαϐοῦσα,
829 5340 914 5394 ed.
