3800 5980
397 203 492 260 537
1629 202 1668 257 S
1681 245 1696 261 .
1737 203 2064 262 GREGORII
2102 205 2398 265 NYSSENI
3209 225 3213 231 '
3535 223 3646 280 488

407 358 3622 389 Ἥ

1373 454 1520 572 ΤΟ
1575 451 2148 541 ΔΕΥΤΕΡΟΝ
2197 456 2660 546 BIBAION.

1311 713 1989 806 TRACTATUS
2072 718 2270 808 SEC
2294 722 2355 808 U
2379 721 2441 807 N
2466 719 2722 808 DUS.

903 978 1132 1035 CAPUT
1169 979 1462 1037 PRIMUM.

2611 988 3006 1042 ΚΕΦΑΛΑΙΟΝ
3040 988 3118 1040 Α’.

467 1067 562 1123 [lis
589 1067 736 1122 hunc
768 1068 824 1120 in
856 1069 1074 1122 modum
1109 1071 1414 1139 explicatis,
1440 1083 1653 1142 tempus
1689 1075 1968 1143 postulare

2143 1078 2360 1134 Τούτων
2385 1076 2477 1133 οῦν
2508 1078 2615 1148 (99)
2643 1077 2813 1141 οὕτως
2843 1080 2973 1149 ἡμῖν
2993 1073 3496 1146 διευκρινηθέντων,
3529 1086 3658 1123 και-

395 1161 628 1226 vldetur,
652 1169 709 1213 ut
735 1170 789 1214 et
815 1159 882 1214 de
903 1160 1354 1230 inscriptionibus
1377 1179 1681 1219 sermonem
1709 1167 1964 1220 institua-

2074 1172 2165 1244 ρδς
2191 1172 2255 1226 ἂν
2285 1173 2368 1242 εἴη
2401 1172 2492 1225 καὶ
2521 1171 2610 1223 τὸν
2641 1171 2767 1241 περὶ
2799 1169 2906 1222 τῶν
2934 1165 3253 1237 ἐπιγραφῶν
3284 1161 3643 1230 ἐξετασθῆναι

386 1269 540 1313 anus,
593 1267 712 1320 qua:
751 1267 857 1304 non
888 1252 1142 1320 exiguum
1191 1261 1522 1308 momentum
1591 1257 1657 1310 ad
1707 1259 1960 1312 virtutem

2074 1267 2246 1336 λόγον,
2283 1268 2354 1318 no
2378 1265 2546 1336 μικρὰ
2581 1265 2655 1335 (1)
2691 1262 2798 1331 γὰρ
2825 1263 2956 1331 ἡμῖν
2987 1261 3121 1331 πρὸς
3143 1258 3242 1328 τὴν
3264 1257 3382 1310 κατ’
3406 1253 3484 1325 (2)
3516 1253 3651 1321 ἀρι-

399 1343 646 1404 ail‘erunl,
689 1342 834 1411 quod
887 1358 950 1396 ex
1024 1344 1293 1397 sententia
1365 1346 1449 1400 his
1512 1345 1962 1415 inscriptionibus

2074 1359 2167 1428 τὴν
2188 1359 2304 1411 ὁδὸν
2331 1359 2424 1411 καὶ
2444 1357 2604 1410 αὑταὶ
2632 1354 3043 1425 συμϐάλλονται,
3064 1350 3138 1414 ὡς
3160 1349 3368 1414 ἔξεστιν
3389 1345 3450 1410 ὲξ
3471 1344 3650 1412 αὐτῆς

399 1436 642 1504 subjecta
693 1437 947 1506 colligere
980 1438 1123 1492 licet.
1169 1438 1550 1494 Necessarium
1593 1450 1772 1497 autem
1803 1443 1966 1499 fuerit

2074 1450 2168 1519 τῆς
2189 1450 2421 1512 διανοίας
2441 1448 2546 1500 τῶν
2563 1445 3048 1516 ἐπιγεγραμμένων
3071 1441 3280 1512 μαθεῖν.
3318 1438 3647 1503 Ἀναγκαῖον

398 1527 550 1595 prius
577 1527 838 1581 rationem
870 1527 1158 1596 quamdam
1187 1531 1288 1582 arti
1336 1539 1754 1586 consentaneam
1821 1533 1967 1604 ipsa-

2074 1541 2113 1594 δ’
2146 1540 2210 1594 ἂν
2243 1542 2326 1610 εἴη
2358 1539 2570 1610 πρῶτον
2602 1538 2861 1608 τεχνικήν
2890 1552 3010 1589 τινα
3038 1534 3146 1586 τῶν
3172 1529 3489 1600 ἐπιγραφῶν
3511 1528 3646 1594 ἐφο-

399 1634 518 1672 rmn
547 1619 958 1687 inscriptionum
984 1620 1143 1684 inire,
1171 1637 1333 1690 quam
1362 1624 1604 1690 ipsorum
1626 1622 1965 1680 Psalmorum

2074 1628 2156 1683 δον
2184 1629 2249 1682 δι’
2271 1629 2464 1697 ὀλίγων
2496 1628 2601 1700 πρὸ
2638 1628 2735 1697 τῆς
2760 1627 2868 1679 τῶν
2892 1623 3120 1696 ψαλμῶν
3146 1621 3375 1689 Θεωρίας
3409 1621 3648 1687 ποιήσαι

398 1710 890 1764 considerationem
945 1711 1344 1780 aggrediamur,
1404 1722 1462 1766 ut
1513 1728 1675 1782 quam
1730 1715 1967 1770 maxime

2074 1719 2230 1772 σθαι·
2268 1721 2342 1784 ὡς
2374 1721 2440 1773 ἂν
2474 1719 2699 1791 μάλιστα
2731 1718 2940 1786 γένοιτο
2984 1716 3142 1785 δῆλον
3172 1713 3265 1767 καὶ
3309 1712 3395 1765 διὰ
3434 1709 3646 1763 τούτων

400 1801 616 1876 planum
655 1801 809 1855 nobis
846 1801 956 1865 fiat,
1003 1802 1167 1870 hujus
1192 1804 1456 1858 divinitus
1491 1804 1768 1874 inspirata:
1801 1805 1968 1860 disci-

2069 1812 2220 1881 ἡμῖν,
2255 1811 2336 1862 ὅτι
2374 1811 2481 1872 πᾶς
2519 1812 2547 1862 ὁ
2581 1808 2776 1872 σκοπὸς
2814 1810 2911 1878 τῆς
2942 1804 3294 1859 θεοπνεύστου
3322 1801 3528 1870 ταύτης
3558 1799 3646 1853 δι-

402 1893 558 1960 ριίηαδ
614 1893 770 1946 linem
830 1892 993 1946 alium
1052 1909 1160 1948 non
1217 1910 1546 1964 esse,quam
1581 1904 1640 1949 ut
1680 1898 1744 1951 ad
1785 1912 1967 1951 veram

2074 1899 2362 1964 δασκαλίας
2424 1899 2590 1963 ἐστὶν,
2647 1900 2737 1952 ἐπὶ
2777 1899 2834 1952 τδ
2887 1899 3054 1959 ὅντως
3101 1895 3366 1965 μακάριον
3427 1893 3644 1957 ἀναγα-

399 1985 784 2038 beatitudinem
821 1986 1061 2038 animum
1122 1986 1400 2055 perducat.
1433 1987 1774 2042 Psalmorum
1805 1987 1970 2058 igitur

399 2075 487 2126 alii
515 2073 868 2142 inscriptione
894 2077 1118 2128 omnino
1148 2084 1370 2131 carent:
1424 2077 1514 2130 alii
1545 2079 1686 2148 apud
1714 2093 1812 2132 nos
1846 2079 1969 2148 qui-

399 2163 518 2217 dem
543 2165 952 2233 inscriptionem
977 2164 1257 2234 Prophetaa
1285 2167 1511 2232 habent,
1549 2170 1688 2237 apud
1712 2167 1969 2225 Hebraeos

401 2268 509 2307 non
524 2255 743 2307 habent.
772 2255 910 2309 Aliis
940 2256 1324 2326 inscriptionis
1349 2257 1468 2312 loco
1497 2269 1580 2312 est
1603 2259 1778 2314 solum
1813 2279 1833 2311 ι
1866 2261 1970 2315 Da-

400 2344 540 2399 vidis
581 2362 600 2396 ›
637 2359 852 2398 nomen.
881 2345 1015 2401 Aliis
1046 2347 1208 2402 simul
1248 2362 1373 2400 cum
1423 2347 1645 2402 nomine
1692 2348 1839 2402 aliud
1870 2349 1968 2401 ad-

401 2437 683 2500 scribitur,
715 2439 798 2492 vel
837 2456 856 2489 ι
889 2440 1005 2493 laus
1031 2478 1046 2506 ,
1075 2461 1093 2494 ›
1125 2442 1206 2494 vel
1250 2460 1267 2492 ι
1304 2443 1602 2504 canticum,
1634 2461 1651 2492 ι
1683 2442 1764 2495 vel
1802 2461 1820 2493 ‹
1861 2442 1973 2493 lau-

402 2531 572 2595 datio,
630 2552 648 2583 ι
689 2534 770 2586 vel
807 2551 824 2582 ι
881 2534 1144 2602 psalmus,
1184 2552 1201 2584 ι
1253 2534 1336 2587 vel
1369 2553 1387 2584 ‹
1447 2533 1778 2595 intellet-tus,
1824 2553 1841 2585 ι
1887 2534 1970 2588 vel

403 2642 424 2675 ι
457 2624 651 2689 oratio,
696 2642 714 2674 ι
751 2623 831 2676 vel
864 2643 882 2672 ι
913 2623 1754 2677 consummationistabernaculi
1780 2665 1793 2687 ,
1830 2641 1847 2672 ›
1887 2624 1970 2677 vel

404 2731 423 2764 ι
458 2713 838 2776 dedicationis,
871 2732 889 2763 ι
927 2715 1008 2766 vel
1045 2732 1063 2763 ι
1101 2714 1370 2779 exstasis,
1398 2732 1415 2763 ι
1446 2713 1527 2767 vel
1562 2731 1579 2762 ι
1623 2713 1676 2766 in
1704 2728 1972 2768 rememo-

398 2805 687 2867 rationcm,
734 2823 752 2856 ν
787 2804 871 2858 vel
915 2822 932 2854 ι
975 2804 1030 2858 in
1075 2801 1498 2866 confessionem,
1557 2824 1574 2856 ι
1609 2806 1692 2858 vel
1729 2824 1746 2854 ι
1811 2819 1970 2860 servo

398 2890 635 2956 Domini,
669 2911 687 2944 ι
718 2893 802 2946 vel
842 2910 860 2942 ι
899 2892 1155 2955 Idithum,
1198 2911 1216 2943 ι
1246 2893 1342 2965 _vel
1373 2910 1390 2942 ι
1429 2891 1601 2945 Eman
1629 2891 1902 2947 Israelitae.
1944 2911 1963 2944 ι

398 2982 457 3036 In
487 2984 607 3036 aliis
637 2983 940 3050 concipitur
971 2983 1254 3052 inscriptio
1278 2997 1400 3037 cum
1423 2982 1656 3052 quadam
1685 2985 1968 3037 nominum

400 3073 710 3141 hujusmodi
733 3082 787 3127 et
817 3074 1102 3127 verborum
1133 3081 1320 3128 mutua
1369 3075 1710 3129 connexione
1731 3081 1786 3130 et
1839 3090 1971 3129 con-

395 3164 678 3234 iugatione
743 3183 756 3218 :
804 3166 887 3218 vel
935 3167 1078 3219 enim
1133 3183 1152 3216 ι
1221 3165 1496 3220 canticum
1547 3167 1763 3236 psalmi,
1831 3186 1848 3219 ι
1885 3167 1970 3222 vel

2071 1995 2185 2060 γείν
2213 1992 2287 2062 (5)
2317 1992 2414 2062 τὴν
2438 1992 2689 2046 διάνοιαν.
2718 1990 2836 2042 Τῶν
2857 1989 3030 2041 τοίνυν
3056 1985 3285 2056 ψαλμῶν
3305 1987 3352 2037 οἱ
3381 1984 3478 2052 μέν
3504 1983 3644 2033 εἰσιν

2072 2077 2432 2148 ἁνεπίγραφοι
2463 2077 2559 2147 ('5‘)
2603 2076 2846 2131 καθόλου’
2877 2077 2940 2128 Ol
2972 2075 3026 2128 δὲ
3074 2075 3204 2143 παρ’
3250 2073 3378 2141 ἡμῖν
3427 2069 3650 2138 ἔχοντες

2070 2169 2169 2238 τὴν
2207 2169 2518 2239 ἐπιγραφὴν
2548 2166 2642 2220 τοῦ
2673 2167 2992 2237 Προφήτου,
3023 2163 3174 2233 παρὰ
3212 2166 3322 2240 τοῖς
3368 2160 3646 2232 Ἑϐραίοις

2070 2261 2169 2312 οὐκ
2216 2259 2414 2329 ἔχουσι.
2449 2260 2572 2322 Τοῖς
2617 2258 2674 2311 δὲ
2712 2258 2985 2328 ἐπιγραφή
3035 2258 3148 2309 ἐστι
3176 2295 3189 2319 ,
3241 2255 3392 2325 ψιλὸν
3440 2253 3500 2304 τὸ
3548 2250 3645 2305 τοῦ

2077 2370 2094 2402 ι
2129 2351 2290 2404 Δαυῒδ
2319 2371 2336 2402 ι
2363 2352 2548 2421 ὄνομα.
2588 2349 2800 2412 Ἀλλοις
2826 2349 2962 2419 μετὰ
2981 2349 3074 2403 τοῦ
3100 2349 3358 2418 ὀνόματος
3392 2347 3486 2400 καὶ
3515 2347 3649 2399 ἄλλο

2071 2459 2124 2494 τι
2148 2443 2698 2514 συμπαραγράφεται,
2731 2441 2763 2511 ἢ
2794 2460 2812 2493 ι
2850 2436 3046 2506 αἶνος,ι
3073 2441 3106 2511 ἥ
3139 2461 3156 2492 ι
3182 2441 3313 2511 ᾠδὴ,
3344 2460 3362 2492 ι
3388 2442 3421 2512 ἢ
3453 2461 3469 2492 ι
3495 2442 3650 2494 αἴνε-

2075 2547 2178 2595 σις,
2211 2550 2227 2582 ›
2263 2529 2294 2601 ἢ
2327 2549 2344 2580 ι
2373 2530 2603 2600 quam
2638 2552 2656 2582 ι
2689 2531 2763 2600 ἢ(
2798 2530 3081 2593 συνέσεως,
3115 2551 3132 2582 ι
3165 2530 3197 2601 ἢ
3232 2549 3250 2581 ι
3290 2531 3568 2601 προσευχὴ
3592 2551 3644 2594 ,ι

2073 2621 2106 2691 ἢ
2144 2641 2162 2672 ι
2197 2620 2393 2685 ὲξοδίου
2425 2622 2648 2691 σκηνῆς,
2689 2640 2708 2672 ι
2739 2620 2771 2691 ἢ
2803 2639 2820 2672 ι
2859 2621 3235 2692 ἐγκαινισμοῦ,
3265 2640 3283 2673 ›
3322 2622 3354 2693 ἦ
3389 2640 3407 2672 ι
3445 2623 3646 2676 ἐκστά-

2075 2729 2231 2777 σεως,
2277 2731 2294 2764 ι
2339 2713 2370 2781 ἢ
2426 2731 2444 2762 ι
2475 2714 2552 2774 είς
2581 2713 2974 2782 ὲπανάμνησιν,
3012 2731 3029 2762 ι
3065 2713 3097 2782 ἢ
3146 2731 3164 2764 ι
3201 2713 3279 2774 είς
3317 2712 3648 2782 ἐξομολόγή-

2075 2815 2178 2863 σιν,
2206 2818 2224 2850 ›
2248 2799 2279 2868 ἢ
2308 2816 2326 2848 ι
2352 2797 2429 2867 τῷ
2453 2798 2620 2868 δούλῳ
2641 2799 2866 2870 Κυρίου,
2890 2799 2955 2868 »ἢ
2976 2819 2994 2850 ι
3022 2799 3098 2870 τῷ
3125 2801 3374 2871 Ἰδιθοὺμ,
3405 2801 3478 2871 »ἢ
3512 2821 3532 2852 ι
3566 2801 3647 2872 τῷ

2085 2885 2254 2955 Ἐμὰν
2291 2886 2369 2956 τῷ
2417 2886 2740 2959 Ἰσραηλίτῃ.
2777 2905 2794 2938 ι
2843 2887 3077 2958 Ἑτέροις
3106 2887 3163 2939 δὲ
3203 2888 3343 2957 μετὰ
3382 2887 3652 2956 συζυγίας

2071 2978 2212 3040 τινὸς
2237 2977 2346 3032 τῶν
2373 2977 2650 3046 ὀνομάτων
2679 2976 2882 3030 τούτων
2911 2978 2943 3048 ἢ
2966 2977 3074 3030 τῶν
3102 2977 3360 3049 ῥημάτων
3390 2977 3652 3049 ἀλλήλοις

2074 3067 2535 3140 συγγραφομένων
2591 3067 2622 3136 ἡ
2671 3068 2946 3138 ἐπιγραφὴ
2980 3070 3208 3137 γίνεται’
3278 3067 3310 3138 ἢ
3348 3069 3456 3139 γὰρ
3485 3088 3502 3121 ι
3533 3069 3652 3141 ᾠδὴ

2071 3157 2304 3227 ψαλμοῦ,
2339 3177 2358 3210 ι
2387 3158 2420 3230 ἢ
2451 3177 2469 3208 ι
2500 3157 2710 3227 ψαλμδς
2728 3158 2890 3230 ᾠδῆς,
2917 3177 2934 3210 ι
2961 3159 2994 3229 ἢ
3025 3179 3044 3210 ο
3071 3159 3201 3231 ᾠδὴ,
3234 3179 3254 3213 ι
3278 3161 3309 3231 ἢ
3330 3181 3349 3213 ι
3371 3161 3604 3232 ψαλμδς,
3622 3183 3643 3213 ι

404 3277 424 3310 ι
465 3259 709 3328 psalmus
739 3259 963 3323 cantici,
1021 3278 1039 3310 ι
1073 3259 1158 3313 vel
1195 3277 1214 3310 ι
1257 3261 1558 3326 canticum,
1599 3280 1618 3314 ι
1650 3263 1733 3317 vel
1771 3279 1789 3314 ι
1824 3263 1969 3331 psal-

2075 3251 2108 3319 ἢ
2141 3267 2159 3300 ι
2194 3250 2252 3302 ὲν
2282 3249 2470 3318 ὕμνοις
2496 3247 2739 3318 ψαλμὸς,
2777 3268 2796 3300 ›
2833 3249 2866 3319 ἢ
2905 3269 2924 3302 ι
2959 3253 3017 3303 ὲν
3055 3251 3244 3322 ὕμνοις
3277 3252 3566 3315 συνέσεως,
3624 3273 3644 3304 ι

399 3369 542 3414 mus,
582 3371 599 3403 ι
638 3353 717 3405 vel
755 3370 773 3403 ι
814 3352 867 3405 in
890 3352 1107 3421 hymnis
1136 3352 1403 3420 psalmus,
1435 3371 1453 3403 ι
1492 3353 1574 3407 vel
1615 3373 1632 3404 ι
1671 3352 1726 3407 in
1760 3353 1974 3424 hymnis

399 3444 726 3506 intellectus,
775 3461 794 3493 ι
855 3442 938 3496 vel
997 3461 1015 3493 ‹
1073 3443 1249 3496 oratio
1305 3441 1494 3506 David,
1553 3462 1572 3495 ι
1629 3443 1710 3498 vel
1743 3462 1762 3495 ι
1800 3444 1976 3497 oratio

397 3534 642 3605 pauperi,
680 3553 699 3586 ›
765 3533 846 3588 vel
879 3552 897 3585 ι
933 3534 1051 3588 laus
1078 3533 1299 3597 cantici,
1339 3552 1358 3584 ι
1391 3533 1475 3588 vel
1519 3533 1697 3588 simile
1726 3533 1854 3603 quid
1877 3547 1976 3587 no-

397 3627 526 3680 mini
565 3625 785 3680 Davidis
837 3625 1222 3692 conjunctione
1256 3625 1490 3696 quadam
1549 3626 1862 3694 copulatum
1895 3626 1977 3679 in-

397 3718 713 3786 scriptionis
733 3718 909 3770 vicem
934 3718 1105 3772 subit.
1137 3715 1351 3772 Rursus
1379 3717 1432 3770 in
1467 3714 1588 3769 aliis
1622 3716 1728 3768 alia
1757 3731 1976 3786 quoque

395 3808 579 3862 addita
623 3821 848 3861 cernere
881 3807 1008 3859 licet
1046 3824 1058 3858 :
1105 3805 1446 3873 potissimum
1487 3802 1619 3856 illud
1679 3821 1693 3856 ε
1743 3821 1762 3854 ι
1802 3804 1856 3856 In
1911 3801 1976 3855 li-

397 3912 541 3950 nem.
591 3915 609 3946 ι
673 3895 811 3948 Huic
860 3895 1046 3948 itidem
1103 3896 1223 3949 voci
1268 3895 1475 3958 multis,
1529 3894 1809 3962 variisque
1853 3892 1975 3947 aliis

397 3987 662 4053 adjectis:
703 3995 795 4039 aut
853 3986 996 4038 enim
1027 3985 1362 4055 adjungitur,
1399 4003 1418 4036 ι
1471 4001 1570 4054 pro
1602 3986 1668 4040 iis
1701 3985 1793 4053 qui
1828 3999 1976 4037 com-

397 4080 752 4134 mutahunlur
786 4093 799 4141 ;
844 4097 862 4128 ι
896 4085 989 4130 aut
1026 4094 1044 4127 ι
1084 4091 1181 4145 pro
1215 4077 1451 4140 arcanis,
1487 4095 1505 4125 ι
1545 4084 1638 4128 aut
1689 4094 1707 4126 ε
1741 4090 1840 4142 pro
1882 4089 1976 4128 oc-

397 4179 542 4232 tava,
601 4187 619 4220 ι
675 4175 767 4221 aut
799 4187 817 4219 ι
858 4183 956 4237 pro
995 4181 1058 4222 ea
1091 4181 1212 4237 quae
1262 4166 1634 4220 haereditatem
1682 4166 1975 4235 consequi-

397 4265 506 4322 tur,
545 4277 562 4308 ι
615 4266 708 4312 aut
747 4275 764 4308 ι
809 4272 908 4327 pro
943 4255 1332 4319 torcularibus,
1378 4275 1397 4306 ι
1471 4263 1564 4309 aut
1596 4274 1614 4306 ι
1649 4269 1748 4326 pro
1795 4271 1977 4311 susce—

396 4349 580 4420 ptione
598 4349 883 4414 matutina,
923 4367 942 4400 ι
999 4357 1092 4402 aut
1123 4368 1142 4401 ι
1183 4363 1279 4418 pro
1306 4347 1596 4410 Mahelcth,
1642 4365 1662 4400 ι
1698 4357 1791 4401 aut
1826 4366 1842 4398 ι
1876 4361 1974 4418 pro

398 4438 618 4510 populo,
650 4438 740 4506 qui
772 4452 800 4490 a
843 4438 1051 4492 sanctis
1105 4437 1262 4507 longe
1317 4436 1494 4490 factus
1522 4445 1625 4500 est,
1672 4455 1691 4488 ι
1722 4442 1816 4490 aut
1847 4453 1869 4485 ι
1907 4450 1976 4490 ne

2075 3339 2108 3408 ἢ
2160 3357 2180 3390 ι
2218 3339 2524 3410 προσευχῆς
2569 3339 2646 3410 τῷ
2673 3339 2865 3406 Δαυῒδ,
2910 3358 2928 3391 ι
2983 3340 3016 3412 ἢ
3058 3362 3076 3393 ι
3111 3343 3413 3412 προσευχῆς
3445 3343 3522 3410 (4)
3569 3343 3652 3412 τῷ

2076 3429 2296 3500 πτωχῷ,
2329 3449 2348 3482 ι
2383 3429 2415 3501 ἢ
2457 3449 2475 3480 ι
2503 3425 2651 3494 αἶνος
2675 3430 2841 3501 ᾠδῆς⁸
2871 3449 2890 3482 ι
2934 3432 2966 3502 ἡ
3024 3450 3079 3486 τι
3110 3432 3218 3486 τῶν
3275 3430 3531 3486 τοιούτων
3559 3434 3654 3487 διὰ

2077 3519 2336 3588 συζυγίας
2380 3519 2825 3590 συντεταγμένων
2870 3520 2947 3592 τῷ
2984 3521 3204 3591 ὀνόματι
3241 3523 3318 3592 τῷ
3361 3522 3436 3591 (5)
3480 3521 3655 3576 Δαυῒδ

2079 3607 2358 3679 ἐπιγραφὴ
2388 3609 2619 3676 γίνεται.
2663 3607 2830 3662 Πάλιν
2868 3611 2952 3678 ἐφ’
2986 3610 3205 3682 ἑτέρων,
3239 3611 3332 3664 καὶ
3361 3610 3492 3665 ἄλλα
3522 3614 3652 3665 τινὰ

2075 3702 2284 3764 τούτοις
2331 3700 2810 3772 συνεπιγράφεταιο
2845 3701 3280 3772 προτεταγμένου
3323 3701 3442 3772 μὲν,
3469 3700 3546 3765 ὡς
3576 3703 3652 3756 τὰ

2077 3791 2278 3856 πολλὰ,
2307 3789 2398 3843 τοῦ
2447 3809 2466 3842 ι
2503 3793 2582 3852 είς
2623 3791 2682 3844 τὸ
2713 3791 2884 3856 τέλος.
2930 3813 2947 3844 ι
2983 3794 3454 3864 Συγγραφομένων
3485 3795 3543 3847 δὲ
3574 3797 3647 3864 τῇ

2078 3885 2226 3952 φωνῇ
2251 3882 2418 3952 ταύτῃ
2455 3883 2712 3936 ποικίλων
2756 3901 2816 3936 τε
2851 3887 2947 3937 καί⁵
2967 3882 3463 3957 διαφόρωψῆγὰρι
3501 3886 3650 3956 ὑπὲρ

2075 3973 2182 4025 τῶν
2211 3973 2716 4044 ἀλλοιωθησομένων
2737 3975 3106 4046 »προσ-γράφει
3125 3975 3271 4046 (6)·ἢ
3306 3995 3323 4026 ι
3365 3977 3505 4047 ὑπὲρ
3535 3977 3648 4028 τῶν

2076 4062 2341 4131 κρυφίων,
2383 4081 2401 4112 ι
2429 4062 2461 4132 ἢ
2496 4081 2514 4114 ι
2545 4063 2685 4133 ὑπὲρ
2709 4064 2806 4133 τῆς
2827 4064 3285 4137 κληρονομούσης,
3324 4084 3343 4115 ι
3377 4065 3408 4134 ἢ
3446 4084 3464 4115 ι
3500 4066 3650 4136 ὑπὲρ

2074 4151 2172 4220 τῆς
2199 4151 2408 4221 ὀγδόης,
2440 4171 2456 4203 i
2506 4152 2539 4224 ἦ
2576 4171 2594 4204 ι
2630 4153 2768 4223 ὑπὲρ
2811 4153 2918 4206 τῶν
2948 4153 3141 4224 ληνῶν,
3181 4173 3199 4204 ι
3237 4154 3270 4224 ἢ
3311 4174 3329 4204 ι
3372 4155 3512 4225 ὑπὲρ
3541 4155 3649 4224 τῆς

2073 4239 2407 4310 ἀντιλήψεως
2447 4240 2546 4311 τῆς
2595 4241 2842 4311 ἑωθινῆς,
2892 4261 2910 4294 ι
2946 4242 2978 4312 ἢ
3029 4261 3048 4292 ι
3091 4243 3228 4313 ὑπὲρ
3262 4242 3498 4305 Μαελὲθ,
3541 4263 3562 4296 ι
3604 4244 3641 4314 ἢ

2081 4349 2098 4381 ι
2133 4331 2268 4403 ὑπὲρ
2297 4331 2390 4385 τοῦ
2433 4331 2562 4384 λαοῦ
2607 4331 2700 4385 τοῦ
2742 4335 2849 4387 ἀπὸ
2888 4333 2993 4386 τῶν
3021 4333 3192 4400 ἁγίων
3237 4335 3646 4406 μεμακρυμμέ-

2075 4439 2217 4491 von,»
2246 4422 2279 4493 ἢ
2314 4442 2333 4475 ι
2371 4423 2445 4494 μὴ
2483 4422 2820 4496 διαφθείρῃς,
2849 4443 2868 4476 ι
2914 4424 2946 4496 ἢ
2989 4444 3007 4476 ‹
3040 4428 3120 4488 είς
3152 4425 3580 4496 στηλογραφίαν,
3619 4445 3640 4477 ι

399 4544 738 4598 corrumpas,
778 4548 798 4581 ι
837 4538 931 4582 aut
964 4547 982 4580 ι
1025 4530 1081 4582 in
1125 4530 1268 4583 tituli
1318 4527 1746 4597 inscriptionem,
1812 4545 1830 4580 ι
1879 4537 1969 4582 aut

2074 4511 2233 4584 ἢκαὶ
2272 4515 2553 4586 ἀμφότερα
2609 4517 2797 4572 ταῦτα’
2872 4515 2906 4586 ἢ
2957 4533 2976 4566 ι
3021 4517 3102 4578 είς
3143 4516 3485 4586 Σολομῶντα,
3537 4536 3557 4595 i
3606 4518 3644 4590 ἢ

398 4619 516 4676 haec
569 4629 800 4688 utraque
833 4618 1026 4685 simul;
1080 4629 1173 4674 aut
1225 4637 1245 4670 α
1295 4617 1351 4672 in
1391 4615 1760 4682 Salomonem,
1822 4635 1841 4670 ι
1876 4623 1969 4672 aut

2074 4607 2204 4680 ιῴδὴ
2217 4606 2358 4678 ὑπὲρ
2375 4604 2470 4658 τοῦ
2485 4605 2875 4680 ἀγαπητοῦ,›ἢ
2911 4625 2929 4657 ι
2974 4605 3111 4677 ὑπὲρ
3142 4607 3250 4659 τῶν
3277 4607 3519 4678 κρυφίων
3547 4607 3646 4662 τοῦ

401 4729 425 4763 ι
458 4713 730 4765 canticum
757 4725 853 4778 pro
884 4709 1103 4774 dilecto,
1140 4730 1158 4761 ι
1195 4717 1287 4764 aut
1329 4727 1348 4761 ι
1388 4723 1486 4778 pro
1523 4709 1748 4763 occultis
1778 4708 1892 4769 lilii,
1943 4728 1963 4762 ι

397 4808 490 4856 aut
524 4819 542 4852 ι
604 4802 659 4855 in
707 4799 1145 4864 confessionem;
1179 4818 1200 4853 ι
1238 4806 1331 4852 aut
1401 4799 1581 4867 aliqua
1617 4814 1681 4852 ex
1713 4797 1964 4860 historia,

397 4894 672 4961 rebusque
697 4894 867 4961 gestis
883 4891 1294 4945 circumstantia
1313 4889 1548 4944 additur.
1573 4890 1815 4958 Exempli
1838 4904 1967 4943 cau-

396 4999 478 5050 sa,
521 4983 675 5049 illud,
706 5001 724 5034 ι
759 4982 852 5052 qui
881 4983 933 5035 in
962 4983 1220 5052 spelunca
1251 5020 1265 5046 ,
1305 5000 1323 5034 ι
1351 4981 1455 5048 vel,
1502 4999 1520 5030 ι
1559 4980 1772 5049 quando
1821 4980 1970 5034 misit

397 5072 553 5141 Saul,
601 5083 662 5129 ut
688 5074 1052 5140 occideretur,
1116 5091 1135 5125 ›
1172 5072 1259 5129 vel
1296 5090 1314 5124 ι
1345 5071 1561 5143 quando
1595 5072 1650 5128 in
1674 5069 1970 5127 solitudine

473 5265 584 5336 (99)
605 5262 712 5319 Οὖν
731 5281 842 5336 om.
873 5262 960 5321 ed.

473 5338 549 5397 (Ι)
570 5335 814 5404 Μικράν,
843 5337 930 5390 ed.

473 5403 552 5470 (2)
591 5404 727 5454 Κατ’
759 5419 868 5458 om.
902 5404 990 5458 ed.

473 5472 552 5538 ('5)
578 5471 850 5537 Ἀγαγεῑν,
883 5473 968 5528 ed.

475 5538 574 5608 (δ’)
611 5540 672 5591 οἱ
696 5538 820 5596 add.
842 5541 928 5596 ed.

2073 4696 2211 4759 υἱοῦ,
2237 4714 2258 4748 ι
2279 4695 2312 4766 ἢ
2335 4716 2354 4748 ‹
2375 4699 2454 4758 είς
2481 4698 2880 4769 ἐξομολόγησιν.
2924 4718 2942 4752 ι
2983 4700 3055 4752 Ἦ
3078 4717 3162 4762 τις
3192 4699 3250 4764 ἐξ
3279 4701 3518 4769 ἱστορίας
3545 4717 3652 4754 πε·-

2077 4787 2337 4857 ρίστασις.
2368 4781 2491 4840 Οἷον
2513 4787 2806 4860 σότεῆν(7)
2843 4791 2900 4842 ὲν
2933 4788 3010 4860 τῷ
3039 4790 3302 4860 σπηλαίῳ,
3326 4807 3343 4840 ι
3367 4786 3400 4858 ἦ
3422 4805 3440 4836 (
3470 4791 3560 4843 ὅτε
3585 4791 3650 4842 ἐν

2072 4882 2138 4950 τῇ
2169 4879 2358 4949 ἐρήμῳ
2396 4925 2410 4950 ,
2452 4901 2470 4934 ι
2503 4881 2537 4952 ἢ
2573 4902 2592 4935 ι
2622 4881 2711 4934 ὅτε
2746 4882 3030 4935 ἀπέστειλε
3065 4883 3234 4937 Σαοὺλ
3267 4881 3360 4934 τοῦ
3404 4882 3650 4936 Θανατῶ-

2075 4986 2162 5022 σαι
2194 4968 2374 5030 αὑτὸν,
2413 4987 2431 5019 ι
2481 4969 2514 5037 ἢ
2565 4987 2580 5019 ι
2626 4970 2766 5040 ὑπὲρ
2802 4970 2909 5024 τῶν
2952 4970 3125 5038 λόγων
3166 4970 3353 5036 Χουσὶ,
3391 4970 3467 5041 »ἦ
3496 4989 3517 5024 ι
3554 4971 3648 5024 ὅτε

2073 5059 2333 5128 ὴλλοίωσε
2373 5059 2433 5114 τὸ
2468 5059 2754 5130 πρόσωπον
2793 5061 2957 5116 αὑτοῦ
2999 5061 3238 5117 ἐναντίον
3272 5061 3590 5133 Ἀϐιμέλεχ,
3621 5078 3643 5112 ι

2145 5259 2220 5339 ιε)
2250 5257 2422 5339 Εάεος
2451 5257 2636 5339 sine.
2659 5257 2744 5312 ed-

2145 5328 2222 5394 (5)
2256 5328 2383 5389 Τοῦ,
2428 5328 2516 5383 ed.

2147 5329 2200 5394 (5
2256 5329 2383 5389 Τοῦ,
2428 5329 2516 5383 ed.

2147 5329 2222 5463 {6g
2255 5396 2589 5466 Προγρᾶαρει,
2629 5396 2719 5454 ed.

2151 5466 2228 5536 ιτ)
2265 5466 2396 5537 Τήν,
2431 5468 2516 5521 ed.
