3800 5980
160 78 260 132 189
1549 59 1612 114 IN
1644 58 1980 113 PSALMOS.
3283 61 3385 118 ‘90

161 194 190 262 ἢ
227 212 244 242 ε
282 192 339 243 ἐν
367 188 445 259 τῷ
468 186 642 240 ἐλθεῖν
684 187 810 251 τοὺς
848 185 1127 256 Ζιφαίους,
1167 206 1186 238 ›
1221 185 1253 256 ἦ
1298 204 1315 236 ι
1351 187 1408 238 ἐν
1443 183 1516 254 τῷ
1551 183 1720 236 ἐλθεῖν

1825 178 1938 241 l'uit,
1971 198 1988 229 ι
2027 179 2104 233 vel
2141 197 2158 230 ι
2192 195 2290 250 pro
2311 181 2490 238 verbis
2516 181 2706 244 Chusi,
2735 200 2752 233 ι
2782 181 2863 236 vel
2899 201 2917 234 ι
2953 181 3388 252 quandoimmu—

159 285 294 351 Δοὴκ
322 282 417 333 τὸν
465 280 777 351 Ἰδουμαῖον,
813 280 909 332 καὶ
941 276 1258 346 ἀναγγεῖλαι
1294 274 1370 346 τῷ
1392 274 1593 328 Σαούλ·
1630 292 1648 325 ι
1688 274 1720 344 ἢ

1825 267 1949 320 tavit
1979 267 2173 322 faciem
2205 285 2360 324 suam
2395 284 2579 324 coram
2639 270 2974 334 Abimelech,
3015 291 3034 322 ι
3065 272 3150 326 vel
3189 291 3208 322 α
3263 286 3387 326 cum

163 396 179 427 ι
214 378 268 428 ἐν
295 374 544 445 ἡμέραις,
571 373 656 425 ὅτε
674 371 943 442 ἐρρύσατο
959 369 1121 422 αὐτὸν
1147 368 1221 440 (8)
1243 367 1436 438 Κύριος
1451 369 1513 420 ὲκ
1541 366 1720 437 χειρὸς

1825 359 2064 412 venirent
2122 359 2346 430 Ziphaai,
2390 379 2409 411 ι
2454 361 2538 415 vel
2593 378 2610 411 ι
2652 375 2776 414 cum
2829 361 3040 416 veniret
3070 361 3214 432 Doeg
3267 362 3391 416 ldu-

157 466 363 518 πάντων
393 462 500 514 τῶν
531 460 742 530 ἐχθρῶν
774 458 958 525 αὐτοῦ,
988 459 1080 511 καὶ
1109 460 1172 510 ἐκ
1197 457 1376 528 χειρὸς
1403 455 1601 509 Σαούλ·
1633 475 1652 507 ›
1689 457 1720 525 ἢ

1825 464 1993 512 naeus,
2034 459 2094 504 ut
2146 452 2494 506 annuntiaret
2541 452 2712 515 Sauli,
2763 471 2783 504 ι
2844 452 2928 506 vel
2987 471 3006 503 ι
3059 454 3116 508 in
3172 455 3386 518 diebus,

162 577 178 608 ι
216 558 300 609 ὅτε
329 553 660 623 ἐπέστρεψεν
702 549 881 615 Ἰωάϐ,
913 552 1009 604 καὶ
1053 549 1290 614 ἐπάταξε
1322 549 1422 620 τὴν
1462 549 1720 619 φάραγγα

1825 541 2038 611 quando
2066 543 2314 597 liberavit
2341 559 2466 598 eum
2490 542 2751 598 Dominus
2780 542 2846 598 de
2876 545 3128 600 manibus
3145 547 3389 599 omnium

156 651 254 703 τῶν
283 648 425 702 ἁλῶν
443 647 646 701 δώδεκα
681 644 926 715 χιλιάδας
949 660 963 675 ο
1001 663 1020 695 ι
1055 642 1088 714 ἦ
1121 663 1137 693 ι
1180 643 1236 694 ἐν
1268 641 1346 712 τῷ
1378 640 1552 695 ἐλθεῖν
1587 640 1722 710 πρὸς

157 742 304 796 αὑτὸν
331 739 514 792 Νάθαν
542 738 632 790 τὸν
652 737 958 808 προφήτην,
981 734 1144 806 ἡνίκα
1167 733 1415 804 εἰσῆλθεν
1435 731 1570 816 πρὸς
1586 733 1724 803 Βηρ-

158 832 323 886 σαϐεέ.
364 850 382 882 ι
429 831 550 882 Τισὶ
598 829 654 881 δὲ
699 828 806 881 τῶν
869 826 1098 897 ψαλμῶν
1141 826 1286 879 ἐστιν
1335 822 1614 907 ἐπιγραφὴ
1661 823 1722 875 τὸ

155 914 394 986 ἑϐραῖκὸν
421 932 440 964 ι
459 910 747 982 άλληλούῖα
765 928 779 940 ·
808 931 825 961 ι
853 910 885 980 ἢ
907 911 987 973 δἰς
1003 909 1062 962 τὸ
1080 909 1230 970 αὐτὸ,
1253 909 1284 980 ἢ
1316 908 1461 972 ἅπαξ
1489 910 1720 977 ἐπιγρα-

155 1010 395 1076 φάμενον,
422 1004 508 1074 ἐφ’
540 1003 740 1076 ἑτέρων
773 1003 829 1055 δὲ
859 1002 952 1056 καὶ
985 1000 1209 1071 ὀνόμασί
1243 1018 1400 1054 τινων
1425 999 1720 1072 προφητῶν

153 1101 274 1168 αὐτῇ
306 1100 371 1166 τῇ
391 1097 674 1167 ἐπιγραφῇ
699 1093 839 1147 κατὰ
869 1092 1132 1160 συζυγίαν
1157 1091 1550 1161 συγγράφεται.
1570 1085 1714 1153 Οἷον,

163 1210 177 1240 ι
213 1186 500 1258 ἀλληλούῖα
548 1185 825 1253 Ἀγγαίου,
851 1184 946 1236 καὶ
977 1182 1266 1252 Ζαχαρίου,
1307 1181 1400 1234 καὶ
1428 1180 1717 1252 ἀλληλούῖα

163 1279 430 1348 Ἰερεμίου,
448 1278 546 1328 καὶ
574 1273 837 1344 Ἐςεκιήλ.
854 1291 872 1324 t
889 1272 998 1325 Καὶ
1019 1272 1177 1325 πάλιν
1194 1271 1279 1323 ἓτε
1289 1287 1377 1342 ρον
1405 1269 1718 1340 ἐπιγραφῆς

153 1367 277 1432 εἶδός
297 1373 474 1422 ἐστιν.
499 1368 570 1419 ’Ἡ
593 1384 612 1417 ‹
642 1367 756 1427 τοῖς
777 1365 910 1426 υἱοῖς
929 1362 1096 1432 Κορὲ,
1124 1380 1142 1413 ι
1174 1360 1207 1432 ἦ
1241 1380 1258 1412 ι
1292 1360 1370 1430 τῷ
1399 1359 1630 1429 Ἰδιθούμ
1649 1375 1662 1389 ο
1690 1376 1707 1410 t

153 1463 182 1531 ἦ
219 1480 236 1512 ι
283 1460 356 1529 τῷ
397 1460 611 1528 Ἀσάφο
658 1477 677 1509 r
727 1458 808 1510 ἐνὶ
838 1457 894 1509 δέ
929 1455 1048 1508 κατ’
1093 1453 1368 1525 ἐξαίρετον
1416 1453 1716 1522 ἐπιγέγρα-

1819 630 2164 686 inimicorum
2187 647 2432 696 suorum,
2459 641 2590 688 etex
2605 647 2768 687 manu
2791 631 2944 697 Saul,
2970 653 2988 686 ι
3013 635 3096 688 vel
3127 652 3146 686 ι
3171 636 3392 703 quando

1819 737 2072 779 reversus
2107 733 2191 779 est
2217 723 2374 788 Joab,
2405 733 2460 779 et
2490 727 2761 794 percussit
2802 727 2998 780 vallem
3055 726 3388 791 Salinarum,

1819 814 2106 870 duodecim
2163 817 2349 882 millia,
2383 835 2401 867 ι
2437 817 2519 871 vel
2556 835 2574 868 ι
2604 833 2727 871 cum
2751 819 2958 873 veniret
3003 818 3070 872 ad
3105 819 3256 873 illum
3287 817 3393 873 Na-

1819 903 1950 959 than
1979 905 2239 974 propheta
2270 905 2486 976 quando
2522 907 2742 960 intravit
2787 907 2851 961 ad
2884 906 3173 962 Bersabee.
3204 926 3223 959 ι
3257 907 3394 974 Qui-

1820 997 1944 1052 dam
1989 997 2183 1066 psalmi
2238 1013 2336 1067 pro
2391 998 2748 1068 inscriptione
2801 998 3003 1054 habent
3051 1000 3391 1065 hebraicum,

1826 1106 1846 1140 r
1880 1090 2127 1156 Alleluia,
2160 1110 2178 1143 ι
2215 1092 2296 1146 vel
2314 1093 2502 1158 semel,
2528 1091 2614 1146 vel
2645 1092 2729 1146 bis
2759 1093 3018 1161 positum.
3049 1095 3105 1154 In
3134 1095 3258 1148 aliis
3288 1109 3393 1148 nov

1823 1181 1969 1234 mina
1994 1183 2351 1252 quorumdam
2403 1184 2787 1254 prophetarum
2818 1185 3158 1254 conjunctim
3218 1185 3393 1240 ascri-

1821 1273 2045 1340 buntur,
2072 1282 2130 1327 ut
2172 1291 2191 1324 ι
2227 1273 2451 1328 Alleluia
2483 1275 2666 1346 Aggrei
2720 1284 2773 1331 et
2805 1275 3109 1341 Zacharim,
3161 1278 3393 1332 Alleluia

1823 1364 2072 1421 Jeremiae
2107 1374 2162 1420 et
2187 1364 2507 1421 Ezechielis.
2547 1387 2566 1420 ι
2609 1366 2843 1436 Rursus,
2877 1368 2981 1422 alia
3019 1368 3393 1440 inscriptionis

1823 1457 2036 1528 species
2077 1465 2182 1521 est,
2213 1459 2298 1512 vel
2333 1475 2351 1509 ι
2413 1458 2586 1514 Filius
2639 1458 2806 1528 Core,
2861 1477 2882 1512 ι
2915 1460 2999 1514 vel
3035 1479 3054 1511 ι
3086 1459 3323 1523 ldithun,
3369 1480 3387 1512 ι

153 1561 290 1604 πται,
335 1562 351 1592 ι
388 1541 671 1612 προσευχὴ
700 1540 777 1608 τῷ
802 1539 1028 1592 Μωῦσεῖ
1053 1535 1322 1607 ἀνθρώπῳ
1355 1534 1448 1588 τοῦ
1489 1534 1647 1588 Θεοῦ.
1690 1553 1708 1584 ι

153 1627 220 1636 -ι-
281 1626 317 1636 ιι
461 1624 472 1636 ι
557 1625 568 1636 ι
639 1623 703 1636 ιΛι
776 1623 786 1636 ι
859 1623 871 1636 ι
961 1620 975 1636 κ
1253 1618 1264 1636 1
1338 1635 1341 1636 ,
1466 1617 1503 1636 ,\
1541 1635 1544 1636 ν
1576 1619 1588 1636 9
1646 1617 1661 1636 Ι
1688 1635 1693 1636 ,

1825 1547 1909 1601 vel
1943 1567 1961 1599 ‹
1998 1546 2198 1619 Asapb.
2239 1567 2257 1600 ι
2289 1546 2395 1603 Uni
2435 1556 2614 1604 autem
2661 1549 2922 1620 singulari
2950 1550 3273 1605 excellentia
3297 1566 3392 1604 su-

152 1627 256 1678 Τῶν
276 1626 328 1678 δὲ
345 1624 486 1677 κατὰ
512 1625 610 1693 μὲν
635 1623 709 1693 (9)
737 1623 834 1691 τὴν
856 1618 1312 1690 ἐκκλησιαστικὴν
1332 1617 1547 1689 γραφὴν
1573 1617 1715 1688 ἑχόν-

149 1733 244 1767 των
289 1712 626 1784 ἐπιγραφὰς,
659 1710 726 1774 ἃς
765 1710 1112 1780 περιέχουσι,
1160 1707 1291 1779 παρ’
1346 1707 1616 1778 Ἑϐραίοις
1656 1703 1712 1757 δὲ

150 1807 519 1877 ἀνεπιγράφων
547 1804 741 1870 ὄντων,
777 1803 981 1872 ταύτην
1014 1800 1247 1872 εὕρομεν
1283 1801 1382 1870 τὴν
1412 1798 1672 1870 διαφοράν
1695 1814 1708 1828 ·

148 1898 247 1958 τοῖς
279 1895 374 1965 μὲν
422 1895 536 1964 γάρ
587 1910 670 1956 τις
710 1892 941 1962 ἀριθμὸς
985 1891 1093 1944 τῶν
1125 1889 1266 1944 κατὰ
1309 1889 1408 1961 τὴν
1444 1887 1712 1956 ἑϐδομάδα

151 1987 354 2057 ἡμερῶν
385 1982 904 2055 συσσημαίνεται,ἢ
940 2000 960 2033 ι
1002 1982 1099 2052 μία
1127 1979 1433 2043 σαϐϐάτων,
1462 1998 1480 2031 ι
1511 1979 1545 2048 ἢ
1583 1997 1601 2030 r
1624 1995 1710 2031 τε·

148 2079 325 2150 τράδος
342 2077 633 2130 σαϐϐάτων
654 2095 672 2126 )
698 2075 731 2146 ἢ
760 2093 777 2126 ι
809 2076 886 2138 είς
905 2073 1003 2144 τὴν
1020 2072 1235 2144 ἡμέραν
1254 2069 1348 2124 τοῦ
1371 2070 1661 2135 σαϐϐάτου,
1684 2089 1702 2122 ι

148 2171 176 2239 ἢ
207 2189 224 2221 ι
269 2170 372 2239 πρὸ
409 2169 508 2222 τοῦ
545 2167 816 2222 σαϐϐάτου
838 2183 850 2194 ·
906 2183 925 2216 ι
960 2163 1106 2218 ἄλλοι
1140 2162 1196 2215 δὲ
1227 2161 1420 2232 ἑτέραν
1445 2161 1566 2214 τινὰ
1597 2159 1708 2231 (10)

146 2262 242 2312 τῶν
260 2260 582 2330 ἐπιγραφῶν
605 2259 839 2314 διάνοιαν
857 2257 1086 2328 ἔχουσιν,
1113 2256 1148 2327 ἢ
1174 2253 1402 2310 καθόλου
1429 2257 1578 2324 παρὰ
1597 2254 1707 2316 τοῖς

158 2350 410 2422 Ἑϐραίοις
441 2351 750 2421 σεσίγηται.

693 2483 1088 2538 ΚΕΦΑΛΑΙΟΝ
1118 2486 1192 2540 Β’.

225 2592 430 2664 Ταύτης
456 2593 516 2646 δὲ
541 2594 638 2663 τῆς
663 2594 975 2665 διαιρέσεως
1004 2598 1060 2651 ἑν
1089 2601 1207 2662 ταῖς
1233 2600 1563 2670 ἐπιγραφαῖς
1592 2600 1724 2670 ἡμῖν

162 2684 539 2756 τρανωθείσης,
569 2687 834 2757 χρήσιμον
858 2687 922 2740 ἂν
961 2687 1045 2758 εἴη
1078 2689 1290 2761 πρῶτον
1321 2691 1418 2760 μὲν
1437 2693 1726 2759 γενικωτέ-

166 2791 253 2846 ραν
278 2775 396 2828 τινὰ
427 2776 539 2829 τῶν
570 2777 770 2846 ὁμοίως
799 2779 1028 2848 ἐχόντων
1061 2780 1158 2851 τὴν
1181 2781 1474 2851 ἑρμηνείαν
1497 2785 1725 2855 ποιήσα-

164 2873 293 2920 σθαι·
334 2869 434 2921 εἴθ’
487 2868 666 2932 οὕτως
704 2868 770 2921 δι’
823 2869 1116 2922 ἀκολούθου
1158 2871 1293 2941 πρὸς
1331 2871 1429 2936 τὰς
1468 2875 1723 2946 φαινομέο

1824 1636 2200 1704 perscribitur,
2235 1656 2253 1687 ‹
2323 1635 2510 1692 Oratio
2569 1637 2737 1710 Moysi
2774 1639 2980 1694 homini
3007 1638 3126 1694 Dei.
3165 1657 3187 1694 ι
3249 1639 3393 1694 Inter

1823 1725 1984 1790 alios,
2013 1727 2105 1795 qui
2152 1727 2451 1782 secundum
2497 1726 2757 1784 Ecclesiae
2807 1729 3258 1785 consuetudinem
3303 1730 3391 1784 in-

1824 1815 2174 1885 scriptionem
2219 1815 2441 1883 habent,
2501 1818 2641 1886 apud
2689 1816 2944 1875 Hebraeos
2983 1833 3112 1874 vero
3157 1819 3391 1890 inscrip-

1823 1904 1972 1958 tione
1999 1914 2206 1970 carent.
2248 1905 2351 1960 hoc
2381 1908 2691 1963 invenimus
2711 1907 3008 1964 discrimen
3029 1951 3044 1976 ,
3074 1909 3220 1979 quod
3252 1925 3391 1965 nono

1823 1996 1991 2052 nullis
2017 2012 2276 2052 numerus
2298 1998 2508 2053 dierum
2534 1997 2888 2055 hebdomadis
2929 2003 3260 2068 denmetur;
3305 2005 3393 2059 vel

1829 2103 1848 2136 ι
1887 2087 2061 2155 prima
2097 2086 2361 2153 Sabbati;
2402 2105 2419 2138 ο
2446 2087 2530 2142 vel
2565 2105 2584 2140 ι
2619 2096 2814 2157 quarta
2840 2088 3097 2157 Sabbati;
3133 2110 3152 2142 ι
3179 2093 3263 2147 vel
3285 2112 3303 2145 ι
3337 2095 3391 2148 in

1823 2173 1964 2229 diem
2020 2172 2273 2241 Sabbati;
2338 2194 2356 2228 ι
2413 2177 2498 2231 vel
2539 2193 2560 2228 ι
2594 2176 2648 2231 in
2679 2176 2768 2232 die
2823 2185 2951 2234 ante
2996 2177 3318 2237 Sabbatum.
3366 2199 3388 2234 ι

1823 2263 1959 2319 Aliis
2008 2265 2112 2318 alia
2155 2267 2296 2320 ratio
2346 2266 2765 2338 inscriptionum
2797 2278 2915 2336 est,
2958 2286 3078 2341 quae
3116 2273 3260 2344 apud
3287 2273 3396 2332 Hec

1824 2355 1998 2412 bratos
2025 2357 2242 2412 silentio
2276 2359 2494 2427 penitus
2518 2369 2654 2440 sunt
2673 2361 2951 2416 involutae.

2457 2487 2685 2543 CAPUT
2731 2488 2794 2544 Π.

1895 2593 2009 2649 Hac
2063 2596 2481 2667 inscriptionum
2514 2600 2777 2657 varietate
2805 2611 2858 2657 et
2887 2603 3270 2664 distributione
3311 2624 3400 2665 ex-

1826 2687 2067 2756 planata,
2108 2689 2235 2743 utile
2262 2687 2424 2743 fuerit
2472 2690 2624 2760 prius
2680 2695 3072 2764 generaliorem
3105 2698 3394 2767 quamdam

1824 2777 2239 2848 explicationem
2267 2781 2506 2834 omnium
2535 2781 2750 2839 illarum
2784 2786 3019 2852 tradere,
3052 2804 3172 2858 quae
3204 2805 3397 2860 quam-

1826 2869 1950 2923 dam
1982 2869 2124 2924 inter
2158 2886 2215 2925 se
2237 2871 2649 2927 similitudinem
2689 2874 2912 2942 habent,
2943 2886 2997 2932 et
3023 2877 3300 2950 deinceps,
3335 2887 3398 2936 ut

161 2974 246 3021 νας
305 2957 571 3030 διαφορὰς
625 2961 957 3030 προαγαγεῖν
1016 2960 1114 3031 τὴν
1165 2959 1425 3026 ἐξέτασιν.
1478 2965 1720 3019 Καθόλου

1825 2959 1959 3014 ordo
1985 2960 2244 3028 postulat,
2276 2960 2345 3016 ad
2373 2977 2467 3018 eas
2498 2978 2619 3033 quae
2665 2965 2918 3021 videntur
2963 2982 3085 3023 esse
3117 2949 3290 3040 magis
3312 2971 3394 3024 di-

163 3050 252 3120 μέν
296 3047 386 3105 οὖν
430 3051 548 3122 (11)
583 3051 680 3122 τῆς
726 3053 1038 3123 ἐπιγραφῆς
1083 3054 1111 3104 ὁ
1154 3053 1308 3122 λόγος
1369 3055 1588 3109 διπλοῦν
1631 3058 1722 3112 τὸν

162 3142 344 3195 σκοπὸν
399 3143 541 3213 ἔχει.
597 3144 668 3195 Ἦ
717 3143 822 3214 γὰρ
883 3144 1019 3215 πρὸς
1081 3144 1304 3211 ἔνδειξιν
1357 3146 1452 3200 τοῦ
1506 3149 1724 3202 ὑποκει-

163 3231 308 3300 μένου
350 3233 793 3304 προγέγραπται,
840 3233 981 3288 ὥστε
1026 3234 1116 3287 τὸν
1166 3236 1366 3289 σκοπὸν
1406 3239 1502 3308 τῆς
1545 3239 1724 3310 ψαλμ-

159 3323 306 3392 ῳδίας
339 3324 798 3396 προδιδαχθέντας
825 3326 990 3394 ἡμᾶς,
1013 3325 1446 3398 εὐμαθεστέρους
1474 3331 1722 3397 γενέσθαι

158 3414 246 3485 τῆς
289 3417 344 3468 ἐν
387 3417 503 3478 τοῖς
552 3416 735 3484 ῥητοῖς
782 3413 1016 3478 διανοίας
1048 3431 1062 3444 ·
1117 3416 1152 3487 ἢ
1199 3416 1476 3485 πολλάκις,
1520 3420 1613 3473 καὶ
1655 3421 1722 3474 δι’

159 3503 342 3575 ἑαυτῆς
366 3522 420 3558 τι
450 3503 703 3558 παιδεύει
732 3503 828 3574 τὴν
859 3505 1029 3574 ἀκοὴν
1060 3507 1093 3576 ἡ
1122 3508 1420 3578 ἐπιγραφὴ,
1449 3513 1515 3581 τῇ
1542 3511 1723 3579 ἐγκειο

163 3595 285 3668 μένῃ
321 3598 433 3660 τοῖς
481 3597 672 3667 ῥητοῖς
699 3595 907 3668 διανοίᾳ
934 3596 1043 3651 τῶν
1072 3601 1190 3651 κατ’
1219 3601 1421 3671 ἀρετήν
1445 3619 1497 3654 τι
1530 3619 1726 3673 κατορ-

162 3683 417 3756 θουμένων
450 3685 879 3740 ὑποδεικνύουσα
914 3687 1027 3759 (12)
1051 3703 1062 3716 ⁸
1119 3691 1317 3760 μᾶλλον
1349 3691 1404 3744 δὲ
1445 3691 1564 3744 καθ’
1595 3693 1724 3747 ἑκά-

161 3793 300 3846 τερον
327 3773 463 3841 εἶδος
498 3777 605 3848 τῆς
631 3777 738 3831 τῶν
769 3779 1087 3850 ἐπιγραφῶν
1121 3779 1372 3852 θεωρίας,
1404 3777 1484 3845 εἷς
1521 3783 1669 3837 ἐστιν
1697 3786 1726 3837 ὁ

163 3868 384 3936 σκοπὸς,
431 3868 493 3923 τὸ
556 3868 695 3940 πρός
750 3887 807 3922 τι
850 3869 959 3924 τῶν
1015 3869 1234 3939 ἀγαθῶν
1285 3871 1721 3942 καθηγήσασθαι,

162 3957 251 4010 κᾶν
279 3959 385 4028 (15)
420 3959 694 4029 ἱστορικόν
723 3976 777 4012 τι
823 3957 1116 4030 δηλοῦσθαι
1147 3960 1234 4014 διὰ
1277 3961 1383 4015 τῶν
1421 3962 1726 4034 εἰρημένων

160 4045 324 4122 δοκῇ,
365 4048 468 4103 κᾶν
517 4048 676 4119 ψιλόν
715 4068 769 4103 τι
821 4050 992 4122 ὄνομα
1041 4053 1564 4125 προσγεγραμμένον
1612 4055 1723 4126 (14)

160 4138 302 4211 τύχῃ.
345 4143 418 4193 Οὐ
450 4140 562 4212 γὰρ
587 4141 680 4194 ἐπὶ
725 4140 898 4212 τούτῳ
945 4141 1091 4212 μόνῳ
1133 4143 1166 4211 ἡ
1212 4142 1332 4198 θεία
1373 4144 1563 4215 Γραφὴ
1606 4148 1722 4210 ταῖς

1826 3065 2020 3111 versae,
2059 3051 2487 3122 disputationem
2518 3063 2858 3112 convertere.
2888 3056 3202 3116 Generatim
3226 3061 3397 3130 igitur

1823 3141 2113 3209 loquendo,
2193 3142 2333 3198 ratio
2426 3145 2802 3216 inscriptionis
2881 3147 3153 3220 duplicem
3231 3152 3394 3206 linem

1823 3236 2068 3299 spectat;
2120 3239 2212 3284 aut
2239 3233 2384 3287 enim
2432 3236 2727 3304 praaposita
2779 3244 2884 3302 est,
2930 3247 2988 3292 ιιι
3015 3249 3395 3310 argumentum

1824 3321 2054 3390 subjecti
2081 3323 2274 3392 psalmi
2329 3324 2692 3392 demonstrat,
2744 3337 2804 3382 ut
2837 3329 2940 3384 fine
2973 3332 3166 3400 psalmi
3195 3348 3398 3402 praece-

1826 3416 1940 3479 pto,
1970 3411 2144 3482 magis
2196 3411 2398 3469 dociles
2441 3414 2656 3480 ﬁamus,
2693 3423 2744 3470 et
2783 3419 3194 3487 progrediamur
3235 3421 3300 3475 ad
3332 3438 3395 3476 ea

1828 3516 1949 3571 quae
1978 3510 2410 3570 consequuntur.
2445 3504 2553 3557 Aut
2587 3505 2782 3559 crebro
2824 3522 2921 3576 per
2950 3523 3009 3562 se
3035 3510 3207 3578 ipsam
3237 3511 3397 3566 docet

1823 3593 2027 3663 aliquid
2071 3592 2379 3647 auditorem
2407 3592 2718 3664 inscriptio,
2749 3598 3046 3652 ostendens
3074 3615 3172 3670 per
3205 3601 3391 3670 subje-

1824 3693 1965 3739 ctam
1990 3683 2171 3740 verbis
2201 3684 2542 3750 sententiam,
2579 3684 2783 3754 aliquid
2804 3702 2870 3741 ex
2899 3689 3098 3745 virtute
3139 3693 3396 3760 praeclare

1825 3770 2065 3838 factum;
2127 3779 2221 3826 aut
2277 3775 2456 3842 potius
2506 3775 2791 3844 utriusque
2821 3776 2966 3831 modi
2989 3785 3042 3832 et
3071 3777 3258 3834 forma:
3312 3783 3397 3835 in-

1829 3865 2190 3934 scriptionum
2225 3863 2346 3920 linis
2378 3880 2519 3920 unus
2560 3875 2613 3920 et
2665 3867 2806 3922 idem
2831 3876 2948 3934 cst;
2993 3885 3188 3942 nempe
3221 3880 3280 3926 ut
3327 3874 3395 3928 ad

1826 3959 2028 4014 bonum
2061 3964 2114 4012 et
2139 3956 2433 4012 honestum
2492 3957 2729 4028 dirigant
2760 3969 2814 4014 et
2869 3959 3186 4031 deducant;
3238 3965 3398 4035 quid-

1825 4051 2059 4122 damque
2108 4065 2174 4105 ex
2224 4049 2454 4106 historia
2508 4051 2736 4123 petitum
2783 4051 3012 4108 indicari
3051 4056 3213 4110 etiam
3272 4067 3401 4113 tunc

1824 4142 2058 4206 videtur,
2093 4154 2216 4196 cum
2249 4139 2425 4194 solum
2471 4147 2526 4194 et
2560 4139 2762 4194 nudum
2793 4156 2989 4196 nomen
3021 4145 3396 4215 praescriptum

164 4229 410 4302 ἱστορίαις
453 4233 854 4305 συγκέχρηται,
901 4232 1043 4288 ὥστε
1090 4235 1222 4306 ἡμῖν
1254 4237 1592 4307 πραγμάτων
1632 4239 1720 4307 ἐγ-

1830 4231 2011 4288 l‘uerit.
2053 4230 2172 4286 Non
2198 4232 2344 4286 enim
2391 4230 2463 4286 ob
2490 4230 2545 4286 id
2573 4231 2748 4286 solum
2785 4230 3069 4302 Scriptura
3099 4234 3283 4290 divina
3313 4238 3399 4291 hi-

161 4321 394 4389 γενέσθαι
429 4324 542 4394 (15)
574 4322 796 4392 γνῶσιν,
826 4323 891 4376 δι’
915 4317 989 4378 ὧν
1023 4323 1163 4395 ἔργα
1185 4325 1306 4379 τινὰ
1325 4327 1420 4378 καὶ
1451 4327 1598 4397 πάθη
1618 4328 1726 4381 τῶν

162 4412 518 4484 ἀρχαιοτέρων
548 4413 912 4486 μανθάνομεν,
955 4415 1070 4469 ἀλλ’
1101 4415 1248 4480 ὅπως
1279 4415 1344 4469 ἂν
1381 4416 1726 4471 διδασκαλίαν

159 4505 271 4555 τινὰ
301 4505 436 4576 πρὸς
468 4506 563 4558 τὸν
595 4505 716 4559 κατ’
743 4505 945 4577 ἀρετὴν
975 4507 1104 4576 ἡμῖν
1133 4506 1430 4572 ὑποδείξειε
1458 4507 1590 4578 βίον,
1624 4509 1726 4580 τῆς

163 4590 425 4666 ἱστορικῆς
493 4595 726 4668 θεωρίας
805 4594 1360 4670 μεταλαμϐανομένης
1428 4600 1566 4669 πρὸς
1627 4602 1726 4673 τὴν

163 4681 485 4757 ὑψηλοτέραν
515 4683 773 4740 διάνοιαν.
824 4686 1026 4740 Τούτου
1073 4688 1252 4741 τοίνυν
1300 4691 1433 4760 ἡμῖν
1483 4689 1726 4760 διομολο-

162 4778 434 4846 γουμένου,
450 4777 547 4830 τοῦ
566 4777 673 4830 δεῖν
700 4777 956 4849 τοιαύτην
985 4779 1114 4850 περὶ
1139 4779 1247 4833 τῶν
1270 4780 1590 4852 ἐπιγραφῶν
1612 4781 1725 4850 (16)

163 4863 294 4936 ἔχειν
320 4869 417 4939 τὴν
449 4867 679 4936 ἐννοιαν,
715 4868 1005 4924 ἀκόλουθον
1040 4869 1106 4924 ἂν
1134 4869 1241 4941 εῐη,
1276 4871 1458 4936 καθὼς
1484 4870 1723 4941 φθάσαν-

164 4972 244 5019 τες
275 4957 491 5030 εῐπομεν
525 4960 658 5031 (17),
687 4961 796 5014 τῶν
823 4961 920 5032 μὲν
949 4960 1148 5032 ὁμοίως
1166 4961 1416 5028 ἐνόντων,
1438 4963 1725 5032 γενικωτέ-

230 5134 302 5204 (8)
334 5134 396 5190 'o
424 5135 550 5190 add.
583 5135 675 5192 ed.

227 5203 298 5272 (9)
327 5206 441 5258 Μὲν
461 5221 573 5260 om.
611 5207 701 5260 ed.

229 5273 335 5344 (1ο)
356 5275 489 5344 Τινὰ
508 5289 619 5330 om.
647 5275 732 5331 ed.

369 5341 476 5399 Οὖν
497 5360 608 5399 om.
637 5345 724 5400 ed.

233 5413 338 5484 (12)
375 5414 838 5481 Ἐπιδεικνύουσα,
870 5415 960 5472 ed.

421 5507 703 5570 Ρηιιοι.
737 5508 854 5570 Gn.
884 5511 1104 5597 XLlV.
1200 5565 1202 5567 .

1827 4324 2120 4380 storiarum
2184 4323 2498 4377 narratione
2542 4322 2738 4385 utitur,
2790 4329 2850 4376 ut
2895 4337 3076 4376 rerum
3119 4335 3398 4394 gestarum

1823 4416 2187 4486 cognitionem
2212 4415 2370 4470 nobis
2392 4428 2793 4483 comparemus,
2826 4421 2879 4468 et
2901 4426 3021 4484 qua:
3037 4414 3286 4472 fecerunt
3312 4419 3398 4474 vel

1822 4508 2163 4578 pertulerunt
2186 4513 2418 4574 veteres,
2440 4519 2871 4576 cognoscamus;
2905 4506 3000 4561 sed
3031 4514 3088 4560 ut
3120 4500 3399 4565 nobis'di-

1825 4598 2132 4669 sciplinam,
2176 4595 2245 4651 ad
2295 4597 2463 4650 vitam
2509 4611 2575 4651 ex
2619 4595 2839 4651 virtutis
2896 4599 3215 4669 praescripto
3241 4601 3398 4656 in‘sti-

1822 4687 2082 4742 tuendam
2111 4685 2326 4750 tradat,
2353 4691 2407 4740 et
2437 4683 2665 4754 proinde
2686 4683 2928 4739 historia:
2947 4690 3397 4744 commemoratio

1824 4779 1892 4834 ad
1937 4779 2182 4834 altiorem
2225 4777 2514 4848 quamdam
2567 4775 3060 4831 considerationem
3105 4778 3392 4837 referatur.

1823 4872 1960 4928 Cum
1990 4872 2156 4942 igitur
2175 4869 2418 4924 omnium
2443 4882 2716 4923 consensu
2737 4873 2972 4934 constet,
2994 4867 3307 4937 hujusmodi
3328 4874 3396 4927 de

1825 4961 2109 5031 Scriptura
2153 4959 2613 5016 existimationem
2672 4957 2972 5015 habendam
3017 4973 3172 5027 esse,
3200 4977 3395 5018 conse-

1896 5139 2005 5211 (ιδ)
2034 5139 2166 5211 Καί,
2199 5139 2264 5194 ed

1898 5206 2010 5280 ('14)
2038 5206 2555 5280 Προγεγρςιμμέντρν»
2589 5209 2672 5265 ed-

1898 5219 1989 5277 (‘M
2039 5219 2080 5261 ll
2092 5219 2519 5280 poysypapttsvm

1895 5219 2010 5349 (15)
2038 5277 2396 5349 Ἐγγίιίεσθαξθ
2434 5277 2519 5330 ed-

1900 5347 2011 5418 (16)
2035 5347 2282 5418 ζραφῶν,
2310 5347 2396 5418 ed.

1900 5416 2010 5474 117)
2043 5417 2316 5487 Εἴπαμεν,
2337 5416 2423 5469 ed.

3069 5501 3144 5569 16
