3800 5980
394 52 491 107 ιρι

1610 50 1667 109 S.
1704 47 2028 107 GREGORII
2067 48 2356 105 NYSSENI

3529 55 3641 112 492

392 181 565 236 quens
595 174 700 228 est,
734 166 876 222 sicut
933 180 1096 236 supra
1153 164 1409 231 diximus,
1441 176 1499 220 ut
1526 166 1959 235 inscriptionum,

2087 182 2168 221 ›αν
2214 165 2336 220 τινά
2380 163 2741 235 προεκθέσθαι
2783 164 3020 218 διάνοιαν
3053 180 3068 194 ·
3118 165 3226 220 τῶν
3253 165 3310 218 δὲ
3345 165 3488 220 κατά
3512 183 3641 222 τινα

391 272 514 326 qua:
560 257 971 313 similitudinem
1015 260 1305 329 quamdam
1348 259 1488 314 inter
1533 274 1593 312 se
1620 259 1843 322 habent,
1870 273 1962 328 ge-

392 348 717 404 neraliorem
759 349 1047 418 quamdam
1083 350 1496 419 explicationem
1524 350 1842 413 tradamus;
1871 362 1963 402 ea-

390 456 512 495 rum
534 456 663 497 vero
690 457 811 511 quae
837 441 1009 512 magis
1051 442 1191 497 inter
1224 456 1283 497 se
1302 439 1579 506 diﬂ‘erunt,
1631 440 1803 510 magis
1843 453 1965 508 spe-

390 531 583 587 cialem
613 540 668 586 et
705 531 1106 601 particularem.

462 619 642 686 Quare
661 635 783 675 cum
809 620 1017 675 voxilla
1043 639 1056 673 :
1084 638 1102 670 ι
1127 619 1184 674 ln
1212 620 1392 685 ﬁnem,
1420 639 1439 673 ι
1466 620 1715 691 plurimis
1741 624 1963 693 psalmis

389 712 611 781 praeﬁxa
655 709 747 773 sit,
780 710 832 763 id
857 709 1105 763 videlicet
1135 708 1225 762 illa
1257 723 1360 764 nos
1392 709 1571 774 docet,
1594 710 1737 779 quod
1763 717 1815 764 et
1845 710 1958 774 alii,

391 800 483 870 qui
508 798 839 868 Scripturam
866 797 1205 867 interpretati
1238 805 1387 861 sunt,
1410 798 1788 853 intellexerunt
1811 816 1825 865 ;
1849 798 1964 868 qui-

389 890 512 943 dam
534 891 676 945 enim
705 889 823 942 loco
845 889 965 958 ejus
998 906 1011 942 :
1052 907 1070 938 ι
1098 888 1156 941 ln
1182 888 1363 949 ﬁnem,
1400 907 1419 940 ι
1447 890 1607 942 vertit
1637 906 1655 939 ι
1681 887 1907 956 Victori;
1938 907 1957 940 ι

294 982 295 989 ‘
388 979 547 1039 alius.
573 997 591 1029 ι
614 976 944 1047 Epinicium;
971 995 991 1028 ο
1014 976 1174 1038 alius,
1204 997 1221 1028 ι
1247 976 1302 1030 In
1329 976 1635 1032 victoriam.
1660 998 1676 1028 ο
1694 975 1963 1043 Quocirca

389 1084 513 1123 cum
547 1069 729 1123 omnis
758 1068 1074 1123 certaminis
1112 1068 1338 1122 victoria
1386 1070 1458 1123 sit
1503 1067 1646 1132 ﬁnis,
1675 1068 1739 1121 ad
1775 1081 1960 1137 quam,

390 1161 483 1231 qui
540 1170 816 1216 certamen
862 1159 1264 1231 ingrediuntur,
1296 1161 1478 1215 omnia
1532 1176 1630 1215 sua
1684 1159 1960 1226 referunt,

391 1266 561 1322 eaque
593 1250 715 1306 freti
762 1266 1002 1322 pugnare
1030 1252 1321 1322 incipiunt,
1353 1252 1484 1307 mihi
1527 1252 1686 1323 plane
1735 1265 1960 1322 persua-

392 1344 497 1400 deo
557 1362 576 1395 ι
614 1343 734 1399 ﬁnis
782 1361 801 1395 ι
859 1342 1099 1406 nomine,
1138 1344 1284 1398 velut
1334 1342 1481 1399 brevi
1532 1343 1766 1413 quadam
1811 1356 1962 1396 com-

2061 256 2322 328 διαφορὰν
2368 256 2750 325 ἐκτιθεμένων,
2809 255 3124 328 ίδικωτέραν
3175 257 3504 329 ποιήσασθαι
3536 259 3640 328 τήν

2062 345 2330 413 ἐξέτασιν.

2146 614 2359 687 Ἐπειδὴ
2410 617 2587 670 τοίνυν
2633 616 2667 686 ή
2712 618 2792 679 είς
2828 615 2889 668 τὸ
2935 613 3087 679 τέλος
3130 614 3304 685 φωνὴ,
3335 617 3449 679 τοῖς
3482 615 3644 668 πλεί-

2065 724 2210 770 στοις
2250 707 2358 760 τῶν
2388 706 2619 789 ψαλμῶν
2662 706 3098 778 ἐπιγέγραπται,
3146 704 3304 759 τοῦτο
3340 700 3492 776 οἶμαι
3526 706 3645 759 δεῖν

2064 799 2191 869 περὶ
2214 797 2403 851 τούτου
2430 798 2737 866 γινώσκειν,
2764 799 2901 868 ὅπερ
2925 798 2958 865 ή
2985 796 3093 849 τῶν
3119 795 3321 849 λοιπῶν
3349 797 3646 867 σαςρηνίζιι

2062 889 2270 943 διάνοια
2295 888 2403 942 τῶν
2431 889 2531 960 τὴν
2574 888 2743 959 αὐτὴν
2792 888 3346 959 μεθερμηνευσάντων
3387 888 3641 959 Γραφήν.

2075 982 2132 1036 '0
2152 981 2248 1052 μὲν
2264 981 2373 1051 γάρ
2387 997 2470 1043 τις
2485 980 2606 1034 ἀντὶ
2623 980 2716 1033 τοῦ
2739 997 2758 1030 t
2784 981 2878 1043 Εἰς
2897 978 2959 1032 τὸ
2976 980 3145 1042 τέλος,
3159 998 3178 1029 ι
3203 997 3222 1031 ι
3235 979 3324 1049 Τῷ
3342 979 3637 1049 νικοποιῷ»

2064 1072 2246 1143 φησίν·
2278 1072 2306 1123 6
2328 1072 2386 1124 δὲ
2412 1088 2430 1121 ι
2455 1070 2778 1140 Ἐπινίκιον,
2795 1088 2813 1121 ι
2848 1072 2876 1123 6
2902 1070 2961 1123 δὲ
2990 1069 3052 1122 τὸ
3077 1087 3097 1121 t
3126 1068 3221 1132 Εἰς
3247 1072 3413 1132 νῖκος.
3440 1089 3460 1121 ι
3480 1070 3645 1122 Ἐπεὶ¹

2062 1161 2154 1219 οὖν
2189 1162 2301 1232 (l8)
2350 1161 2505 1225 τέλος
2533 1162 2733 1225 παντὸς
2774 1160 2981 1229 ἀγῶνος
3012 1162 3046 1230 ή
3076 1161 3200 1230 νίκη
3237 1161 3464 1229 γίνεται,
3500 1163 3646 1231 πρὸς

2063 1254 2128 1325 ἣν
2159 1252 2447 1323 βλέποντες
2480 1251 2531 1304 οἱ
2562 1249 2699 1321 πρὸς
2726 1250 2851 1313 τοὺς
2881 1249 3095 1319 ἀγῶνας
3128 1250 3503 1320 ἀποδυόμενοι,
3538 1255 3645 1321 τῆς

2063 1342 2341 1413 ἀθλήσεως
2365 1340 2645 1405 ἅπτονται,
2676 1340 2824 1395 δοκεί
2849 1357 2937 1410 μοι
2971 1340 3061 1394 διά
3090 1340 3183 1394 τοῦ
3212 1341 3394 1407 τέλους
3421 1344 3450 1395 6
3476 1342 3645 1411 λόγος

391 1434 707 1500 monitione,
728 1432 1192 1506 excitariomnes
1221 1434 1363 1497 illos,
1399 1435 1490 1504 qui
1537 1433 1590 1487 in
1634 1435 1796 1503 hujus
1840 1433 1962 1488 vita

2087 1452 2128 1488 ,κ
2174 1434 2430 1506 βραχείας
2468 1435 2652 1503 φωνῆς
2688 1434 2994 1503 ἐπεγείρειν
3042 1435 3122 1497 εἰς
3168 1435 3474 1505 προθυμίαν
3506 1439 3644 1501 τοὺς

392 1526 571 1583 stadio
602 1497 702 1595 per
726 1500 945 1579 virtutis
981 1497 1432 1579 exercitationem
1469 1497 1770 1589 decertant,
1807 1531 1867 1578 ut
1900 1523 1963 1577 ﬁ-

2087 1527 2154 1580 ἰιά
2174 1497 2517 1599 ἀρετῶν
2542 1497 2834 1589 ἀθλοῦντα-ς
2859 1497 2917 1579 έν
2944 1524 3021 1597 τῷ
3050 1497 3245 1597 σταδίω
3267 1497 3359 1581 rei;
3391 1528 3529 1598 βίου,
3560 1497 3644 1596 ὡς

391 1631 515 1671 nem
540 1614 922 1685 respicientes,
954 1629 1049 1683 spe
1085 1629 1300 1668 coronae
1342 1615 1667 1679 obtinendae,
1708 1617 1963 1671 certami-

392 1721 521 1760 num
535 1684 792 1760 olaborem
824 1703 1002 1759 levent
1025 1710 1081 1758 ct
1108 1704 1373 1758 minuant.
1401 1702 1557 1770 Quod
1585 1721 1730 1760 nunc
1774 1707 1961 1762 itidem

392 1798 447 1853 in
471 1796 861 1853 certaminibus
890 1795 1109 1852 evenire
1134 1794 1399 1850 videmus.
1420 1795 1639 1851 Corona
1660 1799 1803 1853 enim
1829 1813 1961 1870 prae.

390 1886 763 1942 demonstrata
801 1886 870 1943 iis
920 1886 1011 1955 qui
1049 1885 1102 1938 in
1139 1885 1405 1954 palaestris
1447 1889 1814 1955 congressuri,
1847 1903 1962 1943 ma-

390 1991 601 2045 nusque
635 1976 940 2031 conserturi
981 1982 1131 2036 sunt,
1172 1975 1400 2029 multum
1431 1977 1644 2032 roboris
1678 1978 1863 2045 addit;
1907 1990 1962 2035 et

390 2066 721 2136 diligentiam
773 2066 840 2120 ad
880 2066 1158 2121 victoriam
1189 2067 1537 2122 obtinendam
1579 2070 1745 2132 acuit,
1801 2073 1958 2126 mole-

395 2158 512 2213 stiis
545 2157 669 2221 illis,
698 2173 818 2226 quae
845 2157 899 2210 in
926 2156 1178 2211 conﬂictu
1208 2157 1297 2211 illo
1324 2158 1619 2213 subeunda:
1646 2168 1792 2223 sunt,
1833 2175 1951 2229 spe-

397 2255 511 2301 rata
534 2246 730 2317 gloria,
764 2247 992 2300 multum
1036 2248 1363 2302 extenuatis.
1385 2245 1674 2318 Ergocum
1703 2249 1961 2304 omnibus

398 2339 463 2394 ad
497 2346 772 2393 certamen
812 2338 1045 2394 stadium
1086 2345 1331 2415 apertum
1374 2337 1443 2391 sit
1471 2338 1741 2409 (stadium
1780 2346 1959 2393 autem

398 2438 479 2486 est
499 2430 803 2484 communis
830 2430 1109 2484 hominum
1139 2428 1305 2499 vita),
1335 2443 1551 2497 unaque
1587 2429 1842 2484 omnibus
1872 2429 1961 2483 ad-

399 2532 662 2586 versetur,
680 2531 732 2577 et
752 2521 1059 2577 obluctetur
1078 2520 1395 2591 improbitas
1415 2529 1468 2575 et
1492 2519 1727 2584 malitia;
1753 2519 1959 2575 dolosis

398 2612 634 2670 luctandi
651 2612 827 2668 modis
850 2610 1205 2667 multifariam
1221 2626 1336 2675 eos,
1357 2610 1446 2681 qui
1464 2626 1527 2665 ex
1547 2609 1775 2666 adverso
1792 2619 1961 2677 stant,

398 2703 869 2775 prosternenszob
917 2702 972 2757 id
1018 2702 1256 2771 optimus
1293 2702 1602 2756 animorum
1652 2715 1961 2758 nostrorum

398 2792 657 2865 magister
676 2801 730 2850 et
760 2795 1076 2857 instructor,
1098 2792 1257 2848 ﬁnem
1280 2792 1496 2848 sudoris
1516 2799 1568 2847 et
1590 2793 1790 2849 laboris
1804 2795 1963 2864 prius

399 2885 558 2939 nobis
578 2884 813 2938 ostendit
831 2883 1107 2952 decusque
1128 2898 1194 2937 ex
1218 2896 1419 2937 corona
1440 2882 1590 2937 nasci
1612 2893 1961 2947 consuetum,

400 2980 457 3026 et
502 2972 776 3042 publicum
820 2973 952 3027 illud
993 2973 1361 3042 praet-ouium,
1404 2973 1751 3043 victoriaeque
1798 2982 1967 3045 parta:

402 3062 863 3133 praedicationem,
894 3070 954 3117 ut
982 3062 1155 3118 oculis
1183 3063 1252 3117 ad
1287 3064 1438 3117 illum
1471 3062 1630 3119 ﬁnem
1666 3066 1968 3130 conversis,

404 3153 644 3207 victoria:
686 3152 894 3207 auctori
932 3152 1205 3219 innitaris,
1254 3153 1657 3224 epiniciumque
1701 3161 1755 3209 et
1799 3155 1972 3211 victo-

401 3243 536 3297 riale
576 3258 795 3298 carmen
826 3244 934 3298 "tibi
980 3258 1280 3315 compares.
1321 3244 1451 3311 Quae
1485 3253 1662 3302 autem
1695 3246 1798 3301 alia
1839 3262 1972 3302 con-

403 3342 659 3390 sentanea
687 3335 756 3389 ad
785 3336 1001 3391 virtutis
1045 3335 1385 3406 disciplinam
1434 3337 1520 3393 his
1566 3337 1780 3392 subsint
1808 3353 1970 3393 sensa

400 3435 454 3481 et
484 3429 827 3492 documenta,
856 3441 962 3483 non
987 3426 1133 3498 fugit
1180 3428 1305 3483 illos
1335 3429 1426 3498 qui
1468 3428 1537 3482 ab
1571 3428 1674 3483 hoc
1718 3429 1873 3484 initio
1902 3429 1970 3483 ad

402 3517 789 3586 consequentia
844 3517 1155 3589 prospicere
1212 3519 1413 3576 valent.
1448 3518 1643 3590 Liquet
1689 3520 1837 3575 enim
1892 3526 1973 3575 tot

401 3605 651 3664 hostibus
687 3609 893 3666 nostris
930 3618 1121 3665 contra
1167 3615 1268 3666 nos
1319 3611 1615 3680 pugnandi,
1640 3610 1749 3665 imo
1792 3619 1845 3666 et
1871 3626 1973 3667 nos

398 3693 701 3751 debellandi
732 3712 852 3753 esse
883 3713 1080 3754 causas
1115 3706 1170 3753 et
1206 3713 1390 3766 ansas,
1432 3708 1565 3770 quot
1615 3711 1744 3755 sunt
1779 3701 1973 3756 anima:

398 3786 854 3855 perturbationes,
894 3789 1094 3857 quibus
1128 3796 1385 3858 tanquam
1439 3792 1741 3846 membrum
1794 3790 1971 3861 quod-

398 3873 545 3941 dam,
565 3878 704 3931 ratio
730 3878 896 3931 animi
918 3879 1091 3933 nostri
1122 3894 1263 3949 smpe
1287 3882 1525 3944 luxatur,
1554 3882 1676 3936 loco
1700 3890 1968 3948 movetur,

399 3971 455 4017 et
476 3963 791 4033 plerumque
815 3965 976 4018 etiam
1003 3973 1069 4020 de
1094 3973 1244 4022 statu
1270 3984 1372 4025 suo
1401 3969 1674 4038 dejicitur,
1706 3972 1809 4026 nisi
1846 3972 1971 4041 quis

400 4052 787 4108 exercitatione
799 4053 909 4122 jam
934 4056 1235 4125 procultus,
1254 4067 1307 4112 et
1325 4058 1561 4128 legitima
1585 4060 1860 4131 pugnandi
1883 4074 1971 4115 ra-

400 4142 648 4207 tione,ut
682 4144 920 4214 loquitur
946 4145 1257 4215 Apostolus,
1274 4147 1377 4203 sibi
1406 4149 1545 4203 viam
1569 4157 1761 4213 tutam,
1780 4164 1970 4208 casus-

320 4263 332 4270 -
401 4246 508 4302 que
522 4240 794 4304 expertem
812 4237 866 4288 in
885 4234 1193 4303 hujusmodi
1216 4236 1609 4293 certaminibus
1628 4240 1966 4309 praepararit,

392 4322 641 4379 victoria:
665 4324 876 4379 laudem
897 4324 1141 4396 adeptus.
1164 4341 1284 4397 quae
1301 4327 1480 4383 omnis
1502 4336 1695 4400 pugnae
1720 4329 1842 4385 ﬁnis
1862 4337 1965 4386 est.

477 4413 745 4468 Caeterum
779 4429 841 4469 ea
862 4430 984 4485 qua:
1002 4416 1153 4481 voci,
1189 4436 1209 4470 ι
1235 4419 1297 4470 ln
1320 4417 1503 4483 ﬁnem,
1530 4437 1551 4471 ι
1581 4419 1963 4489 ascribuntur,

401 4505 725 4562 documenta
750 4504 998 4575 quaedam
1029 4514 1177 4572 sunt,
1205 4514 1260 4563 et
1293 4508 1522 4564 consilia
1559 4510 1628 4564 ad
1655 4511 1962 4579 victoriam,

411 4596 613 4669 quibus
637 4605 869 4651 conatus
898 4605 1083 4654 noster
1127 4607 1183 4655 et
1210 4600 1448 4655 studium
1500 4616 1760 4672 prospere
1790 4603 1967 4661 cedat.

400 4686 539 4743 Nam
565 4686 697 4741 illud
722 4685 859 4742 «Pro
879 4688 947 4744 iis
968 4690 1059 4760 qui
1079 4691 1625 4757 commutabuntur,»
1740 4701 1794 4749 et
1817 4694 1969 4761 illud,

358 4772 365 4777 “
408 4798 427 4830 ι
454 4779 559 4837 l‘ro
578 4778 826 4845 Mahelet,
853 4799 875 4833 ι
901 4781 1044 4851 quod
1067 4782 1156 4837 alii
1177 4782 1432 4849 reddunt,
1458 4801 1477 4834 c
1500 4782 1603 4839 Pro
1630 4785 1852 4851 chorea,
1878 4804 1897 4837 ι
1917 4793 1973 4841 et

396 4867 551 4935 illud,
569 4890 589 4925 ι
612 4870 904 4943 Respicere
922 4874 988 4930 ad
1012 4888 1250 4941 arcana;
1283 4892 1303 4927 ι
1328 4880 1402 4943 et,
1439 4892 1458 4927 ι
1488 4873 1593 4932 Pro
1615 4875 1815 4933 dilecto
1842 4891 1973 4934 can-

359 5090 381 5119 ._
477 5051 587 5119 (l8)
618 5051 691 5106 T6
727 5051 854 5109 add.
887 5050 975 5107 ed.

366 5110 390 5154 ἰ
473 5110 589 5191 (te)
616 5123 690 5175 Τό
725 5137 837 5177 om.
872 5122 962 5177 ed.

490 5192 584 5260 20)
624 5191 685 5260 ΪΟ
714 5192 840 5249 add.
880 5193 970 5249 ed.

494 5258 585 5329 21)
614 5259 847 5329 Quidam
873 5259 1032 5316 codd.
1056 5258 1320 5325 εὐδοκίας.

475 5325 592 5397 (22)
630 5325 718 5383 Ἕν
744 5325 790 5398 ᾧ
816 5346 926 5385 om.
958 5332 1046 5385 ed.

471 5398 588 5473 (25)
617 5398 849 5465 Quidam
875 5413 985 5455 om.
1018 5399 1161 5464 τούς.

2067 1614 2132 1669 ἂν
2162 1616 2243 1676 είς
2268 1616 2328 1668 τὸ
2360 1614 2470 1687 (l9)
2495 1614 2646 1677 τέλος
2671 1613 2975 1684 βλέποντες,
3004 1615 3137 1685 ὅπερ
3164 1616 3310 1669 ἐστὶν
3332 1618 3363 1686 ή
3396 1617 3546 1688 νίκη,
3568 1620 3640 1689 τῇ

2065 1703 2173 1758 τῶν
2221 1706 2499 1773 στεφάνων
2534 1704 2706 1757 ἑλπίδι
2754 1704 2846 1758 τὸν
2890 1706 2947 1757 ἐν
2971 1707 3083 1767 τοῖς
3115 1704 3295 1770 ἄθλοις
3326 1707 3484 1761 πόνον
3514 1711 3645 1762 ἑπι-

2066 1794 2392 1865 κουφίζοιεν.
2426 1795 2602 1864 Ὅπερ
2631 1794 2694 1866 δή
2722 1794 2815 1847 καὶ
2843 1794 2937 1849 νῦν
2966 1796 3023 1847 ὲν
3053 1797 3166 1858 τοῖς
3193 1796 3393 1864 ἀγῶσιν
3416 1798 3646 1869 όρῶμεν

2065 1886 2366 1957 γινόμενον.
2396 1885 2858 1955 Προδεικνύμενος
2900 1884 3007 1957 γὰρ
3053 1889 3164 1950 τοῖς
3199 1888 3334 1959 πρὸς
3373 1887 3646 1961 ἀλλήλους

2066 1976 2125 2029 ἐν
2148 1978 2260 2038 τοῖς
2290 1975 2520 2037 σταδίοις
2548 1974 3015 2045 συμπλεκομένοις
3038 1976 3150 2045 (20)
3177 1977 3458 2046 στέφανος,
3478 1981 3648 2050 ὲπιῤ-

2072 2066 2302 2139 ῥώννυσι
2330 2066 2528 2137 μᾶλλον
2553 2066 2729 2119 αὐτῶν
2758 2067 2857 2138 τὴν
2888 2067 3032 2137 ὑπὲρ
3063 2067 3164 2137 τῆς
3196 2069 3349 2138 νίκης
3377 2071 3644 2142 σπουδήν,

2065 2156 2173 2209 τῶν
2213 2156 2510 2226 γινομένων
2559 2156 2739 2219 αὐτοῖς
2786 2156 2873 2209 διά
2921 2157 3021 2227 τῆς
3066 2156 3380 2227 συμπλοκῆς
3447 2157 3639 2212 πόνων

2069 2245 2172 2297 ὑπὸ
2200 2245 2301 2315 τῆς
2345 2244 2702 2315 ἐλπιζομένης
2734 2246 2973 2311 εὐδοξίας
3013 2246 3122 2315 (21)
3168 2247 3642 2317 ὲκκλεπτομένων.

2068 2335 2208 2387 Πᾶσι
2239 2334 2415 2389 τοίνυν
2448 2335 2792 2404 ήνεῳγμένου
2838 2334 2933 2387 τοῦ
2982 2336 3195 2389 σταδίου
3233 2334 3369 2408 πρὸς
3410 2335 3648 2405 ἄθλησιν

2069 2421 2316 2493 (στάδιον
2351 2421 2409 2475 δὲ
2455 2424 2484 2474 6
2533 2421 2708 2484 κοινὸς
2757 2421 2865 2475 τῶν
2905 2422 3204 2494 ἀνθρώπων
3261 2423 3372 2493 βίος
3414 2425 3601 2490 ἐστὶν)
3622 2465 3644 2489 ,

2068 2514 2127 2568 έν
2162 2507 2207 2580 ᾧ
2242 2513 2351 2584 (22)
2399 2507 2479 2575 εἷς
2527 2511 2817 2575 ἀντίπαλός
2849 2514 2993 2566 ἐστιν
3038 2516 3072 2584 ή
3114 2513 3322 2579 κακία,
3376 2514 3648 2588 πολυτρό-

2071 2621 2188 2667 πως
2259 2608 2371 2669 τοίς
2446 2604 2678 2675 δολεροῖς
2748 2604 3083 2674 παλαίσμασι
3157 2605 3649 2678 καταγωνιζομένη

2068 2698 2193 2760 τοὺς
2233 2694 2343 2766 (25)
2384 2695 2881 2767 προσπαλαίοντας’
2937 2696 3023 2749 διὰ
3051 2693 3207 2748 τοῦτο
3235 2698 3263 2749 6
3295 2696 3494 2764 ἀγαθὸς
3530 2697 3650 2750 τῶν

2068 2787 2254 2857 ψυχῶν
2307 2786 2655 2857 παιδοτρίϐης
2708 2782 3049 2856 προδείκνυσί
3106 2801 3185 2838 σοι
3235 2785 3345 2838 τῶν
3398 2786 3651 2856 ἱδρώτων

2068 2879 2128 2933 τὸ
2160 2879 2334 2942 τέλος.
2367 2878 2461 2931 καὶ
2491 2877 2582 2930 τὸν
2608 2879 2671 2930 ὲκ
2705 2876 2816 2931 τῶν
2852 2877 3129 2945 στεφάνων
3166 2877 3389 2947 κόσμον,
3418 2878 3513 2931 καὶ
3541 2879 3651 2949 τὴν

2069 2971 2160 3023 ἐπὶ
2189 2971 2253 3041 τῇ
2286 2969 2407 3040 νίκῃ
2435 2968 2733 3040 ἀνάρρησιν
2752 2984 2765 2997 ο
2798 2968 2887 3021 ἵνα
2913 2968 3049 3039 πρὸς
3078 2970 3253 3021 ἐκεῖνο
3281 2968 3488 3039 βλέπων
3524 2968 3648 3039 (24)

2067 3061 2127 3112 τὸ
2156 3060 2323 3126 τέλος,
2354 3058 2431 3128 τῷ
2458 3056 2715 3127 νικοποιῷ
2746 3056 2970 3110 σεαυτὸν
2994 3056 3295 3129 ὲπερείδῃς,
3325 3056 3496 3110 καὶτὸ
3527 3058 3647 3127 (25)

2068 3150 2331 3203 ἐπινίκιον
2370 3150 2630 3219 κήρυγμα
2679 3145 2891 3217 σεαυτῷ
2940 3146 3383 3218 παρασκευάζῃς.
3416 3146 3558 3200 Ὅσα
3581 3148 3650 3202 δὲ

2068 3238 2276 3301 τούτοις
2306 3237 2446 3292 κατὰ
2490 3237 2551 3291 τὸ
2580 3236 2871 3290 ἀκόλουθον
2904 3234 3129 3290 ὕπεστιν
3182 3236 3282 3307 τῆς
3319 3238 3400 3300 είς
3440 3238 3653 3309 ἀρετὴν

2068 3327 2411 3392 διδασκαλίας
2443 3328 2690 3399 νοήματα
2714 3368 2728 3388 ,
2769 3327 2975 3398 φανερά
3018 3326 3234 3389 πάντως
3281 3326 3347 3381 ἂν
3398 3328 3482 3399 εἴη
3527 3332 3654 3391 τοῖς

2068 3418 2158 3472 διά
2186 3419 2284 3490 τῆς
2312 3417 2485 3489 ἀρχῆς
2514 3416 2718 3486 ταύτης
2750 3416 2883 3488 πρὸς
2925 3416 2984 3469 τὸ
3025 3416 3312 3469 ἀκόλουθον
3359 3416 3647 3487 βλέπουσι.

2069 3510 2235 3582 Δῆλον
2264 3509 2374 3580 γὰρ
2415 3510 2498 3562 ὅτι
2540 3509 2640 3562 ὃσα
2686 3507 2789 3578 τῆς
2816 3508 2991 3577 ψυχῆς
3024 3507 3167 3579 πάθη
3203 3509 3369 3574 ἐστὶν,
3402 3508 3654 3562 τοσαῦτα.

2070 3602 2397 3674 κρατήμοιτμ
2425 3599 2533 3653 τῶν
2565 3598 2774 3669 ἐχθρῶν
2800 3598 3005 3666 γίνεται
3036 3597 3157 3651 καθ’
3188 3598 3365 3670 ήμῶν,
3397 3599 3492 3652 καὶ
3535 3615 3655 3652 πα-

2069 3693 2379 3762 λαίσματαο
2428 3691 2495 3744 δι’
2540 3684 2614 3745 ὧν
2646 3689 2893 3760 καθάπερ
2936 3705 2989 3741 τι
3037 3688 3198 3759 μέλος
3240 3690 3339 3759 τῆς
3380 3689 3581 3761 ψυχῆς,
3617 3691 3655 3743 ὁ

2069 3782 2326 3853 λογισμὸς
2345 3779 2700 3853 ὲξαρθροῦται
2724 3780 2980 3844 πολλάκις
3011 3782 3103 3834 καὶ
3130 3779 3477 3851 ὲξαρμίζεται
3501 3780 3647 3850 (26),

2071 3874 2120 3926 εἰ
2153 3873 2226 3943 μή
2252 3889 2341 3935 τις
2368 3871 2881 3943 παρεσκευασμένος
2908 3871 2996 3925 διά
3042 3871 3291 3942 μελέτης,
3314 3870 3375 3923 τὸ
3401 3869 3654 3939 ἀσφαλές

2068 3977 2130 4014 τε
2167 3962 2265 4013 καὶ
2306 3960 2694 4015 ἀκατάπτωτον
2736 3962 2794 4013 ἐν
2837 3963 2949 4025 τοῖς
2986 3960 3245 4024 τοιούτοις
3275 3959 3387 4031 (27)
3433 3959 3653 4028 ἀγῶσιν

2071 4051 2247 4123 ἑαυτῷ
2272 4049 2633 4122 κατορθώσειε
2667 4051 2799 4121 (28),
2823 4051 2912 4105 διὰ
2946 4052 3046 4122 τῆς
3074 4051 3302 4121 νομίμου
3339 4050 3649 4121 ἀθλήσεως,

2070 4141 2251 4205 καθώς
2290 4153 2457 4211 φησιν
2493 4143 2522 4196 ό
2562 4141 2898 4207 Ἀπόστολος,
2946 4143 3044 4211 τὴν
3074 4144 3230 4213 νίκην
3269 4141 3445 4214 ἑαυτῷ
3473 4158 3655 4197 κατασ-

2074 4230 2371 4303 κτώμενος,
2399 4232 2523 4302 ήτις
2546 4232 2695 4285 ἐστὶν
2723 4231 2831 4285 τῶν
2859 4229 3083 4300 ἀγώνων
3110 4231 3171 4283 τὸ
3194 4230 3364 4295 τέλος.

2146 4423 2226 4478 Τά
2266 4424 2325 4478 δὲ
2362 4426 2944 4496 συμπαραγραφόμενα
2964 4428 3029 4497 τῇ
3076 4442 3095 4477 ι
3126 4426 3217 4490 Εἰς
3237 4425 3387 4488 τέλος
3410 4444 3431 4478 ﬁ
3468 4428 3652 4498 φωνῇ,

2078 4514 2349 4585 ὑποθῆκαί
2367 4516 2510 4578 τινές
2537 4518 2641 4569 εἰσι
2662 4516 2756 4570 καὶ
2779 4532 2841 4568 συ
2850 4516 3077 4587 μθουλαὶ
3098 4516 3233 4589 πρὸς
3252 4518 3352 4588 τήν
3372 4517 3550 4587 νίκην·
3578 4517 3654 4571 δι’

2069 4598 2146 4660 ὧν
2174 4605 2240 4660 ἀν
2265 4606 2632 4678 κατορθωθείη
2663 4608 2722 4660 τὸ
2743 4592 3193 4679 σπουδαζόμενον.
3227 4610 3299 4662 Ἦ
3319 4625 3377 4661 τε
3403 4609 3511 4679 γὰρ
3539 4609 3656 4661 τῶν

2068 4696 2580 4767 ἀλλοιωθησομένων
2609 4698 2751 4763 λέξις
2784 4698 2944 4771 [(28⁹)
2972 4701 3070 4771 τὴν
3104 4699 3239 4771 πρὸς
3282 4699 3344 4753 τὸ
3395 4703 3653 4771 κρεῖττον

2073 4788 2429 4859 μεταποίησιν
2497 4790 2598 4860 τῆς
2664 4788 2843 4860 ψυχῆς
2909 4791 3241 4845 ὑποτίθεται.
3305 4793 3417 4846 Καὶ
3474 4794 3510 4863 ή
3557 4791 3654 4846 τοῦ

2070 4877 2283 4933 Μαελὲθ
2326 4879 2591 4950 ἑρμηνεία
2636 4880 2771 4953 πρὸς
2822 4879 3043 4951 μείζονα
3075 4881 3382 4954 προθυμίαν
3429 4881 3656 4952 intortio

2146 5055 2264 5127 (26)
2282 5055 2602 5127 Βλέποντες.
2633 5055 2721 5113 ed.

2145 5126 2258 5196 (25)
2295 5126 2370 5196 Τό
2403 5143 2514 5196 om.
2542 5127 2633 5181 ed.

2146 5194 2256 5267 (26)
2294 5195 2697 5267 Ἐξορμίξεταιι
2733 5197 2822 5252 ed.

2143 5264 2254 5328 (27)
2291 5264 2532 5327 Τούτοις,
2567 5265 2655 5320 ed.

2143 5335 2267 5404 (28)
2288 5334 2665 5404 Ιςατορθώσει.
2702 5335 2788 5390 ed.

2145 5402 2279 5474 (28⁸)
2312 5402 2487 5459 Verba
2515 5405 2679 5461 uncis
2710 5404 2919 5461 inclusa
2952 5420 3064 5460 om.
3103 5404 3194 5464 ed.
