3800 5980
153 117 242 171 ιεδ

1526 131 1592 189 ΙΝ
1625 132 1961 193 PSALMOS.

3253 124 3353 181 ιοι

151 243 223 298 ρει
263 225 347 280 τὸν
383 227 618 299 ἀθλητήν
647 247 660 261 ο
708 230 801 300 τὴν
847 234 985 304 μετὰ
1036 237 1097 291 τὸ
1142 238 1311 311 πέρας
1355 242 1459 295 τῶν
1513 246 1685 299 πόνων

1791 249 1954 303 ticum
1988 268 2006 300 ι
2040 249 2319 303 instituere
2344 252 2397 298 et
2426 256 2639 303 canere,
2675 259 2692 291 ι
2738 240 2840 294 Pro
2871 240 3214 312 susceptione
3239 258 3354 295 ma.-

150 317 488 388 ἐκδεχομένων
534 322 681 391 ἡμᾶς
723 326 1075 394 χοροστασίαν
1132 332 1493 401 σημαίνουσα·
1547 337 1688 390 οὓτω

147 408 301 478 γὰρὴ
345 408 503 481 λέξις]
542 411 681 482 αὕτη
721 415 868 485 παρὰ
912 418 1021 469 τῶν
1050 419 1250 475 λοιπῶν
1280 426 1685 498 σεσαφήνισται,

146 498 223 551 διὰ
248 500 453 568 χορείας
473 502 688 558 Μαελὲθ
731 505 1122 583 ἐρμηνεύουσα.
1160 512 1231 564 Τό
1271 531 1331 566 τε
1377 533 1396 565 ι
1443 516 1584 586 Πρὸς
1621 517 1689 570 τὰ

147 592 329 662 κρύφια
367 593 612 662 βλέπειν,
663 617 682 649 ι
729 599 818 653 καὶ
858 619 877 650 ι
936 601 1106 670 ’Υπὲρ
1133 604 1223 658 τοῦ
1264 608 1543 678 ἀγαπητοῦ
1589 612 1687 678 τὴν

145 683 268 753 ᾠδὴν
296 686 575 748 ποιεῖσθαι,
608 706 626 739 ι
656 690 747 742 καὶ
796 709 815 741 ι
851 691 1022 762 ’Υπὲρ
1061 694 1156 764 τῆς
1197 696 1424 767 ἑωθινῆς
1468 698 1684 767 ἀντιλή-

144 772 270 840 ψεως
288 773 455 843 ᾄδειν·
481 794 499 825 ι
520 777 614 828 καὶ
642 792 660 825 ι
689 776 786 848 τὴν
819 779 1038 850 Ὀγδὸην
1063 782 1468 854 πρὸόφθαλμῶν
1487 782 1648 853 ἔχειν,
1674 803 1691 834 ι

146 863 224 915 καὶ
236 881 253 913 ι
270 864 399 935 πρὸς
411 866 508 937 τὴν
526 863 966 935 κληρονομοῦσαν
982 870 1111 939 όρᾷν
1132 888 1149 919 ι
1162 907 1176 930 ,
1192 871 1287 919 καὶ
1306 881 1324 913 ί
1342 866 1488 928 ὅπως
1498 867 1564 921 ἂν
1585 868 1690 936 ἔξω

141 952 226 1019 τῆς
251 954 378 1024 πρὸς
403 955 493 1008 τὸν
518 956 663 1026 Κορὲ
691 956 1004 1026 συγγενείας
1025 955 1336 1027 γενοίμεθα,
1355 977 1372 1008 ι
1394 959 1493 1029 τήν
1511 975 1570 1012 τε
1590 977 1688 1031 με-

141 1042 292 1113 γάλην
318 1044 531 1115 ἐκείνην
568 1044 662 1098 τοῦ
696 1045 856 1100 Δαυῒδ
889 1046 1070 1116 φωνὴν
1097 1048 1219 1118 τὴν,
1273 1067 1293 1098 ι
1330 1048 1421 1117 Μὴ
1443 1049 1684 1118 διαφθεί-

143 1152 246 1208 ρῃς,
272 1154 290 1186 ι
340 1137 404 1206 ἦν
458 1137 595 1205 πρὸς
643 1136 732 1190 τὸν
787 1137 1131 1208 ὑπασπιστὴν
1178 1140 1498 1211 ἐποιήσατο,
1550 1141 1686 1211 πρὸς

140 1225 216 1276 τὸν
253 1224 355 1294 (29)
396 1226 570 1279 Σαοὺλ
608 1226 764 1296 φόνον
794 1228 1129 1298 ὁρμήσαντα,
1174 1228 1683 1300 ἐνστηλογραφηθῆ-

140 1332 215 1369 ναι
239 1316 340 1387 (50)
369 1319 424 1369 ἐν
462 1320 531 1388 τῇ
566 1318 793 1371 ἑκάστου
822 1317 965 1389 ψυχῇ
997 1319 1131 1391 πρὸς
1161 1318 1462 1389 ὑπόδειγμα
1491 1337 1687 1390 μακρο-

1797 337 1969 390 tutina
2000 357 2011 391 :
2049 357 2067 389 ι
2099 345 2150 390 et
2179 347 2301 390 ante
2330 333 2516 388 oculos
2577 348 2595 379 ι
2631 338 2877 384 octavam
2916 349 2934 382 ι
2975 330 3173 385 habere
3195 370 3210 393 ,
3242 349 3261 382 ι
3301 341 3353 384 et

1797 445 1815 475 ‹
1852 423 2052 481 intueri
2104 423 2250 477 illam
2310 435 2429 490 qua:
2483 421 3354 493 haereditatemconsequitur,ict

1796 529 1814 562 ι
1840 519 1899 565 ut
1917 523 2068 568 extra
2084 511 2458 580 cognationem
2494 512 2635 567 Core
2667 512 2980 581 migremus,
3006 520 3090 566 iet
3109 513 3355 581 magniﬁ-

1749 620 1755 627 θ
1784 615 1906 656 cam
1935 600 2080 653 illam
2113 599 2330 656 Davidis
2358 617 2566 669 vocem,
2594 620 2613 653 ι
2642 601 2720 658 Ne
2750 616 3070 673 corrumpas
3102 640 3117 666 ,
3149 620 3168 654 ι
3194 618 3352 673 quam

1791 690 1858 745 ad
1882 691 2208 760 armigerum
2231 707 2390 746 suum
2429 694 2495 748 ad
2516 693 2713 748 caedem
2751 692 2932 749 Saulis
2964 702 3208 750 ruentem
3235 710 3358 764 pro-

1791 782 1935 846 tulit,
1970 798 2077 852 qua
2117 797 2400 839 monemur
2447 785 2514 839 ad
2556 786 2829 856 patientia
2850 794 2904 840 ct
2933 786 3355 856 longanimitatis

1790 874 2125 943 exemplum;
2170 882 2224 929 et
2267 875 2431 944 hujus
2483 878 2698 946 generis
2752 879 3033 947 complura
3086 878 3214 943 alia,
3263 879 3357 948 qui

1791 966 2102 1018 accuratius
2143 965 2476 1035 perpendere
2513 967 2677 1029 v'olet,
2712 969 2758 1022 is
2810 968 3041 1023 libenter
3075 968 3354 1032 fatebitur,

1791 1054 1926 1108 nihil
1954 1055 2099 1107 aliud
2128 1070 2270 1121 esse,
2298 1072 2460 1125 quam
2516 1056 2803 1113 athleticas
2823 1059 3089 1127 quasdam
3114 1059 3361 1114 cohorta-

1791 1145 1989 1207 tiones,
2029 1153 2082 1200 et
2118 1148 2509 1217 praeceptiones
2561 1148 2628 1202 ab
2658 1149 2989 1205 instructore
3036 1157 3091 1205 ct
3138 1151 3360 1207 doctore

1792 1237 1859 1291 ad
1899 1237 2131 1294 athletas
2163 1244 2458 1309 profectas,
2511 1251 2571 1295 ut
2601 1250 2875 1311 speratum
2923 1243 3167 1298 victoriae
3196 1244 3357 1299 ﬁnem

1793 1340 2219 1400 consequantur.
2251 1331 2515 1387 Similiter
2546 1334 2592 1389 si
2622 1335 2753 1403 quid
2773 1351 2839 1391 ex
2860 1336 3089 1390 historia
3113 1335 3358 1391 additum

141 1405 335 1476 θυμίας,
375 1408 673 1479 συμϐάλλει
700 1410 729 1461 ὁ
772 1409 946 1477 λόγος.
998 1410 1108 1464 Καὶ
1156 1411 1330 1466 πάντα
1359 1413 1428 1465 τὰ
1464 1411 1685 1466 τοιαῦτα

1795 1417 1866 1471 sit
1887 1420 2170 1486 vocabulo,
2196 1440 2214 1472 ‹
2243 1420 2301 1475 1η
2329 1421 2513 1487 ﬁnem,
2546 1441 2566 1475 ι
2592 1427 2778 1479 eodem
2808 1427 2997 1493 tendit,
3026 1435 3084 1482 ut
3104 1427 3357 1482 videlicet

141 1496 269 1575 εὕροι
296 1516 375 1562 τις
418 1498 486 1553 ἂν
528 1501 597 1553 δι’
641 1502 926 1571 ἀκριϐείας
970 1502 1374 1585 σκοπούμενος,
1406 1503 1488 1557 ὅτι
1518 1503 1684 1575 ἀθλη-

1793 1523 1971 1563 rerum
2003 1526 2218 1579 quoque
2239 1519 2513 1580 gestarum
2545 1516 2807 1585 exemplis
2835 1526 2888 1572 et
2914 1519 3257 1574 documentis
3291 1518 3359 1573 ad

138 1588 265 1643 τικαί
309 1590 445 1653 τινές
493 1593 631 1645 είσιν
681 1593 1059 1663 ὐποφωνήσεις
1107 1584 1258 1664 παρὰ
1282 1594 1374 1648 τοῦ
1414 1595 1685 1666 παιδοτρί-

1793 1600 2087 1654 certamina
2147 1603 2580 1658 corroboremur.
2636 1584 2717 1660 Et,
2760 1606 2875 1662 hth
2927 1608 3144 1679 quidem
3210 1609 3361 1666 notio

138 1678 219 1730 όου
245 1681 371 1750 πρὸς
396 1683 524 1746 τοὺς
555 1683 794 1754 ἀθλητάς
823 1686 1124 1755 γινόμεναι,
1160 1686 1307 1749 ὅπως
1335 1684 1400 1741 ἄν
1432 1704 1516 1749 τις
1552 1686 1685 1757 πρὸς

1794 1689 2038 1758 subjecta
2059 1697 2143 1746 est
2176 1692 2253 1745 illi
2278 1693 2505 1749 dictioni
2538 1714 2555 1745 ι
2596 1695 2653 1750 1n
2686 1698 2864 1753 linem.
2909 1717 2929 1751 ι

136 1774 188 1826 τὸ
234 1776 325 1845 τῆς
365 1777 522 1847 νίκης
570 1777 794 1845 φθάσειε
839 1779 1011 1843 τέλος.
1051 1779 1323 1843 Ὡσαύτως
1351 1780 1407 1833 δὲ
1450 1780 1544 1835 καὶ
1586 1780 1640 1834 εί
1679 1799 1731 1836 τι
1775 1783 1872 1854 τῆς
1927 1785 2163 1856 ἱστορίας
2221 1788 2787 1860 σνμπαραγέγραπται
2832 1793 2898 1863 τῇ
2950 1810 2969 1844 ι
3012 1794 3105 1857 Εἰς
3144 1792 3293 1857 τέλος
3333 1810 3353 1845 ι

137 1870 287 1938 φωνῇ,
324 1869 459 1940 πρὸς
504 1870 636 1923 αὐτὸ
665 1869 821 1925 τοῦτο
852 1871 1057 1941 βλέπει,
1094 1873 1169 1937 ὡς
1199 1874 1264 1926 ἂν
1299 1872 1387 1927 διὰ
1423 1872 1530 1928 τῶν
1565 1875 1848 1945 ἱστορικῶν
1877 1877 2283 1951 ὑποδειγμάτων
2315 1881 2512 1953 μᾶλλον
2551 1884 2682 1959 πρὸς
2714 1886 2838 1951 τοὺς
2870 1874 3084 1956 ἀγῶνας
3124 1888 3361 1960 ἐπιρρω-

137 1961 384 2033 σθείημεν.
418 1960 570 2034 Αὕτη
604 1963 701 2033 μὲν
728 1965 761 2034 ἡ
788 1981 806 2015 ι
833 1964 927 2027 El;
953 1964 1105 2029 τέλος
1136 1984 1153 2017 ι
1187 1965 1411 2021 διάνοια.

636 2101 1031 2155 ΚΕΦΑΛΑΙΟΝ
1075 2102 1148 2156 Γν.

190 2239 401 2307 Ψαλμὸς
428 2239 487 2292 δὲ
523 2237 617 2292 καὶ
824 2240 918 2293 καὶ
966 2239 1191 2305 αἷνεσις,
1237 2242 1329 2295 καὶ
1363 2241 1548 2313 ὕμνος,
1593 2244 1686 2295 καὶ

134 2333 403 2404 προσευχὴ,
437 2332 698 2402 τοιαύτην
728 2331 864 2402 πρὸς
889 2332 1092 2403 ἄλληλα
1134 2334 1231 2403 τὴν
1264 2334 1525 2407 διαφορὰν
1551 2335 1687 2405 ἔχει’

132 2423 333 2494 Ψαλμὺς
363 2422 461 2494 μὲν
493 2424 604 2495 γάρ
634 2425 779 2476 ἐστιν
798 2466 812 2489 ,
855 2425 887 2493 ἠ
930 2422 1017 2477 διὰ
1046 2424 1138 2477 τοῦ
1166 2425 1395 2496 ὀργάνου
1427 2424 1521 2489 τοῦ
1556 2443 1685 2498 μου·

135 2514 268 2567 σικοῦ
300 2514 539 2585 μελῳδία
563 2531 576 2544 ·
613 2515 721 2585 ᾠδὴ
749 2516 804 2568 δὲ
830 2518 862 2585 ἡ
890 2514 977 2567 διὰ
1003 2516 1266 2587 στόματος
1298 2517 1561 2589 γενομένη
1589 2518 1683 2570 τοῦ

136 2607 305 2677 μέλους
346 2607 484 2679 μετὰ
530 2607 637 2662 τῶν
673 2608 784 2678 (⁸51)
837 2607 1095 2679 ῥημάτων
1144 2608 1469 2680 ὲκςεώνησις.
1523 2609 1587 2663 Ἦ
1628 2610 1687 2664 δὲ.

133 2696 403 2771 προσευχὴ,
437 2699 692 2770 ἱκετηρία
724 2700 861 2762 ἐστὶ,
901 2701 1029 2771 περί
1060 2718 1204 2763 τινος
1240 2702 1347 2754 τῶν
1379 2702 1682 2774 συμφερόν-
1718 2742 1743 2763 ι

130 2808 222 2844 των
250 2791 631 2863 προσαγομένη
658 2789 737 2861 τῷ
764 2791 874 2863 ('52)
912 2790 1049 2862 Θεῷ.
1091 2792 1297 2863 ’Υμνος
1325 2793 1380 2846 δὲ
1405 2795 1437 2860 ἡ
1462 2794 1554 2847 ἐπὶ
1570 2795 1683 2859 τοῖς

132 2880 443 2952 ὑπάρχουσιν
472 2883 612 2951 ἡμῖν
661 2880 881 2949 ἀγαθοῖς
929 2881 1290 2952 άνατιθεμένη
1336 2883 1414 2954 τῷ
1446 2883 1564 2955 Θεῷ
1595 2885 1683 2936 εύ-

130 2971 492 3044 φημίαλΑῐνος
520 2974 598 3035 δὲ,
644 2974 759 3044 ἦτοι
787 2974 990 3037 αίνεσις
1026 2973 1240 3044 (ταύτὸν
1271 2974 1379 3046 γὰρ
1402 2976 1486 3027 ἐπ’
1507 2978 1684 3047 ἀμφο-

127 3063 280 3133 τέρων
312 3065 370 3118 τὸ
417 3064 874 3136 σημαινόμενον),
920 3066 1028 3118 τῶν
1059 3066 1217 3121 θείων
1251 3066 1542 3138 θαυμάτων
1586 3085 1682 3122 πε-

130 3155 278 3225 ριέχει
325 3157 415 3210 τὸν
462 3156 708 3209 ἔπαινον.
765 3157 898 3210 Οὐδὲ
943 3155 1056 3227 (55)
1102 3156 1210 3228 γὰρ
1253 3157 1382 3211 ἄλλο
1435 3158 1489 3211 τί
1534 3160 1679 3211 ἐστιν

127 3244 361 3308 ἔπαινος,
415 3248 464 3300 εἱ
522 3247 596 3317 μὴ
645 3245 738 3299 τοῦ
784 3245 933 3301 αἴνου
985 3248 1255 3310 ἐπίτασις.
1304 3245 1571 3312 Πολλάκις
1624 3248 1680 3302 δὲ

124 3335 274 3388 ταῦτα
317 3336 572 3407 ἀλλήλοις
607 3338 664 3389 ὲν
691 3338 809 3399 ταῖς
852 3338 1182 3410 ἐπιγραφαῖς
1218 3338 1305 3391 διά
1330 3356 1474 3402 τινος
1518 3339 1680 3402 συζυ-

126 3424 231 3490 γίας
274 3427 665 3496 συμπλέκεται,
700 3427 840 3481 ὥστε
868 3428 926 3482 ἓν
973 3429 1042 3481 τὰ
1080 3429 1173 3482 δύο
1201 3429 1288 3483 διὰ
1312 3430 1409 3502 τῆς
1443 3430 1684 3501 συμπλο-

125 3510 216 3581 κῆς
236 3514 506 3582 γενέσθαι.
533 3516 603 3568 ’Ἡ
637 3516 745 3587 γὰρ
769 3535 787 3568 ι
815 3517 1042 3587 Ψαλμὸς
1065 3516 1228 3588 ᾠδῆς,
1250 3537 1268 3570 ι
1303 3519 1334 3590 ἢ
1361 3536 1380 3569 ι
1404 3519 1526 3589 ᾮδὴ
1554 3519 1685 3588 ψαλ-

131 3603 237 3670 μοῦ,
262 3624 280 3655 ι
300 3605 332 3676 ἢ
351 3625 369 3656 ι
394 3607 484 3659 Ἐν
517 3605 706 3676 ὕμνοις
729 3606 962 3676 ψαλμὸς,
988 3626 1005 3659 ›
1031 3608 1063 3678 ἢ
1099 3606 1282 3671 καθὼς
1321 3609 1379 3661 ἐν
1416 3607 1493 3678 τῷ
1527 3608 1684 3662 Ἀϐα-

128 3696 257 3765 κοὺμ
282 3697 707 3768 μεμαθήκαμεν,
744 3699 841 3752 καὶ
863 3716 883 3750 ι
915 3698 1194 3771 Προσευχὴ
1221 3701 1336 3770 μετ’
1367 3699 1531 3769 ᾠδῆς.
1570 3717 1589 3751 ι
1618 3700 1683 3752 Ἦ

127 3780 176 3832 δὲ
198 3781 409 3848 διάνοια,
439 3786 567 3839 καθ’
601 3788 666 3857 ἢν
701 3787 838 3858 πρὸς
864 3788 1060 3859 ἀρετὴν
1084 3788 1425 3859 ὁδηγούμεθα
1448 3788 1551 3842 ὑπὸ
1576 3789 1685 3842 τῶν

128 3868 427 3942 ἐπιγραφῶν
454 3874 686 3937 τούτων,
716 3877 830 3928 ἐστὶ
862 3875 1105 3948 τοιαύτησ
1146 3878 1219 3931 Τὸ
1241 3877 1561 3951 ψαλτήριον,
1596 3877 1684 3949 δρ-

126 3961 271 4025 γανόυ
294 3966 406 4016 ἐστι
445 3964 706 4035 μουσικὸν
737 3967 803 4019 ὲκ
824 3966 932 4019 τῶν
956 3966 1161 4021 ἄνωθεν
1188 3969 1369 4040 μερῶν
1393 3970 1492 4039 τῆς
1522 3987 1690 4023 κατα-

128 4052 306 4123 σκευῆς
333 4055 635 4111 ἀποτελοῦν
658 4056 746 4109 τὸν
762 4052 913 4143 ἧχοχ.
930 4058 995 4111 Ἡ
1014 4059 1071 4111 δὲ
1092 4059 1185 4112 τοῦ
1204 4060 1441 4113 τοιούτου
1459 4060 1688 4132 ὀργάνου

127 4147 460 4217 μοοπυργὶα,
503 4147 715 4218 ψαλμδς
751 4148 990 4217 λέγεται.
1028 4150 1234 4204 Οὐκοῦν
1259 4152 1323 4204 ὲκ
1355 4151 1449 4204 τοῦ
1482 4153 1692 4222 σχήμα-

124 4236 319 4306 τοςιτῆς
341 4240 690 4309 κατασκευῆς
717 4242 745 4293 ὁ
773 4242 1165 4313 προτρεπτικὸς
1197 4244 1276 4306 εἰς
1301 4243 1503 4315 ἀρετὴν
1532 4244 1691 4312 λόγος

122 4321 342 4393 ἔμφασιν
378 4328 517 4399 ἔχει.
550 4329 655 4387 Ίζὸν
690 4330 797 4400 γάρ
827 4331 918 4385 σὸν
953 4332 1065 4402 βίον
1094 4331 1307 4403 ψαλμὸν
1340 4330 1480 4387 εἶναι
1513 4334 1694 4388 διακε-

122 4413 318 4471 λεύεται
340 4459 354 4482 ,
405 4420 483 4493 μὴ
526 4423 639 4483 τοῖς
679 4423 886 4493 γηῖνοις
930 4422 1185 4492 φθόγγοις
1225 4423 1654 4496 περιηχούμενον
1674 4441 1688 4457 ο

122 4506 373 4576 φθόγγους
407 4512 464 4564 δέ
503 4529 645 4583 φημι
666 4511 732 4566 τὰ
762 4514 1009 4584 νοήματα
1030 4529 1043 4543 ·
1078 4513 1213 4567 ἀλλὰ
1244 4514 1481 4585 καθαρόν
1506 4532 1566 4568 τε
1594 4516 1688 4569 καὶ

120 4595 429 4661 ἐξάκουστον
456 4602 524 4655 ὲκ
556 4601 665 4656 τῶν
696 4602 898 4657 ἄνωθέν
927 4621 987 4657 τε
1016 4603 1110 4657 καὶ
1140 4605 1406 4675 οὐρανίων
1440 4605 1532 4658 τὸν
1555 4601 1687 4676 ἦχον

120 4684 581 4759 ἀπεργαζόμενον.
639 4692 792 4762 ᾨδὴν
834 4692 891 4746 δὲ
923 4692 1250 4757 ἀκούσαντες
1272 4733 1289 4758 ,
1337 4694 1434 4763 τὴν
1468 4695 1596 4765 περὶ
1626 4693 1688 4747 τὸ

122 4780 431 4850 φαινόμενον
481 4783 899 4854 εὐσχημοσύνην
945 4783 1039 4837 τοῦ
1075 4783 1188 4854 βίου
1246 4784 1584 4856 μανθάνομεν
1616 4784 1685 4837 δι’

121 4866 446 4938 αίνίγματος.
501 4872 710 4945 Ὠσπερ
740 4874 850 4943 γὰρ
883 4875 948 4927 ὲκ
992 4873 1099 4927 τῶν
1130 4874 1402 4945 μουσικῶν
1440 4875 1685 4945 ὀργάνων

125 4955 270 5023 μόνος
297 4962 325 5012 ὁ
360 4957 499 5031 ἦχος
529 4963 626 5032 τῆς
657 4961 922 5033 μελῳδίας
950 4963 1277 5035 προσπίπτει
1307 4966 1427 5026 ταῖς
1470 4964 1684 5027 ἀκοαῖς,

121 5048 246 5102 αὐτὰ
273 5050 329 5105 δὲ
356 5053 427 5106 τά
457 5051 842 5124 μελῳδούμενα
868 5054 1089 5125 ῥήματα
1115 5054 1176 5106 ού
1201 5053 1546 5125 διαρθροῦται
1573 5058 1687 5116 τοῖς

120 5137 382 5209 φθόγγοιςο
431 5144 493 5196 ὲν
536 5141 591 5197 δὲ
637 5147 703 5214 τῇ
734 5143 845 5215 ᾠδῇ
894 5143 955 5197 τὸ
1005 5144 1409 5216 συναμφότερον
1455 5144 1682 5213 γίνεται,

180 5288 222 5318 ³⁸
256 5287 456 5343 Hahae.
478 5305 562 5351 Ill,
582 5291 633 5344 1.

191 5419 298 5489 (‘29)
327 5423 436 5476 Τοῧ
468 5424 597 5477 add.
633 5425 717 5479 ed.

181 5491 285 5564 (fill)
314 5494 853 5564 Στηλογρανρηθῆναι,
880 5496 966 5549 ed.

184 5560 287 5629 (Eii)
315 5560 436 5615 Τῶν
457 5560 571 5617 uni.
591 5560 698 5629 edL,
734 5560 845 5620 tum
879 5564 1231 5636 ἐπιφώνησις,
1265 5565 1383 5620 ed.'

2394 2110 2621 2167 CAPUT
2661 2112 2748 2167 III.

1862 2243 1929 2297 At
1966 2246 2209 2313 psalmus
2237 2254 2290 2302 et
2320 2249 2611 2316 canticum,
2645 2259 2696 2306 et
2728 2252 2988 2320 laudatio,
3011 2263 3065 2310 et
3099 2254 3353 2326 hymnus.

1792 2340 1848 2387 et
1875 2334 2051 2388 oratio
2074 2336 2166 2388 tali
2195 2336 2428 2407 quodam
2455 2338 2770 2396 discrimine
2801 2342 2942 2395 inter
2972 2357 3033 2398 se
3065 2343 3351 2400 dissident:

1789 2421 2041 2478 Psalmus
2071 2433 2153 2479 est
2183 2427 2478 2481 modulatio
2501 2444 2594 2496 per
2620 2429 3039 2484 instrumentum
3062 2433 3353 2487 musicum.

1794 2512 2080 2571 Canticum
2108 2524 2191 2572 est
2212 2519 2445 2587 prolatio
2475 2527 2690 2582 cantus,
2718 2535 2839 2574 cum
2862 2522 3041 2576 verbis
3076 2537 3169 2577 ore
3189 2521 3354 2578 facta.

1792 2602 1983 2659 Oratio
2023 2614 2107 2661 est
2137 2608 2463 2676 supplicatio
2497 2609 2564 2661 ad
2598 2607 2793 2673 Deum,
2828 2625 2925 2679 pro
2956 2626 3014 2666 re
3040 2611 3224 2681 aliqua
3259 2629 3359 2666 nu-

1790 2694 1876 2750 bis
1905 2696 2255 2752 conducibili.
2287 2697 2532 2770 Hymnus
2557 2708 2641 2754 est
2672 2699 2980 2757 benedictio
3005 2703 3214 2757 reddita
3247 2702 3359 2759 Deo

1791 2785 1861 2840 ob
1894 2786 2032 2841 bona
2062 2788 2221 2843 nobis
2260 2790 2521 2859 praestita.
2577 2788 2721 2845 Laus
2760 2807 2891 2846 vero
2938 2794 3052 2848 sive
3096 2794 3355 2859 laudatio,

1789 2876 1929 2931 idem
1975 2879 2120 2932 enim
2182 2881 2469 2950 utriusque
2510 2882 2878 2952 signiﬁcatum
2930 2892 3033 2948 est,
3088 2885 3358 2955 significat

1789 2965 2101 3021 divinorum
2138 2970 2470 3024 mirabilium
2507 2970 2952 3040 praedicationem
2987 2981 3040 3028 et
3077 2989 3357 3028 commen-

1789 3056 2096 3125 dationem;
2130 3074 2254 3113 nam
2287 3061 2543 3116 exaltatio
2591 3062 2645 3115 in
2675 3062 2970 3127 laudando,
3027 3063 3163 3118 nihil
3207 3064 3355 3118 aliud

1782 3155 1867 3202 est
1894 3162 2055 3216 quam
2085 3148 2257 3204 laudis
2289 3150 2532 3208 intentio.
2567 3150 2833 3207 Caeterum
2880 3153 2995 3208 haec
3051 3168 3193 3222 sape
3249 3154 3353 3208 sibi

1783 3246 1973 3292 mutuo
2006 3238 2060 3292 in
2103 3240 2549 3308 inscriptionibus
2577 3243 2727 3297 varia
2762 3244 3151 3313 conjunctione
3186 3232 3355 3316 ecpu-

1784 3327 1987 3391 lantur,
2021 3340 2078 3384 ut
2114 3331 2223 3385 duo
2271 3333 2610 3389 connexione
2637 3335 2693 3389 in
2714 3335 2856 3389 idem
2889 3337 3224 3391 coalescant.
3259 3334 3352 3390 Vel

1783 3422 1928 3477 enim
1961 3421 2186 3485 dicitur,
2229 3441 2247 3473 ι
2285 3422 2540 3479 Psalmus
2564 3425 2784 3489 cantici,
2823 3444 2842 3477 ι
2879 3427 3042 3490 νεὶ,,ι
3070 3426 3353 3501 Canticum

1783 3512 2003 3581 psalmi,
2057 3530 2076 3563 ι
2112 3513 2216 3578 vel,
2266 3530 2286 3563 ι
2324 3512 2380 3566 In
2415 3512 2633 3583 hymnis
2681 3514 2946 3581 psalmus,
2986 3533 3006 3566 ο
3059 3516 3164 3579 vel,
3201 3523 3257 3569 ut
3288 3532 3355 3571 ex

1785 3602 2040 3657 Habacuc
2093 3603 2140 3635 "
2202 3603 2492 3657 didicimus
2521 3639 2537 3665 ,
2593 3621 2611 3652 ι
2649 3601 2837 3657 Oratio
2880 3617 3004 3658 cum
3051 3606 3287 3661 cantico.
3330 3626 3348 3657 ι

1789 3690 1995 3747 Sensus
2033 3705 2189 3753 vero,
2240 3692 2333 3760 qui
2384 3705 2487 3745 nos
2523 3706 2619 3760 per
2662 3691 2798 3748 istas
2855 3692 3240 3764 inscriptiones
3287 3697 3354 3752 ad

1788 3785 2044 3839 virtutem
2073 3782 2311 3847 deducit,
2340 3782 2608 3852 ejusmodi
2635 3793 2750 3839 est:
2774 3782 3093 3839 Psalterium
3127 3793 3211 3842 est
3237 3802 3357 3843 mu-

1791 3875 1964 3931 sicum
2003 3873 2428 3929 instrumentum
2457 3910 2473 3938 ,
2509 3871 2656 3943 quod
2685 3887 2752 3927 ex
2787 3875 3158 3944 superioribus
3207 3884 3357 3933 stru—

1790 3976 1956 4022 (ξιιμ-ιε
1987 3981 2099 4021 suae
2143 3963 2390 4035 partibus
2420 3979 2612 4020 sonum
2644 3964 2795 4032 edit;
2840 3965 3112 4038 hujusque
3151 3968 3356 4024 instru-

1789 4056 1958 4111 menti
1982 4063 2306 4123 concentus,
2343 4055 2646 4126 appellatur
2682 4074 2701 4108 ι
2737 4058 2999 4127 psalmus.
3044 4077 3063 4111 ι
3112 4058 3252 4130 Ergo
3288 4075 3357 4117 ex

1790 4146 1909 4216 ipsa
1954 4146 2383 4202 constructionis
2427 4146 2623 4217 ﬁgura,
2678 4149 3033 4204 commonitio
3075 4150 3235 4205 nobis
3289 4151 3357 4205 ad

1790 4236 2047 4292 virtutem
2075 4238 2313 4303 exsistit,
2348 4252 2472 4292 cum
2514 4246 2662 4293 tuam
2695 4239 2861 4293 vitam
2903 4240 3032 4294 velit
3057 4255 3179 4295 esse
3212 4242 3359 4310 psalo

1792 4344 1965 4394 mum,
1999 4344 2110 4385 non
2160 4330 2516 4385 terrestribus
2562 4330 2713 4386 sonis
2760 4338 3109 4385 resonantem
3141 4348 3155 4398 ;
3191 4346 3358 4389 sonos

1794 4424 1974 4470 autem
2001 4429 2137 4470 voco
2161 4416 2546 4487 cogitationes;
2572 4417 2667 4472 sed
2708 4418 2803 4487 qui
2834 4432 3030 4486 purum
3064 4420 3353 4475 exauditu-

1792 4521 1899 4576 que
1915 4504 2150 4572 facilem,
2179 4513 2234 4560 et
2265 4520 2333 4561 ex
2356 4507 2520 4562 rebus
2541 4505 2753 4575 superis
2777 4508 3201 4582 cmlestibusque
3225 4527 3359 4567 con-

1794 4605 1999 4652 textum
2022 4611 2215 4652 sonum
2240 4597 2454 4652 elﬁciat.
2473 4598 2544 4651 At
2561 4612 2683 4652 cum
2701 4597 2953 4655 audimus
2971 4619 2990 4652 ι
3009 4604 3304 4667 canticum,
3333 4624 3352 4657 ι

1791 4687 2054 4742 docemur
2082 4687 2238 4757 quasi
2259 4686 2495 4757 quodam
2518 4687 2820 4751 involucro,
2853 4689 2978 4743 vitae
3014 4689 3358 4747 honestatem

1791 4777 1848 4832 in
1881 4778 2189 4833 actionibus
2233 4778 2440 4833 nostris
2480 4779 2843 4848 praestandam
2889 4795 3030 4835 esse.
3085 4780 3348 4846 Quemad-

1788 4869 2009 4923 modum
2036 4869 2182 4925 enim
2223 4885 2290 4924 ex
2324 4869 2550 4924 musicis
2601 4869 2976 4926 instrumentis
3020 4871 3170 4926 solus
3224 4860 3357 4927 con;

1789 4966 1980 5014 centus
2011 4958 2076 5012 ad
2103 4973 2267 5014 aures
2301 4958 2591 5025 allahitur;
2634 4959 2751 5029 ipsa
2783 4974 2913 5014 vero
2953 4960 3116 5015 verba
3156 4960 3357 5016 decan-

1786 5057 1900 5105 tata
1933 5064 2029 5119 per
2057 5064 2226 5104 sonos
2271 5049 2604 5104 articulatim
2644 5066 2754 5105 non
2798 5050 3247 5121 distinguuntur;
3301 5053 3353 5108 in

1788 5144 2002 5196 cantico
2055 5146 2237 5193 autem
2292 5149 2582 5210 utrumque
2627 5149 2751 5195 est:
2803 5148 3165 5195 concentuum
3201 5143 3355 5198 scili-

1858 5428 1967 5491 (52)
1994 5426 2081 5497 Τῷ
2111 5443 2215 5480 om.
2256 5428 2343 5480 ed.

1859 5499 1969 5559 ('55)
1997 5496 2178 5559 Οὐδέν,
2213 5496 2299 5551 ed.
