3800 5980
1722 168 1781 222 S.
1820 165 2154 223 GREGORII
2192 167 2491 224 NYSSENI
3599 176 3697 227 496

450 174 556 230 695

449 295 535 343 cet
582 285 909 352 modulatio;
952 284 1349 356 verborumque
1384 286 1466 342 vis
1500 293 1555 341 et
1593 293 1836 356 potestas
1876 300 2011 341 cum

2123 289 2215 343 καὶ
2243 292 2271 343 6
2301 288 2397 343 τοῦ
2431 290 2623 360 μέλους
2656 287 2884 359 ῥυθμὸς,
2916 288 3008 342 καὶ
3050 285 3155 340 τῶν
3185 284 3445 359 ῥημάτων
3473 286 3509 358 ἡ
3538 284 3697 339 δύνα-

446 385 610 434 cantu
667 378 830 433 simul
879 377 1205 432 articulatim
1265 377 1499 458 prolata,
1553 390 1715 447 quam
1767 376 2013 448 ignorare

2128 396 2220 450 μις
2275 382 2309 451 ἠ
2360 379 2471 452 (54)
2520 378 2971 449 συνδιεξαγομένη
3027 378 3164 449 μετά
3208 376 3303 430 τοῦ
3351 376 3589 447 μέλους,
3639 380 3698 449 ἠν

446 483 672 525 necesse
699 476 802 535 est,
834 469 878 524 si
925 469 1058 522 solis
1096 468 1473 523 instrumentis
1512 467 1740 522 musicis
1783 466 2017 523 melodia

447 561 798 615 instituatur:
826 559 1003 615 simile
1027 559 1156 630 quid
1192 559 1321 625 illis,
1350 559 1441 629 qui
1493 558 1715 614 virtutis
1747 559 2016 614 exercita-

450 652 584 707 tioni
633 649 1003 719 seseﬁedunt,
1059 650 1338 706 indicatur
1390 648 1719 716 usuvenire;
1766 649 2017 704 nonnulli

447 742 617 806 enim,
672 741 764 811 qui
816 756 996 796 rerum
1052 740 1476 796 considerationi
1518 748 1573 795 et
1614 738 2019 809 investigationi

448 833 688 886 animum
719 831 1015 901 adjiciunt;
1045 832 1211 887 vitam
1260 830 1476 902 quidem
1509 845 1633 885 cum
1669 829 1868 885 virtute
1921 829 2019 885 de-

448 931 617 994 gunt;
660 922 754 977 sed
820 923 990 993 ignoti
1052 924 1350 994 plerisque,
1383 923 1614 994 propriae
1671 922 2019 978 conscientia:

448 1014 698 1068 terminis
729 1020 938 1067 tantum
978 1014 1180 1068 bonum
1216 1014 1708 1069 circumscribunt:
1766 1014 1858 1085 qui
1889 1028 2018 1070 vero

449 1120 632 1160 mores
662 1121 878 1175 quoque
905 1121 1036 1161 suos
1074 1121 1173 1176 pro
1210 1106 1418 1162 viribus
1463 1112 1611 1161 recte
1658 1116 2013 1176 componunt,

449 1196 526 1251 illi
591 1194 878 1251 honestate
928 1202 982 1250 et
1026 1195 1296 1263 decentia,
1331 1196 1387 1250 in
1435 1196 1504 1251 iis
1544 1212 1665 1266 quze
1715 1204 2014 1266 apparent,

449 1286 693 1357 agendis,
728 1287 874 1341 velut
917 1287 1165 1342 oratione
1219 1286 1477 1357 quadam,
1508 1287 1634 1341 vita:
1688 1287 2017 1341 convenien-

452 1379 580 1432 tiam
642 1388 897 1449 recteque
942 1377 1336 1433 conl‘ormatam
1388 1379 1650 1431 rationem
1715 1376 2013 1447 publicant.

450 1468 680 1536 Quando
701 1471 868 1541 igitur
899 1484 996 1541 per
1015 1469 1129 1524 haec
1154 1468 1315 1522 ambo
1335 1467 1494 1522 ollicii
1523 1468 1660 1521 ratio
1686 1467 1846 1522 nobis
1880 1482 2014 1523 con-

450 1561 669 1627 stiterit,
717 1562 1010 1632 conjuncta
1039 1560 1380 1633 pllilOSOphia
1405 1560 1516 1623 illa,
1552 1574 1673 1630 qua:
1720 1560 1786 1614 ad
1835 1574 2017 1615 mores

2124 470 2435 537 ἀγνοεῖσθαι
2464 471 2613 525 πᾶσα
2645 468 2888 539 ἀνάγκη,
2940 469 3067 521 ὅταν
3109 467 3195 522 διά
3227 470 3401 537 μόνων
3432 467 3547 521 τῶν
3580 485 3702 538 μου·

2127 560 2294 614 σικῶν
2319 561 2564 633 ὀργάνων
2611 562 2644 632 ἡ
2699 559 2932 631 μελῳδία
2961 558 3219 629 γένηται·
3269 560 3411 613 οὕτω
3465 560 3565 613 καὶ
3618 561 3704 612 ἐπὶ

2123 650 2232 705 τῶν
2278 651 2376 721 τὴν
2423 651 2621 723 ἀρετὴν
2666 651 2954 722 μετιόντων
2988 647 3276 720 συμϐαίνει
3315 648 3451 719 (55).
3504 652 3573 703 Οἱ
3613 651 3705 720 μὲν

2124 741 2233 812 γὰρ
2258 744 2325 812 τῇ
2353 740 2659 813 θεωρητικῇ
2693 758 2753 794 τε
2783 741 2877 795 καὶ
2901 742 3166 810 ὲποπτικῇ
3208 739 3317 793 τῶν
3348 740 3521 794 ὄντων
3552 740 3704 809 φιλο-

2127 833 2287 904 σοφίᾳ
2330 831 2421 885 τὸν
2465 831 2591 887 νοῦν
2640 832 3087 904 προσανέχοντες,
3119 832 3311 904 ἄδηλον
3335 835 3453 895 τοῖς
3486 832 3704 893 πολλοῖς

2124 922 2222 995 τὴν
2246 918 2444 994 ἀρετὴν
2475 923 2851 994 κατορθοῦσιν,
2881 925 2939 976 ὲν
2967 923 3045 994 τῷ
3073 923 3181 994 (56)
3209 924 3322 994 ἰδίῳ
3350 924 3622 976 συνειδότι
3647 922 3703 974 τὸ

2124 1013 2325 1083 ἀγαθὸν
2356 1014 2785 1077 κατακλείοντες
2820 1008 2914 1087 ,οἷς
2956 1013 3014 1067 δὲ
3047 1014 3140 1068 καὶ
3183 1014 3244 1067 τὸ
3283 1008 3416 1086 ἦθος
3458 1013 3557 1067 τοῦ
3590 1013 3699 1083 βίου

2124 1105 2263 1159 κατά
2316 1105 2549 1178 σπουδὴν
2599 1104 3060 1176 συγκατορθοῦται
3083 1146 3099 1171 ,
3152 1099 3296 1159 οὗτοι
3345 1108 3413 1178 τῇ
3466 1107 3601 1178 περὶ
3644 1105 3700 1158 τὸ

2125 1194 2444 1266 φαινόμενον
2467 1194 2867 1266 εὐσχημοσύνῃ,
2891 1193 3142 1264 καθάπερ
3161 1194 3266 1248 τινὶ
3284 1194 3430 1264 λόγῳ
3451 1194 3554 1265 τὴν
3590 1195 3699 1264 (57)

2123 1287 2225 1357 τῆς
2268 1286 2415 1357 ζωῆς
2459 1287 2665 1341 ἑαυτῶν
2699 1286 2997 1359 εὐρυθμίαν
3046 1285 3481 1358 δημοσιεύουσιν.
3535 1287 3699 1342 Ὅταν

2123 1378 2302 1431 τοίνυν
2346 1377 2413 1431 δι’
2461 1374 2846 1453 ἀμφοτέρωνῇ
2893 1377 2955 1432 τὸ
2989 1376 3191 1447 ἀγαθὸν
3238 1377 3697 1449 κατορθούμενον,

2123 1468 2225 1540 τῆς
2255 1468 2450 1541 ἠθικῆς
2482 1469 2799 1540 φιλοσοφίας
2822 1470 2958 1541 πρὸς
2987 1469 3086 1540 τὴν
3115 1468 3453 1539 θεωρητικὴν
3480 1470 3700 1543 συνδραο

2128 1558 2385 1631 μούσης,ι
2406 1559 2529 1631 ’ῼδὴ
2550 1558 2764 1631 ψαλμοῦ
2791 1559 3020 1629 γίνεται,
3053 1577 3073 1610 ι
3109 1557 3142 1628 ἦ
3176 1575 3195 1609 ι
3232 1555 3460 1628 Ψαλμὸς
3676 1578 3692 1610 ι

450 1655 704 1725 pertinet,
732 1669 856 1707 cum
882 1654 972 1708 illa
996 1668 1117 1723 qua}
1156 1651 1210 1706 in
1242 1650 1701 1721 contemplatione
1738 1649 2013 1714 consistit,

2124 1650 2251 1702 ὅταν
2278 1649 2334 1702 δὲ
2371 1649 2429 1703 τὸ
2458 1651 2569 1721 (58)
2610 1646 2850 1725 ἕτερονῇ
2878 1649 3082 1703 τούτων
3112 1650 3197 1718 ἐφ’
3227 1648 3420 1702 ἑαυτοῦ
3459 1652 3577 1714 τοῖς
3605 1652 3699 1703 ἑπ-

448 1753 581 1799 tunc
610 1763 628 1796 ι
660 1744 945 1799 Canticum
967 1743 1195 1815 psalmi;
1236 1761 1254 1793 ι
1290 1741 1394 1808 vel,
1426 1759 1444 1789 ι
1480 1739 1731 1795 Psalmus
1761 1739 1957 1793 cantici
1992 1758 2010 1790 ι

2124 1741 2294 1805 αίνοις
2326 1742 2703 1815 προκείμενον,
2744 1743 2778 1814 ἦ
2819 1742 2880 1796 τὸ
2918 1741 3061 1796 κατὰ
3089 1741 3325 1794 διάνοιαν
3361 1740 3569 1808 ἀγαθὸν
3616 1741 3699 1796 διὰ

446 1834 695 1891 edicitur.
728 1834 957 1902 Quando
1018 1841 1196 1889 autem
1232 1832 1461 1886 alterum
1502 1831 1697 1885 horum
1746 1829 2016 1884 laudatio-

450 1925 610 1981 nibus
636 1925 898 1980 duntaxat
924 1930 1280 1995 praanotatum
1318 1921 1504 1988 fuerit,
1535 1931 1663 1976 tunc
1684 1921 1765 1976 vel
1788 1920 2013 1985 bonum,

446 2014 591 2084 quod
627 2016 680 2068 in
712 2014 894 2068 animo
927 2014 1091 2068 situm
1117 2022 1217 2078 est,
1243 2028 1339 2083 per
1365 2031 1384 2065 ι
1407 2011 1684 2067 Psalmum
1713 2030 1732 2063 ι
1759 2011 2011 2083 designa-

2119 1829 2213 1883 τοῦ
2247 1849 2265 1882 ι
2299 1829 2527 1903 Ψαλμοῦ
2568 1850 2588 1884 ι
2628 1832 2785 1903 μόνον
2815 1830 3133 1902 σημαίνεται
3153 1847 3166 1860 °
3198 1829 3231 1901 ἢ
3262 1829 3324 1883 τὸ
3357 1825 3490 1901 ἦθος
3532 1832 3628 1885 καὶ
3663 1833 3692 1901 ἡ

2121 1922 2249 1991 περὶ
2274 1922 2334 1974 τὸ
2367 1923 2689 1995 φαινόμενον
2728 1920 3140 1994 εὐσχημοσύνη,
3173 1919 3261 1975 διὰ
3296 1921 3393 1991 τῆς
3431 1939 3453 1974 ι
3477 1922 3640 1995 ᾨδῆς
3671 1939 3691 1975 ι

2115 2012 2495 2084 ἑρμηνεύεται.
3226 2030 3243 2043 ‘

442 2118 553 2173 tur,
585 2105 669 2161 vel
698 2120 910 2160 morum
939 2105 1221 2168 honestas,
1246 2109 1301 2158 et
1325 2102 1381 2157 in
1413 2102 1720 2157 actionibus
1748 2099 1995 2155 decentia
2024 2115 2120 2171 per
2153 2118 2171 2151 ι
2202 2100 2487 2157 Canticum
2517 2120 2535 2154 ι
2572 2102 2901 2158 insinuatur.

408 2280 409 2289 χ
520 2214 763 2287 Hymnus
796 2222 977 2269 autem
1002 2213 1087 2269 vel
1116 2213 1238 2269 laus
1266 2214 1312 2269 si
1341 2229 1464 2268 cum
1495 2213 1711 2268 cantico
1731 2212 2014 2283 jungatur,

445 2308 775 2363 documento
801 2311 906 2370 est,
937 2319 1005 2359 ne
1030 2304 1183 2375 prius
1215 2305 1577 2377 cogitationes
1610 2306 1677 2361 de
1704 2304 1815 2359 Deo
1837 2304 2017 2360 susci-

446 2413 574 2469 pere
609 2392 1007 2468 aggrediamur,
1025 2408 1188 2464 quam
1213 2394 1455 2448 animum
1487 2402 1733 2449 nostrum
1767 2399 1920 2447 tanta
1960 2393 2021 2447 Ii-

445 2491 655 2546 bertate
708 2489 929 2559 dignum
972 2485 1267 2541 reddamus
1300 2503 1314 2541 :
1351 2502 1370 2537 ι
1415 2483 1534 2539 Νοιι
1566 2497 1586 2533 ι
1615 2479 1784 2548 enim,
1817 2484 2015 2553 inquit,

451 2601 469 2634 ι
498 2581 749 2653 speciosa
780 2580 901 2635 laus
936 2578 992 2632 in
1025 2592 1120 2632 ore
1150 2575 1455 2647 peccatoris
1482 2574 1547 2627 ".
1592 2591 1612 2625 ι
1649 2572 1712 2627 Ει
1742 2574 2016 2644 peccatori

443 2672 582 2728 dixit
609 2671 753 2726 Deus
786 2688 799 2725 :
833 2688 851 2722 ι
884 2667 1064 2735 Quare
1095 2674 1153 2722 tu
1183 2680 1407 2721 enarras
1435 2663 1679 2735 justitias
1705 2665 1956 2719 meas"?
1991 2683 2010 2717 ι

442 2761 588 2819 Idem
638 2777 739 2817 nos
788 2760 950 2817 docet
994 2776 1014 2812 ι
1047 2759 1223 2814 oratio
1256 2771 1378 2813 cum
1406 2755 1642 2820 cantico,
1673 2774 1693 2808 ι
1739 2754 2011 2821 videlicet,

444 2864 503 2910 ut
536 2854 656 2908 vitae
684 2853 925 2907 rationes
951 2849 1102 2921 prius
1131 2857 1281 2904 recte
1307 2847 1741 2915 conformemus,
1772 2863 1841 2901 ne
1888 2847 2013 2917 quis

445 2944 629 3015 segr‘is
647 2950 699 2997 et
720 2942 982 2997 dissonus
1004 2940 1119 2996 suis
1137 2939 1189 2993 in
1218 2938 1525 2992 actionibus
1547 2944 1822 3008 appareat,
1853 2944 2013 2991 tunc-

2194 2212 2399 2284 ’Υμνος
2419 2214 2477 2268 δὲ
2505 2214 2537 2284 ἢ
2572 2210 2720 2279 αἶνος
2746 2218 2811 2286 τῇ
2839 2215 2947 2287 ᾠδῇ
2982 2214 3445 2287 συμμιγνύμενος,
3475 2217 3690 2287 παράγ-

2119 2301 2296 2373 γελμα
2325 2304 2552 2372 γίνεται,
2590 2305 2663 2375 μὴ
2695 2305 2960 2378 πρότερον
3009 2308 3156 2378 ἡμᾶς
3204 2307 3558 2379 κατατολμᾷν
3588 2310 3690 2363 τῶν

2118 2394 2247 2466 περ).
2267 2395 2399 2449 Θεοῦ
2421 2398 2724 2466 νοημάτων,
2742 2398 2869 2468 πρὶν
2887 2397 2952 2452 ἂν
2972 2399 3063 2452 τὸν
3087 2398 3199 2469 βίον
3220 2400 3253 2471 η
3261 2398 3374 2470 μῶν
3393 2400 3493 2471 τῆς
3514 2402 3692 2455 τοιαύ-

2117 2501 2217 2556 της
2236 2486 2544 2558 παρρησίας
2567 2489 2877 2559 ποιήσωμεν
2898 2484 3065 2557 ἄξιον.
3091 2510 3109 2543 ι
3133 2490 3207 2543 Οὐ
3228 2509 3249 2542 ι
3270 2491 3378 2563 γὰρ
3399 2512 3418 2543 ι
3438 2492 3687 2562 ὡραῖος,ι

2122 2578 2306 2648 φησιν,
2346 2597 2364 2628 ι
2395 2573 2541 2643 αἶνος
2566 2581 2623 2632 ὲν
2653 2580 2876 2650 στόματι
2904 2582 3249 2653 ἀμαρτωλοῦ.
3290 2602 3309 2637 ι
3336 2583 3449 2637 Καὶ
3469 2584 3553 2656 τῷ
3583 2586 3689 2656 (59)

2122 2665 2426 2738 ἁμαρτωλῷ
2473 2663 2623 2721 εἶπεν
2649 2669 2677 2722 6
2714 2668 2866 2732 Θεὸς,
2898 2686 2915 2719 ι
2943 2666 3061 2723 Ἵνα
3086 2669 3139 2722 τί
3168 2672 3233 2725 σὺ
3259 2671 3484 2744 ὲκδιηγῇ
3522 2674 3592 2728 τά
3619 2675 3691 2728 δι-

2117 2755 2409 2828 καιώματά
2444 2775 2578 2828 μου;
2622 2778 2642 2811 ι
2686 2758 2961 2823 Ὡσαύτως
3002 2759 3057 2812 δὲ
3098 2760 3191 2813 καὶ
3228 2762 3262 2832 ἡ
3301 2779 3321 2814 ι
3369 2763 3512 2815 Μετ’
3548 2763 3689 2834 ᾠδῆς

2118 2848 2391 2919 προσευχὴ
2428 2868 2444 2897 ι
2475 2849 2535 2901 τὸ
2572 2843 2689 2903 ἶσον
2737 2851 2866 2921 ἡμῖν
2895 2848 3239 2915 ὑποτίθεται,
3269 2852 3537 2924 πρότερον
3568 2853 3690 2925 τξερὶ

2115 2936 2205 2990 τὸν
2239 2937 2351 3009 βίον
2393 2938 2747 3005 σπουδάζειν,
2775 2939 2849 3003 ὡς
2876 2939 2942 2993 ἂν
2978 2940 3050 3011 μή
3083 2958 3168 3005 τις
3210 2939 3452 3013 ῥᾴθυμός
3480 2944 3596 3014 (40)
3634 2962 3687 2998 τε

444 3050 550 3105 que
590 3048 689 3103 per
720 3032 1025 3087 orationem
1064 3029 1131 3084 ad
1173 3029 1340 3084 Deum
1373 3029 1716 3082 accedamus.
1756 3025 1912 3093 Quod
1941 3028 2013 3081 si-

2123 3029 2208 3082 nat
2238 3027 2626 3099 παρηχημένος
2663 3031 2773 3093 τοῖς
2803 3030 3192 3101 ἐπιτηδεύμασι
3236 3031 3401 3105 τύχῃ,
3442 3024 3540 3087 καὶ
3573 3036 3688 3089 τότε

444 3124 722 3196 gniﬁcare,
746 3122 954 3193 judicio
975 3136 1114 3186 meo,
1136 3119 1397 3175 Dominus
1416 3118 1653 3174 voluisse
1675 3118 1888 3173 videtur
1907 3117 2015 3172 illis

441 3216 536 3285 qui
569 3214 840 3281 dicebant,
873 3229 892 3263 ι
925 3210 1170 3277 Domine,
1205 3210 1340 3265 doce
1380 3224 1480 3265 nos
1512 3208 1733 3263 orare"
1765 3210 1837 3279 ι,(
1857 3206 2016 3277 quasi

441 3306 620 3361 oratio
648 3320 758 3359 non
792 3303 847 3358 in
876 3303 1075 3367 verbis,
1100 3301 1193 3357 sed
1223 3301 1278 3355 in
1303 3300 1415 3353 vita
1436 3308 1582 3355 recte
1608 3299 1855 3354 instituta
1882 3312 2016 3353 con-

442 3397 635 3468 sistat)
691 3410 819 3452 cum
867 3395 944 3448 ait
984 3412 996 3447 :
1034 3412 1052 3446 ι
1083 3392 1138 3447 Si
1184 3392 1503 3447 dimiseritis
1547 3390 1855 3446 hominibus
1896 3404 2015 3460 pec-

441 3493 566 3542 cata
592 3500 802 3553 eorum,
844 3482 1080 3539 dimittet
1119 3489 1173 3537 et
1211 3479 1372 3559 Pater
1409 3480 1648 3538 caelestis
1677 3489 1896 3550 peccata
1919 3493 2013 3535 ve-

442 3585 554 3637 stra
576 3579 640 3632 ²⁹.
677 3596 696 3631 ι

508 3755 580 3808 At
645 3752 866 3825 quando
912 3752 1123 3824 psalmo
1177 3750 1293 3807 sola
1347 3765 1484 3815 vox,
1539 3746 1946 3813 «laudationis,
1985 3765 2004 3800 ι

439 3846 768 3917 praeﬁgitur,
824 3854 940 3900 tum
988 3845 1235 3913 subjecta
1306 3842 1576 3898 sententia
1635 3842 2010 3898 testimonium

438 3935 709 4007 quoddam
744 3935 987 3989 continet
1011 3933 1129 4005 ejus
1152 3934 1245 4002 qui
1287 3931 1398 3988 Deo
1438 3931 1781 3989 laudationes
1812 3930 2007 3988 θεῖοι-ιι

440 4041 564 4081 nam
590 4026 812 4081 laudare
835 4023 1002 4079 Deum
1024 4024 1247 4078 alterius
1268 4038 1376 4077 non
1399 4030 1504 4087 est,
1526 4021 1620 4077 sed
1651 4040 1668 4072 ι
1696 4021 2010 4084 ιπυᾱυιῑω

437 4116 668 4187 inquit,(
693 4114 912 4171 Davidis
941 4133 953 4168 :
988 4132 1006 4165 ι
1043 4121 1103 4167 ιιι
1134 4113 1261 4167 hinc
1297 4112 1594 4178 discamus,
1632 4127 1730 4169 nos
1760 4120 1888 4166 tunc
1914 4112 2007 4168 Dei

438 4207 695 4264 laudandi
724 4207 817 4278 jus
847 4214 901 4261 et
931 4205 1233 4262 libertatem
1266 4202 1583 4274 adepturos.
1619 4202 1666 4257 si
1707 4201 1896 4279 Davidi
1932 4206 2010 4260 sl-

435 4302 591 4358 miles
617 4300 932 4357 evadamus.

510 4427 532 4461 ι
585 4407 834 4465 Psalmus
883 4426 903 4459 ι
960 4419 1092 4462 vero
1150 4422 1169 4456 ι
1201 4402 1256 4458 in
1314 4400 1579 4473 hymnis:
1639 4400 1705 4456 ad
1754 4401 2000 4458 altiorem

432 4499 722 4572 quemdam
778 4507 979 4554 statum
1030 4494 1255 4562 evellit;
1289 4508 1453 4564 quem
1496 4492 1646 4546 novit
1688 4500 1742 4548 et
1783 4493 2004 4550 divinus

432 4587 749 4661 Apostolus,
774 4595 836 4643 ut
860 4594 1095 4644 testatur
1130 4585 1199 4641 ad
1238 4582 1575 4647 Corinthios,
1626 4596 1751 4637 cum
1796 4582 1870 4636 ait
1914 4596 2003 4638 se-

2116 3118 2398 3189 προσιέναι
2429 3118 2515 3172 διὰ
2551 3120 2857 3192 προσευχῆς
2888 3121 2966 3192 τῷ
2996 3119 3132 3192 Θεῷ.
3160 3122 3265 3176 Καί
3298 3140 3386 3193 μοι
3415 3123 3568 3179 δοκεῖ
3594 3127 3688 3194 τὴν

2112 3208 2365 3280 τοιαύτην
2394 3211 2422 3263 6
2458 3209 2661 3282 Κύριος
2693 3210 2899 3265 ἔννοιαν
2930 3213 3276 3285 παραδιδόναι
3322 3217 3432 3278 τοῖς
3476 3216 3686 3270 εἰποῦσι

2113 3300 2249 3372 πρὸς
2264 3302 2444 3364 αὐτὸν,
2465 3302 2546 3355 ὅτι
2568 3322 2584 3353 ι
2610 3302 2823 3367 Δίδαξον
2840 3304 2985 3375 ἡμᾶς
3013 3305 3434 3376 προσεύχεσθαι·
3458 3326 3479 3359 ι
3500 3310 3580 3371 ὼς
3593 3309 3686 3362 οὐκ

2113 3394 2171 3445 ὲν
2200 3394 2405 3464 ῥήμασι
2430 3394 2529 3463 τῆς
2561 3395 2895 3465 προσευχῆς,
2926 3396 3039 3449 ἀλλ’
3068 3399 3126 3450 ὲν
3154 3397 3232 3469 τῷ
3265 3397 3363 3468 βίῳ
3387 3400 3683 3471 κατορθου-

2116 3484 2309 3557 μένης,
2327 3487 2383 3538 ὲν
2402 3480 2484 3550 οἷς
2502 3503 2681 3557 φησιν,
2713 3488 2795 3541 ὅτι
2827 3506 2845 3538 ι
2882 3487 3007 3541 Ἐὰν
3033 3489 3206 3558 ἀφῆτε
3240 3492 3351 3553 τοῖς
3376 3490 3685 3561 ἀνθρώποις

2109 3574 2179 3628 τὰ
2214 3574 2628 3646 παραπτώματα
2671 3576 2877 3640 αὐτῶν,
2917 3578 3114 3650 ἀφήσει
3144 3580 3239 3634 καὶ
3271 3581 3396 3651 ύμῖν
3436 3582 3463 3634 6
3496 3582 3685 3654 Πατὴρ

2109 3666 2138 3718 6
2165 3666 2410 3738 οὐράνιος
2432 3666 2531 3731 τὰς
2558 3666 2829 3739 ἁμαρτίας
2858 3667 3031 3738 ὑμῶν.
3064 3686 3084 3721 ι

2183 3753 2348 3809 Ὅταν
2375 3754 2430 3808 δὲ
2459 3755 2578 3809 καθ’
2602 3755 2797 3827 ἑαυτὴν
2828 3758 2861 3828 ἡ
2913 3757 3157 3823 Αἴνεσις
3205 3758 3507 3829 γράφηται,
3544 3778 3683 3832 μαρ-

2108 3843 2298 3913 τυρίαν
2341 3843 2463 3897 τινὰ
2507 3845 2601 3898 τοῦ
2630 3846 2973 3909 ἀνατιθέντος
3013 3846 3090 3918 τῷ
3115 3844 3235 3916 Θεῷ
3270 3848 3397 3910 τοὺς
3427 3850 3683 3914 ἐπαίνους

2110 3932 2351 4003 περιέχει
2388 3932 2449 3986 τὸ
2476 3933 2651 4006 νόημα
2672 3933 2807 4005 (ll).
2848 3935 2925 3989 Οὐ
2957 3936 3066 4007 γὰρ
3089 3935 3248 3990 ἄλλου
3277 3937 3423 4001 τινός
3447 3939 3600 3993 ἐστιν
3627 3940 3682 3993 τὸ

2108 4022 2348 4074 ἐπαινεῖν
2398 4021 2508 4093 (42)
2558 4021 2648 4076 τὸν
2690 4021 2842 4088 Θεὸν,
2890 4023 3005 4077 ἀλλ’
3034 4025 3306 4091 Αἵνεσις,
3352 4026 3529 4097 φησὶ,
3577 4029 3680 4084 τοῦ

2108 4110 2315 4165 Δαυΐδ·
2343 4113 2418 4176 ὡς
2449 4112 2515 4167 ἂν
2542 4112 2630 4168 διὰ
2658 4114 2844 4169 τούτου
2886 4116 3172 4188 μάθοιμεν,
3203 4118 3284 4171 ὅτι
3327 4118 3376 4170 εἰ
3408 4119 3524 4191 (ιδ)
3562 4122 3679 4175 κατ’

2108 4202 2314 4255 ἐκεῖνον
2341 4204 2648 4274 γενοίμεθα,
2676 4205 2796 4258 τότε
2832 4206 2927 4259 καὶ
2949 4208 3110 4278 ἡμεῖς
3137 4206 3236 4278 τὴν
3262 4207 3356 4262 τοῦ
3390 4212 3564 4265 αἰνεῖν
3591 4214 3679 4267 τὸν

2106 4292 2239 4348 Θεὸν
2265 4295 2572 4367 παρρησίαν
2599 4295 2900 4368 ληψόμεθα.

2189 4401 2248 4456 '0
2274 4402 2331 4456 δὲ
2352 4422 2371 4455 ι
2414 4404 2500 4457 Ἐν
2526 4404 2715 4475 ὕμνοις
2745 4405 2978 4479 ψαλμὸς,
3009 4426 3028 4460 ι
3050 4409 3129 4473 είς
3162 4408 3501 4482 ὑψηλοτέραν
3534 4413 3679 4483 ἡμᾶς

2109 4489 2297 4559 ἀνάγει
2331 4492 2680 4558 κατάστασιν,
2712 4495 2781 4566 ἣν
2824 4497 2939 4567 ᾔδει
2963 4497 3061 4551 καὶ
3085 4501 3113 4553 6
3153 4498 3294 4563 θεῖος
3334 4499 3674 4569 ’Λπόστολος,

2106 4579 2289 4645 καθὼς
2315 4580 2449 4652 πρὸς
2487 4583 2804 4654 Κορινθίους
2847 4588 3031 4658 φησιν,
3076 4589 3268 4643 ἑαυτὸν
3310 4589 3408 4644 νῦν
3457 4592 3560 4662 μὲν
3602 4592 3676 4663 τῷ

424 4678 612 4763 (ipsum
635 4674 798 4731 modo
827 4674 1021 4746 spiritu
1044 4674 1295 4745 psallere,
1324 4669 1483 4726 modo
1516 4677 1698 4727 mente
1725 4669 1790 4724 ³ο.
1834 4668 2003 4741 Igitur

2123 4674 2376 4763 πνεύματι
2421 4674 2671 4746 ψάλλειν,
2719 4676 2814 4731 νῦν
2855 4678 2913 4731 δὲ
2959 4678 3038 4749 τῷ
3081 4679 3180 4733 νοΐ.
3236 4680 3445 4735 Οὐκοῦν
3493 4685 3527 4753 ἡ
3581 4684 3674 4754 μὲν

434 4766 737 4841 psalmodia
767 4765 1057 4823 commista
1078 4779 1204 4820 eum
1232 4770 1435 4827 mente,
1481 4760 1616 4817 illud
1647 4760 1826 4833 ipsum
1850 4761 1997 4832 quod

2123 4763 2183 4834 τῷ
2222 4762 2297 4834 νῷ
2331 4765 2746 4838 συμμιγνυμένη
2776 4766 3063 4838 ψαλμῳδια
3106 4768 3197 4822 τὸν
3237 4771 3677 4842 προαποδοθέντα

431 4861 587 4932 prius
615 4856 938 4915 tradidimus
963 4856 1224 4921 declarat,
1263 4854 1437 4911 videri
1465 4853 1722 4909 nimirum
1752 4853 1806 4907 id
1851 4853 1998 4924 quod

2123 4853 2263 4922 ιόγον
2309 4853 2650 4927 διερμηνεύει
2702 4858 2813 4928 (44)
2838 4899 2854 4924 ,
2909 4857 3003 4912 τοῦ
3030 4919 3040 4930 ,
3065 4859 3175 4915 δεῖν
3226 4861 3340 4935 (45)
3382 4861 3446 4917 τὸ
3494 4864 3675 4933 φαινό-

499 5041 549 5074 ἰ
587 5038 869 5105 Eccli.xv,
896 5038 948 5094 9.
1025 5035 1541 5104 "Psal.xux,lﬁ.
1617 5034 2000 5104 “Luc.xt,l.
2078 5034 2571 5102 “Matth.\'t,M.
2647 5037 3157 5108 '°lCor.xw,15.
3236 5017 3241 5022 ’

558 5198 592 5253 ι
655 5199 723 5253 Ἥ
752 5214 863 5254 om.
890 5194 974 5251 ed.

496 5199 614 5339 85)
648 5267 931 5339 Σημσιιγειν
953 5264 1047 5339 .ed-

2171 5196 2287 5337 (40)
2318 5196 2652 5270 ’Δρρυθμος,
2680 5199 2767 5255 ed.

2196 5268 2256 5339 41
2313 5267 2476 5322 Forte
2502 5269 2692 5339 ὄνομα.

500 5284 613 5355 (σο)
648 5284 931 5339 ιημαινει,
960 5284 1047 5320 ea.

500 5334 1060 5476 l§%l%%»“‘l‘la."2&._
1477 5474 1487 5476 _

2174 5284 2256 5336 (ιι
2270 5284 2287 5337 )
2313 5284 2476 5322 rorte
2502 5284 2692 5339 ονομα.

2173 5337 2286 5404 (Η)
2324 5339 2525 5399 Αίνεῖν.
2560 5339 2647 5392 ed.

2176 5406 2427 5476 (45)_Ka£
2455 5406 2578 5476 add.
2615 5408 2692 5462 ed.

524 5406 616 5476 ξεῖ)
641 5406 755 5476 ’ἒήν
791 5420 904 5459 οιηο
933 5406 1060 5476 εἶδε-
1477 5474 1487 5476 ,

2176 5406 2427 5476 (45)-Καί
2455 5406 2578 5476 add.
2615 5408 2705 5463 ed.

558 5404 755 5525 '1)ij
791 5420 904 5459 om.
933 5404 1021 5460 ed.

558 5474 617 5525 8)
647 5474 691 5525 T
754 5489 864 5525 om.
899 5473 1021 5525 ed.l

503 5473 617 5554 (ἐξ)
647 5473 732 5554 Ἐξ
754 5489 864 5554 om.
899 5473 987 5554 ed.
1012 5474 1133 5533 Nox
1165 5478 1397 5542 ἑαυτοῖς,
1426 5474 1517 5532 ed.

500 5542 615 5613 (59)
650 5542 743 5614 Τῷ
768 5542 846 5613 δι,
879 5547 972 5600 ed.

2174 5471 2287 5541 (Η)
2300 5471 2651 5546 Ἐρμηνεύει,
2679 5478 2767 5533 ed.

2176 5546 2287 5615 (45)
2314 5545 2388 5599 Τὸ
2417 5546 2614 5600 δοκεῖν.
2643 5545 2741 5601 Ευ.
