3800 5980
155 294 264 351 ι97

1555 301 1625 359 ΙΝ
1656 300 1993 360 PSALMOS.

3303 290 3423 353 403

155 430 323 484 μενον
363 412 516 480 ἄξιον
571 408 710 471 εῖναι
762 416 859 472 τοῦ
910 419 1325 492 κεκρυμμένου,
1382 425 1472 482 ῐνα
1540 425 1576 496 ὴ
1627 445 1632 473 ι

1843 422 1898 478 in
1925 428 2116 493 aperto
2140 426 2247 487 est,
2272 415 2624 487 omniumque
2644 404 2961 488 conspectui
2988 414 3294 487 expositum
3322 414 3412 473 di-

153 503 402 577 σημαίνῃ
444 505 556 577 (46)
611 508 691 579 τῷ
725 509 952 583 τοιούτῳ
1007 514 1260 584 νοήματι.
1330 513 1395 567 Ἠ
1452 514 1509 567 δὲ
1575 517 1739 571 πνεύ-

154 614 290 666 ματι
350 598 500 670 μόνῳ
560 600 965 674 κατορθουμένη
1017 604 1306 677 ψαλμῳδία
1331 646 1347 673 ,
1406 607 1506 679 τὴν
1571 607 1740 680 ὕπερ-

151 685 388 755 ἑχουσαν
477 689 810 744 κατάστασιν
892 693 1002 748 τῶν
1094 694 1266 763 ἁγίων
1348 697 1736 768 ἐνδείκνυται,

151 778 284 831 ὅταν
318 782 568 850 κρεῖττον
682 782 782 853 τῆς
822 783 909 837 διὰ
939 783 1047 838 τῶν
1078 786 1419 858 φαινομένων
1462 790 1741 859 ἐνδείξεως

148 867 213 920 τὸ
264 867 346 939 τῷ
389 868 510 940 Θεῷ
552 872 980 944 προσαγόμενον.
1022 875 1098 929 Οὐ
1126 877 1236 949 γὰρ
1268 879 1327 932 ἐν
1349 879 1514 949 ᾠδαῖς
1541 897 1684 935 τισιν
1710 884 1739 937 ὀ

149 958 373 1030 ψαλμὸς
391 962 508 1025 ταῖς
523 961 611 1015 διὰ
626 962 883 1033 ῥημάτων
905 964 992 1018 δια
1000 965 1060 1036 ρθ
1066 965 1286 1037 ρούσαις
1310 967 1417 1022 τῶν
1433 969 1740 1041 νοουμένων

149 1049 251 1120 τὴν
265 1050 517 1121 δύναμιν,
534 1052 647 1107 ἀλλ’
669 1071 689 1104 ι
724 1052 810 1107 Ἐν
842 1054 1049 1126 ὕμνοις,
1085 1075 1103 1108 ι
1138 1057 1323 1127 φησὶν,
1351 1078 1370 1111 ι
1396 1059 1425 1111 ὁ
1456 1060 1685 1133 ψαλμός.
1713 1081 1733 1115 ι

151 1139 328 1193 Τοῦτο
356 1142 416 1195 δέ
451 1144 585 1209 ἐστι,
617 1144 758 1200 κατά
784 1161 847 1214 γε
881 1147 981 1216 τὴν
1007 1147 1146 1221 ἐμὴν
1175 1148 1379 1223 κρίσιν,
1399 1150 1734 1220 διδασκαλία,

148 1231 204 1285 τί
231 1232 339 1303 χρὴ
365 1233 473 1286 ύπὺ
491 1233 583 1288 τοῦ
607 1233 776 1306 ὕμνου
800 1237 1108 1306 γινώσκειν.
1134 1239 1492 1313 Μανθάνομεν
1512 1244 1620 1316 γὰρ
1653 1247 1738 1301 ὅτι

151 1323 181 1374 ὁ
204 1322 414 1391 ὑψηλὸς
449 1323 563 1394 βίος
604 1326 694 1379 καὶ
746 1328 806 1381 τὸ
839 1327 907 1381 τὰ
957 1328 1069 1383 ἀνω
1100 1334 1336 1400 φρονεῖν,
1372 1335 1467 1387 καὶ
1515 1337 1580 1390 ἐκ
1628 1337 1737 1393 τῶν

150 1411 427 1499 οὐρανίων
505 1432 563 1468 τε
624 1417 717 1469 καὶ
778 1418 1189 1491 ὑπερκειμένων
1241 1424 1349 1496 (47)
1448 1429 1736 1499 νοημάτων

151 1498 296 1570 ἔχειν
335 1502 401 1555 τὸ
451 1504 721 1576 ἡμέτερον
764 1506 1025 1579 ὕργανον,
1072 1510 1229 1565 τοῦτο
1278 1512 1443 1585 ὕμνος
1479 1498 1596 1572 ἐστὶ
1638 1519 1734 1576 τοῦ

149 1592 310 1657 Θεοῦ,
348 1594 454 1647 οὐκ
500 1598 558 1649 έν
601 1596 824 1670 δυνάμει
862 1603 1143 1672 ῥημάτων,
1193 1604 1307 1659 ἀλλ’
1342 1608 1399 1660 ἐν
1446 1608 1522 1679 τῷ
1571 1611 1737 1684 ὑπερ-

148 1685 348 1778 έχοντι-
382 1688 815 1761 κατορθούμενος
861 1693 962 1764 βίῳ
1014 1694 1149 1767 (48)·
1204 1697 1330 1751 ὅταν
1382 1700 1439 1754 δὲ
1483 1702 1583 1774 τὴν
1634 1705 1734 1778 τῆς

1841 516 2004 588 gnius
2052 530 2177 571 esse
2209 527 2277 570 eo
2324 511 2472 584 quod
2520 514 2582 567 ln
2636 508 2856 566 occulto
2918 508 3071 574 iatet,
3114 515 3176 562 ut
3225 508 3414 578 proin-

1844 606 1914 662 de
1980 605 2259 660 canticum
2333 617 2430 673 per
2471 600 2620 661 illam
2677 599 3004 659 sententiam
3051 598 3410 670 signiﬁcetur.

1840 693 2152 751 Psalmodia
2202 702 2381 749 autem
2405 706 2527 764 quae
2564 691 2684 753 solo
2706 692 2901 762 spiritu
2931 691 3208 763 perﬁcitur
3235 692 3414 747 excel-

1840 786 2041 842 lentem
2081 793 2397 842 sanetorum
2451 791 2655 840 statum
2687 784 3046 848 demonstrat,
3107 782 3253 853 quod
3303 782 3415 838 sci-

1839 877 1967 932 licet
2036 876 2091 931 id
2161 875 2308 947 quod
2365 874 2477 929 Deo
2542 874 2807 938 oﬂ‘ertur,
2869 874 3066 930 melius
3128 874 3200 929 sit
3265 874 3415 929 omni

1840 967 2111 1037 illo,quod
2136 966 2350 1022 nuncin
2377 965 2540 1039 rebus
2556 966 2978 1037 aspectabilibus
3001 966 3277 1021 eluceseit.
3293 964 3414 1021 Non

1838 1057 1984 1112 enim
2018 1058 2074 1111 in
2106 1057 2335 1113 canticis
2371 1056 2692 1127 quibusdam
2733 1063 2817 1111 est
2850 1056 3120 1125 psalmus,
3160 1070 3281 1126 quae
3316 1070 3413 1127 per

1837 1148 2002 1204 verba
2042 1162 2223 1203 rerum
2265 1146 2632 1216 subjectarum
2670 1147 2776 1201 vim
2815 1146 3135 1216 explanent,
3169 1146 3266 1202 sed
3303 1166 3322 1198 ι
3358 1149 3413 1202 in

1838 1239 2076 1312 hymnis,
2100 1259 2118 1291 ι
2151 1239 2346 1310 inquit,
2383 1255 2403 1290 ι
2430 1238 2691 1309 psalmus.
2712 1256 2731 1290 ι
2764 1236 2881 1292 Hoc
2903 1252 3050 1304 vero,
3081 1244 3141 1293 ut
3169 1252 3270 1309 ego
3293 1239 3414 1309 qui-

1836 1329 1958 1385 dem
1990 1330 2245 1395 arbitror,
2275 1331 2445 1411 docet,
2465 1343 2591 1395 nos,
2625 1329 2756 1401 quid
2788 1329 2971 1400 hymni
3003 1328 3221 1385 nomine
3251 1330 3412 1385 intel-

1837 1422 2109 1492 ligendum
2137 1423 2225 1479 sit.
2255 1422 2527 1479 Discimus
2549 1423 2716 1488 enim,
2741 1412 3027 1477 sublimem
3054 1421 3200 1476 illam
3224 1422 3413 1487 vitam,

1835 1518 1888 1568 et
1926 1528 2047 1583 quae
2084 1528 2306 1569 sursum
2338 1520 2469 1568 sunt
2495 1527 2718 1583 sapere,
2751 1518 3113 1583 nostrumque
3149 1526 3415 1583 organum

1833 1620 1901 1661 ex
1931 1606 2246 1662 caelestibus
2271 1614 2326 1662 et
2351 1607 2605 1676 supernis
2637 1604 3066 1676 cogitationibus
3087 1618 3414 1673 suspensum

1837 1695 2058 1763 habere,
2085 1698 2347 1769 hymnum
2376 1695 2470 1753 Dei
2491 1712 2642 1764 esse;
2666 1697 2831 1750 vitam
2863 1694 3134 1762 videlicet,
3160 1710 3270 1749 non
3296 1709 3418 1751 ver-

153 1792 180 1868 ι
219 1775 500 1868 συνέσεως
538 1797 556 1829 ι
606 1781 790 1853 φωνὴν
830 1785 1131 1854 συγγράφοι
1168 1789 1280 1852 τοῖς
1328 1788 1549 1862 ὕμνοις,
1593 1813 1632 1848 σε

1841 1787 2030 1843 borum
2054 1784 2290 1844 eﬂicacia
2311 1796 2365 1843 et
2400 1786 2709 1859 splendore,
2745 1785 2841 1842 sed
2873 1800 2939 1841 eo
2962 1786 3106 1856 quod
3138 1785 3226 1840 his
3259 1785 3421 1856 longe

148 1863 376 1960 δουλίαν
444 1871 565 1924 τινὰ
628 1871 777 1926 δοκεῖ
843 1891 935 1945 μοι
997 1878 1267 1934 ποιεῖσθαι
1324 1884 1353 1936 ὁ
1421 1884 1600 1955 λόγος,
1658 1863 1734 1960 μὴ

147 1957 438 2048 ἀσυνέτως
487 1961 630 2031 ἔχειν
672 1965 782 2019 τῶν
820 1969 900 2030 είς
944 1967 1250 2039 δοξολογίαν
1283 1973 1361 2047 τῷ
1389 1975 1507 2048 Θεῷ
1547 1957 1738 2034 ἀνατιέ

148 2043 400 2139 θεμένων
423 2050 685 2119 ῥημάτων
705 2068 720 2085 ’
749 2055 959 2125 μήποτε
985 2057 1241 2131 λάθοιμεν
1263 2043 1602 2139 ἀνεξετάστῳ
1642 2071 1738 2125 καὶ

147 2137 419 2238 ἀσυνέτῳ⁸
441 2141 553 2212 (49)
602 2145 708 2238 τινὶ
746 2148 889 2238 ὁρμῇ
946 2152 1012 2204 τα
1065 2152 1139 2224 μὴ
1184 2155 1464 2225 πρέποντα
1508 2137 1583 2232 τῇῖ
1617 2161 1738 2238 θείᾳ

150 2225 543 2299 μεγαλειότητι
601 2232 944 2301 ἀνατιθέντες
993 2241 1238 2310 νοήματα
1258 2259 1272 2274 ’
1336 2241 1446 2298 οἷόν
1507 2225 1623 2303 ἐστι
1677 2225 1739 2306 τί)

146 2316 365 2371 οῐεσθαι
403 2322 516 2385 τοῖς
556 2324 695 2377 κατὰ
727 2325 859 2380 Θεὸν
891 2326 1056 2392 ζῶσιν
1087 2333 1145 2386 ἐν
1179 2337 1245 2406 τῇ
1275 2335 1371 2389 τοῦ
1404 2338 1519 2408 βίου
1546 2342 1736 2398 τούτου

147 2409 422 2505 εὐκληρίᾳ
462 2416 792 2505 ,προκεῖσθαι
820 2418 917 2484 τὰς
963 2422 1217 2493 ἀμοιϐὰς,
1269 2428 1453 2484 καὶτὸ
1498 2434 1737 2505 νομίζειν

149 2498 357 2596 ἐκεῖνο,
389 2503 488 2596 και
515 2506 666 2596 παρά
692 2505 769 2578 τῷ
800 2507 916 2578 Θεῷ
942 2510 1104 2567 καλὸν
1138 2514 1419 2585 κρίνεσθαι
1455 2498 1735 2596 (50)’,ὅπερ

146 2586 319 2685 ἃν-τῇ
372 2591 619 2685 αἰσθησει
664 2596 770 2650 τῶν
816 2599 1118 2673 ἀνθρώπων
1155 2607 1395 2663 τοιοῦτον
1641 2586 1735 2669 καὶ

151 2677 329 2732 πολλὰ
383 2682 608 2737 τοιαῦτα
653 2686 876 2743 δυνατόν
918 2693 1067 2747 ἐστιν
1125 2696 1410 2768 εὑρεθῆναι
1461 2677 1731 2773 νοήματα,

148 2772 276 2834 ταῖς
317 2773 446 2843 περὶ
478 2774 612 2830 Θεοῦ
648 2778 949 2851 ὑπολήψεσι
978 2786 1127 2856 παρά
1164 2782 1274 2841 τῶν
1299 2790 1572 2846 ἀσυνέτων
1601 2795 1734 2857 ἀνα-

149 2857 416 2928 τιθέμενα
461 2862 592 2936 (51).
650 2867 743 2920 Σοὶ
790 2869 845 2922 δὲ
898 2872 1056 2943 χρεία
1103 2876 1365 2942 συνέσεως
1412 2878 1506 2933 τοῦ
1554 2883 1737 2938 ἐκεῖνα

149 2948 289 3020 περὶ
322 2951 486 3006 αὐτοῦ
544 2956 840 3024 γινώσκειν,
869 2961 969 3014 ὅσα
1023 2963 1096 3035 μὴ
1151 2966 1340 3037 μῶμον
1369 2969 1521 3041 φέρει
1575 2989 1739 3044 προσ-

150 3043 458 3113 φερόμενα.
515 3047 588 3100 Τὸ
640 3049 741 3120 μὲν
787 3052 896 3124 γάρ
948 3053 1120 3120 οὕτως
1189 3058 1337 3131 αὐτῷ
1386 3063 1593 3133 πρέπον
1622 3043 1629 3044 7
1655 3068 1736 3129 είς

1837 1883 2183 1953 praestantius
2216 1892 2320 1948 est,
2352 1883 2644 1938 illustrem.
2680 1881 2910 1949 Quando
2937 1891 3117 1938 autem
3162 1899 3181 1934 ι
3205 1882 3417 1938 intelle-

1835 1982 1960 2030 ctus
1984 1992 2003 2027 ι
2029 1989 2132 2029 vox
2159 1974 2453 2031 ascribitur
2471 1973 2709 2045 hymnis.
2726 1974 3014 2029 consilium
3036 1973 3151 2027 dari
3179 1972 3413 2038 videtur,

1838 2080 1907 2121 ne
1937 2066 2100 2121 rudes
2134 2073 2186 2120 et
2224 2065 2459 2135 imperiti
2500 2066 2670 2121 simus
2706 2065 2921 2119 illorum
2957 2064 3269 2129 verborum,
3297 2077 3419 2134 quae

1838 2155 1906 2209 ad
1944 2155 2038 2223 Dei
2072 2155 2297 2227 gloriam
2347 2153 2741 2210 decantandam
2789 2153 3025 2219 faciunt,
3063 2169 3130 2209 ne
3169 2152 3417 2210 fortassis

1839 2245 2137 2317 improviso
2174 2246 2375 2316 impetu
2415 2260 2478 2300 ea
2518 2260 2638 2315 quae
2674 2245 2914 2301 divinam
2960 2243 3416 2315 magniﬁcentiam
3454 2312 3459 2315 _

1837 2337 2063 2391 minime
2086 2336 2300 2401 decent,
2335 2336 2401 2390 de
2429 2335 2519 2389 illa
2543 2334 2952 2405 concipiamus:
2975 2332 3283 2404 cujusmodi
3310 2339 3416 2399 est,

1837 2429 2151 2485 existimare
2182 2428 2249 2484 iis
2285 2427 2377 2499 qui
2415 2427 2716 2485 secundum
2740 2425 2907 2482 Deum
2943 2427 3154 2492 vivunt,
3174 2425 3227 2480 in
3252 2425 3417 2496 hujus

1836 2520 1959 2574 vit-.e
1994 2520 2250 2576 felicitate
2281 2520 2551 2590 repositas
2580 2534 2702 2575 esse
2734 2518 3148 2586 retributiones;
3181 2525 3239 2573 ut
3264 2527 3318 2573 et
3352 2518 3420 2571 il-

1834 2610 1958 2677 lud,
1992 2611 2266 2677 arbitrari,
2308 2609 2401 2666 Dei
2438 2610 2666 2681 judicio,
2703 2610 2905 2665 bonum
2935 2618 2988 2665 et
3021 2617 3230 2663 rectum
3262 2622 3414 2672 esse,

1834 2702 1981 2774 quod
2024 2702 2281 2757 humanis
2327 2702 2583 2759 sensibus
2629 2701 2943 2771 hujusmodi
2990 2715 3113 2755 esse
3154 2705 3415 2769 apparet;

1836 2794 2146 2864 multasque
2184 2793 2348 2863 hujus
2389 2792 2606 2865 generis
2633 2792 2872 2861 reperire
2905 2793 3029 2846 licet
3062 2791 3130 2846 de
3158 2789 3270 2845 Deo
3304 2789 3422 2857 opi-

1836 2885 2028 2940 niones
2067 2884 2137 2939 ab
2174 2883 2558 2954 insipientibus
2596 2892 2861 2953 receptas.
2905 2881 3246 2951 Quapropter
3278 2895 3417 2950 opus

1836 2984 1920 3033 est
1947 2985 2003 3032 et
2033 2977 2126 3032 tibi
2151 2977 2530 3048 intelligentia,
2557 2984 2616 3032 ut
2644 2977 2712 3032 de
2743 2976 2835 3029 illo
2863 2989 2926 3030 ea
2952 2988 3271 3045 cognoscas,
3298 2987 3419 3042 quae

1838 3066 1885 3121 si
1920 3066 1968 3121 ei
2000 3066 2390 3131 attribuantur,
2420 3066 2629 3121 nullam
2663 3065 3141 3135 reprehensionem
3170 3063 3415 3119 all'erent.

150 3133 400 3233 ἔπαινον,
455 3141 699 3211 κρεῖττόν
742 3145 911 3211 ἐστιν,
955 3146 987 3217 ἢ
1027 3146 1169 3202 ὥστε
1226 3149 1332 3204 ὑπὸ
1388 3152 1632 3225 ἀνθρωπί

1841 3157 1976 3211 Nam
2002 3157 2053 3213 id
2075 3157 2221 3233 quod
2247 3173 2377 3215 vere
2405 3158 2471 3213 ad
2501 3133 2921 3228 laudem—ipsius
2951 3155 3098 3227 facit,
3129 3156 3308 3226 majus
3335 3164 3420 3210 cst

151 3225 375 3295 φύσεως
402 3229 724 3303 εὑρεθῆναι·
750 3236 882 3305 ἡμῖν
913 3236 970 3291 δὲ
1003 3239 1252 3295 τοσοῦτον
1277 3242 1580 3316 ἀγαπητὸν,
1614 3225 1735 3302 οὐδὲ

148 3317 215 3371 τὸ
232 3318 352 3373 δέον
374 3323 503 3393 περὶ
521 3323 688 3378 αὐτοῦ
714 3326 999 3394 γινώσκειν
1018 3329 1130 3401 (52)
1158 3333 1360 3405 εὑρεῖν,
1379 3334 1514 3391 ἀλλὰ
1535 3336 1595 3391 τὸ
1622 3338 1732 3410 (55)

153 3411 354 3502 μηδενὶ
406 3413 514 3467 τῶν
563 3416 1014 3488 ἀπεμφαινόντων
1057 3424 1624 3501 ωνενεχθῆναιοὸπερ
1668 3429 1733 3502 δὴ

152 3501 250 3554 ἐπὶ
301 3503 406 3574 τῆς
468 3507 725 3572 αἰνέσεως
784 3510 879 3564 τοῦ
931 3512 1092 3566 Δαυῒδ
1146 3517 1480 3589 ἐνοήσαμεν,
1539 3521 1614 3583 ὼς
1656 3501 1735 3592 τῷ

151 3594 387 3666 τοιούτῳ
427 3598 573 3668 μόνῳ
608 3601 924 3672 πρεπούσης
950 3604 1050 3675 τῆς
1092 3605 1243 3672 θείας
1284 3608 1562 3674 αίνέσεως.
1595 3612 1737 3666 Ταύ-

152 3684 247 3736 τόν
279 3702 371 3756 μοι
396 3687 543 3741 δοκεῖ
572 3691 665 3745 καὶ
691 3692 817 3763 περὶ
845 3684 945 3765 τῆς
980 3712 999 3745 ι
1034 3699 1339 3769 προσευχῆς
1376 3717 1394 3751 ι
1427 3699 1736 3769 γινώσκειν,

153 3774 286 3829 ὅταν
320 3777 664 3849 ἀκούσωμεν,
699 3800 718 3834 ι
758 3784 1038 3858 Προσευχὴ
1069 3786 1163 3840 τοῦ
1200 3789 1383 3856 Δαυῒδ,
1420 3810 1441 3846 ι
1474 3790 1551 3855 ὡς
1587 3793 1736 3857 δέον,

154 3867 253 3920 καὶ
290 3868 384 3921 τὸν
419 3869 687 3943 ἡμέτερον
717 3872 831 3943 βίον
873 3877 1014 3931 κατὰ
1051 3878 1142 3932 τὸν
1174 3880 1379 3936 ἐκείνου
1418 3883 1738 3948 σπουδάζειν

154 3955 323 4025 εἶναι,
357 3961 442 4015 ἵνα
470 3963 564 4017 τοῦ
602 3967 999 4038 προσεύχεσθαι
1041 3972 1139 4043 τὴν
1172 3976 1481 4049 παρρησίαν
1525 3978 1739 4050 κτησώ-

161 4052 325 4144 μεθα.
350 4053 508 4108 Οὕτω
535 4057 629 4111 καὶ
661 4059 717 4129 (5
729 4060 774 4131 ι)
806 4062 867 4115 τὸ
903 4063 1036 4135 (55),
1072 4083 1092 4116 ι
1120 4066 1401 4140 Προσευχὴ
1434 4068 1512 4141 τῷ
1540 4070 1739 4144 πτωχῷ

154 4142 605 4235 Ξτανάκηδιάσῃ,
628 4151 721 4204 καὶ
749 4153 991 4209 ἐναντίον
1012 4156 1216 4229 Κυρίου
1242 4158 1405 4231 ἐκχέῃ
1432 4160 1529 4232 τὴν
1557 4142 1738 4235 δέησιν

153 4234 348 4290 αὐτοῦ.
364 4257 383 4289 ι
407 4237 580 4311 Πολλὴ
597 4241 707 4312 (56)
725 4242 833 4316 γὰρ
849 4245 979 4316 ἡμῖν
994 4247 1152 4319 χρεία
1178 4249 1278 4319 τῆς
1303 4253 1443 4307 κατὰ
1456 4253 1587 4307 Θεὸν
1611 4234 1740 4309 ἀνα-

155 4323 392 4418 ϐάσεως,
421 4328 508 4381 ἵνα
537 4331 1014 4404 νοήσωμεν,τίνων
1042 4334 1392 4412 πτίυχεύομεν
1410 4360 1424 4375 ο
1448 4343 1509 4398 ού
1541 4346 1650 4418 γὰρ
1674 4346 1740 4402 ἂν

154 4416 240 4513 είς
274 4417 571 4513 ἐπιθυμίαν
603 4421 851 4494 ἔλθοιμεν
878 4427 988 4484 τῶν
1014 4429 1282 4503 ἀληθινῶν
1310 4433 1551 4503 ἀγαθῶν,
1584 4416 1632 4491 εί
1664 4440 1737 4513 μὴ

153 4505 258 4578 τὴν
306 4509 368 4562 ἐν
397 4510 657 4578 τοιούτοις
692 4515 803 4588 (57)
846 4519 1055 4579 ἑαυτῶν
1084 4523 1354 4594 πτωχείαν
1395 4505 1743 4601 κατανοήσωί

159 4617 284 4670 μεν.
330 4602 471 4655 Ἀλλ’
497 4602 739 4679 ἔμψυχός
764 4625 851 4674 τις
887 4611 1132 4684 γένηται,
1173 4617 1267 4669 καὶ
1296 4617 1600 4685 ἐνδιάθετος
1641 4622 1742 4694 τῆς

155 4694 471 4785 προσευχῆς
496 4697 525 4751 ὁ
549 4696 719 4763 τόνος,
752 4699 877 4754 ὅταν
911 4702 1128 4774 γνῶμεν
1158 4706 1320 4761 τίνων
1364 4712 1736 4785 πτωχεύομεν,

156 4783 256 4836 καὶ
305 4784 444 4855 πρὸς
482 4785 583 4857 τὴν
619 4788 887 4862 ἀναϐολὴν
922 4793 1030 4848 τῶν
1058 4794 1404 4868 ποθουμένων
1431 4783 1740 4874 ἀκηδιάσω-

161 4892 263 4944 μεν
287 4891 301 4904 ·
340 4877 438 4931 καὶ
478 4878 652 4944 οὕτως
703 4883 944 4954 ἐκχεῖται
989 4887 1022 4956 ή
1067 4886 1249 4959 δέησις
1289 4891 1445 4962 ήμῶν
1491 4892 1580 4949 διὰ
1633 4897 1743 4954 τῶν

157 4966 457 5041 ὀφθαλμῶν
485 4971 608 5026 ἀντὶ
638 4975 899 5046 ῥημάτων
927 4979 1186 5051 χρωμένη
1214 4984 1327 5048 τοῖς
1353 4983 1632 5058 δάκρυσιν.

234 5334 350 5411 (49)
372 5336 736 5411 ξημφίνηταιν
767 5347 855 5398 ed-

256 5407 349 5489 ιη)
374 5407 789 5489 Quidam'_codd.
824 5415 1227 5489 ὑπερκοσμίων.

174 5496 181 5499 ·
231 5476 351 5543 (48)
386 5476 530 5543 Βίος,
567 5481 659 5537 ed.

384 5547 775 5624 ἔτή-’ἀσυνέτῳ
798 5568 907 5624 om.
936 5557 1025 5613 ed.

257 5616 350 5692 .59)
374 5616 609 5692 Quidam
636 5616 796 5692 codd.
828 5623 1096 5692 γίνεσθαι.

257 5689 349 5760 51)
382 5689 802 5764 Ἀποδεχόμενα,
827 5689 916 5751 ed.

1840 3257 1893 3304 et
1932 3249 2260 3309 abstrusius.
2295 3264 2457 3323 quam
2495 3256 2555 3305 ut
2585 3248 2653 3303 ab
2682 3249 2916 3303 humana
2953 3254 3149 3303 natura
3181 3246 3415 3302 inveniri

1841 3342 2022 3406 queat.
2059 3336 2128 3390 At
2156 3335 2385 3393 nobisid
2415 3337 2561 3406 quod
2593 3335 2728 3391 adeo
2743 3336 2974 3391 amabile
2994 3345 3047 3390 et
3064 3336 3422 3391 desiderabile

1840 3433 1944 3492 est,
1966 3439 2035 3481 ne
2054 3440 2386 3495 cognoscere
2414 3426 2632 3498 quidem
2664 3424 2746 3481 fas
2777 3434 3157 3496 est,quantum
3186 3432 3419 3496 oportet,

1843 3518 2042 3593 quippe
2070 3530 2209 3591 quos
2255 3531 2482 3572 necesse
2533 3518 2603 3571 sit
2659 3516 2812 3585 sequi
2847 3530 2909 3570 ea
2931 3530 3051 3589 quae
3078 3516 3231 3570 nullo
3258 3516 3421 3570 modo

1843 3620 1971 3666 sunt
2001 3608 2221 3664 similia.
2263 3606 2417 3672 Quod
2465 3620 2562 3676 per
2593 3604 2958 3661 laudationem
3006 3603 3173 3663 David
3218 3604 3422 3659 intelli-

1842 3701 2075 3771 gendum
2119 3698 2386 3763 diximus,
2425 3697 2634 3753 scilicet
2671 3694 2800 3749 huic
2843 3694 2944 3749 soli
2974 3701 3312 3765 competere,
3362 3701 3423 3749 ut

1844 3791 1940 3848 Dei
1960 3790 2148 3848 laudes
2171 3798 2351 3846 canat.
2382 3788 2530 3844 Idem
2556 3802 2654 3859 per
2690 3805 2708 3838 ι
2729 3787 3029 3842 orationem
3055 3806 3074 3839 ι
3114 3786 3422 3858 intelligen-

1842 3882 1972 3939 dum
1990 3882 2199 3953 judico,
2219 3881 2439 3953 quando
2462 3879 2737 3945 audimus,
2769 3897 2788 3931 ι
2808 3877 2998 3934 Oratio
3023 3877 3188 3933 David
3204 3921 3219 3947 ,
3242 3896 3260 3930 ι
3294 3894 3423 3949 qua-

1845 3976 1890 4032 si
1921 3989 2146 4031 necesse
2171 3974 2261 4041 sit,
2294 3974 2460 4030 vitam
2486 3981 2730 4029 nostram
2754 3971 2821 4027 ad
2848 3971 2996 4027 illius
3020 3972 3144 4027 vita:
3174 3987 3421 4027 normam

1844 4067 2149 4130 instituere,
2182 4070 2244 4122 ut
2268 4065 2361 4135 jus
2387 4071 2441 4120 et
2471 4064 2773 4141 libertatem
2810 4063 3002 4118 orandi
3034 4062 3203 4119 Deum
3235 4063 3423 4134 acqui-

1844 4173 2051 4215 ramus.
2083 4155 2228 4213 Idem
2272 4154 2616 4213 sentiendum
2662 4162 2748 4213 est
2789 4154 2857 4210 de
2896 4154 2986 4209 illa
3025 4154 3420 4224 inscriptione:

1821 4265 1870 4299 ·‹
1893 4245 2080 4302 Oratio
2116 4246 2390 4316 pauperis,
2411 4258 2534 4317 cum
2574 4242 2771 4299 anxius
2802 4241 2982 4301 fuerit.
3013 4248 3067 4296 et
3100 4256 3283 4296 coram
3316 4240 3424 4295 Do-

1846 4333 1995 4389 mino
2025 4332 2276 4389 effuderit
2306 4346 2522 4405 precem
2554 4346 2731 4391 suam.
2752 4348 2771 4382 ι
2792 4328 2941 4399 Opus
2968 4331 3111 4385 enim
3145 4329 3304 4385 nobis
3338 4335 3424 4384 est

1847 4439 2045 4498 magno
2083 4423 2151 4479 ad
2185 4425 2354 4481 Deum
2386 4438 2640 4487 ascensu,
2662 4429 2723 4476 ut
2759 4421 2945 4487 videre
2972 4419 3268 4493 possimus,
3297 4417 3423 4490 qui-

1771 4494 1819 4550 Ῐ)
1848 4494 2256 4589 bus'egeamus;
2281 4529 2390 4571 non
2412 4515 2557 4571 enim
2573 4511 2847 4569 desiderio
2868 4527 3123 4568 verorum
3151 4511 3423 4568 honorum

1848 4606 2167 4670 alliciemur,
2186 4606 2295 4662 nisi
2327 4614 2569 4675 nostram
2601 4603 2658 4658 in
2685 4603 2773 4661 his
2794 4604 3075 4673 penuriam
3099 4603 3267 4674 probe
3296 4617 3424 4673 per-

1849 4705 2090 4770 spectam
2121 4697 2442 4767 habeamus.
2472 4694 2558 4751 Fit
2586 4702 2765 4753 autem
2796 4695 2975 4750 oratio
3003 4694 3206 4757 vivida.
3237 4695 3424 4749 valde-

1846 4802 1953 4860 que
1997 4787 2298 4855 intenditur
2323 4796 2379 4844 et
2421 4786 2810 4851 inﬂammatur,
2847 4799 2970 4839 cum
3002 4783 3422 4855 cognoscimus,

1841 4894 2076 4952 quorum
2123 4863 2293 4950 indigi
2338 4893 2565 4951 sumus;
2608 4875 3005 4951 amigimurque
3044 4884 3096 4931 et
3136 4874 3420 4941 angimur,

1841 4985 1965 5027 cum
1998 4984 2062 5024 ea
2094 4984 2216 5039 quae
2255 4969 2510 5040 petimus,
2538 4967 2878 5037 dill'eruntur.
2923 4965 2991 5020 Et
3017 4965 3099 5022 sic
3131 4964 3425 5021 cﬂ‘unditur

1842 5061 2157 5132 deprecatio
2178 5068 2390 5124 nostra,
2426 5060 2684 5116 adhibitis
2711 5056 2893 5129 potius
2932 5058 3216 5114 oculorum
3245 5057 3425 5127 lacry-

1844 5151 1970 5216 mis,
1997 5163 2161 5220 quam
2191 5149 2395 5204 verbis.

1926 5351 2037 5425 (εξ)
2062 5351 2345 5425 suam»
2373 5351 2462 5406 ed.

2224 5421 2312 5493 ed:

1923 5488 2036 5563 <54)
2069 5488 2203 5563 nat
2228 5488 2325 5545 τοῦ
2355 5488 2609 5563 διείρεαι.

1923 5557 2038 5631 (55)
2068 5557 2280 5631 Τὸνόηι.
2305 5561 2394 5619 ed.
2427 5560 2509 5631 Τῇ
2540 5559 2746 5630 aliquot
2775 5557 2903 5615 cod.

1947 5630 2039 5702 56)
2062 5630 2289 5702 nonac.
2322 5631 2409 5702 ede.

1947 5699 2039 5767 57)
2070 5699 2314 5767 Τούτοις,
2336 5700 2425 5757 ed.
