3756 5988
400 270 506 329 499

1673 265 1731 319 S.
1775 263 2103 331 GREGORII
2132 262 2428 319 NYSSENI
3529 262 3617 318 500

469 382 544 435 ita
571 377 1014 450 interpretaberis
1036 385 1089 434 et
1118 376 1285 432 illud:
1312 395 1331 429 ι
1350 375 1537 432 Oratio
1567 373 1738 445 Moysi
1764 374 1948 428 homin

2146 373 2299 427 Ούτω
2347 374 2560 444 νοήσεις
2603 341 2695 427 καὶ
2750 374 2830 438 τδ,
2898 394 2916 426 ι
2975 375 3258 447 Προσευχὴ
3301 376 3377 446 τῷ
3420 377 3619 430 Mersus!

399 470 492 526 Dei
510 511 525 534 ,
553 491 573 524 ι
597 472 752 541 quasi
785 485 893 526 non
917 470 1075 525 liceat
1097 470 1251 524 aliter
1270 483 1366 539 per
1392 468 1691 522 orationem
1714 465 1781 520 ad
1805 464 1971 520 Deum

399 562 676 625 accedere,
701 562 806 615 nisi
832 564 955 631 quis
990 560 1057 615 ab
1087 560 1190 614 hoc
1224 558 1428 613 mundo
1454 573 1575 614 sese
1599 570 1855 621 avocans,
1884 570 1973 610 so-

400 654 504 709 lius
534 652 625 708 Dei
668 653 831 709 homo
861 651 1144 709 clIiciatur.

1004 852 1227 922 CAPUT
1265 865 1353 920 Iv.

471 1075 852 1145 Atinscriptio,
879 1073 1013 1132 «Pro
1044 1076 1128 1133 his
1151 1075 1245 1147 qui
1276 1076 1806 1144 commutabuntur,»
1829 1077 1974 1132 hunc

398 1168 531 1220 mihi
560 1167 772 1222 videtur
808 1168 1007 1222 habere
1038 1182 1280 1233 sensum,
1315 1170 1486 1225 solam
1516 1168 1756 1224 divinam
1808 1176 1973 1223 natu-

400 1273 517 1311 ram
547 1258 724 1314 omnis
750 1259 1126 1315 conversionis
1154 1268 1208 1315 et
1234 1261 1553 1316 mutationis
1580 1268 1856 1331 expertem
1886 1277 1974 1317 es-

399 1366 490 1418 se;
520 1367 627 1405 non
652 1350 799 1406 enim
820 1358 904 1407 est
931 1352 996 1407 ad
1022 1353 1166 1423 quod
1196 1354 1497 1410 mutatione
1527 1363 1731 1418 utatur,
1765 1369 1887 1409 cum
1918 1356 1971 1409 in

398 1443 713 1497 universum
736 1458 845 1497 non
871 1443 942 1499 sit
970 1458 1141 1514 capax
1166 1446 1326 1511 mali;
1351 1444 1419 1499 ad
1444 1445 1496 1499 id
1528 1460 1657 1500 vero
1686 1446 1829 1516 quod
1858 1460 1972 1501 me-

398 1532 505 1587 lius
537 1539 641 1597 est,
673 1534 1028 1588 transmutari
1064 1544 1329 1605 nequeat;
1371 1550 1494 1589 nam
1523 1537 1731 1591 nullum
1770 1536 1972 1591 bonum

397 1630 500 1686 est,
532 1630 753 1691 propter
780 1622 926 1693 quod
960 1623 1015 1677 in
1041 1638 1160 1679 eam
1198 1625 1430 1679 mutatio
1455 1625 1651 1680 cadat:
1684 1641 1793 1680 non
1826 1625 1972 1680 enim

397 1794 491 1856 illo
512 1801 656 1871 quod
679 1803 794 1871 ipsa
817 1803 1001 1858 habet.
1029 1802 1139 1859 Nos
1164 1820 1290 1859 vero
1312 1806 1560 1861 homines
1587 1807 1641 1860 in
1674 1806 1973 1861 mutatione

397 1895 453 1943 et
481 1888 801 1943 alteratione
824 1889 1007 1958 positi,
1033 1891 1335 1944 secundum
1362 1900 1656 1964 utrumque
1683 1907 1779 1960 per
1801 1891 1974 1946 lacul-

398 1984 564 2033 tatem
589 1988 642 2032 et
666 1978 772 2032 vim
796 1981 1295 2035 transmutatricem
1324 1980 1622 2038 deteriores
1645 1990 1698 2036 et
1720 1982 1971 2038 meliores
2004 2038 2007 2041 λ

396 2067 704 2135 reddimur;
745 2068 1068 2135 deteriores,
1091 2072 1311 2142 quando
1332 2088 1361 2126 a
1384 2075 1768 2129 communione
1802 2075 1971 2130 bono-

396 2174 519 2213 rum
539 2161 872 2227 excidimus;
891 2162 1140 2218 meliores
1165 2178 1403 2228 rursum,
1426 2164 1641 2234 quando
1660 2163 1726 2217 ad
1749 2164 1802 2218 id
1824 2165 1971 2233 quod

397 2251 591 2305 melius
636 2257 721 2306 est
756 2266 852 2320 per
893 2255 1304 2308 conversionem
1335 2254 1597 2309 redimus.
1638 2254 1774 2308 Cum
1808 2255 1972 2325 igitur

395 2342 697 2396 mutatione
743 2342 797 2395 in
849 2344 1050 2397 malum
1098 2343 1471 2408 inciderimus,
1520 2359 1657 2413 opus
1708 2345 1969 2401 habemus

374 2430 536 2497 bona
568 2431 888 2495 mutatione,
923 2440 980 2487 ut
1013 2431 1131 2500 ejus
1155 2432 1415 2487 benelicio
1437 2432 1503 2486 ad
1526 2431 1578 2485 id
1600 2432 1746 2507 quod
1775 2433 1970 2488 melius

393 2528 479 2575 est
520 2521 916 2575 trausleramur
948 2540 961 2575 :
988 2521 1199 2591 hocque
1222 2521 1571 2576 manifestum
1609 2521 1754 2577 liLex
1786 2523 1968 2579 verbis

396 2623 515 2677 quae
543 2609 943 2680 subjunguntur
973 2610 1101 2673 illis,
1134 2629 1151 2660 ι
1171 2608 1277 2664 Pro
1307 2611 1393 2665 his
1421 2611 1514 2681 qui
1546 2613 1970 2667 commutabun—

395 2707 505 2754 tur.
528 2718 547 2752 ι
575 2700 691 2755 Non
712 2703 859 2756 enim
890 2702 1068 2756 solum
1093 2703 1266 2758 oratio
1292 2704 1449 2759 nobis
1472 2704 1686 2771 suadet,
1715 2706 1970 2761 mutatio-

394 2806 515 2846 nem
557 2792 871 2847 necessario
902 2780 1304 2862 suscipiendam
1346 2810 1487 2861 esse,
1537 2795 1632 2851 sed
1680 2804 1735 2853 et
1784 2796 1969 2866 aliquo

395 2881 556 2934 modo
591 2883 832 2947 instruit,
873 2883 1146 2951 quomodo
1187 2892 1333 2939 recte
1374 2885 1499 2949 liat,
1540 2888 1802 2957 exemplis
1841 2888 1965 2957 qui-

396 2970 620 3025 busdam
654 2973 1009 3027 mutationem
1036 2973 1181 3027 illam
1212 2974 1267 3028 in
1299 2975 1491 3031 melius
1525 2976 1922 3034 demonstrans.

466 3125 556 3178 Sic
581 3140 710 3180 vero
739 3126 899 3181 verba
929 3126 1297 3199 inscriptionis
1335 3130 1534 3187 habent
1571 3150 1584 3186 :
1630 3152 1647 3184 ι
1682 3132 1736 3187 In
1775 3134 1959 3202 ﬁnem,

394 3232 492 3285 pro
524 3217 591 3271 iis
634 3218 726 3287 qui
766 3218 1218 3285 immutahuntur,
1251 3223 1304 3275 in
1340 3223 1478 3276 tituli
1507 3223 1637 3294 (seu
1665 3226 1964 3295 columnae)

396 3310 769 3379 inscriptione,
793 3309 973 3365 Davidi
1009 3311 1061 3364 in
1093 3312 1361 3375 doctrina,
1392 3328 1516 3367 cum
1545 3315 1965 3377 succcnditMe-

394 3399 746 3467 sopotamiam
763 3398 950 3470 Syriae,
971 3409 1023 3454 et
1041 3398 1249 3470 Syriam
1273 3401 1448 3468 Sobze,
1466 3412 1518 3457 ct
1535 3403 1964 3473 convcrtitJoah,

2076 463 2347 534 ἀνθρώπῳ
2375 462 2467 514 τοῦ
2498 461 2651 523 Θεοῦ,
2716 480 2735 514 ι
2785 462 2860 525 ὠς
2887 462 2986 516 οὐκ
3031 465 3148 517 ἐνὸν
3196 465 3364 528 ἄλλως
3412 466 3617 538 προσελ-

2077 554 2188 606 θεῖν
2218 554 2305 607 διὰ
2348 554 2654 625 προσευχῆς
2697 551 2774 622 τῷ
2804 552 2941 623 Θεῷ,
2972 555 3021 606 εί
3068 556 3141 625 μή
3197 573 3279 618 τις
3320 557 3411 608 τοῦ
3436 558 3616 627 κόσμου

2075 642 2266 696 τούτου
2297 641 2558 705 ἀποστὰς,
2590 641 2724 695 Θεοῦ
2762 639 2923 711 μόνου
2956 642 3163 710 γένοιτο
3191 642 3486 715 ἄνθρωπος.

2607 859 3004 914 ΚΕΦΔΛΑΙΟΝ
3040 862 3111 915 Δθ.

2158 1075 2218 1129 Ἦ
2260 1074 2315 1128 δὲ
2346 1095 2365 1127 ι
2389 1074 2558 1146 ’Υπὲρ
2610 1074 2715 1127 τῶν
2748 1072 3257 1145 ἀλλοιωθησομένων
3291 1094 3309 1127 ι
3364 1075 3617 1150 ἐπιγραφὴ

2074 1167 2258 1221 τοῦτόν
2305 1184 2394 1239 μοι
2436 1167 2584 1220 δοκεῖ
2610 1166 2699 1220 τὸν
2732 1165 2855 1220 νοῦν
2890 1166 3051 1236 ἔχειν,
3078 1168 3160 1220 ὅτι
3204 1167 3338 1237 μόνη
3380 1168 3619 1239 κρείττων

2075 1259 2190 1312 ἐστὶ
2219 1260 2427 1329 τροπῆς
2462 1275 2524 1311 τε
2553 1258 2648 1312 καὶ
2677 1255 3013 1329 ἀλλοιώσεως
3039 1259 3072 1327 ἡ
3092 1256 3211 1310 θεία
3229 1257 3385 1326 φύσις
3408 1274 3420 1287 ·
3448 1259 3503 1311 ού
3529 1259 3620 1327 γὰρ

2074 1346 2184 1417 ἔχει
2217 1346 2352 1417 πρὸς
2380 1346 2408 1399 ὃ
2432 1364 2484 1399 τι
2528 1347 2787 1417 χρήσεται
2818 1345 2952 1415 (57‘)
2979 1348 3045 1416 τῇ
3070 1348 3264 1418 τροπῇ,
3294 1347 3387 1400 τοῦ
3415 1347 3505 1416 μὲν
3535 1364 3619 1399 κα-

2074 1436 2170 1490 κοῦ
2221 1436 2569 1499 ἀνεπίδεκτος
2619 1431 2752 1489 οὖσα
2795 1434 3024 1489 καθόλου
3087 1435 3234 1506 (58)·
3290 1437 3427 1507 πρὸς
3471 1436 3524 1490 δὲ
3568 1435 3622 1489 τὺ

2073 1529 2319 1598 κρεῖττον
2346 1524 2621 1596 τραπῆναι
2650 1524 2724 1596 μὴ
2750 1524 3050 1596 δυναμένη·
3077 1527 3177 1579 οὐκ
3222 1524 3339 1579 ἔστι
3364 1527 3469 1597 γὰρ
3501 1525 3619 1598 πρὸς

2073 1617 2101 1668 ὃ
2156 1633 2206 1669 τι
2235 1614 2444 1679 δέξεται
2484 1615 2618 1685 (58·)
2662 1613 2759 1685 τὴν
2805 1614 3124 1667 ἀλλοίωσιν·
3151 1614 3212 1668 οὐ
3267 1615 3372 1687 γὰρ
3420 1616 3526 1686 ἔχει
3570 1616 3621 1669 τὸ

289 1702 293 1705 ⁷
398 1714 668 1782 reperitur
704 1714 873 1768 ullum
914 1714 1151 1779 bonum,
1184 1717 1251 1771 ad
1284 1717 1431 1786 quod
1471 1725 1743 1781 transeat,
1775 1717 1951 1772 meliu:

2080 1707 2270 1776 ἑαυτῆς
2299 1708 2563 1776 κρεῖττον,
2607 1706 2743 1774 πρὸς
2770 1704 2797 1757 ὃ
2832 1704 3217 1776 μεταϐήσεται.
3267 1706 3457 1777 Ἡμεῖς
3484 1709 3536 1761 δὲ
3578 1709 3621 1761 οι

2074 1796 2370 1867 ἅνθρωποι,
2405 1797 2462 1848 ὲν
2489 1797 2660 1865 τροπῇ
2691 1811 2749 1846 τε
2789 1795 2883 1847 καὶ
2915 1795 3194 1849 ἀλλοιώσει
3228 1798 3488 1869 κείμενοι,
3516 1799 3620 1851 κατ’

2073 1886 2357 1956 ἀμφότερα
2380 1884 2466 1937 διὰ
2492 1884 2592 1954 τῆς
2619 1883 2974 1954 ἀλλοιιιντικῆς
3002 1887 3302 1957 ἐνεργείας,
3335 1888 3369 1959 ἢ
3406 1890 3620 1959 χείρους,

2073 1976 2104 2045 ἢ
2151 1975 2391 2045 βελτίους
2430 1973 2721 2044 γινόμεθα·
2772 1975 2987 2044 χείρους
3041 1976 3163 2045 μὲν,
3215 1978 3342 2031 ὅταν
3397 1980 3505 2048 (59)
3536 1978 3622 2048 τῆς

2076 2067 2364 2138 μετουσίας
2395 2067 2500 2120 τῶν
2544 2065 2762 2134 ἀγαθῶν
2809 2067 3200 2138 ἀπορῥέωμεν·
3235 2071 3495 2141 ἀμείνους
3524 2070 3621 2139 (60)

2070 2158 2126 2211 δὲ
2160 2159 2340 2225 πάλιν,
2375 2160 2501 2213 ὅταν
2545 2158 2657 2229 (61)
2688 2156 2828 2228 πρὸς
2870 2159 2932 2210 τὸ
2971 2163 3218 2230 κρεῖττον
3268 2162 3623 2233 ἀλλοιούμενοι

2069 2249 2342 2321 τύχωμεν.
2400 2250 2551 2302 Ἐπεὶ
2582 2245 2675 2302 οὖν
2719 2247 2795 2318 τῷ
2826 2248 2979 2318 κακῷ
3017 2250 3105 2303 διὰ
3146 2252 3246 2320 τῆς
3269 2254 3481 2323 τροπῆς
3512 2270 3623 2304 συν·

2071 2340 2395 2411 ηνέχθημεν,
2442 2340 2600 2411 χρεία
2628 2338 2728 2409 τῆς
2760 2338 2972 2408 ἀγαθῆς
3018 2342 3151 2410 ἡμῖν
3177 2342 3529 2406 ἀλλοιώσεως,
3557 2340 3625 2403 ὡς

2070 2433 2135 2485 ἂν
2157 2431 2245 2484 διὰ
2274 2433 2473 2503 ταύτης
2498 2430 2704 2499 γένοιτο
2735 2431 2862 2500 ἡμῖν
2887 2430 2919 2499 ἡ
2954 2431 3089 2500 πρὸς
3113 2431 3172 2483 τὸ
3196 2435 3444 2502 κρεῖττον
3482 2448 3628 2503 μετα·

2068 2520 2219 2591 ὅολή·
2253 2523 2342 2575 καὶ
2368 2521 2523 2574 τοῦτο
2552 2521 2707 2592 δῆλόν
2736 2522 2882 2574 ἐστιν
2909 2521 2977 2575 ὲκ
3008 2521 3110 2591 τῆς
3140 2525 3505 2594 συμφράσεως
3530 2521 3625 2575 τῶν

2043 2625 2049 2640 ·
2073 2626 2090 2658 ι
2103 2608 2212 2672 τοῖς
2228 2606 2744 2678 ἀλλοιωθησομένοις
2763 2628 2780 2659 ι
2798 2615 3324 2682 συγγεγραμμένων·
3338 2612 3401 2663 οὐ
3416 2615 3520 2680 γὰρ
3543 2610 3629 2678 μό·

2021 2707 2025 2711 ’
2066 2712 2155 2749 νον
2198 2697 2259 2748 τὸ
2304 2715 2321 2749 ι
2365 2697 2474 2749 δεῖν
2518 2697 2875 2768 ἀλλοιωθῆναι
2924 2695 3281 2767 συμϐουλεύει
3321 2716 3340 2749 ι
3395 2702 3425 2752 ό
3462 2698 3625 2767 λόγος,

2065 2784 2200 2838 ἀλλά
2229 2786 2323 2838 καὶ
2350 2786 2549 2857 τρόπον
2582 2786 2705 2840 τινὰ
2738 2787 3067 2853 ὑποτίθεται,
3097 2788 3244 2851 ὅπως
3273 2788 3343 2842 ἂν
3376 2789 3439 2842 τὸ
3466 2787 3627 2842 τοιοῦ-

2063 2893 2155 2929 τον
2181 2875 2567 2947 κατορθωθείη,
2608 2879 2675 2931 δι’
2721 2877 3133 2948 ὑποδειγμάτων
3177 2879 3339 2932 τινῶν
3367 2880 3469 2951 τὴν
3504 2880 3629 2952 πρὸς

2065 2967 2123 3020 τὸ
2154 2970 2393 3038 κρεῖττον
2428 2969 2726 3038 μεταόολὴν
2750 2971 3134 3040 προδεικνύων.

2141 3127 2290 3196 Ἔχει
2326 3126 2382 3179 δὲ
2422 3128 2453 3196 ἡ
2495 3126 2636 3192 λέξις
2670 3126 2771 3196 τῆς
2819 3126 3133 3199 ἐπιγραφῆς
3161 3124 3367 3187 οὕτως·
3410 3142 3429 3174 ι
3465 3123 3556 3185 Εἰς
3574 3118 3630 3173 τὸ

2065 3217 2215 3280 τέλος
2249 3217 2388 3288 ὑπὲρ
2421 3217 2529 3270 τῶν
2567 3216 3075 3285 ἀλλοιωθησομένων
3115 3217 3194 3279 είς
3237 3213 3631 3285 στηλογραφίαν

2065 3308 2143 3380 τῷ
2164 3308 2324 3362 Δαυῗδ
2353 3310 2431 3372 εἰς
2458 3307 2694 3378 διδαχὴν,
2728 3310 2887 3362 ὁπότε
2916 3309 3201 3379 ἐνεπύρισε
3244 3305 3343 3376 τὴν
3383 3308 3631 3360 Μεσοπο-

2064 3400 2266 3472 ταμίαν
2296 3400 2512 3471 Συρίας,
2556 3400 2649 3453 καὶ
2677 3400 2775 3472 τὴν
2805 3400 3000 3469 Συρίαν
3034 3398 3225 3462 Σοῦἀλ,
3253 3399 3350 3452 καὶ
3382 3398 3632 3466 ἐπέστρε-

392 3495 444 3540 et
470 3488 739 3555 percussit
758 3488 949 3542 vallem
982 3489 1289 3545 Salinarum
1319 3492 1601 3547 duodecim
1632 3494 1819 3548 millia.
1846 3515 1864 3547 )
1888 3495 1951 3550 Ε]

2080 3493 2164 3563 ἷκεν
2224 3493 2398 3558 Ἰωάὅ,
2440 3491 2533 3545 καὶ
2587 3490 2822 3554 ἐπάταξε
2871 3489 2968 3562 τὴν
3024 3490 3283 3562 φάραγγα
3335 3488 3445 3542 τῶν
3499 3485 3631 3541 ἀλῶν

391 3576 551 3632 dictis
581 3579 724 3631 enim
759 3578 1106 3634 manifestum
1144 3591 1228 3636 est
1260 3583 1505 3637 t-ratione
1535 3582 1635 3638 hac
1663 3584 1951 3640 doctrinan

2080 3583 2274 3636 ithsxa.
2306 3581 2565 3652 χιλιάδας.
2615 3598 2634 3631 ι
2695 3580 2859 3650 Δῆλον
2886 3579 2994 3651 γὰρ
3021 3578 3086 3633 ἂν
3121 3579 3205 3649 εἴη
3240 3578 3333 3632 διά
3356 3577 3469 3631 τῶν
3496 3579 3635 3647 εἰρη-

393 3677 446 3722 ct
490 3668 779 3722 consilium
821 3670 1091 3739 quoddam
1124 3672 1530 3740 comprehendi,
1563 3689 1686 3727 cum
1720 3674 1922 3729 dicitur

2080 3676 2265 3745 μένων,
2296 3675 2375 3727 ὅτι
2396 3669 2739 3725 διδασκαλίαν
2771 3669 2892 3723 τινὰ
2928 3671 3023 3724 καὶ
3053 3669 3361 3740 συμϐουλὴν
3396 3668 3635 3740 περιέχει

399 3777 417 3811 ι
452 3758 507 3812 In
552 3760 694 3813 tituli
733 3759 1106 3830 inscriptione,
1138 3763 1324 3816 [lavidi
1365 3763 1417 3816 in
1452 3762 1774 3819 doetrinam.
1802 3785 1820 3817 ι
1853 3765 1951 3819 Nor

2080 3768 2097 3819 5
2147 3766 2300 3834 λόγος
2346 3762 2531 3829 εἰπὼν,
2586 3765 2668 3817 ὃτι
2720 3761 2830 3831 (62)
2886 3780 2904 3813 ι
2958 3762 3054 3824 Εἰς
3105 3760 3512 3831 στηλογραφίαν
3563 3756 3636 3827 τῷ

394 3851 535 3903 enim
576 3851 837 3905 doctrinae
867 3852 1184 3906 vocabulum
1224 3852 1497 3922 adjectum
1525 3855 1737 3920 luisset,
1765 3859 1810 3911 si
1848 3857 1951 3911 lini:

2080 3856 2229 3910 Δαυῖδ
2257 3856 2334 3919 εἰς
2357 3853 2597 3923 διδαχήν.
2638 3872 2655 3904 ι
2688 3853 2761 3906 Οὐ
2794 3850 2902 3922 γὰρ
2927 3852 2991 3904 ἂν
3018 3852 3051 3921 ἡ
3084 3849 3268 3920 διδαχὴ
3299 3850 3633 3920 προσέκειτο.

393 3943 560 3996 totius
601 3943 763 4010 hujus
792 3942 1054 3998 orationis
1088 3959 1196 3997 non
1235 3955 1377 4000 esset
1415 3946 1785 4001 docere.lllud
1821 3963 1951 4013 vero

2080 3947 2147 4017 μὴ
2179 3946 2313 4018 πρὸς
2350 3944 2691 3998 διδασκαλίαν
2721 3942 2812 3997 τοῦ
2846 3942 3001 4011 λόγου
3034 3942 3341 4013 βλέποντος·
3372 3945 3408 4014 ἡ
3438 3943 3497 3995 δὲ
3531 3939 3631 4005 (65)

400 4052 418 4085 ι
449 4033 503 4088 in
548 4034 691 4088 tituli
737 4033 1110 4104 inscriptione,
1143 4056 1161 4087 ι
1200 4036 1402 4090 indicat
1455 4052 1763 4092 sermonem
1823 4038 1951 4091 hum

2080 4055 2095 4086 ι
2132 4037 2224 4098 Εἰς
2270 4031 2672 4103 στηλογραφίαν
2707 4051 2727 4085 ι
2757 4032 2817 4086 τὸ
2853 4032 2945 4086 τοῦ
2977 4032 3089 4104 (64)
3125 4034 3232 4085 δεῖν
3259 4031 3636 4096 ἀνεξάλειπτόν

392 4124 667 4179 meruerim
691 4124 1051 4181 indelebiliter
1078 4127 1403 4196 impressum
1426 4135 1478 4182 et
1500 4128 1831 4196 insculptum
1865 4130 1951 4182 cir'

2080 4142 2129 4176 τε
2181 4123 2274 4176 καὶ
2325 4123 2761 4191 ἐντετυπωμένον
2815 4122 2957 4192 ἔχειν
2996 4126 3061 4194 τῇ
3118 4125 3305 4195 μνήμῃ
3344 4122 3438 4176 τδν
3488 4122 3637 4188 λόγον

326 4202 333 4205 ’
391 4214 805 4270 cumlerendum
833 4231 974 4282 esse,
996 4226 1056 4271 ut
1085 4220 1359 4273 memorim
1383 4219 1792 4272 animmnostrze
1814 4232 1947 4288 quas

2080 4212 2420 4275 ἐνδείκνυται,
2455 4210 2529 4274 ὡς
2568 4207 2704 4263 εἶναι
2737 4211 2936 4281 στήλην
2974 4212 3073 4281 μὲν
3098 4212 3156 4264 τὸ
3189 4212 3526 4283 μνημονικὸν
3547 4211 3637 4279 τῆς

391 4305 643 4359 columna
667 4305 759 4371 sit;
783 4314 925 4363 notae
954 4307 1078 4362 huic
1098 4308 1676 4379 inscriptae,bonorum
1699 4308 1951 4377 exempla

2080 4303 2270 4373 ψυχῆς,
2313 4303 2382 4355 τὰ
2407 4302 2462 4355 δὲ
2510 4303 2600 4355 ἐπὶ
2643 4303 2739 4373 τῆς
2939 4303 3138 4373 στήλης
3190 4300 3639 4375 χαράγματα,τὰ

393 4391 517 4446 llaec
546 4401 725 4447 autem
758 4395 1067 4464 suppeditat
1101 4397 1256 4452 nobis
1294 4396 1552 4450 fortitudo
1585 4407 1638 4451 et
1668 4399 1951 4452 Strenuitas

2080 4393 2176 4446 τῶν
2242 4393 2461 4462 ἀγαθῶν
2521 4393 2911 4462 ὑποδείγματα.
2970 4394 3153 4446 Ταῦτα
3217 4394 3273 4448 δὲ
3329 4391 3403 4465 ἦν
3459 4397 3492 4465 ἠ
3550 4389 3637 4445 τοῦ

332 4506 335 4509 η
394 4481 737 4550 imperatoris
757 4485 952 4538 summi
985 4487 1254 4541 exercitus
1283 4485 1519 4548 Davidis,
1543 4486 1740 4556 quibus
1766 4488 1951 4557 duplex

2080 4484 2503 4555 ἀρχιστρατήγου
2560 4483 2661 4552 τῆς
2712 4481 2991 4552 δυνάμεως
3030 4481 3122 4535 τοῦ
3171 4483 3334 4535 Δαυῖδ
3368 4483 3636 4554 ἀριστεία,

392 4568 641 4624 hostibus
659 4568 889 4625 infertur
910 4573 1119 4640 clades;
1151 4574 1234 4628 his
1255 4572 1470 4644 quidem
1491 4575 1613 4645 igne
1636 4576 1951 4646 absumptis,

2080 4573 2132 4625 it‘
2159 4565 2233 4625 ὧν
2263 4571 2480 4623 διπλοῦν
2516 4570 2725 4637 γίνεται
2753 4568 2893 4622 κατά
2917 4568 3023 4623 τῶν
3058 4569 3331 4638 πολεμίων
3362 4569 3427 4622 τὸ
3452 4568 3638 4629 πάθος.

393 4659 501 4713 illis
520 4660 698 4731 gladio
717 4661 966 4717 sublatis.
997 4663 1151 4734 Syria
1171 4679 1291 4734 qua:
1317 4664 1457 4719 inter
1484 4665 1623 4721 duos
1649 4666 1838 4723 ﬂuvios
1858 4670 1951 4723 sita

2080 4669 2175 4723 τῶν
2251 4669 2349 4739 μὲν
2414 4668 2542 4738 πυρὶ
2595 4666 3009 4737 δαπανηθέντων
3059 4664 3206 4735 (66),
3269 4664 3380 4716 τῶν
3444 4663 3504 4716 δὲ
3560 4659 3642 4713 διὰ

392 4760 496 4815 est,
534 4752 658 4822 igne
687 4754 1048 4821 consumitur,
1074 4761 1127 4810 et
1154 4756 1279 4810 huic
1307 4755 1533 4811 ﬁnitima
1570 4758 1829 4828 Syrorum
1863 4774 1951 4812 na-

2080 4758 2283 4828 πληγῆς
2350 4759 2408 4809 ὲν
2485 4758 2774 4828 ἀφανισμῷ
2842 4755 3166 4826 γενομένων.
3244 4754 3312 4806 Ἥ
3371 4754 3476 4824 μὲν
3540 4751 3644 4821 γὰρ

394 4845 490 4910 ιίο,
526 4845 777 4901 similiter
823 4853 878 4902 et
916 4847 1072 4903 vallis
1127 4847 1437 4903 Salinarum
1471 4856 1738 4917 vastatur,
1776 4851 1951 4906 multis

2080 4851 2210 4918 μέση
2242 4848 2351 4900 τῶν
2391 4848 2651 4918 ποταμῶν
2698 4848 2864 4918 Συρία
2907 4847 2996 4900 διὰ
3023 4844 3118 4899 τοῦ
3150 4844 3321 4915 πυρὸς
3348 4844 3642 4898 ἀναλίσκε-

394 4934 633 4991 millibus
657 4936 958 4991 trucidatis.
982 4935 1180 4992 Verum
1214 4948 1468 4995 accurate
1498 4940 1810 4994 historicum
1841 4955 1966 4994 nar-

396 5028 659 5083 rationem
690 5020 942 5099 persequi
972 5029 1107 5087 velle
1127 5070 1140 5096 ,
1170 5031 1391 5104 longum
1415 5030 1648 5089 fortasse
1684 5039 1737 5088 et
1775 5047 1967 5102 super-

468 5270 604 5344 (ξὲτ)
634 5273 936 5344 Χρήσητσιι»
963 5275 1050 5327 θά-

466 5339 577 5407 (58)
606 5339 822 5405 Αιόλον,
836 5343 922 5397 ed.

492 5410 605 5479 ὅδ’)
634 5409 882 5479 Δέξηται,
907 5415 995 5467 ed.

492 5478 585 5542 59)
615 5478 884 5539 Ὂτεζβϐ.

465 5546 580 5615 (60)
610 5547 877 5611 Βελτίους,
910 5549 997 5604 ed.

468 5616 578 5686 (61)
612 5616 761 5680 ”υτε,
798 5619 884 5671 ctl.

2069 4958 2159 4994 ται
2191 4941 2285 4994 καὶ
2312 4940 2372 4992 τὸ
2402 4941 2718 5010 πρόσχωρον
2749 4942 2930 5003 αὐτοῖς
2953 4940 3064 5007 (O7)
3104 4939 3266 5009 μέρος
3295 4938 3405 4990 τῶν
3433 4935 3645 5007 Σύρων,

2070 5033 2328 5094 ὡσαύτως
2359 5031 2415 5083 δὲ
2448 5033 2542 5084 καὶ
2572 5035 2603 5102 ἡ
2635 5032 2851 5102 φάραγξ
2890 5032 2997 5084 τῶν
3039 5030 3179 5084 ἀλῶν
3212 5033 3268 5083 ὲν
3296 5028 3528 5090 πολλαῖς
3559 5043 3643 5097 χι·

2138 5270 2251 5338 (62)
2277 5270 2398 5323 ’Ὁτι
2429 5284 2535 5323 om.
2565 5270 2657 5323 ed.

2138 5344 2251 5409 (os)
2292 5340 2477 5410 'Hm
2496 5340 2617 5409 ἤδη.
2646 5343 2733 5410 ed-

2138 5411 2249 5479 (δι)
2280 5408 2409 5481 Τοῦ]
2435 5408 2491 5462 δὲ
2520 5408 2598 5471 τό,
2619 5409 2727 5481 et.

2139 5481 2248 5547 (65)
2286 5479 2406 5547 Τῆς
2431 5495 2539 5531 oni.
2568 5479 2653 5531 ed.

2142 5546 2252 5614 μςο)
2283 5546 2716 5617 Παραδοθέντων,
2748 5546 2833 5600 cd.

2143 5619 2252 5687 (67)
2276 5619 2452 5687 Αὐτῆς
2480 5617 2642 5688 aliqui
2675 5618 2830 5671 codd.
