3800 5980
157 322 257 381 κοί

1536 328 1607 387 ΙΝ
1633 325 1968 389 ρελιιιοε.

3312 333 3417 405 592

158 437 302 493 λιάσι
335 437 763 510 καταφονεύεται
786 456 800 472 ·
825 439 961 496 ἀλλά
995 440 1057 495 τὸ
1099 441 1200 513 μὲν
1228 441 1295 495 δι’
1330 440 1614 517 ἀκριϐείας
1638 441 1731 513 τὴν

1841 439 2008 496 ﬂuum
2038 437 2234 505 fuerit;
2271 452 2393 511 quae
2423 437 2568 494 enim
2591 436 2799 497 utilitas
2825 438 2952 498 inde
2979 440 3049 498 ad
3082 457 3183 500 nos
3206 444 3414 513 redeat,

160 532 442 604 ἱστορικὴν
486 531 806 586 ἀκολουθίαν
849 532 1129 599 ἐκθέσθαι,
1175 534 1385 607 μακρὸν
1411 534 1477 591 ἂν
1505 535 1613 608 εἴη,
1647 533 1740 588 καὶ

162 622 418 691 περιττὸν
470 622 623 692 ἆμα.’
648 624 713 677 Τί
759 624 868 696 γὰρ
917 625 984 680 ἂν
1030 624 1240 694 γένοιτο
1288 625 1449 680 πλέον
1494 628 1625 697 ἡμῖν
1672 625 1739 679 δι’

162 713 457 768 ἀκολούθου
502 714 601 786 τὴν
659 714 874 770 ἔκθεσιν
916 715 1024 771 τῶν
1075 717 1373 786 γεγονότων
1439 717 1737 788 μαθοῦσιν;

161 805 295 860 ἀλλά
319 806 460 876 πρὸς
481 806 532 859 τί
558 805 711 876 φέρει
729 806 829 877 τῆς
858 808 1137 879 ἱστορικῆς
1161 809 1382 879 μνήμης
1406 809 1466 862 τὸ
1488 806 1738 880 αἴνιγμα,

162 897 409 967 κρεῖττον
440 894 594 965 οἶμαι
630 897 698 967 διζ
724 897 918 966 ὀλίγων
946 897 1225 969 προθεῖναι
1262 898 1341 969 τῷ
1381 897 1543 970 λόγῳ,
1572 899 1648 962 ὡς
1676 898 1742 953 ἂν

159 985 372 1055 γένοιτο
407 988 538 1058 ἡμῖν
573 989 606 1059 ή
636 986 858 1058 τοιαύτη
892 1008 911 1041 ι
948 989 1322 1060 στηλογραφία
1354 1008 1372 1041 ι
1404 990 1483 1052 είς
1519 988 1742 1059 διδαχὴν

158 1077 252 1132 τοῦ
282 1078 557 1149 ἡμετέρου
610 1078 748 1149 βίου.
805 1079 871 1133 Τί
919 1075 1014 1134 οὖν
1052 1081 1200 1149 ἐστιν
1227 1081 1256 1134 ὅ
1290 1096 1473 1151 φημι;
1519 1080 1638 1134 ὅλον
1680 1079 1743 1134 τὸ

159 1168 312 1234 ἔθνος
357 1169 560 1240 Συρίαν
618 1169 890 1240 ὠνόμασε,
948 1171 1161 1244 μερίζει
1205 1172 1263 1226 δὲ
1303 1170 1465 1225 τοῦτο
1518 1173 1599 1235 είς
1649 1170 1744 1224 δύο

158 1261 443 1330 τμήματα,
468 1259 697 1316 ἕκαστον
726 1260 907 1317 αὐτῶν
940 1263 1091 1327 ἰδίοις
1118 1262 1462 1335 γνωρίσμασι
1494 1262 1744 1334 σημειού-

164 1368 327 1422 μενος
358 1351 473 1424 (68)
494 1370 510 1384 ο
554 1354 587 1425 ή
621 1352 722 1424 μὲν
752 1352 862 1425 γὰρ
889 1353 1088 1418 αὐτῶν,
1118 1353 1515 1425 Μεσοποταμία
1544 1353 1743 1425 Συρίας

158 1442 379 1511 λέγεται
402 1460 414 1472 ·
433 1445 468 1514 ἡ
487 1443 544 1496 δὲ
573 1442 683 1515 (69)
710 1443 893 1515 ἑτέρα,
918 1442 1013 1497 τοῦ
1045 1442 1217 1497 Σοϐἀλ
1246 1442 1413 1513 Συρία
1437 1442 1741 1512 κατονομά-

159 1532 312 1595 ζεται
333 1550 348 1564 ο
383 1534 846 1606 καταπίμπραται
891 1535 1003 1604 (70)
1026 1534 1083 1586 δὲ
1130 1534 1224 1587 καὶ
1251 1533 1411 1603 αὕτη,
1456 1535 1549 1588 καὶ
1580 1534 1740 1604 αὕτη.

159 1625 268 1678 Καὶ
297 1625 440 1697 μετά
465 1625 622 1679 τοῦτο
650 1628 709 1694 ἐξ
742 1626 1083 1697 ἐπιστροφῆς
1120 1624 1217 1679 τοῦ
1242 1626 1683 1698 ἀρχιστρατήγου
1707 1627 1742 1698 ἡ

159 1716 383 1789 φάραγξ
411 1717 519 1772 τῶν
546 1718 709 1785 ἁλῶν,
756 1720 814 1772 ὲν
840 1718 1161 1773 δυοκαίδεκα
1194 1718 1396 1790 χιλιάσι
1422 1719 1501 1791 τῷ
1529 1720 1745 1791 θανάτῳ

159 1807 619 1871 καταδικάζεταιο
649 1808 847 1864 οὐκοῦν
889 1812 1193 1882 νοήσωμεν,
1239 1809 1323 1863 ὅτι
1360 1810 1581 1863 διπλοῦν
1625 1812 1741 1864 ἐστι
1773 1785 1816 1839 Β

141 1893 255 1972 ’τῆς
302 1901 508 1972 Συρίας
552 1900 613 1954 τὸ
669 1896 828 1965 εἶδος.
874 1903 938 1955 Οἱ
971 1901 1070 1973 μὲν
1110 1900 1220 1972 γὰρ
1261 1900 1440 1955 αὐτῶν
1485 1902 1590 1956 εισι
1630 1903 1742 1966 τοῖς

161 1999 591 2068 μεσοποταμίοις
627 1997 739 2067 (71)
790 1997 1056 2069 ῥεύμασιν
1099 1998 1158 2052 ὲν
1203 1997 1387 2067 κύκλῳ
1424 1996 1743 2067 διειλημμέ-

153 2104 268 2145 νοι·
322 2091 481 2143 αὐτοὶ
531 2090 577 2143 δ’
620 2089 686 2143 ἂν
731 2086 841 2144 εἷεν
864 2091 914 2143 οἱ
946 2092 1060 2154 τοῖς
1093 2090 1382 2161 παθήμασι
1406 2089 1744 2161 πανταχόθεν

152 2181 599 2254 περιρῤεόμενοι.
634 2182 698 2235 Oi
731 2181 788 2234 δὲ
829 2181 1146 2236 ἀνάκεινται
1174 2180 1253 2252 τῷ
1294 2181 1488 2246 Σοὸἀλ,
1520 2181 1608 2234 διά
1645 2180 1740 2235 τοῦ

152 2274 420 2342 ὀνόματος
475 2272 666 2327 τούτου
731 2273 832 2345 τὴν
879 2274 982 2345 τῆς
1023 2274 1406 2345 ἀντικειμένης
1461 2272 1741 2344 δυνάμεως

152 2364 450 2434 τυραννίδα
500 2364 596 2418 τοῦ
659 2362 819 2434 λόγου
891 2364 1280 2436 σημαίνοντος·
1351 2365 1546 2419 οὐκοῦν
1601 2364 1740 2435 αὕτη

151 2454 369 2521 γένοιτο
402 2454 471 2509 ἂν
513 2457 646 2527 ήμῖν
676 2459 778 2527 τῆς
804 2456 940 2527 πρὸς
971 2456 1029 2510 τὸ
1067 2458 1315 2528 κρεῖττον
1343 2455 1676 2520 ἀλλοιώσεως
1705 2457 1739 2524 ή

151 2548 291 2612 ὁδὸς.
338 2549 389 2601 εί
413 2547 494 2617 τῷ
519 2548 804 2619 καθαρσίῳ
831 2548 961 2620 πυρὶ
994 2549 1055 2601 τὸ
1081 2548 1301 2601 διπλοῦν
1325 2546 1484 2601 τοῦτο
1513 2550 1611 2618 τῆς
1642 2564 1742 2600 κα-

151 2640 280 2702 κίας
309 2638 466 2701 ἔθνος
506 2638 829 2708 ἀφανισθείη
868 2650 885 2666 ⁸
949 2639 1026 2703 ὡς
1062 2638 1173 2710 γὰρ
1217 2641 1251 2711 ή
1287 2639 1458 2709 ἀρετὴ
1507 2638 1606 2709 βίῳ
1646 2638 1739 2691 καὶ

151 2728 368 2799 διανοίᾳ
392 2726 883 2800 χαρακτηρίζεται,
911 2728 1054 2782 οὕτω
1086 2732 1182 2784 καὶ
1207 2733 1240 2801 ή
1291 2729 1458 2783 κακία
1500 2733 1612 2794 τοῖς
1648 2729 1742 2783 δύο

151 2819 368 2883 τούτοις
390 2818 765 2889 ὲνθεωρεῖται’
782 2819 875 2873 καὶ
903 2822 936 2892 ή
970 2820 1068 2891 μὲν
1094 2822 1237 2875 κατὰ
1264 2821 1361 2875 τὸν
1378 2822 1491 2893 βίον
1519 2821 1738 2887 ἀταξία,

151 2912 187 2982 ἢ
233 2910 304 2964 τά
348 2910 460 2963 τῶν
503 2909 692 2963 παθῶν
748 2910 997 2982 ῥεύματα
1043 2912 1227 2983 κύκλῳ
1265 2912 1363 2983 τὴν
1411 2912 1587 2984 ψυχὴν
1626 2913 1741 2966 δια-

151 3000 451 3071 λαμϐάνει,
498 3004 532 3074 ή
575 3002 684 3056 τῶν
719 3002 981 3072 ποταμῶν
1012 3001 1229 3071 λέγεται
1275 3003 1435 3073 μέση,
1480 3005 1515 3074 ή
1555 3002 1612 3056 δὲ
1651 3003 1739 3058 διὰ

1841 533 1888 589 si
1917 540 2087 586 totam
2136 546 2316 587 rerum
2346 538 2623 602 gestarqu
2670 531 2866 588 seriem
2908 532 3225 603 discamus?
3266 536 3414 602 Qua-

1840 631 2062 697 propter
2083 623 2271 679 utilius
2292 638 2416 680 esse
2435 624 2697 687 arbitror,
2723 624 2964 681 breviter
2992 627 3265 696 explicare
3285 629 3418 698 quid

1840 716 1999 771 nobis
2021 715 2297 771 historica:
2324 715 2656 771 narrationis
2684 716 2967 773 involucro
2996 718 3326 783 insinuetur,
3359 728 3419 773 ut

1841 805 1959 860 haec
1991 822 2010 856 ι
2053 805 2195 861 tituli
2244 805 2533 875 inscriptio
2565 824 2585 857 ι
2639 806 2800 861 cedat
2853 807 2909 861 in
2937 808 3062 862 vitae
3104 817 3306 864 nostrae
3342 809 3420 863 in-

1842 898 2219 954 structionem.
2252 895 2394 962 Quid
2444 897 2611 968 igitur
2663 898 2847 954 dicere
2889 901 3184 969 proposui?
3221 900 3414 956 Totam

1843 987 2125 1043 hominum
2175 988 2450 1061 nationem
2496 987 2708 1058 Syriam
2766 989 3078 1059 appellavit,
3123 990 3417 1062 divisitque

1843 1077 1900 1132 in
1949 1078 2087 1133 duas
2132 1084 2337 1147 partes,
2371 1078 2672 1147 quamlibet
2701 1078 2938 1149 propriis
2967 1079 3112 1135 notis
3138 1080 3415 1135 discrimi-

1842 1184 1985 1225 nans
2021 1187 2034 1224 :
2072 1169 2247 1223 altera
2278 1169 2422 1224 enim
2456 1168 2845 1240 Mesopotamia
2881 1169 3053 1242 Syria:
3090 1172 3414 1241 appellatur,

1844 1259 2015 1314 altera
2072 1258 2232 1330 Syria
2277 1257 2468 1329 Sohae;
2509 1260 2866 1316 succenditur
2912 1269 2967 1316 et
3012 1261 3128 1317 hare
3169 1270 3223 1316 et
3267 1262 3359 1317 illa
3397 1281 3413 1319 :

1844 1357 2036 1422 postea
2061 1353 2377 1405 reversione
2406 1351 2607 1407 summi
2638 1351 2987 1423 imperatoris
3014 1344 3418 1411 vallis‘Salina-

1843 1457 1965 1498 rum
2012 1449 2190 1497 morte
2239 1443 2572 1505 mulctatur,
2618 1440 2909 1497 duodecim
2964 1442 3211 1499 millibus
3243 1445 3418 1502 inter-

1842 1533 2062 1603 emptis.
2119 1531 2499 1603 lntelligamus
2546 1546 2679 1602 ergo
2736 1532 3012 1603 duplicem
3065 1550 3190 1591 esse
3246 1536 3418 1608 Syriae

1846 1625 2083 1681 formam
2110 1644 2122 1681 :
2154 1625 2407 1680 nonnulli
2437 1625 2584 1681 enim
2615 1624 2904 1682 ﬂuviorum
2941 1627 3199 1684 cursibus
3240 1628 3294 1683 in
3329 1644 3420 1685 or-

1844 1718 1967 1773 bem
2007 1717 2338 1773 circumdati
2373 1724 2523 1783 sunt,
2559 1725 2616 1773 et
2666 1718 2723 1772 hi
2772 1734 2884 1773 non
2931 1727 3061 1775 sunt
3103 1720 3217 1785 alii,
3252 1737 3417 1792 quam

1843 1826 1982 1881 quos
2017 1811 2303 1880 passiones
2353 1809 2639 1880 animique
2690 1812 3134 1881 perturbationes
3177 1815 3417 1886 undique

1842 1900 2256 1968 circumﬂuunt;
2286 1901 2376 1955 alii
2409 1899 2647 1971 subjecti
2681 1911 2811 1959 sunt
2848 1901 3026 1965 Sobae,
3061 1919 3169 1974 quo
3198 1907 3417 1963 nomine

1824 1994 2188 2066 significatur
2231 1994 2558 2050 adversaria:
2600 1998 2885 2065 potestatis
2920 1990 3166 2069 tyrannis
3205 2007 3260 2055 et
3300 2000 3418 2055 viov

1844 2087 1989 2143 lenta
2011 2086 2334 2143 dominatio.
2367 2087 2509 2159 Ergo
2535 2089 2696 2145 nobis
2730 2088 2845 2144 haec
2876 2090 3049 2161 prima
3079 2092 3164 2147 via
3196 2092 3264 2147 ad
3294 2109 3416 2149 mu-

1843 2179 2106 2232 tationem
2137 2176 2193 2230 in
2229 2176 2428 2232 melius
2470 2175 2670 2241 fuerit,
2725 2177 2773 2233 si
2820 2177 2945 2249 igne
2982 2189 3316 2251 expurgante
3361 2189 3418 2237 et

1822 2269 2121 2323 .lustraute
2143 2267 2419 2335 duplicem
2453 2269 2598 2324 hanc
2626 2268 2849 2324 malitiae
2885 2270 3161 2327 nationem
3192 2272 3417 2329 abolea-

1842 2376 1966 2415 mus
2005 2379 2019 2416 :
2066 2359 2527 2430 quemadmodum
2573 2360 2721 2416 enim
2753 2361 2932 2419 virtus
2964 2362 3075 2418 vita
3120 2371 3175 2419 et
3208 2363 3418 2420 ratione

1844 2453 2111 2523 signatur,
2148 2450 2229 2505 sic
2264 2458 2319 2505 et
2351 2449 2560 2505 malitia
2599 2451 2656 2505 in
2707 2450 2796 2508 his
2826 2452 3043 2510 duabus
3084 2454 3267 2511 inesse
3293 2470 3418 2510 cer-

1842 2546 2023 2613 nitur;
2075 2555 2129 2601 et
2165 2546 2276 2600 vita
2321 2546 2543 2616 quidem
2579 2547 2748 2603 nullis
2777 2547 2993 2619 legibus
3022 2548 3263 2612 astricta,
3296 2563 3417 2618 qua

1841 2640 2160 2708 passionum
2194 2637 2422 2708 impetu,
2449 2645 2501 2694 et
2526 2636 2686 2707 quasi
2715 2638 2882 2693 ﬂuctu
2908 2640 3151 2711 undique
3172 2641 3413 2695 animum

1843 2728 2293 2799 comprehendit,
2344 2737 2399 2785 et
2436 2729 2841 2800 quodammodo
2874 2731 2929 2785 in
2963 2731 3201 2787 circuitu
3235 2732 3417 2788 inclu-

1843 2823 1942 2890 dit,
1978 2825 2137 2896 Syria
2194 2825 2374 2880 media
2428 2824 2573 2880 inter
2602 2822 2798 2880 ﬂuvios
2846 2818 3089 2889 dicitur;
3141 2824 3235 2879 illa
3283 2839 3416 2880 vero

1847 2915 2117 2984 perversis
2147 2921 2201 2969 et
2228 2914 2556 2985 perniciosis
2580 2913 2931 2987 dogmatibus
2957 2922 3013 2970 et
3041 2914 3415 2985 persuasioni-

1840 3005 1945 3062 bus
1976 3005 2211 3076 principi
2244 3005 2411 3076 hujus
2441 3004 2633 3060 mundi
2668 3004 2907 3072 addicta,
2937 3002 3095 3076 Syria
3120 3002 3278 3059 Sobae
3314 3017 3414 3074 ap-

150 3093 263 3145 τῶν
312 3093 567 3165 πονηρῶν
609 3093 897 3165 δογμάτων
930 3093 1261 3165 ἀνακειμένη
1290 3092 1367 3164 τῷ
1399 3093 1616 3165 ἄρχοντι
1641 3094 1731 3148 τοῦ

1842 3096 2075 3166 pellatur
2106 3112 2120 3147 :
2156 3096 2357 3166 quibus
2385 3093 2635 3149 doctrina
2667 3100 2722 3151 et
2745 3095 2957 3151 ratione
2989 3095 3057 3150 ad
3089 3094 3410 3149 illustratio.

156 3184 388 3254 κόσμου,
434 3184 608 3237 Σοὸἀλ
640 3185 838 3256 Συρίας
883 3183 1347 3256 κατονομάζεται·
1383 3178 1458 3238 ὧν
1500 3185 1577 3256 τῷ
1606 3201 1741 3239 καυ-

156 3275 331 3347 στικῷ
381 3275 493 3346 (72)
543 3292 605 3329 τε
655 3276 749 3330 καὶ
803 3274 1089 3347 καθαρσίῳ
1128 3275 1271 3346 λόγῳ
1302 3275 1737 3345 δαπανηθέντων,

153 3369 350 3421 ἕπεται
405 3367 467 3420 τὸ
506 3367 605 3438 τὴν
647 3365 838 3436 ἀγονόν
897 3382 957 3419 τε
1003 3367 1097 3420 καὶ
1150 3365 1408 3436 ἀλμῶσαν
1455 3365 1581 3434 γῆν,
1619 3366 1740 3436 ἥτις

154 3457 525 3531 στρατόπεδόν
570 3460 685 3510 ἐστι
735 3456 843 3510 τῶν
884 3458 1274 3527 ἀντικειμένων
1319 3456 1622 3528 δυνάμεων,
1672 3459 1738 3529 τῇ

150 3548 249 3602 τοῦ
299 3548 741 3620 ἀρχιστρατήγου
782 3546 966 3618 πληγῇ
1007 3546 1384 3618 παραχθῆναι·
1426 3548 1487 3601 οὐ
1528 3547 1638 3619 γὰρ
1672 3547 1739 3601 ἂν

151 3640 370 3708 γένοιτο
410 3642 544 3709 ήμίν
590 3640 623 3709 ή
657 3637 797 3691 κατά
827 3637 935 3690 τῶν
974 3636 1183 3708 ἐχθρῶν
1216 3637 1363 3709 νίκη,
1416 3637 1490 3708 μὴ
1519 3635 1613 3691 τοῦ
1648 3638 1745 3708 ἄρ-

152 3745 345 3798 χοντος
388 3728 496 3781 τῶν
550 3728 815 3798 στρατιῶν
863 3728 976 3798 (75)
1036 3728 1398 3800 ὑπερσχόντος
1462 3730 1528 3801 τῇ
1574 3728 1735 3799 χειρί.

154 3823 235 3892 Τῇ
273 3821 332 3873 δὲ
364 3820 471 3873 τῶν
522 3820 794 3890 πολεμίων
824 3819 1070 3891 ἀπωλείᾳ
1097 3821 1289 3891 είρήνη
1325 3819 1462 3874 κατὰ
1502 3820 1564 3874 τὸ
1607 3821 1738 3875 ἀκό-

151 3912 349 3966 λουθον
378 3913 568 3965 ἕπεται
589 3929 602 3943 ο
639 3914 733 3966 xal.
763 3912 909 3965 τοῦτ’
951 3910 1066 3965 ἐστι
1099 3913 1159 3965 τὸ
1198 3911 1489 3965 ἀκόλουθον
1521 3912 1621 3982 τῆς
1655 3912 1737 3966 νί-

154 4021 281 4074 κης,
310 4004 448 4075 πρὸς
481 4003 509 4056 6
539 4003 810 4073 βλέπουσα
840 4006 873 4073 ή
901 4004 1181 4075 ἐπιγραφὴ
1210 4003 1260 4073 (7
1272 4003 1344 4070 ί),
1374 4003 1736 4074 ὲνστηλιτεύει

150 4097 275 4158 ταῖς
327 4095 569 4165 μνήμαις
614 4093 769 4165 ἡμῶν
808 4094 905 4165 τὴν
959 4093 1093 4165 πρὸς
1136 4094 1196 4146 τὸ
1244 4093 1597 4165 ἀλλοιωθῆναι
1633 4095 1738 4163 ὑφ-

152 4189 378 4258 ήγησιν,
408 4187 497 4239 διὰ
522 4183 629 4238 τῶν
669 4184 956 4254 ἱστορικῶν
983 4184 1395 4255 ὑποδειγμάτων
1429 4184 1527 4257 τὴν
1558 4185 1736 4239 ἀπαλ-

150 4278 331 4349 λαγὴν
365 4275 474 4330 τῶν
506 4275 846 4346 παθημάτων
875 4274 1299 4329 ὑποδεικνύουσα
1340 4275 1477 4345 (75).
1520 4276 1736 4331 Μᾶλλον

150 4369 195 4423 δ’
230 4368 298 4424 ἂν
341 4369 473 4439 ἡμῖν
516 4368 750 4438 φανερὸν
781 4366 991 4434 γένοιτο
1023 4367 1085 4421 τὸ
1123 4366 1265 4420 κατά
1312 4367 1409 4436 τὴν
1453 4367 1735 4421 ἀλλοίωσιν

1842 3200 1965 3240 nem
2002 3195 2061 3241 et
2093 3186 2545 3257 espurgationem
2578 3194 2706 3256 apta
2739 3185 3108 3256 consumptis,
3154 3192 3328 3241 restat
3356 3196 3417 3241 ut

1843 3276 2048 3333 sterilis
2081 3284 2136 3334 et
2186 3277 2534 3349 salsuginosa
2581 3284 2728 3332 terra
2760 3292 2883 3348 quae
2918 3276 3059 3331 nihil
3104 3282 3192 3333 est
3242 3275 3413 3340 aliud.

1842 3381 2005 3437 quam
2052 3367 2493 3423 adversariorum
2537 3368 2838 3433 exercitus,
2873 3367 3077 3422 virtute
3126 3375 3184 3422 et
3235 3366 3416 3438 gladio

1843 3459 2042 3516 summi
2077 3459 2429 3529 imperatoris
2459 3457 2786 3514 conﬂciatur
2834 3474 2848 3511 :
2887 3472 2998 3514 non
3048 3456 3194 3511 enim
3238 3457 3414 3531 victo-

1842 3550 1982 3605 riam
2042 3550 2111 3605 ab
2172 3549 2428 3607 hostibus
2493 3549 2945 3619 reportabimus,
2993 3547 3104 3604 nisi
3159 3547 3415 3617 princeps

1841 3636 2117 3697 exercitus
2146 3656 2368 3695 manum
2414 3639 2714 3703 extendat;
2765 3638 3192 3695 internecionem
3233 3645 3414 3692 autem

1841 3731 2082 3788 hostium
2114 3730 2368 3803 sequitur
2393 3739 2551 3788 certo
2585 3730 2778 3786 ordine
2806 3745 2943 3800 pax;
2986 3734 3040 3785 et
3073 3729 3188 3785 haec
3218 3734 3304 3785 est
3329 3729 3413 3783 vi-

1841 3823 2033 3879 ctoriae
2059 3823 2253 3889 series,
2303 3823 2372 3878 ad
2421 3838 2584 3894 quam
2637 3820 2920 3892 Scriptura
2966 3820 3266 3891 respiciens
3311 3819 3415 3874 im-

1840 3913 2050 3983 primit,
2083 3913 2242 3983 quasi
2273 3912 2328 3968 in
2363 3913 2645 3979 columna,
2674 3912 2731 3967 in
2756 3912 3020 3967 memoria
3049 3920 3236 3968 nostra
3264 3926 3414 3967 com-

1839 4004 2296 4065 memorationem
2347 4003 2416 4060 de
2466 4003 2808 4069 mutatione,
2855 4003 2988 4059 dum
3039 4003 3300 4076 exemplis
3346 4017 3413 4059 ex

1839 4090 2070 4147 historia
2105 4091 2359 4146 adductis
2388 4091 2650 4155 ostendit,
2681 4090 2956 4160 quomodo
2986 4105 3016 4146 a
3046 4091 3415 4162 perturbatio-

1839 4183 2005 4239 nibus
2048 4183 2293 4255 expediri
2327 4194 2381 4240 et
2423 4184 2646 4241 liberari
2692 4186 2992 4255 possimus.
3047 4184 3218 4256 Magis
3247 4199 3413 4254 porro

1840 4275 2146 4330 innotescet
2174 4275 2336 4330 nobis
2363 4274 2655 4346 disciplina
2684 4277 2753 4331 de
2789 4277 3110 4337 mutatione,
3140 4276 3186 4332 si
3218 4276 3412 4331 audia-

1837 4380 1963 4421 mus
1992 4366 2130 4419 alios
2160 4366 2487 4436 interpretes
2509 4406 2524 4431 ,
2562 4380 2796 4435 quorum
2846 4366 2937 4423 ille
2982 4364 3224 4435 quidem,
3255 4384 3273 4417 ι
3304 4363 3413 4421 Ρι·ο

153 4458 409 4529 μάθημα,
444 4458 491 4510 εί
519 4459 630 4519 τοῖς
657 4455 863 4518 λοιποῖς
889 4455 998 4509 τῶν
1039 4455 1319 4527 ἑρμηνέων
1349 4454 1461 4525 (76)
1509 4455 1731 4509 ἀκολου-

1841 4452 2088 4518 ﬂoribus,
2117 4474 2136 4507 ι
2163 4455 2325 4520 alius,
2358 4472 2379 4507 ι
2406 4454 2512 4509 Pro
2546 4454 2675 4508 liliis
2700 4473 2719 4507 ι
2754 4455 2938 4523 vertit,
2973 4456 3097 4511 loco
3125 4455 3244 4526 ejus
3265 4455 3411 4526 quod

150 4548 447 4621 θήσαιμεν,
473 4539 548 4602 ὧν
572 4548 600 4598 6
630 4546 725 4616 μὲν
748 4564 766 4596 ι
790 4544 961 4615 Ὑπὲρ
983 4544 1089 4597 τῶν
1121 4542 1317 4611 ἀνθῶν,
1343 4562 1361 4595 ι
1384 4543 1412 4595 6
1434 4542 1490 4596 δὲ
1522 4561 1540 4595 ί
1562 4543 1731 4615 Ὑπὲρ

147 4641 260 4696 τῶν
297 4641 523 4713 κρίνων,
552 4657 572 4691 ι
600 4637 720 4691 ἀντὶ
748 4637 853 4707 τῆς
894 4635 1229 4699 ἀλλοιώσεως
1266 4635 1345 4705 τῷ
1387 4634 1529 4704 λόγῳ
1561 4651 1731 4706 προο-

149 4730 399 4805 έγραψαν
459 4729 593 4801 (77).
645 4729 716 4781 Τό
776 4745 836 4781 τε
894 4726 999 4798 γὰρ
1060 4725 1217 4790 ἄνθος
1263 4725 1591 4779 ἐνδείκνυται
1635 4725 1728 4778 τοῦ

147 4823 422 4895 χειμῶνος
449 4824 548 4894 τὴν
564 4822 645 4884 είς
665 4820 761 4888 ἔαρ
792 4819 1115 4891 μεταϐολήν.
1143 4820 1320 4889 Ὅπερ
1348 4817 1599 4888 σημαίνει
1630 4816 1729 4888 τὴν

148 4915 259 4968 ἀπὸ
303 4912 506 4976 κακίας
542 4913 623 4975 είς
657 4911 757 4965 τὸν
800 4912 920 4966 κατ’
968 4909 1170 4982 ἀρετὴν
1212 4909 1325 4980 βίον
1374 4910 1721 4980 μετάστασιν.

150 5006 225 5059 Ἦ
252 5022 315 5058 τε
348 5004 443 5059 τοῦ
489 5005 678 5077 κρίνου
711 5003 831 5074 ὄψις
870 5004 1005 5075 πρὸς
1030 5003 1058 5056 ὅ
1103 5019 1155 5055 τι
1201 5003 1307 5072 χρὴ
1349 5000 1600 5070 γενέσθαι
1630 5000 1728 5073 τὴν

148 5097 456 5163 ἀλλοίωσιν,
489 5096 850 5169 διερμηνεύει·
897 5096 925 5147 6
972 5096 1080 5163 γὰρ
1122 5094 1188 5146 δι’
1221 5092 1557 5156 ἀλλοιώσεως
1593 5093 1730 5165 λαμ-

151 5188 288 5258 πρὸς
318 5189 629 5259 γενόμενος,
664 5189 906 5260 δηλονότι
957 5188 1021 5240 ὲκ
1064 5186 1292 5256 μέλανός
1332 5203 1393 5239 τε
1445 5186 1539 5240 καὶ
1571 5189 1728 5240 ὲσκο·

151 5279 405 5347 τισμένου
437 5279 689 5352 λαμπρόν
730 5298 787 5333 τε
820 5281 913 5334 καὶ
928 5277 1182 5349 χιονῶδες
1206 5277 1344 5342 εἶδος
1375 5277 1728 5349 μεταλαμϐά-

219 5456 334 5525 (68)
368 5455 770 5526 Σημειούμενος
788 5468 897 5508 om.
925 5453 1015 5509 ed.

220 5526 335 5592 (69)
365 5526 432 5577 Δέ
465 5541 577 5578 om.
607 5525 696 5579 ed.

222 5596 337 5666 (70)
371 5595 901 5666 Κατεμπίμπραται,
931 5593 1019 5649 ed.

242 5664 337 5735 η)
371 5665 689 5735 Ποταμίοις,
711 5665 798 5735 et],

249 5733 339 5806 72)
366 5733 704 5805 Φωτιστικῴ,
736 5733 823 5789 cd.

1841 4553 1959 4610 est,
2002 4565 2020 4598 ι
2065 4545 2170 4601 Pro
2201 4545 2308 4611 his,
2344 4544 2438 4615 qui
2468 4544 2983 4600 commutabuntur:
3028 4565 3047 4597 ι
3105 4558 3234 4602 tunc
3265 4544 3410 4601 enim

1838 4635 1939 4693 ﬂos
1970 4636 2172 4707 prodit,
2205 4651 2327 4690 cum
2362 4636 2536 4692 hiems
2566 4637 2619 4723 in
2654 4651 2750 4692 ver
2777 4644 3041 4702 mutatur,
3073 4637 3218 4708 quod
3243 4638 3415 4709 signi-

1841 4726 1965 4782 licat
1999 4726 2385 4782 transitionem
2439 4742 2470 4780 a
2524 4726 2730 4781 malitia
2781 4725 2848 4781 ad
2897 4726 3063 4780 vitam
3111 4742 3179 4781 ex
3211 4726 3414 4783 virtute

1840 4828 2041 4875 actam.
2098 4820 2169 4875 At
2217 4821 2314 4875 lilii
2356 4830 2616 4892 aspectus
2648 4827 2856 4882 monet,
2888 4816 2955 4871 ad
2998 4815 3132 4886 quid
3164 4826 3415 4888 oporteat

1838 4913 2194 4968 mutationem
2226 4912 2340 4967 ﬁeri
2375 4932 2389 4969 :
2426 4928 2551 4968 eum
2578 4913 2745 4975 enim.
2780 4912 2872 4982 qui
2907 4910 3210 4966 mutatione
3230 4911 3410 4982 splen-

1839 5003 2002 5059 didus
2032 5002 2260 5058 effectus
2299 5009 2405 5066 est,
2437 5003 2607 5072 liquet
2636 5016 2705 5057 ex
2734 5010 2854 5056 atro
2883 5007 2937 5057 et
2969 4999 3313 5057 tenebricoso
3340 5002 3407 5057 ad

1838 5095 2050 5149 niveam
2085 5094 2315 5149 formam
2349 5101 2774 5148 transmutatum
2806 5107 2948 5150 esse.
2984 5090 3043 5148 Iu
3074 5093 3219 5147 omni
3244 5092 3408 5163 igitur

1835 5186 2196 5257 inscriptione
2241 5200 2363 5255 quae
2394 5184 2647 5263 habet,”
2681 5183 2791 5239 Pro
2840 5184 2926 5243 his
2971 5183 3067 5255 qui
3113 5192 3411 5240 commuta-

1836 5275 2061 5338 buntur,
2094 5292 2113 5326 ι
2165 5273 2266 5330 hoc
2294 5276 2453 5344 quasi
2485 5275 2873 5329 documentum
2902 5274 3280 5345 accipiendum
3314 5287 3408 5329 ar-

1930 5449 2018 5522 73)
2037 5448 2361 5522 Στρατειῶν,
2398 5450 2485 5506 ed.

1930 5521 2016 5591 74)
2045 5521 2258 5591 Γραφή,
2286 5521 2369 5591 ed,

1931 5589 2017 5651 75)
2057 5589 2525 5651 ’Ᾱποδεικνύουσα,
2556 5589 2640 5643 cd.

1901 5660 2014 5729 (76)
2050 5659 2449 5730 Ἑρμηνευτῶν,
2489 5660 2578 5730 ed.

1901 5727 2014 5803 (77)
2043 5727 2451 5801 Προσέγραφεν,
2484 5727 2574 5783 ed.
