3800 5980
434 321 543 374 5θῦ
609 365 612 369 .

1681 328 1738 383 S.
1781 323 2107 383 GREGORII
2139 325 2435 382 NYSSEM

3570 324 3671 381 504

430 433 602 492 bitror
650 453 864 509 semper
905 450 1179 512 oportere,
1199 457 1294 513 per
1345 457 1533 497 curam
1580 442 1701 498 vita:
1736 444 1869 499 eniti
1928 442 1995 497 ad

2115 459 2199 497 ρει.
2235 442 2394 497 Κατὰ
2430 445 2613 513 πᾶσαν
2643 445 2821 498 τοίνυν
2849 445 3180 518 ἐπιγραφὴν,
3312 443 3372 498 τὸ
3415 462 3436 496 ι
3498 444 3669 516 ’Υπὲρ

428 530 787 585 mutationem
802 531 872 609 .iu
898 534 1111 589 melius.

2097 532 2206 588 τῶν
2237 534 2750 605 άλλοιωθησομένων
2786 553 2806 588 ι
2845 537 3317 608 προσγέγραπται,
3348 533 3558 604 ταύτην
3593 532 3671 587 οῖ-

432 633 530 687 μαι
578 618 686 672 δεῖν
721 619 967 691 δέχεσθαι
1001 621 1099 693 τὴν
1130 621 1436 693 συμϐουλὴν
1467 623 1618 693 παρὰ
1639 622 1735 678 τοῦ
1756 623 1938 694 λόγου,
1976 621 2037 677 τὸ
2070 622 2182 684 (78)
2222 624 2333 680 δεῖν
2361 625 2448 680 ἀεὶ
2494 625 2583 680 διὰ
2612 628 2919 698 προσευχῆς
2947 627 3040 683 καὶ
3065 625 3381 697 ἐπιμελείας
3406 624 3506 679 τοῦ
3545 626 3669 695 βίου

429 706 732 777 κτήσασθαι
758 710 855 780 τὴν
889 710 982 765 ἐπὶ
1011 710 1072 764 τὸ
1105 714 1348 781 κρεῖττον
1369 712 1672 768 ἀλλοίωσιν.

1039 909 1266 966 CAPUT
1305 909 1371 967 V.

498 1085 792 1158 Inscriptio
825 1106 844 1140 ι
868 1086 976 1144 Pro
1002 1091 1256 1156 occultis,
1290 1109 1309 1143 ι
1344 1098 1551 1147 rectam
1581 1092 1740 1147 nobis
1762 1091 1994 1163 diligen-

426 1175 558 1231 tiam
606 1187 658 1232 et
708 1179 1110 1236 accurationem
1159 1183 1306 1237 circa
1356 1181 1525 1238 Deum
1553 1184 1992 1254 cognoscendum

426 1266 700 1336 proponit.
750 1267 887 1324 Cum
932 1270 1077 1324 enim
1132 1278 1410 1327 extremus
1452 1271 1649 1327 animas
1693 1286 1855 1328 casus
1899 1271 1991 1337 sit,

427 1354 565 1410 falsa
591 1365 645 1411 et
666 1358 928 1414 oberrans
949 1359 1019 1415 de
1047 1359 1157 1416 Deo
1186 1363 1658 1434 persuasio:(nam
1688 1363 1820 1432 quid
1852 1362 1996 1417 utili-

427 1447 556 1502 tatis
585 1463 651 1501 ex
683 1448 792 1503 ullo
823 1449 969 1505 bono
997 1452 1176 1522 capiat
1220 1453 1266 1509 is
1299 1453 1392 1523 qui
1418 1452 1592 1522 ipsum
1640 1452 1841 1508 bonum
1883 1467 1997 1507 non

426 1532 659 1604 habet?)
715 1536 918 1593 idcirco
947 1548 1204 1609 tanquam
1239 1541 1520 1596 lucernam
1545 1541 1838 1611 quamdam
1870 1556 1997 1612 pro~

428 1628 580 1696 ponit
611 1629 707 1683 tibi
738 1629 1025 1701 inscriptio
1049 1633 1315 1688 rationem
1346 1633 1740 1704 indagatricem
1765 1648 1996 1690 arcano-

2624 914 3019 969 ΚΕΦΑΛΑΙΟΝ
3054 914 3129 967 E'.

2180 1088 2247 1143 Ἦ
2273 1089 2330 1144 δὲ
2371 1107 2391 1142 ι
2439 1090 2609 1164 ’Υπὲρ
2635 1091 2742 1145 τῶν
2779 1086 3026 1164 κρυφίων
3062 1111 3082 1144 ι
3113 1090 3416 1163 ἐπιγραφὴ,
3448 1090 3514 1143 τδ
3546 1088 3671 1162 περὶ

2098 1179 2200 1250 τὴν
2281 1180 2608 1249 θεογνωσίαν
2670 1182 2896 1252 ἀκριϐὲς
2966 1181 3267 1255 κατορθοῦν
3332 1181 3666 1234 ὑποτίθεται.

2112 1270 2328 1340 Ἐπειδὴ
2375 1270 2484 1342 γὰρ
2527 1272 2591 1326 τὸ
2630 1272 2856 1344 ἔσχατον
2900 1273 3099 1342 πτῶμα
3139 1273 3255 1326 ἐστι
3302 1271 3479 1342 ψυχῆς
3517 1272 3551 1340 ἡ
3591 1270 3668 1323 δι-

2102 1360 2467 1429 ημαρτημένη
2496 1361 2625 1432 περὶ
2664 1363 2726 1414 τὸ
2773 1362 2926 1416 Θεϊον
2966 1362 3230 1434 ὑπόληψις
3255 1363 3328 1433 (τί
3359 1363 3470 1430 γὰρ
3500 1360 3566 1414 ἄν
3590 1376 3673 1423 τις

2099 1447 2351 1503 ἀπώνατο
2364 1449 2475 1522 (79)
2486 1450 2594 1504 τῶν
2619 1452 2858 1520 ἀγαθῶν,
2876 1454 3006 1507 αὐτὸ
3025 1454 3087 1508 τὸ
3107 1454 3308 1523 ἀγαθὸν
3329 1454 3429 1508 οὐκ
3449 1451 3593 1522 ἔχων
3608 1452 3669 1519 ;),

2096 1541 2285 1597 τούτου
2318 1543 2502 1599 ἕνεκεν
2530 1537 2641 1597 οἷό)
2672 1561 2791 1597 τινα
2825 1544 3017 1616 λύχνον
3063 1563 3143 1599 σοι
3181 1545 3453 1616 προτείνει
3495 1545 3530 1614 ὴ
3557 1545 3672 1596 ἐπι-

2098 1631 2284 1704 γραφὴ
2315 1633 2405 1686 τὸν
2431 1634 2776 1705 ἐρευνητικδν
2806 1635 2915 1688 τῶν
2941 1636 3185 1707 κρυφίων
3209 1638 3308 1707 τῆς
3341 1633 3669 1702 Θεογνωσίας

427 1732 571 1783 rum,
606 1712 806 1789 quibus
831 1720 926 1776 Dei
953 1723 1194 1794 cognitio
1227 1724 1468 1780 involuta
1500 1735 1602 1792 est,
1636 1726 1798 1796 cujus
1831 1735 1993 1797 caput

2115 1724 2273 1793 ιόγον,
2300 1719 2370 1797 ἦς
2411 1724 2705 1793 κεφάλαιόν
2748 1727 2896 1780 ἐστιν
2940 1728 2973 1797 ἡ
3017 1728 3099 1790 εἰς
3147 1726 3240 1780 τὸν
3292 1726 3422 1780 Υἰὸν
3465 1725 3668 1787 πίστις.

424 1816 481 1864 et
506 1824 718 1864 summa
742 1819 828 1867 est
850 1811 982 1868 ﬁdes
1007 1815 1065 1869 in
1094 1812 1323 1882 Filium;
1351 1814 1485 1870 dicit
1510 1814 1658 1870 enim
1684 1815 1993 1886 inscriptio,

431 1919 450 1951 ι
480 1899 584 1955 Pro
612 1903 843 1960 occultis
876 1902 1021 1972 Filii,
1052 1924 1071 1957 ι
1111 1922 1238 1961 nam
1281 1921 1409 1963 vere
1440 1907 1716 1963 occultum
1773 1915 1859 1963 est
1896 1923 1996 1964 ens

425 1993 581 2059 illud,
613 2003 666 2048 et
695 2011 795 2051 nec
825 1997 1140 2067 cOgitationi
1170 2013 1273 2054 nec
1313 1998 1563 2069 aspectui
1603 2001 1873 2070 pervium,
1909 2011 1997 2055 ut-

427 2095 551 2153 pote
576 2101 791 2144 omnem
826 2090 1190 2160 cognoscendi
1219 2090 1330 2145 vim
1379 2098 1436 2148 et
1485 2090 1804 2146 facultatem
1839 2092 1998 2163 longe

427 2177 717 2242 excedens,
747 2179 836 2233 cui
879 2181 974 2250 qui
1019 2196 1115 2251 per
1144 2181 1304 2237 ﬁdem
1333 2182 1757 2253 appropinquat,
1789 2182 1838 2237 is
1866 2197 1996 2238 vere

429 2265 495 2319 ad
528 2268 766 2324 victorias
814 2269 973 2327 tinem
1015 2273 1303 2342 processit.
1351 2272 1511 2328 Ratio
1537 2273 1658 2343 ejus
1685 2273 1997 2346 inscriptio-

431 2357 536 2420 nis,
571 2375 589 2408 ι
620 2356 725 2412 Ριό
753 2373 816 2413 ea
845 2376 968 2429 quae
994 2361 1366 2417 haereditatem
1400 2363 1780 2432 consequitur,
1811 2382 1830 2416 ι
1880 2379 1997 2418 ma-

428 2448 628 2504 nifesta
658 2461 761 2505 est.
815 2450 1088 2522 Propheta
1139 2455 1284 2508 enim
1317 2470 1417 2524 pro
1443 2455 1646 2519 anima,
1676 2471 1797 2525 quae
1826 2456 1997 2511 haere-

427 2539 596 2595 ditate
619 2544 839 2613 propria
862 2543 1087 2609 excidit,
1113 2546 1329 2614 quando
1354 2552 1680 2615 praeceptum
1702 2544 1793 2601 Dei
1820 2554 1999 2602 trans-

427 2645 632 2701 gressa:
676 2632 758 2687 sol
808 2632 1086 2697 occubuit,
1132 2632 1273 2688 hanc
1308 2634 1376 2688 ad
1410 2634 1579 2688 Deum
1629 2635 1996 2703 precationem

426 2720 628 2786 fundit,
652 2730 713 2777 ut
736 2736 895 2778 mane
921 2723 1116 2779 iterum
1148 2724 1401 2781 tenebras
1426 2724 1683 2793 deponat,
1705 2730 1761 2780 et
1783 2725 1996 2780 dulcem

429 2811 579 2865 illam
623 2828 812 2869 vocem
845 2813 1035 2871 audire
1066 2823 1342 2869 mereatur
1372 2832 1386 2868 :
1423 2832 1441 2864 ι
1471 2812 1691 2878 Venite,
1722 2813 1996 2870 benedicti

429 2900 607 2957 Patris
635 2906 761 2969 mei,
799 2906 1061 2975 pereipite
1087 2913 1334 2976 paratum
1368 2906 1522 2963 vobis
1550 2921 1778 2977 regnum
1805 2921 1836 2961 a
1861 2921 1996 2962 con-

430 2994 713 3052 stitutione
735 2997 923 3051 mundi
945 2998 1044 3051 “.3
1170 2990 1177 2993 ’

500 3105 612 3160 Nec
638 3106 969 3163 aherraverit
990 3107 1114 3178 quis
1130 3121 1161 3163 a
1178 3107 1425 3173 veritate,
1441 3107 1486 3163 si
1506 3105 1755 3164 eumdem
1777 3122 1997 3164 sensum

433 3197 740 3267 subjectum
773 3198 920 3253 dicat
949 3200 1049 3264 illi,
1067 3216 1187 3270 quze
1202 3209 1305 3263 est,
1332 3218 1351 3252 ι
1377 3199 1480 3255 Pro
1504 3200 1850 3269 susceptione
1889 3214 2003 3252 ma-

437 3289 706 3343 tutina".
739 3308 757 3340 ι
796 3289 856 3343 ln
900 3288 1183 3361 Scriptura
1214 3292 1359 3345 enim
1394 3291 1671 3345 communi
1707 3299 2002 3345 consuetu-

433 3381 560 3434 dine
577 3388 802 3435 vocatur
819 3395 1015 3436 aurora
1037 3398 1056 3432 ι
1077 3381 1433 3435 matutinum:
1456 3398 1476 3432 ι
1495 3388 1579 3436 est
1600 3388 1781 3435 autem
1806 3392 2004 3435 aurora

434 3479 649 3541 tempus
682 3475 827 3527 nocti
860 3482 913 3528 et
944 3472 1052 3528 diei
1086 3474 1632 3543 conterminum,quo
1667 3473 1758 3526 illa
1782 3471 2003 3541 quidem

432 3560 657 3627 desinit,
682 3562 795 3616 haec
826 3562 1033 3632 incipit.
1077 3561 1212 3617 Cum
1251 3578 1381 3618 vero
1420 3561 1700 3632 Scriptura
1737 3577 1878 3631 saepe
1910 3575 2007 3631 per

433 3654 706 3719 tenebras,
730 3655 884 3723 quasi
907 3670 1004 3725 per
1032 3663 1401 3726 tegumentum
1423 3654 1718 3726 quoddam,
1742 3654 2005 3708 malitiam

372 3762 373 3765 ‘
434 3746 724 3816 signiticet,
758 3747 835 3810 tit,
880 3755 937 3801 ut
966 3747 1182 3817 quando
1214 3748 1373 3804 nobis
1405 3747 1590 3803 divina
1631 3761 1733 3816 ope
1778 3745 2002 3815 atljutis,

437 3839 547 3891 vita
577 3837 880 3893 secundum
908 3838 1163 3893 virtutem
1198 3839 1450 3894 instituta
1476 3838 1750 3903 exoritur,
1783 3844 1913 3890 tunc
1940 3835 2006 3890 ad

437 3928 723 3984 victoriam
750 3929 1147 3998 perveniamus,
1176 3947 1195 3981 ι
1219 3931 1555 4000 deponentes
1579 3941 1745 3998 opera
1767 3927 2011 3982 tenebra-

437 4034 581 4085 rum,
613 4027 686 4083 et,
711 4028 769 4072 ut
797 4020 852 4074 in
880 4019 988 4085 die,
1007 4020 1235 4077 beneste
1258 4019 1624 4084 ambulantes,
1643 4036 1662 4069 ι
1692 4026 1749 4071 ιιι
1770 4017 2012 4087 loquitur

436 4110 732 4180 Apostolus
753 4110 818 4164 ³⁸.

509 4225 629 4289 Non
664 4226 821 4296 longe
856 4241 885 4279 a
909 4225 1019 4295 jam
1055 4222 1340 4294 explicatis
1368 4219 1481 4274 abit
1506 4219 1645 4274 ratio
1680 4235 1698 4269 ι
1721 4216 1958 4274 Οοῑιινω.
1985 4238 2004 4272 ι

438 4320 629 4376 Omnis
659 4319 804 4374 enim
830 4333 960 4373 cura
985 4330 1145 4387 quam
1175 4315 1280 4370 vita
1296 4312 1516 4369 virtutis
1546 4312 1741 4367 cultrix
1760 4312 2011 4382 suscipit,

2098 1814 2253 1869 Οὕτω
2276 1815 2386 1886 γάρ
2410 1832 2573 1885 φησιν
2604 1817 2699 1869 καὶ
2735 1815 2848 1885 (80)
2880 1818 2914 1887 ὴ
2958 1817 3256 1887 ἐπιγραφὴ,
3291 1835 3310 1866 ι
3359 1815 3536 1886 ’Υπὲρ
3562 1814 3672 1867 τῶν

2097 1906 2343 1978 κρυφίων
2368 1905 2463 1959 τοῦ
2503 1906 2657 1962 Υίοῦ.
2696 1925 2716 1958 ι
2747 1907 2992 1978 Κρύιριον
3029 1907 3137 1980 γὰρ
3174 1908 3252 1970 ὡς
3294 1906 3406 1977 (81)
3454 1905 3672 1978 άληθῶς

2097 1998 2273 2051 ἐκεῖνό
2309 1998 2477 2063 ἐστιν,
2521 1996 2583 2050 τδ
2629 1998 2996 2069 ἀκατανόητόν
3038 2016 3098 2053 τε
3139 1999 3235 2052 καὶ
3276 1998 3531 2064 ἀόρατον,
3578 1999 3674 2050 καὶ

2097 2086 2277 2157 πάσης
2320 2084 2709 2157 ὑπερκείμενον
2739 2086 3148 2158 καταληπτικῇς
3175 2084 3436 2149 ἐπινοίας,
3462 2078 3620 2158 ᾧπερ
3647 2088 3675 2138 ὁ

2097 2177 2465 2250 προσεγγίσας
2483 2178 2570 2231 διὰ
2602 2180 2703 2247 τῆς
2723 2177 2976 2240 πίστεως,
2994 2178 3076 2241 εἰς
3091 2176 3152 2230 τὸ
3173 2179 3272 2248 τῆς
3291 2176 3449 2246 νίκης
3469 2175 3675 2244 ἔφθασε

2095 2268 2271 2333 τέλος.
2325 2270 2384 2322 '0
2431 2268 2488 2322 δὲ
2537 2288 2555 2321 ι
2604 2269 2773 2341 ’Υπὲρ
2811 2272 2910 2340 τῆς
2946 2266 3390 2345 κληρονομούσης
3435 2286 3455 2319 ι
3492 2266 3671 2335 λόγος,

2095 2361 2251 2432 δῆλός
2272 2362 2442 2416 ἐστιν.
2467 2360 2639 2432 Ὑπὲρ
2654 2360 2763 2429 γὰρ
2782 2363 2882 2432 τῆς
2894 2359 3071 2429 ψυχῆς
3084 2362 3182 2430 τῆς
3206 2357 3300 2411 τοῦ
3320 2357 3450 2411 ἰδίου
3467 2359 3675 2428 κλήρου

2096 2426 2499 2522 ἀποπεσούσης,
2512 2426 2784 2505 ὅτε-έπέδυ
2811 2426 2887 2520 ei?)
3028 2426 3244 2520 ἐντολὴν
3265 2426 3677 2521 παραϐεϐηκότῑ

2095 2545 2125 2596 ὁ
2151 2543 2319 2613 ἥλιος,
2352 2542 2450 2611 τὴν
2481 2540 2714 2608 ἔντευξιν
2741 2540 2946 2612 ταύτην
2974 2539 3240 2612 προσάγει
3258 2539 3336 2610 τῷ
3354 2537 3477 2609 Θεῷ
3494 2541 3524 2591 ὁ
3542 2536 3679 2610 Προι

2099 2637 2292 2704 φήτης,
2315 2634 2401 2686 ἴνα
2422 2635 2480 2686 ἐν
2500 2633 2679 2705 πρωῖᾳ
2696 2630 2922 2702 γένηται
2952 2630 3111 2685 πάλιν
3134 2628 3445 2699 ἀποθεμένη
3466 2629 3531 2682 τὸ
3552 2628 3679 2681 σκό-

2095 2742 2205 2789 τος,
2240 2725 2334 2779 κα).
2359 2725 2457 2795 τῆς
2483 2724 2741 2793 γλυκείας
2772 2721 2986 2792 ἐκείνης
3016 2722 3198 2793 φωνῆς
3222 2720 3345 2785 ἀξία
3370 2719 3676 2791 γένηται,ῆ

2099 2833 2232 2887 φησι
2263 2816 2399 2887 πρὸς
2438 2817 2565 2879 τοὺς
2598 2816 2664 2868 ἐκ
2699 2814 2887 2878 δεξιῶν
2908 2829 2922 2844 ·
2958 2832 2977 2864 ι
3023 2812 3209 2876 Δεῦτε,
3243 2814 3291 2865 oi
3321 2811 3679 2881 εὐλογημένοι

2097 2908 2192 2961 τοῦ
2227 2909 2440 2978 Πατρός
2473 2923 2604 2977 μου,
2646 2906 3090 2978 κληρονομήσατε
3121 2904 3220 2976 τὴν
3264 2903 3681 2975 ἡτοιμασμένην

2100 2999 2131 3050 ὑ
2140 3001 2228 3068 μίν
2260 2996 2533 3067 βασιλείαν
2553 2998 2660 3051 ἀπὸ
2685 2996 2986 3069 καταϐολῆς
3012 2996 3238 3067 κόσμου.
3276 3014 3294 3048 ι

2172 3111 2245 3164 Τὸ
2270 3111 2403 3165 αὐτὸ
2441 3109 2625 3171 τοῦτο,
2654 3111 2748 3163 καὶ
2787 3128 2806 3162 ι
2848 3110 3018 3180 ’Υπὲρ
3050 3108 3148 3178 τῆς
3189 3105 3418 3176 ἑωθινῆς
3461 3105 3680 3176 ἀντιλή-

2100 3200 2277 3271 ψεως,
2324 3221 2342 3253 ι
2374 3201 2459 3260 τὶς
2494 3203 2720 3270 νοήσας,
2770 3200 2869 3255 οὐκ
2918 3199 2985 3253 ἂν
3029 3197 3264 3268 ἁμάρτοι
3302 3195 3398 3248 τοῦ
3445 3195 3679 3259 δέοντος.

2107 3290 2336 3360 Ὄρθρον
2367 3288 2476 3357 γὰρ
2498 3308 2514 3341 ι
2537 3290 2635 3356 τὴν
2661 3276 2890 3355 ἑωθινὴν
2913 3307 2929 3339 ι
2957 3289 2989 3359 ἡ
3019 3290 3117 3360 τῆς
3165 3288 3382 3359 Γραφῆς
3423 3287 3683 3357 ὀνομάζει

2104 3378 2378 3448 συνήθεια.
2440 3379 2497 3431 ὐ
2538 3378 2596 3431 δὲ
2636 3377 2863 3450 ὄρθρος,
2913 3377 3100 3449 χρόνος
3153 3377 3299 3430 ἐστὶν
3342 3375 3539 3439 νυκτὸς
3591 3377 3685 3429 καὶ

2103 3471 2315 3542 ἡμέρας
2367 3468 2634 3540 μεθόριος,
2678 3469 2799 3522 καθ’
2846 3468 2906 3522 ὃν
2954 3470 2988 3540 ἡ
3040 3469 3137 3538 μὲν
3169 3466 3513 3537 ἀφανίζεται,
3556 3468 3593 3537 ἡ
3629 3467 3686 3518 δὲ

2104 3562 2351 3632 ἄρχεται.
2384 3559 2494 3631 Τῆς
2533 3560 2589 3613 δὲ
2630 3561 2827 3623 κακίχς
2874 3558 3137 3631 πολλαχοῦ
3180 3560 3280 3631 τῆς
3322 3558 3548 3629 Γραφῆς
3597 3558 3687 3612 διὰ

2104 3652 2197 3706 τοῦ
2240 3653 2462 3717 σκότους
2493 3655 2549 3705 ἐν
2594 3653 2874 3723 αἰνίγματι
2918 3653 3235 3723 νοουμένης.
3287 3651 3413 3703 ὅταν
3453 3650 3686 3718 γένηται

2106 3746 2240 3816 ἡμῖν
2281 3748 2344 3798 ἐκ
2385 3745 2538 3808 θείας
2583 3744 2920 3814 ἀντιλήψεως
2950 3746 2982 3814 ἡ
3015 3744 3109 3796 τοῦ
3152 3744 3268 3797 κατ’
3305 3740 3505 3812 ἀρετὴν
3565 3739 3685 3808 βίου

2108 3835 2337 3906 ἀνατολὴ
2360 3877 2373 3899 ,
2401 3837 2520 3889 τότε
2545 3836 2680 3907 πρὸς
2713 3836 2811 3904 τὴν
2855 3834 3010 3903 νίκην
3042 3832 3324 3902 φθάσομεν
3341 3827 3478 3900 (8'2),
3503 3847 3522 3879 ι
3545 3830 3685 3881 ἁπο-

2111 3929 2325 4000 θέμενοι
2344 3930 2414 3982 τὰ
2442 3929 2576 3998 ἔργα
2597 3926 2690 3979 τοῦ
2714 3926 2955 3988 σκότους,
2979 3925 3072 3977 καὶ
3097 3925 3172 3987 ὡς
3191 3924 3249 3976 ἐν
3271 3921 3453 3991 ἡμέρᾳ
3485 3920 3687 3988 εὐσχη-

2119 4021 2295 4092 μόνως
2329 4017 2774 4092 περιπατοῦντες,
2793 4035 2811 4068 ι
2835 4013 3015 4078 καθώς
3036 4027 3199 4084 φησιν
3219 4014 3247 4066 ὁ
3276 4010 3622 4074 Ἀπὸστολος.

2193 4225 2390 4294 Ἐγγὺς
2414 4221 2524 4276 τῶν
2552 4218 2932 4292 ἐξητασμένων
2962 4216 3055 4270 καὶ
3081 4219 3108 4269 ὁ
3136 4215 3233 4286 τῆς
3255 4233 3273 4266 ι
3297 4213 3521 4283 Ὀγδόης
3550 4233 3570 4264 ι
3598 4212 3689 4265 λό-

2113 4334 2207 4387 γος
2244 4313 2378 4368 ἐστί.
2414 4314 2571 4365 Πᾶσα
2615 4309 2724 4380 γὰρ
2758 4306 3043 4378 ἐπιμέλεια
3086 4307 3185 4375 τῆς
3231 4305 3486 4375 ἐναρέτου
3541 4304 3691 4373 ζωῆς

440 4415 508 4466 ad
565 4413 809 4465 futurum
856 4409 1113 4464 saeculum
1168 4404 1429 4475 respicit,
1477 4403 1636 4473 cujus
1683 4404 2001 4475 principium

2115 4405 2246 4478 πρὸς
2264 4403 2355 4458 τὸν
2379 4398 2574 4470 ἐφεξῆς
2599 4399 2770 4452 αἰῶνα
2793 4395 2989 4465 βλέπει.
3018 4388 3092 4448 Οὗ
3117 4396 3150 4464 ή
3182 4392 3293 4464 (83)
3318 4392 3460 4463 ἀρχὴ
3493 4392 3691 4461 ἠγδόη

439 4503 644 4556 Octava
701 4496 902 4549 dicitur
926 4535 941 4561 ,
995 4494 1302 4551 succedens
1328 4493 1574 4550 sensibili
1600 4494 1730 4548 huic
1751 4494 2005 4564 tempori,

440 4584 584 4652 quod
629 4582 939 4654 septenario
987 4598 1216 4638 numero
1268 4585 1589 4640 absolvitur.
1632 4584 1810 4641 Monet
1844 4585 2010 4655 igitur

442 4675 745 4745 inscriptio,
781 4693 799 4727 ι
824 4673 930 4729 Pro
958 4674 1182 4738 Octava,
1212 4692 1234 4728 ι
1279 4689 1347 4728 ne
1373 4675 1564 4729 oculos
1595 4676 1660 4729 ad
1687 4684 2007 4745 praesentem

438 4766 701 4838 temporis
728 4773 930 4826 statum
959 4764 1342 4834 conjiciamus,
1394 4760 1490 4816 sed
1529 4768 1588 4815 ut
1626 4760 1693 4814 ad
1744 4760 2003 4818 Octavam

440 4859 819 4928 reSpiciamus.
853 4856 988 4910 Nam
1042 4853 1263 4924 quando
1306 4851 1486 4908 fluxus
1518 4854 1605 4908 hic
1633 4861 1688 4909 et
1731 4854 2008 4909 mutabilis

440 4961 615 5009 status
669 4948 929 5017 temporis
979 4945 1221 5009 desierit,
1273 4944 1326 4998 in
1377 4960 1487 5015 quo
1540 4944 1686 4999 aliud
1741 4944 2007 5010 nascitur,

441 5044 584 5096 aliud
635 5038 1028 5108 corrumpitur,
1060 5050 1235 5104 neque
1287 5035 1521 5106 amplius
1567 5051 1704 5106 opus
1740 5035 1924 5100 fuerit,
1953 5045 2013 5090 ut

440 5134 686 5206 quaedam
715 5135 1032 5192 nascantur,
1080 5128 1326 5198 quaedam
1375 5125 1763 5196 dissolvantur,
1794 5134 2011 5199 sperata

2115 4495 2353 4564 λέγεται,
2393 4491 2485 4544 τὸν
2529 4487 2784 4560 αἰσθητὸν
2833 4484 3188 4555 διαδεξαμένη
3236 4482 3449 4554 χρόνον,
3490 4482 3585 4535 τὸν
3635 4484 3693 4536 ἐν

2115 4584 2405 4656 ἑϐδομάσιν
2428 4578 2915 4648 άνακυκλούμενον.
2930 4572 3293 4647 Συμόουλεύει
3312 4573 3493 4625 τοίνυν
3516 4573 3549 4641 ἡ
3572 4571 3691 4641 (84)

2118 4676 2257 4745 ὑπὲρ
2277 4674 2376 4744 τῆς
2407 4690 2425 4724 ι
2447 4671 2665 4742 Ὀγδόης
2700 4688 2716 4720 ι
2749 4665 3047 4739 ἐπιγραφὴ,
3167 4663 3303 4735 πρὸς
3328 4662 3417 4715 τὸν
3444 4662 3695 4732 παρόντα

2119 4765 2336 4836 βλέπειν
2383 4762 2592 4833 χρόνον,
2645 4757 2781 4813 ἀλλὰ
2844 4758 2982 4826 πρὸς
3047 4756 3146 4825 τὴν
3232 4746 3454 4818 Ὀγδόην
3535 4752 3692 4820 ὀρᾷν.

2119 4855 2290 4907 Ὅταν
2327 4851 2436 4923 γὰρ
2464 4852 2492 4902 ὁ
2521 4848 2724 4920 ῥοώδης
2756 4840 2930 4909 οὗτος,
2957 4844 3050 4897 καὶ
3084 4841 3375 4912 παροδικὸς
3408 4840 3695 4913 παύσηται

2117 4944 2326 5015 χρόνος,
2354 4944 2411 4994 ἐν
2434 4932 2479 5008 ᾧ
2504 4938 2565 4992 τὸ
2603 4938 2700 5008 μὲν
2732 4936 2963 5004 γίνεται,
2994 4933 3055 4985 τὸ
3082 4931 3139 4983 δέ
3167 4930 3353 4982 λύεται
3373 4945 3387 4957 ·
3429 4929 3527 4982 καὶ
3554 4946 3696 4994 παρ-

2119 5033 2248 5107 έλθῃ
2276 5033 2374 5105 μὲν
2414 5033 2448 5102 ἡ
2485 5028 2580 5083 τοῦ
2609 5026 2861 5097 γενέσθαι
2892 5024 3071 5095 χρεία,
3102 5024 3295 5094 μηκέτι
3323 5021 3379 5075 δὲ
3410 5021 3473 5074 τὸ
3505 5021 3697 5092 λυόμε-

2117 5142 2207 5179 νον
2244 5120 2302 5196 ᾖ,
2330 5123 2427 5193 τῆς
2460 5117 2819 5190 ἐλπιζομένης
2871 5115 3219 5178 ἀναστάσεως
3255 5116 3337 5178 είς
3373 5113 3545 5181 ἄλλην
3574 5112 3696 5168 τινὰ

515 5307 557 5338 ³³
592 5306 779 5361 Matth.
806 5323 932 5374 xxv,
963 5307 1051 5361 41.
1129 5308 1174 5340 ⁸³
1202 5306 1348 5367 Psal.
1382 5322 1493 5371 xxI,
1531 5308 1582 5364 l.
1659 5306 1702 5339 ³³
1734 5304 1891 5361 Rom.
1923 5318 2043 5370 xm,
2082 5300 2168 5355 l3.

519 5478 631 5545 (78)
664 5479 852 5532 Omnia
889 5481 953 5535 ad
984 5483 1096 5545 βίου
1120 5499 1228 5541 om.
1258 5484 1346 5540 ed.

512 5548 626 5617 (79)
659 5549 957 5617 Ἀπόναιτο,
996 5554 1083 5610 ed.

520 5618 630 5686 (80)
659 5619 766 5671 Καί
790 5634 897 5674 οιιι.
926 5624 1013 5677 ed.

521 5687 632 5760 (81)
676 5689 760 5753 Ὠς
783 5706 889 5745 om.
931 5693 1020 5747 ed.

2154 5534 2167 5545 ,
2192 5477 2303 5545 (89)
2332 5475 2651 5544 Φθάσωμεν,
2694 5474 2781 5529 ed.

2194 5548 2305 5616 (8'5)
2351 5546 2415 5616 ill
2438 5560 2547 5597 om.
2575 5545 2658 5616 ed.

2193 5612 2305 5685 (84)
2347 5614 2410 5666 Ἢ
2441 5628 2549 5668 om.
2585 5612 2674 5668 ed.
