3800 5980
289 302 399 361 595

1707 297 1778 356 IN
1817 295 2153 355 PSALMOS.

3453 287 3561 343 506

291 422 444 492 ζωῆς
479 422 812 479 κατάστασιν
854 418 1366 491 μεταστοιχειούσης
1406 416 1508 489 τὴν
1534 416 1747 487 ,φύσινν
1783 416 1879 472 καὶ

1993 411 2383 472 resurrectione
2426 423 2834 483 corporumque
2885 405 3241 478 reparatione
3278 405 3334 462 in
3396 405 3558 460 aliam

292 518 329 585 ὴ
371 512 644 585 παροδικὴ
674 509 768 566 τοῦ
816 509 1010 580 χρόνου
1047 507 1324 580 παύσηται
1362 506 1543 577 φύσις,
1588 507 1689 578 τῆς
1735 506 1878 561 κατὰ

290 604 510 674 γένεσιν
552 602 651 655 καὶ
689 598 894 670 φθοράν
935 596 1218 668 ἐνεργείας
1266 596 1468 668 μηκέτι
1506 594 1706 667 οὔσης’
1746 596 1876 667 στή-

295 712 450 750 σεται
477 692 721 754 πάντως,
760 691 852 747 καὶ
877 691 910 761 ή
942 689 1175 760 ἑϐδομὰς
1200 690 1234 760 ἡ
1263 686 1609 759 ἐκμετροῦσα
1632 687 1725 741 τὸν
1753 686 1878 758 χρό-

293 805 409 851 νον,
443 786 546 839 κα.)⁵
582 782 877 848 διαδέξεται
920 783 955 852 ή
997 779 1191 852 ὐγδόη
1250 780 1435 851 ἐκείνη
1456 820 1471 844 ,
1515 780 1637 850 ἥτις
1671 779 1818 832 ἐστὶν
1849 779 1879 832 6

295 878 500 949 ἐφεξῆς
525 874 683 942 αἰὼν,
709 874 829 937 ὅλος
858 874 953 945 μία
976 872 1161 943 ἡμέρα
1191 871 1503 942 γενόμενος,
1537 869 1717 934 καθώς
1745 869 1878 939 φησί

248 968 251 969 ⁷
294 988 381 1034 τις
412 968 523 1022 τῶν
545 964 859 1039 προφητῶν,
889 981 908 1015 ι
943 963 1206 1033 Μεγάλην
1235 962 1447 1034 ἡμέραν
1483 979 1501 1013 ι
1538 960 1636 1032 τὴν
1662 961 1880 1026 ἐλπιζο-

299 1059 471 1131 μένην
499 1045 773 1128 όνομάσας
803 1055 969 1125 ζωήν.
1009 1054 1226 1125 Ἐπειδὴ
1258 1055 1357 1124 οὐχ
1388 1055 1416 1106 6
1448 1052 1703 1125 αἰσθητὸς
1730 1053 1881 1125 ἥλιος

296 1150 528 1221 φωτίζει
559 1149 659 1220 τὴν
684 1146 899 1220 ἡμέραν
925 1147 1162 1218 ἐκείνην,
1204 1145 1342 1200 ἀλλά
1370 1145 1432 1199 τὸ
1469 1146 1719 1216 ἀληθινὸν
1742 1145 1876 1215 φῶς,

294 1246 325 1297 6
354 1244 458 1314 τῆς
493 1240 839 1310 δικαιοσύνης
877 1240 1063 1310 ήλιος,
1104 1239 1163 1303 ὃς
1210 1257 1229 1289 ι
1275 1236 1536 1309 ’Λνατολὴ
1583 1256 1602 1289 ι
1647 1237 1752 1290 ὑπὸ
1779 1237 1880 1307 τῆς

298 1331 642 1404 προφητείας
670 1329 1123 1400 κατονομάζεται,
1144 1328 1232 1382 διὰ
1259 1329 1321 1382 τὺ
1355 1343 1428 1399 μη
1439 1326 1627 1381 δέποτε
1644 1327 1882 1399 δυσμαῖς

298 1422 805 1493 συγκαλύπτεσθαι.

374 1535 450 1588 Τὸ
476 1534 533 1588 δὲ
555 1533 686 1587 αὐτὸ
702 1533 859 1586 τοῦτο
877 1531 969 1586 καὶ
985 1532 1042 1584 ἐν
1066 1532 1184 1594 ταῖς
1194 1521 1388 1603 (Ὑπὲρ
1406 1529 1515 1585 τῶν
1527 1529 1704 1601 ληνῶν
1725 1549 1742 1584 ι
1763 1533 1882 1585 ἐπι-

298 1630 544 1698 γραφαῖς
572 1628 891 1696 ἐνοήσαμεν.
931 1624 995 1677 Ἡ
1025 1622 1135 1695 γὰρ
1163 1622 1343 1694 ληνὸς,
1373 1623 1518 1677 οῐνου
1547 1623 1695 1676 ἐστὶν
1718 1624 1883 1694 ἐργα-

301 1719 549 1808 στήριον,
587 1719 649 1808 ἐν
759 1715 878 1808 τῶν.
908 1712 1149 1808 βοτρύων
1189 1713 1650 1808 συνθλιϐομένων,
1680 1716 1708 1768 6
1740 1710 1882 1779 οἶνος
1911 1745 1960 1808 Β

298 1807 537 1879 γίνεται.
578 1805 718 1859 Ἀλλ’
742 1806 790 1858 εί
824 1803 924 1879 μὲν
956 1805 1021 1857 ἐκ
1061 1804 1378 1874 σεσηπότων
1406 1802 1439 1873 ἢ
1466 1802 1879 1874 όμφακιζόντων

297 1898 413 1952 τῶν
452 1895 693 1967 βοτρύων
732 1877 982 1967 ἀπορρυῇ
1022 1897 1051 1949 6
1089 1890 1263 1960 οἶνος,
1308 1894 1537 1966 τροπίας
1576 1892 1685 1964 (85)
1719 1891 1881 1957 εὐθὺς

301 1988 402 2043 καὶ
444 1988 644 2050 ἄποτος
690 1986 930 2055 γίνεται,
964 1987 1045 2049 είς
1095 1985 1360 2039 δυσωδίαν
1405 1983 1546 2048 τινὰ,
1584 1984 1617 2056 ἢ
1658 1984 1754 2038 καὶ
1800 1983 1883 2047 είς

299 2078 479 2150 ὀξώδη
509 2075 826 2149 μεταδαλὼν
852 2076 1132 2148 ποιότητα,
1163 2075 1252 2130 διά
1279 2091 1424 2137 τινος
1451 2074 1641 2146 ἐτέρας
1664 2071 1883 2143 διαφθοο

306 2175 410 2245 ρᾶς
444 2175 525 2237 είς
574 2172 869 2243 σκωλήκων
911 2170 1127 2239 γένεσιν
1169 2166 1570 2239 ἀλλοιούμενος.
1605 2166 1664 2219 Et
1697 2165 1753 2218 δὲ
1794 2164 1884 2217 εύ-

300 2266 474 2336 γενής
501 2281 562 2317 τε
604 2264 700 2318 καὶ
734 2263 935 2333 ὡραῖος
974 2263 1094 2325 ταῖς
1130 2259 1311 2332 ληνοῖς
1339 2259 1533 2331 ἐντεθῇ
1579 2257 1692 2330 (86)
1726 2258 1755 2309 6
1795 2255 1883 2324 βό-

300 2373 442 2426 τρυς
464 2395 480 2419 ,
518 2355 649 2427 ήδύς
692 2372 753 2409 τε
791 2354 886 2409 καὶ
926 2352 1223 2424 ἀνθοσμίας
1251 2354 1280 2405 6
1315 2346 1458 2415 οἶνος
1500 2349 1608 2404 τῶν
1645 2346 1884 2419 βοτρύων

305 2445 757 2517 ἀπορῥυήσεται,
805 2443 883 2514 τῷ
931 2440 1129 2515 μακρῷ
1171 2441 1350 2512 χρόνῳ
1394 2438 1762 2501 συνεπιδιδοὺς
1806 2438 1885 2501 είς

305 2536 506 2599 κάλλος
552 2536 646 2590 καὶ
697 2535 974 2590 εὖπνοιαν.
1016 2535 1082 2588 Τί
1127 2529 1218 2586 οὖν
1255 2532 1316 2586 τὸ
1364 2532 1593 2602 αἴνιγμα
1639 2529 1884 2601 βούλεται

306 2628 618 2701 φροντίζειν
656 2626 752 2682 τοῦ
793 2628 1016 2699 βότρυος
1059 2625 1134 2689 ὡς
1170 2624 1250 2678 ἔνι
1297 2623 1557 2695 μάλιστα;
1593 2623 1780 2683 Ὅπως
1822 2620 1886 2674 ἂν

305 2723 442 2792 ἡμῖν
499 2720 754 2792 πλουτοίη
818 2719 911 2774 τού
980 2718 1320 2788 ἀνθρωπίνου
1376 2716 1467 2770 νοῦ
1525 2716 1559 2784 ὴ
1610 2713 1886 2784 ἀποθήκη.

305 2812 465 2876 ἐλπὶς
493 2812 604 2883 (87)
629 2812 688 2865 δέ
714 2815 859 2866 ἐστιν
892 2813 926 2882 ή
954 2809 1204 2881 ἀποθήκη
1234 2810 1291 2862 ἐν
1325 2800 1359 2882 ᾗ
1388 2809 1539 2861 πᾶσα
1572 2806 1702 2877 ήμῖν
1731 2806 1765 2877 ή
1791 2802 1887 2857 τοῦ

311 2902 432 2974 βίου
460 2901 783 2975 παρασκευὴ
811 2900 1141 2972 περιέχεται.
1172 2896 1328 2951 Οὕτω
1353 2897 1396 2950 δ’
1424 2895 1489 2950 ἂν
1515 2895 1728 2965 γένοιτο
1755 2895 1888 2965 ἡμῖν

307 2994 582 3066 πρόδηλος
623 2994 729 3047 τῶν
775 2990 1014 3063 βοτρύων
1048 2993 1082 3061 ἡ
1119 2988 1309 3060 φύσις,
1352 2989 1399 3041 εί
1444 2986 1637 3056 φανείη
1675 2984 1889 3056 πρῶτον

1979 505 2269 578 quamdam
2288 503 2413 559 vitae
2434 501 2804 559 conditionem
2835 505 3085 555 naturam
3116 505 3359 553 nostram
3382 503 3560 550 trans-

1978 605 2249 661 mutante,
2284 595 2503 651 sublata
2532 593 2751 664 penitus
2783 589 2935 649 omni
2961 588 3198 653 actione,
3232 602 3352 657 qua:
3376 585 3441 641 ad
3470 600 3560 638 or-

1978 696 2094 745 tum
2122 689 2209 745 vel
2243 688 2521 742 interitum
2569 691 2809 755 spectat;
2854 691 2985 736 tunc
3011 679 3235 734 omnino
3279 678 3445 733 etiam
3473 691 3565 732 se-

1979 783 2225 850 ptimana
2256 777 2382 844 ista,
2416 783 2632 846 tempus
2663 773 2954 829 dimetiens
2988 779 3042 827 et
3073 767 3558 833 circumscribens,

1982 869 2222 935 ﬁnietur,
2253 868 2618 936 succedetque
2645 863 2853 920 Octava
2891 862 3002 928 illa,
3031 876 3152 933 quae
3180 868 3264 916 est
3297 858 3559 915 saeculum

1982 961 2245 1025 futurum,
2271 966 2381 1014 tota
2411 957 2581 1013 unico
2615 955 2703 1010 die
2732 953 3148 1023 comprehensa,
3174 957 3231 1005 ut
3251 959 3305 1005 et
3324 948 3562 1021 prophe-

1980 1058 2159 1106 tarum
2191 1049 2463 1121 quispiam
2509 1052 2765 1109 testatur,
2814 1044 2910 1114 qui
2938 1045 3130 1110 vitam,
3161 1056 3327 1112 quam
3375 1055 3558 1111 spera-

1981 1157 2123 1206 mus,
2157 1160 2177 1193 ι
2203 1153 2459 1209 magnum
2489 1137 2631 1192 diem
2647 1136 2692 1169 ”
2728 1154 2747 1187 ι
2786 1133 3109 1196 nominavit,
3156 1146 3281 1187 cum
3312 1146 3419 1187 non
3457 1132 3561 1186 iste

1983 1229 2066 1285 sol
2111 1228 2344 1284 visibilis
2377 1227 2521 1281 diem
2567 1225 2718 1279 illum
2755 1223 3127 1278 illustraturus
3161 1220 3253 1283 sit,
3290 1221 3386 1275 sed
3430 1234 3559 1275 vera

1981 1321 2071 1377 illa
2124 1322 2253 1386 lux,
2287 1318 2380 1375 Sol
2415 1316 2675 1389 iustitiae,
2708 1315 2800 1386 qui
2841 1333 2860 1366 ι
2894 1312 3144 1368 Oriens“
3177 1330 3197 1364 ι
3237 1310 3562 1380 al’ropheta

1983 1409 2304 1480 appellatur,
2328 1422 2394 1463 eo
2430 1405 2577 1477 quod
2601 1405 2669 1459 ab
2691 1417 2893 1459 occasu
2926 1415 3204 1472 nunquam
3236 1399 3558 1455 occultetur.

2052 1515 2197 1572 Idem
2242 1529 2439 1572 sensus
2475 1513 2757 1583 subjectus
2788 1520 2872 1567 est
2919 1510 3029 1566 illis
3065 1507 3558 1578 inscriptionibus,

1983 1623 2104 1678 quae
2136 1606 2336 1662 habent
2372 1619 2386 1657 :
2443 1622 2461 1655 ι
2493 1602 2601 1657 Pro
2633 1601 3022 1657 torcularibus.
3057 1620 3075 1653 ›
3120 1599 3386 1654 Torcular
3414 1598 3557 1653 enim

1983 1696 2197 1751 ofﬁcina
2242 1703 2325 1751 est
2358 1695 2492 1761 vini,
2538 1693 2594 1748 in
2638 1704 2746 1761 qua
2778 1689 3030 1745 contritis
3062 1688 3183 1743 uvis
3228 1689 3285 1742 ﬁt
3318 1688 3502 1741 vinum
3544 1702 3556 1739 :

1987 1787 2083 1847 sed
2107 1785 2156 1842 si
2177 1784 2397 1857 quidem
2427 1800 2494 1841 ex
2535 1783 2858 1855 putrefactis
2887 1790 2982 1836 aut
3027 1780 3241 1835 acerbis
3269 1780 3442 1835 botris
3473 1779 3558 1834 vi-

1986 1892 2117 1934 num
2145 1875 2503 1945 exprimatur,
2553 1871 2846 1928 evanidum
2879 1877 2932 1926 et
2976 1870 3043 1924 ad
3086 1875 3272 1940 potum
3316 1869 3558 1937 ineptum

1988 1965 2272 2025 confestim
2300 1964 2550 2029 eﬁicitur,
2578 1969 2632 2019 et
2659 1961 3004 2034 graveolente
3030 1959 3284 2032 quadam,
3311 1970 3558 2014 acetosa-

1988 2071 2094 2126 que
2119 2054 2382 2123 qualitate
2407 2050 2666 2106 inﬁcitur.
2698 2049 2794 2106 Est
2821 2064 2945 2105 cum
2968 2057 3023 2104 et
3049 2048 3157 2104 alio
3186 2049 3560 2118 corruptionis

1990 2146 2152 2201 modo
2180 2146 2236 2199 in
2269 2158 2485 2200 vermes
2510 2148 2898 2196 commutatur.
2927 2139 3084 2207 Quod
3121 2140 3166 2196 si
3194 2139 3560 2194 torcularibus

1990 2236 2215 2308 pulcher
2240 2244 2294 2291 et
2325 2243 2574 2290 maturus
2608 2233 2877 2288 inferatur
2915 2233 3129 2300 botrus,
3158 2232 3317 2288 dulce
3351 2241 3405 2286 et
3431 2246 3562 2287 sua-

1991 2330 2210 2387 veolens
2237 2329 2425 2383 vinum
2476 2343 2543 2384 ex
2597 2328 2717 2383 uvis
2766 2326 3094 2395 distillabit;
3142 2327 3399 2398 quodque
3446 2326 3564 2396 ipsa

1990 2422 2253 2491 temporis
2298 2420 2655 2476 diuturnitate
2691 2419 2927 2473 multum
2975 2417 3043 2471 a‘d
3098 2417 3396 2472 bonitatem
3442 2430 3591 2486 grac-

1993 2523 2217 2585 tumque
2250 2514 2473 2569 odorem
2506 2511 2775 2583 proﬁciat.
2809 2508 2952 2577 Quid
2992 2509 3162 2581 igitur
3185 2510 3428 2579 aenigma
3458 2508 3562 2563 hoc

1991 2615 2045 2662 et
2079 2604 2319 2660 abditum
2348 2605 2489 2660 botri
2544 2618 2804 2658 arcanum
2844 2617 2946 2658 nos
2977 2616 3140 2672 quam
3184 2601 3423 2655 maxime
3469 2614 3560 2653 cu-

1991 2708 2117 2753 rare
2164 2694 2691 2771 monetividelicet,
2735 2703 2793 2747 ut
2844 2707 3016 2762 penus
3064 2692 3318 2746 humana:
3366 2691 3565 2744 mentis

1994 2786 2144 2842 omni
2176 2786 2453 2856 copiarum
2490 2801 2686 2856 genere
2717 2785 2980 2848 abundet,
3011 2783 3067 2837 in
3095 2798 3200 2852 qua
3230 2782 3409 2838 omnis
3442 2782 3567 2837 vita:

1994 2887 2285 2948 apparatus
2316 2876 2473 2932 nobis
2504 2875 2842 2932 reconditur.
2910 2872 3017 2930 Sed
3059 2882 3173 2929 tum
3214 2874 3429 2929 demum
3467 2873 3566 2928 bo-

1994 2979 2202 3023 trorum
2235 2975 2428 3023 natura
2474 2968 2761 3038 perspicua
2812 2967 2970 3022 nobis
3015 2967 3142 3031 erit,
3189 2965 3235 3021 si
3264 2979 3569 3034 cognoscas

308 3057 379 3139 τά
408 3057 665 3155 κλήματα
689 3124 704 3147 ,
733 3057 883 3152 καὶή
915 3057 1236 3152 περιεκτικὴ
1267 3077 1375 3131 τῶν
1417 3094 1477 3130 τε
1507 3076 1618 3146 (88)
1652 3073 1890 3146 βοτρύων
1918 3096 1960 3153 C
1997 3077 2117 3155 mus
2146 3076 2363 3155 quoque
2410 3061 2684 3130 palmites,
2729 3073 2961 3129 eamque
3018 3074 3139 3128 quae
3185 3066 3240 3113 et
3283 3057 3469 3112 botros
3514 3062 3570 3111 ct

307 3179 406 3233 καὶ
444 3148 738 3248 κλημάτων
785 3148 1043 3244 ἄμπελος.
1097 3148 1258 3224 Ἀλλά
1301 3167 1460 3222 τοῦτο
1496 3166 1733 3237 φανερὸν
1778 3162 1887 3237 (89)

1997 3152 2253 3224 palmites
2298 3152 2560 3219 continet,
2612 3152 2798 3206 vitem.
2835 3150 2967 3217 Quae
2994 3150 3212 3219 quidem
3244 3148 3405 3218 plana
3432 3148 3568 3201 ﬁunt

309 3269 379 3321 ἐκ
402 3266 513 3320 τῶν
539 3265 635 3318 τοῦ
665 3265 869 3335 Κυρίου
901 3263 1076 3331 λόγων
1106 3261 1418 3330 γενήσεται,
1446 3257 1541 3310 τοῦ
1573 3256 1684 3326 (90)
1709 3255 1893 3309 εἰπόν-

308 3373 424 3419 τος·
449 3377 466 3407 ι
488 3354 630 3423 Ἐγὼ
654 3356 685 3425 ή
713 3353 822 3423 (91)
842 3352 1104 3423 ἄμπελος,
1119 3352 1277 3421 ὑμεῖς
1294 3348 1361 3402 τὰ
1375 3348 1649 3419 κλήματα.
1665 3366 1682 3399 ι
1704 3347 1767 3399 Εἰ
1784 3349 1891 3418 γὰρ

311 3445 531 3517 ἀληθῶς
557 3449 615 3499 ἐν
646 3444 795 3515 αύτῷ
817 3448 1004 3515 ἐσμεν,
1027 3441 1385 3515 ἐρριζωμένοι
1419 3436 1895 3512 καρποφοροῦντες

310 3557 373 3593 τε
387 3555 485 3592 και
500 3537 871 3608 αὐξανόμενοι,
896 3535 1076 3599 καθώς
1099 3551 1262 3604 φησιν
1285 3535 1313 3586 6
1347 3530 1684 3594 ’Δπόστολος,
1704 3531 1895 3601 νοήσο-

319 3646 421 3699 μεν
447 3628 537 3683 διὰ
563 3627 672 3681 τῶν
708 3625 1010 3698 εἰρημένων
1030 3666 1046 3690 ,
1089 3625 1171 3678 ὄτι
1203 3623 1252 3676 οί
1298 3624 1355 3674 ἐν
1388 3618 1535 3690 αὐτῷ
1563 3616 1892 3683 κτισθέντες,

317 3721 415 3775 καὶ
448 3720 575 3775 ἄνευ
609 3720 770 3774 αὑτοῦ
802 3720 874 3790 μὴ
904 3717 1075 3783 ὄντες,
1097 3715 1244 3780 ἄξιον
1270 3713 1408 3784 (91⁸)
1429 3712 1528 3781 τῆς
1564 3706 1897 3780 ὑποτρεφού-

318 3830 422 3883 σης
448 3814 595 3883 ἡμᾶς
626 3811 869 3881 ἰκμάδος,
894 3810 985 3863 τὸν
1008 3812 1072 3863 ἐκ
1092 3807 1200 3860 τῶν
1228 3806 1404 3878 ἔργων
1427 3804 1624 3875 βότρυν
1647 3803 1778 3873 παρ’
1799 3802 1898 3855 αὐ-

315 3899 411 3956 τοῦ
444 3901 553 3972 (921
592 3897 999 3968 ἀπαιτούμεθα,
1036 3898 1174 3967 μήτε
1207 3894 1275 3948 δι’
1310 3893 1482 3964 ὀργῆς
1521 3887 1899 3962 ὀμφακίζοντά

314 4009 375 4045 τε
409 3991 504 4045 καὶ
544 3989 957 4057 καταστύφοντα
992 3987 1127 4057 (93).
1168 3986 1304 4056 μήτε
1343 3984 1410 4037 δι’
1441 3981 1635 4053 ἡδονῆς
1665 3996 1811 4043 τινος
1840 3980 1899 4033 ἐν

320 4085 579 4157 σηπεδόνι
608 4079 961 4153 φθειρόμενόν
989 4095 1050 4131 τε
1081 4078 1177 4130 κα)⁹
1221 4076 1500 4147 λυόμενον.
1556 4074 1646 4127 Ἐν
1690 4073 1798 4143 γάρ
1830 4073 1898 4144 τῇ

317 4176 467 4249 ληνῷ
493 4175 593 4245 τῆς
624 4173 853 4227 ἑκάστου
881 4170 1057 4240 ψυχῆς
1099 4167 1278 4238 (ληνὸς
1313 4166 1370 4219 δέ
1402 4167 1550 4219 ἐστιν
1588 4165 1622 4234 ἡ
1656 4163 1902 4232 συνείδη-

322 4268 442 4334 σις)
472 4267 500 4317 6
536 4265 603 4317 ἐκ
642 4262 750 4315 τῶν
778 4261 953 4331 ἔργων
987 4259 1180 4329 βότρυς
1211 4256 1303 4309 τὸν
1341 4249 1483 4308 οἶνον
1517 4255 1650 4325 ἡμῖν
1689 4254 1770 4317 είς
1808 4251 1900 4305 τὸν

1991 3260 2057 3301 ex
2081 3258 2332 3300 sermone
2361 3243 2597 3307 Domini,
2622 3258 2745 3298 cum
2774 3243 2850 3296 ait
2867 3242 2911 3274 ⁸ο
2945 3259 2957 3295 :
2990 3239 3133 3312 «Ego
3159 3255 3278 3295 sum
3303 3238 3448 3297 vitis.
3472 3251 3570 3291 vos

1993 3332 2263 3403 palmites.
2319 3346 2337 3379 ι
2382 3325 2441 3382 Si
2490 3326 2635 3382 enim
2678 3343 2799 3384 vere
2830 3331 2886 3385 in
2911 3331 3032 3400 ipso
3064 3328 3293 3383 radicati
3327 3327 3564 3382 fructum

1996 3420 2244 3485 ferimus,
2275 3417 2711 3487 crescimusque,
2732 3427 2790 3472 ut
2807 3416 2884 3471 ait
2904 3415 3271 3486 Aposwlus",
3297 3415 3567 3485 intellige-

1995 3524 2116 3564 mus
2147 3524 2214 3564 ex
2242 3506 2547 3578 praedictis,
2596 3520 2626 3558 a
2659 3507 2816 3560 nobis
2847 3506 2940 3574 qui
2980 3506 3034 3559 in
3085 3506 3206 3574 ipso
3254 3505 3424 3560 creati
3473 3520 3569 3557 su-

1996 3613 2116 3666 mus
2141 3639 2156 3663 ,
2194 3604 2250 3652 et
2278 3596 2369 3666 qui
2399 3595 2521 3650 sine
2566 3594 2687 3664 ipso
2729 3594 2880 3663 digni
2935 3609 3044 3647 non
3087 3608 3396 3657 censemur,
3432 3607 3571 3662 quos

1997 3690 2149 3745 alens
2181 3688 2272 3743 ille
2310 3702 2403 3742 ros
2433 3685 2741 3755 contingat,
2774 3686 2989 3739 botrum
3021 3680 3248 3754 operum
3279 3685 3445 3754 exigi,
3478 3700 3572 3740 nc-

1996 3797 2103 3853 que
2129 3780 2209 3835 ira
2233 3787 2598 3843 acescentem,
2631 3785 2686 3833 et
2716 3776 2911 3833 acerbe
2940 3776 3426 3846 constringentem,
3474 3790 3572 3830 ne-

1996 3889 2105 3945 que
2157 3872 2437 3943 voluptate
2482 3868 2739 3940 quadam,
2793 3870 2941 3924 velut
2979 3865 3400 3938 putrefactione,
3447 3880 3572 3920 cor-

1998 3971 2217 4034 ruptum
2248 3972 2303 4019 et
2330 3963 2684 4018 dissolutum.
2739 3959 2801 4015 in
2840 3958 3102 4016 torculari
3131 3960 3276 4014 enim
3304 3956 3573 4026 cujusque

1998 4053 2196 4110 anima!
2211 4053 2475 4126 (torcular
2488 4068 2620 4110 vero
2643 4065 2726 4112 est
2744 4049 3314 4116 conscientia)botrus
3343 4060 3570 4117 operum

1997 4150 2183 4204 vinum
2221 4147 2380 4202 nobis
2417 4145 2471 4200 in
2513 4144 2753 4199 futuram
2784 4144 2951 4198 vitam
2987 4148 3250 4212 reponet;
3292 4154 3421 4193 nam
3454 4152 3574 4192 om-

2000 4241 2132 4294 nino
2162 4235 2534 4293 necessarium
2568 4243 2653 4290 est
2686 4233 2979 4304 quemlibet
3009 4231 3247 4302 propriis
3294 4227 3573 4283 laboribus

321 4319 520 4423 ἐφεξῆς
544 4319 879 4421 ἀποϐήσεται
902 4319 1034 4418 βίον.
1204 4344 1353 4398 πᾶσα
1372 4319 1584 4412 ἀνάγκη
1612 4341 1723 4395 τῶν
1752 4341 1887 4395 ἰδίων

2002 4332 2223 4403 repleri,
2270 4331 2685 4401 qualescunque
2729 4328 2947 4381 demum
2984 4324 3062 4377 illi
3108 4322 3333 4378 fuerint.
3385 4319 3574 4389 Itaque

320 4411 554 4497 ἕκαστον
582 4411 933 4513 ἐμφορεῖσθαι
965 4438 1161 4503 πόνων,
1191 4430 1292 4489 οἷοί
1327 4451 1431 4505 περ
1457 4432 1524 4487 ἂν
1552 4411 1790 4503 τύχωσιν
1814 4433 1887 4486 ὅν-

2005 4423 2149 4480 beati
2179 4431 2307 4476 sunt
2335 4421 2414 4475 illi
2446 4419 2649 4484 coloni,
2683 4430 2915 4487 quorum
2946 4416 3157 4478 vinum,
3190 4412 3318 4468 dum
3347 4411 3573 4475 bibitur,

319 4551 435 4597 τες.
474 4534 561 4597 Ὠς
596 4502 854 4604 μακάριοί
885 4547 949 4599 γε
977 4527 1083 4583 τῶν
1114 4524 1376 4598 γεωργῶν
1401 4502 1633 4590 ἐκεῖνοι,
1659 4516 1732 4576 ὧν
1763 4524 1792 4575 6
1820 4519 1887 4577 οἷ-

2008 4528 2105 4567 cor
2144 4512 2379 4566 laetiﬁcat
2411 4528 2424 4564 :
2457 4507 2748 4563 miserandi
2776 4521 2807 4561 e
2828 4505 3126 4569 contrario,
3178 4502 3440 4574 dignique
3489 4503 3568 4554 la-

322 4591 413 4689 νος
451 4591 990 4695 εύιρραίνειικαρδίαν
1033 4591 1319 4688 ἀνθρώπου
1358 4614 1471 4683 (94)
1503 4616 1560 4666 ἐν
1602 4612 1887 4666 ἀπολαύσει

2005 4605 2225 4676 crymis,
2251 4617 2483 4674 quorum
2506 4601 2688 4656 vinum
2713 4598 2872 4668 juxta
2899 4596 3068 4653 Mosis
3097 4595 3326 4658 dictum,
3365 4612 3384 4645 ι
3420 4591 3489 4646 fel
3521 4597 3576 4645 et

322 4685 627 4787 γινόμενός.
672 4685 924 4767 Ἐλεεινοὶ
966 4706 1024 4760 δὲ
1059 4685 1247 4761 ἐκ-τοῦ
1282 4704 1523 4758 ἐναντίου
1558 4704 1651 4757 καὶ
1686 4703 1887 4774 θρήνων

2007 4696 2086 4751 ira
2108 4695 2407 4750 draconum
2423 4693 2503 4744 ⁸⁸»
2532 4690 2781 4756 efﬁcitur,
2807 4694 3202 4744 commutatum
3228 4685 3285 4739 in
3308 4696 3575 4738 venenum

326 4772 488 4874 ἀξιοῖ,
501 4798 576 4859 ὧν
626 4805 655 4858 θ
668 4825 696 4860 υ
709 4805 808 4873 μδς
827 4799 1131 4870 δρακόντων
1160 4796 1188 4849 6
1212 4789 1353 4856 οἶνος
1373 4812 1391 4845 ι
1413 4793 1622 4864 γίνεται
1643 4772 1786 4843 κατὰ
1802 4788 1887 4861 τὴν

2004 4787 2182 4851 letale,
2208 4794 2262 4841 et
2289 4801 2357 4840 ex
2383 4781 2721 4840 Sodomitica
2747 4781 2906 4836 vinea
2934 4776 3290 4845 perditionem
3312 4772 3575 4827 afferens.

324 4863 603 4963 M-wﬁeéw;
632 4863 838 4965 φωνὴν,
863 4863 952 4955 ἐίς
978 4884 1355 4960 δηλητηριώδη
1398 4879 1713 4955 μεταϐαλὼν
1752 4879 1887 4932 ποιό·

2004 4877 2141 4933 Cum
2177 4877 2341 4948 igitur
2415 4871 2607 4927 oculos
2669 4865 2738 4922 ad
2795 4865 3054 4921 Octavam
3118 4863 3419 4929 reﬁexeris,
3454 4877 3570 4916 me—

398 5038 443 5107 ‘1
470 5072 606 5128 Joel.
642 5086 704 5133 ll,
743 5069 828 5123 ll.
925 5066 968 5097 ³⁵
992 5063 1156 5118 Zach.
1183 5075 1257 5123 vt,
1289 5058 1374 5111 12.
1480 5057 1526 5088 ³⁸
1556 5053 1714 5109 Joan.
1753 5053 1887 5117 xv,E

2025 5051 2069 5083 ³⁷
2102 5049 2299 5119 Ephcs.
2332 5060 2416 5109 lii,
2454 5045 2551 5112 t7;
2595 5041 2805 5100 Coloss.
2858 5055 2918 5107 ιι,
2946 5039 2999 5094 7.
3105 5036 3151 5070 ³⁸
3182 5036 3339 5093 Deut.
3388 5050 3566 5102 ut",

328 5145 419 5208 52,
450 5146 540 5199 55.

426 5324 517 5393 35)
560 5321 880 5393 Ἐντροπίςις
904 5316 1125 5393 quid???
1150 5310 1308 5393 δορί)
1630 5390 1645 5393 _
1668 5392 1673 5393 ,
1698 5373 1720 5393 ,.
1744 5373 1759 5393 .

2078 5295 2186 5363 (9|)
2234 5295 2297 5347 Ἡ
2320 5308 2430 5346 om.
2457 5294 2544 5347 ed.

2080 5366 2211 5393 [mn
2248 5364 2416 5393 ’Λευ-,ι
2470 5363 2534 5393 ΛΑ

553 5363 1591 5465 'EJaZESéE6%,"éiﬁfsvééegcr,.quidam
1622 5373 1784 5432 codd.

2078 5366 2212 5436 (91‘)
2248 5364 2443 5428 Ἀξιοι,
2469 5363 2557 5417 cd.

2080 5435 2192 5465 100\
2224 5434 2302 5465 Πι-
2316 5433 2361 5465 θ’
2399 5432 2559 5465 ’.εἰρηνιΓῖ

427 5430 519 5535 ξξς
563 5430 1519 5535 sizzz'gawrxgmea“
1633 5430 1675 5432 η

2079 5430 2361 5505 (92)’Παρ’
2399 5432 2561 5484 αὑτοῦ
2594 5446 2703 5484 om.
2737 5430 2826 5485 ed.

2080 5506 2191 5535 mm
2217 5501 2642 5535 Περκηηιῖιηηυφη
2702 5498 2768 5535 nti

336 5596 341 5601 ,
1163 5498 1271 5508 um
1300 5498 1385 5508 η’
2217 5498 2667 5587 Μεταστύφοντα,
2702 5498 2790 5553 ed.

411 5604 521 5630 mm
549 5605 687 5630 ιη..-
700 5601 786 5630 ης..
817 5615 901 5630 η...
961 5595 1025 5630 ml
1632 5602 1645 5609 -
2078 5582 2093 5630 ί
2136 5576 2190 5630 4)
2234 5572 2544 5630 Ἀνθρωπου
2565 5585 2674 5625 om.
2704 5569 2790 5623 ed.

409 5569 788 5672 233;;sz52:
817 5569 1122 5672 strati"
1632 5602 1645 5609 ρ

2078 5569 2190 5647 (94)
2234 5569 2544 5646 Ἀνθρώπου
2565 5585 2674 5625 om.
2704 5569 2792 5623 ed.

409 5604 522 5738 (89g
549 5604 786 5672 Φανερόν
817 5615 902 5651 om

407 5675 498 5743 (9t)
552 5672 660 5727 Τοῦ
685 5685 793 5726 om.
819 5669 906 5725 ed.
