3756 5988
196 300 297 355 507

1459 268 1515 341 s.
1558 281 1885 342 uasconu
1919 279 2214 337 NYSSENI

3332 278 3432 334 508

193 418 394 473 mento,
430 405 629 476 inquit,
676 401 1055 464 torcularium,
1105 406 1166 453 ut
1209 398 1303 453 tibi
1358 413 1452 469 per
1504 399 1767 455 bonorum

1954 411 2028 455 ια,
2069 393 2133 446 ἐκ
2179 391 2277 460 τῆς
2316 389 2664 461 Σοδομιτικῆς
2713 390 3043 461 κληματίδος
3087 392 3440 462 καρπυγονῶν

192 512 420 567 operum
455 494 865 550 multitudinem
899 492 1025 547 vino
1052 490 1259 560 optimo
1305 499 1358 544 et
1401 489 1627 544 odorato
1658 502 1769 544 tor-

194 590 404 643 eularia
463 587 808 651 redundent,
865 590 927 640 ut
978 590 1163 639 monet
1215 582 1472 637 Salomon
1526 582 1583 636 in
1629 580 1766 636 Pro—

194 680 399 736 verbiis
413 678 480 734 ³⁸.

805 982 1032 1040 CAPUT
1070 982 1158 1039 Vl.

271 1186 580 1258 Inscriptio,
616 1207 634 1240 ι
662 1186 768 1243 Pro
799 1188 1111 1255 Maeletlt“,
1151 1209 1168 1242 ι
1219 1189 1423 1245 clarius
1460 1190 1669 1246 reddita
1702 1193 1771 1248 ab

202 1278 309 1333 illis
333 1279 425 1347 qui
451 1294 569 1334 eam
601 1277 792 1334 Graeco
822 1281 1087 1335 vocabulo
1125 1288 1535 1350 expresserunt,
1573 1283 1771 1337 alaeri-

205 1379 366 1424 tatem
393 1368 681 1439 quamdam
719 1370 867 1425 addit
911 1371 1020 1425 illis
1065 1371 1158 1441 qui
1190 1372 1245 1425 in
1291 1372 1468 1426 stadio
1505 1375 1767 1426 virtutum

201 1461 500 1526 decertant,
540 1461 669 1515 dum
700 1462 823 1531 quis
853 1463 924 1515 sit
952 1462 1311 1515 certaminum
1357 1460 1478 1517 ﬁnis
1508 1464 1768 1528 ostendit,

202 1551 400 1606 choros
452 1559 506 1605 et
554 1552 902 1617 saltationes,
951 1561 1004 1606 et
1051 1552 1421 1621 jucunditates
1469 1554 1768 1611 victoribus

203 1642 508 1712 propositas
556 1658 895 1697 asseverans.
952 1644 1012 1697 ln
1061 1643 1203 1698 hanc
1246 1642 1395 1698 enim
1437 1646 1766 1700 sententiam

1870 485 1967 555 τὴν
2005 481 2298 536 ἀπώλειαν.
2348 480 2411 533 Εἰ
2441 481 2617 533 τοίνυν
2664 481 2790 552 περὶ
2818 481 2916 551 τὴν
2958 480 3179 551 Ὀγδόην
3194 480 3431 551 βλέπεις,

1874 576 2137 645 μέμνησο,
2164 572 2347 641 φησιν,
2380 572 2488 624 τῶν
2516 571 2712 640 ληνῶν,
2747 572 2822 636 ὡς
2845 572 2909 625 ἀν
2944 587 3025 624 σοι
3051 570 3139 624 διά
3167 570 3279 623 τῶν
3307 573 3442 639 ἀγα-

1873 664 1980 718 θῶν
2006 664 2181 734 ἔργων
2209 664 2300 716 τοῦ
2326 662 2617 733 ἀνθοσμίου
2638 664 2802 726 οῐνου,
2827 661 2965 716 κατά
2986 663 3075 716 τὸν
3098 661 3441 738 παροιμιώδη

1872 754 2048 823 λόγον,
2077 757 2131 808 αἱ
2160 754 2310 826 ληνοὶ
2339 754 2744 826 ὑπερϐλύζωσιν
2772 754 2907 825 (95).

2378 998 2789 1053 ΚΕΦΑΛΑΙΟΝ.
2839 1001 2930 1066 ς’.

1954 1205 2019 1257 Ἥ
2038 1203 2120 1256 δέ(
2145 1201 2311 1274 ’Υπὲρ
2325 1199 2533 1256 Μαελέθ
2548 1221 2568 1253 ›
2587 1200 2861 1271 ἐπιγραφὴ
2878 1200 3208 1272 σαφέστερον
3221 1203 3449 1257 ἐκδοθεῐ-

1874 1308 1944 1346 σα
1964 1291 2112 1362 παρά
2135 1291 2242 1344 τῶν
2276 1290 2710 1360 μεταϐαλλόντων
2733 1289 2842 1360 (96)
2873 1291 2952 1353 είς
2962 1290 3058 1361 τὴν
3090 1292 3316 1346 Ἐλλάδα
3337 1311 3445 1363 φω-

1873 1383 1968 1452 νὴν
1992 1381 2194 1452 ταύτην
2220 1382 2315 1453 τὴν
2341 1381 2505 1448 λέξιν,
2538 1380 2842 1452 προθυμίαν
2864 1382 2984 1437 τινὰ
3010 1385 3121 1447 τοῖς
3148 1384 3217 1437 δι’
3243 1385 3444 1455 ἀρετῆς

1873 1474 2288 1543 ἀγωνιζομένοις
2332 1471 2605 1543 ἐντίθησι,
2647 1471 2709 1523 τὸ
2754 1472 2925 1544 πέρας
2961 1474 3067 1526 τῶν
3119 1472 3301 1528 ἄθλων
3337 1470 3447 1527 οἷόν

1873 1566 2019 1619 ἐστιν
2053 1563 2513 1618 ὑποδεικνύουσα·
2559 1562 2775 1636 χορείας
2816 1563 2923 1634 (97)
2972 1565 3065 1618 καὶ
3109 1566 3446 1636 εὐφροσύνας

1873 1659 1984 1719 τοῖς
2056 1655 2423 1727 κεκρατηκόσι
2492 1640 2600 1708 τῶν
2671 1653 2896 1733 ἀγώνων
2962 1656 3285 1727 προκεῖσθαι
3356 1659 3444 1712 λέ-

204 1730 496 1785 dictionem
555 1732 701 1785 illam
770 1732 1179 1800 interpretatam
1231 1732 1580 1802 invenimus;
1643 1752 1768 1789 nam

1954 1762 2041 1798 ισα
2064 1744 2197 1815 (98),
2234 1745 2372 1816 πρὸς
2401 1743 2603 1815 ταύτην
2635 1744 2734 1816 τὴν
2751 1730 2988 1816 ἔμφασιν
3018 1746 3445 1818 ἐρμηνευθείσης

204 1822 372 1877 dictio
407 1822 634 1877 Maeleth
664 1823 803 1877 idem
857 1832 961 1887 est,
994 1825 1136 1894 quod
1177 1844 1194 1876 ι
1224 1840 1318 1895 per
1343 1820 1571 1883 chorum
1600 1845 1619 1879 ι
1668 1844 1769 1884 seu

212 1934 228 1965 ι
258 1916 628 1979 saltationem,
654 1935 674 1968 ι
708 1916 1014 1985 cujusmodi
1046 1916 1298 1972 videlicet
1324 1933 1390 1973 ex
1416 1919 1771 1975 historiarum

209 2008 577 2063 monumentis
603 2010 883 2064 exsutisse
914 2010 1165 2067 novimus
1194 2019 1317 2081 post
1349 2010 1566 2068 Davidis
1596 2015 1773 2069 victo-

208 2100 365 2163 riam,
401 2099 621 2167 quando
662 2101 731 2154 ah
762 2101 853 2155 illo
882 2101 1059 2155 adhuc
1097 2102 1464 2169 adolescente,
1509 2104 1774 2175 singulari

208 2187 263 2240 in
323 2189 618 2244 certamine
674 2188 890 2245 Goliath
954 2199 1272 2260 prostrato,
1319 2193 1627 2261 juvenculze
1679 2208 1775 2263 per

209 2280 408 2335 choros
443 2282 627 2337 effusa:
650 2322 664 2345 ,
720 2283 936 2338 labores
968 2284 1116 2339 illius
1156 2284 1211 2338 in
1247 2299 1426 2354 pugna
1465 2285 1555 2339 illa
1586 2300 1777 2342 susce—

210 2382 330 2440 ptos
359 2373 780 2427 celebrarunt“.
828 2373 952 2429 Pari
986 2376 1197 2430 ratione
1239 2390 1454 2429 omnem
1491 2376 1773 2430 victoriam

140 2486 145 2493 -
209 2463 276 2515 ab
319 2463 569 2517 hostibus
621 2466 821 2519 sudore
862 2473 916 2520 et
964 2466 1149 2520 labore
1200 2472 1531 2534 reportatam
1558 2505 1571 2529 ,
1615 2465 1775 2521 docet

211 2554 494 2624 inscriptio
529 2572 548 2606 ι
580 2556 681 2610 Pro
716 2555 965 2622 Maeleth,
989 2574 1008 2607 ι
1045 2556 1232 2610 laetitia
1268 2564 1323 2610 et
1366 2556 1549 2611 choris
1575 2558 1773 2627 excipi,

210 2661 331 2699 cum
377 2646 556 2700 omnis
609 2654 860 2702 creatura
905 2645 1135 2700 rationis
1179 2645 1453 2716 particeps
1498 2646 1773 2716 scipsam,

211 2736 367 2805 quasi
418 2739 472 2792 in
506 2738 660 2793 chori
703 2748 973 2793 concentu
998 2779 1012 2804 ,
1071 2737 1373 2793 victoribus
1403 2737 1778 2791 accommodet

211 2836 261 2879 et
294 2836 634 2898 attetnperet.
687 2828 924 2899 Tempus
956 2828 1101 2883 enim
1155 2826 1277 2893 fuit,
1322 2843 1434 2898 quo
1477 2843 1618 2884 unus
1660 2836 1778 2884 erat

211 2918 412 2972 chorus
460 2926 711 2974 creatura
746 2919 1048 2985 rationalis,
1092 2918 1148 2973 in
1196 2935 1363 2973 unum
1410 2920 1567 2974 cltori
1615 2935 1775 2991 cory-

214 3010 423 3077 phaeum
458 3009 725 3074 intentus.
759 3026 986 3080 seseque
1015 3011 1295 3081 explicans
1327 3018 1381 3067 et
1409 3013 1687 3067 revolvens
1710 3012 1776 3066 ad

1874 1837 1973 1908 τῆς
1999 1836 2212 1902 λέξεως.
2241 1837 2313 1891 Τὸ
2333 1837 2440 1909 γὰρ
2464 1836 2679 1891 Μαελέθ
2700 1837 2869 1907 ὄνομα
2898 1856 2917 1889 ι
2941 1836 3028 1890 διά
3049 1838 3266 1909 χορείας
3297 1856 3317 1890 ι
3348 1839 3446 1908 τὴν

1874 1928 2166 1999 ἑρμηνείαν
2220 1928 2353 1998 ἔχει.
2424 1922 2547 1983 Οἷον
2596 1927 2659 1998 δὴ
2707 1928 2801 1980 καὶ
2849 1928 2943 1981 ἐπὶ
2994 1927 3093 1999 τῆς
3144 1928 3302 2000 νίκης
3354 1927 3446 1982 τοῦ

1874 2018 2035 2072 Δαυῗδ
2059 2018 2144 2073 διὰ
2175 2020 2272 2091 τῆς
2300 2018 2537 2089 ἱστορίας
2559 2018 2822 2089 ἔγνωμεν,
2846 2019 2927 2071 ὅτι
2956 2018 3209 2082 πεσόντος
3238 2018 3333 2072 τοῦ
3353 2019 3447 2071 Γο-

1875 2110 1996 2164 λιάθ
2028 2112 2086 2165 ἐν
2117 2113 2180 2181 τῇ
2211 2110 2513 2182 μονομαχίᾳ
2537 2109 2628 2167 τοῦ
2652 2110 2796 2176 νέου,
2820 2110 3183 2182 θεραπεύουσι
3211 2112 3326 2181 (99)
3358 2112 3447 2164 τὸν

1875 2200 2165 2269 ἐναγώνιον
2196 2201 2359 2255 αὑτοῦ
2392 2201 2552 2254 πόνον
2582 2201 2975 2255 ὐπαπαντῶσαι
3014 2201 3101 2255 διὰ
3137 2202 3357 2273 χορείας
3390 2202 3447 2256 αἱ

1875 2290 2142 2356 νεάνιδες·
2182 2291 2325 2347 οὕτω
2377 2292 2557 2345 πᾶσαν
2602 2292 2759 2363 νίκην
2805 2292 2986 2365 ἱδρῶτί
3030 2310 3125 2357 τε,
3165 2294 3261 2347 καὶ
3303 2293 3446 2364 πόνῳ

1874 2383 2015 2438 κατά
2065 2381 2176 2438 τῶν
2223 2380 2531 2434 ἀντιπάλων
2579 2381 3039 2454 κατορθουμένην,
3090 2384 3123 2454 ή
3182 2384 3312 2455 περ).
3352 2382 3446 2436 τοῦ

1874 2473 2088 2527 Μαελέθ
2126 2472 2405 2544 ἐπιγραφὴ
2440 2472 2777 2543 εὐφροσύνην
2800 2473 2947 2541 λέγει
2973 2474 3067 2527 καὶ
3087 2474 3445 2545 χοροστασίαν

1875 2561 2206 2632 ἐκδέχεσθαι,
2239 2562 2419 2632 πάσης
2449 2562 2545 2633 τῆς
2573 2563 2768 2632 νοητῆς
2797 2561 3026 2627 κτίσεως
3058 2564 3278 2636 ἑαυτὴν,
3310 2564 3446 2617 καθ-

1878 2652 2021 2723 άπερ
2051 2654 2108 2705 ἐν
2137 2652 2295 2723 χοροῦ
2328 2654 2635 2725 συμφωνίᾳ,
2663 2656 2774 2716 τοῖς
2808 2657 3057 2725 νικηταῖς
3080 2654 3449 2726 συναρμοζού·

1879 2761 1999 2815 σης.
2020 2740 2128 2797 τΗν
2158 2745 2265 2815 γὰρ
2292 2744 2380 2797 ὅτε
2407 2743 2505 2814 μία
2539 2746 2636 2815 τῆς
2658 2745 2881 2815 λογικῆς
2908 2746 3119 2815 φύσεως
3147 2741 3214 2817 ἦν
3243 2747 3276 2815 ή
3295 2762 3450 2815 χορο-

1881 2833 2094 2898 στασία,
2127 2834 2261 2906 πρὸς
2285 2834 2379 2886 ἕνα
2406 2833 2678 2903 βλέπουσα
2699 2835 2788 2888 τὸν
2814 2835 2909 2888 τοῦ
2937 2836 3100 2908 χοροῦ
3132 2839 3448 2904 κορυφαῖον,

1880 2925 1972 2978 καὶ
2001 2924 2136 2996 πρὸς
2156 2925 2254 2995 τὴν
2280 2925 2487 2978 ἐκεῖθεν
2509 2925 2849 2998 ἐνδιδομένην
2872 2926 3020 2996 αὐτῷ
3042 2928 3104 2997 τῇ
3133 2928 3346 2997 κινήσει
3371 2927 3446 2995 (l)

1879 3013 1965 3067 διὰ
1989 3013 2087 3083 τῆς
2112 3013 2326 3083 ἐντολῆς
2359 3014 2625 3085 ἁρμονίαν
2654 3015 2743 3067 τὸν
2773 3015 2931 3087 χορὸν
2966 3016 3041 3085 (2)
3077 3016 3447 3070 ἀνελίσσουσα.

213 3100 358 3151 illam
389 3140 404 3164 ,
459 3115 580 3169 quae
636 3100 761 3155 inde
815 3100 1356 3165 subministrabatur,
1394 3101 1635 3156 victoriae
1685 3116 1777 3170 per

1958 3102 2108 3174 πειδὴ
2135 3103 2192 3156 δὲ
2218 3103 2317 3175 τὴν
2343 3104 2416 3174 (5)
2476 3103 2653 3159 ἔνθεον
2690 3104 2904 3176 ἐκείνην
2934 3104 3141 3158 διέλυσε
3169 3106 3263 3159 τοῦ
3291 3104 3449 3177 χοροῦ

214 3202 539 3263 praeceptum
586 3192 790 3256 relatae,
840 3192 1181 3247 harmoniam
1231 3201 1287 3247 et
1330 3193 1773 3249 consonantiam.

215 3285 505 3356 Postquam
539 3293 724 3343 autem
741 3294 896 3343 ortus
924 3287 1131 3359 peccati
1157 3285 1401 3339 divinum
1434 3288 1584 3341 illum
1625 3285 1779 3340 chori

214 3388 540 3433 concentum
576 3380 845 3444 dissolvit,
881 3380 1218 3450 pedibusque
1248 3377 1549 3450 primorum
1581 3393 1777 3447 paren-

216 3475 353 3531 tum,
387 3469 479 3538 qui
516 3469 654 3523 inter
697 3469 968 3540 angelicas
1019 3477 1318 3539 potestates
1369 3467 1656 3539 degebant,
1693 3468 1776 3523 lu-

216 3560 368 3613 brica
401 3559 734 3629 decepzionis
760 3561 970 3614 ratione
1002 3560 1301 3623 substrata,
1337 3561 1551 3613 ruinam
1577 3558 1777 3621 effecit,

220 3650 360 3705 unde
390 3651 549 3706 homo
582 3653 651 3706 ab
681 3652 773 3706 illa
827 3666 951 3706 cum
1002 3652 1209 3721 angelis
1256 3651 1515 3707 societate
1558 3650 1781 3704 avulsus

216 3748 320 3801 est,
364 3755 492 3796 casu
526 3742 919 3797 connexionem
950 3741 1304 3804 dissolvente,
1350 3741 1781 3806 multis,sudori-

220 3833 320 3887 bus
348 3841 401 3887 et
429 3834 706 3887 laboribus
732 3835 886 3902 lapso
916 3833 1124 3886 homini
1152 3848 1290 3903 opus
1319 3840 1421 3896 est,
1456 3841 1515 3886 ut
1543 3848 1665 3887 eum
1687 3833 1779 3900 qui

219 3924 321 3976 sibi
367 3923 475 3991 jam
530 3933 803 3992 prostrato
836 3925 1136 3986 incumbit,
1187 3925 1418 3979 debellet
1455 3931 1510 3978 et
1552 3933 1778 3987 evertat,

221 4029 441 4083 remque
469 4013 677 4068 fortiter
711 4022 886 4084 gerat,
924 4024 1242 4084 recepturus
1277 4015 1520 4069 muneris
1555 4016 1671 4069 loco
1699 4014 1783 4068 di-

222 4106 376 4160 vinos
419 4105 619 4160 choros
652 4108 720 4159 ob
754 4106 1035 4160 victoriam
1084 4106 1151 4159 ab
1184 4106 1498 4160 adversario
1540 4113 1785 4174 reporta-

221 4206 351 4250 tam.
404 4195 632 4262 Quando
686 4198 848 4269 igitur
896 4197 1133 4274 audieris
1186 4190 1617 4267 inscriptionem,
1663 4213 1784 4266 quia

223 4286 348 4342 illas
400 4302 582 4351 voces,
636 4306 654 4339 ι
688 4288 795 4343 Pro
846 4287 1095 4351 Maeleth,
1129 4307 1146 4338 ι
1196 4287 1441 4357 adjungit
1497 4287 1623 4351 illis,
1682 4287 1784 4341 tln

225 4380 404 4445 linem,
438 4399 456 4431 ι
494 4389 626 4435 tunc
665 4382 883 4436 noveris
916 4381 1012 4436 tibi
1044 4381 1188 4435 velut
1222 4395 1318 4449 per
1344 4380 1575 4449 aenigma
1609 4380 1787 4434 consi-

225 4472 352 4524 lium
384 4470 521 4533 dari,
566 4488 636 4526 ne
676 4473 1002 4527 succumbas
1035 4471 1088 4525 in
1120 4471 1478 4526 tentationum
1521 4470 1787 4525 conﬂicti-

225 4563 346 4626 bus,
402 4560 495 4615 sed
550 4568 609 4614 ut
655 4562 708 4614 in
746 4562 903 4615 linem
940 4561 1177 4615 victoriae
1232 4560 1513 4630 respicias,
1565 4562 1656 4630 qui
1704 4568 1788 4619 est

223 4644 482 4722 angelicis
531 4652 714 4707 choris
769 4653 1168 4718 annumerari;
1248 4660 1504 4721 tuamque
1549 4653 1785 4705 animant

224 4741 583 4795 tentationum
618 4742 976 4810 impressione
1020 4739 1313 4809 expurgari
1361 4740 1598 4809 cogites,
1641 4739 1787 4808 quod

226 4841 279 4885 et
309 4831 513 4886 Lazaro
542 4832 811 4887 accidisse
845 4848 910 4887 ex
938 4833 1055 4900 ipso
1088 4830 1316 4885 Domino
1345 4831 1661 4893 didicimus,
1693 4830 1786 4899 qui

226 4936 348 4974 cum
385 4937 479 4990 per
510 4922 823 4989 patientiam
874 4921 1241 4975 calamitatum
1291 4928 1404 4975 toto
1440 4922 1561 4976 vitae
1606 4921 1789 4975 curri-

226 5015 351 5069 culo
371 5030 491 5070 sese
522 5015 750 5071 illaesum
779 5030 1051 5084 casusque
1076 5023 1353 5084 expertem
1384 5023 1784 5077 conservasset,

299 5235 342 5270 ”
372 5236 529 5291 Prov.
570 5251 652 5301 ιιι,
698 5235 779 5291 10.

298 5443 412 5515 (93)
446 5443 968 5515 Ὑπερεκϐλύζωσιν.

296 5513 405 5581 (96)
439 5513 882 5575 Μεταϐςτιλόντιιιν,
920 5520 1005 5571 cl.

295 5584 409 5651 (97)
442 5584 513 5635 Τε
543 5585 666 5636 add.
693 5586 778 5635 eti.

298 5653 409 5785 (98)
444 5657 476 5705 .\
490 5654 645 5719 έγων,
674 5654 760 5705 etl.

323 5721 411 5785 99)
441 5723 760 5785 θεραπεύω·

323 5721 411 5787 99)
441 5723 863 5788 θεραπεύσουσι,
892 5724 975 5779 ctl,

1886 3193 2149 3263 συνῳδίαν
2192 3193 2622 3264 παρεμπεσοῦσα
2657 3196 2690 3266 ὴ
2740 3195 3003 3265 ἁμαρτία,
3038 3195 3131 3249 καὶ
3170 3200 3281 3259 τοῖς
3327 3197 3452 3249 ποσ)⁵

1883 3282 1991 3335 τῶν
2025 3281 2255 3353 πρώτων
2288 3283 2607 3356 ἀνθρώπων,
2631 3283 2741 3338 τῶν
2773 3285 2831 3338 ἐν
2868 3287 2986 3348 ταῖς
3018 3284 3334 3353 ἀγγελικαῖς
3365 3285 3451 3337 δυ-

1885 3375 2080 3445 νάμεσι
2110 3377 2561 3447 συγχορευόντων,
2596 3376 2688 3430 τὸν
2715 3376 2814 3448 τῆς
2844 3377 3059 3449 ἀπάτης
3085 3377 3296 3432 ὄλισθον
3324 3380 3453 3432 ὐπο-

1886 3464 2076 3534 χέασα,
2125 3464 2323 3535 πτῶμα
2360 3467 2648 3539 ἐποίησεν,
2695 3468 2816 3522 ὅθεν
2854 3467 3151 3539 διεσπάσθη
3191 3471 3290 3539 τῆς
3321 3470 3453 3541 πρὸς

1883 3557 2011 3620 τοὺς
2036 3555 2298 3627 ἀγγέλους
2334 3558 2627 3627 συναφείας
2655 3559 2683 3611 ὁ
2715 3557 3013 3629 ἄνθρωπος,
3045 3558 3136 3611 τοῦ
3166 3558 3455 3629 πτώματος

1884 3646 1983 3717 τὴν
2013 3647 2317 3719 συμϐουλὴν
2341 3650 2416 3720 (4)
2443 3649 2810 3713 διαλύσαντος·
2834 3648 3023 3702 τούτου
3059 3650 3219 3720 χάριν
3249 3650 3455 3705 πολλῶν

1888 3736 2124 3808 ἱδρώτων
2162 3741 2321 3811 χρεία
2361 3740 2440 3810 τῷ
2485 3740 2795 3793 πεπτωκότι
2838 3742 2932 3794 καὶ
2984 3741 3197 3804 πόνων,
3238 3741 3325 3795 ἵνα
3366 3742 3455 3794 τὸν

1888 3830 2231 3911 ἐπικείμενον
2260 3831 2424 3885 αὑτοῦ
2457 3831 2537 3901 τῷ
2556 3831 2821 3902 ’πτώματι
2854 3833 3368 3903 καταγωνισάμενός
3397 3849 3458 3885 τε

1888 3918 1983 3972 καὶ
2002 3919 2331 3990 ἀνατρέψας,
2362 3919 2522 3974 πάλιν
2550 3920 2827 3991 ἀνορθωθῇ
2850 3961 2865 3985 ,
2885 3921 3052 3992 γέρας
3073 3920 3174 3990 τῆς
3201 3921 3344 3974 κατά
3365 3920 3455 3973 τοῦ

1890 4008 2203 4072 παλαίοντος
2241 4010 2396 4081 νίκης
2426 4011 2524 4081 τὴν
2554 4009 2704 4064 θείαν
2738 4011 3096 4081 χοροστασίαν
3142 4010 3455 4081 δεξάμενος.

1893 4099 2059 4152 Ὅταν
2102 4096 2194 4154 οὖν
2225 4101 2460 4172 ἀκούσῃς
2504 4101 2605 4172 τῆς
2637 4103 2944 4173 ἐπιγραφῆς
2987 4102 3362 4171 συναπτούσης
3398 4105 3459 4159 τὸ

1894 4208 1913 4241 ι
1937 4190 2108 4261 Ὑπὲρ
2136 4191 2372 4258 Μαελὲθ,
2392 4213 2408 4244 ι
2444 4194 2509 4263 τῇ
2534 4211 2552 4243 ι
2576 4193 2671 4255 Εἰς
2701 4191 2852 4253 τέλος
2882 4210 2901 4242 ι
2938 4194 3117 4263 φωνῇ,
3145 4192 3265 4244 τότε
3290 4189 3459 4260 τγίνωι

1892 4299 1989 4335 σκε
2018 4282 2103 4335 διὰ
2131 4281 2222 4335 τοῦ
2256 4283 2567 4352 αἰνίγματος
2597 4281 2908 4353 συμϐουλήν
2940 4299 3021 4335 σοι
3049 4282 3421 4352 προσάγεσθαι
3441 4324 3456 4345 ,

1895 4374 1969 4444 μὴ
2006 4373 2396 4444 ἐγχαυνοῦσθαι
2433 4378 2544 4438 τοῖς
2571 4374 2680 4428 τῶν
2711 4374 3031 4445 πειρασμῶν
3061 4374 3456 4445 ἀγωνίσμασιν,

1892 4464 2005 4518 ἀλλ’
2034 4467 2114 4528 είς
2141 4465 2202 4518 τὸ
2225 4466 2377 4529 τέλος
2398 4467 2498 4536 τῆς
2525 4467 2680 4535 νίκης
2709 4465 2942 4535 βλέπειν.
2972 4465 3142 4518 Τοῦτο
3168 4465 3223 4518 δέ
3256 4466 3374 4519 ἐστι
3402 4466 3460 4518 τὸ

1893 4556 2297 4626 καταταχθῆναι
2326 4560 2391 4626 τῇ
2421 4556 2683 4627 ἀγγελικῇ
2714 4557 2903 4628 χορεία
2922 4573 2934 4586 ·
2978 4557 3071 4610 καὶ
3098 4559 3196 4627 τὴν
3227 4556 3326 4627 σὴν
3355 4556 3458 4626 ψυ-

1894 4644 1991 4716 χὴν
2031 4648 2097 4715 τῇ
2142 4645 2411 4716 προσϐολῇ
2467 4644 2575 4697 τῶν
2629 4644 2950 4715 πειρασμῶν
3006 4644 3457 4715 ἐκκαθαρθείσαν.

1892 4734 2015 4791 Οἷον
2053 4736 2118 4806 δὴ
2153 4736 2248 4789 καὶ
2285 4737 2378 4789 ἐπὶ
2427 4736 2522 4789 τοῦ
2572 4736 2822 4807 Λαζάρου
2872 4736 3123 4802 γενέσθαι
3163 4737 3313 4808 παρά
3361 4734 3486 4811 τῆς)

1892 4828 2076 4898 φωνῆς
2106 4827 2199 4881 τοῦ
2234 4829 2436 4898 Κυρίου
2487 4828 2816 4898 ἠκούσαμεν.
2873 4830 2969 4890 Ὃς
3006 4828 3191 4896 ἐπειδὴ
3230 4828 3319 4881 διὰ
3364 4816 3486 4898 τῆςῖ

1892 4917 2168 4988 ὑπομονῆς
2199 4918 2305 4970 τῶν
2335 4917 2669 4987 παθημάτων
2697 4919 2824 4987 παρ’
2848 4917 2969 4970 ὅλον
2987 4917 3082 4969 τοῦ
3115 4917 3230 4986 βίου
3256 4916 3316 4969 τὸ
3345 4916 3460 4970 στά-

1890 5010 1999 5063 διον
2032 5009 2291 5078 ἐφύλαξεν
2325 5010 2514 5064 ἑαυτὸν
2541 5009 2954 5076 άκατάπτωτον,
2988 5007 3330 5078 διαλυθείσης
3360 5007 3458 5061 ati-

867 5236 909 5267 ‘°
940 5233 1083 5289 Psal.
1120 5250 1213 5295 ιιι,
1254 5234 1297 5286 l.
1377 5232 1416 5264 δ’
1447 5231 1465 5285 1
1496 5232 1626 5303 Reg.
1656 5246 1789 5297 ιιι-ιι,
1826 5230 1896 5284 22
1926 5248 2045 5302 sqq.

1971 5437 2432 5506 (1)Νικήσει.ριιε

1970 5510 2043 5570 (:21
2074 5502 2431 5576 'l'tiwjtopd'w.
2470 5506 2556 5557 ml.

1972 5578 2046 5641 (5)
2086 5569 2319 5645 Τήνᾜίιιί
2362 5577 2445 5627 ιδιΙ.

1969 5647 2041 5717 (4)
2074 5648 2144 5697 Συ
2153 5646 2351 5716 μϐολήν
2361 5689 2373 5711 ,
2416 5648 2479 5698 cd
2490 5686 2500 5697 .
