3800 5980
242 286 352 344 509

1654 302 1721 356 IN
1758 303 2101 363 PSALMOS.

3393 311 3497 369 5l0

241 402 322 476 τῷ
482 407 684 501 σκηνῆς
713 408 812 481 (ὅ),
849 413 942 466 καὶ
969 414 1291 487 ἡττηθέντος
1332 419 1392 473 ὲν
1425 420 1501 491 τῷ
1533 420 1633 491 τῆς
1679 421 1826 492 ζωῆς

1943 427 2286 485 tabernaculo
2319 428 2504 484 carnis
2539 428 2658 498 ejus
2694 441 2724 482 a
2751 434 2927 483 morte
2952 426 3241 494 dissoluto,
3270 444 3499 501 supera-

247 496 448 567 σταδίῳ
476 499 568 552 τοῦ
602 502 1099 572 προσπαλαίοντος,
1136 508 1297 572 εὐθὺς
1335 512 1392 563 ὲν
1440 511 1693 580 ἀγγέλοις
1735 508 1822 582 ἦν.

250 606 276 640 ς
323 588 572 656 Ἐγένετο
606 610 625 642 ι
671 593 803 664 γὰρ,
842 589 1027 663 φησὶν,
1064 615 1083 649 ι
1137 599 1426 655 ἀποθανεῖν
1459 603 1550 654 τὸν
1589 602 1824 673 πτωχὸν,

246 681 345 733 καὶ
387 682 754 754 ἀπενεχθῆναι
783 685 889 739 ὑπὸ
927 686 1036 741 τῶν
1069 689 1347 757 ἀγγέλων.’
1384 710 1402 743 ›
1431 692 1579 764 Αὕτη
1618 695 1765 746 ἐστὶν
1794 695 1828 764 ἡ

246 772 462 844 χορεία,
494 775 526 844 ἡ
554 777 691 845 μετά
717 776 825 831 τῶν
855 779 1099 848 ἀγγέλων
1126 781 1423 853 ὁδοιπορία,
1452 786 1545 836 καὶ
1573 786 1602 837 6
1630 785 1830 847 κόλπος

248 864 345 917 τοῦ
393 866 766 937 πατριάρχου,
801 869 829 921 ό
865 870 923 921 ἐν
967 870 1117 942 αὑτῷ
1158 873 1695 943 συμπεριλαμϐάνων
1739 874 1831 927 τὸν

249 955 541 1026 Λάζαρον·
597 958 716 1010 οὐδὲ
754 959 915 1022 αὐτὸς
964 961 1065 1030 τῆς
1113 963 1343 1034 φαιδρᾶς
1390 964 1485 1018 τοῦ
1539 965 1701 1038 χοροῦ
1754 965 1830 1037 (6)

251 1045 574 1114 συμφωνίας
611 1046 715 1113 ἔξω
758 1052 977 1103 νοεῖται.
1011 1052 1225 1106 Κόλπον
1257 1053 1366 1125 γὰρ
1412 1055 1670 1119 ἀκούσας,
1720 1050 1833 1110 οἷόν

250 1150 375 1186 τινα
403 1135 715 1208 εὐρύχωρον
742 1139 1011 1208 πελάγους
1037 1143 1294 1214 περιοχὴν
1316 1184 1330 1207 ,
1369 1146 1429 1198 τὸ
1467 1146 1576 1199 τῶν
1612 1147 1832 1216 ἀγαθῶν

252 1224 555 1293 πλήρωμα,
603 1227 679 1291 ὡς
728 1220 1089 1303 ἐπωνομάσθη
1138 1235 1167 1286 6
1217 1235 1594 1309 πατριάρχης,
1634 1240 1833 1307 νοήσας

249 1331 359 1378 τις,
390 1315 491 1368 οὐκ
529 1316 596 1369 ἂν
634 1319 888 1390 ἁμάρτοι,
927 1323 984 1375 ὲν
1022 1315 1066 1390 ᾧ
1104 1323 1197 1376 καί¹
1223 1327 1252 1378 ὁ
1287 1325 1362 1397 (³7)
1405 1326 1653 1397 Λάζαρος
1683 1328 1832 1395 γίνε-

251 1419 366 1456 ται.
393 1402 515 1457 Τῶν
541 1405 645 1477 γὰρ
674 1408 732 1461 ἐν
758 1410 865 1473 τοῖς
893 1410 1099 1480 ὁμοίοις
1124 1412 1298 1481 ἀγῶσι
1325 1414 1711 1483 διαφανέντων,
1738 1417 1831 1470 οὑ-

253 1491 346 1543 δέν
372 1492 520 1545 ἐστιν
543 1494 669 1547 ἴδιον
693 1497 924 1561 οὐδενὸς,
947 1499 1082 1553 ἀλλά
1106 1502 1282 1555 κοινὸν
1308 1503 1527 1556 πάντων
1547 1505 1607 1557 τὸ
1632 1505 1833 1573 ἀγαθὸν

255 1583 491 1651 γίνεται,
524 1586 630 1640 τῶν
670 1588 756 1642 διὰ
795 1589 896 1659 τῆς
930 1591 1102 1662 αὐτῆς
1128 1594 1330 1666 ἀρετῆς
1372 1596 1463 1648 ἐπὶ
1500 1596 1560 1649 τὸ
1592 1596 1668 1667 (8)
1721 1596 1833 1650 ἴσον

258 1675 467 1745 ἀγαθὸν
492 1679 925 1751 συνδραμόντων.

311 1912 443 1964 Ἡδὲ
463 1932 481 1965 ι
497 1917 556 1970 τὸ
571 1916 770 1982 ἐξόδιον
790 1939 806 1971 ι
824 1920 1020 1989 ἔχουσα
1036 1940 1055 1972 ι
1075 1920 1173 1989 τῆς
1186 1922 1389 1992 σκηνῆς
1402 1942 1418 1974 ι
1430 1925 1835 1999 ὲπιγραφὴ,καὶ

262 2001 427 2054 πάλιν
447 2040 463 2064 ,
505 2021 522 2054 ι
554 2001 723 2074 ’Υπὲρ
767 2005 860 2058 τοῦ
904 2009 1257 2081 ὲγκαινισμοῦ
1287 2012 1379 2066 τοῦ
1417 2015 1563 2067 οἴκου
1596 2015 1778 2081 Δαυῖδ,
1810 2036 1828 2069 ι

259 2091 571 2161 γειτνιῶσιν
609 2094 866 2166 ἀλλήλαις
904 2102 1042 2153 κατά
1075 2102 1173 2172 τὴν
1205 2101 1353 2157 θέσιν
1399 2122 1458 2157 τε
1500 2106 1593 2159 καὶ
1626 2107 1723 2177 τὴν
1753 2108 1837 2162 έν-

260 2197 436 2236 νοιαν.
475 2183 626 2237 Ἔστι
661 2185 770 2256 γάρ
811 2189 844 2258 ὴ
898 2189 995 2258 μὲν
1024 2191 1082 2242 ὲν
1116 2190 1193 2262 τῷ
1242 2193 1472 2264 εἰκοστῷ
1507 2197 1602 2248 καὶ
1632 2197 1833 2268 ὀγδόῳ,

259 2274 294 2340 ή
336 2271 394 2324 δὲ
434 2274 493 2327 ὲν
525 2274 604 2344 τῷ
645 2276 779 2345 μετά
822 2277 1028 2335 τοῦτον.
1078 2281 1141 2335 Ἦ
1174 2282 1228 2335 δὲ
1262 2284 1404 2350 λέξις
1437 2286 1522 2355 ἐφ’
1553 2287 1832 2359 ἑκατέρου,

258 2364 450 2418 τοῦτον
483 2366 592 2437 ἔχει
626 2369 717 2422 τὸν
747 2373 975 2442 τρόπον’
1012 2376 1104 2429 ἐπὶ
1146 2378 1244 2447 μὲν
1285 2378 1384 2447 τῆς
1422 2379 1688 2451 προτέρας
1714 2382 1835 2434 ἐπι-

261 2454 520 2524 γραφῆς,
556 2477 574 2509 ι
610 2460 838 2529 Ψαλμὸς
874 2464 954 2534 τῷ
999 2466 1160 2518 Δαυῖδ
1200 2466 1399 2533 ὲξοδίου
1449 2468 1685 2539 σκηνῆςο
1726 2488 1743 2520 ι
1779 2472 1835 2523 ἐν

259 2544 319 2598 δὲ
352 2547 433 2617 τῷ
462 2550 682 2621 ἐφεξῆς,
717 2572 734 2603 ι
766 2554 991 2625 Ψαλμὸς
1033 2556 1176 2626 ᾠδῆς
1205 2557 1299 2611 τοῦ
1346 2560 1699 2630 ἐγκαινισμοῦ
1743 2561 1835 2614 τοῦ

260 2638 414 2690 οἴκου
448 2641 628 2695 Δαυῖδ.
676 2662 694 2693 ι
745 2645 868 2698 Ἐὰν
908 2647 1015 2719 γὰρ
1059 2649 1133 2719 μὴ
1176 2650 1278 2718 τῆς
1325 2650 1586 2721 αἰσθητῆς
1632 2652 1839 2722 σκηνῆς

261 2727 589 2801 ἐξέλθωμεν,
621 2735 650 2786 6
682 2735 933 2808 ἀληθινὸς
959 2739 1114 2809 ἡμῶν
1141 2736 1290 2804 οἰκος
1317 2742 1417 2795 οὐκ
1451 2743 1834 2811 ὲγκαινίζεται.

266 2819 339 2873 Τὸ
361 2821 420 2875 δὲ
446 2822 755 2894 λεγόμενον,
783 2829 1020 2883 τοιοῦτόν
1050 2831 1125 2901 (9)
1147 2835 1316 2886 ἐστιν’
1339 2833 1442 2885 Δύο
1474 2835 1599 2905 περὶ
1620 2835 1716 2906 τὴν
1749 2836 1840 2888 ἀν-

263 2910 546 2983 θρωπίνην
582 2921 781 2971 νοεῖται
810 2921 1001 2987 φύσινο
1042 2922 1077 2993 ἧ
1101 2939 1161 2975 τε
1187 2923 1469 2996 σαρκώδης
1515 2926 1648 2998 ζωὴ,
1679 2929 1711 2995 ή
1752 2927 1839 2980 διά

262 3003 373 3056 τῶν
390 3006 693 3078 αἰσθήσεων
718 3012 1100 3084 ἐνεργουμένη,
1120 3016 1213 3067 καὶ
1235 3017 1266 3086 ἡ
1290 3018 1629 3087 πνευματικὴ
1650 3019 1705 3071 δὲ
1727 3019 1836 3088 (10)

264 3096 362 3149 καὶ
398 3097 578 3163 ἄῦλος,
614 3100 647 3168 ἡ
674 3100 753 3170 τῷ
788 3101 958 3172 νοερῷ
999 3121 1058 3156 τε
1089 3105 1179 3156 καὶ
1227 3105 1501 3177 ἀσωμάτῳ
1533 3108 1630 3178 τῆς
1663 3108 1838 3178 ψυχῆς
1868 3087 1907 3144 C

265 3183 369 3255 βίῳ
399 3185 824 3259 κατορθουμένη.
867 3191 1005 3244 Ἀλλ’
1028 3192 1126 3245 οὐκ
1150 3192 1263 3245 ἐστι
1298 3194 1405 3246 τῶν
1429 3194 1521 3248 δύο
1549 3196 1689 3250 κατὰ
1716 3198 1840 3250 ταὺ-

217 3325 221 3327 _
261 3276 357 3329 τὸν
381 3278 441 3330 ἐν
470 3279 726 3350 μετουσίᾳ
748 3281 1020 3349 γενέσθαι.
1060 3283 1123 3336 Ἣ
1143 3285 1252 3354 γὰρ
1273 3286 1400 3356 περὶ
1424 3286 1483 3339 τὸ
1509 3287 1692 3359 ἕτερον
1717 3288 1838 3342 τού-

262 3384 374 3422 των
406 3370 634 3440 σπουδὴ,
667 3373 764 3442 τὴν
801 3373 895 3426 τοῦ
933 3375 1118 3446 ἐτέρου
1160 3376 1413 3447 στέρησιν
1443 3378 1833 3451 ἀπεργάζεται.

265 3461 477 3514 Οὐκοῦν
507 3461 562 3514 εἰ
597 3464 881 3535 μέλλοιμεν
910 3469 1223 3539 οἰκητήριον
1251 3467 1383 3522 Θεοῦ
1417 3472 1588 3524 ποιεῖν
1615 3470 1712 3541 τὴν
1736 3470 1840 3540 ψυ-

265 3550 388 3619 χὴν,
431 3549 665 3616 ἐξελθεῖν
692 3557 954 3626 προσήκει
996 3556 1105 3625 (il)
1147 3558 1245 3627 τῆς
1277 3557 1584 3627 σαρκώδους
1612 3558 1835 3629 σκηνῆς.

264 3641 342 3693 Οὐ
372 3641 483 3711 γὰρ
526 3641 671 3696 ἔστιν
713 3644 887 3708 ἄλλως
924 3646 1331 3716 ὲγκαινισθῆναι
1369 3648 1460 3702 τὸν
1509 3644 1656 3702 οἰκον
1683 3648 1839 3719 ἡμῶν

268 3733 377 3786 ὑπὸ
396 3733 492 3786 τοῦ
522 3736 958 3801 ἀνακαινίζοντος
982 3739 1130 3808 ἡμᾶς
1158 3738 1245 3791 διά
1275 3738 1373 3809 τῆς
1403 3738 1594 3793 ἑαυτοῦ
1628 3741 1843 3811 ἐνοική-

166 3844 188 3863 ο
269 3841 430 3887 σεως,
459 3828 508 3877 εἰ
553 3826 626 3896 μὴ
665 3827 726 3879 τὸ
767 3828 964 3893 ἐξόδιον
994 3828 1093 3898 τῆς
1131 3831 1334 3900 σκηνῆς
1362 3830 1449 3883 διά
1476 3830 1574 3901 τῆς
1610 3830 1703 3885 τοῦ
1734 3847 1841 3883 σω-

229 3949 235 3953 -
273 3916 505 3988 ματικοῦ
539 3917 655 3989 βίου
694 3918 1097 3992 ἀλλοτριώσεως
1134 3921 1526 3994 κατορθωθείη.

1929 523 2096 586 toque
2129 519 2185 572 in
2219 518 2321 574 hoc
2350 518 2605 575 conﬂictu
2639 519 2977 583 adversario,
3018 520 3202 573 statim
3234 521 3374 575 inter
3400 538 3499 577 an-

1929 604 2078 673 gelos
2109 614 2359 675 receptus
2386 615 2487 663 est.
2520 626 2538 657 ‹
2563 606 2788 660 Factum
2816 612 2899 659 est
2924 605 3091 669 enim,
3112 628 3132 661 ι
3163 606 3359 675 inquit,
3380 627 3398 660 ι
3440 592 3502 664 ιιί

1932 708 2235 753 moreretur
2255 698 2559 763 mendicus,
2582 707 2636 752 et
2661 699 3041 767 deportaretur
3066 697 3136 751 ab
3164 698 3446 768 angelis".
3473 719 3491 752 ι

1936 786 2197 843 Videlicet
2238 789 2352 844 haec
2383 804 2508 844 cum
2536 792 2744 860 angelis
2787 792 3007 854 chorea,
3040 789 3176 843 nihil
3219 796 3304 844 est
3350 789 3498 846 aliud

1932 893 2092 947 quam
2128 894 2250 933 cum
2286 880 2492 950 angelis
2536 880 2820 951 profectio,
2857 882 3116 949 sinusque
3151 878 3496 950 patriarcha},

1934 971 2028 1040 qui
2057 969 2324 1024 Lazarum
2355 972 2579 1041 excipit,
2610 988 2678 1027 ne
2711 973 2827 1043 ipse
2858 973 3077 1043 quidem
3107 979 3259 1027 extra
3298 971 3499 1040 jucun—

1933 1061 2057 1114 dam
2089 1060 2230 1114 hanc
2259 1061 2635 1131 symphoniam
2668 1061 2809 1115 situs
2839 1069 2941 1117 est.
2982 1060 3117 1114 Nam
3147 1062 3194 1116 si
3217 1061 3341 1131 quis
3372 1073 3497 1115 cum

1932 1150 2110 1202 sinum
2141 1149 2313 1211 audit,
2346 1151 2492 1204 velut
2525 1158 2734 1205 vastam
2785 1149 3077 1218 quamdam
3108 1150 3282 1219 pelagi
3314 1150 3500 1202 latitu-

1935 1238 2137 1299 dinem,
2167 1240 2432 1293 honorum
2463 1241 2704 1294 omnium
2738 1239 3127 1309 plenitudinem
3153 1254 3246 1307 per
3268 1238 3500 1307 patriar—

1934 1331 2091 1384 cbam
2119 1330 2476 1399 signiﬁcatam
2502 1330 2653 1394 velit,
2686 1330 2732 1385 is
2764 1345 3103 1399 nequaquam
3136 1327 3497 1391 aherraverit;

1933 1427 1987 1481 in
2020 1440 2126 1496 qua
2156 1414 2421 1480 bonorum
2458 1425 2792 1478 abundantia
2816 1424 3055 1479 Lazarus
3083 1437 3299 1492 quoque
3328 1421 3502 1475 collo-

1933 1524 2106 1572 catur.
2161 1514 2297 1571 Nam
2345 1515 2492 1586 quod
2542 1517 2598 1570 in
2648 1516 2812 1584 huius
2861 1516 3079 1586 generis
3109 1512 3504 1570 certaminibus

1934 1608 2218 1671 elucescit,
2269 1608 2475 1664 nullius
2512 1608 2793 1678 pr0prium
2840 1615 2964 1670 est,
3013 1607 3105 1661 sed
3151 1607 3209 1659 lit
3259 1605 3503 1658 omnium

1934 1712 2224 1752 commune
2249 1697 2474 1762 bonum,
2517 1697 2780 1761 omnium,
2830 1700 3074 1766 inquam,
3107 1697 3198 1766 qui
3230 1710 3327 1765 per
3355 1709 3506 1749 eam-

1863 1762 1911 1822 Β
1937 1789 2059 1846 dem
2088 1789 2346 1843 virtutem
2373 1788 2439 1843 ad
2465 1789 2673 1857 aequale
2700 1762 3292 1843 bonum-contendunt.

2003 1921 2072 1973 At
2099 1920 2381 1991 insrriptio
2408 1937 2528 1992 qua:
2554 1922 2635 1978 sic
2664 1922 2825 1976 habet
2853 1941 2868 1977 :
2906 1940 2925 1974 ι
2951 1920 3142 1975 Exitus
3183 1919 3509 1973 tabernacu-

1934 2011 1994 2074 li,
2032 2031 2049 2063 δ
2086 2020 2141 2067 et
2170 2012 2282 2078 illa,
2328 2031 2347 2064 ι
2372 2011 2478 2066 Pro
2509 2013 2851 2090 dedicatione
2880 2012 3075 2068 domus
3105 2011 3293 2076 David,
3324 2028 3342 2061 ›
3377 2010 3511 2064 vici-

1936 2102 2157 2156 nitatem
2201 2102 2493 2172 quamdam
2542 2118 2649 2156 non
2706 2101 2868 2156 modo
2918 2101 3184 2171 positione
3212 2110 3264 2155 et
3295 2099 3506 2163 ordine,

1937 2194 2029 2248 sed
2053 2202 2105 2248 et
2126 2209 2288 2248 sensu
2316 2193 2534 2248 habent.
2561 2193 2651 2246 Illa
2673 2195 2814 2248 enim
2837 2200 2920 2247 est
2941 2193 2995 2247 in
3017 2193 3274 2247 vicesimo
3293 2199 3506 2256 octavo,

1937 2286 2051 2339 ἤλυε
2090 2287 2142 2338 in
2178 2286 2423 2354 sequenti
2462 2287 2689 2354 psalmo.
2726 2286 2782 2339 ln
2816 2293 3047 2354 utroque
3074 2292 3253 2339 autem
3288 2281 3355 2335 ad
3390 2297 3511 2336 ver-

1937 2380 2062 2434 bum
2108 2380 2180 2431 ita
2223 2388 2306 2434 est
2339 2386 2599 2447 concepta
2628 2378 2929 2446 inscriptio.
2962 2376 3019 2428 ln
3050 2375 3212 2445 priori
3244 2372 3459 2443 quidem
3492 2389 3507 2425 :

1946 2490 1962 2522 ι
1992 2470 2240 2525 Psalmus
2275 2468 2439 2523 David
2461 2509 2474 2534 ,
2507 2469 2684 2524 exitus
2731 2467 3088 2522 tabernaculi.
3122 2485 3139 2516 ι
3176 2464 3233 2518 1n
3266 2462 3512 2533 proxime

1939 2562 2185 2631 sequenti
2219 2562 2319 2615 hoc
2343 2561 2503 2614 modo
2538 2577 2551 2611 :
2588 2559 2865 2614 «Psalmus
2896 2557 3123 2622 cantici__
3150 2551 3510 2609 dedicationis

1939 2654 2133 2707 domus
2169 2650 2354 2704 David.
2392 2669 2410 2702 ι
2458 2649 2575 2705 Nisi
2621 2650 2766 2704 enim
2809 2665 2875 2704 ex
2912 2647 3154 2703 sensibili
3191 2646 3295 2699 hoc
3329 2643 3509 2697 taber-

1940 2742 2134 2796 naculo
2165 2741 2528 2810 egrediantur,
2579 2754 2704 2794 vera
2736 2748 2927 2793 nostra
2958 2738 3154 2792 domus
3206 2750 3310 2789 non
3359 2731 3512 2785 dedi-

1940 2844 2113 2887 catur.
2144 2833 2298 2898 Quod
2331 2849 2460 2886 vero
2494 2832 2579 2887 his
2600 2832 2929 2893 insinuatur,
2956 2826 3223 2899 ejusmodi
3252 2824 3509 2896 quiddam

1940 2933 2071 2979 est:
2111 2923 2240 2977 Duae
2275 2925 2328 2977 in
2365 2924 2603 2977 humana
2652 2931 2849 2977 natura
2901 2919 3237 2975 considerari
3284 2922 3514 2987 possunt

1942 3016 2085 3078 vitae,
2122 3015 2293 3069 altera
2343 3016 2584 3069 carnalis
2613 3021 2667 3069 et
2713 3012 2929 3083 corpori
2978 3011 3221 3075 addicta,
3266 3024 3385 3079 quae
3419 3022 3516 3076 per

1943 3123 2138 3163 sensus
2169 3116 2453 3176 operatur;
2490 3108 2659 3160 altera
2696 3105 2995 3175 spiritualis
3026 3111 3079 3158 et
3116 3098 3513 3162 immaterialis,

1945 3216 2065 3270 quae
2100 3200 2150 3252 in
2183 3199 2396 3253 vivendi
2426 3214 2623 3269 genere
2654 3213 2682 3251 a
2725 3199 3005 3268 corporeis
3048 3196 3213 3250 rebus
3244 3193 3514 3264 sejuncto,

1944 3297 1997 3344 et
2029 3290 2131 3343 sub
2158 3290 2327 3344 solam
2359 3289 2771 3360 intelligentiam
2801 3291 3031 3344 cadente
3072 3287 3342 3351 consistit,
3375 3284 3520 3340 lieri-

1944 3399 2050 3453 que
2100 3399 2210 3437 non
2257 3392 2466 3452 potest,
2520 3391 2578 3436 ut
2619 3384 2733 3438 haec
2782 3383 2891 3437 duo
2923 3383 3045 3436 vita:
3090 3397 3286 3452 genera
3327 3386 3515 3434 mutua

1946 3473 2330 3527 communione
2374 3473 2694 3543 iungantur.
2748 3472 2881 3526 Nam
2922 3473 3184 3536 studium,
3226 3470 3371 3541 quod
3420 3469 3518 3523 uni

1946 3565 2299 3634 impenditur,
2334 3565 2564 3618 alterum
2594 3579 2624 3618 e
2656 3564 2832 3618 medio
2861 3565 3000 3617 tollit
3042 3548 3058 3616 ξ
3091 3564 3138 3616 si
3181 3564 3348 3632 igitur
3398 3561 3516 3613 ani-

1944 3672 2088 3710 mam
2137 3664 2381 3711 nostram
2435 3654 2528 3710 Dei
2570 3654 2942 3708 habitaculum
2991 3651 3205 3707 eliicere
3259 3650 3516 3715 velimus,

1943 3755 2179 3817 oportet,
2216 3758 2273 3802 ut
2305 3763 2472 3802 carne
2513 3745 2858 3817 egrediamur
2893 3760 2957 3799 ex
3001 3742 3209 3797 carnali
3257 3741 3519 3794 taberna-

1944 3839 2262 3893 culo.Aliter
2282 3840 2428 3894 enim
2456 3838 2571 3892 lieri
2602 3837 2807 3906 nequit,
2843 3842 2902 3888 ut
2933 3834 3127 3888 domus
3161 3840 3345 3886 nostra
3375 3829 3521 3883 dedi-

1944 3939 2102 3984 cetur
2125 3931 2328 3996 abillo,
2376 3930 2471 4000 qui
2501 3944 2600 3984 nos
2631 3943 2724 3998 per
2761 3942 2913 3985 suam
2943 3924 3388 3979 inhabitationem
3424 3921 3521 3975 de-

1943 4021 2110 4082 dicat,
2153 4023 2261 4077 nisi
2288 4023 2468 4077 exitus
2498 4037 2564 4076 ex
2594 4020 2948 4075 tabernaculo
2979 4033 3073 4088 per
3099 4017 3435 4071 aversionem
3466 4020 3521 4069 et

272 4100 458 4170 fugam
488 4100 612 4157 vitae
639 4102 1343 4173 corporisjucunditatibus
1369 4104 1586 4170 deditae,
1612 4105 1849 4178 legitime
1877 4109 2217 4168 instituatur.

354 4244 413 4296 Ὀ
445 4242 503 4294 δὲ
528 4241 625 4312 τῆς
643 4260 661 4292 ι
683 4240 1021 4303 Ἐκστάσεως
1042 4258 1063 4292 ι
1086 4239 1298 4312 ψαλμδς
1321 4242 1348 4293 6
1376 4239 1510 4310 μετά
1538 4240 1628 4293 τὸν
1653 4242 1841 4308 ἐγκαιο

270 4335 462 4405 νισμὸν
508 4334 859 4403 τεταγμένος,
898 4327 959 4387 οὗ
1004 4331 1322 4402 πρόσκειται
1354 4332 1461 4401 (12)
1503 4331 1844 4402 ἡέπιγραφὴ

271 4427 433 4497 αὕτη,
470 4445 490 4476 ‹
527 4427 622 4489 Εἰς
640 4426 701 4478 τὸ
726 4425 877 4488 τέλος
906 4423 1117 4494 ψαλμὸς
1147 4422 1225 4493 τῷ
1257 4422 1417 4476 Δαυῖδ
1454 4424 1789 4487 ἐκστάσεως,
1822 4442 1838 4472 ι

1994 4244 2270 4315 ¹Ρειιιηιιιε
2339 4263 2357 4297 ι
2390 4246 2706 4306 Exstaseos,
2748 4263 2767 4295 ι
2821 4243 2912 4312 qui
2962 4251 3081 4311 post
3124 4239 3521 4295 dedicationem

1951 4335 2321 4405 subjungitur,
2370 4337 2453 4389 cui
2497 4336 2612 4389 haec
2663 4335 2946 4404 inscriptio
2995 4341 3078 4387 est
3128 4331 3370 4401 praefixa,
3411 4349 3430 4382 ι
3461 4330 3522 4384 In

1953 4423 2111 4478 linem
2139 4425 2381 4492 psalmus
2410 4423 2576 4476 David
2601 4421 2833 4476 cxstasis
2852 4421 2919 4484 ",
2954 4440 2972 4471 ›
3019 4425 3285 4474 consonat
3316 4417 3381 4470 iis
3403 4431 3525 4485 quae

274 4517 565 4588 σύμιρωνός
593 4519 706 4570 ἐστι
728 4520 838 4580 τοῖς
868 4516 1209 4587 προτεθεωρη
1218 4513 1419 4583 μένοις,
1434 4514 1691 4583 ἐκστῆναι
1711 4531 1773 4566 συ
1782 4531 1835 4584 μ-

1948 4515 2059 4585 jam
2093 4516 2375 4583 praemissa
2409 4522 2557 4579 sunt,
2593 4527 2819 4567 monens
2853 4523 2910 4566 ut
2937 4512 3004 4565 ab
3032 4512 3139 4566 illis
3170 4509 3522 4571 absistamus,

272 4609 545 4663 ϐουλεύων
578 4609 819 4674 ἐκείνων,
846 4602 919 4661 ὧν
953 4608 1252 4677 ὲπιϐλαϐής
1272 4608 1415 4658 ἐστιν
1446 4607 1478 4675 ἡ
1505 4605 1783 4673 συνάφεια.

345 4738 442 4806 Οἷς
463 4741 521 4794 δὲ
545 4741 873 4812 παράκειται
902 4740 982 4805 τὸ,
1014 4757 1031 4789 ι
1059 4740 1152 4801 Εἰς
1185 4737 1488 4807 ἀνάμνησιν
1508 4781 1522 4805 ,
1547 4755 1565 4788 ι
1590 4736 1850 4804 σύντομόν

275 4853 395 4890 τινα
406 4832 756 4887 διδασκαλίαν
775 4833 804 4883 6
830 4831 983 4899 λόγος
1007 4830 1254 4900 ὑπὲρτῆς
1275 4827 1542 4899 σωτηρίας
1565 4829 1693 4898 ἡμῖν
1718 4829 1851 4881 ὑπο-

278 4922 504 4976 τίθεται.
523 4920 739 4989 Ἐπειδὴ
751 4919 855 4991 γάρ
867 4922 900 4985 ἠ
916 4918 1167 4990 παρακοὴ
1181 4921 1278 4988 τῆς
1299 4917 1447 4980 θείας
1472 4918 1710 4986 ἐντολῆς,
1734 4917 1853 4980 ὁδὸς

279 5015 353 5075 εἰς
378 5011 654 5065 ἀπώλειαν
683 5015 792 5074 τοῖς
821 5008 1127 5081 ἀνθρώποις
1149 5010 1363 5078 ἐγένετο
1399 5010 1478 5076 (οὐ
1503 5009 1611 5079 γὰρ
1637 5008 1701 5061 ἂν
1727 5010 1857 5061 ἀπο-

277 5101 547 5177 λώλαμεν,
576 5106 626 5156 εἰ
654 5106 719 5174 τῇ
763 5106 949 5174 μνήμῃ
975 5102 1073 5172 τὴν
1116 5101 1330 5171 ἐντολὴν
1358 5099 1740 5169 ὲφυλάξαμεν),
1771 5099 1856 5152 διά

1952 4620 2185 4675 quorum
2219 4604 2537 4675 coniunctio
2569 4603 2791 4673 periculi
2827 4604 2983 4672 plena
3017 4611 3118 4656 est.

2029 4735 2236 4802 Quibus
2277 4751 2405 4790 vero
2442 4736 2775 4806 pra-ponitur
2818 4733 2950 4786 illud
2993 4752 3006 4787 :
3062 4754 3080 4783 ‹
3110 4735 3165 4786 in
3201 4747 3528 4787 rememora-

1959 4827 2253 4892 tionem“;
2275 4844 2293 4876 ι
2322 4827 2401 4880 illi
2432 4824 2893 4895 compendiariam
2916 4824 3203 4893 quamdam
3225 4825 3526 4877 doctrinam

1960 4918 2154 4971 salutis
2180 4925 2380 4970 nostrae
2404 4915 2760 4984 procuranda:
2786 4913 3025 4968 tradunt.
3048 4911 3179 4965 Nam
3202 4928 3320 4965 cum
3352 4921 3529 4966 trans-

1958 5008 2167 5076 gressio
2192 5006 2358 5059 divini
2394 5006 2648 5075 praecepti
2692 5003 3000 5058 hominibus
3048 5005 3183 5057 viam
3229 5002 3296 5056 ad
3340 5003 3527 5055 interi-

1963 5109 2076 5152 tum
2100 5098 2370 5165 aperuerit
2399 5096 2529 5162 (non
2559 5097 2702 5150 enim
2737 5096 3106 5166 periissemus,
3130 5093 3171 5151 si
3203 5102 3528 5164 praeceptum

348 5303 392 5336 ¹⁵²
415 5302 549 5358 Luc.
583 5317 693 5366 xvi,
730 5302 818 5357 “22.
895 5302 938 5334 ‘3
972 5300 1112 5356 Psal.
1143 5315 1266 5366 xxx,
1303 5301 1347 5354 l.
1410 5282 1470 5332 I“
1507 5301 1650 5356 Psal.
1684 5312 1890 5363 xxxv",
1926 5296 1981 5363 l;
2011 5311 2158 5359 Lm,
2188 5296 2235 5348 l.

354 5497 432 5566 (5)
472 5496 697 5566 Κοινῆς,
721 5493 810 5566 ομ.

358 5562 430 5636 (ﬁt
480 5565 587 5636 Τοῦ
608 5562 905 5636 χοροῦλοω.
947 5562 1036 5618 ed.

353 5633 432 5699 (7)
479 5634 537 5687 '0
571 5633 688 5689 om.
724 5636 810 5688 ed.

353 5702 429 5774 (si)
458 5704 530 5756 Τό
555 5720 662 5759 οιη.
687 5704 773 5759 ed.

2043 5488 2119 5558 (9)
2144 5488 2329 5548 Τοῦτο,
2374 5486 2459 5540 ed.

2043 5562 2154 5627 (10)
2182 5560 2272 5622 Ta,
2301 5558 2386 5610 ed.

2038 5624 2149 5695 (Η)
2182 5629 2259 5697 Τῇ
2288 5626 2447 5695 σαρκί
2481 5624 2603 5677 add.
2641 5624 2727 5680 ed.

2039 5700 2148 5768 (i2)
2176 5698 2486 5767 Πρόκειται,
2518 5697 2602 5748 ed.
