3800 5980
244 234 339 291 511

1503 235 1561 292 S.
1602 233 1930 293 GREGORII
1963 234 2258 293 NYSSENI

3383 234 3493 291 δη

237 349 500 407 memoria
527 350 1074 421 retinnissemus),ob
1103 351 1158 409 id
1202 353 1359 423 quasi
1389 352 1686 409 remedium
1713 353 1811 408 de-

1930 352 2070 408 ιοῦτο
2101 354 2176 418 ὡς
2213 354 2628 427 ἀντιφάρμακον
2657 350 2752 407 τοῦ
2789 352 2929 408 κατὰ
2957 351 3055 423 τήν
3081 350 3249 423 λήθην
3284 350 3495 418 πάθους

238 441 470 511 pellendi
499 444 748 496 morbum
776 442 1090 508 oblivionis,
1120 444 1442 515 proponitur
1466 444 1626 501 nobis
1669 459 1807 515 prae-

235 533 376 603 cepti
409 533 735 599 recordatio,
767 534 929 605 idque
961 534 1015 588 in
1044 535 1257 591 duobus
1280 534 1524 605 psalmis.

284 645 683 704 ,Confessionis
701 662 854 712 voce,
873 663 996 703 cum
1019 648 1230 718 psalmo
1254 648 1586 719 praeponitur
1606 647 1673 711 ",
1695 647 1810 702 haec

239 730 529 785 docemur:
550 734 690 788 Cum
718 735 1016 790 secundum
1036 732 1333 806 Scriptura:
1359 737 1808 793 consuetudinem

237 820 435 890 duplex
462 822 532 875 sit
560 823 885 893 signiﬁcatio
914 825 1273 882 confessionis
1291 826 1477 885 :modo
1505 828 1647 883 enim
1679 842 1807 897 pec-

239 921 510 978 catorum,
534 927 655 983 quae
687 913 1030 979 admisimus,
1080 917 1435 986 prolationem
1498 919 1660 975 modo
1689 934 1811 989 gra-

239 1004 436 1057 tiarum
476 1005 746 1059 actionem
791 1005 1057 1075 signiﬁcat
1083 1025 1097 1062 :
1122 1008 1211 1063 hic
1243 1015 1471 1081 utroque
1506 1010 1808 1081 significatu

237 1093 305 1147 ad
336 1094 499 1148 vitam
530 1109 593 1148 ex
624 1096 822 1151 virtute
853 1097 1113 1167 agendam
1143 1101 1813 1172 manuducimurpprola—

237 1185 316 1237 tio
341 1184 483 1239 enim
521 1192 866 1254 peccatorum
896 1197 1115 1259 separat
1160 1206 1259 1245 nos
1297 1198 1351 1245 et
1379 1191 1598 1247 abducit
1628 1208 1660 1246 a
1693 1208 1811 1247 man

238 1274 343 1341 lis,
403 1274 755 1346 studiumque
813 1288 1061 1348 prompte
1117 1280 1310 1349 agendi
1363 1282 1603 1352 gratias,
1649 1293 1811 1353 anget

238 1366 400 1418 etiam
450 1367 681 1436 gratiam
731 1374 786 1423 et
830 1368 1257 1425 benevolentiam
1287 1372 1648 1429 benefactoris
1677 1389 1805 1444 erga

238 1455 362 1509 illos
387 1456 480 1525 qui
510 1455 771 1511 beneficia
797 1458 1022 1513 memori
1058 1467 1111 1514 et
1133 1471 1286 1531 grata
1307 1471 1488 1519 mente
1520 1465 1805 1534 recipiunt.

1907 445 2007 517 τὴν
2035 444 2338 516 ἀνάμνησιν
2362 446 2460 516 τῆς
2485 445 2722 516 ἐντολῆς,
2748 446 2778 498 ὁ
2805 444 2960 521 λόγος
2988 443 3118 515 ἡμῖν
3152 443 3490 513 ὑποτίθεται,

1910 535 1967 588 ἐν
1997 532 2090 587 δύο
2116 533 2454 605 ψαλμῳδίαις
2483 532 2643 587 τοῦτο
2670 533 2858 587 ποιῶν.

1991 642 2080 695 Ἐν
2105 635 2184 704 οἷς
2209 641 2265 694 δὲ
2293 644 2325 712 ή
2355 642 2738 714 ἐξομολόγησις
2765 643 3105 716 πρόσκειται,
3137 641 3308 698 ταῦτα
3334 643 3494 716 παρὰ

1909 733 2008 804 τῆς
2035 733 2217 804 φωνῆς
2237 734 2616 806 διδασκόμεθαο
2639 734 2842 806 Διπλῆς
2868 733 3035 805 οὔσης
3058 735 3114 788 ὲν
3140 738 3208 806 τῇ
3234 734 3487 807 Γραφικῇ

1911 827 2187 898 συνηθείᾳ,
2216 827 2315 897 τῆς
2356 827 2497 881 κατὰ
2537 829 2636 897 τὴν
2663 826 3045 897 ἐξομολόγησιν
3077 827 3369 899 σημασίας,
3393 827 3492 881 καὶ

1912 913 2007 968 νῦν
2049 914 2147 983 μὲν
2178 909 2274 978 τὴν
2311 912 2683 985 ὲξαγόρευσιν,
2718 910 2873 978 αὖθις
2909 914 2965 968 δὲ
2991 915 3089 986 τὴν
3135 915 3490 986 εὐχαριστίαν

1911 1002 2353 1074 ἐνδεικνυμένης·
2398 1004 2631 1060 ἐνταῦθα
2656 1005 2776 1058 κατ’
2798 1005 3112 1077 ἀμφοτέρας
3147 1005 3245 1070 τὰς
3279 1005 3492 1068 ἑννοίας

1914 1094 2048 1164 πρὸς
2092 1094 2181 1150 τὸν
2226 1098 2346 1150 κατ’
2375 1098 2576 1168 ἀρετὴν
2620 1097 2733 1166 βίον
2782 1097 3286 1170 χειραγωγούμεθα.
3312 1098 3388 1151 Ἥ
3422 1115 3489 1151 τε

1910 1185 2018 1258 γὰρ
2050 1185 2398 1257 ὲξαγόρευσις
2432 1188 2707 1259 χωρισμόν
2750 1205 2811 1241 τε
2862 1189 2957 1243 καὶ
2996 1189 3345 1260 ἀλλοτρίωσιν
3374 1189 3488 1243 τῶν

1911 1276 2095 1329 κακῶν
2118 1277 2520 1347 ἀπεργάζεται,
2550 1278 2612 1332 τό
2665 1298 2727 1335 τε
2785 1283 2921 1347 πρὸς
2965 1281 3074 1352 (τήν
3127 1281 3486 1348 εὐχαριστίαν

1911 1365 2188 1436 πρόθυμον
2225 1367 2508 1433 πλεονάζει
2542 1366 2675 1438 (15)
2718 1366 2815 1437 τὴν
2861 1369 3012 1437 παρὰ
3057 1366 3149 1420 τοῦ
3196 1367 3488 1437 εὐεργέτου

1911 1458 2068 1529 χάριν
2108 1459 2199 1511 ἐπὶ
2245 1459 2350 1513 τῶν
2387 1459 2719 1531 εὐαισθήτως
2762 1459 3063 1531 δεχομένων
3091 1458 3189 1524 τὰς
3218 1458 3489 1522 εὐποιίας.

238 1544 488 1602 Psalmus
547 1547 712 1618 igitur
764 1549 853 1603 cui
904 1549 1116 1613 titulus,
1177 1551 1280 1606 ειη
1329 1554 1748 1621 confessionem,
1783 1575 1802 1608 ι

1930 1549 2201 1620 Ὶρόκειται
2224 1546 2314 1604 οὖν
2340 1552 2368 1604 ὁ
2388 1551 2599 1622 ψαλμὸς
2620 1570 2639 1604 ι
2664 1552 2758 1615 Ei;
2780 1551 3161 1623 ἐξομολόγησιν
3185 1570 3204 1603 ι
3223 1550 3415 1612 οὕτως,
3436 1551 3490 1602 εἰ

240 1636 385 1691 hunc
419 1638 473 1692 in
503 1639 721 1694 modum
752 1645 1068 1712 propositus
1100 1652 1205 1713 est,
1261 1653 1319 1699 ut
1367 1636 1433 1701 si.
1459 1646 1667 1719 peccati
1697 1662 1807 1702 me-

1930 1641 2010 1696 ιέν
2035 1659 2118 1707 τις
2140 1642 2413 1714 ἁμαρτίας
2438 1643 2744 1714 ὑποσμύχει
2772 1660 2829 1696 σε
2859 1645 3069 1714 μνήμη,
3103 1640 3494 1711 συμϐουλεύων

241 1727 414 1782 moria
449 1741 500 1784 te
527 1738 708 1802 angat,
740 1734 1074 1803 poenitentiae
1110 1737 1475 1808 expiationem
1525 1738 1626 1794 tibi
1679 1754 1807 1796 sua-

1930 1731 1970 1785 :b
1992 1732 2081 1786 διὰ
2097 1699 2214 1805 (11)
2240 1699 2340 1805 τῆς
2371 1699 3014 1804 μετανοίαξκαθάρσιόν.
3034 1699 3102 1786 ἐξ
3141 1699 3198 1786 δέ
3234 1750 3318 1786 σοι
3350 1732 3491 1803 πρὸς

238 1820 395 1885 deat;
426 1821 570 1890 quod
598 1823 643 1878 si
675 1823 743 1878 ad
778 1825 830 1880 id
865 1828 1009 1898 quod
1046 1829 1242 1886 melius
1272 1839 1374 1895 est,
1407 1829 1518 1884 vita
1546 1831 1733 1886 tendat
1757 1840 1812 1888 et

1930 1826 1970 1879 rb
1994 1829 2238 1898 κρεῖττον
2281 1827 2553 1880 εὐοδοῦται
2588 1828 2615 1878 ό
2663 1825 2797 1898 βίος,
2829 1825 3049 1897 βεϐαίαν
3094 1843 3174 1878 σοι
3219 1826 3362 1877 ποιεῖ
3399 1824 3492 1877 διὰ

239 1910 519 1980 proficiat,
583 1915 780 1972 stabile
836 1918 936 1973 tibi
988 1918 1313 1992 ﬁrmumque
1365 1936 1460 1991 per
1511 1922 1809 1993 gratiarum

1930 1921 2007 1991 τῆς
2050 1919 2187 1991 πρὸς
2226 1919 2288 1973 τὸ
2318 1919 2471 1974 Θεῖον
2502 1918 2851 1990 εὐχαριστίας
2900 1918 2998 1989 τὴν
3041 1916 3254 1971 ἀμείνω
3296 1916 3493 1987 προαί-

239 2003 510 2058 actionem
533 2005 600 2058 ad
618 2004 786 2061 Deum
819 2015 928 2064 tam
958 2022 1206 2067 sanctum
1230 2012 1567 2082 propositum
1594 2011 1806 2068 efﬁciat.

317 2131 336 2164 ι
367 2112 533 2169 Tituli
560 2135 578 2168 ι
617 2133 711 2173 seu
772 2138 791 2171 ι
830 2122 1095 2177 columna:
1130 2124 1441 2196 inscriptio,
1468 2145 1486 2178 ι
1520 2135 1574 2181 et
1630 2126 1763 2182 illud
1792 2147 1807 2183 :

245 2219 264 2252 ι
302 2202 380 2258 Νε
409 2220 730 2278 corrumpas
763 2229 775 2264 :
810 2230 828 2263 ι
861 2212 976 2268 sive
1027 2215 1388 2282 conjunctim,
1438 2217 1553 2272 sive
1597 2231 1810 2286 separa-

241 2294 337 2347 tim
370 2297 642 2366 aliquibus
673 2302 900 2370 psalmis
935 2304 1330 2367 inscribantur,
1359 2308 1645 2362 consilium
1676 2323 1810 2362 con-

243 2385 415 2439 tinent
465 2390 734 2445 sectandae
768 2392 1232 2463 longanimitatis;
1274 2397 1404 2451 illud
1445 2398 1587 2452 enim
1627 2417 1639 2452 :
1691 2397 1812 2454 «Ne

243 2490 580 2550 corrumpas,
612 2500 630 2533 ι
666 2483 887 2541 Davidis
926 2502 1027 2541 vox
1074 2498 1178 2556 est,
1214 2490 1551 2559 prohibentis
1578 2491 1811 2562 armige-

242 2582 386 2633 rum,
415 2585 482 2624 ne
509 2572 743 2628 trucidet
774 2572 1010 2630 Saulem.

311 2682 379 2733 At
404 2699 425 2733 ι
465 2682 606 2741 tituli
640 2704 659 2736 ι
691 2701 787 2742 seu
822 2705 841 2739 ι
874 2689 1139 2767 columnae
1166 2689 1470 2760 inscriptio,
1508 2710 1527 2743 ι
1563 2691 1813 2747 hortatur

242 2770 557 2840 bnjusmodi
584 2790 794 2842 vocem,
832 2779 885 2833 in
939 2780 1222 2843 memoria,
1256 2783 1400 2837 velut
1443 2783 1500 2838 in
1558 2785 1811 2841 columna

178 2850 185 2857 ’
242 2863 580 2920 incidendam
605 2884 746 2935 esse,
785 2879 845 2924 ut
873 2878 925 2925 et
966 2873 1021 2926 in
1061 2874 1330 2930 similibus
1371 2875 1551 2940 rebus,
1594 2877 1642 2933 si
1688 2878 1811 2947 quis

244 2968 406 3009 casus
436 2956 501 3011 ad
534 2958 790 3014 ultionem
818 2961 937 3031 ejus
973 2963 1065 3032 qui
1103 2980 1202 3020 nos
1238 2967 1612 3031 contristavit,
1660 2969 1810 3023 exci-

1913 2028 2083 2081 ρεσιν.

1992 2126 2057 2179 Ἡ
2087 2126 2144 2180 δὲ
2169 2143 2189 2178 ι
2219 2126 2618 2198 Στηλογραφία,
2654 2144 2673 2177 ι
2706 2125 2802 2180 καὶ
2834 2125 2895 2179 τὸ
2929 2142 2948 2176 ι
2977 2125 3069 2197 Μὴ
3097 2122 3432 2194 διαφθείρῃς,
3463 2141 3489 2174 ι

1911 2212 2020 2265 εἴτε
2054 2215 2171 2283 μετ’
2204 2212 2467 2284 ἀλλήλων,
2510 2214 2621 2267 εἴτε
2650 2212 3070 2285 κεχωρισμένως
3102 2212 3213 2265 τισὶ
3233 2211 3342 2267 τῶν
3368 2213 3493 2263 ἐπι-

1911 2303 2137 2374 γραφῶν
2166 2304 2540 2375 ὲφευρίσκοιτο
2574 2304 2707 2375 (15),
2737 2303 3041 2376 συμϐουλὴν
3070 2304 3197 2374 περ).
3223 2303 3320 2373 τῆς
3349 2301 3491 2355 κατὰ

1908 2395 2005 2466 τὴν
2043 2395 2421 2466 μακροθυμίαν
2467 2396 2670 2467 ἀρετῆς
2716 2395 3047 2468 περιέχουσι.
3079 2396 3152 2448 Τὸ
3187 2393 3296 2465 γὰρ
3340 2413 3359 2446 ι
3395 2394 3492 2465 Μὴ

1909 2484 2243 2558 διαφθείρῃς,
2274 2505 2291 2536 ι
2326 2484 2421 2539 τοῦ
2448 2486 2608 2539 Δαυΐδ
2639 2488 2783 2539 ἐστιν
2812 2489 2845 2556 ἡ
2872 2486 3044 2556 φωνὴ,
3075 2484 3371 2548 κωλύοντος
3397 2484 3491 2539 τὸν

1912 2574 2257 2646 ὑπασπιστὴν
2284 2575 2591 2645 χρήσασθαι
2622 2573 2763 2629 κατὰ
2785 2574 2894 2646 (16)
2925 2573 3097 2628 Σαοὺλ
3122 2576 3188 2645 τῇ
3214 2575 3416 2645 πληγῇ.

1993 2688 2125 2741 Ἡδὲ
2150 2689 2248 2759 τῆς
2271 2707 2289 2741 ι
2314 2688 2724 2760 Στηλογραφίας
2748 2708 2766 2741 ι
2793 2688 3016 2755 διάνοια,
3037 2689 3098 2743 τὸ
3110 2689 3220 2743 δεῖν
3243 2686 3354 2743 οἷόν
3384 2706 3492 2743 τινι
3516 2676 3523 2681 ’

1914 2781 2078 2851 στήλῃ
2136 2780 2215 2851 τῷ
2273 2781 2587 2852 μνημονικῷ
2638 2784 2738 2852 τῆς
2781 2782 2956 2853 ψυχῆς
3009 2782 3495 2853 ἐγκεχαραγμένην

1912 2870 2056 2942 ἔχειν
2101 2874 2199 2946 τὴν
2242 2874 2496 2944 τοιαύτην
2547 2875 2751 2946 φωνὴν,
2791 2874 2866 2939 ὡς
2915 2874 2980 2929 ἂν
3024 2874 3116 2927 ἐπὶ
3153 2873 3261 2928 τῶν
3288 2875 3495 2942 ὁμοίων

1914 2963 2273 3032 πραγμάτων,
2308 2964 2360 3016 εἴ
2396 2979 2470 3025 τις
2499 2963 2813 3033 περίστασις
2847 2963 2984 3033 πρὸς
3011 2963 3109 3033 τὴν
3137 2960 3230 3015 τοῦ
3259 2961 3495 3030 λελυπημ-

244 3052 356 3109 ιει,
412 3048 738 3117 cogitatione
795 3055 1107 3109 mandatum
1168 3057 1301 3112 illud
1360 3059 1561 3115 caedem
1619 3071 1808 3117 vetans

1930 3052 2069 3117 ιότος
2113 3053 2325 3123 ἄμυναν
2351 3054 2443 3108 τὸν
2486 3054 2653 3125 θυμὸν
2689 3053 2847 3125 ήμῶν
2879 3053 3279 3124 διαναστήσειεν
3301 3094 3317 3118 ,
3356 3053 3493 3106 ἀνα-

248 3137 573 3207 relegamus,
605 3157 779 3211 eoque
820 3145 885 3199 ad
916 3146 1231 3215 patientiam
1271 3156 1325 3204 et
1350 3149 1811 3220 longanimitatcm

249 3225 511 3295 impetum
545 3230 711 3284 animi
750 3231 1122 3292 deﬂectamus.
1176 3238 1587 3295 Accuratiorem
1633 3250 1814 3298 autem

252 3316 446 3373 horum
508 3323 748 3377 omnium
806 3327 1223 3396 explicationem
1283 3331 1636 3389 instituemus
1687 3342 1816 3391 tunc

247 3424 370 3462 cum
398 3410 463 3466 ad
494 3413 826 3484 reliquarum
870 3418 1287 3490 inscriptionum
1322 3422 1815 3481 considerationem

247 3498 589 3559 redierimus.

845 3703 1074 3761 CAPUT
1120 3705 1229 3762 VII.

319 3875 729 3947 Dispiciendum
752 3882 895 3935 enim
921 3900 1067 3940 nunc
1089 3893 1192 3954 est,
1226 3904 1387 3959 quam
1413 3891 1688 3947 notionem
1713 3909 1817 3948 vox

253 3984 273 4017 ι
300 3967 526 4022 Alleluia
558 3987 576 4020 ι
620 3969 920 4039 subjectam
955 3973 1189 4042 habeat;
1231 3995 1351 4048 quae
1374 3982 1561 4036 multis
1596 3985 1819 4052 psalmis

248 4060 369 4113 loco
386 4059 755 4130 inscriptionis
777 4066 1130 4133 praeponitur.
1148 4069 1246 4123 Est
1263 4070 1426 4139 igitur
1448 4091 1465 4123 ‹
1486 4071 1719 4126 Alleluia
1736 4073 1812 4125 “i

248 4152 472 4222 mystica
507 4153 831 4219 cohortatio,
865 4155 930 4209 ad
975 4156 1164 4212 laudes
1196 4158 1291 4213 Dei
1324 4160 1695 4217 decantandas
1723 4177 1820 4216 au-

246 4242 476 4298 ditorem
507 4245 783 4312 excitans,
818 4257 878 4302 ut
910 4248 1137 4317 proinde
1178 4249 1318 4304 idem
1360 4252 1432 4308 sit
1462 4254 1582 4322 ejus
1614 4255 1820 4324 signin-

248 4342 450 4398 catum,
472 4336 614 4405 quod
634 4355 653 4388 ι
672 4336 913 4394 Laudate
941 4338 1248 4396 Dominum.
1275 4341 1445 4397 iNam
1475 4345 1566 4399 ubi
1589 4345 1645 4400 in
1673 4344 1819 4401 Scri-

249 4436 406 4495 ptura
448 4426 561 4480 haec
589 4442 691 4480 vox
721 4428 950 4483 habetur
984 4448 996 4483 :
1036 4449 1054 4482 ι
1092 4429 1334 4486 Laudate
1360 4431 1709 4507 Dominum,»
1742 4438 1817 4493 ibi

1914 3143 2269 3211 γινώσκοντες
2321 3147 2387 3215 τῇ
2437 3145 2644 3216 διανοίᾳ
2691 3144 2752 3199 τὸ
2818 3145 3115 3198 κωλυτικὺν
3167 3143 3264 3197 τοῦ
3327 3143 3491 3212 φόνου

1915 3236 2261 3307 πρόσταγμα,
2301 3237 2394 3290 καὶ
2443 3238 2596 3291 αὐτοὶ
2628 3236 2739 3307 (17)
2785 3237 2921 3307 πρὸς
2974 3235 3355 3309 μακροθυμίαν
3399 3233 3491 3288 τὸν

1917 3324 2084 3395 θυμὸν
2144 3326 2585 3396 κατευνάσωμεν.
2651 3325 3058 3397 Ἀκριϐέστερον
3112 3325 3169 3378 δὲ
3223 3325 3315 3379 τὸν
3362 3324 3491 3392 περὶ

1914 3412 2118 3466 τούτων
2153 3413 2263 3484 (18)
2294 3414 2450 3483 λόγον
2483 3416 2563 3478 είς
2604 3410 2758 3479 αὖθις
2799 3413 3186 3485 διαληψόμεθα,
3214 3412 3352 3484 πρὸς
3391 3412 3492 3481 τὴν

1916 3502 2023 3557 τῶν
2053 3503 2251 3557 λοιπῶν
2282 3503 2600 3577 ἐπιγραφῶν
2632 3504 2865 3574 θεωρίαν
2893 3501 3382 3576 ὲπαναδραμόντες.

2456 3719 2852 3777 ΚΕΦΑΛΑΙΟΝ
2890 3722 2961 3775 Z'.

1987 3895 2107 3967 Χρὴ
2138 3895 2247 3968 γὰρ
2273 3896 2367 3949 καὶ
2411 3896 2472 3949 τὺ
2506 3914 2524 3948 ι
2561 3896 2901 3966 Ἀλληλοιῒία,
2930 3914 2949 3948 ι
2980 3896 3009 3949 ὃ
3036 3895 3090 3948 τί
3122 3911 3250 3949 ποτε
3288 3894 3490 3966 σημαί-

1918 4004 2017 4054 νει,
2040 3988 2388 4059 κατανοῆσαι,
2417 3991 2553 4060 ὅπερ
2582 3989 2793 4053 πολλοῖς
2826 3989 2933 4042 τῶν
2955 3987 3185 4059 ψαλμῶν
3212 3987 3491 4059 ἐπιγραφὴ

1918 4077 2309 4147 γίνεται.”Εστι
2331 4082 2509 4134 τοίνυν
2536 4081 2597 4134 τὸ
2632 4100 2650 4132 ι
2681 4080 3013 4151 Ἀλληλούῖα,
3039 4099 3058 4133 ι
3098 4080 3493 4151 παρακέλευσις

1921 4169 2176 4242 μυστικὴ,
2206 4172 2342 4242 πρὸς
2374 4173 2470 4243 τὴν
2496 4172 2588 4227 τοῦ
2613 4172 2746 4227 Θεοῦ
2774 4173 3043 4245 ὑμνῳδίαν
3067 4174 3167 4244 τὴν
3198 4174 3366 4246 ἀκοὴν
3391 4175 3491 4227 ἐπ-

1919 4260 2225 4329 εγείρουσα,
2245 4261 2333 4315 ἴνα
2346 4262 2583 4316 τοιοῦτον
2655 4263 2845 4316 τούτου
2862 4264 2973 4335 (19)
2996 4264 3057 4316 τὸ
3077 4264 3490 4335 σημαινόμενον,

1849 4385 1893 4440 D
1920 4350 1999 4402 ὅτι
2044 4369 2062 4400 ι
2096 4351 2302 4404 Αἰνεῖτε
2346 4351 2435 4406 τὸν
2477 4351 2709 4423 Κύριον’
2744 4372 2763 4404 ι
2803 4355 2861 4406 ὲν
2897 4348 2978 4418 οἷς
3015 4355 3123 4426 γὰρ
3165 4354 3355 4425 μέρεσι
3394 4354 3494 4425 τῆς

1923 4440 2081 4508 ἁγίας
2131 4441 2353 4514 Γραφῆς
2395 4442 2531 4515 αὕτη
2585 4444 2904 4516 πρόσκειται
2944 4447 2977 4516 ἡ
3021 4446 3171 4516 φωνὴ
3218 4444 3449 4514 λέγουσα
3474 4484 3490 4508 ,

252 4517 513 4574 licbraice
540 4533 636 4587 per
661 4535 679 4569 ι
700 4518 930 4573 A‘lleluia
959 4540 979 4573 ι
1014 4520 1155 4577 idem
1176 4522 1532 4594 exprimitur:
1552 4526 1656 4582 nisi
1684 4525 1812 4583 forte

1930 4549 1945 4583 ι
1970 4532 2180 4586 Αἰνεῖτε
2211 4534 2304 4587 τὸν
2332 4533 2554 4607 Κύριον,
2579 4553 2598 4586 ι
2628 4535 2715 4589 διὰ
2742 4535 2834 4590 τοῦ
2860 4555 2878 4588 ‹
2901 4535 3215 4607 Ἀλληλούῖα
3240 4554 3259 4587 ι
3290 4539 3347 4588 ὲν
3374 4536 3494 4598 ταῖς

247 4610 473 4663 verbum
522 4607 623 4662 hoc
655 4609 825 4679 magis
867 4626 1116 4681 supernae
1162 4614 1308 4669 illius
1352 4616 1663 4684 psalmodia:
1710 4618 1817 4673 vim

247 4697 583 4764 manifestat,
610 4700 859 4759 indicans
904 4706 1051 4760 illam
1088 4723 1211 4763 esse
1255 4707 1469 4763 laudem
1506 4709 1619 4766 Dei.
1655 4710 1818 4769 Varie

248 4793 390 4845 enim
425 4793 567 4863 apud
600 4791 854 4852 Hebraeos
876 4797 1139 4867 quosdam
1166 4814 1234 4855 ex
1260 4799 1492 4857 diversis
1514 4802 1816 4870 vocabulis,

249 4890 302 4935 et
333 4883 504 4953 ipsum
543 4903 560 4936 ι
593 4888 665 4952 ia,
695 4906 713 4938 ι
754 4889 1040 4958 ipsumque
1072 4909 1091 4942 ι
1119 4892 1301 4957 allcln,
1334 4912 1351 4945 ›
1389 4894 1601 4950 laudem
1642 4898 1815 4968 signi-

250 4973 432 5029 ficant.
463 4974 648 5046 Neque
677 4978 892 5035 mireris
920 4980 962 5034 si
993 4982 1057 5047 is,
1078 4981 1172 5051 qui
1200 4994 1382 5040 rectus
1406 5001 1568 5042 casus
1594 4987 1813 5056 dicitur,

252 5064 561 5137 hujusmodi
591 5069 663 5125 sit
693 5070 746 5124 in
771 5069 874 5125 hoc
898 5072 1192 5139 vocabulo;
1227 5090 1334 5130 non
1357 5077 1500 5132 enim
1533 5072 1681 5137 more
1711 5096 1815 5137 no--

311 5246 356 5279 ⁸⁸
403 5246 546 5305 Psal.
584 5261 728 5312 χαι,
769 5248 818 5302 1.
894 5248 939 5281 ⁸⁸
968 5247 1109 5305 Psal.
1133 5264 1220 5317 cx,
1247 5265 1354 5320 cn,
1385 5262 1488 5308 etc.

357 5407 437 5477 l3)
466 5406 569 5477 ἰςαί
600 5409 725 5466 add.
745 5411 833 5466 ed.

356 5470 439 5543 14)
474 5470 570 5531 Διά
597 5495 705 5533 om.
746 5481 833 5536 ed.

475 5548 934 5622 Ἐιρευρίσκονται,
961 5553 1046 5609 cd.

327 5617 438 5686 (ιδ)
475 5617 580 5671 Τοῦ
608 5617 731 5673 add.
765 5622 847 5675 ed.

1933 4623 2242 4693 Ἐϐραῖκαῖς
2276 4629 2513 4697 γραφαῖς
2542 4626 2604 4679 τὸ
2633 4627 2872 4681 τοιοῦτον
2904 4628 3323 4698 σημαίνεται.Ἦ
3353 4628 3493 4697 τάχα

1923 4714 2119 4783 μᾶλλον
2146 4715 2398 4787 γνωρίζει
2433 4719 2463 4770 ό
2493 4717 2649 4788 λόγος
2678 4713 2830 4782 οὗτος
2856 4721 2954 4791 τῆς
2985 4719 3346 4790 ὑποκειμένης
3378 4717 3489 4789 (20)

1919 4806 2234 4878 ψαλμῳδίας
2280 4810 2379 4881 τὴν
2434 4808 2678 4882 δύναμιν,
2724 4811 2896 4880 λέγων
2945 4812 3112 4882 αὐτὴν
3158 4809 3302 4866 αῐνον
3353 4806 3491 4864 εἶναι

1921 4900 2076 4954 Θεοῦ.
2123 4901 2388 4966 Ποικίλως
2436 4902 2545 4974 γὰρ
2590 4904 2654 4956 ὲκ
2695 4903 2962 4976 διαφόρων
3027 4903 3303 4974 ὀνομάτων
3356 4903 3493 4957 κατά

1918 5008 2039 5045 τινα
2067 4991 2397 5064 συμϐολικὴν
2428 4994 2702 5063 σημασιαν
2744 4995 2843 5064 τῆς
2886 4996 3033 5060 θείας
3067 4996 3279 5066 φύσεως
3305 4995 3493 5068 δηλου-

1924 5084 2089 5156 μένης
2140 5087 2197 5137 ὲν
2239 5086 2359 5147 ταῖς
2394 5080 2660 5157 Ἐϐραίων
2691 5090 2928 5157 φωναῖς⁶
2965 5088 3024 5143 ἓν
3068 5088 3177 5143 τῶν
3226 5102 3492 5160 σημαντι-

1997 5414 2110 5483 (17)
2131 5415 2238 5498 Kal}
2269 5412 2449 5535 αὐτοὶ(
2476 5414 2636 5485 αὐτῇ,
2669 5414 2756 5471 ed.

1997 5483 2337 5535 (181Τουτου
2385 5499 2434 5535 ε(
2458 5523 2472 5535 .

1995 5482 2106 5551 (18)
2132 5482 2337 5537 Τούτου
2385 5482 2472 5537 ed.

1996 5554 2107 5621 (l9)
2148 5554 2338 5614 Τοῦτο,
2370 5552 2455 5606 ed.

1995 5623 2107 5694 (20)
2144 5623 2275 5677 Ύπε
2285 5620 2594 5694 ρκειμένης,
2616 5623 2701 5677 ed.
