  <div class='ocr_page' id='page_1' title='image "/cluster/home/n/w/nwhite01/storage/ocr_20150623/44/mdp.39015011915454/264.png"; bbox 0 0 3756 5988; ppageno 0'>
   <div class='ocr_carea' id='block_1_1' title="bbox 266 148 375 205">
    <p class='ocr_par' dir='ltr' id='par_1_1' title="bbox 266 148 375 205">
     <span class='ocr_line' id='line_1_1' title="bbox 266 148 375 205; baseline -0.037 0"><span class='ocrx_word' id='word_1_1' title='bbox 266 148 375 205; x_wconf 72' lang='grc'><strong>813</strong></span> 
     </span>
    </p>
   </div>
   <div class='ocr_carea' id='block_1_2' title="bbox 1643 143 2090 204">
    <p class='ocr_par' dir='ltr' id='par_1_2' title="bbox 1643 143 2090 204">
     <span class='ocr_line' id='line_1_2' title="bbox 1643 143 2090 204; baseline 0.009 -5"><span class='ocrx_word' id='word_1_2' title='bbox 1643 143 1713 200; x_wconf 84' lang='grc' dir='ltr'><strong>ΙΝ</strong></span> <span class='ocrx_word' id='word_1_3' title='bbox 1752 145 2090 204; x_wconf 80' lang='lat' dir='ltr'><strong>PSALMOS.</strong></span> 
     </span>
    </p>
   </div>
   <div class='ocr_carea' id='block_1_3' title="bbox 3414 150 3518 207">
    <p class='ocr_par' dir='ltr' id='par_1_3' title="bbox 3414 150 3518 207">
     <span class='ocr_line' id='line_1_3' title="bbox 3414 150 3518 207; baseline -0.019 -1"><span class='ocrx_word' id='word_1_4' title='bbox 3414 150 3518 207; x_wconf 75' lang='lat' dir='ltr'><strong>5H</strong></span> 
     </span>
    </p>
   </div>
   <div class='ocr_carea' id='block_1_4' title="bbox 266 261 1851 336">
    <p class='ocr_par' dir='ltr' id='par_1_4' title="bbox 266 261 1849 336">
     <span class='ocr_line' id='line_1_4' title="bbox 266 261 1849 336; baseline 0 -16"><span class='ocrx_word' id='word_1_5' title='bbox 266 265 382 320; x_wconf 79' lang='grc' dir='ltr'><strong>κῶν</strong></span> <span class='ocrx_word' id='word_1_6' title='bbox 416 261 541 335; x_wconf 71' lang='grc' dir='ltr'>περὶ</span> <span class='ocrx_word' id='word_1_7' title='bbox 572 262 706 318; x_wconf 81' lang='grc' dir='ltr'><strong>Θεοῦ</strong></span> <span class='ocrx_word' id='word_1_8' title='bbox 753 261 1030 334; x_wconf 78' lang='grc' dir='ltr'><strong>ὀνομάτων</strong></span> <span class='ocrx_word' id='word_1_9' title='bbox 1071 262 1219 334; x_wconf 76' lang='grc' dir='ltr'>παρὰ</span> <span class='ocrx_word' id='word_1_10' title='bbox 1255 263 1527 336; x_wconf 85' lang='grc' dir='ltr'>Ἑϐραίοις</span> <span class='ocrx_word' id='word_1_11' title='bbox 1557 266 1692 335; x_wconf 76' lang='grc' dir='ltr'>φησὶ</span> <span class='ocrx_word' id='word_1_12' title='bbox 1738 265 1849 336; x_wconf 78' lang='grc'>(21)</span> 
     </span>
    </p>
   </div>
   <div class='ocr_carea' id='block_1_5' title="bbox 1994 261 3520 336">
    <p class='ocr_par' dir='ltr' id='par_1_5' title="bbox 1994 262 3520 335">
     <span class='ocr_line' id='line_1_5' title="bbox 1994 262 3520 335; baseline 0.001 -15"><span class='ocrx_word' id='word_1_13' title='bbox 1994 276 2068 322; x_wconf 80' lang='lat' dir='ltr'><strong>tro</strong></span> <span class='ocrx_word' id='word_1_14' title='bbox 2096 262 2397 320; x_wconf 79' lang='lat' dir='ltr'><strong>formantur</strong></span> <span class='ocrx_word' id='word_1_15' title='bbox 2428 264 2571 335; x_wconf 90' lang='lat' dir='ltr'><strong>apud</strong></span> <span class='ocrx_word' id='word_1_16' title='bbox 2608 264 2865 323; x_wconf 73' lang='lat' dir='ltr'><strong>Hebraeos</strong></span> <span class='ocrx_word' id='word_1_17' title='bbox 2906 265 3168 334; x_wconf 88' lang='lat' dir='ltr'><strong>nomina;</strong></span> <span class='ocrx_word' id='word_1_18' title='bbox 3201 264 3298 323; x_wconf 88' lang='lat' dir='ltr'><strong>sed</strong></span> <span class='ocrx_word' id='word_1_19' title='bbox 3338 264 3520 322; x_wconf 86' lang='lat' dir='ltr'><strong>diver-</strong></span> 
     </span>
    </p>
   </div>
   <div class='ocr_carea' id='block_1_6' title="bbox 263 352 1849 425">
    <p class='ocr_par' dir='ltr' id='par_1_6' title="bbox 263 352 1849 425">
     <span class='ocr_line' id='line_1_6' title="bbox 263 352 1849 425; baseline -0.001 -14"><span class='ocrx_word' id='word_1_20' title='bbox 263 355 362 411; x_wconf 77' lang='grc' dir='ltr'>καὶ</span> <span class='ocrx_word' id='word_1_21' title='bbox 386 354 448 409; x_wconf 79' lang='grc' dir='ltr'>τὸ</span> <span class='ocrx_word' id='word_1_22' title='bbox 472 374 490 407; x_wconf 79' lang='grc' dir='ltr'><strong>ι</strong></span> <span class='ocrx_word' id='word_1_23' title='bbox 514 353 593 421; x_wconf 82' lang='grc' dir='ltr'><strong>ία,</strong></span> <span class='ocrx_word' id='word_1_24' title='bbox 620 374 640 407; x_wconf 76' lang='grc' dir='ltr'><strong>ι</strong></span> <span class='ocrx_word' id='word_1_25' title='bbox 661 354 721 407; x_wconf 80' lang='grc' dir='ltr'><strong>τὸ</strong></span> <span class='ocrx_word' id='word_1_26' title='bbox 740 354 796 408; x_wconf 70' lang='grc' dir='ltr'><strong>δὲ</strong></span> <span class='ocrx_word' id='word_1_27' title='bbox 813 353 923 425; x_wconf 86' lang='grc'>(22)</span> <span class='ocrx_word' id='word_1_28' title='bbox 954 372 973 405; x_wconf 84' lang='grc' dir='ltr'><strong>ι</strong></span> <span class='ocrx_word' id='word_1_29' title='bbox 1005 353 1255 425; x_wconf 86' lang='grc' dir='ltr'>Ἀλληλοῦ</span> <span class='ocrx_word' id='word_1_30' title='bbox 1287 374 1305 407; x_wconf 73' lang='grc' dir='ltr'><strong>ι</strong></span> <span class='ocrx_word' id='word_1_31' title='bbox 1342 352 1487 419; x_wconf 76' lang='grc' dir='ltr'>αἶνος</span> <span class='ocrx_word' id='word_1_32' title='bbox 1499 360 1714 413; x_wconf 90' lang='grc' dir='ltr'>νοεῖται.</span> <span class='ocrx_word' id='word_1_33' title='bbox 1738 356 1849 411; x_wconf 72' lang='grc' dir='ltr'><strong>Καὶ</strong></span> 
     </span>
    </p>
   </div>
   <div class='ocr_carea' id='block_1_7' title="bbox 266 444 1849 519">
    <p class='ocr_par' dir='ltr' id='par_1_7' title="bbox 266 444 1849 519">
     <span class='ocr_line' id='line_1_7' title="bbox 266 444 1849 519; baseline 0.001 -20"><span class='ocrx_word' id='word_1_34' title='bbox 266 446 344 518; x_wconf 78' lang='grc' dir='ltr'>μὴ</span> <span class='ocrx_word' id='word_1_35' title='bbox 372 444 678 516; x_wconf 75' lang='grc' dir='ltr'><strong>θαυμάσῃς,</strong></span> <span class='ocrx_word' id='word_1_36' title='bbox 705 446 754 498; x_wconf 83' lang='grc' dir='ltr'><strong>εί</strong></span> <span class='ocrx_word' id='word_1_37' title='bbox 787 445 886 516; x_wconf 82' lang='grc' dir='ltr'><strong>τὴν</strong></span> <span class='ocrx_word' id='word_1_38' title='bbox 923 445 1221 517; x_wconf 81' lang='grc' dir='ltr'><strong>λεγομένην</strong></span> <span class='ocrx_word' id='word_1_39' title='bbox 1266 446 1477 500; x_wconf 85' lang='grc' dir='ltr'>εὐθεῖαν</span> <span class='ocrx_word' id='word_1_40' title='bbox 1504 448 1561 501; x_wconf 80' lang='grc' dir='ltr'><strong>ὲν</strong></span> <span class='ocrx_word' id='word_1_41' title='bbox 1591 449 1658 519; x_wconf 77' lang='grc' dir='ltr'><strong>τῇ</strong></span> <span class='ocrx_word' id='word_1_42' title='bbox 1701 446 1849 501; x_wconf 82' lang='grc' dir='ltr'>πτώ-</span> 
     </span>
    </p>
   </div>
   <div class='ocr_carea' id='block_1_8' title="bbox 265 537 1850 610">
    <p class='ocr_par' dir='ltr' id='par_1_8' title="bbox 265 537 1850 610">
     <span class='ocr_line' id='line_1_8' title="bbox 265 537 1850 610; baseline 0 -17"><span class='ocrx_word' id='word_1_43' title='bbox 265 555 348 593; x_wconf 87' lang='grc' dir='ltr'><strong>σει</strong></span> <span class='ocrx_word' id='word_1_44' title='bbox 382 537 477 592; x_wconf 79' lang='grc' dir='ltr'><strong>τοῦ</strong></span> <span class='ocrx_word' id='word_1_45' title='bbox 508 537 768 607; x_wconf 84' lang='grc' dir='ltr'>ὀνόματος</span> <span class='ocrx_word' id='word_1_46' title='bbox 798 537 858 591; x_wconf 74' lang='grc' dir='ltr'>τὸ</span> <span class='ocrx_word' id='word_1_47' title='bbox 882 537 1120 592; x_wconf 78' lang='grc' dir='ltr'>τοιοῦτον</span> <span class='ocrx_word' id='word_1_48' title='bbox 1147 538 1330 609; x_wconf 86' lang='grc' dir='ltr'>σχῆμα</span> <span class='ocrx_word' id='word_1_49' title='bbox 1362 540 1460 610; x_wconf 84' lang='grc' dir='ltr'>τῆς</span> <span class='ocrx_word' id='word_1_50' title='bbox 1500 539 1682 610; x_wconf 83' lang='grc' dir='ltr'>φωνῆς</span> <span class='ocrx_word' id='word_1_51' title='bbox 1715 540 1850 593; x_wconf 78' lang='grc' dir='ltr'>ταύο</span> 
     </span>
    </p>
   </div>
   <div class='ocr_carea' id='block_1_9' title="bbox 259 627 1852 703">
    <p class='ocr_par' dir='ltr' id='par_1_9' title="bbox 259 627 1852 703">
     <span class='ocr_line' id='line_1_9' title="bbox 259 627 1852 703; baseline -0.001 -19"><span class='ocrx_word' id='word_1_52' title='bbox 259 648 363 702; x_wconf 84' lang='grc' dir='ltr'><strong>της</strong></span> <span class='ocrx_word' id='word_1_53' title='bbox 417 630 770 684; x_wconf 69' lang='grc' dir='ltr'>ινδείκνυται.</span> <span class='ocrx_word' id='word_1_54' title='bbox 810 628 883 682; x_wconf 78' lang='grc' dir='ltr'><strong>Οὐ</strong></span> <span class='ocrx_word' id='word_1_55' title='bbox 913 630 1023 702; x_wconf 86' lang='grc' dir='ltr'><strong>γὰρ</strong></span> <span class='ocrx_word' id='word_1_56' title='bbox 1063 627 1196 701; x_wconf 62' lang='grc' dir='ltr'>πρὸς</span> <span class='ocrx_word' id='word_1_57' title='bbox 1239 631 1336 702; x_wconf 81' lang='grc' dir='ltr'><strong>τὴν</strong></span> <span class='ocrx_word' id='word_1_58' title='bbox 1370 631 1506 703; x_wconf 85' lang='grc' dir='ltr'>παρ’</span> <span class='ocrx_word' id='word_1_59' title='bbox 1545 633 1679 702; x_wconf 78' lang='grc' dir='ltr'>ἡμῖν</span> <span class='ocrx_word' id='word_1_60' title='bbox 1729 648 1852 684; x_wconf 85' lang='grc' dir='ltr'>συν-</span> 
     </span>
    </p>
   </div>
   <div class='ocr_carea' id='block_1_10' title="bbox 262 710 1850 795">
    <p class='ocr_par' dir='ltr' id='par_1_10' title="bbox 262 710 1850 795">
     <span class='ocr_line' id='line_1_10' title="bbox 262 710 1850 795; baseline 0.001 -19"><span class='ocrx_word' id='word_1_61' title='bbox 262 710 456 795; x_wconf 59' lang='lat' dir='ltr'><strong>seem</strong></span> <span class='ocrx_word' id='word_1_62' title='bbox 478 720 741 784; x_wconf 63' lang='grc' dir='ltr'>ψποῦται</span> <span class='ocrx_word' id='word_1_63' title='bbox 767 723 859 775; x_wconf 73' lang='grc' dir='ltr'>καὶ</span> <span class='ocrx_word' id='word_1_64' title='bbox 886 722 1037 792; x_wconf 85' lang='grc' dir='ltr'>παρὰ</span> <span class='ocrx_word' id='word_1_65' title='bbox 1064 725 1174 786; x_wconf 85' lang='grc' dir='ltr'>τοῖς</span> <span class='ocrx_word' id='word_1_66' title='bbox 1211 722 1480 793; x_wconf 85' lang='grc' dir='ltr'>Ἑϐραίοις</span> <span class='ocrx_word' id='word_1_67' title='bbox 1508 722 1577 775; x_wconf 83' lang='grc' dir='ltr'><strong>τὰ</strong></span> <span class='ocrx_word' id='word_1_68' title='bbox 1611 725 1850 794; x_wconf 80' lang='grc' dir='ltr'>ῥήματα,</span> 
     </span>
    </p>
   </div>
   <div class='ocr_carea' id='block_1_11' title="bbox 262 812 1853 885">
    <p class='ocr_par' dir='ltr' id='par_1_11' title="bbox 262 812 1853 885">
     <span class='ocr_line' id='line_1_11' title="bbox 262 812 1853 885; baseline 0.001 -19"><span class='ocrx_word' id='word_1_69' title='bbox 262 812 380 867; x_wconf 81' lang='grc' dir='ltr'>ἀλλ’</span> <span class='ocrx_word' id='word_1_70' title='bbox 407 812 594 883; x_wconf 70' lang='grc' dir='ltr'>ἕτερος</span> <span class='ocrx_word' id='word_1_71' title='bbox 620 812 790 877; x_wconf 82' lang='grc' dir='ltr'>τύπος</span> <span class='ocrx_word' id='word_1_72' title='bbox 832 813 931 884; x_wconf 82' lang='grc' dir='ltr'>τῆς</span> <span class='ocrx_word' id='word_1_73' title='bbox 965 816 1090 884; x_wconf 82' lang='grc' dir='ltr'>παρ’</span> <span class='ocrx_word' id='word_1_74' title='bbox 1130 814 1313 877; x_wconf 81' lang='grc' dir='ltr'>αὐτοῖς</span> <span class='ocrx_word' id='word_1_75' title='bbox 1347 815 1705 885; x_wconf 74' lang='grc' dir='ltr'>ὲκφωνήσεως</span> <span class='ocrx_word' id='word_1_76' title='bbox 1745 813 1853 867; x_wconf 85' lang='grc' dir='ltr'>τῶν</span> 
     </span>
    </p>
   </div>
   <div class='ocr_carea' id='block_1_12' title="bbox 263 900 1852 978">
    <p class='ocr_par' dir='ltr' id='par_1_12' title="bbox 263 900 1852 978">
     <span class='ocr_line' id='line_1_12' title="bbox 263 900 1852 978; baseline -0.001 -21"><span class='ocrx_word' id='word_1_77' title='bbox 263 904 547 975; x_wconf 81' lang='grc' dir='ltr'><strong>ὀνομάτων</strong></span> <span class='ocrx_word' id='word_1_78' title='bbox 595 902 749 975; x_wconf 83' lang='grc' dir='ltr'>παρὰ</span> <span class='ocrx_word' id='word_1_79' title='bbox 792 904 884 958; x_wconf 71' lang='grc' dir='ltr'>τὸν</span> <span class='ocrx_word' id='word_1_80' title='bbox 941 904 1228 978; x_wconf 74' lang='grc' dir='ltr'>ἡμέτερον.</span> <span class='ocrx_word' id='word_1_81' title='bbox 1279 903 1435 958; x_wconf 76' lang='grc' dir='ltr'>Οὕτω</span> <span class='ocrx_word' id='word_1_82' title='bbox 1482 903 1613 972; x_wconf 79' lang='grc' dir='ltr'><strong>γοῦν</strong></span> <span class='ocrx_word' id='word_1_83' title='bbox 1659 904 1719 957; x_wconf 86' lang='grc' dir='ltr'>τὸ</span> <span class='ocrx_word' id='word_1_84' title='bbox 1758 900 1852 956; x_wconf 84' lang='grc' dir='ltr'><strong>τοῦ</strong></span> 
     </span>
    </p>
   </div>
   <div class='ocr_carea' id='block_1_13' title="bbox 265 994 1854 1067">
    <p class='ocr_par' dir='ltr' id='par_1_13' title="bbox 265 994 1854 1067">
     <span class='ocr_line' id='line_1_13' title="bbox 265 994 1854 1067; baseline -0.001 -18"><span class='ocrx_word' id='word_1_85' title='bbox 265 997 549 1067; x_wconf 81' lang='grc' dir='ltr'><strong>προφήτου</strong></span> <span class='ocrx_word' id='word_1_86' title='bbox 573 995 763 1066; x_wconf 73' lang='grc' dir='ltr'>ὄνομα,</span> <span class='ocrx_word' id='word_1_87' title='bbox 791 998 952 1067; x_wconf 75' lang='grc' dir='ltr'>ἡμεῖς</span> <span class='ocrx_word' id='word_1_88' title='bbox 1000 995 1099 1067; x_wconf 83' lang='grc' dir='ltr'><strong>μὲν</strong></span> <span class='ocrx_word' id='word_1_89' title='bbox 1144 995 1285 1050; x_wconf 78' lang='grc' dir='ltr'>κατὰ</span> <span class='ocrx_word' id='word_1_90' title='bbox 1316 996 1406 1049; x_wconf 80' lang='grc' dir='ltr'>τὸν</span> <span class='ocrx_word' id='word_1_91' title='bbox 1449 994 1579 1067; x_wconf 86' lang='grc' dir='ltr'>παρ’</span> <span class='ocrx_word' id='word_1_92' title='bbox 1605 995 1734 1066; x_wconf 80' lang='grc' dir='ltr'>ἡμῖν</span> <span class='ocrx_word' id='word_1_93' title='bbox 1759 994 1854 1048; x_wconf 81' lang='grc' dir='ltr'><strong>τύ-</strong></span> 
     </span>
    </p>
   </div>
   <div class='ocr_carea' id='block_1_14' title="bbox 267 1084 1855 1161">
    <p class='ocr_par' dir='ltr' id='par_1_14' title="bbox 267 1084 1855 1161">
     <span class='ocr_line' id='line_1_14' title="bbox 267 1084 1855 1161; baseline -0.002 -21"><span class='ocrx_word' id='word_1_94' title='bbox 267 1103 368 1140; x_wconf 86' lang='grc' dir='ltr'><strong>πον</strong></span> <span class='ocrx_word' id='word_1_95' title='bbox 420 1085 879 1161; x_wconf 76' lang='grc' dir='ltr'>ὲξελληνίζοντες,</span> <span class='ocrx_word' id='word_1_96' title='bbox 918 1105 936 1138; x_wconf 81' lang='grc' dir='ltr'><strong>ι</strong></span> <span class='ocrx_word' id='word_1_97' title='bbox 968 1086 1153 1141; x_wconf 82' lang='grc' dir='ltr'>Ἠλίαν</span> <span class='ocrx_word' id='word_1_98' title='bbox 1189 1104 1207 1137; x_wconf 71' lang='grc' dir='ltr'><strong>ι</strong></span> <span class='ocrx_word' id='word_1_99' title='bbox 1242 1086 1442 1156; x_wconf 79' lang='grc' dir='ltr'>φαμέν.</span> <span class='ocrx_word' id='word_1_100' title='bbox 1495 1086 1557 1138; x_wconf 85' lang='grc' dir='ltr'><strong>Ἠ</strong></span> <span class='ocrx_word' id='word_1_101' title='bbox 1608 1084 1665 1138; x_wconf 81' lang='grc' dir='ltr'><strong>δὲ</strong></span> <span class='ocrx_word' id='word_1_102' title='bbox 1725 1089 1855 1156; x_wconf 89' lang='grc' dir='ltr'>παρ’</span> 
     </span>
    </p>
   </div>
   <div class='ocr_carea' id='block_1_15' title="bbox 279 1172 1854 1248">
    <p class='ocr_par' dir='ltr' id='par_1_15' title="bbox 279 1172 1854 1248">
     <span class='ocr_line' id='line_1_15' title="bbox 279 1172 1854 1248; baseline -0.002 -18"><span class='ocrx_word' id='word_1_103' title='bbox 279 1176 555 1248; x_wconf 76' lang='grc' dir='ltr'>Ἑϐραίοις</span> <span class='ocrx_word' id='word_1_104' title='bbox 578 1177 879 1246; x_wconf 84' lang='grc' dir='ltr'>εὐγλωττία</span> <span class='ocrx_word' id='word_1_105' title='bbox 911 1177 1010 1248; x_wconf 79' lang='grc' dir='ltr'>τὴν</span> <span class='ocrx_word' id='word_1_106' title='bbox 1030 1176 1243 1230; x_wconf 82' lang='grc' dir='ltr'>εὐθεῖαν</span> <span class='ocrx_word' id='word_1_107' title='bbox 1271 1172 1365 1230; x_wconf 74' lang='grc' dir='ltr'>τοῦ</span> <span class='ocrx_word' id='word_1_108' title='bbox 1391 1176 1652 1247; x_wconf 86' lang='grc' dir='ltr'>ὀνόματος</span> <span class='ocrx_word' id='word_1_109' title='bbox 1673 1172 1854 1228; x_wconf 83' lang='grc' dir='ltr'><strong>Ἥλιοῦ</strong></span> 
     </span>
    </p>
   </div>
   <div class='ocr_carea' id='block_1_16' title="bbox 267 1263 1856 1338">
    <p class='ocr_par' dir='ltr' id='par_1_16' title="bbox 267 1263 1856 1338">
     <span class='ocr_line' id='line_1_16' title="bbox 267 1263 1856 1338; baseline 0.001 -17"><span class='ocrx_word' id='word_1_110' title='bbox 267 1268 438 1337; x_wconf 82' lang='grc' dir='ltr'>λέγει.</span> <span class='ocrx_word' id='word_1_111' title='bbox 474 1267 658 1333; x_wconf 78' lang='grc' dir='ltr'>Οὕτως</span> <span class='ocrx_word' id='word_1_112' title='bbox 706 1264 799 1322; x_wconf 80' lang='grc' dir='ltr'><strong>οὖν</strong></span> <span class='ocrx_word' id='word_1_113' title='bbox 845 1268 941 1322; x_wconf 71' lang='grc' dir='ltr'>καὶ</span> <span class='ocrx_word' id='word_1_114' title='bbox 978 1268 1231 1333; x_wconf 74' lang='grc' dir='ltr'>ἐνταῦθα,</span> <span class='ocrx_word' id='word_1_115' title='bbox 1272 1269 1400 1323; x_wconf 83' lang='grc' dir='ltr'>ὅταν</span> <span class='ocrx_word' id='word_1_116' title='bbox 1435 1268 1546 1338; x_wconf 80' lang='grc'>(25)</span> <span class='ocrx_word' id='word_1_117' title='bbox 1589 1268 1679 1321; x_wconf 81' lang='grc' dir='ltr'><strong>τὸν</strong></span> <span class='ocrx_word' id='word_1_118' title='bbox 1708 1263 1856 1322; x_wconf 77' lang='grc' dir='ltr'>αἶνον</span> 
     </span>
    </p>
   </div>
   <div class='ocr_carea' id='block_1_17' title="bbox 267 1357 1855 1430">
    <p class='ocr_par' dir='ltr' id='par_1_17' title="bbox 267 1357 1855 1430">
     <span class='ocr_line' id='line_1_17' title="bbox 267 1357 1855 1430; baseline 0.001 -19"><span class='ocrx_word' id='word_1_119' title='bbox 267 1359 352 1411; x_wconf 66' lang='grc' dir='ltr'><strong>ἔπ’</strong></span> <span class='ocrx_word' id='word_1_120' title='bbox 374 1357 591 1423; x_wconf 77' lang='grc' dir='ltr'>εὐθείας</span> <span class='ocrx_word' id='word_1_121' title='bbox 612 1357 870 1422; x_wconf 81' lang='grc' dir='ltr'><strong>πτώσεως</strong></span> <span class='ocrx_word' id='word_1_122' title='bbox 897 1360 1135 1430; x_wconf 79' lang='grc' dir='ltr'><strong>σημᾶναι</strong></span> <span class='ocrx_word' id='word_1_123' title='bbox 1160 1358 1428 1430; x_wconf 81' lang='grc' dir='ltr'>βούλεται,</span> <span class='ocrx_word' id='word_1_124' title='bbox 1449 1358 1555 1412; x_wconf 84' lang='grc' dir='ltr'>τῶν</span> <span class='ocrx_word' id='word_1_125' title='bbox 1591 1358 1855 1430; x_wconf 85' lang='grc' dir='ltr'>Ἐϐραίων</span> 
     </span>
    </p>
   </div>
   <div class='ocr_carea' id='block_1_18' title="bbox 266 1448 1855 1522">
    <p class='ocr_par' dir='ltr' id='par_1_18' title="bbox 266 1448 1855 1522">
     <span class='ocr_line' id='line_1_18' title="bbox 266 1448 1855 1522; baseline 0.001 -21"><span class='ocrx_word' id='word_1_126' title='bbox 266 1450 300 1518; x_wconf 78' lang='grc' dir='ltr'><strong>ἡ</strong></span> <span class='ocrx_word' id='word_1_127' title='bbox 359 1448 577 1518; x_wconf 81' lang='grc' dir='ltr'>γλῶττα</span> <span class='ocrx_word' id='word_1_128' title='bbox 604 1468 622 1501; x_wconf 78' lang='grc' dir='ltr'><strong>ι</strong></span> <span class='ocrx_word' id='word_1_129' title='bbox 658 1448 912 1521; x_wconf 76' lang='grc' dir='ltr'>Ἀλληλοῦ</span> <span class='ocrx_word' id='word_1_130' title='bbox 971 1449 1086 1521; x_wconf 77' lang='grc'>(24)</span> <span class='ocrx_word' id='word_1_131' title='bbox 1129 1469 1149 1502; x_wconf 76' lang='grc' dir='ltr'><strong>ι</strong></span> <span class='ocrx_word' id='word_1_132' title='bbox 1212 1450 1590 1520; x_wconf 78' lang='grc' dir='ltr'>κατονομάζει.</span> <span class='ocrx_word' id='word_1_133' title='bbox 1640 1450 1855 1522; x_wconf 79' lang='grc' dir='ltr'><strong>Ἐπειδὴ</strong></span> 
     </span>
    </p>
   </div>
   <div class='ocr_carea' id='block_1_19' title="bbox 264 1538 1851 1618">
    <p class='ocr_par' dir='ltr' id='par_1_19' title="bbox 264 1538 1851 1618">
     <span class='ocr_line' id='line_1_19' title="bbox 264 1538 1851 1618; baseline 0.001 -20"><span class='ocrx_word' id='word_1_134' title='bbox 264 1544 324 1598; x_wconf 79' lang='grc' dir='ltr'><strong>δὲ</strong></span> <span class='ocrx_word' id='word_1_135' title='bbox 354 1543 470 1614; x_wconf 71' lang='grc'>(25)</span> <span class='ocrx_word' id='word_1_136' title='bbox 495 1543 526 1595; x_wconf 84' lang='grc' dir='ltr'><strong>ό</strong></span> <span class='ocrx_word' id='word_1_137' title='bbox 552 1538 699 1608; x_wconf 67' lang='grc' dir='ltr'>αἶνος</span> <span class='ocrx_word' id='word_1_138' title='bbox 738 1546 817 1607; x_wconf 78' lang='grc' dir='ltr'>εἰς</span> <span class='ocrx_word' id='word_1_139' title='bbox 841 1543 971 1597; x_wconf 84' lang='grc' dir='ltr'><strong>Θεδν</strong></span> <span class='ocrx_word' id='word_1_140' title='bbox 1018 1541 1234 1607; x_wconf 84' lang='grc' dir='ltr'>πάντως</span> <span class='ocrx_word' id='word_1_141' title='bbox 1268 1540 1367 1616; x_wconf 76' lang='grc' dir='ltr'><strong>τὴν</strong></span> <span class='ocrx_word' id='word_1_142' title='bbox 1408 1545 1686 1618; x_wconf 79' lang='grc' dir='ltr'>ἀναφορὰν</span> <span class='ocrx_word' id='word_1_143' title='bbox 1719 1546 1851 1617; x_wconf 76' lang='grc' dir='ltr'>ἔχει,</span> 
     </span>
    </p>
   </div>
   <div class='ocr_carea' id='block_1_20' title="bbox 1951 357 3515 429">
    <p class='ocr_par' dir='ltr' id='par_1_20' title="bbox 1951 357 3515 429">
     <span class='ocr_line' id='line_1_20' title="bbox 1951 357 3515 429; baseline -0.001 -15"><span class='ocrx_word' id='word_1_144' title='bbox 1951 372 2065 414; x_wconf 85' lang='lat' dir='ltr'><strong>sam</strong></span> <span class='ocrx_word' id='word_1_145' title='bbox 2089 372 2119 410; x_wconf 87' lang='lat' dir='ltr'><strong>a</strong></span> <span class='ocrx_word' id='word_1_146' title='bbox 2140 364 2327 412; x_wconf 84' lang='lat' dir='ltr'><strong>nostra</strong></span> <span class='ocrx_word' id='word_1_147' title='bbox 2355 359 2620 412; x_wconf 89' lang='lat' dir='ltr'><strong>rationem</strong></span> <span class='ocrx_word' id='word_1_148' title='bbox 2645 363 2701 412; x_wconf 89' lang='lat' dir='ltr'><strong>ct</strong></span> <span class='ocrx_word' id='word_1_149' title='bbox 2724 357 2948 428; x_wconf 79' lang='lat' dir='ltr'><strong>ﬁguram</strong></span> <span class='ocrx_word' id='word_1_150' title='bbox 2983 358 3183 413; x_wconf 87' lang='lat' dir='ltr'><strong>habent</strong></span> <span class='ocrx_word' id='word_1_151' title='bbox 3204 357 3515 429; x_wconf 81' lang='lat' dir='ltr'><strong>proferendi</strong></span> 
     </span>
    </p>
   </div>
   <div class='ocr_carea' id='block_1_21' title="bbox 1953 446 3521 520">
    <p class='ocr_par' dir='ltr' id='par_1_21' title="bbox 1953 446 3521 520">
     <span class='ocr_line' id='line_1_21' title="bbox 1953 446 3521 520; baseline 0.002 -18"><span class='ocrx_word' id='word_1_152' title='bbox 1953 462 2132 503; x_wconf 86' lang='lat' dir='ltr'><strong>voces.</strong></span> <span class='ocrx_word' id='word_1_153' title='bbox 2167 446 2300 503; x_wconf 89' lang='lat' dir='ltr'><strong>Nam</strong></span> <span class='ocrx_word' id='word_1_154' title='bbox 2327 454 2380 502; x_wconf 88' lang='lat' dir='ltr'><strong>et</strong></span> <span class='ocrx_word' id='word_1_155' title='bbox 2403 448 2676 517; x_wconf 75' lang='lat' dir='ltr'><strong>prophetae</strong></span> <span class='ocrx_word' id='word_1_156' title='bbox 2698 464 2894 504; x_wconf 84' lang='lat' dir='ltr'><strong>nomen</strong></span> <span class='ocrx_word' id='word_1_157' title='bbox 2923 463 3023 505; x_wconf 89' lang='lat' dir='ltr'><strong>nos</strong></span> <span class='ocrx_word' id='word_1_158' title='bbox 3042 450 3260 520; x_wconf 87' lang='lat' dir='ltr'><strong>quidem</strong></span> <span class='ocrx_word' id='word_1_159' title='bbox 3284 450 3349 505; x_wconf 89' lang='lat' dir='ltr'><strong>ad</strong></span> <span class='ocrx_word' id='word_1_160' title='bbox 3371 449 3521 505; x_wconf 62' lang='lat' dir='ltr'><strong>Grie-</strong></span> 
     </span>
    </p>
   </div>
   <div class='ocr_carea' id='block_1_22' title="bbox 1950 537 3516 611">
    <p class='ocr_par' dir='ltr' id='par_1_22' title="bbox 1950 537 3516 611">
     <span class='ocr_line' id='line_1_22' title="bbox 1950 537 3516 611; baseline 0.002 -18"><span class='ocrx_word' id='word_1_161' title='bbox 1950 552 2070 593; x_wconf 90' lang='lat' dir='ltr'><strong>cam</strong></span> <span class='ocrx_word' id='word_1_162' title='bbox 2096 537 2361 592; x_wconf 91' lang='lat' dir='ltr'><strong>rationem</strong></span> <span class='ocrx_word' id='word_1_163' title='bbox 2388 537 2758 607; x_wconf 78' lang='lat' dir='ltr'><strong>eﬂ‘ormantes,</strong></span> <span class='ocrx_word' id='word_1_164' title='bbox 2800 556 2819 591; x_wconf 72' lang='grc' dir='ltr'>α</span> <span class='ocrx_word' id='word_1_165' title='bbox 2850 537 3059 594; x_wconf 83' lang='lat' dir='ltr'><strong>Heliam</strong></span> <span class='ocrx_word' id='word_1_166' title='bbox 3093 558 3113 591; x_wconf 70' lang='grc' dir='ltr'><strong>ι</strong></span> <span class='ocrx_word' id='word_1_167' title='bbox 3139 541 3516 611; x_wconf 80' lang='lat' dir='ltr'><strong>appellamus:</strong></span> 
     </span>
    </p>
   </div>
   <div class='ocr_carea' id='block_1_23' title="bbox 1950 628 3519 701">
    <p class='ocr_par' dir='ltr' id='par_1_23' title="bbox 1950 628 3519 701">
     <span class='ocr_line' id='line_1_23' title="bbox 1950 628 3519 701; baseline 0.004 -20"><span class='ocrx_word' id='word_1_168' title='bbox 1950 628 2019 681; x_wconf 85' lang='lat' dir='ltr'><strong>At</strong></span> <span class='ocrx_word' id='word_1_169' title='bbox 2052 628 2355 699; x_wconf 78' lang='lat' dir='ltr'><strong>proprietas</strong></span> <span class='ocrx_word' id='word_1_170' title='bbox 2379 629 2579 701; x_wconf 80' lang='lat' dir='ltr'><strong>linguae</strong></span> <span class='ocrx_word' id='word_1_171' title='bbox 2602 628 2884 686; x_wconf 81' lang='lat' dir='ltr'><strong>Hebraicae</strong></span> <span class='ocrx_word' id='word_1_172' title='bbox 2914 632 2967 685; x_wconf 93' lang='lat' dir='ltr'><strong>in</strong></span> <span class='ocrx_word' id='word_1_173' title='bbox 3022 645 3153 687; x_wconf 91' lang='lat' dir='ltr'><strong>casu</strong></span> <span class='ocrx_word' id='word_1_174' title='bbox 3188 640 3338 687; x_wconf 89' lang='lat' dir='ltr'><strong>recto</strong></span> <span class='ocrx_word' id='word_1_175' title='bbox 3363 632 3519 688; x_wconf 87' lang='lat' dir='ltr'><strong>Heliu</strong></span> 
     </span>
    </p>
   </div>
   <div class='ocr_carea' id='block_1_24' title="bbox 1951 718 3521 790">
    <p class='ocr_par' dir='ltr' id='par_1_24' title="bbox 1951 718 3521 790">
     <span class='ocr_line' id='line_1_24' title="bbox 1951 718 3521 790; baseline 0.002 -18"><span class='ocrx_word' id='word_1_176' title='bbox 1951 718 2115 785; x_wconf 92' lang='lat' dir='ltr'><strong>dicit;</strong></span> <span class='ocrx_word' id='word_1_177' title='bbox 2154 718 2227 771; x_wconf 90' lang='lat' dir='ltr'><strong>ita</strong></span> <span class='ocrx_word' id='word_1_178' title='bbox 2260 718 2428 789; x_wconf 82' lang='lat' dir='ltr'><strong>igitur</strong></span> <span class='ocrx_word' id='word_1_179' title='bbox 2470 726 2525 775; x_wconf 88' lang='lat' dir='ltr'><strong>et</strong></span> <span class='ocrx_word' id='word_1_180' title='bbox 2570 720 2626 774; x_wconf 90' lang='lat' dir='ltr'><strong>in</strong></span> <span class='ocrx_word' id='word_1_181' title='bbox 2674 721 2991 790; x_wconf 86' lang='lat' dir='ltr'><strong>proposito,</strong></span> <span class='ocrx_word' id='word_1_182' title='bbox 3028 720 3250 790; x_wconf 90' lang='lat' dir='ltr'><strong>quando</strong></span> <span class='ocrx_word' id='word_1_183' title='bbox 3300 720 3521 775; x_wconf 88' lang='lat' dir='ltr'><strong>laudem</strong></span> 
     </span>
    </p>
   </div>
   <div class='ocr_carea' id='block_1_25' title="bbox 1951 808 3523 881">
    <p class='ocr_par' dir='ltr' id='par_1_25' title="bbox 1951 808 3523 881">
     <span class='ocr_line' id='line_1_25' title="bbox 1951 808 3523 881; baseline 0.001 -18"><span class='ocrx_word' id='word_1_184' title='bbox 1951 815 2102 863; x_wconf 84' lang='lat' dir='ltr'><strong>recto</strong></span> <span class='ocrx_word' id='word_1_185' title='bbox 2143 822 2275 863; x_wconf 88' lang='lat' dir='ltr'><strong>casu</strong></span> <span class='ocrx_word' id='word_1_186' title='bbox 2318 808 2627 880; x_wconf 78' lang='lat' dir='ltr'><strong>signiﬁcare</strong></span> <span class='ocrx_word' id='word_1_187' title='bbox 2658 812 2803 875; x_wconf 87' lang='lat' dir='ltr'><strong>vult,</strong></span> <span class='ocrx_word' id='word_1_188' title='bbox 2844 812 2995 881; x_wconf 84' lang='lat' dir='ltr'><strong>ponit</strong></span> <span class='ocrx_word' id='word_1_189' title='bbox 3042 811 3391 866; x_wconf 81' lang='lat' dir='ltr'><strong>Hebraeorum</strong></span> <span class='ocrx_word' id='word_1_190' title='bbox 3417 811 3523 864; x_wconf 88' lang='lat' dir='ltr'><strong>lin-</strong></span> 
     </span>
    </p>
   </div>
   <div class='ocr_carea' id='block_1_26' title="bbox 1954 896 3524 970">
    <p class='ocr_par' dir='ltr' id='par_1_26' title="bbox 1954 896 3524 970">
     <span class='ocr_line' id='line_1_26' title="bbox 1954 896 3524 970; baseline -0.001 -16"><span class='ocrx_word' id='word_1_191' title='bbox 1954 906 2089 970; x_wconf 74' lang='lat' dir='ltr'><strong>gua,</strong></span> <span class='ocrx_word' id='word_1_192' title='bbox 2112 896 2145 952; x_wconf 76' lang='grc' dir='ltr'><strong>ἰ</strong></span> <span class='ocrx_word' id='word_1_193' title='bbox 2179 900 2415 956; x_wconf 82' lang='lat' dir='ltr'><strong>alleluia.</strong></span> <span class='ocrx_word' id='word_1_194' title='bbox 2455 920 2475 953; x_wconf 73' lang='grc' dir='ltr'><strong>ι</strong></span> <span class='ocrx_word' id='word_1_195' title='bbox 2528 901 2665 956; x_wconf 86' lang='lat' dir='ltr'><strong>Cum</strong></span> <span class='ocrx_word' id='word_1_196' title='bbox 2701 912 2880 958; x_wconf 89' lang='lat' dir='ltr'><strong>autem</strong></span> <span class='ocrx_word' id='word_1_197' title='bbox 2929 903 3049 958; x_wconf 90' lang='lat' dir='ltr'><strong>laus</strong></span> <span class='ocrx_word' id='word_1_198' title='bbox 3080 902 3149 956; x_wconf 90' lang='lat' dir='ltr'><strong>ad</strong></span> <span class='ocrx_word' id='word_1_199' title='bbox 3188 900 3356 957; x_wconf 90' lang='lat' dir='ltr'><strong>Deum</strong></span> <span class='ocrx_word' id='word_1_200' title='bbox 3383 901 3524 955; x_wconf 72' lang='lat' dir='ltr'><strong>rela~</strong></span> 
     </span>
    </p>
   </div>
   <div class='ocr_carea' id='block_1_27' title="bbox 1954 991 3525 1063">
    <p class='ocr_par' dir='ltr' id='par_1_27' title="bbox 1954 991 3525 1063">
     <span class='ocr_line' id='line_1_27' title="bbox 1954 991 3525 1063; baseline 0.001 -19"><span class='ocrx_word' id='word_1_201' title='bbox 1954 991 2161 1046; x_wconf 87' lang='lat' dir='ltr'><strong>tionem</strong></span> <span class='ocrx_word' id='word_1_202' title='bbox 2191 992 2412 1054; x_wconf 86' lang='lat' dir='ltr'><strong>habeat.</strong></span> <span class='ocrx_word' id='word_1_203' title='bbox 2447 992 2692 1063; x_wconf 87' lang='lat' dir='ltr'><strong>illudque</strong></span> <span class='ocrx_word' id='word_1_204' title='bbox 2723 1011 2742 1045; x_wconf 85' lang='grc'><strong>‹</strong></span> <span class='ocrx_word' id='word_1_205' title='bbox 2779 994 2851 1059; x_wconf 88' lang='lat' dir='ltr'><strong>ia,</strong></span> <span class='ocrx_word' id='word_1_206' title='bbox 2890 1013 2909 1046; x_wconf 70' lang='grc' dir='ltr'><strong>ι</strong></span> <span class='ocrx_word' id='word_1_207' title='bbox 2942 995 3011 1049; x_wconf 87' lang='lat' dir='ltr'><strong>sit</strong></span> <span class='ocrx_word' id='word_1_208' title='bbox 3045 1009 3212 1048; x_wconf 92' lang='lat' dir='ltr'><strong>unum</strong></span> <span class='ocrx_word' id='word_1_209' title='bbox 3235 1008 3303 1048; x_wconf 83' lang='lat' dir='ltr'><strong>ex</strong></span> <span class='ocrx_word' id='word_1_210' title='bbox 3341 992 3525 1048; x_wconf 82' lang='lat' dir='ltr'><strong>nomi-</strong></span> 
     </span>
    </p>
   </div>
   <div class='ocr_carea' id='block_1_28' title="bbox 1955 1067 3525 1153">
    <p class='ocr_par' dir='ltr' id='par_1_28' title="bbox 1955 1067 3525 1153">
     <span class='ocr_line' id='line_1_28' title="bbox 1955 1067 3525 1153; baseline -0.002 -16"><span class='ocrx_word' id='word_1_211' title='bbox 1955 1067 2151 1149; x_wconf 85' lang='lat' dir='ltr'><strong>nibus,</strong></span> <span class='ocrx_word' id='word_1_212' title='bbox 2196 1098 2317 1153; x_wconf 56' lang='lat' dir='ltr'><strong>quae</strong></span> <span class='ocrx_word' id='word_1_213' title='bbox 2351 1082 2448 1138; x_wconf 90' lang='lat' dir='ltr'><strong>Dei</strong></span> <span class='ocrx_word' id='word_1_214' title='bbox 2495 1091 2746 1138; x_wconf 88' lang='lat' dir='ltr'><strong>naturam</strong></span> <span class='ocrx_word' id='word_1_215' title='bbox 2780 1083 3097 1148; x_wconf 87' lang='lat' dir='ltr'><strong>declarant,</strong></span> <span class='ocrx_word' id='word_1_216' title='bbox 3133 1090 3308 1137; x_wconf 89' lang='lat' dir='ltr'><strong>totum</strong></span> <span class='ocrx_word' id='word_1_217' title='bbox 3360 1080 3525 1138; x_wconf 88' lang='lat' dir='ltr'><strong>simul</strong></span> 
     </span>
    </p>
   </div>
   <div class='ocr_carea' id='block_1_29' title="bbox 1961 1173 3527 1245">
    <p class='ocr_par' dir='ltr' id='par_1_29' title="bbox 1961 1173 3527 1245">
     <span class='ocr_line' id='line_1_29' title="bbox 1961 1173 3527 1245; baseline 0.001 -18"><span class='ocrx_word' id='word_1_218' title='bbox 1961 1193 1980 1227; x_wconf 75' lang='grc' dir='ltr'><strong>ι</strong></span> <span class='ocrx_word' id='word_1_219' title='bbox 2029 1176 2279 1240; x_wconf 88' lang='lat' dir='ltr'><strong>alleluia,</strong></span> <span class='ocrx_word' id='word_1_220' title='bbox 2319 1195 2338 1229; x_wconf 84' lang='grc'>›</span> <span class='ocrx_word' id='word_1_221' title='bbox 2378 1176 2499 1232; x_wconf 90' lang='lat' dir='ltr'><strong>laus</strong></span> <span class='ocrx_word' id='word_1_222' title='bbox 2545 1174 2640 1231; x_wconf 91' lang='lat' dir='ltr'><strong>Dei</strong></span> <span class='ocrx_word' id='word_1_223' title='bbox 2678 1190 2778 1245; x_wconf 90' lang='lat' dir='ltr'><strong>per</strong></span> <span class='ocrx_word' id='word_1_224' title='bbox 2806 1176 3311 1245; x_wconf 84' lang='lat' dir='ltr'><strong>interpretationem</strong></span> <span class='ocrx_word' id='word_1_225' title='bbox 3342 1173 3527 1229; x_wconf 86' lang='lat' dir='ltr'><strong>reddi-</strong></span> 
     </span>
    </p>
   </div>
   <div class='ocr_carea' id='block_1_30' title="bbox 1953 1264 3527 1336">
    <p class='ocr_par' dir='ltr' id='par_1_30' title="bbox 1953 1264 3527 1336">
     <span class='ocr_line' id='line_1_30' title="bbox 1953 1264 3527 1336; baseline 0 -18"><span class='ocrx_word' id='word_1_226' title='bbox 1953 1271 2065 1319; x_wconf 86' lang='lat' dir='ltr'><strong>tur.</strong></span> <span class='ocrx_word' id='word_1_227' title='bbox 2106 1264 2340 1331; x_wconf 83' lang='lat' dir='ltr'><strong>Quando</strong></span> <span class='ocrx_word' id='word_1_228' title='bbox 2390 1266 2575 1336; x_wconf 89' lang='lat' dir='ltr'><strong>itaque</strong></span> <span class='ocrx_word' id='word_1_229' title='bbox 2623 1280 2730 1320; x_wconf 85' lang='lat' dir='ltr'><strong>vox</strong></span> <span class='ocrx_word' id='word_1_230' title='bbox 2769 1265 2884 1320; x_wconf 84' lang='lat' dir='ltr'><strong>haec</strong></span> <span class='ocrx_word' id='word_1_231' title='bbox 2932 1265 3093 1318; x_wconf 89' lang='lat' dir='ltr'><strong>alicui</strong></span> <span class='ocrx_word' id='word_1_232' title='bbox 3130 1265 3343 1335; x_wconf 85' lang='lat' dir='ltr'><strong>psalmo</strong></span> <span class='ocrx_word' id='word_1_233' title='bbox 3389 1278 3527 1335; x_wconf 64' lang='lat' dir='ltr'><strong>prae-</strong></span> 
     </span>
    </p>
   </div>
   <div class='ocr_carea' id='block_1_31' title="bbox 1956 1354 3527 1426">
    <p class='ocr_par' dir='ltr' id='par_1_31' title="bbox 1956 1354 3527 1426">
     <span class='ocr_line' id='line_1_31' title="bbox 1956 1354 3527 1426; baseline -0.001 -15"><span class='ocrx_word' id='word_1_234' title='bbox 1956 1354 2161 1425; x_wconf 90' lang='lat' dir='ltr'><strong>scripta</strong></span> <span class='ocrx_word' id='word_1_235' title='bbox 2190 1361 2296 1419; x_wconf 88' lang='lat' dir='ltr'><strong>est,</strong></span> <span class='ocrx_word' id='word_1_236' title='bbox 2330 1357 2569 1425; x_wconf 81' lang='lat' dir='ltr'><strong>cogitare</strong></span> <span class='ocrx_word' id='word_1_237' title='bbox 2601 1363 2849 1426; x_wconf 88' lang='lat' dir='ltr'><strong>oportet,</strong></span> <span class='ocrx_word' id='word_1_238' title='bbox 2881 1355 2945 1409; x_wconf 84' lang='lat' dir='ltr'><strong>id</strong></span> <span class='ocrx_word' id='word_1_239' title='bbox 2968 1355 3114 1426; x_wconf 91' lang='lat' dir='ltr'><strong>quod</strong></span> <span class='ocrx_word' id='word_1_240' title='bbox 3146 1355 3420 1421; x_wconf 85' lang='lat' dir='ltr'><strong>subditur,</strong></span> <span class='ocrx_word' id='word_1_241' title='bbox 3458 1355 3527 1409; x_wconf 81' lang='lat' dir='ltr'><strong>ad</strong></span> 
     </span>
    </p>
   </div>
   <div class='ocr_carea' id='block_1_32' title="bbox 1954 1437 3528 1516">
    <p class='ocr_par' dir='ltr' id='par_1_32' title="bbox 1954 1437 3528 1516">
     <span class='ocr_line' id='line_1_32' title="bbox 1954 1437 3528 1516; baseline 0.003 -17"><span class='ocrx_word' id='word_1_242' title='bbox 1954 1445 2050 1501; x_wconf 91' lang='lat' dir='ltr'><strong>Dei</strong></span> <span class='ocrx_word' id='word_1_243' title='bbox 2081 1437 2451 1502; x_wconf 80' lang='lat' dir='ltr'><strong>laudationem</strong></span> <span class='ocrx_word' id='word_1_244' title='bbox 2484 1455 2540 1502; x_wconf 89' lang='lat' dir='ltr'><strong>et</strong></span> <span class='ocrx_word' id='word_1_245' title='bbox 2586 1448 3030 1516; x_wconf 87' lang='lat' dir='ltr'><strong>praedicationem</strong></span> <span class='ocrx_word' id='word_1_246' title='bbox 3061 1444 3283 1504; x_wconf 85' lang='lat' dir='ltr'><strong>ducere.</strong></span> <span class='ocrx_word' id='word_1_247' title='bbox 3319 1446 3528 1513; x_wconf 83' lang='lat' dir='ltr'><strong>Quibus</strong></span> 
     </span>
    </p>
   </div>
   <div class='ocr_carea' id='block_1_33' title="bbox 1958 1534 3525 1608">
    <p class='ocr_par' dir='ltr' id='par_1_33' title="bbox 1958 1534 3525 1608">
     <span class='ocr_line' id='line_1_33' title="bbox 1958 1534 3525 1608; baseline 0.002 -19"><span class='ocrx_word' id='word_1_248' title='bbox 1958 1534 2410 1606; x_wconf 86' lang='lat' dir='ltr'><strong>inscriptionibus</strong></span> <span class='ocrx_word' id='word_1_249' title='bbox 2477 1535 2635 1590; x_wconf 92' lang='lat' dir='ltr'><strong>multi</strong></span> <span class='ocrx_word' id='word_1_250' title='bbox 2690 1552 2758 1591; x_wconf 89' lang='lat' dir='ltr'><strong>ex</strong></span> <span class='ocrx_word' id='word_1_251' title='bbox 2815 1537 3106 1606; x_wconf 88' lang='lat' dir='ltr'><strong>postremis</strong></span> <span class='ocrx_word' id='word_1_252' title='bbox 3176 1537 3525 1608; x_wconf 89' lang='lat' dir='ltr'><strong>potissimum</strong></span> 
     </span>
    </p>
   </div>
   <div class='ocr_carea' id='block_1_34' title="bbox 265 1596 1851 1707">
    <p class='ocr_par' dir='ltr' id='par_1_34' title="bbox 265 1596 1851 1707">
     <span class='ocr_line' id='line_1_34' title="bbox 265 1596 1851 1707; baseline 0.003 -20"><span class='ocrx_word' id='word_1_253' title='bbox 497 1596 596 1688; x_wconf 19' lang='grc' dir='ltr'>ῐαῪι</span> <span class='ocrx_word' id='word_1_254' title='bbox 630 1596 696 1686; x_wconf 61' lang='grc' dir='ltr'><em>εᾷ</em></span> <span class='ocrx_word' id='word_1_255' title='bbox 886 1596 1425 1706; x_wconf 17' lang='grc' dir='ltr'>ἑρμηνευτικίῦννῖτῆς</span> 
     </span>
    </p>
   </div>
   <div class='ocr_carea' id='block_1_35' title="bbox 1994 1596 3530 1707">
    <p class='ocr_par' dir='ltr' id='par_1_35' title="bbox 1994 1596 3530 1696">
     <span class='ocr_line' id='line_1_35' title="bbox 1994 1596 3530 1696; baseline 0.001 -18"><span class='ocrx_word' id='word_1_256' title='bbox 1994 1596 2187 1679; x_wconf 59' lang='grc' dir='ltr'>εειηίίε</span> <span class='ocrx_word' id='word_1_257' title='bbox 2222 1623 2388 1694; x_wconf 87' lang='lat' dir='ltr'><strong>hujus</strong></span> <span class='ocrx_word' id='word_1_258' title='bbox 2435 1624 2562 1679; x_wconf 85' lang='lat' dir='ltr'><strong>libri</strong></span> <span class='ocrx_word' id='word_1_259' title='bbox 2603 1596 3005 1696; x_wconf 76' lang='lat' dir='ltr'><strong>irisigniuittur;</strong></span> <span class='ocrx_word' id='word_1_260' title='bbox 3043 1643 3109 1682; x_wconf 84' lang='lat' dir='ltr'><strong>ex</strong></span> <span class='ocrx_word' id='word_1_261' title='bbox 3138 1596 3338 1696; x_wconf 74' lang='lat' dir='ltr'><strong>quibus</strong></span> <span class='ocrx_word' id='word_1_262' title='bbox 3367 1626 3530 1681; x_wconf 85' lang='lat' dir='ltr'><strong>intel-</strong></span> 
     </span>
    </p>
   </div>
   <div class='ocr_carea' id='block_1_36' title="bbox 266 1722 1850 1796">
    <p class='ocr_par' dir='ltr' id='par_1_36' title="bbox 266 1722 1850 1796">
     <span class='ocr_line' id='line_1_36' title="bbox 266 1722 1850 1796; baseline 0.003 -18"><span class='ocrx_word' id='word_1_263' title='bbox 266 1726 417 1778; x_wconf 75' lang='grc' dir='ltr'>ἔστιν</span> <span class='ocrx_word' id='word_1_264' title='bbox 445 1723 635 1795; x_wconf 77' lang='grc' dir='ltr'>ὄνομα,</span> <span class='ocrx_word' id='word_1_265' title='bbox 662 1724 780 1778; x_wconf 85' lang='grc' dir='ltr'>ὅλον</span> <span class='ocrx_word' id='word_1_266' title='bbox 806 1727 956 1795; x_wconf 80' lang='grc' dir='ltr'>κοινῇ</span> <span class='ocrx_word' id='word_1_267' title='bbox 988 1724 1050 1777; x_wconf 79' lang='grc' dir='ltr'>τὺ</span> <span class='ocrx_word' id='word_1_268' title='bbox 1088 1743 1106 1777; x_wconf 75' lang='grc' dir='ltr'><strong>ι</strong></span> <span class='ocrx_word' id='word_1_269' title='bbox 1145 1724 1458 1796; x_wconf 81' lang='grc' dir='ltr'>Ἀλληλούῐα</span> <span class='ocrx_word' id='word_1_270' title='bbox 1490 1745 1508 1778; x_wconf 77' lang='grc' dir='ltr'><strong>ι</strong></span> <span class='ocrx_word' id='word_1_271' title='bbox 1539 1722 1688 1791; x_wconf 78' lang='grc' dir='ltr'>αἶνος</span> <span class='ocrx_word' id='word_1_272' title='bbox 1716 1729 1850 1782; x_wconf 79' lang='grc' dir='ltr'>Θεοῦ</span> 
     </span>
    </p>
   </div>
   <div class='ocr_carea' id='block_1_37' title="bbox 267 1812 1857 1888">
    <p class='ocr_par' dir='ltr' id='par_1_37' title="bbox 267 1812 1857 1888">
     <span class='ocr_line' id='line_1_37' title="bbox 267 1812 1857 1888; baseline 0.003 -21"><span class='ocrx_word' id='word_1_273' title='bbox 267 1814 651 1885; x_wconf 75' lang='grc' dir='ltr'><strong>ἑρμηνεύεται.</strong></span> <span class='ocrx_word' id='word_1_274' title='bbox 685 1814 853 1868; x_wconf 87' lang='grc' dir='ltr'>Ὀταν</span> <span class='ocrx_word' id='word_1_275' title='bbox 908 1814 1089 1867; x_wconf 80' lang='grc' dir='ltr'>τοίνυν</span> <span class='ocrx_word' id='word_1_276' title='bbox 1138 1813 1296 1868; x_wconf 78' lang='grc' dir='ltr'>τοῦτο</span> <span class='ocrx_word' id='word_1_277' title='bbox 1352 1814 1414 1868; x_wconf 86' lang='grc' dir='ltr'>τὸ</span> <span class='ocrx_word' id='word_1_278' title='bbox 1455 1812 1606 1887; x_wconf 78' lang='grc' dir='ltr'>ῥῆμα</span> <span class='ocrx_word' id='word_1_279' title='bbox 1657 1834 1857 1888; x_wconf 78' lang='grc' dir='ltr'>προγε-</span> 
     </span>
    </p>
   </div>
   <div class='ocr_carea' id='block_1_38' title="bbox 267 1898 1857 1978">
    <p class='ocr_par' dir='ltr' id='par_1_38' title="bbox 267 1898 1857 1978">
     <span class='ocr_line' id='line_1_38' title="bbox 267 1898 1857 1978; baseline 0.003 -22"><span class='ocrx_word' id='word_1_280' title='bbox 267 1903 589 1975; x_wconf 64' lang='grc' dir='ltr'>γραμμὲιον</span> <span class='ocrx_word' id='word_1_281' title='bbox 630 1898 665 1978; x_wconf 76' lang='grc' dir='ltr'>ᾖ</span> <span class='ocrx_word' id='word_1_282' title='bbox 718 1902 821 1973; x_wconf 81' lang='grc' dir='ltr'>τῆς</span> <span class='ocrx_word' id='word_1_283' title='bbox 870 1903 1211 1974; x_wconf 79' lang='grc' dir='ltr'>ψαλμῳδίας,</span> <span class='ocrx_word' id='word_1_284' title='bbox 1267 1903 1484 1974; x_wconf 84' lang='grc' dir='ltr'>νοητέον</span> <span class='ocrx_word' id='word_1_285' title='bbox 1536 1904 1602 1959; x_wconf 87' lang='grc' dir='ltr'>ἂν</span> <span class='ocrx_word' id='word_1_286' title='bbox 1643 1906 1748 1978; x_wconf 76' lang='grc' dir='ltr'>εἴη,</span> <span class='ocrx_word' id='word_1_287' title='bbox 1797 1906 1857 1961; x_wconf 86' lang='grc' dir='ltr'>τὸ</span> 
     </span>
    </p>
   </div>
   <div class='ocr_carea' id='block_1_39' title="bbox 267 1992 1856 2066">
    <p class='ocr_par' dir='ltr' id='par_1_39' title="bbox 267 1992 1856 2066">
     <span class='ocr_line' id='line_1_39' title="bbox 267 1992 1856 2066; baseline 0.003 -20"><span class='ocrx_word' id='word_1_288' title='bbox 267 1992 379 2047; x_wconf 80' lang='grc' dir='ltr'>δεῖν</span> <span class='ocrx_word' id='word_1_289' title='bbox 432 1994 652 2058; x_wconf 81' lang='grc' dir='ltr'>πάντως</span> <span class='ocrx_word' id='word_1_290' title='bbox 697 1993 756 2047; x_wconf 83' lang='grc' dir='ltr'>τὸ</span> <span class='ocrx_word' id='word_1_291' title='bbox 781 1994 1135 2063; x_wconf 76' lang='grc' dir='ltr'>ὑποκείμενον</span> <span class='ocrx_word' id='word_1_292' title='bbox 1178 1994 1259 2056; x_wconf 81' lang='grc' dir='ltr'>εἰς</span> <span class='ocrx_word' id='word_1_293' title='bbox 1306 1993 1611 2064; x_wconf 83' lang='grc' dir='ltr'>δοξολογίαν</span> <span class='ocrx_word' id='word_1_294' title='bbox 1653 1998 1856 2066; x_wconf 55' lang='lat' dir='ltr'><strong>avara—</strong></span> 
     </span>
    </p>
   </div>
   <div class='ocr_carea' id='block_1_40' title="bbox 269 2082 1858 2158">
    <p class='ocr_par' dir='ltr' id='par_1_40' title="bbox 269 2082 1858 2158">
     <span class='ocr_line' id='line_1_40' title="bbox 269 2082 1858 2158; baseline 0.003 -22"><span class='ocrx_word' id='word_1_295' title='bbox 269 2086 386 2151; x_wconf 85' lang='grc' dir='ltr'>γεῖν</span> <span class='ocrx_word' id='word_1_296' title='bbox 420 2084 535 2153; x_wconf 88' lang='grc'>(26)</span> <span class='ocrx_word' id='word_1_297' title='bbox 563 2083 717 2137; x_wconf 78' lang='grc' dir='ltr'>Θεοῦ.</span> <span class='ocrx_word' id='word_1_298' title='bbox 747 2082 903 2137; x_wconf 79' lang='grc' dir='ltr'><strong>Οὕτω</strong></span> <span class='ocrx_word' id='word_1_299' title='bbox 930 2101 1012 2136; x_wconf 91' lang='grc' dir='ltr'><strong>τοι</strong></span> <span class='ocrx_word' id='word_1_300' title='bbox 1057 2085 1150 2137; x_wconf 77' lang='grc' dir='ltr'>καὶ</span> <span class='ocrx_word' id='word_1_301' title='bbox 1186 2086 1297 2149; x_wconf 84' lang='grc' dir='ltr'>τοῖς</span> <span class='ocrx_word' id='word_1_302' title='bbox 1342 2085 1670 2151; x_wconf 79' lang='grc' dir='ltr'><strong>τελευταίοις</strong></span> <span class='ocrx_word' id='word_1_303' title='bbox 1701 2087 1858 2158; x_wconf 81' lang='grc' dir='ltr'>μάλι-</span> 
     </span>
    </p>
   </div>
   <div class='ocr_carea' id='block_1_41' title="bbox 274 2171 1857 2243">
    <p class='ocr_par' dir='ltr' id='par_1_41' title="bbox 274 2171 1857 2243">
     <span class='ocr_line' id='line_1_41' title="bbox 274 2171 1857 2243; baseline 0.003 -15"><span class='ocrx_word' id='word_1_304' title='bbox 274 2191 378 2228; x_wconf 87' lang='grc' dir='ltr'><strong>στα</strong></span> <span class='ocrx_word' id='word_1_305' title='bbox 408 2171 511 2241; x_wconf 83' lang='grc' dir='ltr'>τῆς</span> <span class='ocrx_word' id='word_1_306' title='bbox 538 2172 721 2243; x_wconf 87' lang='grc' dir='ltr'>βίϐλου</span> <span class='ocrx_word' id='word_1_307' title='bbox 751 2172 858 2226; x_wconf 85' lang='grc' dir='ltr'>τῶν</span> <span class='ocrx_word' id='word_1_308' title='bbox 887 2171 1119 2242; x_wconf 77' lang='grc' dir='ltr'>ψαλμῶν</span> <span class='ocrx_word' id='word_1_309' title='bbox 1146 2175 1202 2228; x_wconf 85' lang='grc' dir='ltr'>αἱ</span> <span class='ocrx_word' id='word_1_310' title='bbox 1236 2173 1425 2229; x_wconf 73' lang='grc' dir='ltr'>πολλαὶ</span> <span class='ocrx_word' id='word_1_311' title='bbox 1455 2174 1563 2230; x_wconf 84' lang='grc' dir='ltr'>τῶν</span> <span class='ocrx_word' id='word_1_312' title='bbox 1603 2176 1857 2233; x_wconf 82' lang='grc' dir='ltr'><strong>τοιούτων</strong></span> 
     </span>
    </p>
   </div>
   <div class='ocr_carea' id='block_1_42' title="bbox 269 2256 1856 2335">
    <p class='ocr_par' dir='ltr' id='par_1_42' title="bbox 269 2256 1856 2335">
     <span class='ocr_line' id='line_1_42' title="bbox 269 2256 1856 2335; baseline 0.004 -20"><span class='ocrx_word' id='word_1_313' title='bbox 269 2262 595 2335; x_wconf 77' lang='grc' dir='ltr'>ἐπιγραφῶν</span> <span class='ocrx_word' id='word_1_314' title='bbox 634 2261 1069 2333; x_wconf 73' lang='grc' dir='ltr'>ἐφευρίσκονται,</span> <span class='ocrx_word' id='word_1_315' title='bbox 1108 2263 1175 2316; x_wconf 86' lang='grc' dir='ltr'>δι’</span> <span class='ocrx_word' id='word_1_316' title='bbox 1211 2256 1286 2316; x_wconf 82' lang='grc' dir='ltr'>ὧν</span> <span class='ocrx_word' id='word_1_317' title='bbox 1329 2264 1477 2317; x_wconf 79' lang='grc' dir='ltr'>ἔστιν</span> <span class='ocrx_word' id='word_1_318' title='bbox 1514 2266 1733 2332; x_wconf 77' lang='grc' dir='ltr'><strong>ἐννοεῖν,</strong></span> <span class='ocrx_word' id='word_1_319' title='bbox 1774 2269 1856 2322; x_wconf 82' lang='grc' dir='ltr'><strong>ὅτι</strong></span> 
     </span>
    </p>
   </div>
   <div class='ocr_carea' id='block_1_43' title="bbox 271 2352 1857 2430">
    <p class='ocr_par' dir='ltr' id='par_1_43' title="bbox 271 2352 1857 2430">
     <span class='ocr_line' id='line_1_43' title="bbox 271 2352 1857 2430; baseline 0.003 -23"><span class='ocrx_word' id='word_1_320' title='bbox 271 2356 385 2416; x_wconf 87' lang='grc' dir='ltr'>τοῖς</span> <span class='ocrx_word' id='word_1_321' title='bbox 411 2353 515 2424; x_wconf 70' lang='grc' dir='ltr'>ἤδη</span> <span class='ocrx_word' id='word_1_322' title='bbox 560 2352 696 2424; x_wconf 76' lang='grc' dir='ltr'>πρὸς</span> <span class='ocrx_word' id='word_1_323' title='bbox 745 2353 805 2407; x_wconf 83' lang='grc' dir='ltr'>τὸ</span> <span class='ocrx_word' id='word_1_324' title='bbox 839 2353 1045 2408; x_wconf 83' lang='grc' dir='ltr'>τέλειον</span> <span class='ocrx_word' id='word_1_325' title='bbox 1092 2353 1326 2425; x_wconf 70' lang='grc' dir='ltr'>φθάσασι</span> <span class='ocrx_word' id='word_1_326' title='bbox 1365 2355 1465 2427; x_wconf 85' lang='grc' dir='ltr'>τῆς</span> <span class='ocrx_word' id='word_1_327' title='bbox 1509 2357 1629 2409; x_wconf 85' lang='grc' dir='ltr'>κατ’</span> <span class='ocrx_word' id='word_1_328' title='bbox 1657 2357 1857 2430; x_wconf 87' lang='grc' dir='ltr'>ἀρετὴν</span> 
     </span>
    </p>
   </div>
   <div class='ocr_carea' id='block_1_44' title="bbox 272 2444 1858 2520">
    <p class='ocr_par' dir='ltr' id='par_1_44' title="bbox 272 2444 1858 2520">
     <span class='ocr_line' id='line_1_44' title="bbox 272 2444 1858 2520; baseline 0.002 -20"><span class='ocrx_word' id='word_1_329' title='bbox 272 2446 571 2511; x_wconf 75' lang='grc' dir='ltr'>πολιτείας,</span> <span class='ocrx_word' id='word_1_330' title='bbox 600 2448 693 2499; x_wconf 69' lang='grc' dir='ltr'><strong>κα)⁵</strong></span> <span class='ocrx_word' id='word_1_331' title='bbox 737 2444 825 2500; x_wconf 86' lang='grc' dir='ltr'>διὰ</span> <span class='ocrx_word' id='word_1_332' title='bbox 861 2446 970 2500; x_wconf 83' lang='grc' dir='ltr'><strong>τῶν</strong></span> <span class='ocrx_word' id='word_1_333' title='bbox 1006 2446 1383 2516; x_wconf 89' lang='grc' dir='ltr'>προλαϐόντων</span> <span class='ocrx_word' id='word_1_334' title='bbox 1424 2445 1522 2517; x_wconf 78' lang='grc' dir='ltr'>τῆς</span> <span class='ocrx_word' id='word_1_335' title='bbox 1542 2448 1858 2520; x_wconf 79' lang='grc' dir='ltr'>ψαλμῳδίας</span> 
     </span>
    </p>
   </div>
   <div class='ocr_carea' id='block_1_45' title="bbox 270 2537 1858 2612">
    <p class='ocr_par' dir='ltr' id='par_1_45' title="bbox 270 2537 1858 2612">
     <span class='ocr_line' id='line_1_45' title="bbox 270 2537 1858 2612; baseline 0.001 -21"><span class='ocrx_word' id='word_1_336' title='bbox 270 2539 578 2611; x_wconf 78' lang='grc' dir='ltr'>τμημάτων</span> <span class='ocrx_word' id='word_1_337' title='bbox 622 2538 764 2591; x_wconf 82' lang='grc' dir='ltr'>κατὰ</span> <span class='ocrx_word' id='word_1_338' title='bbox 808 2537 909 2609; x_wconf 86' lang='grc' dir='ltr'>τὴν</span> <span class='ocrx_word' id='word_1_339' title='bbox 953 2538 1237 2609; x_wconf 90' lang='grc' dir='ltr'>νοηθεῖσαν</span> <span class='ocrx_word' id='word_1_340' title='bbox 1280 2539 1367 2592; x_wconf 76' lang='grc' dir='ltr'><strong>ἐπ’</strong></span> <span class='ocrx_word' id='word_1_341' title='bbox 1406 2540 1586 2594; x_wconf 82' lang='grc' dir='ltr'>αὐτῶν</span> <span class='ocrx_word' id='word_1_342' title='bbox 1626 2539 1858 2612; x_wconf 84' lang='grc' dir='ltr'>θεωρίαν</span> 
     </span>
    </p>
   </div>
   <div class='ocr_carea' id='block_1_46' title="bbox 271 2628 1859 2700">
    <p class='ocr_par' dir='ltr' id='par_1_46' title="bbox 271 2628 1859 2700">
     <span class='ocr_line' id='line_1_46' title="bbox 271 2628 1859 2700; baseline 0.001 -17"><span class='ocrx_word' id='word_1_343' title='bbox 271 2629 689 2700; x_wconf 79' lang='grc' dir='ltr'>ὲκκαθαρθεῖσιν</span> <span class='ocrx_word' id='word_1_344' title='bbox 728 2630 956 2700; x_wconf 80' lang='grc' dir='ltr'>ἁρμόζει</span> <span class='ocrx_word' id='word_1_345' title='bbox 1001 2631 1063 2683; x_wconf 86' lang='grc' dir='ltr'><strong>τὺ</strong></span> <span class='ocrx_word' id='word_1_346' title='bbox 1102 2632 1271 2684; x_wconf 75' lang='grc' dir='ltr'>αἰνεῖν</span> <span class='ocrx_word' id='word_1_347' title='bbox 1313 2631 1405 2685; x_wconf 82' lang='grc' dir='ltr'><strong>τὸν</strong></span> <span class='ocrx_word' id='word_1_348' title='bbox 1454 2628 1617 2684; x_wconf 83' lang='grc' dir='ltr'>Θεόν’</span> <span class='ocrx_word' id='word_1_349' title='bbox 1660 2632 1754 2685; x_wconf 81' lang='grc' dir='ltr'>καὶ</span> <span class='ocrx_word' id='word_1_350' title='bbox 1802 2632 1859 2685; x_wconf 78' lang='grc' dir='ltr'>ἐν</span> 
     </span>
    </p>
   </div>
   <div class='ocr_carea' id='block_1_47' title="bbox 268 2715 1878 2792">
    <p class='ocr_par' dir='ltr' id='par_1_47' title="bbox 268 2715 1878 2792">
     <span class='ocr_line' id='line_1_47' title="bbox 268 2715 1878 2792; baseline -0.001 -17"><span class='ocrx_word' id='word_1_351' title='bbox 268 2723 484 2785; x_wconf 76' lang='grc' dir='ltr'>τούτοις</span> <span class='ocrx_word' id='word_1_352' title='bbox 510 2717 667 2784; x_wconf 82' lang='grc' dir='ltr'>εἶναι,</span> <span class='ocrx_word' id='word_1_353' title='bbox 696 2722 753 2774; x_wconf 80' lang='grc' dir='ltr'><strong>ὲν</strong></span> <span class='ocrx_word' id='word_1_354' title='bbox 787 2715 867 2785; x_wconf 73' lang='grc' dir='ltr'>οἷς</span> <span class='ocrx_word' id='word_1_355' title='bbox 896 2721 990 2774; x_wconf 74' lang='grc' dir='ltr'>καὶ</span> <span class='ocrx_word' id='word_1_356' title='bbox 1028 2722 1060 2792; x_wconf 79' lang='grc' dir='ltr'><strong>ἡ</strong></span> <span class='ocrx_word' id='word_1_357' title='bbox 1102 2721 1219 2792; x_wconf 27' lang='grc' dir='ltr'>,τῶν</span> <span class='ocrx_word' id='word_1_358' title='bbox 1247 2721 1494 2792; x_wconf 79' lang='grc' dir='ltr'>ἀγγέλων</span> <span class='ocrx_word' id='word_1_359' title='bbox 1523 2720 1685 2791; x_wconf 82' lang='grc' dir='ltr'>φύσις</span> <span class='ocrx_word' id='word_1_360' title='bbox 1718 2716 1878 2781; x_wconf 74' lang='grc' dir='ltr'>εἶναι,</span> 
     </span>
    </p>
   </div>
   <div class='ocr_carea' id='block_1_48' title="bbox 272 2809 1860 2883">
    <p class='ocr_par' dir='ltr' id='par_1_48' title="bbox 272 2809 1860 2883">
     <span class='ocr_line' id='line_1_48' title="bbox 272 2809 1860 2883; baseline -0.001 -19"><span class='ocrx_word' id='word_1_361' title='bbox 272 2811 648 2865; x_wconf 78' lang='grc' dir='ltr'>πεπίστευται.</span> <span class='ocrx_word' id='word_1_362' title='bbox 691 2809 828 2864; x_wconf 74' lang='grc' dir='ltr'>Οὔτε</span> <span class='ocrx_word' id='word_1_363' title='bbox 867 2811 976 2881; x_wconf 77' lang='grc' dir='ltr'><strong>γὰρ</strong></span> <span class='ocrx_word' id='word_1_364' title='bbox 1008 2811 1230 2865; x_wconf 74' lang='grc' dir='ltr'>ἐκείνων</span> <span class='ocrx_word' id='word_1_365' title='bbox 1262 2811 1659 2883; x_wconf 85' lang='grc' dir='ltr'>μεμαθήκαμεν</span> <span class='ocrx_word' id='word_1_366' title='bbox 1692 2812 1860 2881; x_wconf 84' lang='grc' dir='ltr'>ἀσχο-</span> 
     </span>
    </p>
   </div>
   <div class='ocr_carea' id='block_1_49' title="bbox 1959 1715 3526 1789">
    <p class='ocr_par' dir='ltr' id='par_1_49' title="bbox 1959 1715 3526 1789">
     <span class='ocr_line' id='line_1_49' title="bbox 1959 1715 3526 1789; baseline 0.003 -20"><span class='ocrx_word' id='word_1_367' title='bbox 1959 1715 2217 1787; x_wconf 81' lang='lat' dir='ltr'><strong>ligimus,</strong></span> <span class='ocrx_word' id='word_1_368' title='bbox 2248 1716 2445 1772; x_wconf 90' lang='lat' dir='ltr'><strong>horum</strong></span> <span class='ocrx_word' id='word_1_369' title='bbox 2495 1718 2590 1788; x_wconf 92' lang='lat' dir='ltr'><strong>qui</strong></span> <span class='ocrx_word' id='word_1_370' title='bbox 2628 1718 2742 1788; x_wconf 89' lang='lat' dir='ltr'><strong>jam</strong></span> <span class='ocrx_word' id='word_1_371' title='bbox 2795 1719 2862 1773; x_wconf 86' lang='lat' dir='ltr'><strong>ad</strong></span> <span class='ocrx_word' id='word_1_372' title='bbox 2908 1718 3264 1789; x_wconf 81' lang='lat' dir='ltr'><strong>perfectionis</strong></span> <span class='ocrx_word' id='word_1_373' title='bbox 3310 1720 3526 1774; x_wconf 91' lang='lat' dir='ltr'><strong>culmen</strong></span> 
     </span>
    </p>
   </div>
   <div class='ocr_carea' id='block_1_50' title="bbox 1959 1807 3529 1882">
    <p class='ocr_par' dir='ltr' id='par_1_50' title="bbox 1959 1807 3529 1882">
     <span class='ocr_line' id='line_1_50' title="bbox 1959 1807 3529 1882; baseline 0.001 -20"><span class='ocrx_word' id='word_1_374' title='bbox 1959 1807 2323 1863; x_wconf 90' lang='lat' dir='ltr'><strong>ascenderunt</strong></span> <span class='ocrx_word' id='word_1_375' title='bbox 2350 1809 2512 1880; x_wconf 90' lang='lat' dir='ltr'><strong>inque</strong></span> <span class='ocrx_word' id='word_1_376' title='bbox 2542 1810 2977 1879; x_wconf 62' lang='lat' dir='ltr'><strong>praecedentibus</strong></span> <span class='ocrx_word' id='word_1_377' title='bbox 3026 1812 3359 1882; x_wconf 89' lang='lat' dir='ltr'><strong>psalmorum</strong></span> <span class='ocrx_word' id='word_1_378' title='bbox 3400 1826 3529 1881; x_wconf 81' lang='lat' dir='ltr'><strong>par-</strong></span> 
     </span>
    </p>
   </div>
   <div class='ocr_carea' id='block_1_51' title="bbox 1956 1900 3526 1971">
    <p class='ocr_par' dir='ltr' id='par_1_51' title="bbox 1956 1900 3526 1971">
     <span class='ocr_line' id='line_1_51' title="bbox 1956 1900 3526 1971; baseline 0.002 -17"><span class='ocrx_word' id='word_1_379' title='bbox 1956 1900 2136 1965; x_wconf 88' lang='lat' dir='ltr'><strong>tibus,</strong></span> <span class='ocrx_word' id='word_1_380' title='bbox 2168 1900 2469 1955; x_wconf 90' lang='lat' dir='ltr'><strong>secundum</strong></span> <span class='ocrx_word' id='word_1_381' title='bbox 2517 1902 2937 1971; x_wconf 80' lang='lat' dir='ltr'><strong>explicationem</strong></span> <span class='ocrx_word' id='word_1_382' title='bbox 2982 1903 3051 1958; x_wconf 91' lang='lat' dir='ltr'><strong>de</strong></span> <span class='ocrx_word' id='word_1_383' title='bbox 3100 1902 3211 1958; x_wconf 91' lang='lat' dir='ltr'><strong>illis</strong></span> <span class='ocrx_word' id='word_1_384' title='bbox 3239 1903 3526 1971; x_wconf 87' lang='lat' dir='ltr'><strong>traditam,</strong></span> 
     </span>
    </p>
   </div>
   <div class='ocr_carea' id='block_1_52' title="bbox 1957 1991 3526 2066">
    <p class='ocr_par' dir='ltr' id='par_1_52' title="bbox 1957 1991 3526 2066">
     <span class='ocr_line' id='line_1_52' title="bbox 1957 1991 3526 2066; baseline 0.002 -21"><span class='ocrx_word' id='word_1_385' title='bbox 1957 1991 2241 2062; x_wconf 84' lang='lat' dir='ltr'><strong>expurgati</strong></span> <span class='ocrx_word' id='word_1_386' title='bbox 2278 2001 2440 2059; x_wconf 92' lang='lat' dir='ltr'><strong>sunt,</strong></span> <span class='ocrx_word' id='word_1_387' title='bbox 2485 2007 2686 2049; x_wconf 85' lang='lat' dir='ltr'><strong>munus</strong></span> <span class='ocrx_word' id='word_1_388' title='bbox 2714 2008 2871 2066; x_wconf 84' lang='lat' dir='ltr'><strong>esse,</strong></span> <span class='ocrx_word' id='word_1_389' title='bbox 2906 1992 3073 2047; x_wconf 90' lang='lat' dir='ltr'><strong>Deum</strong></span> <span class='ocrx_word' id='word_1_390' title='bbox 3107 1993 3365 2049; x_wconf 87' lang='lat' dir='ltr'><strong>laudibus</strong></span> <span class='ocrx_word' id='word_1_391' title='bbox 3391 2008 3526 2065; x_wconf 88' lang='lat' dir='ltr'><strong>pro-</strong></span> 
     </span>
    </p>
   </div>
   <div class='ocr_carea' id='block_1_53' title="bbox 1959 2083 3526 2155">
    <p class='ocr_par' dir='ltr' id='par_1_53' title="bbox 1959 2083 3526 2155">
     <span class='ocr_line' id='line_1_53' title="bbox 1959 2083 3526 2155; baseline 0.001 -17"><span class='ocrx_word' id='word_1_392' title='bbox 1959 2083 2136 2152; x_wconf 88' lang='lat' dir='ltr'><strong>sequi,</strong></span> <span class='ocrx_word' id='word_1_393' title='bbox 2181 2092 2237 2138; x_wconf 90' lang='lat' dir='ltr'><strong>et</strong></span> <span class='ocrx_word' id='word_1_394' title='bbox 2273 2084 2325 2138; x_wconf 90' lang='lat' dir='ltr'><strong>in</strong></span> <span class='ocrx_word' id='word_1_395' title='bbox 2364 2084 2450 2139; x_wconf 92' lang='lat' dir='ltr'><strong>his</strong></span> <span class='ocrx_word' id='word_1_396' title='bbox 2483 2085 2724 2150; x_wconf 87' lang='lat' dir='ltr'><strong>versari,</strong></span> <span class='ocrx_word' id='word_1_397' title='bbox 2768 2086 2822 2139; x_wconf 90' lang='lat' dir='ltr'><strong>in</strong></span> <span class='ocrx_word' id='word_1_398' title='bbox 2867 2085 3070 2155; x_wconf 88' lang='lat' dir='ltr'><strong>quibus</strong></span> <span class='ocrx_word' id='word_1_399' title='bbox 3098 2085 3263 2140; x_wconf 89' lang='lat' dir='ltr'><strong>etiam</strong></span> <span class='ocrx_word' id='word_1_400' title='bbox 3300 2085 3526 2155; x_wconf 78' lang='lat' dir='ltr'><strong>angelo-</strong></span> 
     </span>
    </p>
   </div>
   <div class='ocr_carea' id='block_1_54' title="bbox 1958 2174 3527 2247">
    <p class='ocr_par' dir='ltr' id='par_1_54' title="bbox 1958 2174 3527 2247">
     <span class='ocr_line' id='line_1_54' title="bbox 1958 2174 3527 2247; baseline 0.003 -21"><span class='ocrx_word' id='word_1_401' title='bbox 1958 2187 2079 2227; x_wconf 91' lang='lat' dir='ltr'><strong>rum</strong></span> <span class='ocrx_word' id='word_1_402' title='bbox 2118 2181 2313 2229; x_wconf 90' lang='lat' dir='ltr'><strong>natura</strong></span> <span class='ocrx_word' id='word_1_403' title='bbox 2344 2175 2551 2230; x_wconf 80' lang='lat' dir='ltr'><strong>versari</strong></span> <span class='ocrx_word' id='word_1_404' title='bbox 2592 2174 2850 2230; x_wconf 89' lang='lat' dir='ltr'><strong>creditur.</strong></span> <span class='ocrx_word' id='word_1_405' title='bbox 2881 2174 3068 2247; x_wconf 89' lang='lat' dir='ltr'><strong>Neque</strong></span> <span class='ocrx_word' id='word_1_406' title='bbox 3097 2176 3245 2231; x_wconf 90' lang='lat' dir='ltr'><strong>enim</strong></span> <span class='ocrx_word' id='word_1_407' title='bbox 3277 2191 3527 2246; x_wconf 91' lang='lat' dir='ltr'><strong>comper-</strong></span> 
     </span>
    </p>
   </div>
   <div class='ocr_carea' id='block_1_55' title="bbox 1958 2266 3525 2339">
    <p class='ocr_par' dir='ltr' id='par_1_55' title="bbox 1958 2266 3525 2339">
     <span class='ocr_line' id='line_1_55' title="bbox 1958 2266 3525 2339; baseline 0.002 -19"><span class='ocrx_word' id='word_1_408' title='bbox 1958 2275 2071 2320; x_wconf 93' lang='lat' dir='ltr'><strong>tum</strong></span> <span class='ocrx_word' id='word_1_409' title='bbox 2114 2266 2273 2322; x_wconf 90' lang='lat' dir='ltr'><strong>nobis</strong></span> <span class='ocrx_word' id='word_1_410' title='bbox 2309 2273 2395 2322; x_wconf 89' lang='lat' dir='ltr'><strong>est</strong></span> <span class='ocrx_word' id='word_1_411' title='bbox 2445 2267 2608 2322; x_wconf 87' lang='lat' dir='ltr'><strong>aliam</strong></span> <span class='ocrx_word' id='word_1_412' title='bbox 2644 2268 2860 2323; x_wconf 91' lang='lat' dir='ltr'><strong>illorum</strong></span> <span class='ocrx_word' id='word_1_413' title='bbox 2909 2283 3033 2324; x_wconf 91' lang='lat' dir='ltr'><strong>esse</strong></span> <span class='ocrx_word' id='word_1_414' title='bbox 3076 2269 3525 2339; x_wconf 87' lang='lat' dir='ltr'><strong>occupationem,</strong></span> 
     </span>
    </p>
   </div>
   <div class='ocr_carea' id='block_1_56' title="bbox 1957 2357 3527 2430">
    <p class='ocr_par' dir='ltr' id='par_1_56' title="bbox 1957 2357 3527 2430">
     <span class='ocr_line' id='line_1_56' title="bbox 1957 2357 3527 2430; baseline 0.003 -21"><span class='ocrx_word' id='word_1_415' title='bbox 1957 2370 2119 2427; x_wconf 90' lang='lat' dir='ltr'><strong>quam</strong></span> <span class='ocrx_word' id='word_1_416' title='bbox 2170 2357 2395 2413; x_wconf 86' lang='lat' dir='ltr'><strong>laudare</strong></span> <span class='ocrx_word' id='word_1_417' title='bbox 2437 2357 2627 2414; x_wconf 90' lang='lat' dir='ltr'><strong>Deum.</strong></span> <span class='ocrx_word' id='word_1_418' title='bbox 2659 2357 2846 2430; x_wconf 81' lang='lat' dir='ltr'><strong>Neque</strong></span> <span class='ocrx_word' id='word_1_419' title='bbox 2875 2360 2943 2415; x_wconf 85' lang='lat' dir='ltr'><strong>ab</strong></span> <span class='ocrx_word' id='word_1_420' title='bbox 2986 2360 3095 2414; x_wconf 88' lang='lat' dir='ltr'><strong>illis</strong></span> <span class='ocrx_word' id='word_1_421' title='bbox 3142 2374 3394 2430; x_wconf 88' lang='lat' dir='ltr'><strong>quoque,</strong></span> <span class='ocrx_word' id='word_1_422' title='bbox 3432 2360 3527 2430; x_wconf 89' lang='lat' dir='ltr'><strong>qui</strong></span> 
     </span>
    </p>
   </div>
   <div class='ocr_carea' id='block_1_57' title="bbox 1957 2448 3526 2520">
    <p class='ocr_par' dir='ltr' id='par_1_57' title="bbox 1957 2448 3526 2520">
     <span class='ocr_line' id='line_1_57' title="bbox 1957 2448 3526 2520; baseline 0.001 -17"><span class='ocrx_word' id='word_1_423' title='bbox 1957 2448 2121 2503; x_wconf 87' lang='lat' dir='ltr'><strong>vitam</strong></span> <span class='ocrx_word' id='word_1_424' title='bbox 2159 2448 2226 2504; x_wconf 87' lang='lat' dir='ltr'><strong>ad</strong></span> <span class='ocrx_word' id='word_1_425' title='bbox 2271 2449 2492 2506; x_wconf 88' lang='lat' dir='ltr'><strong>virtutis</strong></span> <span class='ocrx_word' id='word_1_426' title='bbox 2526 2464 2773 2505; x_wconf 90' lang='lat' dir='ltr'><strong>normam</strong></span> <span class='ocrx_word' id='word_1_427' title='bbox 2816 2450 3034 2520; x_wconf 81' lang='lat' dir='ltr'><strong>exigere</strong></span> <span class='ocrx_word' id='word_1_428' title='bbox 3080 2450 3338 2515; x_wconf 85' lang='lat' dir='ltr'><strong>student,</strong></span> <span class='ocrx_word' id='word_1_429' title='bbox 3379 2449 3526 2505; x_wconf 87' lang='lat' dir='ltr'><strong>aliud</strong></span> 
     </span>
    </p>
   </div>
   <div class='ocr_carea' id='block_1_58' title="bbox 1962 2541 3525 2612">
    <p class='ocr_par' dir='ltr' id='par_1_58' title="bbox 1962 2541 3525 2612">
     <span class='ocr_line' id='line_1_58' title="bbox 1962 2541 3525 2612; baseline 0.003 -20"><span class='ocrx_word' id='word_1_430' title='bbox 1962 2541 2164 2611; x_wconf 81' lang='lat' dir='ltr'><strong>agitur,</strong></span> <span class='ocrx_word' id='word_1_431' title='bbox 2195 2556 2356 2610; x_wconf 88' lang='lat' dir='ltr'><strong>quam</strong></span> <span class='ocrx_word' id='word_1_432' title='bbox 2402 2550 2462 2597; x_wconf 94' lang='lat' dir='ltr'><strong>ut</strong></span> <span class='ocrx_word' id='word_1_433' title='bbox 2486 2543 2654 2597; x_wconf 87' lang='lat' dir='ltr'><strong>vitam</strong></span> <span class='ocrx_word' id='word_1_434' title='bbox 2683 2557 2836 2599; x_wconf 89' lang='lat' dir='ltr'><strong>suam</strong></span> <span class='ocrx_word' id='word_1_435' title='bbox 2876 2542 3110 2598; x_wconf 82' lang='lat' dir='ltr'><strong>eﬂiciant</strong></span> <span class='ocrx_word' id='word_1_436' title='bbox 3143 2542 3300 2612; x_wconf 86' lang='lat' dir='ltr'><strong>quasi</strong></span> <span class='ocrx_word' id='word_1_437' title='bbox 3329 2554 3525 2612; x_wconf 89' lang='lat' dir='ltr'><strong>peren-</strong></span> 
     </span>
    </p>
   </div>
   <div class='ocr_carea' id='block_1_59' title="bbox 1959 2630 3524 2705">
    <p class='ocr_par' dir='ltr' id='par_1_59' title="bbox 1959 2630 3524 2705">
     <span class='ocr_line' id='line_1_59' title="bbox 1959 2630 3524 2705; baseline -0.001 -17"><span class='ocrx_word' id='word_1_438' title='bbox 1959 2649 2082 2688; x_wconf 91' lang='lat' dir='ltr'><strong>nem</strong></span> <span class='ocrx_word' id='word_1_439' title='bbox 2100 2630 2194 2688; x_wconf 85' lang='lat' dir='ltr'><strong>Dei</strong></span> <span class='ocrx_word' id='word_1_440' title='bbox 2208 2631 2445 2686; x_wconf 90' lang='lat' dir='ltr'><strong>laudem.</strong></span> <span class='ocrx_word' id='word_1_441' title='bbox 2462 2632 2599 2689; x_wconf 87' lang='lat' dir='ltr'><strong>Cum</strong></span> <span class='ocrx_word' id='word_1_442' title='bbox 2612 2647 2763 2705; x_wconf 81' lang='lat' dir='ltr'><strong>ergo,</strong></span> <span class='ocrx_word' id='word_1_443' title='bbox 2778 2631 2872 2703; x_wconf 92' lang='lat' dir='ltr'><strong>qui</strong></span> <span class='ocrx_word' id='word_1_444' title='bbox 2893 2650 2912 2684; x_wconf 84' lang='grc'><strong>›</strong></span> <span class='ocrx_word' id='word_1_445' title='bbox 2926 2632 3143 2687; x_wconf 89' lang='lat' dir='ltr'><strong>alleluia</strong></span> <span class='ocrx_word' id='word_1_446' title='bbox 3163 2653 3180 2684; x_wconf 73' lang='grc' dir='ltr'><strong>ι</strong></span> <span class='ocrx_word' id='word_1_447' title='bbox 3195 2634 3524 2704; x_wconf 89' lang='lat' dir='ltr'><strong>inscriptum</strong></span> 
     </span>
    </p>
   </div>
   <div class='ocr_carea' id='block_1_60' title="bbox 1960 2721 3522 2801">
    <p class='ocr_par' dir='ltr' id='par_1_60' title="bbox 1960 2721 3522 2801">
     <span class='ocr_line' id='line_1_60' title="bbox 1960 2721 3522 2801; baseline 0 -24"><span class='ocrx_word' id='word_1_448' title='bbox 1960 2723 2181 2789; x_wconf 84' lang='lat' dir='ltr'><strong>habent,</strong></span> <span class='ocrx_word' id='word_1_449' title='bbox 2212 2739 2402 2789; x_wconf 80' lang='lat' dir='ltr'><strong>omnes</strong></span> <span class='ocrx_word' id='word_1_450' title='bbox 2432 2724 2825 2793; x_wconf 82' lang='lat' dir='ltr'><strong>propemodum</strong></span> <span class='ocrx_word' id='word_1_451' title='bbox 2865 2724 2920 2776; x_wconf 91' lang='lat' dir='ltr'><strong>in</strong></span> <span class='ocrx_word' id='word_1_452' title='bbox 2949 2724 3138 2777; x_wconf 87' lang='lat' dir='ltr'><strong>ultima</strong></span> <span class='ocrx_word' id='word_1_453' title='bbox 3179 2721 3522 2801; x_wconf 26' lang='lat' dir='ltr'><strong>Psalm‘orum</strong></span> 
     </span>
    </p>
   </div>
   <div class='ocr_carea' id='block_1_61' title="bbox 1962 2815 3528 2886">
    <p class='ocr_par' dir='ltr' id='par_1_61' title="bbox 1962 2815 3528 2886">
     <span class='ocr_line' id='line_1_61' title="bbox 1962 2815 3528 2886; baseline -0.001 -15"><span class='ocrx_word' id='word_1_454' title='bbox 1962 2815 2206 2872; x_wconf 89' lang='lat' dir='ltr'><strong>sectione</strong></span> <span class='ocrx_word' id='word_1_455' title='bbox 2236 2815 2601 2885; x_wconf 89' lang='lat' dir='ltr'><strong>reperiantur,</strong></span> <span class='ocrx_word' id='word_1_456' title='bbox 2632 2815 2919 2885; x_wconf 88' lang='lat' dir='ltr'><strong>perspicue</strong></span> <span class='ocrx_word' id='word_1_457' title='bbox 2947 2815 3291 2886; x_wconf 77' lang='lat' dir='ltr'><strong>intelligitur,</strong></span> <span class='ocrx_word' id='word_1_458' title='bbox 3317 2821 3528 2885; x_wconf 86' lang='lat' dir='ltr'><strong>postre-</strong></span> 
     </span>
    </p>
   </div>
   <div class='ocr_carea' id='block_1_62' title="bbox 270 2900 1851 3001">
    <p class='ocr_par' dir='ltr' id='par_1_62' title="bbox 270 2900 1851 2973">
     <span class='ocr_line' id='line_1_62' title="bbox 270 2900 1851 2973; baseline 0.001 -20"><span class='ocrx_word' id='word_1_459' title='bbox 270 2901 394 2954; x_wconf 76' lang='grc' dir='ltr'>λίαν</span> <span class='ocrx_word' id='word_1_460' title='bbox 427 2900 592 2972; x_wconf 83' lang='grc' dir='ltr'>άλλην</span> <span class='ocrx_word' id='word_1_461' title='bbox 617 2901 739 2955; x_wconf 81' lang='grc' dir='ltr'>τινὰ</span> <span class='ocrx_word' id='word_1_462' title='bbox 767 2900 902 2972; x_wconf 79' lang='grc'>(27),</span> <span class='ocrx_word' id='word_1_463' title='bbox 933 2901 1073 2973; x_wconf 84' lang='grc' dir='ltr'>πλὴν</span> <span class='ocrx_word' id='word_1_464' title='bbox 1110 2900 1204 2956; x_wconf 83' lang='grc' dir='ltr'>τοῦ</span> <span class='ocrx_word' id='word_1_465' title='bbox 1238 2905 1406 2956; x_wconf 90' lang='grc' dir='ltr'>αίνείν</span> <span class='ocrx_word' id='word_1_466' title='bbox 1429 2902 1520 2956; x_wconf 76' lang='grc' dir='ltr'><strong>τὸν</strong></span> <span class='ocrx_word' id='word_1_467' title='bbox 1553 2903 1704 2968; x_wconf 80' lang='grc' dir='ltr'>Θεὸν,</span> <span class='ocrx_word' id='word_1_468' title='bbox 1736 2901 1851 2955; x_wconf 72' lang='grc' dir='ltr'>οὔτε</span> 
     </span>
    </p>
   </div>
   <div class='ocr_carea' id='block_1_63' title="bbox 1994 2900 3527 3001">
    <p class='ocr_par' dir='ltr' id='par_1_63' title="bbox 1994 2905 3527 2976">
     <span class='ocr_line' id='line_1_63' title="bbox 1994 2905 3527 2976; baseline -0.001 -17"><span class='ocrx_word' id='word_1_469' title='bbox 1994 2921 2104 2959; x_wconf 75' lang='lat' dir='ltr'><strong>iam</strong></span> <span class='ocrx_word' id='word_1_470' title='bbox 2136 2905 2472 2961; x_wconf 84' lang='lat' dir='ltr'><strong>Psalmorum</strong></span> <span class='ocrx_word' id='word_1_471' title='bbox 2516 2907 2813 2961; x_wconf 88' lang='lat' dir='ltr'><strong>sectionem</strong></span> <span class='ocrx_word' id='word_1_472' title='bbox 2843 2905 3182 2976; x_wconf 91' lang='lat' dir='ltr'><strong>superiorem</strong></span> <span class='ocrx_word' id='word_1_473' title='bbox 3212 2920 3340 2962; x_wconf 89' lang='lat' dir='ltr'><strong>esse</strong></span> <span class='ocrx_word' id='word_1_474' title='bbox 3375 2906 3527 2961; x_wconf 90' lang='lat' dir='ltr'><strong>omni</strong></span> 
     </span>
    </p>
   </div>
   <div class='ocr_carea' id='block_1_64' title="bbox 269 2992 1851 3069">
    <p class='ocr_par' dir='ltr' id='par_1_64' title="bbox 269 2992 1851 3065">
     <span class='ocr_line' id='line_1_64' title="bbox 269 2992 1851 3065; baseline 0 -19"><span class='ocrx_word' id='word_1_475' title='bbox 269 2998 386 3057; x_wconf 85' lang='grc' dir='ltr'>τοῖς</span> <span class='ocrx_word' id='word_1_476' title='bbox 423 2995 544 3047; x_wconf 85' lang='grc' dir='ltr'>κατ’</span> <span class='ocrx_word' id='word_1_477' title='bbox 586 2993 785 3065; x_wconf 79' lang='grc' dir='ltr'>ἀρετὴν</span> <span class='ocrx_word' id='word_1_478' title='bbox 828 2993 1052 3057; x_wconf 85' lang='grc' dir='ltr'>τελείοις</span> <span class='ocrx_word' id='word_1_479' title='bbox 1078 2993 1264 3065; x_wconf 71' lang='grc' dir='ltr'>ἔτερόν</span> <span class='ocrx_word' id='word_1_480' title='bbox 1300 3011 1354 3047; x_wconf 87' lang='grc' dir='ltr'><strong>τι</strong></span> <span class='ocrx_word' id='word_1_481' title='bbox 1401 2992 1777 3059; x_wconf 77' lang='grc' dir='ltr'>σπουδάζεται,</span> <span class='ocrx_word' id='word_1_482' title='bbox 1821 2993 1851 3065; x_wconf 79' lang='grc' dir='ltr'>ἢ</span> 
     </span>
    </p>
   </div>
   <div class='ocr_carea' id='block_1_65' title="bbox 1994 2992 3527 3069">
    <p class='ocr_par' dir='ltr' id='par_1_65' title="bbox 1995 2996 3527 3069">
     <span class='ocr_line' id='line_1_65' title="bbox 1995 2996 3527 3069; baseline 0 -18"><span class='ocrx_word' id='word_1_483' title='bbox 1995 2998 2176 3051; x_wconf 86' lang='lat' dir='ltr'><strong>xcelsa</strong></span> <span class='ocrx_word' id='word_1_484' title='bbox 2217 3012 2315 3067; x_wconf 92' lang='lat' dir='ltr'><strong>per</strong></span> <span class='ocrx_word' id='word_1_485' title='bbox 2364 2996 2614 3052; x_wconf 86' lang='lat' dir='ltr'><strong>Psalmos</strong></span> <span class='ocrx_word' id='word_1_486' title='bbox 2664 2997 3023 3062; x_wconf 87' lang='lat' dir='ltr'><strong>ascensione,</strong></span> <span class='ocrx_word' id='word_1_487' title='bbox 3073 3005 3260 3069; x_wconf 91' lang='lat' dir='ltr'><strong>utpote</strong></span> <span class='ocrx_word' id='word_1_488' title='bbox 3310 2998 3365 3051; x_wconf 92' lang='lat' dir='ltr'><strong>in</strong></span> <span class='ocrx_word' id='word_1_489' title='bbox 3417 3012 3527 3068; x_wconf 87' lang='lat' dir='ltr'><strong>qua</strong></span> 
     </span>
    </p>
   </div>
   <div class='ocr_carea' id='block_1_66' title="bbox 271 3081 1854 3158">
    <p class='ocr_par' dir='ltr' id='par_1_66' title="bbox 271 3081 1854 3158">
     <span class='ocr_line' id='line_1_66' title="bbox 271 3081 1854 3158; baseline 0 -20"><span class='ocrx_word' id='word_1_490' title='bbox 271 3084 334 3138; x_wconf 67' lang='grc' dir='ltr'><strong>τό</strong></span> <span class='ocrx_word' id='word_1_491' title='bbox 360 3085 460 3155; x_wconf 81' lang='grc' dir='ltr'>τὴν</span> <span class='ocrx_word' id='word_1_492' title='bbox 492 3084 636 3156; x_wconf 80' lang='grc' dir='ltr'><strong>ζωὴν</strong></span> <span class='ocrx_word' id='word_1_493' title='bbox 667 3084 874 3151; x_wconf 78' lang='grc' dir='ltr'>ἑαυτῶν</span> <span class='ocrx_word' id='word_1_494' title='bbox 919 3081 1066 3139; x_wconf 75' lang='grc' dir='ltr'>αἶνον</span> <span class='ocrx_word' id='word_1_495' title='bbox 1095 3083 1230 3140; x_wconf 77' lang='grc' dir='ltr'>εἶναι</span> <span class='ocrx_word' id='word_1_496' title='bbox 1264 3086 1395 3140; x_wconf 88' lang='grc' dir='ltr'><strong>Θεοῦ</strong></span> <span class='ocrx_word' id='word_1_497' title='bbox 1420 3085 1854 3158; x_wconf 77' lang='grc' dir='ltr'>παρασκευάσαι.</span> 
     </span>
    </p>
   </div>
   <div class='ocr_carea' id='block_1_67' title="bbox 286 3172 1859 3249">
    <p class='ocr_par' dir='ltr' id='par_1_67' title="bbox 286 3172 1859 3249">
     <span class='ocr_line' id='line_1_67' title="bbox 286 3172 1859 3249; baseline -0.001 -18"><span class='ocrx_word' id='word_1_498' title='bbox 286 3178 443 3231; x_wconf 78' lang='grc' dir='ltr'>Ἐπεὶ</span> <span class='ocrx_word' id='word_1_499' title='bbox 483 3177 662 3230; x_wconf 85' lang='grc' dir='ltr'>τοίνυν</span> <span class='ocrx_word' id='word_1_500' title='bbox 707 3179 756 3231; x_wconf 81' lang='grc' dir='ltr'>οἱ</span> <span class='ocrx_word' id='word_1_501' title='bbox 800 3176 897 3247; x_wconf 82' lang='grc' dir='ltr'>τὴν</span> <span class='ocrx_word' id='word_1_502' title='bbox 939 3177 1249 3249; x_wconf 76' lang='grc' dir='ltr'>ἐπιγραφὴν</span> <span class='ocrx_word' id='word_1_503' title='bbox 1267 3175 1480 3248; x_wconf 76' lang='grc' dir='ltr'>ἔχοντες</span> <span class='ocrx_word' id='word_1_504' title='bbox 1499 3172 1595 3228; x_wconf 82' lang='grc' dir='ltr'>τοῦ</span> <span class='ocrx_word' id='word_1_505' title='bbox 1623 3191 1642 3225; x_wconf 76' lang='grc' dir='ltr'><strong>ι</strong></span> <span class='ocrx_word' id='word_1_506' title='bbox 1678 3176 1859 3247; x_wconf 86' lang='grc' dir='ltr'>Ἀλλη-</span> 
     </span>
    </p>
   </div>
   <div class='ocr_carea' id='block_1_68' title="bbox 1960 3085 3527 3157">
    <p class='ocr_par' dir='ltr' id='par_1_68' title="bbox 1960 3085 3527 3157">
     <span class='ocr_line' id='line_1_68' title="bbox 1960 3085 3527 3157; baseline 0.001 -16"><span class='ocrx_word' id='word_1_507' title='bbox 1960 3087 2254 3141; x_wconf 83' lang='lat' dir='ltr'><strong>maximam</strong></span> <span class='ocrx_word' id='word_1_508' title='bbox 2293 3094 2502 3157; x_wconf 85' lang='lat' dir='ltr'><strong>partem</strong></span> <span class='ocrx_word' id='word_1_509' title='bbox 2542 3085 2635 3141; x_wconf 88' lang='lat' dir='ltr'><strong>Dei</strong></span> <span class='ocrx_word' id='word_1_510' title='bbox 2678 3087 2798 3141; x_wconf 90' lang='lat' dir='ltr'><strong>laus</strong></span> <span class='ocrx_word' id='word_1_511' title='bbox 2844 3089 3175 3154; x_wconf 85' lang='lat' dir='ltr'><strong>continetur,</strong></span> <span class='ocrx_word' id='word_1_512' title='bbox 3218 3088 3298 3143; x_wconf 84' lang='lat' dir='ltr'><strong>vel</strong></span> <span class='ocrx_word' id='word_1_513' title='bbox 3332 3087 3527 3144; x_wconf 86' lang='lat' dir='ltr'><strong>cohor-</strong></span> 
     </span>
    </p>
   </div>
   <div class='ocr_carea' id='block_1_69' title="bbox 1961 3176 3404 3238">
    <p class='ocr_par' dir='ltr' id='par_1_69' title="bbox 1961 3176 3404 3238">
     <span class='ocr_line' id='line_1_69' title="bbox 1961 3176 3404 3238; baseline 0.006 -9"><span class='ocrx_word' id='word_1_514' title='bbox 1961 3176 2097 3231; x_wconf 85' lang='lat' dir='ltr'><strong>tatio</strong></span> <span class='ocrx_word' id='word_1_515' title='bbox 2128 3176 2195 3230; x_wconf 89' lang='lat' dir='ltr'><strong>ad</strong></span> <span class='ocrx_word' id='word_1_516' title='bbox 2225 3177 2690 3233; x_wconf 85' lang='lat' dir='ltr'><strong>concelebrandas</strong></span> <span class='ocrx_word' id='word_1_517' title='bbox 2718 3177 2888 3232; x_wconf 90' lang='lat' dir='ltr'><strong>divini</strong></span> <span class='ocrx_word' id='word_1_518' title='bbox 2913 3178 3167 3235; x_wconf 89' lang='lat' dir='ltr'><strong>Numinis</strong></span> <span class='ocrx_word' id='word_1_519' title='bbox 3192 3179 3404 3238; x_wconf 89' lang='lat' dir='ltr'><strong>laudes.</strong></span> 
     </span>
    </p>
   </div>
   <div class='ocr_carea' id='block_1_70' title="bbox 271 3267 3527 3345">
    <p class='ocr_par' dir='ltr' id='par_1_70' title="bbox 271 3267 3527 3345">
     <span class='ocr_line' id='line_1_70' title="bbox 271 3267 3527 3345; baseline 0.002 -23"><span class='ocrx_word' id='word_1_520' title='bbox 271 3268 449 3336; x_wconf 77' lang='grc' dir='ltr'>λούῐα,</span> <span class='ocrx_word' id='word_1_521' title='bbox 470 3287 490 3320; x_wconf 74' lang='grc' dir='ltr'><strong>ι</strong></span> <span class='ocrx_word' id='word_1_522' title='bbox 513 3269 713 3333; x_wconf 76' lang='grc' dir='ltr'>πάντες</span> <span class='ocrx_word' id='word_1_523' title='bbox 738 3270 923 3342; x_wconf 80' lang='grc' dir='ltr'>σχεδὸν</span> <span class='ocrx_word' id='word_1_524' title='bbox 941 3269 1018 3340; x_wconf 85' lang='grc' dir='ltr'>τῷ</span> <span class='ocrx_word' id='word_1_525' title='bbox 1047 3268 1337 3340; x_wconf 80' lang='grc' dir='ltr'>τελευταίῳ</span> <span class='ocrx_word' id='word_1_526' title='bbox 1365 3270 1613 3341; x_wconf 86' lang='grc' dir='ltr'>τμήματι</span> <span class='ocrx_word' id='word_1_527' title='bbox 1653 3267 1753 3338; x_wconf 85' lang='grc' dir='ltr'>τῆς</span> <span class='ocrx_word' id='word_1_528' title='bbox 1786 3267 2102 3341; x_wconf 77' lang='grc' dir='ltr'>ψαλμῳδίας</span> <span class='ocrx_word' id='word_1_529' title='bbox 2132 3270 2473 3343; x_wconf 88' lang='grc' dir='ltr'>εὑρίσκονται</span> <span class='ocrx_word' id='word_1_530' title='bbox 2505 3272 2637 3343; x_wconf 86' lang='grc'>(28),</span> <span class='ocrx_word' id='word_1_531' title='bbox 2674 3272 2859 3342; x_wconf 85' lang='grc' dir='ltr'>σαφῶς</span> <span class='ocrx_word' id='word_1_532' title='bbox 2896 3274 3014 3328; x_wconf 75' lang='grc' dir='ltr'>ἔστι</span> <span class='ocrx_word' id='word_1_533' title='bbox 3047 3274 3410 3345; x_wconf 84' lang='grc' dir='ltr'>κατανοῆσαι.</span> <span class='ocrx_word' id='word_1_534' title='bbox 3447 3274 3527 3328; x_wconf 74' lang='grc' dir='ltr'>ὅτι</span> 
     </span>
    </p>
   </div>
   <div class='ocr_carea' id='block_1_71' title="bbox 274 3363 3526 3441">
    <p class='ocr_par' dir='ltr' id='par_1_71' title="bbox 274 3363 3526 3441">
     <span class='ocr_line' id='line_1_71' title="bbox 274 3363 3526 3441; baseline 0.001 -19"><span class='ocrx_word' id='word_1_535' title='bbox 274 3370 456 3441; x_wconf 80' lang='grc' dir='ltr'>πάσης</span> <span class='ocrx_word' id='word_1_536' title='bbox 485 3367 804 3439; x_wconf 79' lang='grc' dir='ltr'>ὑπέρκειται</span> <span class='ocrx_word' id='word_1_537' title='bbox 835 3367 932 3437; x_wconf 82' lang='grc' dir='ltr'><strong>τῆς</strong></span> <span class='ocrx_word' id='word_1_538' title='bbox 956 3365 1164 3437; x_wconf 79' lang='grc' dir='ltr'>ὑψηλῆς</span> <span class='ocrx_word' id='word_1_539' title='bbox 1190 3364 1278 3419; x_wconf 82' lang='grc' dir='ltr'>διὰ</span> <span class='ocrx_word' id='word_1_540' title='bbox 1308 3363 1416 3419; x_wconf 85' lang='grc' dir='ltr'><strong>τῶν</strong></span> <span class='ocrx_word' id='word_1_541' title='bbox 1442 3363 1672 3434; x_wconf 82' lang='grc' dir='ltr'>ψαλμῶν</span> <span class='ocrx_word' id='word_1_542' title='bbox 1700 3364 2015 3429; x_wconf 81' lang='grc' dir='ltr'>ἀναϐάσεως</span> <span class='ocrx_word' id='word_1_543' title='bbox 2033 3366 2096 3419; x_wconf 82' lang='grc' dir='ltr'>τὸ</span> <span class='ocrx_word' id='word_1_544' title='bbox 2113 3367 2418 3423; x_wconf 84' lang='grc' dir='ltr'>τελευταῖον</span> <span class='ocrx_word' id='word_1_545' title='bbox 2443 3368 2639 3440; x_wconf 77' lang='grc' dir='ltr'>τμῆμα</span> <span class='ocrx_word' id='word_1_546' title='bbox 2666 3369 2763 3440; x_wconf 83' lang='grc' dir='ltr'>τῆς</span> <span class='ocrx_word' id='word_1_547' title='bbox 2782 3368 3119 3441; x_wconf 80' lang='grc' dir='ltr'>ψαλμῳδίας,</span> <span class='ocrx_word' id='word_1_548' title='bbox 3141 3372 3198 3425; x_wconf 83' lang='grc' dir='ltr'>ὲν</span> <span class='ocrx_word' id='word_1_549' title='bbox 3221 3364 3266 3438; x_wconf 82' lang='grc' dir='ltr'><strong>ᾧ</strong></span> <span class='ocrx_word' id='word_1_550' title='bbox 3286 3370 3347 3424; x_wconf 85' lang='grc' dir='ltr'>τὸ</span> <span class='ocrx_word' id='word_1_551' title='bbox 3378 3366 3526 3426; x_wconf 85' lang='grc' dir='ltr'>πλεῖ-</span> 
     </span>
    </p>
   </div>
   <div class='ocr_carea' id='block_1_72' title="bbox 275 3454 2213 3527">
    <p class='ocr_par' dir='ltr' id='par_1_72' title="bbox 275 3454 2213 3527">
     <span class='ocr_line' id='line_1_72' title="bbox 275 3454 2213 3527; baseline -0.002 -11"><span class='ocrx_word' id='word_1_552' title='bbox 275 3479 401 3515; x_wconf 85' lang='grc' dir='ltr'>στον</span> <span class='ocrx_word' id='word_1_553' title='bbox 440 3460 576 3515; x_wconf 79' lang='grc' dir='ltr'>Θεοῦ</span> <span class='ocrx_word' id='word_1_554' title='bbox 604 3455 749 3522; x_wconf 82' lang='grc' dir='ltr'>αϊνός</span> <span class='ocrx_word' id='word_1_555' title='bbox 781 3457 945 3522; x_wconf 73' lang='grc' dir='ltr'>ἐστιν,</span> <span class='ocrx_word' id='word_1_556' title='bbox 979 3457 1097 3527; x_wconf 74' lang='grc' dir='ltr'>ἢτοι</span> <span class='ocrx_word' id='word_1_557' title='bbox 1130 3458 1210 3520; x_wconf 84' lang='grc' dir='ltr'><strong>είς</strong></span> <span class='ocrx_word' id='word_1_558' title='bbox 1237 3455 1297 3510; x_wconf 80' lang='grc' dir='ltr'>τὸ</span> <span class='ocrx_word' id='word_1_559' title='bbox 1318 3457 1488 3510; x_wconf 81' lang='grc' dir='ltr'>αἰνεῖν</span> <span class='ocrx_word' id='word_1_560' title='bbox 1518 3454 1608 3509; x_wconf 82' lang='grc' dir='ltr'>τὸν</span> <span class='ocrx_word' id='word_1_561' title='bbox 1637 3456 1768 3509; x_wconf 77' lang='grc' dir='ltr'>Θεὸν</span> <span class='ocrx_word' id='word_1_562' title='bbox 1795 3455 2213 3527; x_wconf 78' lang='grc' dir='ltr'>παρακέλευσις.</span> 
     </span>
    </p>
   </div>
   <div class='ocr_carea' id='block_1_73' title="bbox 798 3592 1327 3663">
    <p class='ocr_par' dir='ltr' id='par_1_73' title="bbox 798 3592 1327 3663">
     <span class='ocr_line' id='line_1_73' title="bbox 798 3592 1327 3663; baseline 0 0"><span class='ocrx_word' id='word_1_563' title='bbox 798 3592 1195 3663; x_wconf 73' lang='grc' dir='ltr'><strong>ΚΕΦΑΛΑΙΟΝ</strong></span> <span class='ocrx_word' id='word_1_564' title='bbox 1246 3593 1327 3663; x_wconf 83' lang='lat' dir='ltr'><strong>n&#39;.</strong></span> 
     </span>
    </p>
   </div>
   <div class='ocr_carea' id='block_1_74' title="bbox 345 3764 1851 3837">
    <p class='ocr_par' dir='ltr' id='par_1_74' title="bbox 345 3764 1851 3837">
     <span class='ocr_line' id='line_1_74' title="bbox 345 3764 1851 3837; baseline -0.002 -15"><span class='ocrx_word' id='word_1_565' title='bbox 345 3767 602 3822; x_wconf 86' lang='grc' dir='ltr'>Λείπεται</span> <span class='ocrx_word' id='word_1_566' title='bbox 626 3766 684 3820; x_wconf 74' lang='grc' dir='ltr'><strong>δὲ</strong></span> <span class='ocrx_word' id='word_1_567' title='bbox 703 3765 820 3821; x_wconf 79' lang='grc' dir='ltr'><strong>ἀπὸ</strong></span> <span class='ocrx_word' id='word_1_568' title='bbox 842 3765 953 3835; x_wconf 87' lang='grc'>(29)</span> <span class='ocrx_word' id='word_1_569' title='bbox 980 3765 1089 3820; x_wconf 85' lang='grc' dir='ltr'>τῶν</span> <span class='ocrx_word' id='word_1_570' title='bbox 1114 3764 1505 3836; x_wconf 80' lang='grc' dir='ltr'>ἀνεπιγράφων</span> <span class='ocrx_word' id='word_1_571' title='bbox 1526 3764 1625 3837; x_wconf 81' lang='grc' dir='ltr'><strong>τὴν</strong></span> <span class='ocrx_word' id='word_1_572' title='bbox 1651 3765 1851 3832; x_wconf 75' lang='grc' dir='ltr'>αἰτίαν,</span> 
     </span>
    </p>
   </div>
   <div class='ocr_carea' id='block_1_75' title="bbox 2532 3613 2942 3671">
    <p class='ocr_par' dir='ltr' id='par_1_75' title="bbox 2532 3613 2942 3671">
     <span class='ocr_line' id='line_1_75' title="bbox 2532 3613 2942 3671; baseline 0.002 -1"><span class='ocrx_word' id='word_1_573' title='bbox 2532 3613 2757 3671; x_wconf 84' lang='lat' dir='ltr'><strong>CAPUT</strong></span> <span class='ocrx_word' id='word_1_574' title='bbox 2802 3614 2942 3671; x_wconf 79' lang='lat' dir='ltr'><strong>VIII.</strong></span> 
     </span>
    </p>
   </div>
   <div class='ocr_carea' id='block_1_76' title="bbox 2027 3764 3523 3838">
    <p class='ocr_par' dir='ltr' id='par_1_76' title="bbox 2027 3764 3523 3838">
     <span class='ocr_line' id='line_1_76' title="bbox 2027 3764 3523 3838; baseline 0.008 -17"><span class='ocrx_word' id='word_1_575' title='bbox 2027 3764 2309 3837; x_wconf 85' lang='lat' dir='ltr'><strong>Superest,</strong></span> <span class='ocrx_word' id='word_1_576' title='bbox 2347 3774 2407 3821; x_wconf 93' lang='lat' dir='ltr'><strong>ut</strong></span> <span class='ocrx_word' id='word_1_577' title='bbox 2464 3769 2644 3838; x_wconf 86' lang='lat' dir='ltr'><strong>quoad</strong></span> <span class='ocrx_word' id='word_1_578' title='bbox 2682 3769 2825 3826; x_wconf 86' lang='lat' dir='ltr'><strong>vires</strong></span> <span class='ocrx_word' id='word_1_579' title='bbox 2856 3770 3056 3838; x_wconf 80' lang='lat' dir='ltr'><strong>ferunt,</strong></span> <span class='ocrx_word' id='word_1_580' title='bbox 3085 3772 3354 3828; x_wconf 86' lang='lat' dir='ltr'><strong>rationem</strong></span> <span class='ocrx_word' id='word_1_581' title='bbox 3396 3774 3523 3834; x_wconf 84' lang='lat' dir='ltr'><strong>illo-</strong></span> 
     </span>
    </p>
   </div>
   <div class='ocr_carea' id='block_1_77' title="bbox 274 3855 1851 3936">
    <p class='ocr_par' dir='ltr' id='par_1_77' title="bbox 274 3855 1851 3928">
     <span class='ocr_line' id='line_1_77' title="bbox 274 3855 1851 3928; baseline -0.002 -16"><span class='ocrx_word' id='word_1_582' title='bbox 274 3858 348 3922; x_wconf 83' lang='grc' dir='ltr'>ὥς</span> <span class='ocrx_word' id='word_1_583' title='bbox 377 3861 493 3912; x_wconf 75' lang='grc' dir='ltr'>ἐστι</span> <span class='ocrx_word' id='word_1_584' title='bbox 537 3857 781 3923; x_wconf 79' lang='grc' dir='ltr'>δυνατὸν,</span> <span class='ocrx_word' id='word_1_585' title='bbox 826 3857 1177 3927; x_wconf 80' lang='grc' dir='ltr'>κατανοῆσαι.</span> <span class='ocrx_word' id='word_1_586' title='bbox 1223 3855 1304 3911; x_wconf 85' lang='grc' dir='ltr'>Τὰ</span> <span class='ocrx_word' id='word_1_587' title='bbox 1342 3857 1399 3909; x_wconf 79' lang='grc' dir='ltr'><strong>δὲ</strong></span> <span class='ocrx_word' id='word_1_588' title='bbox 1447 3857 1505 3909; x_wconf 79' lang='grc' dir='ltr'><strong>ὲν</strong></span> <span class='ocrx_word' id='word_1_589' title='bbox 1562 3856 1640 3927; x_wconf 85' lang='grc' dir='ltr'><strong>τῷ</strong></span> <span class='ocrx_word' id='word_1_590' title='bbox 1697 3857 1851 3928; x_wconf 86' lang='grc' dir='ltr'>μέρει</span> 
     </span>
    </p>
   </div>
   <div class='ocr_carea' id='block_1_78' title="bbox 1994 3855 3523 3936">
    <p class='ocr_par' dir='ltr' id='par_1_78' title="bbox 1994 3858 3523 3936">
     <span class='ocr_line' id='line_1_78' title="bbox 1994 3858 3523 3936; baseline 0.007 -24"><span class='ocrx_word' id='word_1_591' title='bbox 1994 3873 2073 3912; x_wconf 83' lang='lat' dir='ltr'><strong>um</strong></span> <span class='ocrx_word' id='word_1_592' title='bbox 2118 3858 2524 3928; x_wconf 86' lang='lat' dir='ltr'><strong>disquiramus,</strong></span> <span class='ocrx_word' id='word_1_593' title='bbox 2580 3860 2673 3929; x_wconf 91' lang='lat' dir='ltr'><strong>qui</strong></span> <span class='ocrx_word' id='word_1_594' title='bbox 2724 3861 3085 3934; x_wconf 90' lang='lat' dir='ltr'><strong>inscriptione</strong></span> <span class='ocrx_word' id='word_1_595' title='bbox 3130 3873 3350 3930; x_wconf 86' lang='lat' dir='ltr'><strong>carent;</strong></span> <span class='ocrx_word' id='word_1_596' title='bbox 3400 3883 3523 3936; x_wconf 67' lang='lat' dir='ltr'><strong>quae</strong></span> 
     </span>
    </p>
   </div>
   <div class='ocr_carea' id='block_1_79' title="bbox 272 3946 1851 4022">
    <p class='ocr_par' dir='ltr' id='par_1_79' title="bbox 272 3947 1848 4022">
     <span class='ocr_line' id='line_1_79' title="bbox 272 3947 1848 4022; baseline 0 -19"><span class='ocrx_word' id='word_1_597' title='bbox 272 3950 447 4021; x_wconf 81' lang='grc' dir='ltr'>τούτῳ</span> <span class='ocrx_word' id='word_1_598' title='bbox 475 3949 606 4022; x_wconf 80' lang='grc' dir='ltr'>παρ’</span> <span class='ocrx_word' id='word_1_599' title='bbox 632 3949 789 4021; x_wconf 78' lang='grc' dir='ltr'>ἡμῶν</span> <span class='ocrx_word' id='word_1_600' title='bbox 822 3948 1201 4021; x_wconf 79' lang='grc' dir='ltr'>εὑρισκόμενα,</span> <span class='ocrx_word' id='word_1_601' title='bbox 1229 3950 1288 4002; x_wconf 81' lang='grc' dir='ltr'><strong>ὲν</strong></span> <span class='ocrx_word' id='word_1_602' title='bbox 1317 3951 1383 4019; x_wconf 77' lang='grc' dir='ltr'>τῇ</span> <span class='ocrx_word' id='word_1_603' title='bbox 1423 3948 1712 4020; x_wconf 72' lang='grc' dir='ltr'>δοκιμασία</span> <span class='ocrx_word' id='word_1_604' title='bbox 1739 3947 1848 4003; x_wconf 84' lang='grc' dir='ltr'>τῶν</span> 
     </span>
    </p>
   </div>
   <div class='ocr_carea' id='block_1_80' title="bbox 1994 3946 3525 4022">
    <p class='ocr_par' dir='ltr' id='par_1_80' title="bbox 1994 3946 3525 4020">
     <span class='ocr_line' id='line_1_80' title="bbox 1994 3946 3525 4020; baseline 0.008 -19"><span class='ocrx_word' id='word_1_605' title='bbox 1994 3961 2084 4002; x_wconf 89' lang='lat' dir='ltr'><strong>ero</strong></span> <span class='ocrx_word' id='word_1_606' title='bbox 2107 3946 2209 4001; x_wconf 87' lang='lat' dir='ltr'><strong>hac</strong></span> <span class='ocrx_word' id='word_1_607' title='bbox 2237 3947 2290 4001; x_wconf 91' lang='lat' dir='ltr'><strong>in</strong></span> <span class='ocrx_word' id='word_1_608' title='bbox 2316 3956 2470 4018; x_wconf 89' lang='lat' dir='ltr'><strong>parte</strong></span> <span class='ocrx_word' id='word_1_609' title='bbox 2494 3948 2791 4006; x_wconf 80' lang='lat' dir='ltr'><strong>afferemus</strong></span> <span class='ocrx_word' id='word_1_610' title='bbox 2808 3992 2822 4015; x_wconf 93' lang='lat'><strong>,</strong></span> <span class='ocrx_word' id='word_1_611' title='bbox 2848 3951 3060 4020; x_wconf 91' lang='lat' dir='ltr'><strong>judicio</strong></span> <span class='ocrx_word' id='word_1_612' title='bbox 3086 3953 3349 4010; x_wconf 88' lang='lat' dir='ltr'><strong>lectorum</strong></span> <span class='ocrx_word' id='word_1_613' title='bbox 3377 3971 3525 4012; x_wconf 84' lang='lat' dir='ltr'><strong>com-</strong></span> 
     </span>
    </p>
   </div>
   <div class='ocr_carea' id='block_1_81' title="bbox 273 4040 1851 4119">
    <p class='ocr_par' dir='ltr' id='par_1_81' title="bbox 273 4041 1846 4115">
     <span class='ocr_line' id='line_1_81' title="bbox 273 4041 1846 4115; baseline -0.003 -18"><span class='ocrx_word' id='word_1_614' title='bbox 273 4043 710 4113; x_wconf 73' lang='grc' dir='ltr'>ἐντυγχανόντων</span> <span class='ocrx_word' id='word_1_615' title='bbox 751 4041 1077 4115; x_wconf 80' lang='grc' dir='ltr'>προκείσθω,</span> <span class='ocrx_word' id='word_1_616' title='bbox 1115 4042 1150 4113; x_wconf 79' lang='grc' dir='ltr'>ἣ</span> <span class='ocrx_word' id='word_1_617' title='bbox 1185 4041 1436 4108; x_wconf 80' lang='grc' dir='ltr'>δέξασθαι</span> <span class='ocrx_word' id='word_1_618' title='bbox 1473 4042 1543 4096; x_wconf 83' lang='grc' dir='ltr'><strong>τὰ</strong></span> <span class='ocrx_word' id='word_1_619' title='bbox 1580 4041 1846 4113; x_wconf 80' lang='grc' dir='ltr'>ἡμέτερα,</span> 
     </span>
    </p>
   </div>
   <div class='ocr_carea' id='block_1_82' title="bbox 1994 4040 3524 4119">
    <p class='ocr_par' dir='ltr' id='par_1_82' title="bbox 1994 4040 3524 4119">
     <span class='ocr_line' id='line_1_82' title="bbox 1994 4040 3524 4119; baseline 0.008 -27"><span class='ocrx_word' id='word_1_620' title='bbox 1994 4040 2260 4104; x_wconf 80' lang='grc' dir='ltr'>ιίιιίωυε,</span> <span class='ocrx_word' id='word_1_621' title='bbox 2307 4048 2366 4096; x_wconf 81' lang='grc' dir='ltr'><strong>ιιι</strong></span> <span class='ocrx_word' id='word_1_622' title='bbox 2404 4042 2487 4097; x_wconf 84' lang='lat' dir='ltr'><strong>vel</strong></span> <span class='ocrx_word' id='word_1_623' title='bbox 2532 4052 2723 4098; x_wconf 92' lang='lat' dir='ltr'><strong>nostra</strong></span> <span class='ocrx_word' id='word_1_624' title='bbox 2766 4044 3001 4115; x_wconf 90' lang='lat' dir='ltr'><strong>probent</strong></span> <span class='ocrx_word' id='word_1_625' title='bbox 3025 4054 3081 4102; x_wconf 90' lang='lat' dir='ltr'><strong>et</strong></span> <span class='ocrx_word' id='word_1_626' title='bbox 3117 4048 3406 4119; x_wconf 89' lang='lat' dir='ltr'><strong>recipiant,</strong></span> <span class='ocrx_word' id='word_1_627' title='bbox 3437 4050 3524 4105; x_wconf 85' lang='lat' dir='ltr'><strong>vel</strong></span> 
     </span>
    </p>
   </div>
   <div class='ocr_carea' id='block_1_83' title="bbox 273 4130 1851 4206">
    <p class='ocr_par' dir='ltr' id='par_1_83' title="bbox 273 4132 1848 4206">
     <span class='ocr_line' id='line_1_83' title="bbox 273 4132 1848 4206; baseline 0.001 -20"><span class='ocrx_word' id='word_1_628' title='bbox 273 4136 308 4206; x_wconf 75' lang='grc' dir='ltr'>ἢ</span> <span class='ocrx_word' id='word_1_629' title='bbox 351 4134 491 4204; x_wconf 82' lang='grc' dir='ltr'>πρὸς</span> <span class='ocrx_word' id='word_1_630' title='bbox 535 4133 755 4206; x_wconf 79' lang='grc' dir='ltr'>μείζονα</span> <span class='ocrx_word' id='word_1_631' title='bbox 798 4132 1031 4206; x_wconf 88' lang='grc' dir='ltr'>θεωρίαν</span> <span class='ocrx_word' id='word_1_632' title='bbox 1082 4134 1373 4204; x_wconf 84' lang='grc' dir='ltr'>προσάγειν</span> <span class='ocrx_word' id='word_1_633' title='bbox 1405 4134 1582 4187; x_wconf 82' lang='grc' dir='ltr'>αὐτῶν</span> <span class='ocrx_word' id='word_1_634' title='bbox 1606 4135 1705 4206; x_wconf 76' lang='grc' dir='ltr'><strong>τὴν</strong></span> <span class='ocrx_word' id='word_1_635' title='bbox 1734 4134 1848 4188; x_wconf 87' lang='grc' dir='ltr'>διά-</span> 
     </span>
    </p>
   </div>
   <div class='ocr_carea' id='block_1_84' title="bbox 1994 4130 3522 4206">
    <p class='ocr_par' dir='ltr' id='par_1_84' title="bbox 1994 4130 3522 4204">
     <span class='ocr_line' id='line_1_84' title="bbox 1994 4130 3522 4204; baseline 0.008 -20"><span class='ocrx_word' id='word_1_636' title='bbox 1994 4130 2020 4185; x_wconf 89' lang='lat' dir='ltr'><strong>d</strong></span> <span class='ocrx_word' id='word_1_637' title='bbox 2068 4131 2277 4201; x_wconf 86' lang='lat' dir='ltr'><strong>majora</strong></span> <span class='ocrx_word' id='word_1_638' title='bbox 2323 4133 2683 4204; x_wconf 78' lang='lat' dir='ltr'><strong>excogitanda</strong></span> <span class='ocrx_word' id='word_1_639' title='bbox 2730 4135 3058 4191; x_wconf 87' lang='lat' dir='ltr'><strong>industriam</strong></span> <span class='ocrx_word' id='word_1_640' title='bbox 3104 4153 3257 4194; x_wconf 90' lang='lat' dir='ltr'><strong>suam</strong></span> <span class='ocrx_word' id='word_1_641' title='bbox 3291 4154 3522 4196; x_wconf 86' lang='lat' dir='ltr'><strong>conver-</strong></span> 
     </span>
    </p>
   </div>
   <div class='ocr_carea' id='block_1_85' title="bbox 272 4222 1851 4320">
    <p class='ocr_par' dir='ltr' id='par_1_85' title="bbox 272 4224 1849 4301">
     <span class='ocr_line' id='line_1_85' title="bbox 272 4224 1849 4301; baseline 0 -21"><span class='ocrx_word' id='word_1_642' title='bbox 272 4242 441 4280; x_wconf 81' lang='grc' dir='ltr'>νοιαν.</span> <span class='ocrx_word' id='word_1_643' title='bbox 467 4224 684 4295; x_wconf 88' lang='grc' dir='ltr'>Ταύτην</span> <span class='ocrx_word' id='word_1_644' title='bbox 710 4224 888 4279; x_wconf 89' lang='grc' dir='ltr'>τοίνυν</span> <span class='ocrx_word' id='word_1_645' title='bbox 911 4224 1010 4296; x_wconf 83' lang='grc' dir='ltr'><strong>τὴν</strong></span> <span class='ocrx_word' id='word_1_646' title='bbox 1039 4224 1297 4297; x_wconf 78' lang='grc' dir='ltr'>διαφορὰν</span> <span class='ocrx_word' id='word_1_647' title='bbox 1323 4226 1380 4279; x_wconf 77' lang='grc' dir='ltr'><strong>ὲν</strong></span> <span class='ocrx_word' id='word_1_648' title='bbox 1417 4227 1527 4301; x_wconf 82' lang='grc' dir='ltr'>τοῖς</span> <span class='ocrx_word' id='word_1_649' title='bbox 1553 4226 1849 4298; x_wconf 78' lang='grc' dir='ltr'>ἀνεπιγρά-</span> 
     </span>
    </p>
   </div>
   <div class='ocr_carea' id='block_1_86' title="bbox 1994 4222 3524 4320">
    <p class='ocr_par' dir='ltr' id='par_1_86' title="bbox 1994 4222 3524 4298">
     <span class='ocr_line' id='line_1_86' title="bbox 1994 4222 3524 4298; baseline 0.008 -23"><span class='ocrx_word' id='word_1_650' title='bbox 1994 4231 2089 4278; x_wconf 86' lang='grc' dir='ltr'>ιηι.</span> <span class='ocrx_word' id='word_1_651' title='bbox 2124 4222 2277 4278; x_wconf 86' lang='lat' dir='ltr'><strong>llanc</strong></span> <span class='ocrx_word' id='word_1_652' title='bbox 2316 4238 2445 4295; x_wconf 76' lang='lat' dir='ltr'><strong>ergo</strong></span> <span class='ocrx_word' id='word_1_653' title='bbox 2483 4226 2539 4280; x_wconf 89' lang='lat' dir='ltr'><strong>in</strong></span> <span class='ocrx_word' id='word_1_654' title='bbox 2582 4226 2840 4296; x_wconf 88' lang='lat' dir='ltr'><strong>psalmis,</strong></span> <span class='ocrx_word' id='word_1_655' title='bbox 2891 4228 3251 4298; x_wconf 88' lang='lat' dir='ltr'><strong>inscriptione</strong></span> <span class='ocrx_word' id='word_1_656' title='bbox 3287 4235 3524 4288; x_wconf 86' lang='lat' dir='ltr'><strong>carenti-</strong></span> 
     </span>
    </p>
   </div>
   <div class='ocr_carea' id='block_1_87' title="bbox 270 4313 1851 4388">
    <p class='ocr_par' dir='ltr' id='par_1_87' title="bbox 270 4313 1851 4386">
     <span class='ocr_line' id='line_1_87' title="bbox 270 4313 1851 4386; baseline 0.001 -19"><span class='ocrx_word' id='word_1_657' title='bbox 270 4329 393 4384; x_wconf 79' lang='grc' dir='ltr'>φοις</span> <span class='ocrx_word' id='word_1_658' title='bbox 442 4315 864 4386; x_wconf 81' lang='grc' dir='ltr'>κατενοήσαμεν.</span> <span class='ocrx_word' id='word_1_659' title='bbox 913 4313 1037 4378; x_wconf 83' lang='grc' dir='ltr'>Τοῖς</span> <span class='ocrx_word' id='word_1_660' title='bbox 1087 4313 1185 4384; x_wconf 77' lang='grc' dir='ltr'>μὲν</span> <span class='ocrx_word' id='word_1_661' title='bbox 1225 4313 1333 4384; x_wconf 78' lang='grc' dir='ltr'><strong>γὰρ</strong></span> <span class='ocrx_word' id='word_1_662' title='bbox 1372 4313 1551 4368; x_wconf 82' lang='grc' dir='ltr'>αὐτῶν</span> <span class='ocrx_word' id='word_1_663' title='bbox 1585 4316 1700 4370; x_wconf 80' lang='grc' dir='ltr'>ἀντ’</span> <span class='ocrx_word' id='word_1_664' title='bbox 1737 4318 1851 4369; x_wconf 79' lang='grc' dir='ltr'>ἑπι-</span> 
     </span>
    </p>
   </div>
   <div class='ocr_carea' id='block_1_88' title="bbox 1994 4313 3521 4388">
    <p class='ocr_par' dir='ltr' id='par_1_88' title="bbox 1995 4314 3521 4388">
     <span class='ocr_line' id='line_1_88' title="bbox 1995 4314 3521 4388; baseline 0.007 -19"><span class='ocrx_word' id='word_1_665' title='bbox 1995 4330 2090 4378; x_wconf 91' lang='lat' dir='ltr'><strong>us,</strong></span> <span class='ocrx_word' id='word_1_666' title='bbox 2121 4314 2481 4372; x_wconf 65' lang='lat' dir='ltr'><strong>diderentiam</strong></span> <span class='ocrx_word' id='word_1_667' title='bbox 2527 4318 2868 4387; x_wconf 86' lang='lat' dir='ltr'><strong>reperimus,</strong></span> <span class='ocrx_word' id='word_1_668' title='bbox 2904 4320 3032 4388; x_wconf 90' lang='lat' dir='ltr'><strong>quia</strong></span> <span class='ocrx_word' id='word_1_669' title='bbox 3076 4320 3357 4378; x_wconf 89' lang='lat' dir='ltr'><strong>nonnullis</strong></span> <span class='ocrx_word' id='word_1_670' title='bbox 3400 4323 3521 4380; x_wconf 89' lang='lat' dir='ltr'><strong>loco</strong></span> 
     </span>
    </p>
   </div>
   <div class='ocr_carea' id='block_1_89' title="bbox 269 4398 1851 4486">
    <p class='ocr_par' dir='ltr' id='par_1_89' title="bbox 269 4398 1850 4477">
     <span class='ocr_line' id='line_1_89' title="bbox 269 4398 1850 4477; baseline -0.001 -17"><span class='ocrx_word' id='word_1_671' title='bbox 269 4405 495 4477; x_wconf 72' lang='grc' dir='ltr'>γραφῆς</span> <span class='ocrx_word' id='word_1_672' title='bbox 513 4403 547 4473; x_wconf 79' lang='grc' dir='ltr'><strong>ἢ</strong></span> <span class='ocrx_word' id='word_1_673' title='bbox 566 4402 676 4474; x_wconf 78' lang='grc'>(50)</span> <span class='ocrx_word' id='word_1_674' title='bbox 691 4402 1002 4476; x_wconf 84' lang='grc' dir='ltr'>ψαλμῳδίας</span> <span class='ocrx_word' id='word_1_675' title='bbox 1017 4403 1222 4471; x_wconf 79' lang='grc' dir='ltr'>γίνεται</span> <span class='ocrx_word' id='word_1_676' title='bbox 1245 4403 1474 4467; x_wconf 72' lang='grc' dir='ltr'>ἐπίνοια,</span> <span class='ocrx_word' id='word_1_677' title='bbox 1489 4398 1659 4473; x_wconf 72' lang='grc' dir='ltr'>ἐφ’ὧν</span> <span class='ocrx_word' id='word_1_678' title='bbox 1674 4406 1850 4459; x_wconf 84' lang='grc' dir='ltr'>κοινὸν</span> 
     </span>
    </p>
   </div>
   <div class='ocr_carea' id='block_1_90' title="bbox 1994 4398 3522 4486">
    <p class='ocr_par' dir='ltr' id='par_1_90' title="bbox 1994 4407 3522 4486">
     <span class='ocr_line' id='line_1_90' title="bbox 1994 4407 3522 4486; baseline 0.006 -26"><span class='ocrx_word' id='word_1_679' title='bbox 1994 4407 2324 4477; x_wconf 81' lang='lat' dir='ltr'><strong>Iscriptionis</strong></span> <span class='ocrx_word' id='word_1_680' title='bbox 2351 4417 2437 4464; x_wconf 81' lang='lat' dir='ltr'><strong>est</strong></span> <span class='ocrx_word' id='word_1_681' title='bbox 2463 4409 2580 4479; x_wconf 87' lang='lat' dir='ltr'><strong>ipsa</strong></span> <span class='ocrx_word' id='word_1_682' title='bbox 2613 4411 2782 4465; x_wconf 87' lang='lat' dir='ltr'><strong>totius</strong></span> <span class='ocrx_word' id='word_1_683' title='bbox 2813 4410 3007 4479; x_wconf 90' lang='lat' dir='ltr'><strong>psalmi</strong></span> <span class='ocrx_word' id='word_1_684' title='bbox 3056 4412 3328 4468; x_wconf 81' lang='lat' dir='ltr'><strong>sententia</strong></span> <span class='ocrx_word' id='word_1_685' title='bbox 3351 4457 3367 4482; x_wconf 97' lang='lat'><strong>,</strong></span> <span class='ocrx_word' id='word_1_686' title='bbox 3398 4416 3522 4486; x_wconf 85' lang='lat' dir='ltr'><strong>qui-</strong></span> 
     </span>
    </p>
   </div>
   <div class='ocr_carea' id='block_1_91' title="bbox 270 4492 1851 4571">
    <p class='ocr_par' dir='ltr' id='par_1_91' title="bbox 270 4492 1851 4567">
     <span class='ocr_line' id='line_1_91' title="bbox 270 4492 1851 4567; baseline 0 -16"><span class='ocrx_word' id='word_1_687' title='bbox 270 4500 366 4552; x_wconf 71' lang='grc' dir='ltr'>καὶ</span> <span class='ocrx_word' id='word_1_688' title='bbox 400 4497 533 4564; x_wconf 87' lang='grc' dir='ltr'>παρ’</span> <span class='ocrx_word' id='word_1_689' title='bbox 569 4494 839 4566; x_wconf 82' lang='grc' dir='ltr'>Ἑϐραίοις</span> <span class='ocrx_word' id='word_1_690' title='bbox 880 4496 974 4549; x_wconf 81' lang='grc' dir='ltr'>καὶ</span> <span class='ocrx_word' id='word_1_691' title='bbox 1025 4496 1154 4566; x_wconf 88' lang='grc' dir='ltr'>παρ’</span> <span class='ocrx_word' id='word_1_692' title='bbox 1178 4496 1330 4567; x_wconf 81' lang='grc' dir='ltr'>ἡμῖν,</span> <span class='ocrx_word' id='word_1_693' title='bbox 1377 4494 1438 4549; x_wconf 83' lang='grc' dir='ltr'>τὸ</span> <span class='ocrx_word' id='word_1_694' title='bbox 1481 4497 1555 4567; x_wconf 82' lang='grc' dir='ltr'>μὴ</span> <span class='ocrx_word' id='word_1_695' title='bbox 1597 4492 1736 4551; x_wconf 82' lang='grc' dir='ltr'>εἶναι</span> <span class='ocrx_word' id='word_1_696' title='bbox 1764 4497 1851 4552; x_wconf 83' lang='grc' dir='ltr'>άλ-</span> 
     </span>
    </p>
   </div>
   <div class='ocr_carea' id='block_1_92' title="bbox 1994 4492 3518 4571">
    <p class='ocr_par' dir='ltr' id='par_1_92' title="bbox 1994 4498 3518 4571">
     <span class='ocr_line' id='line_1_92' title="bbox 1994 4498 3518 4571; baseline 0.004 -18"><span class='ocrx_word' id='word_1_697' title='bbox 1994 4514 2055 4554; x_wconf 90' lang='lat' dir='ltr'><strong>us</strong></span> <span class='ocrx_word' id='word_1_698' title='bbox 2086 4506 2142 4553; x_wconf 89' lang='lat' dir='ltr'><strong>et</strong></span> <span class='ocrx_word' id='word_1_699' title='bbox 2170 4498 2311 4569; x_wconf 89' lang='lat' dir='ltr'><strong>apud</strong></span> <span class='ocrx_word' id='word_1_700' title='bbox 2347 4515 2483 4566; x_wconf 86' lang='lat' dir='ltr'><strong>nos,</strong></span> <span class='ocrx_word' id='word_1_701' title='bbox 2526 4507 2580 4556; x_wconf 90' lang='lat' dir='ltr'><strong>et</strong></span> <span class='ocrx_word' id='word_1_702' title='bbox 2610 4499 3040 4569; x_wconf 66' lang='lat' dir='ltr'><strong>apud&#39;Hebraaos</strong></span> <span class='ocrx_word' id='word_1_703' title='bbox 3079 4517 3370 4561; x_wconf 91' lang='lat' dir='ltr'><strong>commune</strong></span> <span class='ocrx_word' id='word_1_704' title='bbox 3410 4514 3518 4571; x_wconf 90' lang='lat' dir='ltr'><strong>est,</strong></span> 
     </span>
    </p>
   </div>
   <div class='ocr_carea' id='block_1_93' title="bbox 269 4586 1851 4667">
    <p class='ocr_par' dir='ltr' id='par_1_93' title="bbox 269 4586 1851 4660">
     <span class='ocr_line' id='line_1_93' title="bbox 269 4586 1851 4660; baseline 0.003 -20"><span class='ocrx_word' id='word_1_705' title='bbox 269 4588 369 4657; x_wconf 73' lang='grc' dir='ltr'><strong>λην</strong></span> <span class='ocrx_word' id='word_1_706' title='bbox 397 4588 710 4659; x_wconf 77' lang='grc' dir='ltr'>ἐπιγραφὴν</span> <span class='ocrx_word' id='word_1_707' title='bbox 748 4587 856 4641; x_wconf 85' lang='grc' dir='ltr'><strong>τῶν</strong></span> <span class='ocrx_word' id='word_1_708' title='bbox 899 4586 1291 4658; x_wconf 84' lang='grc' dir='ltr'>ὑποκειμένων,</span> <span class='ocrx_word' id='word_1_709' title='bbox 1322 4588 1372 4640; x_wconf 82' lang='grc' dir='ltr'><strong>εί</strong></span> <span class='ocrx_word' id='word_1_710' title='bbox 1410 4586 1485 4659; x_wconf 80' lang='grc' dir='ltr'>μὴ</span> <span class='ocrx_word' id='word_1_711' title='bbox 1526 4588 1727 4659; x_wconf 85' lang='grc' dir='ltr'>ταύτην</span> <span class='ocrx_word' id='word_1_712' title='bbox 1761 4590 1851 4660; x_wconf 86' lang='grc' dir='ltr'>μό-</span> 
     </span>
    </p>
   </div>
   <div class='ocr_carea' id='block_1_94' title="bbox 1994 4586 3521 4667">
    <p class='ocr_par' dir='ltr' id='par_1_94' title="bbox 1994 4589 3521 4667">
     <span class='ocr_line' id='line_1_94' title="bbox 1994 4589 3521 4667; baseline 0.005 -24"><span class='ocrx_word' id='word_1_713' title='bbox 1994 4597 2013 4643; x_wconf 86' lang='grc' dir='ltr'><strong>ι</strong></span> <span class='ocrx_word' id='word_1_714' title='bbox 2053 4590 2158 4643; x_wconf 87' lang='lat' dir='ltr'><strong>alia</strong></span> <span class='ocrx_word' id='word_1_715' title='bbox 2190 4589 2545 4660; x_wconf 87' lang='lat' dir='ltr'><strong>inscriptione</strong></span> <span class='ocrx_word' id='word_1_716' title='bbox 2572 4606 2694 4661; x_wconf 72' lang='lat' dir='ltr'><strong>quae</strong></span> <span class='ocrx_word' id='word_1_717' title='bbox 2727 4601 3049 4661; x_wconf 87' lang='lat' dir='ltr'><strong>sequuntur,</strong></span> <span class='ocrx_word' id='word_1_718' title='bbox 3080 4611 3190 4650; x_wconf 92' lang='lat' dir='ltr'><strong>non</strong></span> <span class='ocrx_word' id='word_1_719' title='bbox 3217 4597 3521 4667; x_wconf 80' lang='lat' dir='ltr'><strong>insignian-</strong></span> 
     </span>
    </p>
   </div>
   <div class='ocr_carea' id='block_1_95' title="bbox 269 4679 1851 4757">
    <p class='ocr_par' dir='ltr' id='par_1_95' title="bbox 269 4679 1848 4752">
     <span class='ocr_line' id='line_1_95' title="bbox 269 4679 1848 4752; baseline 0.003 -21"><span class='ocrx_word' id='word_1_720' title='bbox 269 4696 369 4749; x_wconf 88' lang='grc' dir='ltr'><strong>νην</strong></span> <span class='ocrx_word' id='word_1_721' title='bbox 400 4681 506 4750; x_wconf 76' lang='grc' dir='ltr'><strong>τὴν</strong></span> <span class='ocrx_word' id='word_1_722' title='bbox 545 4682 658 4744; x_wconf 90' lang='grc' dir='ltr'>τοῖς</span> <span class='ocrx_word' id='word_1_723' title='bbox 697 4683 878 4752; x_wconf 79' lang='grc' dir='ltr'>ῥητοῖς</span> <span class='ocrx_word' id='word_1_724' title='bbox 918 4680 1318 4751; x_wconf 76' lang='grc' dir='ltr'>ἐμφαινομένην</span> <span class='ocrx_word' id='word_1_725' title='bbox 1353 4679 1606 4735; x_wconf 83' lang='grc' dir='ltr'>διάνοιαν.</span> <span class='ocrx_word' id='word_1_726' title='bbox 1646 4682 1770 4746; x_wconf 86' lang='grc' dir='ltr'>Τοῖς</span> <span class='ocrx_word' id='word_1_727' title='bbox 1790 4682 1848 4736; x_wconf 82' lang='grc' dir='ltr'><strong>δὲ</strong></span> 
     </span>
    </p>
   </div>
   <div class='ocr_carea' id='block_1_96' title="bbox 1994 4679 3512 4757">
    <p class='ocr_par' dir='ltr' id='par_1_96' title="bbox 1994 4683 3512 4757">
     <span class='ocr_line' id='line_1_96' title="bbox 1994 4683 3512 4757; baseline 0.004 -22"><span class='ocrx_word' id='word_1_728' title='bbox 1994 4696 2070 4748; x_wconf 87' lang='lat' dir='ltr'><strong>ll‘,</strong></span> <span class='ocrx_word' id='word_1_729' title='bbox 2129 4696 2307 4752; x_wconf 81' lang='lat' dir='ltr'><strong>quam</strong></span> <span class='ocrx_word' id='word_1_730' title='bbox 2345 4683 2502 4753; x_wconf 88' lang='lat' dir='ltr'><strong>ipso,</strong></span> <span class='ocrx_word' id='word_1_731' title='bbox 2556 4683 2653 4754; x_wconf 91' lang='lat' dir='ltr'><strong>qui</strong></span> <span class='ocrx_word' id='word_1_732' title='bbox 2700 4684 2881 4740; x_wconf 84' lang='lat' dir='ltr'><strong>verbis</strong></span> <span class='ocrx_word' id='word_1_733' title='bbox 2935 4686 3129 4756; x_wconf 88' lang='lat' dir='ltr'><strong>psalmi</strong></span> <span class='ocrx_word' id='word_1_734' title='bbox 3196 4687 3512 4757; x_wconf 86' lang='lat' dir='ltr'><strong>subjicitur,</strong></span> 
     </span>
    </p>
   </div>
   <div class='ocr_carea' id='block_1_97' title="bbox 269 4768 1851 4846">
    <p class='ocr_par' dir='ltr' id='par_1_97' title="bbox 269 4768 1848 4840">
     <span class='ocr_line' id='line_1_97' title="bbox 269 4768 1848 4840; baseline 0.004 -21"><span class='ocrx_word' id='word_1_735' title='bbox 269 4768 478 4832; x_wconf 81' lang='grc' dir='ltr'>λοιποῖς</span> <span class='ocrx_word' id='word_1_736' title='bbox 520 4769 818 4839; x_wconf 74' lang='grc' dir='ltr'>ἐπιγραφαὶ</span> <span class='ocrx_word' id='word_1_737' title='bbox 857 4770 956 4840; x_wconf 80' lang='grc' dir='ltr'><strong>μέν</strong></span> <span class='ocrx_word' id='word_1_738' title='bbox 995 4771 1130 4823; x_wconf 76' lang='grc' dir='ltr'>εἰσιν</span> <span class='ocrx_word' id='word_1_739' title='bbox 1163 4769 1608 4838; x_wconf 77' lang='grc' dir='ltr'>ὲκκλησιαστικαί</span> <span class='ocrx_word' id='word_1_740' title='bbox 1651 4787 1710 4824; x_wconf 84' lang='grc' dir='ltr'><strong>τε</strong></span> <span class='ocrx_word' id='word_1_741' title='bbox 1752 4774 1848 4825; x_wconf 80' lang='grc' dir='ltr'>καὶ</span> 
     </span>
    </p>
   </div>
   <div class='ocr_carea' id='block_1_98' title="bbox 1994 4768 3515 4846">
    <p class='ocr_par' dir='ltr' id='par_1_98' title="bbox 1994 4773 3515 4846">
     <span class='ocr_line' id='line_1_98' title="bbox 1994 4773 3515 4846; baseline 0.003 -18"><span class='ocrx_word' id='word_1_742' title='bbox 1994 4788 2136 4828; x_wconf 70' lang='lat' dir='ltr'><strong>ansu.</strong></span> <span class='ocrx_word' id='word_1_743' title='bbox 2178 4773 2316 4829; x_wconf 79' lang='lat' dir='ltr'><strong>Aliis</strong></span> <span class='ocrx_word' id='word_1_744' title='bbox 2358 4782 2538 4829; x_wconf 90' lang='lat' dir='ltr'><strong>autem</strong></span> <span class='ocrx_word' id='word_1_745' title='bbox 2585 4774 2938 4846; x_wconf 73' lang='lat' dir='ltr'><strong>praeﬁguntur</strong></span> <span class='ocrx_word' id='word_1_746' title='bbox 2966 4776 3390 4846; x_wconf 87' lang='lat' dir='ltr'><strong>inscriptiones,</strong></span> <span class='ocrx_word' id='word_1_747' title='bbox 3420 4780 3515 4834; x_wconf 86' lang='lat' dir='ltr'><strong>sed</strong></span> 
     </span>
    </p>
   </div>
   <div class='ocr_carea' id='block_1_99' title="bbox 274 4860 1851 4940">
    <p class='ocr_par' dir='ltr' id='par_1_99' title="bbox 274 4860 1846 4934">
     <span class='ocr_line' id='line_1_99' title="bbox 274 4860 1846 4934; baseline 0.003 -22"><span class='ocrx_word' id='word_1_748' title='bbox 274 4860 558 4929; x_wconf 73' lang='grc' dir='ltr'>μυστικαὶ,</span> <span class='ocrx_word' id='word_1_749' title='bbox 602 4860 695 4912; x_wconf 76' lang='grc' dir='ltr'><strong>καὶ</strong></span> <span class='ocrx_word' id='word_1_750' title='bbox 742 4860 840 4931; x_wconf 81' lang='grc' dir='ltr'><strong>τῆς</strong></span> <span class='ocrx_word' id='word_1_751' title='bbox 894 4860 1031 4915; x_wconf 81' lang='grc' dir='ltr'>κατὰ</span> <span class='ocrx_word' id='word_1_752' title='bbox 1072 4860 1134 4913; x_wconf 75' lang='grc' dir='ltr'>τὸ</span> <span class='ocrx_word' id='word_1_753' title='bbox 1189 4863 1482 4932; x_wconf 87' lang='grc' dir='ltr'>μυστήριον</span> <span class='ocrx_word' id='word_1_754' title='bbox 1528 4862 1687 4934; x_wconf 76' lang='grc' dir='ltr'>’ἡμῶν</span> <span class='ocrx_word' id='word_1_755' title='bbox 1732 4862 1846 4934; x_wconf 69' lang='lat'><strong>(51)</strong></span> 
     </span>
    </p>
   </div>
   <div class='ocr_carea' id='block_1_100' title="bbox 1994 4860 3516 4940">
    <p class='ocr_par' dir='ltr' id='par_1_100' title="bbox 1994 4863 3516 4940">
     <span class='ocr_line' id='line_1_100' title="bbox 1994 4863 3516 4940; baseline 0.003 -22"><span class='ocrx_word' id='word_1_756' title='bbox 1994 4863 2334 4921; x_wconf 84' lang='lat' dir='ltr'><strong>:clesiasticae</strong></span> <span class='ocrx_word' id='word_1_757' title='bbox 2372 4874 2426 4921; x_wconf 92' lang='lat' dir='ltr'><strong>et</strong></span> <span class='ocrx_word' id='word_1_758' title='bbox 2472 4870 2752 4939; x_wconf 64' lang='lat' dir='ltr'><strong>mysticae,</strong></span> <span class='ocrx_word' id='word_1_759' title='bbox 2810 4867 3199 4940; x_wconf 80' lang='lat' dir='ltr'><strong>mysteriique,</strong></span> <span class='ocrx_word' id='word_1_760' title='bbox 3253 4869 3399 4937; x_wconf 87' lang='lat' dir='ltr'><strong>quod</strong></span> <span class='ocrx_word' id='word_1_761' title='bbox 3446 4869 3516 4924; x_wconf 88' lang='lat' dir='ltr'><strong>ad</strong></span> 
     </span>
    </p>
   </div>
   <div class='ocr_carea' id='block_1_101' title="bbox 272 4948 1851 5031">
    <p class='ocr_par' dir='ltr' id='par_1_101' title="bbox 272 4948 1844 5025">
     <span class='ocr_line' id='line_1_101' title="bbox 272 4948 1844 5025; baseline 0.003 -23"><span class='ocrx_word' id='word_1_762' title='bbox 272 4948 555 5015; x_wconf 78' lang='grc' dir='ltr'>εὐσεϐείας</span> <span class='ocrx_word' id='word_1_763' title='bbox 598 4950 946 5021; x_wconf 75' lang='grc' dir='ltr'>σημαντικαὶ,</span> <span class='ocrx_word' id='word_1_764' title='bbox 981 4949 1118 5006; x_wconf 81' lang='grc' dir='ltr'>ἀλλὰ</span> <span class='ocrx_word' id='word_1_765' title='bbox 1147 4953 1260 5016; x_wconf 88' lang='grc' dir='ltr'>τοῖς</span> <span class='ocrx_word' id='word_1_766' title='bbox 1300 4951 1567 5025; x_wconf 82' lang='grc' dir='ltr'>Ἑϐραίοις</span> <span class='ocrx_word' id='word_1_767' title='bbox 1593 4954 1695 5011; x_wconf 83' lang='grc' dir='ltr'>οὐκ</span> <span class='ocrx_word' id='word_1_768' title='bbox 1718 4953 1844 5024; x_wconf 68' lang='grc' dir='ltr'>εισι,</span> 
     </span>
    </p>
   </div>
   <div class='ocr_carea' id='block_1_102' title="bbox 1994 4948 3515 5031">
    <p class='ocr_par' dir='ltr' id='par_1_102' title="bbox 1994 4955 3515 5031">
     <span class='ocr_line' id='line_1_102' title="bbox 1994 4955 3515 5031; baseline 0.002 -22"><span class='ocrx_word' id='word_1_769' title='bbox 1994 4962 2153 5010; x_wconf 68' lang='lat' dir='ltr'><strong>nstrae</strong></span> <span class='ocrx_word' id='word_1_770' title='bbox 2211 4956 2429 5026; x_wconf 90' lang='lat' dir='ltr'><strong>pietatis</strong></span> <span class='ocrx_word' id='word_1_771' title='bbox 2488 4956 2838 5030; x_wconf 89' lang='lat' dir='ltr'><strong>disciplinam</strong></span> <span class='ocrx_word' id='word_1_772' title='bbox 2894 4956 3171 5030; x_wconf 83' lang='lat' dir='ltr'><strong>pertinet,</strong></span> <span class='ocrx_word' id='word_1_773' title='bbox 3230 4955 3515 5031; x_wconf 74' lang='lat' dir='ltr'><strong>signiﬁca-</strong></span> 
     </span>
    </p>
   </div>
   <div class='ocr_carea' id='block_1_103' title="bbox 343 5142 1851 5218">
    <p class='ocr_par' dir='ltr' id='par_1_103' title="bbox 343 5142 807 5218">
     <span class='ocr_line' id='line_1_103' title="bbox 343 5142 807 5218; baseline 0 0"><span class='ocrx_word' id='word_1_774' title='bbox 343 5142 455 5218; x_wconf 64' lang='lat' dir='ltr'><strong>t?!)</strong></span> <span class='ocrx_word' id='word_1_775' title='bbox 487 5142 632 5218; x_wconf 69' lang='grc' dir='ltr'>Ϊιεξίν</span> <span class='ocrx_word' id='word_1_776' title='bbox 661 5143 749 5218; x_wconf 66' lang='grc' dir='ltr'><strong>εἶά·</strong></span> <span class='ocrx_word' id='word_1_777' title='bbox 793 5212 807 5218; x_wconf 90' lang='grc'><strong>-</strong></span> 
     </span>
    </p>
   </div>
   <div class='ocr_carea' id='block_1_104' title="bbox 1994 5142 2578 5218">
    <p class='ocr_par' dir='ltr' id='par_1_104' title="bbox 2017 5148 2578 5218">
     <span class='ocr_line' id='line_1_104' title="bbox 2017 5148 2578 5218; baseline 0.014 -17"><span class='ocrx_word' id='word_1_778' title='bbox 2017 5148 2132 5218; x_wconf 78' lang='grc'>(27)</span> <span class='ocrx_word' id='word_1_779' title='bbox 2166 5152 2300 5206; x_wconf 85' lang='grc' dir='ltr'>Τινά</span> <span class='ocrx_word' id='word_1_780' title='bbox 2341 5167 2448 5209; x_wconf 90' lang='lat' dir='ltr'><strong>om.</strong></span> <span class='ocrx_word' id='word_1_781' title='bbox 2490 5152 2578 5209; x_wconf 89' lang='lat' dir='ltr'><strong>ed.</strong></span> 
     </span>
    </p>
   </div>
   <div class='ocr_carea' id='block_1_105' title="bbox 342 5212 2740 5293">
    <p class='ocr_par' dir='ltr' id='par_1_105' title="bbox 342 5212 2740 5293">
     <span class='ocr_line' id='line_1_105' title="bbox 342 5212 2740 5293; baseline 0.006 -28"><span class='ocrx_word' id='word_1_782' title='bbox 490 5214 601 5293; x_wconf 50' lang='grc' dir='ltr'><strong>Ξαὶ</strong></span> <span class='ocrx_word' id='word_1_783' title='bbox 636 5212 727 5293; x_wconf 54' lang='grc' dir='ltr'><strong>τό,</strong></span> <span class='ocrx_word' id='word_1_784' title='bbox 744 5212 831 5269; x_wconf 87' lang='lat' dir='ltr'><strong>ed.</strong></span> <span class='ocrx_word' id='word_1_785' title='bbox 1384 5233 1395 5246; x_wconf 83' lang='grc'><strong>’</strong></span> <span class='ocrx_word' id='word_1_786' title='bbox 2017 5212 2131 5293; x_wconf 62' lang='grc' dir='ltr'>(ἓξ)</span> <span class='ocrx_word' id='word_1_787' title='bbox 2167 5222 2623 5293; x_wconf 15' lang='grc' dir='ltr'>ῨἘνευρίσκονται,</span> <span class='ocrx_word' id='word_1_788' title='bbox 2653 5223 2740 5278; x_wconf 88' lang='lat' dir='ltr'><strong>ed.</strong></span> 
     </span>
    </p>
   </div>
   <div class='ocr_carea' id='block_1_106' title="bbox 342 5283 1851 5364">
    <p class='ocr_par' dir='ltr' id='par_1_106' title="bbox 342 5283 925 5364">
     <span class='ocr_line' id='line_1_106' title="bbox 342 5283 925 5364; baseline 0 0"><span class='ocrx_word' id='word_1_789' title='bbox 342 5283 456 5364; x_wconf 65' lang='grc' dir='ltr'><strong>(ἓξ)</strong></span> <span class='ocrx_word' id='word_1_790' title='bbox 490 5284 639 5364; x_wconf 58' lang='lat' dir='ltr'><strong>&quot;fisa</strong></span> <span class='ocrx_word' id='word_1_791' title='bbox 665 5285 781 5364; x_wconf 68' lang='grc' dir='ltr'>εάε-</span> <span class='ocrx_word' id='word_1_792' title='bbox 907 5353 925 5364; x_wconf 94' lang='grc'><strong>.</strong></span> 
     </span>
    </p>
   </div>
   <div class='ocr_carea' id='block_1_107' title="bbox 1994 5283 2877 5364">
    <p class='ocr_par' dir='ltr' id='par_1_107' title="bbox 2021 5283 2877 5364">
     <span class='ocr_line' id='line_1_107' title="bbox 2021 5283 2877 5364; baseline 0.012 -22"><span class='ocrx_word' id='word_1_793' title='bbox 2164 5292 2299 5364; x_wconf 64' lang='grc' dir='ltr'>Ῐᾼπό</span> <span class='ocrx_word' id='word_1_794' title='bbox 2328 5283 2440 5364; x_wconf 71' lang='lat' dir='ltr'><strong>om.</strong></span> <span class='ocrx_word' id='word_1_795' title='bbox 2467 5283 2673 5364; x_wconf 76' lang='lat' dir='ltr'><strong>aliquot</strong></span> <span class='ocrx_word' id='word_1_796' title='bbox 2710 5291 2877 5352; x_wconf 73' lang='lat' dir='ltr'><strong>codd.</strong></span> 
     </span>
    </p>
   </div>
   <div class='ocr_carea' id='block_1_108' title="bbox 342 5352 1851 5427">
    <p class='ocr_par' dir='ltr' id='par_1_108' title="bbox 342 5352 950 5427">
     <span class='ocr_line' id='line_1_108' title="bbox 342 5352 950 5427; baseline 0.013 -7"><span class='ocrx_word' id='word_1_797' title='bbox 342 5352 457 5427; x_wconf 62' lang='lat' dir='ltr'><strong>es</strong></span> <span class='ocrx_word' id='word_1_798' title='bbox 494 5352 840 5427; x_wconf 62' lang='grc' dir='ltr'>ᾎλληλούῖᾳι</span> <span class='ocrx_word' id='word_1_799' title='bbox 860 5353 950 5413; x_wconf 79' lang='lat' dir='ltr'><strong>ed.</strong></span> 
     </span>
    </p>
   </div>
   <div class='ocr_carea' id='block_1_109' title="bbox 1994 5352 2361 5427">
    <p class='ocr_par' dir='ltr' id='par_1_109' title="bbox 2016 5352 2361 5427">
     <span class='ocr_line' id='line_1_109' title="bbox 2016 5352 2361 5427; baseline 0.012 -15"><span class='ocrx_word' id='word_1_800' title='bbox 2016 5352 2129 5427; x_wconf 72' lang='lat'><strong>(30)</strong></span> <span class='ocrx_word' id='word_1_801' title='bbox 2163 5360 2246 5425; x_wconf 82' lang='grc' dir='ltr'>Ἢ,</span> <span class='ocrx_word' id='word_1_802' title='bbox 2273 5362 2361 5416; x_wconf 90' lang='lat' dir='ltr'><strong>ed.</strong></span> 
     </span>
    </p>
   </div>
   <div class='ocr_carea' id='block_1_110' title="bbox 364 5422 1851 5503">
    <p class='ocr_par' dir='ltr' id='par_1_110' title="bbox 364 5422 859 5503">
     <span class='ocr_line' id='line_1_110' title="bbox 364 5422 859 5503; baseline 0.006 -28"><span class='ocrx_word' id='word_1_803' title='bbox 606 5422 723 5503; x_wconf 61' lang='lat' dir='ltr'><strong>om1</strong></span> <span class='ocrx_word' id='word_1_804' title='bbox 746 5424 859 5503; x_wconf 86' lang='lat' dir='ltr'><strong>ed._</strong></span> 
     </span>
    </p>
   </div>
   <div class='ocr_carea' id='block_1_111' title="bbox 1994 5422 2463 5503">
    <p class='ocr_par' dir='ltr' id='par_1_111' title="bbox 2013 5422 2463 5503">
     <span class='ocr_line' id='line_1_111' title="bbox 2013 5422 2463 5503; baseline 0.018 -22"><span class='ocrx_word' id='word_1_805' title='bbox 2013 5422 2129 5500; x_wconf 77' lang='grc'>(51)</span> <span class='ocrx_word' id='word_1_806' title='bbox 2167 5422 2351 5503; x_wconf 85' lang='grc' dir='ltr'>Ἡμῖν.</span> <span class='ocrx_word' id='word_1_807' title='bbox 2373 5429 2463 5489; x_wconf 87' lang='lat' dir='ltr'><strong>ed.</strong></span> 
     </span>
    </p>
   </div>
   <div class='ocr_carea' id='block_1_112' title="bbox 365 5491 885 5564">
    <p class='ocr_par' dir='ltr' id='par_1_112' title="bbox 365 5491 885 5564">
     <span class='ocr_line' id='line_1_112' title="bbox 365 5491 885 5564; baseline 0.008 -18"><span class='ocrx_word' id='word_1_808' title='bbox 365 5491 454 5564; x_wconf 81' lang='grc'>26)</span> <span class='ocrx_word' id='word_1_809' title='bbox 503 5494 770 5563; x_wconf 82' lang='grc' dir='ltr'>Ἀγαγεῖν,</span> <span class='ocrx_word' id='word_1_810' title='bbox 795 5491 885 5550; x_wconf 83' lang='lat' dir='ltr'><strong>ed.</strong></span> 
     </span>
    </p>
   </div>
  </div>
