3800 5980
311 109 415 165 513

1586 119 1643 173 S.
1686 115 2016 175 GREGORII
2050 121 2347 180 NYSSENI

3465 130 3575 188 516

309 223 507 287 trices,
536 225 632 281 sed
677 228 817 299 apud
862 228 1117 286 Hebraeos
1145 246 1251 286 non
1296 240 1454 297 su'it,
1490 236 1883 291 convenienter

2031 239 2132 292 ατά
2154 240 2253 310 τὴν
2285 241 2652 314 γεγενημένην
2684 244 2743 296 ὲν
2779 243 2855 314 τῷ
2897 243 3212 315 Εὑαγγελίῳ
3240 243 3359 297 κατ’
3393 243 3579 297 αὐτῶν

308 317 560 371 videlicet
601 319 680 372 illi
724 320 777 374 in
823 320 1119 392 Evangelio
1168 324 1432 380 adversus
1460 324 1611 395 ipsos
1651 341 1883 381 accusa-

305 404 442 461 tioni
475 426 488 461 :
521 428 541 460 ‹
583 408 854 475 Quoniam
888 414 1056 482 legem
1086 415 1352 479 tulerunt,
1400 423 1459 469 ut
1484 417 1529 470 si
1558 416 1683 486 quis
1709 418 1882 473 conli-

304 506 485 552 tcatur
500 499 807 566 Christum,
827 513 979 557 extra
1003 520 1333 576 synagogam
1367 506 1527 560 ﬁat".
1558 525 1576 558 ι
1601 506 1883 573 Quascun-

303 606 411 659 que
455 591 620 661 igitur
653 592 1040 663 inscriptiones
1061 595 1160 663 ipsi
1182 594 1680 651 animadverterunt
1703 597 1881 649 conti-

304 698 436 737 nere
452 683 974 740 demonstrationem
998 685 1289 755 quamdam
1322 686 1562 756 mysterii
1587 685 1877 751 Dominici,

305 773 429 827 illas
476 775 853 845 repudiarunt.
907 777 1024 842 Qua
1073 778 1142 830 de
1188 790 1353 831 causa
1405 785 1661 830 accurate
1715 777 1878 831 etiam

305 867 491 932 verba,
527 883 645 937 quae
677 868 892 922 lectioni
923 867 1295 936 inscriptionis
1323 869 1711 924 ecclesiasticae
1744 884 1879 940 prae-

305 959 411 1011 ﬁxa
444 968 597 1027 sunt,
643 968 895 1024 monent,
948 968 1001 1014 et
1044 971 1234 1014 contra
1286 961 1409 1016 illos
1441 969 1665 1025 notant,
1699 960 1884 1030 hujus-

302 1053 449 1106 modi
500 1053 743 1122 psalmus
796 1051 938 1121 apud
993 1050 1248 1107 llebrazos
1303 1052 1757 1123 inscriptionibus
1789 1068 1881 1106 ca-

1992 328 2344 399 κατηγορίαν,
2370 352 2388 384 ι
2413 335 2533 388 Ὅτι
2556 333 2734 404 δόγμα
2759 332 2963 399 ἔθεντο,
2983 333 3050 385 Εἴ
3091 348 3175 395 τις
3219 331 3581 403 ὁμολογήσειε

1990 418 2079 471 τὸν
2117 419 2373 491 Χριστὸν,
2404 420 2828 491 ἀποσυνάγωγος
2863 423 3105 494 γένηται.
3142 442 3161 475 ι
3193 424 3365 486 Ὅσας
3396 423 3582 477 τοίνυν

1990 511 2185 564 ἐκεῖνοι
2237 511 2344 564 τῶν
2392 512 2710 584 ἐπιγραφῶν
2762 515 3115 584 κατενόησαν,
3177 514 3400 580 ἔνδειξεν
3457 532 3584 569 τινα

1989 601 2261 671 περιέχειν
2302 603 2395 656 τοῦ
2441 606 2773 677 μυστηρίου,
2822 607 3025 669 ταύτας
3081 608 3141 660 ού
3188 607 3580 677 παρεδέξαντο.

1987 690 2079 742 Διὸ
2115 692 2208 745 καὶ
2250 698 2675 767 παρεσημήνατο
2723 697 2790 751 δι’
2839 698 3121 769 ἀκριϐείας
3170 700 3255 750 ἐπ’
3298 699 3478 752 αὐτῶν
3519 700 3583 751 τὸ

1988 780 2224 835 τοιοῦτον
2262 786 2290 837 ὀ
2330 784 2487 853 λόγος
2528 790 2594 858 τῇ
2634 788 2935 856 ἀναγνώσει
2976 789 3076 859 τῆς
3114 790 3581 860 ἐκκλησιαστικῆς

1987 871 2294 943 ἐπιγραφῆς
2341 876 2650 947 προστιθεὶς
2677 879 2810 948 (52),
2839 880 2918 932 ὅτι
2953 881 3083 949 παρ’
3114 880 3388 951 Ἑϐραίοις
3428 881 3581 933 ἐστὶν

1988 965 2378 1036 ἀνεπίγραφος.
2407 968 2515 1040 Τῆς
2559 971 2733 1023 τοίνυν
2763 973 3076 1045 διαιρέσεως
3108 973 3313 1040 ταύτης
3360 976 3419 1028 ἐν
3465 976 3582 1035 τοῖς

1986 1056 2377 1128 ἀνεπιγράφοις
2401 1061 2842 1132 προεκτεθείσης,
2877 1064 3066 1135 καιρὸς
3094 1064 3159 1117 ἂν
3187 1066 3271 1137 εἴη
3297 1064 3365 1117 δι’
3397 1065 3581 1117 αὐτῶν

303 1157 442 1197 rere.
483 1142 638 1197 Hunc
668 1144 725 1195 in
764 1142 984 1196 modum
1026 1142 1277 1212 exposito
1309 1141 1650 1197 Psalmorum
1680 1142 1878 1197 discri-

2031 1147 2090 1198 ὒν
2124 1149 2301 1218 ῥητῶν
2336 1151 2517 1206 δοῦναι
2549 1153 2625 1221 τῷ
2652 1153 2794 1224 λόγῳ
2822 1155 2919 1226 τὴν
2950 1156 3274 1227 μαρτυρίαν.

303 1237 468 1302 mine,
509 1238 609 1308 qui
636 1237 991 1306 inscriptione
1017 1252 1124 1291 non
1159 1244 1558 1307 pramotantur,
1593 1245 1813 1308 tempus
1843 1241 2059 1311 exigere
2096 1243 2329 1311 videtur,
2366 1255 2423 1301 ut
2454 1247 2505 1302 id
2538 1248 2682 1319 quod
2711 1250 3032 1315 asscrimus,
3070 1250 3205 1321 ipsis
3234 1250 3576 1322 psalmorum

302 1330 485 1387 verbis
521 1329 935 1384 conlirmemus.

375 1462 517 1532 Ergo
550 1461 760 1532 primus
797 1460 1038 1515 omnium
1075 1462 1319 1532 psalmus
1356 1462 1713 1533 inscriptione
1746 1478 1883 1534 opus

304 1571 411 1611 non
446 1554 667 1619 habuit;
704 1569 827 1607 nam
858 1554 983 1622 quis
1008 1554 1077 1608 sit
1110 1556 1232 1609 linis
1279 1570 1499 1622 eorum,
1530 1572 1649 1625 qua:
1691 1556 1744 1610 in
1790 1557 1883 1612 illo

303 1650 581 1711 dicuntur,
621 1646 971 1701 manifestum
1026 1654 1110 1701 cst
1156 1647 1471 1703 lectoribus.
1501 1648 1595 1701 Est
1649 1663 1883 1718 namque

301 1743 448 1797 velut
474 1738 808 1793 introductio
831 1738 900 1793 ad
936 1738 1333 1809 pliilOSOphiam
1362 1738 1722 1808 spiritualem,
1756 1753 1884 1794 sua-

198 1828 203 1833 ’
301 1834 438 1890 dens
464 1842 523 1888 ut
556 1849 585 1888 a
620 1833 763 1887 malo
795 1832 1153 1896 recedamus,
1202 1837 1257 1885 et
1305 1831 1371 1884 ad
1408 1831 1607 1885 bonum
1657 1831 1884 1885 acceda-

302 1941 445 1990 mus,
475 1935 529 1980 et
554 1934 612 1980 ut
634 1938 735 1995 pro
759 1923 965 1979 viribus
993 1922 1060 1976 ad
1091 1921 1503 1977 similitudinem
1540 1921 1628 1976 Dei
1657 1929 1885 1977 conten-

302 2021 517 2077 damus.

330 2124 666 2223 ‘Postquam
713 2159 891 2208 autem
942 2153 997 2208 in
1048 2154 1169 2224 ipso
1222 2153 1577 2210 beatitudinis
1616 2152 1884 2224 principio

302 2247 492 2301 moniti
522 2259 736 2312 sumus,
769 2253 826 2299 ut
854 2246 923 2299 ah
951 2245 1228 2316 impietate
1269 2246 1634 2310 desistamus,
1667 2246 1796 2300 hinc
1824 2253 1885 2299 ut

205 2350 211 2359 ·
303 2336 373 2389 ab
401 2350 464 2389 ea
495 2335 808 2400 liberemur,
832 2333 1035 2404 profert
1063 2336 1221 2390 nobis
1249 2335 1581 2405 insonatque
1611 2337 1882 2391 secundus

302 2426 546 2496 psalmus
575 2426 947 2492 evangelicum
981 2426 1324 2497 mysterium,
1343 2434 1402 2481 ut
1425 2428 1649 2497 proinde
1675 2427 1884 2497 primus

304 2519 546 2593 psalmus
573 2519 1066 2589 sitquodammodo
1101 2519 1387 2590 inscriptio
1425 2521 1672 2575 secundi.
1704 2519 1879 2590 Expo-

303 2610 385 2663 nit
404 2609 547 2663 enim
574 2608 911 2661 nativitatem
938 2607 1242 2662 secundum
1266 2624 1484 2663 carnem
1507 2609 1648 2678 ejus,
1672 2610 1766 2680 qui
1796 2609 1887 2663 ho-

304 2701 393 2756 die
423 2707 640 2771 propter
671 2715 772 2754 nos
808 2707 970 2754 natus
1010 2709 1094 2754 est
1123 2700 1271 2771 (nam
1302 2700 1436 2755 illud
1469 2719 1486 2752 ι
1516 2701 1677 2756 hodie
1703 2721 1721 2753 ι
1756 2718 1884 2774 pars

304 2792 565 2863 temporis
593 2791 833 2862 εει),ηυί
871 2806 1086 2861 semper
1116 2806 1181 2845 ex
1213 2790 1404 2856 Patre,
1435 2800 1486 2847 et
1514 2793 1569 2846 in
1600 2792 1762 2849 Patre
1794 2793 1886 2849 Fi-

304 2886 414 2942 lius
451 2893 570 2951 est,
625 2893 681 2939 et
727 2882 892 2938 Deus.
946 2881 1230 2953 Simulque
1280 2884 1515 2953 explicat
1559 2900 1787 2955 regnum
1834 2894 1887 2940 et

305 2976 594 3041 imperium
634 2976 690 3028 in
723 2990 817 3030 eos
843 2975 936 3043 qui
974 2975 1076 3029 sub
1105 2974 1336 3043 imperio
1373 2985 1535 3030 antea
1567 2992 1676 3031 non
1703 2986 1886 3044 erant,

307 3068 400 3138 qui
438 3083 499 3121 ea
530 3066 598 3120 de
621 3080 785 3119 causa
805 3106 821 3132 ,
849 3066 994 3135 quod
1026 3064 1136 3120 Deo
1162 3082 1270 3119 non
1302 3066 1593 3132 servirent,
1627 3069 1884 3138 gentibus

309 3158 832 3219 annumerabantur,
884 3157 969 3210 sui
1009 3156 1153 3226 juris
1200 3168 1254 3212 et
1294 3157 1541 3228 exleges,
1576 3164 1658 3214 vel
1711 3162 1889 3229 potius

310 3250 503 3321 iniqui,
534 3265 600 3305 eo
627 3249 770 3319 quod
794 3249 1032 3303 divinam
1066 3249 1236 3317 legem
1280 3264 1389 3303 non
1429 3250 1760 3319 reciperent,
1793 3250 1890 3307 sed

303 3342 496 3415 iugum
540 3357 570 3396 a
624 3358 683 3399 se
725 3342 1025 3407 abiicerent
1059 3358 1071 3393 :
1102 3342 1293 3412 jugum
1341 3351 1520 3397 autem
1555 3351 1714 3398 vocat
1744 3357 1889 3413 pra:-

309 3445 545 3506 ceptum.

380 3569 477 3625 llis
505 3577 683 3625 autem
712 3571 764 3625 in
800 3586 1027 3643 regnum
1056 3586 1295 3643 quoque,
1323 3571 1468 3643 quod
1510 3570 1772 3627 omnibus
1797 3546 1892 3626 su-

309 3662 611 3734 pereminet
632 3702 647 3726 ,
678 3642 889 3731 ascitis,
930 3664 1065 3718 ﬁunt
1097 3665 1173 3719 illi
1210 3642 1303 3735 qui
1333 3642 1463 3720 olim
1509 3665 1629 3720 sine
1660 3662 1891 3717 Domino

308 3753 586 3820 vivebant,
613 3753 857 3810 haaredes
894 3753 985 3810 Dei
1011 3770 1105 3824 per
1139 3755 1295 3811 [idem
1329 3756 1386 3810 in
1423 3755 1575 3809 illum
1606 3754 1698 3826 qui
1729 3753 1891 3809 hodie

309 3842 529 3914 genitus
575 3853 680 3907 est,
708 3854 762 3899 et
800 3846 891 3915 qui
919 3860 1015 3899 rex
1056 3861 1222 3916 super
1253 3847 1375 3902 illos
1402 3846 1739 3901 constitutus
1765 3851 1887 3911 est,

310 3935 403 4002 qui
432 3943 486 3988 et
506 3935 610 4004 ipsi
634 3937 808 3988 renati
840 3944 892 3989 et
916 3950 1071 4006 reges
1099 3935 1224 3989 facti
1252 3944 1400 4001 sunt,
1432 3937 1488 3990 in
1511 3935 1711 4005 quibus
1737 3934 1888 4004 virga

310 4021 519 4087 ferrea,
552 4022 657 4078 hoc
684 4034 802 4090 est,
833 4023 1193 4081 immutabilis
1221 4024 1312 4078 illa
1358 4025 1621 4094 potentia,
1658 4022 1709 4076 id
1742 4021 1887 4091 quod

310 4121 574 4169 terrestre
600 4120 654 4168 et
695 4114 902 4170 luteum
936 4123 1053 4170 erat
1088 4123 1397 4180 conterens,
1429 4114 1486 4167 in
1514 4113 1884 4181 incorruptam

310 4213 563 4262 naturam
594 4220 690 4262 eos
726 4207 1027 4271 transtulit,
1057 4207 1329 4277 simulque
1354 4205 1563 4269 docuit,
1597 4205 1653 4258 in
1686 4203 1884 4258 ﬁducia
1919 4186 1963 4241 Ῑ)

310 4311 441 4368 erga
486 4296 651 4352 Deum
699 4296 1092 4354 beatitudinem
1144 4298 1308 4354 sitam
1354 4312 1497 4352 esse.
1540 4294 1681 4350 Cum
1720 4293 1886 4365 igitur

312 4389 449 4453 haec,
474 4405 637 4459 quam
669 4390 918 4460 exposui,
945 4391 1015 4446 sit
1042 4390 1239 4461 psalmi
1271 4388 1572 4452 sententia,
1612 4386 1888 4456 integrum

311 4486 398 4535 est
445 4480 709 4542 cuilibet,
740 4480 835 4550 qui
867 4482 1137 4546 voluerit,
1169 4496 1237 4536 ex
1275 4480 1412 4550 ipsis
1461 4478 1664 4533 divinis
1707 4476 1890 4532 verbis

310 4571 546 4642 probare
573 4571 882 4641 opinionem
911 4584 965 4628 et
996 4571 1432 4644 explanationem
1453 4579 1722 4632 nostram,
1756 4581 1889 4621 num

311 4676 377 4718 ea
409 4676 530 4733 quae
558 4661 797 4719 diximus
817 4703 832 4727 ,
882 4663 1142 4721 divinitus
1179 4662 1460 4733 inspiratis
1488 4662 1721 4729 vocibus
1751 4673 1890 4731 qua-

310 4755 491 4810 drent.
516 4754 729 4826 Reliqui
752 4757 944 4827 psalmi
968 4756 1419 4827 inscriptionibus
1442 4763 1712 4818 carentes,
1733 4753 1890 4824 juxta

310 4860 376 4900 ea
421 4861 543 4917 qua:
578 4862 745 4917 supra
777 4848 1136 4910 tradidimus,
1179 4847 1480 4918 Synagogze
1509 4847 1731 4918 quidem
1780 4845 1891 4902 He-

311 4939 606 5004 brzeorum,
631 4956 740 4995 non
770 4941 1028 4996 Ecclesia:
1058 4939 1154 4994 Dei
1196 4939 1335 4996 tales
1366 4945 1516 4995 sunt.
1546 4939 1602 4994 ln
1635 4939 1888 4995 omnibus

310 5030 457 5086 enim
493 5032 731 5103 reperire
755 5039 841 5087 est
869 5031 1281 5103 inscriptionem
1309 5030 1568 5104 aliquam,
1604 5047 1766 5105 quam
1791 5030 1887 5087 Ju-

384 5212 433 5247 "’
454 5212 611 5269 Joan.
643 5229 721 5279 Ix,
758 5212 851 5267 22.

387 5390 500 5459 (52)
527 5388 870 5459 Προστεθείς,
911 5388 996 5444 ed.

360 5478 373 5486 ‘
387 5461 500 5527 (55)
531 5460 805 5530 Γέννησιν,
837 5460 922 5514 ed.

387 5532 501 5602 (δι)
548 5530 636 5582 Ἐν
667 5544 775 5584 om.
808 5532 893 5585 ed.

2072 1474 2130 1526 Ὀ
2180 1475 2618 1549 προτεταγμένος
2660 1475 2766 1530 τῶν
2819 1476 2954 1530 ὅλων
2997 1476 3209 1547 ψαλμὺς
3262 1477 3577 1549 ἐπιγραφῆς

1988 1564 2085 1615 οὑκ
2121 1564 2330 1634 ἐδεήθη.
2362 1565 2596 1637 Φανερδς
2638 1566 2746 1637 γάρ
2792 1567 2905 1618 ἐστι
2953 1569 3065 1629 τοῖς
3110 1566 3575 1635 ἀναγινώσκουσιν

1988 1656 2015 1708 ὁ
2045 1654 2151 1707 τῶν
2183 1655 2486 1724 λεγομένων
2527 1657 2747 1721 σκοπὸς,
2785 1658 2867 1711 ὅτι
2914 1660 3273 1727 είσαγωγικὸς
3317 1658 3455 1730 πρὸς
3487 1678 3576 1729 φι-

1988 1742 2241 1814 λοσοφίαν
2272 1745 2439 1804 ἐστὶν,
2478 1747 2774 1818 ἀποστῆναι
2819 1748 2910 1802 τοῦ
2958 1748 3127 1802 κακοῦ
3163 1749 3573 1820 συμϐουλεύων,

1989 1834 2084 1887 καὶ
2112 1836 2167 1886 ὲν
2198 1833 2275 1905 τῷ
2305 1835 2492 1907 ἀγαθῷ
2532 1838 2805 1906 γενέσθαι,
2853 1839 2945 1894 καὶ
2990 1840 3306 1910 ὁμοιοῦσθαι
3340 1839 3418 1911 τῷ
3449 1840 3575 1910 Θεῷ

1990 1922 2131 1978 κατὰ
2160 1925 2404 1996 δύναμιν.

2073 2152 2209 2204 Ἀλλ’
2242 2152 2428 2223 ἐπειδὴ
2468 2153 2529 2205 τὸ
2581 2151 2653 2224 μὴ
2702 2153 2810 2206 δεῖν
2833 2152 3070 2217 ἀσεϐεῖν,
3101 2155 3157 2207 ὲν
3192 2157 3258 2226 τῇ
3304 2155 3444 2227 ἀρχῇ
3476 2156 3575 2210 τοῦ

1993 2245 2342 2315 μακαρισμοῦ
2391 2245 2719 2316 προετάχθη,
2757 2248 2785 2298 6
2832 2247 3100 2316 δεύτερος,
3152 2248 3301 2312 ὅπως
3352 2249 3418 2303 ἂν
3467 2250 3577 2315 ἔξω

1987 2334 2088 2405 τῆς
2137 2336 2388 2399 ἀσεϐείας
2417 2335 2714 2407 γενώμεθα,
2756 2338 3067 2391 ὑποτίθεται
3114 2338 3176 2392 τὸ
3219 2341 3577 2409 εύαγγελικδν

1990 2428 2462 2497 προαναφωνήσας
2512 2428 2828 2499 μυστήριονο
2865 2428 3006 2483 ὥστε
3055 2432 3254 2501 τρόπον
3297 2430 3420 2485 τινά
3462 2435 3577 2485 ὲπι-

1990 2518 2205 2587 γραφὴν
2234 2517 2326 2570 τοῦ
2359 2518 2609 2589 δευτέρου
2639 2518 2853 2589 ψαλμοῦ
2894 2521 2985 2575 τὸν
3026 2522 3241 2594 πρῶτον
3279 2506 3449 2576 εἶναι’
3483 2522 3571 2575 λέι

1991 2623 2076 2675 γει
2096 2608 2204 2680 γὰρ
2218 2609 2317 2679 τὴν
2331 2609 2418 2663 διὰ
2439 2609 2638 2680 σαρκὸς
2666 2611 2779 2664 ἐκεῖ
2806 2612 3017 2679 γένεσιν
3057 2614 3152 2667 τοῦ
3187 2616 3297 2685 (55)
3333 2616 3576 2686 σήμερον

1995 2700 2094 2770 μὲν
2122 2700 2472 2772 γεννηθέντος
2502 2702 2568 2754 δι’
2593 2702 2743 2772 ἡμᾶς
2787 2705 2999 2773 (χρόνου
3041 2705 3096 2757 δὲ
3139 2705 3301 2775 μέρος
3350 2706 3468 2758 ἐστὶ
3514 2705 3577 2758 τὸ

1997 2812 2016 2844 ι
2042 2794 2281 2864 σήμερον
2304 2788 2372 2866 ἱ),
2399 2795 2484 2847 ἀεὶ
2515 2794 2571 2847 δὲ
2605 2796 2670 2848 ὲκ
2702 2795 2796 2848 τοῦ
2833 2796 3043 2868 [ἰατρὸς
3073 2798 3166 2849 καὶ
3196 2799 3252 2849 ὲν
3279 2796 3359 2869 τῷ
3396 2798 3577 2868 Πατρὶ

1988 2883 2140 2945 ὄντος
2188 2883 2319 2936 Υἱοῦ
2368 2884 2461 2937 καὶ
2518 2883 2673 2938 Θεοῦ.
2730 2886 2842 2955 Τήν
2891 2902 2949 2938 τε
3002 2885 3276 2955 βασιλείαν
3327 2891 3419 2944 ἐπὶ
3465 2893 3576 2946 τῶν

1989 2973 2377 3041 ἀϐασιλεύτων,
2422 2976 2471 3028 οῖ
2523 2975 2611 3029 διὰ
2662 2975 2722 3028 τὸ
2751 2975 2824 3046 μὴ
2872 2976 3141 3029 δουλεύειν
3175 2978 3313 3048 Θεῷ,
3366 2982 3426 3033 ἐν
3460 2982 3576 3052 (54)

1991 3063 2196 3117 ἔθνεσιν
2233 3060 2369 3135 ἦσαν
2397 3065 2800 3136 κατειλεγμένοι
2824 3082 2837 3097 ο
2886 3066 3172 3140 αὐτόνομοί
3217 3085 3361 3131 τινες
3397 3070 3572 3134 ὄντες,

1994 3154 2193 3224 μᾶλλον
2226 3155 2282 3208 δὲ
2331 3156 2539 3226 ἄνομοι,
2587 3155 2665 3227 τῷ
2712 3155 2802 3209 τὸν
2851 3155 2991 3208 θεῖον
3048 3155 3121 3225 μὴ
3166 3159 3573 3229 παραδέξασθαι

1991 3248 2173 3319 νόμον,
2204 3247 2317 3302 ἀλλ’
2351 3248 2648 3319 ἀπορῥίψαι
2681 3249 2773 3320 ἀφ’
2807 3251 3017 3305 ἑαυτῶν
3049 3252 3140 3306 τὸν
3179 3253 3361 3321 ζυγόνι
3408 3252 3574 3323 ζυγὸν

1990 3340 2048 3394 δὲ
2076 3340 2223 3409 λέγει
2250 3340 2349 3411 τὴν
2371 3340 2612 3412 ἐντολήν.

2062 3568 2174 3639 Τῆς
2192 3569 2248 3622 δὲ
2273 3567 2366 3623 τοῦ
2391 3568 2589 3633 παντὸς
2605 3571 3006 3642 ὑπερκειμένης
3036 3570 3333 3642 βασιλείας,
3352 3575 3447 3627 καὶ
3478 3575 3573 3630 ἐπὶ

1990 3661 2200 3724 τούτοις
2239 3660 2517 3730 ἐλθούσης,
2546 3662 2593 3714 οἱ
2633 3662 2761 3715 ποτὲ
2788 3662 3091 3727 ἀδέσποτοι,
3135 3664 3272 3717 Θεοῦ
3311 3666 3575 3739 κληρονο-

1995 3751 2092 3823 μία
2122 3751 2233 3823 (55)
2254 3750 2490 3819 γίνονται
2520 3750 2607 3803 διὰ
2636 3754 2732 3821 τῆς
2760 3752 2840 3815 είς
2865 3751 2954 3805 τὸν
2983 3754 3220 3824 σήμερον
3242 3755 3573 3827 γεννηθέντα

1991 3843 2257 3905 πίστεως·
2288 3840 2484 3894 ’τοῦτον
2527 3841 2688 3909 λέγω,
2726 3840 2816 3893 τὸν
2863 3843 3208 3897 καταστάντα
3237 3843 3459 3914 βασιλέα
3484 3849 3571 3903 ἐπ’

1993 3932 2170 3985 αὐτῶν
2189 3948 2203 3962 ο
2234 3934 2327 3986 καὶ
2356 3932 2510 3986 αὐτοὶ
2538 3930 2889 4001 γεννηθέντες
2934 3934 3028 3986 καὶ
3074 3933 3311 4004 βασιλεῖς
3342 3939 3572 4009 γενόμε-

1993 4040 2094 4079 νοι.
2131 4024 2245 4092 Ἐφ’
2272 4015 2346 4076 ὧν
2369 4024 2401 4093 ἡ
2428 4023 2620 4094 σιδηρᾶ
2662 4023 2874 4093 ῥάϐδος,
2908 4026 3199 4089 τουτέστιν,
3237 4030 3270 4098 ἡ
3304 4030 3572 4100 ἄτρεπτος

1992 4115 2219 4186 δύναμις
2244 4114 2399 4186 περιθ
2409 4115 2620 4184 ρύψασα
2639 4115 2700 4169 τὸ
2728 4117 2913 4186 γήῖνόν
2930 4134 2989 4169 τε
3009 4118 3101 4169 καὶ
3125 4119 3461 4190 ὀστράκινον,
3491 4125 3571 4186 εἰς

1989 4206 2087 4278 τὴν
2102 4197 2373 4278 ἀκήρατον
2397 4206 2556 4276 φύσιν
2584 4208 3048 4277 μετεστοιχείωσε,
3064 4207 3276 4275 διδάξας
3302 4211 3382 4263 ὅτι
3410 4216 3569 4282 μόνον

1991 4299 2107 4351 ἐστὶ
2158 4298 2427 4368 μακάριον
2474 4296 2536 4349 τὸ
2576 4297 2662 4348 ἐπ’
2709 4297 2855 4368 αὐτῷ
2901 4296 3011 4366 ('56)
3059 4299 3394 4355 πεποιθέναι.
3430 4302 3571 4354 Ταύ-

1990 4406 2089 4458 της
2114 4389 2172 4442 δὲ
2200 4388 2365 4460 οὔσης
2391 4388 2485 4442 τοῦ
2510 4388 2726 4457 ψαλμοῦ
2768 4387 2866 4458 τῆς
2903 4388 3158 4454 διανοίας,
3190 4391 3255 4460 ἢν
3282 4390 3569 4461 ἐξεθέμην,

1992 4480 2167 4547 ἔξεστι
2200 4480 2277 4552 τῷ
2315 4479 2622 4551 βουλομένῳ
2663 4480 2733 4533 δι’
2769 4480 2945 4533 αὐτῶν
2984 4478 3090 4534 τῶν
3121 4481 3279 4534 θείων
3311 4482 3572 4553 ῥημάτων

1992 4572 2282 4644 δοκιμάσαι
2318 4573 2417 4644 τὴν
2455 4573 2727 4644 ἡμετέραν
2761 4566 3045 4642 ὑπόληψιν,
3078 4573 3235 4646 εἴπερ
3273 4575 3572 4645 ἐφαρμόζει

1993 4664 2064 4718 τὰ
2101 4664 2229 4735 παρ’
2257 4664 2413 4734 ἡμῶν
2445 4665 2709 4735 εἰρημένα
2742 4668 2808 4737 τῇ
2841 4665 3183 4736 θεοπνεύστῳ
3218 4668 3406 4738 Γραφῇ
3436 4668 3567 4736 (37).

1996 4758 2058 4810 Ol
2109 4756 2166 4810 δὲ
2215 4756 2389 4810 λοιποὶ
2422 4755 2532 4808 τῶν
2571 4758 2956 4829 άνεπιγράφων
2995 4758 3136 4811 κατὰ
3175 4758 3265 4811 τὺν
3316 4776 3574 4828 προαπο-

1993 4846 2212 4902 δοθέντα
2256 4847 2412 4917 λόγον
2455 4849 2588 4918 ἡμῖν
2607 4890 2622 4912 ,
2667 4851 2733 4920 τῇ
2794 4851 3081 4919 συναγωγῇ
3134 4849 3242 4902 τῶν
3283 4849 3568 4921 Ἐϐραίων,

1992 4938 2055 4991 οὐ
2102 4940 2168 5010 τῇ
2223 4937 2319 4992 τοῦ
2365 4938 2498 4992 Θεοῦ
2558 4939 2891 5010 Ἐκκλησία,
2951 4936 3181 4992 τοιοῦτοί
3241 4941 3399 4992 εἰσιν.
3449 4940 3575 4994 Ἐπὶ

1993 5030 2211 5085 πάντων
2266 5030 2374 5102 γὰρ
2411 5029 2558 5084 ἔστιν
2594 5031 2772 5103 εὑρεῖν
2811 5048 2929 5083 τινα
2974 5031 3192 5095 πάντως
3237 5032 3568 5104 ἐπιγραφὴν,

2073 5382 2184 5451 (35)
2211 5383 2570 5453 κληρονόμοι,
2594 5384 2680 5442 cd.

2071 5454 2179 5520 (36)
2213 5454 2399 5513 Αὐτόν,
2425 5455 2509 5508 ed.

2070 5523 2180 5594 (ετ)
2210 5524 2383 5594 Φωνῇ,
2412 5524 2499 5576 ed.
