3800 5980
257 41 362 97 lii?
1667 35 1737 92 ΙΝ
1775 32 2114 92 PSALMOS.
3401 31 3506 89 5l8

255 160 321 233 ἢν
350 163 380 215 6
416 159 663 233 Ἑὸραίος
705 159 766 212 οὐ
810 160 1022 232 δέχεται
1056 157 1147 214 διὰ
1181 159 1271 214 τὸν
1305 160 1404 230 τῆς
1434 158 1713 222 εὐσεϐείας
1740 158 1813 212 λό-

1944 156 2085 212 daeus
2120 169 2229 210 non
2256 153 2450 224 recipit
2474 154 2545 210 ob
2575 154 2791 225 pietatis
2839 171 2959 227 quae
2995 155 3050 210 in
3081 168 3145 211 ea
3176 153 3309 210 latet
3338 155 3509 212 ratio-

253 267 371 319 γον,
402 250 497 303 καί⁵
541 250 619 321 ἥν,
650 248 755 302 ὑπὸ
776 250 1053 313 “άπιστίας
1096 250 1157 302 οὐ
1204 249 1584 320 παρεδέξαντο.
1620 249 1742 303 Eia).
1776 249 1813 302 δὲ

1944 261 2092 309 nem,
2136 260 2301 314 quam
2352 251 2574 314 propter
2619 244 3143 315 iuﬁdelitatemjpsi
3194 244 3505 314 repudiant.

254 342 303 395 οί
348 341 579 395 τοιοῦτοι
621 341 846 411 ψαλμοὶ,
887 341 963 405 ὡς
985 342 1047 394 ἐν
1073 341 1352 412 κεφαλαίῳ
1380 342 1476 412 μὲν
1513 342 1707 404 εἰπεῖν,
1743 340 1832 394 τὸν

253 432 487 506 ἀριθμὸν
514 432 608 486 δύο
637 432 731 486 καὶ
758 433 922 497 δέκα,
960 431 1035 495 ὡς
1061 432 1107 486 δ’
1138 432 1251 501 (58)
1283 431 1348 485 ἂν
1379 433 1472 486 καὶ
1508 431 1830 502 ἀκριϐέστε-

254 537 347 595 ρον
369 522 440 575 τὰ
473 521 603 592 περὶ
632 520 810 575 αὐτῶν
836 521 1107 592 ἐκτεθείη,
1157 522 1250 575 καὶ
1277 521 1374 593 τὴν
1406 522 1558 589 τάξιν
1583 524 1681 594 τῆς
1706 524 1832 577 6x0-

249 613 472 676 λουθίας
521 613 608 683 ἐφ’
652 614 868 682 ἑκάστῳ
921 613 1308 682 γνωρίσωμεν·
1362 615 1391 666 6
1447 612 1696 683 δεύτερος
1741 614 1833 666 καὶ

249 704 594 775 τριακοστὸς,
614 702 708 756 καὶ
724 703 1152 773 τεσσαρακοστδς
1178 704 1271 757 καὶ
1297 702 1565 773 δεύτερος.
1590 705 1698 756 Καὶ
1721 705 1832 772 (59)

249 796 346 849 ἐπὶ
366 796 577 859 τούτοις
602 798 630 849 6
653 795 1069 866 ἑϐδομηκοστὸς,
1093 791 1212 848 εἶτα
1246 795 1273 846 ὁ
1298 795 1477 866 τρίτος
1504 798 1620 866 μετ’
1650 796 1830 861 αὑτὸν,

250 887 350 940 καὶ
384 888 524 958 μετὰ
547 886 768 949 τούτους
798 886 827 937 6
870 887 1267 955 ἐννενηκοστύς.
1307 882 1440 940 Εἶτα
1469 886 1579 957 (40)
1603 888 1630 939 6
1657 886 1837 940 δεύτε-

253 996 370 1050 ρος,
404 978 499 1031 κα)⁸
542 975 774 1048 καθεξῆς
812 978 916 1042 ἕως
953 978 1046 1031 106
1094 978 1273 1040 ἕκτου,
1321 978 1415 1031 καὶ
1460 978 1620 1032 πάλιν
1660 981 1688 1031 6
1722 979 1834 1048 (41)

248 1070 438 1139 ὃγδοος
482 1071 578 1124 καὶ
622 1070 927 1138 τελευταῖος
960 1073 1017 1124 ἐν
1060 1073 1170 1132 τοῖς
1213 1071 1601 1141 ἀνεπιγράφοις
1644 1071 1837 1155 (42),,ὁ

252 1163 547 1226 ἑκατοστάς
574 1179 634 1216 τε
662 1167 755 1217 καὶ
789 1163 989 1235 τρίτος.
1032 1163 1095 1215 Ἦ
1126 1163 1222 1233 μὲν
1261 1159 1354 1217 οὖν
1383 1163 1534 1230 τάξις
1568 1163 1674 1217 τῶν
1707 1164 1836 1232 παρ’

168 1256 169 1259 “
262 1252 542 1325 Ἑϐραίοις
574 1253 963 1324 ἀνεπιγράφων
991 1253 1222 1324 ψαλμῶν
1245 1254 1403 1325 αὕτη.
1433 1254 1542 1325 Τὴν
1575 1255 1630 1308 δὲ
1658 1256 1838 1308 αἰτίαν

250 1343 350 1398 τοῦ
405 1343 480 1415 μὴ
530 1345 930 1416 παραδεχθῆναι
977 1346 1107 1417 παρ’
1155 1346 1333 1399 αὐτῶν
1385 1346 1482 1410 τὰς
1527 1348 1839 1418 ἐπιγραφὰς

250 1433 476 1498 ταύτας,
508 1436 608 1488 ούκ
653 1434 818 1506 ἄλλην
859 1431 1012 1506 οἶμαί
1057 1454 1178 1492 τινα
1228 1436 1379 1508 παρὰ
1413 1439 1511 1508 τὴν
1545 1441 1838 1510 εἰρημένην

251 1524 417 1582 εἶναι.
477 1526 687 1580 Μᾶλλον
731 1527 776 1580 δ’
817 1526 884 1580 ἂν
926 1528 1055 1597 ἡμῖν
1097 1529 1125 1580 ὁ
1166 1529 1292 1599 περὶ
1328 1529 1530 1583 τούτων
1573 1529 1727 1598 λόγος
1762 1534 1840 1595 είς

252 1618 527 1683 ἀπόδειξιν
555 1615 715 1689 ἦλθεν
751 1618 885 1686 (45),
925 1620 973 1671 εί
1009 1617 1076 1671 δι’
1104 1618 1297 1686 ὀλίγων
1338 1620 1488 1684 τινὰς
1515 1619 1622 1674 τῶν
1660 1624 1842 1677 ἀνεπιο

250 1712 485 1782 γράφων
516 1711 745 1782 ψαλμῶν
788 1710 847 1775 ἐξ
888 1710 1186 1783 ἐπιδρομῆς
1226 1710 1569 1785 θεωρήσομεν
1602 1713 1736 1785 (44),
1765 1714 1839 1779 ὡς

249 1804 322 1857 ἂν
366 1806 399 1875 ἡ
449 1803 751 1875 κατηγορία
795 1802 893 1874 τῆς
920 1802 1027 1858 τῶν
1060 1804 1324 1858 Ἰουδαίων
1355 1807 1744 1879 ἀγνωμοσύνης
1771 1807 1837 1862 δι’

250 1895 432 1965 αὒτῆς
463 1898 558 1966 τῆς
595 1896 704 1966 (45)
727 1894 835 1948 τῶν
857 1894 1036 1967 ῥητῶν
1070 1895 1298 1966 θεωρίας
1327 1895 1387 1950 16
1417 1898 1604 1952 πιστὸν
1636 1898 1766 1969 ἔχοι.

340 2073 562 2146 Ἐπειδὴ
599 2074 674 2146 τῷ
707 2075 764 2141 ἐξ
799 2075 1042 2145 οὐρανῶν
1090 2075 1181 2128 ἐπὶ
1212 2074 1307 2146 τὴν
1358 2076 1461 2146 γῆν
1500 2076 1706 2132 ἐλθόντι
1755 2096 1843 2132 κε-

248 2166 452 2221 λεύειδ
476 2165 687 2236 ψαλμὸς
720 2165 1137 2234 ἐπαγάλλεσθαι,
1171 2165 1361 2234 λέγων,
1401 2186 1419 2217 ι
1464 2167 1837 2235 Ἀγαλλιᾶσθε,

255 2254 460 2307 δίκαιοι
492 2254 549 2306 ἐν
580 2252 790 2324 Κυρίῳ,
838 2272 857 2304 ι
896 2252 970 2317 ὡς
992 2252 1084 2306 106
1116 2254 1315 2317 παντὸς
1335 2255 1640 2308 ἐπιστατῶν
1680 2256 1836 2328 (45⁸),

257 2347 361 2399 καὶ
390 2342 450 2409 ἐξ
482 2344 580 2398 οὐκ
605 2343 755 2407 ὄντος
782 2345 845 2398 16
867 2346 972 2398 πᾶν
998 2346 1078 2408 είς
1103 2345 1163 2398 τὸ
1192 2339 1327 2398 εἶναι
1358 2346 1716 2419 παραγαγὼν,
1745 2348 1840 2402 καὶ

261 2436 553 2506 συντηρῶν
581 2434 690 2506 (46)
735 2437 793 2488 ἐν
836 2435 914 2505 τῷ
962 2431 1100 2488 εἶναι
1144 2435 1209 2488 τά
1254 2437 1460 2490 πάνταο
1501 2435 1560 2491 06
1590 2439 1650 2491 τὸ
1676 2439 1842 2509 πρόσ-

256 2545 454 2596 ταγμα
499 2527 656 2580 οὐσία
698 2526 925 2595 γίνεται.
964 2526 1109 2596 Αὕτη
1145 2527 1253 2597 γὰρ
1303 2528 1408 2582 τῶν
1461 2529 1617 2585 θείων
1663 2530 1841 2602 ῥημά-

253 2637 372 2673 των
403 2622 438 2690 ἡ
471 2618 667 2683 ἔννοια,
690 2620 772 2672 ὃτι
812 2636 831 2669 ι
867 2618 1039 2682 Αὐτὸς
1065 2615 1185 2672 εἶπε
1209 2619 1301 2672 καὶ
1324 2621 1839 2693 ὲγεννήθησανῌἹ),

254 2709 429 2773 αὐτὸς
455 2709 758 2763 ἐνετείλατο
794 2708 889 2762 καὶ
917 2708 1264 2780 ἐκτίσθησαν.
1312 2730 1330 2764 ι
1374 2706 1537 2774 Οὗτος
1574 2712 1840 2783 μακάριον

1932 335 2258 405 Hujusmodi
2303 334 2497 405 psalmi
2543 335 2601 389 in
2652 336 2967 391 universum
3020 344 3150 391 sunt
3195 336 3505 403 duodecim,

1937 429 2028 486 (ιιι
2062 428 2373 482 summatim
2400 442 2689 482 numerum
2719 426 2922 492 dicam,
2955 442 3065 497 quo
3089 436 3145 482 et
3168 429 3506 491 accuratius,

1937 535 2058 589 quae
2103 519 2167 574 ad
2213 520 2459 589 singulos
2495 520 2790 589 pertinent,
2835 518 3196 588 explicentur,
3239 519 3511 588 simulque

1936 611 2238 679 cujuslibet
2278 612 2415 665 ordo
2458 620 2513 666 et
2546 611 2838 681 dispositio
2870 610 3214 680 innotescat)
3243 651 3257 677 ,
3290 626 3506 679 nempe,

1937 701 2249 756 tricesimus
2278 701 2589 764 secundus,
2620 709 2672 756 et
2702 701 3162 771 quadragesimus
3206 700 3504 755 secundus.

1936 791 2067 847 Post
2097 795 2199 848 hos
2228 794 2665 864 septuagesimus
2688 834 2703 858 ,
2751 800 2807 847 et
2840 794 3033 848 tertius
3062 795 3131 848 ab
3159 794 3286 849 isto.
3312 793 3508 849 Postea

1936 886 2326 955 neuagesimus
2351 926 2365 952 ,
2421 883 2618 939 deinde
2653 883 2929 939 secundus
2972 884 3041 939 ab
3081 884 3182 938 hoc
3223 900 3398 952 usque
3441 886 3507 938 ad

1937 982 2172 1031 sextum.
2219 974 2432 1030 Rursus
2468 984 2694 1029 octavus
2715 1014 2729 1039 ,
2756 983 2811 1028 et
2838 974 3061 1029 ultimus
3092 975 3234 1029 inter
3259 976 3383 1030 illos
3415 978 3508 1046 qui

1937 1065 2294 1135 inscriptione
2326 1073 2538 1131 carent,
2575 1065 2907 1123 centesimus
2936 1065 3154 1120 tertius.
3191 1064 3317 1121 Haec
3344 1067 3511 1137 igitur

1937 1164 2022 1213 est
2048 1156 2221 1211 series
2245 1156 2602 1224 psalmorum,
2639 1156 2731 1226 qui
2763 1154 2907 1225 apud
2943 1154 3201 1209 Hebraeos
3228 1156 3395 1211 nullis
3425 1158 3513 1210 iu-

1939 1248 2337 1318 scriptionibus
2368 1247 2763 1316 insigniuntur.
2810 1246 3046 1300 Causam
3081 1262 3182 1300 cur
3215 1263 3323 1302 non
3364 1251 3510 1304 reci-

1939 1342 2092 1411 piant
2127 1341 2262 1397 istas
2294 1340 2686 1409 inscriptiones
2737 1339 2897 1392 aliam
2930 1354 3041 1393 non
3085 1340 3324 1395 arbitror
3353 1357 3506 1406 esse,

1940 1448 2100 1502 quam
2126 1448 2247 1486 eam
2276 1446 2398 1501 quae
2423 1445 2589 1500 supra
2608 1444 2636 1483 a
2668 1444 2754 1483 me
2782 1429 3017 1483 adducta
3047 1437 3151 1485 est.
3176 1429 3283 1485 Sed
3311 1432 3513 1485 clarior

1941 1532 1995 1581 et
2024 1525 2316 1579 dilucidior
2346 1524 2511 1593 hujus
2545 1523 2624 1577 rei
2660 1521 3059 1578 demonstratio
3089 1522 3215 1588 erit,
3246 1523 3291 1577 si
3321 1525 3513 1593 paucis

1942 1616 2205 1687 quosdam
2238 1616 2481 1686 psalmos
2532 1614 2914 1685 inscriptionis
2947 1622 3227 1685 expertes,
3267 1615 3424 1684 quasi
3457 1617 3509 1669 in

1944 1716 2267 1763 transcursu
2297 1706 2690 1777 inspiciamus,
2726 1716 2784 1761 ut
2820 1707 3173 1775 reprehensio
3200 1714 3254 1761 ct
3286 1721 3514 1761 accusa-

1944 1801 2041 1865 tio,
2064 1815 2227 1871 quam
2267 1800 2321 1853 in
2370 1798 2608 1869 perﬁdos
2638 1806 2692 1853 et
2734 1798 3057 1868 insipientes
3092 1797 3312 1853 Judaeos
3349 1797 3513 1852 insli-

1941 1894 2168 1959 tuimus,
2204 1907 2269 1947 ex
2303 1890 2419 1961 ipsa
2447 1890 2735 1945 verborum
2758 1899 2812 1945 et
2842 1891 3234 1945 sententiarum
3261 1890 3514 1947 conside-

1942 1982 2157 2036 ratione
2177 1982 2559 2048 confirmetur,
2592 1978 2863 2048 ﬁdemque
2887 1978 2995 2036 sibi
3026 1980 3308 2035 conciliet.

2016 2072 2263 2128 Venienti
2292 2073 2459 2143 igitur
2491 2087 2557 2127 ex
2596 2071 2735 2128 coelo
2766 2070 2820 2127 in
2855 2079 3056 2125 terram
3077 2071 3236 2141 jubet
3264 2073 3511 2142 psalmus

1940 2165 2372 2235 applauderehis
2390 2165 2571 2220 verbis
2589 2170 2643 2231 :jc
2669 2164 3112 2236 Exsultate,.justi
3130 2164 3182 2219 in
3207 2164 3457 2229 Domino,
3489 2186 3507 2218 ι
3582 2206 3585 2213 .

1940 2263 1995 2310 et
2028 2257 2356 2327 applaudite,
2384 2265 2640 2326 tanquam
2672 2257 3045 2312 universitatis
3073 2257 3236 2325 hujus
3268 2258 3513 2313 modera-

1942 2348 2067 2411 tori,
2099 2348 2190 2417 qui
2221 2363 2283 2402 cx
2316 2347 2485 2401 nihilo
2510 2362 2673 2402 omne
2688 2347 2834 2417 quod
2850 2354 2956 2412 est,
2985 2348 3049 2402 ad
3075 2364 3197 2403 esse
3219 2348 3429 2412 eduxit,
3459 2360 3511 2403 et

1942 2438 2124 2493 omnia
2154 2439 2206 2491 in
2244 2453 2345 2493 suo
2365 2453 2489 2493 esse
2517 2447 2837 2503 conservat,
2867 2438 3028 2508 cujus
3074 2449 3402 2510 praeceptum
3432 2448 3515 2495 cst

1942 2544 2125 2583 rerum
2146 2529 2474 2585 substantia.
2509 2527 2634 2583 Haec
2649 2530 2792 2585 enim
2820 2531 2973 2585 notio
2990 2532 3282 2600 subjicitur
3314 2531 3515 2587 divinis

1943 2619 2052 2674 illis
2065 2619 2247 2674 verbis
2265 2637 2277 2673 :
2300 2637 2317 2670 ι
2343 2617 2463 2688 ipse
2477 2618 2615 2673 dixit
2630 2627 2682 2673 et
2709 2620 2847 2672 facta
2869 2628 3018 2683 sunt,
3034 2621 3148 2689 ipse
3166 2619 3443 2674 mandavit
3463 2628 3516 2675 et

1944 2717 2129 2766 creata
2150 2717 2301 2765 sunt.
2336 2728 2355 2762 ι
2380 2709 2479 2764 llic
2508 2710 2723 2764 beatam
2746 2710 2875 2765 facit
2892 2718 3127 2781 gentem,
3153 2727 3273 2782 quae
3298 2714 3517 2768 nomine

255 2803 415 2855 ποιεῖ
442 2800 502 2853 τὸ
545 2800 696 2862 ἔθνος
733 2799 793 2852 16
820 2800 912 2851 ἐπὶ
940 2798 1019 2870 τῷ
1047 2799 1266 2871 ὀνόματι
1306 2800 1468 2856 αὑτοῦ
1515 2803 1809 2873 στηριζόμε

1944 2803 2116 2874 ipsius
2149 2803 2359 2867 nititur,
2405 2818 2507 2858 nos
2540 2818 2637 2874 per
2673 2812 2888 2874 gentem
2932 2804 3268 2875 intelligens,
3312 2805 3514 2875 quibus

255 2911 377 2955 νον,
416 2894 450 2963 ἡ
461 2894 565 2963 μᾶς
600 2891 773 2959 λέγων
797 2890 858 2944 τὸ
900 2893 1069 2957 ἔθνος,
1101 2888 1181 2956 οἷς
1208 2896 1240 2965 ἡ
1274 2894 1427 2956 ἐλπὶς
1448 2894 1548 2965 τῆς
1575 2896 1847 2966 σωτηρίας

254 2986 327 3039 16
348 2985 522 3054 ὄνομα
545 2982 637 3037 106
667 2983 902 3054 Χριστοῦ
929 2985 1097 3048 ἐστιν,
1181 2985 1655 3056 συνονομαςόμεθα
1675 2988 1723 3039 oi
1748 3003 1846 3039 πε-

259 3076 641 3138 πιστευκότες.
683 3094 701 3128 ι
742 3076 861 3129 Ὅτι
893 3075 950 3140 ἐξ
982 3076 1209 3145 οὐρανοῦ
1245 3076 1541 3145 ἐπέϐλεψεν
1565 3079 1592 3129 6
1622 3077 1845 3148 Κύριος,

1949 2911 2072 2965 spes
2102 2896 2294 2951 salutis
2334 2896 2389 2950 in
2425 2899 2648 2950 nomine
2681 2895 2885 2950 Christi
2915 2896 3091 2965 posita
3112 2939 3127 2963 ,
3160 2896 3362 2966 quique
3391 2912 3515 2951 cum

1946 2988 2302 3051 credidimus,
2325 3002 2353 3040 a
2377 2986 2597 3042 Christo
2616 3002 2812 3041 nomen
2834 2987 3168 3056 accepimus.
3198 3006 3217 3039 ι
3251 2986 3517 3054 Quoniam

1947 3080 2014 3136 de
2053 3080 2193 3134 caelo
2236 3081 2476 3149 respexit
2514 3080 2778 3134 Dominus
2802 3118 2814 3142 ,
2849 3087 2909 3134 ut
2938 3079 3120 3134 videat
3159 3094 3349 3134 omnes
3382 3078 3520 3133 ﬁlios

257 3168 359 3223 106
399 3169 530 3221 ἰδεῖν
562 3168 769 3231 πάντας
809 3168 952 3231 υἱοὺς
985 3166 1092 3218 τῶν
1118 3166 1439 3237 ἀνθρώπων,
1477 3168 1541 3221 ἐκ
1585 3168 1680 3221 τοῦ
1712 3169 1813 3222 ἐτοί

1946 3172 2230 3226 hominum
2255 3213 2269 3237 ,
2297 3173 2360 3226 de
2397 3178 2703 3240 praeparato
2729 3168 3039 3224 habitaeulo
3053 3165 3231 3223 suo".
3260 3187 3277 3219 ›
3305 3169 3522 3240 Praepa-

262 3278 370 3331 μου
415 3260 835 3329 κατοικητηρίου
881 3257 1047 3311 αὐτοῦ
1075 3258 1210 3329 (48).
1250 3276 1269 3310 ι
1308 3260 1744 3330 Κατοικητήριον
1789 3259 1846 3313 δὲ

259 3350 435 3404 αὐτοῦ
473 3349 692 3419 ἕτοιμον
728 3349 789 3402 16
821 3347 907 3401 ἀεὶ
948 3346 1029 3411 ὃν,
1076 3348 1169 3402 τὸν
1203 3350 1420 3420 Πατέρα
1456 3350 1758 3420 ὠνόμασεν,
1786 3344 1847 3404 οὗ

258 3445 327 3496 τὸ
353 3439 497 3496 εἷναι
528 3440 613 3493 ἀεί
644 3441 811 3502 ἐστιν,
845 3440 944 3493 οὐκ
967 3438 1028 3491 ἔκ
1051 3456 1194 3502 τινος
1224 3441 1533 3510 γενόμενον,
1560 3442 1693 3496 ἀλλὰ
1722 3443 1848 3496 πάν-

259 3551 391 3588 τοτε
441 3533 692 3603 ἕτοιμον·
746 3533 840 3585 καὶ
893 3532 955 3583 οὐ
1014 3531 1352 3600 ξενιζόμεθα,
1408 3532 1489 3584 ὄτι
1533 3532 1591 3598 ἐξ
1639 3534 1877 3586 ἐκείνου,

260 3626 363 3679 τοῦ
394 3625 510 3694 (49)
534 3623 952 3693 κατοικητηρίου
981 3626 1091 3686 τοῖς
1119 3623 1227 3676 τῶν
1259 3622 1559 3694 ἀνθρώπων
1592 3626 1726 3687 υἱοῖς
1751 3642 1847 3679 κα-

262 3716 629 3787 ταμίγνυται,
662 3714 789 3777 Υἱὸς
839 3714 1123 3785 ἀνθρώπου
1174 3714 1488 3783 γενόμενος,
1521 3714 1606 3768 διὰ
1653 3715 1713 3767 τὸ
1744 3732 1845 3769 πε-

263 3807 515 3867 πεῖσθαι.
544 3807 625 3859 ὅτι
658 3805 821 3868 αὑτός
851 3806 997 3858 ἐστιν
1025 3822 1044 3855 ι
1068 3805 1126 3858 '0
1162 3804 1372 3868 πλάσας
1406 3805 1717 3876 καταμόνας
1748 3805 1846 3871 τὰς

262 3898 500 3970 καρδίας
536 3896 695 3969 ἡμῶν
725 3897 858 3967 (50).
898 3916 917 3949 ι
958 3895 1020 3950 El
1046 3897 1152 3967 γὰρ
1190 3896 1398 3949 ἐκείνου
1444 3897 1722 3968 πλάσμαή
1749 3898 1844 3951 ἀν-

263 3989 521 4062 θρωπίνη
554 3987 734 4057 φύσις,
769 3990 822 4041 τί
860 3987 1046 4042 καινὸν
1081 3987 1145 4040 ἐκ
1176 3987 1270 4040 τοῦ
1310 3988 1606 4058 μυστηρίου
1641 3987 1846 4058 μανθά-

261 4095 472 4149 νομεν;
503 4077 627 4131 Ὅτι
644 4075 959 4145 ὁΔεσπὸτης
976 4073 1077 4141 τῆς
1102 4074 1315 4144 φύσεως
1336 4077 1416 4138 είς
1442 4076 1511 4130 τὰ
1531 4075 1636 4129 ἴδια
1658 4073 1840 4147 ἧλθεν⁰

1946 3271 2125 3318 ratum
2156 3264 2277 3332 ejus
2318 3263 2722 3327 habitaculum,
2755 3262 3013 3331 quodque
3040 3272 3256 3330 semper
3281 3267 3396 3328 est,
3426 3260 3523 3314 Pa-

1947 3362 2085 3409 trem
2116 3355 2406 3423 appellarit
2425 3393 2440 3417 ,
2474 3355 2635 3422 cujus
2664 3368 2787 3407 esse
2809 3367 3023 3422 semper
3051 3360 3165 3418 est;
3193 3351 3396 3422 quippe
3425 3350 3519 3421 qui

1947 3462 2014 3501 ex
2055 3447 2204 3499 nullo
2245 3446 2314 3499 sit
2351 3446 2608 3515 genitus,
2647 3443 2742 3498 sed
2784 3458 3001 3511 semper
3033 3453 3401 3510 praeparatum
3436 3448 3521 3498 est

1948 3538 2051 3592 hoc
2075 3537 2468 3603 habitaculum;
2503 3550 2681 3605 neque
2715 3534 3118 3598 aberrabimus,
3153 3534 3198 3587 si
3233 3534 3522 3590 credamus

1946 3643 2070 3683 eum
2116 3643 2179 3682 ex
2227 3626 2323 3681 illo
2359 3635 2665 3697 praeparato
2704 3625 3022 3679 babitaculo
3065 3624 3522 3690 descendentem,

1949 3719 2075 3773 ﬁliis
2121 3717 2402 3773 hominum
2436 3724 2786 3788 aggregatum
2827 3730 2979 3777 esse,
3035 3715 3238 3768 factum
3284 3713 3523 3769 hominis

1946 3809 2164 3875 Filium,
2199 3825 2264 3865 eo
2297 3808 2440 3878 quod
2476 3808 2634 3863 nobis
2664 3814 2816 3863 certo
2845 3820 3165 3877 persuasum
3192 3806 3265 3861 sit
3286 3845 3299 3865 ,
3344 3805 3523 3874 ipsum

1945 3915 2068 3956 esse
2087 3902 2177 3971 qui
2200 3918 2218 3951 ι
2253 3898 2410 3953 ﬁnxit
2437 3897 2713 3968 sigillatim
2742 3897 2907 3952 corda
2936 3897 3200 3966 ipsorum.
3244 3914 3262 3948 ι
3298 3894 3355 3949 Si
3379 3895 3522 3950 enim

1944 3992 2120 4063 ipsius
2155 3992 2471 4061 ﬁgmentum
2504 3996 2590 4045 est
2629 3989 2867 4043 humana
2893 3999 3110 4054 natura,
3149 3987 3345 4043 merito
3373 4001 3527 4057 qum-

1943 4094 2031 4139 rat
2058 4084 2200 4153 quis.
2247 4081 2388 4149 Quid
2419 4081 2548 4137 novi
2580 4081 2687 4135 hoc
2730 4080 2993 4151 mysterio
3027 4078 3349 4134 discamus?
3387 4078 3525 4133 Illud

261 4168 388 4222 ἀλλ’
427 4168 478 4220 oi
519 4166 760 4237 Ἑϐραῖοι
793 4163 953 4218 αὑτὸν
986 4164 1085 4216 οὐκ
1126 4164 1395 4229 ἐδέξαντο.
1435 4164 1527 4218 Διὸ
1571 4165 1813 4230 τούτοιςλ

1948 4175 2238 4239 videlicet,
2273 4172 2563 4228 Dominum
2599 4182 2811 4227 naturae
2851 4173 2904 4226 in
2937 4172 3156 4242 propria
3191 4171 3432 4235 venisse,
3470 4180 3526 4225 ct

265 4257 557 4331 ἐπιγραφὴ
587 4258 687 4311 οὐκ
739 4255 906 4318 ἐστιν,
932 4255 1055 4308 οὺδέ
1097 4257 1125 4308 6
1161 4255 1312 4325 ἥλιος
1343 4254 1420 4327 τῷ
1448 4255 1523 4328 μὴ
1575 4256 1847 4327 βλέποντι.

263 4352 441 4406 Ὅθεν
462 4350 554 4403 τὸν
583 4349 724 4404 κατὰ
749 4348 926 4419 σάρκα
956 4346 1050 4400 τοῦ
1090 4348 1255 4420 νόμου
1279 4346 1499 4419 δρόμον,
1525 4348 1585 4400 ὃν
1629 4369 1647 4400 ι
1677 4349 1845 4421 ψευδῆ

262 4447 442 4501 ἵππον
474 4461 494 4495 ι
526 4442 697 4510 λέγει,
735 4441 830 4495 καὶ
874 4441 987 4513 (51)
1030 4442 1209 4494 πᾶσαν
1252 4440 1351 4510 τὴν
1391 4440 1691 4512 σωματώδη
1739 4441 1849 4496 τῶν

263 4536 507 4593 ἐντολῶν
533 4534 857 4605 κατανόησιν
890 4532 1069 4604 (τοῦτο
1098 4532 1145 4586 δ’
1175 4531 1241 4586 ἂν
1267 4532 1351 4601 είη
1380 4533 1408 4584 ὁ
1438 4531 1643 4601 γίγας),
1673 4534 1846 4605 ἀχρη-

266 4646 400 4685 στον
438 4629 518 4692 είς
557 4623 829 4697 σωτηρίαν
892 4623 1170 4696 κρίνομεν·
1228 4622 1411 4689 καθὼς
1460 4623 1735 4694 διαϐάλλει
1778 4625 1848 4680 τὰ

344 4785 391 4817 ⁸⁸
415 4781 563 4839 Psal.
596 4798 770 4848 nm,
813 4782 839 4836 l
872 4796 994 4852 sqq.

347 4939 460 5009 (58)
492 4936 549 5009 Af
569 4954 681 4993 om.
712 4940 801 4996 ed.

345 5006 461 5079 (39)
486 5006 597 5063 Καί
630 5026 740 5064 om.
769 5011 858 5065 ed.

370 5081 460 5148 40)
490 5079 595 5134 Καί
626 5080 751 5135 add.
784 5081 870 5135 ed.

370 5086 460 5148 ιο)
491 5086 595 5134 Καί
626 5086 751 5135 add.
784 5096 811 5135 e

345 5086 459 5221 (41)
498 5152 557 5203 '0
577 5150 811 5221 οπο-(θα.

349 5220 461 5287 (12)
476 5220 856 5289 Ἐπιγράφοις,
885 5224 973 5273 ed.

348 5291 457 5359 (is)
492 5288 696 5353 Ἔλθοι,
727 5288 814 5343 ed.

347 5358 458 5490 (44)
481 5360 878 5441 Θεωρήσωμεν,
913 5358 1000 5413 ed.

370 5432 432 5487 65
475 5432 588 5490 Της
619 5444 728 5484 οιη.
761 5429 842 5483 ed.

370 5429 452 5497 65)
475 5431 588 5499 Τῆς
611 5429 728 5484 om.
761 5429 842 5483 ed.

1948 4265 2016 4320 ab
2041 4264 2283 4321 Hebraeis
2314 4273 2591 4335 receptum
2629 4280 2735 4318 non
2766 4279 2907 4319 esse.
2944 4262 3214 4329 Quocirca
3239 4262 3526 4332 inscriptio

1948 4356 2058 4412 illis
2092 4358 2277 4422 nulla,
2310 4368 2369 4413 ut
2414 4372 2517 4412 nec
2566 4357 2647 4412 sol
2694 4355 2803 4420 illi,
2847 4354 2938 4425 qui
2974 4355 3111 4409 nihil
3144 4355 3309 4410 videt.
3370 4352 3528 4409 Unde

1949 4460 2169 4500 cursum
2209 4445 2343 4516 legis
2380 4445 2679 4500 secundum
2710 4458 2932 4498 carnem
2961 4483 2976 4509 ,
3022 4459 3183 4513 quem
3224 4461 3244 4495 ι
3278 4441 3526 4498 fallacem

1947 4551 2147 4605 equum
2180 4555 2200 4589 ι
2227 4536 2496 4601 nominat,
2524 4544 2579 4593 et
2601 4550 2816 4591 omnem
2839 4535 2986 4590 illam
3013 4535 3353 4605 corporalem
3372 4551 3529 4589 man-

1948 4627 2203 4683 datorum
2230 4627 2667 4700 intelligentiam,
2705 4641 2827 4698 quae
2851 4624 3108 4682 fortassis
3133 4625 3298 4682 fuerit
3326 4626 3419 4681 ille
3439 4625 3524 4696 gi-

1940 4948 1945 4951 '
2045 4935 2158 5007 45‘)
2197 4933 2622 4994 Ἐπιστατοῦντι.
2653 4932 2717 4989 ed

2160 5005 2543 5078 ζίαραγᾳγόντι
2572 5004 2667 5058 καὶ
2700 5021 2717 5056 c

2044 4998 2543 5076 ᾧβΥΠαραγαγόντι
2572 5004 2667 5058 καὶ
2700 5001 3072 5076 συντηροῦντι,
3107 4998 3198 5055 ed.

2020 5074 2134 5144 (47)
2162 5074 2547 5144 Ἐγενήθησαν,
2562 5079 2662 5144 red.

2046 5143 2134 5198 48)
2159 5143 2331 5196 Αὐτοῦ
2345 5143 2349 5144 “
2365 5159 2475 5196 om.
2509 5143 2596 5197 ed.

2046 5145 2134 5210 48)
2159 5145 2331 5196 Αὐτοῦ
2365 5159 2475 5196 om.
2509 5145 2596 5197 ed.

2022 5145 2139 5283 $49)
2179 5213 2429 5283 Ἑτοίμου
2457 5212 2584 5283 add.
2611 5213 2697 5266 ed.

2050 5283 2140 5351 50)
2166 5282 2382 5348 Αὐτῶν,
2412 5281 2497 5351 ed.

2050 5287 2140 5351 50)
2166 5287 2382 5348 Αὐτῶν,
2412 5287 2497 5335 ed.

2028 5287 2139 5426 (51)
2165 5352 2319 5408 Κατά
2341 5350 2559 5422 quidam
2590 5351 2750 5409 codd.
