3800 5980
313 111 416 168 διο

1596 93 1655 148 S.
1686 87 2015 148 GREGORII
2053 88 2341 146 NYSSENI

3460 79 3567 134 590

314 234 436 294 gas,
467 214 602 271 nihil
637 213 705 270 ad
733 213 965 270 salutem
1001 210 1254 267 conferre
1277 209 1584 280 judicamns
1610 226 1625 274 ;
1658 213 1817 277 prout
1845 212 1898 259 et

2025 205 2219 259 τοιαῦτα
2248 205 2275 256 ό
2299 201 2603 274 Ψαλμῳδδς
2633 203 2698 256 δι’
2729 202 3042 272 αἰνίγματος
3068 199 3262 269 λέγων·
3297 217 3316 250 t
3348 199 3568 268 Ψευδης

320 311 436 379 ipse
481 308 821 362 Psalmorum
871 305 1109 372 scriptor
1160 302 1290 354 talia
1325 301 1617 370 aenigmate
1653 297 1892 368 quodam

317 398 591 461 traducit,
628 412 754 450 cum
788 395 864 448 ait
906 413 917 447 :
959 412 978 445 ι
1017 391 1202 446 Fallax
1237 407 1414 461 equus
1441 391 1509 444 ad
1543 389 1809 452 salutem,
1847 395 1902 441 et

318 489 472 558 gigas
503 504 611 542 non
645 487 945 543 salvabitur
977 486 1030 538 in
1065 483 1414 538 multitudine
1452 481 1675 536 virtutis
1704 494 1836 535 suae.
1873 497 1893 528 ι

321 579 700 650 Respic'ientes
728 593 855 632 vero
883 581 936 631 in
961 592 1084 631 eum
1105 618 1119 642 ,
1149 576 1241 646 qui
1282 576 1476 630 liberat
1502 589 1532 628 a
1574 582 1751 628 morte
1783 571 1902 625 ani-

320 687 439 740 mas
471 681 689 724 nostras
713 685 808 738 per
841 669 1119 722 cmlestem
1157 667 1363 729 cibum,
1408 663 1900 737 (quemadmodum

320 759 593 830 Propheta
637 759 771 812 dicit
813 775 828 810 :
865 776 883 808 ι
934 755 1090 811 Oculi
1136 755 1352 810 Domini
1382 770 1548 824 super
1597 761 1902 810 metuentes

326 866 473 912 eum,
510 861 562 904 et
597 849 648 902 in
671 848 752 903 eis
777 847 867 916 qui
901 855 1125 916 sperant
1154 862 1320 915 super
1347 845 1730 901 misericordia
1756 845 1898 914 ejus,

323 951 378 994 ut
414 939 606 993 liberet
653 953 681 992 a
715 947 889 992 morte
923 937 1138 991 animas
1177 951 1366 992 eorum
1390 977 1404 1002 ,
1443 944 1498 990 et
1552 937 1661 988 alat
1707 951 1802 990 eos
1844 936 1899 988 in

323 1032 465 1086 fame
486 1031 529 1100 ι)
563 1031 694 1084 illud
729 1029 1080 1100 proferimus,
1105 1043 1126 1080 ι
1152 1029 1347 1082 Anima
1382 1037 1570 1084 nostra
1603 1029 1901 1085 sustinebit

323 1124 634 1186 Dominum,
677 1123 767 1191 qui
815 1137 882 1176 ex
929 1123 1087 1177 caelis
1127 1137 1229 1178 nos
1251 1121 1670 1191 intuetttr,telt
1713 1121 1899 1186 :Fiat,

321 1213 571 1278 Domine,
608 1213 989 1267 misericordia
1028 1221 1121 1266 tua
1169 1227 1335 1282 super
1375 1226 1497 1278 nos,
1546 1213 1904 1282 quemadmo-

323 1306 452 1359 dum
487 1304 827 1373 speravimus
861 1303 914 1356 in
945 1311 1016 1357 te.
1064 1321 1082 1352 ι
1797 1279 1821 1291 ’

394 1427 624 1498 Propter
664 1426 779 1480 haec
816 1426 1066 1493 repudiat
1099 1423 1323 1480 Judazus
1366 1426 1564 1495 psalmi
1610 1427 1761 1483 illius
1820 1428 1905 1482 in-

2002 297 2165 360 ἵππος
2212 298 2292 360 είς
2337 295 2628 368 σωτηρίαν,
2677 295 2774 348 καὶ
2829 293 2990 362 γίγας
3045 293 3106 346 ού
3153 291 3456 361 σωθήσεται
3511 295 3571 344 ὲν

2001 373 2193 457 πλήθει
2215 385 2397 457 ἰσχύος
2414 385 2600 440 αὑτοῦ.
2644 403 2662 436 ι
2683 384 2982 444 Βλέποντες
3006 383 3063 436 δὲ
3083 382 3174 434 ἐπὶ
3197 383 3286 436 τὸν
3307 383 3573 454 ῥυόμενον

1996 478 2064 531 ὲκ
2101 477 2331 531 Θανάτου
2375 477 2474 540 τὰς
2499 477 2674 547 ψυχὰς
2699 473 2860 545 ἡμῶν
2903 474 2992 527 διὰ
3021 474 3120 543 τῆς
3161 473 3418 543 οὐρανίας
3446 489 3578 542 τρο-

2002 569 2107 639 φῆς
2140 567 2343 636 (καθώς
2371 567 2574 638 φησινὸ
2607 565 2922 636 Προφήτης,
2957 565 3036 616 ὅτι
3065 563 3175 632 (5:!)
3207 581 3225 612 ι
3271 561 3578 631 Ὀφθαλμοὶ

2001 660 2208 730 Κυρίου
2235 660 2326 712 ἐπὶ
2357 659 2481 720 τοὺς
2510 655 2871 726 φοϐουμένους
2909 655 3088 718 αὑτὸν,
3127 656 3234 724 (53)
3262 655 3391 716 τοὺς
3418 653 3577 705 ἐλπί-

2000 749 2190 813 ζοντας
2219 750 2311 800 ἐπὶ
2340 748 2400 800 τδ
2427 747 2572 808 ἔλεος
2604 744 2791 808 αὑτοῦ,
2820 743 3084 816 ῥύσασθαι
3113 746 3176 797 ὲκ
3211 743 3440 797 θανάτου
3476 740 3579 804 τὰς

1999 841 2178 911 ψυχὰς
2208 839 2406 902 αὐτῶν,
2436 840 2530 892 καὶ
2565 837 2853 908 διαθρέψαι
2890 837 3085 899 αὐτοὺς
3118 837 3174 889 ὲν
3207 834 3353 904 λιμῷ
3377 836 3443 900 ι),
3478 850 3581 900 φα-

2005 934 2102 1004 μὲν
2131 934 2324 994 ἐκεῖνο,
2352 932 2432 984 ὅτι
2465 950 2483 982 t
2518 931 2581 984 Ἠ
2608 931 2753 1000 ψυχὴ
2783 930 2938 1002 ἡμῶν
2973 927 3332 998 ὑπομενεῖτῴ
3364 925 3576 996 Κυρίῳ,

2002 1027 2079 1098 τῷ
2107 1028 2165 1093 ἐξ
2184 1025 2426 1098 οὐρανῶν
2457 1027 2605 1096 ἡμᾶς
2624 1023 2991 1092 ἐπιϐλέψαντι.
3014 1040 3031 1072 ι
3049 1021 3264 1081 Καὶῶτι
3292 1037 3310 1070 t
3340 1014 3577 1082 Γένοιτο,

2002 1119 2197 1191 Κύριε,
2235 1119 2296 1171 τὸ
2340 1117 2487 1180 ἔλεός
2535 1133 2629 1170 σου
2667 1116 2752 1185 ἐφ’
2782 1116 2950 1186 ἡμᾶς,
2992 1113 3242 1181 καθάπερ
3270 1110 3582 1180 ἠλπίσαμεν

2003 1213 2095 1264 ἐπὶ
2123 1212 2202 1266 σέ.
2238 1230 2257 1263 ι

2077 1432 2174 1485 Διὰ
2221 1429 2389 1483 ταῦτα
2440 1429 2536 1499 τὴν
2569 1427 2877 1500 ἐπιγραφὴν
2930 1424 3022 1479 τοῦ
3067 1422 3278 1494 ψαλμοῦ
3330 1421 3523 1475 τούτου
3554 1423 3586 1475 δ

325 1519 694 1587 scriptionem.
728 1515 943 1570 Rursus
977 1515 1048 1569 ob
1073 1515 1322 1568 eamdem
1356 1517 1626 1569 rationem
1663 1516 1906 1586 psalmus

2025 1524 2264 1596 Ἐϐραῖος
2290 1524 2350 1577 ού
2376 1522 2607 1593 δέχεται.
2633 1521 2800 1574 Πάλιν
2839 1519 2980 1573 κατὰ
3007 1519 3095 1571 τὸν
3124 1517 3285 1569 αὑτὸν
3326 1515 3528 1587 τρόπον
3555 1515 3588 1564 ὁ

218 1623 224 1631 '
323 1609 774 1679 quadragesimus
793 1606 1070 1661 secundus
1100 1606 1243 1676 apud
1265 1605 1523 1660 llebrzeos
1547 1607 1908 1677 inscriptione

329 1714 439 1754 non
475 1704 834 1767 praenotatur.
863 1693 1133 1756 Ostendit,
1162 1695 1422 1758 arbitror,
1457 1694 1575 1764 ipsa
1607 1695 1906 1749 verborum

324 1789 521 1861 psalmi
551 1787 742 1850 series,
776 1787 1020 1857 mysterii
1045 1786 1098 1838 in
1119 1786 1330 1854 psalmo
1356 1786 1458 1839 hoc
1483 1785 1762 1854 explicati,
1790 1777 1905 1850 eo's,

323 1884 418 1952 qui
453 1887 617 1934 secta:
649 1878 892 1934 Iudaicae
923 1877 1126 1932 addicti
1161 1885 1320 1944 sunt,
1357 1892 1588 1947 capaces
1609 1894 1721 1932 nun
1754 1894 1904 1943 esse,

325 1974 657 2028 Cohortatur
692 1984 926 2040 namque
952 2010 966 2035 ,
1005 1976 1063 2022 ut
1098 1977 1363 2023 renovata
1399 1969 1692 2038 juventute
1737 1970 1911 2023 intro-

328 2079 520 2118 camus
551 2060 617 2115 ad
653 2061 847 2114 altare.
881 2058 986 2114 Sed
1016 2057 1262 2112 Judaeum
1293 2058 1440 2112 nulla
1475 2058 1638 2128 hujus
1667 2057 1744 2111 rei
1779 2071 1912 2111 cura

329 2154 521 2224 tangit.
548 2151 667 2206 Non
692 2152 836 2206 enim
866 2150 1118 2204 renovari
1147 2165 1270 2204 sese
1301 2149 1510 2218 patitur
1543 2148 1804 2219 mysterio
1835 2161 1918 2203 sa-

332 2248 461 2300 lutis
496 2261 594 2315 per
625 2258 922 2314 supernam
955 2242 1454 2312 regenerationem.

402 2369 690 2440 Inscriptio
733 2366 928 2438 psalmi
977 2367 1389 2436 septuagesimi,
1427 2381 1550 2435 qnze
1587 2367 1639 2419 in
1675 2365 1915 2422 editione

333 2463 594 2518 Ecclesia:
620 2462 698 2516 sic
738 2460 899 2514 habet
924 2477 936 2512 :
967 2478 985 2510 ι
1014 2458 1122 2513 Pro
1150 2458 1274 2512 liliis
1296 2458 1565 2521 Jonadab,
1589 2466 1642 2511 et
1667 2459 1912 2527 priorum

333 2555 696 2624 captivorum,
725 2571 742 2602 ι
774 2551 842 2604 ab
876 2548 1116 2604 Hebraeis
1139 2549 1360 2602 omnino
1391 2549 1663 2618 praeterita
1687 2555 1787 2602 est.
1815 2548 1916 2601 Cu-

328 2646 419 2718 jus
444 2661 607 2701 causa
637 2645 786 2699 clare
817 2643 1006 2711 liquet.
1036 2639 1169 2693 Nam
1206 2655 1329 2694 cum
1366 2641 1420 2693 iu
1453 2639 1537 2694 his
1565 2648 1674 2692 tam
1705 2641 1916 2709 perspi-

334 2753 434 2792 cua
472 2739 582 2792 sint
615 2735 680 2790 de
712 2734 940 2788 Domino
972 2741 1160 2786 nostro
1202 2731 1446 2795 oracula,
1479 2731 1794 2800 coarguitur
1819 2729 1916 2785 Ju-

2007 1611 2438 1684 τεσσαρακοστὸς
2485 1628 2543 1664 τε
2584 1611 2676 1664 καὶ
2719 1609 2966 1680 δεύτερος
3008 1610 3117 1671 τοῖς
3159 1605 3428 1678 Ἑϐραίοις
3467 1606 3590 1657 ὲπι-

2010 1703 2227 1773 γραφὴν
2249 1701 2348 1754 οὐκ
2374 1700 2506 1771 ἔχει,
2539 1700 2859 1763 δεικνύντος,
2885 1693 3058 1767 οἶμαι,
3089 1696 3180 1749 τοῦ
3205 1696 3385 1764 λόγου,
3419 1695 3503 1748 ὅτι
3529 1693 3590 1749 τὸ

2009 1795 2066 1846 ὲν
2094 1795 2170 1864 τῷ
2189 1791 2388 1863 ψαλμῷ
2409 1790 2581 1860 τούτῳ
2609 1791 2900 1860 μυστήριον
2920 1791 3030 1852 τοῖς
3063 1787 3404 1860 Ἐϐραϊζουσι
3443 1785 3591 1839 κατὰ

2009 1886 2108 1957 τὴν
2137 1885 2343 1954 αἵρεσιν
2370 1881 2745 1951 ἁπαράδεκτον
2781 1875 2867 1950 ἦν.
2903 1877 3319 1931 Εἰσελεύσεσθαι
3361 1876 3472 1946 γὰρ
3510 1877 3591 1937 εἰς

2010 1976 2072 2030 τὸ
2100 1975 2483 2045 θυσιαστήριον
2507 1971 2920 2040 ἐπαγγέλλεται,
2943 1971 3058 2033 νέος
3081 1970 3389 2038 γενόμενος.
3422 1966 3592 2020 Ἀλλά

2012 2067 2090 2138 τῷ
2131 2066 2367 2139 Ἑϐραίῳ
2389 2065 2545 2118 τοῦτο
2570 2065 2668 2117 οὐκ
2697 2063 2858 2116 ἔστιν.
2885 2064 2958 2116 Οὐ
2993 2063 3102 2132 γὰρ
3132 2061 3347 2132 δέχεται
3375 2059 3453 2130 τῷ
3489 2076 3593 2129 μυ-

2017 2159 2220 2231 στηρίῳ
2251 2161 2350 2227 τῆς
2379 2156 2648 2227 σωτηρίας
2672 2155 2761 2208 διὰ
2783 2155 2880 2227 τῆς
2907 2155 3109 2209 ἄνωθεν
3135 2155 3438 2222 γεννήσεως
3462 2153 3595 2206 ἀναν

2019 2251 2204 2306 νεάσαι
2236 2249 2370 2318 (54).

2097 2377 2188 2431 Ἐν
2215 2376 2270 2430 δὲ
2299 2375 2377 2446 τῷ
2406 2375 2784 2446 ἑϐδομηκοστῷ
2809 2374 2905 2446 τῆς
2949 2373 3407 2444 ὲκκλησιαστικῆς
3438 2371 3594 2425 ἐκδό-

2020 2486 2155 2533 σεως
2189 2469 2499 2538 ἐπιγραφὴν
2527 2467 2778 2538 ἐχούσης,
2827 2485 2846 2518 ‹
2889 2467 3060 2536 ’Υπὲρ
3100 2464 3209 2518 τῶν
3236 2463 3368 2516 υίῶν
3411 2463 3594 2518 Ἰωναο

2017 2559 2146 2630 δὰμ,
2201 2558 2294 2612 καὶ
2344 2558 2452 2611 τῶν
2503 2557 2734 2627 πρώτων
2777 2555 3338 2626 αἰχμαλωτισθέντων,
3382 2573 3401 2606 ι
3444 2555 3595 2623 παρὰ

2019 2656 2128 2716 τοῖς
2191 2651 2461 2723 Ἑϐραίοις
2510 2650 2666 2704 τοῦτο
2715 2649 3016 2718 σεσίγηται.
3074 2649 3136 2700 Ἡ
3185 2648 3242 2700 δὲ
3298 2647 3443 2701 αἰτία
3500 2664 3598 2698 σα-

2022 2746 2126 2817 φὴς
2157 2745 2289 2815 (55),
2322 2745 2404 2798 ὅτι
2443 2743 2821 2815 φανερωτέρας
2857 2743 2956 2812 τῆς
2990 2741 3070 2804 εἰς
3106 2741 3195 2794 τὸν
3227 2740 3429 2811 Κύριον
3458 2757 3598 2810 προ·-
3623 2724 3645 2746 ⁸

335 2829 572 2884 datorum
621 2825 843 2896 perfidia
878 2832 932 2880 et
968 2822 1345 2884 incredulitas,
1387 2830 1573 2892 utpote
1612 2822 1705 2891 qui
1746 2823 1907 2875 nolint

2025 2835 2248 2904 φητείας
2279 2837 2335 2888 ὲν
2374 2832 2582 2896 τούτοις
2607 2832 2854 2904 οὖσης,ἡ
2904 2832 3128 2885 ἀπιστία
3177 2832 3285 2884 τῶν
3325 2831 3599 2884 Ἰουδαίων

334 2927 446 2972 tam
482 2916 831 2972 manifestam
873 2917 940 2970 de
965 2913 1238 2984 mysterio
1272 2913 1374 2967 hoc
1419 2912 1726 2967 doctrinam
1775 2913 1918 2968 reci-

335 3024 483 3080 pere.
520 3007 990 3073 Quemadmodum
1027 3005 1170 3060 enim
1204 3005 1283 3058 illi
1313 3005 1406 3075 qui
1445 3006 1621 3061 oculis
1645 3005 1917 3071 laborant,

337 3099 422 3154 vel
441 3097 728 3153 all‘ectione
749 3097 840 3150 illa
863 3103 1140 3159 tenentur,
1173 3110 1293 3163 qua:
1315 3110 1470 3164 aanc
1493 3103 1670 3150 metus
1695 3096 1918 3161 dicitur,

339 3203 519 3258 neque
550 3188 749 3242 solaris
779 3187 919 3240 radii
952 3186 1345 3248 accessionem,
1370 3201 1546 3254 neque
1569 3197 1919 3257 conspectum

339 3297 493 3351 aquae
530 3280 760 3334 tolerare
789 3286 1042 3349 possunt,
1071 3277 1164 3332 sed
1194 3277 1442 3331 tremulis
1475 3279 1808 3347 superciliis,
1842 3279 1922 3333 illi

341 3371 559 3441 quidem
595 3370 734 3423 male
767 3368 944 3423 allecti
971 3369 1160 3422 oculos
1206 3381 1235 3420 a
1280 3367 1485 3436 radiis;
1527 3369 1604 3422 illi
1647 3384 1800 3433 vero,
1828 3372 1921 3439 qui

342 3478 539 3532 aquam
581 3469 866 3524 metuunt,
903 3461 969 3515 ab
1019 3475 1172 3530 aqua:
1218 3460 1418 3514 intuitu
1469 3468 1768 3515 avertunt:
1806 3461 1921 3530 pari

342 3555 502 3610 modo
528 3563 582 3609 et
607 3551 918 3608 Judreorum
946 3551 1266 3621 improbitas
1295 3551 1510 3607 silentio
1534 3555 1813 3608 veritatem
1839 3568 1924 3607 rc-

342 3647 557 3719 prol-at,
589 3660 653 3700 eo
680 3645 825 3716 quod
849 3645 1043 3699 divina:
1063 3645 1469 3715 praedicationis
1491 3645 1719 3714 gloriam
1751 3645 1924 3700 conli-

345 3741 442 3794 teri
475 3739 633 3793 nolit.
665 3737 815 3793 Licet
840 3747 1003 3806 perro
1032 3753 1096 3790 ex
1131 3737 1249 3807 ipsa
1283 3737 1475 3806 psalmi
1509 3737 1652 3793 serie
1685 3738 1921 3808 prophe-

347 3834 434 3888 tize
469 3833 617 3887 illius
649 3845 848 3886 arcana
875 3845 1224 3901 cognoscere.
1264 3830 1401 3885 Dicit
1439 3832 1582 3886 enim
1625 3831 1680 3885 in
1716 3833 1925 3900 psalmo

346 3923 774 3994 septuagesimo,
799 3921 960 3990 cujus
1004 3921 1289 3990 inscriptio
1315 3929 1399 3976 est
1431 3939 1445 3976 :
1482 3939 1500 3972 ι
1540 3921 1615 3975 De
1649 3922 1924 3991 prioribus

348 4014 603 4084 captivis,
627 4030 645 4062 ι
669 4019 928 4080 tanquam
950 4026 1015 4064 ex
1035 4025 1267 4079 persona
1292 4011 1655 4080 captivorum,
1677 4026 1801 4065 cum
1821 4011 1926 4066 alia

349 4104 596 4176 quzedam
627 4101 988 4171 supplicantis
1019 4101 1256 4154 orationi
1295 4109 1822 4165 consentanea,tum
1865 4103 1928 4156 il-

2021 2928 2424 2997 κατηγορεῖται,
2453 2926 2528 2988 ὡς
2563 2922 2815 2990 δέξασθαι
2840 2923 2938 2993 τὴν
2968 2922 3205 2992 φανερὰν
3238 2919 3330 2975 τοῦ
3384 2938 3598 2992 μυστη-

2021 3019 2138 3090 ρίου
2162 3016 2506 3072 διδασκαλίαν
2536 3015 2610 3086 μὴ
2631 3013 2984 3084 δυνηθέντων.
3018 3014 3226 3084 ’Ὠσπερ
3258 3014 3368 3083 γὰρ
3399 3013 3448 3066 οἰ
3469 3015 3600 3076 τοὺς

2021 3108 2329 3178 ὀφθαλμοὺς
2367 3105 2667 3168 νοσοῦντες,
2699 3103 2732 3173 ἢ
2768 3104 2817 3155 οἱ
2859 3101 2970 3172 (56)
3004 3102 3080 3173 τῷ
3122 3102 3281 3156 πάθει
3307 3105 3408 3173 τῆς
3442 3104 3597 3173 ὑδρο-

2024 3200 2194 3270 φόϐης
2221 3196 2627 3269 περιπεσόντες,
2655 3194 2779 3247 οὔτε
2810 3195 2907 3264 τῆς
2931 3194 3146 3256 ἀκτῖνος
3171 3186 3316 3247 οὗτοι
3349 3193 3460 3262 (57)
3496 3193 3598 3261 τὴν

2023 3291 2347 3365 προσϐολὴν,
2403 3288 2523 3342 οὔτε
2563 3288 2657 3342 τοῦ
2710 3286 2900 3349 ὓδατος
2940 3286 3136 3338 ἐκεῖνοι
3188 3285 3286 3356 τὴν
3314 3285 3435 3355 ὄψιν
3483 3288 3599 3348 τοῖς

2022 3383 2318 3454 ὀφθαλμοῖς
2378 3380 2740 3452 ὑποφέρουσιν
2786 3379 2918 3450 (58),
2962 3377 3097 3430 ἀλλὰ
3155 3377 3423 3448 μεμυκόσι
3485 3380 3600 3440 τοῖς

2026 3471 2334 3542 βλεφάροις,
2366 3470 2414 3522 οἰ
2461 3467 2559 3538 μὲν
2593 3467 2863 3537 ἐμπαθεῖς
2885 3465 2952 3518 τὰ
2991 3467 3214 3536 ὄμματα
3254 3467 3351 3536 τῆς
3381 3467 3600 3530 ἀκτῖνος

2023 3563 2375 3634 χωρίζονται,
2425 3561 2474 3613 οἱ
2523 3559 2582 3612 δὲ
2638 3557 3054 3629 ὑδροφοϐοὗντες
3113 3558 3210 3629 τῆς
3261 3558 3355 3611 τοῦ
3407 3559 3600 3622 ὓδατος

2023 3650 2218 3720 ὂψεως.
2255 3649 2359 3702 Τὸν
2388 3648 2548 3700 αὐτὸν
2572 3646 2790 3718 τρόπον,
2824 3646 2915 3699 καὶ
2942 3648 2974 3716 ἡ
2998 3646 3106 3699 τῶν
3143 3646 3406 3700 Ἰουδαίων
3429 3649 3601 3702 κακία

2023 3742 2110 3822 διὰ
2148 3740 2208 3794 τὸ
2244 3740 2354 3810 (59)
2386 3739 2460 3810 μὴ
2495 3737 2667 3790 θέλειν
2700 3737 2976 3808 ὁμολογεῖν
3005 3736 3104 3808 τὴν
3137 3737 3295 3802 δόξαν
3331 3738 3424 3791 τοῦ
3453 3737 3600 3792 θείου

2025 3832 2398 3904 κηρύγματος,
2444 3828 2817 3900 ἀπαράδεκτον
2850 3831 2992 3882 ποιεῖ
3012 3829 3098 3883 διὰ
3136 3829 3234 3899 τῆς
3267 3830 3474 3899 σιωπῆς
3499 3831 3602 3901 τὴν

2025 3921 2300 3993 ἀλήθειαν.
2333 3919 2548 3986 Ἔξεστι
2583 3920 2638 3972 δὲ
2671 3919 2766 3972 καὶ
2805 3919 2872 3970 δι’
2915 3919 3084 3988 αὐτῆς
3128 3920 3226 3990 τῆς
3266 3920 3378 3990 (60)
3416 3921 3602 3990 ψαλμ-

2025 4013 2186 4084 ῳδίας
2207 4011 2500 4080 ἐπιγνῶναι
2518 4011 2586 4064 τὰ
2609 4011 2707 4081 τῆς
2730 4012 3067 4081 προφητείας
3097 4013 3413 4082 αἰνίγματα.
3438 4014 3601 4082 Λέγει

2026 4105 2132 4176 γὰρ
2175 4107 2231 4158 ὲν
2269 4104 2345 4173 τῷ
2372 4103 2774 4174 ἑϐδομηκοστῷ,
2807 4105 2865 4156 ὲν
2899 4098 2942 4172 ᾦ
2980 4122 2999 4156 ‹
3041 4106 3176 4176 Περὶ
3211 4105 3317 4158 τῶν
3365 4106 3602 4177 πρώτων

349 4195 440 4252 lud
465 4214 478 4250 :
511 4211 528 4245 ι
555 4193 716 4263 Eripe
743 4207 828 4246 me
864 4191 930 4246 de
966 4203 1128 4243 manu
1169 4191 1498 4260 peccatoris,
1521 4192 1588 4245 de
1610 4206 1772 4245 manu
1796 4207 1907 4247 cont

2031 4193 2570 4264 αἰχμαλωτισθέντων
2601 4213 2615 4245 ι
2664 4194 2811 4248 ἐστὶν
2839 4197 2871 4265 ἡ
2905 4197 3202 4267 ἐπιγραφὴ,
3230 4198 3302 4260 ὡς
3331 4198 3398 4251 ὲκ
3431 4215 3602 4269 προσ-

350 4299 434 4343 tra
461 4288 631 4358 legem
655 4284 868 4355 agentis
889 4290 941 4338 et
965 4282 1162 4352 iniqui.
1187 4302 1206 4334 ι
1237 4281 1449 4348 Quibus
1472 4283 1654 4339 verbis
1683 4285 1930 4356 designat

351 4381 528 4443 illum,
570 4379 661 4448 qui
692 4378 860 4430 vitam
890 4384 1135 4430 nostram
1171 4375 1226 4429 in
1265 4375 1638 4445 captivitatem
1703 4371 1926 4440 redegit.

351 4469 418 4524 Et
450 4469 808 4539 sequentibus
846 4469 1049 4532 verbis,
1098 4476 1222 4538 post
1267 4467 1471 4525 multas
1501 4467 1568 4522 ad
1595 4467 1928 4524 consolatio-

352 4576 477 4616 nem
525 4559 964 4615 accommodatas
1018 4575 1207 4622 voces,
1245 4560 1478 4614 reditum
1518 4576 1584 4615 ex
1621 4560 1931 4630 captivitate

354 4651 635 4716 describit,
651 4665 774 4704 cum
797 4650 908 4703 ait:
935 4669 952 4700 ι
977 4649 1223 4716 Quantas
1243 4650 1530 4705 ostendisti
1551 4651 1682 4705 mihi
1704 4651 1927 4706 tribula-

354 4742 552 4802 tioues,
576 4741 776 4794 muilas
795 4747 848 4794 et
872 4740 1065 4804 malas,
1089 4747 1143 4795 et
1160 4754 1462 4794 conversus
1488 4740 1779 4796 vivilicasti
1806 4756 1890 4796 me
1907 4782 1923 4807 ,

353 4833 490 4889 etde
508 4833 722 4902 abyssis
745 4839 903 4885 terrae
919 4832 1115 4886 iterum
1136 4831 1399 4886 reduxisti
1425 4847 1530 4897 me,
1550 4832 1926 4902 tnultiplicasti

353 4923 820 4994 magniﬁcentiam
855 4929 1002 4975 tuam
1035 4935 1333 4991 supenme,
1371 4930 1422 4977 et
1457 4938 1756 4979 conversus
1787 4940 1919 4979 con-

353 5015 564 5071 solatus
582 5027 644 5070 es
659 5027 766 5069 me.
787 5031 804 5064 ι
819 5012 1034 5069 Clarius
1055 5025 1184 5068 vero
1209 5028 1274 5070 ex
1297 5014 1476 5086 magni
1501 5014 1649 5071 Pauli
1679 5015 1926 5072 doctrina

427 5211 544 5280 (52)
580 5209 700 5264 Ὅτι
726 5225 835 5264 om.
861 5211 950 5266 ed.

427 5283 542 5354 (ϐξ)
575 5281 688 5354 lia!
724 5281 845 5354 add.
877 5283 965 5337 ed.

574 5350 899 5422 Ἀνανεῶσαι
913 5350 1129 5422 quidam
1162 5353 1320 5412 codd.

458 5417 548 5486 55)
587 5419 762 5471 Ἐστιν
786 5421 910 5474 add.
930 5417 1024 5479 'ed.

458 5487 548 5556 56)
585 5487 646 5539 0t
678 5501 786 5542 om.
812 5489 898 5549 ed.

2027 4285 2176 4338 ὡπου
2216 4285 2310 4338 τοῦ
2359 4285 2702 4355 αἰχμαλώτου
2739 4287 2768 4339 ὁ
2811 4287 2986 4354 λόγος,
3031 4288 3166 4342 ἄλλα
3210 4290 3268 4342 τέ
3314 4307 3436 4345 τινα
3464 4291 3602 4362 πρέ-

2028 4395 2198 4431 ποντα
2222 4380 2286 4448 "cf,
2308 4377 2399 4430 τοῦ
2425 4376 2598 4429 ἱκέτου
2629 4380 2799 4447 φωνῇ,
2822 4379 2916 4431 καὶ
2935 4379 3016 4432 ὅτι
3048 4399 3067 4431 ί
3088 4380 3276 4433 Ῥὖσαί
3302 4399 3370 4451 με
3396 4383 3460 4435 ἐκ
3491 4401 3607 4453 χει·

2031 4470 2119 4541 ρὸς
2135 4467 2477 4539 ἁμαρτωλοῦ,
2505 4469 2569 4521 ὲκ
2591 4469 2769 4541 χειρδς
2784 4469 3222 4540 παρανομοῦντος
3239 4472 3330 4524 καὶ
3353 4473 3604 4526 ἀδικοῦν-

2027 4579 2136 4623 τοςο
2164 4581 2182 4614 ι
2211 4560 2419 4622 τούτοις
2439 4563 2552 4623 τοῖς
2574 4560 2800 4630 ὀνόμασι
2823 4561 2913 4614 τὸν
2939 4563 3419 4632 αἰχμαλωτίσαντα
3445 4566 3606 4637 ἡμῶν
3631 4622 3646 4633 ι

2029 4652 2125 4722 τὴν
2164 4651 2307 4722 ζωὴν
2338 4650 2742 4720 ἐνδεικνύμενος
2768 4651 2900 4723 (61).
2924 4653 3034 4706 Καὶ
3061 4655 3119 4708 έν
3150 4657 3263 4717 τοῖς
3291 4655 3605 4720 ὑπολοίποις

2033 4746 2168 4816 μετὰ
2199 4744 2398 4807 πολλὰς
2424 4744 2523 4807 τὰς
2557 4744 2967 4815 παρακλητικὰς
3011 4746 3226 4809 ὲκείνας
3253 4747 3457 4816 φωνὰς,
3504 4750 3606 4820 τὴν

2029 4839 2093 4890 ὲκ
2119 4837 2218 4906 τῆς
2248 4835 2617 4906 αίχμαλωσίας
2643 4835 2936 4905 γενομένην
2976 4836 3232 4891 ἐπάνοδον
3254 4837 3606 4910 διασημαίνει

2027 4928 2104 4999 τῷ
2128 4927 2296 4998 λόγως·
2331 4920 2482 4996 ὲνξοίς
2500 4943 2684 4996 φησιν,
2715 4927 2794 4979 ὅτι
2824 4929 3022 4993 (Ὅσας
3039 4930 3242 4996 ἔδειξάς
3277 4949 3366 5002 μοι
3395 4932 3607 5002 θλίψεις

2034 5016 2232 5079 πολλὰς
2293 5015 2386 5068 καὶ
2445 5014 2641 5078 κακὰς,
2695 5015 2790 5068 καὶ
2849 5017 3177 5088 ἐπιστρέψας
3231 5017 3604 5094 ὲζωοποίησᾶς

2109 5214 2221 5282 (57)
2256 5206 2412 5267 Οὗτοι
2437 5232 2546 5271 om.
2581 5217 2668 5271 ed.

2108 5286 2222 5359 (.58)
2248 5285 2658 5359 :rgtopéVOJctv
2682 5288 2903 5359 quidam
2922 5289 3082 5346 codd.

2107 5356 2218 5424 (59)
2248 5355 2378 5419 Τοῦ,
2405 5358 2494 5411 ed.

2107 5356 2220 5492 (59)
2248 5356 2378 5419 Τοῦ,
2405 5358 2494 5411 ed.

2107 5426 2198 5494 (60
2249 5425 2362 5492 Τῆς
2393 5441 2503 5479 om.
2534 5425 2622 5481 ed.

2109 5495 2220 5566 (61)
2244 5495 2708 5566 Ἐκδεικνύμενος,
2746 5497 2840 5555 ed.
