3800 5980
196 141 300 198 521

1613 151 1679 208 ΙΝ
1719 151 2063 211 PSALMOS.

3355 156 3465 212 522

198 283 291 337 με,
318 265 414 319 καὶ
444 266 509 320 ἐκ
539 265 648 320 τῶν
678 265 931 322 ἀϐύσσων
951 268 1052 339 τῆς
1077 269 1181 340 γῆς
1203 269 1362 323 πάλιν
1386 269 1660 340 ἀνήγαγές
1695 285 1784 340 με,

1907 284 2296 341 :ognoscemus
2319 310 2334 336 ,
2361 269 2636 344 quomodo
2662 285 2728 326 cx
2761 271 2977 342 abyssis
3009 271 3325 338 reducatur,
3368 275 3464 342 qui

199 357 532 422 ἐπλεόνασας
575 359 660 411 ἐπ’
691 359 792 430 ἐμὲ
832 360 934 432 τὴν
960 360 1347 431 μεγαλωσύνην
1389 377 1504 423 σου,
1538 360 1630 413 καὶ
1661 361 1783 414 ἐπι-

199 449 440 521 στρέψας
473 451 855 520 παρεκάλεσάς
881 469 969 522 με.
1013 471 1030 502 ι
1070 452 1240 505 Τοῦτο
1267 451 1324 504 δὲ
1360 452 1690 524 σαφέστερον
1720 453 1785 506 ἐκ

193 541 297 611 τῆς
327 541 423 596 τοῦ
457 543 697 613 μεγάλου
732 544 944 597 Παύλου
968 544 1318 608 διδασκαλίας
1354 547 1640 616 νοήσομεν,
1670 544 1787 607 πῶς·

194 633 263 686 ἐκ
288 633 399 686 τῶν
425 635 678 688 ἀϐύσσων
710 636 969 705 ἀνάγεται
1007 639 1036 690 ὁ
1068 637 1146 708 τῷ
1181 637 1336 710 βάρει
1380 638 1484 710 τῆς
1510 637 1787 708 ἁμαρτίας

196 727 592 790 καθελκυσθεὶς
635 729 716 792 εἰς
763 729 862 800 τὴν
896 730 1131 784 ἄϐυσσον
1165 730 1253 784 διὰ
1301 731 1396 784 τοῦ
1434 730 1786 794 κατελθόντος

192 816 264 869 δι’
314 818 466 887 ἡμᾶς
512 818 592 881 εἰς
639 819 739 890 τὴν
784 819 1020 873 ἄϐυσσον
1056 865 1068 874 .
1106 821 1244 892 Περί
1285 814 1346 874 οὗ
1396 838 1594 892 φησιν’
1632 839 1651 872 ι
1693 821 1785 892 Μὴ

193 905 362 978 εἴπῃς
389 909 446 960 ἐν
485 911 550 979 τῇ
586 910 798 982 ’καρδίᾳ
829 927 946 974 σου,
980 911 1076 975 Τίς
1110 911 1442 982 ἀναϐήσεται
1469 914 1549 974 είς
1579 911 1671 965 τὸν
1697 911 1787 964 ού-

197 998 398 1068 ρανὸν;
437 1000 685 1053 τουτέστι
717 1000 949 1073 Χριστὸν
983 1005 1338 1072 καταγαγεῖν.
1379 1003 1450 1056 Ἦ
1490 1002 1576 1067 τίς
1610 1018 1782 1055 κατα-

195 1089 428 1158 ϐήσεται
459 1092 540 1155 εἰς
567 1091 664 1162 τὴν
698 1092 974 1159 ἀϐυσσον;
1017 1094 1296 1156 Τουτέστι,
1339 1093 1572 1164 Χριστὸν
1602 1094 1667 1146 ἐκ
1697 1109 1785 1144 νε-

196 1182 349 1251 κρῶν
370 1185 684 1252 ἀναγαγεῖν.
714 1203 733 1237 ι
766 1185 928 1240 Ὅθεν
953 1187 1062 1258 γάρ
1083 1181 1331 1257 εἰσῆλθεν
1358 1187 1437 1250 εἰς
1464 1185 1554 1239 τὸν
1585 1189 1787 1255 κόσμον

193 1275 225 1326 ὁ
255 1273 506 1336 θάνατος,
540 1275 752 1328 ἐκεῖθεν
788 1276 948 1330 πάλιν
993 1275 1089 1329 καί⁵
1140 1273 1430 1346 ἐξῳκίσθη.
1465 1275 1543 1326 Δι’
1573 1273 1784 1344 ἀνθρώ-

198 1383 305 1417 που
342 1366 579 1436 εἰσῆλθε,
611 1368 679 1421 δι’
711 1367 998 1438 ἀνθρώπου
1032 1369 1126 1421 καὶ
1155 1367 1494 1432 ἐξοικίζεται.
1535 1366 1594 1418 '0
1630 1364 1783 1436 πρῶ·-

1882 362 2120 432 pondere
2146 362 2354 432 peccati
2385 363 2440 416 in
2465 362 2795 433 profundum
2824 365 3104 420 detractus
3127 375 3230 429 est,
3261 365 3328 419 de
3355 379 3465 434 quo

1882 452 2062 520 inquit
2097 469 2112 508 :
2152 470 2171 506 ι
2208 451 2286 507 Ne
2311 452 2463 507 dicas
2495 453 2547 504 in
2579 452 2743 508 corde
2785 461 2878 506 tuo
2911 453 3080 520 :Quis
3120 453 3378 509 ascendet
3409 469 3464 507 tn

1883 543 2124 598 malum?
2152 543 2298 613 quod
2328 551 2412 598 est
2440 543 2721 599 Christum
2768 545 3059 600 deducere.
3091 545 3196 598 Aut
3219 546 3341 614 quis
3372 543 3467 598 dc-

1884 634 2111 691 scendet
2155 637 2211 690 in
2260 635 2564 707 abyssum?
2595 635 2708 692 Hoc
2743 645 2827 692 est
2868 636 3146 691 Christum
3172 651 3200 689 a
3237 635 3466 688 mortuis

1889 741 2151 782 revocare
2172 726 2240 783 δ’.
2267 747 2285 779 ι
2312 728 2469 784 Unde
2490 730 2633 783 enim
2661 729 2902 783 introivit
2928 728 2984 782 in
3009 725 3270 782 mundum
3296 741 3464 788 mors,

1886 816 2015 872 inde
2053 818 2251 873 iterum
2282 819 2455 887 eiecta
2485 828 2590 874 est.
2641 818 2744 875 Per
2776 820 3050 874 hominem
3083 819 3336 883 intravit,
3375 832 3468 886 per

1885 907 2162 963 hominem
2225 909 2389 963 etiam
2440 910 2680 979 ejicitur.
2751 910 2968 967 Primus
3037 911 3202 965 homo
3257 911 3465 965 aditum

1885 1000 2047 1054 morti
2074 1001 2357 1071 patefecit;
2389 1017 2484 1072 per
2508 1004 2808 1058 secundum
2837 1005 2946 1058 vita
2977 1004 3275 1068 reducitur,
3307 1004 3467 1072 cujus

1885 1089 2170 1161 ingressus
2205 1091 2557 1148 abolitionem
2588 1095 2781 1149 mortis
2806 1094 2988 1150 e'liieit.
3021 1095 3248 1166 Propter
3277 1096 3379 1149 hoc
3413 1096 3468 1150 in

1895 1180 2152 1250 abyssum
2176 1182 2369 1236 mortis
2397 1183 2682 1239 descendit
2708 1201 2804 1255 per
2831 1187 3166 1256 passionem,
3199 1193 3254 1240 ut
3281 1200 3466 1240 secum

1894 1270 1962 1324 ad
1999 1286 2234 1342 superna
2273 1274 2560 1328 reduceret
2593 1290 2715 1329 eum
2758 1277 2850 1347 qui
2891 1279 2944 1331 in
2976 1276 3310 1348 profundum
3341 1289 3463 1330 cor-

1888 1369 2096 1417 ruerat.

195 1475 287 1520 τος
315 1457 604 1527 ἄνθρωπος
634 1459 811 1530 ἧνοιξε
838 1459 916 1529 τῷ
947 1458 1162 1528 θανάτῳ
1187 1458 1284 1528 τὴν
1309 1457 1514 1510 εἴσοδον
1534 1473 1547 1487 ·
1586 1455 1676 1508 διὰ
1699 1454 1793 1509 τού
1827 1454 2077 1526 δευτέρου
2116 1456 2150 1525 ή
2221 1454 2335 1527 ζωὴ
2387 1456 2784 1526 ἀντεισάγεται,
2827 1452 2894 1529 ἧς
2935 1459 2968 1529 ἡ
3001 1456 3204 1520 εἴσοδος
3273 1460 3468 1529 ἀφανι-

198 1549 340 1616 σμὸν
357 1549 452 1602 τοῦ
484 1549 712 1604 Θανάτου
741 1552 1052 1622 ἐργάζεται.
1076 1552 1174 1604 Διά
1203 1551 1358 1604 τοῦτο
1381 1553 1439 1604 ἐν
1468 1552 1534 1621 τῇ
1594 1549 1816 1619 ἀϐύσσῳ
1853 1547 1948 1602 τοῦ
1982 1547 2234 1611 θανάτου,
2283 1551 2650 1621 κατεχομένου
2687 1551 2780 1605 τοῦ
2824 1549 3170 1624 αἰχμαλώτου
3213 1553 3317 1606 ὑπὸ
3375 1551 3467 1606 τού

198 1648 464 1711 θανάτου.
519 1649 722 1721 κατέϐη
769 1649 860 1703 διά
904 1648 999 1702 τοῦ
1033 1649 1237 1712 πάθους
1291 1651 1372 1713 εἰς
1424 1649 1523 1718 τὴν
1562 1649 1799 1704 ἄϐυσσον
1827 1645 2055 1716 ταύτην,
2081 1639 2232 1715 ὲφ⁹ᾧ
2281 1664 2340 1700 τε
2367 1651 2690 1717 συναγαγεῖν
2724 1648 2901 1719 ἐαυτῷ
2938 1648 3097 1703 πάλιν
3129 1649 3219 1702 ἐπὶ
3240 1651 3308 1705 τὰ
3358 1651 3469 1705 ἄνω

196 1741 291 1796 τὸν
321 1741 526 1811 βύθιον.

273 1833 460 1888 Ταῦτα
485 1834 593 1905 γὰρ
617 1834 684 1886 δι’
709 1833 994 1906 ἀκριϐείας
1023 1835 1058 1906 ἡ
1090 1833 1297 1903 μεγάλη
1331 1830 1425 1885 τοῦ
1466 1829 1790 1884 ’Λποστόλου

197 1927 358 1997 φωνὴ
385 1925 732 1994 διεσάφησεν,
762 1925 896 1978 ἀλλα
930 1941 978 1977 τε
1010 1924 1181 1977 πολλὰ
1209 1923 1336 1995 περὶ
1366 1922 1568 1976 τούτων
1598 1919 1788 1984 εἰπὼν,

197 2017 339 2087 φησὶ
371 2015 472 2070 ’καὶ
503 2015 680 2068 τοῦτο·
717 2034 735 2066 ι
773 2015 982 2086 Ὥσπερ
1017 2017 1074 2067 ἐν
1102 2012 1180 2085 τῷ
1217 2013 1390 2084 Ἀδάμ
1417 2013 1620 2074 πάντες
1651 2011 1786 2064 ἀπο-

198 2108 544 2180 θνήσκομεν·
597 2106 770 2170 οὕτως
813 2106 870 2159 ἐν
902 2105 979 2177 τῷ
1015 2103 1237 2177 Χριστῷ
1281 2105 1479 2166 πάντες
1525 2099 1791 2170 ζωοποιη-

198 2201 483 2272 θησὸμεθα
507 2197 639 2270 (62).
657 2221 676 2255 ι
697 2198 793 2253 Διά
811 2201 963 2256 τοῦτο
977 2199 1073 2268 τῆς
1091 2195 1404 2267 ἐπιγραφῆς
1430 2215 1449 2247 ι
1486 2193 1656 2264 ’Υπὲρ
1683 2189 1792 2244 τῶν

201 2292 442 2363 πρώτων
477 2292 588 2363 (65)
630 2289 1172 2362 αἰχμαλωτισθέντων
1215 2308 1232 2341 ι
1274 2286 1517 2358 γίνεσθαι
1553 2284 1651 2356 τὴν
1702 2281 1790 2337 διὰ

200 2384 410 2454 σαρκὸς
452 2383 766 2454 οἰκονομίαν
797 2380 889 2434 τοῦ
924 2381 1128 2452 Κυρίου
1185 2377 1414 2451 βοώσης,
1457 2376 1642 2448 βύουσι
1692 2372 1794 2444 τὴν

201 2476 376 2546 ἀκοὴν
441 2475 715 2547 Ἑϐραῖοι,
773 2475 865 2528 καὶ
916 2473 1014 2545 τὴν
1057 2473 1368 2546 ἐπιγραφὴν
1417 2470 1480 2524 ού
1537 2467 1790 2540 προσίεν-

200 2581 294 2618 ται
308 2565 445 2635 (64).
951 2605 954 2608 .

277 2655 466 2719 υύτως
505 2657 564 2710 ἐν
588 2655 668 2727 τῷ
698 2653 1065 2727 ἐννενηκοστῷ
1093 2655 1193 2726 τὴν
1227 2653 1394 2726 αὐτὴν
1419 2653 1674 2725 εὑρήσεις
1701 2653 1792 2709 αῖ-

199 2747 328 2800 τίαν
355 2746 450 2800 τοῦ
489 2746 566 2819 μὴ
600 2745 998 2817 παραδέχεσθαι
1043 2747 1171 2810 τοὺς
1206 2746 1490 2818 Ἑϐραίους
1526 2745 1637 2816 (65)
1690 2745 1792 2818 τὴν

199 2837 510 2910 δηλωτικὴν
556 2839 651 2910 τῆς
696 2837 790 2892 τοῦ
824 2837 1059 2909 Χριστοῦ
1087 2838 1403 2907 θεοφανείας
1453 2838 1787 2910 ἐπιγραφήν.

214 2928 381 2996 Ἡμῖν
413 2927 514 2997 μὲν
543 2929 694 2998 γαρό
718 2941 820 2997 μνη
830 2927 1103 2996 μονευθείς
1123 2921 1356 2997 ψαλμδς,
1374 2941 1394 2976 ι
1415 2915 1572 2992 Αἶνός
1595 2946 1612 2979 ι
1638 2928 1788 2980 ἐστιν

203 3037 226 3070 ι
247 3019 443 3089 ᾠδῆς.»
472 3017 584 3081 Πᾶς
602 3017 711 3089 γὰρ
736 3013 886 3081 αἶνος
918 3019 998 3082 εἰς
1034 3016 1169 3073 Θεὸν
1207 3019 1306 3092 τὴν
1332 3017 1611 3091 ἀναφορὰν
1651 3018 1786 3090 ἔχει.

1967 1826 2090 1882 Hice
2124 1836 2380 1883 accurate
2414 1843 2644 1900 magnus
2671 1829 2968 1901 Apostolus
2999 1832 3289 1902 patefecit,
3324 1843 3383 1888 ut
3415 1841 3469 1889 et

1892 1917 1998 1971 alia
2018 1919 2209 1982 multa,
2238 1926 2292 1972 et
2314 1927 2510 1987 praeter
2531 1927 2724 1974 caetera
2750 1920 2881 1974 illud
2908 1940 2919 1975 :
2953 1941 2970 1972 ε
3000 1920 3465 1987 Quemadmodum

1891 2009 1946 2062 in
1991 2009 2164 2062 Adam
2215 2023 2408 2063 omnes
2441 2011 2727 2076 morimur,
2778 2013 2858 2066 sic
2906 2012 2960 2066 in
3005 2011 3229 2067 Christo
3277 2017 3467 2069 omnes

1891 2100 2236 2154 vivificamur
2256 2099 2325 2153 '°.
2359 2119 2378 2151 ι
2407 2100 2677 2166 Quocirca
2696 2116 2820 2155 cum
2844 2102 3180 2174 inscriptio,¢
3213 2101 3319 2158 Pro
3340 2118 3469 2174 cap-

1892 2189 2040 2256 tivis,
2073 2204 2091 2240 ι
2123 2189 2271 2244 clara
2305 2205 2438 2245 voce
2471 2193 2756 2248 annuutiet
2785 2191 2999 2248 Domini
3025 2194 3199 2249 nostri
3225 2195 3278 2249 in
3304 2211 3468 2250 carne

1891 2281 2256 2336 oeconomiam
2292 2287 2346 2334 et
2368 2281 2856 2352 dispensationem,
2892 2298 3055 2343 aures
3084 2285 3346 2342 obturant
3371 2285 3468 2341 Ju-

1892 2369 2016 2437 daei,
2043 2370 2570 2444 inscriptionemquc
2591 2373 2871 2446 rejiciunt.

1963 2644 2056 2702 Sic
2085 2643 2140 2700 in
2173 2646 2528 2718 nonagesimo
2547 2647 2758 2718 psalmo
2778 2642 3024 2703 eamdem
3050 2645 3318 2720 repeteris
3339 2664 3470 2704 cau-

1890 2747 2032 2799 sam,
2089 2732 2342 2789 videlicet
2394 2734 2808 2806 inscriptionem
2857 2737 3054 2792 divinae
3110 2739 3471 2808 apparitionis

1889 2824 2094 2881 Christi
2145 2826 2201 2880 in
2255 2841 2420 2882 carne
2461 2828 2923 2899 signiﬁcatricem.
2967 2829 3124 2900 Apud
3181 2846 3282 2885 nos
3323 2831 3470 2886 enim

1892 2915 2188 2987 praedictus
2218 2919 2462 2989 psalmus
2495 2919 2567 2973 ita
2593 2919 2753 2979 habet
2787 2938 2799 2974 :
2835 2939 2854 2971 ‹
2883 2917 3027 2975 Laus
3052 2921 3306 2977 cantici.»
3334 2921 3470 2977 Nam

1891 3007 2069 3062 omnis
2124 3008 2244 3063 laus
2289 3007 2358 3064 ad
2407 3007 2574 3065 Deum
2612 3010 2866 3067 refertur.
2903 3006 2968 3066 At
3003 3010 3215 3066 Hebraei
3255 3009 3469 3068 laudem

201 3111 268 3161 υἱ
297 3108 358 3162 δὲ
399 3108 636 3182 Ἑϐραῖοι
667 3108 860 3178 σιγῶσι
891 3109 982 3163 τὸν
1006 3106 1176 3176 αἶνον,
1206 3111 1300 3165 καὶ
1323 3113 1434 3174 τοῖς
1456 3109 1666 3165 αίνοῦσι
1695 3110 1788 3165 τὸν

1907 3097 2146 3161 reticent,
2183 3097 2581 3170 Dominumquc
2613 3101 2965 3158 laudantibus
2995 3103 3272 3158 silentium
3304 3099 3474 3174 impeé

204 3201 414 3272 Κύριον
445 3203 606 3273 σιγᾷν
655 3201 1054 3271 ἐγκελεύονται.
1091 3197 1338 3258 Κωλύειν
1359 3202 1489 3272 γοῦν
1520 3201 1632 3274 (66)
1670 3205 1790 3257 ἐπι-

203 3293 484 3366 χειροῦσιν
537 3295 596 3347 ἐν
640 3293 718 3364 τῷ
771 3293 901 3366 ίερῷ
933 3296 1058 3359 τοὺς
1092 3295 1287 3360 παῖδας
1333 3297 1502 3349 αἰνεῖν
1533 3295 1626 3347 ἐπὶ
1671 3279 1792 3359 ταῖς

204 3388 480 3451 εὐποιίαις
516 3387 608 3441 τὸν
648 3387 874 3458 Κύριον,
908 3386 1092 3451 καθὼς
1133 3385 1435 3458 στηλιτεύει
1482 3385 1662 3440 αὐτῶν
1688 3385 1791 3456 τὴν

205 3478 605 3549 ἀγνωμοσύνην
633 3477 691 3532 τὸ
718 3475 1068 3547 Εύαγγέλιον.
1098 3478 1246 3532 Λύτά
1281 3478 1338 3532 δὲ
1384 3477 1478 3532 τοῦ
1509 3477 1659 3530 αἴνου
1692 3476 1791 3547 τῆς

205 3569 352 3639 ᾠδῆς
378 3569 584 3639 ταύτης
606 3569 674 3622 τὰ
700 3569 936 3640 ῥήματα,
969 3569 1219 3638 περιττὸν
1239 3568 1306 3623 ἂν
1328 3569 1412 3642 εἴη
1437 3567 1524 3620 διὰ
1549 3567 1645 3638 τῆς
1666 3565 1794 3620 θεω-

209 3661 333 3732 ρίας
360 3661 757 3721 ἀποδεικνύειν,
787 3661 923 3732 πρὸς
946 3661 1036 3713 τὸν
1063 3661 1266 3732 Κύριον
1289 3660 1573 3731 βλέποντα,
1601 3658 1795 3728 γυμνό-

206 3771 364 3825 τερον
394 3753 565 3823 αὐτῆς
593 3753 692 3822 τῆς
721 3750 917 3818 λέξεως
937 3752 1044 3805 τῶν
1068 3751 1467 3824 γεγραμμένων
1495 3749 1594 3822 τὴν
1615 3749 1796 3804 τοιαύ-

207 3861 308 3915 την
341 3843 714 3916 ἐμφαινούσης
742 3844 1002 3898 διάνοιαν.

299 4087 359 4138 ’0
387 4085 447 4138 δὲ
478 4084 617 4154 μετά
649 4083 741 4137 τὸν
777 4081 994 4154 πρῶτον
1026 4079 1147 4138 καῖ’
1169 4083 1571 4156 ἐννενηκοστὺν,
1601 4083 1711 4154 ἔχει
1742 4101 1796 4136 τι

212 4177 314 4230 πά)
328 4196 376 4230 ιν
412 4181 469 4230 ἐν
504 4179 570 4247 τῇ
607 4177 887 4248 ἐπιγραφῇ
915 4156 1312 4249 φανερώτερον,
1339 4171 1398 4231 οὗ
1421 4177 1579 4248 χάριν
1607 4175 1796 4246 φεύγει

210 4271 239 4321 ὁ
277 4269 579 4332 Ἰουδαῖζων
619 4270 717 4339 τὴν
763 4269 861 4339 τῆς
896 4270 1207 4340 ἐπιγραφῆς
1247 4268 1659 4337 συγκατάθεσιν.
1690 4270 1797 4337 Φη-

214 4363 299 4414 οὶν
337 4360 449 4430 γὰρ
480 4361 516 4431 ἡ
557 4360 703 4426 λέξις
729 4358 922 4423 οὕτως’
953 4381 972 4412 ‹
1006 4357 1164 4424 Αἶνος
1189 4360 1332 4431 ᾠδῆς
1379 4359 1472 4412 τοῦ
1507 4358 1687 4424 Δαυῖδ,
1714 4361 1796 4422 εἰς

1891 3198 2038 3246 rant.
2066 3189 2278 3246 Etenim
2317 3201 2373 3247 et
2401 3208 2602 3263 pueros
2633 3195 2687 3248 in
2719 3195 2922 3266 templo
2954 3183 3242 3249 Dominum
3275 3196 3347 3250 ob
3381 3197 3473 3250 bc-

1891 3285 2085 3340 neficia
2117 3285 2437 3348 laudantes.
2469 3289 2731 3345 cohibere
2773 3298 3068 3354 conantur,
3103 3300 3264 3360 prout
3298 3289 3474 3344 Evan-

1891 3376 2092 3447 gelium
2121 3377 2187 3432 de
2217 3377 2321 3433 hac
2350 3379 2567 3434 illorum
2617 3380 2955 3449 insipientia,
2997 3380 3144 3434 velut
3172 3381 3224 3434 in
3257 3381 3436 3434 culum
3457 3411 3469 3420 -

1893 3483 1961 3522 na
2051 3469 2245 3530 incisa,
2277 3470 2677 3524 teStificatur“.
2704 3468 3047 3539 Supetlluum
3075 3485 3202 3524 vero
3221 3470 3478 3524 fortassis

1895 3555 2078 3621 fuerit,
2111 3557 2157 3612 si
2185 3557 2300 3627 ipsa
2335 3557 2510 3613 laudis
2544 3558 2744 3612 cantici
2778 3557 2942 3626 hujus
2976 3560 3160 3622 verba,
3190 3575 3286 3629 per
3338 3577 3470 3613 con-

1895 3645 2280 3702 siderationem
2353 3648 2737 3719 singulorum,
2799 3649 3088 3705 ostendere
3168 3663 3336 3703 coner
3402 3651 3468 3702 ad

1900 3737 2186 3793 Dominum
2235 3745 2504 3808 spectare,
2548 3755 2672 3794 cum
2720 3741 2836 3810 ipsa
2885 3739 3272 3810 descriptionis
3303 3741 3471 3794 dictio

1895 3839 1950 3885 et
1980 3832 2156 3886 oratio
2203 3831 2420 3901 planius
2467 3841 2522 3886 et
2554 3833 2758 3888 clarius
2801 3833 2946 3889 hunc
2997 3843 3216 3888 St'ltStlttt
3272 3847 3473 3903 reprae-

1897 3927 2098 3976 sentet.

1967 4073 2365 4145 Nonagesimus
2396 4075 2670 4132 secundus
2718 4086 2898 4134 autem
2929 4079 3134 4150 aliquid
3176 4079 3229 4134 in
3277 4080 3474 4136 inseri.

1899 4167 2085 4236 ptionc
2141 4167 2487 4224 manifestius
2553 4185 2664 4240 pra:
2721 4187 2782 4226 se
2843 4171 2987 4238 fert,
3051 4182 3270 4242 propter
3325 4177 3472 4244 quod

1897 4257 2118 4315 Judaeus
2181 4261 2594 4331 inscriptionem
2670 4263 2817 4317 illam
2886 4280 2996 4318 non
3055 4265 3310 4320 admittit.
3382 4266 3474 4319 Sic

1898 4351 2044 4404 enim
2075 4351 2143 4405 ad
2173 4353 2396 4407 verbum
2430 4353 2594 4407 habet
2641 4371 2654 4406 :
2705 4373 2720 4404 ι
2769 4353 2914 4408 Laus
2963 4357 3161 4411 cantici
3199 4355 3363 4411 David
3417 4359 3473 4410 in

211 4451 313 4521 τὴν
341 4451 557 4523 ἡμέραν
602 4451 698 4505 τοῦ
729 4453 1029 4520 Σαϐϐἀτου,
1063 4453 1156 4507 ὅτε
1195 4451 1530 4522 κατῴκισται
1567 4449 1600 4522 ἡ
1637 4452 1726 4521 γῆ.
1773 4469 1790 4501 ι

1907 4443 2044 4497 diem
2092 4443 2352 4509 Sabb'ati,
2407 4445 2627 4514 quando
2675 4444 2896 4500 fundata
2931 4456 3015 4502 est
3068 4457 3229 4503 terra.
3276 4467 3295 4499 ι
3339 4447 3474 4514 Quis

214 4543 311 4605 Τίς
339 4541 453 4611 γὰρ
486 4542 586 4596 ούκ
622 4538 733 4596 οἶδε
761 4543 870 4596 τῶν
912 4533 1398 4614 παραδεδεγμένων
1425 4541 1515 4594 τὸν
1542 4541 1670 4612 περὶ
1701 4541 1791 4610 τῆς

1907 4535 2043 4590 enim
2078 4551 2144 4589 ex
2185 4535 2295 4590 illis
2319 4576 2334 4602 ,
2371 4537 2462 4604 qui
2505 4536 2723 4606 pietatis
2766 4538 3050 4606 disciplina
3097 4540 3288 4596 itnbuti
3324 4554 3471 4606 sunt,

217 4636 504 4698 εὐσεϐείας
525 4636 702 4704 λόγον,
725 4637 806 4689 ὅτι
827 4639 891 4707 τῇ
923 4635 1106 4707 ἡμέρᾳ
1126 4635 1219 4689 τοῦ
1253 4633 1553 4697 Σαϐϐάτου,
1581 4628 1639 4687 τὸ
1661 4635 1791 4688 κατά

1907 4629 2094 4691 nescit,
2143 4627 2232 4682 die
2278 4627 2540 4692 Sabhati,
2597 4629 2728 4682 illud
2768 4639 2960 4684 contra
2996 4639 3225 4687 mortem
3272 4643 3476 4704 myste—

214 4724 306 4778 τὸν
328 4722 562 4777 θάνατον
601 4723 877 4795 ἐνηργήθη
921 4726 1235 4795 μυστήριον,
1267 4723 1509 4796 ἀκριϐῶς
1551 4724 1690 4778 κατά
1713 4724 1791 4777 τὺι

1907 4722 2041 4776 rium
2083 4729 2363 4791 peractum
2401 4735 2545 4787 esse,
2577 4719 2841 4775 immobili
2889 4729 3142 4776 manente.
3177 4722 3474 4777 secundum

217 4814 383 4886 νόμον
411 4815 668 4884 ἀκινήτου
700 4814 983 4884 μείναντος
1015 4814 1126 4884 (67)
1155 4815 1212 4866 ἐν
1239 4811 1316 4883 τῷ
1348 4809 1590 4885 μνήματι
1619 4813 1791 4882 κοίτης

1907 4813 2042 4883 legis
2079 4811 2552 4883 praescriptionem
2581 4848 2596 4872 ,
2635 4811 2688 4864 in
2740 4810 2908 4866 cubili
2941 4811 3178 4880 sepulcri
3244 4825 3476 4881 corpore

220 4905 432 4959 ἐκείνου
457 4904 552 4957 τοῦ
585 4905 699 4974 (68)
734 4902 1016 4975 σώματος
1049 4892 1156 4958 Καῒ
1190 4905 1290 4976 τὴν
1316 4901 1530 4976 ἡμέραν
1566 4899 1791 4975 ἐκείνην,

1907 4904 2036 4958 illo?
2063 4895 2198 4969 Quis
2233 4893 2361 4956 item
2390 4902 2603 4966 nescit,
2635 4895 2756 4971 qua:
2800 4901 2872 4956 sit
2907 4901 3046 4964 dies,
3078 4899 3298 4970 quando
3327 4907 3472 4954 terra

223 4998 312 5052 δτε
343 4997 660 5068 κατῳκίσθη
709 4999 742 5069 ἡ
774 5000 846 5070 γῆ
887 4999 993 5052 ύπδ
1015 4997 1109 5052 τοῦ
1142 4995 1384 5051 οἰκιστοῦ
1423 4995 1601 5067 ἡμῶν,
1638 4997 1695 5060 ὃς
1716 4997 1791 5050 διὸ

1907 5002 2088 5050 creata
2126 5001 2180 5047 et
2211 4991 2435 5046 fundata
2458 4999 2545 5048 est
2577 5007 2606 5046 a
2633 4992 2921 5048 conditore
2953 4998 3164 5056 nostro,
3191 4989 3281 5060 qui
3317 5004 3475 5044 ever-

289 5185 336 5218 “
369 5184 528 5241 Rom.
569 5201 624 5252 ι,
663 5184 718 5250 6,
742 5183 794 5239 7.
870 5185 966 5250 “,l
1015 5187 1141 5241 Cor.
1169 5201 1286 5258 ιν,
1323 5184 1417 5241 ‘22.
1494 5185 1535 5218 ⁸¹
1595 5183 1788 5240 Matth.
1816 5197 1929 5248 ut,
1961 5182 2014 5248 7,
2042 5183 2096 5238 8.

439 5361 917 5439 ζωοποιησόμεθα,
942 5364 1031 5420 ed.
1079 5379 1083 5383 λ
1215 5361 1225 5366 ’

1983 5357 2096 5439 (‘29?
2129 5356 2269 5439 [ἀει
2290 5357 2380 5439 ες»

317 5426 408 5508 (ἐξ)
439 5426 688 5508 Ερώτξιθηί
707 5426 818 5488 Olit-
844 5426 954 5508 0d}-

1981 5426 2097 5508 (ἓἶί
2129 5426 2253 5508 Ἐτὶὶ
2299 5427 2401 5498 τῆς
2424 5441 2534 5508 om.
2562 5426 2654 5485 ed.

318 5503 408 5574 64)
443 5497 860 5574 ῌροσδέχονται,
890 5503 978 5560 ed.

1985 5497 2098 5570 (68)
2131 5497 2240 5555 Τοῦ
2272 5497 2500 5556 011).εὼ

295 5573 406 5644 (65)
436 5573 565 5636 Τοῖς
601 5573 892 5646 Ἑϐραίοις,
925 5574 1014 5630 ed.

509 5674 784 5731 Ρλτιιοι..
818 5668 937 5731 (in.
972 5667 1200 5732 XLIV.

3085 5655 3160 5715 1³1
