3756 5988
322 191 428 246 59.3

1546 188 1602 241 S.
1633 186 1956 242 GdEGORII
1996 184 2286 239 NYSSENI

3472 186 3577 243 εει

324 310 490 364 tendo
511 308 865 365 habitationis
889 317 1088 363 nostra:
1109 322 1441 371 eversorem,
1465 322 1660 361 rursus
1678 307 1729 360 id
1749 305 1892 375 quod

2105 303 2219 373 (69)
2271 304 2572 358 καταλῦσαι
2616 305 2706 359 τὸν
2764 306 3091 378 καθαιρέτην
3148 307 3246 376 τῆς
3298 305 3577 375 ἡμετέρας

322 403 443 456 solo
470 408 742 470 aequatum
773 409 913 466 eral,
936 417 1002 457 ex
1037 399 1406 455 fundamentis
1440 398 1708 454 restituit?
1733 399 1895 451 Ever-

318 508 414 548 εον
435 500 616 545 autem
647 499 834 546 noster
867 506 1016 545 mors
1054 497 1194 556 erat,
1226 505 1389 559 quam
1424 497 1555 543 tunc
1588 487 1891 548 evacuavit,

321 580 543 650 quando
587 579 746 633 nobis
793 579 1012 648 quidem
1062 578 1446 648 requiescere,
1496 585 1550 630 et
1596 574 1888 630 Sabbatmr

320 683 487 739 agere
516 668 824 733 videbatur,
858 683 1087 722 manens
1116 668 1168 721 in
1201 682 1309 737 quo
1352 675 1471 720 erat
1506 666 1626 719 loco
1647 706 1662 726 ,
1696 665 1893 718 immo-

324 760 471 814 bilis.
502 757 694 814 Mortis
718 773 844 813 vero
866 758 1162 828 potentiam
1194 757 1507 820 debellavit,
1542 756 1725 825 seipse
1753 756 1892 809 viam

318 859 579 905 sternens
617 849 874 904 omnibus
922 850 1157 902 mortuis
1207 847 1275 901 ad
1331 847 1783 902 resurrectionem
1829 860 1895 897 ex

318 949 517 995 morte.
546 940 651 994 Sed
680 955 788 994 non
814 940 1011 1008 recipit
1034 939 1255 993 Sabbati
1283 937 1606 1008 mysterium
1632 936 1893 991 inimicus

327 1034 511 1088 crucis
557 1033 785 1088 Christi.
828 1018 1173 1100 Quapropter
1219 1039 1276 1084 et
1314 1030 1426 1083 haec
1467 1028 1707 1082 laudatio
1751 1026 1894 1096 apud

324 1124 475 1193 ipsos
508 1124 867 1193 inscriptione
896 1132 1075 1187 caret;
1106 1137 1213 1176 non
1238 1123 1382 1176 enim
1414 1121 1721 1175 concedunt
1751 1119 1897 1174 hunc

319 1230 447 1269 esse
486 1214 794 1274 Dominum,
829 1211 920 1281 qui
951 1226 1074 1265 cum
1101 1212 1338 1280 seipsum
1374 1210 1530 1264 nobis
1562 1206 1898 1264 conformas-

320 1317 439 1369 set,
477 1313 831 1373 nostramque
876 1302 1251 1358 confusionem
1307 1301 1360 1355 in
1399 1301 1571 1355 forma
1612 1300 1754 1355 servi
1809 1300 1895 1353 in-

325 1395 567 1457 duisset,
601 1411 793 1450 rursus
824 1394 1088 1465 regnavit,
1123 1402 1177 1447 et
1210 1393 1489 1462 proprium
1515 1392 1768 1445 decorem
1807 1391 1894 1443 iu-

326 1488 463 1547 duit,
488 1494 548 1540 et
582 1486 879 1554 potentiam
929 1484 1032 1537 sibi
1068 1480 1448 1536 circumdedit.
1491 1479 1737 1534 Potentia
1767 1494 1897 1534 vero

327 1586 381 1631 et
409 1577 570 1631 decor
614 1575 773 1639 Filii,
808 1573 967 1627 Pater
1004 1583 1106 1628 est.
1160 1571 1259 1626 Hic
1311 1572 1631 1626 dissolutam
1677 1579 1900 1640 peccato

1995 396 2278 465 οἰκήσεως,
2307 394 2468 448 πάλιν
2489 396 2550 448 τὸ
2579 395 2875 466 ἐρειπωθὲν
2914 397 2973 460 ἐξ
3010 396 3259 465 ὑπαρχῆς
3287 395 3577 465 ᾠκοδόμη-

1998 502 2090 538 σεν
2131 505 2146 553 ;
2180 487 2312 541 Ὀδὲ
2335 486 2666 559 καθαιρέτης
2702 490 2734 557 ἡ
2745 487 2859 557 μῶν
2886 489 2914 541 6
2966 486 3194 550 θάνατος
3220 481 3308 557 ἦν.
3342 486 3403 538 ὃν
3458 488 3579 540 τότε

1998 578 2369 648 κατήργησεν,
2413 579 2502 631 ὅτε
2540 580 2671 648 ἡμῖν
2707 579 2804 648 μὲν
2835 578 3180 642 σα66ατίζειν
3214 575 3329 647 (70)
3378 577 3578 640 ἐδόκει,

2000 667 2176 736 μένων
2207 670 2265 721 ὲν
2303 662 2347 736 ᾧ
2384 664 2451 738 ἦν
2481 670 2630 739 τόπῳ
2672 670 2943 740 ἀκίνητος.
2982 670 3092 739 Τὴν
3124 669 3182 721 δὲ
3214 666 3307 721 τοῦ
3343 667 3579 722 θανάτου

1997 756 2401 827 κατηγωνίζετο
2435 758 2686 825 δύναμιν,
2716 758 2973 812 ὁδοποιῶν
3013 758 3078 812 δι’
3118 758 3309 811 ἑαυτοῦ
3347 759 3463 821 τοῖς
3495 774 3582 810 τε·

1999 846 2194 901 θνεῶσι
2243 850 2377 901 πᾶσι
2423 849 2521 919 τὴν
2555 852 2617 902 ὲκ
2647 850 2740 901 τοῦ
2792 849 3023 903 θανάτου
3068 849 3385 902 ἀνάστασιν.
3440 847 3582 901 Ἀλλ’

1997 938 2060 990 οὐ
2090 938 2306 1008 δέχεται
2337 939 2399 991 τὸ
2426 940 2518 992 τοῦ
2553 941 2831 994 Σαϐϐάτου
2866 942 3161 1012 μυστήριον
3193 942 3221 993 6
3264 939 3460 1010 ἐχθρὸς
3486 938 3579 991 τοῦ

1998 1029 2236 1099 σταυροῦ
2268 1029 2363 1083 τοῦ
2397 1031 2654 1100 Χριστοῦ.
2703 1034 2794 1085 Διὸ
2843 1032 2937 1085 καὶ
2978 1026 3133 1096 οὗτός
3175 1032 3324 1084 ἐστιν
3352 1033 3382 1084 6
3433 1027 3581 1092 αἶνος

1998 1123 2130 1190 παρ’
2186 1123 2369 1185 αὐτοῖς
2413 1123 2803 1193 ἀνεπίγραφος.
2858 1124 2934 1178 Ού
2990 1124 3099 1195 γὰρ
3149 1123 3461 1177 συντίθεται
3498 1124 3578 1176 ὅτι

1997 1205 2151 1276 οὗτός
2184 1215 2331 1267 ἐστιν
2364 1217 2392 1267 ὁ
2429 1215 2651 1286 Κύριος.
2679 1215 2707 1267 δ
2733 1215 2843 1283 (7t)
2874 1214 2994 1268 καθ’
3024 1217 3171 1286 ἡμᾶς
3213 1215 3407 1268 ἑαυτὸν
3449 1232 3579 1285 σχη-

2001 1300 2254 1371 ματίσας,
2298 1304 2392 1356 καὶ
2430 1304 2528 1372 τὴν
2570 1305 2843 1375 ἡμετέραν
2875 1305 3133 1375 αἰσχύνην
3178 1304 3578 1376 περιϐαλλόμε-

1998 1408 2085 1454 νος
2120 1392 2231 1460 (72)
2263 1394 2320 1445 ὲν
2345 1397 2411 1464 τῇ
2446 1393 2540 1446 τοῦ
2580 1394 2765 1448 δούλου
2801 1399 3002 1466 μορφῇ,
3041 1397 3202 1449 πάλιν
3233 1395 3575 1458 ὲὸασίλευσε,

1999 1482 2092 1534 καὶ
2116 1484 2214 1551 τὴν
2245 1484 2382 1536 ἰδίαν
2410 1485 2741 1557 εὐπρέπειαν
2782 1486 3083 1551 ἐνεδύσατο,
3124 1487 3215 1540 καὶ
3244 1487 3345 1555 τὴν
3384 1486 3576 1539 ἑαυτοῦ

2000 1573 2358 1643 περιεϐάλετο
2380 1573 2628 1644 δύναμιν.
2670 1576 2907 1645 Δύναμις
2939 1576 2994 1628 δὲ
3022 1577 3115 1629 καί
3143 1576 3451 1644 εὐπρέπεια
3488 1575 3579 1629 τοῦ

329 1675 576 1720 naturam
602 1665 797 1718 iterum
822 1662 1219 1724 corroboravit,
1247 1671 1304 1715 ιιι
1336 1677 1403 1715 ne
1425 1661 1660 1730 amplius
1684 1660 1750 1715 ad
1775 1676 1895 1730 pec-

2082 1662 2132 1716 96
2164 1665 2191 1716 6
2222 1664 2429 1734 Πατήρ.
2463 1657 2631 1728 Οὗτος
2663 1664 2915 1718 λυθεῖσαν
2944 1666 3011 1719 δι’
3047 1666 3319 1736 ἁμαρτίας
3342 1664 3452 1734 τὴν
3485 1669 3577 1718 ἀν-

329 1767 508 1812 entum
545 1754 932 1819 delaberetur,
969 1769 1146 1822 neque
1191 1753 1447 1822 procellis
1491 1752 1635 1813 illis,
1686 1767 1803 1821 qutr
1842 1752 1895 1805 in

328 1854 554 1919 peccato
573 1847 866 1911 exsistunt,
900 1845 1232 1915 agitaretur;
1266 1843 1540 1913 multaque
1569 1843 1673 1896 alia
1703 1842 1898 1897 divinae

328 1941 517 2011 gratia:
551 1939 848 2005 beneficia,
891 1954 1013 1993 cum
1053 1950 1149 2005 per
1191 1936 1479 2005 aenigmata
1514 1934 1895 1999 decantasset,

328 2033 524 2088 ﬂuvios
552 2032 816 2102 quosdam
847 2030 1004 2085 valde
1032 2037 1291 2084 sonantes
1328 2025 1576 2091 inducit,
1608 2026 1895 2095 Evangeli-

329 2139 444 2187 cas,
477 2133 534 2177 ut
567 2123 825 2186 arbitror,
862 2136 1022 2176 voces
1046 2118 1361 2187 designans.
1396 2114 1461 2169 Et
1492 2116 1620 2185 quid
1648 2130 1785 2184 opus
1813 2123 1896 2170 est

328 2213 565 2283 singula,
599 2226 719 2281 quae
754 2210 806 2263 in
838 2208 1139 2279 psalmodia
1169 2208 1373 2276 scripta
1406 2212 1568 2268 sunt,
1604 2206 1852 2273 persequi
1879 2221 1894 2270 ;

329 2322 452 2359 cum
473 2305 620 2358 nulla
658 2305 728 2360 sit
762 2305 814 2356 in
857 2301 1058 2357 divinis
1089 2300 1254 2354 dictis
1289 2298 1586 2362 dubitatio,
1623 2299 1753 2368 quin
1784 2305 1895 2351 tota

330 2397 419 2448 illa
463 2394 762 2464 hymnodia
796 2393 851 2446 in
894 2392 1046 2447 illum
1087 2397 1395 2457 competat,
1431 2388 1523 2457 qui
1559 2386 1810 2440 ascendit
1845 2387 1900 2439 in

325 2484 673 2553 jttbilatione,
696 2483 787 2552 qui
819 2481 1131 2536 testimonia
1162 2493 1258 2532 sua
1296 2476 1534 2546 legitima
1557 2475 1904 2529 confessione

332 2576 553 2638 firmat,
594 2574 687 2643 qui
729 2570 1164 2628 sanctificatione
1202 2567 1427 2635 Spiritus
1472 2565 1749 2635 propriam
1800 2563 1901 2619 Ec-

330 2666 511 2735 clesia:
553 2665 774 2718 domum
818 2660 1079 2731 insignire
1105 2656 1439 2712 constituit?

2003 1753 2280 1824 θρωπίνην
2310 1754 2421 1824 (75)
2455 1755 2636 1823 φύσιν,
2686 1756 2846 1808 πάλιν
2883 1756 3115 1828 στερρὰν
3163 1755 3574 1826 ἀπειργάσατοο

2002 1844 2078 1908 ὡς
2109 1845 2303 1916 μηκέτι
2337 1846 2506 1915 αὐτὴν
2540 1846 2675 1916 πρὸς
2719 1847 2916 1901 κακίαν
2944 1847 3286 1918 ἀπωσθῆναι,
3322 1848 3461 1918 μηδὲ
3491 1847 3581 1899 τὸν

2003 1936 2060 1987 ὲν
2100 1936 2343 2006 ἁμαρτίᾳ
2398 1935 2650 2002 δέξασθαι
2696 1936 2809 2009 (74)
2852 1939 3032 1993 σάλον.
3087 1939 3198 1992 Καὶ
3249 1937 3423 1991 πολλά
3467 1938 3581 2007 (75)

2004 2027 2137 2081 ἄλλα
2178 2027 2245 2081 δι’
2270 2027 2607 2098 αἰνιγμάτων
2639 2029 3029 2100 ἀνευφημήσας
3060 2030 3158 2101 τὴν
3193 2030 3378 2100 χάριν,
3415 2047 3583 2083 ποτα-

2006 2119 2138 2190 μούς
2180 2136 2333 2183 τινας
2377 2120 2589 2189 μεγάλα
2631 2121 2893 2190 ἡχοῦντας
2915 2120 2994 2192 τῷ
3041 2122 3185 2193 λόγῳ
3226 2122 3579 2193 προστίθησι.

1999 2209 2097 2272 τὰς
2127 2209 2235 2279 (76)
2295 2209 2401 2263 τῶν
2435 2210 2802 2278 Εὐαγγελίων,
2833 2213 2909 2276 ὡς
2949 2208 3124 2283 οἶμαι,
3155 2212 3327 2280 λέγων
3372 2214 3579 2282 φωνάς.

2002 2301 2112 2352 Καὶ
2141 2300 2190 2352 τί
2206 2304 2310 2372 χρὴ
2327 2299 2394 2353 τά
2424 2300 2542 2354 καθ’
2561 2302 2788 2355 ἕκαστον
2815 2301 3062 2366 διεξιέναι
3088 2302 3196 2354 τῶν
3220 2304 3278 2355 ἐν
3310 2305 3379 2373 τῇ
3406 2303 3586 2373 ψαλμ-

2000 2391 2132 2461 ῳδίᾳ
2170 2391 2603 2462 γεγραμμένων,
2647 2392 2903 2462 οὔδεμιᾶς
2948 2393 3115 2463 οὔσης
3161 2396 3218 2447 ἐν
3261 2397 3376 2458 τοῖς
3417 2396 3583 2459 θείοις

2003 2483 2184 2550 ῥητοῖς
2211 2479 2538 2549 ἀμφιϐολίας
2583 2480 2678 2534 τοῦ
2712 2484 2793 2546 εἰς
2822 2483 3029 2535 ἐκεῖνον
3053 2482 3269 2552 βλέπειν
3314 2484 3415 2555 τὴν
3451 2486 3583 2556 ὑμν-

2000 2571 2184 2641 ῳδίαν,
2214 2570 2303 2622 τὸν
2331 2571 2605 2625 ἀναϐάντα
2630 2572 2760 2626 Θεὸν
2790 2575 2845 2626 ὲν
2868 2573 3188 2645 ἀλαλαγμῷ,
3215 2576 3309 2627 καί¹
3335 2576 3407 2628 τὰ
3441 2593 3583 2648 μαρο

1999 2660 2157 2731 τύρια
2184 2659 2348 2714 αὑτοῦ
2377 2660 2464 2714 διὰ
2507 2663 2607 2732 τῆς
2636 2662 2847 2732 ἀγαθῆς
2874 2666 3164 2735 ὁμολογίας
3204 2665 3579 2730 πιστώσαντα,

332 2757 425 2811 καὶ
448 2755 507 2809 τὸ
526 2755 770 2825 ἀγίασμα
795 2751 888 2806 τοῦ
920 2749 1225 2820 πνεύματος
1246 2748 1324 2818 τῷ
1348 2746 1462 2817 ἰδίῳ
1484 2746 1617 2816 οἴκῳ
1645 2747 1741 2817 τῆς
1785 2748 2106 2821 Ἐκκλησίας
2134 2753 2420 2824 ἐμπρέψαι
2449 2755 2973 2825 παρασκευάσαντας

406 2930 669 2987 Similiter
695 2930 1030 3000 nauagesimi
1050 2926 1199 2982 tertii
1226 2926 1631 2997 inscriptionem
1661 2924 1904 2981 eamdem

334 3025 404 3078 ob
428 3037 649 3078 causam
677 3020 900 3076 Judazus
927 3035 1036 3074 non
1071 3019 1282 3087 recipit,
1307 3032 1427 3087 quae
1455 3017 1539 3071 his
1565 3016 1744 3071 verbis
1769 3031 1902 3070 con-

2092 2934 2362 2999 Ὠσαύτως
2394 2935 2609 2990 καὶτοῦ
2657 2937 2842 3007 τρίτου
2891 2937 3029 3007 μετά
3069 2938 3159 2992 τὸν
3201 2939 3581 3011 ὲννενηκοστδν

2009 3025 2095 3079 διά
2126 3027 2223 3094 τὴν
2260 3027 2429 3097 αὐτὴν
2466 3027 2642 3081 αἰτίαν
2673 3031 2702 3082 6
2746 3028 2993 3098 Ἐϐραῖος
3030 3029 3129 3100 τὴν
3158 3032 3478 3103 ἐπιγραφὴν
3521 3036 3580 3088 ού

333 3122 490 3185 cepta
520 3121 624 3177 est,
665 3132 683 3163 ι
715 3111 899 3166 Davidi
931 3119 1124 3180 quarta
1154 3082 1373 3163 S'abba-ti
1405 3109 1521 3163 sine
1552 3106 1902 3178 inscriptione

2087 3082 2401 3185 pa6léxeut:
2434 3116 2547 3187 ἔχει
2582 3116 2640 3170 δὲ
2669 3120 2700 3188 ἡ
2732 3082 2873 3182 λέξις
2899 3082 2998 3188 τῆς
3030 3082 3578 3191 ἑττιγραςίξῆςῖ(ἕξεωςζ

332 3204 479 3278 apud
514 3202 789 3258 Hebraeos.
833 3221 852 3254 ι

404 3431 678 3486 Cazterum
724 3426 1066 3499 mysterium,
1114 3425 1257 3494 quod
1296 3425 1348 3479 in
1396 3424 1498 3478 hoc
1531 3423 1739 3495 psalmo
1767 3438 1903 3479 con-

336 3522 568 3584 tinetur,
601 3517 961 3574 crconomiam
1009 3516 1279 3587 passionis
1310 3515 1563 3585 explicat.
1594 3514 1730 3568 Cum
1757 3514 1900 3568 enim

350 3610 616 3666 Dominus
652 3609 843 3679 quinta
889 3605 1112 3661 Sabbati
1155 3619 1186 3659 a
1229 3603 1369 3658 Juda
1412 3603 1662 3673 proditus
1714 3602 1804 3667 sit,
1847 3603 1901 3656 in

336 3716 423 3765 ea,
464 3718 587 3773 quae
624 3700 767 3755 hanc.
817 3699 960 3753 diem
1011 3694 1301 3759 antecedit,
1332 3693 1380 3749 is
1409 3694 1502 3764 qui
1538 3702 1709 3748 totum
1741 3708 1903 3746 mun-

336 3793 464 3846 dum
526 3793 707 3861 seipse
756 3787 1026 3850 redemit,
1087 3800 1118 3838 a
1162 3784 1437 3855 proditore
1500 3780 1903 3852 quodammodo

336 3884 588 3940 venditus
633 3890 768 3945 est;
824 3881 1101 3933 sie-enim
1155 3885 1210 3930 et
1276 3892 1305 3929 a
1364 3875 1626 3944 propheta
1667 3870 1901 3927 Jeremia

338 3975 539 4028 factum
583 3973 685 4025 hoc
716 3971 1051 4032 nominatur,
1087 3982 1210 4021 cum
1257 3965 1333 4019 ait
1368 3982 1380 4018 :
1419 3982 1437 4014 ι
1471 3963 1537 4016 Ει
1571 3970 1903 4032 acceperunt

335 4063 557 4131 triginta
583 4068 869 4128 argenteos
892 4058 1126 4129 pretium
1157 4054 1447 4125 appretiati
1469 4054 1536 4106 ".
1562 4072 1581 4103 ι
1615 4050 1691 4105 Eo
1721 4058 1901 4105 autem

339 4153 596 4213 consilio,
634 4161 692 4206 ut
727 4151 858 4204 mihi
911 4147 1232 4219 persuadeo,
1274 4145 1543 4201 venditur.
1580 4152 1640 4196 ut
1671 4159 1769 4198 nos
1799 4142 1901 4198 sub

339 4252 560 4312 peccato
589 4242 857 4305 venditos,
881 4255 979 4296 sua
1011 4237 1320 4293 venditione
1343 4243 1508 4290 emat.
1538 4233 1899 4300 Quamobrem

336 4334 641 4405 praevidens
697 4332 988 4403 Propheta,
1042 4329 1094 4384 id
1133 4327 1278 4398 quod
1332 4325 1579 4381 futurum
1625 4335 1764 4390 erat,
1820 4324 1900 4377 ira

2011 3225 2030 3259 ι
2070 3205 2158 3279 Τῷ
2190 3206 2373 3272 Δαυῒδ,
2412 3208 2628 3279 τετράδι
2676 3208 2987 3277 Σαϐϐάτων,
3032 3210 3405 3283 ἀνεπίγραφος
3452 3216 3581 3285 παρ’

2017 3299 2307 3371 Ἑϐραίοις.
2344 3319 2364 3350 η»

2073 3433 2145 3486 Τὸ
2175 3433 2229 3486 δὲ
2263 3437 2321 3488 ἐν
2366 3435 2537 3508 τούτῳ
2572 3439 2886 3511 μυστήριον,
2920 3442 3018 3513 τὴν
3051 3442 3178 3512 περὶ
3210 3442 3270 3496 τὺ
3309 3443 3483 3508 πάθος
3505 3447 3581 3497 οἰ-

2004 3524 2260 3595 κονομίαν
2294 3528 2672 3598 προαγορεύει.
2707 3530 2787 3600 Τῇ
2819 3529 2929 3601 γὰρ
2960 3531 3182 3604 πέμπτῃ
3230 3532 3323 3585 τοῦ
3370 3534 3581 3589 Σαϐϐά-

2002 3630 2095 3666 του
2117 3614 2217 3684 τῆς
2241 3617 2529 3686 προδοσίας
2553 3618 2703 3689 παρά
2724 3619 2815 3673 τοῦ
2846 3620 3012 3674 ’ἰούδα
3031 3621 3190 3692 [(76⁸)
3208 3625 3577 3694 γεγενημένης

2003 3703 2062 3755 ὲν
2107 3706 2175 3775 τῇ
2223 3706 2329 3775 πρὸ
2373 3706 2575 3776 ταύτης
2609 3708 2789 3779 ἡμέρᾳ
2827 3712 2855 3763 6
2899 3711 3077 3765 πάντα
3121 3713 3213 3766 τὸν
3256 3714 3463 3784 κόσμον
3512 3716 3575 3768 δι’

2004 3791 2222 3864 ἑαυτοῦ]
2259 3793 2640 3866 λυτρούμενος,
2670 3796 2774 3850 ὑπὸ
2813 3797 2906 3851 τοῦ
2942 3800 3198 3870 προδότου
3230 3803 3433 3873 τρόπον
3459 3806 3581 3859 τινὰ

2003 3881 2290 3937 πωλεῖται’
2319 3883 2461 3938 οὕτω
2505 3886 2613 3959 γὰρ
2645 3889 2738 3941 καὶ
2786 3890 2934 3958 παρά
2969 3891 3072 3962 τῆς
3109 3895 3446 3963 προφητείας
3484 3898 3584 3949 Ἱε-

2006 3971 2194 4041 ρεμίου
2251 3972 2314 4025 τὸ
2367 3975 2587 4042 γεγονὸς
2638 3977 2961 4049 ὀνομάζεται
2986 3996 3001 4010 θ
3040 4000 3058 4032 ι
3107 3983 3218 4037 Καὶ
3266 3984 3461 4039 ἔλαϐον
3510 3988 3579 4043 τά

2001 4060 2293 4132 τριάκοντα
2321 4064 2555 4137 ἀργύρια
2588 4067 2689 4139 τὴν
2708 4071 2871 4142 τιμὴν
2897 4071 2991 4125 τοῦ
3012 4076 3402 4144 τετιμημένου.
3434 4097 3454 4130 ι
3480 4080 3580 4134 Διά

2000 4150 2159 4204 τοῦτο
2190 4152 2267 4215 δὲ,
2296 4149 2468 4226 οἶμαι,
2492 4158 2770 4224 πωλεῖται,
2802 4162 2897 4239 ἵνα
2916 4165 2981 4233 τῇ
3016 4163 3207 4218 ἑαυτοῦ
3228 4167 3430 4236 πράσει
3454 4171 3580 4233 τοὺς

2002 4240 2108 4292 ὑπὸ
2152 4242 2250 4313 τῆς
2292 4246 2567 4319 ἁμαρτίας
2614 4253 2999 4322 πεπραμένους
3039 4253 3367 4329 ἐξαγοράσῃ.
3418 4260 3580 4314 Ὅθεν

2004 4333 2235 4405 προϊδὼν
2266 4337 2294 4389 6
2320 4337 2603 4412 Προφήτης
2640 4342 2700 4395 τὸ
2730 4345 3004 4414 ἐσόμενον,
3037 4347 3194 4418 θυμῷ
3222 4366 3329 4402 τινι
3361 4353 3498 4423 πρδς
3520 4353 3580 4407 τὸ

337 4426 569 4494 quadam
605 4425 659 4479 in
693 4424 902 4480 facinus
934 4420 1067 4477 illud
1097 4419 1425 4481 concitatur,
1473 4417 1639 4471 Deum
1677 4416 1900 4470 ultionis

2082 4425 2289 4496 νόμενον
2334 4428 2688 4501 διεγείρεται,
2740 4436 2871 4489 Θεὸν
2911 4416 3237 4508 ἐκδικήσεων
3275 4416 3581 4511 (Win-616v

336 4516 490 4569 illum
534 4516 802 4581 vocitans,
859 4522 914 4569 et
964 4523 1022 4567 ut
1063 4512 1354 4571 exaltetur,
1404 4509 1498 4578 qui
1549 4515 1767 4577 propter
1800 4519 1902 4558 nos

336 4606 657 4661 humiliatus
694 4615 801 4669 est,
855 4617 1233 4666 commonens,
1265 4616 1374 4669 quo
1416 4598 1609 4654 reddat
1649 4596 1902 4665 superbis
1940 4644 1951 4649 _

334 4698 552 4767 dignam
602 4696 1033 4759 retributionem,
1066 4709 1135 4748 ne
1169 4693 1225 4747 in
1275 4706 1374 4746 sua
1425 4688 1632 4742 malitia
1662 4687 1901 4757 glorien-

334 4802 423 4843 tur
458 4796 773 4857 peccatores
817 4807 829 4842 :
869 4787 937 4842 ad
987 4800 1126 4857 quos
1172 4784 1390 4845 clamat,
1431 4780 1627 4834 stultos
1673 4785 1725 4832 et
1770 4778 1904 4834 insi-

334 4882 542 4937 uientes
584 4880 702 4935 illos
748 4879 1062 4950 appellans,
1126 4876 1220 4946 qui
1278 4873 1418 4945 ejus,
1474 4870 1569 4941 qui
1617 4870 1900 4942 apparuit,

404 5048 449 5080 ⁵³
497 5049 684 5103 Matth.
716 5031 884 5115 ixvu,
917 5051 971 5106 9.

406 5202 519 5277 (θίῆ
538 5208 680 5269 Ὓοῦ.
705 5209 792 5263 ed.

402 5280 516 5347 (70)
546 5281 665 5349 Σωμ
677 5279 897 5344 ἀτίζειν,
916 5279 1001 5334 ed.

403 5349 514 5408 (71)
549 5350 665 5411 "0;,
694 5349 779 5401 ed.

402 5417 512 5480 (72)
547 5418 998 5487 Περιϐαλόμενος,
1040 5416 1128 5472 εάζ

300 5496 309 5509 '
403 5488 515 5556 (75)
545 5486 917 5556 Ἀνθρωπίνην
946 5505 1054 5541 om.
1088 5487 1176 5542 ed.

404 5556 456 5627 (7
476 5552 515 5626 l)
536 5552 816 5626 Δέχεσθαι,
848 5552 936 5611 cu.

2004 4516 2304 4585 ὀνομάζων,
2347 4523 2442 4574 καὶ
2475 4523 2755 4595 ὑψωθῆναι
2782 4526 2873 4581 τὸν
2896 4528 2963 4581 δι’
2991 4531 3137 4600 ἡμᾶς
3174 4535 3582 4590 ταπεινωθέντα

2006 4608 2354 4677 παρακαλῶν,
2373 4613 2662 4669 ἀποδοῦναι
2675 4619 2785 4680 τοῖς
2796 4618 3162 4690 ὑπερηφάνοις
3177 4622 3273 4694 τὴν
3289 4626 3412 4678 κατ’
3426 4627 3583 4691 ἀξίαν

2006 4695 2288 4763 ἀντίδοσιν,
2320 4700 2395 4765 ὡς
2424 4703 2491 4757 ἂν
2528 4704 2602 4776 μὴ
2631 4706 3006 4779 ὲπικαυχοῖντο
3030 4711 3141 4784 (78)
3175 4715 3226 4765 οἰ
3264 4715 3582 4787 ἁμαρτωλοὶ

2003 4788 2071 4879 τῇ
2102 4788 2283 4879 κακίᾳ.
2315 4791 2458 4863 Πρὸς
2486 4793 2579 4859 οὓς
2605 4795 2723 4868 βοᾷ.
2749 4799 2988 4870 ἄφρονας
3011 4802 3206 4867 αὐτοὺς
3231 4804 3328 4859 καὶ
3364 4809 3585 4879 μωροὺς

2005 4876 2303 4948 ὀνομάζων,
2322 4881 2447 4945 τοὺς
2483 4882 2557 4955 μὴ
2582 4887 3057 4960 παραδεξαμένους
3082 4892 3182 4964 τὴν
3208 4894 3302 4948 τοῦ
3324 4876 3584 4965 ὀφθέντος

2101 5210 2192 5275 75)
2223 5211 2291 5265 Δὲ
2320 5213 2445 5269 add.
2482 5217 2571 5271 ed.

2078 5280 2323 5366 ρεξτε
2351 5298 2469 5366 an».
2492 5285 2578 5366 ed.-

2078 5350 2217 5420 (τιν)
2256 5350 2425 5408 Uncis
2457 5355 2670 5410 inclusa
2709 5373 2816 5414 non
2850 5360 3010 5418 habet
3042 5363 3133 5420 ed.

2217 5421 2602 5491 Ἑκδικήσεως,
2626 5426 2712 5481 ed.

2080 5487 2192 5559 (78)
2224 5487 2675 5565 Ἑπικαυχῶνται,
2698 5498 2785 5554 ed.
