3766 5986
199 149 297 206 525

1586 142 1655 210 IN
1693 143 1815 205 PSA
1824 143 2031 209 ωερε.

3328 135 3433 195 διδ

204 262 441 329 θεότητα.
459 256 617 315 ἰιδιον
636 257 746 331 γάρ
760 256 980 322 ἐστιτοῦ
1000 259 1250 329 ἄφρονος,
1265 259 1341 324 ὡς
1366 260 1591 332 ἑτέρωθί
1603 277 1757 332 φησι,

1884 257 2202 319 Iivinitatem
2241 253 2578 309 inﬁciantur.
2623 251 2757 309 Nam
2803 252 3115 324 insipientis
3155 251 3432 323 proprium

205 351 262 404 τὺ
282 350 367 404 τὸν
408 349 532 402 ὄντα
558 349 689 403 Θεὸν
724 349 800 421 μὴ
834 344 972 404 εἷναι
1010 349 1207 420 λέγειν.
1366 351 1423 406 δὲ
1454 351 1589 421 πρὸς
1636 353 1762 416 τοὺς

1884 354 1969 411 est,
2021 346 2168 417 quod
2214 346 2343 401 alibi
2393 344 2580 407 tradit,
2628 357 2942 402 asseverare
2976 359 3122 410 eum,
3171 344 3264 414 qui
3313 360 3440 397 vere

203 441 481 505 τοιούτους,
511 441 594 494 ὅτι
616 459 633 490 σ
664 440 878 507 Σύνετε,
904 442 1136 514 ἄφρονες
1157 444 1215 497 ὲν
1239 443 1317 515 τῷ
1333 444 1468 514 λαῷ,
1498 444 1615 510 καὶ,
1646 462 1763 515 μω-

209 534 307 605 ροὶ,
342 533 469 586 ποτὲ
490 535 816 604 φρονήσατε.
848 552 867 585 ι
904 534 999 599 Τίς
1031 534 1060 586 6
1090 536 1362 604 φυτεύσας
1388 538 1448 590 τὸ
1478 531 1570 601 οὖς
1590 536 1713 602 ςτίς
1735 538 1764 590 6

210 623 406 686 πλάσας
442 623 533 676 τὸν
566 623 877 694 ὀφθαλμόν;
906 625 991 689 τίς
1015 626 1044 678 6
1084 626 1353 682 παιδεύων
1388 628 1457 682 τὰ
1490 627 1651 699 ἒθνη;
1680 626 1764 690 τίς

205 713 234 764 ὁ
257 709 531 780 γινώσκων
579 711 708 775 τοὺς
743 711 1124 785 διαλογισμοὺς
1155 715 1263 769 τῶν
1301 716 1639 791 ἁνθρὼπων;
1677 716 1766 770 διὰ

203 803 395 857 τούτων
424 802 533 874 γὰρ
549 799 702 887 οἶμαι
724 805 941 859 πάντων
972 807 1063 860 τὸν
1092 807 1381 880 Προφήτην
1412 807 1478 861 τά
1506 806 1649 861 κατὰ
1666 806 1766 870 τὰς

208 894 369 958 ίάσεις
406 893 630 965 μηνύειν
663 895 935 967 θαύματα,
964 896 1030 951 δι’
1060 891 1135 951 ὧν
1175 898 1445 970 ὀφθαλμοί
1473 917 1532 953 τε
1561 898 1765 953 ἐπλάσ-

207 1002 349 1047 σοντο
376 985 465 1039 διὰ
488 984 582 1038 τοῦ
622 986 938 1057 πτύσματος
972 989 1065 1041 καὶ
1097 989 1196 1060 τῆς
1228 990 1330 1065 γῆς
1356 989 1767 1061 πηλουργούμε-

205 1093 278 1131 νοι
302 1116 316 1140 ,
358 1076 449 1135 καὶ
481 1076 643 1137 ἀκοαὶ
684 1078 885 1149 τρόπον
925 1078 1046 1133 τινὰ
1092 1082 1205 1142 τοῖς
1248 1081 1631 1151 ἐστερημένοις
1669 1080 1769 1149 τῆς

204 1168 499 1239 αἰσθήσεως
550 1167 756 1239 ταύτης
793 1169 879 1222 διὰ
914 1168 1023 1222 τῶν
1050 1170 1328 1224 δακτύλων
1366 1172 1764 1240 ἐνεφυτεύοντο.

202 1257 305 1311 Καὶ
346 1258 445 1319 ὅσα
479 1258 538 1309 ὲν
576 1257 656 1327 τῷ
701 1259 929 1329 κρυπτῷ
979 1259 1088 1312 τῶν
1136 1262 1425 1331 νοημάτων
1460 1261 1766 1325 ἐλάνθανεν,

203 1344 346 1417 παρὰ
365 1345 461 1399 τοῦ
488 1346 776 1416 βλέποντος
796 1348 897 1411 τὰς
916 1347 1244 1419 ἐνθυμήσεις
1270 1348 1447 1404 αὐτῶν
1479 1350 1765 1419 διελέγετο.

213 1436 421 1508 Ἐπειδὴ
452 1437 667 1501 τούτοις
698 1437 911 1506 ὲμὸοῶν
940 1440 1039 1492 οὐκ
1065 1439 1328 1511 ἠκούσθη,
1365 1442 1500 1511 πρὸς
1538 1441 1628 1494 τὸν
1656 1441 1768 1494 K6-

201 1546 307 1611 ριον
332 1529 650 1600 ἐπιστρέφει
669 1529 758 1582 τὸν
786 1530 943 1599 λόγον
976 1531 1067 1585 καί
1097 1547 1279 1601 φησιν·
1310 1551 1329 1582 ι
1370 1532 1647 1606 Μακάριος
1671 1534 1768 1588 άν-

1865 436 2010 501 Deus
2052 443 2159 501 est,
2213 451 2323 492 non
2375 450 2535 502 esse;
2581 434 2783 507 quibus
2841 434 3072 504 proinde
3124 435 3433 490 acclamat:

1872 547 1891 579 ι
1926 528 2233 598 lntelligite,
2287 526 2612 597 insipientes
2656 526 2712 582 in
2750 525 2974 595 populo,
3025 534 3100 588 et,
3135 526 3308 590 stulti,
3340 525 3440 579 ali—

1867 619 2088 689 quando
2135 619 2329 689 sapite.
2366 637 2385 670 ›
2436 615 2571 683 Quis
2616 624 2722 681 est,
2768 616 2862 686 qui
2911 615 3177 685 plantavit
3217 618 3442 672 aurem?

1865 712 1989 779 quis
2034 710 2128 779 qui
2161 710 2317 769 finxit
2348 710 2569 765 oculum
2593 708 2617 763 ?
2640 708 2766 779 quis
2795 707 2978 765 erudit
3023 707 3291 777 populos?
3318 709 3442 777 quis

1867 808 1975 864 est,
2023 800 2115 870 qui
2151 800 2437 870 cognoscit
2462 798 2824 869 cogitationes
2854 798 3177 853 hominum?
3209 797 3305 853 His
3333 814 3444 852 om,

1868 891 2035 945 nibus
2079 896 2210 959 puto
2241 888 2563 958 Prophetam
2592 888 2901 958 significare
2949 888 3219 949 mirabilia
3250 888 3304 945 in
3352 904 3443 945 εστ

1869 981 2190 1043 nationibus
2226 978 2557 1051 peragendis
2607 987 2840 1049 patrata,
2889 978 3110 1047 quando
3155 978 3299 1033 oculi
3349 994 3446 1047 per

1870 1081 2090 1143 Sputum
2124 1078 2178 1125 et
2230 1079 2431 1128 terram
2485 1070 2606 1123 illiti
2646 1068 3086 1123 reformabantur
3119 1077 3173 1123 et
3217 1068 3444 1137 reﬁnge-

1869 1161 2089 1223 bantur,
2138 1159 2361 1230 quando
2411 1158 2637 1219 auditus
2666 1158 2850 1227 aliquo
2885 1158 3050 1221 modo
3088 1158 3156 1213 iis
3197 1157 3288 1227 qui
3341 1156 3444 1213 hoe.

1871 1268 2036 1306 sensu
2083 1251 2280 1321 privati
2335 1257 2514 1313 erant,
2561 1264 2657 1318 per
2700 1249 2902 1318 digitos
2960 1249 3119 1320 quasi
3165 1248 3443 1313 inserehzi'

1871 1351 1980 1407 tur,
2008 1350 2062 1397 et
2104 1342 2323 1412 quando
2347 1357 2408 1395 ea
2446 1357 2569 1412 qua:
2612 1342 2666 1394 in
2717 1342 2935 1395 occulto
2971 1341 3231 1405 latebant,
3275 1339 3441 1393 animi

1871 1449 2055 1497 sensa,
2090 1436 2159 1489 ab
2200 1449 2265 1488 eo
2293 1434 2384 1503 qui
2422 1434 2762 1504 singulorum
2791 1433 3152 1502 cegitationcs
3192 1432 3358 1497 videt,
3390 1433 3444 1493 in

1872 1536 2120 1598 apertum
2145 1529 2356 1597 prolata
2386 1538 2533 1583 sunt.
2568 1530 2635 1581 At
2658 1543 2785 1582 eum
2820 1527 2905 1581 his
2941 1528 3253 1582 acelamans
3278 1543 3446 1583 exau-

201 1591 431 1693 θρωπος,
463 1591 524 1675 ὃν
570 1591 636 1675 διν
670 1591 989 1695 παιδεύσῃς,
1014 1591 1219 1694 Κύριε,
1250 1625 1344 1677 καὶ
1372 1626 1435 1677 ἐκ
1462 1591 1557 1679 τού
1601 1591 1765 1695 νόμου

1884 1620 2018 1673 litus
2059 1636 2165 1674 non
2208 1626 2380 1681 esset,
2431 1620 2497 1674 ad
2547 1618 2835 1673 Dominmn
2876 1632 3128 1675 sermone
3179 1633 3445 1675 conversa

202 1731 289 1768 σου
311 1714 527 1786 διδάξῃς
556 1714 717 1769 αὐτόν
741 1733 758 1749 ο
791 1733 809 1765 ι
842 1715 922 1778 ὡς
949 1714 1041 1768 τοῦ
1069 1718 1236 1784 νόμου
1264 1716 1384 1770 καθ’
1416 1718 1605 1781 ἑαυτὸν
1627 1717 1768 1787 ὠφε-

199 1804 403 1869 λοῦντος
439 1804 616 1867 οὐδὲν,
652 1807 700 1863 εί
732 1805 805 1878 μή
836 1823 920 1870 τις
963 1805 1082 1859 θεία
1123 1807 1309 1879 διδαχὴ
1352 1808 1413 1861 τὸ
1445 1808 1765 1878 ἐγκείμενον

198 1897 338 1968 αὐτῷ
382 1898 683 1969 μυστήριον
740 1897 1086 1967 σαφηνίσειε·
1130 1897 1312 1961 καθὼς
1355 1894 1507 1963 εἶπεν
1535 1901 1564 1952 6
1606 1898 1770 1961 αὐτὸς

198 1980 341 2049 οὗτος
370 1987 681 2057 Προφήτης,
709 1985 790 2038 ὅτι
818 2002 837 2036 ι
886 1986 1256 2056 Ἀποκάλυψον
1297 1989 1423 2053 τοὺς
1460 1988 1769 2059 ὀφθαλμούς

202 2091 315 2143 μου,
340 2077 433 2126 καὶ
454 2075 778 2144 κατανοήσω
801 2074 867 2127 τὰ
897 2074 1176 2145 θαυμάσια
1194 2078 1257 2141 ὲκ
1279 2077 1370 2131 τοῦ
1401 2079 1566 2148 νόμου
1594 2095 1709 2133 σου.
1745 2098 1764 2133 ι

200 2161 267 2213 Ἦ
315 2161 453 2230 τάχα
507 2161 796 2232 μακαρίζει
840 2162 931 2215 τὸν
990 2161 1050 2227 ἐξ
1091 2163 1261 2215 ἐθνῶν
1298 2163 1376 2235 τῷ
1413 2166 1768 2236 πνευματικῷ

201 2251 344 2321 νόμῳ
388 2250 750 2316 πιστεύοντα,
784 2250 843 2315 ὃς
877 2250 1161 2321 ἄνθρωπος
1191 2250 1267 2304 ὢν
1307 2252 1398 2305 τὸν
1436 2252 1540 2324 πρὸ
1578 2254 1766 2307 τούτου

199 2342 400 2414 χρόνον,
444 2341 737 2414 σαρκώδης
780 2360 838 2396 τε
880 2344 973 2396 καὶ
1021 2343 1624 2415 συμπαραϐεϐλημένος
1656 2347 1771 2409 τοῖς

202 2438 464 2504 κτήνεσιν,
510 2435 571 2487 ἐν
608 2436 674 2506 τῇ
714 2434 992 2489 παιδεύσει
1020 2436 1114 2497 τοῦ
1152 2434 1297 2490 θείου
1328 2436 1514 2505 νόμου,
1543 2437 1641 2507 τῆς
1670 2453 1770 2489 κα-

201 2525 364 2597 τάρας
391 2527 471 2589 εἰς
504 2525 757 2594 εὐλογίαν
802 2527 1162 2597 ἀναλυθείσης
1185 2568 1199 2588 ,
1232 2528 1498 2600 μακάριος
1538 2528 1767 2597 γίνεται.

203 2615 318 2668 Ὀτι
367 2614 519 2684 αὐτῷ
563 2615 660 2685 μὲν
698 2616 807 2668 ἀπὸ
859 2617 967 2669 τῶν
1014 2618 1236 2690 ἡμερῶν
1276 2618 1384 2671 τῶν
1432 2619 1682 2691 πονηρῶν
1734 2622 1768 2691 ἡ

154 2756 159 2769 ,
201 2706 331 2778 ὀργὴ
363 2706 687 2777 πραΰνεται,
718 2706 927 2765 ἐκείνου
969 2707 1026 2761 δὲ
1053 2711 1081 2762 6
1107 2709 1215 2778 (79)
1244 2708 1436 2781 βόθρος
1459 2709 1766 2782 ὀρύσσεται·

202 2795 316 2852 εἷτα
375 2799 574 2869 μικρὸν
635 2799 879 2863 ὑποϐὰς,
915 2799 1006 2853 τὸν
1057 2801 1256 2867 σκοπὸν
1307 2801 1452 2871 λέγει
1489 2804 1587 2871 τῆς
1634 2802 1774 2863 κατὰ

1871 1711 2089 1779 inquit:
2129 1731 2146 1762 ι
2189 1709 2409 1769 Beatus.
2446 1725 2607 1779 quem
2655 1717 2708 1767 tu
2759 1709 3052 1771 erudieris,
3112 1707 3361 1773 Domine,
3391 1719 3446 1762 ot

1868 1800 1938 1857 de
1968 1802 2083 1871 lege
2118 1811 2207 1859 tua
2240 1801 2490 1855 docueris
2521 1814 2668 1862 eum,
2702 1817 2720 1850 ι
2758 1799 2914 1869 quasi
2949 1798 3031 1853 lex
3070 1813 3163 1867 per
3208 1813 3268 1853 se
3308 1799 3443 1852 nihil

1868 1892 2064 1962 prosit,
2100 1891 2206 1953 nisi
2240 1891 2420 1944 divina
2449 1891 2634 1959 aliqua
2663 1889 2935 1950 institutio
2964 1888 3212 1944 abditum
3236 1889 3290 1943 in
3324 1892 3441 1960 ipsa

1872 1997 2095 2038 sensum
2130 1981 2442 2038 manifestct
2477 2004 2489 2035 :
2525 1980 2983 2050 quemadmodum
3032 1980 3121 2037 hic.
3154 1981 3270 2050 ipse
3314 1997 3443 2051 pro-

1872 2075 2034 2144 pheta
2066 2080 2300 2128 testatus
2337 2079 2452 2136 est,
2500 2091 2518 2123 ι
2551 2070 2771 2134 Revela,
2804 2091 2823 2123 ι
2860 2071 3135 2141 inquiens.
3189 2089 3207 2122 ι
3249 2073 3439 2127 oculos

1872 2179 2042 2226 meos.
2068 2174 2121 2219 et
2142 2163 2506 2221 considerabo
2531 2162 2802 2217 mirabilia
2824 2162 2892 2217 de
2914 2163 3029 2232 lege
3063 2172 3152 2216 tua
3184 2163 3251 2217 ⁸³.
3292 2181 3310 2212 ι
3347 2161 3442 2215 Vel

1873 2251 2128 2308 fortassis
2181 2253 2396 2306 beatum
2436 2250 2695 2321 praedicat
2742 2250 3045 2322 illumpqui
3095 2267 3158 2306 ex
3193 2252 3445 2323 gentibus

1870 2343 2143 2414 spirituali
2177 2343 2279 2413 legi
2307 2358 2595 2423 assensum
2643 2342 2866 2412 praebet,
2903 2343 2998 2412 qui
3040 2359 3164 2398 eum
3194 2352 3444 2403 anteacln

1870 2443 2120 2506 tempore
2166 2442 2316 2491 esset
2361 2434 2523 2488 homo
2566 2435 2718 2489 carni
2758 2434 3033 2498 addictus,
3077 2435 3445 2504 jumentisqno

1872 2527 2110 2593 similis;
2162 2528 2218 2581 in
2264 2527 2609 2583 institutione
2639 2526 2776 2596 legis
2802 2527 3022 2591 divinzn,
3068 2527 3445 2583 exsecratione

1872 2618 1927 2671 in
1961 2617 2394 2672 benedictionem
2418 2624 2772 2680 commutata,
2797 2618 2992 2673 beatus
3009 2618 3275 2687 efﬁcitur;
3311 2635 3444 2690 quo-

1875 2710 2017 2763 niam
2075 2707 2177 2779 ipsi
2221 2708 2439 2778 quidem
2481 2708 2561 2762 ira
2607 2722 2639 2760 a
2685 2708 2877 2763 diebus
2924 2710 3083 2762 malis
3126 2710 3443 2781 mitigatur;

1875 2800 2029 2855 alteri
2082 2816 2210 2854 vero
2249 2800 2403 2855 fovea
2446 2799 2668 2855 foditur.
2725 2799 2931 2854 Deinde
2982 2801 3261 2870 paululum
3321 2818 3435 2871 prn-

202 2888 286 2941 τὸν
307 2888 415 2959 (80)
432 2887 721 2956 ἄνθρωπον
739 2888 831 2952 τοῦ
855 2888 1058 2959 Κυρίου
1074 2887 1402 2961 οἰκονομίας.
1445 2909 1463 2940 ι
1496 2889 1557 2941 El
1588 2892 1662 2960 μὴ
1692 2889 1765 2947 ὅτι

1884 2908 2098 2963 gressus
2148 2893 2307 2957 tinem
2358 2891 2603 2953 declarat
2646 2891 2969 2951 meonomiae
3016 2892 3369 2951 humanitatis
3418 2908 3445 2947 τι

202 2979 400 3050 Κύριος
444 2977 713 3049 έὸοήθησέ
774 2996 902 3049 μοι,
938 2979 1090 3049 παρὰ
1141 2979 1312 3058 βραχὺ
1368 2980 1662 3057 παρῴκησε
1695 2977 1773 3049 τῷ

184 3069 303 3142 ᾅδῃ
334 3072 367 3142 ἡ
398 3070 548 3141 ψυχή
578 3087 700 3140 μου.
751 3090 769 3123 ι
814 3070 881 3123 Ἦ
919 3070 1026 3148 γὰρ
1063 3069 1282 3142 βοήθεια
1305 3071 1397 3124 τοῦ
1419 3071 1645 3142 Κυρίου,
1674 3070 1774 3134 ούκ

201 3161 406 3232 ἀφῆκεν
426 3162 579 3232 ἡμᾶς
602 3160 694 3213 τοῦ
722 3160 850 3241 ᾅδου
882 3161 1178 3233 παροίκους
1198 3157 1359 3228 εἶναι.
1394 3163 1500 3227 Καὶ
1520 3165 1602 3217 ὅτι
1632 3161 1774 3223 κατὰ

202 3252 260 3305 τδ
292 3252 496 3324 πλῆθος
535 3252 642 3305 τῶν
669 3255 732 3305 ἐκ
758 3253 861 3324 τῆς
892 3253 1167 3323 ἁμαρτίας
1202 3253 1421 3315 ὀδυνῶν,
1447 3255 1775 3327 ἁντίρροπος

203 3343 410 3417 ἐγένετο
451 3345 588 3413 ἡμῖν
630 3345 663 3419 ἡ
700 3343 908 3423 ἰατρεία
941 3345 1092 3417 παρὰ
1124 3344 1218 3409 τοῦ
1259 3344 1696 3417 ίατρεύοντοςοὲν

203 3451 253 3486 τι
279 3433 411 3506 (80')
446 3437 547 3489 καὶ
582 3434 767 3507 μεῖζον
792 3436 1096 3507 φιλοσοφεῖ,
1133 3437 1192 3491 τὸ
1228 3438 1302 3509 μὴ
1333 3437 1392 3505 ἐξ
1432 3438 1604 3492 ἀϊδίου
1634 3433 1774 3493 εἶναι

204 3524 261 3577 τὺ
287 3525 454 3579 κακὸν
481 3525 843 3596 δογματίζων.
879 3528 1015 3597 Φησὶ
1058 3527 1187 3599 γὰρ,
1224 3529 1304 3581 ὅτι
1341 3548 1359 3579 ι
1388 3530 1463 3587 υύ
1494 3546 1775 3601 συμπροσ-

206 3615 448 3669 έσταισοι
475 3615 666 3685 θρόνος
678 3617 936 3695 ξάνομίας,
960 3618 989 3669 6
1015 3616 1270 3672 πλάσσων
1298 3618 1462 3672 κόπον
1493 3620 1585 3677 ἐπὶ
1610 3620 1777 3691 πρόσ-

204 3720 403 3777 ταγμα.
444 3725 462 3755 ι
496 3705 670 3758 Τοῦτο
714 3705 771 3758 δέ
800 3707 966 3769 ἐστιν,
988 3707 1171 3762 ὅτιού
1200 3707 1581 3781 συνθεωρεῖταί
1627 3724 1709 3761 σοι
1743 3710 1776 3785 ἡ

204 3793 301 3863 τῆς
336 3794 541 3858 κακίας
576 3795 738 3866 ἀρχή.
785 3796 954 3866 Ἀρχὴ
983 3796 1093 3867 γάρ
1115 3800 1143 3849 ό
1176 3797 1383 3869 θρόνος,
1418 3800 1447 3851 6
1469 3797 1567 3869 τὴν
1597 3801 1777 3869 άμαρ-

206 3883 321 3938 τίαν
350 3885 554 3950 κτίζων
583 3884 672 3939 διὰ
699 3887 1135 3958 προστάγματος.
1172 3888 1250 3940 Δι’
1289 3882 1364 3944 ὧν
1390 3888 1449 3943 τὸ
1485 3888 1559 3959 μὴ
1601 3889 1661 3953 ἐξ
1695 3891 1780 3945 άῖ-

206 3973 424 4046 ὂίουτὴν
444 3975 650 4029 κακίαν
682 3971 844 4039 εἶναι,
871 3977 1003 4047 μηδὲ
1035 3981 1114 4043 είς
1142 3978 1228 4031 ἀεὶ
1250 3980 1583 4052 παραμένειν
1610 3981 1778 4051 αὐτὴν

208 4065 523 4133 ἐνεδείξατο.
554 4068 619 4120 ’0
640 4066 749 4139 γάρ
777 4068 853 4145 μὴ
883 4069 969 4122 ἀεὶ
996 4065 1084 4140 ἦν,
1114 4069 1231 4123 οὐδὲ
1257 4072 1336 4133 είς
1357 4054 1444 4130 ἀεὶ
1466 4071 1638 4133 ἔσται.
1668 4074 1780 4131 Καὶ

206 4156 295 4209 τὸν
337 4159 540 4229 τρόπον
586 4159 698 4229 τῆς
727 4159 820 4222 τοῦ
875 4160 1048 4213 κακοῦ
1097 4162 1428 4233 ἀναιρέσεως
1475 4163 1797 4234 διηγεῖται,ι

1878 2984 2107 3040 Domino
2138 2990 2408 3053 susceptae
2440 2983 2526 3037 his
2555 2982 2736 3040 verbis
2773 2998 2787 3044 ;
2821 3000 2839 3036 ι
2874 2981 2988 3037 Nisi
3023 2984 3151 3052 quia
3186 2982 3448 3038 Dominus

1876 3076 2099 3145 adjuvet
2156 3091 2264 3138 me,
2321 3074 2486 3146 paulo
2533 3074 2715 3129 minus
2766 3075 2821 3131 in
2876 3073 3092 3130 inferno
3153 3074 3447 3130 habitassi-t

1876 3169 2056 3233 anima
2100 3182 2239 3225 mea.
2279 3186 2297 3218 ι
2339 3165 2616 3221 Auxilium
2659 3166 2802 3220 enim
2850 3162 3062 3221 Domini
3103 3182 3210 3221 non
3251 3168 3448 3237 permi-

1877 3261 1949 3315 sit
1983 3276 2087 3314 nos
2120 3258 2319 3319 inferni
2353 3259 2560 3317 incolas
2588 3273 2744 3324 esse;
2769 3258 3042 3327 simulque
3071 3259 3289 3324 asserit,
3319 3260 3449 3310 nmi-

1877 3350 2097 3408 titudini
2134 3349 2406 3411 dolorum.
2433 3349 2524 3417 qui
2551 3364 2617 3403 ex
2643 3349 2883 3417 peccatis
2922 3355 3244 3411 nascuntur,
3269 3362 3449 3417 inqua-

1877 3442 1983 3498 lem
2044 3438 2371 3494 medicinam
2420 3455 2451 3492 a
2505 3438 2720 3492 medico
2766 3444 3009 3506 paratam
3053 3453 3195 3492 esse.
3247 3436 3350 3491 Ubi
3397 3447 3450 3489 et

1877 3520 2141 3599 grandius
2178 3527 2439 3597 quiddam
2472 3526 2673 3588 innuit,
2708 3541 2833 3579 cum
2865 3525 3011 3579 velut
3038 3525 3291 3594 dogmate
3314 3542 3449 3594 quo-

1878 3621 2003 3679 dam
2034 3619 2248 3679 statuit.
2278 3617 2480 3679 malum
2515 3631 2623 3671 non
2652 3631 2775 3670 esse
2803 3615 2872 3668 ab
2898 3624 3123 3668 aeterno.
3150 3615 3237 3668 Ait
3267 3616 3412 3670 enim
3436 3638 3446 3668 2

1887 3731 1905 3762 ι
1943 3709 2061 3764 Non
2127 3710 2372 3764 adhaeret
2420 3708 2517 3763 tibi
2566 3707 2724 3761 sedes
2771 3706 3095 3775 iniquitatis,
3130 3707 3247 3775 .qui
3293 3706 3449 3777 ﬁngi.

1880 3800 2119 3854 laborem
2176 3799 2230 3852 in
2275 3806 2567 3867 pmcepto.
2608 3814 2626 3846 ι
2669 3794 2877 3849 Sensus
2916 3805 3001 3847 est
3046 3814 3059 3848 :
3107 3793 3307 3848 Tecum
3344 3812 3449 3861 una

1880 3890 2217 3961 considerari
2277 3896 2331 3943 et
2393 3888 2609 3957 concipi
2663 3887 2852 3955 nequit
2890 3887 3039 3939 ~mali
3101 3886 3444 3957 principiun..

1883 3982 2220 4051 Principium
2270 3979 2413 4034 enim
2468 3978 2790 4048 intelligitur
2845 3980 3065 4032 nomine
3121 3979 3286 4043 sedis,
3332 3994 3453 4048 qua:

1881 4082 2169 4145 peccatum
2222 4088 2318 4143 per
2366 4079 2696 4141 prazccptum
2729 4070 2909 4125 elIicit.
2943 4070 3153 4136 Quibus
3190 4072 3451 4141 ostendit,

1883 4174 2172 4236 peccatum
2220 4179 2396 4232 neque
2444 4164 2513 4217 ab
2561 4174 2766 4217 aeterno
2797 4177 2941 4223 esse.
2984 4177 3158 4230 neque
3198 4163 3250 4215 in
3295 4176 3447 4215 aeter-

206 4250 262 4301 ὲν
282 4252 347 4321 τῇ
376 4249 488 4304 τῶν
533 4251 801 4304 Ἰουδαίων
833 4253 974 4305 κατὰ
1003 4251 1098 4315 τοῦ
1125 4253 1332 4324 Κυρίου
1364 4254 1662 4327 μιαιφονία,
1687 4255 1765 4308 τοι

1886 4275 2017 4312 num
2048 4263 2549 4327 perseveraturum.
2583 4254 2739 4320 Quod
2762 4253 2907 4309 enim
2935 4269 3042 4306 non
3067 4268 3280 4321 semper
3313 4263 3452 4309 erat.

206 4341 511 4412 ἀφανισμὸν
554 4343 653 4411 τῆς
685 4343 880 4406 κακίας
907 4344 1312 4415 προαγορεύων.
1343 4347 1506 4414 Λέγει
1541 4347 1671 4419 γάρ,
1696 4348 1779 4400 ὅτι

214 4450 233 4480 ι
258 4424 412 4484 Οὗτοι
438 4432 538 4500 μὲν
574 4429 890 4502 θηρεύουσιν
920 4434 1013 4488 ἐπὶ
1038 4434 1213 4516 ψυχὴν
1249 4436 1484 4501 δικαίου,
1516 4437 1608 4493 καὶ
1641 4432 1779 4507 αἷμα

209 4520 378 4579 ἀθῶον
412 4521 891 4578 καταδικάσονται.
910 4543 928 4576 i
960 4525 1127 4579 Τοῦτο
1151 4527 1209 4581 δὲ
1223 4525 1346 4596 ἐμοὶ
1386 4526 1651 4597 σωτήριον
1695 4526 1780 4593 γί-

207 4629 374 4673 νεται.
404 4614 467 4667 ’0
496 4615 607 4685 γὰρ
635 4616 1053 4682 καταδικασθεὶς
1084 4616 1162 4689 τῷ
1195 4616 1409 4689 θανάτῳ
1438 4618 1662 4691 Κύριος,
1696 4619 1781 4682 διὰ

207 4703 390 4758 τούτου
427 4705 640 4775 γίνεταί
672 4725 763 4776 μοι
789 4710 1097 4779 καταφυγή.
1155 4710 1263 4763 Καὶ
1300 4704 1453 4773 οὗτος
1482 4711 1511 4762 6
1542 4710 1672 4774 Θεὸς
1702 4711 1782 4773 είς

216 4794 405 4864 βοηθὸν
430 4796 549 4867 (81)
573 4797 786 4861 ἐλπίδος
806 4802 915 4863 τοῖς
934 4800 1320 4853 πεπιστευκόσι
1347 4801 1699 4862 καθίσταται,
1726 4800 1783 4865 ὃς

212 4888 493 4952 ἀποδιδοὺς
517 4891 581 4941 ἐν
602 4893 669 4960 τῇ
704 4889 888 4961 δικαία
922 4893 1099 4962 κρίσει
1134 4892 1194 4945 τὸ
1215 4894 1335 4946 κατ’
1360 4892 1515 4956 ἀξίαν
1546 4892 1781 4960 ἑκάστῳ,

212 4979 425 5046 ἀφανιεῖ
465 4981 566 5050 τὴν
610 4982 875 5053 πονηρίαν
909 4982 1019 5036 τῶν
1062 4985 1480 5056 ἡμαρτηκότων,
1523 4985 1643 5055 οὐχὶ
1688 4983 1784 5056 τὴν

215 5074 389 5143 φύσιν.
408 5074 602 5142 Οὕτως
629 5078 798 5132 εἰπὼν
828 5083 893 5151 τῇ
924 5080 1085 5148 λέξει,
1116 5079 1658 5141 ι”υτικαὶὰποδώσει
1693 5080 1786 5143 αύ-

283 5273 330 5306 ⁹³
368 5271 520 5330 Psal.
560 5290 749 5341 cum,
780 5276 861 5330 18.

282 5472 393 5529 ιῖιη
417 5471 645 5541 Ἔκείνῳ
670 5472 747 5533 δέ,
782 5471 870 5523 ed.

286 5541 393 5609 (80)
419 5542 523 5594 Τόν
551 5540 659 5596 om.
695 5540 779 5600 ed.

1886 4350 1938 4409 id
1968 4365 2146 4420 neque
2176 4363 2390 4417 semper
2416 4348 2552 4408 crit;
2582 4347 2931 4411 modumque.
2957 4360 3066 4413 quo
3089 4346 3289 4396 malum
3322 4345 3454 4399 alio:

1888 4440 2052 4499 lctur,
2098 4437 2368 4506 explicat;
2405 4435 2458 4488 in
2504 4433 2814 4488 Judaeorum
2861 4433 3174 4503 parricidio,
3207 4433 3349 4502 quod
3401 4434 3453 4497 in

1889 4529 2180 4582 Dominum
2224 4526 2585 4586 admiserunt,
2631 4522 2843 4592 peccati
2881 4524 3227 4579 abolitionem
3265 4523 3457 4593 prmdv

1888 4636 2022 4675 cens
2069 4639 2082 4674 :
2131 4633 2256 4673 cum
2289 4616 2470 4687 inquit
2510 4628 2525 4667 :
2564 4632 2581 4670 ι
2611 4613 2920 4683 Captabunt
2955 4616 3009 4669 in
3043 4615 3453 4683 animamjusti.

1888 4720 1941 4765 et
1969 4716 2286 4780 sanguinem
2320 4711 2663 4761 innocentem
2701 4705 3161 4760 eondemnabuut.
3203 4726 3220 4755 ι
3258 4707 3324 4758 At
3354 4706 3455 4759 hnc

1887 4804 2021 4856 mihi
2060 4804 2118 4859 lit
2162 4802 2360 4856 salutis
2389 4813 2578 4857 causa.
2615 4797 2879 4852 Dominus
2913 4799 3056 4851 enim
3111 4805 3286 4850 morte
3310 4796 3457 4850 dani-

1889 4906 2073 4961 natus,
2100 4895 2201 4949 hoc
2224 4895 2343 4963 ipso
2367 4891 2636 4961 refugium
2667 4889 2797 4943 mihi
2821 4888 3084 4952 ellicitur;
3108 4896 3162 4942 et
3184 4888 3285 4942 iste
3314 4885 3457 4943 Deus

1891 4988 1944 5045 in
2002 4986 2333 5055 adiutorium
2391 4982 2507 5053 spei
2548 4980 2898 5037 credentibus
2953 4977 3324 5038 constituitur,
3364 4978 3453 5043 qni

1892 5082 1945 5144 in
1973 5078 2064 5141 illo
2099 5076 2250 5147 justo
2271 5072 2480 5144 judicio
2514 5072 2809 5142 unicuique
2834 5085 2932 5141 pro
2960 5069 3168 5125 meritis
3201 5066 3455 5139 reddens,

1970 5466 2093 5523 ’8οἿ
2135 5466 2227 5528 Τε,
2254 5465 2339 5519 ed.

1972 5538 2072 5605 ‘81)
2110 5535 2390 5606 Βοήθειαν,
2424 5535 2507 5590 ed.
