3756 5988
324 189 428 246 δἮ

1569 185 1624 239 S.
1648 184 1974 240 GREGORII
2005 183 2303 241 NYSSENI
3460 190 3553 244 59.8

329 311 564 364 abolebit
594 317 648 363 et
701 309 753 363 in
799 308 1026 362 nihilmn
1076 307 1280 378 rediget
1325 309 1585 361 malitiam
1640 314 1889 376 peccato-

2000 312 2106 372 τοῖς
2143 309 2342 380 Κύριος
2372 312 2469 381 τὴν
2507 311 2733 382 ἀνομίαν
2779 309 2978 371 αὐτῶν,
3016 311 3109 362 καὶ
3145 309 3282 362 κατὰ
3321 308 3420 380 τὴν
3451 313 3551 379 (82)

328 415 467 458 rum,
519 414 626 452 non
683 407 972 462 naturam;
1023 401 1100 450 sic
1156 399 1298 451 enim
1361 398 1426 449 ad
1482 397 1704 451 verbum
1767 397 1888 448 ait:

332 510 350 544 ε
387 491 652 556 Quoniam
680 490 866 544 reddet
894 491 1001 544 illis
1026 489 1285 543 Dominus
1307 489 1644 558 iniquitatem
1679 503 1892 550 eorum,

329 593 380 636 et
405 585 456 636 in
483 583 684 636 malitia
715 598 902 636 eorum
937 581 1213 652 disperdet
1240 582 1360 636 illos
1394 581 1652 635 Dominus
1687 578 1848 634 Deus.
1871 597 1888 629 ι

327 672 537 736 Quibus
572 671 860 740 signiﬁcat,
915 685 1011 725 eos
1053 669 1144 739 qui
1189 685 1334 723 nnnc
1383 679 1604 740 peccato
1650 670 1893 740 insigniti

328 771 454 819 sunt
495 769 549 817 et
581 762 924 832 conﬁgurati,
977 762 1314 816 destructum
1364 763 1461 828 iri;
1519 777 1642 816 nam
1677 761 1896 832 quando

328 855 536 908 malitia
579 869 684 908 non
719 855 844 917 erit,
888 863 998 906 tum
1048 870 1223 923 neque
1265 853 1310 908 is
1349 855 1441 924 qui
1489 855 1707 910 malitia:
1738 855 1895 924 quasi

331 943 557 999 formam
582 946 735 1018 gerit,
757 944 957 1000 durare
985 947 1202 1016 poterit.
1233 945 1450 1000 Perdita
1473 947 1638 1014 igitur
1667 947 1892 1011 malitia,

327 1037 555 1106 ejusque
583 1039 750 1104 ligura
784 1038 838 1091 in
874 1037 1022 1090 nullo
1045 1037 1258 1106 penitus
1286 1037 1565 1099 derelicta,
1600 1053 1789 1092 omnes
1818 1052 1896 1092 se-

327 1128 564 1183 cundum
595 1127 874 1181 Christum
908 1125 1284 1189 formabimur,
1321 1134 1374 1181 et
1406 1127 1458 1179 in
1499 1127 1753 1182 omnibus
1789 1143 1894 1180 una

327 1219 603 1288 etl'ulgebit
630 1217 822 1283 forma,
847 1231 968 1286 qua:
991 1216 1058 1269 ab
1087 1215 1242 1269 initio
1263 1224 1469 1271 natura:
1494 1227 1692 1272 nostra:
1720 1217 1893 1271 indita

328 1307 522 1360 fuerat.

960 1395 1188 1452 CAPUT
1228 1395 1316 1450 IX.

407 1575 532 1628 Post
564 1574 678 1627 hrec
709 1575 773 1626 ad
807 1574 914 1627 alia
941 1575 1203 1644 procedit,
1231 1574 1477 1628 instituto
1503 1575 1714 1638 ordine,
1745 1575 1894 1628 nullo

1997 401 2259 470 πονηρίαν
2281 400 2460 454 αὐτῶν
2486 403 2702 470 ἀφανιεῖ
2729 403 2928 464 αὐτοὺς
2958 400 3157 471 Κύριος
3176 403 3204 453 6
3226 402 3388 463 Θεόςο
3429 423 3446 452 ι
3475 419 3554 472 ση-

1999 490 2202 558 μαίνων
2246 491 2334 543 διὰ
2383 491 2491 544 τῶν
2525 493 2848 562 εἰρημένων,
2883 493 2964 544 ὅτι
2991 494 3036 544 οί
3082 490 3177 544 νῦν
3225 493 3290 560 τῇ
3317 491 3553 561 ἁμαρτίᾳ

1997 583 2414 651 μεμορφωμένοι
2441 583 2920 653 ἀφανισθήσονται.
2949 582 3061 651 Τῆς
3107 581 3213 652 γὰρ
3243 582 3440 644 κακίας
3462 581 3553 633 οὐκ

1994 670 2193 743 οὔσης,
2247 673 2369 726 οὐδὲ
2415 674 2443 725 6
2499 672 2618 726 κατ’
2666 673 2834 743 αὐτὴν
2881 671 3311 742 μεμορφωμένος
3368 669 3549 724 ἔσται’

1995 763 2336 836 ἀπολομένης
2399 761 2490 818 οὖν
2537 765 2636 835 τῆς
2693 764 2910 828 κακίας,
2967 764 3062 816 καὶ
3119 765 3178 817 ὲν
3232 763 3419 833 μηδενὶ
3467 762 3552 816 τοῦ

1995 855 2234 910 τοιούτου
2285 855 2630 927 χαρακτῆρος
2676 853 3111 923 ὑπολειφθέντος,
3168 853 3371 916 πάντες
3421 851 3552 905 κατά
3626 844 3631 848 ’

1995 946 2226 1017 Χριστὸν
2261 947 2730 1018 μορφωθήσονται,
2776 945 2870 997 xui.
2904 945 3000 1015 μία
3031 945 3194 998 πᾶσιν
3221 933 3543 1015 ἐξαάράψει

1999 1037 2198 1109 μορφὴ,
2229 1041 2262 1110 ἡ
2299 1037 2359 1103 ἐξ
2389 1038 2561 1109 ἀρχῆς
2589 1036 2938 1108 ὲπιϐληθεῖσα
2965 1038 3030 1106 τῇ
3062 1035 3240 1105 φύσει.
3555 1048 3565 1057 ⁸

2511 1397 2898 1454 ΚΕΦΑΛΑΙΟΝ
2925 1392 3004 1453 Θ’.

2063 1578 2215 1631 Μετά
2255 1575 2428 1631 ταῦτα
2469 1575 2681 1646 πρόεισι
2729 1573 2868 1626 κατά
2907 1573 2966 1626 τὸ
3012 1572 3325 1635 ἀκόλουθον,
3378 1571 3553 1644 μηδενὶ

331 1665 542 1718 musico
578 1665 940 1718 iusti-inuento
971 1671 1150 1727 utens,
1189 1665 1282 1719 sed
1326 1665 1541 1733 propria
1583 1679 1712 1718 voce
1760 1665 1889 1719 bene

2000 1668 2103 1721 τῶν
2135 1667 2406 1738 μουσικῶν
2434 1684 2706 1738 συγκεχρη
2717 1665 2873 1736 μένος
2897 1665 3162 1736 ὀργάνων,
3178 1663 3330 1717 ἀλλά
3357 1665 3441 1717 διὰ
3463 1663 3552 1733 τῆς

329 1763 610 1810 sonantem
678 1753 892 1808 laudem
945 1753 1053 1809 Deo
1106 1770 1393 1824 reponens.
1462 1754 1639 1825 lnquit
1684 1755 1826 1809 enim
1875 1774 1887 1809 :

333 1865 351 1896 ι
391 1844 535 1898 Laus
557 1846 752 1899 cantici
789 1844 890 1914 ipsi
921 1845 1086 1900 David
1116 1847 1163 1877 ”
1196 1866 1206 1900 :
1244 1866 1261 1896 ι
1298 1863 1416 1915 quae
1445 1847 1726 1918 inscriptio
1751 1849 1891 1917 apud

329 1935 582 1990 llebrreos
624 1950 730 1989 non
781 1937 1068 2006 reperitur.
1117 1935 1383 1993 Provocat
1423 1939 1566 1992 enim
1616 1939 1893 1995 auditores

331 2028 398 2081 ad
443 2028 882 2083 communionem
945 2030 1350 2088 exsultationis.
1393 2039 1446 2082 et
1499 2031 1564 2085 ad
1613 2031 1892 2100 jubilatio-

330 2133 450 2172 nem
500 2119 801 2172 victoribus
844 2129 1290 2174 consentancam.
1331 2139 1348 2172 ι
1386 2120 1592 2186 Venite,
1628 2144 1645 2175 ι
1694 2124 1889 2193 inquit,

334 2227 352 2258 ι
383 2209 719 2262 exsultemus
768 2207 1017 2273 Domino,
1058 2209 1355 2278 jubilemus
1395 2211 1501 2265 Deo
1541 2213 1765 2266 salutari
1796 2230 1893 2268 no-

329 2308 466 2355 stro.
511 2319 530 2350 »
588 2300 701 2354 Sub
748 2300 907 2354 ﬁnem
960 2303 1260 2370 graviorem
1323 2310 1375 2356 ct
1429 2304 1888 2359 vehementiorem

330 2393 622 2461 quamdam
641 2393 1113 2448 comminationem
1133 2405 1320 2448 contra
1343 2395 1653 2450 incredulos
1674 2398 1894 2466 subjun-

328 2485 429 2554 git,
459 2483 550 2554 qui
588 2497 844 2553 perverso
876 2494 1030 2537 erant
1071 2494 1306 2553 pectore,
1347 2487 1704 2556 quadraginta
1735 2489 1892 2544 annis

328 2573 778 2628 commorationis
824 2572 876 2626 in
922 2572 1176 2636 deserto,
1247 2575 1446 2644 quibus
1491 2577 1889 2633 benefactnrem

330 2667 638 2728 irritarunt,
670 2666 870 2734 quique
889 2673 1078 2734 postea
1127 2667 1364 2720 oblatam
1409 2683 1502 2736 per
1537 2667 1888 2739 Evangelinm

329 2756 708 2811 remissionem
751 2762 1098 2824 peccatorum
1129 2765 1488 2824 respuerunt;
1524 2757 1724 2827 quibus
1757 2758 1887 2814 lice-

333 2847 425 2900 bat
471 2851 516 2920 (ι
533 2848 576 2901 si
612 2848 772 2904 hodie
801 2849 988 2902 audire
1022 2849 1318 2904 voluissent
1346 2864 1532 2905 vocem
1559 2851 1700 2920 ejus,
1736 2869 1754 2902 ι
1797 2852 1891 2923 qui

336 2933 387 2990 in
425 2937 567 2990 hunc
617 2939 879 3008 temporis
925 2947 1125 2994 statum
1157 2940 1324 3003 venit,
1362 2948 1414 2993 et
1443 2955 1506 2994 ex
1562 2942 1890 3011 sempiterna

329 3027 421 3080 illa
466 3039 520 3080 et
574 3029 952 3083 antesaecnlari
984 3029 1382 3099 magniﬁcentia
1435 3031 1500 3084 ad
1536 3033 1887 3100 temporalem

327 3117 663 3172 nativitatem
696 3119 999 3187 descendit)
1055 3121 1268 3188 aperire
1290 3119 1392 3175 sibi
1421 3122 1552 3188 ipsis
1585 3122 1888 3191 ingressum

328 3211 383 3265 in
421 3209 690 3279 requiem;
747 3209 839 3263 sed
887 3225 1124 3264 errorem
1174 3218 1228 3265 et
1290 3211 1745 3276 incredulitatem,
1776 3221 1895 3266 tan-

325 3316 487 3371 quam
543 3301 710 3354 duces
751 3315 965 3369 semper
1025 3301 1198 3356 secuti
1276 3310 1419 3365 sunt,
1469 3310 1578 3355 tam
1622 3303 1893 3373 prioribus

329 3407 490 3461 quam
541 3391 936 3461 posterioribus
992 3392 1364 3462 temporibus;
1403 3404 1685 3463 propterea
1720 3409 1748 3447 a
1783 3393 1890 3450 Deo

329 3483 397 3537 ab
446 3482 694 3548 ingressu
736 3484 792 3536 in
837 3483 982 3536 illam
1029 3483 1294 3553 requiem,
1337 3487 1498 3540 etiam
1532 3485 1892 3555 jurejurando

331 3573 673 3643 interposito,
705 3574 908 3629 exclusi
932 3583 1081 3629 sunt.
1113 3575 1397 3641 Quomodo
1431 3578 1572 3630 enim
1604 3579 1893 3633 introirent

328 3666 381 3718 in
434 3664 695 3734 requiem,
739 3665 830 3734 qui
882 3666 1123 3721 volentes
1166 3668 1503 3739 libentesque
1551 3684 1610 3724 se
1651 3684 1678 3722 a
1728 3669 1892 3724 bene—

327 3757 562 3815 dictione
586 3758 994 3813 abalienarunt?

401 3938 454 3992 Id
477 3939 620 4006 quod
646 3940 785 3994 intra
808 3945 1044 3995 testatur
1069 3941 1309 4011 psalmus
1327 3943 1708 4013 nonagesimus
1730 3943 1892 4013 quin-

329 4037 436 4088 tus.
459 4039 514 4081 et
549 4029 664 4098 ipse
695 4028 934 4084 llebraais
961 4031 1108 4084 nulla
1141 4033 1494 4102 inscriptione
1536 4044 1890 4102 praenotatos.

327 4118 496 4174 Nobis
530 4126 709 4173 autem
751 4125 834 4174 est
880 4120 1119 4189 psalmus
1149 4121 1237 4175 ille
1271 4123 1544 4176 canticum
1579 4122 1688 4178 Deo
1710 4136 1893 4180 canta-

331 4216 445 4262 tum
481 4215 602 4278 post
629 4209 855 4263 reditum
884 4223 948 4263 ex
977 4210 1306 4278 captivitate,
1329 4211 1546 4280 quando
1572 4215 1892 4269 reaediticata

1997 1759 2128 1824 ἰδίας
2166 1759 2348 1828 φωνῆς
2375 1758 2463 1810 τὸν
2516 1755 2759 1828 εὔφημον
2788 1751 2934 1810 αἶνον
2965 1755 3055 1808 διὰ
3080 1755 3180 1823 τῆς
3209 1755 3354 1826 ᾠδῆς
3383 1757 3554 1808 ἀνατι-

1995 1848 2106 1911 θεὶς
2145 1847 2221 1917 τῷ
2269 1846 2406 1916 Θεῷ.
2443 1847 2578 1916 Φησὶ
2610 1847 2738 1916 γάρ·
2778 1863 2796 1895 ι
2832 1842 2987 1907 Αἶνος
3029 1845 3172 1914 ᾠδῆς
3217 1843 3296 1914 τῷ
3324 1845 3500 1897 Δαϐίδ.
3532 1863 3549 1896 ι

1993 1939 2103 1992 Καὶ
2143 1937 2281 2007 αὕτη
2316 1937 2382 1989 δὲ
2427 1940 2538 2000 τοῖς
2585 1936 2850 2008 Ἐὕραίοις
2894 1937 2927 2006 ἡ
2974 1935 3252 2005 ἐπιγραφὴ
3295 1935 3395 1987 οὐκ
3427 1934 3550 1986 ἐστι.

1995 2030 2348 2100 Προκαλεῖται
2379 2029 2487 2101 γὰρ
2508 2030 2634 2093 τοὺς
2665 2028 2959 2092 ἀκούοντας
2988 2029 3064 2089 είς
3093 2027 3376 2080 κοινωνίαν
3397 2027 3554 2094 ἀγαλ-

1995 2119 2286 2189 λιάματος,
2315 2121 2410 2173 καὶ
2441 2122 2520 2183 εἰς
2551 2119 2866 2190 ἀλαλαγμὸν
2911 2119 3201 2178 ἐπινίκιον,
3242 2136 3260 2167 ι
3300 2118 3496 2177 Δεῦτε.
3533 2137 3550 2169 ο

1993 2208 2196 2276 λέγων,
2245 2227 2262 2260 ι
2317 2208 2771 2278 ἀγαλλιασώμεθα
2818 2207 2895 2278 τῷ
2946 2208 3161 2276 Κυρίῳο
3211 2206 3554 2275 ἀλαλάξωμεν

1993 2301 2071 2371 τῷ
2103 2301 2219 2370 Θεῷ
2244 2301 2319 2369 τῷ
2353 2301 2551 2371 σωτῆρι
2576 2299 2752 2370 ἡμῶν.
2799 2319 2816 2350 ι
2852 2298 2960 2352 Καί
2993 2315 3115 2351 τινα
3145 2298 3281 2368 πρὸς
3322 2297 3398 2367 τῷ
3422 2297 3552 2348 τέλει

1995 2394 2504 2464 καταφορικωτέραν
2559 2391 2784 2462 ἀπειλὴν
2840 2391 2978 2444 κατά
3029 2391 3137 2443 τῶν
3193 2389 3554 2443 ἀπιστούντων

1995 2483 2129 2554 ἔχει,
2161 2484 2268 2536 τῶν
2295 2482 2394 2554 τὴν
2423 2484 2591 2553 αὐτὴν
2631 2482 3054 2552 ἐπιδειξαμένων
3078 2482 3401 2545 κακόνοιαν,
3428 2481 3482 2534 ἔν
3501 2498 3552 2532 τε

1994 2577 2103 2636 τοῖς
2131 2575 2532 2644 τεσσαράκοντα
2566 2574 2707 2626 ἔτεσι
2734 2573 2831 2642 τῆς
2863 2575 2917 2627 ὲν
2950 2577 3012 2643 τῇ
3046 2574 3236 2644 ἐρήμῳ
3266 2573 3550 2641 διαγωγῆς,

1997 2668 2054 2718 ὲν
2087 2660 2167 2727 οἷς
2202 2665 2292 2717 τὸν
2342 2666 2634 2735 εὐεργέτην
2678 2663 3020 2734 παρώξυναν,
3067 2665 3162 2717 καὶ
3213 2665 3354 2732 μετά
3390 2665 3553 2718 ταῦτα

1997 2755 2094 2823 τὴν
2134 2753 2378 2805 δοθεῖσαν
2420 2755 2550 2823 ἡμῖν
2581 2753 2666 2806 διὰ
2697 2751 2791 2806 τοῦ
2838 2753 3166 2820 Εὑαγγελίου
3218 2754 3554 2806 κατάπαυσιν

1993 2847 2090 2914 τῆς
2123 2845 2393 2917 ἁμαρτίας
2427 2845 2498 2917 μὴ
2521 2844 2936 2916 προσδεχόμενοι
2962 2859 2975 2872 ·
3009 2839 3090 2907 οἷς
3120 2843 3245 2913 ἐξῆν
3279 2862 3298 2893 ι
3331 2845 3554 2913 σήμερον

1996 2937 2256 2990 ἀκούσασι
2302 2939 2399 3009 τῆς
2432 2936 2614 3005 φωνῆς
2643 2935 2734 2988 τοῦ
2788 2954 2806 2986 ι
2842 2935 2907 2989 δι’
2939 2935 3087 3005 ἡμᾶς
3120 2937 3198 2998 εἰς
3239 2935 3304 2987 τὸ
3332 2936 3554 3006 σήμερον

1997 3029 2326 3091 εἰσελθόντος
2346 3069 2361 3093 ,
2396 3029 2490 3080 καὶ
2523 3029 2586 3080 ἐκ
2612 3028 2709 3097 τῆς
2751 3026 3074 3097 προαιωνίου
3113 3044 3171 3078 τε
3213 3026 3328 3096 (83)
3359 3027 3448 3079 καὶ
3478 3027 3554 3078 ἀϊ-

1994 3120 2104 3172 δίου
2133 3119 2544 3190 μεγαλειότητος
2583 3119 2659 3182 είς
2686 3116 2936 3187 χρονικὴν
2961 3117 3173 3185 γένεσιν
3209 3117 3552 3180 καταϐάντος,

1995 3209 2202 3274 ἀνοῖξαι
2248 3211 2458 3272 ἑαυτοῖς
2497 3209 2594 3278 τὴν
2634 3207 2836 3260 εἴσοδον
2877 3207 2974 3276 τῆς
3003 3207 3382 3272 ἀναπαύσεως.
3427 3207 3552 3260 Ἀλλ’

1994 3303 2081 3355 ἀεὶ
2124 3301 2222 3371 τὴν
2259 3300 2464 3370 πλάνην
2515 3300 2604 3352 καὶ
2651 3298 2749 3369 τὴν
2799 3299 3055 3352 ἀπιστίαν
3115 3301 3319 3378 ὁδηγὸν,
3361 3301 3554 3354 ἑαυτῶν

1996 3391 2440 3461 προϐαλλόμενοι,
2473 3389 2529 3442 ἓν
2566 3406 2622 3443 τε
2653 3392 2762 3452 τοῖς
2796 3389 3030 3461 πρώτοις
3059 3391 3154 3444 καὶ
3193 3393 3251 3443 ὲν
3271 3379 3383 3457 τοῖς
3422 3389 3551 3463 pata

1993 3481 2167 3536 ταῦτα
2197 3482 2439 3552 χρόνοις,
2473 3483 2621 3553 ὅρκῳ
2661 3481 2762 3551 τῆς
2795 3482 3002 3534 εἰσόδου
3031 3484 3127 3553 τῆς
3154 3483 3234 3546 εἰς
3267 3467 3364 3555 τὴν
3394 3482 3553 3537 κατά-

1995 3590 2194 3627 παυσιν
2221 3573 2316 3626 τοῦ
2347 3573 2477 3626 Θεοῦ
2505 3571 2953 3643 ἀπεκλείσθησαν.
2989 3574 3112 3637 Πῶς
3135 3573 3242 3644 γὰρ
3282 3575 3350 3630 ἂν
3387 3574 3554 3627 εἰσέλ-

1997 3664 2139 3718 θοιεν
2173 3665 2252 3727 είς
2277 3665 2375 3734 τὴν
2417 3664 2778 3729 κατάπαυσιν,
2813 3665 2862 3718 οἱ
2901 3665 3160 3730 ἑκουσίως
3201 3667 3427 3730 ἑαυτοὺς
3462 3666 3549 3735 τῆς

1995 3757 2242 3826 εὐλογίας
2271 3755 2759 3828 ἀλλοτριώσα.ντες;

2065 3939 2220 3993 Οὕτω
2235 3940 2324 3992 καὶ
2339 3940 2367 3992 ό
2384 3938 2492 4008 (84)
2514 3939 2650 4009 μετά
2672 3939 2892 4004 τούτους
2917 3943 2945 3994 6
2971 3941 3214 4012 πέμπτος
3237 3945 3334 3998 καὶ
3354 3947 3551 4012 ὲννενη-

1995 4033 2203 4096 κοστὸς,
2237 4034 2346 4095 τοῖς
2372 4031 2468 4102 μὲν
2513 4030 2884 4104 Ἐὅραῖζουσιν
2917 4033 3284 4106 ἀνεπίγραφος
3317 4036 3548 4105 λέγεται·

1995 4126 2125 4195 ἡμῖν
2154 4123 2210 4175 δέ
2239 4123 2384 4177 ἐστιν
2415 4123 2524 4194 ᾠδὴ
2555 4123 2693 4192 μετά
2716 4123 2814 4194 τὴν
2853 4123 3113 4179 ὲπάνοδον
3142 4126 3238 4197 τὴν
3263 4129 3331 4180 ἐκ
3357 4128 3452 4195 τῆς
3471 4127 3550 4178 αἰ-

1993 4215 2309 4286 χμαλωσίας
2329 4214 2404 4286 τῷ
2426 4215 2542 4286 Θεῷ
2572 4215 2819 4286 ᾀσθεῖσα,
2849 4216 2936 4269 ὅτε
2970 4217 3362 4290 ἀνῳκοδομήθη
3388 4219 3553 4272 διαλυο

325 4307 409 4354 est
450 4298 715 4354 dissoluta
745 4308 955 4356 natura:
987 4309 1188 4358 nostra:
1228 4302 1432 4357 fabrica
1463 4322 1476 4357 :
1511 4305 1590 4360 sic
1628 4307 1771 4360 enim
1809 4307 1889 4360 in-

2000 4309 2149 4362 θεῖσα
2177 4310 2212 4380 ή
2250 4309 2350 4378 τῆς
2387 4309 2598 4378 φύσεως
2631 4308 2790 4378 ἡμῶν
2831 4312 3166 4381 κατασκευή·
3214 4310 3361 4365 οὕτω
3393 4310 3550 4380 γάρὴ

327 4389 553 4460 Scriptio
595 4391 660 4443 ad
705 4393 928 4446 verbum
957 4393 1118 4448 habet
1149 4411 1162 4447 :
1198 4414 1216 4446 ι
1253 4392 1396 4449 Laus
1425 4397 1644 4459 cantici,
1671 4397 1895 4466 quando

326 4474 522 4530 domus
553 4477 817 4533 aadilicata
845 4486 928 4534 est
950 4488 1072 4549 post
1111 4481 1500 4551 captivitatem,
1541 4483 1894 4555 inscriptione

328 4566 470 4636 apud
501 4565 754 4624 Hebraeos
790 4583 1004 4625 carens.
1033 4589 1050 4622 ι
1087 4570 1189 4636 Qui
1218 4571 1460 4640 psalmus
1483 4575 1662 4628 statim
1691 4583 1894 4647 myste-

329 4658 468 4710 rium
492 4655 626 4710 Novi
653 4657 986 4714 Testamenti
1015 4663 1320 4726 annuntiat,
1349 4678 1472 4717 cum
1495 4665 1601 4718 ait:
1630 4683 1648 4715 ι
1669 4665 1893 4724 Cantate

326 4747 553 4801 Domino
567 4751 836 4803 canticum
849 4765 1066 4805 novum.
1083 4771 1100 4803 ι
1121 4751 1312 4808 Merito
1325 4763 1501 4809 autem
1517 4758 1705 4825 psalmi
1727 4758 1889 4830 hujus

325 4840 615 4910 inscriptio
637 4841 780 4912 apud
808 4839 1063 4896 Hebraeos
1087 4844 1376 4909 omittitur,
1407 4847 1534 4914 quia
1560 4855 1685 4915 post
1712 4847 1887 4906 Evan-

337 4931 542 4999 gelicas
573 4946 756 4998 voces,
792 4947 930 5002 quas
960 4933 1116 4987 initio
1147 4934 1341 5002 psalmi
1382 4939 1657 5005 praemisit,
1695 4942 1761 4996 ad
1793 4959 1889 5001 eos

323 5021 414 5089 qui
445 5036 509 5076 ex
545 5022 799 5092 gentibus
823 5029 970 5086 sunt,
995 5025 1333 5080 convertitur
1355 5025 1639 5098 Pmphetze
1672 5048 1884 5092 sermo:

330 5130 349 5163 ι
382 5111 580 5168 Aﬂ'erte
611 5112 862 5181 Domino,
899 5113 1090 5185 patriae
1115 5115 1392 5186 gentium;
1441 5117 1628 5178 aﬂ‘erte
1661 5121 1888 5184 Domino

390 5303 440 5336 “
469 5303 614 5360 Psal.
647 5321 774 5362 χειν
805 5322 926 5379 sqq.

398 5467 511 5536 (89.)
539 5468 648 5536 Τήν
669 5483 778 5522 om.
809 5470 897 5525 ed.

392 5539 502 5608 ‘85)
526 5537 595 5588 Τε
620 5553 728 5591 om.
751 5539 838 5593 ed.

1996 4401 2093 4472 τῆς
2119 4402 2427 4472 ἐπιγραφῆς
2461 4400 2572 4471 ἔχει
2606 4399 2748 4464 λέξις
2769 4418 2782 4431 ·
2813 4419 2831 4451 ι
2851 4397 3008 4465 Δῖνος
3035 4402 3196 4473 ᾠδῆς,
3226 4405 3316 4457 ὅτε
3353 4407 3382 4458 6
3419 4399 3552 4463 οἶκος

1996 4491 2314 4564 ᾠκοδομήθη
2343 4491 2478 4562 μετά
2503 4491 2599 4562 τὴν
2623 4492 3016 4562 αἰχμαλωσίαν,
3039 4493 3409 4565 ἀνεπίγραφος
3432 4491 3549 4561 παρ’

2008 4583 2296 4654 Ἑϐραίοις.
2324 4602 2340 4633 ι
2361 4582 2530 4645 Εὐθὺς
2546 4583 2601 4635 δὲ
2620 4582 2679 4634 τὸ
2701 4582 2802 4648 τῆς
2824 4582 3033 4653 Καινῆς
3057 4583 3331 4654 Διαθήκης
3359 4582 3550 4655 μυστή-

1999 4692 2114 4746 ριον
2158 4675 2218 4727 ὲν
2265 4673 2570 4745 προοιμίοις
2602 4676 2634 4745 ὴ
2672 4672 2960 4744 ψαλμῳδία
3002 4675 3432 4744 εὐαγγελίζεται.
3473 4674 3551 4725 λέ-

1995 4781 2186 4834 γουσα·
2227 4766 2461 4836 ι’ᾼσατε
2489 4763 2568 4834 τῷ
2596 4764 2784 4835 Κυρίῳ
2818 4761 2969 4836 ᾆσμα
2997 4766 3203 4823 καινόν.
3242 4785 3261 4819 ι
3328 4767 3550 4825 Εἰκότως

1994 4855 2050 4910 δὲ
2071 4857 2104 4927 ἡ
2125 4853 2401 4927 ἐπιγραφὴ
2415 4851 2508 4907 τοῦ
2529 4853 2745 4926 ψαλμοῦ
2757 4854 2943 4909 τούτου
2979 4857 3130 4928 παρὰ
3158 4858 3272 4921 τοῖς
3297 4855 3551 4928 Ἑϐραίοις

1997 4945 2300 5015 σεσίγηται,
2335 4945 2415 4999 ὃτι
2447 4945 2586 5015 μετά
2625 4945 2722 5010 τάς
2766 4947 3130 5017 εὐαγγελικάς
3170 4950 3382 5022 φωνὰς,
3409 4947 3470 5010 ἃς
3497 4947 3550 4999 ἐν

1995 5036 2305 5109 προοιμίοις
2333 5038 2432 5108 τῆς
2471 5035 2788 5108 ψαλμῳδίας
2820 5039 3146 5110 πεποίηται,
3195 5040 3333 5110 πρὸς
3357 5039 3477 5100 τοὺς
3495 5035 3549 5101 ἐξ

1994 5127 2163 5183 ἐθνῶν
2215 5125 2510 5199 ἐπιγράφει
2550 5127 2641 5185 τὸν
2680 5127 2837 5198 λόγον
2875 5129 2909 5201 ἡ
2957 5131 3264 5203 προφητεία
3306 5129 3546 5200 λέγουσα⁹

2067 5483 2179 5557 (ει)
2209 5484 2268 5541 Ὀ
2295 5501 2404 5544 om.
2442 5488 2526 5544 ed.
