3766 5986
190 182 301 240 529

1574 181 1644 239 IN
1676 182 2013 277 PSALMOS.

3349 187 3454 251 530

196 313 219 349 ι
264 292 557 362 Ἐνέγκατε
582 290 661 362 τῷ
689 290 899 363 Κυρίῳ,
924 292 979 346 αί
1017 294 1246 367 πατριαὶ
1273 292 1382 348 τῶν
1408 292 1598 364 ἒθνῶν,
1626 296 1765 365 ἐνέγ-

1912 294 2113 350 loriam
2146 303 2200 351 et
2237 292 2523 361 honorem,
2562 301 2616 351 et
2649 293 2874 350 adorate
2899 293 3186 359 Dominum
3218 297 3275 353 in
3312 306 3454 355 atrio

190 405 326 443 κατε
342 386 421 458 τῷ
438 387 628 458 Κυρίῳ
647 386 805 453 δόξαν
825 388 919 439 καὶ
944 384 1133 461 τιμὴν,
1155 388 1249 441 καὶ
1266 388 1682 460 προσκυνήσατε
1698 388 1778 461 τῷ

191 480 385 551 Κυρίῳ
406 482 467 533 ὲν
490 479 627 552 αὐλῇ
653 480 786 550 άγίᾳ
831 477 996 533 αὐτοῦ
1023 519 1040 546 ,
1076 479 1190 553 (85)
1227 480 1321 535 καὶ
1364 480 1535 552 ἄρατε
1588 481 1778 546 θυσίας

190 573 287 626 καὶ
321 570 707 643 είσπορεύεσθε
746 572 827 634 εἰς
853 569 952 634 τὰς
980 570 1150 635 αὐλὰς
1191 569 1378 625 αὐτοῦ.
1412 589 1431 621 ι
1471 572 1582 625 Καὶ
1616 574 1724 637 πᾶς
1747 573 1777 625 ὁ

190 661 391 733 ἑφεξῆς
414 661 572 731 λόγος
592 661 830 725 τοιοῦτός
854 663 991 725 ἐστι,
1016 662 1115 735 τὴν
1142 662 1235 715 ἐπὶ
1255 663 1324 715 τά
1345 661 1472 734 ἔθνη
1498 662 1598 735 τῆς
1618 663 1775 718 εὐλο-

188 755 317 822 γίας
337 754 667 824 μετάστασιν
697 753 1105 825 προαγορεύων.
1129 774 1148 806 ι
1171 753 1408 808 Εἴπατε»
1436 754 1564 828 γάρ,
1586 756 1772 827 φησιν,

95 846 102 852 ’
194 864 215 897 t
253 846 314 899 ὲν
344 848 457 908 τοῖς
487 844 726 910 ἔθνεσιν,
751 845 832 899 ὅτι
880 844 1083 917 Κύριος
1116 845 1462 899 ἐϐασίλευσεο
1509 866 1528 898 ι
1562 848 1661 900 καὶ·
1683 846 1774 900 λυ-

189 934 377 991 θεῖσαν
402 937 506 991 ὐπδ
534 938 731 1002 κακίας
762 936 860 1009 τὴν
877 938 1199 1009 οἰκουμένην
1220 934 1600 1009 κατώρθωσεν,
1632 937 1773 992 ὥστε

188 1027 491 1083 ἀσάλευτον
519 1030 599 1093 εἰς
620 1029 681 1082 τὸ
707 1029 953 1100 διηνεκὲς
997 1029 1179 1100 μένειν
1198 1046 1211 1061 ο
1245 1028 1333 1099 ἐφ’
1363 1024 1445 1094 οἷς
1469 1029 1579 1102 (86)
1609 1048 1626 1081 ι
1666 1030 1770 1083 Εὐο

190 1119 513 1189 φραίνονται
555 1119 605 1172 οἱ
644 1120 895 1190 οὐρανοὶ,
925 1120 1019 1175 καὶ
1056 1119 1353 1189 ἀγάλλεται
1399 1121 1549 1175 πᾶσα
1588 1123 1622 1192 ή
1659 1120 1729 1192 γῆ
1753 1157 1770 1185 ,

136 1209 150 1238 ’
191 1209 566 1282 σαλευομένων
589 1210 698 1264 τῶν
720 1210 1023 1265 θαλασσίων
1049 1210 1256 1265 ὑδάτων
1273 1213 1372 1266 σὺν
1389 1211 1467 1285 τῷ
1495 1211 1610 1284 ίδίῳ
1631 1212 1771 1285 πλη-

190 1299 428 1372 ρώματι.
464 1320 481 1353 ι
516 1302 594 1354 Δι’
622 1294 700 1355 ὧν
728 1300 1005 1372 τροπικῶς
1029 1301 1128 1373 τὴν
1157 1302 1403 1355 ἐναντίαν
1428 1302 1764 1356 ἐνδείκνυται

188 1390 443 1462 δύναμιν,
495 1392 906 1465 ταραττομένην
940 1410 1001 1446 τε
1060 1395 1152 1447 καὶ
1180 1392 1526 1448 ἀστατοῦσαν
1575 1394 1666 1446 ἐπὶ
1702 1395 1767 1465 τῇ

188 1482 438 1553 ἡμετέρᾳ
467 1479 602 1552 ζωῇ,
641 1481 768 1534 ὅταν
807 1481 1030 1554 οὐρανοὶ
1068 1481 1354 1552 γενώμεθα
1376 1480 1472 1553 τὴν
1497 1480 1652 1548 δόξαν
1676 1481 1768 1535 τοῦ

187 1570 329 1624 Θεοῦ
372 1558 754 1643 διηγούμενοι,
802 1571 836 1642 ἦ
877 1571 990 1642 (87)
1034 1572 1105 1642 γῆ
1152 1571 1240 1626 διὰ
1280 1572 1381 1644 τῆς
1424 1571 1532 1627 τῶν
1560 1573 1769 1644 ἀρετῶν

188 1662 573 1733 καρποφορίας
602 1663 996 1736 εὐλογουμένη.
1038 1685 1057 1717 ι
1100 1664 1423 1737 Σαλευθήτω
1454 1685 1473 1718 ι
1511 1665 1643 1737 γάρ,
1671 1683 1774 1738 φη·
1805 1652 1847 1708 Β

189 1751 301 1815 σὶν,
352 1774 371 1807 ι
400 1755 436 1823 ἡ
467 1750 740 1817 θάλασσα,
771 1751 949 1806 καὶτὸ
983 1752 1259 1825 πλήρωμα
1297 1752 1490 1823 αὐτῆς.
1532 1772 1554 1808 ι
1587 1755 1774 1826 Χαιρή-

190 1842 380 1897 σεσθαι
415 1842 471 1897 δὲ
501 1842 570 1897 τά
605 1843 763 1897 πεδία
795 1842 965 1913 λέγει.
1008 1842 1114 1898 Τὸν
1142 1844 1343 1916 ὁμαλὸν
1371 1845 1429 1899 ἐν
1454 1845 1622 1916 ἀρετῇ
1659 1844 1773 1916 βίον

189 1932 355 1988 πεδία
388 1931 583 2003 λέγων,
613 1926 674 1986 οῦ
707 1932 801 1986 καὶ
832 1935 862 1987 ὁ
916 1932 1140 2000 Ἡσαΐας
1183 1935 1242 1987 ὲν
1268 1936 1383 1999 τοῖς
1416 1935 1567 1999 ἰδίοις
1594 1935 1772 2005 λόγοις

185 2022 338 2094 ἄλλῳ
379 2024 652 2096 μέμνηται
681 2025 891 2098 τρόπῳ,
932 2024 1374 2097 ἀναπληροῦσθαι
1404 2025 1501 2097 μὲν
1528 2026 1772 2081 κελεύων

184 2115 290 2177 τὰς
321 2116 634 2187 φάραγγας,
660 2115 1046 2171 καταστέλλειν
1077 2116 1135 2170 δὲ
1170 2116 1296 2181 τοὺς
1318 2115 1561 2187 βουνοὺς,
1593 2118 1772 2171 καὶτὰ

184 2205 313 2277 δρη.
355 2207 533 2277 Ὅπερ
568 2204 719 2259 οὐδὲν
752 2204 939 2276 ἕτερόν
964 2221 1064 2277 μοι
1090 2205 1274 2269 δοκεῖ,
1303 2205 1336 2276 ἢ
1377 2205 1476 2269 τὰς
1510 2206 1772 2276 ἐλλείψεις

186 2314 247 2349 τε
274 2297 371 2351 καὶ
401 2295 781 2367 ὐπερπτὼσεις
806 2297 914 2350 τῶν
944 2296 1064 2350 κατ’
1090 2296 1290 2367 ἀρετὴν
1319 2296 1772 2368 ἐπιτηδευμάτων

188 2387 517 2460 θεραπεύειν
545 2387 887 2460 βουλόμενος,
918 2388 1090 2443 ταῦτα
1122 2388 1324 2457 λέγειν,
1357 2387 1502 2442 ὥστε
1531 2388 1669 2460 μήτε
1705 2388 1770 2441 δι’

186 2479 480 2549 ἐλλείψεως
510 2478 603 2533 τοῦ
646 2478 851 2548 ἀγαθοῦ
891 2479 982 2533 τὸν
1012 2479 1111 2550 τῆς
1140 2479 1340 2551 ἀρετῆς
1377 2478 1532 2548 λόγον
1560 2478 1770 2532 κοιλαί-

188 2568 374 2622 νεσθαι
395 2585 410 2601 ο
438 2570 575 2641 μήτε
604 2568 908 2639 ἀνωμαλεῖν
929 2568 1018 2623 διὰ
1040 2568 1141 2639 τῆς
1171 2567 1590 2640 ὐπερπτὼσεως.
1623 2587 1641 2618 α
1659 2570 1772 2622 Χα-

188 2661 419 2731 ρήσεται
439 2679 457 2710 ι
486 2660 615 2730 γὰρ,
654 2662 815 2730 φησιν
836 2701 850 2726 ,
892 2678 911 2711 t
935 2659 1004 2714 τά
1033 2659 1211 2727 πεδία,
1243 2659 1336 2714 καὶ
1360 2659 1536 2715 πάντα
1563 2659 1631 2714 τά
1659 2660 1768 2733 (88)

192 2754 251 2806 ὲν
279 2752 489 2815 αὐτοῖς.
524 2771 542 2802 ι

257 2929 669 3002 Παραπλησίως
697 2927 755 2982 δὲ
791 2929 881 2982 καὶ
908 2929 937 2982 ὁ
972 2927 1087 3000 μετ’
1103 2928 1263 2984 αὐτὸν
1291 2928 1505 3000 ψαλμὸς
1532 2931 1592 2984 οὐ
1627 2947 1765 3002 παρ-

1882 394 2074 443 sancto
2098 386 2245 458 ejus;
2275 405 2295 438 ι
2326 396 2380 442 et
2404 394 2518 441 tota
2548 400 2670 456 quae
2698 387 2948 458 sequitur
2977 389 3152 443 oratio
3180 390 3451 460 ejusmodi

1883 485 1992 545 est,
2028 485 2088 533 ut
2137 475 2541 532 benedictionis
2574 475 2640 531 ad
2679 485 2872 547 gentes
2917 476 3331 533 translationem
3367 479 3454 534 de-

1879 578 2188 627 monstret:
2217 568 2395 639 inquit
2417 569 2564 625 enim
2597 582 2610 619 :
2645 585 2665 618 t
2702 567 2874 623 Dicite
2909 567 2964 622 in
2994 568 3283 639 gentibus;
3312 570 3450 635 Quia

1878 659 2143 717 Dominus
2165 660 2435 731 regnavit;
2463 678 2481 712 ι
2513 668 2793 731 totamque
2827 674 3009 714 rerum
3040 659 3448 716 universitatem

1876 753 1945 808 ab
1976 751 2326 823 improbitate
2345 751 2676 806 destruclam
2709 751 2966 820 restituit,
3002 761 3062 806 ut
3091 754 3144 806 in
3170 763 3449 824 posterum

1878 854 2141 915 perpetuo
2184 843 2513 899 inconcussa
2552 844 2845 908 consistat,
2892 845 2961 899 ob
3015 861 3136 915 qua:
3192 865 3211 897 Ι
3240 844 3452 901 Lactan-

1876 948 1967 991 tur
2001 936 2150 1001 cwli,
2184 943 2240 990 et
2270 935 2509 991 exsultat
2556 934 2736 991 omnis
2770 945 2938 1001 terra,
2966 937 3253 991 commotis
3292 936 3450 1006 aquis

1877 1026 2051 1083 maris
2089 1041 2213 1081 eum
2252 1042 2353 1081 sua
2404 1026 2761 1097 plenitudine.
2801 1045 2820 1078 ο
2856 1025 3065 1092 Quibus
3093 1028 3450 1084 translatione

1876 1119 2114 1189 quadam
2159 1119 2454 1185 sermonis,
2487 1104 2859 1174 adversariam
2906 1125 3231 1188 potestatem
3275 1119 3448 1190 signi-

1875 1211 2026 1275 llcat,
2068 1210 2343 1266 turbatam
2382 1211 2592 1266 scilicet
2629 1218 2683 1267 et
2728 1211 2850 1267 loco
2884 1221 3086 1267 motam
3127 1226 3292 1282 super
3337 1212 3447 1266 vita

1874 1310 2084 1368 nostra,
2116 1303 2341 1374 quando
2365 1318 2466 1360 nos
2494 1304 2901 1375 qquammodo
2921 1306 3043 1360 coeli
3068 1305 3195 1358 lacti
3218 1304 3447 1376 gloriam

1875 1390 1969 1447 Dei
2003 1406 2348 1461 enarramus,
2383 1393 2476 1464 qui
2509 1406 2651 1449 terra
2694 1411 2886 1451 sumus
2916 1411 3011 1466 per
3042 1395 3303 1451 virtutmn
3342 1395 3450 1450 fer-

1876 1481 2131 1536 tilitatem
2167 1481 2438 1537 benedicti
2468 1501 2480 1536 :
2517 1481 2649 1537 dicit
2676 1484 2819 1540 enim
2853 1503 2866 1539 :
2929 1502 2949 1535 ι
2990 1483 3271 1538 Movcatur
3301 1500 3449 1540 mare

1875 1583 1931 1630 et
1962 1574 2244 1647 plenitudo
2265 1576 2402 1646 ejus.
2429 1594 2448 1627 ι
2474 1574 2671 1631 [λκιοτὶ
2709 1591 2836 1631 vero
2863 1576 2938 1631 ait
2969 1595 2985 1629 ι
3015 1591 3271 1646 campos;
3299 1596 3316 1629 ι
3354 1592 3448 1647 per

1876 1680 2102 1737 campos
2125 1667 2447 1738 tequabilem
2491 1667 2639 1723 illam
2672 1668 2890 1722 virtutis
2924 1670 3065 1723 viam
3106 1670 3443 1739 signiﬁcans.

1874 1756 2046 1827 Cujus
2077 1766 2132 1813 et
2172 1757 2342 1811 Isaias
2386 1758 2503 1814 suis
2534 1757 2588 1811 in
2625 1757 2968 1813 sermonibus
3003 1758 3109 1811 alio
3141 1759 3302 1812 modo
3334 1773 3447 1813 me-

1876 1846 2065 1910 minit,
2125 1861 2248 1902 cum
2293 1846 2449 1916 jubet
2500 1847 2696 1918 repleri
2747 1846 2950 1913 valles,
3009 1855 3063 1900 et
3109 1846 3444 1916 complanari

1874 1935 2044 1992 colles
2073 1942 2127 1991 et
2174 1947 2387 1992 montes
2417 1936 2462 1969 ⁸⁵
2502 1954 2514 1992 :
2548 1937 2694 2006 quod
2719 1936 2850 1991 mihi
2892 1937 3042 1992 nullo
3082 1938 3189 1992 alio
3216 1938 3448 1992 consilio

1873 2022 2082 2080 dixisse
2126 2025 2360 2090 videtur,
2413 2040 2575 2096 quam
2629 2034 2689 2080 ut
2742 2027 3073 2094 ostenderet,
3118 2029 3174 2080 in
3230 2028 3447 2082 virtutis

1874 2113 2058 2169 etudio
2088 2129 2376 2169 excessum
2422 2114 2824 2185 delectumque,
2867 2131 2962 2172 seu
3000 2117 3225 2171 nimium
3266 2127 3321 2173 et
3351 2134 3448 2189 pa-

1873 2220 2018 2271 rum,
2065 2206 2360 2276 diligenter
2408 2206 2794 2261 attendendum
2854 2222 2997 2275 esse,
3041 2216 3100 2261 ut
3136 2223 3311 2278 neque
3348 2224 3446 2278 per

1873 2298 2149 2354 defectum
2180 2299 2330 2366 boni,
2361 2300 2581 2355 virtutis
2613 2300 2880 2355 rationem
2906 2302 3063 2371 quasi
3093 2317 3441 2367 excavemus,

1871 2397 1927 2444 et
1958 2390 2339 2445 exinaniamus
2370 2407 2383 2444 :
2429 2406 2607 2460 neque
2645 2390 2807 2445 etiam
2850 2406 2946 2461 per
2979 2407 3266 2446 excessum
3318 2391 3444 2446 red-

1873 2482 2002 2538 dere
2052 2483 2371 2553 inaequalem
2426 2496 2689 2538 conemur
2737 2500 2750 2536 :
2796 2481 2930 2538 dicit
2970 2485 3113 2537 enim
3160 2502 3172 2537 :
3226 2502 3244 2536 ι
3279 2482 3448 2543 Laeta-

1875 2575 2079 2630 buntur
2116 2575 2316 2644 campi,
2350 2582 2405 2630 et
2439 2575 2621 2630 omnia
2651 2591 2772 2647 quae
2812 2576 2865 2631 in
2898 2575 2977 2631 eis
3022 2587 3167 2632 sunt.
3208 2596 3226 2627 ι

1943 2926 2208 2983 Similiter
2239 2935 2294 2983 et
2333 2928 2382 2983 is
2424 2929 2516 2999 qui
2553 2928 2800 2999 sequitur
2843 2930 3087 2998 psalmus
3135 2927 3182 2960 "°
3228 2929 3296 2983 ab
3342 2926 3448 2986 Hes

188 2995 388 3092 εδέχθη
439 2995 533 3091 τῇ-
558 3020 667 3075 τῶν
711 2995 984 3093 Ἐϐραίων*
1008 2995 1316 3093 ἐπιγραφῇ..
1347 2995 1480 3075 διδτι
1520 3022 1588 3076 τὰ

1912 3020 2036 3076 raeis
2068 3019 2392 3092 repudiatus
2440 3028 2544 3085 est,
2588 3034 2654 3074 eo
2683 3019 2827 3090 quod
2857 3026 3075 3076 nostras
3114 3036 3221 3086 res,
3266 3030 3448 3076 terra:-

186 3129 326 3184 τερα
372 3112 542 3181 λέγει,
584 3111 681 3165 καὶ
712 3111 811 3182 τῆς
842 3110 1118 3182 ἡμετέρας
1150 3112 1251 3182 γῆς
1290 3113 1388 3184 τὴν
1431 3113 1766 3166 κατάστασιν

189 3204 269 3277 τῷ
324 3205 472 3277 λόγῳ
505 3203 939 3273 εὐαγγελίζεται.
990 3203 1300 3275 Ἀνατίθησι
1345 3205 1453 3276 γὰρ
1491 3204 1570 3271 τῷ
1608 3203 1772 3258 Δαυῗδ

186 3297 288 3369 τὴν
320 3295 642 3367 ψαλμῳδίαν
689 3297 722 3367 η
773 3296 1053 3367 ἐπιγραφὴ
1080 3333 1095 3359 ,
1129 3294 1304 3359 οὕτως
1350 3295 1568 3366 ἔχουσα·
1613 3314 1631 3347 t
1676 3294 1768 3366 Τῷ

188 3389 372 3453 Δαυῖδ,
404 3389 562 3441 ὁπότε
591 3390 625 3459 ἡ
657 3387 728 3457 γῆ
746 3385 908 3440 αὐτοῦ
938 3385 1265 3458 κατεστάθη.
1296 3406 1315 3439 ι
1343 3387 1416 3440 Τὸ
1435 3387 1491 3440 δὲ
1519 3406 1536 3439 ι
1559 3387 1723 3441 αὐτοῦ
1743 3407 1762 3438 ο

186 3483 457 3554 δηλονότι,
498 3483 560 3535 οὐ
614 3481 751 3553 πρὸς
782 3480 872 3533 τὸν
907 3478 1090 3547 Δαὸὶδ,
1136 3478 1273 3533 ἀλλὰ
1321 3464 1457 3551 πρὸς
1506 3479 1598 3549 τὸν
1636 3479 1768 3533 Θεὸν

187 3577 287 3648 τὴν
339 3575 622 3647 σημασίαν
670 3575 803 3646 ἔχει.
853 3577 918 3629 Ἥ
960 3576 1069 3647 γὰρ
1115 3575 1379 3646 πρότερον
1425 3573 1513 3627 διὰ
1569 3573 1769 3638 κακίας

187 3667 484 3729 ἀποστᾶσα
509 3666 602 3736 γῆ,
628 3665 723 3718 νῦν
752 3666 840 3721 διὰ
865 3666 965 3736 τῆς
987 3664 1336 3735 ἐπιγνώσεως
1363 3663 1458 3717 τοῦ
1485 3662 1620 3717 Θεοῦ
1642 3663 1768 3733 ἔσχε

186 3759 248 3811 τὸ
277 3757 564 3827 στάσιμον.
607 3757 797 3828 Ἡμεῖς
825 3757 881 3810 δὲ
909 3759 1108 3822 πάντες
1137 3756 1303 3827 ἐσμὲν
1329 3756 1363 3827 ἡ
1391 3754 1461 3826 γῆ
1484 3754 1578 3808 τοῦ
1608 3754 1765 3820 Θεοῦ,

184 3849 236 3900 ot
271 3847 542 3919 πρότερον
594 3849 653 3899 ὲν
693 3845 771 3917 τῷ
817 3846 1006 3918 ἀγαθῷ
1051 3846 1491 3916 ἀστατήσαντες,
1548 3844 1639 3897 καὶ
1680 3844 1768 3898 διὰ

182 3939 346 3993 τοῦτο
382 3940 441 3993 ὲν
466 3939 681 4010 κατάρᾳ
726 3940 1034 4009 γενόμενοι·
1063 3936 1203 4009 μετὰ
1229 3936 1386 3989 τοῦτο
1412 3936 1468 3990 δὲ
1511 3939 1610 4007 τῆς
1634 3954 1768 3990 κατ-

183 4031 331 4100 άρας
382 4026 773 4097 ἐξαιρεθέντες,
810 4027 904 4081 καὶ
926 4027 1026 4096 τῆς
1051 4028 1108 4079 ὲν
1132 4024 1212 4095 τῷ
1233 4023 1424 4095 ἀγαθῷ
1456 4024 1618 4079 πάλιν
1648 4026 1770 4079 ὲπι-

181 4119 444 4189 τυχόντες
468 4117 728 4182 στάσεως.
746 4117 855 4170 Καὶ
878 4117 1034 4171 τοῦτο
1065 4116 1226 4180 εὐθὺς
1249 4118 1283 4187 ἡ
1306 4115 1449 4187 ἀρχὴ
1473 4116 1571 4188 τῆς
1585 4117 1767 4188 ψαλμ-

179 4210 353 4282 ῳδίας
378 4208 810 4278 εὐαγγελίζεται,
840 4208 920 4261 ὅτι
945 4224 966 4260 ι
987 4204 1079 4260 τοῦ
1101 4204 1303 4278 Κυρίου
1322 4205 1763 4276 βασιλεύσαντος,

180 4303 216 4372 ἡ
253 4303 328 4371 γῆ
358 4299 862 4372 εὐφραίνεται.ιὨς
893 4297 959 4353 ἂν
993 4297 1048 4350 εί
1074 4314 1158 4362 τις
1184 4297 1353 4365 λέγοι,
1384 4298 1466 4351 ὅτι
1492 4296 1587 4350 τοῦ
1616 4297 1767 4369 ἡλίου

1872 3126 1978 3182 que
2013 3119 2214 3165 nostra;
2246 3110 2692 3166 constitutionem
2731 3113 3000 3175 decantet,
3050 3118 3104 3166 et
3135 3112 3442 3165 annuutiet.

1872 3203 2166 3275 Inscriptio
2209 3206 2354 3260 enim
2383 3206 2741 3276 psalmodiam
2776 3206 2917 3260 hanc
2949 3206 3047 3275 ipsi
3092 3206 3257 3259 David
3290 3207 3447 3260 attrin

1872 3297 2012 3360 buit,
2047 3310 2167 3366 qua:
2194 3297 2275 3352 sic
2325 3311 2384 3352 se
2411 3297 2574 3351 habet
2602 3315 2614 3351 :
2648 3316 2666 3348 ι
2697 3296 2798 3368 Ipsi
2827 3297 3012 3360 David,
3054 3298 3273 3365 quando
3303 3290 3444 3352 terra

1872 3386 1991 3456 ejus
2025 3386 2280 3443 restituta
2325 3394 2429 3441 est.
2465 3404 2485 3438 ι
2523 3387 2655 3441 Illud
2710 3401 2856 3450 vero,
2917 3406 2935 3438 ι
2969 3388 3108 3456 ejus,
3143 3406 3164 3438 ›
3214 3402 3320 3441 non
3379 3387 3446 3440 ad

1874 3476 2071 3541 David,
2117 3476 2213 3532 sed
2268 3476 2334 3530 ad
2366 3475 2534 3531 Deum
2584 3475 2927 3531 referendum
2966 3484 3068 3531 est.
3120 3476 3251 3531 Nam
3278 3487 3443 3543 terra,

1872 3584 1994 3638 quae
2038 3577 2198 3623 antea
2246 3584 2344 3639 per
2390 3569 2649 3622 malitiam
2700 3567 2994 3634 defecerat,
3034 3584 3180 3623 nunc
3228 3585 3322 3639 per
3356 3570 3445 3623 Dei

1872 3659 2242 3731 cognitionem
2278 3658 2528 3714 stabilem
2563 3666 2767 3713 sortem
2795 3666 2849 3713 et
2883 3658 3252 3713 conditionem
3286 3670 3446 3714 nacta

1871 3759 1975 3807 est.
2012 3750 2123 3807 Nos
2159 3766 2290 3807 vero
2327 3766 2520 3807 omnes
2570 3749 2663 3806 Dei
2700 3757 2857 3819 terra,
2897 3766 3108 3818 sumus,
3163 3752 3255 3821 qui
3292 3753 3446 3822 prius

1872 3845 1926 3899 in
1974 3844 2120 3899 bono
2160 3844 2469 3910 instabiles,
2498 3853 2552 3899 et
2583 3850 2872 3914 propterea
2920 3844 2974 3899 in
3008 3846 3445 3900 maledic-tionem

1873 3935 2107 4005 conjecti
2160 3934 2394 4003 fuimus;
2455 3944 2645 4006 postea
2692 3952 2825 3992 vero
2872 3938 3255 3994 maledictione
3282 3934 3491 3991 suluti‘

1874 4041 2067 4083 rursus
2090 4034 2407 4090 constantes
2438 4036 2493 4083 et
2543 4027 2766 4084 stabiles
2794 4028 2848 4083 in
2878 4030 3019 4085 bono
3037 4028 3212 4085 eﬂ'eeti
3233 4043 3447 4092 sumus.

1875 4126 1931 4173 et
1960 4118 2063 4172 hoc
2094 4119 2251 4172 initio
2289 4119 2472 4174 statim
2500 4120 2801 4190 psalmodia
2825 4121 2929 4176 ista
2954 4121 3264 4182 annuntiat,
3298 4122 3443 4190 quod

1878 4228 1897 4259 ‹
1938 4208 2168 4264 Domino
2207 4221 2472 4281 regnante
2504 4214 2740 4269 exsultet
2769 4221 2951 4268 terra:
2985 4233 3004 4267 ι
3025 4213 3182 4284 quasi
3209 4213 3334 4283 quis
3363 4213 3446 4267 di-

1876 4304 1985 4364 cat,
2032 4306 2092 4352 ut
2136 4299 2353 4354 lucente
2392 4300 2507 4355 sole
2537 4309 2681 4356 terra
2727 4303 3073 4368 illustratur,
3116 4302 3196 4357 sic
3244 4317 3447 4371 praeva-

521 4392 555 4462 ἠ
590 4391 661 4460 γῆ
690 4358 982 4460 φωτίξεται
1001 4404 1017 4420 ⁸
1049 4358 1222 4452 οὕτως
1251 4358 1653 4459 ἐπικρατούσης
1672 4388 1765 4442 τοῦ

1912 4398 2018 4445 ante
2074 4405 2243 4460 regno
2292 4389 2530 4454 Domini,
2573 4392 2793 4447 exsistit
2824 4392 2878 4445 in
2916 4392 3075 4447 nobis
3127 4390 3443 4461 jucunditas

180 4486 397 4558 κυρίου
429 4486 532 4557 τῇς
575 4483 872 4555 βασιλείας,
910 4483 968 4535 ὲν
1003 4482 1135 4553 ἡμῖν
1179 4481 1328 4533 ἐστιν
1377 4480 1412 4551 ἡ
1462 4478 1765 4551 εὐφροσύνη

1912 4482 2066 4554 εειιὴ
2107 4484 2270 4538 verba
2315 4500 2446 4539 vero
2489 4485 2570 4540 sic
2617 4501 2676 4541 se
2706 4485 2909 4540 habent
2942 4501 2956 4538 :
3006 4503 3026 4532 ρ
3064 4483 3331 4538 Dominus
3367 4498 3447 4539 re-

180 4578 284 4648 τῆς
324 4576 627 4648 βασιλείας.
667 4576 821 4645 Ἔχει
851 4574 907 4629 δὲ
949 4572 1155 4644 ὴλέξις
1186 4571 1376 4637 οὕτως·
1419 4592 1438 4624 ι
1484 4571 1542 4626 '0
1566 4572 1765 4642 Κύριος

1912 4574 2078 4639 navit,
2135 4574 2371 4631 exsultet
2416 4583 2584 4641 terra,
2632 4576 2882 4630 Izeteutur
2930 4575 3123 4630 insulae
3186 4574 3388 4627 multae.
3420 4591 3438 4624 ι

180 4665 575 4729 ἐϐασίλευσεν,
602 4662 950 4731 άγαλλιάσθω
983 4662 1094 4733 (89)
1157 4663 1190 4734 ή
1239 4662 1313 4733 γῆ
1337 4681 1348 4693 ’
1411 4661 1765 4735 ὲφρανθήτω-

1918 4667 2102 4721 ulchre
2146 4667 2381 4732 animas,
2432 4684 2553 4738 qua:
2603 4668 2727 4722 licet
2769 4667 3160 4722 tentationibus
3199 4667 3438 4734 agitatae,

182 4774 289 4812 σαν
315 4757 475 4828 νῆσοι
505 4755 717 4809 πολλαί.
732 4755 955 4819 »Καλῶς
979 4755 1077 4820 τὰς
1096 4753 1274 4826 ψυχάς
1296 4753 1406 4807 τῶν
1432 4755 1490 4807 ὲν
1511 4756 1623 4818 τοῖς
1647 4771 1765 4809 πει-

1912 4758 2229 4813 tabilitatem
2294 4766 2348 4813 et
2398 4759 2787 4814 ﬁrmitudinem
2834 4758 3089 4820 retinent,
3130 4755 3388 4809 «insulas
3415 4774 3431 4804 ι

184 4851 422 4921 ρασμοίς
461 4847 523 4900 τὸ
553 4847 765 4918 έδραίόν
806 4864 866 4901 τε
912 4847 1004 4900 καὶ
1034 4845 1365 4918 ἀμετάθετον
1396 4845 1769 4918 ἐπιδεικνυμέ-

180 4960 313 5008 νων,
336 4943 530 5013 νήσους
550 4940 849 5012 ὠνόμασεν,
870 4940 936 5004 ἃς
956 4939 1214 4995 πάντοθεν
1235 4940 1331 5011 μὲν
1350 4939 1703 5010 διαλαμϐάνει
1730 4942 1763 5011 ἡ

179 5034 284 5103 τῆς
321 5033 522 5096 κακίας
553 5031 722 5103 ἅλμη,
754 5032 815 5084 οὐ
858 5031 965 5101 μὴν
1016 5030 1268 5084 τοσοῦτον
1308 5027 1486 5102 ἰσχύει
1531 5032 1766 5103 προσπί-

181 5138 413 5187 πτουσα,
431 5121 505 5185 ὡς
524 5122 618 5175 καὶ
637 5120 794 5174 σάλον
813 5121 933 5173 τινὰ
942 5118 1021 5192 τῷ
1031 5121 1213 5190 παγίῳ
1225 5119 1319 5191 τῆς
1332 5120 1768 5192 ἀρετῆςὲμποιῆ-

183 5207 421 5267 σαι-εἷτα
433 5212 521 5266 διὰ
538 5211 705 5284 μέσου
725 5209 927 5265 τούτων
949 5210 1010 5263 τὸ
1029 5209 1337 5284 ἀθεώρητον
1359 5209 1457 5281 τῆς
1483 5209 1629 5275 θείας
1650 5211 1766 5286 (90)

256 5347 306 5381 ⁸⁸
338 5349 445 5404 lsa.
491 5364 581 5413 ιι,
624 5349 678 5404 4.
752 5350 800 5383 ⁸⁸
827 5347 972 5405 Psal.
1022 5361 1162 5401 xcvn.
1243 5411 1247 5415 ν

254 5486 368 5557 (85)
392 5486 590 5557 ania
625 5487 788 5542 verba
817 5487 887 5557 ad,
909 5485 1072 5539 αὐτοῦ
1105 5500 1211 5541 om.
1244 5486 1333 5542 ed.

255 5550 370 5626 (86)
404 5550 512 5619 Ἦς
539 5557 762 5625 quidam
793 5556 951 5611 codd.

257 5626 370 5696 t87)
412 5627 502 5696 Ἦ,
531 5626 620 5695 ed,

1877 4850 2185 4921 appellavit,
2220 4865 2357 4920 quas
2403 4850 2644 4920 undique
2687 4850 2904 4920 quidem
2944 4844 3246 4904 circumdat
3292 4844 3445 4898 mali-

1875 4942 1965 4997 tite
2006 4942 2245 5014 salsugo,
2296 4943 2390 4999 sed
2432 4950 2643 4997 tantum
2680 4944 2889 5013 allapsu
2940 4957 3041 4996 suo
3087 4953 3194 4993 non
3244 4946 3441 5007 potest,

1881 5044 1941 5088 ut
1992 5043 2129 5089 testu
2195 5035 2379 5104 aliquo
2424 5034 2641 5089 virtutis
2702 5031 3066 5089 constantiam
3132 5025 3441 5081 labefactet.

1876 5122 2080 5178 Deinde
2131 5138 2227 5192 per
2257 5138 2320 5178 ea
2355 5138 2476 5191 quae
2508 5122 2802 5191 interjecit,
2840 5130 3087 5176 naturam
3134 5125 3285 5171 extra
3323 5129 3444 5169 om-

1876 5216 2027 5271 nium
2066 5223 2344 5283 aspectum
2396 5215 2624 5284 positam
2665 5215 2824 5269 nubis
2854 5223 2901 5268 cl
2944 5209 3193 5282 caliginis
3233 5206 3447 5263 involu-

1939 5484 2051 5545 (88)
2086 5483 2166 5536 Τά
2186 5498 2295 5536 om.
2330 5484 2414 5537 ed.

1938 5556 2049 5621 (89)
2082 5556 2136 5605 Ἀ
2148 5553 2512 5620 γαλλιάσεται,
2549 5553 2636 5607 ed.

1940 5624 2050 5693 (90)
2076 5623 2236 5686 Θείας
2273 5639 2380 5677 om.
2408 5623 2493 5677 ed.
