3766 5986
331 245 423 317 εει
1580 272 1640 327 s.
1669 271 1902 329 caeco

2085 271 2318 328 YSSENI

3485 274 3592 333 332

333 388 431 441 cro
464 378 703 450 quodam
751 382 1012 438 describit
1041 404 1053 439 :
1091 404 1109 436 ι
1132 385 1317 442 Nubes
1350 389 1492 442 enim
1539 398 1595 445 et
1638 391 1813 461 caligo
1842 390 1896 444 in

2085 407 2218 455 σεως
2260 392 2318 443 ἐν
2352 394 2419 461 τῇ
2458 380 2655 463 νεφέλῃ
2693 393 2787 445 καὶ
2828 392 2905 460 τῷ
2938 383 3122 464 γνόφῳ
3154 393 3221 447 δι’
3267 392 3594 465 αἰνίγματος

335 474 568 527 circuitu
604 476 742 543 ejus,
769 495 788 528 ι
823 476 1095 546 simulque
1130 480 1423 535 terribilem
1479 481 1625 536 illam
1669 485 1904 553 speciem

2085 472 2371 551 οσημαίνει
2395 480 2505 551 (9i)
2542 484 2570 535 ὀ
2596 474 2771 550 λόγος.
2801 501 2820 534 ι
2850 476 3063 554 Νεφέλη
3086 483 3216 555 γὰρ,
3251 498 3270 537 ›
3308 485 3444 555 φησὶ
3479 485 3593 557 (93)

335 562 594 627 ostendit,
638 566 860 633 quando
910 570 1139 633 venerit,
1192 578 1247 623 ut
1301 570 1594 641 unicuique
1645 575 1907 644 rependat

341 669 438 721 pro
471 656 700 719 meritis,
747 674 873 711 cum
924 660 1037 713 ait:
1074 679 1093 711 ι
1149 659 1293 731 Ignis
1332 663 1387 717 in
1441 674 1738 734 conspectu
1783 666 1904 736 ejus

340 745 608 813 praecedet
631 754 685 802 et
708 747 1065 805 inﬂammabit
1093 752 1148 805 in
1171 753 1408 807 circuitu
1437 754 1687 810 inimicos
1710 755 1850 825 ejus.
1883 776 1902 807 ι

339 833 532 891 Postea
578 835 954 908 Evangelicam
1007 840 1218 906 lucem,
1274 842 1522 912 lucisque
1565 842 1907 900 dill‘usionem

340 926 701 994 demonstrat,
732 928 947 1001 fulgura
980 933 1262 1001 appellans
1290 932 1487 989 divinae
1510 934 1909 1005 praedicationis

342 1025 644 1083 sermones,
684 1023 776 1090 qui
834 1039 930 1093 per
981 1032 1151 1078 totum
1195 1031 1463 1079 terrarum
1515 1025 1702 1081 orbem
1756 1026 1910 1082 cliul-

342 1110 489 1176 gcnt.
524 1101 665 1165 Dicit
694 1113 880 1168 enim:
934 1132 952 1165 ι
999 1108 1304 1169 Illuxerunt
1332 1119 1742 1174 ceruscationes
1787 1120 1908 1174 orbi

344 1206 538 1265 terra,
586 1220 605 1253 ι
654 1196 1104 1277 altitudinemque
1140 1196 1593 1275 Evangelicorum
1631 1212 1911 1281 mysterio—

344 1307 462 1344 r-um
488 1287 846 1362 sequentibus
879 1298 1065 1353 verbis
1112 1298 1372 1365 ostendit,
1420 1315 1543 1354 cum
1589 1301 1698 1354 ait:
1739 1320 1757 1352 ι
1799 1302 1912 1355 An-

344 1383 729 1437 nuuliaverunt
756 1380 878 1439 caeli
899 1382 1168 1457 justitiam
1201 1388 1341 1455 ejus,
1372 1397 1424 1443 et
1452 1389 1697 1442 viderunt
1721 1404 1911 1443 omnes

344 1471 525 1543 populi
547 1472 772 1542 gloriam
798 1474 940 1544 ejus.
969 1494 987 1529 ι
1020 1467 1369 1531 Eversionem
1404 1482 1530 1531 vero
1567 1472 1831 1531 idolorum
1859 1486 1913 1530 et

343 1564 691 1620 abolitionem
739 1560 1120 1635 hujuscemodi
1159 1567 1494 1638 deceptionis
1538 1558 1787 1636 praadixit
1827 1560 1912 1621 his

341 1656 523 1711 verbis
553 1675 566 1711 :
607 1675 625 1708 ι
647 1654 1067 1712 Confundantur
1094 1672 1283 1714 omnes
1304 1660 1395 1730 qui
1421 1659 1652 1714 adorant
1684 1661 1913 1731 sculpti—

2019 589 2036 622 ι
2067 564 2160 623 καὶ¹
2178 566 2376 640 γνόφος
2404 571 2589 642 κύκλῳ
2612 571 2800 638 αὑτοῦ,
2831 591 2850 624 ι
2880 574 2976 627 καὶ⁵
3010 574 3079 627 τά
3109 574 3316 648 φοϐερά
3356 577 3458 646 τῆς
3496 577 3594 629 ἀν-

2008 660 2370 730 ταποδοτικῆς
2414 660 2693 732 δυνάμεως
2736 655 3018 729 ὑποδείξας
3042 704 3058 730 ,
3085 664 3150 717 δι’
3181 658 3255 718 ὧν
3284 682 3475 736 φησιν,
3507 666 3597 718 ὅτι

2017 768 2035 800 ι
2069 746 2186 823 Πῦρ
2208 749 2435 803 ἐνώπιον
2471 750 2633 805 αύτοῦ
2665 744 3218 824 προπορεύσεται(95)
3240 796 3255 820 ,
3277 755 3369 808 καὶ
3383 736 3600 823 ιρλογιεῖ

2012 837 2196 911 κύκλῳ
2221 840 2347 904 τοὺς
2369 841 2595 913 ἐχθροὺς
2617 842 2801 908 αὐτοῦ,
2823 863 2842 894 ι
2883 838 3214 897 έκκαλύπτει
3231 845 3329 915 τὴν
3342 846 3597 913 Εύαγγε-

2011 929 2171 1001 λικὴν
2211 933 2591 1001 φωταγωγίαν,
2618 933 2907 1005 ἀστραπὰς
2948 934 3120 1003 λέγων
3156 935 3281 999 τοὺς
3316 934 3411 989 τοῦ
3442 935 3596 990 θείου

2013 1016 2363 1092 κηρύγματος
2403 1016 2595 1090 λόγους
2618 1063 2634 1090 ,
2674 1016 2723 1075 οἳ
2757 1022 2896 1076 κατά
2924 1023 3106 1093 πάσης
3134 1022 3235 1093 τῆς
3259 1024 3598 1094 οἰκουμένης

2012 1109 2403 1180 ἐκλάμπουσιν·
2438 1108 2711 1181 «Ἐφαναν
2742 1129 2761 1163 ι
2794 1111 2923 1184 γὰρ,
2957 1112 3141 1183 φησὶν,
3171 1115 3276 1179 «ξαὶ
3309 1114 3600 1185 ἀστραπαὶ

2012 1200 2179 1255 αὐτοῦ
2207 1194 2273 1272 τῇ
2306 1201 2628 1274 οίκουμένῃ·
2671 1220 2691 1253 ι
2745 1199 2840 1255 καὶ
2885 1201 2946 1255 τὸ
3001 1201 3134 1272 ὕψος
3158 1202 3267 1256 τῶν
3291 1203 3599 1272 Εύαγγελι-

2012 1291 2124 1345 κῶν
2160 1291 2474 1363 μυστηρίων
2525 1292 2605 1363 τῷ
2650 1290 2847 1364 ἐφεξῆς
2877 1292 3160 1360 ὑποδείξας
3189 1296 3244 1347 ὲν
3270 1294 3348 1363 τῷ
3396 1297 3598 1358 εἰπεῖν,

2011 1381 2093 1433 ὅτι
2131 1399 2148 1431 ι
2194 1379 2609 1450 ’Λνήγγειλανοί
2635 1381 2854 1452 οὐρανοὶ
2884 1380 2983 1452 τὴν
3018 1381 3364 1453 δικαιοσύνην
3389 1382 3557 1435 αὑτοῦ
3582 1390 3597 1412 ⁸

2013 1472 2109 1525 καὶ
2137 1469 2347 1524 εἴδοσαν
2370 1471 2570 1535 πάντες
2593 1473 2642 1525 oi
2664 1472 2781 1525 λαοὶ
2814 1472 2913 1543 τὴν
2938 1472 3095 1537 δόξαν
3129 1473 3313 1527 αὑτοῦ.
3345 1494 3364 1526 ι
3399 1474 3514 1545 Τήν
3538 1482 3600 1526 τε

2013 1560 2121 1615 τῶν
2166 1560 2403 1616 εἰδώλων
2450 1562 2788 1635 καθαίρεσιν,
2840 1564 2937 1617 καὶ
2990 1562 3082 1617 τὸν
3139 1565 3447 1636 ἀφανισμὸν
3496 1568 3600 1634 τῆς

2013 1651 2266 1723 τοιαύτης
2307 1653 2514 1724 πλάνης
2546 1654 2957 1725 προαγορεύσας
2982 1695 2998 1718 ,
3028 1654 3086 1708 ἐν
3116 1649 3198 1718 οἷς
3226 1655 3397 1724 λέγει·
3432 1673 3453 1706 ι
3494 1656 3600 1707 Δί-

339 1740 439 1810 lia,
462 1746 517 1800 et
548 1746 641 1817 qui
670 1738 975 1818 gloriantur
1006 1749 1059 1802 in
1102 1747 1441 1806 simulacris.
1485 1771 1503 1802 ι
1539 1750 1792 1822 Moxque,
1832 1767 1906 1806 ve-

2086 1743 2399 1815 υνθήτωσαν
2426 1745 2625 1808 πάντες
2651 1749 2699 1798 οι
2731 1744 3157 1816 προσκυνοῦντες
3176 1744 3291 1811 τοῖς
3309 1747 3599 1815 γλυπτοῖς,

339 1836 421 1892 lut
447 1830 690 1894 onmium
729 1832 1000 1895 bonorum
1043 1841 1406 1911 signaculum,
1444 1842 1665 1897 adducit
1700 1842 1912 1898 Domini

342 1938 439 1999 per
483 1935 705 1985 carnem
756 1936 1091 2002 assumptam
1137 1932 1278 1987 inter
1326 1933 1575 1988 homines
1620 1935 1914 2005 apparitio-

342 2036 464 2075 nem
496 2039 509 2075 :
549 2041 567 2073 ‹
604 2010 747 2087 Lux,
786 2038 805 2074 ι
840 2021 1115 2091 inquiens,
1154 2040 1174 2076 ι
1208 2032 1330 2080 orta
1365 2039 1446 2082 est
1474 2026 1646 2097 justo,
1672 2036 1724 2082 et
1747 2028 1915 2082 rectis

343 2108 507 2167 corde
537 2110 741 2166 laetitia.
769 2130 786 2164 ι

415 2282 579 2346 Recte
618 2298 780 2357 pu'rro
826 2290 880 2348 et
929 2284 1208 2364 ingeniose
1263 2296 1545 2366 sequentis
1590 2286 1785 2366 psalmi
1840 2290 1910 2362 δ’,

342 2381 523 2451 quiet
566 2383 681 2452 ipse
728 2384 1087 2456 inscriptione
1133 2394 1304 2452 caret,
1352 2386 1565 2440 initium
1628 2394 1751 2440 cum
1811 2383 1914 2441 [ine

342 2473 506 2543 hujus
542 2475 906 2531 connectitur.
942 2476 1199 2546 Ejusdem
1231 2477 1376 2531 enim
1406 2468 1661 2547 potentia:
1690 2478 1808 2542 est,
1856 2480 1915 2531 ut

340 2562 395 2616 ct
428 2556 581 2633 justo
616 2565 705 2617 lux
749 2579 814 2620 ac
844 2565 1063 2632 laetitia,
1097 2566 1389 2621 incredula:
1414 2577 1591 2622 autem
1626 2568 1769 2638 plehi
1834 2570 1914 2623 ira

338 2656 395 2705 ιιι
426 2653 731 2719 indignatio
765 2656 994 2709 oriatur.
1027 2650 1208 2726 lnquit
1236 2658 1382 2711 enim
1412 2676 1425 2713 :
1464 2677 1484 2709 ‹
1535 2658 1795 2714 Dominus
1830 2677 1913 2714 re-

341 2745 547 2812 gnavit,
581 2745 892 2801 irascantur
918 2748 1123 2817 populi.
1165 2768 1184 2799 ι
1215 2749 1348 2813 Quis
1378 2748 1500 2811 iste,
1546 2750 1640 2820 qui
1669 2752 1912 2819 regnavit

346 2835 632 2900 Dominus,
662 2838 963 2908 angelicam
999 2845 1053 2893 et
1086 2846 1394 2893 terrestrem
1427 2848 1676 2894 naturam
1709 2856 1913 2910 super-

342 2927 607 2995 gressus?
636 2927 769 2980 Nam
804 2944 899 2998 per
925 2928 1223 2983 Gherubim
1260 2931 1583 2985 excellentia
1625 2933 1912 3000 potestatis

344 3018 490 3071 illius
516 3032 679 3086 supra
714 3019 974 3073 mundum
1003 3021 1147 3074 hunc
1174 3025 1374 3075 evectae
1400 3021 1772 3091 signiﬁcatur:
1809 3038 1904 3076 cu-

2014 1836 2064 1888 oi
2098 1835 2505 1907 έγκαυχώμενοι
2543 1837 2600 1889 ὲν
2650 1838 2761 1900 τοῖς
2797 1835 3034 1900 εἰδώλοις
3086 1837 3286 1903 αὐτῶν,
3328 1857 3348 1891 ι
3397 1838 3601 1906 ἐπάγει

2014 1927 2122 1979 τῶν
2147 1926 2363 1994 ἀγαθῶν
2384 1927 2482 1998 τὴν
2508 1927 2798 1998 σφραγῖδα,
2826 1926 2924 1999 τὴν
2951 1926 3040 1981 διὰ
3070 1917 3270 1999 σαρκὸς
3291 1928 3604 2000 γενομένην

2014 2017 2108 2070 τοῦ
2148 2018 2351 2091 Κυρίου
2376 2021 2488 2083 τοῖς
2520 2018 2826 2090 ἀνθρώποις
2854 2020 3151 2090 ἐμφάνειαν
3179 2018 3376 2088 λέγων·
3416 2037 3436 2069 ι
3473 2018 3602 2081 Φῶς

2015 2104 2254 2163 ἀνέτειλε
2283 2109 2360 2181 τῷ
2393 2109 2587 2181 δικαίῳ
2608 2151 2621 2175 ,
2661 2112 2755 2164 καὶ
2793 2113 2904 2174 τοῖς
2950 2109 3132 2163 εύθέσι
3166 2113 3231 2182 τῇ
3272 2108 3473 2181 καρδία
3502 2109 3602 2162 εύ-

2017 2200 2278 2273 φροσύνη.
2311 2219 2329 2250 ι

2085 2292 2279 2356 Καλῶς
2305 2291 2359 2345 δὲ
2397 2294 2491 2347 καὶ
2530 2291 2816 2364 προσφυῶς
2872 2294 2906 2362 ἡ
2953 2292 3043 2346 τοῦ
3073 2292 3269 2363 ἐφεξῆς
3296 2292 3603 2362 ἀνεπιγράδ

2015 2392 2117 2451 σου
2172 2383 2313 2453 ἀρχὴ
2379 2383 2513 2452 πρὸς
2561 2376 2622 2435 τὸ
2666 2376 2837 2454 πέρας
2881 2382 3085 2455 ταύτης
3130 2384 3229 2454 τῆς
3275 2381 3601 2453 ψαλμῳδίας

2015 2471 2361 2525 συνάπτεται.
2413 2463 2477 2524 Ἦ
2523 2471 2632 2542 γὰρ
2672 2468 2810 2543 αύτὴ
2855 2471 3103 2543 δύναμις,
3143 2472 3221 2543 τῷ
3259 2465 3359 2543 μὲν
3401 2472 3600 2542 δικαίῳ

2015 2550 2130 2633 φῶς
2179 2580 2237 2615 τε
2271 2562 2364 2615 καὶ
2409 2564 2713 2635 εὐφροσύνη
2764 2564 3008 2633 γίνεται,
3052 2558 3185 2637 ὀργὴ
3225 2564 3281 2618 δὲ
3342 2564 3423 2635 τῷ
3467 2567 3599 2619 ἀπι-

2016 2653 2223 2706 στοῦντι
2254 2653 2385 2723 λαῷ.
2412 2673 2427 2705 ι
2450 2654 2508 2707 Ὀ
2536 2654 2736 2725 Κύριος
2762 2676 2779 2706 ι
2812 2657 2941 2727 γὰρ,
2965 2657 3147 2727 φησὶν,
3171 2674 3189 2706 ι
3212 2656 3561 2709 ἐϐασίλευσεν
3582 2696 3597 2715 .

2014 2736 2417 2815 ὀργιζέσθωσαν
2450 2745 2588 2798 λαοί.
2625 2766 2641 2796 ι
2670 2744 2765 2808 Τίς
2806 2739 2957 2808 οὗτος
2978 2746 3006 2798 ὁ
3029 2744 3347 2816 βασιλεύσας
3372 2746 3595 2818 Κύριος,

2012 2839 2042 2889 ὁ
2073 2836 2172 2905 τῆς
2201 2836 2494 2908 ἀγγελικῆς
2516 2856 2573 2890 τε
2601 2839 2693 2891 καὶ
2721 2838 2977 2908 οὐρανίας
3001 2836 3457 2908 ύπερκαθήμενος
3478 2837 3596 2893 Κύ-

2014 2944 2163 2998 ριος;
2215 2926 2318 2980 Διά
2338 2930 2449 3000 γὰρ
2480 2928 2587 2981 τῶν
2613 2929 2892 2999 Χερουϐὶμ.
2917 2930 2976 2982 τὸ
3021 2928 3202 2999 έξέχον
3228 2929 3328 2997 τῆς
3356 2929 3599 3001 ὑπερκο-

2013 3017 2171 3087 σμίου
2213 3017 2489 3088 δυνάμεως
2527 3020 2554 3070 ὀ
2596 3008 2750 3088 λόγος
2778 3012 3150 3082 ἐνδείκνυται,
3183 3011 3242 3072 οὗ
3279 3019 3312 3090 ἡ
3346 3017 3600 3088 βασιλείὰ

337 3109 431 3176 jus
463 3124 712 3179 regnum,
741 3110 792 3163 id
826 3111 971 3179 quod
1001 3112 1141 3166 male
1165 3110 1388 3175 coaluit,
1422 3128 1615 3169 rursus
1638 3114 1904 3169 dissolvit.

2085 3108 2252 3160 ὶλυσιν
2304 3108 2397 3160 τοῦ
2446 3107 2635 3171 κακῶς
2686 3108 3017 3172 συνεστῶτος
3060 3112 3221 3162 ποιεῖ.
3276 3108 3351 3161 υύ
3394 3108 3504 3179 γὰρ
3538 3104 3602 3162 τὸ

342 3198 459 3253 Non
492 3200 639 3254 enim
672 3201 723 3254 id
752 3202 896 3270 qttod
928 3202 1148 3257 cwleste
1174 3203 1228 3256 in
1256 3205 1410 3259 nobis
1433 3213 1545 3267 est,
1568 3205 1660 3260 sed
1687 3204 1738 3258 id
1766 3206 1907 3274 quod
1948 3196 1961 3211 κ

344 3288 606 3344 terrestre
638 3298 741 3355 cst,
776 3302 1101 3354 conmiovct,
1142 3299 1200 3346 ut
1239 3301 1471 3348 testatur
1506 3294 1591 3347 his
1626 3295 1756 3364 ipsis
1794 3312 1911 3350 ver-

342 3380 427 3434 bis
462 3400 475 3434 :
512 3400 531 3431 ε
571 3370 671 3446 Qlti
723 3381 880 3435 sedes
913 3392 1076 3451 super
1106 3382 1398 3438 Cherubint
1431 3403 1444 3438 :
1483 3396 1764 3439 moveatui'
1806 3395 1914 3439 ter-

343 3486 423 3523 ra.
466 3490 485 3523 ι
534 3469 761 3540 Reliqua
812 3472 1024 3536 omitto,
1077 3486 1143 3526 ne
1188 3474 1545 3542 expositionis
1592 3478 1909 3529 continuata

342 3561 484 3615 serie
508 3561 711 3631 aliquid
744 3562 1009 3616 molestia:
1031 3560 1274 3616 aﬂ'eram.
1304 3560 1417 3616 lloc
1447 3571 1659 3617 tantum
1690 3563 1912 3618 addide-

343 3652 467 3715 rim,
502 3654 681 3705 omnia
735 3650 803 3705 ad
843 3666 1008 3705 unum
1060 3650 1421 3721 eumdemque
1457 3653 1616 3706 tinem
1668 3653 1909 3716 tendere,

342 3759 516 3813 usque
541 3744 605 3796 ad
634 3743 792 3797 liuent
820 3742 1033 3812 psalmi.
1067 3741 1321 3799 Testatur
1346 3746 1489 3798 enim
1520 3745 1683 3798 istum
1719 3743 1910 3805 Deum,

340 3831 433 3900 qui
493 3834 764 3901 regnavit,
808 3849 914 3885 non
953 3832 1111 3888 nobis
1142 3835 1373 3903 primum
1424 3834 1764 3904 apparuisse,
1816 3833 1910 3887 sed

342 3920 692 3975 manifestum
747 3922 918 3976 fuisse
962 3924 1137 3992 magni
1191 3925 1429 3978 nominis
1480 3933 1531 3977 et
1581 3923 1912 3978 celebritatis

348 4013 629 4083 prophetis
659 4030 673 4067 :
704 4011 775 4065 oh
806 4011 856 4065 id
892 4011 1056 4066 Mosis
1086 4014 1330 4067 meminit
1356 4024 1409 4067 et
1439 4014 1693 4076 Aaronis,
1729 4023 1781 4067 et
1807 4014 1909 4065 Sa-

344 4103 575 4170 muelis;
603 4107 832 4171 quorum
857 4100 1087 4172 quilibet
1120 4112 1340 4172 propter
1371 4103 1621 4172 pietatem
1656 4105 1709 4155 in
1743 4101 1909 4157 Deum

343 4197 525 4252 clarus
580 4196 663 4250 est
715 4202 768 4245 ct
819 4193 1208 4247 memorabilis.
1260 4191 1462 4261 Adjicit
1505 4201 1684 4246 autem
1724 4200 1777 4248 et
1815 4210 1911 4247 co-

342 4291 583 4343 lumnam
619 4287 798 4348 nubis,
838 4286 890 4339 in
928 4292 1033 4355 qlia
1068 4283 1211 4339 Deus
1263 4290 1386 4338 cum
1421 4284 1528 4339 illis
1568 4285 1909 4353 loquebatur,

340 4383 569 4446 docens,
596 4381 698 4433 nisi
725 4380 905 4442 fallor,
931 4377 1267 4441 incredulos,
1311 4394 1377 4431 ne
1405 4377 1541 4431 adeo
1579 4376 1911 4433 abhorreant

340 4474 564 4529 credere
596 4472 688 4527 Dei
724 4470 790 4526 ad
829 4468 1078 4526 homines
1108 4469 1421 4525 adventum.
1452 4464 1586 4522 Nam
1618 4468 1760 4527 Deus
1796 4472 1903 4535 ille,

339 4566 431 4634 qui
468 4575 595 4619 tunc
623 4563 677 4618 in
711 4563 961 4617 columna
996 4562 1156 4617 nubis
1185 4563 1399 4616 locutus
1430 4571 1533 4624 esl,
1570 4570 1756 4630 postea
1789 4579 1906 4616 ma-

343 4656 637 4712 nifestatus
680 4662 764 4710 est
807 4646 860 4709 iit
909 4670 1092 4708 carne.
1141 4652 1325 4722 Itaque
1377 4652 1422 4705 si
1467 4652 1591 4721 quis
1633 4652 1908 4724 indignam

338 4764 463 4806 esse
488 4747 634 4803 dicat
662 4761 904 4808 carnem,
940 4752 1036 4814 per
1068 4749 1230 4813 quam
1258 4743 1417 4797 nobis
1455 4742 1906 4813 Densloquatur,

338 4841 386 4895 is
428 4852 605 4908 neque
639 4837 947 4890 columnam
1006 4834 1189 4887 n'nbis‘
1216 4833 1435 4902 dignam
1476 4832 1647 4888 fuisse
1698 4846 1910 4889 asserat

338 4937 590 5000 oportet:
623 4925 754 4997 quid
786 4925 929 4979 enim
955 4924 1007 4977 in
1037 4927 1150 4993 ipsa
1185 4923 1453 4993 ejusmodi
1487 4931 1626 4988 erat,
1657 4933 1715 4978 ut
1740 4926 1904 4996 digna

342 5029 662 5076 censeretur
691 5017 873 5072 divina
915 5014 1351 5085 magniﬁcentia?
1382 5014 1437 5069 Si
1473 5025 1655 5070 autem
1694 5010 1825 5070 nihil
1877 5034 1907 5070 a

333 5112 441 5169 inde
473 5112 712 5168 alienum
749 5110 984 5175 videtur,
1010 5106 1215 5162 Juda‘eis
1245 5105 1411 5161 Deum
1443 5110 1496 5161 in
1528 5110 1783 5163 columna
1812 5125 1907 5163 nu-

336 5205 422 5259 bis
464 5205 707 5259 locutum
749 5218 907 5266 esse;
947 5216 1123 5270 neque
1159 5200 1212 5254 in
1261 5214 1429 5255 carne
1479 5198 1721 5255 locutum
1762 5217 1905 5266 esse,

336 5288 625 5364 indignum
660 5293 832 5348 videri
883 5293 1078 5359 debet,
1130 5293 1430 5363 praesertim
1479 5304 1602 5348 cum
1638 5303 1691 5349 et
1737 5293 1908 5348 lsaia’s

406 5454 450 5485 "
482 5453 629 5508 Psal.
661 5469 823 5507 xcv".

398 5593 517 5661 (91)
547 5592 948 5663 ’Λποσεμνύνει,
982 5599 1069 5655 ed.

400 5664 517 5735 (υἱ)
541 5663 676 5735 Φησὶ
702 5679 808 5719 om.
843 5668 929 5723 cd.

2014 3201 2259 3269 ούράνιον
2288 3200 2393 3252 τῶν
2418 3203 2474 3253 ἐν
2501 3202 2652 3269 ἡμῖν,
2676 3200 2812 3253 ἀλλὰ
2843 3201 2903 3253 τὸ
2930 3203 3117 3272 γήϊνον
3146 3202 3226 3263 είς
3257 3200 3423 3253 σάλον
3448 3199 3596 3269 ἄγει,

2014 3290 2209 3342 ούτωσὶ
2258 3288 2429 3357 λέγων
2473 3289 2551 3360 τῷ
2592 3291 2816 3361 ῥήματι,
2852 3291 2953 3343 «Ὀ
2995 3288 3307 3361 καθήμενος
3350 3291 3445 3345 ἐπὶ
3489 3292 3599 3343 τῶν

2014 3380 2293 3450 Χερουϐίμ
2315 3397 2327 3409 ·
2392 3380 2702 3450 σαλευθήτω
2734 3384 2766 3453 ἡ
2797 3384 2890 3453 γῆ.
2929 3403 2946 3432 ι
2990 3382 3100 3434 Καὶ
3131 3382 3203 3434 τὰ
3220 3380 3419 3451 ἐφεξῆς
3451 3400 3599 3453 παρο

2018 3470 2157 3539 ίημι,
2201 3470 2277 3533 ὡς
2310 3471 2374 3524 ἂν
2415 3471 2488 3541 μὴ
2525 3472 2692 3525 πολὺν
2735 3470 2887 3541 ϐχλον
2919 3472 3177 3542 ὲπάγοιμι
3213 3474 3277 3543 τῇ
3306 3472 3601 3545 ἀκολουθίᾳ

2012 3563 2109 3630 τῆς
2139 3560 2448 3631 ἐξηγήσεως
2471 3578 2484 3591 ⁸
2514 3562 2766 3615 τοσοῦτον
2798 3560 2986 3624 εἰπὼν,
3019 3562 3100 3615 ὅτι
3136 3562 3311 3615 πάντα
3338 3563 3474 3633 πρὸς
3501 3564 3602 3617 ἕνα

2014 3653 2107 3705 καὶ
2143 3652 2233 3705 τὸν
2272 3651 2434 3706 αὐτὸν
2478 3651 2676 3705 σκοπὸν
2710 3651 2894 3722 βλέπει
2936 3653 3095 3726 μέχρι
3135 3652 3230 3706 τοῦ
3260 3652 3450 3717 τέλους
3497 3655 3601 3723 τῆς

2012 3734 2353 3811 ψαλμῳδίας.
2394 3741 2832 3813 ᾼιαμαρτύρεται
2861 3744 2968 3814 γὰρ
2997 3744 3077 3796 ὅτι
3103 3738 3256 3807 οὗτος
3284 3745 3312 3796 ὁ
3343 3743 3601 3813 βασιλεύς

2016 3851 2112 3895 σας
2136 3830 2289 3898 Θεὸς,
2317 3835 2377 3887 ού
2406 3833 2500 3887 νῦν
2542 3836 2672 3905 ἡμῖν
2699 3834 2906 3906 πέφηνε
2933 3834 3169 3906 πρῶτον,
3197 3834 3332 3888 ἀλλά
3364 3835 3457 3887 καὶ
3483 3838 3601 3898 τοῖς

2013 3913 2327 3993 ὃνομαστοῖς
2351 3924 2457 3977 τῶν
2490 3925 2782 3997 προφητῶν
2814 3914 3061 3997 ἐμφανὴς
3086 3929 3114 3979 ὁ
3143 3927 3304 3989 αύτὸς
3333 3928 3471 3979 ἐστι.
3502 3924 3599 3978 Διὸ

2013 4014 2292 4079 Μωῦσέως
2336 4015 2626 4086 μέμνηται,
2679 4018 2773 4069 καὶ
2822 4017 3031 4087 Ἀαρὼν
3066 4018 3157 4069 καὶ
3190 4015 3283 4069 τοῦ
3314 4016 3598 4085 Σαμουὴλ,

2015 4098 2089 4158 ὧν
2109 4106 2335 4169 ἕκαστος
2362 4105 2469 4159 ἀπὸ
2501 4106 2601 4175 τῆς
2630 4109 2709 4170 είς
2738 4107 2870 4160 Θεὸν
2913 4107 3191 4170 εὐσεϐείας
3235 4106 3600 4178 περίϐλεπτός

2015 4195 2133 4248 ἐστι
2164 4194 2258 4249 καὶ
2276 4195 2533 4264 ἀοίδιμος.
2566 4197 2895 4267 Προστίθησι
2920 4198 2974 4250 δὲ
2996 4197 3073 4268 τῷ
3095 4197 3257 4268 λόγῳ,
3283 4197 3375 4249 καὶ
3397 4197 3495 4267 τῆς
3516 4214 3601 4248 νε-

2016 4287 2184 4357 φέλης
2206 4284 2296 4339 τὸν
2324 4286 2530 4352 στύλον,
2560 4288 2617 4340 ἐν
2643 4280 2688 4357 ᾧ
2713 4287 2847 4359 πρὸς
2870 4288 3066 4352 αὐτοὺς
3092 4290 3120 4341 ὁ
3141 4287 3272 4351 Θεὸς
3299 4286 3595 4356 διελέγετο,

2013 4378 2298 4441 διδάσκων,
2332 4374 2505 4448 οἶμαι,
2540 4379 2667 4442 τοὺς
2696 4379 2955 4443 ἀπίστους
2987 4379 3074 4432 διά
3107 4378 3319 4444 τούτου,
3350 4380 3423 4449 μὴ
3453 4379 3596 4443 ξενί-

2018 4469 2203 4533 ζεσθαι
2238 4468 2373 4540 πρὸς
2424 4470 2521 4539 τὴν
2566 4465 2634 4523 δι’
2670 4469 2956 4541 ἀνθρώπου
2994 4470 3291 4541 γενομένην
3334 4472 3469 4540 ἡμῖν
3500 4469 3597 4523 τοῦ

2018 4560 2151 4616 Θεοῦ
2187 4562 2422 4633 ὁμιλίαν.
2466 4562 2523 4615 Ὀ
2554 4562 2661 4633 γὰρ
2689 4562 2809 4614 τότε
2840 4562 2897 4613 ἐν
2923 4560 3000 4631 τῷ
3026 4561 3199 4630 στύλῳ
3231 4561 3328 4630 τῆς
3361 4560 3597 4629 νεφέλης

2014 4646 2251 4724 λαλήσας
2270 4653 2421 4717 Θεὸς,
2445 4652 2581 4724 μετά
2604 4652 2775 4705 ταῦτα
2800 4651 3112 4722 ἐφανερώθη
3143 4654 3199 4704 ὲν
3227 4652 3408 4722 σαρκί.
3429 4652 3598 4703 Ὥστε

2017 4746 2072 4799 εί
2099 4760 2183 4808 τις
2211 4744 2433 4810 ἀναξίαν
2453 4744 2600 4813 λέγοι
2621 4744 2721 4814 τὴν
2751 4745 2929 4814 σάρκα
2953 4742 3044 4795 τού
3060 4742 3125 4795 δι’
3155 4742 3321 4811 αὐτῆς
3341 4743 3475 4810 ἡμῖν
3501 4742 3598 4793 τὸν

2016 4832 2147 4892 Θεὸν
2177 4838 2438 4908 λαλῆσαι,
2492 4835 2599 4890 οὐδ’
2650 4835 2716 4888 ἂν
2745 4834 2822 4906 τῷ
2865 4834 3039 4904 στύλῳ
3075 4835 3175 4904 τῆς
3220 4833 3449 4903 νεφέλης
3493 4835 3598 4905 τὴν

2015 4930 2172 4995 ἀξίαν
2204 4928 2767 5001 προσμαρτυρήσειεν.
2814 4927 2879 4978 Τί
2923 4926 3031 4996 γὰρ
3070 4926 3126 4978 ἐν
3152 4925 3287 4994 αὐτῇ
3327 4923 3594 4986 τοιοῦτον,

2012 5022 2087 5086 ὡς
2117 5021 2217 5092 τῆς
2247 5021 2394 5084 θείας
2436 5018 2851 5090 μεγαλειότητος
2884 5016 3032 5082 ἄξιον
3066 5014 3381 5087 κρίνεσθαι;
3432 5016 3496 5068 Ei
3539 5015 3597 5069 δὲ

2014 5113 2201 5165 πιστὸν
2234 5112 2346 5175 τοῖς
2401 5111 2673 5174 Ἰουδαίοις
2706 5110 2823 5163 ἐστὶ
2855 5110 2917 5162 τὸ
2947 5106 3006 5162 ὲν
3034 5107 3209 5178 στύλῳ
3240 5108 3471 5177 νεφέλης
3500 5108 3596 5161 τὸν

2012 5202 2143 5256 Θεὸν
2180 5182 2427 5272 λαλῆσαι,
2481 5201 2614 5273 μηδὲ
2649 5200 2710 5253 τδ
2758 5201 2815 5252 ὲν
2849 5199 3012 5271 σαρκὶ
3053 5197 3595 5268 αύτὸνλελαληκέναι

2013 5296 2238 5350 ἄπιστον
2269 5296 2409 5348 ἔστω
2434 5312 2446 5324 ·
2496 5294 2669 5357 ἄλλως
2698 5311 2755 5347 τε
2794 5292 2886 5347 καὶ
2915 5291 3007 5346 τοῦ
3052 5291 3271 5345 Ἡσαΐου
3291 5290 3391 5362 τὴν
3413 5289 3596 5362 cipiat

2104 5590 2216 5664 ('93)
2250 5591 2671 5663 Προπορεύεται.
2706 5592 2794 5649 ed.
