3756 5988
193 234 281 290 513

1531 234 1593 290 IN
1622 218 1955 291 esuries.

3263 228 3370 288 5⁸54

179 349 249 403 διά
270 349 356 417 τῆς
380 351 599 419 “Mne
625 352 925 422 νοήσαντος·
968 371 986 402 ι
1011 353 1140 407 Ἰδοὺ
1171 373 1188 404 ι
1224 352 1351 425 γὰρ,
1375 356 1526 423 φησι,
1556 354 1696 407 «Κύρυ

1906 370 2020 410 nem
2048 354 2207 411 nubis
2233 355 2451 411 nomine
2480 351 2768 425 signiﬁcet.
2797 352 2977 425 lnquit
3003 354 3147 410 enim
3174 370 3187 406 :
3226 370 3244 403 ι
3278 351 3373 407 Ec-

184 455 275 510 ριος
297 437 504 509 κάθηται
530 442 622 497 ἐπὶ
651 441 878 511 νεφέλης
902 442 1129 512 κούφης.
1155 463 1175 496 ι
1220 444 1327 496 Καὶ
1354 445 1478 508 τοὺς
1498 444 1697 514 ἐπομέ-

180 545 280 595 νους
299 530 435 602 αὖτιῖὸ
451 532 651 586 ubi“
671 533 833 597 αὐτὸς
862 534 1143 604 προφήτης
1171 534 1424 603 ὀνομάζει
1447 533 1695 602 νεφέλας,

181 628 227 678 ὲν
248 620 316 686 οἷς
340 640 489 692 φησιν
508 639 521 653 ο
578 643 595 676 ι
614 625 770 687 Τίνες
815 625 947 687 οἶδε,
974 624 1050 688 ὡς
1074 624 1310 693 νεφέλαι,
1350 625 1643 688 πέτανταις
1673 643 1692 675 ι

178 716 239 779 ὡς
258 713 333 767 διὰ
356 714 444 783 τῆς
468 713 574 768 τιῖιν
592 715 832 783 νεφελῶν
856 714 1196 786 ὁμωνυμίας,
1228 716 1289 768 τὸ
1317 716 1576 783 συγγενὲς
1600 717 1700 786 τῆς

178 805 252 858 τοῦ
280 805 463 874 Κυρίου
498 805 694 876 σαριὸς
727 806 863 876 πρὸς
909 806 1008 877 τὴν
1037 804 1228 876 λοιπὴν
1269 805 1377 858 τῶν
1404 805 1702 875 ἀνθρώπων

179 895 314 964 φύσιν
349 895 693 960 ἐνδείξασθαι.
756 896 900 965 Πρὸς
943 896 1130 950 τοῦτον
1169 892 1263 949 οὖν
1304 896 1393 949 τὸν
1425 896 1577 961 Θεὸν,
1611 898 1702 950 τόν

177 1002 283 1037 ποτε
316 986 405 1056 μὲν
438 984 527 1040 διὰ
571 986 830 1057 νεφέλης,
881 985 1018 1056 μετὰ
1064 984 1234 1039 ταῦτα
1271 986 1329 1039 δὲ
1378 985 1468 1039 διὰ
1503 986 1704 1057 σαρκὸς

176 1078 268 1139 τοῖς
304 1074 596 1150 ἀνθρώποις
630 1076 972 1147 λαλήσαντα,
1030 1076 1165 1149 φησὶ
1205 1075 1407 1147 προϊὼν
1429 1078 1459 1130 ὁ
1507 1077 1702 1130 Δαυῖδ·

180 1188 195 1218 ι
215 1168 362 1238 Κύριε
386 1169 420 1221 ὁ
456 1167 587 1231 Θεὸς
620 1167 789 1238 ημῶν,
826 1170 891 1222 σὺ
936 1170 1207 1239 ἑπήκουες
1240 1167 1441 1223 αὐτῶν.
1479 1174 1538 1227 '0
1557 1170 1708 1235 Θεὸς,

129 1248 138 1292 λ’
179 1261 231 1312 σὺ
253 1260 478 1324 εῠῖλατος
510 1260 685 1328 ὲγίψυ
710 1261 913 1324 αὐτοῖς,
945 1260 1040 1314 καὶ
1064 1259 1293 1314 ἐκδικῶν
1319 1259 1413 1313 ἐπὶ
1447 1258 1623 1317 πάντα
1639 1260 1709 1315 τὰ

175 1352 547 1422 ἐπιτηδεύματα
595 1351 793 1407 αὐτῶν.
834 1371 851 1403 ι

244 1444 317 1507 Ὠς
328 1444 368 1497 δ’
381 1444 446 1498 ιν
462 1444 630 1514 μήτ.ς
655 1444 793 1513 πρὸς
808 1443 908 1513 τὴν
935 1443 1244 1514 οἰκονομίαν
1267 1444 1479 1515 βλέπων
1508 1445 1587 1507 είς
1614 1458 1711 1496 τα-

174 1535 335 1597 πεινάς
354 1552 500 1598 τινες
520 1537 610 1589 καὶ
626 1535 974 1606 ἀνθρωπίνας
1003 1534 1297 1605 ὑπολήψεις
1336 1536 1464 1608 περὶ
1479 1536 1540 1589 τὸ
1558 1535 1712 1588 Θεϊον

174 1626 596 1698 κατολισθήσειεν,
628 1626 831 1697 ταύτην
850 1626 943 1681 ὲπὶ
956 1627 1098 1680 τέλει
1121 1628 1220 1697 τῆς
1239 1626 1556 1698 ψαλμῳδίας
1579 1626 1715 1680 ὲπάκ

1803 461 1865 501 ce
1889 445 2152 501 Dominus
2179 446 2330 501 sedet
2365 445 2421 501 in
2451 447 2594 501 nube
2623 446 2726 500 levi
2756 443 2822 498 ⁵⁸.
2865 464 2885 498 ι
2934 443 3147 514 Easque
3178 445 3271 515 qui
3306 444 3372 497 il-

1805 537 1916 590 lum
1963 544 2267 606 sequuntur
2320 551 2515 592 rursus
2550 535 2692 591 idem
2732 534 2996 605 propheta
3048 535 3222 588 nubes
3273 548 3372 587 no—

1806 624 1998 692 minat,
2030 642 2152 682 cum
2187 629 2301 683 ait:
2334 647 2353 679 ι
2391 627 2623 694 Quinam
2670 625 2783 692 isti,
2820 625 2912 695 qui
2965 633 3022 678 ut
3062 625 3236 679 nubes
3274 638 3373 677 vo-

1808 719 1922 773 lant
1956 720 2002 751 ⁸⁹
2035 718 2059 770 ?
2099 738 2117 771 ι
2150 717 2222 772 Ut
2266 734 2362 787 per
2399 718 2723 773 vocabulum
2779 717 2941 771 nubis
2995 714 3373 785 cognationem

1809 808 2102 863 Dominicze
2131 808 2314 863 carnis
2337 823 2460 862 cum
2494 808 2701 877 reliqua
2734 807 3015 861 hominum
3048 812 3242 858 natura
3275 801 3373 858 de-

1811 908 2097 956 monstret.
2129 899 2211 953 Ad
2252 900 2397 954 hunc
2417 900 2580 970 igitur
2614 898 2806 959 Deum,
2848 898 2941 967 qui
2974 898 3127 968 prius
3155 894 3375 965 quidem

1810 1009 1907 1064 per
1932 993 2152 1057 nubem,
2182 1000 2368 1061 postea
2397 1007 2525 1046 vero
2554 1006 2648 1060 per
2668 1006 2887 1045 carnem
2913 1006 3036 1045 cum
3064 989 3377 1043 [nominibus

1814 1085 2032 1139 locutus
2075 1092 2179 1150 est,
2231 1084 2308 1138 ait
2347 1098 2645 1154 progressu
2677 1082 2942 1136 orationis
2969 1079 3175 1135 David:
3224 1100 3241 1131 ‹
3275 1078 3375 1132 Do-

1814 1172 1960 1226 mine
2004 1171 2145 1226 Deus
2182 1180 2391 1235 noster,
2429 1181 2485 1225 tu
2516 1169 2845 1225 exaudiebas
2892 1183 2987 1223 eos
3044 1187 3057 1222 :
3112 1166 3274 1229 Deus,
3321 1176 3377 1219 tu

1815 1264 2082 1334 propitius
2113 1263 2261 1319 fuisti
2289 1263 2392 1327 eis.
2428 1273 2481 1319 et
2508 1263 2780 1319 ulciscens
2814 1262 2868 1315 in
2900 1275 3091 1316 omnes
3122 1259 3381 1315 adiuven-

1815 1354 1991 1408 tiones
2016 1369 2223 1407 eorum.
2258 1374 2276 1405 ι

1890 1443 1958 1500 Ut
1993 1445 2093 1500 nisi
2120 1447 2241 1516 quis
2267 1447 2318 1500 in
2353 1446 2712 1502 oeconomiam
2748 1445 2985 1500 divinam
3014 1450 3067 1499 et
3095 1443 3383 1514 dispensa‘

1820 1537 2021 1592 tionem
2049 1538 2238 1592 oculos
2271 1547 2567 1603 convertat,
2594 1553 2717 1592 eum
2746 1550 2971 1592 necesse
3000 1535 3071 1591 sit
3101 1535 3156 1589 in
3195 1535 3388 1591 buma-

1820 1644 1920 1684 nas
1949 1628 2213 1698 quasdam
2243 1638 2295 1683 et
2324 1620 2574 1699 indignas
2618 1630 2684 1685 de
2716 1629 2824 1683 Deo
2856 1627 3210 1698 cegitationes
3253 1626 3386 1680 inei-

171 1734 244 1783 γει
267 1718 359 1789 τὴν
373 1717 572 1791 φωνὴν,
600 1719 737 1790 πρὸς
756 1720 901 1789 ἡμᾶς
916 1718 1120 1790 τρέψας
1140 1719 1229 1772 τὸν
1244 1720 1418 1788 λόγον’
1447 1738 1466 1770 ι
1487 1718 1712 1788 Ὑψοῦτε

1906 1736 1966 1788 'e,
2002 1722 2113 1775 haec
2135 1728 2311 1775 autem
2334 1720 2399 1775 ad
2418 1720 2575 1775 linem
2620 1722 2809 1791 psalmi
2841 1720 3008 1783 addit,
3040 1733 3290 1775 sermone
3321 1716 3387 1770 ad

173 1807 347 1879 Κύριον
370 1814 454 1863 τὸν
469 1810 600 1863 Θεὸν
616 1811 905 1880 ἡμῶν,κώΙ
943 1813 1295 1880 προσκυνεῖτε
1333 1810 1409 1881 τῷ
1445 1808 1718 1881 ὑποποδίῳ

169 1900 262 1952 τῶν
274 1901 435 1953 ποδῶν
446 1899 728 1963 αὑτοῦ,ὄτι
745 1900 898 1968 ἆγιός
919 1902 1079 1954 ἐστιν.
1096 1919 1113 1949 ι
1139 1901 1248 1970 Τὴν
1270 1901 1328 1953 δὲ
1351 1901 1585 1954 διάνοιαν
1613 1899 1719 1953 τῶν

166 1990 463 2061 εἰρημένων,
495 1976 701 2061 ταύτην
720 1987 859 2044 εἶναι
890 1990 1245 2061 ὑπονοοῦμεν,
1277 1993 1382 2057 ὅτι,
1408 1988 1479 2044 Ὦ
1508 1990 1719 2062 ἀνθρω-

167 2093 261 2141 ttat,
304 2081 606 2151 μεμήνυται
650 2080 747 2150 μὲν
780 2080 928 2150 ὑμῖν,
957 2079 1033 2143 ὡς
1076 2081 1297 2135 δυνατὸν
1341 2082 1592 2146 δέξασθαι
1622 2080 1720 2152 τὴν

166 2167 486 2239 ἀνθρωπίνην
520 2169 710 2239 ἀκοὴν,
737 2169 804 2223 τὰ
838 2171 957 2223 θεῖα
994 2172 1284 2241 μυστήρια.
1332 2172 1520 2242 Ὑμεῖς
1549 2171 1608 2225 δὲ
1634 2170 1722 2224 διὰ

164 2258 348 2314 τούτων
388 2259 746 2331 ὁδηγηθείντες
793 2259 932 2331 πρὸς
979 2261 1079 2330 τὴν
1125 2262 1326 2332 εὐσεϐῆ
1370 2261 1720 2329 θεογνωσίαν,

159 2347 272 2401 ὅσον
300 2353 466 2420 χωρεί
510 2350 666 2422 ὑμῶν
690 2351 720 2402 ὀ
750 2350 1027 2422 λογισμὸς,
1059 2352 1309 2407 τοσοῦτον
1330 2353 1423 2407 τοῦ
1452 2354 1591 2407 Θεοῦ
1620 2353 1722 2424 τὴν

162 2436 305 2502 δόξαν
331 2439 606 2509 ὑψὼσατε,
639 2440 857 2505 εἰδότες,
899 2444 981 2496 ὅτι
1012 2445 1135 2497 ὅσον
1166 2443 1233 2496 ἂν
1261 2442 1538 2514 ὑπερταθῇ
1571 2442 1723 2512 ὑμῶν

162 2532 190 2598 1';
214 2530 432 2595 διάνοια,
476 2532 572 2586 καὶ
601 2534 777 2588 πᾶσαν
805 2533 1050 2605 παρέλθῃ
1092 2532 1299 2604 ὑψηλὴν
1330 2533 1629 2601 φαντασίαν
1666 2534 1724 2587 ὲν

162 2623 264 2683 ταῖς
288 2624 411 2693 περὶ
439 2622 581 2677 Θεοῦ
621 2622 942 2694 ὑπολήψεσι,
973 2623 1108 2677 τότε
1144 2622 1206 2675 τὸ
1232 2623 1362 2693 παρ’
1394 2622 1546 2692 ὑμῶν
1574 2623 1724 2693 εὑρι-

158 2711 406 2780 σκόμενον
439 2716 538 2768 καὶ
576 2713 1063 2793 προσκυνούμενον,
1093 2715 1195 2768 οὐκ
1225 2714 1364 2784 αὐτὴ
1394 2716 1427 2783 ἡ
1455 2714 1729 2783 μεγαλειό-

159 2816 249 2869 tu;
285 2804 375 2856 τοῦ
421 2804 761 2875 ζητουμένου
808 2805 976 2870 ἐστὶν,
1032 2805 1167 2860 ἀλλὰ
1211 2804 1273 2858 τὸ
1311 2804 1597 2857 ὑποπόδιον
1618 2804 1728 2858 τῶν

157 2893 318 2947 ποδῶν
354 2892 524 2951 αὑτοῦ
546 2915 560 2927 ·
609 2898 669 2950 τὸ
708 2898 1046 2967 ὑποϐεϐηκὸς
1090 2897 1178 2950 διὰ
1223 2897 1411 2951 τούτου
1446 2898 1539 2950 καὶ
1580 2899 1729 2951 κάτω

159 2981 392 3051 κείμενον
408 2987 512 3056 τῆς
543 2987 785 3051 διανοίας
808 2987 988 3057 ἡμῶν,
1008 2988 1292 3059 συγκρίσει
1315 2988 1413 3058 τῆς
1439 2989 1728 3056 ἀνεφίκτου

156 3075 526 3147 καταλήψεως,
562 3078 956 3151 διερμηνεύων.

216 3243 346 3301 Εἶτα
397 3250 544 3319 μετὰ
603 3249 759 3303 τοῦτο
811 3249 911 3303 οὐκ
943 3248 1137 3316 ὀλίγων
1188 3250 1245 3301 ὲν
1286 3247 1365 3318 τῷ
1404 3247 1553 3318 μέσῳ
1591 3263 1732 3317 παρ-

154 3335 372 3392 εθέντων
415 3339 682 3411 ψαλμῶν,
712 3343 769 3394 ὲν
816 3339 1093 3409 ἑκατοστῷ
1123 3340 1312 3410 τρίτῳ,
1343 3338 1401 3391 ὃν
1446 3337 1735 3391 πολλοστὸν

154 3429 207 3481 ἑν
267 3432 380 3495 τοῖς
448 3435 590 3503 παρ’
674 3430 955 3502 Ἐϐραίους
1025 3431 1418 3501 ἀνεπιγράφοις
1493 3427 1691 3492 ἔδειξεν
1719 3468 1733 3489 ,

150 3520 437 3593 διαρρήδην
488 3524 739 3591 θεολογεί
783 3523 873 3576 τὸν
919 3522 1179 3593 μονογενῆ
1212 3521 1365 3582 Θεὸν,
1409 3519 1601 3589 ἐκείνῳ
1635 3518 1737 3588 τῆς

154 3609 239 3664 τοῦ
268 3615 473 3679 παντὸς
519 3615 840 3677 συστάσεως
886 3613 1159 3676 ἀνατιθεὶς
1196 3610 1295 3682 τὴν
1326 3611 1523 3665 αἰτίαν.
1579 3608 1739 3676 Λέγει

153 3700 252 3773 γὰρ
280 3705 373 3757 ἐπὶ
401 3705 508 3774 τῆς
542 3704 647 3759 τοῦ
677 3704 881 3774 κόσμου
907 3703 1155 3765 κτίσεως,
1181 3702 1275 3754 τοῦ
1306 3700 1469 3755 Δαδὶδ
1497 3699 1624 3752 ὄντα
1651 3698 1740 3752 τὸν

152 3789 352 3863 ψαλμὸν
396 3795 633 3856 τοῦτον,
675 3794 1045 3864 ἀνεπίγραφον
1089 3788 1228 3846 εἶναι
1277 3792 1406 3862 παρ’
1449 3790 1740 3859 Ἑϐραίοις.

152 3882 407 3952 Σημαίνει
446 3887 507 3939 δὲ
537 3886 611 3940 τὸ
641 3885 879 3949 ἐκείνους
907 3883 998 3937 τὸν
1038 3882 1236 3936 σκοπὸν
1266 3881 1365 3951 τῆς
1410 3880 1743 3952 προφητείας

153 3971 343 4043 ταύτης
362 3976 441 4045 μὴ
462 3975 899 4048 παραδέχεσθαι.
930 3976 1083 4045 Ἐχει
1114 3974 1173 4028 δὲ
1193 3977 1225 4044 ἡ
1246 3972 1524 4044 ἐπιγραφὴ
1546 3970 1739 4034 οὕτως·

156 4082 173 4114 ι
200 4064 303 4120 Τοῦ
317 4069 444 4121 Δασ
439 4069 487 4123 ιδ
503 4070 607 4121 ἐπὶ
624 4067 725 4137 τῆς
735 4066 828 4119 τοῦ
844 4067 1046 4137 κόσμου
1059 4066 1322 4136 γενέσεως
1340 4106 1355 4130 ,
1378 4065 1746 4134 ἀνεπίγραφος

155 4157 274 4225 παρ’
315 4159 630 4230 Ἑϐραίοις.
662 4177 680 4207 ι
708 4156 815 4209 Τοῦ
839 4157 895 4209 δὲ
913 4154 1128 4227 ψαλμοῦ
1151 4154 1338 4208 τούτου
1365 4156 1463 4225 τὴν
1509 4154 1745 4207 διάνοιαν

151 4244 237 4297 ἐπὶ
266 4249 465 4320 καιροῦ
509 4247 890 4325 εκθησόμεθα.
915 4246 1027 4300 Νῦν
1065 4246 1122 4299 δὲ
1150 4248 1279 4317 ἡμῖν
1312 4245 1594 4317 ἐξαρκέσει
1627 4263 1748 4300 τοσκ

1818 1828 1921 1868 nos
1951 1827 2215 1866 converso
2240 1829 2254 1865 :
2284 1830 2303 1863 ι
2336 1811 2581 1866 Exaltate
2609 1811 2895 1864 Dominmn
2924 1810 3089 1865 Deum
3112 1798 3385 1871 nostrum,

1818 1909 1872 1956 ct
1900 1901 2123 1955 adorate
2164 1900 2461 1954 scabellum
2510 1899 2701 1970 pedum
2742 1899 2892 1969 ejus,
2951 1899 3208 1969 quoniam
3252 1912 3383 1952 san-

1820 2000 1966 2047 ctum
1998 2005 2099 2047 est.
2156 2010 2175 2044 I
2215 1990 2442 2046 Sensum
2486 1991 2646 2060 hujus
2697 1992 2798 2044 loci
2831 1991 2976 2045 hunc
3021 2005 3143 2045 esse
3166 1989 3393 2043 arbitra-

1822 2099 1961 2150 mur,
1999 2083 2155 2153 quasi
2189 2081 2337 2137 dicat
2368 2102 2380 2136 ι
2412 2080 2456 2136 0
2480 2082 2756 2143 mortales,
2790 2082 2941 2136 vobis
2973 2080 3190 2151 quidem
3219 2095 3392 2147 quan-

1823 2185 1935 2230 tum
1976 2175 2191 2229 auditus
2239 2174 2508 2227 humanus
2550 2175 2827 2244 percipere
2873 2181 3080 2243 potest,
3126 2170 3393 2241 patefacta

1823 2277 1951 2325 sunt
1986 2269 2169 2323 divina
2204 2248 2460 2339 mysteria
2510 2288 2523 2322 :
2558 2284 2671 2332 vos,
2692 2268 2775 2347 his
2806 2267 2961 2336 quasi
3005 2267 3070 2320 ad
3112 2265 3254 2335 piam
3299 2263 3390 2317 Dei

1824 2358 2190 2429 cognitionem
2244 2357 2598 2423 manuducti,
2648 2364 2912 2427 quantum
2961 2356 3177 2409 animus
3215 2361 3394 2408 vester

1824 2449 1988 2516 capit,
2016 2453 2227 2500 tantum
2263 2446 2487 2517 gloriam
2520 2445 2614 2501 Dei
2655 2447 2918 2508 extollite,
2956 2445 3087 2500 certi
3119 2442 3261 2514 quod
3288 2458 3395 2514 quo

1827 2540 1993 2593 altius
2071 2539 2332 2608 cogitatio
2382 2547 2561 2592 vestra
2622 2553 2742 2592 sese
2788 2537 3032 2599 elevarit,
3082 2543 3135 2589 et
3179 2548 3394 2588 oinnem

1825 2629 2175 2698 quantumvis
2218 2630 2487 2683 excelsam
2523 2629 2977 2683 existimationem
3012 2627 3079 2681 de
3103 2626 3211 2681 Deo
3243 2641 3399 2695 supc-

1828 2721 2051 2784 raverit,
2089 2730 2267 2774 tamen
2300 2722 2353 2775 id
2388 2720 2537 2790 quod
2565 2735 2593 2773 a
2628 2720 2782 2774 vobis
2817 2720 3090 2773 invenitur
3119 2727 3173 2772 ct
3202 2718 3395 2772 adora-

1829 2817 1939 2874 tur,
1976 2825 2084 2864 non
2126 2810 2244 2881 ipsa
2292 2809 2434 2877 ejus,
2470 2809 2562 2879 qui
2594 2810 2961 2878 quaerebatur,
2998 2809 3397 2880 magniﬁcentia

1833 2912 1939 2967 est,
1970 2903 2070 2965 sed
2105 2901 2487 2955 tantummodo
2522 2901 2823 2955 scabellum
2873 2900 3069 2971 pedum
3101 2902 3257 2971 ejus:
3304 2915 3399 2969 per

1834 2993 1936 3046 hoc
1963 2992 2275 3062 signiﬁcans
2295 2991 2492 3046 tuentis
2511 3000 2563 3044 et
2582 2990 2929 3061 eOgitationis
2950 3001 3146 3045 nostrae
3162 2991 3401 3045 submis-

1833 3082 2041 3138 sioncm
2067 3090 2120 3137 et
2146 3082 2487 3144 tenuitatem,
2520 3082 2927 3152 comparatione
2953 3081 3097 3137 illius
3120 3082 3269 3137 nullo
3289 3088 3404 3136 stu-

1832 3173 1924 3228 dio
1955 3172 2310 3243 assequendze
2339 3173 2868 3241 comprehensionis.

1900 3265 2096 3320 Postea
2134 3280 2243 3319 non
2279 3265 2465 3334 paucis
2502 3263 2722 3319 omissis
2756 3263 2975 3333 psalmis
3015 3263 3069 3316 in
3109 3260 3407 3316 centesimo

1834 3358 2021 3420 tertio,
2056 3371 2214 3424 quem
2248 3356 2410 3410 etiam
2442 3355 2607 3410 rcl‘ert
2652 3354 2704 3408 in
2736 3369 2922 3409 eorum
2974 3367 3283 3418 numerum,
3315 3351 3406 3420 qui

1838 3451 1979 3522 apud
2018 3448 2270 3503 Hebraeos
2301 3445 2658 3514 inscriptione
2695 3443 3122 3506 carent,diserle
3156 3442 3408 3512 praedicat

1839 3545 2125 3612 unigenam
2161 3539 2310 3592 illum
2334 3537 2522 3598 Deum,
2552 3536 2711 3604 eique
2746 3535 2909 3604 hujus
2940 3534 3179 3589 universi
3203 3532 3407 3588 conditi

1840 3648 2060 3688 causam
2085 3631 2344 3696 assignat.
2370 3626 2507 3680 Dicit
2528 3626 2670 3680 enim
2692 3624 2744 3677 in
2769 3623 2953 3677 mundi
2976 3624 3250 3677 creatione
3271 3624 3409 3691 psal~

1844 3739 1989 3778 mum
2022 3723 2168 3776 hunc
2211 3718 2431 3773 Davidis
2460 3733 2602 3781 esse,
2647 3726 2701 3771 et
2737 3715 3090 3784 inscriptione
3120 3712 3264 3784 apud
3309 3712 3410 3767 He-

1842 3816 2018 3870 braeos
2047 3829 2155 3868 non
2175 3810 2485 3882 przenotari.
2513 3806 2795 3880 Signiﬁcat
2825 3816 3005 3862 autem
3032 3807 3155 3861 illos
3187 3816 3412 3874 scopqu

1843 3919 1897 3965 et
1927 3908 2262 3980 pr0positum
2286 3905 2405 3972 ejus
2436 3902 2731 3972 prophetiae
2760 3916 2865 3955 non
2899 3901 3154 3971 recipere.
3177 3897 3268 3953 Sic
3288 3913 3413 3951 νυνι)

1846 4016 1906 4055 se
1933 3998 2095 4053 habet
2128 3995 2409 4064 inscriptio
2438 4013 2450 4048 :
2488 4012 2507 4043 ι
2548 3991 2721 4063 Ipsius
2744 3991 2933 4055 David,
2970 3989 3230 4045 inmundi
3260 4003 3412 4043 crea-

1847 4084 2021 4153 tione,
2052 4085 2426 4156 inscriptionis
2458 4100 2651 4157 expers
2690 4083 2833 4155 apud
2870 4082 3143 4139 llebrmos.
3187 4103 3205 4134 ι
3248 4080 3415 4151 Hujus

1849 4179 2040 4252 psalmi
2096 4193 2317 4234 sensum
2354 4191 2455 4231 suo
2511 4177 2629 4229 loco
2672 4184 2723 4229 ct
2774 4184 3014 4244 tempore
3062 4187 3414 4243 exponemus.

1850 4272 2005 4326 Nunc
2032 4271 2167 4326 satis
2195 4279 2278 4325 est
2317 4270 2418 4322 hoc
2448 4268 2744 4331 monuisse,
2775 4268 3020 4320 eamdem
3053 4280 3298 4327 causam,
3332 4264 3414 4317 in-

152 4336 297 4391 οὗτον
330 4342 538 4399 εἰπεῖν,
576 4341 667 4393 ὅτι
693 4341 725 4410 ἡ
756 4338 892 4409 αὑτὴ
921 4337 1089 4402 αἰτία,
1114 4340 1145 4409 ἡ
1177 4336 1318 4391 κατὰ
1366 4338 1463 4407 τὴν
1491 4337 1712 4390 ἀπιστία

1906 4364 2248 4426 εὐιιΙὶισῑοιιι,
2300 4361 2544 4430 inquam,
2583 4357 2892 4412 Judaeornm
2928 4355 3192 4423 eﬁ‘ecisse,
3241 4364 3297 4409 ut
3335 4353 3414 4408 in-

151 4426 282 4496 λέγω
310 4432 423 4484 τῶν
462 4429 778 4493 Ἰουδαίων,
804 4431 898 4483 καὶ
925 4429 1112 4483 τούτου
1142 4429 1242 4499 τὴν
1269 4430 1579 4499 ἐπιγραφὴν
1608 4431 1750 4483 ἀπα-

157 4518 406 4585 ράδεκτον
437 4525 563 4585 τοῖς
604 4518 878 4590 Ἑϐραίοις
907 4519 1149 4590 ἐποίησε.

738 4630 1127 4682 κεφΑΑΑιοΝ
1168 4630 1220 4683 ιι.
1715 4690 1724 4700 ,

215 4720 332 4792 Χρὴ
355 4723 416 4775 δὲ
453 4721 605 4792 μηδὲ
628 4721 692 4772 τὸ
713 4719 992 4789 διάψαλμα
1018 4719 1397 4790 παραδραμεῖν
1417 4719 1751 4792 ἀθεώρητον.

150 4810 264 4873 τοῖς
279 4816 381 4884 μὲν
397 4811 500 4868 οὖν
519 4813 639 4884 πρὸ
658 4812 815 4883 ἡμῶν
829 4810 1127 4882 μεταϐολὴν
1138 4809 1233 4863 τοῦ
1244 4813 1529 4883 νοήματος,
1550 4812 1582 4882 ἢ
1597 4829 1759 4882 προσ-

149 4901 346 4975 ὡπου,ἢ
370 4906 748 4975 πράγματος,
780 4902 1065 4973 σημαίνειν
1086 4903 1342 4973 ἐνομίσθη
1366 4903 1427 4956 τὸ
1448 4902 1751 4975 διὰψαλμαο

150 4994 302 5064 ἡμεῖς
322 4996 382 5050 δὲ
412 4997 521 5061 τάς
546 5011 617 5049 τε
661 4990 769 5044 τῶν
790 4993 1044 5065 Πατέρων
1069 4993 1363 5063 ὑπολήψεις
1399 4994 1500 5047 οὐκ
1525 4993 1757 5048 ἀποϐάλ-

150 5083 328 5153 λομεν,
346 5088 443 5141 καί
466 5105 525 5141 τι
559 5084 673 5140 καὶ
697 5085 829 5155 παρ’
857 5083 1065 5136 ἑαυτῶν
1087 5083 1359 5152 ἐννοῆσαι,
1382 5083 1517 5153 πρὸς
1542 5082 1639 5154 τὴν
1664 5082 1757 5136 τοῦ

150 5174 306 5243 ῥητοῦ
337 5175 542 5231 τούτου
575 5173 886 5245 σημασίαν,
916 5175 977 5226 οὐ
1018 5173 1448 5244 κατοκνήσομεν.
1493 5173 1759 5245 Τοιαύτην

146 5258 236 5316 οὖν
250 5283 370 5320 τινα
380 5267 481 5321 τοῦ
494 5263 799 5335 διαψάλμα
810 5281 889 5327 τος
905 5281 971 5317 κα
978 5262 1275 5333 τελάὅομεν
1294 5262 1391 5334 τὴν
1403 5263 1662 5329 διάνοιαν,
1676 5266 1758 5318 ὅτι

149 5356 440 5429 προϊούσης
490 5355 654 5411 κατὰ
701 5354 761 5407 τὸ
797 5354 1084 5409 ἀκόλουθον
1111 5354 1210 5424 τῆς
1243 5354 1581 5426 ψαλμῳδίας,
1637 5357 1761 5426 ἥτις

212 5467 256 5498 ⁸⁸
285 5469 389 5523 lsa.
423 5485 550 5529 xix.
586 5467 644 5521 l.
730 5466 774 5497 5’
805 5464 908 5521 lsa.
936 5480 1022 5530 ιιι,
1048 5468 1101 5520 8.

213 5606 326 5678 (98)
362 5608 516 5678 Lege
553 5603 621 5657 S.
661 5600 885 5657 Hieron.
919 5600 1087 5673 Epist.
1121 5602 1185 5657 ad
1221 5601 1547 5657 Marcellam.

1863 4456 2216 4527 scriptionem
2250 4452 2388 4507 hanc
2418 4467 2525 4506 non
2566 4449 2934 4503 admitterent.

2476 4599 2704 4657 CAPUT
2742 4566 2811 4656 x.

1929 4716 2114 4789 Neque
2136 4716 2261 4786 quid
2296 4716 2368 4771 sit
2398 4714 2697 4785 diapsalma
2723 4712 3092 4768 indiscussum
3123 4714 3428 4783 relinquere

1860 4822 2090 4880 oportet.
2137 4811 2249 4865 Illis
2293 4809 2458 4881 igitur
2490 4808 2585 4877 qui
2626 4822 2727 4862 nos
2772 4816 3202 4867 antecesserunt,
3252 4805 3426 4859 visum

1862 4911 1946 4959 est
2005 4903 2305 4972 diapsalma
2351 4901 2661 4972 signiﬁcare
2702 4899 2786 4953 vel
2834 4896 3193 4952 mutationem
3224 4895 3431 4965 cogita-

1865 4997 2029 5052 tionis
2060 5012 2155 5051 seu
2201 4996 2437 5062 consilii,
2481 4996 2564 5051 vel
2594 4993 2949 5063 personae,vel
2995 4990 3095 5045 rei.
3149 4987 3260 5043 Nos
3307 5002 3433 5043 \‘ero

1864 5084 2085 5139 Patrum
2132 5084 2387 5153 opinione
2424 5098 2531 5137 non
2582 5081 2791 5151 ahjecta
2844 5078 2979 5149 (94),
3017 5092 3123 5131 non
3156 5076 3425 5130 cunctabi-

1866 5191 1990 5229 mur
2019 5174 2221 5243 aliquid
2261 5174 2420 5230 etiam
2458 5189 2523 5228 es
2557 5173 2711 5226 nobis
2743 5172 2811 5225 de
2841 5168 3089 5223 vocabuli
3137 5168 3302 5236 hujus
3353 5169 3427 5220 si-

1865 5265 2211 5336 gniﬁcatione
2256 5263 2584 5334 excogitare.
2638 5257 2957 5332 llujusmodi
2995 5258 3159 5329 igitur
3198 5257 3429 5326 quadam

1866 5353 1934 5408 de
1959 5352 2318 5423 diapsalmate
2361 5352 2764 5408 existimatione
2806 5348 3001 5403 imbuti
3052 5363 3261 5411 sumus,
3310 5362 3434 5402 cum
