3766 5986
267 195 376 255 531

1628 186 1633 190 ’
1676 205 1745 263 IN
1783 206 2121 279 rsanuos.

3426 218 3532 276 558

268 310 339 365 τὰ
366 310 673 384 ὑψηλότερα
718 312 1128 379 mxthwa
1177 321 1457 393 νοήματα,
1506 323 1602 379 καὶ
1654 324 1840 399 μεταξί

1973 325 2161 385 labere
2188 325 2282 399 qui
2318 323 2642 393 sublimiora
2665 324 2923 392 edoceat,
2957 342 3341 398 sermonisque
3370 330 3530 386 seriei

268 404 610 477 παρενείρων
649 409 717 481 τῇ
750 408 1042 483 ἀκολουθίᾳ
1092 413 1187 467 τοῦ
1237 413 1396 483 λόγου
1452 414 1563 469 τῶν
1605 414 1743 486 πρὸς
1788 414 1850 471 τὸ

269 496 517 567 κρεῖττον
560 495 874 568 δυναμένων
910 501 1205 570 ἀναγαγεῖν
1241 505 1342 574 τὴν
1365 505 1620 560 διάνοιαν.
1689 505 1755 559 Ἦ
1794 504 1851 561 δὲ

263 584 354 639 διὰ
369 585 478 641 τῶν
506 605 525 639 ι
549 587 903 660 Ἀναόαθμῶν
930 611 950 644 ι
990 593 1289 662 τελείωσις,
1325 596 1419 651 καὶ
1446 590 1527 660 οἷς
1556 598 1847 671 προγραφή

262 676 385 730 ἐστι
422 676 485 731 τὸ
520 698 541 731 ι
581 679 894 753 ’Δλληλούῖα
912 722 928 749 ,
965 702 986 738 ι
1023 684 1120 743 ἅτε
1148 685 1212 757 δὴ
1252 685 1345 740 τοῦ
1385 687 1688 759 ἀκροτάτου
1740 688 1849 751 τῶν

265 770 404 843 πρὸς
449 772 510 826 τὸ
560 773 764 842 ἀγαθὸν
791 778 1099 848 νοουμένων
1136 778 1510 851 ὲπειλημμένη
1531 821 1547 845 ,
1592 781 1848 852 οὐδεμιᾶς

262 864 586 936 προσθήκης
609 866 757 923 ἐστὶν
774 867 1012 940 ἐπιδεὴς,
1030 868 1168 940 αὑτὴ
1188 871 1245 923 ὲν
1266 870 1433 941 ἑαυτῇ
1458 870 1545 924 διὰ
1562 871 1741 944 πάσης
1758 889 1852 926 κα-

268 955 607 1026 τηρτισμένη
630 956 730 1026 τῆς
746 958 804 1013 ἐν
827 957 906 1027 τῷ
924 958 1113 1031 ἀγαθῷ
1134 958 1467 1026 τελειώσεως
1484 978 1497 991 ·
1519 962 1658 1035 ὅπερ
1671 962 1736 1035 δὴ
1754 966 1849 1018 καὶ

258 1043 296 1112 ἡ
315 1042 523 1098 διάνοια
540 1047 853 1118 ἐπιγραφῆς
864 1048 955 1103 ἐπὶ
970 1049 1174 1104 τούτων
1193 1050 1698 1124 μαρτύρεται,αῐνον
1713 1054 1846 1109 Θεοῦ

257 1133 324 1187 τὸ
357 1135 913 1207 ὑπερκείμεωνξάπαν
937 1142 1398 1221 κατονομάζουσα.
1428 1145 1638 1218 Ὠσπερ
1666 1146 1774 1218 γὰρ
1811 1149 1845 1220 ἡ

259 1224 407 1291 κατά
435 1225 535 1290 τὰς
550 1228 771 1298 ἡλικίας
809 1230 918 1285 τῶν
951 1233 1222 1305 σωμάτων
1262 1235 1541 1307 ἀναδρομὴ
1571 1238 1697 1309 ὅρον
1729 1239 1843 1310 ἔχει

258 1314 325 1380 τὸ
341 1317 439 1387 τῆς
459 1317 672 1387 φύσεως
689 1322 973 1394 στάσιμον,
991 1325 1109 1395 μεθ’
1129 1324 1267 1398 ὃτὴν
1291 1327 1382 1381 ἐπὶ
1399 1328 1460 1380 τὸ
1477 1328 1659 1399 μεῖζον
1684 1349 1848 1403 προσ-

260 1407 440 1479 θήκην
466 1411 527 1464 οὑ
563 1413 953 1493 παραδέχεται,
988 1415 1101 1470 ἀλλ’
1132 1420 1190 1472 ὲν
1223 1417 1399 1489 ἑαυτῷ
1430 1419 1673 1492 διαμένει
1706 1423 1844 1495 πρὸς

257 1501 439 1559 πάντα
477 1502 568 1559 τὸν
611 1505 904 1560 ὑπόλοιπον
955 1508 1174 1580 χρόνονο
1207 1508 1383 1575 οὕτως
1430 1514 1548 1566 ἐστὶ
1603 1514 1697 1568 καὶ
1734 1515 1845 1570 τῶν

256 1590 422 1651 θείων
448 1592 792 1666 διδαγμάτων
817 1596 1046 1669 αὔξησίς
1072 1617 1132 1654 τε
1165 1603 1258 1655 καὶ
1283 1603 1492 1671 στάσις,
1519 1604 1586 1658 δι’
1621 1598 1696 1658 ὧν
1716 1606 1844 1672 τούς

1957 424 2012 492 et
2044 415 2226 485 ordini
2255 415 2552 485 interjiciat
2579 431 2642 470 ea
2674 431 2793 485 quae
2821 428 3054 473 mentem
3087 419 3155 474 ad
3181 421 3403 474 meliora
3430 421 3533 476 cle-

1955 523 2087 563 vare
2116 517 2170 563 et
2203 507 2510 564 subducere
2560 517 2811 578 possunt.
2864 508 2935 561 At
2966 525 3094 564 vero
3137 528 3156 562 ι
3194 510 3471 566 Graduum
3504 531 3525 573 η

1952 598 2439 667 consummationi,
2474 606 2530 654 et
2575 599 2778 671 quibus
2822 617 2843 652 ι
2877 600 3129 666 Alleluia,
3168 620 3188 659 ι
3226 604 3531 678 praescribi-

1955 695 2067 754 tur,
2102 696 2363 760 tanquam
2414 689 2479 745 ad
2518 705 2794 744 sununum
2834 692 3079 749 omnium
3122 692 3390 751 honorum
3417 700 3531 750 cul-

1954 796 2080 836 men
2120 781 2234 853 jam
2272 779 2599 853 progressis,
2636 785 2788 840 nullo
2823 785 3197 841 additamento
3243 803 3380 857 opus
3422 796 3525 849 est,

1955 872 2102 929 velut
2138 872 2195 928 in
2226 873 2558 943 seipsisjam
2588 876 2737 929 omni
2767 876 3036 931 bonorum
3075 878 3234 947 copia
3272 877 3528 951 perfecus

1952 971 2006 1018 et
2030 963 2298 1018 absolutis
2323 983 2336 1018 :
2362 966 2510 1036 quod
2541 976 2594 1022 et
2623 969 2737 1036 ipse
2762 982 2960 1023 sensus
2983 969 3376 1039 inscriptionis,
3407 987 3529 1041 quae

1955 1052 2041 1109 bis
2073 1054 2394 1124 praaligitur,
2430 1056 2651 1124 planum
2697 1056 2849 1125 facit,
2889 1073 3017 1114 cum
3059 1067 3230 1127 totum
3265 1061 3408 1130 quod
3440 1078 3529 1116 se—

1952 1144 2162 1215 quitur,
2194 1144 2412 1200 laudem
2455 1144 2546 1200 Dei
2579 1146 2845 1203 nominat.
2882 1147 3350 1215 Quemadmodum
3378 1154 3524 1209 enim

1902 1264 1906 1268 Α
1951 1252 2242 1307 corporum
2280 1253 2377 1309 per
2410 1247 2598 1295 anates
2635 1240 3034 1299 incrementum
3072 1244 3364 1298 terminum
3414 1252 3527 1300 sta-

1951 1328 2113 1384 bilem
2141 1344 2172 1389 ιι
2197 1337 2389 1384 natura
2416 1331 2781 1401 praestitutum
2809 1331 2993 1397 habet,
3021 1342 3146 1402 post
3170 1349 3332 1404 quem
3361 1335 3528 1405 majo-

1950 1418 2029 1474 ris
2056 1420 2333 1490 augmenti
2363 1434 2469 1474 non
2505 1429 2591 1475 est
2621 1421 2855 1490 amplius
2887 1436 3081 1492 capax,
3114 1424 3207 1478 sed
3235 1431 3349 1478 toto
3375 1425 3526 1479 inse-

1948 1511 2137 1582 quenti
2163 1519 2410 1582 tempore
2435 1511 2490 1565 in
2524 1511 2716 1566 eodem
2744 1520 2890 1568 statu
2924 1523 3127 1570 manet:
3160 1515 3241 1571 sic
3262 1516 3426 1571 etiam
3452 1515 3530 1570 di-

1952 1603 2094 1657 vinae
2118 1602 2383 1658 doctrina:
2412 1613 2466 1659 et
2512 1603 2876 1662 institutionis
2915 1605 3309 1662 incrementum
3348 1609 3526 1679 quod-

253 1699 317 1738 τε
346 1685 638 1756 νηπιὼδεις
666 1689 760 1742 καὶ
790 1690 998 1757 ἀτελεῖς
1042 1692 1143 1765 τὴν
1169 1693 1406 1749 διάνοιαν
1431 1698 1550 1760 ταῖς
1574 1697 1840 1769 καταλλή-

1973 1692 2077 1747 lam
2118 1702 2203 1748 est
2234 1703 2290 1753 et
2320 1703 2519 1750 status.
2566 1694 2805 1753 Infantes
2848 1697 2993 1752 enim
3041 1698 3219 1754 adlme
3259 1708 3313 1755 et
3341 1701 3524 1756 animo

253 1771 372 1838 λοις
398 1780 624 1855 τροφαῖς
648 1778 1032 1852 τιθηνουμένη,
1080 1782 1170 1839 διὰ
1196 1785 1468 1855 γάλακτός
1496 1803 1554 1840 τε
1594 1788 1689 1841 καὶ⁸
1729 1788 1840 1861 τῶν

252 1865 537 1935 ¹ιῑοιρύτων,
565 1871 660 1927 καὶ
687 1873 766 1936 είς
808 1871 1036 1945 αὔξησιν
1065 1874 1212 1951 ἄγει,
1234 1877 1329 1931 καὶ
1353 1880 1464 1942 τοῖς
1497 1879 1597 1951 ήδη
1613 1879 1841 1946 τελείοις

252 1959 358 2031 τὴν
382 1961 611 2033 στερεὰν
641 1964 928 2036 προτίθησι
945 1966 1249 2043 τράπεζαν,
1281 1971 1396 2035 τοῖς
1423 1970 1512 2025 διὰ
1529 1970 1639 2025 τῶν
1666 1971 1840 2026 ἄλλων

254 2052 595 2125 μαθημάτων
610 2058 1077 2129 προγυμνασθιῖσι
1091 2059 1160 2114 τά
1172 2060 1273 2133 τῆς
1289 2061 1466 2139 ψυχῆς
1489 2062 1836 2137 αἰσθητήρια.

323 2235 538 2291 Οὐκοῦν
552 2235 616 2292 τὸ
639 2237 892 2310 μηδαμοῦ
915 2239 1103 2311 χρείαν
1122 2239 1401 2310 γενέσθαι,
1424 2240 1568 2295 κατὰ
1591 2240 1653 2295 τὸ
1676 2241 1840 2312 ἐσχα-

249 2345 348 2396 τον
373 2325 588 2394 τμῆμα,
614 2327 710 2383 τοῦ
754 2331 817 2403 ιν
863 2329 1199 2403 διαψάλματι
1248 2333 1356 2387 τῶν
1404 2333 1751 2405 ὑψηλοτέρων
1783 2350 1836 2387 τι

158 2427 163 2431 ~
250 2417 546 2489 νοημάτιιη
556 2417 937 2490 ἐκδιδαχθῆναι
957 2421 1049 2476 τὸν
1075 2422 1359 2494 ὑποφήτην
1378 2422 1473 2477 τοῦ
1496 2423 1833 2501 Πνεύματοςρ

251 2509 427 2580 σαφὲς
450 2508 519 2565 ἂν
545 2511 632 2581 εῖη
657 2513 956 2585 τεκμήριον
987 2513 1078 2567 τὸν
1109 2515 1236 2585 περὶ
1264 2514 1454 2569 τούτου
1479 2515 1635 2584 λόγον
1667 2533 1836 2570 κατα-

248 2600 464 2671 νοῆσαι,
496 2601 802 2672 προσθέντα
825 2605 1008 2656 ἐκεῖνα
1036 2604 1135 2675 τῆς
1156 2604 1476 2675 ψαλμῳδίας
1500 2606 1569 2659 τὰ
1596 2606 1738 2678 μέρη
1766 2606 1836 2659 τὰ

246 2691 610 2764 διεσταλμένα
652 2693 731 2764 τῷ
769 2693 1118 2767 διαψάλματι.
1171 2697 1259 2750 Ἐν
1287 2695 1365 2766 τῷ
1398 2696 1508 2767 γὰρ
1543 2696 1711 2768 τρίτῳ
1736 2698 1834 2766 τὴν

246 2783 550 2865 γενομένην
586 2785 652 2838 ὲκ
696 2784 795 2857 τῆς
828 2785 936 2839 τῶν
971 2786 1182 2858 ἐχθρῶν
1226 2788 1644 2851 ἐπαναστάσεως
1684 2786 1832 2858 αὑτῷ

248 2876 481 2945 συνοχὴν
505 2893 565 2929 τε
594 2876 687 2930 καὶ
720 2876 1028 2948 ἀμηχανίαν
1056 2876 1356 2950 προειπὼν,
1383 2872 1501 2931 εἶτα
1526 2877 1832 2941 διαστείλας

242 2966 308 3027 τὸ
337 2968 502 3038 μέρος
525 2967 603 3040 τῷ
627 2967 978 3040 διαψάλματι,
1020 2969 1119 3041 τὴν
1171 2971 1436 3041 σωτήριον
1464 2970 1680 3040 ἐκείνην
1711 2987 1829 3038 φω-

398 3036 771 3132 επιθαρσήσας
931 3036 1164 3115 κατὰ-τὸ
1205 3036 1513 3132 ἀπόρρητον
1554 3036 1830 3132 αὑτῴνὲν-
1858 3036 1900 3094 C

245 3150 534 3221 ηχήσαντι,
566 3151 649 3204 ὅτι
691 3168 709 3201 ι
747 3150 819 3203 Σὺ
851 3151 928 3214 δὲ,
960 3150 1166 3221 Κύριε,
1195 3151 1545 3222 ἀντιλήπτωρ
1602 3168 1702 3220 μου
1757 3145 1826 3211 εἶ,

242 3243 374 3309 δόξα
422 3260 549 3314 μου,
567 3242 663 3298 καὶ
706 3242 858 3313 ὑψῶν
893 3243 994 3314 τὴν
1025 3242 1269 3315 κεφαλήν
1312 3257 1434 3313 μου·
1477 3262 1495 3295 ι
1556 3242 1718 3309 πάλιν
1770 3242 1828 3295 ἐν

242 3334 595 3406 διαλείμματι
622 3333 719 3405 τὴν
752 3332 1019 3404 μελῳδίαν
1060 3333 1321 3402 ποιήσας,
1366 3334 1503 3402 μετά
1542 3330 1638 3401 τὴν
1667 3331 1830 3401 εὐχά-

248 3442 433 3498 ριστον
466 3425 679 3497 ἐκείνην
721 3425 906 3496 φωνὴν
944 3423 1010 3493 ἥν
1054 3422 1344 3493 πεποίηται
1373 3421 1568 3489 λείων·
1621 3441 1639 3472 ι
1672 3424 1827 3493 Φωνῇ

247 3536 351 3593 μου
379 3517 517 3589 πρὸς
548 3516 753 3588 Κύριον
799 3514 1111 3586 ἐκέκραξα,
1158 3515 1253 3569 καὶ
1297 3514 1570 3585 ἐπήκουσέ
1625 3532 1727 3586 μου
1770 3516 1828 3593 ἐξ

240 3613 403 3684 ὅρους
431 3610 588 3680 ἀγίου
612 3608 798 3667 αὑτοῦ·
835 3625 854 3658 ι
889 3606 1303 3681 διδάσκεται,τίς
1337 3608 1454 3660 ἐστι
1502 3606 1600 3678 τῆς
1640 3607 1828 3677 κοινῆς

240 3702 353 3758 τῶν
392 3700 749 3773 ἀνθρωπίνων
793 3700 977 3757 κακῶν
1003 3698 1316 3772 ἀμηχανίας
1361 3699 1597 3770 ήλύσις.
1630 3701 1741 3754 Καὶ
1766 3700 1828 3753 τὸ

243 3792 387 3849 κατὰ
439 3792 501 3846 τὸ
547 3790 719 3855 πάθος
769 3789 865 3843 τοῦ
921 3790 1125 3860 Κυρίου
1181 3789 1479 3861 μυστήριον
1528 3788 1824 3859 διδαχθεὶς,

242 3886 301 3939 ὲν
357 3885 424 3955 τῇ
496 3882 764 3953 γενομένῃ
819 3880 961 3934 κατὰ
1018 3881 1079 3934 τὸ
1140 3880 1335 3950 ἁθρόον
1400 3879 1666 3949 ἐλλάμψει
1732 3879 1825 3933 τοῦ

242 3974 581 4044 Πνεύματος,
611 3973 744 4026 αὐτὸ
770 3971 830 4025 τὸ
861 3971 1147 4042 πρόσωπον
1169 3971 1230 4024 τὸ
1246 3971 1574 4024 Δεσποτικδν
1600 3969 1824 4023 ὑποδύε-

239 4087 352 4128 ται.
384 4069 476 4122 καί
506 4083 690 4137 φησιν·
724 4086 741 4118 ι
782 4063 924 4135 Ἐγὼ
945 4063 1261 4134 ’ὲκοιμήθην
1303 4063 1397 4118 καὶ
1436 4062 1661 4117 ὑπνωσα
1688 4080 1702 4095 ·
1732 4062 1821 4128 ἐξ-

238 4161 504 4233 ηγέρθην,
557 4160 639 4213 ὅτι
677 4156 881 4228 Κύριος
919 4153 1265 4224 ἀντιλήψεταί
1304 4171 1427 4224 μου.
1468 4171 1486 4204 ι
1543 4153 1615 4205 Τὸ
1664 4152 1721 4206 δὲ
1758 4153 1826 4206 δι’

239 4253 523 4326 ἀκριϐείας
544 4249 858 4305 ἐκτίθεσθαι
880 4249 980 4319 τὴν
1001 4249 1215 4317 ἑκάστῳ
1235 4246 1343 4300 τῶν
1364 4247 1627 4318 ῥημάτων
1650 4247 1829 4314 ἐγκει-

243 4342 416 4412 μένην
457 4342 719 4404 διάνοιαν,
761 4337 1034 4409 παρέλκον
1082 4336 1148 4390 ἂν
1179 4335 1288 4407 είη,
1338 4335 1434 4388 τοῦ
1478 4335 1639 4405 λόγου
1689 4335 1826 4404 πρὸς

238 4435 405 4506 ἕτερα
447 4432 792 4494 σπεύδοντος.
840 4430 962 4500 Χρὴ
994 4428 1102 4501 γὰρ
1138 4427 1512 4482 πιστώσασθαι
1559 4427 1656 4499 τὴν
1687 4429 1824 4481 ἀπο-

237 4526 485 4589 δοθεῖσαν
503 4523 748 4597 περὶτοῦ
774 4522 1145 4594 διαψάλματος
1162 4522 1389 4584 ἔννοιαν,
1425 4521 1483 4587 ἐξ
1512 4519 1691 4573 αὑτῶν
1716 4520 1824 4573 τῶν
1857 4574 1864 4579 ,

239 4617 642 4688 γεγραμμένων
675 4614 1042 4679 συνιστῶντας
1074 4615 1167 4669 τὸν
1194 4613 1371 4682 λόγον,
1414 4615 1508 4667 καὶ
1543 4614 1602 4665 ὲν
1634 4611 1713 4683 τῷ
1740 4630 1826 4665 τε-

237 4707 784 4780 τάρτῳβιαψάλματι,
797 4707 863 4761 δι’
878 4700 939 4761 οὗ
958 4705 1021 4759 τὸ
1040 4706 1153 4759 ἴσον
1173 4704 1534 4776 μανθάνομεν.
1551 4702 1705 4774 [ἰάσῃ
1718 4702 1827 4771 γὰρ

236 4800 442 4873 τρόπον
470 4797 594 4853 τινὰ
623 4800 689 4870 τῇ
719 4797 1033 4869 ἀνθρωπίνῃ
1066 4796 1226 4866 φύσει
1244 4796 1377 4867 περὶ
1400 4796 1500 4866 τῆς
1521 4794 1630 4848 τῶν
1657 4812 1816 4848 σπου·

236 4891 552 4963 δαζομένων
587 4890 946 4961 ματαιότητος
974 4889 1171 4960 ἐμϐοᾷ,
1206 4886 1598 4959 βαρυκαρδίους
1625 4886 1817 4957 ὀνομά-

239 4981 493 5047 ζωνποὺς
517 4982 667 5044 υἱοὺς
699 4980 811 5050 τῶν
838 4978 1164 5049 ἀνθρώπων,
1193 4973 1275 5042 οἷς
1310 4977 1372 5031 τὸ
1399 4977 1626 5048 μάταιόν
1645 4994 1704 5031 τε
1727 4973 1823 5029 καὶ

244 5074 614 5129 ἀνυπόστατον
641 5072 836 5143 ψεῦδος
864 5072 922 5125 ὲν
951 5072 1141 5140 ἀγάπῃ
1171 5069 1307 5124 ἐστί.
1334 5069 1504 5124 Πάλιν
1535 5069 1821 5140 ὲπηρεμή-

248 5182 369 5230 σας,
383 5164 758 5220 ὑποδείκνυσιν
781 5165 841 5218 ἐν
852 5162 957 5217 τίνι
973 5160 1122 5215 ἐστὶν
1143 5161 1177 5231 ἡ
1202 5159 1446 5230 ἀλήθεια.
1479 5178 1498 5211 ι
1529 5160 1767 5227 Ἔγνωτε
1795 5176 1815 5210 ι

243 5258 372 5331 γὰρ,
399 5257 586 5328 φησὶν,
607 5273 627 5306 ι
661 5256 744 5309 ὅτι
773 5254 1166 5326 ὲθαυμάστωσε
1200 5252 1401 5325 Κύριος
1430 5252 1523 5306 τὸν
1553 5252 1699 5306 ὅσιον
1723 5251 1823 5307 αὑ-

241 5348 366 5404 τοῦ*
408 5367 427 5401 ι
459 5348 695 5411 δεικνὺς,
721 5341 898 5418 οἶμαι,
929 5345 1017 5399 διὰ
1045 5343 1140 5399 τοῦ
1167 5344 1316 5398 ὁσίου
1344 5343 1434 5397 τὸν
1469 5342 1695 5414 Κύριον,
1727 5359 1822 5396 κα⁸

243 5438 351 5506 θὼς
378 5439 819 5512 φησινΜωῦσῆςο
833 5439 986 5494 ι”Οτι
1002 5437 1210 5501 δίκαιος
1226 5436 1321 5490 καὶ
1350 5434 1495 5500 ὅσιος
1517 5433 1779 5506 ὁΚύριος.
1795 5453 1814 5487 ι

306 5619 375 5653 ⁸⁸·
413 5615 564 5674 Psal.
596 5630 677 5679 ιιι,
715 5616 737 5669 l
773 5629 924 5687 seqq.

1942 1783 2297 1855 imperfectos
2344 1802 2442 1857 per
2471 1787 2554 1841 lac
2594 1797 2649 1841 ct
2691 1788 2914 1854 similia,
2968 1797 3226 1858 tanquam
3277 1805 3375 1861 per
3423 1792 3525 1846 ali—

1943 1885 2125 1945 menta
2152 1885 2546 1942 consentanea,
2582 1879 2648 1934 ad
2682 1879 3078 1934 incrementum
3108 1879 3280 1944 ducit,
3315 1896 3378 1935 ac
3400 1897 3523 1952 per-

1940 1963 2100 2025 fectis
2139 1965 2369 2020 solidam
2397 1968 2624 2038 apponit
2662 1982 2933 2030 mensam,
2973 1968 3081 2025 illis
3112 1968 3384 2035 videlicet,
3425 1971 3519 2040 qui

1934 2054 2047 2126 jam
2072 2070 2271 2111 sensus
2299 2056 2422 2111 aliis
2460 2056 2769 2128 disciplina:
2801 2056 3096 2128 generibus
3131 2058 3337 2114 habent
3365 2074 3522 2115 exer-

1938 2146 2160 2224 citatos.
3458 2208 3467 2213 ,

2008 2236 2177 2308 igitur
2204 2236 2260 2291 in
2291 2236 2478 2292 ultima
2519 2239 2854 2308 psalmorum
2902 2241 3180 2306 sectione,
3223 2255 3362 2313 opus
3409 2258 3520 2297 non

1935 2346 2057 2391 esse
2090 2330 2478 2400 diapsalmate,
2530 2338 2588 2397 ut
2617 2330 2936 2387 sublimiora
2965 2348 3127 2389 sensa
3155 2348 3219 2388 ex
3263 2333 3383 2403 ejus
3414 2334 3519 2388 mi-

1936 2424 2160 2481 nisterio
2187 2432 2241 2479 et
2267 2424 2503 2494 alloquio
2531 2423 2924 2497 percipiantur,
2954 2424 3177 2494 planum
3210 2423 3319 2488 ﬁet,
3353 2427 3398 2482 si
3423 2440 3517 2482 eas

1937 2526 2122 2587 partes
2162 2516 2502 2570 adducamus
2547 2530 2614 2569 ex
2664 2516 2926 2585 psalmis,
2984 2531 3106 2585 qua:
3158 2516 3518 2586 (liapsaltuale

1934 2614 2062 2663 sunt
2114 2610 2448 2677 interruptas.
2498 2604 2556 2659 In
2605 2606 2766 2660 tertio
2795 2607 2938 2661 enim
2985 2607 3228 2676 psalmo,
3260 2623 3383 2662 cum
3429 2607 3520 2663 dc-

1934 2706 2209 2759 cantasset
2258 2698 2603 2752 alllictionem
2652 2706 2705 2751 et
2744 2699 3088 2768 angustiam,
3131 2715 3251 2768 qua:
3290 2701 3392 2754 sibi
3449 2716 3514 2757 rx

1935 2789 2170 2845 hostium
2218 2789 2573 2860 impressione
2616 2798 2909 2850 everterat,
2968 2805 3091 2844 mox
3129 2773 3516 2860 ~diapsalmate

1932 2893 2141 2955 partem
2186 2880 2331 2935 illam
2360 2881 2781 2949 interrnmpcus,
2812 2880 3107 2935 salutarem
3145 2880 3289 2933 illam
3323 2895 3512 2934 vocem

1943 2970 2153 3036 edidit,
2192 2971 2580 3031 corroboratus
2623 2969 2871 3024 videlicet
2914 2969 2983 3023 ab
3030 2983 3124 3031 eo,
3173 2970 3265 3039 qui
3310 2969 3412 3023 sibi
3456 2969 3513 3023 iu

1931 3065 2147 3133 occulto
2196 3061 2403 3134 aliquid
2436 3062 2733 3134 inspirarat
2770 3076 2785 3114 :
2814 3077 2835 3113 ι
2869 3061 2952 3115 Τιι
2981 3069 3159 3114 autem
3182 3100 3198 3125 ,
3250 3059 3474 3115 Domine
3495 3100 3510 3123 ,

1931 3162 2218 3225 susceptor
2242 3169 2397 3210 meus
2422 3169 2481 3209 es
2505 3191 2521 3216 ,
2544 3153 2717 3222 gloria
2754 3167 2871 3205 mea
2900 3192 2917 3219 ,
2967 3161 3023 3207 et
3066 3152 3310 3209 exaltaus
3349 3159 3513 3222 caput

1932 3259 2110 3298 meum
2133 3244 2217 3297 ‘9‘.
2239 3264 2258 3296 ι
2288 3242 2491 3300 Rursus
2511 3240 2783 3298 intervallo
2815 3243 3136 3312 interpositu
3164 3251 3287 3312 post
3323 3258 3510 3299 vocem

1930 3335 2077 3391 illam
2132 3337 2429 3405 gratiarum
2477 3335 2710 3390 actionis
2766 3335 3021 3404 plenam:
3097 3353 3115 3386 ι
3180 3333 3325 3390 Voce
3391 3349 3510 3388 mea

1931 3427 1997 3483 ad
2042 3426 2325 3481 Dominum
2384 3427 2650 3489 clamavi,
2697 3435 2752 3480 et
2787 3426 3067 3480 exaudivit
3114 3442 3198 3481 me
3237 3427 3303 3481 de
3331 3436 3513 3482 monte

1930 3526 2122 3575 sancto
2169 3533 2305 3584 suo;
2359 3537 2377 3570 ι
2418 3518 2613 3573 discit.
2641 3523 2892 3587 Quaenam
2940 3518 3011 3572 sit
3057 3519 3192 3571 ratio
3244 3516 3511 3573 evadendi

1928 3625 1994 3664 ex
2044 3610 2431 3664 communibus
2482 3609 2847 3663 humanarum
2902 3609 3276 3662 calamitatum
3341 3625 3510 3679 angu-

1929 3699 2051 3757 stiis
2113 3709 2167 3755 et
2216 3699 2641 3767 alllictionibus;
2691 3699 3028 3769 edoctnsqne
3072 3702 3342 3772 passionis
3403 3704 3510 3757 Do-

1929 3791 2144 3846 minica:
2169 3791 2485 3861 mysterium
2519 3790 2573 3844 iu
2603 3806 2665 3845 ea
2698 3806 2819 3861 qua:
2851 3790 2956 3847 sibi
2984 3807 3048 3845 ex
3087 3792 3384 3860 improviso
3415 3810 3509 3848 ve-

1929 3892 2084 3939 nerat
2119 3900 2149 3938 a
2181 3884 2385 3955 Spiritu
2425 3893 2615 3939 sancto
2643 3884 3024 3950 illustratioue,
3067 3886 3242 3954 ipsam
3293 3885 3505 3940 Dmnini

1929 3991 2216 4046 personam
2246 3975 2442 4040 induit,
2475 3975 2527 4029 in
2564 3976 2678 4031 haec
2702 3978 2868 4032 verba
2894 3991 3259 4047 prorumpens
3292 3996 3304 4031 :
3343 3998 3362 4029 ι
3399 3977 3507 4048 Ego

1928 4065 2194 4130 dormivi,
2229 4073 2283 4119 et
2310 4075 2605 4136 50poratus
2640 4083 2784 4132 sum,
2819 4076 2874 4123 et
2906 4069 3214 4135 exsurrexi,
3241 4068 3369 4137 quia
3404 4069 3508 4123 Do-

1930 4158 2111 4213 minus
2140 4158 2384 4227 suscepit
2410 4173 2514 4213 me.
2558 4177 2578 4208 »
2619 4156 2954 4215 Sententiam
2986 4167 3165 4214 autem
3185 4202 3201 4226 ,
3237 4176 3359 4229 quae
3391 4161 3507 4214 sin-

1929 4232 2071 4317 gulis
2100 4247 2282 4302 verbis
2319 4247 2529 4311 subest,
2566 4247 2881 4303 adcuratius
2913 4263 3210 4319 exponere,
3241 4265 3507 4318 superva-

1930 4354 2159 4392 caneum
2191 4337 2447 4393 fortassis
2469 4336 2654 4403 fuerit,
2681 4354 2804 4391 cum
2834 4339 3012 4391 oratio
3033 4339 3098 4392 ad
3123 4339 3229 4392 alia
3263 4339 3503 4394 festinet.

1929 4428 2315 4485 Conlirmanda
2345 4430 2488 4483 enim
2515 4439 2599 4485 est
2628 4430 3005 4498 diapsalmatis
3035 4430 3185 4484 notio
3217 4446 3508 4501 argumen-

1932 4521 2003 4577 tis
2034 4537 2097 4575 ex
2131 4520 2268 4590 ipsis
2303 4521 2529 4591 psalmis
2563 4521 2786 4589 petitis;
2814 4521 3018 4577 etenim
3055 4521 3292 4577 idem-ex
3327 4525 3507 4593 quarti

1931 4612 2124 4683 psalmi
2152 4612 2503 4681 diapsalmate
2533 4627 2864 4682 cognoscere
2886 4629 3199 4682 possumus.
3226 4616 3508 4671 Acclamat

1931 4719 2167 4773 namque
2193 4703 2292 4758 toti
2315 4703 2716 4773 quodammodo
2744 4703 2998 4759 humanae
3024 4707 3274 4761 societati
3306 4708 3376 4762 ob
3408 4723 3504 4761 va-

1928 4794 2154 4850 nitatem
2207 4811 2393 4851 earum
2426 4811 2632 4856 rerum,
2659 4796 2860 4866 quibus
2887 4796 3047 4851 unice
3092 4799 3303 4861 studet,
3336 4799 3505 4854 filios-

1928 4903 2036 4955 que
2083 4887 2367 4942 hominum
2407 4887 2560 4957 gravi
2613 4887 2780 4947 corde
2813 4902 3111 4958 oppressos
3153 4891 3505 4959 pronuntiat;

1927 4979 2128 5050 quippe
2170 4979 2373 5049 quibus
2419 4994 2619 5033 vanum
2675 4986 2729 5033 et
2775 4994 2880 5033 non
2932 4979 3242 5035 subsistens
3281 4981 3505 5035 menda-

1927 5070 2074 5127 cium
2109 5085 2256 5125 curae
2289 5071 2361 5127 sit
2390 5079 2444 5125 et
2467 5071 2654 5138 cordi;
2688 5071 2995 5141 iterumque
3027 5071 3463 5141 interquiescens
3485 5114 3500 5140 ,

1927 5156 2270 5213 demonstrat
2315 5158 2369 5213 in
2423 5174 2663 5228 quonam
2716 5161 2786 5215 sit
2836 5160 3060 5215 veritas.
3113 5160 3252 5215 Dicit
3300 5162 3445 5215 enim
3485 5180 3500 5218 :

1933 5265 1955 5307 ι
2010 5248 2218 5304 Scitote
2266 5247 2524 5317 quoniam
2569 5249 2883 5305 miriﬁcavit
2931 5250 3196 5306 Dominus
3248 5260 3504 5305 sanctum

1927 5355 2111 5403 suum,
2146 5358 2168 5392 ι
2230 5340 2566 5410 significans,
2627 5350 2688 5397 ut
2737 5343 2996 5404 arbitror.
3029 5340 3216 5396 Sancti
3258 5341 3502 5406 nomine,

1930 5432 2260 5501 Dominum;
2301 5433 2761 5504 quemadmodum
2795 5442 2850 5490 ct
2877 5433 3090 5496 Movses
3125 5434 3242 5491 ait:
3286 5451 3307 5486 ι
3355 5432 3506 5499 Quo-
