3756 5988
247 218 350 276 639

1506 216 1564 270 S.
1602 210 1926 270 GREGORII
1968 211 2261 271 NYSSENI

3384 218 3491 275 54η

247 340 390 391 niam
421 334 600 403 justus
641 340 694 387 et
727 340 952 389 sanctus
985 328 1271 388 Dominus.
1323 351 1342 384 ι
1392 328 1595 388 Deinde
1639 334 1817 387 consi-

1974 329 2054 386 ἷτα
2092 334 2399 406 συμϐουλὴν
2429 335 2813 406 καταθέμενος,
2839 334 2907 389 δι’
2937 329 3010 389 ὧν
3034 336 3096 390 ἀν
3120 354 3196 400 τις
3232 337 3289 389 ἐν
3316 336 3487 392 καθα-

244 429 378 484 lium
407 427 520 483 dat.
550 427 823 495 quomodo
852 427 976 496 quis
999 427 1161 479 vitam
1195 443 1350 481 suam
1385 442 1517 495 pure
1545 435 1597 480 et
1628 435 1819 481 sancte

247 521 550 591 transigat;
581 520 856 590 judexque
900 529 955 574 et
993 508 1270 589 inspector
1304 519 1695 589 cogitationum
1737 519 1817 572 t'a-

248 622 401 672 ctus.
436 612 543 666 ait:
590 630 609 664 ί
650 610 782 677 Quae
809 610 994 665 dicitis
1027 611 1079 663 in
1115 610 1374 663 cordibus
1402 608 1636 672 vestris,
1671 618 1725 663 et
1759 608 1813 665 iu

250 704 521 759 cubilibus
558 703 758 757 vestris
791 701 1258 771 compungimiui;
1309 719 1326 751 ι
1378 707 1431 753 et
1475 714 1599 753 mox
1645 699 1715 754 ad
1747 715 1818 768 se

250 810 504 850 reversus
555 794 803 863 legalium
846 792 1188 844 victimarum
1224 791 1576 845 abolitionem
1606 797 1660 845 et
1702 790 1820 860 ipse

186 915 192 959 ί
252 887 491 950 audivit,
524 886 753 950 aliisque
784 882 1109 937 audiendam
1156 883 1521 951 promulgavit
1572 900 1585 936 :
1637 890 1821 936 monet

183 964 190 979 ’
251 979 417 1042 enim,
455 976 602 1029 utne
631 982 811 1044 speret
833 974 886 1025 in
910 973 1225 1026 animalium
1256 972 1485 1026 rationis
1517 973 1819 1041 expertium

250 1066 523 1127 caedibus,
569 1064 660 1118 ille
697 1064 788 1132 qui
827 1072 947 1132 eget
988 1062 1379 1115 einundatione
1422 1068 1477 1115 et.
1513 1061 1828 1131 expiatione

254 1157 474 1218 mentis,
496 1156 591 1211 sed
625 1164 684 1209 ut
704 1164 1023 1224 cognoscat,
1046 1154 1246 1221 quibus
1269 1153 1556 1207 sacriﬁciis
1579 1153 1824 1221 placetur

256 1249 423 1302 Deus.
462 1247 672 1301 Idcirco
721 1246 919 1315 inquit,
961 1265 978 1296 ι
1034 1244 1353 1298 Sucriﬁcate
1382 1243 1709 1298 sacriﬁcium
1737 1243 1823 1311 ju-

258 1340 451 1402 stitiae,
489 1348 544 1393 et
576 1347 790 1408 sperate
821 1339 873 1391 in
908 1336 1157 1391 Domino.
1199 1357 1217 1388 ι
1264 1335 1357 1390 Sic
1397 1345 1451 1391 et
1490 1336 1546 1390 in
1593 1336 1825 1405 septimo

258 1431 467 1501 psalmo
489 1430 740 1500 praecedit
759 1429 975 1499 quidem
1000 1428 1292 1481 collocutio
1311 1444 1433 1481 cutn
1463 1426 1590 1491 Deo,
1608 1426 1826 1497 quando

257 1537 438 1576 coram
467 1522 617 1591 justo
656 1521 746 1575 illo
774 1520 955 1590 judice
986 1527 1216 1573 testatur
1248 1519 1509 1571 malitiam
1547 1518 1617 1573 ab
1646 1517 1827 1572 inimi-

258 1614 339 1668 cis
366 1627 471 1666 non
506 1611 793 1681 provenire
843 1610 1178 1665 retribuendi
1204 1618 1259 1663 et
1293 1610 1464 1663 vicem
1494 1607 1826 1679 rependendi

1924 426 2110 498 ρότητι
2140 427 2395 499 παρέλθοι
2428 428 2517 480 τὸν
2554 428 2684 497 βίον,
2726 432 2916 499 κριτής
2946 446 3002 481 τε
3039 429 3492 498 καὶνέπιγνώμων

1924 517 2031 569 τῶν
2058 519 2154 588 τῆς
2180 519 2355 589 ψυχῆς
2379 518 2754 589 διανοημάτων
2781 519 3086 588 γενόμενος,
3109 520 3167 571 ἐν
3193 513 3273 581 οἷς
3305 536 3486 589 φησιν,

1924 609 2005 662 ὅτι
2039 627 2056 657 ι
2106 611 2172 661 ’Λ
2209 610 2393 677 λέγετε
2442 610 2499 662 ἐν
2548 612 2668 673 ταῖς
2711 608 2957 681 καρδίαις
3013 611 3187 679 ὑμῶν,
3232 611 3323 662 ἐπὶ
3369 612 3491 672 ταῖς

1925 697 2132 760 κοίταις
2157 697 2310 768 ὑμῶν
2336 697 2697 768 κατανύγητε·
2733 719 2752 752 ι
2796 699 2954 754 πάλιν
2980 700 3112 769 πρὸς
3140 698 3330 751 ἑαυτὸν
3356 699 3490 750 ἀνα-

1926 792 2197 860 χωρήσας.
2229 789 2326 860 τὴν
2359 789 2636 861 ἀναίρεσιν
2662 790 2760 860 τῆς
2783 791 3012 860 νομικῆς
3043 789 3360 854 ζωοθυσίας,
3390 790 3492 841 αὐ-

1925 882 2015 944 τός
2044 899 2102 933 τε
2137 882 2336 952 ἤκουσε
2356 922 2370 943 ,
2399 881 2492 935 καὶ
2524 881 2695 951 ἐμϐοᾷ
2726 884 2836 944 τοῖς
2868 881 3157 934 ἀκούουσι·
3187 880 3331 948 λέγει
3359 880 3492 948 γὰρ,

1930 972 2063 1044 μηδέ
2094 976 2149 1027 ἐν
2189 977 2311 1037 ταῖς
2336 973 2444 1027 τῶν
2478 973 2692 1042 ἀλόγων
2721 972 2873 1038 ζώων
2909 973 3218 1036 ἐπελπίζειν
3258 973 3497 1040 σφαγαῖς

1926 1065 2017 1117 τὸν
2043 1065 2135 1118 τοῦ
2166 1065 2399 1135 ψυχικοῦ
2428 1064 2724 1137 καθαρσίου
2750 1064 3021 1134 δεόμενον,
3060 1064 3173 1117 ἀλλ’
3200 1064 3496 1132 ἐπιγνῶναι

1930 1155 2110 1219 ποίαις
2132 1158 2160 1208 ὁ
2188 1156 2319 1219 Θεὸς
2352 1158 2725 1226 εὐαρεστεῖται
2748 1155 2978 1217 θυσίαις.
3010 1155 3100 1208 Διό
3129 1171 3312 1225 φησιν·
3343 1174 3360 1204 ι
3386 1153 3497 1205 Θύ-

1933 1263 2059 1298 σατε
2081 1245 2269 1299 θυσίαν
2297 1246 2637 1313 δικαιοσύνης
2662 1289 2676 1311 ,
2704 1247 2796 1299 καὶ
2816 1245 3069 1298 ἐλπίσατε
3093 1246 3185 1299 ἐπὶ
3211 1242 3435 1313 Κύριον.
3471 1264 3490 1296 ι

1931 1336 2115 1400 Οὕτως
2139 1339 2232 1391 καὶ
2252 1339 2388 1391 κατά
2407 1338 2495 1390 τὸν
2521 1337 2747 1407 ἕϐδομον
2769 1337 2876 1390 τῶν
2899 1336 3147 1407 ψαλμῶν,
3172 1338 3500 1406 προηγεῖται

1936 1427 2034 1499 μὲν
2059 1428 2087 1480 ὁ
2115 1430 2211 1499 τῆς
2235 1427 2523 1493 ἐντεύξεως
2561 1428 2735 1497 λόγος,
2768 1431 2826 1481 ἐν
2852 1420 2897 1496 ᾧ
2917 1428 3331 1495 δικαιολογεῖται
3361 1427 3502 1497 πρὸς

1931 1519 2020 1573 τὸν
2050 1519 2255 1572 δίκαιον
2289 1518 2501 1589 κριτὴν,
2531 1520 2612 1572 δτι
2635 1519 2733 1572 οὐκ
2762 1518 2820 1581 ἐξ
2848 1518 3257 1582 ἀνταποδόσειπ
3286 1517 3500 1583 γίνεται

1936 1611 2085 1683 παρὰ
2109 1611 2216 1664 τῶν
2254 1611 2461 1682 ἐχθρῶν
2486 1612 2519 1681 ἠ
2550 1611 2735 1674 κακία,
2770 1610 2882 1663 ἀλλ’
2912 1611 3106 1663 ἐκεῖνοι
3132 1611 3359 1680 ἀρχηγοὶ
3397 1609 3504 1678 τῆς

256 1719 423 1759 causa
445 1745 459 1769 ,
493 1702 586 1759 sed
636 1704 781 1773 ipsos
815 1703 1035 1758 malitia:
1082 1710 1136 1757 et
1171 1702 1539 1772 improbitatis
1577 1708 1830 1756 auctores

1975 1702 2193 1773 ονηρίας
2216 1702 2475 1771 γίνονται·
2503 1702 2596 1754 καὶ
2624 1701 2705 1755 ὅτι
2738 1702 2848 1755 ίσον
2886 1703 2966 1763 είς
2999 1699 3511 1771 ἀμαρτίανοίεται,

256 1809 379 1850 esse
400 1835 415 1859 ,
446 1809 613 1863 seque
652 1795 843 1848 eodem
871 1795 1096 1849 sceleris
1131 1794 1251 1848 loco
1301 1795 1501 1848 habere
1522 1834 1535 1856 ,
1573 1801 1627 1848 et
1661 1794 1830 1846 malo-

258 1897 378 1937 rum
416 1892 691 1937 auctorem
723 1898 845 1937 esse
866 1922 880 1945 ,
902 1883 1329 1959 ‘aaqualibusque
1362 1882 1519 1935 malis
1552 1888 1829 1936 auctorem

258 1975 483 2042 ulcisci;
519 1982 573 2029 et
602 1989 724 2029 cum
761 1975 872 2027 haec
905 1974 1168 2038 dixisset,
1215 1988 1407 2028 rursus
1441 1973 1691 2026 auditum
1739 1985 1831 2026 ac-

259 2066 566 2121 commodat
599 2066 679 2128 ei,
714 2067 807 2137 qui
839 2081 1092 2137 magnum
1124 2065 1342 2135 pietatis
1381 2065 1704 2136 mysterium
1737 2080 1833 2134 pa-

260 2158 444 2212 tefacit
464 2199 478 2220 ,
508 2173 602 2228 per
629 2158 774 2227 quod
807 2158 865 2210 ﬁt
896 2164 1086 2212 contra
1126 2170 1286 2211 veros
1318 2157 1502 2212 hostes
1531 2172 1561 2210 a
1602 2155 1832 2210 Domino

258 2250 505 2307 vindicta
546 2268 559 2303 :
591 2249 749 2302 aliter
785 2248 933 2302 enim
969 2248 1084 2303 ﬁeri
1123 2263 1231 2301 non
1259 2256 1458 2318 potest,
1492 2254 1550 2300 ut
1576 2247 1833 2302 adversa-

263 2343 356 2395 rize
382 2341 667 2411 potestatis
700 2349 1020 2395 coerceatur
1060 2341 1142 2394 vis
1172 2347 1224 2394 et
1255 2341 1546 2403 acerbitas,
1589 2340 1692 2393 nisi
1728 2338 1832 2391 Do-

259 2432 443 2487 minus
493 2448 588 2501 pro
622 2432 778 2487 nobis
810 2441 1080 2502 resurgat.
1126 2430 1362 2487 Necesse
1401 2440 1583 2487 autem
1611 2440 1716 2496 est,
1772 2440 1831 2485 ut

261 2524 717 2578 resurrectionem
752 2539 900 2578 mors
935 2523 1224 2592 praecedat.
1259 2523 1360 2588 Qui
1388 2523 1554 2592 igitur
1588 2538 1833 2579 resurre-

263 2616 497 2670 ctionem
532 2612 744 2667 Domini
768 2613 1122 2683 signiﬁcavit,
1154 2613 1244 2667 ille
1276 2614 1438 2667 etiam
1465 2614 1832 2669 manifestarit

263 2705 318 2759 id
345 2707 489 2776 quod
523 2721 645 2760 eum
674 2706 1076 2759 resurrectione
1098 2705 1451 2775 conjunctum
1488 2712 1592 2769 est,
1631 2717 1831 2777 myste-

266 2797 442 2858 rium,
477 2796 697 2866 inquam
724 2836 738 2859 ,
773 2795 1070 2865 passionis.
1101 2794 1369 2860 Quocirca
1403 2795 1512 2850 Deo
1541 2796 1733 2866 plenus
1763 2798 1831 2850 ob

264 2886 502 2956 Spiritus
525 2889 696 2942 sancti
722 2887 1206 2941 inliabitationem:
1240 2906 1258 2938 ι
1288 2886 1550 2955 Exsurge,
1582 2908 1601 2938 ›
1632 2889 1827 2957 inquit,

268 2995 287 3028 ι
321 2978 564 3039 Domine,
598 2979 651 3030 in
686 2978 765 3030 ira
799 2987 912 3041 tua,
936 2985 989 3031 et
1014 2977 1254 3032 exaltare
1283 2978 1336 3031 in
1365 2979 1561 3033 ﬁnibus
1589 2980 1832 3033 inimico-
1862 3017 1905 3075 Ο

264 3085 384 3123 rum
427 3076 682 3131 tuorum;
719 3088 736 3119 ι
772 3068 1025 3121 indicans
1055 3069 1148 3122 irae
1187 3069 1407 3138 quidem
1435 3070 1716 3134 vocabulo,
1761 3071 1835 3124 fa-

264 3165 520 3218 cultatem
568 3161 924 3226 rctribuendi,
961 3179 1066 3233 qua
1107 3164 1285 3232 justus
1326 3163 1489 3232 judex
1526 3165 1697 3231 valet;
1741 3179 1836 3233 per

265 3253 474 3322 reliqua
494 3263 668 3306 autem
694 3252 1036 3307 abolitionem
1062 3260 1115 3306 et
1140 3251 1409 3321 excidium
1438 3254 1674 3308 malitiae.
1701 3254 1832 3307 Nam

268 3353 474 3397 naturze
502 3343 632 3396 illud
662 3343 839 3397 'Sultlm
872 3350 955 3397 est
990 3342 1293 3408 inimicum,
1323 3345 1464 3411 quod
1500 3346 1642 3398 bono
1668 3362 1836 3415 oppo-

266 3437 431 3501 situm
460 3436 813 3504 conspicitur,
838 3434 981 3505 quod
1005 3444 1089 3489 est
1117 3437 1343 3499 malitia,
1377 3438 1535 3504 cujus
1564 3438 1685 3492 ﬁnis
1712 3440 1836 3491 abo-

266 3526 416 3588 litio,
469 3535 522 3581 et
573 3527 626 3580 in
680 3527 907 3580 nihilum
958 3528 1217 3581 reversio.
1271 3527 1374 3593 Qui
1427 3529 1591 3598 igitur
1643 3529 1831 3583 dixit:

274 3637 290 3667 ι
332 3616 583 3673 Exaltare
614 3620 665 3671 in
702 3618 898 3673 ﬁnibus
940 3620 1289 3674 inimicorum
1328 3631 1569 3682 tuorum,
1612 3642 1629 3673 ι
1668 3624 1713 3676 is
1743 3635 1837 3692 per

267 3708 370 3762 hoc
396 3710 539 3777 quod
562 3713 637 3763 ait
667 3710 928 3763 malitiam
959 3710 1303 3763 inimicorum
1338 3711 1541 3765 ﬁnitam
1574 3726 1716 3776 esse,
1753 3713 1836 3766 in-

266 3798 440 3863 dicat,
474 3814 578 3853 non
621 3801 854 3865 amplius
902 3801 1133 3870 relinqui
1176 3802 1298 3855 vita:
1336 3814 1537 3857 nostra:
1569 3803 1637 3857 ad
1673 3804 1831 3856 mali-

266 3891 397 3944 tiam
455 3892 706 3945 reditmn.
753 3890 1228 3956 Quemadmodum
1286 3895 1428 3947 enim
1484 3895 1607 3949 ﬁnis
1662 3892 1833 3948 morbi

268 3982 477 4035 sanitas
504 3990 618 4041 est,
664 3990 717 4033 et
748 3982 921 4034 somni
956 3981 1077 4035 ﬁnis
1123 3984 1399 4052 evigilatio
1428 3984 1446 4052 (
1474 3999 1649 4052 neque
1690 3986 1833 4038 enim

266 4071 813 4139 dormiens,quandiu
847 4087 1040 4125 somno
1071 4081 1304 4135 tenetur.
1338 4076 1513 4128 somni
1545 4077 1699 4129 tinem
1743 4077 1837 4128 ha-

269 4158 391 4221 bet,
428 4171 601 4226 neque
639 4157 800 4210 etiam
835 4165 1135 4228 aegrotans,
1172 4160 1298 4212 dum
1332 4174 1454 4213 cum
1489 4162 1676 4215 morbo
1705 4177 1837 4216 con-

267 4247 527 4310 ﬂictatur,
561 4248 612 4300 in
644 4248 746 4303 ﬁue
777 4248 949 4303 morbi
979 4258 1259 4314 versatur;
1289 4249 1381 4305 sed
1418 4252 1461 4305 si
1507 4267 1709 4321 :rgrum
1745 4271 1834 4309 sa-

1932 1794 2025 1847 καὶ
2065 1793 2437 1862 προκατάρξαι
2474 1793 2691 1855 κακίας,
2735 1792 2829 1845 καὶ
2861 1793 2974 1854 τοῖς
3020 1789 3158 1853 ἴσοις
3189 1789 3505 1858 ἀμύνασθαι

1929 1888 2020 1941 τὸν
2052 1886 2383 1958 ἀπάρχοντα.
2413 1887 2521 1939 Καί
2545 1885 2716 1939 ταῦτα
2754 1882 2941 1948 εἰπὼν,
2983 1884 3143 1937 πάλιν
3171 1884 3361 1952 ὑπέχει
3398 1884 3504 1953 τὴν

1931 1979 2099 2049 ἀκοὴν
2130 1978 2208 2048 τῷ
2244 1977 2305 2031 τὸ
2337 1977 2477 2048 μέγα
2509 1974 2827 2045 φανεροῦντι
2864 1974 2961 2045 τῆς
2990 1972 3272 2036 εὐσεϐείας
3294 1974 3507 2043 μυστή-

1935 2086 2067 2142 ριον,
2107 2070 2172 2124 δι’
2211 2062 2272 2122 οὗ
2316 2068 2523 2136 γίνεται
2572 2068 2606 2137 ὴ
2641 2066 2781 2121 κατά
2830 2066 2936 2119 τῶν
2973 2064 3239 2136 ἀληθινῶν
3291 2065 3515 2135 ἐχθρῶν

1932 2161 2082 2232 παρὰ
2109 2158 2200 2213 τοῦ
2232 2158 2435 2230 Κυρίου
2466 2157 2760 2228 ἐκδίκησις.
2788 2156 2861 2210 Οὐ
2880 2156 2985 2227 γὰρ
3015 2154 3158 2208 ἐστιν
3173 2153 3345 2217 ἄλλως
3375 2154 3505 2207 καθ-

1933 2254 2214 2324 αιρεθῆναι
2258 2251 2366 2305 τῶν
2411 2249 2796 2321 ἀντικειμένων
2834 2251 2894 2302 τὸ
2926 2252 3130 2318 στῖφος,
3155 2246 3229 2318 μὴ
3263 2247 3354 2300 τοῦ
3389 2249 3509 2300 Κυ-

1935 2344 2049 2417 ρίου
2078 2347 2217 2417 ὐπέρ
2243 2345 2401 2416 ὴμῶν
2421 2343 2770 2406 ἀναστάντος·
2799 2344 2897 2412 τῆς
2941 2342 2995 2395 δὲ
3033 2342 3376 2405 ἀναστάσεως
3410 2341 3511 2394 θά-

1932 2454 2086 2490 νατοη
2117 2436 2196 2489 δεῖ
2237 2437 2452 2498 πάντως
2484 2434 2920 2505 προηγήσασθαι.
2956 2432 3013 2486 Ὀ
3034 2434 3212 2486 τοίνυν
3242 2432 3337 2503 τὴν
3366 2431 3506 2485 ἀνάο

1935 2542 2119 2579 στασιν
2144 2525 2237 2579 τοῦ
2268 2525 2471 2596 Κυρίου
2506 2525 2749 2595 μηνύσας
2771 2565 2784 2586 ,
2818 2524 2876 2577 τὸ
2911 2524 3252 2593 συνημμένον
3280 2526 3344 2592 τῇ
3374 2524 3511 2576 ἀνα-

1935 2618 2119 2670 στάσει
2152 2616 2661 2687 συμπαρεδήλωσεν,
2694 2615 2837 2681 λέγω
2866 2612 2928 2685 δὴ
2972 2614 3031 2667 τὸ
3078 2614 3217 2667 κατά
3245 2614 3305 2667 τὸ
3334 2615 3512 2675 πάθος

1937 2707 2255 2777 μυστήριον.
2296 2700 2370 2758 Οὖ
2404 2709 2561 2775 χάριν
2603 2702 2949 2772 θεοφορηθεὶς
2987 2703 3050 2755 ἐκ
3074 2704 3173 2771 τῆς
3206 2703 3299 2755 τοῦ
3329 2703 3507 2754 Πνεῦ-

1937 2812 2103 2870 ματος
2126 2797 2218 2851 τοῦ
2242 2798 2394 2864 ἀγίου
2422 2792 2860 2863 ἐπισκηνώσεως,
2894 2812 2911 2846 ι
2952 2793 3257 2864 Ἀνάστηθι,
3292 2814 3310 2846 ι
3346 2799 3512 2863 φησι,

1940 2915 1957 2944 ι
2000 2892 2190 2961 Κύριε,
2223 2894 2279 2945 ἐν
2312 2892 2447 2961 ὀργῇ
2488 2907 2580 2941 σου
2610 2928 2623 2951 ,
2654 2888 2895 2958 ὐσιιὼθητι
2929 2890 2983 2940 ἐν
3018 2890 3131 2950 τοῖς
3173 2887 3367 2959 πέρασι
3398 2889 3513 2941 τῶν

1938 2981 2146 3050 ἐχθρῶν
2170 2996 2260 3032 σου
2281 2993 2292 3005 ·
2326 2998 2342 3029 ι
2380 2977 2658 3047 σημαίνων
2681 2974 2767 3027 διὰ
2798 2975 2893 3045 μὲν
2912 2977 3007 3044 τῆς
3035 2975 3221 3045 ὀργῆς,
3253 2974 3349 3044 τὴν
3378 2975 3513 3027 ἀντ-

1936 3072 2263 3142 αποδοτικὴν
2296 3068 2525 3140 δύναμιν
2564 3068 2656 3122 τοῦ
2704 3067 2910 3121 δικαίου
2950 3064 3159 3137 κριτοῦ·
3203 3065 3289 3118 διὰ
3313 3063 3367 3117 δὲ
3397 3066 3514 3117 τῶν

1936 3163 2153 3233 ἐφεξῆς,
2186 3163 2275 3215 τὸν
2305 3162 2607 3233 ἀφανισμὸν
2636 3159 2736 3230 τῆς
2769 3160 2985 3221 κακίας.
3040 3157 3263 3229 Ἐχθρὸν
3300 3158 3411 3228 γὰρ
3442 3161 3515 3228 τῇ

1938 3254 2095 3322 φύσει
2135 3254 2291 3323 μόνον
2320 3254 2379 3306 τὸ
2412 3254 2469 3319 ἐξ
2512 3252 2752 3306 ἐναντίου
2782 3250 2858 3320 τῷ
2898 3248 3087 3319 ἀγαθῷ
3112 3248 3511 3318 θεωρούμενον,

1936 3346 2070 3416 ὅπερ
2103 3345 2303 3415 ἐστἰνὴ
2336 3344 2523 3405 κακία,
2545 3339 2611 3414 ἧς
2637 3344 2698 3395 τὸ
2727 3343 2899 3414 πέρας
2922 3340 3225 3411 ἀφανισμός
3257 3340 3391 3400 ἐστι,
3418 3341 3515 3392 καὶ

1936 3440 2014 3501 είς
2051 3439 2111 3490 τὸ
2164 3438 2235 3508 μὴ
2280 3434 2340 3489 ὃν
2393 3436 2787 3507 μεταχώρησις.
2859 3435 2915 3487 Ὀ
2963 3432 3141 3486 τοίνυν
3188 3429 3378 3494 εἰπὼν,
3430 3433 3516 3484 ὅτι

1942 3548 1960 3580 ι
2007 3527 2279 3599 Ύψώθητι
2319 3530 2375 3580 ἐν
2406 3530 2519 3591 τοῖς
2549 3527 2745 3598 πέρασι
2775 3525 2883 3579 τῶν
2916 3523 3125 3595 ἐχθρῶν
3171 3540 3285 3585 σου,
3325 3542 3343 3574 ι
3379 3540 3516 3592 προ-

1939 3618 2131 3694 μηνὺει
2158 3620 2244 3674 διὰ
2267 3620 2358 3674 τοῦ
2390 3618 2770 3691 περατωθῆναι
2799 3617 2903 3671 τῶν
2926 3614 3136 3687 ἐχθρῶν
3166 3615 3262 3685 τὴν
3289 3616 3513 3674 κακίαν,

1935 3714 1996 3767 τὸ
2032 3714 2228 3784 μηκέτι
2263 3713 2353 3765 τὸν
2390 3715 2468 3774 εἰς
2500 3711 2695 3764 κακίαν
2742 3710 2938 3782 δρόμον
2971 3710 3035 3778 τῇ
3070 3707 3181 3777 ζωῇ
3227 3706 3515 3760 ὑπολείπε-

1938 3806 2082 3860 σθαι.
2118 3808 2204 3869 Ὠς
2234 3805 2342 3875 γὰρ
2375 3804 2543 3875 πέρας
2571 3803 2781 3872 νόσουή
2813 3801 2987 3869 ὑγεία,
3016 3801 3108 3853 καὶ
3142 3799 3314 3871 πέρας
3336 3799 3508 3851 ὕπνου

1937 3898 1970 3967 ἡ
2017 3898 2342 3967 ἐγρήγορσις
2381 3894 2586 3962 γίνεται
2638 3890 2792 3961 (οὗτε
2822 3892 2879 3944 δέ
2910 3894 2938 3945 ὁ
2974 3890 3266 3951 καθεύδων,
3315 3890 3420 3951 ἕως
3459 3891 3516 3941 ἐν

1937 3987 2012 4057 τῷ
2045 3986 2198 4057 ὕπνῳ
2243 3987 2379 4044 ἐστὶ,
2411 3985 2585 4055 πέρας
2617 3985 2707 4037 τοῦ
2749 3983 2915 4036 ὕπνου
2950 3983 3080 4052 ἔχει’
3110 3981 3231 4034 οὔτε
3267 3982 3295 4033 ὁ
3343 3980 3516 4032 νοσῶν

1935 4078 2034 4149 τῆς
2074 4078 2259 4144 ὑγείας
2288 4079 2346 4129 ἐν
2381 4075 2576 4145 πέρατι
2602 4074 2753 4143 παρά
2781 4072 2873 4127 τοῦ
2905 4073 3159 4143 ἀρῤιυστή
3171 4088 3339 4141 ματος
3364 4072 3514 4138 γίνε-

1935 4185 2045 4221 ται·
2068 4164 2201 4220 ἀλλά
2225 4163 2609 4233 διαδεξαμένης
2639 4162 2729 4214 τὸν
2756 4161 2852 4231 μὲν
2881 4162 3158 4232 ἄρρωστον
3182 4161 3281 4228 τῆς
3304 4159 3461 4225 ὑγεία
3472 4176 3512 4223 ',

1936 4257 2025 4309 τὸν
2053 4255 2108 4309 δὲ
2135 4253 2463 4308 καθεύδοντα
2491 4253 2589 4321 τῆς
2617 4252 3025 4321 ἐγρηγόρσεως,
3059 4249 3287 4318 λέγομεν
3319 4248 3514 4309 αὐτοὺς

271 4336 413 4391 nitas
456 4337 727 4405 ewipiat,
774 4339 1129 4393 dormientem
1187 4356 1314 4395 vero
1362 4344 1666 4412 evigilatio,
1701 4354 1831 4403 tunc

1974 4368 1991 4402 ν
2027 4349 2221 4420 πέρατι
2251 4344 2577 4415 γεγενῆσθαι
2599 4343 2689 4396 τοῦ
2717 4344 2774 4395 ἐν
2798 4336 2840 4410 ᾧ
2869 4342 3124 4411 ἑκάτερος
3153 4336 3221 4409 ἦν
3244 4379 3259 4400 ,
3288 4339 3380 4391 τὸν
3413 4338 3516 4408 μὲν

267 4426 502 4481 dicimus
549 4428 671 4481 illos
730 4430 888 4511 ﬁnem
939 4440 1219 4487 assecutus
1264 4433 1417 4504 ejus,
1454 4451 1562 4504 quo
1602 4445 1830 4507 uterque

267 4519 483 4570 illorum
515 4520 815 4579 tenebatur.
841 4522 990 4576 illum
1025 4524 1240 4592 quidem
1266 4527 1471 4588 somni,
1507 4528 1649 4582 hunc
1676 4532 1831 4600 regri-

266 4607 545 4677 tudinis);
583 4609 652 4661 ita
697 4618 750 4664 et
801 4613 852 4664 in
900 4615 1175 4682 proposito
1226 4619 1577 4671 mutationem
1624 4631 1833 4674 naturae

269 4700 517 4755 humana:
542 4701 595 4754 in
628 4708 829 4755 statum
866 4702 1076 4757 felicem
1103 4713 1157 4759 et
1191 4706 1425 4771 beatum,
1461 4709 1618 4762 tinem
1652 4707 1832 4763 inimi-

267 4804 454 4845 corum
490 4792 793 4860 appellarit.
830 4792 997 4847 Porro
1049 4812 1216 4849 unum
1257 4797 1518 4852 duntaxat
1555 4799 1831 4854 diversum

268 4881 338 4933 ab
364 4880 488 4935 aliis
514 4881 1153 4950 niodunadiapsalmatis,
1182 4892 1295 4939 toto
1324 4883 1663 4940 Psalmorum
1697 4889 1834 4942 libro

266 4973 701 5035 observavimus,
747 4972 800 5024 iu
831 4988 941 5025 uno
970 4974 1204 5042 quodam
1241 4990 1304 5028 ex
1352 4978 1576 5045 psalmis
1611 4979 1686 5045 “;
1726 4994 1832 5033 non

265 5064 408 5116 enim
440 5062 515 5115 ait
539 5063 861 5133 simpliciter
888 5081 905 5114 ι
938 5063 1264 5132 Diapsalma,
1304 5086 1321 5116 ι
1362 5068 1454 5123 sed
1490 5088 1505 5119 ε
1545 5070 1832 5124 Canticum

266 5153 641 5221 dia-psatmatis
660 5194 675 5217 ,
709 5173 727 5205 ι
759 5168 813 5209 ετ
843 5155 980 5210 forte
998 5159 1178 5211 oratio
1211 5158 1414 5213 librarii
1442 5161 1599 5231 culpa
1620 5162 1832 5219 inversa

266 5250 371 5301 est.
398 5248 459 5294 ut
491 5242 780 5299 dicendum
811 5246 996 5314 potius
1022 5246 1111 5309 sit,
1146 5265 1165 5298 ι
1205 5247 1415 5303 Cautici
1451 5250 1771 5321 diapsalma,
1811 5273 1828 5304 ι

266 5339 322 5386 et
344 5347 451 5385 non
486 5334 758 5387 canticum
792 5333 1189 5402 diapsalmatis.

336 5423 601 5477 Caeterum
624 5441 748 5479 cum
778 5435 902 5480 aute
932 5431 1121 5483 mulos
1148 5434 1349 5487 versari
1372 5434 1563 5489 debeat
1592 5434 1831 5490 divinum

339 5578 384 5611 “
418 5575 555 5633 Psal.
594 5596 643 5642 κ,
676 5577 720 5630 Ι.

1937 4439 2029 4493 τοῦ
2067 4438 2258 4499 ὕπνου,
2291 4437 2381 4490 τὸν
2406 4436 2463 4489 δέ
2485 4437 2584 4505 τῆς
2615 4435 2771 4487 νόσου
2796 4436 2835 4497 )'
2869 4431 3011 4485 οὕτω
3039 4433 3133 4484 καὶ
3154 4428 3389 4483 ἐνταῦθα
3417 4431 3517 4499 τὴν

1938 4530 2019 4591 είς
2053 4528 2113 4580 τὸ
2140 4528 2406 4596 μακάριον
2434 4524 2531 4593 τῆς
2566 4523 2911 4594 ἀνθρωπίνης
2942 4520 3158 4589 φύσεως
3189 4518 3514 4588 μεταδο).ὴν,

1939 4622 2113 4691 πέρας
2169 4619 2276 4673 τῶν
2328 4618 2535 4688 ἐχθρῶν
2590 4614 2994 4683 κατωνόμασεν.
3054 4608 3190 4663 Ἕνα
3236 4607 3293 4661 δὲ
3357 4610 3517 4677 μόνον

1939 4710 2336 4781 ἐξηλλαγμένον
2364 4709 2565 4779 τρέπον
2585 4704 2954 4774 διαψάλματος
2980 4703 3037 4753 ἐν
3065 4700 3215 4771 πάσῃ
3243 4701 3309 4768 τῇ
3350 4700 3517 4768 βίϐλῳ

1939 4803 2047 4857 τῶν
2084 4799 2326 4870 Ψαλμῶν
2379 4798 2518 4852 κατά
2553 4797 2643 4849 τὸν
2686 4796 2900 4849 ἔννατον
2941 4790 3154 4862 ψαλμὸν
3206 4792 3519 4861 παρετηρή-

1943 4909 2133 4963 σαμεν.
2183 4890 2258 4943 Οὐ
2314 4888 2423 4959 γὰρ
2477 4885 2683 4947 ἁπλῶς.
2718 4903 2736 4934 ι
2775 4882 3085 4952 Διάψαλμα,
3119 4900 3138 4929 ο
3175 4882 3359 4949 φησιν,
3402 4880 3516 4933 ἀλλ’

1945 5004 1963 5035 ι
2007 4982 2128 5054 ᾨδὴ
2165 4982 2555 5052 διαψάλματος.
2599 4997 2617 5027 ι
2669 4976 2821 5046 Τάχα
2858 4975 2979 5051 μὲν.
3006 4970 3099 5026 οὖν
3147 4972 3517 5041 ἀνέστραπται

1941 5076 2081 5129 κατά
2111 5092 2163 5129 τι
2206 5073 2427 5143 σφάλμα
2453 5068 2721 5140 γραφικδν
2755 5070 2782 5120 ὁ
2810 5066 2993 5134 λόγος,
3026 5063 3165 5116 ὥστε
3209 5063 3319 5115 δεῖν
3364 5062 3518 5128 λέγε-

1944 5165 2065 5217 σθαι
2115 5162 2331 5233 μᾶλλον,
2372 5178 2393 5211 ι
2416 5158 2567 5229 ᾨδῆς
2596 5154 2895 5225 διάψαλμα,
2925 5172 2944 5205 ι
2977 5153 3069 5207 καὶ
3102 5153 3199 5205 οὐκ
3227 5150 3370 5221 ᾠδὴν
3404 5150 3520 5204 δια-

1938 5253 2240 5323 ψάλματος.

2016 5433 2162 5503 ῐιλὴν
2192 5430 2376 5501 ἐπειδὴ
2417 5427 2681 5501 προσήκει
2718 5426 2823 5499 πρὸ
2853 5422 3143 5494 ὀφθαλμῶν
3172 5421 3317 5493 ἔχειν
3380 5419 3439 5475 τδ
3461 5422 3521 5473 ἐν
