3766 5986
284 197 389 253 σιι

285 502 511 597 ρέῗσεως,
536 507 901 575 φυλάσσοντες
956 513 1053 585 τὴν
1094 502 1485 588 παραδοθεῖσαν
1522 502 1665 594 ἡμῖν
1685 502 1759 578 ἐνῇ
1784 526 1861 597 τῷ

286 596 449 665 μέρει
491 598 668 671 τούτῳ
716 601 817 671 τῆς
844 604 1069 676 Γραφῆς
1120 609 1461 674 ἀκολουθίαν,
1526 596 1861 687 ἀναζητῆσαι

280 689 661 759 πειρασόμεθα
692 694 792 763 τὴν
821 688 1000 750 αἰτίαν
1029 698 1122 751 τοῦ
1143 698 1245 770 τῆς
1285 697 1440 774 ᾨδῆς
1471 704 1857 777 διαψάλματος,

277 779 409 850 ἦτις
451 783 616 869 ἐστίν.
663 786 1004 857 Λογιζόμεθα
1035 794 1234 857 τοίνυν,
1266 797 1360 848 ὅτι
1405 789 1513 850 ἀπὸ
1539 791 1727 852 τούτου
1767 802 1861 853 καὶ

282 873 481 946 μέχρις
502 876 596 929 τοῦ
629 879 830 967 ἐφεξῆς
857 881 1238 955 διαψάλματος,
1272 880 1330 940 ἓν
1352 880 1627 960 διάψαλμα
1654 886 1742 961 ἦν,
1764 890 1858 944 τοῦ

280 966 442 1033 ἁγίου
473 968 788 1039 Πνεύματος
822 972 1117 1030 ἐντιθέντος
1146 976 1222 1047 τῷ
1273 978 1436 1032 Δαυῒδ
1479 981 1549 1033 τά
1589 982 1687 1052 τῆς
1722 999 1857 1052 προ-

278 1055 511 1126 φητείας
538 1059 805 1128 νοήματα.
857 1057 996 1114 Ἀλλ’
1023 1063 1120 1134 οὐχ
1154 1063 1343 1136 ῶσπερ
1373 1066 1465 1120 ἐπὶ
1501 1068 1609 1121 τῶν
1633 1068 1854 1135 λοιπῶν,

180 1144 195 1151 ”
275 1146 426 1200 οῦτω
452 1148 547 1202 καὶ
570 1150 802 1204 ἐνταῦθα
829 1153 1064 1220 ἐγένετο.
1127 1155 1216 1208 Ἐν
1252 1154 1353 1226 μὲν
1386 1158 1493 1229 γὰρ
1529 1163 1643 1222 τοῖς
1678 1160 1856 1224 ἄλλοις

275 1240 340 1292 οὐ
382 1238 526 1293 κατά
562 1234 757 1295 ταύτὸν
794 1245 1075 1315 ἐνηργεῖτο
1109 1247 1143 1317 ἥ
1189 1264 1248 1300 τε
1279 1251 1581 1320 κατήχησις
1624 1254 1657 1322 ή
1712 1255 1856 1308 κατὰ

273 1332 340 1384 τὸ
366 1332 676 1403 ἀπόρρητον
704 1337 769 1405 τῇ
804 1335 948 1406 ψυχῇ
990 1337 1139 1407 παρὰ
1169 1337 1262 1392 τοῦ
1293 1339 1607 1411 Πνεύματος
1652 1344 1856 1412 ἐγγινο-

277 1429 439 1499 μένη,
464 1430 557 1482 καὶ
583 1430 616 1498 ἡ
647 1430 746 1501 τῆς
775 1430 1080 1502 ἐντεθείσης
1103 1433 1251 1503 αὐτῷ
1287 1435 1541 1503 γνώσεως
1566 1436 1855 1510 ἐξαγόρευ-

277 1534 384 1581 σις·
408 1517 544 1571 ἀλλὰ
579 1522 678 1590 τῆς
709 1520 933 1591 καρδίας
965 1521 1171 1576 ἔνδοθεν
1200 1522 1608 1597 διδασκομένης,
1638 1522 1667 1580 ὁ
1699 1528 1853 1596 λόγος

268 1606 568 1677 ἡσύχαζεν.
610 1609 873 1663 Ἐνταῦθα
900 1611 956 1665 δὲ
985 1610 1120 1682 ὁμοῦ
1146 1614 1213 1667 τὰ
1236 1613 1328 1667 δύο
1366 1616 1459 1669 καὶ
1490 1619 1631 1670 κατά
1657 1612 1852 1672 ταύτὸν

271 1699 602 1771 ἐνεργεῖται,
630 1701 724 1754 καὶ
777 1704 1140 1772 παραγίνεται
1188 1705 1337 1777 αὐτῷ
1383 1707 1584 1777 μεταξὺ
1638 1726 1852 1782 προφη-

272 1789 486 1843 τεύοντι
515 1792 549 1862 ή
568 1790 677 1845 τῶν
695 1792 1038 1865 ὑψηλοτέρων
1054 1796 1338 1867 νοημάτων
1356 1797 1672 1853 διδασκαλία
1702 1803 1853 1874 παρά

270 1880 369 1933 τοῦ
393 1880 730 1951 Πνεύματος,
760 1883 852 1936 καὶ
872 1883 931 1936 τὸ
956 1876 1178 1955 συνεχὲς
1207 1878 1307 1957 τῆς
1344 1887 1605 1958 μελῳδίας
1636 1891 1697 1942 οὐ
1738 1891 1854 1951 δια-

272 1972 556 2027 κόπτεται·
612 1974 725 2027 άλλ⁹
754 1969 962 2045 ἐμφυέν
1000 1976 1080 2046 τῷ
1109 1972 1322 2048 ὀργάνῳ
1352 1979 1447 2032 τοῦ
1478 1984 1756 2053 προφήτου
1790 1983 1852 2038 τὸ

272 2065 499 2135 Πνεῦμα
527 2065 587 2118 τὸ
615 2065 789 2134 ἆγιον,
827 2060 960 2120 αύτὸ
985 2068 1125 2121 κατὰ
1151 2069 1250 2139 τὴν
1293 2069 1430 2123 ἰδίαν
1466 2071 1690 2143 γνώμην
1716 2078 1856 2129 κινεί

274 2158 336 2211 τὰ
354 2158 636 2227 φωνητικά
658 2157 887 2230 αἰσθητή
895 2167 1005 2229 ρια,
1026 2160 1101 2224 ὠς
1127 2162 1265 2231 μήτε
1288 2161 1385 2232 τὴν
1405 2155 1547 2233 ᾠδὴν
1562 2156 1849 2232 διαλιπεῖν,

270 2252 413 2321 μήτε
463 2249 855 2320 ἐμποδισθῆναι
903 2251 1001 2321 τὴν
1058 2244 1408 2308 διδασκαλίαν
1468 2246 1548 2324 τῷ
1606 2246 1849 2327 φθόγγῳ·

271 2344 414 2415 αῦτη
444 2343 554 2415 γὰρ
582 2345 616 2412 ἡ
646 2335 962 2395 διδασκαλία
1000 2335 1094 2396 τοῦ
1132 2338 1447 2414 Πνεύματος
1480 2347 1542 2399 τὸ
1573 2348 1733 2417 μέλος
1758 2345 1846 2420 ἦν,

272 2436 455 2501 καθὼς
479 2435 734 2506 ὀνομάζει
763 2436 791 2489 ὁ
824 2428 1137 2506 Σύμμαχος.
1186 2438 1274 2490 Ἐν
1300 2437 1511 2502 πολλοῖς
1537 2438 1593 2492 δὲ
1632 2441 1852 2510 μέρεσιν

277 2532 372 2599 τῆς
398 2526 717 2598 ψαλμῳδίας
743 2520 1134 2599 εὕρισκομένης
1155 2529 1254 2598 τῆς
1271 2526 1524 2602 τοιαύτης
1546 2531 1847 2602 διαστολῆς,

272 2616 477 2689 ἀρκοῦν
506 2618 571 2671 ἂν
603 2618 712 2688 εῖη,
743 2617 830 2671 διὰ
869 2617 976 2671 τῶν
999 2612 1301 2689 εἰρημένων
1327 2620 1513 2691 ἔφοδον
1539 2624 1720 2695 κοινὴν
1751 2624 1849 2694 τῆς

272 2708 366 2761 τοῦ
401 2709 773 2780 διαψάλματος
814 2711 1195 2780 κατανοήσεως
1220 2714 1670 2782 παρασχομένους
1692 2748 1706 2777 ,
1742 2733 1846 2787 μη-

272 2799 391 2852 κέτι
423 2800 586 2852 πᾶσιν
617 2790 682 2852 δι’
717 2794 1001 2872 ἀκριϐείας
1048 2800 1321 2864 ἐπεξιέναι
1355 2804 1465 2864 τοῖς
1488 2802 1843 2875 διαψάλμασι.

273 2890 551 2961 Παρέλκον
571 2890 679 2961 γὰρ
708 2891 739 2943 ἆ
748 2908 822 2959 μα
844 2892 937 2944 καὶ
968 2889 1220 2962 ᾕριττὸν
1240 2894 1713 2964 ἐμφιλοχωροῦντα
1735 2900 1847 2960 τοῖς

1660 216 1729 276 lN
1763 223 2097 287 PSALMOS.

284 319 358 419 τῇ
402 317 765 392 Ἀποκαλύψει
809 316 904 380 τοῦ
942 321 1204 386 ’Ἰωάννου
1233 328 1481 408 κείμενον
1512 344 1690 413 κρῖμα
1718 343 1842 397 κατὲ

1964 349 2100 406 illud
2164 353 2220 407 in
2276 354 2500 412 Joannis

283 415 397 505 τῶν
436 415 872 479 μεταποιούντων
902 421 970 474 τὰ
1017 422 1135 477 θεῖα
1173 426 1239 481 ἐκ
1280 431 1596 503 προσθήκης
1634 434 1666 505 ἢ
1703 424 1863 504 65pm-

3423 256 3529 312 542

2556 358 2899 439 Apocalypsi
2942 365 3209 439 prolatum
3255 367 3525 437 judicium

1963 450 2155 497 contra
2201 444 2347 511 illos,
2375 448 2468 516 qui
2496 448 2678 503 divina
2714 453 2939 505 oracula
2966 454 3255 513 ,additione
3287 460 3367 513 vel
3396 460 3524 516 sub-

1963 531 2228 587 tractione
2263 535 2549 592 immutaut
2582 539 2667 605 “;
2704 541 3002 594 custodito.
3026 558 3092 597 eo
3131 544 3223 612 qui
3268 547 3426 602 nobis
3470 548 3524 601 in

1962 616 2065 677 hac
2108 637 2261 694 parte
2307 624 2601 698 Scriptura:
2647 631 2880 687 traditus
2909 641 2993 687 cst
3019 635 3210 688 ordine
3236 669 3251 699 ,
3309 636 3528 692 investi-

1960 727 2088 783 gare
2118 716 2437 771 conabimur
2466 734 2712 789 quantam
2744 721 2814 777 sit
2844 737 3012 777 causa
3043 704 3238 780 (nautici
3287 727 3521 794 diapsal-

1960 806 2140 860 matis.
2175 804 2232 860 in
2268 818 2503 863 mentem
2537 811 2700 881 igitur
2740 827 3092 881 revocemus,
3122 818 3190 867 ab
3220 817 3320 872 hoc
3355 835 3526 888 usque

1959 896 2025 948 ad
2077 912 2311 967 sequens
2372 900 2706 970 diapsalma,
2761 917 2929 959 unum
2974 907 3275 976 diapsalma
3302 909 3524 972 luisse.

1961 985 2166 1053 Spiritu
2201 997 2393 1043 sancto
2436 990 2621 1046 Davidi
2698 995 2991 1064 prephetiae
3032 1005 3086 1051 et
3118 1000 3525 1056 vaticinationis

1958 1095 2116 1134 sensa
2141 1090 2195 1134 ct
2219 1083 2470 1137 notiones
2492 1083 2826 1152 inspirante;
2848 1087 2943 1141 sed
2972 1103 3079 1141 non
3100 1105 3165 1142 eo
3190 1107 3296 1157 quo
3325 1092 3378 1144 in
3402 1093 3524 1147 aliis

1957 1170 2163 1226 solebat
2196 1173 2357 1227 modo
2384 1214 2398 1238 ,
2428 1174 2501 1228 ita
2529 1184 2581 1230 et
2622 1176 2711 1230 hic
2739 1177 2843 1247 egit
2883 1177 2968 1233 :in
3004 1180 3126 1234 aliis
3167 1182 3310 1235 enim
3359 1183 3520 1239 simul

1956 1276 2063 1315 non
2090 1272 2246 1317 erant
2293 1265 2561 1322 institutio
2606 1267 2673 1322 de
2713 1270 3029 1325 coelestibus
3066 1275 3282 1328 arcanis
3318 1276 3454 1329 facta
3491 1292 3521 1329 a

1957 1351 2161 1419 Spiritu
2209 1361 2432 1420 sancto,
2480 1364 2534 1408 et
2583 1358 2928 1427 cogitationis
2982 1360 3243 1416 divinitus
3284 1372 3522 1431 acceptae

1953 1443 2208 1510 elocutio,
2241 1452 2295 1498 et
2322 1445 2613 1514 patefactio
2634 1487 2649 1512 ,
2681 1450 2776 1502 sed
2811 1465 2933 1504 cum
2963 1466 3057 1505 cor
3080 1453 3312 1508 interius
3337 1452 3547 1510 erudi-'

1953 1543 2124 1603 retur,
2178 1553 2360 1592 sermo
2406 1540 2539 1595 foris
2568 1542 2904 1610 quiescebat.
2940 1543 3039 1598 ilic
3074 1561 3202 1599 vero
3256 1545 3364 1600 duo
3408 1549 3522 1601 hanc

1952 1625 2362 1696 conjunguntur
2391 1628 2551 1684 simul
2585 1640 2639 1685 et
2673 1627 2864 1685 eodem
2897 1640 3158 1702 tempore.
3192 1633 3326 1688 Nam
3356 1642 3411 1690 et
3433 1635 3521 1695 di»

1956 1716 2185 1784 sciplina
2235 1718 2611 1774 sublimior-um
2652 1730 2986 1777 secretorum
3034 1724 3176 1779 inter
3226 1726 3523 1780 vaticinati-'-

1954 1809 2081 1867 dum
2116 1811 2190 1863 illi
2227 1810 2401 1874 adest,
2433 1813 2713 1883 seriesque
2745 1816 3004 1869 continua
3033 1816 3276 1873 melodia:
3305 1834 3414 1871 non
3437 1821 3521 1872 in-

1914 1903 2338 1970 -terrumpitur,
2387 1905 2514 1974 quia
2565 1903 2799 1975 Spiritus
2833 1918 3056 1963 sanctus
3112 1910 3387 1978 propheta:
3437 1928 3520 1965 or-

1955 2007 2096 2059 gano
2134 1995 2291 2062 quasi
2337 1996 2740 2061 inlnmrcsceus,
2784 2000 3009 2054 arbitrio
3053 2015 3153 2055 suo
3192 2002 3396 2055 vocalia
3440 2003 3520 2056 in-

1956 2091 2261 2139 strumcnta
2293 2094 2491 2153 mOVet,
2525 2099 2582 2140 ut
2616 2105 2791 2158 neque
2820 2102 2995 2145 cesset
3017 2092 3313 2156 canticum,
3346 2109 3521 2161 neque

1953 2176 2116 2229 etiam
2168 2190 2434 2232 concentu
2492 2180 2821 2249 impediatur
2872 2182 3142 2237 doctrina.
3200 2184 3322 2253 ipsa
3371 2187 3516 2237 enim

1953 2264 2201 2321 doctrina
2236 2266 2471 2338 Spiritus
2518 2274 2689 2325 sancti
2751 2281 2943 2327 cantus
2992 2287 3088 2326 seu
3137 2274 3307 2328 melos
3360 2282 3515 2335 erat,

1955 2366 2112 2425 prout
2141 2365 2194 2412 et
2224 2375 2253 2413 a
2289 2360 2614 2430 Symmacho
2649 2364 2983 2416 nominatur.
3012 2361 3082 2415 At
3127 2378 3253 2416 vero
3295 2377 3417 2416 cum
3463 2363 3515 2415 iu

1955 2449 2140 2504 multis
2175 2453 2507 2520 psalmorum
2556 2437 2804 2523 partibus
2846 2454 3159 2523 bujusmodi
3196 2454 3519 2523 interruptio

1952 2542 2273 2609 reperiatur,
2300 2544 2433 2598 satis
2460 2522 2690 2600 fortasse
2722 2545 2885 2599 fuerit
2910 2561 3004 2615 per
3023 2561 3085 2600 ea
3114 2561 3234 2614 qua:
3255 2546 3514 2606 diximus,

1952 2647 2291 2687 communem
2330 2636 2487 2704 quasi
2516 2637 2656 2689 viam
2704 2637 2964 2692 stravisse
2994 2637 3059 2689 ad
3113 2637 3515 2706 percipiendam

1950 2724 2321 2793 diapsalmatis
2356 2728 2651 2790 notionem,
2678 2734 2737 2782 ut
2768 2729 2992 2798 proinde
3017 2730 3247 2799 Singulis
3277 2729 3517 2797 diapszd-

1950 2817 2109 2871 malis
2126 2818 2463 2886 esplicandis
2484 2835 2590 2874 non
2621 2821 2693 2875 sit
2721 2821 3157 2885 immorandum;
3191 2821 3348 2875 inane
3369 2821 3514 2875 enim

1949 2911 2108 2963 simul
2156 2918 2209 2964 et
2246 2926 2642 2979 supervacuum
2703 2911 2882 2977 foret,
2936 2913 3128 2967 sedqu
3174 2912 3515 2966 insistentem

272 2982 635 3053 ἐγνωσμένοις
673 2982 761 3034 διὰ
806 2980 914 3035 τῶν
952 2982 1393 3054 ὁμολογουμένων
1443 2986 1706 3056 μηκύνειν
1753 2982 1842 3043 τὸν

1958 3000 2112 3054 rebus
2135 3000 2245 3069 jam
2283 3002 2452 3065 notis,
2497 3004 2813 3073 protrahere
2840 3019 3147 3058 sermonem
3181 3018 3275 3072 per
3301 3019 3363 3057 ea
3395 3016 3517 3072 qua:

272 3070 450 3139 λόγον.

803 3200 1194 3261 ΚΕΦΑΛΑῙΟΝ
1228 3200 1329 3263 IA'.

358 3316 516 3370 Ἀλλά
567 3317 659 3369 καὶ
705 3315 863 3370 τοῦτο
904 3315 971 3370 ἄν
1007 3333 1090 3378 τις
1121 3318 1345 3382 εἰκότως
1376 3319 1751 3391 ἐπιζητήσειε,
1790 3322 1842 3375 τί

270 3409 469 3480 δήποτε
498 3411 564 3479 τῇ
600 3408 887 3478 ἀκολουθίᾳ
927 3409 1027 3479 τῆς
1062 3402 1302 3480 ἱστορίας
1333 3405 1660 3480 ἀσύμφωνός
1695 3412 1841 3464 ἐστιν

268 3504 305 3570 ὴ
344 3500 494 3564 τάξις
529 3501 630 3570 τῆς
655 3499 991 3570 ψαλμῳδίας.
1027 3502 1089 3554 El
1122 3502 1228 3572 γάρ
1271 3510 1355 3564 τις
1392 3498 1746 3573 προσέχοιτῷ
1781 3513 1842 3555 τε

269 3593 508 3666 χρονικῷ
543 3593 888 3662 διαστήματι,
918 3593 981 3645 ἐν
1004 3586 1048 3660 ᾧ
1078 3593 1299 3661 γέγονεν
1327 3588 1358 3662 ἡ
1392 3590 1505 3662 ζωὴ
1535 3592 1628 3645 τοῦ
1657 3592 1838 3660 Δαυῒδ,

271 3688 367 3740 καὶ
400 3687 468 3756 τῇ
489 3684 599 3739 τῶν
628 3684 967 3754 πραγμάτων
997 3678 1308 3755 ἀκολουθίᾳ,
1337 3684 1434 3737 οὐκ
1467 3684 1533 3738 ἂν
1559 3685 1708 3755 εὖροι
1743 3681 1842 3757 τὴν

270 3776 381 3831 τῶν
401 3776 629 3846 ψαλμῶν
651 3774 799 3828 θέσιν
942 3774 1091 3840 τάξει
1122 3768 1217 3846 τῆς
1251 3776 1488 3845 ἱστορίας
1521 3776 1842 3846 συμϐαίνουο

267 3887 391 3923 σαν.
428 3870 610 3940 Φαμὲν
651 3869 830 3922 τοίνυν
866 3868 958 3920 ἐπὶ
985 3861 1075 3921 τὸν
1119 3867 1334 3938 πρῶτον
1364 3862 1519 3939 ἡμῶν
1545 3868 1640 3921 τοῦ
1680 3863 1841 3937 λόγου

273 3961 474 4013 σκοπὸν
504 3961 922 4031 άνατρέχοντες,
983 3959 1064 4013 ὅτι
1096 3959 1307 4023 οὐδενὸς
1335 3959 1537 4013 τούτων
1573 3950 1721 4030 μέλει
1764 3960 1841 4031 τῷ

267 4051 574 4121 διδασκάλῳ
611 4049 787 4121 ἡμῶν.
836 4048 1162 4103 Διδάσκαλον
1191 4049 1318 4120 γὰρ,
1353 4045 1524 4117 οἶμαι,
1559 4050 1842 4120 ὀνομάζειν

270 4142 439 4196 δεῖτὸ
474 4141 699 4211 Πνεῦμα
728 4141 789 4194 τὸ
824 4141 997 4207 ἅγιον,
1031 4139 1215 4202 καθώς
1250 4156 1415 4211 φησιν
1447 4140 1476 4191 ὁ
1506 4139 1729 4210 Κύριος·
1760 4141 1841 4194 ὅτι

276 4250 296 4283 ι
359 4233 594 4296 Ἐκεῖνος
619 4230 817 4297 διδάξει
864 4231 1008 4300 ὑμᾶς
1035 4232 1229 4284 πάντα.
1268 4250 1286 4281 ι
1320 4230 1505 4301 Τούτῳ
1541 4231 1719 4284 τοίνυν
1764 4232 1843 4301 τῷ

1944 3090 2187 3144 oumium
2218 3106 2490 3151 consensu
2527 3094 2921 3163 approbantur.

2545 3225 2779 3282 CAPUT
2820 3225 2909 3282 XI.

2014 3310 2118 3371 Sed
2149 3316 2203 3372 et
2234 3308 2336 3372 hoc
2368 3318 2563 3372 merito
2584 3319 2706 3387 quis
2739 3322 2963 3388 quaerat,
2996 3333 3157 3388 quam
3191 3314 3407 3371 tandem
3440 3316 3512 3370 ob

1942 3421 2162 3462 causam
2191 3409 2326 3463 ordo
2371 3407 2707 3464 Psalmorum
2743 3424 2865 3463 cum
2903 3410 3146 3463 historia:
3176 3406 3370 3461 ordine
3406 3422 3512 3460 non

1942 3497 2247 3551 consentiat
2275 3513 2289 3550 :
2324 3496 2369 3550 si
2402 3498 2526 3566 quis
2562 3499 2706 3551 enim
2740 3498 2981 3552 animum
3018 3498 3264 3552 advertat
3288 3497 3355 3550 ad
3389 3510 3514 3567 spa-

1944 3591 2078 3643 tium
2115 3589 2373 3657 tcr'nporis
2402 3605 2510 3658 quo
2544 3588 2713 3643 David
2750 3591 2903 3652 vixit,
2939 3596 2992 3643 et
3014 3589 3081 3641 ad
3116 3605 3293 3643 rerum
3329 3598 3511 3656 gesta-
3572 3622 3579 3627 -

1946 3695 2062 3732 rum
2094 3679 2321 3745 seriem,
2352 3695 2459 3733 non
2496 3695 2628 3734 sane
2669 3681 2907 3734 inveniet
2945 3678 3286 3733 Psalmorum
3327 3679 3515 3733 distri-

1944 3770 2219 3825 butionem
2263 3780 2317 3824 et
2352 3771 2671 3839 positionem
2708 3788 2831 3825 cum
2866 3772 3123 3838 temporis
3157 3771 3348 3825 ordine
3390 3787 3513 3825 con-

1942 3864 2149 3918 venire.
2192 3860 2412 3917 Reversi
2457 3863 2523 3916 ad
2554 3864 2879 3933 principium
2919 3864 3189 3918 sermonis
3226 3864 3394 3917 nostri
3428 3879 3510 3917 rea

1942 3953 2305 4023 spondeunus,
2341 3952 2473 4006 nihil
2504 3953 2694 4007 horum
2728 3953 2940 4007 doctori
2971 3960 3025 4008 et
3052 3952 3370 4023 praeceptori
3413 3967 3511 4006 no-

1943 4055 2058 4101 stro
2086 4061 2230 4099 cura:
2258 4061 2415 4113 esse;
2451 4047 2728 4100 doctorem
2759 4047 2926 4113 enim,
2969 4047 3073 4100 nisi
3108 4042 3289 4108 fuller,
3338 4047 3513 4100 nomi-

1941 4152 2075 4190 nare
2093 4144 2306 4205 oportet
2334 4135 2596 4205 Spiritum
2616 4145 2886 4200 sanctum,
2919 4145 3077 4206 prout
3107 4134 3370 4190 Dominus
3398 4135 3507 4187 ait:
3574 4206 3577 4207 ν

1948 4246 1965 4278 ι
2005 4226 2097 4280 ille
2122 4242 2217 4281 vos
2256 4227 2475 4280 docebit
2506 4227 2710 4280 omnia.
2752 4247 2768 4278 ι
2816 4224 2955 4280 Huic
3005 4226 3168 4295 igitur
3204 4226 3509 4279 animorum

270 4322 558 4395 καθηγητῇ
582 4323 688 4377 τῶν
718 4323 904 4394 ψυχῶν
935 4323 1089 4395 ἡμῶν
1119 4324 1212 4376 καὶ
1239 4302 1541 4393 διδασκάλῳ
1592 4323 1842 4394 πάρεργα

1958 4327 2257 4374 nostrorum
2300 4318 2601 4373 institutori
2646 4318 2828 4371 omnia
2860 4318 2964 4370 alia
2995 4317 3061 4370 ad
3100 4332 3209 4371 rem
3242 4317 3512 4386 pertinere

265 4415 337 4470 τὰ
358 4415 494 4469 ἄλλα
517 4415 692 4471 πάντα
717 4415 880 4481 δοκεῖ,
908 4416 1109 4487 σπουδὴ
1132 4415 1188 4469 δὲ
1208 4415 1269 4469 τὸ
1288 4412 1690 4485 περισώσασθαι
1718 4415 1843 4477 τοὺς

267 4509 329 4560 ἐν
355 4509 422 4577 τῇ
474 4508 799 4579 ματαιότητι
825 4509 924 4578 τῆς
955 4507 1100 4576 ζωῆς
1130 4506 1510 4577 πλανωμένους
1528 4546 1543 4568 ,
1588 4507 1680 4559 καὶ
1710 4502 1843 4577 προς

266 4595 368 4667 τὴν
396 4597 571 4668 ἀληθῆ
599 4597 744 4670 ζωὴν
784 4596 1201 4667 ἐφελκύσασθαι.
1232 4590 1400 4650 Παντὶ
1440 4598 1545 4667 γάρ
1586 4595 1664 4667 τῷ
1703 4591 1844 4650 κατᾶ

266 4704 392 4742 τινα
417 4688 617 4743 σκοπὸν
649 4689 1088 4760 κατορθουμένῳ,
1117 4682 1268 4755 τάξις
1295 4706 1379 4752 τις
1420 4688 1606 4741 ἔπεστι
1641 4689 1841 4758 φυσικὴ

261 4787 329 4839 ’τε
372 4779 466 4832 καὶ
508 4780 810 4847 ἀναγκαία,
862 4782 895 4850 ή
940 4774 1005 4833 δι’
1057 4780 1349 4834 ἀκολούθου
1409 4777 1743 4850 κατορθοῦσα
1783 4774 1845 4831 τὸ

271 4870 722 4941 σπουδαζόμενον.
771 4873 980 4942 Ὥσπερ
1029 4872 1203 4943 τοίνυν
1234 4872 1327 4924 ἐπὶ
1364 4869 1472 4923 τῶν
1492 4866 1840 4940 λιθογλύφων,

271 4959 472 5025 σκοπὸς
506 4962 602 5032 μὲν
627 4962 809 5024 αὐτοῖς
841 4964 937 5032 τῆς
969 4962 1229 5033 ἐργασίας
1258 4961 1373 5017 ἐστὶ
1401 4961 1462 5012 τὸ
1488 4960 1624 5030 πρός
1653 4978 1704 5012 τι
1736 4957 1843 5011 τῶν

267 5042 439 5103 ὄντων
477 5050 741 5120 ὁμοιῶσαι
783 5051 877 5105 τὸν
913 5052 1079 5116 λίθον,
1129 5046 1228 5105 οὐκ
1269 5047 1431 5113 εὐθὺς
1476 5042 1532 5103 δέ
1581 5051 1643 5103 τὸ
1687 5044 1844 5119 ἔργον

269 5141 376 5195 ἀπὸ
398 5141 494 5196 τοῦ
529 5143 761 5213 πέρατος
788 5141 1033 5214 ἄρχεται,
1074 5136 1188 5196 ἀλλ’
1213 5142 1514 5212 ἐπιτίθησιν
1545 5142 1844 5209 ἀναγκαίαν

265 5231 387 5283 ’τινά
432 5232 499 5301 τῇ
545 5231 746 5301 σπουδῇ
786 5232 940 5297 τάξιν
973 5226 1004 5301 ἢ
1035 5232 1231 5301 τέχνη,
1276 5220 1344 5301 ἦς
1382 5231 1510 5284 ἀνευ
1557 5231 1656 5283 οὐκ
1689 5231 1754 5284 ἂν
1786 5224 1846 5284 τὸ

270 5317 704 5387 σπουδαζόμενον
735 5318 947 5386 γένοιτο
976 5319 1115 5390 (χρὴ
1148 5319 1255 5389 γὰρ
1289 5318 1501 5389 πρῶτον
1539 5317 1637 5386 μὲν
1669 5319 1842 5390 ἀπορ-

270 5408 431 5479 ρἧαι
460 5412 560 5479 τῆς
588 5408 865 5479 συμφυοῦς
908 5409 1110 5479 πέτρας
1142 5411 1233 5463 τὸν
1265 5410 1430 5463 λίθοιν
1467 5404 1583 5462 εἶτα
1616 5411 1811 5481 περικό
1830 5442 1841 5450 -

271 5500 363 5571 ψαι
390 5501 489 5563 τὰς
523 5501 791 5571 προϐολὰς
821 5503 923 5554 τῶν
965 5504 1270 5573 ἀχρήστων,
1307 5501 1437 5572 πρὸς
1462 5502 1558 5573 τὴν
1587 5502 1679 5554 τοῦ
1711 5519 1842 5572 προ-

338 5653 385 5685 “
422 5657 592 5726 Apoc.
637 5672 769 5721 sm,
817 5656 895 5712 19.

1948 4422 2057 4465 non
2086 4407 2360 4471 videntur,
2388 4410 2439 4462 in
2474 4409 2526 4462 id
2559 4418 2726 4462 unum
2755 4407 3111 4470 incumbentl,
3142 4414 3199 4460 ut
3224 4414 3512 4461 conservet

1943 4515 2038 4556 eos
2065 4501 2154 4570 qui
2191 4500 2242 4553 in
2275 4500 2376 4554 hac
2408 4499 2530 4553 vitae
2570 4499 2805 4553 vanitate
2845 4499 3121 4559 oberrant,
3154 4504 3207 4552 et
3234 4498 3299 4551 ad
3327 4512 3508 4552 veram

1942 4593 2106 4646 vitam
2138 4591 2389 4646 adducat.
2421 4590 2579 4645 Omni
2618 4589 2763 4644 enim
2808 4589 2916 4651 illi,
2950 4589 3110 4658 cujus
3150 4590 3349 4642 actioni
3388 4589 3510 4640 linis

1943 4683 2279 4753 praestitutus
2324 4691 2443 4744 est,
2474 4680 2637 4734 simul
2674 4680 2837 4734 etiam
2884 4680 3019 4732 ordo
3064 4691 3117 4733 et
3153 4680 3414 4733 naturalis
3458 4682 3509 4731 et

1943 4775 2289 4830 necessarius
2322 4773 2575 4844 prmlixus
2615 4781 2717 4837 cst,
2752 4770 2844 4838 qui
2879 4770 3020 4824 serie
3044 4770 3278 4838 quadam
3325 4769 3374 4821 id
3402 4768 3511 4821 rili~

1941 4868 2037 4929 cit,
2078 4864 2224 4936 quod
2269 4865 2373 4920 sibi
2422 4862 2689 4933 propenit.
2731 4860 3196 4927 Quemadmodum
3232 4859 3396 4927 igitur
3432 4860 3509 4911 la-

1945 4958 2127 5026 pidum
2155 4956 2526 5025 sculptoribus
2555 4962 2609 5010 et
2638 4952 2939 5012 statuariis,
2980 4950 3101 5003 ﬁnis
3142 4950 3375 5002 actionis
3404 4959 3506 5010 est,

1943 5047 2175 5115 lapidem
2198 5047 2264 5101 ad
2290 5046 2521 5115 alicujus
2544 5044 2954 5101 similitudinem
2986 5039 3329 5093 eonforma'rc
3354 5059 3368 5092 :
3400 5052 3507 5093 non

1942 5149 2122 5193 autem
2163 5138 2348 5193 statim
2382 5138 2451 5190 ab
2480 5137 2598 5206 ipso
2632 5136 2734 5190 line
2757 5148 2897 5204 opus
2926 5132 3236 5193 inchoatur,
3261 5131 3352 5185 sed
3384 5146 3510 5201 pro-

1950 5228 2241 5283 cc‘dendmn
2271 5236 2357 5281 est
2388 5228 2490 5280 arti
2532 5225 2840 5281 necessario
2869 5223 3101 5293 quodam
3137 5222 3358 5286 ordine,
3391 5222 3510 5276 sine

1943 5335 2049 5389 quo
2097 5318 2303 5371 nullum
2337 5331 2514 5386 aperte
2553 5318 2782 5385 pretium
2832 5314 3028 5377 faciat,
3066 5321 3160 5366 aut
3214 5311 3508 5381 quidquam

1945 5410 2230 5481 proﬁciat:
2289 5416 2502 5477 Oportet
2552 5408 2700 5461 enim
2757 5407 2931 5474 primo
2988 5404 3216 5474 lapidem
3258 5403 3509 5457 excidere

1942 5500 2011 5552 ab
2060 5497 2126 5551 iis
2163 5498 2426 5567 partitus,
2478 5509 2600 5548 cum
2657 5495 2855 5563 quibus
2896 5494 3215 5548 naturaliter
3263 5493 3504 5546 coaluit:
