3756 5988
254 184 364 245 545

1517 194 1575 250 S.
1616 195 1941 255 GBEGOBII
1979 197 2273 255 NYSSENI

3397 195 3513 253 5H

253 299 448 355 deinde
489 299 882 357 circumcidere
913 300 1239 361 eminentias
1264 345 1278 371 ,
1318 312 1372 360 et
1407 321 1672 369 excursus
1704 324 1820 381 par-

1993 312 2186 382 ;ιμένου
2234 313 2465 385 μίμησιν
2492 313 2804 390 ἐξεχόντων·
2847 312 2942 367 καὶ
2986 311 3159 377 οὕτως
3191 310 3375 382 κοιλᾷν
3415 310 3515 365 διὰ

253 392 386 444 tium
436 391 704 447 inutilium
738 391 805 447 ad
839 403 1106 464 susceptae
1138 395 1389 466 imaginis
1437 398 1820 463 imitationem,

252 482 441 553 sicque
469 482 654 539 labore
680 492 736 538 et
770 484 951 539 studio
987 502 1182 543 cavare
1220 488 1341 543 illas
1377 488 1574 559 lapidis
1602 498 1819 560 partes,

253 572 453 641 quibus
474 572 705 629 sublatis
738 574 928 645 incipit
960 577 1203 633 eminere
1229 579 1283 632 in
1311 595 1375 636 eo
1400 581 1542 649 quod
1575 582 1821 638 relictum

251 669 358 723 est,
384 662 562 731 aliqua
593 663 804 731 species
833 666 1106 730 animalis,
1143 669 1231 723 cui
1256 670 1595 726 conficiendo
1626 672 1823 728 artifex

251 764 470 821 operam
520 761 702 807 navat.
750 752 882 808 Post
929 757 1041 811 haec
1082 758 1460 814 subtilioribus
1493 762 1822 832 quibusdam

251 852 306 896 et
340 843 680 900 tenuioribus
723 847 1100 902 instrumentis
1132 850 1561 921 circumradere,
1592 861 1646 908 et
1677 854 1825 909 laevi-

252 948 382 1002 gare
420 934 615 1004 lapidis
663 937 1015 1006 asperitatem
1065 940 1399 1011 aggreditur,
1453 943 1825 1014 subiectasque

251 1025 493 1079 materiae
531 1029 891 1098 exemplaris,
928 1045 1024 1084 seu
1085 1033 1352 1104 prototypi
1402 1035 1820 1091 similitudinem

251 1113 460 1177 indere,
500 1123 552 1170 et
584 1124 843 1185 praetcrea
888 1120 1082 1188 lapidis
1115 1124 1455 1192 superficiem
1488 1126 1729 1196 expolire
1768 1134 1822 1182 et

233 1202 493 1265 -elimare,
526 1211 580 1258 et
611 1204 880 1261 laeviorem
909 1209 1153 1275 reddere,
1189 1226 1417 1280 quorum
1448 1214 1686 1268 omnium
1717 1216 1820 1269 mi-

248 1293 477 1348 nisterio
499 1307 589 1349 ars
612 1295 922 1365 liujusmodi
949 1307 1203 1355 ornatum
1225 1300 1379 1372 operi
1396 1303 1566 1359 addit.
1620 1303 1820 1359 Eodem

249 1384 407 1453 plane
439 1386 599 1441 modo
626 1426 640 1453 ,
673 1401 796 1441 cum
844 1397 957 1445 tota
991 1392 1152 1447 nobis
1178 1404 1371 1448 natura
1405 1395 1477 1449 ob
1515 1396 1822 1465 voluptates

247 1489 541 1545 corporeas
578 1478 742 1532 veluti
787 1479 841 1533 in
883 1481 1116 1551 lapidem
1147 1497 1409 1540 conversa
1447 1486 1540 1550 sit,
1565 1487 1740 1541 oratio
1767 1496 1822 1542 et

1924 400 2025 469 τῆς
2059 402 2319 474 ἐργασίας
2346 405 2528 461 ἐκεῖνα
2554 402 2648 456 τοῦ
2693 402 2843 469 λίθου
2876 401 2944 456 τά
2980 400 3126 473 μέρη
3148 439 3165 466 ,
3194 393 3271 465 ὧν
3299 401 3513 470 ἐξαιρεο

1924 491 2146 557 θέντων,
2201 494 2428 565 ἄρχεται
2470 494 2595 566 περὶ
2635 495 2698 546 τὸ
2741 493 3060 564 λειπόμενον
3107 490 3395 563 ἐνορᾶσθαι
3447 491 3514 545 τδ

1926 584 2109 655 σχῆμα
2128 583 2221 637 τοῦ
2249 584 2413 648 ζώου,
2445 585 2570 654 περὶ
2598 584 2626 639 ὃ
2652 584 2752 655 τὴν
2782 584 3017 657 σπουδὴν
3040 586 3069 638 ὁ
3089 584 3336 653 τεχνίτης
3362 582 3507 652 ἔχει’

1923 671 2017 724 καὶ
2067 672 2205 742 μετὰ
2244 671 2404 726 τοῦτο
2460 672 2805 744 λεπτοτέροις
2851 673 2961 726 τισὶ
2999 672 3095 726 καὶ
3131 670 3511 742 ὀμαλωτέροις

1922 760 2174 833 ὀργάνοις
2205 764 2476 834 περιξέειν
2506 781 2565 816 τε
2596 765 2689 817 καί
2715 763 3055 817 άπολεαίνειν
3090 762 3189 833 τὴν
3223 762 3317 815 τοῦ
3351 762 3509 815 λίθου

1921 852 2267 925 τραχύτητα,
2301 854 2397 908 καὶ
2433 854 2552 909 τότε
2601 854 2700 925 τῆς
2749 853 3058 925 ἀρχετύπου
3116 853 3331 924 μορφῆς
3382 854 3510 905 ἑπι-

1923 942 2136 996 6άλλειν
2182 943 2259 1014 τῷ
2286 944 2725 1015 ὑπολελειμμὲνῳ
2767 945 2865 1014 τὴν
2902 944 3211 1015 ὁμοιότητα·
3248 942 3510 1014 λαμπρύ-

1922 1049 2033 1087 νειν
2075 1049 2133 1086 τε
2167 1033 2304 1104 μετὰ
2350 1032 2521 1087 ταῦτα
2550 1032 2642 1086 καὶ
2675 1032 2953 1104 λειοτέραν
2998 1034 3174 1085 ποιεῖν
3210 1029 3307 1084 τοῦ
3350 1029 3507 1084 λίθου

1920 1123 2020 1195 τὴν
2058 1125 2395 1195 ἐπιφάνειαν·
2440 1125 2508 1180 δι’
2536 1118 2611 1180 ὧν
2659 1121 2798 1179 οἶδεν
2841 1127 2875 1197 ὴ
2919 1124 3081 1195 τέχνη
3128 1126 3219 1178 τὸν
3260 1123 3511 1178 τοιοῦτον

1922 1214 2230 1270 ἐπιϐάλλειν
2258 1216 2460 1288 κόσμον
2501 1216 2579 1288 τῷ
2606 1206 2809 1287 ἔργῳ)’
2847 1214 2994 1269 κατὰ
3032 1216 3125 1268 τὸν
3163 1214 3324 1269 αὑτὸν
3371 1215 3507 1285 τρό-

1923 1323 2023 1360 πον
2071 1306 2253 1377 πάσης
2299 1306 2486 1377 ἠμῶν,
2547 1306 2635 1360 διὰ
2681 1307 2782 1377 τῆς
2831 1306 3024 1377 ὑλικῆς
3081 1304 3458 1377 προσπαθείας
3487 1344 3505 1367 ,

1921 1394 2111 1467 ὥσπερ
2166 1395 2595 1468 άπολιθωθείσης
2663 1396 2763 1467 τῆς
2820 1396 3064 1467 φύσεως,
3118 1399 3147 1451 ὁ
3214 1394 3350 1466 «pb;
3399 1393 3510 1464 τὴν

1922 1483 2071 1537 θείαν
2107 1483 2363 1554 ὁμοίωσιν
2399 1484 2651 1556 λατομῶν
2683 1486 2831 1556 ἡμᾶς
2872 1484 3053 1553 λόγος,
3104 1483 3209 1554 ὁδῷ
3251 1501 3358 1536 τινι
3405 1483 3512 1536 καὶ

248 1564 544 1631 institutio,
578 1583 700 1639 quae
727 1586 828 1626 nos
858 1573 925 1626 ad
953 1573 1191 1629 divinam
1227 1577 1637 1633 similitudinem
1662 1581 1819 1649 quasi

1993 1574 2215 1647 ;ολουθίᾳ
2309 1575 2446 1647 πρὸς
2504 1576 2568 1629 τὸ
2620 1575 2713 1629 τοῦ
2772 1574 2976 1630 σκοποῦ
3016 1574 3191 1648 πέρας
3237 1572 3509 1645 προέρχε-

246 1657 544 1714 erudiendo
571 1659 753 1716 edolat
774 1670 829 1717 et
868 1662 1153 1731 eﬂ‘ormat,
1189 1666 1271 1720 via
1313 1668 1551 1737 quadam
1583 1680 1637 1726 et
1672 1647 1821 1727 certa
1854 1647 1896 1708 Β
1922 1681 2032 1721 ται·

249 1748 462 1803 ratione
480 1748 549 1803 ad
578 1752 918 1821 prepositqu
950 1755 1109 1810 tinem
1136 1756 1399 1826 procedit.

316 1838 559 1896 Primum
612 1843 759 1898 enim
810 1854 1028 1917 separat
1082 1864 1182 1905 nos
1237 1864 1267 1903 a
1324 1857 1556 1921 cognato
1606 1852 1820 1923 lapide,

248 1945 279 1984 a
310 1930 548 1997 malitia,
577 1933 799 2004 inquam
821 1978 836 2003 ,
865 1935 932 1991 ad
954 1953 1114 2009 quam
1142 1954 1236 2010 per
1263 1939 1504 1995 habitum
1531 1943 1822 2013 quemdam

249 2022 433 2080 aduati
478 2038 691 2082 sumus.
740 2026 943 2084 Deinde
990 2037 1236 2101 amputat
1279 2033 1606 2102 superfluam
1652 2043 1824 2091 mate-

249 2113 426 2181 riam;
459 2124 648 2185 postea
677 2115 914 2175 formare
951 2119 1143 2192 incipit
1190 2122 1492 2191 subjectam
1538 2124 1821 2180 materiam

251 2204 317 2256 ad
354 2204 774 2263 similitudinem
811 2210 1176 2281 exemplaris,
1209 2214 1553 2284 exemptione
1592 2222 1647 2269 et
1673 2229 1824 2270 amo-

243 2292 399 2350 tione
420 2309 610 2351 eorum
647 2314 768 2368 qua:
799 2300 1211 2358 similitudinem
1257 2305 1588 2373 prohibent,
1634 2308 1822 2377 sicque

257 2399 355 2454 per
376 2386 718 2443 subtiliorem
746 2391 1136 2460 cogitationum
1172 2400 1225 2448 et
1259 2396 1542 2451 uotionum
1572 2396 1822 2468 discipli-

252 2492 380 2531 nam
402 2517 418 2542 ,
451 2478 648 2535 limans
678 2488 733 2535 et
765 2483 975 2552 potiens
1008 2492 1255 2541 nostram
1303 2496 1537 2541 mentem
1583 2504 1678 2559 per
1710 2493 1819 2545 vir-

247 2568 383 2624 tutis
415 2577 636 2641 typum,
670 2571 922 2628 efformat
965 2575 1019 2629 in
1066 2575 1228 2631 nobis
1267 2575 1583 2642 Christum,
1621 2594 1819 2635 secun-

245 2658 375 2713 dum
406 2661 566 2731 cujus
598 2663 1012 2720 similitudinem
1047 2666 1115 2721 ab
1145 2667 1303 2721 initio
1336 2666 1661 2723 conformati
1696 2684 1819 2725 era-

246 2766 406 2815 mus,
445 2753 511 2807 ad
548 2769 713 2823 quam
748 2754 929 2810 denuo
962 2758 1393 2813 conformamur.
1431 2757 1563 2826 Quis
1596 2769 1680 2816 est
1719 2762 1819 2832 igi-

244 2849 337 2894 tur
374 2844 670 2913 sculpturae
713 2854 914 2901 nostra:
953 2847 1133 2902 ordo?
1172 2847 1227 2901 In
1270 2850 1443 2918 prima
1485 2850 1817 2919 psalmorum

245 2932 490 2987 sectione
539 2934 606 2987 ab
663 2934 912 3005 improba
948 2937 1083 3001 vita,
1120 2938 1278 3008 quasi
1317 2939 1546 2994 abscissi
1587 2955 1813 3007 sumus;

245 3021 301 3075 in
335 3023 692 3092 sequentibus
726 3040 889 3090 vero,
927 3027 1187 3081 continua
1224 3027 1394 3092 serie,
1427 3030 1680 3084 omnibus
1715 3047 1818 3084 nu-

245 3113 410 3167 meris
461 3113 711 3169 absoluta
744 3124 829 3171 est
860 3117 1114 3172 imitatio.
1160 3118 1389 3174 Constat
1421 3136 1550 3190 ergo
1580 3122 1820 3190 psalmo-

243 3218 366 3257 rum
399 3205 571 3270 ordo,
602 3221 725 3260 cum
765 3206 1000 3278 Spiritus
1044 3220 1305 3274 sanctus,
1343 3218 1401 3265 ut
1446 3211 1652 3265 dictum
1698 3225 1816 3276 est,

242 3309 354 3349 non
386 3295 439 3350 id
492 3299 834 3368 propositum
869 3300 1100 3366 habeat,
1140 3311 1197 3355 ut
1245 3316 1347 3355 nos
1397 3302 1597 3356 nudam
1650 3303 1821 3363 histo-

243 3385 383 3440 riam
432 3386 659 3448 doceat,
690 3389 783 3443 sed
826 3399 885 3442 ut
920 3390 1133 3446 animas
1178 3399 1397 3447 nostras
1437 3407 1535 3462 per
1567 3392 1817 3448 virtutem

243 3476 545 3530 secundum
599 3477 766 3533 Deum
820 3481 1057 3544 formet,
1112 3490 1172 3535 ut
1225 3481 1455 3552 proinde
1514 3497 1711 3539 sensuts
1764 3484 1818 3539 in

243 3564 471 3633 psalmis
521 3566 690 3622 abditi
722 3569 894 3625 series
926 3571 1221 3641 quaerenda
1252 3586 1361 3625 nou
1396 3571 1502 3635 sit,
1552 3581 1714 3642 prout
1744 3572 1820 3627 hi-

243 3656 430 3711 atoria:
463 3665 517 3713 et
559 3674 740 3715 rerum
778 3670 1055 3735 gestarum
1091 3661 1227 3716 ordo
1257 3663 1508 3733 requirit.
1542 3664 1816 3729 Quemad-

244 3749 462 3803 modum
497 3751 642 3806 euitn
679 3753 733 3806 in
775 3753 940 3807 allato
972 3768 1002 3806 a
1034 3754 1193 3809 nobis
1223 3753 1291 3808 de
1321 3754 1604 3826 sculptura
1637 3769 1818 3809 exem-

241 3839 367 3908 plo,
401 3855 491 3896 ars
523 3842 589 3897 ad
620 3850 815 3897 statuae
855 3844 1195 3899 etieetionem
1236 3845 1423 3902 multis
1457 3852 1578 3916 eget
1611 3846 1818 3900 instru-

242 3931 486 3997 mentis;
518 3931 883 3988 instrumenta
916 3949 1044 3989 vero
1080 3935 1194 3990 haec
1234 3951 1343 3990 non
1383 3936 1566 3990 omnia
1605 3937 1813 3993 similia

240 4027 371 4074 sum
408 4021 579 4090 figura
609 4030 664 4077 et
694 4024 878 4093 specie
898 4063 912 4089 ,
945 4023 1042 4079 sed
1075 4025 1220 4080 aliud
1252 4025 1473 4096 quidem
1503 4042 1717 4082 summa
1758 4027 1813 4082 in

240 4110 467 4179 cuspide
497 4112 549 4165 in
576 4113 691 4183 gyri
725 4113 944 4168 modum
977 4114 1318 4169 el'formatutn
1350 4124 1434 4170 est
1454 4156 1470 4180 ,
1496 4118 1602 4171 alia
1626 4119 1815 4188 cuspi-

238 4201 363 4257 dem
390 4201 592 4257 habent
625 4204 801 4260 instar
826 4220 994 4262 serra:
1014 4244 1030 4270 ,
1060 4207 1164 4260 alia
1190 4208 1388 4279 scalpri
1417 4209 1585 4280 figura
1617 4228 1728 4281 prae
1755 4227 1815 4268 se

239 4289 457 4359 ferunt,
513 4295 619 4349 alia
674 4304 843 4363 sunt,
899 4312 1133 4368 quorum
1186 4298 1360 4356 forma
1406 4304 1810 4360 semicirculum
1847 4329 1889 4382 υ

239 4381 407 4439 refert
438 4402 454 4451 ;
486 4386 669 4441 omnia
699 4396 882 4444 autem
915 4390 1030 4444 haec
1056 4396 1111 4446 et
1138 4391 1265 4445 talia
1296 4381 1544 4463 apposito
1571 4403 1814 4466 tempore

237 4474 437 4532 artiﬁci
466 4477 805 4536 inserviunt:
835 4480 916 4535 sic
943 4496 1073 4537 vero
1107 4493 1295 4537 nostro
1321 4483 1501 4553 opifici
1528 4487 1663 4555 ,qui
1692 4486 1812 4540 ani-

238 4580 357 4619 mas
401 4573 621 4621 nostras
671 4568 809 4623 scite
859 4568 927 4623 ad
978 4569 1072 4626 Dei
1131 4572 1540 4627 similitudinem
1586 4574 1810 4644 ellingit,

237 4656 554 4726 psalmodia:
587 4667 749 4725 sunt,
792 4661 940 4716 velut
976 4661 1276 4734 sculptoria
1314 4664 1563 4738 quazdatn
1601 4664 1808 4721 instru-

237 4755 463 4815 menta;
514 4763 674 4803 usum
729 4759 910 4807 autem
958 4753 1271 4822 hujusmodi
1318 4755 1809 4811 instrumentorum

233 4837 454 4893 ordinat
487 4841 790 4897 necessitas
821 4838 1075 4897 actionis.
1102 4842 1287 4914 Neque
1324 4844 1555 4900 sollicite
1582 4844 1810 4913 inquirit

234 4930 469 4998 artifex,
513 4931 789 5003 quodnam
845 4949 910 4988 ex
967 4934 1076 4988 illis
1128 4935 1505 4990 instrumentis
1544 4936 1698 5005 prius
1732 4937 1807 4991 sit

236 5022 596 5079 fabrefactum
621 5066 636 5090 ,
670 5035 728 5079 ut
755 5025 807 5080 id
834 5027 981 5095 quod
1014 5025 1165 5096 prius
1193 5024 1551 5082 fabrefactum
1585 5036 1705 5094 est,
1736 5028 1808 5084 sit

232 5113 398 5168 etiam
442 5115 676 5183 primum
719 5118 773 5171 in
814 5116 1033 5171 actione
1072 5116 1386 5188 sculptura.
1430 5116 1563 5172 Nam
1602 5119 1695 5189 qui
1737 5119 1805 5175 ad

235 5205 612 5261 necessitatem
645 5214 853 5261 tantum
885 5207 1233 5269 attendit.ille
1265 5207 1496 5278 quodvis
1522 5216 1577 5264 et
1601 5209 1803 5279 primo,

232 5305 290 5350 et
314 5295 557 5351 secundo
580 5337 595 5363 ,
627 5304 682 5352 et
706 5313 1033 5368 quocunque
1062 5299 1170 5354 alio
1198 5300 1315 5356 loco
1344 5299 1610 5367 collocat,
1644 5308 1806 5370 prout

233 5385 429 5443 suadet
456 5403 588 5443 usus
613 5398 668 5443 et
701 5391 1020 5445 necessitas.
1069 5389 1195 5447 Sive
1224 5391 1389 5462 igitur
1419 5392 1507 5445 illa
1533 5407 1655 5463 qua:
1686 5405 1805 5448 cve-

236 5489 438 5536 ncrunt
461 5496 586 5535 cum
615 5479 830 5535 Goliatlt
878 5493 935 5537 et
979 5482 1183 5547 Saule,
1237 5483 1578 5539 collocentur
1627 5484 1804 5555 primo

238 5571 390 5634 loco,
419 5571 533 5626 sive
562 5570 751 5626 ultimo
776 5586 836 5625 ea
867 5588 985 5641 quae
1014 5588 1138 5628 cum
1172 5575 1445 5630 Absalonc
1475 5586 1524 5630 ct
1555 5572 1679 5630 Uria
1712 5590 1802 5629 ac-

1993 1838 2214 1913 Πρῶτον
2248 1838 2494 1912 χωρίζων
2536 1840 2708 1912 ἡμᾶς,
2753 1835 2867 1893 οἷόν
2903 1857 3050 1904 τινος
3081 1839 3360 1911 συμφυοῦς
3398 1841 3505 1894 πέ-

1920 1947 2057 2003 τρας
2094 1931 2193 2001 τῆς
2238 1932 2437 1995 κακίας
2487 1931 2648 2001 λέγω,
2765 1931 2855 1986 διά
2892 1950 3037 1997 τινος
3070 1933 3305 2004 σχέσεως
3355 1927 3507 2003 ἦμεν

1923 2024 2399 2095 προσπεφυκότες·
2453 2017 2575 2078 εἶτα
2626 2023 2945 2093 περικόπτει
2994 2024 3092 2096 τῆς
3143 2024 3271 2093 ὕλης
3304 2023 3375 2077 τά
3402 2041 3508 2078 πε-

1923 2117 2080 2188 ριττά
2098 2134 2111 2147 ο
2147 2116 2285 2187 μετὰ
2308 2116 2464 2171 τοῦτο
2483 2114 2688 2170 τυποῦν
2711 2116 2937 2189 ἄρχεται
2962 2118 3098 2190 πρὸς
3121 2116 3218 2189 τὴν
3240 2118 3508 2188 ὁμοίωσιν

1920 2205 2014 2259 τοῦ
2062 2204 2263 2259 σκοποῦ
2293 2204 2354 2258 τὸ
2408 2205 2728 2278 ἐγκείμενον
2766 2209 2833 2280 τῇ
2876 2207 3214 2279 περιαιρέσει
3233 2208 3340 2261 τῶν
3388 2226 3508 2262 κω-

1920 2295 2151 2349 λυόντων
2176 2294 2274 2367 τὴν
2300 2296 2528 2366 μίμησιν
2555 2310 2569 2325 ’
2593 2298 2687 2349 καὶ
2715 2294 2887 2360 οὕτως
2921 2296 3010 2350 διὰ
3040 2297 3137 2367 τῆς
3167 2296 3505 2364 λεπτοτέρας

1920 2386 2027 2440 τῶν
2085 2386 2371 2457 νοημάτων
2420 2385 2785 2452 διδασκαλίας,
2836 2385 3071 2451 ἐπιξύων
3108 2404 3166 2440 τε
3200 2386 3292 2441 καὶ
3328 2403 3502 2439 κατα-

1919 2476 2143 2530 λεαίνων
2173 2476 2327 2550 ήμῶν
2351 2477 2451 2548 τὴν
2488 2478 2747 2545 διάνοιαν,
2785 2479 2899 2532 τότε
2939 2478 3027 2533 διὰ
3055 2477 3146 2532 τὸν
3171 2478 3270 2549 τῆς
3294 2477 3500 2548 ἀρετῆς

1919 2569 2086 2622 τύπον
2136 2570 2411 2639 ἔμμορφοῖ
2437 2570 2566 2641 ἡμῖν
2594 2569 2684 2623 τὸν
2706 2570 2942 2642 Χριστόν
2962 2587 2975 2601 ’
3001 2564 3060 2624 οὗ
3079 2571 3195 2623 κατ’
3226 2569 3407 2623 εἰκόνα
3436 2571 3502 2637 ἐξ

1918 2661 2092 2732 ἀρχῆς
2141 2676 2203 2712 τε
2236 2655 2379 2731 ἦμεν
2430 2661 2524 2713 καὶ
2572 2661 2735 2717 πάλιν
2784 2660 3067 2731 γινόμεθα.
3105 2661 3201 2726 Τίς
3234 2656 3324 2715 οῦν
3347 2663 3501 2714 ἐστιν

1919 2752 1952 2822 ἡ
1994 2752 2094 2823 τῆς
2139 2750 2350 2822 γλυφῆς
2374 2751 2481 2804 τῶν
2512 2751 2793 2824 ἡμετέρων
2838 2751 3025 2823 ψυχῶν
3069 2751 3257 2821 τάξις;
3301 2751 3389 2805 Ἐν
3415 2752 3499 2823 τῷ

1920 2841 2118 2912 πρώτῳ
2160 2843 2403 2913 τμήματι
2448 2842 2544 2913 τῆς
2572 2842 2912 2913 ψαλμῳδίας,
2948 2844 3048 2914 τῆς
3074 2845 3130 2898 ἐν
3154 2844 3323 2916 κακίᾳ
3346 2845 3500 2915 ζωῆς

1919 2932 2329 3005 ἀπεσχίσθημεν
2352 2951 2364 2964 ο
2402 2934 2460 2985 ἐν
2498 2933 2554 2987 δὲ
2582 2936 2694 2998 τοῖς
2726 2933 2923 3005 ἐφεξῆς
2954 2934 3041 2988 διὰ
3068 2935 3167 3001 τῆς
3196 2934 3499 3006 προσεχοῦς

1845 2996 1887 3051 C
1918 2996 2242 3087 ἀκολουθίας·
2289 3023 2383 3077 ἐπὶ
2420 3023 2479 3076 τὸ
2508 2996 2709 3079 τέλειον
2734 2996 2982 3096 προῆχθη
3009 3028 3040 3096 ὴ
3076 2996 3323 3096 μίμησις.

1920 3133 2094 3170 κειται
2142 3116 2321 3170 τοίνυν
2346 3115 2454 3168 τῶν
2484 3114 2714 3185 ψαλμῶν
2746 3118 2778 3187 ἡ
2818 3117 2991 3183 τάξις,
3026 3117 3211 3188 ἐπειδὴ
3242 3118 3304 3170 τὸ
3334 3135 3500 3171 σπου-

1917 3205 2206 3279 δαζόμενόν
2254 3206 2369 3259 ἐστι
2414 3204 2490 3275 τῷ
2528 3206 2825 3277 Πνεύματι,
2888 3206 3069 3271 καθὼς
3116 3210 3351 3281 εἴρηται,
3396 3211 3498 3279 οὐχ

1922 3298 2161 3368 ἱστορίαν
2190 3298 2334 3369 ἡμᾶς
2373 3297 2580 3363 διδάξαι
2617 3299 2799 3370 ψιλὴν,
2831 3298 2968 3353 ἀλλὰ
2996 3299 3094 3365 τὰς
3126 3300 3304 3372 ψυχὰς
3340 3303 3499 3373 ἡμῶν

1917 3390 1982 3443 δι’
2011 3390 2207 3461 ἀρετῆς
2261 3390 2402 3445 κατὰ
2458 3390 2591 3445 Θεὸν
2659 3391 2970 3464 μορφῶσαιο
3004 3392 3079 3457 ὼς
3148 3394 3397 3465 ἐπιζητεῖ
3433 3396 3499 3448 τὸ

1917 3480 2015 3550 τῆς
2034 3479 2267 3544 διανοίας
2291 3481 2398 3535 τῶν
2429 3482 2486 3535 ἐν
2529 3483 2641 3545 τοῖς
2666 3482 2901 3554 ψαλμοῖς
2935 3483 3342 3556 γεγραμμένων
3364 3485 3499 3538 ἀκό-

1916 3570 2123 3636 λουθον,
2148 3572 2245 3642 οὐχ
2272 3571 2347 3636 ὡς
2372 3573 2667 3644 ὴὶστορικὴ
2696 3573 2943 3644 βούλεται
2970 3574 3278 3629 ἀκολουθία.
3307 3575 3497 3629 Καθά-

1918 3680 2022 3735 περ
2051 3664 2159 3736 γάρ
2192 3664 2285 3717 ἐπὶ
2310 3663 2402 3718 τοῦ
2447 3664 2757 3729 ἐκτεθέντος
2785 3668 2918 3738 ἡμῖν
2943 3664 3038 3720 τοῦ
3070 3668 3212 3721 κατὰ
3238 3667 3337 3739 τὴν
3367 3668 3499 3737 γλυ-

1917 3758 2023 3829 φὴν
2074 3757 2488 3828 ὖποδείγματος,
2531 3757 2740 3813 πολλῶν
2773 3760 2923 3813 ἐστιν
2958 3760 3204 3832 ὀργάνων
3231 3761 3367 3831 «pb;
3394 3759 3496 3831 τὴν

1915 3845 2008 3899 τοῦ
2053 3846 2365 3917 ἀγάλματος
2411 3850 2754 3921 ἀπεργασίαν
2804 3851 2963 3922 χρεία
2997 3854 3062 3921 τῇ
3096 3852 3262 3924 τέχνῃ
3299 3852 3409 3922 (τὰ
3435 3852 3496 3906 δὲ

1913 3935 2120 4008 ὄργανα
2143 3937 2336 4003 ταῦτα,
2358 3939 2456 4009 οὐχ
2475 3938 2676 4011 ὁμοίως
2697 3939 2809 4010 ἔχει
2838 3942 2973 4013 πρὸς
2996 3942 3198 4011 ἄλληλα
3227 3942 3372 3996 κατὰ
3400 3943 3495 3995 τὸν
3562 3930 3565 3933 ’

1912 4025 2082 4079 τύπον
2108 4026 2199 4078 τοῦ
2226 4028 2521 4098 σχήματος,
2550 4026 2686 4082 ἀλλὰ
2716 4029 2777 4082 τὸ
2798 4030 2897 4099 μὲν
2920 4030 3230 4095 ἐλικοειδῶς
3262 4031 3406 4084 κατὰ
3431 4032 3495 4084 τὸ

1913 4114 2081 4185 ἄκρον
2116 4114 2423 4170 τετύπωται
2442 4158 2458 4184 ,
2494 4116 2564 4169 τὰ
2589 4117 2643 4171 δὲ
2675 4117 2946 4189 πριονὼδη
2974 4119 3072 4189 τὴν
3117 4118 3299 4190 ἀκμὴν
3340 4119 3456 4190 ἔχει
3475 4137 3493 4151 ο

1912 4205 2047 4259 ἄλλα
2076 4205 2385 4275 σμιλοειδῶς
2414 4207 2868 4263 κατεσκεύασται.
2916 4208 3149 4276 Ἐτέροις
3198 4214 3494 4282 περιῆκται

1913 4298 1974 4351 τὸ
1997 4294 2137 4361 εἶδος
2163 4301 2242 4361 είς
2268 4298 2617 4369 ἡμικύκλιον.
2654 4300 2841 4354 Πάντα
2879 4299 2937 4354 δὲ
2958 4300 3132 4355 ταῦτα
3163 4302 3258 4355 καὶ
3285 4303 3355 4355 τὰ
3375 4319 3492 4356 τοι·

1912 4387 2073 4452 αῦτα,
2124 4388 2266 4443 κατὰ
2318 4389 2411 4443 τὸν
2462 4390 2593 4443 ἴδιον
2626 4390 2852 4444 ἕκαστον
2884 4390 3073 4463 καιρὸν
3120 4391 3386 4462 ὑπουργεί
3412 4391 3493 4462 τῷ

1912 4480 2149 4550 τεχνίτῃ)
2172 4496 2186 4510 ο
2217 4478 2393 4543 οὕτως
2440 4479 2520 4550 τῷ
2550 4480 2789 4552 ἀληθινῷ
2826 4481 3091 4551 ἐπιστάτῃ
3119 4479 3197 4551 τῷ
3224 4482 3492 4550 τεχνικῶς

1911 4571 2254 4641 διαγλύφοντι
2281 4571 2434 4640 ἡμῶν
2485 4571 2584 4635 τὰς
2609 4572 2789 4644 ψυχάς
2846 4573 2981 4644 πρὸς
3033 4573 3132 4644 τὴν
3189 4571 3284 4626 τοῦ
3329 4572 3489 4626 Θείου

1909 4664 2188 4734 ὁμοίωσιν,
2226 4656 2339 4716 οἷον
2371 4662 2580 4734 ὄργανά
2620 4681 2740 4717 τινα
2777 4663 3133 4733 λιθογλνφικὰ
3186 4664 3243 4716 αἱ
3299 4662 3486 4733 ψαλμ-

1909 4755 2064 4827 ῳδίαι
2094 4754 2638 4826 παρεσκευάσθησαν,
2664 4756 2763 4826 τὴν
2791 4756 2849 4809 δὲ
2872 4756 2980 4809 τῶν
3004 4755 3250 4826 ὁργάνων
3280 4754 3488 4808 τούτων

1910 4845 2104 4916 χρῆσιν
2159 4847 2193 4916 ἡ
2218 4844 2379 4916 χρεία
2408 4845 2507 4916 τῆς
2536 4845 2798 4917 ἐργασίας
2836 4845 2917 4909 είς
2945 4844 3099 4911 τάξιν
3120 4845 3261 4910 άγει.
3295 4843 3405 4896 Καὶ
3424 4843 3488 4896 οὐ

1913 4936 2066 5010 ⁸λέλει,
2095 4934 2174 5008 τῷ
2223 4935 2440 5009 τεχνίτῃ
2468 4934 2963 5007 πολυπραγμονεῖν,
2996 4938 3147 4988 ποῖον
3185 4935 3245 4986 ἐν
3264 4935 3374 4996 τοῖς
3395 4933 3490 5002 ὀρ-

1910 5026 2096 5095 γάνοις
2140 5026 2247 5099 πρὸ
2294 5027 2389 5081 τοῦ
2437 5025 2625 5095 ἐτέρου
2670 5026 3050 5096 κεχάλκευται.
3103 5025 3190 5077 ἵνα
3235 5023 3297 5077 τὸ
3327 5025 3384 5076 ἐν
3417 5026 3487 5094 τῇ

1909 5121 2218 5189 κατασκευῇ
2245 5117 2485 5189 πρῶτον,
2515 5117 2607 5170 καὶ
2634 5118 2693 5170 ἐν
2733 5120 2801 5188 τῇ
2834 5116 3124 5187 συνεργείᾳ
3142 5115 3238 5186 τῆς
3270 5113 3507 5185 γλυφῆςί

1907 5208 2130 5281 γένηται
2150 5206 2384 5279 πρῶτον.
2413 5208 2472 5261 '0
2502 5206 2612 5279 γὰρ
2636 5209 2702 5278 τῇ
2733 5206 2892 5278 χρείᾳ
2926 5207 3228 5278 προσέχων,
3264 5204 3486 5274 πρῶτον

1908 5301 2001 5356 καὶ
2029 5298 2299 5370 δεύτερον,
2347 5298 2439 5352 καὶ
2470 5297 2754 5351 πολλοστὸν
2800 5299 2977 5351 ἐκεῖνο
3005 5297 3164 5353 ποιεῖ,
3192 5294 3221 5347 ὃ
3241 5294 3486 5364 συμϐουο

1906 5393 2049 5446 λεύει
2096 5392 2130 5461 ἡ
2179 5390 2359 5461 χρεία.
2413 5388 2536 5442 Εἴτε
2588 5383 2680 5442 οὖν
2713 5388 2770 5441 ἐν
2820 5385 3056 5457 πρώτοις
3113 5387 3182 5439 τὰ
3222 5386 3366 5439 κατὰ
3390 5386 3487 5439 τὸν

1907 5481 2099 5536 Γολιάο
2132 5482 2223 5536 καὶ
2250 5480 2342 5534 τὸν
2368 5479 2538 5535 Σαούλ
2571 5479 2686 5533 ἐστι
2722 5479 3021 5548 πράγματα
3040 5516 3063 5559 ,ἱ
3083 5478 3190 5530 εἴτε
3234 5478 3292 5529 ἐν
3329 5477 3486 5547 ἐσχά-

1908 5591 2019 5639 τοις
2039 5574 2107 5627 τά
2134 5572 2273 5628 κατὰ
2301 5573 2390 5627 τὸν
2435 5570 2784 5641 Ἀϐεσσαλὼμ
2820 5570 2914 5623 καὶ
2942 5570 3028 5622 τὸν
3063 5569 3286 5638 Οὐρίαν.
3316 5567 3406 5620 καὶ
3435 5569 3488 5621 οί
