3766 5986
66 272 85 282 _
192 212 294 270 se.

1582 200 1648 257 IN
1686 200 2020 258 ΡδΑιΜοδ.

3327 200 3430 254 546

178 325 269 378 τοῦ
300 323 468 378 Χουσὶ
485 323 653 394 λόγοι,
681 320 774 376 καὶ
807 323 840 393 ἡ
869 320 1008 374 κατὰ
1036 320 1135 391 τὴν
1168 320 1439 394 Βερσαὸεὲ
1478 322 1751 393 συντυχία·
1783 328 1828 385 Α
1857 320 2139 386 ciderunt,
2175 343 2179 368 ε

1932 320 2139 386 lerunt,
2175 327 2228 376 et
2256 321 2419 375 verba
2449 317 2618 374 Chusi
2640 359 2655 385 ,
2689 327 2745 374 et
2775 334 3106 389 congressus
3138 333 3264 374 cum
3291 318 3428 374 Ber-

185 416 334 487 μὲλει
390 413 593 468 τούτων
639 412 790 466 οὐδὲν
834 411 914 482 τῷ
957 411 1251 483 μορφοῦντι
1290 412 1379 467 διὰ
1421 412 1624 467 τούτων
1651 412 1750 477 τὰς

182 508 400 578 καρδίας
455 505 647 578 ἡμῶν,
695 506 812 560 ἀλλ’
865 507 1012 569 ὃπως
1046 506 1113 560 ἄν
1157 506 1226 559 δι’
1273 506 1504 561 ἑκάστου
1549 506 1753 561 τούτων

182 596 388 664 γένοιτό
434 612 521 659 τις
571 595 709 667 πρὸς
753 594 1064 664 τδ,ἀγαθδν
1090 596 1221 665 ἡμῖν
1272 595 1557 666 συνεργία.
1608 595 1752 665 Πρὸς

181 688 334 743 τοῦτο
377 687 565 758 βλέπει
619 687 713 741 καὶ
763 688 797 757 ὴ
842 685 979 757 πρὸς
1013 685 1111 757 τὴν
1145 686 1416 756 σωτηρίαν
1441 684 1749 739 άκολουθία⁶

180 781 272 833 καὶ
321 772 475 845 τάξις
530 776 727 849 ἀρίστη
754 776 963 845 γίνεται
1000 777 1110 830 τῶν
1137 777 1218 839 είς
1261 776 1393 831 αὐτὸ
1435 775 1594 830 τοῦτο
1627 791 1752 829 συν-

181 871 483 942 εργούντων
503 862 635 941 ἡμῖν
674 868 963 922 ἀκολουθία
991 867 1085 922 καὶ
1109 867 1280 932 τάξις.
1309 861 1454 931 Οἷον,
1491 868 1520 921 6
1543 866 1755 938 πρῶτος

179 961 482 1030 ἀπέστησεν
513 960 614 1032 τῆς
650 960 789 1031 πρὸς
828 959 889 1013 τὸ
920 959 1090 1012 κακὸν
1129 958 1400 1029 συμφυΐας
1428 957 1518 1012 τὸν
1543 956 1754 1029 ἀνθρω-

181 1071 297 1107 πον.
340 1055 398 1106 '0
430 1052 703 1123 δεύτερος,
747 1050 853 1104 τίνι
895 1049 1391 1122 προσκολληθῶμεν
1440 1050 1753 1117 ὑπέδειξεν,

178 1143 277 1216 τὴν
305 1144 394 1198 διὰ
434 1144 636 1216 σαρκὸς
660 1142 755 1197 τοῦ
789 1143 997 1213 Κυρίου
1043 1141 1400 1212 προμηνύσας
1431 1141 1749 1212 ἐμφάνειαν,

178 1237 274 1291 καὶ
326 1234 526 1300 δείξας,
563 1235 644 1289 ὃτι
699 1234 857 1288 τοῦτό
915 1234 1030 1287 ἐστι
1081 1233 1352 1303 μακάριον
1385 1232 1446 1310 τζ)
1484 1234 1570 1285 ἐπ’
1608 1232 1755 1305 αὐτῷ

179 1326 515 1383 πεποιθέναι.
575 1327 636 1381 '0
677 1326 878 1398 τρίτος,
939 1326 1031 1379 τὸν
1064 1325 1215 1397 παρά
1265 1324 1356 1379 τοῦ
1438 1324 1632 1397 ἐχθροῦ
1671 1343 1755 1379 σοι

180 1418 539 1488 ἐφιστάμενον
560 1417 863 1487 πειρασμὸν
906 1413 1264 1487 προμηνύσει.
1310 1416 1397 1478 Ὠς
1423 1414 1521 1486 ἢδη
1550 1431 1607 1467 σε
1637 1431 1751 1484 χρι-

182 1503 374 1556 σθέντα
403 1503 483 1564 εἰς
516 1501 788 1571 βασιλείαν
836 1500 923 1554 διὰ
950 1500 1049 1569 τῆς
1083 1500 1337 1563 πίστεως,
1369 1499 1463 1552 καὶ
1511 1498 1591 1569 τῷ
1619 1500 1753 1569 άλη-

178 1592 309 1662 θινῷ
347 1591 570 1665 Χριστῷ
620 1590 1106 1663 συμϐασιλεύοντα,
1137 1590 1236 1644 οὐκ
1265 1589 1460 1656 ἔξωθεν
1493 1590 1758 1660 ἐπιχειρεῖ

177 1683 270 1738 τοῦ
306 1681 619 1753 ἀξιώματός
655 1699 716 1735 σε
765 1682 1070 1747 ἐκϐάλλειν,
1113 1680 1227 1734 ἀλλ’
1261 1681 1322 1751 ἐξ
1349 1679 1509 1733 αὐτοῦ
1538 1680 1630 1733 τοῦ
1662 1679 1755 1734 σοῦ

179 1773 489 1844 γενόμενος.
537 1773 610 1826 Οὐ
650 1772 762 1844 γὰρ
816 1772 1081 1843 ἑτέρωθεν
1132 1770 1244 1841 ἔχει
1290 1770 1388 1841 τὴν
1442 1770 1592 1840 ίσχὺν
1634 1770 1755 1824 καθ’

179 1864 335 1935 ἡμῶν
396 1863 427 1915 6
480 1862 757 1933 πολέμιος,
795 1862 915 1916 οὐδὲ
963 1862 1094 1934 παρ’
1125 1861 1286 1916 ἄλλου
1339 1859 1482 1924 τινὸς
1519 1860 1628 1913 ἀπὸ
1660 1858 1756 1912 τοῦ

180 1954 492 2025 ἀξιώματος
555 1951 947 2023 ὲκὸαλλόμεθα,
996 1952 1045 2004 εί
1097 1951 1171 2023 μὴ
1216 1950 1368 2005 αὐτοὶ
1407 1951 1640 2021 πατέρες
1664 1948 1756 2003 τοῦ

181 2043 353 2097 κακοῦ
379 2044 715 2114 γεννήματος
737 2042 827 2096 διά
851 2042 951 2112 τῆς
974 2043 1222 2114 πονηρᾶς
1243 2041 1430 2105 ὠδῖνος
1446 2041 1754 2111 γενοίμεθα.

185 2135 282 2198 ’ος
302 2133 549 2204 ἀνταίρει
577 2135 641 2204 τῇ
666 2132 912 2204 βασιλείᾳ
937 2131 1117 2205 ἡμῶν,
1146 2132 1239 2186 καὶ
1264 2133 1618 2186 ἐπανίσταται
1637 2131 1759 2185 τότε

181 2225 301 2279 καθ’
331 2224 490 2296 ἡμῶν
539 2224 605 2278 τὸ
663 2224 864 2296 κράτος
914 2222 1227 2295 λαμϐάνων,
1257 2224 1385 2278 ὅταν
1424 2223 1625 2295 μολύνῃ
1663 2221 1760 2285 τὰς

183 2314 538 2379 συνοικούσας
574 2316 728 2385 ἡμῖν,
756 2317 814 2368 ἐν
851 2314 1101 2389 ὑπαίθρῳ
1152 2316 1214 2369 τὸ
1249 2317 1379 2384 ἄγος
1424 2314 1761 2385 κατεργασά-

186 2424 345 2478 μενος
368 2423 382 2437 ·
410 2406 557 2460 τοῦτ’
596 2406 764 2470 ἐστιν,
803 2407 930 2460 ὅταν
951 2407 1014 2478 δη
1022 2405 1282 2478 μοσιεύσῃ
1305 2406 1402 2478 τὴν
1420 2407 1526 2459 τῶν
1549 2405 1761 2476 ἀρετῶν

182 2498 340 2570 ἡμῶν
373 2495 693 2567 διαφθοράν,
723 2489 811 2559 αἶς
834 2513 964 2550 ποτε
989 2498 1403 2567 συνῳκήσαμεν.

268 2758 420 2810 Ἐπεὶ
444 2751 541 2812 οὖν
594 2758 655 2811 ἐν
695 2760 807 2823 τοῖς
840 2757 1076 2830 πρώτοις
1132 2758 1286 2813 οῦπω
1315 2762 1603 2816 τετὸνωται
1629 2764 1764 2833 πρὸς

181 2847 310 2910 τοὺς
340 2847 556 2914 ἀγῶνας
604 2849 736 2918 ἡμῖν
779 2849 812 2919 ή
856 2847 1106 2920 δύναμις,
1149 2850 1226 2914 ώς
1258 2852 1400 2906 κατά
1451 2853 1624 2924 στόμα
1645 2855 1764 2917 ταῖς

185 2937 512 3009 προσϐολαῖς
571 2937 667 2991 τοῦ
717 2938 996 3010 ἀλλοτρίου
1060 2940 1487 3011 συμπλέκεσθαι,
1533 2942 1628 2996 καὶ
1669 2942 1763 2996 τοῦ

1852 415 2047 476 sabee,
2086 404 2221 467 nihil
2250 412 2442 466 horum
2475 426 2621 466 cura:
2646 418 2731 465 est
2762 411 2875 475 illi,
2907 412 3002 481 qui
3031 411 3196 466 corda
3237 419 3429 466 nostra

1852 519 1949 574 per
1977 504 2091 557 haec
2124 501 2366 569 format;
2419 501 2513 557 sed
2560 500 2613 556 id
2665 501 2841 557 solum
2894 500 3241 569 considerat,
3292 516 3431 571 quo-

1851 592 2011 648 modo
2056 591 2285 662 singulis
2321 591 2516 645 horum
2556 590 2623 644 ad
2668 590 2927 645 virtutem
2979 588 3283 659 adjumenti
3331 590 3431 642 ali-

1854 684 1984 756 quid
2016 682 2245 738 afferat:
2279 679 2345 736 ad
2371 681 2516 753 quod
2554 682 2719 736 etiam
2751 681 2870 750 ipse
2912 679 3110 735 salutis
3141 680 3278 733 ordo
3311 686 3432 733 ten-

1851 775 1933 830 dit
1961 795 1974 830 :
2011 774 2360 845 optimusque
2389 774 2524 829 ordo
2557 781 2642 830 est
2673 773 2995 828 continuata
3030 771 3204 828 series
3238 786 3429 826 eorum

1851 880 1971 935 qua:
1999 863 2066 918 ad
2108 864 2212 919 hoc
2242 864 2419 935 ipsum
2453 864 2657 935 aliquid
2697 866 2816 934 opis
2855 862 3236 918 eontribuunl.
3264 860 3428 916 Verbi

1852 954 2025 1025 gratia
2045 992 2059 1016 ,
2087 954 2294 1023 primus
2318 954 2563 1024 psalmus
2598 953 2821 1007 abducit
2854 951 3128 1006 hominem
3160 965 3190 1003 a
3220 965 3429 1019 cogna-

1853 1044 2021 1105 tione,
2050 1058 2210 1112 quam
2242 1057 2366 1096 cum
2399 1043 2542 1097 malo
2580 1041 2897 1108 contraxit;
2927 1039 3206 1095 secundus
3245 1048 3430 1092 osten-

1852 1131 1964 1196 dit,
2015 1132 2101 1186 cui
2151 1132 2222 1186 sit
2252 1131 2671 1197 adhaerendum,
2736 1130 2865 1185 dum
2918 1130 2991 1185 ob
3034 1128 3226 1184 oculos
3276 1128 3431 1198 ponit

1852 1218 2056 1278 Christi
2094 1222 2152 1277 in
2179 1236 2344 1278 carne
2394 1223 2926 1287 manifestationem,
2965 1221 3240 1291 simulque
3271 1221 3431 1275 docet

1855 1306 2108 1362 fiduciam
2145 1322 2270 1377 erga
2311 1310 2487 1379 ipsum
2540 1310 2929 1366 beatitudinem
2973 1318 3215 1365 nostram
3262 1325 3428 1376 esse;

1852 1400 2047 1453 tertius
2081 1400 2316 1469 explicat
2347 1400 2447 1455 tibi
2477 1401 2847 1456 imminentem
2880 1402 2949 1455 ah
2985 1402 3141 1457 hoste
3174 1403 3431 1457 tentatio-

1854 1502 2000 1543 nem.
2032 1489 2217 1560 Itaque
2245 1497 2297 1545 te
2325 1490 2436 1560 jam
2469 1503 2691 1546 unctmn
2730 1494 2783 1547 in
2816 1509 2996 1564 regem
3028 1509 3124 1564 per
3152 1495 3310 1548 fidem
3332 1535 3346 1559 ,
3378 1490 3433 1549 et'

1857 1596 1981 1637 cum
2029 1595 2157 1636 vero
2198 1589 2365 1637 uncto
2397 1592 2711 1654 regnantem
2736 1627 2750 1648 ,
2808 1584 3049 1654 dejicere
3093 1596 3325 1641 conatur
3365 1587 3433 1642 de

1789 1660 1828 1719 Β
1858 1679 2023 1727 tanta:
2054 1671 2334 1742 dignitatis
2361 1672 2612 1743 fastigio,
2650 1691 2756 1727 non
2788 1674 2922 1730 foris
2943 1717 2957 1743 ,
2991 1675 3084 1730 sed
3117 1690 3180 1729 ex
3221 1684 3273 1730 te
3311 1677 3432 1746 ipso

1859 1762 2170 1818 exsistens:
2199 1777 2307 1816 non
2336 1763 2481 1818 enim
2514 1761 2734 1817 aliunde
2766 1763 2872 1816 vim
2908 1770 3099 1817 contra
3136 1777 3237 1817 nos
3266 1763 3432 1817 habet

1856 1852 2263 1921 hostis,neque
2294 1852 2362 1906 ab
2413 1851 2521 1906 alio
2563 1852 2800 1922 quodam
2849 1867 2915 1906 ex
2965 1851 3227 1921 dignitate
3279 1860 3431 1921 parta

1856 1943 2227 2009 exturbamur,
2260 1943 2367 1997 nisi
2395 1956 2496 1997 nos
2524 1943 2625 2012 ipsi
2655 1943 2784 1997 mali
2818 1943 2983 2012 hujus
3011 1945 3193 2010 gnati,
3227 1944 3432 2003 infelici

1859 2046 2048 2105 partu,
2099 2037 2257 2105 quasi
2315 2043 2500 2106 patres
2556 2037 2787 2100 fiamus,
2835 2037 2927 2108 qui
2967 2038 3023 2093 in
3062 2054 3289 2109 regnum
3332 2054 3432 2092 no-

1859 2135 2032 2183 strum
2069 2127 2304 2197 insurgit
2336 2135 2391 2181 et
2437 2142 2585 2179 arma
2639 2129 2814 2198 capit,
2859 2130 2968 2198 qui'
3001 2138 3130 2185 tunc
3165 2130 3432 2185 adversus

1858 2232 1960 2270 nos
1988 2216 2330 2286 potissimum
2360 2216 2676 2282 invalescit,
2706 2232 2828 2270 cum
2857 2219 3309 2272 contaminaverit
3336 2233 3463 2294 eas_

1859 2320 1980 2376 qua:
2018 2307 2302 2360 nobiscum
2341 2306 2624 2370 habitant,
2679 2306 2799 2360 luce
2851 2308 3059 2376 palam,
3107 2319 3170 2383 et
3210 2307 3262 2363 in
3315 2324 3434 2362 om-

1862 2398 2015 2452 nium
2066 2405 2400 2466 conspectu,
2456 2403 2609 2449 tanto
2658 2397 2874 2466 piaculo
2925 2406 3270 2466 perpetrato,
3331 2398 3434 2452 hoc

1861 2496 1982 2551 est,
2015 2487 2235 2557 quando
2267 2486 2332 2540 ad
2364 2486 2641 2557 publicum
2692 2486 2840 2540 velut
2898 2495 3166 2554 quaestum
3212 2489 3434 2560 exponit

1862 2580 2130 2633 virtutum
2192 2586 2506 2632 nostrarum
2563 2576 3001 2647 corruptionem,
3059 2576 3257 2647 quibus
3303 2577 3431 2632 olim

1863 2665 2226 2723 cohabitavim
2238 2681 2320 2720 us.

1932 2755 2068 2811 Cum
2102 2757 2264 2826 igitur
2293 2755 2362 2810 ab
2396 2754 2553 2810 initio
2604 2755 2783 2810 virtus
2829 2763 3016 2810 nostra
3065 2757 3307 2812 nondum
3359 2757 3432 2811 ita

1865 2848 1930 2903 ad
1966 2861 2202 2918 pugnam
2241 2847 2312 2902 sit
2343 2846 2729 2911 corroborata,
2768 2852 2825 2899 ut
2869 2849 3057 2917 aperte
3101 2856 3155 2903 et
3195 2849 3339 2903 velut
3377 2849 3433 2904 in

1869 2937 2059 2994 faciem
2091 2938 2438 3008 impressioni
2478 2937 2650 2993 hostis
2696 2937 2954 2993 resistere
2983 2938 3296 3003 valeamus,
3336 2941 3435 2996 sed

186 3031 381 3099 φυγεῖν
407 3029 502 3082 τοῦ
532 3029 775 3083 τοιούτου
811 3031 911 3099 τὴν
951 3028 1161 3099 ἔφοδον,
1189 3031 1251 3083 οὐ
1285 3032 1478 3103 μικρὸν
1516 3034 1595 3097 είς
1620 3033 1762 3102 ώφέ-
1789 3017 1831 3075 C
1868 3044 2090 3084 necesse
2120 3029 2179 3083 sil

1936 3044 2090 3083 cesse
2120 3029 2191 3083 sit
2231 3027 2416 3098 fugere
2445 3027 2759 3096 hujusmodi
2800 3026 3148 3094 conﬂictum,
3191 3028 3298 3083 non
3340 3044 3437 3100 pa-

185 3114 335 3168 λιιαν
381 3118 494 3178 τοῖς
541 3113 966 3187 πολεμουμένοις
990 3118 1027 3170 ‘6
1068 3117 1224 3186 λόγος
1249 3118 1526 3185 ὑπέδειξεν
1551 3120 1639 3174 διὰ
1665 3121 1760 3175 τοῦ

185 3204 333 3262 νατά
368 3203 468 3276 τὴν
499 3205 723 3276 Γραφὴν
746 3205 1163 3277 ὑποδείγματος,
1203 3208 1360 3263 τοῦτό
1388 3226 1447 3263 σε
1469 3211 1759 3279 διδάσκων,

184 3297 269 3350 ὅτι
295 3298 427 3351 ὅταν
460 3314 539 3350 σοι
564 3296 790 3367 γένηται
839 3297 1199 3371 Ἀϐεσσαλὼμ
1221 3302 1250 3354 6
1283 3303 1350 3372 τῇ
1374 3300 1539 3374 κακίᾳ
1554 3301 1760 3373 κομῶν,

185 3390 216 3441 6
260 3387 678 3458 ἀδελφοκτόνος,
732 3390 855 3444 τότε
916 3389 1117 3462 τιμίοις
1159 3407 1254 3444 σου
1316 3393 1515 3462 γάμοις
1561 3392 1657 3446 καὶ

184 3477 443 3549 ἀμιάντῳ
490 3478 644 3553 κοίτῃ
691 3479 1081 3552 ἐπιλυσσήσας,
1120 3478 1310 3551 φεῦγε,
1335 3481 1517 3547 καθώς
1549 3499 1712 3552 φησιν
1733 3483 1764 3536 6

186 3567 416 3638 Κύριος,
479 3569 588 3621 ἀπὸ
610 3561 843 3634 ’πόλεως
874 3571 955 3634 είς
986 3570 1161 3625 πόλιν.
1202 3572 1291 3625 Ἐν
1330 3572 1437 3644 γὰρ
1471 3571 1550 3642 τῷ
1573 3571 1762 3626 ἀποδι-

185 3657 449 3730 δράσκειν
502 3658 613 3712 ἀπὸ
688 3658 977 3735 προσώπου
1050 3659 1403 3733 Ἀϐισσαλὼμ
1457 3662 1627 3731 ἐστιν,
1667 3661 1762 3717 τοῦ

186 3747 434 3802 τοιούτου
461 3748 599 3811 υἱοῦ,
618 3748 709 3804 τὸν
726 3748 1117 3821 συλλεξάμενοι]
1161 3750 1353 3805 ἑαυτοῦ
1381 3749 1480 3814 τὰς
1509 3750 1765 3822 δυνάμεις

187 3846 258 3916 τῇ
317 3842 579 3914 συνεργίᾳ
619 3842 713 3897 τοῦ
773 3842 931 3909 ξύλου
977 3845 1073 3900 τοῦ
1111 3847 1169 3900 ἐν
1200 3846 1348 3917 αὐτῷ
1387 3846 1487 3918 τὴν
1521 3849 1765 3919 πονηράν

187 3934 360 3990 αὑτοῦ
390 3936 567 4006 κόμην
597 3934 924 4006 ἐκδήσαντος
941 3974 957 4001 ,
989 3936 1078 3990 διὰ
1118 3936 1226 3991 τῶν
1253 3935 1420 4006 τριῶν
1454 3938 1623 4010 βελῶν
1668 3939 1764 3992 άν-

187 4029 335 4082 ελετν
377 4029 469 4083 τὺν
512 4028 791 4099 πολέμιον.
821 4029 990 4100 Δῆλον
1014 4029 1072 4084 δέ
1098 4047 1181 4084 σοι
1207 4030 1424 4096 πάντως
1453 4033 1569 4086 ἐστὶ
1594 4032 1656 4085 τὸ
1676 4031 1764 4086 διά

187 4118 292 4188 τῆς
342 4118 580 4190 ἱστορίας
636 4118 1085 4191 ὑποδεικνύμενον
1125 4122 1369 4192 αἴνιγμα,
1401 4124 1552 4175 ποῖον
1590 4124 1765 4176 ἐκεῖνο

186 4208 254 4260 τὸ
285 4206 465 4272 ξύλον,
564 4207 890 4280 προσηλώθη
943 4210 1042 4280 τῆς
1073 4210 1272 4271 κακίας
1310 4212 1343 4281 ἡ
1379 4213 1545 4282 κόμη.
1574 4213 1710 4283 ὅπερ
1736 4212 1765 4264 6

203 4299 528 4363 ’Δπόστολος
577 4299 1249 4372 χειρόγραφον-ἁμαρτιῶν
1280 4301 1552 4369 ὀνομάζει,
1583 4303 1765 4367 καθώς

1869 3135 1987 3174 rum
2055 3118 2305 3174 utilitatis
2365 3119 2433 3173 iis
2485 3119 2579 3189 qui
2630 3118 2773 3173 bello
2828 3127 3179 3189 appetuntur,
3220 3119 3437 3174 divinus

1868 3224 2049 3267 sermo
2096 3226 2193 3280 per
2247 3211 2474 3265 allatum
2530 3207 2828 3279 Scriptura:
2871 3211 3176 3282 exemplum
3222 3213 3435 3277 attulit,

1867 3299 1972 3354 hoc
2020 3298 2273 3353 videlicet
2310 3306 2364 3353 te
2415 3298 2653 3365 docens,
2705 3307 2764 3351 ut
2809 3298 3027 3367 quando
3059 3299 3438 3354 tibi‘nascitur

1866 3389 2102 3445 Absalon
2127 3429 2140 3452 ,
2173 3390 2396 3444 malitia:
2444 3392 2594 3446 velut
2623 3378 2778 3445 coma
2827 3390 3058 3460 insignis
3081 3432 3096 3457 ,
3140 3389 3438 3462 fratrisque

1868 3480 2205 3544 interfector,
2234 3481 2436 3550 quique
2463 3480 2778 3535 venerando
2808 3488 2904 3534 tuo
2948 3480 3108 3535 thoro
3148 3489 3202 3536 et
3243 3481 3437 3536 imma-

1868 3571 2051 3626 culato
2073 3570 2236 3626 cubili
2268 3571 2475 3625 furiose
2516 3570 2775 3634 insultet,
2805 3569 2982 3641 fugias
3007 3608 3023 3634 ,
3073 3576 3134 3624 ut
3175 3569 3438 3629 Dominus

1869 3662 2085 3727 monet,
2113 3661 2181 3717 de
2210 3661 2431 3716 civitate
2464 3661 2516 3715 in
2555 3661 2831 3716 civitatem
2868 3662 2934 3715 ".
2982 3656 3261 3732 Fugiendo
3289 3664 3437 3719 enim

1869 3768 1900 3808 a
1933 3752 2070 3810 facie
2100 3753 2390 3810 Absalonis
2421 3754 2547 3830 talis
2587 3754 2722 3821 lilii,
2765 3753 3117 3825 cogendoque
3163 3755 3218 3810 in
3265 3768 3436 3811 unum

1869 3845 2057 3917 copias
2091 3853 2245 3909 tuas,
2273 3858 2376 3915 ope
2408 3843 2577 3915 ligni,
2600 3845 2747 3916 quod
2781 3845 2835 3899 in
2865 3845 3045 3916 seipso
3074 3846 3436 3917 perniciosam

1870 3937 2016 3991 illam
2046 3948 2256 3991 comam
2284 3937 2479 4008 religat
2503 3946 2554 3993 et
2588 3939 2879 4008 appendit,
2928 3940 3103 3996 tribus
3146 3940 3271 3996 telis
3310 3939 3441 3995 lice-

1870 4026 1949 4080 bit
1980 4027 2078 4081 tibi
2122 4027 2389 4097 perimere
2424 4027 2721 4082 inlmicum‘.
2768 4028 3047 4084 Neminem
3083 4031 3240 4096 latet,
3272 4047 3439 4102 quor-

1871 4130 1992 4173 sum
2025 4118 2127 4173 hoc
2158 4131 2222 4173 ex
2264 4117 2615 4173 historiarum
2648 4121 3013 4175 monumentis
3043 4121 3269 4190 aenigma
3304 4121 3439 4189 peti-

1872 4218 1983 4263 tum
2004 4212 2303 4281 pertineat,
2332 4218 2386 4265 et
2405 4210 2565 4281 quale
2587 4212 2791 4282 lignum
2819 4211 2923 4274 sit',
2948 4212 3033 4266 cui
3062 4211 3218 4282 quasi
3245 4212 3436 4279 clavis,

1873 4300 2093 4354 malitiae
2126 4314 2281 4355 coma
2319 4300 2473 4354 aﬂixa
2508 4309 2626 4366 est,
2662 4300 2805 4371 quod
2850 4301 3270 4372 chirographum
3311 4318 3439 4372 pec.

186 4407 395 4463 φησιν,
430 4390 512 4444 ὅτι
567 4365 679 4444 καὶ-
1153 4393 1215 4445 ἐκ
1246 4392 1341 4446 τοῦ
1375 4365 1560 4465 μέσου,
1597 4365 1767 4466 προσλ
1798 4365 1841 4421 D
1870 4395 2114 4443 calorum
2146 4403 2179 4441 n

1937 4395 2114 4441 torum
2146 4388 2462 4441 nominatur
2491 4389 2557 4443 ab
2585 4365 2873 4458 Apostolo,
2907 4365 3201 4460 qui‘et‘ait
3227 4407 3242 4446 :
3271 4409 3290 4444 ι
3311 4365 3437 4448 lloc

184 4479 413 4551 ηλώσας
437 4478 517 4550 τῷ
541 4479 758 4552 σταυρῷ
779 4496 792 4510 ³
832 4500 850 4533 ι
884 4480 1028 4535 τοῦτ’
1061 4482 1207 4536 ἐστιν
1234 4482 1311 4554 τῷ
1343 4483 1503 4555 ξύλῳ.
1546 4485 1653 4539 Καὶ
1680 4487 1763 4550 τίς

187 4572 223 4640 ἡ
259 4569 374 4623 τῶν
434 4568 603 4639 βελῶν
655 4570 890 4641 τριὰς,ή
934 4570 1107 4642 μέσην
1134 4566 1401 4643 βάλλουσα
1431 4573 1525 4626 τοῦ
1567 4572 1762 4645 ἐχθροῦ

185 4659 287 4732 τὴν
315 4659 563 4731 καρδίαν,
592 4661 658 4714 δι’
685 4655 754 4732 ἦς
774 4661 984 4730 γίνεται
1006 4660 1102 4714 τοῦ
1131 4661 1358 4732 ἐσχάτου
1393 4662 1588 4735 ἐχθροῦ
1614 4665 1643 4717 6
1669 4663 1765 4717 θά-

186 4767 392 4817 νατοςς
435 4751 523 4814 Ὠς
542 4751 587 4803 δ’
617 4751 684 4805 ἂν
739 4751 949 4822 καίριον
989 4750 1214 4821 γένηται
1246 4753 1376 4823 ἡμῖν
1416 4752 1478 4806 τὸ
1514 4753 1642 4825 περὶ
1669 4752 1765 4807 τοῦ

189 4842 389 4912 βέλους
402 4842 600 4914 νόημα,
626 4843 692 4913 τῇ
719 4843 1029 4912 προφητείᾳ
1045 4841 1139 4896 τοῦ
1164 4843 1387 4896 Ἠσαίου
1411 4844 1767 4913 προσέξομεν,

186 4935 250 4997 ὃς
271 4950 440 5004 φησιν
458 4935 524 4989 ἐκ
546 4933 838 5007 προσώπου
858 4934 1176 5006 κυρίου,ὃτι
1203 4953 1222 4986 ι
1236 4934 1470 5004 Ἐθηκέν
1499 4953 1565 5006 με
1590 4936 1669 5000 ὡς
1682 4935 1770 5007 pg-

186 5025 284 5090 λος
310 5025 587 5087 cunmm,
614 5025 707 5079 καὶ
728 5028 787 5080 ἐν
809 5028 877 5097 τῇ
907 5027 1155 5100 φαρέτρα
1181 5025 1345 5080 αὑτοῦ
1380 5024 1594 5096 ῦψωσέν
1620 5044 1708 5097 με.
1742 5044 1762 5080 ι

187 5115 369 5170 Τοῦτο
388 5117 568 5171 τοίνυν
592 5117 655 5170 τδ
682 5116 882 5187 βέλος,‹
900 5118 931 5172 6
952 5115 1059 5182 ζῶν
1081 5136 1100 5170 ι
1123 5117 1217 5172 τοῦ
1239 5116 1432 5190 κυρίου
1453 5117 1610 5188 λόγος
1629 5118 1764 5182 ἐστὶ,

187 5214 286 5267 καὶ
311 5231 333 5264 ι
376 5210 686 5284 τομώτερος
713 5213 856 5286 ὑπὲρ
887 5219 1066 5270 πᾶσαν
1098 5214 1373 5285 μάχαιραν
1427 5211 1698 5282 δίστομονο
1736 5227 1756 5264 ι

183 5301 218 5353 6
253 5298 313 5352 δὲ
358 5298 517 5368 λόγος
557 5298 707 5354 ἐστὶν
731 5303 760 5354 6
780 5301 1014 5372 Χριστός
1037 5317 1053 5333 ο
1079 5301 1158 5372 τῷ
1174 5303 1231 5356 δὲ
1256 5301 1480 5372 ὀνόματι
1500 5299 1674 5371 τούτῳ
1700 5299 1762 5354 τὸ

185 5389 291 5460 τῆς
332 5388 563 5458 Τριάδος
611 5388 950 5458 ὁμολογεῖται
1000 5392 1313 5462 μυστήριον.
1356 5391 1446 5444 Ἑν
1482 5381 1527 5457 ᾧ
1551 5389 1764 5443 καὶτὸν

186 5480 482 5552 χρισθέντα
528 5480 623 5535 καὶ
652 5480 747 5535 τὸν
794 5482 1074 5554 χρίσαντα,
1106 5483 1199 5537 καὶ⁸
1223 5482 1284 5536 τὸ
1312 5474 1356 5551 ᾧ
1380 5482 1603 5553 ἐχρίσθη
1623 5481 1765 5536 διδα-

258 5618 305 5649 ⁶¹
338 5616 529 5671 Matth.
558 5633 612 5682 ς,
647 5615 749 5683 25;
791 5614 831 5670 ll
860 5614 993 5686 Reg.
1024 5632 1178 5684 xvut,
1206 5616 1239 5672 9
1270 5634 1392 5689 sqq.

1866 4493 1898 4535 e
1930 4478 2110 4532 medio
2139 4478 2411 4534 sublatum
2433 4517 2449 4541 ,
2482 4479 2743 4550 crneique
2773 4478 2989 4535 affixum
3036 4498 3157 4538 esse
3189 4483 3253 4550 ⁸³,
3285 4502 3304 4536 ι
3333 4485 3435 4540 hoc

1867 4575 1951 4625 est
1999 4570 2163 4638 ligno.
2208 4567 2274 4623 Et
2316 4584 2561 4640 quaenam
2592 4577 2679 4625 est
2719 4569 2811 4623 illa
2848 4573 2983 4627 trias
3015 4574 3283 4640 telorum,
3314 4590 3437 4644 qua:

1871 4660 2106 4715 medium
2144 4659 2317 4715 hostis
2351 4667 2544 4731 pectus
2578 4661 3022 4726 transverberat,
3053 4680 3175 4733 quas
3204 4676 3435 4720 mortem

1864 4750 2051 4822 jurato
2078 4760 2131 4807 et
2159 4752 2378 4823 capitali
2407 4751 2551 4807 hosti
2585 4750 2785 4807 aﬂ'ert?
2816 4751 2881 4806 Ut
2915 4754 3004 4808 teli
3038 4753 3203 4824 hujus
3233 4755 3434 4810 intelli-

1866 4844 2106 4916 gentiam
2139 4845 2425 4901 commode
2456 4861 2835 4917 assequamur,
2873 4845 3116 4900 animum
3150 4842 3435 4903 advertere

1865 4941 2078 5004 ‘oportet
2117 4935 2183 4988 ad
2219 4936 2557 5006 prophetiam
2591 4938 2780 4999 Isaiae,
2816 4937 2907 5006 qui
2943 4952 3006 4992 ex
3056 4951 3287 5005 persona
3329 4935 3434 4992 Do-

1863 5026 1995 5081 mini
2026 5027 2131 5081 ait:
2157 5045 2175 5078 t
2202 5026 2389 5083 Posuit
2421 5044 2506 5084 me
2535 5028 2697 5083 telum
2725 5029 2956 5084 electum
2979 5067 2994 5092 ,
3018 5037 3070 5083 et
3098 5028 3151 5082 in
3178 5028 3433 5099 pharetra

1864 5131 1963 5173 sua
1995 5110 2253 5172 exaltavit
2282 5132 2368 5173 me
2396 5119 2461 5173 “.
2500 5138 2517 5173 ι
2544 5118 2656 5175 Hoc
2686 5120 2850 5190 igitur
2877 5120 3040 5174 telum
3061 5161 3077 5183 ,
3107 5128 3191 5174 est
3221 5117 3434 5174 Domini

1867 5220 2085 5272 sermo,
2122 5225 2143 5259 ι
2177 5207 2370 5275 vivus,
2422 5211 2810 5280 penetrabilior
2857 5211 3004 5265 omni
3050 5208 3231 5281 gladio
3282 5208 3435 5264 anci-

1870 5299 1966 5369 piti
1993 5297 2077 5352 “z
2111 5317 2130 5351 ι
2155 5312 2334 5354 sermo
2380 5310 2560 5356 autem
2615 5303 2719 5358 iste
2768 5301 3018 5356 Chrisms
3046 5312 3133 5366 est
3149 5343 3165 5368 ,
3196 5316 3303 5371 quo
3334 5315 3437 5355 no-

1870 5390 2017 5445 mine
2068 5387 2352 5447 Trinitatis
2411 5392 2726 5463 mysterium
2784 5393 3140 5466 significatur.
3197 5392 3438 5448 Revoca!

1870 5481 2013 5537 enim
2047 5481 2101 5537 in
2133 5492 2464 5549 mentem,et
2497 5500 2620 5541 eum
2653 5485 2744 5556 qni
2780 5488 2955 5550 unxit,
2978 5495 3032 5543 et
3058 5502 3181 5544 eum
3212 5485 3303 5558 qui
3330 5500 3435 5564 un-

1470 5617 1515 5650 “
1545 5616 1759 5674 Coloss.
1792 5630 1855 5681 ιι,
1892 5615 1975 5669 14.
2054 5616 2099 5649 ⁸⁵
2124 5615 2228 5674 lsa.
2263 5619 2493 5690 uix,~2.
2570 5621 2614 5653 “
2642 5618 2804 5677 ilebr.
2838 5620 3009 5689 mli.
