3766 5986
303 183 406 241 667

1570 182 1627 233 S.
1661 172 1987 239 GREGORII
2032 182 2323 244 NYSS‘FNI

3450 182 3564 241 548

302 313 424 359 ctus
447 310 548 367 est,
577 316 811 370 eumque
841 314 950 370 quo
976 306 1176 357 unctus
1204 306 1319 364 est;
1352 298 1396 355 si
1422 298 1567 353 enim
1591 300 1673 353 vel
1704 316 1871 352 unum

2084 304 2237 373 μεθα.
2276 306 2338 359 El
2366 303 2474 375 γάρ
2502 303 2559 358 ἐν
2582 321 2634 356 τι
2668 304 2868 361 τούτων
2892 303 3169 368 λείποι,τδ
3198 303 3291 357 τοῦ
3320 304 3566 375 Χριστοῦ

305 396 497 450 horum
533 391 709 453 desit.
743 391 942 445 Christi
976 406 1175 446 nomen
1226 406 1333 443 non
1384 390 1656 445 subsistit.
1710 389 1883 459 llujus

303 485 470 557 igitur
495 499 694 539 nomen
727 484 947 554 quando
978 485 1032 537 in
1063 483 1319 552 pharetra
1351 489 1540 535 nostra
1589 482 1885 545 exaltatur,

302 579 407 636 hoc
431 586 519 633 est
537 619 552 643 ,
578 579 799 648 quando
826 576 881 630 in
910 575 1093 631 anima
1120 581 1310 628 nostra
1336 589 1431 643 per
1459 573 1615 628 ﬁdem
1638 574 1886 629 exoritur

307 673 323 733 ί
349 681 472 719 nam
499 665 750 736 pharetra
779 662 1049 719 sermonis
1070 670 1154 717 est
1173 660 1410 731 anima),
1442 669 1574 719 tunc
1595 660 1885 716 confestim

306 756 693 819 adversarius,
731 754 825 824 qui
861 768 963 807 nos
994 753 1302 827 insequitur
1333 760 1388 805 et
1422 752 1665 821 impetit,
1700 750 1887 805 interit

306 859 359 904 et
384 848 659 908 occumbit
679 888 695 912 ,
724 847 885 915 cujus
914 847 1171 905 interitus
1199 845 1253 900 in
1281 844 1427 915 ligno
1455 844 1679 899 accidit.
1705 845 1887 911 Quare

305 956 429 995 cum
460 943 583 1010 quis
613 940 667 996 in
712 950 957 1009 tempore
994 936 1132 1006 fugit
1177 935 1390 990 hostem
1433 937 1560 1005 (qui
1594 952 1738 991 unus
1767 936 1888 1005 qui-

306 1032 426 1086 dem
452 1038 537 1085 est
561 1037 754 1087 natura
773 1069 791 1096 ,
817 1029 1098 1099 multiplex
1127 1042 1255 1082 vero
1284 1026 1344 1081 Iit
1367 1028 1636 1081 malorum
1666 1027 1887 1082 auxiliis

304 1131 361 1178 et
383 1121 827 1195 suppetiis;hinc
856 1119 1022 1175 illud:
1045 1136 1062 1167 ι
1089 1116 1355 1181 Quoniam
1391 1117 1734 1185 multiplicati
1760 1124 1889 1171 sunt

307 1216 400 1285 qui
428 1213 693 1267 tribulant
721 1226 828 1275 me,
852 1210 1005 1263 multi
1032 1212 1324 1280 insurgunt
1347 1209 1637 1262 adversum
1664 1224 1749 1263 me
1770 1208 1836 1274 “,
1863 1227 1881 1259 ι

306 1314 364 1361 et
387 1305 439 1360 id
467 1319 640 1379 genus
665 1303 770 1357 alia
789 1344 804 1367 ,
830 1318 950 1373 quae
976 1302 1029 1355 in
1057 1303 1265 1372 psalmo
1290 1300 1380 1355 illo
1405 1316 1527 1356 sese
1547 1315 1890 1371 consequun-

309 1395 421 1468 tur)
436 1437 451 1459 ,
472 1406 600 1453 tunc
620 1394 677 1455 (it
697 1396 850 1469 quasi
867 1394 1079 1447 initium
1099 1393 1372 1447 victoriae:
1401 1394 1725 1465 tempestiva
1741 1394 1887 1447 enim

312 1492 382 1547 ab
403 1489 652 1549 hostibus
682 1486 805 1557 luga
834 1501 1001 1540 causa
1033 1486 1250 1540 exsistit
1273 1486 1513 1539 victorize
1545 1486 1614 1539 ab
1636 1485 1889 1539 hostibus

310 1586 623 1654 reportatae.
645 1575 915 1648 Quocirca
945 1574 1186 1645 psalmus
1216 1574 1309 1642 qui
1339 1575 1607 1642 sequitur,
1634 1573 1777 1626 hanc
1804 1573 1889 1625 in-

313 1648 665 1738 scriptionem
692 1666 885 1719 habet:
912 1682 930 1716 ι
959 1664 1013 1723 In
1049 1665 1208 1718 linem
1236 1664 1337 1717 ⁸⁷.»
1364 1663 1520 1718 Finis
1549 1672 1731 1718 autem
1766 1678 1887 1717 om-
1919 1648 1960 1702 Β

312 1762 397 1815 nis
430 1774 625 1834 pugnae
655 1766 739 1814 est
772 1757 1000 1811 victoria
1023 1796 1037 1817 ,
1070 1756 1530 1826 quemadmodum
1568 1771 1735 1825 supra
1761 1752 1876 1823 jam

311 1852 685 1918 ostendimus;
707 1865 939 1921 cumque
956 1849 1123 1903 semel
1141 1846 1482 1903 dulcedinem
1504 1848 1745 1903 victoriae
1763 1849 1887 1917 quis

314 1943 643 2014 gustaverit,
686 1956 809 1995 mox
842 1941 963 1998 alia;
990 1947 1044 1994 et
1072 1939 1194 1994 aliae
1230 1939 1475 1993 victoria:
1525 1939 1593 1992 ab
1639 1939 1888 1996 hostibus

314 2030 546 2089 feliciter
575 2029 907 2089 referuntur.
956 2028 1012 2080 ln
1046 2028 1219 2098 prima
1251 2027 1397 2082 enim
1430 2029 1690 2091 victoria,
1724 2027 1884 2085 dimi-

321 2122 566 2182 :autibus
599 2121 762 2193 hujus
778 2119 917 2208 ⁸νίῑιε
943 2118 1384 2188 jucunditatibus
1418 2133 1542 2171 cum
1576 2118 1739 2198 bonis
1774 2119 1911 2193 ani-l

318 2229 454 2277 mm,
487 2191 853 2282 praevaluit'iu
885 2217 972 2272 te,
1010 2219 1172 2279 atque
1215 2209 1351 2263 adeo
1394 2191 1603 2263 domuit
1644 2212 1890 2281 corporis

292 2305 689 2375 'deceptionem
747 2313 800 2357 et
849 2302 1120 2366 ludibria,
1180 2300 1463 2354 inclinatio
1517 2301 1583 2355 ad
1641 2302 1887 2357 nzeliora.

319 2395 604 2456 Damnatis
658 2395 803 2453 enim
859 2394 968 2446 illis
1022 2393 1114 2462 qui
1163 2401 1416 2461 qumrunt
1458 2394 1788 2457 vanitatem,
1838 2401 1892 2451 et

320 2487 551 2557 diligunt
585 2484 962 2548 mendacium,
993 2484 1339 2537 commutasti
1369 2484 1675 2553 voluptates
1710 2499 1890 2541 rerum

321 2593 441 2647 ηιιιε
470 2577 574 2635 sub
602 2582 882 2646 aspectum
913 2573 1116 2626 cadunt
1136 2612 1151 2635 ,
1197 2586 1323 2625 eum
1357 2569 1628 2627 desiderio
1673 2588 1890 2638 rerum,

323 2685 445 2740 quae
477 2668 667 2722 oculos
698 2664 984 2735 effugiunt.

392 2756 449 2811 ln
510 2753 759 2827 sequenti
810 2751 1082 2823 psalmo“
1116 2751 1221 2805 alia
1268 2751 1479 2805 ratione
1518 2752 1713 2806 vincis.
1759 2752 1893 2805 Cum

324 2850 467 2903 enim
500 2847 612 2905 duo
638 2846 748 2905 sint
778 2843 873 2914 qui
915 2858 1015 2912 pro
1044 2840 1360 2897 haereditate
1405 2844 1653 2898 veritatis
1701 2852 1895 2901 mutuo

327 2950 599 3016 pugnant;
658 2941 752 2992 illo
804 2937 1024 3009 quidem
1082 2936 1381 3006 objiciente
1431 2937 1624 3006 legem,
1684 2945 1736 2993 te
1768 2953 1897 2993 vero

332 3035 520 3091 ﬁdem;
554 3032 740 3101 justus
794 3026 1117 3098 agonotheta
1172 3028 1295 3090 tibi,
1349 3028 1594 3099 neglecto
1644 3028 1758 3092 illo,
1802 3030 1900 3081 tri-

330 3123 450 3183 buit
478 3122 719 3179 victoria:
750 3120 968 3191 praemia
989 3157 1004 3181 ,
1035 3125 1091 3171 ut
1122 3119 1347 3188 proinde
1378 3134 1547 3188 purus
1577 3120 1772 3175 animm
1798 3126 1901 3172 tuae

330 3223 510 3275 status
549 3213 622 3271 sit
644 3213 791 3271 velut
830 3219 984 3266 ortus
1011 3210 1164 3273 solis,
1197 3212 1287 3280 qui
1331 3212 1427 3264 tibi
1461 3227 1492 3265 a
1528 3210 1769 3265 tenebris
1807 3225 1893 3264 re-

333 3306 547 3365 cedenti
576 3304 877 3364 diluculum
911 3302 1118 3366 allerat,
1158 3302 1302 3373 quod
1338 3302 1581 3371 psalmus
1622 3321 1640 3355 ι
1666 3316 1826 3357 mane
1854 3320 1900 3364 ι,

334 3397 613 3461 nominat;
648 3405 702 3449 et
729 3394 810 3450 sic
850 3394 1077 3449 victoria
1104 3410 1170 3448 ex
1197 3394 1423 3448 victoria
1456 3394 1676 3449 athletae
1713 3393 1899 3449 nasci-

335 3499 446 3552 tur,
476 3501 690 3558 semper
712 3484 780 3542 ad
808 3485 860 3541 id
889 3482 1034 3555 quod
1062 3485 1239 3553 majus
1279 3493 1335 3538 et
1366 3485 1641 3541 illustrius
1693 3491 1778 3538 est
1818 3482 1902 3536 vi-

334 3580 522 3639 ctorian
584 3577 845 3647 trophaeis
903 3583 958 3631 et
1018 3576 1357 3631 ornamentis
1395 3574 1901 3646 progredientibus.

338 3671 549 3731 Rursus
597 3670 703 3724 alia
757 3669 987 3725 victoria
1042 3669 1236 3723 ordine
1285 3668 1665 3737 consequitur,
1708 3682 1807 3737 per
1841 3681 1905 3720 ea

334 3777 457 3833 quae
486 3766 901 3833 praecesserunt,
917 3765 1091 3827 parta.
1116 3757 1251 3811 Nam
1282 3758 1376 3827 qui
1401 3758 1773 3812 haereditalcm
1810 3771 1907 3809 no-

337 3861 446 3907 tam
481 3851 629 3915 fecit,
651 3851 741 3902 ille
773 3848 934 3902 etiam
982 3866 1001 3898 ι
1030 3844 1246 3902 Octava:
1274 3849 1318 3881 ”
1347 3867 1367 3900 ι
1401 3847 1670 3911 meminit,
1693 3862 1817 3916 qua:
1853 3855 1908 3900 et

342 3946 465 3998 linis
495 3949 578 3995 est
604 3939 893 4011 prmsentis
924 3939 1070 4003 vitte,
1110 3945 1164 3992 et
1197 3937 1528 4007 principium
1561 3937 1662 3992 aevi
1710 3937 1904 3991 futuri.

338 4031 628 4102 Proprium
671 4045 797 4084 vero
842 4046 863 4079 ι
889 4028 1107 4082 Octava:
1133 4047 1151 4079 ι
1182 4036 1289 4092 est,
1342 4043 1449 4082 non
1489 4030 1725 4097 amplius
1778 4031 1910 4084 subv-

341 4123 657 4180 ministrare
687 4118 754 4174 iis
779 4117 872 4188 qui
905 4117 958 4171 in
985 4116 1104 4186 ipsa
1134 4117 1358 4186 degunt,
1384 4118 1735 4173 occasionem
1776 4136 1900 4189 per-

342 4207 591 4279 petrandi
626 4206 766 4264 bona
803 4202 890 4258 vel
913 4204 1077 4266 mala,
1106 4204 1199 4258 sed
1242 4218 1583 4274 quaecunque
1624 4207 1749 4275 quis
1790 4222 1916 4276 ope-

342 4312 463 4351 rum
495 4295 700 4351 semina
748 4294 837 4348 hic
887 4292 1174 4362 Sparserit,
1225 4290 1442 4345 illorum
1480 4293 1552 4351 ibi
1603 4293 1910 4363 manipulos

347 4387 515 4455 capit.
562 4383 927 4451 Quamobrem
989 4380 1078 4434 hic
1122 4380 1494 4449 paenitentiam
1547 4397 1711 4452 agere
1757 4383 1913 4452 jubet

343 4474 510 4547 (quod
553 4475 607 4527 in
646 4471 861 4527 inferno
903 4468 1217 4540 hujusmodi
1272 4472 1456 4526 studio
1487 4473 1624 4526 nihil
1677 4476 1914 4546 amplius

345 4565 448 4620 loci
488 4564 735 4616 relictum
769 4562 861 4632 sit)
906 4577 1054 4625 eum,
1090 4563 1181 4635 qui
1217 4562 1456 4633 hisipsis
1494 4565 1739 4620 victoriis
1757 4582 1920 4621 exer-

342 4658 544 4712 citatus
590 4661 694 4708 est.
747 4652 1228 4709 Verumonimvero
1304 4656 1500 4710 iterum
1583 4658 1648 4711 ad
1702 4674 1913 4727 pugnas

345 4750 578 4805 deﬂectit
606 4747 804 4810 oratio.
871 4763 1066 4805 rursus
1094 4749 1249 4817 ungit
1300 4765 1398 4803 nos
1443 4749 1508 4805 ad
1554 4753 1912 4811 tentatiouum

348 4848 627 4900 incursus.
682 4839 827 4894 ldem
864 4841 1009 4894 enim
1067 4840 1262 4903 hostis,
1318 4841 1556 4894 Absalon
1592 4843 1703 4905 ille,
1759 4844 1916 4911 quasi

346 4955 411 4992 ex
442 4935 602 4991 nobis
627 4939 874 4994 renatus,
901 4931 1081 4984 denuo
1123 4931 1320 4985 bellum
1359 4948 1424 4989 ex
1475 4933 1630 4990 nobis
1679 4934 1919 4991 redintcr

348 5036 490 5105 grat,
542 5039 703 5094 quem
738 5020 905 5078 caulis
953 5032 1156 5077 nostra:
1194 5023 1451 5092 cupidum
1493 5024 1689 5080 avertit
1727 5034 1917 5079 nostra

349 5121 418 5175 de
447 5120 552 5173 hac
604 5132 663 5170 re
710 5114 937 5185 provida
987 5129 1119 5168 cura
1152 5124 1206 5169 et
1251 5115 1588 5178 sollicitudo,
1627 5116 1706 5169 vel
1735 5117 1918 5185 potius

354 5208 664 5266 subsidium
700 5202 814 5259 Dei.
839 5203 974 5257 Nam
1000 5220 1222 5261 causam
1247 5205 1322 5274 rei
1342 5206 1573 5262 feliciter
1597 5215 1763 5275 gestae
1793 5221 1921 5276 pro—

357 5309 476 5369 pter
515 5295 677 5373 verba
711 5291 943 5348 Chusi"
976 5293 1083 5350 Deo
1116 5297 1382 5366 assignat,
1422 5295 1583 5365 eique
1618 5302 1822 5366 gratias
1860 5311 1921 5350 a-

356 5389 455 5463 git.
511 5384 616 5438 Sed
670 5383 921 5439 fortassis
983 5387 1315 5455 superﬂuum
1385 5386 1553 5441 fuerit
1605 5389 1923 5442 accuratius

359 5489 628 5551 exponere
664 5473 816 5535 velle,
877 5476 1149 5544 quomodo
1190 5476 1528 5543 Chusi,cum
1566 5477 1777 5532 amicus
1823 5478 1922 5531 Da-

426 5583 472 5613 "
502 5582 646 5641 Psal.
685 5598 741 5637 ιιι
792 5582 829 5637 2
925 5587 967 5619 ⁸⁷
992 5587 1134 5645 Psal.
1168 5606 1240 5653 Iv,
1271 5593 1320 5643 l.
1399 5589 1439 5619 ⁵⁸
1473 5585 1614 5641 Psal.
1648 5605 1699 5651 γ,
1732 5589 1775 5642 l.

1857 5590 1899 5619 "
1931 5590 2077 5645 Psal.
2108 5607 2181 5659 τι,
2221 5590 2266 5644 l.

1981 395 2152 464 ὄνομα
2187 397 2286 466 οὑχ
2315 396 2625 466 ὑφίσταται.
2658 395 2828 449 Τοῦτο
2846 396 3023 449 τοίνυν
3052 394 3113 449 τὸ
3145 395 3316 466 ὄνομα
3346 396 3477 449 ὅταν
3504 397 3569 452 ἐν

1980 492 2046 559 τῇ
2076 489 2316 559 ἡμετέρᾳ
2341 486 2527 557 ὑψωθῇ
2569 486 2818 561 φαρέτρα
2839 501 2853 515 ⁸
2883 485 3030 539 τοῦτ’
3054 484 3223 549 ἔστιν,
3251 486 3378 538 ὅταν
3409 487 3471 539 ὲν
3495 487 3571 555 τῇ

1981 581 2126 651 ψυχῇ
2173 583 2205 649 ἡ
2215 579 2330 649 μῶν
2379 578 2466 632 διὰ
2499 577 2734 640 πίστεως
2762 576 2984 647 γένηται
3011 577 3031 647 (
3053 576 3299 647 φαρέτρα
3324 575 3435 646 γὰρ
3462 576 3567 629 τοῦ

1982 669 2140 739 λόγου
2154 670 2299 723 ὲττὶν
2316 671 2348 740 ἠ
2366 669 2535 740 ψυχὴ)
2545 707 2558 733 ,
2576 668 2695 725 τότε
2709 668 3049 737 ἀναιρετικὸν
3063 668 3269 735 γίνεται
3285 667 3378 720 τοῦ
3398 669 3571 720 ὲπανο

1984 760 2272 829 ισταμένου
2328 761 2459 833 ἡμῖν
2505 759 2599 811 καὶ
2635 756 2942 824 διώκοντος,
2984 749 3046 810 οὗ
3089 758 3117 810 ό
3167 756 3472 827 ἁφανισμὺς
3506 759 3571 810 ἐν

1982 851 2060 923 τῷ
2089 851 2248 921 ξύλῳ.
2281 850 2379 903 Διά
2412 849 2571 908 τοῦτο
2598 850 2734 919 μετὰ
2766 850 2826 903 τὸ
2856 852 3046 920 φυγεῖν
3079 850 3136 902 ἐν
3157 847 3236 919 τῷ
3264 847 3444 919 καιρῷ
3467 848 3571 900 τὸν

1984 943 2413 1012 ἐπανιστάμενον
2440 941 2520 1010 (ὃς
2565 936 2645 1003 εἷς
2681 940 2777 1011 μέν
2808 943 2923 993 ἐστι
2956 943 3022 1011 τῇ
3065 939 3244 1008 φύσει,
3273 938 3478 1009 πλῆθος
3506 937 3571 992 δὲ

1984 1032 2192 1100 γίνεται
2223 1033 2289 1101 τῇ
2319 1022 2828 1102 κακῇ“συμμαχίᾳ),
2847 1031 2939 1087 καὶ
2976 1031 3170 1092 εἰπεῖν,
3199 1028 3352 1080 ι”Οτι
3398 1027 3573 1097 ἐπλη-

1985 1104 2274 1187 θύνθησαν
2300 1122 2349 1173 οἱ
2380 1118 2650 1182 θλίϐοντές
2669 1136 2736 1189 με
2760 1158 2775 1182 ,
2827 1118 2923 1173 καὶ
2958 1117 3141 1201 πολλοὶ
3182 1117 3572 1177 ἐπανίστανται

1985 1213 2072 1266 ἐπ’
2115 1215 2235 1281 ἐμὲ,
2272 1232 2289 1263 ι
2322 1212 2417 1267 καὶ
2460 1212 2562 1265 ὅσα
2620 1212 2682 1271 ἐκ
2736 1209 2830 1264 τοῦ
2883 1209 3177 1264 ἀκολούθου
3210 1212 3243 1279 ἡ
3277 1208 3573 1279 ψαλμῳδία

1988 1304 2257 1373 περιέχει·
2309 1301 2433 1355 τότε
2457 1300 2664 1369 γίνεται
2692 1303 2726 1372 ὴ
2756 1299 2850 1354 τοῦ
2882 1301 3038 1371 νικᾷν
3065 1300 3315 1371 ἀρχή.Ἠ
3343 1301 3453 1370 γάρ
3477 1298 3577 1358 εὑ·-

1987 1409 2177 1465 καιρος
2240 1393 2347 1446 ἀπὸ
2400 1391 2509 1445 τῶν
2581 1391 3023 1460 ἐπανισταμένων
3061 1392 3228 1459 φυγὴ,
3271 1390 3367 1460 τῆς
3423 1390 3573 1442 κατά

1986 1485 2094 1539 τῶν
2125 1482 2333 1556 ἐχθρῶν
2360 1483 2515 1552 νίκης
2544 1483 2686 1536 αἰτία
2720 1480 2950 1551 γίνεται.
2985 1480 3083 1534 Διὰ
3112 1479 3268 1533 τοῦτο
3295 1483 3333 1555 ἡ
3362 1480 3574 1549 ἑφεξῆς

1987 1577 2292 1648 ψαλμῳδία,
2318 1596 2335 1627 ι
2365 1576 2459 1639 Εἰς
2476 1574 2534 1628 τὸ
2562 1573 2736 1637 τέλος,
2764 1592 2782 1624 ι
2800 1573 2897 1643 τὴν
2924 1571 3235 1643 ἐπιγραφὴν
3255 1571 3384 1642 ἔχει.
3404 1572 3577 1635 Τέλος

1989 1664 2044 1717 δὲ
2077 1663 2274 1725 παντὸς
2322 1662 2528 1730 ἀγῶνος
2581 1664 2615 1732 ἡ
2667 1662 2790 1732 νίκη
2844 1661 3029 1713 ἐστίν·
3078 1659 3259 1723 καθὼς
3304 1660 3518 1725 φθάσας
3546 1662 3578 1721 ό

1992 1756 2147 1823 λόγος
2182 1757 2311 1829 ἡμῖν
2364 1759 2493 1825 περὶ
2523 1759 2727 1806 τούτων
2779 1749 3192 1822 ἐτεχνολόγησεν
3213 1768 3226 1782 ’
3261 1753 3352 1805 καὶ
3380 1750 3577 1821 ἐπειδὴ

1996 1845 2062 1906 ἂν
2094 1847 2240 1911 ana:
2270 1846 2363 1900 τοῦ
2394 1847 2548 1915 νικᾷν
2573 1844 2766 1917 γεύσῃ,
2797 1843 3087 1912 ἐπάλληλοι
3115 1843 3261 1905 νίκαι
3287 1841 3430 1906 κατά
3460 1841 3576 1894 τῶν

1994 1936 2202 2013 ἐχθρῶν
2257 1936 2664 2008 κατορθοῦνται.
2684 1936 2770 1988 Ἐν
2803 1935 2911 2005 γὰρ
2955 1935 3020 2003 τῇ
3052 1933 3242 2005 πρώτῃ
3278 1933 3429 2003 νίκῃ,
3458 1930 3579 1983 τῶν

1994 2030 2136 2082 κατά
2189 2029 2279 2081 τὸν
2311 2027 2421 2097 βίον
2450 2027 2622 2098 ἡδέων
2656 2026 2793 2097 πρὸς
2824 2025 2893 2079 τὰ
2919 2027 3017 2097 τῆς
3049 2024 3228 2094 ψυχῆς
3251 2024 3433 2091 ἀγαθά
3489 2023 3577 2076 δι-

1994 2119 2404 2191 αμιλλωμένων,
2430 2121 2486 2171 ὲν
2520 2119 2602 2170 σοὶ
2623 2118 2922 2189 ἐκράτησεν
2965 2117 3063 2186 τῆς
3085 2115 3275 2190 ὑλικῆς
3296 2114 3518 2186 ἀπάτης
3544 2116 3579 2171 ἡ

1996 2210 2132 2280 πρὸς
2172 2210 2239 2262 τὰ
2297 2209 2529 2279 κρείττω
2573 2209 2732 2278 ῥοπή.
2765 2207 3081 2275 Καταγνοὺς
3108 2205 3214 2281 γὰρ
3240 2204 3347 2256 τῶν
3377 2204 3441 2265 τὸ
3471 2204 3582 2274 μα-

1995 2316 2147 2352 ταιον
2170 2297 2494 2369 ζητούντων,
2529 2297 2622 2350 καὶ
2659 2294 2996 2364 ἀγαπώντων
3029 2295 3091 2347 τὸ
3123 2293 3334 2363 ψεῦδος.
3359 2291 3581 2362 quaem

1997 2392 2094 2469 τῆς
2120 2392 2246 2472 περὶ
2271 2390 2338 2443 τὰ
2360 2389 2656 2461 φαινόμενα
2686 2387 3060 2461 προσπαθείας
3076 2388 3174 2465 τὴν
3197 2385 3304 2448 τῶν
3327 2386 3576 2464 ἀοράτωι

2000 2483 2313 2552 ἐπιθυμίαν,

2084 2766 2171 2818 Ἐν
2192 2763 2268 2834 τῷ
2296 2761 2491 2831 ἐφεξῆς
2519 2762 2676 2816 ἄλλον
2702 2761 2903 2831 τρίπον
2925 2761 3099 2830 νικᾷς.
3136 2760 3238 2812 Δύο
3272 2760 3380 2831 γὰρ
3398 2760 3577 2815 ὄντων

2002 2855 2110 2909 τῶν
2141 2855 2281 2926 ὑπὲρ
2309 2853 2410 2923 τῆς
2459 2851 2714 2929 ἀληθείας
2765 2850 3125 2919 κληρονομίας
3165 2850 3583 2919 διαμαχομένων

2004 2946 2140 3017 πρὸς
2178 2944 2461 3014 ἀλλήλους,
2510 2942 2604 2996 καὶ
2641 2940 2736 2994 τοῦ
2766 2943 2863 3010 μὲν
2892 2940 3328 3010 προϐαλλομένου
3365 2940 3457 2993 τὸν
3494 2941 3585 2993 νόη-

2007 3054 2126 3107 μον,
2172 3036 2265 3089 τοῦ
2306 3034 2362 3087 δὲ
2408 3036 2507 3104 τὴν
2540 3034 2752 3086 πίστιν-
2798 3033 2827 3084 ὁ
2868 3030 3074 3094 δίκαιος
3111 3030 3453 3101 ἀγωνοθέτης
3496 3048 3585 3084 σοι

2001 3127 2214 3181 δίδωσιν
2260 3127 2378 3181 κατ’
2430 3124 2638 3181 ἐκείνου
2690 3123 2758 3179 τά
2794 3124 3103 3194 νικητήρια.
3135 3123 3297 3175 Ὥστε
3352 3140 3435 3176 σοι
3480 3124 3587 3193 τὴν

2004 3219 2252 3290 καθαρὰν
2276 3219 2374 3288 τῆς
2395 3218 2573 3287 ψυχῆς
2602 3217 2955 3281 κατάστασιν,
2977 3215 3235 3286 ἀνατολὴν
3253 3215 3406 3285 ἡλίου
3436 3217 3588 3283 γενέ-

2005 3309 2150 3372 σθαι,
2174 3309 2506 3379 ἀφεστηκότι
2532 3307 2628 3361 τοῦ
2653 3307 2895 3389 σκότους,
2919 3306 3011 3360 τὸν
3036 3305 3231 3378 ὀρθρον
3259 3306 3583 3374 ἐπάγοντος.

2009 3397 2108 3457 "Ov
2142 3398 2410 3470 (πρωῒαν
2447 3419 2465 3450 ι
2496 3398 2750 3469 ὀνομάζει
2799 3400 2833 3469 ἡ
2889 3398 3194 3469 ψαλμῳδία.
3256 3399 3366 3452 Καὶ
3411 3399 3588 3462 οὑτως

2004 3486 2149 3540 ἐστιν
2175 3488 2261 3541 ἀεὶ
2295 3488 2474 3558 εὑρεῖν
2503 3487 2659 3557 νίκην
2688 3489 2751 3541 ὲκ
2780 3487 2935 3556 νίκης
2954 3487 3034 3557 τῷ
3070 3488 3275 3559 ἀθλητῇ
3304 3504 3592 3559 προσγινο-

2009 3578 2197 3648 μένην,
2252 3577 2388 3647 πρὸς
2412 3577 2475 3629 τὸ
2506 3579 2687 3646 μεῖζον
2713 3576 2946 3636 πάντοτε
2989 3577 3084 3631 καὶ
3118 3581 3590 3649 περιφανέστερον

2007 3670 2302 3741 προϊόντων
2335 3668 2442 3722 τῶν
2475 3670 2541 3722 ὲκ
2585 3669 2685 3739 τῆς
2727 3669 2884 3738 νίκης
2928 3669 3379 3739 κατορθωμάτων.
3417 3671 3590 3723 Πάλιν

2007 3761 2170 3832 ἑτέρα
2205 3760 2504 3829 διαδέχεται
2540 3758 2663 3829 νίκη
2713 3759 2853 3819 κατὰ
2905 3760 2964 3811 τὸ
3002 3760 3311 3822 ἀκόλουθον,
3340 3761 3429 3813 διὰ
3476 3762 3589 3813 τῶν

2009 3850 2481 3922 προδεικνυμένων
2511 3848 2943 3918 κατορθουμένη.
2975 3850 3035 3902 '0
3063 3852 3170 3922 γὰρ
3198 3851 3297 3921 τὴν
3326 3851 3589 3923 κληρονο-

2012 3942 2141 4012 μίαν
2164 3940 2455 4010 γνωρίσας,
2491 3940 2653 4003 αὐτὸς
2682 3941 2772 3993 καὶ
2795 3942 2893 4009 τῆς
2922 3961 2941 3992 ι
2965 3942 3183 4012 Ὸγδόης
3219 3963 3237 3992 ι
3272 3945 3549 4013 μέμνηται
3573 3962 3588 3977 ο

2007 4034 2127 4103 ἥτις
2178 4031 2348 4103 πέρας
2395 4049 2454 4090 τε
2500 4030 2594 4084 τοῦ
2644 4032 2936 4095 ἐνεστῶτος
2978 4034 3170 4103 χρόνου
3220 4036 3449 4102 γίνεται.
3491 4039 3592 4089 καὶ

2012 4124 2154 4194 ἀρχὴ
2182 4123 2275 4181 τοῦ
2307 4123 2586 4193 μέλλοντος
2610 4123 2823 4186 αἰῶνος.
2848 4125 3005 4183 Ἴδιον
3035 4125 3089 4178 δὲ
3118 4126 3214 4195 τῆς
3240 4145 3258 4176 ι
3290 4126 3536 4196 Ὀγδόης,
3564 4151 3583 4178 ι

2012 4212 2073 4266 τὸ
2128 4213 2325 4282 μηκέτι
2373 4211 2559 4281 καιρὸν
2587 4213 2667 4275 είς
2706 4213 3058 4283 παρασκευὴν
3084 4213 3362 4284 ἀγαθῶνῆ
3398 4216 3590 4269 κακῶν

2014 4300 2270 4355 ἐνδιδόναι
2325 4305 2435 4366 τοῖς
2484 4304 2542 4356 ἐν
2586 4304 2722 4373 αὑτῇ
2775 4303 3104 4371 γινομένοις·
3141 4303 3254 4357 ἀλλ’
3294 4298 3371 4358 ὧν
3402 4305 3469 4359 ἄν
3503 4323 3592 4368 τις

2017 4391 2194 4462 ἑαυτῷ
2239 4392 2643 4462 καταϐάλληται
2693 4392 2783 4451 διὰ
2829 4393 2937 4445 τῶν
2969 4394 3143 4465 ἔργων
3179 4396 3245 4448 τὰ
3272 4395 3589 4466 σπέρματα,

2013 4485 2218 4537 τούτων
2268 4483 2650 4553 ἀντιπαρέχειν
2699 4482 2769 4535 τὰ
2815 4483 3118 4554 δράγματα.
3177 4479 3252 4539 UB
3295 4487 3454 4558 χάριν
3498 4491 3592 4542 ὲν-

2015 4575 2192 4629 ταῦθα
2244 4576 2484 4645 ἐνεργεῖν
2538 4573 2815 4643 νομοθετεῖ
2852 4574 2949 4643 τὴν
2980 4576 3263 4644 μετάνοιαν
3292 4577 3390 4645 (ὡς
3421 4578 3480 4629 ὲν
3514 4578 3594 4647 τῷ

2019 4666 2120 4737 ᾄδῃ
2142 4665 2239 4734 τῆς
2272 4663 2526 4734 τοιαύτης
2549 4664 2781 4733 σπουδῆς
2802 4665 3232 4735 ἀπρακτοὺσης),
3254 4670 3372 4730 ταῖς
3396 4669 3595 4730 αὑταῖς

2013 4758 2190 4818 νίκαις
2216 4754 2679 4823 ἐγγυμνασθέντα.
2704 4754 2872 4814 Πάλιν
2890 4755 3180 4825 ἀπαλείφει
3206 4756 3341 4827 πρὸς
3372 4758 3595 4829 ἑτέρους

2014 4843 2230 4910 ἀγῶνας
2280 4845 2308 4895 ὁ
2354 4842 2509 4910 λόγος
2533 4859 2549 4875 ·
2599 4843 2762 4896 πάλιν
2795 4843 3005 4913 ἀλείφει
3041 4848 3107 4916 τῇ
3136 4846 3244 4898 τῶν
3269 4848 3596 4918 πειρασμῶν

2016 4933 2309 5004 προσϐολῇ.
2375 4932 2431 4984 ’0
2490 4930 2651 4996 αὑτὸς
2698 4932 2808 5003 γὰρ
2851 4933 3105 5003 πολέμιος
3155 4937 3185 4987 ὁ
3238 4936 3601 5006 Ἀὁεσσαλὼμ

2019 5027 2220 5086 ἐκεῖνος
2238 5022 2424 5092 ὥσπερ
2450 5022 2833 5094 ἁναγεννηθεὶς
2853 5021 3105 5091 ὲξὴμῶν,
3132 5025 3294 5078 αὑτὸν
3322 5025 3414 5078 τὸν
3438 5028 3598 5082 πόλει..

2030 5132 2127 5184 μον
2154 5114 2245 5169 τὸν
2292 5111 2349 5176 ἐξ
2377 5112 2532 5185 ἡμῶν
2553 5111 2891 5182 ἐξαρτύεται,
2931 5114 2989 5166 ὃν
3024 5114 3322 5186 ἀποτρέπει
3350 5119 3599 5185 φονῶντα

2026 5211 2146 5265 καθ’
2177 5209 2332 5281 ἡμῶν
2363 5211 2395 5278 ὴ
2428 5209 2666 5279 ἡμετέρα
2695 5210 2823 5279 περὶ
2852 5208 2946 5262 τοῦ
2976 5210 3294 5280 πράγματος
3326 5214 3598 5277 εὐϐουλία,

2032 5301 2230 5372 μᾶλλον
2271 5301 2328 5353 δὲ
2385 5302 2418 5370 ἡ
2465 5300 2614 5370 παρά
2675 5299 2770 5352 τοῦ
2825 5298 2962 5352 Θεοῦ
2993 5303 3299 5371 συμμαχία.
3341 5303 3464 5358 Τῶν
3489 5308 3605 5377 γὰρ

2030 5393 2464 5462 κατορθωμάτων
2496 5391 2645 5461 αὑτῷ
2671 5391 2922 5462 χρηστῶν
2948 5391 3037 5445 διὰ
3065 5392 3174 5447 τῶν
3203 5393 3377 5461 λόγων
3405 5397 3599 5462 Χουσὶ,

2028 5481 2105 5551 τῷ
2133 5481 2249 5550 θεῷ
2274 5482 2369 5550 τὴν
2392 5480 2569 5533 αἰτίαν
2597 5482 2889 5546 ἀνατιθεὶς,
2922 5483 3090 5553 ταύτῃ
3121 5486 3217 5554 τὴν
3246 5486 3607 5557 εὐχαριστίαν

2345 5590 2387 5619 ⁷⁸⁸
2414 5589 2557 5643 Psal.
2594 5608 2689 5656 vn,
2727 5591 2775 5650 ι.
