3766 5986
222 199 329 258 1549

1596 199 1661 254 ΙΝ
1703 201 2039 257 PSALMOS.

3379 206 3484 263 550

218 315 533 385 πεποίηται.
577 315 837 387 Περιττδν
880 314 925 368 δ’
978 315 1046 369 ἀν
1088 314 1173 384 εἴη
1204 315 1301 379 τάς
1342 314 1583 387 ἱστορίας
1627 333 1709 368 σοι
1737 313 1793 367 δι’

1972 315 2051 370 dis
2110 322 2163 371 et
2199 316 2371 372 ﬁdelis
2394 327 2560 385 esset,
2610 320 2859 391 interque
2900 320 3180 391 adjutores
3205 332 3257 376 et
3285 322 3479 378 defen-

214 407 505 479 ἀκριϐείας
522 407 827 461 ἐκτίθεσθαι
851 423 863 436 ’
901 407 1017 471 πῶς
1044 408 1232 471 πιστὸς
1250 409 1280 460 ὁ
1309 407 1471 461 Δαϐὶδ
1498 407 1575 460 ὣν
1606 410 1663 461 ἐν
1690 408 1802 470 τοῖς

215 502 609 563 ὑπασπισταῖς,
634 495 787 564 οὗτος
808 502 839 553 ό
866 501 1034 553 Χουσὶ
1057 501 1115 554 ἐν
1146 504 1257 562 τοῖς
1277 501 1452 570 φίλοις
1481 499 1574 553 τοῦ
1611 500 1801 553 ’Λϐεσ-

216 592 411 662 σαλὼμ
452 594 879 665 καταμίγνυται,
936 593 1032 645 καὶ
1079 591 1445 663 πιθανώτερος
1486 592 1695 662 γίνεται
1724 591 1803 662 τῷ

213 684 467 754 τυράννῳ
487 685 583 754 τῆς
603 682 699 736 τοῦ
734 684 1017 754 Ἀχιτόφελ
1045 682 1372 755 συμϐουλῆς.
1409 684 1571 738 Ὅθεν
1604 684 1799 754 συνέϐη

211 776 415 829 τούτου
439 775 579 828 κατά
619 773 720 845 τὴν
745 776 1032 845 εἰσήγησιν
1052 775 1153 844 τῆς
1181 771 1407 844 γνώμης
1452 776 1800 846 κατακρατή-

214 885 432 930 σαντος,
482 866 646 919 αὑτὸν
696 866 787 934 ὑφ’
833 865 1026 918 ἑαυτοῦ
1074 866 1496 934 καταπνιγῆναι,
1542 867 1633 919 τὸν
1663 865 1802 920 κατά

210 959 312 1012 τοῦ
357 958 522 1011 Δαϐὶό
564 956 643 1028 τῷ
683 954 1037 1025 Ἀϐεσσαλὼμ
1083 954 1578 1025 συμϐουλεύσαντα.
1619 956 1801 1022 ’Ἄξιον

210 1051 258 1104 δ’
281 1052 350 1104 ἂν
371 1049 457 1117 εἴη
493 1050 865 1118 προσαγαγεῖν
890 1045 967 1117 τῷ
993 1048 1111 1101 κατ’
1138 1047 1337 1118 ἀρετὴν
1364 1047 1463 1117 βίῳ
1490 1049 1583 1102 καὶ
1604 1047 1673 1101 τά
1702 1048 1802 1118 τῆς

214 1141 461 1210 ἱστορίας
506 1138 825 1208 αἰνίγματα.
873 1137 999 1203 Πῶς
1046 1138 1079 1207 ἠ
1125 1137 1373 1202 σώζουσα
1414 1139 1556 1208 ἡμᾶς
1581 1136 1795 1207 γνώμη,

209 1232 423 1302 ἀγχόνη
445 1231 656 1298 γίνεται
676 1227 769 1281 τοῦ
788 1227 1164 1297 ἀντικειμένου
1184 1244 1197 1256 ·
1223 1229 1256 1297 ἡ
1275 1228 1329 1280 δὲ
1367 1228 1630 1298 σωτήριος
1660 1226 1798 1296 αὕτη

208 1322 433 1393 γνώμην
465 1323 498 1392 ἡ
526 1321 626 1392 μὲν
652 1323 719 1391 τῇ
745 1319 976 1391 ἱστορίᾳ,
1002 1321 1036 1391 ἡ
1060 1319 1198 1390 δὲτῇ
1215 1319 1504 1390 ψαλμῳδίᾳ
1535 1319 1801 1391 ἐγγέγρα-

209 1431 370 1467 πται.
402 1414 562 1483 Ἡμῖν
583 1412 641 1465 δὲ
675 1411 874 1472 σκοπός
908 1411 1023 1462 ἐστι
1054 1409 1146 1462 τὸν
1170 1411 1227 1462 ὲν
1254 1408 1404 1475 τάξει
1438 1410 1546 1462 τῶν
1572 1409 1800 1479 ψαλμῶν

206 1505 408 1575 εἱρμὸν
465 1502 829 1573 κατανοῆσαι,
853 1501 920 1554 δι’
949 1492 1010 1554 οὗ
1041 1500 1119 1571 τῷ
1148 1499 1339 1571 ἀγαθῷ
1395 1500 1795 1574 προσαγόμεθα.

205 1594 425 1648 Οὐκοῦν
463 1594 564 1663 τὴν
604 1590 839 1673 ἑγταῦθα
890 1590 1117 1662 γνώμην
1170 1591 1269 1663 τὴν
1319 1591 1668 1663 ἀναιρετικὴν
1700 1591 1796 1646 τοῦ

202 1682 656 1747 ἐπιϐουλεύοντος
674 1685 805 1754 ἡμῖν
825 1685 1281 1752 κατανοήσωμεν.

284 1841 383 1904 Τίς
416 1835 508 1894 οὖν
541 1842 686 1893 ἐστιν
719 1838 890 1910 αΰτης
935 1839 997 1892 τὸ
1041 1837 1153 1893 ῐσον
1185 1842 1265 1903 είς
1298 1839 1494 1894 κακίαν
1545 1840 1793 1911 ἡγεῖσθαι

200 1932 403 2003 ἄρχειν
450 1949 511 1984 τε
563 1930 773 1994 ἀδικίας
822 1930 916 1983 καὶ
962 1928 1264 2000 ἀμύνεσθαι
1314 1930 1404 1983 τὸν
1441 1930 1789 2000 ,ἀπάρξαντα.

205 2024 454 2093 Τιμᾶται
514 2021 624 2093 γάρ
679 2021 856 2092 ἐαυτῷ
888 2021 1153 2091 ἐσχάτων,
1185 2022 1280 2074 καὶ
1318 2021 1418 2090 τῆς
1448 2022 1567 2075 καθ’
1598 2021 1791 2075 ἐαυτοῦ

200 2113 480 2184 τιμωρίας
524 2111 746 2183 ὁριστὴς
775 2112 1003 2180 γίνεται,
1045 2114 1094 2165 εί
1123 2111 1373 2182 εὑρεθείη
1404 2109 1573 2165 κακοῦ
1601 2110 1662 2165 τὸ
1693 2129 1794 2165 κα-

203 2205 327 2269 κὸν,
378 2204 568 2275 ὥσπερ
614 2206 672 2257 ἐν
724 2190 1587 2291 συναλλάγματι,διαμείψας,καὶ
1644 2206 1792 2258 ἀντι-

202 2293 334 2355 δοὺς
380 2293 492 2354 τοῖς
543 2292 1092 2363 προπαρεσχημένοις
1130 2291 1158 2344 ὃ
1205 2292 1416 2347 ἐλαϐεν.
1466 2294 1577 2346 Καὶ
1621 2293 1792 2358 οὕτως

209 2382 354 2452 μετά
380 2384 506 2446 τοὺς
549 2382 769 2452 ἀγῶνας
815 2384 1072 2447 τούτους,
1126 2384 1286 2438 πάλιν
1326 2384 1549 2456 νικητὴς
1577 2385 1760 2439 ἀνοιδεῖ
1774 2415 1786 2425 -

207 2490 421 2526 κνυται.
448 2472 766 2543 Διαδέχεται
809 2474 919 2544 γὰρ
953 2474 1238 2544 ἐπιγραφὴ
1260 2515 1276 2539 ,
1320 2474 1382 2526 τὸ
1420 2492 1438 2523 ι
1487 2473 1658 2543 ’Υπὲρ
1684 2474 1792 2527 τῶν

202 2563 443 2633 ληνῶν,ι
497 2564 933 2635 προδεικνύουσα
980 2564 1152 2628 τέλος.
1202 2565 1279 2617 Τὸ
1308 2564 1365 2618 δὲ
1411 2564 1521 2617 τῶν
1563 2563 1791 2633 ἀγώνων

205 2656 384 2718 τέλος,
409 2656 537 2725 νίκη
567 2656 735 2709 ἐστίν.
761 2656 930 2710 Πάλιν
945 2656 1002 2709 δὲ
1030 2655 1127 2727 τὴν
1163 2675 1181 2708 ι
1222 2657 1394 2727 ’Υπὲρ
1416 2656 1524 2710 τῶν
1552 2655 1728 2727 ληνῶν
1766 2677 1784 2708 ι

200 2748 422 2800 ἔννοιαν
473 2745 836 2811 ἐξαπλοῦσθαι
891 2746 969 2818 τῷ
1023 2747 1196 2818 λόγῳ,
1263 2749 1515 2820 περιττὸν
1561 2749 1627 2803 ἃν
1672 2749 1788 2820 εἴη,

206 2837 414 2900 ἱκανῶς
455 2837 515 2888 ἐν
557 2839 671 2903 τοῖς
703 2836 846 2890 κατά
881 2835 972 2890 τὸν
1014 2839 1142 2891 ἴδιον
1180 2838 1345 2891 τόπον
1399 2838 1792 2910 ἐξητασμένοις

204 2926 673 2998 προδηλωθεῖσαν.
723 2928 934 3000 ’Ὠσπερ
959 2929 1014 2983 δὲ
1045 2929 1182 3000 μετὰ
1206 2930 1304 3001 τὴν
1337 2931 1559 3001 πρώτην
1601 2932 1665 2986 ἐκ
1696 2931 1789 2986 τοῦ

218 3015 580 3087 Ἀϐεσσαλὼιμ
632 3017 810 3089 φυγὴν
850 3020 907 3071 ἐν
948 3018 1027 3089 τῷ
1066 3018 1339 3090 διακρῖναι
1385 3022 1493 3074 τῶν
1526 3020 1793 3092 ἀληθινῶν
1820 3001 1863 3057 C

205 3108 559 3179 πραγμάτων
584 3106 681 3178 τὴν
699 3108 934 3178 ματαίαν
961 3109 1214 3182 σπουδὴν,
1234 3110 1478 3177 ἀξιοῦται
1494 3113 1589 3184 τῆς
1606 3113 1760 3184 νίκης
1776 3132 1789 3145 ’

203 3199 385 3263 οὕτως
412 3199 507 3253 καὶ
529 3198 624 3252 νῦν
653 3200 791 3270 μετὰ
811 3202 938 3265 τοὺς
964 3201 1181 3270 ὁμοίους
1207 3201 1446 3272 ἀγῶθας,
1474 3203 1553 3276 τῷ
1584 3224 1602 3256 ι
1624 3205 1793 3277 ’Υπὲρ

204 3292 322 3346 τῶν
374 3291 551 3362 ληνῶν
580 3314 598 3345 ι
654 3292 797 3363 λόγῳ
862 3293 1134 3364 συμμάχῳ
1177 3294 1312 3366 πρὸς
1360 3295 1452 3349 τὸν
1500 3297 1793 3355 ἀντίπαλον

200 3381 528 3455 χρώμενος,
561 3382 788 3453 νικητὴς
838 3382 1047 3452 γίνεται
1101 3384 1190 3440 διὰ
1223 3384 1317 3438 τοῦ
1364 3387 1661 3441 καταλῦσαι
1703 3388 1791 3443 τὸν

205 3472 409 3542 ἐχθρὸν
433 3471 548 3542 ἅμα
570 3472 661 3525 xal.
688 3472 1006 3543 ἐκδικητὴν.
1044 3475 1139 3537 Ὃς
1164 3474 1252 3528 διὰ
1298 3475 1455 3530 τοῦτο
1481 3477 1576 3530 καὶ
1602 3477 1793 3552 ἐχθρὸς
1866 3488 1871 3493 ’

204 3565 306 3619 καὶ
336 3563 629 3635 ἐκδικητὴς
659 3564 1017 3636 ὀνομάζεται,
1049 3566 1130 3621 ὅτι
1160 3567 1297 3620 αὑτά
1337 3568 1404 3621 τὰ
1440 3570 1573 3640 πρὸς
1611 3571 1794 3644 ἀμαρ-

203 3657 329 3710 τίαν
362 3657 530 3711 αὑτοῦ
564 3656 906 3727 δελεάσματα
928 3699 943 3722 ,
972 3658 1215 3729 τιμωρία
1238 3661 1351 3723 τοῖς
1379 3659 1790 3732 αἰσθανομένοις

204 3749 243 3818 ἡ
276 3748 584 3820 πικροτάτη
630 3748 785 3803 ἐστί⁶
823 3749 918 3804 καὶ
958 3748 1024 3801 δι’
1070 3743 1146 3802 ὧν
1192 3750 1481 3819 ἐφέλκεται
1526 3752 1663 3823 πρὸς
1692 3752 1790 3827 τὴν

204 3842 304 3894 τοῦ
334 3839 505 3895 κακοῦ
548 3837 834 3896 κοινωνίαν
885 3842 943 3893 ἐν
982 3842 1163 3914 ἀπάτῃ
1193 3842 1284 3897 τὸν
1320 3843 1625 3915 ἄνθρωπον,
1659 3847 1791 3901 αὐτὸ

208 3934 389 3986 ἐκεῖνο
433 3932 495 3986 τὺ
534 3931 917 4003 χαλεπώτατον
962 3933 1060 4004 τῆς
1106 3935 1380 4007 τιμωρίας
1428 3931 1568 4001 εἶδός
1618 3939 1785 3991 ἐστιν.

208 4021 399 4086 οὑτως
431 4021 722 4094 ἑρμηνεύει
755 4022 851 4093 τὴν
882 4023 1121 4079 διάνοιαν
1155 4024 1357 4095 ταύτην
1384 4028 1412 4080 ὁ
1446 4027 1583 4091 θεῖος
1631 4029 1791 4085 Ἀπό-

212 4109 430 4175 στολος,
466 4110 671 4175 εἰπών,
730 4111 813 4164 ὅτι
863 4130 881 4162 ‹
913 4112 1026 4183 Τὴν
1069 4112 1415 4184 ἀντιμισθίαν
1447 4116 1513 4187 ἢν
1545 4116 1651 4169 ἔδει
1690 4117 1790 4185 τῆς

208 4199 423 4271 πλάνης
489 4199 672 4254 αὐτῶν
727 4201 785 4253 ἐν
835 4201 1047 4265 ἑαυτοῖς
1094 4202 1592 4275 ἀπολαμϐάνοντες.
1637 4226 1654 4257 ι
1693 4207 1789 4270 Τίς

1904 424 2079 473 sores,
2108 410 2301 465 amicis
2333 410 2629 465 Absalonis
2654 411 3045 476 admisceatur,
3091 412 3321 483 ejusque
3344 430 3482 470 eon-

1905 496 2085 550 silium
2122 505 2353 567 tyranno
2374 500 2782 554 conducibilius
2799 501 2974 558 visum
3006 502 3097 561 sit,
3125 520 3287 572 quam
3312 506 3477 560 Aelu-

1903 587 2134 655 t0phelis
2152 589 2193 618 ⁷⁸
2219 589 2395 642 :unde
2422 588 2626 644 factum
2648 598 2754 650 est,
2781 597 2841 647 ut
2863 605 2987 644 cum
3017 590 3306 647 consilium
3334 593 3480 648 illius

1902 678 2301 748 praevaluisset,
2346 680 2392 734 is
2422 680 2515 749 qui
2542 690 2735 735 contra
2767 680 3021 735 Davidem
3062 681 3321 737 Absaloni
3348 698 3477 737 con-
3540 740 3547 747 _

1903 770 2090 825 silium
2149 769 2397 834 dederat,
2457 786 2487 824 a
2548 772 2734 841 seipse
2789 770 3117 841 praet'ocalus
3185 772 3477 830 interierit.

1903 854 2143 925 Equum
2172 871 2339 926 porro
2378 856 2537 911 fuerit
2593 859 2837 913 historia:
2866 860 3030 914 etiam
3085 860 3375 931 mnigmata
3426 874 3480 918 et

1902 943 2189 998 involucra
2230 946 2296 1000 ad
2328 946 2491 999 vitam
2541 947 2728 1001 virtuti
2766 948 3038 1002 addictam
3085 950 3475 1005 illustrandum

1901 1036 2179 1102 adhibere,
2240 1039 2516 1107 quomodo
2571 1039 2824 1093 videlicet
2865 1057 3018 1096 mens
3073 1051 3127 1096 et
3194 1043 3476 1115 cogitatio,

1903 1143 2025 1197 quae
2060 1144 2161 1183 nos
2193 1140 2485 1186 conservat
2514 1174 2529 1199 ,
2563 1132 2790 1201 laqueus
2832 1133 3130 1187 adversarii
3172 1133 3289 1205 ﬁat;
3327 1136 3477 1189 salu-

1899 1223 2068 1281 taris,
2101 1221 2346 1291 inquam;
2374 1223 2464 1276 illa
2496 1240 2649 1278 mens
2689 1231 2742 1278 et
2782 1225 3070 1288 sententia,
3109 1241 3229 1295 qua:
3278 1228 3475 1297 partim

1903 1312 2165 1377 historiae,
2233 1320 2429 1384 partim
2487 1315 2807 1383 psalmodiae
2860 1318 3232 1373 monumentis
3287 1307 3474 1375 consi-

1902 1410 2068 1470 gnata
2099 1413 2205 1457 est.
2243 1402 2411 1459 Nobis
2434 1412 2615 1459 autem
2674 1408 3013 1475 propositum
3059 1415 3145 1465 est
3203 1411 3472 1464 rationem

1902 1490 2137 1554 ordinis,
2175 1493 2268 1563 qui
2322 1495 2376 1547 in
2405 1495 2633 1565 psalmis
2664 1507 2911 1566 apparet,
2962 1513 3071 1568 quo
3115 1499 3179 1551 ad
3219 1499 3476 1555 honesta-

1902 1589 2010 1637 tem
2042 1585 2320 1653 ducimur,
2352 1589 2711 1658 perscrutari.
2741 1588 2910 1659 Igitur
2935 1591 2987 1644 in
3026 1591 3281 1662 praeSi-nti
3327 1592 3472 1649 aliud

1903 1674 2207 1744 intelligere
2258 1692 2365 1732 non
2427 1676 2711 1742 debemus,
2755 1695 2918 1748 quant
2976 1690 3210 1734 mentem
3248 1689 3320 1736 -et
3349 1697 3475 1736 sen-

1903 1766 2128 1821 tentiam
2167 1768 2314 1822 illam
2345 1784 2468 1837 qua:
2503 1771 2879 1826 insidiatorem
2911 1783 3157 1827 nostrum
3188 1773 3473 1828 interimit.

1972 1857 2104 1925 Quae
2138 1860 2309 1929 igitur
2332 1862 2476 1916 ista?
2511 1861 2712 1917 Eodem
2744 1863 2865 1916 loco
2906 1871 3161 1934 reputare
3194 1876 3471 1920 auctorem

1902 1948 2234 2018 iniquitatis,
2299 1962 2353 2009 et
2393 1960 2675 2009 auctorem
2725 1954 2921 2011 ulcisci
2972 1955 3152 2013 velle:
3187 1955 3304 2025 ipse
3324 1956 3469 2011 enim

1900 2055 2023 2096 sese
2056 2043 2316 2096 extremis
2349 2044 2528 2113 poenis
2573 2045 2877 2107 ulciscitur,
2942 2060 2996 2101 et
3063 2047 3328 2103 adversus
3386 2064 3473 2103 se-

1898 2130 2075 2198 ipsum
2112 2146 2329 2200 pmnam
2381 2133 2482 2187 sibi
2523 2133 2770 2188 decernit
2814 2147 2867 2190 et
2891 2135 3101 2204 deﬁnit,
3148 2137 3193 2191 si
3228 2137 3373 2195 velut
3406 2154 3472 2192 ex

1899 2231 2085 2276 mutua
2123 2225 2371 2293 pactione
2400 2234 2454 2280 et
2485 2235 2773 2281 contractu
2811 2228 3010 2282 malmn
3041 2230 3183 2283 malo
3214 2245 3473 2300 compen-

1900 2319 2005 2375 sat,
2030 2311 2209 2381 iisque
2241 2312 2445 2382 quibus
2479 2314 2709 2375 affectus
2735 2325 2814 2368 est
2843 2315 3082 2384 injuriis,
3115 2318 3349 2388 injurias
3388 2335 3472 2373 re-

1899 2403 2103 2472 pendit.
2134 2402 2450 2474 Quarepost
2481 2406 2582 2459 ista
2615 2409 2915 2466 certamina
2943 2425 3135 2463 rursus
3150 2409 3326 2463 victor
3347 2424 3474 2478 pro—

1899 2492 2180 2547 nuntiatus
2200 2493 2290 2547 sit.
2311 2494 2567 2564 Sequitur
2585 2496 2728 2550 enim
2749 2496 3036 2567 inscriptio
3063 2517 3076 2554 :
3111 2516 3127 2546 ι
3152 2496 3258 2552 Pro
3282 2509 3471 2552 torcu-

1899 2582 2177 2646 laribus,»
2234 2600 2353 2653 qua;
2434 2586 2590 2640 linem
2643 2587 3003 2642 demonstrat.
3070 2589 3223 2645 Finis
3289 2599 3469 2645 autem

1898 2676 2260 2736 certaminum
2302 2677 2527 2732 victoria
2558 2687 2665 2734 est.
2715 2680 2784 2734 At
2819 2680 3156 2750 superﬂuum
3208 2682 3371 2738 fuerit
3406 2686 3474 2739 de

1898 2780 2066 2822 sensu
2126 2767 2523 2835 inscriptionis,
2589 2790 2607 2821 ι
2649 2768 2756 2824 Pro
2812 2771 3246 2834 torcularibus,»
3295 2774 3471 2831 fusius

1898 2855 2198 2926 disputare,
2231 2873 2354 2910 cum
2391 2857 2458 2913 de
2491 2873 2552 2913 ea
2581 2859 2692 2928 jam
2720 2861 2835 2917 suis
2871 2862 3005 2917 locis
3028 2864 3244 2919 abunde
3262 2865 3468 2920 dictum

1900 2944 1991 3000 sit.
2024 2944 2194 3000 Porro
2236 2947 2693 3016 quemadmodum
2739 2959 2862 3018 post
2907 2951 3133 3021 primam
3168 2953 3237 3009 ab
3291 2954 3470 3009 Absa-

1898 3037 2021 3091 lone
2051 3037 2253 3108 fugam,
2306 3039 2436 3092 dum
2461 3054 2661 3093 vanmn
2697 3043 2939 3097 studium
2986 3051 3040 3097 et
3077 3043 3291 3099 inanem
3338 3062 3471 3115 ope-

1896 3142 2012 3182 ram
2044 3143 2075 3182 a
2110 3129 2255 3185 veris
2285 3137 2339 3184 et
2382 3131 2542 3186 seriis
2568 3133 2799 3201 negotiis
2841 3142 2895 3187 et
2924 3135 3087 3189 rebus
3126 3136 3468 3199 internoscit,

1868 3219 2139 3293 (victoria:
2168 3223 2506 3277 ornamentis
2545 3223 2869 3295 insignitur;
2912 3225 2986 3279 ita
3016 3234 3071 3281 et
3101 3243 3247 3281 nunc
3272 3228 3469 3282 simili-

1896 3310 1998 3365 bus
2030 3312 2240 3367 exactis
2272 3312 2489 3383 pugnis,
2528 3314 2777 3370 oratione
2817 3336 2834 3366 ι
2867 3315 2974 3370 Pro
3014 3318 3407 3383 torcularibus,
3447 3339 3464 3369 ι

1896 3402 2044 3454 velut
2073 3402 2435 3470 auxiliatricc,
2467 3414 2655 3459 contra
2683 3406 3059 3463 adversarium
3089 3424 3245 3474 usus,
3291 3410 3470 3464 victor

1893 3492 2094 3556 evadit,
2116 3493 2346 3562 ecquod
2381 3495 2641 3550 deleverit
2680 3497 2890 3551 hostem
2924 3498 3087 3552 simul
3115 3508 3169 3554 et
3210 3515 3471 3570 persecu-

1893 3590 2089 3645 torem,
2120 3583 2210 3652 qui
2242 3583 2313 3637 ob
2335 3568 2387 3637 id
2414 3584 2578 3639 etiam
2604 3583 2782 3640 hostis
2838 3595 2891 3638 et
2922 3587 3065 3645 ultor
3124 3568 3463 3657 nominatur,

1892 3672 2020 3743 quia
2062 3673 2235 3745 ipsius
2264 3675 2329 3728 ad
2362 3682 2644 3743 peccatum
2676 3676 2946 3733 illecebrae
2988 3678 3346 3736 acerbissima
3373 3684 3470 3737 de-

1892 3765 2245 3835 gustantibus
2306 3774 2435 3822 sunt
2481 3781 2665 3839 pmna,
2711 3774 2764 3822 et
2801 3784 2865 3823 ea
2912 3769 3110 3840 quibus
3147 3771 3213 3826 ad
3247 3774 3469 3830 malitias

1892 3856 2330 3910 communionem
2364 3857 2611 3913 homines
2637 3856 2895 3927 deceptos
2926 3859 3223 3929 pertrahit,
3253 3864 3460 3932 gravis-

1892 3944 2018 3998 simi
2065 3946 2315 4018 supplieii
2349 3946 2583 4016 speciem
2628 3946 2848 4002 habent.
2882 3946 2996 4004 Hoc
3033 3950 3198 4003 modo
3243 3966 3463 4007 sensum

1892 4037 2037 4092 hunc
2090 4037 2314 4109 exponit
2365 4039 2582 4095 divinus
2633 4040 2950 4108 Apostolus,
2999 4055 3123 4095 cum
3178 4041 3288 4096 ait:
3322 4040 3466 4099 «Eos

1892 4143 2054 4198 quam
2090 4137 2369 4183 merentur
2415 4131 2717 4187 mercedem
2774 4131 3001 4194 erroris,
3056 4132 3110 4187 in
3159 4134 3467 4203 semetipsis

1891 4220 2140 4290 accipere
2159 4221 2224 4275 ⁷⁸.
2258 4240 2275 4270 ι
2318 4221 2457 4286 Quid
2478 4222 2622 4276 enim
2648 4222 2715 4277 ad
2751 4222 3081 4292 supplicium
3118 4225 3343 4293 gravius
3372 4241 3467 4279 ex-

205 4292 319 4363 γάρ
370 4291 439 4346 ἂν
485 4291 695 4360 γένοιτο
750 4291 890 4362 πρὸς
934 4294 1205 4367 τιμωρίαν
1244 4295 1376 4367 ἄλλη
1429 4297 1786 4371 χαλεπωτέρα

1972 4312 2125 4379 gitari
2155 4322 2336 4382 queat,
2363 4327 2525 4383 quam
2561 4313 2692 4367 illud
2726 4291 3085 4369 imumnditia:
3127 4291 3467 4371 dehonesta-

204 4382 425 4435 ἐπίνοια
451 4382 552 4451 τῆς
594 4381 736 4435 κατά
769 4382 867 4453 τὴν
897 4383 1286 4456 ἀσχημοσύνην
1326 4386 1685 4459 ἀκαθαρσίας,
1718 4392 1785 4465 ἢν

204 4474 264 4525 ἐν
306 4471 520 4531 ἑαυτοῖς
571 4470 1000 4542 κατεργάζονται
1035 4475 1083 4526 οἱ
1121 4475 1220 4545 τῆς
1262 4476 1647 4547 ἀσχημοσύνης
1694 4481 1785 4550 ἐρ-

203 4564 410 4631 γάται;
443 4562 504 4615 '0
522 4558 617 4616 οὖν
646 4563 953 4628 καταλύσας
974 4566 1030 4618 ἐν
1052 4564 1129 4634 τῷ
1153 4565 1266 4636 ἰδίῳ
1298 4566 1397 4637 βίῳ
1426 4569 1519 4621 τοῦ
1542 4570 1783 4625 τοιούτου

203 4656 305 4724 τὴν
346 4654 599 4723 δύναμιν,
632 4654 692 4717 ὃς
718 4658 1037 4726 τιμωρεῖται
1068 4656 1160 4710 τὸν
1196 4660 1253 4710 ἐν
1286 4659 1455 4731 κακίᾳ
1495 4662 1784 4733 γενόμενον

200 4743 270 4796 δι’
299 4743 467 4797 αὑτοῦ
502 4742 596 4797 τοῦ
649 4748 942 4816 μετασχεῖν
979 4746 1078 4816 τῆς
1113 4749 1340 4811 κακίας,
1362 4738 1486 4821 apart
1518 4752 1646 4815 τοὺς
1690 4754 1785 4806 άν-

201 4833 478 4905 θρὼπους,
516 4836 611 4889 καὶ
652 4836 748 4906 τὴν
784 4836 893 4890 τῶν
923 4838 1170 4908 οὐρανῶν
1196 4840 1657 4914 ὑπερκαθημένην
1689 4862 1787 4915 με-

203 4925 642 4997 γαλοπρέπειαν,
673 4927 766 4980 καὶ
795 4926 855 4980 τὸ
882 4927 981 4997 τῆς
1013 4928 1225 4996 φύσεως
1247 4930 1499 5004 ἀξίωμα,
1530 4934 1691 4987 τίνων
1722 4953 1782 4989 τε

203 5015 360 5086 ἄρχει
404 5017 500 5070 καὶ
552 5018 664 5069 τίσι
713 5019 1119 5090 συντεταγμένη
1158 5021 1328 5077 ἐστίν.
1363 5023 1452 5093 Τῷ
1493 5024 1602 5096 γὰρ
1634 5026 1783 5097 αὐτῷ

202 5109 296 5161 καὶ
328 5108 420 5161 ἐπὶ
453 5108 562 5160 τῶν
597 5109 807 5177 ἀλόγων
832 5110 1179 5180 ἡγεμονεύει,
1226 5113 1319 5166 καί
1348 5116 1462 5178 τοῖς
1529 5114 1782 5182 ἀγγέλοις

202 5198 291 5251 διά
352 5200 693 5271 συγκρίσεως
757 5201 1137 5274 παρισουμένη
1195 5205 1389 5275 μικρὸν
1439 5206 1777 5263 ἐλαττοῦται.

202 5290 392 5343 Τοίνυν
439 5291 597 5359 λόγος
644 5293 791 5345 ἐστὶν
837 5293 907 5346 δι’
949 5288 1010 5348 οὗ
1063 5295 1271 5362 γίνεται
1312 5297 1345 5367 ἡ
1392 5296 1536 5350 κατὰ
1574 5300 1781 5353 τούτων

201 5381 380 5451 ἀρχὴ,
441 5382 536 5435 καὶ
579 5383 715 5453 πρὸς
773 5384 899 5448 τοὶς
957 5385 1221 5454 ἀγγέλους
1266 5388 1558 5453 οἰκείωσις.
1611 5388 1781 5444 Πάλιν

199 5469 477 5541 ἐκδέχεται
526 5470 705 5542 νίκης’
733 5473 927 5545 ἐτέρας
976 5475 1204 5546 τρόπος,
1248 5477 1377 5532 ὅταν
1420 5480 1666 5552 ὑπερϐὰς
1712 5481 1780 5537 τὰ

264 5670 313 5702 ’³
356 5670 397 5725 ll
441 5669 573 5743 Reg.
613 5689 701 5738 xv,
762 5673 827 5729 16
871 5685 990 5744 sqq.
1069 5676 1114 5708 ⁷⁸
1157 5675 1317 5732 Rom.
1373 5694 1408 5743 ι,
1457 5676 1547 5733 27.

1897 4413 2138 4456 mentum
2174 4410 2227 4457 et
2253 4401 2510 4465 dedecus,
2548 4401 2693 4471 quod
2736 4402 2789 4456 in
2825 4403 3022 4467 seipsis
3054 4404 3292 4461 elliciunt
3341 4423 3467 4477 pro-

1894 4492 1983 4547 bri
2009 4501 2062 4545 et
2095 4493 2376 4547 dedecoris
2409 4492 2733 4548 elici-tores?
2772 4493 2873 4560 Qui
2905 4510 3033 4564 ergo
3059 4495 3182 4551 vita:
3220 4513 3332 4552 suae
3378 4500 3466 4553 in-

1894 4584 2087 4638 stituto
2114 4584 2220 4639 vim
2247 4584 2367 4653 ejus
2397 4593 2641 4647 enervat,
2690 4586 2781 4657 qui
2816 4588 3036 4641 malitia!
3076 4590 3463 4645 communione

1892 4674 1995 4728 sibi
2031 4673 2384 4742 eonjunctum
2410 4676 2511 4729 hac
2540 4676 2655 4747 ipsa
2694 4677 3108 4745 participatione
3142 4680 3316 4749 punit,
3373 4682 3463 4737 ille

1894 4765 1946 4813 et
1983 4759 2249 4825 homines,
2298 4770 2351 4816 et
2385 4761 2527 4814 illam
2571 4778 2690 4830 qme
2737 4779 2900 4836 super
2951 4766 3120 4819 cados
3155 4779 3340 4821 evecta
3379 4779 3463 4824 est

1894 4850 2375 4920 magniﬁcentiam,
2402 4854 2831 4923 dignitatemque
2860 4863 3088 4919 naturae,
3128 4858 3326 4925 quibus
3361 4860 3463 4912 im-

1892 4950 2063 5010 peret,
2098 4951 2153 4997 et
2177 4958 2300 4996 cum
2332 4944 2532 5012 quibus
2557 4946 2801 5015 ejusdem
2838 4947 2913 4998 sit
2928 4947 3123 5001 classis
3150 4956 3201 5001 et
3228 4947 3459 5013 ordinis,

1894 5035 2316 5102 contemplatur.
2357 5034 2555 5091 Eadem
2581 5038 2723 5091 enim
2778 5050 2928 5108 parte
2961 5046 3014 5091 et
3051 5038 3353 5093 dominium
3403 5040 3458 5094 in

1889 5123 2049 5177 bruta
2088 5125 2269 5188 habet,
2300 5136 2347 5180 et
2391 5142 2514 5183 cum
2549 5131 2757 5199 angelis
2781 5130 3191 5200 comparatione
3226 5131 3461 5188 collatus

1887 5215 2166 5284 paululum
2195 5217 2302 5271 illis
2327 5217 2921 5291 inferioreonspicitur.
2957 5222 3315 5293 Ratioitaque
3354 5234 3458 5285 est,

1885 5319 1992 5374 qua
2023 5313 2077 5359 et
2114 5305 2291 5362 brutis
2316 5310 2688 5364 animantibus
2735 5321 2951 5380 pratest,
2995 5322 3048 5366 et
3081 5327 3204 5367 cum
3252 5315 3460 5383 angelis

1886 5397 2295 5454 necessitudine
2341 5400 2575 5469 quadam
2640 5402 2913 5472 jungitur.
2960 5402 3174 5458 llursus
3233 5404 3337 5457 alia
3379 5405 3460 5456 vi-

1886 5488 2072 5544 ctoria:
2102 5492 2312 5561 species
2340 5494 2603 5561 succedit,
2635 5494 2850 5566 quando
2881 5496 2992 5551 hmc
3026 5512 3147 5564 qua'
3167 5497 3268 5551 sub
3302 5510 3460 5565 aspe-
