3766 5986
272 214 370 271 551
1531 211 1591 266 S.
1634 207 1815 263 GREG

2003 197 2301 264 NYSSENI
3431 207 3546 261 δια

270 337 419 382 etum
446 326 654 381 cadunt
693 331 1106 397 supergressus,
1161 325 1431 379 rationem
1477 323 1530 377 in
1563 331 1767 378 arcana
1804 340 1815 378 ι

2003 321 2268 392 αινόμενα
2316 322 2428 384 τοῖς
2481 320 2813 391 ἀπορρήτοὶς
2870 318 3184 392 ἐμϐατεύσῇ
3238 319 3318 391 τῷ
3369 320 3536 392 λόγῳ.

271 421 552 474 recondita
604 419 845 485 inseris;
894 418 1040 472 ﬁlius
1097 432 1225 472 vero
1278 417 1414 471 ratio
1461 425 1566 482 est,
1609 416 1855 485 satisque

268 512 382 581 jam
414 510 842 580 praecedentibus
867 509 1112 564 victoriis
1137 509 1471 564 exercitatus
1497 528 1516 561 ι
1547 522 1646 580 pro
1667 507 1858 562 occul—

274 601 348 656 tis
379 600 564 654 Filii"
595 620 614 652 ι
644 601 850 670 psallis,
891 614 988 668 per
1023 599 1336 653 continuam
1379 613 1783 668 consonamque
1804 603 1858 652 et

274 692 1122 761 studiosamcontemplationem
1171 708 1184 744 :
1225 691 1533 760 iterumque
1576 690 1729 744 illum
1763 689 1855 758 qui

278 784 331 836 in
365 786 581 835 occulto
623 781 886 834 venandis
933 788 986 833 et
1020 779 1302 849 capiendis
1331 779 1490 833 nobis
1543 776 1855 842 insidiatur,

275 875 551 943 prolligas,
586 888 651 926 ne
678 886 783 940 qua
818 872 1054 941 amplius
1077 871 1216 925 hosti
1243 879 1434 923 contra
1459 884 1559 922 nos
1583 868 1857 939 gloriandi

275 965 614 1034 relinquatur
640 965 859 1017 occasio
887 1005 900 1028 ,
935 980 953 1013 ι
983 971 1041 1016 ut
1066 978 1172 1015 non
1206 969 1444 1032 apponat
1469 961 1612 1014 ultra
1647 961 1858 1031 magni—

279 1057 440 1110 licare
477 1071 534 1110 se
566 1056 729 1110 homo
759 1071 923 1123 super
957 1064 1178 1108 terram.
1213 1072 1231 1103 ›
1281 1051 1434 1107 Tunc
1485 1067 1549 1106 ex
1607 1053 1856 1119 victoria,

277 1163 397 1217 qua:
421 1147 677 1216 deinceps
699 1147 794 1199 tibi
835 1145 1076 1205 obvenit,
1110 1145 1304 1212 majori
1355 1159 1481 1214 erga
1519 1143 1688 1198 Deum
1717 1159 1856 1199 con-

276 1249 429 1308 cepta
465 1237 656 1290 fiducia
680 1236 815 1290 dicis
855 1256 867 1291 :
911 1256 927 1287 ι
967 1236 1025 1290 in
1057 1235 1286 1288 Domino
1324 1234 1673 1303 conﬁdo";r
1703 1253 1858 1291 mox-

275 1347 413 1403 que,
459 1332 511 1384 in
538 1346 601 1384 ca
655 1345 775 1398 quae
817 1328 1065 1398 sequitur
1096 1327 1347 1389 victoria,
1412 1341 1610 1383 rursus
1657 1327 1711 1381 in
1743 1343 1888 1380 me-.

274 1425 504 1478 muriam
539 1437 767 1476 revocas
803 1440 821 1470 ι
849 1419 1132 1490 Octavam;
1157 1439 1178 1472 ι
1210 1419 1266 1473 in
1293 1434 1401 1487 qua
1458 1437 1475 1469 ι
1509 1419 1694 1489 lingua
1748 1433 1864 1471 nia-

275 1517 528 1587 gniloqua
575 1515 790 1582 penitus
844 1512 1176 1572 destruetur,
1206 1520 1260 1566 et
1345 1511 1488 1565 labia
1520 1511 1732 1575 dolosa,
1757 1530 1774 1563 ι
1807 1521 1859 1565 et

273 1609 452 1664 omnis
478 1615 667 1662 contra
691 1606 855 1660 Deum
889 1604 1103 1659 insania
1121 1603 1188 1656 ⁷⁸.
1224 1602 1708 1657 Conservabuntur
1730 1617 1858 1656 vero

274 1713 302 1750 a
333 1697 683 1766 generatione
721 1694 820 1746 hac
851 1693 904 1746 in
940 1694 1230 1753 szeculum,
1267 1693 1360 1759 qui
1395 1690 1450 1744 in
1485 1691 1719 1744 circuitu
1752 1691 1855 1744 im-
1891 1675 1930 1727 Β

273 1787 492 1860 pietatis
526 1803 634 1840 non
664 1787 965 1847 ambulant,
1015 1785 1108 1840 sed
1148 1791 1350 1839 rectam
1387 1784 1651 1839 insistunt
1688 1785 1851 1848 viam,

272 1894 434 1949 quam
479 1876 623 1931 Deus
668 1878 826 1931 nobis
867 1891 1061 1929 novam
1102 1877 1343 1945 przeivit,
1390 1878 1531 1930 viam
1577 1884 1850 1931 recentem

272 1981 328 2026 ct
365 1971 658 2024 viventem.
686 1971 750 2022 Et
782 1968 915 2039 quid
975 1983 1115 2038 opus
1163 1977 1248 2022 est
1297 1969 1514 2039 singula
1551 1969 1850 2040 explicare,

273 2076 398 2114 cum
460 2076 581 2130 quae
615 2061 880 2115 hactenus
926 2059 1358 2116 iutroductionis
1407 2060 1568 2130 quasi
1601 2061 1724 2114 loco
1769 2061 1853 2113 al-

274 2155 381 2207 lata
412 2162 540 2206 sunt
575 2152 712 2206 satis
745 2167 1021 2221 superque
1081 2153 1176 2206 tibi
1222 2153 1518 2208 ostendant
1569 2153 1710 2205 viam
1743 2162 1850 2221 qua

247 2260 374 2314 aper
425 2245 758 2314 psalmorum
814 2244 1060 2299 ordinem
1119 2253 1173 2300 et
1238 2245 1626 2315 inscriptiones
1668 2244 1734 2299 ad
1795 2245 1848 2298 id

275 2334 419 2404 quod
450 2335 649 2387 bonum
678 2340 950 2410 etrectum
975 2341 1059 2388 est
1076 2333 1408 2388 deducaris?
1434 2349 1540 2388 non
1569 2348 1759 2402 parum
1785 2333 1853 2386 ad

278 2426 419 2479 hanc
472 2425 637 2479 etiam
687 2424 1100 2493 intelligentiam
1146 2425 1486 2480 conducente
1523 2425 1636 2490 illa,
1689 2439 1851 2493 quam

288 2533 456 2589 supra
488 2517 870 2588 praemisimus,
904 2515 1324 2586 inscriptionum
1357 2513 1743 2585 explicatione.

846 2669 1075 2726 CAPUT
1143 2669 1263 2724 XII.

350 2780 523 2835 Finita
554 2781 727 2852 prima
763 2782 1007 2836 sectione
1057 2780 1406 2837 ascensionis
1458 2795 1554 2850 per
1590 2780 1854 2850 psalmos,

1959 415 1995 468 ἴ
2010 415 2085 478 ἰὸς
2107 415 2162 468 δέ
2183 416 2211 467 ό
2238 414 2395 482 λόγος
2417 453 2432 479 ,
2453 411 2557 468 κᾶν
2581 413 2783 477 ἱκανῶς
2805 413 2905 484 ήδη
2927 414 3060 486 γένῃ
3083 416 3204 476 ταῖς
3232 414 3541 484 προλαὸού-

1961 522 2083 570 σαις
2112 506 2291 569 νίκαις
2320 507 2739 576 ἐγγυμνασθεὶς,
2777 525 2796 556 r
2819 506 2991 577 ’Υπὲρ
3024 498 3134 560 τῶν
3165 508 3412 578 κρυφίων
3441 506 3544 560 τοῦ

1961 600 2089 652 Υἱοῦ
2128 619 2146 651 ι
2176 599 2419 670 ψάλλεις,
2449 600 2537 652 διὰ
2570 599 2668 670 τῆς
2695 598 3035 670 εὐαρμόστου
3063 616 3122 652 τε
3148 599 3242 652 καὶ
3263 599 3545 669 ἐμμελοῦς

1959 687 2214 757 θεωρίας.
2265 688 2375 740 Καὶ
2427 687 2588 741 πάλιν
2639 689 2869 758 νικήσας
2901 687 2994 740 τὸν
3049 689 3108 740 ἐν
3144 689 3396 758 κρυφίοις
3447 692 3543 742 ἐν·

1959 780 2248 851 εδρεύοντα
2278 779 2400 833 καθ’
2423 780 2579 849 ἡμῶν
2611 779 2773 850 θῆρα,
2814 778 2954 830 ὥστε
2991 779 3186 849 μηκέτι
3219 780 3311 831 τοῦ
3338 779 3543 850 ἐχθροῦ

1956 872 2018 926 τὸ
2063 872 2184 924 καθ’
2209 871 2365 942 ἡμῶν
2397 871 2656 941 καύχημα
2691 869 3106 940 περιλειφθῆναι
3145 874 3192 933 (ι
3231 872 3348 923 Ἵνα
3384 890 3403 921 ι
3430 871 3544 941 γὰρ

1965 981 1981 1012 ι
2026 963 2100 1033 μὴ
2131 963 2341 1035 προσθῇ
2370 963 2447 1016 ἔτι
2471 963 2563 1016 τοῦ
2607 963 2972 1032 μεγαλαυχεῖν
3004 963 3289 1031 ἄνθρωπος
3320 965 3409 1016 ἐπὶ
3435 964 3544 1033 τῆς

1959 1055 2063 1123 γῆς
2100 1074 2117 1106 ³
2143 1055 2160 1124 )
2184 1071 2196 1085 ·
2229 1057 2349 1108 τότε
2378 1055 2466 1108 διὰ
2509 1055 2608 1124 τῆς
2637 1057 2700 1107 ἐκ
2729 1053 2821 1107 τοῦ
2845 1055 3137 1107 ἀκολούθου
3180 1071 3273 1107 σου
3309 1071 3544 1124 προσγι-

1959 1145 2190 1214 νομένης
2222 1145 2411 1214 νίκης,
2445 1145 2785 1216 τελειοτέραν
2833 1144 2933 1214 τὴν
2982 1146 3064 1208 είς
3111 1145 3204 1196 τὸν
3256 1144 3388 1197 Θεὸν
3441 1161 3546 1196 πε-

1959 1236 2210 1306 ποίθησιν
2232 1237 2369 1307 ἔχων
2397 1237 2593 1305 λέγεις·
2635 1256 2654 1288 ‹
2707 1238 2830 1288 Ἐπὶ
2873 1237 2950 1307 τῷ
2983 1234 3172 1308 Κυρίῳ
3197 1234 3455 1288 πέποιθα.
3519 1253 3536 1284 ι

1972 1330 2059 1381 Ἐν
2086 1331 2150 1398 τῇ
2173 1329 2370 1400 ἐφεξῆς
2387 1328 2530 1400 νίκῃ,
2558 1328 2720 1380 πάλιν
2738 1328 2836 1398 τῆς
2857 1345 2875 1378 ι
2901 1329 3150 1398 Ὀγδόηςι
3179 1330 3454 1399 μεμνήσῃ,
3482 1330 3544 1379 ἐν

1960 1416 1994 1494 ᾖ
2025 1421 2425 1493 ἐξολοθρεύεται
2457 1421 2554 1492 μὲν
2587 1424 2620 1494 ἠ
2655 1441 2672 1473 ι
2703 1420 3011 1491 μεγαλορρή
3023 1439 3136 1490 μων
3164 1420 3405 1488 γλῶσσα,
3442 1421 3544 1471 καὶ

1958 1514 2028 1569 τὰ
2063 1514 2212 1586 χείλη
2246 1513 2313 1567 τὰ
2395 1514 2578 1578 δόλια,
2610 1534 2627 1566 ι
2657 1514 2751 1567 καὶ
2801 1516 2832 1584 ὴ
2883 1513 3024 1567 κατὰ
3051 1512 3145 1566 τοῦ
3175 1512 3309 1564 Θεοῦ
3341 1512 3540 1580 μανίαι

1963 1604 2395 1675 φυλαχθήσονται
2443 1606 2499 1658 δέ
2546 1607 2653 1659 ἀπὸ
2700 1609 2798 1676 τῆς
2838 1607 3036 1673 γενεᾶς
3083 1603 3289 1673 ταύτης
3323 1605 3417 1657 καὶ
3457 1605 3545 1666 εἰς

1955 1697 2050 1750 ¹τὸν
2074 1697 2265 1760 αἰῶνα,
2295 1699 2344 1750 οἱ
2379 1698 2452 1768 μὴ
2481 1698 2538 1750 ἐν
2564 1698 2750 1768 κύκλῳ
2773 1699 2872 1768 τῆς
2901 1696 3156 1759 ἀσεϐείας
3187 1713 3547 1767 συμπεριπα-

1962 1788 2179 1852 τοῦντες
2198 1829 2211 1851 ,
2251 1789 2388 1841 ἀλλὰ
2419 1791 2518 1860 τῆς
2548 1789 2763 1853 εὐθείας
2806 1790 3050 1860 ἐχόμενοι
3068 1777 3097 1852 ,”
3111 1790 3175 1859 ἣν
3205 1790 3544 1842 ἐνεκαίνισεν

1959 1881 2092 1949 ἡμῖν
2119 1881 2145 1931 ὀ
2167 1877 2299 1942 Θεὸς
2356 1879 2474 1932 ὁδὸν
2509 1880 2818 1950 πρόσφατον
2843 1881 2939 1933 καὶ
2965 1880 3165 1945 ζῶσαν.
3210 1871 3320 1934 Καὶ
3349 1881 3403 1934 τί
3430 1882 3544 1952 χρὴ

1959 1967 2026 2018 τὰ
2071 1967 2192 2020 καθ’
2237 1967 2464 2020 ἕκαστον
2509 1968 2790 2033 διεξιέναι,
2847 1969 3047 2031 ἱκανῶς
3093 1986 3173 2022 σοι
3213 1970 3310 2040 τῆς
3343 1969 3542 2038 ἐφόδου

1959 2060 2161 2127 ταύτης
2207 2059 2307 2128 τὴν
2349 2059 2443 2112 ἐπὶ
2483 2061 2550 2113 τὰ
2601 2060 2832 2132 κρείττω
2885 2061 3107 2132 πρόοδον
3162 2061 3250 2114 διὰ
3291 2062 3397 2130 τῆς
3425 2062 3542 2114 τῶν

1958 2150 2190 2220 ψαλμῶν
2229 2150 2435 2215 τάξεώς
2474 2170 2535 2204 τε
2585 2155 2680 2206 καὶ
2710 2155 3019 2224 ἐπιγραφῆς
3055 2156 3548 2226 προδεικνυούσης;

1957 2243 2018 2294 ού
2057 2243 2266 2314 μικρῶς
2302 2245 2434 2314 ἡμῖν
2468 2246 2602 2315 πρὸς
2657 2246 2756 2318 τὴν
2797 2248 3050 2318 τοιαύτην
3083 2249 3539 2320 συμὸαλλομένης

1957 2333 2192 2387 διάνοιαν
2244 2335 2344 2405 τῆς
2403 2337 2798 2409 προϐληθείσης
2840 2343 2951 2403 τοῖς
3004 2338 3310 2412 ἔμπροσθεν
3357 2340 3545 2409 λόγοις

1959 2424 2069 2476 τῶν
2102 2427 2424 2498 ἐπιγραφῶν
2459 2430 2775 2502 ἑρμηνείας.
3459 2436 3471 2447 ’

2448 2677 2844 2733 ΚΕΦΑΛᾹΙΟΝ
2883 2679 2981 2734 lB'.

2048 2786 2186 2840 Ἀλλ’
2215 2787 2296 2841 ὅτι
2333 2791 2701 2863 συνεπεράνθη
2750 2791 2812 2845 τὸ
2843 2791 3059 2863 πρῶτον
3091 2791 3284 2863 τμῆμα
3320 2793 3422 2865 τῆς
3451 2792 3548 2848 διὰ

277 2890 472 2929 rursus
494 2873 913 2942 quadragesimo
932 2872 1141 2941 psalmo
1182 2873 1475 2926 resumitur
1507 2870 1808 2926 beatitudin

2003 2877 2072 2930 ὧν
2100 2877 2330 2949 ψαλμῶν
2360 2881 2699 2944 ἀναόἀσεως,
2731 2883 2788 2934 ἐν
2821 2883 2898 2952 τῷ
2929 2882 3348 2954 τεσσαρακοστῷ
3375 2884 3548 2938 πάλιν

279 2967 505 3021 mentio.
538 2966 708 3020 Aliter
751 2976 928 3020 tamen
961 2967 1016 3019 in
1058 2965 1213 3020 initio
1247 2964 1507 3020 deﬁnitur
1551 2965 1856 3034 beatitudo,

278 3063 382 3118 sub
415 3063 628 3117 initium
663 3065 808 3118 enim
835 3061 958 3133 fuga
981 3071 1034 3118 et
1071 3063 1286 3120 aversio
1334 3078 1364 3116 a
1401 3063 1547 3116 malo
1583 3064 1638 3116 in
1683 3063 1858 3118 beati-

280 3156 467 3209 tudine
501 3155 912 3208 numerabatur.
945 3154 1015 3206 At
1045 3153 1136 3207 hic
1166 3155 1323 3208 beata
1362 3153 1692 3224 praedicatur
1725 3155 1853 3208 boni

278 3257 334 3302 et
377 3247 508 3302 recti
543 3245 804 3316 cognitio.
862 3244 994 3298 Boni
1042 3260 1173 3300 vero
1234 3254 1454 3311 natura,
1503 3246 1590 3301 vel
1629 3246 1674 3302 si
1712 3247 1858 3316 quod

279 3337 638 3394 excellentius
668 3341 792 3404 hoe,
828 3337 911 3392 vel
943 3351 1162 3402 nomen,
1190 3337 1275 3392 vel
1306 3339 1602 3406 cogitatum
1629 3339 1857 3407 reperiri

281 3439 483 3502 potest,
525 3427 661 3482 nihil
689 3427 960 3493 estaliud,
1004 3443 1164 3496 quam
1196 3427 1509 3498 unigenitus
1530 3427 1626 3483 Dei
1664 3427 1858 3494 Filius,

279 3524 373 3594 qui
409 3539 532 3576 cum
569 3521 722 3577 dives
752 3531 918 3587 esset,
969 3529 1191 3592 propter
1221 3536 1322 3576 nos
1373 3519 1556 3576 factus
1609 3531 1693 3576 est
1737 3536 1862 3591 ege-

280 3630 407 3669 nus.
434 3614 606 3683 Cujus
665 3613 718 3668 in
793 3629 960 3669 carne
1019 3620 1320 3684 egestatem
1347 3611 1693 3684 Evangelicis
1720 3612 1861 3668 scri-

281 3707 389 3780 ptis
427 3707 587 3761 uobis
615 3705 1069 3767 demonstratam,
1110 3705 1287 3758 oratio
1319 3705 1419 3758 hoc
1439 3704 1558 3760 loco
1582 3705 1863 3774 praesigni-

282 3798 429 3861 iicat,
456 3813 581 3851 cum
617 3797 837 3852 beatum
875 3797 1157 3864 praedicat,
1187 3796 1280 3866 qui
1309 3795 1496 3851 debita
1550 3797 1858 3866 intelligen-

281 3888 357 3940 tia
390 3893 763 3956 paupertatem
787 3886 934 3938 illam
959 3886 1260 3955 cognoscit,
1283 3887 1376 3955 qui
1408 3902 1614 3956 pauper
1640 3888 1857 3956 quidem

282 3987 402 4034 erat
423 3977 719 4031 secundum
761 3976 904 4030 servi
936 3975 1185 4039 formam,
1222 3977 1544 4032 benedictus
1565 3987 1744 4031 autent
1775 3993 1861 4032 se-

285 4069 523 4124 cundum
556 4066 864 4121 divinitatis
892 4075 1165 4120 naturam.
1198 4068 1414 4137 Egenus
1448 4069 1595 4124 enim
1639 4077 1694 4124 et
1722 4085 1858 4139 pau~

289 4175 386 4228 per
443 4157 713 4229 principio
758 4157 922 4225 hujus
963 4158 1279 4227 psaiinodize
1317 4161 1667 4226 nominatur;
1706 4169 1759 4214 at
1805 4161 1856 4214 in

1961 2967 1994 3038 ἡ
2021 2967 2113 3020 τοῦ
2146 2971 2494 3042 μακαρισμοῦ
2518 2971 2854 3042 ἐπανάληψις
2881 2972 3118 3040 γίνεται,
3150 2974 3322 3037 ἄλλως
3341 2974 3437 3028 τοῦ
3462 2975 3548 3028 λό-

1961 3073 2057 3119 γου
2083 3058 2232 3128 παρὰ
2253 3059 2546 3130 τὴνλάρχὴν
2564 3061 2884 3132 ὁριζομένου
2901 3063 3030 3132 ἡμῖν
3047 3062 3106 3116 τὸ
3138 3063 3428 3136 μακάριον.
3448 3064 3547 3118 Ἐν

1961 3148 2067 3218 γὰρ
2097 3151 2210 3210 τοῖς
2239 3147 2498 3220 πρώτοις,
2521 3150 2581 3203 τὸ
2617 3151 2917 3221 ἀποστῆναι
2941 3152 3034 3204 τοῦ
3067 3153 3237 3206 κακοῦ
3265 3155 3547 3226 μακάριον

1958 3235 2028 3311 ἦν
2046 3257 2059 3272 ο
2097 3240 2330 3294 ἐνταῦθα
2353 3241 2490 3294 δὲτὸ
2512 3243 2808 3310 ἐπιγνῶναι
2845 3243 2906 3296 τὸ
2928 3243 3132 3311 ἀγαθὸν
3154 3245 3544 3316 μακαρίζεται.

1972 3334 2036 3386 Ἦ
2066 3333 2123 3387 δὲ
2169 3333 2261 3386 τοῦ
2307 3333 2512 3402 ἀγαθοῦ
2560 3335 2752 3403 φύσις,
2800 3335 2833 3406 ἢ
2872 3335 3008 3388 εἴτι
3045 3330 3139 3389 καῖ
3182 3337 3320 3408 ὑπὲρ
3346 3337 3546 3392 τούτου

1958 3422 2182 3477 δυνατόν
2225 3424 2371 3476 ἐστιν
2405 3423 2648 3496 ἐξευρεῖν
2677 3426 2827 3497 ῥῆμα
2855 3426 2889 3496 ἢ
2921 3427 3118 3497 νόημα,
3147 3422 3300 3492 οὗτος
3323 3429 3351 3480 ὁ
3380 3444 3549 3500 μονοο

1959 3514 2122 3585 γενής
2161 3513 2276 3566 ἐστι
2305 3513 2473 3578 Θεὸς,
2505 3515 2564 3578 ὃς
2593 3515 2660 3569 δι’
2709 3516 2856 3586 ἡμᾶς
2897 3516 3242 3587 ἐπτώχευσεν
3283 3519 3547 3584 πλούσιος

1960 3603 2056 3659 ὢν.
2091 3600 2165 3660 Ob
2208 3605 2310 3677 τὴν
2345 3608 2402 3660 ἐν
2435 3609 2599 3679 σαρκὶ
2630 3609 2902 3680 πτωχείαν
2935 3609 3034 3681 τὴν
3060 3610 3148 3665 διὰ
3176 3611 3277 3682 τῆς
3308 3613 3533 3680 εὐαγγεε

1959 3696 2116 3769 λικῆς
2154 3699 2394 3772 ἱστορίας
2432 3702 2564 3770 ἡμῖν
2615 3700 3009 3770 ἐπιδείχθέἶσαν
3051 3701 3282 3755 ἐνταῦθα
3320 3720 3545 3774 προμη-

1960 3789 2074 3842 νύει
2107 3791 2135 3842 ὁ
2179 3790 2367 3858 λόγος,
2428 3792 2751 3863 μακαρίζων
2787 3793 2878 3846 τὸν
2938 3792 3074 3863 μετὰ
3126 3793 3390 3856 συνέσεως
3437 3795 3546 3866 τὴν

1960 3882 2232 3952 πτωχείαν
2267 3883 2480 3952 ἐκείνην
2503 3884 2869 3954 γνωρίσαντα.
2907 3887 3003 3948 Ὃς
3023 3886 3237 3956 πτωχὸς
3266 3885 3366 3956 μὲν
3396 3887 3550 3940 κατὰ

1958 3972 2057 4044 τὴν
2089 3973 2182 4025 τοῦ
2215 3973 2400 4028 δούλου
2449 3976 2662 4048 μορφὴν
2683 4015 2698 4040 ,
2733 3976 3022 4048 εὐλογητὸς
3055 3977 3109 4029 δέ
3139 3977 3278 4030 κατὰ
3311 3978 3409 4048 τὴν
3435 3979 3546 4048 τῆς

1961 4065 2210 4134 θεότητος
2261 4064 2441 4135 φύσιν.
2490 4067 2705 4137 Πένητα
2736 4069 2845 4139 γὰρ
2885 4068 3046 4122 αὐτὸν
3084 4069 3178 4122 καὶ
3221 4069 3434 4138 πτωχὸν
3482 4072 3547 4123 ἐν

1962 4156 2266 4226 προοιμίοις
2307 4157 2405 4227 τῆς
2437 4157 2751 4230 ψαλμῳδίας
2779 4160 3051 4228 ὀνομάσας
3077 4162 3105 4213 ὁ
3131 4159 3316 4229 λόγος,
3346 4161 3438 4213 ἐπὶ
3462 4162 3545 4228 τῷ

289 4252 393 4306 line
424 4249 684 4304 sectionis
705 4249 924 4302 additur
953 4267 966 4303 :
997 4266 1016 4300 ι
1045 4245 1376 4304 Benedictus
1413 4251 1672 4306 Dominus
1707 4251 1815 4305 Deu

2003 4246 2104 4299 ἐλει
2129 4247 2220 4300 τοῦ
2239 4248 2523 4318 τμήματός
2546 4266 2731 4320 φησιν’
2758 4269 2775 4301 ι
2808 4249 3106 4320 Εὐλογητὸς
3129 4250 3331 4322 Κύριος
3356 4251 3383 4303 ὁ
3405 4251 3545 4316 Θεὸς

289 4342 452 4396 Israel
483 4357 512 4395 a
552 4343 752 4395 saeculo
785 4341 839 4394 in
867 4340 1149 4405 szcculum,
1186 4339 1293 4409 ﬁat,
1319 4339 1427 4394 ﬁat.
1453 4358 1471 4391 ›
1500 4339 1599 4407 Qui
1626 4341 1815 4412 igituri

2003 4335 2053 4389 οῦ
2105 4337 2321 4409 Ἰσραὴλ
2350 4338 2457 4391 ἀπὸ
2477 4338 2570 4391 τοῦ
2596 4338 2793 4402 αἰῶνος
2850 4339 2944 4392 καὶ
2976 4341 3054 4402 εἰς
3080 4341 3168 4392 τὸν
3197 4340 3391 4400 αἰῶνα,
3433 4341 3537 4406 γέ-

287 4435 430 4486 hanc
466 4433 807 4486 altitudinem
839 4433 1034 4496 evasit,
1065 4432 1154 4486 ille
1204 4433 1430 4487 alteram
1476 4435 1815 4489 ascensione:

2003 4445 2122 4494 atto,
2151 4429 2375 4497 γένοιτο.
2417 4451 2434 4483 ι
2477 4431 2534 4485 Ὀ
2567 4432 2744 4486 τοίνυν
2765 4432 2857 4487 ἐπὶ
2880 4433 3036 4486 τοῦτο
3063 4431 3273 4502 φθᾶσας
3296 4434 3355 4486 τὸ
3383 4433 3541 4502 ὕψος,

292 4523 500 4591 incipit.
546 4521 680 4575 Nam
727 4523 918 4576 relicto
950 4532 1102 4593 patre
1128 4522 1291 4588 Core,
1339 4525 1432 4594 qui
1475 4540 1571 4594 per
1595 4541 1860 4595 arrogan-

290 4614 420 4667 tiam
444 4613 809 4667 sacerdotium
847 4613 948 4667 sibi
987 4615 1294 4684 ursurpavit,
1329 4623 1383 4669 et
1420 4617 1491 4670 ob
1525 4615 1575 4669 id
1613 4616 1735 4687 igne
1765 4632 1863 4671 et-

289 4713 467 4770 ustus,
499 4711 552 4758 et
583 4704 650 4757 ab
672 4703 819 4758 hiatu
854 4704 1170 4775 absorptus,
1191 4712 1245 4758 et
1273 4707 1375 4759 sub
1400 4713 1599 4760 terram
1630 4715 1850 4777 propter

286 4795 490 4849 scelera
515 4795 730 4849 abditus
753 4802 837 4849 est
864 4795 932 4860 ⁷⁸,
953 4811 1081 4849 vero
1101 4806 1154 4849 et
1175 4795 1416 4865 legitimo
1435 4794 1578 4849 Patri
1603 4813 1661 4852 se
1683 4813 1774 4866 per
1797 4797 1858 4850 li-

286 4884 407 4939 dem
436 4885 806 4955 adoptandum
831 4885 1147 4948 committit,
1193 4900 1300 4939 non
1352 4886 1598 4957 ignarus,
1653 4899 1858 4957 quanto

286 4977 604 5031 discrimine
655 4975 858 5030 distent
891 4975 986 5030 Dei
1023 4970 1224 5031 'ﬁlium
1276 4976 1410 5042 ﬁeri,
1469 4989 1522 5033 et
1561 4977 1728 5032 ﬁlium
1766 4979 1860 5034 de-

289 5069 516 5124 sertoris
538 5069 680 5123 Core
706 5067 1001 5122 nominari.
1028 5066 1273 5139 Adeptus
1325 5086 1456 5142 ergo
1487 5071 1644 5126 linem
1691 5071 1861 5126 victo-

289 5161 402 5220 τίω.
453 5161 723 5230 simulque
775 5159 1087 5230 intelligens
1133 5170 1336 5231 quanta
1403 5165 1474 5219 sit
1521 5164 1664 5218 inter
1713 5163 1861 5218 hunc

287 5259 341 5305 et
362 5253 560 5306 malum
601 5251 752 5305 illum
805 5259 1015 5323 patrem
1051 5253 1378 5319 differentia,
1425 5265 1864 5325 consumptaque

292 5343 345 5395 in
382 5358 440 5396 se
467 5351 520 5396 et
558 5342 819 5396 devorato
849 5358 915 5397 eo
948 5345 1091 5414 quod
1124 5343 1298 5400 ferum
1327 5354 1482 5402 estet
1507 5355 1858 5404 venenatum.

291 5445 445 5484 more
475 5444 785 5494 cervorum,
821 5432 1026 5502 quibus
1048 5436 1260 5506 reptilia
1293 5452 1618 5494 consumere
1651 5438 1736 5494 vis
1780 5438 1864 5490 in-

1961 4521 2154 4590 ἐτέρας
2180 4522 2498 4587 ἀναϐάσεως
2529 4525 2777 4595 ἄρχεται.
2811 4524 3139 4578 Καταλιπὼν
3166 4526 3274 4597 γὰρ
3311 4525 3400 4578 τὸν
3430 4543 3544 4578 πα-

1962 4611 2093 4680 τέρα
2116 4612 2206 4664 τὸν
2243 4613 2420 4684 Κορὲ,
2467 4615 2559 4666 τὸν
2593 4615 2658 4668 δι’
2705 4615 3116 4686 ὁπερηφανείας
3156 4616 3546 4670 ἐπαναστάντα

1965 4703 2029 4770 τῇ
2061 4702 2347 4773 ἱερωσύνῃ,
2381 4705 2472 4756 καὶ
2500 4703 2588 4756 διὰ
2611 4702 2770 4757 τοῦτο
2795 4706 3251 4776 καταπρησθέντα
3274 4705 3352 4776 τῷ
3381 4709 3545 4777 πυρὶ,

1965 4792 2058 4843 καὶ
2107 4793 2526 4862 καταχωσθέντα
2575 4795 2653 4863 τῷ
2699 4797 2976 4867 χάσματι,
3022 4799 3114 4852 καὶ
3163 4799 3419 4867 ὑπόγειον
3482 4800 3547 4865 ἐξ

1967 4883 2240 4954 ἁμαρτίας
2267 4887 2558 4957 γενόμενον
2577 4928 2593 4951 ,
2629 4888 2706 4960 τῷ
2742 4889 2980 4961 ἀληθινῷ
3010 4891 3181 4961 Πατρὶ
3213 4891 3400 4943 ἐαυτὸν
3427 4893 3547 4943 εἱσ-

1968 4977 2113 5027 ποιεῖ
2137 4971 2226 5030 διὰ
2269 4979 2367 5048 τῆς
2393 4979 2647 5043 πίστεως.
2673 4983 2858 5044 Συνεὶς
2887 4983 3010 5035 ὅσον
3041 4983 3156 5036 ἐστὶ
3195 4983 3256 5036 τὸ
3285 4983 3550 5056 διάφορον

1966 5065 2100 5118 Θεοῦ
2150 5067 2339 5120 τέκνον
2387 5069 2675 5137 γενέσθαι,
2703 5072 2736 5142 ἦ
2771 5072 2863 5126 τοῦ
2897 5074 3204 5128 ἀποστάτου
3239 5075 3383 5146 Κορέ
3428 5077 3550 5130 υἱὸν

1961 5159 2341 5229 χρηματίζειν.
2387 5151 2578 5232 Τυχὼν
2624 5163 2803 5218 τοίνυν
2852 5165 2946 5218 τοῦ
2991 5166 3176 5230 τέλους
3218 5168 3316 5237 τῆς
3351 5169 3547 5240 νίκης.

1963 5253 2056 5306 καὶ
2097 5255 2255 5321 γνοὺς
2283 5255 2406 5308 ὅσον
2436 5257 2555 5309 ἐστὶ
2585 5256 2790 5326 μεταξὺ
2824 5257 3016 5312 τούτου
3049 5260 3142 5314 καὶ
3177 5259 3272 5312 τοῦ
3303 5263 3550 5332 πονηροῦ

1963 5346 2170 5417 πατρὸς
2205 5347 2266 5400 τὸ
2310 5347 2598 5418 διάφορον,
2632 5349 2910 5418 διαφαγὼν
2959 5367 3017 5403 τε
3065 5352 3156 5405 καὶ
3196 5351 3548 5420 ἐξαναλώσας

1964 5437 2022 5488 ἐν
2053 5437 2227 5503 ἐαυτῷ
2266 5439 2372 5492 πᾶν
2403 5437 2666 5511 θηριῶδες
2701 5440 2794 5495 καὶ
2835 5439 3038 5495 ἱοόόλον
3071 5441 3248 5495 νὸηιια
3281 5440 3424 5495 κατὰ
3449 5439 3548 5506 τὴν

361 5622 410 5656 ’³
437 5622 581 5682 Psal.
619 5641 692 5692 Ix,
724 5628 779 5683 l.
854 5632 900 5664 "
929 5631 1076 5691 Psal.
1116 5651 1170 5700 ι,
1205 5634 1260 5689 ‘2.
1339 5634 1385 5668 ⁷⁸
1421 5633 1566 5688 Psal.
1594 5648 1669 5697 ιι,
1701 5631 1752 5687 2.

2003 5649 2069 5690 m.
2100 5650 2211 5702 1m,
2243 5635 2307 5690 17
2333 5651 2454 5708 sqq.
