3766 5986
199 137 315 196 553

1611 138 1677 191 ΙΝ
1716 137 2052 196 PSALMOS.

3351 147 3455 201 554

197 253 317 306 τῶν
363 249 579 320 ἑλάφων
624 249 820 320 φύσιν,
872 247 952 316 οἷς
994 251 1327 324 ἀφανιστικὴ
1381 253 1490 308 τῶν
1541 254 1783 325 ἑρπετῶν

1891 261 2011 308 nata
2044 254 2209 326 viget,
2247 255 2492 312 imitatur
2535 259 2624 314 siti
2651 275 2870 330 quoque
2909 275 3152 326 cervum,
3194 271 3248 318 et
3272 263 3339 316 ad
3368 264 3439 318 di-

203 342 567 397 συνουσίωται
622 343 879 413 δύναμις,
945 348 1193 415 μιμεῖται
1247 346 1344 398 καὶ
1389 345 1466 414 τῷ
1517 345 1659 414 δίψει
1693 344 1784 398 τὸν

200 431 426 500 ἔλαφον,
456 430 553 484 καὶ
590 430 730 502 πρὸς
767 432 866 495 τὰς
906 433 1056 498 θείας
1088 433 1292 503 πηγὰς,
1322 433 1460 502 αὕτη
1501 434 1545 485 δ’
1595 433 1660 487 ἂν
1697 434 1780 504 εἴη

200 521 328 574 θεία
357 520 553 590 φύσις,
607 522 904 594 διψητικῶς
955 524 1066 595 ἔχει
1089 566 1104 590 ,
1131 526 1163 595 ὴ
1203 525 1301 594 μία
1330 542 1390 577 τε
1422 519 1555 578 οὖσα
1601 525 1694 578 καὶ
1725 526 1783 576 ἑν

201 613 382 683 τριάδι
437 611 807 683 θεωρουμένη.
869 632 888 665 ι
933 615 1029 668 Ὃν
1084 615 1282 686 τρόπον
1321 634 1339 666 ι
1391 615 1532 685 γὰρ,
1595 615 1780 686 φησὶν,

211 721 233 753 ι
275 701 528 754 ἐπιποθεῖ
562 704 591 755 6
644 703 842 773 ἔλαφος
881 705 974 757 ἑπὶ
1029 705 1128 768 τὰς
1177 705 1360 778 πηγὰς
1410 706 1520 760 τῶν
1553 706 1780 770 ὑδάτων,

200 790 379 854 οὕτως
409 792 661 845 ἐπιποθεῖ
686 796 720 864 ἡ
748 793 893 866 ψυχή
933 811 1035 864 μου
1068 796 1203 866 πρὸς
1244 796 1324 861 σὲ,
1353 796 1380 848 6
1417 794 1567 859 Θεός.
1601 816 1619 846 υ
1650 795 1782 852 Εἶτα

200 884 613 955 παραμυθεῖται
653 888 751 958 τὴν
779 887 936 956 δίψαν
981 888 1342 958 συνεχομένην
1368 891 1434 960 τῇ
1485 889 1780 961 ἐπιθυμίᾳ,

198 977 299 1028 καὶ
347 975 653 1029 σπεύδουσα
694 976 788 1029 τοῦ
837 976 1174 1048 ποθουμένου
1213 983 1424 1050 τυχεῖν,
1461 983 1556 1034 καὶ
1582 982 1684 1052 τὴν
1722 985 1780 1036 ὲν

197 1064 370 1135 ὀλίγῳ
400 1065 502 1134 τῆς
543 1065 654 1118 τῶν
686 1066 908 1134 ἀγαθῶν
940 1069 1227 1137 μετουσίας
1268 1070 1533 1142 ἀναϐολὴν
1562 1072 1618 1125 ἐν
1644 1089 1783 1141 συμ-

199 1157 351 1227 φορᾷ
393 1155 693 1226 ποιουμένη
741 1155 888 1225 λέγει
936 1159 1079 1212 κατά
1123 1175 1183 1212 τε
1230 1159 1292 1212 τὸ
1328 1161 1508 1231 μέσον,
1555 1162 1650 1215 καὶ
1690 1162 1783 1215 ἐπὶ

195 1245 348 1298 τέλει
400 1249 501 1316 τῆς
546 1244 896 1316 ψαλμῳδίας⁹
947 1265 966 1299 ‹
1015 1248 1132 1302 Ἵνα
1179 1249 1233 1302 τί
1286 1251 1584 1322 περίλυπος
1619 1247 1691 1316 εἷ,
1745 1254 1778 1322 ἡ

194 1336 352 1407 ψυχή
391 1353 525 1407 μους
565 1356 583 1388 ι
638 1340 763 1402 καὶ,
798 1357 816 1390 ι
857 1339 1115 1395 Ἔλπισον
1169 1341 1262 1395 ἑπὶ
1305 1341 1398 1396 τὸν
1448 1342 1612 1397 Θεόν-
1650 1363 1669 1396 ι
1707 1344 1783 1407 ὡς

196 1427 425 1497 ἀληθῶς
471 1430 602 1499 ἡμῖν
647 1430 747 1501 τὴν
777 1431 988 1502 ἀγαθὴν
1029 1433 1327 1488 ἀπόλαυσιν
1373 1436 1471 1504 τῆς
1507 1434 1656 1498 Θείας
1694 1437 1782 1490 ἑλ-

198 1520 362 1583 πίδος
393 1521 768 1592 ἑγγυωμένης.
802 1523 912 1576 Καὶ
936 1522 1108 1588 οὕτως
1145 1525 1238 1577 ἑπ⁹ι
1262 1525 1323 1578 τὸ
1359 1526 1485 1597 ἑξῆς
1511 1527 1777 1598 πρόεισιν,

1884 344 2278 417 vinosfontes,
2319 362 2458 418 quos
2493 349 2744 418 equidem
2788 350 2962 421 ipsam
3005 353 3245 408 divinam
3286 364 3450 408 natu-

1885 445 2002 484 ram
2028 447 2152 487 esse
2195 433 2455 501 arbitror,
2489 436 2572 491 sic
2603 447 2840 493 aestuans
2871 439 3061 505 fertur,
3097 458 3217 511 quae
3255 452 3450 500 natura

1885 537 1992 574 una
2023 524 2240 592 quidem
2257 541 2486 582 numero
2506 537 2609 592 est,
2635 539 2689 584 et
2722 537 2900 585 tamen
2940 531 2995 585 in
3018 531 3281 588 Trinitate
3317 538 3450 591 sub-

1884 613 2053 668 sistit.
2116 615 2208 669 Ait
2239 617 2384 671 enim
2421 636 2434 671 :
2468 618 2974 686 «Quemadmodum
3009 623 3281 678 desiderat
3328 641 3449 678 cer-

1886 720 1984 759 vus
2014 705 2080 758 ad
2111 703 2290 761 fontes
2320 723 2604 778 aquarum,
2642 712 2715 764 ita
2771 710 3046 766 desiderat
3099 715 3280 768 anima
3330 731 3449 770 mea

1883 791 1951 846 ad
1975 801 2047 858 te,
2075 793 2218 849 Deus
2242 796 2306 848 ⁷⁷.
2341 815 2360 848 ι
2395 796 2598 853 Deinde
2631 801 2838 854 solatur
2868 803 3013 857 sitim
3039 804 3321 873 cupiditati
3355 821 3450 860 co-

1883 881 2146 950 pulatam,
2210 883 2586 956 festinansque
2653 881 2706 943 id
2756 891 2899 959 quod
2947 891 3291 949 desiderabat
3325 911 3450 949 eon-

1883 970 2058 1040 sequi,
2119 979 2175 1026 et
2203 973 2288 1027 vel
2335 975 2584 1046 exiguam
2635 978 2974 1048 dilationem,
3017 999 3136 1052 qum
3178 983 3446 1040 bonorum

1883 1060 2099 1117 illorum
2136 1067 2580 1122 communionem
2622 1078 2888 1135 moratur,
2924 1073 2980 1126 in
3014 1073 3212 1129 damno
3238 1092 3448 1146 ponens

1881 1152 1958 1205 ait
2008 1153 2157 1209 circa
2204 1157 2466 1224 medium,
2522 1167 2578 1214 et
2625 1161 2729 1216 sub
2756 1163 2916 1218 ﬁnem
2955 1165 3152 1234 psalmi
3182 1185 3196 1222 :
3224 1167 3448 1234 «Quare

1880 1241 2055 1299 tristis
2092 1260 2174 1312 es,
2201 1247 2381 1302 anima
2411 1250 2575 1304 mea?
2603 1268 2622 1301 ι
2656 1250 2725 1304 Ει
2756 1271 2772 1307 :
2812 1271 2830 1304 ι
2856 1252 3024 1323 Spera
3044 1255 3100 1311 in
3131 1255 3260 1320 Deo,
3290 1267 3449 1314 itan-

1881 1349 2045 1403 quam
2089 1337 2342 1393 videlicet
2389 1355 2531 1395 verae
2570 1343 2772 1411 quietis
2806 1343 3044 1400 fructum
3103 1345 3285 1402 divina
3323 1366 3448 1420 spes

1880 1424 2040 1480 nobis
2074 1426 2417 1495 polliceatur.
2451 1427 2655 1500 Sicque
2683 1432 2750 1486 ad
2778 1433 2830 1488 id
2863 1434 3010 1504 quod
3044 1437 3295 1506 sequitur
3315 1454 3448 1509 pro.

1880 1516 2024 1570 cedit
2050 1517 2118 1582 ⁷⁸,
2152 1518 2244 1572 ubi
2275 1533 2370 1588 per
2401 1519 2644 1574 divinum
2675 1523 2847 1577 altare
2877 1525 3056 1580 denuo
3085 1526 3306 1597 juvenis
3337 1531 3452 1584 efﬁ-

196 1612 260 1664 ἑν
370 1611 458 1664 διὰ
503 1611 596 1664 τοῦ
644 1611 787 1665 θείου
835 1612 1220 1685 θυσιαστηρίου
1271 1617 1477 1685 γίνεται
1506 1618 1652 1682 νέος⁹
1685 1618 1780 1672 καὶ

1891 1605 2046 1672 citur,
2083 1615 2137 1662 et
2165 1608 2220 1662 in
2248 1617 2510 1681 sequente
2536 1627 2730 1668 rursus
2765 1613 2887 1669 illos
2919 1617 3013 1684 qui
3047 1633 3221 1688 genus
3249 1635 3280 1674 a
3309 1620 3450 1678 Core

196 1702 348 1755 κατά
373 1702 434 1754 τὸ
465 1700 591 1772 ἑξῆς
636 1703 796 1757 πάλιν
826 1705 951 1769 τοὺς
983 1708 1047 1759 ἑκ
1076 1706 1171 1759 τοῦ
1201 1708 1344 1779 Κορὲ
1370 1708 1429 1762 τὸ
1463 1709 1617 1778 γένος
1646 1727 1779 1764 κατ-

97 1799 110 1812 "
198 1793 470 1862 άγοντας,
529 1794 754 1865 νικητὰς
801 1796 1206 1867 ἀπεργάζεταιο
1279 1799 1493 1863 δεικνὺς
1545 1801 1626 1854 ὃτι
1680 1801 1780 1855 οὐκ

197 1885 474 1955 ἀμϐλύνει
519 1888 584 1956 τῇ
623 1886 908 1958 δυσγενείᾳ
945 1888 1052 1942 τῶν
1104 1889 1454 1962 πατέρων,ἠ
1499 1891 1651 1963 παρὰ
1701 1890 1781 1962 τῷ

195 1977 327 2048 Θεῷ
356 1978 726 2050 εὐδοκίμησις.
767 1979 877 2032 Καὶ
908 1980 966 2033 ἑν
998 1982 1063 2051 τῇ
1107 1979 1394 2052 ψαλμῳδίᾳ
1417 1981 1475 2034 δὲ
1505 1980 1675 2052 ταύτῃ
1702 1981 1781 2053 τῷ

196 2067 326 2138 Θεῷ
344 2068 441 2138 τῆς
456 2069 564 2120 τῶν
586 2067 797 2139 ἑχθρῶν
823 2070 1194 2141 καθαιρέσεως
1213 2071 1430 2136 ἀναθεὶς
1455 2071 1553 2143 τὴν
1579 2072 1778 2140 αἰτίαν,

197 2156 266 2208 ἑν
302 2149 386 2217 οἷς
412 2171 596 2225 φησιν’
635 2175 652 2208 ι
687 2157 935 2220 Ἕσωσας
955 2159 1065 2228 γὰρ
1088 2159 1233 2229 ἡμᾶς
1261 2159 1325 2212 ἑκ
1351 2159 1459 2211 τῶν
1494 2158 1782 2213 θλιϐόντων

196 2246 373 2314 ἡμᾶς,
399 2243 640 2308 καὶτοὺς
666 2245 954 2314 μισοῦντας
976 2248 1121 2316 ἡμᾶς
1148 2248 1510 2319 κατῄσχυνας·
1544 2269 1564 2302 ι
1589 2249 1782 2321 μετέρ-

197 2351 362 2406 χεται
382 2337 460 2399 είς
489 2335 586 2407 τὴν
614 2335 705 2389 τοῦ
736 2337 1018 2407 ἀγαπητοῦ
1039 2337 1200 2411 ᾠδήν.
1230 2340 1322 2394 ”Ιν’
1351 2341 1401 2392 οἱ
1428 2341 1687 2413 πρότερον
1715 2343 1782 2397 ἑκ

198 2427 303 2481 τοῦ
330 2428 640 2482 ἀποστάτου
672 2428 986 2499 γενόμενοι,
1023 2426 1142 2485 εἶτα
1170 2433 1387 2502 νικηταὶ
1419 2431 1514 2486 τοῦ
1541 2433 1780 2505 πονηροῦ

200 2519 598 2582 καταστάντες,
621 2519 707 2574 διά
739 2519 1004 2585 συνέσεως
1036 2522 1114 2585 είς
1142 2523 1202 2576 τὸ
1229 2524 1326 2594 τῆς
1349 2524 1504 2595 νίκης
1533 2524 1781 2593 φθάσωσι

201 2608 381 2671 τέλος.
415 2628 434 2660 ε
459 2607 552 2673 Εἰς
570 2609 632 2663 τὸ
650 2610 801 2674 τέλος
833 2630 853 2664 ι
873 2613 980 2685 γὰρ
1000 2631 1018 2664 ι
1042 2613 1120 2676 εἰς
1151 2612 1361 2668 σύνεσιν
1376 2611 1486 2683 ᾠδὴ
1517 2612 1654 2684 ὑπὲρ
1686 2611 1780 2666 τοῦ

201 2700 522 2771 ἀγαπητοῦ.
556 2717 575 2751 ι
613 2695 753 2773 Ἐνῇ
790 2701 883 2753 καὶ
914 2701 1290 2770 διδασκόμεθα,
1315 2703 1398 2766 τίς
1429 2703 1526 2773 μέν
1555 2704 1701 2759 ἑστιν
1720 2696 1780 2758 οὗ

204 2791 236 2842 6
269 2788 458 2860 θρόνος
480 2788 538 2854 ἑξ
574 2789 744 2842 ἀϊδίου
771 2791 1052 2842 ἐπιστατεῖ
1085 2789 1194 2844 τῶν
1227 2791 1415 2846 ὄντων.
1443 2791 1538 2856 Τίς
1560 2793 1617 2845 δὲ
1643 2810 1783 2864 παρ-

203 2880 367 2944 θένος
386 2880 988 2952 νυμφοστολεῖταιαύτῷ
1002 2881 1135 2952 πρὸς
1155 2881 1476 2952 συμϐίωσιν,
1496 2884 1594 2937 οὐκ
1610 2883 1781 2948 ἄλλως

205 2971 506 3043 ἀξιουμένη
529 2972 628 3043 τῆς
649 2973 812 3042 τιμῆς
837 2972 1061 3045 ταύτης,
1093 2973 1142 3026 εί
1170 2973 1242 3046 μὴ
1267 2973 1359 3027 τοῦ
1384 2975 1587 3046 πατρὸς
1613 2975 1782 3044 αὐτῆς

205 3064 391 3137 λήθην
442 3063 620 3118 λάϐοι.
659 3064 769 3118 Καὶ
797 3063 1000 3135 ταύτην
1040 3064 1258 3128 ἀναθεὶς
1285 3064 1362 3136 τῷ
1397 3065 1661 3137 ἀγαπητῷ
1684 3066 1783 3137 τὴν

207 3154 378 3226 ᾠδὴν,
402 3153 564 3206 πάλιν
601 3151 864 3207 ἐπινίκιον
893 3153 1034 3223 ὑπὲρ
1054 3154 1164 3206 τῶν
1201 3155 1330 3209 υἱῶν
1350 3155 1494 3227 Κορὲ
1512 3154 1779 3228 διέξεισιν,

205 3246 301 3299 διὰ
322 3245 430 3298 τῶν
474 3244 925 3314 ἀπορῥητοτέρων
942 3243 1198 3312 προάγων
1214 3242 1305 3296 τὸν
1320 3243 1496 3314 λόγον.
1520 3263 1539 3296 ‹
1571 3243 1740 3316 ’Υπὲρ
1759 3268 1779 3300 ι

209 3336 326 3406 γάρ
358 3353 376 3386 ι
415 3333 524 3387 τῶν
547 3334 792 3405 κρυφίων
831 3353 850 3386 ι
885 3333 1029 3387 ἐστὶν
1057 3335 1090 3405 ὴ
1133 3335 1230 3405 τῆς
1255 3335 1573 3406 ψαλμῳδίας
1613 3337 1784 3405 ἑπαγ-

210 3426 394 3495 γελία.
444 3425 533 3480 Ἐν
576 3421 656 3487 οἷς
696 3443 715 3476 ι
751 3421 884 3496 ἦχον
924 3425 1160 3488 ὑδάτων,
1197 3426 1288 3480 καὶ
1332 3428 1540 3499 κίνησιν
1581 3428 1780 3492 ἐθνῶν,

213 3518 312 3571 καὶ
360 3517 621 3587 βασιλέων
660 3516 882 3586 κλῆσιν,
929 3517 1024 3568 καὶ
1073 3514 1231 3568 σάλον
1277 3515 1380 3586 γῆς
1413 3535 1431 3569 ι
1465 3513 1684 3568 διελθὼν
1707 3515 1784 3586 τῷ

210 3607 382 3678 λόγῳ,
408 3607 501 3660 καὶ
522 3625 539 3658 ι
567 3605 659 3660 τὸν
677 3603 882 3676 Κύριον
908 3601 1112 3676 ’πάσηςρ
1121 3603 1398 3677 δυνάμεως
1424 3603 1542 3675 μεθ’
1570 3603 1726 3674 ἡμῶν
1759 3624 1778 3658 ι

213 3696 361 3752 εἶναι
391 3695 579 3750 εἰπών.

285 3790 365 3842 Δι’
398 3780 472 3841 ὧν
501 3786 756 3841 ἁπάντων
785 3785 882 3858 τὴν
923 3786 1009 3840 διὰ
1040 3785 1240 3858 σαρκὸς
1291 3784 1650 3857 προαγορεύει
1689 3785 1783 3841 τοῦ

212 3879 425 3949 Κυρίου
469 3876 787 3947 ἐμφάνειαν.
835 3876 960 3929 Ὅτι
998 3876 1122 3946 ἠχεῖ
1176 3875 1335 3946 μὲνὴ
1383 3874 1577 3944 φύσις,
1622 3891 1787 3945 μετα-

214 3971 393 4024 ϐαίνει
420 3987 479 4022 τε
523 3969 618 4022 καὶ
651 3968 753 4039 ὅρη
782 3966 851 4021 τὰ
888 3968 1062 4038 γεώδη
1087 3967 1183 4037 τῆς
1216 3967 1413 4030 κακίας
1441 3969 1783 4037 φρονήματα,

214 4061 452 4131 ἀκίνητα
494 4055 634 4113 εἶναι
680 4058 938 4112 δοκοῦντα
974 4061 1085 4122 τοῖς
1121 4057 1288 4112 πάλαι
1332 4058 1426 4111 καὶ
1455 4057 1783 4127 ἀμετάθετα.

225 4153 288 4206 Ὃ
311 4152 369 4205 δὲ
393 4152 492 4222 τῆς
513 4147 850 4221 εὐφροσύνης
881 4149 1121 4220 ποταμὸς
1183 4149 1462 4220 εὐφραίνει
1509 4148 1601 4202 τοῦ
1649 4148 1783 4202 Θεοῦ

1809 2935 1852 2994 C

1885 1696 2104 1752 trahunt
2143 1699 2380 1756 victores
2422 1701 2619 1767 reddit,
2672 1704 2968 1762 ostendens
3011 1723 3123 1763 non
3165 1709 3450 1768 obscurari

1882 1787 2222 1858 ignobilitate
2259 1799 2475 1861 patrum
2515 1795 2886 1852 celebritatem
2915 1805 2970 1852 et
2993 1799 3245 1869 gloriam,
3279 1819 3447 1873 quam

1882 1880 2007 1950 quis
2052 1881 2198 1951 apud
2247 1882 2417 1938 Deum
2470 1885 2701 1952 obtinet,
2762 1887 3036 1959 simulque
3079 1891 3180 1948 hoc
3235 1896 3448 1963 psalmo

1883 1979 2285 2043 peremptorum
2315 1975 2555 2030 hostium
2587 1992 2808 2033 causam
2863 1979 2976 2034 Deo
3035 1984 3318 2040 ascribens
3361 1985 3448 2041 his

1885 2061 2063 2116 verbis
2095 2080 2108 2114 :
2145 2081 2163 2114 ‹
2192 2062 2462 2120 Liberasti
2493 2067 2636 2122 enim
2671 2083 2774 2123 nos
2814 2070 2887 2125 de
2938 2071 3303 2143 aﬁligentibus
3343 2091 3446 2133 nos

1882 2159 1937 2206 et
1958 2153 2204 2211 odientes
2251 2171 2354 2215 nos
2409 2158 2790 2227 confudisti”,
2829 2181 2849 2215 ι
2895 2166 3090 2220 transit
3138 2167 3206 2221 ad
3264 2167 3448 2224 dilecti

1883 2244 2184 2310 canticum,
2229 2256 2291 2302 ut
2318 2250 2412 2320 qui
2446 2251 2598 2321 prius
2629 2251 2906 2310 desertore
2961 2263 3115 2326 patre
3171 2262 3446 2330 prognati,

1882 2333 2080 2391 deinde
2130 2337 2366 2396 victores
2419 2340 2594 2396 hostis
2634 2344 2857 2415 maligni
2912 2345 3088 2401 eﬁecti
3141 2357 3290 2415 sunt,
3348 2368 3448 2422 per

1884 2425 2216 2482 intellectum
2246 2429 2302 2483 in
2326 2429 2488 2486 ﬁnem
2510 2433 2752 2488 victoriae
2768 2436 3103 2504 perveniant.
3129 2455 3148 2491 ι
3174 2437 3230 2493 ln
3259 2441 3444 2510 ﬁnem,

1883 2515 1953 2570 ad
1985 2517 2340 2584 intellectum,
2384 2522 2661 2576 canticum
2695 2539 2793 2594 pro
2820 2522 3023 2581 dilecto
3051 2527 3127 2597 ⁸ος
3154 2549 3172 2582 ι
3193 2532 3273 2586 sic
3299 2532 3447 2586 enim

1884 2606 2170 2678 inscriptio
2194 2609 2375 2665 habet.
2416 2613 2533 2678 Quo
2559 2613 2717 2668 docet
2747 2614 2913 2670 etiam
2937 2617 3061 2686 quis
3085 2619 3156 2674 sit
3186 2620 3444 2688 thronus,

1883 2695 1977 2765 qui
2003 2697 2070 2752 ab
2103 2706 2308 2756 aeterno
2341 2703 2506 2757 rebus
2537 2703 2810 2772 praesidet,
2850 2716 2906 2766 et
2936 2708 3004 2766 ad
3028 2723 3149 2779 quae
3189 2711 3340 2781 virgo
3376 2713 3448 2769 ad

1884 2789 2224 2856 consortium
2260 2791 2362 2861 ipsi
2390 2795 2544 2863 quasi
2579 2809 2780 2864 sponsa
2811 2805 3106 2865 quaeratur,
3150 2815 3257 2856 non
3286 2804 3445 2859 aliter

1884 2877 1990 2933 hoc
2015 2879 2222 2955 honore
2272 2881 2435 2954 digna
2464 2885 2570 2940 nisi
2611 2893 2818 2954 patrem
2861 2903 3020 2944 suum
3067 2893 3444 2962 obliviscatur,

1883 2967 2096 3039 hocque
2121 2969 2323 3027 dilecto
2368 2975 2642 3030 canticum
2700 2991 3032 3037 consecrans
3080 2993 3134 3038 et
3163 2985 3446 3054 dedicans,

1885 3074 2080 3116 rursus
2109 3062 2381 3132 epinicion
2415 3066 2571 3132 texit,
2602 3073 2656 3122 et
2680 3070 2996 3139 exsequitur
3011 3088 3110 3142 pro
3133 3073 3258 3132 ﬁliis
3283 3077 3444 3144 Core,

1884 3164 2136 3208 sermone
2169 3169 2266 3224 per
2295 3155 2636 3212 abstrusiora
2674 3157 2922 3216 instituto
2953 3181 2970 3219 :
2996 3171 3080 3219 est
3109 3167 3256 3221 enim
3289 3187 3307 3220 ‹
3339 3168 3448 3226 Pro

1884 3242 2145 3299 arcanis»
2190 3245 2385 3315 psalmi
2434 3245 2600 3316 hujus
2651 3259 3030 3319 argumentum
3085 3263 3140 3310 et
3199 3273 3444 3326 summa;

1883 3332 1975 3387 ubi
2012 3352 2030 3384 ‹
2061 3349 2255 3391 sonum
2287 3351 2580 3407 aquarum,
2611 3346 2667 3395 et
2693 3333 3055 3398 turbationem
3089 3347 3354 3416 gentium,
3391 3357 3446 3404 ct

1881 3440 2071 3495 regum
2141 3430 2482 3486 vocationem
2527 3439 2847 3503 motumque
2900 3444 3058 3490 terrae
3097 3455 3116 3488 ι
3159 3438 3441 3504 describit,

1887 3528 1905 3560 ι
1930 3511 2332 3586 Dominumque
2348 3517 2526 3574 omnis
2548 3518 2769 3575 virtutis
2784 3518 3072 3580 nobiscum
3090 3542 3232 3598 esse,
3254 3550 3272 3583 ι
3297 3545 3448 3587 assc-

1887 3610 2054 3660 verat.

1954 3780 2162 3850 Quibus
2194 3783 2446 3838 omnibus
2499 3783 2712 3838 Domini
2735 3799 2833 3855 per
2873 3799 3094 3842 carnem
3126 3787 3450 3841 manifesta-

1885 3877 2087 3932 tionem
2139 3875 2400 3946 praedicit,
2425 3876 2642 3948 quando
2685 3885 2882 3934 natura
2926 3877 3144 3948 quidem
3193 3887 3447 3941 resonat;

1885 3976 2168 4024 transeunt
2207 3981 2336 4022 vero
2383 3977 2436 4024 et
2469 3968 2876 4026 transferuntur
2923 3976 3157 4036 montes,
3188 3969 3292 4024 hoc
3342 3978 3447 4034 est,

1883 4067 2060 4114 terrea
2109 4073 2268 4114 sensa
2306 4066 2360 4113 et
2397 4059 2652 4129 cogitata,
2679 4074 2801 4130 quae
2828 4059 2959 4113 olim
2983 4058 3311 4135 videbantur
3345 4059 3451 4112 im-

1885 4151 2105 4205 mobilia
2133 4158 2188 4205 ct
2226 4151 2344 4206 loco
2365 4149 2557 4207 cedere
2603 4151 2806 4207 nescia.
2850 4149 3074 4205 Laetitiae
3147 4159 3324 4204 autem
3356 4149 3452 4204 ﬂu-

213 4243 318 4315 τὴν
338 4241 510 4306 πόλιν,
532 4241 628 4293 καὶ
653 4239 713 4292 τὸ
739 4240 928 4292 ἑαυτοῦ
947 4241 1208 4310 σκήνωμα
1225 4239 1437 4307 ἁγιάζει
1461 4241 1488 4292 6
1505 4239 1782 4308 Ὕψιστος·

1891 4241 2011 4296 vius
2045 4240 2280 4303 laetiﬁcat
2313 4241 2588 4296 civitatem
2623 4240 2801 4305 Dei,et
2830 4240 3240 4295 tabernaculum
3289 4255 3450 4295 suum

214 4336 314 4388 καὶ
343 4333 443 4386 ὅσα
486 4332 583 4403 τῆς
625 4331 941 4394 ἀκολουθίας
981 4331 1161 4401 ἔχεται
1199 4330 1434 4401 ταύτης,
1469 4330 1534 4383 δι’
1562 4324 1636 4384 ὧν
1677 4333 1788 4394 τοῖς

213 4423 506 4494 αἰνίγμασι
519 4422 728 4485 τούτοις
746 4421 1106 4493 προαγορεύει
1131 4423 1158 4474 6
1172 4421 1326 4489 λόγος
1344 4421 1410 4474 τὰ
1426 4420 1649 4492 κρύφια.
1673 4422 1786 4476 Πά-

213 4515 304 4570 λιν
342 4515 429 4583 ὲφ’
477 4513 666 4585 ἑτέραν
721 4513 1036 4584 μεταϐαίνει
1086 4513 1244 4583 νίκην
1277 4511 1510 4579 όλόγος,
1614 4513 1790 4567 πάντα

211 4608 496 4677 ἐπικροτεί
535 4605 602 4657 τά
647 4604 772 4675 ἔθνη
815 4605 906 4657 καὶ
961 4604 1352 4671 ἑπαγάλλεται,
1383 4603 1514 4657 διότι
1555 4622 1574 4656 ι
1617 4604 1789 4674 ἀνέϐη

213 4699 245 4751 6
271 4696 408 4758 Θεὸς
436 4698 492 4748 ἑν
519 4694 838 4764 ἀλαλαγμῷ.
875 4714 894 4746 ι
927 4693 1110 4764 Σαφὴς
1135 4695 1192 4746 δέ
1230 4710 1310 4748 σοι
1339 4694 1554 4757 πάντως
1581 4693 1726 4747 ἐστὶν
1761 4696 1790 4747 6

213 4791 316 4858 τῆς
361 4788 678 4850 ἀναϐάσεως
719 4787 905 4855 λόγος,
946 4785 1033 4838 διὰ
1063 4787 1161 4856 τῆς
1198 4786 1490 4856 ἑρμηνείας
1522 4785 1613 4839 τοῦ
1643 4785 1791 4838 Παύ-

213 4880 333 4943 λου,
384 4880 441 4942 ϐς
493 4895 676 4948 φησιν,
711 4897 730 4929 ι
769 4878 842 4950 μὴ
883 4871 1020 4933 εἶναι
1053 4877 1272 4933 δυνατὸν
1303 4878 1590 4948 ἀναϐῆναι,
1622 4879 1669 4930 εἰ
1714 4878 1788 4948 μὴ

215 4971 280 5024 τὸ
321 4968 625 5038 καταϐῆναι
664 4966 1140 5037 προκαθηγήσατο.
1189 4987 1208 5019 ι
1259 4970 1354 5027 Ὃς
1400 4967 1619 5037 ψάλλειν
1653 4971 1790 5038 μετά

218 5061 491 5122 συνέσεως
529 5061 738 5122 πάντας
782 5058 1143 5126 ὲγκελεύσας,
1188 5059 1498 5129 μεταϐαίνει
1541 5057 1792 5129 τῷλόγῳ

218 5153 355 5224 πρὸς
394 5150 731 5220 ὑψηλοτέραν
772 5149 1138 5216 κατάστασιν,
1183 5167 1202 5200 ‹
1247 5150 1346 5220 τὴν
1393 5149 1648 5218 δευτέραν
1694 5147 1788 5202 τοῦ

218 5245 495 5300 Σαϐϐάτου
531 5263 549 5294 ι
581 5241 834 5294 ὑπόθεσιν
864 5241 963 5311 τῆς
989 5243 1129 5313 ᾠδῆς
1155 5243 1542 5313 ποιησάμενος.
1562 5240 1710 5312 Αὕτη
1733 5239 1789 5292 δὲ

216 5340 268 5392 εί
301 5336 399 5408 μὲν
438 5334 580 5388 κατά
607 5334 706 5404 τὴν
735 5333 956 5404 πρώτην
979 5335 1234 5390 σύστασιν
1260 5334 1536 5406 θεωροῖτο,
1560 5329 1788 5403 οὐρανοῦ

322 5453 367 5484 ⁷⁷
393 5450 540 5506 Psal.
575 5463 686 5506 xu.
713 5446 770 5500 2.
876 5449 920 5481 ⁷⁸
939 5449 1082 5506 Psal.
1110 5467 1240 5519 xm,
1266 5450 1319 5517 9.,
1348 5450 1402 5514 5,
1459 5448 1511 5503 6.

219 5525 264 5561 ⁸²
295 5523 443 5580 Psal.
487 5533 657 5582 xnvn,
695 5519 742 5572 l.

548 5614 821 5674 PATROL.
853 5614 896 5674 G
911 5633 968 5672 [ι.
1008 5611 1224 5673 XLIV.

1617 5448 1660 5479 "
1687 5444 1835 5501 Psal.
1873 5457 2027 5510 XLI“,
2071 5439 2104 5496 8
2136 5454 2256 5510 sqq.

1885 4332 2187 4388 sanctiﬁcat
2212 4332 2543 4397 Altissimus,
2576 4338 2631 4386 et
2653 4331 2756 4384 alia
2783 4345 2903 4398 quae
2949 4329 3015 4383 ad
3058 4331 3301 4384 eamdem
3335 4345 3451 4383 ora-

1881 4421 2048 4478 tionis
2078 4421 2271 4475 seriem
2311 4421 2601 4491 pertinent,
2631 4419 2830 4489 quibus
2879 4426 3138 4487 tanquam
3196 4418 3460 4488 aenigma-

1883 4514 1976 4578 tis,
2031 4521 2086 4568 et
2141 4513 2437 4568 involucris
2488 4509 2765 4566 nonnullis
2813 4507 3184 4579 praedicuntur
3229 4523 3451 4563 arcana.

1885 4605 2098 4660 Rursus
2119 4602 2185 4657 ad
2211 4603 2368 4657 aliam
2387 4601 2668 4656 victoriam
2689 4616 2810 4656 sese
2841 4599 3074 4664 confert,
3104 4599 3192 4652 cui
3225 4599 3452 4670 applau-

1891 4695 2025 4751 dunt
2047 4709 2237 4750 omnes
2257 4702 2465 4765 gentes,
2496 4701 2549 4748 et
2570 4692 2732 4748 simul
2757 4693 3052 4754 exsultant,
3071 4695 3196 4765 quia
3225 4711 3244 4742 ι
3266 4707 3456 4746 ascen‘

1893 4788 1974 4843 dit
2009 4786 2149 4842 Deus
2198 4786 2252 4839 in
2289 4785 2627 4856 jubilatione.
2677 4801 2697 4835 ι
2756 4782 2922 4838 Plana
2951 4799 3116 4854 porro
3148 4784 3245 4838 tibi
3295 4782 3457 4836 fuerit

1896 4876 2235 4932 ascensionis
2269 4875 2471 4930 mentio
2517 4889 2613 4944 per
2650 4873 2826 4945 ipsius
2879 4873 3032 4928 Pauli
3063 4871 3459 4942 interpretatio-

1895 4983 2040 5033 nem,
2073 4967 2165 5038 qni
2199 4967 2330 5022 dicit
2361 4984 2374 5020 :
2406 4985 2425 5018 ι
2461 4965 2578 5022 ﬁeri
2595 4981 2706 5021 non
2737 4981 2916 5036 posse,
2948 4975 3006 5020 ut
3028 4965 3151 5034 quis
3179 4963 3457 5024 ascendat,

1895 5060 2000 5114 nisi
2029 5057 2365 5128 praecesserit
2391 5056 2690 5112 descensus
2711 5058 2772 5110 ⁸⁷.
2795 5077 2813 5108 ι
2837 5056 2960 5110 llaec
2981 5069 3102 5108 cum
3122 5053 3191 5107 ab
3207 5053 3460 5107 omnibus

1897 5149 2259 5217 intelligenter
2281 5154 2336 5200 et
2370 5145 2648 5214 sapienter
2707 5142 2984 5198 decantari
3033 5141 3311 5210 jussisset,
3338 5156 3461 5195 ora-

1896 5239 2098 5293 tionem
2124 5235 2188 5290 ad
2227 5235 2597 5291 sublimiorem
2639 5234 2925 5303 quemdam
2977 5240 3175 5287 statum
3201 5232 3459 5297 traducit,

1901 5346 1920 5379 ι
1973 5325 2222 5382 Secunda
2281 5321 2504 5378 Sabbati
2549 5322 2616 5388 ⁸¹,
2671 5339 2691 5372 ι
2726 5336 2826 5391 pro
2884 5329 3202 5392 argumento
3262 5319 3463 5376 cantici

2363 5435 2408 5468 ⁸⁸
2441 5433 2586 5499 Psal.
2637 5449 2779 5498 xuv,
2823 5436 2873 5489 l.
2984 5435 3026 5468 ⁸¹
3063 5433 3260 5504 Ephes.
3295 5451 3369 5500 tv,
3403 5440 3461 5489 9.

3112 5601 3185 5662 18
