3756 5988
257 176 362 233 555

1497 168 1548 223 S.
1584 164 1906 225 GREGOIKII
1944 166 2235 225 NYSSENI

3388 162 3494 225 556

254 286 567 343 constituta.
589 282 721 350 Quae
749 282 791 338 si
817 281 881 335 ad
912 282 1137 351 primam
1171 296 1351 337 rerum
1389 281 1737 351 procreationt

2012 283 2105 333 καὶ
2133 280 2507 353 στερεώματός
2548 282 2662 334 ἐστι
2696 280 3038 351 κατασκευὴ,
3064 282 3157 335 καὶ
3188 281 3297 335 τῶν
3326 284 3491 337 ἐπου-

254 379 540 441 referatur.
577 375 707 430 nihil
729 383 813 429 est
838 372 1006 435 aliud,
1039 389 1202 443 quam
1236 373 1361 428 εωιί
1389 381 1443 428 et
1491 373 1735 427 firmame

2010 369 2120 423 ιίων
2141 370 2345 424 ὑδάτων
2369 371 2476 424 ἀπὸ
2493 370 2602 423 τῶν
2626 371 2854 438 ἐγγείων
2872 371 3161 439 διάκρισις.
3185 371 3248 423 Εἰ
3270 370 3326 424 δὲ
3356 373 3493 442 πρὸς

254 466 485 532 eﬂ'ectio,
518 465 929 535 ceelestiumque
955 479 1218 535 aquarum
1246 465 1315 519 ab
1351 465 1510 534 aquis
1539 463 1818 519 terrestri-

254 558 355 612 bus
381 557 660 613 discretio.
698 552 792 609 Sin
819 562 1001 610 autem
1035 554 1103 608 ad
1135 553 1485 625 Evangelium
1530 553 1815 624 respicias,

254 662 378 703 vere
405 648 520 718 ipse
542 656 644 713 est,
669 646 759 716 qui
781 647 978 701 cmlum
1001 646 1156 701 nobis
1170 647 1430 702 condidit.
1455 645 1586 700 Nam
1612 648 1815 702 caelum

254 753 284 791 a
315 736 423 792 Deo
472 737 870 791 firmamentum
923 736 1244 805 appellatur.
1278 736 1477 791 Paulus
1512 744 1688 790 autem
1724 751 1820 806 per

254 826 651 880 firmamentum
712 823 846 878 nihil
877 824 1023 878 aliud
1072 840 1233 894 quam
1267 824 1425 879 fidem
1461 825 1510 877 iu
1539 822 1816 879 Christum

253 915 523 983 intelligit.
581 914 732 968 Tunc
764 914 909 969 enim
969 915 1124 969 nobis
1166 928 1291 969 vere
1323 912 1622 968 secundum
1658 911 1817 965 fidem

252 1006 446 1060 cmlum
469 1015 710 1058 creatum
736 1012 820 1058 est
846 1004 913 1068 ⁸³,
945 1019 1068 1058 cum
1098 1002 1317 1059 Sahbati
1349 1003 1654 1059 obscuritas
1683 1016 1819 1073 pra:-

1920 460 1980 513 τὸ
2014 460 2344 530 Εὐαγγέλιον
2388 461 2637 532 βλέποις,
2684 461 2898 532 ἀληθῶς
2942 461 3077 533 αῦτη
3127 463 3275 515 ἐστὶν
3310 464 3344 533 ή
3397 463 3495 517 τὸν

1919 547 2146 619 οὐρανὸν
2188 550 2318 619 ἡμῖν
2369 550 2844 604 κατασκευάσασα.
2899 550 2957 604 '0
3001 552 3108 622 γάρ
3155 551 3384 621 οὐρανὸς
3432 552 3497 606 τδ

1922 641 2207 711 στερέωμα
2248 641 2398 713 παρά
2432 642 2526 695 τοῦ
2566 642 2700 696 Θεοῦ
2728 644 3068 714 ὀνομάζεται.
3117 645 3174 699 '0
3195 646 3251 699 δὲ
3283 647 3498 711 Παῦλος

1919 735 2030 784 νοεῖ
2059 733 2158 802 τὴν
2191 735 2271 796 εἰς
2314 734 2405 787 τὸν
2436 734 2669 804 Χριστὸν
2712 737 2895 789 πίστιν
2919 737 2979 789 τὸ
3020 738 3326 809 στερέωμα.
3359 739 3496 792 Τότε

1919 819 2029 891 γὰρ
2069 822 2199 891 ἡμῖν
2244 821 2411 885 ὅντως
2441 823 2581 877 κατὰ
2621 824 2720 894 τὴν
2761 824 2942 877 πίστιν
2979 825 3205 895 οὐρανὸς
3228 827 3497 898 δημιουρ-

1919 915 2122 980 γεῖται,
2150 913 2237 966 ὅτε
2269 914 2600 986 παρῆλθενή
2634 914 2724 968 τοῦ
2762 916 3038 971 Σαϐϐάτου
3074 920 3375 987 κατήφεια·
3396 920 3499 973 καὶ

1919 1002 2134 1069 ἐγένετο
2176 1004 2305 1073 ἡμῖν
2351 1005 2538 1059 πιστὸν
2583 1006 2646 1059 τὸ
2710 1009 3003 1078 μυστήριον
3045 1008 3138 1061 τοῦ
3179 1009 3497 1077 ὁρισθέντος

254 1095 420 1160 teriit,
441 1093 680 1162 illudque
706 1092 860 1147 fidele
874 1102 924 1147 et
942 1093 1271 1162 acceptabile
1288 1092 1485 1146 accidit
1503 1091 1737 1161 mysterii

2019 1092 2049 1147 ῦ
2079 1093 2214 1146 Θεοῦ
2255 1096 2312 1147 ἐν
2351 1094 2575 1164 δυνάμει
2621 1096 2763 1150 κατά
2807 1098 3019 1169 πνεῦμα
3062 1099 3403 1169 ἁγιωσύνης,
3433 1100 3500 1164 ἐξ

252 1188 371 1258 ejus
396 1186 488 1257 qui
520 1185 938 1256 prmdestinatus
988 1193 1070 1240 est
1112 1183 1285 1238 Filius
1335 1182 1427 1238 Dei
1490 1183 1545 1236 in
1596 1183 1816 1245 virtute,

252 1276 553 1333 secundum
588 1276 835 1347 spiritum
866 1274 1705 1345 sanctificationis;mysterium,
1742 1274 1821 1328 in-

251 1385 436 1441 quam,
460 1368 876 1424 resurrectionis
901 1383 966 1423 ex
990 1368 1220 1421 mortuis
1238 1365 1451 1420 Domini
1472 1366 1643 1421 nostri
1665 1366 1816 1428 Jcsu,

251 1462 343 1531 qui
399 1475 524 1515 vere
557 1467 642 1515 est
672 1475 899 1529 magnus
937 1457 1081 1513 Deus
1109 1465 1163 1513 et
1209 1457 1500 1512 laudabilis
1541 1457 1737 1521 nimis;
1765 1464 1819 1511 et

251 1552 471 1616 similia,
509 1566 633 1621 qua:
684 1557 800 1604 toto
859 1549 1090 1605 decursu
1142 1550 1385 1619 psalmus
1438 1549 1528 1603 ille
1555 1548 1813 1602 continet.

1918 1182 2265 1246 ἀναστάσεως
2291 1183 2496 1254 νεκρῶν
2535 1184 2708 1255 Ἰησοῦ
2733 1184 2825 1238 τοῦ
2851 1188 3053 1256 Κυρίου
3084 1190 3115 1258 ἡ
3126 1189 3261 1257 μῶν,
3290 1189 3350 1251 ὃς
3375 1192 3499 1243 ἐστι

1918 1274 1996 1343 τῷ
2024 1273 2134 1326 ὄντι
2176 1272 2349 1342 μέγας
2391 1272 2593 1343 Κύριος
2640 1274 2734 1328 καὶ
2771 1275 2979 1338 αἰνετδς
3020 1275 3240 1345 σφόδρα.
3280 1277 3390 1329 Καὶ
3420 1278 3501 1330 τὲ

1919 1361 2019 1414 ὅσα
2065 1361 2204 1414 κατά
2250 1360 2311 1413 τὸ
2369 1360 2658 1416 ἀκόλουθον
2700 1364 2730 1415 6
2770 1363 2984 1434 ψαλμὺς
3026 1366 3288 1435 περιέχει,
3335 1384 3354 1415 ι
3390 1365 3501 1437 τὴν

1920 1450 2069 1505 θείαν
2095 1450 2246 1504 πόλιν
2270 1451 2513 1523 ἐκείνην,
2560 1472 2579 1505 ι
2615 1455 2682 1524 ἢν
2722 1472 2740 1504 ι
2782 1455 2875 1507 καὶ
2905 1454 3030 1525 ὅρος
3062 1454 3278 1526 εῦριζον
3320 1477 3339 1509 ι
3369 1457 3503 1510 ὀνο-

1923 1543 2110 1613 μάζει,
2158 1544 2251 1597 καὶ
2300 1544 2481 1615 πάσης
2519 1544 2623 1615 γῆς
2656 1546 2999 1616 ἁγαλλίαμα,
3048 1548 3143 1601 καὶ
3189 1548 3327 1602 Σιὼν
3364 1550 3499 1620 ὅρη.

251 1618 567 1713 Cujusmodi
597 1648 724 1696 sunt
758 1659 776 1692 ι
812 1639 995 1695 divina
1027 1639 1243 1703 civitas,
1286 1659 1306 1691 ι
1339 1653 1499 1710 quam
1532 1647 1583 1693 et
1614 1655 1631 1688 ι
1667 1653 1734 1689 ιηι

2016 1636 2048 1685 ›“
2094 1631 2162 1707 ἧς
2209 1636 2442 1706 μάλιστα
2488 1637 2550 1690 τὸ
2596 1637 2812 1691 πάντων
2858 1639 3288 1711 παραδοξότατον
3344 1618 3499 1694 ἐκδι-

250 1744 358 1791 tem
396 1737 534 1791 bene
571 1733 857 1789 fundatum
899 1752 918 1785 ι
961 1734 1229 1798 nominat,
1270 1741 1325 1787 et
1348 1733 1614 1787 universa:
1661 1739 1817 1785 terrae

248 1826 657 1891 cxsultationes,
689 1836 744 1880 et
764 1832 977 1880 montes
1016 1822 1170 1887 Sion,
1201 1824 1267 1878 de
1289 1837 1395 1893 qua
1421 1823 1553 1876 urbe
1585 1822 1817 1876 maxime

251 1918 565 1973 admirabile
598 1915 858 1987 quiddam
912 1915 1100 1979 tradit,
1134 1914 1277 1985 quod
1304 1928 1424 1984 quae
1455 1913 1580 1967 olim
1615 1931 1634 1964 ι
1676 1911 1816 1972 latus

249 2010 517 2081 aquilonis
576 2028 595 2061 ι
637 2014 778 2075 erat,
833 2021 979 2061 nunc
1021 2005 1161 2061 facta
1219 2005 1292 2060 sit
1356 2022 1376 2055 ι
1441 2005 1636 2059 civitas
1672 2003 1816 2075 regis

248 2101 431 2172 magni
471 2118 486 2156 :
524 2119 544 2153 ι
574 2100 825 2170 quodque
856 2115 876 2149 ι
917 2096 1057 2153 Deus
1086 2098 1140 2152 in
1191 2097 1441 2152 domibus
1470 2096 1589 2165 ejus
1614 2111 1816 2166 cogno-

249 2200 434 2245 scatur
479 2208 493 2244 :
530 2209 548 2241 ι
603 2189 892 2244 manifeste
937 2203 1034 2258 per
1064 2184 1182 2243 haec
1210 2186 1467 2242 Ecclesia:
1491 2186 1817 2241 Christiana:

249 2294 445 2338 statum
474 2290 527 2338 et
549 2281 864 2353 dignitatem
897 2278 1213 2349 designans.
1244 2275 1378 2331 Nam
1406 2277 1645 2332 borealis
1685 2292 1815 2348 pars

250 2384 407 2427 terra:
426 2389 492 2427 ex
527 2373 635 2428 illis
657 2378 761 2434 est,
789 2387 908 2441 qua:
941 2370 1178 2425 nubibus
1217 2369 1495 2440 perpetuis
1529 2377 1812 2439 urgentur,

246 2472 300 2517 et
335 2461 556 2533 frigore,
589 2470 643 2517 et
671 2463 813 2533 gelu,
845 2463 962 2519 sine
978 2462 1286 2532 splendore,
1310 2475 1614 2530 expersque
1637 2460 1818 2514 radio-

249 2569 369 2607 rum
396 2555 655 2610 solarium
683 2572 695 2609 :
726 2555 797 2610 ob
818 2554 875 2608 id
905 2553 1222 2609 adversaria
1274 2554 1366 2607 illa
1397 2561 1639 2623 potestas
1667 2554 1818 2623 aqui-

250 2645 388 2699 lonis
416 2645 631 2699 nomine
656 2643 968 2699 denotatur.
1003 2642 1177 2714 igitur
1212 2658 1333 2713 quae
1353 2643 1482 2697 olim
1513 2643 1581 2697 ad
1607 2645 1816 2714 aquilo-

248 2749 369 2787 nem
416 2734 712 2804 vergebat;
764 2734 895 2799 imo,
925 2749 1046 2804 qua:
1097 2734 1271 2804 ipsius
1311 2734 1452 2788 latus
1505 2740 1641 2800 erat,
1699 2734 1815 2788 haec

250 2825 511 2879 translata
554 2840 586 2878 a
641 2824 982 2879 tenebricosa
1017 2837 1069 2879 et
1097 2824 1271 2895 algida
1321 2824 1450 2889 vita,
1500 2824 1693 2881 civitas
1721 2825 1816 2881 Dei

249 2917 340 2982 lit,
386 2925 439 2970 et
494 2916 634 2987 regis
684 2915 983 2979 habitatio,
1040 2915 1197 2985 cujus
1249 2915 1306 2969 in
1360 2914 1611 2971 domibus
1670 2916 1815 2972 Deus

250 3007 621 3077 cognoscitur.
700 3006 898 3077 Βάρεις
961 3014 1121 3061 vocat
1198 3007 1394 3061 mdium
1472 3007 1817 3065 circumscri-

252 3100 594 3171 ptionem,et
623 3099 789 3154 situm
838 3098 1011 3153 forma
1062 3106 1117 3153 et
1165 3099 1347 3168 specie
1395 3100 1815 3171 quadrangula:

252 3188 451 3260 quibus
480 3197 736 3260 tanquam
768 3189 1064 3244 involucris
1083 3188 1407 3259 quibusdam
1460 3190 1705 3245 insinuat
1737 3190 1820 3245 fir-

251 3296 368 3337 mas
397 3288 451 3335 et
479 3282 723 3336 excelsas
753 3280 1010 3336 virtutum
1041 3288 1222 3336 turres
1243 3281 1665 3348 etmunitiones,
1699 3298 1819 3353 quae

250 3371 305 3424 in
335 3378 647 3425 sanctorum
686 3371 961 3425 mentibus
994 3368 1439 3439 conspiciuntur;
1475 3371 1632 3440 quasi
1688 3371 1819 3427 solis

251 3462 402 3517 hisce
430 3460 647 3517 vivendi
676 3462 964 3533 generibus
996 3459 1138 3535 Deus
1166 3470 1548 3532 cognoscatur;
1591 3459 1818 3532 Reliqua

252 3568 373 3621 qua:
401 3561 703 3623 sequuntur
733 3568 857 3607 cum
909 3553 1185 3624 praedictis
1212 3538 1521 3609 consonant
1550 3571 1564 3610 :
1595 3568 1816 3626 congre

248 3644 356 3714 gati
396 3659 629 3715 namque
673 3651 802 3700 sunt
847 3645 904 3699 in
936 3645 1054 3715 ipsa
1094 3660 1250 3717 reges
1275 3652 1437 3700 terra:
1484 3660 1635 3701 :non
1671 3645 1816 3699 enim

251 3747 554 3799 servorum,
623 3735 719 3789 sed
763 3748 952 3804 regum
1016 3740 1319 3789 conventus
1357 3731 1633 3788 civitatem
1665 3731 1816 3785 illam

251 3826 479 3888 habitat,
516 3845 533 3877 ι
570 3825 685 3895 qui,
729 3844 749 3877 ι
800 3825 997 3895 inquit,
1058 3842 1078 3875 ι
1117 3823 1364 3879 videntes
1418 3824 1532 3879 haec
1565 3821 1819 3877 admirati

250 3924 397 3971 sunt.
449 3936 468 3967 ›
505 3915 852 3985 Causamque
898 3913 1276 3969 admirationis
1322 3913 1491 3969 addit.
1533 3911 1670 3967 Nam
1724 3911 1819 3982 qui

248 4008 401 4076 prius
453 4005 731 4060 civitatem
783 4004 925 4059 hanc
954 4004 1175 4075 indigne
1220 4005 1550 4072 incolebant,
1598 4004 1819 4075 quando

251 4107 373 4153 erat
410 4099 549 4153 latus
587 4096 879 4167 aquilonis,
937 4096 1016 4150 illi
1048 4115 1066 4148 ι
1100 4096 1429 4160 eonturbati,
1462 4103 1517 4151 et
1557 4094 1818 4151 commoti

250 4195 397 4254 sunt,
448 4196 502 4243 et
549 4195 752 4243 tremor
811 4187 1166 4259 apprehendit
1220 4200 1334 4242 eos.
1392 4204 1411 4238 ι
1446 4184 1558 4241 Nec
1614 4194 1818 4241 tremor

1843 2966 1885 3023 C

1918 1730 2148 1798 ηγεῖται,
2183 1728 2263 1781 ὅτι
2286 1731 2319 1799 ἡ
2356 1729 2484 1782 ποτὲ
2512 1725 2644 1782 οὖσα
2672 1748 2690 1780 ι
2730 1729 2937 1803 πλευρά
2977 1730 3070 1785 τοῦ
3097 1731 3298 1802 βορρᾶ,
3335 1751 3355 1784 ι
3392 1732 3500 1786 νῦν

1917 1818 2110 1887 γέγονε
2155 1839 2174 1871 ι
2228 1819 2381 1883 πόλις
2430 1820 2524 1873 τοῦ
2577 1820 2839 1891 βασιλέως
2869 1820 2963 1875 τοῦ
3015 1823 3272 1893 μεγάλου.
3316 1843 3337 1875 ι
3380 1826 3504 1878 Καὶ

1923 1932 1941 1961 ι
1974 1912 2003 1964 6
2030 1910 2162 1975 Θεὸς
2193 1914 2250 1965 ὲν
2290 1914 2409 1976 ταῖς
2449 1912 2669 1985 βάρεσιν
2712 1914 2883 1984 αὐτῆς
2926 1914 3284 1982 γινώσκεται·
3335 1934 3355 1967 ›
3394 1934 3504 1970 σοι·

1916 2002 2029 2072 φῶς
2078 2003 2166 2056 διά
2213 2003 2416 2058 τούτων
2471 2005 2533 2057 τὺ
2590 2005 2733 2059 κατὰ
2768 2005 2867 2076 τὴν
2928 2005 3251 2077 Ἐκκλησίαν
3302 2007 3503 2077 θαῦμα

1920 2095 2140 2165 μηνύων
2197 2094 2275 2165 τῷ
2316 2095 2479 2166 λόγῳ.
2544 2096 2617 2148 Τὸ
2649 2096 2759 2168 γὰρ
2805 2097 3012 2169 βόρειον
3061 2098 3229 2169 κλίμα
3264 2099 3505 2172 τῆςγῆζ

1913 2183 2023 2238 τῶν
2070 2185 2546 2255 κατεσκιασμένων
2587 2203 2647 2239 τε
2695 2187 2789 2240 καὶ
2840 2188 3264 2259 κατεψυγμένων
3315 2192 3500 2258 ἐστὶν,

1915 2275 2166 2347 ἀλαμπὲς
2203 2277 2291 2330 ἀεὶ
2322 2278 2501 2347 μένον,
2546 2280 2641 2332 καὶ
2678 2279 2785 2332 τῶν
2821 2280 3062 2350 ἡλιακῶν
3084 2281 3315 2336 ἀκτίνων
3349 2284 3497 2353 ἀμέ-

1913 2384 2090 2437 τοχον.
2137 2362 2211 2422 Οῦ
2278 2369 2464 2440 χάριν,
2511 2372 2544 2441 ἡ
2607 2371 2951 2445 ἀντικειμένη
3004 2373 3230 2444 δύναμις
3282 2377 3339 2428 ὲν
3398 2377 3489 2446 τῷ

1914 2456 2135 2527 ὀνόματι
2174 2457 2268 2511 τοῦ
2313 2458 2522 2529 βορείου
2567 2462 3000 2532 διασημαίνεται.
3042 2464 3109 2517 Ἠ
3141 2465 3316 2519 τοίνυν
3345 2466 3495 2520 ὲνοιο

1915 2521 2086 2602 κοῦ-σά
2111 2564 2239 2600 ποτε
2276 2521 2354 2619 τῶ
2377 2521 2572 2621 ’βορῤᾄ
2613 2521 2863 2605 κίκὶᾞῦσα
2891 2552 3054 2607 αὐτοῦ
3088 2554 3313 2626 πλευρὰ,
3346 2555 3494 2628 αὕτη

1919 2640 2332 2710 μεταταξαμένη
2365 2640 2473 2693 ἀπὸ
2503 2639 2597 2694 τοῦ
2643 2643 2911 2696 σκοτεινοῦ
2939 2661 2996 2696 τε
3022 2646 3113 2699 καὶ
3139 2646 3495 2717 κατεψυγμέ-

1915 2746 2006 2783 νου
2035 2730 2173 2801 βίου,
2203 2730 2337 2784 Θεοῦ
2381 2731 2533 2795 πόλις
2582 2733 2811 2801 γίνεται,
2857 2736 2950 2788 καὶ
2983 2735 3261 2806 βασιλείας
3286 2739 3495 2791 ἐνδιαί-

1916 2839 2087 2892 τημα.
2118 2816 2225 2885 Ἷῐς
2251 2823 2308 2875 ὲν
2333 2825 2452 2886 ταῖς
2479 2823 2698 2894 βάρεσιν
2716 2825 2744 2876 6
2769 2825 2900 2889 Θεὸς
2926 2826 3271 2894 γινώσκεται.
3292 2830 3497 2900 Βάρεις

1918 2913 1974 2967 δὲ
2003 2914 2170 2981 λέγει,
2201 2913 2299 2975 τὰς
2327 2914 2436 2967 τῶν
2463 2915 2902 2987 οἰκοδομημάτων
2947 2934 3011 2969 πε
3022 2919 3291 2988 ριγραφὰς
3316 2923 3372 2973 ἐν
3395 2938 3495 2975 τε-

1918 3000 2181 3072 τραγώνῳ
2214 3001 2292 3072 τῷ
2318 3004 2574 3073 σχήματι,
2593 3002 2657 3056 δι’
2681 2996 2755 3055 ὧν
2777 3003 2875 3067 τὰς
2899 3004 3136 3074 ἑδραίας,
3152 3007 3246 3059 καὶ
3278 3007 3495 3077 ὑψηλὰς

1917 3091 2025 3145 τῶν
2065 3093 2273 3162 ἀρετῶν
2326 3095 2703 3164 πυργοποιῖας,
2726 3094 2824 3158 τὰς
2872 3097 2929 3149 ὲν
2964 3099 3085 3159 ταῖς
3134 3096 3330 3168 ψυχαῖς
3376 3100 3494 3151 τῶν

1917 3184 2088 3253 ἀγίων
2146 3183 2543 3258 θεωρουμένας,
2582 3186 2882 3259 παραδηλοῖ
2908 3187 2975 3239 δι’
3024 3188 3338 3259 αἰνίγματος
3364 3230 3379 3253 ,
3409 3190 3496 3254 tu;

1922 3275 2100 3344 μόνοις
2123 3278 2235 3339 τοῖς
2262 3276 2521 3340 τοιούτοις
2554 3277 2688 3346 βίοις
2729 3277 2822 3331 τοῦ
2862 3278 2995 3331 Θεοῦ
3045 3282 3448 3352 γινωσκομένου
3474 3301 3489 3312 ο

1918 3364 2011 3418 καὶ
2040 3364 2109 3417 τὰ
2156 3362 2352 3436 ἐφεξῆς
2380 3365 2588 3435 συνῳδά
2629 3370 2742 3431 τοῖς
2779 3367 3295 3439 προαποδεδομένοις
3317 3371 3491 3426 ἐστίν.

1919 3453 2267 3525 Συνήχθησαν
2295 3455 2404 3529 γάρ
2424 3458 2481 3511 ἐν
2495 3457 2666 3533 ταύτῃ
2696 3460 2744 3512 οἰ
2770 3459 3008 3529 βασιλεῖς
3025 3461 3111 3513 -οὐ
3138 3460 3245 3531 γὰρ
3274 3460 3496 3513 δουλευ-

1918 3543 2104 3608 όντων,
2130 3545 2265 3599 ἀλλά
2286 3547 2668 3633 βασιλευόντων
2691 3549 2959 3621 συνδρομὴ
2980 3551 3075 3621 τὴν
3100 3550 3247 3604 θείαν
3272 3551 3493 3622 ἐκείνην

1921 3635 2213 3701 συνοικίζει
2247 3638 2420 3694 πόλιν.
2461 3658 2481 3690 ‹
2529 3640 2734 3703 Οἴτινες
2754 3681 2769 3706 ,
2800 3657 2818 3690 ι
2858 3640 3047 3711 φησὶν,
3074 3659 3092 3691 ι
3132 3640 3329 3706 ἰδόντες
3349 3682 3364 3707 ,
3396 3641 3493 3695 οὖ-

1917 3741 2026 3790 τως
2064 3725 2566 3797 ὲθαύμασαν.›Καὶ
2598 3725 2693 3799 τὴν
2708 3729 2884 3782 αἰτίαν
2918 3727 3184 3800 διηγεῖται
3212 3731 3304 3784 τοῦ
3354 3732 3492 3786 θαύ-

1923 3833 2108 3887 ματος,
2145 3817 2332 3889 ὲπειδὴ
2363 3819 2411 3871 οἱ
2442 3818 2701 3890 πρότερον
2721 3818 3097 3885 κατοικοῦντες
3136 3821 3368 3887 ἀναξίως
3390 3823 3491 3894 τὴν

1918 3908 2070 3962 πόλιν
2098 3909 2421 3980 ταύτην,ὅτε
2448 3904 2516 3979 ἦν
2549 3908 2754 3980 πλευρά
2772 3908 2865 3962 τοῦ
2894 3909 3087 3982 βορρᾶ,
3122 3929 3140 3962 ι
3178 3913 3492 3985 ἐταράχθη-

1920 4016 2039 4063 σαν,
2060 4001 2153 4052 καὶ
2186 3998 2570 4070 ὲσαλεύθησαν,
2585 4002 2679 4053 καὶ
2714 4000 2914 4072 τρόμος
2940 4001 3232 4056 ἐπελάϐετο
3248 4005 3444 4059 αὐτῶν.
3462 4025 3484 4057 ι

1918 4091 2027 4144 Καὶ
2059 4092 2119 4144 οὐ
2172 4091 2329 4162 μόνον
2366 4090 2565 4162 τρόμος
2587 4132 2603 4156 ,
2635 4090 2768 4145 ἀλλά
2814 4092 2911 4146 καὶ
2962 4092 3111 4146 πόνοι
3161 4094 3490 4165 μιμούμενοι

1918 4180 2112 4244 ὠδῖνας
2154 4180 2460 4251 τικτούσης.
2512 4182 2693 4252 Ἀπερ
2718 4181 2895 4235 πάντα
2928 4184 3059 4254 φησί
3095 4184 3235 4238 κατά
3283 4186 3491 4240 τούτων

250 4289 478 4344 tantum,
504 4278 597 4334 sed
623 4285 675 4332 et
699 4278 957 4334 molestiae
983 4276 1186 4334 similes
1208 4276 1483 4332 doloribus
1512 4276 1733 4346 parturit

2004 4271 2246 4342 γενῆσθαι
2286 4271 2389 4325 ὑπὸ
2417 4270 2511 4325 τοῦ
2547 4271 2721 4344 βιαίου
2753 4273 3080 4345 πνεύματος,
3104 4274 3200 4329 τοῦ
3228 4275 3296 4331 τά
3327 4276 3487 4330 πλοῖα

248 4370 403 4423 tium.
436 4368 567 4435 Quae
610 4369 790 4423 omnia
857 4368 1118 4425 adversus
1167 4367 1303 4423 istos
1343 4366 1590 4423 evenisse
1621 4365 1753 4422 dicit
1783 4382 1814 4421 a

250 4461 443 4531 spiritu
498 4460 801 4516 vehementi
851 4460 944 4531 qui
980 4459 1238 4530 fugitivas
1276 4474 1442 4515 naves
1495 4457 1809 4529 confringit,

250 4566 370 4619 quae
397 4550 644 4620 improbo
676 4549 811 4607 mari
844 4550 1004 4620 hujus
1031 4551 1155 4605 vitae
1178 4551 1443 4604 innatant.
1475 4567 1494 4601 ι
1528 4550 1587 4604 ln
1618 4548 1817 4618 spiritu

247 4638 552 4694 vehementi
565 4645 816 4695 conteres
827 4637 1240 4694 navesTharsis.
1255 4657 1273 4690 ι
1294 4638 1461 4693 Porro
1485 4638 1575 4693 cui
1596 4638 1741 4708 quod
1762 4637 1815 4691 in

250 4730 623 4800 apostolorum
660 4730 809 4784 Actis
845 4730 1116 4800 proditum
1139 4741 1241 4789 est.
1274 4730 1537 4784 memoria
1569 4743 1678 4783 non
1712 4745 1812 4784 ex-

247 4820 398 4884 cidit,
460 4821 550 4877 ille
580 4836 688 4877 non
719 4819 935 4892 ignorat
963 4821 1210 4891 spiritum
1243 4821 1391 4874 illum
1415 4819 1811 4884 vehementem,

248 4912 341 4980 qui
406 4911 687 4981 discipulis
749 4912 804 4966 in
852 4912 1135 4967 ccenaculo
1184 4911 1527 4982 congregatis
1565 4912 1814 4979 ceguitus

248 5011 333 5056 est
365 5001 413 5033 ἰ
471 5002 722 5074 :quique
748 5002 1086 5073 prophetiam
1132 4999 1285 5056 Jonas
1337 5009 1542 5056 attente
1589 5001 1740 5071 legit,
1768 5001 1814 5057 is

251 5095 536 5165 perspicue
555 5095 893 5165 exploratum
917 5093 1098 5160 habet,
1133 5108 1257 5148 eum
1282 5093 1374 5163 qui
1400 5106 1431 5145 a
1462 5091 1570 5147 Deo
1605 5090 1810 5157 deficit,

250 5200 494 5257 quaerere
538 5201 729 5241 navem
768 5186 824 5240 in
852 5183 1080 5241 Tharsis
1120 5192 1336 5240 euntem
1366 5183 1433 5236 ⁸⁸.
1459 5180 1663 5237 Deinde
1695 5197 1814 5237 scr-

248 5292 409 5332 mone
433 5277 590 5347 quasi
622 5278 675 5332 in
701 5277 839 5334 duas
866 5293 1128 5348 personas
1176 5276 1491 5340 distributo,
1533 5275 1589 5329 in
1615 5275 1815 5345 priori-

1918 4363 2020 4433 τῆς
2048 4362 2381 4427 ἀποστασίας
2421 4362 2812 4435 συντρίϐοντος,
2841 4365 2907 4418 τὰ
2927 4364 3109 4429 κακῶς
3146 4369 3211 4438 τῇ
3243 4365 3490 4441 θαλάσσῃ

1919 4456 2012 4510 τοῦ
2055 4455 2169 4525 βίου
2202 4454 2613 4520 ἐπιπολάζοντα.
2635 4473 2654 4507 ι
2677 4456 2764 4510 Ἐν
2794 4455 3062 4527 πνεύματι
3091 4474 3111 4509 ι
3140 4457 3268 4529 γὰρ,
3298 4459 3488 4530 φησιν,

1927 4564 1947 4598 ι
1995 4545 2152 4617 βιαίῳ
2184 4547 2495 4619 συντρίψεις
2530 4548 2687 4601 πλοῖα
2732 4547 2983 4619 Θαρσεῖς.
3026 4567 3044 4601 ι
3084 4550 3143 4603 ’0
3166 4550 3224 4603 δὲ
3258 4550 3359 4620 τῆς
3379 4551 3491 4607 τῶν

1922 4637 2179 4708 Πράξεων
2213 4638 2448 4710 ἱστορίας
2476 4637 2572 4710 τὴν
2604 4640 2822 4711 μνήμην
2849 4639 3121 4708 ἔχων,ούκ
3163 4642 3348 4710 ἀγνοεί
3389 4642 3492 4713 τὴν

1925 4728 2105 4800 βιαίαν
2143 4727 2309 4800 πνοὴν
2331 4729 2431 4801 τὴν
2462 4729 2520 4783 ὲν
2548 4729 2625 4800 τῷ
2654 4729 2886 4801 ὑπερῴῳ
2912 4732 3024 4794 τοῖς
3055 4729 3319 4800 μαθηταῖς
3344 4747 3491 4799 γνω-

1922 4822 2214 4894 ρισθεῖσαν.
2254 4823 2365 4875 Καὶ
2389 4824 2419 4875 6
2443 4824 2508 4893 τῇ
2537 4821 2843 4892 προφητείᾳ.
2874 4819 2967 4874 τοῦ
3003 4822 3156 4875 Ἰωνᾶ
3177 4837 3488 4891 προσεσχη-

1916 4913 2047 4980 κὼς,
2083 4912 2339 4982 γινώσκει
2371 4900 2606 4976 πάντως,
2639 4914 2718 4966 ὃτι
2750 4914 2779 4965 6
2805 4912 2898 4965 τοῦ
2933 4911 3069 4965 Θεοῦ
3113 4913 3354 4988 ἀποστὰς
3384 4912 3487 4983 ζη-

1915 5008 1999 5060 τεῖ
2019 5006 2198 5060 πλοῖον
2221 5005 2281 5058 τὸ
2309 5004 2402 5058 ἐπὶ
2429 5005 2660 5075 Θαρσεῖς
2690 5004 3117 5075 ναυτιλλόμενον.
3141 4998 3272 5057 Εἶτα
3296 5002 3490 5076 ὥσπερ

1916 5098 2008 5152 δύο
2062 5097 2367 5169 προσώποις
2419 5094 2789 5167 ὲπιμερισθεὶς
2836 5098 2865 5149 6
2897 5095 3071 5164 λόγος,
3097 5097 3155 5147 ἐν
3219 5096 3317 5165 μὲν
3373 5098 3491 5160 τοῖς

1921 5186 2280 5257 προλαϐοῦσιν
2302 5187 2361 5239 τὸ
2393 5183 2485 5239 τοῦ
2519 5184 2972 5255 προαγορεύοντος
3001 5182 3289 5236 ὑποδύεται
3318 5184 3494 5253 πρόσ-

1920 5291 2066 5328 ωπον
2090 5316 2104 5339 ,
2143 5276 2201 5328 ὲν
2237 5273 2294 5327 δὲ
2343 5277 2455 5339 τοῖς
2500 5272 2730 5342 ἑφεξῆς,
2772 5271 2872 5335 τὰς
2916 5270 3025 5323 τῶν
3071 5267 3492 5337 ὑποδεξαμένων

250 5365 352 5422 bus
376 5366 593 5435 quidem
634 5382 920 5438 personam
966 5376 1019 5423 et
1050 5367 1295 5421 habitum
1322 5364 1442 5435 ejus
1485 5364 1681 5430 induit,
1718 5380 1733 5419 ι

2038 5364 2193 5437 λόγον
2217 5365 2398 5435 φωνάς
2427 5363 2795 5435 ὑποκρίνεται.
2836 5362 3000 5431 Λέγει
3029 5359 3138 5432 γὰρ
3168 5358 3494 5432 συντιθέμε-

313 5541 581 5601 “Cenes.
604 5559 645 5612 ι,
678 5544 731 5599 8.
807 5543 853 5576 ⁸⁸
886 5543 1007 5597 Act.
1037 5557 1097 5609 ιι,
1122 5540 1177 5594 2.
1252 5540 1297 5573 ⁸⁵
1335 5538 1458 5594 Jon.
1505 5553 1546 5607 ι,
1567 5536 1602 5592 3
1629 5551 1756 5609 sqq.

3599 1802 3661 1871 Ι
