3766 5986
106 220 218 275 557

1519 225 1587 280 1N
1627 223 1958 281 PSALMOS.

3242 222 3360 279 '558

103 354 203 402 νος
232 338 298 409 τῇ
336 338 563 411 ἀληθείᾳ
607 339 716 392 τῶν
753 343 1190 413 προηγουμένων,
1219 343 1416 397 ὡσανεὶ
1459 343 1587 413 παρ’
1610 341 1686 396 άλ·

1819 339 2049 396 )ratione
2097 340 2309 411 aliquos
2367 318 2625 412 tanquam
2669 338 2779 393 dux
2839 339 3137 403 antecedit;
3175 347 3362 410 postea

102 425 204 481 λου
227 429 372 491 τινὸς
396 429 466 483 τὰ
502 430 766 501 εἰρημένα
800 431 1006 501 μαθὼν,
1033 432 1136 496 ὅτι,
1163 450 1182 483 ι
1223 431 1489 502 Καθάπερ
1522 430 1689 501 ἠκού-

104 535 326 590 σαμεν,
355 520 530 585 οὓτως
587 521 684 576 καὶ
735 522 935 595 ἴδομεν.
998 522 1086 576 Ἐν
1135 524 1289 576 πόλει
1330 521 1534 593 Κυρίου
1580 520 1690 574 τῶν

100 610 415 680 δυνάμεων,
455 614 514 665 ὲν
546 612 699 667 πόλει
723 613 817 667 τοῦ
844 613 980 668 Θεοῦ
1007 613 1181 685 ἡμῶν.
1221 633 1240 666 ι
1272 612 1363 667 Διὸ
1395 612 1487 666 καὶ
1514 629 1690 683 παρα-

103 704 506 775 κελευομένους
550 707 801 778 ἀλλήλοις
839 705 1095 778 ἐποίησεν
1136 707 1261 770 τοὺς
1289 708 1346 760 ἐν
1375 706 1534 776 ἡδονῇ
1565 706 1690 758 θεα-

105 794 404 863 σαμένους,
433 795 470 849 ἃ
499 797 837 869 ἠκούσαμεν.
914 796 979 851 Ἣ
1007 797 1064 850 δὲ
1094 790 1692 868 παῳκέλευσιςῆνβὸ,

108 906 129 938 ι
168 885 513 942 Κυκλώσατε
538 885 677 939 Σιὼν
716 886 810 941 καὶ
834 883 1156 956 περιλάϐετε
1186 881 1382 953 αὐτήν.
1418 884 1689 954 Διηγήσα-

105 972 204 1025 σθε
229 974 291 1026 ὲν
314 976 429 1036 τοῖς
457 972 689 1042 πύργοις
715 975 905 1044 αὐτῆς.
937 972 1106 1026 Θέσθε
1149 971 1249 1036 τὰς
1282 973 1507 1045 καρδίας
1534 973 1688 1044 ὑμῶν

103 1064 189 1127 είς
232 1066 334 1134 τὴν
357 1064 587 1135 δύναμιν
613 1064 802 1136 αὐτῆς,
834 1065 928 1117 καὶ
971 1062 1347 1122 καταδιέλεσθε
1378 1064 1477 1128 τὰς
1503 1063 1688 1135 βάρεις

101 1153 282 1224 αὐτῆς
307 1172 321 1185 ·
362 1173 380 1205 ι
417 1155 513 1208 καὶ
546 1155 647 1209 ὅσα
693 1154 833 1208 κατὰ
862 1154 921 1208 τὸ
947 1154 1235 1210 ἀκόλουθον
1284 1156 1526 1227 περιέχει
1556 1159 1583 1210 6
1609 1158 1689 1210 λό-

103 1260 222 1312 τος.

178 1516 343 1571 Μετὰ
393 1517 554 1571 τοῦτο
596 1519 654 1572 δὲ
697 1518 763 1572 δι’
797 1518 1088 1573 ἀκολούθου
1125 1521 1204 1584 είς
1246 1520 1424 1574 πᾶσαν
1459 1520 1557 1593 τὴν
1586 1523 1686 1591 γῆν

103 1606 364 1676 διαφοιτᾷ
396 1606 492 1659 τοῦ
530 1606 689 1675 λόγου
718 1607 779 1660 τὸ
817 1609 1098 1680 κήρυγμα,
1138 1609 1231 1661 καὶ
1266 1609 1455 1679 ῶσπερ
1483 1604 1551 1680 ἦν
1582 1611 1688 1682 πρὸ

102 1700 205 1770 τῆς
263 1697 575 1768 συγχύσεως
609 1700 715 1753 τῶν
759 1700 1021 1769 γλωσσῶν
1071 1699 1246 1771 χεῖλος
1289 1700 1346 1754 ἓν
1400 1702 1564 1755 πᾶσιν
1598 1704 1691 1756 καὶ

104 1788 209 1855 μία
244 1790 397 1861 φωνή
438 1804 453 1821 ·
481 1789 625 1844 οὕτω
654 1790 747 1844 καὶ
775 1790 870 1845 νῦν
920 1790 1100 1845 πάντα
1132 1791 1201 1846 τὰ
1233 1790 1359 1863 ἔθνη
1384 1831 1399 1856 ,
1431 1794 1525 1847 κα)⁵
1553 1796 1587 1866 η
1617 1795 1692 1847 oi-

103 1878 355 1951 κουμένη
385 1881 551 1934 πᾶσα
598 1880 693 1935 καὶ
739 1880 956 1945 πάντες·
985 1882 1260 1954 ἄνθρωποι
1307 1885 1405 1956 μία
1453 1886 1693 1955 γίνονται

100 1972 273 2044 ἀκοὴ,
309 1973 406 2026 καὶ
455 1973 652 2045 καρδία
685 1973 819 2044 μία,
853 1973 972 2037 ἐνὸς
1019 1976 1132 2037 τοῖς
1169 1975 1333 2029 πᾶσιν
1375 1977 1693 2048 ἐνηχοῦντος

107 2062 208 2118 τοῦ
238 2064 423 2133 λόγου.
453 2064 641 2118 Πᾶσαν
673 2064 780 2135 γὰρ
821 2063 962 2118 κατὰ
986 2064 1182 2119 ταύτὸν
1213 2065 1311 2136 τὴν
1348 2067 1693 2139 ἀνθρωπίνην

105 2157 278 2224 φύσιν
306 2157 708 2228 ἐκκλησιάσας,
744 2157 841 2211 καὶ
880 2157 1104 2229 θέατρον
1131 2157 1191 2212 ἓν
1220 2158 1312 2212 τὸν
1339 2160 1541 2230 κόσμον
1573 2160 1694 2216 ὅλον

105 2245 294 2316 ἐαυτῷ
324 2247 680 2316 περιστήσας,
708 2248 859 2316 κοινῇ
890 2249 1001 2310 τοῖς
1030 2249 1194 2301 πᾶσιν
1218 2248 1392 2320 ἐμϐοᾷ
1406 2249 1498 2304 τὸν
1512 2250 1689 2321 λόγον·

111 2355 131 2387 ε
175 2336 511 2404 Ἀκούσατε,
548 2337 756 2405 λέγων,
804 2338 982 2391 πάντα
1027 2338 1094 2392 τὰ
1145 2338 1295 2410 ἔθνη,
1343 2342 1690 2409 ἐνωτίσασθε,

106 2429 318 2507 πάντες
350 2430 400 2482 οἱ
436 2428 812 2493 κατοικοῦντες
843 2428 941 2500 τὴν
979 2431 1319 2502 οἰκουμένην.
1351 2435 1418 2487 Oi
1440 2450 1499 2486 τε
1527 2452 1695 2506 γηγεο

104 2521 221 2583 νείς
264 2520 362 2575 καὶ
395 2519 503 2572 υἱοὶ
540 2518 648 2573 τῶν
694 2518 995 2591 ἀνθρώπων
1015 2536 1030 2551 ο
1079 2521 1174 2574 καὶ
1222 2523 1466 2579 πλουτῶν
1514 2541 1598 2590 τις
1636 2528 1693 2581 ἐν

106 2612 266 2684 ἡμῖν,
300 2608 408 2664 κᾶν
433 2610 725 2681 πενόμενος
748 2610 904 2683 τύχῃ.
932 2630 951 2663 ι
992 2612 1228 2681 Ταύταις
1258 2614 1365 2686 γὰρ
1391 2617 1514 2680 ταῖς
1546 2618 1693 2691 τρισὶ

110 2701 405 2770 συζυγίαις
451 2701 628 2754 πᾶσαν
654 2700 887 2769 γενικῶς
926 2701 1280 2773 διαλαμϐάνει
1306 2703 1406 2777 τὴν
1433 2707 1576 2761 κατὰ
1602 2707 1695 2762 τὸν

110 2791 228 2860 βίον
263 2790 376 2843 τῶν
414 2788 655 2862 οὐρανῶν
704 2790 983 2863 διαφοράν.
1022 2793 1109 2847 Ἐν
1138 2795 1202 2864 τῇ
1231 2794 1421 2866 πρώτῃ
1446 2796 1693 2868 συζυγίᾳ,

107 2882 240 2953 ἔθνη
274 2882 430 2950 λέγει
454 2882 652 2946 πάντα,
681 2883 774 2937 καὶ
808 2883 934 2947 τοὺς
957 2885 1344 2951 κατοικοῦντας
1381 2887 1479 2959 τὴν
1517 2889 1695 2943 οίκου-

1790 445 1953 486 voces
2024 429 2471 501 subsequentium
2530 436 2901 499 repraesentat.
2963 427 3141 498 Inquit
3192 429 3360 491 enim,

1792 520 2095 577 assentiens
2158 520 2369 576 veritati
2426 534 2614 575 eorum
2669 535 2789 589 qua:
2840 519 3151 588 supradicta
3211 525 3359 579 sunt,

1791 612 1949 683 quasi
2005 612 2074 667 ab
2131 611 2236 666 alio
2279 610 2516 681 quodam
2574 625 2696 680 qua:
2746 609 2979 673 dixerat,
3042 608 3361 664 didicisset:

1795 720 1814 753 ι
1850 700 2315 767 Quemadmodum
2358 699 2684 767 audivimus,
2724 699 2805 756 sic
2845 706 2900 755 et
2926 698 3184 765 vidimus,
3212 698 3266 752 in
3288 699 3366 754 ci-

1791 792 1958 847 vitate
1995 791 2209 847 Domini
2244 792 2543 857 virtutum,
2583 792 2639 847 in
2688 793 2909 848 civitate
2955 789 3047 846 Dei
3099 791 3295 846 nostri.
3340 809 3362 843 ι

1788 883 1907 952 Qua
1929 885 1996 940 de
2014 899 2181 940 causa
2215 883 2520 939 introduxit
2552 885 2716 939 etiam
2751 891 2942 939 mutuo
2973 898 3032 938 se
3072 883 3366 937 cohortan-

1789 985 1893 1040 tes,
1922 977 2066 1043 illos,
2099 975 2192 1045 qui
2233 989 2357 1029 cum
2408 974 2769 1031 delectatione
2805 975 3075 1040 viderant,
3114 989 3234 1044 quae
3266 988 3364 1028 au-

1789 1067 2021 1122 dierant.
2048 1065 2365 1121 Cohortatio
2387 1072 2565 1120 autem
2584 1065 2892 1136 hujusmodi
2926 1072 3009 1119 est
3037 1082 3091 1117 τι
3117 1064 3364 1118 Circum-

1789 1158 1914 1214 date
1953 1157 2107 1220 Sion,
2141 1164 2195 1213 et
2228 1156 2656 1226 complectimini
2694 1171 2836 1219 eam,
2864 1164 3084 1211 narrate
3111 1157 3167 1209 in
3194 1154 3365 1233 turri-7

1789 1249 1892 1303 bus
1904 1249 2047 1317 ejus,
2061 1249 2245 1318 ponite
2261 1245 2426 1302 corda
2450 1254 2631 1302 vestra
2650 1247 2701 1302 in
2720 1247 2921 1303 virtute
2952 1247 3090 1317 ejus,
3116 1255 3169 1301 et
3188 1247 3366 1303 distri-

1789 1340 1935 1394 buite
1964 1341 2159 1396 domus
2188 1338 2328 1409 ejus,
2356 1355 2374 1389 ι
2400 1345 2453 1392 et
2472 1345 2663 1394 caetera
2680 1338 3013 1427 quaeibidem
3040 1347 3363 1407 sequuntur.

1860 1519 1988 1575 Post
2031 1520 2149 1577 haec
2175 1520 2430 1577 diffundit
2459 1521 2898 1593 pradicationem
2923 1537 3077 1578 suam
3105 1523 3158 1577 in
3189 1529 3364 1577 totum

1790 1618 2057 1665 terrarum
2092 1612 2297 1679 orbem,
2335 1622 2389 1669 et
2441 1613 2897 1683 quemadmodum
2930 1622 3054 1668 ante
3088 1614 3368 1668 confusio-

1792 1717 1915 1757 nem
1944 1703 2251 1774 linguarum
2287 1704 2542 1760 omnibus
2578 1712 2697 1759 erat
2726 1719 2896 1758 unum
2936 1704 3139 1760 labium
3174 1703 3229 1762 εἴ
3260 1720 3366 1760 una

1790 1806 1915 1857 vox,
1945 1792 2025 1848 sic
2046 1800 2100 1847 et
2141 1808 2289 1849 nunc
2331 1808 2522 1850 omnes
2574 1801 2790 1865 gentes,
2844 1804 2897 1849 et
2932 1801 3078 1849 totus
3112 1794 3282 1861 orbis,
3312 1803 3369 1849 et

1790 1898 1980 1937 omnes
2041 1883 2311 1950 homines,
2374 1884 2513 1939 ﬁunt
2570 1899 2715 1939 unus
2771 1886 2920 1940 velut
2985 1885 3250 1951 auditus,
3312 1894 3366 1940 et

1791 1960 1960 2028 unum
1990 1989 2104 2038 cor,
2164 1988 2271 2028 una
2302 1973 2550 2029 oratione
2578 1974 2855 2040 omnibus,
2879 1983 2932 2029 et
2960 1975 3028 2030 ad
3057 1990 3249 2032 omnes
3281 1975 3365 2029 in-

1793 2074 2044 2121 sonante.
2077 2063 2310 2119 Collecta
2363 2064 2507 2119 enim
2556 2080 2721 2119 unum
2784 2064 2842 2119 in
2888 2065 3067 2120 locum
3113 2073 3226 2120 tota
3264 2066 3365 2120 bu-

1792 2172 1952 2212 mana
1974 2156 2254 2221 societate,
2311 2169 2528 2225 unoque
2577 2156 2732 2225 quasi
2783 2155 2994 2211 theatro
3015 2172 3080 2211 ex
3111 2156 3365 2213 omnibus

1793 2254 2061 2301 terrarum
2103 2245 2215 2299 oris
2255 2250 2556 2307 exstructo,
2589 2244 2843 2301 omnibus
2896 2245 3101 2315 pariter
3152 2260 3364 2300 sermo-

1794 2352 1915 2393 nem
1980 2336 2131 2390 illum
2163 2335 2415 2390 intonat:
2452 2354 2470 2386 ς
2502 2335 2700 2390 Audite
2725 2335 2870 2399 haec,
2907 2350 3098 2391 omnes
3149 2343 3362 2409 gentes,

1795 2428 2020 2485 auribus
2050 2427 2329 2497 percipite,
2365 2442 2555 2483 omnes
2593 2428 2684 2498 qui
2721 2427 2976 2484 habitatis
3008 2427 3219 2494 orbem,
3251 2429 3368 2499 qui-

1794 2537 1899 2593 que
1923 2522 2211 2590 terrigenae
2230 2528 2283 2575 et
2306 2517 2397 2573 ﬁlii
2418 2516 2719 2583 hominum,
2737 2517 2901 2575 simul
2917 2519 2971 2575 in
2997 2535 3186 2585 unum,
3212 2520 3364 2575 dives

1793 2620 1849 2669 et
1884 2627 2088 2683 pauper
2120 2610 2188 2663 ⁸⁸.
2230 2630 2249 2663 ι
2286 2607 2382 2664 llis
2408 2610 2556 2665 enim
2586 2609 2765 2665 tribus
2793 2610 3274 2682 conjugationibus
3308 2620 3366 2666 et

1794 2702 2080 2758 ordinibus
2116 2701 2418 2772 generatim
2443 2699 2758 2770 complexus
2814 2706 2898 2755 est
2938 2715 3153 2756 omnem
3185 2701 3366 2755 diver-

1796 2794 2035 2854 sitatem,
2064 2805 2185 2861 quae
2229 2789 2286 2843 in
2319 2788 2420 2843 hac
2448 2789 2559 2843 vita
2604 2787 2913 2844 mortalium
2955 2797 3197 2859 apparet.
3229 2788 3364 2844 Nam

1797 2887 1974 2957 primo
2002 2884 2377 2953 ordinevocat
2420 2896 2610 2937 omnes
2642 2886 2851 2951 gentes,
2882 2881 3086 2951 quique
3115 2879 3366 2934 habitant

109 2975 284 3045 μένην
306 2990 320 3003 ·
353 2974 430 3037 ὡς
472 2977 584 3039 τοῖς
618 2976 715 3046 μὲν
756 2976 980 3046 ὀνόμασι
1024 2976 1131 3029 τῶν
1162 2977 1358 3044 ἐθνῶν,
1386 2979 1487 3044 τὰς
1537 2999 1686 3053 περι-

1819 2978 2004 3039 ιτὺθῐη,
2033 2981 2094 3029 ut
2131 2971 2373 3044 gentium
2405 2968 2623 3041 quidem
2658 2970 2878 3025 nomine
2910 2968 3368 3039 circumscriptio-

106 3064 335 3136 γραφὰς
362 3063 470 3118 τῶν
492 3064 672 3119 τόπων
706 3064 1099 3137 σημαίνεσθαιο
1116 3065 1193 3138 τῷ
1215 3066 1272 3121 δὲ
1301 3068 1500 3139 ἐφεξῆς
1528 3070 1689 3142 λάγφν

104 3158 243 3222 τοὺς
269 3157 383 3211 τῶν
432 3157 611 3212 τόπων
662 3160 967 3231 οἰκήτορας.
1009 3161 1265 3232 Γηγενεῖς
1290 3161 1348 3215 δὲ
1388 3164 1556 3217 εἰπὼν
1600 3166 1694 3218 καὶ

106 3243 424 3314 ἀνθρώπων
456 3245 626 3312 υἱοὺς,
655 3247 783 3311 τοὺς
811 3247 1110 3320 σαρκώδεις
1130 3267 1188 3304 τε
1221 3251 1315 3305 καὶ
1341 3253 1556 3323 χοῖκοὺς
1599 3255 1694 3309 καὶ

110 3334 358 3403 ἀλογωτέ
369 3352 493 3405 ρους
521 3336 784 3409 διακρίνει
807 3339 914 3392 ἀπὸ
941 3339 1055 3395 τῶν
1082 3342 1424 3414 σωζομένων,
1458 3346 1551 3402 καί
1573 3364 1693 3401 τινα

111 3430 171 3480 ὲν
200 3426 390 3489 αὐτοῖς
428 3428 750 3500 χαρακτῆρα
781 3430 880 3501 τῆς
921 3432 1267 3507 ἀνθρωπίνης
1305 3435 1521 3507 φύσεως
1546 3439 1695 3509 ὲχόν-

107 3536 246 3573 των.
277 3518 442 3583 Ἴδιος
482 3520 538 3573 δὲ
578 3522 864 3594 χαρακτὴρ
894 3524 1255 3597 ἀνθρώπου,ή
1297 3527 1435 3599 πρὸς
1468 3526 1700 3582 τδΘεῖον

108 3612 397 3684 ὁμοίωσις.
447 3613 510 3666 Ἠ
535 3612 593 3666 δὲ
619 3612 763 3667 κατὰ
802 3615 990 3668 πενίαν
1024 3634 1083 3669 τε
1117 3618 1212 3671 καὶ
1254 3617 1484 3672 πλοῦτον
1516 3618 1696 3672 ἀνισό-

111 3701 346 3785 της.τοῦ
375 3701 514 3785 βίου,
551 3702 612 3755 τὸ
639 3703 1001 3771 γενικώτατόν
1028 3708 1174 3760 ἐστιν
1204 3709 1371 3762 αἴτιον
1394 3709 1493 3781 τῆς
1515 3711 1695 3764 ποικί-

111 3777 309 3864 λης’τε
337 3794 432 3847 καὶ
456 3777 767 3858 πολυειδοῦς
791 3794 897 3850 τῶν
926 3797 983 3850 ὲν
1009 3796 1316 3868 ἀνθρώποις
1356 3777 1697 3872 πραγμάτων

111 3883 455 3953 ἀνωμαλίας.
487 3885 582 3948 Τίς
630 3880 785 3950 οὗτος
821 3887 849 3940 6
880 3887 938 3939 ὲν
982 3887 1221 3959 τοσούτῳ
1257 3890 1351 3944 καὶ
1394 3891 1696 3962 τηλικούτῳ

112 3975 470 4046 ἀκροατηρίῳ
506 3976 835 4047 δημηγορῶν
870 3994 885 4044 ;
913 3977 1009 4041 Τίς
1040 3978 1214 4044 ἄλλος,
1248 3981 1281 4053 ἢ
1323 3984 1351 4036 6
1404 3984 1697 4056 μαρτυρῶν

52 4135 60 4147 _
112 4069 174 4120 ὲν
206 4066 379 4137 αὐτῷ,
418 4068 500 4122 ὅτι
541 4069 732 4139 σοφίαν
773 4070 994 4142 λαλήσει
1038 4073 1133 4126 καὶ
1167 4073 1379 4130 σύνεσιν
1412 4092 1427 4142 ;
1460 4076 1611 4131 λαλεῖ
1639 4078 1695 4131 δὲ

112 4159 282 4223 αὐτά,
330 4160 359 4212 ὁ
397 4159 533 4228 ἔχων
559 4159 781 4232 Πνεῦμα
820 4162 1010 4231 σοφίας
1048 4180 1106 4216 τε
1143 4166 1237 4220 καὶ
1271 4167 1561 4234 συνέσεως,
1597 4170 1696 4242 τὴν

118 4250 372 4322 μεγάλην
404 4251 608 4321 ταύτην
659 4252 837 4321 χάριν,
869 4253 968 4325 τὴν
1000 4255 1065 4308 ἐκ
1103 4258 1375 4328 προσοχῆς
1402 4261 1498 4314 καὶ
1539 4262 1696 4332 μελέ-

1799 3084 1920 3123 nem
1944 3066 2186 3122 locorum
2237 3060 2657 3132 signiﬁcaverit;
2692 3059 3042 3131 sequentibus
3087 3075 3217 3115 vero
3244 3073 3367 3115 ver-

1799 3162 1883 3216 bis
1939 3159 2182 3214 loeorutn
2221 3155 2451 3212 incolas.
2509 3153 2648 3209 Cum
2703 3160 2884 3208 autem
2949 3152 3254 3223 terrigenas
3311 3158 3367 3207 et

1797 3252 1936 3307 ﬁlios
1963 3251 2242 3306 hominum
2273 3246 2539 3313 nominat,
2603 3245 2839 3301 secernit
2892 3244 3141 3300 carnales
3166 3251 3219 3300 et
3250 3258 3369 3300 cor-

1796 3343 1977 3413 poreis
2018 3341 2183 3397 rebus
2221 3339 2486 3405 addictos,
2516 3344 2567 3394 et
2593 3351 2624 3391 a
2661 3337 2871 3392 ratione
2915 3337 3147 3392 alienam
3194 3337 3361 3392 vitam

1797 3435 2074 3505 degentes,
2116 3430 2185 3485 ab
2230 3430 2316 3485 his
2350 3430 2443 3499 qui
2481 3429 2780 3493 salvantur,
2815 3435 2869 3483 et
2924 3428 3158 3498 aliquem
3182 3429 3368 3485 chara-

1796 3536 1995 3582 CIerem
2019 3530 2228 3588 natura:
2261 3521 2512 3575 humanae
2553 3521 2607 3573 in
2651 3534 2711 3575 se
2749 3520 3064 3575 continent:
3112 3520 3365 3589 proprius

1797 3634 1926 3675 vero
1958 3616 2196 3672 hominis
2220 3615 2505 3670 character
2524 3620 2608 3669 est
2654 3611 2953 3666 similitudo
2980 3626 3104 3665 cum
3142 3611 3272 3666 Deo.
3296 3612 3367 3666 At

1798 3707 2135 3778 inaequalitas
2162 3705 2308 3760 circa
2365 3708 2735 3773 paupertatem
2781 3710 2834 3755 et
2867 3699 3084 3757 divitias
3131 3701 3368 3757 maxime

1797 3799 2066 3874 generalis
2095 3812 2258 3853 causa
2289 3805 2371 3853 est
2395 3795 2559 3849 variae
2622 3800 2676 3849 et
2722 3791 3070 3850 multiformis
3108 3792 3255 3848 illius
3284 3792 3364 3847 di-

1797 3891 2093 3953 versitatis,
2122 3903 2245 3960 quae
2272 3888 2326 3942 in
2374 3884 2653 3941 hominum
2695 3881 2926 3954 negotiis
2972 3881 3250 3938 elucescit.
3298 3884 3364 3938 Et

1797 3987 1920 4060 quis
1942 3986 2063 4046 iste,
2102 3982 2192 4053 qui
2235 3983 2288 4035 in
2329 3980 2422 4035 tali
2469 3992 2533 4032 ac
2569 3984 2720 4031 tanto
2764 3975 3038 4031 auditorio
3081 3975 3366 4031 concinna-

1798 4078 1927 4133 tur?
1951 4076 2074 4147 quis
2107 4072 2267 4136 alius,
2299 4085 2460 4142 quam
2487 4069 2581 4140 qui
2631 4068 2685 4122 in
2718 4068 2902 4138 seipso
2928 4072 3162 4123 testatur
3194 4081 3253 4122 se
3281 4067 3363 4121 lo-

1798 4178 2052 4226 cuturum
2079 4163 2398 4234 sapientiam
2423 4169 2478 4217 et
2531 4157 2917 4230 prudentiam?
2940 4157 3203 4226 Loquitur
3232 4171 3365 4212 vero

1798 4264 1913 4319 hmc
1942 4261 2051 4327 ille,
2081 4257 2171 4328 qui
2195 4255 2354 4310 habet
2370 4251 2632 4324 Spiritum
2654 4250 2931 4321 sapientiae
2951 4256 3004 4303 et
3033 4249 3359 4312 intellectus,

113 4360 222 4415 της
250 4342 713 4414 κατορθουμένην.
746 4343 819 4415 Οὐ
858 4344 964 4416 γάρ
1001 4347 1261 4417 πρότερον
1290 4345 1442 4404 εἶπεν
1463 4352 1686 4421 ἀνοίγειν

1819 4353 2050 4410 :ximiam
2079 4350 2238 4405 istam
2281 4344 2531 4415 gratiam,
2560 4356 2681 4410 quae
2708 4356 2775 4396 ex
2805 4346 3006 4394 attenta
3023 4353 3151 4392 cura
3174 4345 3228 4392 et
3250 4353 3363 4393 me-

115 4434 180 4488 τδ
198 4433 400 4503 στόμα.
421 4433 548 4505 πρὶν
578 4434 860 4488 ὑποκλίναι
883 4437 981 4506 τὴν
1015 4436 1184 4508 ἀκοὴν
1204 4437 1281 4509 τῷ
1297 4441 1696 4511 παραϐάλλοντι

115 4523 264 4592 λόγῳ
288 4538 303 4551 ·
336 4541 356 4574 ι
387 4523 460 4575 Τὸ
500 4523 674 4592 στόμα
719 4541 843 4594 μου,
880 4541 898 4574 ι
928 4525 1112 4595 φησὶν,
1162 4545 1181 4577 ι
1219 4528 1440 4600 λαλήσει
1472 4530 1696 4600 σοφίαν,

115 4614 216 4667 καὶ
246 4615 281 4684 ἡ
319 4613 513 4685 μελέτη
537 4614 633 4683 τῆς
662 4614 887 4685 καρδίας
917 4632 1016 4685 μου
1044 4616 1276 4674 σύνεσιν.
1316 4637 1335 4673 ι
1385 4620 1497 4675 Καὶ
1544 4622 1696 4694 πρῶ-

116 4721 211 4757 τον
249 4721 270 4756 ε
313 4700 478 4756 κλινῶ
508 4704 588 4767 είς
612 4704 928 4776 παραϐολὴν
964 4707 1024 4760 τὸ
1061 4703 1154 4772 οὖς
1209 4726 1340 4779 μου,
1378 4727 1397 4761 ι
1434 4711 1528 4764 καὶ
1575 4712 1696 4766 τότε

123 4814 144 4847 ι
183 4793 385 4859 ἀνοίξω
418 4794 477 4845 ὲν
523 4793 807 4866 ψαλτηρίῳ
838 4795 899 4849 τὸ
931 4797 1224 4870 πρόϐλημά
1258 4816 1379 4869 μου.
1429 4820 1448 4851 ι
1486 4801 1579 4866 Τίς
1605 4800 1698 4859 οὖν

118 4887 151 4956 ἡ
194 4883 432 4951 σύνεσις,
458 4885 548 4938 καὶ
586 4885 636 4937 τί
669 4884 730 4938 τὸ
760 4887 1083 4958 πρόϐλημα;
1108 4887 1221 4942 Οὐκ
1246 4887 1406 4955 οἶδεν,
1444 4894 1627 4964 φησὶν,
1661 4896 1696 4965 ἡ

114 4975 213 5029 τοῦ
248 4974 385 5028 Θεοῦ
414 4975 586 5040 κτίσις
631 4979 872 5048 πονηρᾶς
901 4995 1044 5043 τινος
1076 4979 1287 5052 ἡμέρας
1333 4985 1692 5057 κατασκευὴν,

117 5064 193 5125 ὡς
213 5065 482 5134 μαρτυρεί
504 5066 603 5135 τῆς
626 5068 1008 5137 κοσμογενείας
1035 5068 1246 5137 ὁλόγος,
1261 5071 1374 5124 ἀλλ’
1398 5074 1430 5144 ἡ
1458 5075 1698 5148 ἁμαρτία

116 5156 217 5227 τὴν
243 5156 637 5227 ἁγαλλιάσιμον
676 5158 906 5229 ἡμέραν,
931 5160 1096 5229 φόϐου
1134 5162 1233 5217 καὶ⁵
1268 5166 1532 5235 τιμωρίας
1568 5168 1696 5239 ήμέ·

121 5264 221 5319 ραν
268 5247 546 5317 ἐποίησεν,
578 5247 645 5318 ἢν
685 5246 813 5318 ἐξῆν
861 5251 934 5320 μὴ
974 5251 1286 5321 φοϐεῖσθαι,
1316 5255 1366 5307 εί
1413 5256 1488 5329 μὴ
1526 5259 1555 5310 6
1596 5258 1693 5329 τὴν

115 5338 355 5409 πτέρναν
386 5335 548 5408 ημῶν
573 5337 846 5409 ἐπιτηρῶν
875 5339 1015 5411 ὄφις,
1052 5335 1096 5410 ᾧ
1127 5343 1297 5416 δνομά
1336 5346 1484 5402 ἐστιν
1513 5349 1546 5418 ἡ
1573 5349 1695 5402 ἀνο-

118 5428 239 5502 μία,
271 5428 461 5497 κύκλῳ
493 5426 596 5496 τὴν
630 5430 852 5499 πορείαν
877 5432 972 5487 τοῦ
1008 5433 1124 5505 βίου
1160 5435 1433 5507 διέλαϐεν,
1468 5439 1547 5511 τῷ
1577 5441 1692 5512 ἰδίῳ

183 5604 228 5636 ⁸⁸
250 5602 399 5660 Psal.
444 5616 644 5666 xum,
671 5601 706 5655 2
735 5618 853 5675 sqq.

1795 4444 2056 4501 dilatione
2080 4437 2347 4509 provenit.
2381 4432 2500 4488 Non
2528 4432 2672 4487 enim
2703 4431 2856 4500 prius
2884 4429 3021 4483 dixit
3049 4444 3107 4484 se
3150 4427 3362 4498 aperire

1795 4555 1879 4605 os,
1913 4551 2075 4608 quam
2126 4527 2469 4588 inclinaverit
2497 4539 2682 4580 aurem
2738 4523 2805 4578 ad
2846 4538 3155 4579 sermonem
3192 4522 3359 4588 illius,

1799 4627 1892 4699 qui
1922 4625 1972 4681 ei
2010 4621 2335 4694 suggerebat
2364 4615 2568 4671 omnia.
2594 4611 2774 4683 lnquit
2794 4612 2938 4667 enim
2981 4630 2993 4665 :
3035 4629 3055 4663 ι
3088 4608 3163 4666 Os
3186 4626 3361 4666 meum

1797 4722 2051 4788 loquetur
2090 4710 2432 4783 sapientiam,
2488 4714 2543 4760 et
2571 4704 2852 4759 meditatio
2880 4703 3062 4758 cordis
3095 4704 3199 4758 mei
3230 4719 3362 4773 pru-

1797 4808 2056 4870 dentiam,
2093 4824 2111 4857 ι
2168 4818 2263 4860 seu
2295 4801 2667 4855 intellectum:
2699 4797 3043 4868 primumque
3077 4813 3096 4846 ι
3134 4795 3364 4849 inclina~

1796 4900 1866 4955 ho
1901 4898 1958 4954 in
2007 4895 2318 4967 parabolam
2365 4905 2551 4946 aurem
2587 4904 2781 4954 meam,
2816 4905 2837 4939 ι
2877 4894 2932 4941 et
2980 4893 3110 4940 tunc
3166 4903 3185 4936 ι
3243 4898 3365 4953 ape-

1795 4990 1933 5044 riam
1982 4988 2036 5041 in
2076 4983 2333 5056 psalterio
2376 4980 2801 5052 propositionem
2830 4993 3026 5033 meam.
3059 4995 3079 5029 ι
3113 4974 3363 5045 Quaeigi-

1797 5090 1886 5135 tur
1911 5088 1992 5134 est
2023 5078 2124 5133 ista
2155 5074 2460 5145 prudentia,
2491 5081 2544 5128 et
2560 5072 2707 5143 quod
2736 5071 3012 5142 problema
3037 5084 3139 5127 seu
3166 5083 3364 5139 propo—

1799 5167 1954 5227 sitio?
2001 5164 2118 5219 Non
2168 5163 2323 5227 vidit,
2350 5161 2546 5231 inquit,
2571 5161 2665 5216 Dei
2694 5169 2942 5215 creatura
2973 5160 3100 5214 mali
3131 5158 3362 5228 alicujus

1798 5261 1901 5316 diei
1936 5255 2296 5319 ell'ectionem,
2338 5258 2401 5306 ut
2438 5260 2667 5307 testatur
2696 5252 2938 5307 narratio
2959 5251 3146 5307 mundi
3174 5264 3363 5306 recens

1796 5348 2025 5414 conditi,
2056 5345 2152 5402 sed
2202 5349 2485 5414 peccatum
2552 5343 2836 5399 laetabilem
2868 5344 3012 5397 illam
3036 5352 3090 5401 et
3147 5342 3360 5414 plenam

1794 5434 2176 5501 exsultationis
2203 5434 2346 5492 diem
2372 5432 2551 5490 eﬁecit
2582 5432 2742 5490 nobis
2770 5431 2912 5490 diem
2942 5434 3154 5491 timoris
3188 5440 3243 5490 et
3271 5431 3363 5504 ju-
