3766 5986
359 235 462 294 559

1595 231 1652 287 S.
1695 228 2022 287 GREGORII
2043 226 2340 285 NYSSENI

3500 214 3611 274 5‘30

358 351 509 419 dicii,
546 364 707 420 quam
735 357 1051 421 poteramus
1083 366 1190 405 non
1230 350 1499 414 timuisse,
1533 351 1641 405 nisi
1670 363 1918 419 serpens,

2097 346 2165 416 ab
2193 347 2313 408 ταῖς
2340 342 2610 406 ποικίλαις
2635 341 2743 396 τῶν
2764 340 2947 395 παθῶν
2974 341 3180 411 φολίσιν
3211 340 3458 414 φοϐερῶς
3486 341 3612 393 ἑπι-

304 443 452 521 mqui
481 442 740 497 calcaneo
786 450 978 497 nostro
1029 442 1340 508 insidiatur,
1391 443 1550 512 cujus
1591 456 1788 497 nomen
1816 439 1925 493 ini-

2031 434 2273 508 φρίσσων
2312 431 2649 502 πανταχόθεν
2695 429 2790 484 καὶ
2823 431 3241 503 τραχυνόμενος.

356 534 568 605 quitas,
627 533 875 602 undique
928 533 1070 587 viam
1121 534 1244 588 vitae
1327 534 1486 588 nobis
1532 528 1976 600 circumsepisset
2012 524 2236 595 proprio
2271 537 2372 578 suo
2415 529 2596 576 rotatu
2651 530 2705 576 et
2748 536 2902 592 ἕντο»
2961 530 3016 576 ει
3067 520 3232 577 Variis
3286 522 3612 593 Ραδεῑοηυεῖι

356 623 516 695 quasi
543 624 814 693 squamis,
839 623 1071 677 terribili
1099 631 1323 692 aspectu
1356 623 1598 693 undique
1619 618 1937 676 infrendens
1972 621 2029 670 et
2067 613 2472 669 inhorrescens.

429 717 634 773 Deinde
678 716 889 786 psalmo
945 717 1001 771 in
1057 717 1195 773 duas
1234 725 1419 787 partes
1475 717 1816 778 distributo,
1872 712 1930 766 in

359 813 536 884 prima
583 811 802 882 quidem
850 819 1005 881 parte
1045 812 1338 868 consilium
1395 812 1509 879 dat,
1549 827 1619 867 ne
1642 810 1708 865 ad
1761 809 1929 863 alium

360 903 651 975 quemdam
679 903 1028 961 liberatorem
1056 904 1394 974 respiciant;
1441 918 1616 974 neque
1640 903 1785 957 enim
1820 897 1945 954 fra-.

358 1002 464 1060 ter,
491 995 688 1065 inquit,
722 994 977 1058 redimet,
1010 1009 1111 1049 nec
1135 994 1277 1049 alius
1318 993 1589 1064 quispiam
1621 990 1924 1054 hominum,

359 1086 455 1143 sed
489 1084 718 1155 quilibet
756 1098 857 1155 pro
888 1082 1072 1153 seipso
1105 1083 1372 1149 exorabit,
1425 1083 1473 1138 si
1526 1099 1545 1132 ι
1567 1080 1777 1136 dederit
1816 1078 1927 1135 Deo

358 1177 748 1249 plaeationem,
777 1185 830 1231 et
852 1176 1089 1245 pretium
1121 1174 1507 1244 redemptionis
1533 1174 1728 1228 animat
1754 1186 1919 1227 suae.»

359 1267 517 1333 Quod
563 1265 784 1336 quidem
818 1265 1033 1322 consilii
1084 1265 1206 1318 loco
1256 1264 1325 1319 ad
1355 1264 1572 1318 illorum
1613 1263 1925 1334 superbiam

358 1354 765 1426 coarguendam
795 1353 947 1421 dicit,
982 1356 1073 1427 qui
1107 1353 1312 1409 frustra
1342 1368 1561 1424 operam
1588 1353 1645 1407 in
1676 1353 1778 1407 hac
1818 1353 1929 1406 vita

360 1454 715 1513 consumunt,
749 1447 1102 1515 studiumque
1132 1447 1188 1501 in
1227 1443 1586 1501 infructuosis
1623 1444 1788 1500 rebus
1826 1458 1925 1514 po-

358 1549 517 1598 nunt.
550 1540 723 1608 Quam
744 1539 915 1595 variis
940 1539 1220 1596 laboribus
1245 1555 1366 1595 sese
1393 1539 1622 1610 fatigant
1652 1538 1923 1603 homines,

359 1632 518 1703 quasi
547 1646 760 1702 semper
793 1631 988 1687 victuri
1040 1638 1223 1688 essent
1247 1649 1262 1699 ;
1289 1647 1450 1704 quam
1487 1632 1677 1702 procul
1706 1632 1775 1688 ab
1818 1632 1928 1687 illis
1960 1667 2002 1722 Β

357 1724 621 1796 cogitatio
650 1722 1042 1794 corruptionis,
1073 1738 1192 1792 quae
1221 1730 1448 1778 mortem
1481 1723 1795 1789 comitatur,
1828 1724 1924 1793 qui

356 1813 603 1886 quatidie
645 1821 773 1868 ante
817 1813 1007 1869 oculos
1050 1826 1181 1868 suos
1218 1812 1403 1867 vident
1440 1812 1576 1869 alios
1604 1813 1920 1877 morientes,

357 1901 611 1973 quodque
632 1900 1007 1957 certissimum
1046 1909 1101 1956 et
1127 1900 1475 1958 verissimum
1504 1903 1748 1958 stultitia:
1768 1910 1821 1958 et
1850 1903 1927 1958 in-

358 1992 627 2062 sipientia:
673 2000 1051 2062 argumentum
1103 1999 1208 2052 est,
1266 1990 1360 2061 qui
1406 1993 1659 2047 nesciunt
1691 2008 1752 2049 se
1799 2001 1925 2063 post

358 2083 501 2139 hanc
548 2082 714 2138 vitam
770 2084 891 2139 aliis
928 2082 1147 2140 divitias
1194 2083 1298 2138 bas
1348 2084 1658 2149 relicturos,
1715 2087 1924 2156 seipsos

360 2183 542 2231 autem
582 2175 638 2229 in
689 2176 955 2244 sepulcris
1013 2176 1069 2231 in
1108 2182 1428 2245 perpetuum
1472 2190 1780 2245 mansuros,
1831 2179 1925 2249 qui

358 2267 582 2322 nomina
630 2281 729 2322 sua
762 2280 866 2336 per
901 2266 1066 2320 vitam
1108 2266 1481 2322 sublimiorem
1532 2267 1587 2321 in
1633 2269 1774 2323 coelo
1815 2284 1925 2323 non

360 2356 807 2427 descripserunt;
851 2356 946 2412 sed
976 2372 1101 2411 cum
1128 2357 1183 2411 in
1218 2366 1363 2412 terra
1408 2357 1521 2412 fieri
1552 2358 1790 2414 celebres
1824 2375 1924 2415 cu-

359 2460 573 2521 perent,
603 2448 848 2505 fecerunt
876 2449 1086 2518 seipsos
1116 2447 1171 2502 in
1210 2450 1420 2505 caelesti
1447 2449 1537 2504 illa
1568 2449 1789 2506 civitate
1827 2452 1927 2505 ob-

360 2555 556 2597 scuros
585 2548 639 2595 et
667 2541 784 2596 sine
814 2539 1056 2594 nomine.
1095 2536 1303 2593 Horum
1341 2538 1582 2594 omnium
1622 2554 1789 2595 causa
1820 2550 1925 2606 est,

359 2628 506 2700 quod
539 2628 701 2682 homo
723 2626 1004 2697 proprium
1038 2641 1195 2681 suum
1220 2626 1479 2682 honorem
1507 2643 1615 2683 non
1638 2630 1922 2700 intelligat,

362 2718 456 2777 sed
486 2717 553 2773 ad
584 2717 774 2773 brutas
805 2717 1113 2788 voluptates
1159 2725 1352 2786 sponte
1396 2731 1497 2772 sua
1531 2733 1652 2774 sese
1684 2719 1922 2789 abjiciat,

360 2805 633 2861 obnoxius
663 2805 802 2877 gulae
840 2813 894 2861 et
923 2804 1117 2868 ventri,
1157 2805 1333 2876 iisque
1364 2822 1485 2877 quae
1512 2816 1755 2863 ventrem
1794 2823 1926 2864 con-

361 2903 689 2966 sequuntur,
718 2894 1003 2951 sordibus.
1038 2894 1162 2950 Haec
1190 2911 1319 2966 pars
1356 2905 1441 2952 est
1478 2898 1665 2968 prima:
1699 2898 1925 2954 divisio-

2092 703 2236 761 Ἐῖτα
2267 707 2386 778 διχῆ
2420 705 2642 762 διελθὼν
2683 708 2863 760 πᾶσαν
2898 706 2995 779 τὴν
3012 705 3366 778 ψαλμῳδίαν,
3401 709 3461 761 ἐν
3508 706 3613 777 μὲν

2029 797 2106 868 τῷ
2132 797 2330 871 πρώτῳ
2377 798 2568 869 μέρει,
2614 797 2919 870 συμϐουλὴν
2971 799 3351 863 κατατίθεται,
3380 798 3478 852 τοῦ
3534 802 3609 868 μὴ

2029 892 2167 963 πρὸς
2197 891 2353 946 ἄλλον
2385 891 2602 962 βλέπειν
2634 891 2756 945 τινά
2800 891 3081 963 λυτρωτήν
3112 909 3124 920 ’
3160 891 3280 946 οὐτε
3313 893 3424 964 γὰρ
3452 891 3609 947 ἀδελ-

2030 982 2131 1052 φὸς
2157 981 2464 1052 λυτροῦται,
2489 981 2681 1053 φησὶν,
2712 979 2835 1035 οὔτε
2862 982 3019 1047 ἄλλος
3043 999 3128 1046 τις
3150 982 3457 1054 ἄνθρωπος,
3490 982 3612 1037 ἀλλ’

2030 1070 2065 1142 ἢ
2094 1071 2255 1136 αὐτὸς
2281 1071 2510 1136 ἕκαστος
2544 1071 2735 1127 ἑαυτὸν
2772 1071 3261 1144 ἐξαιτήσεται-ἐάν
3288 1089 3352 1143 γε
3389 1092 3410 1124 ι
3444 1072 3609 1126 δώσει

2028 1162 2107 1235 τῷ
2131 1164 2251 1234 Θεῷ
2283 1162 2552 1234 ὲξίλασμα
2574 1162 2790 1229 ἑαυτοῦ,
2827 1164 2922 1218 καὶ
2956 1164 3054 1236 τὴν
3084 1164 3251 1235 τιμὴν
3274 1165 3373 1235 τῆς
3395 1162 3611 1235 λυτρὼο

2030 1272 2169 1319 σεως
2213 1255 2316 1326 τῆς
2349 1256 2529 1327 ψυχῆς
2571 1256 2755 1310 αὐτοῦ.
2805 1275 2824 1309 ι
2884 1258 2949 1309 Ὅ
2983 1255 3231 1326 βούλεται
3294 1255 3611 1327 συμϐουλὴν

2028 1346 2165 1416 πρὸς
2196 1346 2499 1418 ὑπεροψίαν
2522 1348 2632 1401 τῶν
2666 1348 2840 1419 μάτην
2859 1340 3320 1420 ’σπουδαζομένων
3351 1348 3609 1418 γενέσθαι

2029 1432 2129 1505 τὴν
2158 1436 2595 1508 σπουδαζομένην
2620 1438 2676 1490 ὲν
2696 1435 2776 1507 τῷ
2801 1437 2900 1509 βίῳ
2922 1438 3095 1511 τούτῳ
3113 1439 3253 1493 κατά
3281 1439 3342 1493 τὸ
3373 1440 3607 1510 μάταιον

2032 1523 2377 1579 ἀκολουθίαν.
2400 1524 2525 1589 Πῶς
2556 1527 2614 1579 ὲν
2648 1527 2897 1596 ἀνοήτοις
2916 1528 3160 1597 διάγουσι
3208 1530 3397 1593 κόποις
3421 1531 3470 1582 οἱ
3514 1530 3610 1584 ἀν-

2036 1611 2278 1685 θρωποι,
2309 1616 2386 1678 ὡς
2436 1617 2523 1669 ἀεὶ
2560 1616 2816 1688 ζήσεσθαι
2867 1619 3303 1690 προσδοκῶντεςς
3343 1619 3465 1684 Πῶς
3507 1621 3611 1691 τὴν

2028 1705 2118 1759 διά
2142 1706 2235 1760 τοῦ
2261 1706 2491 1763 θανάτου
2517 1709 2863 1782 καταφθορὰν
2910 1711 3009 1764 οὐκ
3038 1711 3368 1777 ἐλπίζουσιν,
3389 1714 3441 1766 οἱ
3475 1717 3606 1778 τοὺς

2030 1797 2137 1869 πρὸ
2155 1797 2333 1854 αὐτῶν
2372 1800 2811 1872 ἀποθνήσκοντας
2835 1803 3119 1875 βλέποντες
3152 1821 3168 1871 ;
3200 1805 3294 1859 καὶ
3315 1807 3397 1859 ὅτι
3431 1808 3605 1878 ἀφρο-

2029 1887 2120 1951 νές
2158 1888 2295 1941 είσιν
2325 1887 2401 1952 ὡς
2439 1890 2672 1961 άληθῶς,
2716 1895 2811 1947 καὶ
2848 1894 3101 1964 ἀνόητοι,
3132 1896 3181 1949 oi
3232 1897 3332 1950 οὐκ
3370 1896 3604 1961 εἰδότες.

2030 1978 2112 2032 ὅτι
2139 1980 2276 2049 μετὰ
2301 1980 2391 2035 τὸν
2415 1982 2538 2053 τῇδε
2562 1982 2673 2053 βίον
2702 1984 2879 2050 ἀλλοις
2904 1987 3287 2057 καταλείψουσι
3315 1989 3408 2042 τὸν
3441 1989 3608 2042 πλοῦ-

2030 2084 2121 2122 τον
2149 2070 2326 2124 αὐτῶν
2347 2088 2359 2101 ·
2387 2072 2540 2126 αὐτοὶ⁸
2563 2073 2619 2126 δὲ
2645 2075 2836 2144 τάφοις
2865 2077 2945 2140 είς
2980 2077 3042 2130 τὸ
3065 2077 3306 2148 διηνεκὲς
3339 2082 3612 2150 παροικὴ-

2033 2175 2237 2226 σουσιν,
2262 2161 2313 2213 οἱ
2338 2161 2406 2214 τά
2426 2163 2665 2233 ὀνόματα
2688 2165 2867 2220 αὐτῶν
2893 2167 2994 2219 οὐκ
3018 2169 3075 2221 ἐν
3103 2168 3351 2238 οὐρανοῖς
3377 2169 3467 2223 διά
3506 2171 3613 2239 τῆς

2032 2247 2367 2320 ὑψηλοτέρας
2395 2251 2538 2324 ζωῆς
2563 2254 2999 2328 ἀπογράψαντες,
3033 2258 3147 2312 ἀλλ’
3165 2260 3222 2313 ὲν
3250 2262 3315 2331 τῇ
3351 2263 3423 2332 γῇ
3453 2265 3613 2330 γενέ-

2033 2336 2155 2390 σθαι
2192 2337 2477 2411 ὀνομαστοὶ
2508 2342 2877 2414 ποθήσαντες,
2916 2348 3258 2418 ἀνωνύμους
3283 2349 3511 2414 ἑαυτοὺς
3549 2353 3610 2403 ἐν

2029 2430 2095 2500 τῇ
2131 2429 2243 2484 ἀνω
2266 2432 2415 2485 πόλει
2440 2432 2722 2506 ἐποίησαν.
2754 2435 2969 2490 Τούτων
3003 2437 3058 2492 δὲ
3081 2439 3302 2494 πάντων
3327 2440 3525 2505 αἴτιον,
3548 2440 3613 2494 τὸ

2035 2525 2109 2595 μὴ
2136 2524 2370 2578 συνιέναι
2389 2524 2480 2577 τὸν
2506 2525 2789 2596 ἄνθρωπον
2810 2528 2907 2598 τῆς
2938 2529 3071 2594 ίδίας
3098 2531 3279 2602 τιμῆς,
3294 2531 3436 2586 ἀλλά
3465 2532 3612 2603 πρὸς

2030 2615 2129 2678 τὰς
2159 2613 2452 2685 κτηνώδεις
2476 2615 2666 2688 ήδονάς
2699 2619 2961 2684 ἑκουσίως
2992 2624 3384 2694 κατασυρῆναι,
3418 2623 3610 2695 λαιμῷ

2032 2709 2127 2764 καὶ
2171 2709 2401 2782 γαστρὶ,
2433 2711 2528 2765 καὶ
2569 2710 2646 2782 τῷ
2680 2712 2820 2782 μετά
2860 2715 3098 2785 γαστέρα
3128 2715 3282 2789 ῥύπῳ
3313 2718 3609 2789 γενόμενον

2032 2798 2266 2856 ἔκδοτον.
2299 2801 2469 2857 Τοῦτο
2499 2803 2598 2871 τῆς
2630 2802 2851 2876 πρώτης
2892 2806 3208 2877 διαιρέσεως
3246 2808 3338 2863 τοῦ
3380 2809 3609 2880 ψαλμοῦ

2031 2890 2093 2944 τδ
2123 2891 2307 2970 μέρος.
2333 2892 2481 2946 Tuas
2521 2893 2839 2965 λειπόμενον
2877 2896 2936 2951 ἐν
2974 2896 3154 2963 ἀλλοις
3184 2897 3296 2970 ἔχει
3334 2898 3433 2970 τὴν
3471 2914 3611 2953 κατι

361 2987 450 3044 nis
495 2986 657 3057 hujus
695 2986 910 3056 psalmi.
959 2984 1185 3056 Reliqua
1219 3002 1344 3056 pars
1381 2988 1451 3044 ad
1495 2989 1598 3042 alia
1631 2990 1921 3059 reprehen-

2097 2983 2277 3055 ὀρίαν.
2295 2984 2462 3038 Πάλιν
2496 2985 2550 3039 δὲ
2579 2987 2657 3050 είς
2680 2987 2740 3040 τὸ
2762 2989 2892 3042 αὐτὸ
2924 2990 3077 3062 ῥῆμα
3104 2990 3421 3061 περαιοῦται
3452 2993 3483 3045 ὁ
3512 2991 3610 3045 λό’

363 3080 574 3137 sionem
612 3085 667 3134 et
697 3077 1100 3134 accusationem
1130 3079 1358 3151 dirigit;
1390 3096 1694 3151 rursusque
1732 3082 1926 3138 iisdem

360 3171 546 3227 verbis
586 3170 914 3225 terminatur
953 3172 1164 3237 oratio;
1203 3171 1459 3228 videlicet
1502 3172 1614 3227 hoc
1647 3171 1809 3230 nobis
1842 3174 1929 3229 in-

365 3262 548 3316 sinuat
584 3258 875 3331 Propheta,
897 3260 1128 3330 primam
1163 3276 1386 3316 causam
1421 3262 1551 3317 mali
1576 3264 1632 3317 in
1662 3264 1928 3320 mundum

364 3351 600 3423 ingressi
629 3349 821 3418 fuisse,
846 3350 991 3421 quod
1020 3348 1184 3405 homo
1208 3351 1384 3406 brutis
1412 3361 1467 3407 et
1497 3366 1528 3406 a
1557 3352 1770 3408 ratione
1796 3353 1930 3408 alie-

362 3445 453 3499 nis
483 3441 867 3514 cupiditatibus
897 3440 1093 3497 similis
1120 3441 1193 3497 sit
1218 3440 1441 3499 effectus
1464 3441 1759 3512 iumentis;
1802 3458 1927 3498 cum

363 3544 546 3591 autem
585 3539 777 3588 contra
818 3532 1019 3586 malum
1051 3532 1323 3588 medicina
1371 3539 1559 3603 parata
1590 3533 1752 3589 nobis
1781 3542 1928 3589 esset

363 3627 431 3682 ab
479 3640 566 3693 eo,
620 3624 713 3695 qui
756 3622 1061 3679 humanum
1117 3639 1288 3697 genus
1324 3623 1701 3681 misericordia
1746 3634 1929 3683 motus

360 3716 637 3784 visitavit;
684 3716 960 3784 homines,
1006 3715 1222 3772 deserto
1254 3733 1450 3774 rursus
1488 3717 1634 3773 bono
1685 3726 1927 3788 pastore,

361 3811 524 3865 morti
559 3809 863 3880 pascendos
911 3824 971 3864 se
996 3807 1241 3875 tradunt,
1292 3825 1404 3864 non
1444 3810 1512 3864 ad
1546 3810 1793 3866 coelestia
1825 3826 1927 3882 pa-

360 3901 514 3968 bula,
564 3898 660 3954 sed
705 3898 772 3952 ad
815 3896 990 3953 infera
1024 3899 1326 3967 tendentes,
1362 3900 1561 3956 inferni
1608 3915 1739 3956 oves
1776 3901 1928 3958 facti.

363 3989 509 4045 Dicit
554 3988 730 4044 enim:
777 3984 974 4041 (Sicut
1025 4002 1156 4045 oves
1206 3991 1262 4044 in
1312 3991 1524 4046 inferno
1570 3993 1734 4063 positi
1780 4001 1928 4059 sunt,

363 4096 513 4137 mors
532 4079 786 4149 depascet
813 4093 963 4134 eos.)
1002 4078 1096 4134 Sic
1123 4080 1304 4137 denuo
1337 4099 1435 4153 per
1458 4092 1740 4153 peccatum
1765 4084 1930 4139 indu-

364 4171 510 4226 citur
543 4168 746 4224 oblivio
779 4168 898 4238 ejus
938 4167 1241 4238 dignitatis,
1274 4186 1397 4240 quae
1430 4172 1589 4228 nobis
1622 4172 1806 4227 divino
1837 4172 1932 4228 be-

364 4258 561 4315 neficio
589 4257 802 4328 obtigit,
832 4264 886 4312 et
910 4257 978 4311 ad
1010 4258 1173 4313 vitam
1205 4259 1438 4316 rationis
1464 4269 1739 4331 expertem
1776 4262 1932 4317 incli-

362 4352 515 4407 natio
543 4350 824 4406 exoritur:
854 4363 1015 4405 omne
1038 4349 1181 4408 enim
1204 4350 1361 4416 illud,
1393 4351 1538 4423 quod
1563 4361 1716 4407 extra
1744 4367 1928 4408 veram
1962 4336 2009 4397 ί)

364 4442 630 4497 rationem
654 4450 758 4506 est,
788 4443 1016 4499 rationis
1038 4442 1322 4499 destitutio
1344 4451 1458 4500 est:
1493 4443 1776 4516 proprium
1799 4458 1928 4501 vero

359 4532 593 4605 jumenti
621 4540 705 4588 est
737 4535 948 4590 ratione
978 4544 1032 4591 et
1064 4542 1244 4590 mente
1271 4548 1476 4591 carere.

948 4623 1175 4680 CAPUT
1204 4622 1342 4681 XIII.

437 4712 633 4769 Verum
686 4714 867 4770 omnia
920 4730 1041 4786 qua:
1077 4719 1135 4770 in
1180 4714 1394 4786 psalmo
1443 4721 1593 4781 sunt,
1650 4714 1927 4787 sigillatim

360 4805 499 4863 velle
535 4807 815 4879 prosequi,
871 4816 927 4866 et
959 4821 1411 4875 commemorare,
1461 4823 1928 4879 supervacaneum

361 4894 547 4959 fuerit,
578 4911 701 4951 cum
733 4910 796 4951 ea
819 4911 940 4968 quae
968 4898 1171 4954 omissa
1197 4908 1344 4964 sunt,
1380 4898 1524 4954 facili
1555 4899 1738 4954 labore
1767 4914 1833 4954 ex
1860 4899 1929 4954 iis

362 5002 484 5058 qua:
517 4987 755 5045 diximus
795 4988 1009 5060 possint
1053 4990 1418 5057 innotescere,
1464 4998 1527 5046 ut
1553 4990 1783 5061 proinde
1816 5004 1926 5045 non

361 5077 596 5134 arbitrer
619 5079 920 5135 orationem
946 5078 1162 5150 longius
1196 5081 1617 5161 protrahendam
1645 5097 1787 5147 esse,
1821 5080 1924 5137 nisi

362 5171 502 5225 forte
536 5171 668 5226 illud
703 5171 1082 5228 tantummodo
1106 5176 1457 5244 repetendum
1487 5175 1558 5232 sit
1584 5190 1648 5230 ex
1678 5174 1767 5239 iis,
1805 5191 1927 5246 qua:

355 5258 469 5327 jam
526 5275 692 5329 supra
737 5260 1015 5331 disputata
1068 5272 1218 5329 sunt,
1270 5279 1526 5336 magnum
1562 5263 1821 5321 Davidem
1869 5267 1927 5321 in

362 5345 659 5401 humanum
715 5363 886 5418 genus
938 5358 1169 5421 utroque
1213 5352 1376 5408 modo
1424 5353 1728 5409 beneficum
1780 5368 1924 5419 esse,

318 5490 323 5495 _
364 5441 495 5486 tunc
542 5433 767 5501 scilicet,
816 5450 942 5492 cum
982 5442 1210 5496 salutem
1252 5450 1498 5498 nostram
1545 5459 1643 5514 per
1678 5443 1927 5514 symbola

363 5523 610 5593 quaedam
640 5524 887 5583 eﬂ‘ormat
916 5541 968 5586 et
997 5530 1305 5600 adumbrat,
1336 5542 1392 5589 et
1423 5541 1554 5588 tunc
1584 5549 1709 5588 cum
1745 5533 1927 5588 homi-

360 5612 526 5674 nibus
554 5614 771 5673 modum
804 5621 1134 5692 paenitentia:
1171 5623 1548 5682 demonstrat:
1587 5624 1677 5680 cui
1714 5623 1927 5695 egregie

2028 3090 2142 3142 γος.
2175 3073 2344 3127 Τοῦτο
2364 3114 2379 3139 ,
2407 3069 2592 3144 οἶμαι,
2624 3075 3017 3149 φιλοσοφούσης
3063 3079 3195 3148 ἡμῖν
3247 3078 3347 3149 τῆς
3380 3093 3608 3149 προφη-

2026 3161 2196 3226 τείας,
2226 3162 2309 3215 ὅτι
2357 3162 2419 3216 τὸ
2452 3163 2664 3235 πρῶτον
2695 3165 2865 3219 αῐτιον
2900 3165 3000 3236 τῆς
3027 3167 3133 3220 τῶν
3156 3166 3340 3220 κακῶν
3361 3167 3604 3231 εἰσόδου,

2027 3253 2089 3306 τὸ
2130 3253 2583 3325 ἀποκτηνωθῆναι
2627 3255 2719 3310 τὸν
2752 3255 3034 3328 ἄνθρωπον
3063 3260 3174 3320 τοῖς
3203 3256 3611 3327 ζωωδεστέροις

2028 3346 2365 3416 παθήμασιν.
2402 3346 2704 3419 Γενομένης
2723 3347 2779 3400 δὲ
2807 3349 2936 3418 ἡμῖν
2969 3348 3034 3401 ὲκ
3066 3342 3286 3418 χάριτος
3315 3348 3414 3417 τῆς
3437 3347 3610 3418 θερα-

2030 3438 2191 3503 πείας
2237 3438 2332 3491 τοῦ
2385 3437 2625 3492 τοιούτου
2682 3438 2854 3493 κακοῦ
2895 3438 2983 3492 διὰ
3018 3438 3111 3491 τοῦ
3161 3439 3609 3509 ὲπισκεψαμένου

2028 3528 2298 3600 οἳκτιρμῷ
2321 3529 2382 3582 τὸ
2407 3528 2763 3601 ἀνθρώπινον,
2808 3530 2968 3584 πάλιν
3022 3530 3250 3599 ἀφέντες
3277 3531 3368 3584 τὸν
3398 3531 3610 3599 ἀγαθὸν

2030 3623 2282 3695 ποιμένα,
2302 3621 2411 3676 una
2434 3620 2529 3677 τοῦ
2562 3622 2789 3677 θανάτου
2815 3622 3191 3692 ποιμαίνονται
3209 3638 3225 3653 ο
3255 3622 3316 3675 οὐ
3347 3622 3480 3693 πρὸς
3502 3623 3608 3694 τὴν

2028 3714 2298 3787 οὐράνιον,
2329 3714 2462 3769 ἀλλά
2490 3715 2622 3786 πρὸς
2650 3714 2746 3787 τὴν
2776 3717 2833 3768 ὲν
2866 3714 2991 3786 ᾅδου
3025 3713 3192 3786 νομὴν
3225 3716 3446 3777 ἑαυτοὺς
3482 3717 3607 3769 ἑπι-

2030 3807 2328 3875 κλίναντες,
2371 3808 2618 3880 πρόϐατα
2666 3809 2757 3862 τοῦ
2805 3808 2932 3880 ᾅδου
2972 3808 3270 3879 γενόμενοι.
3299 3809 3435 3880 Φησὶ
3466 3808 3600 3879 γάρ,

2030 3903 2136 3967 ὅτι,
2166 3914 2187 3949 ι
2219 3898 2309 3964 Ὣς
2335 3899 2583 3972 πρόϐατα
2614 3903 2672 3956 ὲν
2706 3902 2806 3975 ᾄδῃ
2841 3903 3042 3967 ἔθεντο,
3078 3901 3306 3965 θάνατος
3345 3907 3611 3972 ποιμανεί

2031 3993 2243 4057 αὐτούς.
2272 4012 2292 4047 ι
2328 3993 2441 4047 Καὶ
2478 3994 2647 4058 οὕτως
2676 3996 2741 4049 ὲκ
2774 3994 3023 4066 δευτέρου
3068 3993 3274 4063 γίνεται
3306 3992 3469 4046 πάλιν
3515 3992 3608 4047 διὰ

2030 4086 2132 4156 τῆς
2168 4086 2440 4158 ἁμαρτίας
2470 4087 2505 4157 ή
2544 4086 2645 4156 τῆς
2672 4088 2838 4158 τιμῆς
2861 4088 2958 4158 τῆς
2994 4086 3134 4140 κατά
3164 4086 3320 4156 χάριν
3348 4086 3479 4156 ἡμῖν
3505 4102 3607 4152 γε-

2031 4177 2262 4248 νομένης
2289 4175 2631 4248 ἀναισθησία,
2655 4177 2748 4233 καὶ
2788 4178 2923 4247 πρὸς
2949 4178 3041 4231 τὸν
3074 4177 3265 4245 ἄλογον
3292 4174 3405 4246 βίον
3438 4191 3610 4228 κατα-

2032 4268 2193 4337 φορά.
2237 4268 2354 4321 Πᾶν
2398 4266 2506 4340 γάρ
2543 4268 2602 4322 τὸ
2639 4267 2743 4333 ἔξω
2782 4267 2870 4321 τοῦ
2910 4267 3160 4339 ἀληθινοῦ
3188 4266 3345 4335 λόγου
3382 4264 3609 4335 γινόμε-

2034 4374 2142 4422 νον,
2165 4357 2354 4426 ἀλογία
2381 4357 2547 4416 ἐστίν.
2584 4359 2740 4415 Ἵδιον
2767 4360 2824 4413 δὲ
2849 4358 2943 4413 τοῦ
2969 4360 3199 4432 κτήνους
3227 4358 3288 4412 τὸ
3315 4357 3508 4427 ἄλογόν
3541 4373 3605 4410 τε

2035 4445 2132 4500 κα)⁸
2172 4446 2415 4516 ἀνόητον.

2571 4628 2963 4683 ΚΕΦΑΛΑῙΟΝ
2992 4630 3089 4683 ll".

2103 4715 2184 4770 Τά
2208 4715 2265 4769 δὲ
2306 4716 2428 4770 καθ’
2456 4716 2685 4772 ἕκαστον
2706 4719 2815 4775 τῶν
2855 4721 2913 4773 ὲν
2939 4721 3005 4791 τῇ
3038 4719 3319 4791 ψαλμῳδίᾳ
3353 4719 3421 4773 δι’
3447 4721 3610 4791 ἀκριο

2034 4805 2187 4869 ϐείας
2213 4805 2306 4859 ἐπὶ
2332 4803 2527 4870 λέξεως
2550 4807 2903 4879 ἀναγράφειν,
2932 4809 3185 4882 περιττὸν
3223 4811 3289 4864 ἂν
3318 4811 3422 4880 εἴη,
3467 4811 3607 4864 πολ-

2033 4896 2130 4967 λῆς
2180 4896 2427 4960 εὐκολίας
2458 4896 2624 4968 οὐσης
2677 4897 2752 4968 τῷ
2803 4897 3109 4970 βουλομένῳ
3162 4898 3250 4953 διὰ
3299 4900 3407 4951 τῶν
3450 4901 3610 4971 είρη-

2036 4989 2212 5058 μένων
2278 4987 2372 5041 καὶ
2402 4986 2473 5041 τά
2526 4987 2830 5063 παρεθέντα
2881 4990 3236 5060 κατανοῆσαι.
3258 4988 3420 5043 Ὥστε
3449 4990 3607 5044 οὐδὲν

2031 5075 2184 5149 οἶμαι
2229 5079 2339 5133 δεῖν
2388 5080 2648 5150 μηκύνειν
2693 5081 2782 5134 διά
2839 5080 3157 5151 πολυλογίας
3202 5083 3292 5135 τὸν
3346 5082 3539 5151 λόγον·
3568 5083 3604 5155 ἦ

2030 5170 2185 5225 τοῦτο
2231 5171 2390 5242 μόνον
2435 5173 2728 5240 ἀναγκαῖόν
2785 5176 2931 5227 ἐστιν
2983 5175 3342 5229 ἐπαναλαϐεῖν
3383 5177 3448 5229 ὲκ
3494 5177 3607 5230 τῶν

2033 5260 2542 5333 προεξητασμένων,
2565 5264 2645 5317 ὅτι
2666 5264 2732 5317 δι’
2745 5264 3068 5336 ἀμφοτέρων
3088 5265 3365 5336 εὐεργετεῖ
3389 5267 3488 5338 τὴν
3509 5268 3608 5320 ἀν-

2032 5350 2308 5423 θρωπίνην
2329 5353 2491 5423 φύσιν
2527 5355 2555 5407 ὁ
2592 5354 2767 5425 μέγας
2811 5354 2995 5419 Δαϐὶδ,
3024 5354 3091 5408 δι’
3120 5348 3195 5409 ὧν
3235 5372 3293 5408 τε
3333 5358 3609 5426 προτυποῖ

2032 5442 2372 5512 συμϐολικῶς
2398 5443 2495 5514 τὴν
2531 5446 2805 5517 σωτηρίαν
2836 5444 3026 5517 ἡμῶν,
3058 5445 3151 5499 καὶ
3178 5444 3245 5498 δι’
3282 5439 3359 5499 ὧν
3392 5444 3608 5498 ὑποδεί-

2029 5549 2189 5586 κνυσι
2218 5535 2329 5596 τοῖς
2357 5532 2664 5604 ἀνθρώποις
2685 5536 2784 5606 τῆς
2814 5535 3094 5606 μετανοίας
3130 5535 3221 5588 τὸν
3247 5535 3465 5606 τρόπον,
3490 5531 3606 5588 οἷόν

2029 5641 2150 5680 τινα
2196 5623 2388 5698 τέχνην
2434 5627 2735 5684 ἐπιϐάλλων
2776 5629 2949 5702 τούτῳ
2985 5628 3059 5701 τῷ
3091 5626 3467 5699 κατορθώματι
3511 5625 3608 5682 διὰ
