3766 5986
120 204 211 259 561

1511 208 1576 263 lN
1614 172 1954 266 psatuos.

3246 196 3351 255 562

123 322 216 395 τῆς
249 319 611 391 πεντηκοστῆς
653 319 987 393 ψαλμῳδίας,
1014 321 1080 378 δι’
1102 316 1170 397 ἧς
1203 321 1337 395 ἄλλη
1368 323 1490 395 νίκη
1537 323 1686 377 κατά

1861 334 1930 380 :to
1947 332 2002 380 et
2030 320 2288 379 laudabili
2324 317 2507 393 operi,
2532 316 2682 375 velut
2720 323 2893 375 artem
2922 315 3213 390 quamdam
3245 318 3348 375 ad-

119 412 208 466 τοῦ
235 410 520 466 ἀντιπάλου
551 412 682 481 ἡμῖν
708 414 1077 484 ἐτοιμάζεται,
1096 413 1170 468 Τὸ
1196 414 1304 486 γὰρ
1337 415 1536 469 εἰδέναι
1568 414 1680 469 τῶν

123 502 296 556 κακῶν
326 500 546 564 ἑαυτοὺς
574 503 941 573 ἐκκαθαίρειν,
970 506 1072 572 τῆς
1101 503 1381 575 διηνεκοῦς
1411 504 1555 558 κατά
1581 503 1678 559 τοῦ

127 593 307 665 ἐχθροῦ
327 592 478 660 νίκης
503 580 831 662 παρασκευῆ
849 593 1055 662 γίνεται
1083 595 1175 648 καὶ
1206 594 1479 659 ὑπόθεσις.
1509 596 1686 649 ’Δδια-

129 687 328 739 λείπτου
370 684 476 756 γὰρ
526 685 656 755 ἡμῖν
693 683 859 756 οὔσης
889 687 949 738 ἐν
983 686 1062 756 τῷ
1102 685 1201 756 βίῳ
1236 687 1336 757 τῆς
1369 687 1546 758 πάλης
1586 688 1686 757 τῆς

132 776 406 848 γενομένης
436 776 572 846 πρὸς
604 777 698 831 τὸν
724 778 1141 848 κοσμοκράτορα
1182 777 1276 832 τοῦ
1309 778 1533 841 σκότους
1560 777 1684 832 τού-

127 886 228 931 του,
260 868 350 920 καὶ
398 867 537 938 πρὸς
574 866 644 920 τὰ
683 866 1032 938 πνευματικά
1056 868 1156 938 τῆς
1192 870 1452 940 πονηρίας
1477 870 1536 922 ὲν
1572 871 1685 932 τοῖς

127 957 451 1029 ἐπουρανίοις
489 973 504 988 ·
546 957 730 1029 ἐπειδὴ
777 956 836 1010 ἒν
884 958 1044 1028 μόνον
1096 957 1539 1028 ἀντιπάλαισμα,
1585 959 1683 1012 καὶ

128 1050 250 1119 πρὸς
276 1050 454 1102 πᾶσαν
476 1048 826 1118 πειρατηρίου
855 1048 1155 1119 προσϐολὴν
1179 1048 1372 1120 ἔχομεν
1394 1052 1492 1122 τὴν
1521 1052 1686 1122 μετά-

129 1156 295 1202 νοιαν,
333 1141 362 1193 6
394 1138 554 1193 τοῦτο
585 1140 642 1192 ἐν
688 1139 868 1210 ἑαυτῷ
914 1140 1298 1212 κατορθώσας,
1341 1142 1431 1196 διὰ
1484 1144 1686 1208 παντὸς

129 1231 336 1302 νικητὴς
371 1230 581 1299 γίνεται
601 1229 696 1284 τοῦ
724 1231 810 1284 ἀεὶ
836 1232 1318 1302 προσπαλαίοντος.
1349 1234 1503 1288 Μετά
1528 1235 1685 1289 τοῦτο

129 1324 179 1377 δὲ
211 1322 349 1391 καὶὴ
382 1322 592 1393 ἱστορία
631 1324 688 1376 ἐν
716 1325 835 1386 ταῖς
862 1325 1194 1394 ἐπιγραφαῖς
1232 1325 1292 1378 τὸ
1329 1325 1686 1381 ἀνακόλουθον

130 1415 250 1485 ἔχει,
275 1413 439 1493 ἁλλ’ὁ
484 1411 607 1477 νοῦς
641 1415 777 1484 πρὸς
817 1413 914 1485 τὴν
962 1414 1277 1469 ἀκολουθίαν
1333 1418 1682 1488 συνήρτηται.

130 1508 259 1562 Πολὺ
309 1508 414 1579 γὰρ
466 1508 919 1578 μεταγενέστεροι]
956 1508 1016 1560 τὸ
1070 1508 1212 1562 κατά
1260 1507 1356 1578 τὴν
1404 1510 1686 1579 Βηρσαὸεέ

131 1597 215 1649 καὶ
246 1596 333 1651 τὸν
365 1598 570 1667 Οὐρίαν
610 1595 804 1666 ἔργον,
833 1594 928 1649 τοῦ
967 1596 1105 1650 κατά
1134 1598 1224 1649 τδν
1261 1598 1551 1668 Ἱδουμαῖον
1595 1598 1686 1651 τὸν

131 1688 275 1756 Δωήκ
317 1688 468 1739 ἐστιν
506 1686 568 1740 τὸ
596 1686 860 1758 διήγημα.
892 1686 1062 1741 Τοῦτο
1104 1688 1200 1758 μὲν
1246 1687 1353 1758 γὰρ
1397 1689 1454 1742 ἐν
1496 1689 1691 1758 ἀρχαῖς

131 1777 221 1846 τῆς
265 1777 356 1831 τοῦ
386 1777 562 1831 Σαοὺλ
584 1777 893 1849 τυραννίδος
923 1777 1158 1845 ἐγένετο,
1201 1779 1378 1833 ἐκεῖνο
1407 1779 1463 1832 δὲ
1497 1779 1690 1851 μικρὸν

135 1867 231 1939 πρδ
256 1867 344 1920 τοῦ
371 1868 558 1931 τέλους
579 1868 680 1938 τῆς
702 1868 795 1921 τοῦ
822 1868 984 1922 Δαὸὶδ
1008 1868 1281 1939 βασιλείας
1307 1869 1523 1942 συνέϐη.
1554 1869 1691 1923 Ἀλλ’

133 1959 187 2011 οὐ
232 1957 376 2027 μέλει
407 1956 487 2028 τῷ
534 1958 810 2029 Πνεύματι
849 1958 991 2028 λόγῳ
1041 1958 1138 2030 τῆς
1184 1959 1438 2031 χρονικῆς
1478 1976 1537 2012 τε
1594 1960 1690 2014 καὶ

135 2048 377 2120 σαρκίνης
404 2048 519 2102 τῶν
545 2048 880 2120 πραγμάτων
912 2048 1135 2114 τάξεως.
1170 2050 1234 2101 Τί
1257 2049 1366 2119 γάρ
1398 2067 1467 2121 με
1498 2048 1691 2103 τοσοῦ·
1720 2064 1733 2068 ‘

133 2154 214 2190 τον
262 2137 498 2208 ὀνίνησιν
549 2137 607 2189 ὲν
660 2135 895 2206 πρώτοις
946 2136 1007 2190 τὸ
1058 2137 1199 2191 κατά
1245 2137 1338 2191 τὸν
1398 2139 1691 2209 Ἰδουμαῖον

139 2230 331 2298 μαθεῖν,
361 2230 456 2284 καὶ
488 2227 629 2300 μετά
675 2227 848 2284 ταῦτα
884 2229 948 2284 τὸ
990 2230 1130 2285 κατά
1168 2230 1266 2303 τὴν
1294 2232 1574 2305 Βηρσαὸεὲ
1615 2233 1693 2285 δι-

135 2319 375 2391 δαχθῆναι
413 2337 429 2385 ;

198 2411 284 2473 Ti;
308 2410 475 2482 ἀρετὴ
507 2410 594 2464 διὰ
616 2411 842 2476 τούτους
872 2412 998 2468 ποία
1030 2413 1167 2484 πρὸς
1191 2411 1257 2467 τὸ
1285 2416 1529 2486 κρεῖττον
1560 2413 1691 2468 ἀνά-

138 2496 306 2565 6ασις;
345 2500 430 2563 τίς
484 2499 623 2574 πρὸς
651 2500 748 2571 τὴν
783 2501 890 2555 τῶν
930 2502 1147 2573 ὑψηλῶν
1187 2503 1492 2576 ἐπιθυμιῶν
1542 2488 1702 2559 διδαί

139 2589 382 2657 exalia»;
431 2592 484 2645 εί
538 2591 594 2645 δὲ
643 2592 825 2662 μαθὼν
856 2594 925 2646 τά
961 2594 1020 2647 ἐν
1067 2593 1145 2665 τῷ
1187 2594 1536 2667 πεντηκοστῷ
1588 2615 1693 2668 μυ-

141 2680 338 2751 στήρια,
367 2682 467 2735 ὅσα
496 2681 638 2737 κατά
659 2683 720 2735 τὸ
752 2682 1042 2756 βαθύτερον
1069 2685 1311 2756 περιέχει
1341 2687 1370 2739 6
1391 2686 1567 2754 λόγος,
1599 2686 1694 2741 καὶ

142 2769 246 2839 μετ’
276 2770 482 2825 ἐκείνου
526 2773 587 2826 τὸ
621 2772 756 2842 πρὸς
789 2772 886 2844 τὴν
925 2774 1218 2830 κατάλυσιν
1263 2775 1358 2830 τοῦ
1401 2776 1693 2852 ἀντιπάλου

138 2858 274 2913 δοθὲν
350 2864 485 2934 ἡμῖν
550 2864 839 2934 φάρμακον
924 2865 1227 2938 διδαχθείην
1261 2908 1276 2933 ,
1343 2869 1401 2922 ἐν
1460 2868 1538 2940 τῷ
1594 2870 1693 2941 τῆς

142 2952 410 3020 μετανοίας
450 2952 597 3024 λόγῳ
618 2995 633 3020 ,
687 2952 828 3008 ὥστε
866 2955 955 3009 διά
983 2956 1172 3011 τούτου
1203 2975 1269 3028 με
1313 2958 1540 3012 πάντοτε
1569 2960 1693 3033 νίκῃ

138 3045 196 3113 τῇ
228 3043 360 3097 κατὰ
386 3042 483 3097 τοῦ
522 3043 716 3115 ἐχθροῦ
748 3046 1113 3111 συνεθίζεσθαι
1145 3066 1205 3101 τε
1238 3049 1332 3103 καὶ
1363 3051 1698 3121 ἐγγυμνάζε-

140 3134 270 3201 σθαι,
302 3137 580 3208 σκόπησον
627 3136 774 3200 ὅπως
820 3138 1130 3209 προσδαίνω
1155 3140 1294 3195 κατά
1322 3139 1382 3194 τὸ
1411 3141 1699 3197 ἀκόλουθον

138 3226 197 3295 τῇ
238 3226 428 3296 ἐφεξῆς
473 3228 668 3293 ἀνόδῳ,
726 3228 879 3299 νίκην
933 3230 998 3283 ἐκ
1042 3230 1199 3300 νίκης
1250 3233 1697 3303 μεταλαμϐάνων.

151 3316 547 3389 ’Δναγνώσομαι
593 3319 648 3371 δέ
680 3336 759 3373 σοι
797 3320 898 3390 τῆς
933 3321 1210 3393 ἱστορικῆς
1255 3323 1564 3395 ἐπιγραφῆς
1602 3325 1699 3396 τὴν

140 3406 440 3462 ἀκολουθίαν
469 3407 701 3479 ἔχουσαν
731 3408 902 3473 οὕτως
926 3425 939 3438 ·
996 3427 1014 3460 ι
1041 3411 1134 3473 Ei;
1159 3411 1219 3464 τὸ
1246 3412 1399 3475 τέλος
1435 3414 1701 3479 συνέσεως

140 3497 210 3567 τῷ
233 3499 409 3565 Δαόὶδ,
438 3503 501 3553 ἐν
527 3498 604 3571 τῷ
636 3500 808 3555 ἐλθεῖν
841 3501 1001 3572 Δωὴκ
1019 3501 1110 3555 τὸν
1151 3503 1463 3576 Ἰδουμαῖον,
1488 3505 1583 3560 καὶ
1610 3507 1703 3560 ἀν-

141 3588 370 3656 αγγεῖλαι
401 3588 477 3658 τῷ
516 3589 710 3655 Σαοὺλ,
757 3591 852 3644 καὶ
890 3594 1061 3646 εἰπεῖν
1104 3594 1272 3664 αὐτῷ,
1299 3590 1501 3649 *Ηλθεν
1540 3594 1702 3649 Δαῦὶδ

143 3678 212 3739 εἰς
242 3678 328 3731 τὸν
374 3675 524 3733 οἶκον
567 3679 872 3753 Ἀϐιμέλεχ.
913 3701 931 3735 ι
986 3683 1065 3737 Δι’
1092 3679 1188 3755 (ὧν
1229 3685 1571 3757 διδάσκομαι,
1621 3687 1702 3739 ὅτι

142 3768 286 3823 τοῦτο
310 3772 408 3840 μὲν
448 3773 528 3835 είς
573 3771 634 3824 τὸ
672 3771 824 3836 τέλος
849 3774 949 3841 τῆς
976 3774 1131 3851 νίκης
1160 3777 1301 3845 ἄγει,
1334 3777 1461 3832 ὅταν
1492 3776 1703 3842 σύνεσις

144 3861 444 3933 καθηγεῖται
492 3862 588 3918 τοῦ
628 3864 742 3935 βίου
767 3905 782 3927 ,
827 3865 950 3919 καθ’
988 3867 1279 3941 ὁμοιότητα
1318 3869 1412 3923 τοῦ
1465 3870 1702 3940 μεγάλου

144 3953 306 4008 Δαϐίδ.
349 3956 461 4009 Καὶ
515 3956 635 4010 τότε
666 3956 898 4027 μάλιστα
938 3958 1095 4013 λυπῶ
1143 3960 1234 4013 τὸν
1270 3961 1430 4034 Δωὴκ
1473 3962 1566 4018 τὸν
1601 3963 1704 4035 τῆς

144 4043 272 4114 ἐμῆς
320 4047 595 4120 σωτηρίας
637 4047 933 4121 τύραννον,
972 4053 1031 4105 ἐν
1079 4051 1161 4123 τῷ
1206 4053 1342 4124 οῖκῳ
1372 4053 1467 4108 τοῦ
1515 4056 1705 4128 ίερέως

143 4135 438 4206 γενόμενος,
482 4139 578 4192 καὶ
602 4140 729 4194 ὅταν
761 4140 998 4212 ἡμιόνων
1030 4141 1332 4215 ὑπηρέτης,
1378 4145 1575 4216 μηκέτι
1613 4164 1703 4218 μοι

144 4227 271 4279 κατὰ
312 4227 601 4297 πρόσωπον
634 4231 1041 4301 συμπλέκεσθαι
1068 4232 1295 4305 δύναμιν
1324 4234 1491 4306 ἔχων,
1527 4238 1704 4309 λάθρα

1783 413 1986 485 dit.per
2013 412 2283 484 psalmum
2321 409 2855 482 quinquagesimum,
2907 424 3025 479 quo
3043 409 3148 463 alia
3183 409 3353 465 victo-

1784 504 1874 559 ria
1917 511 2108 558 contra
2156 501 2529 558 adversarium
2575 500 2736 555 nobis
2784 507 3144 570 praeparatur.
3176 499 3357 557 Nosse

1782 595 1928 650 enim
1960 594 2198 664 seipsum
2245 606 2571 663 expurgare,
2615 590 2762 646 cedit
2796 589 2851 644 in
2897 591 3352 660 prmparationem

1784 693 1838 741 et
1882 684 2445 741 subministrationem
2480 690 2757 753 perpetua:
2800 681 3043 736 victoria:
3081 680 3150 736 ab
3195 680 3355 737 hoste

1753 774 2143 853 'reportandze.
2193 773 2327 828 Nam
2379 788 2499 828 cum
2549 773 2603 827 in
2656 773 2762 827 hac
2798 773 2907 827 vita
2958 771 3354 827 indesinentem

1784 862 1988 921 luctam
2053 867 2334 936 suscipere
2385 865 2682 921 debeamus
2733 864 3004 921 adversus
3053 863 3354 934 principem

1784 958 2135 1013 tenebrarum
2160 957 2374 1023 harum,
2403 964 2458 1013 et
2487 956 2754 1012 adversus
2774 956 3079 1025 spiritualia
3100 956 3358 1026 nequitiae

1786 1048 1844 1103 in
1867 1047 2204 1112 coelestibus,
2249 1062 2483 1119 cumque
2531 1049 2748 1111 unicam
2799 1053 3009 1102 tantum
3065 1045 3354 1102 resistendi

1785 1138 2074 1204 rationem,
2098 1155 2292 1210 nempe
2315 1139 2713 1210 paenitentiam,
2732 1140 3023 1210 etquidem
3049 1138 3115 1193 ad
3137 1153 3355 1192 omnem

1787 1229 1961 1286 hostis
2006 1230 2314 1285 invadentis
2367 1230 2786 1301 impressionem
2836 1230 3156 1293 habeamus,
3209 1235 3359 1284 certe

1786 1320 1883 1390 qui
1908 1320 1999 1374 illa
2028 1327 2174 1376 recte
2200 1322 2395 1385 utitur,
2431 1322 2477 1376 is
2508 1321 2562 1375 ﬁt
2591 1330 2887 1392 perpetuus
2912 1324 3086 1377 victor
3112 1324 3358 1393 perpetui

1788 1410 1962 1465 nostri
2002 1410 2322 1466 adversarii.
2364 1411 2634 1467 Caeterum
2687 1411 2934 1467 historiae
2970 1414 3025 1466 in
3060 1413 3146 1469 his
3193 1413 3357 1467 etiam

1788 1515 1909 1570 quze
1932 1511 2256 1572 sequuntur,
2281 1501 2417 1557 ordo
2448 1519 2557 1557 non
2589 1511 2824 1568 constat,
2863 1505 2955 1559 sed
2986 1505 3137 1561 solus
3164 1520 3359 1561 sensus

1790 1596 1919 1659 apto
1966 1589 2160 1646 ordine
2209 1606 2491 1647 connexus
2521 1600 2575 1647 et
2629 1593 2933 1663 dispositus
2957 1601 3062 1649 est.
3120 1593 3255 1648 Nam
3304 1595 3358 1650 id

1720 1652 1764 1708 Β
1790 1652 1938 1750 quod
1969 1696 2096 1737 cum
2132 1680 2436 1738 Bethsabee
2468 1690 2522 1738 et
2555 1682 2683 1739 Uria
2715 1652 2917 1740 accidit
2951 1685 3019 1752 ⁸⁷,
3058 1686 3219 1756 longe
3262 1702 3360 1757 p0-

1791 1773 1993 1830 sterius
2022 1779 2135 1838 est,
2158 1787 2319 1844 quam
2360 1773 2493 1828 illud
2530 1774 2599 1831 de
2636 1774 2786 1846 Doeg
2810 1776 3064 1842 ldnmaao,
3095 1777 3222 1847 quia
3258 1778 3361 1832 hoc

1791 1863 1948 1918 initio
1981 1863 2286 1934 tyrannidis
2328 1861 2511 1920 Saulis
2543 1864 2776 1931 accidit;
2834 1865 2970 1920 illud
3024 1866 3186 1936 paulo
3235 1875 3362 1920 ante

1792 1954 1953 2008 ﬁnem
2005 1953 2156 2022 regni
2206 1951 2374 2007 David
2397 1953 2475 2008 ⁸⁸ε
2530 1955 2624 2009 sed
2674 1955 2987 2024 temporalis
3025 1965 3079 2011 et
3123 1957 3363 2011 carnalis

1791 2058 1972 2100 rerum
1998 2043 2131 2099 ordo
2154 2043 2379 2115 Spiritui
2402 2054 2594 2101 sancto
2623 2059 2732 2099 non
2751 2054 2835 2100 est
2859 2059 3024 2100 curae.
3050 2045 3188 2113 Quid
3215 2048 3360 2101 enim

1791 2136 2042 2192 utilitatis
2086 2135 2213 2191 inde
2247 2135 2316 2190 ad
2366 2151 2452 2192 me
2504 2135 2727 2199 rediret,
2785 2137 2832 2192 si
2873 2138 3108 2208 primum
3143 2138 3363 2208 quidem

1791 2233 2050 2289 edoceret:
2077 2247 2160 2298 ea,
2192 2247 2312 2302 qua:
2340 2246 2465 2285 eum
2497 2229 2730 2285 ldumaeo
2767 2231 3137 2303 contigerunt,
3173 2238 3362 2301 postea

1789 2322 1905 2385 illa,
1930 2336 2052 2392 quae
2079 2336 2203 2376 cum
2233 2319 2568 2375 Bethsabee?

1861 2413 1993 2479 Quae
2030 2428 2128 2484 per
2156 2413 2272 2467 haec
2297 2411 2472 2466 virtus
2499 2411 2632 2467 mihi
2660 2413 3112 2483 compararetur?
3144 2426 3271 2481 quae
3295 2409 3363 2464 ad

1791 2503 2019 2559 meliora
2073 2502 2363 2558 ascensio?
2408 2516 2530 2572 quae
2573 2502 2826 2558 doctrina
2874 2504 2942 2557 ad
2983 2503 3361 2559 sublimiorutn

1792 2594 2190 2667 cupiditatem?
2251 2594 2297 2650 si
2361 2609 2491 2650 vero
2548 2594 2755 2650 discam
2809 2595 2865 2651 in
2911 2596 3365 2666 quinquagesimo

1792 2687 2006 2758 psalmo
2040 2687 2318 2758 mysteria,
2359 2702 2480 2757 quae
2499 2686 2554 2741 in
2578 2702 2643 2742 eo
2666 2687 2849 2743 abdita
2878 2688 3072 2754 latent,
3099 2695 3154 2741 et
3179 2692 3364 2757 postea

1795 2776 1863 2832 ad
1893 2779 2231 2834 eversionem
2256 2777 2555 2834 adversarii
2583 2776 2773 2833 datum
2809 2778 2968 2833 nobis
2997 2777 3365 2833 medicamen-

1796 2877 1911 2925 tum
1954 2869 2009 2923 in
2043 2870 2138 2923 illo
2177 2868 2510 2939 poenitentia:
2544 2883 2799 2924 sermone
2829 2868 3143 2939 intelligam,
3185 2876 3243 2922 ut
3272 2882 3368 2937 per

1797 2958 1902 3013 hoc
1923 2972 2009 3012 me
2027 2972 2244 3027 semper
2268 2957 2508 3012 victoriae
2531 2964 2721 3013 contra
2745 2957 2955 3013 hostem
2979 2957 3369 3024 assuefaciam,

1798 3058 1853 3104 et
1878 3048 1933 3102 in
1957 3062 2020 3102 ea
2053 3062 2140 3102 me
2170 3062 2476 3113 exerceam,
2511 3048 2713 3103 mirum
2746 3048 2895 3103 dictu
2918 3056 3022 3112 est,
3048 3063 3209 3119 quam
3240 3058 3371 3118 apto

1799 3148 1854 3196 et
1875 3139 2235 3196 conveniente
2258 3140 2449 3197 ordine
2474 3139 2731 3196 accedam
2757 3141 2822 3195 ad
2848 3148 3163 3211 sequentem
3187 3155 3372 3195 ascen-

1800 3246 1944 3297 sum,
1982 3231 2269 3288 victoriam
2300 3247 2366 3287 ex
2394 3231 2623 3286 victoria
2663 3239 2971 3303 reportans.
3009 3230 3210 3302 Legam
3242 3246 3372 3285 vero

1802 3320 1898 3373 tibi
1942 3319 2115 3389 ipsam
2153 3319 2431 3375 historica:
2460 3320 2841 3390 inscriptionis
2877 3321 3097 3385 seriem,
3139 3336 3261 3390 quae
3290 3321 3372 3376 sic

1804 3411 2002 3464 habet:
2047 3408 2143 3464 «In
2189 3411 2349 3465 linem
2393 3411 2703 3466 intellectus
2735 3410 2924 3476 David,
2975 3412 3193 3482 quando
3223 3412 3373 3466 venit

1803 3499 1948 3571 Doeg
1973 3500 2260 3564 ldutnazus,
2292 3508 2346 3555 et
2376 3500 2721 3557 annuntiavit
2747 3498 2896 3554 Sauli
2922 3507 2977 3555 et
3005 3500 3172 3555 dixit:
3211 3498 3374 3554 Venit

1804 3591 1973 3646 David
2026 3591 2081 3645 in
2134 3591 2356 3646 domum
2412 3590 2780 3646 Abimelech.»
2837 3591 3049 3657 Quibus
3087 3591 3371 3657 docemur,

1807 3691 1917 3737 tum
1939 3681 2006 3736 ad
2027 3681 2188 3738 ﬁnem
2216 3680 2460 3736 victoriae
2490 3679 2786 3750 perveniri,
2818 3680 3040 3750 quando
3062 3680 3374 3737 intellectus

1804 3775 1972 3831 vitam
2000 3774 2138 3845 regit
2161 3773 2459 3828 secundum
2484 3771 2898 3827 similitudinem
2926 3772 3106 3842 magni
3132 3772 3372 3838 Davidis,

1806 3874 2032 3937 tumque
2082 3864 2317 3920 maxime
2364 3863 2586 3920 tristitia
2633 3862 2769 3918 allici
2810 3864 2956 3936 Doeg
3000 3865 3196 3921 salutis
3242 3880 3376 3920 meae

1806 3960 2042 4025 hostem,
2106 3957 2325 4029 quando
2369 3957 2424 4014 in
2481 3957 2646 4013 domo
2707 3957 3008 4014 sacerdotis
3053 3973 3262 4023 versor,
3321 3965 3376 4014 et

1806 4051 2024 4122 quando
2074 4051 2347 4107 mulorum
2402 4049 2640 4105 famulus
2680 4065 2789 4105 non
2816 4051 3050 4121 amplius
3090 4059 3277 4121 aperte
3324 4057 3379 4106 et

1807 4141 1985 4211 palam
2038 4155 2250 4196 mecum
2284 4140 2540 4212 congredi
2574 4140 2757 4205 audet,
2816 4140 2915 4197 sed
2941 4142 3156 4197 occulte
3181 4149 3376 4197 contra

1808 4247 1894 4287 me
1935 4231 2163 4288 insidias
2210 4231 2365 4297 texit,
2388 4232 2517 4287 dum
2548 4233 2754 4287 indicat
2798 4232 2846 4287 ei
2872 4234 2964 4302 qui
2994 4233 3196 4287 caedent
3244 4232 3380 4289 mihi

144 4318 252 4369 κατ’
294 4320 424 4389 ἐμοῦ
460 4320 558 4392 τὴν
587 4321 877 4395 ἐπιϐουλὴν
921 4323 1281 4394 ὲξαρτύεταιν
1309 4326 1388 4398 τῷ
1418 4331 1538 4382 κατ’
1568 4329 1694 4399 ἐμοῦ

1865 4322 2178 4389 achinatur,
2191 4337 2364 4378 meam
2389 4322 2455 4377 in.
2472 4321 2775 4378 sacerdotis
2798 4322 2962 4376 dumo
2992 4322 3380 4376 commoratio-

146 4409 380 4475 φονῶντι,
430 4413 532 4481 τὴν
584 4413 737 4485 παρά
777 4414 856 4486 τῷ
916 4417 1052 4488 ίερεῖ
1089 4417 1363 4490 διαγωγήν
1401 4437 1502 4491 μου
1542 4438 1706 4475 κατα-

147 4499 371 4568 μηνύων.
417 4503 585 4573 Δῆλον
614 4504 658 4558 δ’
685 4504 752 4559 ἂν
798 4505 883 4576 εἴη
922 4506 1065 4570 τίνες
1103 4509 1240 4562 εἰσὶν
1278 4511 1334 4563 αί
1369 4510 1598 4582 ἡμίονοι,
1632 4506 1708 4568 ὧν

144 4591 416 4647 ἐπιστατεῖ.
441 4589 595 4658 οὗτος
617 4596 646 4648 6
687 4595 999 4667 Ἰδουμαῖος,
1027 4599 1055 4651 6
1082 4598 1180 4669 τὴν
1218 4598 1408 4667 ἄγονον
1439 4601 1709 4671 βουκολῶν

145 4680 313 4749 φύσιν,
340 4685 397 4739 ἐν
498 4684 590 4739 τοῦ
630 4686 764 4740 Θεοῦ
801 4688 834 4757 ἡ
873 4686 1093 4757 εὐλογία
1124 4690 1286 4744 τόπον
1317 4692 1416 4762 οὐχ
1449 4685 1630 4764 εὗρεν,
1669 4693 1705 4764 ἦ

146 4788 296 4840 φησιν
323 4773 383 4839 ἐξ
425 4775 598 4846 ἀρχῆς
640 4776 733 4829 τὸν
762 4775 1080 4848 πληθυσμὸν
1111 4779 1381 4834 ἐντιθεῖσα
1415 4784 1480 4852 τῇ
1511 4781 1707 4847 κτίσει,

145 4860 237 4925 ὅτι,
277 4881 295 4915 ι
324 4864 629 4928 Αύξάνεσθε
668 4866 762 4920 καὶ
792 4866 1148 4937 πληθύνεσθε.
1184 4889 1204 4922 ι
1242 4872 1315 4924 Οὐ
1348 4872 1458 4941 γάρ
1490 4873 1554 4926 ὲκ
1578 4871 1711 4926 Θεοῦ

146 4953 172 5004 ὁ
202 4955 515 5028 πληθυσμὸς
539 4961 603 5029 τῇ
635 4959 806 5031 κακίᾳ
828 4976 842 4990 ·
887 4960 962 5023 ὡς
991 4961 1110 5014 οὐδὲ
1139 4962 1197 5028 ἐξ
1225 4963 1468 5035 ἀλλήλων
1494 4965 1644 5019 ἐστὶν
1677 4967 1710 5036 ἡ

145 5044 230 5098 τοῦ
258 5047 446 5115 γένους
465 5048 576 5102 τῶν
606 5051 842 5122 ἡμιόνων
874 5052 1113 5124 διαδοχὴ,
1139 5053 1252 5107 ἀλλ’
1283 5055 1372 5109 ἀεὶ
1404 5060 1717 5129 καινοτομεῖ

146 5133 202 5187 τὸ
227 5135 358 5199 ζῶον
389 5141 424 5208 ἡ
469 5137 630 5207 φύσις
674 5139 735 5192 τὸ
768 5141 842 5212 μὴ
886 5140 946 5195 ὃν
990 5143 1047 5196 ὲν
1087 5145 1153 5214 τῇ
1194 5143 1368 5197 κτίσει
1405 5144 1471 5198 δι’
1512 5147 1710 5217 ἑαυτῆς

150 5226 637 5298 παρασοφιζομένη,
662 5230 756 5283 καὶ
771 5232 1202 5302 παρεισάγουσα.
1227 5234 1393 5305 Δῆλον
1414 5235 1471 5288 δὲ
1495 5236 1711 5303 πάντως

148 5311 228 5364 διὰ
249 5314 352 5367 τῶν
380 5316 687 5386 εἰρημένων
722 5321 839 5373 ἐστὶ
870 5322 1005 5392 πρὸς
1050 5322 1173 5377 τίνα
1225 5324 1430 5380 σκοπὸν
1464 5326 1646 5396 βλέπει
1680 5331 1710 5383 ό

148 5396 312 5470 λόγος.
349 5405 412 5458 Εί
450 5407 562 5476 γάρ
592 5408 767 5462 πάντα
812 5411 913 5465 ὅσα
957 5413 1211 5484 ἐποίησεν
1250 5417 1278 5468 6
1324 5416 1526 5499 Κύριος
1570 5419 1709 5474 καλά

211 5579 258 5615 ⁸⁷
286 5582 332 5638 ll
379 5583 512 5658 Reg.
548 5599 609 5652 ll,
655 5585 690 5640 2
714 5582 832 5658 sqq'.
908 5590 953 5622 ⁸⁸
985 5589 1001 5643 l
1028 5590 1159 5660 Reg.
1188 5608 1325 5661 χιιι,
1368 5595 1400 5649 9
1441 5608 1561 5667 sqq.

1812 4426 1958 4465 nem.
2005 4410 2201 4482 Liquet
2250 4427 2416 4482 porro
2446 4413 2668 4482 quinam
2701 4411 2812 4466 sint
2861 4412 3013 4480 muli,
3045 4413 3246 4482 quibus
3277 4413 3380 4469 iste

1809 4501 2079 4558 ldumteus
2116 4511 2333 4574 praeest,
2390 4504 2482 4574 qui
2528 4503 2873 4558 infecundam
2942 4504 3086 4559 illam
3130 4515 3380 4561 naturam

1812 4593 2100 4663 pascit,in
2153 4608 2259 4663 qua
2303 4594 2486 4648 locum
2533 4608 2641 4647 non
2698 4592 2864 4648 habet
2913 4592 3007 4649 Dei
3047 4593 3379 4660 benedictio,

1814 4700 1975 4754 quam
2029 4685 2254 4753 protulit
2304 4683 2373 4738 ab
2419 4683 2594 4748 initio,
2650 4698 2773 4737 cum
2808 4692 3117 4738 creaturam
3170 4686 3222 4739 vi
3262 4701 3383 4741 sese

1810 4774 2207 4845 multiplicandi
2236 4773 2464 4829 donaret
2486 4773 2573 4829 his
2602 4773 2809 4828 verbis:
2851 4792 2869 4824 ι
2891 4773 3137 4829 Crescite
3162 4783 3214 4829 et
3243 4775 3382 4828 mul-

1812 4865 2256 4937 tiplicamini”.i
2316 4863 2455 4919 Nam
2512 4863 2895 4934 multiplicatio
2946 4864 3168 4919 malitia:
3200 4879 3230 4918 a
3275 4863 3383 4920 Deo

1810 4973 1921 5013 non
1959 4957 2341 5028 proﬁciscitur.
2379 4955 2566 5026 Itaque
2595 4970 2772 5024 neque
2807 4971 2870 5010 ex
2899 4971 2958 5010 se
2982 4964 3172 5009 mutuo
3208 4956 3385 5011 mulo-

1810 5066 1931 5105 rum
1966 5065 2137 5119 genus
2170 5048 2440 5113 nascitur,
2473 5047 2570 5103 sed
2599 5055 2794 5101 natura
2831 5062 3043 5116 semper
3079 5062 3217 5102 nova
3247 5061 3384 5117 qua-

1815 5143 1938 5199 dam
1981 5141 2189 5196 ratione
2230 5147 2555 5211 progenerat
2594 5141 2699 5194 hoc
2737 5138 2960 5201 animal,
3008 5138 3061 5193 id
3104 5138 3379 5201 videlicet,

1816 5235 1963 5306 quod
1993 5235 2047 5288 in
2079 5241 2273 5287 natura
2312 5247 2418 5285 non
2443 5240 2546 5295 est,
2581 5240 2774 5302 suopte
2797 5217 3018 5302 ingenio.
3051 5228 3207 5301 quasi
3237 5244 3386 5284 como

1816 5327 2116 5382 miniscens
2150 5331 2205 5380 et
2241 5323 2695 5394 superinducens.
2733 5322 2808 5377 Ex
2839 5323 3000 5379 dictis
3049 5330 3228 5377 autem
3262 5336 3384 5376 om-

1814 5419 1946 5475 nino
1997 5415 2343 5489 perspicuum
2408 5413 2668 5482 arbitror,
2719 5428 2984 5485 quorsum
3036 5414 3152 5470 haec
3200 5412 3385 5469 tendat

1674 5596 1718 5630 ”
1744 5597 1877 5653 Gen.
1916 5614 1954 5665 ι,
1982 5596 2074 5650 9.8.
