3766 5986
407 224 513 282 565

1673 213 1731 268 S.
1772 207 2100 269 GBEGORII
2129 206 2423 264 NYSSENI

3543 187 3652 240 53$

410 338 616 393 oratio:
667 333 715 389 si
763 318 906 389 enim
956 328 1139 385 omnia
1184 342 1305 398 qua:
1335 324 1596 383 Dominus
1641 323 1790 388 fecit,
1832 321 1973 377 bona

2129 336 2223 399 αν,
2255 320 2290 388 ἡ
2337 317 2394 372 δὲ
2441 316 2662 387 ἡμίονος
2709 313 2815 381 ἔξω
2853 311 2948 366 τοῦ
2981 310 3281 379 καταλόγου
3324 307 3437 361 τῶν
3482 308 3541 359 ἐν

407 426 565 482 valde
592 434 742 489 sunt,
787 423 970 478 mulus
1014 435 1144 477 vero
1183 426 1336 475 extra
1381 430 1607 471 censum
1656 421 1710 470 et
1743 413 1977 468 classem

408 533 600 573 eorum
638 522 744 580 est,
779 529 901 585 quae
942 514 996 568 in
1027 512 1300 568 creatione
1341 514 1469 564 sunt
1491 504 1730 569 condita,
1763 500 1978 574 perspi-

410 625 576 666 cuum
608 622 740 665 sane
773 606 854 670 iit,
881 605 949 659 ad
979 603 1239 659 malitiam
1272 596 1753 656 demonstrandam
1780 608 1977 670 nomen

413 703 516 756 hoc
541 714 571 754 a
595 714 750 755 sacra
780 695 1009 751 historia
1050 699 1367 763 usurpatum
1401 704 1543 745 esse.
1572 686 1762 757 Neque
1788 668 1838 739 ἰι
1871 683 1979 737 Deo

412 792 581 862 igitur
625 786 987 844 substantiam
1031 784 1214 851 habet,
1250 797 1427 851 neque
1457 796 1581 837 cum
1615 780 1673 834 fit
1714 793 1779 834 eo
1816 776 1980 832 modo

415 895 525 950 quo
578 878 655 942 fit,
697 875 900 932 sufficit
949 875 1067 946 ipse
1101 874 1204 930 sibi
1240 888 1337 943 per
1362 887 1516 928 suam
1570 870 1979 927 subsistentiam

415 972 483 1026 ad
512 971 592 1028 sui
622 968 1117 1026 conservationem.
1147 963 1611 1032 Quemadmodum
1633 961 1777 1017 enim
1807 958 1984 1013 mulo-

415 1079 537 1119 rum
565 1071 762 1117 natura
814 1062 1048 1131 seipsam
1089 1073 1184 1128 per
1230 1057 1465 1127 seipsam
1518 1069 1628 1111 non
1670 1056 1978 1114 conservat,

417 1153 499 1208 sic
524 1167 701 1221 neque
733 1150 938 1204 malitia
976 1148 1211 1217 seipsam
1250 1145 1496 1201 durando
1529 1155 1855 1199 conservare
1887 1154 1982 1210 po-

419 1249 545 1297 test.
570 1239 675 1294 Sed
703 1247 966 1310 perpetuo
981 1252 1046 1292 ex
1068 1237 1175 1291 alio
1196 1235 1449 1306 quapiam
1474 1234 1739 1298 exoritur,
1761 1229 1981 1303 quando

420 1334 511 1387 illa
543 1333 759 1388 excelsa
785 1339 840 1387 et
874 1329 1130 1385 volttbilis
1167 1330 1364 1383 animae
1392 1336 1594 1383 nostrae
1625 1341 1752 1397 pars
1787 1324 1853 1379 ad
1883 1338 1984 1378 cu-

419 1424 695 1491 piditatem
727 1427 957 1477 terrena:
989 1428 1043 1476 et
1087 1420 1422 1475 irrationalis
1464 1418 1867 1488 eonjunctionis
1891 1418 1985 1474 de-

423 1515 644 1571 labitur.
681 1514 822 1584 Ergo
866 1510 1169 1582 alienigena
1210 1511 1300 1566 ille
1342 1508 1509 1582 Doeg,
1546 1510 1774 1566 nuntius
1803 1508 1986 1567 Saulis

423 1615 613 1662 contra
642 1603 922 1668 Davidem,
958 1601 1236 1658 infecundi
1262 1603 1443 1673 gregis
1471 1603 1744 1658 mulorum
1775 1610 1982 1674 pastor,

419 1700 560 1755 alius
587 1713 696 1753 non
727 1704 832 1763 est,
864 1712 1027 1767 quam
1055 1696 1233 1751 malus
1266 1696 1510 1766 angelus,
1542 1695 1636 1765 qui
1678 1709 1774 1766 per
1805 1695 1986 1750 varias

421 1792 633 1862 peccati
687 1790 1024 1857 affectiones,
1079 1804 1252 1860 genus
1304 1788 1604 1843 humanum
1657 1788 1725 1843 ad
1782 1787 1990 1843 scelera

424 1884 712 1955 pertrabit,
743 1884 837 1953 qui
868 1882 1088 1954 quando
1119 1881 1314 1937 viderit
1343 1881 1577 1952 aliquem
1602 1894 1726 1937 esse
1752 1880 1805 1934 in
1828 1879 1991 1935 domo

421 1977 537 2030 veri
578 1976 904 2039 sacerdotis,
942 1988 1176 2044 eumque
1208 1973 1446 2029 stimulis
1479 1971 1753 2026 mulorum
1794 1984 1991 2040 percu-

422 2077 540 2122 tere
587 2066 912 2137 nequiverit,
957 2073 1089 2120 tune
1137 2065 1355 2120 nuntiat
1400 2062 1457 2117 id
1503 2061 1735 2134 principi
1773 2060 1993 2116 malitiae.

424 2160 657 2230 spiritus
704 2158 984 2228 operantis
1030 2156 1085 2210 in
1121 2156 1247 2212 liliis
1295 2153 1628 2211 difﬁdentiae.
1666 2152 1765 2208 llle
1810 2159 1992 2206 autem

426 2251 555 2305 altis
603 2249 882 2304 radicibus
937 2248 1094 2314 actis,
1143 2254 1203 2302 ut
1246 2248 1388 2303 oliva
1422 2245 1703 2301 fructifera
1742 2245 1795 2298 in
1832 2244 1993 2299 domo

425 2338 662 2402 Domini,
703 2338 827 2392 illos
854 2343 1043 2391 contra
1075 2340 1368 2406 tyrannum
1403 2334 1642 2391 instituit
1689 2346 1992 2394 sermones,

428 2443 570 2497 quos
602 2428 656 2481 in
689 2427 900 2497 psalmo
928 2426 1258 2490 audivimus,
1287 2440 1411 2480 eum
1443 2426 1552 2479 ait:
1594 2442 1612 2475 ι
1633 2422 1772 2490 Quid
1803 2422 1996 2493 gloria-

428 2521 507 2575 ris
542 2521 599 2575 in
643 2519 876 2585 malitia,
923 2517 1017 2588 qui
1066 2526 1259 2588 potens
1293 2532 1353 2572 es
1382 2519 1437 2571 in
1474 2515 1794 2586 iniquitate?
1822 2514 1995 2582 Cujus

428 2612 615 2681 lingua
655 2618 760 2679 est,
810 2610 956 2664 sicut
1006 2608 1272 2663 novacula
1317 2615 1544 2671 acuta,»
1587 2606 1828 2675 spolians
1876 2618 1991 2668 eos,

428 2718 569 2773 quos
600 2702 863 2772 tetigerit,
906 2701 1113 2755 honore
1143 2707 1196 2754 et
1233 2699 1432 2754 decore
1473 2697 1727 2761 crinium,
1777 2696 1997 2751 abscin-

427 2794 675 2864 densque
705 2801 909 2862 septem
956 2790 1080 2846 illos
1109 2788 1430 2860 capillorum
1473 2803 1668 2856 nexus,
1709 2788 1764 2841 in
1796 2787 1997 2856 quibus

427 2887 609 2941 omnis
649 2888 827 2940 virtus
880 2882 1106 2938 residet.
1159 2880 1439 2951 lntelligis,
1501 2879 1716 2950 opinor,
1770 2893 1837 2932 ex
1876 2878 1996 2947 ipso

2080 396 2255 459 κτίσει
2278 405 2578 474 γεγονότων
2598 402 2765 467 ἐστὶν,
2785 399 2940 471 δῆλον
2961 398 3025 452 ἂν
3052 400 3158 470 εἴη,
3183 399 3265 451 ὅτι
3290 396 3432 468 πρὸς
3454 396 3660 457 κακίας

2080 496 2301 562 ἔνδειξιν
2340 494 2399 547 τὸ
2435 493 2605 564 δνομα
2631 494 2790 546 τοῦτο
2837 491 2941 544 ὑπὸ
2974 490 3070 561 τῆς
3110 487 3348 559 ἱστορίας
3387 486 3663 557 παρείλη-

2080 605 2231 642 πται.
2266 584 2404 641 Οὔτε
2426 587 2497 655 ἐκ
2524 583 2659 637 Θεοῦ
2686 579 2780 637 οὖν
2805 583 2904 654 τὴν
2926 580 3156 650 ὓπαρξιν
3181 580 3313 650 ἔχει,
3344 577 3472 631 οὕτε
3506 594 3666 645 γενο-

2084 678 2220 751 μένη
2250 678 2326 741 ὡς
2359 676 2567 746 γίνεται
2588 675 2800 745 διαρκεῖ
2830 675 2897 744 τῇ
2923 670 3215 726 ὑποστάσει
3249 670 3388 740 πρὸς
3409 669 3473 722 τὸ
3504 667 3661 720 ἴδιον.
3764 710 3766 733 ,

2094 773 2180 835 Ὦς
2239 769 2348 842 γὰρ
2406 769 2467 822 οὐ
2514 768 2770 837 συντηρεῖ
2828 765 2895 818 δι’
2961 765 3158 834 ἑαυτῆς
3207 761 3408 831 ἑαυτὴν
3439 761 3479 830 ἡ
3540 758 3654 810 τῶν

2084 863 2321 936 ἡμιόνων
2353 861 2547 931 φύσις,
2585 857 2756 922 οὕτως
2796 857 2918 910 ούδέ
2949 857 2983 926 ἡ
3030 855 3198 909 κακία
3235 853 3387 925 μένει
3421 849 3572 905 κατά
3600 848 3665 901 τὺ

2080 955 2328 1028 διηνεκὲς
2359 955 2497 1026 αὐτῇ
2542 950 2945 1023 φυλασσομένη,
2992 947 3126 1002 ἀλλά
3168 947 3401 1000 πάντοτε
3445 942 3667 1011 γίνεται

2085 1050 2176 1102 ὑπ’
2199 1047 2359 1102 ἄλλου
2383 1046 2646 1115 ζωογονου
2655 1043 2811 1116 μένη,
2841 1044 2967 1097 ὅταν
2989 1038 3049 1093 τὺ
3070 1037 3308 1107 εὐγενὲς,
3335 1036 3432 1088 καὶ
3453 1034 3669 1105 γαῦρον

2083 1141 2185 1212 τῆς
2219 1144 2275 1194 ἐν
2307 1142 2438 1212 ἡμῖν
2466 1137 2698 1209 φύσεως,
2747 1138 2841 1190 καὶ
2867 1135 3027 1205 ταχὺ,
3057 1134 3151 1186 καὶ¹
3188 1129 3493 1201 ὑψαύχενον
3525 1127 3669 1198 πρὸς

2085 1230 2377 1302 ἐπιθυμίαν
2409 1229 2507 1299 τῆς
2533 1227 2765 1290 ἀνώδους
2792 1242 2853 1279 τε
2892 1223 2988 1278 καὶ
3018 1223 3212 1291 ἀλόγου
3240 1218 3509 1287 συζυγίας
3534 1234 3671 1270 κατ-

2085 1324 2364 1396 ολισθήσῃ.
2413 1323 2472 1376 '0
2511 1319 2685 1374 τοίνυν
2722 1315 3013 1386 ἀλλόφυλος
3045 1316 3251 1375 ἐκεῖνος
3294 1310 3456 1382 Δωὴκ
3492 1310 3523 1362 ὁ
3567 1305 3669 1360 τοῦ

2086 1415 2259 1470 Σαοὺλ
2307 1413 2446 1468 κατά
2498 1410 2591 1465 τοῦ
2636 1409 2799 1463 Δαϐὶδ
2840 1408 3130 1478 γενόμενος
3176 1401 3441 1472 ἄγγελος,
3499 1401 3531 1452 ὁ
3566 1398 3671 1467 τῆς
3764 1408 3766 1478 i

2086 1511 2280 1579 ἀγόνου
2332 1507 2532 1578 ἀγέλης
2578 1504 2688 1559 τῶν
2734 1503 2971 1576 ἡμιόνων
3000 1499 3217 1569 νομεὺς,
3246 1497 3347 1550 οὐκ
3378 1494 3443 1549 ἂν
3473 1492 3673 1560 ἕτερος

2017 1651 2062 1707 Β
2088 1578 2171 1673 είη
2208 1600 2356 1671 παρά
2379 1598 2468 1652 τὸν
2496 1595 2728 1667 πονηρὸν
2757 1590 3009 1707 ἀγγελονέ
3024 1588 3124 1707 τὸν.
3141 1585 3226 1707 eis
3253 1582 3362 1707 τών
3402 1578 3674 1707 ποιίιίλῗν
3704 1632 3707 1639 γ
3764 1616 3766 1675 ἡ

2088 1671 2190 1765 τῆς
2242 1690 2515 1764 ἁμαρτίας
2560 1686 2900 1757 παθημάτων
2944 1681 3043 1752 τὴν
3091 1675 3437 1749 ἀνθρωπίνην
3484 1671 3678 1765 ψυχὴν

2091 1762 2228 1855 πρὸς
2256 1762 2317 1835 τί)
2344 1762 2512 1835 κακὸν
2544 1777 2900 1847 ἐφελκόμενον
2920 1788 2935 1803 ⁸
2984 1771 3050 1823 ἵν’
3085 1770 3212 1823 ὅταν
3253 1768 3355 1840 ἴδῃ.
3391 1767 3475 1818 ὅτι
3505 1765 3564 1816 ἐν
3592 1762 3677 1831 τῷ

2091 1854 2224 1947 οίκῳ
2268 1874 2363 1929 τοῦ
2397 1869 2653 1943 ἀληθινοῦ
2690 1867 2877 1939 ἱερέως
2915 1864 3096 1927 ἐστὶν,
3144 1856 3421 1915 ἀδυνατῶν
3464 1854 3678 1926 πλῆξαι

2091 1969 2254 2026 αὑτὸν
2289 1969 2400 2031 τοῖς
2446 1964 2555 2018 τῶν
2596 1961 2836 2033 ἡμιόνων
2875 1957 3235 2026 λακτίσμασιν
3258 1993 3275 2019 ,
3323 1951 3443 2004 τότε
3492 1964 3674 2002 κατα-

2095 2058 2288 2131 μηνύει
2322 2055 2456 2127 πρὸς
2484 2053 2576 2107 τὸν
2603 2052 2836 2123 ἄρχοντα
2864 2047 2964 2118 τῆς
2991 2042 3254 2116 πονηρίας
3288 2037 3679 2131 τοῦᾲπνεύμα-

2092 2129 2182 2215 τος
2210 2149 2302 2204 τοῦ
2332 2144 2677 2219 ἐνεργοῦντος
2706 2145 2762 2195 ἐν
2788 2141 2900 2202 τοῖς
2946 2138 3082 2200 υἱοῖς
3122 2135 3221 2204 τῆς
3255 2129 3564 2192 ἀπειθείας.
3614 2129 3683 2180 ’0

2092 2245 2150 2299 δὲ
2188 2240 2573 2315 ἑῤῥιζωμένος,
2607 2237 2683 2299 ώς
2722 2232 2874 2287 ἐλαία
2915 2228 3266 2299 κατάκαρπος
3311 2225 3368 2276 ἐν
3408 2221 3491 2291 τῷ
3535 2219 3681 2289 οἴκῳ

2093 2335 2186 2391 τοῦ
2213 2333 2368 2392 Θεοῦ.
2399 2331 2636 2392 ἐκείνους
2685 2328 2914 2379 ποιεῖται
2960 2320 3099 2375 κατά
3130 2318 3222 2372 τοῦ
3247 2314 3514 2387 τυράννου
3545 2312 3679 2373 τοὺς

2094 2427 2320 2496 λόγους,
2365 2424 2458 2487 οὒς
2504 2423 2562 2475 ἐν
2604 2423 2671 2490 τῇ
2723 2414 3010 2488 ψαλμῳδία
3055 2410 3402 2496 ἠκούσαμενΣ
3667 2420 3683 2431 δ

2102 2488 2195 2573 «Ti
2221 2488 2465 2587 ἐγκαυχᾷ
2494 2516 2551 2567 ἐν
2577 2488 2744 2582 κακίᾳ
2767 2511 2795 2562 ό
2817 2506 3039 2569 δυνατὸς
3069 2500 3318 2572 ἀνομίαν,
3344 2488 3407 2552 οὗ
3436 2498 3472 2567 ἡ
3503 2493 3684 2563 γλῶσ-

2100 2630 2167 2665 σα
2195 2613 2325 2665 ὡσεὶ
2357 2608 2516 2679 ξυρὸν
2558 2601 2918 2676 ἠκονημένον,
2960 2616 2977 2649 ι
3003 2590 3084 2658 οἷς
3118 2594 3183 2647 ἂν
3222 2588 3432 2659 ἐπαχθῇ
3464 2588 3685 2679 ἀποσυ-

2097 2706 2262 2761 λοῦσα
2289 2703 2395 2757 τῶν
2420 2698 2620 2769 τριχῶν
2644 2697 2743 2768 τὴν
2767 2691 3115 2762 εὐπρέπειαν,
3150 2686 3243 2739 καὶ
3266 2681 3363 2745 τάς
3389 2679 3536 2733 ἑπτὰ
3564 2678 3685 2730 τῶν

2100 2796 2407 2870 βοστρύχων
2444 2789 2654 2861 σειρὰς,
2700 2788 2758 2839 ἐν
2805 2778 2892 2846 αἷς
2926 2772 3084 2833 ’ἐστιν
3132 2780 3165 2848 ἡ
3217 2775 3443 2870 δύναμις
3463 2769 3681 2870 ﬁndi},

2098 2861 2494 2955 dmoréjtvoucat.
2526 2880 2685 2941 Νοεῖς
2705 2876 2762 2928 δὲ
2790 2874 3008 2935 πάντως
3037 2872 3100 2924 ἐκ
3132 2869 3230 2938 τῆς
3257 2862 3552 2934 ἑϐδομάδος
3570 2861 3685 2913 τῶν
3764 2886 3766 2955 ἰ

431 2975 744 3046 septenario
766 2987 1016 3038 numero,
1056 2970 1422 3041 spiritualium
1463 2969 1841 3023 cincinnorum
1870 2982 1992 3024 sen-

2126 2974 2480 3049 ινευματικῶν
2512 2968 2821 3042 βοστρύχων
2847 2966 2945 3035 τὴν
2967 2963 3191 3023 ἔννοιαν,
3223 2955 3405 3019 καθὼς
3441 2954 3683 3015 'Haa‘u;

430 3080 576 3129 sum,
636 3071 796 3133 prout
843 3060 1095 3116 videlicet
1138 3060 1305 3116 Isaias
1349 3058 1719 3128 septiformem
1771 3056 1997 3127 spiritus

431 3155 663 3224 gratiam
697 3162 983 3208 enumerat
1003 3151 1076 3216 ’°;
1112 3150 1314 3221 quibus
1342 3147 1621 3215 abscissis,
1660 3156 1719 3202 ut
1746 3147 1996 3203 Samsoni

430 3241 718 3307 accidit",
757 3241 1005 3310 sequitur
1032 3239 1316 3294 oculorum
1354 3238 1609 3293 interitus
1647 3244 1701 3292 et
1744 3237 1995 3307 perditio,

427 3337 651 3404 jamque
697 3332 1012 3389 temulentis
1057 3340 1110 3387 et
1138 3331 1307 3387 ebriis
1340 3331 1663 3402 alienigenis
1702 3329 1997 3384 ludibrium

431 3426 636 3483 efﬁcitu
646 3442 690 3481 r.

496 3512 750 3574 'Posthaac
778 3517 1039 3574 describit
1063 3516 1205 3588 ejus,
1236 3515 1329 3586 qui
1360 3515 1414 3570 in
1446 3514 1649 3568 malitia
1672 3521 1868 3584 potens
1890 3522 1997 3577 est,

433 3618 592 3666 notas
647 3619 701 3665 et
756 3610 1120 3681 preprietates
1165 3627 1177 3662 :
1214 3607 1473 3678 quoniam
1520 3623 1539 3659 ί
1569 3605 1713 3662 Deus
1756 3606 2002 3660 destruet

434 3703 580 3756 hunc
611 3702 664 3756 in
692 3700 886 3756 linem:
922 3714 1070 3755 nunc
1104 3714 1235 3755 vero
1257 3699 1451 3756 evellet
1479 3703 1533 3752 et
1565 3696 1851 3767 emigrabit
1875 3709 2001 3751 eum

434 3810 464 3849 a
496 3794 677 3849 divino
706 3793 1073 3857 habitaeulo,»
1103 3798 1158 3847 et
1187 3791 1255 3846 de
1283 3799 1427 3846 terra
1449 3789 1749 3844 viventium
1783 3788 2002 3843 exscin-

434 3886 527 3941 det
556 3886 774 3939 malitia:
797 3885 942 3939 illius
964 3892 1018 3938 et
1053 3882 1371 3938 acerbitatis
1399 3880 1635 3945 radices,
1670 3889 1723 3936 et
1745 3880 1797 3934 id
1831 3896 2002 3950 genus

435 3977 567 4039 alia,
587 3989 707 4044 quae
743 3975 987 4043 psalmus
1025 3973 1115 4027 ille
1144 3980 1259 4026 toto
1290 3986 1388 4026 suo
1420 3970 1656 4026 decursu
1686 3971 2003 4040 complecti-

436 4079 546 4133 tur,
579 4069 644 4124 ad
672 4067 924 4122 eumdem
952 4064 1113 4121 ﬁnem
1144 4066 1482 4136 spectantia;
1521 4065 1722 4135 quibus
1750 4071 2005 4121 constan-

434 4161 511 4214 tia
542 4167 597 4213 et
645 4158 913 4214 stabilitas
953 4171 1142 4212 eorum
1198 4156 1497 4225 perficitur,
1547 4154 2004 4226 quemadmodum

435 4253 653 4309 divinus
700 4250 776 4304 ait
808 4248 1120 4319 Apostolus,
1162 4247 1256 4316 qui
1292 4246 1561 4301 «radicati
1602 4256 1732 4302 sunt
1774 4247 1831 4300 in
1880 4245 2001 4302 fide.

436 4346 548 4416 Ego
573 4344 738 4410 enim,
770 4343 963 4414 inquit,
994 4348 1254 4411 tanquam
1280 4340 1423 4395 oliva
1454 4337 1737 4394 fructifera
1760 4339 1814 4393 in
1841 4338 2004 4394 domo

437 4436 531 4490 Dei
563 4436 689 4499 mei,
728 4434 944 4505 speravi
976 4434 1032 4488 in
1064 4431 1440 4490 misericordia
1469 4430 1564 4486 Dei
1598 4431 1654 4485 in
1682 4431 1998 4493 saeculum,»

435 4536 490 4583 et
515 4528 657 4582 ultra
697 4527 799 4581 hoc
840 4527 1097 4597 spatium,
1131 4526 1289 4596 cujus
1336 4539 1594 4581 mensura
1632 4532 1715 4579 est
1742 4523 2003 4588 infinitas,

437 4620 582 4691 quod
633 4627 789 4675 vocat
844 4620 1206 4675 «saeculorum
1247 4618 1566 4674 saeculum.»
1618 4615 1900 4687 Simulque
1948 4632 2008 4672 se

438 4711 550 4768 Deo
579 4722 864 4783 perpetuas
892 4712 1099 4782 gratias
1129 4721 1380 4766 acturum
1409 4709 1719 4780 pollicetur,
1744 4725 1868 4764 cum
1898 4711 2004 4765 ait:

442 4804 795 4860 «Conﬁtebor
827 4804 926 4858 tibi
952 4804 1003 4858 in
1037 4803 1294 4859 saeculum
1317 4818 1364 4853 τι
1401 4809 1460 4855 ιιι
1489 4801 1636 4856 enim
1672 4800 1845 4857 fecisti
1874 4803 2004 4858 mihi

437 4897 602 4969 digna
637 4897 934 4967 gratiarum
975 4895 1210 4959 actione,
1252 4912 1270 4944 ι
1297 4900 1351 4949 et
1379 4894 1758 4962 exspectabo,»
1807 4894 2003 4966 inquit,

444 5004 686 5045 «nomen
734 4995 952 5042 tuumn
1007 4985 1148 5040 bona
1185 4992 1269 5041 est
1319 4986 1466 5040 enim
1512 4984 1625 5040 haec
1672 4989 2007 5056 exspectatio

438 5080 647 5137 sanctis
677 5078 808 5134 tuis.
845 5074 1316 5144 Quemadmodum
1350 5082 1532 5131 autem
1572 5076 1772 5133 diversi
1806 5080 2007 5137 coloris

440 5171 700 5240 splendor
728 5170 798 5224 ob
827 5169 1077 5222 tinctura:
1103 5166 1444 5233 varietatem,
1476 5167 1644 5224 variis
1672 5170 1830 5239 quasi
1860 5170 2008 5225 ﬂori-

437 5262 542 5317 bus
569 5259 861 5325 distinetae,
892 5259 1093 5313 sensim
1119 5255 1189 5312 ad
1215 5256 1489 5313 diversum
1520 5260 1761 5314 colorem
1788 5262 2005 5329 transit,

441 5352 592 5421 ipsas
624 5364 788 5404 auras
815 5349 1062 5403 colorum
1102 5349 1406 5405 alternante
1433 5347 1645 5420 fulgore
1668 5352 1803 5408 scite
1836 5354 2012 5423 pictu-

444 5455 611 5495 rans:
668 5440 749 5493 sic
799 5448 855 5494 et
882 5440 1065 5496 videre
1108 5447 1194 5497 est
1240 5441 1436 5499 psalmi
1469 5441 1636 5511 hujus
1684 5458 1881 5502 sensus
1913 5461 2008 5502 ex-

513 5617 558 5651 “
591 5617 714 5673 lsai.
744 5634 818 5684 ιιι,
851 5620 902 5674 ξ’..
979 5624 1023 5656 ἰ
1052 5622 1229 5677 Judic.
1253 5638 1360 5690 xw,
1386 5622 1449 5675 21
1488 5637 1609 5691 sqq.

2097 3070 2195 3139 τὴν
2226 3047 2434 3142 ἐπταχῆ
2466 3062 2755 3133 γινομένην
2803 3056 2897 3111 τοῦ
2938 3054 3245 3122 πνεύματος
3271 3047 3431 3120 χάριν
3466 3048 3685 3116 ἀπηρι-

2100 3139 2345 3232 θμήσατο
2365 3174 2379 3190 ·
2410 3150 2484 3210 ὧν
2514 3150 2959 3224 ἀποτμηθέντων,
2983 3144 3163 3208 καθὼς
3195 3142 3287 3196 ἐπὶ
3314 3140 3408 3194 τοῦ
3431 3139 3687 3210 Σαμψὼν

2103 3230 2321 3320 συνέὀη,
2367 3249 2558 3302 ἕπεται
2604 3245 2711 3298 τῶν
2757 3239 3048 3310 ὀφθαλμῶν
3098 3239 3134 3307 ἡ
3170 3233 3430 3296 ἀπώλεια,
3477 3232 3578 3284 καὶ
3624 3230 3688 3282 τὸ
3764 3270 3766 3281 .

2101 3341 2451 3410 ἐπιγέλαστον
2485 3335 2621 3391 εἶναι
2654 3336 2762 3397 τοῖς
2789 3328 3122 3399 ἀλλοφύλοις,
3150 3327 3277 3380 ὅταν
3309 3321 3611 3395 μεθύωσιν.

2184 3521 2410 3590 Ἐπάγει
2442 3518 2499 3572 δέ
2533 3515 2671 3586 μετά
2700 3513 2761 3567 τὸ
2786 3513 2979 3573 εἰπεῖν,
3004 3508 3070 3562 δι’
3100 3499 3175 3561 ὧν
3200 3503 3586 3574 ὑπογράφεται
3614 3501 3687 3553 τὰ

2101 3615 2195 3671 τοῦ
2229 3618 2286 3668 ἐν
2312 3612 2478 3682 κακίᾳ
2507 3605 2731 3663 δυνατοῦ
2764 3604 3057 3674 ἰδιώματα·
3094 3600 3175 3653 ὅτι
3223 3617 3241 3649 ι
3272 3597 3301 3649 ό
3330 3594 3461 3657 Θεὸς
3489 3592 3690 3646 τοῦτον

2109 3708 2205 3780 μὲν
2234 3705 2555 3774 καθαιρήσει
2585 3702 2663 3764 είς
2691 3698 2841 3761 τέλος
2869 3713 2883 3726 ο
2933 3694 3071 3757 τέως
3100 3691 3157 3744 δὲ
3202 3687 3296 3743 νῦν
3335 3685 3542 3739 ἐκτιλεί
3586 3684 3691 3735 καὶ

2108 3797 2501 3871 μεταναστήσει
2545 3792 2652 3846 ἀπὺ
2682 3788 2775 3844 τοῦ
2810 3787 2955 3841 θείου
2986 3782 3365 3854 σκηνώματος,
3399 3796 3417 3829 ι
3470 3776 3572 3830 καὶ
3621 3776 3688 3826 ἐκ

2103 3894 2202 3962 τῆς
2227 3889 2333 3942 τῶν
2361 3886 2576 3952 ζώντων
2602 3884 2705 3954 γῆς
2727 3879 2975 3951 ἀνορύξει
3006 3877 3074 3930 τὰ
3097 3876 3194 3945 τῆς
3223 3870 3487 3942 πονηρίας
3515 3867 3686 3921 αὑτοῦ

2108 3986 2202 4039 καὶ
2230 3980 2454 4051 πικρίας
2483 3974 2786 4050 ῥιζώματα,
2819 3973 2914 4025 καὶ
2943 3971 3042 4023 ὅσα
3068 3965 3275 4027 τούτοις
3307 3962 3449 4016 κατά
3473 3960 3537 4014 τὸ
3560 3958 3689 4012 ἀκό-

2105 4075 2289 4130 λουθον
2314 4070 2553 4144 περιέχει
2578 4069 2610 4138 ἡ
2637 4064 2942 4136 ψαλμῳδία,
2967 4060 3101 4132 πρὸς
3121 4059 3219 4129 τὴν
3244 4056 3414 4127 αὐτὴν
3442 4054 3689 4107 διάνοιαν

2108 4167 2369 4238 βλέποντα
2390 4179 2401 4192 ’
2442 4159 2509 4214 δι’
2538 4152 2613 4212 ὧν
2641 4152 2995 4224 κατορθοῦται
3026 4149 3088 4202 τὸ
3119 4147 3355 4218 βέϐαιον,
3386 4144 3575 4207 καθὼς
3604 4139 3689 4195 εἷ-

2108 4236 2207 4312 πεν
2253 4259 2282 4310 ὁ
2332 4255 2473 4316 θεῖος
2513 4246 2848 4309 Ἀπόστολος,
2880 4243 2987 4296 τῶν
3047 4260 3064 4292 ι
3093 4236 3475 4312 ἐρῤιζωμένων
3526 4237 3585 4287 ἐν
3619 4236 3686 4304 τῇ

2110 4348 2287 4402 πίστει
2307 4387 2320 4399 .
2363 4341 2501 4413 Ἐγὼ
2527 4342 2655 4412 γὰρ,
2692 4358 2710 4390 ι
2729 4337 2914 4407 φησὶν,
2943 4351 2960 4384 ι
2982 4333 3111 4385 ὡσεὶ⁸
3139 4330 3294 4384 ἐλαία
3328 4328 3688 4397 κατάκαρπος

2108 4444 2165 4494 ἐν
2197 4440 2275 4510 τῷ
2304 4439 2437 4509 οἴκῳ
2483 4435 2576 4488 τοῦ
2606 4433 2742 4487 Θεοῦ
2780 4448 2902 4502 μου,
2935 4428 3139 4498 ἤλπισα
3171 4425 3262 4477 ἐπὶ
3290 4422 3353 4475 τὺ
3394 4421 3547 4483 ἔλεος
3590 4418 3685 4471 τοῦ

2107 4533 2241 4587 Θεοῦ
2271 4534 2351 4594 εἰς
2384 4528 2473 4583 τὸν
2500 4525 2698 4587 αἰῶνα,
2727 4543 2745 4575 ι
2810 4519 2993 4578 καὶτὸ
3019 4517 3158 4587 ὑπὲρ
3199 4512 3357 4568 τοῦτο
3385 4511 3684 4580 διάστημα,

2109 4618 2169 4678 οὗ
2216 4623 2410 4693 μέτρον
2445 4618 2594 4672 ἐστὶν
2620 4618 2654 4685 ἡ
2681 4613 2924 4684 ἀπειρία,
2955 4611 3092 4681 ὅπερ
3140 4627 3158 4661 ι
3191 4606 3401 4661 αἰώνων
3428 4599 3690 4672 ὀνομάζει

2110 4716 2300 4770 αἰῶνα.
2338 4733 2356 4765 ι
2400 4712 2489 4766 Ἐν
2539 4708 2712 4778 τούτῳ
2754 4707 2848 4760 καὶ
2894 4702 2992 4774 τὴν
3042 4696 3391 4771 εὐχαριστίαν
3436 4692 3583 4747 κατά
3630 4691 3694 4744 τὺ

2114 4808 2283 4860 ἀΐδιον
2329 4803 2406 4874 τῷ
2449 4799 2567 4872 Θεῷ
2599 4798 2905 4871 προσοίσειν
2946 4788 3439 4859 κατεπαγγέλλεται
3468 4784 3652 4852 λέγων
3677 4799 3689 4812 ·

2120 4918 2138 4949 ι
2181 4891 2675 4965 Ἑξομολογήσομαί
2705 4907 2787 4942 σοι
2834 4889 2914 4951 είς
2943 4885 3033 4939 τὸν
3073 4882 3264 4937 αίῶνα.
3298 4899 3317 4933 ι
3354 4878 3427 4931 Σὺ
3454 4877 3567 4949 γάρ
3601 4893 3695 4945 μοι

2114 4990 2181 5043 τὰ
2208 4989 2331 5055 ἄξια
2358 4988 2456 5056 τῆς
2484 4982 2832 5055 εὐχαριστίας
2855 4979 3133 5049 ἐποίησας.
3178 4995 3196 5025 ι
3217 4972 3326 5027 Καὶ
3357 4967 3641 5038 ὑπομενῶ,
3669 4984 3689 5017 ι

2116 5085 2270 5154 φησὶ,
2308 5082 2395 5134 «τὸ
2427 5079 2599 5149 ὄνομά
2625 5094 2739 5130 σου.
2772 5095 2789 5127 ι
2830 5070 3056 5141 Ἀγαθὸν
3082 5069 3190 5139 γάρ
3218 5068 3363 5143 ἐστιν
3385 5065 3419 5135 ἠ
3444 5058 3693 5154 ὑπομονὴ

2115 5151 2227 5238 τοῖς
2255 5174 2419 5235 ὁσίοις
2465 5187 2579 5224 σου.
2617 5169 2828 5237 ’Ὠσπερ
2863 5164 2920 5217 δὲ
2966 5163 2999 5233 ἡ
3047 5159 3406 5229 πολύχρωμος
3437 5151 3603 5220 αἴγλη
3635 5152 3694 5203 ἐν

2115 5266 2355 5336 διαφόρῳ
2381 5262 2456 5335 τῷ
2484 5262 2584 5332 τῆς
2616 5260 2791 5330 βαφῆς
2815 5254 2964 5311 ἄνθει
2992 5250 3292 5323 λεληθότως
3318 5245 3467 5336 πρὸς
3484 5243 3548 5296 τὸ
3575 5244 3694 5295 ἑτεο

2119 5360 2345 5431 ρόχρουν
2372 5353 2702 5426 μεταϐαίνει,
2736 5345 3028 5421 προσφυῶς
3069 5342 3169 5405 τάς
3196 5335 3515 5431 ἀκραςᾼτῶν
3546 5350 3696 5431 ἔρω-

2329 5423 2500 5516 αύγάς
2532 5443 2790 5515 ἀλλήλαις
2819 5434 3261 5509 καταμιγνύουσα
3288 5449 3301 5465 ο
3344 5427 3518 5491 οὕτως
3552 5423 3695 5477 ἐστιν
