3766 5986
165 222 274 277 565

1583 232 1650 287 IN
1687 231 2016 290 PSALMOS.

3303 226 3407 284 566

173 345 300 400 ἰδεῖν
327 341 429 412 τῆς
459 338 774 411 ψαλμῳδίας
817 339 1019 408 ταύτης
1064 340 1201 394 κατᾶ
1228 341 1288 395 τὸ
1324 340 1491 413 ἄκρον
1516 342 1614 413 τὴν
1641 343 1734 395 τοῦ

1864 343 1996 397 remi
2028 340 2185 413 quasi
2209 340 2440 408 radium,
2474 339 2631 396 initio
2654 340 2933 410 sequentis
2968 342 3164 411 psalmi
3187 343 3254 406 θ’,
3288 350 3409 399 lan-

170 436 442 506 νοήματος
469 434 684 497 ἀκτῖνα,
714 430 791 502 τῷ
813 431 1080 503 προοιμίῳ
1096 433 1194 503 τῆς
1214 432 1307 486 τοῦ
1335 437 1739 504 παρακειμένου

168 524 388 596 ψαλμοῦ
413 522 775 594 λαμπηδόνος,
803 522 872 575 δι’
900 523 1191 577 ἀκολούθου
1227 527 1705 598 προσμιγνυμένην
1724 543 1738 559 ·

168 616 309 670 ὥστε
352 614 633 668 λανθάνειν
673 612 733 665 τὸ
782 613 944 683 μέσον
990 613 1226 680 τούτων,
1274 614 1595 686 αὐτομάτως
1643 616 1743 686 τῆς

167 705 409 766 διανοίας
439 702 547 758 ἀπὸ
590 702 779 756 τούτου
826 701 962 773 πρὸς
1014 701 1112 773 τὴν
1159 703 1523 775 ὑποκειμένην
1559 704 1742 775 ψαλμ-

167 795 332 865 ῳδὶαν
366 792 812 864 καταμιχθείσης.
861 795 918 846 'O
943 792 1052 863 γάρ
1092 793 1168 856 ὡς
1204 793 1359 847 ἐλαία
1390 795 1743 862 κατάκαρπος

170 886 423 958 ριζωθεὶς
450 887 509 938 ἐν
529 885 607 955 τῷ
633 886 764 955 οἴκῳ
796 883 891 937 τοῦ
918 885 1075 948 Θεοῦ,
1110 885 1204 938 καὶ
1235 887 1295 939 τὸ
1328 886 1535 954 ἐδραϊόν
1562 904 1621 939 τε
1649 885 1742 939 καὶ

169 979 568 1049 ἀμετακίνητον
612 975 705 1029 τοῦ
756 975 898 1029 κατὰ
933 975 1031 1045 τὴν
1065 977 1244 1031 πίστιν
1282 978 1656 1049 στερεῶματος
1686 978 1743 1029 ἐν

169 1069 350 1139 ἐτι)τῷ
379 1064 701 1138 βεϐαιώσας.
725 1066 818 1121 καὶ
841 1065 937 1137 τὴν
967 1067 1155 1121 ἐλπίδα
1184 1067 1277 1121 τοῦ
1304 1067 1447 1122 θείου
1477 1068 1655 1122 ἐλαίου
1676 1069 1743 1122 δι’

170 1160 522 1230 εὐχαριστίας
555 1161 622 1230 τῇ
649 1158 871 1232 ἀπειρίᾳ
903 1158 1013 1213 τῶν
1044 1159 1254 1213 αἰώνων
1279 1161 1739 1230 συμπαρατείνας,

171 1251 334 1320 θυμῷ
362 1250 561 1321 χρῆται
593 1250 733 1304 κατά
775 1249 883 1304 τῶν
926 1251 1315 1321 ἀφραινόντων,
1347 1245 1423 1305 ὧν
1452 1252 1744 1322 κεφάλαιον

170 1341 275 1410 τῆς
301 1339 632 1411 ἀφροσύνης,
678 1340 738 1394 τὸ
760 1340 851 1394 τὸν
882 1340 1151 1412 ἀληθινῶς
1184 1341 1333 1409 ὄντα,
1368 1343 1458 1397 τὸν
1485 1344 1577 1397 ἐπὶ
1605 1344 1743 1397 πάν-

171 1446 306 1494 των,
335 1429 429 1481 καὶ
453 1430 509 1482 ἐν
537 1431 720 1497 πᾶσιν,
750 1428 935 1483 τοῦτον
972 1430 1047 1502 μὴ
1078 1427 1216 1484 εἶναι
1244 1432 1443 1500 λέγειν.
1476 1433 1745 1487 Τοιούτων

169 1519 307 1589 γὰρ,
355 1519 539 1590 φησὶν,
583 1520 677 1574 καὶ
709 1521 960 1575 τοιούτων
984 1522 1151 1576 ὄντων
1200 1522 1455 1594 (πρῶτον
1484 1523 1576 1577 τοῦ
1610 1523 1743 1577 Θεοῦ

171 1610 413 1663 δείκνυσι
450 1610 548 1679 τὴν
577 1611 716 1681 ὑπὲρ
744 1611 851 1664 τῶν
895 1612 1197 1683 ἀνθρώπων
1238 1613 1579 1685 προμήθειαν
1605 1630 1620 1646 ⁸
1660 1616 1744 1684 ἐφ’

172 1691 238 1750 οὗ
274 1699 335 1752 τὸ
360 1698 468 1752 τῶν
499 1671 727 1753 ἐλπίδων
756 1701 969 1771 βέϐαιον
996 1671 1167 1766 οὕτως
1205 1671 1537 1774 ἀμετάθετὸν
1578 1671 1745 1771 ἐστιν,
1782 1671 1826 1731 Β

173 1791 255 1855 ὡς
284 1791 360 1862 μὴ
391 1792 619 1862 κάμνειν
641 1795 708 1863 τῇ
740 1793 999 1863 ἀῖδιότητι
1029 1794 1134 1848 τῶν
1177 1795 1409 1863 αἰώνων,
1450 1796 1543 1850 τὸν
1586 1798 1759 1851 πόθον

176 1882 695 1952 συνεκτεινόμενον),
721 1882 839 1946 πῶς
868 1902 886 1935 ι
929 1882 1078 1952 λέγει
1105 1885 1134 1937 ὁ
1163 1886 1351 1957 ἄφρων
1376 1890 1441 1942 ὲν
1461 1891 1525 1959 τῇ
1555 1889 1750 1961 καρδίᾳ

174 1970 383 2023 αὐτοῦ·
430 1973 548 2024 Οὐκ
594 1972 711 2025 ἔστι
761 1973 931 2038 Θεός;
980 1974 1346 2047 διεφθάρησαν
1395 1979 1489 2031 καὶ
1531 1978 1750 2032 ἐϐδελύ-

174 2058 411 2129 χθησαν,
451 2079 472 2112 ι
523 2063 582 2115 ὲν
610 2064 724 2126 τοῖς
757 2062 1012 2128 τοιούτοις
1052 2066 1152 2136 τῆς
1193 2066 1428 2131 διανοίας
1467 2069 1747 2140 ἐπιτηδεύ-

178 2161 375 2214 μασιν.

251 2237 433 2306 Φθορά
473 2237 581 2309 γάρ
629 2241 776 2293 ἐστιν
807 2242 883 2303 ὼς
914 2242 1128 2313 ἀληθῶς
1154 2285 1169 2312 ,
1224 2246 1318 2299 καὶ
1368 2247 1608 2313 διάλυσις
1657 2250 1750 2304 τοῦ

177 2328 533 2394 συνεστῶτος,
568 2331 600 2400 ἠ
636 2331 731 2384 τοῦ
754 2332 920 2396 ὄντως
949 2333 1099 2397 ὄντος
1133 2336 1461 2402 ἀπόπτωσις.
1499 2339 1621 2404 Πῶς
1645 2340 1752 2411 γὰρ

176 2420 248 2473 ἄν
278 2438 361 2484 τις
387 2424 445 2474 ἐν
470 2422 548 2493 τῷ
575 2419 714 2476 εἶναι
738 2424 846 2494 εἴη,
876 2425 949 2496 μὴ
975 2427 1033 2479 ὲν
1062 2426 1139 2497 τῷ
1171 2427 1282 2482 ὄντι
1308 2428 1413 2497 (iw;
1463 2430 1588 2494 Πῶς
1618 2432 1661 2483 δ’
1688 2432 1752 2486 ἄν

175 2532 267 2579 τις
289 2515 434 2584 μένοι
464 2518 522 2569 ἐν
542 2516 619 2586 τῷ
649 2516 780 2583 ὄντι,
807 2519 881 2587 μὴ
909 2520 1176 2574 πιστεύων
1204 2521 1282 2591 τῷ
1308 2522 1438 2586 ὄντι,
1467 2524 1546 2576 ὅτι
1579 2524 1751 2589 έστινς

191 2607 255 2659 Ὀ
294 2606 352 2659 δὲ
377 2606 589 2678 ἀληθῶς
635 2606 730 2672 ῶν,
760 2608 890 2672 Θεός
924 2612 1040 2663 ἐστι
1071 2612 1307 2676 πάντως,
1337 2613 1517 2677 καθὼς
1545 2615 1621 2685 τῷ
1654 2632 1754 2686 με·

178 2698 334 2769 γάλῳ
368 2700 559 2753 Μωσεῖ
583 2702 615 2771 ἡ
644 2701 878 2754 όπτασία
907 2702 1361 2772 τῆςιθεοφανείας
1396 2707 1750 2778 μαρτύρεται.

190 2788 256 2841 '0
283 2786 376 2843 οὖν
404 2790 681 2871 ἐκϐάλλων
723 2792 822 2863 τῆς
868 2794 1060 2847 ἑαυτοῦ
1104 2794 1340 2859 διανοίας
1385 2797 1477 2851 τοῦ
1528 2799 1660 2853 Θεοῦ
1696 2800 1756 2854 τὸ

178 2875 344 2946 εἶναι,
372 2882 438 2932 ἐκ
460 2881 552 2934 τοῦ
581 2883 785 2937 ἐκεῖνον
818 2883 894 2955 μὴ
920 2879 1057 2939 εἶναι
1083 2884 1280 2955 λέγειν,
1310 2887 1502 2942 ἐαυτοῦ
1528 2890 1588 2943 τὸ
1616 2886 1756 2946 εἶναι

176 2972 511 3045 διέφθειρεν,
537 2973 641 3039 ἔξω
661 2973 753 3028 τοῦ
774 2973 925 3038 ὄντος
949 2976 1251 3047 γενόμενος.
1274 2978 1371 3031 Διά
1390 2979 1547 3032 τοῦτό
1568 2998 1752 3052 φησιν,

180 3064 409 3136 Ἐπειδὴ
432 3065 540 3119 ἀπὸ
563 3064 658 3119 τοῦ
685 3065 818 3120 Θεοῦ
839 3067 1135 3135 ἐξέκλιναν,
1156 3089 1175 3122 ι
1195 3071 1353 3134 εὐθὺς
1382 3072 1757 3145 ἡχρειώθησαν

177 3159 235 3211 οξ
261 3157 486 3221 πάντες,
508 3177 526 3210 ι
573 3155 685 3213 οἷόν
721 3175 777 3211 τι
807 3159 1002 3224 σκεῦος
1027 3161 1347 3233 ἀπόϐλητον,
1378 3165 1759 3231 καταγνωσθὲν

179 3248 513 3319 ἀχρηστίαν.
558 3249 632 3302 Τὸ
676 3249 733 3302 δὲ
776 3248 855 3320 τῷ
900 3250 1049 3320 καλῷ
1076 3251 1367 3325 ἄχρηστον,
1400 3254 1498 3324 τὴν
1533 3254 1670 3326 πρὸς
1699 3255 1761 3309 τὸ

180 3339 358 3393 κακὸν
386 3339 815 3411 ἐπιτηδειότητα,
856 3340 941 3394 διὰ
983 3341 1082 3412 τῆς
1111 3344 1248 3414 πρὸς
1286 3342 1346 3396 τὸ
1378 3347 1623 3415 κρεῖττον
1665 3347 1775 3399 ἀνι-ι

181 3429 514 3501 αρμοστίας,
548 3430 731 3500 σαφῶς
763 3430 1140 3487 ἐπιδείκνυσιν.
1184 3434 1335 3487 Ἐπεὶ
1361 3430 1452 3488 οὖν
1480 3435 1566 3489 διὰ
1591 3434 1762 3488 ταῦτα

180 3524 214 3574 ὁ
243 3521 454 3591 Κύριος
506 3540 524 3573 t
555 3522 619 3575 ἐκ
648 3522 739 3575 τοῦ
783 3523 1012 3595 ούρανοῦ
1060 3524 1152 3577 ἐπὶ
1196 3525 1321 3588 τοὺς
1354 3525 1504 3589 υἱοὺς
1535 3525 1641 3580 τῶν
1672 3527 1764 3579 ἀν-

184 3610 428 3681 θρώπων
464 3610 714 3680 διέκυψεν
739 3627 754 3641 ·
786 3629 806 3663 ι
857 3614 887 3666 ὁ
913 3611 971 3664 δὲ
1003 3611 1242 3677 τοιοῦτος
1267 3613 1423 3682 λόγος
1455 3613 1557 3685 τὴν.
1584 3616 1642 3669 ἐν
1667 3617 1760 3669 ἀν-

184 3701 433 3773 θρώποις
473 3701 568 3755 τοῦ
603 3703 809 3773 Κυρίου
838 3703 1280 3775 συναναστροφὴν
1315 3706 1639 3777 προμηνύει,
1675 3708 1762 3761 ὅτε

182 3796 305 3855 τοῖς
357 3793 896 3864 προκαθηγουμένοις
940 3793 1076 3864 πρὸς
1110 3794 1209 3866 τὴν
1240 3796 1499 3849 ἀπιστίαν
1544 3799 1654 3861 τοῖς
1687 3798 1762 3850 ἱε-

189 3883 380 3956 ρεῦσίν
420 3900 480 3937 τε
512 3885 606 3937 καὶ
632 3884 943 3956 Φαρισαίοις
993 3884 1087 3938 καὶ
1133 3886 1571 3956 γραμματεῦσιν,
1619 3886 1765 3941 am»

184 3975 598 4047 ἐπηκολούθησε
630 3976 693 4030 τὸ
720 3977 956 4046 ὑπήκοον
981 3991 995 4006 ⁸
1045 3977 1240 4030 ἐκεῖνοι
1267 3977 1374 4048 γὰρ
1405 3974 1543 4049 ἦσαν
1571 3979 1621 4031 οἱ
1655 3981 1766 4043 τοῖς

187 4068 541 4140 βλασφήμοις
566 4068 771 4122 ἑαυτῶν
799 4067 979 4122 ὀδοῦσι
1006 4068 1096 4123 τὸν
1127 4067 1252 4122 λαὸν
1278 4071 1683 4141 σπαράσσοντές
1705 4088 1765 4124 τε

186 4162 290 4214 καὶ
336 4159 686 4223 διεσθίοντεςο
720 4161 809 4217 διὰ
833 4160 989 4214 τοῦτό
1020 4178 1204 4232 φησιν,
1231 4163 1314 4216 ὅτι
1371 4182 1389 4214 ι
1422 4164 1567 4217 Ἐκεῖ
1598 4164 1767 4234 φοϐη-

185 4250 453 4321 θήσονται
501 4249 685 4317 φόϐον,
708 4240 779 4303 ὀὗ
806 4251 907 4304 οὐκ
936 4246 1003 4321 ἦν
1028 4250 1225 4320 φόϐος,
1271 4253 1323 4304 οἱ
1365 4252 1632 4318 ἐσθίοντες
1676 4254 1766 4308 τὸν

182 4345 320 4397 λαόν
350 4360 452 4413 μου
483 4342 684 4415 βρώσει
714 4343 907 4413 ἄρτου,
932 4362 952 4395 ι
1000 4342 1183 4414 ὅμοιον
1216 4342 1518 4414 πάσχοντες
1548 4343 1625 4414 τῷ
1662 4345 1750 4401 πά-

1870 4341 2227 4397 devorabant.
2284 4337 2365 4390 Ea.
2407 4335 2475 4391 de
2531 4348 2699 4389 causa
2755 4332 2832 4385 ait

185 4436 278 4489 θει
310 4434 421 4489 τῶν
455 4434 909 4505 ύδροφοϐούντων.
941 4429 1036 4497 Οἷς
1062 4434 1114 4487 ετ
1150 4453 1267 4499 πως
1308 4435 1559 4506 δυνηθείη
1591 4453 1769 4508 παρα-

183 4528 453 4599 δεχθῆναι
501 4527 560 4580 τὸ
593 4526 738 4596 ὕδωρ
759 4567 776 4592 ,
825 4527 1109 4598 ίαματικὸν
1159 4526 1309 4579 ἔσται
1339 4526 1431 4579 τοῦ
1461 4526 1665 4590 πάθους
1693 4526 1771 4597 τῷ

185 4621 461 4691 κάμνοντι
496 4633 509 4646 ·
564 4616 700 4672 ἀλλὰ
760 4617 1051 4685 φοϐοῦνται
1102 4634 1219 4681 πως
1268 4606 1339 4670 τδ
1377 4617 1468 4671 ἐπὶ¹
1527 4619 1770 4690 σωτηρίᾳ

188 4711 583 4784 προκείμενον,
625 4709 720 4765 καὶ
742 4709 1146 4782 ἀλλοτριοῦνται
1174 4709 1269 4764 τοῦ
1301 4708 1583 4774 σώζοντας,
1621 4710 1771 4781 φόϐῳ

185 4804 289 4859 τοῦ
323 4805 397 4874 μὴ
423 4801 719 4855 ἀπολέσθαι
746 4801 1239 4867 κατασκευάζοντες
1263 4803 1475 4865 ἑαυτοῖς
1498 4802 1597 4872 τὴν
1625 4801 1775 4856 ἀπώο

187 4895 369 4947 λειαν.
401 4892 587 4956 Οὕτως
620 4894 885 4958 κάκεῖνοι,
904 4893 1006 4965 τῆς
1025 4893 1208 4966 πηγῆς
1226 4893 1409 4956 αὐτοῖς
1449 4892 1727 4964 ἑκϐοώσης
1750 4911 1764 4924 θ

197 5002 222 5036 ε
248 4982 320 5037 Εἴ
351 4999 436 5048 τις
466 4981 617 5052 διψᾷ,
647 4981 890 5053 ἐρχέσθω
933 4981 1070 5052 πρὸς
1116 4981 1216 5051 μὲ,
1264 4982 1357 5036 καὶ
1400 4982 1618 5048 πινέτω,
1650 5001 1668 5034 ι
1700 4985 1766 5054 τῇ

188 5074 369 5147 λύσσῃ
396 5074 495 5145 τῆς
527 5073 783 5138 ἀπιστίας
825 5072 1352 5145 προκατειλημμένοι
1380 5073 1447 5128 τά
1469 5075 1567 5144 τῆς
1591 5074 1769 5145 ψυχῆς

192 5165 552 5237 αἰσθητήρια,
579 5162 871 5234 ἐφοϐοῦντο
909 5163 1094 5233 φόϐον,
1140 5159 1201 5219 οὗ
1240 5165 1340 5217 οὐκ
1368 5160 1436 5235 ἦν
1476 5164 1672 5233 φόϐος,
1707 5166 1769 5218 τὸ

194 5259 363 5312 ποτὸν
386 5257 485 5327 τῆς
513 5255 787 5326 σωτηρίας
815 5254 1296 5333 ἀποστρεφόμενοι,
1326 5254 1425 5308 οὐκ
1446 5255 1666 5322 εἰδότες,
1690 5257 1769 5310 ὅτι

193 5350 261 5402 ἐν
289 5348 450 5418 γενεᾷ
471 5346 697 5401 δικαίων
723 5348 752 5399 ό
776 5345 907 5409 Θεὸς
938 5346 1165 5414 γίνεται,
1195 5347 1224 5398 ὁ
1250 5345 1422 5409 διδοὺς
1448 5346 1512 5399 ἐκ
1545 5344 1680 5399 Σιὼν
1710 5346 1771 5399 τὸ

196 5441 467 5514 σωτήριον
493 5439 574 5510 τῷ
612 5437 847 5510 Ἰσραὴλ,
872 5438 966 5492 καὶ
998 5437 1095 5509 τὴν
1118 5437 1496 5508 αἰχμαλωσίαν
1518 5438 1610 5493 τοῦ
1641 5438 1769 5493 λαοῦ

282 5619 324 5652 ⁹²
345 5621 495 5679 Psal.
524 5637 620 5677 ι.ιι.
696 5622 741 5657 ³³
762 5619 921 5675 Joan.
961 5635 1057 5685 νιι,
1089 5619 1175 5674 57.

1843 449 2005 504 quam
2058 435 2296 490 lucerna:
2331 432 2721 503 consequentia
2763 432 3020 502 quadam,
3072 434 3306 489 allucere
3355 445 3406 489 ct

1842 526 2181 597 permisceri,
2239 532 2299 579 ut
2355 524 2614 589 medium,
2682 523 2827 594 quod
2881 524 3231 593 interjieitur,
3298 542 3406 581 non

1843 626 2121 687 appareat,
2164 623 2359 685 sponte
2400 631 2499 670 sua
2536 615 2719 669 animo
2745 614 2814 668 ab
2856 615 2957 669 hac
3007 615 3074 669 ad
3107 616 3407 685 subiectam

1842 707 2200 781 psalmodiam
2249 705 2549 761 delabente.
2583 704 2688 771 Qui
2728 707 2872 761 enim
2904 712 2963 760 ut
2991 706 3133 760 oliva
3165 706 3312 763 ferax
3353 708 3406 763 in

1842 798 2006 852 domo
2042 795 2256 850 Domini
2308 796 2519 851 radices
2559 795 2694 861 ﬁxit,
2734 799 3008 867 ﬁxumque
3056 798 3188 853 illud
3220 806 3274 854 et
3304 799 3407 852 im-

1843 896 2050 940 motum
2088 884 2208 940 ﬁdei
2241 884 2641 940 ﬁrmamentum
2681 884 2785 940 sibi
2817 887 3171 954 comparavit,
3214 895 3268 942 et
3316 889 3406 957 qui

1844 992 1995 1045 spem
2029 976 2198 1031 divini
2229 976 2335 1032 olei
2371 992 2468 1046 per
2494 976 2791 1045 gratiarum
2822 976 3089 1030 actionem
3122 977 3189 1032 ad
3230 978 3409 1039 inﬁni-

1845 1074 2009 1122 tatem
2034 1068 2358 1122 smculorum
2387 1067 2654 1132 extendit,
2681 1067 2732 1122 is
2759 1067 3040 1122 iracundia
3068 1068 3120 1121 in
3145 1068 3408 1138 insipien-

1844 1167 1928 1215 tes
1956 1160 2280 1224 exardescit,
2315 1173 2547 1229 quorum
2577 1158 2903 1226 insipientia:
2932 1164 3098 1228 caput
3128 1167 3230 1222 est,
3261 1173 3409 1213 asso-

1843 1266 1967 1307 rere
1998 1267 2121 1306 eum
2150 1266 2256 1306 non
2284 1267 2427 1318 esse,
2460 1252 2553 1321 qui
2593 1266 2718 1306 vere
2740 1260 2844 1316 est,
2875 1260 2928 1306 et
2957 1267 3122 1320 super
3148 1266 3337 1306 omnes
3360 1262 3411 1307 et

1845 1342 1901 1397 in
1930 1342 2207 1398 omnibus.
2243 1341 2380 1396 Cum
2409 1342 2554 1397 enim
2588 1350 2667 1396 tot
2695 1352 2748 1397 et
2780 1342 2908 1395 talia
2940 1342 3070 1402 sint,
3117 1343 3317 1413 inquit,
3346 1360 3412 1396 ex

1845 1434 2043 1504 quibus
2067 1433 2160 1489 Dei
2190 1442 2385 1488 natura
2417 1433 2692 1503 colligitur
2725 1432 2987 1503 (primum
3029 1433 3121 1488 Dei
3152 1448 3278 1504 erga
3315 1434 3402 1486 lm-

1844 1525 2022 1578 mines
2060 1522 2397 1577 demonstrat
2441 1521 2856 1590 providentiam,
2916 1521 3002 1575 cui
3044 1521 3160 1591 spei
3212 1531 3412 1575 nostra:

1852 1614 2253 1670 ﬁrmamentum
2308 1611 2445 1667 adeo
2500 1612 2851 1667 immobiliter
2886 1611 3156 1675 innititur,
3198 1619 3256 1666 ut
3303 1629 3411 1666 next

1851 1705 2127 1776 fatigetur,
2177 1703 2396 1774 quando
2424 1701 2699 1757 desiderio
2740 1717 2842 1757 suo
2887 1711 3058 1755 totum
3094 1703 3413 1756 :eternitatis

1850 1798 2113 1854 ambitum
2168 1793 2574 1865 amplectitur),
2613 1793 2884 1864 quomodo
2922 1810 2941 1843 ι
2974 1791 3102 1847 dicit
3151 1793 3413 1862 insipiens

1851 1891 1908 1946 in
1935 1889 2101 1945 corde
2133 1903 2234 1943 suo
2261 1906 2275 1941 :
2310 1885 2427 1940 Non
2452 1893 2535 1941 est
2558 1885 2994 1953 Deus?rorrupti
3031 1891 3176 1949 sunt,
3211 1892 3265 1940 et
3293 1885 3416 1939 abo-

1852 1981 2139 2036 minabiles
2180 1979 2309 2035 facti
2342 1984 2526 2043 sunt,»
2577 1975 2632 2030 in
2678 1974 2877 2029 talibus
2929 1975 3273 2044 cogitationis
3304 1991 3417 2031 sua:

1852 2072 2083 2129 studiis..

1923 2249 2063 2306 Vere
2091 2246 2236 2304 enim
2278 2246 2398 2317 ejus
2438 2245 2582 2316 quod
2617 2243 2887 2309 subsistit,
2922 2243 3202 2313 corruptio
3248 2251 3301 2298 et
3336 2243 3416 2296 in-

1853 2341 2049 2396 teritus
2080 2348 2183 2407 est,
2216 2338 2467 2394 decidere
2504 2339 2573 2393 ab
2613 2352 2679 2393 eo
2713 2337 2805 2407 qui
2840 2351 2965 2392 vere
3002 2344 3105 2390 est.
3134 2336 3416 2401 Quomodo

1854 2433 1999 2489 enim
2032 2432 2158 2501 quis
2188 2445 2289 2485 suo
2320 2431 2377 2485 in
2407 2444 2531 2485 esse
2557 2430 2739 2495 duret,
2774 2428 2866 2498 qui
2893 2444 3000 2481 non
3033 2434 3117 2482 est
3149 2427 3200 2480 in
3227 2443 3291 2482 eo
3322 2429 3414 2495 qui

1853 2526 1979 2580 est?
2037 2522 2323 2590 Quomodo
2349 2524 2473 2593 quis
2503 2502 2725 2576 maneat
2764 2520 2816 2573 in
2857 2535 2921 2574 eo
2948 2520 3039 2589 qui
3074 2528 3178 2582 est,
3223 2521 3268 2574 si
3310 2534 3415 2572 non

1855 2614 2045 2671 credat
2069 2615 2119 2669 ei
2153 2613 2247 2685 qui
2285 2624 2388 2679 est,
2429 2612 2573 2684 quod
2605 2613 2713 2668 sit?
2738 2612 2840 2678 Qui
2862 2621 3042 2666 autem
3077 2625 3202 2665 vere
3240 2618 3343 2675 cst,
3373 2611 3419 2664 is

1856 2707 2081 2761 omnino
2117 2705 2262 2762 Deus
2289 2712 2374 2760 est
2403 2723 2416 2759 :
2453 2704 2909 2774 quemadmodum
2940 2709 2995 2757 ct
3028 2717 3219 2772 magno
3249 2700 3416 2773 Moysi

1856 2798 1996 2854 visio
2021 2797 2217 2852 divinae
2241 2796 2599 2867 apparitionis
2631 2801 2891 2851 testatum
2919 2793 3064 2848 fecit.
3105 2792 3209 2859 Qui
3249 2792 3413 2863 igitur

1856 2905 1921 2944 ex
1968 2903 2071 2944 suo
2107 2888 2288 2942 animo
2332 2886 2521 2956 abjieit
2567 2901 2689 2941 esse
2734 2885 2850 2950 Dei,
2892 2886 2944 2938 is
2985 2885 3090 2938 hoc
3126 2883 3245 2953 ipso
3274 2884 3414 2952 quo!

1858 2979 2029 3034 Deum
2059 2993 2180 3034 esse
2214 2984 2400 3047 negat,
2437 2976 2714 3046 preprium
2755 2988 2914 3029 suum
2946 2986 3069 3027 esse
3098 2972 3417 3041 corrumpit.

1861 3071 2063 3142 quippe
2110 3069 2451 3124 abalienatus
2494 3070 2564 3123 ab
2607 3082 2673 3122 eo
2719 3064 2813 3136 qui
2854 3070 2940 3119 est
2973 3081 2986 3117 :
3018 3064 3088 3117 ob
3131 3062 3181 3117 id
3224 3062 3420 3122 innuit,

1860 3163 2155 3233 Postquam
2195 3176 2226 3216 a
2258 3160 2366 3218 Deo
2381 3159 2814 3224 declinaverunt,
2834 3157 3125 3225 derepente
3157 3173 3175 3205 ι
3207 3152 3425 3207 inutiles

1862 3253 1989 3308 facti
2031 3259 2161 3307 sunt
2188 3266 2401 3317 onmes,
2431 3270 2451 3304 ι
2495 3250 2644 3305 velut
2680 3262 2779 3303 vas
2806 3245 3082 3316 quoddam
3130 3243 3422 3312 abiectum.

1861 3344 2199 3413 cognitaaque
2248 3340 2560 3395 inutilitatis
2599 3338 2713 3407 jam
2756 3337 3094 3391 damnatura.
3132 3334 3427 3403 Perspicuc

1863 3443 2041 3491 autem
2086 3448 2273 3490 sermo
2302 3432 2389 3487 hic
2432 3432 2608 3494 docet,
2642 3428 2695 3483 id
2740 3428 2882 3497 quod
2917 3427 3061 3481 bono
3092 3434 3177 3481 est
3210 3426 3425 3486 inutile,

1861 3524 1998 3580 nihil
2031 3522 2180 3577 aliud
2209 3536 2331 3577 esse
2353 3535 2516 3591 quam
2544 3516 2899 3587 aptitudinem
2929 3521 2982 3568 ct
3013 3512 3425 3582 propensionem

1863 3615 1937 3670 ad
1976 3620 2282 3684 peccatum,
2318 3618 2535 3681 propter
2567 3603 3080 3667 inconvenientiam,
3120 3616 3282 3670 quam
3331 3601 3428 3653 ha-

1863 3707 1954 3762 bet
1982 3720 2106 3777 cum
2143 3719 2227 3769 eo,
2273 3701 2417 3772 quod
2450 3707 2535 3755 est
2569 3705 2778 3754 rectum
2811 3702 2865 3750 et
2895 3695 3205 3749 honestum.
3244 3692 3428 3746 Domi-

1865 3815 1970 3854 nus
2020 3798 2186 3868 igitur
2226 3801 2449 3865 propter
2494 3792 2610 3846 hzec
2647 3808 2665 3840 ι
2704 3788 2770 3843 dc
2803 3787 2943 3841 coelo
2985 3785 3224 3855 respexit
3267 3799 3429 3853 super

1864 3891 2006 3945 ﬁlios
2038 3888 2339 3943 hominum.
2376 3902 2395 3936 ι
2428 3882 2560 3949 Quae
2583 3879 2747 3936 verba
2776 3878 2987 3933 Domini
3015 3878 3155 3932 inter
3186 3876 3432 3931 homines

1865 3977 2337 4036 conversationem
2396 3973 2636 4029 indicant
2666 4012 2679 4034 ,
2731 3969 2951 4039 quando
3000 3976 3303 4039 praeeuntes
3366 3968 3430 4021 ad

1867 4068 2308 4125 incredulitatem
2335 4062 2651 4119 sacerdotes
2682 4067 2736 4116 et
2759 4059 3084 4121 Pharisazos,
3114 4069 3164 4114 et
3189 4057 3432 4119 Scribas,

1868 4173 2057 4214 omnes
2113 4155 2316 4212 subditi
2372 4150 2545 4208 secuti
2593 4157 2723 4205 sunt
2757 4167 2769 4203 :
2803 4149 2879 4202 illi
2919 4149 3063 4203 enim
3117 4154 3295 4212 erant,
3341 4148 3432 4216 qui

1867 4248 2205 4321 blasphemis
2263 4245 2380 4302 suis
2428 4242 2686 4299 dentibus
2735 4241 2996 4310 populum
3052 4237 3338 4291 laniabant
3382 4246 3434 4290 et

2885 4350 2898 4385 :
2948 4349 2965 4380 ι
3002 4329 3435 4400 Trepidavcrunt

1872 4435 2088 4496 timore,
2131 4431 2229 4485 ubi
2269 4443 2379 4483 non
2414 4434 2531 4482 erat
2571 4425 2758 4487 timor,
2793 4422 2884 4492 qui
2927 4421 3191 4477 devorant
3226 4419 3432 4490 plebem

1870 4539 2067 4588 meam,
2099 4532 2158 4577 ut
2181 4521 2363 4575 cibum
2387 4518 2566 4589 panis,
2601 4534 2621 4567 ι
2653 4515 2748 4584 qui
2780 4513 2919 4568 idem
2945 4512 3170 4568 morbus
3199 4519 3283 4568 est
3312 4526 3435 4583 eum

1870 4617 2002 4683 illis,
2038 4617 2129 4686 qui
2156 4629 2352 4685 aquam
2380 4617 2631 4668 metuunt
2666 4626 2680 4662 :
2716 4606 2808 4677 qui
2844 4606 2891 4660 si
2918 4621 3025 4675 quo
3054 4605 3215 4660 modo
3241 4618 3435 4674 aquam

1871 4709 2158 4765 admittere
2203 4710 2453 4777 possent,
2492 4701 2952 4757 medicamentum
2992 4699 3182 4766 utique
3221 4695 3435 4765 aliquod

1872 4814 1986 4855 suze
2011 4796 2352 4869 aegritudinis
2377 4795 2656 4856 haberent,
2689 4791 2783 4846 sed
2810 4795 3060 4844 metuunt
3088 4803 3150 4843 ea
3175 4788 3289 4857 ipsa
3318 4800 3437 4856 qua:

1873 4891 1942 4947 ad
1979 4890 2211 4946 salutem
2245 4895 2375 4944 sunt
2406 4884 2708 4956 proposita.
2760 4891 2815 4937 et
2864 4881 3044 4935 alieno
3088 4887 3215 4934 sunt
3252 4878 3435 4932 animo

1874 4984 1943 5040 ab
1973 4998 2040 5039 eo
2066 4979 2211 5050 quod
2242 4987 2554 5040 conservat,
2612 4983 2869 5044 metuque
2895 4988 2962 5027 ne
2988 4978 3230 5042 pereant,
3270 4970 3438 5022 inter-

1876 5076 2009 5129 itum
2041 5072 2147 5128 sibi
2179 5078 2388 5125 creant.
2412 5054 2511 5123 'Sic
2535 5075 2589 5122 et
2616 5067 2713 5133 illi,
2747 5066 3014 5120 clamante
3037 5062 3102 5115 ad
3126 5076 3220 5115 eos
3250 5059 3435 5113 fonte:

1880 5182 1900 5216 ι
1936 5162 1993 5217 Si
2026 5161 2149 5234 quis
2192 5159 2327 5226 sitit,
2369 5159 2552 5213 veniat
2594 5156 2661 5210 ad
2706 5170 2792 5210 me
2842 5161 2897 5209 et
2936 5153 3085 5207 bibat
3106 5150 3173 5214 ⁸³,
3206 5168 3225 5201 ι
3259 5148 3441 5202 furore

1872 5251 2274 5311 incredulitatis
2308 5249 2363 5303 in
2389 5249 2586 5303 anima:
2617 5246 2876 5317 potentiis
2908 5242 3293 5315 praeoccupati,
3331 5248 3441 5295 trc-

1872 5345 2131 5417 pidabant
2161 5340 2356 5395 timore
2380 5339 2472 5395 ubi
2504 5353 2612 5393 non
2645 5346 2764 5391 erat
2803 5337 2987 5399 timor,
3026 5345 3209 5404 potum
3245 5332 3440 5386 salutis

1875 5431 2175 5505 aspernati,
2197 5428 2503 5485 nescientes
2525 5428 2579 5483 in
2605 5425 3243 5497 generationejustorum
3269 5420 3443 5477 Deum
