3766 5986
360 241 464 319 ξω

1582 250 1640 306 S.
1682 249 2008 308 GREGORII
2044 250 2340 308 NYSSENI

3496 252 3605 310 568

354 376 495 420 esse.
531 363 624 432 qui
657 363 750 418 dat
793 380 858 422 ex
912 364 1046 421 Sion
1079 366 1319 423 salutare
1354 367 1557 435 Israel;
1601 370 1806 441 quique
1835 385 1922 427 ca-

2109 372 2211 437 τοῦ,
2243 372 2354 427 ἀπὸ
2381 371 2475 427 τοῦ
2503 372 2753 445 πονηρῶς
2776 372 2865 428 δίἀ
2900 374 2997 445 τῆς
3027 372 3297 446 ἁμαρτίας
3327 373 3479 444 ἡμᾶς
3506 375 3604 426 αξ·-

354 454 660 521 ptivitatem
702 456 878 526 plebis
909 472 1040 522 suae,
1071 458 1139 514 ab
1171 474 1236 514 eo
1264 459 1357 529 qui
1388 474 1488 514 nos
1517 474 1612 530 per
1641 469 1923 530 peceatum

361 544 611 615 improbe
641 546 696 600 in
727 549 1043 604 servitutem
1082 549 1336 619 coniecit,
1373 565 1567 606 rursus
1592 552 1658 605 ad
1683 551 1924 622 seipsum

358 637 653 704 convertit,
679 638 898 708 quando
942 654 1105 695 verus
1128 639 1369 696 Israelita
1405 649 1460 697 et
1497 641 1799 711 spiritualis
1833 640 1927 697 Ja-

357 727 462 782 cob
493 728 676 783 laetitia
707 739 759 783 et
796 730 1165 785 exsultatione
1210 732 1469 801 repletur.
1515 733 1724 787 Sensus
1761 732 1926 803 igitur

359 818 584 885 psalmi,
639 829 903 890 quantum
954 822 1170 893 quidem
1220 823 1548 893 investigare
1598 826 1780 894 potui,
1832 839 1927 894 per

360 908 477 977 ipsa
517 910 710 979 psalmi
743 912 928 977 verba,
960 913 1006 968 is
1037 922 1145 979 est,
1185 929 1345 983 quem
1384 914 1519 977 dixi,
1551 930 1787 985 cumque
1822 916 1929 971 hoc

360 1014 527 1081 sensu
562 1003 819 1057 convenit
852 1004 1141 1071 inscriptio
1169 1004 1384 1075 psalmi.
1416 1003 1549 1059 Nam
1588 1007 1781 1077 psalmi
1807 1021 1930 1062 ora-

362 1090 565 1145 tionem
627 1108 750 1148 esse
804 1093 1096 1162 epinicium
1163 1102 1396 1150 testatur
1452 1097 1769 1167 inscriptio,
1834 1112 1930 1167 per

362 1178 589 1232 chorum
633 1182 686 1233 in
742 1180 1018 1235 intellectu
1077 1184 1464 1253 compositum.
1548 1203 1565 1236 ‹
1599 1184 1656 1239 ln
1706 1186 1864 1241 ﬁnem
1903 1205 1922 1238 ι

362 1272 527 1336 enim,
560 1271 755 1341 inquit.
792 1292 811 1324 ι
842 1288 938 1343 pro
965 1272 1215 1341 Maeleth,
1245 1294 1264 1326 ι
1300 1274 1445 1345 quod
1482 1296 1499 1326 ι
1532 1292 1625 1347 per
1647 1277 1871 1332 chorum
1907 1297 1925 1330 ι

2025 462 2497 532 χμαλωτλίσαντος,
2529 464 2690 519 πάλιν
2719 464 2856 536 πρὸς
2893 465 3084 519 ἑαυτὸν
3112 465 3478 536 ἐπιστρέφων,
3510 466 3601 517 ὅτε

2024 552 2231 621 γίνεται
2275 555 2332 607 ἐν
2376 553 2680 625 εὐφροσύνῃ
2723 555 2817 609 καὶ
2864 555 3229 625 ἀγαλλιάματι
3271 558 3300 609 ὁ
3347 554 3604 626 ἀληθινὸς

2025 644 2399 716 Ἰσραηλίτης,
2452 646 2547 699 καὶ
2581 646 2949 716 πνευματικὸς
2987 646 3202 702 Ἰακώϐ.
3259 646 3324 700 Ἦ
3374 648 3474 716 μὲν
3506 641 3604 700 οὖν

2024 733 2229 788 διάνοια
2252 737 2350 806 τῆς
2373 735 2712 807 ψαλμῳδίας,
2745 736 2928 801 καθὼς
2954 736 3160 802 ἔξεστιν
3192 737 3370 810 εὑρεῖν
3391 735 3481 790 διὰ
3510 737 3606 790 τὸν

2025 825 2283 894 προϊόντα
2311 826 2418 879 τῶν
2449 825 2646 890 λέξεων
2670 827 2770 896 τῆς
2789 825 3127 898 ψαλμῳδίας,
3158 826 3407 896 τοιαύτη.
3452 827 3519 880 Ἠ
3546 826 3606 880 δὲ

2026 917 2304 988 ἐπιγραφὴ
2355 916 2449 970 τοῦ
2475 917 2689 989 ψαλμοῦ
2720 919 3006 990 συμϐαίνει
3036 920 3171 991 πρὸς
3209 920 3309 989 τὴν
3337 918 3602 973 διάνοιαν,

2039 1009 2331 1063 Ἐπινίκιον
2356 1009 2465 1081 γὰρ
2486 1005 2623 1064 εἶναι
2645 1012 2736 1065 τὸν
2762 1012 2918 1081 λόγον
2944 1015 3044 1083 τῆς
3066 1012 3405 1082 ψαλμῳδίας,
3422 1014 3457 1083 ἡ
3482 1014 3606 1066 επι-

2027 1096 2213 1169 γραφὴ
2261 1098 2533 1170 σημαίνει,
2565 1099 2653 1153 διὰ
2693 1100 2911 1171 χορείας
2941 1100 2998 1153 ὲν
3038 1099 3251 1153 συνέσει
3276 1100 3603 1170 γινόμενον

2027 1212 2046 1248 ι
2077 1197 2171 1259 Ei;
2198 1193 2258 1248 τὸ
2279 1193 2432 1256 τέλος
2461 1212 2481 1246 ι
2508 1191 2640 1264 γὰρ,
2667 1193 2852 1264 φησὶν,
2880 1210 2900 1245 ι
2940 1192 3083 1264 ὑπὲρ
3107 1190 3347 1259 Μαελὲθ,
3374 1209 3396 1244 ι
3419 1192 3449 1244 ὃ
3476 1209 3497 1245 ι
3524 1191 3619 1248 διὰ

2028 1279 2251 1354 χορείας
2281 1299 2300 1331 ι
2336 1278 2720 1352 ἑρμηνεύεται.
2749 1279 2859 1333 Καὶ
2880 1280 3002 1335 ἀντὶ
3028 1277 3123 1334 τοῦ
3147 1299 3166 1331 ι
3197 1280 3278 1343 είς
3299 1277 3362 1333 τὸ
3385 1277 3569 1345 τέλος,
3590 1297 3614 1334 ο

363 1363 713 1434 interpretari
753 1365 896 1420 licet.
931 1364 1037 1421 Pro
1079 1366 1171 1420 illo
1209 1383 1228 1418 ι
1263 1366 1317 1421 in
1351 1367 1534 1432 ﬁnem,
1571 1387 1590 1420 ι
1640 1368 1729 1422 alii
1764 1369 1931 1424 inter-

2116 1388 2200 1442 ροι
2237 1369 2353 1424 τῶν
2382 1368 2667 1442 ἑρμηνέων
2701 1388 2720 1423 ι
2751 1369 3019 1427 ἐπινίκιον
3057 1389 3077 1423 ι
3112 1367 3496 1424 ἐκδεδὼκασιν.

362 1463 547 1526 prezcs
583 1455 936 1511 reddiderunt
968 1475 982 1511 :
1014 1474 1032 1508 ι
1069 1456 1384 1527 epinicium,
1417 1476 1436 1511 ι
1473 1457 1575 1514 1ιοο
1619 1466 1723 1524 est,
1760 1477 1778 1510 ι
1812 1474 1933 1514 car-

360 1561 487 1601 men
517 1547 777 1601 victoriae.
809 1566 829 1599 ι

433 1637 647 1695 Rursus
703 1639 956 1694 instituto
1012 1630 1204 1697 ordine
1246 1656 1443 1699 cursus
1495 1643 1760 1700 orationis
1808 1660 1934 1717 pro-

2104 1645 2273 1699 Πάλιν
2301 1643 2389 1698 διὰ
2416 1643 2523 1698 τῶν
2572 1641 2878 1697 ἀκολούθων
2913 1640 3117 1712 προῖὼν
3142 1642 3171 1695 ό
3194 1640 3371 1709 λόγος,
3409 1640 3611 1694 καταλ-

361 1744 622 1798 gressus,
667 1738 1033 1787 consentance
1090 1733 1510 1803 cogitationibus
1568 1751 1779 1801 eorum,
1810 1715 1931 1808 vqui

2109 1738 2205 1801 λως
2230 1739 2341 1802 τοῖς
2367 1735 2453 1789 διά
2475 1734 2575 1806 τῆς
2602 1733 2884 1805 προκοπῆς
2910 1730 3292 1804 εὑρισκόμενος
3342 1729 3617 1801 νοήμασιν

359 1819 673 1889 proﬁciunt,
705 1823 1082 1879 accommodat
1106 1822 1346 1879 historia:
1367 1827 1655 1896 aenigmata
1684 1838 1738 1882 et
1774 1828 1929 1882 invo-

360 1912 534 1979 lucra,
571 1914 788 1983 quando
843 1916 980 1970 nihil
1026 1916 1294 1973 adversus
1343 1932 1445 1972 nos
1489 1916 1635 1988 Doeg
1679 1919 1770 1973 ille
1807 1919 1933 1973 ldu-

359 2023 530 2063 maeus
586 2009 826 2074 molitur,
865 2008 920 2063 in
983 2012 1165 2079 seipso
1214 2010 1522 2081 ambiguam
1561 2011 1732 2075 illam,
1780 2020 1835 2066 et
1875 2011 1929 2065 in

360 2098 560 2167 duplici
588 2098 826 2152 conﬁnio
848 2099 1080 2169 positam
1104 2101 1375 2155 mulorum
1402 2110 1650 2156 naturam
1676 2116 1928 2172 pascens.

364 2187 575 2241 Dictum
627 2198 700 2242 est
761 2197 941 2243 autem
991 2198 1044 2245 et
1093 2205 1282 2260 supra,
1342 2199 1627 2262 peccatum
1676 2207 1772 2262 per
1826 2192 1931 2247 hoc

360 2281 564 2334 animal
600 2281 893 2350 signiﬁcari
928 2303 941 2338 :
975 2283 1432 2352 quemadmodum
1469 2285 1615 2339 enim
1648 2292 1929 2355 peccatum

364 2369 576 2427 fructus
606 2380 689 2428 est
717 2373 846 2443 ligni
883 2373 1030 2429 illius
1058 2375 1113 2428 in
1143 2384 1438 2445 utrumque
1462 2376 1679 2446 penduli
1704 2385 1757 2431 et
1789 2376 1933 2431 anci-

361 2460 490 2528 pitis
515 2500 529 2523 ,
575 2462 720 2532 quod
763 2464 965 2517 bonum
1007 2470 1064 2518 et
1102 2456 1657 2534 malnm‘appellatur
1688 2466 1931 2522 :bonum

361 2550 619 2617 quidem,
678 2551 823 2620 quod
872 2558 1017 2622 tegat
1079 2558 1363 2619 peccatum
1411 2552 1706 2622 voluptatis
1765 2569 1927 2620 esca,

360 2656 524 2710 quam
567 2641 814 2711 corporis
844 2641 1003 2695 amici
1036 2641 1158 2697 loco
1192 2641 1316 2696 boni
1343 2644 1687 2713 corripiunt;
1726 2645 1929 2699 malum

362 2749 513 2799 vero,
558 2734 684 2802 quia
715 2734 769 2788 in
814 2748 1060 2789 amarum
1104 2743 1260 2790 exeat
1290 2735 1473 2800 ﬁnem,
1507 2734 1652 2805 quod
1693 2751 1842 2790 nunc
1873 2742 1931 2790 ut

361 2826 563 2879 bonum
615 2832 670 2880 et
725 2827 1015 2896 pulchrum
1065 2834 1218 2883 tanto
1272 2828 1455 2882 studio
1503 2826 1815 2897 quaeritur:
1852 2825 1929 2882 sic

361 2916 522 2970 etiam
555 2916 740 2972 videre
779 2918 905 2972 licet
927 2919 1216 2989 utriusque
1252 2926 1483 2983 natura).
1523 2918 1649 2988 equi
1676 2916 1931 2974 videlicet

361 3016 417 3063 et
458 3008 620 3073 asini,
660 3009 907 3079 symbola
951 3017 1006 3064 et
1045 3018 1206 3064 notas
1253 3010 1309 3064 in
1355 3025 1442 3077 eo,
1485 3009 1552 3065 de
1581 3025 1691 3080 quo
1739 3009 1933 3081 loquor

364 3098 609 3163 animali,
660 3107 721 3152 ut
762 3099 988 3168 perinde
1039 3099 1183 3155 idem
1231 3100 1413 3156 mulus
1456 3100 1529 3155 sit
1568 3109 1623 3156 et
1663 3116 1838 3172 equus
1883 3110 1937 3157 et

365 3188 581 3251 asinus,
612 3205 720 3245 non
762 3191 982 3261 quidem
1015 3191 1232 3246 divisim
1276 3199 1587 3262 utrumque,
1616 3192 1710 3248 sed
1754 3191 1937 3255 simul,

365 3282 423 3335 in
458 3296 625 3335 unam
672 3281 879 3352 duplici
923 3282 1245 3339 animalium
1278 3291 1473 3339 natura
1515 3283 1583 3339 ad
1617 3283 1743 3339 novi
1774 3283 1939 3353 hujus

366 3373 618 3430 animalis
686 3376 1134 3431 constitutionem
1206 3374 1492 3431 commista
1561 3383 1616 3432 et
1686 3375 1936 3432 confusa.

367 3463 598 3530 Quando
627 3465 794 3535 igitur
833 3466 1136 3537 alienigena
1180 3465 1290 3533 ille,
1337 3465 1403 3521 de
1435 3481 1546 3536 quo
1581 3466 1816 3537 agimus,
1856 3473 1942 3536 ty-

365 3571 542 3611 ranno
615 3566 858 3614 nostram
933 3559 1076 3629 apud
1145 3558 1482 3615 sacerdotem
1555 3559 1941 3614 commoratio-

363 3666 489 3705 nem
534 3658 588 3705 et
621 3652 1093 3707 conversationem
1139 3651 1366 3715 indicat,
1400 3651 1600 3706 deinde
1647 3666 1749 3707 nos
1791 3667 1938 3716 eum,

364 3740 461 3810 qui
493 3740 548 3793 in
580 3740 787 3794 malitia
816 3740 1103 3811 gloriatur,
1136 3750 1190 3797 et
1233 3743 1289 3796 in
1318 3742 1610 3813 iniquitate
1639 3741 1940 3811 potentiam

364 3840 420 3887 ct
447 3832 591 3887 vires
620 3848 751 3887 suas
780 3833 1036 3898 collocat,
1071 3833 1257 3887 divina
1284 3849 1387 3904 ope
1411 3833 1856 3904 superaverimus
1887 3838 1942 3888 et

367 3939 433 3980 ex
491 3925 866 3979 dominatione
914 3924 1410 3989 deturbaverimus,
1471 3923 1829 3993 funditusque
1873 3937 1942 3978 ex

370 4023 514 4070 terra
546 4015 845 4069 viventium
896 4016 1281 4080 evulserimus,
1328 4015 1455 4070 facti
1498 4014 1662 4080 oliva,
1695 4013 1943 4067 multitu-

368 4107 495 4162 dine
526 4106 802 4161 l'ruetuum
830 4107 949 4161 laeta
983 4117 1032 4161 et
1061 4116 1279 4171 onusta,
1307 4116 1360 4161 et
1390 4121 1486 4176 per
1507 4120 1658 4175 spem
1687 4105 1743 4159 in
1773 4103 1940 4159 Deum

364 4200 736 4263 corroborati,
783 4207 914 4253 tunc
948 4197 1353 4254 celebrabimus
1394 4197 1451 4250 in
1485 4195 1702 4251 choreis
1746 4194 1940 4251 adver-

365 4310 464 4350 sus
511 4295 785 4357 devictum
825 4308 854 4348 a
890 4293 1051 4349 nobis
1097 4292 1308 4348 hostem
1355 4290 1614 4363 epinicia,
1654 4300 1784 4345 tunc
1830 4305 1939 4345 me-

2034 1827 2334 1900 έφαρμόζει
2360 1826 2429 1881 τά
2453 1826 2551 1898 τῆς
2579 1823 2817 1896 ἱστορίας
2842 1822 3159 1893 αἰνίγματα,
3180 1821 3308 1874 ὅταν
3327 1818 3613 1889 ἄπρακτος

2032 1921 2258 1993 γένηται
2282 1918 2402 1973 καθ’
2435 1918 2592 1990 ἡμῶν
2615 1919 2644 1971 ὁ
2672 1916 2831 1988 Δωὴκ
2856 1917 3063 1979 ἐκεῖνος
3089 1916 3118 1968 ὁ
3157 1915 3476 1985 Ἰδουμαῖος,
3511 1911 3615 1982 τὴν

2032 2010 2573 2083 ὲπαμφοτερίζουσαν
2602 2007 2711 2062 τῶν
2755 2002 2993 2079 ἡμιόνων
3036 2004 3197 2074 φύσιν
3227 2006 3284 2056 ὲν
3318 2003 3497 2071 ἑαυτῷ
3528 2019 3614 2054 νο-

2036 2102 2235 2173 μεύων.
2284 2101 2511 2173 Εἴρηται
2556 2098 2612 2152 δὲ
2652 2096 2808 2151 τοῦτο
2852 2095 2944 2151 καὶ
2988 2096 3048 2149 ὲν
3090 2095 3358 2166 φθάσασιν
3383 2134 3399 2159 ,
3446 2093 3532 2146 ὅτι
3577 2094 3612 2160 ἡ

2031 2190 2275 2263 ἁμαρτία
2304 2189 2394 2244 διὰ
2437 2188 2531 2242 τοῦ
2567 2187 2705 2253 ζώου
2737 2187 2926 2240 τούτου
2976 2185 3318 2256 σημαίνεται.
3381 2184 3471 2247 Ὧς
3502 2182 3615 2253 γὰρ

2032 2284 2171 2355 αὐτὴ
2207 2279 2734 2352 ἐπαμφοτερίζοντος
2763 2277 2975 2331 ἐκείνου
3017 2276 3111 2330 τοῦ
3139 2274 3293 2340 ξύλου
3322 2274 3441 2327 ἐστὶ
3471 2290 3613 2345 καρ-

2031 2375 2154 2441 πὸς,
2183 2372 2240 2426 ὃν
2273 2371 2438 2427 καλὸν
2473 2372 2567 2425 καὶ
2599 2368 2832 2440 πονηρὸν
2861 2367 3116 2440 ὀνομάζει
3151 2368 3180 2420 ὁ
3204 2366 3381 2435 λόγος,
3420 2365 3613 2429 καλὸν,

2030 2468 2125 2520 καὶ
2151 2464 2240 2519 διά
2270 2464 2331 2517 τὸ
2361 2460 2698 2532 κεκαλύφθαι
2731 2459 2831 2531 τὴν
2860 2457 3137 2529 ἁμαρτίαν
3173 2455 3250 2527 τῷ
3280 2456 3381 2525 τῆς
3415 2454 3618 2526 ἡδονῆς

2029 2558 2355 2629 δελεάσματι
2380 2596 2396 2621 ,
2435 2557 2503 2627 ἢν
2532 2555 2653 2608 ἀντὶ
2693 2551 2861 2607 καλοῦ
2911 2550 3345 2623 μετέρχονταιοὶ
3376 2548 3471 2602 τοῦ
3510 2547 3622 2601 σὼο

2036 2667 2206 2723 ματος
2236 2649 2408 2719 φίλον
2433 2645 2667 2717 πονηρὸν
2700 2644 2756 2697 δὲ
2787 2643 2971 2707 πάλιν,
3000 2643 3082 2696 ὅτι
3106 2644 3186 2707 εἰς
3224 2640 3417 2712 πικρὸν
3451 2657 3622 2697 κατα.

2029 2743 2186 2814 λήγει
2213 2741 2406 2811 πέρας,
2435 2737 2497 2790 τὸ
2517 2735 2612 2791 νῦν
2643 2736 2719 2800 ὡς
2745 2734 2908 2789 καλὸν
2940 2733 3405 2804 σπουδαζόμενον⁸
3437 2731 3621 2795 οὕτως

2031 2835 2177 2889 ἔστιν
2214 2829 2478 2900 ἑκατέρας
2510 2826 2746 2898 φύσεως,
2777 2824 2948 2878 ἵππου
2974 2840 3033 2876 τε
3066 2824 3161 2878 καὶ
3182 2822 3327 2888 ὄνου,
3368 2820 3439 2876 τὰ
3476 2822 3625 2891 σύμ-

2032 2922 2162 2978 ϐολα
2205 2922 2334 2994 περὶ
2367 2920 2428 2974 τὸ
2462 2917 2817 2989 ὑποκείμενον
2845 2914 2984 2980 ζῶον
3015 2913 3142 2968 ἰδεῖν
3162 2928 3176 2942 ’
3223 2914 3299 2977 ὡς
3341 2907 3479 2967 εῖναι
3515 2911 3621 2983 τήν

2036 3014 2255 3087 ἡμίονον
2291 3012 2353 3065 τὸ
2386 3011 2515 3066 αὐτὸ
2546 3011 2642 3064 καὶ
2675 3008 2844 3062 ἵππον
2897 3007 2991 3060 καὶ
3019 3006 3158 3071 ὄνον,
3186 3006 3248 3060 οὐ
3272 3003 3623 3075 διῃρημένοις

2041 3106 2318 3177 ἑκάτερον,
2360 3103 2475 3159 ἀλλ’
2502 3104 2567 3156 ὲν
2596 3102 2675 3156 ἑνὶ
2706 3100 2773 3155 τὰ
2805 3102 2920 3166 δύο,
2955 3100 3054 3171 τῆς
3092 3098 3289 3169 διπλῆς
3317 3097 3426 3151 τῶν
3460 3095 3623 3161 ζώων

2039 3197 2254 3267 φύσεως
2296 3194 2434 3266 πρὸς
2468 3192 2568 3265 τὴν
2614 3192 2708 3246 τοῦ
2759 3190 2899 3259 ζῴου
2947 3188 3289 3260 ἀπεργασίαν
3336 3203 3624 3258 κατακρα-

2039 3287 2247 3358 θείσης.
2291 3287 2462 3339 Ὅταν
2495 3284 2675 3337 τοίνυν
2731 3283 2972 3354 μηνυτὴς
3002 3282 3225 3353 γένηται
3259 3279 3337 3351 τῷ
3366 3281 3625 3351 τυράννῳ

2038 3378 2135 3449 τῆς
2173 3375 2325 3446 παρά
2385 3373 2467 3445 τῷ
2520 3375 2654 3445 ἱερεῖ
2703 3371 2984 3441 διαγωγῆς
3029 3371 3185 3442 ἡμῶν
3238 3370 3268 3422 ὁ
3320 3365 3625 3436 ἀλλόφυλος

2039 3470 2267 3534 ἐκεῖνος,
2297 3467 2355 3522 ὃν
2389 3466 2712 3537 ὲνοὴσαμεν.
2745 3459 2864 3516 εἶτα
2889 3464 3051 3532 ἡμεῖς
3084 3461 3173 3515 τὸν
3200 3461 3259 3514 ὲν
3287 3458 3453 3531 κακίᾳ
3479 3475 3626 3512 καυ-

2040 3561 2323 3631 χώμενον,
2369 3557 2465 3611 καὶ
2502 3558 2564 3610 έν
2608 3555 2809 3627 ἀνομίᾳ
2856 3553 3194 3624 κεκτημένον
3236 3551 3334 3621 τὴν
3360 3551 3621 3618 δύναμιν,

2039 3650 2128 3705 διὰ
2161 3649 2261 3723 τῆς
2308 3648 2456 3711 θείας
2500 3645 2814 3718 συμμαχίας
2857 3641 3175 3713 καθέλωμέν
3221 3657 3281 3694 τε
3327 3640 3427 3709 τῆς
3455 3638 3623 3723 δυνα-

2042 3739 2245 3803 στείας.
2276 3737 2371 3791 καὶ
2399 3734 2768 3808 προθέλυμνον
2801 3731 2962 3785 αὑτὸν
2991 3733 3056 3783 ὲκ
3082 3729 3181 3799 τῆς
3215 3726 3320 3797 γῆς
3344 3725 3454 3778 τῶν
3481 3722 3624 3788 ζών-

2040 3847 2151 3886 των
2184 3824 2670 3900 ἀναρριζὼσωμεν,
2703 3820 2860 3876 ἐλαία
2883 3819 3164 3890 γενόμενοι
3191 3816 3271 3887 τῷ
3292 3812 3483 3886 πλήθει
3507 3811 3623 3865 τῶν

2041 3924 2269 3999 καρπῶν
2298 3918 2640 3992 ἀγαλλομένη
2675 3917 2770 3971 καὶ
2817 3914 3095 3987 βρίθουσα,
3138 3910 3233 3965 καὶ
3275 3908 3363 3962 διὰ
3407 3907 3509 3976 τῆς
3540 3906 3626 3999 εἰς

2041 3995 2174 4074 Θεθν
2214 4014 2426 4078 ἐλπίδος
2477 4009 2883 4082 δυναμωθέντες
2940 4004 3290 4077 χορεύσωμεν
3336 3998 3479 4054 κατά
3524 3995 3623 4050 τοῦ

2041 4110 2369 4184 ἡττηθέντος
2404 4104 2473 4159 τὰ
2505 4102 2776 4157 ἐπινίκια·
2811 4099 2933 4154 τότε
2968 4096 3110 4151 κατὰ
3146 4094 3304 4164 λόγον
3332 4094 3444 4184 τοίς
3474 4089 3625 4184 Odm—-

2041 4179 2282 4273 λοτέροις
2347 4193 2747 4269 προσϐαίνομεν
2774 4232 2790 4258 ,
2843 4191 3012 4253 ὅντως
3070 4186 3213 4242 κατά
3266 4183 3365 4256 τὴν
3419 4183 3477 4234 ὲν
3542 4179 3625 4273 τῷ

2049 4272 2292 4366 Ἀσματι
2315 4288 2520 4359 φωνὴν,
2544 4305 2563 4339 ι
2590 4285 2693 4357 ὅρη
2707 4282 3075 4356 διαπηδῶντες
3100 4279 3195 4335 καὶ
3225 4277 3433 4349 βουνοῖς
3454 4272 3630 4344 ἐφαλ-

367 4389 478 4441 rito
505 4387 734 4458 gradum
767 4386 833 4442 ad
859 4387 1053 4441 altiora
1080 4384 1370 4449 faciemus,
1397 4398 1543 4451 vere,
1575 4389 1636 4437 ut
1668 4382 1723 4437 in
1750 4382 1938 4437 Canti-
1970 4389 2014 4445 D
2041 4384 2275 4456 λόμενοι.
2310 4402 2331 4434 ι

367 4480 448 4534 eis
480 4479 705 4542 dicitur,
747 4497 766 4530 ι
807 4479 1069 4535 salientes
1101 4478 1156 4535 in
1207 4476 1489 4535 montibus
1542 4483 1597 4533 et
1631 4475 1944 4532 transilien-

367 4578 449 4625 tcs
480 4572 649 4626 colles
668 4570 735 4625 ⁸⁸.
775 4588 793 4621 ›

435 4662 700 4729 Quisnam
736 4663 901 4732 igitur
931 4663 1033 4720 iste
1069 4680 1226 4720 mons
1259 4671 1363 4729 est,
1405 4663 1474 4719 ad
1505 4678 1668 4734 quem
1696 4677 1844 4718 nunc
1872 4676 1937 4717 ex

363 4757 567 4825 prioris
627 4757 852 4820 montis,
901 4758 1061 4826 quasi
1104 4756 1443 4820 notionibus,
1485 4756 1718 4812 resultat
1759 4755 1941 4810 denuo

367 4851 478 4905 alia
503 4850 757 4913 victoria,
790 4856 844 4905 et
873 4850 967 4903 alii
990 4848 1176 4919 hymni
1211 4864 1377 4918 super
1401 4848 1627 4902 victoria
1656 4862 1754 4917 per
1779 4846 1940 4902 intel-

364 4942 640 5014 ligentiam
674 4940 862 4995 Davidi
887 4939 1166 4994 confecti?
1199 4938 1432 5009 Qnijam
1467 4939 1667 4994 bellum
1699 4945 1937 5003 movent,

324 5049 475 5101 ,non
530 5040 660 5088 sunt
705 5030 941 5102 amplius
987 5030 1056 5084 de
1104 5045 1269 5101 grege
1311 5029 1605 5095 mulorum,
1647 5027 1743 5084 sed
1791 5027 1940 5081 natio

364 5121 754 5192 Ziphaeorum,
824 5120 918 5191 qui
970 5120 1254 5190 angustias
1300 5119 1505 5175 arentis
1553 5127 1608 5174 et
1665 5118 1941 5174 siticulosi

365 5214 632 5267 transitus
673 5212 948 5275 obsident,
980 5219 1034 5265 et
1076 5208 1300 5280 quando
1342 5216 1620 5281 nequeunt
1650 5209 1940 5279 prohibere

364 5309 616 5356 nostrum
646 5316 742 5372 per
773 5300 1057 5370 angustias
1096 5301 1219 5356 illas
1248 5301 1371 5365 iter,
1401 5300 1583 5357 tristes
1613 5302 1684 5355 ob
1709 5300 1941 5355 salutem

366 5400 639 5455 nostram,
678 5405 1080 5460 prosperosque
1118 5406 1413 5448 successus
1464 5389 1724 5447 evadunt.
1757 5387 1944 5458 lnqnit

368 5483 516 5537 enim
551 5499 564 5535 :
604 5499 623 5532 ι
655 5479 714 5534 In
746 5481 907 5537 ﬁnem
956 5482 1266 5544 intellectus
1293 5483 1350 5538 in
1389 5481 1729 5538 carminibus
1751 5476 1943 5542 David,

443 5662 488 5694 ’δ
534 5659 745 5715 Cantic.
794 5676 855 5747 ιι,
905 5666 960 5718 8.

2114 4659 2181 4714 Τί
2206 4652 2299 4713 οὖν
2336 4657 2451 4709 ἐστι
2503 4650 2662 4707 τοῦτο
2699 4649 2763 4703 τὸ
2792 4648 2919 4719 ὅρος
2949 4645 3033 4714 ἐφ’
3069 4635 3145 4698 ὧν
3174 4640 3268 4695 νῦν
3299 4638 3330 4691 ὁ
3364 4637 3527 4707 λόγος
3558 4636 3629 4690 ὲκ

2042 4749 2138 4805 τοῦ
2164 4746 2430 4820 προτέρου
2468 4743 2626 4816 ὅρους
2654 4738 2761 4795 τῶν
2803 4736 3091 4810 νοημάτων
3136 4730 3455 4804 μεθ<ὶλλεται
3486 4728 3631 4797 ἄλλη

2049 4841 2175 4912 νίκη
2214 4837 2405 4901 πάλιν,
2436 4835 2529 4889 καὶ
2564 4832 2712 4888 ἄλλοι
2760 4829 2855 4884 ἐπὶ
2902 4831 2970 4898 τῇ
3025 4827 3153 4897 νίκῃ
3185 4823 3343 4912 ὕμνοι
3366 4821 3456 4874 διὰ
3500 4838 3634 4912 συν-

2046 4910 2216 4994 έσεως
2251 4926 2329 4996 τῷ
2348 4925 2512 4979 Δαϐὶδ
2546 4919 3005 4994 κατορθούμενοι;
3035 4916 3086 4969 οἱ
3108 4915 3167 4968 δὲ
3190 4910 3465 4974 κινοῦντες
3498 4911 3635 4974 τοὺς

2047 5021 2264 5093 ἀγῶνάς
2301 5020 2439 5072 εἰσιν
2479 5014 2661 5070 οὐκέτι
2692 5011 2929 5085 ἡμιόνων
2963 5007 3133 5079 ἀγέλη
3153 5046 3169 5069 ,
3198 5003 3336 5060 ἀλλά
3367 5002 3633 5073 Ζηφαίων

2045 5115 2220 5179 ἔθνος.
2273 5112 2336 5164 Οί
2385 5109 2499 5172 τοῖς
2550 5105 2757 5167 στενοῖς
2795 5102 2896 5173 τῆς
2947 5097 3267 5171 αὐχμώδους
3320 5094 3635 5157 διαϐάσεως

2046 5203 2472 5277 προκαθήμενοι,
2509 5198 2637 5252 ὅταν
2664 5194 2904 5250 κωλῦσαι
2932 5190 3031 5263 τὴν
3070 5188 3159 5244 διὰ
3196 5187 3289 5241 τοῦ
3320 5184 3512 5239 στενοῦ

2046 5275 2198 5373 ρεῖαν
2218 5294 2379 5368 ἡμῶν
2401 5290 2827 5360 ἀδυνατήσωσιν,
2859 5284 2951 5338 τὸν
2980 5281 3072 5336 ἐπὶ
3094 5283 3159 5351 τῇ
3192 5277 3438 5373 σωτηρίᾳ
3464 5275 3634 5373 ἡμῶν

2043 5367 2408 5461 λυπούμενοψ
2440 5385 2563 5447 «Εἰς
2586 5380 2646 5434 τὸ
2676 5379 2828 5441 τέλος
2855 5394 2874 5427 ι
2917 5373 3057 5445 γὰρ,
3087 5371 3272 5443 φησιν,
3313 5386 3333 5420 ι
3357 5367 3635 5461 συνέσεως

2047 5484 2104 5536 ἐν
2130 5455 2317 5552 ὕμνοις
2341 5476 2420 5547 τῷ
2445 5472 2627 5528 Δαὸὶδ.
2661 5472 2719 5523 ἐν
2748 5467 2824 5539 τῷ
2850 5465 3024 5520 ἐλθεῖν
3048 5462 3174 5525 τοὺς
3189 5458 3463 5530 Ζηφαίους
3483 5495 3501 5523 ,
3531 5455 3634 5510 καὶ

3764 1428 3766 1535 l

3764 2018 3766 2176 Ι
