3756 5988
115 2516 126 2544 δ

306 211 416 270 569
1714 230 1780 286 l-N
1822 229 2161 288 PSALMOS.
3445 235 3548 292 570

301 334 476 387 εἰπεῖν
502 331 580 403 τῷ
605 333 941 399 Σαοὺλ,Ἰδοὺ
967 335 1134 392 Δαόιδ
1165 337 1470 410 κέκρυπται
1502 340 1632 411 παρ’
1664 342 1784 411 ἡμῖν

2064 353 2101 390 ιι
2129 334 2408 393 venissent
2437 335 2662 407 Ziphtei,
2709 347 2764 393 et
2797 337 3068 394 dixissent
3094 340 3162 394 ad
3196 341 3325 398 Saul
3364 361 3377 397 :
3407 343 3547 400 Ecce

297 423 527 488 Πάντως
555 426 613 480 δὲ
649 428 677 479 6
715 427 813 498 τὴν
861 428 1100 498 ἱστορίαν
1128 429 1227 482 οὑκ
1252 430 1489 498 ἀγνοῶν,
1521 427 1660 484 οἶδεν
1689 431 1871 486 στενὸν

294 515 394 568 καὶ
415 515 676 587 αὐχμώδη
704 517 866 570 τόπον
895 520 952 572 ἐν
984 519 1063 590 τῷ
1086 519 1239 591 μέρει
1266 521 1440 592 τούτῳ
1467 521 1871 592 μνημονευόμε-

295 621 408 658 νον.
439 607 538 659 Διά
564 607 622 660 δὲ
651 606 753 677 τῆς
782 609 1233 681 ἀπεστενωμένης
1264 611 1436 664 διόδου
1461 652 1476 677 ,
1509 610 1606 682 τὴν
1639 613 1870 680 εὐαγγε-

293 694 456 766 λικὴν
489 697 586 767 τῆς
643 697 918 767 βασιλείας
944 699 1061 752 ὁδὸν
1113 703 1447 772 ἐνοήσαμεν,
1502 701 1569 772 ἦν
1603 700 1868 754 κωλύουσι

297 787 399 857 μὲν
419 790 468 841 οί
499 791 745 860 Ζηφαῖοι,
772 790 916 844 τοῦτ’
943 790 1109 856 ἔστιν,
1140 792 1200 846 τὸ
1228 793 1522 862 ἀλλόφυλον
1547 793 1655 846 τῶν
1683 792 1868 862 δαιμό-

292 895 402 932 νων
431 879 611 945 ἔθνος,
652 882 698 934 οἱ
724 881 992 953 ὑπηρέται
1015 883 1114 953 τῆς
1144 883 1522 956 ἀντικειμένης
1550 883 1829 955 δυνάμεως
1849 900 1862 914 ⁸

292 971 640 1041 εὑρίσκουσιν
668 972 724 1025 δέ
755 975 802 1026 οἰ
832 975 1003 1042 ὀλίγοι
1034 976 1082 1028 οί
1104 975 1200 1045 τὴν
1234 975 1490 1028 πλατεῖαν
1529 975 1867 1045 ἀποστρεφό-

295 1079 468 1132 μενοι.
505 1064 658 1133 Ἔχει
689 1064 744 1117 δέ
773 1067 806 1134 ή
855 1065 1001 1130 λέξις
1031 1065 1131 1137 τῆς
1179 1067 1416 1136 ἱστορίας
1454 1065 1628 1137 οὑτως
1650 1083 1665 1098 ο
1711 1084 1730 1117 ι
1752 1067 1864 1121 Οὐκ

294 1153 409 1207 ἰδοὺ
459 1155 624 1208 Δαϐὶδ
659 1156 966 1224 κέκρυπται
999 1157 1057 1210 ἐν
1085 1159 1314 1227 Μασερά
1350 1159 1479 1228 παρ’
1507 1158 1636 1227 ἡμῖν
1664 1158 1720 1210 ἐν
1751 1159 1864 1221 τοῖς

292 1246 500 1304 στενοῖς
529 1245 588 1296 ἐν
614 1243 691 1314 τῷ
719 1244 918 1314 βουνῷ;
948 1265 964 1298 ι
1015 1245 1229 1316 ἀληθῶς
1270 1245 1378 1316 γὰρ
1414 1247 1480 1316 τῇ
1509 1249 1666 1317 στενῇ
1691 1243 1859 1316 ταύτῃ

289 1336 340 1386 οί
373 1332 516 1399 κατὰ
567 1334 696 1387 Θεὸν
737 1335 936 1398 ζῶντες
970 1336 1488 1408 ἐναποκρὺπτονται.
1518 1336 1768 1390 Δείκνυσι
1805 1336 1861 1389 δὲ

289 1425 496 1494 ταύτην
545 1427 671 1495 ἡμῖν
697 1425 794 1497 τὴν
843 1426 958 1481 ὁδὸν
981 1429 1012 1497 ἡ
1047 1426 1220 1499 Καινὴ
1248 1427 1487 1499 Διαθήκη
1511 1468 1524 1492 ,
1552 1427 1618 1481 δι’
1649 1423 1718 1498 ἧς
1747 1429 1859 1483 ἔστι

290 1517 430 1586 πρὸς
450 1517 550 1587 τὴν
575 1517 883 1589 ἀκροτάτην
909 1517 1004 1571 τοῦ
1034 1518 1192 1588 ὅρους
1220 1519 1462 1590 κορυφὴν
1491 1519 1734 1573 ἀνελθεῖν
1757 1562 1770 1583 ,
1792 1521 1859 1590 ἢν

289 1607 480 1677 βουνὸν
509 1609 761 1677 ὀνομάζει
785 1611 812 1662 6
834 1609 990 1676 λόγος
1013 1609 1110 1679 τῆς
1149 1609 1406 1680 ἱστορίας.
1441 1609 1609 1664 Ὅταν
1637 1604 1730 1663 οὑν
1759 1609 1859 1681 τὴν

1977 425 2148 480 David
2187 427 2546 483 absconditus
2577 436 2659 482 est
2694 428 2836 496 apud
2886 443 2987 483 nos
3013 431 3080 483 ’⁵.
3113 449 3131 482 ι
3165 430 3400 486 Omnino
3448 449 3547 488 au-

1978 525 2084 572 tem
2128 519 2175 573 is
2204 520 2297 587 qui
2326 517 2570 572 historiae
2608 519 2835 588 ignarus
2870 533 2978 572 non
3026 527 3129 582 est,
3178 522 3345 588 probe
3376 523 3541 587 videt,

1975 625 2073 679 per
2126 617 2416 680 angustum
2471 617 2526 665 et
2574 618 2814 664 arentem
2869 611 3071 675 locum,
3133 611 3291 679 cujus
3345 613 3434 668 hic
3484 614 3542 668 lit

1973 701 2204 765 mentio,
2258 708 2312 756 et
2355 715 2452 770 per
2503 702 2795 756 transitum
2852 700 2987 756 adeo
3045 701 3111 756 ad
3146 704 3538 771 penetrandum

1973 790 2265 853 diliicilem,
2315 790 2680 858 evangelicum
2721 789 2867 843 illam
2899 791 3052 860 regni
3101 792 3340 846 caelestis
3375 791 3540 848 semi-

1973 887 2082 934 tam
2127 879 2532 948 intelligendam
2581 895 2736 944 esse,
2790 897 2896 950 qua
2928 898 3027 936 nos
3064 883 3281 951 quidem
3333 881 3538 951 Ziphaei

1972 972 2286 1043 prohibent,
2333 971 2438 1026 hoc
2493 979 2598 1035 est,
2647 973 2950 1043 alienigena
3002 974 3307 1028 daemonum
3362 976 3534 1039 natio,

1971 1063 2210 1119 ministri
2241 1063 2568 1118 adversariae
2594 1065 2897 1134 potestatis.
2937 1063 3225 1120 inveniunt
3253 1083 3380 1121 vero
3413 1083 3541 1123 eam.

1971 1155 2130 1224 pauci
2177 1155 2272 1218 illi,
2315 1157 2407 1224 qui
2449 1156 2612 1208 latam
2649 1156 2790 1210 viam
2833 1163 3171 1210 aversantur.
3218 1156 3309 1211 Sic
3353 1167 3533 1213 autem

1969 1243 2213 1298 historia:
2258 1259 2378 1300 sese
2431 1245 2581 1299 illius
2637 1247 2877 1300 narratio
2927 1247 2994 1300 ad
3043 1247 3266 1302 verbum
3314 1249 3528 1303 habet:

1973 1350 1991 1384 ι
2020 1331 2212 1388 Nonne
2231 1349 2359 1390 ecce
2382 1333 2549 1390 David
2575 1336 2930 1393 absconditus
2963 1345 3046 1393 est
3073 1339 3127 1393 in
3155 1338 3363 1394 Masera
3387 1341 3531 1409 apud

1968 1438 2068 1478 nos
2100 1426 2156 1477 in
2192 1425 2481 1493 angustiis,
2512 1426 2565 1479 in
2601 1427 2776 1482 colle?
2807 1447 2824 1480 ι
2861 1444 2987 1483 vere
3026 1430 3172 1484 enim
3214 1430 3267 1483 in
3299 1439 3531 1500 angusta

1967 1512 2069 1568 hac
2106 1515 2193 1569 via
2243 1515 2676 1582 absconduntur,
2726 1520 2818 1588 qui
2867 1521 3030 1574 vitam
3077 1519 3187 1575 Deo
3236 1531 3531 1576 consenta-

1964 1619 2123 1660 neam
2169 1605 2399 1662 ducunt.
2450 1607 2603 1663 lianc
2649 1611 2790 1663 viam
2835 1612 3074 1668 ostendit
3120 1613 3279 1668 nohis
3320 1612 3528 1667 Novum

288 1697 486 1768 στενὴν
505 1698 718 1768 ἐκείνην
749 1699 866 1752 ὁδὸν
896 1699 1301 1769 ἀνεμποδίστως
1339 1699 1716 1770 παρέλθωμεν,
1749 1702 1771 1753 2

2045 1703 2392 1764 stamentum,
2423 1700 2582 1770 cujus
2606 1701 2870 1756 beneficio
2891 1702 2958 1756 ad
2987 1719 3300 1774 supremum
3328 1704 3528 1759 montis

287 1793 440 1858 φαῖοι
475 1789 554 1860 τῷ
582 1789 827 1860 τυράννῳ
861 1789 960 1860 τὴν
992 1791 1263 1861 σωτηρίαν
1290 1789 1446 1860 ἡμῶν
1478 1789 1858 1862 καταμηνύου-

289 1899 395 1934 σιν.
441 1882 631 1951 Ἥμεῖς
677 1881 735 1935 δὲ
781 1880 858 1950 τῷ
892 1881 1113 1952 ὀνόματι
1147 1882 1241 1935 τοὺ
1275 1882 1572 1946 σεσωκότος
1593 1921 1610 1947 ,
1638 1882 1736 1950 τὴν
1764 1882 1854 1934 δυ-

288 1973 543 2026 ναστείαν
564 1973 665 2043 τῆς
690 1974 769 2036 είς
793 1971 854 2025 τὸ
893 1971 1053 2026 καλὸν
1081 1972 1313 2042 κρίσεως
1345 1973 1500 2044 ἡμῶν
1537 1973 1858 2040 ἀνατίθεμεν

287 2066 561 2134 λέγοντες
592 2083 609 2116 ι
632 2064 691 2119 Ὀ
717 2063 868 2129 Θεὸς,
890 2065 949 2118 ἐν
975 2063 1050 2134 τῷ
1083 2063 1305 2134 ὀνόματί
1327 2081 1420 2118 σου
1445 2063 1619 2119 σῶσόν
1642 2082 1730 2135 με,
1761 2065 1856 2118 καὶ

283 2157 345 2209 ἐν
369 2159 437 2226 τῇ
469 2154 695 2226 δυνάμει
723 2171 814 2207 σου
846 2157 1050 2227 κρινεῖς
1080 2172 1200 2226 με.»
1235 2154 1306 2208 Τὸ
1327 2154 1437 2228 γὰρ
1461 2154 1768 2228 γενόμενον,
1781 2156 1858 2222 ὡς

286 2247 755 2319 προσδοκώμενον,
784 2247 888 2300 ὑπὸ
914 2245 1008 2300 τοὺ
1033 2248 1191 2317 λόγου
1210 2249 1687 2319 διεσχημάτισται,
1717 2249 1855 2304 οὑτω

282 2339 383 2408 τῆς
412 2340 636 2411 Γραφῆς
657 2339 754 2408 τῆς
783 2339 922 2393 κατὰ
951 2339 1040 2393 τὸν
1067 2342 1256 2412 χρόνον
1277 2341 1561 2413 ἀκριϐείας
1586 2341 1857 2414 ὑπερορώ-

286 2447 407 2499 σης.
440 2430 550 2482 Καὶ
578 2429 686 2501 γὰρ
721 2430 781 2483 τὸ
808 2430 1062 2500 ἐσόμενον
1089 2433 1122 2503 ἡ
1154 2433 1460 2503 προφητεία
1494 2431 1752 2495 πολλάκις
1777 2432 1853 2496 ὼς

287 2521 618 2593 παρῳχηκὸς
649 2521 944 2593 διηγήσατο
969 2563 984 2586 ,
1015 2523 1108 2576 καὶ
1138 2524 1198 2576 τὸ
1237 2525 1486 2592 γεγονὸς,
1515 2524 1591 2588 ώς
1628 2524 1854 2596 προσδο-

284 2615 654 2686 κώμενον.Ὦς
686 2615 780 2668 καὶ
809 2618 866 2669 ἐν
896 2615 1066 2687 ταύτῃ
1092 2620 1159 2686 τῇ
1179 2616 1462 2688 ψαλμῳδίᾳ
1496 2617 1639 2671 κατά
1664 2617 1722 2670 τὸ
1750 2615 1853 2669 πέ-

284 2725 386 2780 ρας
423 2707 574 2763 ἰδεῖν.
615 2708 689 2760 Οὑ
715 2706 825 2778 γὰρ
864 2703 1049 2772 εἶπεν,
1093 2709 1174 2762 ὅτι
1217 2727 1235 2759 ι
1259 2709 1317 2761 ἐν
1353 2711 1465 2772 τοῖς
1495 2709 1706 2780 ἐχθροῖς
1748 2726 1851 2780 μου

283 2799 548 2867 ἐπόψεται
570 2815 583 2828 ο
611 2816 629 2848 ι
659 2797 773 2852 ἀλλ’
810 2817 829 2850 ι
855 2799 1063 2852 ἐπεῖδεν
1091 2801 1119 2852 6
1143 2799 1418 2870 ὀφθαλμός
1448 2817 1568 2870 μου,
1595 2818 1614 2852 ι
1659 2800 1728 2854 δι’
1775 2794 1850 2857 ὧν

281 2888 457 2942 ταῦτα
486 2888 859 2959 μανθάνομεν,
888 2890 970 2944 ὅτι
995 2889 1073 2960 τῷ
1109 2890 1227 2960 Θεῷ
1267 2888 1391 2942 οὑτε
1421 2907 1472 2944 τι
1502 2889 1846 2962 παρῴχηκεν;

280 2981 397 3034 ἀλλ’
433 2982 492 3033 ἐν
517 2980 594 3050 τῷ
631 2981 881 3034 ἐνεστῶτι
908 2981 977 3035 τά
1010 2981 1188 3036 πάντα
1219 2981 1382 3036 ἐστίν.
1420 2982 1582 3035 Ὥστε
1624 2981 1727 3035 κᾶν
1753 2981 1847 3035 τοῦ

281 3043 674 3141 παρῳχηκότος
697 3113 711 3132 ,
742 3070 835 3123 καὶ
867 3070 958 3123 τοὺ
987 3071 1267 3141 μέλλοντος
1299 3071 1426 3142 περὶ
1457 3071 1553 3142 τῆς
1583 3071 1731 3134 θείας
1755 3071 1848 3124 δυ-
1874 3043 1917 3101 c

279 3161 499 3230 νάμεως
527 3160 760 3230 ἕμφασίν
785 3178 903 3213 τινα
924 3159 1024 3232 ἔχῃ
1043 3159 1111 3214 τὰ
1136 3162 1355 3232 ῥήματα
1375 3203 1389 3223 ,
1429 3159 1524 3213 τοῦ
1557 3159 1849 3222 ἐνεστῶτος

277 3253 380 3305 οὐκ
409 3251 632 3319 ἐξῆλθεν
680 3252 713 3322 ἡ
746 3250 943 3305 ἔννοια.
969 3250 1131 3318 Λέγει
1153 3251 1328 3305 τοίνυν
1354 3251 1488 3322 πρὸς
1531 3249 1621 3305 τὸν
1658 3251 1789 3304 Θεὸν
1821 3253 1850 3304 6

277 3347 380 3413 τῆς
416 3342 734 3412 αὐχμώδους
765 3359 825 3394 τε
857 3342 952 3396 καὶ
985 3342 1174 3412 στενῆς
1202 3341 1427 3406 ἐπιϐὰς,
1459 3343 1551 3397 καὶ
1585 3342 1850 3412 φυγαδεύ-

280 3453 381 3498 σας
423 3436 484 3488 τὸ
516 3435 622 3488 τῶν
663 3435 914 3506 Ζηφαίων
954 3434 1338 3506 συγκρότημα,
1371 3437 1454 3488 ὅτι
1506 3434 1596 3489 Ἐν
1646 3435 1726 3506 τῷ
1771 3435 1849 3506 σῷ

276 3526 505 3596 ὀνόματι
528 3525 747 3593 γέγονεν
773 3527 901 3596 ἡμῖν
930 3527 963 3597 ἡ
987 3525 1250 3597 σωτηρία,
1281 3526 1375 3578 καὶ
1393 3525 1450 3578 ἐν
1471 3529 1535 3596 τῇ
1564 3527 1849 3597 δυναστείᾳ

280 3635 375 3671 σου
435 3619 470 3689 ἡ
502 3619 558 3670 ἐν
576 3615 655 3687 τῷ
685 3615 835 3686 καλῷ
861 3616 1037 3688 κρίσις
1067 3617 1164 3686 τὴν
1193 3617 1344 3685 ίσχὺν
1371 3615 1502 3686 ἔχει,
1531 3617 1623 3670 καὶ
1651 3619 1729 3680 εἰς
1761 3617 1848 3670 ἀεὶ

276 3710 458 3764 ταῦτα
478 3711 785 3780 γενήσεται.
813 3709 920 3761 Καὶ
951 3706 1340 3780 προσκαλεῖται
1366 3705 1506 3777 ὑπὲρ
1527 3705 1728 3760 τούτων
1748 3706 1846 3778 τὴν

280 3801 429 3854 θείαν
459 3800 626 3868 ἀκοὴν
640 3799 774 3870 πρὸς
787 3798 882 3870 τὴν
899 3799 997 3868 τῆς
1015 3797 1356 3868 εὐχαριστίας
1377 3798 1654 3868 ἀκρόασιν,
1673 3799 1846 3867 λέγων

280 3895 386 3947 τῶν
412 3892 708 3964 ἀλλοτρίων
753 3891 852 3962 τὴν
888 3891 1250 3944 ἐπανάστασιν
1272 3931 1286 3955 ,
1312 3891 1405 3944 καὶ
1436 3890 1544 3943 τῶν
1587 3891 1645 3943 ἐν
1679 3891 1846 3962 κακίᾳ

281 3984 561 4055 κραταιῶν
637 3983 736 4055 τὴν
788 3985 889 4054 τῆς
940 3983 1117 4054 ψυχῆς
1162 3981 1324 4035 αὑτοῦ
1369 3981 1629 4052 ζήτησιν,
1671 3974 1745 4035 ὦν
1783 3983 1843 4035 οὐ

283 4075 606 4144 προηγεῖται
634 4072 795 4136 Θεὸς,
831 4073 945 4126 ἀλλ’
971 4073 999 4123 6
1030 4075 1094 4124 ἐκ
1132 4071 1224 4124 τοῦ
1266 4069 1507 4124 ἐναντίου
1536 4068 1842 4140 νοοὺμενος.

284 4165 384 4216 Διά
413 4162 572 4215 τοῦτο
623 4159 732 4230 γάρ
764 4171 962 4227 φησιν’
1003 4156 1232 4211 Ἐκεῖνοι
1275 4157 1375 4229 μὲν
1412 4179 1430 4211 ι
1469 4159 1528 4212 οὐ
1556 4159 1844 4230 προέθεντο

280 4255 372 4307 τὸν
395 4254 526 4306 Θεὸν
556 4250 781 4304 ἐνώπιον
810 4248 987 4303 αὐτῶν
1006 4264 1020 4280 ³
1042 4267 1061 4300 ι
1094 4250 1216 4319 ἐμοὶ
1240 4249 1296 4302 δὲ
1335 4251 1363 4303 6
1402 4250 1532 4314 Θεὸς
1557 4249 1770 4321 βοηθεῖ,
1815 4253 1843 4305 6

281 4343 706 4414 ἐπαναστρέφων
741 4340 811 4394 τὰ
860 4338 1008 4394 κακά
1046 4341 1159 4403 τοῖς
1203 4340 1302 4412 τῆς
1351 4341 1545 4405 κακίας
1573 4343 1839 4414 εὑρεταῖς,
1872 4367 1918 4426 D

281 4446 300 4478 ι
329 4429 423 4482 καὶ
450 4430 537 4486 διὰ
566 4429 931 4502 ήςάληθείας
945 4431 1283 4503 ἐξαφανίζων
1307 4451 1326 4485 ι
1347 4431 1513 4496 ἆπαν,
1532 4432 1655 4486 ὅσον
1694 4433 1842 4487 ἐστὶν

271 4522 373 4590 τῆς
411 4521 666 4592 ἀληθείας
695 4521 906 4592 ἐχθρὸν,
931 4522 1026 4576 καὶ
1053 4522 1366 4591 ἀλλόφυλον.
1392 4522 1531 4592 Ἐγὼ
1552 4523 1628 4587 δὲ,
1657 4524 1840 4593 φησὶν,

272 4607 322 4681 ᾧ
344 4612 556 4683 ἐσώθην
581 4613 804 4683 ὀνόματι
828 4652 843 4676 ,
868 4613 1040 4685 τούτῳ
1065 4615 1444 4686 εὐχαριστὴσω
1471 4654 1486 4681 ,
1519 4617 1600 4669 ὅτι
1641 4615 1843 4684 ἀγαθὸν

273 4706 306 4773 ἡ
335 4703 672 4774 εὐχαριστία.
701 4705 816 4773 Ἐφ’
837 4700 918 4768 οἷς
949 4704 1052 4769 ἔξω
1084 4723 1143 4758 τε
1163 4705 1272 4757 τῶν
1297 4705 1527 4774 θλίψεων
1554 4705 1839 4776 ἐγενόμην,

271 4796 364 4850 καὶ
397 4796 488 4847 τὸν
509 4794 817 4864 ἀφανισμὸν
867 4795 975 4848 τῶν
995 4795 1203 4866 ἐχθρῶν
1241 4797 1351 4858 τοῖς
1381 4795 1674 4866 ὀφθαλμοῖς
1707 4813 1840 4849 κατα

270 4885 492 4954 ενόησα.
533 4886 655 4938 Ἐπὶ
697 4884 852 4938 τοῦτο
877 4884 985 4955 γὰρ
1012 4888 1041 4938 6
1086 4885 1418 4954 προφητικὸς
1449 4885 1720 4956 ὀφθαλμὸς
1752 4886 1844 4938 εὑ·

270 4975 592 5044 φραίνεται,
629 4974 752 5026 ὅταν
809 4974 1004 5043 μηκέτι
1055 4973 1217 5044 μηδὲν
1263 4976 1326 5027 ἐκ
1363 4973 1454 5026 τοῦ
1485 4975 1726 5028 ἐναντίου
1777 4976 1842 5045 τῇ

267 5067 438 5134 ἀρετῇ
466 5066 750 5134 θεωρεῖται
773 5081 785 5094 ·
810 5065 910 5134 τῆς
931 5064 1041 5134 γὰρ
1079 5064 1274 5127 κακίας
1301 5065 1692 5135 ἐξαιρεθείσης,
1725 5067 1846 5136 ἥτις

268 5154 406 5222 1:96;
451 5154 549 5223 τὴν
583 5155 781 5224 ἀρετὴν
813 5157 892 5218 εἰς
940 5154 1135 5225 ἐχθροῦ
1180 5155 1332 5220 τάξιν
1378 5155 1841 5221 ἀντικαθίσταται,

264 5244 450 5297 οὐκέτι
481 5244 543 5296 τὸ
596 5243 700 5296 τῶν
742 5244 951 5315 ἐχθρῶν
985 5245 1436 5316 ὑπολειφθήσεται
1483 5245 1651 5315 ὄνομα
1673 5263 1686 5276 ο
1722 5247 1837 5311 πῶς

265 5337 376 5407 γάρ
395 5352 480 5398 τις
507 5335 697 5406 ἐχθρὸς
721 5335 797 5389 ἐτι
815 5335 1161 5407 κληθήσεται,
1180 5337 1373 5408 μηκέτι
1397 5337 1496 5408 τῆς
1516 5337 1713 5410 ἔχθρας
1733 5337 1836 5403 ζώ-

336 5639 385 5674 ἰ
411 5637 561 5694 Psal.
593 5654 710 5712 ιιιι,
737 5642 801 5709 l;
851 5642 870 5697 l
903 5641 1034 5714 Reg.
1067 5659 1221 5713 χχιιι,
1250 5647 1324 5705 l9.

1962 1787 2222 1842 verticem
2261 1789 2548 1858 pervenire
2611 1806 2941 1860 possumus,
2984 1808 3145 1862 quem
3199 1793 3391 1847 collem
3441 1794 3527 1846 hi-

1960 1877 2144 1932 storia:
2187 1885 2474 1934 contextus
2526 1881 2794 1935 nominat.
2834 1883 3064 1947 Quando
3113 1883 3277 1954 igitur
3321 1884 3527 1952 ahSque

1957 1963 2347 2034 impedimento
2404 1977 2690 2038 angustam
2751 1971 2896 2025 illam
2946 1973 3089 2026 viam
3145 1973 3528 2042 pertransicri-

1957 2073 2102 2122 mus,
2139 2057 2340 2129 Ziphaei
2382 2061 2611 2115 salutem
2641 2069 2887 2117 nostram
2921 2069 2975 2117 et
3006 2063 3423 2134 prosperitatem
3458 2065 3523 2118 ad

1957 2156 2248 2221 tyrannum
2294 2149 2584 2218 deferunt;
2619 2167 2719 2208 nos
2765 2165 2942 2208 autem
2989 2154 3196 2208 nomini
3243 2153 3384 2224 ejus,
3429 2159 3521 2224 qui

1955 2255 2058 2294 nos
2088 2240 2336 2309 salvavit,
2375 2249 2696 2312 potestatem
2744 2251 2891 2299 recte
2941 2243 3008 2299 de
3054 2246 3210 2300 nobis
3237 2245 3519 2315 judicaudi

1955 2329 2273 2397 deferimus,
2321 2332 2606 2389 dicentes:
2645 2352 2664 2386 ι
2707 2334 2867 2398 Deus,
2923 2335 2978 2390 in
3028 2337 3249 2390 nomine
3289 2345 3381 2390 tuo
3411 2337 3521 2391 salo

1955 2437 2082 2476 vum
2131 2438 2218 2478 me
2258 2423 2366 2490 fac,
2417 2433 2472 2480 et
2521 2426 2575 2480 in
2623 2428 2824 2482 virtute
2868 2438 2957 2482 tua
2980 2429 3188 2498 judica.
3229 2449 3248 2482 ι
3302 2429 3434 2483 Nam
3466 2431 3519 2484 id

1954 2514 2099 2584 quod
2137 2514 2336 2569 factum
2381 2517 2493 2586 jam
2533 2527 2672 2584 erat,
2729 2521 2978 2576 oratione
3027 2524 3099 2576 ita
3147 2532 3517 2592 repraesentat,

1951 2607 2106 2676 quasi
2161 2607 2338 2662 adhuc
2381 2609 2624 2664 futurum
2672 2622 2836 2668 esset.
2867 2613 2958 2667 Sic
3001 2614 3146 2669 enim
3186 2616 3324 2670 solet
3372 2615 3519 2670 Scri-

1952 2705 2116 2766 ptura
2165 2710 2476 2756 accuratam
2522 2711 2784 2774 temporis
2829 2707 3095 2761 rationem
3146 2708 3304 2777 quasi
3355 2710 3523 2778 negli-

1952 2800 2099 2856 gere.
2143 2785 2278 2842 Nam
2321 2790 2502 2844 divina
2547 2795 2770 2848 oracula
2824 2794 2876 2849 id
2916 2797 3061 2865 quod
3116 2795 3361 2851 futurum
3408 2804 3516 2858 est,

1951 2891 2095 2948 smpe
2123 2888 2175 2934 ut
2209 2882 2547 2950 praeteritum
2576 2883 2842 2948 referunt,
2875 2893 2928 2940 et
2963 2886 3015 2940 id
3061 2886 3206 2956 quod
3232 2887 3342 2955 jam
3377 2901 3516 2956 pra:-

1954 2971 2122 3035 teriit,
2153 2979 2212 3026 ut
2244 2971 2486 3028 futurum
2521 2993 2535 3029 :
2563 2976 3016 3044 quemadmodum
3047 2983 3103 3031 et
3135 2977 3188 3030 in
3222 2976 3325 3031 line
3353 2976 3516 3044 hujus

1951 3063 2146 3133 psalmi
2178 3063 2361 3120 videre
2406 3065 2571 3120 licet:
2604 3081 2712 3120 non
2741 3066 2885 3122 enim
2930 3066 3106 3121 dixit:
3145 3085 3163 3118 ι
3196 3065 3370 3136 Super
3410 3067 3516 3119 ini-

1949 3155 2124 3211 micos
2167 3171 2320 3211 meos
2368 3155 2666 3227 despiciet;
2698 3175 2716 3208 ι
2777 3157 2893 3220 sed,
2953 3175 2972 3208 ι
3017 3156 3269 3227 Despexit
3323 3157 3514 3212 oculus

1950 3262 2125 3302 meus.
2163 3266 2181 3300 ι
2227 3248 2434 3314 Quibus
2482 3250 2762 3311 docemur,
2812 3248 2920 3306 Deo
2959 3250 3094 3304 nihil
3139 3249 3378 3304 futurum
3421 3257 3515 3302 aut

1949 3341 2280 3409 praeteritum
2306 3356 2450 3404 esse,
2487 3343 2592 3407 sed,
2610 3342 2791 3396 omnia
2832 3343 3119 3412 praesentia
3157 3340 3366 3396 adesse.
3405 3340 3513 3394 lta-

1948 3449 2055 3503 que
2091 3429 2207 3486 sive
2247 3429 2528 3500 praateriti,
2567 3430 2682 3486 sive
2721 3430 2888 3485 futuri
2922 3431 3030 3484 vim
3069 3438 3123 3486 et
3157 3430 3513 3500 signiﬁcatio-

1949 3539 2074 3579 nem
2124 3523 2364 3578 habeant
2412 3522 2576 3576 verba
2620 3521 2688 3577 de
2733 3521 2918 3576 divina
2969 3529 3236 3591 potestate
3275 3523 3508 3590 prolata.

1949 3615 2162 3670 animus
2193 3624 2374 3669 tamen
2416 3611 2562 3666 haud
2595 3611 2872 3681 egreditur
2899 3620 3051 3666 extra
3093 3611 3374 3680 prtesentis
3407 3620 3515 3664 ter-

1946 3705 2144 3760 minos.
2189 3705 2279 3757 Ait
2309 3704 2470 3779 igitur
2509 3703 2575 3757 ad
2619 3701 2785 3755 Deum
2837 3701 2948 3763 ille,
3001 3702 3092 3770 qui
3127 3715 3222 3769 per
3266 3709 3507 3754 arentem

1945 3803 2000 3851 et
2040 3805 2325 3866 angustam
2367 3794 2614 3849 semitam
2669 3792 2862 3860 evasit,
2899 3791 3351 3862 Ziphaaorumque
3388 3803 3508 3845 tur-

1944 3885 2068 3942 bam
2107 3894 2162 3941 et
2193 3885 2482 3941 coitionem
2535 3884 2744 3956 iugavit
2785 3901 2798 3937 :
2845 3883 2902 3938 In
2948 3883 3167 3938 nomine
3213 3893 3304 3936 tuo
3358 3883 3508 3938 salus

1943 3977 2106 4033 nobis
2133 3977 2305 4041 venit,
2337 3985 2392 4031 et
2427 3977 2481 4030 in
2522 3977 2722 4031 virtute
2761 3985 2851 4031 tua
2879 3975 3146 4046 judicium
3181 3975 3248 4031 de
3282 3976 3424 4030 bono
3453 3983 3508 4029 et

1944 4077 2094 4123 recto
2122 4068 2290 4123 robur
2327 4067 2508 4133 habet,
2547 4067 2600 4122 id
2630 4067 2775 4138 quod
2807 4083 3018 4137 semper
3053 4067 3262 4122 eveniet
3291 4084 3304 4120 :
3334 4073 3382 4120 el
3412 4081 3509 4134 per

1945 4159 2048 4212 hoc
2083 4159 2310 4213 advocat
2338 4157 2429 4214 Dei
2460 4159 2606 4212 velut
2632 4174 2815 4222 aures,
2845 4167 2903 4211 ut
2934 4160 3228 4229 gratiarum
3264 4159 3506 4212 actiones

1943 4249 2185 4313 audiant,
2211 4265 2538 4316 enumerans
2559 4250 2833 4320 quomodo
2856 4250 3015 4304 alieni
3045 4249 3308 4304 adversus
3327 4250 3503 4317 ipsum

1945 4339 2365 4402 insurrexerint,
2413 4347 2466 4393 et
2517 4339 2792 4408 quomodo
2848 4338 3018 4392 fortes
3069 4345 3122 4392 et
3162 4345 3409 4408 potentes
3451 4338 3507 4392 in

1944 4431 2151 4485 malitia
2176 4430 2412 4484 animam
2446 4430 2565 4500 ejus
2596 4430 2965 4501 quaesiverint,
2996 4430 3194 4500 quibus
3229 4428 3370 4484 Deus
3400 4445 3507 4484 non

1943 4523 2096 4590 praeit
2142 4521 2277 4586 dux,
2328 4522 2426 4576 sed
2476 4522 2522 4576 is
2573 4522 2664 4591 qui
2703 4520 2813 4576 Deo
2851 4523 3162 4577 contrarius
3208 4531 3310 4577 est.
3342 4520 3424 4576 0b
3455 4519 3508 4576 id

1945 4611 2077 4665 dicit
2111 4629 2124 4666 :
2157 4610 2238 4666 Illi
2276 4629 2294 4662 ι
2326 4626 2434 4666 non
2478 4620 2881 4681 proposuerunt
2923 4611 3092 4667 Deum
3124 4620 3250 4668 ante
3277 4628 3510 4682 conspe-

1943 4712 2092 4758 ctum
2133 4719 2318 4769 suum,
2348 4723 2367 4756 ι
2404 4720 2490 4758 me
2529 4719 2656 4759 vero
2707 4703 2850 4759 Deus
2897 4705 3138 4774 adjuvat,
3185 4711 3508 4759 convertens

1944 4795 2085 4848 mala
2129 4793 2195 4848 ad
2230 4795 2380 4864 ipsos
2424 4795 2648 4850 malitia:
2687 4803 2942 4850 auctores
2977 4803 3093 4858 :et,
3129 4814 3147 4846 ι
3182 4795 3240 4848 ln
3281 4795 3508 4849 veritate

1943 4899 2040 4939 sua
2069 4885 2344 4955 disperdet
2376 4905 2394 4937 ι
2427 4901 2588 4942 omne
2636 4886 2768 4940 illud
2797 4886 2940 4956 quod
2970 4886 3182 4940 veritati
3224 4885 3506 4938 inimicum

1941 4984 2026 5032 est
2061 4985 2116 5031 et
2157 4986 2499 5033 extraneum.
2563 4975 2672 5046 Ego
2719 4983 2900 5030 autem
2945 4974 3173 5038 nomini,
3203 4973 3398 5042 inquit,
3452 4974 3506 5028 in

1941 5083 2050 5137 quo
2080 5069 2323 5124 salvatus
2347 5085 2490 5136 sum,
2513 5071 2719 5140 gratias
2746 5083 2924 5139 agam,
2949 5067 3206 5137 quoniam
3245 5067 3386 5121 bona
3421 5075 3507 5121 cst

1942 5160 2240 5229 gratiarum
2293 5163 2458 5226 actio,
2522 5162 2648 5230 quia
2705 5174 2978 5216 aerumnas
3024 5167 3078 5214 et
3127 5159 3508 5215 tribulatione:

1943 5251 2113 5315 evasi,
2147 5252 2435 5320 oculisque
2477 5252 2612 5305 meis
2639 5251 2982 5305 inimicorum
3025 5265 3267 5304 meorum
3304 5251 3510 5319 diSper-

1941 5339 2203 5396 ditionem
2238 5339 2369 5395 vidi.
2399 5338 2521 5394 Ideo
2543 5339 2687 5394 enim
2714 5337 2997 5410 Propheta;
3031 5339 3226 5395 oculus
3248 5339 3504 5404 exsultat,
3591 5377 3602 5410 η
