  <div class='ocr_page' id='page_1' title='image "/cluster/home/n/w/nwhite01/storage/ocr_20150623/44/mdp.39015011915454/294.png"; bbox 0 0 3766 5986; ppageno 0'>
   <div class='ocr_carea' id='block_1_1' title="bbox 308 143 419 199">
    <p class='ocr_par' dir='ltr' id='par_1_1' title="bbox 308 143 419 199">
     <span class='ocr_line' id='line_1_1' title="bbox 308 143 419 199; baseline -0.018 -1"><span class='ocrx_word' id='word_1_1' title='bbox 308 143 419 199; x_wconf 72' lang='grc'><strong>575</strong></span> 
     </span>
    </p>
   </div>
   <div class='ocr_carea' id='block_1_2' title="bbox 1724 143 2164 203">
    <p class='ocr_par' dir='ltr' id='par_1_2' title="bbox 1724 143 2164 203">
     <span class='ocr_line' id='line_1_2' title="bbox 1724 143 2164 203; baseline 0.011 -5"><span class='ocrx_word' id='word_1_2' title='bbox 1724 143 1788 199; x_wconf 69' lang='grc' dir='ltr'><strong>ΙΝ</strong></span> <span class='ocrx_word' id='word_1_3' title='bbox 1829 144 2164 203; x_wconf 78' lang='lat' dir='ltr'><strong>PSALMOS.</strong></span> 
     </span>
    </p>
   </div>
   <div class='ocr_carea' id='block_1_3' title="bbox 3458 137 3564 193">
    <p class='ocr_par' dir='ltr' id='par_1_3' title="bbox 3458 137 3564 193">
     <span class='ocr_line' id='line_1_3' title="bbox 3458 137 3564 193; baseline -0.075 1"><span class='ocrx_word' id='word_1_4' title='bbox 3458 137 3564 193; x_wconf 62' lang='grc'><strong>574</strong></span> 
     </span>
    </p>
   </div>
   <div class='ocr_carea' id='block_1_4' title="bbox 306 254 1880 334">
    <p class='ocr_par' dir='ltr' id='par_1_4' title="bbox 306 258 1880 334">
     <span class='ocr_line' id='line_1_4' title="bbox 306 258 1880 334; baseline -0.001 -16"><span class='ocrx_word' id='word_1_5' title='bbox 306 278 498 334; x_wconf 80' lang='grc' dir='ltr'>τορας,</span> <span class='ocrx_word' id='word_1_6' title='bbox 535 259 761 332; x_wconf 79' lang='grc' dir='ltr'><strong>ἀνομίαν</strong></span> <span class='ocrx_word' id='word_1_7' title='bbox 804 260 977 330; x_wconf 84' lang='grc' dir='ltr'>λέγων</span> <span class='ocrx_word' id='word_1_8' title='bbox 1014 260 1107 314; x_wconf 77' lang='grc' dir='ltr'><strong>καὶ</strong></span> <span class='ocrx_word' id='word_1_9' title='bbox 1150 258 1455 329; x_wconf 78' lang='grc' dir='ltr'>ἀντιλογίαν</span> <span class='ocrx_word' id='word_1_10' title='bbox 1498 261 1556 314; x_wconf 85' lang='grc' dir='ltr'>ἐν</span> <span class='ocrx_word' id='word_1_11' title='bbox 1598 263 1664 332; x_wconf 79' lang='grc' dir='ltr'><strong>τῇ</strong></span> <span class='ocrx_word' id='word_1_12' title='bbox 1733 260 1880 317; x_wconf 86' lang='grc' dir='ltr'>πόλει</span> 
     </span>
    </p>
   </div>
   <div class='ocr_carea' id='block_1_5' title="bbox 2048 254 3562 334">
    <p class='ocr_par' dir='ltr' id='par_1_5' title="bbox 2048 254 3562 331">
     <span class='ocr_line' id='line_1_5' title="bbox 2048 254 3562 331; baseline -0.005 -15"><span class='ocrx_word' id='word_1_13' title='bbox 2048 262 2396 325; x_wconf 90' lang='lat' dir='ltr'><strong>adictionem,</strong></span> <span class='ocrx_word' id='word_1_14' title='bbox 2431 274 2554 331; x_wconf 76' lang='lat' dir='ltr'><strong>qua:</strong></span> <span class='ocrx_word' id='word_1_15' title='bbox 2586 265 2753 314; x_wconf 87' lang='lat' dir='ltr'><strong>noctu</strong></span> <span class='ocrx_word' id='word_1_16' title='bbox 2778 257 3018 313; x_wconf 90' lang='lat' dir='ltr'><strong>civitatis</strong></span> <span class='ocrx_word' id='word_1_17' title='bbox 3070 271 3257 312; x_wconf 89' lang='lat' dir='ltr'><strong>muros</strong></span> <span class='ocrx_word' id='word_1_18' title='bbox 3316 254 3562 310; x_wconf 75' lang='lat' dir='ltr'><strong>circum-</strong></span> 
     </span>
    </p>
   </div>
   <div class='ocr_carea' id='block_1_6' title="bbox 305 349 1889 421">
    <p class='ocr_par' dir='ltr' id='par_1_6' title="bbox 305 349 1889 421">
     <span class='ocr_line' id='line_1_6' title="bbox 305 349 1889 421; baseline -0.001 -16"><span class='ocrx_word' id='word_1_19' title='bbox 305 351 398 406; x_wconf 81' lang='grc' dir='ltr'>διὰ</span> <span class='ocrx_word' id='word_1_20' title='bbox 435 350 626 414; x_wconf 72' lang='grc' dir='ltr'>νυκτὸς</span> <span class='ocrx_word' id='word_1_21' title='bbox 680 349 1082 420; x_wconf 84' lang='grc' dir='ltr'><strong>περιπολούσας</strong></span> <span class='ocrx_word' id='word_1_22' title='bbox 1124 350 1186 403; x_wconf 79' lang='grc' dir='ltr'><strong>τὸ</strong></span> <span class='ocrx_word' id='word_1_23' title='bbox 1216 352 1413 421; x_wconf 86' lang='grc' dir='ltr'>τεῖχος,</span> <span class='ocrx_word' id='word_1_24' title='bbox 1447 350 1542 405; x_wconf 69' lang='grc' dir='ltr'>καὶ</span> <span class='ocrx_word' id='word_1_25' title='bbox 1582 350 1741 404; x_wconf 90' lang='grc' dir='ltr'>πάλιν</span> <span class='ocrx_word' id='word_1_26' title='bbox 1768 352 1889 404; x_wconf 89' lang='grc' dir='ltr'>ἀνο-</span> 
     </span>
    </p>
   </div>
   <div class='ocr_carea' id='block_1_7' title="bbox 309 434 1887 516">
    <p class='ocr_par' dir='ltr' id='par_1_7' title="bbox 309 434 1887 516">
     <span class='ocr_line' id='line_1_7' title="bbox 309 434 1887 516; baseline -0.001 -19"><span class='ocrx_word' id='word_1_27' title='bbox 309 444 465 516; x_wconf 85' lang='grc' dir='ltr'>μίαν,</span> <span class='ocrx_word' id='word_1_28' title='bbox 498 443 593 496; x_wconf 81' lang='grc' dir='ltr'><strong>καὶ</strong></span> <span class='ocrx_word' id='word_1_29' title='bbox 621 442 808 505; x_wconf 83' lang='grc' dir='ltr'><strong>κόπον,</strong></span> <span class='ocrx_word' id='word_1_30' title='bbox 846 443 941 495; x_wconf 75' lang='grc' dir='ltr'><strong>καὶ</strong></span> <span class='ocrx_word' id='word_1_31' title='bbox 985 434 1198 495; x_wconf 87' lang='grc' dir='ltr'>ἀδικίαν</span> <span class='ocrx_word' id='word_1_32' title='bbox 1233 442 1674 513; x_wconf 84' lang='grc' dir='ltr'>ἀνατρεφομένας</span> <span class='ocrx_word' id='word_1_33' title='bbox 1714 442 1772 494; x_wconf 87' lang='grc' dir='ltr'><strong>ἐν</strong></span> <span class='ocrx_word' id='word_1_34' title='bbox 1808 441 1887 514; x_wconf 80' lang='grc' dir='ltr'>τῷ</span> 
     </span>
    </p>
   </div>
   <div class='ocr_carea' id='block_1_8' title="bbox 308 532 1884 606">
    <p class='ocr_par' dir='ltr' id='par_1_8' title="bbox 308 532 1884 606">
     <span class='ocr_line' id='line_1_8' title="bbox 308 532 1884 606; baseline -0.001 -17"><span class='ocrx_word' id='word_1_35' title='bbox 308 534 464 606; x_wconf 84' lang='grc' dir='ltr'>μέσῳ</span> <span class='ocrx_word' id='word_1_36' title='bbox 489 533 583 587; x_wconf 78' lang='grc' dir='ltr'><strong>τοῦ</strong></span> <span class='ocrx_word' id='word_1_37' title='bbox 615 533 819 596; x_wconf 75' lang='grc' dir='ltr'>ἄστεος.</span> <span class='ocrx_word' id='word_1_38' title='bbox 860 532 1106 586; x_wconf 83' lang='grc' dir='ltr'>Δείκνυσι</span> <span class='ocrx_word' id='word_1_39' title='bbox 1144 533 1201 586; x_wconf 85' lang='grc' dir='ltr'>δὲ</span> <span class='ocrx_word' id='word_1_40' title='bbox 1239 533 1333 587; x_wconf 76' lang='grc' dir='ltr'>καὶ</span> <span class='ocrx_word' id='word_1_41' title='bbox 1364 532 1456 587; x_wconf 82' lang='grc' dir='ltr'>τὸν</span> <span class='ocrx_word' id='word_1_42' title='bbox 1488 532 1656 587; x_wconf 79' lang='grc' dir='ltr'>κακὸν</span> <span class='ocrx_word' id='word_1_43' title='bbox 1694 533 1884 604; x_wconf 84' lang='grc' dir='ltr'>δῆμον,</span> 
     </span>
    </p>
   </div>
   <div class='ocr_carea' id='block_1_9' title="bbox 304 618 1886 692">
    <p class='ocr_par' dir='ltr' id='par_1_9' title="bbox 304 618 1886 692">
     <span class='ocr_line' id='line_1_9' title="bbox 304 618 1886 692; baseline 0.003 -18"><span class='ocrx_word' id='word_1_44' title='bbox 304 620 400 675; x_wconf 66' lang='grc' dir='ltr'>τὸν</span> <span class='ocrx_word' id='word_1_45' title='bbox 426 621 525 684; x_wconf 84' lang='grc' dir='ltr'><strong>τάς</strong></span> <span class='ocrx_word' id='word_1_46' title='bbox 549 620 808 683; x_wconf 79' lang='grc' dir='ltr'><strong>πλατείας</strong></span> <span class='ocrx_word' id='word_1_47' title='bbox 841 618 1015 689; x_wconf 80' lang='grc' dir='ltr'>αὐτῆς</span> <span class='ocrx_word' id='word_1_48' title='bbox 1050 619 1359 691; x_wconf 77' lang='grc' dir='ltr'>πληροῦντα</span> <span class='ocrx_word' id='word_1_49' title='bbox 1380 638 1395 652; x_wconf 89' lang='grc'><strong>·</strong></span> <span class='ocrx_word' id='word_1_50' title='bbox 1422 622 1704 692; x_wconf 80' lang='grc' dir='ltr'><strong>ὀνομάζων</strong></span> <span class='ocrx_word' id='word_1_51' title='bbox 1730 623 1886 678; x_wconf 86' lang='grc' dir='ltr'>τόκον</span> 
     </span>
    </p>
   </div>
   <div class='ocr_carea' id='block_1_10' title="bbox 305 710 1886 782">
    <p class='ocr_par' dir='ltr' id='par_1_10' title="bbox 305 710 1886 782">
     <span class='ocr_line' id='line_1_10' title="bbox 305 710 1886 782; baseline 0.001 -16"><span class='ocrx_word' id='word_1_52' title='bbox 305 711 404 766; x_wconf 78' lang='grc' dir='ltr'>καὶ</span> <span class='ocrx_word' id='word_1_53' title='bbox 449 711 635 765; x_wconf 87' lang='grc' dir='ltr'>δόλον⁶</span> <span class='ocrx_word' id='word_1_54' title='bbox 668 711 759 765; x_wconf 73' lang='grc' dir='ltr'>καὶ</span> <span class='ocrx_word' id='word_1_55' title='bbox 803 711 1008 765; x_wconf 85' lang='grc' dir='ltr'>τούτων</span> <span class='ocrx_word' id='word_1_56' title='bbox 1044 710 1153 764; x_wconf 87' lang='grc' dir='ltr'>τῶν</span> <span class='ocrx_word' id='word_1_57' title='bbox 1202 711 1508 782; x_wconf 81' lang='grc' dir='ltr'><strong>εἰρημένων</strong></span> <span class='ocrx_word' id='word_1_58' title='bbox 1559 712 1774 768; x_wconf 84' lang='grc' dir='ltr'>πάντων</span> <span class='ocrx_word' id='word_1_59' title='bbox 1826 714 1886 767; x_wconf 84' lang='grc' dir='ltr'>τὸ</span> 
     </span>
    </p>
   </div>
   <div class='ocr_carea' id='block_1_11' title="bbox 306 796 1885 875">
    <p class='ocr_par' dir='ltr' id='par_1_11' title="bbox 306 796 1885 875">
     <span class='ocr_line' id='line_1_11' title="bbox 306 796 1885 875; baseline 0.003 -22"><span class='ocrx_word' id='word_1_60' title='bbox 306 801 633 873; x_wconf 77' lang='grc' dir='ltr'>βαρύτατον,</span> <span class='ocrx_word' id='word_1_61' title='bbox 668 802 766 872; x_wconf 79' lang='grc' dir='ltr'>τὴν</span> <span class='ocrx_word' id='word_1_62' title='bbox 792 803 1078 873; x_wconf 79' lang='grc' dir='ltr'><strong>ὑπόκρισιν</strong></span> <span class='ocrx_word' id='word_1_63' title='bbox 1105 796 1246 856; x_wconf 81' lang='grc' dir='ltr'>εῖναι</span> <span class='ocrx_word' id='word_1_64' title='bbox 1281 802 1450 872; x_wconf 89' lang='grc' dir='ltr'>λέγει,</span> <span class='ocrx_word' id='word_1_65' title='bbox 1476 804 1511 874; x_wconf 79' lang='grc' dir='ltr'>ἢ</span> <span class='ocrx_word' id='word_1_66' title='bbox 1541 801 1603 857; x_wconf 76' lang='grc' dir='ltr'>τὸ</span> <span class='ocrx_word' id='word_1_67' title='bbox 1635 804 1885 875; x_wconf 76' lang='grc' dir='ltr'>ἰσόψυχόν</span> 
     </span>
    </p>
   </div>
   <div class='ocr_carea' id='block_1_12' title="bbox 303 888 1884 964">
    <p class='ocr_par' dir='ltr' id='par_1_12' title="bbox 303 888 1884 964">
     <span class='ocr_line' id='line_1_12' title="bbox 303 888 1884 964; baseline 0.002 -20"><span class='ocrx_word' id='word_1_68' title='bbox 303 909 369 944; x_wconf 88' lang='grc' dir='ltr'><strong>τε</strong></span> <span class='ocrx_word' id='word_1_69' title='bbox 406 892 498 944; x_wconf 75' lang='grc' dir='ltr'>καὶ</span> <span class='ocrx_word' id='word_1_70' title='bbox 528 890 865 963; x_wconf 76' lang='grc' dir='ltr'><strong>ἀγαπητικὸν</strong></span> <span class='ocrx_word' id='word_1_71' title='bbox 910 888 1245 963; x_wconf 85' lang='grc' dir='ltr'>ὑποδυομένῆ</span> <span class='ocrx_word' id='word_1_72' title='bbox 1289 894 1496 964; x_wconf 83' lang='grc' dir='ltr'>σχῆμα,</span> <span class='ocrx_word' id='word_1_73' title='bbox 1530 892 1760 964; x_wconf 80' lang='grc' dir='ltr'><strong>κρύπτει</strong></span> <span class='ocrx_word' id='word_1_74' title='bbox 1792 895 1884 948; x_wconf 78' lang='grc' dir='ltr'>τὸν</span> 
     </span>
    </p>
   </div>
   <div class='ocr_carea' id='block_1_13' title="bbox 303 982 1883 1056">
    <p class='ocr_par' dir='ltr' id='par_1_13' title="bbox 303 982 1883 1056">
     <span class='ocr_line' id='line_1_13' title="bbox 303 982 1883 1056; baseline 0.003 -20"><span class='ocrx_word' id='word_1_75' title='bbox 303 983 458 1037; x_wconf 84' lang='grc' dir='ltr'>δόλον</span> <span class='ocrx_word' id='word_1_76' title='bbox 498 983 574 1055; x_wconf 82' lang='grc' dir='ltr'>τῷ</span> <span class='ocrx_word' id='word_1_77' title='bbox 615 982 836 1055; x_wconf 77' lang='grc' dir='ltr'>χρηστῷ</span> <span class='ocrx_word' id='word_1_78' title='bbox 868 983 1313 1056; x_wconf 85' lang='grc' dir='ltr'>προκαλύμματι.</span> <span class='ocrx_word' id='word_1_79' title='bbox 1351 985 1450 1038; x_wconf 87' lang='grc' dir='ltr'>Διά</span> <span class='ocrx_word' id='word_1_80' title='bbox 1502 985 1660 1040; x_wconf 78' lang='grc' dir='ltr'>τοῦτο</span> <span class='ocrx_word' id='word_1_81' title='bbox 1703 986 1883 1053; x_wconf 80' lang='grc' dir='ltr'><strong>ἀξίους</strong></span> 
     </span>
    </p>
   </div>
   <div class='ocr_carea' id='block_1_14' title="bbox 303 1074 1884 1148">
    <p class='ocr_par' dir='ltr' id='par_1_14' title="bbox 303 1074 1884 1148">
     <span class='ocr_line' id='line_1_14' title="bbox 303 1074 1884 1148; baseline 0.002 -19"><span class='ocrx_word' id='word_1_82' title='bbox 303 1076 417 1129; x_wconf 74' lang='grc' dir='ltr'><strong>τῶν</strong></span> <span class='ocrx_word' id='word_1_83' title='bbox 444 1074 698 1129; x_wconf 84' lang='grc' dir='ltr'><strong>τοιούτων</strong></span> <span class='ocrx_word' id='word_1_84' title='bbox 727 1074 948 1129; x_wconf 79' lang='grc' dir='ltr'>ἐνοίκων</span> <span class='ocrx_word' id='word_1_85' title='bbox 981 1076 1010 1128; x_wconf 97' lang='lat'><strong>6</strong></span> <span class='ocrx_word' id='word_1_86' title='bbox 1039 1075 1246 1141; x_wconf 90' lang='grc' dir='ltr'>δίκαιος</span> <span class='ocrx_word' id='word_1_87' title='bbox 1272 1076 1464 1148; x_wconf 86' lang='grc' dir='ltr'>κριτὴς</span> <span class='ocrx_word' id='word_1_88' title='bbox 1486 1080 1611 1143; x_wconf 82' lang='grc' dir='ltr'>τοὺς</span> <span class='ocrx_word' id='word_1_89' title='bbox 1634 1078 1884 1143; x_wconf 86' lang='grc' dir='ltr'>ἐποίκους</span> 
     </span>
    </p>
   </div>
   <div class='ocr_carea' id='block_1_15' title="bbox 304 1163 1883 1240">
    <p class='ocr_par' dir='ltr' id='par_1_15' title="bbox 304 1163 1883 1240">
     <span class='ocr_line' id='line_1_15' title="bbox 304 1163 1883 1240; baseline 0.003 -21"><span class='ocrx_word' id='word_1_90' title='bbox 304 1166 608 1236; x_wconf 78' lang='grc' dir='ltr'>ἐκπέμπει.</span> <span class='ocrx_word' id='word_1_91' title='bbox 640 1165 826 1219; x_wconf 81' lang='grc' dir='ltr'>Βούλει</span> <span class='ocrx_word' id='word_1_92' title='bbox 859 1163 1048 1237; x_wconf 82' lang='grc' dir='ltr'>μαθεῖν</span> <span class='ocrx_word' id='word_1_93' title='bbox 1081 1166 1150 1220; x_wconf 84' lang='grc' dir='ltr'>τὰ</span> <span class='ocrx_word' id='word_1_94' title='bbox 1178 1167 1288 1222; x_wconf 86' lang='grc' dir='ltr'>τῶν</span> <span class='ocrx_word' id='word_1_95' title='bbox 1323 1168 1580 1223; x_wconf 83' lang='grc' dir='ltr'>ἐποικίων</span> <span class='ocrx_word' id='word_1_96' title='bbox 1611 1169 1883 1240; x_wconf 84' lang='grc' dir='ltr'>ὁνόματα;</span> 
     </span>
    </p>
   </div>
   <div class='ocr_carea' id='block_1_16' title="bbox 311 1256 1881 1327">
    <p class='ocr_par' dir='ltr' id='par_1_16' title="bbox 311 1256 1881 1327">
     <span class='ocr_line' id='line_1_16' title="bbox 311 1256 1881 1327; baseline 0.003 -18"><span class='ocrx_word' id='word_1_97' title='bbox 311 1275 334 1309; x_wconf 70' lang='grc' dir='ltr'>ι</span> <span class='ocrx_word' id='word_1_98' title='bbox 372 1256 629 1322; x_wconf 85' lang='grc' dir='ltr'>Ἐλθέτω,</span> <span class='ocrx_word' id='word_1_99' title='bbox 663 1275 681 1308; x_wconf 72' lang='grc' dir='ltr'>ι</span> <span class='ocrx_word' id='word_1_100' title='bbox 706 1258 891 1327; x_wconf 65' lang='grc' dir='ltr'>φησιν,</span> <span class='ocrx_word' id='word_1_101' title='bbox 928 1275 947 1307; x_wconf 72' lang='grc' dir='ltr'>ι</span> <span class='ocrx_word' id='word_1_102' title='bbox 984 1256 1210 1321; x_wconf 87' lang='grc' dir='ltr'>θάνατος</span> <span class='ocrx_word' id='word_1_103' title='bbox 1236 1259 1322 1311; x_wconf 84' lang='grc' dir='ltr'>ἐπ’</span> <span class='ocrx_word' id='word_1_104' title='bbox 1343 1260 1561 1325; x_wconf 78' lang='grc' dir='ltr'>αὐτοὺς,</span> <span class='ocrx_word' id='word_1_105' title='bbox 1583 1259 1676 1314; x_wconf 84' lang='grc' dir='ltr'>καὶ</span> <span class='ocrx_word' id='word_1_106' title='bbox 1711 1277 1881 1314; x_wconf 85' lang='grc' dir='ltr'>κατα-</span> 
     </span>
    </p>
   </div>
   <div class='ocr_carea' id='block_1_17' title="bbox 307 1345 1882 1421">
    <p class='ocr_par' dir='ltr' id='par_1_17' title="bbox 307 1345 1882 1421">
     <span class='ocr_line' id='line_1_17' title="bbox 307 1345 1882 1421; baseline 0.003 -21"><span class='ocrx_word' id='word_1_107' title='bbox 307 1347 561 1418; x_wconf 77' lang='grc' dir='ltr'>ϐήτωσαν</span> <span class='ocrx_word' id='word_1_108' title='bbox 581 1346 659 1411; x_wconf 85' lang='grc' dir='ltr'><strong>είς</strong></span> <span class='ocrx_word' id='word_1_109' title='bbox 688 1346 815 1418; x_wconf 73' lang='grc' dir='ltr'>ᾅδου</span> <span class='ocrx_word' id='word_1_110' title='bbox 846 1345 1063 1412; x_wconf 79' lang='grc' dir='ltr'><strong>ζῶντες.</strong></span> <span class='ocrx_word' id='word_1_111' title='bbox 1097 1367 1117 1401; x_wconf 74' lang='grc' dir='ltr'><strong>ι</strong></span> <span class='ocrx_word' id='word_1_112' title='bbox 1142 1350 1251 1403; x_wconf 70' lang='grc' dir='ltr'><strong>Καὶ</strong></span> <span class='ocrx_word' id='word_1_113' title='bbox 1270 1350 1447 1403; x_wconf 91' lang='grc' dir='ltr'>πάντα</span> <span class='ocrx_word' id='word_1_114' title='bbox 1472 1351 1597 1421; x_wconf 73' lang='grc' dir='ltr'>περὶ</span> <span class='ocrx_word' id='word_1_115' title='bbox 1618 1351 1795 1405; x_wconf 84' lang='grc' dir='ltr'>αὑτῶν</span> <span class='ocrx_word' id='word_1_116' title='bbox 1815 1351 1882 1405; x_wconf 78' lang='grc' dir='ltr'>τὰ</span> 
     </span>
    </p>
   </div>
   <div class='ocr_carea' id='block_1_18' title="bbox 306 1435 1879 1512">
    <p class='ocr_par' dir='ltr' id='par_1_18' title="bbox 306 1435 1879 1512">
     <span class='ocr_line' id='line_1_18' title="bbox 306 1435 1879 1512; baseline 0.004 -23"><span class='ocrx_word' id='word_1_117' title='bbox 306 1436 445 1490; x_wconf 84' lang='grc' dir='ltr'>σκυο</span> <span class='ocrx_word' id='word_1_118' title='bbox 452 1436 611 1506; x_wconf 86' lang='grc' dir='ltr'><strong>ρωπά</strong></span> <span class='ocrx_word' id='word_1_119' title='bbox 629 1435 715 1490; x_wconf 86' lang='grc' dir='ltr'><strong>διά</strong></span> <span class='ocrx_word' id='word_1_120' title='bbox 730 1435 822 1489; x_wconf 82' lang='grc' dir='ltr'><strong>τοῦ</strong></span> <span class='ocrx_word' id='word_1_121' title='bbox 855 1437 1013 1506; x_wconf 84' lang='grc' dir='ltr'>λόγου</span> <span class='ocrx_word' id='word_1_122' title='bbox 1040 1438 1387 1508; x_wconf 79' lang='grc' dir='ltr'>παραδείξας,</span> <span class='ocrx_word' id='word_1_123' title='bbox 1411 1441 1604 1510; x_wconf 79' lang='grc' dir='ltr'>ἐπάγει</span> <span class='ocrx_word' id='word_1_124' title='bbox 1629 1442 1727 1512; x_wconf 83' lang='grc' dir='ltr'><strong>τὴν</strong></span> <span class='ocrx_word' id='word_1_125' title='bbox 1747 1442 1879 1510; x_wconf 76' lang='grc' dir='ltr'>γλυ-</span> 
     </span>
    </p>
   </div>
   <div class='ocr_carea' id='block_1_19' title="bbox 303 1521 1881 1602">
    <p class='ocr_par' dir='ltr' id='par_1_19' title="bbox 303 1521 1881 1602">
     <span class='ocr_line' id='line_1_19' title="bbox 303 1521 1881 1602; baseline 0.003 -23"><span class='ocrx_word' id='word_1_126' title='bbox 303 1529 461 1580; x_wconf 85' lang='grc' dir='ltr'>κεῖαν</span> <span class='ocrx_word' id='word_1_127' title='bbox 477 1527 690 1596; x_wconf 88' lang='grc' dir='ltr'>ἐκείνην</span> <span class='ocrx_word' id='word_1_128' title='bbox 707 1526 909 1598; x_wconf 78' lang='grc' dir='ltr'>φωνὴν,</span> <span class='ocrx_word' id='word_1_129' title='bbox 936 1528 992 1581; x_wconf 92' lang='grc' dir='ltr'>ἐν</span> <span class='ocrx_word' id='word_1_130' title='bbox 1024 1521 1057 1601; x_wconf 85' lang='grc' dir='ltr'>ᾖ</span> <span class='ocrx_word' id='word_1_131' title='bbox 1074 1530 1167 1581; x_wconf 78' lang='grc' dir='ltr'><strong>καὶ</strong></span> <span class='ocrx_word' id='word_1_132' title='bbox 1187 1527 1434 1599; x_wconf 85' lang='grc' dir='ltr'><strong>νενίκηκε</strong></span> <span class='ocrx_word' id='word_1_133' title='bbox 1450 1530 1548 1600; x_wconf 81' lang='grc' dir='ltr'><strong>τὴν</strong></span> <span class='ocrx_word' id='word_1_134' title='bbox 1564 1529 1714 1584; x_wconf 83' lang='grc' dir='ltr'>πόλιν</span> <span class='ocrx_word' id='word_1_135' title='bbox 1731 1530 1881 1602; x_wconf 86' lang='grc' dir='ltr'><strong>αὑτῷ</strong></span> 
     </span>
    </p>
   </div>
   <div class='ocr_carea' id='block_1_20' title="bbox 1994 346 3561 425">
    <p class='ocr_par' dir='ltr' id='par_1_20' title="bbox 1994 346 3561 425">
     <span class='ocr_line' id='line_1_20' title="bbox 1994 346 3561 425; baseline -0.004 -18"><span class='ocrx_word' id='word_1_136' title='bbox 1994 360 2165 425; x_wconf 89' lang='lat' dir='ltr'><strong>eunt;</strong></span> <span class='ocrx_word' id='word_1_137' title='bbox 2206 366 2400 407; x_wconf 86' lang='lat' dir='ltr'><strong>rursus</strong></span> <span class='ocrx_word' id='word_1_138' title='bbox 2427 349 2795 420; x_wconf 76' lang='lat' dir='ltr'><strong>iniquitatem,</strong></span> <span class='ocrx_word' id='word_1_139' title='bbox 2838 354 2893 402; x_wconf 92' lang='lat' dir='ltr'><strong>et</strong></span> <span class='ocrx_word' id='word_1_140' title='bbox 2924 347 3188 411; x_wconf 88' lang='lat' dir='ltr'><strong>laborem,</strong></span> <span class='ocrx_word' id='word_1_141' title='bbox 3236 354 3292 403; x_wconf 89' lang='lat' dir='ltr'><strong>et</strong></span> <span class='ocrx_word' id='word_1_142' title='bbox 3344 346 3561 414; x_wconf 75' lang='lat' dir='ltr'><strong>injusti-</strong></span> 
     </span>
    </p>
   </div>
   <div class='ocr_carea' id='block_1_21' title="bbox 1993 437 3562 497">
    <p class='ocr_par' dir='ltr' id='par_1_21' title="bbox 1993 437 3562 497">
     <span class='ocr_line' id='line_1_21' title="bbox 1993 437 3562 497; baseline -0.005 0"><span class='ocrx_word' id='word_1_143' title='bbox 1993 444 2124 497; x_wconf 89' lang='lat' dir='ltr'><strong>tiam</strong></span> <span class='ocrx_word' id='word_1_144' title='bbox 2156 443 2450 497; x_wconf 85' lang='lat' dir='ltr'><strong>enutritam</strong></span> <span class='ocrx_word' id='word_1_145' title='bbox 2486 441 2540 494; x_wconf 92' lang='lat' dir='ltr'><strong>in</strong></span> <span class='ocrx_word' id='word_1_146' title='bbox 2569 439 2748 495; x_wconf 87' lang='lat' dir='ltr'><strong>medio</strong></span> <span class='ocrx_word' id='word_1_147' title='bbox 2777 437 3053 494; x_wconf 86' lang='lat' dir='ltr'><strong>civitatis:</strong></span> <span class='ocrx_word' id='word_1_148' title='bbox 3091 437 3330 492; x_wconf 85' lang='lat' dir='ltr'><strong>ostendit</strong></span> <span class='ocrx_word' id='word_1_149' title='bbox 3359 446 3413 491; x_wconf 88' lang='lat' dir='ltr'><strong>et</strong></span> <span class='ocrx_word' id='word_1_150' title='bbox 3458 437 3562 491; x_wconf 88' lang='lat' dir='ltr'><strong>im-</strong></span> 
     </span>
    </p>
   </div>
   <div class='ocr_carea' id='block_1_22' title="bbox 1993 525 3559 601">
    <p class='ocr_par' dir='ltr' id='par_1_22' title="bbox 1993 525 3559 601">
     <span class='ocr_line' id='line_1_22' title="bbox 1993 525 3559 601; baseline -0.004 -18"><span class='ocrx_word' id='word_1_151' title='bbox 1993 528 2226 601; x_wconf 92' lang='lat' dir='ltr'><strong>probum</strong></span> <span class='ocrx_word' id='word_1_152' title='bbox 2266 528 2525 599; x_wconf 87' lang='lat' dir='ltr'><strong>populum</strong></span> <span class='ocrx_word' id='word_1_153' title='bbox 2569 529 2662 596; x_wconf 89' lang='lat' dir='ltr'><strong>qui</strong></span> <span class='ocrx_word' id='word_1_154' title='bbox 2695 527 2905 598; x_wconf 83' lang='lat' dir='ltr'><strong>plateas</strong></span> <span class='ocrx_word' id='word_1_155' title='bbox 2941 525 3062 594; x_wconf 82' lang='lat' dir='ltr'><strong>ejus</strong></span> <span class='ocrx_word' id='word_1_156' title='bbox 3112 525 3367 595; x_wconf 84' lang='lat' dir='ltr'><strong>complet,</strong></span> <span class='ocrx_word' id='word_1_157' title='bbox 3395 540 3559 594; x_wconf 86' lang='lat' dir='ltr'><strong>quem</strong></span> 
     </span>
    </p>
   </div>
   <div class='ocr_carea' id='block_1_23' title="bbox 1993 615 3561 685">
    <p class='ocr_par' dir='ltr' id='par_1_23' title="bbox 1993 615 3561 685">
     <span class='ocr_line' id='line_1_23' title="bbox 1993 615 3561 685; baseline -0.004 -9"><span class='ocrx_word' id='word_1_158' title='bbox 1993 621 2243 676; x_wconf 86' lang='lat' dir='ltr'><strong>nominat</strong></span> <span class='ocrx_word' id='word_1_159' title='bbox 2268 633 2493 675; x_wconf 88' lang='lat' dir='ltr'><strong>usuram</strong></span> <span class='ocrx_word' id='word_1_160' title='bbox 2556 627 2614 673; x_wconf 90' lang='lat' dir='ltr'><strong>et</strong></span> <span class='ocrx_word' id='word_1_161' title='bbox 2668 617 2874 685; x_wconf 87' lang='lat' dir='ltr'><strong>dolum,</strong></span> <span class='ocrx_word' id='word_1_162' title='bbox 2908 634 3004 675; x_wconf 90' lang='lat' dir='ltr'><strong>seu</strong></span> <span class='ocrx_word' id='word_1_163' title='bbox 3033 615 3301 680; x_wconf 77' lang='lat' dir='ltr'><strong>fraudem,</strong></span> <span class='ocrx_word' id='word_1_164' title='bbox 3334 625 3387 670; x_wconf 91' lang='lat' dir='ltr'><strong>et</strong></span> <span class='ocrx_word' id='word_1_165' title='bbox 3439 630 3561 685; x_wconf 65' lang='lat' dir='ltr'><strong>quae</strong></span> 
     </span>
    </p>
   </div>
   <div class='ocr_carea' id='block_1_24' title="bbox 1993 709 3563 782">
    <p class='ocr_par' dir='ltr' id='par_1_24' title="bbox 1993 709 3563 782">
     <span class='ocr_line' id='line_1_24' title="bbox 1993 709 3563 782; baseline -0.004 -15"><span class='ocrx_word' id='word_1_166' title='bbox 1993 713 2237 767; x_wconf 89' lang='lat' dir='ltr'><strong>omnium</strong></span> <span class='ocrx_word' id='word_1_167' title='bbox 2284 711 2607 782; x_wconf 77' lang='lat' dir='ltr'><strong>gravissima</strong></span> <span class='ocrx_word' id='word_1_168' title='bbox 2646 712 2817 781; x_wconf 85' lang='lat' dir='ltr'><strong>pestis</strong></span> <span class='ocrx_word' id='word_1_169' title='bbox 2870 720 2975 777; x_wconf 90' lang='lat' dir='ltr'><strong>est,</strong></span> <span class='ocrx_word' id='word_1_170' title='bbox 3037 709 3393 781; x_wconf 81' lang='lat' dir='ltr'><strong>hypocrisim,</strong></span> <span class='ocrx_word' id='word_1_171' title='bbox 3443 722 3563 778; x_wconf 63' lang='lat' dir='ltr'><strong>quae</strong></span> 
     </span>
    </p>
   </div>
   <div class='ocr_carea' id='block_1_25' title="bbox 1995 796 3559 857">
    <p class='ocr_par' dir='ltr' id='par_1_25' title="bbox 1995 796 3559 857">
     <span class='ocr_line' id='line_1_25' title="bbox 1995 796 3559 857; baseline -0.006 0"><span class='ocrx_word' id='word_1_172' title='bbox 1995 803 2160 857; x_wconf 91' lang='lat' dir='ltr'><strong>animi</strong></span> <span class='ocrx_word' id='word_1_173' title='bbox 2193 802 2611 856; x_wconf 85' lang='lat' dir='ltr'><strong>consensionem</strong></span> <span class='ocrx_word' id='word_1_174' title='bbox 2667 809 2721 855; x_wconf 91' lang='lat' dir='ltr'><strong>et</strong></span> <span class='ocrx_word' id='word_1_175' title='bbox 2751 799 3099 856; x_wconf 86' lang='lat' dir='ltr'><strong>dilectionem</strong></span> <span class='ocrx_word' id='word_1_176' title='bbox 3156 798 3345 853; x_wconf 89' lang='lat' dir='ltr'><strong>habitu</strong></span> <span class='ocrx_word' id='word_1_177' title='bbox 3383 796 3559 851; x_wconf 83' lang='lat' dir='ltr'><strong>simu-</strong></span> 
     </span>
    </p>
   </div>
   <div class='ocr_carea' id='block_1_26' title="bbox 1994 892 3560 963">
    <p class='ocr_par' dir='ltr' id='par_1_26' title="bbox 1994 892 3560 963">
     <span class='ocr_line' id='line_1_26' title="bbox 1994 892 3560 963; baseline -0.006 -14"><span class='ocrx_word' id='word_1_178' title='bbox 1994 896 2135 959; x_wconf 86' lang='lat' dir='ltr'><strong>lans,</strong></span> <span class='ocrx_word' id='word_1_179' title='bbox 2174 893 2415 947; x_wconf 80' lang='lat' dir='ltr'><strong>fraudem</strong></span> <span class='ocrx_word' id='word_1_180' title='bbox 2445 892 2675 963; x_wconf 88' lang='lat' dir='ltr'><strong>pulchro</strong></span> <span class='ocrx_word' id='word_1_181' title='bbox 2706 899 3018 963; x_wconf 73' lang='lat' dir='ltr'><strong>tegumenta</strong></span> <span class='ocrx_word' id='word_1_182' title='bbox 3058 892 3236 945; x_wconf 83' lang='lat' dir='ltr'><strong>velat:</strong></span> <span class='ocrx_word' id='word_1_183' title='bbox 3268 895 3560 959; x_wconf 88' lang='lat' dir='ltr'><strong>propterea</strong></span> 
     </span>
    </p>
   </div>
   <div class='ocr_carea' id='block_1_27' title="bbox 1993 978 3561 1058">
    <p class='ocr_par' dir='ltr' id='par_1_27' title="bbox 1993 978 3561 1058">
     <span class='ocr_line' id='line_1_27' title="bbox 1993 978 3561 1058; baseline -0.008 -15"><span class='ocrx_word' id='word_1_184' title='bbox 1993 988 2190 1058; x_wconf 81' lang='lat' dir='ltr'><strong>dignos</strong></span> <span class='ocrx_word' id='word_1_185' title='bbox 2212 985 2524 1055; x_wconf 72' lang='lat' dir='ltr'><strong>huiusmodi</strong></span> <span class='ocrx_word' id='word_1_186' title='bbox 2557 985 2752 1040; x_wconf 89' lang='lat' dir='ltr'><strong>incolis</strong></span> <span class='ocrx_word' id='word_1_187' title='bbox 2785 985 2953 1038; x_wconf 90' lang='lat' dir='ltr'><strong>mittit</strong></span> <span class='ocrx_word' id='word_1_188' title='bbox 2980 984 3165 1054; x_wconf 84' lang='lat' dir='ltr'><strong>justus</strong></span> <span class='ocrx_word' id='word_1_189' title='bbox 3200 981 3365 1051; x_wconf 80' lang='lat' dir='ltr'><strong>judex</strong></span> <span class='ocrx_word' id='word_1_190' title='bbox 3404 978 3561 1033; x_wconf 58' lang='lat' dir='ltr'><strong>adre-</strong></span> 
     </span>
    </p>
   </div>
   <div class='ocr_carea' id='block_1_28' title="bbox 1990 1075 3559 1147">
    <p class='ocr_par' dir='ltr' id='par_1_28' title="bbox 1990 1075 3559 1147">
     <span class='ocr_line' id='line_1_28' title="bbox 1990 1075 3559 1147; baseline -0.006 -13"><span class='ocrx_word' id='word_1_191' title='bbox 1990 1094 2109 1134; x_wconf 89' lang='lat' dir='ltr'><strong>nas.</strong></span> <span class='ocrx_word' id='word_1_192' title='bbox 2147 1075 2239 1132; x_wconf 85' lang='lat' dir='ltr'><strong>Vis</strong></span> <span class='ocrx_word' id='word_1_193' title='bbox 2272 1077 2413 1131; x_wconf 88' lang='lat' dir='ltr'><strong>scire</strong></span> <span class='ocrx_word' id='word_1_194' title='bbox 2441 1090 2689 1147; x_wconf 69' lang='lat' dir='ltr'><strong>quaenam</strong></span> <span class='ocrx_word' id='word_1_195' title='bbox 2728 1076 2840 1130; x_wconf 91' lang='lat' dir='ltr'><strong>sint</strong></span> <span class='ocrx_word' id='word_1_196' title='bbox 2882 1075 3073 1129; x_wconf 89' lang='lat' dir='ltr'><strong>horum</strong></span> <span class='ocrx_word' id='word_1_197' title='bbox 3103 1081 3434 1129; x_wconf 81' lang='lat' dir='ltr'><strong>advenarum</strong></span> <span class='ocrx_word' id='word_1_198' title='bbox 3464 1087 3559 1125; x_wconf 87' lang='lat' dir='ltr'><strong>no-</strong></span> 
     </span>
    </p>
   </div>
   <div class='ocr_carea' id='block_1_29' title="bbox 1991 1163 3557 1237">
    <p class='ocr_par' dir='ltr' id='par_1_29' title="bbox 1991 1163 3557 1237">
     <span class='ocr_line' id='line_1_29' title="bbox 1991 1163 3557 1237; baseline -0.006 -12"><span class='ocrx_word' id='word_1_199' title='bbox 1991 1170 2180 1225; x_wconf 83' lang='lat' dir='ltr'><strong>mina?</strong></span> <span class='ocrx_word' id='word_1_200' title='bbox 2207 1187 2224 1220; x_wconf 77' lang='grc' dir='ltr'>ι</span> <span class='ocrx_word' id='word_1_201' title='bbox 2271 1167 2461 1223; x_wconf 77' lang='lat' dir='ltr'><strong>Veniat</strong></span> <span class='ocrx_word' id='word_1_202' title='bbox 2495 1183 2643 1223; x_wconf 89' lang='lat' dir='ltr'><strong>mors</strong></span> <span class='ocrx_word' id='word_1_203' title='bbox 2676 1181 2842 1237; x_wconf 87' lang='lat' dir='ltr'><strong>super</strong></span> <span class='ocrx_word' id='word_1_204' title='bbox 2870 1165 3014 1225; x_wconf 91' lang='lat' dir='ltr'><strong>illos.</strong></span> <span class='ocrx_word' id='word_1_205' title='bbox 3056 1172 3109 1219; x_wconf 87' lang='lat' dir='ltr'><strong>et</strong></span> <span class='ocrx_word' id='word_1_206' title='bbox 3141 1163 3475 1219; x_wconf 85' lang='lat' dir='ltr'><strong>descendant</strong></span> <span class='ocrx_word' id='word_1_207' title='bbox 3503 1163 3557 1216; x_wconf 87' lang='lat' dir='ltr'><strong>in</strong></span> 
     </span>
    </p>
   </div>
   <div class='ocr_carea' id='block_1_30' title="bbox 1991 1257 3558 1329">
    <p class='ocr_par' dir='ltr' id='par_1_30' title="bbox 1991 1257 3558 1329">
     <span class='ocr_line' id='line_1_30' title="bbox 1991 1257 3558 1329; baseline -0.004 -14"><span class='ocrx_word' id='word_1_208' title='bbox 1991 1260 2265 1315; x_wconf 84' lang='lat' dir='ltr'><strong>infernum</strong></span> <span class='ocrx_word' id='word_1_209' title='bbox 2289 1259 2858 1329; x_wconf 60' lang='lat' dir='ltr'><strong>viventcSJCumque</strong></span> <span class='ocrx_word' id='word_1_210' title='bbox 2878 1258 3061 1313; x_wconf 85' lang='lat' dir='ltr'><strong>omnia</strong></span> <span class='ocrx_word' id='word_1_211' title='bbox 3089 1257 3264 1311; x_wconf 85' lang='lat' dir='ltr'><strong>tristia</strong></span> <span class='ocrx_word' id='word_1_212' title='bbox 3291 1263 3344 1310; x_wconf 90' lang='lat' dir='ltr'><strong>et</strong></span> <span class='ocrx_word' id='word_1_213' title='bbox 3366 1270 3558 1325; x_wconf 86' lang='lat' dir='ltr'><strong>aspera</strong></span> 
     </span>
    </p>
   </div>
   <div class='ocr_carea' id='block_1_31' title="bbox 1989 1346 3556 1422">
    <p class='ocr_par' dir='ltr' id='par_1_31' title="bbox 1989 1346 3556 1422">
     <span class='ocr_line' id='line_1_31' title="bbox 1989 1346 3556 1422; baseline -0.004 -17"><span class='ocrx_word' id='word_1_214' title='bbox 1989 1351 2125 1422; x_wconf 90' lang='lat' dir='ltr'><strong>ipsis</strong></span> <span class='ocrx_word' id='word_1_215' title='bbox 2150 1356 2410 1405; x_wconf 84' lang='lat' dir='ltr'><strong>eventura</strong></span> <span class='ocrx_word' id='word_1_216' title='bbox 2441 1348 2895 1412; x_wconf 88' lang='lat' dir='ltr'><strong>demonstrasset,</strong></span> <span class='ocrx_word' id='word_1_217' title='bbox 2946 1347 3130 1403; x_wconf 88' lang='lat' dir='ltr'><strong>emisit</strong></span> <span class='ocrx_word' id='word_1_218' title='bbox 3162 1346 3377 1401; x_wconf 89' lang='lat' dir='ltr'><strong>dulcem</strong></span> <span class='ocrx_word' id='word_1_219' title='bbox 3410 1347 3556 1399; x_wconf 87' lang='lat' dir='ltr'><strong>illam</strong></span> 
     </span>
    </p>
   </div>
   <div class='ocr_carea' id='block_1_32' title="bbox 1986 1436 3559 1511">
    <p class='ocr_par' dir='ltr' id='par_1_32' title="bbox 1986 1436 3559 1511">
     <span class='ocr_line' id='line_1_32' title="bbox 1986 1436 3559 1511; baseline -0.004 -15"><span class='ocrx_word' id='word_1_220' title='bbox 1986 1456 2172 1496; x_wconf 90' lang='lat' dir='ltr'><strong>vocem</strong></span> <span class='ocrx_word' id='word_1_221' title='bbox 2195 1481 2210 1506; x_wconf 92' lang='lat'><strong>,</strong></span> <span class='ocrx_word' id='word_1_222' title='bbox 2247 1454 2352 1511; x_wconf 89' lang='lat' dir='ltr'><strong>qua</strong></span> <span class='ocrx_word' id='word_1_223' title='bbox 2386 1446 2440 1495; x_wconf 88' lang='lat' dir='ltr'><strong>et</strong></span> <span class='ocrx_word' id='word_1_224' title='bbox 2477 1439 2750 1493; x_wconf 89' lang='lat' dir='ltr'><strong>civitatem</strong></span> <span class='ocrx_word' id='word_1_225' title='bbox 2781 1438 2929 1493; x_wconf 88' lang='lat' dir='ltr'><strong>illam</strong></span> <span class='ocrx_word' id='word_1_226' title='bbox 2963 1452 3086 1493; x_wconf 89' lang='lat' dir='ltr'><strong>cum</strong></span> <span class='ocrx_word' id='word_1_227' title='bbox 3128 1444 3243 1491; x_wconf 86' lang='lat' dir='ltr'><strong>tota</strong></span> <span class='ocrx_word' id='word_1_228' title='bbox 3283 1452 3382 1492; x_wconf 90' lang='lat' dir='ltr'><strong>sua</strong></span> <span class='ocrx_word' id='word_1_229' title='bbox 3419 1436 3559 1491; x_wconf 87' lang='lat' dir='ltr'><strong>mul-</strong></span> 
     </span>
    </p>
   </div>
   <div class='ocr_carea' id='block_1_33' title="bbox 1987 1527 3559 1601">
    <p class='ocr_par' dir='ltr' id='par_1_33' title="bbox 1987 1527 3559 1601">
     <span class='ocr_line' id='line_1_33' title="bbox 1987 1527 3559 1601; baseline -0.002 -15"><span class='ocrx_word' id='word_1_230' title='bbox 1987 1531 2220 1587; x_wconf 87' lang='lat' dir='ltr'><strong>titudine</strong></span> <span class='ocrx_word' id='word_1_231' title='bbox 2246 1530 2417 1587; x_wconf 83' lang='lat' dir='ltr'><strong>vicit:</strong></span> <span class='ocrx_word' id='word_1_232' title='bbox 2453 1550 2472 1583; x_wconf 84' lang='grc'>‹</span> <span class='ocrx_word' id='word_1_233' title='bbox 2507 1530 2620 1601; x_wconf 75' lang='lat' dir='ltr'><strong>Ego</strong></span> <span class='ocrx_word' id='word_1_234' title='bbox 2651 1537 2832 1586; x_wconf 90' lang='lat' dir='ltr'><strong>autem</strong></span> <span class='ocrx_word' id='word_1_235' title='bbox 2875 1531 2930 1584; x_wconf 92' lang='lat' dir='ltr'><strong>in</strong></span> <span class='ocrx_word' id='word_1_236' title='bbox 2968 1537 3022 1585; x_wconf 91' lang='lat' dir='ltr'><strong>te</strong></span> <span class='ocrx_word' id='word_1_237' title='bbox 3054 1530 3307 1600; x_wconf 84' lang='lat' dir='ltr'><strong>sperabo.</strong></span> <span class='ocrx_word' id='word_1_238' title='bbox 3343 1547 3364 1581; x_wconf 73' lang='grc' dir='ltr'>ι</span> <span class='ocrx_word' id='word_1_239' title='bbox 3418 1527 3559 1583; x_wconf 85' lang='lat' dir='ltr'><strong>Tur—</strong></span> 
     </span>
    </p>
   </div>
   <div class='ocr_carea' id='block_1_34' title="bbox 303 1618 1880 1693">
    <p class='ocr_par' dir='ltr' id='par_1_34' title="bbox 303 1618 1880 1693">
     <span class='ocr_line' id='line_1_34' title="bbox 303 1618 1880 1693; baseline 0.002 -22"><span class='ocrx_word' id='word_1_240' title='bbox 303 1618 660 1690; x_wconf 79' lang='grc' dir='ltr'>πληρώματι,</span> <span class='ocrx_word' id='word_1_241' title='bbox 686 1619 857 1686; x_wconf 81' lang='grc' dir='ltr'>λέγων</span> <span class='ocrx_word' id='word_1_242' title='bbox 876 1633 893 1652; x_wconf 79' lang='grc'><strong><em>⁸</em></strong></span> <span class='ocrx_word' id='word_1_243' title='bbox 914 1637 931 1670; x_wconf 78' lang='grc' dir='ltr'><strong>ι</strong></span> <span class='ocrx_word' id='word_1_244' title='bbox 980 1619 1120 1687; x_wconf 87' lang='grc' dir='ltr'>Ἐγὼ</span> <span class='ocrx_word' id='word_1_245' title='bbox 1157 1619 1213 1672; x_wconf 82' lang='grc' dir='ltr'>δὲ</span> <span class='ocrx_word' id='word_1_246' title='bbox 1247 1619 1416 1673; x_wconf 82' lang='grc' dir='ltr'>ἐλπιῶ</span> <span class='ocrx_word' id='word_1_247' title='bbox 1455 1620 1547 1674; x_wconf 77' lang='grc' dir='ltr'><strong>ἐπὶ</strong></span> <span class='ocrx_word' id='word_1_248' title='bbox 1581 1621 1660 1674; x_wconf 88' lang='grc' dir='ltr'>σέ.</span> <span class='ocrx_word' id='word_1_249' title='bbox 1692 1641 1710 1673; x_wconf 74' lang='grc' dir='ltr'><strong>ι</strong></span> <span class='ocrx_word' id='word_1_250' title='bbox 1740 1622 1880 1693; x_wconf 84' lang='grc' dir='ltr'><strong>Πλή-</strong></span> 
     </span>
    </p>
   </div>
   <div class='ocr_carea' id='block_1_35' title="bbox 2048 1618 3557 1693">
    <p class='ocr_par' dir='ltr' id='par_1_35' title="bbox 2048 1621 3557 1692">
     <span class='ocr_line' id='line_1_35' title="bbox 2048 1621 3557 1692; baseline -0.001 -17"><span class='ocrx_word' id='word_1_251' title='bbox 2048 1638 2107 1677; x_wconf 86' lang='lat' dir='ltr'><strong>.m</strong></span> <span class='ocrx_word' id='word_1_252' title='bbox 2160 1636 2292 1678; x_wconf 87' lang='lat' dir='ltr'><strong>vero</strong></span> <span class='ocrx_word' id='word_1_253' title='bbox 2345 1622 2581 1677; x_wconf 82' lang='lat' dir='ltr'><strong>civitatis</strong></span> <span class='ocrx_word' id='word_1_254' title='bbox 2644 1623 2893 1676; x_wconf 90' lang='lat' dir='ltr'><strong>nominat</strong></span> <span class='ocrx_word' id='word_1_255' title='bbox 2934 1621 3083 1676; x_wconf 90' lang='lat' dir='ltr'><strong>viros</strong></span> <span class='ocrx_word' id='word_1_256' title='bbox 3136 1621 3463 1692; x_wconf 80' lang='lat' dir='ltr'><strong>sanguinum</strong></span> <span class='ocrx_word' id='word_1_257' title='bbox 3502 1632 3557 1674; x_wconf 90' lang='lat' dir='ltr'><strong>et</strong></span> 
     </span>
    </p>
   </div>
   <div class='ocr_carea' id='block_1_36' title="bbox 303 1710 1878 1784">
    <p class='ocr_par' dir='ltr' id='par_1_36' title="bbox 303 1710 1878 1784">
     <span class='ocr_line' id='line_1_36' title="bbox 303 1710 1878 1784; baseline 0.002 -21"><span class='ocrx_word' id='word_1_258' title='bbox 303 1727 468 1784; x_wconf 84' lang='grc' dir='ltr'>ρωμα</span> <span class='ocrx_word' id='word_1_259' title='bbox 505 1710 562 1763; x_wconf 85' lang='grc' dir='ltr'>δὲ</span> <span class='ocrx_word' id='word_1_260' title='bbox 592 1710 740 1779; x_wconf 84' lang='grc' dir='ltr'>λέγει</span> <span class='ocrx_word' id='word_1_261' title='bbox 767 1712 864 1782; x_wconf 83' lang='grc' dir='ltr'><strong>τῆς</strong></span> <span class='ocrx_word' id='word_1_262' title='bbox 892 1711 1096 1775; x_wconf 86' lang='grc' dir='ltr'>πόλεως</span> <span class='ocrx_word' id='word_1_263' title='bbox 1131 1711 1355 1783; x_wconf 84' lang='grc' dir='ltr'>ταύτης,</span> <span class='ocrx_word' id='word_1_264' title='bbox 1382 1711 1579 1782; x_wconf 81' lang='grc' dir='ltr'>ἄνδρας</span> <span class='ocrx_word' id='word_1_265' title='bbox 1608 1715 1662 1766; x_wconf 81' lang='grc' dir='ltr'><strong>αί</strong></span> <span class='ocrx_word' id='word_1_266' title='bbox 1672 1713 1878 1783; x_wconf 89' lang='grc' dir='ltr'>μάτων,</span> 
     </span>
    </p>
   </div>
   <div class='ocr_carea' id='block_1_37' title="bbox 302 1797 1883 1875">
    <p class='ocr_par' dir='ltr' id='par_1_37' title="bbox 302 1797 1883 1875">
     <span class='ocr_line' id='line_1_37' title="bbox 302 1797 1883 1875; baseline 0.002 -21"><span class='ocrx_word' id='word_1_267' title='bbox 302 1801 398 1854; x_wconf 71' lang='grc' dir='ltr'>καὶ</span> <span class='ocrx_word' id='word_1_268' title='bbox 428 1799 748 1870; x_wconf 76' lang='grc' dir='ltr'>δολιότητος,</span> <span class='ocrx_word' id='word_1_269' title='bbox 776 1803 899 1864; x_wconf 80' lang='grc' dir='ltr'>τοὺς</span> <span class='ocrx_word' id='word_1_270' title='bbox 925 1800 1073 1855; x_wconf 85' lang='grc' dir='ltr'>ούδέν</span> <span class='ocrx_word' id='word_1_271' title='bbox 1098 1797 1232 1866; x_wconf 73' lang='grc' dir='ltr'>εἶδος</span> <span class='ocrx_word' id='word_1_272' title='bbox 1263 1804 1503 1874; x_wconf 83' lang='grc' dir='ltr'>πονηρᾶς</span> <span class='ocrx_word' id='word_1_273' title='bbox 1527 1803 1739 1874; x_wconf 80' lang='grc' dir='ltr'>ἡμέρας</span> <span class='ocrx_word' id='word_1_274' title='bbox 1762 1805 1883 1875; x_wconf 80' lang='grc' dir='ltr'>ἡμι-</span> 
     </span>
    </p>
   </div>
   <div class='ocr_carea' id='block_1_38' title="bbox 303 1891 1884 1967">
    <p class='ocr_par' dir='ltr' id='par_1_38' title="bbox 303 1891 1884 1967">
     <span class='ocr_line' id='line_1_38' title="bbox 303 1891 1884 1967; baseline 0.004 -23"><span class='ocrx_word' id='word_1_275' title='bbox 303 1891 584 1956; x_wconf 88' lang='grc' dir='ltr'>σεύοντας,</span> <span class='ocrx_word' id='word_1_276' title='bbox 614 1893 734 1947; x_wconf 88' lang='grc' dir='ltr'>οὑδὲ</span> <span class='ocrx_word' id='word_1_277' title='bbox 758 1892 923 1963; x_wconf 78' lang='grc' dir='ltr'>ἀτελῆ</span> <span class='ocrx_word' id='word_1_278' title='bbox 956 1894 1053 1964; x_wconf 84' lang='grc' dir='ltr'>τὴν</span> <span class='ocrx_word' id='word_1_279' title='bbox 1089 1895 1350 1965; x_wconf 79' lang='grc' dir='ltr'>πονηρίαν</span> <span class='ocrx_word' id='word_1_280' title='bbox 1382 1895 1884 1967; x_wconf 74' lang='grc' dir='ltr'><strong>ἐπιδεικνυμένους,</strong></span> 
     </span>
    </p>
   </div>
   <div class='ocr_carea' id='block_1_39' title="bbox 302 1974 1882 2057">
    <p class='ocr_par' dir='ltr' id='par_1_39' title="bbox 302 1974 1882 2057">
     <span class='ocr_line' id='line_1_39' title="bbox 302 1974 1882 2057; baseline 0.003 -22"><span class='ocrx_word' id='word_1_281' title='bbox 302 1982 421 2036; x_wconf 87' lang='grc' dir='ltr'>ἀλλ’</span> <span class='ocrx_word' id='word_1_282' title='bbox 491 1984 549 2036; x_wconf 93' lang='grc' dir='ltr'><strong>ἐν</strong></span> <span class='ocrx_word' id='word_1_283' title='bbox 585 1982 662 2053; x_wconf 80' lang='grc' dir='ltr'><strong>τῷ</strong></span> <span class='ocrx_word' id='word_1_284' title='bbox 695 1981 850 2054; x_wconf 86' lang='grc' dir='ltr'><strong>κακῷ</strong></span> <span class='ocrx_word' id='word_1_285' title='bbox 878 1984 938 2037; x_wconf 87' lang='grc' dir='ltr'>τὸ</span> <span class='ocrx_word' id='word_1_286' title='bbox 960 1974 1160 2038; x_wconf 82' lang='grc' dir='ltr'>τέλειον</span> <span class='ocrx_word' id='word_1_287' title='bbox 1192 1985 1429 2057; x_wconf 77' lang='grc' dir='ltr'>ἔχοντας,</span> <span class='ocrx_word' id='word_1_288' title='bbox 1457 1980 1529 2038; x_wconf 77' lang='grc' dir='ltr'>ὧν</span> <span class='ocrx_word' id='word_1_289' title='bbox 1553 1986 1768 2040; x_wconf 84' lang='grc' dir='ltr'>πάντων</span> <span class='ocrx_word' id='word_1_290' title='bbox 1805 2004 1882 2040; x_wconf 89' lang='grc' dir='ltr'><strong>νι-</strong></span> 
     </span>
    </p>
   </div>
   <div class='ocr_carea' id='block_1_40' title="bbox 302 2067 1880 2147">
    <p class='ocr_par' dir='ltr' id='par_1_40' title="bbox 302 2067 1880 2147">
     <span class='ocr_line' id='line_1_40' title="bbox 302 2067 1880 2147; baseline -0.001 -20"><span class='ocrx_word' id='word_1_291' title='bbox 302 2073 477 2144; x_wconf 75' lang='grc' dir='ltr'>κητὴς</span> <span class='ocrx_word' id='word_1_292' title='bbox 511 2073 719 2142; x_wconf 86' lang='grc' dir='ltr'>γίνεται</span> <span class='ocrx_word' id='word_1_293' title='bbox 757 2076 821 2145; x_wconf 80' lang='grc' dir='ltr'>τῇ</span> <span class='ocrx_word' id='word_1_294' title='bbox 862 2074 959 2145; x_wconf 77' lang='grc' dir='ltr'><strong>μιᾷ</strong></span> <span class='ocrx_word' id='word_1_295' title='bbox 983 2072 1155 2147; x_wconf 83' lang='grc' dir='ltr'>ταύτῃ</span> <span class='ocrx_word' id='word_1_296' title='bbox 1180 2076 1352 2145; x_wconf 80' lang='grc' dir='ltr'>φωνῇ,</span> <span class='ocrx_word' id='word_1_297' title='bbox 1387 2067 1447 2126; x_wconf 75' lang='grc' dir='ltr'>οὗ</span> <span class='ocrx_word' id='word_1_298' title='bbox 1489 2074 1587 2145; x_wconf 80' lang='grc' dir='ltr'>τὴν</span> <span class='ocrx_word' id='word_1_299' title='bbox 1624 2074 1759 2143; x_wconf 80' lang='grc' dir='ltr'>πρὸς</span> <span class='ocrx_word' id='word_1_300' title='bbox 1789 2075 1880 2127; x_wconf 83' lang='grc' dir='ltr'><strong>τὸν</strong></span> 
     </span>
    </p>
   </div>
   <div class='ocr_carea' id='block_1_41' title="bbox 300 2165 1881 2237">
    <p class='ocr_par' dir='ltr' id='par_1_41' title="bbox 300 2165 1881 2237">
     <span class='ocr_line' id='line_1_41' title="bbox 300 2165 1881 2237; baseline 0.001 -20"><span class='ocrx_word' id='word_1_301' title='bbox 300 2165 436 2217; x_wconf 73' lang='grc' dir='ltr'>Θεὸν</span> <span class='ocrx_word' id='word_1_302' title='bbox 470 2165 807 2237; x_wconf 79' lang='grc' dir='ltr'>καταμηνύει</span> <span class='ocrx_word' id='word_1_303' title='bbox 841 2165 1100 2231; x_wconf 84' lang='grc' dir='ltr'>διάθεσιν,</span> <span class='ocrx_word' id='word_1_304' title='bbox 1144 2165 1316 2234; x_wconf 89' lang='grc' dir='ltr'>λέγων</span> <span class='ocrx_word' id='word_1_305' title='bbox 1341 2182 1354 2195; x_wconf 82' lang='lat'><strong><em>°</em></strong></span> <span class='ocrx_word' id='word_1_306' title='bbox 1387 2184 1404 2216; x_wconf 78' lang='grc' dir='ltr'>ι</span> <span class='ocrx_word' id='word_1_307' title='bbox 1457 2165 1598 2233; x_wconf 83' lang='grc' dir='ltr'><strong>Ἐγὼ</strong></span> <span class='ocrx_word' id='word_1_308' title='bbox 1624 2165 1680 2219; x_wconf 83' lang='grc' dir='ltr'>δὲ</span> <span class='ocrx_word' id='word_1_309' title='bbox 1711 2165 1881 2219; x_wconf 84' lang='grc' dir='ltr'>ἐλπιῶ</span> 
     </span>
    </p>
   </div>
   <div class='ocr_carea' id='block_1_42' title="bbox 299 2255 575 2310">
    <p class='ocr_par' dir='ltr' id='par_1_42' title="bbox 299 2255 575 2310">
     <span class='ocr_line' id='line_1_42' title="bbox 299 2255 575 2310; baseline -0.007 -1"><span class='ocrx_word' id='word_1_310' title='bbox 299 2255 397 2309; x_wconf 78' lang='grc' dir='ltr'><strong>ἐπὶ</strong></span> <span class='ocrx_word' id='word_1_311' title='bbox 430 2257 509 2310; x_wconf 84' lang='grc' dir='ltr'><strong>σέ.</strong></span> <span class='ocrx_word' id='word_1_312' title='bbox 555 2274 575 2307; x_wconf 71' lang='grc' dir='ltr'>ι</span> 
     </span>
    </p>
   </div>
   <div class='ocr_carea' id='block_1_43' title="bbox 823 2346 1354 2401">
    <p class='ocr_par' dir='ltr' id='par_1_43' title="bbox 823 2346 1354 2401">
     <span class='ocr_line' id='line_1_43' title="bbox 823 2346 1354 2401; baseline 0.004 -2"><span class='ocrx_word' id='word_1_313' title='bbox 823 2346 1219 2401; x_wconf 79' lang='grc' dir='ltr'><strong>ΚΕΦΑΛᾹΙΟΝ</strong></span> <span class='ocrx_word' id='word_1_314' title='bbox 1259 2348 1354 2401; x_wconf 78' lang='grc' dir='ltr'><strong>ῐΔ’.</strong></span> 
     </span>
    </p>
   </div>
   <div class='ocr_carea' id='block_1_44' title="bbox 371 2433 1880 2508">
    <p class='ocr_par' dir='ltr' id='par_1_44' title="bbox 371 2433 1880 2508">
     <span class='ocr_line' id='line_1_44' title="bbox 371 2433 1880 2508; baseline 0 -21"><span class='ocrx_word' id='word_1_315' title='bbox 371 2433 594 2499; x_wconf 82' lang='grc' dir='ltr'>Τούτοις</span> <span class='ocrx_word' id='word_1_316' title='bbox 623 2434 865 2492; x_wconf 81' lang='grc' dir='ltr'>ἐπελθὼν</span> <span class='ocrx_word' id='word_1_317' title='bbox 901 2439 1014 2500; x_wconf 84' lang='grc' dir='ltr'>τοῖς</span> <span class='ocrx_word' id='word_1_318' title='bbox 1037 2438 1300 2508; x_wconf 86' lang='grc' dir='ltr'><strong>νοήμασιν</strong></span> <span class='ocrx_word' id='word_1_319' title='bbox 1337 2438 1365 2490; x_wconf 87' lang='lat'><strong>6</strong></span> <span class='ocrx_word' id='word_1_320' title='bbox 1390 2437 1693 2506; x_wconf 81' lang='grc' dir='ltr'>φιλόπονος,</span> <span class='ocrx_word' id='word_1_321' title='bbox 1721 2435 1880 2500; x_wconf 77' lang='grc' dir='ltr'>αὑτὸς</span> 
     </span>
    </p>
   </div>
   <div class='ocr_carea' id='block_1_45' title="bbox 298 2526 1876 2599">
    <p class='ocr_par' dir='ltr' id='par_1_45' title="bbox 298 2526 1876 2599">
     <span class='ocr_line' id='line_1_45' title="bbox 298 2526 1876 2599; baseline 0 -19"><span class='ocrx_word' id='word_1_322' title='bbox 298 2526 598 2596; x_wconf 78' lang='grc' dir='ltr'>ἀναγνώτω</span> <span class='ocrx_word' id='word_1_323' title='bbox 638 2528 706 2580; x_wconf 79' lang='grc' dir='ltr'><strong>τά</strong></span> <span class='ocrx_word' id='word_1_324' title='bbox 753 2528 1082 2582; x_wconf 83' lang='grc' dir='ltr'>θεόπνευστα</span> <span class='ocrx_word' id='word_1_325' title='bbox 1120 2530 1220 2599; x_wconf 83' lang='grc' dir='ltr'><strong>τῆς</strong></span> <span class='ocrx_word' id='word_1_326' title='bbox 1266 2528 1585 2599; x_wconf 72' lang='grc' dir='ltr'>ψαλμῳδίας</span> <span class='ocrx_word' id='word_1_327' title='bbox 1636 2528 1876 2599; x_wconf 80' lang='grc' dir='ltr'>ῥήματα,</span> 
     </span>
    </p>
   </div>
   <div class='ocr_carea' id='block_1_46' title="bbox 296 2620 1878 2694">
    <p class='ocr_par' dir='ltr' id='par_1_46' title="bbox 296 2620 1878 2694">
     <span class='ocr_line' id='line_1_46' title="bbox 296 2620 1878 2694; baseline 0.002 -21"><span class='ocrx_word' id='word_1_328' title='bbox 296 2620 376 2683; x_wconf 84' lang='grc' dir='ltr'><strong>ὡς</strong></span> <span class='ocrx_word' id='word_1_329' title='bbox 402 2622 468 2674; x_wconf 82' lang='grc' dir='ltr'>ἂν</span> <span class='ocrx_word' id='word_1_330' title='bbox 495 2621 568 2692; x_wconf 81' lang='grc' dir='ltr'>μὴ</span> <span class='ocrx_word' id='word_1_331' title='bbox 596 2622 660 2674; x_wconf 88' lang='grc' dir='ltr'><strong>δι’</strong></span> <span class='ocrx_word' id='word_1_332' title='bbox 690 2624 722 2693; x_wconf 81' lang='grc' dir='ltr'>ἡ</span> <span class='ocrx_word' id='word_1_333' title='bbox 731 2622 845 2693; x_wconf 80' lang='grc' dir='ltr'>μῶν</span> <span class='ocrx_word' id='word_1_334' title='bbox 869 2622 1022 2693; x_wconf 79' lang='grc' dir='ltr'>ὄχλος</span> <span class='ocrx_word' id='word_1_335' title='bbox 1045 2624 1415 2694; x_wconf 82' lang='grc' dir='ltr'>ἐπεισαχθείη,</span> <span class='ocrx_word' id='word_1_336' title='bbox 1443 2623 1519 2693; x_wconf 78' lang='grc' dir='ltr'>τῷ</span> <span class='ocrx_word' id='word_1_337' title='bbox 1542 2623 1718 2677; x_wconf 90' lang='grc' dir='ltr'>πάντα</span> <span class='ocrx_word' id='word_1_338' title='bbox 1738 2622 1878 2676; x_wconf 84' lang='grc' dir='ltr'><strong>κατά</strong></span> 
     </span>
    </p>
   </div>
   <div class='ocr_carea' id='block_1_47' title="bbox 296 2710 1879 2785">
    <p class='ocr_par' dir='ltr' id='par_1_47' title="bbox 296 2710 1879 2785">
     <span class='ocr_line' id='line_1_47' title="bbox 296 2710 1879 2785; baseline 0.001 -22"><span class='ocrx_word' id='word_1_339' title='bbox 296 2710 446 2775; x_wconf 80' lang='grc' dir='ltr'>λέξιν</span> <span class='ocrx_word' id='word_1_340' title='bbox 503 2711 834 2781; x_wconf 85' lang='grc' dir='ltr'>ἐκτιθεμένῳ</span> <span class='ocrx_word' id='word_1_341' title='bbox 886 2713 978 2765; x_wconf 77' lang='grc' dir='ltr'>καὶ</span> <span class='ocrx_word' id='word_1_342' title='bbox 1031 2712 1323 2783; x_wconf 82' lang='grc' dir='ltr'>μηκύνοντι</span> <span class='ocrx_word' id='word_1_343' title='bbox 1370 2714 1469 2784; x_wconf 84' lang='grc' dir='ltr'><strong>τὴν</strong></span> <span class='ocrx_word' id='word_1_344' title='bbox 1525 2715 1612 2784; x_wconf 75' lang='grc' dir='ltr'>ἐφ’</span> <span class='ocrx_word' id='word_1_345' title='bbox 1663 2715 1879 2785; x_wconf 80' lang='grc' dir='ltr'>ἑκάστῳ</span> 
     </span>
    </p>
   </div>
   <div class='ocr_carea' id='block_1_48' title="bbox 296 2803 1879 2879">
    <p class='ocr_par' dir='ltr' id='par_1_48' title="bbox 296 2803 1879 2879">
     <span class='ocr_line' id='line_1_48' title="bbox 296 2803 1879 2879; baseline 0.001 -23"><span class='ocrx_word' id='word_1_346' title='bbox 296 2804 533 2873; x_wconf 74' lang='grc' dir='ltr'>νοήματι</span> <span class='ocrx_word' id='word_1_347' title='bbox 583 2803 831 2874; x_wconf 82' lang='grc' dir='ltr'>θεωρίαν.</span> <span class='ocrx_word' id='word_1_348' title='bbox 871 2805 1079 2877; x_wconf 84' lang='grc' dir='ltr'>’Ὠσπερ</span> <span class='ocrx_word' id='word_1_349' title='bbox 1113 2805 1170 2858; x_wconf 83' lang='grc' dir='ltr'>δὲ</span> <span class='ocrx_word' id='word_1_350' title='bbox 1216 2809 1265 2860; x_wconf 85' lang='grc' dir='ltr'><strong>οἱ</strong></span> <span class='ocrx_word' id='word_1_351' title='bbox 1315 2806 1413 2878; x_wconf 85' lang='grc' dir='ltr'><strong>τὴν</strong></span> <span class='ocrx_word' id='word_1_352' title='bbox 1455 2808 1707 2879; x_wconf 78' lang='grc' dir='ltr'>ἀνωφερῆ</span> <span class='ocrx_word' id='word_1_353' title='bbox 1783 2805 1879 2861; x_wconf 73' lang='grc' dir='ltr'>καὶ</span> 
     </span>
    </p>
   </div>
   <div class='ocr_carea' id='block_1_49' title="bbox 296 2893 1876 2970">
    <p class='ocr_par' dir='ltr' id='par_1_49' title="bbox 296 2893 1876 2970">
     <span class='ocr_line' id='line_1_49' title="bbox 296 2893 1876 2970; baseline 0.003 -23"><span class='ocrx_word' id='word_1_354' title='bbox 296 2893 663 2965; x_wconf 71' lang='grc' dir='ltr'>δ’)σπόρευτον</span> <span class='ocrx_word' id='word_1_355' title='bbox 715 2893 831 2949; x_wconf 79' lang='grc' dir='ltr'>ὁδὸν</span> <span class='ocrx_word' id='word_1_356' title='bbox 882 2896 1144 2962; x_wconf 82' lang='grc' dir='ltr'>ἀνιόντες,</span> <span class='ocrx_word' id='word_1_357' title='bbox 1187 2897 1316 2950; x_wconf 81' lang='grc' dir='ltr'>ὅταν</span> <span class='ocrx_word' id='word_1_358' title='bbox 1368 2898 1570 2969; x_wconf 79' lang='grc' dir='ltr'>μεταξὺ</span> <span class='ocrx_word' id='word_1_359' title='bbox 1610 2899 1876 2970; x_wconf 80' lang='grc' dir='ltr'><strong>καθέδρας</strong></span> 
     </span>
    </p>
   </div>
   <div class='ocr_carea' id='block_1_50' title="bbox 296 2984 1875 3055">
    <p class='ocr_par' dir='ltr' id='par_1_50' title="bbox 296 2984 1875 3055">
     <span class='ocr_line' id='line_1_50' title="bbox 296 2984 1875 3055; baseline 0.001 -19"><span class='ocrx_word' id='word_1_360' title='bbox 296 2984 446 3047; x_wconf 83' lang='grc' dir='ltr'>τινὸς</span> <span class='ocrx_word' id='word_1_361' title='bbox 478 2985 827 3055; x_wconf 78' lang='grc' dir='ltr'>ἐπιτυχόντες</span> <span class='ocrx_word' id='word_1_362' title='bbox 862 2985 923 3038; x_wconf 83' lang='grc' dir='ltr'>τὸ</span> <span class='ocrx_word' id='word_1_363' title='bbox 948 2985 1079 3039; x_wconf 91' lang='grc' dir='ltr'>πολύ</span> <span class='ocrx_word' id='word_1_364' title='bbox 1110 3003 1169 3039; x_wconf 87' lang='grc' dir='ltr'>τε</span> <span class='ocrx_word' id='word_1_365' title='bbox 1191 2986 1285 3040; x_wconf 78' lang='grc' dir='ltr'><strong>καὶ</strong></span> <span class='ocrx_word' id='word_1_366' title='bbox 1314 2986 1561 3039; x_wconf 86' lang='grc' dir='ltr'>σύντονον</span> <span class='ocrx_word' id='word_1_367' title='bbox 1582 2986 1673 3040; x_wconf 80' lang='grc' dir='ltr'><strong>τοῦ</strong></span> <span class='ocrx_word' id='word_1_368' title='bbox 1704 2987 1875 3040; x_wconf 85' lang='grc' dir='ltr'>κόπου</span> 
     </span>
    </p>
   </div>
   <div class='ocr_carea' id='block_1_51' title="bbox 297 3075 1877 3151">
    <p class='ocr_par' dir='ltr' id='par_1_51' title="bbox 297 3075 1877 3151">
     <span class='ocr_line' id='line_1_51' title="bbox 297 3075 1877 3151; baseline 0.001 -21"><span class='ocrx_word' id='word_1_369' title='bbox 297 3075 706 3141; x_wconf 82' lang='grc' dir='ltr'>ἀναπαύσωσιν,</span> <span class='ocrx_word' id='word_1_370' title='bbox 748 3076 907 3131; x_wconf 88' lang='grc' dir='ltr'>πάλιν</span> <span class='ocrx_word' id='word_1_371' title='bbox 939 3077 1040 3148; x_wconf 84' lang='grc' dir='ltr'>τῆς</span> <span class='ocrx_word' id='word_1_372' title='bbox 1085 3077 1365 3148; x_wconf 86' lang='grc' dir='ltr'>δυνάμεως</span> <span class='ocrx_word' id='word_1_373' title='bbox 1398 3080 1579 3142; x_wconf 80' lang='grc' dir='ltr'>αὐτοῖς</span> <span class='ocrx_word' id='word_1_374' title='bbox 1625 3079 1877 3151; x_wconf 61' lang='grc' dir='ltr'>ἀναρρω-</span> 
     </span>
    </p>
   </div>
   <div class='ocr_carea' id='block_1_52' title="bbox 297 3167 1876 3241">
    <p class='ocr_par' dir='ltr' id='par_1_52' title="bbox 297 3167 1876 3241">
     <span class='ocr_line' id='line_1_52' title="bbox 297 3167 1876 3241; baseline 0.002 -21"><span class='ocrx_word' id='word_1_375' title='bbox 297 3167 545 3238; x_wconf 81' lang='grc' dir='ltr'>σθείσης,</span> <span class='ocrx_word' id='word_1_376' title='bbox 580 3169 716 3238; x_wconf 81' lang='grc' dir='ltr'>πρὸς</span> <span class='ocrx_word' id='word_1_377' title='bbox 742 3170 839 3241; x_wconf 80' lang='grc' dir='ltr'>τὴν</span> <span class='ocrx_word' id='word_1_378' title='bbox 864 3168 1046 3222; x_wconf 81' lang='grc' dir='ltr'>ἄνοδον</span> <span class='ocrx_word' id='word_1_379' title='bbox 1071 3168 1179 3221; x_wconf 84' lang='grc' dir='ltr'>τῶν</span> <span class='ocrx_word' id='word_1_380' title='bbox 1210 3169 1619 3240; x_wconf 83' lang='grc' dir='ltr'>ὑπερκειμένων</span> <span class='ocrx_word' id='word_1_381' title='bbox 1656 3171 1876 3232; x_wconf 76' lang='grc' dir='ltr'>ἑαυτοὺς</span> 
     </span>
    </p>
   </div>
   <div class='ocr_carea' id='block_1_53' title="bbox 298 3260 1873 3332">
    <p class='ocr_par' dir='ltr' id='par_1_53' title="bbox 298 3260 1873 3332">
     <span class='ocr_line' id='line_1_53' title="bbox 298 3260 1873 3332; baseline 0.002 -20"><span class='ocrx_word' id='word_1_382' title='bbox 298 3260 710 3330; x_wconf 76' lang='grc' dir='ltr'>ἐπεγείρουσίν·</span> <span class='ocrx_word' id='word_1_383' title='bbox 765 3260 937 3324; x_wconf 72' lang='grc' dir='ltr'>οὕτως</span> <span class='ocrx_word' id='word_1_384' title='bbox 984 3260 1076 3313; x_wconf 78' lang='grc' dir='ltr'>καὶ</span> <span class='ocrx_word' id='word_1_385' title='bbox 1107 3262 1135 3314; x_wconf 88' lang='lat'><strong>6</strong></span> <span class='ocrx_word' id='word_1_386' title='bbox 1184 3260 1282 3331; x_wconf 82' lang='grc' dir='ltr'>τῆς</span> <span class='ocrx_word' id='word_1_387' title='bbox 1320 3262 1518 3332; x_wconf 84' lang='grc' dir='ltr'>ἀρετῆς</span> <span class='ocrx_word' id='word_1_388' title='bbox 1575 3260 1873 3331; x_wconf 80' lang='grc' dir='ltr'>όδοιπόρος,</span> 
     </span>
    </p>
   </div>
   <div class='ocr_carea' id='block_1_54' title="bbox 296 3344 1873 3422">
    <p class='ocr_par' dir='ltr' id='par_1_54' title="bbox 296 3344 1873 3422">
     <span class='ocr_line' id='line_1_54' title="bbox 296 3344 1873 3422; baseline 0.002 -19"><span class='ocrx_word' id='word_1_389' title='bbox 296 3344 364 3404; x_wconf 72' lang='grc' dir='ltr'><strong>οὗ</strong></span> <span class='ocrx_word' id='word_1_390' title='bbox 389 3350 457 3405; x_wconf 78' lang='grc' dir='ltr'>τὰ</span> <span class='ocrx_word' id='word_1_391' title='bbox 478 3350 788 3422; x_wconf 73' lang='grc' dir='ltr'>διαδήματα</span> <span class='ocrx_word' id='word_1_392' title='bbox 815 3354 959 3405; x_wconf 85' lang='grc' dir='ltr'>νῖκαι</span> <span class='ocrx_word' id='word_1_393' title='bbox 983 3351 1122 3405; x_wconf 89' lang='grc' dir='ltr'><strong>κατά</strong></span> <span class='ocrx_word' id='word_1_394' title='bbox 1146 3350 1254 3404; x_wconf 85' lang='grc' dir='ltr'>τῶν</span> <span class='ocrx_word' id='word_1_395' title='bbox 1279 3351 1587 3406; x_wconf 84' lang='grc' dir='ltr'>ἀντιπάλων</span> <span class='ocrx_word' id='word_1_396' title='bbox 1618 3353 1775 3417; x_wconf 76' lang='grc' dir='ltr'>εἰσὶν,</span> <span class='ocrx_word' id='word_1_397' title='bbox 1801 3353 1873 3417; x_wconf 83' lang='grc' dir='ltr'><strong>ὡς</strong></span> 
     </span>
    </p>
   </div>
   <div class='ocr_carea' id='block_1_55' title="bbox 298 3440 1877 3514">
    <p class='ocr_par' dir='ltr' id='par_1_55' title="bbox 298 3440 1877 3514">
     <span class='ocr_line' id='line_1_55' title="bbox 298 3440 1877 3514; baseline 0.001 -20"><span class='ocrx_word' id='word_1_398' title='bbox 298 3444 337 3514; x_wconf 76' lang='grc' dir='ltr'><strong>ἡ</strong></span> <span class='ocrx_word' id='word_1_399' title='bbox 369 3444 646 3513; x_wconf 84' lang='grc' dir='ltr'>ἐπιγραφὴ</span> <span class='ocrx_word' id='word_1_400' title='bbox 672 3440 765 3494; x_wconf 79' lang='grc' dir='ltr'><strong>τοῦ</strong></span> <span class='ocrx_word' id='word_1_401' title='bbox 799 3440 1160 3513; x_wconf 78' lang='grc' dir='ltr'>παρελθόντος</span> <span class='ocrx_word' id='word_1_402' title='bbox 1199 3441 1553 3514; x_wconf 85' lang='grc' dir='ltr'>μαρτύρεται,</span> <span class='ocrx_word' id='word_1_403' title='bbox 1582 3446 1648 3513; x_wconf 80' lang='grc' dir='ltr'><strong>τῇ</strong></span> <span class='ocrx_word' id='word_1_404' title='bbox 1680 3460 1877 3513; x_wconf 90' lang='grc' dir='ltr'>κατορ-</span> 
     </span>
    </p>
   </div>
   <div class='ocr_carea' id='block_1_56' title="bbox 298 3532 1878 3606">
    <p class='ocr_par' dir='ltr' id='par_1_56' title="bbox 298 3532 1878 3606">
     <span class='ocr_line' id='line_1_56' title="bbox 298 3532 1878 3606; baseline -0.001 -17"><span class='ocrx_word' id='word_1_405' title='bbox 298 3534 468 3589; x_wconf 79' lang='grc' dir='ltr'>Θώσει</span> <span class='ocrx_word' id='word_1_406' title='bbox 500 3536 566 3604; x_wconf 87' lang='grc' dir='ltr'><strong>τῇ</strong></span> <span class='ocrx_word' id='word_1_407' title='bbox 593 3535 717 3606; x_wconf 81' lang='grc' dir='ltr'>νίκῃ</span> <span class='ocrx_word' id='word_1_408' title='bbox 741 3534 930 3588; x_wconf 81' lang='grc' dir='ltr'>ἐαυτὸν</span> <span class='ocrx_word' id='word_1_409' title='bbox 955 3532 1210 3598; x_wconf 86' lang='grc' dir='ltr'>τονώσας,</span> <span class='ocrx_word' id='word_1_410' title='bbox 1237 3533 1397 3589; x_wconf 80' lang='grc' dir='ltr'>πάλιν</span> <span class='ocrx_word' id='word_1_411' title='bbox 1424 3534 1559 3605; x_wconf 82' lang='grc' dir='ltr'>πρὸς</span> <span class='ocrx_word' id='word_1_412' title='bbox 1584 3535 1681 3606; x_wconf 76' lang='grc' dir='ltr'><strong>τὴν</strong></span> <span class='ocrx_word' id='word_1_413' title='bbox 1715 3536 1878 3606; x_wconf 78' lang='grc' dir='ltr'>ὑπερ-</span> 
     </span>
    </p>
   </div>
   <div class='ocr_carea' id='block_1_57' title="bbox 299 3625 1877 3700">
    <p class='ocr_par' dir='ltr' id='par_1_57' title="bbox 299 3625 1877 3700">
     <span class='ocr_line' id='line_1_57' title="bbox 299 3625 1877 3700; baseline -0.001 -20"><span class='ocrx_word' id='word_1_414' title='bbox 299 3627 568 3698; x_wconf 81' lang='grc' dir='ltr'>κειμένην</span> <span class='ocrx_word' id='word_1_415' title='bbox 599 3626 950 3680; x_wconf 87' lang='grc' dir='ltr'>συντείνεται.</span> <span class='ocrx_word' id='word_1_416' title='bbox 993 3627 1250 3700; x_wconf 80' lang='grc' dir='ltr'>Μεγάλης</span> <span class='ocrx_word' id='word_1_417' title='bbox 1279 3627 1387 3698; x_wconf 83' lang='grc' dir='ltr'><strong>γὰρ</strong></span> <span class='ocrx_word' id='word_1_418' title='bbox 1416 3625 1583 3698; x_wconf 75' lang='grc' dir='ltr'>οὔσης</span> <span class='ocrx_word' id='word_1_419' title='bbox 1629 3628 1721 3680; x_wconf 71' lang='grc' dir='ltr'>καὶ</span> <span class='ocrx_word' id='word_1_420' title='bbox 1743 3627 1877 3680; x_wconf 86' lang='grc' dir='ltr'>ταύ-</span> 
     </span>
    </p>
   </div>
   <div class='ocr_carea' id='block_1_58' title="bbox 296 3711 1878 3797">
    <p class='ocr_par' dir='ltr' id='par_1_58' title="bbox 296 3711 1878 3797">
     <span class='ocr_line' id='line_1_58' title="bbox 296 3711 1878 3797; baseline -0.002 -25"><span class='ocrx_word' id='word_1_421' title='bbox 296 3717 525 3797; x_wconf 84' lang='grc' dir='ltr'>τηςτῆς</span> <span class='ocrx_word' id='word_1_422' title='bbox 549 3717 809 3786; x_wconf 87' lang='grc' dir='ltr'>ἀγωνίας,</span> <span class='ocrx_word' id='word_1_423' title='bbox 824 3711 892 3789; x_wconf 85' lang='grc' dir='ltr'>ἦς</span> <span class='ocrx_word' id='word_1_424' title='bbox 911 3718 969 3770; x_wconf 84' lang='grc' dir='ltr'><strong>ἐν</strong></span> <span class='ocrx_word' id='word_1_425' title='bbox 993 3717 1071 3788; x_wconf 84' lang='grc' dir='ltr'>τῷ</span> <span class='ocrx_word' id='word_1_426' title='bbox 1088 3735 1190 3788; x_wconf 89' lang='grc' dir='ltr'><strong>μνη</strong></span> <span class='ocrx_word' id='word_1_427' title='bbox 1200 3716 1510 3788; x_wconf 86' lang='grc' dir='ltr'>μονευθέντι</span> <span class='ocrx_word' id='word_1_428' title='bbox 1535 3716 1732 3788; x_wconf 69' lang='grc' dir='ltr'>ψαλμῷ</span> <span class='ocrx_word' id='word_1_429' title='bbox 1754 3734 1878 3770; x_wconf 86' lang='grc' dir='ltr'>κατ·</span> 
     </span>
    </p>
   </div>
   <div class='ocr_carea' id='block_1_59' title="bbox 299 3808 1872 3885">
    <p class='ocr_par' dir='ltr' id='par_1_59' title="bbox 299 3808 1872 3885">
     <span class='ocr_line' id='line_1_59' title="bbox 299 3808 1872 3885; baseline -0.001 -21"><span class='ocrx_word' id='word_1_430' title='bbox 299 3811 624 3885; x_wconf 82' lang='grc' dir='ltr'>εκρὰτησεν,</span> <span class='ocrx_word' id='word_1_431' title='bbox 668 3808 864 3879; x_wconf 85' lang='grc' dir='ltr'>λύπης,</span> <span class='ocrx_word' id='word_1_432' title='bbox 921 3810 1015 3863; x_wconf 82' lang='grc' dir='ltr'>καὶ</span> <span class='ocrx_word' id='word_1_433' title='bbox 1067 3810 1416 3880; x_wconf 80' lang='grc' dir='ltr'>ἀδολεσχίας,</span> <span class='ocrx_word' id='word_1_434' title='bbox 1467 3809 1560 3863; x_wconf 76' lang='grc' dir='ltr'>καὶ</span> <span class='ocrx_word' id='word_1_435' title='bbox 1607 3809 1872 3881; x_wconf 75' lang='grc' dir='ltr'>ταραχῆς,</span> 
     </span>
    </p>
   </div>
   <div class='ocr_carea' id='block_1_60' title="bbox 296 3898 1872 3973">
    <p class='ocr_par' dir='ltr' id='par_1_60' title="bbox 296 3898 1872 3973">
     <span class='ocr_line' id='line_1_60' title="bbox 296 3898 1872 3973; baseline -0.001 -18"><span class='ocrx_word' id='word_1_436' title='bbox 296 3901 502 3973; x_wconf 75' lang='grc' dir='ltr'>ἔχθρας</span> <span class='ocrx_word' id='word_1_437' title='bbox 527 3917 586 3954; x_wconf 88' lang='grc' dir='ltr'>τε</span> <span class='ocrx_word' id='word_1_438' title='bbox 614 3900 707 3955; x_wconf 76' lang='grc' dir='ltr'>καὶ</span> <span class='ocrx_word' id='word_1_439' title='bbox 737 3899 909 3970; x_wconf 85' lang='grc' dir='ltr'>ἀκοῆς</span> <span class='ocrx_word' id='word_1_440' title='bbox 933 3915 945 3928; x_wconf 78' lang='grc'><strong><em>⁸</em></strong></span> <span class='ocrx_word' id='word_1_441' title='bbox 978 3898 1135 3953; x_wconf 81' lang='grc' dir='ltr'>τοῦτο</span> <span class='ocrx_word' id='word_1_442' title='bbox 1172 3900 1280 3971; x_wconf 83' lang='grc' dir='ltr'><strong>γάρ</strong></span> <span class='ocrx_word' id='word_1_443' title='bbox 1313 3903 1459 3953; x_wconf 86' lang='grc' dir='ltr'>ἐστιν</span> <span class='ocrx_word' id='word_1_444' title='bbox 1489 3902 1521 3972; x_wconf 84' lang='grc' dir='ltr'>ή</span> <span class='ocrx_word' id='word_1_445' title='bbox 1546 3899 1695 3972; x_wconf 84' lang='grc' dir='ltr'>φωνὴ</span> <span class='ocrx_word' id='word_1_446' title='bbox 1721 3903 1752 3972; x_wconf 84' lang='grc' dir='ltr'>ἡ</span> <span class='ocrx_word' id='word_1_447' title='bbox 1781 3900 1872 3954; x_wconf 73' lang='grc' dir='ltr'><strong>τοῦ</strong></span> 
     </span>
    </p>
   </div>
   <div class='ocr_carea' id='block_1_61' title="bbox 297 3983 1875 4064">
    <p class='ocr_par' dir='ltr' id='par_1_61' title="bbox 297 3983 1875 4064">
     <span class='ocr_line' id='line_1_61' title="bbox 297 3983 1875 4064; baseline -0.001 -18"><span class='ocrx_word' id='word_1_448' title='bbox 297 3993 496 4064; x_wconf 79' lang='grc' dir='ltr'>ἐχθροῦ</span> <span class='ocrx_word' id='word_1_449' title='bbox 517 4011 531 4024; x_wconf 90' lang='grc'><strong>·</strong></span> <span class='ocrx_word' id='word_1_450' title='bbox 553 3992 766 4063; x_wconf 75' lang='grc' dir='ltr'>καὶτῆς</span> <span class='ocrx_word' id='word_1_451' title='bbox 788 3995 852 4046; x_wconf 86' lang='grc' dir='ltr'><strong>ἐκ</strong></span> <span class='ocrx_word' id='word_1_452' title='bbox 881 3991 988 4046; x_wconf 84' lang='grc' dir='ltr'>τῶν</span> <span class='ocrx_word' id='word_1_453' title='bbox 1015 3983 1354 4064; x_wconf 85' lang='grc' dir='ltr'>ἀμαρτωλῶν</span> <span class='ocrx_word' id='word_1_454' title='bbox 1384 3992 1636 4063; x_wconf 83' lang='grc' dir='ltr'>θλίψεως,</span> <span class='ocrx_word' id='word_1_455' title='bbox 1665 3992 1758 4045; x_wconf 80' lang='grc' dir='ltr'>καὶ</span> <span class='ocrx_word' id='word_1_456' title='bbox 1777 3992 1875 4062; x_wconf 78' lang='grc' dir='ltr'><strong>τῆς</strong></span> 
     </span>
    </p>
   </div>
   <div class='ocr_carea' id='block_1_62' title="bbox 296 4077 1874 4155">
    <p class='ocr_par' dir='ltr' id='par_1_62' title="bbox 296 4077 1874 4155">
     <span class='ocr_line' id='line_1_62' title="bbox 296 4077 1874 4155; baseline -0.003 -16"><span class='ocrx_word' id='word_1_457' title='bbox 296 4086 410 4139; x_wconf 84' lang='grc' dir='ltr'>τῶν</span> <span class='ocrx_word' id='word_1_458' title='bbox 456 4083 823 4154; x_wconf 84' lang='grc' dir='ltr'>ἐγκοτούντων</span> <span class='ocrx_word' id='word_1_459' title='bbox 867 4084 1056 4155; x_wconf 81' lang='grc' dir='ltr'>ὀργῆς,</span> <span class='ocrx_word' id='word_1_460' title='bbox 1097 4084 1164 4138; x_wconf 88' lang='grc' dir='ltr'>δι’</span> <span class='ocrx_word' id='word_1_461' title='bbox 1197 4077 1270 4138; x_wconf 82' lang='grc' dir='ltr'>ὧν</span> <span class='ocrx_word' id='word_1_462' title='bbox 1299 4084 1505 4153; x_wconf 88' lang='grc' dir='ltr'>γίνεται</span> <span class='ocrx_word' id='word_1_463' title='bbox 1554 4085 1766 4154; x_wconf 84' lang='grc' dir='ltr'>ταραχή</span> <span class='ocrx_word' id='word_1_464' title='bbox 1814 4100 1874 4135; x_wconf 89' lang='grc' dir='ltr'><strong>τε</strong></span> 
     </span>
    </p>
   </div>
   <div class='ocr_carea' id='block_1_63' title="bbox 297 4175 1875 4246">
    <p class='ocr_par' dir='ltr' id='par_1_63' title="bbox 297 4175 1875 4246">
     <span class='ocr_line' id='line_1_63' title="bbox 297 4175 1875 4246; baseline -0.003 -15"><span class='ocrx_word' id='word_1_465' title='bbox 297 4177 556 4245; x_wconf 84' lang='grc' dir='ltr'>διανοίας,</span> <span class='ocrx_word' id='word_1_466' title='bbox 575 4178 668 4230; x_wconf 73' lang='grc' dir='ltr'>καὶ</span> <span class='ocrx_word' id='word_1_467' title='bbox 683 4175 851 4230; x_wconf 86' lang='grc' dir='ltr'>δειλία</span> <span class='ocrx_word' id='word_1_468' title='bbox 866 4175 1115 4241; x_wconf 87' lang='grc' dir='ltr'>θανάτου,</span> <span class='ocrx_word' id='word_1_469' title='bbox 1132 4176 1225 4229; x_wconf 69' lang='grc' dir='ltr'>καὶ</span> <span class='ocrx_word' id='word_1_470' title='bbox 1237 4175 1419 4245; x_wconf 77' lang='grc' dir='ltr'>φόϐος,</span> <span class='ocrx_word' id='word_1_471' title='bbox 1432 4175 1524 4228; x_wconf 69' lang='grc' dir='ltr'>καὶ</span> <span class='ocrx_word' id='word_1_472' title='bbox 1542 4175 1760 4246; x_wconf 84' lang='grc' dir='ltr'>τρόμος,</span> <span class='ocrx_word' id='word_1_473' title='bbox 1783 4175 1875 4227; x_wconf 82' lang='grc' dir='ltr'>καὶ</span> 
     </span>
    </p>
   </div>
   <div class='ocr_carea' id='block_1_64' title="bbox 302 4267 1876 4335">
    <p class='ocr_par' dir='ltr' id='par_1_64' title="bbox 302 4267 1876 4335">
     <span class='ocr_line' id='line_1_64' title="bbox 302 4267 1876 4335; baseline -0.002 -10"><span class='ocrx_word' id='word_1_474' title='bbox 302 4271 527 4335; x_wconf 84' lang='grc' dir='ltr'>σκότος,</span> <span class='ocrx_word' id='word_1_475' title='bbox 563 4270 656 4324; x_wconf 76' lang='grc' dir='ltr'><strong>καὶ</strong></span> <span class='ocrx_word' id='word_1_476' title='bbox 692 4268 762 4323; x_wconf 82' lang='grc' dir='ltr'>τὰ</span> <span class='ocrx_word' id='word_1_477' title='bbox 801 4267 1042 4323; x_wconf 80' lang='grc' dir='ltr'>τοιαῦτα.</span> <span class='ocrx_word' id='word_1_478' title='bbox 1078 4269 1137 4321; x_wconf 86' lang='lat'><strong>&#39;0</strong></span> <span class='ocrx_word' id='word_1_479' title='bbox 1171 4269 1348 4322; x_wconf 90' lang='grc' dir='ltr'>τοίνυν</span> <span class='ocrx_word' id='word_1_480' title='bbox 1384 4267 1641 4321; x_wconf 88' lang='grc' dir='ltr'>τοιούτων</span> <span class='ocrx_word' id='word_1_481' title='bbox 1684 4285 1742 4320; x_wconf 88' lang='grc' dir='ltr'><strong>τε</strong></span> <span class='ocrx_word' id='word_1_482' title='bbox 1784 4269 1876 4322; x_wconf 72' lang='grc' dir='ltr'>καὶ</span> 
     </span>
    </p>
   </div>
   <div class='ocr_carea' id='block_1_65' title="bbox 298 4357 1876 4434">
    <p class='ocr_par' dir='ltr' id='par_1_65' title="bbox 298 4357 1876 4434">
     <span class='ocr_line' id='line_1_65' title="bbox 298 4357 1876 4434; baseline -0.002 -19"><span class='ocrx_word' id='word_1_483' title='bbox 298 4361 567 4415; x_wconf 85' lang='grc' dir='ltr'>τοσούτων</span> <span class='ocrx_word' id='word_1_484' title='bbox 601 4359 884 4434; x_wconf 76' lang='grc' dir='ltr'>ὑπερσχὼν</span> <span class='ocrx_word' id='word_1_485' title='bbox 908 4359 1235 4424; x_wconf 85' lang='grc' dir='ltr'>ἀντιπάλων,</span> <span class='ocrx_word' id='word_1_486' title='bbox 1268 4360 1326 4412; x_wconf 86' lang='grc' dir='ltr'><strong>ἐν</strong></span> <span class='ocrx_word' id='word_1_487' title='bbox 1362 4357 1440 4429; x_wconf 83' lang='grc' dir='ltr'>τῷ</span> <span class='ocrx_word' id='word_1_488' title='bbox 1466 4358 1649 4430; x_wconf 83' lang='grc' dir='ltr'>πτερῷ</span> <span class='ocrx_word' id='word_1_489' title='bbox 1674 4359 1772 4430; x_wconf 81' lang='grc' dir='ltr'>τῆς</span> <span class='ocrx_word' id='word_1_490' title='bbox 1800 4359 1876 4423; x_wconf 84' lang='grc' dir='ltr'>ὡς</span> 
     </span>
    </p>
   </div>
   <div class='ocr_carea' id='block_1_66' title="bbox 300 4446 1875 4521">
    <p class='ocr_par' dir='ltr' id='par_1_66' title="bbox 300 4446 1875 4521">
     <span class='ocr_line' id='line_1_66' title="bbox 300 4446 1875 4521; baseline -0.002 -17"><span class='ocrx_word' id='word_1_491' title='bbox 300 4451 631 4521; x_wconf 76' lang='grc' dir='ltr'>περιστερᾶς</span> <span class='ocrx_word' id='word_1_492' title='bbox 657 4448 1007 4518; x_wconf 73' lang='grc' dir='ltr'>ἐπιφανείσης</span> <span class='ocrx_word' id='word_1_493' title='bbox 1029 4446 1107 4518; x_wconf 84' lang='grc' dir='ltr'><strong>τῷ</strong></span> <span class='ocrx_word' id='word_1_494' title='bbox 1134 4446 1253 4519; x_wconf 82' lang='grc' dir='ltr'>βίῳ,</span> <span class='ocrx_word' id='word_1_495' title='bbox 1277 4447 1372 4501; x_wconf 74' lang='grc' dir='ltr'><strong>καὶ</strong></span> <span class='ocrx_word' id='word_1_496' title='bbox 1397 4447 1737 4518; x_wconf 77' lang='grc' dir='ltr'>μεταναστὰς</span> <span class='ocrx_word' id='word_1_497' title='bbox 1767 4447 1875 4501; x_wconf 84' lang='grc' dir='ltr'><strong>ἀπὸ</strong></span> 
     </span>
    </p>
   </div>
   <div class='ocr_carea' id='block_1_67' title="bbox 299 4537 1877 4611">
    <p class='ocr_par' dir='ltr' id='par_1_67' title="bbox 299 4537 1877 4611">
     <span class='ocr_line' id='line_1_67' title="bbox 299 4537 1877 4611; baseline -0.002 -16"><span class='ocrx_word' id='word_1_498' title='bbox 299 4538 409 4595; x_wconf 84' lang='grc' dir='ltr'>τῶν</span> <span class='ocrx_word' id='word_1_499' title='bbox 438 4543 497 4594; x_wconf 81' lang='grc' dir='ltr'><strong>ἐν</strong></span> <span class='ocrx_word' id='word_1_500' title='bbox 523 4542 590 4611; x_wconf 77' lang='grc' dir='ltr'>τῇ</span> <span class='ocrx_word' id='word_1_501' title='bbox 623 4539 792 4611; x_wconf 75' lang='grc' dir='ltr'>κακίᾳ</span> <span class='ocrx_word' id='word_1_502' title='bbox 824 4537 1252 4609; x_wconf 80' lang='grc' dir='ltr'>ὑλομανούντων,</span> <span class='ocrx_word' id='word_1_503' title='bbox 1291 4539 1384 4592; x_wconf 79' lang='grc' dir='ltr'>ἐπὶ</span> <span class='ocrx_word' id='word_1_504' title='bbox 1408 4538 1506 4609; x_wconf 82' lang='grc' dir='ltr'>τὴν</span> <span class='ocrx_word' id='word_1_505' title='bbox 1538 4538 1745 4610; x_wconf 78' lang='grc' dir='ltr'>ἔρημον</span> <span class='ocrx_word' id='word_1_506' title='bbox 1777 4539 1877 4611; x_wconf 81' lang='grc' dir='ltr'><strong>τῆς</strong></span> 
     </span>
    </p>
   </div>
   <div class='ocr_carea' id='block_1_68' title="bbox 301 4624 1877 4703">
    <p class='ocr_par' dir='ltr' id='par_1_68' title="bbox 301 4624 1877 4703">
     <span class='ocr_line' id='line_1_68' title="bbox 301 4624 1877 4703; baseline -0.002 -16"><span class='ocrx_word' id='word_1_507' title='bbox 301 4632 566 4703; x_wconf 81' lang='grc' dir='ltr'>πονηρίας</span> <span class='ocrx_word' id='word_1_508' title='bbox 593 4632 701 4685; x_wconf 84' lang='grc' dir='ltr'>τῶν</span> <span class='ocrx_word' id='word_1_509' title='bbox 728 4631 980 4697; x_wconf 75' lang='grc' dir='ltr'>ζιζανίων</span> <span class='ocrx_word' id='word_1_510' title='bbox 1016 4629 1271 4702; x_wconf 85' lang='grc' dir='ltr'>βλάστης,</span> <span class='ocrx_word' id='word_1_511' title='bbox 1306 4630 1365 4685; x_wconf 85' lang='grc' dir='ltr'><strong>ἐν</strong></span> <span class='ocrx_word' id='word_1_512' title='bbox 1398 4624 1443 4700; x_wconf 87' lang='grc' dir='ltr'><strong>ᾧ</strong></span> <span class='ocrx_word' id='word_1_513' title='bbox 1480 4629 1687 4700; x_wconf 87' lang='grc' dir='ltr'>γίνεται</span> <span class='ocrx_word' id='word_1_514' title='bbox 1716 4632 1749 4702; x_wconf 77' lang='grc' dir='ltr'>ὴ</span> <span class='ocrx_word' id='word_1_515' title='bbox 1779 4648 1877 4684; x_wconf 86' lang='grc' dir='ltr'>κα-</span> 
     </span>
    </p>
   </div>
   <div class='ocr_carea' id='block_1_69' title="bbox 299 4719 1877 4793">
    <p class='ocr_par' dir='ltr' id='par_1_69' title="bbox 299 4719 1877 4793">
     <span class='ocr_line' id='line_1_69' title="bbox 299 4719 1877 4793; baseline -0.001 -16"><span class='ocrx_word' id='word_1_516' title='bbox 299 4723 590 4788; x_wconf 89' lang='grc' dir='ltr'>τάπαυσις,</span> <span class='ocrx_word' id='word_1_517' title='bbox 640 4720 719 4792; x_wconf 83' lang='grc' dir='ltr'>τῷ</span> <span class='ocrx_word' id='word_1_518' title='bbox 768 4722 922 4776; x_wconf 88' lang='grc' dir='ltr'>πόλιν</span> <span class='ocrx_word' id='word_1_519' title='bbox 968 4722 1096 4793; x_wconf 86' lang='grc' dir='ltr'>ὅλην</span> <span class='ocrx_word' id='word_1_520' title='bbox 1149 4720 1257 4775; x_wconf 87' lang='grc' dir='ltr'><strong>τῶν</strong></span> <span class='ocrx_word' id='word_1_521' title='bbox 1297 4721 1686 4792; x_wconf 86' lang='grc' dir='ltr'>ἀντικειμένων</span> <span class='ocrx_word' id='word_1_522' title='bbox 1729 4719 1877 4793; x_wconf 88' lang='grc' dir='ltr'>αὑτῷ</span> 
     </span>
    </p>
   </div>
   <div class='ocr_carea' id='block_1_70' title="bbox 302 4796 1874 4886">
    <p class='ocr_par' dir='ltr' id='par_1_70' title="bbox 302 4796 1874 4886">
     <span class='ocr_line' id='line_1_70' title="bbox 302 4796 1874 4886; baseline -0.002 -18"><span class='ocrx_word' id='word_1_523' title='bbox 302 4813 628 4886; x_wconf 81' lang='grc' dir='ltr'>πληρώματι</span> <span class='ocrx_word' id='word_1_524' title='bbox 667 4813 777 4867; x_wconf 79' lang='grc' dir='ltr'>τῶν</span> <span class='ocrx_word' id='word_1_525' title='bbox 807 4812 1168 4868; x_wconf 85' lang='grc' dir='ltr'>ἐποικούντων</span> <span class='ocrx_word' id='word_1_526' title='bbox 1206 4813 1442 4885; x_wconf 85' lang='grc' dir='ltr'>νικῆσαι,</span> <span class='ocrx_word' id='word_1_527' title='bbox 1471 4796 1541 4884; x_wconf 73' lang='grc' dir='ltr'>ἧς</span> <span class='ocrx_word' id='word_1_528' title='bbox 1573 4813 1874 4884; x_wconf 80' lang='grc' dir='ltr'>οἰκήτορες,</span> 
     </span>
    </p>
   </div>
   <div class='ocr_carea' id='block_1_71' title="bbox 302 4891 1878 4979">
    <p class='ocr_par' dir='ltr' id='par_1_71' title="bbox 302 4891 1878 4979">
     <span class='ocr_line' id='line_1_71' title="bbox 302 4891 1878 4979; baseline -0.003 -17"><span class='ocrx_word' id='word_1_529' title='bbox 302 4907 521 4979; x_wconf 89' lang='grc' dir='ltr'>ἀνομία,</span> <span class='ocrx_word' id='word_1_530' title='bbox 548 4906 642 4960; x_wconf 77' lang='grc' dir='ltr'><strong>καὶ</strong></span> <span class='ocrx_word' id='word_1_531' title='bbox 663 4906 849 4971; x_wconf 87' lang='grc' dir='ltr'>κόπος,</span> <span class='ocrx_word' id='word_1_532' title='bbox 870 4907 963 4960; x_wconf 71' lang='grc' dir='ltr'>καὶ</span> <span class='ocrx_word' id='word_1_533' title='bbox 990 4904 1286 4975; x_wconf 87' lang='grc' dir='ltr'>ἀντιλογία,</span> <span class='ocrx_word' id='word_1_534' title='bbox 1317 4891 1477 4968; x_wconf 78' lang='grc' dir='ltr'>τόκος</span> <span class='ocrx_word' id='word_1_535' title='bbox 1504 4921 1585 4969; x_wconf 90' lang='grc' dir='ltr'><strong>τε,</strong></span> <span class='ocrx_word' id='word_1_536' title='bbox 1608 4905 1701 4958; x_wconf 73' lang='grc' dir='ltr'>καὶ</span> <span class='ocrx_word' id='word_1_537' title='bbox 1730 4903 1878 4968; x_wconf 82' lang='grc' dir='ltr'>δόλος</span> 
     </span>
    </p>
   </div>
   <div class='ocr_carea' id='block_1_72' title="bbox 302 4995 1878 5069">
    <p class='ocr_par' dir='ltr' id='par_1_72' title="bbox 302 4995 1878 5069">
     <span class='ocr_line' id='line_1_72' title="bbox 302 4995 1878 5069; baseline -0.003 -15"><span class='ocrx_word' id='word_1_538' title='bbox 302 5002 397 5054; x_wconf 73' lang='grc' dir='ltr'><strong>καὶ</strong></span> <span class='ocrx_word' id='word_1_539' title='bbox 430 4999 679 5065; x_wconf 82' lang='grc' dir='ltr'>θάνατος,</span> <span class='ocrx_word' id='word_1_540' title='bbox 721 4998 815 5053; x_wconf 74' lang='grc' dir='ltr'>καὶ</span> <span class='ocrx_word' id='word_1_541' title='bbox 846 4997 992 5068; x_wconf 78' lang='grc' dir='ltr'>ζωῆς</span> <span class='ocrx_word' id='word_1_542' title='bbox 1035 4999 1114 5060; x_wconf 89' lang='grc' dir='ltr'><strong>είς</strong></span> <span class='ocrx_word' id='word_1_543' title='bbox 1148 4997 1278 5069; x_wconf 73' lang='grc' dir='ltr'>ᾅδου</span> <span class='ocrx_word' id='word_1_544' title='bbox 1308 4995 1609 5060; x_wconf 78' lang='grc' dir='ltr'>κατάϐασις</span> <span class='ocrx_word' id='word_1_545' title='bbox 1632 5012 1645 5025; x_wconf 89' lang='grc'>·</span> <span class='ocrx_word' id='word_1_546' title='bbox 1696 4996 1790 5049; x_wconf 74' lang='grc' dir='ltr'><strong>καὶ</strong></span> <span class='ocrx_word' id='word_1_547' title='bbox 1817 4995 1878 5049; x_wconf 85' lang='grc' dir='ltr'>τὸ</span> 
     </span>
    </p>
   </div>
   <div class='ocr_carea' id='block_1_73' title="bbox 304 5087 1876 5158">
    <p class='ocr_par' dir='ltr' id='par_1_73' title="bbox 304 5087 1876 5158">
     <span class='ocr_line' id='line_1_73' title="bbox 304 5087 1876 5158; baseline -0.003 -14"><span class='ocrx_word' id='word_1_548' title='bbox 304 5091 522 5144; x_wconf 86' lang='grc' dir='ltr'>πάντων</span> <span class='ocrx_word' id='word_1_549' title='bbox 572 5091 831 5146; x_wconf 86' lang='grc' dir='ltr'>κάκιστον</span> <span class='ocrx_word' id='word_1_550' title='bbox 881 5088 1055 5158; x_wconf 86' lang='grc' dir='ltr'>γένος,</span> <span class='ocrx_word' id='word_1_551' title='bbox 1112 5088 1221 5142; x_wconf 87' lang='grc' dir='ltr'>τῶν</span> <span class='ocrx_word' id='word_1_552' title='bbox 1271 5087 1358 5141; x_wconf 73' lang='grc' dir='ltr'>ἀεὶ</span> <span class='ocrx_word' id='word_1_553' title='bbox 1410 5087 1805 5141; x_wconf 90' lang='grc' dir='ltr'>κατοικούντων</span> <span class='ocrx_word' id='word_1_554' title='bbox 1842 5089 1876 5157; x_wconf 81' lang='grc' dir='ltr'>ἠ</span> 
     </span>
    </p>
   </div>
   <div class='ocr_carea' id='block_1_74' title="bbox 302 5179 1882 5254">
    <p class='ocr_par' dir='ltr' id='par_1_74' title="bbox 302 5179 1882 5254">
     <span class='ocr_line' id='line_1_74' title="bbox 302 5179 1882 5254; baseline -0.003 -18"><span class='ocrx_word' id='word_1_555' title='bbox 302 5183 612 5254; x_wconf 81' lang='grc' dir='ltr'>ὑπόκρισις,</span> <span class='ocrx_word' id='word_1_556' title='bbox 647 5182 680 5253; x_wconf 80' lang='grc' dir='ltr'><strong>ὴ</strong></span> <span class='ocrx_word' id='word_1_557' title='bbox 708 5184 775 5253; x_wconf 78' lang='grc' dir='ltr'><strong>τῇ</strong></span> <span class='ocrx_word' id='word_1_558' title='bbox 806 5180 1023 5246; x_wconf 80' lang='grc' dir='ltr'>ἐνδείξει</span> <span class='ocrx_word' id='word_1_559' title='bbox 1059 5181 1159 5253; x_wconf 80' lang='grc' dir='ltr'>τῆς</span> <span class='ocrx_word' id='word_1_560' title='bbox 1185 5179 1488 5251; x_wconf 78' lang='grc' dir='ltr'>ὀμοψυχίας</span> <span class='ocrx_word' id='word_1_561' title='bbox 1528 5180 1627 5252; x_wconf 85' lang='grc' dir='ltr'><strong>τὴν</strong></span> <span class='ocrx_word' id='word_1_562' title='bbox 1664 5179 1882 5234; x_wconf 69' lang='grc' dir='ltr'>ἐπιδούς</span> 
     </span>
    </p>
   </div>
   <div class='ocr_carea' id='block_1_75' title="bbox 303 5271 1881 5345">
    <p class='ocr_par' dir='ltr' id='par_1_75' title="bbox 303 5271 1881 5345">
     <span class='ocr_line' id='line_1_75' title="bbox 303 5271 1881 5345; baseline -0.002 -19"><span class='ocrx_word' id='word_1_563' title='bbox 303 5272 398 5345; x_wconf 81' lang='grc' dir='ltr'><strong>λὴν</strong></span> <span class='ocrx_word' id='word_1_564' title='bbox 423 5271 742 5345; x_wconf 82' lang='grc' dir='ltr'>ἐνεργοῦσα.</span> <span class='ocrx_word' id='word_1_565' title='bbox 768 5272 878 5337; x_wconf 81' lang='grc' dir='ltr'>Ἧς</span> <span class='ocrx_word' id='word_1_566' title='bbox 906 5274 1167 5345; x_wconf 90' lang='grc' dir='ltr'>κρείττων</span> <span class='ocrx_word' id='word_1_567' title='bbox 1193 5274 1398 5341; x_wconf 89' lang='grc' dir='ltr'>γίνεται</span> <span class='ocrx_word' id='word_1_568' title='bbox 1427 5273 1456 5326; x_wconf 90' lang='lat'><strong>6</strong></span> <span class='ocrx_word' id='word_1_569' title='bbox 1492 5272 1655 5326; x_wconf 73' lang='grc' dir='ltr'>παντὶ</span> <span class='ocrx_word' id='word_1_570' title='bbox 1678 5272 1756 5343; x_wconf 85' lang='grc' dir='ltr'>τῷ</span> <span class='ocrx_word' id='word_1_571' title='bbox 1783 5271 1881 5340; x_wconf 84' lang='grc' dir='ltr'>τῆς</span> 
     </span>
    </p>
   </div>
   <div class='ocr_carea' id='block_1_76' title="bbox 306 5362 1880 5438">
    <p class='ocr_par' dir='ltr' id='par_1_76' title="bbox 306 5362 1880 5438">
     <span class='ocr_line' id='line_1_76' title="bbox 306 5362 1880 5438; baseline -0.003 -19"><span class='ocrx_word' id='word_1_572' title='bbox 306 5363 439 5428; x_wconf 78' lang='grc' dir='ltr'>ἰδίας</span> <span class='ocrx_word' id='word_1_573' title='bbox 471 5365 619 5435; x_wconf 80' lang='grc' dir='ltr'>ζωῆς</span> <span class='ocrx_word' id='word_1_574' title='bbox 642 5366 819 5436; x_wconf 86' lang='grc' dir='ltr'>χρόνῳ</span> <span class='ocrx_word' id='word_1_575' title='bbox 845 5366 1295 5438; x_wconf 85' lang='grc' dir='ltr'>συμπαρατείνων</span> <span class='ocrx_word' id='word_1_576' title='bbox 1322 5364 1420 5436; x_wconf 83' lang='grc' dir='ltr'><strong>τὴν</strong></span> <span class='ocrx_word' id='word_1_577' title='bbox 1442 5366 1521 5428; x_wconf 86' lang='grc' dir='ltr'><strong>είς</strong></span> <span class='ocrx_word' id='word_1_578' title='bbox 1536 5363 1596 5417; x_wconf 85' lang='grc' dir='ltr'>τὸ</span> <span class='ocrx_word' id='word_1_579' title='bbox 1612 5362 1766 5417; x_wconf 82' lang='grc' dir='ltr'>Θεῖον</span> <span class='ocrx_word' id='word_1_580' title='bbox 1790 5379 1880 5415; x_wconf 80' lang='grc' dir='ltr'>πε-</span> 
     </span>
    </p>
   </div>
   <div class='ocr_carea' id='block_1_77' title="bbox 305 5453 1877 5527">
    <p class='ocr_par' dir='ltr' id='par_1_77' title="bbox 305 5453 1877 5527">
     <span class='ocr_line' id='line_1_77' title="bbox 305 5453 1877 5527; baseline -0.003 -18"><span class='ocrx_word' id='word_1_581' title='bbox 305 5457 578 5525; x_wconf 75' lang='grc' dir='ltr'>ποίθησιν.</span> <span class='ocrx_word' id='word_1_582' title='bbox 614 5455 880 5527; x_wconf 86' lang='grc' dir='ltr'>Ἑσπέραν</span> <span class='ocrx_word' id='word_1_583' title='bbox 901 5457 1007 5527; x_wconf 84' lang='grc' dir='ltr'>γὰρ</span> <span class='ocrx_word' id='word_1_584' title='bbox 1030 5457 1123 5510; x_wconf 71' lang='grc' dir='ltr'>καὶ</span> <span class='ocrx_word' id='word_1_585' title='bbox 1149 5457 1382 5527; x_wconf 79' lang='grc' dir='ltr'>πρωῖαν,</span> <span class='ocrx_word' id='word_1_586' title='bbox 1410 5456 1503 5509; x_wconf 78' lang='grc' dir='ltr'>καὶ</span> <span class='ocrx_word' id='word_1_587' title='bbox 1534 5453 1877 5526; x_wconf 77' lang='grc' dir='ltr'>μεσημϐρίαν</span> 
     </span>
    </p>
   </div>
   <div class='ocr_carea' id='block_1_78' title="bbox 303 5545 1876 5620">
    <p class='ocr_par' dir='ltr' id='par_1_78' title="bbox 303 5545 1876 5620">
     <span class='ocr_line' id='line_1_78' title="bbox 303 5545 1876 5620; baseline -0.006 -15"><span class='ocrx_word' id='word_1_588' title='bbox 303 5547 494 5613; x_wconf 64' lang='grc' dir='ltr'>εἰπὼν,</span> <span class='ocrx_word' id='word_1_589' title='bbox 527 5546 649 5601; x_wconf 76' lang='grc' dir='ltr'>ὅλον</span> <span class='ocrx_word' id='word_1_590' title='bbox 701 5547 1091 5619; x_wconf 77' lang='grc' dir='ltr'>περιλαμϐάνει</span> <span class='ocrx_word' id='word_1_591' title='bbox 1132 5547 1190 5602; x_wconf 73' lang='grc' dir='ltr'>τὸ</span> <span class='ocrx_word' id='word_1_592' title='bbox 1221 5548 1521 5620; x_wconf 79' lang='grc' dir='ltr'>ἡμερήσιον</span> <span class='ocrx_word' id='word_1_593' title='bbox 1577 5545 1791 5620; x_wconf 87' lang='grc' dir='ltr'>μέτρον,</span> <span class='ocrx_word' id='word_1_594' title='bbox 1822 5547 1876 5597; x_wconf 73' lang='grc' dir='ltr'><strong>ἐν</strong></span> 
     </span>
    </p>
   </div>
   <div class='ocr_carea' id='block_1_79' title="bbox 1981 1709 3555 1793">
    <p class='ocr_par' dir='ltr' id='par_1_79' title="bbox 1981 1709 3555 1793">
     <span class='ocr_line' id='line_1_79' title="bbox 1981 1709 3555 1793; baseline -0.003 -27"><span class='ocrx_word' id='word_1_595' title='bbox 1981 1710 2315 1793; x_wconf 71' lang='lat' dir='ltr'><strong>dolositatisz</strong></span> <span class='ocrx_word' id='word_1_596' title='bbox 2334 1711 2427 1781; x_wconf 89' lang='lat' dir='ltr'><strong>qui</strong></span> <span class='ocrx_word' id='word_1_597' title='bbox 2460 1711 2664 1765; x_wconf 90' lang='lat' dir='ltr'><strong>nullam</strong></span> <span class='ocrx_word' id='word_1_598' title='bbox 2693 1711 2928 1780; x_wconf 89' lang='lat' dir='ltr'><strong>speciem</strong></span> <span class='ocrx_word' id='word_1_599' title='bbox 2955 1710 3086 1764; x_wconf 91' lang='lat' dir='ltr'><strong>mali</strong></span> <span class='ocrx_word' id='word_1_600' title='bbox 3109 1710 3216 1765; x_wconf 92' lang='lat' dir='ltr'><strong>diei</strong></span> <span class='ocrx_word' id='word_1_601' title='bbox 3247 1709 3555 1776; x_wconf 80' lang='lat' dir='ltr'><strong>dimidiam,</strong></span> 
     </span>
    </p>
   </div>
   <div class='ocr_carea' id='block_1_80' title="bbox 1981 1801 3554 1874">
    <p class='ocr_par' dir='ltr' id='par_1_80' title="bbox 1981 1801 3554 1874">
     <span class='ocr_line' id='line_1_80' title="bbox 1981 1801 3554 1874; baseline -0.003 -16"><span class='ocrx_word' id='word_1_602' title='bbox 1981 1819 2161 1874; x_wconf 87' lang='lat' dir='ltr'><strong>neque</strong></span> <span class='ocrx_word' id='word_1_603' title='bbox 2210 1803 2582 1874; x_wconf 84' lang='lat' dir='ltr'><strong>imperfectam</strong></span> <span class='ocrx_word' id='word_1_604' title='bbox 2631 1802 2893 1856; x_wconf 83' lang='lat' dir='ltr'><strong>malitiam</strong></span> <span class='ocrx_word' id='word_1_605' title='bbox 2940 1817 3062 1858; x_wconf 87' lang='lat' dir='ltr'><strong>esse</strong></span> <span class='ocrx_word' id='word_1_606' title='bbox 3107 1802 3331 1865; x_wconf 90' lang='lat' dir='ltr'><strong>sinunt,</strong></span> <span class='ocrx_word' id='word_1_607' title='bbox 3362 1801 3456 1856; x_wconf 89' lang='lat' dir='ltr'><strong>sed</strong></span> <span class='ocrx_word' id='word_1_608' title='bbox 3500 1803 3554 1854; x_wconf 90' lang='lat' dir='ltr'><strong>in</strong></span> 
     </span>
    </p>
   </div>
   <div class='ocr_carea' id='block_1_81' title="bbox 1981 1892 3552 1962">
    <p class='ocr_par' dir='ltr' id='par_1_81' title="bbox 1981 1892 3552 1962">
     <span class='ocr_line' id='line_1_81' title="bbox 1981 1892 3552 1962; baseline -0.003 -13"><span class='ocrx_word' id='word_1_609' title='bbox 1981 1894 2191 1949; x_wconf 86' lang='lat' dir='ltr'><strong>malitia</strong></span> <span class='ocrx_word' id='word_1_610' title='bbox 2222 1908 2412 1948; x_wconf 90' lang='lat' dir='ltr'><strong>omnes</strong></span> <span class='ocrx_word' id='word_1_611' title='bbox 2443 1908 2704 1947; x_wconf 89' lang='lat' dir='ltr'><strong>numeros</strong></span> <span class='ocrx_word' id='word_1_612' title='bbox 2734 1892 2936 1947; x_wconf 90' lang='lat' dir='ltr'><strong>habent</strong></span> <span class='ocrx_word' id='word_1_613' title='bbox 2972 1911 2985 1947; x_wconf 94' lang='lat'><strong>:</strong></span> <span class='ocrx_word' id='word_1_614' title='bbox 3029 1906 3261 1962; x_wconf 89' lang='lat' dir='ltr'><strong>quorum</strong></span> <span class='ocrx_word' id='word_1_615' title='bbox 3309 1893 3552 1945; x_wconf 89' lang='lat' dir='ltr'><strong>omnium</strong></span> 
     </span>
    </p>
   </div>
   <div class='ocr_carea' id='block_1_82' title="bbox 1980 1979 3554 2051">
    <p class='ocr_par' dir='ltr' id='par_1_82' title="bbox 1980 1979 3554 2051">
     <span class='ocr_line' id='line_1_82' title="bbox 1980 1979 3554 2051; baseline -0.001 -14"><span class='ocrx_word' id='word_1_616' title='bbox 1980 1984 2154 2038; x_wconf 83' lang='lat' dir='ltr'><strong>victor</strong></span> <span class='ocrx_word' id='word_1_617' title='bbox 2189 1983 2246 2037; x_wconf 85' lang='lat' dir='ltr'><strong>ﬁt</strong></span> <span class='ocrx_word' id='word_1_618' title='bbox 2274 1998 2381 2036; x_wconf 90' lang='lat' dir='ltr'><strong>una</strong></span> <span class='ocrx_word' id='word_1_619' title='bbox 2413 1983 2504 2036; x_wconf 91' lang='lat' dir='ltr'><strong>illa</strong></span> <span class='ocrx_word' id='word_1_620' title='bbox 2533 1996 2689 2047; x_wconf 83' lang='lat' dir='ltr'><strong>voce,</strong></span> <span class='ocrx_word' id='word_1_621' title='bbox 2722 1996 2829 2051; x_wconf 89' lang='lat' dir='ltr'><strong>qua</strong></span> <span class='ocrx_word' id='word_1_622' title='bbox 2862 1995 3017 2037; x_wconf 92' lang='lat' dir='ltr'><strong>suam</strong></span> <span class='ocrx_word' id='word_1_623' title='bbox 3057 1996 3184 2051; x_wconf 80' lang='lat' dir='ltr'><strong>erga</strong></span> <span class='ocrx_word' id='word_1_624' title='bbox 3216 1979 3385 2036; x_wconf 88' lang='lat' dir='ltr'><strong>Deum</strong></span> <span class='ocrx_word' id='word_1_625' title='bbox 3419 1980 3554 2035; x_wconf 68' lang='lat' dir='ltr'><strong>alie-</strong></span> 
     </span>
    </p>
   </div>
   <div class='ocr_carea' id='block_1_83' title="bbox 1980 2070 3554 2144">
    <p class='ocr_par' dir='ltr' id='par_1_83' title="bbox 1980 2070 3554 2144">
     <span class='ocr_line' id='line_1_83' title="bbox 1980 2070 3554 2144; baseline -0.002 -16"><span class='ocrx_word' id='word_1_626' title='bbox 1980 2074 2214 2128; x_wconf 91' lang='lat' dir='ltr'><strong>ctionem</strong></span> <span class='ocrx_word' id='word_1_627' title='bbox 2249 2073 2452 2144; x_wconf 90' lang='lat' dir='ltr'><strong>prodit,</strong></span> <span class='ocrx_word' id='word_1_628' title='bbox 2492 2086 2616 2128; x_wconf 93' lang='lat' dir='ltr'><strong>cum</strong></span> <span class='ocrx_word' id='word_1_629' title='bbox 2656 2070 2734 2126; x_wconf 88' lang='lat' dir='ltr'><strong>ait</strong></span> <span class='ocrx_word' id='word_1_630' title='bbox 2767 2088 2780 2126; x_wconf 88' lang='lat'><strong>:</strong></span> <span class='ocrx_word' id='word_1_631' title='bbox 2827 2089 2848 2124; x_wconf 74' lang='grc' dir='ltr'>ι</span> <span class='ocrx_word' id='word_1_632' title='bbox 2885 2070 2999 2144; x_wconf 77' lang='lat' dir='ltr'><strong>Ego</strong></span> <span class='ocrx_word' id='word_1_633' title='bbox 3033 2079 3214 2126; x_wconf 89' lang='lat' dir='ltr'><strong>autem</strong></span> <span class='ocrx_word' id='word_1_634' title='bbox 3255 2072 3311 2124; x_wconf 89' lang='lat' dir='ltr'><strong>in</strong></span> <span class='ocrx_word' id='word_1_635' title='bbox 3349 2079 3398 2126; x_wconf 90' lang='lat' dir='ltr'><strong>te</strong></span> <span class='ocrx_word' id='word_1_636' title='bbox 3433 2086 3554 2140; x_wconf 86' lang='lat' dir='ltr'><strong>spe-</strong></span> 
     </span>
    </p>
   </div>
   <div class='ocr_carea' id='block_1_84' title="bbox 1981 2163 2196 2220">
    <p class='ocr_par' dir='ltr' id='par_1_84' title="bbox 1981 2163 2196 2220">
     <span class='ocr_line' id='line_1_84' title="bbox 1981 2163 2196 2220; baseline -0.009 -2"><span class='ocrx_word' id='word_1_637' title='bbox 1981 2163 2134 2220; x_wconf 86' lang='lat' dir='ltr'><strong>rabo.</strong></span> <span class='ocrx_word' id='word_1_638' title='bbox 2177 2183 2196 2216; x_wconf 74' lang='grc' dir='ltr'><strong>ι</strong></span> 
     </span>
    </p>
   </div>
   <div class='ocr_carea' id='block_1_85' title="bbox 2573 2346 2971 2404">
    <p class='ocr_par' dir='ltr' id='par_1_85' title="bbox 2573 2346 2971 2404">
     <span class='ocr_line' id='line_1_85' title="bbox 2573 2346 2971 2404; baseline -0.008 0"><span class='ocrx_word' id='word_1_639' title='bbox 2573 2346 2802 2404; x_wconf 78' lang='lat' dir='ltr'><strong>CAPUT</strong></span> <span class='ocrx_word' id='word_1_640' title='bbox 2829 2346 2971 2402; x_wconf 79' lang='lat' dir='ltr'><strong>XIV.</strong></span> 
     </span>
    </p>
   </div>
   <div class='ocr_carea' id='block_1_86' title="bbox 2048 2437 3552 2509">
    <p class='ocr_par' dir='ltr' id='par_1_86' title="bbox 2048 2437 3552 2509">
     <span class='ocr_line' id='line_1_86' title="bbox 2048 2437 3552 2509; baseline -0.001 -16"><span class='ocrx_word' id='word_1_641' title='bbox 2048 2438 2334 2496; x_wconf 76' lang='lat' dir='ltr'><strong>Praedictis</strong></span> <span class='ocrx_word' id='word_1_642' title='bbox 2362 2438 2619 2496; x_wconf 85' lang='lat' dir='ltr'><strong>sensibus</strong></span> <span class='ocrx_word' id='word_1_643' title='bbox 2658 2440 2945 2504; x_wconf 85' lang='lat' dir='ltr'><strong>insistens,</strong></span> <span class='ocrx_word' id='word_1_644' title='bbox 2980 2437 3294 2509; x_wconf 84' lang='lat' dir='ltr'><strong>quicunque</strong></span> <span class='ocrx_word' id='word_1_645' title='bbox 3360 2438 3552 2492; x_wconf 86' lang='lat' dir='ltr'><strong>barum</strong></span> 
     </span>
    </p>
   </div>
   <div class='ocr_carea' id='block_1_87' title="bbox 1980 2530 3555 2603">
    <p class='ocr_par' dir='ltr' id='par_1_87' title="bbox 1980 2530 3555 2603">
     <span class='ocr_line' id='line_1_87' title="bbox 1980 2530 3555 2603; baseline -0.001 -19"><span class='ocrx_word' id='word_1_646' title='bbox 1980 2546 2163 2586; x_wconf 85' lang='lat' dir='ltr'><strong>rerum</strong></span> <span class='ocrx_word' id='word_1_647' title='bbox 2185 2531 2470 2588; x_wconf 89' lang='lat' dir='ltr'><strong>studiosus</strong></span> <span class='ocrx_word' id='word_1_648' title='bbox 2503 2539 2608 2597; x_wconf 91' lang='lat' dir='ltr'><strong>est,</strong></span> <span class='ocrx_word' id='word_1_649' title='bbox 2654 2533 2774 2603; x_wconf 89' lang='lat' dir='ltr'><strong>ipse</strong></span> <span class='ocrx_word' id='word_1_650' title='bbox 2813 2547 2913 2588; x_wconf 83' lang='lat' dir='ltr'><strong>suo</strong></span> <span class='ocrx_word' id='word_1_651' title='bbox 2938 2530 3121 2588; x_wconf 87' lang='lat' dir='ltr'><strong>studio</strong></span> <span class='ocrx_word' id='word_1_652' title='bbox 3169 2530 3434 2586; x_wconf 88' lang='lat' dir='ltr'><strong>divinitus</strong></span> <span class='ocrx_word' id='word_1_653' title='bbox 3471 2530 3555 2583; x_wconf 86' lang='lat' dir='ltr'><strong>in-</strong></span> 
     </span>
    </p>
   </div>
   <div class='ocr_carea' id='block_1_88' title="bbox 1981 2623 3553 2695">
    <p class='ocr_par' dir='ltr' id='par_1_88' title="bbox 1981 2623 3553 2695">
     <span class='ocr_line' id='line_1_88' title="bbox 1981 2623 3553 2695; baseline -0.002 -17"><span class='ocrx_word' id='word_1_654' title='bbox 1981 2625 2184 2695; x_wconf 88' lang='lat' dir='ltr'><strong>spirata</strong></span> <span class='ocrx_word' id='word_1_655' title='bbox 2220 2624 2538 2694; x_wconf 75' lang='lat' dir='ltr'><strong>psalmodia:</strong></span> <span class='ocrx_word' id='word_1_656' title='bbox 2572 2623 2736 2693; x_wconf 88' lang='lat' dir='ltr'><strong>hujus</strong></span> <span class='ocrx_word' id='word_1_657' title='bbox 2795 2624 2959 2678; x_wconf 89' lang='lat' dir='ltr'><strong>verba</strong></span> <span class='ocrx_word' id='word_1_658' title='bbox 3018 2630 3342 2693; x_wconf 81' lang='lat' dir='ltr'><strong>percurrat:</strong></span> <span class='ocrx_word' id='word_1_659' title='bbox 3404 2636 3475 2676; x_wconf 89' lang='lat' dir='ltr'><strong>ne</strong></span> <span class='ocrx_word' id='word_1_660' title='bbox 3522 2636 3553 2674; x_wconf 88' lang='lat' dir='ltr'><strong>a</strong></span> 
     </span>
    </p>
   </div>
   <div class='ocr_carea' id='block_1_89' title="bbox 1980 2714 3551 2786">
    <p class='ocr_par' dir='ltr' id='par_1_89' title="bbox 1980 2714 3551 2786">
     <span class='ocr_line' id='line_1_89' title="bbox 1980 2714 3551 2786; baseline -0.003 -17"><span class='ocrx_word' id='word_1_661' title='bbox 1980 2716 2138 2770; x_wconf 88' lang='lat' dir='ltr'><strong>nobis</strong></span> <span class='ocrx_word' id='word_1_662' title='bbox 2195 2714 2449 2770; x_wconf 77' lang='lat' dir='ltr'><strong>confusio</strong></span> <span class='ocrx_word' id='word_1_663' title='bbox 2488 2716 2674 2786; x_wconf 88' lang='lat' dir='ltr'><strong>potius</strong></span> <span class='ocrx_word' id='word_1_664' title='bbox 2718 2714 3124 2781; x_wconf 88' lang='lat' dir='ltr'><strong>introducatur,</strong></span> <span class='ocrx_word' id='word_1_665' title='bbox 3163 2714 3209 2769; x_wconf 92' lang='lat' dir='ltr'><strong>si</strong></span> <span class='ocrx_word' id='word_1_666' title='bbox 3267 2714 3449 2767; x_wconf 84' lang='lat' dir='ltr'><strong>omnia</strong></span> <span class='ocrx_word' id='word_1_667' title='bbox 3484 2714 3551 2766; x_wconf 80' lang='lat' dir='ltr'><strong>ad</strong></span> 
     </span>
    </p>
   </div>
   <div class='ocr_carea' id='block_1_90' title="bbox 1977 2804 3553 2877">
    <p class='ocr_par' dir='ltr' id='par_1_90' title="bbox 1977 2804 3553 2877">
     <span class='ocr_line' id='line_1_90' title="bbox 1977 2804 3553 2877; baseline -0.002 -16"><span class='ocrx_word' id='word_1_668' title='bbox 1977 2808 2206 2861; x_wconf 89' lang='lat' dir='ltr'><strong>verbum</strong></span> <span class='ocrx_word' id='word_1_669' title='bbox 2259 2821 2563 2877; x_wconf 82' lang='lat' dir='ltr'><strong>exponam,</strong></span> <span class='ocrx_word' id='word_1_670' title='bbox 2627 2805 3169 2877; x_wconf 89' lang='lat' dir='ltr'><strong>disputationemque</strong></span> <span class='ocrx_word' id='word_1_671' title='bbox 3228 2804 3284 2858; x_wconf 89' lang='lat' dir='ltr'><strong>in</strong></span> <span class='ocrx_word' id='word_1_672' title='bbox 3359 2806 3553 2874; x_wconf 64' lang='lat' dir='ltr'><strong>quovis</strong></span> 
     </span>
    </p>
   </div>
   <div class='ocr_carea' id='block_1_91' title="bbox 1980 2894 3550 2965">
    <p class='ocr_par' dir='ltr' id='par_1_91' title="bbox 1980 2894 3550 2965">
     <span class='ocr_line' id='line_1_91' title="bbox 1980 2894 3550 2965; baseline -0.001 -16"><span class='ocrx_word' id='word_1_673' title='bbox 1980 2910 2146 2950; x_wconf 87' lang='lat' dir='ltr'><strong>sensu</strong></span> <span class='ocrx_word' id='word_1_674' title='bbox 2182 2895 2399 2965; x_wconf 86' lang='lat' dir='ltr'><strong>longius</strong></span> <span class='ocrx_word' id='word_1_675' title='bbox 2455 2894 2791 2965; x_wconf 88' lang='lat' dir='ltr'><strong>protrabam.</strong></span> <span class='ocrx_word' id='word_1_676' title='bbox 2848 2894 3318 2960; x_wconf 85' lang='lat' dir='ltr'><strong>Quemadmodum</strong></span> <span class='ocrx_word' id='word_1_677' title='bbox 3371 2903 3550 2948; x_wconf 88' lang='lat' dir='ltr'><strong>autem</strong></span> 
     </span>
    </p>
   </div>
   <div class='ocr_carea' id='block_1_92' title="bbox 1980 2985 3551 3058">
    <p class='ocr_par' dir='ltr' id='par_1_92' title="bbox 1980 2985 3551 3058">
     <span class='ocr_line' id='line_1_92' title="bbox 1980 2985 3551 3058; baseline -0.001 -17"><span class='ocrx_word' id='word_1_678' title='bbox 1980 2988 2081 3049; x_wconf 87' lang='lat' dir='ltr'><strong>illi,</strong></span> <span class='ocrx_word' id='word_1_679' title='bbox 2109 2986 2204 3057; x_wconf 91' lang='lat' dir='ltr'><strong>qui</strong></span> <span class='ocrx_word' id='word_1_680' title='bbox 2234 2985 2506 3042; x_wconf 80' lang='lat' dir='ltr'><strong>diﬂicilem</strong></span> <span class='ocrx_word' id='word_1_681' title='bbox 2540 2998 2593 3043; x_wconf 90' lang='lat' dir='ltr'><strong>ct</strong></span> <span class='ocrx_word' id='word_1_682' title='bbox 2635 2987 2967 3058; x_wconf 64' lang='lat' dir='ltr'><strong>praecipitem</strong></span> <span class='ocrx_word' id='word_1_683' title='bbox 3035 2988 3178 3041; x_wconf 73' lang='lat' dir='ltr'><strong>viam</strong></span> <span class='ocrx_word' id='word_1_684' title='bbox 3224 2987 3551 3049; x_wconf 77' lang='lat' dir='ltr'><strong>ascendunt,</strong></span> 
     </span>
    </p>
   </div>
   <div class='ocr_carea' id='block_1_93' title="bbox 1976 3080 3550 3150">
    <p class='ocr_par' dir='ltr' id='par_1_93' title="bbox 1976 3080 3550 3150">
     <span class='ocr_line' id='line_1_93' title="bbox 1976 3080 3550 3150; baseline -0.003 -14"><span class='ocrx_word' id='word_1_685' title='bbox 1976 3081 2020 3136; x_wconf 92' lang='lat' dir='ltr'><strong>si</strong></span> <span class='ocrx_word' id='word_1_686' title='bbox 2054 3082 2259 3135; x_wconf 88' lang='lat' dir='ltr'><strong>interea</strong></span> <span class='ocrx_word' id='word_1_687' title='bbox 2297 3080 2481 3136; x_wconf 87' lang='lat' dir='ltr'><strong>sedem</strong></span> <span class='ocrx_word' id='word_1_688' title='bbox 2509 3081 2746 3150; x_wconf 88' lang='lat' dir='ltr'><strong>aliquam</strong></span> <span class='ocrx_word' id='word_1_689' title='bbox 2797 3081 3092 3150; x_wconf 84' lang='lat' dir='ltr'><strong>reperiant,</strong></span> <span class='ocrx_word' id='word_1_690' title='bbox 3146 3080 3550 3134; x_wconf 85' lang='lat' dir='ltr'><strong>contentionem</strong></span> 
     </span>
    </p>
   </div>
   <div class='ocr_carea' id='block_1_94' title="bbox 1978 3171 3552 3241">
    <p class='ocr_par' dir='ltr' id='par_1_94' title="bbox 1978 3171 3552 3241">
     <span class='ocr_line' id='line_1_94' title="bbox 1978 3171 3552 3241; baseline -0.001 -15"><span class='ocrx_word' id='word_1_691' title='bbox 1978 3171 2125 3226; x_wconf 85' lang='lat' dir='ltr'><strong>illam</strong></span> <span class='ocrx_word' id='word_1_692' title='bbox 2169 3171 2372 3227; x_wconf 89' lang='lat' dir='ltr'><strong>laboris</strong></span> <span class='ocrx_word' id='word_1_693' title='bbox 2401 3172 2707 3239; x_wconf 88' lang='lat' dir='ltr'><strong>remittunt,</strong></span> <span class='ocrx_word' id='word_1_694' title='bbox 2744 3179 2805 3226; x_wconf 90' lang='lat' dir='ltr'><strong>ut</strong></span> <span class='ocrx_word' id='word_1_695' title='bbox 2832 3171 3131 3241; x_wconf 79' lang='lat' dir='ltr'><strong>resumptis</strong></span> <span class='ocrx_word' id='word_1_696' title='bbox 3188 3178 3242 3226; x_wconf 91' lang='lat' dir='ltr'><strong>et</strong></span> <span class='ocrx_word' id='word_1_697' title='bbox 3277 3172 3552 3239; x_wconf 84' lang='lat' dir='ltr'><strong>reparatis</strong></span> 
     </span>
    </p>
   </div>
   <div class='ocr_carea' id='block_1_95' title="bbox 1976 3263 3552 3335">
    <p class='ocr_par' dir='ltr' id='par_1_95' title="bbox 1976 3263 3552 3335">
     <span class='ocr_line' id='line_1_95' title="bbox 1976 3263 3552 3335; baseline -0.003 -16"><span class='ocrx_word' id='word_1_698' title='bbox 1976 3264 2185 3321; x_wconf 86' lang='lat' dir='ltr'><strong>viribus</strong></span> <span class='ocrx_word' id='word_1_699' title='bbox 2214 3266 2426 3335; x_wconf 89' lang='lat' dir='ltr'><strong>seipsos</strong></span> <span class='ocrx_word' id='word_1_700' title='bbox 2458 3263 2526 3318; x_wconf 92' lang='lat' dir='ltr'><strong>ad</strong></span> <span class='ocrx_word' id='word_1_701' title='bbox 2561 3264 2871 3335; x_wconf 88' lang='lat' dir='ltr'><strong>superanda</strong></span> <span class='ocrx_word' id='word_1_702' title='bbox 2908 3263 3142 3320; x_wconf 90' lang='lat' dir='ltr'><strong>celsiora</strong></span> <span class='ocrx_word' id='word_1_703' title='bbox 3186 3277 3308 3332; x_wconf 70' lang='lat' dir='ltr'><strong>qum</strong></span> <span class='ocrx_word' id='word_1_704' title='bbox 3343 3269 3552 3317; x_wconf 66' lang='lat' dir='ltr'><strong>restant</strong></span> 
     </span>
    </p>
   </div>
   <div class='ocr_carea' id='block_1_96' title="bbox 1977 3354 3552 3426">
    <p class='ocr_par' dir='ltr' id='par_1_96' title="bbox 1977 3354 3552 3426">
     <span class='ocr_line' id='line_1_96' title="bbox 1977 3354 3552 3426; baseline -0.002 -17"><span class='ocrx_word' id='word_1_705' title='bbox 1977 3354 2191 3426; x_wconf 78' lang='lat' dir='ltr'><strong>fastigia</strong></span> <span class='ocrx_word' id='word_1_706' title='bbox 2224 3356 2464 3411; x_wconf 77' lang='lat' dir='ltr'><strong>excitent</strong></span> <span class='ocrx_word' id='word_1_707' title='bbox 2507 3373 2521 3410; x_wconf 88' lang='lat'><strong>:</strong></span> <span class='ocrx_word' id='word_1_708' title='bbox 2559 3354 2638 3411; x_wconf 94' lang='lat' dir='ltr'><strong>sic</strong></span> <span class='ocrx_word' id='word_1_709' title='bbox 2685 3363 2740 3410; x_wconf 89' lang='lat' dir='ltr'><strong>et</strong></span> <span class='ocrx_word' id='word_1_710' title='bbox 2790 3355 3006 3410; x_wconf 91' lang='lat' dir='ltr'><strong>virtutis</strong></span> <span class='ocrx_word' id='word_1_711' title='bbox 3066 3361 3328 3421; x_wconf 86' lang='lat' dir='ltr'><strong>sectator,</strong></span> <span class='ocrx_word' id='word_1_712' title='bbox 3390 3355 3552 3423; x_wconf 86' lang='lat' dir='ltr'><strong>cujus</strong></span> 
     </span>
    </p>
   </div>
   <div class='ocr_carea' id='block_1_97' title="bbox 1976 3445 3547 3508">
    <p class='ocr_par' dir='ltr' id='par_1_97' title="bbox 1976 3445 3547 3508">
     <span class='ocr_line' id='line_1_97' title="bbox 1976 3445 3547 3508; baseline -0.003 -7"><span class='ocrx_word' id='word_1_713' title='bbox 1976 3447 2329 3503; x_wconf 88' lang='lat' dir='ltr'><strong>ascensiones</strong></span> <span class='ocrx_word' id='word_1_714' title='bbox 2369 3452 2500 3501; x_wconf 88' lang='lat' dir='ltr'><strong>sunt</strong></span> <span class='ocrx_word' id='word_1_715' title='bbox 2528 3446 2772 3502; x_wconf 69' lang='lat' dir='ltr'><strong>victoria:</strong></span> <span class='ocrx_word' id='word_1_716' title='bbox 2805 3446 2874 3500; x_wconf 87' lang='lat' dir='ltr'><strong>ab</strong></span> <span class='ocrx_word' id='word_1_717' title='bbox 2933 3445 3265 3501; x_wconf 88' lang='lat' dir='ltr'><strong>adversariis</strong></span> <span class='ocrx_word' id='word_1_718' title='bbox 3329 3447 3547 3508; x_wconf 68' lang='lat' dir='ltr'><strong>relatae,</strong></span> 
     </span>
    </p>
   </div>
   <div class='ocr_carea' id='block_1_98' title="bbox 1975 3535 3552 3609">
    <p class='ocr_par' dir='ltr' id='par_1_98' title="bbox 1975 3535 3552 3609">
     <span class='ocr_line' id='line_1_98' title="bbox 1975 3535 3552 3609; baseline -0.003 -18"><span class='ocrx_word' id='word_1_719' title='bbox 1975 3535 2435 3609; x_wconf 86' lang='lat' dir='ltr'><strong>quemadmodum</strong></span> <span class='ocrx_word' id='word_1_720' title='bbox 2464 3536 2749 3605; x_wconf 90' lang='lat' dir='ltr'><strong>inscriptio</strong></span> <span class='ocrx_word' id='word_1_721' title='bbox 2772 3535 3130 3605; x_wconf 65' lang='lat' dir='ltr'><strong>praecedentis</strong></span> <span class='ocrx_word' id='word_1_722' title='bbox 3154 3536 3346 3605; x_wconf 79' lang='lat' dir='ltr'><strong>psalmi</strong></span> <span class='ocrx_word' id='word_1_723' title='bbox 3385 3545 3552 3591; x_wconf 80' lang='lat' dir='ltr'><strong>testa-</strong></span> 
     </span>
    </p>
   </div>
   <div class='ocr_carea' id='block_1_99' title="bbox 1976 3616 3552 3699">
    <p class='ocr_par' dir='ltr' id='par_1_99' title="bbox 1976 3616 3552 3699">
     <span class='ocr_line' id='line_1_99' title="bbox 1976 3616 3552 3699; baseline -0.003 -15"><span class='ocrx_word' id='word_1_724' title='bbox 1976 3637 2083 3696; x_wconf 87' lang='lat' dir='ltr'><strong>tur,</strong></span> <span class='ocrx_word' id='word_1_725' title='bbox 2116 3616 2408 3699; x_wconf 86' lang='lat' dir='ltr'><strong>adeptione</strong></span> <span class='ocrx_word' id='word_1_726' title='bbox 2446 3628 2696 3682; x_wconf 70' lang='lat' dir='ltr'><strong>victoria:</strong></span> <span class='ocrx_word' id='word_1_727' title='bbox 2750 3626 2992 3697; x_wconf 86' lang='lat' dir='ltr'><strong>seipsum</strong></span> <span class='ocrx_word' id='word_1_728' title='bbox 3033 3628 3392 3690; x_wconf 83' lang='lat' dir='ltr'><strong>conﬁrmans,</strong></span> <span class='ocrx_word' id='word_1_729' title='bbox 3428 3645 3552 3681; x_wconf 82' lang='lat' dir='ltr'><strong>rur-</strong></span> 
     </span>
    </p>
   </div>
   <div class='ocr_carea' id='block_1_100' title="bbox 1977 3717 3550 3789">
    <p class='ocr_par' dir='ltr' id='par_1_100' title="bbox 1977 3717 3550 3789">
     <span class='ocr_line' id='line_1_100' title="bbox 1977 3717 3550 3789; baseline -0.003 -12"><span class='ocrx_word' id='word_1_730' title='bbox 1977 3735 2098 3777; x_wconf 91' lang='lat' dir='ltr'><strong>sum</strong></span> <span class='ocrx_word' id='word_1_731' title='bbox 2132 3720 2199 3774; x_wconf 91' lang='lat' dir='ltr'><strong>ad</strong></span> <span class='ocrx_word' id='word_1_732' title='bbox 2227 3720 2475 3774; x_wconf 89' lang='lat' dir='ltr'><strong>altiorem</strong></span> <span class='ocrx_word' id='word_1_733' title='bbox 2504 3725 2558 3774; x_wconf 91' lang='lat' dir='ltr'><strong>et</strong></span> <span class='ocrx_word' id='word_1_734' title='bbox 2589 3718 2993 3789; x_wconf 63' lang='lat' dir='ltr'><strong>praeclariorem</strong></span> <span class='ocrx_word' id='word_1_735' title='bbox 3015 3717 3338 3786; x_wconf 82' lang='lat' dir='ltr'><strong>accingitur.</strong></span> <span class='ocrx_word' id='word_1_736' title='bbox 3358 3717 3550 3788; x_wconf 72' lang='lat' dir='ltr'><strong>Magna</strong></span> 
     </span>
    </p>
   </div>
   <div class='ocr_carea' id='block_1_101' title="bbox 1976 3806 3546 3881">
    <p class='ocr_par' dir='ltr' id='par_1_101' title="bbox 1976 3806 3546 3881">
     <span class='ocr_line' id='line_1_101' title="bbox 1976 3806 3546 3881; baseline -0.003 -16"><span class='ocrx_word' id='word_1_737' title='bbox 1976 3810 2195 3881; x_wconf 89' lang='lat' dir='ltr'><strong>quidem</strong></span> <span class='ocrx_word' id='word_1_738' title='bbox 2226 3810 2373 3864; x_wconf 91' lang='lat' dir='ltr'><strong>lucta</strong></span> <span class='ocrx_word' id='word_1_739' title='bbox 2400 3808 2455 3862; x_wconf 89' lang='lat' dir='ltr'><strong>in</strong></span> <span class='ocrx_word' id='word_1_740' title='bbox 2485 3809 2815 3878; x_wconf 71' lang='lat' dir='ltr'><strong>prazcedenti</strong></span> <span class='ocrx_word' id='word_1_741' title='bbox 2850 3808 3063 3879; x_wconf 86' lang='lat' dir='ltr'><strong>psalmo</strong></span> <span class='ocrx_word' id='word_1_742' title='bbox 3102 3806 3376 3876; x_wconf 89' lang='lat' dir='ltr'><strong>descripta</strong></span> <span class='ocrx_word' id='word_1_743' title='bbox 3424 3817 3507 3862; x_wconf 88' lang='lat' dir='ltr'><strong>cst</strong></span> <span class='ocrx_word' id='word_1_744' title='bbox 3533 3848 3546 3871; x_wconf 93' lang='lat'><strong>,</strong></span> 
     </span>
    </p>
   </div>
   <div class='ocr_carea' id='block_1_102' title="bbox 1974 3898 3549 3972">
    <p class='ocr_par' dir='ltr' id='par_1_102' title="bbox 1974 3898 3549 3972">
     <span class='ocr_line' id='line_1_102' title="bbox 1974 3898 3549 3972; baseline -0.004 -15"><span class='ocrx_word' id='word_1_745' title='bbox 1974 3918 2040 3958; x_wconf 86' lang='lat' dir='ltr'><strong>ex</strong></span> <span class='ocrx_word' id='word_1_746' title='bbox 2076 3916 2185 3972; x_wconf 90' lang='lat' dir='ltr'><strong>qua</strong></span> <span class='ocrx_word' id='word_1_747' title='bbox 2208 3899 2385 3955; x_wconf 88' lang='lat' dir='ltr'><strong>victor</strong></span> <span class='ocrx_word' id='word_1_748' title='bbox 2420 3901 2553 3955; x_wconf 89' lang='lat' dir='ltr'><strong>abiit</strong></span> <span class='ocrx_word' id='word_1_749' title='bbox 2582 3918 2596 3954; x_wconf 90' lang='lat'><strong>:</strong></span> <span class='ocrx_word' id='word_1_750' title='bbox 2630 3900 2797 3965; x_wconf 88' lang='lat' dir='ltr'><strong>lucta,</strong></span> <span class='ocrx_word' id='word_1_751' title='bbox 2830 3899 3076 3969; x_wconf 89' lang='lat' dir='ltr'><strong>inquam,</strong></span> <span class='ocrx_word' id='word_1_752' title='bbox 3108 3898 3368 3963; x_wconf 71' lang='lat' dir='ltr'><strong>tristitite,</strong></span> <span class='ocrx_word' id='word_1_753' title='bbox 3400 3912 3549 3953; x_wconf 76' lang='lat' dir='ltr'><strong>exer-</strong></span> 
     </span>
    </p>
   </div>
   <div class='ocr_carea' id='block_1_103' title="bbox 1976 3989 3549 4058">
    <p class='ocr_par' dir='ltr' id='par_1_103' title="bbox 1976 3989 3549 4058">
     <span class='ocr_line' id='line_1_103' title="bbox 1976 3989 3549 4058; baseline -0.005 -9"><span class='ocrx_word' id='word_1_754' title='bbox 1976 3993 2278 4058; x_wconf 89' lang='lat' dir='ltr'><strong>citationis,</strong></span> <span class='ocrx_word' id='word_1_755' title='bbox 2314 3992 2774 4058; x_wconf 84' lang='lat' dir='ltr'><strong>conturbationis,</strong></span> <span class='ocrx_word' id='word_1_756' title='bbox 2836 3990 3246 4046; x_wconf 87' lang='lat' dir='ltr'><strong>inimicitiarum</strong></span> <span class='ocrx_word' id='word_1_757' title='bbox 3309 3998 3362 4045; x_wconf 90' lang='lat' dir='ltr'><strong>et</strong></span> <span class='ocrx_word' id='word_1_758' title='bbox 3394 3989 3549 4042; x_wconf 87' lang='lat' dir='ltr'><strong>audi-</strong></span> 
     </span>
    </p>
   </div>
   <div class='ocr_carea' id='block_1_104' title="bbox 1975 4082 3551 4152">
    <p class='ocr_par' dir='ltr' id='par_1_104' title="bbox 1975 4082 3551 4152">
     <span class='ocr_line' id='line_1_104' title="bbox 1975 4082 3551 4152; baseline -0.005 -12"><span class='ocrx_word' id='word_1_759' title='bbox 1975 4085 2140 4141; x_wconf 91' lang='lat' dir='ltr'><strong>tionis</strong></span> <span class='ocrx_word' id='word_1_760' title='bbox 2168 4103 2181 4140; x_wconf 90' lang='lat'><strong>:</strong></span> <span class='ocrx_word' id='word_1_761' title='bbox 2212 4084 2292 4141; x_wconf 91' lang='lat' dir='ltr'><strong>sic</strong></span> <span class='ocrx_word' id='word_1_762' title='bbox 2313 4084 2458 4140; x_wconf 90' lang='lat' dir='ltr'><strong>enim</strong></span> <span class='ocrx_word' id='word_1_763' title='bbox 2509 4097 2698 4139; x_wconf 90' lang='lat' dir='ltr'><strong>vocem</strong></span> <span class='ocrx_word' id='word_1_764' title='bbox 2734 4082 2944 4138; x_wconf 90' lang='lat' dir='ltr'><strong>inimici</strong></span> <span class='ocrx_word' id='word_1_765' title='bbox 2977 4083 3347 4152; x_wconf 79' lang='lat' dir='ltr'><strong>interpretor:</strong></span> <span class='ocrx_word' id='word_1_766' title='bbox 3373 4088 3426 4136; x_wconf 86' lang='lat' dir='ltr'><strong>ct</strong></span> <span class='ocrx_word' id='word_1_767' title='bbox 3453 4083 3551 4133; x_wconf 81' lang='lat' dir='ltr'><strong>tri-</strong></span> 
     </span>
    </p>
   </div>
   <div class='ocr_carea' id='block_1_105' title="bbox 1974 4173 3551 4247">
    <p class='ocr_par' dir='ltr' id='par_1_105' title="bbox 1974 4173 3551 4247">
     <span class='ocr_line' id='line_1_105' title="bbox 1974 4173 3551 4247; baseline -0.004 -14"><span class='ocrx_word' id='word_1_768' title='bbox 1974 4178 2275 4234; x_wconf 90' lang='lat' dir='ltr'><strong>bulationis</strong></span> <span class='ocrx_word' id='word_1_769' title='bbox 2311 4191 2341 4231; x_wconf 92' lang='lat' dir='ltr'><strong>a</strong></span> <span class='ocrx_word' id='word_1_770' title='bbox 2371 4176 2755 4247; x_wconf 87' lang='lat' dir='ltr'><strong>peccatoribus</strong></span> <span class='ocrx_word' id='word_1_771' title='bbox 2776 4174 3052 4245; x_wconf 55' lang='lat' dir='ltr'><strong>profecta,</strong></span> <span class='ocrx_word' id='word_1_772' title='bbox 3074 4184 3128 4228; x_wconf 89' lang='lat' dir='ltr'><strong>et</strong></span> <span class='ocrx_word' id='word_1_773' title='bbox 3149 4174 3244 4228; x_wconf 75' lang='lat' dir='ltr'><strong>ira:</strong></span> <span class='ocrx_word' id='word_1_774' title='bbox 3272 4173 3551 4242; x_wconf 80' lang='lat' dir='ltr'><strong>indignan-</strong></span> 
     </span>
    </p>
   </div>
   <div class='ocr_carea' id='block_1_106' title="bbox 1907 4264 3551 4349">
    <p class='ocr_par' dir='ltr' id='par_1_106' title="bbox 1907 4264 3551 4349">
     <span class='ocr_line' id='line_1_106' title="bbox 1907 4264 3551 4349; baseline -0.006 -23"><span class='ocrx_word' id='word_1_775' title='bbox 1907 4294 1951 4349; x_wconf 68' lang='grc' dir='ltr'><strong>Ι)</strong></span> <span class='ocrx_word' id='word_1_776' title='bbox 1981 4271 2137 4335; x_wconf 91' lang='lat' dir='ltr'><strong>tium,</strong></span> <span class='ocrx_word' id='word_1_777' title='bbox 2175 4269 2376 4341; x_wconf 90' lang='lat' dir='ltr'><strong>quibus</strong></span> <span class='ocrx_word' id='word_1_778' title='bbox 2428 4269 2780 4324; x_wconf 89' lang='lat' dir='ltr'><strong>concitantur</strong></span> <span class='ocrx_word' id='word_1_779' title='bbox 2812 4265 3048 4320; x_wconf 90' lang='lat' dir='ltr'><strong>turbatio</strong></span> <span class='ocrx_word' id='word_1_780' title='bbox 3081 4264 3286 4327; x_wconf 89' lang='lat' dir='ltr'><strong>cordis,</strong></span> <span class='ocrx_word' id='word_1_781' title='bbox 3334 4272 3389 4318; x_wconf 87' lang='lat' dir='ltr'><strong>et</strong></span> <span class='ocrx_word' id='word_1_782' title='bbox 3442 4264 3551 4317; x_wconf 53' lang='lat' dir='ltr'><strong>fore</strong></span> 
     </span>
    </p>
   </div>
   <div class='ocr_carea' id='block_1_107' title="bbox 1978 4355 3550 4425">
    <p class='ocr_par' dir='ltr' id='par_1_107' title="bbox 1978 4355 3550 4425">
     <span class='ocr_line' id='line_1_107' title="bbox 1978 4355 3550 4425; baseline -0.006 -9"><span class='ocrx_word' id='word_1_783' title='bbox 1978 4361 2127 4416; x_wconf 90' lang='lat' dir='ltr'><strong>mido</strong></span> <span class='ocrx_word' id='word_1_784' title='bbox 2165 4361 2380 4425; x_wconf 90' lang='lat' dir='ltr'><strong>mortis,</strong></span> <span class='ocrx_word' id='word_1_785' title='bbox 2415 4369 2471 4416; x_wconf 89' lang='lat' dir='ltr'><strong>et</strong></span> <span class='ocrx_word' id='word_1_786' title='bbox 2518 4361 2703 4423; x_wconf 80' lang='lat' dir='ltr'><strong>timor,</strong></span> <span class='ocrx_word' id='word_1_787' title='bbox 2759 4365 2813 4412; x_wconf 88' lang='lat' dir='ltr'><strong>et</strong></span> <span class='ocrx_word' id='word_1_788' title='bbox 2840 4365 3068 4424; x_wconf 88' lang='lat' dir='ltr'><strong>tremor,</strong></span> <span class='ocrx_word' id='word_1_789' title='bbox 3103 4363 3154 4411; x_wconf 92' lang='lat' dir='ltr'><strong>et</strong></span> <span class='ocrx_word' id='word_1_790' title='bbox 3194 4355 3453 4418; x_wconf 68' lang='lat' dir='ltr'><strong>tenebrae,</strong></span> <span class='ocrx_word' id='word_1_791' title='bbox 3496 4364 3550 4409; x_wconf 88' lang='lat' dir='ltr'><strong>et</strong></span> 
     </span>
    </p>
   </div>
   <div class='ocr_carea' id='block_1_108' title="bbox 1977 4446 3550 4523">
    <p class='ocr_par' dir='ltr' id='par_1_108' title="bbox 1977 4446 3550 4523">
     <span class='ocr_line' id='line_1_108' title="bbox 1977 4446 3550 4523; baseline -0.003 -16"><span class='ocrx_word' id='word_1_792' title='bbox 1977 4452 2199 4507; x_wconf 87' lang='lat' dir='ltr'><strong>similia.</strong></span> <span class='ocrx_word' id='word_1_793' title='bbox 2229 4451 2333 4518; x_wconf 82' lang='lat' dir='ltr'><strong>Qui</strong></span> <span class='ocrx_word' id='word_1_794' title='bbox 2361 4452 2530 4523; x_wconf 82' lang='lat' dir='ltr'><strong>igitur</strong></span> <span class='ocrx_word' id='word_1_795' title='bbox 2558 4458 2638 4504; x_wconf 88' lang='lat' dir='ltr'><strong>tot</strong></span> <span class='ocrx_word' id='word_1_796' title='bbox 2672 4463 2737 4503; x_wconf 89' lang='lat' dir='ltr'><strong>ac</strong></span> <span class='ocrx_word' id='word_1_797' title='bbox 2783 4457 2967 4503; x_wconf 86' lang='lat' dir='ltr'><strong>tantos</strong></span> <span class='ocrx_word' id='word_1_798' title='bbox 3017 4447 3294 4517; x_wconf 79' lang='lat' dir='ltr'><strong>superavit</strong></span> <span class='ocrx_word' id='word_1_799' title='bbox 3341 4446 3550 4508; x_wconf 84' lang='lat' dir='ltr'><strong>hostes,</strong></span> 
     </span>
    </p>
   </div>
   <div class='ocr_carea' id='block_1_109' title="bbox 1978 4540 3550 4613">
    <p class='ocr_par' dir='ltr' id='par_1_109' title="bbox 1978 4540 3550 4613">
     <span class='ocr_line' id='line_1_109' title="bbox 1978 4540 3550 4613; baseline -0.002 -17"><span class='ocrx_word' id='word_1_800' title='bbox 1978 4543 2175 4613; x_wconf 90' lang='lat' dir='ltr'><strong>pennis</strong></span> <span class='ocrx_word' id='word_1_801' title='bbox 2212 4543 2333 4613; x_wconf 82' lang='lat' dir='ltr'><strong>ejus</strong></span> <span class='ocrx_word' id='word_1_802' title='bbox 2366 4541 2685 4611; x_wconf 86' lang='lat' dir='ltr'><strong>assumptis,</strong></span> <span class='ocrx_word' id='word_1_803' title='bbox 2717 4540 2811 4610; x_wconf 85' lang='lat' dir='ltr'><strong>qui</strong></span> <span class='ocrx_word' id='word_1_804' title='bbox 2838 4540 2893 4595; x_wconf 92' lang='lat' dir='ltr'><strong>in</strong></span> <span class='ocrx_word' id='word_1_805' title='bbox 2917 4541 3099 4612; x_wconf 90' lang='lat' dir='ltr'><strong>specie</strong></span> <span class='ocrx_word' id='word_1_806' title='bbox 3132 4540 3400 4596; x_wconf 60' lang='lat' dir='ltr'><strong>columbae</strong></span> <span class='ocrx_word' id='word_1_807' title='bbox 3428 4540 3550 4593; x_wconf 73' lang='lat' dir='ltr'><strong>vita:</strong></span> 
     </span>
    </p>
   </div>
   <div class='ocr_carea' id='block_1_110' title="bbox 1978 4629 3550 4703">
    <p class='ocr_par' dir='ltr' id='par_1_110' title="bbox 1978 4629 3550 4703">
     <span class='ocr_line' id='line_1_110' title="bbox 1978 4629 3550 4703; baseline -0.004 -16"><span class='ocrx_word' id='word_1_808' title='bbox 1978 4641 2179 4689; x_wconf 78' lang='lat' dir='ltr'><strong>nostra:</strong></span> <span class='ocrx_word' id='word_1_809' title='bbox 2211 4633 2481 4703; x_wconf 88' lang='lat' dir='ltr'><strong>apparuit,</strong></span> <span class='ocrx_word' id='word_1_810' title='bbox 2519 4633 2565 4688; x_wconf 91' lang='lat' dir='ltr'><strong>is</strong></span> <span class='ocrx_word' id='word_1_811' title='bbox 2596 4629 2855 4687; x_wconf 78' lang='lat' dir='ltr'><strong>transfert</strong></span> <span class='ocrx_word' id='word_1_812' title='bbox 2887 4646 3009 4686; x_wconf 89' lang='lat' dir='ltr'><strong>sese</strong></span> <span class='ocrx_word' id='word_1_813' title='bbox 3031 4631 3100 4685; x_wconf 89' lang='lat' dir='ltr'><strong>ab</strong></span> <span class='ocrx_word' id='word_1_814' title='bbox 3128 4630 3198 4686; x_wconf 91' lang='lat' dir='ltr'><strong>iis</strong></span> <span class='ocrx_word' id='word_1_815' title='bbox 3247 4630 3361 4700; x_wconf 39' lang='lat' dir='ltr'><strong>qui.</strong></span> <span class='ocrx_word' id='word_1_816' title='bbox 3392 4629 3550 4683; x_wconf 86' lang='lat' dir='ltr'><strong>mali-</strong></span> 
     </span>
    </p>
   </div>
   <div class='ocr_carea' id='block_1_111' title="bbox 1979 4719 3553 4786">
    <p class='ocr_par' dir='ltr' id='par_1_111' title="bbox 1979 4719 3553 4786">
     <span class='ocr_line' id='line_1_111' title="bbox 1979 4719 3553 4786; baseline -0.004 -8"><span class='ocrx_word' id='word_1_817' title='bbox 1979 4725 2068 4779; x_wconf 76' lang='lat' dir='ltr'><strong>tia:</strong></span> <span class='ocrx_word' id='word_1_818' title='bbox 2097 4724 2280 4780; x_wconf 91' lang='lat' dir='ltr'><strong>studio</strong></span> <span class='ocrx_word' id='word_1_819' title='bbox 2312 4723 2652 4786; x_wconf 90' lang='lat' dir='ltr'><strong>inserviunt,</strong></span> <span class='ocrx_word' id='word_1_820' title='bbox 2683 4723 2739 4775; x_wconf 89' lang='lat' dir='ltr'><strong>in</strong></span> <span class='ocrx_word' id='word_1_821' title='bbox 2782 4719 3135 4776; x_wconf 90' lang='lat' dir='ltr'><strong>solitudinem</strong></span> <span class='ocrx_word' id='word_1_822' title='bbox 3191 4734 3419 4773; x_wconf 87' lang='lat' dir='ltr'><strong>vacuam</strong></span> <span class='ocrx_word' id='word_1_823' title='bbox 3483 4721 3553 4773; x_wconf 86' lang='lat' dir='ltr'><strong>ab</strong></span> 
     </span>
    </p>
   </div>
   <div class='ocr_carea' id='block_1_112' title="bbox 1979 4811 3549 4886">
    <p class='ocr_par' dir='ltr' id='par_1_112' title="bbox 1979 4811 3549 4886">
     <span class='ocr_line' id='line_1_112' title="bbox 1979 4811 3549 4886; baseline -0.004 -16"><span class='ocrx_word' id='word_1_824' title='bbox 1979 4816 2126 4871; x_wconf 94' lang='lat' dir='ltr'><strong>omni</strong></span> <span class='ocrx_word' id='word_1_825' title='bbox 2183 4815 2412 4883; x_wconf 90' lang='lat' dir='ltr'><strong>malitia,</strong></span> <span class='ocrx_word' id='word_1_826' title='bbox 2447 4820 2502 4869; x_wconf 88' lang='lat' dir='ltr'><strong>et</strong></span> <span class='ocrx_word' id='word_1_827' title='bbox 2540 4812 2850 4886; x_wconf 88' lang='lat' dir='ltr'><strong>pernicioso</strong></span> <span class='ocrx_word' id='word_1_828' title='bbox 2908 4811 3248 4865; x_wconf 88' lang='lat' dir='ltr'><strong>zizaniorum</strong></span> <span class='ocrx_word' id='word_1_829' title='bbox 3289 4811 3549 4881; x_wconf 75' lang='lat' dir='ltr'><strong>germine,</strong></span> 
     </span>
    </p>
   </div>
   <div class='ocr_carea' id='block_1_113' title="bbox 1987 4901 3553 4980">
    <p class='ocr_par' dir='ltr' id='par_1_113' title="bbox 1987 4901 3553 4980">
     <span class='ocr_line' id='line_1_113' title="bbox 1987 4901 3553 4980; baseline -0.006 -16"><span class='ocrx_word' id='word_1_830' title='bbox 1987 4909 2081 4964; x_wconf 89' lang='lat' dir='ltr'><strong>ubi</strong></span> <span class='ocrx_word' id='word_1_831' title='bbox 2125 4908 2342 4980; x_wconf 86' lang='lat' dir='ltr'><strong>requies</strong></span> <span class='ocrx_word' id='word_1_832' title='bbox 2378 4907 2704 4976; x_wconf 86' lang='lat' dir='ltr'><strong>acquiritur,</strong></span> <span class='ocrx_word' id='word_1_833' title='bbox 2741 4904 2953 4960; x_wconf 89' lang='lat' dir='ltr'><strong>devicta</strong></span> <span class='ocrx_word' id='word_1_834' title='bbox 2988 4904 3100 4974; x_wconf 86' lang='lat' dir='ltr'><strong>jam</strong></span> <span class='ocrx_word' id='word_1_835' title='bbox 3135 4909 3248 4957; x_wconf 92' lang='lat' dir='ltr'><strong>tota</strong></span> <span class='ocrx_word' id='word_1_836' title='bbox 3293 4901 3553 4957; x_wconf 80' lang='lat' dir='ltr'><strong>adversa-</strong></span> 
     </span>
    </p>
   </div>
   <div class='ocr_carea' id='block_1_114' title="bbox 1981 4994 3553 5062">
    <p class='ocr_par' dir='ltr' id='par_1_114' title="bbox 1981 4994 3553 5062">
     <span class='ocr_line' id='line_1_114' title="bbox 1981 4994 3553 5062; baseline -0.004 -7"><span class='ocrx_word' id='word_1_837' title='bbox 1981 5003 2187 5056; x_wconf 89' lang='lat' dir='ltr'><strong>riorum</strong></span> <span class='ocrx_word' id='word_1_838' title='bbox 2220 5000 2444 5055; x_wconf 89' lang='lat' dir='ltr'><strong>civitate</strong></span> <span class='ocrx_word' id='word_1_839' title='bbox 2483 5016 2609 5054; x_wconf 90' lang='lat' dir='ltr'><strong>cum</strong></span> <span class='ocrx_word' id='word_1_840' title='bbox 2641 4999 2789 5054; x_wconf 91' lang='lat' dir='ltr'><strong>omni</strong></span> <span class='ocrx_word' id='word_1_841' title='bbox 2823 4996 3125 5053; x_wconf 87' lang='lat' dir='ltr'><strong>incolarum</strong></span> <span class='ocrx_word' id='word_1_842' title='bbox 3157 4994 3341 5061; x_wconf 90' lang='lat' dir='ltr'><strong>turba,</strong></span> <span class='ocrx_word' id='word_1_843' title='bbox 3392 4995 3553 5062; x_wconf 85' lang='lat' dir='ltr'><strong>cujus</strong></span> 
     </span>
    </p>
   </div>
   <div class='ocr_carea' id='block_1_115' title="bbox 1981 5085 3551 5160">
    <p class='ocr_par' dir='ltr' id='par_1_115' title="bbox 1981 5085 3551 5160">
     <span class='ocr_line' id='line_1_115' title="bbox 1981 5085 3551 5160; baseline -0.005 -13"><span class='ocrx_word' id='word_1_844' title='bbox 1981 5091 2174 5147; x_wconf 83' lang='lat' dir='ltr'><strong>incolae</strong></span> <span class='ocrx_word' id='word_1_845' title='bbox 2238 5097 2369 5146; x_wconf 84' lang='lat' dir='ltr'><strong>sunt</strong></span> <span class='ocrx_word' id='word_1_846' title='bbox 2422 5091 2685 5160; x_wconf 83' lang='lat' dir='ltr'><strong>iniquitas</strong></span> <span class='ocrx_word' id='word_1_847' title='bbox 2728 5097 2783 5146; x_wconf 89' lang='lat' dir='ltr'><strong>et</strong></span> <span class='ocrx_word' id='word_1_848' title='bbox 2840 5090 3015 5152; x_wconf 89' lang='lat' dir='ltr'><strong>labor,</strong></span> <span class='ocrx_word' id='word_1_849' title='bbox 3062 5095 3117 5141; x_wconf 89' lang='lat' dir='ltr'><strong>et</strong></span> <span class='ocrx_word' id='word_1_850' title='bbox 3160 5085 3551 5146; x_wconf 83' lang='lat' dir='ltr'><strong>contradictio,</strong></span> 
     </span>
    </p>
   </div>
   <div class='ocr_carea' id='block_1_116' title="bbox 1982 5175 3555 5248">
    <p class='ocr_par' dir='ltr' id='par_1_116' title="bbox 1982 5175 3555 5248">
     <span class='ocr_line' id='line_1_116' title="bbox 1982 5175 3555 5248; baseline -0.006 -10"><span class='ocrx_word' id='word_1_851' title='bbox 1982 5197 2170 5248; x_wconf 91' lang='lat' dir='ltr'><strong>usura,</strong></span> <span class='ocrx_word' id='word_1_852' title='bbox 2195 5192 2249 5237; x_wconf 92' lang='lat' dir='ltr'><strong>et</strong></span> <span class='ocrx_word' id='word_1_853' title='bbox 2276 5181 2455 5244; x_wconf 85' lang='lat' dir='ltr'><strong>dolus,</strong></span> <span class='ocrx_word' id='word_1_854' title='bbox 2491 5190 2547 5235; x_wconf 91' lang='lat' dir='ltr'><strong>et</strong></span> <span class='ocrx_word' id='word_1_855' title='bbox 2575 5197 2746 5245; x_wconf 90' lang='lat' dir='ltr'><strong>mors,</strong></span> <span class='ocrx_word' id='word_1_856' title='bbox 2785 5188 2840 5236; x_wconf 88' lang='lat' dir='ltr'><strong>et</strong></span> <span class='ocrx_word' id='word_1_857' title='bbox 2873 5179 3176 5235; x_wconf 88' lang='lat' dir='ltr'><strong>viventium</strong></span> <span class='ocrx_word' id='word_1_858' title='bbox 3237 5176 3305 5230; x_wconf 86' lang='lat' dir='ltr'><strong>ad</strong></span> <span class='ocrx_word' id='word_1_859' title='bbox 3347 5175 3555 5230; x_wconf 72' lang='lat' dir='ltr'><strong>inferos</strong></span> 
     </span>
    </p>
   </div>
   <div class='ocr_carea' id='block_1_117' title="bbox 1980 5267 3556 5343">
    <p class='ocr_par' dir='ltr' id='par_1_117' title="bbox 1980 5267 3556 5343">
     <span class='ocr_line' id='line_1_117' title="bbox 1980 5267 3556 5343; baseline -0.004 -14"><span class='ocrx_word' id='word_1_860' title='bbox 1980 5275 2301 5340; x_wconf 86' lang='lat' dir='ltr'><strong>descensus,</strong></span> <span class='ocrx_word' id='word_1_861' title='bbox 2350 5280 2405 5326; x_wconf 89' lang='lat' dir='ltr'><strong>ct</strong></span> <span class='ocrx_word' id='word_1_862' title='bbox 2436 5271 2582 5343; x_wconf 89' lang='lat' dir='ltr'><strong>quod</strong></span> <span class='ocrx_word' id='word_1_863' title='bbox 2622 5272 2867 5327; x_wconf 92' lang='lat' dir='ltr'><strong>omnium</strong></span> <span class='ocrx_word' id='word_1_864' title='bbox 2901 5273 3169 5326; x_wconf 89' lang='lat' dir='ltr'><strong>malorum</strong></span> <span class='ocrx_word' id='word_1_865' title='bbox 3208 5267 3556 5324; x_wconf 88' lang='lat' dir='ltr'><strong>teterrimum</strong></span> 
     </span>
    </p>
   </div>
   <div class='ocr_carea' id='block_1_118' title="bbox 1978 5359 3555 5435">
    <p class='ocr_par' dir='ltr' id='par_1_118' title="bbox 1978 5359 3555 5435">
     <span class='ocr_line' id='line_1_118' title="bbox 1978 5359 3555 5435; baseline -0.004 -15"><span class='ocrx_word' id='word_1_866' title='bbox 1978 5379 2150 5435; x_wconf 82' lang='lat' dir='ltr'><strong>genus</strong></span> <span class='ocrx_word' id='word_1_867' title='bbox 2208 5370 2324 5428; x_wconf 92' lang='lat' dir='ltr'><strong>est,</strong></span> <span class='ocrx_word' id='word_1_868' title='bbox 2382 5362 2687 5417; x_wconf 89' lang='lat' dir='ltr'><strong>incolarum</strong></span> <span class='ocrx_word' id='word_1_869' title='bbox 2745 5371 3005 5432; x_wconf 87' lang='lat' dir='ltr'><strong>perpetua</strong></span> <span class='ocrx_word' id='word_1_870' title='bbox 3037 5359 3377 5433; x_wconf 89' lang='lat' dir='ltr'><strong>hypocrisis,</strong></span> <span class='ocrx_word' id='word_1_871' title='bbox 3431 5373 3555 5429; x_wconf 73' lang='lat' dir='ltr'><strong>qua:</strong></span> 
     </span>
    </p>
   </div>
   <div class='ocr_carea' id='block_1_119' title="bbox 1979 5449 3550 5526">
    <p class='ocr_par' dir='ltr' id='par_1_119' title="bbox 1979 5449 3550 5526">
     <span class='ocr_line' id='line_1_119' title="bbox 1979 5449 3550 5526; baseline -0.005 -15"><span class='ocrx_word' id='word_1_872' title='bbox 1979 5456 2155 5526; x_wconf 79' lang='lat' dir='ltr'><strong>specie</strong></span> <span class='ocrx_word' id='word_1_873' title='bbox 2191 5453 2500 5510; x_wconf 73' lang='lat' dir='ltr'><strong>concordia:</strong></span> <span class='ocrx_word' id='word_1_874' title='bbox 2527 5461 2582 5508; x_wconf 96' lang='lat' dir='ltr'><strong>et</strong></span> <span class='ocrx_word' id='word_1_875' title='bbox 2611 5453 3011 5518; x_wconf 90' lang='lat' dir='ltr'><strong>unanimitatis,</strong></span> <span class='ocrx_word' id='word_1_876' title='bbox 3041 5450 3275 5509; x_wconf 87' lang='lat' dir='ltr'><strong>insidias</strong></span> <span class='ocrx_word' id='word_1_877' title='bbox 3304 5449 3550 5513; x_wconf 78' lang='lat' dir='ltr'><strong>molitur,</strong></span> 
     </span>
    </p>
   </div>
   <div class='ocr_carea' id='block_1_120' title="bbox 1988 5542 3551 5619">
    <p class='ocr_par' dir='ltr' id='par_1_120' title="bbox 1988 5542 3551 5619">
     <span class='ocr_line' id='line_1_120' title="bbox 1988 5542 3551 5619; baseline -0.004 -18"><span class='ocrx_word' id='word_1_878' title='bbox 1988 5564 2092 5618; x_wconf 86' lang='lat' dir='ltr'><strong>qua</strong></span> <span class='ocrx_word' id='word_1_879' title='bbox 2127 5548 2378 5619; x_wconf 68' lang='lat' dir='ltr'><strong>superior</strong></span> <span class='ocrx_word' id='word_1_880' title='bbox 2411 5546 2587 5603; x_wconf 78' lang='lat' dir='ltr'><strong>evadit</strong></span> <span class='ocrx_word' id='word_1_881' title='bbox 2624 5547 2734 5613; x_wconf 84' lang='lat' dir='ltr'><strong>ille,</strong></span> <span class='ocrx_word' id='word_1_882' title='bbox 2772 5547 2864 5618; x_wconf 87' lang='lat' dir='ltr'><strong>qui</strong></span> <span class='ocrx_word' id='word_1_883' title='bbox 2897 5545 3064 5602; x_wconf 88' lang='lat' dir='ltr'><strong>totius</strong></span> <span class='ocrx_word' id='word_1_884' title='bbox 3121 5543 3244 5600; x_wconf 65' lang='lat' dir='ltr'><strong>vitae</strong></span> <span class='ocrx_word' id='word_1_885' title='bbox 3293 5555 3406 5597; x_wconf 74' lang='lat' dir='ltr'><strong>sua:</strong></span> <span class='ocrx_word' id='word_1_886' title='bbox 3454 5542 3551 5598; x_wconf 82' lang='lat' dir='ltr'><strong>tic-</strong></span> 
     </span>
    </p>
   </div>
  </div>
