3766 5986
166 5506 182 5541 1

230 149 338 207 575
1468 164 1525 220 S.
1551 163 1878 221 GREGORII
1915 162 2005 218 ΝΥ
2016 160 2209 220 SSENI
3374 163 3485 220 576

228 288 393 327 cursu
422 287 573 342 spem
605 280 659 327 et
693 272 948 330 ﬁduciam
982 289 1051 331 ex
1080 275 1192 333 Deo
1233 292 1561 348 suspensam
1611 282 1792 337 habet.

1974 280 2135 337 ταῦτα
2156 281 2323 349 λέγει,
2343 272 2417 334 ὧν
2434 281 2462 334 ὀ
2482 280 2613 345 Θεὸς
2641 280 2935 336 ἐπακούειν
2952 280 3201 352 ἀνέχεται
3221 295 3239 309 '
3252 278 3490 349 λυτρού-

230 362 522 432 Vesperam
558 366 702 420 enim
730 374 787 421 et
825 382 1006 433 mane,
1049 377 1104 424 et
1135 369 1419 425 meridiem
1469 371 1793 447 nominans,

228 461 402 509 totum
430 455 688 511 diurnum
715 472 968 513 -cursum
1030 461 1462 530 comprehendit,
1528 476 1638 532 quo
1666 463 1795 517 talia

233 551 443 609 narrat,
474 562 596 615 qua;
629 546 771 601 Deus
794 548 1052 602 exaudire
1101 550 1361 615 sustinet,
1417 549 1693 607 redimens
1741 553 1795 606 in

235 650 366 704 pace
397 636 564 689 vitam
598 637 665 690 ab
692 638 777 703 iis,
815 639 909 706 qui
948 637 1050 706 ipsi
1084 635 1293 708 magno'
1328 654 1557 693 numero
1601 655 1799 710 appro-

233 726 521 794 pinquant,
553 742 691 796 quos
732 746 751 778 ι
795 728 943 783 viros
1001 728 1326 798 sanguinum
1363 747 1383 781 ι
1444 729 1708 793 nominat,
1744 736 1798 785 et

239 834 256 866 ‹
295 814 515 871 dolosos
546 826 600 870 et
628 817 682 871 in
712 818 919 872 malitia
949 825 1385 873 consummatos.
1422 837 1442 871 ι
1467 817 1603 872 Cum
1633 819 1798 891 igitur

235 904 430 959 fiducia
470 906 525 959 in
567 905 730 960 Deum
762 914 842 960 tot
876 922 939 962 ac
983 898 1383 963 tantos‘bostes
1436 907 1796 975 debellasset,

235 1011 427 1051 rursus
456 997 610 1066 quasi
636 996 899 1051 oblivioni
934 998 1213 1066 prioribus
1245 998 1524 1053 laboribus
1558 999 1795 1063 traditis,

235 1087 288 1138 in
314 1086 604 1141 validiores
638 1086 1091 1155 robustioresque
1120 1086 1496 1156 antagonistas
1537 1087 1795 1158 insurgit.

235 1176 373 1233 Vide
401 1178 568 1242 enim,
597 1193 735 1247 quos
768 1177 872 1231 sibi
907 1177 1125 1233 labores
1154 1192 1250 1247 per
1277 1178 1575 1232 certamina
1603 1182 1800 1249 pr0po-

235 1277 365 1323 nat:
404 1288 422 1319 ι
454 1268 559 1322 Pro
587 1268 807 1337 populo,
842 1287 860 1317 ›
883 1267 1145 1336 inquit",
1180 1286 1200 1318 ‹
1235 1267 1383 1337 quia
1411 1269 1619 1324 sanctis
1643 1269 1801 1339 longe

236 1358 416 1414 factus
453 1366 557 1413 est.
590 1377 610 1411 ι
656 1357 899 1428 Populus
938 1360 1043 1412 iste
1069 1367 1155 1414 est
1207 1366 1319 1412 tota
1349 1359 1629 1413 hominum
1660 1360 1802 1413 mul-

233 1451 436 1513 titudo,
462 1465 625 1519 quam
667 1450 938 1519 separatio
985 1462 1015 1501 a
1055 1448 1260 1503 sanctis
1296 1447 1567 1503 mandatis
1595 1448 1800 1519 ingenti

233 1540 467 1610 quodam
498 1547 553 1595 et
586 1540 800 1595 inlinito
843 1539 1131 1593 intervallo
1157 1552 1186 1590 a
1221 1537 1334 1593 Deo
1362 1539 1618 1609 seiunxit.
1644 1537 1800 1595 Hunc

1900 391 2060 446 μενος
2082 373 2169 427 διὰ
2193 373 2421 444 εἰρήνης
2445 372 2542 444 τὴν
2565 373 2709 446 ζωὴν
2740 374 2847 428 ἀπὸ
2872 374 2983 429 τῶν
3007 371 3151 427 οὕτω
3183 386 3491 444 προσεγγι-

1897 466 2099 531 ζόντων
2129 464 2280 536 αὐτῷ
2315 466 2388 518 ἐν’
2405 464 2586 536 πολλῷ
2627 464 2706 537 τῷ
2741 467 3068 537 συστήματι,
3100 463 3196 528 οὒς
3226 483 3245 517 ι
3282 462 3491 534 ἄνδρας

1898 557 2147 629 αἱμάτων
2186 577 2205 610 r
2239 556 2518 629 ὀνομάζει,
2546 558 2641 611 καὶ
2678 575 2697 609 ι
2737 557 3069 628 δολιότητος,
3100 556 3195 611 καὶ
3230 556 3288 609 ἐν
3316 554 3495 626 κακίᾳ

1895 649 2160 713 τελείους.
2184 668 2203 700 ι
2228 648 2513 703 Τοσούτων
2531 648 2819 702 τοίνυνκαὶ
2832 648 3088 702 τοιούτων
3102 647 3190 702 διὰ
3213 646 3308 700 τοῦ
3329 645 3483 698 ὲλπί·

1897 733 2010 796 ζειν
2043 733 2137 787 ἐπὶ
2164 733 2254 786 τὸν
2285 733 2416 786 Θεὸν
2444 732 2882 802 κατακρατήσας,
2917 730 3099 796 πάλιν,
3123 729 3312 799 ὥσπερ
3349 726 3476 780 τινά

1897 823 2065 895 λήθην
2113 822 2223 877 τῶν
2272 822 2636 890 δεικνυμένων
2687 821 3053 892 ποιησάμενος
3109 820 3307 878 πόνων,
3360 820 3478 881 τοῖς

1901 913 2267 984 ἰσχυροτέροις
2300 929 2361 965 τε
2390 912 2484 965 καὶ
2509 910 2748 983 μείζοσιν
2774 910 2883 964 τῶν
2922 906 3337 976 ἀνταγωνιστῶν
3386 906 3482 958 ἑπ-

1896 1003 2187 1075 εγείρεται.
2233 1002 2364 1056 Ἰδοὺ
2394 1002 2502 1073 γάρ
2537 997 2646 1054 οἷον
2674 1001 2831 1054 πόνον
2856 998 3033 1069 ἐαυτῷ
3060 997 3146 1051 διὰ
3191 996 3301 1049 τῶν
3331 993 3482 1062 ἀγώ-

1897 1109 2002 1147 νων
2032 1091 2416 1163 προστίθησιν·
2457 1110 2473 1142 ι
2506 1088 2684 1158 ’Υπὲρ
2700 1089 2791 1142 τοῦ
2832 1088 2990 1151 λαοῦ,
3034 1106 3051 1139 r
3101 1086 3289 1157 φησὶν,
3322 1105 3340 1137 ι
3379 1084 3478 1138 τοῦ

1896 1181 2005 1241 ἀπὸ
2031 1182 2140 1236 τῶν
2170 1183 2337 1251 άγίων
2378 1180 2868 1252 μεμακρυμμένου.
2912 1196 2933 1231 r
2982 1177 3040 1232 '0
3064 1177 3119 1231 δὲ
3146 1176 3272 1239 λαὸς
3294 1167 3475 1238 οὗτος,

1898 1269 2043 1323 ἆπαν
2084 1270 2231 1329 ἐστὶν
2273 1268 2332 1322 τὸ
2360 1269 2699 1340 ἀνθρώπινον
2746 1268 3041 1338 πλήρωμα,
3068 1268 3204 1339 ὅπερ
3232 1268 3258 1318 ὀ
3310 1282 3483 1336 χωρι-

1899 1358 2035 1428 σμὸς
2063 1357 2170 1412 τῶν
2206 1357 2375 1426 ἁγίων
2419 1357 2645 1411 ἐντολῶν
2677 1356 2853 1427 πολλῷ
2877 1374 2983 1409 τινι
3023 1356 3117 1410 καὶ
3153 1356 3367 1425 ἀπείρῳ
3396 1353 3479 1425 τῷ

1902 1449 2104 1520 μεταξὺ
2131 1450 2455 1521 διαστήματι
2479 1449 2574 1503 τοῦ
2593 1448 2729 1502 Θεοῦ
2753 1448 3087 1519 διετείχισεν.
3120 1447 3320 1500 Τοῦτον
3343 1449 3481 1503 ἀνα-

1900 1540 2142 1593 καλεῖται
2168 1540 2257 1594 διὰ
2291 1540 2392 1610 τῆς
2418 1540 2554 1611 πρὸς
2583 1540 2676 1593 τὸν
2711 1540 2999 1594 ἀντίπαλον
3039 1538 3216 1608 νίκης,
3242 1537 3479 1590 ἔπαθλον

231 1646 364 1701 ergo
391 1631 648 1701 p0pulum
680 1640 901 1685 revocat
928 1645 1023 1700 per
1053 1629 1339 1684 victoriam
1370 1630 1438 1684 ab
1482 1629 1796 1685 adversario

1974 1648 2008 1684 νν
2045 1629 2270 1699 ἀγώνων
2306 1631 2404 1702 τὴν
2440 1630 2547 1684 τῶν
2577 1630 2926 1685 ἀπολωλότων
2973 1630 3242 1699 σωτηρίαν
3292 1629 3480 1682 ποιού-

233 1723 478 1788 rclatam,
510 1724 792 1793 proposita
829 1723 882 1777 in
926 1723 1208 1793 praemium
1259 1722 1622 1778 certaminum
1681 1722 1799 1793 ipsa

234 1814 570 1883 perditorum
601 1814 797 1880 salute,
825 1813 985 1881 cuius
1011 1813 1187 1883 gratia
1213 1814 1266 1866 in
1298 1812 1554 1867 columna
1582 1828 1799 1883 quoque

231 1904 482 1960 inscribit
507 1906 827 1974 praeclarum
879 1904 982 1958 hoc
1015 1902 1248 1967 facinus,
1287 1903 1561 1973 scriptura
1593 1902 1799 1958 indele-

233 1996 348 2059 hili,
386 1996 619 2051 durante
648 1995 700 2049 in
742 2009 905 2049 omne
951 2009 1123 2049 aevum
1159 2009 1340 2048 rerum
1373 2003 1646 2065 gestarum
1686 2010 1797 2049 me-

230 2090 423 2142 moria.
458 2085 665 2157 Obtigit
696 2086 861 2158 igitur
894 2084 1085 2140 Davidi
1133 2086 1366 2140 victoria
1399 2086 1453 2140 in
1494 2086 1658 2151 tituli,
1699 2101 1796 2142 seu

230 2178 496 2233 columna:
549 2177 924 2246 inscriptione,
968 2195 988 2229 ι
1045 2174 1296 2242 Quando,
1337 2195 1357 2229 ι
1405 2176 1605 2246 inquit,
1662 2196 1681 2228 ι
1718 2184 1798 2233 te-

232 2278 471 2325 nuerunt
507 2284 632 2325 eum
690 2267 961 2338 Allophyli
1002 2268 1056 2323 in
1107 2265 1265 2323 Geth.
1313 2286 1333 2319 ι
1394 2266 1473 2323 Ne
1517 2281 1648 2323 vero
1694 2283 1797 2324 nos

232 2367 518 2432 praetereat
552 2373 751 2414 sensus
783 2359 1100 2429 subjectus,
1134 2366 1187 2411 et
1225 2358 1383 2428 quasi
1433 2358 1675 2415 intextus
1713 2359 1799 2414 hi-

231 2455 417 2509 storiae
444 2451 765 2513 involucris,
803 2449 949 2505 facto
981 2449 1164 2505 verbis
1220 2451 1567 2521 compendio,
1607 2453 1796 2522 paucis

231 2542 669 2600 commemorabo
698 2541 982 2596 historiam
1006 2541 1072 2593 ⁸⁸.
1106 2540 1310 2595 invidia
1337 2541 1603 2597 adversus
1638 2541 1798 2597 Davi-

231 2636 354 2691 dem
391 2635 667 2689 invaserat
694 2634 1039 2705 tyrannicum
1073 2631 1290 2687 Saulem
1316 2634 1387 2687 ob
1418 2633 1695 2688 victoriam
1729 2632 1798 2689 de

232 2733 506 2797 prostrato
525 2724 741 2780 Goliath
776 2731 1134 2795 reportatam,
1168 2724 1427 2794 quodque
1453 2724 1681 2780 victoria
1705 2725 1796 2780 illa

232 2834 328 2886 per
365 2818 583 2884 choros,
608 2816 850 2871 omnium
884 2815 1173 2886 applausu,
1204 2816 1590 2871 celebraretur.
1617 2816 1797 2883 Quare

234 2908 365 2962 Saul
402 2909 553 2963 omni
584 2907 789 2969 studio,
837 2906 974 2963 clam
1004 2913 1059 2962 et
1086 2907 1286 2976 palam,
1323 2907 1601 2961 interitum
1635 2908 1685 2962 ei
1717 2905 1797 2961 af-
1824 2927 1871 2992 ρ

233 3000 378 3054 ferre
401 3000 840 3062 machinabatur,
870 3013 1014 3053 nunc
1045 2998 1264 3067 quidem
1304 3000 1517 3054 occulte
1573 2999 1798 3055 structis

234 3088 472 3150 insidiis,
505 3102 700 3142 rursus
744 3095 929 3157 aperte
963 3088 1131 3143 armis
1189 3088 1245 3141 in
1305 3088 1456 3141 illum
1507 3089 1795 3158 correptis,

234 3178 573 3246 subditisque
606 3187 797 3232 contra
836 3179 985 3231 illum
1018 3178 1331 3235 concitatis.
1361 3179 1432 3232 At
1463 3195 1588 3234 cum
1629 3182 1798 3238 variis

235 3267 529 3337 multisque
560 3266 735 3322 modis
770 3266 937 3321 David
971 3282 1000 3321 a
1043 3267 1208 3323 Saule
1235 3270 1543 3340 exagitatus
1580 3280 1633 3326 et
1677 3279 1798 3327 ten-

234 3369 380 3414 tatus
404 3366 571 3422 esset,
614 3358 833 3414 tandem
886 3359 952 3414 ad
992 3358 1242 3417 Gcthaaos
1283 3362 1580 3431 profectus,
1630 3379 1795 3419 unam

232 3465 300 3503 ex
327 3448 640 3503 civitatibus
682 3449 1111 3519 alienigenarum
1160 3452 1451 3516 incolebat,
1511 3462 1705 3524 sponte
1748 3456 1799 3511 ei

234 3538 287 3591 id
312 3537 419 3594 illis
448 3537 896 3606 concedentibus,
927 3540 979 3593 in
1009 3555 1114 3609 qua
1146 3555 1253 3594 una
1281 3556 1405 3595 cum
1441 3544 1605 3599 sociis
1634 3542 1797 3615 dege-

233 3629 346 3693 bat,
385 3630 597 3686 duabus
640 3629 870 3700 junctus
922 3631 1177 3702 legitimis
1229 3633 1517 3700 uxoribus,
1563 3650 1796 3705 quarum

231 3717 450 3787 quidem
486 3720 576 3775 illa
608 3717 871 3776 lsraelitis
899 3729 1038 3787 erat,
1071 3722 1162 3776 illa
1188 3737 1318 3779 vero
1342 3725 1579 3795 potentis
1608 3726 1796 3796 cujus-

230 3811 355 3864 dam
384 3812 438 3866 in
471 3811 721 3869 Carmelo
749 3813 952 3883 conjux
1018 3813 1218 3881 fuerat,
1258 3831 1368 3886 quo
1396 3826 1635 3885 mortuo,
1696 3819 1800 3874 Da-

229 3903 342 3957 vidi
374 3911 655 3973 nupserat.
695 3903 822 3960 Haec
851 3906 1094 3960 historiae
1122 3907 1295 3962 series
1321 3908 1586 3964 continet.

301 3995 456 4060 Quod
488 3995 650 4063 igitur
705 3995 958 4051 detentus
1012 4004 1096 4050 est
1124 3996 1267 4066 apud
1326 3998 1679 4070 alienigenas,
1742 3999 1799 4056 id

231 4099 339 4140 non
367 4093 451 4140 est
485 4092 827 4155 argumento,
857 4085 1033 4154 ipsum
1081 4087 1150 4141 ab
1185 4087 1531 4155 improbitate
1558 4104 1796 4160 occupa-

234 4184 347 4229 tum
382 4184 437 4230 et
460 4174 735 4230 detentum
764 4175 974 4241 fuisse;
1006 4191 1116 4231 non
1145 4176 1289 4231 enim
1329 4180 1438 4234 tale
1474 4180 1606 4250 quid
1650 4182 1798 4236 acci-

1903 1739 2081 1792 μενος,
2108 1713 2169 1775 οὗ
2208 1722 2365 1793 χάριν
2388 1721 2479 1775 καὶ
2506 1721 2935 1791 ὲνστηλιτεύεται
2970 1721 3029 1774 τὸ
3061 1721 3388 1792 κατόρθωμα
3416 1724 3477 1774 ὲν

1900 1809 2266 1880 ἀνεξαλείπτῳ
2312 1812 2496 1881 γραφῇ
2546 1809 2955 1881 διαιωνιξούσης
3007 1810 3117 1864 τῶν
3174 1813 3478 1879 γεγονότων

1898 1901 1997 1971 τῆς
2030 1901 2268 1971 μνήμης.
2298 1901 2511 1955 Γίνεται
2539 1897 2631 1955 οὖν
2659 1902 2693 1972 ή
2725 1901 2844 1972 νίκη
2873 1901 2952 1972 τῷ
2981 1900 3144 1955 Δαϐὶδ
3173 1904 3253 1964 είς
3283 1902 3478 1971 στηλο-

1899 1992 2159 2063 γραφίαν,
2196 2009 2215 2042 ι
2248 1990 2460 2059 Ὁπότε,
2486 2012 2505 2046 ι
2549 1994 2735 2065 φησὶν,
2776 2011 2795 2045 ‹
2847 1993 3157 2064 ἐκράτησαν
3206 1993 3368 2046 αύτδν
3422 1996 3475 2048 οε

1912 2083 2218 2152 Ἀλλόφυλοι
2245 2085 2303 2136 έν
2331 2084 2452 2138 Γέθ.
2494 2104 2514 2137 ι
2561 2085 2647 2148 Ὠς
2676 2084 2721 2138 δ’
2755 2085 2820 2138 ἂν
2848 2085 2923 2155 μὴ
2964 2084 3295 2156 παραδράμῃ
3326 2087 3478 2156 ἡμᾶς

1898 2174 1931 2245 ή
1962 2172 2051 2227 διὰ.
2075 2174 2183 2227 τῶν
2220 2175 2555 2246 αἰνιγμάτων
2582 2175 2682 2245 τῆς
2721 2174 2960 2247 ἱστορίας
2999 2176 3330 2247 ὑφαινομένη
3356 2177 3480 2230 διά⁴

1899 2285 2017 2322 νοια
2060 2269 2138 2338 τῷ
2181 2267 2342 2339 λόγῳ,
2385 2268 2692 2337 συντέμνων
2731 2266 2799 2319 δι’
2845 2266 3026 2335 ὀλίγου
3066 2266 3479 2338 ἐπιδραμοῦμαι

1898 2358 1997 2427 τὴν
2028 2359 2296 2429 ίστορίαν.“
2324 2357 2518 2422 Φθόνος
2551 2358 2764 2426 ὲνεφύει
2793 2358 2934 2412 κατὰ
2956 2357 3050 2411 τοῦ
3078 2357 3241 2411 Δαεὶδ
3269 2357 3348 2427 τῷ
3377 2375 3478 2411 τυ-

1901 2448 2135 2520 ραννικῷ
2166 2448 2339 2501 Σαοὺλ
2377 2449 2469 2501 ἐπὶ
2499 2451 2567 2520 τῇ
2599 2449 2727 2522 νίκῃ
2754 2448 2848 2501 τοῦ
2878 2447 3090 2514 Γολιάθ,
3124 2448 3181 2502 ὲν
3214 2451 3279 2518 τῇ
3306 2450 3480 2519 εὐφη-

1903 2540 2002 2611 μίᾳ
2032 2539 2141 2594 τῶν
2185 2540 2273 2594 διὰ
2320 2540 2536 2611 χορείας
2584 2541 3023 2613 φαιδρυνομένων
3071 2543 3137 2611 τῇ
3186 2540 3344 2610 νίκῃ·
3380 2539 3481 2592 καὶ

1901 2632 2107 2697 πάσαις
2145 2633 2410 2697 ἐπινοίαις
2436 2632 2610 2704 λάθρα
2639 2650 2698 2687 τε
2736 2632 2827 2686 καί⁵
2856 2633 2921 2685 ὲκ
2954 2631 3046 2684 τοῦ
3076 2630 3342 2703 προδήλου
3384 2629 3482 2682 τὸν

1900 2725 2019 2776 κατ’
2052 2724 2219 2777 αὐτοῦ
2242 2723 2401 2792 φόνον
2444 2724 2473 2776 ὀ
2507 2724 2681 2778 Σαοὺλ
2725 2723 3037 2795 ἐξηρτύετο.
3068 2722 3182 2774 Νῦν
3214 2721 3311 2792 μὲν
3339 2721 3479 2792 κρύ-

1901 2812 2032 2884 ϐδην
2059 2813 2159 2876 τὰς
2202 2813 2489 2877 επιϐουλὰς
2536 2812 2884 2878 συσκευάζων
2906 2829 2921 2842 ·
2961 2807 3116 2875 αὖθις
3149 2811 3205 2864 δὲ
3254 2810 3343 2864 διά
3375 2809 3479 2863 τοῦ

1902 2903 2167 2975 προδήλου
2196 2903 2304 2957 τῶν
2343 2903 2521 2959 ὃπλων
2554 2904 2875 2974 ἁπτόμενος,
2917 2903 3008 2957 καὶ
3052 2900 3325 2972 συγκικῶν
3350 2902 3478 2954 κατ’

1907 2992 2070 3047 αὑτοῦ
2101 2993 2163 3046 τὸ
2188 2993 2443 3064 ὑπήκοον.
2471 2993 2678 3063 Πολλῆς
2705 2992 2762 3045 δὲ
2789 2991 3044 3055 πολλάκις
3075 2989 3483 3061 προσαχθείσης

1904 3085 2099 3156 πείρας
2140 3084 2292 3156 παρὰ
2326 3084 2420 3137 τοῦ
2459 3085 2630 3138 Σαοὺλ
2658 3083 2735 3155 τῷ
2778 3082 2962 3149 Δαϐὶδ,
2993 3082 3143 3146 τέλος
3182 3080 3333 3152 παρὰ
3359 3082 3479 3144 τοῖς

1904 3175 2149 3239 Γεθαίοις
2198 3176 2504 3247 γενόμενος,
2538 3176 2691 3229 πόλιν
2743 3175 2956 3246 ᾠκησεν
3003 3175 3111 3229 τῶν
3160 3172 3489 3241 ἀλλοφύλων⁸

1908 3264 2058 3334 μίαν,
2098 3263 2357 3327 ἑκουσίως
2402 3265 2919 3336 παραχωρησάντων
2964 3263 3137 3334 αὐτῷ,
3176 3266 3232 3317 ὲν
3336 3262 3481 3333 μετά

1904 3356 2011 3409 τῶν
2039 3355 2417 3409 συνασπιστῶν
2442 3352 2529 3427 ἧν,
2555 3356 2647 3409 δύο
2675 3356 2925 3427 νομίμοις
2949 3356 3159 3425 γυναιξὶ
3184 3355 3475 3421 συνοικῶν,

1905 3438 1980 3499 ὧν
2013 3448 2047 3517 ή
2080 3445 2175 3517 μὲν
2202 3442 2269 3518 ἦν
2308 3446 2649 3516 Ἰσραηλῖτις,
2683 3449 2716 3517 ὴ
2746 3446 2803 3500 δὲ
2830 3446 2937 3499 τῶν
2961 3446 3100 3500 κατὰ
3129 3447 3219 3500 τὸν
3250 3448 3478 3518 Κάρμι-

1904 3537 1995 3591 λόν
2021 3554 2165 3602 τινος
2208 3538 2632 3592 δυναστευόντων
2659 3538 2918 3609 γενομένη
2948 3537 3104 3608 γυνὴ,
3143 3537 3280 3609 μετὰ
3310 3538 3477 3591 θάνα-

1904 3644 1995 3681 τον
2024 3628 2230 3682 ἐκείνου
2275 3628 2354 3701 τῷ
2387 3628 2549 3683 Δαὸὶδ
2582 3631 2965 3702 συνοικήσασα.
3006 3628 3193 3682 Ταῦτα·
3232 3630 3485 3700 περιέχειε

1908 3720 1941 3790 ή
1968 3720 2193 3792 ἱστορία.

1974 3990 2048 4044 Τὸ
2077 3989 2257 4043 τοίνυν
2297 3989 2667 4062 κεκρατῆσθαι
2699 3990 2861 4045 αὐτὸν
2894 3985 2953 4045 ὲν
2984 3993 3095 4055 τοῖς
3132 3989 3473 4061 ἀλλοφύλοις,

1904 4082 1964 4135 οὐ
1996 4082 2095 4154 τὴν
2125 4082 2217 4135 ἐπὶ
2240 4080 2395 4153 κακῷ
2415 4083 2712 4153 γενομένην
2740 4082 2998 4152 σύλληψιν
3028 4082 3154 4153 περὶ
3180 4081 3344 4136 αὐτοῦ
3364 4083 3477 4136 δια⁶

1906 4174 2187 4245 σημαίνει·
2219 4169 2280 4227 ού
2327 4174 2433 4246 γὰρ
2468 4172 2641 4237 οὕτως
2669 4174 2917 4242 ἐγένετοο
2953 4173 3088 4228 ἀλλά
3119 4174 3216 4245 τὴν
3253 4174 3476 4243 ἀγαπη-

231 4266 450 4331 dit;sed
492 4265 699 4321 indicat
746 4266 955 4336 plenam
987 4267 1277 4337 quamdam
1329 4282 1514 4325 amore
1551 4270 1796 4327 humani-

1974 4266 2060 4338 ιήν
2085 4266 2475 4338 φιλοφροσύνην
2498 4283 2555 4319 τε
2584 4266 2680 4320 καὶ
2703 4265 2959 4323 διάθεσιν.
2994 4266 3097 4320 Τὸν
3122 4265 3230 4339 γὰρ
3267 4267 3334 4318 ὲκ
3374 4265 3476 4335 τῆς

230 4366 395 4414 tatem
429 4367 483 4414 et
511 4358 872 4424 alIectionem,
905 4373 1012 4429 qua
1051 4359 1363 4430 alienigenae
1401 4376 1527 4416 eum
1556 4363 1796 4433 comple-

229 4450 544 4504 ctebantur.
579 4448 714 4503 Nam
762 4465 922 4519 quem
970 4466 1034 4507 ex
1065 4450 1308 4521 paternis
1351 4452 1573 4508 sedibus
1625 4455 1801 4523 ejece—

234 4548 385 4604 rz-nt,
416 4541 559 4594 hunc
588 4539 793 4594 Gethtei
822 4542 937 4597 suis
966 4541 1021 4595 in
1058 4540 1279 4596 sedibus
1319 4542 1609 4599 collocant.
1657 4544 1800 4611 Quid

232 4634 394 4703 igitur
425 4632 529 4686 iste
561 4628 752 4692 David.
785 4630 928 4687 ﬁlius
950 4629 1125 4699 Iesse,
1155 4633 1317 4687 homo
1346 4647 1409 4687 ex
1441 4634 1757 4692 hominibus
1781 4675 1797 4701 .

229 4720 366 4777 adeo
401 4721 634 4791 propriis
658 4721 1049 4777 certaminibus
1090 4721 1288 4785 eﬂ‘ecit,
1325 4729 1384 4777 ut
1413 4729 1580 4776 totam
1635 4737 1799 4781 natu-

228 4828 346 4868 ram
376 4813 686 4876 humanam,
739 4813 1171 4883 transgressione
1224 4812 1536 4867 divinorum
1570 4817 1796 4872 manda-

230 4914 432 4969 torum,
463 4894 635 4959 a'Deo
675 4904 892 4975 longius
945 4904 1218 4966 abactam,
1271 4919 1579 4969 revocasse,
1634 4908 1795 4978 eique

228 4995 370 5049 tituli
404 5011 498 5050 seu
530 4998 797 5050 columnae
827 4996 1107 5064 inscriptae
1135 4995 1419 5066 aenigmata
1476 4999 1793 5068 nuntiasse,

230 5085 514 5155 praedicari
546 5087 763 5156 possit?
795 5084 1209 5157 lnscriptionem
1248 5100 1379 5141 vero
1413 5088 1700 5155 columnae,
1744 5093 1794 5148 si

226 5178 354 5247 quis
379 5176 646 5233 divinitus
676 5177 999 5248 inspiratam
1048 5174 1390 5248 Scripturam
1419 5183 1682 5249 nominet,
1743 5185 1791 5241 is

227 5267 452 5321 minime
478 5267 831 5325 aberraverit.
866 5271 950 5323 An
992 5268 1132 5324 forte
1156 5285 1222 5325 ex
1255 5270 1371 5339 ipsa
1407 5271 1648 5331 historiae
1674 5291 1794 5331 nar-

228 5358 444 5413 ratione
491 5358 683 5426 liquet,
715 5362 879 5416 talem
920 5370 1241 5432 tantumque
1272 5364 1458 5427 fuisse.
1504 5367 1595 5436 qui
1641 5377 1793 5423 extra

336 5531 378 5567 "
413 5528 564 5585 Psal.
590 5544 678 5597 LV,
723 5530 771 5587 I.
846 5533 891 5565 ¹⁹⁸
921 5531 938 5588 l
977 5531 1107 5609 Reg.
1140 5554 1252 5604 ut,
1306 5538 1389 5593 l2.

1903 4355 2160 4428 πατρῴας
2205 4357 2311 4428 γῆς
2348 4356 2703 4428 ἐλαυνόμενον
2740 4357 2791 4409 οἱ
2838 4356 3049 4410 Γεθαῖοι
3102 4358 3232 4429 παρ’
3261 4357 3478 4421 ἑαυτοῖς

1905 4448 2323 4513 κατοικίζουσιν.
2350 4450 2416 4504 Τί
2459 4446 2551 4503 οὖν
2574 4449 2684 4522 ἄρα
2709 4444 2862 4514 οὗτος
2897 4452 2926 4504 ὁ
2949 4449 3043 4503 τοῦ
3082 4447 3249 4503 ’ῐεσσὲ
3286 4450 3475 4515 Δαϐὶδ,

1904 4545 1934 4596 ό
1965 4542 2023 4608 ἐξ
2054 4541 2352 4615 ἀνθρώπων
2378 4541 2681 4614 ἄνθρωπος,
2704 4541 2956 4595 τοσοῦτον
2983 4543 3093 4605 τοῖς
3122 4542 3267 4605 ίδίοις
3295 4542 3479 4607 ἄθλοις

1908 4633 2289 4705 κατώρθωσεν,
2334 4632 2409 4697 ὠς
2441 4634 2621 4687 πᾶσαν
2662 4632 2762 4705 τὴν
2803 4631 3147 4704 ἀνθρωπίνην
3197 4632 3356 4701 φύσιν
3388 4635 3476 4688 διὰ

1903 4728 2002 4798 τῆς
2047 4725 2154 4780 τῶν
2187 4726 2356 4793 ἁγίων
2392 4723 2619 4778 ἐντολῶν
2669 4724 3034 4795 παραϐάσεως
3075 4723 3479 4795 μακρυνθεϊσαν

1904 4819 2011 4872 άπὸ
2041 4817 2134 4871 τοῦ
2156 4816 2310 4882 Θεοῦ,
2342 4816 2506 4870 πάλιν
2541 4816 3000 4883 ἀνακαλέσασθαι,
3037 4816 3274 4887 κάκείνῳ
3306 4816 3477 4887 μηνύ-

1908 4928 1997 4965 σαι
2024 4910 2093 4964 τά
2124 4908 2224 4979 τῆς
2265 4907 2664 4979 στηλογραφίας
2700 4907 3024 4977 αίνίγματα;
3071 4905 3477 4977 στηλογραφίαν

1904 5002 1963 5056 δέ
1990 5018 2074 5065 τις
2098 5001 2197 5071 τὴν
2229 4999 2582 5052 θεόπνευστον
2602 4995 2823 5069 Γραφὴν
2850 4996 3126 5066 ὀνομάζων
3154 4996 3250 5065 οὐχ
3291 4996 3477 5065 ἀμαρ-

1899 5095 2141 5165 τήσεται.
2175 5093 2246 5145 Ἦ
2292 5088 2447 5161 δῆλόν
2486 5090 2601 5142 ἐστι
2652 5086 2739 5140 διὰ
2778 5086 2879 5155 τῆς
2932 5088 3075 5139 κατά
3105 5085 3200 5156 τὴν
3233 5085 3476 5157 ἱστορίαν

1902 5183 2285 5254 συμφράσεως,
2325 5181 2407 5233 ὃτι
2430 5176 2681 5241 τοσοῦτός
2708 5178 2853 5230 ἐστιν
2884 5177 2913 5229 ὀ
2936 5175 3040 5240 ἔξω
3065 5175 3171 5229 τῶν
3201 5176 3299 5246 τῆς
3336 5177 3467 5230 Ἰουο

1899 5276 2054 5337 δαίας
2089 5275 2229 5343 ὅρων
2258 5271 2562 5342 γενόμενος,
2593 5269 2688 5322 καὶ
2726 5267 2876 5320 πόλιν
2915 5267 2972 5318 ὲν
3010 5265 3323 5335 ἀλλοφύλοις
3343 5266 3467 5319 έαυ-
3506 5256 3520 5265 ί

1901 5368 1978 5439 τῷ
2019 5366 2344 5431 συνοικίσας,
2385 5364 2482 5418 καὶ
2516 5359 2687 5433 διπλῷ
2731 5357 3237 5429 συναναπαυόμενος
3282 5358 3471 5431 γάμῳ,
