3766 5986
206 243 306 300 δτι

1589 241 1653 296 ΙΝ
1691 241 2023 300 PSALMOS.

3346 241 3452 297 5'78

203 365 297 435 τὴν
335 362 429 435 μὲν
450 360 544 414 τοῦ
586 359 981 432 Ἰσραηλιτικοῦ
1007 360 1216 429 γένους,
1246 359 1345 430 τὴν
1380 358 1437 413 δέ
1468 360 1531 412 ἐκ
1558 359 1666 413 τῶν
1698 360 1763 413 ἁλ

1884 358 2086 414 ,Ιιιιίαιω
2109 358 2243 414 ﬁnes
2296 359 2487 431 pulsus
2515 367 2656 426 erat,
2692 360 2893 434 quique
2922 361 3065 419 inter
3111 362 3445 434 alienigenas

203 454 439 519 λοφύλων
485 451 564 521 τῷ
602 450 829 523 θαλάμῳ
870 449 1328 522 παραδεξάμενος·
1366 449 1528 502 Ὥστε
1571 449 1620 502 εἶ
1667 450 1772 522 Χρὴ

203 543 291 598 τὸν
340 543 464 614 περὶ
518 541 710 595 τούτου
758 542 914 610 λόγον
965 540 1304 612 τρανώτερον
1359 538 1770 611 ἀπογυμνῶσαι,

205 628 352 707 οὗτος
381 632 584 696 ἐκεῖνός
612 633 761 685 ἐστιν
807 635 836 686 6
862 632 1088 702 νικητής
1122 648 1181 684 τε
1220 628 1353 700 ὁμοῦ
1390 629 1484 682 καὶ
1520 630 1768 700 νυμφίος.

203 724 278 778 Δι’
302 718 376 778 ὧν
407 724 502 794 μέν
548 723 655 795 γὰρ
680 723 1095 793 κατηγωνίσατο
1129 721 1220 775 τὸν
1263 720 1324 773 τὸ
1362 720 1560 792 κράτος
1585 719 1773 789 ἔχοντα

204 815 570 880 τοῦθανάτου,
604 817 633 869 6
655 815 878 878 δυνατὸς
906 816 963 867 ἐν
993 812 1236 883 πολέμῳ,
1268 810 1362 879 τὸν
1394 810 1618 883 ἄπειρον
1652 808 1773 862 τοῦ-

202 924 289 960 τον
312 906 456 965 λαὸν.
496 905 587 960 τὸν
614 906 674 958 ἐν
701 904 778 975 τῷ
800 904 900 975 ᾇδῃ
930 901 1318 973 κρατούμενον,
1351 902 1430 963 είς
1461 899 1771 969 ἐλευθερίαν

204 997 450 1065 ἐξείλετο.
481 994 590 1049 Τοῦ
632 995 688 1049 δὲ
736 994 1069 1067 Ἰσραηλίτου
1110 992 1237 1046 λαοῦ
1271 991 1451 1062 φθόνῳ
1483 991 1770 1063 καὶσζηλο-

201 1089 363 1160 τυπίᾳ
390 1089 529 1159 πρὸς
561 1086 651 1140 τὸν
691 1088 810 1140 κατ’
845 1085 1011 1141 αὐτοῦ
1051 1086 1208 1155 φόνον
1243 1085 1606 1156 ὁρμήσαντος,
1636 1101 1771 1156 κρα-

200 1182 364 1232 τεῖται
392 1177 461 1230 δι’
482 1177 695 1240 εὐνοίας
720 1176 870 1249 παρά
897 1176 1005 1229 τῶν
1034 1175 1366 1244 ἀλλοφύλων,
1394 1175 1488 1229 καὶ
1519 1174 1672 1228 πόλιν
1710 1175 1771 1227 ἐν

200 1272 375 1333 αὐτοῖς
414 1270 753 1339 συνίστησιν,
787 1267 886 1339 τὴν
923 1267 1250 1338 Ἐκκλησίαν
1296 1266 1459 1335 λέγω,
1488 1266 1547 1318 ἐν
1575 1259 1610 1338 ᾖ
1635 1282 1771 1337 κρα-

198 1362 338 1417 τύνει
386 1362 486 1433 τὴν
532 1360 725 1416 ἑαυτοῦ
778 1360 1125 1432 βασιλείαν,ό
1168 1358 1335 1414 εἰπὼν
1370 1361 1485 1423 τοῖς
1532 1359 1637 1412 ὑπὸ
1674 1357 1768 1412 τοῦ

197 1457 362 1510 Σαοὺλ
387 1454 765 1525 τεταγμένοις,
792 1454 896 1515 ὅτι,
924 1472 941 1504 ι
965 1451 1289 1524 Ἀρθήσεται
1315 1450 1409 1519 ἀφ’
1433 1450 1584 1520 ὑμῶν
1610 1452 1643 1520 ὴ
1673 1450 1770 1519 βα-

199 1546 385 1613 σιλεῖα,
421 1549 519 1601 καὶ
557 1545 840 1617 δοθήσεται
872 1542 1015 1596 ἔθνει
1064 1541 1301 1596 ποιοῦντι
1353 1542 1478 1604 τοὺς
1527 1539 1770 1611 καρποὺς

196 1636 375 1707 αὐτῆς.
403 1656 424 1688 ι
453 1637 543 1689 Ἐν
561 1633 734 1706 ταύτῃ
759 1632 929 1698 πόλει,
958 1632 1073 1685 ἐστὶ
1101 1630 1198 1702 μέν
1215 1647 1263 1683 τι
1286 1629 1383 1683 καὶ
1404 1628 1500 1699 τῆς
1516 1627 1771 1698 Ἰσραηλι-

1882 451 2081 505 iterum
2108 449 2291 504 sedem
2324 449 2462 514 ﬁxit,
2485 449 2691 520 duplici
2717 465 2815 521 per
2834 452 3237 507 matrimonium
3255 452 3443 521 juncta

1879 556 2070 607 uxore,
2105 541 2276 595 altera
2311 540 2529 611 quidem
2562 539 2848 596 Israelitici
2880 542 3116 612 generis,
3171 544 3341 598 altera
3374 559 3443 597 ex

1879 631 2199 702 alienigenis
2230 632 2286 686 in
2318 631 2616 686 thalamum
2665 631 2976 686 advocata?
3010 630 3196 700 Itaque
3240 632 3288 687 si
3319 647 3446 686 ora-

1876 724 2083 779 tionem
2113 723 2180 780 de
2211 724 2297 779 his
2330 724 2547 794 planius
2572 733 2627 779 et
2650 723 2963 779 distinctius
2998 725 3281 779 instituere
3310 724 3444 778 veli-

1878 831 2023 878 mus,
2064 815 2155 869 hic
2183 814 2435 869 videlicet
2468 815 2559 870 ille
2591 823 2675 870 est
2703 812 2878 869 vict’or
2908 814 3068 871 simul
3103 821 3156 868 et
3184 829 3440 884 sponsus,

1877 908 1973 977 qui
2012 915 2206 977 potens
2238 907 2292 960 in
2324 906 2488 971 bello,
2526 906 2850 976 validusque
2903 906 3114 962 viribus
3173 905 3443 961 debellato

1875 997 1992 1062 illo,
2025 997 2117 1067 qui
2150 997 2340 1052 mortis
2368 999 2664 1067 potentiam
2710 998 3043 1067 possidebat,
3093 997 3441 1052 innumerum

1875 1086 2030 1142 illum
2068 1088 2326 1159 populum
2366 1104 2527 1158 quem
2563 1087 2726 1143 inl'eri
2758 1089 3033 1154 tenebant,
3058 1088 3112 1141 in
3134 1088 3439 1141 libertatem

1876 1177 2149 1232 asseruit:
2209 1192 2333 1231 cum
2390 1187 2570 1232 autem
2605 1178 2840 1248 populus
2877 1175 3206 1232 Israeliticus
3238 1175 3440 1230 invidia

1874 1275 1928 1322 et
1955 1268 2299 1323 aemulatione
2334 1266 2599 1323 incitatus
2633 1277 2801 1334 esset,
2839 1268 3102 1335 recipitur
3129 1280 3321 1336 magna
3345 1264 3442 1321 be-

1875 1357 2190 1411 nevolentia
2234 1357 2303 1411 ab
2339 1357 2678 1428 alienigenis,
2710 1365 2764 1413 et
2786 1357 3061 1412 civitatem
3122 1355 3265 1426 apud
3318 1355 3440 1409 illos

1875 1446 2082 1512 condit,
2119 1446 2439 1508 Eeclesiam,
2467 1450 2721 1518 inquam,
2756 1448 2810 1501 in
2856 1461 2963 1517 qua
3017 1454 3165 1501 tenet
3213 1459 3441 1519 regnum

1874 1544 1929 1592 et
1967 1538 2256 1607 imperium
2289 1554 2448 1594 suum
2488 1539 2600 1597 ille.
2652 1537 2747 1609 qui
2784 1537 3019 1593 subditis
3051 1536 3234 1592 Saulis
3259 1535 3436 1590 dixit:

1881 1642 1901 1677 ι
1931 1625 2224 1681 Auferetur
2252 1641 2284 1680 a
2327 1627 2485 1683 vobis
2517 1642 2766 1697 regnum,
2821 1632 2877 1682 et
2905 1625 3125 1680 dabitur
3155 1624 3302 1694 genti
3359 1622 3441 1686 {ea

194 1729 345 1799 τικῆς
377 1727 676 1796 εὐγενείας,
712 1724 852 1778 κατὰ
890 1722 993 1794 τὴν
1034 1723 1374 1795 προφητικὴν
1402 1719 1763 1789 ἀναφώνησιν,

1874 1717 2012 1771 renti
2039 1714 2248 1771 fructus
2275 1716 2394 1785 ejus
2414 1716 2483 1771 ".
2513 1733 2534 1769 ι
2562 1717 2621 1773 ln
2651 1719 2754 1774 ista
2775 1718 2998 1774 civitate
3032 1714 3238 1785 aliquid
3270 1713 3437 1770 etiam

195 1814 227 1884 ἦ
254 1831 436 1884 φησιν,
469 1813 553 1866 ὅτι
585 1830 604 1861 ι
634 1811 727 1865 Ἐν
752 1810 1070 1880 ἐκκλησίαις
1097 1809 1365 1877 εὐλογεῖτε
1385 1809 1475 1861 τὸν
1499 1807 1631 1861 Θεὸν
1662 1806 1771 1860 Κύ-

200 1920 306 1974 ριον
354 1905 419 1956 ἐκ
458 1902 651 1971 πηγῶν
695 1902 931 1972 Ἰσραήλ.
972 1919 992 1953 ι
1028 1902 1092 1955 Oi
1118 1900 1226 1972 γὰρ
1272 1900 1641 1972 κατάρξαντες
1671 1898 1767 1953 τοῦ

198 1990 348 2059 λόγου
377 1992 476 2063 τῆς
509 1992 763 2054 πίστεως,
797 1991 846 2043 oi
889 1991 1125 2061 κήρυκες
1169 1990 1266 2060 τῆς
1294 1988 1570 2059 ἀληθείας,
1611 1988 1657 2041 οἱ
1682 1987 1770 2041 θε-

202 2082 455 2152 μελιωταὶ
474 2085 575 2153 τῆς
602 2081 945 2153 Ἐκκλησίας,
976 2084 1023 2134 οί
1058 2081 1316 2152 μαθηταὶ,
1334 2080 1495 2148 λέγω,
1516 2071 1610 2133 καὶ
1638 2078 1769 2134 ἀπό-

200 2174 385 2239 στολοι,
424 2177 492 2228 ἐκ
523 2174 712 2245 πηγῶν
743 2171 882 2247 ἦσαν
924 2173 1017 2227 τοῦ
1063 2174 1297 2245 Ἰσραήλ.
1332 2193 1352 2225 ι
1391 2175 1705 2244 Ἄρχοντες,
1741 2192 1761 2225 ι

195 2266 374 2335 φησιν,
395 2284 414 2317 ι
435 2264 630 2330 Ἰούδα,
656 2266 921 2336 ἡγεμόνες
946 2264 1443 2337 αύτῶν.”Αρχοντες
1463 2263 1763 2330 Ζαϐουλὼν,

200 2349 447 2420 ἄρχοντες
480 2351 816 2422 Νεφθαλείμ.
852 2371 871 2404 ι
902 2351 1000 2405 Διά
1032 2353 1274 2423 σημείων
1314 2353 1473 2407 τινῶν
1505 2353 1596 2406 καὶ
1629 2370 1766 2423 συμ-

201 2440 364 2496 ϐόλων
408 2443 775 2513 προσημαίνει
807 2445 839 2513 ὴ
872 2445 1175 2514 προφητεία
1212 2444 1282 2498 τὰ
1308 2444 1401 2498 τοῦ
1433 2445 1623 2513 γένους
1657 2443 1767 2496 τῶν

203 2533 452 2605 μαθητῶν
488 2533 772 2604 ἰδιώματα.
789 2535 877 2588 Ἐν
897 2530 977 2599 οἷς
999 2538 1113 2589 ἐστι
1143 2537 1237 2590 καὶ
1262 2538 1290 2590 6
1314 2536 1577 2607 νεώτερος
1601 2553 1617 2586 ι
1646 2536 1767 2589 Βεν-

202 2626 345 2695 ιαμὶν
394 2625 485 2679 διὰ
520 2626 621 2694 τῆς
650 2625 956 2688 ἐκστάσεως
989 2644 1007 2677 ι
1038 2626 1347 2691 παιδευθεὶς
1372 2627 1439 2681 τὰ
1469 2626 1763 2698 μυστήρια,

200 2717 289 2770 καὶ
334 2718 397 2771 ἐκ
431 2717 748 2788 σπέρματος
800 2716 1070 2789 Ἀδραὰμ,
1118 2716 1213 2771 καὶ
1267 2717 1437 2790 φυλῆς
1486 2717 1761 2789 Βενιαμὶν,

198 2808 398 2873 Παῦλος
421 2810 451 2861 6
485 2807 629 2872 θεῖος
657 2808 971 2873 ἀπόστολος.

1874 1805 2186 1862 Israeliticae
2207 1807 2458 1862 civitatis
2488 1807 2731 1877 reperire
2771 1807 2920 1871 licet,
2951 1806 3108 1876 juxta
3157 1803 3438 1874 propheti-

1873 1911 1995 1951 cam
2036 1898 2183 1952 illam
2211 1914 2422 1964 vocem,
2450 1914 2573 1969 qua:
2599 1899 2676 1953 ait
2716 1918 2729 1953 :
2771 1918 2790 1951 ι
2828 1898 2884 1952 In
2921 1897 3169 1954 ecclesiis
3214 1894 3439 1953 benedi-

1872 1989 1979 2044 cite
2000 1987 2172 2044 Deum
2205 1988 2492 2045 Dominum
2521 1990 2589 2046 de
2618 1990 2861 2046 fontibus
2883 1989 3049 2046 Israel
3071 1990 3121 2054 ¹;
3148 2011 3166 2041 θ
3194 2004 3320 2044 nam
3340 1987 3436 2058 qui

1873 2081 2029 2135 initio
2068 2080 2188 2136 ﬁdei
2225 2081 2532 2136 doctrinam
2569 2082 2930 2148 tradiderunt,
2965 2096 3244 2153 praecones
3293 2080 3432 2136 veri-

1873 2173 2025 2237 tatis,
2084 2172 2341 2229 Ecclesize
2372 2172 2711 2238 fundatores,
2764 2174 3045 2245 discipuli.
3085 2173 3339 2243 inquam,
3376 2180 3430 2228 et

1873 2263 2128 2334 apostoli,
2158 2263 2557 2319 descenderunt
2585 2279 2651 2319 ex
2708 2263 2952 2319 fontibus
2994 2262 3182 2319 Israel.
3221 2281 3240 2314 ι
3279 2259 3437 2316 Prin-

1872 2354 2041 2422 cipes,
2074 2372 2093 2405 ι
2130 2355 2329 2425 inquit,
2372 2373 2391 2406 ‹
2422 2354 2585 2421 Juda,
2620 2355 2897 2427 principes
2920 2370 3130 2416 eorum.
3159 2353 3436 2425 principes

1872 2445 2138 2513 Zabulon,
2164 2456 2220 2502 et
2256 2440 2935 2518 principes'Nepbthalim.
2971 2468 2990 2502 ι
3019 2446 3124 2503 Ubi
3158 2462 3253 2518 per
3279 2449 3434 2518 signa

1871 2536 2117 2608 quaedam
2149 2545 2204 2593 et
2233 2538 2477 2608 symbola
2508 2538 2778 2610 Propheta
2821 2539 3152 2602 vaticinans,
3192 2538 3432 2609 generis,

1872 2643 1938 2683 ex
1975 2644 2085 2699 quo
2115 2630 2221 2684 orti
2279 2638 2439 2684 erant
2499 2630 2778 2700 discipuli,
2818 2630 3181 2700 proprietates
3212 2627 3438 2683 demon-

1872 2726 2030 2776 strat.
2064 2718 2207 2775 Inter
2245 2735 2383 2790 quos
2430 2721 2703 2791 reperitur
2766 2720 2949 2775 itidem
2997 2717 3438 2774 adolescentulus

1871 2812 1966 2868 ille
2015 2831 2034 2864 ι
2101 2811 2407 2882 Benjamin,
2468 2811 2526 2866 in
2560 2811 2763 2867 mentis
2809 2824 3038 2866 excessu
3099 2827 3119 2861 ›
3178 2806 3438 2878 mysteria

1870 2904 2238 2969 edoctus;ex
2292 2903 2501 2957 semine
2554 2902 2853 2970 Abraham,
2914 2901 3061 2956 tribu
3114 2897 3435 2969 Benjamin,

1871 2993 2075 3049 Paulus
2103 2994 2320 3049 divinus
2343 2994 2432 3050 ille
2458 2994 2760 3064 apostolus.
3285 3006 3289 3015 '

263 3076 427 3149 Πλὴν,
459 3076 513 3128 εί
541 3074 635 3129 καὶ
657 3077 723 3146 τῇ
773 3073 1118 3145 Ἰσραηλίτιδι
1147 3077 1414 3130 συνοικεῖν
1444 3078 1472 3131 6
1512 3077 1763 3148 βασιλεὺς

1937 3084 2206 3140 Caeterum
2240 3083 2368 3136 licet
2403 3056 2526 3136 cum
2561 3080 2862 3166 Israelitica
2897 3094 3117 3152 quoque
3151 3093 3242 3133 rex
3277 3076 3436 3131 habi-

199 3170 510 3241 ἱστορεῖται,
537 3167 651 3221 ἀλλ’
676 3169 955 3237 ἀγαπᾶται
989 3167 1172 3223 πλεῖον
1204 3169 1237 3237 ἡ
1277 3167 1548 3237 Ἀϐιγαία,
1642 3187 1766 3224 συν·

197 3261 324 3330 ᾠκει
359 3262 420 3314 τὸ
465 3261 730 3331 πρότερον
783 3262 812 3313 6
848 3259 1165 3331 Καρμήλιος
1196 3260 1420 3325 Νάϐαλ,
1470 3263 1499 3315 6
1548 3262 1767 3326 κυνικὸς

199 3355 440 3425 ἐπίκλην,
475 3354 508 3406 6
539 3353 743 3423 τραχὺς
775 3353 978 3415 ἐκεῖνος
1005 3353 1099 3405 καὶ
1128 3352 1324 3424 ὄρειος,
1357 3355 1385 3406 6
1417 3353 1485 3407 τὰ
1518 3353 1766 3424 πρόϐατα

198 3446 411 3516 κείρων.
434 3439 512 3499 Οῦ
531 3442 935 3512 διαφθαρέντος,
962 3445 1198 3496 συνοικεῖ
1216 3442 1291 3513 τῷ
1314 3442 1524 3512 βασιλεῖ
1549 3446 1582 3514 η
1604 3446 1763 3516 γυνὴ,

199 3536 289 3590 καὶ
330 3535 595 3606 βασιλέων
631 3534 838 3603 γίνεται
875 3534 1076 3604 μήτηρ.
1120 3533 1187 3586 Ἥ
1227 3533 1324 3604 μὲν
1360 3530 1453 3587 οὖν
1487 3535 1766 3609 ἐπιγραφὴ

202 3629 295 3699 τῆς
329 3627 651 3700 ψαλμῳδίας
738 3625 973 3681 τοσαῦτα
1029 3625 1273 3699 περιέχει
1321 3627 1629 3698 μυστήρια,
1668 3629 1768 3700 τὴν

203 3721 336 3791 ὑπὲρ
375 3720 468 3774 τοῦ
520 3718 652 3774 λαοῦ
698 3717 793 3772 τοῦ
842 3716 1244 3789 μακρυνθέντος
1290 3718 1398 3771 ἀπὸ
1458 3718 1558 3775 τῶν
1601 3720 1768 3790 ἁγίων

203 3813 557 3882 σημαίνουσα,
595 3811 688 3865 καὶ
727 3810 827 3882 τὴν
860 3811 951 3862 ἐπὶ
981 3811 1093 3872 τοῖς
1133 3808 1553 3880 κατορθώμασιν
1626 3812 1767 3883 ὑπὲρ

201 3903 304 3956 τῶν
332 3903 644 3973 ἃλοφύλων
675 3903 895 3973 στήλην,
923 3902 1043 3973 ’ήτις
1071 3900 1158 3954 διὰ
1184 3901 1292 3953 τῶν
1319 3903 1377 3955 ἐν
1407 3902 1541 3973 αὐτῇ
1583 3919 1766 3975 γραμ-

205 3994 404 4063 μάτων,
449 3996 566 4057 τοῖς
607 3990 706 4063 μὲν
756 3991 864 4044 ἀπὸ
895 3990 995 4061 τῆς
1039 3990 1294 4054 ἀπιστίας
1332 3990 1440 4044 τῶν
1481 3991 1765 4056 Ἰουδαίων,

204 4084 397 4148 ὄνειδος
441 4084 704 4153 ἔστηκεν,
752 4082 865 4146 τοῖς
905 4081 962 4135 δὲ
1005 4081 1094 4135 διὰ
1141 4083 1376 4148 πίστεως
1421 4083 1764 4153 σωζομένοις,

201 4174 385 4246 ὀδηγία
411 4175 552 4246 πρὸς
591 4174 652 4226 τὸ
685 4173 887 4243 ἀγαθὸν
923 4172 1016 4225 καὶ
1054 4173 1375 4244 ὑπόδειγμα.
1410 4173 1557 4227 Αύτά
1587 4174 1642 4227 δέ
1671 4174 1769 4245 τῆς

204 4266 513 4338 ψαλμῳδίας
537 4267 607 4319 τὰ
639 4267 855 4337 ῥήματα
888 4264 1087 4334 μᾶλλόν
1117 4280 1231 4328 πως
1252 4265 1398 4318 δοκεῖ
1421 4265 1483 4318 ού
1514 4265 1766 4319 τοσοῦτον

205 4359 334 4429 πρὸς
360 4358 453 4411 τὸν
481 4357 820 4424 ἀναφανέντα
848 4354 1068 4424 βασιλέα
1099 4353 1334 4424 βλέπειν,
1356 4355 1478 4409 ὅσον
1505 4354 1642 4424 πρὸς
1667 4354 1766 4407 αὐ-

201 4447 288 4500 τὸν
315 4448 403 4501 τὸν
433 4447 603 4500 Δαϐὶδ
633 4447 723 4499 τὸν
753 4445 895 4499 κατά
933 4445 1035 4515 τῆς
1075 4444 1272 4508 κακίας
1302 4445 1626 4515 ἀγωνιστὴν,
1671 4445 1766 4498 καὶ⁵

201 4536 295 4607 τῆς
320 4538 523 4607 ἀρετῆς
549 4535 806 4606 ἐργάτην.
826 4536 957 4612 Ὀύκ
987 4533 1053 4586 ἂν
1083 4533 1139 4587 δέ
1166 4550 1248 4598 τις
1276 4533 1500 4606 ἀπᾴδειν
1530 4535 1673 4588 εἴποι
1698 4533 1768 4587 τὰ

201 4627 295 4696 τῆς
330 4624 650 4697 ψαλμῳδίας
679 4625 928 4694 νοήματα
950 4662 965 4686 ,
1011 4622 1146 4694 πρὸς
1185 4622 1252 4676 τὰ
1286 4623 1385 4693 τῆς
1419 4622 1644 4695 Γραφῆς
1684 4624 1769 4676 ai-

203 4719 455 4789 νίγματα.
519 4720 575 4773 '0
622 4717 731 4790 γὰρ
777 4717 914 4788 πρὸς
951 4717 1051 4789 τὴν
1097 4716 1370 4784 θεολογίαν
1402 4715 1636 4786 ἀληθῶς,
1671 4716 1768 4770 καὶ⁹

203 4812 317 4864 καθ’
345 4811 404 4865 ὃν
434 4810 516 4863 δεῖ
536 4810 735 4883 τρόπον
765 4808 996 4880 βλέπων,
1029 4807 1316 4879 σύμφωνον
1339 4806 1608 4872 ἀποδείξει
1630 4807 1769 4881 πάν-

202 4920 305 4967 τως
334 4903 426 4957 τὸν
471 4902 585 4973 βίον
609 4904 676 4973 τῇ
704 4901 907 4956 πίστει.
939 4900 1108 4955 Τοῦτο
1148 4899 1204 4953 δὲ
1232 4901 1333 4953 οὐκ
1363 4898 1564 4963 ἄλλως,
1607 4901 1656 4953 εἰ
1692 4884 1766 4970 μὴ

204 4991 297 5062 τῆς
344 4993 614 5064 σαρκικῆς
665 4990 1079 5054 ἐπαναστάσεως
1127 4989 1214 5043 διά
1263 4988 1374 5042 τῶν
1421 4987 1522 5058 τῆς
1567 4987 1768 5060 ἀρετῆς

204 5084 641 5156 ἐπιτηδευμάτων
662 5084 1093 5153 καταπεσούσης.
1128 5081 1352 5155 Ἀρετῆς
1372 5082 1428 5135 δὲ
1453 5082 1765 5150 κεφάλαιον,

205 5175 237 5245 ὴ
284 5174 373 5228 τοῦ
417 5174 554 5228 Θεοῦ
607 5175 922 5245 συμμαχία,
951 5169 1018 5246 ἦς
1051 5172 1294 5239 ἀξιοῦται
1336 5173 1365 5224 ὁ
1414 5172 1554 5226 θεῖον
1591 5172 1768 5226 ἔλαιον

204 5265 377 5337 ἐαυτῷ
402 5265 495 5320 διὰ
525 5267 621 5336 τῆς
662 5265 806 5335 ζωῆς
847 5265 1239 5336 οἰκειούμενος.
1272 5264 1480 5334 Ὠσπερ
1523 5262 1579 5316 δέ
1611 5261 1770 5327 εἴτις

205 5354 398 5427 λῃστοῦ
462 5374 605 5420 τινος
656 5356 972 5420 ἐπελθόντος
1016 5355 1050 5427 ἢ
1107 5354 1463 5427 ἀνδροφόνου,
1520 5353 1663 5408 κατά
1709 5354 1770 5408 τὸ

205 5446 415 5520 ἀθρόον,
438 5448 748 5501 ἐπικαλοῖτο
765 5446 873 5502 τῶν
898 5447 1066 5517 φίλων
1091 5446 1242 5510 τινὰς
1265 5448 1343 5510 είς
1370 5444 1645 5519 βοήθειαν,
1668 5446 1770 5500 οὐκ
1806 5460 1811 5465 '

274 5625 322 5661 ”
364 5624 554 5681 Matth.
590 5641 704 5695 nt,
742 5627 832 5685 45.
909 5626 925 5659 ⁸
961 5624 1108 5682 PsaI.
1138 5639 1307 5692 van,
1356 5624 1450 5682 Ξῖ.

1866 3184 1989 3232 tare
2040 3185 2524 3239 commemoretur,
2581 3182 2820 3228 attamen
2882 3171 3162 3227 ardentius
3222 3176 3437 3224 amatur

1864 3268 2106 3338 Abigail,
2160 3281 2325 3337 quam
2364 3265 2518 3336 prius
2552 3279 2776 3319 uxorem
2813 3263 3079 3319 habuerat
3129 3260 3436 3316 Carmelius

1868 3360 1959 3414 ille
1978 3358 2174 3425 Nabal,
2201 3358 2442 3430 Cynicus
2469 3356 2904 3429 cognominatus,
2943 3368 3103 3423 asper
3133 3353 3245 3417 ille,
3276 3367 3436 3405 mon-

1866 3451 2016 3506 tibus
2038 3458 2315 3515 assuetus,
2342 3449 2570 3504 tondere
2596 3449 2793 3504 solitus
2819 3463 2969 3503 oves.
3001 3448 3121 3512 Quo
3151 3446 3434 3507 defuncto,

1865 3544 2114 3614 jungitur
2170 3544 2263 3598 illa
2327 3543 2526 3597 mulier
2583 3541 2788 3611 nuptiis
2840 3539 3006 3609 regis,
3060 3539 3229 3608 ﬁtque
3262 3547 3436 3592 mater

1868 3648 2078 3703 regum.
2143 3633 2315 3702 Igitur
2379 3631 2671 3701 inscriptio
2728 3628 2926 3698 psalmi
2996 3627 3126 3681 talia
3187 3627 3436 3681 continet

1870 3724 2150 3796 mysteria,
2182 3723 2433 3778 indicans
2461 3720 2716 3776 videlicet
2746 3720 2965 3774 titulum
2989 3733 3086 3773 seu
3121 3718 3432 3772 columnam

1869 3831 1969 3886 pro
1998 3815 2203 3885 populo
2240 3828 2272 3868 a
2307 3814 2517 3870 sanctis
2548 3814 2824 3883 elongat‘o,
2864 3818 2918 3867 et
2948 3810 3165 3881 egregia
3212 3809 3303 3863 illa
3333 3823 3434 3880 pro

1867 3905 2192 3976 alienigenis
2223 3904 2510 3971 facinora;
2547 3919 2670 3975 qua:
2699 3919 2797 3975 per
2823 3903 3035 3959 litteras
3081 3901 3186 3958 sibi
3237 3901 3435 3958 inseri-

1867 4003 2010 4065 ptas,
2040 3995 2242 4052 Iudaeis
2271 3996 2489 4066 quidem
2536 3996 2606 4049 ob
2632 3994 2910 4065 perﬁdiam
2971 3993 3025 4047 in
3081 3993 3430 4062 opprobrium

1868 4098 2053 4143 erecta
2087 4096 2210 4144 est:
2244 4088 2351 4144 illis
2382 4103 2531 4149 vero,
2565 4087 2657 4157 qui
2692 4102 2789 4158 per
2821 4085 2980 4141 ﬁdem
3039 4086 3340 4149 salvantur,
3377 4085 3431 4137 in

1867 4181 2062 4236 ducem
2109 4188 2165 4236 et
2212 4180 2517 4251 exemplum
2553 4178 2622 4234 ad
2651 4194 2870 4234 onmem
2915 4178 3276 4233 honestatem.
3313 4177 3435 4246 Ipsa

1871 4283 2048 4329 autem
2098 4271 2295 4343 psalmi
2331 4271 2497 4327 verba
2556 4285 2665 4325 non
2710 4277 2820 4322 tam
2870 4268 3147 4337 respicere
3180 4266 3435 4321 videntur

1869 4377 2049 4433 regem
2098 4362 2273 4424 illum,
2308 4360 2403 4430 qui
2459 4374 2582 4415 sese
2630 4359 2789 4413 nobis
2819 4372 2850 4411 e
2899 4357 3039 4411 caelo
3093 4355 3434 4411 descendens

1869 4453 2152 4525 patefecit,
2185 4468 2350 4522 quam
2387 4452 2566 4522 ipsum
2620 4449 2900 4510 Davidem,
2936 4447 3115 4502 omnis
3171 4447 3438 4517 improbi-

1870 4542 2000 4597 tatis
2032 4541 2446 4604 debellatorem,
2482 4537 2809 4607 virtutisque
2861 4544 3210 4591 sectatorem.
3245 4534 3433 4606 Neque

1868 4644 1999 4686 vero
2040 4628 2238 4684 dixerit
2292 4627 2415 4698 quis
2445 4623 2768 4680 sententiam
2821 4623 3018 4692 psalmi
3050 4637 3080 4676 a
3137 4621 3434 4691 Scriptum:

1869 4721 2174 4793 aenigmatis
2207 4718 2569 4787 obscurisque
2614 4714 2871 4771 sensibus
2905 4715 3239 4781 discrepare.
3298 4710 3434 4764 Nam

1871 4812 1966 4883 qui
1999 4825 2124 4866 vere
2178 4817 2233 4864 et
2284 4824 2351 4865 eo
2398 4822 2506 4877 quo
2564 4807 2722 4862 decet
2756 4803 2941 4867 modo,
2968 4803 3036 4857 ad
3083 4801 3433 4870 theologiam,

1872 4916 2168 4973 rerumque
2207 4901 2513 4958 caelestium
2538 4899 2904 4971 cognitionem
2927 4895 3118 4950 oculos
3139 4894 3433 4957 convertit,

1874 4994 1968 5049 ille
1987 4995 2154 5049 vitam
2181 5007 2306 5048 cum
2339 4992 2443 5047 ﬁde
2471 4990 2818 5046 conformat:
2843 4985 2986 5058 quod
3019 4983 3177 5038 aliter
3210 4996 3318 5037 non
3354 4983 3433 5044 ﬁt,

1874 5102 2039 5157 quam
2073 5087 2120 5141 si
2151 5084 2403 5141 carnales
2443 5083 2812 5154 appetitiones
2864 5078 3047 5134 studio
3091 5076 3353 5129 virtutum
3385 5085 3440 5129 et

1874 5174 2264 5233 exercitatione
2307 5174 2759 5243 comprimantur,
2795 5176 2850 5224 et
2877 5169 3220 5223 edomentnr.
3253 5164 3433 5233 Caput

1873 5278 2006 5321 vero
2026 5262 2250 5319 virtutis
2288 5271 2373 5318 est
2402 5261 2496 5317 Dei
2526 5259 2831 5315 subsidium
2875 5266 2932 5313 et
2976 5256 3261 5319 auxilium,
3290 5253 3437 5324 quod

1874 5355 1923 5410 ei
1960 5353 2212 5426 obtingit,
2242 5352 2335 5423 qui
2381 5352 2620 5407 divinam
2664 5347 3099 5405 misericordiam
3148 5362 3245 5417 per
3272 5346 3439 5400 vitam

1876 5446 1981 5504 sibi
2010 5446 2290 5502 conciliat.
2319 5440 2789 5512 Quemadmodum
2817 5450 2999 5497 autem
3025 5438 3239 5495 latrone
3258 5438 3325 5496 et
3343 5436 3442 5492 ho-
