3766 5986
270 200 373 256 579
1492 195 1554 253 S.
1585 194 1908 252 GREGORII
1928 195 2222 254 NYSSENI
3407 196 3514 253 580

265 322 465 377 micida
486 318 738 391 quopiam
766 333 831 372 ex
864 315 1164 386 improviso
1184 315 1446 381 irruente,
1467 318 1686 371 invocat
1704 314 1807 385 qui:

2003 314 2110 370 κῶν
2138 314 2316 387 ἐαυτῷ
2347 315 2481 387 πρὸς
2506 316 2605 388 τὴν
2635 316 2742 371 τῶν
2774 317 3032 372 κινδύνων
3064 317 3382 390 ἀποφυγήν·
3416 319 3508 371 οὗ·

265 411 496 477 amieos,
529 418 587 464 ιιι
614 408 895 477 suppetias
931 405 1134 471 ferant,
1167 420 1275 460 non
1314 415 1608 463 contentus
1651 406 1834 476 seipso

262 503 332 559 ad
383 501 612 573 periculi
666 500 815 555 illius
846 501 1027 570 fugam
1059 512 1072 548 :
1102 499 1177 552 ita
1210 506 1266 553 et
1318 499 1408 554 hic
1447 498 1501 553 in
1535 498 1835 552 certamine

258 595 644 658 constitutus,
710 600 934 662 propter
1001 591 1417 659 impressionem
1483 590 1551 643 ab
1613 589 1834 643 homine

260 688 488 750 factam,
522 686 819 756 (hominem
870 683 1184 743 nominans,
1229 691 1441 735 natura:
1476 688 1682 736 nostrae
1711 695 1834 750 per-

265 778 606 832 turbationes
652 786 706 832 et
734 775 1052 831 aﬂ‘ectioues
1099 775 1308 829 indicat
1351 789 1484 828 voce
1524 770 1831 839 collectiva)

263 869 481 923 invocat
533 883 833 938 supernum
872 867 1163 931 auxilium,
1216 866 1532 922 conculcari
1592 880 1713 920 sese
1765 863 1833 918 ab

262 960 484 1015 inimico
513 960 726 1023 dicens,
758 958 1084 1029 fatigarique
1112 958 1463 1022 ettribulari,
1492 970 1674 1028 pugna
1699 969 1833 1009 con-

262 1051 444 1106 tinuos
475 1051 593 1106 dies
625 1050 877 1105 durante.

329 1141 516 1210 Neque
545 1140 692 1195 enim
730 1155 896 1194 unum
927 1138 1194 1193 duntaxat
1225 1137 1603 1193 adversarium
1642 1124 1831 1194 secum

259 1230 586 1302 conﬂigendi
621 1245 789 1285 causa
821 1228 1103 1299 congredi,
1158 1229 1254 1285 sed
1291 1229 1515 1283 unicum
1550 1229 1830 1285 hominem

261 1325 435 1377 instar
460 1319 825 1374 multitudinis
852 1319 1093 1375 hostium
1124 1333 1268 1374 esse.
1290 1318 1380 1373 Ait
1400 1318 1584 1373 enim:
1621 1336 1639 1369 ι
1680 1317 1830 1373 Con-

260 1412 614 1467 eulcaverunt
644 1425 731 1464 me
786 1408 995 1463 inimici
1048 1408 1155 1463 mei
1190 1415 1304 1462 tota
1337 1408 1446 1472 die,
1488 1424 1507 1458 ι
1545 1407 1733 1463 missis
1762 1407 1832 1462 ab

258 1507 369 1559 alto
387 1504 606 1574 jaculis,
629 1517 695 1558 eo
721 1502 864 1571 quod
889 1501 1198 1571 superiores
1220 1502 1331 1556 sint
1357 1514 1462 1566 Ine,
1482 1498 1576 1569 qui
1607 1499 1831 1553 conculo

258 1612 374 1650 cor.
396 1594 581 1664 Neque
604 1594 655 1648 id
680 1593 826 1662 quod
856 1591 1079 1655 accidit,
1102 1592 1169 1647 de
1191 1592 1280 1646 die
1303 1591 1361 1644 ﬁt
1384 1600 1437 1647 et
1458 1590 1581 1645 luce
1603 1590 1782 1659 palam
1811 1607 1826 1644 :

258 1702 367 1740 non
396 1686 540 1741 enim
595 1684 924 1747 timuissem,
974 1682 1020 1737 si
1050 1682 1232 1752 palam
1269 1697 1484 1738 mecum
1541 1682 1828 1752 congressi

259 1788 464 1834 essent.
518 1776 601 1830 0b
659 1776 710 1830 id
768 1775 963 1830 addit:
1027 1794 1046 1825 ι
1088 1773 1164 1829 De
1201 1774 1290 1829 die
1342 1788 1454 1828 non
1514 1774 1761 1838 timebo;
1800 1791 1821 1826 ι

257 1867 424 1921 tacite
454 1865 744 1921 insinuans
778 1864 832 1918 in
869 1862 1110 1918 tenebris
1158 1878 1216 1918 se
1253 1862 1322 1918 ab
1357 1862 1611 1919 hostibus
1644 1871 1827 1919 exter-

256 1958 459 2025 reﬁeri,
496 1967 550 2012 et
582 1951 876 2011 formidine
925 1954 1169 2024 percelli.
1210 1952 1317 2009 Sed
1372 1953 1497 2009 talis
1529 1953 1675 2009 diem
1710 1954 1830 2025 ipse

257 2049 364 2107 sibi
412 2055 690 2120 procreat,
743 2046 1025 2117 sperando
1073 2053 1130 2100 tn
1180 2045 1377 2111 lucem,
1429 2059 1538 2114 qua
1587 2047 1829 2101 tenebras

256 2141 616 2211 dispellantur
644 2157 657 2192 :
698 2155 718 2190 ι
760 2137 836 2192 De
864 2136 954 2193 die
986 2152 1096 2191 non
1128 2136 1357 2203 timebo,
1391 2151 1493 2207 ego
1524 2151 1655 2191 vero
1685 2137 1740 2191 in
1772 2146 1828 2193 te

256 2232 510 2303 sperabo.
550 2249 570 2283 ι
604 2229 766 2284 Forte
795 2239 976 2285 autem
1018 2230 1346 2285 sententiam
1377 2242 1589 2294 eorum,
1621 2243 1744 2298 qua:
1770 2227 1827 2282 in

258 2325 364 2378 hoc
399 2322 612 2392 psalmo
642 2321 848 2392 scripta
877 2328 1029 2386 sunt,
1059 2319 1234 2390 magis
1262 2326 1608 2389 asscquetur,
1632 2319 1725 2389 qui
1758 2317 1828 2373 ad

262 2413 639 2485 inscriptionis
667 2413 897 2483 aenigma
921 2426 1043 2467 sese
1066 2418 1349 2466 convertet
1372 2426 1388 2477 ;
1415 2409 1656 2480 quandiu
1680 2409 1826 2465 enim

256 2505 495 2559 humana
536 2504 685 2559 natio
716 2518 746 2556 a
776 2502 984 2558 sanctis
1014 2501 1222 2572 angelis
1266 2502 1427 2571 longe
1458 2500 1652 2555 dissita
1684 2507 1823 2566 erat,

255 2593 686 2648 conculcabatur
759 2592 828 2647 ab
901 2590 1386 2646 immoderatarum
1477 2588 1824 2644 aﬂ‘ectiunum

255 2687 473 2744 natura,
503 2680 914 2751 angebaturque
951 2686 1008 2733 et
1039 2676 1444 2748 defatigabatur
1482 2692 1676 2749 pugnae
1705 2692 1826 2748 per-

254 2771 518 2840 petuitate
550 2787 615 2826 ex
647 2770 809 2827 editis
847 2779 903 2827 et
933 2770 1310 2841 superioribus
1345 2768 1483 2824 locis
1517 2767 1779 2838 impedita
1808 2786 1821 2822 :

253 2872 545 2933 prapterea
598 2872 766 2918 noctu
829 2862 1067 2918 maxime
1113 2861 1551 2932 pertimescebat.
1595 2860 1825 2928 Quando

254 2963 437 3008 autent
477 2954 717 3024 speravit
769 2953 824 3007 in
858 2952 991 3017 Deo,
1052 2968 1150 3024 Spe
1190 2954 1283 3008 illa
1335 2954 1392 3008 in
1445 2953 1603 3009 vanis
1661 2952 1825 3008 rebus

253 3045 455 3116 posita,
486 3045 634 3100 velut
669 3043 910 3114 pondere
956 3044 1219 3115 quodam,
1275 3043 1531 3114 abiecta;
1587 3051 1717 3098 tunc
1769 3043 1826 3098 in

256 3135 449 3191 laudes
483 3135 691 3206 proprii
723 3135 995 3191 sermonis
1015 3136 1196 3206 erupit
1250 3136 1343 3206 qui
1378 3136 1513 3191 nihil
1543 3136 1687 3192 aliud
1721 3144 1825 3203 est,

254 3242 419 3298 quam
450 3225 727 3283 confessio
758 3226 903 3283 tidei.
936 3227 1028 3282 Ait
1056 3228 1203 3284 enim
1237 3248 1250 3283 :
1290 3249 1310 3282 ι
1352 3228 1413 3283 In
1451 3228 1561 3284 Deo
1591 3228 1829 3284 laudabo

257 3335 543 3376 sermones
595 3335 767 3376 meos.
806 3339 825 3373 ι
865 3318 972 3376 Sed
1008 3320 1107 3377 hos
1161 3337 1318 3379 meos
1350 3337 1636 3379 sermones
1668 3322 1829 3376 laude

255 3412 453 3482 dignos
488 3421 850 3468 exsecrantur
879 3410 1089 3468 inimici
1122 3413 1252 3481 mei,
1289 3414 1383 3485 qui
1427 3428 1643 3469 omnem
1676 3413 1829 3482 cogi-

258 3505 521 3559 tationem
557 3519 713 3560 suam
762 3518 829 3560 eo
880 3512 1231 3571 convertunt,
1268 3512 1327 3560 ut
1381 3503 1513 3558 mihi
1573 3510 1829 3569 noceant,

255 3595 612 3665 occultasque
637 3602 693 3652 et
718 3596 1072 3653 absconditas
1106 3596 1360 3664 insidias,
1381 3597 1511 3653 dum
1540 3612 1664 3651 cum
1692 3597 1830 3668 ipsis

257 3684 463 3748 habito,
494 3693 750 3754 struant;
785 3687 880 3756 qui
925 3701 1078 3741 suam
1116 3694 1288 3742 artem
1323 3685 1660 3753 factitantes,
1718 3703 1829 3743 non

256 3784 476 3831 cessant
525 3777 821 3833 observare
869 3778 1191 3833 calcaneum
1245 3793 1467 3833 meum:
1527 3777 1632 3832 hoc
1683 3777 1830 3832 enim

258 3880 398 3936 opus
434 3874 519 3922 est
544 3868 685 3935 ejus,
707 3866 801 3936 qui
833 3867 903 3923 ab
934 3867 1092 3922 initio
1125 3866 1401 3922 homicida
1429 3866 1537 3922 fuit
1561 3868 1612 3935 ³,
1638 3866 1831 3922 obser-

255 3972 382 4012 vare
434 3958 752 4011 calcaneum
810 3956 1216 4021 hominis'1at
1274 3958 1420 4012 enim
1470 3957 1600 4013 licet
1652 3955 1829 4013 hostis

260 4047 551 4117 impressio
602 4046 785 4117 gravis
843 4046 934 4110 sit,
973 4046 1270 4116 repelletur
1316 4056 1498 4102 tamen
1564 4046 1830 4102 beneﬁcio

258 4138 448 4193 auxilii
483 4137 563 4192 tui
591 4154 603 4190 :
637 4150 764 4191 nam
791 4137 964 4207 gratis
999 4137 1311 4192 hominibus
1343 4138 1494 4193 salus
1523 4146 1629 4194 ate
1658 4139 1827 4205 venit,

258 4242 368 4282 non
393 4242 460 4282 ex
486 4227 745 4297 operibus
778 4226 1023 4296 iustitiae,
1077 4225 1171 4281 sed
1199 4241 1266 4280 ex
1316 4227 1432 4282 sola
1487 4236 1579 4282 tua
1608 4229 1780 4299 gratia
1811 4248 1822 4283 :

1934 423 2011 460 τω
2056 408 2150 460 καὶ
2192 406 2427 461 ἐνταῦθα
2474 405 2765 477 ἐναγώνιος
2819 409 2915 470 ὢν.
2957 410 3045 463 διὰ
3097 411 3198 480 τῆς
3245 410 3384 483 πρὸς
3415 409 3514 463 τὸν

1934 496 2218 566 ἄνθρωπον
2248 497 2570 568 συμπλοκῆς
2595 500 2613 569 (
2632 498 2917 570 ἄνθρωπον
2940 499 2998 553 δὲ
3026 498 3221 569 λέγων,
3252 503 3318 570 τῇ
3351 516 3513 568 περι-

1933 586 2170 657 ληπτικῇ
2211 589 2359 658 φωνῇ
2411 588 2482 641 τὰ
2528 590 2629 660 τῆς
2674 589 2888 659 φύσεως
2929 590 3261 644 ἐνδείκνυται
3306 589 3509 660 πάθη)

1935 679 2276 733 ἐπικαλεῖται
2308 680 2406 751 τὴν
2446 680 2651 735 ἄνωθεν
2684 680 2956 753 βοήθειαν,
3002 680 3291 736 πατεῖσθαι
3331 680 3509 749 λέγων

1934 768 2085 837 παρά
2104 770 2196 822 τοῦ
2219 770 2601 841 πολεμοῦντος,
2632 773 2728 824 καὶ
2754 770 2829 842 τῷ
2858 772 3182 843 πανημερίῳ
3206 772 3303 843 τῆς
3325 770 3512 843 μάχης

1882 886 1889 893 ’
1930 863 2292 934 ἀπαγορεύειν
2321 882 2381 918 τε
2412 864 2506 918 καὶ
2533 864 2891 920 ἐκθλίϐεσθαι.

2001 1134 2147 1206 Μηδέ
2190 1134 2299 1208 γὰρ
2352 1135 2510 1206 μόνον
2557 1134 2844 1205 τυγχάνειν
2876 1135 2967 1189 τὸν
3011 1135 3099 1189 διὰ
3129 1135 3237 1190 τῶν
3278 1136 3509 1206 ἀγώνων

1930 1229 2080 1299 αὐτῷ
2114 1229 2582 1298 συμπλεκόμενον,
2622 1227 2757 1282 ἀλλὰ
2794 1228 2962 1299 δῆμον
3008 1228 3216 1300 ἐχθρῶν
3245 1225 3381 1282 εἶναι
3414 1229 3509 1283 τὸν

1930 1318 2026 1373 Eva
2053 1317 2356 1390 ἄνθρωπον.
2385 1336 2403 1368 ι
2438 1317 2839 1388 Κατεπάτησαν
2862 1317 2971 1388 γάρ
3002 1335 3091 1389 με,
3129 1336 3147 1369 ι
3181 1319 3365 1389 φησὶν,
3403 1336 3423 1370 ι
3455 1320 3509 1371 οἱ

1930 1410 2116 1482 ἐχθροί
2147 1428 2249 1482 μου
2277 1410 2406 1481 ὅλην
2434 1409 2531 1481 τὴν
2563 1408 2775 1480 ἡμέραν
2811 1428 2831 1461 ι
2865 1409 2974 1463 ἀπὸ
3005 1409 3173 1480 ὖψους
3200 1409 3505 1479 βάλλοντες,

1930 1501 2017 1555 διὰ
2037 1499 2132 1554 τοῦ
2157 1500 2408 1570 γενέσθαι
2437 1499 2531 1554 τοῦ
2561 1499 2895 1569 πατουμένου
2926 1498 3236 1570 ὑπέρτεροι.
3267 1500 3378 1553 Kal.
3406 1501 3509 1554 οὐκ

1932 1596 1989 1646 ἐν
2025 1593 2207 1665 ήμέρᾳ
2238 1592 2406 1658 ἐστὶν,
2439 1591 2560 1645 ούδέ
2594 1594 2652 1646 ἐν
2682 1591 2822 1661 φωτὶ
2865 1590 2925 1644 τὸ
2957 1591 3270 1662 γινόμενον,
3299 1592 3358 1644 ού
3395 1592 3511 1662 γὰρ

1934 1680 2000 1735 ἂν
2046 1680 2318 1753 ἐφοϐήθην
2361 1680 2469 1735 ἀπὸ
2508 1679 2601 1733 τοῦ
2655 1679 2830 1748 φωτὸς
2878 1678 3351 1750 συμμαχούμενος.
3407 1681 3511 1733 Διά

1934 1770 2090 1825 τοῦτό
2145 1789 2307 1842 φησιν
2331 1789 2346 1803 ·
2381 1790 2400 1823 ι
2447 1771 2690 1842 Ἡμέρας
2726 1770 2786 1823 οὐ
2823 1768 3219 1842 φοϐηθήσομαι.
3256 1788 3275 1821 ι
3321 1769 3510 1841 Δηλῶν

1934 1861 2076 1916 κατὰ
2105 1862 2165 1915 τὸ
2200 1861 2575 1932 σιωπώμενον,
2602 1862 2662 1915 τὸ
2688 1861 2776 1916 διὰ
2802 1861 2895 1915 τοῦ
2930 1862 3151 1925 σκότους
3178 1860 3327 1932 αὑτῷ
3351 1862 3511 1935 παρὰ

1933 1951 2044 2005 τῶν
2071 1949 2281 2020 ἐχθρῶν
2311 1949 2403 2005 τὸν
2434 1949 2597 2020 φόϐον
2627 1950 2947 2020 ἐπάγεσθαι.
2991 1949 3130 2005 Ἀλλ’
3155 1951 3333 2023 ἐαυτῷ
3370 1953 3512 2024 ὴμέ-

1937 2059 2036 2114 ραν
2072 2043 2102 2095 ό
2137 2040 2374 2104 τοιοῦτος
2410 2044 2572 2107 natat,
2608 2038 2697 2094 διὰ
2730 2036 2826 2095 τοῦ
2862 2039 3099 2106 ἐλπίζειν
3142 2043 3233 2096 ἐπὶ
3269 2043 3330 2096 τὸ
3365 2044 3507 2113 φῶς,

1931 2133 1997 2187 δι’
2023 2127 2082 2187 οὗ
2114 2133 2175 2185 τὸ
2207 2133 2395 2197 σκότος
2425 2133 2821 2202 ἐξαφανίζεται.
2860 2152 2880 2185 ‹
2916 2133 3158 2205 Ἡμέρας
3178 2135 3238 2187 οὐ
3268 2134 3512 2206 φοϐηθή-

1936 2242 2117 2297 σομαι’
2152 2225 2262 2294 ἐγὼ
2293 2224 2350 2278 δέ
2379 2225 2549 2278 ἐλπιῶ
2571 2226 2663 2278 ἐπὶ
2691 2226 2774 2278 σέ.
2803 2244 2823 2278 ›
2850 2226 3001 2297 Τάχα
3028 2227 3085 2279 δὲ
3108 2226 3173 2280 ἄν
3200 2244 3286 2292 τις
3303 2227 3513 2297 μᾶλλον

1932 2316 2210 2370 καθίκοιτο
2256 2314 2357 2384 τῆς
2408 2314 2517 2367 τῶν
2566 2314 2964 2384 γεγραμμένων
3000 2314 3257 2379 διανοίας,
3296 2315 3356 2367 τὸ
3405 2315 3513 2385 τῆς

1932 2405 2243 2479 ἐπιγραφῆς
2272 2406 2498 2474 αἴνιγμα
2539 2402 2770 2474 βλέπων.
2802 2404 2946 2467 Ἕως
2976 2404 3084 2474 γὰρ
3115 2400 3182 2476 ἦν
3208 2406 3235 2458 ό
3262 2405 3371 2459 τῶν
3406 2406 3513 2458 ἀν-

1933 2498 2163 2570 θρώπων
2197 2497 2324 2560 λαὸς
2367 2496 2474 2550 τῶν
2513 2495 2682 2563 ἁγίων
2719 2495 2963 2564 ἀγγέλων
3014 2496 3507 2568 μεμακρυμμένος.

1933 2589 2027 2644 καὶ
2055 2590 2311 2642 ἐπατεῖτο
2335 2588 2439 2642 ὑπὸ
2466 2587 2574 2641 τῶν
2599 2586 2936 2657 παθημάτων
2960 2586 3062 2657 τῆς
3086 2586 3321 2656 φύσεως,
3346 2589 3403 2642 ἐν
3422 2587 3509 2658 τῷ

1930 2682 2142 2754 διαρκεῖ
2164 2679 2258 2734 τοῦ
2286 2679 2521 2749 πολέμου
2550 2676 2908 2748 ἀπαγορεύων
2933 2677 3027 2731 καὶ
3056 2678 3465 2751 συνθλιϐόμενος
3486 2720 3505 2745 ,

1930 2775 2026 2828 καὶ
2056 2774 2122 2826 ἐκ
2149 2771 2256 2826 τῶν
2301 2770 2714 2841 ὑπερκειμένων
2747 2768 3089 2840 βαλλόμενος.
3131 2771 3225 2824 καὶ
3256 2772 3312 2824 ἐν
3344 2772 3509 2825 νυκτὶ

1930 2863 2022 2918 τὸν
2055 2862 2218 2933 φόϐον
2255 2860 2430 2932 ἔχων·
2463 2860 2550 2913 ὅτε
2580 2860 2637 2913 δὲ
2675 2859 2900 2930 ἧλπισεν
2940 2859 3033 2912 ἐπὶ
3076 2859 3167 2913 τὸν
3206 2861 3369 2924 Θεὸν,
3402 2861 3506 2934 τὴν

1934 2957 2062 3027 περὶ
2086 2956 2153 3008 τὰ
2177 2953 2381 3024 μάταια
2407 2953 2833 3023 πεπλανημένην
2858 2951 3065 3015 ἐλπίδα,
3095 2948 3205 3005 οἷον
3228 2952 3287 3004 τὸ
3317 2953 3506 3023 ἄχθος,

1931 3045 2381 3116 ἀποσεισάμενος,
2403 3043 2526 3097 τότε
2543 3042 2804 3113 ἐπῄνεσεν
2828 3045 2954 3107 τοὺς
2971 3043 3164 3097 ἐαυτοῦ
3191 3044 3399 3113 λόγους,
3430 3046 3513 3098 οἴ-

1929 3139 2072 3204 τινές
2099 3140 2236 3192 εἰσιν
2264 3140 2297 3208 ή
2326 3135 2584 3208 ὁμολογία
2607 3135 2707 3206 τῆς
2735 3135 2988 3200 πίστεως.
3022 3155 3041 3189 ι
3084 3136 3205 3198 Ἐπὶ
3224 3136 3300 3206 τῷ
3325 3137 3445 3208 Θεῷ
3480 3156 3503 3189 ι

1929 3231 2059 3303 γὰρ,
2086 3230 2270 3300 φησὶν,
2300 3247 2318 3279 ι
2342 3228 2617 3283 ἐπαινέσω
2636 3228 2757 3291 τοὺς
2780 3227 2971 3295 λόγους
2983 3245 3114 3299 μου.
3143 3246 3163 3279 ι
3199 3229 3357 3282 Ἀλλὰ
3380 3228 3511 3282 τού-

1929 3338 2076 3384 τους,
2118 3321 2311 3391 φησὶν,
2343 3320 2468 3384 τοὺς
2502 3318 2817 3381 ἐπαινετοὺς
2845 3317 3056 3386 λόγους,
3091 3320 3140 3372 οἱ
3170 3320 3352 3392 ἐχθροί
3397 3338 3507 3392 μου

1935 3413 2332 3485 βδελύσσονται,
2350 3415 2477 3478 τοὺς
2496 3414 2614 3467 κατ’
2635 3411 2770 3483 ἐμοῦ
2796 3412 3087 3485 λογισμοὺς
3115 3408 3194 3478 εἰς
3225 3415 3390 3469 κακὸν
3414 3417 3509 3469 εὑ-

1934 3505 2228 3577 ρίσκοντες,
2262 3507 2358 3558 καὶ
2382 3503 2746 3560 λανθάνουσαν
2787 3504 2881 3557 καὶ
2918 3505 3304 3577 κεκρυμμένην
3334 3506 3393 3559 ἐν
3422 3506 3510 3576 τῷ

1880 3606 1883 3611 ‘
1933 3598 2215 3667 παροικεῖν
2244 3595 2343 3665 τὴν
2383 3595 2671 3668 ἐπιϐουλὴν
2698 3596 3161 3661 διασκευάζοντες.
3192 3596 3253 3649 Οἳ
3280 3597 3340 3648 τὸ
3369 3597 3510 3652 ἴδιον

1932 3687 2138 3742 ἐαυτῶν
2166 3687 2501 3758 ἐπιτήδευμα
2535 3686 2846 3752 ποιοῦντες,
2877 3689 2937 3741 ού
2984 3688 3243 3742 παύονται
3277 3688 3362 3741 ἀεί
3398 3706 3507 3758 μου

1930 3779 2031 3850 τὴν
2071 3780 2308 3852 πτέρναν
2355 3779 2833 3849 ἐπιφυλάσσοντες.
2870 3778 3040 3833 Τοῦτο
3082 3779 3189 3850 γὰρ
3225 3780 3283 3846 ἐξ
3328 3781 3509 3851 ἀρχῆς

1931 3872 2376 3943 ἁνθρωποκτόνου
2404 3871 2465 3924 τὸ
2490 3870 2671 3942 ἔργον,
2702 3871 2763 3924 τὸ
2791 3873 3066 3943 ἐπιτηρεῖν
3092 3872 3186 3925 τοῦ
3213 3872 3507 3943 ἀνθρώπου

1930 3963 2028 4034 τὴν
2062 3964 2319 4033 πτέρναν.
2383 3962 2522 4015 Ἀλλ’
2565 3965 2613 4017 εί
2656 3964 2750 4017 καὶ
2783 3964 2974 4033 βαρεῖα
3006 3963 3115 4017 τῶν
3149 3964 3421 4036 πολεμίων
3467 3968 3508 4037 ἡ

1932 4053 2228 4128 προσϐολὴ,
2256 4054 2345 4109 διὰ
2372 4055 2472 4126 τῆς
2501 4053 2816 4126 συμμαχίας
2843 4054 2943 4122 τῆς
2974 4055 3073 4125 σῆς
3096 4055 3505 4125 ἀπωθήσονται·

1930 4146 2131 4217 προῖκα
2165 4147 2275 4207 τοῖς
2306 4144 2614 4216 ἀνθρώποις
2642 4145 2793 4217 παρά
2828 4145 2920 4200 σοῦ
2952 4147 3241 4220 γινομένης
3265 4150 3362 4219 τῆς
3392 4166 3505 4202 σω-

1929 4235 2140 4306 τηρίας.
2187 4236 2300 4289 Οὐκ
2336 4234 2397 4299 ἐξ
2433 4234 2608 4306 ἔργων
2639 4234 2747 4288 τῶν
2783 4237 2845 4289 ἐκ
2890 4237 3256 4308 δικαιοσύνης,
3292 4239 3409 4293 ἀλλ’
3437 4241 3506 4294 ἐκ

262 4331 284 4366 ι
321 4311 428 4369 Pro
449 4314 621 4368 nihilo
647 4314 792 4369 enim
819 4314 1002 4370 salvos
1029 4312 1198 4369 facies
1220 4315 1364 4369 illos.
1400 4334 1418 4367 ›
1447 4314 1585 4370 Tota
1616 4326 1807 4373 autem.

2000 4343 2100 4394 νης
2131 4326 2227 4396 τῆς
2256 4325 2356 4396 σῆς
2379 4327 2618 4396 χάριτος.
2645 4343 2663 4377 ι
2689 4326 2857 4397 ’Υπὲρ
2884 4326 2992 4398 γάρ
3017 4327 3108 4381 τοῦ
3140 4329 3364 4398 μηδενὸς
3393 4330 3507 4384 mb-

256 4421 380 4476 qua:
407 4405 679 4475 sequitur,
727 4406 921 4475 psalmi
966 4406 1158 4469 series,
1209 4407 1613 4462 revocationem
1639 4415 1692 4464 et
1742 4410 1829 4465 in-

260 4497 649 4554 staurationem
680 4497 905 4551 humani
930 4498 1148 4568 generis
1171 4498 1451 4568 explanat.
1474 4498 1633 4568 cujus
1662 4513 1827 4571 caput

208 4626 217 4629 -
261 4599 363 4653 cst,
390 4588 618 4642 victoria
646 4588 714 4643 ah
740 4588 1059 4645 adversario
1090 4591 1258 4646 relata
1280 4632 1295 4657 ,
1329 4590 1638 4657 indelebile,
1670 4594 1827 4663 quasi

259 4682 315 4736 in
346 4681 601 4736 columna
649 4681 925 4752 quapiam,
962 4682 1161 4738 divina:
1208 4698 1337 4752 erga
1389 4683 1642 4740 homines
1678 4686 1830 4741 beni-

259 4773 485 4844 gnitatis
539 4781 976 4839 monumentum,
1028 4775 1175 4829 omni
1239 4783 1507 4831 creaturae
1561 4784 1825 4845 tanquam

262 4862 490 4917 materia
519 4862 779 4918 laudandi
811 4863 928 4925 Dei,
958 4871 1013 4919 et
1041 4865 1359 4920 celebrandi
1391 4868 1754 4936 propositum.

330 4952 543 5009 idcirco
574 4954 845 5009 extremis
883 4954 1049 5024 hujus
1100 4957 1301 5026 psalmi
1334 4957 1516 5013 verbis
1548 4959 1628 5014 sic
1655 4961 1825 5027 canit,

261 5041 328 5097 ad
379 5044 523 5100 hanc
570 5044 717 5100 \clut
778 5044 1089 5099 columnam
1147 5046 1489 5116 respiciens:
1530 5065 1550 5101 ι
1595 5050 1656 5103 In
1715 5049 1829 5106 Deo

261 5133 497 5191 laudabo
531 5137 785 5201 verbum,
817 5136 873 5191 in
922 5135 1151 5193 Domino
1207 5138 1445 5195 laudabo
1492 5156 1862 5207 sermonem,

1935 4432 2048 4479 σεις
2070 4414 2284 4479 αὐτούς.
2324 4432 2342 4467 ι
2379 4415 2489 4469 Καὶ
2530 4416 2680 4469 πᾶσα
2721 4417 2951 4488 καθεξῆς
2990 4419 3021 4488 ή
3064 4419 3164 4489 τῆς
3189 4420 3510 4491 ψαλμῳδίας

1933 4505 2251 4573 ἀκολουθία,
2283 4504 2381 4577 τὴν
2419 4505 2717 4576 ἀνάκλησιν
2756 4507 2854 4576 τῆς
2895 4508 3241 4582 ἀνθρωπίνης
3286 4512 3509 4581 φύσεως

1933 4596 2243 4667 ἐρμηνεύει.
2278 4591 2387 4660 Ἦς
2421 4597 2735 4666 κεφάλαιον,
2765 4599 2866 4667 τῆς
2900 4600 3041 4655 κατά
3077 4603 3170 4655 τοῦ
3207 4603 3507 4658 ἀντιπάλου

1932 4689 2090 4760 νίκης
2133 4688 2281 4742 ἐστὶν
2329 4687 2746 4758 άνεξάλειπτον,
2792 4688 2978 4762 ὥσπερ
3018 4692 3218 4763 στήλης
3261 4693 3361 4764 τῆς
3406 4697 3506 4750 τοῦ

1931 4779 2067 4833 Θεοῦ
2093 4779 2282 4848 φιλανθ
2292 4780 2500 4848 ρωπίας
2523 4781 2883 4851 μνημόσυνον,
2909 4784 3058 4855 πάσῃ
3076 4787 3143 4856 τῇ
3170 4786 3345 4839 κτίσει
3366 4787 3510 4858 πρὸς

1931 4870 2186 4925 ὑπόθεσιν
2222 4869 2525 4938 δοξολογίας
2556 4871 2935 4942 προκείμενον.

1999 4961 2090 5015 Διό
2134 4978 2267 5032 φησι
2312 4963 2426 5024 τοῖς
2456 4959 2785 5024 τελευταίοις
2825 4963 2924 5030 τῆς
2967 4963 3313 5035 ψαλμῳδίας,
3364 4967 3509 5039 πρὸς

1926 5051 2133 5121 ταύτην
2161 5051 2258 5123 τὴν
2292 5051 2494 5122 στήλην
2539 5050 2774 5122 βλέπων,
2822 5071 2843 5104 ι
2878 5054 3003 5108 Ἐπὶ
3042 5054 3120 5125 τῷ
3145 5056 3263 5126 Θεῷ
3304 5058 3509 5113 αἰνέσω

1935 5143 2104 5213 ῥῆμα,
2141 5141 2238 5195 ἐπὶ
2264 5139 2342 5211 τῷ
2375 5141 2581 5212 Κυρίῳ.
2604 5141 2802 5195 αἰνέσω
2828 5141 3006 5210 λόγον,
3034 5144 3127 5197 ἐπὶ
3154 5146 3233 5216 τῷ
3257 5147 3376 5219 Θεῷ
3404 5149 3510 5220 ᾕλ-

261 5227 316 5280 in
341 5224 451 5282 Deo
471 5229 685 5297 speravi
708 5245 723 5282 :
745 5246 764 5280 ι
785 5235 1009 5298 propter
1033 5244 1196 5299 quem
1220 5245 1329 5286 non
1351 5232 1587 5303 amplius
1607 5233 1804 5289 incessi

2000 5250 2087 5288 σα.
2123 5250 2143 5286 ι
2178 5231 2255 5286 Δι’
2284 5232 2344 5286 ὃν
2372 5232 2466 5287 τὸν
2497 5231 2598 5302 τῆς
2629 5230 2830 5303 σαρκὸς
2853 5233 3015 5301 φόϐον
3048 5237 3231 5291 οὐκέτι
3267 5239 3506 5295 δέδοικα.

253 5330 345 5371 me
374 5315 606 5370 formido
633 5315 841 5372 carnis.
866 5335 886 5367 ι
910 5314 1048 5371 Etin
1076 5333 1186 5385 me,
1217 5338 1237 5371 ι
1263 5318 1463 5389 inquit,
1494 5340 1513 5373 ι
1538 5328 1685 5389 vota,
1716 5338 1807 5393 qu:

2000 5324 2103 5378 Kal.
2137 5326 2193 5377 ἐν
2238 5323 2382 5393 ἐμοὶ,
2424 5341 2443 5374 ι
2498 5322 2683 5393 φησὶν,
2735 5341 2753 5375 ι
2800 5323 2978 5394 εὐχαὶ,
3026 5326 3095 5391 ἃς
3141 5329 3408 5385 ἀποδώσω
3438 5333 3513 5387 δι’

254 5405 482 5462 reddam
505 5420 601 5476 per
625 5407 991 5471 laudationes,
1024 5411 1281 5479 quoniam
1318 5412 1562 5470 liberasti
1594 5415 1807 5469 animati

2000 5415 2213 5479 νέσεως.
2249 5415 2367 5469 Ὅτι
2398 5411 2613 5483 ἐρρύσω
2649 5410 2746 5483 τὴν
2792 5411 2968 5488 ψυχήν
2998 5436 3100 5490 μου
3144 5421 3212 5477 ἐκ
3253 5422 3511 5493 θανάτου,

328 5586 350 5615 ⁸
391 5581 549 5637 Joan.
590 5598 706 5647 VIII,
736 5583 823 5637 Η.
901 5585 922 5617 ³
951 5585 1081 5642 Gen.
1116 5606 1197 5656 III,
1244 5589 1329 5645 ilia
