3766 5986
137 157 235 215 581

1541 157 1610 214 ΙΝ
1640 156 1973 214 PSALMOS.

3275 160 3379 215 582

136 274 231 329 καὶ
270 273 394 336 τούς
440 273 603 336 πόδας
650 289 751 345 μου
790 274 896 328 ἀπὸ
928 274 1307 346 ὀλισθήματος.
1347 292 1366 326 ι
1414 273 1711 346 Ὀλίσθημα

1815 287 1989 328 meam
2018 286 2083 329 ex
2110 260 2351 337 interno,
2374 279 2429 328 et
2447 270 2615 342 pedes
2637 285 2786 328 meos
2810 272 2876 328 de
2905 272 3083 345 lapsu:
3112 291 3132 326 ι
3158 272 3373 344 lapsum

132 363 192 419 δὲ
221 365 391 434 λέγει,
424 364 523 435 τὴν
566 363 920 435 παρατροπὴν
951 365 1051 436 τῆς
1080 364 1301 419 διάκτῶν
1333 364 1559 418 ἐντολῶν
1606 382 1707 418 πο-

71 496 103 532 ς
138 457 309 527 ρείας,
347 457 439 523 ἀφ’
475 451 544 528 ἧς
566 456 628 510 τὺ
664 455 863 527 πτῶμα
901 457 1135 526 ἐγένετο.
1175 455 1587 526 Ἐλευθερωθεὶς
1615 453 1708 509 οὖν

134 547 230 601 τοῦ
281 547 510 601 Θανάτου
530 586 546 610 ,
587 549 680 600 καὶ
708 548 1035 620 ἀνορθωθεὶς
1065 550 1129 601 ὲκ
1170 548 1264 601 τοῦ
1295 546 1614 618 πτώματος.
1646 548 1710 600 ἐκ

137 638 433 710 προσώπου
463 640 669 708 γίνεται
706 640 800 694 τοῦ
838 639 995 705 Θεοῦ,
1023 633 1083 694 οὗ
1114 638 1175 694 τὸ
1216 638 1430 711 πρῶτον
1456 637 1564 690 τῶν
1605 637 1710 691 ὑπὸ

135 722 236 800 τῆς
259 731 479 799 ἐντολῆς
504 731 996 803 ἀπηγορευομένων
1022 731 1305 803 ἐμφαγὼν,
1338 730 1705 800 ἀπεφύτησεν,

135 826 201 893 τῇ
234 825 365 894 σκιᾷ
404 825 504 895 τῆς
532 827 701 894 συκῆς
747 824 937 877 ἑαυτὸν
976 825 1066 877 ὑπ’
1110 824 1369 895 αἰσχύνης
1406 821 1702 894 ἐγκρύψας-

147 913 463 968 Ἀπολαϐὼν
492 909 585 968 οὖν
613 915 773 970 πάλιν
797 916 894 986 τὴν
922 916 1255 987 παρρησίαν,
1280 915 1709 969 ἀποκαθίσταται
1760 977 1771 983 ,

134 1004 214 1073 τῷ
238 1005 380 1073 φωτὶ
400 1004 477 1076 τῷ
502 1004 686 1069 ζῶντι.
717 1024 735 1056 ι
773 1006 1139 1078 Εὐαρεστήσω
1165 1027 1185 1060 ι
1215 1005 1345 1076 γὰρ,
1371 1006 1523 1077 φησὶ,
1552 1025 1570 1057 ι
1608 1007 1714 1058 Κυ-

139 1095 241 1165 ρίῳ
270 1097 329 1146 ὲν
356 1096 496 1163 φωτὶ
516 1094 752 1161 ζώντων,
784 1116 803 1147 ›
839 1098 961 1151 ὅθεν
989 1100 1268 1167 καταρχὰς
1294 1097 1381 1151 διὰ
1407 1097 1507 1166 τῆς
1530 1098 1712 1168 ἀμαρ-

135 1186 259 1248 τίας
289 1186 626 1257 ἀπεξενώθη.
671 1190 779 1243 Καὶ
817 1190 946 1260 περὶ
978 1190 1075 1260 μὲν
1114 1189 1320 1243 τούτων
1350 1189 1604 1243 τοσαῦτα.
1635 1190 1708 1242 Οὐ

136 1274 248 1345 γὰρ
285 1271 437 1346 οἶμαι
469 1277 577 1330 δεῖν
602 1278 670 1332 τὰ
715 1279 837 1333 καθ’
878 1280 1107 1334 ἕκαστον
1154 1277 1579 1349 φιλοπονώτερον
1620 1278 1710 1342 ἐξ·

136 1367 402 1431 ετάζοντα
424 1408 439 1432 ,
467 1369 546 1432 είς
574 1370 838 1440 ἀμετρίαν
879 1370 1225 1441 παρατείνειν
1257 1369 1346 1424 τὸν
1370 1368 1547 1438 λόγον.
1578 1368 1711 1423 Πολ-

135 1456 246 1510 λῶν
275 1458 333 1512 δὲ
364 1459 531 1512 ὄντων
559 1461 616 1512 ὲν
638 1463 756 1523 ταῖς
784 1461 956 1531 ἱεραῖς
982 1460 1276 1531 ὑμνῳδίαις
1299 1460 1405 1513 τῶν
1431 1460 1712 1513 ἐπινικίων

131 1550 390 1622 ψαλμῶν,
420 1550 515 1615 οὒς
539 1552 573 1622 ή
602 1551 882 1624 ἐπιγραφὴ
916 1571 935 1604 ι
962 1549 1057 1604 τοῦ
1089 1550 1277 1614 τέλους
1310 1569 1329 1603 ι
1356 1550 1714 1616 ἐνδείκνυται,

1808 371 1971 418 vocat
1987 364 2390 419 aberrationcm
2417 380 2447 419 ο
2471 367 2560 419 via
2584 365 2989 430 mandatorum,
3016 381 3137 436 quae
3158 372 3372 420 ruinam

1809 454 2012 509 attulit.
2064 453 2353 513 Liberatus
2409 456 2576 525 igitur
2629 470 2659 509 a
2711 463 2906 519 morte,
2940 463 2994 509 et
3044 467 3260 511 erectus
3306 472 3374 511 ex

1808 556 1963 609 casu,
1984 556 2014 596 a
2042 551 2196 613 parte
2222 542 2312 599 Dei
2336 551 2466 610 stat,
2492 560 2522 599 a
2547 560 2655 614 quo
2682 545 2913 615 primum
2938 546 3181 599 omnium
3216 529 3373 616 quasi

1809 634 2245 702 transplantatus
2270 633 2464 702 fuerat,
2483 650 2605 689 cum
2627 650 2748 690 sese
2773 636 2840 691 iis
2861 635 3231 706 ingurgitavit,
3255 653 3375 706 qua:

1809 724 2054 779 divinum
2116 726 2434 797 mandatum
2486 727 2864 799 prohibuerat,
2932 729 3216 783 occultans
3251 745 3375 785 sese

1810 830 1920 886 pra:
1956 814 2166 885 pudore
2192 817 2298 871 sub
2330 818 2520 872 umbra
2554 818 2710 874 licus.
2748 817 2985 889 Recepta
3013 835 3140 891 ergo
3178 837 3372 878 rursus

1810 905 2081 969 libertate,
2112 907 2317 960 viventi
2370 907 2565 961 lumini
2596 907 2922 964 restituitur.
2983 909 3369 967 lnouitenim:

1815 1015 1834 1048 ι
1868 994 2102 1051 Placebo
2133 996 2366 1053 Domino
2391 1000 2446 1053 in
2479 999 2685 1054 lumine
2713 999 3031 1063 viventium,
3074 1020 3093 1053 ›
3134 1004 3277 1057 unde
3304 1009 3374 1060 ab

1810 1085 1967 1140 initio
2004 1100 2102 1156 per
2133 1095 2421 1157 peccatum
2453 1097 2776 1145 recesserat.
2812 1089 2879 1143 Et
2924 1090 2992 1145 de
3041 1091 3127 1146 his
3154 1094 3373 1162 quidem

1811 1177 1912 1234 ista
1943 1197 1954 1231 :
1991 1194 2102 1233 non
2132 1180 2276 1249 enim
2313 1181 2549 1235 arbitror
2579 1197 2717 1250 opus
2752 1196 2875 1238 esse
2910 1184 3124 1252 singula
3161 1187 3373 1240 studio-

1809 1269 1924 1324 sius
1982 1271 2259 1340 persequi,
2314 1287 2384 1326 ne
2438 1272 2669 1326 nimium
2714 1283 2930 1330 crescat
2986 1276 3182 1330 oratio.
3235 1277 3373 1331 Cum

1810 1368 1990 1415 autem
2025 1362 2078 1415 in
2111 1363 2311 1417 divinis
2344 1363 2465 1418 istis
2503 1364 2720 1434 hymnis
2753 1365 2907 1420 multi
2938 1367 3047 1421 sint
3093 1367 3285 1436 psalmi
3315 1368 3372 1423 in

1808 1452 2116 1517 victoriam,
2141 1469 2280 1524 quos
2301 1455 2640 1512 demonstrat
2660 1457 2974 1529 inscriptio:
3004 1478 3024 1510 ι
3053 1459 3110 1513 1η
3137 1459 3319 1528 finem;
3348 1480 3367 1514 ι

1812 1549 2015 1595 etcum
2069 1543 2124 1596 in
2178 1543 2264 1599 his
2313 1545 2481 1600 variis
2530 1545 2706 1600 modis
2748 1547 2976 1601 victoria
3008 1548 3077 1602 ab
3127 1549 3373 1604 hostibus
3472 1572 3479 1578 -

130 1643 228 1696 καὶ
250 1620 610 1712 πολυτρόπως
621 1643 723 1713 τῆς
900 1642 1008 1696 τῶν
1029 1642 1338 1697 ἀντιπάλων
1352 1643 1508 1714 νίκης
1525 1643 1582 1695 ὲν
1596 1640 1711 1694 τού-

1814 1639 2089 1701 reportata
2111 1635 2343 1702 spectari
2362 1635 2557 1704 possit,
2583 1637 2860 1706 prOpriam
2882 1648 3059 1693 tamen
3083 1640 3373 1708 quamdam

129 1751 246 1797 τοις
269 1733 676 1804 θεωρουμένης,
711 1734 839 1788 ἴδιόν
864 1751 985 1788 τινα
1008 1733 1166 1803 λόγον
1196 1733 1370 1789 ἔοικεν
1399 1733 1544 1804 ἔχειν
1573 1734 1606 1804 ἡ
1630 1731 1719 1786 διὰ

134 1817 247 1870 τῶν
276 1819 377 1888 τῆς
407 1819 643 1889 ἱστορίας
668 1822 1002 1891 αἰνιγμάτων
1027 1840 1093 1892 ση
1103 1824 1396 1895 μαινομένη
1425 1824 1563 1878 κατά
1586 1823 1714 1887 τούς

136 1908 617 1978 προσπαλαίοντας
648 1909 792 1981 νίκη.
833 1911 1047 1980 Ταύτης
1078 1913 1221 1980 λέγω
1252 1914 1349 1982 τῆς
1384 1912 1641 1984 ἱστορίας,

136 1998 206 2051 τὰ
232 1998 367 2070 περὶ
395 1998 489 2052 τοῦ
522 2000 692 2053 Σαοὺλ
713 2000 1062 2074 διεξέρχεται’
1094 2003 1152 2055 ἐν
1183 1997 1260 2067 οἷς
1286 2005 1318 2073 η
1350 2003 1458 2057 τῶν
1483 2003 1713 2074 ψαλμῶν

135 2090 289 2155 τάξις
318 2091 421 2143 οὐκ
446 2092 510 2143 ἐκ
537 2094 636 2162 τῆς
673 2092 991 2157 ἀκολουθίας
1028 2093 1135 2146 τῶν
1170 2093 1453 2165 ἱστορικῶν
1481 2095 1711 2165 συνέστη

136 2183 512 2252 πραγμάτων,
555 2182 690 2236 ἀλλά
726 2186 837 2247 τοῖς
884 2184 1024 2238 κατά
1070 2185 1353 2256 προκοπὴν
1402 2185 1470 2238 δι’
1512 2186 1713 2256 ἀρετῆς

135 2273 536 2343 τελειουμένοις
579 2275 1013 2345 ἐπηκολούθησεν
1037 2292 1050 2305 ·
1088 2276 1317 2329 ἕκαστον
1356 2274 1464 2328 τῶν
1508 2275 1566 2328 ὲν
1599 2274 1714 2338 τοῖς

138 2362 432 2432 πράγμασι
482 2361 852 2433 δηλουμένων,
893 2365 974 2427 είς
1020 2363 1242 2428 ἔνδειξιν
1274 2363 1375 2432 τῆς
1422 2361 1565 2416 κατά
1613 2350 1713 2432 τὴν

136 2444 342 2514 ἀρετὴν
376 2444 656 2514 αὐξήσεως
680 2445 1026 2517 καταλλήλως
1051 2447 1362 2518 ἀρμόσασα,
1394 2446 1488 2500 καὶ
1520 2445 1712 2517 πρῶτα

139 2536 234 2588 καὶ
268 2535 549 2588 τελευταῖα
575 2536 715 2591 κατά
740 2536 831 2589 τὸν
858 2535 1012 2604 λόγον
1036 2536 1135 2607 τῆς
1164 2538 1361 2609 ἀρετῆς
1383 2537 1449 2589 δι’
1486 2536 1711 2597 ἀκολού-

138 2627 231 2679 θου
275 2627 561 2697 ταχθῆναι,
598 2628 692 2683 καὶ
739 2628 812 2699 μὴ
847 2631 914 2698 τῇ
945 2629 1101 2701 ὐλικῇ
1142 2630 1396 2700 συντυχίᾳ
1422 2629 1528 2682 τῶν
1568 2645 1710 2699 πρα-

138 2720 367 2789 γμάτων
398 2720 680 2774 δουλεῦσαι
711 2723 809 2793 τὴν
835 2723 1009 2791 τάξιν.
1040 2723 1140 2777 Διά
1180 2722 1336 2776 τοῦτο
1367 2722 1503 2793 μετὰ
1544 2722 1713 2778 πολλὰ

138 2810 504 2881 ἑρμηνεύεται
543 2813 576 2881 ἡ
608 2813 714 2883 πρὸ
746 2813 954 2867 πολλῶν
982 2813 1322 2886 πραγμάτων
1373 2815 1711 2885 γεγενημένη

138 2901 280 2953 κατά
308 2899 373 2953 τὸ
402 2902 662 2972 σπήλαιον
697 2904 966 2977 συνδρομὴ
999 2904 1093 2957 τοῦ
1121 2920 1180 2957 τε
1217 2904 1407 2968 Σαοὺλ,
1442 2904 1536 2958 τοῦ
1575 2907 1712 2976 πρὸς

135 2993 230 3046 τὸν
269 2992 429 3060 φόνον
465 2991 748 3058 διώκοντος
769 3036 784 3060 ,
820 2996 915 3048 καὶ
966 2994 1059 3049 τοῦ
1095 2994 1259 3049 Δαόὶδ
1295 2994 1391 3049 τοῦ
1419 2996 1509 3049 τὸν
1552 2997 1709 3067 φόνον

135 3081 507 3151 ἐκκλίναντος.
559 3083 647 3136 Ἐν
673 3076 716 3151 ᾧ
742 3084 877 3156 πρὸς
904 3084 964 3137 τὸ
993 3085 1240 3140 ἐναντίον
1271 3086 1581 3159 ἀνεστράφη
1617 3087 1709 3143 τοῦ

137 3173 304 3240 φόνου
346 3173 379 3242 ἡ
429 3172 665 3239 ἐξουσία,
702 3175 776 3239 ὡς
821 3177 912 3231 τὸν
960 3177 1054 3231 ἐπὶ
1099 3177 1316 3250 θανάτῳ
1362 3180 1708 3251 διωκόμενον,

134 3263 328 3316 τοῦτον
358 3264 647 3332 ἐφεστάναι
675 3268 742 3338 τῇ
775 3267 868 3321 τοῦ
901 3269 1170 3338 φονῶντος
1203 3274 1406 3343 σφαγῇ,
1438 3272 1531 3327 καὶ
1556 3271 1709 3337 ὲξου-

138 3356 262 3409 σίαν
302 3357 502 3427 σχόντα
538 3357 637 3428 τὴν
678 3360 819 3413 κατά
852 3360 946 3413 τοῦ
985 3361 1243 3433 πολεμίου
1283 3365 1552 3435 τιμωρίαν
1583 3365 1711 3435 στῆ-

138 3464 254 3508 σαι,
294 3447 392 3500 καὶ
432 3447 572 3517 μετά
613 3450 715 3518 τῆς
753 3449 997 3515 ἐξουσίας
1030 3452 1131 3523 τὴν
1158 3452 1406 3524 δύναμιν,
1453 3455 1574 3510 ἀντὶ
1616 3456 1709 3509 τοῦ

137 3537 402 3609 πολεμίου
435 3538 524 3594 τὸν
561 3540 752 3595 ἑαυτοῦ
782 3542 952 3612 θυμὸν
984 3544 1041 3596 ἐν
1074 3543 1252 3615 ἑαυτῷ
1291 3545 1706 3602 ἀποκτείναντα.

208 3723 293 3777 Τά
329 3723 428 3794 μὲν
455 3717 547 3777 οὖν
587 3726 686 3794 τῆς
732 3724 973 3796 ἱστορίας
1007 3727 1140 3780 πᾶσι
1193 3725 1456 3798 πρόδηλον
1495 3728 1711 3801 πάντως

136 3816 311 3878 ἐστὶν,
367 3809 448 3878 οἷς
485 3815 585 3868 οὐκ
636 3817 694 3869 ὲν
737 3818 1002 3888 παρέργῳ
1046 3817 1115 3871 τὰ
1160 3817 1279 3871 θεῖα
1333 3819 1706 3884 σπουδάζεται.

148 3905 416 3976 Ἐροῦμεν
447 3904 503 3957 δὲ
532 3904 620 3958 διά
652 3904 913 3976 βραχέων,
944 3906 1020 3970 ὡς
1043 3907 1108 3961 ἂν
1136 3901 1246 3961 οἷόν
1272 3925 1331 3961 τε
1422 3910 1710 3981 συντεμόν-
1741 3970 1751 3980 ,

134 4015 229 4060 τες
261 3998 321 4050 ἐν
358 3996 522 4066 ὀλίγῳ
563 3997 627 4049 τὸ
662 3998 790 4068 περὶ
818 3997 1006 4051 τούτου
1045 3999 1308 4070 διήγημα.
1347 4002 1592 4073 Ἔρημός
1627 4020 1710 4066 τις

134 4084 204 4159 ἦν
232 4087 401 4152 τόπος
428 4086 570 4140 κατά
594 4086 693 4158 τὴν
728 4086 1004 4153 Ἰουδαίαν,
1032 4090 1090 4142 ὲν
1119 4081 1164 4157 ᾧ
1189 4089 1513 4161 διωκόμενος
1542 4091 1572 4143 ὁ
1600 4094 1709 4144 Δα-

135 4177 223 4231 διδ
248 4177 356 4230 ὐπὸ
391 4177 699 4247 ἀμηχανίας
732 4176 1001 4247 ηὐλίζετο.
1050 4178 1137 4231 Ἐν
1161 4177 1334 4248 τούτῳ
1361 4195 1417 4232 τι
1446 4179 1707 4251 σπήλαιον

1816 1721 2085 1777 rationem
2113 1723 2315 1778 habere
2342 1725 2562 1780 videtur
2612 1727 2840 1782 victoria
2883 1729 2975 1782 illa
3002 1731 3069 1783 ab
3125 1730 3375 1787 hostibus

1814 1812 2003 1878 relata,
2018 1830 2142 1883 quze
2162 1830 2257 1884 per
2274 1816 2516 1872 historiae
2534 1819 2800 1874 velamina
2819 1822 2979 1876 nobis
3000 1822 3370 1893 signiﬁcatur:

1814 1902 1961 1956 illam
1992 1904 2116 1958 dico
2147 1905 2457 1974 historiam,
2486 1924 2592 1978 qua
2621 1912 2941 1981 exSequitur
2967 1928 3029 1967 ea
3084 1929 3202 1982 qme
3248 1931 3372 1969 cum

1815 1990 1981 2047 Saule
2014 1995 2354 2066 occiderunt,
2386 1998 2440 2052 in
2471 1999 2671 2069 quibus
2716 2003 3050 2071 psalmorum
3099 2005 3232 2058 ordo
3264 2020 3372 2061 non

1813 2094 2029 2137 constat
2060 2101 2124 2139 ex
2169 2100 2351 2140 rerum
2407 2096 2682 2157 gestarum
2730 2092 2873 2147 serie
2909 2101 2961 2147 ct
3016 2095 3226 2157 ordine,
3281 2095 3373 2149 sed

1813 2173 2081 2244 profectui
2113 2192 2327 2241 eorum,
2365 2180 2456 2248 qui
2486 2183 2691 2237 virtute
2735 2182 3110 2253 perﬁciuntur,
3156 2200 3375 2239 accom-

1813 2265 2088 2322 modatur.
2113 2266 2406 2333 Quodlibet
2426 2270 2570 2324 enim
2598 2288 2787 2327 eorum
2820 2290 2938 2344 quae
2967 2290 3061 2344 per
3084 2291 3169 2331 res
3192 2285 3376 2346 gestas

1814 2357 2191 2426 insinuantur,
2219 2362 2284 2415 ad
2311 2363 2799 2419 demonstrandum
2831 2367 2885 2420 in
2915 2367 3214 2424 virtutibus
3246 2386 3377 2440 pm-

1814 2447 2021 2504 fectum
2068 2452 2457 2508 convenienter
2510 2463 2682 2525 aptat,
2717 2464 2775 2510 ut
2825 2457 3054 2526 proinde
3100 2460 3270 2529 prima
3323 2472 3377 2516 ct

1813 2545 2088 2608 postrema
2121 2541 2421 2595 secundum
2449 2542 2669 2597 virtutis
2705 2543 2971 2600 rationem
3015 2556 3070 2601 et
3119 2549 3375 2616 praescri-

1814 2628 2052 2699 ptionem
2096 2630 2200 2685 sibi
2231 2638 2422 2686 mutuo
2446 2647 2693 2688 connexa
2726 2634 2875 2700 sint;
2933 2651 3106 2706 neque
3152 2653 3378 2694 necesse

1816 2720 1981 2776 fuerit
2034 2722 2282 2778 ordinem
2348 2724 2616 2778 materiali
2687 2727 2844 2795 quasi
2913 2742 3095 2782 rerum
3158 2729 3377 2785 eventui

1814 2812 2034 2867 servire.
2068 2812 2199 2877 Quze
2227 2828 2394 2868 causa
2429 2822 2532 2878 est,
2567 2828 2666 2868 cur
2694 2823 2817 2884 post
2849 2817 3017 2869 multa
3052 2817 3154 2871 alia
3178 2834 3376 2874 recen-

1815 2912 1998 2957 seatur
2039 2903 2091 2957 id
2139 2901 2286 2972 quod
2341 2905 2517 2957 multo
2573 2913 2698 2960 ante
2750 2914 3044 2974 evenerat,
3102 2910 3377 2977 quomodo

1815 2991 2022 3049 scilicet
2050 2991 2181 3047 Saul
2203 3000 2256 3048 et
2286 2991 2457 3049 David
2483 2995 2537 3048 in
2562 2995 2825 3065 spelunca
2848 2999 3225 3063 convenerint,
3251 3014 3376 3054 cum

1815 3083 1945 3139 Saul
1979 3083 2233 3140 Davidem
2263 3086 2328 3140 ad
2362 3095 2590 3141 mortem
2629 3074 2916 3157 quaereret,
2961 3095 3015 3144 et
3060 3087 3224 3144 David
3259 3092 3377 3145 exi-

1812 3174 1947 3228 tium
1974 3174 2204 3245 l'ugeret.
2234 3176 2355 3243 Quo
2385 3192 2518 3233 casu
2543 3177 2597 3233 in
2648 3179 2988 3233 contrarium
3013 3179 3185 3235 evasit
3207 3182 3374 3238 cmdis

1810 3267 2087 3333 violentia,
2118 3270 2343 3336 cumis,
2402 3271 2495 3340 qui
2555 3270 2622 3324 ad
2654 3271 2857 3326 cedem
2887 3258 3263 3342 'qurerebatur,
3317 3275 3375 3329 in

1810 3366 2082 3427 potestate
2101 3372 2201 3413 sua
2227 3373 2349 3413 eum
2375 3359 2619 3421 traheret,
2650 3361 2741 3430 qui
2766 3363 3084 3430 sanguinem
3110 3363 3371 3431 spirabat.

1811 3448 1991 3503 oblata
2022 3450 2071 3504 ei
2100 3448 2362 3504 facultate
2418 3450 2750 3520 supplicium
2786 3450 2840 3503 in
2871 3451 3078 3508 hostem
3105 3455 3371 3519 vertendi,

1809 3539 2167 3609 ejusdemque
2211 3541 2508 3610 potentiam
2558 3539 2992 3609 comprimendi:
3041 3541 3137 3596 sed
3194 3554 3376 3600 tamen

1813 3628 1934 3683 loco
1965 3628 2142 3683 hostis
2177 3629 2452 3684 interemit
2485 3628 2540 3682 in
2571 3628 2753 3698 seipso
2787 3643 2940 3683 suam
2972 3629 3130 3683 iram.

1880 3718 2011 3786 Quae
2064 3719 2231 3789 igitur
2287 3718 2355 3773 ad
2403 3718 2693 3773 historiam
2756 3721 3065 3788 pertinent,
3118 3721 3373 3778 omnibus

1810 3821 1937 3865 nota
1971 3821 2118 3875 sunt,
2156 3812 2249 3880 qui
2277 3826 2386 3865 non
2414 3809 2590 3865 obiter
2618 3818 2830 3865 tantum
2855 3826 3036 3867 rerum
3063 3810 3371 3869 divinarum

1811 3900 1992 3956 studio
2018 3908 2236 3956 vacant.
2266 3899 2729 3957 Percensebimus
2753 3902 3112 3959 nihilominus
3138 3918 3225 3969 ea,
3259 3910 3375 3958 tota

1809 3993 2122 4046 narratione
2152 4006 2317 4063 quam
2354 3993 2469 4047 ﬁeri
2494 4000 2676 4063 potest
2729 3993 3081 4064 paucissimis
3121 4009 3374 4064 compre-

1811 4084 2004 4139 hensa.
2038 4081 2297 4139 Desertus
2319 4092 2436 4139 erat
2458 4084 2616 4140 locus
2642 4085 2696 4138 in
2724 4083 2933 4149 Iudaea,
2964 4084 3020 4139 in
3043 4099 3153 4155 quo
3180 4084 3374 4152 David,

1809 4188 1932 4229 cum
1963 4175 2032 4230 ab
2065 4174 2319 4231 hostibus
2341 4175 2458 4232 suis
2486 4176 2880 4246 exagitaretur,
2902 4191 3013 4245 pra:
3032 4177 3212 4247 inepia
3242 4191 3375 4232 con-
3452 4188 3457 4193 ‘

136 4267 454 4340 εὐρύχωρον
478 4263 566 4338 ἦν,
598 4266 664 4320 δι’
697 4268 815 4331 ἐνὸς
846 4268 1065 4339 στομίου
1095 4269 1220 4331 τοὺς
1250 4270 1309 4324 ὲν
1344 4269 1492 4340 αὐτῷ
1535 4288 1705 4326 κατα-

1814 4268 1917 4322 silii
1943 4267 2254 4323 oberrabat.
2283 4269 2345 4323 In
2370 4268 2474 4322 hoc
2504 4269 2612 4322 late
2640 4276 2835 4338 patens
2877 4268 3136 4336 spelunca
3165 4268 3376 4324 viseba-

135 4359 433 4431 δυομένους
466 4358 923 4429 παραδεχόμενον.
967 4358 1073 4412 Τοῦ
1100 4358 1156 4412 δὲ
1182 4359 1352 4413 Σαοὺλ
1383 4361 1709 4432 ἀναζητοῦν-

137 4470 228 4516 τος
273 4452 367 4505 τὺν
402 4450 598 4515 Δαόὶδ,
637 4453 731 4506 καὶ
764 4454 1107 4523 πανστρατιᾷ
1148 4453 1568 4524 διερευνωμένου
1612 4453 1710 4524 τὴν

137 4541 366 4613 ἔρημον,
395 4541 831 4608 καταφεύγουσιν
864 4541 957 4593 ὐπ’
986 4541 1231 4611 ἀνάγκης
1271 4542 1431 4606 αὐτός
1468 4560 1523 4595 τε
1552 4545 1581 4596 ὁ
1607 4544 1712 4595 Δα-

137 4633 243 4697 ϐὶδ,
275 4631 371 4685 καὶ
398 4634 447 4685 οἱ
478 4632 596 4701 μετ’
619 4631 847 4697 ἐκείνου,
882 4631 986 4685 ὑπὸ
1015 4632 1076 4685 τὸ
1102 4632 1380 4703 σπήλαιον.
1420 4633 1625 4687 Ὄντων
1653 4633 1711 4686 δὲ

134 4725 236 4795 ἤδη
270 4723 477 4777 τούτων
516 4724 574 4776 ὲν
608 4722 689 4793 τῷ
723 4723 999 4794 σπηλαίῳ,
1040 4724 1169 4776 εἴσω
1207 4724 1413 4792 γίνεται
1454 4722 1549 4777 τοῦ
1592 4741 1711 4778 στο-

139 4813 263 4881 μίου
292 4813 390 4865 καὶ
417 4813 446 4864 ὁ
471 4812 643 4866 Σαοὺλ
675 4812 790 4883 μετ’
815 4813 1074 4877 ἐκείνους,
1101 4813 1186 4881 ἐφ’
1205 4805 1249 4881 ᾧ
1271 4830 1330 4867 τε
1362 4813 1496 4884 πρός
1518 4831 1572 4867 τι
1599 4813 1710 4867 τῶν

134 4903 453 4972 ἀναγκαίων
475 4901 1018 4975 παρασκευάσασθαι,
1040 4902 1250 4970 ἀγνοῶν
1271 4903 1370 4973 τὴν
1391 4903 1710 4974 αὐτομάτως

133 4994 427 5064 συμϐᾶσαν
475 4979 619 5048 κατά
662 4993 765 5061 τῆς
817 4992 1089 5064 σωτηρίας
1141 4992 1307 5046 αὐτοῦ
1355 4994 1704 5065 στρατηγίαν.

140 5086 234 5147 Ὠς
259 5079 357 5137 οὖν
380 5084 465 5153 ἐφ’
490 5082 688 5137 ἑαυτοῦ
710 5078 799 5154 ἦν,
829 5084 924 5136 καὶ
943 5082 1042 5153 τὴν
1060 5082 1305 5137 διπλοΐδα
1329 5083 1707 5154 περιελόμενος

132 5177 266 5246 παρ’
291 5175 482 5228 ἑαυτὸν
510 5190 614 5228 που
648 5172 904 5228 κατέθετο
924 5213 938 5237 ,
965 5172 1281 5244 καταφανὴς
1307 5171 1383 5226 ὣν
1405 5172 1494 5226 διά
1520 5173 1621 5243 τῆς
1645 5176 1709 5227 ἐκ

126 5265 227 5320 τοῦ
268 5266 493 5337 στομίου
526 5266 735 5335 αὐγῆς,
765 5268 878 5330 τοῖς
907 5265 1053 5319 ἔνδον
1094 5264 1594 5337 ὑποκρυπτομένοις
1629 5265 1709 5336 τῷ

127 5356 303 5427 ξόφῳ’
325 5359 437 5421 τοῖς
466 5357 567 5428 μὲν
596 5355 776 5419 ἀλλοις
800 5351 874 5427 ἦν
892 5355 1085 5425 γνώμη
1115 5356 1281 5409 πᾶσιν
1309 5356 1422 5418 τοῖς
1453 5354 1590 5426 μετὰ
1612 5356 1707 5408 τοῦ

123 5446 296 5500 Δασὶδ
331 5447 655 5520 ἐπιδραμεῖν
691 5445 770 5516 τῷ
795 5444 994 5518 ἐχθρῷ,
1027 5443 1122 5500 καὶ
1158 5443 1466 5516 ἀμύνασθαι
1495 5445 1586 5498 τὸν
1617 5445 1709 5497 ἐπὶ

122 5536 184 5591 τὸ
214 5538 477 5608 φονεῦσαι
519 5536 983 5609 παραγενόμενον,
1020 5536 1096 5601 ὡς
1121 5535 1215 5590 τοῦ
1247 5535 1383 5590 Θεοῦ
1417 5534 1708 5597 δεδωκότος

1811 4366 1920 4425 tur,
1951 4373 2063 4414 uno
2092 4358 2242 4413 aditu
2273 4358 2708 4429 ingredientibus
2761 4365 2966 4428 aperta.
3001 4357 3164 4414 Saule
3192 4365 3374 4415 autem

1801 4446 2060 4502 Davidem
2087 4460 2383 4518 quaerente,
2408 4457 2634 4519 totoque
2662 4463 2768 4504 suo
2803 4463 2929 4503 cum
2963 4454 3210 4507 exercitu
3245 4450 3380 4506 soli-

1802 4537 2046 4594 tudinem
2080 4540 2476 4609 perlustrante,
2506 4538 2838 4610 confugiunt
2867 4543 3199 4599 necessitate
3222 4557 3377 4598 com-

1799 4629 1947 4700 pulsi
1979 4629 2174 4697 David,
2197 4642 2252 4687 et
2277 4633 2372 4704 qui
2391 4649 2516 4688 cum
2538 4647 2627 4699 eo,
2653 4632 2709 4687 in
2740 4633 3081 4703 speluncam.
3105 4635 3241 4690 Cum
3261 4634 3378 4704 jam

1798 4729 1986 4779 essent
2000 4722 2054 4777 in
2069 4724 2356 4794 spelunca,
2385 4723 2692 4796 ingreditur
2712 4732 2835 4795 post
2853 4724 2979 4779 illos
3000 4735 3056 4779 et
3079 4725 3198 4796 ipse
3216 4725 3369 4789 Saul,

1800 4815 2009 4885 utquid
2030 4830 2214 4871 rerum
2243 4818 2686 4875 necessariarum
2713 4824 2918 4888 ageret,
2948 4816 3211 4887 ignorans
3232 4816 3378 4873 illam

1809 4911 1929 4966 quae
1956 4896 2180 4953 fortuito
2213 4907 2402 4952 contra
2429 4914 2583 4953 suam
2615 4899 2841 4955 salutem
2873 4910 3226 4963 convenerat,
3254 4915 3373 4954 ma-

1808 5001 1959 5041 num.
1994 4986 2137 5057 Ergo
2172 5002 2294 5041 cum
2332 4988 2483 5042 solus
2508 4996 2674 5056 esset,
2699 4989 3184 5059 complicatamque
3208 4988 3372 5043 tuni-

1807 5090 1928 5131 cam
1947 5076 2103 5146 juxta
2128 5092 2186 5133 se
2208 5077 2406 5132 alicubi
2428 5077 2789 5147 deposuisset,
2817 5079 3138 5134 manifestus
3161 5089 3214 5135 ct
3237 5094 3371 5134 con-

1809 5170 2052 5238 spicuus,
2081 5169 2152 5223 ob
2178 5168 2520 5237 splendorem
2559 5184 2657 5238 per
2690 5171 2892 5225 ostium
2936 5170 3208 5240 speluncae
3239 5171 3371 5228 sub-

1807 5267 2022 5313 euntem
2056 5258 2182 5323 illis,
2213 5273 2349 5328 quos
2385 5258 2530 5314 intus
2558 5260 2793 5315 tenebrae
2836 5261 3177 5327 occulebant,
3203 5261 3369 5319 sociis

1782 5342 2022 5419 'quidem
2051 5347 2271 5405 Davidis
2310 5350 2524 5407 animus
2552 5361 2662 5405 erat
2695 5352 2903 5407 irruere
2940 5352 2996 5406 in
3030 5351 3263 5421 hostem,
3286 5352 3373 5407 ιιι-ι

1807 5441 2048 5510 ciscique
2075 5454 2221 5506 eum,
2251 5441 2344 5511 qui
2376 5441 2537 5498 caedis
2561 5442 2851 5498 inferendae
2871 5457 3036 5499 causa
3058 5442 3370 5510 advenerat,

1809 5533 1963 5604 quasi
1994 5534 2250 5589 nimirum
2278 5535 2393 5604 ipse
2421 5534 2565 5594 Deus
2602 5534 2656 5591 in
2688 5552 2884 5594 manus
2921 5536 3233 5594 tradidisset
3272 5535 3370 5592 bo-
