3766 5986
396 141 498 198 585

1624 136 1681 194 S.
1712 135 2042 193 GREGORII
2075 135 2366 193 NYSSENI

3550 137 3662 189 585

398 264 534 309 stem
567 253 634 309 iis
659 253 752 324 qui
781 252 846 308 ad
890 222 1092 310 caedem
1131 254 1534 325 quaerebantur.
1568 257 1634 311 At
1662 257 1831 312 David
1861 257 1969 312 ho-

2154 261 2186 322 7;
2212 259 2303 312 ἐπὶ
2329 257 2544 329 Θανάτῳ
2583 257 2927 330 διωκομένοις
2957 257 3050 312 τὸν
3086 255 3278 329 ἐχθρὸν
3321 255 3658 328 ὑποχείριον.

403 360 522 399 rum
556 346 816 416 impetum
852 346 1199 415 compressit,
1231 347 1489 416 injustam
1524 362 1646 403 esse
1672 358 1825 403 ratus
1854 348 1972 402 illo-

400 452 522 491 rum
555 435 608 488 in
650 451 832 505 regem
878 436 1354 490 machinationem.
1400 437 1604 491 Stricto
1643 439 1829 508 itaque
1857 439 1972 508 gla-

402 528 501 581 dio
533 527 839 580 clanculum
874 544 903 579 a
956 534 1107 596 tergo
1160 525 1306 580 Sauli
1353 528 1556 590 astitit,
1601 543 1723 582 cum
1758 527 1973 582 nemine

399 621 624 672 conscio
655 633 778 671 eum
827 617 1081 671 invadere
1118 625 1333 686 posset,
1371 618 1609 672 tenebrae
1641 619 1785 672 enim
1828 618 1971 671 antri

400 708 578 762 oculis
617 706 802 760 offusae
864 707 1122 760 arcebant
1160 721 1349 761 eorum
1379 747 1392 769 ,
1427 722 1547 776 quae
1583 707 1800 772 fiebant,
1838 721 1972 760 con—

399 809 643 866 spectum
701 804 755 850 et
810 795 1340 852 manifestationem.
1392 797 1528 851 Cum
1575 798 1742 866 igitur
1780 797 1968 851 liceret

397 900 509 938 uno
546 885 677 949 ictu,
712 884 892 938 medio
921 883 1106 949 dorso,
1138 900 1235 952 per
1277 885 1455 955 ipsum
1491 901 1587 939 cor
1615 887 1850 955 gladium
1890 895 1972 939 to-

397 984 514 1028 tum
549 974 786 1042 adigere,
827 988 1025 1041 corpus
1060 974 1278 1043 quidem
1321 973 1500 1030 Saulis
1551 990 1726 1046 neque
1764 976 1967 1046 tetigit,

397 1079 577 1131 neque
617 1071 842 1130 tangere
880 1062 1102 1114 omnino
1141 1063 1328 1116 voluit.

471 1152 726 1231 Praecidit
766 1160 944 1206 autem
981 1153 1203 1206 silenter
1235 1153 1414 1222 gladio
1441 1169 1592 1221 orant
1629 1155 1969 1224 chlamydis,

403 1255 463 1299 ut
495 1247 546 1298 in
579 1255 852 1314 posterum
880 1243 961 1296 vel
990 1243 1233 1314 chlamys
1261 1245 1416 1299 testis
1444 1256 1590 1300 esset
1620 1261 1733 1300 sua:
1759 1247 1813 1298 in
1842 1244 1974 1298 Sau-

405 1337 506 1390 lem
544 1333 934 1397 humanitatis,
986 1334 1281 1387 ostendens
1328 1333 1446 1402 ipsa
1493 1333 1721 1388 fimbriae
1762 1333 1971 1387 abscis-

405 1429 559 1484 sione
591 1432 910 1496 potestatem
935 1463 950 1488 ,
985 1439 1148 1494 quam
1191 1423 1460 1477 habuerat
1505 1423 1558 1476 in
1601 1438 1804 1493 corpus
1830 1423 1969 1491 ejus.

405 1519 616 1585 Quibus
646 1515 996 1570 manifestum
1040 1514 1252 1577 evasit,
1296 1528 1459 1583 quam
1505 1513 1748 1583 insignes
1794 1513 1974 1582 profe-

401 1621 525 1666 ctus
559 1609 727 1662 David
773 1607 828 1660 in
865 1605 1279 1675 longanimitate
1326 1613 1380 1658 et
1428 1604 1852 1658 mansuetudine
1895 1603 1976 1658 fe—
2006 1592 2048 1647 Β

399 1703 570 1768 cerit,
600 1701 693 1771 qui
729 1714 891 1752 manu
923 1697 1129 1751 nudum
1160 1695 1397 1764 gladium
1429 1703 1622 1749 tenens
1643 1735 1658 1757 ,
1687 1695 1973 1764 supposito

399 1792 585 1847 manui
617 1791 682 1843 ad
719 1791 884 1844 ictum
915 1789 1034 1858 ipso
1064 1786 1242 1842 hostis
1270 1800 1501 1856 corpore
1521 1826 1536 1850 ,
1573 1800 1700 1839 cum
1729 1793 1973 1856 poteStas

401 1880 708 1937 trucidandi
743 1895 866 1934 eum
903 1884 1252 1947 suppeteret,
1291 1885 1548 1944 superato
1577 1891 1672 1944 per
1704 1876 1972 1930 rationem

401 1974 604 2043 impetu
641 1971 734 2024 irae
757 2010 772 2034 ,
802 1979 856 2024 et
891 1969 1077 2023 divino
1110 1969 1306 2022 timore
1341 1966 1689 2021 interimendi
1717 1965 1976 2020 facultate

401 2077 746 2132 compressa,
778 2076 885 2114 non
915 2061 1092 2115 solum
1124 2061 1204 2112 ira
1242 2073 1341 2114 sua
1379 2059 1576 2112 fortior
1610 2059 1852 2122 exstitit,
1879 2057 1976 2113 sed

402 2166 454 2210 et
493 2155 824 2224 armigerum
855 2167 1014 2207 suum
1043 2150 1155 2220 jam
1189 2157 1436 2204 ruentem
1481 2151 1536 2202 in
1568 2147 1750 2204 Saulis
1795 2148 1976 2218 perni-

402 2245 538 2298 ciem
595 2242 876 2305 cohibuit,
930 2239 1270 2294 memorabili
1323 2239 1412 2294 illa
1457 2254 1593 2293 voce
1625 2239 1812 2296 edita:
1847 2257 1865 2290 ι
1899 2236 1978 2292 Ne

402 2348 728 2402 corrumpas
759 2333 1024 2386 christum
1060 2329 1294 2384 Domini.
1333 2349 1351 2380 ι
1395 2328 1516 2382 Exit
1559 2345 1690 2400 ergo
1734 2328 1864 2383 Saul
1908 2345 1976 2384 ex

402 2427 661 2496 spelunca
693 2425 915 2494 ignarus
946 2421 1188 2476 omnium
1221 2434 1341 2489 qum
1373 2419 1724 2484 acciderant,
1755 2419 1979 2474 indutus

400 2519 597 2574 accisae
615 2532 722 2570 orae
747 2513 1054 2586 chlamyde.
1074 2515 1143 2566 At
1169 2511 1332 2566 David
1358 2527 1495 2582 pone
1512 2512 1760 2566 eumdem
1787 2511 1980 2567 subse-

402 2627 578 2681 quens
600 2651 613 2676 ,
648 2624 772 2663 cum
801 2623 864 2661 ea
895 2622 1001 2677 qua
1029 2613 1244 2673 poterat
1276 2605 1572 2660 securitate
1589 2645 1618 2669 ,.
1635 2612 1688 2659 et
1713 2613 1979 2674 occupato

402 2704 576 2766 colle,
611 2702 704 2772 qui
746 2699 1067 2755 imminebat
1116 2697 1427 2768 speluncae,
1473 2711 1629 2751 oram
1662 2697 1980 2753 vestimenti

401 2801 629 2848 extensa
661 2805 826 2844 manu
865 2789 1208 2843 monstravit.
1245 2785 1370 2841 llaec
1405 2795 1585 2842 autem
1639 2787 1777 2842 nihil
1830 2788 1980 2844 aliud

401 2894 551 2948 erat,
583 2898 744 2953 quam
779 2881 1078 2950 trophaeum
1115 2879 1460 2933 incruentum
1495 2888 1688 2933 contra
1719 2879 1980 2934 adversa-

402 2975 516 3028 rios
560 2979 848 3035 erectum;
891 2977 945 3022 et
999 2969 1312 3022 acclamans
1363 2966 1516 3022 Sauli
1569 2983 1763 3036 magna
1812 2983 1980 3035 voce,

405 3080 602 3120 novam
638 3063 780 3116 hanc
812 3069 866 3115 et
899 3045 1277 3113 admirabilem
1301 3100 1316 3124 ,
1350 3058 1444 3116 sed
1477 3061 1730 3115 eximiam
1764 3061 1983 3114 fortitu-

404 3158 553 3212 dinis
585 3150 1014 3211 ct‘strennitatis
1045 3151 1283 3220 explicat
1316 3152 1593 3221 speciem,
1618 3167 1782 3222 quam
1817 3167 1982 3206 cruor

405 3265 517 3305 non
551 3247 883 3309 fcedaverat,
914 3261 1022 3316 qua
1057 3253 1110 3299 et
1149 3243 1482 3300 fortissimus
1515 3245 1664 3315 pugil
1699 3244 1868 3308 vicit,
1899 3243 1983 3297 vi-

405 3351 639 3410 ctusque
667 3332 916 3395 servatus
949 3346 1033 3394 cst
1073 3338 1384 3391 incolumis.
1418 3334 1538 3391 Non
1567 3336 1714 3391 enim
1752 3336 1808 3389 in
1848 3350 1981 3390 casu

403 3443 459 3491 et
491 3435 713 3489 interitu
754 3434 930 3488 hostis
963 3439 1070 3486 tam
1123 3432 1445 3500 praeclarum
1499 3429 1719 3484 Davidis
1769 3427 1982 3483 facinus

403 3528 687 3592 consistit,
724 3526 817 3581 sed
847 3526 900 3580 in
937 3525 1040 3579 hoc
1073 3525 1418 3593 potissimum
1455 3522 1585 3576 facti
1617 3522 1767 3576 illius
1797 3521 1982 3576 excel-

403 3618 570 3676 lentia
607 3627 660 3672 et
689 3616 1004 3688 magnitudo
1038 3615 1216 3685 posita
1247 3622 1366 3681 est,
1406 3613 1552 3683 quod
1601 3611 1979 3666 adversarium

406 3727 472 3767 ex
501 3710 743 3781 periculo
779 3708 1023 3779 eripuit;
1055 3707 1142 3761 cui
1178 3715 1391 3761 tantum
1426 3705 1638 3759 fiduciae
1672 3705 1849 3757 inerat
1872 3741 1886 3767 ,
1925 3709 1984 3755 ut

407 3815 562 3856 suam
588 3799 817 3853 salutem
847 3796 947 3848 niti
975 3796 1143 3849 nollet
1172 3810 1372 3850 occasu
1401 3803 1455 3849 et
1484 3793 1707 3848 interitu
1735 3792 1984 3846 adversa-

405 3891 646 3950 riorum,
680 3885 776 3941 sed
808 3885 975 3939 salvis
999 3885 1247 3954 vivisque
1280 3884 1693 3939 insidiatoribus
1725 3883 1983 3952 Sperabat

407 3995 468 4033 se
503 3980 617 4031 fore
650 3990 904 4030 securum
931 4015 943 4035 ,
974 3975 1130 4043 quasi
1164 3991 1321 4029 nemo
1351 3984 1532 4036 esset,
1561 3975 1652 4043 qui
1685 3974 1982 4042 quidquam

408 4067 671 4126 molestia:
710 4065 958 4120 inferret.
997 4063 1258 4129 Quamvis
1291 4066 1392 4118 hac
1423 4065 1652 4119 historia
1687 4065 1869 4133 potius
1899 4063 1983 4117 di-

408 4161 570 4213 vinus
601 4173 782 4213 sermo
809 4158 1008 4212 docere
1037 4157 1164 4212 velit
1229 4173 1352 4212 eum
1384 4157 1474 4225 qui
1502 4157 1703 4210 virtute
1729 4157 1979 4222 excellit,

408 4263 518 4304 non
547 4257 738 4302 contra
775 4248 899 4304 illos
931 4251 1022 4317 qui
1057 4247 1303 4317 ejusdem
1340 4262 1524 4302 secum
1560 4255 1688 4301 sunt
1721 4249 1898 4316 gentis
1927 4254 1981 4300 et

407 4340 598 4407 stirpis
619 4379 632 4400 ,
667 4339 760 4393 sed
790 4346 983 4392 contra
1013 4338 1404 4392 immoderatas
1433 4337 1751 4392 affectiones
1782 4337 1978 4392 fortem

409 4438 464 4483 et
496 4439 778 4483 strenuum
814 4445 956 4483 csse.
999 4427 1338 4484 lnterimitur
1370 4443 1501 4498 ergo
1547 4444 1642 4499 per
1671 4429 1774 4484 hoc
1815 4443 1981 4497 gene-

412 4519 757 4574 rosissimum
790 4517 1009 4574 Davidis
1040 4518 1255 4575 facinus
1284 4519 1338 4572 in
1374 4521 1622 4589 utrisque
1659 4520 1943 4574 iracundia
1965 4557 1981 4581 ,

411 4612 540 4667 dum
580 4612 670 4665 ille
707 4609 925 4680 quidem
965 4612 1178 4666 ratione
1215 4611 1494 4681 proprium
1531 4611 1792 4680 impetum
1826 4612 1982 4665 cohi-

411 4705 529 4759 buit
552 4745 568 4769 ,
601 4703 848 4771 iramque
880 4703 946 4758 ad
978 4703 1276 4757 vindictam
1307 4710 1555 4756 ruentem
1575 4745 1590 4770 ,
1622 4703 1982 4772 compressit;

412 4796 542 4850 Saul
571 4811 698 4850 vero
729 4795 800 4848 ob
832 4795 1224 4848 humanitatem
1246 4833 1260 4857 ,
1289 4807 1451 4863 quam
1479 4803 1737 4862 expertus
1769 4793 1942 4846 fuerat
1967 4833 1983 4858 ,

409 4887 671 4942 malitiam
700 4895 753 4941 et
779 4868 1181 4953 improbitatem
1212 4885 1476 4940 adversus
1505 4883 1759 4938 Davidcm
1791 4885 1987 4939 exstir-

409 4981 576 5050 pavit.
631 4977 824 5044 Qualia
868 4975 1012 5030 enim
1055 4974 1296 5045 posthac
1343 4974 1410 5029 ad
1461 4975 1723 5030 victorem
1771 4975 1987 5030 locutus

412 5073 516 5134 sit,
547 5071 722 5125 oculis
754 5083 865 5138 prae
892 5065 1099 5138 pudore
1127 5080 1316 5120 eorum
1343 5107 1356 5131 ,
1390 5081 1510 5136 qua:
1541 5072 1808 5130 tentarat,
1837 5064 1986 5118 humi

412 5163 642 5225 deﬁxis,
679 5171 731 5215 et
765 5158 1042 5229 quomodo
1096 5158 1348 5212 lamentis
1395 5165 1450 5212 et
1495 5156 1754 5227 lacrymis
1809 5165 1989 5210 mente

413 5261 731 5322 conceptam
769 5267 799 5304 a
833 5251 1039 5305 malitia
1057 5251 1394 5306 aversionem
1419 5256 1653 5305 testatus
1690 5247 1886 5310 fuerit,
1921 5263 1986 5301 ex

416 5345 645 5398 historia
677 5343 793 5412 ipsa
827 5343 1040 5397 discere
1073 5341 1218 5396 licet.
1256 5341 1652 5412 Argumentum
1687 5353 1818 5408 ergo
1849 5338 1989 5392 sexti

414 5442 471 5490 et
499 5433 934 5502 quinquagesimi
989 5433 1182 5503 psalmi
1236 5433 1382 5488 istud
1436 5439 1548 5495 est,
1581 5438 1869 5499 ,quantum
1922 5444 1989 5482 ex

421 5525 538 5595 ipsa
561 5537 739 5578 rerum
764 5532 1036 5593 gestarum
1064 5524 1378 5580 narratione
1405 5530 1641 5578 constat.
1673 5519 1988 5590 Inscriptio-

2089 346 2148 403 Ὁ
2176 349 2232 402 δὲ
2260 349 2424 403 Δαϐὶδ
2447 348 2654 412 τούτοις
2691 349 2788 418 μὲν
2815 348 3015 402 ἀπεῖπε
3043 347 3144 418 τὴν
3168 346 3361 418 ὁρμὴν,
3396 346 3663 416 ἀθέμιτον

2075 439 2265 509 κρίνας
2305 439 2403 510 τὴν
2442 439 2583 492 κατά
2624 439 2719 492 τοῦ
2767 439 3030 510 βασιλέως
3069 438 3245 492 αὐτῶν
3293 437 3661 508 ἐπιχείρησιν.

2073 527 2372 599 Γυμνώσας
2412 529 2469 582 δὲ
2514 529 2616 600 τῆς
2667 529 2838 600 θήκης
2881 528 2942 581 τὸ
2987 527 3157 597 ξίφος,
3211 528 3306 582 καὶ
3354 525 3666 597 λεληθότως

2073 620 2358 689 παραστὰς
2399 619 2479 690 τῷ
2513 619 2687 672 Σαοὺλ
2719 619 2978 682 κατόπιν,
3003 619 3317 688 ἀμάρτυρον
3347 617 3484 687 ἔχων
3535 625 3662 668 κατ’

2071 709 2238 762 αὐτοῦ
2275 711 2374 780 τὴν
2412 710 2755 780 ἐγχείρησιν*
2788 707 2816 759 6
2852 708 2960 780 γὰρ
2995 708 3054 760 ἐν
3096 707 3174 777 τῷ
3211 707 3460 776 σπηλαίῳ
3494 703 3666 770 ζόφος

2074 798 2432 869 ἐπικρύπτων
2463 799 2563 870 τὴν
2604 799 2728 867 ὄψιν
2773 801 3053 870 περιεῖργε
3085 797 3195 850 τῶν
3226 795 3525 865 γινομένων
3568 794 3666 845 τὸν

2073 890 2312 960 ἔλεγχον.
2366 891 2671 959 Δυνάμενος
2719 889 2898 943 τοίνυν
2956 890 3054 959 μιᾷ
3111 889 3292 958 πληγῇ
3348 885 3491 938 κατά
3550 885 3664 936 τῶν

2075 980 2426 1051 μεταφρένων
2453 979 2540 1033 διὰ
2569 981 2668 1050 τῆς
2696 980 2922 1052 καρδίας
2949 979 3069 1033 ὅλον
3095 977 3340 1032 διελάσαι
3371 977 3432 1028 τὸ
3468 975 3627 1043 ξίφος
3645 1016 3659 1037 ,

2070 1070 2164 1124 τοῦ
2195 1071 2294 1140 μὲν
2324 1069 2573 1141 σώματος
2601 1072 2774 1125 Σαοὺλ
2800 1071 2922 1125 οὔτε
2946 1071 3143 1141 ἥψατο,
3175 1067 3298 1121 οὔτε
3325 1067 3656 1136 ἐμέλλησεν.

2154 1163 2473 1232 Ἀποτέμνει
2503 1163 2560 1216 δὲ
2609 1162 2688 1232 τῷ
2713 1162 2857 1232 ξίφει
2897 1162 3074 1216 λαθὼν
3100 1161 3305 1213 ἐκεῖνον
3341 1158 3401 1210 τὸ
3431 1158 3534 1227 τῆς
3580 1158 3664 1209 διο

2071 1252 2283 1317 πλοῖδος
2309 1253 2622 1324 πτερύγιον,
2657 1254 2733 1318 ὡς
2772 1254 2838 1308 ἂν
2885 1254 3251 1325 μαρτυρήσειε
3301 1249 3439 1320 μετά
3481 1248 3663 1302 ταῦτα

2071 1343 2172 1412 τῆς
2201 1346 2280 1406 εἰς
2321 1344 2411 1397 τὸν
2451 1345 2623 1398 Σαοὺλ
2669 1343 3078 1414 φιλανθρωπίας
3119 1343 3153 1413 ἡ
3199 1341 3405 1412 χλανὶς,
3430 1340 3533 1408 τῆς
3563 1340 3660 1392 τοῦ

2073 1435 2368 1506 πτερυγίου
2392 1435 2561 1505 τομῆς
2593 1435 2694 1505 τῆς
2735 1434 2876 1488 κατά
2909 1433 3003 1487 τοῦ
3041 1433 3292 1502 σώματος
3323 1431 3486 1485 αὐτοῦ
3519 1430 3663 1499 πλη-

2073 1527 2176 1596 γῆς
2201 1526 2298 1597 τὴν
2324 1524 2569 1590 ἐξουσίαν
2590 1525 2928 1579 δεικνύουσα.
2955 1527 3030 1577 Δι’
3050 1519 3119 1595 ἦς
3146 1523 3362 1591 ἐγένετο
3393 1519 3659 1590 φανερὸν,

2079 1617 2226 1679 ὅπως
2245 1617 2272 1668 6
2294 1616 2458 1670 Aa6‘t6
2478 1615 2576 1686 τὴν
2601 1616 2981 1687 μακροθυμίαν
3009 1614 3382 1676 ἐπεπαίδευτο,
3414 1613 3472 1673 ὃς
3504 1613 3663 1678 ξίφος

2079 1706 2218 1778 ἔχων
2247 1709 2304 1761 ἐν
2335 1709 2402 1777 τῇ
2450 1705 2679 1778 παλάμῃ
2720 1705 2954 1776 γυμνὸν,
3010 1705 3372 1775 ὑποκειμένου
3401 1706 3464 1772 τῇ
3513 1703 3663 1772 χειρὶ

2079 1799 2174 1852 τοῦ
2213 1799 2470 1869 πολεμίου
2505 1797 2782 1868 σώματος,
2828 1799 2884 1851 ἐν
2917 1797 3135 1868 ἐξουσίᾳ
3171 1795 3266 1849 τοῦ
3300 1795 3510 1848 ἀνελεῖν
3551 1796 3663 1846 ὑπ-

2081 1887 2284 1958 ἅρχων,
2319 1887 2547 1957 νικήσας
2589 1887 2684 1940 καὶ
2717 1885 2794 1957 τῷ
2814 1885 3058 1955 λογισμῷ
3094 1884 3184 1939 τὸν
3215 1884 3401 1954 θυμὸν,
3438 1884 3535 1936 καὶ
3578 1883 3664 1952 τῷ

2083 1978 2211 2049 θείῳ
2244 1978 2391 2048 φόϐῳ
2426 1978 2522 2050 τὴν
2547 1980 2645 2048 τῆς
2683 1977 2896 2048 πληγῆς
2925 1976 3167 2041 ἐξουσίαν
3187 2015 3200 2039 ,
3241 1976 3301 2028 ού
3331 1975 3490 2045 μόνον
3526 1975 3664 2028 ἰδίου

2083 2067 2254 2139 θυμοῦ
2293 2068 2554 2141 κρείττων
2585 2069 2830 2138 ἐγένετο,
2873 2068 3008 2122 ἀλλὰ
3057 2068 3151 2120 καὶ
3193 2067 3283 2121 τὸν
3309 2067 3665 2135 ὑπασπιστὴν

2082 2157 2220 2228 πρὸς
2263 2157 2354 2210 τὸν
2396 2157 2489 2210 τοῦ
2516 2157 2687 2210 Σαοὺλ
2727 2159 2885 2227 φόνον
2934 2157 3255 2227 ὁρμήσαντα
3308 2155 3665 2208 κατέστειλεν

2083 2246 2263 2318 ἐκείνῃ
2303 2247 2528 2318 ἀοιδίμῳ
2573 2251 2744 2320 φωνῇ,
2775 2247 2941 2302 είπὼν
2978 2247 3114 2318 πρὸς
3147 2248 3306 2301 αὐτόν
3327 2263 3341 2277 ·
3381 2267 3399 2297 ι
3420 2246 3515 2316 Μὴ
3546 2247 3667 2299 δια-

2082 2336 2312 2408 φθείρῃς
2355 2335 2448 2389 τὸν
2497 2338 2716 2406 χριστὸν
2759 2337 2984 2408 Κυρίου.
3027 2357 3046 2389 ι
3125 2337 3452 2407 Προέρχεται
3493 2334 3590 2390 οὖν
3635 2340 3665 2390 6

2083 2428 2257 2482 Σαοὺλ
2286 2429 2350 2480 ἐκ
2379 2426 2472 2480 τοῦ
2505 2428 2768 2499 σπηλαίου
2802 2426 3084 2496 γινώσκων
3112 2427 3220 2480 τῶν
3253 2429 3556 2495 γεγονότων
3576 2429 3666 2480 οὑ-

2082 2519 2170 2572 δέν
2198 2519 2293 2572 καὶ
2325 2517 2794 2589 περικεκομμένον
2827 2517 3136 2589 περιϐαλὼν
3177 2517 3354 2588 ἐαυτῷ
3388 2518 3448 2570 τὺ
3475 2518 3666 2588 χλανί-

2083 2611 2210 2664 διον.
2265 2611 2326 2662 '0
2377 2609 2433 2661 δὲ
2474 2609 2652 2676 Δαϐὶδ,
2704 2608 3030 2674 συνεξελθὼν
3063 2609 3211 2678 αὐτῷ
3255 2610 3482 2663 κατόπιν
3520 2611 3665 2678 μετά

2083 2703 2183 2772 τῆς
2215 2700 2334 2754 καθ’
2375 2700 2566 2754 ἐαυτὸν
2611 2700 2928 2770 ἀσφαλείας,
2959 2701 3053 2752 καὶ
3097 2701 3526 2771 προκαταλαϐὼν
3567 2702 3666 2753 τὸν

2086 2794 2476 2866 ὑπερκείμενον
2513 2791 2605 2846 τοῦ
2656 2792 2916 2864 σπηλαίου
2954 2793 3243 2863 γεώλοφον,
3275 2793 3548 2864 προτείνει
3590 2797 3662 2864 τῇ

2085 2885 2226 2955 χειρὶ
2242 2883 2549 2954 πτερύγιον.
2580 2883 2750 2936 Τοῦτο
2763 2883 2818 2935 δὲ
2846 2884 2996 2936 οὐδὲν
3022 2885 3206 2955 ἕτερον
3227 2880 3312 2954 ῆν,
3339 2884 3371 2955 ἢ
3396 2885 3665 2955 τρόπαιον

2084 2974 2227 3029 κατά
2251 2974 2357 3028 τῶν
2389 2973 2695 3027 ἀντιπάλων
2732 2975 3088 3044 ἀναίμακτον.
3129 2974 3238 3027 Καὶ
3271 2974 3550 3044 ἐμϐοήσας
3579 2975 3666 3044 τῷ

2083 3065 2254 3119 Σαοὺλ
2286 3063 2494 3135 μεγάλῃ
2523 3067 2696 3134 φωνῇ,
2723 3064 2821 3134 τὴν
2851 3065 3040 3134 καινὴν
3075 3064 3274 3134 ταύτην
3313 3066 3405 3118 καὶ
3445 3066 3667 3135 θαυμα-

2083 3155 2214 3226 στὴν
2259 3154 2536 3226 ἀριστείαν
2578 3154 2930 3225 ἐκδιηγεῖται,
2974 3155 3041 3224 ἣν
3072 3154 3265 3225 λύθρος
3297 3155 3533 3226 αἵματος
3559 3157 3669 3207 οὐκ

2083 3243 2323 3314 ἐμίανεν,
2431 3246 2526 3298 καὶ
2551 3246 2580 3298 6
2625 3245 2879 3315 ἀριστεὺς
2921 3245 3191 3315 ἐνίκησεν,
3227 3246 3318 3298 καὶ
3345 3248 3372 3297 6
3405 3245 3670 3315 ἡττηθεὶς

2084 3334 2464 3406 περισώζεται.
2498 3337 2570 3388 υύ
2601 3336 2706 3408 γάρ
2727 3334 2804 3406 τῷ
2830 3335 3083 3405 πτώματι
3105 3335 3198 3388 τοῦ
3226 3336 3484 3404 πολεμίου
3521 3354 3672 3408 μαρ-

2082 3426 2328 3496 τυρεῖται
2357 3425 2450 3478 τοῦ
2470 3425 2682 3497 Δαϐὶδή
2715 3426 2964 3496 ἀριστεία
2985 3442 2998 3458 ο
3030 3425 3142 3478 ἀλλ’
3168 3427 3224 3478 ὲν
3248 3425 3324 3496 τῷ
3345 3429 3670 3496 περισώσα-

2085 3513 2209 3568 σθαι
2240 3514 2334 3568 τοῦ
2369 3515 2614 3568 κινδύνου
2649 3515 2739 3568 τὸν
2769 3516 3158 3586 ἀντικείμενον,
3184 3518 3538 3589 φανερωτέρα
3573 3520 3670 3587 γί-

2084 3624 2230 3661 νεται
2255 3607 2348 3661 καὶ
2373 3607 2612 3680 ὑπεροχὴ
2638 3609 2737 3680 τῆς
2771 3609 3071 3680 δυνάμεως,
3097 3602 3141 3677 ᾧ
3179 3610 3428 3663 τοσοῦτον
3464 3612 3670 3681 περιῆν

2081 3698 2179 3769 τῆς
2210 3699 2608 3770 πεποιθήσεως,
2652 3700 2731 3772 μὴ
2766 3704 2832 3773 τῇ
2863 3701 3107 3772 ἀπωλείᾳ
3135 3701 3242 3755 τῶν
3268 3703 3670 3773 ἀντιτεταγμέ-

2082 3805 2188 3843 νων
2220 3790 2495 3844 πιστεύειν
2517 3791 2613 3862 τὴν
2638 3793 2829 3847 ἑαυτοῦ
2858 3795 3148 3864 σωτηρίαν,
3169 3793 3302 3847 ἀλλά
3319 3794 3413 3846 καὶ
3445 3797 3670 3864 περιόν-

2081 3897 2189 3933 των
2225 3879 2333 3933 τῶν
2383 3880 2859 3951 ἐπιϐουλευόντων,
2888 3883 2963 3948 ὡς
2999 3884 3210 3948 οὐδενὸς
3238 3883 3557 3949 λυποῦντος,
3604 3888 3669 3939 τὸ

2083 3972 2322 4041 ἀσφαλὲς
2355 3971 2518 4043 ἔχειν.
2545 3973 2764 4028 Μᾶλλον
2787 3975 2842 4027 δὲ
2871 3974 3027 4028 τοῦτο
3051 3975 3138 4028 διά
3158 3976 3254 4046 τῆς
3277 3977 3517 4047 ἱστορίας
3545 3996 3672 4030 παις

2081 4063 2225 4116 δεύει
2261 4065 2289 4117 6
2327 4064 2505 4132 λόγος,
2537 4064 2617 4117 ὅτι
2659 4067 2686 4118 6
2721 4068 2841 4118 κατ’
2878 4065 3078 4137 ἀρετὴν
3107 4068 3376 4136 προέχων.
3425 4068 3487 4119 οὐ
3521 4071 3667 4122 κατά

2081 4155 2189 4208 τῶν
2230 4155 2548 4226 ὁμοφύλων,
2595 4156 2731 4209 ἀλλά
2773 4157 2915 4215 κατά
2963 4157 3071 4211 τῶν
3099 4157 3287 4210 παθῶν
3327 4159 3662 4230 ἀνδρίζεται.

2012 4277 2056 4331 D
2097 4246 2424 4318 Ἀναιρεῖται
2448 4243 2540 4301 οὖν
2560 4247 2646 4301 διὰ
2665 4248 2765 4317 τῆς
2783 4249 3037 4320 τοιαύτης
3064 4250 3158 4302 τοῦ
3180 4250 3342 4303 Δαϐὶδ
3381 4250 3669 4320 ἀριστείας

2085 4336 2113 4388 6
2144 4337 2201 4390 ἐν
2234 4337 2562 4408 ἀμφοτέροις
2607 4336 2776 4408 θυμός
2800 4353 2814 4367 ο
2855 4337 2948 4391 τοῦ
3001 4339 3099 4409 μὲν
3145 4339 3234 4392 διά
3269 4339 3362 4392 τοῦ
3396 4340 3663 4412 λογισμοῦ

2083 4427 2181 4498 τὴν
2213 4427 2347 4482 ἰδίαν
2390 4427 2603 4490 ἑλόντος
2648 4428 2840 4499 ὀργὴν,
2878 4430 2972 4481 καὶ
3021 4431 3116 4500 τὴν
3164 4431 3464 4500 ἁμυντικὴν
3493 4432 3667 4502 ὀργὴν

2086 4517 2627 4581 κατασκευάσαντος*
2672 4517 2766 4570 τοῦ
2795 4518 2852 4570 δέ
2881 4519 3053 4572 Σαοὺλ
3096 4519 3184 4572 διὰ
3230 4521 3325 4589 τῆς
3359 4524 3667 4590 γενομένης

2086 4607 2232 4678 αὐτῷ
2263 4608 2668 4680 φιλανθρωπίας
2694 4611 2792 4681 τὴν
2813 4611 2951 4664 κατά
2980 4610 3072 4664 τοῦ
3102 4611 3262 4664 Δαϐὶδ
3301 4614 3499 4666 κακίαν
3524 4617 3666 4668 ἀπο-

2086 4699 2474 4770 νεκρώσαντος.
2511 4694 2612 4754 Οἷα
2645 4701 2753 4772 γάρ
2786 4702 2921 4772 μετά
2944 4701 3115 4755 ταῦτα
3144 4703 3278 4772 πρὸς
3316 4703 3404 4757 τδν
3437 4707 3667 4775 νικητὴν

2087 4790 2514 4859 ἀποφθέγγεται,
2539 4791 2630 4844 ὑπ’
2651 4792 2911 4863 αἰσχύνης
2930 4793 3039 4846 τῶν
3062 4777 3483 4864 τετολμημένων
3509 4814 3671 4848 κατα-

2086 4881 2359 4951 δυόμενος,
2411 4883 2506 4935 καὶ
2553 4881 2752 4954 θρήνῳ,
2806 4884 2900 4937 καὶ
2939 4884 3166 4954 δάκρυσι
3215 4885 3313 4954 τὴν
3361 4885 3669 4938 ἐνδιάθετον

2088 4971 2253 5025 αὐτοῦ
2275 4973 2371 5042 τῆς
2405 4973 2602 5034 κακίας
2621 4975 2970 5045 ἀποστροφὴν
3001 4975 3426 5045 ἐνδεικνύμενος,
3456 4977 3669 5042 ἔξεστιν

2089 5063 2147 5129 ἐξ
2176 5063 2345 5134 αὐτῆς
2389 5065 2628 5136 ἱστορίας
2675 5066 2883 5136 μαθεῖν.
2947 5067 3012 5119 Ἠ
3044 5067 3144 5133 μὲν
3171 5063 3262 5131 οὖν
3285 5067 3544 5131 ὑπόθεσις
3570 5069 3669 5137 τῆς

2089 5154 2254 5224 ’ἐκτης
2281 5155 2374 5208 καὶ
2409 5157 2780 5226 πεντηκοστῆς
2810 5155 3149 5228 ψαλμῳδίας,
3177 5158 3299 5210 ὅσον
3327 5158 3392 5209 ἐκ
3419 5156 3532 5210 τῶν

2088 5248 2189 5316 τῆς
2232 5246 2474 5317 ἱστορίας
2524 5245 2895 5316 δηλουμένων,
2939 5247 3164 5318 τοιαύτη
3209 5247 3377 5300 ἐστίν.
3430 5248 3582 5299 Δύτὰ
3613 5247 3669 5300 δὲ

2089 5338 2189 5407 τῆς
2215 5337 2527 5409 ἐπιγραφῆς
2550 5338 2618 5391 τά
2640 5341 2878 5410 ῥήματα,
2897 5339 2965 5392 δι’
2992 5332 3068 5393 ὧν
3096 5342 3128 5409 ἡ
3156 5339 3297 5392 κατά
3318 5339 3379 5391 τὺ
3405 5339 3669 5408 σπήλαιον

2093 5431 2349 5498 συντυχία
2377 5428 2650 5498 δηλοῦται,
2696 5429 2884 5483 τοῦτον
2929 5430 3039 5500 ἔχει
3069 5431 3160 5483 τὸν
3191 5430 3442 5502 τρόπον’(
3486 5432 3580 5493 Εἰς
3609 5430 3669 5484 16

2091 5523 2240 5583 τέλος
2295 5519 2368 5590 μὴ
2414 5519 2750 5592 διαφθείρῃς,
2802 5521 2880 5591 τῷ
2922 5521 3085 5575 Δαϐἰδ
3116 5525 3195 5586 εἰς
3241 5522 3664 5593 στηλογραφίαν,
