3766 5986
179 180 283 236 585

1586 182 1655 240 IN
1684 186 2026 244 PSALMOS.

3325 178 3428 237 586

179 294 238 347 ἐν
263 290 339 363 τῷ
367 291 530 346 αὑτὸν
559 292 972 368 ἀποδιδράσκειν
1013 300 1120 377 ᾁπὸ
1149 302 1438 372 προσώπου
1464 302 1636 358 Σαοὺλ
1668 304 1748 369 είς

1861 305 1937 361 nis
1964 311 2145 361 autem
2175 305 2370 369 verba,
2406 303 2605 375 quibus
2635 316 2937 358 concursus
2972 302 3060 358 ille
3087 301 3142 356 in
3167 299 3424 372 spelunca

175 383 236 436 τδ
275 383 559 448 σπήλαιον.
593 405 612 438 ι
680 388 766 451 Ὠς
799 388 846 442 δ’
897 390 964 444 ἂν
1003 393 1370 465 ἐφαρμοσθείη
1415 396 1522 458 τοῖς
1564 396 1755 464 ἐπιγε-

175 474 519 543 γραμμένοις
561 476 764 549 τὰιτῆς
810 478 1129 552 ψαλμῳδίας
1171 483 1436 554 νοήματα,
1469 483 1658 556 καιρὸς
1689 483 1754 538 ἂν

181 562 267 633 εἴη
300 562 366 617 δι’
393 563 589 633 ὀλίγων
618 568 713 620 καὶ
751 568 850 639 τὴν
898 573 956 624 ἐν
998 570 1207 635 τούτοις
1234 571 1462 642 θεωρίαν
1495 575 1756 644 κατανοῆ-

177 670 266 707 σαι
283 696 298 719 ,
316 657 791 725 προδιεξελθόντας
806 658 875 713 τὰ
902 659 1233 715 θεόπνευστα
1266 663 1503 733 ῥήματα.
1532 683 1550 715 ι
1574 665 1756 735 Ἐλέη-

176 746 268 799 σόν
305 765 395 816 με,
429 750 459 801 ό
504 749 656 813 Θεὸς,
685 750 904 821 ἐλέησόν
947 768 1034 820 με,
1079 754 1160 806 ὅτι
1202 755 1293 806 ἐπὶ
1332 756 1412 808 σοι
1438 755 1754 827 πέποιθενὴ

169 839 318 909 ψυχή
359 859 482 910 μου,
519 840 613 895 καὶ
644 843 702 895 ἐν
725 844 791 913 τῇ
826 845 952 915 σκιᾷ
990 844 1097 897 τῶν
1123 844 1410 916 πτερύγων
1441 864 1534 900 σου
1562 847 1751 914 ἐλπιῶ,

172 931 279 993 ἕως
302 926 363 985 οὗ
398 932 645 1004 παρέλθῃ
671 934 703 1003 ἡ
738 934 956 1006 ἀνομία.
985 955 1005 988 ι
1046 937 1157 1005 Τῆς
1189 937 1268 1000 είς
1294 935 1382 991 τὸν
1411 936 1543 991 Θεὸν
1573 956 1756 992 πεποι-

169 1030 385 1100 θήσεως
405 1010 746 1097 ὁΨαλμῳδὸς
766 1033 858 1083 καὶ
890 1027 989 1097 τῆς
1021 1026 1240 1096 βεϐαίας
1261 1029 1341 1092 είς
1366 1029 1525 1082 αὐτὸν
1546 1029 1756 1095 ἐλπίδος

170 1113 266 1166 τὸν
290 1113 431 1166 θεῖον
463 1112 609 1166 ἔλεον
648 1113 985 1184 ἀντιδοθῆναι
1021 1116 1359 1187 παρακαλεῖ,
1404 1136 1421 1169 ι
1444 1118 1590 1181 Ἕως
1617 1112 1697 1182 οὗ,
1728 1138 1747 1170 ι

171 1204 361 1275 φησὶν,
399 1204 474 1275 «ἡ
506 1205 703 1276 ἀνομία
733 1205 996 1278 παρέλθῃ.
1027 1225 1046 1258 ι
1092 1208 1180 1271 Ὠς
1207 1208 1251 1261 δ’
1286 1206 1352 1262 ἂν
1378 1207 1755 1281 φανερώτερον

167 1297 306 1366 ἡμῖν
339 1296 400 1349 τὸ
427 1296 603 1367 νόημα
642 1297 881 1366 γένοιτο,
932 1299 1130 1352 οὑτωσὶ
1163 1300 1253 1352 τὸν
1298 1298 1453 1368 λόγον
1491 1299 1757 1370 διαληψώ-

172 1387 342 1458 μεθα·
387 1389 651 1454 ’Δστατός
690 1390 807 1444 ἐστι
850 1391 944 1444 καὶ
977 1391 1244 1462 παροδικὴ
1284 1392 1382 1464 τῆς
1417 1392 1750 1464 ἁμαρτίαςή

171 1479 341 1548 φύσις
363 1520 378 1543 ,
411 1477 534 1533 οὔτε
565 1479 704 1534 κατὰ
730 1482 794 1534 τὸ
826 1480 1040 1552 πρῶτον
1072 1484 1451 1537 συνυποστᾶσα
1476 1485 1542 1554 τῇ
1581 1482 1753 1535 κτίσει

168 1572 325 1641 παρὰ
365 1571 459 1626 τοῦ
513 1572 583 1625 τὸ
607 1574 715 1626 πᾶν
758 1573 1206 1645 ύποστησαμὲνου
1246 1575 1339 1628 καὶ
1373 1573 1751 1640 ούσιώσαντος,

165 1661 298 1715 οὔτε
334 1662 470 1733 πρὸς
502 1663 564 1716 τὸ
594 1663 836 1730 διηνεκὲς
871 1667 983 1729 τοῖς
1020 1660 1137 1718 οὖσι
1174 1665 1619 1736 συνδιαμένουσα.
1671 1666 1752 1720 Τὰ

168 1755 276 1823 μὲν
303 1755 413 1825 γὰρ
450 1755 515 1807 ἐκ
537 1754 629 1807 τοῦ
659 1755 808 1818 ὄντος
827 1754 975 1821 ὄντα,
1007 1757 1100 1810 καὶ
1128 1757 1186 1809 ὲν
1218 1755 1293 1827 τῷ
1327 1752 1465 1811 εἶναι
1486 1758 1573 1811 διὰ
1611 1776 1747 1812 παν-

164 1845 264 1910 τὸς
290 1846 537 1917 διαμένει
557 1864 569 1877 υ
607 1849 653 1900 εἰ
695 1847 749 1900 δέ
783 1864 837 1900 τι
872 1845 975 1912 ἔξω
1003 1847 1097 1902 τοῦ
1125 1849 1275 1912 ὄντος
1302 1849 1469 1912 ἐστὶν,
1508 1841 1568 1902 οὗ
1594 1848 1749 1903 οὐσία

164 1925 355 1989 οὐχ’ἐν
381 1934 459 2006 τῷ
488 1931 644 1999 εἶναι,
669 1936 780 1990 ἀλλ’
813 1939 869 1990 ἐν
900 1936 977 2007 τῷ
1004 1936 1207 2006 ἀγαθὸν
1243 1937 1317 2009 μὴ
1342 1934 1481 1992 εἶναι
1509 1937 1605 2010 τὴν
1626 1938 1751 1992 ὑπό-

165 2044 365 2081 στασιν
397 2026 532 2097 ἔχει,
557 2027 715 2081 τοῦτό
736 2029 882 2082 ἐστιν
904 2029 933 2080 ό
956 2028 1321 2098 ἐπιδωμὼειος
1346 2028 1561 2099 χόρτος,
1597 2029 1755 2100 ἄρρι-

165 2120 261 2184 ζός
288 2136 396 2184 τις,
418 2119 512 2172 καὶ
542 2121 822 2192 ἄσπαρτος
851 2120 946 2174 καὶ
968 2120 1248 2192 ἀνήροτος,
1279 2120 1381 2174 κᾶν
1407 2120 1544 2191 πρὸς
1563 2119 1625 2172 τὸ
1643 2136 1754 2173 πα-

165 2214 265 2284 ρὸν
303 2213 562 2284 διοχλήσῃ
612 2216 677 2284 τῇ
714 2213 1070 2284 ἀνυποστάτῳ
1126 2213 1362 2286 βλάστῃ,
1412 2214 1524 2276 τοῖς
1570 2212 1753 2283 μέντοι

164 2305 474 2375 καθήκουσι
503 2304 734 2376 χρόνοις,
772 2307 830 2359 ἐν
857 2306 924 2376 τῇ
944 2303 1049 2358 τοῦ
1083 2304 1281 2368 παντὸς
1310 2305 1443 2374 πρὸς
1468 2304 1529 2358 τὸ
1553 2303 1754 2372 ἀγαθὸν

165 2396 644 2463 ἀποκαταστάσει,
700 2395 1031 2467 παρέρχεταί
1057 2412 1117 2450 τε
1164 2396 1256 2449 καὶ
1281 2394 1634 2464 ἀφανίζεται,
1679 2394 1755 2459 ὡς

166 2486 344 2557 μηδὲν
371 2472 516 2557 ἴχνος
539 2486 632 2540 τοῦ
656 2486 749 2541 νῦν
788 2487 1206 2551 ἐπιπολάζοντος
1232 2489 1364 2557 ἡμῖν
1390 2485 1559 2540 κακοῦ
1605 2487 1663 2540 ἐν
1686 2488 1750 2558 τῇ

164 2575 292 2629 κατ’
324 2575 517 2630 ἐλπίδα
545 2575 876 2648 προκειμένῃ
916 2574 1028 2647 ζωῇ
1080 2574 1488 2630 ἀπολείπεσθαι.
1534 2592 1554 2623 σ
1583 2575 1749 2629 "Ern

164 2666 278 2738 γὰρ
315 2684 334 2716 ι
379 2666 585 2735 ὀλίγον,
615 2685 632 2717 ι
674 2666 834 2737 φησὶν
856 2706 870 2729 ,
922 2685 939 2718 ι
964 2666 1056 2720 καὶ
1081 2667 1142 2720 ού
1173 2666 1246 2737 μὴ
1276 2665 1493 2739 ὑπάρξῃ
1523 2666 1551 2719 ό
1572 2667 1755 2739 ἁμαρ-

163 2758 375 2822 τωλὸς,
418 2759 512 2812 καὶ
562 2758 816 2829 ζητήσεις
868 2758 957 2812 τὸν
988 2758 1148 2811 τόπον
1188 2755 1373 2822 αὐτοῦ,
1424 2758 1518 2812 καὶ
1565 2759 1626 2811 οὐ
1676 2758 1749 2829 μὴ

161 2851 391 2922 εὑρεθῇ.
427 2869 447 2903 ι

1857 396 2183 460 declaratur,
2226 397 2307 453 sic
2338 411 2397 452 se
2425 395 2627 450 habent
2655 413 2669 449 :
2702 412 2721 446 ι
2753 393 2809 448 In
2857 386 3018 450 ﬁnem
3041 437 3055 462 ,
3100 408 3172 449 ne
3215 391 3424 462 disper-

1856 486 1987 551 das,
2020 486 2208 542 Davidi
2242 487 2298 541 in
2331 486 2475 542 tituli
2510 485 2924 555 inscriptionem
2947 524 2964 551 ,
2997 499 3120 540 eum
3153 484 3363 554 fugeret
3396 499 3426 536 a

1858 576 1995 634 facie
2025 578 2151 633 Saul
2183 577 2238 632 in
2272 577 2610 647 speluncam.
2641 596 2659 629 ι
2686 575 2757 631 Ut
2799 591 2931 632 vero
2974 575 3261 646 inscriptio
3300 591 3424 631 cum

1856 670 2122 724 sententia
2174 669 2366 739 psalmi
2408 669 2680 724 cohaereat
2721 676 2777 724 et
2820 668 3159 733 consentiat,
3211 676 3426 737 tempus

1856 761 2133 830 postulare
2158 760 2394 827 videtur,
2443 766 2498 814 ut
2546 760 2735 829 paucis
2767 775 3015 830 quaenam
3051 759 3230 814 verbis
3260 759 3425 828 hujus

1857 852 2049 922 psalmi
2087 852 2356 907 sententia
2390 851 2740 921 subjiciatur,
2770 852 3179 909 consideremus
3203 891 3217 915 ,
3246 852 3425 921 ipsas-

1856 957 1963 1012 que
1994 941 2259 997 divinitus
2291 941 2586 1012 inspiratas
2631 957 2795 997 voces
2828 942 3183 1014 explicemus.
3214 960 3232 994 σ
3264 939 3427 996 Mise-

1856 1050 1977 1089 rere
2009 1034 2151 1097 mei,
2187 1032 2359 1098 Deus,
2401 1035 2661 1091 miserere
2693 1035 2829 1101 mei,
2863 1034 2991 1104 quia
3025 1034 3080 1088 in
3115 1041 3169 1089 te
3199 1032 3425 1088 conlidit

1858 1124 2039 1180 anima
2072 1141 2191 1181 mea
2219 1143 2235 1193 ;
2266 1136 2320 1182 et
2349 1128 2405 1181 ln
2436 1127 2629 1181 umbra
2664 1126 2872 1181 alarum
2907 1132 3123 1180 tuarum
3156 1125 3386 1195 sperabo
3406 1164 3420 1188 ,

1854 1215 2031 1270 donec
2052 1225 2295 1273 transeat
2311 1215 2589 1286 iniquitas.
2605 1216 3123 1287 nPropterﬁduciam
3142 1216 3197 1270 in
3223 1214 3385 1271 Deum
3405 1256 3420 1278 ,

1856 1313 1909 1360 et
1942 1305 2014 1361 ob
2046 1305 2255 1359 ﬁrmam
2284 1306 2339 1361 in
2369 1307 2546 1376 ipsum
2582 1321 2733 1376 spem
2754 1348 2769 1374 ,
2818 1305 2967 1375 cupit
3002 1305 3104 1361 sibi
3135 1301 3424 1359 Psalmista

1856 1395 2094 1450 divinam
2135 1396 2570 1452 misericordiam
2606 1397 2804 1465 tribui,
2835 1416 2853 1449 ι
2890 1396 3061 1451 donec
3088 1400 3369 1458 transeat,
3400 1413 3418 1444 ι

1855 1486 2067 1556 inquit,
2089 1505 2108 1538 ι
2132 1487 2416 1556 iniquitas.
2445 1507 2462 1539 ι
2484 1486 2555 1543 Ut
2584 1496 2762 1543 autem
2793 1488 3002 1557 planior
3031 1487 3192 1543 nobis
3226 1501 3422 1542 sensus

1859 1576 1985 1641 liat,
2026 1575 2153 1631 inde
2186 1577 2451 1633 orationis
2494 1577 2778 1633 exordium
2808 1593 3109 1634 sumemus:
3146 1576 3422 1632 Instabilis

1852 1670 2020 1720 estet
2054 1666 2366 1737 transitoria
2402 1667 2610 1737 peccati
2650 1676 2879 1732 natura,
2914 1683 3089 1738 neque
3123 1666 3177 1720 in
3212 1666 3422 1738 princi—

1855 1756 1944 1827 pio
1991 1771 2116 1811 cum
2147 1764 2397 1812 creatura
2431 1767 2612 1813 creata
2652 1767 2706 1812 et
2746 1758 2968 1813 fundata
3003 1758 3071 1812 ab
3105 1772 3170 1812 eo
3199 1757 3291 1827 qui
3332 1772 3422 1811 res

1853 1863 2044 1903 omnes
2071 1849 2410 1917 procreavit,
2436 1856 2489 1904 et
2511 1850 2765 1905 essentiis
2790 1849 2904 1905 suis
2927 1848 3213 1914 instruxit;
3248 1863 3424 1917 neque

1854 1938 1911 1993 in
1942 1938 2297 2009 longinquum
2332 1946 2545 2010 tempus
2578 1955 2703 1995 eum
2736 1939 2901 1995 rebus
2933 1946 3234 2011 permanet.
3283 1937 3420 1992 Nam

1851 2039 1972 2094 qua:
2019 2032 2147 2078 sunt
2190 2026 2244 2079 in
2282 2041 2347 2080 eo
2394 2027 2536 2095 quod
2582 2035 2701 2093 est,
2748 2043 2963 2098 semper
3004 2029 3166 2083 etiam
3215 2028 3270 2082 in
3319 2043 3421 2083 suo

1851 2130 1972 2172 esse
2003 2123 2369 2185 perseverant.
2419 2115 2572 2183 Quod
2618 2118 2662 2172 si
2700 2118 2831 2189 quid
2874 2127 2958 2174 est
3003 2126 3160 2176 extra
3190 2119 3245 2175 id
3274 2120 3419 2190 quod

1851 2212 1966 2271 est,
2002 2204 2159 2275 cujus
2190 2205 2330 2260 ratio
2357 2221 2464 2261 non
2510 2206 2571 2277 lin
2615 2223 2766 2275 esse,
2817 2209 2914 2264 sed
2956 2205 3011 2263 in
3060 2224 3169 2264 non
3217 2207 3419 2265 bonum

1853 2312 1975 2354 esse
2002 2298 2298 2355 consistit:
2331 2298 2435 2354 hoc
2473 2314 2532 2355 se
2562 2299 2724 2356 habet
2793 2309 2853 2356 ut
2897 2315 3118 2371 gramen
3167 2301 3222 2355 in
3262 2300 3421 2357 tectis

1854 2388 2141 2446 domorum
2163 2391 2316 2446 nasci
2340 2403 2658 2446 consuetum
2675 2432 2690 2457 ,
2716 2391 2836 2449 sine
2859 2393 3041 2448 radice
3061 2435 3075 2459 ,
3106 2409 3213 2448 non
3242 2404 3418 2449 satum

1853 2493 1906 2540 et
1935 2484 2236 2548 inaratum,
2267 2484 2482 2540 etiamsi
2517 2484 2582 2538 ad
2618 2485 2780 2541 breve
2811 2493 3022 2556 tempus
3053 2487 3297 2557 germine
3325 2486 3419 2540 illo

1854 2574 2020 2630 nullis
2052 2574 2420 2631 fundamentis
2463 2575 2698 2631 subnixo
2740 2577 3015 2643 exsultet;
3059 2584 3297 2632 attamen
3334 2574 3419 2630 fu-

1854 2667 1994 2723 turis
2027 2664 2395 2737 temporibus,
2450 2664 2505 2720 in
2554 2664 2899 2723 restitutione
2946 2681 3129 2722 rerum
3175 2662 3416 2721 omnium

1853 2760 1910 2814 in
1945 2760 2214 2831 integrum
2239 2798 2253 2824 ,
2290 2758 2485 2814 transit
2509 2765 2563 2815 et
2590 2759 2906 2829 evanescit;
2936 2767 2996 2814 ut
3027 2774 3097 2815 ne
3128 2758 3415 2831 vestigium
3482 2786 3487 2789 Α

1774 2831 1818 2892 C
1850 2850 2068 2920 quidem
2120 2850 2286 2916 mali,
2328 2847 2474 2920 quod
2523 2852 2759 2907 nuncin
2802 2851 2962 2908 nobis
3016 2849 3312 2917 redundat,
3362 2851 3418 2903 in

163 2945 282 2998 vita
336 2944 428 2997 illa
482 2944 598 3013 spei
656 2948 858 2999 nostrae
907 2941 1184 3013 proposita
1233 2956 1616 2997 remansurum
1666 2941 1756 2997 sit.
1805 2960 1823 2994 ι
1854 2941 2045 2996 Adhuc
2073 2943 2348 3013 pusillum,
2370 2963 2388 2996 ι
2410 2942 2584 3015 inquit
2607 2983 2620 3008 ,
2644 2963 2663 2996 ι
2697 2951 2749 2999 et
2781 2957 2890 2998 non
2925 2943 3025 2999 erit
3064 2950 3335 3011 peccator,
3364 2953 3418 2998 et

163 3050 386 3106 quaeres
420 3034 599 3090 locum
641 3034 787 3104 ejus.
827 3042 880 3091 et
912 3049 1019 3089 non
1051 3033 1297 3089 invenies
1330 3033 1373 3087 ⁸.
1410 3054 1427 3086 ι

239 3127 526 3196 Φιλοσοφεί
571 3126 751 3209 τοίνυν
793 3127 850 3179 ἐν
889 3125 1193 3197 προοιμίοις
1239 3125 1340 3195 τῆς
1373 3124 1689 3196 ψαλμῳδίας
1719 3128 1749 3179 ό

160 3219 328 3288 λόγος
367 3220 425 3272 ἐν
466 3218 687 3288 ὑψηλοῖς
723 3217 951 3287 δόγμασι
997 3216 1328 3285 φυσιολογῶν
1376 3217 1476 3287 τὴν
1527 3217 1743 3270 κακίαν.

162 3310 423 3365 Διδάσκει
444 3309 573 3380 γὰρ,
600 3309 683 3361 ὅτι
715 3308 904 3380 μέχρις
931 3308 1138 3362 ἐκείνου
1163 3309 1263 3379 τῆς
1285 3307 1378 3361 τοῦ
1406 3307 1588 3372 ἐλέους
1620 3326 1749 3379 συμ-

166 3402 378 3475 μαχίας
415 3400 664 3470 δεόμεθα,
716 3399 821 3463 ἕως
863 3400 931 3453 ἂν
971 3398 1216 3472 παρέλθῃ
1249 3399 1340 3453 τὸν
1386 3399 1497 3470 βίον
1525 3398 1681 3471 ἡμῶν
1712 3401 1745 3470 ἡ

163 3491 358 3557 κακῶς
389 3490 467 3563 τῷ
492 3492 590 3562 βίῳ
620 3491 1003 3561 ὲπιδημήσασα
1026 3490 1243 3561 ἀνομία.
1272 3489 1382 3561 Τὴν
1403 3489 1461 3543 δὲ
1490 3489 1746 3560 τοιαύτην

159 3587 307 3655 ἡμῖν
336 3582 650 3654 συμμαχίαν
683 3580 966 3654 χαρίζεται
992 3582 1055 3635 τὸ
1086 3582 1401 3635 πεποιθέναι
1428 3583 1495 3654 τῇ
1522 3580 1747 3652 δυνάμει

162 3675 268 3730 τοῦ
306 3674 737 3745 συμμαχοῦντος.
777 3673 872 3727 καὶ
912 3675 978 3743 τῇ
1023 3673 1151 3744 σκιᾷ
1195 3671 1303 3726 τῶν
1339 3671 1621 3743 πτερύγων
1651 3671 1746 3725 τοῦ

164 3764 311 3820 Θεοῦ
339 3767 771 3833 καθοπλίξεσθαι.
817 3767 983 3822 Σκιὰν
1016 3768 1075 3823 δὲ
1114 3766 1269 3821 θείων
1311 3765 1597 3838 πτερύγων
1628 3766 1749 3820 ἀντὶ

166 3856 466 3928 περιϐολῆς
492 3860 627 3930 ἡμῖν
651 3858 961 3929 γινομένην,
996 3857 1096 3922 τὰς
1124 3857 1325 3930 ἀρετάς
1347 3875 1430 3922 τις
1458 3856 1615 3922 νοῶν,
1646 3857 1745 3928 οὐχ

165 3950 570 4018 ἁμαρτήσεται.
604 3949 744 4003 Λύτὸ
797 3950 895 4019 μὲν
946 3948 1054 4020 γὰρ
1082 3948 1143 4003 τὸ
1170 3946 1324 4003 Θεῖον
1357 3949 1387 4003 ὅ
1429 3949 1482 4003 τί
1516 3965 1644 4002 ποτε
1675 3949 1742 4020 τῇ

165 4037 332 4106 φύσει
377 4039 554 4103 ἐστὶν,
607 4038 893 4107 ἀνέφικτον
946 4038 1095 4108 μένει
1127 4041 1192 4110 τῇ
1238 4039 1554 4113 ἀνθρωπίνῃ
1584 4038 1744 4108 φύσει

167 4130 269 4185 καὶ
299 4130 556 4201 ἄληπτον,
606 4130 717 4184 ἄνω
767 4147 868 4184 που
900 4130 1042 4184 κατὰ
1064 4131 1123 4185 τὸ
1165 4131 1441 4202 ἄφραστον
1477 4129 1575 4184 τοῦ
1598 4129 1746 4199 λογι-

169 4220 312 4292 σμοῦ
354 4220 462 4274 τῶν
504 4218 805 4291 ἀνθρώπων
846 4219 1302 4293 ὑπερπετόμενον.
1343 4220 1641 4292 Χαρακτὴρ
1687 4218 1747 4274 δέ

1923 3125 1981 3181 ln
2018 3126 2206 3183 arduis
2235 3127 2404 3199 igitur
2431 3127 2809 3198 dogmatibus,
2846 3128 3003 3199 quasi
3027 3125 3417 3199 phiIOSOphan-

1851 3217 1952 3284 do',
1996 3218 2153 3274 initio
2184 3218 2380 3289 psalmi
2410 3226 2659 3275 versatur
2696 3221 2906 3285 oratio,
2953 3220 3280 3291 malitiaeque
3324 3235 3419 3273 na-

1851 3316 2027 3364 turam
2076 3309 2356 3366 describit.
2409 3307 2575 3366 Docet
2612 3312 2755 3366 enim
2805 3326 2905 3366 nos
2940 3326 3181 3382 eousque
3222 3310 3419 3365 divinae

1851 3400 2244 3457 misericordiae
2297 3401 2503 3457 auxilio
2551 3402 2833 3472 indigere,
2878 3402 3056 3472 quoad
3099 3402 3265 3456 vitam
3313 3418 3417 3456 no-

1852 3498 2021 3545 stram
2060 3499 2402 3561 pertranseat
2431 3491 2731 3561 iniquitas,
2760 3506 2883 3560 qua:
2920 3506 3017 3561 per
3060 3490 3202 3546 hanc
3248 3491 3415 3547 vitam

1848 3589 2078 3652 vagatur
2128 3588 2182 3637 et
2227 3582 2465 3637 oberrat.
2516 3580 2631 3636 Iloc
2675 3598 2805 3637 vero
2851 3582 3114 3637 auxilium
3160 3583 3414 3638 conciliat

1848 3674 2007 3729 nobis
2042 3674 2239 3729 ﬁducia
2264 3688 2393 3745 erga
2422 3672 2530 3729 vim
2559 3682 2614 3728 et
2638 3674 2935 3744 potentiam
2961 3670 3103 3744 ejus,
3131 3675 3223 3744 qui
3252 3675 3412 3730 nobis

1848 3776 2005 3832 opem
2053 3761 2194 3817 ferre
2235 3761 2413 3830 solet;
2453 3769 2509 3819 et
2554 3762 2600 3818 si
2632 3762 2824 3817 umbra
2869 3760 3078 3817 alarum
3111 3762 3210 3820 Dei
3240 3779 3418 3818 arme-

1850 3868 1994 3908 mur.
2019 3850 2126 3908 Per
2152 3852 2403 3908 umbram
2437 3852 2644 3907 alarum
2673 3851 2763 3907 Dei
2787 3893 2800 3915 ,
2828 3869 2949 3924 quae
2978 3854 3260 3911 velamenti
3295 3854 3416 3909 loco

1849 3942 2010 3998 nobis
2041 3950 2159 4007 est,
2191 3942 2238 4000 si
2268 3942 2392 4014 quis
2418 3943 2647 4000 virtutes
2674 3943 2973 4015 intelligat;
3006 3944 3229 4001 minime
3255 3945 3413 4000 aber-

1850 4034 2075 4090 raverit.
2112 4033 2285 4101 Quale
2313 4034 2459 4090 enim
2489 4034 2789 4091 secundum
2833 4051 2989 4091 suam
3040 4050 3292 4091 naturam
3345 4037 3416 4089 sit

1851 4127 2028 4196 ipsum
2082 4123 2325 4179 divinum
2377 4140 2612 4191 numen,
2664 4125 2899 4181 humana
2948 4135 3142 4182 natura
3196 4126 3412 4196 assequi

1851 4226 1905 4273 et
1954 4212 2409 4285 comprehendere
2449 4217 2670 4286 nequit,
2715 4230 2838 4272 cum
2885 4215 3141 4273 ineffabili
3179 4218 3413 4287 quodam

163 4312 382 4383 τιςτῆς
410 4311 690 4381 ἀφράστου
717 4310 932 4382 φύσεως
964 4311 1054 4366 διὰ
1079 4312 1181 4381 τῆς
1210 4312 1315 4365 τῶν
1347 4312 1557 4382 ἀρετῶν
1591 4328 1744 4365 σκια-

1861 4306 2015 4363 modo
2043 4321 2259 4375 omnem
2286 4307 2579 4362 humanam
2614 4310 2996 4379 cogitationem
3027 4309 3411 4372 transcendat,

165 4403 411 4475 γραφίας
439 4405 553 4467 τοῖς
584 4402 720 4474 πρὸς
750 4403 915 4475 αὐτὴν
936 4403 1134 4475 ὁρῶσιν
1156 4402 1449 4471 ἐγγίνεται,
1471 4403 1546 4466 ὡς
1569 4403 1745 4456 πᾶσαν

170 4496 391 4566 σοφίαν,
443 4498 540 4552 καὶ
589 4497 873 4569 φρόνησιν,
933 4496 1027 4550 καὶ
1075 4492 1407 4565 ἐπιστήμην,
1442 4493 1536 4547 καὶ
1569 4494 1748 4547 πᾶσαν

166 4588 485 4660 ἔφοδοντῆς
534 4586 944 4658 καταληπικῆς
983 4584 1246 4647 ἐπινοίας,
1276 4582 1376 4636 οὐκ
1410 4582 1577 4646 αὐτὰς
1608 4577 1746 4635 εἶναι

167 4678 269 4742 τὰς
296 4677 447 4742 θείας
473 4677 780 4748 πτέρυγας,
816 4675 952 4729 ἀλλὰ
996 4675 1097 4746 τὴν
1124 4673 1233 4727 τῶν
1277 4673 1434 4726 θείων
1462 4671 1746 4743 πτερύγων

170 4770 349 4824 σκιάν.
377 4768 606 4838 Μεγάλη
635 4768 690 4822 δὲ
740 4769 870 4839 ἡμῖν
917 4765 1056 4836 αὕτη
1086 4765 1231 4818 ἐστὶν
1274 4764 1308 4835 ἡ
1339 4763 1623 4835 εὐεργεσία
1654 4763 1747 4816 καὶ

169 4859 321 4913 σκιά.
373 4878 392 4910 ι
421 4859 777 4931 Κεκράξομαι
798 4876 816 4908 ι
861 4856 991 4928 γὰρ,
1032 4857 1216 4927 φησὶν,
1268 4875 1287 4906 ι
1315 4854 1451 4927 πρὸς
1476 4853 1566 4908 τὸν
1591 4853 1744 4917 Θεὸν,

165 4952 263 5005 τὸν
292 4949 538 5021 ὕψιστον,
578 4950 668 5003 τὸν
694 4949 826 5002 Θεὸν
870 4947 1307 5021 εὐεργετήσαντα
1341 4963 1428 5018 με,
1462 4964 1481 4998 ι
1523 4944 1612 4999 διὰ
1646 4942 1746 5014 τῆς

168 5043 330 5106 σκιᾶς
360 5040 585 5110 ταύτης,
616 5040 682 5111 ἥν
712 5038 772 5105 ἐξ
801 5038 969 5109 ὕψους
1001 5038 1314 5117 ἀπέστειλεν
1334 5037 1413 5108 τῷ
1440 5036 1591 5090 κάτω
1624 5034 1742 5105 βίῳ.

168 5134 416 5188 Ἔσωσέν
448 5151 519 5202 με
542 5132 630 5187 διὰ
659 5131 753 5187 τοῦ
773 5131 1189 5194 ἐπισκιάσαντος
1210 5130 1269 5184 ὲν
1294 5132 1360 5201 τῇ
1376 5128 1573 5199 νεφέλῃ
1594 5126 1747 5181 πνεύ-

169 5241 361 5295 ματος,
388 5224 632 5288 καὶτοὺς
664 5225 722 5277 ἐν
747 5225 868 5287 ταῖς
900 5221 1196 5293 προτέραις
1216 5220 1553 5291 ψαλμῳδίαις
1577 5234 1746 5273 κατα-

164 5314 541 5385 πατήσαντας,
558 5313 654 5367 νῦν
674 5315 754 5377 εἰς
778 5313 877 5384 τὴν
906 5313 1016 5367 τῶν
1036 5310 1443 5388 ὀνειδιζομένων
1471 5311 1746 5379 ἀντιπερι-

166 5405 371 5476 ήγαγεν
413 5405 586 5472 τάξιν.
630 5404 1075 5470 ιἙξαπέσ-τειλεν
1120 5402 1225 5475 γὰρ
1265 5404 1292 5455 ό
1325 5402 1459 5466 Θεὸς
1492 5401 1553 5455 τὸ
1600 5400 1745 5464 ἔλεος

252 5580 271 5613 ³⁵
301 5582 451 5640 Psal.
482 5598 673 5649 nxvr,
713 5581 800 5636 10.

455 5662 461 5669 ’
484 5675 754 5737 ΡΑτιιοι..
795 5672 911 5736 Gn.
960 5669 1177 5732 XLIV.

1850 4405 1905 4453 et
1936 4398 2091 4469 quasi
2121 4398 2454 4468 supervolet.
2510 4401 2577 4451 At
2619 4398 2790 4468 ﬁgura
2832 4399 3080 4469 qumdam
3132 4402 3415 4462 inenarra-

1850 4491 1989 4546 bilis'
2016 4491 2164 4546 illius
2211 4497 2451 4555 natura},
2501 4504 2597 4558 per
2640 4489 2981 4545 umbratilem
3026 4492 3287 4551 virtutum
3320 4496 3416 4554 de-

1850 4584 2202 4653 scriptionem
2261 4581 2476 4638 exsistit
2543 4582 2597 4635 in
2643 4580 2713 4636 iis
2760 4583 2853 4652 qui
2908 4585 3096 4641 oculos
3148 4587 3214 4642 ad
3266 4589 3412 4645 illam

1850 4682 2212 4738 convertunt,
2246 4682 2304 4728 ut
2357 4672 2583 4747 proinde
2629 4674 2809 4729 omnis
2865 4675 2955 4729 illa
3006 4679 3310 4747 sapientia,
3362 4695 3415 4737 ct

1851 4768 2115 4828 scientia,
2163 4775 2217 4823 ct
2254 4766 2434 4822 omnis
2474 4777 2765 4836 apparatus
2810 4769 2981 4837 partis
3020 4770 3174 4840 ejus,
3210 4789 3331 4843 qua:
3358 4776 3411 4830 in

1848 4857 2285 4929 apprehensinne
2317 4857 2600 4924 consistit,
2647 4856 2871 4913 minime
2914 4859 3024 4914 sint
3056 4860 3186 4931 ipsae
3220 4863 3413 4919 divinzr

1848 4947 1981 5013 alae,
2013 4946 2108 5002 sed
2145 4945 2695 5004 divinarum'alarum
2743 4947 2988 5017 quaedam
3038 4951 3250 5007 umbra.
3302 4953 3417 5007 Ma-

1846 5054 2011 5110 gnum
2042 5052 2173 5092 vero
2199 5037 2314 5092 haec
2342 5037 2461 5106 ipsa
2492 5039 2685 5094 umbra
2716 5039 3038 5095 beneﬁcium
3068 5050 3152 5097 est
3174 5082 3190 5108 ,
3224 5044 3411 5100 nobis-

1845 5142 1952 5196 que
1981 5140 2010 5178 a
2046 5123 2155 5191 Deo
2180 5126 2437 5180 collatum
2466 5145 2479 5181 :
2504 5143 2526 5179 ι
2545 5126 2822 5196 Clamabo,
2853 5148 2872 5182 ι
2897 5130 3091 5200 inquit,
3118 5131 3214 5186 cad
3243 5130 3352 5187 Deu
3380 5152 3409 5186 τι

1846 5217 2207 5283 altissimum,
2257 5214 2424 5270 Deum
2469 5217 2564 5287 qui
2605 5218 2871 5276 benefecit
2901 5221 3031 5276 mihi
3059 5237 3073 5285 ;
3106 5239 3126 5274 ι
3159 5236 3255 5292 per
3295 5240 3414 5279 um.

1845 5309 1995 5364 bram
2032 5307 2205 5375 hanc,
2234 5321 2397 5378 quam
2431 5323 2498 5363 ex
2534 5307 2645 5363 alto
2675 5308 2800 5365 huic
2831 5311 2955 5367 vitae
2985 5312 3208 5370 caducae
3239 5313 3414 5372 demi-

1820 5394 1940 5468 .sit,
1986 5395 2220 5454 servavit
2250 5402 2305 5453 et
2338 5394 2589 5453 liberavit
2624 5411 2711 5453 me
2738 5411 2903 5469 opera
2937 5401 3197 5471 spiritus,
3231 5403 3325 5472 qui
3358 5402 3410 5456 in

3104 5669 3175 5732 19
