3766 5986
351 201 455 257 587
1074 196 1077 201 ⁴
1614 180 1675 243 ἓξ
1713 188 2040 246 GREGORII
2075 188 2365 245 NYSSENI
3502 184 3619 237 588

354 315 498 373 nube
527 305 905 363 nmbraculum
933 303 1161 373 praebuit
1185 342 1200 365 ,
1227 309 1280 356 et
1312 315 1408 356 eos
1438 299 1531 369 qui
1563 315 1648 354 me
1676 300 1924 368 ευρρτίο,

2112 302 2191 356 τοῦ
2242 302 2335 357 καὶ
2381 299 2477 369 τὴν
2527 298 2783 367 ἀλήθειαν
2817 299 3017 363 αὐτοῦ,
3065 301 3159 353 καὶ
3205 301 3474 372 ἐρρύσατο
3509 304 3618 371 τὴν

354 405 502 457 ribus
546 398 773 468 psalmis
813 396 1200 451 conculcarant
1223 434 1237 455 ,
1270 392 1418 446 dedit
1452 391 1505 445 in
1537 391 1890 461 opprobrium
1911 430 1926 455 ,

2112 393 2211 462 χήν
2239 409 2337 462 μου
2381 393 2444 444 ἐκ
2497 394 2663 461 μέσου
2708 391 2984 461 σκύμνων.
3017 410 3036 442 ι
3085 392 3321 462 Σκύμνοι
3350 392 3406 445 δὲ
3437 393 3618 456 ὅντως

350 498 404 543 et
437 488 646 559 pudore
672 485 874 541 affecit.
905 505 923 535 ‹
955 484 1099 539 Misit
1136 485 1278 538 enim
1326 482 1467 537 Deus
1498 480 1927 537 misericordiam

2112 479 2291 553 ιῆσαν
2319 484 2374 536 αἱ
2433 482 2697 551 ἁμαρτίαι
2744 481 2805 534 τὸ
2856 482 3154 554 πρότερον,
3214 484 3330 552 ἦτοι
3375 483 3618 553 σκύμνοι

352 593 542 643 suam,
593 586 647 633 et
699 577 984 632 veritatem
1040 589 1227 636 suam,
1276 580 1330 627 et
1388 571 1644 626 liberavit
1694 573 1927 625 animam

2112 576 2277 637 ἱντων,
2323 573 2372 626 οἳ
2423 572 2498 643 τῷ
2531 572 2747 644 φοϐερῷ
2780 574 3041 644 χάσματι,
3086 575 3180 627 καὶ
3209 577 3329 638 ταῖς
3358 577 3466 629 τῶν
3494 575 3620 629 ὀνύ-

354 683 529 725 meam
581 669 647 723 de
697 666 877 722 medio
932 666 1255 719 catulorum.
1289 682 1306 714 ι
1338 661 1479 718 Vere
1511 663 1672 716 catuli
1712 660 1927 715 fuerunt

2112 685 2139 719 ν
2160 666 2364 737 ἀκμαῖς
2389 666 2859 733 κατεσπάρασσον.
2892 666 3032 718 Ἀλλ’
3052 662 3215 738 ἦλθον
3234 669 3282 721 οί
3308 668 3615 737 σύμμαχοι,

358 759 495 813 mihi
555 760 705 827 prius
757 763 1008 825 peccata,
1060 754 1144 808 vel
1193 753 1357 807 catuli
1411 752 1664 817 leonum,
1698 752 1792 822 qui
1846 766 1927 805 me

2112 734 2312 820 larices
2341 757 2434 810 καὶ
2458 759 2490 827 ή
2517 755 2763 827 ἀλήθεια,
2799 758 2832 827 ἠ
2865 756 3003 828 καλὴ
3033 734 3282 825 συζυγία.
3325 734 3466 812 Οὔτε
3500 734 3623 829 γὰρ

355 847 592 902 terriﬁco
628 845 722 900 illo
759 844 909 898 hiatu
945 850 999 897 et
1028 842 1292 913 unguium
1337 842 1685 896 acuminibus
1727 840 1927 895 dilace-

2112 865 2251 919 ριτος
2294 851 2322 901 ὁ
2356 847 2502 911 ἔλεος
2524 889 2538 911 ,
2578 845 2715 900 ὀὐτε
2751 846 2973 917 ἀνελεὴς
3010 849 3044 917 ἡ
3086 848 3331 918 ἀλήθεια.
3384 850 3497 903 Καὶ
3524 849 3617 902 διὰ

354 941 546 994 rabant
574 979 590 1004 ,
616 936 711 992 sed
758 944 1029 1008 venerunt
1073 933 1430 988 auxiliatores
1477 931 1849 987 misericordia
1878 940 1927 986 et

2112 937 2232 991 i'zwv
2267 937 2657 1008 ἐλευθεροῦμαι
2687 938 2789 1006 τῆς
2817 938 2954 1007 μετά
2984 937 3091 991 τῶν
3123 939 3374 1009 σκύμνων
3404 941 3620 995 τούτων

354 1031 578 1086 veritas.
621 1028 860 1083 Pulchra
906 1026 1264 1096 conjunctio;
1300 1040 1475 1094 neque
1507 1024 1651 1079 enim
1696 1025 1812 1079 sine
1846 1024 1927 1093 ju-

2112 1030 2321 1098 γωγῆς.
2363 1028 2442 1081 Τὰ
2466 1028 2522 1080 δὲ
2556 1028 2719 1097 θηρία
2745 1027 2937 1089 ταῦτα,
2964 1028 3149 1099 φησίν,
3191 1049 3210 1080 r
3256 1030 3362 1084 υίοὶ

353 1122 496 1177 dicio
523 1120 903 1185 misericordia
933 1127 1051 1179 est,
1098 1132 1274 1187 neque
1316 1117 1518 1171 veritas
1564 1116 1683 1172 sine
1719 1117 1927 1171 miseri-

2112 1138 2148 1172 iV
2175 1141 2193 1171 ι
2226 1120 2382 1182 είσὶν,
2436 1108 2512 1169 ὧν
2539 1131 2557 1164 ι
2592 1120 2641 1171 oi
2683 1118 2891 1181 ὀδόντες
2940 1119 3077 1172 ὅπλα
3114 1120 3206 1173 καὶ
3240 1120 3393 1192 βέλη,
3441 1122 3542 1175 καὶ
3575 1124 3619 1193 ἡ

354 1213 542 1269 cordia
568 1230 580 1266 :
619 1213 924 1281 harumque
953 1209 1199 1265 subsidio
1228 1207 1504 1262 liberabor
1535 1222 1565 1262 a
1598 1206 1852 1262 convictu
1878 1215 1927 1262 et

2112 1210 2248 1263 ὖσσα
2278 1210 2456 1264 αὐτῶν
2490 1210 2734 1281 μάχαιρα
2766 1209 2930 1275 ὀξεῖα.
2960 1229 2978 1260 ι
3019 1211 3132 1263 Οὐκ
3154 1205 3346 1281 οἷδενὴ
3376 1213 3475 1282 τῆς
3502 1213 3619 1282 φῦ.-

356 1304 758 1362 consuetudine
787 1303 1118 1358 catulorum.
1152 1301 1276 1355 Istae
1298 1300 1495 1355 bestiae
1524 1307 1684 1363 sunt,
1719 1299 1927 1368 inquit,

2112 1317 2167 1363 υς
2192 1298 2350 1368 ἡμῶν
2384 1298 2695 1368 κατασκευὴ
2744 1297 2811 1349 τὰ
2844 1297 3076 1367 αίσθητά
3126 1298 3259 1370 μέλη
3299 1299 3469 1353 ταῦτα
3497 1303 3619 1362 τοῖς

357 1419 374 1447 ι
403 1398 496 1451 lilii
528 1396 808 1451 hominum
833 1435 848 1460 ,
878 1414 896 1446 ι
923 1409 1155 1465 quorum
1178 1413 1195 1445 ι
1221 1392 1412 1448 dentes
1438 1405 1588 1444 arma
1617 1398 1671 1444 et
1699 1389 1927 1459 sagittae,

2112 1389 2387 1460 ὶρωπίνοις
2425 1390 2683 1459 στόμασιν
2722 1390 2843 1443 ἀντὶ
2886 1389 3114 1443 ὀδόντων
3144 1390 3458 1459 ἐγκείμενα,
3490 1391 3616 1445 ἀλλ’

351 1500 403 1542 et
436 1491 619 1560 lingua
646 1503 832 1543 eorum
860 1486 1073 1556 gladius
1098 1493 1312 1540 acutus.
1342 1504 1359 1535 ι
1380 1482 1498 1538 Νοη
1530 1483 1695 1537 habet
1724 1491 1927 1537 natura!

2130 1480 2194 1535 ἀν
2223 1500 2307 1545 τις
2339 1483 2577 1555 όμοιωθῇ
2606 1483 2741 1554 πρὸς
2778 1482 2839 1536 τὸ
2871 1481 3060 1546 πάθος,
3082 1482 3174 1535 καὶ
3203 1484 3616 1555 μεταμορφωθῇ

354 1591 557 1636 nostra:
601 1579 805 1634 fabrica
853 1578 979 1632 talia
1024 1576 1302 1639 membra,
1358 1575 1637 1629 hominum
1682 1574 1764 1627 ori
1813 1574 1927 1628 loco

2112 1572 2170 1637 ὸς
2204 1575 2302 1645 τὴν
2346 1575 2741 1645 ἐπικρατοῦσαν
2772 1574 2992 1637 κακίαν,
3032 1574 3302 1647 ἀπολέσας
3328 1576 3427 1647 τὴν
3464 1577 3621 1630 κατά

354 1672 598 1725 dentium
652 1669 858 1733 indita,
910 1667 1004 1723 sed
1058 1681 1181 1721 cum
1228 1666 1352 1737 quis
1396 1665 1593 1720 similis
1626 1665 1713 1730 lit,
1750 1665 1927 1733 quoad

2115 1682 2196 1719 σιν
2249 1668 2496 1737 μορφὴν,
2550 1667 2737 1739 θηρίον
2783 1667 3010 1735 γίνεται.
3053 1666 3151 1719 Διά
3192 1667 3349 1721 τοῦτο
3376 1668 3620 1721 λεόντων

354 1761 703 1823 allectiones,
747 1767 800 1814 et
844 1757 1266 1812 transformatus
1310 1754 1478 1810 fuerit
1519 1754 1573 1809 in
1622 1754 1922 1819 malitiam,

354 1854 632 1923 deperdita
675 1850 907 1905 naturali
954 1848 1166 1911 forma,
1222 1847 1394 1902 bestia
1432 1843 1663 1901 edicitur
1703 1861 1717 1897 :
1761 1845 1830 1899 ob
1871 1844 1927 1900 id

2036 1757 2289 1826 μνησθεὶς
2304 1758 2430 1820 τοὺς
2450 1760 2599 1821 υἱοὺς
2624 1757 2732 1811 τῶν
2754 1759 3053 1829 ἀνθρώπων
3070 1760 3371 1831 ὠνόμασεν,
3392 1751 3437 1828 ᾧ
3464 1760 3621 1814 ὀδόν-

2035 1864 2122 1910 τες
2151 1848 2245 1901 καὶ⁵
2274 1848 2514 1916 γλῶσσα,
2543 1849 2611 1902 τὰ
2637 1850 2729 1903 τοῦ
2760 1851 2996 1922 πολέμου
3011 1852 3246 1924 ’δργανα.

354 1947 626 2002 mentione
654 1944 868 1998 leonum
899 1940 1064 2006 facta,
1092 1940 1232 1994 ﬁlios
1260 1937 1539 1992 hominum
1576 1937 1856 2002 nominat,
1900 1938 2099 2008 quibus
2127 1940 2318 1996 dentes
2347 1949 2402 1995 et
2430 1941 2612 2012 lingua
2643 1950 2773 1998 sunt
2808 1943 2933 1998 belli
2967 1944 3353 1999 instrumenta.

422 2036 527 2102 Qui
563 2035 728 2105 igitur
754 2033 1082 2104 cogitatione
1113 2038 1324 2101 tantum
1361 2030 1684 2086 sublevatus
1713 2038 1817 2097 est,
1857 2039 1918 2086 ut

354 2128 457 2182 sub
507 2126 696 2181 umbra
754 2125 964 2178 alarum
1011 2124 1320 2193 divinarum
1372 2121 1615 2188 habitet,
1669 2133 1836 2193 utque
1888 2137 1919 2177 a

354 2230 499 2272 terra
535 2217 589 2270 in
631 2215 910 2271 caelestem
947 2223 1147 2269 sortem
1180 2223 1495 2270 assumatur
1541 2212 1696 2284 (dicit
1736 2214 1917 2268 enim:

359 2331 376 2362 ι
425 2309 571 2365 Misit
600 2308 667 2363 de
698 2306 859 2369 cmlo,
895 2311 950 2361 et
990 2304 1238 2359 liberavit
1270 2319 1355 2360 me
1392 2304 1525 2375 »),ἰε
1547 2314 1655 2359 non
1702 2303 1924 2374 respicit

354 2401 588 2471 amplius
625 2399 689 2453 ad
738 2406 984 2462 terrena,
1029 2396 1125 2451 sed
1164 2397 1213 2452 ei
1243 2412 1363 2466 quae
1404 2405 1487 2452 est
1526 2398 1582 2451 in
1610 2397 1925 2453 coelestibus

354 2495 537 2563 gloria:
558 2492 742 2548 studet
770 2532 783 2545 .
821 2509 840 2542 ι
864 2490 1171 2552 Ειοιιατθ,ι
1201 2488 1475 2557 inquiens,
1503 2508 1520 2541 ι
1553 2504 1716 2558 super
1736 2488 1924 2549 cwlos.

356 2586 518 2652 Deus,
554 2594 608 2640 et
643 2598 808 2654 super
850 2596 1067 2636 omnem
1099 2591 1297 2635 terram
1330 2580 1503 2650 gloria
1547 2587 1662 2645 tua;
1707 2599 1726 2631 ι
1771 2594 1930 2636 enar-

355 2690 593 2746 ransque
647 2673 891 2729 hostium
958 2671 1366 2741 impressiones,
1427 2670 1559 2741 ipsis
1609 2671 1724 2726 suis
1771 2671 1931 2727 malis

353 2782 451 2823 eos
480 2763 783 2835 circumagi
822 2762 976 2829 dicit,
1025 2770 1081 2817 et
1105 2761 1252 2816 velut
1298 2761 1355 2815 in
1390 2759 1599 2816 foveam
1633 2761 1927 2830 decidere;

357 2859 432 2912 ait
460 2871 733 2926 namque:
772 2873 791 2907 ι
826 2853 1102 2924 Laqueum
1142 2860 1473 2924 paraverunt
1503 2853 1731 2923 pedibus
1770 2857 1929 2922 meis,

2112 2032 2168 2085 Ὀ
2200 2028 2292 2087 οῦν
2326 2033 2577 2090 τοσοῦτον
2612 2036 2937 2108 ὑπεραρθεὶς
2969 2038 3067 2107 τὴν
3107 2038 3361 2101 διάνοιαν,
3394 2037 3471 2101 ὡς
3505 2036 3624 2091 ὐπὸ

2028 2124 2127 2194 τὴν
2159 2124 2315 2178 σκιὰν
2348 2125 2457 2180 τῶν
2486 2126 2644 2181 θείων
2681 2127 2966 2199 πτερύγιον
2991 2129 3330 2195 αὐλίζεσθαι,
3374 2133 3467 2184 καὶ
3502 2132 3625 2185 ἀπὸ

2026 2216 2128 2287 τῆς
2154 2216 2258 2283 γῆς
2274 2218 2353 2281 είς
2380 2217 2476 2289 τὴν
2503 2219 2752 2290 οὐράνιον
2771 2216 2920 2291 λῆξιν
2943 2221 3312 2293 ἀναληφθῆναι
3335 2222 3382 2288 (ι
3412 2222 3628 2288 Ἐξαπο

2034 2308 2273 2362 έστειλεν
2308 2328 2326 2361 ι
2387 2311 2528 2382 γὰρ,
2565 2312 2756 2382 φησὶν,
2815 2331 2833 2364 ι
2862 2311 2921 2376 ἐξ
2963 2311 3222 2393 οὐρανοῦ,
3268 2314 3362 2368 καὶ
3406 2312 3625 2368 ἔσωσεν

2036 2419 2100 2471 με
2143 2395 2405 2466 »),οὐκέτι
2442 2403 2576 2474 πρὸς
2616 2404 2683 2458 τὰ
2712 2405 2961 2477 περίγεια
2998 2406 3204 2473 Βλέπει,
3239 2404 3373 2465 ἀλλά
3409 2405 3509 2482 τὴν
3556 2408 3624 2459 ἐν

2033 2496 2143 2558 τοῖς
2165 2495 2506 2567 ἐπουρανίοις
2535 2496 2689 2563 δόξαν
2724 2499 3165 2570 περιεργάζεται,
3209 2517 3227 2551 ι
3260 2497 3555 2569 mortem,
3594 2519 3618 2551 ι

2029 2581 2255 2650 λέγων,‹
2275 2584 2368 2638 ἐπὶ
2392 2586 2516 2648 τοὺς
2547 2585 2828 2656 οὐρανοὺς,
2850 2590 2878 2641 ό
2897 2581 3047 2651 Θεὸς,
3066 2588 3158 2641 καὶ
3191 2589 3280 2641 ἐπὶ
3308 2590 3489 2642 πᾶσαν
3514 2589 3625 2657 τὴν

2029 2676 2132 2746 γῆν
2171 2678 2203 2746 ὴ
2230 2676 2356 2741 δόξα
2403 2694 2518 2730 σου.
2551 2697 2568 2728 ι
2619 2677 2729 2732 Καὶ
2756 2678 3112 2750 διηγούμενος
3142 2678 3239 2743 τὰς
3266 2679 3374 2732 τῶν
3401 2678 3625 2751 ἐχθρῶν

2031 2765 2356 2834 προσϐολὰς,
2386 2766 2613 2830 ἐκείνοις
2642 2768 2803 2835 φησὶν
2833 2768 3014 2831 αὐτοῖς
3042 2770 3154 2831 τοῖς
3180 2767 3387 2821 ἑαυτῶν
3419 2771 3626 2829 κακοῖς

2032 2856 2485 2929 περιστρέφεσθαι
2540 2861 2653 2921 τοῖς
2703 2857 2917 2929 βόθροις
2963 2859 3417 2922 καταπίπτοντας.
3471 2862 3627 2930 Φησὶ

356 2963 411 3006 et
442 2953 880 3006 incurvaverunt
915 2948 1152 3001 animam
1184 2962 1382 3013 meam,
1416 2945 1669 3004 foderunt
1698 2954 1822 3001 ante
1857 2947 1927 3000 fa-

2112 2964 2156 3018 ρ,
2180 2948 2260 3001 ὅτι
2284 2965 2302 2998 ι
2336 2947 2547 3016 Παγίδα
2573 2948 2873 3020 ἡτοίμασαν
2903 2951 3015 3012 τοῖς
3049 2950 3174 3003 ποσί
3201 2968 3321 3020 μου,
3357 2951 3450 3004 καὶ
3481 2968 3626 3004 κατ-

357 3042 497 3097 ciem
550 3055 723 3095 meam
760 3038 991 3103 foveam,
1037 3045 1091 3093 et
1127 3035 1440 3092 inciderunt
1484 3036 1539 3090 in
1579 3051 1723 3091 eam.
1757 3054 1776 3087 ›
1813 3034 1929 3105 lpse

356 3145 488 3186 vero
533 3146 593 3186 se
624 3138 871 3201 paratum
913 3130 989 3183 ait
1040 3127 1297 3183 laudibus
1344 3128 1657 3183 celebrandi
1689 3127 1930 3183 divinam

358 3222 608 3293 gloriam.
645 3221 819 3286 Quam
856 3220 1050 3288 beatus
1084 3220 1193 3283 ille,
1248 3219 1319 3274 ob
1365 3226 1573 3274 tantam
1602 3228 1810 3273 natura:
1847 3217 1931 3272 in-

359 3311 599 3380 genitam
636 3309 975 3374 felicitatem,
1006 3310 1093 3363 cui
1129 3323 1229 3364 cor
1258 3307 1326 3363 ad
1356 3307 1752 3363 decantandam
1792 3307 1932 3362 divi-

361 3416 484 3455 nam
518 3400 748 3471 gloriam
783 3409 1147 3471 praeparatum
1181 3408 1284 3463 est,
1320 3401 1591 3471 recipiens
1621 3399 1761 3453 intra
1792 3414 1851 3455 se
1877 3400 1929 3453 id

360 3494 505 3564 quod
551 3494 669 3565 capi
722 3493 931 3563 nequit.
980 3491 1301 3563 Expeditum
1355 3500 1533 3549 autem
1585 3498 1638 3546 et
1684 3498 1929 3560 paratum

359 3600 480 3641 sese
511 3585 810 3648 aﬂirmans,
846 3599 952 3639 non
988 3584 1169 3638 differt
1196 3584 1355 3638 odam
1382 3599 1475 3640 seu
1508 3584 1804 3646 canticum,
1835 3583 1929 3638 sed

360 3677 597 3731 animata
637 3677 728 3731 illa
774 3692 895 3746 quae
925 3675 1158 3731 habe‘bat
1196 3675 1560 3731 instrumenta
1593 3674 1659 3729 ad
1691 3675 1931 3730 celebra-

360 3769 524 3824 tionis
553 3751 913 3824 ministerium
951 3765 1205 3827 advocat,
1239 3785 1256 3817 ι
1287 3765 1553 3837 Exsurge,
1589 3785 1608 3816 ι
1655 3766 1929 3837 inquiens,

367 3880 384 3911 ι
416 3860 731 3929 psalterium
757 3871 811 3912 et
842 3859 1072 3925 cithara,
1105 3878 1125 3910 ι
1154 3856 1208 3911 id
1238 3858 1381 3927 quod
1406 3856 1640 3928 duplicis
1668 3857 1928 3921 hominis,

360 3946 481 4019 eius
510 3950 603 4019 qui
638 3948 876 4011 videtur,
903 3956 958 4002 et
982 3949 1075 4017 qui
1107 3950 1297 4004 oculos
1328 3948 1485 4019 fugit,
1516 3949 1856 4008 harmoniam
1880 3958 1934 4005 et

363 4047 690 4094 concentum
732 4038 949 4093 divinas
995 4038 1252 4095 efferendi
1294 4041 1504 4107 laudes,
1554 4041 1779 4106 indicat,
1813 4042 1933 4098 obe-

364 4132 630 4201 diuntque
656 4129 873 4184 vocanti
920 4143 1142 4201 organa.
1175 4127 1411 4200 Tempus
1444 4146 1573 4186 vero
1618 4131 1931 4201 huiusmodi

365 4221 603 4277 musices
641 4219 942 4275 diluculum
982 4227 1103 4284 est;
1134 4233 1311 4289 neque
1337 4221 1479 4275 enim
1516 4220 1603 4275 his
1649 4221 1740 4290 qui
1767 4237 1929 4292 opera

2032 3039 2283 3109 ἔκαμψαν
2314 3038 2412 3110 τὴν
2430 3039 2608 3110 ψυχήν
2641 3057 2764 3110 μου.
2792 3039 3029 3111 Ὠρυξαν
3048 3042 3154 3112 πρὸ
3180 3041 3473 3114 προσώπου
3508 3060 3622 3113 μου

2033 3126 2242 3198 βόθρον,
2267 3127 2360 3183 καὶ
2386 3128 2641 3183 ἐνέπεσον
2669 3131 2750 3192 είς
2780 3130 2959 3185 αὐτόν.
2988 3151 3006 3182 ι
3035 3132 3205 3196 Αὐτὸς
3233 3131 3289 3185 δὲ
3316 3134 3373 3186 ὲν
3406 3134 3624 3206 ἑτοίμῳ

2031 3214 2169 3273 εἶναί
2196 3236 2358 3291 φησιν
2390 3218 2483 3273 τοῦ
2516 3221 2616 3292 τὴν
2649 3220 2796 3274 θείαν
2825 3221 2979 3286 δόξαν
3003 3222 3068 3275 δι’
3096 3223 3375 3295 εὐφημίας
3399 3226 3621 3295 ὑμνεῖν.

2043 3308 2128 3372 Ὠς
2152 3310 2417 3379 μακάριος
2448 3311 2547 3380 τῆς
2574 3310 2840 3383 τοσαύτης
2873 3315 3239 3384 μεγαλοφυΐας
3279 3317 3507 3380 ἐκεῖνος,
3553 3312 3625 3372 οὗ

2029 3403 2062 3472 ἡ
2098 3401 2293 3469 καρδία
2326 3400 2462 3472 πρὸς
2486 3402 2762 3473 εὐφημίαν
2782 3403 2879 3474 τῆς
2908 3403 3057 3467 θείας
3080 3404 3241 3475 δόξης
3263 3405 3623 3477 ἡτοίμασται,

2031 3490 2286 3562 χωροῦσα
2315 3492 2372 3544 ἐν
2414 3492 2578 3563 ἐαυτῇ
2607 3495 2667 3547 τὸ
2706 3493 2992 3565 ἀχὼρητον
3013 3509 3032 3526 ο
3066 3496 3337 3567 εὐτρεπής
3375 3513 3434 3549 τε
3471 3494 3624 3550 εἶναι

2030 3583 2203 3651 λέγων
2248 3586 2341 3638 καὶ
2391 3583 2627 3656 ἕτοιμος,
2672 3585 2766 3638 καὶ
2796 3586 2894 3639 οὐκ
2927 3586 3287 3640 ἀναϐάλλεται
3316 3586 3415 3658 τὴν
3441 3587 3619 3659 ᾠδὴν,

2032 3675 2166 3730 ἀλλὰ
2201 3677 2587 3747 προσκαλεῖται
2626 3676 2693 3730 τά
2725 3677 2908 3741 ζῶντα
2936 3677 3099 3732 αὐτοῦ
3125 3679 3331 3749 ὄργανα
3352 3679 3621 3750 ὀνομαστὶ

2033 3765 2166 3837 πρὸς
2187 3766 2284 3836 τὴν
2319 3768 2418 3837 τῆς
2449 3765 2720 3836 ὑμνῳδίας
2745 3766 3047 3837 ὑπηρεσίαν
3080 3766 3280 3833 καλῶν,
3307 3785 3326 3820 ι
3357 3766 3621 3840 Ἐξεγέρ-

2030 3856 2175 3927 θητι,
2216 3876 2234 3909 ι
2265 3856 2454 3925 λέγων,
2490 3875 2511 3907 ι
2540 3856 2834 3927 ψαλτήριον
2876 3857 2969 3910 καὶ
2994 3857 3212 3931 κιθάρα.
3243 3877 3262 3910 ι
3307 3857 3488 3928 Ὅπερ
3515 3858 3619 3912 τοῦ

2034 3946 2220 4001 διπλοῦ
2243 3945 2530 4017 ἀνθρώπου
2555 3945 2647 3999 τοῦ
2668 3944 2990 4016 φαινομένου
3010 3964 3069 3999 τε
3092 3947 3185 3999 καὶ
3205 3947 3615 4018 κεκρυμμένου,

2031 4037 2130 4107 τὴν
2159 4037 2478 4108 ἐναρμόνιον
2518 4036 2782 4107 συνῳδίαν
2815 4036 2950 4108 πρὸς
2995 4037 3093 4106 τὴν
3126 4037 3274 4090 θείαν
3302 4037 3620 4106 δοξολογίαν

2035 4128 2386 4193 ἐνδείκνυται,
2439 4128 2533 4181 καὶ
2575 4128 2837 4183 ὑπακούει
2881 4128 2959 4199 τῷ
2987 4128 3238 4182 καλοῦντι
3286 4128 3354 4183 τά
3382 4129 3613 4201 ὄργανα.

2048 4219 2107 4273 Ὀ
2144 4219 2200 4272 δὲ
2246 4219 2435 4290 καιρὸς
2468 4219 2568 4290 τῆς
2598 4218 2852 4291 τοιαύτης
2900 4221 3162 4292 μουσικῆς
3199 4220 3392 4292 ὄρθρος
3442 4222 3616 4275 ἐστίν.

365 4315 713 4369 tenebrarum
762 4328 871 4370 non
899 4313 1188 4384 abjiciunt,
1217 4313 1388 4385 gloria
1416 4311 1508 4368 Dei
1536 4291 1927 4371 exsuscitatur.

2115 4308 2172 4361 δέ
2200 4308 2308 4381 γὰρ
2338 4308 2445 4362 τῶν
2498 4309 2573 4380 μὴ
2601 4291 2950 4381 ἀποθεμένων
2994 4311 3063 4365 τὰ
3095 4291 3240 4382 ἔργα
3270 4291 3360 4365 τοῦ
3392 4312 3621 4374 σκότους

372 4424 390 4453 ι
433 4403 737 4475 Exsurgam
776 4424 795 4457 ι
852 4405 1019 4476 igitur
1070 4421 1089 4455 ι
1125 4404 1388 4471 diluculo,
1437 4425 1456 4458 ι
1487 4405 1684 4460 clamat
1732 4407 1932 4476 psalte-

367 4496 508 4548 rium
540 4502 595 4548 et
625 4494 835 4548 cithara
876 4495 942 4550 ad
975 4503 1284 4558 vocantem,
1333 4496 1522 4565 sicque
1562 4496 1848 4566 pollicetur
1873 4513 1932 4553 se

370 4583 480 4637 Deo
514 4582 810 4652 gratiarum
844 4582 1110 4638 actionem
1138 4584 1565 4654 persoluturum,
1609 4600 1770 4654 quam
1800 4601 1933 4640 cou-

368 4674 659 4730 fcssionem
700 4674 945 4728 nominat
972 4677 1297 4744 completam
1342 4674 1395 4728 in
1428 4675 1644 4744 populis
1677 4682 1730 4731 et
1761 4677 1934 4746 genti-

369 4767 491 4820 bus.
520 4764 788 4820 Dividitur
810 4767 954 4821 enim
977 4766 1132 4837 juxta
1161 4767 1271 4821 duo
1306 4767 1419 4821 haec
1458 4767 1677 4821 nomina
1711 4768 1934 4838 aequali-

368 4864 451 4910 ter
481 4856 653 4925 gratia
709 4854 830 4909 ﬁdei
870 4856 937 4911 ad
984 4856 1214 4926 populos
1264 4864 1318 4911 et
1357 4864 1568 4927 gentes.
1618 4855 1737 4913 Non
1787 4859 1932 4913 enim

366 4944 677 5003 Judaeorum
711 4947 887 5001 solum
926 4946 1086 5011 Deus.
1125 4946 1217 5001 sed
1250 4953 1304 5001 et
1342 4950 1606 5016 gentium,
1631 4963 1755 5002 cum
1792 4964 1933 5004 unus

369 5036 440 5090 sit
478 5055 497 5088 ‹
546 5037 710 5098 Dens.
755 5036 847 5107 qui
870 5035 1143 5104 justiﬁcat
1180 5037 1654 5094 circumcisionem
1700 5054 1764 5095 ex
1806 5038 1932 5101 ﬁde.

369 5130 694 5199 praeputium
725 5143 823 5198 per
860 5128 1019 5184 ﬁdem
1049 5130 1091 5184 '.
1136 5148 1154 5182 ›
1205 5128 1498 5200 Propterea
1540 5131 1695 5201 quasi
1728 5131 1934 5201 duplici

370 5221 519 5274 fonte
562 5219 758 5276 divinae
801 5218 1199 5277 benedictionis
1231 5236 1396 5291 super
1434 5227 1698 5291 utrosque
1738 5220 1932 5283 effuso,

370 5320 425 5365 et
449 5320 602 5378 parte
649 5311 869 5381 quidem
912 5312 966 5366 in
1016 5313 1237 5381 populo,
1282 5324 1432 5384 parte
1481 5328 1613 5369 vero
1656 5313 1709 5366 in
1745 5319 1935 5383 gentes

371 5397 590 5462 diﬂ‘usa,
626 5415 723 5468 pro
749 5407 979 5469 utraque
1007 5403 1353 5473 propheticus
1380 5420 1566 5461 sermo
1588 5404 1795 5476 gratias
1826 5404 1936 5474 agit

451 5572 472 5605 ⁵
508 5568 666 5625 Rom.
702 5587 783 5635 tu,
826 5573 914 5629 30.

2039 4401 2072 4470 ἡ
2100 4399 2226 4465 δόξα
2252 4398 2345 4452 τοῦ
2373 4399 2506 4452 Θεοῦ
2536 4400 2881 4472 διεγείρεται.
2906 4420 2925 4452 r
2968 4400 3256 4472 Ἐξεγερθή
3268 4418 3428 4472 σομαι
3467 4421 3486 4453 ι
3524 4399 3620 4456 οὖν

2046 4510 2062 4541 ι
2076 4493 2132 4544 ἐν
2162 4490 2239 4561 τῷ
2257 4490 2461 4563 ὄρθρῳ,
2486 4510 2503 4542 ι
2531 4492 2663 4562 φησὶ
2699 4492 2836 4564 πρὸς
2855 4492 2945 4545 τὸν
2960 4492 3230 4546 καλοῦντα
3244 4492 3305 4545 τὸ
3315 4492 3621 4564 ψαλτήριόν

2038 4600 2098 4635 τε
2116 4582 2211 4636 καὶ
2238 4585 2270 4652 ή
2309 4582 2531 4655 κιθάρα.
2560 4584 2670 4636 Καὶ
2692 4582 2864 4647 οὕτως
2894 4584 3284 4653 ἐπαγγέλλεται
3307 4584 3623 4656 πληρώσειν

2039 4671 2116 4742 τῷ
2143 4671 2262 4741 Θεῷ
2290 4671 2389 4743 τὴν
2411 4672 2782 4744 εὐχαριστίαν,
2830 4674 2896 4744 ἢν
2931 4674 3318 4746 ἐξομολόγησιν
3357 4673 3528 4743 λέγει,
3559 4677 3623 4730 ἐν

2040 4763 2184 4826 λαοῖς
2220 4763 2601 4834 πληρουμένην
2636 4763 2731 4818 καὶ
2767 4763 2963 4819 ἔθνεσι.
3005 4765 3302 4837 Μερίζεται
3340 4764 3450 4834 γὰρ
3478 4764 3626 4835 πρὸς

1986 4830 2013 4861 ί
2038 4855 2106 4909 τὰ
2133 4854 2225 4908 δύο
2249 4830 2698 4926 ταῦτανόνόματα
2728 4856 2875 4910 κατά
2908 4856 2968 4909 τδ
3001 4830 3115 4909 ἴσον
3144 4857 3178 4927 ἠ
3207 4830 3366 4926 χάρις
3383 4830 3484 4923 τῆς
3524 4830 3624 4907 ἐπι-

2041 4963 2227 5009 στεως,
2255 4945 2392 5015 πρός
2421 4961 2479 4997 τε
2514 4945 2637 5009 τούς
2665 4945 2825 5009 λαοὺς
2850 4945 3036 5002 καὶτὰ
3070 4946 3217 5015 ἔθνη.
3243 4945 3318 4999 Οὐ
3339 4944 3449 5016 γὰρ
3481 4945 3625 4997 Ἰου-

2006 5079 2015 5087 .
2039 5034 2201 5088 δαίων
2224 5035 2252 5087 ό
2278 5033 2409 5095 Θεὸς
2438 5033 2615 5104 μόνον,
2651 5033 2786 5088 ἀλλά
2810 5033 2914 5087 καὶ
2944 5033 3131 5087 ἐθνῶν.
3175 5018 3561 5103 Ἐπείπερέἷςι
3584 5024 3618 5073 ὁ

2040 5125 2169 5188 Θεὸς
2190 5164 2205 5189 ,
2250 5124 2308 5189 ὃς
2344 5124 2621 5180 δικαιώσει
2666 5126 2967 5198 περιτομὴν
2999 5126 3064 5178 ἐκ
3093 5125 3348 5188 πίστεως,
3379 5123 3624 5195 ἀκροϐυ-

2044 5216 2196 5282 στίαν
2223 5216 2310 5270 διὰ
2348 5216 2452 5287 τῆς
2498 5217 2905 5282 πίστεως.ιΔιά
2946 5217 3104 5270 τοῦτο
3146 5218 3399 5289 καθάπερ
3426 5215 3623 5271 διπλοῦ

2041 5329 2181 5375 τινος
2208 5311 2476 5384 ῥεύματος
2497 5312 2595 5382 τῆς
2620 5311 2770 5375 θείας
2790 5309 3035 5379 εὐλογίας
3055 5309 3142 5363 ἐπ’
3155 5311 3324 5381 ἄμφω
3338 5308 3624 5380 χυθείσης,

2045 5400 2120 5471 πῆ
2160 5401 2258 5470 μὲν
2307 5401 2399 5455 ἐπὶ
2430 5402 2555 5465 τοὺς
2582 5401 2763 5466 λαοὺς,
2798 5402 2873 5471 πῆ
2912 5401 2967 5454 δὲ
3004 5401 3140 5470 πρὸς
3169 5401 3238 5455 τὰ
3265 5400 3392 5472 ἔθνη
3415 5398 3620 5477 διαιρε·
