3766 5986
196 234 301 289 589

1612 228 1682 287 IN
1714 228 2054 289 PSALMOS.

3358 234 3462 305 τοο

197 350 403 422 θείσης,
439 350 579 423 ὑπὲρ
611 351 938 424 ἀμφοτέρων
964 353 997 425 ἡ
1037 352 1341 426 προφητεία
1370 351 1447 424 τῷ
1479 351 1598 424 Θεῷ
1620 368 1684 425 πε

1973 366 2015 418 a,
2065 349 2192 422 quia
2240 355 2466 420 peccata
2497 348 2550 402 in
2602 347 2876 403 inﬁnitum
2930 348 3183 414 adaucta,
3237 361 3460 423 superat

193 441 317 509 άγει
350 441 449 512 τὴν
492 441 865 512 εὐχαριστίαν,
886 444 968 497 ὅτι
997 443 1098 514 τῆς
1137 443 1409 515 ἁμαρτίας
1451 444 1531 506 είς
1552 443 1779 515 ἄπειρον

194 534 545 606 αὐξηθείσης,
567 535 835 612 ,ὑπερέχει
859 537 916 589 ἐν
952 533 1031 607 τῷ
1074 534 1187 607 ίδίῳ
1219 534 1436 607 μεγέθει
1466 537 1496 589 ὁ
1522 532 1618 589 τοῦ
1639 533 1776 589 Θεοῦ

192 627 363 690 ἕλεος,
398 627 492 680 καὶ
528 621 694 680 αὐτού
733 627 826 682 τοῦ
861 627 1108 699 οὐρανίου
1142 624 1309 697 ὕψους
1339 626 1596 699 ὑπεράνω
1626 625 1779 696 γενό-

194 734 376 788 μενος.
435 737 452 768 t
476 718 633 787 Μέγα
657 738 675 771 t
710 719 841 792 γάρ,
878 720 1061 791 φησὶν,
1109 739 1128 773 t
1170 720 1354 773 ἐπάνω
1390 720 1496 773 τῶν
1531 718 1776 790 οὐρανῶν

187 812 250 864 τὸ
277 811 427 875 ἔλεός
457 828 570 865 σου.
594 828 613 863 ι
658 812 737 865 Τὰ
762 811 982 883 ῥήματα
1016 812 1118 884 τῆς
1159 811 1301 884 ὑπὲρ
1329 811 1533 865 τούτων
1569 808 1779 877 δοξολο-

186 903 315 972 γίας
335 898 491 974 οἶμαι
512 903 611 967 τὰς
631 905 944 969 τελευταίας
961 900 1097 958 εἶναι
1117 906 1216 976 τῆς
1233 903 1554 975 ψαλμῳδίας
1571 901 1777 967 φωνὰς,

188 994 247 1045 ὲν
280 989 366 1057 οἷς
398 1010 562 1063 φησιν
581 1011 594 1025 ⁸
648 1015 667 1046 t
701 994 979 1067 ’Υψώθητι
1010 996 1102 1049 ἐπὶ
1126 998 1251 1059 τοὺς
1280 995 1604 1066 οὐρανοὺς,ό
1622 992 1776 1059 Θεὸς,

187 1084 282 1138 καὶ
311 1086 406 1139 ἐπὶ
445 1088 625 1141 πᾶσαν
644 1087 742 1159 τὴν
768 1088 925 1159 γῆνή
953 1088 1080 1154 δόξα
1110 1105 1225 1142 σου.
1254 1106 1273 1140 ι
1303 1088 1468 1141 Ὅσον
1491 1084 1601 1157 γὰρ
1626 1085 1778 1138 πλεο-

185 1178 341 1243 νάζει
372 1179 514 1234 κατὰ
538 1180 643 1250 γῆν
668 1182 702 1251 ὴ
732 1179 827 1233 τοῦ
851 1179 987 1233 Θεοῦ
1008 1179 1283 1248 δοξολογία
1310 1180 1344 1249 ἡ
1371 1178 1459 1232 διὰ
1478 1175 1588 1230 τῶν
1615 1174 1777 1239 σωζο-

189 1269 371 1338 μένων
389 1272 455 1323 ὲκ
473 1270 710 1334 πίστεως
726 1275 865 1325 ὲπαυ
874 1270 1094 1342 ξομένη,
1108 1268 1361 1324 τοσοῦτον
1378 1269 1435 1324 αἱ
1453 1267 1776 1338 ὐποκόσμιόι

186 1362 449 1432 δυνάμεις
502 1364 596 1416 ἐπὶ
631 1365 697 1434 τῇ
745 1362 991 1434 σωτηρίᾳ
1026 1363 1187 1433 ἡμῶν
1220 1360 1649 1432 ἀγαλλιώμεναι,
1684 1357 1777 1411 τὸν

184 1452 323 1505 Θεὸν
352 1454 652 1523 ἀνυρνοῦσί
680 1471 738 1507 τε
760 1453 852 1507 καὶ
875 1453 1270 1523 δοξολογοῦσιν,
1289 1445 1469 1516 καθῶς
1495 1466 1659 1521 φησιν
1684 1447 1778 1501 ἐπὶ

1882 449 2063 497 tamen
2105 441 2325 513 propria
2372 454 2473 495 sua
2514 438 2888 509 magnitudine
2929 438 3116 495 divina
3151 442 3463 499 misericor-

1882 533 1991 598 dia,
2008 533 2127 603 ipsa
2151 534 2315 589 etiam
2336 531 2544 589 caelesti
2573 529 2862 586 altitudine
2881 530 3044 587 altior
3061 529 3274 601 effecta;
3294 536 3465 591 verba

1882 631 2065 677 autem
2117 621 2452 678 laudationis
2481 635 2582 693 pro
2614 620 2702 676 his
2745 620 3028 684 institutae,
3063 620 3302 677 arbitror
3327 622 3463 677 ulti-

1882 730 2001 771 mas
2026 730 2151 770 esse
2177 719 2344 770 voces
2371 713 2591 784 psalmi,
2636 726 2760 767 cum
2792 711 2869 766 ait
2905 728 2918 767 :
2954 730 2974 763 ι
3011 710 3269 767 Exaltare
3294 726 3461 783 super

1881 806 2071 874 caelos,
2103 803 2270 872 Deus,
2299 812 2353 860 et
2381 818 2547 875 super
2582 818 2798 859 omnem
2831 810 3035 858 terram
3074 802 3248 874 gloria
3280 811 3393 859 tua.
3434 823 3455 857 ι

1879 897 2154 965 Quantum
2197 899 2344 953 enim
2377 898 2431 951 in
2479 896 2641 953 terris
2689 894 2932 951 abundat
2978 894 3073 949 Dei
3108 895 3456 967 glorificatio,

1879 997 2090 1045 tantum
2123 990 2355 1044 virtutes
2389 989 2497 1044 illa
2540 1003 2706 1058 supra
2748 986 3014 1041 mundum
3055 997 3258 1043 evectte
3294 1003 3461 1059 super

1879 1082 2055 1137 salute
2111 1088 2303 1137 nostra
2351 1082 2712 1145 exsultantes,
2745 1077 2914 1135 Deum
2941 1080 3352 1145 concelebrant,
3402 1089 3462 1138 et

1880 1172 2213 1245 gloriﬁcant,
2243 1180 2408 1244 prout
2440 1173 2506 1228 ad
2536 1182 2786 1244 pastores
2820 1171 2957 1228 dicit
2979 1170 3220 1227 caelestis
3249 1174 3489 1241 exerci-v

1882 1273 1991 1328 tus,
2022 1263 2265 1335 quando
2299 1264 2478 1335 angeli
2509 1264 2765 1320 viderunt
2795 1278 3009 1335 pacem,
3045 1278 3169 1336 quae
3203 1265 3333 1320 vitae
3359 1281 3463 1322 no-

1882 1363 2010 1410 stra:
2040 1354 2095 1408 in
2126 1353 2443 1410 hominibus
2486 1356 2644 1410 bona:
2675 1355 2978 1411 voluntatis
3011 1355 3212 1422 illuxit,
3259 1356 3464 1413 decan-

1885 1450 2186 1516 taruntque
2212 1463 2224 1499 :
2262 1463 2280 1496 ι
2320 1445 2505 1499 Gloria
2534 1445 2588 1499 in
2614 1448 2851 1503 excelsis
2874 1446 2984 1504 Deo
3004 1448 3049 1504 ⁸.
3088 1467 3110 1502 ι

182 1544 296 1599 τῶν
340 1545 613 1615 ποιμένων
654 1548 687 1615 ἡ
721 1546 1040 1616 ἐπουράνιος
1075 1544 1322 1616 στρατιὰ,
1353 1544 1443 1598 ὅτε
1477 1544 1583 1598 ἴδον
1614 1541 1662 1594 οί
1704 1536 1924 1608 ἄγγελοι
1967 1536 2060 1590 ἐπὶ
2097 1536 2200 1608 γῆς
2231 1535 2329 1607 τὴν
2370 1538 2596 1609 εἰρήνην
2626 1538 2727 1608 τὴν
2757 1537 2898 1611 ὑπὲρ
2934 1539 3037 1611 τῆς
3067 1540 3126 1594 ἐν
3151 1538 3463 1614 ἀνθρώποις

182 1637 434 1701 εὐδοκίας
460 1636 540 1707 τῷ
569 1637 669 1708 βίῳ
692 1637 849 1708 ἡμῶν
880 1639 1256 1708 ἐπιφανεῖσαν,
1285 1638 1367 1690 ὅτι
1402 1658 1419 1690 ι
1445 1636 1585 1703 Δόξα
1616 1637 1673 1687 ὲν
1689 1629 1935 1702 ὑψίστοις
1959 1628 2097 1700 Θεῷ.
2134 1645 2154 1683 t

704 1732 1105 1785 ΚΕΦΔΛΛῘΟΝ
1150 1733 1251 1785 1Ε’.
1298 1781 1322 1796 κ
1805 1728 1848 1785 Β

1805 1728 1848 1785 Β
2474 1720 2704 1778 CAPUT
2742 1721 2857 1779 XV.

256 1821 464 1874 Τούτου
486 1821 543 1875 δὲ
567 1820 660 1874 τοῦ
686 1821 853 1892 ὕψους
876 1822 974 1894 τῆς
995 1822 1314 1894 ψαλμῳδίας
1342 1824 1375 1894 ἡ
1404 1819 1743 1893 ὐπερκειμέν·

1974 1807 2125 1878 lujus
2158 1824 2288 1865 vero
2326 1810 2541 1881 psalmi,
2579 1812 2671 1881 qui
2721 1812 2993 1886 sequitur,
3032 1814 3304 1873 celsitudo
3335 1825 3461 1874 tan-

176 1913 406 1986 διαδοχὴ
436 1913 687 1967 τοσοῦτον
719 1914 813 1967 ἐπὶ
834 1914 893 1967 τὸ
915 1914 1328 1985 μεγαλειότερον
1351 1912 1620 1984 διαφέρει,
1649 1912 1663 1965 ἱ

1971 1917 1992 1955 a
2034 1901 2443 1973 magniﬁcentia
2491 1903 2731 1973 priorem
2782 1913 3024 1975 superat,
3081 1916 3349 1978 quantum
3389 1925 3458 1965 ex

176 2005 245 2070 ἐξ
269 2005 454 2059 αὐτῶν
490 2003 608 2056 ἔστι
637 2003 745 2056 τῶν
773 2004 1173 2075 γεγραμμένων
1204 2004 1417 2075 μαθεῖν.
1445 2003 1558 2057 Καὶ
1583 2000 1663 2057 ὥσ

1972 1991 2013 2048 is
2037 2009 2160 2063 quae
2177 1995 2499 2050 scribuntur
2526 1995 2710 2050 verbis
2730 1996 2990 2068 colligere
3018 1997 3168 2068 licet,
3190 2007 3246 2056 et
3274 2016 3459 2072 quem-

174 2098 245 2148 ὲν
276 2097 396 2158 τοῖς
427 2092 716 2166 δρομεῦσιν
737 2096 765 2147 ὁ
786 2094 877 2148 τὸν
906 2095 1135 2166 νικητὴν
1156 2095 1264 2149 τῶν
1290 2092 1462 2149 ἄλλων
1492 2094 1773 2167 παραδρα-

179 2185 328 2258 μὼν,
364 2187 588 2257 μείζονα
617 2185 713 2241 τοῦ
747 2186 1013 2259 προτέρου
1043 2187 1143 2259 τὴν
1170 2185 1327 2251 δόξαν
1349 2187 1519 2258 Ιἤρατο
1538 2225 1552 2251 ,
1585 2185 1771 2258 κρείτ-

173 2296 292 2333 των
354 2276 682 2349 ὲπιδειχθεὶς
706 2280 799 2332 τοῦ
844 2280 1268 2351 προτρέχοντος·
1321 2279 1496 2344 οὕτως
1534 2279 1708 2334 ἔοικεν
1732 2280 1767 2351 η

176 2371 390 2443 ἑϐδόμη
418 2384 477 2425 τε
518 2372 614 2425 καὶ
646 2373 988 2444 πεντηκοστὴ
1013 2370 1304 2443 cumpca:
1326 2412 1340 2437 ,
1374 2372 1616 2444 μεγάλης
1646 2373 1769 2426 ἑπι-

173 2456 492 2532 δειχθείσης
530 2462 650 2515 κατ’
683 2460 888 2515 ἔννοιαν
938 2461 1038 2532 τῆς
1067 2460 1537 2533 προδιηνυσμένης
1565 2503 1578 2527 ,
1613 2461 1769 2532 νικᾷν

174 2555 353 2625 αὐτὴν
379 2556 446 2625 τῇ
477 2554 820 2625 μεγαλοφυῖᾳ
866 2556 977 2618 τοῖς
1020 2553 1171 2618 ίδίοις
1217 2554 1517 2625 νοήμασιν·
1553 2552 1628 2618 ὡς
1657 2553 1769 2627 γάρ

173 2647 369 2717 ἐκείνη
398 2649 540 2701 κατά
573 2646 682 2700 τῶν
729 2647 905 2701 ἄλλων
955 2642 1067 2719 εἶχε
1115 2646 1184 2701 τὰ
1235 2651 1526 2718 νικητήρια
1552 2690 1566 2714 ,
1595 2645 1770 2713 οὕτως

173 2738 325 2808 αὕτη
344 2738 445 2808 τῆς
477 2739 853 2809 ὑπερεχούσης
873 2738 982 2791 τῶν
1008 2737 1184 2793 ἀλλων
1214 2737 1275 2791 τὸ
1303 2738 1463 2793 πλέον
1494 2738 1606 2810 ἔχει
1630 2755 1644 2771 ο
1671 2739 1766 2793 καὶ

170 2826 357 2899 ταύτῃ
380 2827 484 2897 γάρ
509 2829 778 2898 μαρτυρεῖ
805 2826 901 2897 τὴν
923 2828 1080 2899 νίκην
1112 2829 1145 2900 ἡ
1169 2847 1186 2879 t
1206 2828 1301 2891 Είς
1324 2828 1385 2880 τὸ
1414 2826 1566 2891 τέλος
1586 2846 1604 2878 ι
1642 2828 1765 2881 ἐπι-

172 2920 396 2990 γραφή.
440 2918 579 2971 Ἀλλ’
606 2918 751 2973 ἔοικε
789 2919 864 2990 μὴ
894 2917 1144 2979 τοσοῦτον
1178 2920 1277 2991 τὴν
1309 2919 1418 2973 τῶν
1456 2911 1765 2974 ἀντίπάλων

171 3005 373 3081 ἧτταν,
409 3008 545 3063 ἀλλά
577 3006 668 3063 τὸν
688 3012 745 3063 ὲν
773 3012 884 3074 τοῖς
912 3011 1137 3079 ἀγαθοῖς
1157 3010 1494 3082 πλεονασμὸν
1522 3013 1615 3065 ἐπὶ
1641 3010 1766 3066 ταύ-

168 3118 279 3173 της
307 3102 406 3171 τῆς
440 3101 597 3173 νίκης
626 3103 654 3154 ό
679 3101 836 3170 λόγος
877 3100 1360 3173 διαμαρτύρεσθαι.
1400 3102 1551 3171 Ἔχει
1582 3101 1639 3155 δὲ
1662 3102 1763 3172 τῆς

170 3189 494 3260 ἐπιγραφῆς
522 3189 694 3254 οὕτως
716 3190 750 3261 ἡ
774 3190 919 3257 λέξις
940 3203 954 3221 ⁵
985 3209 1003 3242 t
1032 3188 1128 3255 Είς
1150 3192 1211 3244 τὸ
1231 3192 1408 3258 τέλος,
1440 3191 1514 3264 μὴ
1529 3190 1764 3263 διαφθεί-

173 3296 301 3354 ρῃς,
319 3280 397 3352 τῷ
424 3276 587 3334 Δαδὶδ
614 3282 695 3344 εἰς
713 3280 1140 3353 στηλογραφίαν.
1173 3299 1192 3334 ι
1226 3281 1464 3346 Ποσάκις
1484 3282 1627 3353 ὁτῆς
1657 3298 1764 3353 μα-

170 3373 485 3445 κροθυμίας
504 3373 814 3445 ἀγωνιστὴς
839 3374 933 3427 ἐπὶ
956 3373 1034 3444 τῷ
1057 3373 1305 3445 στεφάνῳ
1330 3373 1428 3445 τῆς
1456 3373 1612 3444 νίκης
1637 3371 1764 3427 ταύ-

167 3485 276 3538 της
306 3466 399 3519 ὐπ’
440 3467 606 3520 αὐτοῦ
651 3464 745 3519 τοῦ
779 3465 1115 3534 ἀγωνοθέτου
1153 3464 1630 3539 ἀνακηρύσσεται;
1666 3465 1763 3520 καὶ

168 3555 344 3611 αὐτοῦ
373 3557 514 3627 τάχα
551 3553 644 3610 τοῦ
670 3555 984 3629 Πνεύματος
1015 3556 1107 3612 τοῦ
1159 3558 1314 3628 ἀγίου
1358 3558 1748 3629 θαυμαστικῶς

170 3648 276 3718 τὴν
331 3648 516 3719 φωνὴν
560 3647 765 3720 ταύτην
813 3647 1075 3714 πολλάκις
1122 3649 1599 3720 ἀναλαμϐάνοντος
1618 3689 1633 3714 ,
1684 3648 1763 3714 ὡς

170 3737 463 3809 κρείττονα
512 3733 676 3793 οὖσαν
709 3738 808 3810 τῆς
851 3738 960 3794 τῶν
985 3738 1289 3814 ἀνθρώπων
1324 3740 1635 3811 δυνάμεως,
1665 3740 1762 3793 καὶ

168 3831 284 3883 τῶν
322 3830 419 3900 τῆς
448 3830 664 3900 φύσεως
691 3831 832 3903 ὅρων
861 3832 1397 3904 ὐπερεκπίπτουσαν.
1433 3833 1618 3905 Μόνης
1649 3831 1759 3904 γὰρ

168 3923 272 3993 τῆς
303 3923 594 3993 ἀσωμάτου
627 3940 686 3977 τε
720 3923 814 3978 καὶ
855 3924 1021 3978 ἀΰλου
1055 3924 1271 3994 φύσεως
1309 3925 1371 3979 τὸ
1414 3923 1658 3978 τοιοῦτον
1689 3916 1759 3996 ἦν

169 4016 349 4068 εἰπεῖν
369 4056 384 4081 ,
418 4012 487 4088 ἦς
519 4016 670 4070 οὐδὲν
711 4017 881 4080 πάθος
928 4017 1037 4071 τῶν
1069 4017 1421 4089 ἀνθρωπίνων
1447 4017 1761 4089 προσάπτε-

167 4122 286 4161 ται.
318 4105 638 4178 Ἀνθρωπος
663 4104 723 4161 δέ
754 4125 836 4172 τις
863 4106 938 4161 ὢν
972 4108 1065 4162 καὶ
1112 4108 1284 4181 θυμὸν
1328 4107 1759 4179 συνουσιωμένον

169 4195 314 4267 ἔχων
339 4198 406 4267 τῇ
429 4195 624 4266 φύσει,
644 4197 867 4269 πάσχων
888 4215 948 4251 τε
977 4198 1162 4261 κακῶς
1189 4197 1342 4269 παρά
1363 4196 1457 4251 τοῦ
1489 4196 1759 4269 μηδεμίαν

172 4286 276 4357 μὲν
306 4286 586 4357 εἰληφότος
632 4289 712 4351 είς
747 4288 809 4342 τὸ
859 4289 1030 4345 κακὸν
1083 4289 1373 4362 ἀφορμὴν,
1415 4290 1627 4345 πολλῶν
1665 4294 1759 4346 καὶ

1873 2086 2168 2141 admodum
2221 2087 2368 2143 inter
2415 2103 2695 2152 cursores,
2754 2089 2849 2160 qui
2891 2091 3156 2148 victorem
3218 2094 3455 2150 aliorum

1872 2179 2146 2234 currendo
2187 2181 2339 2245 vicit,
2371 2181 2665 2237 clariorem
2713 2199 2878 2254 quam
2906 2186 3061 2257 prior
3091 2188 3323 2258 gloriam
3361 2205 3453 2245 re-

1868 2273 2017 2337 tulit,
2065 2272 2262 2328 melior
2296 2270 2523 2330 eifectus
2572 2288 2636 2330 eo
2676 2276 2770 2346 qui
2820 2287 3257 2346 praeeucurrerat
3299 2297 3313 2334 :
3375 2281 3456 2336 sic
3491 2329 3497 2337 .

1868 2365 2087 2421 videtur
2116 2367 2379 2436 septimus
2412 2373 2465 2423 et
2485 2365 2976 2439 quinquagesimus
3001 2371 3251 2441 psalmus
3280 2373 3454 2427 multo

1869 2457 2067 2528 majori
2100 2457 2462 2523 incremento,
2496 2459 2675 2529 quoad
2714 2460 3066 2525 sententiam,
3092 2461 3451 2532 magniﬁcen-

1869 2550 1943 2604 tia
1974 2550 2183 2621 proprii
2219 2566 2418 2607 sensus
2448 2551 2848 2621 praecedentem
2873 2566 3134 2622 superare
3160 2570 3173 2607 :
3215 2562 3277 2608 ut
3301 2554 3448 2610 enim

1867 2637 1961 2695 ille
1991 2637 2114 2694 aliis
2151 2638 2388 2709 palmam
2423 2640 2728 2710 praeripuit,
2771 2639 2851 2695 sic
2880 2642 2984 2697 iste
3024 2642 3146 2712 plus
3181 2641 3346 2698 habet
3381 2644 3451 2699 de

1866 2747 1953 2797 eo,
2004 2747 2114 2803 quo
2146 2733 2365 2789 caeteris
2398 2733 2696 2800 antecellit,
2736 2734 2898 2805 eique
2949 2735 3323 2791 testimonium
3365 2736 3449 2791 vi-

1866 2825 2053 2881 ctoria
2081 2824 2283 2895 praebet
2309 2825 2426 2896 ipsa
2461 2825 2789 2896 inscriptio:
2820 2845 2840 2879 ι
2868 2824 2927 2881 In
2957 2826 3142 2883 ﬁnem.
3182 2846 3202 2881 ι
3237 2827 3345 2885 Sed
3373 2830 3450 2884 vi-

1867 2917 2027 2972 detur
2066 2917 2246 2971 oratio
2276 2932 2387 2971 non
2431 2928 2539 2972 tam
2570 2916 3014 2974 adversariorum
3056 2917 3448 2985 devictionem,

1867 3020 2030 3078 quam
2061 3008 2454 3063 abundantiam
2484 3008 2775 3075 bonorum,
2824 3024 2945 3079 quae
2980 3024 3045 3064 ex
3080 3010 3185 3065 hac
3215 3011 3447 3067 victoria

1866 3102 2245 3172 consequitur,
2285 3102 2584 3156 contestari
2632 3120 2646 3156 :
2699 3101 2782 3157 sic
2830 3110 2962 3156 vero
3012 3101 3081 3156 ad
3120 3101 3349 3158 verbum
3386 3118 3448 3159 se

1866 3193 2068 3249 habent
2110 3193 2492 3263 inscriptionis
2524 3193 2731 3249 verba:
2777 3211 2795 3245 ι
2848 3192 2910 3247 In
2957 3192 3166 3248 ﬁnem:
3212 3193 3296 3249 Ne
3327 3192 3445 3249 dis—

1865 3282 2084 3353 perdas,
2135 3283 2306 3339 David
2345 3284 2402 3338 i‘n
2452 3284 2594 3339 tituli
2644 3285 3081 3356 inscriptionem.
3141 3304 3161 3337 ι
3214 3284 3444 3352 Quoties

1865 3376 2299 3446 longanimitatis
2328 3378 2431 3432 iste
2466 3377 2637 3448 pugil,
2674 3378 2746 3432 ob
2780 3392 3044 3433 coronam
3078 3378 3244 3449 hujus
3274 3379 3448 3434 victo-

1864 3467 1993 3531 rite,
2052 3483 2083 3522 a
2145 3470 2328 3540 seipsa
2376 3477 2637 3539 tanquam
2690 3471 3022 3541 agonotheta
3078 3472 3448 3542 praedicatur?

1863 3561 1984 3631 ipso
2014 3556 2288 3615 ‘fortassis
2337 3558 2544 3629 Spiritu
2607 3566 2801 3615 sancto
2851 3559 3177 3617 mirabiliter
3243 3565 3445 3633 saepius

1861 3662 2050 3704 vocem
2084 3648 2226 3703 hanc
2255 3649 2509 3713 iterante,
2545 3648 2703 3719 quasi
2739 3651 3092 3720 praestantior
3135 3652 3206 3707 sit
3246 3654 3448 3711 virtute

1862 3740 2104 3795 humana
2130 3746 2185 3796 et
2223 3753 2388 3810 supra
2422 3748 2632 3794 natura:
2663 3738 2798 3798 ﬁnes
2831 3748 3020 3796 evecta
3048 3762 3060 3798 :
3094 3744 3268 3800 solius
3295 3745 3445 3801 enim

1862 3830 2203 3902 incorporea:
2246 3838 2301 3886 et
2346 3830 2727 3887 immaterialis
2775 3837 2987 3887 natura:
3035 3830 3141 3889 hoc
3197 3840 3317 3890 erat
3360 3835 3447 3889 di-

1861 3934 2012 3988 cere,
2046 3936 2208 3993 quam
2253 3922 2401 3977 nulla
2433 3921 2799 3977 humanarum
2843 3921 3193 3978 aﬂ'ectionum
3244 3926 3440 3996 tangit.

1860 4013 2098 4071 Protulit
2128 4023 2309 4071 tamen
2348 4015 2490 4071 hanc
2533 4029 2723 4070 vocem
2756 4015 2943 4083 homo,
2976 4014 3069 4087 qui
3110 4017 3247 4072 iram
3283 4032 3313 4073 a
3345 4032 3445 4073 na-

1861 4122 1983 4169 tura
2008 4124 2121 4165 suae
2142 4107 2465 4164 substantiae
2495 4106 2740 4161 innatam
2774 4106 2957 4175 habet,
2988 4108 3083 4179 qui
3110 4109 3278 4164 multa
3300 4111 3444 4166 mala

1840 4198 2266 4275 perpetiebatur
2299 4199 2370 4254 ah
2395 4214 2460 4254 eo
2488 4197 2579 4253 cui
2611 4198 2817 4253 nullam
2850 4198 2981 4252 mali
3014 4199 3324 4269 cuiuspiam
3356 4200 3444 4254 in-

1862 4292 2069 4351 ferendi
2119 4291 2467 4347 occasionem
2516 4286 2781 4344 dederat:
2809 4289 2917 4342 imo
2960 4289 3031 4344 ab
3071 4304 3137 4345 eo
3183 4290 3239 4344 in
3277 4305 3441 4359 quem

171 4377 429 4449 μεγάλων
457 4377 676 4447 ἀγαθῶν
706 4380 1013 4451 ἠξιωμένου
1033 4422 1048 4446 ,
1080 4383 1221 4454 ὑπέρ
1251 4401 1311 4437 τε
1338 4385 1438 4456 τῆς
1464 4385 1628 4458 κενῆς
1656 4423 1658 4432 .

1959 4384 2033 4438 lta
2062 4390 2116 4439 et
2148 4380 2384 4452 insignia
2415 4379 2679 4436 beneﬁcia
2718 4379 3058 4446 contulerat;
3089 4381 3180 4450 qui
3219 4388 3441 4452 propter

167 4468 273 4539 χῆς
300 4468 395 4522 καὶ
419 4470 560 4541 ὑπὲρ
585 4470 694 4524 τῶν
717 4472 797 4535 είς
820 4472 983 4526 αὐτὸν
1005 4473 1209 4527 ἐκεῖνον
1232 4475 1634 4546 γεγενημένων,
1665 4471 1756 4531 οὐ-

166 4575 263 4622 τος
294 4560 635 4632 μετανάστης
668 4560 760 4615 ὑπ’
793 4561 957 4615 αὐτού
994 4561 1089 4616 τοῦ
1122 4566 1220 4636 τῆς
1251 4565 1498 4631 εὐποιίας
1526 4584 1755 4640 τετυχη-

166 4648 329 4712 κότος
381 4649 475 4701 καὶ
503 4648 680 4718 φυγὰς
711 4649 919 4719 γίνεται
947 4648 1047 4719 τῆς
1075 4650 1280 4714 οίκείας
1316 4652 1501 4716 ἑστίας
1530 4654 1623 4706 ἐπὶ
1659 4652 1757 4706 θα-

165 4741 318 4811 νάτῳ
351 4739 506 4812 παρά
532 4740 625 4794 τοῦ
653 4736 711 4794 εὖ
746 4740 1079 4805 πεπονθότος
1107 4741 1582 4815 συνελαυνόμενος.
1616 4743 1753 4797 Δ’Ἁλ-

165 4834 290 4887 λοτε
315 4832 475 4888 ἄλλον
499 4832 605 4887 ὑπὸ
632 4833 940 4905 ἀμηχανίας
968 4833 1140 4888 ἐπιὼν
1164 4835 1327 4888 τόπον
1350 4836 1577 4907 ἐρήμοις
1598 4837 1755 4889 ἐναυ-

164 4924 449 4996 λιξόμενος
468 4965 484 4991 ,
512 4925 844 4996 ἀκρωρείαις
881 4925 1239 4998 προσφεύγων
1258 4964 1275 4991 ,
1303 4926 1615 4996 ἀλλοφύλων
1651 4927 1755 4981 ίκέ-

164 5034 293 5088 της,
324 5017 648 5088 γενόμενος,
694 5017 754 5071 ὲν
787 5016 964 5089 ἐνδείᾳ
1000 5017 1123 5071 τῶν
1137 5017 1452 5086 ἀναγκαίων
1501 5035 1751 5073 κακοπα-

167 5108 296 5175 θῶν,
330 5108 597 5183 ὕπαιθρος
626 5108 697 5162 τά
724 5108 893 5163 πολλὰ
919 5109 1315 5181 διακαρτερῶν,
1333 5110 1592 5174 πολλάκις
1617 5111 1749 5182 παρ’

1853 4483 2019 4535 inane
2046 4475 2331 4541 imperium
2352 4513 2367 4537 ,
2390 4479 2444 4525 et
2468 4470 2539 4525 ob
2563 4470 2654 4525 illa
2683 4470 2820 4540 ipsa,
2844 4486 2966 4541 qua:
2993 4471 3142 4528 illius
3165 4473 3339 4542 gratia
3361 4466 3442 4528 fe-

1853 4577 2028 4633 ccrat,
2059 4564 2219 4621 exsul
2242 4562 2476 4620 efﬁcitur
2506 4563 2576 4617 ab
2612 4560 2705 4616 illo
2734 4562 2855 4632 ipso
2878 4563 2970 4632 qui
2998 4563 3278 4622 beneﬁciis
3311 4564 3439 4621 alie-

1855 4668 1978 4717 ctus
2020 4658 2234 4721 fuerat;
2277 4653 2653 4724 profugusque
2684 4652 2762 4718 ﬁt,
2802 4655 3021 4723 propria
3056 4655 3245 4721 domo,
3277 4656 3347 4711 ab
3373 4671 3440 4713 eo

1853 4750 1929 4806 de.
1974 4761 2085 4817 quo
2133 4745 2274 4800 bene
2326 4744 2555 4799 meritus
2607 4751 2746 4806 erat,
2800 4742 3033 4811 ejectus,
3081 4744 3218 4799 alias
3270 4745 3437 4799 alium

1860 4856 1973 4912 pra:
2016 4836 2404 4907 desperatione
2437 4835 2617 4888 locum
2665 4840 2877 4904 petens,
2920 4833 2976 4887 in
3006 4835 3304 4890 solitudine
3343 4834 3439 4890 de-

1852 4947 2008 5004 gens,
2063 4931 2119 4984 in
2167 4927 2436 4983 montium
2483 4925 2718 4981 vertices
2764 4940 2824 4981 se
2867 4926 3158 4995 recipiens,
3206 4927 3436 4996 supplex

1851 5020 2176 5092 alienigenis
2243 5019 2454 5083 factus,
2488 5019 2671 5089 inapia
2736 5033 2921 5073 rerum
2995 5017 3434 5072 necessariarum

1851 5114 2105 5179 afﬂictus,
2142 5113 2246 5167 sub
2269 5110 2362 5166 dio
2389 5111 2713 5181 plerumque
2745 5126 2932 5181 agens,
2959 5125 3101 5180 saepe
3130 5109 3431 5180 periculum

166 5200 331 5275 αὑτοῦ
355 5201 448 5254 τὸν
490 5200 654 5271 μέχρι
683 5200 915 5255 θανάτου
943 5202 1186 5256 κίνδυνον
1216 5201 1457 5265 ὑποστὰς
1480 5241 1495 5267 ,
1521 5201 1618 5255 νῦν
1650 5224 1653 5270 ;

1944 5207 2045 5261 rtis
2074 5205 2142 5260 ab
2165 5203 2385 5274 ingrato
2404 5209 2650 5257 creatum
2676 5202 2889 5269 adiens,
2919 5204 3013 5273 qui
3040 5216 3188 5257 nunc
3212 5201 3429 5272 quidem

164 5295 421 5365 αὐτόχειρ
449 5293 539 5348 διὰ
569 5295 666 5364 τῆς
697 5293 894 5366 λόγχης
926 5294 1060 5364 πρὸς
1099 5295 1187 5349 τὸν
1212 5296 1333 5349 κατ’
1376 5294 1542 5348 αὐτοῦ
1591 5295 1749 5364 φόνον

160 5388 508 5459 ὁρμήσαντος
525 5401 540 5416 ο
556 5386 721 5441 πάλιν
746 5387 804 5440 δὲ
834 5387 925 5441 τὸν
953 5383 1121 5453 οἷκον,
1149 5389 1209 5440 ὲν
1235 5383 1281 5456 ᾧ
1300 5388 1505 5460 διῆγεν,
1528 5387 1616 5442 διά
1640 5388 1777 5449 τῶν,

160 5477 477 5550 δορυφόρων
507 5476 880 5543 διαλαϐόντος,
904 5479 980 5565 ῶς
1007 5478 1073 5534 ἂν
1098 5478 1172 5552 μὴ
1196 5479 1353 5549 φύγοι
1378 5480 1467 5536 τὸν
1493 5480 1739 5536 θάνατον.

197 5653 217 5683 ⁶
260 5650 395 5708 an.
432 5668 495 5714 η,
530 5650 618 5707 ﬂ.

1857 5314 1958 5355 sua
1990 5311 2176 5361 manu,
2210 5294 2367 5350 hasta
2396 5302 2635 5363 arrepta,
2673 5294 2873 5350 caedem
2908 5295 2987 5348 illi
3015 5295 3267 5363 intentat,
3306 5311 3433 5351 rur-

1857 5404 2063 5461 susque
2093 5386 2316 5442 domum
2350 5383 2406 5439 in
2436 5399 2543 5455 qua
2579 5383 2830 5453 degebat,
2875 5386 3208 5443 satellitibus
3240 5386 3429 5457 stipat,

1856 5492 1928 5536 ne
1958 5486 2187 5535 mortem
2221 5475 2520 5547 effugeret:
2555 5475 2649 5544 qui
2695 5473 2891 5531 deinde
2931 5469 3419 5543 sollicileinquirit.
