3738 5984
338 171 433 225 591

1582 168 1661 223 ’S.
1702 161 2032 223 GREGORII
2061 163 2355 222 NYSSE‘NI

3490 174 3595 231 592

335 294 427 350 ubi
467 294 707 348 locorum
741 300 1074 355 versaretur,
1116 292 1210 347 ubi
1253 291 1432 347 cibum
1471 292 1817 361 sumpsisset,
1858 301 1896 342 e1

2052 283 2146 343 Ita
2172 290 2445 363 πανταχοῦ
2480 293 3057 367 πολυπραγμονοῦντος
3079 337 3093 357 ,
3128 296 3185 349 ἐν
3217 293 3299 360 οἷς
3345 296 3595 368 ηὐλίζετο

335 385 475 456 apud
507 399 647 455 quos
682 392 887 454 ageret,
927 393 981 439 et
1008 384 1073 439 ad
1106 399 1245 454 quos
1279 381 1635 452 confugisset,
1662 389 1713 437 et
1759 390 1911 450 post-

333 491 496 547 quam
531 475 612 529 bis
659 475 763 544 ipsi
806 475 988 529 oblata
1036 482 1120 529 est
1168 475 1286 542 ejus
1326 470 1611 527 occidendi
1650 478 1914 541 opportu-

331 569 499 633 nitas,
541 574 673 620 tunc
700 564 921 635 quidem
963 580 1087 618 cum
1128 564 1470 632 inspelunca
1519 578 1584 616 ex
1620 560 1914 630 improviso

336 660 465 713 Saul
501 660 555 713 in
590 672 785 712 manus
817 655 1038 710 Davidis
1076 654 1380 714 incidisset.
1412 668 1608 707 rursus
1645 652 1701 705 in
1733 650 1914 704 taber-

334 754 566 815 naculo,
620 750 840 822 quando
895 762 1088 802 somno
1142 747 1389 816 sepultus
1434 744 1680 815 jacebat;
1747 741 1911 797 David

335 858 464 899 vero
492 842 784 898 dormienti
813 839 1008 901 astitit,
1050 840 1272 908 quando
1299 852 1514 892 onmem
1552 835 1747 890 licebat
1775 835 1909 888 iram

336 939 391 991 in
431 936 577 991 crede
624 934 708 990 sui
748 934 1119 1005 persecutoris
1173 938 1530 995 exsaturare;
1578 943 1751 996 neque
1785 927 1915 997 ipse

334 1044 530 1083 manus
567 1029 615 1082 ei
650 1027 852 1088 attulit,
895 1026 1047 1079 etilli
1081 1025 1170 1094 qui
1231 1023 1298 1077 ad
1346 1023 1546 1077 caedem
1599 1020 1908 1081 festinabat,

336 1121 488 1182 illud,
528 1139 544 1170 ι
588 1119 667 1172 Nc
711 1115 1016 1186 disperdas.
1053 1135 1070 1166 ι
1109 1114 1279 1168 dixit:
1323 1112 1434 1167 Dco
1462 1111 1623 1181 digna
1660 1118 1744 1166 est
1780 1124 1906 1173 vox,

336 1230 456 1283 qum
484 1209 720 1265 hominis
749 1207 1026 1262 interitum
1058 1215 1223 1260 vetat.

405 1394 674 1461 Quocirca
705 1389 1169 1463 quemadmodum
1199 1388 1299 1452 illi,
1330 1387 1421 1457 qui
1461 1387 1787 1440 illustriores
1814 1401 1909 1438 no-

335 1495 419 1541 tas
441 1481 513 1539 'in
564 1481 838 1553 lapidibus
880 1481 1242 1549 exsculpunt,
1280 1478 1333 1531 in
1372 1474 1700 1546 profundum
1747 1476 1909 1528 caela-

333 1592 454 1633 tura
492 1576 739 1632 incidunt
782 1574 1176 1628 elementorum
1219 1568 1585 1625 characteres.
1630 1565 1772 1636 stylo
1813 1579 1907 1619 sae-

2015 384 2109 436 καὶ
2131 379 2212 447 οἷς
2238 385 2563 454 κατέφαγεν,
2593 386 2744 457 παρὰ
2761 386 2912 450 τίνας
2936 387 3043 456 εἴη,
3065 387 3155 440 καὶ
3180 387 3315 459 πρὸς
3340 388 3436 452 οὒς
3464 408 3594 458 μετη

2015 473 2285 528 ανίστατο.
2353 475 2462 551 Ιξαὶ
2514 475 2700 545 ἐπειδὴ
2747 475 2828 539 δὶς
2874 475 3021 546 αὐτῷ
3066 476 3398 547 συνέδραμεν
3428 479 3462 548 ἡ
3499 478 3592 532 τοῦ

2015 563 2332 616 ἀποκτεῖναι
2361 563 2451 616 τὸν
2476 563 2667 634 ἐχθρὸν
2701 564 2972 634 εὐκαιρία,
3006 566 3224 636 νῦνμὲν
3254 569 3310 620 ἐν
3342 567 3422 639 τῷ
3453 583 3594 641 σπη-

2013 651 2150 721 λαίῳ
2179 653 2499 722 ἀπροόπτως
2530 653 2624 707 τοῦ
2654 656 2827 708 Σαοὺλ
2867 659 2988 719 ταῖς
3013 656 3105 710 τοῦ
3134 658 3299 712 Δαὸὶδ
3328 661 3595 729 ἐμπεσόν-

2013 760 2102 807 τος
2125 744 2336 815 χερσίνο
2371 745 2531 798 πάλιν
2561 745 2616 799 δὲ
2646 746 2787 800 κατὰ
2810 746 2906 817 τὴν
2947 748 3170 820 σκηνὴν,
3207 749 3296 803 ὅτε
3323 751 3355 802 ὁ
3388 751 3487 820 μὲν
3516 751 3593 822 τῷ

2015 833 2167 906 ὐπνῳ
2200 834 2434 907 πάρέτος
2461 831 2547 908 ἦν,
2580 839 2608 889 ὁ
2646 837 2702 891 δέ
2727 838 2890 892 Δαὸὶδ
2916 840 3227 912 ἐφειστήκει
3255 840 3592 905 καθεύδοντι,

2012 926 2099 978 ὅτε
2130 928 2308 981 πᾶσαν
2339 927 2464 999 ἐξῆν
2492 927 2638 998 αὐτῷ
2661 927 2757 999 τὴν
2789 928 2958 1001 ὀργὴν
2983 931 3040 982 ἐν
3063 929 3142 1000 τῷ
3174 931 3320 1002 φόνῳ
3351 921 3445 985 τὸὗ
3472 934 3596 986 διῶ-

2014 1036 2199 1082 κοντος
2249 1019 2409 1073 αὐτὸν
2455 1019 2885 1092 ἀποπληρῶσαιο
2927 1020 3052 1076 οὔτε
3100 1022 3262 1086 αὐτὸς
3302 1024 3401 1093 τὴν
3433 1027 3593 1096 χεῖρα

2013 1111 2326 1181 ἑπήγαγεν,.
2366 1114 2458 1165 καὶ
2514 1110 2590 1182 τῷ
2638 1111 2774 1181 πρὸς
2820 1112 2918 1182 τὴν
2958 1114 3241 1184 ἀναίρεσιν
3282 1115 3588 1179 σπεύδοντι,

2017 1218 2035 1250 ι
2071 1201 2164 1271 Μὴ
2199 1201 2543 1275 διαφθείρῃς,
2568 1221 2586 1252 ι
2616 1201 2779 1270 λέγει.
2820 1202 2955 1256 Θεοῦ
2982 1221 3066 1267 τις
3097 1203 3355 1275 ἄντικρύς
3387 1207 3535 1259 ἐστιν
3556 1209 3589 1277 ἡ

2012 1286 2180 1357 φωνὴ,
2206 1288 2303 1359 τὴν
2325 1290 2541 1360 φθορὰν
2575 1292 2666 1344 ἐπὶ
2689 1291 2781 1344 τοῦ
2812 1291 3098 1362 ἀνθρώπου
3125 1292 3429 1348 κωλύουσα.

2077 1378 2177 1431 Διὰ
2205 1379 2361 1433 τοῦτο
2385 1381 2634 1454 καθάπερ
2657 1384 2705 1437 οἱ
2734 1384 3109 1455 ἐπισημότερα
3136 1384 3417 1451 ποιούντες
3435 1386 3507 1440 τὰ
3534 1389 3591 1440 ἐν

2007 1471 2120 1532 τοῖς
2173 1469 2340 1534 λίθοις
2388 1473 2758 1543 χαράγματα,
2806 1475 2885 1536 είς
2941 1473 3103 1544 βάθος
3153 1475 3475 1545 ἐντέμνουσι
3522 1481 3587 1547 τῇ

2008 1560 2184 1633 γλυφῇ
2232 1565 2341 1618 τῶν
2392 1565 2667 1634 στοιχείων
2715 1567 2841 1629 τοὺς
2892 1568 3279 1638 χαρακτῆρας,
3328 1569 3591 1635 πολλάκις

334 1671 458 1739 pius
496 1667 687 1723 formis
727 1664 988 1729 inducto;
1033 1663 1113 1718 sic
1147 1666 1405 1731 perpetua
1441 1657 1761 1728 repetitione
1793 1655 1896 1726 Spi-

2052 1653 2304 1721 πάγον-τες
2342 1655 2438 1727 τὴν
2482 1656 2720 1726 γραφίδα
2751 1658 2863 1721 τοῖς
2896 1658 3120 1729 τύποιςςο
3158 1659 3332 1725 οὕτως
3371 1661 3460 1714 διὰ
3490 1660 3591 1732 τῆς

332 1762 474 1815 ritus
516 1765 761 1821 sanctus,
814 1755 1112 1826 planiorem
1152 1759 1207 1807 et
1246 1748 1706 1811 manifestiorem,
1749 1749 1906 1818 quasi

331 1853 386 1907 in
416 1853 668 1907 columna
694 1847 969 1903 memoriae
994 1852 1216 1910 nostrae,
1252 1840 1595 1913 magnificam
1626 1840 1784 1895 istam
1811 1854 1907 1894 vo-

332 1959 450 1999 cem
495 1942 704 1999 ellicere
745 1946 999 2004 conatur,
1042 1945 1101 1991 ut
1144 1935 1293 1991 clare
1338 1940 1392 1989 et
1424 1934 1544 1989 sine
1587 1931 1909 1987 confusione

334 2035 664 2104 Scripturam
713 2031 856 2085 lianc
890 2028 1048 2083 nobis
1088 2026 1441 2095 insculptam,
1482 2030 1724 2092 tempore
1758 2022 1906 2076 cala-

335 2124 585 2177 mitatum
634 2128 688 2176 et
733 2118 1205 2189 perturbationum
1250 2115 1496 2185 legamus
1543 2131 1558 2168 :
1604 2112 1706 2166 hoc
1762 2113 1908 2167 enim

336 2223 586 2269 sanctum
624 2210 890 2282 Spiritum
924 2209 1218 2264 consilium
1244 2213 1514 2276 ,spectare
1541 2204 1801 2267 arbitror,
1850 2209 1909 2256 ut

337 2305 594 2376 praeclare
627 2302 769 2357 facta
816 2308 1134 2357 sanctorum
1184 2298 1427 2352 virorum
1469 2295 1580 2351 sint
1623 2297 1676 2349 in
1727 2310 1909 2350 exem-

336 2399 506 2467 plum,
535 2403 589 2451 et
618 2394 776 2466 quasi
803 2393 1061 2448 ducatum
1090 2388 1382 2461 posteriori
1404 2388 1549 2450 vitae,
1581 2388 1647 2441 ad
1679 2386 1907 2441 similem

334 2487 705 2558 praestantiam
734 2483 1041 2539 imitatione
1066 2496 1169 2537 nos
1194 2480 1480 2535 invitante.
1511 2477 1740 2544 Quando
1762 2477 1905 2532 enim

335 2581 404 2635 ad
430 2581 575 2650 ejus,
608 2578 702 2649 qui
738 2592 841 2632 nos
874 2576 956 2631 ira
1008 2572 1450 2634 inflammaverit,
1494 2571 1755 2625 ultionem
1798 2570 1912 2625 ani-

333 2685 459 2726 mus
485 2675 768 2731 exaestuat,
797 2674 851 2722 et
872 2664 1225 2723 excandescit
1252 2663 1428 2718 iratus
1450 2663 1672 2732 sanguis
1701 2663 1907 2717 circum

334 2761 656 2832 praeordia,
705 2760 762 2814 in
804 2758 958 2814 illum
986 2756 1079 2828 qui
1123 2770 1225 2812 nos
1260 2753 1508 2809 molestia
1539 2752 1738 2818 aﬂ‘ecit,
1780 2762 1910 2808 tunc

335 2856 404 2909 ad
447 2855 588 2908 hanc
614 2852 950 2915 columnam,
979 2862 1144 2919 quam
1191 2845 1434 2918 Spiritus
1465 2852 1694 2900 sanctus
1721 2843 1909 2899 Davidi

2012 1744 2266 1815 συνεχοῦς
2297 1748 2687 1819 ἐπαναλήψεως
2706 1787 2720 1811 ,
2753 1749 2814 1802 τὸ
2840 1748 3065 1821 Πνεῦμα
3102 1748 3162 1803 τὸ
3191 1750 3348 1819 ἆγιον
3378 1753 3591 1821 τρανώ-

2010 1856 2163 1910 τερον
2191 1840 2281 1893 καὶ
2309 1839 2527 1910 εὔδηλον
2556 1842 2613 1894 ἐν
2633 1844 2697 1912 τῇ
2726 1842 2895 1914 στήλῃ
2927 1846 3026 1915 τῆς
3055 1844 3276 1915 μνήμης
3303 1845 3465 1916 ὴμῶν
3489 1846 3589 1918 τὴν

2014 1930 2254 2002 μεγάλην
2281 1931 2485 2000 ταύτην
2533 1932 2692 2004 ῥῆσιν
2737 1932 2989 2000 γενέσθαι
3036 1934 3445 2004 παρασκευάζει
3468 1953 3482 1967 ο
3510 1939 3591 2002 ὡς

2011 2021 2076 2075 ἂν
2096 2019 2290 2091 τρανόν
2308 2039 2364 2074 τε
2388 2024 2481 2076 καὶ
2500 2022 2801 2093 ἁσύγχυτον
2820 2025 3254 2097 ἐντετυπωμένον
3275 2029 3408 2098 ἡμῖν
3429 2030 3592 2084 τοῦτο

2007 2113 2069 2164 τὸ
2095 2113 2327 2184 γράμμα
2350 2154 2365 2177 ,
2396 2116 2454 2166 ἐν
2492 2113 2569 2185 τῷ
2603 2114 2780 2187 καιρῷ
2809 2115 2918 2171 τῶν
2946 2117 3282 2190 παθημάτων
3311 2121 3591 2190 ἀναγινώ-

2013 2220 2212 2259 σκοιτο.
2239 2205 2382 2275 Πρὸς
2407 2205 2564 2262 τοῦτο
2585 2207 2694 2278 γὰρ
2722 2204 2874 2278 οἶμαι
2902 2208 3002 2281 τὴν
3034 2210 3125 2263 τοῦ
3155 2211 3306 2280 ἁγίου
3335 2213 3593 2284 Πνεύμαο

2009 2314 2101 2361 τος
2124 2299 2433 2369 οἰκονομίαν
2460 2302 2614 2372 ὁρᾷν,
2640 2300 2779 2354 ὥστε
2803 2301 2872 2355 τὰ
2903 2301 3240 2374 προλαϐόντα
3270 2304 3380 2359 τῶν
3414 2308 3593 2375 ἁγίων

2011 2390 2219 2459 ἀνδρῶν
2254 2390 2651 2463 κατορθώματα
2677 2434 2690 2456 ,
2728 2395 2808 2458 είς
2864 2395 3086 2465 ὁδηγίαν
3129 2399 3450 2469 προκεῖσθαι
3512 2401 3594 2472 τῷ

2015 2481 2152 2550 μετὰ
2187 2482 2359 2537 ταῦτα
2394 2482 2494 2554 βίῳ
2520 2526 2533 2548 ,
2560 2485 2693 2556 πρὸς
2725 2484 2785 2538 τὸ
2819 2484 2931 2538 ἴσον
2958 2503 3018 2539 τε
3049 2488 3142 2542 καὶ
3166 2489 3348 2560 ὅμοιον
3380 2491 3591 2559 ἀγαθὸν

2014 2572 2358 2646 προαγούσης
2377 2576 2525 2646 ἡμᾶς
2550 2575 2655 2648 τῆς
2681 2577 2984 2646 μιμήσεως.
3006 2578 3123 2632 ”Οτ’
3137 2579 3202 2634 ἂν
3218 2578 3325 2652 γὰρ
3339 2580 3589 2656 διοιδήσῃ

2008 2661 2150 2733 πρὸς
2180 2664 2280 2733 τὴν
2332 2663 2425 2717 τοῦ
2481 2662 2870 2733 παροξύνοντος
2915 2668 3194 2740 ἄμυναν-1]
3250 2670 3437 2741 ψυχὴ,
3489 2673 3595 2726 καὶ

2012 2751 2145 2824 (Ean
2172 2753 2249 2825 τῷ
2284 2754 2436 2827 θυμῷ
2479 2755 2539 2808 τὸ
2570 2757 2913 2829 περικάρδιον
2946 2754 3083 2829 αἷμα
3129 2761 3268 2815 κατὰ
3292 2761 3387 2816 τοῦ
3431 2762 3596 2817 λελυο

2013 2847 2249 2916 πηκότος
2275 2886 2288 2909 ,
2316 2847 2437 2901 τότε
2474 2849 2611 2919 πρὸς
2640 2849 2844 2920 ταύτην
2871 2867 2953 2914 τις
3000 2851 3307 2921 ἀναϐλέψας
3324 2851 3422 2925 τὴν
3459 2856 3596 2926 στή-

334 2948 528 3007 erexit,
582 2940 903 3011 respiciens,
953 2945 1011 2993 et
1059 2936 1225 2993 verba
1269 2936 1326 2990 in
1380 2936 1470 2989 illa
1518 2934 1744 3005 scripta,
1791 2949 1896 3005 qua

2052 2955 2137 3007 ην,
2168 2939 2234 3010 ἢν
2270 2940 2330 2993 τὸ
2367 2939 2521 3009 ἅγιον
2551 2941 2775 3012 Πνεῦμα
2797 2941 2874 3012 τῷ
2898 2942 3061 2997 Δαὸὶδ
3087 2944 3424 3015 ἀνεστήσατο
3443 2984 3459 3009 ,
3491 2947 3596 2999 καὶ

336 3032 510 3088 David
554 3045 652 3103 pro
692 3032 780 3087 sui
826 3027 1198 3084 interfectoris
1242 3026 1619 3082 incolumitate
1662 3027 1906 3096 protulit,

338 3128 622 3197 relegens,
677 3121 1060 3193 tranquillabit
1119 3119 1345 3174 omnino
1401 3118 1697 3173 tumultum
1758 3119 1909 3173 illum

336 3219 754 3292 cogitationum,
799 3230 921 3287 quae
971 3215 1025 3269 in
1075 3212 1262 3267 animo
1305 3213 1674 3277 exstiterunt;
1719 3220 1910 3283 pacata

336 3311 484 3367 omni
510 3307 941 3380 perturbatione,
974 3304 1248 3359 desiderio
1287 3302 1611 3358 imitationis
1650 3313 1755 3356 tam
1787 3302 1913 3357 insi-

338 3401 524 3472 gnium
575 3399 902 3454 facinorum.
940 3396 1112 3450 Porro
1156 3394 1587 3467 magnitudinem
1633 3392 1912 3464 profectus

336 3493 458 3561 ejus
493 3491 586 3560 qui
625 3503 789 3560 super
825 3488 989 3558 hujus
1020 3486 1219 3558 psalmi
1263 3484 1493 3558 gradum
1542 3484 1810 3547 ascendit.
1844 3500 1908 3539 ex

336 3582 473 3652 ipsis
500 3579 686 3635 itidem
730 3577 929 3649 psalmi
965 3576 1148 3632 verbis
1196 3575 1510 3646 perspicere
1556 3574 1703 3637 licet,
1738 3588 1913 3644 quan-

334 3682 451 3726 tum
495 3671 747 3726 videlicet
786 3668 1159 3741 magnitudine
1214 3675 1269 3721 et
1297 3664 1612 3722 excelsitate
1664 3652 1913 3736 superio-

332 3782 447 3823 rem
495 3769 786 3833 exsuperet
827 3782 839 3816 :
874 3776 984 3816 non
1012 3760 1156 3815 enim
1204 3759 1440 3830 amplius
1472 3774 1532 3815 se
1560 3759 1629 3813 ab
1672 3757 1912 3813 inimicis

338 3855 658 3911 conculcari
709 3853 1090 3924 conqueritur,
1140 3867 1316 3923 neque
1372 3850 1807 3906 misericordiam
1854 3849 1912 3903 in

336 3947 645 4003 subsidium
677 3943 932 4007 advocat,
969 3944 1065 3999 sed
1107 3945 1165 3998 in
1210 3944 1377 3998 altum
1425 3951 1668 4008 evec1us,
1705 3941 1853 3997 velut
1880 3956 1912 3995 e

337 4038 561 4113 specula
613 4035 851 4106 quadam
894 4036 1137 4098 excelsa,
1183 4034 1271 4090 his
1323 4034 1431 4104 qui'
1465 4033 1607 4088 infra
1658 4034 1713 4087 in
1744 4032 1911 4103 hujus

338 4131 592 4184 humana:
625 4128 749 4183 vita:
779 4126 1015 4182 vallibus
1044 4125 1271 4197 degunt,
1306 4123 1757 4194 reprehensionis
1793 4138 1912 4177 mo-

335 4221 405 4277 do
450 4222 552 4276 ista
592 4221 806 4275 intonat
836 4238 849 4274 :
880 4216 1068 4274 Heus!
1103 4217 1384 4279 mortales,
1418 4216 1549 4287 quid
1586 4215 1915 4286 loquimini?

2014 3031 2110 3103 τὴν
2138 3032 2196 3084 ἐν
2224 3031 2373 3102 αὐτῷ
2419 3033 2600 3104 φωνὴν
2641 3033 2905 3102 ἀναγνοὺς
2931 3072 2945 3096 ,
2965 3034 3032 3105 ἢν
3072 3036 3100 3089 ὁ
3133 3034 3294 3088 Δαϐὶδ
3318 3036 3463 3108 ὑπὲρ
3492 3038 3595 3091 τοῦ

2013 3123 2281 3192 φονῶντας
2330 3123 2629 3193 ἐφθέγξατο
2658 3141 2674 3155 ⁸
2710 3126 3096 3198 καταστορέσει
3142 3128 3359 3193 πάντως
3390 3129 3491 3200 τὴν
3528 3132 3597 3184 ἐν

2009 3218 2078 3285 τῇ
2098 3214 2242 3287 ψυχῇ
2261 3215 2367 3269 τῶν
2389 3216 2664 3287 λογισμῶν
2687 3220 2946 3291 ταραχὴν,
2973 3218 3118 3291 πόθῳ
3138 3223 3236 3293 τῆς
3254 3221 3361 3273 τῶν
3383 3222 3597 3293 ὁμοίων

2014 3307 2298 3379 μιμήσεως
2330 3307 2732 3378 καταπραΰνων
2784 3308 2845 3361 τὺ
2890 3307 3080 3373 πάθος.
3122 3312 3359 3383 Πάρεστι
3413 3313 3472 3366 δὲ
3529 3316 3598 3369 τὸ

2006 3396 2241 3467 μέγεθος
2268 3394 2363 3450 τοῦ
2391 3395 2479 3450 διὰ
2501 3398 2780 3467 προκοπῆς
2806 3398 2896 3451 ἐπὶ
2920 3397 3010 3451 τὸν
3042 3398 3249 3470 βαθμὸν
3277 3403 3374 3470 τῆς
3402 3401 3598 3472 ψαλμε-

2014 3486 2177 3557 ῳδίας
2225 3485 2427 3556 ταύτης
2474 3487 2906 3557 ἀναϐεϐηκότος,
2940 3489 3033 3541 καὶ
3088 3490 3156 3544 δι’
3220 3490 3401 3544 αὐτῶν
3449 3510 3594 3546 κατ-

2015 3576 2141 3630 ιδείν
2168 3576 2276 3629 τῶν
2305 3577 2404 3647 τῆς
2414 3576 2730 3649 ψαλμῳδίας
2752 3580 3039 3650 ῥημάτων,
3068 3580 3191 3635 ὅσον
3216 3582 3311 3636 τοῦ
3337 3602 3599 3657 παρῳχη-

2012 3668 2167 3732 κότος
2195 3669 2459 3740 μεγέθους
2489 3671 2943 3743 ὐπερανέστησεν.
2981 3673 3179 3726 Οὐκέτι
3215 3674 3324 3747 γὰρ
3357 3675 3483 3730 οὔτε
3526 3680 3595 3730 τὸ

2012 3759 2299 3812 πατεῖσθαι
2330 3759 2480 3831 παρὰ
2510 3761 2616 3813 τῶν
2643 3760 2852 3833 ἐχθρῶν
2880 3762 3138 3829 αἰτιᾶται,
3168 3762 3291 3817 οὔτε
3320 3765 3411 3819 τὸν
3437 3766 3592 3819 ἔλεον

2010 3853 2090 3914 εἰς
2120 3852 2431 3922 συμμαχίαν
2455 3849 2761 3921 ἐφέλκεται,
2791 3853 2903 3906 ἀλλ’
2928 3854 3038 3909 ἄνω
3058 3855 3347 3925 γενόμενος
3362 3899 3375 3923 ,
3397 3857 3550 3912 ὥσπε
3559 3878 3591 3930 ρ

2011 3941 2075 3995 ἐκ
2107 3959 2250 4006 τινος
2279 3942 2491 4014 ὑψηλῆς
2522 3945 2753 4008 σκοπιᾶς
2776 3986 2791 4009 ,
2822 3947 2937 4008 τοῖς
2969 3946 3119 4000 κάτω
3144 3948 3286 4002 κατὰ
3322 3949 3393 4003 τὰ
3434 3952 3591 4006 κοῖλα

2009 4035 2109 4104 τῆς
2152 4033 2247 4086 τοῦ
2288 4032 2412 4103 βίου
2470 4034 2576 4088 τῶν
2628 4034 2933 4109 ἀνθρώπων
2988 4037 3266 4108 ὑπωρείας
3310 4040 3591 4110 διάγουσιν

2011 4124 2338 4193 ἐλεγκτικῶς
2363 4125 2535 4198 ἐμϐοᾷ
2563 4126 2733 4180 ταῦτα
2762 4126 2954 4195 λέγων’
2978 4122 3049 4181 Ὦ
3089 4128 3389 4201 ἄνθρωποι,
3411 4132 3465 4186 τί
3491 4134 3593 4187 λα-

2012 4214 2152 4268 λεῖτε
2182 4215 2274 4269 καὶ
2313 4217 2579 4287 πράττετε
2606 4234 2620 4283 ;
2660 4213 2769 4288 ἄρα
2803 4217 3113 4291 δικαιοσύνη
3147 4220 3265 4274 ἐστὶ
3297 4223 3361 4276 τδ
3400 4222 3593 4277 λαλού-

330 4313 466 4383 quid
501 4312 726 4366 facitis?
762 4325 893 4366 num
918 4308 1150 4379 justitiae
1181 4316 1448 4363 consonat
1484 4309 1534 4364 id
1559 4308 1705 4380 quod
1736 4308 1896 4378 loqui-

2052 4325 2217 4374 ιενον;
2256 4304 2367 4381 ἆρα
2408 4309 2474 4363 δι’
2526 4309 2816 4381 εὐθύτητος
2864 4311 2964 4383 τὴν
3014 4313 3196 4384 κρίσιν
3248 4314 3590 4384 προσάγετε-ς

335 4406 509 4459 mini?
537 4419 664 4458 num
690 4412 898 4477 rectum
921 4402 1187 4473 judicium
1222 4402 1543 4457 instituitis?
1563 4401 1725 4471 Atqui
1753 4401 1910 4457 video
1938 4450 1946 4457 .

334 4504 517 4550 vestra
553 4493 718 4547 corda
761 4494 814 4546 in
868 4499 1013 4547 terra
1048 4507 1191 4549 esse.
1239 4492 1530 4562 omnisque
1581 4492 1808 4562 agitatio
1857 4501 1912 4546 et

338 4586 505 4640 motio
537 4584 721 4641 cordis
759 4600 899 4653 opus
929 4592 1035 4645 est,
1067 4599 1174 4639 non
1212 4584 1502 4655 cogitatio;
1540 4584 1704 4639 simul
1747 4594 1910 4658 atque

334 4679 537 4731 malum
583 4685 777 4733 vestra:
830 4676 1021 4731 menti'
1050 4676 1316 4739 occurrit,
1369 4675 1724 4746 conjungitur
1770 4691 1907 4747 opus

333 4787 456 4825 cum
511 4764 973 4840 cogitationibus,
1020 4782 1233 4822 summa
1290 4767 1571 4821 celeritate
1620 4782 1904 4823 manuum.

330 4868 457 4923 Πίος
493 4879 558 4918 ex
592 4861 805 4932 psalmo
836 4860 1105 4915 claritatis
1137 4874 1304 4914 causa
1333 4860 1498 4916 latius
1528 4857 1776 4914 nonnihil
1808 4874 1906 4913 cx-

334 4958 557 5026 planare
584 4955 754 5012 volui.
792 4951 974 5010 Verba
1006 4953 1087 5007 sic
1119 4968 1179 5007 se
1219 4951 1461 5008 habent:
1504 4970 1525 5003 c
1562 4950 1617 5005 Si
1650 4966 1777 5005 vere
1803 4951 1909 5004 uti-

331 5061 438 5116 que
461 5047 734 5117 justitiam
766 5044 1084 5115 loquimini,
1110 5049 1263 5097 recte
1290 5042 1554 5111 judicate,
1584 5041 1695 5094 .lilii
1739 5041 1909 5095 homi-

331 5154 485 5193 num.
522 5136 738 5192 Etenim
784 5137 840 5191 in
886 5134 1051 5190 corde
1102 5132 1420 5204 iniquitates
1463 5131 1805 5202 operamini;
1851 5130 1905 5184 in

333 5238 479 5285 terra
514 5229 762 5299 justitias
792 5242 989 5282 manus
1014 5234 1213 5281 vestrae
1250 5225 1604 5280 concinnant.
1645 5242 1664 5275 ι
1704 5222 1908 5277 Deinde

331 5320 627 5389 deplorans
664 5334 758 5373 eos
785 5319 875 5387 qui
900 5332 930 5370 a
960 5317 1138 5372 salute
1181 5315 1518 5381 exciderant,
1538 5311 1660 5368 haec
1687 5314 1911 5383 subjun-

338 5404 451 5475 git:
490 5428 509 5461 ι
558 5410 792 5465 Alienati
818 5418 945 5463 sunt
974 5415 1292 5479 peccatores
1321 5422 1350 5460 a
1380 5407 1537 5460 vulva
1569 5414 1624 5463 et
1654 5416 1825 5462 utcto.
1861 5425 1879 5457 ι

410 5591 536 5649 Haec
595 5591 949 5656 intellexeris,
1017 5592 1061 5647 si
1113 5590 1382 5660 inquiras,
1433 5601 1682 5659 quamam
1728 5588 1901 5659 prima

2013 4401 2122 4453 Καὶ
2155 4399 2262 4470 μὴν
2302 4397 2413 4469 ὁρῶ
2437 4400 2518 4452 ὅτι
2571 4402 2628 4452 ἐν
2679 4403 2748 4471 γῇ
2785 4401 2885 4471 μὲν
2912 4401 3063 4473 ὑμῶν
3092 4404 3228 4456 εἰσιν
3261 4406 3317 4458 αἱ
3345 4406 3589 4476 καρδίαι,

2013 4492 2107 4544 καὶ
2160 4493 2270 4544 πᾶν
2324 4490 2609 4565 ἐγκάρδιον
2661 4491 2900 4563 κίνημα,
2962 4492 3120 4564 ἔργον
3172 4493 3292 4548 ἐστὶ
3348 4498 3445 4550 καὶ
3471 4498 3594 4568 οὐχὶ

2011 4585 2209 4655 νόημα.
2243 4585 2416 4648 Εὐθὺς
2439 4585 2548 4655 γὰρ
2575 4584 2711 4655 ὁμοῦ
2738 4584 2815 4656 τῷ
2850 4586 3108 4655 συστῆναι
3138 4587 3199 4640 τὸ
3227 4589 3400 4642 κακὸν
3441 4593 3500 4643 ἐν
3524 4594 3593 4662 τῇ

2012 4674 2250 4745 διανοίᾳ,
2283 4674 2654 4744 συμπλέκεται
2682 4676 2743 4728 τὸ
2786 4675 2946 4746 ἔργον
2982 4675 3070 4728 διὰ
3103 4675 3210 4728 τῶν
3241 4676 3441 4747 χειρῶν
3480 4684 3595 4743 τοῖς

2011 4767 2105 4837 νοή
2117 4782 2299 4836 μασιν.
2330 4766 2517 4821 Ταῦτα
2544 4767 2841 4837 σαφηνείας
2870 4768 3032 4841 χάριν
3055 4810 3069 4832 ,
3115 4770 3307 4841 μικρόν
3333 4787 3385 4822 τι
3414 4788 3599 4841 παρα-

2014 4858 2228 4929 φράσας
2284 4860 2383 4929 τῆς
2431 4858 2709 4929 ψαλμικῆς
2761 4859 3000 4926 λέξεως,
3059 4860 3322 4934 ἐξεθέμην
3371 4864 3599 4935 ῥήματα

2014 4950 2204 5020 ἔχοντα
2240 4949 2434 5014 οὕτως·
2464 4970 2482 5001 ι
2502 4951 2565 5003 El
2597 4951 2811 5021 ἀληθῶς
2841 4952 2950 5024 ἄρα
2977 4952 3321 5026 δικαιοσύνην
3354 4954 3595 5019 λαλεῖτε,

2013 5041 2229 5105 εὐθείας
2259 5041 2495 5114 κρίνετε,
2511 5042 2732 5096 υἱοὶτῶν
2756 5042 3078 5115 ἀνθρώπων.
3103 5045 3210 5099 Καὶ
3243 5044 3351 5117 γὰρ
3374 5048 3433 5100 ἐν
3458 5064 3599 5119 καρ-

2014 5134 2103 5205 δίᾳ
2141 5135 2370 5206 ἀνομίαν
2421 5134 2717 5204 ἐργάζεσθε
2754 5137 2813 5189 ἐν
2839 5139 2904 5207 τῇ
2935 5140 3004 5208 γῇ
3026 5177 3040 5200 ,
3070 5138 3281 5193 ἀδικίαν
3330 5139 3388 5191 αί
3414 5143 3600 5211 χεῖρες

2017 5223 2170 5294 ὐμῶν
2197 5224 2617 5297 συμπλέκουσιν.
2649 5246 2666 5279 ι
2698 5222 2832 5281 Εἶτα
2859 5227 3054 5296 ἐπάγει
3089 5228 3420 5299 σχετλιάζων
3454 5231 3599 5300 ὑπὲρ

2016 5315 2123 5369 τῶν
2171 5317 2270 5388 τῆς
2318 5318 2591 5389 σωτηρίας
2632 5319 3065 5373 ἐκπεπτωκότων
3115 5319 3214 5383 τὰς
3250 5321 3392 5391 μετά
3422 5320 3599 5375 ταῦτα

2018 5408 2221 5477 φωνὰς,
2241 5428 2258 5460 ι
2298 5408 2862 5480 Ἀπηλλοτριῶθησαν,
2883 5428 2900 5461 ι
2933 5410 3125 5480 λέγων,
3166 5430 3183 5461 ι
3207 5413 3258 5464 ot
3281 5412 3599 5484 ἁμαρτωλοὶ

2014 5498 2123 5551 ἀπὸ
2146 5499 2357 5569 μήτρας
2375 5538 2389 5561 ,
2419 5500 2510 5552 καὶ
2544 5499 2653 5553 ἀπὸ
2680 5502 2777 5572 τῆς
2808 5500 3044 5571 γαστρὸς
3066 5500 3473 5573 ἐπλανήθησαν,
3499 5520 3520 5553 ι

2108 5592 2296 5663 Γνοίης
2324 5592 2369 5644 δ’
2398 5591 2463 5646 ἂν
2491 5592 2552 5646 τὸ
2579 5592 2868 5664 λεγόμενον
2908 5594 3170 5661 ἐξετάσας
3196 5595 3280 5660 τίς
3321 5599 3355 5668 ἡ
3403 5594 3594 5668 πρώτη
