3738 5984
182 163 288 224 593

1576 163 1642 219 IN
1679 164 2015 221 PSALMOS.

3325 168 3426 223 593

176 284 285 352 τῆς
308 277 654 352 ἀνθρωπίνης
676 278 987 344 συστάσεως
1013 281 1213 353 μήτρα,
1242 283 1335 337 καὶ
1362 282 1444 345 τίς
1486 281 1652 351 γαστὴ

1953 295 2112 335 uanae
2138 282 2553 352 compositionis
2581 282 2738 352 quasi
2771 282 2964 336 matrix
3002 281 3186 349 fuerit,
3222 292 3277 340 et
3306 286 3429 355 quis

181 372 565 443 κυοφορήσασα
592 372 654 425 τὸ
695 369 1217 445 ἀθρώπινον.ιοἷμαι
1244 374 1352 445 γὰρ
1387 375 1460 445 μὴ
1489 373 1654 444 ἄλλην
1685 370 1759 426 εἷ-

164 462 268 517 ’ναι
294 461 446 533 παρά
468 462 568 533 τὴν
594 460 687 514 τοῦ
717 461 852 515 Θεοῦ
875 462 1282 535 φιλανθρωπίαν
1310 464 1401 517 καὶ
1429 464 1758 534 ἀγαθότητα,

182 550 275 622 ἀφ’
295 546 361 624 ἦς
394 548 744 621 ὲπλάσθημέν
773 567 831 604 τε
881 551 974 604 xal
1017 551 1405 622 ἐγεννήθημεν.
1441 549 1607 605 Εἶπεν
1631 553 1759 623 γάρ·

190 643 548 712 «Ποιήσωμεν
572 639 858 712 ἄνθρωπον
885 642 1004 694 κατ’
1024 642 1206 695 εἰκόνα
1231 642 1616 713 ήμετέραν,καὶ
1641 642 1763 697 καθ’

184 732 463 803 ὁμοίωσιν,
484 746 508 783 ι
528 730 773 795 δπλάσας
787 732 1097 802 καταμόνας
1129 732 1227 795 τὰς
1248 715 1483 804 ’καρδίας
1554 735 1751 791 αὐτῶν.

186 824 296 878 Kal
320 822 482 876 πάλιν
516 822 713 894 φησιν’
750 843 769 875 ο
788 823 941 886 Υίοίις
971 824 1232 894 ἐγέννησα
1262 826 1354 879 καὶ
1386 825 1593 895 ὕψωσα,
1614 829 1768 882 αὐτοὶ

186 913 245 966 δέ
282 929 350 983 με
403 911 696 982 ἠθέτησαν.
728 931 746 964 ι
783 914 892 966 Kal
933 915 1130 984 μυρίας
1160 914 1277 969 ἔστι
1303 918 1552 982 τοιαύτας
1588 919 1769 989 φωνάς

189 1004 254 1058 ὲκ
293 1006 396 1076 τῆς
441 1004 602 1071 ἁγίας
634 1004 674 1056 Γ
679 1006 856 1076 ραφῆς
883 1003 1242 1069 ἀναλέξασθαι
1261 1047 1275 1069 ,
1307 1007 1374 1060 δι’
1408 1002 1482 1062 ὧν
1512 1010 1769 1078 ἐπιγινώ-

192 1111 403 1158 σκεται,
437 1095 521 1157 τίς
546 1095 579 1165 ἡ
607 1094 862 1149 πλάσασα
889 1097 1036 1166 ἡμᾶς
1060 1098 1273 1169 γαστὴρ
1293 1137 1308 1161 ,
1335 1098 1429 1151 καὶ
1461 1098 1542 1162 τίς
1571 1102 1604 1170 ἡ
1644 1119 1661 1149 ι
1677 1101 1773 1170 μή-

189 1203 295 1256 τηρ
326 1186 362 1255 ἡ
412 1186 492 1249 είς
521 1186 635 1255 φῶς
663 1188 1050 1257 προαγαγοῦσα
1082 1189 1170 1242 διὰ
1213 1190 1532 1260 γεννήσεως.
1569 1209 1587 1242 ι
1631 1190 1773 1261 Πρὸς

189 1275 366 1328 ταῦτα
392 1272 486 1329 οὖν
518 1276 732 1347 βλέπων
756 1280 784 1331 ὁ
813 1278 1139 1348 σχετλιάζων
1167 1280 1260 1333 ἐπὶ
1290 1282 1357 1352 τῇ
1397 1280 1640 1352 ἀπωλείᾳ
1667 1282 1774 1334 τῶν

193 1367 611 1437 ἀφεστηκότων,
645 1368 927 1439 ὀδύρεται·
955 1369 1150 1441 θρῆνος
1188 1369 1295 1442 γάρ
1342 1371 1598 1443 ἄντικρύς
1630 1373 1775 1425 ἐστιν

194 1461 231 1529 ὴ
263 1460 440 1530 φωνὴ,
471 1459 538 1513 δι’
569 1456 636 1532 ἦς
673 1463 800 1524 τοὺς
827 1462 1188 1532 ἁμαρτωλοὺς
1224 1462 1562 1533 ὀλοφύρεται.
1601 1481 1618 1514 ι
1654 1463 1777 1524 Πῶς

196 1548 639 1621 ἡλλοτριώθησαν
661 1552 712 1603 οί
742 1552 1055 1623 ἁμαρτωλοὶ
1078 1552 1185 1605 ἀπὸ
1208 1556 1449 1624 μήτρας;
1488 1574 1505 1605 ι
1532 1553 1646 1616 πῶς
1670 1554 1777 1606 ἀπὸ

1863 379 2074 436 venter,
2101 373 2194 442 qui
2239 374 2539 428 humanum
2589 388 2764 444 genus
2800 374 3020 440 tulerit;
3060 390 3236 445 neque
3284 376 3428 430 cnim
3480 442 3495 455 δ

1862 463 2028 517 alium
2062 478 2186 521 esse
2236 465 2476 521 arbitror
2530 473 2726 536 praeter
2760 466 3145 535 benignitatem
3190 477 3243 523 et
3277 468 3434 523 boni-

1862 562 2028 609 tatem
2059 554 2177 619 Dei,
2228 572 2257 609 a
2291 570 2398 625 qua
2445 556 2557 611 lieti
2608 565 2660 610 et
2723 556 2976 626 prognati
3020 571 3234 612 sumus.
3290 557 3434 611 Dixit

1864 647 2047 713 enim;
2103 666 2121 697 ι
2148 644 2437 702 Faciamus
2466 647 2744 703 hominem
2789 648 3092 703 secundum
3141 649 3434 719 imaginem

1864 746 1917 792 et
1972 738 2388 794 similitudinem
2448 741 2784 805 nostram',»
2827 741 2918 811 qui
2969 740 3123 794 ﬁnxit
3157 741 3433 812 sigillatim

1864 831 2028 884 corda
2064 845 2278 885 eorum.
2365 830 2579 888 Rursus
2608 835 2682 887 ait
2715 855 2728 887 ε
2768 853 2785 885 ι
2807 833 2975 889 Filios
3012 834 3176 903 genui
3208 842 3261 887 et
3290 833 3439 887 exal-

1866 921 1999 979 tavi,
2052 919 2155 988 ipsi
2202 934 2330 974 vero
2382 934 2467 974 me
2516 914 2930 990 spreveruntsﬂ
2952 930 3006 977 et
3037 921 3248 975 inﬁnita
3274 920 3438 990 hujus

1867 1011 2084 1081 generis
2110 1026 2174 1066 ex
2199 1011 2372 1066 sacris
2398 1009 2617 1066 Litteris
2646 1012 2899 1082 colligere
2917 1013 3061 1078 licet,
3089 1012 3291 1082 quibus
3326 1025 3441 1065 ma-

1870 1099 2131 1155 nifestum
2165 1100 2448 1163 reddatur,
2474 1100 2729 1171 quisnam
2762 1102 2833 1156 sit
2860 1110 3048 1156 venter
3078 1104 3168 1171 qui
3210 1117 3312 1157 nos
3342 1102 3444 1155 lin-

1874 1189 2456 1261 xit.etqu:ecmatrix,
2494 1206 2615 1261 quae
2648 1192 2702 1245 in
2751 1192 2929 1247 lucem
2984 1206 3083 1246 nos
3130 1191 3449 1262 generando
3508 1252 3513 1261 ι

1875 1279 2101 1339 edidit.»
2122 1272 2421 1352 liieeigitur
2452 1281 2809 1341 considerans
2834 1282 2945 1344 ille,
2974 1282 3159 1353 quiob
3190 1281 3449 1352 perditio-

1877 1383 1999 1423 nem
2030 1368 2314 1424 hominum
2361 1388 2390 1425 a
2421 1370 2528 1427 Deo
2584 1370 3007 1427 desciscentium
3063 1371 3229 1443 luget,
3273 1372 3328 1426 in
3374 1372 3449 1437 1a-

1886 1470 2069 1514 menta
2101 1462 2383 1531 erumpit;
2415 1477 2539 1517 nam
2574 1463 2983 1519 lamentationis
3013 1464 3189 1519 instar
3222 1450 3315 1519 est
3346 1479 3448 1518 vox

1881 1551 1994 1614 illa,
2029 1567 2136 1621 qua
2166 1561 2480 1622 peccatores
2520 1553 2770 1624 deplorat
2808 1571 2822 1609 :
2853 1572 2872 1606 ‹
2899 1556 3186 1621 Quomodo
3229 1556 3448 1610 alienati

194 1643 294 1712 τῆς
316 1640 553 1712 γαστρὸς
581 1641 983 1714 ἐπλανήθησαν,
1001 1642 1060 1695 τὸ
1089 1643 1144 1697 δὲ
1166 1642 1360 1714 ψεῗιδος
1390 1644 1496 1716 πρὸ
1525 1644 1622 1716 τῆς
1645 1646 1670 1697 ἁ

1974 1650 2345 1712 itpeceatores
2372 1659 2400 1698 a
2436 1634 2661 1696 vulva”?
2683 1644 2994 1713 tquomodo
3024 1646 3091 1698 ab
3127 1654 3283 1700 utero
3300 1660 3450 1700 erra-

198 1732 350 1797 θείας
380 1728 847 1804 τιμήσαντες,.ὦν
873 1737 903 1789 ό
940 1735 1111 1806 θυμὸς
1156 1736 1292 1808 πρὸς
1326 1736 1414 1789 τὸν
1441 1738 1647 1808 πατέρα
1685 1737 1777 1790 τοῦ

194 1824 429 1894 ψεύδους
477 1826 570 1880 τὸν
624 1825 838 1897 πρῶτον
882 1826 995 1898 ἔχει
1042 1827 1138 1899 τὴν
1190 1829 1529 1899 ὀμοιότητα;-
1564 1848 1581 1879 ι
1636 1828 1782 1883 Ὡσεὶ

197 1918 485 1981 ἀσπίδος,ι
517 1919 698 1989 φησὶν,
735 1937 754 1971 ι
775 1920 961 1991 κωφῆς
988 1920 1081 1974 καὶ
1107 1919 1339 1990 βυούσης
1365 1921 1432 1975 τά
1451 1914 1564 1974 ὦτα
1590 1921 1779 1989 αὐτῆς,

196 2010 323 2080 ἥτις
386 2008 489 2063 οὐκ
530 2009 906 2064 εἰσακούσεται
951 2012 1134 2082 φωνὴν
1175 2012 1513 2083 ἐπᾳδόντων,
1559 2030 1781 2084 φαρμαο

198 2098 298 2152 κοῦ
349 2115 410 2152 τε
462 2101 927 2170 φαρμακευομένη
957 2100 1108 2170 παρά
1157 2101 1342 2173 σοφοῦ.
1375 2121 1393 2153 ›
1434 2101 1648 2173 Ταύτην
1677 2102 1783 2174 γὰρ

199 2190 378 2246 ὲνίδον
407 2189 505 2244 τοῦ
544 2190 733 2263 θηρίου
771 2191 868 2263 τὴν
915 2192 1074 2260 φύσιν
1104 2194 1152 2246 οί
1196 2194 1323 2265 περὶ
1369 2193 1542 2247 ταῦτα
1597 2195 1781 2264 σοφοί·

199 2283 287 2336 ὅτι
340 2282 515 2353 θυμὸν
566 2281 1058 2354 διαπιμπραμένη,
1120 2286 1425 2354 ἀποκρατεῖ
1474 2286 1534 2338 τὸ
1571 2285 1786 2357 πνεῦμα

201 2377 272 2446 τῇ
305 2375 583 2445 φάρυγγι,
628 2376 721 2429 xal
762 2376 824 2429 οὺ
872 2377 1154 2447 προΐεται,
1211 2377 1380 2431 ἀσκοῦ
1416 2378 1571 2450 δίκην
1603 2381 1667 2450 τῇ
1694 2378 1785 2432 τοῦ

204 2466 521 2537 πνεύματος
569 2468 628 2518 ὲν
658 2466 924 2537 ἀπολήψει
965 2467 1430 2539 περιοιδαίνουσα,
1488 2468 1577 2532 ὡς
1613 2460 1787 2522 πάντα

203 2558 293 2610 ἐπ’
341 2555 513 2627 αὐτῆς
564 2557 719 2629 ἀργὰ.
765 2559 945 2629 μένειν
997 2559 1092 2613 καὶ
1122 2561 1411 2630 ἄπρακτα,
1454 2561 1789 2633 δσαμθηρίων

205 2649 484 2721 θέλγητρα
512 2648 601 2702 διά
651 2666 793 2713 τινος
831 2653 1064 2721 φυσικῆς
1110 2651 1459 2714 ἀντιπαθείας
1502 2652 1652 2724 παρά
1683 2653 1789 2707 τῶν

203 2741 278 2792 τὰ
310 2738 539 2793 τοιαῦτα
566 2738 744 2808 σοφῶν
771 2739 1058 2812 ἐξηυρέθη.
1085 2741 1243 2793 Νοείν
1268 2742 1323 2793 δὲ
1353 2741 1533 2795 δίδωσι
1559 2743 1646 2796 διὰ
1670 2743 1791 2795 τού-

206 2848 340 2898 των,
371 2832 455 2884 ὅτι
487 2832 717 2902 ἀνήκοος
755 2832 902 2902 μένει
931 2831 1038 2885 τῶν
1081 2833 1139 2885 ἐν
1164 2833 1333 2904 κακίᾳ
1367 2835 1790 2904 κεκρατημένων

206 2927 244 2993 ἠ
269 2925 488 2996 καρδία,
516 2928 614 2996 τῆς
639 2923 785 2997 παρὰ
816 2924 923 2980 τῶν
958 2924 1286 2979 διδασκάλων
1317 2928 1663 2998 ὲπαγομένης
1696 2930 1790 2982 αύ-

207 3017 324 3078 τοίς
374 3013 690 3083 θεραπείας.
722 3014 831 3067 Καὶ
868 3016 1015 3068 πᾶσα
1048 3015 1104 3068 δὲ
1132 3017 1163 3087 ή
1198 3017 1296 3088 τῆς
1319 3016 1636 3088 ψαλμῳδίας
1661 3020 1791 3073 ἀκσ-

208 3104 403 3158 λουθία
423 3104 514 3157 διὰ
543 3103 742 3177 θρήνου
771 3107 1039 3177 προῆκται
1067 3105 1145 3176 τῷ
1177 3109 1243 3178 τῇ
1275 3108 1519 3179 ἀπωλείᾳ
1551 3108 1659 3163 τῶν
1688 3109 1795 3164 δει-

208 3191 384 3247 λαίων
432 3192 860 3258 ὲπιστενάζοντι.
890 3196 1283 3264 Προαναφωνετ
1319 3196 1425 3266 γάρ
1469 3199 1587 3251 κατ’
1619 3198 1796 3252 αὐτῶν

209 3286 279 3340 τὸ
312 3284 596 3356 ἐσόμενον,
631 3283 802 3353 λέγων
828 3301 841 3315 ·
889 3303 908 3336 ι
932 3285 988 3337 '0
1025 3284 1174 3349 Θεὸς
1197 3287 1474 3357 συντρίψει
1503 3289 1626 3351 τοὺς
1654 3289 1800 3342 ὀδόν-

208 3391 317 3439 τας
342 3374 526 3428 αὐτῶν
552 3377 610 3428 ἐν
651 3374 727 3446 τῷ
761 3376 986 3447 στόματι
1015 3376 1214 3431 αὐτῶν.
1240 3396 1258 3429 ι
1303 3378 1497 3442 Ποίους
1534 3375 1751 3443 ὀδόντας
1781 3421 1797 3448 ,

207 3469 248 3533 ἢ
290 3466 494 3537 δηλαδὴ
529 3466 656 3530 τοὺς
706 3467 805 3536 τῆς
840 3477 1119 3543 παρακοῆς
1171 3468 1461 3540 βρωτῆρας
1484 3510 1498 3533 ,
1538 3473 1664 3533 τοὺς
1692 3471 1799 3524 τῶν

214 3556 422 3626 ἡδονῶν
449 3558 548 3627 τῆς
591 3556 828 3627 γαστρὸς
866 3556 1145 3627 ὑπηρέτας
1178 3556 1314 3629 (οὓς
1361 3557 1498 3610 ὅπλα
1527 3560 1620 3611 καὶ
1671 3560 1797 3629 βέλη

214 3647 307 3700 διὰ
342 3647 444 3715 τῆς
474 3644 850 3716 προλαϐούσης
899 3646 1211 3717 ψαλμῳδίας
1244 3646 1526 3717 ὠνόμασεν
1542 3649 1595 3716 .),
1623 3648 1688 3701 δι’
1726 3643 1801 3702 ὧν

218 3739 319 3807 τῆς
353 3736 617 3806 ἀληθείας
636 3735 790 3803 λόγος
814 3732 1361 3806 κατασπαράττεται;
1394 3755 1410 3785 ι
1435 3737 1542 3789 Kal
1574 3737 1671 3800 τὰς
1703 3736 1802 3807 μύ-

218 3829 321 3892 λας
350 3828 463 3882 τῶν
507 3828 765 3891 λεόντων,
786 3847 807 3880 ι
841 3827 1005 3897 φησι,
1049 3846 1067 3877 ι
1099 3826 1424 3880 συνέθλασεν
1457 3829 1486 3880 ὁ
1521 3828 1745 3899 Κύριος.
1778 3849 1796 3880 ι

220 3921 417 3991 Γνοίης
460 3920 506 3972 δ’
551 3919 618 3974 ἂν
644 3919 793 3982 τίνας
823 3918 1073 3988 ὠνόμασε
1106 3917 1357 3983 λέοντας,
1390 3920 1435 3971 εί
1477 3918 1667 3989 μάθοις
1698 3919 1805 3973 τῶν

222 4013 431 4084 θηρίων
462 4010 665 4065 τούτων
700 4012 769 4064 τὰ
813 4009 1095 4081 ἰδιώματα.
1114 4010 1348 4077 Λέγουσι
1378 4009 1484 4081 γὰρ
1506 4006 1645 4065 εἶναι
1682 4013 1807 4076 τοὺς

1880 1741 2099 1798 verunt,
2139 1731 2600 1802 mendaciumque
2640 1734 2857 1788 veritati
2885 1736 3241 1805 prietulernnt
3264 1775 3280 1801 ,
3316 1752 3452 1804 quo-

1882 1837 2001 1876 rum
2034 1821 2187 1878 furor
2209 1839 2331 1878 cum
2366 1824 2542 1893 primo
2562 1823 2832 1881 mendacii
2854 1836 3010 1896 patre
3031 1827 3452 1882 similitudinem

1882 1910 2114 1968 habet?«
2139 1912 2420 1985 Tanquam
2443 1917 2671 1986 aspidis,
2706 1937 2725 1971 ι
2759 1918 2957 1988 inquit,
2982 1937 3001 1970 ο
3028 1919 3207 1975 surda:
3229 1929 3281 1973 et
3301 1919 3454 1974 obtu-

1884 2006 2063 2060 rantis
2106 2021 2267 2062 aures
2307 2022 2457 2069 suas,
2490 2024 2610 2078 quae
2640 2025 2749 2065 non
2781 2011 3034 2066 exaudiet
3058 2025 3244 2065 vocem
3275 2010 3456 2064 incan-

1884 2099 2118 2152 tantium
2182 2106 2237 2155 et
2302 2100 2529 2157 veneﬁci
2583 2101 2919 2157 incantantis
2960 2103 3312 2172 sapienter”
3363 2102 3456 2155 tali

1885 2191 2030 2246 enim
2065 2200 2259 2246 natura
2298 2191 2580 2261 praeditam
2621 2192 2777 2247 aiunt
2805 2193 2948 2248 hanc
2980 2193 3211 2248 bestiam
3249 2192 3324 2245 illi
3364 2192 3456 2261 qui

1887 2279 1974 2336 his
2003 2291 2231 2337 vacant:
2285 2282 2367 2335 ira
2424 2290 2645 2353 turgens
2693 2289 2747 2337 et
2789 2282 3143 2337 inardescens
3200 2279 3451 2360 faucibus

1888 2372 2159 2441 spiritum
2184 2374 2517 2444 comprimit,
2568 2373 3031 2444 neque-emittit;
3076 2373 3211 2427 utris
3262 2373 3457 2435 instar,

1889 2466 1960 2520 ob
2003 2466 2229 2536 spiritus
2267 2467 2652 2538 receptionem,
2726 2467 3119 2532 intumescens,
3148 2480 3257 2535 quo
3284 2465 3361 2529 iit,
3402 2473 3459 2517 ιιι

1890 2556 2071 2610 omnia
2097 2556 2392 2611 ineliicacia
2423 2565 2477 2612 et
2520 2556 2736 2612 inutilia
2800 2559 2929 2622 sint,
2983 2571 3329 2626 quaecunque
3370 2570 3462 2608 sa-

1892 2645 2106 2716 pientes
2157 2648 2223 2701 ad
2283 2647 2647 2705 deniuleenda
2700 2656 2753 2703 et
2798 2647 3110 2702 delinienda
3140 2644 3461 2715 hujusmodi

1894 2738 2148 2792 animalia
2197 2724 2535 2810 excogitant.
2591 2738 2877 2809 Signiﬁcat
2922 2739 3011 2794 his
3074 2752 3170 2792 cor
3221 2737 3461 2797 illorum,

1895 2828 1987 2897 qui
2021 2843 2049 2881 a
2072 2830 2311 2897 peccatis
2359 2830 2615 2900 occupati
2654 2837 2803 2895 sunt,
2852 2844 3028 2899 neque
3058 2829 3126 2883 ad
3175 2844 3335 2883 aures
3373 2827 3467 2880 ad-

1896 2918 2112 2974 mittere
2142 2917 2469 2973 medicinam
2517 2919 2689 2984 illam,
2737 2933 2859 2988 qnte
2905 2918 3095 2988 ipsisa
3145 2917 3466 2972 doctoribus

1897 3016 1971 3062 et:
2004 3009 2281 3079 magistris
2314 3009 2621 3064 adhibetur.
2669 3008 2804 3064 Tota
2860 3024 2990 3064 vero
3047 3007 3242 3078 psalmi
3293 3006 3465 3062 series

1895 3097 2281 3170 lamentatiope
2307 3099 2636 3162 contexitur,
2665 3097 2795 3153 dum
2826 3099 3152 3153 miserorum
3176 3097 3459 3151 interitum

1897 3191 2163 3262 deploret,
2194 3174 2388 3247 contra
2428 3206 2570 3262 quos
2612 3191 2665 3245 id
2711 3191 2874 3246 etiam
2904 3189 3051 3260 quod
3086 3188 3333 3242 futurum
3360 3195 3465 3249 est,

1899 3282 2157 3337 inclamat
2207 3300 2222 3338 :
2281 3300 2299 3333 ι
2327 3285 2488 3347 Deus,
2522 3301 2540 3334 ι
2588 3282 2864 3351 inquiens,
2920 3297 2939 3330 ‹
2966 3286 3247 3334 conterct‘
3282 3278 3474 3331 dentes

1899 3389 2089 3430 eorum
2130 3375 2185 3428 in
2215 3388 2310 3429 ore
2370 3374 2637 3443 ipsorum.
2668 3392 2685 3423 ι
2744 3371 2946 3437 Quales
2994 3369 3227 3424 dentes?
3250 3383 3318 3422 an
3354 3383 3472 3428 eos,

1906 3465 1999 3535 qui
2036 3465 2461 3519 inobedientiam
2498 3463 2786 3525 mandunt,
2820 3461 3105 3516 ministros
3133 3461 3475 3530 voluptatum

1900 3558 2133 3621 ventris,
2173 3571 2314 3627 quos
2349 3570 2499 3608 arma
2531 3562 2585 3608 et
2615 3554 2843 3623 sagittas
2878 3551 3218 3622 prmeedente
3264 3551 3477 3619 psalmo

1903 3650 2234 3711 nominarat,
2290 3647 2495 3718 quibus
2553 3644 2802 3699 veritatis
2861 3658 3046 3699 sermo
3108 3641 3480 3711 discerpitur?

1904 3741 2017 3797 i‘Et
2044 3742 2215 3796 molas
2246 3742 2461 3797 leonum
2493 3758 2538 3804 ι,
2569 3738 2767 3807 inquit,
2808 3755 2826 3786 σ
2848 3735 3108 3791 contrivit
3134 3734 3399 3788 Dominus
3425 3773 3438 3786 .
3458 3753 3475 3784 ι

1904 3836 2053 3902 Quos
2085 3852 2103 3886 ι
2135 3835 2319 3889 leones
2339 3852 2356 3885 ι
2395 3829 2777 3891 nominaverit,
2803 3827 3100 3899 intelliges,
3137 3826 3184 3882 si
3214 3842 3336 3896 qua:
3368 3825 3480 3879 leo-

1913 3941 2044 3981 num
2084 3926 2195 3980 sint
2230 3924 2589 3996 proprietates
2615 3921 2820 3992 discas.
2870 3919 3039 3973 Aiunt
3074 3920 3261 3973 leones
3292 3916 3485 3989 [oculis

1915 4030 2037 4071 esse
2061 4013 2334 4075 distortis,
2365 4012 2684 4067 carnivoros
2702 4018 2901 4066 natura
2918 4018 2971 4063 et
2987 4008 3193 4064 amicos
3210 4005 3482 4077 sanguini.

222 4103 480 4167 λέοντας,
515 4100 926 4172 ὲνδιαστρόφους
972 4100 1035 4153 τὸ
1074 4100 1227 4171 ὄμμα
1251 4140 1263 4163 ,
1309 4094 1384 4154 ὧν
1413 4100 1805 4175 σαρκοϐόροςὴ
1849 4106 2044 4175 φύσις,
2079 4102 2274 4174 καὶτῷ
2311 4103 2502 4174 αἵματι
2536 4102 2686 4173 φίλη.

301 4192 462 4258 Οἶδας
489 4193 547 4247 δὲ
567 4193 783 4255 παντως
806 4193 867 4246 τὸ
892 4191 1119 4263 αἴνιγμα
1143 4192 1246 4262 τῆξ
1269 4191 1379 4247 τῶν
1401 4194 1665 4264 ὀμμάτων
1689 4195 1776 4249 δια

2010 4198 2198 4265 Iernis,
2230 4196 2445 4266 Opinor,
2505 4195 2636 4266 quid
2682 4194 2785 4251 sibi
2842 4193 2973 4248 velit
3013 4191 3243 4261 aenigma
3272 4189 3339 4243 de
3370 4188 3486 4243 dis~

226 4290 503 4359 στροφῆς,
536 4286 643 4339 τῶν
674 4286 748 4356 μὴ
779 4285 915 4357 πρὸς
952 4285 1016 4338 τὸ
1042 4284 1172 4338 εὐθὺ
1208 4284 1511 4355 βλεπόντων
1535 4328 1548 4351 ,
1585 4288 1680 4342 καὶ
1713 4291 1812 4359 τῆς

226 4380 424 4450 ἀηδίας
445 4378 542 4432 τοῦ
573 4378 881 4448 ἄσθματος,
917 4376 1025 4430 τῶν
1053 4377 1135 4440 είς
1167 4376 1511 4448 βλασφημίαν
1539 4380 1814 4450 κεχρημέ-

225 4490 337 4527 νων
364 4470 444 4541 τῷ
466 4471 714 4541 στόματι,
731 4469 827 4523 καὶ
847 4468 934 4522 διὰ
956 4468 1114 4522 τοῦτο
1136 4469 1411 4537 συγγενῶς
1427 4471 1659 4540 ἑχόντων
1681 4474 1815 4545 πρὸς

226 4567 332 4637 τὴν
353 4568 454 4636 τῆς
485 4563 761 4634 ἁμαρτίας
797 4562 1078 4616 δυσωδίαν.
1112 4562 1221 4623 Καὶ
1243 4563 1564 4617 ὅσα-νοεῖται
1599 4564 1688 4618 διά
1720 4564 1815 4618 τοῦ

226 4659 542 4728 ἄσθματος,
565 4656 648 4708 ὃτι
689 4653 824 4725 σὰρξ
868 4655 961 4708 καὶ
989 4648 1149 4724 αἷμα,
1202 4653 1340 4723 ὅπερ
1368 4654 1599 4723 μάλιστα
1630 4655 1816 4727 τρέφει

224 4750 341 4803 τῶν
368 4749 602 4803 λεόντων
623 4747 725 4818 τὴν
745 4746 927 4825 φύσιν,
961 4746 1132 4799 ταῦτα
1153 4747 1232 4809 είς
1252 4744 1346 4798 τοῦ
1369 4745 1503 4799 Θεοῦ
1541 4745 1816 4817 βασιλείαν

228 4842 538 4911 ἀπόϐλητα.
586 4840 677 4894 Ἐν
724 4838 832 4910 γὰρ
862 4838 942 4908 ﬂii
972 4836 1148 4909 καιρῷ
1177 4838 1275 4908 τῆς
1301 4838 1406 4890 τῶν
1438 4827 1603 4905 ἀξίων
1630 4842 1813 4910 τιμῆςν

237 4956 257 4988 ι
290 4931 479 4999 οὗτοι,
511 4952 530 4984 ι
586 4931 780 5002 φησὶν,
832 4929 1402 4999 «ἐξουδενωθῆσονται,
1426 4948 1443 4980 ι
1497 4931 1562 5000 τῇ
1599 4930 1816 4998 ἁστὰτῳ

233 5028 400 5097 φύσει
424 5024 534 5079 τῶν
564 5021 766 5077 ὑλικῶν
809 5020 1154 5094 πραγμάτων
1186 5015 1267 5083 οἷς
1301 5019 1815 5092 προσῳκειώοησαν,

235 5119 381 5173 κατά
413 5116 506 5169 τὸν
536 5114 650 5185 βίον
684 5110 1815 5186 ωγκαταρῤέοντεςαἙξουδενωοήσονταιο

230 5206 381 5283 τγάρ,
427 5210 594 5281 φησιν
624 5247 639 5273 ,
695 5225 714 5258 ‹
742 5206 817 5269 ὡς
864 5205 1007 5275 ὕδωρ
1042 5203 1509 5275 διαπορευόμενον.
1546 5222 1565 5255 ι
1614 5204 1674 5257 Ὀ
1713 5204 1822 5274 γὰρ

240 5302 479 5374 πονηρὸς
511 5297 656 5353 κατὰ
682 5297 789 5350 τῶν
816 5295 1003 5366 ψυχῶν
1039 5298 1071 5366 ὴ
1082 5294 1196 5367 μῶν
1223 5294 1472 5363 τοξότης,
1508 5295 1535 5346 ό
1558 5292 1625 5347 τὰ
1652 5309 1824 5346 πεπυ-

242 5393 466 5468 ρωμένα
511 5391 640 5462 βέλη
684 5391 787 5459 τῆς
837 5387 1108 5460 ἁμαρτιας
1150 5385 1290 5440 κατὰ
1335 5388 1433 5456 τῆς
1476 5385 1819 5457 ἀνθρωτίνης

319 5572 337 5603 ⁷
363 5570 501 5627 Gen.
544 5584 582 5637 I,
607 5567 701 5623 i6.
778 5568 797 5597 ⁸
830 5566 974 5623 l’sal.
1008 5580 1180 5631 xxxii,
1230 5563 1290 5615 ’⁵.
1364 5566 1384 5597 ⁹
1411 5562 1511 5618 lsa.
1544 5577 1603 5630 ιι,
1650 5565 1696 5617 l.

1911 4291 2071 4347 tortis
2117 4288 2295 4345 oculis
2329 4303 2559 4351 eorum,
2612 4287 2705 4357 qui
2750 4296 2898 4341 recta
2936 4283 3138 4338 intueri
3189 4291 3487 4350 nequeunt,

1911 4380 2151 4452 quidque
2202 4378 2307 4435 sibi
2355 4377 2484 4433 velit
2538 4376 2906 4447 graveolentia
2951 4373 3232 4427 anhelitus
3275 4387 3490 4435 eorum,

1914 4453 2016 4544 qui.
2038 4486 2134 4527 ore
2166 4486 2269 4527 suo
2298 4469 2366 4524 ad
2412 4467 2784 4538 blasphemias
2817 4472 3046 4521 utuntur
3081 4472 3136 4520 et
3170 4465 3241 4517 ob
3280 4463 3332 4518 id
3368 4478 3490 4517 cum

1915 4563 2125 4635 peccati
2177 4562 2349 4617 fetore
2404 4560 2785 4632 cognationem
2832 4558 3133 4627 quamdam
3177 4555 3398 4618 habent,
3437 4565 3496 4605 nt

1922 4664 2240 4724 pneteream
2310 4653 2438 4714 alia,
2502 4665 2627 4721 qua:
2697 4649 2904 4702 halitus
2967 4648 3189 4701 nomine
3268 4645 3495 4711 intelligi

1921 4752 2150 4815 queunt,
2197 4745 2322 4815 quia
2357 4757 2488 4797 caro
2523 4750 2579 4795 et
2598 4739 2849 4808 sanguis,
2893 4738 3095 4808 quibus
3148 4743 3339 4788 natura
3388 4733 3498 4786 leo-

1922 4853 2054 4892 num
2083 4837 2318 4892 maxime
2352 4836 2537 4899 alitur,
2581 4834 2765 4902 inepta
2811 4838 2942 4887 sunt
2972 4828 3042 4882 ad
3088 4826 3183 4881 Dei
3238 4841 3497 4894 regnum:

1922 4943 2003 4984 ea
2026 4928 2171 4982 enim
2205 4936 2471 4996 tempore,
2504 4922 2784 4994 quo-justi
2815 4920 3057 4975 debitum
3082 4918 3345 4971 honorem
3376 4932 3502 4968 υυιιο

1925 5026 2248 5088 sequentur,
2286 5035 2304 5068 ι
2335 5017 2448 5079 isti,
2470 5035 2492 5070 ι
2535 5016 2733 5087 inquit,
2758 5034 2776 5065 ι
2794 5013 2873 5067 ad
2898 5011 3128 5066 nihilum
3151 5008 3495 5072 devenient.)

1928 5110 2228 5166 deﬂuentes
2259 5111 2421 5164 simul
2452 5124 2578 5164 cum
2612 5105 2854 5162 instabili
2893 5118 3075 5158 rerum
3130 5101 3496 5157 materialium

1930 5202 2370 5273 natura,quibus
2409 5216 2469 5256 se
2501 5201 2557 5254 in
2599 5200 2701 5253 ista
2737 5199 2848 5251 vita
2882 5194 3103 5265 penitus
3143 5191 3494 5257 addixeram,

1932 5302 1986 5349 et
2018 5293 2226 5348 similes
2264 5291 2574 5348 eﬂ‘ecerant.
2609 5308 2627 5342 ι
2653 5288 2732 5343 Ad
2767 5287 2997 5342 nihilum
3027 5286 3336 5348 devenient,
3368 5301 3386 5333 ι
3422 5284 3508 5337 in-

1934 5386 2070 5458 quit,
2098 5405 2116 5439 ι
2143 5386 2285 5443 sicut
2320 5399 2462 5456 aqua
2497 5382 2796 5440 decurrens
2826 5399 2843 5453 ς
2872 5400 2888 5432 ι
2924 5379 3194 5436 scelestus
3227 5376 3371 5433 enim
3424 5371 3511 5426 ille
