3738 5984
310 171 413 229 595
1544 160 1600 215 S.
1640 158 1965 216 GREGORII
2002 158 2293 215 NYSSENI
3457 168 3556 223 596

304 281 597 350 jaculator,
653 278 747 349 qui
787 276 1001 331 animas
1062 285 1279 331 nostras
1316 276 1439 332 telis
1480 277 1594 331 suis
1637 275 1876 342 infestat,

2049 274 2223 329 θύνων
2253 275 2398 345 ζωῆς
2417 314 2432 337 ,
2461 275 2521 328 οὐ
2568 274 2802 329 παύεται
2826 275 2946 328 κατ’
2976 272 3156 330 αὐτῶν
3184 270 3559 343 τοξαζόμενος,

307 374 510 443 quique
542 371 712 442 ignita
740 370 846 424 tela
882 367 1091 439 peccati
1138 376 1329 422 contra
1365 367 1662 422 humanum
1704 381 1876 437 genus

2049 381 2083 428 ις
2105 364 2283 418 αὐτῶν
2309 364 2621 437 ἐκνευρώσῃ
2649 364 2748 436 τὴν
2773 364 3028 436 δύναμιν.
3070 385 3089 418 ι
3112 365 3352 423 Ἐντενεῖ
3386 365 3510 437 γὰρ,
3534 385 3553 417 ο

305 462 513 533 dirigit,
548 476 657 515 non
689 459 841 530 prius
873 457 1089 513 absistit
1123 456 1191 511 ab
1219 456 1287 511 iis
1324 455 1670 527 impetendis.
1710 469 1872 524 quam

2049 455 2142 524 ,c‘tv
2162 495 2177 520 ,
2211 472 2230 507 ι
2258 454 2318 509 τὸ
2346 455 2500 521 τόξον
2525 455 2712 523 αὑτοῦ,
2740 457 2845 521 ἕως
2873 449 2935 512 οὗ
2960 456 3368 527 ἀσθενήσουσιν.
3399 474 3419 506 ι
3456 456 3563 510 Καὶ

306 555 523 610 illorum
564 553 709 608 vires
769 550 1062 606 enervarit.
1126 547 1422 602 «Intendet
1472 547 1616 601 enim
1687 559 1875 600 arcum

2049 562 2224 600 νονται
2256 546 2424 616 κηρὸς
2447 547 2767 617 τηκόμενος,
2806 546 2941 618 πρὸς
2974 547 3080 600 πᾶν
3103 541 3239 609 εἶδος
3284 544 3380 599 τοῦ
3424 545 3563 599 κατὰ

305 661 487 710 suum,
520 644 692 700 donec
720 641 1092 707 inﬁrmentur;
1129 660 1147 693 ι
1182 649 1236 695 et
1269 639 1423 704 ﬁunt,
1468 647 1527 693 ut
1556 654 1681 694 cera
1706 639 1876 708 lique-

2049 653 2076 687 ν
2101 634 2373 708 ἁμαρτίαν
2395 639 2742 708 χαρακτῆρος
2761 637 2997 701 εὐκόλως
3032 635 3433 707 μορφούμενος’
3465 638 3560 689 καὶ

306 750 489 801 scens,
525 734 591 790 ad
616 749 831 790 omnem
861 732 1091 787 formam
1126 731 1609 801 improbitatisque
1643 730 1871 800 ﬁguram

2049 726 2182 790 ὂτοις
2212 725 2293 780 ἔτι
2328 728 2650 798 προστίθησι
2678 729 2777 793 τὰς
2819 728 3107 801 ὀδυρτικάς
3156 728 3376 789 ὲκείνας
3422 727 3563 782 κατά

304 828 519 883 faciles.
554 826 652 881 llis
700 824 850 879 addit
885 822 1264 878 lamentabiles
1314 822 1435 877 illas
1478 821 1740 876 adversus
1783 818 1877 873 mi-

2049 834 2086 868 ιν
2108 816 2352 871 δειλαίων
2374 817 2605 886 φωνὰς,ι
2627 816 2864 873 Ἔπεσεν
2895 819 3024 889 πῦρ,
3046 837 3065 871 ι
3094 818 3318 886 λέγων,‹
3342 819 3438 872 καὶ
3462 820 3560 873 οὐκ

304 931 458 972 seros
489 931 653 971 voces
685 938 697 968 :
747 933 765 965 ι
792 912 1168 984 Supercecidit
1201 912 1345 983 ignis
1368 924 1424 967 et
1458 927 1565 967 non
1619 910 1876 964 viderunt

2049 925 2084 963 IV
2108 908 2199 962 τὸν
2223 908 2390 980 ἥλιον.
2404 928 2421 961 ι
2441 909 2743 980 Σαφηνίζει
2758 909 2815 963 δὲ
2836 909 2928 963 τοῦ
2958 909 3120 980 ῥητοῦ
3140 908 3332 962 τούτου
3356 908 3454 979 τὴν
3472 908 3558 961 ἐν·

303 1010 495 1064 solem.
535 1026 554 1060 ι
601 1007 847 1063 Declarat
878 1006 1071 1061 horum
1106 1005 1431 1061 sententiam
1477 1004 1617 1059 alius
1654 1002 1873 1074 quidam

2049 1018 2126 1054 :av
2143 1001 2327 1072 ἕτερος
2347 1000 2455 1055 τῶν
2481 1002 2785 1072 ἑρμηνέων,
2808 1001 2905 1073 τὴν
2938 1000 3087 1071 παρὰ
3114 1002 3308 1073 καιρὸν
3337 1002 3560 1071 γενομέ-

302 1101 684 1169 interpretum,
754 1097 848 1167 qui
901 1096 1341 1167 intempestivum
1397 1094 1549 1149 illum
1594 1094 1663 1147 ab
1716 1099 1875 1146 utero

2049 1108 2075 1145 ν
2100 1091 2207 1144 ἀπὸ
2232 1094 2333 1163 τῆς
2369 1093 2581 1164 μήτρας
2622 1092 2899 1163 ὀλίσθησιν
2944 1091 3038 1146 τοῦ
3071 1091 3437 1162 ἀμϐλώματος
3473 1094 3562 1164 ἐρ·-

304 1193 538 1262 lapsum,
588 1197 749 1245 vocat
796 1189 1066 1244 abortum.
1120 1187 1217 1242 llis
1252 1188 1396 1242 enim
1441 1186 1619 1241 verbis
1668 1186 1870 1238 utitur:

2049 1183 2252 1254 lvsuaa;
2283 1184 2491 1247 τούτοις
2536 1186 2650 1246 τοῖς
2686 1186 2922 1255 ῥήμασιν
2943 1198 2957 1213 ·
2994 1202 3013 1235 ι
3052 1184 3373 1255 Ἐκτρωμα,
3405 1201 3423 1233 ι
3455 1200 3558 1254 φη-

311 1301 331 1330 ι
350 1278 611 1343 Abortus,
637 1297 655 1330 ι
687 1277 886 1349 inquit,
920 1297 939 1329 ι
966 1276 1212 1333 mulieris
1265 1292 1373 1332 non
1398 1275 1602 1332 videbit
1631 1276 1821 1331 solem.
1850 1293 1870 1327 ι

2049 1292 2083 1340 ν,
2123 1293 2142 1328 ι
2184 1275 2441 1340 γυναικὸς
2478 1276 2576 1347 οὐχ
2593 1275 3095 1346 ὁραματισθήσεται
3122 1275 3293 1345 ἥλιον.
3335 1294 3355 1328 ι
3403 1275 3555 1328 Ἐπεὶ

306 1371 443 1424 Cum
477 1368 643 1440 igitur
664 1368 821 1424 initio
850 1367 1047 1439 psalmi
1092 1366 1365 1423 dixisset:
1403 1384 1421 1417 ι
1452 1366 1688 1422 Alienati
1745 1374 1875 1422 sunt

2049 1367 2152 1420 [νυν
2182 1367 2332 1440 παρὰ
2360 1368 2458 1438 τὴν
2495 1367 2667 1438 ἀρχὴν
2705 1366 2806 1435 τῆς
2855 1365 3168 1437 ψαλμῳδίας
3215 1364 3417 1435 φησὶν,
3477 1366 3558 1419 ὅτι

304 1470 620 1532 peccatores
656 1474 687 1514 a
723 1460 913 1525 vulva,
947 1466 1001 1515 et
1026 1460 1095 1513 ab
1131 1465 1285 1513 utero
1316 1466 1660 1522 erraverunt,
1688 1478 1708 1511 ι
1729 1473 1877 1513 nunc

2049 1458 2585 1531 Ἀπηλλοτριώθησαν
2616 1461 2664 1513 οί
2690 1459 3004 1530 ἁμαρτωλοὶ
3024 1459 3130 1512 ἀπὸ
3160 1460 3395 1530 μήτρας,
3466 1459 3559 1512 καὶ

302 1553 494 1608 eodem
530 1568 695 1610 sensu
723 1552 968 1623 adjungit
993 1551 1075 1618 τὸ,
1100 1550 1489 1622 ὴμϐλώθησαν,
1533 1570 1551 1603 ι
1585 1567 1681 1621 per
1710 1552 1875 1606 abor-

2049 1550 2085 1604 ;δ
2136 1549 2373 1621 γαστρὸς
2428 1549 2842 1622 ἐπλανήθησαν,
2900 1570 2920 1603 ι
2973 1552 3109 1622 ὅπερ
3176 1552 3375 1605 ταύτὸν
3442 1555 3557 1606 ἐστι

305 1651 419 1697 tum
447 1642 606 1713 ejecti
636 1614 841 1699 $001.-)
891 1614 1155 1698 hausam"
1172 1657 1302 1699 vero
1351 1614 1517 1712 hujus
1568 1614 1697 1697 mali
1741 1642 1873 1699 dicit

2049 1614 2480 1712 »ὴμὸλώθησαν,
2514 1614 2771 1695 αἴτιόνδὲ
2811 1614 2903 1695 τοῦ
2933 1614 3172 1696 τοιούτου
3220 1640 3427 1706 πάθους
3461 1640 3558 1695 αὺ-

303 1747 427 1788 esse
469 1733 878 1789 similitudinem
912 1747 1074 1804 quam
1111 1749 1235 1789 cum
1271 1734 1616 1804 serpentibus
1651 1733 1871 1790 habent.

2049 1749 2089 1784 ιν
2137 1729 2284 1801 λέγει
2332 1731 2428 1803 τὴν
2475 1732 2613 1804 πρὸς
2654 1733 2746 1787 τὸν
2794 1734 2918 1803 ὅφιν
2966 1751 3025 1788 τε
3073 1735 3168 1788 καὶ
3209 1735 3310 1804 τὴν
3357 1733 3561 1787 ἀσπίδα

302 1825 481 1892 Quare
504 1825 738 1881 similem
798 1826 1102 1880 orationem
1156 1840 1448 1895 usurpans,
1507 1826 1586 1879 ait
1627 1840 1722 1882 eos
1751 1841 1876 1883 esse

2049 1823 2259 1897 δίωσιν,
2277 1825 2367 1879 διὰ
2393 1823 2553 1878 τοῦτο
2580 1825 2676 1879 ml.
2706 1825 2801 1880 νῦν
2823 1826 2912 1878 τὸν
2939 1827 3052 1879 ἴσον
3086 1824 3446 1879 ὲπαναλαὸὼν
3470 1824 3560 1876 λό-

300 1915 653 1989 imperfectos
679 1917 734 1972 in
760 1918 973 1973 ratione
1000 1926 1230 1989 naturae,
1258 1929 1311 1974 et
1336 1919 1613 1974 abortivos
1644 1934 1740 1990 per
1758 1934 1875 1974 ma-

2049 1933 2097 1981 ν,
2136 1916 2290 1986 φησὶ,
2322 1916 2403 1970 ὅτι
2443 1917 2651 1982 ἀτελεῖς
2692 1918 2750 1973 ὲν
2794 1916 2873 1988 τῷ
2909 1917 3052 1988 λόγῳ
3084 1918 3183 1987 τῆς
3214 1917 3431 1986 φύσεως
3469 1918 3564 1970 καὶ

300 2006 473 2061 titiam
498 2009 762 2074 redditos,
813 2010 1177 2081 delapsosque
1243 2020 1296 2066 et
1353 2010 1626 2068 excidisse
1671 2012 1739 2066 ab
1780 2012 1873 2071 illa

2049 2008 2374 2081 ιϐλωθρίδιοι
2415 2008 2504 2066 διὰ
2534 2011 2730 2074 κακίας
2759 2012 3065 2081 γενόμενοι,
3102 2009 3476 2081 ὲξωλίσθησάν
3503 2027 3562 2063 τε

300 2111 461 2166 quam
503 2113 670 2168 supra
700 2097 940 2156 diximus
980 2098 1226 2165 matrice,
1275 2098 1492 2170 sibique
1533 2100 1714 2172 ignem
1746 2101 1873 2157 eﬂ‘e-

2049 2102 2075 2152 ,l.
2125 2098 2324 2154 ἔπεσαν
2372 2101 2527 2155 αὐτοὶ
2567 2101 2676 2155 ἀπὸ
2704 2101 2806 2173 τῆς
2839 2102 3123 2173 νοηθείσης
3172 2103 3302 2172 ἡμῖν
3344 2101 3565 2173 ἐκείνης

299 2196 416 2242 ctos
445 2202 588 2256 esse,
619 2188 690 2243 ob
723 2188 944 2244 carnale
970 2196 1023 2244 et
1047 2187 1286 2243 materiae
1317 2189 1631 2244 immersum
1659 2190 1872 2245 vivendi

2049 2209 2217 2263 ιτρας,
2252 2190 2364 2264 πῦρ
2397 2191 2514 2245 καθ’
2552 2191 2758 2246 ἑαυτῶν
2788 2192 3087 2264 γενόμενοι,
3117 2192 3205 2247 διὰ
3242 2193 3342 2263 τῆς
3371 2192 3567 2262 ὑλικῆς

300 2278 633 2347 institutum,
691 2279 860 2350 hujus
896 2282 1070 2352 gratia
1119 2280 1309 2336 oculos
1340 2281 1407 2336 ad
1448 2282 1619 2338 solem
1652 2298 1759 2338 non
1792 2283 1870 2338 le-

2049 2282 2385 2354 ιοαιρέσεως·
2442 2276 2502 2337 οῦ
2536 2283 2695 2355 χάριν
2761 2284 2861 2337 οὐκ
2914 2284 3213 2354 ἀνέϐλεψαν
3281 2284 3417 2355 πρὸς
3477 2283 3567 2335 τὸν

298 2386 477 2427 vasse.
509 2369 653 2427 Solis
683 2372 903 2428 nomine
931 2371 1207 2443 signiﬁcat
1243 2388 1425 2428 veram
1462 2373 1611 2427 illam
1666 2375 1866 2438 lucem,

2049 2392 2149 2428 ιον.
2194 2373 2555 2428 Ἐνδείκνυται
2576 2374 2632 2426 δὲ
2666 2376 2730 2427 ὲκ
2748 2374 2841 2428 τοῦ
2872 2375 3025 2446 ἡλίου
3056 2375 3119 2428 τὸ
3145 2374 3400 2445 ἀληθινὸν
3424 2374 3566 2444 φῶς,

298 2475 465 2531 quam
493 2458 848 2530 imperfectus
889 2460 980 2516 ille
1009 2459 1323 2514 Iudaeorum
1367 2459 1512 2515 fetus
1567 2467 1621 2516 et
1670 2474 1871 2515 conce-

2049 2466 2118 2529 ib;
2169 2465 2197 2519 ὃ
2252 2466 2286 2537 ἡ
2336 2466 2766 2538 άτελεσφόρητος
2807 2466 2915 2521 τῶν
2961 2466 3233 2522 Ἰουδαίων
3281 2467 3413 2537 γονὴ
3468 2466 3568 2519 οὐκ

296 2563 424 2626 ptus
458 2552 683 2609 minimc
714 2553 980 2610 sustinuit
1018 2553 1222 2607 videre.
1250 2551 1530 2606 Consonat
1578 2566 1741 2622 porro
1788 2567 1873 2607 se-

2049 2556 2292 2626 έϐλεψεν.
2343 2558 2454 2611 Καὶ
2498 2558 2527 2610 ὁ
2583 2557 2779 2628 ἐφεξῆς
2824 2558 2981 2628 λόγος
3030 2560 3257 2631 ἁρμόζει
3308 2557 3455 2611 κατὰ
3507 2554 3568 2609 τὸ

296 2659 475 2714 quens
528 2644 706 2699 oratio
734 2658 859 2699 cum
906 2644 1286 2715 praecedente;
1346 2659 1474 2698 nam
1504 2645 1648 2714 quod
1706 2660 1873 2715 supra

2049 2647 2270 2702 ιόλουθον
2304 2646 2380 2719 τῷ
2411 2648 2724 2721 προάγοντι.
2756 2650 2822 2701 Ὃ
2854 2649 2962 2719 γὰρ
2996 2650 3113 2703 ἐκεῖ
3143 2649 3332 2719 κωφὴν
3362 2647 3569 2701 ἀσπίδα

296 2737 601 2792 nominavit
636 2756 655 2788 ι
680 2737 926 2811 aspidem
960 2736 1206 2801 surdam,
1236 2755 1255 2789 ι
1295 2735 1398 2793 hoc
1452 2751 1601 2791 nunc
1636 2736 1873 2808 appellat

2049 2738 2280 2809 νόμασεν,
2308 2738 2466 2792 τοῦτο
2497 2737 2592 2793 νῦν
2637 2738 2975 2809 μεταϐαλὼν,
3023 2739 3279 2793 ἀσύνετον
3318 2737 3566 2792 ἄκανθαν

297 2828 512 2898 spinam
544 2843 652 2883 non
676 2828 1070 2899 intelligentem
1097 2845 1111 2882 :
1140 2843 1266 2882 nam
1294 2843 1361 2885 ex
1395 2827 1583 2884 auditu
1621 2829 1872 2883 nascitur

2049 2847 2125 2899 γει
2144 2845 2160 2861 ο
2202 2833 2267 2883 ὲκ
2286 2829 2396 2901 γὰρ
2432 2829 2527 2884 τοῦ
2562 2830 2795 2885 ἀκοῦσαι
2824 2830 2884 2885 τὸ
2909 2831 3151 2886 συνιέναι
3183 2831 3393 2900 γίνεται
3418 2847 3435 2861 ’
3463 2833 3493 2885 ὁ
3513 2831 3569 2884 δὲ

296 2920 684 2993 intelligentia,
755 2919 962 2991 quique
1004 2919 1343 2975 auditionem
1398 2936 1509 2975 non
1554 2922 1766 2991 recipit,
1824 2923 1871 2979 is

2049 2938 2073 2974 ν
2099 2920 2267 2993 ἀκοὴν
2296 2922 2357 2975 οὺ
2389 2920 2702 2992 δεξάμενος,
2734 2922 3126 2978 συναποϐάλλει
3161 2923 3380 2987 πάντως
3414 2922 3561 2994 μετὰ

298 3011 462 3067 simul
525 3011 691 3066 etiam
766 3025 893 3065 cum
964 3010 1247 3067 auditione
1314 3012 1728 3084 intelligentiam
1785 3031 1875 3072 re-

2050 3031 2075 3076 ς
2108 3011 2279 3083 ἀκοῆς
2312 3013 2407 3067 καὶ
2438 3013 2539 3085 τὴν
2574 3014 2807 3067 σύνεσιν.

293 3100 435 3173 jieit.

370 3183 640 3251 Quocirca
672 3190 819 3248 sicut
871 3193 966 3250 ubi
1031 3196 1275 3266 generali
1325 3199 1600 3267 serpentis
1651 3198 1877 3254 nomine

295 3283 496 3361 posito,
517 3284 982 3357 aadduxitpostea
1015 3288 1253 3358 speciem
1290 3288 1457 3357 hujus
1499 3290 1778 3356 animalis,
1821 3301 1876 3346 et

298 3375 522 3447 quidem
543 3377 716 3445 illam,
770 3394 893 3448 quae
921 3378 980 3433 in
1012 3394 1078 3436 eo
1107 3396 1306 3451 genere
1325 3390 1410 3438 est
1443 3382 1689 3439 omnium
1740 3399 1874 3455 per-

300 3469 690 3535 niciosissima,
729 3472 977 3542 aspidem
1009 3473 1240 3539 scilicet,
1276 3474 1355 3529 ita
1386 3484 1440 3530 et
1462 3475 1550 3530 hic
1572 3466 1874 3547 generatim

300 3562 471 3645 spina:
505 3563 774 3619 vocabulo
811 3567 1015 3635 posito,
1069 3564 1228 3622 aﬂert
1265 3567 1527 3638 deinceps
1577 3584 1699 3625 eam
1745 3585 1875 3641 spe-
1912 3630 1922 3641 ,

298 3653 461 3719 ciem,
499 3670 620 3726 quae
653 3656 798 3712 inter
827 3656 1019 3727 spinas
1042 3658 1286 3714 omnium
1326 3667 1413 3717 est
1457 3661 1872 3729 molestissima,

298 3759 493 3815 nempe
551 3747 866 3811 rhamnum,
910 3748 1071 3818 cujus
1105 3759 1282 3805 acuta:
1332 3758 1463 3807 sunt
1495 3752 1776 3824 cuspides,
1824 3764 1878 3808 et

298 3838 574 3894 continuae
604 3839 989 3909 prominentia
1019 3843 1086 3895 ad
1116 3843 1427 3898 nocendum
1453 3844 1877 3914 propinquanti-

297 3930 404 3986 bus
433 3941 591 3999 aptae,
619 3930 894 4001 plagaeque
928 3931 1143 3986 inﬂictae
1163 3932 1875 3990 venenosaeNerumtamen

297 4020 457 4089 spina
487 4019 679 4083 eratis,
708 4019 803 4086 ait,
834 4027 890 4075 et
924 4019 979 4074 in
1013 4020 1214 4090 spinis,
1247 4020 1537 4087 rhamnus,
1560 4029 1620 4077 ut
1641 4021 1876 4092 proinde

296 4110 594 4166 videamini
625 4110 829 4166 vivere.
856 4110 975 4167 Non
1013 4113 1158 4178 enim
1205 4129 1330 4170 vere
1361 4114 1516 4178 vivit,
1563 4114 1657 4184 qui
1690 4130 1874 4170 veram

295 4205 466 4260 vitam
500 4219 608 4260 non
644 4204 828 4260 habet.
854 4202 939 4259 lra
983 4204 1299 4262 absorbebit
1336 4223 1433 4263 vos
1467 4225 1481 4262 :
1513 4215 1568 4263 et
1608 4209 1876 4278 quemad-

2049 3193 2147 3247 Διὰ
2178 3191 2335 3246 τοῦτο
2363 3192 2552 3263 ὥσπερ
2579 3195 2697 3247 ἐκεῖ
2730 3194 2827 3264 μὲν
2856 3194 3217 3268 γενικώτερον
3251 3194 3567 3267 μνημονεύ-

1979 3302 2079 3348 σας
2115 3284 2208 3338 τοῦ
2238 3284 2380 3337 κατὰ
2407 3283 2496 3335 τὸν
2513 3283 2637 3353 ὅφιν
2665 3283 2949 3354 ὀνόματος,
2984 3286 3179 3354 ἐπάγει
3211 3285 3275 3339 τὸ
3297 3280 3441 3349 εἶδος
3470 3283 3566 3339 τοῦ

1978 3375 2169 3447 θηρίου
2195 3375 2257 3428 τδ
2283 3377 2340 3429 ὲν
2361 3374 2437 3444 τῷ
2461 3375 2609 3443 γένει
2638 3375 2985 3445 πικρότατον,
3009 3376 3107 3448 τὴν
3133 3377 3333 3430 ἀσπίδα
3352 3377 3532 3445 λέγων
3548 3391 3564 3407 ·

1977 3467 2119 3521 οὕτω
2152 3466 2246 3520 καὶ
2278 3464 2523 3525 ἐνταῦθα.
2548 3459 2660 3518 οἷον
2686 3468 2744 3521 ὲν
2774 3465 2921 3531 γένει
2954 3468 3061 3521 τινὶ
3086 3468 3149 3522 τὸ
3181 3468 3282 3538 τῆς
3316 3469 3569 3540 ἀκάνθης

1976 3559 2150 3630 ὄνομα
2172 3556 2596 3629 προεκθέμενος,
2636 3556 2831 3625 ἐπάγει
2861 3558 2923 3611 τὸ
2953 3559 3331 3631 χαλεπώτερον
3360 3561 3423 3614 ὲν
3446 3564 3569 3625 ταῖς

1977 3650 2238 3714 ἀκάνθαις
2298 3645 2455 3712 εἶδος,
2509 3649 2607 3723 τὴν
2638 3652 2843 3722 ῥάμνον
2870 3649 3062 3715 είπὼν,
3107 3646 3177 3723 ἧς
3231 3651 3407 3715 ὀξεῖαι
3468 3655 3566 3724 μὲν

1976 3742 2086 3816 [αἱ]
2109 3744 2305 3816 άκμαὶ,
2325 3747 2567 3816 συνεχεῖς
2598 3745 2654 3798 δὲ
2677 3746 2734 3799 αί
2757 3745 3037 3816 προϐολαὶ,
3066 3745 3359 3816 βλαπτικαὶ
3375 3747 3435 3801 δὲ
3457 3747 3566 3799 τῶν

1977 3835 2445 3906 προσεγγιξόντων
2465 3836 2560 3891 καὶ
2587 3836 2758 3901 ίώδεις
2788 3839 2843 3891 αί
2874 3837 3102 3910 ἀμυχαί.
3138 3837 3284 3908 Πλὴν
3307 3838 3447 3892 ἀλλά
3471 3839 3565 3891 καὶ

1976 3927 2186 3987 ἄκανθα
2211 3922 2329 3998 ἦτε,
2363 3927 2547 4001 φησιν,
2581 3927 2688 3984 κᾶν
2739 3931 2798 3985 ὲν
2841 3929 3102 3991 ἀκάνθαις
3147 3931 3180 4000 ἠ
3211 3929 3440 4002 ῥάμνος,
3490 3930 3564 3993 ὼς

1976 4018 2057 4073 ἔτι
2089 4019 2296 4072 οἴεσθαι
2331 4015 2466 4094 ζῇν·
2503 4020 2564 4072 οὐ
2600 4018 2708 4091 γὰρ
2758 4020 2973 4091 ἀληθῶς
3016 4020 3105 4093 ζῇ,
3137 4021 3234 4092 τὴν
3266 4020 3444 4093 ἀληθῆ
3490 4021 3564 4093 μὴ

1977 4109 2115 4180 ἔχων
2162 4109 2327 4179 ζωήν.
2372 4111 2438 4162 Ἡ
2468 4110 2604 4183 ὀργὴ
2660 4112 2984 4167 καταπίεται
3027 4114 3199 4183 ὑμᾶς’
3233 4113 3327 4167 καὶ
3375 4113 3565 4183 ὥσπερ

1976 4201 2085 4256 τῶν
2116 4200 2455 4275 ἁμαρτωλῶν
2489 4204 2522 4272 ἡ
2552 4202 2666 4274 ζωὴ
2740 4203 2841 4257 οὐκ
2875 4203 2942 4257 ἂν
2988 4203 3203 4275 ἀληθῶς
3233 4205 3382 4258 ἐστιν
3418 4205 3448 4258 δ
3478 4204 3565 4258 λέ·

296 4298 519 4354 modum
576 4298 690 4353 vita
743 4305 1092 4368 peccatorum
1123 4314 1232 4354 non
1283 4314 1410 4356 vere
1456 4308 1559 4364 est,
1600 4299 1747 4370 quod
1786 4300 1872 4355 di-

2049 4309 2153 4358 ται,
2197 4291 2311 4344 ἀλλ’
2358 4290 2681 4362 ὀνομάζεται
2718 4294 2880 4363 μόνον
2919 4293 3001 4361 (τὸ
3031 4292 3138 4364 γὰρ
3166 4296 3265 4365 τῆς
3299 4293 3566 4364 ἀληθινῆς

298 4389 464 4455 citur,
518 4388 615 4445 sed
655 4388 1037 4444 tantummodo
1084 4389 1208 4444 talis
1236 4389 1443 4444 dicitur
1489 4390 1639 4461 (nam
1680 4404 1803 4459 quae
1843 4403 1875 4443 a

297 4495 428 4536 vera
456 4480 568 4535 vita
592 4480 841 4551 seiuncta
865 4488 971 4547 est,
1007 4481 1101 4536 illa
1130 4481 1319 4553 utique
1354 4497 1494 4538 verae
1529 4483 1649 4538 vitae
1670 4476 1873 4539 nomen

298 4588 409 4629 non
442 4571 730 4641 meretur),
761 4573 844 4628 sic
875 4580 930 4629 et
963 4573 1018 4628 in
1035 4572 1143 4629 Deo
1176 4575 1258 4629 ira
1283 4574 1457 4629 nihilo
1479 4575 1652 4645 magis
1673 4576 1871 4641 iraest,

300 4665 429 4719 licet
457 4677 487 4716 a
520 4663 903 4734 peccatoribus
925 4664 1048 4720 talis
1073 4673 1127 4720 et
1150 4664 1439 4733 habeatur,
1461 4672 1516 4721 et
1536 4666 1870 4723 nominetur.

297 4755 418 4812 Non
451 4762 538 4813 est
562 4755 667 4822 ira,
695 4753 791 4811 sed
828 4773 850 4807 ι
876 4755 1020 4811 sicut
1050 4756 1153 4823 ira,
1175 4776 1195 4810 ι
1232 4755 1540 4827 appellatur
1556 4758 1869 4821 retributio.

300 4863 467 4919 quam
497 4846 643 4903 Deus
668 4845 938 4916 rependit,
970 4856 1132 4918 prout
1160 4847 1253 4917 jus
1293 4846 1485 4918 fasque
1511 4847 1700 4919 exigit.
1756 4847 1873 4905 hoc

296 4940 466 5010 igitur
514 4944 601 4994 est
650 4937 784 4992 illud
816 4954 830 4990 :
865 4953 885 4987 ι
911 4934 1067 4991 Sicut
1136 4937 1423 5003 viventes;
1454 4955 1473 4989 ι
1535 4943 1591 4992 et
1626 4954 1640 4990 :
1672 4954 1691 4989 ι
1718 4934 1873 4992 Sicut

296 5029 350 5084 in
394 5034 474 5089 ira
505 5032 822 5089 absorhebit
845 5045 965 5096 vos,
991 5048 1013 5083 ι
1048 5031 1142 5101 qui
1171 5031 1224 5086 in
1253 5046 1381 5092 vera
1422 5032 1534 5088 vita
1569 5047 1678 5089 non
1708 5034 1867 5100 estis,

297 5126 414 5196 ipse
439 5134 622 5181 tamen
663 5140 790 5180 vere
839 5124 1014 5180 iratus
1068 5139 1177 5180 non
1221 5134 1326 5182 est.
1382 5123 1590 5182 Deinde
1638 5127 1868 5183 subdit:

300 5236 320 5270 ι
364 5205 664 5273 Ιιῖιξιοὺὶῑιιν
696 5215 884 5287 justus
922 5230 1048 5270 cum
1104 5214 1299 5273 viderit
1349 5216 1711 5280 vindictam,»
1761 5232 1870 5272 non

294 5307 441 5378 quod
464 5314 686 5379 prepter
704 5307 948 5377 perditos
965 5307 1220 5378 gaudeat,
1238 5306 1334 5367 sed
1357 5308 1505 5379 quod
1522 5323 1592 5365 ex
1618 5309 1872 5381 opposito

296 5412 386 5453 res
428 5411 560 5453 suas
600 5411 724 5451 cum
759 5396 925 5453 rebus
972 5397 1188 5452 illorum
1221 5412 1580 5468 componens,
1626 5407 1759 5455 tunc
1785 5414 1871 5456 se-

304 5485 486 5556 ipsum
518 5487 739 5543 beatum
770 5487 1169 5558 praedicaturus
1203 5490 1294 5556 sit,
1327 5490 1397 5546 ob
1426 5500 1576 5546 recta
1615 5491 1866 5558 consilia,

312 5574 511 5677 quibus
532 5576 733 5651 etl‘ecit,
764 5593 836 5636 ne
867 5594 1009 5636 unus
1041 5595 1109 5637 ex
1137 5580 1374 5658 .illorum
1414 5598 1641 5644 numero
1692 5584 1863 5651 ﬁeret,

1983 4382 2128 4455 ζωῆς
2173 4381 2571 4453 διεζευγμένον,
2604 4382 2719 4456 ζωὴ
2739 4385 2840 4438 οὐκ
2867 4383 3035 4456 ἔστιν)
3062 4403 3076 4416 ·
3112 4385 3285 4450 οὕτως
3322 4388 3423 4440 καὶ
3473 4389 3565 4442 ὲτει

1982 4474 2072 4529 τοῦ
2117 4473 2252 4529 Θεοῦ
2304 4476 2337 4545 ἡ
2394 4472 2553 4545 ὀργὴ,
2578 4474 2683 4530 κᾶν
2728 4478 2841 4540 τοῖς
2888 4477 3225 4549 ἁμαρτωλοῖς
3250 4477 3410 4532 τοῦτο
3472 4480 3566 4532 καὶ

1983 4567 2229 4638 φαίνεται
2282 4566 2376 4621 καὶ
2410 4567 2538 4639 παρ’
2572 4566 2751 4635 αὐτῶν
2787 4568 3134 4639 ὀνομάζεται,
3169 4569 3320 4623 οὐδὲν
3354 4570 3562 4640 μᾶλλον

1981 4661 2128 4714 ἐστιν
2168 4657 2324 4731 ὀργὴ,
2370 4659 2486 4713 ἀλλ’
2524 4674 2549 4713 ι
2596 4659 2672 4722 ὡς
2705 4660 2843 4731 ὀργὴ
2904 4678 2923 4711 ι
2960 4661 3075 4724 τοῖς
3103 4659 3245 4714 οὕτω
3286 4660 3385 4731 τὴν
3421 4661 3564 4714 κατὰ

1981 4753 2041 4806 τὺ
2082 4752 2290 4807 δίκαιον
2334 4751 2429 4806 τοῦ
2480 4750 2619 4805 Θεοῦ
2657 4750 3059 4825 ἀντιδιδομένην
3094 4751 3324 4823 ἀμοιϐὴν
3357 4753 3563 4824 ὀνομά-
3614 4736 3619 4743 Ι

1983 4845 2155 4910 ζουσι.
2183 4843 2354 4898 Τοῦτο
2400 4838 2492 4898 οὖν
2538 4845 2686 4897 ἐστιν
2718 4843 2799 4909 τὸ,
2836 4862 2856 4896 ι
2905 4842 3051 4898 Ὢσεὶ
3089 4844 3315 4909 ζῶντας.
3352 4863 3372 4895 ι
3428 4846 3564 4911 Καὶ,

1988 4957 2008 4992 ι
2054 4938 2142 5002 Ὦς
2196 4940 2254 4992 ὲν
2298 4938 2434 5008 ὀργῇ
2482 4935 2809 4991 καταπίεται
2851 4938 3016 5008 ὑμᾶς,
3054 4960 3074 4988 ρ
3103 4938 3206 4991 οὐκ
3233 4938 3290 4991 ὲν
3326 4937 3562 5010 ἀληθινῇ

1981 5031 2094 5102 ζωῇ
2139 5032 2318 5095 ὄντας,
2350 5029 2474 5084 οὔτε
2520 5027 2734 5099 ἀληθῶς
2759 5029 2967 5092 ἐκεῖνος
2996 5030 3054 5082 ὲν
3085 5028 3219 5102 ὀργῇ
3246 5028 3565 5101 θεωρούμε-

1982 5142 2093 5189 νος,
2155 5119 2291 5177 Εἶτά
2355 5139 2539 5193 φησιν’
2582 5142 2601 5174 ι
2656 5121 3107 5194 Εὐφρανθήσεται
3146 5122 3353 5185 δίκαιος
3380 5123 3461 5176 ὅτ’
3498 5122 3565 5177 ἂν

1980 5216 2065 5287 ἴδῃ
2093 5214 2387 5286 ἐκδίκησιν.
2431 5233 2451 5267 ι
2490 5213 2599 5283 Οὐχ
2632 5210 2708 5276 ὡς
2750 5212 3050 5286 ἐπικαίρων
3090 5217 3204 5278 τοῖς
3248 5212 3564 5283 ἀπολλυμέ-

1978 5325 2110 5372 νοις,
2155 5305 2270 5360 ἀλλ’
2315 5305 2391 5370 ὡς
2440 5307 2507 5359 ἐκ
2553 5304 2896 5376 παραλλήλου
2943 5303 3012 5358 τὰ
3054 5303 3248 5359 ἑαυτοῦ
3299 5304 3440 5375 πρὸς
3492 5304 3564 5358 τὰ

1979 5398 2204 5455 ἐκείνων
2236 5396 2528 5466 ἀνατιθεὶς⁹
2571 5397 2695 5451 τότε
2746 5397 3041 5469 μακαρίσει
3091 5396 3284 5450 ἑαυτὸν
3314 5396 3416 5467 τῆς
3465 5398 3562 5450 εὐ-

1978 5491 2217 5556 ϐουλίας,
2263 5490 2345 5545 ὅτι
2376 5489 2452 5562 μὴ
2483 5491 2543 5544 ὲν
2576 5488 2807 5555 ἐκείνοις
2849 5491 3088 5561 ἐγένετο,
3117 5491 3175 5544 ὲν
3216 5485 3297 5554 οἷς
3321 5491 3429 5561 δρᾷ
3450 5489 3562 5542 τῶν

1978 5581 2317 5657 ἁμαρτωλῶν
2346 5581 2448 5654 τὴν
2493 5581 2790 5655 ἔκδίκησιν.
2838 5582 2948 5657 Τὴν
2970 5581 3087 5657 κγάρ
3125 5581 3234 5637 τῶν
3268 5581 3415 5637 ἰδίων
3443 5598 3560 5654 χει-
