3766 5986
184 178 293 232 597

1595 174 1659 227 IN
1705 174 2038 231 PS.\L.\IOS.

3254 186 3255 193 ‘
3308 178 3438 235 '538

189 300 303 372 ρῶν
335 299 701 370 καθαρότητα,
734 301 800 370 τῇ
832 298 965 369 πρὸς
989 299 1051 352 τὸ
1075 298 1270 370 λύθρον
1292 297 1396 352 τῶν
1427 298 1764 368 ἁμαρτωλῶν

1958 297 2158 366 quibus
2186 297 2303 367 ipse
2343 304 2689 365 peccatorum
2726 297 3022 353 vindictam
3051 294 3443 367 conspicatur;

188 389 563 454 ἀντεξετάσει,
597 389 793 459 μᾶλλον
827 387 1139 457 κατόψεται.
1179 406 1196 439 ι
1247 388 1451 459 Χεῖρας
1502 387 1687 450 αὐτοῦ,
1745 408 1762 440 ι

191 486 381 553 φησιν,
427 500 446 533 ι
497 481 707 550 νίψεται
758 482 816 533 ἐν
858 480 937 551 τῷ
984 479 1174 551 αἵματι
1210 478 1304 533 τοῦ
1357 479 1700 551 άμαρτωλοῦ.
1746 499 1764 529 ι

192 571 430 643 Οἴδαμεν
456 570 533 638 δέ,
566 570 647 624 ὅτι
679 570 780 623 οὐκ
822 568 982 623 ἄλλου
1014 568 1159 632 τινὸς
1184 568 1341 639 χάριν
1370 566 1686 639 νιπτόμεθα,
1735 567 1769 636 ἢ

194 664 284 717 ἵνα
332 661 409 734 τῷ
452 661 603 715 ὕδατι
643 660 736 714 τὸν
791 659 961 732 ῥύπον
1010 657 1480 730 ἀποκλυσὼμεθαο
1511 660 1540 711 6
1578 659 1635 712 δὲ
1678 658 1772 711 τοῦ

194 753 429 822 αἵματος
450 749 722 821 μολυσμὸς
742 749 841 802 οὐκ
860 747 1222 816 ἀποκαθαίρει
1248 746 1337 801 τὸν
1356 748 1786 819 προϋπάρχοντα.

195 843 393 915 ῥύπον,
427 841 541 896 ἀλλ’
576 840 736 904 αὐτὸς
778 840 985 908 γίνεται
1020 838 1209 909 ῥύπος.
1260 837 1469 892 Οὐκοῦν
1498 837 1687 910 ὥσπερ
1714 838 1779 890 τὸ

193 933 395 986 λευκὸν
423 930 622 1003 χρῶμα
663 933 730 1001 τῇ
766 929 1189 999 ἀντιπαραθέσει
1237 927 1329 982 τοῦ
1360 929 1588 1000 αἵματος
1619 929 1777 999 ἐκδη-

194 1024 419 1096 λότερον
450 1023 679 1092 γίνεται,
715 1020 886 1085 οὕτως
916 1020 1007 1076 καὶ
1038 1021 1070 1090 ἠ
1101 1018 1206 1073 τῶν
1227 1019 1423 1090 χειρῶν
1447 1017 1540 1071 τοῦ
1568 1018 1775 1072 δικαίου

198 1116 538 1187 καθαρότης,
562 1113 653 1167 διά
676 1115 775 1184 τῆς
817 1112 911 1167 τοῦ
945 1111 1186 1166 ἐναντίου
1231 1109 1585 1183 συγκρίσεως,
1635 1109 1777 1179 λαμ-

201 1209 451 1279 προτέρα
493 1206 833 1260 καθίσταται.
873 1204 948 1258 Τὸ
980 1204 1089 1276 γάρ
1117 1202 1212 1258 νῦν
1252 1202 1664 1272 ἀπιστούμενον,
1698 1204 1780 1256 ὅτι

199 1299 290 1362 τίς
339 1300 453 1351 ἐστι
500 1300 611 1359 τοῖς
653 1296 744 1351 διὰ
787 1296 893 1350 τῶν
929 1295 1030 1365 τῆς
1061 1294 1263 1366 ἀρετῆς
1304 1293 1481 1347 πόνων
1520 1293 1781 1357 ἑκουσίως

200 1388 621 1460 κακοπαθήσασι
652 1386 917 1458 μετουσία
939 1384 1032 1438 τοῦ
1068 1385 1392 1457 κρείττονος,
1423 1382 1544 1436 τότε
1567 1383 1655 1437 διὰ
1683 1382 1781 1452 τῆς

202 1479 407 1547 πείρας
438 1475 914 1547 φανερωθήσεται·
960 1475 989 1527 6
1026 1473 1135 1544 γάρ
1182 1464 1354 1526 ταῦτα
1387 1470 1595 1541 βλέπων
1641 1471 1778 1541 ἐρεῖ,

202 1569 290 1620 ὅτι
318 1563 409 1637 ἦν,
442 1566 518 1630 ὡς
556 1566 751 1631 ἔοικεν,
770 1565 846 1635 τῷ
874 1565 1065 1636 δικαίῳ
1096 1564 1305 1635 καρπὸς
1338 1562 1695 1633 ἀποκείμενος
1726 1563 1782 1614 ἐν

1872 385 2215 456 propriarum
2248 386 2391 441 enim
2420 401 2678 440 manuum
2714 387 3009 455 puritatem
3043 387 3217 459 magis
3239 402 3440 459 cogno-

1872 486 2008 544 scet,
2060 478 2107 535 si
2133 491 2251 531 eam
2296 492 2420 531 cum
2477 477 2790 546 iniquorum
2827 477 3083 534 sordibus
3130 487 3443 548 componat.

1848 585 1897 645 γε
1922 568 2140 633 Manus,
2172 585 2191 618 ι
2229 568 2428 638 inquit,
2455 586 2474 620 ι
2512 584 2642 625 suas
2672 568 2876 626 lavabit
2920 569 2973 624 in
3013 568 3279 639 sanguine
3316 584 3445 639 pec-

1874 657 2102 713 catoris.
2134 678 2154 710 ι
2185 657 2382 714 Notum
2434 666 2540 723 est,
2594 676 2697 716 nos
2741 677 2853 716 non
2905 661 3014 717 alio
3069 660 3176 719 fine
3247 676 3447 715 manus

1875 749 2118 813 abluere,
2183 766 2348 821 quam
2383 759 2444 805 ut
2483 751 2674 811 sordes
2716 769 2813 824 per
2863 768 3060 825 aquam
3122 753 3446 819 abluamus;

1876 848 1930 894 at
1955 841 2242 910 sanguinis
2275 844 2524 912 aspersio
2555 859 2665 899 non
2719 845 2985 900 emundat
3024 845 3292 913 maculas,
3328 861 3449 914 qua:

1876 930 2030 1000 prius
2050 931 2287 994 inerant,
2320 948 2444 989 cum
2482 935 2599 1006 ipse
2624 937 2849 1006 sanguis
2878 935 2949 990 sit
2980 935 3228 1005 quaedam
3253 942 3446 989 conta-

1878 1024 2130 1080 minatio.
2169 1024 2440 1091 Quocirca
2474 1028 2935 1098 quemadmodum
2982 1029 3135 1083 color
3160 1028 3318 1083 albus
3357 1042 3448 1096 op-

1880 1116 2090 1186 positus
2134 1119 2388 1189 sanguini
2436 1121 2773 1190 splendidior
2816 1128 3063 1192 apparet,
3113 1120 3197 1175 sic
3245 1126 3302 1175 et
3333 1134 3449 1173 ma-

1880 1222 2045 1262 nuum
2073 1207 2208 1278 justi
2226 1211 2533 1268 mundities
2555 1212 2895 1283 splendidior
2920 1210 3137 1269 exsistit
3163 1209 3451 1266 collatione

1880 1305 1934 1350 et
1991 1296 2428 1370 juxtapositione
2461 1302 2744 1369 contrarii.
2778 1301 2913 1358 Nam
2943 1301 3089 1372 quod
3129 1315 3276 1355 nunc
3296 1315 3440 1371 aegre

1882 1388 2154 1455 eri-ditur,
2205 1405 2327 1449 esse
2373 1393 2624 1449 videlicet
2657 1394 2765 1449 illis
2796 1394 2888 1463 qui
2932 1408 3028 1462 per
3070 1390 3292 1445 virtutis
3331 1400 3452 1444 stu-

1882 1478 2031 1533 dium
2098 1483 2299 1541 multos
2352 1484 2568 1541 labores
2628 1485 2939 1547 lexantlant,
3010 1480 3451 1536 communionem

1886 1570 2180 1639 quamdam
2230 1575 2636 1631 excellentioris
2682 1573 2973 1644 cujusdam
3021 1572 3170 1638 boni,
3220 1570 3275 1627 id
3326 1581 3456 1625 tunc

201 1662 273 1730 τῇ
310 1658 496 1729 δικαίᾳ
539 1657 632 1713 τοῦ
681 1657 816 1711 Θεοῦ
857 1656 1068 1735 κρίσειτ
1101 1657 1266 1727 Ὁρᾷς
1303 1655 1420 1718 οἵας
1462 1652 1785 1723 ἐπιϐέὸηκεν

1923 1676 2009 1729 pso
2043 1664 2419 1733 experimento
2451 1664 2804 1721 manifestum
2838 1664 2961 1729 fiet;
3020 1664 3113 1734 qui
3157 1662 3304 1720 enim
3333 1663 3456 1716 haec

204 1750 522 1821 ἀκρωρείας
564 1750 593 1802 6
639 1748 825 1817 λόγος;
856 1748 978 1801 ὅσον
1006 1747 1296 1818 ὑπεραίρει
1332 1744 1441 1798 τῶν
1468 1743 1782 1816 προδεικνυ-

210 1839 394 1910 μένων
427 1839 485 1892 ἐν
508 1839 619 1901 τοῖς
646 1836 895 1910 Ψαλμοῖς
924 1837 984 1891 τὸ
1016 1836 1240 1908 μέγεθος
1260 1852 1292 1900 ;’

1890 1749 2109 1816 viderit,
2153 1752 2552 1820 is‘dicet‘esse,
2602 1763 2660 1809 ut
2685 1755 2861 1820 decet,
2906 1754 3054 1821 justo
3080 1752 3323 1808 fructum
3365 1766 3455 1806 re-

1891 1841 2131 1908 positum
2156 1844 2211 1898 in
2244 1843 2399 1914 justo
2434 1845 2528 1900 Dei
2575 1845 2803 1916 judicio.
2841 1843 3002 1901 Vides
3037 1845 3090 1898 in
3121 1857 3284 1913 quam
3329 1840 3455 1896 alti-

205 1931 458 1985 tudinem
524 1928 831 1987 ascenderit
893 1930 1089 1994 oratio,
1155 1934 1439 1999 quantum‘
1487 1925 1722 1984 excedat
1758 1925 2142 1988 celsitudinem
2192 1950 2406 2001 eorum,
2469 1953 2592 2007 qua:
2619 1937 2675 1991 in
2728 1935 3166 2008 praecedentibus
3233 1929 3458 1997 Psalmis

207 2035 447 2084 tractata
485 2028 657 2084 sunt?

725 2118 1121 2176 ΚΕΦΑΛΛΙΟΝ
1157 2119 1277 2186 ις’.

295 2210 437 2263 Ἀλλ’
466 2209 588 2263 ούδέ
618 2203 770 2274 οὗτος
801 2211 924 2282 ὄρος
968 2210 1066 2281 τῆς
1111 2213 1189 2276 εἰς
1221 2211 1282 2264 τὸ
1312 2209 1444 2280 ὕψος
1472 2208 1785 2270 ἀναϐάσεως

210 2305 327 2366 τοῖς
370 2302 437 2356 δι’
471 2302 672 2372 ἀρετῆς
720 2284 1085 2372 προκόπτουσι
1126 2301 1354 2370 γίνεται.
1396 2301 1454 2352 ὐ
1497 2299 1604 2369 γάρ
1649 2298 1787 2368 μετὰ

210 2393 403 2446 τοῦτον
431 2397 496 2463 τῇ
525 2393 815 2464 ἀκολουθίᾳ
839 2393 939 2464 τῆς
964 2391 1190 2461 τάξεως,
1221 2394 1359 2465 ὑπὲρ
1388 2393 1574 2447 τοῦτον
1601 2392 1693 2446 καὶ
1721 2393 1786 2462 τῇ

216 2481 558 2553 μεγαλοφυῗᾳ.
608 2482 707 2552 τῆς
757 2480 988 2552 Θεωρίας
1042 2481 1374 2552 εὑρίσκεται.
1429 2481 1599 2535 Πάλιν
1642 2481 1699 2534 δὲ
1753 2483 1787 2551 ἡ

214 2571 499 2643 ἐπιγραφὴ
552 2570 1005 2644 ἀνακηρύσσουσα
1060 2571 1151 2626 τὸν
1216 2572 1572 2644 στεφανίτην·
1629 2571 1788 2626 πάλιν

215 2663 306 2716 ἐπ’
336 2662 514 2717 αὐτῶν
542 2661 709 2732 στήλη
735 2660 796 2714 τὸ
829 2661 969 2732 ὺπέρ
1002 2662 1286 2734 ἄνθρωπον
1315 2659 1452 2717 εἶναι
1483 2664 1581 2735 τὴν
1608 2663 1817 2741 τοιαύ-η

213 2772 320 2827 την
348 2755 505 2826 νίκην
536 2753 889 2826 μαρτύρεται.
933 2773 951 2807 ι
987 2755 1082 2819 Ei;
1114 2755 1175 2808 τὸ
1217 2756 1369 2821 τέλος
1402 2776 1422 2810 ι
1464 2756 1597 2827 γάρ,
1634 2758 1789 2826 φησὶ,

224 2866 244 2900 ι
297 2846 374 2918 μὴ
401 2846 737 2919 διαφθείρῃς.
776 2866 796 2898 ι
832 2847 1060 2918 Εἴρηται
1091 2847 1370 2913 πολλάκις,
1400 2849 1482 2902 ὄτι
1512 2849 1634 2920 νίκη
1679 2850 1793 2904 ἐστὶ

2070 2178 2073 2181 Α
2452 2115 2682 2173 CAPUT
2722 2114 2856 2171 XVI.

1956 2203 2157 2263 Verum
2206 2222 2383 2276 neque
2426 2208 2517 2263 hic
2573 2210 2843 2264 terminus
2883 2206 3227 2268 ascensionis
3276 2208 3456 2279 ﬁgitur

1885 2293 2017 2363 illis,
2071 2295 2167 2366 qui
2199 2312 2297 2367 per
2320 2298 2578 2354 virtutem
2636 2297 2953 2369 proﬁciunt.
2995 2297 3140 2352 Nam
3180 2297 3452 2367 psalmus,

1884 2386 1979 2455 qui
2012 2386 2204 2442 ordine
2229 2390 2499 2459 sequitur,
2521 2388 2668 2444 hunc
2699 2403 2962 2462 superare
2997 2388 3220 2444 videtur
3236 2388 3453 2458 magni-

1895 2478 2084 2536 tudine
2119 2478 2434 2536 abditorum
2465 2495 2728 2537 sensuum
2763 2498 2778 2535 :
2813 2480 2906 2537 ubi
2938 2495 3135 2539 rursus
3167 2477 3458 2548 inscriptio

1894 2569 2162 2626 victorem
2196 2585 2401 2626 corona
2443 2572 2765 2643 insignitum
2798 2569 3063 2643 praedicat
3099 2587 3114 2623 :
3148 2584 3342 2625 rursus
3368 2582 3461 2623 co-

1895 2660 2083 2715 lumna
2108 2668 2343 2717 testatur
2374 2677 2541 2733 supra
2560 2662 2858 2716 humanam
2907 2660 3223 2716 facultatem
3267 2658 3461 2729 hujus-

1895 2750 2042 2805 modi
2065 2752 2352 2807 victoriam
2380 2767 2523 2809 esse.
2542 2751 2634 2806 Ait
2657 2752 2852 2808 enim:
2886 2772 2905 2805 ι
2942 2751 3004 2806 In
3034 2752 3219 2816 finem,
3250 2766 3319 2805 ne
3349 2750 3464 2806 dis-

1897 2844 2175 2914 perdas".
2197 2864 2220 2897 ι
2259 2846 2413 2916 Saepe
2447 2846 2654 2903 dictum
2692 2852 2797 2911 est,
2833 2865 2850 2897 ι
2883 2845 3005 2902 linis
3038 2864 3057 2897 ι
3099 2843 3463 2914 signiﬁcatum

217 2939 318 2992 τοῦ
356 2936 543 3001 τέλους
583 2938 643 2990 τὸ
678 2935 1095 3007 σημαινόμενον,
1142 2940 1236 2994 καὶ
1280 2940 1433 2995 οὐδὲν
1478 2943 1587 3012 χρὴ
1634 2941 1785 2995 πάλιν

1923 2951 2020 2992 :sse
2052 2937 2373 3003 victoriam;
2408 2951 2585 3009 neque
2611 2952 2750 3008 opus
2777 2946 2860 2993 est
2886 2937 3066 2992 denuo
3091 2935 3371 3006 explicare
3410 2933 3463 2986 id

221 3028 619 3100 ἐφερμηνεύειν
644 3026 726 3099 τῷ
762 3029 905 3101 λόγῳ
941 3029 1002 3083 τδ
1026 3030 1387 3101 ἐγνωσμένον.
1427 3032 1499 3084 Τὸ
1529 3032 1607 3097 δὲ,
1647 3051 1665 3084 ι
1705 3034 1797 3105 Μὴ

221 3121 566 3195 διαφθείρῃς,
602 3141 621 3174 ι
652 3123 686 3192 ἠ
714 3121 1092 3194 φιλάνθρωπος
1118 3121 1256 3195 αὕτη
1298 3124 1469 3194 φωνὴ,
1496 3124 1591 3179 καὶ
1619 3126 1798 3180 πᾶσαν

227 3209 608 3282 μακροθυμίας
641 3211 944 3283 ὑπερϐολὴν
988 3212 1283 3282 παριοῦσα,
1326 3213 1568 3284 μείζονος
1618 3216 1801 3268 ἐπιϐιὲ⁹

224 3301 399 3372 σηκεν
424 3303 481 3355 ἐν
507 3301 585 3373 τῷ
610 3302 755 3369 τόπῳ
785 3303 959 3374 τούτῳ
1002 3303 1100 3374 τῆς
1141 3303 1397 3369 διανοίας.
1430 3305 1526 3369 Τίς
1555 3304 1665 3377 γάρ
1701 3307 1801 3361 ούκ

224 3387 405 3454 οἶδεν,
467 3391 549 3444 ὅτι
614 3391 900 3464 πρόχειρος
961 3393 1058 3464 μέν
1105 3394 1185 3457 είς
1237 3394 1480 3450 εὐποιίαν
1538 3397 1657 3450 ἐστὶ
1710 3398 1803 3451 καὶ

227 3482 340 3537 τῶν
375 3482 736 3553 ἐπιτυχόντων
764 3485 991 3548 ἕκαστος
1035 3484 1127 3538 ἐπὶ
1171 3485 1280 3541 τῶν
1307 3486 1572 3558 μηδεμίαν
1613 3504 1805 3558 προεν-

227 3574 561 3646 δειξαμένων
598 3576 832 3629 κακίαν·
874 3576 1133 3641 πολλάκις
1180 3577 1235 3630 δὲ
1277 3579 1371 3632 καὶ
1420 3581 1620 3649 μικρᾶς
1659 3596 1806 3645 τινος

229 3668 415 3737 λύπης
462 3666 998 3739 προσγεγενημένης,
1054 3670 1083 3722 ὁ
1136 3669 1233 3739 μὲν
1284 3669 1805 3743 μεγαλοψυχότερος,

229 3759 436 3831 ἤνεγκε
483 3757 582 3829 τὴν
634 3756 729 3810 ἐπὶ
781 3760 893 3821 τοῖς
946 3761 1159 3830 μικροῖς
1217 3759 1428 3831 ἀηδίαν,
1481 3763 1576 3815 καὶ
1626 3763 1685 3816 ἐν
1730 3760 1809 3833 τῷ

232 3846 413 3919 καιρῷ
439 3848 539 3919 τῆς
564 3847 808 3912 εὐποιίας
835 3849 934 3904 ούκ
966 3851 1257 3923 ἀπετράπη
1282 3852 1439 3906 τοῦτο
1463 3853 1685 3924 ποιῆσαι
1710 3871 1805 3908 καο

232 3941 366 4005 λῶς,
408 3941 497 3993 τὸν
527 3940 622 3993 ἐπί⁹
654 3940 895 4012 μετρίοις
934 3940 1280 4015 λυπήσαντα⁶
1325 3946 1353 3998 ό
1399 3944 1454 3999 δέ
1501 3948 1811 4017 μικροφυὴς

182 4079 187 4083 ,
233 4031 337 4102 τὴν
361 4031 619 4096 διάνοιαν,
656 4031 763 4085 κᾶν
802 4030 974 4102 βραχύ
1000 4050 1053 4086 τι
1090 4033 1151 4087 τὸ
1179 4034 1477 4106 παροξύνον
1503 4036 1660 4108 τύχῃ,
1703 4040 1810 4092 πᾶ-

237 4138 340 4175 σαν
379 4120 673 4193 ἐπαφίησιν
697 4121 844 4194 αὐτῷ
888 4121 984 4194 τὴν
1012 4123 1312 4197 ἀμυντικὴν
1342 4126 1590 4198 δύναμιν,
1621 4127 1810 4200 καιροῦ

235 4229 387 4275 τινος
421 4214 500 4275 εἰς
528 4212 846 4267 κακοποιίαν
883 4212 1197 4285 λαϐόμενος.
1232 4214 1440 4270 Οὐκοῦν
1472 4218 1571 4271 οὐκ
1610 4219 1722 4272 ἴσον
1752 4220 1812 4273 τὸ

239 4303 448 4373 θαῦμα,
479 4302 583 4356 κᾶν
608 4303 792 4373 ὅμοιον
835 4303 895 4357 τὸ
919 4304 1265 4376 εὐεργέτημα
1290 4304 1449 4380 τύχῃ,
1493 4308 1583 4360 ἐπί
1619 4326 1678 4361 τε
1719 4309 1812 4362 τοῦ

241 4393 414 4465 μηδὲν
460 4393 896 4464 προπεπονθότος
926 4395 1115 4461 κακὸν,
1158 4396 1253 4449 καὶ
1282 4397 1375 4449 ἐπὶ
1400 4396 1493 4451 τοῦ
1548 4398 1815 4464 εὐποιίαις

239 4483 617 4555 ἀμειψαμένου
663 4485 753 4539 τὸν
793 4485 1235 4558 προλυπήσαντα.
1270 4487 1472 4542 Τούτου
1510 4489 1691 4560 χάριν,
1740 4491 1815 4554 ὡς

239 4576 310 4631 ἂν
359 4576 594 4647 μάλιστα
640 4575 702 4630 τὸ
745 4577 1088 4647 ἀπαράθετόν
1138 4595 1197 4633 τε
1238 4579 1333 4633 καὶ
1379 4579 1653 4650 ἀζήλωτον
1695 4582 1817 4635 ἐπι·

241 4666 481 4738 δειχθείη
523 4667 623 4738 τῆς
665 4667 758 4722 τοῦ
801 4668 965 4725 Δαόὶδ
999 4669 1399 4741 μακροθυμίας,
1453 4672 1576 4744 ἥτις
1621 4674 1813 4745 αὐτὴν,

247 4758 447 4832 μικροῦ
495 4758 624 4824 δεῖν,
676 4762 923 4831 μιμεῖται
966 4761 1066 4833 τῆς
1110 4760 1260 4825 θείας
1296 4762 1510 4830 φύσεως
1545 4764 1644 4830 τὴν
1673 4766 1818 4820 ἀπά-

248 4850 421 4918 θειαν,
456 4849 787 4921 παρατίθησι
808 4850 906 4923 τὴν
956 4852 1197 4925 πονηράν
1238 4853 1455 4926 ἐκείνην
1507 4854 1600 4908 τοῦ
1649 4856 1821 4911 Σαοὺλ

253 4941 472 5013 μανίαν.
506 4943 737 5014 Εἴρηται
765 4944 896 5015 γὰρ,
936 4945 1122 5013 φησὶν,
1154 4945 1233 5017 τῷ
1278 4946 1443 4999 Δαόὶδ
1474 4949 1507 5020 ἡ
1536 4949 1630 5003 τοῦ
1675 4968 1693 5001 ι
1725 4952 1816 5021 Μὴ

246 5034 567 5106 διαφθείρῃς
602 5053 622 5087 ι
660 5035 830 5107 φωνὴ,
862 5035 930 5107 ἢν
965 5038 1030 5107 τῇ
1077 5038 1264 5110 μνήμῃ
1293 5037 1398 5091 τῶν
1426 5039 1822 5112 ἐπιγενομένων

247 5126 637 5199 ὲνστηλιτεύῃ,
683 5126 780 5198 οὐχ
832 5127 920 5181 ὅτε
962 5127 1187 5198 φιλικῶς
1224 5128 1358 5199 πρὸς
1407 5130 1567 5183 αὑτὸν
1608 5127 1750 5202 εἶχεν
1791 5134 1820 5185 6

246 5218 547 5291 τύραννος,
597 5217 713 5271 ἀλλ’
740 5218 842 5290 ἤδη
889 5219 1268 5290 γεγενημένων
1316 5221 1557 5289 ἐκείνων,
1598 5226 1693 5277 ὅτε
1719 5227 1825 5279 ἀπ-

246 5310 488 5365 έστειλεν
516 5309 692 5365 Σαοὺλ
718 5311 800 5374 εἰς
848 5311 939 5365 τὸν
968 5308 1114 5365 οἶκον
1163 5311 1326 5366 αὐτοῦ
1376 5312 1468 5366 τοῦ
1519 5314 1822 5375 θανατῶσαι

246 5402 433 5467 αὐτόν.
455 5401 682 5465 Πάντως
708 5401 765 5455 δὲ
791 5401 890 5455 οὐκ
908 5389 1141 5472 ἀγνοεῖς,
1173 5405 1201 5457 ό
1228 5403 1549 5478 φιλομαθὴς,
1578 5408 1639 5461 τὸ
1657 5409 1821 5481 μέρος

362 5582 406 5659 ξ’
428 5579 580 5636 Psal.
625 5594 779 5651 tvm,
824 5581 909 5637 ll.
980 5582 1019 5614 ¹¹
1054 5578 1364 5651 lReg.xix,
1405 5582 1489 5637 ιι,

1843 4258 1890 4314 D

1897 3029 2044 3099 quod
2089 3031 2203 3100 jam
2250 3030 2441 3101 liquet.
2494 3030 2633 3086 Illud
2684 3045 2914 3098 vero”
2951 3028 3029 3084 Ne
3074 3016 3386 3100 disperdas,
3448 3050 3464 3081 ι

1900 3121 2078 3177 amica
2110 3122 2201 3177 illa
2232 3131 2287 3178 et
2303 3121 2554 3193 jucunda
2584 3137 2694 3177 vox
2722 3132 2831 3187 est,
2884 3135 3102 3177 omnem
3141 3115 3469 3189 longanimi-

1900 3216 2029 3270 tatis
2074 3220 2130 3269 et
2190 3215 2467 3285 patientia:
2518 3215 2905 3271 excellentiam
2963 3226 3337 3284 supergressa,
3380 3210 3470 3263 cui

1904 3306 2080 3376 major
2110 3306 2362 3377 quaedam
2387 3315 2442 3362 et
2473 3307 2788 3377 praeclarior
2810 3307 2916 3361 hoc
2946 3306 3003 3360 in
3027 3306 3148 3360 loco
3170 3301 3468 3372 subjicitur

1902 3397 2077 3454 notio.
2098 3397 2234 3465 Quis
2251 3399 2394 3453 enim
2423 3398 2639 3470 ignorat
2655 3397 2976 3468 quemlibet,
3003 3395 3168 3449 etiam
3197 3409 3263 3448 ex
3283 3393 3469 3461 vulgo,

1906 3503 2136 3560 pronum
2160 3503 2285 3545 esse
2307 3488 2376 3542 ad
2402 3487 2666 3545 beneficia
2693 3485 3025 3542 conferenda
3047 3485 3178 3549 illis,
3208 3498 3239 3537 a
3271 3484 3474 3553 quibus

1908 3580 2046 3636 nihil
2091 3581 2408 3637 nocumenti
2467 3580 2717 3649 accepit;
2772 3592 2915 3647 saepe
2972 3590 3102 3630 vero
3133 3575 3219 3629 vel
3272 3574 3474 3642 exigua

1908 3671 2209 3728 offensione
2255 3679 2311 3727 et
2366 3670 2616 3726 molestia
2638 3668 2983 3738 interposita,
3030 3668 3078 3721 is
3114 3663 3337 3735 quidem
3374 3664 3471 3733 qui

1910 3764 2093 3821 animo
2118 3761 2465 3818 constantior
2488 3768 2594 3829 est,
2623 3759 2901 3816 moderate
2932 3756 3040 3813 fert
3073 3756 3332 3826 exiguam
3369 3752 3476 3807 ali-

1909 3871 2073 3928 quam
2112 3854 2441 3919 molestiam,
2469 3861 2525 3910 et
2549 3862 2794 3924 tempore
2829 3847 3208 3906 benefaciendi
3247 3844 3479 3900 minime

1912 3946 2253 4009 intermittit,
2276 3959 2388 4016 quo
2420 3945 2603 4001 minus
2629 3944 2901 4014 benignus
2935 3942 3008 3998 sit
3037 3940 3092 3995 in
3118 3954 3270 4005 eum,
3315 3952 3344 3991 a
3370 3950 3481 4007 quo

1913 4035 2166 4091 nonnihil
2190 4034 2452 4090 molestiae
2481 4032 2699 4103 accepit
2735 4050 2749 4086 :
2783 4038 2839 4087 at
2860 4032 2967 4107 qui
3004 4031 3189 4086 animo
3220 4038 3305 4084 est
3333 4026 3482 4096 abie-

1914 4137 2003 4183 cto
2031 4135 2086 4183 et
2106 4125 2325 4192 humih‘,
2352 4125 2482 4181 licet
2510 4125 2811 4189 modicum,
2858 4122 3008 4194 quod
3042 4122 3244 4185 irritat,
3290 4117 3479 4179 fuerit,

1916 4230 2108 4274 omnes
2134 4214 2307 4271 furori
2339 4217 2406 4269 ad
2435 4213 2810 4270 ulciscendum
2843 4212 3086 4268 habenas
3113 4213 3280 4275 laxat,
3303 4208 3483 4264 oblata

1920 4307 2047 4363 mali
2076 4305 2408 4377 rependendi
2434 4304 2858 4376 opportunitate.
2873 4301 3145 4368 Quocirca
3169 4315 3280 4354 non
3302 4313 3485 4368 aequa-

1920 4398 1990 4453 lis
2019 4396 2334 4462 admiratio,
2377 4410 2557 4466 neque
2589 4410 2685 4465 per
2722 4392 3070 4450 benefactum
3114 4390 3483 4462 reputabitur,

1919 4496 2174 4561 respectu
2202 4489 2324 4558 ejus
2351 4488 2445 4558 qui
2475 4487 2611 4543 nihil
2633 4484 2831 4541 hostile
2850 4492 3008 4539 antea
3026 4498 3245 4554 passus,
3266 4490 3320 4537 et
3337 4496 3487 4536 com-

1920 4582 2207 4651 paratione
2229 4579 2351 4650 ejus
2380 4579 2475 4651 qui
2507 4577 2646 4636 male
2674 4577 2743 4633 de
2779 4591 2861 4632 se
2883 4577 3139 4631 meritum
3186 4571 3489 4629 benefactis

1922 4678 2260 4727 remunerat.
2295 4668 2471 4740 Hujus
2518 4668 2713 4739 gratia,
2744 4675 2805 4721 ut
2861 4666 3101 4720 maxime
3147 4665 3490 4733 incompara-

1919 4762 2084 4820 bilem
2113 4770 2167 4818 et
2206 4762 2588 4818 inimitabilem
2623 4757 2846 4813 Davidis
2881 4755 3206 4828 patientiam
3236 4760 3289 4808 et
3320 4752 3489 4805 animi

1922 4855 2355 4912 moderationem
2380 4852 2654 4918 ostendat,
2713 4865 2835 4923 quae
2885 4860 3079 4920 parum
3127 4846 3304 4909 abest,
3357 4845 3493 4913 quin

1923 4952 2105 5021 ipsum
2139 4949 2338 5005 divinae
2383 4954 2617 5012 naturae,
2668 4942 2849 5000 omnis
2892 4937 3168 5011 passionis
3217 4945 3492 5004 expertem

1924 5040 2447 5105 statum‘imitetur,
2475 5037 2547 5091 ob
2569 5035 2761 5091 oculos
2805 5033 2959 5103 ponit
2999 5027 3300 5098 improbam
3342 5026 3490 5079 illam

1934 5134 2121 5191 Saulis
2167 5131 2498 5188 insaniam“
2536 5170 2549 5183 .
2585 5127 2737 5181 Dicta
2763 5133 2855 5182 est
2878 5123 3048 5189 enim,
3073 5119 3272 5189 inquit,
3323 5132 3354 5170 a
3388 5115 3495 5167 Da-

1929 5223 2060 5280 vide
2105 5222 2196 5297 illa
2244 5235 2349 5275 vox
2389 5237 2450 5273 ει
2478 5216 2557 5272 Ne
2601 5214 2919 5286 disperdas;
2948 5232 2967 5265 ι
3012 5224 3173 5281 quam
3218 5205 3497 5262 memoria:

1929 5303 2272 5388 posteritatis
2304 5307 2620 5378 insculpsit,
2683 5320 2793 5360 non
2823 5302 3043 5373 quando
3087 5314 3211 5356 eum
3258 5299 3495 5357 benevo—

1929 5387 2097 5465 lentia
2142 5402 2579 5475 proscquebatur
2633 5406 2924 5471 tyrannus,
2971 5394 3064 5451 scd
3115 5392 3329 5449 sublata
3384 5387 3494 5457 jam
