3738 5984
317 247 424 303 599

1584 248 1643 303 S.
1685 245 2010 304 GllEGORll
2047 243 2341 302 NYSSENI

3466 236 3587 292 600

290 360 467 417 omni
517 358 782 423 amicitia,
836 367 1123 430 postquam
1184 362 1331 417 misit
1389 361 1519 417 Saul
1559 363 1615 417 in
1665 361 1888 417 domum

2074 379 2091 425 ;
2136 361 2397 432 ἱστορίας,
2430 358 2491 412 τὺ
2516 358 2621 412 ὑπὸ
2652 359 2751 428 τῆς
2785 357 3097 429 ἐπιγραφῆς
3147 356 3583 429 σημαινόμενον*

315 454 461 519 ejus,
494 458 555 506 ut
588 450 1011 506 interficeretur.
1066 451 1303 507 Omnino
1341 460 1525 506 autem
1557 451 1744 522 ignota
1792 449 1887 505 tibi

2074 471 2108 515 ις
2140 451 2328 522 ἐπειδὴ
2363 450 2602 520 κατέστη
2629 448 2706 519 τῷ
2752 449 2926 503 Σαοὺλ
2968 451 3003 519 ἡ
3048 451 3113 505 ἐκ
3153 450 3248 504 τοῦ
3289 449 3584 521 ’δαιμονίου

317 558 429 598 non
460 550 569 608 est,
596 543 852 612 quisquis
898 542 1148 599 discendi
1199 543 1436 613 cupidus
1489 559 1569 609 es,
1618 546 1749 614 pars
1797 542 1891 597 illa

319 636 588 696 historiae.
619 650 739 705 qum
769 635 839 690 ab
871 634 1231 706 inscriptione
1258 637 1595 711 insinuatur,
1617 634 1894 706 quomodo

324 734 615 800 postquam
668 727 801 784 Saul
857 743 888 783 a
923 728 1067 784 malo
1103 728 1303 800 spiritu
1365 738 1639 798 arreptus,
1691 724 1895 779 Daride

320 819 570 876 Psalterii
607 827 774 876 cantu
812 819 1181 876 turbationem
1237 835 1305 876 ex
1344 817 1543 875 aﬂectu
1575 817 1669 871 illo
1692 824 1892 880 ortam,

322 913 571 976 sedante,
603 912 848 968 lanceam
878 912 1040 983 juxta
1072 928 1132 969 se
1165 911 1305 967 forte
1336 910 1597 984 positam,
1631 908 1687 963 in
1724 908 1892 964 bene-

322 1001 590 1056 lactorem
623 1016 782 1062 suum
806 1002 1070 1070 "vibrarit,
1106 1002 1314 1058 directa
1357 1001 1413 1055 in
1444 1000 1599 1056 illum
1640 995 1894 1068 cuspide,

322 1108 449 1148 cum
473 1093 566 1149 ille
592 1104 777 1149 autem
825 1094 1011 1149 divina
1050 1110 1153 1166 ope
1197 1100 1454 1150 conatum
1505 1091 1656 1146 illum
1696 1090 1901 1144 evitas-

325 1189 429 1248 set,
452 1183 724 1254 profunde
781 1186 834 1241 in
887 1201 1104 1241 murum
1163 1176 1434 1256 impactus
1490 1190 1575 1239 est
1620 1178 1901 1236 mucronis

335 1274 592 1345 impetus,
613 1275 709 1331 illo
747 1276 802 1331 in
828 1276 1078 1347 proprias
1110 1275 1254 1332 aedes
1280 1275 1624 1348 dill‘ugiente.
1656 1287 1783 1327 cum
1815 1286 1901 1326 re-

330 1365 415 1433 gis
444 1362 588 1416 iram.
611 1371 889 1433 sperasset
903 1372 1001 1434 per
1017 1363 1400 1434 paenitentiam
1421 1364 1771 1418 immutatum
1801 1359 1896 1414 iri.

399 1451 470 1508 At
511 1470 637 1510 cum
662 1455 793 1511 Saul
822 1457 1064 1528 undique
1092 1458 1313 1513 domum
1350 1455 1572 1511 Davidis
1598 1454 1903 1510 circumde-

1988 541 2302 613 πνεύματος
2331 541 2577 611 πτόησις,
2606 539 2699 594 τοῦ
2732 539 2889 609 ἁγίου
2924 540 3087 594 Δαὸὶδ
3126 540 3217 594 διὰ
3242 538 3339 594 τοῦ
3368 539 3585 609 ψαλτη-

1996 633 2112 706 ρίου
2168 632 2264 704 τὴν
2312 634 2378 686 ἐκ
2421 630 2515 685 τοῦ
2565 630 2772 693 πάθους
2821 631 3067 702 ταραχὴν
3115 629 3582 691 κατευνάσαντος,

1998 721 2563 797 παρεστῶσανέαυτῷ
2586 721 2684 793 τὴν
2730 721 2929 792 λόγχην
2974 721 3149 793 εὑρὼν
3186 721 3215 772 6
3267 718 3442 773 Σαοὺλ
3495 716 3583 787 τῷ

1996 818 2260 890 εὐεργέτῃ
2296 815 2489 871 ἐαυτοῦ
2516 815 2829 887 ἐπαφίησιν,
2863 813 3091 877 εὐθύνας
3128 812 3247 867 κατ’
3279 809 3444 865 αὐτοῦ
3477 810 3586 880 τὴν

1997 909 2239 981 αἰχμήν’
2273 908 2368 963 τοῦ
2411 908 2470 961 δὲ
2522 907 2663 962 κατὰ
2704 906 2852 961 θείαν
2892 903 3208 977 συμμαχίαν
3266 906 3376 974 ,τῆς
3420 901 3585 971 βολῆς

1999 1000 2190 1056 ἐαυτὸν
2221 1000 2683 1071 ὑπεκστήσαντος,
2714 997 2793 1070 τῷ
2821 999 2987 1069 τοίχῳ
3020 996 3107 1050 διὰ
3146 995 3347 1065 βάθους
3393 994 3584 1064 ἐμπή-

2002 1109 2192 1161 γνυται
2225 1093 2260 1162 ή
2298 1091 2399 1162 τῆς
2441 1092 2644 1162 αἰχμῆς
2673 1088 2971 1163 προσϐολή.
3015 1087 3345 1158 Ἐξέδραμεν
3383 1085 3443 1138 δὲ
3468 1084 3587 1137 τῶν

2002 1182 2287 1254 βασιλείων
2333 1186 2391 1237 ἐν
2438 1181 2515 1254 τῷ
2564 1182 2677 1253 ἰδίῳ
2726 1181 2880 1253 οἴκῳ.
2937 1176 3446 1251 μεταϐληθήσεσθαι
3485 1173 3588 1229 τοῦ
3648 1186 3665 1191 “

2004 1274 2267 1346 βασιλέως
2298 1275 2390 1328 τὸν
2419 1273 2587 1346 θυμὸν
2619 1273 2706 1328 διὰ
2740 1272 3028 1345 μετανοίας
3063 1270 3313 1334 ἐλπίσας.

2074 1456 2182 1512 Τοῦ
2214 1456 2273 1511 δὲ
2301 1456 2474 1510 Σαοὺλ
2502 1455 2834 1527 δορυφόρους
2863 1455 2922 1508 ἐν
2973 1452 3157 1523 κύκλῳ
3200 1453 3268 1522 τῇ
3307 1449 3460 1520 οίκίᾳ
3484 1446 3591 1502 τοῦ

330 1545 525 1609 uisset,
584 1545 1024 1616 satellitibusque
1079 1553 1135 1601 et
1190 1545 1478 1601 lictoribus
1527 1543 1726 1599 caedem
1781 1542 1903 1612 ejus

2074 1549 2169 1603 ισὶδ
2217 1549 2673 1620 περιστήσαντος,
2720 1547 2813 1601 καὶ
2856 1544 3071 1616 δημίοις
3112 1544 3202 1598 τὸν
3248 1543 3367 1596 κατ’
3418 1537 3590 1594 αὐτοῦ

333 1639 679 1706 imperasset,
702 1638 791 1694 vix
828 1654 926 1710 per
958 1637 1250 1696 fenestram
1280 1639 1543 1709 dejiciens
1575 1638 1815 1706 seipsum
1847 1634 1902 1688 in

2074 1656 2166 1695 ινον
2194 1639 2588 1711 ἐντειλάμενος,
2624 1638 2774 1710 μόλις
2805 1635 2893 1691 διὰ
2936 1634 3147 1707 θυρίδος
3170 1633 3316 1696 τινὸς
3342 1629 3594 1685 καταϐα-

334 1702 639 1799 subjectum
670 1702 873 1799 locum,
904 1732 1209 1802 fallensque
1246 1702 1575 1796 custodiam,
1599 1702 1902 1799 periculum

2074 1748 2114 1784 ›ν
2139 1730 2329 1784 ἐαυτὸν
2372 1702 2453 1794 είς
2477 1702 2836 1801 τὺύπαιθρον
2864 1702 3145 1782 διαλαθὼν
3179 1725 3279 1796 τὴν
3318 1721 3592 1795 φρουρὰν,

334 1821 530 1888 evasit,
580 1820 818 1892 indeque
863 1822 1147 1893 digressus
1180 1821 1340 1877 modo
1371 1824 1519 1876 hunc
1550 1820 1710 1876 modo
1753 1818 1903 1872 illum

2074 1840 2116 1875 ω
2146 1821 2253 1876 τῶν
2297 1820 2555 1875 κινδύνων
2580 1819 2815 1891 κατέστη
2835 1835 2849 1849 ·
2883 1818 2979 1873 καὶ
3013 1815 3355 1889 μεταναστὰς
3400 1814 3597 1867 ἄλλοτε

336 1915 518 1970 locum
560 1915 799 1985 petebat,
847 1914 1114 1970 oberrans
1144 1926 1256 1984 prae
1288 1910 1506 1967 consilii
1543 1910 1725 1979 inopia
1766 1908 1903 1962 inter

2074 1911 2168 1966 ,λον
2217 1904 2487 1985 ἐπήρχετο
2525 1910 2711 1978 τόπον,
2742 1909 2847 1964 ὑπὸ
2876 1909 3187 1980 ἀμηχανίας
3233 1907 3347 1968 τοῖς
3390 1903 3597 1972 ὴθάσιν

335 2014 498 2062 notos
530 2014 585 2062 et
610 2004 933 2073 familiares,
980 2003 1311 2074 tandemque
1354 2000 1732 2073 deprehensus
1765 2005 1850 2055 est
1877 2013 1907 2052 a

338 2099 542 2166 Saule;
580 2112 706 2153 cum
748 2096 941 2152 collem
979 2103 1095 2152 toto
1131 2096 1377 2153 exercitu
1415 2092 1906 2154 circumvallasset,

336 2192 396 2247 iu
426 2205 587 2261 quem
616 2204 741 2245 cum
774 2190 892 2245 suis
920 2181 1092 2245 David
1123 2201 1183 2243 se
1206 2192 1510 2256 receperat,
1540 2197 1774 2253 cumque
1801 2196 1904 2236 nox

337 2282 656 2338 dilationem
702 2282 766 2335 ad
808 2280 1088 2336 interitum
1126 2279 1371 2336 dedisset
1411 2277 1722 2347 (distulerat
1764 2275 1910 2330 enim

340 2374 477 2428 Saul
508 2387 696 2431 necem
726 2374 867 2443 ejus,
900 2387 1061 2444 quem
1086 2372 1519 2443 persequebatur
1542 2369 1599 2423 in
1631 2374 1910 2439 posterum

341 2463 534 2536 diem),
566 2463 876 2536 ingreditur
912 2463 1214 2518 tentorium
1246 2461 1423 2517 hostis
1453 2460 1562 2525 sui,
1591 2473 1754 2528 quem
1787 2470 1912 2512 cum

341 2567 540 2610 somno
587 2552 825 2624 sopitum
869 2553 923 2607 in
961 2551 1105 2609 lecto
1148 2551 1384 2622 quodam
1437 2547 1913 2620 deprehendisset,

344 2659 453 2700 non
483 2644 658 2700 solum
689 2644 964 2701 continuit
1009 2641 1287 2713 propriam
1332 2653 1577 2703 manum,
1618 2651 1915 2708 properan-

343 2747 453 2793 tem
490 2736 765 2802 fortassis,
802 2744 862 2792 ut
907 2735 1003 2789 irae
1054 2733 1362 2804 indulgeret
1402 2739 1457 2787 et
1496 2731 1913 2801 obsequeretur,

345 2829 441 2885 sed
471 2839 521 2886 et
548 2829 875 2899 armigerum
902 2827 1130 2898 jamjam
1184 2825 1250 2881 ad
1277 2823 1662 2879 trucidandum
1698 2822 1917 2878 Saulem

348 2922 699 2979 festinantem
741 2922 810 2993 (‘1
844 2920 1155 2975 Percutiam
1200 2934 1348 2985 eum,
1382 2937 1401 2970 ι
1456 2917 1655 2993 inquit,
1693 2934 1711 2968 ι
1743 2923 1797 2971 et
1830 2930 1921 2971 se-

346 3012 526 3068 cunda
549 3014 666 3068 vice
689 2988 828 3082 opus
858 3025 969 3066 non
997 3009 1099 3065 erit
1135 3029 1153 3062 ι
1182 3008 1201 3080 )
1231 3007 1453 3063 abducit
1479 3006 1548 3062 ab
1573 2988 1667 3060 illo
1690 3004 1917 3076 impetu,

349 3104 562 3175 adjecta
598 3103 801 3179 insigni
842 3103 933 3157 illa
961 3109 1016 3157 et
1044 3101 1244 3170 ubique
1276 3100 1569 3155 decantata
1589 3111 1724 3153 voce
1749 3115 1764 3152 :
1794 3115 1812 3148 ι
1842 3093 1920 3151 Ne

350 3194 638 3265 disperdas
667 3208 817 3260 eum,
855 3213 874 3245 ι
905 3194 1000 3264 qui
1049 3207 1150 3247 nos
1180 3190 1497 3269 disperdere
1521 3195 1676 3243 tanto
1722 3193 1922 3241 conatu

348 3289 597 3346 molitur.
629 3287 817 3358 Neque
848 3288 955 3343 hoc
1002 3287 1177 3343 solum
1222 3286 1325 3340 hac
1369 3284 1422 3338 in
1459 3298 1519 3338 re
1563 3279 1926 3336 admiratione

351 3380 578 3452 dignum
609 3387 717 3444 est,
747 3377 894 3450 quod
916 3377 1083 3433 vitam
1122 3376 1388 3447 largiatur
1414 3373 1485 3438 ei,
1517 3371 1612 3443 qui
1650 3370 1787 3426 nihil
1816 3384 1927 3423 non

352 3481 547 3527 contra
578 3472 751 3526 vitam
783 3471 960 3542 ipsius
988 3468 1424 3530 machiuabatur,
1458 3466 1556 3522 sed
1582 3464 1726 3536 quod
1756 3462 1928 3518 David

353 3566 462 3634 jam
504 3572 707 3621 unctus
754 3566 810 3620 in
857 3579 1063 3636 regem,
1103 3571 1158 3618 et
1186 3560 1356 3632 probe
1389 3573 1616 3630 gnarus,
1659 3573 1723 3613 se
1771 3557 1930 3612 aliter

355 3658 639 3729 dignitatis
692 3657 858 3727 hujus
898 3666 1206 3727 compotem
1264 3652 1380 3708 ﬁeri
1436 3665 1545 3706 non
1598 3664 1782 3720 posse,
1822 3647 1929 3702 nisi

309 3744 318 3751 ’
358 3748 491 3802 Saul
536 3763 567 3802 e
616 3746 798 3803 medio
840 3746 1163 3811 tolleretur;
1205 3741 1379 3798 satius
1423 3746 1606 3794 tamen
1646 3734 1929 3807 judicarit,

355 3839 620 3909 patientia
674 3846 729 3894 et
763 3838 1018 3909 aequitate
1065 3850 1190 3890 cum
1229 3833 1456 3904 privatae
1488 3830 1612 3885 vitae
1653 3828 1933 3883 laboribus

357 3929 683 3994 conﬂictari,
719 3943 882 3998 quam
932 3926 1142 3997 expleta
1185 3925 1239 3979 in
1285 3922 1661 3980 adversarium
1706 3919 1811 3982 ira,
1847 3931 1934 3972 rev

360 4018 480 4089 gale
520 4017 717 4073 solium
760 4016 1149 4072 conscendere.
1201 4013 1473 4080 Quocirca
1520 4009 1936 4065 humanissimas

360 4109 437 4163 illi
494 4106 853 4162 commotioni
915 4107 1163 4177 adjungit
1216 4104 1400 4160 illud:
1437 4100 1729 4181 [Quando
1786 4100 1938 4155 misit

314 4268 322 4277 .
366 4197 496 4252 Saul
538 4197 593 4252 in
640 4197 860 4253 domum
896 4195 1086 4263 David,
1116 4203 1176 4251 ut
1224 4194 1557 4251 interﬁceret
1584 4207 1732 4259 eum,
1776 4211 1794 4245 ι
1827 4205 1936 4246 non

360 4289 504 4344 enim
528 4298 663 4345 tunc
695 4291 797 4345 hoc
825 4288 1033 4345 dictum
1062 4296 1165 4354 est,
1194 4301 1321 4342 cum
1347 4286 1463 4341 haec
1491 4290 1813 4347 evenerunt,
1839 4281 1935 4336 sed

2015 2002 2317 2072 ἀνθρώποις
2350 2000 2811 2072 ἐπιπλανὼμενος.
2845 2000 2958 2054 Καὶ
2987 1999 3159 2061 οὕτως
3187 1997 3245 2051 δὲ
3273 1992 3600 2064 κατελήφθη

2015 2093 2120 2148 ὑπὸ
2145 2090 2238 2145 τοῦ
2264 2090 2434 2145 Σαοὺλ
2470 2091 2811 2162 πανστρατιᾷ
2854 2087 3233 2149 κυκλώσαντος
3263 2085 3356 2138 τὸν
3388 2081 3599 2152 γεώλο-

2017 2200 2134 2253 φον,
2171 2185 2228 2237 ἐν
2255 2176 2299 2250 ᾧ
2331 2181 2468 2252 μετὰ
2503 2180 2611 2234 τῶν
2634 2181 2767 2252 ’περὶ
2796 2178 2960 2233 αὑτὸν
2986 2179 3015 2231 6
3038 2176 3201 2230 Δαϐὶδ
3233 2172 3602 2247 προσφεύγει,

2017 2276 2110 2329 καὶ
2155 2273 2346 2338 νυκτὸς
2380 2271 2644 2344 ἀναϐολὴν
2678 2271 2815 2345 πρὸς
2845 2271 2936 2325 τὸν
2976 2269 3204 2323 θάνατον
3228 2264 3377 2336 αὐτῷ
3422 2280 3607 2335 παρα-

2020 2367 2288 2438 σχομένης
2315 2365 2632 2438 (ὑπερέθετο
2658 2362 2768 2434 γὰρ
2788 2365 2817 2417 6
2836 2361 3010 2417 Σαοὺλ
3040 2360 3135 2415 ἐπὶ
3160 2360 3250 2412 τὸν
3274 2355 3475 2429 ὄρθρον
3501 2355 3608 2425 τὴν

2018 2459 2110 2512 τοῦ
2157 2457 2486 2529 διωκομένου
2531 2456 2764 2525 σφαγὴν)
2815 2454 3101 2528 ἐφίσταται
3157 2452 3225 2521 τῇ
3278 2450 3457 2518 σκηνῇ
3506 2443 3605 2500 τοῦ

2021 2549 2301 2620 πολεμίου,
2336 2549 2430 2602 καὶ
2468 2545 2790 2602 καταλαϐὼν
2825 2545 2917 2599 ἐπί
2944 2561 3088 2607 τινος
3117 2542 3278 2611 εὐνῆς
3305 2538 3609 2608 λελυμένον

2020 2639 2098 2711 τῷ
2133 2640 2302 2710 ὕπνῳ,
2332 2639 2394 2693 ού
2424 2637 2581 2711 μόνον
2604 2636 2702 2710 τὴν
2739 2636 2875 2691 ίδίαν
2901 2630 3131 2704 ἐπέσχεν
3156 2634 3312 2703 χεῖρα
3338 2629 3610 2681 σπεύδου-

2026 2750 2123 2788 σαν
2165 2734 2293 2796 ἴσως
2346 2730 2425 2802 τῷ
2468 2730 2626 2801 θυμῷ
2671 2726 3020 2800 χαρίσασθαι,
3051 2725 3187 2779 ἀλλὰ
3224 2722 3319 2776 καὶ
3355 2721 3449 2774 τὸν
3502 2720 3609 2771 ύπο

2024 2823 2294 2897 ασπιστήν
2317 2824 2417 2897 ’ήδη
2451 2822 2595 2878 κατὰ
2623 2821 2716 2876 τοῦ
2745 2820 2919 2876 Σαοὺλ
2948 2820 3083 2891 πρὸς
3104 2817 3203 2889 τὴν
3245 2813 3466 2885 σφαγὴν
3488 2814 3613 2865 ἐπι-

2026 2918 2274 2988 κύψαντα
2323 2917 2371 2988 (ι
2423 2915 2656 2981 Πατάξω
2687 2934 2706 2969 ι
2747 2915 2878 2986 γὰρ,
2922 2913 3109 2984 φησὶν,
3155 2929 3175 2962 ι
3209 2909 3302 2963 καὶ
3330 2908 3393 2961 οὐ
3423 2906 3614 2960 δευτε·

2029 3008 2188 3081 ρώσω
2235 3009 2284 3080 ι)
2325 3009 2529 3078 ἀπάγει
2570 3007 2670 3079 τῆς
2713 3006 2889 3079 ὁρμῆς
2935 3007 3001 3076 τῇ
3049 3000 3260 3075 μεγάλῃ
3293 2998 3473 3071 ταύτῃ
3518 2996 3617 3052 καὶ

2029 3101 2259 3171 ἀοιδίμῳ
2289 3101 2463 3171 φωνῇ,
2500 3118 2520 3150 ι
2561 3098 2657 3171 Μὴ
2696 3096 3035 3169 διαφθείρης,
3074 3112 3095 3146 ι
3128 3091 3318 3157 εἰπὼν,
3347 3090 3445 3143 τὸν
3474 3089 3617 3158 πρὸς

2027 3192 2126 3263 τὴν
2159 3191 2280 3246 καθ’
2306 3190 2461 3263 ἡμῶν
2501 3188 2796 3261 διαφθορὰν
2839 3184 3214 3256 ἐπειγόμενον.
3264 3182 3340 3236 Ού
3367 3179 3534 3234 τοῦτο
3559 3179 3618 3232 δὲ

2032 3284 2191 3355 μόνον
2248 3282 2397 3335 ἐστὶν
2436 3281 2496 3334 τὸ
2545 3277 2852 3350 θαυμαστὸν
2903 3280 2960 3331 ἐν
3012 3275 3091 3347 τῷ
3146 3274 3474 3346 πράγματι,
3532 3271 3617 3324 ὅτι

2031 3372 2174 3444 ζωὴν
2211 3371 2492 3444 χαρίζεται
2530 3369 2606 3439 τῷ
2650 3368 2791 3423 κατὰ
2838 3367 2938 3438 τῆς
2984 3366 3129 3437 ζωῆς
3175 3361 3338 3418 αὑτοῦ
3393 3361 3619 3416 ἅπαντα

2032 3465 2351 3538 πράσσοντι.
2400 3464 2515 3519 ἀλλ’
2544 3464 2625 3517 ὅτι
2659 3461 2794 3534 πρὸς
2823 3460 3100 3532 βασιλείαν
3125 3455 3367 3530 χρισθεὶς
3391 3456 3421 3507 6
3451 3452 3619 3507 Δαόὶδ

2033 3558 2129 3612 καὶ
2150 3557 2327 3621 εἰδὼς,
2355 3556 2431 3629 μὴ
2460 3553 2574 3627 [ἂν]
2595 3553 2768 3617 ἄλλως
2792 3552 3080 3623 μετασχεῖν
3099 3548 3193 3603 τοῦ
3212 3546 3546 3617 ἀξιώματος,
3570 3541 3620 3594 εί

2037 3649 2113 3721 μὴ
2143 3651 2207 3703 ὲκ
2233 3648 2408 3702 ποδῶν
2437 3646 2647 3716 γένοιτο
2672 3645 2700 3697 6
2728 3641 2902 3697 Σαούλ
2926 3659 2942 3673 ’
2989 3642 3236 3711 κρεῖττον
3266 3638 3487 3706 ἔκρινεν
3529 3631 3621 3685 διὰ

2032 3740 2135 3810 τῆς
2175 3737 2556 3811 μακροθυμίας
2586 3733 2917 3791 κακοπαθεῖν
2964 3722 3022 3787 ἐν
3069 3730 3308 3799 ἰδιωτικῇ
3358 3723 3619 3779 ταπεινό-

2034 3849 2177 3903 τητι,
2211 3829 2245 3900 ἦ
2270 3827 2439 3899 θυμὸν
2470 3825 2614 3880 κατὰ
2639 3823 2734 3879 τοῦ
2772 3819 3135 3892 λελυπηκότος
3163 3815 3467 3889 ἐκπλήσας,
3499 3813 3618 3864 ἐπι-

2038 3923 2197 3992 ϐῆναι
2225 3921 2326 3991 τῆς
2376 3917 2671 3989 βασιλείας.
2720 3915 2820 3969 Διὰ
2863 3912 3025 3967 τοῦτο
3070 3905 3519 3992 συμπεριγράᾗςι

2037 3985 2135 4082 τῆς
2163 3985 2571 4080 φιλάνθρωπίας
2592 4006 2763 4075 φωνῇ,
2796 4001 2878 4069 τὸ,
2898 4018 2916 4050 ι
2938 3999 3068 4052 Ὅτε
3096 3992 3430 4082 ἀπέστειλεν
3445 3985 3620 4082 Σαουλ

2039 4077 2118 4166 εἰς
2148 4077 2239 4155 τὸν
2270 4077 2418 4153 οἷκον
2454 4096 2637 4161 Δαϐὶδ,
2672 4093 2759 4149 τοῦ
2792 4088 3096 4145 θανατῶσαι
3131 4082 3313 4138 αὐτόν.
3343 4100 3361 4133 ι
3405 4081 3482 4134 Οὐ
3512 4077 3621 4147 γὰρ

2041 4197 2163 4249 τότε
2203 4190 2427 4265 ἐρρέθη,
2476 4190 2565 4243 ὅτε
2603 4186 2776 4241 ταῦτα
2830 4183 3063 4252 ἐγένετο,
3105 4175 3241 4232 ἀλλὰ
3288 4171 3553 4265 προφέρει
3570 4167 3623 4265 ‘6

2041 4255 2297 4356 λόγος
2326 4255 2423 4355 τὴν
2457 4280 2550 4335 τοῦ
2586 4280 2861 4350 θαύματος
2893 4274 3160 4334 ἐπίτασιν,
3204 4269 3287 4322 ὅτι
3330 4263 3507 4319 ταῦτα
3544 4255 3620 4316 εἷ-

362 4383 601 4450 additur,
641 4390 700 4437 ut
737 4390 953 4439 crescat
988 4381 1298 4447 admiratio,
1331 4379 1477 4453 quod
1510 4379 1625 4433 hac
1653 4374 1853 4433 dixerit
1887 4374 1902 4428 i

2074 4399 2168 4447 ιεν,
2194 4381 2223 4433 6
2253 4380 2435 4433 ἐκεῖνα
2468 4371 2676 4428 παθών.
2711 4367 2971 4441 Περιττὸν
2998 4364 3056 4418 δὲ
3095 4357 3249 4431 οἶμαι
3293 4357 3389 4412 νῦν
3412 4371 3623 4454 παρενῖ

362 4476 458 4545 qui
499 4474 629 4530 talia
661 4490 724 4531 ac
756 4484 907 4531 tanta
954 4489 1150 4546 passus
1190 4473 1389 4530 fuerat.
1423 4467 1773 4541 Superﬂuum
1809 4481 1937 4522 vero

364 4566 625 4634 arbitror,
668 4581 790 4621 cum
845 4566 914 4621 ad
959 4566 1064 4620 alia
1105 4564 1381 4628 festinem,
1445 4575 1738 4631 exponere,
1778 4556 1938 4629 quid-

364 4672 492 4714 nam
528 4659 620 4723 sit,
661 4656 806 4727 quod
849 4656 905 4711 in
945 4656 1047 4711 hac
1080 4654 1308 4710 historia
1350 4651 1636 4723 quaeritur,
1664 4648 1940 4720 quomodo

364 4767 492 4807 cum
522 4750 738 4808 dicatur
779 4747 909 4804 Saul
942 4748 1288 4819 percussisse
1316 4747 1506 4800 lancea
1541 4741 1821 4807 Davidem,
1860 4740 1942 4794 hi-

365 4844 540 4900 storia
592 4842 761 4899 addat
813 4843 869 4897 in
918 4841 1181 4912 parietem
1239 4839 1450 4893 hastam
1512 4834 1751 4891 delatam
1792 4847 1938 4895 esse,

367 4937 625 4993 Davidem
670 4944 855 4991 autem
903 4942 1184 4990 servatum
1217 4928 1514 5002 :quodque
1552 4929 1606 4982 in
1636 4927 1791 4982 lecto
1827 4925 1944 4995 ipse

365 5037 619 5101 repertus
671 5043 783 5083 non
831 5025 1019 5089 fuerit,
1053 5023 1150 5080 sed
1195 5023 1318 5078 foco
1363 5022 1484 5092 ejus
1525 5018 1853 5089 cenotaphia
1889 5023 1944 5071 et

367 5123 634 5195 imagines
665 5120 915 5192 qmedam
954 5115 1298 5182 umbratiles,
1343 5121 1398 5167 et
1432 5112 1601 5183 hepar
1629 5123 1942 5180 caprarum.

371 5231 524 5271 more
575 5224 708 5269 tunc
760 5218 985 5282 recepto
1032 5209 1100 5266 ad
1155 5205 1505 5264 evertendam
1554 5210 1822 5264 mortem,
1885 5204 1946 5253 ut

370 5307 623 5363 inﬁrmus
660 5321 690 5360 a
731 5307 873 5362 lecto
922 5305 1272 5365 liberaretur,
1318 5298 1489 5355 vestis
1536 5311 1665 5352 vero
1710 5292 1946 5349 mortuis

371 5394 749 5468 superimponi
771 5396 934 5451 solita
953 5394 1183 5466 grabato
1203 5389 1767 5461 superimponeretur,
1783 5380 1947 5468 simul

374 5505 496 5543 cum
529 5488 725 5558 hepate
766 5464 1077 5557 caprarum.
1128 5481 1476 5539 Manifestum
1508 5485 1594 5533 est
1643 5487 1823 5530 autem
1852 5464 1949 5537 iis,

373 5581 468 5644 qui
503 5578 865 5636 studiosiores
902 5586 1034 5637 sunt
1062 5575 1288 5639 laboris,
1325 5581 1495 5628 totam
1536 5570 1679 5624 hanc
1708 5566 1947 5638 prophe-

382 5668 531 5739 tiam,
568 5668 856 5727 historiam
905 5684 1029 5726 esse
1074 5680 1288 5732 eorum,
1331 5677 1452 5735 quae
1488 5659 1716 5717 Domino
1758 5664 1950 5715 nostro

2041 4445 2212 4530 θεῖναι
2259 4470 2338 4541 τῷ
2378 4469 2522 4537 λόγῳ
2552 4464 2690 4535 πρὸς
2726 4462 2894 4531 ἕτερα
2942 4454 3243 4541 σπεύδοντι,
3291 4447 3439 4541 τίῃτὸ
3468 4445 3619 4541 ἐν-τῇ

2040 4561 2255 4633 ἱστορίᾳ
2306 4534 2669 4629 ζητούμενον,
2716 4549 2835 4614 πῶς
2876 4546 3120 4608 εἰπόντος
3158 4539 3253 4595 τοῦ
3273 4631 3281 4633 _
3302 4537 3497 4633 λόγου,Δ
3538 4534 3620 4588 ὅτι

2040 4626 2279 4720 ἐπάταξε
2312 4626 2487 4705 mea
2511 4647 2600 4700 τὸν
2637 4642 2802 4698 Δαϐὶδ
2840 4643 2907 4712 τῇ
2950 4638 3141 4708 λόγχη,
3182 4631 3379 4699 ἐπάγει
3418 4626 3624 4720 ήίστο-

2045 4751 2157 4822 ρία,
2198 4717 2281 4803 ὅτι
2313 4741 2455 4798 κατὰ
2499 4740 2680 4810 τοίχου
2710 4731 2858 4822 ’ἦλθε
2906 4731 2965 4786 τὸ
3006 4730 3159 4801 δόρυ,
3201 4726 3231 4778 6
3261 4723 3319 4777 δέ
3349 4718 3520 4822 uasis
3546 4717 3623 4822 et.

2041 4807 2256 4907 ὲσιιέθη·
2294 4834 2390 4893 και
2433 4832 2514 4886 ὅτι
2540 4807 2633 4883 ἐπει
2656 4816 2755 4897 τῆς
2776 4824 2965 4893 κλίνης
2998 4818 3093 4874 τοῦ
3120 4816 3301 4907 sacis.
3322 4810 3486 4872 αὐτὸς
3511 4807 3624 4907 ’μὲν

2042 4932 2140 5000 οὐχ
2175 4894 2516 4999 εύρίσκεται,
2562 4917 2678 4974 ἀλλ’
2712 4894 2827 4971 αντ*
2870 4912 3078 4967 ἐκείνου
3113 4894 3623 5000 κενοτάφιαῆ-

2043 4987 2158 5089 πάξ»
2190 4987 2383 5091 αίγῶν,
2423 5012 2560 5080 ὅπερ
2601 5010 2712 5071 τοῖς
2753 5006 2875 5059 τότε
2919 5004 2999 5064 είς
3032 4987 3619 5091 ἀποτροπιασμὺνρα-

2044 5111 2224 5173 νάτου,
2260 5078 2323 5159 ἐκ
2360 5119 2503 5166 τινος
2533 5096 2840 5170 συνηθείας,
2868 5094 2930 5148 τὸ
2952 5090 3193 5147 τοιοῦτον
3221 5084 3450 5153 ἐγίνετο,
3480 5078 3623 5134 ὥστε

2043 5201 2135 5256 τὸν
2177 5171 2458 5273 ἄρρωστον
2492 5188 2860 5260 ύπεξάγεσθαι
2904 5185 3003 5258 μὲν
3044 5185 3144 5252 τῆς
3185 5171 3521 5273 κλίνηςῙτὴν
3566 5171 3622 5273 δέ

2043 5295 2157 5356 τοῖς
2176 5261 2492 5360 τεθνηκόσιν
2528 5278 2957 5351 ἐπιὸαλλομένην
2991 5274 3182 5343 στολὴν
3213 5265 3516 5360 ἐπιτιθέναι
3546 5261 3622 5360 τῇ)

2044 5354 2470 5450 κραθθάτιρ,καὶ
2510 5367 2665 5445 ἦπαρ
2709 5368 2896 5438 αἰγῶν.
2934 5365 3102 5436 Δῆλον
3133 5361 3243 5431 γὰρ
3282 5358 3349 5412 ἂν
3383 5355 3471 5450 sin
3510 5354 3622 5450 cev-Tn;

2047 5441 2496 5543 φίλοπονωτέροις
2519 5441 2546 5531 ,-
2605 5441 2687 5518 ὅτι
2774 5455 3077 5533 προφητεία
3136 5451 3235 5523 τῆς
3277 5447 3454 5543 Δκατὰ
3484 5441 3620 5543 ’τὸν

2047 5534 2252 5635 Κύριον
2294 5534 2609 5628 οἰκονομίας
2663 5554 2810 5608 ἐστὶν
2853 5552 2886 5622 ἡ
2927 5546 3157 5620 ἱστορία.
3188 5541 3455 5635 δαίμονες
3482 5534 3620 5635 ἦσαν

2050 5654 2108 5709 ἐν
2141 5628 2318 5709 Σαοὺλ
2346 5646 2424 5721 τῷ
2452 5644 2731 5719 τυράννῳ·
2778 5641 2997 5702 τούτους
3022 5634 3314 5695 ἀπελαύνει
3342 5633 3371 5687 6
3410 5634 3490 5696 εις
3526 5628 3618 5701 βα·
