3766 5986
194 242 290 303 θυι

1597 231 1662 287 IN
1693 229 2027 287 PSALMOS.

3334 223 3435 280 6')?

191 352 400 406 σιλείαν
424 352 691 423 χριοθεὶς,
717 351 794 421 τῷ
822 353 921 424 τῆς
943 351 1173 423 κιθάρας
1199 351 1413 424 ὀργάνῳ
1452 348 1571 402 κατ’
1589 346 1719 401 αύτᾶ

1888 353 2186 401 evenerunt.
2215 342 2433 400 Saulem
2467 348 2758 412 tyrannum
2785 339 3061 394 daemones
3081 352 3433 410 occuparant,

186 445 492 515 ἐνεργήσας
528 444 629 516 τὴν
668 444 929 514 πτόησινο
952 445 981 498 6
1012 443 1069 498 δὲ
1105 441 1469 513 καταληφθεὶς
1505 440 1612 493 ὑπὸ
1654 439 1763 493 τῶν

188 536 465 589 συνόντων
487 535 637 606 αὐτῷ
663 535 957 606 δαιμόνων,
989 534 1264 589 πατάσσειο
1284 536 1348 604 τῇ
1372 532 1540 605 λόγχῃ
1562 531 1652 584 τὸν
1678 529 1767 583 διά

184 628 289 697 τῆς
320 625 554 697 κιθάρας
580 624 680 696 τὴν
711 624 854 679 κατὰ
893 625 1003 677 τῶν
1041 624 1312 694 δαιμόνων
1346 624 1498 692 ἰσχὺν
1526 621 1764 685 ἐνδειξά-

187 729 374 786 μενον,
393 715 508 769 ἀλλ’
529 717 558 769 6
570 717 747 785 τοῖχος
760 716 974 785 δέχεται
989 715 1111 768 ἀντ)⁵
1126 714 1218 768 τοῦ
1235 713 1398 768 Δα6⁸ιδ
1411 712 1509 784 τὴν
1526 713 1760 784 πληγήν·

179 811 209 859 ὀ
247 806 309 860 δὲ
361 806 709 871 διασώζεται.

249 987 411 1043 Μετὰ
443 984 616 1041 ταῦτα
659 987 689 1039 6
751 986 1154 1050 ἐπιϐουλευθεὶς
1226 983 1379 1057 παρὰ
1439 984 1533 1039 τοῦ
1589 985 1762 1039 Σαοὺλ

175 1082 455 1152 ζητεῖταιι
500 1079 594 1133 ἐπὶ
658 1078 758 1148 τῆς
817 1077 1037 1149 κλίνης,
1103 1077 1198 1131 καὶ
1260 1079 1289 1130 6
1350 1077 1448 1148 μὲν
1515 1076 1613 1148 οὐχ
1674 1078 1763 1130 εὑ-

175 1173 432 1242 ρίσκεται
456 1184 471 1201 ο
544 1170 850 1247 ,κενοτάφια
907 1169 965 1222 δὲ
1039 1168 1155 1222 ἀντ’
1233 1168 1441 1221 ἐκείνου
1492 1169 1528 1238 ἡ
1604 1167 1760 1238 κλίνη

171 1263 329 1335 ἔχει,
371 1264 468 1317 καὶ
508 1258 663 1336 ἧπαρ
708 1261 900 1331 αίγῶν.
948 1259 1160 1330 Φανερά
1194 1259 1252 1313 δὲ
1295 1259 1511 1322 πάντως
1544 1259 1689 1311 ἐστὶν
1725 1259 1762 1329 ὴ

170 1356 392 1409 διάνοια
412 1355 770 1425 αἰνιγμάτων,
798 1352 1011 1421 καὶτῆς
1039 1350 1278 1422 ἱστορίας
1309 1349 1599 1405 ἀκολουθία
1623 1350 1759 1421 πρὸς

166 1447 227 1502 τί
265 1447 474 1518 βλέπει.
522 1446 644 1499 Ὅτι
683 1444 779 1520 μὲν
826 1442 914 1497 διά
946 1441 1039 1496 τοῦ
1084 1441 1248 1496 Δαϐὶδ
1288 1443 1316 1494 6
1355 1442 1420 1495 ἐκ
1469 1440 1562 1494 τοῦ
1594 1440 1758 1494 Δαϐὶδ

166 1539 554 1619 προμηνύεται
572 1577 590 1605 ,
612 1538 704 1592 τὸν
728 1537 784 1591 δὲ
808 1535 1040 1606 Χριστὸν
1061 1537 1090 1589 6
1110 1533 1350 1607 χρισθεὶς
1369 1533 1753 1603 διασημαίνει·

1864 437 1966 492 bos
2002 434 2251 507 profligat
2304 441 2506 489 unctus
2552 432 2605 485 in
2660 446 2912 500 regnum,
2946 431 3312 487 instrumento
3355 435 3431 487 ci-

1863 528 2035 582 tharae
2064 527 2285 582 incussa
2324 525 2432 580 illis
2468 522 2792 590 formidine;
2829 529 2884 575 at
2921 522 3013 577 ille
3041 536 3069 575 a
3094 523 3432 580 daemonibus

1864 618 1967 673 sibi
2020 617 2384 672 familiaribus
2424 615 2721 679 distentus,
2758 613 2947 668 lancea
2990 615 3226 684 percutit
3256 615 3432 681 illum,

1861 707 1955 777 qui
1982 707 2090 761 vim
2137 721 2292 761 suam
2325 712 2517 760 contra
2555 703 2830 758 daemones
2863 718 2958 772 per
2991 690 3254 757 citharam
3285 716 3422 772 pate-

1862 800 2130 868 faciebat;
2167 800 2260 856 sed
2290 814 2505 864 murus,
2538 799 2660 853 loco
2698 796 2941 863 Davidis,
2985 798 3155 852 ictum
3198 800 3431 870 recipit;

1862 891 1951 947 ille
1978 892 2264 947 incolumis
2295 890 2493 947 evadit.

1932 978 2181 1035 Posthaec
2228 979 2458 1034 insidias
2506 993 2537 1032 a
2587 978 2752 1033 Saule
2790 993 3009 1048 passus,
3061 979 3324 1049 quaeritur
3372 980 3430 1034 in

1861 1070 2003 1125 lecto
2044 1090 2056 1124 :
2096 1079 2150 1124 at
2187 1086 2295 1125 non
2331 1069 2637 1139 reperitur;
2671 1068 2967 1124 simulacra
3014 1055 3145 1124 vero
3180 1071 3427 1140 quaedam

1859 1163 1978 1219 vice
2015 1162 2161 1219 illius
2223 1162 2401 1217 lectus
2455 1160 2721 1224 continet,
2776 1168 2831 1215 et
2891 1160 3060 1230 hepar
3115 1176 3426 1230 caprarum.

1859 1253 2150 1324 Perspicue
2191 1260 2370 1308 autem
2415 1252 2605 1321 liquet.
2636 1267 2898 1322 quorsum
2940 1252 3133 1305 horum
3168 1252 3428 1323 {enigma-

1858 1349 1972 1397 tum
2013 1341 2393 1411 intelligentia,
2438 1350 2490 1394 et
2521 1342 2690 1396 totius
2722 1341 2963 1396 historiae
2998 1341 3169 1396 series
3215 1341 3422 1405 tendat,

1857 1431 2104 1486 videlicet
2150 1447 2247 1501 per
2297 1429 2548 1485 Davidem
2597 1430 2938 1501 signiﬁcatur
2976 1432 3023 1486 is
3077 1431 3171 1500 qui
3219 1441 3305 1486 est
3357 1448 3423 1487 ex

1856 1523 2079 1590 Davide,
2117 1531 2171 1578 et
2216 1522 2519 1587 Christum,
2566 1521 2672 1576 hoc
2711 1530 2817 1586 est,
2851 1529 3073 1575 unctum
3115 1522 3426 1593 praﬁgurat

166 1611 271 1684 xui
308 1619 408 1684 ὅτι
443 1632 477 1702 ἡ
507 1629 740 1701 κιθάρα,
772 1627 834 1680 τὸ
864 1623 1198 1698 ἀνθρώπινόν
1225 1625 1372 1677 ἐστιν
1400 1623 1631 1695 ὄργανον
1656 1639 1671 1652 ·
1716 1640 1719 1650 ί

1888 1623 2098 1681 metus;
2172 1623 2227 1668 at
2278 1614 2544 1667 citharam
2607 1627 2730 1668 esse
2787 1611 3081 1666 humanam
3137 1620 3423 1680 naturam,

163 1722 228 1776 δὲ
262 1725 329 1776 ὲκ
364 1684 569 1793 ταύτης
776 1722 804 1773 6
840 1719 928 1771 διὰ
964 1684 1058 1772 ⁸τοῦ
1097 1684 1719 1788 σαρκωθέντος-φανερω

1891 1707 2004 1762 elut
2035 1707 2461 1762 instrumentum
2487 1703 2780 1774 quoddam.
2816 1701 2989 1771 Hujus
3017 1713 3315 1758 concentus
3342 1714 3425 1759 est

166 1815 292 1877 θεὶς
342 1816 477 1884 ἡμῖν
521 1812 706 1882 λόγος,
756 1808 816 1865 οὗ
863 1810 1023 1882 ἔργον
1059 1809 1206 1861 ἐστὶν
1251 1806 1509 1875 ἀφανίσαι
1547 1807 1645 1876 τὴν
1689 1808 1753 1859 ὲκ

164 1909 448 1980 δαιμόνων
478 1906 836 1979 παραφορὰν,
884 1905 972 1957 ἵνα
1012 1901 1210 1973 μηκέτι
1249 1894 1383 1953 ὦσιν
1415 1899 1463 1951 οἱ
1506 1898 1618 1951 θεοὶ
1644 1896 1753 1950 τῶν

165 2001 348 2054 ἐθνῶν
398 2000 468 2054 τά
502 1999 771 2069 δαιμόνια.
835 1994 975 2049 Ἀλλ’
1013 1995 1042 2046 6
1078 1991 1329 2062 βασιλεὺς
1376 1991 1581 2056 ἐκεῖνος
1618 1990 1646 2041 6
1695 1988 1754 2040 ὲν

165 2091 357 2163 ἑαυτῷ
393 2091 522 2155 τοὺς
572 2090 830 2159 δαίμονας
880 2086 1037 2157 ἔχων,
1086 2083 1163 2138 ὅτ’
1206 2082 1271 2136 ἂν
1320 2081 1648 2151 ὑποχωρήσῃ
1686 2077 1755 2132 τά

165 2182 467 2253 πνεύματα
506 2182 571 2252 τῇ
600 2180 743 2251 ᾠδῇ,
778 2178 935 2232 τοῦτο
966 2176 1194 2247 ὄργανον
1246 2174 1337 2227 ἐπὶ
1373 2171 1548 2241 τούτῳ
1581 2172 1753 2240 άρμο-

167 2275 412 2344 σάμενον
447 2271 713 2326 πατάσσει
742 2267 819 2340 τῷ
849 2268 1034 2340 δόρατι
1064 2265 1145 2338 (τὸ
1168 2265 1224 2318 δὲ
1253 2264 1379 2334 δόρυ
1399 2303 1413 2326 ,
1439 2261 1594 2326 ξύλον
1629 2260 1747 2313 ἐστὶ

167 2363 383 2434 σιδήρῳ
408 2359 903 2429 καθωπλισμένον),
931 2355 1068 2410 ἀλλά
1095 2355 1310 2426 δέχεται
1340 2353 1455 2405 ἀντ’
1483 2350 1690 2404 ἐκείνου
1722 2350 1752 2401 6

164 2457 352 2524 τοῖχος
387 2453 449 2504 τὸ
484 2451 632 2521 δόρυ.
664 2451 852 2519 Τοῖχον
878 2450 935 2502 δὲ
974 2447 1221 2516 νοοῦμεν,
1250 2443 1350 2514 τὴν
1378 2443 1572 2512 γηῒνην
1605 2441 1750 2493 οἰκο-

163 2545 365 2614 δομὴν,
399 2544 464 2596 δι’
502 2538 571 2615 ἧς
608 2540 668 2593 τὸ
702 2540 862 2609 σῶμα
907 2534 1417 2607 καταμανθάνομεν,
1461 2530 1589 2599 περὶ
1618 2529 1646 2581 6
1689 2527 1749 2581 τὸ

165 2635 333 2701 ξύλον
363 2633 631 2704 βλέπομεν
663 2628 764 2684 τοῦ
801 2626 1034 2699 σταυροῦ
1064 2628 1157 2680 καὶ
1194 2624 1286 2677 τὸν
1325 2622 1562 2694 σίδηρον.
1604 2621 1660 2674 '0
1692 2620 1749 2672 δὲ

163 2725 339 2778 Δαϐὶδ
386 2725 593 2787 ἐκεῖνος
625 2723 654 2775 6
702 2719 920 2792 χριστός
957 2735 1016 2770 τε
1056 2718 1153 2770 καὶ
1195 2714 1482 2787 βασιλεὺς,
1513 2711 1616 2777 ἔξω
1651 2711 1745 2765 τοῦ

62 2813 67 2817 ’
162 2816 379 2877 πάθους
411 2811 578 2866 ἐστίν.
638 2811 703 2863 Ἡ
730 2808 841 2881 γὰρ
885 2807 1074 2878 θεότης
1105 2807 1163 2858 ὲν
1190 2804 1267 2876 τῷ
1296 2802 1512 2875 σταυρῷ
1552 2820 1611 2855 τε
1653 2801 1747 2855 καὶ

160 2912 280 2970 τοῖς
318 2906 467 2976 ἦλοις
493 2904 554 2957 οὐ
585 2902 812 2971 γίνεται.
850 2899 1062 2969 Μελχδλ
1096 2898 1153 2951 δὲ
1180 2895 1529 2960 ἀκούσαντες,
1554 2894 1652 2965 τὴν
1681 2896 1746 2948 ὲκ

158 2997 261 3049 τοῦ
294 2994 470 3049 Σαοὺλ
505 2992 819 3062 γινομένην,
911 2988 1075 3042 Δαὸὶδ
1108 2985 1485 3056 ἐκοινώνησεν,
1515 2985 1575 3038 οὐ
1604 2985 1743 3049 ξενι-
1770 3014 1812 3070 c

159 3087 413 3158 ζὼμεθα,
449 3085 586 3155 πρὸς
609 3083 670 3136 τὸ
690 3079 981 3135 ἀκόλουθον
1016 3077 1327 3150 βλέποντες.
1364 3075 1597 3145 Οἴδαμεν
1634 3074 1741 3146 γὰρ

156 3181 246 3232 ὅτι
286 3178 317 3228 6
346 3174 478 3238 Θεὸς
515 3173 743 3228 θάνατον
774 3172 872 3225 οὐκ
902 3171 1178 3240 ἐποίησεν,
1227 3166 1363 3221 ἀλλά
1406 3166 1585 3238 πατὴρ
1623 3167 1740 3234 ἐγέ-

156 3288 290 3324 νετο
318 3269 415 3322 τοῦ
448 3267 679 3321 θανάτου
725 3266 754 3318 6
789 3265 887 3334 τῆς
916 3262 1115 3325 κακίας
1152 3258 1423 3331 βασιλεὺς,
1475 3261 1503 3312 6
1551 3258 1741 3312 ἑαυτὸν

156 3363 264 3431 τῆς
296 3361 440 3430 ζωῆς
470 3359 755 3429 στερήσας.
800 3355 981 3426 Φθόνῳ
1008 3353 1116 3425 γὰρ
1162 3351 1404 3406 διαϐόλου
1454 3351 1482 3402 6
1510 3349 1740 3414 θάνατος

156 3453 448 3522 εἰσῆλθεν*
491 3449 804 3503 ἐϐασίλευσε
844 3447 900 3500 δὲ
944 3448 972 3500 6
1013 3445 1241 3508 θάνατος
1285 3443 1392 3497 ἀπὸ
1436 3443 1608 3513 Ἀδὰμ
1645 3443 1737 3496 καὶ

155 3548 267 3610 ἕως
300 3543 394 3598 τοῦ
437 3543 623 3614 νόμου.
658 3541 732 3595 Οὐ
784 3538 1028 3610 βούλεται
1074 3536 1268 3608 μηκέτι
1324 3533 1628 3605 βασιλεύειν
1679 3535 1736 3586 ἐν

156 3641 298 3709 ἡμῖν
336 3639 366 3690 ὁ
420 3632 745 3696 Ἀπόστολος
798 3633 855 3685 ὲν
903 3630 978 3700 τῷ
1035 3627 1214 3699 θνητῷ
1268 3626 1426 3699 ἡμῶν
1496 3626 1724 3696 σώματι.

173 3720 237 3785 ’ό
266 3725 359 3783 οὖν
390 3728 530 3798 ὑπὲρ
568 3713 772 3788 παντὸς
802 3723 894 3776 τοῦ
929 3722 1158 3776 θανάτου
1188 3719 1549 3790 γευσάμενος,
1580 3719 1637 3772 ἐν
1660 3716 1736 3789 τῷ
1804 3768 1809 3776 ,

158 3824 299 3890 οἴκῳ
336 3819 434 3889 τῆς
484 3817 589 3871 ὑπὸ
623 3814 724 3877 ξτοῦ
761 3813 1042 3883 νοηθέντος
1099 3812 1231 3881 ἡμῖν
1287 3808 1458 3862 Σαοὺλ
1490 3807 1734 3878 γίνεται,

158 3912 335 3982 ὄνομα
388 3909 443 3961 δὲ
485 3909 621 3977 αὐτῇ
675 3903 906 3974 Μελχόλ.
954 3901 1060 3955 Τοῦ
1112 3900 1168 3952 δὲ
1219 3899 1483 3970 ὀνόματος
1544 3897 1735 3951 τούτου

157 4008 222 4058 τὸ
252 4002 659 4074 σημαινόμενον
685 3997 959 4069 βασιλείας
996 3996 1164 4058 ἐστὶν,
1198 3993 1286 4046 διὰ
1311 3992 1370 4046 τὸ
1408 3993 1569 4063 μέχρι
1614 3992 1735 4044 τότε

162 4093 473 4165 βασιλεύειν
512 4093 612 4162 τὴν
648 4087 922 4165 ἁμαρτίαν
968 4087 1068 4156 τῆς
1099 4085 1334 4155 φύσεως.
1378 4083 1640 4137 Ἐνταῦθα
1681 4083 1737 4137 δὲ

159 4184 478 4253 γενόμενος,
503 4179 666 4243 αὐτὸς
700 4179 796 4249 μὲν
825 4175 913 4229 διά
951 4174 1163 4244 θυρίδος
1190 4171 1489 4241 ἐξέρχεται.
1524 4169 1738 4241 Σημαί-

1855 1797 2103 1853 doctrina
2132 1812 2229 1867 per
2259 1812 2405 1863 eum,
2436 1794 2527 1865 qui
2556 1795 2876 1849 incarnatus
2911 1801 3017 1856 est,
3054 1794 3215 1848 nobis
3247 1794 3421 1847 mani-

1856 1888 2076 1954 festata;
2109 1887 2272 1955 cujus
2305 1887 2454 1950 linis,
2482 1885 2702 1940 abolere
2735 1899 2975 1950 omnem,
3011 1900 3133 1954 quae
3164 1900 3193 1937 a
3215 1884 3420 1939 daemo-

1855 1980 2017 2034 nibus
2050 1978 2359 2033 concitatur
2382 1977 2760 2046 agitationem,
2796 1991 2863 2030 ne
2913 1976 3149 2045 amplius
3178 1975 3251 2029 dii
3291 1991 3419 2045 gen-

1854 2068 1987 2122 tium
2030 2069 2138 2123 sint
2172 2067 2482 2133 dmmonia;
2517 2067 2612 2121 sed
2647 2081 2741 2120 rex
2765 2065 2878 2131 ille,
2908 2067 3001 2135 qui
3033 2081 3062 2119 a
3086 2065 3422 2123 daemonibus

1854 2169 2103 2229 arreptus
2139 2165 2243 2222 est,
2290 2175 2411 2212 cum
2464 2158 2694 2228 spiritus
2724 2157 2800 2210 illi
2852 2158 3145 2211 concentui
3197 2157 3419 2220 cedunt,

1853 2265 2116 2318 organum
2147 2248 2252 2303 hoc
2274 2248 2526 2319 fugandis
2555 2248 2894 2303 daemonibus
2925 2249 3418 2310 accommodatum,

1852 2341 2084 2409 percutit
2101 2341 2322 2406 lancea;
2352 2340 2541 2394 lancea
2565 2346 2745 2393 autem
2767 2337 2972 2408 lignum
2988 2345 3073 2390 est
3091 2337 3235 2391 ferro
3248 2351 3423 2389 arma-

1852 2439 1991 2499 tum,
2011 2430 2105 2486 sed
2130 2430 2332 2500 excipit
2361 2430 2510 2485 illius
2532 2430 2652 2483 loco
2678 2442 2868 2482 murus
2886 2427 3160 2492 lanceam;
3187 2441 3282 2494 per
3301 2441 3420 2480 mu-

1852 2536 1972 2575 rum
1991 2521 2622 2590 intelligimusterrenam
2639 2515 3074 2579 aediﬁcationem,
3090 2528 3198 2584 qua
3216 2528 3417 2583 corpus

1851 2614 2008 2669 nobis
2047 2615 2314 2677 innuitur,
2357 2612 2503 2665 circa
2537 2610 2683 2680 quod
2718 2609 2964 2663 videmus
2993 2606 3197 2677 lignum
3234 2606 3416 2661 crucis

1849 2718 1903 2763 et
1938 2708 2165 2763 ferrum.
2205 2707 2271 2761 At
2300 2705 2469 2760 David
2516 2706 2606 2759 ille
2645 2719 2673 2758 a
2708 2702 2939 2757 Domino
2973 2709 3169 2755 unctus
3207 2707 3260 2752 et
3298 2715 3414 2765 rex,

1850 2813 1879 2851 a
1926 2799 2180 2867 passione
2227 2796 2386 2865 longe
2436 2794 2612 2858 abest,
2657 2790 2916 2847 divinitas
2947 2788 3092 2842 enim
3151 2800 3315 2839 cruce
3362 2791 3416 2838 et

1849 2890 2022 2944 clavis
2060 2903 2171 2942 non
2206 2887 2461 2957 aﬁigitur.
2493 2882 2665 2939 Porro
2697 2897 2818 2937 cum
2856 2880 3111 2934 audimus
3144 2875 3371 2932 Melchol
3398 2895 3410 2931 :

1848 2996 1968 3050 quae
1992 2996 2056 3036 ex
2091 2979 2254 3034 Saule
2279 2976 2563 3048 progenita
2604 2982 2743 3038 erat,
2774 2971 2935 3042 quam
2972 2969 3137 3024 David
3172 2968 3416 3036 despon-

1846 3089 1961 3130 sam
1994 3073 2264 3137 habebat;
2310 3084 2379 3124 ne
2404 3067 2695 3122 turbemur
2715 3073 2768 3120 et
2801 3062 3195 3124 abalienemur,
3226 3060 3320 3115 sed
3358 3057 3411 3111 id

1841 3164 1987 3236 quod
2042 3163 2291 3234 sequitur
2347 3160 2752 3230 respiciamus:
2786 3156 2993 3211 scimus
3035 3152 3179 3208 enim
3224 3165 3255 3204 a
3304 3148 3416 3203 Deo

1842 3264 2071 3309 mortem
2104 3269 2215 3308 non
2245 3268 2368 3308 esse
2402 3249 2623 3314 factam,
2655 3247 2750 3303 sed
2787 3246 2982 3300 mortis
3014 3258 3210 3313 parens
3242 3240 3416 3295 exsti-

1841 3349 1905 3400 tit
1961 3362 2055 3401 τοι
2081 3346 2173 3400 ille
2207 3343 2449 3406 malitiae,
2485 3340 2579 3411 qui
2612 3338 2852 3407 seipsum
2890 3335 2997 3388 vita
3031 3332 3295 3405 privavit;
3332 3332 3417 3385 in-

1838 3438 1985 3493 vidia
2024 3436 2167 3492 enim
2210 3434 2413 3489 diaboli
2455 3445 2603 3486 mors
2637 3429 2864 3483 intravit
2898 3445 2911 3480 :
2945 3426 3196 3496 regnavit
3235 3433 3415 3477 autem

1841 3544 1989 3584 mors
2024 3529 2090 3582 ab
2111 3526 2281 3582 Adam
2307 3538 2486 3593 usque
2513 3522 2581 3575 ad
2612 3521 2784 3589 legem
2806 3519 2873 3583 ",
2906 3532 3069 3586 quam
3099 3515 3334 3584 amplius
3361 3514 3416 3567 in

1838 3618 2055 3673 mortali
2095 3624 2286 3670 nostro
2315 3625 2547 3682 corpore
2591 3621 2827 3677 regnare
2875 3619 2984 3658 non
3024 3602 3143 3657 vult
3177 3601 3416 3672 Aposto-

1837 3712 1923 3766 lus
1948 3709 2011 3762 “.
2043 3707 2092 3762 Is
2121 3706 2305 3776 igitur,
2337 3702 2429 3773 qui
2464 3716 2562 3770 pro
2593 3698 2852 3754 omnibus
2884 3701 3113 3750 mortem
3144 3690 3414 3778 gustavit,

1836 3809 2084 3856 versatur
2125 3798 2181 3851 in
2228 3796 2391 3850 domo
2429 3793 2571 3862 ejus,
2613 3804 2777 3861 quam
2826 3788 2873 3844 is
2909 3787 3003 3856 qui
3067 3801 3162 3855 per
3196 3782 3415 3838 Saulem

1836 3892 2062 3960 mystice
2109 3887 2450 3959 signiﬁcatur
2484 3883 2796 3955 progenuit,
2840 3880 3001 3950 cujus
3049 3892 3249 3932 nomen
3282 3875 3415 3931 Mel—

1837 3981 1982 4046 chol,
2023 3980 2127 4034 hoc
2165 3985 2273 4042 est,
2326 3990 2577 4046 regnum,
2618 3972 2765 4043 quod
2815 3985 2879 4026 eo
2927 3984 3101 4038 usque
3134 3974 3412 4038 peccatum

1838 4082 2048 4128 naturae
2080 4069 2387 4141 imperarit.
2422 4066 2522 4121 Hie
2551 4065 2718 4137 igitur
2748 4064 3101 4125 constitutus,
3145 4061 3259 4130 ipse
3289 4058 3415 4128 qui-

1839 4164 1961 4218 dem
1997 4178 2094 4233 per
2137 4160 2434 4215 fenestram
2472 4158 2603 4212 exit.
2640 4155 2924 4226 Signiﬁcat
2955 4160 3137 4207 autem
3172 4150 3411 4205 fenestra

162 4242 247 4329 νει
284 4242 341 4329 δὲ
368 4277 401 4347 ή
433 4242 590 4345 θυρὶς
611 4313 628 4336 ,
668 4242 765 4341 την
799 4269 891 4321 ὲπὶ
916 4266 976 4321 τὸ
1008 4242 1126 4335 φῶς
1173 4264 1334 4317 πάλιν
1361 4262 1616 4315 ἐπάνοδον
1643 4260 1719 4314 toi

1888 4255 2074 4308 aditum
2107 4252 2162 4306 in
2196 4252 2372 4305 lucem
2402 4249 2545 4317 ejus,
2588 4248 2687 4318 qui
2736 4246 2976 4315 seipsum
3013 4242 3325 4328 sedentibus
3357 4243 3412 4295 in

162 4369 357 4424 ἑαυτὸν
389 4371 498 4432 τοῖς
532 4368 591 4420 ὲν
620 4366 800 4419 σκότει
848 4363 943 4418 καὶ
973 4361 1103 4431 σκιᾷ
1139 4358 1370 4412 θανάτου
1410 4355 1719 4425 καθημένοις

1888 4343 2083 4399 :nebris
2111 4350 2166 4397 et
2197 4340 2391 4395 umbra
2422 4338 2614 4393 mortis
2635 4335 2949 4390 ostenderat
2975 4350 2988 4385 :
3022 4329 3412 4398 atcenotaphia

161 4418 465 4527 δείξαντος,
478 4418 582 4511 ἶΤά
729 4456 1026 4523 κενοτάφια
1066 4418 1229 4503 άύτοῦ
1280 4449 1370 4500 ἐπὶ
1407 4447 1506 4517 τῆς
1540 4418 1719 4517 ’κλίνη

1888 4452 1895 4491 r.
1934 4435 2231 4492 simulacra
2261 4429 2682 4500 conSpiciuntur
2731 4425 2785 4478 in
2836 4423 2957 4493 ejus
2994 4423 3153 4477 lecto.
3192 4418 3327 4473 Nam
3359 4428 3414 4474 et

161 4515 382 4624 ὁρέται.
410 4515 552 4621 flius!
596 4548 691 4619 γὰρ
723 4547 817 4601 καὶ
846 4548 873 4599 6
902 4515 1131 4613 ἄγγελος
1157 4543 1271 4604 τοῖς
1298 4541 1354 4592 ὲν
1383 4515 1471 4608 τῷή
1498 4515 1716 4607 μνήματ

1888 4528 2072 4598 ngelus
2117 4521 2497 4596 quaerentibus
2541 4518 2834 4572 Dominum
2886 4517 2941 4570 in
2994 4516 3246 4586 sepulcro
3300 4515 3411 4572 ait:

163 4608 389 4718 ζητοῦσι
440 4608 529 4697 τθν
578 4608 807 4713 ιξύριον·
848 4659 867 4690 ‹
900 4608 964 4690 Τί
988 4608 1209 4707 ζητεῖτε
1244 4633 1336 4686 τὸν
1382 4631 1561 4695 ζῶντα
1597 4628 1719 4701 μετέ

1902 4618 2041 4686 Quid
2076 4616 2321 4687 quaeritis
2348 4613 2620 4668 viventem
2663 4624 2789 4663 cum
2846 4608 3116 4663 mortuis?
3174 4623 3283 4662 non
3329 4613 3414 4660 est

1888 4708 1896 4718 ι
2209 4704 2242 4718 ι-
2368 4716 2378 4718 Α
2405 4716 2413 4718 .
2469 4716 2480 4718 Α
2533 4699 2687 4718 I-----
2741 4697 2798 4718 ιε..
2861 4711 2960 4718 ---Α
3025 4696 3227 4718 ε---ι.,..
3262 4694 3307 4718 IL
3338 4713 3350 4718 -
3389 4713 3404 4718 _

162 4739 271 4793 τῶν
300 4736 540 4807 νεκρῶνς
573 4735 672 4787 οὐκ
702 4731 847 4784 ἔστιν
877 4722 1002 4790 ὧδε,
1030 4725 1260 4797 ἠγέρθη.
1291 4723 1398 4776 Ἴδε
1427 4724 1456 4775 6
1478 4721 1639 4784 τόπος,
1683 4720 1741 4772 ἐν

162 4824 207 4898 ᾧ
232 4831 431 4885 ἔκειτο.
471 4847 491 4881 ι
524 4826 626 4879 Τὸν
646 4824 839 4890 τάφον,
862 4822 919 4873 ὲν
944 4813 988 4887 ᾧ
1015 4818 1211 4888 ἐτάφη,
1240 4817 1348 4870 ἴδον
1375 4816 1423 4867 οἱ
1454 4812 1742 4884 ζητοῦντες

163 4923 256 4977 τὸν
303 4920 531 4993 Κύριον,
566 4916 720 4970 κενὸν
752 4913 859 4968 τοῦ
891 4909 1225 4982 ζητουμένου
1272 4910 1541 4978 σώματος.
1587 4906 1741 4960 Μόνα

163 5015 222 5068 δὲ
252 5009 321 5085 ἢν
350 5014 408 5064 ὲν
438 5007 588 5079 αὐτῷ
614 5006 685 5060 τά
714 5004 961 5072 ἐντάφια.
995 5000 1203 5055 Οὐκοῦν
1248 4998 1496 5069 νοοῦμεν,
1529 4997 1610 5050 ὅτι
1641 4995 1740 5067 τὴν

165 5103 462 5158 ἀνάστασιν
494 5099 590 5154 τοῦ
630 5097 836 5168 Κυρίου
869 5095 1122 5167 σημαίνει
1165 5091 1261 5164 τὴν
1300 5092 1392 5144 ἐπὶ
1429 5088 1524 5143 τοῦ
1566 5089 1738 5158 τάφου

110 5185 123 5191 ’
163 5195 234 5249 τά
261 5195 356 5248 ἐπὶ
387 5193 491 5263 τῆς
512 5190 699 5263 κλίνης
720 5189 815 5243 τοῦ
846 5187 1009 5241 Δαὸὶδ
1041 5183 1356 5252 κενοτάφια,
1388 5181 1454 5235 δι’
1487 5174 1562 5234 ὧν
1595 5181 1739 5248 γίνε-

1845 4704 1962 4774 hic;
2006 4704 2250 4761 surrexit
2290 4721 2305 4758 :
2357 4716 2489 4773 ecce
2533 4699 2690 4753 locus
2741 4697 2801 4751 in
2857 4711 2966 4765 quo
3018 4696 3233 4765 jacebat
3262 4694 3350 4759 "_z
3389 4713 3408 4745 ι

1846 4813 1974 4857 ecce
2036 4798 2373 4869 sepulcrum,
2412 4795 2469 4848 in
2523 4807 2633 4863 quo
2675 4790 2924 4859 sepultus
2953 4795 3092 4842 erat.
3118 4785 3412 4850 ‘Viderunt,

1845 4891 1936 4960 qui
1988 4887 2304 4958 quaerebant
2362 4883 2696 4953 sepulcrum,
2751 4876 2848 4934 sed
2895 4891 3127 4931 vacuum
3187 4888 3416 4942 corpore

1845 4980 1989 5051 quod
2015 4979 2332 5050 quarebant
2363 4993 2379 5030 :
2404 4975 2520 5030 sola
2542 4979 2722 5027 autem
2753 4967 3076 5039 sepulcralia
3100 4964 3414 5019 linteamina

1846 5071 2257 5143 comparebant.
2314 5064 2677 5136 lnlelligimus
2721 5061 2888 5131 igitur
2936 5056 3213 5143 funebrem
3262 5055 3414 5108 illum

1846 5166 1901 5220 in
1935 5140 2075 5219 lecto
2105 5159 2327 5214 Davidis
2350 5163 2694 5226 apparatum,
2720 5140 3038 5222 signiﬁcare.
3060 5146 3419 5203 resurrectio-

1846 5269 1968 5310 nem
2001 5267 2066 5307 ετ
2108 5247 2365 5318 sepulcro
2391 5263 2406 5313 ;
2435 5245 2638 5316 quibus
2667 5258 2794 5298 vere
2820 5256 2968 5296 mors
2994 5255 3026 5294 a
3064 5236 3224 5294 nobis
3254 5250 3413 5291 aver-

1844 5346 1978 5402 titur
1999 5348 2053 5397 et
2083 5339 2321 5410 fugatur.

1910 5432 2084 5491 Venio
2116 5430 2198 5505 _ad
2221 5428 2585 5502 _vulneratum
2632 5432 2916 5498 parietem,
2949 5435 3109 5499 quem
3152 5432 3253 5492 pro
3293 5429 3418 5475 cor-

163 5303 254 5341 ται
282 5289 313 5341 6
345 5283 600 5357 ἀληθινὸς
624 5283 717 5337 τοῦ
747 5279 976 5336 θανάτου
1003 5277 1162 5350 ἡμῶν
1194 5273 1663 5347 ἀποτροπιασμὸς.

231 5440 343 5504 Τοῦ
382 5447 443 5501 δὲ
489 5420 785 5517 τρωθέντος
815 5441 990 5512 τοίχου
1014 5481 1027 5506 ,
1076 5439 1135 5493 ὃν
1184 5437 1306 5493 ἀντὶ
1343 5435 1436 5491 τοῦ
1485 5434 1734 5506 σώματος

1369 5618 1410 5650 ³³
1437 5615 1603 5672 Marc.
1644 5630 1754 5681 va,
1784 5612 1832 5668 6.

239 5629 282 5662 “
311 5628 473 5684 Rom.
505 5642 558 5693 ν,
590 5625 676 5679 ιιι.
793 5624 836 5658 ⁸³
862 5620 1018 5678 Rom.
1057 5636 1130 5685 vr,
1170 5620 1249 5674 1‘2.
