3766 5986
376 209 483 266 605

1638 212 1694 266 5.
1723 212 2052 269 GREGORII
2110 211 2399 269 NYSSENI

3531 214 3639 271 603

375 341 509 397 pore
554 325 873 395 accipimus,
916 330 1167 397 quamvis
1211 330 1495 402 sanguinis
1534 343 1833 404 expertem,
1876 353 1943 392 ne

2094 338 2363 407 ιοήσαμεν,
2396 329 2535 406 αἷμα
2562 335 2637 406 μὴ
2675 336 2909 405 ἔχοντος,
2942 337 3018 401 ῶς
3042 338 3107 391 ἂν
3133 337 3208 409 μὴ
3237 339 3349 410 ἀρα
3384 339 3638 411 λειφθείη

379 418 432 470 id
463 415 608 487 quod
641 417 879 472 maxime
909 416 977 471 ad
1011 420 1332 491 mysterium
1360 431 1729 492 Opportunum
1756 434 1861 491 est,
1896 435 1950 481 et

2094 426 2493 499 bxatpuirtatov
2523 427 2627 481 τῶν
2657 430 2737 490 εἰς
2769 427 2830 481 τὸ
2861 429 3158 500 μυστήριον
3197 431 3535 501 νοουμένων,
3565 432 3638 486 δι’

375 523 485 575 quo
534 505 805 576 redempti
841 523 1068 574 sumus,
1113 511 1437 581 sanguinem
1459 552 1474 578 ,
1508 513 1766 585 inquam,
1812 532 1949 586 pra:-

377 604 678 657 tcreamus,
714 595 805 649 hic
837 597 895 650 in
937 596 1047 652 illis
1087 599 1221 668 ipsis
1255 603 1602 672 cenotaphiis
1634 605 1947 673 reperitur:

378 688 555 741 solum
604 688 749 741 enim
793 685 967 757 hepar
1018 688 1164 744 inter
1214 693 1458 747 membra
1498 694 1783 764 sanguinis
1827 694 1952 750 l‘ons

379 784 465 831 est
495 782 551 831 et
589 774 828 841 otlicina,
872 778 991 834 sine
1022 794 1130 849 quo
1177 778 1291 835 ﬁeri
1322 783 1535 851 nequit,
1563 789 1624 837 ut
1668 785 1952 854 sanguinis

378 875 576 921 natura
619 868 907 923 subsistat.
942 867 999 923 Si
1035 870 1202 940 igitur
1239 885 1305 926 ex
1347 872 1542 942 hepate
1569 875 1790 944 sanguis
1821 889 1950 944 pro-

377 958 520 1021 ﬂuit.
568 959 736 1029 hepar
769 969 949 1014 autem
1003 961 1147 1017 inter
1178 963 1507 1033 cenotaphia
1554 965 1848 1033 reperitur,
1896 966 1953 1018 tit

380 1059 441 1105 ut
467 1065 644 1119 neque
699 1051 927 1118 sanguis
961 1051 1102 1106 desit
1133 1052 1204 1115 ei,
1242 1068 1363 1122 qua:
1412 1055 1726 1109 mortalium
1764 1055 1951 1126 generi

378 1142 625 1203 obvenit,
655 1140 854 1195 mortis
888 1140 1293 1211 proﬂigationi;
1345 1151 1400 1197 at
1441 1145 1657 1214 species
1700 1146 1953 1201 animalis

378 1230 566 1299 hujus,
609 1230 768 1309 cujus
819 1232 1350 1303 hepar'appositum
1403 1235 1527 1303 fuit,
1580 1235 1837 1307 deputata
1868 1245 1954 1293 est

381 1322 787 1393 propitiatoriis
821 1325 1111 1382 sacriﬁciis
1137 1343 1235 1397 pro
1265 1329 1511 1399 peccatis
1536 1330 1598 1382 “.
1631 1328 1815 1400 Neque
1849 1330 1953 1384 hoc

380 1414 581 1476 solum,
611 1414 705 1469 sed
735 1429 804 1469 ex
829 1416 1022 1471 eodem
1061 1434 1260 1488 genere
1302 1420 1370 1475 ad
1408 1419 1622 1477 Pascha
1663 1422 1949 1477 celebran-

382 1503 540 1569 dum,
574 1506 778 1560 animal
805 1508 1078 1577 quoddam
1114 1511 1387 1580 seligitur,
1430 1512 1685 1583 idemque
1726 1513 1950 1577 animal,

384 1594 465 1649 ait
504 1594 704 1660 Moses,
740 1597 1055 1653 auferendis
1084 1600 1270 1670 populi
1314 1602 1555 1671 peccatis
1588 1602 1949 1666 destinatum,

2050 512 2112 571 οὗ
2138 518 2547 590 ἐλυτρώθημεν,
2573 518 2632 572 τὸ
2658 513 2797 588 αἷμα
2822 518 2985 585 λέγω,
3010 518 3166 573 τοῦτο
3188 522 3373 592 ῥητοῖς
3405 539 3637 575 κενοτα-

2054 611 2196 679 φίοις
2227 610 2537 681 εὑρίσκεται
2566 627 2579 641 ⁸
2642 610 2801 681 μόνον
2837 611 2943 682 γὰρ
2976 614 3034 665 ἐν
3064 614 3177 676 τοῖς
3208 614 3546 689 σπλάγχνοις
3577 617 3638 669 τὸ

2050 698 2202 774 ἧπαρ
2255 702 2486 772 αἵματός
2530 703 2645 754 ἐστι
2685 703 2834 772 πηγή
2885 719 2944 755 τε
2994 703 3088 757 καὶ
3139 704 3535 776 ἐργαστήριον,
3573 700 3636 759 οὗ

2052 796 2220 867 χωρὶς
2251 792 2510 846 ἀδύνατόν
2542 795 2657 845 ἐστι
2693 793 2952 862 συστῆναι
2998 794 3095 864 τὴν
3130 794 3291 864 φύσιν
3324 794 3425 849 τοῦ
3468 797 3639 867 αῐμαο

2051 902 2163 947 τος.
2193 884 2256 936 Εἰ
2285 878 2376 936 οὖν
2406 884 2470 935 ἐκ
2502 880 2594 935 τοῦ
2628 882 2835 951 ἥπατος
2872 883 2934 936 τὸ
2964 878 3124 954 αἷμα,
3152 887 3210 938 ἐν
3240 885 3297 938 δὲ
3329 889 3451 949 τοῖς
3481 904 3636 941 κενο-

2051 972 2264 1042 ταφίοις
2295 972 2354 1025 τὸ
2403 968 2556 1045 ἧπαρ
2575 1011 2589 1035 ,
2620 974 2741 1026 οὐδὲ
2769 974 2829 1026 τὸ
2857 969 2997 1045 αἷμα
3023 974 3200 1028 λείπει
3230 975 3308 1046 τῷ
3346 978 3634 1047 γενομένῳ

2052 1065 2118 1133 τῇ
2150 1062 2310 1133 φύσει
2339 1063 2446 1118 τῶν
2474 1062 3229 1137 ἀνθρώπωνάποτροπιασμῷ
3248 1066 3342 1120 τοῦ
3370 1066 3629 1122 θανάτου·

2052 1155 2113 1208 τὸ
2149 1155 2206 1208 δέ
2247 1154 2411 1222 γένος
2449 1153 2543 1207 τοῦ
2578 1151 2718 1217 ζώου
2742 1154 2954 1222 τούτου,
2991 1150 3052 1210 οὗ
3088 1157 3150 1210 τὺ
3181 1153 3336 1230 ἧπαρ
3392 1158 3630 1229 ἐλήφθη,

2051 1248 2174 1310 ταῖς
2215 1246 2522 1309 ἱλεωτικαῖς
2558 1247 2700 1317 ὑπὲρ
2722 1246 2834 1300 τῶν
2865 1248 3149 1319 ἁμαρτιῶν
3175 1249 3391 1313 θυσίαις
3432 1252 3631 1304 ἀποτε-

2044 1333 2318 1403 ’ταγμένον
2347 1333 2515 1386 ἐστίν.
2552 1335 2628 1387 Οὐ
2660 1334 2819 1404 μόνον
2847 1335 2905 1388 δὲ
2928 1334 3106 1400 τοῦτο,
3141 1335 3277 1389 ἀλλά
3311 1339 3410 1391 καὶ
3443 1339 3513 1390 ἐκ
3542 1342 3633 1391 τοῦ

2052 1420 2215 1475 αὐτοῦ
2262 1421 2452 1489 γένους
2500 1422 2595 1474 καὶ
2642 1424 2722 1485 εἰς
2754 1422 2816 1475 τὸ
2867 1422 3053 1493 πάσχα
3098 1424 3594 1496 παραλαμϐάνεται
3615 1443 3629 1454 ο

2054 1511 2148 1564 καὶ
2179 1506 2597 1581 ἀποπεμπτικὸν
2634 1510 2733 1580 τῆς
2763 1509 2857 1564 τοῦ
2901 1511 3029 1564 λαοῦ
3062 1513 3339 1582 ἁμαρτίας
3388 1516 3457 1566 τὸ
3497 1514 3636 1578 ζῶον

2052 1601 2210 1655 τοῦτό
2237 1618 2368 1671 φησι
2401 1603 2511 1654 δεῖν
2532 1603 2561 1654 6
2592 1600 2830 1671 Μωῦσῆς
2861 1602 3127 1654 ποιεῖσθαι
3149 1619 3162 1632 ’
3195 1603 3286 1656 ὅτε
3321 1606 3405 1667 εἰς
3436 1604 3635 1672 διπλῆν

383 1686 592 1757 duplici
631 1690 835 1745 actioni
883 1693 1056 1747 servit
1088 1710 1102 1746 :
1136 1694 1354 1750 duobus
1402 1695 1549 1750 enim
1592 1694 1768 1751 hircis
1798 1702 1952 1751 sorte

2094 1691 2337 1762 νέργειαν
2374 1689 2677 1762 μερίζεται.
2709 1692 2819 1744 Καὶ
2843 1690 2936 1745 δύο
2970 1691 3345 1762 προτεθέντων
3375 1696 3635 1765 χιμάρων

379 1780 703 1848 propositis,
758 1782 896 1837 alter
942 1781 1054 1838 Deo
1085 1784 1456 1855 sacriﬁcatur,
1506 1786 1647 1840 alter
1677 1800 1784 1840 una
1826 1800 1952 1839 cum

379 1874 607 1937 peccato
652 1869 706 1922 in
751 1870 1102 1926 solitudinem
1135 1872 1431 1928 dimittitur
1457 1875 1523 1929 ".
1564 1874 1792 1944 Propter
1838 1874 1954 1929 bazc

380 1957 549 2027 igitur
581 1959 765 2013 omnia
807 1968 960 2014 tanta
1004 1976 1069 2015 ac
1101 1963 1252 2028 talia,
1287 1963 1454 2032 hujus
1492 1963 1747 2020 animalis
1784 1964 1956 2033 hepar

382 2049 645 2119 sanguini
684 2051 1044 2121 signiﬁcando
1084 2065 1423 2125 assumptum
1459 2062 1563 2122 est,
1600 2070 1711 2126 quo
1740 2055 1810 2110 ab
1846 2055 1956 2109 illis

383 2141 479 2210 qui
509 2140 743 2197 letaliter
771 2143 1215 2213 infirmahantur,
1264 2162 1414 2204 mors
1444 2146 1670 2218 depulsa
1720 2147 1823 2201 fuit
1855 2163 1956 2217 per

381 2232 850 2286 resurrectionem
887 2232 1103 2289 Domini
1134 2236 1330 2301 nostri,
1363 2252 1528 2306 quam
1563 2237 1952 2305 cenotaphium

382 2322 678 2389 signiﬁcat.
708 2322 813 2378 Sed
843 2329 1063 2395 tempus
1087 2332 1192 2389 est,
1226 2335 1286 2380 ut
1306 2335 1359 2380 et
1393 2327 1717 2381 sententiam
1756 2330 1953 2397 psalmi

380 2414 623 2471 breviter
656 2430 1064 2486 percurramus,
1114 2418 1195 2472 sic
1228 2432 1352 2473 sese
1397 2418 1706 2473 habentem.
1756 2417 1957 2472 Dividit

380 2500 655 2570 Propheta
722 2504 1057 2573 orationem;
1112 2522 1238 2560 nam
1288 2507 1458 2561 altera
1520 2523 1619 2576 pro
1674 2507 1835 2563 nobis
1886 2508 1957 2562 ad

381 2591 552 2647 Deum
596 2594 906 2649 instituitur
932 2597 1208 2651 communi
1240 2599 1485 2651 omnium
1514 2597 1830 2652 mortalium
1863 2613 1960 2652 no-

381 2684 559 2750 mine;
590 2687 762 2739 altera
803 2686 869 2740 ad
897 2702 997 2741 nos
1029 2687 1290 2757 dirigitur
1327 2704 1393 2743 ex
1426 2704 1662 2759 persona
1686 2689 1829 2759 ejus,
1863 2688 1956 2758 qui

379 2786 483 2842 pro
527 2775 688 2829 nobis
721 2777 908 2832 varios
952 2777 1235 2832 cruciatus
1263 2778 1454 2833 subiit.
1488 2780 1622 2845 Quae
1666 2793 1798 2848 ergo
1851 2794 1955 2849 pro

381 2864 563 2927 nobis,
608 2860 723 2919 haec
770 2878 944 2922 sunt:
986 2886 1004 2919 ι
1035 2866 1199 2938 Eripe
1228 2884 1315 2924 me
1360 2870 1429 2924 de
1478 2870 1743 2931 inimicis.
1797 2879 1851 2925 et
1889 2870 1957 2923 ab

382 2955 800 3025 insurgentibus
851 2960 903 3013 in
941 2975 1026 3013 me
1057 2960 1239 3016 libera.
1267 2975 1375 3028 me,
1409 2969 1464 3016 et
1505 2961 1572 3018 de
1602 2963 1957 3031 operantibus

384 3046 760 3114 iniquitatem,
800 3058 855 3103 et
895 3050 963 3104 de
992 3050 1125 3106 viris
1163 3052 1517 3121 sanguinum,
1549 3053 1641 3119 qui
1693 3062 1959 3123 ceperunt

385 3132 626 3185 animam
663 3149 860 3197 meam,
893 3153 912 3186 ι
943 3142 999 3189 ει
1046 3137 1139 3204 qui
1188 3136 1242 3191 in
1283 3152 1370 3191 me
1410 3138 1623 3193 fortiter
1657 3140 1957 3204 irruerunt,

385 3224 526 3278 nihil
568 3225 696 3277 mali
738 3239 768 3278 a
814 3226 978 3281 nobis
1030 3228 1207 3296 passi;
1251 3243 1429 3298 neque
1473 3230 1618 3284 enim
1657 3231 1957 3301 quidquam

387 3313 447 3369 in
480 3314 606 3369 illos
628 3315 848 3379 admisi,
881 3331 1059 3386 neque
1091 3316 1354 3386 iniquitas
1386 3318 1497 3373 ulla
1532 3333 1561 3372 a
1601 3334 1686 3377 me
1720 3321 1961 3390 profecta

385 3414 493 3472 est,
541 3422 663 3475 quae
709 3407 764 3461 in
813 3408 1070 3463 damnum
1119 3410 1359 3465 hostium
1409 3425 1656 3465 meorum
1691 3420 1956 3483 vergeret,

387 3512 495 3568 qua
521 3506 728 3561 tamen,
760 3501 920 3568 quasi
961 3499 1143 3555 aﬂ'ecti
1177 3508 1387 3566 essent,
1429 3503 1799 3556 concitantur.
1832 3502 1963 3558 Sine

387 3591 675 3660 iniquitate
742 3594 904 3647 nobis
968 3593 1179 3663 primus
1233 3607 1433 3649 cursus
1501 3593 1788 3649 institutus
1856 3603 1962 3649 est.

402 3679 509 3741 Sed
549 3687 704 3753 vide,
772 3687 981 3758 inquit,
1046 3687 1271 3755 omnia,
1329 3701 1453 3759 qua
1506 3692 1562 3741 et
1596 3686 1779 3755 qualia
1828 3686 1961 3742 sint.

386 3773 525 3828 Vide
568 3783 624 3832 et
656 3777 900 3843 intende,
962 3786 1021 3831 ut
1069 3793 1156 3832 me
1189 3775 1475 3843 defendas,
1530 3793 1710 3847 neque
1744 3778 1965 3834 differas

387 3883 484 3936 per
536 3868 934 3923 humanitatem
989 3877 1246 3926 expetere
1296 3869 1557 3924 ultionem
1612 3872 1680 3927 ab
1731 3871 1821 3926 his
1866 3871 1963 3941 qui

384 3960 736 4027 delinquunt.
773 3977 792 4009 ι
827 3957 947 4012 Non
972 3959 1313 4022 miserearis,
1347 3978 1365 4011 ι
1393 3959 1596 4029 inquit,
1636 3978 1655 4012 ι
1684 3962 1961 4028 omnibus,

390 4046 481 4116 qui
512 4057 809 4115 operantur
850 4046 1217 4114 iniquitatem.
1250 4067 1268 4100 ι

461 4136 665 4192 Deinde
690 4136 949 4192 transfert
982 4151 1285 4192 sermonem
1323 4136 1387 4192 ad
1427 4139 1797 4193 sublimiorem
1831 4155 1960 4209 per-

388 4242 602 4291 sonam,
632 4226 869 4297 dicitque
892 4227 1049 4297 quasi
1085 4227 1202 4282 loco
1235 4228 1352 4298 ejus
1381 4230 1471 4299 qui
1510 4245 1699 4299 preces
1736 4231 1963 4285 exaudi-

1985 3000 2030 3060 C

2055 1781 2119 1831 ἐκ
2157 1777 2572 1848 διακληρώσεως
2592 1818 2608 1842 ,
2660 1777 2722 1829 τὸ
2754 1776 2854 1848 μὲν
2904 1776 3216 1831 ἀνατίθεται
3248 1777 3327 1848 τῷ
3383 1779 3546 1849 Θεῷ,
3578 1781 3634 1832 τὸ

2054 1870 2110 1922 δὲ
2168 1872 2234 1941 τῇ
2285 1870 2529 1942 ἁμαρτίᾳ
2566 1868 2907 1940 ἐκπέμπεται
2979 1869 3073 1922 ἐπὶ
3117 1869 3213 1940 τὴν
3266 1869 3500 1942 ἔρημον.
3540 1871 3635 1923 Διά

2047 1960 2231 2044 ,πάντα
2256 1956 2348 2017 οὖν
2370 1960 2540 2015 ταῦτα
2566 1962 2658 2014 καὶ
2686 1959 3022 2024 τάκτοιαῦτα,
3053 1959 3244 2013 τούτου
3274 1960 3372 2013 τοῦ
3402 1959 3550 2024 {mou
3579 1960 3636 2012 τὸ

2054 2051 2316 2128 ἦπαρ“είς
2348 2054 2446 2124 τὴν
2478 2051 2570 2105 τοῦ
2612 2053 2840 2123 αἵματος
2885 2052 3110 2119 ἔνδειξιν
3179 2051 3535 2123 παρελήφθη,
3571 2052 3636 2104 δι’

2056 2141 2116 2198 οὗ
2160 2143 2267 2197 τῶν
2300 2143 2662 2208 ἐπιθανατίως
2705 2145 3070 2215 νενοσηκότων
3123 2145 3152 2197 6
3180 2144 3637 2215 ἀποτροπιασμὸς

2054 2235 2147 2289 τοῦ
2182 2235 2413 2289 Θανάτου
2447 2234 2683 2303 ἐγένετο,
2706 2234 2793 2289 διὰ
2821 2235 2917 2304 τῆς
2945 2237 3009 2289 ἐκ
3040 2235 3250 2302 νεκρῶν
3278 2235 3639 2297 ἀναστάσεως

2054 2326 2149 2379 τοῦ
2180 2326 2384 2397 Κυρίου
2406 2325 2585 2396 ἡμῶν,
2614 2325 2681 2396 ἢν
2710 2326 2963 2395 σημαίνει
2987 2326 3049 2379 τδ
3081 2326 3417 2393 κενοτάφιον.
3475 2324 3640 2377 Ἀλλὰ

2057 2414 2245 2486 καιρὸς
2264 2413 2329 2467 ἂν
2356 2413 2465 2483 εἴη,
2490 2415 2584 2466 καὶ
2613 2413 2704 2467 τὸν
2735 2415 2793 2467 ἐν
2824 2416 2890 2484 τῇ
2917 2413 3209 2485 ψαλμῳδίᾳ
3226 2414 3350 2467 νοῦν
3373 2413 3467 2466 διὰ
3504 2413 3640 2485 βρα-

2056 2505 2195 2575 χέων
2223 2504 2565 2576 ἐπιδραμεῖν,
2597 2502 2785 2574 ἔχοντα
2813 2504 3005 2567 οὕτως*
3035 2505 3260 2575 Μερῐζει
3280 2504 3372 2557 τὸν
3407 2504 3571 2570 λόγον
3602 2508 3634 2575 ἠ

2057 2596 2389 2665 προφητεία.
2445 2586 2515 2647 ’θ’
2537 2595 2636 2665 μὲν
2673 2595 2782 2666 γὰρ
2821 2596 2960 2666 ὑπὲρ
2996 2595 3151 2666 ἡμῶν
3189 2595 3325 2666 πρὸς
3361 2596 3455 2650 τὸν
3503 2597 3638 2649 Θεὸν

2055 2686 2293 2752 γίνεται,
2332 2686 2396 2737 ἐκ
2428 2684 2518 2737 τοῦ
2562 2684 2742 2738 κοινοῦ
2784 2685 2884 2754 τῆς
2926 2685 3139 2754 φύσεως
3179 2686 3636 2758 προσαγομένης·

2056 2775 2085 2825 6
2112 2774 2169 2827 δέ
2200 2774 2333 2845 πρὸς
2365 2775 2512 2845 ἡμᾶς
2545 2775 2611 2826 ἐκ
2650 2772 2743 2826 τοῦ
2776 2774 2915 2844 ὑπὲρ
2948 2773 3106 2844 ἡμῶν
3139 2773 3550 2844 ἀναδεξαμένου
3579 2774 3642 2826 τὸ

2060 2863 2247 2927 πάθος.
2286 2864 2364 2916 Τά
2397 2864 2495 2934 μὲν
2533 2861 2625 2917 οὖν
2654 2864 2792 2935 ὑπὲρ
2823 2863 3002 2934 ἡμῶν,
3050 2865 3167 2918 ἐστὶ
3212 2864 3403 2918 ταῦτα·
3442 2884 3462 2916 ι
3512 2864 3639 2929 Ἐξ-

2061 2955 2182 3008 ελοῦ
2215 2973 2304 3027 με,
2333 2974 2351 3007 ι
2387 2954 2611 3025 λέγων,ι
2647 2957 2711 3008 ἐκ
2727 2954 2833 3008 τῶν
2864 2954 3072 3025 ἐχθρῶν
3090 2957 3255 3025 μου,ό
3274 2955 3426 3018 Θεὸς.
3461 2957 3556 3009 καὶ
3576 2958 3642 3009 ἐκ

2059 3046 2167 3099 τῶν
2202 3046 2645 3117 ἐπανισταμένων
2690 3046 2777 3099 ἐπ’
2824 3046 2921 3116 ἐμὲ
2955 3044 3229 3117 λύτρωσαί
3273 3064 3363 3117 με.
3414 3048 3530 3101 Καὶ
3571 3049 3638 3100 ἐκ

2058 3138 2166 3191 τῶν
2193 3138 2571 3209 ἐργαζομένων
2604 3136 2700 3208 τὴν
2740 3137 2986 3207 ἀνομίαν,
3021 3137 3115 3190 καὶ
3145 3136 3205 3202 ἐξ
3231 3136 3439 3208 ἀνδρῶν
3465 3139 3642 3208 αἱμάυ

2060 3246 2188 3293 των,
2222 3229 2270 3281 οἳ
2305 3228 2604 3300 ἐθήρευε-αν
2650 3230 2748 3301 τὴν
2781 3228 2960 3300 ψυχήν
2999 3246 3125 3300 μου,
3170 3246 3193 3281 τ
3242 3231 3335 3282 καὶ
3378 3228 3643 3283 ἐπέθεντο

2065 3321 2328 3392 ἰσχυρῶς,
2352 3321 2501 3374 οὐδὲν
2530 3324 2660 3392 παρ’
2689 3320 2845 3392 ἡμῶν
2872 3321 3308 3392 προπεπονθότες
3335 3321 3529 3376 κακόν.
3559 3322 3638 3375 Οὐ

2061 3413 2169 3484 γὰρ
2184 3409 2426 3483 ἦμαρτόν
2439 3430 2490 3465 τι
2503 3413 2621 3465 κατ’
2640 3412 2881 3477 ἐκείνων,
2900 3412 3018 3464 οὐδέ
3033 3414 3178 3465 ἐστιν
3199 3413 3393 3483 ἀνομία
3410 3430 3495 3477 τις
3507 3432 3581 3466 πα
3589 3416 3639 3484 ρ’

2061 3506 2093 3574 ἠ
2104 3503 2219 3571 μῶν
2250 3503 2340 3555 ἐπὶ
2367 3502 2541 3575 βλάϐῃ
2566 3502 2673 3557 τῶν
2704 3502 2912 3573 ἐχθρῶν
2941 3503 3293 3574 ἐνεργηθείσα
3314 3544 3328 3567 ,
3359 3504 3446 3574 ἐφ’
3545 3508 3642 3559 καὶ

2063 3592 2476 3664 παροξύνονται.
2516 3595 2677 3646 ’Λνευ
2706 3594 2932 3663 ἀνομίας
2957 3589 3024 3664 ἦν
3051 3595 3182 3663 ἡμῖν
3210 3595 3238 3646 ό
3271 3596 3489 3665 πρῶτος
3518 3596 3642 3667 δρό-

2068 3696 2185 3749 μος.
2241 3679 2379 3732 Ἀλλ’
2406 3680 2513 3734 ἰδοὺ
2539 3681 2607 3734 τὰ
2638 3680 2834 3745 πάντα,
2866 3681 3050 3751 φησὶν,
3102 3675 3191 3735 οἷά
3219 3683 3353 3736 ἐστι.
3392 3683 3501 3738 Ἴδε
3547 3686 3638 3739 καὶ

2064 3771 2302 3844 πρόσχες
2353 3771 2448 3825 τοῦ
2493 3772 2912 3842 ἐπισκέψασθαι.
2980 3774 3089 3827 Καὶ
3136 3774 3211 3845 μὴ
3259 3774 3503 3847 ἁνασάλῃ
3554 3776 3639 3829 διὰ

2065 3863 2471 3933 φιλανθρωπίας
2502 3862 2643 3918 κατά
2677 3863 2786 3917 τῶν
2831 3864 3371 3936 πεπλημμεληκιὴων
3416 3868 3639 3936 ἐκδίκη-

2066 3972 2170 4008 σιν.
2203 3973 2221 4006 ι
2263 3954 2356 4025 Μὴ
2383 3954 2778 4028 οίκτειρήσῃς,›
2815 3955 2960 4026 γὰρ,
2991 3956 3178 4027 φησὶν,
3215 3976 3233 4007 ι
3268 3957 3479 4022 πάντας
3510 3957 3645 4019 »τοὺς

2064 4045 2461 4117 ἐργαζομένους
2484 4045 2581 4116 τὴν
2607 4047 2852 4116 ἀνομίαν.
2893 4067 2911 4099 ι

2132 4134 2265 4192 Εἶτα
2298 4137 2523 4208 μετάγει
2538 4138 2626 4191 τὸν
2643 4136 2799 4207 λόγον
2815 4138 2905 4193 ἐπὶ
2928 4139 2986 4192 τὸ
3006 4139 3403 4209 ὑπερκείμενον
3428 4141 3641 4212 πρόσω-

2065 4247 2184 4295 πον,
2202 4229 2294 4283 καί
2317 4247 2479 4300 φησιν
2500 4230 2574 4293 ὡς
2606 4231 2669 4282 ἐκ
2690 4230 2976 4300 προσώπου
2996 4230 3087 4283 τοῦ
3100 4232 3194 4300 τῆς
3210 4230 3375 4300 εὐχῆς
3404 4231 3642 4285 ἐπακού-

389 4318 546 4382 verit,
575 4318 711 4372 istos
737 4319 920 4372 hostes
944 4317 1009 4371 ad
1030 4332 1307 4387 vesperam
1335 4334 1656 4374 conversum
1683 4320 1768 4374 iri.
1806 4320 1960 4387 Quod

2094 4338 2276 4388 ἀντος,
2293 4322 2373 4375 ὅτι
2388 4314 2533 4375 οὗτοι
2549 4323 2597 4375 οί
2614 4321 2797 4392 ἐχθροὶ
2810 4324 2888 4385 εἰς
2912 4321 3009 4392 τὴν
3025 4322 3154 4374 ἐσπέ
3163 4339 3261 4393 ραν
3276 4324 3489 4375 ἑαυτῶν
3522 4325 3642 4377 ἐπι-

387 4409 522 4464 nihil
555 4408 703 4463 aliud
734 4419 837 4472 est,
871 4424 1033 4478 quam
1087 4408 1234 4478 ipsos
1279 4409 1334 4464 in
1377 4410 1629 4465 tenebras
1667 4412 1961 4469 exteriores

388 4503 674 4573 expulsum
708 4503 772 4555 iri
797 4520 810 4555 :
842 4519 965 4557 nam
994 4518 1216 4575 vespera
1242 4504 1491 4575 caliginis
1522 4503 1847 4576 principium
1874 4513 1961 4561 est

389 4601 447 4649 et
479 4594 732 4663 geniti-ix.
767 4612 785 4643 ι
808 4594 872 4649 Ει
896 4593 1088 4649 famem
1124 4595 1395 4665 patientur
1420 4602 1479 4649 nt
1505 4611 1722 4651 canes.»
1749 4595 1961 4663 Quibus

391 4684 538 4738 enim
574 4682 767 4738 salutis
796 4684 1049 4739 viaticum
1083 4700 1189 4740 non
1224 4685 1483 4756 suppetit,
1520 4686 1619 4742 hos
1652 4687 1961 4741 necessario

392 4781 758 4842 consequetur
785 4790 851 4829 ex
878 4773 1018 4831 fame
1042 4777 1265 4845 penuria
1300 4777 1586 4831 bonorum.
1619 4770 1710 4832 Sic
1737 4778 1963 4833 esurivit

394 4868 450 4923 in
482 4866 698 4922 inferno
722 4866 874 4922 dives
899 4867 1084 4921 divino
1112 4865 1404 4922 destitutus
1435 4881 1578 4930 rore,
1625 4874 1680 4921 et
1721 4867 1848 4936 quia
1899 4869 1968 4922 ab

393 4959 480 5014 his
521 4959 678 5015 bonis
714 4959 1013 5029 imparatus
1058 4963 1195 5019 erat,
1227 4956 1348 5012 ideo
1373 4957 1605 5014 ﬂammis
1638 4958 1746 5013 illis
1775 4973 1968 5014 exure-

394 5049 627 5105 batur".
650 5048 754 5104 Sed
774 5058 828 5105 et
846 5066 865 5099 ι
890 5046 1200 5101 circuibunt
1237 5046 1532 5111 civitatem,
1553 5066 1572 5099 ι
1617 5047 1811 5117 inquit.
1865 5049 1965 5104 Cui

392 5139 558 5194 talem
580 5139 880 5208 subjectam
909 5137 1235 5192 sententiam
1266 5137 1523 5192 arbitror.
1561 5138 1693 5195 Cum
1724 5155 1887 5195 omne
1916 5141 1967 5195 id

395 5229 542 5300 quod
566 5226 930 5297 abjiciendum
958 5236 1014 5283 et
1045 5227 1236 5283 inutile
1257 5236 1341 5284 est
1366 5227 1431 5283 ad
1460 5228 1756 5285 viventium
1784 5246 1968 5293 usum,

2070 4411 2590 4482 στρέψουσιν.’οπερ
2601 4410 2887 4466 οὐδὲνάλλο
2902 4412 3105 4483 ἐστὶν,ἢ
3118 4413 3197 4465 ὅτι
3210 4415 3289 4477 είς
3302 4414 3363 4466 τὸ
3379 4413 3642 4486 ἐξώτερον

2070 4501 2257 4565 σκότος
2278 4500 2780 4572 συνελασθὴσονται.
2811 4503 2877 4555 Ἠ
2890 4502 2997 4573 γὰρ
3018 4503 3223 4574 ἑσπέρα
3243 4505 3465 4568 σκότους
3497 4509 3614 4573 γίνε
3638 4540 3641 4541 ν

2066 4609 2155 4645 ται
2177 4593 2316 4665 ἀρχή
2336 4609 2395 4644 τε
2410 4592 2501 4645 καὶ
2524 4593 2723 4663 μήτηρ.
2752 4610 2769 4642 ι
2782 4592 2890 4644 Καὶ
2910 4592 3234 4663 λιμώξουσιν
3249 4593 3323 4656 ὠς
3337 4592 3508 4651 κύων.
3523 4594 3645 4658 »Οἷς

2081 4682 2176 4753 (ἀρ
2202 4682 2301 4735 οὐκ
2326 4681 2443 4734 ἐστι
2466 4680 2737 4751 σωτηρίας
2760 4682 2991 4749 ἐφόδιον,
3019 4681 3077 4748 ἐξ
3106 4680 3349 4750 ἀνάγκης
3380 4685 3414 4750 ὴ
3454 4682 3520 4734 ἐκ
3553 4684 3642 4735 τοῦ

2067 4770 2226 4840 λιμοῦ
2264 4770 2374 4824 τῶν
2410 4770 2631 4840 ἀγαθῶν
2664 4770 3093 4842 ἐπακολουθήσει
3137 4772 3507 4842 ταλαιπωρία.
3548 4771 3643 4825 0‘5-

2067 4881 2173 4928 τως
2202 4863 2464 4935 ἐλίμωξεν
2486 4864 2543 4916 ἐν
2563 4861 2639 4933 τῷ
2665 4861 2766 4935 ᾄδῃ
2792 4865 2820 4916 6
2842 4862 3115 4928 πλούσιος,
3142 4863 3241 4933 τῆς
3263 4862 3414 4925 θείας
3444 4862 3636 4932 δρόσου

2069 4956 2165 5028 ἕρη
2175 4973 2273 5026 μος
2296 4954 2391 5009 ῶν·
2417 4956 2510 5009 καὶ
2524 4955 2610 5009 διὰ
2626 4954 2686 5007 τὸ
2703 4955 3086 5025 ἀπαράσκευον
3103 4953 3195 5007 τοῦ
3214 4952 3458 5007 τοιούτου
3482 4948 3638 5015 εἶναι,

2067 5049 2136 5117 τῇ
2198 5047 2355 5115 φλογὶ
2407 5045 2789 5114 κατεφλέγετο.
2845 5044 3004 5099 Ἀλλά
3052 5046 3146 5099 καὶ
3205 5062 3224 5097 ι
3279 5043 3638 5097 Κυκλώσουσι

2066 5137 2247 5199 πόλιν,
2272 5155 2289 5187 ι
2325 5136 2505 5205 φησίν.
2546 5136 2723 5206 Ὅπερ
2746 5134 2986 5187 τοιοῦτόν
3022 5134 3112 5204 μοί
3139 5131 3399 5215 τινανοῦν
3436 5133 3638 5203 ὑποση-

2071 5229 2283 5299 μαίνειν
2319 5228 2489 5281 δοκεῖ.
2546 5226 2765 5299 Ἐπειδὴ
2815 5229 2925 5280 πᾶν
2959 5226 3019 5279 τὸ
3047 5225 3263 5297 ἀχρεῖόν
3291 5242 3351 5277 τε
3379 5225 3476 5278 καὶ
3509 5223 3630 5278 ἁπό-

396 5318 648 5389 ejiciatur
688 5326 843 5373 extra
876 5318 1173 5383 civitatem,
1214 5319 1327 5374 sive
1353 5319 1585 5375 cadaver
1635 5320 1817 5385 fuerit,
1856 5326 1960 5376 sive

2094 5319 2279 5388 ἱλητον,
2330 5319 2405 5381 ὡς
2448 5318 2586 5389 πρὸς
2623 5317 2722 5387 τὴν
2759 5315 2867 5369 τῶν
2912 5314 3127 5380 ζώντων
3155 5315 3372 5386 χρῆσιν,
3414 5313 3524 5378 ἔξω
3556 5313 3633 5383 ῥί-

395 5408 528 5481 quid
549 5408 695 5463 aliud
715 5415 1056 5479 corruptum,
1087 5408 1202 5465 sive
1231 5410 1546 5481 graveolens
1564 5426 1801 5478 caenum,
1821 5412 1960 5467 circa

2094 5426 2257 5462 ιτεται
2294 5410 2391 5479 τῆς
2416 5409 2641 5474 πόλεως,
2693 5411 2805 5466 εἴτε
2837 5406 3027 5479 νεκρὸν
3058 5407 3150 5460 καὶ
3185 5403 3490 5477 διεφθορὸς,
3535 5405 3637 5458 είτι

469 5584 690 5643 “Num.
719 5600 813 5656 vn,
843 5586 909 5641 ιο
936 5595 1116 5660 sqq.et
1139 5590 1264 5646 alihi
1291 5590 1515 5661 passim.

1630 5592 1671 5624 “
1697 5590 1869 5647 Levii.
1892 5608 1999 5659 xw,
2030 5593 2092 5648 ιδ
2122 5607 2242 5662 sqq.

2359 5592 2396 5620 ⁸⁷
2428 5589 2560 5645 Luc.
2595 5602 2706 5655 xvi,
2737 5587 2827 5641 2i.
