3738 5984
133 180 233 242 605
1463 201 1529 257 IN
1563 201 1901 260 PSALMOS.
3241 206 3342 260 605

129 302 350 377 δυσώδης
380 324 470 378 τις,
494 310 694 383 κόπρος
712 329 726 345 ο
757 315 886 386 περὶ
912 314 949 370 ἃ.
972 316 1076 371 ὑπὸ
1096 318 1195 388 τῆς
1220 317 1314 372 τοῦ
1347 318 1508 389 λιμοῦ
1539 319 1645 373 ἁνά

1817 333 1891 373 uae
1932 333 2042 388 pra:
2088 316 2248 373 famis
2287 317 2675 390 magnitudine,
2720 330 2886 373 canes
2923 324 3218 388 occupatos
3252 320 3336 373 iu-

128 412 257 466 γκης
297 398 344 450 oi
386 397 541 465 κύνες
566 402 966 474 ὲξευρίσκονται
994 445 1010 470 ,
1062 405 1139 478 τῷ
1172 406 1330 478 ῥύπῳ
1363 407 1442 478 τῷ
1475 409 1538 460 ὲκ
1570 410 1645 479 τῆς

1817 409 1956 464 enire
1978 408 2123 474 licet,
2162 417 2440 465 versantes
2468 409 2524 462 in
2550 407 2803 463 sordibus
2828 414 2979 461 extra
3007 408 3190 472 urbem
3221 424 3341 461 eve-

128 481 317 550 πόλεως
339 488 713 563 ἐκϐαλλομένῳ
742 493 1182 563 ὲμὸιοτεύοντεςο
1226 495 1314 549 διὰ
1342 497 1534 550 τούτου
1559 496 1645 549 τῶε

1817 498 1827 551 i
1861 498 2070 565 solitis;
2095 508 2383 568 propterea
2403 513 2590 553 eorum
2616 498 2708 567 qui
2739 512 2861 551 cum
2893 497 3111 560 virtute,
3156 508 3209 552 et
3244 516 3339 554 eo-

127 577 178 629 ἐν
203 577 359 651 ἀρετῇ
398 580 490 634 καὶ
524 584 691 656 κακίᾳ
721 584 939 650 ζώντων
974 585 1073 658 τὴν
1109 586 1371 659 διαφορὰν
1399 588 1645 642 διδάσκωε

1817 606 1888 642 nn
1937 590 2029 660 qui
2077 590 2130 644 in
2176 590 2474 647 sceleribus
2512 590 2720 654 vivunt,
2763 588 3057 643 discrimen
3096 588 3338 644 iudicare

126 668 151 720 δ
180 668 353 737 λόγος,
386 673 442 725 ἐν
490 673 568 744 τῷ
602 678 703 746 τῆς
739 677 945 741 πόλεως
974 677 1328 751 ,διασημαίνει
1360 680 1664 750 αἰνίγματιο

126 760 267 813 πόλιν
291 760 476 830 λέγων.
509 764 607 834 τὴν
641 767 746 820 ὑπὸ
782 768 882 838 τῆς
913 769 1114 840 ἀρετῆς
1143 771 1549 841 συνῳκισμένην
1578 771 1665 823 εὑ-

125 853 287 922 πρεπῆ
319 870 378 906 τε
416 855 508 907 καὶ
542 857 845 912 εὐδιάθετον
888 860 1162 917 πολιτείαν
1186 878 1200 892 ·
1233 861 1301 915 τὰ
1342 861 1398 915 δὲ
1434 861 1538 926 ἔξω
1564 864 1665 933 τῆς

124 939 339 1024 πολεως,
364 943 460 1013 τὴν
493 946 557 998 ὲκ
588 946 681 1000 τοῦ
719 948 961 1003 ἐναντίου
998 950 1529 1024 παραθεωρουμένην
1560 968 1660 1005 κα-

122 1023 230 1075 κίαν
255 1025 417 1095 δηλοῖ,
457 1031 515 1081 ὲν
621 1033 768 1085 πᾶσα
801 1034 833 1103 ἡ
861 1033 955 1087 τοῦ
986 1023 1328 1109 ἀστειοτέρου
1370 1036 1485 1107 βίου
1521 1038 1659 1090 ἀπο-

120 1115 231 1186 ϐολή
258 1117 336 1180 τίς
355 1120 498 1172 ἐστιν
526 1120 766 1195 δυσώδης
795 1125 1056 1195 ἁμαρτία,
1087 1128 1122 1198 ἢ
1152 1126 1216 1181 ἐκ
1235 1145 1293 1180 τε
1313 1128 1413 1199 τῆς
1447 1128 1663 1200 σήψεως

119 1204 211 1257 τῶν
236 1206 513 1276 σωμάτων,
545 1212 640 1264 καὶ
667 1213 731 1265 ἐκ
757 1214 853 1284 τῆς
882 1218 1131 1288 ρυπαρᾶς
1164 1216 1368 1289 κόπρου
1404 1236 1658 1272 συνιστα-
1696 1256 1708 1269 ς

124 1294 241 1365 μένη
268 1296 595 1368 εὑρίσκεται.
645 1301 854 1357 Οὐκοῦν
884 1306 984 1375 τῆς
1032 1306 1130 1377 μὲν
1179 1307 1388 1372 πόλεως
1421 1310 1659 1382 οἰκήτωρ

120 1384 280 1451 ἐστὶν,
312 1389 372 1442 τὸ
410 1390 557 1460 μέγα
585 1394 680 1446 καὶ
718 1392 896 1464 τίμιον
928 1397 1139 1468 χρῆμα,
1180 1401 1208 1453 ὁ
1251 1399 1419 1464 ὅντως
1452 1400 1660 1472 ἄνθρω-

119 1492 223 1540 πος,
250 1479 340 1534 καὶ
387 1480 480 1534 τὸν
519 1482 578 1549 ἐξ
619 1484 792 1556 ἀρχῆς
833 1486 1190 1559 ἐπιϐληθέντα
1221 1491 1543 1563 χαρακτῆρα
1587 1497 1653 1565 τῇ

118 1565 253 1634 φύσει
280 1568 364 1623 διὰ
393 1568 487 1623 τοῦ
522 1571 637 1640 βίου
687 1575 1117 1647 μεμορφωμένον
1148 1577 1304 1650 ἔχων.
1349 1581 1404 1634 Ὀ
1432 1580 1488 1633 δὲ
1529 1583 1656 1653 περὶ

1766 680 1955 735 volens
1977 681 2172 745 oratio,
2214 680 2267 735 id
2299 680 2535 738 civitatis
2556 681 2841 750 aenigmate
2873 679 3177 749 signiﬁcat;
3206 679 3339 731 civi-

1766 776 1928 824 tatem
1959 771 2103 825 enim
2131 770 2375 825 nominat
2406 771 2552 845 illam
2591 770 2802 826 vivendi
2835 771 3121 833 rationem,
3153 782 3274 838 quae
3304 783 3335 821 a

1763 858 1964 915 virtute
1989 863 2145 931 quasi
2166 861 2442 928 incolitur,
2469 868 2523 917 et
2566 861 2633 915 ad
2657 876 2872 917 omnem
2915 860 3217 916 decentiam
3249 875 3336 913 re-

1764 956 2019 1020 ctumque
2046 950 2289 1006 ordinem
2319 950 2713 1007 conformatur.
2747 953 2815 1005 At
2848 966 2967 1020 quae
2998 959 3151 1006 extra
3199 952 3336 1006 civi-

1766 1047 1929 1096 tatem
1963 1050 2110 1105 sunt,
2145 1042 2455 1112 significant
2481 1046 2785 1113 oppositam
2827 1042 3011 1097 virtuti
3046 1043 3331 1108 malitiam,

1761 1131 1817 1185 in
1852 1147 1957 1201 qua
1990 1132 2232 1187 invenire
2267 1141 2351 1188 est
2387 1148 2603 1189 omnem
2649 1132 3065 1204 graveolentiam
3094 1133 3327 1201 peccati,

1760 1221 1918 1290 quasi
1949 1221 2259 1277 urbanioris
2292 1223 2415 1278 vitae
2446 1222 2847 1288 retrimeutum,
2897 1223 3011 1277 sive
3048 1239 3113 1278 ex
3146 1234 3332 1292 putre-

1759 1309 1886 1366 dine
1914 1327 2229 1382 corporum,
2253 1315 2367 1368 sive
2396 1329 2464 1369 ex
2506 1313 2786 1368 immundo
2832 1328 2990 1368 emno
3044 1312 3329 1370 confletur.

1759 1399 2027 1466 Quocirca
2041 1400 2279 1456 civitatis
2308 1402 2483 1457 incola
2497 1402 2753 1457 eximium
2772 1401 3027 1471 quiddam
3054 1407 3210 1456 estet
3238 1383 3330 1456 ve-

1757 1493 2083 1557 perandum,
2121 1508 2245 1548 vere
2281 1494 2466 1556 homo,
2521 1508 2775 1567 eumque,
2826 1507 2988 1562 quem
3046 1491 3115 1546 ab
3175 1492 3330 1546 initio

1757 1586 1965 1635 naturae
2011 1582 2334 1651 impressum
2372 1581 2579 1650 accepit
2615 1581 3008 1644 characterem,
3053 1579 3169 1650 ipsa
3217 1580 3329 1643 vita

115 1655 173 1708 τὰ
197 1656 288 1721 ἔξω
314 1659 409 1731 τῆς
439 1658 647 1725 πόλεως
678 1663 1166 1736 ἀναστρεφόμενος,
1192 1668 1336 1723 κύων
1366 1671 1529 1732 ἐστὶν,
1563 1673 1645 1726 καὶ

1823 1688 2197 1742 aexpressum
2231 1672 2646 1728 circumferens.
2715 1672 2785 1725 At
2836 1672 2929 1741 qui
2986 1687 3106 1727 sese
3158 1670 3213 1729 in
3260 1673 3330 1727 iis

116 1746 199 1799 οὐκ
224 1748 520 1820 ἄνθρωπος,
559 1752 698 1806 ὥστε
744 1756 976 1828 φανερὸν
1006 1753 1144 1813 εἶναι
1175 1759 1357 1823 παντὶ,
1401 1760 1518 1824 πῶς
1551 1762 1654 1833 χρὴ

116 1834 379 1908 διακρίνειν
424 1843 553 1906 τοὺς
582 1843 747 1908 κύνας
780 1846 887 1899 ἀπὸ
914 1846 1023 1900 τῶν
1070 1849 1210 1905 κατὰ
1237 1850 1398 1918 φύσιν
1444 1852 1655 1924 ἀνθρώ-

116 1944 231 1992 πων,
262 1931 355 1984 οὐκ
392 1934 458 1986 ὲκ
493 1933 585 1987 τοῦ
641 1938 917 2009 σχήματος
958 1938 1100 2009 λέγω
1127 1942 1227 2010 τῆς
1258 1937 1356 1995 τοῦ
1401 1943 1654 2014 σώματος

115 2016 439 2089 διαπλάσεως,
479 2024 593 2077 ἀλλ’
622 2028 686 2080 ἐκ
710 2029 807 2099 τῆς
831 2030 971 2084 κατά
999 2032 1091 2085 τὸν
1130 2032 1240 2101 βίον
1273 2033 1551 2105 διαφορᾶς.
1596 2036 1653 2089 ’0

115 2108 204 2179 γὰρ
236 2112 326 2182 τῆς
373 2115 634 2187 ἐναρέτου
683 2119 888 2184 πόλεως
949 2120 1189 2187 ἕνοικος,
1241 2124 1455 2194 ἀληθῶς
1505 2128 1652 2181 ἐστιν

116 2199 400 2273 ἄνθρωπος’
436 2208 488 2260 εἰ
513 2206 571 2261 δέ
599 2226 682 2272 τις
712 2210 842 2280 περ)⁵
877 2211 975 2282 τὴν
1013 2211 1222 2284 δυσώδη
1266 2214 1583 2280 ἀκολασίαν,
1615 2216 1647 2286 ἢ

115 2290 194 2362 τὴν
219 2300 683 2372 περιττωματικὴν
725 2300 1052 2366 πλεονεξίαν.
1095 2304 1183 2375 ἢνι
1206 2306 1409 2376 κυρίως
1455 2306 1518 2360 ἄν
1549 2324 1628 2372 τις

117 2381 363 2451 ὀνομάσειε
409 2387 636 2458 κόπρον,
667 2386 699 2459 ἣ
740 2390 867 2458 περὶ
891 2389 962 2444 τά
1001 2390 1135 2444 ἄλλα
1166 2392 1266 2462 τῆς
1303 2394 1500 2457 κακίας
1536 2395 1649 2465 εἴδη

114 2470 195 2541 τὴν
218 2476 434 2546 σπουδὴν
461 2476 599 2546 ἔχοι,
625 2477 728 2543 ἔξω
746 2479 840 2532 τοῦ
866 2480 1064 2534 κύκλου
1085 2482 1184 2552 τῆς
1210 2482 1411 2547 πόλεως
1435 2483 1650 2555 ἐκείνης

115 2561 423 2633 πλανώμενός
468 2583 533 2619 τε
565 2567 657 2620 καὶ
690 2568 1024 2639 περιέρπων,
1062 2570 1161 2642 βοᾷ
1198 2572 1317 2625 καθ’
1356 2573 1551 2626 ἑαυτοῦ
1589 2574 1650 2626 τὺ

118 2651 245 2705 κύων
270 2652 399 2710 εἶναι
427 2698 440 2722 ,
497 2659 973 2731 μεταπλασοείσης
1000 2661 1108 2715 ἀπὸ
1136 2662 1235 2732 τῆς
1277 2665 1357 2727 είς
1397 2663 1488 2716 τὸν
1520 2663 1649 2719 Θεὸν

115 2742 423 2814 ὁμοιότητος,
471 2749 569 2801 ἐπὶ
613 2749 679 2802 τὸ
718 2750 956 2816 κυνῶδες
987 2752 1087 2823 τῆς
1135 2753 1369 2822 φύσεως.
1404 2756 1564 2819 Νοείς
1594 2755 1649 2809 δὲ

116 2833 299 2901 πάντως
322 2838 406 2892 διὰ
434 2840 543 2893 τῶν
570 2847 745 2895 κυνῶν
773 2842 863 2895 τὸν
891 2844 1184 2915 ἀρχέγονον
1213 2845 1369 2912 κύνα,
1404 2846 1493 2899 τὸν
1521 2865 1650 2919 σαρ-

115 2923 306 2995 κοδόρον
354 2946 412 2982 τε
457 2930 554 2985 καὶ
611 2930 1089 3002 ἀνθρωποκτόνον,
1153 2933 1333 2999 meo;
1400 2954 1563 3006 φησιν
1611 2937 1643 3005 ἡ

116 3011 295 3087 Γραφή.

169 3214 265 3266 Καὶ
297 3214 363 3268 τὰ
402 3216 603 3287 ἑφεξῆς
633 3217 725 3273 τοῦ
752 3218 963 3290 ψαλμοῦ
990 3221 1281 3293 διαγράφει
1306 3224 1405 3293 τὴν
1434 3221 1643 3296 κυνώδη

116 3297 252 3372 ζωήν.
297 3306 435 3360 Ἀντὶ
476 3307 587 3380 γὰρ
612 3310 709 3381 τῆς
737 3311 944 3382 ὑλακῆς
974 3312 1209 3382 φθόγγον
1239 3314 1362 3369 τινὰ
1406 3315 1496 3369 διὰ
1526 3317 1647 3369 στό-

118 3407 255 3458 ματος
276 3396 444 3450 αὐτῶν
476 3400 728 3467 γενέσθαι
770 3403 938 3472 λέγει,
969 3406 1064 3457 καὶ
1091 3405 1212 3458 avri.
1252 3404 1358 3458 τῶν
1393 3407 1635 3461 κυνοδόν-

114 3497 199 3533 των
237 3488 492 3557 ῥομφαίαν
550 3494 663 3554 τοῖς
708 3493 942 3563 χείλεσιν
991 3495 1401 3567 ὑποκεκρύφθαι
1457 3497 1641 3567 φησιν,

114 3572 228 3629 οὕτω
252 3577 415 3647 λέγων
441 3584 550 3646 τοῖς
580 3584 840 3654 ῥήμασιν·
879 3604 899 3637 ι
952 3586 1084 3641 Ἰδοὺ
1112 3586 1543 3656 ἀποφθέγξονται
1586 3589 1644 3645 ὲν

113 3664 175 3732 τῷ
216 3669 423 3740 στόματι
474 3674 677 3741 αὐτῶν,
723 3677 820 3730 καὶ
866 3679 1106 3749 ῥομφαία
1152 3682 1210 3732 ὲν
1245 3684 1358 3742 τοῖς
1409 3681 1642 3751 χείλεσιν

114 3754 275 3813 αὐτῶν.
312 3779 329 3812 ι
389 3763 548 3817 Ἀλλά
582 3764 652 3818 τά
690 3766 895 3838 φοϐερὰ
927 3768 1100 3823 ταῦτα
1136 3773 1249 3834 τοῖς
1295 3771 1386 3824 τὸν
1418 3772 1550 3825 Θεὸν
1582 3775 1641 3827 ὲν

114 3842 288 3912 ἑαυτοῖς
316 3851 487 3923 έχουσι
509 3855 682 3924 γέλως
714 3859 880 3915 ἐστίν.
904 3878 922 3910 ι
947 3860 1018 3912 Σὺ
1044 3878 1063 3910 ι
1090 3860 1219 3932 γὰρ,
1254 3863 1435 3933 φησὶν,
1479 3882 1497 3914 ι
1528 3865 1642 3917 Κύα

115 3948 236 4024 ριος,
260 3941 516 4018 ἐκγελάσῃ
551 3948 769 4013 αὐτούς’
794 3949 904 4017 ἐγὼ
932 3951 991 4003 δὲ
1029 3952 1090 4005 τὸ
1122 3953 1322 4023 κράτος
1362 3971 1463 4024 μου
1504 3955 1640 4024 πρὸς

113 4023 161 4075 σὲ
183 4028 393 4095 φυλάξω.
432 4052 451 4085 ι
489 4036 600 4088 Καὶ
625 4037 739 4105 μετ’
768 4037 924 4106 ὀλίγα
951 4041 1251 4111 προμηνύει
1407 4023 1639 4114 ὁρισθεῖ-

115 4129 193 4203 σαν
220 4120 312 4173 ὑπὸ
339 4125 429 4178 τοῦ
475 4127 613 4180 Θεοῦ
642 4130 735 4181 ἐπὶ
777 4129 870 4181 τοῦ
903 4130 1033 4183 ἰδίου
1074 4133 1392 4203 πλάσματος
1431 4137 1639 4188 οἰκονο-

114 4196 233 4272 μίαν·
255 4211 381 4282 Φησὶ
406 4218 512 4288 γάρ
530 4234 546 4248 ’
578 4219 669 4289 Μὴ
700 4220 1022 4293 ἀποκτείνῃς
1064 4196 1281 4288 αὐτοὺς,
1314 4224 1450 4278 ἀλλά
1478 4227 1640 4280 κατά-

112 4305 223 4380 γᾳγε
250 4300 432 4365 αὐτοὺς
464 4305 572 4358 ἀπὸ
596 4305 687 4358 τοῦ
718 4306 884 4376 ὕψους
910 4310 1007 4380 τῆς
1028 4310 1223 4374 κακίας
1243 4313 1325 4379 εἰς
1349 4312 1410 4366 τὸ
1443 4314 1636 4367 ὲπίπευ

112 4376 180 4475 ξίν
203 4402 256 4439 τε
288 4392 381 4445 καὶ
420 4394 622 4465 ὁμαλὸν
663 4398 761 4467 τῆς
784 4398 925 4451 κατά
953 4376 1087 4451 Θεὸν
1120 4376 1411 4466 πολιτείας.
1458 4403 1635 4475 Ὅπερ

112 4465 161 4564 Pi]
187 4475 268 4564 καὶ
307 4480 510 4547 Παῦλος
542 4487 571 4537 ὁ
602 4465 807 4556 μέγας,
840 4487 935 4539 καὶ
982 4489 1009 4540 ὁ
1036 4488 1344 4557 Βαπτιστὴς
1382 4465 1634 4564 Ἰωάννης

111 4554 345 4662 ξτξοίησεν.
411 4572 496 4625 Ἐν
550 4554 747 4645 Παύλῳ
799 4575 919 4647 μὲν,
962 4554 1388 4650 καθαιρουμένου
1436 4554 1635 4646 παντδξ

114 4647 380 4723 ὖψὼματος,
418 4663 510 4716 τοῦ
548 4666 689 4719 κατά
732 4667 830 4737 τῆς
862 4666 1010 4731 θείας
1054 4647 1305 4738 γνώσεως
1334 4671 1633 4743 ἐπαιρομέο

112 4747 183 4788 νου
203 4757 215 4770 ·
245 4744 338 4799 ὑπὸ
355 4748 409 4801 δὲ
447 4752 713 4819 Ἰωάννου,
742 4756 883 4809 κατὰ
900 4758 997 4828 τὴν
1023 4760 1356 4831 προφητείαν
1389 4761 1632 4827 Ἡσαΐου,

116 4832 276 4896 παντὸς
306 4837 484 4907 ὅρους,
529 4845 622 4897 καὶ¹
656 4844 847 4915 βουνοῦ
886 4848 1023 4919 πρὸς
1061 4849 1121 4902 τὸ
1165 4851 1419 4906 ταπεινὸν
1467 4871 1637 4909 κατα-

116 4925 375 5015 εξπωμένου.
392 4933 466 4985 Δι’
493 4927 568 4988 ὧν
596 4936 957 5008 μανθάνομεν,
981 4940 1063 4993 ὅτι
1088 4942 1197 4994 τῶν
1221 4942 1318 5011 μὲν
1340 4942 1638 5015 ἀνθρώπων

115 5003 372 5111 finitimo;
392 5020 489 5074 οὐκ
516 5003 685 5090 ἔσται,
721 5026 809 5079 ἴνα
939 5027 999 5081 τὸ
1018 5028 1156 5082 θεῖον
1179 5003 1336 5101 ἔργον
1366 5003 1634 5106 ἀχρειωθῇ

198 5106 501 5202 ἁνυπάρκτῳ
529 5115 941 5187 ἀφανιζόμενον.
992 5120 1132 5173 Ἀλλ’
1152 5122 1266 5176 ἀντ’
1289 5125 1467 5178 αὐτῶν
1500 5126 1636 5179 ἀπο-

114 5179 253 5293 λιξται
280 5197 311 5267 ἡ
336 5179 591 5293 agiagi-cia,
761 5179 853 5272 ἐίς
893 5209 953 5261 τὸ
993 5210 1067 5283 μὴ
1117 5210 1179 5264 ὂν
1223 5221 1625 5288 περιστήσεται.

120 5289 137 5325 ί
165 5281 400 5358 Ἀμαρτία
434 5312 452 5344 ι
487 5293 617 5369 γὰρ,
648 5298 834 5368 φησιν,
875 5319 894 5351 ι
931 5281 1196 5373 στόματος
1217 5281 1396 5359 αὐτῶν
1425 5281 1519 5361 καὶ
1544 5309 1630 5362 λό-

116 5376 191 5430 τος
215 5374 414 5441 χειλέων
435 5381 631 5439 αὐτῶν.
672 5404 690 5438 ι
727 5387 837 5440 Καὶ
862 5387 1228 5463 ὑπερηφανία,
1267 5395 1363 5450 καὶ
1383 5396 1515 5469 ἀρά,
1541 5398 1635 5454 και⁹

206 5546 402 5614 “Icari.
426 5574 542 5629 vm,
574 5564 660 5620 ﬂ.
773 5564 872 5620 "ll
912 5566 1038 5624 Cor.
1082 5585 1136 5630 x.
1171 5569 1225 5626 5.

1757 1779 1877 1834 qua:
1903 1773 2053 1819 extra
2084 1765 2356 1820 civitatem
2388 1774 2535 1830 sunt,
2575 1772 2826 1835 occupat,
2881 1764 3033 1818 cauis
3066 1770 3170 1828 est,
3220 1778 3325 1816 non

1753 1856 1937 1921 homo,
1971 1865 2029 1910 ut
2057 1857 2283 1928 proinde
2311 1857 2567 1911 omnibus
2598 1856 2817 1925 planum
2857 1857 2948 1918 sit,
2973 1869 3078 1924 qua
3117 1854 3328 1907 ratione

1752 1947 2062 2003 discernere
2090 1955 2338 2019 oporteat
2369 1962 2553 2011 canes,
2584 1947 2652 2001 ab
2684 1946 2790 1999 illis
2819 1946 2909 2015 qui
2956 1953 3149 1998 natura
3196 1953 3325 1998 sunt

1752 2038 2032 2093 homines:
2069 2054 2179 2093 non
2209 2039 2352 2094 enim
2383 2038 2675 2093 discrimen
2709 2022 2810 2091 hoc
2838 2052 2899 2091 ex
2933 2036 3107 2090 efficta
3130 2050 3324 2105 corpo-

1750 2130 1827 2185 ris
1851 2130 2022 2185 forma
2054 2132 2342 2201 petendum
2366 2138 2471 2196 est,
2488 2131 2585 2185 sed
2608 2147 2672 2185 ex
2690 2129 2990 2184 differentia
3012 2128 3129 2181 vitae
3158 2143 3319 2197 quam

1748 2220 1956 2274 vivunt.
1984 2218 2115 2273 Nam
2140 2221 2231 2290 qui
2266 2220 2499 2276 civitatis
2525 2222 2723 2274 virtute
2752 2220 2990 2290 prmditae
3043 2218 3319 2272 inhabita-

1748 2320 1837 2368 tor
1866 2323 1969 2377 est,
2004 2316 2090 2369 ille
2124 2332 2251 2371 vere
2280 2316 2444 2370 homo
2478 2326 2577 2371 est.
2609 2315 2760 2381 Quod
2792 2314 2834 2370 si
2866 2313 2989 2382 quis
3027 2314 3172 2367 circa
3201 2312 3322 2366 feti-

1749 2408 1871 2461 dam
1906 2408 2397 2476 intemperantiam,
2438 2415 2531 2460 aut
2565 2407 2711 2460 circa
2742 2405 3068 2474 superfluam
3101 2403 3319 2472 cupidi-

1748 2502 1934 2558 tatem,
1965 2511 2126 2564 quam
2156 2497 2279 2565 quis
2314 2497 2530 2565 proprie
2575 2495 2935 2549 nominaverit
2964 2508 3202 2559 caenum,
3235 2493 3320 2547 vel

1749 2587 1803 2639 in
1823 2586 1944 2641 aliis
1960 2586 2322 2656 improbitatis
2349 2587 2638 2659 generibus
2656 2586 2896 2640 studium
2916 2595 2969 2640 et
2996 2584 3316 2638 industriam

1748 2680 1995 2743 collocat,
2024 2688 2176 2733 extra
2199 2680 2461 2735 ambitum
2491 2678 2728 2734 civitatis
2763 2678 2908 2732 illius
2954 2677 3238 2736 oberrans.
3273 2676 3321 2731 is

1746 2770 1815 2824 de
1840 2770 2020 2839 seipso
2046 2770 2192 2824 clara
2224 2785 2355 2825 voce
2376 2778 2624 2835 testatur,
2651 2785 2710 2826 se
2749 2784 2937 2824 canem
2964 2784 3104 2830 esse,
3138 2776 3320 2822 trans—

1748 2859 1976 2915 formata
2018 2861 2130 2924 illa,
2173 2875 2335 2932 quam
2376 2877 2499 2916 cum
2528 2860 2639 2917 Deo
2667 2861 2920 2925 habebat,
2971 2860 3319 2917 similitudine

1748 2951 1804 3004 in
1838 2951 2088 3006 caninam
2113 2960 2383 3005 naturam.
2411 2951 2520 3006 Nec
2534 2961 2636 3018 est,
2655 2952 2796 3022 quod
2831 2966 2928 3021 per
2957 2966 3121 3005 canes
3148 2951 3312 3003 alium

1681 3027 1722 3083 (ἶ
1757 3042 2045 3112 intelligas,
2095 3058 2256 3113 quam
2280 3043 2592 3112 primaevum
2628 3043 2777 3097 illum
2809 3056 3030 3100 canem.
3067 3040 3318 3094 carnivo-

1748 3147 1867 3186 rum
1901 3144 1954 3187 et
1979 3130 2326 3199 homicidam,
2353 3141 2413 3187 ut
2449 3133 2731 3203 Scriptura
2766 3126 3086 3202 loquitur".

1817 3219 2043 3291 Reliqua
2069 3222 2253 3278 itidem
2278 3223 2472 3290 psalmi
2504 3224 2821 3280 describunt
2846 3222 3096 3276 caninam
3128 3221 3312 3275 vitam.

1747 3309 1879 3364 Nam
1907 3312 2027 3366 loco
2054 3313 2287 3369 latratus
2311 3328 2506 3367 sonum
2536 3296 2823 3384 quemdam
2861 3328 2929 3367 ex
2969 3327 3064 3367 ore
3100 3311 3315 3365 illormn

1744 3401 1982 3471 prodire,
2010 3410 2062 3457 et
2091 3403 2212 3457 loco
2265 3403 2507 3459 dentium
2558 3406 2879 3458 caninorum
2930 3403 3167 3473 gladium
3215 3403 3318 3457 sub

1744 3492 1903 3546 labiis
1927 3507 2114 3546 eorum
2138 3493 2513 3548 absconditum
2535 3494 2689 3547 dicit.
2720 3493 2810 3547 Sic
2832 3493 2974 3547 enim
3001 3493 3165 3546 verba
3194 3506 3315 3547 sese

1745 3583 1983 3638 habent:
2023 3582 2194 3639 «Ecce
2218 3585 2509 3653 loquentur
2541 3584 2595 3637 in
2618 3600 2711 3639 ore
2740 3600 2860 3647 suo,
2913 3593 2966 3637 et
2996 3583 3208 3652 gladius
3260 3581 3314 3635 in

1743 3674 1901 3729 labiis
1928 3689 2169 3730 coruum
2199 3672 2303 3728 Sed
2334 3673 2568 3728 terrifica
2602 3673 2716 3727 haec
2742 3673 2886 3727 risus
2909 3678 3037 3727 sunt
3067 3671 3195 3732 illis,
3220 3671 3314 3736 qui

1742 3763 1911 3820 Deum
1944 3780 2126 3819 secum
2158 3764 2391 3830 habent;
2438 3764 2513 3818 ait
2537 3766 2680 3817 enim
2708 3781 2721 3816 :
2777 3780 2793 3813 ι
2815 3762 2880 3816 Et
2913 3771 3001 3829 tu,
3051 3760 3311 3821 Domine,

1740 3855 2013 3911 deridebis
2042 3869 2297 3924 eos;ego
2328 3868 2458 3910 vero
2484 3853 2860 3909 fortitudinem
2912 3867 3085 3907 meam
3133 3850 3199 3904 ad
3259 3861 3311 3905 te

1740 3947 2104 4003 custodiam.»
2144 3946 2206 3999 Et
2237 3955 2361 4016 post
2393 3960 2564 4016 pauca
2598 3945 2983 4017 praesignificat
3033 3943 3309 3999 definitam

1740 4053 1771 4093 a
1803 4037 1914 4093 Deo
1941 4052 2107 4107 super
2131 4052 2230 4093 suo
2252 4036 2508 4108 ﬁgmento
2539 4037 2899 4092 meonomiam
2927 4043 2979 4090 et
3001 4033 3313 4105 dispositio-

1737 4146 1899 4199 nem;
1933 4129 2063 4186 dicit
2098 4132 2239 4185 enim
2267 4148 2280 4183 :
2328 4129 2405 4184 Ne
2428 4129 2647 4185 occidas
2679 4144 2796 4196 eos,
2818 4129 2911 4185 sed
2932 4128 3159 4183 detrahe
3191 4127 3312 4181 illos

1738 4222 1808 4276 ab
1836 4221 2119 4275 altitudine
2145 4220 2364 4275 malitiae
2391 4220 2447 4274 in
2480 4220 2799 4289 aequabilem
2831 4227 2884 4273 et
2913 4218 3127 4288 planam
3157 4216 3305 4271 illam

1736 4310 1952 4365 vivendi
1992 4311 2289 4373 rationem,
2332 4325 2454 4380 quas
2495 4309 2794 4366 secundum
2843 4306 3011 4361 Deum
3058 4306 3304 4360 institui-

1741 4410 1876 4457 tur:
1913 4402 2056 4471 quod
2111 4410 2164 4456 et
2213 4400 2417 4457 Paulus
2473 4415 2703 4471 magnus
2753 4399 2845 4453 ille
2890 4399 3199 4468 apostolus.
3254 4405 3307 4451 et

1756 4489 1994 4546 Joannes
2025 4490 2262 4561 Baptista
2296 4491 2538 4545 fecerunt
2564 4508 2578 4543 :
2614 4487 2816 4542 Paulus
2845 4487 3059 4557 quidem
3091 4488 3183 4557 qui
3214 4486 3310 4541 de-

1741 4579 2164 4634 struxitomnem
2194 4580 2534 4634 altitudinem
2564 4578 2913 4633 extollentem
2953 4594 3011 4633 se
3043 4578 3313 4633 adversus

1740 4671 2025 4726 scientiam
2054 4671 2147 4727 Dei
2166 4672 2239 4738 ¹⁹;
2268 4670 2504 4725 Joannes
2526 4684 2656 4724 vero
2678 4669 2974 4723 secundum
3002 4667 3153 4723 Isaiae
3175 4685 3303 4737 pro-

1740 4765 2019 4836 phetiam,
2073 4778 2264 4818 omnes
2311 4771 2527 4817 montes
2574 4768 2628 4816 et
2680 4761 2848 4815 colles
2902 4760 3208 4813 humiliavit
3252 4768 3307 4814 et

1735 4854 2126 4924 complanavit.
2167 4852 2246 4907 Ex
2277 4853 2478 4923 quibus
2540 4850 2896 4920 intelligimus
2937 4849 3175 4917 ipsorun‘.
3206 4850 3304 4901 ho-

1716 4945 1942 5023 minum
1992 4959 2099 4999 non
2148 4944 2264 4999 fore
2316 4944 2707 5009 abolitionem,
2756 4956 2824 4995 ne
2866 4939 3105 4994 divinum
3164 4955 3306 5009 opus

1735 5036 1928 5092 inutile
1974 5036 2256 5103 reddatur,
2294 5037 2341 5093 si
2378 5036 2587 5092 recidat
2633 5037 2686 5089 in
2741 5033 3000 5099 nihilum,
3044 5031 3137 5086 sed
3182 5031 3304 5086 loco

1733 5128 1976 5198 ipsorum
2010 5128 2210 5196 peribit
2240 5134 2520 5197 peccatum
2542 5166 2556 5190 ,
2586 5133 2641 5181 et
2674 5126 2728 5179 in
2760 5123 2987 5178 nihilum
3018 5131 3305 5177 converte-

1738 5226 1825 5272 tur
1851 5237 1865 5273 :
1902 5237 1922 5273 ι
1951 5218 2215 5295 Delictum
2263 5219 2375 5273 oris
2420 5232 2607 5272 eorum
2629 5254 2643 5280 ,
2673 5235 2692 5268 ι
2724 5215 2898 5284 inquit
2922 5233 2987 5278 ,ιι
3015 5222 3069 5269 et
3120 5229 3303 5270 sermo

1735 5310 2004 5365 lahiorum
2050 5311 2294 5381 ipsorum
2344 5316 2429 5366 est
2457 5328 2476 5361 ι
2508 5307 2802 5378 superbia,
2859 5306 3198 5373 exsecratio,
3247 5314 3302 5358 et

1732 5402 2075 5459 mendacium
2094 5440 2109 5470 ,
2138 5420 2157 5456 ι
2181 5402 2236 5458 in
2282 5402 2362 5459 ira
2395 5399 2886 5460 consummationis
2914 5414 3028 5457 non
3052 5401 3226 5453 erunt.
3278 5409 3297 5443 ι
