3738 5984
420 229 522 284 607

1660 232 1717 287 S.
1754 229 2081 289 GREGORII
2118 231 2408 308 NYSSEENI

3560 222 3645 279 605

419 340 552 406 Quae
579 349 702 395 cum
735 339 969 409 amplius
999 354 1109 395 non
1141 339 1341 395 fuerint
1368 358 1380 394 :
1411 361 1426 392 ι
1448 340 1793 412 Coguoscent
1819 385 1833 409 ,
1861 363 1880 395 ι

2169 342 2300 408 ὖδος,
2331 362 2349 393 ι
2377 344 2434 395 ὲν
2459 344 2522 413 τῇ
2545 305 2681 414 όργῇ
2700 345 2796 413 τῆς
2814 341 3118 403 συντελείας
3133 338 3231 409 οὑχ
3249 336 3599 409 ὑπάρξουσιν.
3630 357 3645 385 ι

418 414 771 502 ςυίιξιςιιία
825 430 967 487 Deus
1015 431 1388 486 dominabitur
1431 431 1633 498 Jacob,
1688 443 1742 489 et
1791 434 1982 489 ﬁnium

420 531 583 576 terra;
604 565 620 588 ,
649 542 667 575 ι
691 524 841 577 nulla
875 524 1024 577 enim
1062 538 1293 592 usquam
1334 524 1526 579 relicta
1559 525 1766 579 malitia
1792 564 1808 590 ,
1865 541 1984 580 om-

417 614 569 666 nium
627 614 817 667 finium
866 626 1061 683 rector,
1087 614 1350 671 Dominus
1401 616 1538 683 erit,
1586 631 1710 670 cum
1748 631 1813 671 ea
1862 632 1985 686 qua:

418 718 565 758 nunc
599 705 786 760 multis
830 704 1061 775 imperat
1107 706 1400 776 iniquitas,
1428 705 1496 761 de
1530 707 1709 762 medio
1740 707 1979 761 tolletur.

419 793 623 848 Deinde
652 810 847 851 rursus
881 812 1190 851 sermonem
1223 798 1418 869 repetit
1448 797 1514 852 de
1543 799 1774 854 canibus
1798 799 1864 853 iis
1889 796 1984 868 qui

425 903 444 935 ι
471 885 536 939 ad
564 901 846 957 vesperam
873 896 1274 953 convertentur,
1305 907 1322 938 ι
1343 888 1545 958 quique
1567 889 1811 944 esurient
1837 904 1986 945 more

419 991 616 1031 canum
640 1017 654 1042 ,
682 978 1066 1049 civitatemque
1104 979 1451 1043 circuibunt;
1503 980 1852 1035 manifestum
1897 996 1988 1034 ar-

420 1066 595 1120 bitror
626 1082 692 1122 ex
722 1068 824 1122 hac
853 1068 1122 1124 sermonis
1154 1068 1441 1123 iteratione
1464 1108 1479 1132 ,
1526 1068 1778 1122 homines
1819 1067 1872 1121 in
1907 1067 1987 1121 al-

418 1165 666 1222 terutro,
699 1175 793 1214 seu
839 1160 1013 1225 bono,
1062 1175 1157 1215 seu
1197 1160 1370 1223 malo,
1403 1160 1458 1213 in
1489 1174 1597 1229 quo
1626 1173 1774 1213 nunc
1816 1164 1981 1220 sunt,

420 1245 540 1300 fore
588 1247 771 1301 itidem
824 1255 947 1316 post
994 1248 1134 1301 hanc
1175 1247 1380 1301 vitam:
1415 1247 1508 1316 qui
1543 1246 1687 1301 enim
1734 1262 1880 1300 nunc
1930 1246 1985 1301 in

420 1336 732 1406 impietate,
763 1339 920 1407 quasi
947 1338 1001 1392 in
1033 1338 1264 1393 circuitu
1296 1337 1570 1405 ambulat,
1611 1352 1785 1406 neque
1811 1338 1865 1391 in
1895 1337 1987 1390 illa

419 1428 642 1481 civitate
664 1428 842 1496 degit,
862 1445 1039 1499 neque
1061 1430 1359 1483 humanum
1386 1422 1757 1482 characterem
1783 1429 1836 1482 in
1870 1443 1989 1498 pro-

419 1518 535 1586 pria
570 1519 675 1572 vita
708 1521 980 1588 custodit,
1017 1521 1113 1576 sed
1144 1520 1424 1586 cﬂeratur,
1454 1521 1719 1589 canisque
1754 1519 1988 1574 efﬁcitur

421 1611 698 1666 voluntate
727 1621 779 1666 et
811 1614 1089 1683 proposito
1115 1631 1130 1681 ;
1166 1613 1214 1668 is
1244 1621 1299 1668 et
1328 1628 1476 1668 nunc
1513 1628 1543 1666 a
1584 1627 1820 1682 superna
1854 1612 1989 1667 civi.-

420 1711 534 1757 tate
560 1704 819 1759 excidens
843 1746 855 1769 ,
889 1705 1131 1759 omnium
1167 1705 1437 1759 bonorum
1470 1704 1698 1774 penuria
1728 1705 1802 1758 'et
1846 1702 1987 1757 fame

420 1796 699 1865 punietur.
728 1798 797 1849 At
833 1797 927 1866 qui
956 1797 1233 1851 contraria
1265 1792 1435 1851 vincit
1456 1837 1470 1861 ,
1509 1794 1861 1866 proceditque
1889 1794 1989 1865 (ut

423 1888 549 1940 alibi
620 1887 909 1945 Psalmista
955 1888 1272 1960 loquitur),
1310 1888 1419 1945 «de
1467 1889 1666 1943 virtute
1712 1889 1767 1943 in
1817 1888 1990 1942 virtu-

421 1986 531 2034 tem
553 1980 652 2046 ",t
679 1981 1067 2051 victoriamque
1086 1981 1245 2037 aliam
1277 1982 1380 2035 alia
1410 1986 1701 2051 permutat,
1727 1980 1795 2043 is,
1821 1978 1992 2033 «Can-

423 2071 586 2135 tabo,
621 2091 638 2123 ι
667 2072 772 2138 ait,
801 2092 819 2126 ι
852 2074 1157 2129 fortitudini
1195 2083 1337 2138 tuae;
1375 2056 1661 2129 exsulta‘bo
1688 2087 1849 2126 mane
1882 2070 1990 2124 mi-

423 2166 777 2222 sericordiam
811 2176 989 2233 tuam,
1023 2187 1040 2219 ι
1072 2167 1330 2237 quoniam
1372 2167 1551 2223 factus
1582 2181 1641 2221 es
1686 2164 1909 2234 adjutor
1939 2171 1994 2217 et

424 2256 691 2327 refugium
721 2274 897 2312 meum
918 2299 933 2319 ,
967 2268 1019 2313 et
1046 2267 1098 2314 te
1125 2258 1279 2315 decet
1309 2244 1479 2330 gloria
1506 2258 1561 2311 in
1593 2257 1791 2313 saecula
1821 2269 1995 2312 saecu-

425 2346 623 2403 lorum.
656 2349 849 2402 Amen.

497 2504 545 2536 ³³
576 2503 718 2559 Psal.
752 2520 956 2559 uuln
979 2545 992 2567 ,
1025 2503 1078 2558 8.

2085 427 2186 487 Ὧν
2218 433 2414 503 μηκέτι
2446 432 2667 497 δντων,‹
2696 432 3055 497 Γνὼσονται,›
3084 433 3270 502 φησιν,
3305 450 3323 482 ι
3356 431 3434 483 ὅτι
3461 431 3492 482 ὁ
3526 429 3648 491 Θεὸς

2085 528 2332 593 δεσπόζει
2360 527 2455 581 τοῦ
2480 528 2694 593 Ἰακὼϐ,
2717 530 2810 583 καὶ
2825 529 2932 582 τῶν
2951 528 3202 597 περάτων
3228 528 3327 598 τῆς
3347 532 3466 598 γῆς.
3499 552 3518 584 ι
3543 536 3649 606 Mq-

2085 616 2272 688 δαμῶς
2297 617 2407 689 γὰρ
2442 619 2873 695 ὑπολειφθείσης.
2901 618 3116 682 κακίας,
3134 618 3355 682 πάντως
3379 618 3533 686 ἔσται
3555 623 3652 674 τῶν

2086 709 2336 779 περάτων
2348 710 2609 780 δεσπότης
2624 711 2652 761 ὁ
2672 709 2891 778 Κύριος,
2917 708 3015 777 τῆς
3034 705 3129 760 νῦν
3148 706 3541 777 βασιλευούσης
3553 710 3651 761 τῶν

2086 802 2292 855 πολλῶν
2310 801 2583 872 ἁμαρτίας
2604 801 2667 852 ὲκ
2689 798 2864 851 ποδῶν
2880 793 3333 869 γενομένηςΕἷτα
3359 796 3516 850 πάλιν
3526 796 3652 868 [τοι]

2087 894 2247 947 αὑτὸν
2270 890 2712 961 ὲπαναλαμὸἀνει
2745 888 2902 958 λόγον
2922 887 3047 958 περὶ
3058 885 3202 939 τῶν(
3223 887 3650 955 ἐπιστρεφόντων

2086 979 2465 1051 εἰςὲσπὲραν,›
2481 975 3043 1047 καὶλιμωττόντωνὼς
3055 975 3252 1041 κυνῶν,
3272 978 3368 1030 καὶ¹
3384 983 3441 1032 ὲν
3476 980 3651 1049 κύκλῳ

2086 1071 2522 1144 περιερχομένων
2548 1069 2647 1140 τὴν
2673 1068 2826 1121 πόλιν
2845 1065 3086 1139 ·-δηλῶν,
3120 1065 3290 1140 οἶμαι,
3312 1070 3402 1123 διὰ
3432 1070 3533 1138 τῆς
3565 1070 3649 1124 τοῦ

2086 1165 2247 1233 λόγου
2281 1162 2687 1234 ἐπαναλήψεως,
2721 1161 2802 1214 ὅτι
2836 1159 2957 1214 καθ’
2987 1162 3243 1232 ἑκάτερον
3280 1162 3332 1214 οἱ
3381 1161 3651 1232 ἄνθρωποι

2087 1256 2231 1310 κατὰ
2259 1272 2318 1308 τε
2346 1255 2407 1308 τὺ
2447 1254 2677 1325 πονηρόν
2716 1254 2809 1306 καὶ
2862 1252 2923 1305 τὸ
2952 1255 3217 1324 κρεῖττον,
3246 1254 3303 1306 ὲν
3341 1247 3425 1315 οἷς
3472 1253 3536 1307 ἂν
3573 1252 3652 1305 νῦν

2086 1347 2369 1416 γένωνται,
2404 1347 2461 1398 ἐν
2489 1346 2598 1408 τοῖς
2624 1345 2807 1408 αὐτοῖς
2840 1344 2935 1396 καὶ⁹
2957 1344 3095 1413 μετὰ
3114 1343 3285 1397 ταῦτα
3313 1347 3650 1413 γενήσονται.

2101 1436 2159 1489 '0
2178 1436 2286 1507 γὰρ
2315 1434 2408 1488 νῦν
2429 1434 2494 1487 δι’
2523 1433 2774 1496 ἀσεϐείας
2801 1432 2984 1502 κύκλῳ
3011 1433 3347 1504 περιπατῶν,
3379 1433 3456 1502 μὴ
3482 1432 3656 1503 ἐμϐιο-

2087 1522 2259 1574 τεὺων
2289 1523 2354 1591 τῇ
2402 1519 2582 1582 πόλει,
2624 1518 2757 1589 μηδὲ
2793 1517 2885 1570 τὸν
2917 1515 3254 1589 ἀνθρώπινον
3283 1517 3376 1569 ἐπὶ
3406 1517 3503 1570 τοῦ
3535 1516 3654 1569 ιδίας.

2092 1612 2205 1682 βίου
2232 1610 2553 1683 χαρακτῆρα
2574 1608 2883 1679 φυλάσσων,
2912 1607 3046 1660 ἀλλὰ
3078 1606 3376 1677 ἀποθηριοὺ
3386 1623 3550 1676 μενος
3578 1606 3657 1657 διὰ

2090 1709 2187 1778 τῆς
2210 1706 2600 1777 προαιρέσεως,
2633 1704 2727 1757 καὶ
2745 1698 2895 1755 κύων
2919 1700 3227 1770 γενόμενος,
3246 1692 3401 1762 οὗτος
3423 1700 3520 1751 καὶ
3546 1699 3655 1751 τότε

2091 1800 2193 1870 τῆς
2224 1799 2334 1853 ἄνω
2364 1798 2586 1861 πόλεως
2611 1792 2882 1858 ἐκπεσὼν,
2919 1795 2975 1845 ὲν
3002 1790 3146 1862 λιμῷ
3174 1791 3282 1843 τῶν
3313 1789 3543 1859 ἀγαθῶν
3576 1806 3658 1842 xo-

2093 1888 2439 1959 λασθήσεται.
2483 1887 2540 1938 Ὀ
2560 1885 2616 1938 δὲ
2642 1884 2866 1954 νικητὴς
2895 1879 3002 1935 τῶν
3030 1881 3285 1934 ἐναντίων
3332 1880 3432 1933 καὶ
3469 1879 3657 1949 προῖὼν

2099 1977 2314 2050 (καθώς
2346 1993 2511 2045 φησιν
2548 1973 2774 2046 ἑτέρωθί
2827 1989 2930 2025 που
2959 1972 2988 2024 ό
3018 1970 3391 2041 Ψαλμῳδὸςμ
3423 1967 3493 2018 ὲκ
3515 1968 3659 2020 δυνά.-

2102 2085 2247 2140 μεως
2275 2070 2354 2130 εἰς
2389 2063 2639 2136 δύναμιν,
2661 2067 2786 2120 »καὶ
2806 2063 2955 2133 νίκην
2987 2060 3420 2131 διαμειδόμενος,
3465 2078 3485 2110 ι
3519 2059 3661 2131 ’ᾼσθ-

2102 2177 2221 2232 μαι,
2250 2178 2268 2210 ι
2301 2158 2471 2227 λέγει,
2508 2173 2527 2207 ι
2568 2158 2634 2226 τῇ
2663 2155 2889 2226 δυνάμει
2921 2170 3035 2218 σου,
3065 2156 3160 2206 καὶ
3182 2150 3587 2220 ἀγαλλιάσομαι
3612 2149 3663 2200 τὸ

2098 2251 2244 2325 πρωῒ
2291 2250 2352 2304 τὸ
2402 2248 2549 2311 ἔλεός
2597 2264 2705 2300 σου.
2772 2266 2791 2298 ο
2840 2247 2961 2299 Ὅτι
3010 2243 3273 2315 ὲγενήθης
3320 2242 3659 2313 ἀντιληπτωρ

2104 2360 2226 2414 μου,
2259 2342 2353 2395 καὶ
2385 2340 2673 2410 καταφυγή
2721 2356 2822 2409 μου
2845 2377 2859 2402 ,
2892 2337 2985 2390 καί
3017 2353 3097 2389 σοι
3128 2335 3328 2407 πρέπει
3357 2336 3391 2405 ἡ
3433 2333 3563 2397 δόξα
3592 2332 3660 2391 εἰς

2099 2433 2225 2496 τοὺς
2259 2431 2457 2494 αἰῶνας
2482 2430 2588 2483 τῶν
2619 2428 2847 2483 αἰώνων.
2890 2426 3080 2498 Ἀμήν.

429 2634 3659 2672 W

925 2768 1151 2854 ΤΟΥ
1220 2764 1596 2856 ΑΥΤΟΥ
1669 2766 1840 2852 ΕΙΣ
1910 2766 2137 2851 TON
2209 2764 2401 2849 ΕΚἾ

1705 2766 1840 2852 ΕΙΣ
1910 2766 2137 2851 TON
2209 2764 2586 2849 EKTON
2658 2688 3181 2851 ΨΑΛΜΟΝ,

1701 2945 1881 3001 ΠΕΡΙ
1918 2946 2056 2999 ΤΗΣ
2095 2943 2230 2996 ΟΓΔ
2239 2944 2399 2997 ΟΗΣ.

901 3247 919 3253 ’
1016 3256 1553 3347 EJUSDEM
1636 3256 1759 3347 IN
1862 3253 2346 3345 SEXTUM
2463 3245 3083 3370 PSALMUM,

1809 3446 1924 3507 DE
1956 3442 2298 3507 OCTAVA.

1663 3597 1928 3647 Laurentio
1954 3596 2120 3646 Sifano
2143 3598 2435 3658 interprete.

510 3904 614 3973 Qui
667 3900 966 3958 secundum
1020 3896 1392 3967 pr0pheticam
1445 3893 1877 3949 Jenchctioncm
1935 3907 2002 3945 ex
2073 3893 2081 3899 '

2048 3764 2115 3781 ﬂ

2182 3895 2244 3946 Οἱ
2296 3892 2359 3945 ἐκ
2405 3891 2686 3961 δυνάμεως
2731 3892 2809 3954 εἰς
2849 3889 3076 3960 δύναμιν
3131 3890 3512 3961 πορευόμενοι,
3546 3886 3666 3941 κατὰ
3699 3897 3710 3910 '

439 3970 646 4055 virtute
674 3996 730 4050 in
760 3995 1019 4049 virtutem
1047 3988 1491 4059 progrediuntur,
1521 3995 1684 4055 atque
1712 3984 1915 4055 prazcla

2189 4002 2207 4036 ν
2239 3982 2580 4052 προφητικὴν
2614 3981 2880 4048 εὑλογίαν,
2930 3980 3022 4033 καὶ
3053 3979 3151 4044 τὰς
3196 3980 3365 4043 καλὰς
3396 3981 3665 4038 ἀναϐάσεις

442 4104 704 4147 ascensus
756 4088 812 4141 in
847 4083 1107 4140 cordibus
1150 4082 1266 4137 suis
1306 4081 1603 4151 disponunt
1628 4080 1697 4146 ",
1750 4095 1873 4135 cum
1911 4079 2009 4133 ali-

443 4197 605 4253 quem
635 4180 837 4234 bonum
868 4176 1205 4231 intellectum
1236 4171 1711 4243 apprehenderint,
1759 4188 1856 4241 per
1883 4187 2008 4226 eum

445 4273 513 4328 ad
552 4272 926 4328 sublimiorem
958 4268 1289 4339 intellectum
1322 4264 1477 4335 quasi
1510 4280 1675 4318 manu
1699 4264 2004 4329 ducuntur;

444 4382 542 4437 per
568 4380 730 4435 quem
782 4362 976 4416 anima:
1022 4358 1311 4414 conficitur
1342 4372 1604 4413 ascensus
1642 4357 1697 4411 in
1739 4356 2007 4422 sublime;

447 4468 609 4527 atque
644 4457 718 4509 ita
742 4455 836 4524 qui
866 4468 1081 4522 semper
1106 4450 1172 4504 ad
1196 4465 1257 4504 ea
1282 4465 1404 4521 qua
1438 4458 1565 4502 sunt
1595 4448 1800 4518 priora,
1833 4462 1892 4501 se
1917 4462 2012 4500 ex-

445 4548 620 4603 tendit
641 4547 707 4612 ",
767 4557 1045 4613 nunquam
1096 4557 1124 4594 a
1179 4541 1320 4596 bona
1377 4539 1699 4594 ascensione
1750 4536 2008 4601 cessabit,

447 4642 575 4696 dum
611 4651 825 4707 semper
862 4650 956 4704 per
983 4634 1288 4688 intellectus
1331 4632 1615 4695 sublimes,
1648 4628 1717 4683 ad
1743 4642 2010 4698 superno-

447 4747 569 4787 rum
596 4729 813 4785 ducitur
834 4725 1344 4797 contemplationem
1375 4734 1429 4778 et
1459 4722 2008 4777 animadversionem.

449 4824 575 4878 llaec
614 4822 748 4886 dixi,
800 4819 1018 4881 fratres.
1069 4818 1136 4873 ad
1184 4832 1301 4881 vos,
1333 4825 1485 4871 sexto
1530 4814 1737 4885 psalmo
1776 4820 2012 4867 mentem

450 4915 737 4979 adhibens,
795 4920 849 4967 et
894 4912 1258 4966 necessariam
1307 4907 1517 4963 ordinis
1566 4905 2014 4975 consequentiam

450 5024 701 5073 cernens,
735 5003 1191 5076 quemadmodum
1216 5011 1340 5071 post
1359 5015 1478 5055 eam
1503 5014 1624 5069 quae
1647 4998 2013 5052 hareditatem

452 5100 826 5171 consequitur,
880 5095 949 5151 de
991 5092 1193 5149 Octava
1226 5092 1381 5146 nobis
1415 5105 1594 5146 sermo
1633 5089 1881 5158 adjectus
1916 5086 2013 5141 sit.

452 5193 690 5247 Prorsus
718 5197 898 5244 autem
930 5186 1247 5258 mysterium
1269 5181 1485 5237 Octava:
1507 5181 1552 5212 ³⁸
1586 5196 1692 5233 ιιοιι
1727 5177 2013 5248 ignoratis.

2115 4075 2172 4127 ὲν
2218 4075 2336 4136 ταῖς
2375 4073 2582 4127 ἑαυτῶν
2625 4072 2873 4143 καρδίαις
2919 4070 3297 4142 διατιθέμενοι,
3332 4071 3409 4124 ὅτ’
3436 4073 3507 4126 ἄν
3546 4084 3666 4128 τινκ

2116 4166 2323 4234 ἀγαθοῦ
2380 4168 2650 4237 νοήματος
2702 4165 3033 4236 δράξωνται,
3095 4164 3559 4234 χειραγωγοῦνται
3611 4160 3665 4212 δι’

2119 4256 2326 4311 ἐκείνου
2377 4258 2510 4326 πρὸς
2560 4255 2887 4327 ὑψηλότερον
2926 4255 3103 4325 νόημα
3150 4254 3219 4306 δι’
3264 4245 3325 4305 οὑ
3377 4254 3576 4321 γίνεται
3610 4250 3663 4315 ’τῇ

2117 4349 2261 4419 ψυχῇ
2311 4349 2345 4418 ἡ
2391 4347 2484 4399 ἐπὶ
2530 4344 2590 4398 τὸ
2646 4345 2777 4415 ὕψος
2824 4345 3107 4408 ἀνάϐασις.
3156 4344 3266 4398 Καὶ
3305 4342 3482 4408 οὕτως
3528 4344 3554 4394 ό
3595 4341 3666 4393 ἀεὶ

2115 4446 2229 4505 τοῖς
2269 4438 2576 4512 ἔμπροσθεν
2623 4437 3097 4509 ἐπεκτεινόμενος,
3134 4436 3392 4489 οὐδέποτε
3418 4437 3515 4502 τῆς
3550 4436 3667 4500 ἀγα-

2118 4532 2216 4601 Θῆς
2260 4530 2447 4585 ἀνόδου
2490 4527 2793 4590 παύσεται,
2830 4527 2916 4579 ἀεὶ
2965 4524 3054 4578 διὰ
3083 4524 3191 4578 τῶν
3223 4525 3449 4596 ὑψηλῶν
3490 4521 3667 4592 νοημά-

2116 4638 2223 4674 των
2270 4619 2405 4688 πρὸς
2451 4618 2550 4687 τὴν
2597 4617 2704 4672 τῶν
2735 4609 3146 4688 ὑπερκειμένων
3198 4614 3525 4686 κατανόησιν
3566 4612 3668 4677 ὁδη-

2117 4711 2401 4781 γοὺμενος.
2434 4709 2619 4764 Ταῦτα
2647 4704 2819 4771 εἷπον,
2864 4706 3115 4777 ἀδελφοὶ,
3140 4704 3217 4775 τῷ
3246 4706 3394 4776 ’ἐκτῳ
3424 4706 3528 4758 τῶν
3560 4700 3669 4771 ψιλ-

2120 4802 2234 4874 μῶν
2263 4801 2540 4873 προσέχων
2577 4799 2672 4871 τὴν
2715 4799 2970 4863 διάνοιαν,
3019 4799 3113 4851 καί
3162 4796 3374 4868 βλέπων
3417 4798 3514 4867 τὴν
3559 4796 3667 4847 ἁνα-

2118 4894 2315 4962 γκαίαν
2345 4893 2441 4963 τῆς
2471 4891 2675 4956 τάξεως
2695 4889 3036 4955 ἀκολουθίαν,
3066 4890 3183 4952 πῶς
3232 4887 3373 4957 μετὰ
3413 4890 3510 4958 τὴν
3541 4886 3669 4953 Κλη-

2122 4984 2450 5059 ρονομοῦσαν
2469 4986 2497 5036 ὁ
2518 4983 2763 5054 περὶτῆς
2788 4981 3009 5052 Ὀγδόης
3033 4981 3163 5051 ἡμῖν
3189 4980 3492 5050 προσετέθη
3516 4977 3669 5043 λόγος.

2122 5077 2342 5138 Πάντως
2365 5075 2422 5127 δὲ
2447 5076 2546 5129 οὑκ
2562 5076 2804 5141 ἀγνοεῖτε
2820 5072 2992 5142 τὸτῆς
3031 5071 3249 5140 Ὀγδόης
3277 5075 3584 5143 μυστήριον.
3607 5065 3667 5117 Οὐ

2122 5169 2229 5240 γὰρ
2271 5166 2334 5238 δὴ
2374 5166 2508 5238 πρὸς
2548 5164 2843 5227 Ἰουδαῖκὰς
2874 5162 3166 5233 ὑπολήψεις
3199 5162 3344 5225 εἰκός
3395 5165 3535 5214 ἐστιν
3563 5159 3664 5211 ὑπο·

453 5282 573 5337 Non
606 5282 750 5337 enim
783 5279 967 5348 utique
995 5275 1250 5332 convenit
1279 5271 1663 5328 nonnullorum
1688 5258 1919 5323 meu'tem

2187 5258 2385 5331 ἔρεσθαι
2427 5273 2585 5310 τινων
2620 5252 2716 5321 τὴν
2758 5256 3014 5310 διάνοιαψ
3054 5255 3102 5307 οἳ
3143 5254 3270 5312 περὶ
3298 5253 3365 5307 τὰ
3409 5253 3663 5321 ἀσχήμονα

450 5368 763 5447 Iudaeorum
809 5365 1086 5421 labascere
1113 5373 1166 5418 et
1204 5361 1317 5432 rapi
1353 5361 1665 5431 Opinioncs,
1700 5359 1793 5427 qui
1828 5357 1893 5410 ad
1932 5358 2019 5411 in-

458 5460 686 5515 dceoras
737 5457 985 5526 corporis
1035 5453 1209 5511 nostri
1264 5460 1469 5524 partes,
1529 5449 1774 5520 mysterii
1807 5447 2023 5502 Octava:

567 5617 610 5649 "
646 5621 785 5678 Psal.
810 5637 1036 5688 umu,
1073 5621 1184 5676 6-8.
1298 5621 1340 5651 ²¹
1367 5617 1702 5688 Philippm],
1734 5616 1816 5671 l3.

2126 5351 2219 5403 τοῦ
2253 5347 2501 5418 σώματος
2520 5347 2670 5416 ἡμῶν
2702 5347 2764 5399 τὸ
2787 5345 3126 5417 μεγαλοφυὲς
3152 5344 3244 5398 τοῦ
3273 5344 3564 5415 μυστηρίου
3586 5337 3666 5404 τῆς

2142 5441 2365 5511 ὐγδόης
2395 5436 2752 5509 κατάγοντες,
2793 5438 2881 5493 τδν
2910 5436 3010 5510 τῆς
3039 5435 3341 5508 περιτομῆς
3370 5435 3548 5506 νόμον,
3592 5422 3665 5477 καὶ

1929 5614 1971 5646 ⁸³
1997 5612 2140 5669 Psal.
2179 5628 2231 5674 v,
2274 5612 2319 5665 l.
