3766 5986
84 165 148 217 6
161 166 226 219 09
1545 170 1571 227 Ῐ

1902 167 1986 225 )S.
3285 182 3389 240 6l0

80 279 180 331 τὸ
211 276 355 348 μετά
381 278 479 348 τὴν
526 278 741 351 λοχείαν
799 280 1115 354 καθάρσιον,
1151 283 1244 338 καὶ
1284 284 1352 338 τὰ
1374 286 1559 339 τοιαῦτ

1909 284 2192 340 :ellcnliam
2247 281 2607 349 deducentes,
2669 282 3112 343 circumcisionis
3167 296 3223 344 et
3274 302 3396 362 post

83 383 277 435 γουσι
298 370 377 440 τῷ
402 371 624 442 ἀριθμῷ
649 375 748 443 τῆς
783 373 1004 444 Ὀγδόης
1020 376 1485 446 καταμηνύεσθαι.
1522 378 1570 430 Ἥ

1906 374 2165 446 :rperinm
2207 374 2608 445 puriﬁcationis
2665 374 2861 443 legem,
2923 391 2986 430 ac
3038 378 3162 432 talia
3201 378 3393 435 dicunt

86 459 172 513 δὲ
205 464 361 531 παρά
388 462 483 515 τοῦ
522 463 759 532 μεγάλου
790 464 1004 518 Παύλου
1043 466 1334 535 μαθόντες,
1370 468 1452 521 ὅτι
1496 470 1524 521 6
1549 486 1573 520 ν

1909 479 2046 520 uero
2084 461 2303 520 Octava:
2354 461 2674 532 signiﬁcari.
2711 460 2824 517 Nos
2875 470 3057 517 autem
3110 479 3140 517 a
3170 480 3396 536 .magno

99 553 495 625 πνευματικός
529 556 668 619 ἑστι,
709 556 813 610 κᾶν
840 560 899 610 ὲν
938 561 1051 621 τοῖς
1084 558 1500 629 μνημονευθεῖσι
1528 559 1586 612 νό

1909 557 1985 610 ilo
2032 556 2201 622 docti,
2248 554 2393 625 quod
2426 554 2512 609 lex
2541 553 2844 624 spiritualis
2875 554 3035 619 sit“,
3077 555 3293 612 etiamsi
3342 559 3396 613 iu

92 648 145 700 ὁ
175 645 413 717 ἀριθμὸς
439 641 597 710 οὗτος
639 647 970 718 ἐμφέρηται,
1021 649 1327 719 νομοθετῶν
1365 649 1460 703 καὶ
1491 649 1568 720 τῷ

1913 646 2133 700 moratis
2178 646 2391 715 legibus
2417 644 2510 698 hic
2552 659 2817 700 numerus
2847 646 3216 711 contineatur,
3260 663 3400 717 prte-

109 737 239 807 ρενι
269 737 369 807 τὴν
417 739 741 810 περιτομὴν,
779 740 875 793 καὶ
904 742 969 811 τῇ
1015 742 1234 808 γυναικὶ
1279 740 1378 812 τὴν
1407 741 1500 793 ἐπὶ
1545 740 1715 793 καθα-

102 826 324 897 ρισμοῦ
372 828 564 881 θυσίαν
589 845 602 859 ·
652 828 777 881 οὕτε
806 829 1186 900 ἀποϐάλλομεν
1224 830 1315 883 τὸν
1356 830 1541 901 νόμον,
1587 827 1713 881 οὔτε

96 918 397 982 ⁸ταπεινῶς
435 918 766 991 ἑκδεχόμεθα
787 959 802 982 ,
838 920 1038 983 εἰδότες
1066 960 1078 985 ,
1112 923 1195 975 ὅτι
1219 920 1435 992 ἀληθῶς
1462 924 1526 993 τῇ
1554 921 1714 993 ὀγδόῃ

102 1009 335 1077 γίνεται
363 1011 396 1079 ἠ
422 1009 651 1082 ἀληθινὴ
666 1011 960 1083 περιτομὴ,
983 1011 1071 1065 διὰ
1103 1013 1201 1082 τῆς
1232 1011 1491 1082 πετρίνης
1520 1011 1717 1082 μαχαί-

107 1117 226 1172 ρας
251 1101 645 1171 ἐνεργουμένη.
672 1102 833 1165 Νοεῖς
860 1102 916 1154 δὲ
941 1096 1157 1165 πάντως
1180 1103 1269 1157 διά
1294 1103 1391 1174 τῆς
1410 1102 1717 1173 τεμνούσης

102 1193 176 1246 τὸ
206 1193 526 1263 ἀκάθαρτον
560 1194 787 1265 πέτρας,
831 1194 999 1266 αὐτὴν
1022 1195 1123 1267 τὴν
1162 1196 1368 1267 πέτραν
1415 1196 1536 1265 ἥτις
1567 1195 1716 1249 ἐστὶν

103 1285 141 1336 ὁ
179 1281 429 1352 Χριστὸς
448 1324 462 1348 ,
492 1285 771 1353 τουτέστι,
812 1286 915 1357 τῆς
946 1286 1204 1359 ἀληθείας
1233 1289 1261 1341 6
1294 1287 1471 1356 λόγος·
1501 1287 1596 1341 καὶ⁵
1634 1287 1717 1341 ὅτι

106 1373 249 1425 τότε
300 1373 536 1427 παύεται
578 1375 611 1444 ἡ
662 1376 890 1446 ῥυπῶσα
927 1376 1034 1429 τῶν
1075 1375 1168 1430 τοῦ
1225 1376 1341 1447 βίου
1380 1375 1718 1447 πραγμάτων

114 1464 323 1534 ῥύσις,
390 1466 490 1536 τῆς
538 1465 884 1543 ἀνθρωπίνης
941 1467 1085 1538 ζωῆς
1141 1467 1721 1540 μεταστοιχειωθείσης

113 1556 269 1627 πρὸς
331 1557 391 1609 τὸ
453 1558 744 1629 θειότερον.
810 1559 897 1622 Ὠς
942 1558 993 1612 δ’.
1022 1559 1086 1613 ἂν
1129 1561 1263 1613 πᾶσι
1312 1560 1524 1629 γένοιτο
1561 1559 1719 1630 δῆλον

1817 737 2069 793 scribens
2123 742 2179 791 et
2227 735 2476 790 masculo
2506 734 3015 799 circumcisionem,
3074 743 3128 791 et
3181 739 3400 793 mulieri

1818 825 2217 898 puriﬁcationis
2277 826 2498 881 nomine
2550 826 2882 881 sacriﬁcium
2931 835 2985 882 et
3040 828 3399 895 oblationem,

1819 934 2000 989 neque
2029 917 2224 972 humili
2252 924 2416 987 atque
2440 918 2651 988 abjecta
2680 926 2863 991 mente
2887 934 3007 974 eam
3032 919 3401 988 admittimus,

1820 1011 2060 1067 scientes
2093 1010 2239 1080 quod
2292 1010 2487 1080 procul
2542 1010 2710 1065 dubio
2749 1020 2944 1066 octavo
2992 1011 3079 1066 die
3126 998 3263 1068 vera
3293 1013 3404 1068 cir-

1818 1101 2084 1158 cumcisio
2134 1100 2249 1166 ﬁat,
2280 1116 2401 1172 qua!
2433 1117 2531 1172 per
2568 1100 2843 1172 lapideum
2876 1102 3115 1157 cultrum
3168 1103 3406 1158 admini-

1820 1201 2050 1249 stratur.
2087 1192 2351 1264 Intelligis
2382 1200 2564 1247 autem
2608 1209 2835 1264 prorsus
2881 1209 2980 1264 per
3035 1194 3271 1264 lapidem
3311 1197 3407 1267 qui

1823 1286 2097 1356 impurum
2150 1292 2202 1339 et
2256 1285 2597 1339 immundum
2634 1284 2856 1351 scindit,
2911 1286 3092 1355 ipsum
3141 1286 3403 1356 lapidem,

1823 1377 1916 1446 qui
1952 1382 2035 1431 est
2064 1374 2320 1430 Christus
2343 1376 2410 1438 ³⁸,
2442 1376 2546 1430 hoc
2586 1382 2669 1429 cst
2692 1376 2938 1430 veritatis
2965 1389 3167 1439 sermo,
3188 1377 3403 1447 etquod

1826 1477 1959 1522 tunc
2015 1467 2254 1521 humana
2290 1466 2400 1520 vita
2457 1466 2525 1520 ad
2574 1467 2896 1522 diviniorem
2928 1477 2981 1523 et
3029 1469 3408 1539 augustiorem

1826 1557 2057 1615 formam
2084 1556 2357 1624 traducta,
2387 1556 2606 1612 ﬁnietur
2632 1559 2887 1614 sordidus
2916 1563 3257 1631 negotiorum
3282 1562 3410 1617 vita:

108 1644 180 1695 τὸ
224 1644 286 1696 ἑν
334 1645 447 1706 τοῖς
492 1644 753 1707 τοιούτοις
791 1643 1115 1715 νοούμενον,
1164 1646 1515 1719 σαφέστερον,
1573 1647 1595 1700 ε

1923 1665 2030 1703 tus.
2077 1646 2148 1702 Ut
2192 1623 2372 1701 autem
2412 1648 2666 1702 omnibus
2701 1623 3053 1704 manifestuvm
3093 1649 3212 1717 ﬁat,
3262 1651 3410 1721 quod

110 1732 187 1785 ἂν
228 1728 346 1798 οἷός
378 1751 438 1787 τε
464 1732 542 1797 ὦ,
568 1735 658 1788 τὸν
685 1735 841 1804 λόγον
869 1736 1192 1807 ἐκθήσομαι.
1234 1738 1294 1792 '0
1328 1737 1423 1792 τοῦ
1460 1738 1576 1809 βίου
1607 1736 1726 1791 τού-

114 1838 222 1875 του
272 1824 468 1894 χρόνος
515 1825 572 1877 ἑν
622 1826 689 1898 τῇ
748 1825 943 1900 πρώτῃ
990 1827 1323 1901 δημιουργία
1363 1829 1464 1902 τῆς
1492 1829 1726 1893 κτίσεως

113 1913 215 1967 διὰ
247 1918 380 1985 μιᾶς
420 1915 709 1987 ἑϐδομάδος
736 1918 959 1989 ἡμερῶν
989 1920 1403 1993 συνεπληρώθη·
1436 1920 1637 1992 ἤρξατό
1663 1937 1723 1974 τε

113 2005 238 2074 γὰρ
275 2002 395 2059 ἀπο
422 2006 522 2076 τῆς
571 2006 796 2079 πρώτης
838 2010 871 2080 ἡ
915 2008 1024 2063 τῶν
1052 2009 1220 2065 ὀντων
1250 2012 1595 2083 δημιουργία,
1628 2012 1724 2067 καὶ

114 2100 189 2168 τῇ
226 2098 435 2171 ἑϐδόμῃ
458 2100 825 2170 συγκατέληξε
843 2100 903 2155 τὸ
929 2104 1107 2175 πέρας
1134 2103 1234 2174 τῆς
1257 2105 1537 2167 κτίσεως.‹
1572 2103 1728 2172 Ἑγέ-

116 2209 289 2263 vero».
308 2192 416 2263 γὰρ
444 2211 461 2242 ι
487 2192 672 2264 ἡμέρα
697 2195 813 2264 μία,
827 2213 845 2246 ι
874 2175 1059 2265 φησιν,
1074 2197 1132 2249 ἑν
1202 2195 1271 2249 τά
1284 2195 1478 2269 πρῶτα
1492 2196 1727 2265 ἐγένετο·

118 2283 228 2335 καὶ
250 2282 429 2345 οὕτως
460 2283 518 2336 ὲν
541 2287 608 2354 τῇ
636 2283 867 2356 δευτέρᾳ
889 2284 956 2338 τὰ
989 2286 1218 2357 δεύτερα
1238 2326 1252 2351 ,
1278 2288 1372 2341 καὶ
1416 2286 1727 2352 ἀκολούθως

120 2374 237 2437 ἕως
280 2376 392 2428 τῶν
424 2375 483 2443 ἒξ
512 2376 749 2430 ἅπαντα.
814 2379 877 2431 Ἡ
923 2378 978 2432 δὲ
1014 2370 1214 2452 ἑϐδόμη
1260 2380 1435 2452 πέρας
1456 2380 1724 2451 γενομένη

118 2468 231 2536 τῆς
255 2468 512 2530 κτίσεως,
550 2469 607 2521 ἑν
637 2468 804 2541 ἑαυτῇ
836 2470 1177 2543 περιέγραψε
1208 2472 1299 2527 τὸν
1326 2489 1731 2544 συμπαρεκτει-

118 2558 361 2628 νόμενον
391 2561 455 2630 τῇ
489 2563 802 2632 κατασκευῇ
831 2560 925 2614 τοῦ
958 2562 1164 2633 κόσμου
1193 2562 1402 2634 χρόνον.

1830 1754 1928 1809 ρει·
1958 1738 2088 1793 talia
2129 1737 2464 1808 intelligatur
2488 1780 2502 1803 ,
2533 1752 2646 1792 rem
2680 1737 2747 1792 de
2780 1754 2888 1808 qua
2916 1739 3114 1810 agitur,
3150 1755 3249 1809 pro
3274 1739 3412 1796 viri-

1829 1832 1933 1887 bus
1966 1830 2209 1900 apertius
2234 1843 2525 1899 exponam.
2550 1827 2725 1899 Hujus
2757 1829 2881 1884 vitae
2907 1837 3121 1901 tempus
3147 1832 3201 1886 in
3231 1832 3413 1903 prima

1830 1924 1923 1978 illa
1965 1921 2312 1977 institutione
2356 1927 2624 1976 creaturae
2668 1936 2764 1991 per
2795 1936 2959 1976 unam
2993 1922 3204 1978 dierum
3238 1925 3411 1994 septi-

1830 2027 2049 2067 manam
2078 2012 2409 2082 completum
2446 2018 2551 2068 est.
2589 2011 2723 2066 Nam
2754 2020 2808 2067 et
2838 2028 2869 2067 a
2904 2014 2990 2068 die
3013 2015 3188 2084 prima
3220 2030 3410 2071 rerum

1831 2102 2214 2157 universarum
2283 2098 2562 2170 opiﬁcium
2624 2100 2939 2155 institutum
2997 2107 3103 2167 est,
3166 2108 3221 2157 et
3280 2115 3410 2157 cum

1830 2189 2066 2259 septima
2098 2187 2222 2243 ﬁnis
2251 2188 2548 2244 creationis
2582 2187 2685 2243 fuit
2707 2189 2772 2242 ⁸⁸.
2815 2188 3054 2246 «Factus
3083 2199 3166 2247 est
3187 2210 3207 2245 ι
3240 2191 3410 2259 enim,

1833 2283 2033 2353 inquit,
2066 2300 2085 2332 ‹
2107 2281 2226 2337 dies
2252 2296 2448 2346 unus,»
2481 2280 2535 2335 in
2561 2296 2671 2352 quo
2693 2282 2868 2353 prima
2897 2282 3039 2338 facta
3065 2291 3225 2340 sunt:
3250 2295 3417 2356 atque

1833 2377 1909 2432 ita
1951 2378 2007 2431 in
2065 2374 2331 2444 secundo,
2391 2375 2669 2431 secunda:
2721 2390 2785 2430 ac
2822 2376 3081 2446 deinceps
3125 2394 3303 2448 usque
3344 2378 3415 2433 ad

1835 2475 2074 2533 sextum,
2110 2467 2390 2523 universa.
2427 2465 2707 2537 Septimus
2755 2479 2934 2524 autem
2979 2485 3104 2525 cum
3143 2471 3416 2527 terminus

1833 2555 2130 2614 creationis
2157 2556 2487 2623 exstitisset,
2522 2557 2579 2611 in
2608 2572 2667 2612 se
2696 2557 3137 2629 circumscripsit
3173 2568 3415 2631 tempus.

122 2655 282 2725 quod
337 2646 556 2709 interim
608 2655 738 2710 dum
799 2657 1039 2713 mundus
1090 2667 1393 2725 crearetur,
1446 2658 1875 2728 transigebatur.

217 2745 309 2808 Ὠς
362 2744 543 2799 τοίνυν
574 2743 698 2799 οὔτε
730 2746 956 2817 οὐρανὸς
985 2747 1045 2814 ἑξ
1071 2747 1277 2801 ἑκείνου
1322 2748 1565 2818 γέγονεν,
1600 2747 1725 2803 οὔτε

122 2854 183 2893 τι
210 2837 404 2907 ἕτερον
443 2836 551 2889 τῶν
586 2836 681 2889 τοῦ
721 2837 927 2909 κόσμου
966 2838 1146 2911 μερῶν
1180 2840 1487 2913 προσετέθη
1519 2844 1633 2905 τοῖς
1666 2840 1731 2906 ἑξ

1904 2741 1975 2798 Ut
2002 2741 2174 2812 igitur
2219 2756 2398 2812 neque
2428 2743 2630 2798 caelum
2665 2759 2731 2799 ex
2767 2744 2862 2798 illo
2889 2754 3134 2816 tempore
3187 2745 3415 2812 factum,
3526 2720 3529 2721 ν

1834 2847 2013 2903 neque
2060 2831 2254 2886 mundi
2303 2832 2487 2902 aliqua
2522 2848 2651 2903 pars
2688 2833 2756 2889 iis
2789 2848 2912 2904 quae
2955 2835 3023 2889 ab
3062 2835 3219 2889 initio
3270 2836 3417 2890 facta

123 2928 315 3001 ἀρχῆς
365 2926 665 2996 γεγονόσιν·
709 2928 824 2982 ἀλλ’
882 2928 1012 3000 ἔστη
1069 2930 1152 3002 ἐφ’
1202 2931 1404 3003 ἑαυτῆς
1456 2932 1610 3004 ήκτί

1933 2931 1982 2988 ιι,
2016 2922 2229 2993 adjecta
2256 2928 2361 2989 est,
2393 2922 2488 2978 sed
2526 2923 2771 2979 constitit
2805 2924 2861 2979 in
2891 2924 3071 2995 seipsa
3097 2926 3301 2981 nullius
3331 2926 3420 2980 in-

125 3020 448 3093 ἁπροσδεὴς
476 3020 570 3072 καὶ
601 3019 870 3089 ἀμείωτος
902 3021 959 3075 ἑν
981 3023 1093 3085 τοῖς
1125 3021 1347 3094 μέτροις
1377 3024 1581 3094 ἑαυτῆς
1612 3023 1725 3077 δια-

133 3112 379 3185 μείνασα
400 3127 412 3140 ·
442 3110 614 3173 οὕτως
638 3109 761 3164 οὔτε
789 3113 979 3184 χρόνος
1011 3113 1167 3178 ἄλλος
1200 3115 1305 3168 ὑπὸ
1334 3116 1424 3170 τὸν
1454 3119 1520 3188 τῇ
1550 3135 1728 3190 παρα-

131 3205 311 3274 σκευῇ
361 3200 454 3255 τοῦ
500 3201 708 3272 κόσμου
756 3203 1240 3276 συναναδειχθέντα
1282 3206 1537 3276 ἑγένετο·
1598 3207 1731 3262 ἀλλά

131 3294 482 3367 περιωρίσθη
533 3296 598 3364 τῇ
639 3293 892 3365 ἑϐδομάδι
939 3296 1044 3350 τῶν
1097 3297 1316 3370 ἡμερῶν
1349 3300 1382 3370 ή
1410 3297 1504 3353 τοῦ
1538 3301 1728 3371 χρόνου

134 3385 326 3456 φύσις.
380 3384 491 3437 Καὶ
538 3383 726 3437 τούτου
767 3385 928 3456 χάριν
975 3386 1054 3439 ὅτ’
1093 3386 1160 3440 ἂν
1207 3387 1569 3461 ὲκμετρῶμεν
1609 3391 1732 3453 ταῖς

135 3480 381 3552 ἡμέραις
417 3480 509 3533 τὸν
537 3480 749 3551 χρόνον,
786 3480 894 3534 ἀπὸ
923 3480 1021 3549 τῆς
1059 3481 1188 3551 μιᾶς
1218 3480 1509 3551 ἀρχόμενοι
1541 3479 1637 3534 καὶ
1664 3481 1729 3551 τῇ

139 3572 353 3645 ἑϐδόμῃ
397 3571 488 3625 τὸν
534 3556 766 3643 ἀριθμὸν
805 3571 1243 3635 κατακλείοντες·
1287 3571 1449 3625 πάλιν
1500 3572 1593 3623 ἐπὶ
1634 3569 1732 3642 τὴν

145 3664 279 3735 μίαν
308 3661 725 3735 ἀναποδίζομεν,
762 3662 851 3717 ἀεὶ¹
879 3662 971 3716 διά
998 3661 1092 3716 τοῦ
1123 3662 1324 3716 κύκλου
1363 3662 1472 3716 τῶν
1508 3661 1734 3733 ἑϐδομά-

141 3757 254 3811 δων
298 3755 735 3828 ἀναμετροῦντες
785 3756 907 3809 ὅλον
954 3755 1015 3808 τὸ
1064 3754 1158 3809 τοῦ
1199 3755 1393 3826 χρόνου
1434 3755 1729 3825 διάστημα·

141 3846 254 3911 ῑως
289 3846 355 3900 ἂν
389 3846 769 3917 παρελθόντων
811 3845 919 3899 τῶν
945 3845 1300 3916 κινουμένων,
1331 3846 1425 3899 καὶ
1455 3843 1739 3916 παυσαμέ‹

144 3958 246 4011 νης
272 3939 399 3992 ποτὲ
422 3938 522 4007 τῆς
546 3937 780 4007 ροὡδους
805 3939 1092 4007 κινήσεως,
1122 3938 1304 4002 καθώς
1335 3956 1498 4009 φησιν
1516 3939 1543 3991 6
1579 3936 1738 3990 Ἀπό-

1831 3030 1998 3085 super
2049 3015 2126 3069 rei
2179 3028 2351 3085 egena
2399 3012 2890 3087 diminutionisque
2937 3032 3134 3087 expers
3184 3018 3241 3072 in
3302 3008 3457 3074 suis'

1831 3106 2011 3161 modis
2058 3120 2385 3176 permanens
2412 3115 2664 3162 creatura
2701 3126 2715 3161 :
2768 3107 2842 3162 ita
2876 3124 3051 3179 neque
3079 3117 3294 3181 tempus
3325 3126 3421 3166 ex-

1834 3196 1972 3251 stitit
2004 3195 2175 3249 ullum
2215 3196 2363 3251 aliud
2411 3204 2613 3267 prwter
2639 3197 2715 3264 id,
2753 3198 2899 3268 quod
2926 3215 3033 3254 una
3078 3215 3202 3254 cum
3248 3199 3423 3255 fabri-

1834 3289 2051 3343 catione
2087 3286 2276 3341 mundi
2315 3287 2662 3359 designatum
2695 3298 2798 3355 est,
2851 3289 2948 3346 sed
2994 3291 3206 3346 dierum
3246 3292 3417 3362 septi-

1834 3395 1997 3435 mana
2051 3380 2314 3450 temporis
2358 3390 2555 3435 natura
2596 3380 2820 3436 deﬁnita
2858 3390 2961 3437 est.
3003 3383 3181 3455 Atque
3214 3386 3318 3439 bac
3352 3386 3421 3440 de

1833 3482 2022 3534 causa,
2065 3483 2193 3523 cum
2235 3467 2429 3524 diebus
2459 3476 2677 3540 tempus
2720 3471 2997 3534 metimur,
3027 3474 3097 3528 ab
3137 3490 3248 3529 uno
3282 3474 3422 3529 inci-

1835 3558 2051 3629 pientes
2085 3566 2140 3615 et
2183 3559 2417 3629 septimo
2443 3575 2733 3615 numerum
2765 3562 3182 3627 concludentes,
3225 3580 3421 3624 rursus

1837 3649 1905 3704 ad
1942 3666 2111 3706 unum
2147 3650 2510 3722 regredimur,
2540 3668 2637 3722 per
2670 3653 2933 3707 ambitum
2962 3655 3419 3724 septimanarum,

1838 3756 2057 3812 semper
2086 3750 2261 3798 totum
2291 3744 2819 3813 temporisspatium
2843 3745 3216 3811 remetientes,
3244 3746 3421 3804 donec

1835 3833 2129 3902 praeteritis
2159 3833 2225 3890 iis
2254 3850 2376 3905 quae
2402 3842 2714 3900 moventur,
2746 3832 3000 3906 ﬂuxoque
3037 3843 3210 3903 motu,
3246 3846 3303 3892 ut
3336 3839 3423 3893 in-

1839 3924 1959 3995 quit
1996 3924 2292 3995 Apostolus
2312 3927 2380 3991 ",
2410 3926 2708 3997 aliquando
2755 3936 3032 3994 cessante,
3063 3931 3314 3985 venerint
3333 3945 3421 3995 ea,

147 4031 357 4095 στολος,
392 4029 522 4102 ἔλθῃ
550 4029 617 4083 τὰ
650 4029 845 4101 μηκέτι
869 4029 1223 4100 σαλευόμενα,
1247 4024 1321 4083 ὧν
1345 4027 1615 4099 μεταϐολὴ

1938 4032 1964 4073 ε
2018 4034 2130 4073 non
2190 4019 2428 4089 amplius
2480 4018 2769 4085 ﬂuctuant,
2827 4027 2882 4074 et
2927 4021 3231 4092 agitantur;
3303 4036 3425 4091 qua:

145 4120 432 4183 ἀλλοίωσις
483 4118 667 4172 οὐκέτι
703 4117 936 4173 ἅπτεται
958 4157 977 4182 ,
1028 4120 1089 4172 ἐν
1120 4122 1230 4182 τοῖς
1262 4120 1446 4182 αὐτοῖς
1477 4116 1627 4172 ὠσαύ

1938 4129 2100 4183 nceps
2129 4113 2381 4167 alteratio
2410 4115 2751 4185 mutatioque
2792 4128 2903 4168 non
2935 4115 3172 4185 amplius
3204 4115 3425 4185 attingit

148 4212 238 4265 ἀεὶ
266 4209 400 4281 πρὸς
427 4209 555 4272 τοὺς
575 4208 772 4278 ἐφεξῆς
798 4207 1001 4272 αἰῶνας
1025 4208 1382 4280 διαμενούσης
1404 4210 1617 4278 ἐκείνης

1937 4206 2145 4269 :isdem,
2183 4207 2374 4262 eodem
2399 4206 2564 4261 modo
2593 4221 2808 4276 semper
2841 4206 2895 4260 in
2917 4206 3201 4277 sequentia
3227 4208 3424 4262 saecula

149 4302 403 4365 κτίσεως,
441 4303 499 4354 ὲν
609 4300 817 4368 γίνεται
863 4301 895 4370 ἡ
935 4299 1164 4372 ἀληθινὴ
1199 4299 1472 4370 περιτομὴ
1506 4302 1613 4370 τῆς

1939 4308 2100 4354 nente
2132 4299 2219 4353 illa
2248 4307 2525 4367 creatura,
2553 4300 2606 4354 in
2635 4315 2743 4370 qua
2771 4314 2901 4353 vera
2934 4299 3184 4353 humanae
3218 4308 3426 4354 natura:

151 4392 429 4464 θρωπίνης
454 4389 669 4455 φύσεως
698 4390 755 4441 ἑν
782 4391 848 4459 τῇ
871 4388 972 4458 τῆς
1001 4387 1322 4458 σωματικῆς
1348 4386 1492 4456 ζωῆς
1525 4404 1638 4458 περι

1939 4389 2195 4444 cumcisio
2246 4405 2344 4459 per
2393 4389 2796 4460 ademptionem
2836 4388 2961 4443 vita:
2994 4390 3319 4459 corporalis.
3371 4398 3426 4446 et

154 4486 318 4556 ρέσει,
346 4484 443 4537 καὶ
466 4482 527 4535 τὸ
548 4479 799 4550 ἀληθινὸν
821 4479 1116 4553 καθάρσιον
1138 4478 1230 4531 τοῦ
1251 4477 1506 4547 ἀληθινοῦ
1539 4478 1641 4549 ρύπ

1936 4497 1971 4534 ’3
2001 4480 2310 4551 puriﬁcatio
2336 4496 2591 4536 verarum
2615 4481 2859 4537 sordium
2889 4481 2965 4537 ﬁt.
3006 4482 3211 4538 Sordes
3242 4490 3423 4538 autem

164 4578 359 4640 Ῥύπος
393 4576 449 4629 δὲ
481 4573 768 4645 ἀνθρώπου
801 4574 833 4643 ἡ
868 4572 1130 4643 ἁμαρτία,
1171 4573 1204 4642 ἡ
1237 4587 1651 4641 συναποτικτομι

1939 4573 2084 4627 ninis
2117 4577 2401 4643 peceatum
2436 4581 2541 4636 est,
2573 4571 2719 4643 quod
2748 4588 2855 4628 una
2888 4589 3013 4628 cum
3046 4574 3286 4628 humana
3307 4573 3426 4630 edi-

159 4673 218 4741 τῇ
254 4665 571 4740 ἀνθρωπίνῃ
596 4663 756 4733 φύσει
792 4663 893 4733 (ὅτι
932 4680 950 4713 ι
978 4662 1037 4714 έν
1060 4661 1357 4733 ἁμαρτίαις
1384 4660 1642 4733 ἑκίσσησέ

1958 4674 2172 4731 natura,
2196 4667 2454 4735 quoniam
2487 4684 2506 4716 ι
2527 4666 2585 4719 in
2612 4665 2851 4735 peccatis
2874 4667 3126 4735 concepit
3146 4682 3235 4721 me
3256 4674 3428 4721 mater

157 4764 188 4833 ἡ
218 4764 401 4832 μήτηρ
435 4775 532 4828 μου
568 4774 587 4808 ι
608 4755 649 4820 ),
684 4756 749 4825 ἥν
781 4756 809 4808 6
833 4754 924 4807 τὸν
954 4752 1294 4825 καθαρισμὸν
1322 4752 1430 4805 τῶν
1455 4754 1644 4825 ἀμαρτγ

1943 4757 2059 4812 ι¹⁸ε
2084 4776 2102 4809 ι
2142 4758 2287 4827 quod
2320 4768 2601 4828 peccatum
2635 4757 2681 4813 is
2707 4756 2800 4826 qui
2834 4756 3272 4825 puriﬁcationem
3299 4771 3430 4826 pec-

155 4851 309 4923 ἡμῶν
371 4845 765 4917 ποιησάμενος,
817 4844 939 4897 τότε
993 4844 1073 4906 εἱς
1123 4843 1184 4895 τὸ
1231 4844 1340 4895 πᾶν
1398 4842 1642 4913 ἑκκαθαίέ

1940 4861 2084 4900 )rum
2109 4858 2422 4902 nostrorum
2448 4845 2706 4912 confecit,
2742 4854 2874 4901 tunc
2900 4847 2955 4901 in
2990 4846 3307 4901 universum
3333 4862 3427 4901 exe

158 4942 523 5011 ἐξαναλίσκων
562 4940 625 4991 ἑκ
660 4936 757 5008 τῆς
787 4935 893 4989 τῶν
918 4934 1086 4988 ὅντων
1120 4932 1334 5002 φύσεως
1364 4934 1472 4987 πᾶν
1498 4934 1618 4987 ὅσον

1936 4945 2051 5007 'gat,
2090 4938 2387 4993 absumens
2408 4952 2473 4993 ac
2498 4939 2698 4993 tollens
2723 4953 2791 4993 ex
2821 4951 3005 4991 rerum
3028 4944 3227 4990 natura
3260 4936 3423 5005 quid-

162 5034 404 5108 ματῶδές
434 5048 494 5085 τε
533 5030 627 5083 καὶ
665 5026 910 5099 ῥυπαρὸν
938 5026 1035 5079 καὶ
1076 5025 1430 5098 ἀκρόὸυστον.
1461 5025 1570 5079 Καὶ
1597 5023 1649 5077 οἳ

1938 5026 1970 5081 d
2022 5027 2105 5081 vel
2142 5037 2429 5083 cruentum
2478 5030 2560 5083 vel
2593 5027 2872 5085 sordidum
2904 5027 2989 5083 vel
3034 5025 3425 5097 praeputiosum

160 5126 425 5202 δεχόμεθα
449 5124 541 5177 τὸν
564 5122 693 5193 περὶ
722 5121 825 5191 τῆς
855 5119 1078 5190 Ὀγδόης
1093 5119 1380 5190 νόμον,τδν
1410 5118 1647 5189 καθαίρο·

1943 5158 1945 5170 ,
1999 5117 2177 5187 Atque
2227 5119 2302 5173 ita
2338 5119 2644 5186 accipimus
2684 5120 2860 5191 legem
2916 5118 2985 5173 de
3022 5116 3264 5173 Octava:
3305 5132 3430 5188 qua

159 5236 216 5273 τε
262 5218 358 5272 καὶ
390 5212 813 5285 περιτέμνοντα·
856 5210 990 5263 διότι
1023 5210 1115 5263 τοῦ
1144 5209 1501 5281 ἑϐδοματικοῦ
1540 5227 1646 5265 παυ

1942 5218 2165 5280 .purgct
2212 5210 2420 5279 pariter
2451 5219 2506 5265 et
2548 5210 2926 5275 circumcidat,
2968 5215 3252 5280 propterea
3281 5207 3429 5278 quod

165 5311 321 5380 μένου
366 5306 596 5378 χρόνου,
649 5304 970 5375 ἐνστήσεται
1027 5301 1207 5374 ἡμέρα
1253 5302 1412 5373 ὀγδόη
1467 5301 1652 5373 μετά²

1950 5302 2244 5358 timanario
2274 5304 2520 5373 tempere
2553 5302 2727 5370 ﬁnito,
2768 5312 2891 5374 post
2938 5302 3227 5373 septimum
3259 5300 3436 5357 insta-

166 5399 418 5469 ὲδδόμην·
446 5396 610 5468 ὀγδόη
641 5395 739 5468 μὲν
766 5395 1034 5466 λεγομένη
1060 5434 1075 5461 ,
1101 5395 1183 5448 ὅτι
1218 5394 1356 5466 μετά
1386 5393 1483 5466 τὴν
1509 5394 1653 5466 ἑΰδόι.

1952 5394 2070 5450 dies
2109 5400 2377 5461 octavus;
2408 5393 2500 5462 qui
2532 5400 2762 5449 octavus
2792 5394 3011 5464 quidem
3045 5391 3267 5459 dicitur,
3297 5393 3429 5464 quia

236 5554 282 5589 “
306 5553 590 5620 Romnm,
622 5551 708 5607 Η.
818 5553 864 5585 ⁸⁸
895 5551 1054 5609 lCor.
1093 5567 1147 5616 x,
1179 5550 1231 5605 4.
1309 5551 1356 5584 ’⁸
1388 5550 1521 5606 Gen.
1550 5565 1589 5641 ι,
1623 5549 1675 5605 5.

1309 5551 1356 5584 "
1388 5550 1521 5606 Gen.
1550 5565 1587 5619 ι,
1623 5549 1675 5605 5.
1756 5551 1799 5583 ⁸⁷
1832 5550 1851 5605 1
1883 5549 2010 5607 Cor.
2041 5564 2138 5618 vn,
2174 5546 2264 5603 3i.
2341 5546 2387 5579 "
2416 5542 2563 5602 Psal.
2589 5561 2641 5613 ι,
2666 5545 2719 5599 7.
