3766 5986
391 217 484 268 6H

1589 210 1648 267 S.
1703 212 2028 303 ϐηεροιιιι
2067 216 2361 275 NYSSENI

3555 214 3662 270 8Ιῖ

390 336 512 401 post
538 329 832 401 septimum
856 327 1106 395 exsistit;
1131 327 1343 383 numeri
1372 340 1500 382 vero
1527 326 1961 384 vicissitudinem

2108 336 2291 401 ίνεται,
2324 335 2503 390 οὐκέτι
2529 336 2584 390 δὲ
2607 335 2705 407 τὴν
2731 333 2824 389 τοῦ
2856 333 3089 406 ἀριθμοῦ
3121 333 3374 404 διαδοχὴν
3406 332 3498 401 ἐφ’
3532 332 3661 385 tau-

390 438 445 478 ιιι
484 438 605 478 sese
640 439 748 477 non
784 422 1016 491 amplius
1068 420 1324 475 admittit.
1359 416 1513 473 Unus
1548 418 1692 474 enim
1732 420 1787 473 in
1838 436 1964 491 per-

390 524 610 587 petuum
641 516 790 570 nulla
816 530 1051 582 unquam
1089 521 1358 567 nocturna
1393 513 1627 583 caligine
1659 513 1963 584 diremptus

389 617 693 677 permanet.
743 606 898 660 Alius
941 605 1082 659 enim
1124 619 1247 658 eum
1281 601 1452 657 efﬁcit
1495 604 1609 670 sol;
1649 603 1743 673 qui
1781 619 1963 658 veram

391 714 493 753 suo
518 700 725 768 fulgore
756 699 928 752 lucem
958 698 1089 759 edit,
1120 698 1211 766 qui
1235 704 1590 767 posteaquam
1614 696 1773 751 nobis
1796 697 1966 751 semel

394 790 651 853 illuxerit,
703 800 759 843 ut
813 789 993 858 inquit
1023 789 1320 858 Apostolus
1341 789 1407 851 ",
1460 788 1716 858 deinceps
1764 802 1965 842 occasu

391 893 500 932 non
532 879 858 940 occultatur,
897 877 992 933 sed
1023 878 1206 931 omnia
1240 877 1626 931 illuminatrice
1651 877 1700 930 vi
1723 893 1822 932 sua
1851 892 1967 930 am-

390 969 579 1038 plexus
622 976 940 1037 perpetuum
982 968 1187 1037 pariter
1221 981 1285 1020 ac
1321 964 1723 1021 vicissitudinis
1769 980 1966 1035 expers

391 1058 571 1112 lumen
602 1058 782 1128 dignis
816 1058 1116 1127 ingenerat,
1155 1056 1319 1110 etiam
1363 1055 1532 1125 ipsos,
1575 1056 1669 1125 qui
1699 1055 1845 1110 illius
1882 1055 1966 1109 lu-

389 1146 555 1199 minis
582 1146 876 1215 participes
905 1143 1127 1210 fuerint,
1158 1144 1295 1199 alios
1311 1144 1456 1198 soles
1472 1142 1716 1200 efficiens
1738 1160 1751 1197 :
1777 1159 1967 1214 quem-

391 1241 687 1295 admodum
728 1240 783 1293 in
816 1239 1109 1310 Evangelio
1157 1237 1349 1295 Sermo
1395 1238 1559 1295 dicit:
1601 1260 1619 1292 ι
1646 1241 1801 1296 Tunc
1828 1241 1965 1311 justi

390 1329 673 1401 fulgebunt
722 1337 779 1383 ιιι
819 1331 901 1386 sol
923 1329 987 1383 ".
1003 1349 1020 1381 ι

461 1424 728 1491 Quoniam
753 1426 917 1496 igitur
958 1425 1011 1479 in
1045 1426 1317 1495 superiori
1353 1425 1562 1496 psalmo
1600 1441 1700 1495 pro
1732 1441 1815 1492 ca,
1848 1441 1968 1497 qua:

388 1515 760 1570 hmreditatem
784 1515 1269 1585 capit,sermoncm
1292 1515 1451 1569 fecit:
1476 1515 1762 1570 lnereditas
1786 1524 1965 1571 autem

388 1609 444 1664 in
460 1604 664 1664 Octava
679 1606 859 1679 dignis
874 1609 1111 1679 reposita
1131 1619 1293 1678 atque
1314 1608 1593 1664 recondita
1606 1618 1689 1664 cst
1709 1627 1722 1663 :
1741 1619 1902 1680 atque
1914 1611 1967 1665 in

389 1696 721 1772 bac-justum
734 1698 1219 1769 quoquejudicium
1230 1695 1345 1766 Dei,
1360 1698 1739 1769 unicuiqueid,
1758 1717 1866 1771 quo
1882 1702 1967 1756 di-

307 1798 312 1804 '
387 1807 527 1863 gnus
554 1791 735 1855 fuerit,
759 1792 1003 1846 tribuens
1034 1800 1320 1847 exercetur
1340 1810 1355 1849 :
1379 1802 1525 1847 recte
1545 1791 1814 1862 Propheta
1844 1810 1966 1848 cum

392 1885 671 1939 mentione
694 1884 933 1948 Octavae,
955 1884 1021 1939 de
1038 1884 1353 1953 ptenitentia
1375 1884 1537 1938 simul
1558 1883 1736 1938 intulit
1757 1901 1968 1940 sermo-

384 1990 530 2030 nem.
563 1975 697 2042 Quis
720 1977 863 2031 enim
892 1975 1353 2046 tcrribilisjudicii
1384 1976 1589 2033 Christi
1624 1978 1965 2036 recordatus.

384 2082 493 2123 non
531 2069 717 2123 statim
760 2069 812 2122 in
839 2069 1174 2123 conscientia
1206 2084 1304 2123 sua
1334 2070 1492 2139 quasi
1530 2070 1873 2135 convellitur,
1903 2085 1967 2124 ac

383 2167 593 2216 terrore
630 2168 682 2215 et
705 2176 905 2232 angore
932 2177 1041 2215 non
1066 2163 1504 2233 constringitur?
1533 2172 1696 2233 atque
1724 2164 1886 2219 etiam
1920 2162 1965 2219 si

384 2253 509 2307 vitae
548 2254 742 2308 melius
788 2269 949 2324 quam
981 2254 1223 2309 deterius
1256 2263 1391 2309 actae
1423 2256 1526 2309 sibi
1558 2256 1820 2311 conscius
1860 2258 1963 2310 sit:

385 2348 625 2398 attamen
660 2343 727 2397 ad
753 2354 1001 2398 exactam
1033 2344 1371 2414 diligentiam
1404 2354 1455 2399 et
1510 2345 1741 2415 rigorem
1775 2344 1966 2416 judicii

388 2435 712 2505 respiciens,
745 2435 800 2488 in
835 2451 945 2505 quo
978 2436 1216 2490 minima:
1259 2452 1478 2506 quoque
1510 2438 1682 2507 culpae
1714 2438 1767 2491 in
1815 2454 1965 2510 quae-

387 2525 618 2579 stionem
649 2524 1019 2595 adducuntur,
1067 2539 1129 2577 ac
1159 2539 1387 2595 prorsus
1413 2527 1823 2595 exspectatione
1855 2537 1966 2581 ter-

388 2616 634 2669 ribilium
669 2594 954 2683 poenarum
984 2616 1373 2684 perhorrescit,
1423 2617 1682 2686 ignorans
1713 2619 1964 2687 quisnam

385 2706 490 2761 sibi
540 2706 731 2775 judicii
769 2706 949 2760 exitus
988 2712 1041 2759 et
1077 2714 1308 2761 eventus
1345 2705 1565 2762 futurus
1616 2709 1706 2762 sit.
1751 2708 1962 2764 Idcirco

384 2797 541 2867 quasi
592 2797 647 2850 in
693 2796 870 2852 oculis
906 2796 1116 2850 habens
1140 2797 1407 2852 terribilia
1443 2800 1731 2869 supplicia,
1761 2800 1964 2870 gehen-

386 2905 512 2944 nam
540 2890 685 2943 illam
710 2895 764 2943 et
791 2890 1137 2944 tenebrosum
1166 2890 1368 2961 ignem,
1391 2901 1440 2946 et
1467 2892 1818 2947 conscientiae
1838 2908 1961 2947 ver-

2063 429 2161 499 τῆς
2190 428 2476 499 δεχομένη.
2511 430 2624 482 Μία
2665 428 2774 499 γὰρ
2815 430 2893 492 είς
2927 428 2991 480 τὸ
3022 426 3264 497 διηνεκὲς
3305 424 3662 497 παραμένει,

2064 518 2320 571 οὐδέποτε
2362 517 2662 589 νυκτερινῷ
2707 517 3059 588 διαιρουμένη
3101 516 3271 586 ζόφῳ.
3312 515 3517 578 Ἀλλος
3554 514 3661 585 γὰρ

2065 609 2234 676 αὐτὴν
2258 612 2402 661 ποιεῖ
2431 610 2459 662 6
2493 608 2664 679 ἥλιος,
2695 610 2723 661 6
2756 608 2816 661 τὸ
2850 608 3102 680 ἀληθινὸν
3133 607 3248 676 φῶς
3281 606 3660 677 ἀπολάμπων·

2065 700 2122 764 ὃς
2153 701 2370 753 ἐπειδὰν
2400 700 2543 766 ἅπαξ
2577 703 2812 771 ἐπιφανῇ
2844 701 2999 770 ἡμῖν,
3020 697 3199 762 καθώς
3226 716 3396 768 φησιν
3427 701 3457 751 6
3496 698 3664 749 Ἀπό-

2069 791 2269 853 στολος,
2301 790 2483 843 οὐκέτι
2509 793 2566 843 ἐν
2595 790 2824 861 δυσμαῖς
2856 790 3177 862 κρύπτεται,
3204 788 3341 842 ἀλλά
3378 787 3566 841 πάντα
3596 790 3661 858 τῇ

2066 886 2365 954 φωτιστικῇ
2384 881 2574 936 ἐαυτοῦ
2591 879 3590 953 δυνάμειπεριπτυξάμενος,διηνεκές
3606 895 3663 931 τε

2067 976 2161 1028 καὶ
2192 975 2469 1044 ἀδιάδοχον
2499 976 2611 1037 τοῖς
2641 974 2810 1039 ἀξίοις
2838 974 2898 1027 τὸ
2926 972 3041 1042 φῶς
3065 974 3301 1042 ἐμποιεῖ·
3334 972 3433 1024 καὶ
3464 972 3663 1032 αὐτοὺς

2066 1069 2191 1129 τοὺς
2224 1066 2548 1137 μετέχοντας
2593 1066 2687 1118 τοῦ
2723 1065 2898 1134 φωτὸς
2949 1065 3159 1117 ἐκείνου
3184 1104 3197 1127 ,
3232 1062 3431 1126 ἄλλους
3479 1064 3664 1125 ﬁlim;

2067 1158 2534 1231 ἀπεργαζόμενος,
2571 1156 2751 1221 καθώς
2780 1173 2941 1226 φησιν
2965 1158 3022 1208 ἐν
3050 1155 3126 1225 τῷ
3149 1154 3480 1224 Εύαγγελίῳ
3506 1154 3537 1206 ὁ
3560 1152 3651 1204 A6-

2067 1267 2183 1318 γος,
2219 1251 2301 1304 ὅτι
2344 1269 2362 1302 ι
2402 1250 2537 1303 Τότε
2562 1251 2611 1302 οί
2644 1248 2842 1302 δίκαιοι
2872 1247 3174 1317 λάμψουσιν
3203 1246 3278 1309 ὡς
3303 1247 3332 1298 6
3358 1245 3537 1315 ἥλιος.
3571 1264 3590 1295 ο

2149 1424 2300 1478 Ἐπεὶ
2329 1420 2420 1478 οὖν
2451 1423 2592 1496 ὑπὲρ
2626 1423 2723 1491 τῆς
2773 1421 3216 1494 κληρονομούσης
3242 1422 3300 1473 ἐν
3344 1420 3427 1492 τῷ
3458 1420 3662 1492 προλα-

2070 1516 2216 1570 ϐόντι
2252 1514 2451 1587 ψαλμῷ
2489 1515 2580 1569 τὸν
2607 1514 2764 1583 λόγον
2796 1514 3120 1585 πεποίηται,
3161 1516 3195 1584 ὴ
3227 1512 3284 1565 δὲ
3313 1513 3660 1584 κληρονομία

2072 1611 2130 1662 ἐν
2157 1612 2224 1679 τῇ
2272 1608 2460 1679 Ὀγδόῃ
2497 1610 2609 1671 τοῖς
2642 1607 2813 1671 ἀξίοις
2838 1606 3146 1671 ἀπόκειται,
3180 1607 3239 1656 ἐν
3263 1605 3443 1677 ταύτῃ
3473 1605 3534 1657 δὲ
3572 1605 3664 1656 καὶ

2004 1679 2042 1733 Β
2070 1702 2102 1771 ἡ
2135 1699 2315 1752 δικαία
2350 1699 2445 1752 τοῦ
2491 1698 2625 1752 Θεοῦ
2659 1698 2867 1767 γίνεται
2896 1699 3113 1768 κρίσις,
3168 1696 3387 1766 ἑκάστῳ
3431 1696 3500 1747 τὸ
3543 1697 3661 1749 κατ’

2071 1789 2228 1855 ἀξίαν
2286 1789 2541 1859 νέμουσα·
2602 1787 2783 1851 καλῶς
2839 1789 2867 1839 6
2910 1788 3203 1858 Προφήτης
3249 1788 3315 1855 τῇ
3370 1785 3508 1856 περὶ
3565 1785 3661 1855 τῆς

2083 1877 2307 1948 Ὀγδόης
2380 1877 2572 1950 μνήμῃ
2610 1876 2701 1929 τὸν
2766 1875 2895 1947 περὶ
2946 1875 3233 1947 μετανοίας
3286 1877 3661 1944 συνεισήγαγε

2070 1965 2244 2037 λόγον.
2288 1968 2383 2030 Τίς
2425 1967 2533 2039 γὰρ
2566 1965 2662 2035 τῆς
2715 1967 2951 2036 φοϐερᾶς
3000 1966 3091 2018 τοῦ
3138 1964 3378 2036 Χριστοῦ
3420 1966 3662 2035 κρίσεως

2073 2061 2292 2131 μνήμην
2330 2055 2530 2123 λαϐὼν,
2565 2058 2664 2110 οὐκ
2696 2056 2858 2121 εὐθὺς
2883 2058 2942 2109 ἐν
2986 2056 3065 2128 τῷ
3115 2056 3377 2109 συνειδότι
3409 2056 3498 2127 τῷ
3549 2056 3663 2127 ἰδίῳ

2071 2152 2442 2223 σπαράσσεται
2467 2189 2483 2216 ,
2514 2151 2607 2204 καὶ
2639 2149 2791 2219 φόϐῳ
2830 2152 2927 2203 καὶ
2962 2150 3153 2221 ἀγνοίᾳ
3197 2151 3532 2219 συνέχεται;
3561 2150 3661 2202 κᾶν

2070 2245 2206 2315 πρὸς
2230 2244 2291 2297 τὸ
2333 2244 2577 2314 κρεῖττον
2619 2242 2798 2312 ἐαυτῷ
2830 2242 3185 2311 συνεγνωκὼς
3210 2241 3348 2312 τύχῃ
3375 2240 3475 2293 τὸν
3509 2240 3660 2310 βίον,

2068 2336 2181 2389 ἀλλ’
2217 2330 2307 2389 οὖν
2340 2333 2477 2406 πρὸς
2504 2334 2601 2404 τὴν
2628 2330 2909 2404 ἀκρίϐειαν
2935 2333 3035 2402 τῆς
3066 2332 3296 2403 κρίσεως
3331 2332 3581 2401 βλέπων,
3607 2336 3661 2387 ἐν

2067 2420 2102 2499 ᾖ
2140 2426 2235 2479 καὶ
2269 2425 2338 2479 τὰ
2367 2425 2671 2478 λεπτότατα
2706 2422 2814 2477 τῶν
2861 2426 3267 2495 παροραμάτων
3295 2426 3377 2488 είς
3406 2425 3662 2490 ἐξέτασιν

2067 2523 2277 2589 ἄγεται·
2316 2522 2700 2574 καταπτοεῖται
2732 2519 2947 2584 πάντως
2972 2522 3039 2591 τῇ
3070 2519 3177 2573 τῶν
3205 2519 3456 2593 φοϐερῶν
3484 2540 3662 2593 προσ-

2065 2613 2239 2684 δοκίᾳ,
2267 2613 2365 2666 οὐκ
2388 2611 2543 2675 εἰδὼς
2571 2613 2650 2675 είς
2685 2612 2713 2664 ὅ
2744 2629 2797 2664 τι
2827 2611 3067 2681 αύτῷτὸ
3093 2613 3191 2682 τῆς
3220 2612 3460 2683 κρίσεως
3490 2629 3664 2666 κατα·

2065 2705 2217 2778 λήξει
2245 2706 2436 2778 πέρας.
2467 2704 2669 2757 Τούτου
2697 2704 2856 2775 χάριν
2881 2703 2955 2765 ὡς
2975 2705 3032 2756 ἐν
3054 2703 3350 2774 ὀφθαλμοῖς
3374 2704 3570 2757 λαϐὼν
3599 2704 3664 2758 τὰ

2068 2793 2272 2864 φοϐερὰ
2304 2794 2656 2864 κολαστήρια,
2691 2793 2788 2863 τὴν
2814 2792 3036 2862 γέενναν
3069 2794 3283 2866 ἐκείνην
3308 2794 3403 2847 καὶ
3435 2794 3499 2846 τὸ
3532 2811 3664 2848 σκοο

2064 2887 2238 2939 τεινὸν
2286 2884 2433 2956 πῦρ,
2476 2884 2692 2938 καὶτὸν
2733 2884 3089 2955 ἀτελεύτητον
3140 2885 3239 2955 τῆς
3294 2887 3661 2957 συνειδήσεως

386 2995 529 3035 mem
571 2994 848 3049 nunquam
882 2980 1240 3034 emorientem
1263 2982 1306 3012 ’ί
1358 2982 1451 3052 qui
1487 2983 1722 3036 animam
1751 2997 1965 3053 semper

2108 2976 2326 3047 κώληκα
2347 3018 2361 3041 ,
2404 2976 2493 3029 τὸν
2519 2976 2606 3030 ἀεὶ
2636 2976 2890 3045 μυζῶντα
2919 2976 3018 3047 τὴν
3046 2976 3223 3046 ψυχὴν
3255 2976 3321 3029 δι’
3355 2979 3659 3051 αἰσχύνης,

386 3071 597 3142 pudore
636 3071 875 3142 sugillat,
940 3085 1005 3126 ac
1052 3072 1432 3127 recordatione
1463 3073 1604 3129 male
1656 3081 1791 3127 acta:
1839 3075 1966 3128 vitae

388 3164 668 3219 cruciatus
695 3156 923 3217 renovat
955 3173 1119 3233 atque
1143 3164 1476 3234 redintegrat
1501 3183 1515 3221 :
1555 3163 1662 3219 Deo
1688 3164 1800 3234 jam
1836 3180 1967 3235 sup-

391 3256 513 3326 plex
539 3256 617 3322 lit,
645 3269 808 3309 orans
839 3256 989 3309 neein
1020 3254 1113 3308 illo
1134 3252 1321 3309 furore
1350 3253 1598 3309 tradatur
1621 3255 1687 3309 ad
1711 3255 1967 3324 quaastio-

389 3362 515 3401 nem
563 3353 618 3400 et
650 3345 942 3415 judicium,
1000 3362 1102 3401 neu
1137 3361 1235 3416 per
1283 3347 1430 3399 illam
1463 3346 1599 3399 iram
1646 3345 1967 3400 adhibeatur

389 3438 495 3493 sibi
549 3438 832 3508 castigatio
873 3449 1091 3508 propter
1137 3438 1336 3493 delicta
1359 3439 1403 3470 ³¹¹
1449 3437 1613 3509 (nam
1662 3437 1733 3492 ab
1771 3439 1837 3493 iis
1871 3437 1966 3508 qui

338 3554 343 3561 -
388 3530 585 3585 acerba
633 3530 994 3600 castigatione
1026 3529 1288 3585 terribilis
1338 3529 1488 3584 illius
1543 3529 1795 3599 supplicii
1833 3543 1968 3584 con-

386 3621 625 3677 demnati
675 3631 823 3687 sunt,
876 3620 1080 3677 furoris
1118 3637 1240 3677 esse
1289 3637 1427 3692 opus
1478 3629 1533 3678 et
1571 3622 1667 3676 ira:
1700 3621 1967 3692 judicium

384 3712 520 3768 illud
550 3713 939 3784 existimatur).
983 3714 1160 3782 Atque
1193 3711 1399 3768 idcirco
1448 3714 1607 3783 quasi
1643 3714 1757 3785 jam
1788 3713 1844 3768 in
1868 3714 1967 3768 do-

385 3803 595 3859 loribus
644 3815 806 3875 atque
857 3804 1195 3860 cruciatibus
1246 3805 1606 3871 constitutus,
1662 3806 1964 3861 dolentium

382 3910 548 3953 voces
577 3896 845 3959 imitatur,
899 3896 1100 3964 quibus
1149 3895 1301 3950 furor
1346 3912 1470 3952 esse
1522 3898 1736 3953 videtur
1761 3905 1815 3954 et
1860 3898 1962 3966 ira,

384 3986 649 4059 quidquid
700 3985 768 4040 ad
827 3985 1165 4054 puniendum
1220 3985 1420 4054 impios
1472 3985 1783 4042 adhibetur.
1824 3986 1966 4042 Dicit

383 4081 590 4150 igitur:
632 4076 748 4131 Non
776 4083 1035 4145 exspecto
1068 4076 1243 4131 donec
1278 4093 1340 4132 ex
1375 4078 1468 4132 illo
1508 4080 1690 4136 furore
1718 4096 1816 4150 per
1847 4090 1962 4137 ter-

382 4169 567 4224 ribilia
591 4166 800 4239 flagella
821 4165 888 4220 de
908 4181 993 4219 me
1013 4166 1352 4220 occultorum
1381 4167 1707 4223 delictorum
1729 4170 1964 4240 quaestio

381 4261 668 4327 habeatur,
726 4259 820 4315 sed
854 4272 1176 4329 praeoccupo
1223 4258 1556 4314 revelatione
1600 4266 1763 4330 atque
1796 4276 1965 4332 spon-

2068 3068 2160 3121 καὶ
2186 3071 2252 3138 τῇ
2286 3068 2474 3139 μνήμῃ
2497 3067 2608 3121 τῶν
2636 3065 2820 3129 κακῶς
2853 3064 3199 3138 βεϐιωμένων
3229 3068 3328 3132 τὰς
3350 3070 3663 3141 ἀλγηδόνας

2055 3153 2500 3224 ’ἀνακαινίζοντασ
2527 3158 2627 3231 ἢδη
2658 3158 2751 3212 τοῦ
2779 3157 2915 3212 Θεοῦ
2968 3160 3152 3232 ἱκέτης
3182 3160 3391 3230 γίνεται
3412 3203 3426 3226 ,
3463 3163 3663 3235 δεόμε-

2066 3271 2176 3317 νος,
2219 3252 2293 3325 μὴ
2333 3251 2411 3323 τῷ
2463 3250 2621 3322 θυμῷ
2672 3249 2864 3322 ἐκείνῳ
2907 3252 3276 3324 παραδοθῆναι
3316 3253 3453 3325 πρὸς
3504 3254 3661 3323 ἐλεγ-

2067 3360 2183 3414 χον,
2219 3345 2354 3414 μήτε
2380 3342 2467 3395 διὰ
2489 3345 2586 3414 τῆς
2611 3342 2782 3414 ὀργῆς
2806 3343 3021 3413 ἐκείνης
3043 3344 3344 3415 ἐπαχθῆναι
3373 3345 3528 3417 αὑτῷ
3557 3348 3659 3417 τὴν

2068 3433 2208 3503 ὑπὲρ
2236 3427 2313 3487 ὧν
2348 3432 2736 3504 ἐπλημμέλησε
2780 3433 3079 3489 παίδευσιν.
3116 3435 3241 3498 Τοῖς
3273 3434 3383 3507 γὰρ
3425 3437 3659 3490 καταδι-

2067 3523 2314 3578 κασθεῖσι
2358 3526 2426 3596 τῇ
2476 3524 2649 3594 πικρᾷ
2694 3523 2973 3579 παιδεύσει
3015 3524 3116 3595 τῆς
3154 3524 3391 3597 φοϐερᾶς
3433 3527 3658 3599 ἐκείνης

2067 3616 2363 3681 κολάσεως,
2407 3614 2580 3687 θυμοῦ
2629 3617 2788 3687 ἔργον
2833 3616 3115 3687 νομίζεται
3146 3618 3241 3671 καὶ
3268 3619 3439 3690 ὀργῆς
3473 3621 3509 3690 ἡ
3543 3619 3657 3675 διά-

2068 3725 2267 3780 κρισις.
2299 3708 2411 3762 Καὶ
2438 3707 2525 3761 διά
2545 3706 2703 3761 τοῦτο
2723 3747 2738 3771 ,
2785 3707 2862 3771 ὡς
2906 3710 2965 3761 ἐν
2991 3709 3105 3772 τοῖς
3142 3708 3410 3777 ἀ)γεινοῖς
3438 3710 3547 3782 ήδη
3570 3728 3656 3780 γι-

2066 3798 2318 3869 νόμενος,
2361 3796 2461 3861 τὰς
2497 3797 2603 3851 τῶν
2637 3797 2988 3868 ὸδυνωμένων
3031 3798 3214 3867 φωνὰς
3256 3800 3651 3871 ὑποκρίνεται,

2064 3886 2146 3953 οἷς
2175 3872 2345 3961 θυμὸς
2387 3885 2527 3942 εἶναι
2561 3890 2710 3943 δοκεῖ
2739 3890 2833 3943 καὶ
2874 3891 3011 3962 ὀργὴ
3050 3892 3112 3944 τὸ
3143 3893 3235 3944 ἐπὶ
3275 3894 3522 3966 τιμωρίᾳ
3547 3896 3652 3948 τῶν

2065 3980 2279 4034 ἀσεϐῶν
2306 3980 2667 4051 ἐπαγόμενον.
2705 3968 2867 4051 Λέγει
2891 3984 3090 4048 τοίνυν,
3126 3985 3209 4038 ὅτι
3245 3984 3363 4039 Ούκ
3396 3989 3653 4058 ἀναμένω

2065 4073 2130 4127 ἐκ
2159 4072 2253 4127 τοῦ
2284 4072 2457 4145 θυμοῦ
2480 4074 2688 4128 ἐκείνου
2721 4074 2808 4128 διὰ
2834 4075 2943 4129 τῶν
2971 4076 3216 4148 φοϐερῶν
3245 4081 3531 4148 μαστίγων
3562 4099 3652 4150 γε·

2065 4163 2250 4219 νέσθαι
2278 4183 2366 4236 μοι
2388 4165 2496 4219 τῶν
2526 4165 2924 4237 κεκρυμμένων
2952 4168 3044 4221 τὸν
3074 4168 3317 4240 ἕλεγχοψ
3348 4171 3489 4225 ἀλλά
3522 4191 3652 4244 προ-

2063 4254 2327 4327 λαμϐἀνω
2357 4260 2424 4327 τῇ
2452 4255 2803 4329 ἐξαγορεύσει
2851 4259 2952 4330 τὴν
2984 4260 3049 4312 ἐκ
3083 4259 3184 4331 τῆς
3216 4263 3388 4332 ὀργῆς
3434 4265 3652 4336 ἐκείνης

380 4364 541 4410 tanea
574 4351 923 4409 confessione
953 4350 1333 4408 necessitatem
1360 4366 1428 4406 ex
1454 4350 1546 4405 illa
1582 4350 1663 4405 ira
1698 4352 1830 4407 mihi
1859 4352 1958 4407 im-

2108 4347 2330 4419 νάγκην.
2383 4348 2561 4419 Ὅπερ
2617 4350 2651 4418 ἡ
2700 4348 2860 4419 ὀδύνη
2914 4350 3006 4402 ἐπὶ
3044 4349 3152 4403 τῶν
3199 4355 3650 4424 μαστιγουμένων

382 4443 717 4521 ponendam.
753 4443 911 4510 Quod
939 4443 1218 4498 cruciatus
1249 4441 1381 4496 facit
1415 4443 1467 4496 in
1512 4442 1620 4498 illis
1648 4443 1742 4514 qui
1766 4445 1958 4502 verbe-

382 4543 599 4601 rantur,
626 4534 812 4590 invitis
837 4533 917 4589 eis
938 4535 1154 4590 occu-lta
1182 4534 1389 4590 scelera
1416 4534 1704 4590 manifesta
1728 4533 1956 4604 faciens,

384 4629 439 4684 id
465 4643 495 4682 a
543 4643 603 4683 se
634 4628 754 4698 ipso
783 4628 1019 4685 liberum
1068 4628 1358 4683 arbitrium
1387 4627 1535 4693 facit,
1589 4630 1828 4700 scipsum
1863 4646 1959 4701 per

382 4721 761 4793 paenitentiam
791 4730 845 4774 et
872 4718 1154 4790 flagellans
1181 4728 1235 4776 et
1268 4722 1525 4790 puniens,
1559 4721 1959 4792 publicansque

381 4818 544 4878 atque
570 4806 860 4878 divulgans
884 4808 938 4862 in
967 4809 1201 4863 occultis
1227 4808 1613 4865 absconditum
1643 4819 1953 4880 peccatum.

379 4898 518 4956 Cum
551 4898 782 4956 dixisset
816 4901 1005 4971 igitur,
1050 4898 1278 4970 «Neque
1321 4901 1373 4954 in
1406 4899 1591 4958 furore
1632 4911 1727 4959 tuo
1756 4916 1959 4974 arguas

381 5006 489 5054 me,
543 5006 721 5059 neque
769 4991 827 5045 in
869 4990 952 5044 ira
990 4999 1086 5046 tua
1120 4991 1358 5062 castiges
1412 5008 1550 5061 me,»
1592 5007 1961 5067 congruenter

381 5080 640 5153 deinceps
666 5082 914 5153 confugit
954 5080 1022 5136 ad
1077 5081 1535 5151 misericordiam,
1588 5101 1699 5141 non
1736 5095 1846 5142 tam
1902 5088 1957 5143 in

383 5173 612 5229 liberam
643 5175 976 5230 voluntatem
1015 5180 1071 5230 et
1099 5174 1411 5238 arbitrium,
1444 5193 1606 5249 quam
1640 5179 1697 5234 in
1724 5179 1958 5235 infirmi-

384 5272 546 5319 tatem
576 5273 786 5319 naturae
822 5277 1046 5319 causam
1084 5264 1213 5319 mali
1243 5265 1555 5324 conferens.
1608 5267 1665 5323 ln
1697 5270 1846 5325 vitiis
1874 5285 1962 5326 me

384 5361 594 5422 natum,
647 5355 847 5426 inquit,
897 5353 1278 5412 misericordia
1323 5373 1490 5428 cura;
1544 5375 1611 5417 ex
1647 5359 1964 5417 inﬁrmitate

382 5442 531 5498 cnim
572 5444 740 5501 incidi
772 5445 827 5501 in
867 5444 1139 5502 morbum.
1172 5446 1430 5515 Quaenam
1463 5460 1643 5509 autem
1670 5451 1961 5508 inﬁrmitas

2067 4443 2231 4505 ποιεῖ,
2251 4440 2494 4494 ἀκόντων
2520 4439 2702 4493 αὐτῶν
2726 4439 2793 4493 τὰ
2814 4441 3032 4512 κρυπτὰ
3057 4441 3156 4509 τῆς
3184 4443 3414 4513 ἀνομίας
3430 4446 3649 4517 ἐμφανῆ

2067 4530 2316 4586 ποιοῦσα·
2346 4529 2504 4584 τοῦτο
2530 4533 2674 4583 ποιεῖ
2705 4531 2799 4601 ἀφ’
2844 4531 3045 4602 ἑαυτῆς
3074 4534 3107 4603 ἠ
3152 4534 3495 4604 προαίρεσις,
3527 4538 3652 4590 ἐαυ-

2064 4621 2163 4693 τὴν
2192 4620 2280 4675 διὰ
2312 4621 2411 4692 τῆς
2436 4620 2724 4692 μετανοίας
2753 4621 3089 4693 μαστίζουσά
3112 4639 3171 4676 τε
3197 4625 3290 4678 καὶ
3322 4626 3649 4695 κολάζουσα,

2062 4715 2158 4769 καὶ
2176 4713 2572 4785 δημοσιεύουσα
2595 4714 2695 4784 τὴν
2730 4713 3152 4785 κεκαλυμμένην
3178 4716 3238 4769 ἐν
3263 4719 3378 4781 τοῖς
3405 4735 3651 4790 κεκρυμ-

2065 4805 2245 4875 μένοις
2280 4804 2573 4876 ἀμαρτίαν.
2605 4805 2790 4858 Εἰπὼν
2822 4804 3021 4871 τοίνυν,
3052 4806 3134 4860 ὅτι
3176 4823 3194 4857 ι
3218 4807 3374 4879 Μήτε
3392 4809 3471 4879 τῷ
3496 4810 3651 4882 θυμῷ

2064 4912 2157 4949 σου
2207 4895 2431 4967 ἐλέγξῃς
2461 4913 2550 4966 με,
2590 4897 2730 4968 μήτε
2762 4900 2831 4970 τῇ
2859 4897 2999 4970 ὀργῇ
3048 4914 3141 4952 σου
3172 4898 3471 4973 παιδεύσῃς
3503 4919 3595 4972 με,
3627 4922 3644 4954 ι

2062 4987 2372 5051 ἀκολούθως
2409 4988 2747 5057 καταφεύγει
2776 4990 2869 5043 ἐπὶ
2890 4990 2983 5044 τὸν
3009 4990 3178 5056 ἔλεον,
3201 4992 3262 5045 ού
3286 4994 3547 5050 τοσοῦτον
3573 4999 3650 5057 είς

2067 5078 2406 5150 προαίρεσιν,
2449 5078 2573 5133 ὅσον
2609 5080 2690 5142 είς
2730 5080 3016 5134 ἀσθένειαν
3061 5082 3308 5151 φύσεως,
3340 5083 3436 5137 τοῦ
3476 5083 3646 5139 κακοῦ

2064 5171 2162 5242 τὴν
2186 5171 2363 5223 αἰτίαν
2387 5170 2626 5239 ἀνάγωψ
2675 5171 2762 5224 Ἐν
2797 5174 2989 5236 κακοῖς
3015 5173 3295 5242 γεγονότα,
3318 5174 3455 5247 ἐλέῳ
3487 5176 3647 5248 θερά-

2060 5280 2283 5316 πειυσοψ
2322 5263 2381 5328 ἐξ
2401 5263 2683 5327 ἀσθενείας
2715 5262 2824 5335 γάρ
2842 5260 3005 5335 ἦλθον
3033 5265 3125 5318 ἐπὶ
3147 5265 3208 5318 τὸ
3237 5266 3432 5330 πάθος.
3461 5268 3557 5331 Τίς
3588 5266 3643 5320 δὲ

2062 5356 2096 5425 ἠ
2135 5353 2424 5419 ἀσθένεια;
2467 5353 2818 5425 Ἐξηρθρὼθη
2846 5353 2914 5409 τά
2958 5355 3093 5409 ὀστᾶ
3140 5372 3263 5426 μου,
3297 5358 3394 5410 καὶ
3426 5356 3637 5425 διελύθη

2062 5445 2169 5501 ἀπὸ
2194 5445 2294 5515 τῆς
2318 5447 2434 5517 μετ’
2459 5445 2703 5518 ἀλλήλων
2729 5448 3012 5519 ἁρμονίας.
3057 5448 3221 5503 Ὀστᾶ
3238 5448 3295 5502 δὲ
3319 5449 3490 5517 λέγει,
3518 5448 3637 5512 τοὺς

454 5617 497 5649 "
525 5614 570 5673 ll
595 5616 722 5674 Cor.
754 5633 828 5682 tv.
853 5619 903 5674 ι.
981 5621 1024 5654 ⁸ο
1049 5621 1238 5682 Matth.
1261 5640 1381 5692 xm,
1405 5625 1493 5681 4'5.
1572 5626 1615 5659 ³⁸
1657 5625 1850 5684 Matth.
1885 5641 2001 5697 vni,
2025 5626 2089 5682 12
2118 5624 2328 5697 ;Marc.
2363 5624 2551 5699 1x32,
2584 5625 2674 5683 45.
2753 5624 2796 5657 ³³
2827 5622 2973 5680 Psal.
2999 5639 3076 5692 vr,
3109 5622 3144 5677 2
3182 5638 3305 5694 sqq.
