3738 5984
120 197 218 251 613

1514 198 1579 253 1N
1609 197 1944 253 PSALMUS.

3257 208 3360 265 6M

121 314 390 386 σώφρονας
422 315 734 386 λογισμοὺς,
776 317 900 380 τοὺς
946 317 1042 388 τὴν
1080 300 1258 388 ψυχὴν
1302 314 1657 385 διερείδοντας

1847 313 1908 364 t?
1963 310 2107 365 Loco
2148 317 2292 367 mota
2340 320 2466 367 sunt
2506 328 2633 368 ossa
2686 329 2827 380 mea,
2883 321 3045 387 atque
3092 331 3129 372 ε
3167 333 3360 377 mutua

124 428 139 455 ‹
165 403 338 459 Ἴασαί
361 421 449 475 με,
478 405 671 475 Κύριε,
701 405 779 458 ὃτι
803 406 1076 477 ἐταράχθη
1106 406 1174 459 τὰ
1200 406 1334 457 ὀστᾶ
1366 420 1487 474 μου.
1517 421 1537 455 ›
1573 402 1683 456 Καὶ

118 496 398 570 ἑρμηνεύει
427 495 521 550 τοῦ
552 496 710 557 λόγον
740 497 799 550 τὸ
822 498 1070 569 αἴνιγμα,
1103 496 1171 550 δι’
1195 489 1273 550 ὧν
1299 497 1545 566 ἐπήγαγε
1573 495 1683 555 τοῖς

120 593 439 665 εἰρημένοις,
465 593 547 645 ὅτι
579 610 597 644 ι
630 594 695 646 Ἡ
717 594 862 663 ψυχή
891 610 992 664 μου
1018 592 1291 664 ἐταράχθη
1325 591 1579 660 σφόδρα.»
1619 587 1684 640 Τί

117 681 203 739 οὖν
228 684 501 756 ἀναϐάλλῃ
521 726 535 748 ,
561 686 745 755 φησιν,
778 685 909 757 πρὸς
929 684 1026 755 τὴν
1052 684 1213 747 ἴασιν,
1247 684 1310 736 σὺ
1341 681 1510 752 Κύριε
1534 697 1546 745 ;
1580 680 1683 743 ἓως

120 776 243 828 πότε
284 774 382 827 οὐκ
412 775 639 842 ἐπάγεις
674 773 971 841 τὸν“ἔλεον;
1002 773 1097 844 οὐχ
1128 774 1259 845 ὁρᾷς
1285 772 1384 841 τῆς
1413 770 1684 842 ἀνθρωπί-

118 887 204 939 νης
240 867 381 937 ζωῆς
427 867 488 920 τδ
515 865 835 938 ὠκύμορον;
869 865 1114 937 ῐιρόλαϐε
1140 869 1207 936 τῇ
1242 865 1542 935 ἐπιστροφῇ
1584 862 1682 932 τῆς

115 960 281 1030 ψυχῆς
310 976 410 1029 μου
432 958 492 1011 τὸ
514 960 808 1027 ἀναγκαῖον
844 959 946 1029 τῆς
966 959 1109 1028 ζωῆς
1130 956 1306 1028 ἡμῶν·
1334 958 1407 1028 μή
1438 974 1566 1010 ποτε
1586 955 1681 1009 τοῦ

116 1050 333 1104 θανάτου
356 1050 703 1114 ἐπιλαϐόντος
724 1052 868 1122 ἀργῇ
900 1051 1048 1103 πᾶσα
1083 1050 1219 1121 πρὸς
1246 1048 1542 1120 θεραπείαν
1565 1049 1680 1102 ἐπίο

115 1160 239 1196 νοια.
274 1142 471 1195 υύκέτι
502 1141 611 1213 γὰρ
644 1141 793 1196 ἔσται
822 1144 880 1195 ὲν
909 1142 985 1213 τῷ
1018 1142 1232 1212 θανάτῳ
1256 1145 1283 1196 ὁ
1311 1142 1399 1195 διὰ
1418 1143 1515 1213 τῆς
1550 1143 1674 1212 μνήο

117 1252 214 1305 μης
244 1232 337 1287 τοῦ
374 1234 507 1287 Θεοῦ
543 1232 877 1304 θεραπεῦσαι
913 1234 1209 1305 δυνάμενος
1233 1234 1333 1303 τὴν
1375 1236 1441 1287 ὲκ
1481 1234 1681 1297 κακίας

114 1319 252 1389 αὐτῷ
296 1321 592 1391 γενομένην
632 1321 806 1375 νόσον.
841 1322 983 1375 Διότι
1028 1323 1122 1375 ἐπὶ
1172 1325 1275 1394 γῆς
1321 1323 1420 1393 μὲν
1468 1323 1679 1392 ἰσχὺνὴ

113 1412 484 1484 ἐξομολόγησις
526 1412 660 1483 ἔχει’
698 1415 756 1466 ὲν
804 1414 861 1468 δὲ
891 1414 968 1484 τῷ
1008 1414 1143 1485 ᾅδῃ,
1184 1414 1341 1467 τοῦτο
1372 1414 1470 1467 οὐκ
1512 1413 1679 1468 ἐστιν.

115 1498 233 1556 Εἶτα
277 1504 354 1567 ὡς
395 1504 638 1568 εἰπόντος
682 1504 864 1569 τινόςο
900 1506 1025 1569 Πῶς
1056 1506 1241 1569 καλεῖς
1265 1506 1358 1558 ἐπὶ
1388 1504 1681 1576 θεραπείαν

1784 405 2241 475 convenientique
2278 405 2421 460 inter
2452 421 2574 462 sese
2599 420 2859 478 compage
2886 409 3174 465 dissoluta.
3217 411 3358 469 Ossa

1784 507 1965 551 autem
2000 496 2138 551 dicit
2162 512 2325 552 sanas
2346 505 2403 553 et
2435 505 2749 553 constantes
2789 499 3144 569 cogitationes
3176 510 3231 558 et
3265 520 3354 559 ra-

1782 589 2163 644 tiocinationes
2195 589 2428 644 animam
2462 588 2866 646 conﬁrmantes.
2891 609 2911 642 ι
2934 590 3078 647 Sana
3110 610 3218 661 me,
3250 594 3357 650 Ι)οη

1783 679 1948 743 mine,
1975 679 2234 749 quoniam
2273 694 2400 734 ossa
2427 694 2545 735 mea
2572 680 2786 753 turbata
2814 690 2966 737 sunt.
2991 701 3010 735 ι
3047 683 3225 754 Atque
3274 686 3359 740 in-

1782 777 2118 840 terpretatur
2143 774 2416 827 sermonis
2444 772 2788 829 involucrum
2810 789 2907 846 per
2930 790 3015 841 ea,
3050 791 3171 847 quae
3194 777 3357 835 dictis

1783 861 2080 931 snbjungit,
2102 862 2377 927 videlicet,
2401 879 2420 913 ι
2441 862 2630 918 Anima
2655 881 2771 921 mea
2796 869 3011 923 turbata
3035 880 3118 925 est
3139 870 3313 925 valde.
3330 889 3351 923 ι

1781 944 1922 1019 Qu'id
1950 954 2116 1025 igitur
2134 954 2345 1019 differs,
2373 956 2572 1027 inquit,
2604 961 2946 1016 sanationem
2975 969 3056 1021 tu.
3089 960 3359 1017 Domine?

1782 1062 2069 1117 quousque
2098 1048 2317 1103 tandem
2351 1051 2784 1106 misericordiam
2816 1068 2925 1108 non
2975 1055 3236 1111 adhibes?
3257 1071 3358 1110 an-

1781 1153 1891 1192 non
1939 1139 2092 1195 vides
2125 1155 2287 1220 quam
2319 1141 2500 1197 brevis
2544 1144 2664 1210 aevi,
2717 1159 2881 1215 quam
2922 1146 3222 1215 praecipitis
3255 1146 3355 1201 fati

1778 1228 1891 1283 vita
1922 1229 2159 1283 humana
2194 1230 2303 1285 sit?
2354 1246 2672 1303 pneoccupa
2715 1235 2951 1288 animam
3004 1250 3182 1290 meam
3223 1251 3358 1290 con-

1782 1320 2045 1374 vertendo
2089 1320 2214 1375 vita:
2254 1332 2455 1376 nostrae
2499 1324 2905 1391 necessitatem,
2955 1340 3026 1380 ne
3053 1340 3177 1380 cum
3208 1339 3358 1381 mors

1782 1412 2001 1467 tandem
2036 1428 2138 1467 nos
2164 1414 2445 1479 invaserit,
2475 1417 2656 1471 omnis
2682 1417 2751 1471 ad
2785 1418 3089 1471 curandum
3134 1417 3358 1488 excogi-

1785 1510 1895 1557 tata
1925 1503 2065 1558 ratio
2096 1504 2303 1559 nullius
2340 1520 2475 1559 usus
2500 1506 2593 1559 sit.
2650 1505 2767 1560 Non
2805 1507 2950 1562 enim
2988 1508 3220 1580 amplius
3252 1509 3361 1563 erit

113 1595 210 1649 τῶν
236 1596 726 1669 πλημμελημάτων
752 1598 844 1651 τὸν
869 1597 1048 1664 ﬂecti;
1080 1599 1216 1668 ποίῳ
1240 1597 1426 1668 τρόπῳ
1452 1597 1510 1649 τὸ
1525 1596 1664 1649 Θεῖοι

1866 1600 2063 1659 morte,
2094 1594 2191 1663 qui
2216 1594 2467 1648 morbum
2496 1610 2562 1648 ex
2590 1595 2892 1651 vitiositate
2922 1603 3085 1667 atque
3113 1597 3359 1667 nequitia

115 1686 463 1758 ίλεωσάμενος
480 1706 495 1755 ;
514 1687 654 1741 οὕτω
671 1691 853 1759 φησιν,
881 1689 963 1743 ὅτι
986 1707 1007 1740 ι
1040 1690 1334 1743 Ἐκοττίασα
1361 1692 1417 1743 ὲν
1440 1688 1516 1759 τῷ
1551 1707 1671 1742 στε-

112 1778 289 1849 ναγμῷ
314 1795 440 1849 μου,
472 1779 565 1832 καὶ⁸
601 1780 851 1851 ἐκπλυνῶ
874 1780 971 1851 τὴν
997 1780 1056 1848 ἐξ
1084 1782 1355 1853 ἁμαρτίας
1386 1780 1672 1853 στρωμνὴν

119 1867 181 1937 ιῷ
210 1870 314 1923 τῶν
340 1869 593 1941 δακρύων
620 1871 790 1924 ὕδατι.
816 1893 835 1927 ι

1781 1686 1883 1742 sibi
1901 1694 2249 1740 contractum
2269 1702 2366 1751 per
2381 1689 2814 1744 recordationem
2835 1687 2931 1745 Dei
2948 1705 3141 1745 curare
3160 1691 3355 1760 possit,

1777 1778 2034 1847 quoniam
2065 1777 2120 1833 in
2152 1787 2299 1834 terra
2320 1779 2539 1849 quidem
2563 1779 2842 1836 confessio
2885 1782 3035 1837 vires
3061 1782 3258 1836 habet:
3297 1781 3355 1836 in
3401 1828 3413 1839 .

1777 1869 1990 1924 inferno
2044 1880 2220 1925 autem
2269 1886 2380 1925 non
2430 1872 2640 1927 itidem.
2693 1871 2899 1928 Deinde
2950 1873 3106 1943 quasi
3153 1872 3354 1943 aliquis

114 1964 353 2018 dixisset:
393 1962 680 2028 Quomodo
702 1961 963 2017 curandis
998 1961 1218 2019 delictis
1242 1961 1673 2019 misericordiam
1710 1959 2015 2029 imploras?
2045 1974 2152 2028 qua
2194 1960 2407 2014 ratione
2448 1975 2649 2016 numen
2695 1961 2941 2016 divinum
2970 1962 3241 2033 placasti?
3276 1962 3356 2019 ita

113 2056 250 2120 dicit,
285 2074 304 2107 ι
325 2054 596 2110 Laboravi
642 2057 694 2109 in
727 2048 929 2128 gemitu
958 2072 1101 2125 meo,
1129 2065 1183 2113 et
1207 2060 1572 2130 lacrymarum
1614 2055 1836 2110 ﬂumine
1876 2055 2059 2109 eluam
2099 2071 2162 2109 ex
2192 2065 2416 2125 peccato
2446 2063 2784 2111 constratum
2815 2057 3013 2112 lectum
3037 2058 3102 2111 ³³.
3144 2076 3165 2109 ι

172 2150 263 2204 Διὰ
289 2152 340 2204 τί
357 2150 532 2206 ταῦτα
550 2170 564 2217 ;
585 2152 708 2205 Ὀτι
738 2155 794 2206 ὲν
824 2152 1001 2224 θυμῷ,
1026 2156 1208 2225 φησιν,
1225 2157 1253 2208 ὁ
1271 2155 1546 2225 ὀφθαλμός
1569 2171 1668 2225 μου

113 2242 389 2315 ἐταράχθη,
432 2244 641 2297 καὶ-διὰ
684 2244 841 2298 τοῦτο
890 2245 1118 2311 παλαιός
1150 2265 1232 2310 τις
1270 2248 1364 2301 καὶ
1407 2248 1675 2319 ὲρῤυτιῶν

112 2333 380 2403 ἐγενόμην,
415 2332 511 2385 τοῦ
559 2332 732 2404 θυμοῦ
777 2334 869 2388 τοῦ
905 2334 1054 2405 παρὰ
1084 2334 1194 2388 τῶν
1223 2335 1431 2406 ἐχθρῶν
1469 2353 1557 2406 μοι
1584 2336 1675 2404 ἐγ-

64 2458 69 2465 -
114 2424 385 2494 γενομένου
428 2427 496 2493 τῇ
533 2423 677 2496 ψυχῇ
706 2424 804 2496 τὴν
854 2426 1119 2495 σηπεδόνα
1151 2428 1494 2496 ποιήσαντος.
1530 2427 1593 2479 Ei
1617 2426 1676 2478 δὲ

113 2513 265 2584 θυμὴ
311 2516 474 2585 μόνος
525 2514 774 2569 τοσοῦτον
826 2516 1044 2585 ἐμποιεῖ
1081 2516 1245 2585 φόϐον
1288 2516 1366 2588 τῷ
1408 2516 1475 2571 δι’
1504 2515 1669 2570 αὐτοῦ

115 2606 571 2679 πλημμελήσαντι,
609 2607 760 2679 πόσῳ
803 2606 1000 2677 μᾶλλον
1047 2608 1194 2671 είκός
1237 2609 1384 2662 ἐστιν
1429 2610 1485 2662 ὲν
1531 2609 1669 2662 ἀπο-

112 2696 291 2760 γνώσει
312 2696 566 2765 γενέσθαι
594 2698 693 2767 τῆς
726 2696 1004 2767 σωζούσης
1043 2698 1277 2763 ἐλπίδος,
1306 2700 1431 2763 τοὺς
1464 2699 1538 2771 μὴ
1571 2701 1669 2771 μό·

112 2803 188 2839 νον
206 2787 271 2840 τὰ
289 2790 353 2841 ἐκ
374 2788 469 2842 τοῦ
496 2787 665 2859 θυμοῦ
688 2788 835 2860 πάθη
865 2788 943 2860 τῷ
966 2790 1078 2861 ἰδίῳ
1110 2790 1210 2863 βίῳ
1234 2792 1667 2860 συνεγνωκότας,

112 2878 229 2931 ἀλλὰ
273 2880 364 2934 καὶ
412 2881 516 2934 ὅσα
563 2880 826 2950 ἐπιθυμία
867 2881 1180 2951 ἐργάζεται,
1224 2883 1318 2936 καὶ
1370 2883 1667 2950 πλεονεξία,

114 2969 196 3019 καὶ
219 2968 402 3037 τῦφος,
435 2969 531 3023 καὶ
559 2970 858 3040 φιλοτιμία,
903 2972 999 3024 καὶ
1037 2966 1251 3042 φθόνος,
1284 2973 1377 3026 καὶ
1416 2975 1446 3027 ὁ
1487 2974 1671 3038 λοιπὸς

111 3057 260 3126 ἑσμὸς
290 3059 395 3113 τῶν
425 3059 783 3129 ἀνθρωπίνων
809 3062 1028 3130 κακῶν;
1068 3063 1166 3117 Διὰ
1198 3065 1355 3117 τοῦτο
1378 3065 1512 3136 πρὸς
1546 3067 1671 3129 τοὺς

112 3148 464 3212 παντοδαποὺς
500 3149 720 3221 ὲχθροὺς
743 3153 1089 3224 ἀποστρέψας
1116 3153 1207 3207 τὸν
1235 3153 1414 3223 λόγον,
1450 3174 1468 3206 ι
1511 3155 1670 3207 Ἀπό-
1710 3143 1719 3149 ’

120 3255 313 3309 arma,»
343 3240 533 3311 φησιν,
559 3259 577 3291 ι
618 3242 711 3294 ἀπ’
734 3240 889 3311 ἐμοῦ,
915 3244 1113 3305 πάντες
1131 3245 1180 3297 οἱ
1201 3244 1553 3315 ἐργαζόμενοι
1570 3244 1669 3315 τὴν

111 3329 338 3397 ἀνομίαν.
384 3348 403 3381 ι
439 3330 693 3385 Δείκνυσι
732 3331 788 3384 δὲ
820 3332 898 3403 τῷ
930 3332 1130 3403 ἑφεξῆς
1156 3333 1299 3405 λόγῳ
1326 3335 1423 3404 τὴν
1460 3333 1670 3405 ἀγαθὴν

112 3418 282 3474 ἐλπίδα
309 3420 402 3475 τοῦ
444 3421 515 3473 ὲκ
548 3421 828 3491 μετανοίας
861 3423 1291 3494 προσγινομένω
1316 3426 1448 3493 ἡμῖν
1475 3440 1673 3494 κατορ-

113 3509 358 3580 θώματος.
380 3511 561 3576 Εὐθὺς
583 3512 691 3582 γὰρ
711 3513 845 3582 ὁμοῦ
870 3530 929 3565 τε
950 3516 1075 3577 τοὺς
1100 3514 1239 3585 ὑπὲρ
1261 3512 1671 3584 τῆςμετανοίας

112 3600 176 3670 τῷ
193 3602 304 3673 Θεῷ
324 3604 649 3675 προσήγαγε
673 3604 885 3673 λόγους,
910 3606 1002 3658 καὶ
1027 3606 1105 3669 είς
1129 3605 1477 3676 συναίσθησιν
1502 3603 1670 3658 ἐλθὼν

113 3693 194 3762 τῆς
217 3694 304 3747 τοῦ
333 3694 469 3748 Θεοῦ
521 3694 647 3765 περὶ
692 3696 854 3748 αὑτὸν
887 3696 1191 3767 εὐμενείας,
1236 3694 1545 3768 δημοσιεύει
1573 3694 1669 3765 τὴν

114 3782 270 3852 χάριν,
296 3787 389 3838 καὶ
415 3788 487 3856 τῇ
503 3784 682 3855 δωρεᾷ
698 3785 1081 3853 ἑπαγάλλεται,
1113 3786 1284 3855 λέγων
1300 3804 1313 3818 ·
1339 3786 1670 3858 «Εἰσήκουσε

116 3871 294 3944 Κύριος
322 3876 423 3946 τῆς
472 3875 658 3946 φωνῆς
703 3876 801 3945 τῆς
849 3876 1083 3955 δεήσεώς
1125 3894 1225 3946 μου
1263 3891 1277 3905 ⁸
1324 3877 1527 3948 Κύριος
1572 3878 1670 3949 τὴν

84 3967 400 4037 -προσευχήν
456 3984 561 4037 μου
608 3966 985 4036 προσεδέξατο.
1030 3985 1049 4019 ι
1089 3968 1176 4029 Ὠς
1229 3967 1295 4019 ἂν
1344 3962 1437 4020 οὖν
1483 3969 1563 4031 είς
1608 3968 1670 4021 τὸ

117 4053 332 4123 διηνεκὲς
364 4057 515 4129 αὺτῷ
545 4057 606 4112 τὸ
648 4057 848 4125 ἀγαθὸν
885 4058 1209 4127 παραμένοι,
1242 4058 1304 4111 τὸ
1350 4059 1413 4111 ὲκ
1440 4058 1540 4129 τῆς
1570 4076 1669 4130 με·

123 4145 318 4210 τανοίας
345 4148 495 4219 αὐτῷ
523 4147 973 4219 προσγενόμενον,
1004 4149 1098 4202 καὶ
1130 4150 1204 4220 μὴ
1220 4150 1477 4221 δευτέρας
1509 4150 1669 4205 πάλιν

120 4237 380 4301 μετανοίας
424 4238 615 4308 χρείαν
658 4241 687 4291 ὀ
718 4237 830 4307 βίος
859 4237 1014 4291 λάϐοι
1040 4253 1054 4267 ’
1091 4240 1504 4310 ἀποστραφῆναι
1542 4240 1669 4303 τοὺς

1844 2149 1971 2205 llaec
2004 2146 2402 2229 quamobrem?
2430 2147 2697 2215 Quoniam
2737 2153 2793 2207 in
2822 2153 3007 2209 furore
3037 2161 3094 2208 et
3132 2154 3353 2209 iracun-

1774 2242 1885 2309 dia,
1914 2241 2110 2312 inquit,
2144 2242 2398 2297 turbatus
2424 2249 2507 2297 cst
2531 2243 2725 2297 oculus
2754 2258 2929 2310 meus,
2951 2252 3117 2315 atque
3144 2244 3350 2301 idcirco

1775 2343 2026 2389 vetustus
2056 2332 2278 2403 quidam
2321 2348 2384 2387 ac
2413 2333 2692 2388 marcidus
2747 2334 2928 2392 factus
2955 2351 3097 2398 sum,
3149 2338 3352 2409 quippe

1778 2440 1904 2479 cum
1937 2424 2109 2490 iuror,
2135 2432 2189 2480 et
2222 2423 2510 2478 iracundia
2559 2437 2656 2493 per
2690 2424 2946 2481 inimicos
2980 2427 3035 2480 in
3071 2442 3156 2482 me
3187 2443 3354 2498 gene-

1780 2523 1899 2570 rata
1944 2516 2179 2570 animam
2216 2516 2503 2587 putredine
2541 2514 2793 2570 infecerit
2823 2525 2986 2587 atque
3014 2520 3345 2587 corruperit.

1776 2605 1935 2674 Quod
1969 2608 2016 2663 si
2047 2606 2204 2661 furor
2237 2614 2291 2661 et
2320 2606 2606 2661 iracundia
2665 2607 2781 2662 sola
2838 2614 3048 2662 tantum
3083 2614 3345 2663 terrorem

1776 2700 1848 2765 ei,
1878 2700 1971 2769 qui
2006 2714 2102 2768 per
2131 2714 2249 2753 eam
2279 2698 2592 2768 deliquerit,
2630 2698 2854 2763 incutit,
2916 2706 3123 2769 quanto
3176 2701 3351 2769 magis

1780 2789 2078 2844 verisimile
2132 2796 2217 2843 est
2265 2788 2495 2842 salutem
2529 2788 2918 2858 deeperatnros
2946 2803 3069 2844 esse
3106 2803 3221 2852 eos,
3254 2788 3351 2858 qui

1777 2893 1887 2932 non
1920 2877 2083 2932 modo
2110 2893 2206 2947 per
2224 2876 2575 2932 iracundiam
2616 2880 2669 2931 in
2732 2879 2844 2932 vita
2888 2879 3309 2934 commissorum
3331 2921 3345 2942 ,

1776 2986 1964 3025 verum
1988 2969 2151 3023 etiam
2170 2984 2380 3031 eorum,
2406 2985 2525 3039 quae
2546 2969 2840 3039 cupiditas.
2868 2985 2995 3040 quae
3014 2970 3162 3025 fraus
3183 2978 3355 3040 atque

1774 3061 2026 3125 avaritia,
2065 3076 2187 3132 quae
2220 3060 2432 3123 fastus,
2480 3077 2602 3130 quae
2655 3061 2901 3129 ambitio,
2937 3068 3058 3130 Quae
3118 3061 3346 3125 invidia,

1775 3170 1896 3225 quae
1928 3155 2199 3224 reliquum
2234 3154 2598 3208 humanorum
2625 3154 2880 3208 vitiorum
2909 3160 3180 3223 perpetrat
3211 3166 3343 3208 exa-

1775 3262 1924 3309 men,
1967 3254 2322 3316 peccatorum
2378 3244 2481 3299 sibi
2541 3245 2750 3299 conscii
2809 3245 2982 3299 sunt?
3016 3244 3225 3298 Idcirco
3278 3242 3348 3297 ad

1771 3339 1906 3391 varii
1934 3337 2152 3408 generis
2173 3337 2427 3391 inimicos
2446 3350 2641 3391 averso
2665 3350 2918 3389 sermone
2936 3350 2979 3386 ει
3006 3334 3298 3397 Discedite,
3323 3351 3343 3385 ι

1773 3427 1970 3497 inquit,
1994 3445 2011 3478 ι
2046 3440 2076 3479 a
2097 3441 2202 3491 me,
2232 3440 2423 3479 omnes
2443 3425 2533 3493 qui
2556 3423 2855 3493 operamini
2883 3421 3298 3491 iniquitatem“.
3322 3440 3342 3475 ι

1771 3516 2023 3573 Ostendit
2071 3523 2250 3571 autem
2302 3514 2551 3585 proxime
2606 3513 2855 3579 sequenti
2922 3526 3086 3566 versu
3148 3512 3348 3566 bonam

1772 3626 1924 3681 spem
1955 3624 2249 3665 successus
2282 3596 2533 3676 pro'speri
2562 3604 2723 3659 nobis
2753 3619 2818 3659 ex
2859 3603 3183 3673 paenitentia
3220 3618 3351 3673 pro-

1770 3700 2066 3756 venientis.
2105 3696 2301 3752 Statim
2335 3695 2481 3750 enim
2514 3692 2676 3748 simul
2715 3699 2878 3761 atque
2908 3691 3073 3745 verba
3107 3690 3217 3746 Deo
3248 3706 3349 3761 pro

1771 3791 2096 3863 poenitentia
2123 3787 2346 3854 obtulit,
2372 3801 2496 3840 cum
2533 3783 2966 3839 benevolentiam
2994 3780 3088 3837 Dei
3123 3770 3346 3854 erga‘,se
3438 3854 3444 3861 θ

1772 3885 1968 3948 sensit,
2009 3892 2120 3937 tum
2155 3880 2388 3952 gratiam
2424 3878 2668 3948 divulgat
2709 3891 2774 3931 ac
2832 3873 3114 3944 praedicat,
3169 3881 3224 3929 et
3275 3876 3348 3931 ob

1770 3978 1975 4031 donum
2003 3973 2107 4029 sibi
2140 3973 2317 4043 placet
2352 3979 2518 4041 atque
2549 3972 2784 4034 laetatur,
2820 3969 3052 4024 dicens:
3095 3986 3115 4021 ι
3162 3967 3347 4025 Exau-

1770 4067 1907 4121 divit
1942 4064 2207 4120 Dominus
2266 4078 2452 4118 vocem
2516 4062 2916 4133 deprecationis
2976 4075 3160 4117 meae:
3226 4059 3349 4116 Do-

1770 4160 1954 4214 minus
2028 4158 2336 4213 orationem
2418 4170 2594 4211 meam
2689 4153 2953 4224 suscepit.
2997 4151 3109 4207 )Ut
3179 4153 3347 4224 igitur

1772 4251 1826 4304 in
1868 4257 2191 4320 perpetuum
2231 4246 2376 4317 apud
2432 4262 2492 4302 se
2512 4253 2737 4300 maneat
2792 4244 2845 4299 id
2884 4245 3031 4315 quod
3061 4260 3129 4300 ex
3170 4246 3347 4316 paeni-

118 4325 318 4396 ἑχθροὺς
361 4328 527 4382 αὐτοῦ
571 4328 746 4381 δεῖται
780 4329 848 4382 δι’
882 4329 1141 4401 αἰσχύνης
1182 4331 1664 4402 μαστιγουμένους.

1844 4340 1943 4393 ιιῐε
1978 4340 2183 4394 bonum
2216 4337 2323 4407 ipsi
2355 4336 2608 4398 accessit,
2640 4349 2703 4389 ac
2735 4334 2845 4389 vita
2879 4325 3187 4390 non’altera
3222 4351 3346 4390 rur-

126 4415 177 4467 ὐ
198 4418 297 4488 γὰρ
319 4419 628 4492 αἰσχυνθεὶς
658 4422 749 4473 ἐπὶ
774 4422 839 4491 τῇ
860 4420 953 4475 τοῦ
981 4421 1151 4474 κακοῦ
1181 4423 1510 4493 ὲγχειρήσει,
1542 4439 1668 4475 παι-

118 4503 323 4580 δαγωγῷ
346 4510 483 4581 πρὸς
516 4510 577 4562 τὸ
609 4509 801 4580 μηκέτι
830 4512 939 4573 τοῖς
973 4511 1154 4574 αὐτοῖς
1186 4512 1563 4583 συνενεχθῆναι
1597 4512 1663 4581 τῇ

124 4598 327 4672 αἰσχύνῃ
356 4600 671 4672 χρώμενος,
717 4601 813 4671 τῆς
859 4600 966 4653 τῶν
1015 4602 1213 4672 ὁμοίων
1246 4601 1438 4671 πείρας
1470 4604 1547 4665 είς
1574 4600 1666 4654 τὸν

121 4686 294 4761 ἑφεξῆς
315 4693 507 4762 χρόνον
532 4692 804 4761 ἀφέξεται.
831 4692 976 4763 Αὕτη
1000 4693 1100 4762 τῆς
1124 4693 1331 4763 ἀγαθῆς
1350 4693 1665 4758 ἀναϐάσεως

122 4777 465 4844 ήάκολουθία.
530 4782 591 4835 '0
620 4781 875 4854 τέταρτος
919 4780 1129 4853 ψαλμὸς
1160 4782 1221 4835 τὸ
1261 4783 1421 4837 ἄῦλον
1463 4783 1664 4852 ἀγαθὸν

122 4867 213 4920 ἀπὸ
240 4870 327 4923 τοῦ
372 4871 691 4942 σωματικοῦ
733 4873 826 4925 καὶ
876 4872 1311 4945 σαρκωδεστέρου
1358 4874 1619 4945 διέκρινεν
1647 4890 1660 4903 ·

122 4955 209 5020 δέ’,
230 4959 317 5013 τοῦ
337 4961 579 5014 τοιούτου
604 4961 807 5030 ἀγαθοῦ
841 4963 938 5035 τὴν
960 4963 1321 5035 κληρονομίαν
1352 4964 1624 5035 ἐπηύξατο
1647 4980 1661 4994 ·

128 5049 307 5119 ὁέκτος
328 5056 417 5110 τὸν
440 5057 630 5128 καιρὸν
676 5058 774 5128 τῆς
818 5058 1183 5129 κληρονομίας
1231 5059 1478 5126 ὑπέδειξε
1503 5100 1518 5125 ,
1566 5060 1665 5131 τῆς

124 5142 321 5216 Ὀγδόης
337 5147 611 5219 μνησθείς·
625 5151 659 5220 ἡ
671 5147 885 5219 Ὀγδόη,
897 5149 987 5204 τὸν
999 5150 1095 5221 τῆς
1107 5151 1339 5223 κρίσεως
1353 5151 1663 5223 ὲφανέρωσε

126 5226 294 5299 φόϐονυ
325 5240 357 5309 ή
387 5239 590 5310 κρίσις,
623 5242 732 5303 τοῖς
761 5241 882 5294 καθ’
917 5242 1061 5312 ἡμᾶς
1091 5242 1436 5314 ἁμαρτωλοῖς
1460 5242 1663 5314 προλα-

125 5320 219 5377 ϐεῖν
243 5328 304 5397 τῇ
335 5325 594 5399 μετανοίᾳ
633 5329 700 5381 τὰ.
740 5330 943 5401 φοϐερὰ
974 5331 1407 5386 συνεϐούλευσεν.
1447 5328 1598 5397 Εἶτα,
1627 5334 1660 5405 ἡ

126 5415 374 5485 μετάνοια,
400 5418 435 5489 ή
464 5417 608 5473 κατὰ
644 5419 799 5488 λόγον
836 5419 913 5492 τῷ
942 5420 1059 5489 Θεῷ
1094 5408 1485 5496 προσαχθείσα,
1518 5424 1575 5479 τὸ
1605 5422 1664 5487 ἐξ

186 5588 384 5653 ³³Ρεξιὶ.
418 5611 492 5660 vt,
536 5596 587 5649 7.
672 5598 713 5629 “
737 5597 927 5654 Matth.
956 5614 1051 5666 νη,
1081 5599 1169 5655 ‘23.

1774 4446 1870 4486 sus
1907 4427 2227 4499 paenitentia
2263 4443 2400 4498 opus
2436 4426 2653 4491 habeat,
2683 4430 2826 4489 orat,
2879 4456 2892 4467 ς
2927 4432 2989 4478 ιιι
3017 4424 3223 4480 inimici
3258 4425 3345 4480 sui

1773 4496 1985 4593 pudore
2011 4519 2264 4591 castigati
2293 4496 2632 4573 avertantur.
2669 4514 2805 4569 Nam
2845 4515 2940 4586 qui
2990 4518 3061 4570 ob
3096 4515 3150 4570 id
3198 4515 3342 4585 quod

1773 4613 1977 4667 malum
2032 4611 2213 4667 facere
2252 4625 2422 4665 ausus
2469 4607 2560 4669 sit.
2618 4606 2859 4669 erubuit,
2915 4606 3127 4676 pudore
3184 4608 3342 4676 quasi

1773 4701 2122 4758 moderatore
2149 4710 2311 4757 utens
2346 4700 2414 4755 ad
2442 4700 2566 4763 hoc,
2598 4713 2668 4753 ne
2693 4696 2929 4766 amplius
2951 4696 3140 4751 iisdem
3184 4697 3345 4753 malis

1772 4793 2141 4857 conﬂictetur,
2190 4809 2221 4848 a
2272 4791 2571 4848 tcntatione
2629 4787 2891 4844 similium
2951 4786 3007 4839 in
3063 4795 3340 4855 posterum

1772 4884 2242 4942 abstinebit.-litec
2266 4884 2421 4938 bonae
2444 4879 2790 4938 ascensionis
2813 4876 3210 4947 consequentia
3233 4883 3338 4931 est.

1772 4978 2013 5044 Quartus
2038 4978 2280 5049 psalmus
2316 4972 2674 5029 immateriale
2706 4971 3204 5039 incorporeumque
3239 4966 3341 5020 bo-

1772 5081 1902 5120 num
1950 5080 1979 5118 a
2030 5079 2294 5135 corporeo
2355 5078 2667 5133 carneoque
2720 5059 3025 5125 discrevit;
3089 5056 3338 5128 quintus,

1770 5153 2041 5224 ejusmodi
2082 5154 2206 5210 boni
2254 5153 2632 5209 baereditatem
2687 5155 2942 5222 precatus
2970 5155 3096 5215 est;
3151 5153 3341 5203 sextus

1771 5244 1991 5300 Octava:
2024 5245 2167 5301 facta
2202 5245 2500 5311 mentione,
2533 5251 2751 5315 tempus
2777 5238 3112 5297 baereditatis
3152 5245 3344 5295 osten-

1771 5340 1892 5405 dit;
1922 5338 2125 5395 Octava
2157 5338 2353 5409 judicii
2386 5348 2650 5393 terrorem
2711 5343 2838 5392 ante
2880 5333 3073 5390 oculos
3131 5331 3338 5420 posuit;

1766 5430 2036 5500 iudicium
2062 5445 2165 5487 nos
2202 5436 2522 5500 peccatores
2573 5425 2877 5492 admonuit,
2917 5431 2986 5486 ut
3012 5410 3334 5490 pmnilenlia
