3766 5986
394 179 499 236 615

1607 171 1665 229 s.
1706 170 2031 230 eneeonu
2057 150 2353 231 “ssent

3556 177 3660 233 616

393 291 663 351 terribilia
712 288 1151 361 praeveniamus;
1221 285 1416 344 deinde
1454 286 1783 357 poenitentia
1847 303 1878 342 c

2171 293 2246 363 τῆς
2271 292 2402 363 ἡμῖν
2430 292 2706 363 γινόμενον
2734 290 2921 362 κέρδος
2946 290 3355 363 εὐηγγελίσατο,
3390 291 3623 348 εἰποῦσα
3641 336 3658 360 ,

393 387 607 441 ratione
635 383 747 439 Deo
794 382 1004 447 oblata,
1064 382 1302 446 lucrum,
1357 379 1504 448 quod
1561 394 1627 434 ex
1679 394 1741 435 ea
1800 382 1975 452 magis

394 477 555 533 nobis
589 477 882 547 contingit,
916 474 1281 539 denuntiavit,
1314 489 1438 529 cum
1475 472 1653 528 dixit:
1682 491 1702 525 ι
1732 472 1973 528 Exaudi-

393 571 472 623 vit
505 568 769 623 Dominus
803 582 993 621 vocem
1034 581 1158 621 cum
1189 566 1449 636 lacrymis
1477 579 1537 620 se
1570 564 1639 619 ad
1676 579 1801 619 eum
1839 579 1976 620 cono

392 661 675 715 vertentis.
719 678 740 712 ι
777 658 898 724 Quo
931 657 1078 711 facto
1111 664 1169 711 ut
1204 657 1406 711 bonum
1440 656 1573 710 illud
1602 656 1659 710 in
1694 664 1972 727 posterum

396 752 557 807 nobis
609 750 1041 805 illabel'actatum
1079 762 1144 802 ac
1201 748 1400 803 stabile
1458 756 1797 818 permaneat,
1855 756 1976 803 orat

394 841 686 911 Propheta,
718 848 777 894 ut
808 840 1155 895 inimicorum
1195 855 1457 896 sensuum
1488 848 1654 910 atque
1687 840 1974 912 cogitatio-

393 949 524 988 num
554 948 651 1002 pcr
680 931 942 1001 pudorem
1006 931 1232 986 abolitio
1293 933 1600 1003 contingat.
1658 930 1776 986 Non
1828 932 1971 987 enim

394 1025 501 1078 alia
530 1025 745 1079 ratione
784 1024 1044 1077 inimicus
1073 1022 1273 1092 aliquis
1302 1033 1356 1078 et
1386 1023 1608 1093 iniquus
1636 1024 1803 1079 animi
1837 1040 1973 1080 con-

393 1122 590 1182 ceptus
613 1129 677 1167 ac
707 1114 1214 1182 sensuS‘exstingui
1257 1120 1458 1183 potest,
1496 1114 1601 1169 nisi
1636 1114 1812 1185 pudor
1851 1114 1971 1185 ejus

394 1204 753 1259 abolitionem
782 1205 1119 1259 intrinsecus
1148 1202 1410 1259 eﬂ‘ecerit.
1441 1204 1634 1261 Hiatus
1662 1206 1806 1261 enim
1864 1207 1972 1261 alte

395 1296 695 1367 depressus
750 1303 917 1365 atque
950 1297 1225 1350 contritus
1256 1297 1435 1367 pudor
1493 1297 1564 1352 ob
1597 1298 1764 1352 vitam
1830 1299 1972 1354 male

394 1398 575 1445 actam
606 1388 843 1451 exsistit,
882 1388 951 1443 ab
1008 1389 1229 1444 homine
1268 1397 1550 1458 peccatum
1604 1390 1771 1444 veluti
1811 1405 1971 1445 muro

393 1499 492 1552 per
531 1497 651 1537 sese
682 1481 946 1537 dirimens
980 1489 1145 1551 atque
1173 1482 1511 1538 discludens.
1566 1480 1822 1538 Dicamus
1854 1482 1970 1553 igi-

394 1584 504 1639 tur,
537 1594 555 1626 ι
588 1574 930 1629 Erubescant
953 1584 1007 1629 et
1038 1582 1384 1629 revertantur
1405 1575 1755 1630 vehementer
1777 1591 1968 1631 omnes

392 1666 596 1721 inimici
628 1668 753 1720 mei.
796 1687 815 1719 ι
882 1665 1091 1721 Inimici
1123 1676 1325 1728 autem,
1364 1666 1618 1721 videlicet
1673 1667 1962 1723 domestici

390 1757 533 1821 ejus,
572 1756 667 1825 qui
700 1771 764 1810 ex
798 1756 966 1811 corde
996 1757 1300 1826 procedunt
1349 1765 1403 1811 et
1456 1757 1747 1826 inquinant
1791 1758 1967 1812 homi-

392 1862 536 1911 nem,
567 1846 768 1917 quibus
801 1847 1051 1903 celeriter
1074 1864 1198 1904 cum
1232 1848 1440 1919 pudore
1468 1849 1700 1915 aversis,
1732 1851 1967 1920 excipiet

2079 384 2164 436 ὅτι
2198 384 2529 453 «Εὶσήκουσε
2560 385 2765 454 Κύριος
2790 385 2888 454 τῆς
2905 386 3087 457 φωνῆς
3117 385 3210 440 τοῦ
3244 385 3384 457 μετὰ
3407 386 3661 457 δακρύων

2078 471 2217 542 πρὸς
2241 472 2404 526 αὑτὸν
2422 469 2978 543 ἐπιστρέφοντος.ιοῦ
2998 479 3311 546 γενομένου,
3328 476 3406 539 ὡς
3433 475 3505 529 ἂν
3530 478 3664 552 πρῦς

2074 566 2168 618 τὸν
2200 565 2395 637 ἐφεξῆς
2423 567 2613 637 χρόνον
2639 567 3028 639 ἀμετάπτωτον
3060 571 3192 641 ἡμῖν
3218 569 3281 623 τὸ
3306 569 3519 638 ἀγαθὸν
3561 587 3665 624 πα·-

2080 655 2338 724 ραμένοι,
2372 655 2462 708 τὸν
2510 657 2817 728 ἀφανισμὸν
2847 657 2955 711 τῶν
3003 659 3211 731 ἐχθρῶν
3257 658 3557 729 νοημάτων
3595 659 3662 711 δι’

2075 743 2336 815 αἰσχύνης
2363 747 2614 815 γενέσθαι
2664 748 2973 819 παρακαλεῖ
3015 752 3043 803 ὁ
3074 752 3387 825 Προφήτης.
3441 751 3523 803 Οὐ
3557 750 3662 822 γὰρ

2075 835 2222 889 ἐστιν
2251 836 2424 900 ἄλλως
2452 837 2645 907 ἐχθρόν
2668 855 2719 890 τι
2746 838 2838 892 καὶ
2860 838 3170 909 παράνομον
3191 838 3372 909 νόημα
3398 841 3665 892 κατασϐε-

2076 927 2291 999 σθῆναι,
2341 929 2417 999 μὴ
2447 931 2706 1001 αἰσχύνης
2739 928 2904 982 αὐτοῦ
2940 930 3030 982 τὸν
3059 930 3365 1000 ἀφανισμὸν
3396 929 3659 1000 ἐμποιού-

2076 1037 2195 1092 σης.
2234 1022 2437 1091 Χὰσμα
2469 1021 2578 1091 γὰρ
2620 1024 2826 1091 γίνεται
2876 1021 2963 1075 διὰ
2997 1020 3191 1091 βάθους
3235 1021 3658 1092 ἐστηριγμένον,

2073 1114 2106 1183 ἡ
2149 1114 2244 1166 ἐπὶ
2274 1117 2386 1177 τοῖς
2416 1115 2600 1178 κακῶς
2633 1114 2986 1186 βεϐιωμένοις
3028 1111 3290 1185 αἰσχύνη,
3338 1113 3410 1167 δι’
3459 1115 3659 1183 ἑαυτῆς

2070 1204 2165 1258 τοῦ
2208 1204 2497 1276 ἀνθρώπου
2545 1206 2643 1278 τὴν
2691 1206 2965 1279 ἁμαρτίαν
3015 1204 3457 1275 ἀποτειχίζουσα.
3510 1202 3659 1257 Εἴπω

2071 1292 2164 1351 οὖν
2188 1337 2204 1363 ,
2238 1299 2320 1352 ὅτι
2359 1318 2377 1351 ι
2413 1299 2842 1370 Αἰσχυνθείησαν
2872 1301 2965 1353 καὶ
3007 1299 3408 1370 ὲντραπείησαν
3453 1297 3660 1369 σφῶρι

2072 1390 2271 1454 πάντες
2298 1392 2348 1444 οἱ
2371 1392 2554 1463 ἐχθροί
2583 1409 2741 1462 μου.»
2763 1392 2977 1463 Ἐχθροὶ
3007 1391 3061 1445 δὲ
3081 1391 3328 1462 δηλονότι
3353 1392 3402 1443 οἱ
3421 1390 3659 1443 οἰκιακοὶ

2070 1481 2257 1547 αὐτοῦ,
2290 1484 2339 1537 οἱ
2389 1485 2453 1537 ὲκ
2478 1485 2577 1555 τῆς
2625 1483 2850 1554 καρδίας
2892 1483 3336 1556 ἐκπορευόμενοι,
3386 1481 3485 1535 καὶ
3543 1498 3657 1533 xc:-

2070 1573 2286 1638 νοῦντες
2305 1574 2393 1627 τὸν
2422 1574 2707 1645 ἄνθρωπον
2730 1593 2742 1605 ·
2777 1568 2851 1627 ὧν
2875 1574 3161 1645 διατάχους
3190 1570 3657 1642 ἀποστραφέντων

1999 1630 2041 1687 Β
2074 1668 2191 1736 μετ’
2226 1630 2507 1738 αξσχύνης,
2529 1630 2835 1732 διαδέξεται
2864 1630 3068 1738 huic;
3097 1630 3252 1729 9:111;
3283 1630 3594 1734 ring-6631;;
3626 1663 3657 1729 ἡ

2070 1759 2443 1831 εἱςοαὶσχύνην
2474 1759 2550 1831 μὴ
2576 1760 2956 1830 καταλήγουσα
2977 1799 2991 1821 ,
3038 1760 3220 1830 χάριτι
3262 1754 3359 1809 τοῦ
3405 1753 3617 1825 Κυρίου
3641 1767 3655 1780 ’

2070 1842 2115 1916 ᾧ
2147 1851 2180 1920 ή
2210 1849 2336 1914 δόξα
2368 1852 2448 1915 εἰς
2482 1852 2858 1915 τοὺςθαίῶνας.
2904 1852 3095 1923 Ἀμήν.

389 1951 491 1991 nos
519 1949 645 2006 Spes
666 1936 871 2006 gloriae,
901 1952 1022 2007 quae
1050 1952 1159 1992 non
1181 1937 1383 1993 desinit
1406 1938 1459 1993 in
1490 1938 1775 2008 pudorem,
1795 1941 1972 2011 gratia
2001 1940 2241 2005 Domini,
2269 1942 2359 1996 cui
2390 1942 2567 2013 gloria
2596 1943 2652 1998 in
2689 1943 2889 2000 szrcula
2917 1943 3267 2011 saeculorum,
3299 1945 3504 2000 Amen.

403 2126 1740 2159 Μ

1676 2133 3638 2165 Wa

1766 2282 1904 2334 ΤΟΥ
1933 2281 2024 2334 ΕΝ
2055 2282 2275 2335 ΑΓΙΟΙΣ

1259 2465 2118 2585 ΓΡΗΓΟΡΙΟΥ
2180 2472 2760 2587 ΝΥΣΣΗΣ

1638 2733 2019 2788 ΕΞἨΓΙΙΣΙΣ
2056 2738 2388 2793 ΑΚΡΙΒΗΣ

732 2921 904 3009 ΕΙΣ
974 2922 1198 3008 TON
1271 2920 2135 3009 ΕΚΚΑΗΣΙΑΣΤΗΝ
2210 2923 2437 3011 ΤΟΥ
2508 2920 3288 3019 ΣΑΛΟΜΩΝΤΟΣ.

1228 3295 1346 3409 S.
1430 3296 2102 3413 GREGORII
2194 3302 2808 3417 NYSSENI

1594 3506 1973 3577 ACCURATA
2014 3522 2432 3586 exposmo

913 3687 1051 3780 IN
1142 3688 2158 3782 ECCLESIASTEN
2263 3697 3113 3818 SALOMONIS.

1595 3904 1841 3955 Gentiano
1865 3906 2086 3960 Herveto
2106 3911 2402 3974 interprete.

967 4284 1249 4342 HOMILIA
1295 4286 1336 4343 Ι.

2663 4305 2905 4360 ΟΜΙΔΙΑ
2941 4309 3019 4362 A'.

401 4382 563 4437 Verba
609 4379 949 4435 Eeclesiasta.’
984 4378 1317 4476 ﬁlii’Daeid,
1354 4382 1488 4453 regis
1535 4380 1710 4437 Israel
1756 4380 1888 4437 llier

2144 4386 2324 4456 Γλιιατα
2367 4390 3027 4476 Ἐκκλησςαοτοῦηυὶοὗ
3081 4400 3275 4476 dum,
3326 4404 3631 4476 ,ϐασιλέως

1041 4450 1279 4519 solymis.

462 4539 684 4593 Vanitas
704 4541 1017 4605 vanitatum,
1053 4543 1232 4596 omnia
1262 4543 1488 4604 vanitas,
1518 4542 1655 4596 dixit
1683 4542 1952 4604 Ecclesia-

298 4618 317 4631 ί
381 4640 508 4687 stes.
549 4631 603 4685 3.
639 4630 780 4697 Quid
808 4645 1041 4701 superest
1068 4633 1265 4689 homini
1308 4636 1363 4687 in
1412 4635 1553 4687 omni
1584 4633 1765 4689 labore
1813 4652 1909 4690 suo
1932 4631 1959 4701 ,’

254 4720 267 4735 ‘
380 4738 483 4792 quo
516 4722 722 4776 laborat
747 4723 842 4777 sub
865 4725 1022 4781 sole?
1053 4726 1106 4780 4.
1138 4724 1416 4780 Generatio
1453 4727 1665 4791 transit,
1710 4736 1758 4780 et
1791 4743 1949 4796 gene-

380 4816 522 4868 ratio
542 4814 747 4869 advenit
773 4831 792 4868 :
827 4825 969 4870 terra
1006 4826 1177 4871 autem
1210 4818 1263 4870 in
1289 4826 1545 4872 aeternum
1580 4825 1706 4871 stat.
1740 4818 1793 4872 5.
1827 4816 1951 4872 Ori-

2380 4466 2383 4469 ’
2450 4461 2696 4531 Ἰσραὴλ
2739 4465 2809 4518 ἐν
2847 4467 3252 4540 Ἰερουσαλήμ.

2042 4550 2055 4607 1
2097 4635 2100 4636 ν
2127 4551 2463 4620 Ματαιότης
2493 4555 2922 4623 ματαιοτήτων,
2955 4560 3028 4614 τὰ
3061 4561 3255 4616 πάντα
3285 4569 3628 4636 ματαιότης,

2057 4635 2226 4695 εἶπεν
2267 4644 2300 4696 ό
2342 4643 2836 4714 Ἑκκλησιαστής.
2887 4647 2993 4717 Τις
3037 4654 3353 4720 περισσεία
3402 4654 3485 4722 τῷ
3526 4635 3632 4712 ἀνὲ

2057 4731 2265 4801 θρώπῳ
2291 4734 2361 4787 ἐν
2390 4738 2568 4791 παντὶ
2589 4739 2792 4807 μόχθῳ
2822 4740 3027 4806 αὐτοῦ.
3062 4735 3112 4809 ᾧ
3133 4746 3351 4815 μοχθεῖ
3384 4749 3505 4802 ὑπὸ
3531 4749 3634 4803 τὸν

2056 4822 2267 4891 ἤλιον;
2315 4828 2505 4881 Γενεὰ
2557 4830 2890 4898 πορεύεται,
2933 4835 3109 4903 τενεὰ
3153 4835 3409 4905 ἔρχεται,
3448 4839 3550 4893 καὶ
3595 4841 3631 4908 ἡ

381 4916 468 4962 tur
496 4908 578 4962 sol
611 4918 661 4962 et
684 4909 897 4971 occidit.
924 4919 973 4962 et
1007 4907 1079 4962 ad
1113 4909 1287 4962 locum
1339 4925 1495 4963 suum
1544 4894 1793 4964 trahitur.
1830 4908 1868 4979 1,

2184 4917 2271 4981 εἰς
2322 4918 2431 4971 τὸν
2480 4894 2666 4973 αιῶνα
2726 4894 3004 4987 ἔστηκεν.
3058 4894 3197 4979 Καὶ-
3220 4894 3548 4985 ’ἀνατέλλει

379 4998 454 5052 ibi
487 5002 659 5054 oriens
692 5000 835 5055 vadit
859 4999 927 5052 ad
954 5010 1218 5077 austrum,
1242 5007 1292 5054 et
1328 5009 1484 5070 gyrat
1513 5000 1583 5054 ad
1624 5002 1866 5070 aquilone

2143 5025 2250 5074 ιος,
2289 5008 2387 5062 καὶ
2428 5012 2515 5076 εἱς
2547 5010 2656 5075 τὸν
2684 5012 2872 5065 τόπον
2910 5014 3094 5069 αὑτοῦ
3122 5015 3308 5070 ἕλκει.
3352 5018 3630 5075 Ἀνατέλ-

379 5089 432 5143 6.
462 5089 721 5147 Lustrans
752 5093 997 5147 universa
1041 5091 1206 5162 pergit
1238 5093 1479 5161 spiritus,
1527 5102 1577 5148 et
1627 5095 1683 5148 in
1717 5096 1859 5150 circa

2142 5115 2178 5152 ν
2204 5100 2386 5167 αὐτὸς
2408 5100 2550 5170 ἐκεῖ,
2604 5104 2914 5172 πορεύεται
2953 5108 3104 5174 πρὸς
3150 5108 3349 5174 νότον,
3400 5112 3501 5174 καὶ
3528 5130 3629 5165 2m-

379 5195 503 5233 suos
535 5183 813 5236 revertitur
837 5182 1076 5252 spiritus.
1108 5181 1160 5234 7.
1189 5179 1379 5237 Omnes
1433 5192 1689 5239 torrentes
1744 5186 1866 5240 intrt

2139 5190 2198 5243 οἵ
2226 5190 2375 5259 πρὸς
2391 5192 2644 5262 βορρᾶν.
2676 5195 2957 5250 Κυκλοῦν
2984 5199 3295 5266 πορεύεται
3339 5201 3409 5254 τὸ
3447 5201 3626 5257 πνεῦο

378 5269 434 5320 in
467 5285 630 5330 mare.
662 5280 711 5325 et
733 5286 883 5325 mare
913 5287 1018 5324 non
1044 5279 1122 5324 est
1153 5270 1423 5339 repletum.
1466 5271 1549 5324 Ad
1584 5273 1757 5327 locum
1809 5291 1865 5328 ut

2136 5320 2151 5344 ,
2175 5283 2270 5337 καὶ
2298 5282 2397 5337 ἐπὶ
2425 5284 2689 5352 κύκλους
2708 5286 2893 5341 αὐτοῦ
2914 5287 3252 5358 ἐπιστρέφει
3282 5290 3347 5345 τὸ
3372 5293 3622 5363 πνεῦμα.

376 5368 565 5413 exeunt
598 5361 823 5429 ﬂumina
874 5361 1223 5429 revertuntur,
1287 5372 1341 5416 ut
1390 5364 1580 5417 iterum
1636 5375 1844 5419 exeant.

2136 5370 2283 5439 ἱντες
2310 5376 2363 5428 οι
2390 5374 2696 5444 χείμαρροι
2735 5377 3087 5445 πορεύονται
3133 5381 3219 5446 εις
3259 5379 3377 5449 τὴν
3403 5361 3623 5438 θάλασ-

381 5448 575 5505 Omnes
606 5448 869 5529 sermones
898 5453 1173 5522 laboriosi,
1206 5472 1307 5510 non
1333 5457 1524 5526 poterit
1561 5456 1639 5510 vir
1658 5472 1746 5511 eos
1782 5457 1868 5527 toq‘

2130 5479 2202 5527 ν,
2247 5464 2348 5518 καὶ
2388 5465 2429 5533 ή
2475 5465 2759 5521 θάλασσα
2806 5468 2919 5522 οὐκ
2965 5467 3142 5535 ἐστιν
3183 5448 3617 5543 ἐμπιπλαμένη.

377 5536 505 5596 Non
534 5542 868 5597 saturabitur
916 5546 1096 5603 oculus
1143 5548 1278 5612 visu,
1314 5565 1405 5603 nec
1437 5550 1585 5602 auris
1624 5548 1811 5602 auditu
1842 5550 1859 5601 i

2135 5575 2154 5618 ε·
2181 5553 2287 5608 τὸν
2311 5554 2499 5610 τόπον
2525 5553 2598 5614 οὔ
2646 5560 2695 5612 οι
2722 5558 3043 5629 ,χείμαρροι
3085 5536 3469 5631 πορεύονταί
3507 5536 3622 5620 ἐκεῖ

371 5630 624 5699 plebitur.
656 5634 708 5691 9.
740 5632 882 5700 Quid
906 5646 983 5694 est
1031 5639 1170 5700 quod
1191 5640 1338 5709 fuit?
1370 5639 1554 5709 Ipsum
1590 5640 1729 5712 quod
1786 5642 1858 5710 [ut

2130 5645 2214 5699 τοὶ
2253 5646 2683 5719 ἐπιστρέφουσι
2728 5648 2835 5706 τοῦ
2888 5651 3271 5722 πορευθῆναι.
3310 5654 3539 5724 Πάντες
3568 5657 3614 5712 οι
