3766 5986
155 227 248 290 on
593 270 609 282 ,
650 211 678 226 “
1245 221 1312 278 IN
1349 209 1887 278 ECCLESIASTEN.
1929 210 2212 272 HOMILIA
2248 214 2288 272 ι.

3281 211 3386 272 618

155 349 307 418 ,πότοι
343 343 602 416 Imaum,
647 341 719 396 οὐ
764 337 1091 406 δυνήσεται
1135 338 1288 408 ἀνὴρ
1325 339 1431 394 τοῦ
1466 337 1706 394 ’λαλεῖνκ

1865 350 1932 388 im
1961 343 2058 389 est.
2089 333 2229 400 Quid
2253 339 2330 388 est
2364 331 2504 404 quod
2531 329 2734 404 factum
2763 297 2888 390 est?
2916 329 3100 401 Ipsum
3138 333 3277 404 quod
3307 332 3408 400 [ιι-ν

160 438 254 496 Καὶ
273 439 378 492 οὐκ
405 433 892 506 ἐμπλησθήσεται
939 429 1246 501 ὀφθαλμὸς
1271 429 1375 484 τοῦ
1407 427 1574 498 όρᾷν,
1608 427 1705 482 καί

157 532 221 586 οὐ
245 525 684 596 πληρωθήσεται
714 514 824 590 οὖς
851 520 970 595 ἀετκὸ
1001 520 1362 590 ἀκροάσεως.
1409 519 1471 574 Τί
1511 518 1578 572 τὸ
1614 534 1709 588 γε-

156 621 350 692 τονός’;
374 616 516 671 αὐτὸ
539 617 608 669 τὸ
631 610 1115 686 γενηθησόμενον
1134 629 1146 642 ·
1179 607 1277 664 καὶ
1301 609 1357 662 τί
1379 608 1446 663 τὸ
1476 623 1712 676 πεποιη-

149 710 355 782 μένον;
393 705 538 762 αὐτὸ
582 705 650 759 τὸ
703 705 1213 773 ποιηθησόμενον.
1271 700 1382 754 Καὶ
1420 700 1530 754 οὐκ
1578 697 1710 752 ἐστι

153 797 263 852 πᾶν
288 797 631 864 πρόσφατον
656 793 775 850 ὑπὸ
825 793 932 848 τὸν
974 792 1152 861 ἥλιον
1190 789 1259 857 ὃς
1299 788 1560 856 λαλήσει
1609 787 1708 842 καὶ

149 887 262 958 ἐρεῖ
272 906 285 920 ’
314 871 460 940 Ἰδοὺ
509 880 687 940 τοῦτο
737 884 980 950 καινὸν,
1001 882 1118 952 ἤδη
1171 881 1417 952 γέγονεν
1469 879 1539 932 ἐν
1586 877 1710 945 τοῖς

1811 427 2054 482 ciendum
2081 435 2178 482 est.
2215 427 2302 482 10.
2345 425 2498 480 Nihil
2523 434 2602 480 est
2627 423 2722 480 sub
2753 425 2862 480 sole
2910 441 3107 480 recens.
3141 423 3253 480 Nec
3305 431 3386 479 est

1809 519 1899 589 qni
1943 518 2194 589 loquatur
2219 527 2268 572 et
2292 512 2461 586 possit
2492 516 2665 572 dicere
2715 518 2780 572 de
2806 535 2874 572 σε
2904 517 3154 590 qualibet,
3177 516 3281 574 Hoc
3305 525 3385 574 est

1813 624 2010 664 recens.
2057 608 2188 663 Ecce
2226 610 2365 663 enim
2392 609 2488 665 hoc
2516 626 2690 664 recens
2709 611 2827 678 jam
2858 609 3059 679 factum
3087 618 3164 663 est
3195 610 3250 663 in
3285 626 3386 664 ste—

1811 699 1946 754 culis
1976 717 2092 769 qua:
2117 701 2334 771 fuerunt
2365 711 2487 756 ante
2531 719 2645 756 nos.
2680 701 2763 757 1-1.
2827 701 2950 758 Non
2997 711 3075 757 est
3129 702 3385 758 memoria
3426 688 3431 695 ’

1812 791 1999 859 primis
2022 802 2071 845 et
2097 793 2169 846 iis
2191 793 2280 863 qui
2314 793 2525 862 [uerunt
2553 794 2748 847 ultimi.
2780 791 2903 848 Non
2933 795 3034 849 erit
3073 811 3255 850 eorum
3303 811 3385 851 re-

1816 881 2052 936 cordatio
2074 899 2192 938 cum
2234 887 2299 938 iis
2325 885 2414 954 qui
2452 885 2620 954 futuri
2643 896 2764 940 sunt
2791 886 2846 938 in
2875 887 3178 940 novissimo.

151 976 304 1033 αίῶσι
329 977 450 1043 τοῖς
475 976 814 1046 γενομένοις
849 976 1188 1045 ἔμπροσθεν
1213 971 1408 1042 ἡμῶν·
1441 973 1552 1026 οὐκ
1590 971 1720 1025 ἔστι
1748 971 1954 1043 μνήμη
1998 973 2120 1041 τοῖς
2145 977 2415 1044 πρώτοις,
2444 976 2548 1030 καί
2590 992 2655 1046 γε
2685 977 2808 1044 τοῖς
2833 977 3111 1046 ἐσχάτοις
3152 977 3388 1047 γενομέ-

145 1067 290 1138 ὗθοιςο
314 1070 420 1122 οὐκ
449 1067 619 1122 ἔσται
641 1065 838 1150 nomine
858 1066 1066 1136 μνήμη
1095 1064 1246 1136 μετὰ
1267 1063 1385 1118 τῶν
1421 1063 1758 1144 γενομένων
1785 1065 1872 1130 εὶς
1898 1065 2011 1133 τὴν
2041 1066 2328 1148 ἐσχάτηνυ

210 1165 488 1236 Πρὸκειται
551 1163 680 1233 ἡμῖν
737 1163 765 1214 ὁ
815 1159 1245 1246 Ἐκκλητιαστὴς
1307 1161 1386 1223 εἰς
1449 1159 1708 1232 ἐξήγησιν

1877 1158 2047 1217 Nobis
2090 1161 2447 1230 exponendas
2501 1164 2820 1235 propositus
2863 1173 2946 1221 est
2999 1163 3382 1232 Ecclesiastes.

145 1249 248 1309 ἴσον
284 1255 416 1324 ἔχων
455 1252 536 1324 τῷ
577 1252 795 1324 μεγέθει
829 1253 927 1323 τῆς
963 1249 1229 1321 ὠφελείας
1263 1251 1356 1304 τὸν
1407 1251 1566 1304 πόνον
1609 1250 1706 1320 τῆς

1866 1250 1902 1304 Ii
1951 1253 2317 1324 magnitudini
2365 1250 2623 1310 utilitatis
2691 1256 2854 1310 habet
2917 1273 3104 1327 parem
3143 1258 3383 1314 laborem

141 1344 370 1420 θεωρίας.
405 1345 530 1400 Τῶν
563 1345 672 1416 γὰρ
713 1342 1092 1416 παροιμιακῶν
1125 1343 1412 1414 νοημάτων
1441 1341 1542 1412 ήδη
1571 1358 1708 1412 προη

1804 1343 2307 1413 contemplationis.
2337 1341 2470 1398 Nam
2496 1360 2619 1400 cum
2648 1361 2812 1402 sensa
2839 1347 3248 1417 proverbiorum
3271 1349 3385 1418 jam

142 1435 513 1507 γυμνασάντων
540 1434 629 1488 τὸν
663 1433 809 1498 νοῦν,
843 1424 918 1487 ὧν
945 1433 994 1486 οἱ
1030 1433 1293 1486 σκοτεινόὶ
1336 1433 1482 1502 λόγοι
1522 1434 1616 1487 καὶ
1651 1430 1706 1486 αἱ

1865 1443 2043 1490 entem
2079 1435 2234 1504 prius
2277 1438 2649 1504 exercuerim,
2685 1454 2920 1509 quorum
2959 1439 3206 1495 obscurae
3258 1448 3387 1496 sunt

141 1529 291 1599 σοφαὶ
313 1530 495 1599 ῥήσεις
528 1527 624 1579 καὶ
655 1525 722 1580 τὰ
747 1527 1068 1597 αἰνίγματα,
1101 1525 1196 1579 καὶ
1237 1528 1292 1579 αί
1326 1525 1566 1579 ποικίλαι
1599 1523 1706 1577 τῶν

1865 1525 2076 1591 itiones,
2107 1533 2162 1579 et
2193 1524 2338 1580 dicta
2381 1528 2654 1598 sapientia
2683 1539 2738 1584 ct
2784 1530 3108 1600 aenigmata,
3141 1538 3194 1584 et
3247 1531 3386 1585 varii

139 1621 298 1688 λόγων
340 1617 696 1688 ἁναστροφαὶ,
747 1615 926 1680 καθὼς
981 1618 1226 1688 περιέχει
1267 1615 1328 1670 τὺ
1369 1615 1461 1671 τοῦ
1501 1615 1707 1687 βιϐλίου

141 1710 331 1766 ἐκείνου
359 1708 662 1780 προοίμιον,
689 1707 809 1761 τότε
840 1711 951 1772 τοῖς
981 1707 1117 1781 πρὸς
1159 1708 1227 1762 τὰ
1263 1707 1570 1780 τελειότερα
1599 1702 1727 1761 τῶν

145 1798 465 1871 μαθημάτων
502 1795 837 1868 αὐξηθεῐσιν,
868 1799 959 1850 ἐπὶ
995 1797 1199 1870 ταύτην
1227 1798 1326 1867 τὴν
1361 1797 1582 1868 Γραφὴν
1609 1797 1709 1866 τὴν

137 1889 331 1962 ὑψηλὴν
351 1887 527 1953 οὕτως
561 1889 654 1942 καὶ
692 1887 1124 1960 θεόπνευστον,ή
1163 1889 1346 1954 ἄνοδος
1377 1889 1607 1958 γίνεται.
1645 1890 1708 1942 Et

135 1981 277 2052 οὖνὴ
309 1981 578 2055 παροιμία
614 1981 708 2035 καὶ
757 1981 790 2052 ή
838 1981 1037 2053 μελέτη
1085 1983 1117 2053 η
1167 1981 1302 2052 πρὸς
1352 1981 1524 2034 ταῦτα
1561 1981 1708 2052 ἡμᾶς

143 2075 480 2148 ἑτοιμάζουσα
527 2072 598 2128 τὰ
631 2073 952 2144 μαθήματα,
983 2073 1156 2138 οὕτως
1193 2073 1448 2137 ἐπίπονος
1476 2073 1559 2137 τίς
1593 2077 1708 2127 ἐστι

142 2168 223 2220 καὶ
261 2165 656 2238 δυσθεώρητος,
715 2165 879 2218 πόσον
936 2165 1042 2238 χρὴ
1083 2166 1244 2221 πόνον
1285 2166 1468 2230 αὐτοῖς
1515 2167 1708 2238 ἐνορᾷν

147 2259 238 2320 τοῖς
272 2256 490 2327 ὑψηλοῖς
523 2251 734 2319 τούτοις
775 2256 1033 2326 νοήμασι,
1063 2260 1175 2321 τοῖς
1203 2257 1298 2311 νῦν
1329 2257 1708 2329 προκειμένοις

142 2349 210 2412 εἰς
245 2348 466 2422 θεωρίαν
511 2350 684 2420 ήμῖν;
720 2349 932 2420 Ὥσπερ
977 2348 1086 2420 γὰρ
1145 2350 1194 2402 οἱ
1253 2351 1312 2402 ἐν
1367 2349 1711 2422 παιδοτρίϐου·

142 2437 516 2510 παλαιστρικὴν
552 2437 972 2509 ἐκπονήσαντες,
1011 2437 1146 2509 πρὸς
1194 2438 1450 2516 μείζονας
1478 2439 1707 2510 ἱδρῶτας

139 2527 222 2580 καὶ
253 2528 438 2591 πόνους
467 2529 528 2581 ἐν
557 2528 665 2592 τοῖς
698 2526 876 2596 ἀγῶσι
904 2529 1015 2592 τοῖς
1047 2531 1333 2599 γυμνικοῖς
1363 2528 1705 2582 ἁποδύονταιο

138 2616 268 2671 οῦτω
295 2636 382 2690 μοι
407 2609 560 2674 δοκεῖ
589 2617 786 2690 μελέτη
817 2636 902 2682 τις
928 2613 1068 2673 εἶναι
1097 2621 1130 2690 ἡ
1161 2619 1531 2692 παροιμιώδης
1564 2621 1708 2674 διδα-

141 2710 338 2777 σκαλία,
373 2712 511 2784 πρὸς
548 2713 673 2776 τοὺς
725 2712 1210 2784 ἐκκλησιαστικοὺς
1257 2712 1468 2781 ἀγῶνας
1524 2714 1709 2768 παιδο-

141 2805 380 2876 τριῦοῦσα
416 2805 518 2870 τὰς
563 2804 736 2876 ψυχὰς
777 2805 934 2877 ἡμῶν
985 2805 1076 2858 καὶ
1127 2805 1605 2878 προμαλάσσουσα.
1645 2805 1708 2858 Εἰ

1810 1615 2101 1671 verborum
2135 1616 2330 1685 ﬂexus,
2387 1620 2531 1675 sicut
2581 1620 2705 1676 libri
2753 1622 2900 1678 illius
2933 1623 3175 1677 continet
3205 1636 3385 1692 prom-

1811 1705 2004 1770 mium,
2039 1713 2171 1762 tunc
2199 1707 2290 1773 iis,
2321 1707 2524 1778 quibus
2555 1711 2620 1762 ad
2685 1709 3038 1779 perfectiores
3067 1707 3384 1778 disciplinas

1811 1791 1972 1875 facta.
2011 1794 2178 1853 fuerit
2215 1798 2484 1865 accessio,
2520 1804 2576 1852 et
2593 1797 2662 1852 ad
2683 1797 2825 1854 hanc
2860 1798 3226 1870 Scripturam,
3263 1814 3386 1868 qua:

1810 1902 1938 1942 vere
1991 1900 2078 1942 est
2119 1889 2337 1945 excelsa
2398 1897 2453 1946 et
2507 1889 2774 1946 divinitus
2819 1891 3106 1962 inspirata,
3167 1891 3384 1947 exsistit

1811 1989 2098 2031 ascensus.
2132 1976 2189 2030 Si
2223 1993 2355 2049 ergo
2387 1979 2758 2049 proverbium,
2799 1990 2853 2035 et
2879 1995 3000 2050 qua:
3033 1996 3136 2036 nos
3176 1980 3244 2035 ad
3283 1980 3384 2038 bas

1809 2065 2132 2138 disciplinas
2163 2081 2428 2140 praeparat
2453 2071 2758 2139 meditatio,
2790 2084 2876 2129 est
2915 2074 3052 2130 adeo
3109 2075 3384 2132 laboriosa

1809 2165 1862 2212 et
1902 2160 2278 2230 contemplatu
2341 2161 2596 2227 didicilis,
2665 2171 2930 2234 quantum
2983 2167 3384 2236 inspiciendum

1809 2257 1894 2303 cst
1929 2249 2112 2306 inesse
2145 2251 2385 2307 laborem
2441 2255 2496 2308 in
2534 2255 2620 2312 his
2645 2255 2974 2312 sublimibus
3021 2257 3231 2322 censis,
3263 2272 3384 2327 quae

1813 2355 1956 2394 nunc
1983 2344 2398 2413 contemplanda
2461 2346 2620 2402 nobis
2683 2355 2813 2402 sunt
2870 2349 3200 2418 proposita?
3231 2347 3382 2415 Quo-

1811 2432 1973 2487 modo
1993 2435 2140 2488 enim
2168 2435 2263 2505 qui
2291 2438 2431 2507 apud
2459 2438 2814 2508 paedotribam
2844 2443 2898 2494 in
2928 2440 3233 2510 palaestrica
3263 2449 3384 2498 arte

1810 2520 2219 2590 laboraverunt,
2280 2525 2349 2580 ad
2405 2526 2640 2597 majores
2696 2529 2925 2584 sudores
2967 2537 3022 2586 et
3061 2530 3278 2587 labores
3327 2531 3384 2586 in

1810 2614 2205 2670 certaminibus
2239 2617 2504 2688 gymnicis
2544 2633 2603 2674 se
2657 2627 2910 2674 exuunt:
2959 2621 3032 2676 ita
3065 2621 3385 2692 proverbio-

1811 2704 2216 2787 rumudoctrina
2244 2707 2377 2760 mihi
2405 2707 2617 2762 videtur
2638 2723 2763 2764 esse
2795 2709 3040 2779 quaedam
3071 2711 3381 2781 meditatio,

1811 2779 2032 2852 nostros
2061 2797 2276 2853 animos
2323 2809 2582 2870 tanquam
2641 2817 2840 2871 pueros
2885 2802 2952 2856 ad
3007 2805 3382 2861 ecclesiastica

137 2887 290 2967 οὖνὴ
343 2896 544 2969 μελέτη
592 2895 744 2968 μετὰ
769 2894 1037 2948 τοσούτων
1074 2895 1312 2966 ἱδρώτων
1349 2895 1706 2967 κατορθοῦται

1865 2888 2115 2941 :rtamina
2163 2904 2427 2944 exercens
2475 2899 2528 2944 ει
2580 2893 2966 2961 prannolliens.
2998 2893 3054 2948 Si
3091 2909 3222 2966 ergo
3255 2911 3382 2951 cum

138 2989 223 3042 καὶ
265 2989 455 3052 πόνων,
487 2985 546 3042 τί
577 2987 684 3060 χρὴ
714 2987 844 3058 περὶ
885 2986 1064 3040 αὐτῶν
1097 2986 1204 3040 τῶν
1237 2985 1463 3055 ἀγώνων
1493 2985 1710 3055 λογίσα-

138 3077 289 3146 σθαι;
323 3082 478 3134 Ἤτοι
512 3080 674 3132 ποίαν
705 3095 790 3144 τις
833 3079 1135 3150 ὑπερϐολὴν
1177 3081 1452 3150 ἐννοήσας,
1498 3079 1596 3133 οὐκ
1642 3079 1708 3133 ἂν

139 3174 492 3244 παραστήσειε
521 3171 643 3225 κατ’
661 3170 816 3236 ἀξίαν
838 3169 916 3240 τῷ
947 3170 1108 3240 λόγῳ,
1141 3170 1338 3234 πόσους
1366 3170 1706 3224 ὑποδείκνυσι

138 3264 316 3328 πόνους
342 3265 402 3317 τὸ
441 3265 543 3334 τῆς
585 3263 805 3334 Γραφῆς
839 3261 1039 3332 ταύτης
1073 3262 1284 3315 στάδιον
1309 3265 1418 3326 τοῖς
1450 3261 1709 3328 ἀγωνιζο-

141 3355 306 3423 μένοις
328 3353 463 3426 πρδς
492 3354 595 3424 τὴν
622 3352 726 3406 τῶν
747 3350 954 3423 νοητῶν
979 3351 1276 3418 ἀσφάλειαν
1300 3349 1386 3402 διὰ
1422 3351 1519 3420 τῆς
1545 3349 1709 3418 ἀθλη-

137 3443 280 3516 τικῆς
312 3440 626 3515 ἐμπειρίας,
663 3441 738 3504 ὡς
785 3439 860 3511 μὴ
909 3443 964 3493 ἐν
1008 3439 1260 3509 πτώματι
1298 3437 1466 3504 δεῖξαι
1498 3437 1588 3493 τὸν
1621 3439 1708 3493 λό-

139 3551 242 3602 γον,
289 3535 400 3589 ἀλλ⁹
443 3537 504 3588 ἐν
546 3533 696 3606 πάσῃ
747 3534 1014 3603 νοήματος
1058 3531 1343 3602 συμπλοκῇ
1373 3529 1559 3601 ,ὄρθιον
1594 3531 1708 3584 δια-

140 3624 296 3678 σῶσαι
325 3625 412 3698 διὰ
443 3624 550 3695 τῆς
592 3623 847 3695 ἀληθείας
877 3621 966 3675 τὸν
993 3621 1139 3676 νοῦν.
1189 3620 1336 3690 Πλὴν
1373 3619 1490 3674 ἀλλ’
1521 3619 1705 3688 ἐπειδὴ

138 3717 401 3772 καὶτοῦτο
435 3717 553 3770 τῶν
593 3713 926 3770 δεσποτικῶν
961 3713 1435 3786 παραγγελμάτων
1487 3713 1622 3774 ἐστὶ,
1651 3710 1708 3764 τὸ

137 3807 236 3860 δεῖν
266 3809 488 3879 ἐρευνᾷν
514 3805 612 3871 τὰς
639 3806 880 3878 Γραφὰς,
911 3807 1124 3877 ἀνάγκη
1158 3793 1326 3864 πᾶσα.
1351 3804 1454 3858 κᾶν
1483 3803 1707 3879 κατόπιν

137 3899 228 3970 τῆς
249 3901 504 3971 ἀληθείας
543 3901 572 3953 ὁ
597 3897 860 3970 ἡμέτερος
885 3897 1148 3970 ἐρευνηθῇ
1174 3897 1295 3960 νοῦς
1324 3896 1416 3950 τοῦ
1446 3895 1706 3968 μεγέθους

138 3990 237 4044 τῶν
267 3993 559 4064 νοημάτων
595 3989 695 4044 οὐκ
736 3989 1142 4059 ἐφικνούμενος,
1188 3986 1336 4058 ὅμως
1383 3987 1470 4042 διὰ
1514 3989 1575 4041 τὸ
1632 3989 1705 4059 μὴ

135 4081 299 4138 δοκεῖν
319 4081 572 4156 παρορᾷν
599 4082 694 4153 τὴν
717 4081 936 4153 ἐντολὴν
955 4080 1048 4134 τοῦ
1077 4082 1304 4152 Κυρίου,
1328 4079 1417 4133 διὰ
1443 4081 1539 4150 τῆς
1567 4079 1708 4134 κατὰ

136 4173 350 4246 δύναμιν
395 4173 530 4246 περὶ
569 4173 658 4228 τὸν
697 4171 853 4242 λόγον
895 4172 1129 4242 σπουδῆς
1158 4171 1516 4242 κατορθῶσαι.
1562 4173 1704 4224 Οὐκ-

136 4263 220 4316 οῦν
255 4229 637 4336 ἐρευνήάωμεν
661 4229 1156 4336 τὴν.προκειμένην
1195 4229 1412 4334 Γράφὴν
1448 4259 1523 4325 ὡς
1549 4261 1704 4316 δυνά-
1740 4229 1782 4281 υ

141 4357 287 4425 μεθα.
330 4359 557 4420 Πάντως
589 4357 696 4425 γὰρ
731 4358 761 4410 ὁ
790 4356 880 4410 τοῦ
915 4357 1138 4428 ἐρευνᾷν
1171 4355 1268 4426 τὴν
1301 4354 1518 4424 ἐντολὴν
1541 4351 1698 4407 δεδωο

137 4441 257 4509 κὼς,
287 4448 379 4500 καὶ
411 4445 514 4516 τὴν
546 4443 680 4516 πρὸς
715 4443 844 4498 αὐτὸ
876 4444 1034 4498 τοῦτο
1069 4443 1296 4514 δύναμιν
1324 4441 1500 4508 δώσει,
1523 4441 1705 4506 καθὼς

135 4535 463 4607 γέγραπται·
498 4535 584 4588 ὅτι
615 4553 632 4586 ι
670 4531 870 4604 Κύριος
901 4531 1061 4586 δώσει
1095 4532 1244 4604 ῥῆμα
1271 4533 1381 4594 τοῖς
1423 4531 1700 4598 εὐαγγελι-

135 4623 376 4696 ζομένοις
400 4623 632 4696 δυνάμει
655 4624 842 4696 πολλῇ.
884 4643 903 4675 ι
1412 4636 1415 4640 ·

199 4895 306 4948 Καὶ
333 4893 553 4966 πρῶτόν
577 4910 641 4962 γε
673 4891 805 4966 ἡμίν
833 4893 866 4965 ἠ
901 4889 1181 4964 ἐπιγραφὴ
1211 4887 1303 4971 τοῦ
1343 4888 1547 4961 βιϐλίου
1575 4907 1704 4961 προ-
1775 4883 1788 4899 “

136 4984 333 5058 τεθήτω
371 4989 452 5050 είς
488 4985 741 5056 θεωρίαν.
779 4983 932 5040 Κατὰ
973 4985 1150 5038 πᾶσαν
1195 4983 1517 5054 Ἐκκλησίαν
1544 4982 1702 5036 Μωῢ-

134 5077 227 5147 σῆς
246 5077 340 5131 καὶ
369 5079 400 5132 ὁ
424 5077 588 5148 νόμος
612 5075 1060 5146 ἀναγινώσκεται,
1089 5075 1140 5127 οἱ
1185 5074 1479 5145 προφῆται,
1507 5075 1540 5144 ἠ
1568 5073 1703 5143 ψαλ-

135 5165 322 5236 μῳδία,
345 5166 560 5237 ἱστορία
591 5167 761 5231 πᾶσα,
791 5165 884 5219 καὶ
916 5165 970 5218 εί
991 5179 1043 5217 τι
1083 5163 1338 5234 Ἀρχαίας
1375 5180 1433 5216 τε
1477 5163 1568 5216 καὶ
1600 5163 1701 5234 τῆς

135 5257 331 5328 Καινῆς
367 5255 644 5328 Διαεῇικης
691 5257 827 5321 ἐστὶ,
875 5257 1050 5311 πάντα
1087 5255 1180 5322 ἐπὶ
1229 5254 1338 5307 τῶν
1375 5253 1704 5326 Ἐκκλησιῷν

135 5345 578 5415 καταγγέλλεται.
617 5347 744 5410 Πῶς
780 5333 874 5402 οὖν
917 5347 1074 5401 τοῦτο
1117 5345 1276 5418 μόνον
1306 5345 1398 5398 καὶ
1425 5337 1704 5415 ’ἐξαίρετον

138 5418 202 5498 τῇ
239 5435 520 5508 ἐπιγραφῇ
558 5437 648 5492 τοῦ
682 5437 1101 5509 Ἐκκλησιαστοῦ
1155 5433 1586 5500 καλλωπίζεται;
1633 5435 1698 5488 Τί

202 5614 245 5648 ³⁸
275 5614 442 5672 Joan.
479 5628 536 5678 ν,
568 5614 656 5670 59.
736 5616 781 5648 ³⁸
804 5617 948 5671 Psal.
975 5631 1147 5680 uvn,
1176 5619 1259 5672 19..

456 5705 725 5770 Puncta
760 5708 876 5769 (in.
915 5708 1120 5770 XLIV.

1811 2979 1982 3033 tantis
2014 2979 2315 3036 sudoribus
2369 2991 2423 3035 et
2482 2982 2762 3038 laboribus
2799 2985 2857 3037 lit
2913 2985 3026 3040 haec
3079 2987 3380 3049 meditatio,

1809 3070 1937 3138 quid
1997 3071 2420 3127 existimandum
2481 3081 2566 3130 est
2621 3075 2688 3129 de
2752 3074 2886 3145 ipsis
2939 3078 3382 3134 certaminibus?

1809 3159 2175 3227 Quantumvis
2205 3177 2352 3221 certe
2393 3167 2572 3238 magni
2607 3168 2919 3238 cogitantur
2965 3177 3020 3225 et
3077 3171 3378 3236 immodici,
3473 3161 3485 3174 ί

1810 3253 1990 3309 verbis
2027 3269 2124 3324 pro
2147 3255 2413 3326 dignitate
2452 3273 2612 3313 nemo
2641 3259 2862 3329 assequi
2899 3269 3100 3329 potest,
3145 3271 3381 3333 quantos

1808 3345 2065 3398 ostendat
2097 3345 2313 3402 labores
2347 3348 2512 3418 hujus
2558 3349 2857 3420 Scriptum
2917 3354 3158 3410 stadium
3190 3355 3256 3412 iis
3288 3357 3381 3426 qui

1809 3435 2125 3499 decertant,
2159 3445 2217 3491 ut
2257 3453 2354 3508 per
2395 3440 2708 3494 athleticam
2775 3445 3168 3512 experientiam
3198 3463 3382 3502 rerum

1811 3541 1930 3596 quae
1961 3527 2166 3582 cadunt
2197 3529 2302 3583 sub
2337 3529 2774 3596 intelligentiam,
2811 3541 2981 3588 totam
3017 3546 3382 3604 asscquantur

1809 3619 2084 3680 notitiam,
2122 3635 2299 3688 neque
2323 3620 2606 3674 cadentem
2639 3623 2932 3677 ostendant
2963 3624 3251 3686 rationem.
3285 3629 3380 3683 sed

1813 3711 1864 3762 in
1895 3711 2042 3762 omni
2076 3725 2362 3764 sensorum
2387 3712 2730 3768 connexione
2752 3729 2848 3782 per
2867 3715 3148 3772 veritatem
3177 3727 3379 3774 rectam

1810 3809 2135 3856 conservent
2163 3803 2600 3873 intelligentiam.
2663 3807 2932 3863 (lactei-nm
2984 3813 3243 3880 quoniam
3295 3825 3382 3870 cst

1813 3893 1914 3946 hoc
1970 3908 2191 3962 quoque
2246 3893 2492 3948 divinum
2553 3908 2904 3968 praeceptum,
2967 3910 3024 3955 ut
3072 3911 3381 3959 scrutemur

1811 3981 2211 4054 Scripturas",
2245 4001 2472 4041 necesse
2498 3995 2582 4042 est
2616 3991 2862 4053 omnino,
2895 3999 2953 4044 nt
2991 3993 3036 4048 si
3073 4003 3194 4064 post
3234 3996 3346 4050 veri
3367 4025 3382 4037 -

1809 4083 1974 4129 tatem
2001 4077 2284 4134 arnbulans
2316 4093 2472 4134 mens
2517 4088 2706 4136 nostra
2757 4083 2977 4138 inventa
3032 4083 3216 4150 fuerit,
3272 4103 3380 4144 non

1811 4182 2113 4236 assequens
2149 4184 2436 4224 sensorum
2477 4173 2932 4242 magnitudinem.
2981 4191 3050 4230 ne
3097 4179 3383 4232 videamur

1809 4267 1990 4314 tamen
2019 4260 2230 4316 Domini
2254 4271 2587 4333 praeceptori]
2619 4255 2922 4336 despicere,
2957 4283 3056 4336 pro
3095 4270 3302 4324 viribus
3325 4274 3380 4326 in

1809 4349 1996 4404 divino
2034 4366 2286 4406 sermone
2317 4353 2553 4408 studium
2584 4367 2846 4425 ponentes
2869 4367 3060 4412 nostro
3093 4359 3382 4430 fungamur

1808 4441 2003 4498 oﬂicio.
2041 4439 2367 4498 Scrutemur
2411 4460 2564 4514 ergo,
2602 4453 2659 4498 nt
2689 4461 3006 4514 possumus,
3042 4453 3379 4521 propositam

1810 4532 2170 4602 Scripturam.
2205 4535 2307 4602 Qui
2341 4538 2487 4592 enim
2527 4540 2804 4593 scrutandi
2837 4539 2982 4596 dedit
3017 4553 3343 4614 praeceptum
3364 4584 3378 4606 ,

1809 4623 1873 4676 ad
1908 4624 2012 4679 hoc
2043 4627 2206 4680 etiam
2245 4629 2468 4683 omnino
2524 4630 2676 4684 dabit
2709 4633 2875 4696 vires,
2937 4635 3081 4688 sicut
3117 4637 3378 4704 scriptum

1777 4723 1892 4786 .est
1937 4734 1950 4770 :
1999 4735 2018 4768 ι
2084 4716 2350 4776 Dominus
2398 4719 2550 4774 dabit
2606 4721 2828 4776 verbum
2877 4723 3415 4794 evangelizantibus-

1809 4804 2010 4861 virtute
2038 4808 2206 4862 multa
2234 4807 2301 4861 ³⁸.
2352 4827 2372 4861 ι

1854 4892 1957 4952 Ἀο
2023 4899 2260 4968 primum
2332 4901 2552 4970 quidem
2623 4901 2778 4958 nobis
2830 4911 3170 4972 proponatur
3243 4914 3379 4956 con-

1811 4987 2102 5042 sideranda
2145 5029 2148 5034 .
2184 4991 2307 5046 libri
2389 4995 2693 5065 inscriptio:
2778 4995 2836 5049 In
2910 4994 3057 5048 omni
3131 4992 3380 5048 Ecclesia

1809 5075 2022 5150 Moyses
2057 5087 2112 5134 et
2139 5081 2222 5134 lex
2255 5081 2472 5152 legitur,
2503 5085 2778 5154 prophetat
2798 5131 2810 5149 ,
2841 5085 3172 5156 psalmodia,
3201 5082 3380 5137 omnis

1809 5171 2060 5232 historia,
2089 5179 2141 5226 et
2167 5173 2210 5228 si
2238 5174 2368 5242 quid
2400 5183 2484 5230 est
2513 5175 2724 5233 Veteris
2754 5189 2806 5232 et
2836 5177 2970 5232 Novi
3003 5175 3338 5232 Testamenti
3363 5217 3377 5238 ,

1811 5261 2209 5316 annuntiantur
2231 5264 2414 5317 onmia
2441 5265 2493 5318 in
2517 5265 2798 5322 Ecclesiis.
2818 5268 3103 5335 Quomodo
3125 5281 3253 5338 ergo
3275 5267 3383 5320 hoc

1811 5353 1987 5423 solum
2013 5362 2066 5404 ct
2087 5353 2348 5410 eximium
2373 5355 2730 5426 inscriptione
2752 5367 2983 5414 ornatur
3005 5359 3382 5414 Ecclesiasth

1814 5441 1954 5506 Quid
1990 5457 2119 5513 ergo
2145 5454 2224 5502 est
2265 5447 2405 5518 quod
2437 5463 2535 5502 nos
2564 5447 2631 5502 de
2659 5449 2746 5504 his
2777 5449 3200 5505 existimamus?
3225 5447 3380 5515 Quod

2994 5685 3100 5774 20'
