3766 5986
376 202 477 254 N9

1602 195 1657 251 S.
1701 194 2025 252 GRECORH
2067 198 2358 255 NYSSEN!

2856 138 2885 151 Α-

3518 196 3634 252 620

372 322 496 374 aliis
521 315 740 387 quidem
782 316 1041 372 omnibus
1083 315 1414 384 Scripturis,
1463 313 1819 383 historiisque

2172 319 2319 370 ἐστιν
2366 318 2394 369 6
2445 317 2570 388 περὶ
2608 316 2810 371 τούτων
2839 317 2999 387 ἡμεῖς
3049 314 3467 385 ὑπειλήφαμενς
3502 315 3634 369 ’Ὅτι

371 408 671 478 prophetiis
691 446 705 470 ,
732 406 797 460 ad
825 405 1070 476 qutedam
1103 406 1205 459 alia
1242 419 1360 473 qua:
1390 400 1645 458 Ecclesiiae
1677 419 1783 457 non
1813 411 1941 458 sunt

369 499 528 552 valde
560 498 753 561 utilia,
797 512 996 566 scopus
1030 496 1370 565 proponitur.
1426 495 1564 561 Quid
1610 494 1753 549 enim
1797 507 1943 547 cura:

372 601 453 644 cst
505 588 761 642 Ecclesiae
803 596 993 643 exacte
1040 595 1092 642 et
1125 595 1381 642 accurate
1430 586 1645 642 discere
1677 586 1939 640 bellorum

374 678 742 739 calamitates,
776 684 870 731 aut
894 678 1115 746 quinam
1149 675 1369 731 fuerunt
1394 676 1635 747 gentium
1666 675 1941 745 principes

371 779 426 823 et
457 768 673 823 urbium
703 766 1052 829 conditores,
1088 773 1141 819 et
1173 765 1398 834 quinam
1431 781 1461 819 a
1490 764 1816 835 quibusdam
1844 764 1942 817 de-

373 860 522 914 ducti
555 867 681 915 sunt
714 859 769 912 in
803 857 1051 912 colonias
1072 897 1086 920 ,
1118 864 1171 910 et
1200 871 1447 926 quaenam
1486 870 1650 926 regna
1684 855 1941 924 deinceps

373 962 505 1007 sunt
545 953 821 1006 exoritura
843 990 858 1014 ,
895 958 947 1005 et
983 963 1320 1019 quaecunque
1355 947 1700 1001 matrimonia
1738 947 1941 1001 libero-

370 1057 601 1113 rumque
637 1041 1049 1112 procreationes
1081 1048 1211 1096 sunt
1245 1039 1555 1095 litterarum
1589 1039 1941 1093 monimentis

371 1135 657 1204 diligenter
694 1132 951 1187 mandata
974 1173 987 1195 ,
1024 1141 1077 1186 et
1108 1145 1450 1201 quacunque
1491 1129 1676 1185 doceri
1708 1138 1942 1198 possunt

372 1225 426 1276 in
458 1223 698 1292 qualibet
728 1220 1050 1291 Scriptura;
1081 1222 1211 1292 quid
1247 1221 1311 1275 ad
1340 1235 1564 1290 scopum
1591 1220 1809 1289 pietatis
1840 1219 1941 1273 Ec-

371 1312 548 1367 clesize
594 1325 920 1381 magnopere
968 1310 1342 1365 contulerint?
1384 1308 1558 1378 Hujus
1602 1312 1781 1363 autem
1815 1309 1942 1361 lilri

371 1403 618 1457 doctrina
666 1402 731 1454 ad
764 1402 935 1455 solam
985 1401 1415 1457 ecclesiasticam
1466 1399 1939 1454 conversationem

373 1493 637 1563 pertinet,
674 1500 733 1546 ut
763 1507 883 1561 qua:
913 1506 976 1546 ea
1007 1492 1240 1562 explicet
1268 1506 1365 1560 per
1392 1506 1513 1560 quze
1546 1490 1671 1562 quis
1703 1497 1853 1544 recte
1888 1498 1940 1544 et

372 1599 437 1637 ex
468 1585 669 1638 virtute
703 1584 867 1637 vitam
913 1584 1183 1639 instituat.
1238 1584 1438 1637 Eorum
1484 1583 1626 1636 enim
1683 1597 1805 1652 quae
1852 1582 1941 1637 hie

2040 411 2158 472 ταῖς
2207 409 2303 479 μὲν
2349 408 2533 472 ἄλλαις
2577 409 2777 471 πάσαις
2816 410 3073 479 Γραφαῖς.
3105 408 3369 478 ἱστορίαις
3413 424 3479 460 τε
3534 405 3636 460 καὶ

2042 500 2414 569 προφητείαις,
2446 501 2538 553 καὶ
2580 501 2715 569 πρὸς
2761 500 2891 554 ἄλλα
2940 502 3059 554 τινὰ
3097 501 3204 554 τῶν
3247 501 3321 571 μὴ
3370 502 3523 555 πάνυ
3564 502 3633 569 τῇ

2052 590 2383 661 Ἐκκκλησία
2407 591 2689 662 χρησίμων
2717 592 2745 643 ὁ
2769 592 2970 654 σκοπὸς
3002 591 3207 662 βλέπει.
3235 593 3302 645 Τί
3329 592 3441 663 γὰρ
3472 590 3636 662 μέλει

2040 684 2103 751 τῇ
2148 683 2438 753 Ἐκκλησία
2482 682 2580 745 τάς
2619 682 2721 735 τῶν
2759 683 3008 752 πολέμων
3052 682 3333 752 συμφοράς
3365 682 3432 734 δι’
3462 684 3635 752 ἀκρι-

2041 770 2190 833 ϐείας
2233 772 2441 841 μαθεῖν,
2498 771 2527 842 ἣ
2578 771 2721 833 τίνες
2759 770 2926 823 ἐθνῶν
2964 769 3221 841 ἄρχοντες
3266 772 3360 822 καὶ
3409 768 3634 820 πόλεων

2041 862 2325 929 γεγόνασιν
2362 861 2617 925 οἰκισταὶ,
2648 861 2742 914 καὶ
2781 861 2922 924 τίνες
2959 862 3118 913 τίνων
3143 861 3380 919 ἄποικοι,
3407 858 3440 928 ἢ
3471 860 3633 911 ποῖαι

2043 951 2309 1022 βασιλεῖαι
2356 953 2494 1006 κατὰ
2539 952 2629 1005 τὸν
2680 949 2874 1022 ἐφεξῆς
2923 952 3114 1021 χρόνον
3160 950 3631 1020 διαφανὴσονται,

2042 1038 2136 1091 κα)⁸
2161 1040 2274 1091 ὅσοι
2297 1039 2463 1109 γάμοι
2505 1039 2600 1092 καὶ
2642 1038 2974 1092 παιδοποιῒαι
3006 1038 3070 1091 δι’
3098 1037 3415 1108 ἐπιμελείας
3448 1038 3628 1106 ἐμνηε

2046 1130 2401 1202 μονεύθησαν,
2460 1131 2553 1184 κα)⁸
2609 1130 2785 1183 πάντα
2832 1130 2899 1182 τὰ
2942 1128 3187 1191 τοιαῦτα,
3231 1130 3332 1182 ὃσα
3381 1127 3632 1196 ἐκάστης

2041 1220 2157 1275 ἐστὶ
2201 1220 2511 1291 διδαχθῆναι
2548 1220 2790 1292 Γραφῆς,
2843 1221 2894 1275 τί
2936 1220 3003 1274 ἂν
3054 1219 3303 1274 τοσοῦτον
3346 1220 3490 1292 πρὸς
3541 1221 3633 1272 τὸν

2043 1312 2239 1365 σκοπὸν
2268 1313 2365 1382 τῆς
2404 1313 2682 1375 εὐσεϐείας
2710 1315 2775 1383 τῇ
2816 1313 3110 1383 Ἐκκλησία
3152 1313 3629 1380 συναγωνίσαιτος

2054 1401 2117 1454 Ἠ
2146 1402 2201 1454 δὲ
2238 1401 2330 1454 τοῦ
2362 1398 2565 1471 βιϐλίου
2594 1402 2779 1455 τούτου
2818 1403 3131 1456 διδασκαλία
3168 1402 3302 1472 πρὸς
3329 1402 3500 1471 μόνην
3529 1401 3631 1470 τὴν

2040 1493 2495 1565 ἐκκλησιαστικὴν
2535 1493 2807 1547 πολιτείαν
2837 1493 3038 1563 βλέπει,
3080 1492 3147 1545 δι’
3176 1486 3250 1545 ὧν
3290 1491 3373 1544 ἂν
3397 1492 3490 1544 τὸν
3538 1494 3630 1544 ὲν-

2042 1585 2231 1655 άρετόν
2271 1600 2347 1649 τις
2390 1585 2751 1657 κατορθώσειε
2790 1584 3106 1654 βίον,ταῦτα
3146 1583 3527 1653 ὑφηγουμένη.
3568 1579 3631 1634 Ὃ

373 1676 629 1729 dicuntur
657 1685 739 1731 est
771 1688 1003 1744 scopus,
1063 1684 1297 1729 mentem
1350 1688 1515 1743 supra
1566 1688 1783 1728 sensum
1836 1688 1860 1727 (λ

2146 1698 2151 1723 ›
2183 1678 2383 1740 σκοπὸς
2421 1677 2528 1729 τῶν
2569 1676 2800 1730 ἐνταῦθα
2844 1676 3150 1745 λεγομένων
3186 1675 3320 1737 ἐστὶ,
3356 1672 3419 1725 τὸ
3452 1673 3633 1743 ὑπερ-

372 1783 498 1838 gere
519 1809 532 1830 ,
575 1776 628 1821 et
661 1777 719 1820 ut
751 1768 998 1837 quiescat
1024 1763 1266 1828 efﬁcere,
1302 1764 1507 1818 relictis
1537 1764 1793 1819 omnibus
1823 1779 1943 1833 quae

371 1874 568 1930 magna
601 1867 653 1914 et
684 1860 943 1929 praeclara
974 1857 1226 1912 videntur
1275 1857 1329 1911 in
1378 1857 1573 1920 rebus,
1614 1856 1680 1911 ad
1725 1872 1788 1911 ea
1824 1873 1943 1926 qua:

372 1966 566 2006 sensus
598 1948 1014 2020 comprehensio
1051 1948 1275 2003 minime
1318 1954 1500 2023 potest
1546 1948 1802 2017 assequi,
1851 1964 1943 2004 as-

374 2058 633 2113 surgere,
687 2050 741 2098 et
790 2042 1005 2096 illorum
1054 2041 1227 2094 teneri
1281 2038 1555 2095 desiderio
1588 2055 1709 2110 quae
1747 2055 1943 2095 sensus

373 2150 481 2189 non
530 2134 766 2205 attingit.
817 2130 980 2188 Forte
1028 2138 1212 2186 autem
1262 2138 1317 2185 et
1351 2130 1414 2184 ad
1447 2130 1641 2185 ducem
1684 2129 1945 2185 Ecclesi:e

373 2226 618 2280 intuetur
650 2223 956 2293 inscriptio.
993 2221 1168 2277 Verus
1216 2222 1360 2276 enim
1404 2221 1800 2286 Ecclesiastes,
1848 2222 1943 2292 qui

374 2317 623 2386 dispersa
663 2314 716 2369 iu
747 2328 917 2369 unum
951 2322 1150 2367 cretum
1182 2312 1422 2382 colligit,
1461 2318 1514 2366 et
1547 2326 1644 2366 eos
1678 2313 1770 2381 qui
1805 2314 1945 2366 mul-

376 2409 609 2463 tifariam
648 2405 813 2461 variis
840 2403 1056 2460 seducti
1094 2411 1223 2460 sunt
1249 2401 1533 2457 erroribus
1568 2403 1622 2456 in
1650 2418 1819 2457 unum
1853 2419 1945 2458 co-

376 2498 455 2567 git
491 2503 849 2557 conventum,
888 2491 1144 2562 quisnam
1189 2491 1330 2545 alius
1378 2490 1540 2546 fuerit
1585 2508 1747 2561 quam
1785 2504 1945 2548 verus

376 2602 468 2640 rex
500 2581 882 2648 Israel,Filius
914 2581 1036 2644 Dei,
1086 2577 1173 2633 cui
1257 2579 1396 2633 dixit
1436 2579 1738 2635 Nathanael
1767 2599 1778 2633 :
1814 2600 1832 2632 ι
1865 2581 1944 2635 Tu

375 2676 435 2732 es
481 2674 651 2728 Filius
687 2671 776 2726 Dei
806 2691 818 2725 :
869 2681 925 2724 tu
981 2685 1040 2725 es
1081 2685 1170 2722 rex
1202 2669 1372 2724 Israel
1403 2670 1444 2701 ³⁷
1472 2671 1495 2724 ?
1526 2690 1544 2721 ι
1581 2671 1636 2725 Si
1672 2686 1802 2741 ergo
1833 2673 1946 2727 haec

2045 1767 2214 1822 θεῖναι
2251 1769 2339 1821 τὸν
2380 1767 2503 1821 νοῦν
2551 1769 2648 1838 τῆς
2699 1766 3021 1838 αἰσθήσεως,
3070 1766 3163 1819 καὶ
3203 1764 3408 1817 παῦσαι
3454 1782 3633 1818 κατα-

2041 1858 2266 1913 λιπόντα
2290 1860 2395 1911 πᾶν
2415 1859 2606 1929 ὃτιπέρ
2627 1859 2742 1910 ἐστι
2776 1858 2915 1929 μέγα
2941 1874 2999 1910 τε
3030 1857 3122 1910 καὶ
3149 1856 3401 1927 λαμπρὸν
3426 1856 3487 1907 ἐν
3515 1857 3634 1918 τοῖς

2043 1947 2161 2003 οὖσι
2193 1952 2546 2020 φαινόμενον
2599 1950 2735 2021 πρὸς
2787 1948 2855 2003 τὰ
2903 1950 3162 2016 ἀνέφικτα
3210 1949 3274 2017 τῇ
3326 1946 3630 2018 αἰσθητικῇ

2044 2038 2344 2110 καταλήψει
2387 2038 2474 2092 διὰ
2522 2040 2619 2108 τῆς
2653 2038 2827 2108 ψυχῆς
2859 2036 3188 2107 ὑπερκῦψαι,
3225 2037 3497 2089 κάκείνων
3529 2037 3632 2105 τὴν

2045 2119 2336 2200 ἐπιθυμίαν
2386 2127 2591 2191 λαϐεῖν,
2635 2120 2709 2180 ὧν
2763 2128 2861 2179 οὐκ
2913 2128 3208 2195 ἐφικνεῖται
3254 2128 3309 2195 ἡ.
3343 2124 3630 2195 αἴσθησις.

2044 2223 2195 2294 Τάχα
2225 2222 2281 2275 δέ
2314 2222 2404 2274 καὶ
2431 2220 2565 2291 πρὸς
2595 2220 2687 2273 τὸν
2718 2219 3068 2291 καθηγεμόνα
3096 2221 3195 2288 τῆς
3234 2217 3570 2287 Ἐκκλησίας
3599 2220 3633 2286 ἡ

2044 2312 2322 2384 ἐπιγραφὴ
2353 2312 2556 2383 βλέπει.
2599 2312 2655 2364 '0
2678 2311 2786 2382 γὰρ
2828 2310 3076 2380 ἀληθινὸς
3109 2309 3573 2387 Ἐκκλησιαστὴς,
3605 2310 3635 2361 6

2044 2405 2112 2458 τά
2151 2403 2556 2477 ἐσκορπισμένα
2601 2402 2921 2472 συναγαγὶον
2969 2402 3144 2465 εἰς’ἓν
3186 2401 3485 2473 πλήρωμα.
3537 2401 3635 2455 καὶ

2045 2499 2171 2560 τοὺς
2229 2496 2469 2566 πολλαχῆ
2520 2496 2656 2548 κατὰ
2709 2495 2805 2557 τὰς
2852 2494 3097 2557 ποικίλας
3140 2493 3351 2555 ἀπάτας
3398 2493 3634 2545 πεπλα-

2047 2591 2311 2661 νημένους
2366 2591 2445 2652 είς
2489 2588 2583 2641 ἕνα
2638 2586 2890 2654 σύλλογον
2946 2584 3357 2655 ἐκκλησιάζων.
3411 2584 3503 2647 τίς
3568 2583 3634 2637 ἂν

2046 2682 2200 2744 ἄλλος
2232 2681 2336 2750 εἴη.
2384 2681 2429 2731 εἱ
2479 2680 2551 2749 μὴ
2590 2680 2617 2731 6
2664 2678 2915 2749 ἀληθινὸς
2958 2676 3209 2746 βασιλεὺς
3246 2675 3336 2728 τοῦ
3382 2677 3630 2747 Ἰσραὴλ,

377 2772 506 2820 sunt
558 2762 719 2816 verba
765 2761 911 2830 regis
957 2759 1159 2824 Israel,
1208 2757 1349 2814 idem
1385 2759 1547 2814 etiam
1595 2762 1864 2816 vocaturi

2147 2768 2226 2836 ’ίὸς
2275 2770 2367 2824 τοῦ
2419 2770 2575 2831 Θεοῦ.
2625 2770 2761 2842 πρὸς
2815 2770 2873 2822 δν
2925 2764 3073 2822 εἶπεν
3122 2771 3149 2821 6
3190 2767 3512 2839 Ναθαναὴλ,
3550 2770 3634 2822 ὃτι

377 2851 565 2916 Filius,
592 2851 733 2904 sicut
767 2849 901 2903 dicit
931 2846 1283 2918 Evangelium
1314 2865 1328 2901 :
1361 2864 1491 2919 ergo
1540 2850 1678 2904 idem
1731 2867 1864 2922 quor]

2147 2865 2185 2917 ιὺ
2234 2858 2285 2915 εἴ
2315 2865 2359 2916 .6
2413 2863 2541 2926 Υἱὸς
2581 2862 2671 2915 τοῦ
2733 2861 2898 2914 Θεοῦ·
2942 2864 3004 2914 σὺ
3062 2856 3113 2912 εἷ
3166 2861 3194 2912 6
3238 2860 3495 2929 βασιλεὺς
3538 2861 3634 2913 τοῦ

376 2953 600 2995 vocatur
637 2940 1016 2995 Ecclesiastes.
1067 2939 1323 2995 Fortasse
1377 2949 1555 2994 autem
1586 2957 1708 2996 non
1760 2945 1857 2999 abs

2147 2944 2311 3024 ραήλς
2349 2971 2367 3005 ι
2402 2954 2465 3006 Εἰ
2510 2950 2602 3006 οὖν
2641 2952 2709 3006 τὰ
2749 2953 2968 3024 ῥήματα
3008 2950 3178 3005 ταῦτα
3228 2950 3320 3003 τοῦ
3359 2951 3634 3020 βασιλέως

378 3034 445 3087 ad
484 3034 629 3085 hunc
661 3046 885 3086 sensum
934 3031 1307 3100 inscriptionis
1345 3031 1633 3087 referimus
1673 3034 1865 3106 signifil

2148 3047 2167 3097 ἱ
2209 3045 2301 3099 τοῦ
2344 3044 2577 3116 Ἰσραὴλ,
2621 3046 2649 3097 6
2692 3044 2747 3096 δὲ
2801 3044 2961 3106 αὐτὸς
3006 3036 3158 3105 οὗτος
3204 3044 3296 3094 καὶ
3341 3041 3481 3094 Θεοῦ
3508 3039 3635 3104 ’Υἱός

379 3125 578 3177 tionem
601 3163 614 3186 ,
648 3133 704 3175 ut
744 3137 839 3191 per
880 3121 932 3175 id
973 3122 1285 3187 discamus,
1312 3123 1457 3191 quod
1477 3125 1553 3182 ad
1581 3141 1703 3179 eum
1727 3128 1822 3195 qui
1852 3128 1866 3180 Ι

2148 3156 2187 3195 ι.
2214 3134 2396 3197 καθὼς
2435 3135 2582 3203 λέγει
2628 3134 2687 3188 τὸ
2730 3134 3091 3202 Εὐαγγέλιον·
3127 3134 3232 3203 ἄρα
3271 3132 3365 3183 καὶ
3397 3134 3424 3184 6
3464 3131 3634 3195 αὐτὸς

378 3212 602 3267 clcsiam
632 3210 749 3264 fixit
779 3226 877 3279 per
910 3209 1257 3281 Evangelium
1281 3252 1296 3273 ,
1330 3212 1520 3267 horum
1553 3215 1837 3270 verborum

2147 3226 2487 3297 εκλησιαστὴς
2541 3226 2883 3296 ὀνομάζεται.
2938 3225 3088 3295 Τάχα
3134 3224 3189 3276 δὲ
3234 3223 3331 3276 οὑκ
3379 3223 3487 3287 ἔξω
3536 3223 3634 3276 τοῦ

379 3303 666 3358 referatur.
698 3321 716 3353 ι
740 3300 916 3356 Verba
948 3320 968 3355 ι
993 3303 1169 3367 enim,
1201 3302 1410 3371 inquit,
1438 3322 1458 3355 ι
1488 3303 1829 3361 Ecclesiastaa
1858 3312 1866 3360 l

2149 3317 2256 3379 δῖος
2291 3318 2371 3380 εἰς
2401 3316 2604 3386 ταύτην
2642 3316 2738 3387 τὴν
2781 3316 3015 3369 διάνοιαν
3043 3315 3141 3383 τὴν
3180 3315 3279 3384 τῆς
3313 3316 3636 3385 ἐπιγραεξῆς

382 3393 567 3446 David.
603 3412 620 3443 ι
646 3391 913 3447 ltaetiam
950 3389 1233 3447 Matthaeus
1266 3392 1321 3446 in
1355 3393 1623 3463 principio
1667 3396 1869 3469 Evangt

2149 3403 2400 3474 ,φέρομεν
2430 3404 2727 3473 σημασίαν,
2772 3404 2857 3457 ἵνα
2900 3403 2989 3456 διὰ
3028 3403 3181 3455 τοῦτο
3229 3404 3513 3474 μάθωμεν,
3547 3405 3636 3457 ὅτι

380 3484 556 3552 ipsum
589 3481 834 3536 nominat
863 3480 1033 3537 filium
1076 3482 1247 3537 David
1274 3522 1290 3548 ,
1322 3483 1514 3542 dicens
1556 3485 1867 3543 Dominum.

2173 3494 2333 3548 αὐτὸν
2380 3494 2470 3548 τὸν
2513 3495 2599 3548 διὰ
2643 3496 2736 3549 τοῦ
2791 3495 3123 3564 Εὐάγγελὶου
3169 3496 3267 3565 τὴν
3301 3496 3634 3566 Ἐκκλησίαν

378 3574 707 3644 πηξάμενον,
748 3575 781 3643 ή
826 3572 934 3627 τῶν
972 3573 1230 3644 ῥημάτων
1272 3576 1476 3631 τούτων
1507 3579 1833 3650 ἀναφέρεται
1861 3582 2133 3654 δύναμις.‹
2155 3586 2395 3657 Ῥήματα
2410 3587 2559 3657 ιγὰρ,
2589 3587 2807 3657 φησὶν,ι
2829 3587 3250 3656 Ἐκκλησιαστοῦ
3277 3584 3633 3639 υἷοῦΔαϐίδ.»

380 3664 534 3719 Οὕτω
560 3665 616 3719 δὲ
646 3664 805 3719 αὐτὸν
833 3665 924 3717 καὶ
949 3664 1224 3726 Ματθαῖος
1249 3667 1307 3722 ἐν
1336 3668 1529 3739 ἀρχαῖς
1566 3672 1659 3724 τοῦ
1698 3670 2025 3741 Εὑαγγελίου
2057 3676 2432 3746 κατονομάζει,
2469 3678 2579 3730 υἱὸν
2611 3678 2794 3741 Δαϐὶδ,
2824 3678 2995 3744 λέγων
3026 3680 3115 3731 τὸν
3155 3678 3380 3749 Κύριονι

454 3779 472 3811 ι
506 3759 729 3814 Vanitas
771 3758 1106 3823 vanitatum,
1137 3779 1156 3812 ι
1185 3760 1319 3817 dicit
1368 3762 1755 3830 Ecclesiastes,
1781 3784 1801 3817 ι
1827 3783 1941 3822 om‘

2141 3791 2146 3824 π
2170 3772 2480 3842 Ματαιότης
2505 3772 2896 3841 ματαιοτήτων,
2926 3792 2941 3820 ι
2959 3766 3108 3824 εἶπεν
3125 3774 3152 3827 6
3177 3771 3628 3843 Ἐκκλησιαστής,

380 3856 471 3909 nia
503 3853 734 3907 vanitas.
768 3870 787 3903 ι
813 3849 1023 3905 Vanum
1058 3852 1383 3924 intelligitur
1430 3856 1578 3926 quod
1617 3873 1724 3913 non
1774 3871 1864 3929 pot

2143 3863 2167 3916 ‘1
2189 3861 2362 3915 πάντα
2390 3861 2701 3932 ματαιότης.
2717 3880 2734 3913 ι
2754 3862 2993 3915 Μάταιω
3013 3863 3208 3913 νοεῖται
3236 3859 3295 3913 τὸ
3318 3861 3630 3914 άνυπόστα⁹

382 3947 711 4007 consistere,
740 3942 883 4013 quod
916 3942 972 3996 in
1001 3943 1116 3998 sola
1146 3945 1434 4001 verborum
1467 3950 1771 4017 prolatione
1794 3968 1869 4007 su;

2148 3994 2161 4018 ,
2199 3952 2228 4004 ὃ
2277 3954 2334 4005 ἐν
2381 3952 2517 4024 μόνῃ
2560 3955 2626 4023 τῇ
2669 3951 2760 4004 τοῦ
2809 3953 3051 4023 ῥήματος
3102 3953 3349 4023 προφορᾷ
3388 3952 3449 4005 τὸ
3492 3949 3631 4005 εἷναι

386 4035 544 4088 habet
566 4032 859 4087 essentiam
886 4048 900 4097 ;
931 4044 1020 4085 res
1046 4039 1227 4087 autem
1254 4049 1376 4104 qua:
1402 4037 1705 4102 consistat,
1738 4054 1845 4093 non

2145 4062 2189 4097 ι·
2218 4045 2448 4115 πρᾶγμα
2470 4044 2526 4097 δὲ
2546 4042 2775 4111 ὑφεστὸς
2796 4045 2862 4113 τῇ
2893 4042 2983 4095 τοῦ
3014 4043 3273 4112 ὀνόματος
3295 4044 3544 4115 σημασία
3570 4045 3631 4097 οὐ

386 4124 499 4177 mut
548 4129 772 4192 apparet
817 4135 941 4175 cum
993 4121 1231 4177 nominis
1278 4124 1711 4195 significatione,
1747 4128 1873 4181 sedi

2231 4137 2491 4204 φαίνεται,
2510 4134 2621 4188 ἀλλ’
2644 4133 2757 4187 ἔστι
2778 4151 2859 4196 τις
2876 4133 3046 4203 ψόφος
3066 4133 3230 4203 ἀργὸς
3249 4134 3341 4186 καὶ
3361 4134 3630 4198 διάκενος,
3706 4196 3718 4207 _

384 4216 597 4272 otiosus
625 4212 843 4283 quidam
871 4219 925 4267 et
955 4212 1135 4269 inanis
1164 4229 1334 4272 sonus
1354 4255 1368 4281 ,
1398 4218 1491 4287 qui
1520 4218 1623 4272 sub
1654 4219 1835 4286 specie
1861 4235 1871 4273 :

2144 4228 2367 4298 ςχήματι
2394 4225 2588 4291 λέξεώς
2617 4242 2781 4289 τινος,
2804 4225 2891 4278 διὰ
2920 4223 3194 4277 συλλαϐῶν
3228 4224 3631 4295 προφερόμενος

386 4306 544 4376 cujus
577 4304 835 4359 dictionis
880 4310 1086 4359 temere
1128 4305 1402 4375 profertur
1442 4322 1539 4377 per
1581 4308 1846 4379 syllabas,

2143 4320 2196 4387 ᾗ,
2241 4317 2592 4388 προσπίπτων
2624 4318 2689 4387 τῇ
2733 4316 2867 4386 ἀκοῇ
2915 4315 3081 4387 χωρὶς
3124 4316 3419 4385 σημασίας,
3447 4313 3538 4369 οἷα
3567 4316 3630 4387 δὴ

384 4402 559 4452 aures
598 4396 884 4450 incurrens
934 4394 1143 4465 absque
1198 4396 1635 4467 significatione,
1672 4398 1815 4454 sicut
1855 4416 1871 4470 ι

2145 4409 2335 4473 ἷζοντές
2358 4426 2499 4471 τινες
2528 4406 3017 4477 ὀνοματοποιοῦσιν,
3041 4400 3113 4459 ὧν
3146 4407 3203 4460 τὸ
3234 4407 3632 4477 σημαινόμενον

393 4488 574 4543 ludum
604 4485 853 4540 nonnulli
884 4485 1093 4556 tingunt
1120 4487 1344 4541 nomina
1369 4527 1384 4552 ,
1416 4502 1538 4557 quae
1568 4488 1704 4542 nihil
1735 4489 1950 4559 signili~

387 4586 532 4634 cant.
563 4576 677 4630 Hoc
704 4584 790 4631 est
809 4590 939 4645 ergo
972 4592 1141 4631 unum
1168 4592 1342 4648 genus
1365 4576 1645 4633 vanitatis.
1671 4578 1835 4633 Aliud
1859 4593 1953 4633 au-

386 4681 495 4728 tem
520 4668 723 4724 dicitur
763 4667 1009 4733 vanitas,
1050 4683 1242 4724 eorum
1284 4682 1517 4739 quorum
1562 4669 1747 4726 nullus
1782 4687 1951 4736 usus,

386 4777 507 4833 quae
547 4773 744 4832 magno
771 4758 955 4815 studio
982 4768 1037 4815 et
1069 4761 1420 4816 contentione
1463 4760 1608 4817 facta
1648 4773 1778 4818 sunt
1805 4765 1954 4819 nullo

388 4869 554 4925 scopo
600 4852 921 4925 proposito:
963 4852 1146 4921 qualia
1188 4859 1317 4907 sunt
1366 4869 1661 4924 puerorum
1701 4857 1758 4911 in
1788 4872 1954 4912 arena

386 4948 612 5003 aedificia
632 4986 647 5012 ,
683 4960 804 5016 quae
833 4946 890 4998 lit
918 4942 1182 5000 adversus
1216 4944 1402 5002 stellas
1441 4947 1736 5017 jaculatio,
1769 4960 1957 5007 vento-

290 5064 304 5073 ί
387 5056 507 5095 rum
539 5037 755 5093 venatio
774 5073 790 5098 ν
813 5033 1057 5089 cursoris
1086 5034 1349 5092 adversus
1379 5053 1533 5093 suam
1560 5042 1807 5097 umbram
1831 5056 1956 5097 οοη-

387 5129 643 5190 certatio,
698 5123 918 5196 quando
953 5126 1234 5180 contendit
1279 5129 1549 5199 quispiam
1576 5131 1805 5188 cumbrae
1842 5148 1955 5188 sua:

389 5222 647 5277 verticem
682 5214 979 5273 ascendere
999 5252 1013 5277 ,
1040 5221 1094 5269 et
1118 5217 1162 5270 si
1197 5219 1328 5288 quid
1353 5220 1617 5290 ejusmodi
1646 5223 1953 5279 invenimus

390 5314 444 5367 in
490 5313 559 5365 iis
599 5325 721 5379 quas
752 5306 894 5361 facta
925 5315 1055 5359 sunt
1089 5315 1323 5374 temere,
1359 5329 1480 5384 quae
1514 5315 1733 5386 quidem
1769 5316 1953 5371 omnia

388 5402 644 5457 vanitatis
675 5397 843 5453 verbo
871 5393 1252 5464 subjiciuntur.
1280 5403 1373 5462 Est
1398 5415 1576 5463 autem
1605 5407 1707 5464 hoc
1734 5420 1951 5477 quoque

464 5570 504 5601 ³⁷
530 5574 687 5632 Joan.
723 5593 760 5644 ι,
795 5581 885 5638 49.

2052 4500 2197 4553 ἐστιν
2234 4498 2404 4553 οὐδέν.
2444 4499 2538 4550 Ἕν
2579 4499 2675 4569 μὲν
2722 4496 2878 4550 τοῦτο
2920 4492 3055 4561 εἶδος
3102 4497 3201 4566 τῆς
3251 4498 3629 4568 ματαιότητος.

2055 4588 2222 4660 ’Ἄλλη
2253 4589 2310 4642 δὲ
2342 4590 2636 4659 ματαιότης
2666 4588 2882 4657 λέγεται
2914 4588 3020 4641 τῶν
3063 4589 3203 4641 κατά
3239 4606 3358 4642 τινα
3396 4589 3634 4659 σπουδὴν

2057 4679 2194 4749 πρὸς
2238 4678 2425 4733 οὐδένα
2481 4678 2678 4733 σκοπὸν
2717 4677 3013 4748 γινομένων
3046 4679 3077 4748 ἡ
3115 4678 3405 4748 ἀχρηστία,
3452 4677 3529 4741 ὡς
3565 4678 3635 4731 τὰ

2056 4769 2165 4823 τῶν
2198 4771 2253 4823 ἐν
2282 4769 2494 4841 ψάμμῳ
2523 4770 2750 4824 παιδίων
2799 4754 3229 4839 οἰκοδομήματα,
3263 4771 3357 4822 καὶ
3405 4771 3439 4839 ὴ
3493 4769 3636 4823 κατὰ

2057 4860 2163 4913 τῶν
2193 4861 2404 4931 ἄστρων
2432 4860 2631 4924 τοξεία,
2670 4861 2763 4912 καὶ
2801 4861 2833 4931 ή
2863 4860 2970 4913 τῶν
3014 4860 3229 4931 ἀνέμων
3278 4860 3440 4930 θήρα,
3475 4860 3572 4913 καὶ
3602 4862 3634 4930 ή

2059 4950 2194 5022 πρὸς
2235 4950 2333 5023 τὴν
2361 4951 2495 5005 ἰδίαν
2528 4950 2684 5004 σκιάν
2710 4950 2805 5004 τοῦ
2838 4950 3078 5021 δρομέως
3107 4951 3336 5021 ἅμιλλα,
3359 4951 3449 5003 ὅτε
3482 4951 3635 5020 φιλο-

2060 5042 2212 5112 νεικῇ
2250 5057 2334 5103 τις
2365 5040 2458 5093 τοῦ
2490 5040 2820 5112 σκιάσματος
2857 5041 2955 5110 τῆς
2988 5040 3228 5112 κορυφῆς
3245 5039 3521 5111 ἐπιϐῆναι,
3542 5042 3635 5094 καὶ

2062 5130 2115 5182 εῐ
2138 5146 2189 5182 τι
2227 5128 2463 5182 τοιοῦτον
2511 5130 2696 5199 ἕτερον
2740 5131 2797 5182 ἐν
2838 5133 2949 5192 τοῖς
2988 5132 3107 5201 εἰκῇ
3145 5130 3455 5199 γενομένοις
3496 5130 3636 5201 εὑρί-

2062 5235 2283 5289 σκομεν,
2319 5218 2460 5289 άπερ
2490 5219 2665 5273 πάντα
2713 5218 2789 5290 τῷ
2830 5220 2928 5288 τῆς
2969 5218 3326 5288 ματαιότητος
3366 5219 3633 5285 ὑπάγεται

2063 5312 2285 5383 ῥήματι.
2315 5310 2471 5362 Ἔστι
2518 5309 2575 5362 δέ
2632 5310 2888 5373 πολλάκις
2932 5310 3149 5364 κάκεῖνο
3201 5308 3429 5377 μάταιον
3469 5312 3525 5361 ὲν
3568 5313 3630 5378 τῇ

2065 5401 2320 5473 συνηθείᾳ
2382 5401 2707 5472 λεγόμενον,
2760 5404 2886 5456 ὅταν
2940 5402 3076 5472 πρός
3135 5419 3253 5454 τινα
3308 5401 3513 5454 exex/5v
3555 5415 3632 5466 τις
