3738 5984
183 161 261 220 621
1070 174 1079 181 ’
1227 154 1295 217 IN
1338 156 1870 217 ECCLESIASTEN.
1911 150 2189 216 HOMILIA
2232 157 2272 211 l.

3276 152 3383 213 822

133 277 316 351 lbptbv,
360 273 454 329 καὶ
504 274 580 339 ὥς
621 292 675 329 τι
720 275 990 339 λυσιτελὲς
1025 273 1130 328 τῶν
1165 273 1535 347 προκειμένων
1574 269 1714 325 κατὰ

1901 285 1958 339 pe
1992 268 2226 339 positum
2269 269 2323 323 in
2358 265 2781 329 consuetudine.
2816 274 2873 322 ut
2905 281 3102 324 vanum
3148 266 3380 337 dicatur,

177 368 384 438 σπονδὴν
414 366 634 437 μετιὼν,
664 367 866 421 ἕκαστα
894 366 1128 438 πράττῃ,
1158 362 1279 419 εἶτά
1300 381 1443 427 τινος
1473 360 1711 416 ἐναντίου

178 456 533 528 γεγενημένου,
561 457 641 519 είς
661 456 913 527 ἀνόνητον
940 456 1199 527 περιέλθῃ
1225 456 1254 508 ὁ
1283 454 1461 516 πόνος,
1483 451 1574 506 καὶ
1595 450 1714 504 τότε

176 547 257 601 καὶ
284 547 369 599 ἐπὶ
401 547 588 617 μηδενὶ
623 546 1004 618 κατορθώματι
1032 545 1130 616 τὴν
1163 544 1394 615 σπουδὴν
1428 540 1716 612 προχωρῆ-

156 655 255 692 οσαι
295 636 366 707 τῷ
420 638 620 707 ῥήματι
670 636 764 690 τοῦ
815 636 1042 708 ματαίου
1090 634 1518 711 διασημαίνεται.
1554 630 1715 699 Λέγει

176 730 269 800 γὰρ
295 724 379 781 ἐπὶ
421 727 527 781 τῶν
579 728 832 795 τοιούτων
876 731 912 799 ἡ
960 726 1217 798 συνήθεια
1260 726 1342 795 τὸ,
1377 726 1567 793 Μάτην
1596 724 1717 775 ὲκο-

177 819 341 883 πίασα,
388 819 482 872 καὶ
532 819 709 889 μάτην
749 819 1044 887 ὲπήλπισα,
1090 818 1183 872 καὶ
1219 818 1312 870 ἐπὶ
1350 817 1561 887 ματαίῳ
1593 816 1717 877 τοὺς

166 907 376 969 ,πολλοὺς
426 908 663 978 ὑπέστην
713 908 1009 977 καμάτους.
1058 907 1167 960 Καὶ
1219 907 1304 959 ἵνα
1364 903 1439 975 μὴ
1483 903 1552 956 τὰ
1594 901 1716 955 καθ’

176 998 376 1051 ἕκαστον
399 997 699 1068 διεξίωμεν,
733 1001 816 1066 ἐφ’
846 993 925 1062 οἷς
953 998 1013 1051 τὸ
1046 997 1215 1067 ὄνομα
1240 996 1339 1072 τῆς
1364 994 1717 1067 ματαιότητος

176 1090 353 1158 κυρίως
402 1088 638 1156 λέγεται,
693 1092 751 1142 ὲν
802 1089 965 1158 ολίγῳ
1016 1088 1113 1159 τὴν
1150 1088 1354 1141 ἔννοιαν
1397 1086 1494 1155 τῆς
1537 1085 1718 1155 φωνῆς

174 1179 351 1250 ταύτης
400 1180 843 1251 περιληψώμεθα.
906 1178 1214 1248 Ματαιότης
1268 1177 1431 1239 ἐστὶν,
1465 1177 1518 1246 *ἢ
1571 1175 1718 1245 ῥῆμα

172 1270 481 1338 ἀδιανόητον,
508 1269 540 1338 ἢ
574 1272 802 1339 πρᾶγμα
845 1270 1119 1339 ἀνόνητον,
1151 1267 1183 1338 ἢ
1218 1266 1377 1335 βουλὴ
1415 1265 1718 1318 ἀνυπόστα-

173 1376 269 1422 τος,
305 1359 336 1429 ἢ
374 1359 574 1429 σπουδὴ
622 1360 788 1428 πέρας
835 1360 930 1411 οὐκ
960 1358 1175 1428 ἔχουσα,
1206 1357 1238 1427 ἢ
1279 1354 1503 1409 καθόλου
1532 1353 1591 1405 τὸ
1625 1353 1718 1406 ἐπὶ

175 1451 317 1503 παντὶ
341 1451 699 1503 λυσιτελοῦντι
727 1450 1091 1520 ἀνύπαρκτον.
1124 1450 1187 1501 El
1221 1448 1284 1518 δὴ
1312 1447 1556 1517 νενόηται
1591 1446 1727 1529 ἡμῖν)

173 1539 254 1593 τοῦ
285 1540 505 1610 ματαίου
530 1542 562 1611 η
593 1541 785 1603 ἔννοια,
812 1539 1121 1605 ἐξεταστέον
1147 1539 1211 1592 ἂν
1252 1538 1360 1609 εἴη,
1390 1536 1442 1589 τί
1476 1536 1719 1606 βούλεται

1817 360 2037 431 quando
2066 354 2335 431 quispiam
2371 358 2438 413 ad
2473 372 2696 428 scopum
2727 357 2962 427 aliquem
2995 358 3299 429 aspiciens,
3329 368 3385 415 et
3412 371 3422 380 ‘

1819 457 2080 518 tanquam
2120 448 2253 501 utile
2286 446 2562 516 quidpiam
2598 462 2664 501 ex
2694 446 2763 502 iis
2795 461 2916 516 quae
2949 456 3076 501 sunt
3105 449 3382 517 proposita

1817 540 1996 595 studio
2023 539 2326 594 vehementi
2357 552 2719 607 persequens,
2755 539 2866 608 agit
2896 537 3110 605 singula
3138 554 3154 604 ;
3187 538 3385 594 deinde

1816 646 1940 686 cum
1972 630 2178 699 aliquid
2210 629 2541 684 contrarium
2572 630 2847 693 evenerit,
2881 629 3038 683 labor
3066 629 3229 684 fuerit
3259 631 3385 684 irri-

1819 733 1938 778 tus:
1959 729 2013 776 et
2032 729 2161 776 tunc
2181 721 2326 791 quod
2350 736 2415 775 ex
2435 736 2500 776 eo
2515 736 2711 792 magno
2730 721 2917 777 labore
2940 721 3075 775 nihil
3101 730 3245 776 recte
3269 736 3393 777 suc-

1816 813 2082 875 cesserit,
2113 812 2219 867 hoc
2251 812 2375 866 vani
2410 812 2575 868 verbo
2610 813 2969 883 signiﬁcatur.
3008 811 3082 867 De
3126 813 3193 867 iis
3240 813 3388 866 enim

1817 918 1938 971 quae
1968 910 2096 958 sunt
2124 903 2395 971 ejusmodi
2424 903 2563 959 solet
2595 903 2704 957 dici
2734 924 2747 958 :
2781 901 2842 958 In
2877 919 3072 959 vanum
3105 904 3346 959 laboravi
3369 942 3385 965 ,

1817 993 1871 1046 in
1915 1006 2111 1046 vanum
2149 993 2394 1062 speravi,
2452 1000 2507 1047 et
2557 993 2612 1047 in
2668 1009 2868 1049 vanum
2923 996 3122 1049 multos
3173 996 3387 1058 labores

1819 1083 1980 1138 subii.
2011 1086 2075 1137 Et
2105 1101 2172 1139 ne
2196 1086 2407 1156 singula
2430 1101 2839 1156 persequamur,
2869 1087 2925 1141 in
2954 1089 3152 1158 quibus
3177 1091 3389 1143 vanita-

1818 1175 1889 1230 tis
1921 1170 2124 1231 nomen
2147 1180 2424 1248 proprium
2459 1180 2678 1242 dicitur,
2706 1186 2895 1250 paucis
2910 1182 3072 1251 hujus
3086 1184 3237 1236 vocis
3257 1197 3388 1237 sen-

1820 1278 1937 1317 sum
1969 1265 2514 1333 comprehendamus.
2542 1266 2762 1323 Vanitas
2785 1278 2869 1323 est
2890 1270 2972 1323 vel
3001 1271 3221 1324 verbum
3244 1269 3390 1339 quod

1818 1366 1925 1405 non
1958 1352 2101 1406 cadit
2127 1354 2229 1407 sub
2260 1356 2646 1423 cogitationem
2691 1364 2745 1410 et
2797 1357 3211 1428 intelligentiam
3236 1401 3250 1424 ,
3305 1361 3391 1414 vel

1819 1457 1907 1497 res
1937 1442 2145 1498 inutilis
2166 1483 2180 1507 ,
2214 1445 2297 1499 vel
2345 1447 2631 1501 consilium
2663 1447 2806 1517 quod
2839 1464 2945 1503 non
2978 1460 3151 1519 petest
3180 1450 3391 1505 consis-

1820 1538 1969 1597 tere,
2005 1534 2091 1588 vel
2122 1532 2361 1589 studium
2392 1536 2536 1605 quod
2566 1551 2676 1591 non
2707 1539 2948 1607 pervenit
2977 1539 3040 1594 ad
3074 1539 3233 1594 ﬁnem
3258 1579 3272 1602 ,
3305 1541 3391 1593 vel

172 1630 202 1698 ή
249 1629 536 1698 ματαιότης
580 1628 687 1681 τῶν
748 1630 1139 1700 ματαιοτήτων.
1188 1627 1341 1696 Τάχα
1393 1625 1437 1676 δ’
1484 1625 1550 1677 ἂν
1595 1623 1718 1692 ἡμῖν

1912 1621 1967 1675 ἱιι
1998 1637 2212 1677 summa
2237 1624 2415 1678 dicam
2439 1664 2452 1687 ,
2483 1625 2537 1679 id
2565 1628 2710 1696 quod
2742 1628 2796 1681 in
2828 1629 3020 1698 quavis
3046 1645 3104 1685 re
3135 1631 3249 1684 utili
3280 1640 3391 1684 non

172 1718 569 1790 γνωριμώτερον
596 1718 655 1771 τὸ
700 1717 1026 1789 ζητούμενον
1074 1718 1248 1788 νόημα
1293 1716 1518 1784 γένοιτο,
1552 1715 1600 1767 εἰ
1628 1714 1725 1783 τὴν

174 1809 425 1879 γραφικὴν
467 1807 749 1878 συνήθειαν
783 1808 874 1859 ἐπὶ
901 1807 1009 1861 τῶν
1052 1804 1186 1876 πρὸς
1222 1807 1282 1858 τὸ
1310 1807 1553 1875 κρεῖττον
1581 1820 1728 1856 νοου-

177 1898 364 1966 μένων,
394 1896 866 1968 συνεξετάσαιμεν.
910 1896 973 1948 Ἢ
1021 1895 1127 1948 τῶν
1169 1893 1479 1961 ἀναγκαίων
1524 1908 1585 1944 τε
1634 1890 1729 1943 καὶ

177 1988 542 2058 συμφερόντων
566 1987 779 2057 πρᾶξις,
829 1978 987 2057 ἔργον
1034 1983 1186 2055 παρὰ
1226 1984 1324 2055 τῆς
1362 1980 1586 2052 Γραφῆς
1615 1982 1726 2033 dvo-

175 2079 415 2147 μάξεται·
470 2079 605 2133 ἀλλὰ
649 2080 716 2132 τὰ
758 2077 1153 2150 ὑπερϐαίνοντα
1203 2074 1308 2127 τῶν
1362 2071 1727 2142 σπουδαζομέ-

174 2186 283 2228 νων.
307 2171 401 2223 ὅσα
434 2172 518 2233 εἰς
538 2162 712 2240 ἀὐτὴν
744 2171 843 2241 ὁρᾷ
874 2171 970 2240 τὴν
1000 2166 1092 2221 τοῦ
1117 2167 1251 2221 Θεοῦ
1290 2165 1563 2232 λατρείαν,
1593 2165 1727 2238 ξργα

172 2260 329 2329 ἔργων
360 2262 599 2330 λέγεται,
637 2259 817 2325 καθὼς
865 2263 896 2331 ἡ
944 2259 1153 2330 ἱστορία
1199 2259 1366 2328 δηλοῖ.
1404 2257 1725 2318 δεικνύντος,

174 2346 328 2421 οἶμαι,
356 2353 448 2406 τοῦ
485 2353 663 2433 λόγου,
706 2353 793 2406 διά
836 2369 977 2415 τινος
1018 2349 1323 2418 ἀναλογίας·
1351 2350 1481 2418 ἡμῖν
1530 2348 1594 2399 ὲκ
1634 2346 1727 2399 τοῦ

120 2438 127 2453 ⁸
172 2440 317 2513 ἔργου
343 2444 446 2498 τῶν
481 2443 676 2515 ἔργων,
709 2443 761 2495 τί
790 2444 850 2496 τὸ
889 2444 946 2495 ὲν
989 2445 1101 2505 τοῖς
1139 2439 1586 2511 σπουδαζομένοις
1615 2438 1730 2490 ἐστὶ⁹

174 2536 567 2605 προτιμότερον.
612 2536 707 2587 Ὃν
747 2533 854 2605 γὰρ
883 2532 1065 2603 ἐπέχει
1101 2532 1255 2601 λόγον
1290 2531 1424 2602 πρὸς
1470 2530 1567 2600 τὴν
1605 2528 1726 2587 καθα

171 2623 280 2676 όλου
311 2624 509 2694 ἀργίαν
554 2624 588 2693 ἡ
625 2623 749 2693 περὶ
793 2622 862 2676 τὰ
902 2621 1040 2692 ἔργα
1084 2619 1304 2690 σπουδὴ,
1339 2617 1576 2672 τοιοῦτον
1617 2616 1731 2687 ἔχει

172 2711 312 2781 λόγον
340 2714 476 2785 πρὸς
499 2713 571 2767 τὰ
611 2712 772 2766 λοιπὰ
802 2711 938 2783 ἔργα
1047 2711 1181 2783 πρὸς
1203 2709 1272 2763 τά
1299 2708 1603 2779 ὑψηλότερα
1637 2704 1731 2761 καὶ
1760 2724 1769 2743 κ

173 2804 526 2874 προτιμότερα
553 2804 660 2857 τῶν
686 2801 1130 2872 σπουδαζομένων
1163 2800 1427 2872 ἐνέργεια.
1457 2798 1613 2852 Οὕτω
1638 2799 1730 2851 καὶ

1830 1719 2011 1781 potest
2040 1714 2362 1770 consistere.
2411 1719 2584 1787 Atque
2621 1717 2666 1772 si
2697 1718 2809 1786 jam
2854 1719 3072 1789 quidem
3116 1721 3391 1776 intellexi-

1827 1816 1948 1856 mus
1978 1803 2227 1871 quisnam
2270 1806 2340 1861 sit
2387 1808 2512 1861 vani
2560 1808 2791 1877 'sensus,
2845 1811 3261 1866 examinandum
3310 1824 3392 1867 es:

1828 1892 1955 1960 quid
1982 1893 2095 1947 sibi
2128 1894 2259 1949 velit
2288 1896 2502 1951 vanitas
2537 1900 2858 1954 vanitatum.
2903 1898 3166 1969 Quisnam
3210 1912 3387 1959 autem

1827 1983 1896 2036 sit
1952 1983 2043 2051 qui
2092 1985 2355 2053 quaeritur
2399 2003 2633 2055 sensus,
2680 1989 2843 2053 fuerit
2883 1994 3041 2048 nobis
3078 1997 3296 2061 notius,
3342 1998 3389 2051 si

1830 2072 2126 2144 Seripturae
2171 2079 2615 2135 consuetudinem
2665 2084 3038 2141 examinemus
3091 2087 3146 2141 in
3176 2088 3242 2142 iis
3269 2104 3392 2159 qua:

1828 2165 2204 2235 intelliguntur
2236 2183 2356 2223 esse
2390 2171 2612 2225 meliora
2646 2188 2710 2228 ac
2743 2178 3139 2243 praestantiora.
3189 2178 3389 2233 Eorum

1827 2262 1948 2323 quae
1998 2264 2125 2310 sunt
2162 2259 2471 2313 necessaria
2504 2268 2559 2315 et
2618 2263 2769 2316 utilia
2814 2265 2979 2327 actio,
3032 2282 3170 2337 opus
3211 2271 3392 2323 nomi-

1828 2351 1990 2398 natur
2043 2359 2072 2398 a
2132 2346 2446 2417 Scriptura;
2496 2351 2591 2406 sed
2632 2367 2820 2407 eorum
2876 2355 2929 2409 in
2977 2372 3097 2427 quae
3152 2361 3388 2415 studium

1828 2437 2126 2504 confertur,
2156 2456 2497 2513 quaecunque
2527 2436 2825 2511 excellunt,
2874 2458 2927 2504 et
2977 2466 3097 2520 quae
3143 2463 3392 2522 spectant

1828 2528 1897 2585 ad
1930 2530 2107 2599 ipsum
2141 2529 2233 2586 Dei
2266 2533 2509 2601 cultum,
2539 2535 2794 2591 dicuntur
2821 2553 2983 2609 opera
3023 2557 3248 2610 operum
3271 2584 3285 2608 ,
3318 2547 3391 2600 si-
3486 2596 3490 2601 .

1829 2627 1923 2675 cut
1951 2621 2190 2676 declarat
2220 2624 2505 2695 Scriptura
2526 2666 2541 2691 ,
2572 2628 2893 2686 ostendente
2912 2674 2928 2699 ,
2980 2642 3039 2687 ut
3089 2642 3259 2704 puto,
3290 2637 3391 2692 hac

1828 2710 2099 2776 dictione,
2131 2728 2228 2782 per
2252 2717 2540 2784 quamdam
2573 2720 2906 2791 analogiam,
2951 2739 3016 2779 ex
3056 2740 3221 2795 opere
3258 2742 3389 2798 ope-

1829 2812 1987 2867 rum,
2013 2803 2270 2873 quidnam
2306 2806 2377 2862 sit
2413 2812 2919 2877 praestantissimum
2950 2828 3017 2869 ex
3067 2816 3133 2872 iis
3176 2818 3229 2873 in
3273 2834 3394 2889 qua:

171 2898 312 2966 ἅγιόν
350 2918 402 2953 τι
435 2900 586 2972 παρὰ
618 2902 689 2970 τῇ
718 2899 906 2971 Γραφῇ
950 2897 1192 2964 λέγεται*
1231 2894 1326 2948 καὶ
1369 2893 1528 2947 πάλιν
1575 2892 1718 2960 ἅγιοι

1905 2894 2072 2949 ιᾱίυιιι
2102 2896 2398 2953 confertur.
2444 2897 2578 2954 Nam
2625 2916 2788 2971 quam
2837 2903 2997 2959 habet
3028 2908 3290 2963 rationem
3324 2911 3393 2965 ad

168 2990 345 3057 ἁγίων,
373 2992 448 3054 ὡς
491 2993 591 3060 ἴσῳ
638 2991 715 3060 τῷ
745 2989 927 3061 μέτρῳ
976 2988 1071 3041 τοῦ
1090 2999 1146 3036 τε
1171 2985 1231 3050 ἐξ
1271 2984 1425 3054 ἁγίου
1471 2986 1532 3038 τὸ
1575 2985 1725 3053 ’ἅγιον

171 3082 437 3152 ὑπερέχων
482 3084 541 3135 ὲν
589 3082 859 3150 ἁγιότητι·
917 3079 1011 3133 καὶ
1059 3076 1243 3129 τούτου
1286 3076 1468 3133 πάλιν.
1513 3075 1575 3128 τὸ
1618 3074 1725 3127 τῶν

170 3172 325 3240 ἁγίων
364 3176 541 3243 ἆγιον,
586 3173 646 3227 τὸ
691 3171 810 3226 καθ’
858 3168 1144 3241 ὑπέρθεσιν
1194 3168 1253 3220 ἐν
1297 3165 1550 3237 ἁγιασμῷ
1595 3166 1727 3219 θεω-

171 3281 256 3332 ρου
266 3283 440 3333 μενον.

1819 2980 2001 3040 rotium
2024 2987 2079 3042 in
2104 3002 2299 3056 genere
2320 2990 2370 3045 id
2394 2986 2615 3060 quodin
2637 3006 2799 3063 opera
2823 2997 3100 3052 confertur
3118 3001 3354 3056 studium
3376 3043 3391 3065 ,

1832 3076 2076 3132 eamdem
2106 3078 2268 3134 habet
2296 3082 2560 3137 rationem
2593 3084 2656 3138 ad
2685 3085 2789 3141 alia
2819 3101 2980 3157 opera
3011 3105 3132 3159 quze
3160 3091 3213 3145 in
3244 3094 3396 3149 altis-

1835 3168 1989 3222 simis
2019 3180 2067 3222 et
2113 3174 2581 3239 praestantissimis
2612 3191 2834 3241 eorum,
2882 3180 2936 3233 in
2985 3196 3106 3250 quae
3152 3186 3393 3240 studium

1771 3292 1776 3300 ι
1835 3257 2132 3321 confertur,
2165 3261 2673 3332 ponituroperatio.
2712 3266 2789 3320 Ita
2821 3271 2983 3323 etiam
3019 3282 3267 3329 sanctum
3295 3278 3394 3330 ali-

170 3358 289 3423 quid
334 3360 538 3413 dicitur
584 3360 635 3412 in
684 3358 1011 3425 Scriptura,
1051 3364 1105 3410 et
1146 3368 1338 3415 rursus
1381 3347 1630 3408 sanctum
1688 3359 2037 3416 sanctorum,
2087 3352 2223 3407 adeo
2273 3364 2331 3408 ut
2365 3356 2479 3425 pari
2514 3373 2768 3413 mensura
2799 3369 2852 3414 et
2894 3371 3141 3417 sanctum
3174 3377 3395 3437 superet

154 3451 442 3515 profanum
484 3456 541 3507 in
572 3454 879 3515 sanctitate,
937 3458 991 3506 et
1020 3450 1125 3506 hoc
1186 3463 1378 3503 rursus
1405 3454 1651 3504 sanctum
1683 3453 1995 3503 sanctorum
2018 3486 2032 3513 ,
2064 3448 2207 3516 quod
2239 3464 2448 3503 summe
2479 3457 2532 3504 et
2574 3465 2671 3520 per
2699 3454 3171 3522 exsuperationem
3205 3461 3393 3515 consi-

170 3539 379 3598 deratur
405 3544 460 3598 in
494 3544 950 3600 sanctiﬁcatione.

233 3634 405 3706 Ὅπερ
438 3631 535 3690 οὖν
579 3636 670 3689 ἐπὶ
700 3635 795 3689 τοῦ
827 3637 1132 3708 κρείττονος
1164 3635 1517 3706 ἐδιδάχθημεν
1546 3634 1723 3702 λόγου,

169 3721 257 3792 τῆς
286 3726 568 3796 γραφικῆς
605 3726 889 3797 συνηθείας
918 3726 998 3797 τῷ
1026 3724 1251 3797 τοιούτῳ
1292 3725 1421 3778 εῖδει
1461 3724 1562 3795 τὴν
1606 3725 1727 3778 ἐπί-

152 3810 312 3867 ’τασιν
328 3815 423 3869 τοῦ
454 3817 821 3888 ὑποκειμένου
851 3819 1120 3889 νοήματος
1153 3818 1540 3890 σημαινούσης,
1573 3815 1731 3870 τοῦτο

170 3902 257 3956 καὶ
278 3905 371 3959 ἐπὶ
399 3909 500 3978 τῆς
527 3908 639 3962 τῶν
664 3910 1038 3980 ματαιοτήτων
1071 3910 1426 3981 ματαιότητος
1463 3906 1728 3970 νοοῦντες,

169 3992 219 4045 οὐ
256 3997 663 4068 σφαλησόμεθα.
693 3988 853 4068 Λέγὲι
885 4001 991 4071 γὰρ
1017 4000 1114 4070 οὐχ
1144 4000 1327 4064 ἁπλῶς
1355 3993 1494 4053 εἶναι
1529 4000 1732 4070 μάταια

172 4083 224 4136 ὲν
257 4090 364 4150 τοῖς
400 4085 523 4142 οὖσι
566 4090 887 4161 φαινόμενα,
916 4091 1051 4145 ἀλλὰ
1084 4091 1224 4145 κατὰ
1269 4091 1557 4162 ὑπέρθεσιν
1610 4100 1732 4144 τινα

167 4175 257 4246 τῆς
292 4179 434 4233 κατὰ
483 4181 549 4234 τὸ
601 4182 828 4249 μάταιον
867 4183 1140 4253 σημασίας
1175 4178 1313 4236 εἶναι
1345 4182 1599 4235 τοιαῦτα·
1654 4183 1729 4245 ὡς

169 4263 320 4329 εἴτις
356 4268 508 4335 λέγοι
544 4270 641 4323 τοῦ
672 4271 865 4342 νεκροῦ
900 4274 1238 4344 νεκρότερον,
1273 4273 1366 4325 καὶ
1402 4271 1494 4324 τοῦ
1528 4272 1730 4341 ἀψύχου

1901 3624 2054 3698 Quod
2082 3646 2211 3701 ergo
2244 3631 2533 3688 didicimus
2566 3633 2618 3687 in
2654 3644 2713 3688 re
2765 3635 2987 3691 meliore
3026 3652 3089 3692 ac
3128 3648 3391 3709 pmslan-

1829 3722 1976 3788 tiori,
2009 3721 2305 3792 Scriptura;
2342 3724 2737 3780 consuetudine
2774 3724 3117 3797 signiﬁcante
3167 3730 3270 3786 hac
3309 3748 3393 3788 ra-

1829 3814 1978 3869 tione
2016 3812 2372 3869 intentionem
2421 3813 2496 3869 rei
2545 3824 2666 3885 quae
2708 3816 3068 3888 intelligitur:
3100 3819 3203 3876 hoc
3226 3823 3390 3878 etiam

1830 3903 1885 3957 in
1910 3904 2210 3957 vanitatum
2243 3892 2480 3959 vanitate
2508 3902 2891 3977 intelligentes,
2924 3909 3143 3966 minime
3175 3912 3393 3973 aberra-

1831 3990 2029 4046 bimus.
2067 3990 2200 4045 Dicit
2246 3991 2391 4045 enim
2429 4007 2537 4047 non
2581 3995 2832 4051 absolute
2858 4010 2981 4053 esse
3008 4013 3147 4054 vana
3180 4016 3301 4072 quae
3334 4005 3389 4058 in

1831 4083 1997 4137 rebus
2043 4078 2344 4152 apparent,
2389 4083 2481 4138 sed
2533 4100 2596 4138 ea
2630 4101 2754 4142 esse
2799 4086 3067 4155 ejusmodi
3111 4090 3164 4145 in
3212 4092 3393 4162 aliqua

1832 4176 2247 4246 exsuperatione
2291 4177 2416 4230 vani
2469 4178 2926 4247 signiﬁcationis:
2983 4181 3205 4249 perinde
3249 4199 3312 4237 ac
3346 4185 3393 4239 si

1833 4265 1955 4335 quis
1984 4266 2125 4320 dicat
2157 4274 2371 4319 mortuo
2399 4268 2571 4337 magis
2599 4276 2894 4331 mortuum,
2930 4276 2984 4322 et
3013 4271 3255 4325 inanimo
3281 4288 3397 4325 ma-

168 4355 559 4428 ἀψυχότερονοκ
577 4361 671 4413 καί
718 4376 798 4414 τοι
834 4364 867 4433 ὴ
908 4363 1230 4434 συγκριτικὴ
1276 4365 1520 4426 ἐπίτασις
1549 4363 1718 4434 χῶραι

1901 4369 1915 4408 5
1984 4353 2322 4407 inanimum:
2367 4356 2579 4409 etiamsi
2626 4358 2992 4425 comparativa
3042 4358 3270 4414 intentio
3318 4363 3395 4415 lo-

171 4446 253 4498 ἐπὶ
282 4450 386 4503 τῶν
414 4452 679 4504 τοιούτων
707 4453 806 4505 οὐκ
836 4453 966 4522 ἔχει,
999 4454 1113 4506 ἀλλ’
1144 4456 1291 4525 ὅμως
1319 4455 1533 4522 λέγεται
1561 4455 1733 4525 τούτῳ

170 4534 238 4605 τῷ
262 4540 489 4609 ῥήματι,
523 4540 666 4611 πρὸς
696 4541 794 4611 τὴν
821 4544 920 4612 τῆς
954 4544 1256 4615 ὑπερϐολῆς
1286 4544 1376 4598 τοῦ
1409 4545 1732 4615 δηλουμένου

116 4640 123 4647 '
173 4630 478 4697 σαφήνειαν.
499 4633 710 4707 ’Ὠσπερ
728 4631 819 4687 οὖν
836 4636 1033 4689 ἐστιτὰ
1055 4636 1192 4706 ἔργα
1218 4636 1324 4689 τῶν
1348 4636 1542 4707 ἔργων,
1559 4637 1651 4689 καὶ
1667 4636 1734 4689 τά

172 4717 294 4786 ἆγια
320 4722 428 4777 τῶν
458 4724 637 4792 ἁγίων
669 4725 953 4796 νοούμενα,
980 4720 1054 4781 ὧν
1091 4729 1122 4798 ἡ
1154 4727 1479 4798 ὑπερθετικὴ
1516 4728 1649 4797 πρὸς
1675 4728 1735 4780 τὸ

173 4813 400 4877 κρεῖττον
433 4814 665 4879 ἔνδειξις
692 4816 1051 4886 ἑρμηνεύεται
1076 4834 1090 4849 ’
1117 4817 1258 4869 οὕτω
1294 4818 1387 4870 καὶ
1414 4818 1447 4887 ἡ
1482 4817 1589 4869 τῶν
1632 4834 1734 4887 μα-

173 4902 457 4972 ταιοτήτων
486 4906 809 4976 ματαιότης,
843 4907 899 4960 τὸ
914 4908 1277 4979 ἀνυπέρθετον
1298 4908 1536 4962 δείκνυσι
1561 4911 1659 4979 τῆς
1676 4910 1736 4963 ὲν

173 4988 243 5057 τῷ
264 4996 474 5066 ματαίῳ
501 4997 830 5069 ὑπερϐολῆς.
860 4999 969 5053 Καὶ
995 5000 1182 5071 μηδεὶς
1211 5000 1471 5054 ὑπολάϐοι
1499 5017 1738 5071 κατηγο·

176 5081 286 5151 ρίαν
306 5076 445 5142 εἶναι
463 5089 567 5159 τῆς
586 5089 815 5153 κτίσεως
829 5090 897 5144 τὰ
914 5090 1181 5162 λεγόμενα
1199 5108 1211 5121 ·
1233 5091 1451 5163 καὶγὰρ
1466 5092 1531 5145 ἃν
1546 5093 1627 5155 είς
1645 5091 1736 5145 τὸν

174 5179 501 5245 πεποιηκότα
549 5178 731 5232 πάντα
765 5180 1026 5233 διαϐαίνοι
1066 5183 1126 5234 τὸ
1152 5181 1422 5252 ἔγκλημα,
1455 5184 1503 5235 εί
1530 5181 1736 5234 τούτων

175 5263 296 5331 ἡμῖν
325 5266 663 5341 δημιουργὸς
686 5272 1002 5345 ἀναφανείη,
1049 5275 1076 5325 ό
1106 5273 1513 5342 συστησάμενος
1547 5274 1604 5338 ἐξ
1632 5274 1732 5326 οὑκ

176 5354 329 5409 ὄντων
357 5362 423 5411 τὰ
470 5362 674 5423 πάντα,
705 5365 860 5433 εἴπερ
896 5365 1252 5433 ματαιότητος
1302 5364 1383 5433 εἴη
1420 5364 1487 5416 τὰ
1535 5364 1730 5417 πάντα.

188 5439 313 5494 Ἀλλ’
344 5447 532 5523 ἐπειδὴ
573 5449 735 5520 διπλῆ
761 5450 857 5521 μέν
882 5455 1027 5504 ἐστιν
1061 5453 1092 5522 ἡ
1124 5452 1214 5504 τοῦ
1248 5450 1530 5523 ἀνθρώπου
1567 5470 1732 5505 κατα‹

180 5537 353 5604 σκευὴ,
383 5539 566 5608 ψυχῆς
599 5539 806 5609 σώματι
842 5540 1276 5610 συνδραμούσης·
1325 5543 1644 5614 μεμέρισται
1678 5544 1731 5595 δὲ

1835 4460 1959 4498 cum
2006 4460 2112 4499 non
2144 4445 2306 4498 habet
2337 4445 2391 4498 in
2434 4444 2501 4498 iis
2535 4460 2656 4512 qua:
2706 4455 2833 4500 sunt
2877 4447 3182 4516 ejusmodi;
3224 4459 3277 4505 et
3316 4460 3400 4506 la-

1835 4552 1956 4591 men
1989 4538 2091 4590 hoc
2116 4538 2278 4591 verbo
2300 4538 2501 4591 dicitur
2522 4537 2585 4591 ad
2615 4537 2993 4605 declarandam
3023 4546 3397 4615 exsuperatio-

1836 4645 1959 4683 ncm
2004 4630 2125 4698 ejus
2156 4630 2300 4698 quod
2337 4630 2697 4700 signiﬁcatur.
2730 4630 3014 4694 Quomodo
3044 4650 3173 4704 ergo
3206 4635 3400 4689 intelli-

1832 4722 2011 4791 gimus
2047 4737 2209 4791 Opera
2244 4737 2493 4791 operum,
2544 4729 2597 4775 et
2648 4732 2836 4775 sancta
2880 4732 3216 4789 sanctorum,
3262 4743 3398 4795 quo-

1832 4828 1955 4889 rum
1990 4816 2291 4883 explicatur
2320 4815 2664 4881 exsuperatio
2686 4814 2739 4867 in
2768 4829 2832 4868 eo
2864 4814 3006 4883 quod
3037 4823 3121 4869 est
3165 4816 3395 4871 melius:

1831 4894 1910 4958 ita
1939 4904 2104 4958 etiam
2134 4904 2348 4959 vanitas
2373 4905 2673 4959 vanitatum
2700 4905 2936 4981 ostendit
2981 4906 3398 4974 insuperabilem

1839 4997 1895 5050 in
1929 4995 2173 5050 vanitate
2202 4996 2701 5065 exsuperationem.
2728 4996 2913 5066 Neque
2946 5011 3075 5051 vero
3124 4997 3401 5053 existimet

1837 5088 2107 5159 quispiam
2150 5102 2213 5142 ea
2263 5096 2385 5157 qua:
2432 5089 2721 5155 dicuntur,
2762 5098 3025 5143 creatura:
3077 5105 3199 5145 esse
3238 5105 3401 5144 accu-

1840 5179 2126 5233 sationem.
2172 5177 2378 5233 Revera
2417 5180 2564 5232 enim
2596 5180 2650 5231 in
2683 5193 2805 5232 eum
2836 5179 2928 5249 qui
2967 5180 3170 5235 creavit
3196 5182 3400 5244 omnia,

1837 5271 2091 5325 transiret
2115 5269 2449 5335 criminatio,
2481 5271 2525 5324 si
2558 5284 2745 5324 eorum
2782 5270 2937 5323 nobis
2968 5270 3250 5326 exsisteret
3281 5272 3401 5341 epi-

1838 5361 1943 5421 fcx,
1983 5358 2074 5428 qui
2106 5373 2171 5412 ex
2215 5358 2283 5413 iis
2322 5373 2443 5428 quae
2473 5373 2581 5413 non
2626 5366 2781 5417 erant
2823 5360 3067 5415 condidit
3113 5361 3316 5420 omnia.
3355 5362 3401 5417 si

1838 5452 2053 5521 quidem
2100 5459 2282 5505 essent
2317 5450 2499 5503 omnia
2528 5451 2799 5504 vanitatis.
2850 5452 2953 5505 Sed
3003 5452 3257 5521 quoniam
3301 5452 3401 5506 du-

1840 5546 1959 5614 ριισκ
1994 5550 2077 5598 est
2123 5544 2361 5599 hominis
2399 5544 2757 5611 constructio,
2801 5561 2923 5598 cum
2958 5547 3135 5598 anima
3171 5558 3399 5597 concur-
