3738 5984
320 209 423 265 σεε
1516 196 1571 250 s.
1606 188 1933 248 annconu
1975 187 2265 261 NISSENI
3450 176 3572 234 sat

322 341 405 385 rat
442 343 566 383 cum
599 339 846 395 corpore.
892 320 1276 378 convenienter
1315 321 1493 370 autem
1541 312 1758 380 utrique
1788 320 1880 364 eo-

2041 307 2331 379 ιταλλήλως
2373 300 2616 380 ἐκατέρῳ
2650 306 2759 361 τῶν
2789 307 2847 359 ὲν
2876 305 3010 375 ἡμῖν
3038 296 3426 370 θεωρουμένων
3461 294 3569 349 καὶ

324 438 441 476 rum
485 434 607 488 quae
645 419 697 473 in
739 416 898 472 nobis
940 412 1379 473 considerantur,
1414 403 1761 475 dispertitum
1801 408 1885 454 est

2041 402 2082 469 is
2109 398 2254 469 ζωῆς
2288 397 2445 465 εἶδος.
2478 401 2644 471 Ἀλλη
2676 398 2783 469 γὰρ
2812 396 3008 466 ψυχῆς.
3037 393 3131 447 καὶ
3170 391 3332 460 ἑτέρα
3367 386 3566 456 σώμα-

327 515 445 569 vita:
475 526 684 581 genus:
728 508 830 562 alia
855 507 998 562 enim
1029 512 1112 560 est
1151 502 1365 566 animae,
1398 498 1502 552 alia
1552 496 1659 550 vita
1693 506 1887 561 corpo-

2041 497 2076 555 ig
2108 495 2223 546 ἐστι
2257 494 2367 563 ζωή
2393 509 2409 523 ·
2445 494 2478 563 ἡ
2531 493 2628 562 μὲν
2662 491 2791 561 γὰρ,
2823 487 2989 559 θνητὴ
3039 486 3130 540 καὶ
3175 482 3476 553 ἐπίκηρος⁸
3526 479 3567 546 ἦ

328 607 402 661 ris
429 623 441 658 :
473 617 596 657 nam
629 601 742 655 haec
773 599 990 669 quidem
1015 605 1100 651 est
1126 591 1392 654 mortalis,
1431 596 1483 643 et
1512 589 1565 640 in
1605 599 1722 640 eam
1744 582 1889 637 cadit

2047 626 2060 644 .
2093 585 2310 657 ἀπαθὴς
2336 587 2430 639 καὶ
2456 587 2750 656 ἀκήρατος
2780 582 2874 636 καὶ
2904 580 3042 646 αὕτη
3076 579 3172 648 μὲν
3200 577 3281 637 είς
3303 574 3366 628 τὸ
3385 570 3567 642 παρὸν

327 697 578 754 mteritus
614 713 626 748 :
667 693 756 746 illa
797 698 976 747 autem
1017 683 1336 756 impatibilis
1380 689 1434 735 et
1471 669 1646 732 aliena
1687 676 1756 729 ab
1816 673 1891 724 in-

328 791 526 847 teritu.
561 794 615 842 et
656 785 771 839 haao
800 781 1016 851 quidem
1051 776 1246 846 aspicit
1282 779 1491 827 tantum
1535 766 1679 838 quod
1714 766 1888 827 adest,

329 892 380 938 et
406 878 552 950 quod
583 888 825 948 prmsens
862 880 946 927 est
971 889 985 937 ;
1020 870 1166 923 illius
1191 874 1371 950 autem
1397 857 1597 930 scopus
1624 850 1890 913 tendit‘ad

329 945 705 1027 aeternitatem.
741 963 1009 1030 Quoniam
1040 974 1169 1029 ergo
1196 945 1429 1011 multum
1462 949 1641 1006 ditfert
1670 950 1893 1002 immor-

330 1064 437 1117 tale
465 1076 496 1115 a
534 1057 771 1119 mortali,
814 1062 869 1109 et
906 1058 1166 1107 aeternum
1195 1064 1226 1102 a
1256 1043 1556 1116 temporali,
1581 1042 1691 1096 huc
1721 1036 1894 1093 tendit

331 1167 431 1208 vox
473 1149 836 1209 Ecclesiaste,
888 1158 996 1198 non
1045 1145 1298 1211 oportere
1345 1136 1413 1190 ad
1459 1135 1601 1188 hanc
1638 1129 1895 1187 sensilem

332 1241 535 1299 intueri
564 1240 731 1295 vitam
757 1254 770 1290 :
798 1250 918 1308 quae
946 1233 991 1288 si
1031 1230 1346 1286 conferatur
1368 1238 1493 1279 cum
1529 1237 1593 1277 ea
1621 1235 1742 1290 quae
1770 1232 1896 1274 vere

331 1342 414 1393 est
446 1333 578 1397 vita,
609 1345 719 1385 non
749 1334 854 1393 est,
894 1338 995 1380 nec
1027 1328 1204 1392 potest
1230 1317 1552 1374 consistere.
1585 1310 1691 1368 Sed
1725 1309 1896 1365 nihilo

334 1427 512 1485 secius
555 1421 757 1478 dixerit
803 1417 1078 1489 quispiam
1126 1416 1228 1467 hoc
1258 1423 1479 1497 quoque
1528 1405 1735 1460 dictum
1777 1415 1898 1457 esse

336 1532 445 1573 non
476 1515 613 1571 citra
637 1509 903 1567 creatoris
942 1492 1402 1564 criminationem,
1436 1496 1654 1568 quando
1679 1492 1896 1563 quidem

335 1610 404 1664 ab
429 1624 494 1664 eo
521 1613 606 1663 est
633 1605 820 1660 anima
851 1607 906 1655 et
933 1612 1157 1667 corpus.
1180 1592 1314 1648 Nam
1338 1592 1386 1646 si
1411 1604 1533 1660 qua:
1561 1601 1656 1658 per
1678 1599 1895 1640 carnem

335 1701 512 1771 agitur
545 1697 675 1761 vita,
730 1697 1042 1756 accusatur,
1086 1684 1272 1742 carnis
1316 1689 1498 1735 autem
1548 1683 1766 1732 creator
1815 1680 1898 1727 est

337 1769 498 1851 Deus,
549 1789 605 1843 in
655 1786 809 1840 illum
854 1777 1168 1836 necessario
1215 1772 1493 1829 confertur
1549 1769 1666 1822 haec
1714 1779 1898 1835 repre-

334 1880 546 1938 hensio.

405 1972 512 2027 Sed
552 1970 667 2023 haec
717 1964 934 2035 quidem
993 1961 1136 2013 dicet
1182 1954 1406 2010 omnino
1455 1951 1749 2022 quispiam,
1806 1946 1899 2015 qui

334 2062 573 2119 nondum
618 2065 701 2113 est
730 2062 883 2110 extra
920 2062 1160 2107 carnem,
1198 2059 1372 2115 neque
1417 2042 1484 2095 ad
1527 2037 1900 2096 sublimiorem

337 2156 500 2208 vitam
544 2150 832 2218 diligenter
881 2152 935 2197 et
977 2136 1234 2195 acCurate
1271 2133 1504 2206 aspexit.
1538 2132 1670 2186 Nam
1713 2128 1805 2199 qui
1845 2127 1898 2181 in

339 2245 541 2302 divinis
563 2250 649 2298 est
671 2238 920 2296 eruditus
947 2231 1245 2303 mysteriis,
1276 2243 1385 2283 non
1409 2227 1620 2296 ignorat
1652 2221 1897 2285 omnino,

337 2336 483 2409 quod
513 2331 824 2389 hominibus
866 2325 1085 2397 quidem
1126 2319 1459 2376 conveniens
1498 2322 1553 2371 et
1600 2311 1900 2369 secundum

338 2402 590 2483 naturam
634 2429 721 2479 est
748 2423 880 2481 vita,
917 2430 1037 2487 quae
1063 2411 1264 2469 divina:
1293 2415 1377 2464 est
1404 2413 1615 2462 naturae
1656 2402 1854 2457 similis
1884 2417 1900 2453 :

337 2522 446 2573 vita
498 2521 678 2570 autem
723 2508 961 2572 sensilia,
1016 2519 1137 2574 quae
1173 2516 1271 2572 per
1299 2510 1558 2554 sensuum
1589 2493 1901 2551 traducitur

337 2608 732 2681 operationem,
763 2601 829 2655 ad
856 2600 960 2653 hoc
986 2597 1113 2652 data
1136 2601 1220 2648 est
1239 2598 1468 2652 naturae,
1492 2593 1549 2641 ut
1574 2599 1761 2640 eorum
1783 2596 1903 2653 qua:

339 2675 442 2757 sub
469 2705 745 2769 aspectum
776 2690 995 2746 ‘eadunt
1040 2682 1302 2755 cognitio,
1358 2679 1469 2734 dux
1500 2678 1572 2733 sit
1612 2676 1807 2730 animae
1835 2675 1901 2728 ad

338 2766 586 2846 notitiam
621 2798 812 2840 eorum
863 2794 985 2850 quae
1025 2791 1136 2831 non
1184 2778 1315 2830 sunt
1354 2766 1728 2840 aspectabilia,
1763 2779 1902 2834 quo-

339 2882 501 2938 modo
539 2879 672 2935 dicit
707 2870 988 2944 Sapientia
1007 2869 1078 2917 ἐς
1100 2885 1118 2918 ι
1144 2865 1222 2919 Ex
1259 2860 1634 2933 magnitudine
1662 2858 1902 2929 pulchri-

1990 676 2174 744 βλέπει
2205 677 2384 746 μόνον,
2416 677 2514 745 τῆς
2534 676 2590 729 δὲ
2619 677 2648 728 6
2677 674 2876 746 σκοπὸς
2905 674 2983 736 είς
3016 670 3076 724 τὸ
3100 668 3342 739 διηνεκὲς
3379 680 3565 736 παρα-

1988 768 2239 820 τείνεται.
2289 767 2438 821 Ἐπεὶ
2469 764 2562 820 οὖν
2587 765 2750 837 πολλὴ
2790 763 3023 834 διαφορά
3053 760 3150 813 τοῦ
3183 754 3379 830 θνητοῦ
3422 754 3569 829 πρὸς

1989 858 2055 911 τὸ
2099 858 2383 918 ἀθάνατον,
2421 858 2515 910 καὶ
2552 856 2647 909 τοῦ
2695 854 3031 925 προσκαίρου
3077 850 3214 921 πρὸς
3258 847 3321 901 τὸ
3367 845 3565 909 ἀΐδιον,

1991 951 2126 1022 πρὸς
2153 950 2311 1003 τοῦτο
2340 950 2494 1021 φέρει
2521 949 2615 1002 τοῦ
2659 944 3076 1018 Ἐκκλησιαποῦ
3110 946 3142 1013 ἡ
3185 940 3359 1022 φωνὴ,
3382 940 3446 992 τὸ
3488 939 3567 1009 μὴ

1990 1020 2268 1111 δεῖν’πρδς
2295 1041 2393 1110 τὴν
2416 1020 2688 1111 αἰσθητὴν
2731 1038 2932 1109 ταύτην
2976 1020 3200 1106 βλέπειν
3219 1034 3398 1103 ζωήν’
3438 1033 3569 1102 ἥτις

1996 1133 2393 1201 συγκρινομένη
2428 1132 2563 1203 πρὸς
2585 1131 2685 1201 τὴν
2716 1132 2883 1192 ὅντως
2917 1127 3082 1197 ζωὴν,
3114 1123 3460 1195 ἀνύπαρκτός
3484 1138 3570 1183 τις

1993 1222 2088 1276 καὶ
2117 1224 2483 1286 ἀνυπόστατός
2517 1225 2685 1278 ἐστιν.
2735 1220 2873 1273 Ἀλλ’
2914 1218 3068 1272 οὐδὲν
3110 1212 3272 1289 ἧττον
3305 1215 3451 1267 είποι
3483 1230 3570 1276 τις

1995 1313 2060 1367 ἂν
2091 1313 2163 1384 μὴ
2194 1312 2298 1380 ἔξω
2326 1316 2424 1385 τῆς
2450 1313 2544 1367 τοῦ
2572 1312 2903 1383 δημιουργοῦ
2941 1309 3274 1382 κατηγορίας
3308 1308 3405 1362 καὶ
3434 1306 3572 1360 τοῦ-

1995 1422 2084 1458 τον
2130 1401 2268 1458 εἶναι
2301 1405 2391 1457 τὸν
2428 1405 2604 1472 λόγον,
2679 1409 2811 1463 διότι
2859 1404 2988 1475 παρ’
3016 1402 3180 1455 αὐτοῦ
3215 1402 3309 1455 καὶ
3339 1402 3373 1471 ἡ
3417 1400 3571 1469 ψυχὴ

1998 1498 2092 1550 καὶ
2115 1498 2175 1549 τὸ
2206 1497 2382 1566 σῶμα.
2434 1496 2520 1559 Ὧς
2545 1497 2645 1565 είή
2677 1493 2762 1547 διὰ
2794 1494 2992 1566 σαρκὸς
3010 1477 3405 1564 ’κατηγορεῖται
3428 1492 3569 1558 ζωὴ,

2001 1589 2200 1658 σαρκὸς
2237 1588 2292 1640 δὲ
2327 1587 2553 1658 ποιητὴς
2578 1589 2605 1640 ὁ
2636 1586 2786 1652 Θεὸς,
2832 1587 2912 1648 είς
2944 1587 3148 1639 ἐκεῖνον
3172 1583 3490 1651 ἀναγκαίως
3537 1584 3571 1650 ἡ
3642 1638 3655 1649 ,

2000 1680 2218 1750 τοιαύτη
2252 1680 2456 1750 μέμψις
2484 1680 2582 1750 τὴν
2611 1677 2886 1747 ἀναφορὰν
2923 1675 3055 1746 έχοι.
3399 1698 3411 1707 ν

2083 1953 2240 2006 Ἀλλὰ
2266 1952 2435 2006 ταῦτα
2465 1952 2562 2021 μὲν
2589 1952 2701 2021 ἐρεῖ
2729 1951 2942 2011 πάντως
2986 1952 3013 2002 6
3042 1950 3114 2019 μή
3142 1962 3226 2002 πω
3244 1948 3344 2017 τῆς
3367 1950 3578 2018 σαρκὶς

2001 2045 2104 2111 ἔξω
2137 2044 2441 2113 γενόμενος,
2474 2042 2607 2112 μηδὲ
2656 2041 2897 2110 ἀκριϐῶς
2932 2042 3065 2112 πρὸς
3102 2042 3198 2111 τὴν
3231 2040 3577 2110 ὑψηλοτέραν

1999 2133 2267 2202 διακύψας
2311 2132 2474 2203 ζωήν.
2527 2134 2677 2185 Ἐπεὶ
2715 2133 2743 2185 ὅ
2779 2151 2840 2200 γε
2885 2131 3310 2201 πεπαιδευμένος
3348 2131 3416 2184 τά
3450 2131 3579 2185 θεῖα

2004 2227 2296 2297 μυστήρια,
2347 2225 2447 2278 οὐκ
2495 2226 2678 2292 ἀγνοεῖ
2725 2225 2959 2287 πάντως,
2991 2212 3070 2277 ὅτι
3102 2224 3274 2276 οίκεία
3320 2223 3418 2294 μὲν
3478 2226 3580 2277 καὶ

2000 2320 2139 2371 κατά
2186 2317 2345 2385 φύσιν
2372 2320 2483 2379 τοῖς
2514 2314 2818 2385 ἀνθρώποις
2850 2314 2995 2366 ἐστὶν
3021 2315 3052 2383 ἠ
3091 2313 3201 2385 ζωὴ
3230 2317 3262 2383 ή
3306 2314 3442 2384 πρὸς
3470 2317 3579 2383 τὴν

2002 2406 2153 2460 θείαν
2192 2406 2351 2475 φύσιν
2391 2405 2715 2475 ὡμοιωμένη
2741 2422 2753 2434 ·
2805 2405 2837 2473 ή
2882 2404 2938 2456 δὲ
2980 2403 3267 2474 αἰσθητικὴ
3313 2405 3444 2475 ζωὴ,
3485 2406 3582 2459 διὰ

2001 2497 2099 2566 τῆς
2148 2496 2256 2549 τῶν
2307 2496 2673 2565 αἰσθητηρίων
2725 2496 3000 2566 ἐνεργείας
3049 2495 3437 2566 διεξαγομένη,
3481 2499 3582 2550 ἐπὶ

2002 2588 2174 2658 τούτῳ
2225 2588 2382 2656 φύσει
2434 2588 2660 2647 δέδοται,
2717 2588 2801 2656 ἐφ’
2846 2580 2890 2654 ᾧ
2932 2587 3029 2657 τὴν
3073 2588 3182 2641 τῶν
3230 2587 3582 2658 φαινομένων

2003 2682 2201 2750 γνῶσιν
2238 2680 2430 2749 ὁδηγὸν
2478 2678 2730 2746 γενέσθαι
2774 2680 2872 2748 τῆς
2919 2678 3098 2747 ψυχῆς
3148 2678 3284 2749 πρὸς
3330 2677 3429 2749 τὴν
3460 2680 3582 2732 τῶν

2002 2772 2244 2839 ἀοράτων
2272 2771 2561 2837 ἐπίγνωσιν
2582 2785 2595 2797 °
2624 2767 2803 2833 καθώς
2834 2786 2995 2837 φησιν
3021 2772 3054 2838 ἠ
3082 2765 3265 2835 Σοφία.
3295 2789 3312 2820 ι
3356 2771 3449 2822 Ἐκ
3479 2789 3585 2840 με..

2002 2863 2195 2930 γέθους
2240 2861 2497 2927 καλλονῆς
2530 2861 2862 2929 κτισμάτων,
2906 2859 3183 2925 ἀναλόγως
3222 2860 3313 2911 τὸν
3356 2862 3584 2914 πάντων

340 2970 547 3027 tudinis
602 2973 982 3021 creaturarum
1042 2970 1139 3026 per
1185 2950 1601 3024 proportionem
1655 2946 1899 3016 conspici

2043 2952 2379 3022 ενεσιουργδν
2408 2951 2796 3022 καθορᾶσθαι.»
2816 2948 2879 3001 Ἣ
2906 2947 2960 3023 δὲ
2986 2950 3297 3020 ἀνθρωπίνη
3326 2950 3579 3014 ἀϐουλία,

340 3059 583 3115 omnium
611 3054 936 3126 genitorem,
959 3055 1013 3104 et
1041 3047 1366 3101 creatorem.
1398 3060 1415 3093 ι
1446 3040 1695 3095 Humana
1724 3046 1903 3091 autem

2007 3045 2066 3098 οὐ
2101 3044 2159 3097 τὸ
2194 3043 2280 3096 διὰ
2314 3041 2423 3095 τῶν
2454 3041 2789 3111 φαινομένων
2831 3040 3242 3110 θαυμαζόμενον
3273 3036 3434 3103 εἶδεν,
3458 3041 3579 3094 ἀλλ’

343 3148 560 3208 consilii
590 3152 825 3215 egestas,
857 3156 969 3205 non
989 3153 1084 3209 per
1111 3151 1195 3201 ea,
1223 3149 1344 3204 quae
1373 3132 1734 3202 aspiciuntur,
1761 3129 1899 3183 videt

2075 3129 2213 3187 εἶδεν
2266 3132 2594 3202 ἐθαύμασεν.
2662 3132 2811 3184 Ἐπεὶ
2852 3126 2945 3185 οὖν
3000 3132 3331 3202 πρόσκαιρός
3377 3149 3435 3184 τε
3480 3134 3581 3185 καὶ

343 3254 468 3296 eum
505 3237 598 3306 qui
640 3235 870 3289 habetur
913 3233 967 3284 in
1007 3227 1385 3287 admiratione,
1427 3224 1523 3276 sed
1558 3220 1703 3291 quod
1735 3219 1905 3279 videt,

342 3329 666 3384 admiratur.
708 3323 974 3390 Quoniam
1015 3332 1144 3387 ergo
1176 3323 1261 3371 est
1304 3314 1658 3383 temporaria,
1691 3318 1745 3366 et
1784 3323 1908 3379 quae

342 3435 469 3475 mox
498 3417 704 3481 interit,
729 3428 986 3471 sensuum
1022 3408 1288 3479 operatio,
1316 3420 1413 3476 per
1442 3403 1727 3459 sublimem
1768 3401 1907 3454 hanc

342 3525 530 3566 vocem
554 3509 660 3564 hoc
688 3505 977 3563 discimus,
1011 3501 1154 3571 quod
1194 3498 1283 3568 qui
1321 3497 1387 3551 ad
1416 3496 1531 3550 haec
1567 3494 1781 3564 aspicit,
1818 3492 1906 3546 ni-

345 3603 417 3656 hil
444 3600 657 3670 aspicit.
704 3597 806 3663 Qui
838 3605 1017 3650 autem
1049 3608 1146 3663 per
1190 3592 1302 3645 hac
1331 3587 1622 3643 deducitur
1656 3585 1723 3640 ad
1761 3584 1903 3652 ejus,

343 3689 485 3761 quod
524 3698 627 3749 est,
659 3683 1097 3753 intelligentiam,
1122 3690 1174 3735 et
1202 3696 1294 3750 per
1322 3695 1386 3735 ea
1433 3693 1553 3748 quae
1594 3684 1909 3746 praetercur-

344 3789 490 3849 runt,
528 3778 780 3834 stabilem
809 3774 1062 3843 intelligit
1117 3782 1398 3836 naturam,
1437 3777 1491 3824 et
1521 3774 1703 3823 mente
1738 3766 1907 3836 agitat

342 3873 396 3928 id
422 3871 566 3943 quod
596 3883 810 3937 semper
840 3864 1092 3921 similiter
1135 3872 1189 3917 et
1223 3862 1410 3918 eodem
1439 3860 1600 3915 modo
1632 3873 1692 3913 se
1726 3858 1845 3910 habt
1863 3863 1905 3919 t,

345 3963 488 4017 videt
520 3968 576 4015 et
619 3957 764 4028 quod
798 3968 922 4010 vere
951 3961 1036 4008 est
1059 3953 1282 4013 bonum,
1319 3959 1375 4006 et
1409 3949 1553 4019 quod
1581 3948 1747 4012 videt,
1786 3958 1910 4014 pos-

343 4054 507 4115 sidet,
545 4049 746 4129 etenim
792 4045 1073 4117 possessio
1116 4043 1244 4098 boni
1293 4042 1458 4111 hujus
1498 4037 1903 4106 contemplatio.

2005 3225 2290 3295 ὠκύμορος
2322 3224 2355 3294 ή
2382 3224 2490 3275 τῶν
2524 3222 2892 3293 αἰσθητηρίων
2922 3222 3189 3294 ἐνέργεια,
3245 3223 3402 3276 τοῦτο
3435 3241 3578 3293 μαν-

2006 3312 2238 3384 θάνομεν
2280 3313 2367 3367 διὰ
2413 3314 2511 3383 τῆς
2545 3311 2751 3381 ὑῂλῆς
2783 3312 2987 3381 ταύτης
3019 3313 3219 3381 φωνῆς,
3251 3314 3332 3365 ὅτι
3377 3317 3404 3366 6
3438 3316 3582 3385 πρὸς

2005 3403 2173 3457 ταῦτα
2202 3402 2430 3473 βλέπων,
2466 3402 2649 3473 βλέπει
2680 3401 2848 3454 οὐδέν.
2893 3403 2952 3455 '0
2996 3402 3049 3454 δὲ
3090 3402 3175 3469 διά
3202 3402 3406 3456 τούτων
3440 3407 3580 3475 προς

2005 3496 2102 3565 τὴν
2130 3494 2224 3547 τοῦ
2252 3494 2402 3557 ὄντος
2431 3494 2756 3564 κατανόησιν
2794 3493 3171 3563 όδηγούμενος,
3217 3494 3311 3546 καὶ
3353 3494 3440 3548 διὰ
3468 3495 3580 3549 τῶν

2007 3580 2463 3660 παρατρεχόντων
2482 3587 2580 3656 τὴν
2607 3586 2866 3655 στάσιμον
2895 3583 3056 3652 φύσιν
3088 3586 3450 3655 κατανοήσας,
3479 3587 3578 3639 καὶ

2005 3680 2099 3733 τοῦ
2128 3681 2215 3733 ἀεὶ
2246 3679 2503 3741 ὡσαύτως
2534 3678 2746 3747 ἔχοντος
2777 3679 2833 3728 ὲν
2862 3675 3109 3746 περινοίᾳ
3135 3676 3444 3745 γενόμενος,
3469 3674 3578 3731 εἷδὲ

2004 3790 2065 3825 τε
2098 3773 2158 3824 τὸ
2184 3772 2349 3833 ὅντως
2377 3770 2435 3822 ὃν
2460 3768 2660 3836 ἀγαθὸν
2710 3766 2800 3819 καὶ
2827 3760 3024 3825 δείδεν
3052 3766 3319 3836 ἐκτήσατο
3344 3784 3357 3795 ·
3385 3766 3583 3831 κτῆσις

2007 3866 2115 3935 γάρ
2158 3866 2271 3916 ἐστι
2298 3862 2389 3914 τοῦ
2420 3859 2621 3928 ἀγαθοῦ
2651 3858 2836 3911 τούτου
2875 3859 2908 3927 ή
2944 3857 3163 3926 εἴδησις.
3194 3876 3211 3907 ι
3247 3854 3345 3920 Τίς
3384 3876 3404 3907 ι
3443 3862 3574 3927 γάρ⁹
3613 3882 3619 3895 ι

2009 3956 2160 4027 φησὶ,
2206 3973 2225 4004 ι
2272 3954 2558 4022 περισσεία,
2602 3948 2679 4018 τῷ
2732 3947 3022 4018 ἀνθρώπῳ,
3074 3948 3132 3998 ὲν
3182 3948 3343 3999 παντί¹
3393 3946 3582 4018 μόχθῳ

2009 4046 2173 4101 αὐτοῦ
2207 4040 2251 4113 ᾧ
2283 4043 2473 4114 μοχθεῖ
2504 4040 2723 4101 ὑπᾲτὸν
2755 4039 2942 4110 ἦλιον;
2979 4057 2997 4089 ι
3037 4038 3149 4108 Τὴν
3176 4039 3233 4091 ἐν
3258 4038 3338 4109 τῷ
3364 4038 3581 4109 σώματι

349 4164 368 4197 ι
404 4139 546 4209 Quid
579 4127 725 4195 enim
767 4143 1017 4207 superest
1050 4134 1278 4195 homini,
1320 4152 1340 4185 ι
1376 4131 1571 4201 inquit,
1606 4147 1624 4180 ι
1673 4130 1727 4183 in
1758 4127 1899 4181 omni

2042 4135 2153 4205 ωὴν
2183 4133 2592 4204 προσηγόρευσε
2620 4129 2837 4201 μόχθον,
2863 4129 2955 4181 ἐπὶ
2983 4129 3169 4200 μηδενὶ
3193 4127 3582 4209 κατορθώματι

343 4208 530 4288 labore
572 4243 711 4300 quo.
736 4227 947 4282 laborat
992 4224 1096 4280 sub
1124 4223 1299 4277 coelo?
1344 4240 1365 4272 ›
1402 4221 1533 4286 Quae
1572 4219 1628 4273 in
1679 4231 1899 4286 corpore

2041 4224 2197 4296 ιέρδος
2229 4219 2811 4292 σπουδαζόμενονιτίς
2842 4218 2951 4289 γὰρ
2978 4208 3279 4288 περισσεία,
3313 4218 3469 4288 φησὶ,
3502 4217 3581 4288 τῷ

345 4323 524 4393 agitur
569 4320 697 4385 vita,
749 4315 1042 4387 appellavit
1093 4313 1357 4374 laborem,
1410 4310 1504 4380 qui
1556 4309 1705 4362 nullo
1759 4313 1899 4360 recte

2041 4312 2648 4385 ινθρώπῳ;ιΤουτέστι,
2699 4310 2751 4361 τί
2802 4308 3139 4379 περιγίνεται
3186 4308 3252 4378 τῇ
3300 4306 3448 4377 ψυχῇ
3494 4307 3582 4360 διὰ
3672 4340 3680 4350 ι

345 4412 489 4468 facto
529 4411 743 4466 lucrum
770 4407 983 4478 quaerit.
1018 4424 1037 4457 ι
1085 4403 1227 4471 Quid
1269 4402 1414 4458 enim
1460 4407 1730 4469 superest,
1769 4416 1786 4448 ι
1822 4397 1907 4451 ἰη-

343 4505 481 4575 quit,
534 4520 554 4553 ι
588 4500 839 4556 homini?
871 4518 890 4550 ι
928 4498 1032 4554 hoc
1072 4504 1177 4558 est,
1212 4494 1342 4565 quid
1389 4492 1526 4548 redit
1569 4491 1637 4545 ad
1672 4490 1906 4544 animam

344 4608 442 4668 per
471 4593 711 4648 laborem
736 4590 830 4661 qui
857 4605 955 4668 pro
984 4588 1130 4643 victu
1157 4585 1476 4656 suscipitur,
1506 4584 1573 4640 iis
1594 4584 1688 4654 qui
1717 4583 1909 4637 vivunt

344 4690 660 4759 spectantes
698 4681 752 4737 id
787 4681 929 4751 quod
962 4679 1215 4736 videtur?
1242 4677 1298 4732 in
1329 4691 1564 4747 quonam
1609 4685 1693 4729 est
1727 4680 1905 4728 autem

342 4779 492 4834 vita?
531 4774 802 4842 Quidnam
845 4789 909 4829 ex
964 4773 1031 4827 iis
1079 4786 1200 4840 quat
1243 4770 1346 4824 sub
1379 4777 1657 4838 aspectum
1706 4765 1910 4819 cadunt

341 4870 524 4935 bonis,
559 4867 702 4923 idem
743 4865 962 4920 manet?
1001 4862 1093 4917 Sol
1137 4877 1295 4918 suum
1342 4861 1549 4931 peragit
1589 4856 1904 4919 circuitum,

342 4959 587 5017 vicissim
629 4955 985 5026 resplendens
1013 4962 1067 5009 et
1098 4954 1452 5015 obscuratns,
1500 4959 1553 5005 et
1589 4950 1907 5005 illuminans

344 5052 437 5123 qui
469 5065 637 5121 super
667 5063 768 5103 nos
793 5053 879 5103 est
916 5060 1119 5112 aerem,
1154 5058 1277 5099 cum
1313 5059 1373 5098 se
1396 5042 1559 5098 terris
1585 5040 1904 5106 ostenderit,

341 5149 397 5198 et
419 5140 675 5195 tenebras
708 5152 805 5208 per
833 5151 1089 5194 occasum
1116 5134 1418 5189 attrahens.
1453 5131 1571 5186 Stat
1594 5140 1772 5187 autem
1797 5138 1907 5186 ter-

344 5245 427 5295 ra,
453 5238 505 5285 et
530 5230 583 5284 in
613 5226 793 5284 stabili
822 5232 1005 5281 manet
1036 5223 1365 5289 immobilis;
1387 5229 1441 5277 et
1468 5221 1611 5290 quod
1638 5228 1766 5282 stat,
1799 5234 1905 5274 non

328 5327 614 5388 _movetur,
646 5324 701 5370 et
729 5331 838 5369 non
866 5321 973 5371 stat
1010 5312 1155 5382 quod
1184 5320 1451 5367 movetur.
1477 5309 1672 5365 Omnia
1717 5325 1812 5381 per
1849 5325 1909 5365 se

346 5407 401 5463 in
429 5407 578 5461 omni
621 5404 1230 5474 intervallotemporis,
1270 5402 1408 5458 nihil
1451 5417 1574 5458 esse
1606 5400 1907 5457 ostendun-

416 5580 461 5616 ³⁸
482 5580 615 5650 Sap.
638 5592 759 5643 xm,
800 5580 887 5632 ib.

2009 4404 2102 4461 τοῦ
2133 4402 2384 4475 βιωτικοῠ
2408 4400 2605 4471 μόχθου
2637 4393 2759 4459 τοῖς⁸
2781 4398 2916 4470 πρὸς
2946 4397 3008 4449 τὸ
3036 4395 3358 4465 φαινόμενον
3380 4396 3578 4460 ζῶσινς

2025 4499 2112 4551 Ἐν
2142 4495 2250 4549 τίνι
2276 4495 2333 4547 δὲ
2367 4494 2461 4547 καὶ
2494 4491 2639 4544 ἔστιν
2671 4491 2703 4560 ή
2737 4478 2881 4558 Coiﬁ;
2916 4488 2979 4539 Τί
3007 4486 3155 4556 μένει
3190 4485 3295 4537 τῶν
3331 4485 3584 4555 φαινομέ-

2011 4606 2116 4642 νων
2138 4585 2316 4641 καλῶν
2344 4587 2401 4637 ὲν
2422 4580 2731 4649 ταυτότητις
2757 4577 2946 4640 ’Ἤλιος
2965 4576 3311 4646 περιέρχεται
3333 4574 3425 4627 τὸν
3451 4574 3582 4626 ἴδιον

2010 4678 2204 4749 δρόμον
2253 4674 2482 4743 λάμπων
2512 4669 2613 4743 ἀνά
2646 4666 2809 4739 μέρος
2848 4666 2942 4720 καὶ
2986 4665 3385 4734 σκοτιζόμενος,
3417 4662 3581 4732 φωτί-

2012 4768 2121 4833 ζων
2172 4766 2262 4819 τὸν
2317 4760 2872 4834 ὑπερκείμενον-ἡμῖν
2922 4757 3078 4828 ἀέρα,
3123 4755 3251 4807 ὅταν
3305 4753 3449 4823 ὑπὲρ
3477 4753 3579 4822 γῆς

2012 4855 2201 4911 ἑαυτὸν
2236 4852 2403 4922 δείξῃ,
2438 4851 2531 4903 καὶ
2572 4847 2760 4909 σκότος
2783 4843 3007 4907 διὰτῶν
3040 4841 3258 4911 δυσμῶν
3284 4839 3580 4909 ἐφελκόμε-

2010 4965 2118 5011 νος.
2152 4946 2388 5012 Ἕστηκε
2414 4942 2471 4994 δὲ
2500 4942 2533 5009 ἡ
2559 4939 2650 5008 γῆ,
2682 4937 2776 4988 καὶ
2806 4935 2953 5005 μένει
2982 4934 3038 4985 ὲν
3064 4930 3142 5000 τῷ
3175 4929 3357 4999 παγίῳ
3388 4930 3582 4999 ἀκίνη-

2009 5054 2122 5102 τος,
2154 5033 2340 5090 καὶτὸ
2383 5030 2537 5093 ἑστὸς
2582 5030 2644 5081 οὐ
2691 5028 2939 5090 κινεῖται,
2977 5023 3069 5077 καὶ
3111 5023 3210 5092 οὐχ
3255 5021 3473 5076 ἵσταται
3522 5021 3581 5074 τὸ

2012 5127 2343 5197 κινούμενον.
2388 5122 2573 5175 Πάντα
2609 5118 2675 5172 δι’
2709 5116 2885 5170 αὐτῶν
2931 5115 2988 5167 ἐν
3022 5112 3183 5165 παντὶ
3226 5110 3306 5181 τῷ
3346 5110 3581 5182 χρονικῷ

2011 5220 2334 5287 διαστήματι
2381 5212 2648 5266 δείκνυται
2700 5209 2819 5259 κατ’
2853 5204 3026 5267 οὐδὲν,
3070 5203 3156 5256 διὰ
3194 5203 3294 5272 τῆς
3333 5201 3479 5273 πρὸς
3520 5201 3581 5256 τὸ

2014 5306 2322 5375 καινότερον
2374 5297 2671 5372 μεταϐολῆς
2716 5295 3132 5364 ἀλλασσόμενον.
3200 5293 3421 5361 Δοχεῖόν
3468 5296 3583 5347 ἐστι

2013 5399 2120 5453 τῶν
2150 5392 2481 5464 πανταχόθεν
2511 5388 2845 5460 συρρεόντων
2879 5386 3084 5440 ὑδάτων
3118 5386 3151 5453 ή
3183 5383 3456 5451 θάλασσα,
3491 5381 3584 5438 καὶ
