3766 5986
148 195 264 250 535
1255 201 1321 256 IN
1362 200 1894 259 ECCLESIASTEN.
1937 198 2220 259 UOMILIA
2258 197 2300 252 1.
3110 190 3117 193 ἡ
3296 190 3400 245 69.6

144 310 275 364 οὔτε
306 314 339 381 ή
384 310 606 382 σύρροια
638 311 813 382 λήγει,
842 312 964 366 οὔτε
998 317 1029 385 ή
1066 315 1308 369 θάλασσα
1351 318 1588 384 αὔξεται.
1633 318 1728 379 Τίς

1879 333 1939 378 ll',
1984 324 2041 368 ut
2073 330 2189 384 quae
2214 318 2494 366 mutantur
2530 324 2622 378 per
2649 324 2763 363 eam
2794 324 2913 376 qua:
2943 308 2998 360 t'lt
3032 307 3096 359 ad
3130 306 3401 360 recentius

148 404 181 456 ι
210 393 415 466 σκοπὸς
448 403 540 455 τοῦ
588 404 784 475 δρόμου
840 407 954 469 τοῖς
1006 406 1192 461 ὕδασιν
1232 410 1318 461 ἀεὶ
1364 408 1630 480 πληροῦσι
1669 411 1728 462 τὸ

1879 405 2209 458 lutationcm.
2243 403 2382 455 Marc
2419 409 2497 455 est
2532 402 2931 469 receptaculum
2970 413 3255 467 aquarum,
3283 413 3402 468 qua:

150 492 563 563 πληρούμενον;
609 495 734 583 2Ιεέττὶ
779 496 883 548 τίνι
925 497 1137 566 δέχεται
1184 500 1579 570 τάςκέπιρροάς
1622 500 1728 553 τῶν

151 584 366 639 ὑδάτων
407 587 442 657 ή
477 585 742 650 θάλασσα,
785 587 1020 660 ἀναυξὴς
1062 589 1150 643 διὰ
1176 592 1274 662 τῆς
1304 592 1619 663 προσθήκης
1650 595 1729 657 εἱς

153 674 243 727 ἀεὶ
270 674 604 745 διαμένουσα
623 694 638 735 ;
1224 694 1225 697 η

226 923 415 997 Ῠαῦτα
445 942 611 1011 λέγει,
646 944 732 997 ἵνα
775 943 834 1008 ἐξ
875 945 1053 1000 αὐτῶν
1082 946 1189 999 τῶν
1229 949 1527 1019 στοιχείων,
1568 950 1622 1003 ὲν
1650 949 1731 1014 οἷς

152 1035 307 1086 ἐστιν
344 1035 377 1103 ή
412 1032 525 1103 ζωὴ
563 1033 670 1085 τῶν
717 1032 1038 1103 ἀνθρώπων,
1088 1038 1504 1109 προερμηνεύσῃ
1538 1039 1643 1092 τῶν
1675 1044 1731 1092 ἐν

151 1128 290 1194 ἡμῖν
326 1124 772 1194 σπουδαζομένων
800 1126 861 1178 τὸ
888 1126 1274 1204 ἀνυπόστατον.
1310 1129 1374 1180 Εἰ
1406 1130 1514 1201 γὰρ
1546 1133 1573 1183 ό
1600 1148 1733 1185 συν-

150 1215 488 1285 τεταγμένος
520 1208 674 1278 οὗτος
706 1215 801 1268 τοῦ
842 1216 995 1286 ήλίου
1033 1217 1233 1287 δρόμος
1270 1219 1393 1289 ὅρον
1437 1220 1536 1274 οὐκ
1578 1221 1689 1290 ἔχει
1714 1213 1763 1251 ·”

152 1308 283 1361 οὗτε
326 1308 492 1378 ήάνά
534 1308 697 1379 μέρος
745 1309 922 1377 φωτός
970 1326 1031 1362 τε
1076 1311 1170 1364 καὶ
1215 1312 1439 1375 σκότους
1493 1313 1729 1386 διαδοχὴ,

156 1398 349 1450 στάσιν
379 1396 677 1466 ἐκδέχεται,
707 1399 741 1468 ἥ
766 1415 825 1451 τε
861 1400 928 1468 γῆ
956 1401 1455 1473 καταδεδικασμένη
1485 1404 1581 1475 τὴν
1605 1405 1734 1458 στά-

155 1508 269 1552 σιν,
321 1491 472 1561 μένει
506 1493 563 1544 ἐν
608 1491 686 1562 τῷ
735 1493 917 1562 παγίῳ
945 1494 1219 1565 ἀκίνητος,
1264 1496 1501 1567 ἀνήνυτα
1532 1498 1587 1551 δὲ
1639 1517 1759 1568 μον

153 1579 381 1651 χθοῦσιν
418 1583 467 1634 οἱ
501 1582 754 1651 ποταμοὶ,
788 1586 851 1653 τῇ
901 1583 1164 1655 ἀπλήστῳ
1194 1586 1351 1653 φύσει
1396 1587 1493 1657 τῆς
1534 1587 1734 1641 θαλάσ-

1835 496 2073 565 undique
2100 492 2416 547 conﬂuunt:
2453 499 2504 543 ct
2544 505 2718 559 neque
2749 486 3276 550 desiniteonlluxus,
3310 506 3400 543 ne-

1835 602 1941 657 que
1983 600 2133 640 mare
2174 593 2419 655 augetur.
2454 581 2588 647 Quis
2628 595 2892 651 aquarum
2927 594 3128 636 cursus
3161 588 3245 635 est
3280 595 3403 635 sco-

1837 695 1957 748 pus,
1990 693 2110 747 qum
2143 691 2357 746 semper
2381 675 2591 743 replent
2616 673 2668 727 id
2710 672 2852 741 quod
2882 672 3176 743 impletur?
3210 670 3405 736 Quant-

1836 770 2023 824 obrem
2067 783 2332 837 aquarum
2369 766 2546 820 (laxus
2599 765 2831 835 suspicit
2866 779 3035 827 mare,
3089 778 3184 834 per
3219 778 3404 817 acces-

1837 864 2047 916 sionem
2087 861 2296 915 nullum
2328 859 2605 928 accipiens
2636 856 3028 927 augmentum?

1910 951 2031 1004 Haec
2063 951 2217 1016 dicit,
2249 957 2308 1002 ut
2352 965 2417 1003 ex
2450 949 2583 1017 ipsis
2614 947 2919 1004 elementis.
2956 947 3010 999 in
3051 940 3251 1016 quibus
3284 963 3404 1001 cou-

1838 1045 1983 1099 sistit
2031 1044 2138 1097 vita
2183 1041 2485 1100 hominum,
2537 1039 2923 1105 interpretetur
2969 1052 3130 1106 quam
3186 1039 3406 1093 minime

1838 1137 2137 1191 consistant
2167 1148 2229 1187 ea
2258 1148 2377 1202 qua:
2404 1132 2547 1184 inter
2578 1144 2678 1183 nos
2705 1144 2903 1198 magno
2938 1130 3118 1183 studio
3152 1137 3415 1200 appetun-

1839 1234 1946 1280 tur.
1981 1225 2037 1278 Si
2072 1224 2217 1280 enim
2245 1224 2335 1276 hic
2360 1221 2695 1275 constitutus
2723 1208 2857 1275 solis
2887 1233 3082 1273 cursus
3113 1234 3220 1273 non
3249 1220 3407 1275 habet

1839 1318 2167 1379 terminum;
2214 1328 2389 1384 neque
2422 1313 2580 1375 lucis,
2611 1319 2666 1365 et
2688 1311 3034 1365 tenebrarum
3068 1325 3187 1379 quae
3228 1310 3285 1366 ﬁt
3331 1313 3409 1365 vi-

1839 1410 2022 1465 cissim
2073 1407 2374 1477 successio,
2416 1411 2617 1459 statum
2669 1404 2887 1472 accipit,
2926 1408 2979 1456 et
3009 1409 3153 1457 terra
3192 1417 3313 1472 qum
3353 1408 3410 1455 ut

1841 1509 1953 1556 stet
1984 1509 2071 1555 est
2112 1498 2495 1556 condemnata,
2539 1500 2722 1547 manet
2770 1494 2823 1547 iu
2862 1494 3042 1547 stabili
3091 1492 3407 1556 immobilis,

1842 1592 2043 1647 frustra
2078 1596 2254 1644 autem
2307 1589 2558 1667 laborant
2586 1585 2756 1651 ﬂuvii,
2783 1592 2842 1640 ut
2872 1586 2964 1655 qui
3001 1586 3068 1640 ab
3113 1583 3409 1640 insatiabili

157 1689 261 1743 σης
297 1672 711 1742 δαπανώμενοι·
751 1674 927 1744 μάτην
975 1674 1031 1727 δὲ
1060 1676 1156 1739 τὰς
1210 1678 1471 1747 ἐπιρῤοάς
1521 1678 1732 1748 δέχεται

1879 1682 2004 1737 laris
2054 1691 2248 1734 natura
2302 1685 2728 1739 consumantur,
2793 1676 3159 1746 nequidquam
3223 1683 3404 1729 autem

153 1763 267 1815 τῶν
303 1763 509 1816 ὑδάτων
550 1764 584 1835 ὴ
626 1764 888 1826 θάλασσα.
927 1767 1006 1829 εἰς
1034 1767 1183 1819 οὐδὲν
1213 1767 1373 1820 πλέον
1412 1769 1731 1840 ὑπολαμϐά-

154 1873 327 1909 νουσα
345 1857 454 1918 τοίς
477 1855 696 1920 κόλποις
715 1857 775 1908 τὸ
794 1857 1084 1920 διαπαντὸς
1107 1858 1447 1928 εἰσχεόμενον
1466 1878 1476 1889 ·
1497 1863 1544 1913 εἰ
1559 1861 1734 1917 ταῦτα

156 1951 217 2002 ἐν
255 1946 466 2009 τούτοις
496 1947 665 2013 ἐστὶν,
686 1950 756 2001 ,ἐν
782 1938 903 1999 τίνι’
925 1946 1070 2010 εἰκὸς
1098 1947 1158 2000 τὸ
1188 1947 1524 2018 ἀνθρώπινον
1570 1945 1730 2015 εἶναι,

153 2039 185 2091 ὃ
231 2041 291 2091 ἐν
333 2038 544 2100 τούτοις
593 2037 688 2108 τὴν
718 2038 861 2108 ζωὴν
896 2037 1029 2109 ἔχει,
1080 2040 1173 2107 καὶ
1218 2039 1271 2092 τί
1309 2038 1646 2110 ξενιζόμεθα,
1686 2043 1734 2094 εἰ

154 2129 322 2197 γενεὰ
350 2127 638 2200 πορεύεται
660 2130 753 2182 καὶ
777 2129 936 2197 γενεὰ
960 2129 1199 2200 ἔρχεται,
1229 2129 1320 2184 καὶ
1346 2133 1445 2184 ούκ
1468 2131 1734 2184 ἐπιλείπει

154 2223 258 2291 τὴν
307 2221 467 2290 φύσιν
511 2214 665 2282 οὗτος
695 2223 722 2274 ὁ
761 2221 976 2291 δρόμος,
1028 2222 1124 2292 τῆς
1169 2222 1515 2292 ἐπεισιούσης
1542 2224 1737 2291 γενεᾶς

153 2314 269 2366 τῶν
320 2311 644 2384 ἀνθρώπων,
677 2313 759 2366 “τό
793 2331 854 2366 τε
888 2304 1235 2384 προεισελὉδν
1279 2296 1607 2384 ἐξωθούσης,
1642 2314 1736 2368 καὶ

156 2404 266 2457 ὑπὸ
299 2402 392 2455 τοῦ
440 2403 769 2466 ἐπεισιόντος
817 2403 1230 2474 ὲξωθουμένηςς
1279 2404 1343 2456 Τί
1394 2400 1487 2458 οὖν
1516 2406 1614 2476 βοᾷ
1647 2405 1737 2459 διὰ

154 2492 367 2547 τούτων
399 2495 464 2562 τῇ
512 2492 808 2564 Ἐκκλησία
855 2494 883 2545 ό
932 2493 1122 2562 λόγος;
1167 2496 1284 2560 ὅτι,
1326 2487 1398 2542 Ἶὶ
1437 2494 1733 2565 ἄνθρωποι,

154 2588 240 2648 είς
267 2585 330 2639 τὸ
362 2586 467 2639 πᾶν
490 2585 909 2649 ἀποϐλέποντες,
932 2586 1029 2657 τὴν
1057 2585 1265 2640 ἐαυτῶν
1296 2587 1454 2656 φύσιν
1483 2591 1733 2659 νοήσατε.

160 2680 232 2730 'A
265 2678 397 2748 περὶ
433 2678 523 2730 τὸν
557 2675 787 2747 οὐρανὸν
822 2676 918 2730 καὶ
952 2677 1050 2748 τὴν
1086 2677 1190 2748 γῆν
1220 2676 1458 2747 βλέπεις,
1488 2678 1524 2733 ἃ
1560 2681 1618 2734 ἐν
1659 2680 1737 2751 τῷ

154 2765 302 2836 ἡλίῳ
330 2766 594 2836 καθορᾷς,
627 2766 662 2820 ἀ
686 2768 744 2818 ἐν
768 2768 835 2836 τῇ
861 2764 1104 2838 Θαλάσσῃ
1128 2769 1428 2832 κατανοεῖς,
1462 2768 1631 2822 ταῦτά
1657 2786 1738 2823 σοι

157 2858 259 2910 καὶ
302 2857 400 2926 τὴν
453 2856 549 2927 σὴν
604 2856 765 2925 φύσιν
819 2856 1187 2927 ἐρμηνευέτω.
1247 2857 1403 2910 Ἔστι
1447 2858 1556 2928 γὰρ
1615 2862 1736 2914 καθ’

1836 1785 2100 1842 aquarum
2131 1771 2309 1824 ﬂuxus
2333 1785 2481 1823 mare
2504 1768 2734 1837 suscipit
2766 1768 2818 1820 in
2848 1767 3027 1822 sinum
3055 1781 3236 1829 sutnn,
3261 1765 3408 1819 nulla

1836 1863 1977 1916 facta
2014 1862 2141 1917 inde
2187 1860 2524 1925 accessione,
2570 1860 2880 1928 suscipiens
2930 1859 2982 1912 id
3015 1859 3157 1928 quod
3195 1873 3410 1927 semper

1836 1952 2176 2009 infunditur:
2217 1952 2258 2005 si
2289 1952 2402 2006 haec
2443 1952 2518 2004 ita
2566 1965 2623 2006 se
2659 1950 2893 2010 habent,
2953 1949 3409 2019 quemadmodum

1836 2044 2107 2099 hominem
2146 2059 2204 2099 se
2239 2043 2441 2098 habere
2483 2050 2569 2097 est
2615 2048 3065 2105 consentaneum,
3104 2040 3196 2110 qui
3251 2040 3304 2093 in
3341 2040 3433 2101 iis.

1834 2136 1994 2190 etiam
2037 2132 2202 2189 vitam
2245 2132 2427 2196 habet,
2477 2139 2529 2185 et
2561 2148 2660 2186 cur
2688 2132 2847 2185 nobis
2893 2130 3106 2185 videtur
3145 2125 3404 2193 alienum,

1836 2226 1882 2282 si
1932 2227 2208 2297 generatio
2246 2225 2464 2287 transit,
2518 2232 2571 2277 et
2610 2224 2890 2294 generatio
2941 2222 3182 2286 advenit,
3232 2238 3411 2292 neque

1836 2326 2085 2371 naturam
2116 2317 2319 2372 deserit
2361 2318 2447 2370 hic
2481 2330 2699 2379 cursus,
2734 2315 3080 2382 generatione
3120 2314 3401 2367 hominum

1837 2424 1959 2478 qua:
1995 2407 2317 2478 ingreditur,
2357 2414 2469 2460 tmn
2521 2407 2572 2460 id
2604 2407 2747 2475 quod
2791 2407 2944 2474 prius
2978 2416 3055 2461 cst
3101 2405 3408 2475 ingressum

1835 2500 2176 2566 extrudeute,
2210 2509 2264 2556 et
2286 2511 2505 2555 extrusa
2537 2500 2605 2554 ab
2633 2515 2699 2554 eo
2727 2500 2870 2568 quod
2904 2499 3243 2568 ingreditur?
3270 2499 3409 2564 Quid

1837 2607 1965 2661 ergo
1998 2605 2093 2660 per
2137 2592 2251 2645 haec
2292 2590 2549 2645 Ecclesiae
2586 2591 2786 2644 clamat
2829 2588 3043 2642 oratio?
3082 2587 3127 2641 Ο
3161 2586 3411 2641 homines

1838 2683 1930 2751 qui
1964 2680 2377 2736 universitatem
2417 2681 2688 2750 aspicitis,
2721 2688 2960 2736 vestram
2990 2680 3230 2748 ipsorum
3263 2688 3414 2731 natu-

1840 2790 1953 2829 ram
1981 2774 2283 2844 intelligite.
2307 2775 2437 2838 Quae
2459 2775 2511 2826 in
2531 2774 2668 2828 C(BIO
2690 2783 2743 2828 et
2764 2773 2816 2826 in
2833 2778 2976 2826 terra
3001 2770 3330 2840 ceruis,qua:
3358 2771 3409 2822 iu

1841 2866 1955 2919 sole
1983 2866 2204 2935 aspicis,
2242 2881 2363 2934 quae
2400 2865 2453 2919 in
2488 2865 2625 2918 mari
2657 2864 2996 2925 consideras,
3027 2877 3090 2917 ea
3118 2862 3282 2915 etiam
3313 2861 3408 2914 tibi

124 2970 131 2975 “
157 2947 457 3018 ὁμοιότητα
501 2947 593 3001 τοῦ
624 2948 774 3017 ἡλίου
808 2950 902 3019 καὶ
935 2948 1032 3017 τῆς
1064 2948 1278 3015 φύσεως
1310 2949 1467 3019 ἡμῶν
1502 2951 1733 3024 ἀνατολή

1882 2970 1988 3008 tam
2015 2955 2441 3024 interpretentur
2464 2962 2736 3008 naturam.
2764 2954 2859 3008 Est
2895 2953 3039 3007 enim
3076 2951 3143 3005 ad
3177 2952 3308 3007 solis
3332 2951 3410 3005 si-

156 3056 221 3090 τε
262 3040 358 3093 καὶ
386 3039 535 3101 δύσις
557 3053 571 3067 ’
611 3040 708 3108 μία
739 3039 854 3102 όδδς
876 3041 986 3101 τοῖς
1015 3040 1203 3104 πᾶσιν,
1255 3037 1336 3104 εἷς
1361 3043 1390 3094 ό
1419 3041 1614 3105 κύκλος
1638 3044 1736 3113 τῆς

159 3130 258 3183 τοῦ
290 3129 404 3198 βίου
455 3131 695 3200 πορείας.
734 3130 899 3183 Ὅταν
941 3128 1028 3182 διὰ
1055 3130 1321 3197 γενέσεως
1351 3132 1735 3204 ἀνατείλωμεν,

162 3221 331 3275 πάλιν
378 3223 457 3284 εἰς
509 3223 571 3274 τὸ
620 3223 879 3288 συγγενὲς
907 3222 1104 3293 χωρίον
1151 3222 1307 3293 ἡμῶν
1341 3225 1735 3295 καθελκόμεθα.

162 3314 277 3384 Τῆς
320 3314 428 3383 γὰρ
475 3312 621 3382 ζωῆς
654 3313 821 3384 ,ήμῶν
875 3313 1205 3385 ἐπιδυείσης,
1256 3315 1511 3384 ὑπόγειον
1552 3319 1740 3371 καὶτὸ

162 3404 433 3475 ἡμέτερον
483 3403 685 3471 γίνεται
737 3405 962 3473 φέγγος,
1013 3406 1140 3458 ὅταν
1187 3409 1220 3476 ή
1261 3408 1616 3480 ἀντιληπτικὴ
1644 3410 1738 3464 τοῦ

163 3489 343 3561 φωτός
368 3495 401 3563 ή
411 3494 526 3563 μῶν
557 3494 807 3564 αἴσθησις
840 3496 1051 3564 γίνηται
1069 3509 1083 3526 ⁸
1112 3497 1326 3559 πάντως
1351 3497 1407 3551 δὲ
1439 3499 1472 3567 ή
1501 3500 1569 3569 γῆ
1604 3501 1739 3570 πρὸς

159 3584 223 3635 τὸ
241 3581 504 3655 συγγενὲς
522 3581 829 3645 ἀναλύεται,
844 3584 936 3635 καὶ
949 3578 1099 3645 οὗτος
1127 3582 1324 3645 κύκλος
1343 3582 1460 3635 ἐστὶ
1479 3583 1740 3652 διηνεκῶς

161 3676 221 3725 ἐν
281 3675 395 3736 τοῖς
448 3672 632 3735 αὐτοῖς
687 3673 1050 3742 ἑλισσόμενος.
1100 3671 1367 3743 Καθάπερ
1423 3674 1514 3725 ἐπὶ
1564 3673 1738 3744 ἡλίου,

162 3768 352 3837 φησιν,
383 3764 410 3814 ό
443 3764 663 3834 δρόμος,
688 3766 769 3817 δτι
799 3764 1101 3818 ἀνατέλλων
1126 3764 1225 3834 μὲν
1250 3764 1389 3818 κατὰ
1418 3764 1481 3817 τὸ
1514 3766 1623 3818 ἅνω
1645 3766 1738 3836 τῆς

164 3858 271 3926 γῆς
313 3856 482 3927 μέρος
512 3858 623 3919 τοῖς
668 3855 867 3918 νοτίοις
887 3854 1192 3916 ἐνδιοδεύει,
1224 3855 1474 3922 ὑπόγειος
1507 3854 1563 3908 δὲ
1601 3855 1742 3908 κατὰ

162 3951 225 4002 τὺ
272 3950 648 4019 ἀντικείμενον
691 3947 752 3999 τὸ
786 3946 1031 4017 βόρρειον
1065 3945 1359 4015 ὑπέρχεται
1413 3945 1610 4017 μέρος·
1649 3946 1741 4000 καὶ

161 4042 353 4095 τοῦτον
408 4041 498 4093 τὸν
554 4038 753 4109 τρόπον
799 4038 879 4099 εἰς
927 4036 1015 4089 ἀεὶ
1058 4035 1384 4107 περιοδεύων
1436 4038 1622 4091 κυκλοῖ
1651 4039 1740 4091 τὸν

162 4130 362 4184 ἑαυτοῦ
394 4130 623 4201 δρόμον,
660 4129 752 4183 καὶ
800 4126 962 4180 πάλιν
1001 4126 1323 4179 ἀνακυκλῶν
1372 4128 1743 4198 περιέρχεται·

163 4223 374 4277 κυκλοῖ
404 4221 533 4290 γὰρ,
580 4220 734 4290 φησὶ,
765 4219 979 4272 κυκλῶν
1005 4234 1020 4247 ·
1046 4219 1188 4292 οὕτω
1231 4219 1408 4271 τοίνυν
1442 4221 1534 4272 καὶ
1562 4220 1623 4272 τὸ
1650 4220 1741 4272 σὸν

1840 3047 2199 3102 militudinem
2220 3054 2421 3103 nostra:
2447 3060 2662 3117 quoque
2685 3051 2891 3100 natura:
2911 3054 3064 3100 ortus
3084 3055 3137 3099 et
3157 3058 3408 3099 ocea3tts.

1839 3136 1957 3192 Una
1980 3145 2066 3194 est
2095 3138 2349 3194 omnibus
2378 3139 2488 3202 via,
2514 3152 2653 3191 unus
2688 3137 2968 3205 ingressus
3000 3136 3121 3189 vitae
3150 3134 3408 3189 circulus.

1838 3230 2066 3296 Quando
2118 3245 2215 3300 per
2277 3231 2674 3300 generationem
2727 3227 2831 3281 orti
2910 3225 3212 3286 fuerimus,
3269 3241 3412 3279 rur-

1838 3335 1933 3375 sus
1987 3319 2052 3373 ad
2091 3330 2379 3390 cognatum
2432 3319 2588 3373 nobis
2635 3319 2810 3371 locum
2857 3316 3218 3371 detrahimur.
3272 3314 3406 3369 Nam

1840 3423 1964 3462 cum
1997 3422 2156 3477 passa
2188 3407 2351 3461 fuerit
2380 3422 2637 3461 occasum
2665 3406 2772 3459 vita
2821 3414 3029 3465 nostra,
3076 3405 3177 3459 sub
3214 3414 3409 3459 terram

1842 3501 1929 3554 lux
1955 3499 2118 3554 etiam
2169 3506 2355 3552 nostra
2396 3496 2703 3560 descendit,
2735 3496 2954 3565 quando
3002 3495 3177 3548 lucem
3224 3502 3413 3547 noster

1841 3605 2037 3645 sensus
2071 3587 2465 3658 apprehendit:
2500 3585 2725 3639 omnino
2761 3591 2940 3637 autem
2978 3583 3031 3635 in
3073 3582 3124 3634 id
3155 3583 3299 3651 quod
3328 3591 3411 3636 est

1841 3688 2130 3750 cognatum
2157 3685 2299 3732 terra
2335 3675 2647 3739 resolvitur,
2673 3681 2728 3728 et
2758 3673 2847 3727 hic
2875 3672 3119 3726 circulus
3149 3680 3411 3741 perpetuo

1842 3772 1896 3825 in
1929 3769 2121 3826 iisdem
2159 3768 2571 3836 circumagitur.
2600 3763 2882 3831 Quomodo
2921 3770 3024 3826 est,
3067 3763 3264 3832 inquit,
3294 3780 3412 3816 enr-

1840 3878 1934 3916 sus
1964 3861 2119 3921 solis,
2168 3868 2224 3913 ut
2258 3858 2348 3928 qui
2381 3858 2566 3912 oriens
2615 3856 2669 3909 in
2701 3853 2969 3924 superiori
3022 3865 3174 3924 parte
3224 3862 3406 3916 terrm,

1842 3951 1895 4005 in
1917 3949 2143 4005 australi
2172 3951 2390 4018 regione
2413 3944 2746 4016 ingreditur;
2766 3943 2983 4014 quando
3006 3952 3184 3997 autem
3207 3951 3287 3997 est
3308 3944 3412 3998 sub

1842 4049 2010 4101 terra,
2040 4054 2160 4094 eam
2190 4053 2311 4107 qua:
2340 4052 2403 4091 cx
2443 4034 2674 4089 adverso
2713 4022 2957 4093 sita‘cst,
2994 4047 3188 4101 nempe
3218 4033 3411 4088 borea-

1842 4133 1969 4194 lem,
2012 4132 2160 4187 subit
2204 4137 2434 4199 partem,
2469 4137 2522 4183 et
2568 4128 2671 4181 hoc
2708 4127 2869 4181 modo
2909 4141 3123 4195 semper
3166 4136 3407 4191 vertens,

1842 4240 2000 4279 suum
2027 4224 2079 4276 in
2104 4221 2291 4277 orbem
2325 4218 2535 4289 peragit
2555 4232 2796 4278 cursum,
2829 4225 2885 4269 et
2912 4230 3107 4268 rursus
3139 4216 3192 4267 in
3223 4215 3408 4268 orbem

164 4311 457 4383 πορεύεται
508 4310 723 4380 πνεῦμα
757 4310 885 4377 (ἀπὸ
936 4309 1134 4378 μέρους
1180 4307 1328 4361 ἅπαν
1361 4308 1641 4379 ὀνομάζων
1678 4310 1735 4363 τὸ

1879 4321 2120 4369 evertens
2150 4311 2347 4367 circuit
2368 4308 2583 4378 :Gyrat,
2615 4307 2811 4375 inquit,
2840 4306 2895 4357 in
2920 4304 3138 4358 orbem:
3177 4304 3252 4358 sic
3279 4320 3410 4375 ergo

162 4402 505 4474 ἀνθρώπινον
547 4400 784 4471 πνεῦμα)
818 4402 914 4470 τὴν
954 4401 1240 4468 ἐγκύκλιον
1267 4400 1471 4471 ταύτην
1503 4401 1590 4454 διὰ
1627 4401 1740 4454 τῶν

162 4495 367 4564 ὁμοίων
398 4489 716 4562 περιτρέχον
743 4488 1640 4567 φοράν.«Πορεύεταιιγὰρ,’φησὶ,‹
1679 4493 1741 4546 τὸ

164 4586 423 4658 πνεῦμα,
480 4588 574 4640 καὶ
632 4586 724 4640 ἐπὶ
780 4584 1011 4647 κύκλους
1077 4581 1243 4635 αὐτοῦ
1310 4583 1626 4652 ἐπιστρέφει
1681 4585 1741 4635 τὸ

163 4681 433 4747 πνεῦμα.»
456 4677 513 4729 ὐ
532 4675 587 4728 δὲ
615 4677 784 4730 ταῦτα
824 4676 1161 4744 κατανοήσας
1186 4676 1286 4727 οὐκ
1314 4674 1379 4727 ἂν
1412 4674 1582 4744 μικρὰ
1607 4673 1741 4744 πρὸς

160 4770 251 4826 τὸν
282 4770 479 4824 ἐαυτοῦ
510 4770 621 4838 βίον
650 4768 978 4839 ὠφεληθείη.
1009 4767 1072 4819 Τί
1098 4767 1474 4837 λαμπρότερον
1507 4766 1599 4819 τοῦ
1630 4783 1740 4834 φω-

160 4864 289 4928 τός;
340 4862 408 4914 Τί
450 4861 559 4914 τῶν
605 4860 836 4915 ἀκτίνων
888 4857 1299 4929 φανερώτερονς
1350 4858 1464 4911 ἀλλ’
1498 4859 1646 4927 ὅμως
1693 4860 1742 4929 εκί

160 4955 269 5008 ὑπὸ
295 4954 401 5022 γῆν
445 4955 474 5005 ὁ
515 4952 662 5022 ἥλιος
686 4950 859 5021 smn,
888 4948 1186 5020 κρύπτεται
1216 4950 1278 5001 τὸ
1320 4950 1541 5018 φέγγος,
1575 4951 1667 5002 καὶ
1704 4951 1736 5019 ἡ

160 5046 324 5108 ἀκτὶς
351 5040 696 5112 ἀφανίζεται.

232 5138 380 5208 Πρὸς
400 5136 570 5199 ταῦτα
597 5152 682 5198 τις
713 5133 942 5202 βλέπων,
968 5131 1406 5202 σωφρονέστερον
1429 5130 1740 5199 τὴνὲαυτοῦ

162 5227 524 5301 παρερχέσθω
547 5224 680 5296 βίον,
714 5222 1070 5294 καταφρονῶν
1094 5223 1193 5290 τῆς
1227 5214 1328 5274 ὦδε
1354 5220 1706 5289 περιφανείας
1728 5237 1740 5249 ο

166 5318 355 5391 μαθὼν
402 5319 469 5372 ἐκ
513 5317 623 5370 τῶν
656 5317 968 5387 ὁρωμένων,
1018 5315 1100 5368 ὅτι
1145 5313 1205 5365 ού
1251 5312 1461 5382 διαρκεῖ
1506 5311 1642 5380 πρὸς
1683 5312 1746 5363 τὸ

98 5424 113 5433 ·
162 5410 409 5483 διηνεκὲς
457 5409 520 5462 τὸ
573 5407 875 5475 ἐπίσημον·
927 5404 1062 5459 ἀλλὰ
1098 5402 1451 5474 ἀγχίστροφοί
1498 5403 1634 5454 εἰσιν
1684 5403 1739 5453 αἱ

164 5504 271 5558 τῶν
309 5502 567 5558 ἐναντίων
596 5498 866 5568 διαδοχαί·
904 5496 1136 5567 μένειδέ
1180 5495 1330 5549 οὐδὲν
1359 5497 1438 5558 εἰς
1474 5494 1536 5547 τὸ
1566 5494 1734 5547 τοιοῦν

165 5611 274 5661 τον,
303 5588 415 5649 οἷον
446 5594 506 5651 ἐν
535 5590 613 5662 τῷ
639 5588 863 5660 παρόντι
900 5589 1064 5653 ἐστιν,
1100 5586 1162 5639 ού
1194 5586 1402 5659 νεότης,
1436 5586 1494 5639 οὑ
1521 5585 1738 5652 κάλλος,

1840 4413 1968 4460 tuus
1995 4418 2213 4473 quoque
2249 4401 2549 4471 ingreditur
2583 4400 2809 4467 spiritus
2836 4400 2888 4466 (ιι
2930 4405 3081 4465 parte
3109 4403 3282 4450 totum
3315 4410 3410 4450 no-

1841 4495 2054 4548 minans
2089 4493 2342 4562 spiritum
2383 4488 2641 4556 heminis)
2679 4487 2825 4540 hunc
2872 4488 2926 4539 iu
2966 4486 3155 4540 orbem
3202 4494 3409 4540 metunt

1840 4600 1937 4654 per
1967 4584 2168 4640 similia
2201 4596 2484 4652 peragens.
2513 4599 2530 4629 ι
2565 4578 2749 4647 Pergit
2795 4572 2987 4636 »οιιίιιι,
3022 4577 3218 4646 inquit,
3258 4596 3276 4626 ι
3306 4578 3412 4647 ερί-

1841 4676 2001 4739 ritus,
2029 4682 2082 4727 et
2121 4672 2187 4727 ad
2229 4672 2639 4733 circulossuos
2687 4665 2999 4720 revertitur.
3039 4684 3057 4715 ι
3095 4664 3199 4729 Qui
3228 4673 3407 4719 autem

1843 4765 1955 4816 haec
2005 4761 2457 4824 consideraverit,
2514 4758 2579 4811 ad
2634 4771 2786 4810 suam
2819 4755 2982 4808 vitam
3006 4762 3136 4806 ‘uon
3187 4768 3406 4821 parvam

1844 4856 2055 4923 accepit
2083 4853 2398 4908 utilitatem.
2433 4850 2574 4916 Quid
2607 4856 2690 4903 est
2719 4847 2839 4900 luce
2869 4844 3243 4914 splendidius?
3268 4844 3410 4910 Quid

1844 4948 2014 5002 radiis
2045 4946 2287 5001 clarius?
2315 4953 2369 4998 et
2400 4956 2578 4997 tamen
2608 4942 2652 4996 si
2676 4939 2758 4995 sol
2786 4938 2888 4991 sub
2920 4944 3063 4990 terra
3094 4936 3277 5002 fuerit,
3319 4937 3409 4990 lux

1740 5078 1751 5091 ρ
1843 5038 2221 5098 absconditur,
2252 5046 2305 5089 et
2336 5050 2443 5088 non
2475 5041 2701 5103 apparet
2729 5030 2937 5085 radius.

1912 5129 1991 5184 Ad
2042 5129 2154 5182 haec
2184 5126 2458 5196 aspiciens
2496 5124 2799 5179 modestius
2846 5129 2995 5174 tuam
3036 5117 3291 5172 traduces
3324 5117 3407 5170 vi-

1842 5232 1973 5286 tam,
1998 5220 2089 5292 qui
2120 5217 2208 5272 hic
2238 5225 2343 5281 est,
2384 5217 2729 5286 splendorem
2769 5211 3099 5281 despiciens,
3137 5217 3195 5262 ut
3221 5206 3313 5276 qui
3344 5222 3407 5259 ex

1842 5314 1911 5366 iis
1972 5327 2093 5380 qua:
2140 5308 2418 5372 videntur,
2464 5306 2745 5368 didiceris,
2797 5302 2943 5373 quod
2992 5317 3100 5356 non
3148 5308 3410 5368 perpetuo

1844 5404 2003 5457 durat
2023 5401 2073 5455 id
2106 5399 2251 5470 quod
2273 5406 2357 5454 est
2387 5398 2594 5450 clarum
2613 5402 2666 5449 et
2692 5389 3026 5454 illustre,sed
3047 5387 3280 5443 subinde
3296 5402 3411 5441 mu-

1847 5495 2039 5548 tabiles
2056 5500 2183 5547 sunt
2203 5488 2601 5544 contrariorum
2626 5482 3041 5540 successiones:
3068 5480 3202 5533 nihil
3226 5486 3409 5532 autem

1849 5592 2030 5639 manet
2078 5583 2187 5639 tale
2218 5582 2375 5652 quale
2407 5590 2489 5636 cst
2524 5578 2579 5634 in
2627 5573 2935 5648 praesentia,
2985 5585 3096 5626 non
3124 5567 3406 5640 juventus.
