3738 5984
331 213 437 270 62?

1526 226 1585 283 s.
1625 228 1947 286 cnncoau
1990 231 2277 289 M’SSENI
2618 242 2627 249 ί
2768 208 2793 248 ⁸

3469 234 3578 292 628

330 339 439 382 non
478 325 852 395 pulchritudo,
903 344 1013 384 non
1054 338 1389 400 potestatum
1422 345 1475 392 et
1518 339 1879 397 dominatuun

2047 348 2099 417 ix
2125 348 2238 417 ἡὲκ
2262 346 2368 400 τῶν
2383 343 2716 400 δυναστειῶν
2732 344 3076 417 περιφάνεια.
3109 346 3220 399 Καὶ
3243 345 3422 402 ταῦτα
3451 349 3576 418 μὲν,
3625 348 3629 361 ⁵

330 417 574 472 claritas.
602 417 666 472 Et
696 419 809 473 haec
836 420 1054 491 quidem
1080 422 1149 478 iis
1171 425 1371 494 quibus
1397 427 1450 482 in
1473 429 1583 484 vita
1614 446 1735 487 sors
1758 434 1898 488 obti-

330 506 407 576 git
437 522 719 578 prospera.
748 510 961 576 Quibus
992 520 1175 568 autem
1206 516 1423 573 videtur
1453 520 1746 588 laboriosa,
1778 540 1899 594 quae

329 614 394 653 ex
420 600 624 655 virtute
653 602 833 672 agitur
861 603 990 669 vita,
1024 605 1092 659 iis
1130 614 1289 664 terrae
1314 612 1561 682 exemplo
1594 614 1662 669 ad
1692 630 1752 669 ea
1779 632 1899 686 qute

329 696 456 743 sunt
514 692 698 759 gravia
749 691 963 747 fortiter
1017 694 1272 762 ferenda,
1336 702 1636 771 erudiatur
1694 706 1896 760 anima.

334 798 354 834 ι
385 778 555 835 Terra
584 790 692 837 stat
723 784 777 837 in
802 794 1086 841 mlernum.
1128 807 1147 839 ι
1185 788 1324 856 Quid
1356 800 1442 846 est
1485 794 1587 849 hac
1631 795 1897 850 immobili

329 871 585 926 firmitate
615 889 677 928 ac
708 876 1007 932 stabilitate
1035 879 1395 937 laboriosius?
1423 892 1475 938 et
1517 893 1696 941 tamen
1723 904 1897 958 usque

329 960 383 1011 in
409 968 672 1014 mteruum
709 967 1019 1019 extenditur
1048 968 1166 1036 ejus
1206 972 1402 1025 statio:
1428 972 1523 1026 tibi
1550 984 1728 1029 autem
1774 992 1896 1046 per-

324 1050 579 1119 exiguum
609 1059 694 1106 est
733 1064 946 1122 tempus
978 1058 1317 1111 certaminis.
1353 1058 1428 1113 Nc
1458 1062 1533 1116 sis
1575 1064 1748 1133 magis
1779 1065 1896 1118 ina-

324 1140 506 1196 nimus
530 1157 693 1211 quam
727 1152 888 1197 terra.
926 1143 1002 1200 Ne
1031 1147 1107 1201 sis
1142 1148 1209 1203 iis
1247 1164 1368 1218 qua:
1395 1166 1559 1205 sensu
1591 1164 1779 1208 carent
1809 1155 1895 1210 in-

324 1232 629 1301 sipientior,
666 1235 758 1303 qui
792 1251 851 1292 es
876 1238 1105 1293 rationis
1139 1240 1433 1310 particeps,
1465 1251 1516 1296 et
1544 1246 1638 1314 qui
1684 1247 1894 1304 ratione

325 1322 489 1381 vitam
527 1327 673 1392 regis
700 1333 754 1380 et
785 1326 1140 1383 administras
1173 1349 1185 1384 :
1228 1331 1321 1385 sed
1356 1348 1374 1381 ι
1409 1346 1588 1398 mane,
1621 1354 1639 1386 ι
1676 1344 1734 1388 ιιι
1760 1326 1893 1391 dicit

321 1411 637 1483 Apostolus,
677 1433 694 1465 ι
735 1415 793 1470 in
836 1417 906 1473 iis
936 1434 1057 1489 qua:
1082 1418 1345 1486 didicisti,
1391 1430 1444 1477 et
1480 1415 1602 1493 quae
1634 1432 1764 1480 sunt
1793 1426 1892 1482 tibi

322 1505 621 1572 credita”,
664 1526 682 1559 ι
734 1508 790 1568 in
821 1516 968 1566 statu
999 1510 1158 1567 ﬁrmo
1182 1519 1236 1567 et
1284 1512 1571 1571 immobili.
1608 1514 1748 1572 Nam
1787 1518 1893 1574 hoc

230 1670 233 1677 ι
323 1610 540 1669 quoque
580 1607 666 1654 est
696 1599 751 1656 in
794 1599 998 1657 divinis
1031 1604 1357 1673 praeceptis:
1396 1624 1416 1655 ι
1450 1604 1637 1662 Estote
1664 1608 1890 1665 stabiles

1997 441 2109 501 τοῖς
2152 439 2212 492 ὲν
2261 437 2522 509 εὐκληρίᾳ
2566 438 2672 489 τινὶ
2720 436 2915 501 ζῶσιν⁸
2958 438 3102 502 ὅσοις
3144 438 3202 491 δὲ
3251 440 3519 503 ἐπίπονος
3550 442 3580 493 ὁ

1998 528 2134 599 πρὸς
2179 527 2377 598 ἀρετὴν
2421 527 2568 579 δοκεῖ
2612 525 2743 595 βίος,
2786 525 2864 595 τῷ
2908 526 3008 595 τῆς
3055 529 3157 597 γῆς
3205 526 3580 597 ὑποδείγματι

1997 619 2133 689 πρὸς
2167 619 2228 671 τὸ
2274 619 2626 692 ἐγκαρτερεῖν
2658 618 2771 679 τοῖς
2796 616 3009 681 δεινοῖς,
3037 619 3069 687 ἠ
3107 617 3254 688 ψυχὴ
3288 618 3577 690 παιδοτρι-

1996 706 2241 761 6είσθω.‹
2264 705 2325 759 Ἦ
2345 706 2415 775 γῆ
2443 707 2520 768 εἰς
2543 706 2633 758 τὸν
2657 705 2824 759 αἰῶνα
2845 706 3125 777 ἕστηκεν.»
3144 708 3209 759 Τί
3239 708 3581 780 μοχθηρότεο

1997 814 2088 866 ρον
2147 798 2246 866 τῆς
2302 798 2560 868 ἀκινήτου
2604 797 2808 867 ταύτης
2861 800 3216 870 παγιότητοςς
3275 801 3373 854 καὶ
3422 802 3580 871 ὅμως

1998 889 2380 959 παρατείνεται
2423 889 2611 958 μέχρις
2638 889 2831 952 αἰῶνος
2864 892 2896 960 ὴ
2937 891 3141 953 στάσις.
3184 891 3272 942 Σοὶ
3299 891 3355 943 δὲ
3391 891 3579 959 ὀλίγος

1994 982 2022 1032 ό
2058 982 2156 1050 τῆς
2197 980 2472 1050 ἀθλήσεως
2502 982 2707 1052 χρόνος.
2741 980 2831 1050 Μὴ
2871 981 3021 1048 γίνου
3053 982 3149 1050 τῆς
3175 982 3279 1051 γῆς
3306 982 3577 1052 aculm-

1999 1084 2119 1139 ρος-
2168 1069 2241 1138 μὴ
2289 1068 2438 1136 γίνου
2486 1068 2594 1120 τῶν
2627 1069 2966 1139 ἀναισθήτων
3010 1069 3381 1141 ὰνοητότερος.
3417 1076 3447 1124 ό
3482 1073 3573 1125 λοι

1992 1159 2188 1229 γισμὸν
2228 1159 2457 1228 εἰληχὼς
2497 1158 2592 1211 καὶ
2620 1158 2761 1228 λόγῳ
2796 1159 2930 1229 πρὸς
2957 1159 3053 1229 τὴν
3082 1160 3228 1231 ζωὴν
3261 1160 3576 1233 διοικούμε-

1992 1265 2110 1312 νος⁹
2141 1248 2274 1301 ἀλλὰ
2306 1267 2324 1297 ι
2365 1248 2511 1318 μένε,
2556 1267 2574 1299 ι
2609 1248 2787 1311 καθώς
2821 1265 2982 1317 φησιν
3004 1252 3033 1302 ὁ
3075 1250 3415 1318 Ἀπόστολος,
3456 1273 3475 1305 ι
3514 1256 3574 1307 ὲν

1980 1333 2073 1404 οἷς
2115 1339 2315 1423 ἔμαθες
2332 1339 2441 1392 οιαὶ
2471 1338 2804 1408 ἐπιστώθης,
2851 1342 2908 1393 ἐν
2942 1341 3130 1412 ἐδραίᾳ
3158 1343 3251 1395 καὶ
3299 1345 3589 1414 άμετακιον

1991 1432 2138 1502 νήτῳ
2173 1433 2237 1501 τῇ
2270 1431 2473 1484 στάσει.
2515 1449 2534 1482 ο
2582 1431 2737 1484 Ἐπεὶ
2772 1432 2869 1484 καὶ
2897 1431 3055 1486 τοῦτο
3082 1433 3193 1486 τῶν
3237 1434 3397 1491 θείων
3424 1449 3572 1506 παρέ

1992 1519 2353 1590 αγγελμάτων
2401 1521 2539 1584 ἐστὶ,
2583 1521 2664 1586 τὸ,
2706 1539 2723 1572 ι
2773 1523 3008 1594 Ἐδραῖοι
3055 1526 3147 1578 καὶ
3172 1526 3569 1599 ἀμετακίνητοι

1991 1610 2226 1679 γίνεσθε.
2278 1629 2297 1662 ι
2348 1612 2630 1675 Ἀσειστος
2664 1610 2721 1665 ἐν
2766 1628 2846 1665 σοι
2893 1613 3101 1682 μενέτω
3141 1616 3175 1685 ή
3217 1617 3562 1688 σωφροσύνη-

322 1698 376 1747 et
405 1691 714 1747 immobiles
735 1692 801 1747 “.
840 1711 858 1744 ι
895 1691 954 1749 In
979 1702 1031 1749 te
1060 1696 1387 1750 inconcussa
1422 1704 1675 1753 maneant
1700 1703 1879 1769 tempe

2047 1703 2170 1772 ιγία
2209 1705 2241 1775 ἡ
2291 1704 2494 1768 πίστις,
2528 1703 2927 1775 ἀμετάθετοςή
2973 1684 3183 1776 ἀγάπη,
3216 1684 3472 1780 ἀκίνητος

323 1782 520 1848 rantia,
551 1781 710 1838 firma
750 1783 904 1850 ﬁdes,
958 1784 1319 1842 immutabilis
1367 1788 1632 1853 charitas,
1676 1790 1890 1846 stabilis

320 1882 376 1930 et
405 1876 700 1932 immobilis
726 1876 782 1932 in
817 1877 966 1931 omni
998 1877 1142 1931 bono
1169 1879 1355 1942 statio,
1397 1880 1542 1935 sicut
1574 1892 1626 1936 et
1663 1897 1783 1951 quae
1808 1884 1907 1938 est?

323 1967 376 2020 in
401 1975 471 2034 te,
503 1975 651 2022 terra
685 1975 793 2023 stat
823 1968 878 2022 in
904 1976 1189 2027 mternum.
1216 1970 1272 2025 Si
1295 1973 1419 2041 quis
1449 1980 1628 2027 autem
1659 1974 1889 2029 avaritia

236 2111 241 2116 ,
322 2056 580 2117 laborans
604 2060 853 2130 pluribus
877 2061 1088 2117 divitiis
1115 2063 1308 2127 inhiat,
1336 2072 1388 2118 ct
1418 2065 1582 2118 veluti
1614 2065 1899 2134 quoddam,

320 2164 470 2204 mare
506 2150 824 2205 immensam
873 2152 1170 2209 extendens
1223 2155 1573 2223 cupiditatem
1602 2194 1618 2220 ,
1651 2156 1889 2226 undique

322 2244 670 2300 afﬂuentibus
717 2246 887 2303 lucris
924 2264 1034 2302 non
1081 2257 1257 2318 potest
1300 2250 1506 2313 satiari,
1551 2249 1598 2304 is
1643 2250 1709 2304 ad
1739 2266 1889 2305 mare

318 2338 461 2408 quod
495 2346 578 2392 est
605 2336 716 2399 hic,
748 2339 1046 2408 aspiciens,
1077 2339 1326 2393 morbum
1358 2346 1531 2393 curet.
1561 2337 1681 2404 Quo
1726 2335 1898 2393 modo

318 2428 462 2487 enim
492 2427 625 2485 illud
656 2428 710 2480 in
744 2427 1238 2485 innumerabilibus
1267 2444 1530 2499 aquarum
1571 2426 1886 2482 influxioni—

320 2520 421 2574 bus
471 2533 630 2575 suum
687 2532 795 2572 non
846 2520 1248 2590 transgreditur
1298 2520 1542 2586 modum,
1587 2518 1682 2575 sed
1735 2512 1901 2593 aeque:

316 2612 532 2681 plenum
560 2625 775 2681 semper
803 2619 1067 2675 remanet,
1095 2611 1322 2681 perinde
1363 2620 1527 2680 atque
1551 2612 1595 2667 si
1635 2625 1701 2665 ex
1729 2609 1887 2680 aquis

316 2702 461 2756 nulla
491 2702 583 2756 ﬁat
614 2704 860 2760 accessio
888 2722 899 2757 :
934 2705 1009 2758 ita
1052 2703 1214 2758 etiam
1248 2702 1484 2756 humana
1513 2709 1709 2756 natura
1732 2702 1786 2756 in
1818 2701 1900 2757 iis

1990 1793 2048 1847 ὲν
2081 1794 2241 1847 παντὶ⁸
2271 1793 2422 1863 καλῷ
2468 1796 2676 1859 στάσις,
2723 1795 2798 1859 ὡς
2842 1796 2909 1848 ἂν
2952 1796 3108 1866 καὶὴ
3152 1797 3208 1849 ἐν
3255 1814 3336 1851 σοι
3368 1800 3436 1870 γῆ
3482 1801 3567 1863 εἰς

1989 1885 2080 1938 τὸν
2122 1885 2292 1939 αἰῶνα
2339 1887 2596 1955 εἱστήκει.
2654 1885 2718 1940 Εἰ
2765 1887 2822 1939 δέ
2870 1903 2955 1950 τις
3003 1887 3245 1961 κεχηνὼς
3280 1891 3413 1958 πρὸς
3457 1892 3563 1960 τὴν

1990 1976 2317 2041 πλεονεξίαν,
2364 1977 2458 2030 καὶ
2501 1976 2753 2045 καθάπερ
2794 1980 2915 2031 τινὰ
2960 1977 3232 2041 θάλασσαν
3271 1980 3366 2051 τὴν
3414 1982 3559 2048 άμε-

1987 2068 2141 2139 τρίαν
2168 2069 2267 2137 τῆς
2319 2067 2610 2137 ἐπιθυμίας
2641 2068 2914 2133 διπλώσας,
2954 2071 3091 2140 πρὸς
3118 2071 3184 2122 τὰ
3223 2071 3562 2140 πανταχόθεν

1988 2156 2266 2227 εἰσρέοντα
2314 2158 2475 2228 κέρδη
2521 2160 2809 2230 ἀπλήστως
2860 2161 2991 2230 ἔχοι,
3072 2157 3224 2226 οὗτος
3276 2162 3409 2233 πρὸς
3454 2163 3557 2234 τὴν

1986 2250 2154 2311 ὄντως
2194 2248 2466 2319 Θάλασσαν
2517 2250 2758 2319 βλέπων,
2810 2250 3190 2322 θεραπευὲσθω
3233 2253 3330 2323 τὴν
3377 2254 3556 2308 νόσον.

1999 2340 2085 2402 Ὠς
2112 2340 2216 2410 γάρ
2248 2341 2428 2411 ἐκείνη
2472 2340 2535 2394 τὸ
2576 2342 2863 2421 ἑαυτῆς.ρὺ
2895 2343 3231 2414 παρέρχεται
3273 2345 3471 2414 μέτρον
3499 2347 3563 2397 ἐν

1985 2433 2105 2493 ταῖς
2158 2430 2379 2500 μυρίαις
2432 2429 2539 2483 τῶν
2591 2431 2796 2485 ὑδάτων
2852 2434 3159 2502 ἐπιρροαῖς,
3210 2431 3323 2485 ἀλλ’
3363 2434 3419 2485 ἐν
3476 2432 3561 2502 τῷ

1988 2521 2087 2591 ίσῳ
2137 2519 2378 2595 διαμένει
2427 2521 2776 2593 πληρώματι,
2812 2521 3063 2593 καθάπερ
3110 2522 3363 2594 οὐδεμιᾶς
3411 2524 3555 2595 αὐτῇ

1986 2610 2045 2675 ἐξ
2087 2593 2293 2665 ὑδάτων
2343 2613 2636 2683 γινομένης
2684 2613 3036 2684 προσθήκηςο
3083 2616 3225 2667 κατὰ
3264 2614 3353 2666 τὸν
3390 2593 3561 2667 αὑτὸν

1985 2685 2182 2773 τρόπον
2215 2704 2309 2756 καὶ
2343 2705 2376 2773 ἡ
2416 2702 2728 2775 ἀνθρωπίνη
2774 2704 2935 2773 φύσις
2966 2704 3114 2768 ἰδίοις
3156 2705 3370 2776 μέτροις
3400 2706 3458 2758 ἐν
3486 2708 3556 2779 τῇ

310 2808 436 2862 quae
473 2794 675 2849 adsunt
710 2794 982 2857 fruendis,
1023 2795 1139 2849 suis
1188 2791 1427 2847 modulis
1467 2792 1879 2861 comprehensa,

2047 2790 2280 2870 τολαύσει
2301 2791 2409 2843 τῶν
2437 2791 2745 2861 προσόντων
2773 2792 3149 2877 διειλημμένη,
3178 2786 3559 2863 συμπλατῦναι

315 2898 414 2959 per
446 2893 805 2953 proventuum
834 2899 897 2938 ac
937 2884 1284 2953 vectigalium
1320 2882 1744 2943 multitudinem,
1772 2895 1883 2935 non

1984 2880 2061 2950 τῷ
2090 2881 2278 2963 πλῄθει
2308 2881 2419 2933 τῶν
2453 2882 2726 2952 προσόδων
2751 2883 2848 2954 τὴν
2884 2883 3291 2953 ἀπολαυστικὴν
3320 2884 3559 2957 λαιμάρ-

314 2980 493 3042 potest
558 2975 721 3029 simul
758 2975 983 3029 dilatare
1018 2975 1228 3028 avidam
1283 2983 1475 3042 praeter
1520 2981 1728 3027 naturae
1767 2988 1879 3027 mo-

2047 2989 2099 3035 υς
2140 2974 2200 3024 οὑ
2248 2973 2487 3032 δύναται,
2520 2974 2654 3026 ἀλλὰ
2692 2975 2750 3027 τὸ
2784 2975 2879 3043 μὲν
2913 2975 3123 3046 εἰσρέον
3154 2975 3403 3037 παύεται,
3433 2978 3468 3046 ἡ
3498 2976 3558 3029 δὲ

313 3063 440 3115 dum
499 3063 715 3116 fruendi
762 3064 1140 3132 cupiditatem,
1192 3065 1283 3117 sed
1321 3070 1501 3117 cessat
1553 3062 1769 3131 quidem
1827 3062 1879 3116 id

2047 3083 2085 3134 ⁵ς
2118 3064 2466 3128 ἀπολαύσεως
2510 3064 2738 3136 δύναμις
2770 3068 2827 3118 ὲν
2874 3065 2952 3135 τῷ
2983 3067 3097 3136 ἰδίῳ
3135 3067 3245 3136 ὅρῳ
3286 3067 3559 3135 φυλάσσε-

312 3154 457 3224 quod
499 3152 712 3220 inﬂuit;
747 3155 829 3209 vis
855 3163 1034 3209 autem
1070 3154 1283 3207 fruendi
1317 3164 1563 3209 servatur
1588 3154 1639 3206 iu
1664 3153 1885 3222 proprio

314 3245 569 3300 termino.
607 3243 661 3299 Si
694 3261 825 3316 ergo
861 3246 913 3298 iu
949 3244 1185 3299 fruendo
1222 3260 1327 3298 non
1363 3252 1539 3313 potest
1572 3243 1884 3299 redundare

314 3336 471 3405 c0pia
510 3345 704 3405 prater
753 3344 963 3391 natura:
996 3336 1214 3390 modum
1271 3351 1371 3390 cur
1412 3335 1756 3405 vectigalium
1797 3342 1881 3388 ate

315 3429 583 3483 trahimus
616 3428 875 3492 intluxus,
922 3444 1020 3499 pro
1060 3430 1129 3484 iis
1168 3444 1289 3498 qum
1328 3428 1710 3497 ingrediuntur
1742 3443 1923 3481 nun-.

315 3535 478 3590 quam
513 3520 669 3576 θαιιεὶ
711 3522 776 3576 ad
812 3521 1263 3576 benefaciendum
1305 3520 1465 3574 aliis?
1494 3518 1758 3585 Quoniam
1795 3533 1884 3571 au-

312 3621 421 3668 tem
457 3614 850 3668 convenienter
895 3627 925 3666 a
959 3613 1119 3667 nobis
1153 3612 1292 3665 datae
1322 3612 1580 3664 vanitatis
1610 3609 1882 3664 definitio-

314 3703 391 3769 ni,
422 3712 507 3759 est
539 3704 622 3759 vel
650 3704 876 3759 verbum
905 3704 1119 3766 inutile,
1148 3702 1232 3757 vel
1264 3717 1352 3756 res
1393 3701 1602 3755 inutilis
1631 3700 1696 3755 ad
1730 3699 1883 3753 vani-

313 3803 476 3849 tatem
511 3796 763 3865 pertinet,
797 3811 862 3850 ex
889 3811 955 3849 eo
985 3795 1212 3864 pulchre
1238 3810 1397 3849 suum
1433 3794 1632 3847 librum
1667 3791 1877 3859 incipit.

312 3884 385 3939 Ut
424 3900 600 3954 neque
628 3885 923 3954 quidquam
959 3900 1023 3939 ex
1049 3886 1116 3939 iis
1147 3899 1268 3953 qua:
1310 3884 1465 3942 ﬁunt,
1512 3897 1689 3949 neque
1722 3880 1883 3949 quid-

312 3991 475 4044 quam
521 3993 589 4030 ex
636 3977 705 4030 iis
741 3992 861 4044 qua:
892 3977 1169 4037 dicuntur,
1208 3976 1252 4029 si
1296 3974 1625 4043 aspiciemus
1657 3973 1721 4026 ad
1757 3987 1882 4026 eum

311 4068 405 4136 qui
442 4067 530 4119 hic
556 4068 881 4137 proponitur
921 4082 1169 4135 scopum,
1213 4073 1472 4133 tanquam
1515 4062 1658 4131 quod
1696 4061 1881 4115 consi-

312 4166 441 4221 stat,
499 4166 834 4227 reputemus.
891 4156 1024 4210 Nam
1073 4171 1234 4209 omne
1282 4153 1521 4208 studium
1574 4151 1879 4217 hominum,

310 4248 458 4320 quod
493 4259 747 4303 versatur
791 4248 845 4301 in
882 4247 948 4302 iis
988 4261 1109 4316 quze
1153 4243 1216 4298 ad
1254 4244 1419 4297 vitam
1463 4242 1756 4311 pertinent,
1798 4251 1881 4294 est

1982 3172 2091 3207 ται.
2127 3155 2185 3206 Ei
2221 3150 2367 3225 οὖνὴ
2402 3154 2698 3216 ἀπόλαυσις
2730 3154 3019 3208 πλεονάσαι
3063 3158 3122 3206 οὺ
3151 3154 3370 3207 δύναται
3401 3152 3559 3224 παρὰ

1982 3245 2041 3297 τὸ
2093 3246 2286 3316 μέτρον
2334 3245 2434 3313 τῆς
2477 3230 2712 3312 φύσεως,
2763 3246 2842 3307 εἰς
2876 3245 2930 3297 τί
2971 3244 3068 3308 τὰς
3117 3242 3222 3296 τῶν
3276 3243 3557 3314 προσόδων

1984 3338 2240 3407 emptos;
2267 3335 2624 3405 ἐφελκόμεθα,
2662 3334 2914 3389 οὐδεποτε
2946 3335 3082 3405 πρὸς
3106 3334 3349 3388 εὐποιΐαν
3379 3333 3556 3389 ἄλλων

1984 3429 2125 3500 ὑπὲρ
2170 3429 2277 3480 τῶν
2328 3427 2672 3481 ἐπεισιόντων
2737 3428 3160 3497 ὑπερχεόμενοι;
3227 3427 3444 3497 Ἐπειδὴ
3494 3426 3554 3479 δὲ

1982 3519 2123 3572 κατὰ
2157 3519 2247 3572 τὸν
2276 3518 2604 3571 άποδοθέντα
2637 3520 2769 3589 ἡμῖν
2794 3518 2894 3588 τῆς
2931 3519 3287 3588 ματαιότητος
3317 3517 3493 3585 λόγον,
3518 3517 3552 3588 ἢ

1981 3608 2042 3660 τὸ
2079 3609 2336 3678 ἀνόνητον
2362 3609 2531 3679 ῥῆμα,
2563 3607 2596 3677 ἢ
2625 3608 2687 3660 τὸ
2720 3607 2977 3677 ἀνόνητον
3004 3608 3234 3677 πρᾶγμα
3263 3606 3555 3677 ματαιότηα

1930 3728 1936 3734 -
1981 3717 2071 3764 τος
2131 3701 2296 3765 ἐστὶν,
2341 3698 2520 3762 καλῶς
2571 3699 2781 3752 ἐκεῖθεν
2837 3698 2932 3751 τοῦ
2972 3699 3132 3767 λόγου
3174 3699 3418 3769 ἄρχεται.
3466 3699 3557 3763 Ὧς

1927 3799 1929 3803 ‘
1982 3788 2047 3841 ἂν
2079 3791 2212 3859 μήτε
2242 3807 2295 3842 τι
2331 3789 2439 3841 τῶν
2476 3789 2793 3858 γινομένων,
2833 3789 2969 3859 μήτε
2996 3805 3049 3840 τι
3087 3786 3196 3841 τῶν
3223 3787 3552 3857 λεγομένων,

1914 3881 1924 3892 ⁸
1982 3881 2036 3933 εί
2057 3898 2138 3961 τις
2183 3881 2318 3952 πρὸς
2362 3882 2452 3934 τὸν
2485 3874 2585 3933 ὧδε
2622 3880 2807 3950 βλέπει
2841 3879 3060 3944 σκοπὸν,
3095 3880 3169 3941 ὡς
3202 3879 3427 3947 ὑφεστὸς
3467 3879 3554 3933 λο-

1982 3972 2284 4041 γισώμεθα.
2336 3973 2491 4024 Πᾶσα
2537 3971 2644 4042 γὰρ
2700 3970 2998 4041 ἀνθρώπων
3048 3970 3270 4041 σπουδὴ,
3319 3972 3455 4041 πρός
3502 3989 3555 4025 τι

1981 4062 2088 4115 τῶν
2130 4064 2259 4133 περὶ
2301 4063 2402 4128 τὸν,
2432 4062 2546 4132 βίον
2601 4061 2992 4131 ἀσχολουμένη,
3042 4060 3249 4129 νηπίων
3296 4061 3557 4133 ἄντικρύς

1983 4153 2188 4207 ἐστιτὰ
2218 4154 2309 4207 ἐπὶ
2340 4154 2563 4225 ψάμμον
2593 4153 2903 4222 ἀθύρματα,
2942 4146 3023 4214 οἷς
3052 4154 3083 4222 ἡ
3120 4152 3226 4204 τῶν
3255 4153 3558 4229 γινομένων

1983 4246 2275 4309 ἀπόλαυσις
2294 4249 2360 4316 τῇ
2390 4246 2516 4317 περὶ
2546 4244 2614 4298 τά
2633 4246 2891 4315 γινόμενα
2925 4245 3128 4315 σπουδῇ
3163 4244 3554 4314 συναπέληξεν.

310 4345 471 4410 plane
501 4355 799 4411 puerorum
832 4338 993 4393 ludus
1025 4339 1078 4392 in
1115 4350 1303 4397 arena,
1338 4335 1392 4387 in
1430 4348 1537 4404 quo
1570 4348 1691 4402 qua:
1717 4348 1780 4387 ex
1812 4331 1879 4384 iis

2047 4356 2135 4408 pet
2173 4356 2232 4391 τε
2277 4340 2385 4410 γὰρ
2433 4329 2556 4390 τοῦ’
2583 4339 2763 4409 πονεῷ
2797 4336 3092 4397 ἐπαύσατο,
3134 4338 3228 4389 καὶ
3261 4337 3295 4406 ή
3327 4335 3558 4405 ψάμμος

310 4447 435 4501 quze
484 4434 620 4486 fiunt
668 4433 884 4503 capitur
922 4426 1246 4491 oblectatio,
1298 4427 1460 4481 simul
1509 4424 1710 4481 desiuit
1749 4439 1874 4478 cum

309 4522 494 4577 studio
521 4524 664 4593 quod
697 4524 916 4593 ponitur
945 4524 998 4576 in
1031 4522 1100 4576 iis
1126 4536 1248 4590 quae
1282 4519 1422 4572 facta
1455 4525 1602 4573 sunt.
1632 4514 1767 4569 Nam
1800 4515 1875 4570 si-

1983 4426 2117 4498 πρὺς
2144 4425 2310 4497 αὐτὴν
2341 4428 2632 4497 συρῤυεῐσα
2656 4425 2808 4478 οὐδὲν
2836 4420 2979 4496 ἴχνος
3012 4423 3122 4476 τῶν
3160 4423 3559 4493 πεπονημένων

1984 4519 2322 4572 ὑπελείπετο.
2537 4532 2543 4542 ·
2923 4502 2931 4516 ’

315 4617 430 4671 mul
457 4625 621 4685 atque
665 4629 693 4667 a
733 4614 923 4669 labore
958 4620 1230 4670 cessatum
1265 4618 1371 4676 est,
1405 4607 1570 4665 simul
1606 4621 1774 4662 arena
1839 4608 2080 4681 collapsa
2147 4609 2357 4677 nullum
2404 4594 2666 4678 relinquit
2699 4608 2988 4680 vestigium
3051 4622 3237 4663 eorum
3276 4621 3401 4677 quae
3439 4604 3559 4662 fue-

314 4715 439 4763 rant
465 4706 760 4761 elaborata.

388 4801 500 4856 Hoc
526 4810 609 4855 est
639 4800 878 4854 humaua
903 4801 1035 4866 vita,
1080 4814 1244 4855 arena
1278 4806 1364 4854 est
1409 4797 1658 4864 ambitio,
1711 4811 1879 4852 arena

310 4902 393 4950 est
419 4891 691 4963 polentia,
720 4904 886 4944 arena
921 4890 1122 4944 divitiae
1142 4929 1157 4952 ,
1193 4903 1359 4943 arena
1396 4896 1478 4943 est
1504 4885 1767 4956 quidquid
1797 4894 1880 4940 est

308 5001 374 5040 ex
403 4983 469 5037 iis
490 4983 693 5051 quibus
727 4996 923 5050 magno
964 4980 1147 5034 studio
1197 4996 1292 5049 per
1352 4994 1575 5033 carnem
1620 4976 1875 5041 fruimur,

306 5081 360 5132 in
391 5076 612 5147 quibus.
646 5082 704 5127 ut
737 5089 857 5141 qua:
886 5072 1106 5125 minime
1129 5072 1345 5126 valeant
1378 5070 1705 5131 consistere,
1733 5083 1874 5124 vane

306 5168 622 5222 laborantes
657 5163 935 5219 infantiles
967 5164 1184 5226 animas,
1212 5172 1266 5216 et
1305 5162 1360 5215 in
1410 5175 1743 5231 unoquoque
1780 5175 1876 5215 eo-

306 5274 428 5313 rum
462 5259 664 5312 multos
693 5256 912 5312 labores
945 5256 1264 5319 tolerantes,
1305 5255 1350 5309 si
1380 5255 1557 5309 solum
1588 5268 1771 5331 arena:
1792 5253 1878 5306 lo-

306 5365 431 5406 cum
467 5349 809 5419 reliquerint.
841 5362 962 5417 qua:
986 5347 1043 5401 in
1068 5362 1251 5410 carne,
1276 5346 1523 5415 inquam,
1546 5345 1876 5413 transigitur

306 5442 442 5505 vita,
500 5449 634 5494 tunc
664 5447 959 5509 agnoscent
994 5452 1157 5509 quam
1207 5438 1263 5491 iu
1304 5436 1406 5491 hac
1446 5450 1506 5491 re
1540 5449 1742 5492 vanum
1778 5449 1881 5505 pos

380 5617 422 5657 ³³
454 5612 753 5681 llTimoth.
788 5629 870 5681 ιιι,
906 5611 993 5667 14.
1066 5612 1111 5645 ⁸⁸
1142 5609 1300 5666 lCor.
1332 5627 1419 5677 ιν,
1443 5610 1532 5667 58.

2047 4791 2214 4846 Τοῦτό
2242 4793 2389 4844 ἐστιν
2428 4791 2456 4842 ὁ
2494 4787 2830 4859 ἀνθρώπινος
2861 4788 2995 4858 βίος,
3029 4788 3255 4859 ψάμμος
3283 4790 3316 4859 ἡ
3343 4790 3559 4858 eam-

1982 4885 2105 4954 μία,
2134 4883 2354 4953 ψάμμος
2395 4883 2428 4951 ἡ
2463 4879 2766 4944 δυναστεία,
2807 4879 3029 4949 ψάμμος
3056 4882 3084 4931 ὁ
3123 4878 3368 4943 πλοῦτος,
3401 4880 3561 4953 ψάμ.

1983 4971 2080 5046 μοξ
2120 4976 2346 5030 ἕκαστον
2392 4974 2501 5025 τῶν
2530 4971 2671 5026 κατὰ
2702 4970 2936 5041 σπουδὴν
2959 4970 3047 5024 διὰ
3085 4973 3283 5042 σαρκὸς
3311 4973 3561 5029 ἀπολαυ-

1974 5067 2218 5136 ομένων,
2267 5068 2322 5120 ὲν
2355 5063 2434 5129 οἷς
2471 5064 2567 5119 νῦν
2599 5066 2653 5117 αἱ
2686 5062 2972 5134 νηπιὼδεις
3000 5063 3170 5133 ψυχαὶ
3200 5068 3309 5129 τοῖς
3353 5067 3563 5120 divum-

1974 5161 2196 5221 ,στάτοις
2226 5158 2718 5227 ἐκμᾳταιάζουσαι,
2766 5158 2859 5209 καὶ
2894 5157 3118 5220 πολλοὺς
3152 5158 3563 5228 περὶὲκαστον

1982 5252 2185 5305 τούτων
2219 5245 2580 5321 ὑπομένουσαι
2620 5249 2837 5315 πόνους,
2873 5250 2921 5302 εἰ
2956 5250 3113 5319 μόνον
3148 5249 3469 5302 ἀπολίποιεν
3499 5251 3566 5303 τὸ

1980 5342 2078 5411 τῆς
2106 5341 2329 5411 ψάμμου
2363 5323 2581 5411 χωρίον,
2622 5338 2719 5409 τὴν
2763 5340 2818 5404 ὲν
2850 5339 3013 5410 σαρκὶ
3056 5338 3200 5407 λέγω
3231 5337 3401 5407 ζωὴν,
3433 5340 3564 5392 τότε

1974 5432 2042 5496 ,τὸ
2066 5431 2292 5505 μάταιον
2316 5431 2413 5501 τῆς
2437 5425 2537 5486 ὦδε
2565 5427 2846 5503 διατριϐῆς
2875 5428 3288 5501 ὲπιγνώσονται.
3326 5428 3421 5502 Τῷ
3447 5431 3566 5504 γάρ
