3766 5986
169 209 279 279 699

1267 222 1331 276 ΙΝ
1353 223 1893 284 ECCLESIASTEN.
1935 227 2222 284 HOMILIA
2262 228 2302 283 1.

3316 225 3418 281 650

169 335 346 406 ὑλικῷ
378 335 477 406 βίῳ
504 327 596 388 xit
619 330 655 401 ἦ·
689 332 988 400 (κώλυσις
1019 353 1176 390 συνατ
1197 341 1409 413 έμξινεν
1430 358 1443 370 ·
1490 340 1656 409 ὲφέλκ

1930 343 2063 398 3rint
2113 345 2376 400 studium.
2427 342 2563 400 Nam
2613 357 2739 401 cum
2793 347 2903 401 vita
2952 345 3213 400 materiali
3257 345 3417 400 sintut

167 444 259 481 ται
289 427 348 480 δὲ
379 427 497 497 μεθ’
525 427 730 480 ὲαυτῶν
773 428 923 480 οὐδὲν
957 429 1037 481 ὅτι
1073 428 1147 499 μὴ
1188 431 1286 501 τὴν
1318 431 1621 503 συνείδησιν
1650 432 1744 503 μό-

168 534 290 587 νην.
325 516 392 569 Ὅ
422 532 509 586 μοι
534 516 797 569 δοκεῖκαὶ
824 518 852 568 ὁ
877 516 1052 586 μέγας
1086 517 1530 590 Ἐκκλησιαστὴς,
1559 519 1746 592 ὥσπερ

169 610 274 680 ήδη
305 609 514 662 τούτων
555 608 661 674 ἔξω
692 609 1003 679 γενόμενος,
1044 610 1137 663 καὶ
1168 613 1350 681 γυμνῇ
1377 614 1445 682 τῇ
1474 611 1619 682 ψυχῇ
1646 611 1745 682 τῆς

169 702 341 754 ἁΰλου
372 697 516 770 ζωῆς
543 698 902 762 ἐπιϐατεύων,
939 700 1123 752 ἐκεῖνα
1148 695 1317 766 εἶπεν,
1362 700 1398 754 ὃ.
1438 702 1582 765 εἰκός
1615 719 1745 755 ποτε

171 793 271 847 καὶ
295 794 445 863 ἡμᾶς
476 794 670 856 εἰπεῖν,
712 793 839 844 ὅταν
885 790 989 856 ἔξω
1026 791 1120 844 τοῦ
1148 792 1412 863 παραλίου
1445 794 1636 847 τούτου
1661 794 1748 847 τό-

172 902 280 938 που
314 884 620 956 γενώμεθα,
657 885 783 955 περ).
813 884 872 937 ὃν
912 886 946 954 ἡ
973 884 1199 954 ψάμμος
1221 886 1408 948 ἐστὶν,
1453 887 1487 955 ὴ
1513 885 1616 938 ὑπὸ
1649 886 1749 957 τῆς

168 978 269 1030 τοῦ
321 977 436 1046 βίου
482 976 755 1046 θαλάσσης
785 976 1129 1047 ὲκπτυομένη
1149 1016 1163 1040 ,
1214 977 1308 1030 καὶ
1341 978 1557 1031 πάντων
1587 994 1750 1047 χωρι-

172 1069 394 1137 σθῶμεν
447 1068 554 1121 τῶν
608 1067 1086 1138 περικτυπούντων
1138 1071 1284 1139 ἡμᾶς
1337 1069 1432 1121 καὶ
1476 1069 1750 1137 καταϐομ-

170 1161 421 1227 ϐούντων
444 1160 720 1230 κυμάτων,
742 1162 807 1212 ὲκ
834 1161 931 1231 τῆς
964 1160 1249 1231 νοηθείσης
1275 1160 1549 1230 θαλάσσης
1583 1160 1749 1229 μόνην

169 1253 275 1323 τὴν
309 1254 527 1322 μνήμην
552 1252 660 1304 τῶν
690 1245 789 1304 ὧδε
826 1251 1265 1305 σπουδασθέντων
1307 1251 1634 1319 ἐπαγόμενοι
1666 1249 1752 1301 λέ-

171 1359 345 1413 γομεν
378 1341 471 1407 τὸ,
525 1363 542 1392 ι
571 1343 881 1415 Ματαιὸτης
919 1343 1309 1412 ματαιοτήτων,
1356 1341 1450 1394 καὶ
1479 1340 1548 1392 τὰ
1576 1340 1751 1393 πάντα
1794 1351 1803 1359 ’

176 1431 515 1500 ματαιότης,
561 1432 656 1483 καὶ
709 1427 857 1493 οὔτις
917 1428 1207 1501 περισσεία
1263 1427 1342 1499 τῷ
1387 1428 1659 1498 ἀνθρώπῳ
1707 1420 1751 1494 ᾧ

175 1523 375 1594 μοχθεῖ
416 1523 521 1576 ὑπὸ
551 1523 641 1575 τὸν
674 1522 841 1593 ἥλιον.
892 1542 911 1573 ›
968 1522 1152 1585 υῦτως
1186 1520 1314 1593 γὰρ,
1366 1522 1506 1575 κατά
1549 1538 1613 1590 γε
1660 1522 1751 1573 τὸν

171 1614 311 1683 ὲμὸν
338 1615 522 1684 λόγον,
569 1616 748 1686 πάσης
779 1615 895 1667 ἐστὶ
933 1606 1308 1683 ψυχῆςιοῦτος
1337 1615 1365 1665 ὁ
1395 1612 1581 1683 λόγος,
1625 1613 1751 1666 ὅταν

1845 444 2028 489 manet
2056 435 2364 503 delectatio,
2397 450 2582 492 secum
2620 442 2801 490 autem
2835 435 2974 501 nihil
3009 436 3235 489 trahunt
3276 451 3417 504 prae-

1846 533 1929 580 ter
1960 526 2130 581 solam
2175 526 2590 582 conscientiam.
2626 525 2993 592 Quamobrem
3040 525 3174 579 mihi
3206 526 3420 579 videtur

1848 630 2084 686 magnus
2115 614 2505 683 Ecclesiastes,
2550 623 2610 670 ut
2644 616 2737 686 qui
2765 616 2879 686 jam
2916 625 3068 670 extra
3115 614 3232 668 haec
3252 624 3419 678 esset,

1846 713 1900 760 et
1940 706 2085 761 nuda
2122 720 2186 762 ac
2239 716 2494 778 separata
2546 707 2728 762 anima
2782 707 2835 761 in
2889 707 3000 761 vita
3049 705 3290 760 materiae
3328 721 3421 759 ex-

1847 803 1998 865 perte
2027 796 2314 862 insideret,
2350 798 2445 852 illa
2475 794 2691 854 dixisse
2711 813 2830 869 quae
2857 812 2959 853 nos
2987 811 3207 866 quoque
3244 796 3421 849 dictu-

1848 903 1937 942 ros
1967 897 2052 943 est
2081 897 2533 958 consentaneum,
2565 891 2785 960 quando
2809 890 3073 945 fuerimus
3094 898 3247 943 extra
3271 888 3417 942 hune

1848 996 2028 1035 locum
2068 983 2421 1045 maritimum,
2454 982 2509 1036 in
2556 996 2665 1051 quo
2702 991 2786 1037 est
2822 995 3007 1044 arena,
3054 995 3175 1050 qua:
3206 994 3236 1034 a
3280 979 3419 1032 mari

1847 1072 2014 1142 hujus
2046 1072 2495 1140 vitae'exspuitur,
2540 1079 2594 1126 et
2625 1070 2862 1141 separati
2896 1069 3164 1124 fuerimus
3196 1069 3261 1122 ab
3302 1082 3419 1121 om-

1850 1166 2012 1220 nibus
2045 1164 2297 1220 fluctibus
2331 1164 2422 1233 qui
2450 1178 2548 1218 nos
2564 1163 3039 1217 circumsonantet
3071 1160 3414 1216 circumstre-

1849 1265 2004 1325 punt,
2040 1272 2106 1310 ex
2135 1255 2271 1308 mari
2293 1254 2440 1324 quod
2475 1254 2563 1308 hic
2612 1252 2987 1323 intelligimus,
3036 1250 3206 1306 solam
3241 1264 3421 1320 repor-

1852 1356 2027 1401 tantes
2062 1348 2379 1400 memoriam
2408 1346 2681 1401 eorum-in
2724 1360 2844 1413 qua:
2885 1344 3127 1400 studium
3170 1350 3417 1397 nostrum

1851 1439 2205 1504 contulimus,
2256 1439 2490 1493 dicimus
2552 1456 2564 1490 :
2633 1435 2907 1491 «Vanitas
2967 1435 3291 1498 vanitatum,
3373 1444 3447 1497 et

1853 1530 2034 1583 omnia
2065 1529 2301 1582 vanitas.
2349 1526 2537 1597 Neque
2575 1526 2873 1597 quidquam
2924 1534 3176 1594 superest
3217 1523 3421 1578 homini

1853 1638 1919 1678 ex
1954 1622 2102 1676 omni
2148 1621 2336 1675 labore
2381 1621 2475 1690 qui
2522 1628 2605 1674 est
2638 1619 2743 1673 sub
2791 1617 2929 1671 sole.
2958 1635 2976 1669 ι
3010 1615 3218 1670 Revera
3251 1615 3419 1677 enim,

172 1721 247 1774 γυ
256 1706 531 1775 μνωθείσα
557 1705 667 1757 τῶν
692 1707 820 1776 τῇδε
856 1706 991 1775 πρὸς
1018 1705 1107 1756 τὸν
1134 1703 1484 1773 ἐλπιζόμενον
1515 1720 1659 1773 μετοι

1970 1727 2070 1783 ego
2121 1712 2341 1781 q‘uidem
2381 1710 2587 1781 judico,
2634 1708 2879 1778 cujusvis
2922 1706 3116 1761 animae
3171 1713 3255 1760 est
3309 1704 3422 1759 11ch

174 1795 280 1865 σθῇ
318 1795 451 1865 βίον.
500 1797 619 1848 Εῖτε
667 1796 775 1867 γάρ
806 1813 860 1847 τι
892 1795 997 1849 τῶν
1031 1794 1376 1865 ὑψηλοτέρων
1421 1796 1478 1846 ὲν
1530 1796 1596 1864 τῇ
1637 1794 1748 1865 ζωῇ

172 1885 354 1958 ταύτῃ
394 1886 742 1956 κατώρθωσε,
791 1887 1087 1955 κατηγορεῖ
1130 1882 1318 1936 τούτου
1365 1885 1423 1936 ὲν
1557 1880 1646 1955 ἦν,
1684 1886 1749 1954 τῇ

174 1966 320 2049 πρὸς
363 1978 425 2030 τὸ
463 1977 680 2049 εὑρεθὲν
728 1979 1042 2048 συγκρίσει,
1080 1976 1138 2028 τὸ
1169 1975 1435 2048 παρελθόν
1462 1993 1514 2028 τι
1556 1976 1750 2044 ἀτιμάο

175 2069 372 2132 ζουσα,
395 2068 502 2122 εἴτε
524 2069 619 2120 καὶ
639 2066 973 2140 προσπαθῶς
993 2068 1121 2137 περί
1148 2067 1245 2137 τὴν
1272 2065 1403 2136 ὓλην
1426 2065 1749 2129 διατεθεῖσα,

176 2161 280 2214 ῖδοι
315 2160 383 2215 τὰ
410 2160 812 2231 ἀπροσδόκητα,
840 2160 931 2214 καί¹
964 2162 1028 2231 τῇ
1064 2160 1230 2231 πείρᾳ
1261 2158 1421 2229 μάθοι
1453 2158 1560 2211 τῶν
1591 2175 1754 2211 σπου-

173 2252 482 2306 δασθέντων
530 2251 659 2322 περὶ
707 2252 796 2304 τὸν
846 2250 957 2321 βίον
999 2251 1136 2320 αὑτῇ
1186 2249 1245 2301 τὸ
1291 2249 1544 2318 ἀνόνητον
1573 2266 1584 2277 ’
1634 2248 1752 2300 τότε

176 2343 454 2414 θρηνοῦσα
501 2343 601 2415 τὴν
653 2342 834 2414 φωνὴν
875 2324 1082 2410 ταύτην
1147 2340 1458 2411 προοίσεται
1485 2379 1499 2404 ,
1556 2336 1643 2393 οἷα
1689 2338 1752 2409 δὴ

177 2434 444 2504 ποιοῦμεν
475 2435 539 2487 ὲκ
582 2433 943 2504 μεταμελείας
967 2434 1017 2485 οί
1047 2431 1343 2503 ἄνθρωποι,
1374 2431 1473 2494 τὰς
1504 2431 1755 2495 ἀϐουλίας

175 2528 392 2583 ἑαυτῶν
422 2529 478 2579 ἐν
516 2530 626 2590 τοῖς
660 2526 980 2596 ὀλοφυρμοῖς
1010 2524 1373 2595 διηγούμενοι,
1399 2519 1756 2582 τὸ,‹Ματαιό-

175 2636 282 2688 της
335 2618 706 2689 ματαιοτήτων
733 2616 893 2675 ,ικαὶ
936 2615 1006 2673 τὰ
1047 2614 1359 2685 λειπόμενα.
1420 2604 1676 2676 ιΠάντες
1705 2615 1754 2666 οί

174 2709 350 2779 λόγοι,
374 2728 394 2765 ›
429 2709 612 2779 φησιν,
651 2728 669 2760 ι
692 2708 935 2777 ἐγκοποι,
973 2709 1065 2761 καὶ
1095 2709 1153 2761 οὺ
1184 2709 1466 2777 δυνήσεται
1497 2706 1635 2778 ἀνὴρ
1661 2705 1753 2759 τοῦ

177 2800 380 2853 λαλεῖν.
413 2819 431 2851 ι
476 2799 585 2852 Καὶ
621 2798 744 2867 μὴν,
776 2797 927 2850 οὐδὲν
956 2798 1019 2850 ὲκ
1046 2796 1138 2849 τοῦ
1163 2795 1447 2866 προχείρου
1477 2796 1755 2865 νομίζεται

176 2892 276 2946 τοῦ
313 2891 491 2945 λαλεῖν
516 2877 900 2960 εὐκολώτερον.
934 2889 1030 2951 Τίς
1061 2888 1170 2959 γάρ
1204 2889 1318 2940 ἐστι
1350 2887 1516 2950 κόπος
1550 2887 1628 2957 τῷ
1661 2886 1757 2940 λα-

177 2984 363 3036 λοῦντι
404 2984 433 3037 ὃ
466 2999 548 3045 τις
578 2981 853 3051 βούλεται;
897 2979 1071 3051 ’Υγρὰ
1100 2982 1133 3051 ἡ
1165 2979 1382 3048 γλῶσσα
1410 2978 1504 3031 καὶ
1532 2977 1755 3049 εὔστρο-

179 3091 306 3143 φος,
336 3075 429 3127 καὶ
630 3042 1030 3142 ὃτιπεργὲθέλοι
1066 3042 1324 3141 ῥημάτων
1366 3065 1506 3132 εἶδος
1545 3042 1756 3131 ἀπόνως
1783 3042 1825 3101 C

180 3167 384 3237 ἑαυτὴν
411 3165 746 3236 σχηματίζου
757 3181 823 3217 σα
848 3180 862 3196 ο
911 3162 1186 3225 ἀκώλυτος
1214 3164 1247 3233 ἡ
1290 3162 1420 3233 ὁλκὴ
1447 3159 1540 3214 τοῦ
1572 3160 1755 3232 ἀερίου

181 3257 510 3328 πνεύματος,
530 3251 572 3323 ᾧ
590 3255 1004 3326 συγκεχρημένη
1024 3256 1148 3318 τοὺς
1166 3254 1430 3324 φθόγγους
1445 3252 1754 3326 ὲργάζετακιο

178 3351 390 3412 ἄλυπος
416 3352 534 3414 ταῖς
592 3351 842 3419 παρειαῖς
867 3351 900 3417 ὴ
943 3346 1233 3418 ὑπουργία,
1270 3347 1363 3400 καὶ
1388 3348 1501 3410 τοῖς
1527 3344 1756 3416 χείλεσιν

175 3443 304 3510 ἅμα
332 3442 368 3511 ἡ
400 3440 534 3510 πρὸς
564 3439 985 3511 τὴνὲκφώνησιν
1006 3436 1098 3490 τοῦ
1133 3437 1421 3507 λεγομένου
1447 3437 1752 3508 συνεργεια.

175 3535 320 3588 Τίνα
358 3528 461 3586 οὖν
492 3533 654 3603 ἐνορᾷ
719 3532 807 3603 τῷ
847 3531 991 3601 λόγῳ
1028 3530 1118 3583 τὸν
1152 3516 1346 3591 ὶόπον;
1396 3529 1469 3582 Οὐ
1511 3530 1619 3599 γὰρ
1654 3528 1758 3598 γῆν

177 3627 539 3689 σκάπτοντες,
567 3624 832 3695 πέτρας
861 3622 1263 3686 ἀνακυλίοντες,
1289 3621 1322 3689 ἢ
1348 3621 1441 3672 ἐπὶ
1468 3620 1573 3673 τῶν
1593 3617 1758 3691 ὤμων

176 3716 636 3789 ἀχθοφοροῦντες,
672 3715 705 3785 ἢ
739 3713 866 3768 ἄλλο
897 3732 949 3767 τι
980 3714 1091 3767 τῶν
1122 3712 1756 3782 ὲπιπόνωνκατεργαζὸ-

180 3825 360 3880 μενοι,
406 3807 501 3859 τὸν
550 3805 704 3874 λόγον
747 3804 1112 3874 διεξοδεύομεν
1137 3820 1153 3833 ο
1208 3803 1344 3856 ἀλλὰ
1387 3804 1447 3856 τὸ
1478 3804 1674 3857 συστὰν
1701 3807 1758 3858 ἐν

175 3904 317 3971 ἡμῖν
345 3899 523 3969 νόημα
554 3897 641 3950 διὰ
683 3896 867 3965 φωνῆς
913 3894 1271 3963 ἐκκαλυφθὲν,
1319 3893 1474 3963 λόγος
1521 3894 1754 3962 ἐγένετο.

190 3992 336 4045 Ἀλλ’
362 3990 547 4061 ἐπειδὴ
574 3993 602 4044 ό
628 3988 864 4051 τοιοῦτος
894 3988 1048 4055 λόγος
1075 3987 1241 4040 κόπον
1261 3988 1359 4040 οὐκ
1380 3986 1511 4057 ἔχει,
1543 3987 1758 4057 νοητέον

178 4083 253 4137 ἄν
282 4083 367 4153 εἴη
398 4082 541 4144 τίνες
581 4083 631 4134 οί
675 4078 972 4140 κοπιῶντες
1016 4078 1190 4146 λόγοι,
1241 4071 1321 4140 οἷς
1372 4077 1433 4130 οὐ
1474 4077 1758 4148 δυνήσεται

178 4177 327 4247 ἀνὴρ
366 4175 462 4228 τοῦ
496 4175 693 4227 λαλεῖν.
725 4193 743 4225 ι
779 4175 841 4227 Οἱ
868 4171 1242 4243 πρεσϐύτεροι,
1277 4190 1295 4222 ι
1324 4171 1475 4240 φησι,
1519 4189 1535 4221 ι
1564 4169 1757 4239 διπλῆς

175 4268 351 4337 τιμῆς
379 4265 769 4330 ἀξιούσθωσαν,
803 4264 1035 4335 μάλιστα
1062 4265 1110 4315 οἱ
1136 4262 1434 4325 κοπιῶντες
1465 4264 1521 4314 ὲν
1546 4261 1707 4329 λόγῳ.
1736 4281 1752 4309 ι

1851 1807 2047 1870 oratio,
2072 1807 2291 1877 quando
2319 1806 2385 1861 iis
2410 1821 2529 1876 quae
2558 1806 2647 1860 hic
2680 1812 2807 1858 sunt
2836 1802 3089 1874 spoliata,
3140 1800 3208 1855 ad
3251 1800 3419 1854 vitam

1852 1913 1973 1967 qua:
2002 1906 2254 1969 speratur
2291 1897 2628 1967 migraverit.
2660 1895 2795 1949 Nam
2831 1897 2944 1949 sive
2974 1892 3110 1964 quid
3135 1898 3281 1947 recte
3296 1904 3451 1961 ges-1

1854 1990 1924 2044 sit
1945 2006 2010 2044 ex
2042 1991 2111 2045 iis
2138 2007 2257 2061 quae
2291 1991 2344 2044 in
2377 1990 2478 2042 hac
2508 1989 2618 2041 vita
2650 1995 2777 2042 sunt
2799 1986 3142 2049 sublimiora,
3167 1982 3221 2037 id
3255 1997 3420 2037 accu—

1854 2090 1938 2138 sat
1965 2082 2019 2136 in
2055 2098 2164 2152 quo
2187 2090 2327 2145 erat,
2371 2080 2416 2136 si
2439 2077 2753 2133 conferatur
2785 2092 2909 2131 cum
2940 2091 3004 2131 eo
3043 2075 3190 2145 quod
3217 2081 3301 2129 est
3335 2073 3421 2126 in-

1812 2214 1818 2221 .
1854 2170 2420 2239 ventum,despicatui
2462 2169 2671 2223 habens
2706 2168 2756 2222 id
2787 2165 2930 2236 quod
2966 2165 3243 2234 praeteriit.
3298 2162 3425 2219 Sive

1854 2261 2018 2315 etiam
2054 2276 2178 2314 cum
2207 2259 2364 2329 valde
2390 2257 2580 2313 aﬂ‘ecta
2623 2257 2786 2312 fuerit
2813 2258 2868 2310 in
2899 2256 3204 2321 materiam,
3232 2254 3426 2309 viderit

1855 2366 1916 2405 ea
1944 2366 2064 2420 quae
2095 2359 2394 2405 evenerunt
2440 2360 2636 2420 praeter
2662 2347 3151 2418 exspectationem,
3184 2354 3235 2401 et
3265 2361 3423 2415 expe«

1856 2444 2050 2497 rientia
2080 2442 2353 2505 didicerit,
2386 2450 2590 2513 quanta
2637 2440 2707 2496 sit
2744 2440 2972 2495 stultitia
3018 2439 3072 2492 in
3118 2438 3185 2493 iis
3224 2438 3277 2491 in
3304 2452 3425 2507 quae

1857 2536 2098 2591 studium
2132 2534 2413 2591 confertur
2465 2536 2518 2587 in
2551 2534 2653 2588 hac
2683 2533 2792 2586 vita
2827 2552 2838 2585 :
2875 2540 3004 2585 tunc
3056 2530 3244 2599 lugens
3285 2529 3426 2583 hanc

1855 2629 2065 2683 emittet
2119 2642 2328 2689 vocem,
2381 2626 2565 2696 qualia
2617 2640 2719 2679 nos
2765 2625 3011 2679 homines
3062 2619 3316 2686 facimus,
3359 2636 3426 2675 ex

1857 2719 2175 2790 poenitentia
2207 2719 2371 2773 stulta
2407 2726 2594 2773 nostra
2616 2716 2849 2771 consilia
2876 2716 2929 2769 in
2962 2712 3165 2768 nostris
3191 2727 3424 2766 narran-

1858 2819 1940 2865 tes
1965 2810 2281 2880 ejulatibus,
2309 2818 2362 2866 et
2389 2811 2632 2866 dicentes
2667 2827 2680 2863 :
2713 2826 2731 2860 ι
2765 2807 2992 2862 Vanitas
3044 2807 3368 2868 vanitatum,
3404 2824 3420 2854 ι

1857 2895 1911 2957 et
1931 2917 1994 2955 ea
2033 2917 2155 2971 quae
2194 2909 2519 2971 sequuntur.
2570 2919 2588 2952 ι
2616 2898 2837 2962 Omnes,
2864 2917 2882 2949 ι
2917 2898 3112 2967 inquit,
3171 2916 3190 2948 ι
3215 2912 3426 2950 sermo-

1858 3009 1956 3049 nes
1988 3002 2118 3048 sunt
2143 2991 2423 3056 laboriosi,
2453 2999 2508 3046 et
2543 3005 2651 3045 non
2703 2989 2907 3059 poterit
2949 2988 3034 3042 vir
3085 3002 3180 3042 eos
3204 2988 3371 3057 loqui.
3404 3006 3422 3039 ι

1858 3082 2021 3153 Atqui
2067 3097 2169 3138 nec
2217 3083 2269 3136 in
2315 3091 2566 3152 promptu
2589 3087 2842 3135 censetur
2873 3077 3168 3148 quidquam
3214 3076 3428 3131 facilius

1858 3190 2022 3245 quam
2054 3175 2224 3245 loqui.
2260 3174 2394 3241 Quis
2418 3181 2502 3230 est
2532 3173 2676 3229 enim
2725 3172 2881 3228 labor
2910 3172 2958 3226 ei
2990 3171 3081 3240 qui
3122 3167 3269 3239 quod
3313 3168 3429 3221 vult

1859 3267 2145 3337 loquitur?
2177 3266 2390 3338 Lingua
2427 3274 2507 3322 est
2544 3264 2790 3329 humida,
2824 3271 2877 3317 et
2903 3262 3272 3325 versatilis,et
3288 3261 3428 3314 citra

1860 3359 2099 3414 laborem
2156 3374 2215 3413 se
2251 3358 2460 3429 fingens
2505 3357 2572 3411 ad
2612 3355 2980 3426 quodcunque
3011 3367 3185 3422 genus
3231 3350 3429 3404 verbo—

1838 3422 1979 3504 dum
2016 3468 2028 3506 ;
2071 3451 2212 3506 citra
2255 3422 2709 3520 impedimentum
2769 3454 2853 3502 est
2890 3422 3145 3499 attractio
3195 3443 3425 3513 spiritus

1859 3544 2028 3607 aerii,
2078 3558 2188 3613 quo
2251 3552 2414 3597 utens
2463 3555 2631 3595 sonos
2690 3537 2853 3593 efﬁcit
2887 3557 2900 3591 :
2935 3539 3074 3592 citra
3123 3536 3428 3591 molestiam

1859 3649 2012 3704 genae
2043 3643 2171 3689 sunt
2200 3632 2249 3685 ei
2281 3631 2620 3685 administrm
2658 3639 2711 3684 et
2736 3629 2887 3683 labra
2922 3628 3083 3682 simul
3139 3640 3297 3694 opem
3345 3624 3427 3678 fe-

1802 3757 1813 3767 -
1861 3733 1989 3784 runt
2042 3724 2108 3778 ad
2166 3738 2300 3777 voce
2348 3721 2750 3776 enuntiandum
2796 3720 2848 3773 id
2903 3717 3051 3788 quod
3097 3717 3319 3770 dicitur.
3369 3713 3428 3768 In

1861 3829 2113 3870 sermone
2153 3828 2284 3883 ergo
2319 3826 2613 3882 quemnam
2642 3810 2787 3865 videt
2820 3807 3099 3864 laborem?
3133 3805 3250 3860 Non
3282 3805 3428 3859 enim

1859 3917 2063 3963 terram
2092 3905 2384 3976 fodientes,
2420 3910 2514 3958 aut
2553 3910 2737 3974 petras
2763 3903 3065 3963 volventes,
3098 3907 3193 3953 aut
3223 3898 3279 3951 in
3318 3896 3424 3950 hu-

1863 4000 2030 4054 meris
2060 4012 2227 4053 onera
2284 3995 2541 4060 ferentes,
2594 4004 2688 4049 aut
2722 3996 2906 4065 aliquo
2943 3994 3053 4046 alio
3100 3992 3287 4046 labore
3330 4003 3429 4043 nos

1861 4098 2181 4149 exercentes
2219 4104 2529 4146 sermonem
2578 4089 3033 4152 transmittimus,
3091 4085 3186 4140 sed
3222 4098 3342 4154 qum
3377 4083 3430 4136 in

1861 4184 2023 4240 nobis
2056 4182 2317 4239 consistit
2343 4181 2636 4251 conceptio
2658 4181 2878 4236 mentis
2916 4194 3012 4248 per
3040 4192 3228 4232 vocem
3277 4191 3431 4230 reve-

1864 4275 1995 4339 lata,
2032 4289 2136 4327 vox
2175 4273 2416 4335 exsistit,
2447 4272 2543 4327 sed
2580 4274 2841 4343 quoniam
2880 4270 2969 4324 hic
2996 4283 3177 4324 sermo
3218 4267 3429 4321 nullum

177 4357 599 4429 Πρεσϐύτερος,
645 4357 784 4410 κατά
837 4356 936 4427 τὴν
994 4354 1321 4425 συνήθειαν,
1369 4355 1397 4405 ὁ
1447 4351 1612 4413 ἐκϐὰς
1660 4370 1664 4384 ι

1943 4365 2031 4419 bet
2059 4364 2324 4426 laborem,
2372 4363 2726 4433 cogitandum
2774 4367 2858 4416 est
2891 4362 3114 4429 quinam
3168 4358 3278 4413 sint
3314 4372 3430 4412 ser-

177 4451 421 4504 ἄτακτον
450 4449 663 4519 ἡλικίαν
691 4450 784 4502 καὶ
817 4451 875 4501 ἐν
903 4448 1078 4519 γηρεᾷ
1117 4445 1442 4499 καταστάσει
1473 4444 1759 4512 γενόμενος

177 4541 426 4607 λέγεται,
466 4540 542 4602 ὡς
572 4538 626 4591 εῖ
652 4539 717 4607 γέ
748 4556 829 4602 τις
863 4537 1117 4607 ἀστατοίη
1161 4533 1239 4607 τῷ
1278 4526 1544 4605 λογισμῷ,
1578 4535 1670 4586 καὶ
1700 4534 1758 4586 ἐν

180 4630 386 4703 ἀταξίᾳ
415 4631 506 4684 τὸν
549 4631 658 4701 βίον
687 4631 821 4701 ἔχοι,
851 4629 1005 4683 οὔπω
1033 4626 1403 4700 πρεσϐύτερος
1437 4628 1465 4678 ὁ
1497 4625 1757 4689 τοιοῦτος,

181 4726 290 4780 κᾶν
319 4729 379 4779 ὲν
409 4725 570 4795 πολιᾷ
597 4724 748 4795 τύχοι
775 4724 1117 4794 φαινόμενος,
1152 4721 1262 4775 ἀλλ’
1294 4720 1373 4773 ἔτι
1414 4721 1571 4789 ἀνήρ.
1620 4717 1761 4770 Οὐκ-

182 4818 281 4870 οὖν
313 4819 363 4868 οί
389 4815 536 4883 λόγοι
566 4815 621 4869 οῖ
647 4832 708 4883 γε
743 4813 957 4885 άληθῶς
993 4814 1163 4882 λόγοι,
1198 4813 1247 4865 οί
1291 4812 1426 4883 πρὸς
1471 4811 1532 4863 τὸ
1574 4809 1761 4879 ψυχωη

183 4909 349 4978 φελές
365 4925 426 4961 τε
449 4907 540 4961 καὶ
561 4909 828 4978 χρήσιμον
852 4905 958 4960 τῶν
981 4904 1280 4976 ἀνθρώπων
1303 4902 1591 4972 γινόμενοι,
1616 4894 1761 4953 οὗτοι

186 5002 418 5072 πλήρεις
455 4999 691 5070 ἱδρώτων
719 4999 824 5051 εἰσὶ
849 4997 941 5051 καὶ
970 4988 1294 5062 πόνων,”,καὶ
1327 4995 1492 5047 πολὺν
1526 4978 1761 5071 ἐπάγονς

183 5110 277 5147 ται
307 5092 492 5155 κόπον,
529 5093 616 5145 ἵνα
645 5092 904 5158 γένωνται
934 5089 1103 5156 λόγοι.
1163 5105 1181 5138 ι
1202 5084 1323 5139 ’Ίῖδν
1351 5088 1456 5154 γὰρ
1487 5085 1760 5165 κοπιῶντα

186 5184 436 5253 γεωργὸν
499 5183 581 5237 δεῖ
645 5182 857 5253 πρῶτον
911 5181 1004 5234 τὸν
1068 5177 1277 5249 καρπὸν
1302 5174 1753 5245 ἀπολαμϐάνεινη

187 5275 358 5346 φησὶν
387 5278 417 5329 ὁ
442 5275 549 5328 τῶν
578 5274 831 5327 τοιούτων
878 5273 1048 5340 λόγων
1096 5270 1368 5341 τεχνίτης,
1417 5268 1491 5330 ὠς
1535 5268 1651 5320 δέον
1688 5267 1762 5338 μὴ

193 5369 347 5441 ῥῆμα
373 5365 613 5421 νοεῖσθαι
642 5365 733 5419 τὸν
766 5350 961 5433 λόγον,
1006 5362 1141 5418 ἀλλὰ
1181 5361 1279 5432 τὴν
1326 5361 1383 5413 ὲν
1428 5361 1538 5421 τοῖς
1583 5356 1762 5429 ἔργοις

264 5652 308 5685 ⁵⁸
338 5653 360 5706 ι
401 5647 644 5705 Timoth.
668 5663 720 5715 v,
763 5647 850 5706 l7.

1860 4467 2050 4507 mones
2074 4452 2407 4516 laborantes,
2427 4464 2567 4520 quos
2603 4447 2852 4517 virloqui
2874 4462 2981 4502 non
3007 4444 3268 4515 poterit.“
3297 4441 3430 4497 Pre-

1862 4542 2126 4613 sbyteri,»
2176 4540 2372 4609 inquit,
2431 4537 2679 4606 «duplici
2718 4536 2925 4590 honore
2972 4534 3124 4605 digni
3186 4532 3431 4587 habean-

1860 4639 1972 4694 tur,
2003 4629 2237 4683 maxime
2265 4628 2359 4697 qui
2387 4626 2639 4681 laborant
2673 4624 2729 4678 in
2771 4639 3024 4680 sermone
3043 4623 3108 4675 “.
3139 4641 3156 4673 ›
3190 4621 3425 4692 Presby-

1861 4729 1964 4785 ter,
1996 4719 2151 4775 idest
2183 4720 2387 4782 senior,
2420 4718 2530 4773 dici
2558 4718 2717 4783 solet,
2763 4716 2855 4786 qui
2895 4711 3227 4785 insolentem,
3254 4721 3327 4773 et,
3349 4712 3432 4766 in-

1863 4811 2172 4867 ordinatam
2202 4811 2445 4873 excessit
2475 4817 2715 4872 aetatem,
2749 4817 2804 4863 et
2837 4807 2928 4876 qui
2964 4806 3030 4860 ad
3048 4805 3276 4862 senilem
3310 4811 3428 4862 sta-

1861 4912 1977 4959 tum
2010 4906 2274 4975 pervenit.
2306 4903 2425 4971 Quo
2452 4904 2511 4958 fit
2548 4912 2609 4957 ut
2656 4904 2700 4958 si
2736 4901 2862 4972 quis
2896 4900 2969 4955 sit
3020 4905 3203 4953 mente
3255 4897 3431 4954 insta-

1862 4997 2009 5061 bilis,
2055 5004 2109 5049 et
2136 4995 2305 5049 vitam
2356 5001 2481 5064 agat
2528 4992 2917 5054 inordinatam,
2969 4989 3016 5043 is
3056 4987 3298 5042 nondum
3344 4996 3431 5043 est

1860 5087 2168 5158 presbyter,
2197 5087 2413 5141 etiamsi
2447 5086 2701 5140 videatur
2736 5084 2940 5138 habere
2968 5094 3160 5143 canos,
3197 5080 3295 5136 sed
3334 5080 3430 5135 ad-

1862 5180 1971 5235 huc
1997 5178 2083 5231 vir
2112 5184 2219 5230 est.
2255 5175 2548 5231 Sermones
2583 5190 2713 5246 ergo
2756 5173 2832 5227 illi
2864 5172 2956 5242 qui
2987 5185 3113 5226 vere
3147 5178 3277 5225 sunt
3319 5184 3433 5225 ser-

1862 5282 2077 5333 mones,
2104 5266 2196 5336 qui
2249 5266 2385 5319 fiunt
2407 5267 2473 5321 ad
2514 5267 2819 5320 animarum
2846 5263 3226 5328 utilitatem,et
3254 5261 3432 5315 homi«

1866 5360 2035 5415 nibus
2065 5365 2193 5415 sunt
2225 5356 2620 5421 conducibiles,
2660 5356 2694 5409 ii
2729 5356 2871 5426 pleni
2906 5361 3035 5411 sunt
3058 5353 3352 5411 sudoribus
3377 5361 3430 5409 et
