3738 5984
269 164 366 222 631

1499 181 1553 236 s.
1581 148 1921 268 .CREGORII
1960 186 2247 242 NYSSENI

3423 192 3534 248 ϋδῖ

269 278 570 350 labmibus,
602 296 655 339 et
684 290 884 345 multos
918 292 1130 348 labores
1162 295 1428 353 inducunt
1468 310 1525 354 ut
1561 302 1671 356 sint
1712 320 1832 358 ser-

2001 305 2139 376 ιετὴν
2165 344 2181 370 ,
2229 306 2309 367 εἰς
2355 305 2705 358 διδασκαλίαν
2758 306 2872 375 βίου
2921 309 3033 368 τοῖς
3091 306 3291 379 ὁρῶσιν
3342 324 3533 378 προτι-

270 385 480 429 mones.
516 394 533 426 ι
562 376 923 437 Laborantem
960 386 1106 439 enim
1138 390 1432 458 agricolam
1470 401 1682 463 oportet
1726 395 1837 464 pri-

1943 396 2199 467 θεμένην,
2235 396 2353 449 ἀντὶ
2380 396 2538 464 λόγου
2566 396 2819 465 γενέσθαι
2850 398 2962 460 τοῖς
2993 398 3421 467 διδασκομένοις.

269 480 417 569 unum
448 468 680 527 fructum
731 477 1045 547 accipere,»
1083 482 1257 553 inquit
1325 486 1517 542 horum
1569 506 1881 549 sermonum
1924 492 2120 547 artifex
2137 494 2203 556 δ’,
2273 501 2457 562 utpote
2490 493 2634 563 quod
2677 502 2928 563 oporteat
2960 510 3069 548 non
3110 495 3335 549 verbum
3372 495 3538 550 intel-

268 556 361 626 ligi
391 574 722 627 sermonem,
749 568 844 621 sed
877 570 1132 627 virtutem
1161 590 1281 644 quae
1312 586 1393 632 est
1435 580 1489 633 in
1544 582 1823 652 operibus,
1906 586 2186 654 proposita
2256 556 2493 639 ad-vitae
2542 585 2852 640 doctrinam
2909 585 2979 641 iis
3028 586 3122 656 qui
3172 585 3378 653 vident,
3428 601 3536 657 pro

269 661 521 705 sermone
547 668 669 708 esse
691 656 779 722 iis,
817 660 907 729 qui
941 660 1233 719 docentur.

339 742 543 799 Omnes
574 763 704 817 ergo
752 751 1022 821 ejusmodi
1058 772 1341 816 sermones
1399 771 1526 818 sunt
1577 764 1838 822 laboriosi

269 850 455 889 eorum
486 840 577 907 qui
621 843 874 899 virtutem
909 858 1210 918 exponunt,
1259 861 1317 905 ut
1370 855 1463 924 qui
1500 857 1734 925 primum
1781 860 1840 913 in

271 928 539 997 scipsislid
556 941 698 988 recte
726 948 1114 1007 exsequantur,
1134 944 1281 1014 quod
1310 946 1526 1002 docent.
1559 948 1670 1004 Hoc
1695 926 1840 1004 enim

271 1030 354 1075 est
384 1032 638 1092 oportere
670 1028 904 1095 primum
947 1033 1194 1103 accipere
1227 1053 1290 1090 ex
1329 1034 1601 1095 fructibus
1624 1055 1839 1106 eorum,

272 1128 393 1181 qua:
420 1124 545 1170 ante
580 1119 718 1174 alios
764 1122 922 1179 nobis
957 1124 1089 1193 ipsis
1143 1144 1239 1198 per
1279 1129 1534 1184 virtutem
1582 1132 1839 1186 colimus.

270 1205 375 1257 Aut
413 1204 551 1261 forte
576 1209 739 1263 etiam
776 1213 983 1268 ratione
1016 1217 1258 1284 praeditas
1286 1229 1501 1274 naturae
1551 1220 1843 1275 imbecilli-

273 1305 433 1352 tatem
462 1299 852 1372 interpretatur
882 1309 1023 1377 quod
1059 1309 1146 1363 hic
1186 1309 1405 1365 dicitur.
1440 1311 1669 1378 Quando
1693 1313 1840 1367 enim

270 1397 479 1444 remota
516 1406 544 1444 a
573 1396 847 1459 sensibus.
877 1401 966 1467 qui
1001 1401 1273 1455 nominati
1320 1412 1449 1457 sunt
1496 1408 1727 1473 vanitas,
1756 1421 1838 1461 eo-

273 1494 394 1534 rum
434 1494 553 1550 quze
605 1485 706 1538 sub
747 1497 1023 1556 aSpectum
1079 1506 1186 1544 non
1236 1494 1469 1558 cadunt,
1513 1498 1847 1565 contempla-

2028 767 2234 831 Πάντες
2289 762 2381 821 οὖν
2442 769 2491 819 οί
2532 765 2765 820 τοιοῦτοι
2810 767 2959 837 λόγοι
2998 767 3221 837 ἔγκοποι
3270 768 3377 822 τῶν
3430 768 3535 842 τὴν

1942 861 2140 933 ἀρετὴν
2173 859 2566 930 ὑφηγουμένων
2596 860 2812 930 πρῶτον
2842 863 2900 913 ὲν
2940 862 3151 925 ἑαυτοῖς
3200 862 3533 934 κατορθοῦν-

1941 972 2048 1007 των
2076 956 2211 1023 ὅπερ
2240 952 2571 1006 διδάσκουσι.
2600 951 2771 1004 Τοῦτο
2799 952 2908 1024 γάρ
2935 955 3050 1006 ἐστι
3076 954 3136 1006 τὸ
3168 955 3278 1007 δεῖν
3309 956 3531 1025 πρῶτον

1943 1044 2050 1097 τῶν
2105 1042 2331 1114 καρπῶν
2388 1036 2824 1112 μεταλαμϐάνειν
2847 1081 2863 1106 ,
2918 1036 2993 1098 ὧν
3043 1043 3151 1113 πρὸ
3195 1044 3304 1097 τῶν
3349 1045 3529 1098 ἄλλων

1946 1136 2153 1197 ἑαυτοῖς
2187 1132 2276 1186 διὰ
2306 1132 2404 1201 τῆς
2445 1131 2647 1203 ἀρετῆς
2679 1132 3056 1203 γεωργοῦμεν,
3098 1134 3129 1204 ἢ
3165 1134 3305 1204 τάχα
3342 1136 3439 1188 καὶ
3467 1134 3532 1202 τᾲ

1945 1226 2167 1289 ἀσθενὲς
2208 1226 2310 1294 τῆς
2361 1224 2583 1293 λογικῆς
2631 1223 2845 1289 φύσεως
2896 1224 3240 1295 διερμηνεύει
3282 1229 3309 1279 ὁ
3345 1226 3526 1295 λόγος.

1961 1316 2204 1369 Ἐπειδὰν
2232 1316 2340 1385 γὰρ
2381 1314 2485 1379 ἔξω
2536 1316 2815 1385 γενόμενοι
2858 1316 2965 1369 τῶν
3002 1316 3369 1386 αἰσθητηρίων
3410 1317 3450 1370 ἃ
3493 1320 3529 1388 ἠ

1952 1408 2245 1479 ματαιότης
2272 1407 2605 1476 ὠνόμασται,
2637 1409 2717 1469 εἰς
2740 1407 2837 1477 τὴν
2870 1406 2976 1459 τῶν
3014 1407 3261 1476 ἀοράτων
3293 1409 3529 1478 θεωρίαν

1948 1497 2223 1551 διαδυεῖσά
2282 1514 2389 1558 πως
2422 1499 2454 1565 ἡ
2502 1496 2709 1548 διάνοια
2752 1497 3101 1566 παραστῆσαι
3152 1494 3229 1567 τῷ
3276 1495 3417 1565 λόγῳ
3468 1497 3533 1549 τὸ

272 1569 475 1623 tionem
528 1575 931 1640 quodammodo
979 1582 1282 1648 pervadens
1331 1585 1608 1653 cogitatio,
1654 1600 1836 1656 aggre-

2001 1588 2132 1659 κηθὲν
2183 1588 2531 1656 ἐγχειρήσει,
2586 1587 2706 1639 τότε
2759 1586 2927 1649 πολὺς
2988 1586 3193 1655 γίνεται
3237 1588 3400 1649 κόπος
3451 1586 3531 1657 τῷ

271 1658 451 1715 dietur
479 1678 732 1719 sermone
762 1670 1035 1737 explicare
1066 1675 1206 1740 quo!
1240 1684 1418 1728 mente
1448 1674 1612 1730 fuerit
1659 1692 1846 1731 conce-

272 1756 448 1818 ptum,
482 1760 611 1807 tunc
636 1758 871 1810 sermoni
906 1773 1134 1829 magnus
1167 1764 1379 1817 exstitit
1408 1764 1561 1818 labor
1586 1781 1681 1834 per
1704 1767 1859 1821 hanc”

270 1855 463 1933 vocem‘
509 1844 1008 1916 interpretativam,
1055 1868 1173 1918 qua:
1206 1855 1405 1908 nullam
1445 1856 1649 1911 invenit
1680 1859 1845 1911 ratio-

271 1948 392 1988 nem
417 1936 470 1988 in
502 1937 569 1992 iis
597 1939 935 2007 explicandis
968 1959 1088 2012 qme
1126 1954 1253 1998 sunt
1276 1946 1587 2000 inell'abiliu.
1631 1949 1842 2003 Caelum

273 2026 518 2082 videmus
534 2030 905 2088 ,luminarium
928 2035 1269 2103 splendorem
1305 2054 1468 2093 scnso
1487 2040 1841 2110 percipimus,

271 2135 368 2187 per
405 2127 603 2174 terram
636 2122 987 2193 ingredimur,
1025 2142 1203 2182 acrem
1249 2144 1342 2183 ore
1374 2131 1666 2194 trahimus,
1692 2147 1833 2202 aqua

272 2210 339 2261 ad
382 2208 432 2263 id
466 2211 611 2279 quod
646 2221 855 2267 natura:
900 2216 1112 2270 videtur
1182 2220 1403 2286 utimur,
1467 2221 1644 2291 ignem
1696 2225 1840 2276 acci-

200 2365 211 2370 _
272 2299 449 2367 pimus
482 2302 546 2353 ad
579 2302 700 2356 vitae
731 2306 1306 2375 communicationem,
1338 2317 1389 2363 ct
1421 2312 1463 2364 si
1496 2312 1626 2380 quid
1659 2312 1725 2365 de
1756 2311 1877 2366 his.

272 2391 504 2446 velimus
538 2393 799 2462 cogitare.
852 2396 1113 2465 quidnam
1165 2399 1235 2453 sit
1270 2402 1701 2471 unumquodque
1745 2419 1840 2458 eo-

273 2498 392 2536 rum
422 2498 543 2552 quze
573 2495 878 2539 cernuntur
913 2488 964 2541 in
998 2490 1209 2544 ratione
1257 2506 1369 2545 sua:
1410 2494 1663 2546 essentne
1694 2512 1705 2546 :
1740 2511 1840 2549 un-

272 2574 467 2629 denam
505 2583 598 2629 aut
641 2577 914 2646 quomodo
966 2580 1159 2634 habeat
1206 2584 1350 2651 quod
1405 2585 1687 2649 consislal,
1735 2600 1839 2639 non

271 2666 474 2735 poterit
510 2667 587 2720 vir
622 2668 792 2738 loqui.
829 2670 1043 2724 etiamsi
1070 2686 1260 2727 omnes
1293 2674 1430 2728 alios
1448 2684 1689 2745 superet,
1717 2692 1839 2729 cum

272 2758 451 2814 omnis
521 2761 1020 2829 eomprehcndendi
1076 2763 1409 2831 scientiaad
1463 2782 1524 2820 ea
1561 2782 1681 2835 quae
1733 2783 1841 2821 non

275 2859 448 2919 putest
481 2853 700 2920 assequi
727 2852 1085 2916 enuntianda,
1121 2854 1191 2908 sit
1222 2855 1514 2909 imbecilla.
1560 2856 1615 2910 Si
1654 2868 1839 2913 autem

1951 1681 2092 1749 λόγῳ
2119 1678 2205 1731 διὰ
2231 1679 2324 1748 τῆς
2353 1679 2751 1749 ἑρμηνευτικῆς
2787 1678 2990 1749 ταύτης
3017 1682 3220 1749 φωνῆς,
3256 1678 3531 1748 μηδεμίαθ

1955 1771 2197 1841 μηχανὴν
2232 1768 2643 1839 ἐξευρισκοὺσης
2681 1769 2807 1840 περὶ
2839 1769 2937 1841 τὴν
2975 1770 3081 1821 τῶν
3128 1769 3530 1838 ἁνεκφωνήτων

1954 1863 2262 1933 σαφήνειαν.
2295 1860 2535 1931 υὺρανὸν
2563 1859 2799 1929 ὁρῶμεν,
2837 1860 2934 1922 τὰς
2967 1859 3074 1912 τῶν
3106 1861 3403 1929 φωστήρων
3432 1860 3531 1910 αἱ,-

1951 1952 2052 2020 γὰς
2085 1954 2147 2021 τῇ
2194 1951 2441 2020 αἰσθήσει
2486 1950 2773 2019 δεχόμεθα,
2820 1951 2921 2018 γῆς
2966 1949 3397 2021 ὲπιὸεὸήκαμεν,
3435 1950 3530 2001 τὸν

1950 2042 2091 2113 ἀέρα
2123 2040 2198 2111 τῷ
2232 2042 2457 2111 στόματι
2487 2040 2739 2110 ἕλκομεν,
2771 2041 2921 2092 ὕδατι
2966 2039 3101 2110 πρὸς
3137 2040 3197 2093 τὸ
3240 2038 3427 2091 δοκοῦν
3457 2040 3529 2109 τῇ

1952 2132 2105 2201 φύσει
2142 2131 2476 2202 κεχρήμεθα,
2519 2132 2579 2184 τὸ
2612 2130 2721 2202 πῦρ
2755 2132 2834 2193 εἰς
2879 2130 3164 2183 κοινωνίαν
3197 2129 3311 2197 βίον
3344 2144 3526 2195 παρα-

1915 2210 2233 2293 δεχόμεθα,
2276 2223 2377 2276 κᾶν
2412 2240 2464 2274 τι
2494 2224 2621 2293 περὶ
2658 2223 2860 2275 τούτων
2903 2222 3150 2291 ἐννοῆσαι
3181 2220 3526 2289 θελήσωμεν,

1950 2316 2003 2367 τί
2031 2314 2137 2366 τῶν
2174 2313 2513 2382 φαινομένων
2562 2314 2792 2367 ἕκαστον
2837 2306 3043 2380 πέφυκε
3087 2310 3163 2379 τῷ
3205 2311 3304 2378 τῆς
3334 2310 3528 2372 οὐσίας

1949 2406 2109 2476 λόγῳ,
2129 2405 2288 2457 πόθεν
2310 2406 2342 2476 ἢ
2368 2407 2514 2467 ὅπως
2531 2406 2627 2475 τὴν
2651 2403 2944 2459 ὑπόστασιν
2962 2403 3139 2472 ἔσχεν,
3158 2404 3217 2456 οὑ
3235 2403 3526 2472 δυνήσεται

1949 2498 2087 2568 ἀνὴρ
2114 2496 2206 2550 τοῦ
2252 2496 2480 2565 λαλῆπαι
2516 2512 2527 2524 ·
2576 2495 2677 2549 κᾶν
2716 2494 2855 2564 ὑπὲρ
2885 2496 3009 2556 τοὺς
3036 2492 3225 2555 ἄλλους
3255 2491 3330 2545 ῶν
3358 2492 3524 2565 τύχῃ,

1952 2589 2131 2659 πάσης
2159 2586 2569 2656 καταληπτικῆς
2597 2588 2903 2655 ἐπιστήμης
2928 2584 3063 2653 πρὸς
3086 2584 3182 2652 τὴν
3214 2582 3320 2635 τῶν
3347 2584 3529 2651 ἀνεφί-

1951 2696 2093 2733 κτων
2134 2677 2483 2748 ὲξαγόρευσιν
2526 2677 2841 2746 ὰτονοὺσης.
2888 2676 2951 2728 Εἰ
2995 2674 3052 2727 δὲ
3093 2678 3121 2727 ό
3153 2676 3283 2745 περὶ⁷
3318 2674 3526 2727 τούτων

1950 2770 2103 2837 λόγος
2133 2771 2297 2823 κόπον
2337 2767 2449 2840 ἔχει
2494 2767 2888 2839 ὑπερϐαίνοντα
2930 2768 3029 2837 τὴν
3054 2766 3399 2837 ἀνθρωπείαν
3427 2767 3525 2819 τοῦ

1950 2859 2127 2911 λαλεῖν
2154 2858 2377 2929 δύναμίν
2404 2875 2463 2911 τε
2492 2860 2586 2913 καὶ
2611 2858 2792 2927 φύσιν,
2825 2858 2876 2910 τί
2910 2855 2973 2911 ἄν
3002 2874 3085 2920 τις
3121 2858 3266 2912 εἴποι
3294 2858 3529 2927 πάσχειν

274 2943 365 3010 qui
416 2942 484 2996 de
522 2943 604 2997 his
634 2952 717 2997 est
760 2960 960 3007 sermo.
1017 2945 1178 3001 habet
1218 2947 1480 3011 laborem,
1525 2951 1615 3019 qui
1651 2950 1836 3004 huma-

2001 2951 2069 3013 ιὺς
2100 2952 2221 3020 περ’.
2246 2946 2409 3001 αὑτοῦ
2443 2948 2536 3000 τοῦ
2567 2948 2739 3015 Λόγου
2764 2946 2973 3013 λόγους,
3008 2947 3042 3015 ἦ
3075 2944 3169 2998 τοῦ
3195 2946 3409 3016 Πατρός
3431 2946 3527 2998 τοῦ

275 3047 400 3085 nam
437 3034 693 3103 loquendi
719 3038 823 3088 vim
852 3044 905 3089 et
936 3046 1186 3090 naturam
1218 3051 1457 3109 superat,
1479 3042 1606 3110 quid
1625 3042 1845 3098 evenire

275 3125 610 3178 censendum
647 3135 729 3179 cst
762 3129 827 3181 iis
863 3129 953 3196 qui
986 3128 1051 3182 de
1100 3131 1217 3197 ipso
1240 3129 1415 3186 Verbo
1460 3143 1590 3186 sunt
1636 3150 1842 3188 sermo-

276 3216 458 3277 nibus,
497 3226 588 3270 aut
618 3218 683 3270 de
714 3217 875 3273 Patre
906 3218 1102 3275 Verbi?
1136 3221 1350 3287 Quaevis
1382 3236 1528 3278 Certe
1560 3234 1843 3294 quantum-

276 3309 359 3362 vis
391 3308 640 3362 sublimis
678 3311 874 3376 oratio,
905 3321 955 3365 et
989 3327 1088 3365 vox
1123 3317 1477 3380 quantumvis
1525 3326 1843 3385 magna,cst

275 3396 583 3450 obscuritas
616 3398 861 3466 qumdam
892 3407 944 3453 et
976 3402 1277 3464 silentium,
1309 3404 1351 3458 si
1396 3403 1461 3456 ad
1500 3420 1680 3459 veram
1724 3407 1843 3475 ejus

278 3491 424 3558 quod
460 3494 744 3559 qua-rit.:r.
775 3493 1049 3562 iudicetur
1089 3494 1567 3564 significationem,
1616 3496 1750 3551 adeo
1780 3515 1837 3560 ut

277 3584 378 3637 hoc
415 3584 587 3638 solum
626 3589 846 3637 verbum
882 3585 947 3639 de
968 3601 1032 3640 eo
1065 3587 1281 3656 pr0prie
1313 3587 1418 3640 dici
1467 3589 1660 3658 possit,
1694 3588 1841 3658 quod

274 3676 379 3730 etsi
401 3691 588 3731 omnes
626 3685 949 3732 moveantur
995 3678 1375 3745 Cogitationes,
1420 3687 1471 3730 ct
1504 3657 1636 3733 nihil
1683 3679 1844 3731 omit-

273 3775 422 3822 tatur
458 3783 524 3822 ex
562 3770 627 3823 iis
664 3786 784 3839 qua:
820 3768 985 3824 Deum
1034 3771 1227 3824 decent
1280 3771 1477 3824 mentis
1528 3771 1844 3840 conceptio-

274 3860 460 3924 nibus,
494 3862 538 3913 si
574 3877 674 3914 vox
705 3862 1072 3931 perpendatur
1110 3863 1175 3915 ad
1210 3864 1381 3931 ipsam
1422 3863 1541 3929 ejus
1564 3863 1713 3933 quod
1761 3873 1846 3919 est

276 3954 616 4022 propositum
652 3954 999 4023 dignitatem,
1054 3955 1104 4008 id
1162 3955 1309 4023 quod
1363 3955 1560 4010 dixerit
1604 3973 1711 4011 non
1760 3966 1845 4012 est

275 4059 476 4098 sermo.
512 4041 627 4096 Non
659 4044 804 4099 enim
866 4046 1063 4114 poterit
1122 4047 1284 4100 homo
1324 4047 1493 4115 loqui.
1540 4047 1659 4102 Non
1696 4049 1843 4103 enim

272 4150 392 4190 eam
442 4152 562 4205 qua:
622 4152 715 4205 per
773 4140 964 4192 oculos
1022 4138 1220 4193 animae
1272 4140 1435 4205 inest,
1496 4141 1550 4195 in
1585 4157 1651 4195 eo
1700 4142 1842 4212 quod

273 4227 524 4283 cernitur
554 4230 1076 4299 contemplationem
1099 4231 1249 4285 sistit
1280 4230 1455 4293 visus,
1497 4233 1592 4286 sed
1624 4248 1842 4304 semper
1870 4292 1874 4299 _

1947 3041 2121 3108 Λόγου
2149 3060 2162 3107 ;
2208 3037 2387 3092 Ἶιπου
2422 3040 2571 3092 πᾶσα
2602 3039 2873 3109 ὑψηγορία
2905 3055 2965 3091 τε
3010 3039 3102 3092 καὶ
3145 3038 3529 3113 μεγαλοφωνία

1949 3135 2185 3201 ἀσάφεια
2217 3133 2300 3197 τίς
2330 3132 2445 3184 ἐστι
2479 3133 2571 3184 καὶ
2596 3131 2795 3201 σιωπὴ,
2824 3133 2872 3183 εί
2918 3131 3051 3201 πρὸς
3091 3129 3189 3199 τὴν
3223 3129 3402 3199 άληθῆ
3430 3129 3525 3183 τοῦ

1948 3225 2274 3295 ζητουμένου
2321 3223 2596 3293 σημασίαν
2638 3222 2893 3293 κρίνοιτο,
2928 3223 3001 3285 ὡς
3034 3221 3192 3274 τοῦτο
3234 3220 3394 3291 μόνον
3436 3221 3525 3277 ἐπ’

1946 3317 2107 3370 αὑτοῦ
2138 3317 2197 3369 τὸ
2231 3312 2381 3387 ῥῆμα
2407 3315 2609 3385 κυρίως
2640 3317 2834 3378 εἰπεῖν,
2861 3317 2943 3368 ὅτι
2968 3312 3069 3367 κᾶν
3097 3314 3303 3376 πάντας
3326 3313 3527 3383 κινήσῃ

1944 3427 2027 3469 τις
2071 3409 2361 3479 λογισμοὺς
2388 3448 2402 3470 ,
2447 3408 2550 3461 καὶί
2577 3408 2745 3478 μηδὲν
2789 3408 3010 3480 ἐλλείπῃ
3060 3408 3168 3461 τῶν
3205 3407 3527 3480 θεοπρεπῶν

1945 3501 2260 3568 νυηιοὰκυν⁹
2298 3501 2345 3552 εί
2366 3499 2498 3570 πρὸς
2526 3500 2692 3573 αὑτὴν
2720 3502 2817 3572 τὴν
2846 3501 3002 3569 ἀξίαν
3035 3500 3126 3554 τοῦ
3159 3500 3524 3572 προκειμένου

1946 3592 2181 3663 κρίνοιτο
2210 3595 2241 3662 ή
2276 3593 2446 3664 φωνὴ,
2477 3594 2614 3662 ὅπερ
2649 3593 2714 3647 ἂν
2743 3593 2905 3657 εἴποι,
2938 3594 3090 3662 λόγος
3113 3594 3215 3645 οὑκ
3246 3593 3412 3646 ἔστιν.
3445 3594 3526 3646 Οὑ

1944 3683 2051 3755 γὰρ
2080 3682 2365 3753 δυνήσεται
2408 3682 2689 3754 ἄνθρωπος
2719 3683 2812 3735 τοῦ
2842 3682 3034 3739 λαλεῖν.
3085 3686 3161 3736 Οὑ
3189 3683 3301 3752 γὰρ
3324 3683 3423 3753 τὴν
3453 3682 3525 3735 δι’

1945 3776 2235 3845 ὀφθαλμῶν
2280 3776 2632 3846 ἐγγινομένην
2663 3778 2728 3846 τῇ
2779 3775 2921 3845 ψυχῇ
2957 3776 3083 3845 περὶ
3114 3776 3175 3828 τὸ
3204 3775 3527 3845 φαινόμενον

1946 3868 2174 3940 θεωρίαν
2199 3871 2232 3937 ἡ
2264 3868 2384 3936 lida;
2414 3867 2658 3938 ἔστησεν,
2703 3866 2840 3922 ἀλλὰ
2871 3867 2957 3920 ἀεὶ
2990 3866 3277 3937 βλέποντες
3303 3866 3379 3930 ὡς
3412 3882 3524 3935 μη-

1944 3961 2090 4014 δέπω
2126 3960 2428 4028 ἑωρακότες
2459 3954 2625 4023 ὦσιν,
2672 3957 2751 4012 ἔτι
2782 3960 2840 4013 ὲν
2873 3959 3064 4029 ἀγνοίᾳ
3092 3959 3153 4012 τὸ
3185 3958 3274 4011 διὰ
3304 3959 3403 4027 τῆς
3436 3960 3517 4012 αἱν

1948 4054 2189 4123 σθήσεως
2214 4051 2615 4124 λαμϐανόμενον
2646 4052 2858 4123 ἔχομεν.
2892 4052 3151 4122 Διαὸῆναι
3178 4052 3237 4106 τὸ
3263 4051 3459 4121 χρῶμα
3482 4051 3521 4109 ἡ

1945 4143 2065 4211 ὕψις
2085 4143 2144 4195 οὑ
2167 4140 2418 4196 δύναται·
2447 4141 2561 4195 ἀλλ’
2588 4141 2700 4211 ἔχει
2726 4142 2924 4212 μέτρον
2944 4141 3043 4211 τῆς
3077 4141 3209 4204 ιδίας
3238 4141 3522 4212 ἐνεργείας

1946 4234 2006 4287 τὸ
2036 4234 2176 4286 κατὰ
2209 4234 2304 4304 τὴν
2353 4233 2672 4302 ἐπιφάνειαν
2712 4233 2819 4286 τῶν
2862 4233 3030 4287 όντων
3055 4235 3192 4303 αὑτῇ
3227 4232 3525 4305 προφαινό-

273 4319 625 4389 aspicientes,
680 4320 907 4390 perinde
966 4335 1030 4375 ac
1072 4323 1116 4377 si
1171 4324 1413 4377 nomium
1493 4323 1836 4391 vidissemus,

2001 4342 2125 4377 ενον.
2160 4301 2623 4393 Διόνφησινᾴοὺκ
2652 4323 3095 4394 ἐμπλησθήσεται
3426 4323 3523 4376 τοῦ

273 4413 453 4467 adhuc
485 4413 539 4466 in
566 4413 911 4484 ignoratione
948 4414 1213 4469 habemus
1252 4415 1303 4470 id
1339 4417 1482 4487 quod
1517 4433 1683 4473 sensu
1722 4433 1844 4488 per-

272 4506 496 4575 cipitur.
527 4502 664 4558 Nam
699 4507 940 4560 colorem
965 4522 1071 4561 non
1110 4517 1288 4577 potest
1319 4510 1472 4565 visus
1509 4510 1839 4579 pervadere:

273 4600 369 4654 sed
402 4596 621 4652 modum
652 4598 853 4667 accipit
882 4614 991 4654 sua:
1020 4601 1358 4669 operationis
1391 4617 1458 4655 ex
1493 4616 1558 4656 eo
1577 4600 1721 4671 quod
1751 4617 1846 4672 ap-

272 4701 426 4763 paret
455 4690 511 4747 in
541 4705 728 4751 eorum
765 4705 885 4760 quae
930 4702 1058 4746 sunt
1105 4693 1421 4762 superficie.
1470 4691 1842 4758 Quamobrem

270 4787 402 4839 dicit
434 4804 446 4839 :
484 4781 643 4838 «Non
672 4783 967 4839 satiabitur
990 4785 1185 4839 oculus
1230 4786 1371 4847 visu,
1415 4800 1516 4840 nec
1553 4786 1704 4839 auris
1741 4800 1839 4839 an-

268 4876 383 4930 ditu
422 4872 735 4946 implebitur
770 4891 783 4928 :
814 4876 923 4934 uvis
944 4873 1200 4927 audiendi
1245 4873 1555 4943 suscipiens
1602 4874 1653 4927 id
1692 4873 1839 4944 quod

1945 4416 2109 4486 όρᾷν,
2162 4416 2254 4467 καὶ
2300 4415 2360 4468 οὑ
2410 4414 2823 4485 πληρωθήσεται
2870 4412 2963 4478 οὖς
3012 4415 3121 4469 ἀπὸ
3144 4417 3515 4490 ἀκροάσεωςί
3559 4463 3566 4468 .

1944 4507 2243 4577 ἀκουστικὴ
2264 4506 2490 4576 δύναμις
2522 4506 2784 4576 δεχομένη
2811 4508 2903 4559 τὸν
2933 4507 3061 4577 περὶ
3085 4506 3317 4558 ἑκάστου
3341 4505 3525 4575 λόγον,

1948 4599 2282 4670 πληροῦσθαι
2312 4598 2473 4667 φύσιν
2498 4599 2597 4651 οὑκ
2642 4598 2775 4668 ἔχει.
2808 4598 2998 4662 Οὐδεὶς
3027 4598 3133 4668 γὰρ
3164 4597 3525 4668 εὑρεθήσεται

1947 4690 2119 4760 λόγος’
2143 4693 2170 4742 ό
2216 4690 2594 4760 διαλαμϐάνων
2626 4690 2692 4743 δι’
2726 4684 3007 4760 ἀκριόείας
3042 4692 3098 4742 ὲν
3132 4688 3309 4759 ἑαυτῷ
3337 4690 3399 4742 τὸ
3426 4689 3527 4759 ζη-

1944 4780 2224 4850 τούμενον.
2273 4780 2395 4842 Πῶς
2430 4776 2523 4833 οὖν
2555 4780 2924 4849 πλησθήσεται
2956 4778 3092 4850 ἀκοὴ
3120 4780 3220 4850 τῆς
3253 4781 3381 4849 περὶ
3413 4779 3525 4834 τῶν

1946 4872 2289 4943 ζητουμένων
2330 4872 2664 4944 ἀκροάσεως,
2696 4871 2789 4926 τοῦ
2836 4871 3163 4942 πληροῦντος
3191 4872 3292 4924 οὐκ
3327 4871 3523 4937 δντος;

266 4974 335 5028 tle
364 4985 691 5042 unoquoque
718 4968 941 5033 dicitur,
976 4983 1005 5021 a
1039 4977 1235 5022 natura
1271 4984 1379 5023 non
1411 4970 1571 5023 habet
1608 4976 1664 5023 ut
1693 4968 2001 5038 impleatur.
2075 4969 2227 5022 Nulla
2260 4968 2405 5021 enim
2442 4968 2749 5023 invenietur
2781 4967 2981 5031 oratio,
3004 4982 3125 5036 quae
3167 4967 3311 5036 quod
3367 4982 3526 5037 qum-

269 5067 406 5119 ritur
432 5066 488 5119 in
525 5079 585 5120 se
616 5062 857 5132 perfecte
897 5060 1842 5130 comprehendat.Quemadmodum
1880 5076 2014 5132 ergo
2079 5061 2396 5129 implebitur
2439 5059 2589 5115 auris
2661 5057 2940 5115 auditione
2980 5073 3170 5112 eorum
3207 5073 3330 5127 quae
3380 5074 3534 5129 quae-
3562 5086 3588 5106 ε

268 5167 491 5222 runtur,
512 5171 637 5212 cum
666 5170 778 5210 non
807 5154 879 5213 sit
911 5153 1057 5226 quod
1091 5153 1347 5224 impleat?

342 5251 546 5307 Deinde
578 5259 872 5322 postquam
905 5250 1019 5305 haec
1051 5249 1209 5314 dixit,
1239 5250 1357 5320 ipse
1392 5250 1631 5320 seipsum
1668 5250 1835 5303 inter-

270 5349 451 5411 rogat,
497 5352 551 5397 et
596 5342 703 5398 sibi
756 5343 1071 5413 respondet.
1128 5342 1260 5396 Nam
1317 5357 1442 5396 cum
1491 5342 1836 5412 rogavisset:

277 5451 296 5489 ι
318 5431 457 5500 Quid
488 5441 574 5488 est
597 5434 745 5503 quod
776 5434 923 5491 fuit?
964 5433 1041 5500 ld,
1064 5452 1083 5487 ι
1116 5434 1315 5509 inquit,
1360 5455 1377 5485 ι
1400 5433 1545 5506 quod
1592 5432 1839 5488 futurum

341 5589 389 5627 “
424 5588 708 5648 l'l'imoth.
744 5607 803 5660 ιι,
833 5593 886 5649 6.

2032 5241 2162 5298 Εἶτα
2211 5243 2348 5314 μετὰ
2386 5244 2511 5305 τοὺς
2554 5241 2743 5310 λόγους
2786 5212 3020 5302 1τούτους
3046 5280 3060 5301 ,
3115 5238 3277 5301 αὑτὸς
3326 5239 3525 5294 ἑαυτὸν

1947 5339 2143 5409 ἐρωτᾷ,
2161 5337 2255 5389 καὶ
2272 5334 2448 5404 ἐαυτῷ
2464 5333 2836 5411 ἀποκρίνεταιτ
2868 5332 3074 5402 Ἐρωτή
3083 5348 3177 5393 σας
3192 5330 3320 5401 γὰρ,
3350 5350 3369 5383 ι
3381 5332 3450 5384 Τί
3465 5332 3524 5385 τὸ

1946 5428 2198 5500 γεγονό;;
2228 5425 2388 5490 Axi-:2),
2417 5445 2435 5477 ι
2468 5427 2617 5495 φησὶ,
2648 5444 2666 5475 ι
2689 5424 2749 5478 τὸ
2764 5420 3195 5492 γενηθησόμενον
3215 5446 3231 5462 ο
3280 5424 3381 5477 καὶ
3395 5423 3530 5479 τιτι
