3766 5986
172 249 281 308 633
833 296 853 303 -
1060 256 1090 269 δ

1275 259 1339 313 IN
1380 242 1906 316 ECCLE‘SI’ASTEN.
1949 258 2231 317 nonsz
2271 262 2313 317 ι.

3305 265 3414 322 63!

174 366 579 435 πεποιημένον;
608 386 627 420 ι
647 369 814 434 Αὐτὸ,
834 335 1029 443 ›.φησί,
1047 392 1065 424 ι
1090 373 1150 428 τὸ
1175 375 1616 446 ποιηθησόμενον.
1641 396 1660 428 ι
1688 377 1724 428 Τ

1855 385 1972 443 est;
2004 378 2210 447 etquid
2246 388 2332 433 cst
2379 376 2525 447 quod
2562 375 2771 431 factum
2816 377 2941 432 est?
2979 374 3245 447 ldipsum,
3268 395 3285 427 ι
3339 375 3422 430 in-

171 451 269 508 οὖν
296 454 544 526 βούλεται
567 460 626 512 τὸ
645 460 934 534 ἐρώτημας
966 464 1058 532 Ἐξ
1086 465 1405 529 ἀκολουθίας
1435 466 1591 536 ήμῶν
1613 467 1749 537 πρὸς

172 546 340 599 αὑτὸν
383 549 477 618 ἀφ’
518 541 595 603 ὧν
629 553 1067 626 μεμαθήκαμεν,
1119 557 1493 638 ἁντιτιθέντων
1536 560 1629 612 καὶ
1663 559 1750 612 λε-

172 637 382 706 γόντων
408 657 421 668 ·
451 639 518 697 Εἰ
557 642 731 699 ταῦτα
775 647 949 700 πάντα
982 649 1298 719 ματαιότης,
1344 650 1583 719 δηλονότι
1625 650 1747 705 οὒτε

171 727 401 795 γέγονεν
444 729 503 782 ἓν
550 750 602 785 τι
641 732 844 787 τούτων
871 734 909 789 ἃ.
935 737 1032 806 οὐχ
1062 737 1354 808 ὑφέστηκε.
1397 739 1470 791 Τὸ
1498 738 1607 810 γὰρ
1641 740 1747 810 μά-

169 835 326 872 ταιον
358 821 576 886 πάντως
615 825 979 896 ἀνύπαρκτον.
1035 829 1107 882 Τὸ
1150 829 1205 883 δὲ
1249 830 1614 901 ἀνύπαρκτον,
1648 832 1747 886 οὐκ

170 909 241 963 ἄν
264 915 365 974 ’τις
398 913 456 965 ὲν
501 916 613 978 τοῖς
639 917 881 985 γεγονόσι
914 919 1201 988 λογίσαιτο.
1244 923 1306 974 Εἰ
1342 923 1405 994 δὴ
1449 923 1616 977 ταῦτα
1648 926 1748 978 οὐκ

170 1001 345 1066 ἔστιν,
395 1005 514 1058 εἰπὲ
548 1006 598 1058 τί
639 1008 754 1062 ἐστι
791 1009 853 1063 τὸ
885 1011 1191 1081 γενόμενον,
1221 1013 1254 1083 ἢ
1287 1017 1345 1067 ὲν
1377 1014 1454 1085 τῷ
1482 1010 1618 1068 εἶναι
1648 1015 1747 1084 μὲ-

169 1108 274 1145 νει.
320 1093 586 1166 Σύντομος
616 1095 711 1150 οὖν
742 1099 892 1169 αὐτῷ
935 1100 1069 1170 πρὸς
1116 1102 1174 1153 τὸ
1219 1103 1490 1173 ἐρωτηθὲν
1534 1107 1567 1174 ή
1612 1096 1746 1159 ἁπό-

169 1176 357 1252 κρισις
380 1202 394 1215 ·
418 1180 609 1240 Βούλει
634 1186 833 1256 γνῶναι
860 1189 912 1241 τί
938 1190 1053 1241 ἐστι
1079 1190 1139 1245 τὸ
1166 1192 1483 1262 γενόμενονς
1534 1194 1741 1263 Νόησον

167 1275 226 1327 τί
252 1278 370 1329 ἐστι
398 1276 457 1331 τὸ
482 1279 755 1349 ἐσόμενον,
787 1281 880 1333 καὶ
922 1280 1200 1352 ὲπιγνὼσῃ
1242 1282 1270 1334 ὃ
1314 1282 1524 1353 γέγονε.
1576 1284 1747 1337 Τοῦτο

168 1367 231 1419 δέ
260 1370 376 1420 ἐστι
404 1368 487 1434 τὸ,
507 1370 718 1440 Νόησόν
746 1390 856 1443 μοι,
883 1366 928 1426 ὧ
950 1373 1223 1447 ἄνθρωπε,
1247 1371 1357 1438 οἷος
1402 1376 1607 1447 γενήσῃ
1654 1376 1742 1440 διὰ

168 1459 274 1528 τῆς
305 1460 503 1530 ἀρετῆς
534 1463 722 1517 ἑαυτὸν
767 1464 1008 1534 ύψὼσας,
1041 1468 1089 1519 εἰ
1132 1468 1271 1520 κατὰ
1305 1466 1480 1521 πάντα
1515 1467 1601 1521 διὰ
1634 1469 1743 1522 τῶν

170 1549 396 1615 ἀγαθῶν
424 1557 785 1624 χαρακτήρων
813 1556 910 1625 τὴν
938 1556 1115 1627 ψυχὴν
1150 1557 1512 1629 μορφωθείης,
1548 1561 1595 1612 εἰ
1640 1558 1743 1622 ἔξω

169 1642 354 1708 γένοιο
383 1642 489 1695 τῶν
518 1645 613 1712 τῆς
643 1646 838 1710 κακίας
870 1648 1117 1719 κηλίδων,
1149 1651 1196 1715 εἰ
1225 1651 1402 1705 πάντα
1433 1650 1603 1721 ῥύπον
1636 1651 1742 1704 τῶν

1829 463 1990 538 ἠοίι,
2027 489 2046 520 ι
2073 470 2220 539 quod
2262 469 2576 523 faciendum
2606 476 2709 524 est.
2734 486 2755 520 ι
2801 467 2943 534 Quid
2982 481 3113 538 ergo
3145 468 3251 522 sibi
3307 465 3421 520 vult
3494 516 3499 525 ηπ

1852 560 1966 614 haec
1996 560 2391 631 interrogatio?
2419 559 2555 614 Cum
2580 574 2682 614 nos
2714 575 2781 615 ex
2821 559 3218 627 consequentia
3259 574 3323 612 ex
3352 557 3420 611 iis

1847 644 2313 721 quae-didicimus
2355 652 2405 707 ei
2457 636 2829 722 objiceremlus
2873 660 2927 705 et
2977 650 3289 704 diceremus
3317 661 3330 697 :
3357 643 3417 702 Si

1847 745 1962 798 haec
1983 743 2165 796 omnia
2193 751 2322 797 sunt
2345 743 2578 806 vanitas,
2597 743 2943 812 perspicuum
2968 750 3049 796 est
3080 741 3223 810 quod
3242 754 3419 807 neque

1847 835 1949 888 fuit
1979 834 2277 903 quidquam
2323 849 2390 888 ex
2434 834 2504 890 iis
2534 849 2654 903 qua:
2707 849 2815 887 non
2858 834 3247 888 constiterunt.
3281 830 3415 885 Nam

1846 926 1990 994 quod
2026 940 2224 979 vanum
2272 932 2377 989 est,
2426 927 2649 979 omnino
2706 941 2813 978 non
2865 932 3044 993 potest
3084 923 3415 978 consistere.

1846 1012 2000 1077 Quod
2033 1022 2216 1066 autem
2265 1027 2371 1067 nou
2435 1023 2613 1083 potest
2653 1012 2978 1076 cmsistere,
3040 1027 3200 1066 nemo
3249 1011 3302 1065 in
3347 1012 3416 1066 iis

1844 1119 1966 1172 quac
1991 1104 2212 1158 luerunt
2244 1106 2602 1172 rcputaverit.
2634 1105 2730 1158 Sin
2766 1112 2947 1159 autem
2979 1105 3092 1158 haec
3122 1119 3232 1157 non
3263 1112 3413 1165 sunt,

1844 1195 1932 1248 dic
1962 1194 2094 1265 quid
2131 1196 2202 1249 sit
2231 1196 2374 1264 quod
2401 1196 2520 1259 fuit,
2554 1205 2649 1250 aut
2698 1195 3154 1265 quemadmodum
3199 1202 3416 1249 maneat

1845 1286 1899 1339 iu
1929 1287 2193 1341 essentia.
2221 1287 2302 1339 Ad
2334 1297 2583 1356 rogatum
2608 1302 2739 1356 ergo
2771 1287 2956 1342 brevis
2980 1294 3066 1340 est
3100 1285 3148 1339 ei
3183 1299 3414 1352 respon-

1844 1378 1927 1431 sio
1966 1374 2098 1430 :Vis
2121 1378 2263 1431 scire
2284 1377 2417 1446 quid
2455 1379 2528 1432 sit
2576 1378 2722 1447 quod
2757 1378 2878 1438 fuit,
2929 1377 3108 1446 cogita
3154 1376 3285 1444 quid
3336 1377 3416 1429 sit

1841 1468 1986 1536 quod
2017 1476 2102 1521 est
2125 1465 2395 1531 futurum,
2426 1475 2480 1521 et
2512 1482 2815 1536 cognosces
2849 1465 2902 1520 id
2933 1466 3082 1535 quod
3125 1464 3246 1519 fuit.
3301 1463 3415 1519 lloc

1843 1565 2022 1613 autem
2052 1564 2136 1613 est
2174 1575 2189 1611 :
2221 1556 2494 1628 Cogita,‘o
2525 1562 2708 1621 hctuo,
2739 1558 2920 1627 qualis
2954 1557 3174 1612 futurus
3195 1558 3293 1614 sis.
3313 1554 3408 1626 qui

1844 1657 1895 1701 te
1927 1662 2022 1719 per
2052 1648 2309 1703 virtutem
2335 1649 2390 1702 in
2425 1649 2593 1702 altum
2633 1649 2900 1711 extulisti,
2965 1648 3011 1702 si
3058 1649 3111 1701 in
3154 1649 3411 1702 omnibus

170 1733 376 1786 ὖλικῶν
400 1735 757 1806 μολυσμάτων
776 1739 874 1808 τῆς
895 1741 1087 1795 ἑαυτοῦ
1116 1742 1327 1827 φύσεως
1355 1743 1718 1807 ἀποκλύσειας

1855 1738 2081 1791 animam
2136 1738 2464 1793 formaveris
2526 1738 2687 1793 bonis
2742 1736 3177 1801 characteribus,
3238 1737 3286 1790 si
3344 1736 3414 1789 ab

166 1823 221 1876 τί
271 1827 475 1897 γενήσῃ
519 1826 609 1880 διὰ
639 1829 747 1881 τῶν
776 1829 1029 1884 τοιούτων
1065 1823 1531 1899 καλλωπιζόμενος
1556 1871 1571 1896 ,
1622 1834 1742 1886 οἵαν

167 1917 386 1987 σεαυτῷ
439 1919 754 1989 περιθήσεις
819 1923 1058 1993 μορφήν.
1120 1924 1244 1977 Ἐὰν
1293 1925 1448 1977 τοῦτο
1499 1924 1740 1995 λογισμῷ

166 2009 530 2080 κατανοήσῃς,
553 2010 830 2080 ἐδιδάχθης
856 2012 917 2064 τὸ
942 2014 999 2064 ὲν
1027 2016 1138 2075 τοῖς
1167 2014 1404 2084 πρώτοις
1428 2015 1738 2084 γενόμενον,

163 2100 231 2151 τὰ
256 2099 376 2151 κατ’
409 2100 591 2153 εἰκόνα
631 2101 763 2155 Θεοῦ
799 2105 889 2156 καὶ
918 2102 1194 2173 ὁμοίωσιν.
1244 2106 1352 2158 Καὶ
1399 2105 1501 2158 ποῦ
1551 2106 1643 2159 νῦν
1683 2109 1737 2160 ὲ-

162 2189 316 2242 κεῖνό
348 2193 516 2256 ἐστιν,
694 2192 829 2261 πρὸς
846 2193 1021 2247 ταῦτα
1048 2195 1382 2258 διδάσκοντα,
1420 2196 1449 2248 ὃ
1491 2213 1620 2249 ποτε
1650 2197 1741 2264 γέ-

162 2293 290 2345 γονε
321 2316 337 2340 ,
383 2279 479 2333 καὶ
523 2281 603 2342 εἰς
651 2281 872 2349 ὕστερον
919 2279 1071 2347 αὖθις
1106 2284 1401 2349 ὲλπίζεται,
1434 2285 1528 2340 νῦν
1554 2286 1610 2339 δὲ
1640 2288 1739 2340 οὐκ

162 2368 347 2433 ἔστινς
413 2368 550 2421 ⁹Δλλ’
593 2367 942 2441 ἀποκρίνεται
976 2373 1192 2437 πάντως
1238 2373 1328 2427 τὸν
1375 2374 1537 2427 αὐτὸν
1581 2374 1739 2441 λόγον

163 2458 301 2528 ήμῖν
327 2460 356 2510 ό
382 2458 449 2512 τὰ
477 2458 654 2529 ὑψηλὰ
684 2460 969 2527 παιδεύων,
996 2462 1076 2515 ὅτι
1105 2462 1189 2515 διὰ
1218 2463 1375 2518 τοῦτο
1403 2463 1470 2518 τὰ
1495 2465 1739 2535 παρόντα

167 2550 466 2621 ματαιότης
491 2550 823 2622 ὠνόμασται,
859 2552 991 2607 διότι
1019 2556 1199 2607 ἐκεῖνα
1242 2558 1300 2608 ἐν
1331 2557 1442 2618 τοῖς
1471 2557 1737 2628 παροῦσιν

160 2640 268 2692 οὐκ
313 2639 448 2694 ἔστι.
499 2643 608 2695 Καὶ
651 2641 723 2708 τί,
758 2644 922 2715 φησι,
964 2645 1024 2698 τὸ
1058 2646 1455 2717 πεποιημένον;
1496 2647 1638 2701 Αὐτὸ
1676 2648 1738 2702 τὸ

161 2731 611 2802 ποιηθησόμενον.
668 2735 873 2805 Μηδεὶς
914 2737 1022 2790 τῶν
1062 2738 1366 2793 ἀκουόντων
1416 2740 1737 2809 πολυλογίαν

162 2815 405 2886 ἡγείσθω
440 2818 534 2873 καὶ⁸
567 2821 798 2889 ματαίαν
828 2822 953 2876 τινὰ
999 2825 1258 2896 ῥημάτων
1288 2828 1646 2899 ἑπανάληψιν,
1678 2830 1736 2884 ἐν

159 2910 229 2977 τῇ
279 2907 509 2982 διαφορᾷ
562 2910 654 2964 τοῦ
707 2914 989 2982 γεγονότος
1040 2917 1135 2970 καὶ
1193 2916 1286 2970 τοῦ
1345 2920 1732 2997 πεποιημένου.

160 3000 552 3111 Δείκνυσιῢγὰρ
580 3004 645 3111 δι’
676 3006 935 3111 ἑκατέρου
968 3008 1076 3063 τῶν
1102 3010 1363 3081 ῥημάτων
1388 3014 1417 3066 ὁ
1441 3011 1594 3080 λόγος
1635 3014 1735 3085 τὴν
1761 3054 1803 3111 C

161 3091 264 3160 τῆς
312 3091 488 3162 ψυχῆς
539 3093 676 3163 πρὸς
729 3095 827 3166 τὴν
870 3097 1050 3167 σάρκα
1094 3098 1377 3171 διαφοράν.
1428 3101 1653 3169 Γέγονεν
1701 3105 1734 3173 ἡ

159 3180 331 3252 ψυχὴ,
357 3182 450 3235 καὶ
475 3185 537 3236 τὸ
562 3183 720 3254 σῶμα
740 3187 1049 3257 πεποίηται.
1081 3190 1196 3243 Οὐκ
1222 3190 1408 3263 ἐπειδὴ
1428 3191 1556 3246 ἄλλο
1571 3210 1623 3246 τι
1643 3195 1736 3248 καὶ

160 3270 293 3325 ἄλλο
321 3271 573 3341 σημαίνει
616 3274 723 3328 τῶν
756 3277 1016 3348 ῥημάτων
1049 3279 1082 3348 ή
1125 3278 1359 3350 ἔμφασις
1406 3284 1472 3354 τῇ
1505 3282 1734 3355 διαφορᾷ

160 3362 332 3432 ταύτῃ
361 3363 624 3435 κέχρηται
655 3365 763 3421 τῶν
798 3368 1057 3440 ῥημάτων
1094 3371 1179 3440 ἐφ’
1213 3372 1471 3445 ἐκατέρου
1499 3375 1607 3429 τῶν
1633 3392 1730 3447 ση-

164 3455 506 3524 μαινομένων
546 3459 574 3511 ό
607 3457 762 3527 λόγος
784 3476 798 3491 ·
843 3461 957 3515 ἀλλ’
988 3461 1073 3516 ἵνα
1121 3481 1202 3518 σοι
1238 3464 1315 3536 δῷ
1345 3466 1413 3521 τὰ
1450 3467 1734 3539 πρόσφορα

163 3546 291 3615 περὶ
322 3546 585 3618 ἐκατέρου
613 3549 940 3619 λογίζεσθαι,
968 3554 1142 3608 ἐκεῖνο
1162 3557 1282 3609 κατ’
1312 3556 1486 3628 ἀρχὰς
1515 3559 1734 3627 γέγονεν

160 3639 192 3706 ἡ
226 3637 394 3707 ψυχή,
420 3637 449 3691 ὃ
471 3640 549 3703 είς
576 3638 801 3721 ὕστερον
829 3643 1240 3716 καθαρισθεῖσα,
1270 3649 1433 3704 πάλιν
1458 3650 1735 3723 ἀναφανή-

163 3742 338 3781 σεται.
404 3728 608 3783 Ἐκεῖνο
654 3734 948 3805 πεποίηται
990 3740 1109 3801 ταῖς
1154 3741 1310 3810 χερσὶ
1355 3740 1449 3794 τοῦ
1492 3741 1627 3796 Θεοῦ
1672 3742 1733 3796 τὸ

162 3815 323 3886 σῶμα
354 3817 742 3890 πλαττόμενον,
781 3823 810 3876 δ
841 3824 1003 3892 δείξει
1037 3830 1148 3892 τοῖς
1181 3828 1481 3900 καθήκουσι
1520 3831 1730 3902 χρόνοις

160 3908 293 3964 αὐτὸ
310 3911 345 3980 ή
379 3910 691 3976 ἀνάστασις.
735 3915 946 3970 Ὀποτον
969 3919 1078 3989 γὰρ
1102 3920 1189 3974 ἀεὶ
1216 3923 1354 3991 μετὰ
1374 3921 1475 3993 τὴν
1499 3923 1732 3977 ἀνάσταο

162 4016 247 4052 σιν
276 3999 429 4064 ἴδοις,
450 3999 690 4085 τοιοῦτον
713 4005 931 4070 πάντως
961 4010 1108 4080 παρὰ
1130 4009 1226 4082 τήν
1252 4011 1472 4085 πρώτην
1500 4014 1731 4085 πεποίη-

157 4109 270 4145 ται.
331 4092 467 4146 οὐδὲ
500 4082 627 4165 γὰρ
671 4091 802 4150 ἄλλο
847 4098 900 4151 τί
927 4090 1092 4154 Ἔστιν
1134 4104 1167 4172 ή
1216 4082 1530 4169 ὰνάστέσις,
1577 4082 1731 4178 εἰ

159 4183 380 4248 πάντως
408 4187 445 4255 ή
474 4186 555 4248 εἰς
580 4186 641 4238 τὸ
666 4187 887 4259 ἀρχαῖον
915 4191 1376 4258 ἀποκατάστασις.

223 4460 321 4514 Διὸ
347 4460 558 4525 τούτοις
588 4464 782 4530 ἐπάγει
827 4465 920 4517 καὶ
962 4464 1023 4518 τὸ
1066 4466 1359 4519 ἀκόλουθον
1396 4468 1598 4537 λέγων,
1649 4469 1729 4524 ὄτι

154 4549 261 4616 ἔξω
285 4550 381 4603 τοῦ
409 4552 634 4623 ἀρχαίου
665 4554 812 4606 ἐστὶν
841 4553 1012 4607 οὐδέν.
1065 4573 1083 4606 ι
1110 4556 1223 4611 Οὐκ
1253 4556 1370 4609 ἔστι
1396 4556 1549 4627 ογὰρ,
1574 4561 1727 4629 φησί,

164 4643 309 4696 «πᾶν
324 4639 636 4710 πρόσφατον
650 4640 857 4696 ὑπὸτδν
895 4643 1073 4714 ἥλιον
1122 4663 1141 4696 ι
1192 4645 1267 4709 ὡς
1308 4645 1374 4701 ἂν
1413 4647 1462 4698 εἰ
1506 4646 1720 4715 ἔλεγεν,

153 4731 237 4783 ὅτι
262 4730 314 4781 εἰ
347 4729 422 4800 μὴ
462 4728 600 4783 κατὰ
640 4730 701 4783 τὸ
726 4730 950 4801 ἀρχαῖόν
980 4734 1160 4799 ἐστιν,
1204 4735 1358 4789 οὐδέν
1394 4736 1541 4793 ἐστιν
1572 4737 1728 4801 ὅλως,

155 4820 298 4874 ἀλλὰ
340 4819 637 4890 νομίζεται.
693 4821 766 4874 υὺ
797 4821 906 4892 γάρ
932 4823 1080 4887 ἐστι,
1126 4824 1290 4894 φησὶ,
1334 4825 1642 4895 πρόσφατόν
1678 4843 1729 4879 τι

156 4913 264 4967 ὑπὸ
289 4913 382 4967 τὸν
408 4913 578 4984 ἥλιον,
608 4913 748 4977 ὥστε
791 4914 1019 4986 λαλῆσαί
1055 4932 1177 4969 τινα
1216 4917 1310 4970 καὶ
1350 4918 1519 4984 δεῖξαί
1545 4935 1599 4970 τι
1620 4918 1729 4971 τῶν

155 5005 586 5075 ἐπιγινομένων,
637 5006 717 5059 ὅτι
761 5006 943 5059 καινόν
995 5008 1109 5061 ἐστι
1155 5008 1311 5063 τοῦτο
1359 5010 1452 5062 καὶ
1496 5006 1573 5079 τῷ
1617 5008 1730 5061 ὄντι

153 5095 484 5165 ὑφέστηκεν.
536 5094 685 5166 Δῦτη
719 5095 829 5150 τῶν
873 5097 1178 5168 εἰρημένων
1222 5098 1368 5150 ἐστὶν
1415 5100 1448 5169 ή
1497 5098 1724 5154 διάνοια.

164 5189 233 5241 Ἦ
256 5188 317 5241 δὲ
341 5187 484 5253 λέξις
508 5188 694 5242 τοῦτον
721 5188 832 5260 ἔχει
855 5190 945 5259 τὸν
972 5190 1167 5261 τρόπον
1189 5190 1324 5244 ’Καὶ
1350 5191 1449 5243 οὐκ
1474 5190 1589 5244 ἔστι
1622 5191 1728 5245 πᾶν

154 5282 471 5351 πρόσφατον
510 5279 615 5333 ὑπὸ
644 5280 733 5336 τὸν
760 5281 909 5355 ἥλιον
953 5280 1012 5345 ὃς
1046 5280 1267 5352 λαλήσει
1317 5280 1411 5334 καὶ
1453 5281 1588 5351 ἐρεῖ,
1624 5280 1727 5333 Ἴδε

156 5373 321 5428 τοῦτο
347 5373 535 5428 καινόν
563 5374 700 5428 ἔστι.
725 5374 835 5428 Καὶ
860 5371 1258 5442 ἐπαγωνίζεται
1285 5374 1398 5436 τοῖς
1423 5372 1728 5443 εἰρημένοις

153 5464 246 5519 διὰ
278 5463 391 5519 τῶν
419 5463 617 5534 ἐφεξῆς
643 5464 815 5533 λέγων
834 5481 849 5495 ο
895 5482 913 5515 ι
938 5462 1007 5516 Εἴ
1031 5480 1083 5516 τι
1112 5462 1345 5533 ἀληθῶς,
1385 5462 1536 5534 φησὶ,
1571 5461 1729 5530 γέγο-

151 5574 263 5620 νεν,
296 5556 474 5611 ἐκεῖνό
501 5558 673 5619 ἐστιν,
708 5556 737 5609 ὃ
771 5557 828 5609 ὲν
865 5558 975 5617 τοῖς
1019 5555 1208 5608 αἰῶσιν
1241 5555 1455 5624 ἐγένετο
1484 5557 1591 5616 τοῖς
1623 5554 1727 5623 πρὸ

149 5646 329 5720 ήμῶν.
365 5667 386 5702 t
446 5647 663 5720 Ταύτην
702 5648 809 5721 γὰρ
845 5647 1175 5710 ἐνδείκνυται
1206 5647 1302 5721 τὴν
1330 5647 1565 5703 διάνοιαν
1594 5645 1729 5701 αὐτὰ

1841 1830 2096 1885 omnibus
2131 1829 2248 1884 vitii
2279 1830 2520 1884 maculis
2551 1829 2722 1884 fueris
2756 1838 3016 1893 remotus,
3077 1829 3124 1883 si
3161 1830 3413 1881 materia-

1843 1920 1972 1974 lium
2011 1921 2549 1989 inquinamentorum
2590 1920 2782 1974 sordes
2811 1933 2841 1972 a
2881 1925 2977 1974 tua
3027 1925 3222 1972 natura
3257 1919 3412 1973 elue-

1840 2011 1951 2076 ris,
1984 2010 2138 2080 quid,
2161 2011 2406 2081 inquam,
2444 2009 2666 2066 futurus
2699 2010 2831 2074 eris,
2852 2010 2903 2064 'si
2937 2009 3014 2064 sis
3038 2010 3119 2064 sic
3151 2018 3403 2069 ornatus.
3488 2042 3497 2051 -

1839 2113 1892 2157 et
1925 2101 2074 2171 quali
2130 2110 2184 2156 te
2233 2100 2411 2155 l‘orma
2461 2115 2522 2158 es
2570 2101 2884 2156 induturus.
2925 2100 2989 2155 Si
3032 2100 3146 2154 haec
3193 2100 3408 2154 ratione

1840 2193 2343 2262 comprehenderis,
2377 2193 2620 2249 didicisti
2648 2193 2781 2263 quid
2829 2194 2902 2249 sit
2932 2193 2982 2248 id
3019 2193 3166 2262 quod
3213 2191 3315 2263 fuit
3345 2192 3400 2246 in

1838 2280 2052 2348 primis,
2094 2295 2287 2350 nempe
2307 2280 2453 2349 quod
2487 2280 2590 2335 fuit
2621 2281 2688 2336 ad
2718 2280 2811 2336 Dei
2847 2281 3138 2352 imaginem
3159 2290 3212 2335 et
3239 2280 3397 2335 simi-

1838 2373 2144 2429 litudinem.
2170 2372 2237 2427 Et
2266 2374 2359 2429 ubi
2395 2389 2541 2428 nunc
2566 2374 2700 2429 illud
2736 2383 2821 2430 est
2844 2374 3044 2444 (dicam
3083 2374 3132 2429 ei
3164 2375 3254 2443 qui
3298 2373 3411 2428 hac

1838 2465 2017 2533 docet)
2051 2466 2194 2535 quod
2220 2463 2326 2519 fuit
2371 2464 2688 2535 aliquando,
2728 2472 2782 2520 et
2815 2465 2869 2519 in
2894 2471 3172 2534 posterum
3215 2479 3410 2519 rursus

1838 2566 2116 2627 speratur,
2149 2571 2297 2621 nunc
2322 2564 2503 2611 autem
2539 2572 2648 2611 non
2673 2555 2800 2611 est?
2825 2554 2970 2611 Idem
3018 2566 3200 2610 autem
3247 2554 3409 2609 nobis

1837 2646 2152 2717 respondet,
2182 2648 2277 2717 qui
2308 2662 2411 2705 nos
2439 2647 2596 2704 docet
2626 2648 2922 2704 sublimia:
2956 2647 3102 2717 quod
3120 2653 3410 2716 propterea

1836 2739 2129 2808 praesentia
2169 2736 2454 2793 nominata
2499 2747 2631 2795 sunt
2662 2736 2912 2802 vanitas,
2954 2736 3102 2808 quod
3146 2738 3239 2792 illa
3297 2751 3409 2791 non

1837 2840 1966 2902 spnt
1995 2831 2139 2886 inter
2175 2832 2493 2900 praesentia.
2541 2829 2608 2886 Et
2636 2831 2769 2901 quid
2791 2839 2875 2886 est
2902 2829 3049 2901 quod
3079 2829 3280 2884 factum
3301 2825 3412 2883 est?

1838 2923 2017 2992 Ipsum
2053 2921 2200 2991 quod
2246 2921 2558 2978 iaciendum
2601 2928 2705 2977 est.
2762 2920 2936 2977 Nemo
2971 2936 3036 2976 ex
3081 2919 3151 2976 iis
3179 2920 3272 2989 qui
3311 2934 3410 2974 au-

1836 3011 2016 3076 diunt,
2042 3010 2322 3067 existimet
2336 3027 2460 3067 esse
2488 3026 2947 3081 supervacaneam
2963 3018 3018 3064 et
3044 3010 3262 3064 inanem
3288 3024 3412 3062 ver-

1837 3103 2033 3157 borum
2066 3103 2445 3173 repetitionem
2498 3103 2553 3157 in
2588 3101 2898 3158 diﬂ‘erentia
2949 3101 3068 3170 ejus
3118 3099 3267 3171 quod
3307 3100 3412 3154 fuit

1837 3200 1891 3248 et
1919 3193 2067 3263 quod
2109 3193 2316 3249 factum
2361 3201 2468 3249 est.
2501 3192 2605 3248 Per
2650 3201 2945 3263 utrumque
2980 3193 3127 3248 enim
3184 3192 3414 3247 verbum

1836 3282 2079 3338 ostendit
2106 3283 2286 3337 oratio
2312 3283 2508 3337 anima
2556 3297 2587 3336 a
2641 3296 2810 3336 carne
2854 3279 3242 3336 differentiam.
3285 3276 3413 3331 Fuit

1838 3389 1934 3429 seu
1964 3387 2084 3428 orta
2109 3382 2194 3429 est
2218 3374 2425 3437 anima,
2455 3379 2509 3428 et
2538 3387 2741 3442 corpus
2764 3372 2967 3427 factum
2995 3382 3100 3427 εει.
3122 3369 3239 3425 Non
3269 3383 3411 3435 quo-

1837 3464 1985 3517 niam
2012 3462 2159 3517 aliud
2197 3469 2251 3517 et
2284 3462 2433 3517 aliud
2460 3458 2744 3532 ’signiﬁcat
2790 3461 3082 3516 verborum
3125 3458 3413 3527 emphasis

1835 3537 1937 3608 hac
1960 3555 2247 3608 verborum
2278 3555 2447 3608 utitur
2480 3550 2779 3606 diﬂ'erentia
2834 3552 2887 3604 in
2929 3558 3160 3620 utroque
3190 3550 3404 3619 signiﬁ-

1837 3654 1982 3708 cato,
2013 3643 2111 3699 sed
2135 3652 2190 3699 et
2222 3644 2319 3699 tibi
2357 3642 2621 3697 concedat
2649 3656 2713 3696 ea
2751 3656 2872 3710 qua:
2918 3654 3157 3711 congrua
3187 3648 3315 3694 sunt
3342 3639 3413 3694 de

1837 3742 2068 3804 utroque
2100 3734 2409 3798 aestimare;
2468 3733 2525 3785 in
2576 3730 2847 3801 principio
2877 3728 3010 3784 illud
3056 3728 3160 3782 fuit
3203 3727 3412 3791 anima,

1835 3824 1984 3895 quod
2009 3823 2280 3894 posterius
2309 3829 2537 3894 purgata
2566 3836 2762 3879 rursus
2809 3820 3109 3891 apparebit.
3155 3817 3291 3873 illud
3329 3817 3411 3873 fa-

1838 3921 1984 3975 ctum
2014 3918 2098 3967 est
2125 3911 2218 3967 Dei
2244 3911 2519 3976 manibus,
2556 3910 2701 3982 quod
2733 3917 2787 3965 ct
2834 3908 3019 3964 ﬁctum
3060 3914 3147 3963 est
3184 3921 3407 3975 corpus,

1838 4006 1982 4076 quod
2017 4005 2191 4075 ipsum
2253 4004 2705 4060 convenientibus
2761 3987 3098 4072 temporibus
3156 3997 3411 4054 ostendet

1838 4097 2191 4152 resurrectio.
2230 4095 2402 4163 Quale
2443 4096 2589 4171 enim
2626 4110 2844 4167 semper
2894 4093 3101 4149 videris
3146 4100 3270 4163 post
3320 4105 3406 4146 re-

1839 4189 2256 4251 surrectionem,
2294 4188 2401 4244 tale
2438 4190 2662 4244 omnino
2710 4187 2884 4258 primo
2914 4186 3116 4241 factum
3156 4193 3261 4239 est.
3297 4181 3405 4236 Ne-

1761 4328 1805 4381 D
1839 4296 1943 4351 que
1967 4280 2111 4334 enim
2140 4287 2226 4334 est
2256 4278 2459 4349 aliquid
2487 4280 2634 4334 aliud
2664 4277 3022 4338 resurrectio,
3057 4275 3163 4329 nisi
3192 4289 3312 4343 qua:
3341 4275 3400 4328 tit

1832 4373 2054 4428 omnino
2087 4372 2140 4425 in
2171 4372 2463 4441 pristinum
2487 4378 2688 4426 statum
2724 4369 3018 4426 restitutio.

1903 4462 2263 4529 Quamobrem
2296 4462 2384 4517 bis
2426 4461 2614 4530 adjicit
2648 4459 2702 4515 id
2737 4460 2883 4530 quod
2912 4467 2996 4515 est
3027 4472 3403 4527 consequens,

1831 4553 2044 4618 dicens,
2072 4552 2207 4606 nihil
2235 4566 2363 4609 esse
2381 4557 2536 4617 extra
2565 4550 2619 4604 id
2645 4549 2791 4619 quod
2815 4556 2900 4603 est
2927 4549 2996 4602 ab
3026 4548 3203 4602 initio.
3242 4564 3260 4597 ι
3300 4544 3399 4599 Ni-

1831 4646 1909 4700 hil
1947 4652 2035 4701 est
2061 4657 2081 4694 ι
2101 4643 2271 4712 enim,
2321 4643 2518 4712 inquit,
2544 4661 2563 4693 ι
2592 4656 2786 4697 recens
2813 4641 2917 4694 sub
2934 4639 3049 4694 sole
3078 4656 3092 4693 :
3132 4658 3152 4690 ι
3182 4636 3406 4706 perinde

1831 4754 1896 4793 ac
1922 4738 1971 4795 si
1999 4737 2233 4797 diceret:
2267 4735 2385 4791 Nisi
2405 4735 2476 4791 sit
2503 4744 2562 4789 ut
2599 4733 2698 4787 fuit
2729 4732 3034 4802 antiquitus
3059 4730 3200 4785 etab
3225 4728 3404 4789 initio,

1830 4826 1967 4880 nihil
1993 4833 2080 4882 est
2116 4825 2360 4891 omnino,
2401 4823 2497 4880 sed
2525 4821 2890 4878 existimatur.
2920 4817 3065 4873 Nihil
3114 4824 3200 4872 est
3231 4815 3401 4878 enim,

1833 4915 2030 4986 inquit,
2063 4930 2260 4971 recens
2289 4913 2393 4970 sub
2427 4913 2565 4978 sole,
2602 4923 2660 4967 ut
2688 4910 2891 4981 aliquis
2923 4907 3098 4979 possit
3126 4904 3316 4974 ’loqui,
3350 4912 3406 4958 et

1830 5010 2117 5063 ostendere
2146 5005 2355 5074 aliquid
2386 5004 2541 5060 exiis
2573 5017 2694 5075 quae
2722 5007 2848 5073 post
2881 4999 3036 5062 ﬁunt,
3067 4998 3170 5053 hoc
3198 5010 3402 5051 novum

1829 5115 1953 5156 esse
2000 5107 2054 5153 et
2105 5111 2294 5154 revera
2354 5097 2681 5152 consistere.
2730 5093 2831 5148 Hic
2858 5098 2943 5147 est
2976 5103 3170 5146 sensus
3208 5100 3402 5141 eorum

1829 5206 1950 5261 qua:
1979 5189 2125 5246 dicta
2165 5199 2318 5244 sunt.
2354 5185 2483 5251 Hoc
2516 5187 2676 5242 modo
2705 5194 2887 5241 autem
2935 5196 2995 5238 se
3022 5180 3187 5237 habet
3216 5179 3410 5236 dictio:

1828 5281 1974 5335 Nihil
1989 5288 2074 5336 est
2084 5279 2187 5336 sub
2201 5278 2317 5334 sole
2344 5291 2556 5340 recens,
2572 5292 2673 5333 nec
2687 5285 2771 5333 est
2781 5276 2873 5347 qui
2892 5275 3145 5344 loquatur
3157 5278 3213 5327 et
3235 5271 3409 5341 possit

1828 5371 2031 5435 dicere,
2050 5368 2189 5425 Ecce
2207 5367 2311 5422 hoc
2331 5373 2415 5421 est
2436 5380 2646 5420 recens.
2665 5363 2734 5422 lis
2750 5372 2928 5419 autem
2947 5377 3069 5434 qua;
3085 5362 3228 5417 dicta
3251 5367 3402 5423 sunt,

1831 5479 1925 5532 per
1953 5477 2016 5517 ea
2048 5475 2168 5531 qua:
2195 5457 2454 5527 deinceps
2485 5462 2814 5525 sequuntur,
2850 5454 3053 5529 addere
3092 5449 3401 5512 contendit,

1831 5556 2058 5609 (licens:
2097 5571 2113 5602 ι
2149 5549 2382 5621 Siquid,
2423 5567 2443 5602 ι
2486 5549 2683 5618 inquit,
2722 5566 2741 5598 ι
2791 5561 2917 5601 vere
2950 5545 3074 5611 fuit,
3133 5543 3269 5599 illud
3316 5548 3405 5596 est

1840 5644 1981 5719 quod
2046 5642 2147 5698 fuit
2196 5641 2251 5696 in
2317 5639 2532 5699 saeculis
2585 5654 2708 5711 quae
2766 5638 2991 5694 luerunt
3038 5644 3164 5690 ante
3219 5645 3323 5695 nos
3372 5646 3396 5682 ο
