3738 5984
272 260 376 318 635

1418 232 1424 241 ’
1494 259 1549 312 s.
1593 253 1919 312 esseom:
1952 253 2244 311 uvsssm

3397 260 3501 318 656

272 374 432 430 Hunc
457 374 598 429 enim
624 390 842 431 sensum
874 376 1171 432 ostendunt
1193 379 1309 446 ipsa
1331 376 1624 446 Scriplune
1648 377 1832 441 verba,

2036 382 2257 451 ῥήματα
2294 382 2390 452 τῆς
2426 383 2667 455 Γραφῆς,
2696 383 2866 448 οὕτως
2894 384 3103 454 ἔχοντα,
3123 385 3263 456 Ἤδη
3281 377 3505 448 γέγονεν

273 484 393 538 qua:
425 470 508 524 sic
542 469 743 523 habent
771 489 782 524 :
806 469 927 524 lam
983 471 1181 525 factum
1220 479 1305 524 est
1340 471 1394 523 in
1452 469 1667 524 smeulis
1717 484 1838 538 quae

275 558 501 613 fuerunt
536 570 661 612 ante
689 573 810 613 nos.
839 557 897 613 Si
929 568 1107 613 autem
1135 572 1325 612 eorum
1356 572 1474 624 quae
1508 556 1649 609 facta
1678 564 1835 621 sunt,

274 647 484 703 exstitit
506 647 728 710 oblivio,
756 648 892 700 nihil
919 648 1153 701 mireris.
1186 645 1319 698 Nam
1369 654 1425 700 et
1450 660 1513 700 ea
1545 660 1665 714 quae
1694 658 1841 697 nunc
1878 720 1883 731 ‘

278 743 424 801 sunt,
483 736 908 805 comprehendet
957 736 1179 789 oblivio.
1217 734 1449 800 Quando
1480 734 1625 788 enim
1658 734 1724 788 ad
1761 737 1840 787 vi-

276 829 412 881 tium
438 842 700 882 conversa
735 824 815 881 est
842 834 1057 889 natura,
1091 827 1354 879 bonorum
1387 827 1543 880 nobis
1568 825 1843 894 subrepsit

277 920 505 972 oblivio:
540 922 755 988 quando
777 926 957 971 autem
977 918 1041 970 ad
1068 919 1268 971 malum
1286 918 1629 978 redierimus,
1651 933 1842 972 rursus

277 1011 480 1063 malum
509 1019 717 1079 tegetur
743 1010 1033 1062 oblivione.
1069 1007 1223 1063 Hunc
1248 1015 1390 1063 enim
1424 1017 1552 1077 puto
1569 1024 1690 1062 esse
1719 1024 1842 1063 sen—

277 1115 397 1154 sum
418 1101 468 1152 in
500 1100 566 1153 iis
596 1114 716 1168 quae
732 1100 872 1152 dicta
903 1107 1050 1163 sunt,
1071 1100 1158 1153 ubi
1179 1097 1463 1159 dicit,Non
1482 1108 1564 1152 est
1584 1100 1843 1152 memoria

278 1185 492 1253 primis,
520 1202 571 1244 ei
605 1185 821 1254 quidem
843 1185 1159 1240 novissimis
1181 1200 1302 1238 cum
1325 1185 1467 1240 facta
1491 1186 1713 1252 fuerint,
1733 1202 1844 1242 non

277 1274 381 1328 erit
414 1276 692 1328 memoria.
726 1275 892 1341 Quasi
934 1277 1174 1331 diceret:
1211 1278 1408 1330 Eorum
1437 1293 1557 1345 quae
1586 1277 1842 1349 deinceps

278 1372 592 1428 evenerunt,
614 1375 734 1434 post
750 1382 865 1419 eam
887 1383 1006 1436 quae
1022 1368 1257 1421 abinitio
1277 1367 1379 1421 fuit
1394 1366 1728 1432 felicitatem,
1750 1384 1844 1437 per

279 1470 400 1523 qua:
424 1456 475 1508 in
509 1456 664 1510 malis
684 1457 782 1510 fuit
813 1474 985 1526 genus
1007 1460 1327 1521 humanum,
1361 1458 1618 1511 delebunt
1644 1474 1843 1513 memo-

279 1545 415 1600 riam
432 1561 495 1599 ea
509 1561 627 1614 quae
642 1549 929 1615 postremis
947 1550 1074 1603 olim
1093 1550 1222 1603 ﬁent
1237 1550 1592 1617 temporibus.
1609 1548 1725 1603 Non
1743 1552 1846 1605 erit

279 1632 425 1686 enim
453 1648 640 1687 eorum
693 1637 952 1690 memoria
980 1653 1104 1691 cum
1155 1638 1223 1691 iis
1250 1638 1344 1706 qui
1403 1636 1569 1690 futuri
1626 1647 1752 1692 sunt
1791 1639 1844 1693 in

1939 471 1996 523 ἐν
2024 475 2134 535 τοῖς
2174 473 2331 527 αἰῶσι
2375 477 2485 538 τοῖς
2517 476 2795 544 γεγονόσιν
2837 475 2945 528 ἀπὸ
2988 471 3295 543 ἔμπροσθεν
3323 468 3507 540 ἡμῶν.

1940 560 2004 615 Εἰ
2047 563 2104 616 δὲ
2144 563 2484 634 ἐπεκράτησε
2531 565 2668 636 λήθη
2707 566 2815 619 τῶν
2857 564 3180 635 γενομένων,
3215 561 3507 634 θαυμάσῃς

1944 652 2109 722 μηδέν
2134 669 2148 684 ο
2196 655 2288 707 καὶ
2322 653 2429 725 γὰρ
2450 654 2518 708 τὰ
2548 654 2643 709 νῦν
2667 654 2815 718 ὄντα,
2848 654 2983 725 λήθῃ
3010 652 3504 722 καταληφθήσεται.
3568 708 3591 709 κ

1943 742 2071 794 Ὅτε
2102 742 2207 813 γὰρ
2242 745 2318 807 εἰς
2348 745 2543 799 κακίαν
2568 746 2601 815 ή
2630 744 2790 814 φύσις
2816 744 3034 816 ἔρρεψε,
3063 743 3199 814 λήθη
3224 741 3336 795 τῶν
3370 742 3511 808 ἀγα-

1942 830 2049 882 θῶν
2089 832 2386 901 ἐγενόμεθα
2411 849 2424 875 -'
2471 834 2598 887 ὅταν
2626 835 2681 887 δὲ
2723 835 2947 904 γένηται
2986 834 3124 905 πρὸς
3169 833 3229 885 τὺ
3277 831 3505 899 ἀγαθὸν,

1944 918 2099 983 αὖθις
2133 924 2263 992 ἡμῖν
2297 926 2329 993 ή
2368 925 2642 988 ἀνάλυσις,
2673 925 2830 979 πάλιν
2863 925 2922 978 τὸ
2946 925 3111 979 κακὸν
3135 921 3272 993 λήθη
3304 939 3510 990 συγκα-

1940 1012 2292 1082 λυφθήσεται.
2332 1015 2547 1087 Ταύτην
2576 1016 2684 1087 γὰρ
2714 1012 2864 1087 οἶμαι
2905 1019 3001 1087 τὴν
3044 1016 3281 1069 διάνοιαν
3312 1015 3372 1067 ἐν
3399 1016 3514 1075 τοῖς

1941 1104 2247 1173 εἰρημένοις
2292 1100 2450 1166 εῖναι,
2504 1101 2561 1154 ἐν
2625 1102 2708 1170 οἷς
2757 1121 2939 1178 φησιν,
2970 1106 3081 1159 Οὐκ
3125 1106 3240 1159 ἐστι
3297 1106 3513 1175 μνήμη,

1941 1194 2052 1255 τοῖς
2103 1191 2338 1262 πρώτοις
2379 1192 2470 1246 καί
2512 1209 2574 1261 γε
2629 1197 2741 1257 τοῖς
2769 1195 3017 1265 ἐσχάτοις
3056 1193 3369 1263 γενομένοις
3414 1193 3517 1245 ούκ
3590 1186 3605 1207 “

1943 1281 2094 1336 ἔσται
2148 1285 2334 1354 μνήμη
2358 1323 2372 1347 ,
2417 1285 2493 1348 ὡς
2525 1285 2590 1338 ἂν
2620 1287 2669 1338 εἰ
2702 1285 2883 1354 ἔλεγεν
2914 1303 2928 1316 ·
2967 1284 3085 1340 Τῶν
3115 1282 3517 1352 ἐπιγινομένων

1948 1374 2087 1444 μετὰ
2107 1375 2204 1445 τὴν
2226 1376 2282 1441 ἐξ
2310 1377 2481 1447 ἀρχῆς
2505 1377 2666 1447 εὐκλη
2674 1376 2815 1447 ρίαν,
2838 1376 2908 1431 δι’
2933 1369 3007 1429 ὧν
3028 1376 3083 1428 ἐν
3109 1377 3296 1436 κακοῖς
3320 1374 3516 1441 γέγονε

1944 1465 2004 1517 τὸ
2036 1465 2390 1535 ἀνθρώπινον,
2426 1467 2691 1536 ἐξαλείψει
2726 1467 2823 1537 τὴν
2855 1467 3073 1537 μνήμην
3101 1466 3169 1518 τὰ
3206 1465 3376 1518 παλαι
3402 1466 3518 1526 τοῖς

1946 1554 2192 1625 ἐσχάτοις
2240 1557 2611 1627 ἐπιγινόμενα.
2646 1559 2760 1611 Οὐκ
2800 1557 2950 1610 ἔσται
2975 1557 3083 1625 γὰρ
3113 1556 3291 1610 αὐτῶν
3325 1557 3516 1625 μνήμη

1952 1645 2090 1715 μετὰ
2132 1646 2238 1699 τῶν
2271 1648 2573 1717 γενομένων
2602 1651 2682 1712 εἰς
2720 1648 2818 1719 τὴν
2850 1649 3087 1719 ἐσχάτην
3113 1664 3124 1676 ·
3167 1646 3514 1716 τουτέστιν,ή

278 1724 603 1782 novissimo.
629 1724 743 1780 Hoc
772 1736 894 1782 est:
929 1729 1152 1783 ultimus
1184 1737 1362 1786 status
1395 1729 1620 1783 omnino
1642 1731 1841 1785 delebit

2022 1736 2142 1807 (ἀτη
2168 1738 2496 1801 κατάστασις
2547 1740 2850 1809 ἀφανισμὸν
2884 1737 3118 1807 παντελῆ
3148 1738 3246 1808 τῆς
3271 1737 3385 1790 τῶν
3411 1754 3520 1790 κα-

281 1822 493 1869 natura:
521 1817 787 1870 malorum
832 1821 1173 1885 memoriam,
1207 1820 1261 1872 in
1293 1820 1512 1875 Christo
1539 1821 1703 1888 Jesu,
1755 1823 1841 1878 cui

278 1905 452 1976 gloria
490 1915 542 1960 et
571 1909 812 1975 potentia
840 1909 892 1963 in
932 1912 1129 1965 saecula
1160 1911 1501 1966 sazculorum.

348 1996 544 2051 Amen.

870 2111 1153 2168 HOMILIA
1192 2112 1256 2168 ll.

354 2217 375 2251 ι
420 2198 552 2278 Ego,
586 2212 612 2251 τ
644 2201 840 2270 inquit.
876 2221 895 2253 ι
925 2200 1305 2257 Ecclesiastes.
1350 2221 1368 2254 ι
1415 2200 1714 2255 Didicimus
1748 2215 1846 2254 au-

280 2297 390 2344 tem
420 2292 673 2360 quisnam
703 2293 775 2347 sit
805 2292 1189 2357 Ecclesiastes,
1219 2294 1316 2363 qui
1347 2308 1468 2362 quae
1506 2301 1634 2347 sunt
1686 2294 1846 2347 aber-

281 2382 462 2436 rantia
517 2391 567 2437 et
600 2383 884 2452 dispersa,
928 2383 981 2436 in
1035 2400 1202 2437 unum
1267 2383 1494 2453 colligit,
1557 2396 1612 2438 et
1665 2385 1846 2437 omnia

283 2488 450 2526 unum
482 2489 696 2544 gregem
730 2474 913 2540 eilicit,
960 2482 1019 2528 ut
1051 2474 1185 2528 nihil
1220 2474 1292 2528 sit
1325 2475 1467 2542 quod
1503 2488 1611 2528 non
1665 2474 1849 2527 audiat

281 2561 564 2631 pulchram
632 2562 870 2631 pastoris
930 2576 1144 2623 vocem,
1185 2576 1306 2631 quae
1349 2562 1591 2616 viviﬁcat
1642 2565 1845 2617 omnia.

288 2670 307 2703 ι
353 2651 527 2707 Verba
560 2652 724 2716 enim,
766 2671 783 2704 ι
813 2653 1008 2720 inquit,
1040 2670 1061 2704 ι
1094 2668 1215 2720 qua:
1246 2668 1345 2722 ego
1374 2653 1588 2721 loquor,
1624 2653 1849 2721 spiritus

282 2748 413 2795 sunt
450 2748 503 2796 et
536 2743 644 2796 vita
670 2741 736 2795 ".
774 2762 792 2793 υ
828 2742 879 2798 ls
905 2743 1144 2812 seipsum
1178 2743 1422 2796 nominat
1452 2741 1846 2808 Ecclesiasten,

282 2842 344 2886 ut
373 2831 666 2897 medicum,
689 2842 742 2887 et
762 2834 949 2897 vitam,
974 2841 1028 2888 et
1057 2834 1543 2899 resurrectionem,
1573 2843 1626 2888 et
1649 2835 1880 2898 lucem,.

284 2929 341 2977 et
372 2923 535 2987 viam,
564 2930 618 2976 et
650 2923 877 2987 ostium,
911 2932 965 2979 et
993 2924 1301 2987 veritatem,
1330 2931 1384 2979 et
1414 2923 1599 2998 omnia
1627 2913 1849 2979 nomina

1945 1827 2056 1879 κῶν
2083 1830 2300 1898 μνήμης
2332 1830 2553 1898 ἐποίησε
2582 1830 2680 1899 τῆς
2708 1829 2942 1898 φύσεως,
2969 1832 3026 1882 ἐν
3057 1825 3279 1899 Χριστῷ
3310 1828 3517 1896 Ἰησοῦ,

1945 1911 1988 1985 ᾦ
2017 1920 2049 1987 ἡ
2079 1917 2204 1983 δόξα
2228 1921 2317 1973 καί
2346 1920 2404 1971 τὸ
2434 1924 2629 1990 κράτος
2656 1922 2734 1982 εἰς
2762 1921 2886 1983 τοὺς
2914 1920 3111 1983 αἰῶνας
3133 1919 3241 1972 τῶν
3268 1917 3513 1979 αἰώνων,

1960 2011 2016 2061 Ἀ
2027 2012 2157 2079 μήν.
2258 2030 2280 2043 ι

2539 2102 2773 2155 OMlAlA
2817 2104 2889 2156 B’.

2022 2210 2040 2242 ι
2081 2192 2240 2259 Ἐγὼ,
2269 2213 2285 2242 υ
2305 2195 2486 2261 φησὶν,
2507 2212 2524 2243 ι
2550 2197 2577 2246 6
2605 2194 3049 2263 Ἐκκλησιαστής.
3075 2213 3092 2242 ι
3113 2190 3419 2260 Ἑμάθομεν
3433 2188 3518 2250 δὲ,

1947 2281 2028 2343 τίς
2062 2284 2089 2334 6
2130 2280 2575 2353 Ἐκκλησιαστὴς,
2607 2287 2634 2337 6
2665 2286 2733 2337 τὰ
2766 2282 3154 2352 πεπλανημένα
3190 2298 3245 2334 τε
3277 2282 3373 2333 καὶ
3401 2278 3521 2332 διε-

1950 2375 2321 2444 σκορπισμένα
2351 2377 2664 2443 συναγαγὼν
2690 2379 2768 2440 εἰς
2805 2378 2882 2439 ἓν,
2914 2377 3005 2429 καὶ
3038 2376 3204 2428 ποιῶν
3236 2376 3302 2428 τὰ
3336 2375 3531 2428 πάντας

1953 2465 2077 2534 μίαν
2110 2466 2361 2536 ποίμνην,
2398 2468 2483 2521 ἴνα
2523 2469 2685 2537 μηδὲν
2733 2470 2960 2539 ἀνήκοον
3001 2465 3034 2541 ᾖ
3068 2470 3165 2538 τῆς
3208 2467 3376 2537 καλῆς
3418 2466 3523 2518 τοῦ

1949 2558 2201 2626 ποιμένος
2250 2562 2432 2629 φωνῆς
2478 2560 2577 2629 τῆς
2619 2560 2686 2613 τὰ
2720 2561 2896 2614 πάντα
2943 2560 3325 2628 ζωοποιούσης.
3383 2577 3401 2609 ι
3434 2559 3531 2610 Τὰ-

1948 2648 2056 2717 γὰρ
2081 2650 2317 2718 ῥήματα,
2343 2669 2361 2702 ι
2383 2651 2565 2719 φησὶν,
2584 2660 2603 2694 ι
2622 2649 2781 2717 ἂέγὼ
2814 2650 2977 2711 λαλῶ,
3016 2649 3229 2719 πνεῦμά
3256 2651 3389 2711 ἐστι,
3420 2650 3523 2701 καὶ

1950 2739 2063 2810 ζωή
2097 2742 2262 2797 ἐστιν.
2297 2761 2315 2792 ι
2364 2730 2529 2806 Οὗτος
2555 2742 2807 2813 ὀνομάζει
2838 2743 3026 2795 ἐαυτὸν
3067 2739 3521 2811 Ἑκκλησιαστὴν,

1948 2832 2024 2895 ώς
2058 2832 2260 2904 ἰατρὸν,
2301 2833 2394 2886 καὶ
2433 2826 2596 2904 ζωὴν,
2638 2835 2731 2887 καὶ
2777 2835 3088 2898 ἀνάστασιν,
3124 2833 3219 2888 καὶ
3247 2832 3379 2901 φῶς,
3418 2835 3523 2886 καὶ

1949 2921 2087 2986 ὁδὸν,
2122 2920 2289 2991 θύραν
2334 2939 2422 2984 τε,
2463 2922 2557 2976 καὶ
2603 2923 2889 2994 ἀλήθειαν,
2940 2924 3031 2975 xui.
3084 2923 3255 2975 πάντα
3303 2919 3369 2973 τὰ
3413 2919 3563 2988 τῆς·

286 3013 648 3067 humanitatis
676 3020 729 3068 et
757 3014 1142 3069 benevolentiae
1165 3016 1218 3069 in
1264 3016 1531 3072 homines.
1567 3015 1846 3081 Quomodo

2022 3012 2361 3083 λανθρωπιας
2389 3013 2646 3082 ὀνόματα.
2696 3012 2907 3082 ’Ὠσπερ
2935 3009 3027 3066 οὖν
3070 3010 3161 3067 τοῦ
3202 3011 3299 3081 μὲν
3333 3010 3522 3079 ἰατροῦ

285 3118 415 3172 ergo
454 3102 646 3156 medici
698 3104 918 3172 quidem
966 3121 1067 3159 vos
1105 3106 1358 3159 convenit
1415 3106 1844 3175 aegrotantibus:

286 3192 524 3248 Verbum
561 3202 741 3247 autem
799 3194 921 3248 vitm
983 3195 1037 3249 in
1069 3197 1300 3251 mortuis
1359 3204 1444 3251 est
1498 3196 1709 3261 ellicax,
1754 3198 1849 3267 qui

286 3285 507 3354 quando
546 3285 823 3340 audierint
854 3300 1040 3341 vocem
1065 3284 1184 3340 Filii
1225 3288 1483 3352 hominis,
1522 3289 1575 3342 in
1622 3289 1848 3358 pristina

287 3376 619 3431 mortalitate
649 3391 756 3431 non
785 3377 1017 3446 amplius
1042 3388 1323 3434 remanent
1348 3398 1363 3447 ;
1388 3381 1483 3450 qui
1515 3390 1694 3435 autem
1722 3387 1851 3437 sunt

288 3466 345 3521 in
381 3468 643 3536 sepulcris
668 3477 919 3538 quaerunt
948 3484 1133 3525 vocem
1160 3472 1599 3533 resurrectionis.
1632 3480 1687 3527 et
1711 3473 1851 3529 lucis

286 3558 433 3613 ratio
467 3560 723 3614 convenit
755 3560 821 3614 iis
873 3560 965 3630 qui
1023 3572 1153 3614 sunt
1189 3562 1490 3626 obscurati,
1553 3571 1608 3617 et
1642 3564 1726 3617 via
1769 3572 1853 3619 est

287 3648 436 3704 laevis
473 3665 537 3703 ac
567 3651 724 3719 plana
755 3650 824 3705 iis
851 3651 944 3720 qui
979 3651 1387 3716 aberraverunt,
1446 3660 1500 3707 et
1535 3654 1737 3707 ostium
1776 3655 1845 3708 iis

288 3738 489 3806 quibus
518 3753 658 3807 opus
690 3746 794 3801 est,
827 3746 884 3792 ut
911 3741 1150 3795 intrent:
1189 3742 1261 3795 ita
1296 3740 1656 3800 Ecclesiastes
1677 3743 1855 3797 omni-

291 3842 362 3882 no
391 3829 611 3882 disserit
640 3845 762 3883 cum
800 3830 867 3884 iis
896 3831 986 3898 qui
1018 3840 1144 3885 sunt
1170 3831 1223 3885 in
1258 3831 1521 3887 Ecclesia.
1551 3831 1661 3888 Nos
1686 3834 1853 3903 igitur

290 3919 588 3988 alloquitur
610 3919 987 3975 Ecclesiastes.
1029 3920 1329 3976 Audiamus
1375 3924 1558 3993 itaque
1606 3940 1706 3979 nos
1735 3925 1853 3995 ejus

290 4008 477 4071 verba,
527 4009 621 4077 qui
691 4025 883 4064 sumus
941 4010 1405 4091 Ecclesia-Sicut
1458 4016 1601 4068 enim
1655 4016 1854 4072 chorus

294 4099 491 4169 aspicit
524 4100 591 4154 ad
623 4102 991 4171 coryphamm,
1035 4119 1227 4174 nempe
1267 4120 1423 4159 suum
1460 4107 1765 4174 ductorem,
1801 4118 1855 4164 et

290 4198 474 4245 nautae
501 4190 567 4244 ad
601 4191 1043 4260 gubernatorem,
1084 4202 1141 4267 et
1168 4196 1314 4250 acies
1349 4196 1416 4250 ad
1451 4198 1850 4267 imperatorem,

292 4280 368 4335 ita
391 4281 651 4351 etiamuad
682 4281 938 4339 Ecclesia:
975 4284 1165 4339 ducem
1222 4287 1280 4350 ii,
1313 4287 1403 4356 qui
1439 4297 1568 4341 sunt
1609 4288 1660 4341 in
1711 4299 1854 4343 ccetu

1957 3104 1989 3173 ἡ
2021 3104 2169 3173 φωνὴ
2205 3104 2335 3174 πρὸς
2365 3105 2489 3166 τοὺς
2515 3103 2871 3167 ἀσθενοῦντας
2893 3105 3104 3166 οἰκείως
3130 3101 3260 3172 ἔχει,
3284 3104 3312 3155 6
3339 3100 3394 3153 δὲ
3414 3101 3523 3171 τῆς
3584 3136 3589 3139 λ

1957 3193 2103 3264 ζωῆς
2135 3195 2303 3262 Λόγος
2337 3196 2426 3247 ἐπί
2457 3195 2563 3247 τῶν
2607 3195 2813 3265 νεκρῶν
2845 3195 3063 3264 ἐνεργὸς
3118 3193 3356 3261 γίνεται,
3406 3191 3528 3245 τῶν

1956 3285 2083 3361 ὁταν
2132 3285 2401 3338 ἀκούσωσι
2429 3286 2529 3354 τῆς
2560 3285 2741 3354 φωνῆς
2772 3284 2865 3337 τοῦ
2903 3272 3028 3337 Υἰοῧ
3069 3284 3162 3336 τοῦ
3207 3282 3521 3353 ἀνθρώπου,

1961 3377 2155 3447 μηκέτι
2180 3377 2614 3446 ἐναπομενόντων
2642 3380 2705 3446 τῇ
2736 3376 2937 3448 ἀρχαίᾳ
2961 3375 3243 3445 νεκρότητι
3262 3390 3278 3405 ο
3311 3376 3358 3427 οἰ
3380 3374 3436 3426 δέ
3462 3376 3526 3428 ἐν

1958 3467 2203 3538 χώμασιν
2246 3467 2417 3531 ὄντες,
2460 3467 2556 3536 τὴν
2599 3467 2779 3537 φωνὴν
2807 3468 2909 3536 τῆς
2939 3465 3284 3528 ἂναστάσεως
3326 3464 3524 3535 ἐπιζη-

1957 3559 2106 3612 τοῦσι
2129 3597 2144 3619 ,
2196 3560 2290 3613 καὶ
2343 3558 2372 3609 6
2420 3556 2512 3611 τοῦ
2557 3557 2733 3626 φωτὸς
2774 3557 2928 3625 λόγος
2966 3559 3073 3620 τοῖς
3119 3555 3527 3627 ἐσκοτισμένοις

1958 3650 2281 3719 ἁρμόδιος,ἥ
2301 3665 2360 3700 τε
2405 3648 2521 3711 ὁδὸς
2560 3651 2671 3710 τοῖς
2712 3647 3142 3719 πεπλανημένοις
3188 3646 3330 3709 λεία,
3363 3647 3456 3700 καὶ
3488 3649 3527 3717 ἡ
3562 3650 3587 3721 ξ

1960 3738 2096 3810 θύρα
2127 3741 2237 3802 τοίς
2270 3738 2363 3791 τοῦ
2410 3739 2665 3791 εἰσελθεῖν
2691 3739 2992 3809 δεομένοιςο
3025 3738 3165 3791 οὕτω
3204 3737 3300 3791 καὶ
3324 3742 3353 3791 6
3396 3738 3528 3790 Ἑκ-

1959 3830 2290 3901 κλησιαστὴς
2318 3832 2429 3892 τοῖς
2470 3828 2885 3901 ἐκκλησιάζουσι
2929 3827 3230 3896 διαλέγεται
3286 3829 3525 3889 πάντως.

1961 3919 2166 3973 Οὐκοῦν
2213 3919 2347 3990 πρὸς
2378 3922 2522 3990 ἡμᾶς
2554 3919 2704 3972 λαλεῖ
2744 3920 2773 3972 6
2815 3918 3237 3988 Ἐκκλησιαστής
3267 3935 3282 3948 ·
3331 3917 3425 3970 καὶ
3459 3916 3533 3987 δὴ

1960 4012 2278 4080 ἀκούσωμεν
2304 4012 2411 4065 τῶν
2442 4012 2613 4080 λόγων
2635 4010 2796 4064 αὑτοῦ
2825 4013 2984 4080 ἡμεῖς
3007 4011 3040 4080 ή
3082 4009 3397 4078 Ἐκκλησία.
3436 4009 3529 4072 Ὠς

1960 4103 2066 4171 γὰρ
2093 4103 2120 4154 ὁ
2153 4103 2248 4171 μὲν
2267 4102 2422 4173 χορὸς
2453 4102 2585 4171 πρὸς
2612 4101 2700 4154 τὸν
2728 4103 3017 4171 κορυφαῖον
3043 4100 3164 4169 ὁρᾷ,
3198 4099 3333 4170 πρὸς
3357 4099 3412 4151 δέ
3434 4100 3531 4152 τὸν

1961 4193 2297 4263 κυϐερνήτην
2338 4194 2386 4246 οἰ
2428 4192 2654 4253 ναῦται,
2704 4192 2797 4244 καὶ
2840 4191 2973 4261 πρὸς
3015 4190 3105 4243 τὸν
3148 4190 3453 4260 στρατηγὸν
3494 4194 3529 4261 ἡ

1963 4282 2283 4353 παράταξις,
2312 4281 2458 4336 οὕτω
2477 4283 2568 4335 καὶ
2598 4283 2732 4351 πρὸς
2758 4282 2847 4333 τὸν
2884 4280 3227 4350 καθηγεμόνα
3256 4280 3359 4349 τῆς
3407 4281 3533 4334 Ἐκ-

293 4372 572 4428 Ecclesiae.
607 4372 743 4447 Quid
779 4390 910 4445 ergo
943 4376 1077 4430 dicit
1108 4377 1517 4433 Ecclesiastes?
1557 4398 1575 4430 ι
1614 4379 1726 4449 Ego
1759 4380 1846 4436 Ec-

2022 4373 2209 4444 .ησίας,
2241 4373 2288 4425 οἰ
2322 4374 2379 4425 ἐν
2405 4372 2483 4442 τῷ
2512 4371 2833 4443 πληρώματι
2866 4372 3015 4434 ὄντες
3046 4371 3145 4438 τῆς
3178 4371 3528 4440 Ἐκκλησίας.

293 4464 576 4520 clesiastes
620 4464 698 4519 fui
733 4481 828 4520 rex
859 4467 1022 4521 Israel
1084 4468 1137 4522 in
1202 4467 1523 4525 Jerusalem.
1573 4489 1591 4521 ›
1630 4471 1858 4535 Quando

293 4553 551 4608 boc?An
606 4569 718 4609 non
775 4557 999 4611 omnino
1033 4560 1252 4628 quando
1292 4559 1390 4613 fuit
1424 4561 1493 4613 ab
1542 4560 1676 4629 ipsis
1768 4578 1857 4617 rex

295 4644 631 4711 constitutus
681 4661 845 4715 super
907 4646 1040 4702 Sion
1102 4659 1336 4704 montem
1392 4657 1641 4702 sanctum
1703 4651 1857 4719 ejus,

294 4733 605 4811 praedicans
639 4745 966 4807 praeceptum
998 4736 1363 4792 Domini?Cui
1412 4738 1548 4793 dixit
1576 4739 1859 4806 Dominus,

301 4842 321 4876 ι
340 4822 510 4881 Filius
536 4841 690 4881 meus
705 4843 764 4882 es
789 4834 867 4892 tu,
891 4843 991 4898 ego
1014 4828 1174 4883 hodie
1193 4829 1353 4898 genui
1375 4839 1426 4884 te
1438 4829 1506 4889 “;
1530 4850 1547 4881 ι
1567 4846 1690 4886 eum
1716 4834 1859 4888 enim

295 4915 390 4984 qui
427 4925 515 4972 est
542 4916 757 4971 creator
790 4917 1054 4981 universi,
1088 4927 1143 4971 et
1171 4924 1324 4986 pater
1353 4919 1674 4973 saaculorum
1727 4921 1864 4975 dixit

298 5022 358 5061 se
387 5007 547 5064 hodie
572 5011 847 5079 genuisse,
883 5016 943 5063 ut
972 5024 1069 5079 per
1100 5009 1202 5064 hoc
1237 5011 1379 5080 quod
1443 5013 1668 5082 tempori
1696 5029 1861 5083 gene-

300 5098 551 5165 rationis,
593 5116 789 5155 nomen
824 5101 1123 5170 temporale
1163 5102 1443 5170 adiecerit,
1463 5118 1570 5157 non
1601 5119 1719 5159 eam
1745 5120 1865 5174 quae

302 5186 403 5241 fuit
435 5198 560 5244 ante
585 5192 781 5246 sa'cula
816 5193 1130 5257 essentiam,
1173 5194 1264 5248 sed
1298 5209 1416 5248 eam
1471 5210 1591 5264 qua:
1653 5196 1752 5250 l'uit
1807 5198 1862 5251 in

301 5283 546 5346 tempore
580 5281 646 5333 ad
676 5282 957 5335 hominum
989 5284 1241 5348 salutem,
1262 5296 1357 5351 per
1386 5297 1607 5338 carnem
1638 5299 1864 5355 genera-

300 5367 503 5423 tionem
564 5372 787 5427 verbum
819 5373 1131 5429 ostenderit.

409 5631 450 5664 ⁸³
476 5632 630 5689 Joan.
655 5650 728 5699 vr,
754 5634 842 5689 6'5.
923 5633 967 5665 “
988 5631 1134 5688 Psal.
1168 5649 1226 5697 ιι,
1261 5632 1293 5689 6
1324 5648 1452 5700 sqq.

1963 4462 2026 4514 Τί
2066 4459 2158 4516 οὖν
2207 4462 2368 4533 φησὶν
2411 4466 2439 4516 6
2490 4463 2952 4532 Ἐκκλησιαττής;
3018 4479 3037 4513 ι
3077 4461 3216 4529 Ἐγὼ
3262 4463 3533 4532 ἐγενόμην

1965 4554 2216 4625 βασιλεὺς
2248 4555 2341 4607 ἐπὶ
2374 4555 2586 4624 Ἰσραὴλ
2612 4555 2669 4605 ἐν
2712 4553 3085 4624 Ἰερουσαλήμ.
3115 4572 3133 4604 ›
3174 4554 3312 4606 Πότε
3334 4555 3532 4620 τοῦτος

1967 4648 2039 4699 Ἢ
2067 4647 2281 4708 πάντως
2311 4646 2397 4698 ὅτε
2429 4646 2766 4715 κατεστάθην
2800 4644 3046 4714 βασιλεὺς
3075 4645 3165 4697 ὑπ’
3202 4645 3390 4708 αὐτοῦ,
3440 4648 3536 4698 ἐπὶ

1964 4737 2103 4791 Σιὼν
2120 4736 2251 4808 ¹ὅρος
2280 4736 2339 4788 τὸ
2368 4735 2517 4804 ἅγιον
2546 4735 2728 4796 αὐτοῦ,
2760 4734 3091 4804 διαγγέλλων
3115 4734 3175 4788 τὸ
3202 4736 3536 4805 πρόσταγμα

1965 4828 2199 4898 Κυρίου;
2229 4825 2368 4895 Πρὸς
2417 4826 2474 4878 ὃν
2521 4822 2673 4878 εἶπεν
2700 4828 2727 4878 6
2755 4826 2976 4894 Κύριος,
3011 4826 3092 4878 ὅτι
3143 4845 3160 4876 ι
3191 4825 3319 4887 Υἱός
3348 4842 3453 4895 μου
3485 4821 3539 4879 εἰ

1966 4918 2052 4978 σὺ,
2090 4936 2109 4968 ι
2144 4917 2236 4969 καὶ
2285 4917 2366 4969 ὅτι
2419 4917 2702 4985 ιΣῆμερον
2747 4916 3050 4985 γεγέννηκά
3095 4930 3186 4980 σε;
3212 4934 3230 4966 ι
3287 4915 3380 4968 τὸν
3425 4917 3539 4986 γὰρ

1964 5010 2189 5080 ποιητὴν
2211 5007 2303 5062 τοῦ
2328 5009 2543 5072 παντὸς,
2569 5011 2660 5064 τὸν
2679 5009 2785 5063 τῶν
2807 5008 3013 5064 αἰώνων
3039 5013 3269 5079 πατέρα,
3297 5009 3540 5078 σήμερον

1964 5098 2083 5155 εἶπε
2112 5100 2520 5170 γεγεννηκέναι,
2557 5102 2646 5156 ἵνα
2673 5101 2757 5155 διὰ
2785 5102 2877 5155 τοῦ
2912 5101 3237 5171 παραθεῖναι
3266 5099 3328 5151 τὸ
3355 5116 3542 5170 χρονι-

1967 5196 2061 5249 κὸν
2093 5194 2259 5262 ὄνομα
2285 5190 2360 5261 τῷ
2387 5192 2562 5262 καιρῷ
2590 5194 2688 5261 τῆς
2713 5193 3033 5261 γεννήσεως,
3065 5190 3138 5260 μὴ
3174 5188 3271 5259 τὴν
3297 5190 3542 5259 προαιώο

1968 5301 2078 5338 νιον
2105 5281 2357 5353 ὓπαρξιν,
2403 5283 2538 5335 ἀλλὰ
2569 5284 2665 5353 τὴν
2709 5285 2767 5335 ἐν
2797 5282 2972 5353 χρόνῳ
3014 5281 3105 5334 ἐπὶ
3140 5280 3386 5350 σωτηρίᾳ
3428 5279 3545 5333 τῶν

1968 5375 2069 5428 ἀνθ
2078 5373 2273 5446 ρώπων

1972 5460 2144 5530 λόγος.

2386 5375 2473 5428 διὰ
2539 5373 2737 5444 σαρκδς
2780 5373 3044 5451 γέννησιν
3114 5372 3443 5443 παραστήσῃ
3512 5375 3545 5425 ὀ

3610 272 3619 299 1
