3766 5986
182 277 285 333 637

1269 283 1336 339 IN
1374 280 1906 341 ECCLESIASTEN.
1936 276 2210 334 llOMlLlA
2254 274 2347 328 ll."

3316 276 3419 333 658

248 386 438 441 Ταῦτα
466 381 558 442 οὖν
593 391 620 443 6
648 390 896 461 ἀληθινὸς
937 394 1364 467 Ἐκκλησιαστὴς
1393 397 1735 467 διεξέρχεται,

1939 392 2049 447 llaec
2074 406 2204 462 ergo
2225 386 2571 467 persequitur
2594 402 2755 443 verus
2777 386 3160 457 Ecclesmstes,
3193 392 3426 461 docens,

175 475 465 543 διδάσκων,
496 476 669 550 οἶμαι,
716 482 776 534 τὸ
812 483 955 552 μέγα
1000 485 1096 555 τῆς
1128 487 1405 551 εὐσεϐείας
1437 489 1751 559 μυστήριον,

175 566 300 618 ὅτου
324 566 482 636 χάριν
504 569 563 620 ἐν
591 559 752 639 σαρκὶ
771 571 799 622 6
820 570 949 632 Θεὸς
974 564 1316 646 ἐφανερώθη.
1357 596 1375 628 ι
1393 577 1605 629 Ἔδωκα
1622 575 1750 644 γὰρ,

177 657 331 725 φησὶ,
367 656 464 726 τὴν
499 658 726 728 καρδίαν
762 677 860 729 μου
894 662 986 714 :06
1017 665 1316 734 ἐκζητῆσαι
1341 666 1435 718 καὶ
1466 666 1559 719 τοῦ
1588 683 1754 718 κατα-

177 747 481 816 σκέψασθαι
512 750 571 801 ἐν
599 751 760 821 σοφίᾳ
786 753 911 822 περὶ
942 753 1156 806 πάντων
1183 755 1289 806 τῶν
1320 758 1625 825 γενομένων
1646 755 1753 809 ὑπὸ

174 837 267 892 τὸν
313 840 558 909 οὐρανόν.
594 861 613 893 ι
665 843 823 913 Αὕτη
861 845 893 914 ἡ
948 844 1093 897 αίτία
1144 846 1235 897 τοῦ
1290 824 1623 918 ἐπιδημῆσαι
1666 849 1753 902 διὰ

174 929 380 998 σαρκὸς
428 933 539 994 τοῖς
588 933 890 1004 ἀνθρώποις
923 934 1011 986 τὸν
1043 934 1242 1006 Κύριον
1268 978 1284 1003 ,
1341 937 1413 993 τὸ,
1441 936 1622 990 δοῦναι
1655 937 1752 1008 τὴν

171 1021 407 1090 καρδίαν
434 1021 602 1074 αὑτοῦ
634 1025 712 1086 εἰς
741 1023 803 1076 :6
832 1009 1228 1098 ἐπισκέψασθαι
1258 1029 1313 1079 ἐν
1336 1030 1403 1098 τῇ
1433 1029 1592 1098 σοφίᾳ
1622 1029 1745 1081 ἐαυκ

169 1109 269 1162 τοῦ
305 1111 568 1180 περὶτῶν
613 1113 716 1165 ὑπὸ
745 1114 834 1166 τὸν
880 1096 1108 1186 οὐρανὸν
1157 1096 1481 1187 γενομένων.
1535 1096 1614 1171 Τά
1643 1119 1751 1189 γὰρ

170 1200 321 1270 ὑπὲρ
344 1201 435 1254 τὸν
467 1204 693 1272 οὐρανὸν
720 1205 820 1257 οὐκ
845 1205 1012 1259 ἐδεῖτο
1038 1206 1132 1259 :06
1164 1207 1647 1278 ἐπισκεπτομένου,
1675 1209 1750 1273 ὡς

167 1291 297 1343 οὐδέ
344 1290 436 1343 τοῦ
473 1292 809 1362 ἰατρεύοντος
851 1295 912 1348 τὸ
949 1296 1022 1365 μὴ
1062 1298 1127 1367 τῇ
1174 1296 1313 1366 νόσῳ
1342 1282 1709 1368 κρατούμενον
1732 1315 1746 1329 ο

167 1381 298 1433 ἐπεὶ
331 1378 425 1434 οὖν
454 1383 582 1453 περὶ
611 1384 713 1452 γῆν
746 1384 813 1437 τά
850 1388 1013 1439 κακά.
1060 1386 1133 1438 Τὸ
1161 1386 1270 1457 γὰρ
1302 1388 1624 1458 ἐρπυστικὸν
1654 1390 1749 1442 καὶ

170 1463 350 1539 βίαιον
385 1470 571 1543 θηρίον
608 1474 637 1525 6
686 1473 808 1543 ὄφις
853 1476 946 1528 ἐπὶ
977 1475 1065 1546 -τῷ
1119 1477 1304 1546 στήθει
1337 1477 1430 1539 καὶ
1460 1480 1526 1548 τῇ
1572 1478 1748 1549 κοιλίᾳ

169 1560 493 1631 συρόμενος,
540 1562 735 1632 βρῶμα
783 1568 1014 1618 ποιεῖται
1041 1565 1139 1635 τὴν
1168 1566 1290 1636 γῆν,
1323 1566 1475 1618 οὐδὲν
1507 1566 1613 1619 τῶν
1654 1567 1744 1619 οὐ·

171 1651 376 1720 ρανίων
404 1651 736 1723 σιτούμενος,
764 1654 874 1706 ἀλλ’
905 1657 962 1708 ἐν
984 1656 1059 1726 τῷ
1086 1656 1405 1727 πατουμένῳ
1430 1657 1744 1728 συρόμενος,

167 1739 314 1811 πρὸς
342 1741 402 1794 :6
436 1742 773 1813 πατούμενον
818 1744 903 1798 ἀεὶ
935 1745 1145 1816 βλέπει,
1172 1746 1353 1817 τηρῶν
1384 1747 1481 1818 τὴν
1514 1749 1749 1819 πτέρναν
1780 1739 1821 1793 Β

164 1832 270 1901 τῆς
305 1831 651 1904 ἀνθρωπίνης
693 1836 937 1907 πορείας,
971 1837 1062 1889 καὶ
1094 1836 1185 1891 τὸν
1216 1837 1292 1890 ίὸν
1333 1838 1495 1915 ἐνιεὶς
1522 1839 1749 1902 ἐκείνοις

164 1922 286 1983 τοῖς
305 1921 402 1993 τὴν
425 1921 670 1986 ἐξουσίαν
699 1923 790 1976 τοῦ
818 1928 1005 1977 πατεῖν
1028 1926 1210 1979 ἐπάνω
1229 1926 1403 1996 ὄφεων
1428 1927 1744 1983 ἀπολέσασι.

165 2014 271 2065 Διά
320 2012 476 2067 τοῦτο
508 2014 675 2067 ἔδωκε
707 2017 805 2085 τὴν
831 2017 1055 2087 καρδίαν
1094 2017 1257 2071 αὑτοῦ
1312 2002 1611 2090 ἐκζητῆσαι
1657 2021 1748 2073 καὶ

165 2104 623 2174 κατασκέψασθαι
655 2107 783 2179 περὶ
816 2107 1035 2161 πάντων
1063 2109 1170 2163 τῶν
1197 2110 1501 2180 γενομένων
1532 2111 1635 2164 ὑπὸ
1657 2112 1747 2165 τὸν

164 2198 420 2268 οὐρανόν.
482 2199 569 2250 Ἐν
601 2198 708 2270 γὰρ
740 2203 848 2263 τοῖς
881 2202 1135 2274 ὑπεράνω
1174 2202 1279 2255 τῶν
1321 2202 1563 2273 οὐρανῶν
1611 2205 1745 2257 ἀτα-

165 2290 433 2347 πείνωτον
467 2290 650 2360 βλέπει
684 2292 780 2363 τὴν
813 2291 961 2347 θείαν
1011 2293 1483 2364 μεγαλοπρέπειαν
1533 2298 1561 2348 6
1606 2297 1747 2367 Προ-

166 2380 351 2454 φήτης
394 2380 565 2448 λέγων
592 2420 607 2445 ,
662 2381 1032 2455 ὃτιιἘπήρθη
1079 2386 1111 2457 ἡ
1168 2384 1606 2455 μεγαλοπρέπειά
1651 2402 1744 2438 σου

164 2458 429 2542 ὑπέράνω
476 2472 585 2526 τῶν
632 2473 874 2545 οὐρανῶν
910 2493 922 2505 ·
944 2477 1166 2548 »ἐπειδὴ
1201 2478 1292 2530 καὶ
1337 2477 1396 2533 τὸ
1425 2478 1745 2548 ἐπουράνιον

167 2564 340 2637 μέρος
381 2564 467 2618 διὰ
493 2566 592 2636 τῆς
621 2567 817 2631 κακίας
853 2569 1210 2641 ἐταπεινώθη.
1266 2569 1421 2625 υῦτω
1445 2570 1552 2641 γάρ
1583 2586 1744 2641 φησιν

162 2657 193 2709 6
230 2654 555 2729 Ψαλμῳδὸς,
586 2658 667 2711 ὃτι
696 2657 784 2710 διὰ
815 2658 912 2720 τὰς
939 2660 1211 2732 ἁμαρτίας
1241 2663 1419 2715 αὐτῶν
1447 2663 1757 2717 ἐταπεινώι

166 2744 363 2815 θησαν.
398 2746 570 2800 Τοῦτο
595 2743 773 2821 ἦλθεν,
795 2750 823 2801 6
863 2750 1295 2823 Ἐκκλησιαστὴς
1323 2752 1741 2823 ἐπισκέψασθαι,

78 2834 98 2867 ³
163 2837 217 2888 τί
252 2835 476 2904 γέγονεν
511 2837 616 2891 ὑπὸ
639 2839 728 2891 τὸν
755 2840 1000 2910 οὐρανὸν,
1031 2841 1059 2895 6
1096 2842 1169 2913 μὴ
1200 2842 1463 2913 πρότερον
1492 2839 1560 2914 ἦν
1582 2861 1596 2876 ο
1628 2844 1745 2908 πῶς

162 2925 415 2996 εἰσῆλθεν
442 2928 475 2999 η
508 2929 801 2998 ματαιότης
822 2968 838 2994 ,
888 2930 1004 2993 πῶς
1037 2930 1378 3002 ἐπεκράτησε
1409 2932 1467 2986 :6
1499 2932 1744 3005 ἀνύπαρ-

162 3033 315 3079 κτον,
351 3018 435 3081 τίς
463 3020 495 3088 ή
525 3018 811 3073 δυναστεία
857 3021 951 3074 τοῦ
1007 3022 1080 3092 μὴ
1131 3022 1483 3093 ὑπάρχοντος.
1531 3023 1604 3076 Τὸ
1632 3023 1741 3094 γὰρ
1769 3066 1813 3126 c

163 3109 336 3162 κακὸν
384 3112 771 3175 ἀνυπόστατον,
804 3114 884 3166 ὃτι
924 3117 989 3166 ἐκ
1037 3114 1130 3167 :06
1180 3114 1254 3185 μὴ
1300 3114 1452 3177 ὄντος
1483 3115 1578 3186 τὴν
1610 3116 1744 3169 ὑπό-

164 3215 358 3253 στασιν
383 3200 494 3270 ἔχει
512 3219 526 3232 ο
557 3202 616 3255 :6
638 3202 693 3257 δὲ
718 3205 780 3256 ἐκ
804 3204 897 3256 τοῦ
921 3205 1071 3268 ὄντος
1102 3206 1178 3277 μὴ
1207 3205 1287 3271 δν,
1315 3205 1438 3260 οὐδέ
1466 3209 1579 3260 ἐστι
1615 3208 1745 3261 πάν-

160 3312 273 3359 τως
305 3295 446 3349 κατὰ
471 3294 570 3365 τὴν
603 3296 736 3352 ίδίαν
758 3297 919 3367 φύσιν
941 3314 956 3331 ο
986 3299 1098 3352 ἀλλ’
1128 3299 1277 3371 ὅμως
1299 3299 1406 3355 τῶν
1426 3303 1493 3373 τῇ
1521 3301 1743 3371 ματαιό-

160 3402 288 3456 τητι
314 3384 686 3456 ὁμοιωθέντων
720 3389 1011 3458 ἐπικρατεῖ
1044 3388 1365 3459 ματαιότης.

1857 493 1916 537 ιιι
1954 483 2211 548 arbitror,
2270 474 2525 550 magnum
2572 480 2793 550 pietatis
2853 484 3197 552 mysterium,
3232 502 3425 556 nempe

1854 588 2094 643 quanam
2128 570 2194 627 de
2221 585 2387 625 causa
2440 569 2584 625 Deus
2620 572 2674 626 in
2706 585 2872 628 carne
2912 575 2985 628 sit
3016 573 3419 634 manil‘estatus.

1859 681 1877 715 ι
1927 662 2080 726 Dedi,
2124 682 2143 713 ι
2184 662 2382 732 inquit,
2438 680 2456 713 ι
2518 677 2612 716 cor
2663 678 2842 718 meum
2897 673 2957 718 ut
3012 680 3311 734 quaererem
3369 675 3425 725 et
3480 718 3483 721 .

1853 755 2239 825 investigarem
2271 756 2326 808 in
2358 756 2624 823 sapientia
2668 756 2737 810 de
2790 756 3049 812 omnibus
3103 773 3224 828 quae
3279 757 3421 816 facta

1853 854 1981 901 sunt
2001 844 2106 899 sub
2138 844 2272 898 sole.
2319 862 2338 894 ›
2401 842 2523 899 llaec
2560 852 2645 899 est
2705 860 2873 900 causa
2906 861 3007 899 cur
3046 845 3311 903 Dominus
3366 848 3421 902 in

1816 926 1825 934 ’
1852 949 2018 989 carne
2044 934 2112 989 ad
2148 934 2398 989 homines
2427 933 2729 999 advenerit,
2770 944 2823 989 et
2870 936 3012 991 inter
3042 951 3138 992 eos
3194 938 3269 993 sit
3299 954 3421 993 ver-

1852 1034 2024 1090 satus,
2051 1040 2245 1095 nempe
2275 1033 2335 1079 ut
2368 1025 2524 1080 daret
2552 1040 2649 1079 cor
2678 1041 2837 1081 suum
2861 1027 2929 1081 ad
2952 1028 3416 1083 'cmisiderandum

1851 1116 1904 1170 in
1935 1114 2199 1184 sapientia
2232 1130 2351 1178 sua,
2391 1114 2459 1169 de
2490 1115 2747 1170 omnibus
2772 1131 2893 1186 quae
2949 1115 3091 1169 facta
3153 1126 3280 1171 sunt
3315 1118 3421 1172 sub

1850 1207 2010 1261 caelo.
2037 1204 2171 1259 Nam
2201 1220 2324 1275 quae
2351 1213 2480 1260 sunt
2518 1221 2681 1275 super
2709 1206 2930 1271 coelum,
2960 1222 3072 1260 non
3096 1220 3232 1276 opus
3253 1206 3419 1263 habe-

1850 1296 1982 1350 bant
2011 1296 2196 1365 aliquo
2229 1295 2324 1365 qui
2362 1295 2685 1365 inquireret,
2721 1312 2897 1366 neque
2931 1312 2995 1352 eo
3041 1296 3135 1367 qui
3172 1298 3418 1354 medere-

1849 1393 1939 1441 tur
1971 1388 2024 1443 ei
2052 1386 2198 1457 quod
2225 1387 2415 1441 morbo
2448 1402 2556 1441 non
2605 1386 2910 1442 laborabat.
2968 1386 3235 1453 Quoniam
3288 1403 3419 1460 ergo

1850 1476 1907 1530 in
1942 1486 2088 1530 terra
2115 1480 2245 1530 sunt
2276 1475 2417 1528 mala
2444 1493 2458 1541 ;
2500 1476 2713 1545 reptilis
2733 1475 2878 1530 enim
2901 1485 2955 1530 et
2980 1476 3217 1531 violenta
3244 1477 3420 1532 bestia

1849 1583 2112 1638 serpens,
2153 1584 2274 1638 qua:
2321 1567 2564 1637 rependo
2617 1567 2864 1639 graditur
2896 1583 3062 1639 supra
3123 1576 3316 1639 pectus
3366 1576 3422 1625 et

1849 1668 2115 1719 ventrem.
2148 1667 2351 1713 terram
2380 1657 2640 1723 comedit,
2686 1668 2740 1714 et
2769 1659 2920 1713 nulla
2952 1674 3009 1714 re
3070 1674 3297 1715 vesceris
3349 1676 3417 1716 ex

1849 1750 2167 1805 ccelestibus
2192 1750 2263 1816 ⁸⁸,
2300 1750 2396 1806 sed
2427 1756 2649 1820 reptans
2685 1750 2742 1803 in
2777 1765 2841 1805 eo
2869 1749 3012 1820 quod
3045 1751 3309 1815 calcatur,
3349 1751 3416 1806 ad

1850 1843 1905 1898 id
1935 1856 2149 1911 semper
2180 1841 2378 1911 aspicit
2412 1841 2558 1911 quod
2598 1842 2869 1903 calcatur.
2905 1841 3204 1896 observans
3237 1842 3419 1895 calca--

1848 1948 2009 1988 neum
2040 1947 2261 2004 gressus
2310 1932 2570 1997 hominis,
2634 1947 2902 1987 venenum
2960 1932 3260 1989 immittens
3309 1934 3416 1989 illis

1848 2023 1941 2091 qui
1972 2024 2280 2077 amiserunt
2306 2029 2630 2093 potestatem
2651 2023 2899 2078 calcandi
2927 2038 3092 2093 super
3110 2035 3416 2094 serpentes;

1847 2123 2130 2184 propterea
2164 2113 2312 2169 dedit
2347 2129 2445 2168 cor
2473 2129 2633 2169 suum
2659 2114 2725 2168 ad
2758 2114 3146 2184 inquirendum
3193 2125 3247 2172 et
3284 2131 3419 2170 cou-

1849 2202 2203 2258 siderandum
2233 2202 2300 2258 de
2335 2202 2593 2258 omnibus
2627 2219 2749 2272 quae
2773 2203 2916 2257 facta
2946 2212 3075 2260 sunt
3113 2206 3217 2260 sub
3254 2206 3417 2262 ccelo.

1847 2298 1905 2353 In
1944 2298 2013 2352 iis
2042 2297 2186 2351 enim
2216 2311 2338 2365 qua:
2378 2305 2507 2350 sunt
2538 2312 2703 2366 supra
2735 2296 2928 2360 cmlos,
2972 2298 3199 2354 minime
3230 2299 3417 2369 depri-

1848 2380 2098 2435 mendam
2154 2379 2393 2435 divinam
2444 2380 2592 2436 videt
2633 2380 3092 2450 magniﬁcentiam
3143 2382 3418 2453 Propheta

1846 2471 2035 2527 dicens
2064 2487 2081 2523 :
2114 2489 2134 2521 ι
2170 2470 2386 2527 Elevata
2411 2479 2495 2527 est
2526 2471 2932 2542 magniﬁcentia
2959 2471 3078 2541 ejus
3112 2489 3276 2543 supra
3302 2489 3418 2529 coe-

1846 2561 2005 2618 los“.
2052 2581 2070 2612 ι
2102 2559 2561 2631 Quandoquidem
2593 2576 2657 2616 ea
2682 2576 2810 2630 pars
2849 2577 2969 2632 quae
2994 2572 3078 2617 est
3098 2563 3202 2618 sub
3237 2563 3414 2627 caelis,

1846 2654 2102 2723 depressa
2133 2662 2187 2709 et
2242 2654 2455 2724 abjecta
2491 2651 2595 2707 fuit
2628 2668 2724 2722 per
2776 2654 2991 2709 vitium.
3025 2655 3119 2710 Sic
3165 2657 3309 2711 enim
3342 2655 3421 2709 ait

1844 2744 2576 2816 Psalmographus,Propter
2593 2756 2818 2816 peccata
2841 2764 2941 2803 sua
2965 2748 3236 2803 humiliati
3265 2754 3417 2804 sunt.

1845 2837 1926 2891 Ad
1958 2836 2061 2891 hoc
2092 2835 2553 2892 considerandum
2597 2838 2748 2892 venit
2780 2837 3166 2902 Ecclesiastes,
3223 2854 3419 2910 nempe

1844 2926 2102 2997 quidnam
2134 2925 2336 2980 factum
2367 2926 2440 2981 sit
2469 2928 2572 2982 sub
2602 2931 2765 2992 coelo,
2796 2930 2939 2999 quod
2962 2930 3113 3000 prius
3141 2946 3247 2985 non
3275 2939 3415 2995 erat,

1845 3017 2300 3088 quemadmodum
2340 3017 2584 3088 ingressa
2631 3021 2702 3074 sit
2752 3021 3004 3075 vanitas:
3063 3021 3431 3091 quemadmoa

1849 3106 1976 3161 dum
2009 3106 2062 3159 id
2100 3107 2244 3177 quod
2288 3123 2394 3161 non
2430 3117 2515 3163 est
2563 3108 2874 3177 invaluerit,
2933 3125 3185 3181 quamam
3230 3111 3303 3166 sit
3337 3110 3419 3164 vis

1847 3200 1968 3269 ejus
2004 3199 2149 3268 quod
2177 3214 2289 3253 non
2319 3207 2404 3255 est
2429 3218 2442 3254 :
2482 3201 2684 3255 malum
2707 3203 2850 3256 enim
2881 3217 2989 3256 non
3016 3212 3194 3272 potest
3230 3202 3419 3256 consi—

1847 3303 2012 3356 stere,
2031 3306 2155 3346 cum
2180 3306 2244 3346 ex
2271 3306 2338 3347 eo
2360 3292 2507 3362 quod
2531 3307 2640 3347 non
2669 3301 2773 3357 est,
2790 3293 2986 3349 habeat
3013 3294 3376 3350 substantiam
3400 3312 3413 3347 :

1832 3384 1992 3457 quod
2019 3393 2202 3440 autem
2238 3399 2346 3439 non
2375 3392 2460 3440 est
2511 3400 2579 3441 ex
2612 3400 2677 3440 eo
2740 3384 2890 3455 quod
2921 3395 3026 3452 est,
3070 3402 3138 3441 ne
3190 3385 3417 3441 omnino

161 3476 386 3547 quidem
422 3483 507 3533 est
543 3478 843 3533 secundum
875 3492 1030 3535 suam
1060 3488 1313 3536 naturam
1338 3497 1354 3548 ;
1381 3487 1437 3537 et
1467 3493 1651 3537 tamen
1678 3480 1733 3536 in
1766 3494 1831 3536 ea
1857 3492 1981 3550 quae
2019 3482 2151 3531 sunt
2180 3476 2412 3530 vanitati
2443 3476 2772 3540 assimilata,
2851 3478 3195 3533 dominatum
3265 3479 3413 3535 obti-

164 3574 260 3626 net
289 3566 526 3621 vanitas.

231 3656 444 3717 *Ηλθεν
467 3653 561 3712 οὖν
601 3657 899 3728 ἐκζητῆσαι
928 3659 994 3727 τῇ
1027 3654 1218 3710 ἑαυτοῦ
1248 3655 1409 3727 σοφίᾳ
1437 3656 1490 3708 τί
1521 3655 1742 3724 γέγονεν
1802 3720 1807 3725 η

164 3751 271 3808 ὑπὸ
298 3751 393 3804 τὸν
420 3750 592 3819 ἥλιον,
622 3750 706 3812 τίς
736 3750 769 3820 ή
798 3748 1056 3819 σύγχυσις
1088 3749 1195 3801 τῶν
1224 3749 1348 3819 τῇδε
1380 3749 1740 3820 πραγμάτων,

163 3842 281 3907 πῶς
306 3841 576 3912 ἐδουλώθη
598 3841 660 3894 :6
678 3840 737 3894 δν
755 3839 830 3909 τῷ
854 3839 927 3911 μὴ
950 3840 1091 3893 ὄντιο
1128 3840 1242 3903 πῶς
1267 3839 1578 3893 δυναστεύει
1601 3838 1742 3892 κατά

160 3933 255 3989 τοῦ
308 3933 459 3994 ὄντος
504 3931 567 3983 :6
620 3932 1005 3984 ἀνυπόστατον.
1070 3947 1088 3981 ι
1118 3931 1227 3983 Καὶ
1266 3927 1403 3983 οἶδεν
1450 3931 1530 3983 ὅτι
1582 3946 1739 3997 περι-

162 4026 415 4095 σπασμὸν
446 4022 677 4093 πονηρὸν
721 4021 918 4075 ἔδωκεν
968 4022 996 4079 6
1036 4021 1167 4083 Θεὸς
1203 4023 1313 4084 τοῖς
1356 4022 1489 4084 υίοῖς
1531 4019 1742 4090 ἀνθρώ-

160 4135 305 4181 πων,
338 4115 430 4169 τοῦ
471 4113 839 4181 περισπᾶσθαι
871 4115 927 4166 ἐν
956 4112 1126 4185 αὐτῷ.
1169 4131 1186 4164 ι
1237 4112 1406 4165 Τοῦτο
1436 4112 1511 4174 δὲ,
1544 4112 1639 4181 οὐχ
1667 4111 1743 4174 ὡς

158 4212 227 4265 ἄν
253 4226 340 4271 τις
374 4210 438 4259 ἐκ
464 4205 558 4259 τοῦ
597 4205 885 4276 προχείρου
918 4205 1152 4276 νοήσειε,
1187 4192 1406 4266 εὐσεϐές
1447 4206 1593 4256 ἐστιν
1631 4204 1740 4256 οἴε-

162 4302 311 4363 σθαι,
336 4300 417 4351 ὅτι
431 4297 590 4360 αὐτὸς
620 4296 815 4349 ἔδωκεν
831 4297 859 4349 6
878 4295 1008 4357 Θεὸς
1028 4294 1117 4346 τὸν
1135 4294 1367 4364 πονηρὸν
1384 4295 1497 4356 τοῖς
1520 4294 1616 4346 ἀνθ
1625 4292 1736 4361 ρώ-

162 4410 288 4456 ποις
322 4387 734 4458 περισπασμόν·
785 4382 821 4457 ἦ
862 4388 969 4456 γὰρ
997 4387 1062 4441 ἂν
1095 4389 1173 4449 εἰς
1203 4388 1406 4439 ἐκεῖνον
1446 4388 1478 4457 ἠ
1508 4386 1615 4439 τῶν
1645 4405 1743 4439 κα-

1944 3653 2107 3710 Venit
2151 3671 2282 3725 ergo
2339 3655 2406 3710 ad
2437 3655 2822 3725 inquirendum
2865 3672 2961 3727 per
2995 3673 3149 3713 suam
3183 3661 3403 3730 sapien-

1842 3747 2004 3813 tiam,
2056 3747 2314 3815 quidnam
2381 3745 2585 3801 factum
2641 3746 2711 3802 sit
2771 3749 2876 3803 sub
2939 3749 3089 3804 sole:
3157 3766 3406 3819 quaenam

1841 3852 2024 3892 rerum
2048 3851 2169 3906 quae
2193 3836 2284 3890 hic
2323 3845 2472 3903 sunt,
2510 3837 2581 3891 sit
2625 3835 2899 3904 confusio,
2951 3839 3412 3908 quemadmodum

1839 3929 1894 3983 id
1923 3930 2065 3999 quod
2088 3936 2172 3983 est
2196 3928 2447 3984 effectum
2479 3929 2548 3984 sit
2582 3944 2801 3985 servum
2832 3929 2951 3999 ejus
2976 3930 3122 4000 quod
3155 3946 3262 3987 non
3302 3940 3409 3997 est,
3498 3950 3501 3955 ·

1844 4021 2306 4090 quemadmodum
2346 4021 2402 4075 in
2437 4020 2490 4075 id
2529 4021 2675 4091 quod
2703 4028 2810 4087 est,
2833 4020 3174 4076 dominatum
3202 4024 3415 4079 obtinet

1844 4114 1895 4167 id
1936 4113 2082 4184 quod
2116 4130 2223 4167 non
2254 4121 2434 4184 potest
2465 4114 2787 4170 consistere.
2822 4132 2840 4165 ι
2883 4112 2950 4167 Ει
2983 4117 3240 4185 cognovit
3268 4114 3415 4186 quod

1844 4206 2041 4260 malam
2099 4206 2513 4261 distractionem
2559 4205 2709 4259 dedit
2754 4204 2898 4260 Deus
2938 4203 3062 4261 [iliis
3105 4205 3413 4271 hominum,

1845 4303 1903 4348 ut
1935 4294 2377 4351 distraherentur
2406 4295 2462 4349 in
2488 4310 2572 4349 ea.
2619 4314 2639 4346 ι
2675 4293 2790 4348 Hoc
2815 4302 2996 4348 autem
3041 4310 3150 4348 non
3199 4303 3257 4350 ut
3299 4297 3417 4349 cui-

1843 4401 2006 4456 quam
2038 4387 2091 4439 in
2132 4393 2389 4455 promptu
2427 4384 2593 4440 fuerit
2618 4385 2883 4454 cogitare,
2910 4385 3057 4453 pium
3088 4393 3173 4441 est
3201 4394 3415 4455 putare,

162 4483 278 4537 κῶν
325 4480 476 4534 αἰτία
525 4476 937 4548 ἐπαναφέροιτο.
999 4477 1058 4529 'O
1085 4477 1192 4546 γὰρ
1229 4478 1296 4547 τῇ
1332 4476 1488 4545 φύσει
1518 4476 1649 4544 ἀγαθ

1931 4477 1993 4531 od
2045 4479 2162 4546 ipse
2188 4474 2331 4531 Deus
2366 4464 2575 4529 dederit
2610 4475 2810 4528 malam
2860 4474 3177 4530 hominibus
3219 4476 3418 4532 distra-

158 4576 257 4630 καὶ
290 4570 512 4641 ἀγαθῶν
539 4568 751 4631 πάντως
781 4569 1110 4639 παρεκτικὸς
1148 4568 1355 4667 γίιέεται
1380 4587 1393 4601 ο
1440 4568 1579 4622 διότι
1633 4571 1740 4622 πᾶν

164 4666 383 4738 δένδρον
424 4662 586 4723 καλὸν
620 4661 864 4734 καρποὺς
908 4660 1105 4722 καλοὺς
1138 4657 1312 4725 mit-:3,
1361 4660 1456 4715 καὶ
1480 4657 1602 4710 οὔτε
1634 4658 1742 4712 ἀπὸ

166 4756 423 4815 ἀκανθῶν
453 4753 717 4825 σταφυλὴ,
747 4753 870 4807 οὔτε
903 4752 964 4819 ἐξ
990 4753 1234 4825 ἀμπέλου
1265 4752 1474 4808 ἄκανθα
1504 4751 1697 4822 φύεται
1722 4769 1736 4783 ·

167 4852 201 4906 ὃ
241 4847 336 4904 οὖν
377 4852 442 4920 τῇ
475 4845 634 4917 φύσει
673 4846 894 4915 ἀγαθὸν,
939 4847 1038 4899 οὐκ
1077 4847 1142 4901 ἄν
1179 4863 1231 4899 τι
1271 4845 1505 4918 πονηρὸν
1533 4847 1598 4900 ἐκ
1633 4844 1742 4900 τῶν

165 4941 459 5013 θησαυρῶν
494 4938 658 4993 αὐτοῦ
692 4938 1116 5009 προχειρίσαιτο.
1153 4938 1287 4991 Οὐδὲ
1335 4938 1441 5011 γὰρ
1481 4939 1509 4990 6
1538 4937 1744 5005 ἀγαθὸς

164 5033 453 5105 ἄνθρωπος
488 5032 552 5084 ἐκ
579 5030 671 5083 :06
707 5028 1141 5100 περισσεύματος
1184 5029 1284 5100 τῆς
1330 5030 1555 5100 καρδίας
1588 5029 1744 5082 κακὰ

168 5126 342 5187 λαλεῖ,
373 5123 509 5177 ἀλλὰ
537 5122 847 5193 κατάλληλα
875 5125 940 5193 τῇ
970 5122 1162 5175 ἑαυτοῦ
1206 5122 1499 5191 φθέγγεται
1542 5124 1700 5190 φύσει
1725 5139 1738 5152 ·

167 5218 324 5286 πόσῳ
344 5212 437 5271 οὖν
464 5215 665 5286 μᾶλλον
696 5217 730 5285 ἡ
774 5215 881 5268 τῶν
914 5213 1130 5283 ἀγαθῶν
1159 5214 1310 5283 πηγὴ
1333 5214 1433 5266 οὐκ
1459 5215 1525 5268 ἄν
1550 5231 1599 5267 τι
1634 5215 1743 5267 τῶν

168 5308 427 5379 πονηρῶν
460 5308 525 5361 ἐκ
550 5307 648 5378 τῆς
680 5306 813 5369 ίδίας
842 5304 1055 5375 φύσεως
1098 5305 1352 5376 προχέοι;
1397 5304 1555 5357 Ἀλλὰ
1590 5304 1742 5359 τοῦτο

168 5401 311 5454 νοεῖν
352 5398 666 5452 ὑποτίθεται
697 5400 732 5469 ἡ
761 5395 1120 5467 εὐσεϐεστέρα
1149 5394 1378 5461 διάνοια,
1412 5396 1493 5449 ὄτι
1519 5395 1581 5449 :6
1609 5397 1745 5465 ἀγα-

171 5489 266 5547 θὸν
297 5489 392 5552 τοῦ
422 5489 560 5543 Θεοῦ
595 5489 758 5560 δόμα.
807 5485 977 5542 Τοῦτο
1022 5486 1080 5541 δέ
1122 5487 1290 5555 ἐστιν,
1331 5489 1364 5560 ἡ
1402 5487 1748 5554 αὐτεξούσιος

1849 4568 2107 4622 ctionem.
2139 4566 2231 4621 Sic
2255 4567 2401 4622 enim
2439 4566 2703 4620 malorum
2739 4580 2905 4621 causa
2937 4568 2990 4621 in
3020 4567 3170 4622 illum
3204 4565 3420 4622 conler-

1848 4667 2021 4713 retur.
2048 4657 2204 4719 Nam,
2235 4658 2327 4728 qui
2377 4666 2461 4713 est
2491 4666 2686 4711 natura
2742 4657 2943 4719 bonus,
2995 4659 3141 4712 bona
3198 4673 3419 4728 quoque

1848 4751 2050 4822 praebet
2075 4751 2318 4816 omnino,
2349 4750 2607 4820 quoniam
2634 4749 2814 4804 omnis
2848 4749 3017 4804 arbor
3042 4750 3209 4813 bona,
3243 4750 3418 4804 bonos

1850 4841 2063 4898 fructus
2092 4841 2239 4906 facit,
2266 4850 2319 4897 et
2351 4856 2528 4911 neque
2555 4855 2620 4895 ex
2653 4839 2829 4909 spinis
2858 4854 2980 4903 uva,
3013 4855 3190 4909 neque
3218 4854 3284 4895 ex
3312 4840 3418 4895 vite

1851 4936 2007 5008 spina
2035 4935 2282 4990 nascitur
2305 4934 2369 4990 ".
2396 4933 2555 4999 Quod
2577 4949 2706 5004 ergo
2727 4939 2824 4987 sua
2856 4939 2940 4987 est
2964 4939 3159 4985 natura
3190 4930 3415 4996 bonum,

1849 5044 1915 5084 ex
1948 5029 2064 5084 suis
2119 5027 2398 5083 thesauris
2449 5028 2653 5080 malum
2691 5041 2799 5080 non
2834 5024 3174 5094 produxerit.
3231 5021 3418 5091 Neque

1849 5122 1993 5178 enim
2030 5122 2205 5175 bonus
2234 5121 2394 5173 homo
2445 5134 2515 5174 ex
2562 5118 2899 5173 abundantia
2930 5116 3111 5172 cordis
3150 5116 3290 5170 mala
3342 5116 3417 5171 lo-

1848 5213 2036 5284 quitur
2061 5211 2126 5275 δδ,
2154 5211 2246 5265 sed
2284 5223 2347 5264 ea
2405 5210 2650 5279 loquitur
2684 5225 2805 5279 qua:
2859 5217 2986 5264 sunt
3043 5222 3155 5263 suae
3205 5215 3416 5261 natura:

1848 5302 2269 5361 convenientia:
2316 5310 2525 5370 quanto
2578 5315 2709 5369 ergo
2744 5300 2919 5370 magis
2965 5299 3090 5355 l‘ons
3146 5299 3419 5355 bonorum

1849 5395 1987 5451 nihil
2014 5393 2141 5448 mali
2171 5408 2238 5448 ex
2275 5406 2374 5447 sua
2406 5400 2601 5446 natura
2633 5389 2989 5461 profuderit?
3015 5390 3111 5447 sed
3145 5391 3247 5446 hoc
3281 5405 3415 5461 pra:-

1850 5485 1940 5542 bet
1974 5484 2410 5556 intelligendum,
2439 5482 2532 5555 qui
2561 5490 2645 5540 est
2677 5481 2856 5555 magis
2885 5483 3008 5555 pius
3031 5498 3248 5550 sensus,
3271 5480 3415 5554 quod

244 5661 449 5723 "Gen.
475 5678 558 5730 ιιι,
590 5663 674 5719 ιι.
753 5662 1196 5730 "Psal.cv:,l7.
1277 5661 1780 5731 "Matth.vu,16.
1856 5620 2772 5732 “Mattli.xu,5t,Luc.v:,45.
