3766 5986
281 224 384 280 639

1512 225 1569 278 S.
1612 224 1940 281 GREGORII
1982 226 2270 282 NYSSENI

3414 224 3555 281 ΜΘ·

280 335 483 390 bonum
512 342 595 388 est
623 334 827 389 donum
867 334 982 389 Dei.
1017 333 1129 389 Hoc
1156 344 1337 389 autem
1370 345 1453 390 est
1488 348 1670 391 motus
1700 340 1851 391 liberi

2003 341 2231 411 ίνησιςῆ
2281 347 2344 412 τῇ
2377 342 2785 414 διημαρτημένῃ
2833 342 2937 394 τῶν
2985 338 3284 413 ἀνθρώπων
3326 344 3569 411 χρῆσεν

283 424 515 491 arbitrii,
548 425 665 495 qui,
696 424 823 479 dum
853 440 918 480 eo
947 427 1101 481 abusi
1135 438 1261 480 sunt
1284 428 1556 487 homines.
1590 444 1850 497 ρυςοειιιε,

285 513 393 569 fuit
430 515 484 568 in
516 514 836 572 hominibus
864 518 1288 572 instrumentum
1319 519 1383 570 ad
1412 525 1715 587 peccatum.
1756 518 1857 572 Bo-

285 620 416 658 num
452 607 599 660 enim
632 613 716 662 est
769 616 962 661 natura
1010 615 1063 662 et
1110 607 1359 662 servituti
1392 624 1499 663 non
1555 609 1854 661 obnoxium

220 762 227 769 ,
290 695 523 751 liberum
582 699 893 753 arbitrium.
949 698 1106 764 Quod
1161 707 1342 752 autem
1400 710 1480 754 est
1535 701 1857 754 necessitati

293 787 620 857 subjectum,
655 790 706 843 in
744 790 900 843 bonis
938 805 1094 844 temo
1140 792 1550 856 numeraverit;
1614 791 1706 844 sed
1743 792 1857 859 ipsa

292 878 460 934 libera
487 882 685 935 mentis
717 880 998 951 appetitio,
1028 896 1152 935 cum
1188 881 1325 934 citra
1354 880 1654 951 disciplina:
1690 885 1858 938 casti--

293 972 571 1040 gationem
613 973 677 1026 ad
710 973 1019 1042 eligendum
1053 972 1241 1025 vitium
1285 972 1620 1037 deduxisset,
1672 978 1860 1031 «:ﬂ'ecta

291 1067 375 1115 cst
398 1059 596 1115 animae
623 1063 871 1126 tentatio,
904 1078 1024 1132 qua-
1056 1064 1084 1115 ti
1136 1066 1297 1118 rebus
1333 1068 1566 1119 excelsis
1600 1075 1653 1119 et
1689 1070 1861 1121 bono-

294 1150 465 1205 riticis
485 1153 749 1208 convulsa
779 1162 865 1207 est
909 1155 973 1208 ad
1016 1155 1181 1208 animi
1213 1167 1413 1221 ntotus,
1441 1161 1533 1228 qui
1578 1160 1865 1215 vehemen-

243 1307 246 1311 ι
299 1251 382 1297 ter
407 1244 731 1313 perturbant
756 1251 808 1298 et
838 1244 1097 1299 alliciunt.
1134 1245 1247 1301 Hoc
1276 1256 1359 1302 est
1394 1250 1537 1319 quod
1592 1251 1866 1321 significat

298 1334 432 1388 illttd
464 1352 483 1386 ι
518 1334 687 1389 dedit.
728 1354 745 1387 ι
785 1335 902 1391 Non
939 1339 1083 1408 quod
1137 1341 1252 1410 ipse
1301 1343 1501 1396 malum
1534 1343 1657 1397 vitae
1692 1344 1868 1398 homi-

299 1441 431 1480 num
482 1426 759 1494 indiderit,
813 1428 906 1483 sed
941 1430 1085 1499 quod
1127 1430 1286 1486 bonis
1333 1448 1455 1502 qua:
1491 1448 1518 1486 a
1576 1433 1683 1488 Deo
1741 1434 1868 1490 data

301 1525 452 1580 sunt,
485 1517 650 1572 homo
682 1529 900 1588 propter
934 1523 1173 1592 inepiatn
1211 1524 1450 1589 consilii,
1483 1540 1621 1580 usus
1652 1526 1719 1580 sit
1749 1533 1870 1580 tan-

300 1624 461 1678 quam
488 1610 749 1664 malorum
775 1610 1144 1666 adminiculis.
1164 1611 1459 1669 Consuevit
1478 1618 1658 1670 autem
1682 1627 1869 1672 sancta

1956 430 2183 501 ὁργανον
2210 434 2289 495 εἰς
2317 434 2587 504 ἁμαρτίαν
2616 435 2846 502 ἐγένετο.
2893 435 3114 501 Ἀγαθὸν
3142 433 3246 504 γὰρ
3266 437 3333 503 τῇ
3360 433 3528 501 φύσει

1954 519 2014 571 τὸ
2061 520 2399 584 αὐτεξούσιον
2446 524 2539 576 καὶ
2577 524 2890 590 ἀδούλωτον,
2932 524 2993 575 τὸ
3027 523 3083 576 δὲ
3116 522 3528 591 ὑπεζευγμένων

1957 610 2242 677 ἀνάγκαις,
2282 613 2383 664 οὐκ
2430 613 2495 667 ἄν
2530 631 2612 677 τις
2641 615 2697 667 ὲν
2729 615 2951 682 ἀγαθοῖς
2982 614 3371 685 ἀριθμήσειὲψ
3408 613 3535 666 ἀλλ’

1958 702 1991 769 ή
2021 699 2365 767 αὑτεξούσιος
2397 703 2536 774 αὕτη
2562 706 2661 774 τῆς
2693 705 2931 769 διανοίας
2962 706 3105 777 ὁρμὴ
3134 706 3528 774 ἀπαιδαγωγή-
3564 704 3571 707 ’

1958 807 2063 854 τως
2094 793 2230 862 πρὸς
2254 794 2354 864 τὴν
2389 796 2597 866 αἵρεσιν
2622 796 2721 866 τῆς
2765 796 2959 860 κακίας
2991 798 3358 867 ἀπορρυεῖσα,
3407 813 3537 848 πει-

1962 883 2167 952 ρασμὸς
2192 883 2291 953 τῆς
2321 884 2498 955 ψυχῆς
2526 885 2739 953 ἐγένετο
2762 928 2777 951 ,
2827 887 2933 941 ἀπὸ
2965 887 3071 940 τῶν
3099 887 3318 958 ὑψηλῶν
3343 905 3404 940 τε
3436 890 3537 942 καὶ

1959 974 2173 1043 τιμίων,
2207 974 2342 1045 πρὸς
2370 977 2468 1039 τὰς
2494 976 2757 1047 ἐμπαθεῖς
2783 978 2879 1048 τῆς
2908 978 3118 1047 φύσεως
3156 979 3399 1047 κινήσεις
3432 995 3535 1031 κα-

1960 1063 2384 1136 τασπασθείσης.
2410 1065 2578 1119 Τοῦτό
2602 1069 2745 1121 ἐστιν
2771 1067 2799 1120 6
2821 1067 3073 1138 σημαίνει
3093 1067 3150 1120 τὸ
3187 1087 3204 1118 ι
3244 1067 3472 1128 ἔδωκεν,
3511 1090 3545 1120 »ο

1961 1155 2059 1224 οὐχ
2087 1156 2168 1209 ὅτι
2197 1156 2357 1220 αὐτὸς
2383 1157 2443 1209 τὸ
2473 1158 2640 1211 κακὸν
2680 1160 2746 1228 τῇ
2798 1158 2903 1221 τῶν
2942 1157 3240 1228 ἀνθρώπων
3283 1157 3399 1228 ζωῇ
3452 1160 3536 1209 ἐν-

1963 1248 2237 1317 εποίησεν,
2273 1247 2388 1300 ἀλλ⁹
2413 1249 2494 1301 ὅτι
2541 1251 2654 1310 τοῖς
2692 1248 2842 1319 παρὰ
2875 1247 3009 1300 Θεοῦ
3039 1247 3268 1301 δοθεῖσιν
3306 1247 3543 1315 ἀγαθοῖς

1964 1339 1992 1390 6
2014 1338 2108 1392 ἀνθ
2117 1356 2295 1409 ρωπος
2318 1339 2420 1392 ὑπὸ
2442 1338 2695 1402 ἀὸουλίας
2712 1340 2895 1394 κακῶν
2916 1338 3216 1409 ὑπηρεσίαν
3239 1339 3540 1409 ἐχρήσατο.

1966 1426 2201 1498 Σύνηθες
2225 1429 2281 1482 δέ
2310 1430 2424 1483 ἐστι
2453 1432 2518 1500 τῇ
2549 1430 2679 1500 ἀγίᾳ
2712 1431 2900 1499 Γραφῇ
2927 1430 2993 1481 τά
3019 1428 3241 1482 τοιαῦτα
3271 1427 3380 1481 τῶν
3413 1446 3539 1501 νοη-

1971 1521 2154 1591 μάτων
2197 1524 2318 1585 ταῖς
2365 1521 2640 1585 τοιαύταις
2670 1521 3011 1591 ἐξαγγέλλειν
3054 1523 3257 1589 φωναῖς
3287 1538 3301 1551 ⁸
3352 1521 3544 1585 ὡςτὸ,

1922 1678 1927 1683 ἦ
1976 1632 1993 1663 ι
2014 1613 2336 1682 Παρέδωκεν
2366 1614 2561 1678 αὐτοὺς
2588 1616 2617 1667 6
2650 1613 2783 1679 Θεὸς
2822 1616 2900 1676 εἰς
2932 1611 3073 1682 πάθη
3097 1612 3350 1682 ἀτιμίαςο
3373 1633 3391 1664 ι
3422 1616 3543 1675 καὶ,

304 1698 586 1770 Scriptura
618 1701 756 1756 tales
789 1717 987 1757 sensus
1034 1703 1348 1773 huiusmodi
1387 1706 1678 1761 enuntiare
1730 1708 1872 1762 voci-

2023 1705 2260 1758 Ἐδωκεν
2279 1705 2472 1769 αὐτοὺς
2486 1708 2564 1769 εις
2578 1706 2833 1776 ἀδόκιμον
2854 1704 2995 1767 νοῦν,
3021 1724 3038 1754 ι
3059 1705 3149 1775 καὶ
3167 1723 3184 1755 ι
3209 1705 3405 1775 Ἑσκλή
3414 1724 3545 1778 ρυνε

304 1791 426 1857 bus,
482 1801 537 1845 ut
571 1792 696 1857 hoc,
761 1812 778 1845 ι
843 1794 1092 1848 Tradidit
1150 1811 1245 1850 eos
1278 1797 1419 1852 Deus
1482 1798 1534 1851 in
1588 1800 1871 1868 passiones

304 1882 699 1952 ignominiaa".
746 1904 764 1938 ι
804 1884 886 1950 Et,
915 1904 933 1937 ι
970 1885 1123 1941 Dedit
1158 1902 1252 1942 eos
1289 1888 1428 1945 Deus
1473 1890 1526 1943 in
1584 1891 1871 1960 reprobum

303 1977 614 2030 sensum”.
660 1998 677 2030 ι
712 1977 796 2040 Ει,
842 1998 859 2031 ι
903 1980 1186 2035 lnduravit
1220 1996 1316 2036 cor
1370 1980 1671 2039 Pharaoais
1692 1983 1773 2050 ⁸¹;
1816 1993 1874 2040 et

303 2067 463 2131 illud,
501 2080 534 2119 «κ
562 2069 839 2126 Aberrare
875 2086 975 2126 nos
1020 2070 1198 2127 fecisti
1227 2087 1257 2126 a
1306 2074 1390 2126 via
1434 2081 1545 2135 tua,
1604 2075 1872 2130 indurasti

302 2157 470 2212 corda
508 2168 715 2225 nostra,
748 2170 804 2215 ut
835 2169 886 2216 te
914 2177 1021 2216 non
1046 2163 1301 2224 timerent
1322 2164 1389 2216 δ’.
1425 2183 1441 2214 ι
1471 2163 1551 2229 Ει,
1587 2186 1604 2216 ι
1638 2165 1875 2221 Abduxit

302 2258 399 2299 eos
425 2245 479 2300 in
510 2247 678 2312 invio,
707 2257 760 2302 et
787 2264 894 2302 non
931 2249 984 2304 in
1016 2250 1099 2304 via
1123 2251 1192 2297 ⁵³.
1251 2269 1270 2301 ι
1302 2250 1388 2316 Ει,
1431 2270 1449 2301 ι
1493 2250 1765 2322 Decepisti
1790 2268 1876 2308 me

300 2342 356 2389 et
389 2335 647 2407 deceptus
681 2353 798 2392 sum
824 2340 872 2371 δι
899 2359 911 2394 :
956 2359 975 2390 ι
1006 2348 1059 2394 et
1087 2356 1428 2412 quaecunque
1457 2351 1587 2397 sunt
1634 2342 1876 2411 ejusmo-

303 2425 463 2485 di.itt
503 2430 703 2498 quibus
732 2440 961 2487 exactus
1012 2447 1211 2488 sensus
1248 2449 1356 2487 non
1407 2433 1651 2487 ostendit
1700 2433 1881 2489 homi-

309 2534 441 2572 num
477 2521 758 2592 quidpiam
791 2538 821 2576 a
850 2521 960 2577 Deo
997 2524 1280 2579 exstitisse
1303 2524 1359 2578 in
1383 2523 1620 2578 humana
1651 2536 1875 2580 natura:

307 2607 400 2664 sed
441 2619 762 2679 potestatem
794 2612 1021 2669 accusat
1058 2626 1111 2669 et
1140 2615 1482 2679 libertatem,
1521 2632 1642 2684 quae
1677 2618 1877 2670 bonum

305 2700 525 2768 quidem
557 2710 664 2768 est,
697 2711 749 2758 et
778 2703 872 2758 Dei
907 2704 1109 2759 donum
1149 2716 1359 2759 natura:
1400 2704 1587 2761 datum
1616 2725 1629 2760 :
1680 2706 1879 2761 malum

308 2796 490 2844 autem
522 2792 699 2847 evasit
733 2803 953 2862 propter
980 2796 1395 2865 propensionem
1448 2796 1514 2852 ad
1546 2798 1878 2851 contrarium

308 2881 533 2935 malum.
569 2883 717 2938 Vidit
759 2902 890 2955 ergo
934 2886 1293 2943 Ecclesiastes
1328 2888 1508 2942 omnia
1557 2905 1678 2958 qua:
1742 2890 1882 2942 facta

310 2980 437 3026 sunt
470 2973 521 3026 iu
552 2977 684 3038 vita,
720 2994 840 3045 qua:
873 2987 957 3032 est
998 2979 1102 3033 sub
1136 2980 1271 3039 sole,
1306 2980 1448 3048 quod
1495 2982 1676 3041 omnia
1726 2987 1883 3034 erant

310 3064 546 3137 vanitas.
579 3084 595 3115 ι
640 3065 757 3119 Νοιι
788 3077 907 3121 erat
938 3069 1083 3122 enim
1117 3070 1208 3138 qui
1247 3071 1588 3137 intelligeret,
1626 3087 1732 3124 non
1768 3080 1884 3124 erat

310 3154 404 3221 qui
447 3152 612 3206 Deum
662 3156 963 3224 requireret
983 3157 1069 3212 ⁵⁸ς
1122 3178 1138 3208 ι
1196 3157 1634 3227 quandoquidem
1698 3174 1884 3213 omnes

310 3243 745 3309 declinaverunt,
793 3247 956 3300 simul
1007 3248 1226 3303 inutiles
1321 3247 1447 3302 facti
1514 3255 1662 3302 sunt.
1746 3245 1882 3299 Pro-

312 3343 494 3403 pterea
530 3352 654 3389 cum
689 3336 959 3393 dixisset:
991 3359 1007 3390 ι
1050 3339 1190 3394 Ecce
1223 3342 1399 3395 omnia
1439 3341 1669 3413 vanitas,
1698 3359 1715 3391 ι
1762 3341 1884 3394 sub-

308 3427 484 3494 junxit
520 3443 763 3493 causam,
820 3447 1012 3501 nempe
1057 3432 1200 3502 quod
1228 3431 1376 3499 Deus
1424 3448 1529 3485 non
1571 3438 1655 3486 est
1713 3446 1881 3486 causa

314 3519 531 3582 borum,
588 3521 682 3575 Sed
727 3522 976 3577 humana:
1021 3522 1375 3591 appetitionis
1424 3523 1592 3575 libeta
1644 3521 1877 3585 electio,

312 3624 475 3677 quam
503 3613 716 3664 vocavit
761 3613 1035 3681 spiritum.
1078 3611 1235 3665 llttnc
1279 3621 1459 3665 autem
1497 3620 1721 3666 accusat
1769 3611 1881 3680 spi-

1972 1797 2069 1867 τὴν
2104 1797 2329 1867 καρδίαν
2356 1796 2551 1868 Φαραώ
2583 1814 2596 1827 ο
2617 1796 2741 1849 »καὶ
2784 1796 2862 1859 τὸ,
2894 1816 2911 1847 ι
2944 1796 3006 1847 Τί
3035 1795 3343 1866 ὲπλὰνησας
3367 1798 3557 1867 ἡμᾶς,

1973 1889 2164 1959 Κύριε,
2196 1887 2301 1941 ἀπὸ
2328 1889 2425 1959 τῆς
2466 1887 2584 1941 ὁδοῦ
2625 1905 2737 1951 σου,
2784 1887 3120 1959 ὲσκλήρυνας
3167 1888 3263 1951 τὰς
3317 1889 3550 1959 καρδίας

1973 1977 2127 2049 ήμῶν
2146 1978 2239 2032 τοῦ
2265 1977 2339 2049 μὴ
2358 1978 2637 2047 φοϐεῖσθαί
2667 1993 2724 2030 σε
2739 1992 2780 2041 ;t
2800 1978 2912 2040 καὶ,
2937 1997 2955 2029 ι
2995 1979 3323 2050 Ἐπλάνησεν
3346 1982 3549 2043 αὐτοὺς

1976 2070 2031 2120 ὲν
2066 2070 2249 2138 ἀὸάτῳ
2280 2070 2372 2121 καὶ
2391 2068 2487 2139 οὐχ
2509 2068 2629 2139 ὀδῷ·
2652 2089 2670 2121 ι
2699 2070 2837 2132 mi.”
2864 2069 3176 2139 Ίπίπάτησάς
3199 2088 3265 2139 με
3287 2071 3381 2123 καὶ
3402 2072 3531 2141 ἡπασ

1975 2159 2145 2229 τήθην
2174 2176 2187 2191 ·
2212 2160 2334 2212 »καὶ
2373 2160 2472 2212 ὅσα
2504 2160 2711 2224 τούτοις
2746 2162 2891 2213 ἐστὶν
2924 2162 3231 2231 ὁμότροπα,
3280 2164 3364 2229 ἐφ’
3405 2155 3482 2215 ὧν
3514 2163 3551 2231 ἡ

1976 2251 2207 2322 ἀκριϐὴς
2257 2251 2461 2307 διάνοια
2510 2253 2569 2304 οὑ
2617 2252 2675 2304 τὸ
2708 2251 2856 2323 παρά
2893 2252 2983 2304 τοῦ
3034 2252 3166 2305 Θεοῦ
3211 2269 3263 2305 τι
3309 2254 3418 2307 τῶν
3450 2256 3546 2306 ἀν-

1979 2341 2045 2411 θρ
2066 2341 2209 2393 ἵιπων
2242 2341 2552 2410 ἐγγενέσθαι
2586 2343 2650 2412 τῇ
2691 2340 3000 2412 ἀνθρωπίνῃ
3034 2343 3312 2411 συνίστησι
3349 2342 3511 2410 φύσει
3533 2361 3547 2373 ο

1978 2433 2111 2485 ἀλλὰ
2141 2436 2433 2503 κατηγορεῖ
2457 2436 2554 2501 τῆς
2585 2435 2853 2501 ἐξουσίας,
2885 2436 2917 2505 ἢ
2950 2435 3155 2503 ἀγαθὸν
3183 2436 3279 2505 μέν
3307 2438 3426 2487 ἐστι
3457 2438 3550 2488 καὶ

1980 2524 2111 2577 Θεοῦ
2140 2524 2310 2594 δῶρον
2334 2526 2611 2596 δεδομένον
2656 2529 2721 2597 τῇ
2752 2525 2907 2594 φύσει
2943 2544 2957 2559 ο
3011 2527 3200 2595 γέγονε
3224 2527 3296 2589 δὲ,
3329 2528 3420 2580 διὰ
3449 2529 3550 2595 τῆς

1981 2612 2116 2684 πρὸς
2142 2612 2202 2666 τὸ
2238 2613 2476 2666 ἐναντίον
2507 2614 2677 2686 ῥοπῆς
2711 2613 2893 2667 κακόν.
2937 2609 3089 2667 Εἷδεν
3122 2611 3212 2668 οὖν
3249 2618 3277 2668 ὁ
3317 2616 3557 2685 Ἐκκλη-

1982 2704 2203 2775 σιαστὴς
2252 2704 2542 2775 σύμπαντα
2582 2705 2648 2758 τὰ
2699 2706 3040 2776 πεποιημένα
3089 2708 3146 2758 ὲν
3190 2705 3267 2777 τῷ
3305 2707 3411 2758 ὑπὸ
3456 2709 3551 2759 τὸν

1980 2796 2127 2866 ἣλιον
2164 2795 2292 2866 βίῳ,
2320 2798 2397 2848 ὅτι
2425 2797 2599 2850 πάντα
2631 2792 2698 2867 ἦν
2733 2798 3045 2867 ματαιότης.
3087 2818 3103 2847 ι
3142 2798 3255 2849 Οὐκ
3282 2792 3350 2868 ἦν
3378 2797 3491 2866 γὰρ
3521 2797 3553 2848 6

1986 2887 2196 2951 συνιῶν,
2227 2887 2325 2939 ούκ
2350 2882 2414 2957 ἦν
2444 2889 2471 2938 ὁ
2501 2886 2745 2955 ἐκζητῶν
2782 2885 2869 2938 τὸν
2901 2886 3032 2937 Θεόν
3052 2903 3065 2914 ·
3091 2905 3109 2936 ι
3132 2884 3318 2953 ἐπειδὴ
3346 2884 3553 2947 πάντες

1986 2976 2276 3042 ἐξέκλιναν,
2322 2976 2437 3046 ἅμα
2466 2974 2868 3046 ἠχρειώθησαν.
2913 2975 3009 3027 Διά
3046 2972 3201 3026 τοῦτο
3241 2972 3430 3037 εἰπὼν,
3462 2975 3575 3027 ὅτι·

1996 3089 2012 3117 ι
2040 3065 2137 3121 Καὶ
2174 3068 2280 3121 ἰδοὺ
2309 3068 2375 3121 τὰ
2422 3069 2597 3122 πάντα
2633 3067 2947 3138 ματαιότης,
2989 3085 3007 3117 ι
3057 3065 3155 3136 τὴν
3190 3065 3366 3119 αἰτίαν
3410 3068 3542 3136 ἐπή-

1986 3175 2174 3226 γαγεν,
2206 3159 2286 3211 ὅτι
2315 3159 2411 3228 οὐχ
2452 3160 2481 3211 6
2520 3159 2649 3224 Θεὸς
2679 3158 2879 3211 τούτων
2910 3158 3097 3223 αἴτιος,
3140 3156 3272 3209 ἀλλὰ
3298 3159 3332 3226 ἡ
3360 3158 3557 3226 προαί-

1989 3265 2137 3318 ρεσις
2163 3250 2260 3316 τῆς
2293 3249 2636 3320 ἀνθρωπίνης
2663 3250 2857 3319 ὁρμῆς,
2889 3248 2954 3319 ἢν
2994 3247 3206 3317 πνεῦμα
3246 3248 3552 3317 ὠνόμασεν.

1990 3339 2297 3408 Κατηγορεῖ
2324 3340 2380 3393 δὲ
2399 3339 2587 3393 τούτου
2617 3339 2709 3393 τοῦ
2738 3339 3064 3409 πνεύματος,
3092 3338 3189 3408 οὐχ
3208 3338 3287 3390 ὅτι
3314 3336 3555 3390 τοιοῦτον

1989 3426 2047 3492 ἐξ
2092 3430 2264 3499 ἀρχῆς
2315 3426 2381 3502 ἦν
2420 3447 2434 3461 ’
2505 3431 2544 3504 ἦ
2578 3431 2685 3503 γὰρ
2736 3430 2800 3484 ἂν
2857 3429 2960 3495 ἔξω
3010 3428 3338 3499 κατηγορίας
3391 3423 3547 3499 ἦνιεξ

1987 3521 2226 3574 τοιοῦτον
2261 3523 2497 3591 ἐγένετο”
2519 3525 2630 3577 ἀλλ’
2656 3526 2737 3578 ὅτι
2769 3524 3094 3596 διαστραφὲν
3122 3521 3432 3593 ἐξηρμόσθη
3460 3521 3559 3573 τοῦ

1988 3614 2213 3683 κόσμου.

312 3702 497 3768 ritum,
529 3720 634 3757 nou
667 3705 811 3774 quod
858 3706 979 3759 talis
1006 3714 1151 3759 esset
1198 3707 1266 3758 ab
1311 3706 1503 3760 initio:
1561 3703 1694 3759 nulli
1727 3704 1872 3760 enim
1911 3707 2130 3761 crimini
2166 3709 2357 3763 fuisset
2388 3707 2580 3771 aliiuis,
2606 3708 2650 3763 si
2681 3707 2806 3761 talis
2838 3714 2998 3760 natus
3027 3714 3209 3767 esset;
3255 3704 3348 3758 sed
3410 3702 3556 3771 quod

313 3807 601 3862 pet-versus
633 3798 699 3849 ab
723 3805 1047 3851 ornamento
1074 3796 1413 3852 discesserit.

390 4006 408 4039 ι
454 3985 805 4051 Perversum,
841 4005 858 4038 ι
900 3987 1096 4057 inquit,
1128 4008 1144 4038 ι
1178 4003 1286 4042 non
1309 3988 1505 4057 poterit
1524 3992 1778 4044 exornari
1807 4010 1820 4045 :
1853 4008 1872 4041 ι

316 4080 421 4137 hoc
446 4062 560 4144 lest,
586 4094 905 4149 perversum
936 4095 1044 4134 non
1073 4080 1237 4137 fuerit
1261 4081 1595 4137 conveniens
1616 4091 1883 4138 creatum

315 4186 346 4225 a
378 4170 487 4226 Deo
535 4152 834 4226 exornatae.
892 4169 1178 4237 Quomodo
1225 4172 1370 4226 enim
1419 4171 1638 4234 artifex,
1673 4173 1767 4243 qui
1818 4189 1881 4228 ex

315 4261 600 4332 proposito
622 4261 830 4331 aliquid
857 4261 961 4315 sibi
989 4259 1313 4323 labricatur,
1338 4263 1526 4332 regula
1554 4273 1603 4318 et
1634 4263 1722 4318 [ilo
1751 4264 1887 4319 diri-

318 4352 397 4422 git
437 4360 620 4422 partes
654 4370 775 4423 quae
807 4351 1143 4407 concludunt
1194 4352 1342 4408 vasis
1394 4350 1758 4422 eﬂectionem,
1792 4370 1887 4425 per
1919 4393 1961 4448 Β

321 4444 673 4498 artiﬁciosam
710 4443 776 4498 ad
826 4461 885 4500 se
938 4445 1168 4499 invicem
1207 4444 1604 4502 habitudinem.
1649 4446 1704 4500 Si
1754 4446 1886 4516 quid

322 4546 501 4587 autem
541 4550 605 4587 ex
636 4534 722 4589 bis
778 4535 843 4588 ad
879 4535 1026 4589 tilum
1057 4551 1167 4590 non
1219 4535 1290 4591 sit
1321 4535 1616 4601 directum,
1670 4552 1889 4607 perver-

320 4627 530 4679 sionem
560 4626 786 4679 omnino
812 4642 920 4680 non
961 4627 1217 4698 suscipit,
1262 4644 1384 4698 qua:
1411 4636 1558 4682 recta
1590 4637 1708 4684 erat
1736 4644 1887 4685 com-

318 4730 457 4784 pago
477 4713 807 4785 etjunctura
835 4733 849 4781 ;
878 4717 973 4771 sed
996 4716 1049 4770 id
1083 4733 1301 4788 quoque
1322 4718 1388 4772 ad
1414 4717 1561 4772 filum
1586 4718 1889 4774 deducatur

317 4814 552 4876 Oportet,
584 4813 643 4861 ut
683 4814 889 4862 rectum
927 4807 1038 4872 liat,
1075 4809 1121 4862 si
1159 4809 1399 4863 futurum
1434 4817 1518 4864 est
1553 4818 1610 4862 ιιι
1641 4826 1764 4865 cum
1795 4826 1885 4875 eo,

317 4898 465 4968 quod
510 4908 720 4955 rectum
778 4908 902 4964 est,
963 4898 1352 4970 conjungatur.
1412 4899 1485 4954 Ita
1539 4901 1700 4954 etiam
1758 4901 1890 4957 dicit

320 4989 711 5056 Ecclesiastes,
738 4992 883 5061 quod
915 5007 1037 5061 qua:
1065 5005 1094 5042 a
1116 4992 1249 5044 vitio
1278 5007 1531 5059 perversa
1556 5001 1641 5047 est
1668 5000 1892 5057 natura,

322 5099 431 5137 non
482 5090 662 5153 potest
694 5084 878 5140 inesse
906 5090 1178 5137 creaturae
1226 5098 1255 5135 a
1289 5094 1436 5137 recta
1484 5084 1695 5139 ratione
1730 5100 1893 5139 exor-

322 5164 482 5229 natae.
524 5196 541 5226 ι
588 5173 655 5229 Et
681 5176 956 5239 defectus,
992 5195 1009 5226 ι
1052 5175 1257 5244 inquit,
1295 5195 1313 5226 ι
1354 5190 1461 5229 non
1494 5185 1674 5245 potest
1698 5192 1891 5231 nume-

323 5270 456 5322 rari.
520 5288 538 5315 ι
598 5267 840 5323 Deﬁcere
900 5267 1072 5337 accipi
1142 5284 1239 5338 pro
1309 5284 1510 5339 egere,
1570 5285 1671 5324 nos
1729 5269 1891 5324 docet

323 5359 665 5414 consuetudo
726 5357 1067 5430 Scriptum;
1106 5360 1275 5432 idque
1322 5377 1387 5417 ex
1440 5363 1629 5418 multis
1668 5359 1891 5432 probari

398 5558 442 5632 ξι
474 5558 828 5632 nom..,2_6._
872 5560 918 5591 ιο
946 5560 1184 5617 ibid-28.
1261 5567 1305 5597 ιι
1336 5564 1507 5619 Exod.
1540 5521 1616 5632 ιιι,
1648 5564 1737 5617 ει.

335 5619 539 5684 "Psal.
570 5619 694 5694 λιιι,
726 5629 780 5692 ε,
800 5628 852 5681 ὅ.

1852 5562 2014 5620 "lsa.
2042 5575 2194 5625 thtt,
2227 5557 2311 5610 17.

2051 3999 2068 4031 ι
2093 3978 2529 4049 Διεστραμμένον
2556 3996 2573 4028 ι
2610 3975 2737 4046 γὰρ,
2776 3973 2958 4042 φησιν,
2998 3990 3017 4022 ι
3046 3970 3105 4023 ού
3127 3969 3411 4038 δυνήσεται
3437 3971 3557 4041 ἐπι-

1978 4072 2350 4144 κοσμηθῆναι·
2382 4089 2398 4119 ι
2429 4067 2721 4129 τουτέστιν,
2748 4064 2851 4117 οὐκ
2870 4063 2935 4116 ἂν
2964 4062 3174 4131 γένοιτο
3198 4061 3264 4130 τῇ
3290 4057 3440 4129 παρὰ
3466 4061 3559 4111 τοῦ

1980 4164 2113 4217 Θεοῦ
2124 4180 2188 4216 κο
2198 4160 2364 4232 τμηθε
2375 4160 2461 4231 ίσῃ
2475 4159 2643 4212 κτίσει
2658 4157 2854 4209 οἰκεῖον
2872 4154 2932 4207 τὸ
2944 4153 3559 4221 ὲνδιάστροφον.Ὠσπερ

1983 4260 2090 4331 γὰρ
2105 4261 2131 4312 6
2145 4256 2393 4325 τεχνίτης
2409 4256 2435 4306 6
2451 4252 2590 4307 κατά
2606 4248 2857 4322 πρόθεσίν
2870 4266 2920 4302 τι
2936 4246 3109 4319 ἑαυτῴ
3124 4245 3560 4315 τεκταινόμενος,

1990 4349 2171 4403 κανόνι
2205 4344 2295 4399 καὶ
2329 4343 2554 4412 σπάρτῳ
2581 4338 2844 4393 διευθύνει
2872 4336 2939 4389 τὰ
2971 4334 3113 4406 μέρη
3158 4332 3226 4385 τὰ
3267 4331 3365 4401 τὴν
3395 4332 3561 4399 ἐπερ-

1989 4441 2185 4510 γασίαν
2231 4436 2322 4489 τοῦ
2360 4433 2584 4495 σκεύους
2610 4431 2698 4485 διὰ
2733 4431 2835 4498 τῆς
2869 4426 3121 4499 τεχνικῆς
3170 4424 3303 4496 πρὸς
3361 4421 3562 4510 ἄλληλα

1991 4508 2228 4600 σχέσεως
2264 4520 2701 4596 συμπεραίνοντα
2733 4541 2746 4554 ·
2780 4521 2826 4572 εἰ
2861 4517 2918 4570 δέ
2962 4533 3016 4568 τι
3046 4513 3250 4567 τούτων
3297 4511 3375 4582 μὴ
3425 4508 3563 4564 κατὰ

1988 4612 2381 4690 τὴνσπάρτην
2423 4609 2781 4678 διευθυνθείη.
2826 4608 2887 4660 οὐ
2939 4605 3299 4677 παραδέχεται
3348 4602 3565 4662 πάντως

1987 4712 2086 4781 τὴν
2115 4707 2444 4779 διαστροφὴν
2490 4708 2522 4776 ἡ
2573 4702 2734 4772 εὐθὴς
2762 4699 3019 4771 ἁρμονία,
3048 4695 3185 4750 ἀλλά
3211 4694 3316 4768 χρὴ
3346 4694 3563 4746 κάκεῖνο

1992 4803 2300 4875 ὐπαχθῆναι
2350 4801 2417 4870 τῇ
2457 4797 2675 4868 σπάρτῃ
2704 4793 2798 4847 καὶ
2839 4790 2968 4844 εύθῦ
2997 4787 3265 4861 γενέσθαι,
3302 4789 3350 4838 εί
3383 4786 3564 4856 μέλλοι

1990 4898 2068 4968 τῷ
2112 4882 2259 4948 έὺθεῖ
2294 4886 2761 4962 συναρμόζεσθαι·
2810 4882 2954 4938 οὓτω
2986 4881 3147 4950 φησιν
3177 4880 3206 4932 ό
3242 4877 3563 4949 Ἐκκλησια-

1992 4989 2142 5060 στὴς,
2176 4974 2258 5040 ὅτι
2283 4988 2316 5054 ὴ
2358 4983 2506 5054 παρά
2537 4980 2636 5048 τῆς
2668 4976 2863 5038 κακίας
2891 4972 3279 5042 διαστραφεῖσα
3311 4969 3564 5060 φύσιςῐτῇ

1993 5059 2385 5148 κεκοσμημένη
2408 5074 2512 5127 ὑπὸ
2544 5070 2637 5125 τοῦ
2667 5067 2824 5141 ὀρθοῦ
2855 5066 3015 5133 λόγου
3042 5062 3216 5116 κτίσει
3246 5059 3564 5129 ἐγγενέσθαι

1995 5175 2054 5226 οὐ
2094 5171 2335 5224 δύναται.
2390 5186 2408 5218 ι
2454 5164 2562 5219 Καὶ
2595 5161 2900 5233 ὑστέρημα,
2958 5176 2976 5209 ι
3016 5154 3200 5225 φησιν,
3234 5170 3261 5208 ,ι
3307 5150 3367 5203 οὑ
3412 5150 3561 5220 6w!)-

1999 5280 2148 5316 σεται
2181 5257 2567 5331 ἀριθμηθῆναι.
2628 5271 2646 5304 ι
2696 5246 3065 5319 ’Υστερεῐοθαι
3100 5244 3161 5297 τὸ
3192 5242 3493 5303 λείπεσθαι,
3529 5242 3566 5312 ἡ

1999 5352 2241 5427 γραφικὴ
2298 5347 2551 5419 συνήθεια
2617 5346 2755 5397 νοεῖν
2810 5339 3084 5394 διδάσκει*
3146 5336 3239 5389 καὶ
3297 5332 3456 5387 τοῦτο
3503 5333 3565 5384 ἐκ

2426 5549 2629 5605 "Psal.
2658 5563 2765 5609 ενι,
2800 5545 2879 5599 i0.
2993 5542 3036 5573 "'
3062 5540 3260 5594 Jeretu.
3293 5553 3384 5604 xx,
3415 5536 3494 5592 10.
