3766 5986
216 162 312 218 6H

1295 155 1364 210 IN
1405 151 1937 212 ECCLESIASTEN.
1962 154 2255 214 HOMILIA
2285 157 2352 213 ll.

3337 165 3447 224 εις

217 276 421 333 πολλῶν
459 269 574 331 ἔστι
611 267 1008 330 πιστώσασθαι.
1054 275 1111 330 '0
1142 273 1252 346 γάρ
1290 276 1350 328 ἐν
1392 276 1555 330 παντὶ
1585 278 1678 330 καὶ
1719 276 1764 327 ἐκ

1900 283 2077 331 potest.
2111 276 2214 342 Qui
2246 278 2395 332 enim
2427 276 2632 347 ubique
2660 286 2714 334 et
2744 277 2888 335 inter
2916 294 3109 337 omnes
3132 280 3446 340 celebratur

217 370 344 423 πᾶσι
374 366 716 438 μεμνημένος
746 366 979 434 Παῦλος,
1026 361 1133 420 οῐδε
1175 367 1270 419 καὶ
1296 366 1638 436 ὑστερεῖσθαι
1682 364 1774 418 καὶ

218 457 580 529 περισσεύειν·
631 457 728 512 καὶ
758 459 787 511 6
832 457 919 510 διὰ
959 458 1058 526 τῆς
1090 457 1331 521 ἀσωτίας
1367 457 1465 527 τὴν
1503 455 1774 527 πατρικὴν

216 549 520 619 δαπανήσας
556 548 766 611 οὐσίαν,
813 547 974 618 λιμοῦ
1013 550 1399 619 κατασχόντος,
1447 547 1649 619 ἤρξατο
1677 545 1772 600 τοῦ

140 660 149 665 ’
217 636 540 708 ὑστερεῖσθαι
560 653 575 667 ο
606 637 701 690 καὶ
735 638 863 707 περὶ
909 637 1012 691 τῶν
1037 638 1208 706 ἁγίων
1236 639 1265 691 6
1300 638 1508 701 Παῦλος
1539 636 1768 704 διεξιὼν,

213 730 345 786 τάτε
360 729 491 784 ἄλλα
523 730 655 798 φησὶ
684 731 812 800 περὶ
844 729 1021 783 αὐτῶν
1069 731 1126 784 ἐν
1162 725 1243 794 οἷς
1291 729 1664 784 ἐκακοπάθουν
1692 728 1771 800 τῷ

215 819 547 890 σώματι,καὶ
575 819 732 873 τοῦτο
759 819 1133 891 προστίθησιν,
1160 822 1241 874 ὄτι
1272 821 1655 893 ὑστερούμενοι
1676 821 1769 874 καὶ

212 910 524 981 θλιϐόμενοι.
558 911 768 964 Οὐκοῦν
819 912 911 964 καὶ
944 911 1176 966 ἐνταῦθα
1224 912 1509 984 ὑστέρημα
1551 916 1582 966 6
1613 912 1768 981 λόγος

210 1001 389 1063 είπὼν,
422 1001 483 1055 τὸ
522 1001 704 1055 λεῖπον
744 1001 828 1055 διὰ
869 1001 969 1071 τῆς
1006 1003 1191 1072 φωνῆς
1241 1004 1574 1070 ἐνεδείξατο·
1606 1004 1669 1057 τό
1709 1005 1766 1057 δὲ

209 1091 380 1144 λεῖπον
408 1090 724 1161 ἐναρίθμιον
752 1093 863 1154 τοῖς
885 1087 1004 1144 οὖσι
1026 1092 1277 1159 γενέσθαι
1301 1095 1361 1146 οὐ
1389 1092 1637 1149 δύναται.
1658 1095 1767 1148 Καὶ

208 1182 308 1251 γάρ
336 1181 384 1233 οί
425 1180 682 1250 μαθηταὶ,
738 1179 842 1242 ἕως
885 1181 982 1250 μὲν
1017 1180 1219 1244 πάντες
1247 1178 1385 1252 ἦσαν
1427 1184 1486 1235 ἐν
1528 1182 1605 1253 τῷ
1651 1182 1767 1253 ἰδίῳ

207 1270 555 1340 πληρώματι,
576 1270 897 1323 δυοκαίδεκα
933 1265 1074 1339 ἦσαν
1106 1271 1195 1325 τὸν
1237 1258 1500 1342 ἀριθμόν⁸
1543 1273 1666 1327 ἐπεὶ
1710 1274 1766 1327 δὲ

205 1363 440 1419 ἀπώλετο
466 1366 495 1417 ὁ
528 1364 642 1426 υίὸς
675 1363 772 1433 τῆς
801 1362 1097 1426 ἀπωλείας,
1131 1363 1434 1435 ἐκολοὸὡθη
1463 1367 1492 1419 6
1513 1364 1763 1436 ἀριθμὸς,

110 1518 117 1525 _
204 1456 275 1527 τῷ
308 1458 379 1527 μή
414 1455 866 1528 συναριθμεῖσθαι
902 1458 1016 1519 τοῖς
1057 1452 1174 1508 οὖσι
1216 1456 1276 1508 τὸ
1323 1456 1539 1509 λεῖπον·
1574 1455 1765 1510 ἕνδεκα

168 1572 171 1575 λ
203 1547 305 1615 γάρ
338 1546 474 1617 μετά
514 1548 609 1601 τὸν
648 1547 847 1600 Ἰούδαν
877 1548 972 1600 καὶ
1001 1543 1139 1617 ἦσαν
1177 1546 1268 1599 καὶ
1295 1547 1655 1616 ὠνομάζοντο.
1690 1547 1763 1599 Τὸ
1795 1600 1836 1654 Β

201 1634 287 1691 οὖν
328 1638 636 1709 ὑστέρημα,
685 1637 868 1707 φησὶν,
893 1639 963 1690 οὐ
1003 1637 1286 1706 δυνήσεται
1326 1637 1419 1691 τοῦ
1453 1637 1763 1710 ἀριθμηθῆ-

200 1750 301 1785 ναι.
342 1731 405 1783 Τί
434 1730 596 1783 τοῦτο
625 1731 878 1801 σημαίνει
917 1728 1003 1781 διά
1030 1728 1122 1781 τοῦ
1157 1728 1353 1795 λόγου;
1387 1729 1506 1783 Ὅτι
1535 1725 1602 1799 ἦν
1633 1746 1763 1782 ποτε

202 1823 285 1876 καὶ
316 1821 374 1874 τὸ
403 1820 525 1874 καθ’
556 1822 707 1891 ἡμᾶς
742 1820 818 1891 τῷ
866 1819 1029 1873 παντὶ
1074 1818 1387 1889 ἐναρίθμιον
1406 1835 1419 1849 ⁸
1456 1818 1764 1873 συνετελοῦ-

202 1929 293 1979 μεν
336 1913 443 1983 γάρ
490 1912 590 1966 καὶ
628 1914 786 1982 ἡμεῖς
823 1913 903 1974 είς
929 1911 1028 1981 τὴν
1058 1910 1207 1980 ἱερὰν
1231 1911 1340 1963 τῶν
1368 1909 1601 1978 λογικῶν
1628 1928 1763 1983 προ-

199 2005 365 2058 ϐάτων
413 2004 768 2058 ἐκατοντάδα.
828 2001 1070 2072 Ἐπειδὴ⁸
1097 2000 1155 2054 δὲ
1195 2000 1609 2073 ἀπεδουκολὴθη
1662 2002 1762 2073 τῆς

195 2096 364 2168 ὀρείου
411 2095 692 2165 διαγωγῆς
718 2094 779 2147 τὸ
820 2093 878 2145 ἒν
910 2091 1198 2163 πρόϐατον,
1234 2094 1267 2163 ἡ
1302 2092 1546 2163 ἡμετέρα
1578 2092 1758 2160 φύσις,

195 2188 274 2241 διὰ
302 2187 496 2252 κακίας
529 2187 669 2257 πρὸς
717 2185 806 2253 τον
836 2183 1094 2254 ἀλμῶντα
1118 2182 1307 2237 τοῦτον
1345 2184 1438 2236 καὶ
1480 2184 1760 2256 αὐχμηρὸν

195 2278 347 2331 τόπον
377 2275 846 2338 κατασπασθεῦςα,
893 2273 1076 2327 οὐκέτι
1115 2273 1144 2325 6
1190 2273 1352 2337 αὐτὸς
1395 2274 1625 2344 ἀριθμὸς
1668 2277 1761 2329 ἐπὶ

195 2369 281 2422 τοῦ
312 2367 565 2438 ποιμνίου
597 2366 706 2418 τῶν
740 2365 993 2419 ἀπλανῶν
1026 2365 1440 2437 μνημονεύεται,
1473 2366 1590 2420 ἀλλ’
1640 2364 1759 2418 ἐνε-

190 2458 409 2528 νήκοντα
426 2458 524 2511 καὶ
539 2455 692 2509 ἐννέα
735 2454 1223 2522 κατονομάζονται·
1263 2453 1325 2507 τὸ
1374 2453 1483 2525 γάρ
1531 2454 1758 2524 μάταιον

192 2546 290 2610 ἔξω
320 2546 411 2598 τοῦ
439 2542 679 2615 ἀριθμοῦ
708 2544 816 2598 τῶν
847 2544 1172 2612 ὑφεστώτων
1204 2543 1570 2613 γίνεται,διότι
1600 2545 1755 2598 ὑστέ-

193 2653 334 2707 ρημα
380 2637 440 2689 οὐ
488 2636 780 2707 δυνήσεται
823 2636 917 2688 τοῦ
975 2633 1364 2706 ἀριθμηθῆναι.
1414 2630 1617 2688 Ἦλθεν
1661 2631 1754 2690 οὖν

191 2723 410 2795 ζητῆσαι
452 2724 556 2777 καὶ
585 2723 755 2777 σῶσαι
780 2724 841 2776 τὺ
876 2723 1173 2786 ἀπολωλὸς,
1211 2724 1303 2777 καὶ
1333 2723 1425 2776 ἐπὶ
1454 2723 1560 2777 τῶν
1586 2722 1754 2792 ὤμων

188 2815 461 2869 ἀναλαδὼν
483 2815 937 2885 ἀποκαταστῆσαι
964 2816 1075 2877 τοῖς
1104 2810 1222 2867 οὖσι
1248 2814 1310 2867 τὸ
1337 2817 1401 2885 τῇ
1431 2816 1752 2885 ματαιότητι

1875 363 2103 430 Paulus,
2157 369 2264 424 scit
2301 376 2355 423 et
2404 368 2640 424 deﬁcere
2691 377 2748 424 et
2798 371 3085 429 abundare
3107 373 3173 427 ⁸⁸.
3229 373 3297 429 Et
3346 377 3444 447 qui

1875 458 2104 528 prodige
2125 458 2365 514 vivendo
2386 469 2650 530 paternas
2677 459 2971 517 facultates
3000 476 3430 537 consumpserat

1872 562 1998 602 cum
2052 563 2176 603 eum
2231 548 2408 606 fames
2463 551 2775 617 invasisset,
2808 553 2976 622 coepit
3021 552 3254 611 deﬁcere
3276 557 3342 611 ".
3376 541 3471 612 Et‘

1871 639 1940 693 de
1971 641 2181 696 sanctis
2211 655 2506 698 recensens
2527 640 2754 707 Paulus,
2775 643 2916 698 inter
2936 652 3162 701 ca‘teras
3192 648 3440 716 corporis

1871 727 2193 786 aﬂlictiones
2226 746 2367 801 quas
2418 732 2569 801 passi
2601 743 2781 795 erant,
2831 731 2975 787 hanc
3015 748 3238 804 quoque
3264 734 3438 802 addit,

1869 820 2187 877 deﬁcientes
2233 832 2289 878 et
2319 822 2503 878 alllicti
2527 823 2594 878 ⁸⁸.
2631 824 2774 894 Ergo
2819 824 2909 878 hic
2943 840 3164 895 quoque
3209 828 3436 883 verbum

1867 928 1992 968 cum
2024 913 2259 971 dixisset
2311 914 2614 980 defectum,
2650 930 2746 986 per
2781 928 2835 967 vt
2853 930 2971 970 cem
3020 917 3072 970 id
3107 918 3253 988 quod
3284 918 3439 976 deest

1867 998 2128 1060 ostendit.
2183 1005 2342 1072 Quod
2380 1014 2564 1063 autem
2626 1008 2803 1073 deest,
2856 1008 3002 1061 inter
3031 1022 3097 1062 ea
3148 1023 3270 1079 qua
3306 1018 3437 1065 sunt

1867 1111 1977 1149 non
2031 1104 2211 1166 potest
2265 1097 2568 1153 numerari.
2625 1095 3168 1168 Etenim-discipuli,
3217 1100 3438 1169 quando

1868 1184 2079 1256 integer
2104 1194 2223 1243 erat
2249 1202 2441 1243 eorum
2467 1196 2666 1252 cintus,
2691 1195 2851 1242 erant
2873 1203 3103 1243 numero
3122 1190 3434 1246 duodecim.

1867 1274 2163 1348 Postquam
2193 1287 2376 1334 autem
2425 1279 2591 1349 periit
2636 1278 2781 1334 illius
2817 1278 3167 1349 perditionis,
3205 1295 3435 1337 mancus

1866 1368 1969 1423 fuit
2001 1385 2189 1424 eorum
2238 1384 2526 1431 numerus.
2579 1369 2729 1439 quod
2777 1369 2833 1423 id
2882 1370 3028 1440 quod
3066 1370 3275 1434 deerat.
3325 1387 3436 1428 non

1864 1460 2368 1514 connumerabatur
2392 1460 2536 1515 inter
2555 1475 2651 1515 eos
2677 1460 2770 1529 qui
2799 1468 2975 1515 erant.
3006 1459 3268 1516 Undecim
3292 1464 3435 1518 enim

1868 1558 1991 1620 post
2034 1548 2231 1604 Judam
2282 1557 2337 1606 et
2373 1558 2533 1605 erant
2564 1558 2620 1606 et
2666 1552 3120 1607 nominabantur.
3179 1552 3437 1609 Defectus

1864 1655 2023 1711 ergo,
2056 1642 2258 1711 inquit,
2287 1656 2398 1695 non
2432 1643 2638 1711 poterit
2673 1642 2976 1697 numerari.
3014 1640 3156 1707 Quid
3186 1657 3316 1713 ergo
3342 1659 3438 1713 per

1866 1730 1971 1784 hoc
1999 1729 2348 1800 signiﬁcatur
2372 1731 2395 1783 ί
2423 1729 2654 1786 Fuimus
2681 1738 2736 1786 et
2766 1745 2868 1785 nos
2890 1746 3110 1801 quoque
3134 1733 3434 1802 aliquando

1864 1820 1919 1875 in
1980 1835 2213 1875 numero
2265 1821 2695 1877 universorum:
2746 1821 3129 1877 referebamur
3182 1824 3331 1878 enim
3377 1824 3433 1879 in

1862 1910 2167 1979 catalogum
2220 1910 2403 1965 ovium
2438 1912 2655 1966 ratione
2685 1912 3034 1982 praeditarum
3069 1913 3211 1967 sacri
3243 1923 3432 1969 cente-

1862 1999 2024 2053 narii.
2056 1999 2350 2069 Postquam
2386 2011 2566 2055 autem
2616 2015 2645 2055 a
2677 2004 2957 2057 montanis
3004 2002 3227 2072 pascuis
3269 2004 3430 2059 aber;

1862 2087 2004 2141 ravit
2032 2088 2151 2143 ovis
2183 2104 2310 2155 una,
2347 2104 2561 2159 nempe,
2614 2100 2800 2146 nostra
2828 2103 3047 2156 natura,
3093 2107 3192 2162 per
3232 2093 3430 2149 vitium

1861 2176 1929 2230 ad
1964 2176 2111 2231 hunc
2147 2170 2444 2234 aridum’et
2470 2178 2740 2233 incultum
2768 2181 2951 2235 locum
2980 2181 3283 2247 abstracta,
3317 2199 3427 2239 non

1861 2267 2098 2336 amplius
2147 2278 2615 2326 commemoratur
2666 2270 2808 2324 idem
2852 2286 3116 2327 numerus
3168 2271 3223 2326 in
3269 2288 3429 2344 grege

1859 2370 2048 2411 earum
2079 2373 2202 2426 qua:
2230 2373 2339 2412 non
2364 2359 2713 2422 aberrarunt.
2741 2359 3220 2446 sed’nominantur
3249 2377 3428 2417 nona-
3540 2378 3543 2383 ·

1859 2446 2009 2515 ginta
2039 2456 2094 2502 et
2126 2463 2321 2503 novem
2350 2468 2364 2503 :
2398 2464 2525 2503 nam
2570 2466 2771 2505 vanum
2803 2459 2886 2506 est
2936 2461 3093 2505 extra
3139 2467 3424 2508 numerum

1856 2534 1977 2605 ejus
2014 2536 2159 2605 quod
2189 2538 2446 2592 consistit
2473 2556 2488 2604 ;
2517 2538 2778 2606 quoniam
2808 2537 3057 2594 defectus
3086 2555 3197 2596 non
3228 2543 3427 2610 poterit

1858 2629 2155 2682 numerari.
2186 2626 2348 2683 Venit
2369 2645 2501 2699 ergo
2532 2631 2596 2684 ad
2628 2631 2983 2700 quaerendum
3016 2639 3068 2686 et
3095 2633 3425 2687 servandum

1857 2717 2005 2787 quod
2039 2719 2300 2788 perierat,
2334 2728 2388 2773 et
2419 2728 2762 2790 assumptum
2798 2723 2852 2775 in
2905 2721 3189 2787 humeros,
3211 2723 3278 2779 iis
3304 2739 3427 2793 quae

1855 2816 1986 2863 sunt
2040 2809 2441 2865 restituendum
2494 2810 2544 2865 id
2607 2811 2753 2879 (μιοά
2808 2812 3020 2877 peribat
3070 2813 3126 2866 in
3188 2816 3425 2869 vanitate

187 2904 292 2959 τῶν
331 2906 697 2975 ἀνυπάρκτων
741 2902 1193 2973 ἐναπολλύμενον,
1240 2904 1326 2956 ἵνα
1365 2904 1525 2958 πάλιν
1568 2905 1752 2976 ἄρτιος

1900 2913 2046 2954 orum
2081 2914 2203 2969 qua:
2233 2915 2341 2954 non
2372 2907 2525 2967 sunt,
2555 2908 2615 2954 ut
2645 2916 2839 2956 rursus
2889 2902 3040 2956 ﬁeret
3084 2902 3295 2971 integer
3326 2902 3457 2959 Dei‘

186 2996 399 3068 γένηται
424 3000 452 3050 6
475 2997 579 3067 τῆς
609 2997 839 3059 κτίσεως
864 2995 959 3050 τοῦ
984 2994 1120 3048 Θεοῦ
1160 2994 1411 3066 ἀριθμὸς,
1443 2995 1753 3051 ἀποσωθέν-

184 3104 272 3151 τος
302 3088 394 3142 τοῦ
427 3087 771 3151 ἀπολωλότος
807 3091 918 3151 τοῖς
953 3087 1027 3158 μὴ
1057 3086 1467 3157 ἀπολλυμένοις.

251 3180 345 3242 Τίς
382 3176 476 3233 οὖν
528 3180 561 3249 ἡ
606 3178 701 3230 τοῦ
752 3177 1114 3249 πλανηθέντος
1152 3178 1428 3241 ἐπάνοδος,
1489 3178 1581 3232 καὶ
1612 3178 1696 3241 τίς
1723 3181 1752 3232 6

182 3270 373 3339 τρόπος
397 3270 499 3340 τῆς
543 3268 651 3322 ἀπὸ
694 3269 802 3320 τῶν
828 3268 1011 3321 κακῶν
1046 3267 1179 3340 πρὸς
1206 3268 1268 3321 τὸ
1310 3267 1514 3337 ἀγαθὸν
1553 3268 1751 3323 ἀναλύ-

186 3376 336 3422 σεως,
364 3361 421 3412 ἐν
449 3361 567 3421 τοῖς
595 3358 794 3429 ἐφεξῆς
825 3358 1205 3429 διδασκόμεθα.
1264 3360 1321 3413 '0
1347 3358 1454 3431 γὰρ
1484 3377 1751 3432 πεπειρα-

186 3451 338 3521 μένος
375 3450 522 3505 κατά
549 3450 725 3505 πάντα
777 3451 901 3504 καθ’
932 3452 1222 3523 ὁμοιότητα
1253 3452 1422 3524 χωρὶς
1455 3453 1748 3524 ἁμαρτίας,

183 3541 243 3593 ἐκ
284 3541 391 3594 τῶν
421 3541 710 3613 ἡμετέρων
758 3543 892 3611 ἡμῖν
918 3540 1287 3609 διαλέγεται·ό
1329 3541 1428 3604 τάς
1467 3542 1750 3606 ἀσθενείας

181 3631 331 3702 ἡμῶν
374 3632 685 3695 ἀναλαϐὼν,
717 3632 784 3685 δι’
836 3630 1018 3685 αὐτῶν
1062 3630 1170 3684 τῶ)
1215 3628 1608 3701 ἀσθενημάτων
1651 3632 1751 3702 τῆς

182 3722 407 3790 φύσεως,
438 3724 543 3794 τὴν
577 3723 682 3789 ἔξω
714 3724 912 3786 κακίας
945 3722 1061 3776 ὁδὸν
1093 3722 1459 3776 ὑποδείκνυσι.
1495 3722 1610 3775 Νῦν
1643 3726 1750 3792 γάρ

185 3832 269 3884 μοι
311 3815 509 3886 νόησον
554 3818 653 3885 τὴν
695 3812 900 3885 Σοφίαν
946 3812 1005 3879 ἐξ
1056 3811 1220 3867 αὐτοῦ
1256 3811 1351 3865 τοῦ
1400 3811 1542 3865 κατὰ
1573 3811 1750 3885 σάρκα

181 3904 522 3975 Σολομῶντος
566 3903 908 3974 διαλέγεσθαι
925 3920 939 3936 ·
961 3901 1302 3972 διαλέγεσθαι
1317 3901 1373 3955 δὲ
1388 3901 1657 3968 ταῦτα,δι’
1675 3896 1750 3957 ὧν

183 3996 409 4063 μάλιστα
424 3996 567 4067 πρὸς
590 3995 890 4065 ὑπεροψίαν
914 3992 1313 4065 ὁδηγηθείημεν
1335 3992 1444 4046 τῶν
1464 3992 1615 4064 παρά
1639 3995 1751 4057 τοῖς

178 4085 482 4158 ἀνθρώποις
502 4086 965 4156 σπουδαζομένων.
984 4085 1058 4138 Οὐ
1074 4084 1182 4155 γὰρ
1197 4084 1318 4138 καθ’
1332 4084 1624 4155 ὁμοιότητα
1641 4084 1749 4137 τῶν

178 4177 403 4242 πολλῶν,
452 4173 539 4241 οἷς
569 4178 666 4231 οὐκ
708 4177 823 4230 ἔστι
868 4176 988 4230 κατ’
1019 4174 1267 4241 ἐξουσίαν
1297 4175 1357 4227 τὸ
1389 4174 1746 4245 καταθύμιον,

1853 2999 2120 3045 creaturae
2166 3005 2446 3046 numerus.
2482 2998 2810 3046 conservato
2868 3006 2934 3045 eo
2989 2990 3135 3061 quod
3171 2994 3422 3063 perierat,

1854 3078 1924 3134 iis
1948 3094 2071 3150 quae
2109 3095 2217 3134 non
2248 3087 2499 3151 pereunt.

1926 3170 2196 3237 Quisnam
2222 3186 2358 3240 ergo
2388 3172 2461 3226 sit
2492 3170 2701 3226 reditus
2728 3169 2847 3238 ejus
2876 3170 3025 3240 quod
3050 3171 3424 3233 aberraverat,

1851 3268 1905 3316 et
1920 3254 2176 3331 quisnam
2204 3262 2275 3317 sit
2303 3261 2499 3317 modus
2518 3276 2548 3315 a
2570 3261 2730 3316 malis
2752 3261 2817 3315 ad
2852 3262 3055 3316 bonum
3071 3263 3423 3329 reversionis,

1850 3352 2114 3421 deinceps
2165 3352 2455 3407 docemur.
2506 3351 2608 3417 Qui
2641 3352 2785 3405 enim
2818 3368 2916 3421 per
2961 3353 3149 3407 omnia
3182 3360 3427 3410 tentatus

1850 3445 1935 3492 est
1965 3438 2033 3491 ad
2078 3437 2497 3493 similitudinem
2547 3438 2756 3507 absque
2809 3447 3060 3506 peccato,
3100 3454 3165 3493 ex
3221 3441 3426 3495 nostris

1852 3530 2139 3585 nobiscum
2173 3530 2416 3585 disserit.
2452 3527 2557 3593 Qui
2587 3536 2809 3583 nostras
2842 3530 3145 3598 assumpsit
3175 3530 3425 3584 imbecil-

1852 3616 2058 3678 litates,
2084 3631 2181 3686 per
2208 3618 2360 3684 ipsas
2385 3622 2598 3669 naturae
2625 3613 2993 3680 inﬁrmitates,
3013 3614 3255 3669 ostendit
3277 3615 3425 3670 viam

1852 3720 1973 3776 qua:
1999 3712 2083 3760 est
2111 3711 2265 3759 extra
2289 3704 2506 3763 vitium.
2539 3701 2698 3757 Nunc
2727 3717 2859 3773 ergo
2886 3701 2973 3758 fac
3003 3702 3274 3774 intelligas
3308 3704 3424 3760 dis-

1852 3811 2038 3852 serere
2051 3795 2393 3867 Sapientiam
2416 3810 2483 3851 ex
2512 3796 2632 3866 ipso
2657 3794 2971 3861 Salomone,
2996 3796 3089 3865 qui
3118 3802 3201 3851 est
3229 3812 3429 3851 secum--

1849 3888 1979 3943 dum
2007 3901 2264 3943 carnem:
2298 3902 2361 3942 ea
2389 3895 2568 3942 autem
2602 3885 2894 3949 disserere,
2925 3902 3021 3956 per
3041 3902 3161 3955 quae
3189 3888 3427 3943 maxime

1850 3977 2189 4033 deducantur
2244 3976 2313 4032 ad
2358 3993 2422 4032 ea
2473 3977 2893 4040 contemnenda,
2943 3994 3177 4047 quorum
3243 3980 3427 4036 studio

1851 4074 2108 4123 tenentur
2146 4068 2417 4124 homines.
2451 4065 2571 4123 Non
2615 4078 2701 4123 est
2734 4067 2881 4123 enim
2902 4060 3036 4139 ejus
3063 4070 3240 4125 oratio
3273 4073 3427 4125 simi-

1851 4159 1921 4216 lis
1966 4160 2201 4216 orationi
2254 4159 2577 4224 multorum,
2623 4158 2719 4229 qui
2764 4158 2820 4213 in
2867 4167 3136 4228 potestate
3183 4174 3282 4214 sua
3317 4175 3425 4214 non

178 4269 268 4320 καὶ
296 4270 326 4321 6
374 4270 512 4340 παρ’
552 4259 951 4335 αὐτοῦ’γίνεται
990 4267 1143 4335 λόγος
1167 4282 1182 4296 ·
1221 4266 1298 4329 ὡς
1329 4266 1418 4320 διά
1451 4266 1643 4320 τούτου
1686 4265 1748 4319 τὸ

1900 4249 2059 4306 abent
2103 4250 2159 4305 id
2203 4249 2349 4320 quod
2404 4249 2555 4305 lubet
2609 4257 2665 4305 et
2704 4255 2789 4304 est
2826 4249 2908 4302 eis
2949 4250 3139 4316 cordi;
3199 4250 3338 4304 adeo
3369 4257 3428 4305 ut

176 4358 554 4423 ἀναξιόπιστον
584 4358 695 4429 ἔχει
728 4357 1048 4429 κατηγορῶν
1080 4359 1306 4411 ἐκείνων
1336 4350 1411 4411 ὧν
1448 4359 1510 4411 ού
1554 4358 1767 4433 πεπείτ

178 4468 356 4519 ραται.
400 4451 594 4520 Ἡμεῖς
635 4447 743 4517 γάρ
771 4449 830 4501 ού
858 4451 925 4519 τῇ
956 4447 1163 4500 ἐαυτῶν
1193 4448 1360 4518 πείρᾳ
1404 4448 1581 4501 πάντα
1612 4466 1745 4518 μαν-

176 4540 440 4611 θάνομεν·
496 4538 632 4593 ἀλλά
689 4538 778 4592 διά
842 4539 1017 4609 μόνων
1066 4538 1173 4591 τῶν
1228 4538 1503 4616 λογισμῶν
1560 4540 1745 4592 ἐκεῖνα

174 4630 533 4699 γινώσκομεν,
576 4622 651 4682 ὧν
698 4628 797 4699 τὴν
843 4626 1245 4701 ἀπολαυστικὴν
1293 4628 1402 4680 τῶν
1447 4628 1618 4698 ἡδέων
1647 4627 1747 4699 τὴν

176 4720 370 4790 πεῖραν
404 4721 439 4791 ἡ
470 4720 627 4772 πενία
676 4718 897 4773 κωλύει.
945 4720 1063 4773 Κάν
1093 4738 1198 4772 τινι
1236 4719 1578 4790 προσάγηται
1605 4736 1745 4789 συμ-

174 4809 335 4880 ϐουλὴ
387 4812 520 4881 παρ’
568 4810 743 4880 ἡμῶν,
774 4809 838 4863 τὸ
885 4811 1013 4879 παρ’
1040 4809 1192 4861 οὐδὲν
1233 4808 1487 4878 ἡγεῖσθαι
1528 4808 1638 4862 δεῖν
1677 4808 1745 4861 τά

174 4899 276 4952 ὑπὸ
314 4899 427 4952 τῶν
459 4899 759 4970 ἀνθρώπων
801 4898 1108 4969 τιμώμενα,
1154 4899 1445 4970 πρόχειρος
1475 4900 1509 4969 ἡ
1560 4914 1743 4968 παρα-

178 4990 357 5061 γραφὴ
400 4989 496 5044 τοῦ
543 4989 852 5053 ἀκούοντος,
882 4990 943 5042 τὸ
972 4988 1061 5042 διὰ
1084 4988 1243 5042 τοῦτο
1272 4990 1420 5058 ἡμᾶς
1454 4990 1743 5059 ἀτιμάζειν

178 5079 378 5144 ἐκεῖνα,
393 5082 477 5135 ὅτι
496 5081 570 5152 μη
584 5083 651 5151 τῇ
664 5081 830 5151 πείρᾳ
846 5083 911 5151 τῇ
930 5082 988 5133 ἐν
1004 5080 1184 5143 αὐτοῖς
1199 5080 1593 5151 ἐγνωρίσαμεν.
1620 5080 1744 5134 Ἐπὶ

175 5166 233 5222 δὲ
248 5168 343 5222 τοῦ
371 5167 547 5222 ταῦτα
566 5170 700 5239 ἡμῖν
732 5167 1136 5237 διαλεγομένου,
1159 5168 1320 5236 ἀργεῖ
1348 5167 1497 5219 πᾶσα
1518 5166 1743 5235 τοιαύτη

172 5257 514 5330 ἀντίρρησις.
542 5258 792 5329 Σολομὼν
820 5260 927 5328 γάρ
960 5260 1106 5311 ἐστιν
1134 5257 1162 5309 ό
1190 5256 1365 5310 ταῦτα
1389 5257 1563 5324 λέγων
1582 5273 1596 5287 ·
1632 5259 1661 5310 6
1686 5257 1744 5310 δὲ

174 5346 426 5421 Σολομὼν
484 5347 637 5413 οὗτος
684 5351 865 5421 τρίτος
915 5347 982 5421 ἦν
1035 5350 1091 5404 ἐν
1147 5351 1259 5413 τοῖς
1317 5348 1591 5419 βασιλεῦσι
1647 5348 1742 5401 τοῦ

276 5526 326 5560 ⁸⁸
360 5524 594 5597 Philipp.
632 5542 705 5593 Iv,
733 5527 819 5583 12.
928 5529 971 5559 ⁸⁷
996 5528 1126 5582 Luc.
1167 5544 1253 5594 xv,
1285 5527 1374 5581 24.

1491 5524 1714 5580 "Hebr.
1743 5540 1801 5590 ιι,

1852 4350 2138 4412 propterea
2165 4342 2270 4398 ﬁde
2294 4343 2366 4396 sit
2393 4342 2676 4412 indignus,
2710 4350 2767 4395 ut
2795 4340 2887 4410 qui
2918 4341 3006 4395 illa
3030 4350 3271 4408 accuset,
3305 4358 3426 4413 quae

1850 4449 1961 4489 non
1984 4440 2069 4489 est
2091 4440 2372 4503 expertus.
2404 4431 2517 4488 Nos
2543 4432 2689 4486 enim
2725 4446 2830 4486 non
2865 4433 3199 4502 experientia
3233 4442 3422 4490 nostra

1850 4524 2035 4580 omnia
2091 4524 2390 4588 discimus,
2449 4522 2545 4579 sed
2593 4536 2691 4591 per
2726 4523 2870 4578 solas
2925 4524 3284 4594 cogitationes
3328 4526 3421 4580 illa

1850 4616 2069 4669 demum
2088 4614 2496 4683 cognoscimus,
2524 4627 2758 4683 quorum
2790 4615 3082 4672 suavitatis
3106 4625 3162 4671 et
3184 4617 3425 4672 delecta-

1845 4706 2015 4760 tionis
2070 4703 2407 4774 experientia
2460 4718 2529 4759 ne
2588 4703 2839 4781 fruamur
2895 4713 3043 4760 vetat
3102 4715 3418 4775 paupertas.

1846 4796 2003 4862 Quod
2033 4796 2079 4851 si
2115 4810 2216 4852 nos
2252 4796 2417 4850 alicui
2456 4797 2835 4859 consulamus,
2884 4805 2947 4851 ut
2976 4796 3133 4850 nihili
3161 4796 3328 4851 faciat
3356 4813 3420 4853 ea

1845 4904 1969 4958 quae
2000 4889 2070 4944 ab
2102 4888 2421 4944 hominibus
2447 4888 2716 4944 habentur
2736 4887 2791 4942 in
2823 4887 3050 4950 honore,
3076 4886 3131 4942 in
3164 4894 3419 4957 promptu

1846 4988 1932 5035 est
1957 4980 2030 5043 ei,
2078 4982 2172 5049 qui
2205 4981 2319 5034 haec
2346 4979 2518 5044 audit,
2553 4979 2915 5050 praescriptio,
2947 4978 3091 5048 quod
3136 4986 3421 5048 propterea

1851 5087 1953 5128 nos
1984 5072 2078 5126 illa
2107 5071 2498 5140 despiciamus,
2531 5070 2681 5141 quod
2711 5086 2775 5127 ea
2815 5070 2976 5126 nobis
3010 5078 3137 5125 nota
3163 5084 3272 5125 non
3310 5071 3422 5126 sint

1849 5164 2207 5235 experientia.
2263 5162 2319 5216 ln
2362 5177 2428 5217 eo
2474 5170 2654 5218 autem
2684 5162 2777 5232 qui
2831 5161 2944 5217 haec
2980 5162 3140 5217 nobis
3172 5162 3416 5226 disserit,

1848 5264 2029 5312 cessat
2061 5254 2243 5309 omnis
2291 5253 2557 5319 ejusmodi
2597 5252 2986 5308 contradictio.
3018 5252 3111 5308 Est
3142 5253 3287 5308 enim
3319 5252 3418 5306 Sa-

1852 5350 2033 5402 lomon
2073 5347 2168 5416 qui
2214 5348 2328 5400 haec
2357 5344 2511 5400 dicit.
2552 5343 2651 5399 Hic
2688 5352 2869 5400 autem
2911 5344 3164 5400 Salomon
3194 5354 3277 5402 est
3309 5351 3421 5401 ter-

1844 5524 1935 5582 3'7.
