3766 5986
309 190 457 246 6&5-

1548 183 1608 240 S.
1650 176 1981 240 GREGORII
2019 180 2317 240 NYSSENI

3466 187 3575 245 6M

310 305 423 361 tius
449 302 504 357 in
529 299 751 372 regibus
777 298 969 364 Israel,
1006 306 1130 370 post
1157 299 1313 354 illum
1346 295 1586 363 Saulem,
1628 304 1683 352 et
1719 267 1886 349 tiavid

2060 298 2240 369 πραὴλ,
2273 296 2411 368 μετὰ
2449 298 2542 352 τὸν
2588 300 2760 355 Σαοὺλ
2793 273 3140 368 ὲκεῖνον,καὶ
3174 300 3267 355 τὸν
3296 299 3457 370 παρὰ
3479 301 3576 355 τοῦ

309 392 407 462 qui
442 407 471 445 a
521 390 633 447 Deo
661 389 765 462 fuit
806 391 1038 445 electus.
1080 388 1131 444 is
1157 402 1281 442 cum
1322 401 1351 441 a
1393 394 1548 455 patre
1593 386 1893 456 accepisset

311 484 629 555 imperium,
666 456 856 551 et’jam
892 482 947 534 in
980 481 1296 535 dominatus
1328 479 1590 534 crevisset
1618 479 1893 547 magnitu-

313 577 465 642 dine,
505 592 599 630 rex
634 574 984 629 renuntiatur
1043 572 1342 627 lsraelitis:
1395 571 1487 641 qui
1518 585 1628 625 non
1661 570 1806 624 bello
1840 576 1895 623 et

317 665 522 737 praeliis
585 664 842 734 populum
895 662 999 717 sibi
1049 662 1359 731 subjectum
1417 670 1619 724 terens,
1683 659 1780 714 sed
1838 659 1893 711 in

319 768 531 810 summa
563 760 830 823 potestate
862 761 912 806 et
938 766 1073 820 pace
1108 752 1271 804 vitam
1319 765 1504 821 agens,
1541 766 1649 804 non
1675 763 1891 818 operam

320 844 553 913 ponebat
583 844 637 895 in
688 843 755 896 iis
803 857 925 911 qua:
960 857 1067 896 non
1116 841 1352 895 habebat
1386 841 1759 911 acquirendis,
1797 839 1894 894 sed

322 943 383 987 ut
430 934 708 988 frueretur
749 933 816 987 iis
862 934 1065 1001 quibus
1116 933 1466 1001 abundabat;
1528 940 1716 1002 utpote
1748 930 1894 1000 quod

320 1029 458 1082 nihil
492 1028 736 1082 obstaret
778 1026 1077 1095 quominus
1108 1042 1169 1082 se
1198 1027 1498 1082 oblectaret
1527 1028 1593 1081 iis
1637 1032 1759 1095 quae
1788 1025 1893 1079 sibi

320 1127 506 1174 essent
538 1116 712 1170 cordi.
749 1115 882 1170 Nam
920 1133 1043 1171 cum
1090 1118 1387 1186 cupiditate
1431 1117 1593 1172 simul
1636 1115 1895 1171 extende-

324 1209 485 1262 batur
515 1206 692 1275 cepia,
724 1215 778 1261 et
817 1208 881 1259 ad
909 1205 1197 1261 fruendum
1230 1207 1461 1261 liberum
1487 1217 1541 1261 et
1572 1206 1753 1259 laxum
1777 1211 1895 1259 erat

325 1300 518 1361 otium,
551 1312 672 1351 cum
706 1297 841 1350 nihil
880 1296 1023 1365 quod
1055 1297 1245 1360 nollet,
1285 1297 1406 1366 ejus
1450 1296 1892 1364 interrumperet,

267 1383 274 1390 ’
327 1390 381 1443 in
419 1389 485 1442 iis
526 1403 646 1457 quae
681 1388 925 1457 jucunda
974 1394 1154 1451 erant,
1210 1387 1334 1440 vita:
1378 1386 1800 1447 traductionem,
1843 1391 1897 1438 et

326 1482 532 1549 alioqui
558 1494 685 1534 eum
728 1489 874 1535 esset
921 1480 1162 1548 sapiens,
1212 1487 1266 1533 et
1308 1479 1543 1546 alicujus
1574 1493 1640 1532 ex
1674 1478 1740 1532 iis
1775 1491 1897 1545 quae

326 1574 396 1627 ad
444 1574 775 1642 voluptatem
804 1572 1075 1640 pertinent
1123 1571 1193 1626 ob
1237 1570 1436 1640 ingenii
1469 1583 1697 1623 acumen
1746 1569 1896 1621 inve-

327 1662 509 1718 niendi
534 1671 680 1718 esset
710 1677 930 1732 gnarus,
954 1662 1090 1716 dixit
1119 1678 1176 1716 se
1205 1661 1319 1715 haec
1340 1669 1392 1715 et
1414 1661 1527 1715 haec
1550 1661 1891 1729 excogitasse

326 1774 394 1814 ex
433 1759 522 1822 iis,
561 1758 614 1811 in
664 1772 786 1826 qua:
818 1755 1032 1811 fruendi
1071 1769 1238 1810 causa
1284 1744 1565 1809 confertur
1610 1752 1890 1807 studium:

327 1863 454 1905 cum
486 1858 665 1903 autem
705 1848 890 1902 omnia
924 1846 1165 1912 iecisset,
1197 1861 1319 1917 quae
1345 1845 1594 1900 oratione
1639 1843 1895 1913 deinceps

329 1940 690 2003 enumeravit,
745 1940 882 1994 dixit
933 1955 993 1995 se
1051 1940 1172 2009 ipsa
1224 1937 1485 1993 didicisse
1540 1936 1895 2006 experientia,

329 2030 478 2101 quod
507 2030 760 2095 istorum,
791 2029 847 2083 in
878 2029 1079 2098 quibus
1104 2027 1328 2096 ponitur
1358 2026 1618 2087 studium,
1656 2025 1779 2080 linis
1816 2031 1901 2080 est

330 2120 565 2174 vanitas.
610 2117 765 2173 Hune
810 2126 991 2172 autem
1022 2116 1270 2171 ordinem
1310 2114 1561 2169 adhibuit
1616 2114 1670 2170 in
1707 2128 1904 2168 narra-

331 2211 505 2274 tione,
539 2210 681 2278 quod
723 2208 955 2277 primum
995 2207 1214 2277 quidem
1246 2206 1309 2263 in
1345 2205 1536 2275 primis
1570 2205 1904 2274 temporibus

332 2300 460 2354 vita:
499 2316 609 2355 sua:
638 2299 934 2355 eruditioni
962 2297 1259 2361 vacaverit,
1288 2312 1392 2350 nec
1426 2312 1492 2351 ex
1527 2296 1794 2364 ejusmodi
1829 2298 1905 2348 la-

334 2391 561 2446 boribus
587 2390 825 2445 emollita
854 2388 964 2443 sint
1005 2388 1203 2444 studia.
1252 2386 1494 2457 Spiritus
1523 2396 1703 2440 autem
1735 2386 1906 2440 libera

336 2496 471 2536 usus
514 2482 585 2536 sit
628 2480 917 2545 electione,
951 2479 1057 2535 hoc
1088 2487 1172 2536 est
1203 2487 1411 2533 natura:
1437 2478 1794 2548 appetitione,
1842 2475 1909 2531 ad

335 2574 736 2629 incrementum
760 2570 1111 2642 cognitionis,
1144 2570 1360 2625 etiamsi
1392 2584 1515 2623 cum
1547 2569 1732 2623 labore
1762 2576 1911 2623 recte

334 2662 655 2720 succederet
684 2661 738 2716 id
781 2662 943 2731 cujus
987 2660 1170 2716 studio
1215 2660 1531 2726 tenebatur;
1566 2673 1799 2728 cumque
1832 2658 1913 2713 sic

336 2754 602 2811 crevisset
633 2752 920 2822 sapientia,
952 2766 1062 2806 non
1095 2751 1308 2805 ratione
1346 2751 1749 2815 considerasse,
1792 2764 1914 2818 quae

340 2844 394 2899 in
445 2844 611 2898 animi
659 2842 1174 2913 perturbationibus
1212 2850 1485 2906 versatur,
1514 2849 1567 2896 et
1599 2849 1683 2896 est
1719 2856 1915 2911 expers

1993 374 2200 457 Κυρίου
2241 389 2613 460 ὲξειλεγμένον
2647 392 2832 448 Δαϐίδ.
2862 389 3032 456 υῦτος
3073 393 3174 462 τὴν
3202 392 3378 464 ἀρχὴν
3420 393 3578 462 παρὰ

1991 479 2084 532 τοῦ
2125 479 2330 550 πατρὸς
2389 481 2765 552 ἐκδεξάμενος,
2798 487 2892 537 καὶ
2925 483 3182 549 αὐξηθεὶς
3226 486 3301 546 είς
3342 483 3582 553 μέγεθος

1993 570 2093 639 ᾔδη
2121 573 2235 634 τοῖς
2277 572 2637 641 Ἰσραηλίταις
2684 573 2786 641 τῆς
2831 574 3152 638 δυναστείας
3192 575 3639 628 ἀναδείκνυταιλ

1994 661 2246 730 βασιλεύς
2268 678 2279 690 ⁸
2311 662 2370 725 ὃς
2385 663 2570 717 οίκέτι
2584 664 2671 717 διὰ
2695 664 2934 734 πολέμου
2958 665 3053 718 καὶ
3082 666 3262 735 μάχης
3287 664 3499 735 τρίϐων
3518 665 3582 717 τὸ

1995 753 2325 823 ὑποχείριον,
2358 752 2492 805 ἀλλὰ
2523 753 2663 805 κατὰ
2695 755 2873 805 πᾶσαν
2904 752 3152 816 ἐξουσίαν
3177 758 3242 825 τῇ
3271 756 3468 827 εἰρήνῃ
3489 755 3585 822 έμ-

1996 842 2271 905 6ιοτεύων,
2287 843 2447 913 ἔργον
2463 844 2695 896 ἐποιεῖτο
2714 845 2775 896 ού
2801 845 2899 913 τὴν
2917 846 3108 913 κτῆσιν
3126 845 3232 897 τῶν
3260 846 3333 914 μὴ
3352 845 3586 914 προσόνο

1995 949 2121 993 των,
2155 932 2286 985 ἀλλά
2310 934 2404 1001 τὴν
2433 932 2727 986 ἀπόλαυσιν
2757 932 2863 985 τῶν
2894 935 3191 1004 περιόντων
3212 952 3225 965 ·
3261 934 3338 996 ὼς
3366 935 3583 997 οὐδενὸς

1994 1020 2141 1091 αὑτῷ
2175 1023 2306 1091 πρὸς
2338 1023 2508 1074 οὐδενὶ
2542 1022 2645 1091 τῶν
2680 1024 3030 1092 καταθυμίων
3058 1025 3203 1088 ὄντος
3236 1025 3583 1093 κωλύματος.

2000 1115 2073 1165 ’Ἡ
2109 1131 2167 1166 τε
2203 1114 2309 1183 γὰρ
2352 1115 2635 1184 περιουσία
2680 1115 2776 1183 τῆς
2824 1100 3115 1184 ἐπιθυμίας
3164 1115 3583 1180 συνεξετείνετο,

1996 1208 2090 1259 καὶ
2120 1208 2150 1275 ἡ
2189 1206 2349 1276 σχολὴ
2394 1208 2525 1276 πρὸς
2560 1207 2658 1276 τὴν
2692 1208 2990 1261 ἀπόλαυσιν
3031 1207 3215 1271 ἄνετος
3253 1204 3341 1278 ἦν,
3370 1209 3588 1272 0'36sz

1996 1293 2104 1375 τῷν
2147 1294 2459 1364 ἀϐουλήτων
2503 1296 2599 1364 τὴν
2644 1297 2699 1349 ἐν
2750 1298 2861 1358 τοῖς
2912 1298 3264 1366 καταθυμίοις
3303 1298 3587 1368 διαγωγὴν

1998 1385 2380 1442 ἐπικόπτοντος
2401 1402 2414 1415 ⁸
2438 1386 2509 1438 τὰ
2538 1387 2592 1438 δὲ
2632 1376 2964 1463 ἄλλα-σοφὸς
2996 1387 3090 1452 ὣν,
3122 1389 3213 1442 καὶ
3245 1391 3502 1459 ὲφευρείν
3535 1407 3587 1440 τι

1997 1477 2103 1528 τῶν
2130 1477 2249 1528 καθ’
2284 1476 2473 1545 ἡδονὴν
2507 1478 2609 1529 ὑπὸ
2632 1468 2897 1540 συνέσεως
2936 1478 3136 1540 ἱκανὸς,
3162 1474 3280 1531 εἷπε
3310 1482 3378 1531 τὰ
3399 1479 3495 1530 καὶ
3520 1479 3589 1531 τὰ

1997 1568 2104 1620 τῶν
2130 1569 2262 1637 πρὸς
2287 1569 2582 1622 ἀπόλαυσιν
2605 1570 3048 1640 σπουδαζομένων
3070 1570 3373 1639 ἐπινοῆσαι,
3406 1571 3589 1622 πάντα

2002 1661 2249 1729 ποιήσας,
2288 1661 2389 1712 ὅσα
2420 1660 2654 1728 καθεξῆς
2693 1660 2768 1730 τῷ
2816 1662 2956 1731 λόγῳ
3005 1663 3466 1733 ἁπηριθμήσατο,
3520 1662 3594 1714 δι’

2000 1740 2172 1817 αὐτῆς
2211 1744 2331 1800 εἶπε
2373 1747 2750 1819 μεμαθηκέναι
2799 1752 2899 1820 τῆς
2946 1742 3161 1822 πείρας,
3202 1752 3285 1804 ὃτι
3320 1751 3377 1805 ἓν
3412 1751 3590 1823 πέρας

2003 1840 2120 1892 ἐστὶ
2170 1839 2280 1892 τῶν
2326 1841 2382 1893 ὲν
2432 1840 2640 1904 τούτοις
2695 1842 3142 1913 σπουδαζομένων
3180 1845 3213 1913 ὴ
3262 1843 3588 1913 ματαιότης.

2004 1931 2168 1999 Τάξιν
2188 1932 2245 1985 δὲ
2269 1931 2521 2004 τοιαύτην
2549 1933 2786 2004 ἐπέθηκε
2819 1934 2897 2006 τῷ
2918 1936 3236 2005 διηγήματι,
3265 1937 3343 1999 ὡς
3372 1935 3591 2007 πρῶτον

2008 2025 2126 2095 μὲν,
2166 2025 2233 2077 ἔνι
2274 2022 2508 2095 πρώτοις
2550 2024 2761 2094 χρόνοις
2795 2028 2893 2099 τῆς
2938 2023 3128 2079 ἑαυτοῦ
3159 2025 3322 2096 ζωῆς.
3357 2030 3425 2097 τῇ
3464 2044 3594 2080 παι-

2004 2117 2181 2170 δεύσει
2209 2116 2390 2170 δοῦναι
2418 2116 2631 2186 σχολὴν.
2668 2117 2763 2171 καὶ
2797 2116 2871 2188 μὴ
2914 2114 3460 2188 καταμαλακισθῆναι
3489 2118 3592 2180 τὰς

2007 2209 2071 2261 ὲκ
2109 2207 2216 2262 τῶν
2248 2207 2501 2261 τοιούτων
2544 2207 2720 2260 πόνων
2765 2208 3032 2271 σπουδάςο
3071 2208 3377 2279 χρήσασθαι
3420 2209 3480 2262 δὲ
3526 2211 3591 2279 τῇ

2010 2299 2327 2371 προαιρέσει
2378 2298 2472 2352 τοῦ
2519 2298 2844 2369 πνεύματος,
2897 2300 3137 2353 τουτέστι
3182 2303 3248 2372 τῇ
3294 2302 3441 2372 ὁρμῇ
3490 2301 3596 2371 τῆς

2012 2390 2241 2457 φύσεως,
2274 2391 2351 2452 εἰς
2386 2389 2699 2461 προσθήκην
2728 2391 2999 2458 γνώσεως,
3035 2394 3083 2444 εί
3118 2392 3210 2445 καὶ
3249 2392 3385 2461 μετά
3411 2392 3597 2445 πόνων

2012 2478 2354 2550 κατωρθοῦτο
2386 2480 2444 2532 τὸ
2480 2480 2907 2551 σπουδαζόμενον
2927 2500 2940 2513 ο
3004 2482 3096 2536 καὶ
3126 2483 3305 2546 οὕτως
3336 2483 3597 2552 αὐξηθεὶς

2013 2570 2098 2624 διὰ
2130 2571 2320 2639 σοφίας
2356 2569 2430 2640 μὴ
2459 2569 2601 2640 λόγῳ
2625 2572 3071 2640 κατασκέψασθαι
3103 2573 3199 2644 τὴν
3244 2574 3466 2643 ἐμπαθῆ
3499 2574 3597 2626 καὶ

2013 2662 2204 2731 ἄλογον
2236 2663 2364 2732 περὶ
2406 2661 2504 2724 τὰς
2552 2664 2865 2732 σωματικὰς
2896 2664 3222 2729 ἀπολαύσεις
3250 2665 3358 2719 τῶν
3377 2665 3597 2736 ἀνθρώι

2017 2771 2132 2807 πων
2157 2753 2373 2823 ἀπάτην
2396 2769 2408 2781 ·
2438 2751 2571 2804 ἀλλά
2603 2750 2697 2805 καὶ
2728 2754 2795 2806 δι’
2822 2754 2993 2823 αὐτῆς
3014 2754 3113 2823 τῆς
3139 2755 3332 2826 πείρας
3360 2755 3597 2809 ἑκάστου

2016 2842 2123 2895 τῶν
2178 2838 2627 2908 σπουδαζομένων
2667 2842 2958 2909 ὲπιγνῶναι
3009 2842 3069 2895 τὸ
3123 2844 3365 2913 μάταιον.
3410 2845 3469 2897 '0
3498 2844 3599 2914 μὲν

339 2935 592 2997 rationis,
620 2942 675 2988 et
696 2933 752 2986 in
780 2933 946 2988 rebus
964 2932 1248 3001 corporeis
1267 2932 1540 2991 consistit.
1561 2931 1909 3003 voluptatem,

2060 2933 2221 2996 κοπδς
2262 2932 2368 2984 τῶν
2415 2928 2814 3000 ἐξητασμένων,
2849 2926 3005 2996 οὗτός
3042 2936 3186 2987 ἐστι·
3224 2934 3416 3005 καιρὸς
3458 2935 3504 2988 δ’
3532 2934 3599 3011 ᾷν

338 3038 463 3079 esse
477 3021 759 3077 hominum
784 3020 1180 3089 deceptionem,
1202 3021 1295 3075 sed
1321 3030 1374 3075 et
1400 3036 1496 3090 per
1518 3021 1692 3090 ipsam
1717 3035 1918 3090 cogno-

341 3115 489 3170 visse
541 3113 962 3182 experientiam,
1013 3112 1308 3166 vanitatem
1369 3128 1558 3167 eorum
1616 3113 1668 3165 in
1716 3112 1915 3181 quibus

2022 3023 2106 3093 εἴη
2134 3025 2227 3076 καὶ
2253 3021 2420 3090 αὐτὴν
2461 3022 2801 3093 παραθέσθαι
2836 3022 3069 3092 καθεξῆς
3113 3026 3254 3079 κατά
3283 3026 3343 3078 τὸ
3372 3025 3602 3080 ἀκόλου-

2024 3113 2121 3167 θον
2141 3113 2250 3165 τῶν
2279 3112 2677 3182 γεγραμμένων
2706 3112 2804 3182 τὴν
2832 3114 2922 3165 ἐπὶ
2956 3112 3152 3177 λέξεως
3184 3114 3437 3186 θεωρίαν.

339 3204 564 3275 ponitur
620 3202 883 3259 studium.
941 3203 1120 3271 Atque
1172 3201 1260 3256 hic
1314 3211 1395 3257 est
1458 3202 1676 3272 quidem
1754 3218 1952 3273 scopus
1986 3218 2175 3259 eorum
2229 3218 2350 3271 quae
2400 3208 2526 3256 sunt
2583 3202 2910 3257 examinata.
2970 3202 3206 3272 Tempus
3261 3215 3442 3259 autem
3519 3216 3604 3262 est

341 3298 528 3364 etiam,
583 3311 863 3367 exponere
919 3297 1456 3366 contemplationem,
1510 3297 1787 3366 sequendo
1845 3299 1911 3353 ad
1951 3299 2393 3381 verbumjpsum
2426 3311 2614 3351 eorum
2647 3311 2769 3364 quae
2800 3298 3003 3366 scripta
3073 3307 3199 3353 sunt
3256 3306 3600 3360 contextum.

418 3407 437 3441 ι
472 3388 713 3443 Locutus
739 3404 858 3443 sum
885 3404 986 3459 ego
1026 3390 1082 3442 in
1139 3388 1304 3444 corde
1363 3404 1483 3443 meo
1536 3397 1596 3442 ut
1631 3390 1867 3444 dicerem
1896 3407 1909 3443 :

344 3480 483 3535 Ecce
516 3478 898 3549 magniﬁcatus
929 3494 1049 3533 sum
1082 3494 1200 3549 ego.
1246 3497 1263 3530 ι
1298 3477 1566 3543 Quoniam
1603 3460 1713 3532 vidi
1749 3480 1802 3533 in
1830 3494 1916 3533 me

342 3582 462 3625 eam
497 3583 619 3638 quae
645 3576 729 3622 est
754 3582 822 3622 ex
862 3572 1135 3637 potestate
1174 3566 1630 3636 magnitudinem,
1660 3575 1714 3621 et
1761 3565 1916 3636 regni

344 3660 692 3731 splendorem
723 3674 1060 3715 accrescere.
1100 3656 1206 3713 Sed
1242 3671 1352 3726 prae
1396 3656 1482 3712 his
1513 3656 1769 3711 omnibus
1795 3669 1916 3709 ma-

347 3751 475 3806 ximi
507 3750 609 3807 feci
642 3751 1049 3821 possessionem
1079 3749 1384 3819 sapientiae,
1410 3764 1530 3817 quae
1556 3764 1665 3802 non
1691 3749 1795 3803 alia
1830 3763 1920 3802 ra-

346 3841 499 3897 tione
526 3841 735 3911 acquiri
767 3848 970 3910 potest,
1017 3855 1181 3909 quam
1216 3840 1498 3895 laboribus
1520 3850 1574 3894 et
1600 3839 1916 3895 sudoribus.

346 3932 644 4001 Propterea
695 3946 820 3984 cum
862 3930 1140 3985 dixisset:
1210 3948 1228 3980 ι
1267 3930 1377 4000 Ego
1414 3932 1628 3985 locutus
1683 3946 1802 3985 sum
1862 3932 1918 3985 in

348 4023 516 4079 corde
572 4031 694 4075 nmo
738 4027 799 4074 ut
854 4021 1090 4076 dicerem
1122 4036 1135 4072 :
1167 4018 1307 4074 Ecce
1367 4019 1747 4090 magniﬁcatus
1797 4036 1918 4075 sum

350 4129 474 4185 ego,
513 4132 530 4165 ι
568 4112 874 4181 subjunxit,
915 4130 933 4162 ι
970 4110 1279 4175 Quinetiam
1312 4108 1484 4178 adjeci
1518 4110 1865 4179 sapientiam.
1900 4129 1918 4163 ι

353 4204 490 4259 Nam
520 4218 643 4275 quae
677 4202 812 4258 mihi
853 4217 961 4256 non
1013 4200 1244 4271 quaesita
1280 4200 1513 4255 accessit
1557 4202 1846 4269 potestatis
1871 4209 1926 4256 et

2097 3408 2115 3441 ι
2157 3389 2422 3458 Ἐλάλησα
2469 3387 2578 3456 ἐγὼ
2624 3389 2681 3440 έν
2735 3390 2800 3457 τῇ
2857 3388 3052 3459 καρδίᾳ
3096 3406 3194 3458 μου
3243 3390 3336 3443 τοῦ
3388 3390 3601 3458 λέγειν’

2033 3481 2165 3535 Ἰδοὺ
2198 3480 2570 3549 ὲμεγαλύνθην
2605 3479 2732 3547 ἐγώ.
2790 3498 2808 3529 ι
2854 3479 3069 3549 Ἐπειδὴ
3132 3481 3240 3552 γὰρ
3302 3478 3440 3537 εἶδον
3492 3485 3606 3554 ἐγὼ

2022 3572 2150 3643 περὶ
2180 3570 2412 3642 ἐμαυτὸν
2437 3570 2498 3622 τὸ
2540 3572 2603 3623 ὲκ
2637 3569 2737 3638 τῆς
2772 3569 3086 3634 δυναστείας
3115 3572 3359 3642 μέγεθος,
3392 3577 3486 3627 καὶ
3511 3576 3607 3631 τὸν

2022 3660 2184 3728 ὄγκον
2215 3658 2314 3728 τῆς
2346 3657 2620 3727 βασιλείας
2648 3657 2856 3727 ἀθρόως
2889 3658 3297 3729 ἐπιγενόμενον·
3329 3660 3468 3716 ἀλλὰ
3499 3666 3606 3734 πρὸ

2023 3753 2249 3816 τούτων,
2278 3752 2339 3804 τὸ
2367 3751 2467 3820 τῆς
2496 3749 2686 3818 σοφίας
2728 3749 2910 3819 κτῆμα
2948 3751 3075 3821 περὶ
3116 3750 3315 3814 παντὸς
3343 3754 3605 3824 ἐποιησά-

2030 3862 2157 3916 μην,
2190 3843 2256 3913 ἢν
2276 3843 2376 3895 οὐκ
2420 3842 2535 3895 ἔστι
2585 3841 2804 3895 δυνατὸν
2837 3841 3027 3903 ἄλλως,
3060 3845 3107 3895 εί
3143 3842 3217 3913 μὴ
3252 3843 3392 3913 μετά
3429 3845 3607 3898 πόνων

2004 3937 2121 3990 ικαὶ
2151 3933 2388 4006 ἱδρώτων
2417 3933 2739 4005 κτήσασθαι.
2772 3932 2868 3986 Διά
2897 3931 3050 3986 τοῦτο
3078 3932 3244 3986 εἰπών
3263 3950 3276 3963 '
3306 3935 3390 3987 ὅτι
3413 3953 3431 3985 ι
3456 3935 3609 3988 Ἐλά·

2026 4027 2164 4098 λησα
2199 4025 2309 4095 ἐγὼ
2352 4027 2408 4078 ὲν
2435 4028 2500 4095 τῇ
2529 4024 2725 4096 καρδίᾳ
2762 4041 2861 4094 μου
2893 4023 2984 4076 τοῦ
3023 4023 3200 4092 λέγειν
3219 4040 3231 4053 ·
3255 4026 3384 4081 Ἰδοὺ
3402 4028 3608 4099 ἐμεγαν-

2028 4116 2225 4185 λύνθην
2251 4113 2379 4183 ἐγὼ,
2410 4132 2428 4163 ι
2456 4114 2701 4182 ἐπήγαγε
2725 4113 2818 4165 καὶ
2838 4110 2915 4170 τὸ.
2946 4131 2962 4161 ι
2993 4110 3316 4181 Προσέθηκα
3345 4114 3561 4182 σοφίαν.
3587 4136 3602 4163 ι

2030 4208 2132 4260 Τὸν
2160 4206 2267 4276 γὰρ
2296 4204 2436 4259 κατά
2467 4203 2527 4256 τὸ
2560 4202 2861 4271 αὐτόματόν
2905 4219 2992 4272 μοι
3037 4202 3467 4271 προσγενόμενον
3508 4206 3609 4275 τῆς

353 4296 668 4352 dominatus
697 4291 1129 4364 magnitudinem
1176 4290 1303 4344 auxi
1360 4291 1681 4346 accessione
1711 4291 1909 4359 sapien-

2061 4297 2346 4359 υναστείας
2378 4295 2539 4363 ὄγκον
2567 4293 2777 4365 ηὕξησα
2817 4297 2878 4363 τῇ
2916 4296 3013 4364 τῆς
3052 4293 3241 4361 σοφίας
3283 4294 3572 4366 προσθήκῃ
3601 4304 3615 4321 .

361 4387 623 4448 ιίωνουῐη
666 4383 768 4437 hoc
816 4381 961 4452 ³1)υά
989 4396 1076 4436 me
1126 4379 1411 4444 ἀίΧῘὸεειη,
1471 4380 1616 4450 ᾳσοά
1673 4397 1770 4451 per
1829 4381 1928 4436 hoc
1961 4379 1994 4386 —
2030 4386 2201 4440 ταῦτα
2260 4387 2378 4437 κατ’
2429 4383 2660 4455 ἐμαυτὸν
2708 4381 2893 4442 εἰπὼν.
2947 4382 3027 4434 ὅτι
3078 4382 3182 4451 χρὴ
3235 4381 3473 4450 μάλιστα
3524 4383 3610 4434 διέι

358 4480 576 4543 oportet
606 4472 839 4527 evadere
881 4472 1133 4542 superior
1167 4471 1236 4525 iis
1264 4471 1359 4541 qui
1399 4487 1486 4526 me
1529 4480 1931 4541 praecesserunt

359 4561 624 4631 regibus,
668 4567 723 4614 et
776 4574 871 4614 eos
918 4561 1240 4614 antecellere
1301 4560 1589 4630 sapientia.
1655 4578 1674 4611 ι
1744 4559 1929 4627 Adjeci

358 4653 527 4716 enim,
564 4670 583 4704 ›
615 4652 809 4721 inquit,
838 4670 857 4702 ‹
892 4652 1212 4722 sapientiam
1241 4651 1296 4704 in
1319 4651 1574 4706 omnibus
1596 4652 1689 4721 qui
1715 4650 1933 4706 fuerunt

360 4750 488 4798 ante
516 4758 601 4798 me
630 4742 685 4796 in
717 4740 1082 4808 Hierusalem,
1112 4751 1165 4796 et
1199 4741 1435 4812 cogitavi
1469 4742 1932 4812 quemadmodum

364 4839 480 4893 haec
507 4836 722 4892 ﬁerent.
761 4856 779 4888 ι
810 4836 945 4903 Quis
970 4837 1114 4891 enim
1147 4837 1345 4902 nescit,
1372 4835 1519 4906 quod
1559 4836 1810 4890 consistit
1846 4850 1933 4890 sa-

364 4930 565 5001 pientia
589 4930 658 4984 iis
694 4927 787 4999 qui
818 4942 1040 4997 operam
1076 4937 1133 4981 et
1166 4927 1406 4982 studium
1455 4927 1684 4983 libentes
1723 4936 1934 4997 ponunt

363 5023 423 5077 in
463 5020 798 5092 cogitatione
844 5031 1035 5074 eorum
1057 5032 1178 5087 quae
1203 5018 1273 5072 ab
1311 5018 1433 5073 aliis
1475 5018 1627 5088 prius
1657 5026 1786 5073 sunt
1823 5018 1936 5073 ela-

365 5105 597 5163 borata?
626 5126 645 5158 ι
676 5106 741 5160 Ει
763 5105 906 5169 ideo,
937 5122 958 5157 ι
985 5106 1229 5175 inquit”
1257 5121 1353 5161 eor
1377 5122 1555 5162 meum
1583 5107 1716 5161 vidit
1741 5108 1932 5171 multa,
1979 5098 1988 5116 “

367 5214 561 5270 nempe
602 5194 1030 5268 sapientiam'et
1067 5197 1452 5267 cognitionem,
1507 5218 1524 5249 ι
1572 5208 1759 5269 utpote
1787 5198 1932 5269 quod

365 5304 475 5345 non
493 5305 624 5347 casu
665 5290 876 5361 acquiri
904 5290 1077 5359 possit
1112 5304 1302 5344 eorum
1337 5292 1593 5361 cognitio.
1643 5289 1747 5345 Sed
1796 5304 1934 5359 quo-

366 5385 537 5447 niam,
576 5383 778 5452 inquit,
823 5380 947 5437 dedi
980 5396 1077 5435 cor
1102 5397 1279 5438 meum
1320 5391 1380 5436 ut
1422 5397 1805 5452 cognoscerem
1851 5398 1937 5435 sa-

370 5473 629 5544 pientiam
667 5482 719 5528 el
766 5473 1126 5543 cognitionem
1150 5514 1165 5536 ,
1214 5482 1270 5528 ut
1310 5477 1401 5544 qui
1441 5490 1548 5527 non
1576 5474 1666 5526 illa
1715 5470 1940 5526 didicis-

369 5577 505 5630 sem,
533 5564 637 5618 nisi
660 5564 814 5619 labor
842 5571 895 5620 et
919 5566 1195 5622 meditatio
1218 5566 1588 5637 praecessisset
1627 5578 1815 5619 eorum
1839 5578 1933 5617 co-

2030 4477 2186 4530 τοῦτο
2232 4476 2338 4529 τῶν
2374 4474 2780 4546 προγεγονότων
2821 4473 3080 4542 βασιλέων
3119 4472 3392 4541 δειχθῆναι
3440 4473 3610 4542 ὑπέρ-

2031 4584 2204 4637 τερον,
2235 4567 2329 4619 καὶ
2371 4567 2427 4619 ὲν
2460 4566 2620 4635 σοφίᾳ
2662 4565 2723 4617 τὸ
2773 4563 2932 4616 πλέον
2966 4563 3130 4632 ἔχειν.
3173 4582 3189 4612 ι
3226 4562 3552 4632 Προσέθηκα
3589 4583 3604 4614 ι

2033 4660 2161 4730 γὰρ,
2205 4658 2357 4728 φησὶ,
2393 4676 2411 4708 ι
2448 4657 2640 4727 σοφίαν
2690 4658 2745 4708 ὲν
2799 4657 2930 4737 πᾶσι
2980 4657 3089 4716 τοῖς
3144 4654 3455 4722 γενομένοις
3511 4653 3612 4723 ἔμ-

2036 4749 2268 4821 προσθέν
2297 4767 2397 4819 μου
2438 4750 2495 4801 ὲν
2531 4747 2903 4819 Ἰερουσαλὴμ,
2930 4747 3022 4800 καὶ
3058 4747 3199 4807 ὅπως
3233 4746 3297 4798 ἂν
3326 4744 3499 4798 ταῦτα
3523 4746 3613 4814 γέ-

2038 4856 2180 4894 νοιτο
2226 4838 2547 4908 κατενόησα.
2599 4858 2617 4890 ι
2663 4838 2759 4901 Τίς
2801 4839 2910 4908 γάρ
2960 4834 3059 4890 ούκ
3107 4832 3262 4897 οἶδεν,
3310 4836 3390 4888 ὅτι
3440 4836 3498 4887 ὲν
3546 4838 3612 4907 τῇ
3666 4850 3679 4857 '

2038 4928 2235 4998 γνώσει
2272 4927 2380 4981 τῶν
2421 4927 2627 4998 ἑτέροις
2662 4924 3154 4996 προπεπονημένων
3181 4922 3557 4992 φιλοπονῶσιν
3578 4927 3611 4995 ἡ

2040 5018 2200 5086 σοφία
2247 5016 2591 5082 συνίσταται;
2629 5033 2647 5066 ι
2686 5015 2798 5078 Διὸ,
2851 5034 2870 5066 ι
2931 5014 3208 5085 φησὶν,ιὴ
3263 5011 3457 5083 καρδία
3514 5030 3614 5083 μου

2039 5106 2145 5160 εἶδε
2176 5106 2367 5172 πολλὰ,
2404 5106 2597 5176 σοφίαν
2640 5107 2733 5160 καὶ
2756 5105 2975 5175 γνῶσιν,
3014 5123 3033 5157 ι
3076 5103 3137 5157 οὐ
3174 5104 3316 5158 κατὰ
3355 5103 3418 5157 τὸ
3455 5104 3617 5159 αὐτό-

2047 5213 2210 5267 ματον
2234 5197 2442 5267 ἀκμητί
2478 5213 2536 5248 τε
2563 5196 2662 5264 τῆς
2696 5195 2803 5247 τῶν
2836 5194 3091 5248 τοιούτων
3119 5193 3367 5260 γνώσεως
3396 5196 3616 5262 ἐγγενο·

2047 5289 2232 5357 μένης.
2270 5286 2407 5339 Ἀλλ’
2446 5286 2655 5357 ἐπειδὴ,
2689 5286 3071 5357 φησδ.ν,ἔδωκα
3111 5286 3208 5355 τὴν
3250 5284 3478 5354 καρδίαν
3516 5302 3617 5354 μου

2044 5379 2134 5432 τοῦ
2182 5379 2384 5446 γνῶναι
2431 5380 2619 5446 σοφίαν
2667 5379 2761 5431 καὶ
2802 5379 3020 5446 γνῶσιν,
3060 5377 3141 5450 ὡς
3183 5377 3282 5429 οὐκ
3331 5374 3395 5429 ἂν
3434 5374 3620 5446 μαθὼν

2044 5473 2246 5532 ἐκεῖνα,
2278 5473 2325 5522 εἰ
2358 5469 2431 5540 μὴ
2456 5471 2615 5532 πόνος
2654 5486 2710 5522 τε
2758 5468 2851 5521 καὶ
2891 5467 3083 5537 μελέτη
3118 5468 3216 5537 τῆς
3252 5464 3504 5532 γνώσεως
3528 5466 3621 5518 αύ-

2008 5562 2151 5615 “τῶν
2198 5561 2579 5630 καθηγήσατο’
2614 5581 2631 5611 ι
2676 5559 2835 5612 Ἀλλὰ
2880 5560 2972 5612 καὶ
3024 5557 3355 5627 παραϐολὰς,
3405 5555 3618 5625 gemat,
