3766 5986
184 184 305 242 645

1268 177 1335 233 ΙΝ
1371 175 1909 236 ECCLESIASTEN.
1932 174 2236 233 .HOMILIA
2271 176 2333 232 11.

3347 181 3453 238 646

190 312 217 347 ι
265 292 355 348 καὶ
398 292 707 363 ἐπιστήμην
749 290 951 360 εγνων·
993 309 1012 342 ι
1044 256 1308 354 τουτέστι,
1337 289 1435 359 τὴν
1483 288 1543 355 ἐξ
1591 287 1781 341 ἀναλο-

1958 286 2206 341 itionem.
2237 306 2256 338 ‹
2288 286 2395 341 Sed
2422 293 2477 340 et
2502 285 2814 356 parabolas,
2860 305 2879 339 ι
2910 287 3111 359 inquit,
3145 308 3164 342 ι
3192 300 3244 346 et
3271 293 3453 348 scien-

185 384 323 454 γίας
344 384 642 454 γενομένην
666 382 766 438 ,τοῦ
799 382 1193 453 ὑπερκειμένου
1223 380 1545 451 κατάληψιν,
1570 380 1656 432 διὰ
1680 379 1780 449 τῆς

186 476 554 547 παραθέσεως
579 473 687 527 τῶν
716 472 1154 543 παρακειμένων.
1183 471 1294 525 Καὶ
1313 468 1500 539 ,ταῦτα
1530 469 1779 540 μεμαθη-

186 568 351 622 κέναι
377 568 557 634 λέγει·
594 564 914 637 Παραϐολὰς
958 563 1088 634 γὰρ,
1133 563 1284 632 φησὶ,
1330 563 1425 616 καὶ
1471 563 1779 632 ἐπιστήμην

187 658 387 726 ἔγνων.
423 656 690 726 Καθάπερ
717 654 982 708 διδάσκων
1013 654 1105 707 καὶ
1131 654 1189 706 ὲν
1212 652 1289 724 τῷ
1317 651 1629 719 Εὑαγγελίῳ
1655 651 1780 712 τοὺς

188 747 581 817 ἀκροωμένους
606 748 634 800 ὁ
666 745 887 817 Κύριος,
918 745 1007 799 τὸν
1040 743 1290 813 περὶτῆς
1326 740 1779 811 βασιλείας).ὀγον

192 841 294 893 ὑπ’
328 838 450 908 ὃψιν
481 837 626 905 άγει,
654 837 687 907 ἢ
722 836 1085 907 μαργαρίτην,
1120 834 1154 903 ἢ
1193 832 1486 904 θησαυρὸν,
1516 831 1550 901 ἢ
1583 831 1777 900 γάμον,

191 930 232 999 ἢ
268 930 487 991 κόκκον,
518 928 551 997 ἢ
580 928 775 998 ζύμην,
802 928 836 998 ή
870 945 921 980 τι
947 925 1053 980 τῶν
1083 925 1335 977 τοιούτων
1360 923 1776 993 διηγησάμενος,

112 1075 125 1091 λ
185 1020 260 1072 οὐ
304 1019 476 1072 ταῦτα
506 1018 677 1087 λέγων
716 1014 852 1071 εἶναι
890 1018 989 1087 τὴν
1026 1015 1334 1086 βασιλείαν·
1377 1015 1511 1069 ἀλλὰ
1554 1014 1643 1068 διὰ
1680 1013 1776 1083 τῆς

190 1110 513 1181 ὁμοιώσεως
553 1108 659 1164 τῶν
703 1111 761 1164 ὲν
803 1108 1008 1171 τούτοις
1060 1107 1494 1177 σημαινομένων,
1547 1105 1777 1172 ὲναυγά-

194 1201 390 1272 σματά
414 1218 534 1255 τινα
567 1202 662 1255 καὶ
693 1200 985 1270 αἰνίγματα
1012 1199 1117 1252 τῶν
1149 1198 1290 1271 ὑπὲρ
1316 1197 1615 1266 κατάληψιν
1639 1215 1777 1268 πρα-

187 1293 427 1361 γμάτων
486 1290 868 1360 παραϐολικῶς
914 1292 1027 1352 τοῖς
1087 1289 1375 1343 ἀκούουσιν
1421 1288 1774 1342 ύποδεικνύει.

193 1386 217 1432 ‘c
257 1382 368 1434 Καὶ
405 1381 485 1444 είς
517 1379 674 1433 τοῦτό
706 1397 795 1450 μοι
824 1379 1033 1447 γέγονε,
1069 1398 1086 1429 ι
1119 1379 1302 1450 φησὶν,
1340 1397 1358 1430 ι
1396 1381 1428 1449 ἡ
1461 1378 1779 1449 προαίρεσις

182 1471 286 1525 τοῦ
317 1472 645 1543 πνεύματος,
672 1471 731 1523 τὸ
752 1469 1004 1538 γενέσθαι
1040 1486 1129 1540 μοι
1171 1469 1369 1539 πλῆθος
1412 1470 1600 1538 σοφίας
1623 1488 1673 1533 ,ι
1703 1469 1779 1532 ὡς

184 1562 258 1614 ἂν
291 1562 375 1614 διὰ
406 1562 501 1614 τοῦ
545 1560 799 1629 γενέσθαι
836 1560 1017 1627 σοφὸς,
1051 1560 1124 1631 μὴ
1156 1560 1510 1630 διαμάρτοιμι
1542 1562 1640 1630 τῆς
1671 1561 1777 1613 τῶν

1887 376 2020 429 tiam
2045 377 2193 442 novi,
2218 397 2236 429 ι
2272 378 2375 432 hoc
2397 384 2504 441 est,
2536 391 2656 431 eam
2684 376 2972 447 quaejacta
2993 391 3159 436 estex
3180 383 3453 455 analogia,

1885 467 2005 535 ejus
2036 467 2180 536 quod
2210 478 2293 522 est
2327 468 2580 538 superius
2608 470 3172 538 comprehensionem,
3224 490 3321 544 per
3360 490 3456 530 eo-

1885 573 2006 611 rum
2056 572 2178 627 quze
2224 558 2379 627 juxta
2435 569 2564 615 sunt
2621 562 2797 629 posita
2844 564 3325 631 comparationem.
3379 566 3455 622 Ea

1885 663 2103 717 quoque
2133 664 2191 703 sc
2215 649 2344 704 dicit
2369 649 2665 704 didicisse:
2702 649 3001 707 Parabolas
3043 655 3209 719 enim,
3256 655 3454 726 inquit,

1884 748 1934 791 et
1961 738 2245 792 scientiam
2274 740 2422 793 novi.
2453 738 2735 805 Quomodo
2763 742 2907 795 enim
2942 741 2996 795 in
3025 741 3319 813 Evangelia
3351 744 3456 799 Do-

1887 829 2069 882 minus
2090 829 2296 884 docens
2332 830 2627 893 auditores,
2657 833 2882 901 subjicit
2929 834 3103 889 oculis
3129 834 3182 888 id
3211 835 3355 904 quod
3389 837 3457 891 de

1885 934 2054 988 regno
2087 918 2241 981 dicit,
2286 921 2371 975 vel
2399 923 2773 992 margaritam,
2822 924 2902 977 vel
2937 925 3174 993 nuptias,
3212 927 3294 981 vel
3333 943 3458 998 gra-

1886 1026 2036 1074 num,
2071 1010 2155 1063 vel
2190 1009 2538 1075 fermentum,
2581 1013 2664 1067 vel
2709 1013 2913 1082 aliquid
2948 1014 3218 1084 ejusmodi
3275 1018 3328 1072 id
3361 1033 3457 1089 ap-

1888 1100 2184 1170 pellans”,
2221 1116 2332 1155 non
2365 1102 2479 1155 hac
2518 1103 2709 1157 dicens
2765 1119 2888 1158 esse
2932 1120 3200 1175 regnum:
3236 1109 3328 1163 sed
3359 1124 3457 1179 per

1887 1193 2300 1249 similitudinem
2336 1210 2525 1248 eorum
2559 1210 2679 1265 quae
2716 1197 2773 1249 in
2798 1195 2867 1250 iis
2911 1196 3307 1267 signiﬁcantur,
3358 1201 3456 1256 de-

1858 1288 1861 1289 ⁷
1886 1284 2216 1339 clarationes
2238 1283 2500 1353 quasdam
2524 1293 2577 1339 et
2609 1288 2801 1341 tacitas
2819 1288 3244 1358 significationes
3275 1307 3456 1347 rerum

1886 1389 2006 1443 qua:
2027 1384 2270 1429 nostram
2297 1387 2557 1445 superant
2580 1378 3125 1446 comprehensionem
3151 1382 3458 1449 parabolice

1885 1465 2177 1519 ostendens
2200 1466 2566 1521 auditoribus.
2604 1485 2621 1517 ι
2657 1466 2723 1520 Ει
2747 1467 2812 1520 ad
2844 1468 2968 1534 hoc,
2998 1488 3017 1521 ι
3046 1470 3245 1539 inquit,
3273 1494 3291 1524 ι
3325 1474 3457 1528 mihi

1888 1551 1987 1606 fuit
2023 1554 2171 1623 optio
2203 1553 2451 1623 spiritus.
2486 1561 2545 1607 ut
2577 1562 2721 1609 esset
2751 1555 2885 1609 mihi
2913 1557 3207 1614 multitudo
3239 1563 3459 1632 sapien-

184 1654 366 1707 ὅντων
408 1652 682 1722 γνώσεως,
718 1652 851 1723 μηδὲ
889 1651 1044 1714 ἐκτὸς
1085 1652 1344 1722 γενοίμην
1376 1651 1476 1721 τῆς
1507 1651 1600 1704 τοῦ
1634 1652 1780 1705 λυσι-

1955 1661 1988 1712 ξ,
2022 1665 2040 1697 ι
2076 1654 2136 1701 ut
2163 1654 2451 1716 propterea
2477 1647 2619 1717 quod
2655 1662 2835 1703 essem
2869 1649 3111 1718 sapiens,
3142 1652 3217 1706 ab
3265 1668 3455 1709 eorum

183 1745 475 1808 τελοῦντος
509 1747 800 1815 εὑρέσεως.
828 1745 937 1797 Ἕκ
967 1744 1076 1815 γάρ
1118 1743 1307 1809 σοφίας
1339 1745 1371 1814 ἡ
1405 1742 1605 1812 γνῶσις
1651 1761 1777 1796 συν-

183 1835 442 1889 ίσταται·
492 1836 526 1906 ή
569 1835 626 1888 δὲ
660 1834 1285 1904 γνῶσις,ηεύκολωτέραν
1319 1836 1449 1904 ἡμῖν
1495 1837 1638 1886 ποιεῖ
1680 1833 1777 1904 τήν

178 1924 286 1978 τοῦ
313 1924 670 1995 προσέχοντος
713 1923 914 1994 κρίσιν.
963 1923 1134 1976 Τοῦτο
1173 1923 1231 1976 δὲ
1277 1923 1379 1974 οὐκ
1419 1923 1629 1995 ἁκμητὶ
1665 1926 1776 1986 τοῖς

182 2013 552 2078 σπουδάζουσι
586 2013 979 2084 παραγίνεσθαι
1012 2013 1275 2083 πέφυκεν,
1301 2011 1414 2075 ἀλλ’
1455 2017 1484 2067 ὁ
1520 2013 1776 2083 προσθεὶς

182 2104 370 2175 ἑαυτῷ
404 2104 603 2173 γνῶσιν
648 2105 1002 2160 συνεπιτείνει
1050 2105 1267 2168 πάντως
1306 2107 1373 2176 τῇ
1418 2103 1650 2175 μαθήσει
1685 2104 1776 2158 τὸν

184 2195 375 2249 πόνον.
408 2195 500 2248 Διὸ
531 2197 713 2266 φησὶν,
748 2214 765 2246 ι
801 2196 860 2249 '0
890 2195 1145 2265 προσθεὶς
1172 2194 1392 2265 γνῶσιν,
1425 2194 1776 2266 προστίθησιν

183 2284 439 2355 ἄλγημα.
476 2303 494 2336 ι
529 2285 637 2337 Καὶ
671 2285 909 2349 τοιοῦτος
936 2283 1193 2354 γεγονὼς,
1223 2284 1345 2338 τότε
1370 2283 1476 2337 τῶν
1504 2283 1676 2355 ήδέων
1701 2285 1776 2348 ὡς

187 2375 454 2446 ματαίων
486 2374 939 2446 καταψηφίζεται.

267 2647 430 2715 Λέγει
482 2646 616 2718 γὰρ,
665 2647 745 2700 ὃτι
789 2666 809 2698 ι
849 2642 992 2700 Εἷπα
1045 2647 1156 2716 ἐγὼ
1204 2650 1261 2701 ὲν
1293 2650 1358 2720 τῇ
1402 2648 1597 2720 καρδίᾳ
1654 2666 1775 2718 μου,

188 2740 371 2810 Δεῦρο
400 2741 489 2810 δὴ,
522 2739 769 2810 πειράσω
796 2756 853 2792 σε
876 2741 932 2793 ὲν
959 2740 1285 2814 εὐφροσύνῃ,
1312 2742 1405 2795 καὶ
1435 2741 1541 2795 ἰδοὺ
1572 2744 1625 2795 ὲν
1647 2743 1780 2810 ἁγα-

189 2833 331 2894 ςθοίς.
374 2830 483 2883 Καί
521 2847 584 2899 γε
627 2828 784 2882 τοῦτο
819 2830 1131 2900 ματαιότης.
1174 2851 1193 2881 ›
1227 2830 1303 2884 Ού
1329 2831 1435 2901 γάρ
1460 2831 1620 2896 εὐθὺς
1652 2832 1782 2885 ἔδω-

190 2937 293 2975 κεν
344 2921 534 2973 ἑαυτὸν
581 2922 648 2991 τῇ
696 2919 916 2990 τοιαύτῃ
963 2919 1147 2991 πείρᾳ,
1177 2920 1319 2999 ,οὐδὲ
1372 2921 1629 2989 ἄγευστος
1692 2921 1780 2975 τοῦ

186 3009 630 3080 κατεσκληκότος
689 3026 747 3060 τε
796 3010 890 3062 καὶ
942 3009 1263 3079 σεμνοτέρου
1327 3009 1462 3078 βίου,
1505 3009 1638 3081 πρὸς
1684 3010 1782 3081 τὴν

184 3100 307 3153 τῶν
348 3099 515 3169 ἡδέων
566 3097 852 3168 μετουσίαν
902 3095 1267 3150 ’κατώλισθενθ
1301 3097 1416 3151 ἀλλ’
1463 3098 1781 3169 ὲνασκηθεὶς

186 3188 457 3251 ἐκείνοις,
504 3188 597 3240 καὶ
649 3185 1106 3258 προκατορθώσας
1167 3186 1245 3257 τῷ
1283 3186 1402 3257 ἤθει
1455 3188 1517 3240 τὸ
1564 3189 1782 3259 ἁμειδὲς

186 3279 295 3332 καὶ
333 3277 646 3339 ἁνένδωτον,
682 3275 748 3329 δι’
775 3269 849 3329 ὦν
877 3276 1109 3347 μάλιστα
1137 3276 1207 3330 τά
1244 3278 1341 3347 τῆς
1383 3277 1573 3346 σοφίας
1609 3280 1783 3350 μαθή-

191 3387 349 3440 ματα
370 3371 480 3432 τοῖς
513 3366 869 3430 σπουδάζουσι
898 3360 1103 3436 γίνεται
1120 3385 1139 3403 ³
1165 3368 1286 3421 τότε
1310 3369 1528 3440 καθίησι
1558 3371 1692 3441 πρὸς
1714 3374 1793 3424 τά·

188 3462 263 3531 τῇ
296 3458 549 3529 αἰσθήσει
571 3458 779 3530 τερπνὰ
807 3458 1155 3529 νομιζόμενα,
1174 3459 1233 3533 ού
1260 3460 1420 3516 πάθει
1448 3461 1583 3530 πρὸς
1610 3461 1782 3515 ταῦτα

189 3550 595 3613 καθελκυσοεὶς
615 3591 630 3614 ,
661 3548 796 3604 ἀλλὰ
835 3550 929 3604 τοῦ
969 3551 1371 3621 ἐπισκέψασθαι
1404 3556 1583 3623 χάριν,
1620 3554 1672 3605 εἰ
1701 3573 1783 3617 τις

191 3643 448 3695 συντελεί
482 3641 621 3712 πρὸς
660 3640 759 3711 τὴν
797 3639 892 3694 τοῦ
940 3640 1210 3711 ἀληθινῶς
1255 3642 1457 3711 γνῶσιν
1490 3643 1693 3713 ἀγαθοῦ
1726 3647 1782 3697 ὲν

188 3733 414 3795 τούτοις
447 3732 714 3802 γενομένη
750 3732 783 3802 ἡ
814 3732 1084 3803 αἴσθησις.
1126 3733 1277 3787 Ἐπεὶ
1302 3733 1424 3787 τότε
1459 3736 1576 3788 κατ’
1610 3736 1783 3806 ἀρχὰς

192 3821 395 3892 ἐχθρὸν
429 3822 624 3884 ἑαυτοῦ
652 3824 799 3874 ποιεῖ
836 3822 931 3875 καὶ
964 3823 1056 3876 τὸν
1082 3822 1316 3891 γέλωτα,
1351 3826 1445 3878 καὶ
1480 3826 1782 3898 περιφορὰν

191 3912 458 3983 ὀνομάζει
486 3914 547 3966 τὸ
579 3913 749 3977 πάθος
771 3953 785 3975 ,
816 3915 952 3984 ὅπερ
978 3909 1094 3967 ἶσόν
1129 3917 1244 3968 ἐστι
1277 3916 1419 3969 κατὰ
1451 3916 1684 3971 διάνοιαν
1717 3921 1781 3989 τῇ

193 4005 502 4074 παραφορᾷ
533 4021 591 4056 τε
618 4004 711 4056 καὶ
750 4004 1042 4075 παρανοίᾳ.
1081 4004 1148 4056 Εἴ
1182 4023 1231 4057 τι
1263 4006 1370 4077 γὰρ
1398 4000 1525 4061 ἄλλο
1550 4025 1634 4072 τις
1664 4011 1782 4060 ὀνο-

200 4096 403 4166 μάσειε
428 4095 632 4165 κυρίως
668 4095 761 4148 τὸν
788 4096 1026 4164 γέλωτα,
1061 4096 1090 4148 ὃ
1124 4100 1259 4167 μήτε
1294 4098 1450 4166 λόγος
1474 4101 1612 4164 ἐστὶ,
1645 4102 1781 4170 μήτε

195 4185 365 4253 ἔργον
397 4183 487 4236 ἐπί
533 4200 637 4235 τινι
689 4182 877 4253 σκοπῷ
926 4183 1382 4253 κατορθούμενον.
1436 4185 1689 4248 Διάλυσις
1728 4186 1781 4238 δὲ

201 4275 477 4342 στόματος
498 4273 752 4343 ἀπρεπὴς
772 4314 784 4337 ,
824 4272 917 4326 καὶ¹
942 4273 1250 4344 πνεύματος
1273 4275 1478 4340 κλόνος,
1527 4277 1621 4328 καὶ
1647 4276 1772 4346 βροι⁸

203 4363 343 4434 σμὸς
375 4363 498 4415 ὅλου
536 4361 631 4415 τοῦ
664 4362 945 4432 σώματος,
983 4365 1076 4416 καὶ
1110 4363 1360 4434 διαστολὴ
1391 4366 1655 4431 παρειῶν,
1688 4365 1781 4419 καὶ

197 4453 487 4523 γύμνωσις
520 4453 749 4506 ὀδόντων
776 4436 841 4507 τέ
870 4454 964 4507 καὶ
995 4453 1186 4518 οὔλων,
1221 4458 1316 4509 καὶ
1350 4455 1601 4526 ὑπερῷας
1622 4459 1783 4529 αὐχέ-

198 4560 294 4607 νος
323 4560 383 4596 τε
409 4542 684 4614 λογισμοὶ,
715 4545 807 4597 καὶ
840 4545 1023 4616 φωνῆς
1052 4546 1363 4616 παράλογος
1388 4548 1601 4619 θρύψις,
1631 4566 1784 4602 συνε-

200 4634 581 4705 πικοπτομένη
609 4636 696 4704 ιτῇ
734 4633 924 4687 κλάσει
970 4632 1062 4687 τοῦ
1098 4635 1408 4706 πνεύματος
1430 4680 1444 4702 ,
1469 4639 1522 4691 τί
1558 4638 1623 4692 ἂν
1656 4639 1783 4694 ἄλλο

202 4724 293 4791 εἴη
332 4723 510 4784 τοῦτο,
567 4723 741 4793 φησὶ,
771 4725 862 4778 καὶ
904 4724 965 4777 οὐ
1019 4726 1321 4795 παράνοια;
1424 4730 1519 4784 Διό
1627 4746 1780 4799 φησι,

206 4834 227 4865 ε
263 4814 357 4884 Τῷ
389 4815 588 4882 γέλωτι
634 4810 762 4867 εἶπα
786 4816 1135 4887 παραφορὰν,
1180 4837 1198 4868 ι
1234 4818 1308 4880 ὡς
1354 4817 1419 4871 ἂν
1444 4819 1493 4870 εί
1529 4818 1681 4888 ἔλεγε
1707 4819 1784 4891 τῷ

202 4904 639 4972 γέλωτι,Μαένῃ
666 4905 759 4958 καὶ
798 4906 1214 4977 παρεξέστηκας
1249 4908 1342 4961 καὶ
1374 4909 1473 4961 οὐκ
1509 4911 1660 4974 ἐντὸς
1688 4912 1783 4964 τοῦ
1814 4918 1819 4922 ’

204 4996 549 5059 καθεστῶτος
588 4997 774 5067 μένεις
797 5037 812 5062 ,
859 4998 1120 5062 ἑκουσίως
1153 5000 1499 5071 ἀσχημονῶν,
1542 5004 1635 5057 καὶ
1664 5004 1785 5058 δια-

207 5088 461 5159 στρέφων
491 5089 549 5139 ὲν
584 5086 661 5158 τῷ
709 5088 872 5155 πάθει
902 5088 964 5141 τὸ
991 5083 1152 5152 εἶδος,
1189 5092 1275 5143 ἐπ’
1320 5091 1500 5145 οὐδενὶ
1529 5095 1784 5167 χρησίμῳ

204 5184 308 5253 τὴν
319 5182 473 5235 διαστ
482 5179 872 5251 ροφὴιὲργαζό
880 5198 1058 5251 μενος.
1086 5200 1105 5233 ι
1133 5178 1298 5237 Εἶπον
1318 5183 1375 5236 δὲ
1396 5185 1489 5236 καὶ⁸
1508 5188 1571 5256 τῇ
1590 5186 1785 5258 εὐφρο-

208 5273 342 5345 σύνῃ
371 5290 384 5304 ⁸
417 5268 484 5326 Τί
514 5272 675 5325 τοῦτο
702 5276 912 5338 ποιεϊς;
947 5290 966 5324 ι
1005 5276 1143 5347 ὅπερ
1180 5271 1296 5329 ἶσόν
1328 5278 1441 5329 ἐστι
1470 5276 1548 5348 τῷ
1578 5278 1778 5351 λέγειν,

206 5366 289 5417 ὅτι
312 5363 454 5447 Πρὸς
491 5362 592 5429 τὴν
627 5361 818 5433 ἡδονήν
850 5364 1240 5431 ἀντιστατικῶς
1272 5368 1429 5437 ἔσχον
1457 5370 1777 5427 ὑποπτεύων

317 5500 362 5565 δέ’
384 5505 577 5595 Matth.
611 5557 732 5607 ιιιι,
758 5541 793 5595 5
827 5557 948 5613 sqq.
1686 5487 1695 5505 .
1738 5606 1764 5613 _
1788 5546 1802 5573 λ

1882 1753 2003 1806 quae
2033 1746 2162 1792 sunt
2183 1738 2495 1809 cognitione
2520 1740 2745 1794 minime
2765 1740 3107 1806 aberrarem,
3148 1759 3247 1797 nec
3276 1760 3456 1801 essent

1882 1840 2124 1888 remotus
2152 1833 2222 1887 ab
2250 1833 2566 1888 inventione
2592 1832 2713 1902 ejus
2756 1832 2904 1903 quod
2946 1841 3031 1889 est
3090 1834 3453 1892 conducibile.

1882 1922 1957 1977 Ex
1986 1924 2255 1992 sapientia
2284 1923 2430 1978 enim
2453 1929 2670 1978 constat
2698 1923 2961 1994 cognitio.
2993 1921 3245 1995 Cognitio
3269 1933 3454 1980 autem

1883 2012 2042 2069 ellicit
2062 2013 2180 2083 ejus
2213 2014 2308 2084 qui
2336 2014 2566 2069 attendit
2586 2014 2801 2071 facilius
2818 2012 3110 2083 judicium.
3138 2012 3253 2070 Hoc
3276 2025 3454 2070 autem

1882 2120 1992 2158 non
2022 2105 2161 2158 citra
2195 2105 2440 2160 laborem
2494 2104 2759 2160 accedere
2806 2111 2998 2174 suapte
3036 2112 3233 2158 natura
3279 2113 3458 2174 potest

1884 2197 1950 2251 iis
1977 2197 2072 2266 qui
2099 2196 2325 2252 student
2351 2214 2365 2262 ;
2391 2196 2486 2251 sed
2533 2196 2627 2266 qui
2665 2195 2876 2251 addidit
2925 2194 3029 2250 sibi
3064 2196 3455 2265 cognitionem,

1883 2286 2047 2342 simul
2098 2286 2260 2340 etiam
2290 2300 2415 2339 cum
2450 2284 2741 2355 disciplina
2768 2284 2991 2338 omnino
3039 2284 3272 2339 intendit
3316 2286 3461 2340 labo-

1878 2392 2016 2432 rem.
2040 2376 2185 2432 Dicit
2213 2377 2468 2446 itaqueu
2503 2375 2607 2441 Qui
2648 2375 2855 2430 addidit
2879 2375 3272 2447 cognitionem,
3310 2375 3460 2430 addit

1882 2468 2154 2524 dolorem.
2186 2486 2205 2520 ›
2255 2466 2394 2522 Cum
2442 2466 2570 2523 talis
2599 2464 2856 2535 evaserit,
2891 2475 3023 2523 tunc
3050 2467 3294 2538 jucunda
3336 2475 3460 2523 tan-

1881 2574 2044 2628 quam
2085 2572 2224 2612 vana
2244 2557 2598 2613 condemnat.

1955 2648 2099 2704 Dicit
2129 2648 2298 2714 enim,
2337 2667 2356 2700 ι
2399 2648 2517 2702 Dixi
2547 2648 2602 2702 in
2626 2645 2794 2703 corde
2823 2661 2966 2715 meo,
2994 2652 3105 2723 Age
3136 2649 3357 2704 tentabo
3407 2658 3460 2706 te

1889 2741 1943 2796 in
1966 2741 2171 2802 laetitia,
2208 2748 2262 2795 et
2290 2754 2421 2794 ecce
2455 2741 2509 2793 in
2545 2738 2726 2792 bonis.
2770 2736 2834 2792 Et
2869 2738 2971 2793 hoc
3004 2755 3218 2807 quoque
3252 2749 3337 2793 est
3368 2756 3463 2793 va—

1887 2833 2029 2887 nitas
2057 2831 2074 2901 (
2101 2822 2330 2902 Cap.’n,
2371 2830 2393 2882 l
2426 2827 2591 2899 sqq.)
2630 2848 2648 2881 ι
2675 2826 2793 2881 Non
2829 2829 2975 2882 enim
3004 2840 3061 2883 se
3094 2830 3277 2884 statim
3311 2831 3460 2886 dedit

1889 2925 1968 2978 illi
1996 2921 2365 2992 experientiae,
2390 2936 2567 2990 neque
2590 2934 2699 2974 non
2727 2926 2941 2991 gustata
2971 2920 3260 2974 austeriori
3294 2930 3348 2975 et
3374 2937 3461 2976 se-

1885 3013 2086 3068 veriori
2123 3013 2254 3080 vita,
2286 3010 2547 3081 delapsus
2599 3019 2684 3065 est
2713 3008 2780 3062 ad
2811 3008 3178 3077 jucundorum
3235 3012 3460 3080 partici-

1887 3103 2161 3172 pationem
2191 3121 2204 3155 :
2232 3099 2328 3157 sed
2369 3116 2491 3154 cum
2520 3101 2574 3153 in
2616 3099 2724 3153 illis
2775 3099 3109 3153 exercitatus
3166 3097 3379 3163 fuisset,
3407 3108 3462 3154 et

1886 3194 2038 3263 prius
2075 3207 2134 3247 se
2174 3192 2241 3245 iis
2299 3190 2585 3260 praeditum
2629 3189 2877 3245 moribus
2934 3190 3292 3255 exhibuisset,
3329 3199 3389 3244 ut
3429 3206 3461 3245 a

1884 3286 2000 3339 risu
2036 3285 2267 3346 alienus,
2297 3270 2481 3352 gravis
2523 3289 2576 3335 et
2604 3287 2864 3336 constans
2889 3287 3056 3345 esset,
3090 3295 3200 3350 qua
3243 3281 3459 3335 ratione

1886 3394 1914 3431 a
1939 3377 2200 3432 studiosis
2222 3376 2457 3430 maxime
2489 3384 2878 3444 comparantur
2908 3374 3214 3442 disciplinae
3237 3374 3462 3443 sapien-

1885 3469 1995 3532 tiae,
2031 3477 2163 3522 tunc
2214 3482 2273 3521 se
2299 3465 2531 3520 remittit
2560 3463 2629 3516 ad
2684 3478 2747 3518 ea
2784 3478 2906 3532 quae
2945 3463 3131 3517 sensui
3167 3472 3462 3517 censentur

1884 3576 2006 3615 esse
2033 3557 2279 3629 jucunda
2303 3572 2367 3611 ac
2394 3553 2768 3610 delectabilia:
2800 3567 2908 3606 non
2937 3552 3106 3605 animi
3137 3550 3205 3605 ad
3228 3553 3340 3606 haec
3374 3559 3459 3605 at-

1885 3660 2094 3705 tractus
2144 3646 2579 3718 perturbatione,
2610 3642 2705 3698 sed
2756 3649 2816 3695 ut
2840 3642 3236 3707 consideraret,
3289 3656 3357 3694 an
3391 3642 3462 3697 ad

1886 3742 2002 3797 veri
2027 3739 2155 3796 boni
2185 3737 2558 3807 cognitionem
2601 3732 2807 3802 aliquid
2857 3730 3108 3787 conferat
3138 3746 3337 3786 sensus
3367 3733 3462 3800 qui

1886 3835 1942 3888 in
1969 3833 2048 3887 eis
2078 3831 2244 3886 fuerit
2270 3831 2615 3882 immoratus.
2633 3824 2787 3878 Tunc
2808 3823 2953 3878 enim
2976 3832 3029 3876 et
3052 3821 3121 3876 ab
3147 3821 3304 3874 initio
3324 3822 3461 3877 risui

1886 3924 2172 3980 denuntiat
2217 3918 2558 3982 inimicitias,
2590 3925 2644 3971 et
2675 3915 2844 3969 animi
2875 3924 3080 3967 motum
3114 3913 3265 3966 illum
3301 3920 3461 3967 vocat

1885 4011 2385 4071 circumlationem,
2416 4006 2562 4076 quod
2583 4005 2803 4075 quidem
2837 4017 3002 4058 sensu
3035 4000 3177 4055 idem
3208 4006 3290 4053 est
3315 3999 3460 4068 quod

1885 4106 2136 4162 delirium
2158 4109 2212 4157 et
2236 4097 2579 4156 amentia:si
2616 4094 2749 4166 quid
2795 4093 2939 4148 enim
2991 4091 3138 4145 aliud
3187 4089 3459 4160 quispiam

1888 4195 2106 4267 proprie
2130 4193 2300 4248 risum
2325 4188 2696 4259 appellaverit,
2715 4185 2766 4240 id
2791 4183 2935 4253 quod
2962 4196 3139 4251 neque
3160 4188 3244 4236 est
3261 4181 3456 4247 oratio,

1891 4301 2068 4355 neque
2100 4284 2302 4338 factum
2330 4288 2482 4334 certo
2517 4291 2687 4347 scopo
2716 4284 2769 4330 et
2811 4273 3091 4344 proposito
3123 4282 3458 4342 susceptum.

1889 4374 2015 4431 O‘ris
2035 4380 2218 4427 autem
2256 4369 2515 4424 indecora
2543 4365 2812 4429 dilatatio,
2847 4371 3160 4430 tremorque
3208 4362 3460 4431 spiritus,

1888 4475 1943 4522 et
1977 4466 2148 4520 totius
2178 4461 2426 4532 corporis
2448 4456 2761 4521 concussio,
2792 4461 2846 4508 et
2886 4468 3149 4522 genarum
3192 4452 3457 4515 diductio,

1894 4559 2255 4625 dentiumque
2288 4561 2342 4608 et
2364 4551 2706 4624 gingivarum
2748 4553 2802 4600 et
2842 4546 3005 4616 palati
3032 4545 3262 4615 apertio,
3302 4544 3460 4599 colli-

1889 4659 1995 4713 que
2024 4641 2327 4705 contorsio,
2376 4639 2635 4706 vocisque
2666 4641 2864 4704 praeter
2910 4634 3182 4688 rationem
3241 4632 3458 4698 fractio,

1890 4748 2015 4804 quae
2035 4731 2197 4787 simul
2229 4745 2354 4786 cum
2380 4727 2649 4782 fractione
2674 4723 2902 4795 spiritus
2920 4725 3304 4809 intersecatur,
3329 4723 3459 4793 quid

1889 4825 1995 4880 hoc
2012 4822 2168 4878 aliud
2194 4822 2357 4877 fuerit
2381 4834 2545 4890 quam
2564 4815 2848 4872 amentia?
2870 4813 2932 4868 Et
2960 4813 3105 4878 ideo,
3136 4832 3155 4865 ι
3186 4812 3251 4867 Et
3270 4813 3406 4876 dixi,
3435 4833 3454 4867 ι

1891 4916 2091 4986 inquit,
2129 4931 2148 4965 ι
2187 4911 2322 4969 risui
2362 4908 2696 4965 amentiam:
2748 4925 2766 4958 ι
2808 4904 3031 4976 perinde
3055 4918 3120 4958 ac
3176 4904 3223 4959 si
3253 4903 3461 4958 diceret

1893 5008 2046 5072 risui,
2078 5001 2319 5064 Insanus
2344 5017 2404 5057 es
2447 5010 2501 5057 et
2539 5007 2733 5056 emotae
2766 4997 2985 5059 mentis,
3037 5009 3215 5064 neque
3273 5009 3460 5051 manes

1890 5098 2033 5152 intra
2071 5094 2395 5150 constantiae
2441 5091 2598 5157 ﬁnes,
2637 5100 2695 5143 ut
2739 5089 2832 5158 qui
2887 5093 3080 5156 Sponte
3122 5085 3380 5141 indecore
3412 5096 3463 5142 te

1889 5203 2069 5260 geras,
2099 5195 2152 5241 et
2183 5186 2238 5238 in
2273 5193 2424 5237 motu
2462 5180 2629 5235 animi
2676 5179 2908 5233 formam
2942 5186 3242 5268 pervertas,
3300 5176 3463 5245 idque

1889 5289 2109 5353 propter
2133 5278 2340 5333 nullam
2370 5275 2688 5329 utilitatem.
2718 5290 2737 5323 ι
2767 5270 2888 5325 Dixi
2908 5270 3071 5334 etiam
3094 5268 3291 5323 laetitia:
3315 5285 3328 5321 :
3354 5269 3463 5323 Cur

1888 5371 1990 5426 hoc
2017 5368 2195 5424 lacis?
2231 5386 2248 5419 ι
2288 5365 2443 5431 Quod
2464 5361 2688 5434 perinde
2720 5370 2805 5417 est
2831 5375 2894 5414 ac
2920 5359 2965 5415 si
2994 5360 3166 5424 dicas,
3185 5355 3462 5430 Voluptati
