3738 5984
263 167 367 262 ω

1486 198 1547 255 S.
1586 193 1923 256 GBEGORII
1958 193 2251 254 NYSSENI

3406 189 3521 254 648

261 314 461 378 restiti,
499 323 810 395 suspectam
844 310 1054 374 habens
1079 316 1200 387 ejus
1224 314 1836 388 appropinquationem,

1972 315 2114 387 εὐτῆς
2140 315 2231 369 τὸν
2267 308 2692 384 προσεγγισμδν,
2746 308 2909 365 οἱονεὶ
2954 306 3185 365 κλέπτου
3229 306 3378 373 τινὸς
3415 308 3516 366 λα-

264 407 491 480 perinde
520 415 684 478 atque
723 408 769 463 si
797 408 886 463 l'ur
921 409 1194 478 quispiam
1231 407 1543 462 clanculum
1584 406 1836 477 ingrede-

204 496 207 501 ’
262 506 418 555 retur
438 500 633 554 animas
660 500 984 569 penetralia.
1021 500 1310 570 Nunquam
1339 499 1562 570 permisi
1604 508 1665 553 ut
1685 515 1747 553 ea
1779 499 1834 553 in

264 598 499 646 mentem
533 590 870 645 dominatum
906 591 1200 646 obtineret.
1241 589 1299 646 Si
1344 591 1493 646 enim
1526 591 1709 645 solum“
1736 604 1832 645 co-

264 681 575 751 gnovisscm
615 682 971 751 voluptatem,
996 690 1259 752 tanquam
1300 680 1471 737 feram
1505 682 1744 750 aliquam
1769 681 1835 735 ad

265 784 417 824 meos
445 784 645 825 sensus
682 769 965 839 adreperc,
994 769 1043 824 ei
1091 769 1273 824 Statim
1310 770 1629 824 resistebam
1663 776 1716 823 et
1743 767 1836 821 ad-

263 860 550 923 versabar,
588 860 779 914 dicens
808 859 935 913 huic
956 859 1140 914 servili
1167 866 1221 914 et
1245 859 1471 914 rationis
1496 857 1706 928 experti
1746 857 1837 911 lae-

266 952 403 1006 titiae
428 970 441 1006 :
469 951 610 1018 Quid
635 949 808 1006 facis?
830 950 957 1021 quid
989 957 1197 1006 natura-
1217 951 1475 1007 virtutem
1512 950 1837 1006 ell‘eminas?

266 1056 367 1096 cur
390 1042 556 1095 animi
578 1042 745 1097 robur
777 1043 1034 1097 emollis?
1061 1057 1161 1097 cur
1183 1043 1378 1097 anima».
1403 1042 1546 1098 vires
1572 1042 1859 1097 cnervas?‘

267 1146 367 1187 cur
394 1130 556 1188 affers
591 1132 870 1187 interitum
912 1134 1159 1189 rationi?
1191 1148 1292 1187 cur
1330 1146 1588 1203 purarum
1625 1133 1835 1203 cogita-

270 1221 479 1275 tionum
526 1221 841 1277 serenitatis
885 1223 1109 1293 puritati
1154 1223 1388 1294 caligine
1439 1230 1532 1278 tua
1588 1225 1837 1281 immittis

270 1312 520 1367 tenebras
541 1310 564 1363 ?

343 1400 477 1456 Cum
501 1400 635 1463 haec,
667 1400 864 1471 inquit,
889 1409 942 1457 et
969 1417 1090 1471 quae
1114 1410 1242 1459 sunt
1268 1403 1536 1472 ejusmodi
1563 1388 1836 1466 fecissem,

275 1512 296 1545 ι
315 1492 669 1549 Consideravi
699 1506 766 1546 an
796 1507 893 1547 cur
923 1507 1101 1547 meum
1124 1508 1344 1549 carnem
1375 1510 1551 1549 meam
1580 1503 1838 1566 tanquam

272 1585 463 1639 vinum
518 1582 822 1653 traheret.)
884 1583 999 1638 Hoc
1056 1592 1157 1652 est,
1213 1587 1664 1655 quemadmodum
1706 1602 1837 1641 cura

269 1690 458 1732 eorum
485 1690 607 1744 quae
632 1675 834 1730 cadunt
857 1676 958 1730 sub
988 1674 1423 1745 intelligentiam,
1450 1678 1688 1733 motibus
1717 1692 1841 1732 car-

270 1767 358 1821 nis
395 1773 540 1822 esset
569 1767 861 1835 potentior,
896 1775 950 1820 ut
982 1777 1175 1821 natura
1211 1784 1239 1821 a
1267 1769 1442 1837 seipsa
1473 1784 1580 1823 non
1611 1769 1840 1825 disside-

272 1861 373 1920 ret,
405 1869 529 1908 cum
554 1854 656 1908 alia
684 1855 905 1925 quidem
929 1871 1083 1912 mens
1118 1866 1415 1927 appeteret,
1443 1860 1507 1913 ad
1532 1860 1636 1914 alia
1661 1870 1837 1916 autem

271 1959 400 2000 caro
439 1945 716 2005 traheret:
770 1946 865 2000 sed
896 1953 955 1997 ut
989 1946 1346 2017 intelligentia
1383 1950 1620 2020 praedita:
1647 1952 1841 2007 anima:

160 2032 163 2035 λ
272 2044 475 2092 nostrae
523 2036 662 2106 parti
699 2036 1043 2092 obedientem
1087 2047 1141 2094 et
1190 2040 1536 2111 subjugatam
1592 2043 1840 2098 redderet

272 2127 458 2182 carnis
491 2135 691 2182 nostra:
722 2127 998 2197 spiritum,
1034 2143 1099 2183 eo
1125 2132 1266 2199 quod
1288 2141 1370 2187 est
1400 2133 1581 2189 minus
1610 2141 1841 2190 attracto

272 2227 329 2274 et
378 2221 635 2293 devorato
683 2220 737 2274 in
789 2235 855 2275 eo
887 2222 1032 2290 quod
1079 2223 1319 2278 abundat
1360 2240 1374 2276 :
1421 2227 1696 2295 quomodo
1737 2242 1840 2282 usu

274 2310 421 2364 venit
456 2309 511 2364 in
550 2311 618 2365 iis
650 2310 742 2378 qui
777 2311 987 2366 sitiunt.
1015 2312 1132 2368 Non
1173 2315 1316 2369 enim
1357 2316 1541 2370 vinum
1576 2326 1756 2373 manet
1784 2319 1838 2373 in

274 2404 466 2468 calice,
513 2404 557 2460 si
601 2404 804 2459 sitienti
841 2404 922 2458 ori
952 2404 1228 2461 admetum
1259 2405 1445 2471 fuerit,
1481 2408 1573 2462 sed
1604 2408 1844 2464 traduci-

272 2499 366 2547 tur
397 2494 463 2549 ad
489 2508 612 2549 eum
641 2494 732 2564 qui
757 2494 913 2560 bibit,
933 2503 987 2550 et
1016 2497 1363 2565 perspicuum
1392 2504 1477 2552 est
1505 2498 1556 2551 id
1576 2513 1766 2570 magna
1788 2501 1842 2555 vi

276 2584 608 2641 intrinsecus
666 2586 887 2641 attrahi.
939 2587 1094 2652 Quod
1140 2602 1262 2641 cum
1293 2587 1499 2642 factum
1545 2587 1667 2654 fuit,
1702 2591 1839 2646 citra

273 2692 513 2732 errorem
545 2685 600 2732 et
630 2677 799 2732 ullum
851 2677 1320 2747 impedimentum,
1370 2681 1580 2735 munita
1614 2680 1716 2736 fuit
1754 2685 1841 2737 via

275 2767 341 2821 ad
378 2767 662 2823 scientiam
702 2782 891 2824 eorum
931 2783 1050 2838 quae
1101 2778 1253 2823 sunt.
1294 2769 1441 2824 «Cor
1470 2786 1720 2836 meum”
1760 2773 1843 2827 in-

275 2857 409 2927 quit.
442 2856 704 2912 «deduxit
732 2873 816 2913 me
850 2860 902 2912 in
932 2859 1255 2928 sapientia,»
1291 2877 1388 2930 per
1412 2870 1572 2931 quam
1604 2863 1841 2919 insultus

1937 407 2141 478 θραίως
2169 406 2320 468 ἐντὸς
2346 400 2756 474 παραδυομένου
2783 399 2890 455 τῶν
2912 402 3011 471 τῆς
3035 398 3216 472 ψυχῆς
3246 401 3517 472 ταμείεωντ

1937 499 2051 565 Οὐκ
2073 496 2262 566 ἀφῆκά
2295 509 2423 548 ποτε
2473 491 2890 564 κατακρατῆσαι
2914 492 3013 562 τῆς
3042 491 3284 556 διανοίας
3320 493 3515 563 αὐτὴν.

1936 589 1999 641 Ei
2024 587 2135 658 γὰρ
2168 587 2340 655 ἔγνων
2378 582 2537 656 μόνον
2581 585 2680 655 τὴν
2708 582 2900 654 ἡδονὴν
2944 578 3056 637 οἷόν
3085 599 3140 636 τι
3184 583 3376 655 θηρίον
3415 585 3519 648 τὰς

1936 679 2216 749 αἰσθήσεις
2251 694 2351 748 μου
2376 676 2802 753 περιέρπουσαν,
2833 674 2996 737 εὐθὺς
3025 674 3417 744 ἀντεμαχόμην
3447 673 3520 726 τὰ

1936 771 2073 840 πρὸς
2101 770 2269 840 αὐτὴν
2312 768 2407 823 καὶ⁹
2439 767 2776 828 ἀντέϐαινον,
2804 764 2866 818 Τί
2891 766 3065 820 ταῦτα
3100 768 3304 831 ποιεῖςς
3340 766 3520 835 λέγων

1937 860 2071 931 πρὸς
2087 859 2184 930 τὴν
2204 854 2582 930 ἀνδραποδώδη
2605 856 2807 927 ταύτην
2823 857 2916 910 καὶ
2932 856 3123 924 ἄλογον
3145 854 3485 927 εὐφροσύνην
3498 873 3513 887 ο

1934 953 1989 1006 τί
2026 951 2338 1022 ὲκθηλύνεις
2369 949 2430 1003 τὸ
2457 948 2722 1021 ἀνδρῶδες
2748 949 2847 1020 τῆς
2895 948 3107 1017 φύσεως
3134 962 3148 1014 ;
3177 948 3232 1002 τί
3262 965 3520 1018 καταμα-

1936 1043 2157 1105 λάσσεις
2190 1042 2289 1112 τῆς
2322 1040 2559 1103 διανοίας
2587 1039 2647 1093 τὸ
2677 1038 2955 1104 σύντονον;
2984 1040 3038 1092 τί
3059 1038 3393 1109 ὲκνευρίζεις
3427 1038 3519 1093 τὸν

1935 1132 2036 1204 τῆς
2070 1133 2246 1204 ψυχῆς
2287 1132 2472 1196 τόνον;
2507 1132 2559 1184 τί
2606 1130 2930 1202 διαλυμᾳίνῃ
2967 1132 3080 1193 τοῖς
3108 1128 3429 1201 λογισμοις;
3463 1124 3522 1183 τί

1942 1244 2032 1297 μοι
2064 1226 2123 1280 τὸ
2156 1225 2396 1297 καθαρὸν
2426 1224 2524 1295 τῆς
2555 1224 2662 1278 τῶν
2690 1223 2946 1295 καθαρῶν
2974 1223 3262 1294 νοημάτων
3295 1222 3521 1294 αἰθρίας

1937 1316 2003 1385 τῇ
2042 1314 2170 1383 παρ’
2197 1315 2395 1384 ἑαυτῆς
2427 1311 2626 1385 ὁμίχλῃ
2661 1311 2822 1380 ζόφον
2854 1312 3136 1380 ὲμποιεῑς;
3384 1306 3387 1307 ν

2008 1403 2213 1465 Ταῦτα,
2248 1404 2401 1474 φησὶ,
2433 1404 2526 1457 καὶ
2559 1400 2783 1457 τοιαῦτα
2812 1404 3065 1474 ποιήσας,
3096 1422 3112 1454 ι
3161 1400 3520 1474 Ἐσκεψάμην

1894 1514 1897 1515 ⁷
1939 1495 1987 1548 εί
2018 1496 2050 1565 ἡ
2089 1493 2286 1565 καρδία
2319 1510 2420 1563 μου
2457 1492 2673 1546 ἑλκύσει
2705 1487 2781 1555 ὡς
2810 1487 2953 1545 οἶνον
2985 1493 3086 1563 τὴν
3116 1491 3295 1563 σάρκα
3328 1509 3453 1562 μου.
3491 1512 3513 1545 ι

1940 1584 2227 1638 Ἰόυτέστιν
2246 1624 2259 1645 ,
2290 1584 2438 1646 ὅπως
2473 1582 2905 1654 ὲπικρατεστέρα
2934 1583 3145 1651 γένοιτο
3176 1586 3208 1654 ή
3239 1584 3349 1637 τῶν
3384 1601 3519 1655 νοη-

1940 1659 2047 1731 τῶν
2076 1675 2362 1746 ἐπιμέλεια
2401 1674 2509 1728 τῶν
2537 1675 2636 1746 τῆς
2668 1673 2868 1745 σαρκὸς
2893 1673 3228 1744 κινημάτων,
3260 1673 3403 1728 ὥστε
3443 1673 3522 1746 μὴ

1942 1767 2249 1831 στασιάζειν
2294 1766 2431 1837 πρὸς
2477 1766 2676 1837 ἑαυτὴν
2722 1767 2823 1836 τῆν
2868 1766 3066 1835 φύσιν·
3100 1765 3234 1820 ἀλλα
3269 1766 3369 1837 μὲν
3414 1766 3523 1836 τῆς

1939 1859 2175 1922 διανοίας
2212 1857 2656 1930 προαιρουμένης
2677 1898 2690 1923 ,
2738 1856 2874 1929 πρὸς
2902 1859 3064 1928 ἕτερα
3096 1857 3151 1911 δὲ
3183 1857 3284 1927 τῆς
3313 1858 3524 1929 capio;

1940 1949 2292 2020 ἐφελκούσης·
2322 1949 2435 2001 ἁλλ’
2457 1950 2532 2013 ὡς
2554 1948 2882 2012 καταπειθὲς
2903 1948 2997 2002 καὶ
3020 1949 3329 2020 ὑποχείριον
3353 1950 3543 2019 ποιῆ-,

1942 2056 2031 2092 σαι
2070 2038 2148 2110 τῷ
2173 2039 2348 2109 νοητῷ
2388 2041 2486 2109 τῆς
2513 2037 2689 2110 ψυχῆς
2728 2038 2883 2113 μέρει
2911 2041 2973 2093 τδ
2997 2040 3097 2110 τῆς
3123 2040 3326 2112 σαρκὸς
3357 2040 3526 2110 ήμῶν

1942 2132 2200 2203 φρόνημα
2221 2172 2235 2196 ,
2270 2130 2623 2195 έλκυσθέντος
2667 2132 2761 2186 καὶ
2795 2129 3194 2196 καταποθέντος
3232 2132 3327 2185 τοῦ
3357 2132 3527 2186 ἐλατ-

1939 2223 2202 2293 τουμένου
2233 2225 2289 2276 ὲν
2323 2221 2399 2293 τῷ
2427 2221 2804 2288 πλεονάζοντι,
2844 2223 2903 2277 ὃν
2943 2225 3140 2294 τρόπον
3176 2222 3269 2276 ἐπὶ
3298 2223 3409 2276 τῶν
3441 2224 3529 2275 διο

1939 2313 2161 2384 ψώντων
2192 2314 2420 2383 γίνεται.
2456 2315 2531 2367 Οὐ
2568 2314 2677 2386 γὰρ
2710 2312 3051 2385 ἐναπομένεικ
3073 2317 3101 2369 ό
3140 2310 3281 2378 alvo;
3313 2317 3378 2384 τῇ
3413 2312 3530 2366 κύ-

1939 2406 2071 2471 λικι,
2097 2405 2211 2473 είγε
2239 2404 2316 2475 τῷ
2342 2404 2562 2472 διψῶντι
2595 2404 2822 2475 στόματι
2850 2404 3183 2476 προσαχθείη
3205 2444 3220 2465 ,
3252 2403 3388 2458 ἀλλά
3418 2422 3526 2475 με·

1943 2494 2189 2548 θίσταται
2228 2495 2363 2564 πρὸς
2408 2493 2499 2563 τὸν
2546 2495 2802 2557 πίνοντα,
2849 2496 2944 2547 καὶ
2987 2484 3250 2567 διαφανὴς
3298 2496 3523 2563 γίνεται

1945 2583 2084 2655 μετά
2125 2583 2361 2654 σπουδῆς
2397 2583 2492 2636 ἐπὶ
2540 2583 2600 2635 τὸ
2635 2582 2786 2646 ἐντὸς
2830 2582 3222 2654 είσελκόμενος,
3256 2578 3331 2637 Οὗ
3366 2602 3530 2653 γενο-

1947 2673 2129 2744 μένου,
2159 2672 2406 2743 ἀπλανής
2438 2690 2527 2742 μοι
2555 2673 2648 2725 καὶ
2679 2673 3068 2742 ἀνεμπόδιστος
3096 2673 3310 2741 ἐγένετο
3339 2678 3372 2745 ἠ
3396 2676 3531 2747 ὀδηὲ

1941 2766 2033 2833 γία
2098 2767 2234 2836 πρὸς
2272 2767 2370 2835 τὴν
2410 2767 2721 2837 ἐπιστήμην
2754 2768 2860 2820 τῶν
2906 2767 3095 2820 ὄντων.
3138 2778 3156 2821 ι
3211 2769 3272 2820 Ἠ
3314 2770 3530 2839 καρδία

1948 2872 2070 2926 μου,
2115 2877 2131 2907 ι
2178 2858 2361 2926 φησιν,
2407 2876 2424 2907 ι
2461 2855 2711 2928 ὡδήγησέ
2746 2876 2811 2927 με
2843 2861 2900 2910 ὲν
2941 2859 3131 2928 σοφίᾳ,
3175 2877 3193 2910 ι
3227 2859 3293 2913 δι’
3323 2854 3391 2931 ἦς
3421 2878 3531 2914 και

275 2947 611 3015 voluptatum
647 2948 904 3015 repressi,
936 2957 1099 3017 atque
1129 2950 1404 3005 institutio
1437 2951 1536 3005 fuit
1566 2953 1619 3006 in
1649 2967 1836 3018 causa,

1975 2947 2252 3018 εκράτησα
2272 2947 2370 3018 τῆς
2392 2949 2805 3010 ἐπαναστάσεως
2832 2946 2941 3002 τῶν
2963 2950 3184 3019 ἡδονῶν,
3209 2951 3302 3004 καὶ
3324 2950 3531 3019 γέγονὲ

276 3039 338 3087 ιιι
391 3032 730 3086 dominatum
788 3035 840 3087 in
899 3036 1139 3090 laetitiam
1191 3039 1514 3096 obtinerent.
1553 3041 1644 3095 Sic
1695 3045 1837 3096 enim

275 3120 536 3176 dictionis
562 3122 807 3176 continet
839 3127 1252 3194 consequentia.
1300 3126 1351 3180 Id
1382 3139 1561 3184 autem
1597 3130 1757 3200 cujus
1787 3131 1840 3184 in

276 3210 587 3281 cognitione
614 3213 849 3267 maximo
873 3215 1156 3269 tenebatur
1176 3218 1379 3283 studio,
1401 3229 1518 3274 erat
1539 3231 1596 3275 ut
1621 3222 1672 3276 in
1695 3225 1841 3278 nulla

276 3317 339 3358 re
367 3317 504 3357 vana
556 3304 667 3357 vita
707 3313 851 3359 esset
897 3315 1186 3375 occupata,
1244 3310 1336 3363 sed
1391 3311 1659 3368 inveniret
1712 3314 1843 3369 illud

277 3392 503 3456 bonum,
551 3392 697 3461 quod
749 3408 873 3447 cum
928 3395 1198 3465 quispiam
1252 3407 1337 3453 est
1376 3412 1679 3465 assecutus,
1735 3418 1841 3458 non

278 3482 494 3537 aberrat
532 3496 563 3536 a
598 3481 805 3551 judicio
855 3484 975 3555 ejus
1015 3488 1158 3556 quod
1200 3497 1283 3543 est
1305 3490 1665 3556 conducibile,
1697 3495 1842 3563 quod

277 3581 362 3628 est
408 3581 728 3643 perpetuum
779 3585 976 3631 etnon
1028 3580 1441 3648 temporarium,
1481 3591 1536 3636 et
1584 3583 1639 3638 in
1675 3586 1840 3638 vitam

279 3662 591 3720 universam
620 3667 949 3731 extenditur,
991 3676 1051 3723 ut
1077 3672 1220 3740 quod
1272 3674 1336 3727 ad
1370 3674 1572 3728 bonum
1605 3676 1676 3731 sit
1719 3691 1844 3746 spes

278 3754 427 3809 omni
457 3755 626 3817 aetati,
654 3764 707 3811 et
737 3760 926 3827 prima:
956 3769 1011 3814 et
1041 3763 1251 3827 mediae,
1282 3772 1336 3819 et
1366 3766 1586 3830 ultimae,
1619 3778 1671 3822 et
1695 3768 1844 3823 omni

278 3855 508 3896 numero
560 3842 795 3897 dierum.
841 3862 860 3895 ι
887 3844 1121 3909 Donec,»
1163 3849 1357 3918 inquit,
1400 3853 1624 3907 «videro
1685 3855 1845 3924 quale

279 3930 352 3984 sit
382 3931 583 3986 bonum
629 3931 757 3986 ﬁliis
797 3933 1103 3998 hominum,
1149 3939 1293 4006 quod
1327 3940 1525 3995 facient
1559 3944 1663 3998 sub
1708 3945 1840 4008 sole,

278 4025 509 4075 numero
535 4021 745 4077 dierum
777 4023 902 4077 vitae
933 4040 1064 4079 suae.
1091 4044 1109 4077 ι
1146 4026 1221 4080 Ea
1251 4031 1393 4083 enim
1435 4033 1489 4086 in
1517 4035 1717 4102 quibus
1751 4050 1845 4103 per

278 4124 498 4165 carnem
530 4111 769 4167 studium
803 4117 1082 4184 ponimus,
1114 4118 1325 4175 etiamsi
1357 4123 1591 4178 maxime
1622 4141 1843 4179 sensum

1947 3055 2034 3107 μοι
2068 3041 2098 3109 ὴ
2140 3040 2420 3103 παίδευσις
2449 3040 2596 3093 αἰτία
2629 3041 2723 3094 τοῦ
2759 3042 3031 3114 κρατῆσαι
3066 3044 3155 3095 ἐπὶ
3186 3043 3527 3116 εὐφροσόνῃ.

1942 3129 2095 3183 Οὕτω
2128 3132 2237 3200 γὰρ
2270 3133 2511 3203 περιέχει
2547 3134 2578 3203 ἡ
2626 3133 2915 3187 ἀκολουθία
2956 3135 3057 3204 τῆς
3095 3135 3308 3200 λέξεως.
3350 3136 3427 3188 Τὸ
3467 3140 3530 3190 δέ

1946 3237 2034 3288 μοι
2063 3221 2293 3291 μάλιστα
2322 3222 2460 3275 κατά
2500 3223 2597 3293 τὴν
2634 3224 2833 3292 γνῶσιν
2877 3225 3307 3294 σπουδαζόμενον
3337 3222 3429 3296 ἦν,
3464 3227 3531 3280 τὸ
3600 3280 3621 3296 ,

1942 3310 2033 3363 ἐπὶ
2070 3313 2258 3383 μηδενὶ
2288 3312 2502 3383 ματαίῳ
2531 3313 2629 3384 τὴν
2664 3314 2806 3386 ζωὴν
2846 3315 3165 3386 ἀσχολῆσαι,
3198 3318 3309 3370 ἀλλ’
3336 3319 3531 3387 εὑρεῖν

1934 3395 2116 3455 έκεῖνο
2154 3403 2213 3456 τὸ
2252 3403 2486 3471 ἀγαθὸν,
2530 3398 2590 3457 οὗ
2636 3423 2719 3469 τις
2759 3406 3030 3475 ἐπιτυχὼν
3073 3409 3170 3477 οὐχ
3214 3409 3529 3479 ἁμαρτάνει

1942 3489 2044 3558 τῆς
2064 3488 2156 3543 τοῦ
2197 3493 2570 3563 συμφέροντος
2602 3494 2857 3566 κρίσεως,
2890 3494 2918 3547 ὂ
2946 3496 3166 3567 διαρκές
3194 3498 3253 3551 τέ
3281 3501 3394 3551 ἐστι
3424 3502 3530 3553 καὶ

1942 3582 2002 3635 οὐ
2039 3584 2392 3655 πρόσκαιρον,
2424 3585 2517 3638 καὶ¹
2551 3586 2698 3659 πάσῃ
2726 3588 2790 3659 τῇ
2826 3586 2937 3658 ζωῇ
2981 3591 3386 3658 παρατείνεται,
3424 3593 3527 3644 ἐλ-

1944 3673 2038 3735 πὶς
2072 3677 2151 3736 είς
2185 3675 2385 3743 ἀγαθὸν
2437 3677 2583 3748 πάσῃ
2614 3676 2801 3747 ἡλικίᾳ
2853 3677 3155 3748 γινόμενον,
3189 3682 3281 3734 καὶ
3322 3681 3527 3755 πρώτῃ

1945 3767 2038 3819 καὶ
2072 3766 2210 3837 μέσῃ
2235 3807 2247 3827 ,
2279 3769 2371 3819 καὶ
2396 3768 2697 3839 τελευταίᾳ,
2729 3770 2822 3822 καὶ
2855 3772 3014 3824 παντὶ
3044 3771 3122 3842 τῷ
3151 3772 3260 3826 τῶν
3289 3776 3521 3845 ἡμερῶν

1944 3857 2183 3929 ἀριθμῷ.
2225 3878 2243 3908 ι
2279 3860 2421 3922 Ἕως
2459 3853 2519 3914 οὗ
2548 3860 2657 3933 γὰρ
2687 3861 2800 3922 ίδω,
2834 3863 2986 3932 φησὶ,
3038 3866 3189 3917 ποῖον
3228 3865 3290 3918 τὸ
3317 3866 3525 3933 ἀγαθὸν

1942 3952 2055 4011 τοῖς
2082 3948 2216 4012 υἱοῖς
2237 3949 2344 4002 τῶν
2364 3951 2458 4003 ἀνθ
2467 3952 2685 4021 ρώπων,
2712 3950 2739 4004 ὃ
2771 3955 3082 4024 ποιήσουσιν
3104 3954 3208 4009 ὑπὸ
3235 3957 3327 4009 τὸν
3347 3958 3522 4027 ἥλιον,

1945 4038 2178 4108 ἀριθμὸν
2210 4040 2432 4109 ἡμερῶν
2472 4043 2616 4111 ζωῆς
2650 4042 2847 4095 αὐτῶν.
2890 4065 2907 4096 ι
2947 4045 3028 4097 Τὰ
3062 4046 3169 4114 γὰρ
3200 4047 3289 4099 διά
3316 4048 3526 4117 σαρκὸς

1948 4128 2394 4198 σπουδαζόμενα,
2446 4131 2549 4184 κᾶν
2584 4133 2662 4184 ὅτι
2698 4132 2932 4202 μάλιστα
2971 4134 3104 4207 πρὸς
3130 4136 3191 4189 τὸ
3235 4138 3405 4208 παρὸν
3432 4137 3526 4190 δε-

280 4200 528 4256 inescant
560 4203 614 4257 in
639 4207 949 4274 praesentia,
978 4207 1178 4264 habent
1203 4211 1257 4265 in
1285 4224 1560 4268 momento
1580 4217 1725 4284 quod
1745 4231 1836 4270 nos

1972 4222 2112 4291 sign
2136 4223 2233 4292 τὴν
2267 4223 2540 4293 αἴσθησιν,
2574 4225 2631 4276 ἐν
2660 4226 2860 4297 ἀκαρεῖ
2877 4226 2934 4279 τὸ
2962 4229 3249 4298 εὐφραῖνον
3273 4230 3404 4299 ἔχει.
3441 4231 3523 4283 Οὐ

280 4291 461 4346 laetitia
512 4292 729 4349 alliciat.
769 4294 905 4351 Nam
956 4308 1181 4369 prepter
1224 4302 1433 4361 nullum
1479 4319 1666 4359 eorum
1723 4321 1836 4375 quae

1972 4316 2051 4382 ’ἀρ
2083 4317 2228 4369 ἔστιν
2262 4316 2348 4368 ἐπ’
2397 4316 2572 4369 οὐδενὶ
2602 4316 2706 4370 τῶν
2751 4319 2808 4371 ὲν
2845 4318 2922 4388 τῷ
2955 4320 3164 4390 σώματι
3194 4322 3522 4391 γινομένων,

279 4384 415 4438 ﬁunt
446 4386 500 4438 in
534 4399 783 4455 corpore,
810 4386 935 4441 licet
961 4398 1222 4458 perpetuo
1245 4392 1520 4460 voluptate
1546 4392 1710 4459 allici,
1743 4394 1839 4448 sed

278 4474 499 4530 bibendi
530 4476 779 4545 voluptas
804 4478 967 4533 simul
996 4479 1200 4535 desinit
1229 4496 1352 4535 cum
1381 4482 1652 4544 satietate.
1697 4490 1751 4537 et
1784 4483 1838 4537 in

278 4564 614 4619 comedenda
636 4566 885 4622 similiter
904 4571 1171 4625 saturatio
1197 4571 1494 4635 exstinguit
1519 4575 1838 4640 appetitum,

275 4664 331 4710 et
382 4654 430 4710 si
465 4655 609 4725 quod
638 4664 722 4711 est
773 4657 919 4713 aliud
955 4658 1307 4725 desiderium,
1358 4662 1408 4715 id
1456 4662 1645 4716 eodem
1679 4666 1842 4720 modo

276 4742 548 4801 ﬂaccescit
583 4760 680 4816 per
704 4747 1174 4818 participationem
1213 4751 1334 4818 ejus
1372 4749 1518 4820 quod
1545 4749 1650 4805 fuit
1695 4752 1893 4824 desi-t

276 4837 550 4903 deratum,
597 4844 654 4895 et
685 4838 732 4894 si
772 4855 966 4896 rursus
996 4840 1291 4905 exstiterit,
1326 4857 1520 4897 rursus
1548 4842 1840 4900 ﬂaccescit.

274 4926 420 4985 Nihil
451 4937 631 4985 autem
661 4928 827 4985 durat
876 4931 933 4985 in
976 4940 1299 5001 perpetuum
1342 4948 1411 4988 ex
1452 4933 1518 4987 iis
1547 4944 1668 5008 quas
1713 4943 1844 4989 sunt

273 5020 515 5090 jucunda
530 5022 752 5089 sensui,
785 5037 962 5093 neque
989 5023 1244 5079 similiter
1272 5030 1327 5079 et
1369 5024 1561 5079 eodem
1592 5025 1755 5080 modo
1782 5041 1842 5082 se

277 5111 563 5168 habetJiis
577 5113 788 5169 accedit
798 5115 943 5185 quod
957 5113 1101 5169 aliud
1111 5124 1193 5170 est
1206 5115 1408 5169 bonum
1429 5114 1841 5179 infantiaalind

276 5199 677 5270 adolescentiae,
721 5204 868 5260 aliud
900 5204 950 5260 ei
982 5204 1076 5279 qui
1125 5211 1210 5261 est
1247 5205 1423 5260 aetatis
1461 5207 1841 5275 provectioris,

281 5291 420 5347 aliud
443 5295 492 5348 ei
520 5295 613 5366 qui
629 5294 816 5353 liorem
833 5299 1009 5354 artatis
1024 5298 1223 5368 exegit,
1248 5305 1302 5353 et
1318 5298 1465 5353 aliud
1480 5298 1601 5354 seni
1622 5313 1841 5366 rursus,

276 5381 488 5450 quijam
499 5387 904 5458 estdecrepitus
917 5398 971 5445 et
982 5387 1627 5461 planesilieerniumﬁgo
1640 5400 1839 5457 autem,

279 5473 474 5543 inquit,
514 5478 821 5546 quaerebam
858 5480 1062 5535 bonum
1109 5479 1267 5546 illud,
1303 5479 1451 5550 quod
1479 5488 1567 5536 est
1596 5476 1663 5536 ex
1688 5497 1842 5553 aequo

276 5563 479 5621 bonum
498 5569 647 5624 omni
675 5571 821 5626 aetati
844 5579 898 5628 et
925 5572 1076 5629 omni
1102 5573 1333 5641 tempori
1358 5572 1513 5640 vitae;
1542 5572 1701 5642 cujus
1733 5590 1860 5630 non-

1946 4399 2026 4450 δια
2038 4398 2184 4467 ρκῶς
2219 4401 2450 4469 ἡσθῆναι
2476 4417 2489 4431 ·
2528 4402 2639 4454 ἀλλ’
2672 4403 2704 4472 ἡ
2731 4401 2826 4456 τοῦ
2856 4406 3031 4459 πίνειν
3066 4405 3247 4476 ἡδονὴ,
3281 4424 3523 4460 συναπο-

1945 4490 2097 4560 λήγει
2162 4490 2235 4560 τῷ
2282 4492 2456 4561 κόρῳ·
2493 4494 2587 4546 καὶ
2622 4494 2714 4546 ἐπὶ
2760 4495 2854 4548 τοῦ
2903 4496 3103 4550 ἐσθίειν
3136 4498 3436 4565 ὡσαύτως,
3489 4503 3522 4572 ἡ

1946 4581 2227 4652 πλησμονὴ
2260 4582 2356 4651 τὴν
2393 4582 2570 4652 ὄρεξιν
2605 4583 2818 4650 ἔσϐεσε,
2848 4588 2941 4640 καὶ
2980 4587 3033 4640 εί
3059 4605 3144 4651 τις
3171 4589 3304 4661 ἄλλη
3334 4590 3525 4643 ἐπιου-

1952 4673 2068 4741 μία,
2112 4673 2251 4726 κατά
2280 4673 2368 4725 τὸν
2400 4675 2563 4727 αὑτὸν
2592 4676 2791 4747 τρόπον
2823 4679 2887 4748 τῇ
2918 4676 3009 4730 τοῦ
3040 4678 3379 4751 ἐπιθυμητοῦ
3422 4698 3523 4751 με-

1947 4766 2132 4835 τουσίᾳ.
2166 4766 2556 4837 κατεμαράνθη
2578 4808 2591 4831 ,
2630 4766 2735 4821 κᾶν
2767 4768 2927 4822 πάλιν
2950 4770 3192 4837 γένηται,
3221 4772 3381 4826 πάλιν
3414 4791 3518 4843 μα-

1950 4856 2209 4925 ραίνεται.
2248 4857 2473 4925 Διαρκεῖ
2515 4856 2571 4909 δὲ
2611 4857 2763 4912 οὐδὲν
2793 4859 2871 4922 είς
2902 4859 2987 4911 ἀεὶ⁵
3032 4860 3139 4913 τῶν
3168 4863 3233 4931 τῇ
3267 4861 3522 4932 αίσθήσει

1945 4948 2209 5020 τερπνῶν,
2237 4949 2357 5002 οὐδὲ
2387 4948 2647 5014 ὡσαύτως
2675 4950 2807 5021 ἕχει.
2848 4953 2958 5005 Καὶ
2993 4952 3073 5006 ἔτι
3108 4952 3244 5022 πρὸς
3283 4955 3521 5019 τούτοις,

1946 5040 2072 5094 ἄλλο
2095 5042 2160 5111 τῇ
2191 5040 2473 5111 νηπιότητι
2505 5039 2721 5108 ἀγαθὸν,
2752 5043 2845 5095 καὶ
2866 5043 3051 5112 ἕτερον
3080 5047 3144 5115 τῇ
3170 5044 3271 5113 τῆς
3302 5043 3524 5115 ἡλικίας

1947 5131 2131 5200 ἀκμῇ,
2167 5132 2261 5184 καὶ
2298 5130 2426 5185 ἄλλο
2463 5131 2538 5202 τῷ
2587 5134 3044 5204 παρακμάσαντι.
3096 5137 3190 5188 καὶ
3220 5135 3411 5205 ἕτερον
3458 5138 3525 5191 τὸ

1948 5224 2077 5292 παρ’
2107 5221 2341 5291 ἡλικίαν,
2372 5223 2465 5277 καὶ
2491 5223 2566 5294 τῷ
2595 5225 2810 5296 γέροντι
2835 5226 2994 5280 πάλιν
3023 5226 3168 5290 ἄλλο,
3193 5226 3269 5297 τῷ
3300 5231 3381 5292 είς
3416 5229 3524 5301 γῆν

1948 5311 2047 5383 ἤδη
2078 5312 2272 5383 ῥέοντι.
2312 5313 2455 5381 Ἐγὼ
2482 5313 2537 5366 δὲ
2559 5354 2574 5378 ,
2612 5316 2795 5385 φησὶν,
2830 5315 3054 5385 ἐζήτουν
3081 5317 3257 5370 ἐκεῖνο
3288 5317 3350 5371 τὸ
3384 5319 3526 5382 ἀγα-

1949 5400 2072 5467 om,
2116 5401 2145 5454 ὃ
2174 5404 2320 5474 πάσῃ
2356 5404 2538 5475 ἡλικίᾳ
2588 5407 2681 5459 καὶ
2716 5408 2876 5459 παντὶ
2909 5407 2987 5476 τῷ
3020 5407 3190 5478 χρόνῳ
3229 5407 3341 5476 τῆς,
3374 5407 3526 5478 ζωῆς

1948 5491 2140 5560 ἐπίσης
2171 5491 2374 5559 ἀγαθόν
2412 5494 2559 5546 ἐστιν
2583 5513 2596 5526 ο
2627 5487 2688 5547 οὗ
2742 5495 2901 5566 κόρος
2932 5496 3029 5547 οὐκ
3064 5494 3377 5559 ὲλπίζεται,
3426 5497 3527 5551 καὶ

1951 5576 2237 5651 πλησμονὴ
2262 5580 2358 5651 οὐχ
2393 5581 2732 5653 εὑρίσκεται·
2768 5584 2903 5638 ἀλλὰ
2927 5582 3425 5657 συμπαρατείνιται
3453 5587 3527 5658 τῇ
