3766 5986
205 179 315 245 eis

1269 171 1337 228 ΙΝ
1375 171 1912 228 ECCLESIASTEN.
1952 166 2235 226 HOMILIA
2275 166 2361 221 lll.

3339 168 3446 223 63"0

208 295 458 371 μετουσίᾳ
483 297 517 367 ἡ
551 294 751 367 ὄρεξις,
795 277 890 348 καλ⁸
931 292 1269 365 συνακμάζει
1312 297 1379 366 τῇ
1410 292 1707 348 ἀπολαύσει
1737 293 1766 344 ό

1942 297 2121 346 eratur
2139 286 2390 347 satietas,
2422 291 2476 338 et
2500 296 2608 337 non
2639 283 2916 343 invenitur
2945 285 3316 359 essaturatio:
3350 284 3445 341 Sed

208 389 382 455 πόθος,
406 386 496 442 καὶ
526 389 592 459 τῇ
618 386 713 440 τοῦ
745 386 1086 457 ὲπιθυμητοῦ
1113 384 1303 457 ἡλικίᾳ
1335 386 1396 438 ού
1428 382 1772 456 περιγράφεο

202 490 311 535 ται.
366 478 500 531 Ἀλλ’
527 478 638 549 ὅσῳ
673 477 874 549 μᾶλλον
899 478 1142 549 ἐντρυφᾷ
1168 477 1246 548 τῷ
1278 476 1469 548 ἀγαθῷ
1487 515 1502 539 ,
1532 474 1772 545 τοσούτῳ

208 571 359 625 πλέον
410 572 444 640 ἡ
478 569 747 641 ἐπιθυμία
790 571 860 641 τῇ
903 571 1083 641 τρυφῇ
1126 568 1549 632 συνεκτείνεται,
1595 566 1692 620 καὶ
1736 566 1770 638 ἡ

123 642 134 651 ι
202 659 374 732 τρυφὴ
400 661 466 731 τῇ
498 658 766 730 ἐπιθυμίᾳ
798 658 1199 723 συνεκκαίεται,
1229 658 1322 711 καὶ
1350 656 1492 710 κατά
1524 656 1633 709 πᾶν
1656 652 1773 708 διά-

207 771 381 826 στημα
406 754 508 825 τῆς
531 753 678 825 ζωῆς
703 755 791 808 ἀεὶ
812 753 976 809 καλὸν
1017 756 1130 818 τοῖς
1154 753 1399 825 μετιοῦσι
1415 752 1646 822 γίνεται,
1681 751 1770 804 οὐ·

200 845 289 901 ’δὺν
317 845 394 917 τῷ
419 846 638 918 ἀστάτῳ
667 845 776 899 τῶν
809 845 1035 916 ἡλικιῶν
1059 862 1121 899 τε
1160 842 1254 900 καὶ
1281 844 1393 898 τῶν
1415 843 1625 915 χρόνων
1652 853 1773 895 συν-

204 935 606 1007 αλλοιούμινον,
647 934 678 988 ὃ
706 935 802 988 καὶ
862 935 1051 1006 μύοντι
1085 934 1181 988 καὶ
1233 932 1589 989 ἀναϐλέποντι
1623 971 1638 996 ,
1682 931 1774 983 εὐ-

204 1027 490 1099 ημεροῦντι
512 1044 575 1081 τε
604 1027 699 1081 καὶ
713 1026 1037 1099 λυπουμένῳ
1055 1070 1069 1091 ,
1098 1024 1475 1098 νυκτερεύοντι
1506 1025 1603 1079 καὶ
1635 1026 1774 1096 ἡμε-

205 1120 435 1193 ρεύοντι,
485 1121 581 1175 καὶ
613 1121 779 1174 πᾶσιν
822 1118 1161 1184 ἁπαξαπλῶς
1200 1120 1314 1182 τοῖς
1353 1117 1494 1173 κατά
1539 1116 1631 1171 τὸν
1661 1115 1773 1187 βίον

204 1214 398 1283 ἀγαθόν
436 1215 619 1267 έιστιν⁹
672 1211 779 1266 ὑπὲρ
813 1210 926 1264 τῶν
977 1210 1383 1280 περιστατικῶς
1410 1226 1518 1263 τινι
1567 1224 1772 1279 συμπι-

207 1304 458 1369 πτόντων,
492 1301 622 1356 οὔτε
647 1319 703 1355 τι
732 1303 933 1373 χεῖρον,
961 1299 1088 1354 οὔτε
1114 1317 1167 1354 τι
1189 1301 1435 1371 κρεῖττον
1457 1297 1769 1368 γενόμενον,

204 1393 321 1451 οὔτε
371 1393 785 1465 ἐλαττούμενον,
813 1391 936 1446 οὕτε
981 1391 1366 1462 αὐξανόμενον.
1413 1388 1584 1443 Τοῦτό
1631 1390 1769 1454 ἐστι,

178 1489 340 1543 ,κατά
365 1504 428 1557 γε
466 1486 562 1543 τὸν
605 1486 740 1557 ἐμὸν
770 1482 964 1554 λόγον,
993 1485 1055 1538 τὸ
1090 1484 1260 1546 ὅντως
1289 1481 1349 1536 δν
1379 1479 1604 1551 ἀγαθὸν,
1636 1481 1772 1550 ὅπερ

221 1580 341 1632 ἰδεῖν
382 1581 410 1632 ὁ
435 1575 691 1647 Σολομὼν
736 1576 942 1647 ιζήτει,
970 1574 998 1628 δ
1023 1573 1241 1628 ἐποίουν
1266 1574 1314 1627 οἱ
1344 1573 1630 1644 ἄνθρωποι
1666 1569 1775 1623 ὑπὸ

1874 379 2039 436 simul
2082 389 2206 434 cum
2238 374 2654 448 participatione
2692 374 3018 439 extenditur
3045 376 3341 446 appetitus,
3390 383 3448 427 et

1872 469 2039 526 simul
2065 482 2194 523 cum
2224 465 2505 535 voluptate
2533 479 2642 534 qua
2677 463 2883 530 linitur,
2912 465 3057 536 viget
3089 464 3444 525 desiderium,

1872 567 1926 615 et
1977 557 2097 629 ejus
2146 555 2240 627 qui
2286 552 2559 609 desiderat
2599 562 2758 609 aetate
2792 568 2901 608 non
2950 553 3445 610 circumscribitur.

1875 650 1984 705 Sed
2030 663 2140 720 quo
2176 646 2717 718 majore‘voluptate
2771 644 3075 716 percipitur
3119 645 3344 712 bonum,
3383 662 3450 703 eo

1872 741 2047 811 magis
2074 738 2406 795 desiderium
2436 736 2601 793 simul
2634 736 2949 793 extenditur
2977 752 3100 792 cum
3131 737 3367 804 deliciis,
3396 746 3451 792 et

1872 845 1998 886 cum
2040 830 2316 886 desiderio
2354 828 2519 885 simul
2556 829 2933 885 accenduntur
2966 828 3198 893 deliciae,
3250 836 3304 885 ct
3333 837 3450 885 toto

1873 922 1996 978 vita:
2025 932 2266 992 tempore
2289 935 2504 992 semper
2539 931 2623 976 est
2656 920 2859 977 bonu’m
2889 921 2956 977 iis
2988 921 3081 992 qui
3113 922 3290 991 ipsum
3319 937 3448 994 per-

1873 1022 2199 1083 sequuntur,
2229 1013 2453 1068 minime
2478 1018 2751 1067 mutatum
2779 1029 2904 1068 cum
2934 1015 3292 1069 instabilitate
3319 1022 3453 1068 aeta-

1875 1114 1989 1160 tum
2021 1113 2077 1161 et
2100 1115 2431 1176 temporum,
2463 1104 2608 1173 quod
2630 1105 2833 1161 bonum
2872 1114 3036 1162 estet
3057 1106 3370 1162 conniventi
3397 1117 3453 1160 et

1874 1196 2183 1268 aSpicienti,
2224 1196 2384 1266 eique
2416 1196 2506 1250 cui
2549 1210 2639 1252 res
2693 1204 2822 1252 sunt
2856 1196 3128 1261 secundat,
3176 1206 3232 1251 et
3276 1194 3327 1250 ei
3360 1196 3452 1250 cui

1874 1288 2136 1354 adversae,
2186 1288 2346 1358 eique
2393 1287 2487 1357 qui
2526 1299 2830 1357 pemoctat,
2871 1297 2926 1345 et
2967 1289 3018 1344 ei
3067 1288 3161 1360 qui
3210 1287 3450 1343 interdiu

1874 1382 2007 1452 agit,
2039 1389 2092 1435 et
2121 1382 2401 1442 omnibus.
2451 1393 2507 1436 ut
2537 1382 2704 1438 semel
2734 1382 2933 1446 dicam,
2969 1383 3063 1453 qui
3103 1389 3230 1436 sunt
3263 1380 3318 1436 in
3350 1381 3454 1436 hac

1873 1472 2007 1526 vita.
2037 1470 2225 1543 Neque
2260 1475 2328 1530 ab
2351 1476 2471 1532 ullo
2493 1490 2559 1531 ex
2585 1474 2663 1529 iis'
2684 1488 2806 1543 qua:
2839 1488 2963 1526 cum
3001 1472 3184 1543 aliqua
3228 1471 3452 1526 calami-

1875 1572 1985 1620 tate
2017 1565 2296 1631 accidunt,
2333 1567 2577 1625 deterius
2612 1567 2675 1620 lit
2704 1573 2799 1620 aut
2828 1562 3045 1627 melius,
3075 1579 3252 1634 neque
3282 1578 3453 1633 auge-

201 1670 287 1725 τδν
324 1669 473 1741 ἥλιον
506 1635 651 1723 κᾶτά
677 1635 856 1723 πάᾆτξι
878 1635 971 1721 τόν
994 1666 1224 1739 ἀριθμὸν
1260 1665 1362 1736 τῆς
1382 1635 1530 1734 quia;
1552 1663 1733 1720 αὐτῶν
1751 1679 1767 1694 ο

1942 1671 1965 1709 r
1990 1668 2093 1712 nec
2122 1658 2408 1714 minuitur.
2445 1658 2558 1715 lloc
2582 1667 2686 1723 est,
2711 1664 2773 1711 ut
2799 1671 2920 1711 mea
2950 1655 3171 1726 quidem
3200 1658 3303 1710 fert
3330 1655 3449 1725 opi-

195 1761 329 1832 δπερ
353 1759 507 1813 οὐδὲν
538 1759 724 1831 ἕτερον
749 1753 891 1812 εἷναί
930 1775 1018 1828 μοι
1056 1756 1344 1826 φαίνεται,
1381 1756 1415 1827 ἦ
1444 1755 1505 1809 τὸ
1545 1755 1650 1825 τῆς
1680 1756 1772 1809 πί-

203 1862 364 1911 στεως
387 1847 576 1919 ἔργον,
598 1842 669 1919 ἦς
693 1847 729 1918 ή
755 1847 1026 1917 ἐνέργεια,
1045 1846 1201 1917 κοινή
1225 1862 1287 1899 τε
1307 1845 1473 1899 πᾶσίν
1507 1845 1674 1909 ἐστιν,
1703 1844 1767 1896 ὲκ

205 1935 289 1989 τοῦ
315 1936 581 2006 όμοτίμου
619 1938 732 2000 τοῖς
766 1934 981 1987 θέλουσι
1019 1935 1357 2005 προκειμένη
1387 1934 1484 1987 καὶ
1514 1931 1771 1997 παντοδύο

203 2044 379 2098 ναμος,
404 2028 500 2082 καὶ
532 2026 772 2098 διαρκῶς
793 2028 859 2097 τῇ
884 2025 996 2098 ζωῇ
1024 2025 1432 2097 παραμένουσα.
1457 2024 1629 2079 Τοῦτό
1652 2025 1768 2076 ἐστι

205 2118 262 2172 τὸ
302 2117 502 2186 ἀγαθὸν
539 2116 721 2188 ἔργον,
749 2116 778 2170 ὃ
818 2117 916 2170 καὶ
956 2117 1014 2168 έν
1048 2116 1179 2186 ἡμῖν
1207 2115 1436 2185 γένοιτο,
1467 2117 1525 2168 ἐν
1550 2113 1772 2186 Χριστῷ

217 2207 383 2278 Ἰησοῦ
415 2207 496 2278 τῷ
543 2207 733 2279 Κυρίῳ
762 2205 942 2278 ἡμῶν,
981 2198 1026 2274 ᾧ
1059 2207 1094 2276 ή
1126 2205 1253 2272 δόξα
1283 2206 1364 2269 εἰς
1403 2204 1530 2268 τοὺς
1570 2193 1772 2268 αἰῶνας

195 2295 294 2348 τῶν
323 2295 558 2352 αἰώνὼν.
605 2297 799 2369 Ἀμήν.

1876 1749 1989 1813 nio,
2019 1750 2165 1819 quod
2193 1765 2319 1805 vere
2351 1757 2434 1805 est
2473 1751 2699 1811 bonum,
2741 1748 2886 1820 quod
2912 1746 3131 1818 quidem
3171 1746 3449 1818 quaerebat

1876 1837 2063 1893 videre
2087 1837 2369 1903 Solomon,
2407 1838 2555 1909 quod
2594 1838 2869 1893 faciebant
2897 1835 3148 1892 homines
3175 1837 3281 1892 sub
3310 1836 3446 1897 sole,

1871 1930 2029 1998 juxta
2076 1943 2294 1984 onmem
2326 1943 2615 1984 numerum
2652 1931 2777 1983 vitae
2826 1942 2976 1983 suae:
3034 1926 3176 1999 quod
3227 1926 3444 1997 quidem

1876 2019 2094 2074 videtur
2123 2019 2255 2074 mihi
2279 2020 2415 2075 nihil
2444 2034 2565 2076 esse
2595 2021 2741 2075 aliud
2765 2036 2927 2092 quam
2951 2036 3087 2092 opus
3111 2019 3255 2084 ﬁdei,
3291 2020 3450 2091 cujus

1878 2109 2123 2178 operatio
2144 2119 2231 2164 est
2253 2117 2307 2165 ει
2323 2111 2636 2166 communis
2665 2111 2942 2176 onmih‘us,
2974 2127 3039 2166 ex
3067 2126 3224 2180 aequo
3253 2128 3449 2182 propo-

1877 2200 1982 2256 sita
2015 2201 2346 2265 volentibus,
2391 2209 2447 2257 et
2485 2203 2853 2274 omnipotens,
2909 2215 2963 2259 et
2996 2202 3055 2258 in
3086 2206 3195 2260 vita
3246 2205 3450 2275 jugin-r

1866 2309 2219 2369 permanens.
2244 2292 2358 2349 Hoc
2385 2301 2470 2349 est
2510 2294 2712 2349 bonum
2740 2294 2875 2350 illud
2896 2311 3057 2367 opus,
3094 2298 3246 2369 quod
3281 2297 3449 2352 etiam

197 2389 281 2444 liat
315 2390 369 2444 in
418 2388 606 2453 nobis,
645 2391 702 2445 in
733 2389 957 2447 Christo
987 2387 1119 2446 Jesu
1162 2387 1399 2446 Domino
1425 2401 1643 2456 nostro,
1672 2388 1765 2447 cui
1791 2391 1968 2458 gloria
2001 2390 2055 2445 iu
2083 2388 2286 2445 sarcula
2307 2389 2656 2446 saeculorum.
2685 2388 2882 2446 Amen.

794 2476 1039 2530 UMIAIA
1089 2477 1128 2528 Γ
1129 2482 1162 2530 ’.

258 2570 325 2625 Τί
353 2573 491 2643 μετά
515 2570 673 2626 τοῦτο
694 2571 843 2642 ἡμᾶς
860 2572 894 2641 ἡ
918 2569 1345 2641 ἑκκλησιαστικὴ
1371 2567 1571 2635 διδάξει
1589 2571 1764 2640 φωνὴ,

195 2660 379 2732 καιρὸς
434 2659 504 2714 ἂν
564 2659 658 2731 εἴη
705 2658 1176 2729 διερευνήσασθαι.
1240 2659 1656 2733 Μεμαθήκαμεν
1708 2661 1767 2713 έν

2439 2477 2728 2535 HOMlLlA
2784 2478 2876 2534 lll.

1942 2567 2214 2636 Quidnam
2258 2582 2445 2641 postea
2490 2572 2562 2628 sit
2600 2584 2700 2627 nos
2742 2568 3002 2627 edoctura
3041 2587 3149 2628 vox
3185 2572 3444 2627 ecclesia-

1870 2661 2032 2727 stica,
2063 2674 2277 2734 tempus
2310 2670 2394 2719 est
2434 2664 2792 2735 perscrutari.
2822 2662 3124 2721 Didicimus
3156 2663 3209 2718 in
3250 2666 3446 2735 primis

196 2750 425 2821 πρώτοις
457 2750 498 2805 ἃ.
531 2750 954 2822 μεμαθήκαμεν,
990 2749 1071 2802 ὅτι
1103 2751 1132 2803 ό
1175 2750 1356 2804 πᾶσαν
1393 2748 1768 2820 ἐκκλησιάζων

1956 2766 2079 2823 qua:
2103 2754 2416 2820 didicimus,
2445 2752 2592 2824 quod
2624 2756 2716 2826 qui
2742 2768 2961 2810 omnem
2989 2764 3282 2827 congregat
3301 2771 3446 2811 crea-

198 2843 290 2916 τὴν
320 2842 538 2910 κτίσιν,
574 2841 667 2896 καὶ
711 2840 781 2894 τά
814 2839 1131 2894 ἀπολωλότα
1168 2838 1366 2910 ζητῶν,
1413 2842 1506 2894 καὶ
1548 2839 1618 2894 τὰ
1671 2856 1769 2893 πε-

198 2934 514 3006 πλανημένα
549 2930 917 3003 συναθροίζων
956 2928 1036 2994 είς
1058 2928 1144 2996 ἓν,
1184 2927 1337 2996 οὗτος
1379 2932 1769 2986 έπισκέπτεται

198 3020 282 3074 τὸν
309 3021 553 3088 ἐπίγειον
583 3018 717 3090 βίον.
761 3019 1032 3088 Ἐπίγειον
1059 3020 1168 3090 γάρ
1190 3022 1307 3074 ἐστι
1333 3021 1393 3075 τὸ
1418 3021 1765 3091 ὑπουράνιον,

196 3111 328 3183 ὅπερ
353 3114 381 3165 ὁ
408 3113 570 3180 λόγος
598 3111 661 3164 τὸ
686 3111 791 3164 ὑπὸ
820 3110 913 3164 τὸν
942 3111 1172 3184 οὐρανὸν
1197 3111 1451 3183 ὀνομάζει
1470 3152 1486 3175 ,
1519 3114 1577 3166 ἐν
1601 3106 1644 3179 ᾧ
1669 3129 1770 3165 κα-

196 3205 450 3273 τακρατεῖ
480 3204 519 3272 ή
560 3202 741 3273 ἀπάτη
794 3201 888 3255 καὶ
938 3202 1000 3256 τὸ
1038 3201 1409 3274 ἀνύπαρκτον.
1474 3205 1561 3257 Ἐν
1604 3203 1659 3257 δὲ
1699 3206 1766 3274 τῇ

189 3293 413 3365 ’δευτέρᾳ
441 3292 848 3364 μεμαθήκαμεν
879 3291 1140 3367 ἐξηγήσει
1170 3294 1229 3349 τὸ
1256 3296 1323 3349 ὲκ
1350 3296 1642 3367 προσώπου
1674 3295 1767 3348 τοῦ

198 3385 539 3456 Σολομῶντος
562 3385 815 3454 γενέσθαι
835 3385 935 3457 τὴν
958 3386 1292 3458 κατηγορίαν
1316 3387 1417 3458 τῆς
1443 3387 1769 3441 ἀπολαυστι-

196 3476 295 3546 κῆς
317 3493 375 3530 τε
414 3477 515 3530 καὶ
542 3476 825 3546 ὲμπαθοῦς
850 3476 1164 3542 διαθέσεως,
1194 3477 1272 3540 ὡς
1300 3476 1366 3531 ἂν
1397 3478 1527 3548 ἡμῖν
1556 3477 1770 3542 ἀξιόπι-

199 3583 315 3629 στος
351 3566 564 3635 γένοιτο
594 3568 630 3639 ή
676 3566 786 3620 τῶν
837 3566 1093 3620 τοιούτων
1140 3566 1396 3637 ἀθέτησις
1414 3606 1430 3630 ,
1481 3566 1578 3621 τοῦ
1626 3567 1770 3621 κατὰ

197 3661 369 3713 πᾶσαν
404 3658 658 3725 ἐξουσίαν
689 3658 752 3712 τὸ
787 3659 924 3730 πρὸς
952 3658 1145 3730 ἡδονὴν
1176 3660 1259 3722 είς
1292 3659 1590 3713 ἀπόλαυσιν
1619 3659 1768 3728 έχον-

195 3768 304 3816 τος,
342 3754 438 3807 καὶ
484 3752 671 3806 πάντα
706 3751 777 3806 τά
811 3750 1069 3807 δοκοῦντα
1108 3751 1258 3823 παρὰ
1307 3753 1419 3817 τοῖς
1460 3750 1770 3823 ἀνθρώποις

197 3843 594 3908 σπουδάζεσθαι
645 3844 762 3898 ἀντ’
805 3842 1021 3907 οὐδενὸς
1059 3842 1426 3907 διαπτύοντος.
1483 3843 1549 3895 Τί
1588 3843 1769 3897 τοίνυν

196 3936 331 3988 κατά
360 3935 421 3988 τὸ
448 3932 746 3989 ἀκόλουθον
775 3934 868 3988 ἐπὶ
897 3932 992 3987 τοῦ
1021 3932 1288 4006 παρόντος
1321 3935 1386 3986 ὲκ
1412 3932 1595 4007 τρίτου
1630 3948 1767 4003 μαν-

198 4023 454 4096 θάνομεν;
495 4025 527 4078 θ
563 4024 780 4079 πάντων
813 4024 1047 4096 μάλιστα
1074 4020 1228 4095 οἶμαι
1260 4023 1591 4095 κατάλληλον
1627 4019 1767 4078 εἶναι

1872 2852 2073 2908 turam,
2120 2851 2175 2898 et
2230 2847 2426 2915 quaerit
2478 2858 2543 2900 ea
2590 2859 2712 2915 quae
2743 2845 3042 2915 perierant,
3075 2853 3129 2901 ct
3180 2845 3234 2899 in
3273 2861 3441 2900 unum

1870 2935 2017 3005 cogit
2038 2949 2101 2991 ea
2127 2951 2248 3006 qua:
2278 2936 2686 3002 aberraverant,
2717 2937 2765 2992 is
2793 2935 3107 2993 considerat
3130 2937 3295 2991 vitam
3322 2953 3446 3008 quae

1871 3033 1957 3079 est
1986 3038 2152 3095 super
2194 3035 2417 3080 terram.
2450 3022 2731 3083 Terrestre
2766 3028 2908 3082 enim
2941 3036 3026 3083 est
3077 3029 3130 3083 id
3166 3029 3312 3099 quod
3358 3038 3447 3086 est

1872 3115 2061 3171 subter
2079 3117 2270 3184 caelos,
2305 3114 2450 3188 quod
2478 3115 2698 3189 quidem
2733 3119 2821 3173 hic
2853 3113 2993 3174 liber
3029 3129 3187 3176 vocat
3215 3121 3266 3175 id
3299 3123 3445 3193 quod

1870 3213 1956 3261 est
1983 3205 2089 3261 sub
2111 3206 2272 3271 coelo,
2300 3208 2355 3261 in
2379 3223 2488 3278 quo
2509 3207 2824 3263 dominatur
2844 3210 3114 3281 deceptio,
3142 3220 3197 3267 et
3219 3211 3271 3267 id
3298 3212 3443 3282 quod

1871 3309 1982 3350 non
2004 3304 2182 3367 potest
2201 3299 2522 3354 consistere.
2553 3301 2610 3354 In
2632 3302 2975 3371 expositione
2998 3312 3179 3358 autem
3204 3304 3446 3359 secunda

1871 3386 2187 3455 didicimus,
2214 3403 2281 3444 ex
2310 3404 2547 3459 persona
2570 3390 2901 3460 Solomonis,
2932 3405 3248 3449 accusatum
3274 3393 3447 3451 fuisse

1869 3479 1997 3532 vita:
2050 3478 2387 3546 institutum,
2436 3479 2580 3550 quod
2637 3496 2697 3536 se
2745 3481 2892 3537 dedit
2941 3484 3336 3555 voluptatibus,
3389 3494 3445 3539 et

1869 3567 2039 3621 animi
2081 3567 2609 3638 perturbationibus,
2665 3577 2724 3623 ut
2767 3584 2863 3626 eas
2901 3585 3025 3627 esse.
3071 3573 3445 3642 aspernandas

1870 3654 2091 3713 facilius
2142 3657 2301 3713 nobis
2348 3658 2825 3728 persuaderemus,
2879 3661 3025 3731 quod
3074 3663 3170 3733 qui
3225 3662 3442 3719 fruendi

1870 3747 2241 3818 voluptatibus
2258 3762 2527 3805 summam
2550 3748 2802 3807 habuerit
2818 3759 3165 3822 potestatem,
3184 3766 3442 3826 tanquam

1870 3839 2028 3894 nihili
2056 3844 2326 3911 respuerit
2352 3842 2537 3896 omnia
2567 3856 2689 3913 qua:
2717 3843 3025 3901 vehementi
3056 3847 3241 3903 studio
3268 3849 3445 3921 hamis

1870 3945 1971 3987 nes
2001 3940 2423 4002 persequuntur.
2452 3931 2595 3999 Quid
2619 3948 2750 4005 ergo
2779 3932 3041 4006 deinceps
3067 3936 3123 3992 in
3150 3938 3445 4008 praesentia

1820 4056 1825 4063 -
1870 4023 2035 4079 tertio
2081 4024 2202 4078 loco
2239 4024 2542 4081 discimus?
2577 4024 2632 4080 Id
2666 4025 2814 4096 quod
2868 4028 3105 4084 maxime
3152 4030 3446 4088 convenire

195 4116 304 4178 τοῖς
334 4113 760 4184 ἐκκλησιάζουσι
802 4113 1064 4185 μάθημα,
1090 4112 1236 4183 λέγω
1277 4113 1335 4169 δὲ
1366 4111 1467 4185 τὴν
1495 4113 1624 4185 περὶ
1659 4112 1770 4166 τῶν

1942 4114 2109 4170 bitror
2140 4122 2199 4169 ut
2219 4114 2466 4171 discatur
2494 4117 2563 4171 ab
2595 4117 2660 4171 iis
2693 4117 2785 4188 qui
2811 4119 3143 4175 conveniunt
3174 4121 3228 4175 in
3258 4121 3446 4179 Eccle-

202 4203 274 4275 μὴ
299 4204 442 4258 κατά
469 4204 627 4274 λόγον
654 4202 1038 4276 γεγενημένων
1072 4203 1457 4275 ἐξομολόγησιν
1477 4246 1493 4272 ,
1519 4205 1555 4274 ἢ
1582 4204 1644 4258 τὸ
1671 4203 1769 4275 τῆς

197 4297 456 4369 αἰσχύνης
499 4298 723 4369 ἐμποιεῖ
747 4299 811 4368 τῇ
855 4296 1004 4369 ψυχῇ
1042 4297 1233 4362 πάθος,
1266 4297 1355 4352 διὰ
1380 4297 1482 4367 τῆς
1506 4296 1614 4351 τῶν
1645 4297 1771 4351 ἀτό-

196 4404 310 4443 πων
338 4386 766 4460 ὲξαγορεύσεως.
802 4388 988 4441 Ἔοικε
1019 4388 1127 4458 γὰρ
1167 4385 1308 4459 μέγα
1332 4406 1384 4443 τι
1415 4388 1509 4442 καὶ
1554 4387 1770 4460 ἰσχυρὸν

197 4476 330 4548 πρὸς
366 4478 471 4550 τὴν
501 4478 604 4548 τῆς
646 4477 925 4549 ἁμαρτίας
955 4477 1276 4548 ἀποφυγὴν,
1306 4476 1470 4533 ὅπλον
1517 4472 1691 4540 εῖναι,
1734 4472 1769 4548 ή

196 4568 593 4639 ὲναποκειμένη
622 4572 737 4633 τοῖς
765 4566 1072 4640 ἀνθρώποις
1108 4567 1292 4633 αἰδὼς,
1332 4571 1413 4633 εἰς
1448 4568 1579 4622 αὐτὸ
1613 4568 1771 4622 τοῦτο

195 4653 343 4729 οἶμαι
387 4658 545 4730 παρὰ
580 4658 674 4713 τοῦ
718 4658 855 4713 Θεοῦ
905 4659 1210 4722 ἐντεθεῖσα,
1240 4658 1317 4722 ὡς
1348 4658 1414 4713 ἂν
1453 4656 1587 4729 ἡμῖν
1631 4659 1770 4712 ἀπο-

198 4749 402 4821 στροφὴ
445 4748 556 4802 τῶν
595 4750 857 4821 χειρόνων
903 4751 936 4822 ή
969 4749 1193 4819 τοιαύτη
1224 4748 1328 4820 τῆς
1353 4747 1530 4822 ψυχῆς
1562 4749 1771 4818 γένοιτο

195 4840 449 4905 διάθεσις.
482 4840 772 4910 Συγγενῶς
801 4841 858 4893 δὲ
886 4839 1003 4911 ἔχει
1031 4840 1170 4910 πρὸς
1198 4839 1403 4911 ἄλληλα
1435 4841 1529 4894 καὶ
1553 4841 1770 4904 οἰκείως

98 4930 101 4935 ’
144 4988 153 4992 _
195 4927 311 4981 τότε
338 4928 480 4983 κατά
509 4928 612 4998 τὴν
648 4927 782 4982 αιδὼ
809 4928 906 4983 καὶ
935 4926 999 4981 τὸ
1030 4930 1151 4982 κατ’
1184 4927 1447 5000 αἰσχύνην
1482 4926 1673 4992 πάθος,
1701 4929 1770 4983 δι’

193 5007 265 5071 ὧν
288 5019 615 5090 ἀμφοτέρων
639 5019 673 5088 ἡ
696 5017 944 5090 ἁμαρτία
975 5015 1264 5082 κωλύεται,
1294 5018 1452 5089 εἴπερ
1480 5016 1653 5071 ἐθέλοι
1686 5033 1771 5081 τις

196 5110 331 5180 πρὸς
354 5108 517 5162 τοῦτο
549 5107 859 5181 χρήσασθαι
884 5111 952 5180 τῇ
984 5107 1208 5179 τοιαύτῃ
1245 5108 1347 5178 τῆς
1372 5108 1552 5179 ψυχῆς
1588 5107 1771 5162 διαθέ-

199 5215 296 5253 σει.
333 5199 552 5254 Μᾶλλον
579 5199 688 5271 γὰρ
725 5198 822 5253 τοῦ
854 5199 1023 5270 φόϐου
1063 5199 1325 5263 πολλάκις
1362 5200 1397 5270 ἡ
1439 5198 1603 5263 αἰδὼς
1636 5200 1771 5272 πρὸς

198 5292 291 5362 τὴν
313 5291 605 5364 ἀποφυγὴν
629 5292 739 5346 τῶν
764 5292 988 5348 ἀτόπων
1012 5288 1481 5361 έπαιδαγώγησενο
1508 5290 1647 5344 ἀλλὰ
1675 5293 1771 5346 καὶ

200 5382 230 5453 ή
259 5384 494 5456 αἰσχύνη
538 5381 977 5439 ἐπακολουθοῦσα
1006 5384 1119 5449 τοῖς
1169 5383 1413 5452 ἐλέγχοις
1453 5381 1545 5436 τοῦ
1579 5382 1764 5455 πλημ-

198 5472 543 5547 μελήματος,
572 5476 731 5545 ἱκανὴ
762 5474 831 5529 δι’
856 5475 1057 5545 ἑαυτῆς
1087 5475 1418 5545 σωφρονίσαι
1454 5474 1546 5528 τὸν
1583 5475 1769 5547 ἀμαρ-

200 5566 430 5622 τάνοντα
460 5567 597 5638 πρὸς
618 5567 680 5620 τὸ
709 5568 787 5640 μὴ
830 5566 991 5621 πάλιν
1031 5567 1094 5618 ἐν
1117 5568 1228 5629 τοῖς
1269 5566 1476 5636 ὁμοίοις
1494 5564 1766 5632 γενέσθαι.

198 5656 303 5712 Καὶ
340 5658 511 5714 ἔστιν.
549 5658 625 5723 ὡς
661 5656 728 5711 ἄν
756 5675 840 5722 τις
864 5658 975 5729 ὅρῳ
1005 5656 1105 5727 τὴν
1140 5655 1402 5728 διαφορὰν
1432 5654 1609 5709 αὐτῶν
1638 5655 1769 5708 ὕπο-

506 5749 779 5813 Ρηιιοι..
805 5752 923 5814 Gn.
963 5751 1184 5817 XLIV.

1868 4210 1975 4272 sia,
2008 4202 2198 4265 dicens
2221 4209 2621 4266 confessionem
2648 4210 2715 4266 de
2745 4211 2833 4275 iis,
2860 4228 2982 4282 quae
3013 4228 3119 4267 non
3145 4213 3285 4268 facta
3314 4224 3444 4270 sunt

1871 4297 2262 4352 convenienter
2283 4297 2501 4359 rationi,
2525 4314 2646 4368 qua:
2673 4297 2957 4368 ingenerat
2972 4299 3168 4354 animae
3197 4300 3443 4356 affectio-

1870 4400 1995 4440 nem
2043 4386 2289 4456 pudoris,
2335 4400 2430 4455 per
2466 4374 2911 4440 enuntiationem.
2939 4403 3127 4443 eorum
3160 4406 3282 4461 quae
3314 4401 3445 4447 sunt

1872 4476 2133 4531 absurda.
2168 4474 2399 4531 Videtur
2432 4477 2575 4532 enim
2607 4477 2784 4548 pudor
2812 4494 2934 4535 esse
2958 4480 3135 4536 valida
3168 4491 3222 4538 et
3249 4491 3444 4554 potens

1872 4573 2150 4620 armatura
2182 4564 2250 4619 ad
2282 4564 2587 4635 eﬂ‘ugienda
2615 4574 2860 4636 peccata,
2910 4570 3085 4640 pudor
3112 4572 3203 4639 qui
3233 4582 3318 4628 est
3357 4573 3443 4627 in-

1870 4657 2014 4713 situs
2044 4657 2099 4711 in
2133 4656 2479 4725 hominibus;
2529 4658 2622 4728 qui
2659 4657 2805 4727 ideo,
2839 4667 2898 4714 ut
2922 4671 3077 4730 puto,
3105 4671 3191 4718 est
3221 4664 3381 4719 nobis
3410 4679 3443 4719 a

1872 4748 1983 4803 Deo
2015 4748 2243 4813 inditus,
2289 4754 2349 4801 ut
2377 4748 2648 4818 ejusmodi
2696 4750 2865 4804 animi
2907 4752 3124 4808 affectio
3156 4753 3229 4808 sit
3279 4755 3444 4810 riohis

1872 4842 2088 4896 aversio
2117 4856 2149 4894 a
2182 4841 2572 4897 deterioribus.
2627 4845 2778 4897 lnter
2818 4858 2880 4899 se
2928 4852 3110 4900 autem
3151 4847 3442 4914 cognatio-

1871 4947 1997 4990 nem
2044 4934 2337 5004 quamdam
2369 4943 2423 4991 et
2454 4937 2890 4993 convenientiam
2921 4937 3125 4994 habent
3171 4939 3351 5010 pudor
3386 4953 3443 4998 et

1872 5025 2091 5081 affectio
2114 5040 2235 5094 quae
2257 5042 2324 5082 ex
2355 5027 2689 5083 verecundia
2721 5029 2987 5094 oboritur,
3019 5044 3117 5100 per
3145 5045 3267 5100 quae
3292 5038 3445 5087 utra-

1870 5128 1980 5184 que
2010 5112 2332 5183 prohibetur
2378 5125 2683 5183 peccatum,
2719 5119 2765 5172 si
2799 5117 2924 5187 quis
2958 5119 3086 5176 velit
3123 5119 3189 5174 ad
3220 5119 3323 5175 hoc
3362 5122 3441 5175 uti

1873 5203 1966 5259 tali
1995 5203 2190 5258 anima:
2217 5202 2522 5259 affectione.
2560 5203 2744 5260 Pudor
2770 5207 2916 5265 enim
2969 5210 3145 5283 magis
3176 5226 3341 5281 quam
3371 5212 3444 5267 ti-

1872 5307 1992 5348 mor
2027 5307 2172 5362 saepe
2198 5291 2381 5347 erudit
2405 5292 2473 5348 ad
2503 5309 2669 5364 prava
2699 5296 2979 5368 fugienda.
3034 5300 3141 5356 Sed
3169 5309 3225 5357 et
3263 5301 3447 5373 pudor

1870 5397 2109 5454 sequens
2138 5381 2321 5437 delicti
2356 5383 2860 5454 reprehensionem,
2908 5404 3008 5460 per
3038 5404 3099 5446 se
3139 5392 3341 5448 sufficit
3371 5391 3442 5448 ad

1870 5473 2252 5545 castigandum
2281 5489 2406 5529 eum
2440 5476 2534 5547 qui
2570 5487 2784 5548 peccat,
2823 5495 2893 5535 ne
2933 5497 3129 5540 rursus
3160 5485 3214 5540 in
3241 5483 3445 5541 similia

1864 5569 2094 5627 incidat.
2136 5565 2234 5627 Est
2275 5580 2479 5630 autem.
2523 5580 2582 5628 ut
2615 5588 2807 5629 eorum
2855 5574 3216 5632 differentiam
3245 5573 3443 5629 detini-
3550 5624 3555 5633 ,

1863 5661 2014 5716 tione
2035 5659 2313 5717 describat
2336 5660 2631 5733 quispiam,
2653 5661 2984 5718 verecundia
3007 5663 3225 5731 quidem
3248 5660 3431 5715 interi-

3028 5756 3102 5816 ‘21
