3766 5986
305 163 404 215 (liii

320 309 416 347 nus
434 293 629 362 pudor,
663 297 853 344 contra
876 297 1056 346 autem
1088 290 1262 361 pudor
1286 290 1513 345 remissa
1537 289 1885 344 verecundia.

322 382 643 438 Ostenditur
683 392 867 439 autem
918 396 1017 451 per
1051 382 1290 437 colorem
1341 381 1433 451 qui
1485 389 1569 437 cst
1611 383 1680 436 ἰιι’
1706 382 1884 448 vultu,

309 460 487 529 aliimi
532 482 777 528 motuum
815 473 1122 527 differentia
1153 481 1207 528 et
1236 474 1574 527 communio.
1619 472 1753 527 Nam
1786 489 1888 544 pu-

320 562 421 616 dor
440 562 659 632 quidem
697 561 894 616 rubore
926 569 1138 614 tantum
1175 559 1536 631 signiﬁcatur,
1568 560 1731 615 simul
1765 576 1889 614 cum

310 654 501 708 anima
533 650 725 706 affecto
757 651 916 705 etiam
947 663 1176 719 corpore
1227 648 1463 703 naturali
1494 647 1728 720 quadam
1761 646 1891 702 οπο-

322 744 525 806 ctione,
578 759 702 796 cum
742 742 891 796 calor
932 741 1029 809 qui
1062 747 1148 795 est
1184 739 1333 794 circa
1384 753 1479 795 cor
1519 738 1793 793 ebullierit
1820 737 1890 793 ad

318 822 506 891 vultus
540 833 902 906 superﬁciem.
929 829 1032 898 Qui
1054 839 1140 888 est
1164 840 1345 886 autem
1374 830 1602 887 affectus
1626 846 1891 886 verecun-

319 928 411 981 dia
450 934 671 997 propter
715 925 899 980 delicti
930 923 1454 988 manifestationem,
1510 924 1571 981 ﬁt
1598 923 1800 979 lividus
1836 932 1891 979 et

322 1017 613 1082 subruber,
668 1017 816 1088 quod
873 1024 1053 1073 metus
1116 1016 1278 1071 bilem
1329 1019 1529 1072 rubore
1584 1015 1887 1071 miscuerit.

324 1109 603 1181 Ejusmodi
636 1124 767 1178 ergo
790 1106 1006 1164 aﬂ‘ectio
1034 1106 1313 1165 suffecerit
1344 1106 1431 1172 iis,
1468 1106 1561 1176 qui
1590 1106 1768 1168 scelus
1787 1105 1890 1160 ali-

323 1202 468 1271 quod
502 1200 657 1271 prius
688 1199 1046 1263 admiserunt,
1093 1212 1162 1253 ne
1210 1198 1263 1252 in
1301 1198 1485 1267 aliquo
1519 1196 1755 1268 amplius
1807 1196 1890 1249 la-

324 1294 527 1347 bantur
548 1306 612 1345 ex
648 1290 714 1346 iis
743 1290 811 1345 de
843 1289 1042 1359 quibus
1071 1289 1237 1360 pudet
1265 1303 1360 1344 eos
1392 1287 1561 1343 fuisse
1583 1289 1887 1343 convictos.

1524 158 1583 211 s.
1622 158 1951 219 (unauna
1987 126 2282 217 ﬁssum

3457 177 3582 231 $59.

1995 299 2276 369 γράψειεν,
2320 300 2549 372 αἰσχύνη
2581 299 2678 372 μὲν
2721 303 3083 374 ἐπιτεταμένη
3107 294 3297 366 αίδῶς’
3328 302 3501 364 aiore;
3530 306 3593 355 δὲ

1994 391 2057 443 τὸ
2096 390 2331 461 ἔμπαλιν
2365 393 2629 463 ὑφειμένη
2680 393 2927 464 αἰσχύνη.
2963 395 3249 448 Δείκνυται
3280 391 3338 447 δὲ
3372 392 3468 445 καὶ
3507 390 3595 458 τῷ

1997 481 2139 536 κατὰ
2172 483 2465 554 πρόσωπον
2498 483 2750 555 χρώματι
2778 485 2810 554 ἡ
2833 486 2938 541 τῶν
2956 484 3143 540 παθῶν
3157 484 3393 555 διαφορὰ
3409 487 3493 555 (a)
3527 503 3595 539 τε

1996 573 2091 626 καὶ
2126 574 2400 629 κοινωνία.
2446 576 2514 629 Ἠ
2562 575 2661 646 μὲν
2706 575 2814 647 γὰρ
2865 575 3029 639 αἰδὼς
3068 575 3376 647 ἐρυθήματι
3429 576 3595 646 μόνω

1996 665 2436 738 ἐπισημαίνεται,
2473 668 2852 739 συμπαθόντος
2889 686 3008 732 πως
3033 671 3099 739 τῇ
3143 668 3288 738 ψυχῇ
3326 666 3427 721 τοῦ
3469 668 3592 720 σῶ-

1999 772 2168 825 ματος
2192 757 2334 812 κατά
2360 773 2483 811 τινα
2508 759 2745 828 φυσικὴν
2771 758 3030 821 διάθεσιν,
3063 759 3157 812 καὶ
3180 758 3276 813 τοῦ
3305 774 3593 828 περικαρο

1998 846 2113 901 δίου
2147 846 2352 919 θερμοῦ
2385 848 2521 922 πρὸς
2550 850 2649 920 τὴν
2689 851 3007 918 ἐπιφάνειαν
3032 850 3131 919 τῆς
3168 848 3344 918 ὅψεως
3376 846 3592 911 ἀναζέ-

1996 955 2189 1004 σαντος
2212 956 2227 971 ⁸
2262 942 2292 998 ὁ
2314 940 2372 994 δέ
2396 940 2706 1011 αἰσχυνθεὶς
2732 942 2825 995 ἐπὶ
2849 944 2915 1012 τῇ
2945 940 3249 1012 φανερώσει
3270 940 3368 994 τοῦ
3392 940 3507 1011 πλη
3516 956 3590 1010 μ-

1997 1030 2308 1101 μελήματος
2340 1031 2585 1095 πελιδνὸς
2617 1032 2824 1100 γίνεται
2853 1034 2949 1088 καὶ
2993 1031 3321 1104 ὑπέρυθρος,
3347 1031 3451 1085 τοῦ
3480 1033 3589 1100 φό-

1995 1118 2092 1173 ϐου
2113 1120 2210 1192 τήν
2228 1121 2392 1192 χολὴν
2410 1123 2490 1193 τῷ
2506 1122 2810 1194 ἐρυθήματι
2829 1123 3102 1193 μίξαντος.
3125 1122 3198 1175 Τὸ
3212 1118 3308 1177 οὖν
3326 1121 3588 1177 τοιοῦτον

1997 1210 2188 1275 πάθος,
2232 1212 2414 1268 ίκανδν
2461 1213 2529 1268 ἂν
2563 1214 2774 1283 γένοιτο
2802 1217 2915 1277 τοῖς
2960 1213 3427 1285 προειλημμένοις
3465 1216 3584 1268 τινὶ

1994 1303 2102 1356 τῶν
2135 1304 2351 1357 ἀτόπων
2394 1307 2474 1367 εἰς
2510 1304 2571 1357 τὸ
2607 1304 2800 1375 μηκέτι
2834 1306 2892 1360 ἐν
2925 1303 3133 1368 τούτοις
3176 1304 3457 1373 γενέσθαι,
3498 1300 3583 1360 ὧν

327 1380 384 1434 Si
423 1381 535 1434 haec
561 1390 740 1434 autem
776 1380 846 1443 ita
876 1395 935 1434 se
961 1379 1180 1443 habent,
1224 1388 1277 1433 et
1314 1392 1433 1431 eam
1462 1391 1624 1447 quam
1659 1390 1757 1447 par
1790 1376 1890 1430 fuit.

2094 1395 2183 1450 τὸν
2223 1396 2441 1467 ἔλεγχον
2471 1383 2527 1452 ἐν
2556 1397 2786 1470 αἰσχύνῃ
2813 1398 3163 1468 ποιήσωνται.
3201 1397 3262 1451 Εἰ
3291 1396 3366 1467 ’δὴ
3399 1396 3582 1451 ταῦτα

328 1470 671 1526 aﬁectionem
701 1470 923 1525 verbum
955 1468 1215 1538 conjecit,
1267 1476 1326 1522 ut
1359 1476 1485 1539 pote
1515 1468 1659 1539 quod
1696 1468 1765 1523 ad
1798 1482 1892 1522 ca-

2079 1504 2167 1548 τως
2192 1486 2325 1557 ἔχοι,
2354 1488 2447 1541 καὶ
2470 1487 2678 1551 δέοντος
2707 1490 2736 1541 ό
2760 1468 2921 1555 λόγος
2947 1486 3040 1541 τοῦ
3072 1487 3276 1551 πάθους
3302 1504 3575 1541 κατεστο-

326 1561 500 1617 venda
526 1570 740 1632 peccata
773 1568 965 1615 natura
996 1562 1066 1615 sit
1100 1558 1343 1629 ingenita
1362 1558 1629 1629 ejusmodi
1654 1557 1889 1625 affectio,

329 1654 619 1707 honestum
652 1658 730 1705 est
778 1651 1092 1705 existimare
1144 1664 1267 1705 esse
1319 1649 1600 1720 prOprium
1636 1647 1894 1704 Ecclesiae

326 1742 736 1809 documentum,
784 1756 843 1796 se
880 1755 975 1811 per
1024 1748 1373 1811 peccatoi'um
1404 1738 1807 1796 confessionem
1839 1749 1894 1795 et

324 1834 753 1889 enuntiationem
783 1843 928 1887 recte
946 1847 1153 1903 gerere.
1177 1831 1279 1888 Per
1300 1832 1404 1887 hoc
1423 1832 1568 1887 enim
1591 1832 1715 1888 licet
1736 1847 1891 1889 suam

327 1928 561 1980 animam
602 1932 815 1980 armare
842 1925 1011 1979 armis
1048 1922 1291 1995 pudoris.
1323 1923 1442 1989 Quo
1472 1923 1635 1978 modo
1661 1925 1805 1978 enim
1844 1922 1891 1978 si

326 2021 451 2092 quis
480 2018 549 2074 ob
575 2016 984 2072 immoderatam
1014 2017 1310 2087 ingluviem
1336 2018 1600 2087 quosdam
1633 2018 1892 2075 humores

327 2119 593 2167 concoctu
628 2108 879 2165 difﬁciles
917 2110 971 2163 in
1011 2124 1069 2164 se
1107 2109 1409 2179 collegerit,
1440 2119 1495 2164 et
1527 2111 1722 2165 deinde
1767 2126 1892 2166 cum

327 2202 756 2259 inﬂammatione
798 2201 1089 2264 laboraret,
1138 2215 1338 2271 corpus
1389 2202 1629 2257 sectione
1666 2210 1721 2257 et
1759 2219 1893 2258 cau-

327 2297 467 2348 terio
498 2302 744 2347 curatum
778 2291 958 2357 fuerit,
992 2292 1241 2346 morbum
1282 2292 1447 2347 veluti
1470 2294 1759 2362 quemdam
1787 2309 1895 2364 p11:-

326 2387 598 2458 dagngum
650 2384 812 2437 habet
849 2383 915 2437 ad
946 2383 1240 2438 cavendam
1278 2382 1332 2436 in
1386 2391 1660 2450 posterum
1699 2384 1895 2439 intem-

330 2460 649 2551 perantiam,
686 2476 853 2545 utqui
878 2475 1108 2530 caulerii
1138 2474 1453 2529 cicatricem
1478 2475 1659 2530 videat
1690 2477 1741 2530 in
1774 2491 1895 2529 cor-

329 2583 479 2637 pore.
507 2565 581 2618 Ita
605 2566 696 2635 qui
722 2579 816 2634 per
836 2565 1173 2617 occultorum
1198 2563 1625 2618 enmniationem
1654 2565 1893 2634 seipsum

328 2656 496 2712 Veluti
534 2655 889 2725 prosepserit,
923 2653 1242 2707 memoriam
1285 2652 1534 2717 allectus,
1558 2670 1718 2724 quem
1752 2670 1897 2711 vere-

1994 1578 2198 1649 χάσατο
2216 1618 2231 1641 ,
2277 1578 2354 1641 ὼς
2370 1622 2377 1629 ι
2393 1578 2486 1631 ἐπὶ
2522 1577 2733 1648 φυλακῇ
2784 1576 2892 1631 τῶν
2936 1576 3428 1647 πλημμελημάτων
3468 1578 3578 1647 τῆς

1994 1667 2245 1737 τοιαύτης
2288 1665 2581 1730 διαθέσεως
2633 1665 2989 1736 ἐγγινομένης
3037 1668 3106 1737 τῇ
3153 1664 3315 1734 φύσει
3337 1705 3352 1727 ,
3403 1665 3578 1718 καλόν

1993 1760 2140 1811 ἐστιν
2184 1756 2312 1811 ἴδιον
2349 1756 2577 1829 μάθημα
2623 1758 2720 1828 τῆς
2776 1756 3099 1827 Ἐκκλησίας
3134 1755 3448 1827 ἡγήσασθαι
3514 1759 3580 1809 τὸ

1993 1847 2082 1902 διὰ
2108 1848 2207 1918 τῆς
2229 1845 2634 1918 ἐξαγορεύσεως
2657 1847 2766 1901 τῶν
2786 1845 3338 1918 πεπλημμελημένων
3364 1847 3585 1918 κατόρο.

1994 1938 2184 2010 θωμαο
2241 1939 2355 1995 ἐστι
2395 1939 2505 2011 γάρ
2546 1937 2636 1994 διὰ
2675 1938 2865 2004 τοῦτο,
2900 1941 2997 2009 τὴν
3030 1938 3445 2010 ἐαυτοῦμψυχὴν
3494 1939 3577 2009 τῷ

1994 2031 2092 2101 τῆς
2139 2029 2400 2101 αἰσχύνης
2435 2030 2584 2101 ὅπλῳ
2631 2031 3153 2099 κατασφαλίσασοαι.
3208 2033 3424 2104 Ὥσπερ
3459 2034 3578 2103 γὰρ

1996 2122 2049 2176 εί
2074 2140 2158 2187 τις
2184 2126 2247 2177 ὲκ
2275 2123 2609 2193 λαιμαργίας
2644 2123 2884 2194 ἀμέτρου
2914 2124 3259 2188 δυσπέπτους
3285 2126 3441 2187 τινὰς
3473 2143 3579 2194 χυο

1999 2215 2132 2285 μους
2168 2216 2225 2268 ἐν
2260 2214 2408 2284 αὑτῷ
2439 2215 2750 2287 συναγάγῃ,
2781 2210 2899 2267 εἶτα
2939 2216 2997 2270 έν
3023 2216 3300 2287 φλεγμονῇ
3336 2216 3575 2285 γενομέ-

1995 2322 2087 2358 νου
2132 2304 2226 2359 τοῦ
2275 2305 2528 2377 σώματος
2574 2310 2713 2377 τομῇ
2751 2308 2844 2361 καὶ
2883 2307 3151 2378 καυστῆρι
3207 2306 3577 2378 θεραπευθεὶς

1993 2399 2093 2467 τὴν
2130 2397 2303 2465 νόσον,
2332 2398 2581 2470 καθάπερ
2616 2398 2741 2454 τινὰ
2771 2399 3111 2468 παιδαγωγὸν
3139 2399 3275 2470 πρὸς
3300 2399 3402 2471 τὴν
3434 2402 3574 2453 ἀτα-

1998 2485 2117 2549 ξίαν
2145 2486 2257 2555 ἔχοι
2282 2486 2376 2540 τοῦ
2403 2487 2598 2558 ἐφεξῆς
2632 2487 2746 2557 βίου
2766 2530 2780 2555 ,
2809 2489 2907 2560 τήν
2948 2489 3109 2560 οὐλὴν
3135 2490 3229 2543 τοῦ
3260 2491 3577 2562 καυστῆρος

1996 2577 2089 2629 ἐπὶ
2125 2576 2218 2629 τοῦ
2251 2576 2499 2648 σώματος
2530 2578 2760 2647 βλέπων’
2800 2578 2970 2642 οὕτως
2998 2582 3027 2633 ό
3050 2580 3400 2652 στηλιτεύσας
3439 2583 3575 2635 ἑαυ-

1995 2665 2195 2739 τὸνδιὰ
2220 2666 2321 2735 τῆς
2342 2667 2449 2720 τῶν
2477 2669 2720 2739 κρυφίων
2750 2667 3184 2738 ἐξαγορεύσεως,
3212 2671 3313 2740 τὴν
3343 2672 3572 2744 μνήμην

335 2749 529 2802 cundia
570 2745 759 2808 movit,
796 2744 959 2798 habet
994 2758 1091 2813 pro
1121 2744 1413 2816 paedagogo
1454 2743 1519 2799 ad
1550 2746 1713 2800 vitam
1741 2745 1895 2802 dein-

2079 2755 2092 2806 i
2127 2754 2245 2809 κατ’
2280 2754 2539 2826 αἰσχύνην
2578 2756 2781 2820 πάθους
2814 2758 2949 2831 πρὸς
2984 2756 3077 2813 τὸν
3121 2760 3245 2831 ἑξῆς
3289 2743 3573 2832 παιδαγω-

332 2854 458 2909 ceps
490 2836 771 2909 agendam.

407 2928 530 2980 Haec
563 2937 690 2979 sunt
721 2941 843 2996 quae
866 2925 1029 2981 discit
1056 2923 1297 2978 Ecclesia
1318 2938 1412 2995 per
1446 2923 1587 2978 hanc
1613 2938 1735 2994 quae
1771 2938 1917 2979 nunc

343 3017 486 3071 facta
511 3027 593 3072 est
618 3016 932 3079 lectionem,
957 3028 1143 3069 eorum
1173 3028 1294 3083 quae
1325 3014 1529 3093 scripta
1566 3028 1693 3069 sunt
1721 3014 1776 3068 in
1808 3014 1916 3070 Εε-

335 3107 610 3161 clcsiaste.
646 3104 786 3159 Dicit
826 3094 974 3159 enim
1000 3104 1170 3159 libera
1204 3119 1356 3170 voce,
1386 3105 1516 3160 illud
1561 3106 1614 3160 in
1640 3106 1918 3177 publicum

338 3195 649 3265 proferens,
676 3203 730 3248 et
761 3194 816 3247 in
840 3194 1084 3248 omnium
1118 3195 1395 3250 hominum
1420 3202 1716 3264 conspectu
1750 3194 1917 3249 veluti

335 3285 654 3357 quamdam,
692 3286 746 3339 in
770 3300 877 3355 qua
916 3286 1183 3356 scriptum
1216 3294 1301 3340 est
1341 3285 1567 3356 aliquid,
1597 3288 1913 3343 columnam

338 3384 591 3432 statuens
621 3392 809 3431 eorum
837 3392 958 3447 quae
996 3377 1065 3432 ab
1098 3378 1217 3449 ipso
1256 3376 1398 3431 facta
1427 3387 1558 3433 sunt
1587 3378 1920 3435 enuntiatio-

339 3485 488 3534 nem,
517 3485 639 3540 quae
662 3470 932 3540 ejusmodi
953 3478 1101 3537 sunt,
1130 3477 1188 3525 ut
1205 3486 1267 3525 ea
1288 3470 1500 3526 nescire
1518 3480 1571 3526 et
1596 3470 1814 3526 silentio
1838 3479 1919 3527 te-

338 3574 465 3630 gere
493 3575 657 3630 quam
693 3559 875 3616 dicere
897 3561 968 3616 sit
992 3561 1306 3631 gloriosius.
1351 3562 1508 3616 Anne
1532 3572 1712 3617 autem
1752 3562 1918 3628 dicat,

336 3668 464 3706 cum
489 3668 551 3707 ea
579 3667 766 3707 revera
797 3651 1039 3719 fecisset,
1063 3668 1130 3707 an
1172 3653 1385 3725 ﬁngens
1419 3663 1642 3726 propter
1671 3665 1918 3711 nostram

339 3746 650 3810 utilitatem,
674 3755 732 3798 ut
752 3753 1157 3816 consequenter
1178 3744 1244 3799 ad
1290 3762 1517 3817 seupum
1550 3746 1921 3803 deducatora-

339 3838 565 3903 tionem,
591 3851 699 3891 non
720 3852 944 3906 possum
971 3852 1217 3893 asserere
1243 3852 1333 3894 :ea
1347 3847 1497 3894 certe
1511 3837 1667 3910 dicit,
1683 3853 1805 3910 qua:
1825 3839 1920 3909 qui

338 3932 600 3984 virtutem
628 3928 730 3982 sibi
756 3929 1032 3999 proponit,
1061 3945 1172 3985 non
1195 3929 1445 3986 lubenter
1475 3931 1790 3987 adsciverit.
1811 3929 1919 3986 Sed

1999 2842 2092 2911 γὸν
2119 2843 2321 2898 τίθεται
2348 2843 2480 2913 βίον.

2079 2926 2263 2980 Ταῦτα
2288 2927 2464 2981 τοίνυν
2487 2927 2654 2993 ἐστὶν,
2676 2927 2711 2982 ἃ
2737 2927 2824 2981 διὰ
2851 2929 2947 2998 τῆς
2970 2927 3064 2982 νῦν
3090 2928 3450 2999 ἀναγνώσεως
3469 2931 3583 2984 τῶν

2007 3019 2066 3074 ἐν
2133 3019 2213 3091 τῷ
2266 3018 2661 3091 Ἐκκλησιαστῇ
2721 3020 3124 3090 γεγραμμένων
3184 3022 3218 3091 ἡ
3281 3021 3581 3093 Ἐκκλησία

2008 3107 2340 3162 παιδεύεται.
2367 3107 2529 3177 Λέγει
2578 3108 2688 3179 γὰρ
2722 3108 2979 3181 ἐλευθέρᾳ
3041 3113 3192 3180 φωνῇ
3238 3111 3581 3181 δημοσιεύων

2008 3199 2205 3263 ἐκεῖνο,
2241 3196 2336 3252 καὶ
2364 3198 2455 3250 ἐπὶ
2467 3196 2683 3252 πάντων
2705 3197 3007 3268 ἀνθρώπων
3037 3199 3285 3271 καθάπερ
3306 3200 3429 3255 τινὰ
3458 3203 3582 3272 στή-

2008 3288 2109 3361 λην
2136 3289 2410 3361 ἔγγραφον
2453 3288 2726 3352 ἀνατιθεὶς
2758 3290 2855 3359 τὴν
2896 3290 3004 3343 τῶν
3032 3293 3414 3363 γεγενημένων
3448 3296 3580 3365 παρ’

2009 3381 2173 3435 αὑτοῦ
2202 3381 2573 3452 ἐξαγόρευσιν,
2606 3381 2641 3435 ἃ
2675 3381 2899 3436 τοιαῦτά
2926 3384 3093 3446 ἐστιν,
3129 3383 3203 3447 ὡς
3229 3383 3327 3454 τὴν
3355 3385 3582 3447 ἄγνοιαν

2008 3472 2186 3530 αὐτῶν
2223 3474 2316 3528 καὶ
2345 3472 2443 3544 τὴν
2462 3473 2669 3544 σιωπήν
2700 3467 2839 3527 εἶναι
2871 3473 2966 3529 τού
3010 3475 3170 3543 λόγου
3210 3476 3578 3547 ἐνδοξοτέραν.

2008 3565 2168 3635 Λέγει
2191 3564 2327 3629 δὲ,εἰ
2363 3563 2462 3634 μὲν
2490 3563 2701 3634 άληθῶς
2734 3566 3051 3636 πεποιηκὼς
3075 3562 3131 3637 ᾖ,
3158 3566 3329 3619 ταῦτα
3366 3568 3458 3622 διὰ
3479 3569 3580 3641 τὴν

2009 3656 2281 3728 ἡμετέραν
2301 3655 2566 3724 ὠφέλειαν
2596 3656 2987 3727 πλασσόμενος,
3018 3659 3103 3726 ἐφ’
3126 3651 3171 3725 ᾧ
3193 3675 3253 3712 τε
3273 3658 3340 3711 δι’
3354 3660 3582 3713 ἀκολού-

2010 3745 2103 3799 θου
2132 3745 2221 3798 τὸν
2244 3744 2397 3812 λόγον
2424 3745 2558 3815 πρὸς
2589 3745 2678 3799 τὸν
2716 3746 2915 3800 σκοπὸν
2947 3746 3289 3819 διαπεράναι,
3327 3750 3429 3803 οὐκ
3471 3750 3582 3822 ἔχω

2008 3836 2166 3891 τοῦτο
2189 3835 2304 3906 μετ’
2328 3835 2609 3905 ἀκριϐείας
2637 3839 2837 3893 εἰπεῖν·
2864 3837 3010 3905 λέγει
3031 3838 3077 3892 δ’
3108 3835 3201 3893 οὖν
3231 3840 3379 3911 ὅμως
3406 3842 3579 3896 ταῦτα

2010 3922 2090 3989 οἷς
2151 3925 2251 3977 οὐκ
2301 3923 2367 3979 ἂν
2396 3926 2425 3977 ὸ
2458 3925 2592 3997 πρὸς
2645 3926 2847 3997 ἀρετὴν
2885 3925 3097 3997 βλέπων
3150 3929 3415 3993 ἑκουσίως
3453 3947 3581 3983 συν-

338 4037 407 4075 an
433 4028 583 4075 certo
599 4019 836 4074 consilio
863 4035 984 4090 quae
1009 4036 1118 4074 non
1143 4020 1287 4076 facta
1321 4030 1451 4077 sunt
1488 4031 1746 4093 tanquam
1774 4021 1901 4078 facta

2079 4014 2282 4086 εχθείη.
2309 4014 2446 4068 Ἀλλ’
2471 4016 2579 4068 εἴτε
2602 4016 2913 4088 οἰκονομίας
2938 4019 3097 4090 χάριν
3112 4019 3178 4072 τὰ
3193 4020 3266 4091 μὴ
3288 4022 3575 4091 γενόμενα,

340 4111 691 4182 prosequitur
720 4120 774 4166 et
810 4111 1176 4182 reprehendit,
1200 4120 1260 4166 ut
1281 4112 1374 4183 qui
1397 4128 1460 4169 ea
1481 4113 1555 4169 sit
1583 4125 1842 4184 expertus
1860 4130 1901 4169 ui

2079 4104 2366 4175 ςγεγονότα
2411 4104 2649 4171 διέξεισι,
2701 4106 2795 4160 καὶ
2846 4112 3142 4179 κατηγορεῖ
3186 4108 3262 4171 ὡς
3317 4109 3378 4162 ἐν
3417 4109 3580 4181 πείρᾳ

339 4207 490 4276 prius
517 4218 680 4274 quam
715 4217 904 4258 eorum
939 4201 1206 4258 faciamus
1234 4203 1561 4273 periculum,
1590 4219 1777 4259 eorum
1798 4219 1921 4276 quae

340 4294 816 4362 reprehenduntur
828 4293 1063 4349 vitemus
1082 4292 1441 4359 desiderium,
1464 4309 1534 4349 an
1549 4294 1737 4350 volens
1752 4296 1819 4350 ad
1835 4297 1921 4352 his

339 4384 632 4440 fruendum
656 4401 715 4440 se
739 4385 1044 4451 demiserit,
1068 4392 1127 4439 ut
1160 4385 1324 4441 etiam
1350 4400 1447 4456 per
1479 4399 1569 4441 res
1613 4385 1922 4442 contrarias

339 4493 472 4532 suos
492 4493 692 4532 sensus
710 4487 1011 4544 exerceret,
1033 4479 1195 4533 liceat
1213 4478 1419 4533 volenti
1444 4492 1606 4547 quam
1623 4478 1753 4535 velit
1773 4479 1841 4535 de
1855 4495 1921 4535 ea

341 4585 401 4623 re
434 4570 613 4623 facere
637 4569 1033 4638 conjecturam.
1065 4568 1123 4624 Si
1152 4571 1276 4640 quis
1302 4579 1487 4624 autem
1512 4570 1661 4624 dicat
1685 4585 1811 4624 eum
1843 4585 1926 4624 reo

338 4675 471 4716 vera
496 4673 684 4714 eorum
709 4675 832 4731 qua:
850 4659 1100 4730 jucunda
1118 4671 1247 4717 sunt
1273 4660 1472 4716 fecisse
1492 4658 1823 4729 periculum,
1842 4658 1924 4714 sic

341 4752 742 4810 existimamus.
792 4750 912 4818 Quo
948 4749 1110 4804 modo
1150 4748 1294 4803 enim
1347 4744 1441 4815 qui
1483 4745 1648 4799 maris
1686 4744 1909 4812 proluu-

342 4847 471 4901 dum
505 4845 761 4910 subeunt,
791 4851 846 4896 et
878 4843 932 4896 in
968 4838 1136 4894 fundo
1167 4836 1335 4891 maris
1362 4838 1632 4905 quarunt,
1663 4847 1730 4885 an
1769 4830 1911 4886 forte

343 4939 581 5008 aliquam
620 4934 867 4991 invenire
897 4935 1109 5004 possint
1157 4928 1530 4998 margaritam,
1578 4934 1671 4979 aut
1702 4924 1909 4994 aliquid

341 5028 488 5084 aliud
539 5028 684 5098 quod
728 5025 971 5081 nascitur
1009 5024 1062 5076 in
1116 5019 1407 5091 profundo,
1458 5016 1657 5088 quibus
1704 5016 1908 5070 nullam

342 5118 559 5188 quidem
607 5119 936 5187 voluptatem
986 5111 1141 5167 affert
1178 5126 1298 5181 qua:
1332 5109 1434 5162 sub
1473 5123 1611 5177 aqua
1654 5116 1737 5162 est
1775 5106 1910 5160 ami-

340 5213 470 5276 ctio,
509 5212 601 5266 sed
649 5224 776 5281 spes
827 5206 963 5261 lucri
1001 5203 1201 5268 effecit,
1257 5210 1315 5256 ut
1374 5217 1432 5255 se
1482 5200 1533 5253 in
1575 5196 1905 5268 profundum

342 5305 721 5369 immergerent
752 5318 766 5356 :
799 5299 873 5354 ita
908 5299 955 5353 si
1003 5297 1058 5351 in
1094 5296 1180 5351 his
1213 5301 1460 5349 versatus
1504 5301 1587 5347 est
1622 5288 1903 5356 Solomon,

2009 4197 2314 4266 γενόμενος,
2343 4195 2430 4250 ἳνα
2454 4197 2612 4269 ἡμεῖς
2658 4196 2765 4268 πρὸ
2804 4199 2902 4269 τῆς
2929 4200 3124 4270 πείρας
3156 4197 3265 4269 τὴν
3297 4198 3406 4252 τῶν
3448 4217 3580 4253 κατε

2009 4283 2361 4355 ηγορημένων
2387 4282 2679 4355 ἐπιθυμίαν
2703 4285 3059 4357 ἐκκλίνωμεν,
3091 4285 3201 4340 εῐτε
3218 4287 3312 4341 καὶ
3338 4287 3579 4359 καθῆκεν

2010 4373 2199 4426 ἐαυτὸν
2219 4374 2481 4437 ἑκουσίως
2514 4374 2648 4444 πρὸς
2694 4375 2792 4445 τὴν
2822 4375 2930 4429 τῶν
2974 4377 3229 4432 τοιούτων
3253 4380 3575 4450 ἀπόλαυσιν,

2008 4462 2149 4517 ὥστε
2197 4464 2290 4517 καὶ
2337 4463 2405 4518 τὰ
2464 4465 2792 4537 αἰσθητήρια
2832 4466 3026 4520 ἐαυτοῦ
3071 4468 3159 4523 διὰ
3193 4470 3303 4524 τῶν
3322 4473 3577 4528 ἐναντίων

2010 4553 2304 4622 γυμνάσαι,
2357 4553 2666 4622 προκείσθω
2704 4558 2822 4609 κατ’
2868 4556 3115 4623 ἐξουσίαν
3142 4561 3220 4632 τῷ
3247 4562 3576 4636 βουλομένῳ,

2012 4644 2094 4712 ἐφ’
2115 4644 2248 4715 ὅπερ
2268 4642 2333 4696 ἂν
2354 4643 2513 4715 ἐθέλῃ
2532 4645 2622 4696 τὸν
2644 4648 2947 4719 στοχασμὸν
2967 4651 3138 4718 άγειν.
3163 4653 3226 4706 Et
3259 4654 3315 4706 δέ
3332 4671 3417 4719 τις
3434 4655 3579 4726 λέγοι

2009 4734 2087 4806 τῷ
2119 4735 2230 4789 ὄντι
2272 4735 2593 4806 γεγενῆσθαι
2636 4739 2694 4789 ἐν
2724 4742 2788 4809 τῇ
2821 4739 2930 4794 τῶν
2966 4741 3137 4812 ἡδέων
3192 4745 3378 4817 πείρᾳ,
3409 4746 3580 4813 οὕτως

2012 4827 2486 4898 ὑπολαμϐάνομεν.
2534 4830 2799 4900 Καθάπερ
2823 4832 2932 4902 γὰρ
2971 4834 3020 4884 oi
3050 4835 3143 4887 ἐπὶ
3175 4835 3268 4887 τὸν
3294 4836 3455 4906 βυθὸν
3482 4840 3578 4910 τῆς

2012 4921 2280 4989 θαλάττης
2309 4918 2579 4991 δυόμενοι,
2627 4923 2720 4976 καὶ
2749 4922 3130 4994 διερευνῶντες
3156 4928 3214 4980 ὲν
3239 4926 3316 4997 τῷ
3348 4929 3577 5000 πυθμένι
3609 4980 3613 4984 .

2009 5010 2102 5064 τοῦ
2154 5010 2363 5077 ὓδατος,
2409 5010 2462 5063 εἴ
2505 5011 2606 5064 πού
2664 5028 2786 5066 τινα
2838 5015 3182 5088 μαργαρίτην
3218 5016 3496 5091 stipat.st
3525 5038 3577 5074 τι

2010 5101 2136 5156 ἄλλο
2153 5100 2391 5155 τοιοῦτον
2410 5101 2516 5157 τῶν
2538 5105 2596 5156 ἐν
2623 5102 2769 5175 βυθῷ
2787 5108 3136 5177 τικτομένων,
3166 5103 3245 5173 οἷς
3274 5110 3466 5184 ἡδονήν
3484 5113 3578 5182 μὲν

2010 5194 2265 5265 οὐδεμίαν
2291 5198 2324 5264 ἠ
2359 5196 2462 5249 ὑπὸ
2510 5197 2573 5251 τὸ
2614 5198 2758 5271 ὕδωρ
2784 5201 3127 5276 ταλαιπωρία
3151 5206 3328 5276 φέρει,
3350 5210 3384 5280 ή
3409 5207 3465 5262 δέ
3484 5208 3577 5264 τοῦ

2012 5286 2233 5358 κέρδους
2258 5286 2411 5351 ἐλπὶς
2436 5287 2648 5359 βυθίους
2680 5293 2938 5364 ἐποίησεν
2962 5312 2975 5326 ·
3003 5295 3175 5360 οὕτως
3217 5299 3266 5352 εί
3297 5298 3517 5368 γέγονεν
3550 5302 3581 5353 ὁ

405 5438 485 5503 (ιλ)
529 5434 709 5487 Locus
747 5449 814 5503 ex
874 5447 1007 5503 mss.
1046 5430 1159 5503 sic
1188 5430 1528 5503 supplendas
1558 5433 1696 5503 rugo.
1738 5432 1792 5503 ἀ.
1819 5432 1901 5483 Ma

2079 5431 2138 5503 ié_
2150 5431 2482 5503 κυριώτερον
2513 5431 2578 5485 ἄν
2604 5448 2690 5495 τις
2716 5430 2995 5486 καθίκοιτο
3027 5430 3127 5501 τῆς
3154 5431 3264 5503 τῷν
3297 5430 3577 5503 ὀνομάτων

331 5498 623 5575 ἐμφάσεως
669 5502 858 5575 εἰπὼν,
901 5501 1160 5575 αἰσχύνην
1189 5498 1497 5575 -μὲνλεῖναι
1519 5501 1631 5575 τὴν
1653 5498 1803 5571 ’μετὰ
1830 5502 2046 5575 Μπράξιν
2072 5500 2180 5554 τῶν
2210 5498 2676 5575 κατεγνωσμένων
2701 5498 3095 5575 ἐπιγινομένην
3120 5499 3298 5575 -αίδῲ,
3330 5498 3475 5575 λαίδὼ
3505 5501 3580 5575 δέ.

331 5569 471 5630 κατὰ
504 5574 564 5623 τὸ
589 5572 943 5644 ἀντίστροφον
970 5572 1066 5644 τὴν
1238 5571 1347 5644 ,τοῦ
1405 5569 1678 5644 γενέσθαι
1698 5588 1748 5623 τι
1787 5569 1906 5644 τῶν
1935 5569 2397 5644 κατεγνωσμένων
2439 5569 2701 5643 αἰσχύνην
2727 5569 2896 5644 δι’ἧς
2998 5569 3146 5641 ᾁρμὴ
3180 5572 3288 5625 τῶν
3322 5572 3581 5644 ἀπρεπῶν

332 5645 723 5699 ἀνακόπτεται.
752 5640 930 5694 Δείκν.
967 5640 1114 5697 δεμ..
1152 5640 1340 5696 παθῶν
1372 5641 1578 5694 τούτων
1604 5640 1919 5711 διαφορά,κ.
1945 5659 1993 5695 τ.
2025 5641 2072 5693 λ.
2115 5640 2268 5696 Ιίιῑιτ.
2298 5676 2309 5683 ρ
