3738 5984
199 170 291 228 655

1245 168 1311 223 IN
1355 165 1881 224 ECCLESMSTEN.
1922 166 2203 223 "OMILIA
2240 168 2320 227 Ill.

3311 162 3417 225 65$

194 281 426 353 Σολομὼν
469 282 528 336 ἐν
579 280 806 346 τούτοις,
857 279 1074 346 πάντως
1112 279 1301 353 ὥσπερ
1343 297 1429 345 τις
1463 280 1571 334 τῶν
1608 277 1743 333 κατὰ

1918 281 2070 336 mino
2103 294 2162 338 ut
2204 282 2475 353 quispiam
2510 296 2575 337 ex
2625 282 2693 338 iis
2735 256 2829 353 qui
2878 299 3147 355 purpuras
3188 284 3242 340 in
3269 287 3417 353 mari

193 374 445 429 θάλατταν
492 372 964 445 πορφυρευόντων,
1022 371 1213 425 ἑαυτὸν
1259 370 1428 425 ἔδωκε
1475 372 1541 442 τῇ
1572 371 1747 440 τρυφῇ

192 464 502 537 ὐποσρύχιον
521 479 537 496 ⁸
581 464 681 518 οὐκ
710 464 797 532 ἐφ’
817 457 922 532 ᾧτε
947 462 1394 533 καταπλησθῆναι
1421 461 1522 533 τῆς
1551 461 1748 516 θαλατ-

190 557 296 620 τίας
330 555 529 626 ἅλμης,
584 554 763 625 ἅλμην
799 554 858 609 δὲ
903 554 1047 623 λέγω
1070 553 1181 632 ’τὴν
1208 553 1401 624 ἡδονήν
1422 569 1438 586 ⁸
1481 550 1617 608 ἀλλὰ
1653 550 1747 607 τοῦ

191 645 406 716 ζητῆσαι
434 645 490 699 τί
520 647 587 715 τῇ
620 644 829 715 διανοίᾳ
860 646 1128 715 χρήσιμον
1152 647 1211 698 ὲν
1234 643 1312 714 τῷ
1335 642 1561 714 τοιούτῳ
1583 641 1745 712 βυθῷ.

190 740 455 811 Χρήσιμον
479 737 524 792 δ’
555 738 621 792 ἂν
669 736 755 807 εἴη
788 737 876 792 διὰ
906 736 1015 791 τῶν
1060 734 1316 789 τοιούτων
1341 735 1745 807 εὑρισκόμενον,

191 829 317 883 κατά
336 840 415 897 ’γε
437 828 528 882 τὸν
557 828 1088 899 ὲμδνμστοχασμὺνή
1119 828 1181 881 τὸ
1209 824 1360 899 άμσλ
1371 826 1498 883 ῦναι,
1526 824 1627 889 τὰς
1652 823 1746 878 τοῦ

191 919 424 991 σώματος
471 920 667 992 ὁρμὰς,
725 921 815 976 διὰ
846 918 941 974 τοῦ
971 918 1249 991 προθεῖναι
1279 920 1404 972 κατ’
1446 917 1696 984 ἐξουσίαν
1718 915 1748 968 ὃ

190 1010 442 1083 βούλεται.
496 1010 640 1082 Πρὸς
687 1011 796 1081 γάρ
844 1010 906 1064 τὸ
935 1010 1279 1082 κωλυόμενον
1315 1008 1748 1080 φιλονεικοτέρας

188 1104 265 1158 ἀεὶ
287 1102 385 1166 τὰς
418 1090 658 1174 κινήσεῖς
703 1104 737 1173 ἡ
781 1102 942 1173 φύσις
971 1102 1102 1174 ἔχει.
1135 1103 1292 1156 Ἤτοι
1318 1101 1412 1156 τοῦ
1435 1100 1744 1168 ἀξιοπίστου

188 1194 353 1265 χάριν,
416 1196 473 1248 ὲν
522 1193 730 1258 τούτοις
750 1192 964 1261 γίνεται
1004 1196 1035 1247 6
1076 1192 1415 1256 διδάσκαλος,
1440 1192 1517 1256 ὡς
1549 1191 1744 1263 μηκέτι

187 1287 287 1347 τοῖς
304 1282 612 1355 ἀνθρώποις
632 1282 912 1338 ἄσπαστδν
939 1282 1261 1355 νομισθῆναι
1299 1283 1362 1337 τὸ
1401 1298 1748 1354 καταπεφρο-

187 1374 402 1446 νημένον
432 1376 662 1445 πρᾶγμα
684 1375 789 1429 ὑπὸ
821 1373 915 1428 τοῦ
942 1372 1031 1428 διά
1051 1374 1153 1444 τῆς
1192 1373 1388 1445 πείρας
1412 1371 1746 1443 διδαχθέντος

185 1466 240 1520 τὸ
288 1465 533 1537 μάταιον.
583 1465 691 1524 Καὶ
741 1466 850 1538 γὰρ
899 1465 997 1520 καὶ
1042 1466 1168 1528 τοὺς
1224 1464 1441 1536 ἰατρούς
1478 1480 1642 1532 φασιν
1686 1463 1746 1517 ὲν

186 1557 365 1628 ἐκείνῳ
421 1555 724 1627 κατορθοῦν
755 1556 856 1626 τὴν
900 1555 1116 1626 τέχνην,
1147 1550 1209 1609 οῦ
1253 1555 1320 1610 ἂν
1347 1554 1436 1609 διὰ
1461 1554 1570 1609 τῶν
1600 1554 1745 1607 ἰδίων

186 1617 440 1720 σωμάτων
485 1617 730 1712 τὸεῖδος
779 1617 879 1719 τῆς
916 1617 1225 1719 ἀρρωστίας
1278 1646 1605 1716 γνωρίσωσι,
1650 1644 1745 1703 καὶ
1775 1617 1818 1675 Β

184 1739 566 1811 ἀσφαλέστεροι
597 1739 706 1792 τῶν
720 1738 975 1793 τοιούτων
996 1739 1231 1808 γίνονται
1254 1738 1318 1793 σύ
1327 1737 1547 1809 μύουλοί
1569 1754 1627 1790 τε
1648 1736 1744 1790 καὶ

181 1829 524 1902 θεραπευταὶ,
545 1824 620 1884 ὧν
645 1830 734 1887 διὰ
761 1831 855 1884 τοῦ
886 1830 1394 1902 προθεραπευθῆναι
1419 1830 1517 1900 τὴν
1546 1829 1744 1898 γνῶσιν

183 1918 341 1992 εῐχον·
367 1923 481 1993 ὅσῳ
499 1921 576 1993 τῷ
601 1922 714 1993 ίδίιρ
748 1920 910 1979 πάθει
944 1921 1425 1992 προεδιδάχθησαν.

250 2015 475 2085 Ἴδωμεν
494 2013 672 2067 τοίνυν
690 2013 742 2066 τί
768 2013 934 2081 λέγει,
953 2013 1276 2069 πεπονθέναι
1297 2013 1373 2083 τῷ
1405 2011 1526 2066 καθ’
1555 2011 1743 2067 ἑαυτὸν

182 2104 290 2176 βίῳ,
313 2108 341 2159 6
370 2105 467 2158 τὸν
496 2105 765 2175 ἡμέτερον
793 2104 1056 2174 ἰατρεύων
1094 2104 1227 2174 βίον.
1264 2123 1283 2156 ι
1327 2103 1686 2175 Ἐμεγάλυνα,
1718 2122 1737 2155 ι

181 2196 323 2266 φησι,
360 2214 378 2247 ι
412 2193 629 2265 ποίημά
661 2212 785 2263 μου,
832 2194 1156 2265 ᾠκοδόμησα
1195 2193 1393 2257 οἴκους.
1436 2213 1454 2245 ι
1480 2193 1656 2257 Εὐθὺς
1680 2194 1743 2247 ὲκ

182 2282 510 2354 κατηγορίας
558 2283 588 2334 6
637 2282 792 2350 λόγος
842 2281 1089 2352 ἄρχεται.
1124 2283 1199 2337 Οὐ
1257 2283 1367 2354 γάρ
1392 2288 1453 2336 το
1478 2281 1574 2335 τοῦ
1608 2281 1743 2336 Θεοῦ

182 2373 380 2443 ποίημά
406 2389 594 2442 φησιν,
629 2373 765 2443 ὅπερ
784 2372 902 2442 εἰμὶ
953 2373 1084 2441 ἐγὼ,
1114 2373 1249 2427 ἀλλὰ
1279 2362 1341 2426 τό
1378 2372 1510 2444 ἐμὸν
1543 2374 1743 2444 ἐμεγά-

178 2461 323 2519 λυνα.
367 2464 533 2535 Ἐμὸν
561 2463 784 2534 ποίημα·
804 2462 961 2516 οὐδέν
987 2465 1133 2517 ἐστιν
1164 2463 1310 2529 ἄλλο,
1337 2464 1370 2535 ἢ
1403 2465 1540 2537 ὅπερ
1563 2467 1628 2535 τῇ
1655 2466 1742 2518 αίο

180 2551 356 2623 σθήσεὶ
387 2555 492 2625 τὴν
509 2553 701 2624 ἡδονὴν
751 2551 924 2622 φέρει.
959 2553 1118 2605 Ἔστι
1158 2552 1216 2606 δὲ
1248 2551 1407 2606 τοῦτο
1427 2552 1486 2606 τὸ
1512 2553 1741 2623 ποίημα,

175 2643 249 2713 τῷ
273 2645 369 2715 μὲν
401 2643 606 2714 γενικῷ
633 2643 776 2714 λόγῳ
801 2643 882 2709 ἓν,
905 2646 970 2716 τῇ
993 2644 1051 2698 δὲ
1083 2643 1221 2698 κατὰ
1245 2643 1442 2696 λεπτὸν
1463 2643 1742 2715 διαιρέσει,

178 2739 252 2799 είς
280 2737 449 2791 πολλὰ
497 2739 615 2800 ταῖς
647 2736 744 2807 τῆς
771 2737 982 2807 τρυφῆς
1023 2735 1233 2808 χρείαις
1271 2734 1744 2805 καταναγκάζεται

178 2829 509 2900 μερίζεσθαι.
528 2828 633 2882 Τὸν
663 2827 773 2899 γὰρ
795 2827 943 2893 ἅπαξ
991 2827 1144 2891 ἐντὸς
1165 2827 1264 2896 τῆς
1293 2825 1425 2898 ῦλης
1453 2826 1546 2880 τοῦ
1582 2825 1743 2896 βυθοῦ

176 2921 480 2994 γινόμενον,
546 2919 763 3019 ἀνάγκη
818 2920 966 2973 πᾶσα
1013 2917 1315 2988 πανταχόσε
1344 2916 1435 2971 τὸν
1470 2917 1745 2989 ὀφθαλμὸν
1771 2956 1817 3019 C

172 3013 472 3082 περιάγειν,
498 3010 620 3065 ὅθεν
640 3009 706 3064 ἂν
733 3005 1010 3082 ᾖδυνατον
1038 3009 1226 3080 ἡδονὴν
1255 3010 1541 3080 ὲκφυῆναι.
1557 3009 1745 3064 Καθά-

175 3124 275 3177 περ
308 3108 418 3179 γὰρ
448 3111 517 3161 ὲκ
546 3108 672 3177 μιᾶς
708 3106 888 3176 πηγῆς
920 3104 1159 3175 πολλαχῆ
1188 3104 1278 3158 διὰ
1316 3104 1748 3176 σωλήνωνόχετ-

178 3201 387 3268 ηγεῖται
426 3199 493 3252 τὸ
524 3196 689 3268 ὕδωρ,
749 3197 845 3250 καὶ
882 3196 1036 3249 οὐδὲν
1072 3189 1232 3266 ἦττον
1285 3195 1318 3267 ἢ
1349 3196 1409 3249 τὸ
1443 3195 1585 3266 ὕδωρ
1609 3198 1745 3261 ἐστὶ,

172 3287 229 3341 τὸ
255 3290 316 3341 ὲκ
341 3290 439 3360 τῆς
467 3288 651 3359 πηγῆς
683 3286 1056 3358 μεριζόμενον,
1100 3286 1201 3341 κᾶν
1253 3288 1310 3339 έν
1346 3287 1559 3361 μυρίοις
1584 3305 1748 3359 κρουο

170 3381 274 3443 νοϊς
310 3380 467 3451 τύχοι
528 3379 682 3451 ῥέον·
722 3377 864 3430 οὕτω
908 3377 1006 3448 μία
1039 3379 1104 3447 τῇ
1145 3376 1304 3446 φύσει
1340 3373 1475 3434 οὖσα
1504 3380 1538 3448 ἡ
1565 3378 1748 3450 ἡδονὴ,

170 3469 338 3533 ἄλλως
368 3469 466 3524 καὶ
494 3467 672 3531 ἄλλως
702 3469 761 3522 ὲν
792 3469 912 3530 ταῖς
941 3467 1051 3520 τῶν
1087 3467 1533 3539 ἐπιτηδευμάτων
1558 3468 1749 3537 διαφο-

171 3562 287 3631 ρατς
311 3559 625 3615 ὑπονοοῦσα
652 3559 765 3631 ῥέει
795 3556 1094 3628 πανταχοῦ,
1127 3561 1247 3623 ταῖς
1270 3559 1364 3613 τοῦ
1399 3559 1513 3631 βίου
1541 3561 1751 3631 χρείαις

171 3652 364 3722 ἑαυτὴν
405 3651 826 3719 συνεισάγουσα,
855 3644 982 3704 Οἷον
1005 3651 1033 3702 6
1063 3649 1174 3719 βίος
1201 3650 1504 3718 ἀναγκαίαν
1527 3651 1750 3720 ἐποίησε

168 3743 229 3813 τῇ
260 3742 418 3813 φύσει
475 3742 580 3813 τὴν
611 3742 821 3812 οἶκησιν
842 3759 857 3781 σ
890 3739 1278 3812 ἀσθενέστερον
1304 3740 1412 3812 γὰρ
1444 3740 1659 3811 πέφυκε
1688 3741 1751 3794 τὸ

170 3831 529 3902 ἀνθρώπινον,
550 3831 585 3902 ἢ
602 3830 743 3884 ὥστε
767 3829 866 3892 τὰς
893 3831 955 3882 ἐκ
982 3828 1076 3882 τοῦ
1094 3828 1330 3894 θάλπους
1351 3847 1408 3883 τε
1435 3831 1528 3884 καὶ
1553 3829 1751 3901 κρύους

166 3922 478 3995 ἀνωμαλίας
521 3924 730 3992 φέρειν.
761 3921 938 3992 Μέχρι
971 3921 1161 3974 τούτου
1208 3922 1237 3974 ό
1288 3918 1433 3986 οἶκος
1471 3920 1584 3990 ἔχει
1614 3920 1749 3991 πρὸς

167 4020 260 4090 τὴν
291 4020 438 4090 ζωὴν
460 4020 526 4073 τὸ
554 4016 848 4088 ὠφέλιμον,
885 4014 1021 4069 ἀλλὰ
1052 4014 1113 4069 τὸ
1129 4014 1417 4087 παρελθεῖν
1439 4015 1563 4079 τοὺς
1592 4016 1749 4087 ὅρους

167 4108 262 4180 τῆς
287 4111 480 4183 χρείας
513 4111 548 4180 ὴ
578 4108 738 4179 ἡδονὴ
768 4106 857 4159 τὸν
890 4103 1175 4176 ἄνθρωπον
1205 4104 1480 4160 ἐϐιάσατο.
1517 4107 1606 4170 Ὠς
1640 4106 1750 4177 γὰρ

165 4203 281 4274 οὐχὶ
306 4204 529 4275 σώματι
574 4202 635 4255 τὸ
659 4199 913 4272 χρειῶδες
943 4197 1202 4270 πορίζων,
1242 4198 1376 4252 ἀλλὰ
1405 4201 1516 4263 τοῖς
1553 4198 1750 4268 ὀφθαλ-

1850 382 2138 438 venantur,
2192 374 2432 445 seipsum
2488 373 2756 429 immersit
2807 374 2860 429 in
2900 376 3165 433 delicias:
3197 391 3306 432 non
3357 387 3420 432 ut

1851 465 2062 519 marina
2110 464 2427 535 impleretur
2474 464 2754 534 salsugine
2803 484 2817 520 :
2861 466 3190 536 salsuginem
3236 474 3419 522 autem

1850 558 1972 611 dico
2005 557 2366 626 voluptatem:
2391 555 2486 614 sed
2518 564 2578 612 ut
2610 564 2877 627 quaereret
2908 557 3036 628 quid
3076 558 3131 612 in
3163 558 3265 612 hoc
3295 574 3419 628 pro-

1850 642 2022 701 tundo
2044 647 2227 702 animo
2261 646 2334 702 sit
2365 648 2517 703 utile.
2545 646 2689 704 Utile
2723 657 2902 704 autem
2933 655 3017 705 est
3058 649 3202 719 quod
3232 664 3329 719 per
3356 662 3419 704 ea

1851 733 2167 799 invenitur,
2228 745 2288 790 ut
2339 751 2461 791 mea
2500 737 2720 806 quidem
2775 745 2860 795 est
2905 737 3225 807 conjectura
3256 775 3273 803 ,
3327 748 3423 793 aut

1850 827 2140 882 retundere
2172 828 2416 899 corporis
2446 829 2830 898 appetitiones,
2873 837 3161 900 propterea
3191 828 3337 901 quod
3367 831 3418 887 ei

1848 920 2108 990 objicitur
2159 919 2213 975 id
2255 921 2402 992 quod
2456 920 2732 977 desiderat
2774 939 2790 976 :
2834 921 2902 977 ad
2954 922 3007 977 id
3068 922 3213 978 enim
3270 922 3419 994 quod

1846 1019 2065 1067 vetatur
2091 1026 2306 1081 semper
2329 1011 2764 1069 vehementiores
2797 1021 2976 1070 motus
3001 1013 3166 1070 habet
3197 1013 3422 1071 natura:

1848 1111 1943 1157 aut
1973 1109 2032 1157 ut
2069 1102 2139 1159 sit
2170 1102 2272 1159 nde
2305 1104 2503 1173 dignus
2535 1104 2587 1158 in
2620 1104 2707 1160 his
2749 1112 2998 1160 versatur
3029 1107 3309 1176 magister,
3348 1120 3420 1159 ne

1847 1194 2081 1264 amplius
2118 1193 2185 1249 ab
2212 1193 2526 1250 hominibus
2565 1204 2854 1251 censeatur
2895 1195 3197 1264 expetenda
3238 1211 3326 1252 res
3354 1211 3418 1251 ea

1847 1301 1969 1358 quae
2015 1287 2086 1342 ab
2144 1301 2210 1343 eo
2254 1285 2355 1342 l‘uit
2392 1298 2721 1357 contempta,
2767 1289 2860 1359 qui
2912 1288 3246 1360 experientia
3285 1289 3421 1343 dicit

1810 1416 1819 1432 ι
1846 1392 2010 1448 quam
2038 1377 2111 1434 sit
2141 1392 2299 1434 vana.
2346 1377 2476 1433 Nam
2510 1380 2748 1436 medicos
2773 1396 2989 1451 quoque
3020 1382 3203 1436 ferunt
3242 1381 3332 1435 illa
3365 1383 3417 1435 in

1845 1485 1907 1526 re
1929 1485 1988 1526 se
2018 1470 2222 1540 Optime
2259 1486 2324 1525 ex
2357 1477 2472 1524 arte
2505 1486 2715 1540 gerere,
2755 1472 2912 1541 cujus
2946 1472 3123 1527 morbi
3158 1487 3329 1543 genus
3364 1472 3418 1525 in

1849 1561 1967 1617 suis
1996 1570 2370 1632 cognoverunt
2423 1563 2744 1633 corporibus
2778 1563 2885 1618 :de
2932 1563 3109 1632 iisque
3151 1563 3322 1618 tutius
3367 1574 3422 1617 et

1849 1651 1983 1706 dant
2032 1651 2320 1707 consilium
2371 1661 2424 1706 et
2475 1652 2541 1707 iis
2599 1652 2902 1716 medentur,
2938 1667 3170 1723 quorum
3220 1653 3421 1706 habent

1851 1743 2100 1797 notitiam
2137 1751 2457 1812 :propterea
2503 1743 2645 1810 quod
2687 1744 2788 1814 ipsi
2822 1747 2975 1813 prius
3017 1745 3167 1799 fuere
3214 1744 3414 1808 curati,

1850 1834 2291 1903 quandoquidem
2320 1849 2384 1886 ex
2416 1849 2480 1887 eo
2502 1835 2642 1903 quod
2676 1834 2776 1903 ipsi
2810 1836 2956 1904 passi
2992 1845 3119 1891 sunt
3147 1837 3298 1907 prius
3334 1836 3420 1890 dis

1849 1924 2116 1979 dicerunt.

1918 2013 2213 2068 Videamus
2243 2026 2372 2082 ergo
2401 2013 2657 2082 quidnam
2697 2014 2750 2067 in
2776 2028 2874 2067 sua
2905 2014 3015 2067 vita
3047 2028 3269 2083 passum
3299 2029 3420 2069 esse

1851 2102 1983 2158 dicit
2020 2102 2068 2158 is
2102 2103 2194 2173 qui
2229 2109 2431 2157 nostra;
2470 2103 2593 2156 vitae
2636 2103 2903 2158 medetur.
2942 2122 2960 2155 ι
2993 2102 3355 2174 Magniﬁcavi,
3395 2123 3415 2155 ι

1851 2193 2053 2264 inquit,
2095 2212 2116 2247 ι
2164 2208 2303 2264 Opus
2353 2209 2556 2257 meum,
2609 2193 2872 2248 mditieavi
2922 2193 3134 2249 domos.
3170 2214 3188 2245 ι
3232 2193 3463 2249 Οτξιιίοο

1851 2284 2035 2339 statim
2072 2283 2265 2353 incipit
2300 2298 2328 2337 a
2363 2284 2806 2354 reprehensione.
2840 2281 2958 2336 Non
2989 2285 3132 2337 enim
3161 2283 3292 2337 dicit
3324 2282 3417 2338 Dei

1850 2388 2008 2445 opus,
2040 2376 2183 2445 quod
2214 2391 2332 2431 sum
2364 2391 2484 2446 ego,
2520 2376 2614 2431 sed
2642 2390 2818 2430 meum
2855 2376 3216 2444 rnagniticavi.
3243 2375 3416 2437 Meum

1850 2483 1990 2538 opus
2022 2467 2160 2522 nihil
2193 2473 2278 2522 est
2308 2466 2477 2532 aliud,
2522 2454 2685 2537 quam
2733 2468 2879 2537 quod
2917 2465 3070 2520 aﬂ'ert
3102 2464 3289 2520 sensui
3333 2479 3422 2518 vo.

1851 2560 2136 2631 luptatem.
2192 2556 2290 2614 Est
2343 2564 2525 2612 autem
2575 2556 2681 2611 hoc
2716 2572 2855 2626 opus
2905 2555 3142 2626 generali
3198 2554 3416 2625 quidem

1850 2653 2063 2708 ratione
2093 2666 2262 2709 unum
2292 2670 2306 2705 :
2337 2649 2520 2705 subtili
2559 2658 2738 2704 autem
2779 2648 2834 2704 in
2881 2647 3091 2705 minuta
3124 2645 3417 2709 divisione,

1850 2745 1906 2799 in
1943 2744 2109 2798 multa
2134 2743 2201 2797 ad
2236 2741 2496 2797 utendum
2521 2739 2733 2795 deliciis
2758 2753 2981 2794 necesse
3006 2744 3092 2795 est
3120 2734 3181 2792 ῑιι
3206 2737 3421 2805 disper-

1852 2836 2038 2890 tiatur.
2066 2835 2205 2890 Nam
2225 2831 2319 2904 qui
2350 2831 2514 2888 semel
2541 2829 2781 2885 materiae
2804 2827 3133 2899 profundum
3167 2826 3416 2888 subierit,

1852 2924 2077 2979 omnino
2130 2936 2355 2978 necesse
2402 2927 2486 2975 est
2531 2929 2589 2974 ut
2637 2920 2689 2973 in
2734 2933 2925 2972 omnes
2975 2925 3156 2987 partes
3198 2916 3419 2969 erutum

1848 3016 2201 3086 circumagat,
2253 3013 2395 3067 unde
2448 3010 2564 3065 ﬁeri
2609 3011 2781 3080 possit
2820 3016 2879 3063 ut
2923 3019 3216 3063 enascatur
3263 3007 3419 3060 VOIll-e

1848 3116 1992 3179 ptas.
2029 3105 2313 3173 Quomodo
2353 3104 2496 3158 enim
2529 3118 2594 3158 ex
2627 3117 2735 3156 uno
2782 3101 2928 3155 fonte
2961 3101 3015 3154 in
3066 3099 3263 3153 multas
3294 3111 3422 3168 par-

1850 3206 1933 3252 tes
1983 3213 2080 3268 per
2126 3195 2344 3250 canales
2389 3208 2529 3265 aqua
2576 3192 2885 3258 deducitur,
2935 3199 2990 3244 et
3049 3191 3217 3243 nihilo
3258 3204 3420 3243 secus

1849 3303 1960 3341 non
2004 3294 2088 3341 est
2125 3285 2271 3339 aliud
2303 3300 2465 3353 quam
2508 3298 2670 3353 aqua,
2703 3282 2756 3336 id
2805 3282 2948 3352 quod
2999 3297 3065 3336 ex
3107 3280 3228 3350 ipso
3276 3280 3421 3334 fonte.

1851 3379 2198 3449 dispertitur,
2253 3377 2469 3433 etiamsi
2525 3374 2656 3430 ﬂuat
2699 3375 2750 3428 in
2812 3372 3059 3443 plurimis
3105 3373 3252 3428 tubis
3294 3390 3306 3424 :
3348 3371 3420 3424 ita

1850 3472 2101 3542 voluptas
2146 3483 2272 3524 cum
2324 3468 2397 3524 sit
2450 3481 2581 3531 una,
2641 3465 2799 3518 aliter
2849 3474 2902 3518 et
2944 3463 3102 3517 aliter
3147 3463 3205 3516 in
3253 3463 3421 3516 variis

1850 3562 2127 3617 transiens
2166 3558 2387 3619 studiis,
2438 3555 2558 3611 ﬂuit
2607 3555 2661 3608 in
2698 3569 2888 3610 omnes
2929 3562 3132 3624 partes,
3186 3567 3310 3607 cum
3354 3554 3421 3610 iis

1850 3667 1972 3723 quae
2006 3657 2136 3705 sunt
2164 3649 2231 3703 ad
2273 3646 2584 3711 usumvitte
2616 3644 2926 3701 necessaria
2958 3661 3016 3700 se
3055 3644 3417 3713 coniungens.

1853 3743 1943 3805 Ut,
1975 3738 2209 3810 exempli
2255 3751 2443 3801 causa,
2484 3736 2593 3789 vita
2644 3732 2774 3788 facit
2820 3741 2877 3787 ut
2912 3742 3121 3789 naturae
3155 3733 3420 3789 habitatio

1851 3830 1923 3886 sit
1971 3826 2320 3883 necessaria:
2355 3836 2439 3880 est
2470 3825 2616 3879 enim
2657 3824 2822 3878 homo
2872 3823 3215 3886 imbecillior,
3258 3838 3419 3894 quant

1853 3929 1910 3974 ut
1933 3919 2136 3974 caloris
2167 3926 2222 3973 et
2251 3916 2471 3989 frigoris
2495 3916 2632 3971 ferat
2662 3917 3077 3987 intequalitates.
3109 3915 3227 3971 Huc
3252 3932 3423 3986 usque

1849 4010 1918 4066 ad
1961 4009 2257 4080 degendam
2287 4009 2451 4062 vitam
2492 4019 2575 4063 est
2608 4009 2803 4064 domus
2832 3998 3002 4073 utilis,
3044 4008 3138 4063 sed
3172 4009 3423 4078 voluptas

1849 4104 1995 4176 cogit
2032 4096 2304 4158 hominem
2336 4102 2616 4172 praeterire
2649 4101 2786 4156 ﬁnes
2820 4116 2976 4158 usus.
3017 4099 3247 4154 Perinde
3276 4099 3420 4155 enim

1861 4208 1924 4249 ac
1974 4196 2020 4248 si
2076 4208 2184 4247 non
2230 4198 2496 4262 quaareret
2539 4188 2683 4260 quod
2730 4198 2813 4245 est
2876 4188 2999 4244 usui
3044 4189 3283 4258 corpori,
3326 4187 3420 4243 sed

232 4300 283 4361 ῖς
314 4295 658 4367 ἐπιτηδεύων
689 4292 906 4363 τέρψεις
935 4291 1028 4345 καὶ
1059 4291 1469 4361 ἑντρυφήματα,
1500 4289 1743 4344 λυπεῖται

1918 4286 2038 4340 :ulis
2079 4291 2396 4352 procuraret
2430 4282 2847 4338 oblectationem
2880 4288 2933 4336 et
2964 4279 3206 4345 delicias,
3232 4279 3426 4335 dolore

165 4381 367 4457 σχεδὸν,
410 4387 497 4439 ὅτι
561 4383 635 4455 μὴ
662 4384 751 4437 τὸν
781 4381 1007 4453 οὐρανὸν
1031 4381 1193 4434 αὐτὸν
1245 4382 1499 4452 ἐποίησεν
1533 4382 1748 4454 ὑπωρό-

164 4495 298 4546 φιον,
332 4479 472 4550 μηδὲ
500 4476 605 4541 τὰς
639 4475 733 4529 τοῦ
766 4475 918 4546 ἡλίου
946 4476 1168 4538 ἀκτῖνας
1197 4473 1308 4545 ἔχει
1335 4471 1412 4544 τῷ
1441 4474 1620 4545 ὀρόφῳ
1653 4474 1748 4528 καὶ¹

163 4572 327 4635 αὑτάς
353 4567 813 4638 ὲντεκτήνασθαι.
847 4566 938 4620 Διὸ
965 4565 1223 4620 πλατύνει
1254 4564 1352 4635 μὲν
1372 4564 1748 4635 ἁπανταχόθεν

162 4661 254 4723 τὰς
279 4663 388 4715 τῶν
422 4657 972 4729 κατασκευασμάτων
995 4656 1361 4728 περιγραφὰς,
1389 4655 1487 4727 τὴν
1506 4655 1606 4724 τῆς
1628 4670 1748 4708 συν-

163 4749 363 4812 οικείας
395 4746 702 4820 Δπεριῦολὴν
743 4744 819 4808 ὼς
868 4744 1194 4815 οἰκουμένην
1220 4741 1344 4797 τινὰ
1372 4743 1539 4814 ἄλλην
1570 4740 1749 4812 ἑαυτῷ

164 4838 374 4903 κτίζων.
408 4839 717 4893 Ἀνατείνει
745 4835 802 4890 δὲ
836 4838 915 4899 είς
946 4836 1026 4889 ὅτι
1050 4836 1309 4907 μήκιστον
1332 4833 1465 4914 ὕψος
1492 4836 1618 4899 τοὺς
1637 4834 1748 4889 τοί-

163 4931 590 5001 χους·ποικίλλει
605 4929 661 4983 δὲ
671 4932 790 4993 ταῖς
805 4928 951 4983 ἔνδον
963 4927 1072 4982 τῶν
1085 4929 1206 4999 οἱκη
1216 4928 1398 4999 μάτων
1415 4928 1745 4991 διασκευαῖς.

172 5021 267 5074 Ἐκ
302 5020 591 5099 Λακώνων
648 5021 705 5073 δὲ
737 5020 831 5074 καὶ
882 5018 1164 5091 Θεσσαλῆς
1207 5021 1302 5074 καὶ
1353 5019 1417 5072 ἐκ
1456 5018 1748 5091 Καρύστου

162 5108 300 5177 λίθος
328 5112 749 5169 άναπτύσσεται
767 5154 781 5177 ,
812 5112 909 5175 καὶ
929 5111 1018 5165 διὰ
1041 5111 1262 5182 σιδήρου
1289 5112 1369 5175 είς
1396 5110 1576 5166 πλάκα
1601 5111 1672 5168 τά
1688 5129 1748 5165 τε

160 5202 370 5276 Numa
402 5202 658 5276 μέταλλα
697 5202 791 5257 καὶ
827 5202 896 5257 τὰ
927 5202 1028 5272 τῆς
1062 5202 1358 5273 Νουμιδίας
1378 5202 1747 5273 ἀναζητεῖται,

163 5295 251 5349 καί
295 5313 401 5350 που
456 5295 559 5349 καὶ
606 5294 643 5364 ἡ
688 5293 896 5364 Φρυγία
946 5294 1117 5363 πέτρα
1171 5294 1290 5355 ταῖς
1329 5292 1582 5356 σπουδαῖς
1619 5292 1750 5345 ταύ-

162 5401 273 5449 ταις
315 5381 790 5457 συμπαρελήφθη.
826 5382 860 5452 ἡ
900 5382 964 5452 τῇ
1000 5380 1283 5451 λευκότητι
1316 5377 1411 5434 τοῦ
1459 5379 1747 5451 μαρμάρου

162 5477 257 5551 τὴν
276 5477 576 5551 πορφυρᾶν
602 5474 779 5545 βαφὴν
811 5473 947 5545 πρὸς
968 5473 1030 5527 τὸ
1052 5490 1114 5526 συ
1122 5472 1265 5544 μϐὰν
1285 5472 1745 5542 κατασπείρουσα,

165 5572 334 5643 τρυφὴ
360 5573 579 5639 γίνεται
608 5570 723 5631 τοῖς
749 5568 1079 5638 λιχνοτέροις
1098 5566 1329 5637 ὄμμασι,
1354 5564 1609 5635 πολυειδῆ
1628 5581 1744 5617 τινα

1856 4379 2249 4453 propemodum
2294 4377 2547 4439 adicitur,
2601 4375 2746 4446 quod
2785 4374 2984 4429 cmlum
3027 4373 3082 4427 in
3127 4388 3229 4428 suo
3281 4380 3426 4428 tecto

1855 4487 1965 4527 non
2010 4470 2236 4534 fecerit,
2283 4483 2385 4524 nec
2432 4468 2581 4537 ipsos
2629 4465 2762 4521 solis
2808 4464 2991 4519 radios
3032 4464 3087 4518 in
3139 4479 3205 4520 eo
3254 4464 3428 4535 possit
3510 4538 3537 4551 Ι

1856 4563 2135 4620 fabricari.
2167 4559 2528 4629 Quamobrem
2555 4557 2797 4627 undique
2823 4557 3043 4627 quidem
3074 4558 3263 4611 dilatat
3295 4555 3427 4611 ardi-

1855 4652 2610 4722 ticiorum-circumscriptam
2655 4649 3085 4719 amplitudinem,
3132 4656 3186 4703 et
3226 4648 3422 4703 aedium

1857 4748 2144 4810 ambitum,
2192 4752 2450 4816 tanquam
2508 4742 2741 4813 aliquem
2800 4740 2962 4795 alium
3022 4740 3209 4795 orbem
3265 4747 3425 4807 terra:

1858 4838 1964 4896 sibi
1996 4844 2344 4893 construens.
2384 4833 2637 4890 Extendit
2671 4841 2848 4887 autem
2884 4831 3119 4901 parietes
3153 4830 3208 4884 in
3251 4830 3425 4883 maxi-

1857 4946 1999 4985 mam
2045 4927 2461 4999 longitudinem.
2493 4918 2680 4980 Variat
2710 4935 2888 4982 autem
2933 4920 3270 4977 internarum
3314 4918 3427 4973 ha-

1858 5020 2184 5076 bitationum
2227 5006 2712 5076 exstructionibus.
2761 5010 3100 5068 internarum
3141 5008 3427 5063 habitacu-

1860 5106 2034 5159 lorum
2072 5102 2358 5174 apparatui
2404 5110 2647 5155 mutuam
2677 5116 2742 5155 ex
2784 5116 2843 5154 se
2867 5106 2921 5154 et
2970 5113 3067 5169 per
3094 5112 3154 5153 sc
3188 5096 3329 5152 inter
3366 5111 3426 5152 se

1858 5194 2108 5266 przebens
2128 5194 2464 5248 varietatem.
2490 5191 2692 5246 Deinde
2714 5189 3156 5246 Lacedaemonius
3178 5196 3231 5246 et
3256 5186 3428 5245 Thes--

1860 5288 2010 5343 salus
2063 5292 2117 5342 et
2169 5283 2433 5355 Carystus
2486 5283 2625 5355 lapis
2674 5283 3001 5352 explicatur,
3061 5290 3116 5334 et
3161 5279 3303 5336 ferro
3357 5280 3425 5334 ad

1859 5375 2284 5434 incrustationes
2324 5372 2527 5429 Niliaca
2575 5380 2628 5428 ct
2669 5372 2954 5427 Numidica
3003 5371 3218 5428 metalla
3271 5388 3426 5442 qna:-

1859 5477 2056 5546 runtur
2086 5487 2099 5523 :
2126 5468 2426 5540 quinetiam
2455 5465 2643 5523 iisdem
2671 5466 2758 5522 his
2781 5465 2977 5521 studiis
3019 5463 3248 5536 Phrygia
3279 5470 3424 5532 petra

1859 5560 2039 5637 simul
2078 5560 2399 5626 assumitur,
2446 5574 2568 5628 qua:
2620 5559 2906 5612 marmoris
2949 5556 3171 5611 candori
3224 5566 3428 5623 purpu-
