3738 5984
320 201 325 205 ’
347 203 454 258 655

1541 198 1596 253 8.
1639 196 1964 253 GREGORII
2002 195 2291 254 NYSSENI

3473 196 3564 250 656

351 329 525 376 reum,
563 311 656 367 ubi
706 309 924 375 accidit,
968 311 1215 365 inserens
1247 309 1504 372 colorem,
1544 309 1732 364 avidos
1770 309 1918 362 oble-

2027 312 2111 365 καὶ
2139 313 2644 384 πολυσχημάτιστον
2671 315 2766 387 τὴν
2797 316 3039 385 διάχυσιν
3071 315 3164 368 τοῦ
3207 314 3484 386 χρώματος
3513 321 3564 371 ὲν

348 413 462 460 ctat
491 402 704 465 oculos,
756 402 945 456 multis
976 401 1165 454 formis
1212 399 1507 470 figurisque
1545 399 1823 468 praeditam
1864 399 1916 452 in

352 497 476 550 albo
503 493 802 563 depingens
847 492 1049 546 coloris
1077 491 1453 547 suffusionem.
1484 493 1655 556 Quam
1689 492 1915 544 multum

355 589 410 642 in
456 586 569 638 ha‘c
615 582 894 638 confertur
929 582 1211 636 studium?
1253 581 1396 648 Quot
1442 593 1569 636 sunt
1615 583 1817 651 figurae,
1865 588 1919 634 et

350 691 510 747 quam
545 675 711 727 multa
742 674 993 732 artificia,
1019 688 1142 727 cum
1168 673 1258 726 alii
1284 672 1501 740 quidem
1527 686 1666 741 aqua
1692 679 1745 726 et
1775 671 1917 725 ferro

349 764 607 819 materias
676 775 860 816 secent
911 779 925 816 :
971 763 1062 816 alii
1122 777 1253 816 vero
1321 761 1600 834 hominum
1666 761 1918 815 manibus

349 864 514 910 noctu
565 853 767 924 diuque
817 855 1180 909 laborantium
1225 854 1460 910 efficiant
1495 852 1919 909 dissectionem?

348 944 458 1000 Nec
503 947 616 999 hch
654 945 871 1015 quidem
923 944 1198 1000 sufﬁciunt
1243 945 1308 999 iis
1348 946 1440 1014 qui
1491 946 1546 999 in
1585 959 1783 998 vanum
1828 957 1917 996 or-

348 1044 536 1091 natum
582 1036 820 1090 laborem
879 1035 1221 1089 conferunt:
1269 1037 1361 1091 sed
1413 1042 1467 1090 et
1526 1035 1650 1089 vitri
1707 1034 1917 1104 puritas

345 1125 570 1179 venenis
602 1125 915 1193 inquinatur
945 1132 997 1179 et
1035 1123 1182 1178 varie
1213 1125 1461 1193 tingitur,
1507 1133 1567 1178 ut
1599 1124 1664 1178 ad
1707 1123 1919 1193 excogi-

349 1221 474 1268 tata:
527 1214 860 1267 inventionis
906 1213 1090 1266 luxum
1135 1220 1188 1267 et
1221 1212 1446 1268 delicias
1493 1229 1560 1268 ex
1607 1227 1671 1266 eo
1701 1227 1918 1282 quoque

348 1304 550 1373 aliquid
597 1305 945 1374 adjungatur.
983 1303 1266 1370 Quomodo
1318 1312 1497 1358 autem
1540 1304 1751 1357 narrari
1793 1319 1919 1373 pos-

260 1423 275 1444 ρ
347 1404 468 1450 sent
499 1403 766 1450 tectorum
799 1409 960 1465 opera
995 1408 1421 1464 supervacanea,
1457 1394 1511 1448 in
1541 1395 1739 1463 quibus
1775 1395 1918 1462 ligna

346 1502 467 1556 quae
521 1487 657 1538 fittnt
711 1500 776 1540 ex
820 1485 1020 1546 cedris,
1080 1485 1216 1537 artis
1256 1483 1559 1538 subtilitate
1605 1483 1678 1536 ita
1727 1497 1918 1537 rursus

347 1583 764 1640 convertuntur,
821 1583 880 1630 ut
929 1581 1192 1645 putentur
1238 1574 1463 1626 arbores
1516 1588 1584 1626 ex
1643 1573 1917 1625 cmlaturis

2017 401 2096 472 τῷ
2118 403 2293 473 λευκῷ
2323 404 2753 477 ζωγραφήσασα.
2789 406 3010 459 Ὀπόσαι
3037 406 3164 476 περὶ
3188 406 3390 460 τούτων
3416 424 3565 460 σπου-

2018 493 2106 547 δαί
2122 514 2135 560 ;
2166 495 2305 548 πόσα
2345 496 2412 549 τὰ
2444 499 2726 567 σχήματα;
2761 496 2903 550 πόσα
2933 497 3000 550 τὰ
3035 499 3432 568 μηχανήματας
3467 498 3602 549 τῶν-

2021 584 2120 654 μὲν
2153 585 2304 639 ὕδατι
2340 587 2434 640 καὶ
2469 587 2671 657 σιδήρῳ
2705 586 3062 658 διαπριόντων
3094 588 3192 650 τάς
3220 586 3369 651 ὔλας,
3404 589 3562 643 ἄλλων

2017 676 2073 729 δὲ
2115 676 2203 728 διὰ
2238 676 2432 748 χειρῶν
2465 677 2846 748 ἀνθρωπίνων,
2887 678 3054 732 νύκτα
3097 680 3190 732 καὶ
3230 679 3439 750 ἡμέραν
3475 697 3559 732 πο-

2018 766 2248 820 νούντων
2298 767 2408 820 τῶν
2471 767 2954 839 κατεργαζομένων
3003 767 3099 840 τὴν
3128 768 3421 840 ἔκπρησιν;
3468 772 3565 824 Καὶ

2017 857 2138 910 οὐδὲ
2187 857 2359 912 ταῦτα
2396 858 2595 929 ἢρκεσε
2637 863 2748 922 τοῖς
2786 858 3007 913 πονοῦσι
3055 861 3182 931 περὶ
3213 860 3303 913 τδν
3355 861 3562 930 μάταιον

2017 947 2219 1018 κόσμον
2239 965 2254 978 ·
2285 947 2420 1002 ἀλλὰ
2453 949 2548 1003 καὶ
2574 949 2637 1002 τὸ
2663 949 2902 1020 καθαρὸν
2930 949 3032 1019 τῆς
3067 950 3224 1002 ὑέλου
3253 949 3339 1004 διὰ
3363 951 3565 1020 φαρμά-

2018 1056 2130 1092 κων
2162 1041 2242 1103 είς
2272 1039 2450 1110 βαφὰς
2496 1041 2746 1104 ποικίλας
2775 1041 3208 1111 καταμολύνεται
3228 1083 3241 1106 ,
3275 1041 3351 1102 ὡς
3388 1041 3451 1094 ἂν
3483 1038 3566 1093 καὶΙ

2018 1130 2171 1200 παρὰ
2208 1131 2410 1201 ταύτης
2450 1149 2501 1183 τι
2536 1130 2828 1202 συναχθείη
2859 1135 2924 1203 τῇ
2954 1132 3064 1185 τῶν
3093 1133 3380 1203 νοημάτων
3402 1130 3561 1201 χλιδῇ.

2018 1220 2141 1283 Πῶς
2184 1221 2227 1273 δ’
2259 1221 2323 1275 ἄν
2367 1239 2452 1284 τις
2499 1223 2640 1274 εἴποι
2692 1222 2790 1285 τὰς
2841 1222 2948 1277 τῶν
2979 1223 3196 1294 ὀρόφων
3240 1222 3566 1294 περιεργίας,

2019 1312 2102 1378 ἐφ’
2125 1303 2197 1363 ὧν
2229 1311 2292 1363 τὰ
2322 1310 2450 1375 ξύλα
2469 1315 2532 1364 ὲκ
2563 1312 2753 1383 κέδρου
2779 1312 3038 1382 γινόμενα
3064 1312 3226 1365 πάλιν
3250 1311 3564 1379 ἐπαναστρέ-

2019 1421 2185 1473 φοντα
2234 1404 2324 1457 διὰ
2366 1404 2472 1457 τῶν
2523 1404 2868 1473 σοφισμάτων
2898 1405 2999 1474 τῆς
3042 1403 3238 1472 τέχνης
3275 1402 3464 1472 δένδρα
3491 1418 3564 1454 νο-

2022 1496 2318 1565 μιζόμενα,
2351 1495 2575 1558 κλάδους
2604 1495 2698 1548 καλ⁵
2737 1495 2907 1563 φύλλα
2945 1494 3038 1547 καὶ
3085 1494 3333 1564 καρποὺς
3377 1494 3434 1545 ἐν
3460 1493 3566 1549 ταῖς

2019 1567 2269 1652 γλυφίσιν
2289 1583 2575 1650 ὲκφύοντα.
2606 1583 2804 1636 Σιωπῶ
2823 1583 2913 1637 τὸν
2929 1583 3130 1654 χρυσὸν
3145 1583 3236 1636 τὸν
3257 1585 3338 1645 εἰς
3360 1582 3567 1642 λεπτοὺς

345 1686 550 1731 ramos,
596 1670 721 1723 folia
759 1676 812 1723 et
838 1667 1050 1722 fructus
1081 1665 1466 1736 producentes.
1502 1662 1679 1718 Taceo
1723 1678 1916 1717 aurum

2027 1675 2113 1728 καὶ
2159 1674 2417 1744 ἀερώδεις
2476 1674 2679 1744 ὑμένας
2717 1674 3138 1744 διατεινόμενον,
3179 1674 3273 1727 καὶ
3314 1666 3567 1740 πανταχοῦ

346 1762 493 1832 quod
545 1762 600 1815 in
633 1776 822 1815 aereas
877 1759 1222 1813 membranas
1263 1757 1589 1819 dissecatur,
1646 1762 1699 1808 et
1747 1754 1800 1807 in
1848 1754 1915 1808 iis

345 1853 547 1922 ubique
574 1851 824 1914 illinitur,
861 1859 920 1904 ut
951 1848 1139 1904 avidos
1179 1848 1373 1904 oculos
1401 1847 1455 1900 in
1483 1861 1541 1901 se
1571 1851 1912 1899 convertant.

347 1943 496 1998 Ebur
541 1950 720 1996 autem
762 1939 908 2011 quod
977 1940 1270 1994 asciseitur
1319 1937 1387 1991 ad
1430 1937 1828 1992 vestibulorum
1864 1944 1917 1991 et

346 2037 610 2089 atriorum
640 2031 946 2104 superﬂuos
975 2040 1219 2096 ornatus,
1257 2037 1310 2085 et
1348 2030 1491 2100 quod
1533 2044 1720 2084 eorum
1760 2028 1918 2082 cala-

346 2126 488 2180 turis
521 2123 754 2177 illinitur
783 2138 1003 2187 aurum,
1047 2133 1140 2176 aut
1179 2123 1324 2192 quod
1357 2121 1527 2175 claris
1562 2119 1795 2188 adigitur
1829 2133 1918 2172 ar-

346 2225 590 2288 gentum,
638 2225 692 2269 et
737 2230 856 2284 quae
898 2224 1026 2269 sunt
1063 2213 1353 2282 ejusmodi,
1386 2212 1512 2282 quis
1543 2210 1776 2264 dixerit?
1818 2209 1915 2264 do-

347 2321 562 2361 morum
607 2307 936 2376 pavimeuta,
969 2321 1088 2376 qua:
1127 2305 1294 2359 variis
1335 2303 1684 2374 resplendent
1719 2301 1919 2356 colori-

347 2395 484 2452 bus?
522 2406 581 2450 ut
613 2398 777 2451 etiam
817 2411 1005 2451 eorum
1039 2395 1203 2465 pedes
1234 2394 1289 2448 in
1342 2394 1631 2462 splendore
1675 2392 1916 2462 lapidum

349 2488 646 2550 luxurient,
700 2495 753 2540 et
803 2487 859 2540 in
903 2487 1171 2556 ejusmodi
1227 2487 1516 2539 domorum
1570 2484 1920 2538 multitudine

350 2583 515 2637 nimis
579 2581 922 2636 ambitiosam
987 2578 1474 2648 magnificentiam,
1528 2592 1759 2636 quarum
1811 2591 1916 2629 non

347 2675 472 2728 vitae
513 2687 647 2728 usus
697 2670 1060 2727 necessariam
1111 2669 1242 2723 facit
1299 2669 1786 2733 constructionem,
1823 2666 1918 2722 sed

350 2764 624 2835 cupiditas
659 2778 754 2833 per
791 2776 853 2816 ea
891 2775 1010 2831 qua?
1050 2769 1174 2813 sunt
1227 2760 1438 2812 inutilia
1487 2771 1796 2829 progressa,
1837 2770 1921 2810 ea-

349 2871 470 2909 rum
496 2855 703 2909 invenit
735 2851 1220 2921 importunitatem.
1252 2848 1384 2903 Nam
1412 2865 1474 2904 ex
1506 2849 1758 2903 domibus
1784 2847 1917 2902 alias

351 2945 568 3015 quidem
603 2951 817 3013 oportet
866 2956 989 2996 esse
1024 2950 1241 3011 paratas
1275 2941 1340 2994 ad
1384 2955 1624 3000 cursum,
1669 2938 1804 2992 alias
1852 2938 1918 2991 ad

2015 1764 2221 1830 τούτοις
2238 1765 2538 1838 ὲπιχρωννύ
2547 1783 2705 1836 μενον
2735 1768 2810 1829 ὡς
2822 1767 2887 1822 ἂν
2908 1767 3007 1835 τὴν
3022 1765 3260 1834 λιχνείαν
3279 1764 3390 1816 τῶν
3412 1761 3571 1832 ὀμμά-

2014 1873 2122 1908 των
2156 1856 2290 1926 πρὸς
2321 1857 2510 1910 ἑαυτὸν
2543 1855 2878 1926 ὲπιστρέφοι.
2917 1853 3027 1926 Τὴν
3058 1855 3114 1908 δὲ
3142 1854 3249 1906 τῶν
3279 1852 3568 1920 ἐλεφάντων

2017 1947 2294 2018 εἰσφορὰν,
2346 1949 2426 2010 είς
2456 1946 2548 2000 τὸν
2577 1947 2866 2018 περίεργον
2899 1945 3281 2014 καλλωπισμὸν
3333 1943 3436 1996 τῶν
3469 1943 3569 1995 είσ-

2015 2035 2186 2102 όδων,
2237 2036 2329 2089 τόν
2362 2053 2421 2089 τε
2473 2036 2826 2106 ἀλειφόμενον
2864 2038 2983 2099 ταῖς
3033 2034 3252 2104 γλυερίσι
3298 2033 3495 2086 τούτων
3540 2030 3569 2100 ἢ

2017 2129 2234 2200 χρυσὸν,
2274 2129 2309 2200 ἢ
2342 2128 2431 2181 τὸν
2452 2129 2540 2181 διὰ
2564 2128 2670 2181 τῶν
2690 2129 2833 2198 ἥλων
2865 2126 3293 2198 ὲγκροτούμενον
3325 2125 3569 2196 ἄργυρον.

2017 2219 2110 2272 καὶ
2148 2218 2325 2272 πάντα
2357 2218 2427 2271 τά
2451 2219 2676 2271 τοιαῦτα
2712 2218 2765 2270 τί
2798 2219 2863 2273 ἄν
2910 2235 2994 2281 τις
3031 2217 3208 2286 λέγοι;
3251 2217 3285 2288 ἥ
3316 2216 3386 2270 τὰ
3417 2217 3570 2283 ἐδάφη

2016 2308 2151 2364 τῶνι
2177 2308 2358 2376 οίκιῷν
2405 2311 2526 2370 ταῖς
2567 2309 2839 2372 ποικίλαις
2870 2307 2979 2359 τῶν
3020 2308 3180 2360 λίθων
3209 2307 3407 2378 βαφαῖς
3452 2307 3572 2359 61:0-

2017 2397 2297 2468 λάμποντα
2317 2439 2332 2463 ,
2362 2398 2437 2460 ὡς
2464 2397 2529 2450 ἂν
2558 2398 2650 2450 καὶ
2680 2399 2728 2450 osi
2760 2397 2919 2460 πόδες
2946 2397 3124 2450 αὐτῶν
3151 2399 3250 2466 τῆς
3279 2398 3453 2467 αὐγῆς
3477 2397 3572 2449 τῶν

2017 2488 2182 2542 λίθων
2203 2488 2612 2560 κατατρυφῶσι,
2641 2490 2738 2560 τήν
2770 2506 2831 2541 τε
2857 2489 2996 2542 κατὰ
3022 2489 3084 2541 τὸ
3118 2488 3322 2558 πλῆθος
3352 2489 3457 2542 τῶν
3476 2506 3573 2541 τοι·

2017 2577 2187 2632 ούτων
2216 2578 2379 2631 οἴκων
2413 2579 2740 2648 φιλοτιμίαν,
2783 2572 2859 2632 ὧν
2901 2579 3078 2650 οὐχὶὴ
3121 2580 3280 2649 χρεία
3313 2580 3414 2649 τῆς
3443 2579 3573 2649 ζωῆς

2018 2669 2115 2740 τὴν
2155 2669 2495 2740 κατασκευὴν
2532 2670 2835 2739 ἀναγκαίαν
2883 2673 3047 2734 ποιεῖ,
3090 2671 3205 2724 ἀλλ’
3240 2673 3274 2742 ἡ
3324 2671 3574 2741 ἐπιθυμία

2018 2755 2106 2809 διὰ
2143 2755 2251 2809 τῶν
2289 2758 2528 2829 ἀνοήτων
2558 2759 2822 2829 προϊοῦσα
2860 2760 3100 2831 εὑρίσκει
3151 2761 3429 2832 ἀκαιρίαν.
3467 2761 3573 2830 Χρὴ

2019 2847 2128 2916 γὰρ
2154 2847 2260 2901 τῶν
2286 2849 2446 2901 οίκων
2473 2850 2598 2910 τοὺς
2627 2849 2722 2920 μὲν
2743 2849 2976 2920 δρόμους
3003 2845 3167 2913 εἶναι,
3198 2852 3325 2911 τοὺς
3347 2851 3404 2904 δὲ
3432 2869 3575 2922 περι-

2022 2939 2253 3004 πάτους’,
2285 2942 2411 3004 τοὺς
2445 2940 2543 3010 μὲν
2583 2942 2869 3004 εἰσοδίουςς,
2910 2943 3035 3005 τοὺς
3067 2943 3125 2995 δὲ
3182 2944 3573 3013 προεισοδίους,

351 3031 831 3097 deambulnudum,
872 3031 1010 3086 alias
1052 3030 1116 3084 ad
1167 3029 1495 3098 ingressum,
1541 3028 1676 3080 alias
1714 3026 1779 3080 ad
1828 3042 1917 3080 ve-

2027 3029 2210 3093 ἄλλους
2242 3031 2578 3094 ἐπιπυλίους.
2629 3033 2704 3084 Οὐ
2749 3031 2855 3102 γὰρ
2912 3032 3102 3102 ἀρκεῖν
3151 3032 3412 3101 ἡγοῦνται
3453 3031 3576 3101 πρὸς

351 3125 633 3187 stibulum,
682 3122 816 3175 alias
859 3137 978 3190 qua:
1027 3121 1196 3190 portis
1246 3120 1355 3173 sint
1404 3119 1691 3186 imposita).
1735 3116 1921 3186 Neque

352 3215 496 3268 enim
541 3213 674 3268 satis
713 3228 834 3270 esse
880 3219 1074 3283 putant
1113 3210 1176 3264 ad
1215 3210 1412 3264 fastum
1455 3221 1640 3280 portas
1674 3219 1727 3264 et
1760 3210 1921 3264 vcsti-

349 3305 501 3372 bula,
546 3313 599 3359 et
636 3305 871 3374 amplum
923 3303 1064 3372 quod
1111 3311 1194 3356 est
1247 3302 1386 3354 intra
1430 3309 1614 3371 portas
1664 3302 1920 3369 spatium,

352 3393 460 3448 nisi
513 3391 945 3462 ingredientibus
986 3390 1251 3459 ejusmodi
1294 3389 1422 3459 quid
1469 3391 1619 3459 prius
1649 3395 1922 3453 occurrat,

353 3481 498 3554 quod
522 3481 705 3536 statim
751 3481 1148 3551 ingredientem
1205 3479 1438 3534 videndo
1483 3479 1653 3549 possit
1688 3477 1926 3547 stupefa-

357 3588 502 3629 cere.
557 3572 656 3628 llis
699 3571 967 3626 accedunt
1017 3571 1253 3636 lavacra,
1313 3585 1432 3639 quae
1474 3585 1632 3636 usum
1688 3568 1926 3640 praebent

354 3665 517 3722 simul
565 3678 688 3718 cum
733 3662 1166 3733 magnificentia,
1213 3661 1270 3714 iu
1318 3661 1544 3715 fontium
1594 3659 1924 3713 abundantia

353 3757 488 3811 totis
530 3754 708 3810 ﬂuviis
754 3753 1058 3822 irrigautia,
1111 3761 1167 3806 et
1215 3766 1334 3821 qua:
1384 3759 1511 3804 ante
1547 3764 1610 3803 ea
1652 3749 1755 3803 sita
1798 3757 1925 3803 sunt

355 3845 658 3916 gymnasia,
701 3858 872 3912 eaque
927 3841 1098 3895 variis
1145 3840 1510 3895 marmoribus
1557 3837 1836 3908 splendide
1871 3843 1926 3892 et

356 3935 557 3992 aﬂ‘abre
601 3934 668 3988 ad
712 3941 966 4000 ornatum
1009 3941 1343 3997 constructa,
1397 3939 1449 3985 et
1496 3930 1736 3998 undique
1777 3931 1923 3983 circa

355 4029 498 4084 aedes
526 4027 771 4098 porticus
800 4025 1124 4090 Numidicis,
1160 4021 1490 4080 Thessalicis
1527 4032 1620 4077 aut
1651 4020 1923 4094 Egiueti-

357 4120 438 4173 cis
489 4119 690 4173 innixa:
729 4117 1022 4178 columnis,
1081 4121 1134 4172 et
1175 4131 1250 4170 aes
1301 4115 1354 4168 in
1395 4115 1613 4177 statuis,
1675 4113 1822 4182 quod
1868 4113 1925 4167 in

358 4212 507 4267 mille
538 4211 748 4283 species
770 4210 1061 4280 efﬁngitur,
1098 4222 1290 4276 nempe
1321 4206 1374 4260 in
1432 4203 1794 4275 quodcunque
1825 4220 1925 4259 cu-

358 4304 492 4359 riosi
523 4314 575 4359 et
600 4301 988 4374 supervacanei
1019 4298 1200 4369 operis
1227 4297 1553 4352 desiderium
1599 4293 1773 4350 fundit
1805 4310 1923 4348 ma-

2024 3120 2234 3190 κόμπον
2260 3119 2359 3181 ea;
2397 3119 2568 3183 πύλας
2598 3119 2694 3173 καὶ
2722 3119 2789 3172 τά
2820 3119 3149 3192 προπύλαια,
3187 3120 3282 3175 καὶ
3315 3123 3414 3191 τὴν
3441 3119 3576 3182 ἐντὸς

2023 3207 2130 3260 τῶν
2159 3207 2336 3260 πυλῶν
2364 3207 2702 3280 εὐρυχωρίαν
2719 3247 2734 3272 ,
2765 3209 2814 3260 εί
2855 3209 2927 3279 μή
2954 3228 3006 3262 τι
3033 3209 3272 3262 τοιοῦτον
3301 3225 3577 3281 προεντυγ-

2021 3299 2171 3368 χάνει
2225 3301 2337 3359 τοῖς
2396 3295 2682 3361 εἰσιοῦσιν,
2737 3291 2847 3349 οἷον
2886 3297 3044 3359 εὐθὺς
3094 3297 3435 3366 καταπλῆξαι
3491 3295 3574 3348 τοῦ

2023 3386 2297 3456 ὁρωμένου
2326 3385 2418 3438 τὸν
2447 3387 2845 3456 εἰσερχόμενον.
2881 3388 3098 3458 Λουτρά
3122 3407 3181 3441 τε
3223 3389 3359 3458 πρὸς
3384 3388 3574 3451 τούτοις

2025 3475 2402 3546 συμπαριόντα
2423 3477 2488 3546 τῇ
2521 3476 2799 3546 φιλοτιμίᾳ
2829 3476 2926 3547 τὴν
2951 3478 3146 3548 χρῆσιν
3168 3483 3431 3551 ποταμοῖς
3449 3480 3575 3542 ὅλοις

2023 3565 2082 3616 ὲν
2129 3568 2193 3637 τῇ
2237 3566 2345 3619 τῶν
2390 3565 2632 3638 κρουνῶν
2673 3567 2922 3638 δαψιλείᾳ
2965 3570 3445 3642 κατακλυζόμενα,
3489 3571 3574 3624 καὶ

2022 3657 2225 3710 τούτων
2262 3659 2678 3730 προϐεϐλημένα
2706 3662 2981 3732 γυμνάσια
3003 3702 3018 3724 ,
3061 3665 3153 3716 atati.
3180 3665 3353 3718 ταῦτα
3397 3679 3573 3736 περισο

2023 3745 2132 3809 σῶς
2177 3745 2262 3799 διὰ
2313 3747 2570 3800 ποικίλων
2619 3750 2928 3820 μαρμάρων
2973 3752 3052 3814 εἰς
3098 3752 3309 3822 κόσμον
3360 3753 3576 3824 ἐξησκη-

2026 3836 2194 3906 μένα,
2218 3838 2368 3892 στοαί
2386 3855 2444 3892 τε
2476 3839 2812 3909 πανταχόθεν
2864 3841 2991 3912 περὶ
3019 3841 3117 3912 τὴν
3157 3843 3369 3915 οίκησιν
3391 3845 3576 3912 Νουμι-

2023 3923 2189 3988 δίοις,
2235 3924 2270 3995 ἢ
2296 3924 2610 3990 Θεσσαλοῖς,
2649 3928 2684 3999 ἢ
2719 3929 3032 3999 Αἰγινήταις
3061 3931 3272 3995 στύλοις
3312 3930 3574 4003 ύπερειδόο

2028 4033 2212 4086 μεναι,
2235 4021 2339 4074 ὅτε
2370 4018 2428 4070 ἐν
2462 4020 2575 4080 τοῖς
2625 4019 2870 4090 ἀνδριᾶσι
2919 4019 3120 4090 χαλκὸς
3167 4021 3271 4087 ὢν,
3311 4025 3389 4086 είς
3423 4022 3574 4093 μυρία

2024 4105 2136 4177 είδη
2170 4108 2576 4176 σχηματίζοιτο,
2606 4109 2741 4179 πρὸς
2773 4110 2868 4162 ὅτι
2901 4111 2933 4180 ἠ
2964 4109 3228 4182 ἐπιθυμία
3248 4115 3351 4185 τῆς
3377 4127 3575 4184 περιερ-

2025 4197 2176 4266 γείας
2197 4197 2308 4268 χέει
2329 4199 2428 4270 τὴν
2458 4198 2609 4270 ὓλην,
2640 4200 2708 4254 τά
2729 4217 2785 4252 τε
2818 4201 2882 4254 ὲκ
2908 4202 3014 4255 τῶν
3046 4204 3355 4276 μαρμάρων
3378 4204 3573 4266 εἴδωλα,

2026 4289 2122 4340 καὶ
2174 4289 2272 4352 τὰς
2327 4291 2420 4342 ἐπὶ
2470 4290 2578 4344 τῶν
2619 4291 2862 4346 πινάκων
2909 4295 3249 4366 ἐπιγραφὰς,
3286 4298 3354 4350 δι’
3387 4291 3458 4351 ὧν
3492 4296 3576 4349 καὶ

358 4393 575 4458 teriam,
603 4401 657 4448 et
702 4409 823 4463 quae
854 4394 908 4447 in
952 4390 1152 4445 tabulis
1184 4389 1427 4459 picturae,
1475 4402 1568 4456 per
1595 4399 1730 4455 quas
1764 4387 1924 4440 etiam

2031 4382 2142 4443 τοῖς
2187 4381 2481 4451 ὀςςθαλμοῖς
2530 4381 2976 4455 ὲκπορνεύουσιν,
3023 4385 3444 4458 άπογυμνούσης
3489 4386 3577 4454 τῆς

358 4483 701 4538 fornicautur
745 4483 942 4546 oculis,
988 4492 1103 4536 arte
1135 4481 1408 4550 aperiente
1443 4493 1537 4548 per
1572 4477 1926 4530 imitationem

357 4589 423 4629 ea
452 4589 573 4642 quae
601 4574 769 4642 aspici
812 4582 1108 4644 nequeunt,
1137 4581 1191 4625 et
1228 4581 1566 4638 quaecunque
1596 4566 1722 4620 licet
1751 4565 1930 4619 videre

359 4665 415 4718 in
453 4665 520 4718 iis
552 4679 672 4732 quae
712 4670 839 4717 sunt
866 4659 1136 4730 ejusmodi
1186 4659 1390 4712 aﬂ‘abre
1423 4655 1562 4710 facta
1592 4654 1657 4709 ad
1693 4655 1931 4709 admira-

359 4757 561 4812 tiOnem
602 4763 656 4810 et
685 4753 1169 4825 pulchritudinem.
1651 4747 1654 4750 ’

432 4847 716 4914 Quomodo
752 4861 968 4916 possem
1015 4842 1294 4912 sigillatim
1350 4838 1528 4893 verbis
1568 4836 1818 4907 persequi
1865 4851 1926 4890 ea

360 4941 416 4992 in
449 4953 569 5006 quae
604 4934 843 4990 studium
881 4931 1023 5002 quod
1049 4930 1349 4994 confertur,
1379 4937 1462 4982 est
1491 4925 1929 4994 reprehensio,ct

362 5029 698 5084 insimulatio
755 5025 1093 5096 negligentia:
1152 5023 1204 5076 in
1255 5023 1323 5077 iis
1361 5038 1482 5094 qua:
1529 5026 1650 5074 sunt
1713 5015 1930 5087 priora?

361 5120 481 5185 Quo
511 5120 654 5173 enim
687 5117 862 5185 major
901 5115 1062 5168 fuerit
1096 5122 1150 5168 et
1202 5112 1550 5167 multitudine
1590 5120 1642 5164 et
1690 5108 1929 5161 materiae

363 5219 584 5279 sumptu
641 5207 1039 5278 magnificentia
1096 5206 1149 5260 in
1214 5206 1411 5259 a‘diutn
1470 5201 1797 5262 structuris,
1861 5215 1926 5254 co

364 5301 539 5370 magis
573 5301 820 5369 arguitur
852 5299 1159 5352 inornatam
1196 5312 1319 5352 esse
1352 5296 1610 5349 animam.
1651 5291 1754 5360 Qui
1785 5292 1926 5343 enim

367 5391 435 5445 ad
491 5393 727 5460 seipsum
779 5391 998 5459 aspicit,
1058 5399 1110 5442 et
1155 5389 1544 5442 habitationem
1594 5400 1719 5439 vere
1772 5398 1926 5436 suam

367 5491 620 5548 exornat,
665 5490 724 5534 ut
756 5481 1050 5550 aliquando
1078 5479 1238 5534 etiam
1286 5478 1450 5533 Deum
1494 5474 1732 5543 excipiat
1778 5471 1933 5525 habi-

367 5587 590 5638 tantem,
643 5577 688 5632 is
720 5577 878 5629 aliam
924 5575 1082 5629 habet
1118 5574 1398 5628 materiam
1441 5587 1504 5626 ex
1537 5583 1644 5639 qua
1688 5567 1778 5620 tali
1829 5565 1930 5619 ha-

2028 4471 2223 4542 τέχνης
2257 4473 2364 4526 ἀπὸ
2408 4475 2689 4544 μιμήσεως
2735 4472 2806 4527 τὰ
2837 4473 3074 4541 ἀθέατα,
3124 4477 3218 4529 καὶ
3245 4479 3349 4532 ὅσα
3385 4481 3440 4531 ἐν
3478 4479 3575 4538 τοῖς

2029 4561 2291 4624 τοιούτοις
2337 4563 2484 4618 ἔστιν
2514 4563 2642 4617 ίδεῖν
2670 4565 2748 4628 είς
2773 4563 3034 4634 ἔκπληξίν
3081 4583 3139 4619 τε
3171 4567 3264 4620 καὶ
3293 4567 3438 4640 ὥραν
3467 4568 3573 4618 ὲπιο

2028 4666 2087 4702 τε
2093 4651 2364 4722 χνώμενα.

2104 4834 2227 4898 Πῶς
2262 4835 2326 4888 ἄν
2365 4853 2449 4899 τις
2496 4836 2566 4889 τὰ
2609 4837 2730 4891 καθ’
2758 4839 2988 4892 ἕκαστον
3019 4839 3274 4903 διεξέλθοι
3302 4840 3379 4911 τῷ
3417 4841 3572 4908 λόγῳ.

2034 4925 2091 4979 ὲν
2123 4922 2204 4989 οἷς
2244 4929 2276 4998 ή
2305 4927 2504 4998 σπουδὴ
2534 4931 2835 5000 κατηγορία
2865 4931 2959 4984 καὶ
3003 4930 3220 5001 ἐλεγχος
3249 4935 3346 5002 τῆς
3375 4932 3495 5001 περὶ
3519 4928 3579 4982 τὰ

2035 5018 2277 5090 πρότερα
2329 5018 2598 5091 ῥᾳθυμίας
2649 5021 2826 5085 ὲστίν;
2861 5022 3011 5091 Ὀσῳ
3062 5023 3170 5093 γάρ
3207 5023 3272 5076 ἂν
3325 5022 3579 5091 πλεονάσῃ

2033 5109 2110 5179 τῷ
2154 5109 2348 5179 πλήθει
2396 5111 2489 5163 καὶ
2530 5113 2597 5181 τῇ
2639 5112 2763 5181 περὶ
2805 5113 2902 5174 τάς
2936 5111 3064 5176 ὕλας
3093 5113 3368 5184 φιλοτιμίᾳ
3412 5113 3502 5183 τὴν
3530 5113 3580 5162 ἐν

2033 5205 2147 5264 τοῖς
2183 5200 2748 5272 κατασκευαζομένοις
2798 5203 3066 5268 σπουδὴν,
3115 5204 3353 5274 τοσούτῳ
3400 5202 3580 5272 μᾶλλον

2031 5293 2242 5363 ἐλέγχει
2282 5292 2342 5345 τὸ
2368 5295 2465 5362 τῆς
2510 5292 2690 5362 ψυχῆς
2737 5292 3166 5350 ἀκαλλώπιστον.
3215 5295 3273 5347 '0
3309 5295 3415 5364 γὰρ
3461 5292 3579 5362 πρὸς

2033 5385 2222 5437 ἑαυτὸν
2251 5384 2480 5454 βλέπων,
2525 5385 2619 5436 καὶ
2653 5383 2754 5455 τὴν
2782 5383 2917 5437 ίδίαν
2955 5384 3121 5448 ὄντως
3149 5385 3360 5456 οἴκησιν
3395 5383 3581 5438 καλλω-

2033 5475 2234 5541 πίζων,
2267 5473 2406 5527 ὥστε
2455 5473 2587 5526 ποτὲ
2637 5475 2731 5527 καὶ
2781 5475 2871 5528 τὸν
2901 5475 3031 5531 Θεὸν
3077 5480 3283 5533 ἐνοικον
3316 5477 3575 5542 δέξασθαι,

2035 5564 2200 5627 ἄλλας
2252 5565 2362 5633 ἔχει
2411 5563 2509 5626 τὰς
2544 5563 2674 5628 ὕλας
2721 5565 2780 5629 ἐξ
2823 5557 2897 5617 ὧν
2944 5566 3006 5619 τὸ
3049 5567 3240 5633 κάλλος
3268 5571 3337 5639 τῇ
3376 5565 3576 5632 τοιιιύτξι⁸

3703 2315 3705 2406 l
