3766 5986
186 149 290 205 657

1226 146 1294 199 ΙΝ
1336 143 1869 200 ΕΟΟΜΞΞΙΑΒΤΕΝ.
1900 143 2182 200 HOMILIA
2215 144 2302 200 ill.

3314 139 3418 201 (-58

186 262 383 331 οἰκήσει
422 260 848 329 σονερανίζεται.
889 255 1020 314 Οἶδα
1057 258 1170 328 ἐγὼ
1205 259 1406 330 χρυσὸν
1436 262 1546 323 τοῖς
1578 277 1673 314 τοι‹

1931 261 2099 316 ationi
2133 261 2390 316 conciliat
2422 261 2905 331 pulchritudinem.
2951 262 3086 317 Novi
3131 262 3277 316 enim
3315 274 3418 332 ego

185 371 290 416 τοις
315 351 491 422 ἔργοις
519 350 902 416 ἐνστίλὸοντα,
945 351 1034 403 τὸν
1066 351 1131 404 ἐκ
1162 351 1260 422 τῆς
1292 352 1513 422 Γραφῆς
1544 352 1751 421 νοημά-

187 459 287 494 των
333 439 793 510 μεταλλευόμενον
815 457 829 470 ·
881 436 999 493 οἶδα
1048 440 1284 510 ἄργυρον
1332 440 1400 492 τά
1450 440 1566 493 θεῖα
1596 440 1751 510 λόγια

187 531 252 584 τά
273 528 675 599 πεπυρωμένα,
705 521 780 583 ὧν
815 529 1114 600 ἀστράπτει
1141 533 1175 600 ὴ
1207 529 1507 600 λαμπηδὼν
1539 530 1625 585 διὰ
1653 532 1754 602 τῆς

187 620 432 690 ἀληθείας
461 619 844 690 ἐκλάμπουσα.
875 619 1054 674 Λίθων
1086 620 1142 673 δὲ
1182 621 1440 675 ποικίλων
1468 622 1662 689 αὐγὰς,
1693 621 1752 687 ἐξ

186 707 256 765 ὧν
279 711 409 763 οἵτε
451 713 622 780 τοῖχοι
667 711 762 764 τοῦ
792 710 1030 764 τοιούτου
1065 710 1194 764 ναοῦ
1231 709 1708 782 κατακοσμοῦνται
1733 751 1750 776 ,

188 805 275 856 καὶ
312 805 412 874 τῆς
459 807 801 874 κατασκευῆς
843 806 912 860 τὰ
962 805 1134 876 ἐδάφη
1191 805 1289 869 τὰς
1348 805 1597 868 ποικίλας
1644 805 1753 858 τῶν

187 895 391 966 ἀρετῶν
433 895 699 960 διαθέσεις
740 898 972 967 νοήσας,
1005 898 1105 950 οὐκ
1137 895 1202 950 ἂν
1240 896 1508 968 ἁμάρτοις
1549 896 1644 950 τοῦ
1684 899 1752 968 τῇ

122 986 125 988 ’
187 986 327 1056 οἰκία
371 986 672 1056 πρέποντος
718 987 941 1057 κόσμου.
984 987 1416 1063 καταστορέσθω
1457 991 1521 1059 τῇ
1550 990 1754 1058 ἐγκρα-

186 1076 298 1146 τείᾳ
345 1077 403 1130 τὸ
434 1077 646 1146 ἔδαφος,
695 1077 763 1130 δι’
794 1072 863 1148 ἦς
895 1080 928 1149 ή
971 1079 1069 1150 τῆς
1106 1079 1303 1151 γητνης
1339 1080 1578 1142 διανοίας
1610 1080 1756 1143 κόνις

187 1168 243 1221 οὐ
272 1168 543 1238 διοχλήσει
573 1168 663 1222 τὸν
690 1168 1067 1238 διαιτώμενον.
1105 1171 1166 1222 Ἢ
1195 1171 1304 1223 τῶν
1333 1171 1578 1241 οὐρανῶν
1599 1171 1756 1234 ἐλπὶς

188 1254 464 1326 ώραῖζέτω
512 1254 605 1308 τὸν
648 1256 876 1326 ὄροφον,
911 1258 1046 1329 πρὸς
1075 1259 1140 1329 ἢν
1171 1259 1490 1314 ἀναϐλέπων
1541 1260 1620 1332 τῷ
1659 1262 1756 1332 τῆς

1851 367 2046 407 aurum
2093 354 2240 423 quod
2289 352 2602 424 resplendet
2658 353 2714 406 in
2763 352 3075 422 hujusmodi
3126 351 3418 422 operibus,

1852 443 1996 512 quod
2031 445 2246 511 quidem
2275 461 2342 500 ex
2377 443 2667 515 Scriptum
2701 444 2958 499 sensibus
2986 442 3256 501 ell‘oditur.
3282 442 3418 497 Novi

1852 547 2134 606 argentum
2181 535 2366 590 divina
2411 535 2626 605 eloquia
2679 535 2803 606 igne
2863 540 3126 604 purgata,
3187 548 3417 603 quorum

1855 624 2022 696 fulget
2071 627 2328 696 splendor
2373 626 2617 682 emicans
2654 641 2749 697 per
2785 626 3088 680 veritatem.
3131 623 3418 703 Y-ariorum

1853 725 2033 771 autem
2085 716 2325 787 lapidum
2369 717 2710 784 splendores.
2771 717 2976 786 quibus
3025 716 3189 786 hujus
3235 717 3422 786 templi

1853 814 2119 862 ornantur
2159 809 2414 876 parietes,
2462 817 2517 862 et
2567 807 2930 878 pavimentum
2977 807 3212 872 aedilicii,
3251 808 3423 860 virtu-

1854 903 1968 949 tum
2014 897 2194 951 varias
2246 897 2555 968 intelligens
2603 897 2940 962 eﬂ’ectiunes,
2983 912 3102 952 non
3143 895 3423 954 aberrabis

1855 987 1923 1042 ab
1964 997 2285 1043 ornamento
2327 989 2470 1058 quod
2510 987 2732 1042 domum
2771 987 2948 1042 decet.
2997 987 3288 1043 Sternatur
3327 1003 3422 1044 so-

1857 1077 1968 1131 lum
2003 1079 2367 1143 continentia,
2407 1095 2503 1150 per
2531 1094 2698 1150 quam
2747 1079 3180 1150 pulvisterrenze
3226 1080 3425 1136 mentis

1858 1183 1964 1222 non
1995 1167 2182 1223 all‘eret
2211 1170 2514 1224 molestiam
2543 1171 2595 1226 ei
2634 1153 2728 1241 qui
2759 1170 3046 1226 inhabitat.
3088 1169 3224 1240 Spes
3251 1173 3424 1226 ταξιο-

1856 1275 1976 1313 rum
2041 1269 2238 1315 tectum
2299 1260 2566 1323 illustret,
2609 1260 2696 1315 ad:
2731 1275 2894 1332 quam
2952 1263 3179 1318 intuens
3233 1260 3427 1318 anima

186 1344 364 1416 ψυχῆς
386 1344 681 1417 ὀφθαλμῷ,
711 1349 811 1401 οὐκ
841 1348 1081 1414 εἰδώλοις
1111 1350 1338 1414 κάλλους
1367 1351 1460 1404 διὰ
1485 1351 1673 1420 γλυφίδ

1940 1352 2038 1414 alo,
2086 1366 2194 1405 non
2229 1351 2664 1422 pulchritudinis.
2685 1353 2984 1409 simulacra
3011 1354 3154 1409 ctelo
3188 1360 3244 1408 et
3285 1355 3427 1408 scal-

185 1437 676 1508 μεμορφωμένοις,
723 1440 839 1493 ἀλλ’
873 1441 1006 1494 αὐτὸ
1049 1441 1170 1511 ὄψει
1198 1443 1258 1496 τὸ
1285 1444 1592 1514 ἀρχέτυπον
1629 1463 1672 1498 κι

1942 1443 2005 1496 llo
2036 1443 2290 1508 formata,
2317 1443 2412 1497 sed
2447 1442 2861 1513 videbisipsum
2887 1444 3162 1514 exemplar
3186 1445 3429 1516 pulchri-

187 1528 293 1592 λος,
314 1529 377 1581 οὐ
409 1529 592 1601 χρυσῷ
610 1548 713 1583 τινι
734 1533 827 1584 καὶ
841 1531 1064 1604 ἀργύρῳ
1082 1534 1475 1606 διηνθισμένον,
1493 1535 1608 1588 ἀλλ’
1623 1537 1674 1589 ὅτ

1938 1533 2070 1590 linis
2103 1548 2211 1588 non
2257 1547 2414 1591 auro.
2437 1541 2494 1587 et
2528 1541 2755 1603 argento
2795 1533 2991 1588 illitum
3039 1540 3096 1588 et
3127 1533 3425 1595 excultum,

184 1616 327 1686 ὑπὲρ
347 1619 566 1688 χρυσίον
594 1621 687 1673 καὶ
711 1622 856 1676 λίθον
886 1623 1062 1694 τίμιόν
1091 1626 1206 1678 ἐστι
1239 1625 1426 1681 πολύν.
1461 1628 1526 1680 Et
1564 1627 1621 1681 δέ
1655 1647 1671 1698 γ

1943 1625 1954 1679 Ι
1991 1625 2135 1695 quod
2168 1633 2252 1681 est
2303 1626 2668 1695 longevsuper
2712 1639 2905 1680 aurum
2949 1632 3004 1680 et
3043 1633 3322 1695 argentum
3373 1632 3430 1678 et

190 1707 280 1760 καὶ
301 1709 371 1760 ἐκ
394 1709 638 1778 πλαγίων
659 1712 862 1784 κόσμον
891 1714 1203 1786 ὑπογράψαι
1231 1714 1310 1786 τῷ
1342 1716 1484 1788 λόγῳ
1501 1758 1515 1782 ,
1544 1718 1677 1772 ἔνθεπ

1941 1717 2097 1773 iidem
2139 1717 2460 1787 pretiosum.
2508 1715 2666 1782 Quod
2709 1716 2756 1772 si
2803 1715 2966 1770 etiam
3011 1730 3077 1769 ex
3114 1722 3428 1770 transverso

188 1799 465 1870 ἀφθαρσία
486 1805 625 1875 καὶῄ
645 1805 886 1858 ἀπάθεια
905 1807 1284 1862 διαπλακούτω
1315 1808 1406 1863 τὸν
1431 1808 1578 1864 οἷκον
1596 1827 1610 1841 ·
1628 1813 1675 1865 ἐι

1977 1809 2160 1864 verbis
2195 1807 2596 1864 describendas
2629 1815 2880 1870 ornatus,
2932 1807 3058 1861 hinc
3090 1806 3427 1875 iucorruptio

189 1889 271 1943 θεν
289 1893 326 1962 ή
342 1892 652 1966 δικαιοσύνη
669 1897 758 1949 καὶ
776 1899 834 1950 τὺ
848 1898 1112 1970 ἀόργητον
1130 1901 1399 1972 κοσμείτω
1412 1903 1510 1974 τὴν
1530 1904 1761 1975 οἴκησιν.

191 1982 326 2035 Καθ’
352 1983 536 2054 ἕτερον
557 1984 769 2057 μέροςή
801 1990 1266 2062 ταπεινοφροσύνη
1291 1992 1467 2046 καὶτὸ
1497 1994 1766 2066 μακρόθιμ

187 2090 288 2142 μον
309 2073 341 2126 δ
349 2074 684 2146 ιαλαμπέτω,
705 2078 798 2131 καὶ
830 2079 950 2132 κατ’
975 2080 1103 2134 ἄλλο
1123 2081 1358 2154 πάλιν,ή
1395 2099 1460 2134 πε
1469 2082 1520 2153 ρὶ
1539 2084 1598 2138 τὸ
1616 2084 1765 2140 Θεῖον

188 2164 472 2218 εὐσέϐεια·
513 2168 690 2222 πάντα
709 2169 765 2221 δὲ
794 2170 964 2224 ταῦτα
993 2173 1021 2224 ό
1056 2173 1217 2236 καλὸς
1243 2174 1488 2245 τεχνίτης
1517 2176 1550 2246 ἡ
1576 2176 1764 2250 ἀγάπη

189 2254 425 2321 εὐθέτως
451 2258 586 2328 πρὸς
606 2259 810 2331 ἄλληλα
835 2263 1237 2333 συναρμοζέτω.
1257 2264 1376 2318 Κᾶν
1395 2264 1633 2338 λουτρῶν
1649 2268 1767 2321 ἐπι-

190 2347 390 2418 θυμῇς,
422 2349 518 2403 ἐάν
549 2349 727 2424 θέλῃς,
763 2352 906 2423 ἔχεις
938 2354 1032 2408 καὶ
1060 2354 1280 2426 λουτρὸν
1312 2356 1656 2421 κατοικίδιον,
1673 2358 1766 2416 καὶ

192 2439 455 2506 κρουνοὺς
486 2439 648 2504 ίδίους
675 2441 742 2494 δι’
773 2437 848 2496 ὧν
893 2443 1006 2497 ἐστι
1051 2445 1149 2508 τὰς
1190 2445 1411 2518 κηλῖδας
1457 2448 1559 2519 τῆς
1589 2447 1767 2520 ψυλέῆς

190 2529 595 2603 ἀπονίψασθαι,
627 2526 672 2600 ᾧ
698 2534 961 2605 ἐκέχρητο
997 2536 1090 2589 καὶ
1121 2539 1154 2598 ¹ό
1193 2537 1364 2607 μέγας
1400 2539 1598 2606 Δαϐὶδ,
1629 2542 1770 2607 κατὰ

189 2620 365 2675 νύκτα
392 2623 672 2694 ἐντρυφῶν
696 2624 774 2696 τῷ
794 2627 1020 2697 τοιούτῳ
1053 2627 1280 2699 λουτρῷ.
1321 2630 1552 2695 Στύλους
1569 2632 1642 2698 δὲ
1670 2631 1769 2704 τὴν

189 2712 286 2782 τῆς
314 2713 496 2783 ψυχῆς
531 2715 690 2769 στοὰν
723 2718 1125 2789 ὐπερείδοντας,
1153 2720 1226 2792 μὴ
1254 2721 1520 2796 Φρυγίους
1532 2722 1768 2794 ,τινάς,ἢ

193 2806 534 2876 πορφυρίτας
587 2810 968 2880 περιεργάζου,
1002 2811 1136 2866 ἀλλά
1175 2813 1236 2866 τὺ
1279 2815 1336 2866 ἐν
1372 2798 1531 2879 παντὶ
1582 2815 1770 2887 ἀγαθῷ

1861 1908 1916 1955 et
1943 1899 2323 1972 ,impatibilitas
2361 1899 2582 1954 domum
2609 1899 2912 1962 incrustet;
2945 1898 3094 1952 illinc
3129 1897 3344 1966 justitia
3375 1907 3430 1952 et

1865 1991 1957 2044 ira:
2004 2006 2119 2047 non
2160 2005 2282 2046 esse
2330 1990 2624 2044 obnoxium
2681 1995 2838 2044 ornet
2887 1988 3302 2044 habitationem.
3346 1986 3425 2049 Ex

1863 2083 2033 2136 altera
2067 2091 2227 2152 parte
2279 2079 2629 2151 resplendeat
2681 2080 2968 2134 humilitas
2999 2086 3055 2133 et
3103 2078 3323 2143 lenitas,
3371 2085 3430 2134 et

1865 2187 2059 2227 rursus
2090 2187 2173 2225 ex.
2195 2171 2300 2226 alia
2334 2171 2389 2226 in
2434 2169 2604 2227 Deum
2642 2170 2841 2240 pietas.
2871 2167 2998 2224 Hac
3031 2175 3214 2223 autem
3244 2167 3429 2222 omnia

1866 2262 2166 2333 praeclarus
2211 2260 2433 2326 artifex,
2479 2275 2678 2331 nempe
2710 2259 2977 2324 charitas,
3023 2266 3150 2330 apte
3183 2259 3331 2314 inter
3369 2273 3432 2314 se

1865 2357 2183 2426 conjungat.
2243 2349 2394 2416 Quod
2417 2349 2471 2424 si
2497 2352 2702 2406 lavacra
2725 2352 3017 2414 desideres.
3041 2362 3096 2408 et
3123 2353 3267 2409 domi
3301 2353 3429 2408 velis

1870 2446 2073 2508 habere.
2106 2447 2396 2506 lavacrum,
2420 2443 2738 2513 etproprios
2768 2443 2944 2499 fontes
2980 2441 3270 2505 salientes,
3307 2443 3433 2513 quis

1865 2534 1973 2590 bus
2018 2534 2216 2594 animae
2261 2532 2488 2587 maculae
2513 2533 2727 2602 possint
2763 2531 2900 2598 elui,
2951 2530 3004 2586 id
3034 2538 3190 2602 potes
3227 2532 3438 2590 habere

1868 2642 1978 2698 quo
2011 2641 2146 2682 usus
2173 2631 2260 2680 est
2293 2639 2526 2695 magnus
2571 2623 2766 2686 David,
2803 2630 2972 2678 noctu
3005 2623 3062 2678 in
3107 2637 3174 2679 eo
3206 2625 3433 2680 lavacro

1871 2733 1932 2775 se
1979 2717 2289 2774 obiectans.
2323 2715 2621 2770 Columnas
2652 2724 2835 2771 autem
2877 2730 2998 2786 quae
3032 2714 3228 2771 animm
3262 2715 3433 2784 portl-

1870 2824 1995 2865 cum
2045 2809 2345 2872 sustinent,
2397 2823 2507 2861 non
2548 2805 2834 2879 Phrygias,
2886 2813 2982 2859 aut
3020 2802 3426 2877 porphyreticas
3474 2818 3478 2823 ·

193 2897 462 2966 στάσιμόν
495 2914 556 2949 τε
591 2899 684 2951 καὶ
710 2899 1105 2973 ἀμετακίνητον
1132 2903 1239 2955 τῶν
1277 2903 1477 2958 ὺλικῶν
1508 2904 1651 2958 ἔστω

1947 2917 2133 2964 ocura,
2189 2901 2283 2955 sed
2343 2898 2618 2955 stabilitas
2664 2906 2719 2952 et
2774 2896 3131 2951 immobilitas
3177 2894 3234 2949 in
3283 2895 3434 2950 omni

191 2989 400 3040 τούτων
443 2987 912 3060 καλλωπισμάτων
959 2992 1404 3066 πολυτιμότερον.
1449 2997 1656 3052 Εἷδωλα
1711 2998 1770 3052 δέ

192 3078 537 3141 παντοδαπὰ,
572 3080 606 3150 ἢ
633 3082 690 3132 ἐν
719 3084 956 3152 γραφαῖς
994 3083 1026 3152 ἢ
1055 3084 1118 3138 ἐν.
1141 3085 1470 3156 πλάσμασιν,
1503 3087 1604 3142 ὅσα
1635 3089 1773 3159 πρὸς

187 3170 437 3256 μίμησιν
492 3171 590 3240 τῆς
632 3171 888 3242 ἀληθείας
929 3174 995 3227 δι’
1045 3175 1259 3246 ἀπάτης
1300 3178 1684 3248 ἐπιτεχνῶνται
1723 3181 1772 3233 οί

192 3262 504 3331 ἄνθρωποι,
539 3264 571 3334 η
618 3263 840 3334 τοιαύτη
873 3266 934 3318 οὐ
991 3267 1340 3338 καταδέχεται
1393 3271 1623 3340 οἴκησις,
1655 3265 1772 3344 ἐνῇ

193 3353 360 3423 γέμει
408 3353 476 3406 τά
526 3355 623 3424 τῆς
665 3356 921 3424 ἀληθείας
966 3359 1276 3429 ἀγάλματα.
1321 3361 1562 3431 Δρόμους
1590 3363 1647 3415 δὲ
1679 3363 1774 3415 καὶ

197 3443 537 3513 περιπάτους
561 3444 864 3516 ἐπιθυμῶν,
885 3446 986 3516 τὴν
1017 3449 1075 3500 ἐν
1095 3449 1212 3511 ταῖς
1243 3449 1480 3514 ἐντολαῖς
1524 3448 1667 3518 ἔχεις
1699 3449 1776 3502 δι-

195 3536 449 3604 αγωγήν.
473 3534 628 3588 Οὕτω
647 3537 754 3606 γάρ
773 3552 936 3606 φησιν
957 3538 992 3605 ὴ
1015 3536 1205 3604 Σοφία,
1225 3537 1310 3589 Ἐν
1332 3537 1470 3600 ὁδοῖς
1510 3538 1784 3617 δικαιοσύτ

197 3643 293 3694 νης
321 3625 633 3710 περιπατῶ,
663 3626 756 3678 καὶ
775 3624 882 3688 ἀνὰ
911 3625 1075 3695 μέσον
1103 3627 1237 3680 όδῶν
1256 3627 1622 3699 δικαιώματος
1655 3631 1786 3684 ἀνα-

200 3715 539 3785 στρέφομαι.
564 3714 652 3776 Ὠς
674 3713 836 3775 καλόν
854 3715 1003 3767 ἐστιν
1025 3714 1085 3767 ἐν
1099 3713 1309 3777 τούτοις
1323 3715 1680 3772 διακινεῖσθαι
1694 3718 1788 3771 καὶ

194 3805 662 3874 διαγυμνάζεσθαι
699 3805 796 3876 τὴν
830 3805 1026 3876 ψυχὴν,
1061 3807 1154 3860 καὶ
1201 3807 1475 3862 διελθόντα
1511 3811 1576 3880 τῇ
1620 3811 1776 3881 κινή-

199 3910 280 3945 σει
321 3893 417 3945 τὸν
460 3892 560 3960 τῆς
593 3891 812 3962 ἐντολῆς
843 3894 1029 3960 τόπον,
1052 3892 1144 3946 ἐπὶ
1183 3893 1243 3947 τὸ
1283 3895 1414 3948 αὐτὸ
1455 3896 1616 3951 πάλιν
1646 3898 1776 3956 ἁνατ

198 3984 461 4054 στρέφειν
489 4000 502 4015 ο
530 3984 795 4046 τουτέστι,
823 3982 1185 4053 πληρώσαντα
1208 3985 1306 4057 τὴν
1330 3988 1436 4039 τῶν
1485 3988 1778 4055 σπουδαζο-

197 4075 386 4144 μένων
413 4073 559 4147 αὐτῷ
586 4072 824 4144 ἐντολὴν,
859 4072 1020 4126 πάλιν
1054 4073 1191 4145 πρὸς
1211 4075 1304 4128 τὸν
1331 4076 1576 4149 δεύτερόν
1599 4096 1658 4132 τε
1684 4079 1780 4136 καὶ

195 4165 386 4236 τρίτον
431 4165 462 4234 ἠ
493 4163 585 4223 τοῦ
616 4163 779 4235 ἤθους
806 4164 1143 4236 κατόρθωσις
1185 4165 1281 4228 καὶ
1311 4168 1359 4237 η,
1396 4155 1776 4242 εὐσχημοσύνη

1872 2995 2017 3049 bono
2065 2994 2138 3048 sit
2192 2992 2352 3061 longe
2406 2989 2700 3061 pretiosior
2744 2988 2830 3043 bis
2873 2985 3215 3042 ornamentis
3272 2995 3444 3041 mate-

1871 3084 2048 3139 riatis.
2099 3081 2273 3136 Omne
2323 3096 2497 3151 genus
2544 3090 2726 3134 autem
2779 3077 3097 3142 simulacra,
3153 3091 3252 3132 seu
3299 3075 3437 3144 picta

1873 3191 1969 3230 seu
1995 3175 2138 3237 ﬁcta,
2171 3188 2293 3242 quae
2334 3173 2402 3226 ad
2439 3171 2805 3224 imitationem
2851 3167 3102 3224 veritatis
3143 3163 3430 3220 artiﬁciose

1879 3265 2120 3320 fallendo
2171 3262 2424 3317 homines
2462 3259 2833 3322 fabricantur,
2879 3273 2992 3312 non
3037 3254 3284 3311 admittit
3327 3256 3442 3310 haec

1875 3351 2169 3415 habitatio,
2201 3351 2258 3404 in
2289 3365 2396 3420 qua
2426 3354 2558 3403 sunt
2586 3347 2761 3417 plena:
2784 3345 3050 3415 imagines
3075 3343 3346 3399 veritatis.
3381 3345 3436 3399 Si

1873 3459 2097 3500 cursum
2136 3451 2318 3498 autem
2348 3447 2403 3500 et.
2434 3436 2932 3494 deambulationem
2965 3433 3274 3497 desideras,
3315 3444 3444 3486 ver-

1876 3536 1989 3592 sari
2015 3543 2069 3590 te
2097 3541 2322 3603 oportet
2344 3533 2399 3586 in
2428 3528 2736 3601 praeceptis.
2774 3527 2866 3582 Sic
2888 3526 3034 3582 enim
3059 3524 3197 3579 dicit
3215 3522 3444 3591 Sapien-

1877 3627 1976 3688 tia,
2005 3625 2066 3680 ln
2103 3623 2214 3678 viis
2253 3621 2485 3691 iustitiae
2538 3618 2783 3684 ambulo,
2823 3623 2888 3671 et
2919 3628 3114 3669 versor
3171 3612 3227 3666 in
3261 3611 3443 3670 medio

1875 3719 2089 3774 viarum
2126 3711 2560 3785 jnstiticationis.
2593 3707 2768 3774 Quam
2813 3704 3106 3776 pulchrum
3132 3710 3218 3758 est
3269 3702 3322 3756 in
3356 3701 3444 3757 his

1879 3807 2074 3880 agitari
2124 3813 2178 3860 et
2203 3802 2457 3860 exerceri
2496 3799 2758 3863 animam,
2791 3806 3003 3852 etcum
3054 3793 3310 3863 praecepti
3363 3793 3447 3847 los

1877 3915 2003 3954 cum
2055 3904 2206 3952 motu
2247 3891 2576 3964 pervaserit,
2640 3887 2834 3944 eodem
2881 3885 3086 3942 reverti
3131 3883 3286 3940 :hoc
3336 3890 3445 3950 est,

1878 3997 1938 4046 ut
1966 4004 2090 4044 cum
2123 3984 2430 4056 impleverit
2465 3981 2784 4037 mandatum
2815 3993 3006 4035 eorum
3042 3977 3099 4031 in
3132 3990 3255 4047 quae
3283 3989 3445 4030 suum

1878 4079 2090 4137 confert
2121 4077 2383 4141 studium,
2420 4071 2896 4128 secundorursus
2943 4078 2996 4121 et
3036 4067 3198 4124 tertio
3225 4064 3450 4121 excola-

1880 4180 1971 4227 tur
2003 4185 2234 4230 morum
2281 4166 2531 4238 probitas
2585 4171 2643 4219 et
2681 4162 2808 4216 vita;
2849 4161 3132 4215 honestas.
3183 4157 3294 4224 Qui
3343 4156 3449 4212 hoc

193 4257 291 4311 τοῦ
329 4255 448 4325 βίου
477 4256 880 4321 καλλωπιζέτω.
915 4256 972 4310 '0
990 4257 1175 4312 τοῦτον
1197 4258 1288 4312 τὸν
1307 4260 1504 4329 τρόπον
1531 4259 1680 4325 ἐξασι

1960 4263 2042 4317 ldo
2065 4262 2133 4316 ad
2167 4257 2632 4331 pulchritudinem
2671 4269 2831 4310 suum
2869 4259 3099 4305 exornat
3132 4248 3447 4314 editicium,

196 4350 276 4412 ei;
303 4346 503 4410 κάλλος
535 4347 594 4399 τὸ
621 4346 956 4417 οἰκοδόμημα
985 4348 1046 4400 τὸ
1078 4347 1290 4412 ἐαυτοῦ,
1335 4350 1504 4419 μικρά
1535 4354 1777 4422 φροντιεῖ

197 4439 298 4508 τῆς
328 4439 524 4516 γηῖνης
545 4437 695 4504 ὕλης,
715 4439 814 4491 οὐκ
838 4439 1111 4509 ἐνοχλήσει
1141 4440 1420 4508 μετάλλοις
1440 4441 1546 4502 οὐκ,
1583 4441 1777 4503 Ἰνδικά

199 4530 435 4601 περάσει
478 4529 706 4598 πελάγη,
739 4529 826 4582 ἵνα
851 4529 919 4582 τά
961 4529 1068 4583 τῶν
1109 4529 1412 4598 ἐλεφάντων
1447 4530 1582 4588 ὀστᾶ
1604 4532 1775 4600 ἐμπο-

200 4620 489 4692 ρεύσηται,
520 4619 580 4671 οὐ
611 4618 864 4689 τεχνιτῶν
888 4619 1234 4691 περιεργείας
1253 4619 1613 4691 μισθώσεται,
1639 4617 1714 4677 ὧν
1740 4625 1774 4694 ἡ

198 4714 368 4783 τέχνη
415 4710 831 4782 προσαπτομένη
865 4713 930 4782 τῇ
977 4709 1080 4784 ὕλῃ
1105 4727 1120 4742 ο
1157 4711 1271 4764 ἀλλ’
1296 4711 1504 4766 οἴκοθεν
1547 4713 1660 4784 ἔχει
1684 4713 1774 4766 τὸν

203 4788 439 4860 πλῧῦτον
465 4800 555 4853 τὸν
586 4803 706 4863 ταῖς
731 4799 1003 4863 τοιαύταις
1040 4803 1404 4866 κατασκευαῖς
1441 4805 1778 4874 χορηγοῦντα

200 4895 304 4958 τὰς
336 4893 488 4956 ὔλας.

203 4993 213 5004 ‘
275 4986 402 5047 Τοῖς
427 4984 528 5053 μὲν
543 4985 650 5056 γάρ
666 4969 1034 5056 εὐνουστέροις
1051 4983 1158 5038 τῶν
1183 4984 1411 5050 παίδων,
1446 4985 1598 5040 ἐλέου
1626 4985 1776 5052 ἄξιον

199 5075 465 5145 ἐνομίσθη
493 5075 553 5127 τὸ
595 5076 998 5146 ἀσχημάτιστον
1029 5093 1044 5108 ·
1078 5075 1156 5147 τῷ
1185 5076 1243 5134 δὲ
1273 5076 1559 5148 ἀτασθάλῳ
1583 5095 1645 5130 τε
1684 5079 1779 5132 καὶ

199 5165 533 5235 ἀπαιδεύτῳ,
562 5165 795 5234 γέλωτος
839 5167 1095 5239 ἀφορμὴ,
1118 5166 1178 5220 τὸ
1225 5167 1324 5238 τῆς
1359 5167 1528 5239 μέθης
1572 5169 1783 5236 γίνεται

199 5258 406 5326 θέαμα.
425 5256 600 5312 Πολύν
622 5257 680 5310 δέ
707 5258 1097 5328 περιλαμϐάνει
1125 5258 1460 5328 παθημάτων
1485 5260 1781 5329 κατάλογον

201 5349 236 5420 ἡ
274 5348 374 5416 τῆς
407 5335 514 5398 τῶν
565 5347 900 5416 ἀμπελώνων
946 5349 1167 5417 φυτείας
1200 5349 1600 5420 ἐξομολόγησις.
1637 5351 1781 5404 Ὅσα

276 5521 328 5552 ⁸ο
367 5519 499 5575 Gen.
534 5535 611 5583 Ix,
648 5519 716 5572 22
745 5501 904 5587 sqq.~

1883 4371 2075 4425 parum
2133 4350 2349 4406 curabit
2411 4359 2688 4403 terrenam
2750 4341 3072 4405 materiam,
3136 4354 3248 4394 non
3295 4338 3451 4394 dabit

1882 4459 2104 4516 operam
2138 4439 2414 4497 fodiendis
2454 4434 2714 4499 metallis,
2745 4447 2860 4488 non
2901 4431 3086 4487 [ndica
3111 4431 3450 4487 transmittat

1881 4536 2083 4601 maria,
2121 4543 2183 4588 ut
2214 4541 2362 4588 emat
2392 4544 2522 4586 ossa
2549 4527 2986 4596 elephantorum,
3019 4538 3127 4586 non
3153 4521 3448 4576 artillcium

1882 4638 2358 4698 supervacaneum
2391 4627 2471 4675 -et
2518 4617 2801 4675 curiosum
2855 4613 3126 4672 conducet
3172 4611 3448 4674 laborem,

1881 4733 2120 4790 quorum
2150 4731 2242 4772 ars
2266 4719 2357 4776 est
2379 4712 2637 4783 adjuncta
2670 4705 2954 4762 materiae:
2988 4702 3083 4759 sed
3112 4702 3257 4757 domi
3283 4699 3450 4754 habet
3565 4773 3569 4777 ς

1881 4826 2036 4882 opes.
2085 4822 2209 4879 quae
2242 4801 2559 4875 huiusmodi
2589 4797 2890 4856 structuris
2935 4792 3286 4864 suppeditant
3328 4803 3449 4844 ma-

1881 4902 2094 4957 teriam.
2377 4943 2388 4955 .

1953 4989 2076 5044 Filii
2112 4988 2256 5044 enim
2294 4985 2386 5058 qui
2427 4990 2584 5039 erant
2615 4980 2776 5052 paulo
2813 4967 3302 5058 benevolentiores,
3343 4969 3449 5024 mi-

1884 5077 2184 5140 sericordia
2213 5076 2437 5145 dignum
2471 5049 2840 5137 censuerunt:
2861 5067 3004 5140 quod
3033 5081 3092 5122 se
3119 5073 3332 5135 gereret
3362 5063 3448 5117 in-

1888 5171 2085 5226 decore
2104 5167 2150 5198 ⁶⁹
2180 5184 2195 5229 ;
2229 5165 2431 5220 stultus
2460 5171 2640 5218 autem
2671 5168 2725 5215 et
2765 5159 3008 5214 insolens
3037 5170 3102 5209 ex
3137 5151 3452 5222 spectaculo

1890 5256 2170 5313 ebrietatis
2222 5253 2458 5324 sumpsit
2520 5248 2868 5305 occasionem
2923 5245 3091 5300 risus.
3195 5239 3448 5309 Magnum

1888 5359 2066 5406 autem
2092 5345 2435 5402 all'ectionum
2475 5340 2781 5417 catalogum
2819 5330 3234 5404 comprehcndit
3267 5328 3452 5382 vinca-
