3738 5984
343 199 445 257 659

1539 199 1596 254 s.
1645 185 1967 254 GREGO'uu
2006 184 2292 248 MssuNl
2473 226 2476 228 ν
2788 210 2795 218 -
2939 251 2946 254 _
3485 183 3574 240 660

340 325 463 365 rum
512 310 865 378 plantatiouis
915 311 1209 366 confessio.
1265 312 1394 377 Quae
1427 314 1571 368 enim
1616 323 1672 368 et
1720 327 1816 383 qua

2096 325 2120 379 ρ
2148 308 2243 360 καὶ
2275 303 2362 359 οἷά
2395 305 2510 356 ἐστι
2560 301 2628 355 τὰ
2658 302 2752 354 τοῦ
2801 300 2942 353 οῐνου
2986 299 3390 369 ἀποτελούμενα
3421 301 3572 370 πάθη,

344 407 474 462 sunt
501 413 623 468 quae
651 413 680 451 a
706 400 832 454 vino
860 399 1000 453 ﬂunt
1031 399 1363 466 affectiones,
1396 417 1488 457 eas
1519 417 1708 458 omnes
1737 401 1914 456 oratio

345 494 616 558 potestate
642 488 1040 558 complectitur.
1080 490 1214 556 Quis
1247 490 1393 545 enim
1433 506 1498 546 ex
1526 492 1784 547 omnibus
1817 507 1915 546 ne-

345 578 471 641 scit,
503 577 648 647 quod
677 577 886 646 vinum,
935 580 1154 649 quando
1216 580 1572 637 immoderate
1636 589 1912 652 sumptum

345 667 559 722 excedit
591 682 772 734 usum,
820 677 906 724 est
943 668 1119 724 fomes
1168 671 1620 741 intemperantiae,
1658 673 1914 742 suppediv

345 762 426 821 tat
455 759 780 828 voluptates,
809 769 893 815 est
943 761 1214 830 pernicies
1262 763 1588 834 juventutis,
1651 764 1913 833 probrum

353 849 680 917 senectutis,
712 849 950 907 dedecus
1002 851 1315 919 mulierum,
1373 854 1604 910 insaniae
1657 854 1914 924 pharma-

344 954 493 1004 cum,
523 939 827 996 insolentiae
854 950 908 996 et
936 943 1249 1013 petulantiae
1277 944 1562 1008 viaticum,
1599 945 1793 998 animae
1821 958 1916 998 ve-

343 1046 568 1102 nenum,
611 1031 808 1088 mentis
841 1032 1116 1101 interitus,
1146 1035 1372 1092 virtutis
1403 1035 1701 1090 alienatio?
1725 1034 1801 1088 Ex
1823 1034 1916 1088 illo

345 1130 430 1178 est
466 1123 613 1178 risus
645 1124 852 1194 absque
874 1126 984 1179 ulla
1013 1129 1322 1194 occasione,
1362 1128 1542 1182 luctus
1571 1128 1692 1182 sine
1721 1141 1910 1192 causa,

345 1225 662 1284 spontanee
710 1216 999 1286 lacrymaa,
1052 1233 1175 1287 quae
1231 1219 1543 1273 consistere
1572 1232 1681 1273 non
1737 1225 1916 1289 potest

339 1305 627 1374 iactantia,
651 1305 706 1359 in
738 1307 1024 1362 mendacio
1057 1308 1410 1377 impudentia,
1442 1324 1631 1364 eorum
1665 1325 1786 1380 quae
1813 1309 1917 1363 mi-

345 1396 492 1450 nime
528 1411 652 1452 esse
707 1399 921 1466 possint
971 1400 1336 1463 desiderium,
1387 1415 1512 1470 spes
1566 1416 1752 1455 eorum
1794 1415 1922 1470 quae,

345 1496 623 1556 nequeunt
671 1490 783 1544 ulla
827 1489 941 1545 ﬁeri
993 1491 1224 1554 ratione,
1269 1491 1429 1545 minae
1477 1492 1640 1547 nimis
1673 1489 1914 1557 tumidae;

347 1588 528 1635 metus
585 1595 782 1650 expers
848 1582 1102 1649 rationis,
1159 1583 1382 1637 minime
1442 1583 1646 1638 sentire
1698 1597 1760 1640 ea
1794 1595 1916 1653 quas

2016 400 2194 454 πάντα
2221 400 2287 468 τῇ
2327 395 2552 465 δυνάμει
2579 391 2822 461 περιέχει
2846 394 2875 445 6
2901 392 3077 459 λόγοςε
3111 391 3207 453 Τίς
3240 390 3349 461 γὰρ
3368 392 3462 444 οὐκ
3481 387 3572 445 οἶδε

2015 492 2122 545 τῶν
2157 491 2396 552 πάντων,
2427 487 2508 539 ὅτι
2555 479 2716 549 οἶνος,
2746 484 2874 537 ὃταν
2901 477 3101 552 παρῄει
3131 486 3197 554 τῇ
3228 483 3460 554 ἀμετρίᾳ
3491 484 3576 555 τὴν

2014 582 2223 653 χρείαν,
2252 579 2545 640 ἀκολασίας
2569 576 2718 628 ἐστὶν
2740 575 3095 644 ὑπέκκαυμα,
3115 573 3318 644 ἡδονῶν
3342 575 3574 645 χορηγία,

2014 673 2264 742 νεότητος
2294 669 2462 739 λύμη,
2503 668 2688 738 γήρως
2740 665 3094 737 ἀσχημοσύνη
3117 708 3130 728 ,
3164 665 3435 733 γυναικῶν
3476 667 3576 719 ἀτιε

2019 765 2135 836 μία,
2194 761 2389 834 μανίας
2447 760 2758 830 φάρμακον,
2811 756 3095 829 παροινίας
3145 757 3388 825 ἐφόδιον,
3416 756 3576 826 ψυχῆς

2014 854 2357 924 δηλητήριον,
2382 849 2619 913 διανοίας
2663 849 2949 920 νέκρωσις,
2979 849 3180 920 ἀρετῆς
3209 847 3574 918 ἀλλοτρίωσις;

2027 945 2265 1000 Ἐκεῖθεν
2285 945 2313 997 6
2329 943 2733 1014 ἀπροφάσιστος
2754 941 2945 1008 γέλως,
2965 942 2993 993 6
3010 941 3139 995 ἀνευ
3175 941 3354 1002 αἰτίας
3378 940 3574 1014 θρῆνος,

2019 1037 2080 1091 τὸ
2135 1036 2437 1106 αὐτόματον
2467 1034 2698 1103 δάκρυον
2718 1074 2732 1098 ,
2761 1034 2794 1102 ἡ
2838 1031 3204 1095 ἀνυπόστατος
3238 1032 3575 1102 μεγαλαυχία,

2016 1127 2172 1198 ήὲπὶ
2200 1125 2277 1196 τῷ
2321 1125 2504 1194 ψεύδει
2553 1123 2934 1192 ἀναισχυντία,
2978 1125 3011 1193 ή
3063 1122 3169 1176 τῶν
3227 1123 3571 1195 ἀνυπάρκτων

2017 1213 2302 1281 ἐπιθυμία,
2326 1215 2359 1283 ἡ
2388 1212 2494 1265 τῶν
2527 1211 2824 1282 ἀμηχάνων
2856 1210 3084 1280 ἐλπὶς,ή
3119 1211 3426 1280 ὑπέρογκος
3446 1212 3578 1264 ἀπει-

2015 1305 2103 1375 λὴ,
2136 1307 2164 1357 6
2201 1303 2393 1370 ἄλογος
2423 1303 2607 1371 φόϐος,
2642 1305 2675 1372 η
2708 1302 2814 1354 τῶν
2865 1301 3008 1354 κατά
3062 1301 3316 1374 ἀλήθειαν
3351 1303 3579 1376 φοϐερῶν

2017 1394 2358 1465 ἀναισθησία,
2393 1394 2431 1464 ἡ
2465 1393 2702 1456 ἀναίτιος
2750 1391 2978 1461 ὑποψία,
3012 1393 3044 1462 ἡ
3075 1393 3386 1464 παράλογος
3406 1393 3578 1462 φιλαν-

2018 1486 2255 1558 θρωπία,
2283 1486 2318 1557 ἡ
2361 1484 2470 1538 τῶν
2504 1484 2779 1537 ἀδυνάτων
2831 1483 3131 1552 ἐπαγγελία
3159 1501 3172 1514 ·
3209 1485 3297 1538 ἵνα
3330 1484 3580 1558 παρῶμεν

2015 1577 2083 1630 τὰ
2107 1576 2262 1640 ἄλλα,
2296 1575 2385 1628 τὸν
2413 1575 2634 1645 ἀπρεπῆ
2663 1573 2970 1643 νυσταγμὸν
2991 1613 3006 1640 ,
3036 1573 3134 1644 τὴν
3165 1573 3404 1646 πάρετον
3435 1591 3583 1645 καρη⁴

347 1673 477 1724 sunt
507 1686 630 1726 vere
662 1671 1048 1739 formidabilia,
1083 1673 1328 1742 suspicio
1370 1673 1682 1738 temeraria,
1716 1673 1823 1728 hun

2104 1667 2233 1737 ρίαν,
2260 1665 2358 1737 τὴν
2377 1667 2442 1718 ἐκ
2467 1668 2567 1736 τῆς
2596 1665 2836 1736 ἀμέτρου
2862 1663 3155 1737 πληθώρας
3183 1665 3580 1738 ἀσχημοσύνην,

345 1762 492 1818 nitas
536 1764 738 1818 rationi
796 1781 1144 1836 nequaquam
1194 1773 1584 1831 consentanea,
1622 1765 1916 1834 promissio

345 1868 532 1908 eorum
555 1871 676 1924 quae
701 1856 814 1911 ﬁeri
846 1865 1156 1926 nequeunt:
1191 1863 1248 1911 ut
1272 1857 1378 1910 alia
1405 1856 1913 1926 praetermittamus,

346 1945 664 2024 indecoram
718 1946 1160 2001 dormitationem
1188 1987 1203 2011 ,
1244 1945 1570 2002 dissolutam
1628 1946 1914 2016 crapulam

346 2045 511 2106 caput
574 2045 918 2108 gravantem,
975 2053 1039 2092 ex
1098 2037 1392 2091 immodica
1443 2037 1744 2107 repletione
1795 2047 1914 2092 tur-

345 2128 667 2198 pitudinem,
697 2127 1107 2183 dissolutionem
1139 2127 1520 2190 articulorum,
1546 2128 1670 2183 colli
1695 2137 1916 2182 contor-

345 2219 580 2284 sione‘m,
635 2218 780 2288 quod
847 2233 906 2273 se
939 2233 1047 2272 non
1112 2225 1292 2287 potest
1349 2217 1584 2287 amplius
1642 2219 1917 2273 sustinere

348 2325 514 2378 super
555 2310 830 2372 humeros,
857 2308 968 2362 vini
1001 2308 1231 2362 humore
1256 2307 1383 2362 colli
1425 2307 1778 2377 ligamentum
1824 2323 1913 2363 re-

348 2395 763 2463 solveme.Quid
785 2398 1056 2464 nefarium
1075 2398 1408 2469 perpetravit
1439 2396 1703 2467 ﬂagitium
1736 2399 1916 2454 coitus

345 2500 472 2544 cum
507 2487 660 2542 lilia?
685 2487 828 2554 Quid
862 2489 918 2543 in
963 2489 1030 2543 iis
1059 2499 1182 2558 quae
1224 2488 1427 2544 ﬂebant
1450 2487 1555 2542 Lot
1594 2489 1730 2545 laesit
1766 2506 1916 2545 men-

345 2589 456 2635 tem
479 2580 544 2644 ",
582 2586 638 2633 ut
672 2579 767 2649 qui
813 2588 868 2634 et
914 2577 1179 2648 ﬂagitium
1216 2575 1652 2648 "perpetraverit,
1687 2589 1740 2635 et
1769 2581 1916 2651 quod

347 2671 678 2740 perpetravit
707 2669 1040 2741 ignoraverit
1077 2671 1100 2723 Ἰ
1147 2669 1288 2734 Quid
1319 2671 1554 2725 alienam
1591 2672 1806 2727 illorum
1849 2674 1916 2727 ﬁ-

347 2762 544 2816 liorum
580 2760 1000 2831 appellationem
1035 2759 1322 2814 innovavit
1355 2769 1616 2830 tanquam
1663 2761 1716 2815 in
1746 2762 1917 2832 aenig-

346 2850 530 2908 mate?
563 2851 849 2918 Quomodo
887 2851 1140 2906 scelerati
1175 2859 1367 2920 partus
1408 2859 1635 2917 matres,
1693 2851 1916 2906 fuerunt

347 2957 566 2998 sorores
593 2957 819 2996 suorum
851 2940 1129 2995 ﬁliorum?
1162 2939 1448 3006 Quomodo
1513 2941 1609 2994 ﬁlii
1665 2943 1914 2997 eumdem

348 3032 512 3087 simul
553 3030 826 3084 habebant
853 3038 908 3084 et
939 3037 1151 3100 patrem
1171 2999 1232 3084 et
1260 3031 1464 3084 avum?
1489 3030 1630 3096 Quid
1656 3040 1740 3086 est
1771 3033 1915 3102 quod
1941 2999 1984 3058 θ

348 3121 601 3178 confudit
631 3130 883 3177 naturam
907 3122 960 3175 in
985 3121 1196 3176 nefario
1221 3123 1468 3177 scelere?
1490 3123 1570 3176 An
1593 3138 1701 3177 non
1726 3124 1915 3178 vinum

348 3212 496 3282 quod
527 3211 748 3266 modum
776 3211 1036 3276 excessit,
1063 3210 1207 3264 hanc
1231 3212 1319 3264 cui
1357 3210 1490 3267 ﬁdes
1519 3227 1630 3266 non
1657 3213 1914 3278 habetur,

348 3303 558 3358 invexit
606 3302 979 3372 tragmdiam?
1008 3303 1126 3358 Non
1181 3304 1421 3359 ebrietas
1473 3304 1721 3360 historia:
1753 3306 1914 3359 talem

238 3421 242 3430 λ
349 3394 574 3448 annexit
629 3391 890 3459 fabulam,
939 3409 1061 3464 quae
1096 3409 1198 3450 suo
1231 3409 1459 3449 excessu
1499 3410 1690 3470 \veras
1751 3395 1916 3450 etiam

350 3489 571 3550 superat
603 3480 858 3536 fabulas?
903 3479 1073 3535 Suum
1103 3481 1274 3546 enim,
1313 3483 1514 3552 inquit,
1559 3489 1771 3552 patrem
1818 3498 1918 3553 po-

350 3579 538 3627 tarunt
563 3573 708 3627 vino.
743 3571 808 3627 Et
832 3571 912 3626 sic
944 3579 1124 3628 mente
1165 3573 1214 3628 ei
1259 3574 1386 3628 vino
1439 3574 1752 3642 deturbata,
1799 3583 1918 3628 tan-

348 3680 511 3734 quam
540 3664 632 3734 qui
666 3663 841 3734 magia
910 3663 1091 3733 aliqua
1133 3673 1280 3719 esset
1338 3665 1710 3728 demenlatus,
1776 3665 1919 3720 hanc

349 3755 551 3810 mundo
580 3755 838 3824 tragicam
871 3754 1092 3824 reliquit
1123 3755 1524 3817 narrationem,
1559 3763 1620 3810 ut
1645 3755 1736 3809 cui
1763 3761 1908 3809 tem-

348 3861 479 3916 pore
510 3846 802 3916 perpetrati
827 3843 1016 3913 ﬂagitii
1043 3845 1113 3900 ab
1141 3845 1409 3900 ebrietate
1441 3845 1590 3900 furto
1627 3846 1919 3916 subreptus

2019 1760 2118 1830 τὴν
2144 1758 2252 1812 τῶν
2291 1757 2510 1828 ἄρθρων
2562 1756 2716 1810 λύσιν
2743 1797 2759 1822 ,
2789 1755 2883 1812 τὸν
2918 1757 3182 1829 λογισμὸν
3219 1758 3316 1812 τοῦ
3354 1759 3580 1829 αὐχένος,

2019 1850 2201 1920 ορκέτι
2232 1849 2422 1904 ἑαυτὸν
2455 1848 2550 1902 ἐπί
2589 1847 2696 1902 τῶν
2721 1847 2887 1919 ὤμων
2923 1849 3230 1921 ἀνέχοντος,
3262 1849 3365 1920 τῆς
3395 1851 3458 1902 ἐκ
3501 1847 3582 1901 τοῦ

2019 1949 2161 2002 οίνου
2189 1947 2485 2018 ὑγρότητος
2513 1945 2604 1998 τὸν
2633 1943 2926 2014 σύνδεσμον
2961 1943 3054 1997 τοῦ
3083 1943 3308 2014 αὐχένος
3338 1942 3584 1997 ὑπολυού-

2021 2058 2145 2112 σης,
2181 2040 2246 2092 Τί
2285 2039 2345 2092 τὸ
2373 2037 2688 2108 παράνομον
2716 2036 2848 2104 ἄγος
2887 2035 2984 2105 τῆς
3029 2032 3458 2105 θυγατρομιξίας
3487 2033 3586 2102 είρ⁴

2018 2133 2224 2200 γάσατο
2245 2147 2259 2194 ;
2284 2130 2335 2182 τί
2365 2131 2464 2200 τὴν
2499 2128 2736 2182 διάνοιαν
2763 2127 2856 2181 τοῦ
2874 2127 2996 2181 Λὼτ
3025 2121 3132 2179 ἀπὸ
3164 2124 3272 2178 τῶν
3300 2124 3585 2194 γινομένων

2018 2218 2325 2289 ἐξέκλεψεν,
2343 2219 2401 2282 ὃς
2447 2218 2542 2273 καὶ
2579 2218 2641 2270 τὸ
2688 2218 2816 2286 ἄγος
2865 2217 3149 2288 ἐτόλμησε,
3196 2215 3292 2270 καὶ
3336 2215 3586 2285 ἠγνόησεν
3682 2229 3684 2232 '

2017 2313 2154 2381 ὅπερ
2182 2311 2508 2381 ἐτόλμησεν;
2535 2309 2618 2373 τίς
2659 2308 2848 2379 ὥσπερ
2881 2309 2938 2360 ἐν
2993 2306 3275 2378 αἰνίγματι
3310 2306 3412 2377 τὴν
3449 2305 3586 2358 ἀλλόέ

2017 2419 2174 2455 κοτον
2202 2401 2309 2456 τῶν
2342 2402 2547 2455 τέκνων
2581 2401 2804 2454 ἐκείνων
2850 2400 3221 2471 προσηγορίαν
3246 2397 3587 2467 ἐκαινοτὸμη⁴

2020 2510 2140 2559 σεν;
2169 2494 2289 2555 πῶς
2312 2493 2369 2545 αί
2393 2491 2484 2544 τοῦ
2511 2492 2738 2560 ἐναγοῦς
2774 2492 2933 2545 τόκου
2967 2487 3202 2561 μητέρες
3231 2489 3463 2556 ἀδελφαὶ
3489 2487 3587 2540 τῶν

2023 2579 2168 2633 ἰδίων
2188 2578 2392 2632 τέκνων
2427 2579 2678 2646 ἐγένοντο
2694 2596 2708 2644 ;
2726 2579 2840 2642 πῶς
2863 2580 2911 2632 oi
2939 2579 3124 2642 παῖδες
3151 2578 3241 2630 τὸν
3261 2577 3427 2630 αὑτὸν
3446 2577 3587 2646 ἔσχον

2021 2668 2230 2739 πατέρα
2251 2685 2309 2722 τε
2326 2668 2460 2738 όμοῦ
2480 2667 2574 2721 καὶ
2606 2669 2925 2740 προπάτορα
2942 2669 3048 2733 ;τίς
3061 2670 3088 2721 6
3105 2668 3338 2738 συγχέας
3358 2671 3415 2720 ἐν
3435 2683 3589 2738 παρα-

2025 2757 2191 2827 νομίᾳ
2219 2759 2317 2827 τὴν
2365 2758 2526 2825 φύσιν
2552 2758 2714 2824 ;,ούκ
2761 2753 2901 2821 οἶνος
2975 2758 3142 2830 ἐκϐὰς
3180 2758 3249 2811 τά
3293 2758 3470 2829 μέτρα
3500 2757 3587 2826 τὴν

2019 2846 2423 2917 ἀπιστουμένην
2449 2848 2652 2918 ταύτην
2669 2849 2976 2918 τραγῳδίαν
3003 2851 3356 2920 είσήνεγκεν;
3381 2851 3440 2902 οὺ
3463 2849 3589 2919 μέθη

2015 2937 2106 2991 τὸν
2140 2937 2378 2991 τοιοῦτον
2420 2937 2585 3009 μῦθον
2615 2941 2712 3008 τῆς
2736 2939 2974 3010 ἱστορίας
3005 2940 3353 3006 συνέπλεξεν,
3385 2941 3445 3003 ὃς
3479 2941 3588 2999 ταῖς

2018 3025 2341 3098 ὑπερϐολαῖς
2361 3029 2596 3093 καὶτοὺς
2619 3028 2787 3092 ὅντως
2814 3029 3014 3101 μύθους
3035 3032 3404 3101 παρέρχεται;
3441 3032 3588 3083 Ἐπὸι

2017 3133 2170 3170 τισαν
2196 3117 2324 3187 γὰρ,
2355 3117 2796 3189 φησὶν,ο“ίνον’τὸν
2825 3120 3028 3173 ἑαυτῶν
3050 3122 3260 3191 πατέρα
3284 3139 3297 3152 υ
3319 3123 3416 3175 καὶ
3432 3121 3589 3184 οὕτως

2018 3209 2165 3279 αὐτῷ
2210 3210 2306 3279 τῆς
2341 3211 2575 3274 διανοίας
2605 3211 2932 3288 ἐξωσθείσης
2965 3212 3070 3266 ἀπὸ
3094 3213 3189 3266 τοῦ
3243 3215 3413 3278 οίνου,
3443 3215 3592 3269 καθά-

2017 3316 2124 3371 περ
2162 3301 2334 3371 μαγίᾳ
2370 3301 2476 3354 τινὶ
2515 3302 2877 3372 κατεχόμενος
2913 3301 2976 3355 τὺ
3018 3304 3280 3373 τραγικὸν
3327 3305 3482 3369 τοῦτο
3516 3303 3588 3355 δι-

2017 3393 2208 3464 ήγημα
2231 3393 2308 3464 τῷ
2343 3391 2440 3464 βίῳ
2469 3393 3161 3465 κατέλιπεν,ἐκκλαπείσης
3195 3397 3352 3464 παρὰ
3385 3396 3474 3450 τὸν
3503 3393 3589 3448 τοῦ

2016 3484 2180 3552 ἄγους
2212 3485 2401 3555 καιρὸν
2445 3483 2550 3536 ὑπὸ
2589 3484 2687 3554 τῆς
2740 3485 2910 3555 μέθης
2937 3485 3085 3555 αὐτῷ
3112 3490 3210 3557 τῆς
3259 3487 3581 3558 αἰσθήσεως.

2022 3576 2087 3628 Ὢ
2124 3574 2310 3638 κακῶς
2361 3574 2469 3628 τῶν
2526 3576 2888 3646 Σοδομιτικῶν
2935 3577 3214 3632 ἀποθέτων
3255 3580 3314 3631 αί
3345 3580 3589 3646 γυναῖκες

2018 3669 2224 3722 ἐκεῖναι
2254 3665 2372 3736 μεθ’
2396 3665 2604 3720 ἑαυτῶν
2625 3667 2716 3720 τὸν
2741 3663 2882 3722 οἶνον
2903 3667 3267 3740 ἐκκομίσασαι
3295 3669 3310 3722 !
3338 3668 3386 3721 ῶ
3424 3668 3588 3736 κακὴν

2018 3759 2338 3830 φιλοτησίαν
2365 3760 2430 3813 ἐκ
2460 3760 2698 3832 πονηροῦ
2748 3765 3024 3834 κρατῆρος
3054 3751 3139 3832 τῶ
3167 3765 3342 3836 πατρὶ
3395 3776 3588 3834 παρεγ-

2017 3850 2209 3921 χέασαι
2231 3852 2244 3905 l
2269 3851 2356 3914 ὀς
2376 3847 2510 3904 πολύ
2535 3867 2592 3903 τε
2617 3851 2837 3922 ἄμεινον
2849 3849 2915 3923 ἦν
2939 3852 3079 3924 μετά
3109 3854 3328 3908 πάντων
3351 3855 3590 3908 κάκεῖνον

348 3937 514 3992 fuerit
545 3950 764 3992 sensus.
797 3934 842 3989 0
869 3951 1034 4005 quam
1067 3936 1209 3990 male
1238 3937 1497 3992 mulieres
1527 3937 1660 4004 illae,
1695 3930 1920 3993 ex‘coné

349 4025 535 4084 dltivis
569 4020 976 4081 Sodomitarum
1002 4027 1163 4092 cibis,
1195 4041 1382 4081 secum
1418 4028 1608 4082 vinum
1635 4026 1914 4085 tulerunt!

2016 3942 2108 3997 τὸν
2126 3938 2267 3996 οίνον
2281 3944 2341 3996 ἐν
2359 3944 2611 4014 Σοδόμοις
2630 3943 3061 4015 καταφθαρῆναι,
3078 3946 3206 4016 πρὶν
3219 3945 3325 4015 τῆς
3343 3945 3587 4010 τοιαύτης

2016 4033 2325 4105 τραγῳδίας
2379 4034 2612 4106 χορηγὸν
2660 4034 2948 4103 γενέσθαιι
2984 4035 3095 4088 Καὶ
3142 4036 3402 4090 τοιούτων
3433 4036 3588 4088 ὄντων

349 4118 395 4175 0
427 4132 592 4192 quam
622 4119 827 4173 malum
873 4118 1130 4174 amicitiae
1175 4119 1411 4176 indicem
1442 4125 1628 4191 potum
1676 4136 1744 4176 ex
1775 4137 1825 4175 m

2111 4126 2428 4197 δδειγμάτων
2447 4125 2540 4180 καὶ
2566 4120 2833 4180 τοσούτων
2858 4127 2978 4180 καθ’
2992 4125 3225 4198 ἑκάστην
3254 4129 3472 4198 ἡμέραν
3492 4124 3587 4176 τῶν

349 4218 561 4269 cratere
610 4211 748 4280 patri
799 4223 902 4264 suo
958 4209 1288 4265 infuderunt
1319 4213 1333 4264 l
1370 4209 1547 4277 Quam
1607 4211 1766 4281 longe
1799 4227 1825 4266 e

2125 4217 2218 4269 τοῦ
2256 4217 2400 4275 οἴνου
2438 4216 2626 4271 κακῶν
2659 4216 2736 4288 τῷ
2766 4218 2883 4289 βίῳ,
2921 4220 3017 4274 καὶ
3043 4213 3201 4273 τοῦτο
3237 4218 3587 4290 πεποιηκέναι

347 4304 548 4360 melius
579 4317 704 4359 cum
731 4300 988 4365 omnibus
1029 4302 1164 4357 illud
1220 4317 1440 4374 quoque
1470 4303 1658 4358 vinum
1694 4304 1823 4359 inter

2113 4307 2188 4361 τὶν
2233 4309 2262 4360 6
2307 4306 2745 4378 ἀνεπαισχύντως
2796 4307 2884 4362 διὰ
2927 4312 3026 4381 τῆς
3079 4307 3484 4380 ἐξαγορεύσεως
3529 4306 3589 4358 τὰ

351 4394 626 4459 Sodomis,
684 4394 1007 4466 priusquam
1060 4393 1222 4449 talem
1281 4394 1652 4464 suppeditaret
1712 4404 1827 4465 trag

2111 4397 2219 4453 ιτοῦ
2247 4398 2598 4469 στηλιτεύων,
2630 4401 2690 4453 τὸ
2736 4399 2811 4471 μὴ
2857 4402 3016 4470 μόνον
3045 4401 3123 4470 τῷ
3149 4403 3260 4455 ὄντι
3298 4399 3587 4472 κεχρῆσθαι

349 4488 494 4543 diam
519 4489 533 4540 ί
571 4488 705 4542 Cum
737 4487 848 4542 sint
869 4495 1050 4543 autem
1076 4487 1397 4556 huiusmodi
1427 4488 1698 4556 exempla,
1728 4497 1782 4542 et
1808 4497 1825 4542 t

2112 4507 2171 4560 ῳ,
2199 4488 2312 4542 ἀλλ’
2352 4491 2500 4553 ὅπως
2541 4489 2606 4542 ἂν
2642 4491 2735 4544 καὶ
2761 4490 3101 4544 πλεονάσειεν
3138 4493 3172 4562 ἡ
3216 4490 3311 4543 τοῦ
3363 4489 3588 4544 τοιούτου

351 4580 522 4635 multa
551 4580 693 4632 mala
723 4577 967 4649 quotidie
1012 4577 1067 4632 in
1097 4579 1208 4634 vita
1236 4593 1303 4632 ex
1347 4577 1478 4632 vino
1508 4577 1780 4641 oriantur,
1820 4579 1827 4631 l

1820 4579 1922 4633 hoc
2028 4582 2306 4650 κτήματος
2326 4579 2554 4652 χορηγία
2591 4581 2972 4652 προνοηθῆναι.
3257 4631 3283 4652 ,

350 4687 566 4744 quoque
593 4670 882 4741 impudens
916 4669 1012 4724 ille.
1035 4671 1116 4724 sic
1143 4669 1280 4724 dicit
1304 4668 1524 4736 fecisse,
1547 4669 1787 4738 seipsum
1813 4686 1908 4724 sua
1981 4672 2274 4728 traducens
2319 4673 2585 4738 oratione,
2636 4679 2695 4725 ut
2742 4688 2851 4727 non
2913 4672 3086 4727 solum
3137 4687 3269 4726 usus
3353 4672 3426 4726 sit
3477 4669 3592 4722 vitm

349 4766 491 4838 quod
522 4773 661 4829 erat,
695 4762 790 4820 sed
823 4761 986 4818 etiam
1013 4760 1310 4832 providerit
1339 4771 1397 4818 ut
1421 4761 1541 4830 ejus
1560 4770 1712 4816 esset
1737 4761 2090 4817 abundantia.

426 4877 445 4909 ι
491 4856 744 4911 Plantavi
797 4855 964 4916 enim,
1023 4872 1043 4921 ι
1104 4853 1306 4923 inquit,
1365 4871 1384 4904 ς
1440 4853 1573 4908 mihi
1637 4853 1842 4916 vineta,
1897 4871 1902 4905 ι

2116 4876 2126 4905 ι
2170 4856 2461 4925 Ἐφύτευσα
2483 4855 2588 4925 γάρ
2617 4867 2767 4923 por,»
2803 4857 2984 4924 φησὶν,
3034 4871 3051 4902 ι
3103 4852 3432 4923 ἀμπελῶνας
3470 4869 3488 4900 ›
3522 4846 3592 4906 ὧν

349 4950 552 5022 quibus
585 4963 724 5018 opus
757 4962 863 5000 non
895 4929 1197 5010 habebam,
1221 4959 1348 4998 cum
1395 4945 1513 5014 ipse
1545 4943 1674 4999 vitis
1725 4943 1825 4998 fert

2116 4945 2219 4998 τᾶν
2266 4946 2536 5017 δεηθείην,
2577 4949 2604 5000 6
2630 4946 2789 5008 αύτδς
2827 4943 3070 5016 ἄμπελος
3114 4945 3417 5014 εὐθηνοῦσα
3449 4942 3592 5011 γενόο

349 5055 549 5107 essem,
583 5041 711 5094 vitis
749 5037 1079 5107 spiritualis,
1114 5034 1315 5090 ﬂorens
1359 5044 1684 5104 conlataque
1730 5045 1783 5089 et
1816 5051 1825 5105 ι

2115 5054 2207 5104 θος,
2239 5039 2479 5108 ἄμπελος
2499 5037 2860 5109 πνευματικὴ,
2883 5039 3115 5107 εὐθαλὴς
3140 5055 3199 5089 τε
3239 5037 3332 5090 καὶ
3357 5035 3591 5106 ἀμφιλα-

350 5134 487 5198 tula,
521 5132 647 5186 vitae
678 5130 850 5184 ramis
880 5135 936 5183 et
967 5127 1218 5181 caritatis
1271 5126 1545 5197 pampinis
1594 5127 1826 5196 complic

2115 5145 2153 5193 ς,
2208 5131 2322 5192 τοῖς
2363 5128 2457 5182 τοῦ
2501 5129 2614 5199 βίου
2662 5127 2875 5190 κλάδοις
2921 5128 3015 5181 καὶ
3061 5127 3180 5190 ταῖς
3227 5125 3591 5196 ἀγαπητικαίς

351 5232 406 5278 et
437 5229 716 5284 contexta,
748 5235 874 5274 cum
913 5219 982 5274 iis
1019 5217 1114 5287 qui
1153 5227 1280 5273 sunt
1322 5218 1426 5272 mei
1459 5217 1795 5288 generis,.et
1822 5234 1827 5288 1

2113 5217 2162 5283 ξι
2193 5219 2590 5290 διαπλεκομένη
2639 5219 2774 5288 πρὸς
2810 5218 2870 5270 τὸ
2897 5216 3167 5287 ὁμόφυλον
3189 5233 3203 5246 °
3240 5217 3336 5268 καὶ
3369 5213 3589 5286 κομῶσα

353 5311 502 5368 foliis
532 5326 745 5365 morum
791 5311 1082 5365 honestate
1129 5316 1366 5372 comata,
1397 5309 1666 5378 dulceque
1717 5318 1772 5364 et
1804 5325 1829 5361 ιι

2111 5327 2148 5374 ν,
2201 5310 2322 5362 ἀντὶ
2380 5310 2591 5378 φύλλων
2630 5312 2697 5380 τῇ
2753 5306 3136 5380 εὐσχημοσύνῃ
3186 5306 3296 5360 τῶν
3359 5306 3587 5377 τρόπων,

356 5414 532 5459 turum
562 5403 777 5457 botrum
807 5403 1030 5457 virtutis
1061 5401 1436 5457 enutriens“.
1458 5400 1560 5466 Qui
1581 5402 1696 5457 haec
1732 5402 1786 5456 in
1817 5417 1832 5456 ε

2109 5416 2152 5452 ιν
2177 5398 2235 5451 δὲ
2265 5399 2357 5454 καὶ
2387 5399 2532 5468 πέπη
2543 5415 2634 5469 ρον
2657 5398 2755 5468 τῆς
2802 5399 3001 5469 ἀρετῆς
3023 5397 3215 5468 βότρυν
3232 5397 3585 5468 ἐκτρέφουσα.

421 5577 460 5608 ⁶¹
511 5581 647 5637 Gen.
694 5595 807 5646 xix,
841 5580 908 5633 50
948 5594 1068 5649 sqq.
1149 5580 1192 5610 θ’
1227 5578 1396 5634 Eccli.
1435 5597 1522 5648 τι,
1552 5580 1664 5668 εἶθ..
