3766 5986
201 192 289 251 661
1245 183 1309 237 IN
1353 181 1884 239 ECCLESIASTEN.
1924 180 2204 237 HOMILIA
2247 179 2334 235 lli.

3314 165 3416 226 66'!

214 301 266 353 '0
289 298 449 352 ταῦτα
481 297 538 348 ἐν
576 298 640 366 τῇ
689 295 794 364 ἰδίᾳ
829 291 1213 361 καταφυτεύων
1244 292 1410 363 ψυχῇ,
1450 293 1545 345 καὶ
1570 307 1747 360 γεωρ-

1853 289 2061 358 plantat
2095 290 2300 355 anima,
2334 297 2388 344 et
2424 287 2562 342 colit
2610 285 2796 340 vinum
2830 283 2977 354 quod
3009 298 3103 366 cor
3161 281 3415 346 laetiﬁcat,

203 389 303 459 γῶν
325 384 454 441 οἶνον
487 385 576 444 τὸν
600 385 698 456 τὴν
725 383 951 454 καρδίαν
979 383 1355 454 εὐφραίνοντα,
1386 385 1481 437 καὶ
1513 380 1746 453 ἐργαζό-

205 494 349 547 μενος
370 475 464 546 τὴν
494 474 688 532 ἐαυτρῦ
729 475 830 544 γῆν
858 474 998 526 κατά
1034 474 1132 545 τὴν
1162 473 1502 545 παροιμιώδη
1543 471 1747 543 φωνὴν,

203 569 271 632 ὡς
290 569 316 620 ὁ
336 567 429 635 τῆς
452 565 704 635 τοιαύτης
724 565 996 635 γεωργίας
1024 565 1247 618 ἀπαιτεῖ
1268 564 1431 635 νόμος
1451 605 1466 630 ,
1490 560 1599 616 οἷόν
1643 577 1750 631 περ

203 657 447 711 είσκαλῶν
491 659 600 719 τοῖς
652 656 930 726 λογισμοῖς
967 655 1057 708 τὸν
1092 655 1225 725 βίον,
1260 655 1352 708 καὶ
1384 655 1451 708 τά
1487 653 1617 707 νόθα
1644 651 1751 706 τῶν

203 747 619 823 παραφυομένων
671 749 793 810 ταῖς
848 746 956 799 τῶν
999 744 1209 816 ἀρετῶν
1249 745 1425 814 ῥίζαις
1469 743 1749 806 ἐκτίλλων,

102 832 104 834 ⁷
203 838 431 908 ἐπάρδων
463 840 575 898 τοῖς
607 837 892 908 μαθήμασι
932 836 1030 905 τὴν
1063 835 1261 906 ψυχὴν,
1292 835 1386 888 καὶ
1415 835 1482 905 τῇ
1511 833 1754 905 δρεπάνῃ

201 928 284 980 τοῦ
316 924 556 998 κριτικοῦ
602 927 759 995 λόγου
790 926 1134 996 περικόπτων
1159 928 1259 997 τὴν
1287 926 1368 987 είς
1408 923 1477 976 τὰ
1523 923 1754 995 περιττὰ

202 1016 286 1068 καὶ
309 1015 538 1084 ἀνόνητα
571 1015 668 1084 τῆς
699 1013 935 1076 διανοίας
974 1013 1146 1084 φοράν
1165 1028 1177 1043 ·
1211 1011 1540 1083 μακαριστὸς
1569 1011 1634 1064 ἂν
1666 1012 1750 1081 εἴη

197 1105 287 1172 τῆς
343 1104 608 1175 γεωργίας
639 1097 812 1168 οὗτος,
863 1103 941 1173 τῷ
987 1103 1086 1174 τῆς
1137 1103 1327 1172 σοφίας
1375 1102 1610 1174 κρατῆρι
1664 1101 1753 1154 τὸν

197 1195 379 1249 ἐαυτοῦ
442 1195 638 1266 βότρυν
688 1194 970 1249 ἐκθλίϐων.
1043 1194 1182 1247 Ἀλλ’
1233 1195 1292 1246 οὐ
1347 1192 1604 1261 γινώσκει
1656 1194 1754 1263 τὴν

196 1284 434 1356 τοιαύτην
450 1287 800 1356 φυτουργίαν,
829 1285 965 1355 πρὸς
984 1286 1081 1356 τὴν
1106 1287 1210 1355 γῆν
1236 1284 1428 1350 λέγων,
1449 1285 1543 1337 καὶ
1562 1283 1630 1336 τὰ
1655 1283 1723 1336 αὖ
1736 1312 1755 1324 -

195 1369 286 1442 τῆς
315 1372 709 1443 ἀσπαζόμενος.
741 1374 1070 1444 Προστίθησι
1087 1374 1194 1444 γάρ
1212 1373 1420 1435 τούτοις
1443 1371 1512 1425 τά
1530 1375 1638 1426 τῶν
1656 1373 1755 1441 κή-

195 1478 301 1515 πων
332 1479 388 1516 τε
408 1463 503 1515 καὶ
525 1463 866 1534 παραδείσων
883 1463 974 1516 τοῦ
999 1463 1226 1515 πλούτου
1238 1461 1750 1532 ἐγκαλλωπίσματα.

195 1553 282 1615 Τίς
308 1554 460 1623 χρεία
489 1553 830 1622 παραδείσων
851 1553 1061 1607 πολλῶν
1089 1551 1165 1622 τῷ
1193 1553 1329 1622 πρὸς
1355 1551 1446 1605 τὸν
1462 1551 1558 1605 ἕνα
1583 1553 1754 1622 παρά-

189 1643 353 1696 δεισον
373 1643 626 1711 βλέποντι
652 1660 666 1708 ;
689 1644 771 1706 τίς
798 1643 856 1696 δέ
888 1646 1029 1713 μοιὴ
1061 1645 1125 1696 ἐκ
1155 1644 1330 1712 κήπου
1355 1643 1538 1712 ὄνησις
1565 1644 1659 1695 τοῦ
1684 1642 1752 1695 τὰ

194 1732 381 1802 λάχανα
409 1733 637 1801 φύοντος
662 1735 762 1803 τὴν
788 1733 894 1786 τῶν
922 1733 1290 1787 ἀσθενούντων
1322 1736 1565 1804 τροφήν;
1603 1733 1666 1786 Et
1692 1736 1750 1786 ἐν

192 1818 262 1888 τῷ
287 1819 595 1890 παραδείσῳ
629 1822 798 1891 ἥμην,
834 1821 932 1874 οὐκ
960 1823 1026 1874 ἂν
1061 1823 1142 1884 είς
1175 1821 1383 1874 πολλῶν
1412 1823 1750 1892 παραδείσων

191 1908 474 1979 ἐπιθυμίαν
508 1910 817 1979 διεχεὸμην.
855 1913 917 1963 Εἰ
949 1913 1005 1964 ἐν
1031 1911 1189 1981 ὑγεία
1217 1913 1316 1980 τὴν
1343 1912 1520 1981 ψυχὴν
1542 1894 1748 1982 διῆγον,

190 1999 262 2062 ὠς
285 1999 540 2053 δύνασθαι
570 2002 666 2070 τῆς
697 2002 1073 2072 στερεωτέρας
1106 2002 1356 2070 μετέχειν
1381 2003 1589 2072 τροφῆς
1609 2043 1622 2066 ,
1653 2005 1751 2056 οὐκ

194 2090 252 2142 ἂν
277 2091 326 2141 ἐν
356 2093 463 2153 τοῖς
494 2090 746 2159 λαχάνοις
774 2093 878 2160 ὲπη
889 2091 1210 2162 σχολούμην,
1237 2091 1492 2162 κηπεύων
1532 2093 1752 2163 ἐμαυτῷ

192 2179 280 2231 τὴν
320 2179 652 2250 κατάλληλον
693 2183 756 2250 τῇ
802 2182 1054 2252 ἀσθενείᾳ
1099 2185 1326 2252 τροφήν.
1391 2181 1529 2235 Ἀλλ’
1565 2184 1750 2254 ἐπειδὴ

186 2271 326 2342 ,ἅπαξ
364 2271 679 2341 συνεισῆλθε
726 2271 904 2342 τρυφὴ
935 2275 1000 2343 τῇ
1041 2273 1232 2343 χρείᾳ,
1266 2273 1510 2344 παρῆλθε
1533 2273 1590 2326 δὲ
1628 2274 1752 2337 τοὺς

190 2361 337 2430 ’ὄρους
374 2362 549 2432 αὐτῆς
585 2363 617 2432 ἡ
667 2363 961 2434 ἐπιθυμία,
1010 2361 1147 2433 μετά
1185 2365 1282 2434 τὴν
1330 2365 1387 2417 ἐν
1431 2369 1546 2428 τοῖς
1583 2366 1753 2428 οἴκοις

193 2451 549 2515 πολυτέλειαν,
598 2451 692 2505 καὶ
737 2451 833 2523 τὴν
877 2453 1192 2522 ὑπωροφίαν
1231 2455 1339 2508 τῶν
1385 2455 1628 2525 ματαίων
1660 2457 1752 2508 δα-

193 2539 376 2609 πάνην,
421 2543 549 2594 τότε
585 2542 677 2594 καὶ
713 2541 814 2612 τὴν
850 2540 1113 2613 ὕπαιθρον
1148 2544 1454 2615 ἐπιτηδεύει
1497 2548 1709 2617 τρυφήν
1732 2563 1746 2578 ⁸

194 2629 277 2681 καὶ
304 2633 365 2702 τῇ
396 2631 492 2685 τοῦ
526 2632 685 2701 ἀέρος
715 2632 876 2701 φύσει
907 2632 1040 2704 πρὸς
1074 2633 1170 2703 τὴν
1201 2633 1308 2686 τῶν
1333 2635 1534 2705 ἡδονῶν
1559 2636 1750 2689 ἐπιθυ-

191 2719 312 2789 μίαν
350 2721 738 2793 συγκέχρηται.
789 2723 989 2794 Δένδρα
1032 2724 1140 2794 γὰρ
1167 2726 1314 2795 αὐτῷ
1350 2725 1438 2778 διὰ
1477 2730 1752 2798 γεωργίας

189 2807 551 2878 ἐπιτηδεύεται
580 2809 804 2879 ἀειθαλῆ
820 2828 878 2864 τε
902 2813 995 2864 καὶ
1011 2813 1196 2876 δασέα,
1220 2814 1313 2866 καὶ
1326 2815 1446 2867 ἀντὶ
1461 2817 1656 2886 ὀρόφου
1673 2818 1752 2889 τῷ

184 2898 298 2969 ἀέρι
320 2901 599 2972 γινόμενα’
615 2901 698 2954 ἵνα
714 2903 804 2955 καὶ
818 2902 1078 2973 ὕπαιθρος
1097 2903 1170 2956 ὢν
1194 2905 1249 2958 ἐν
1261 2905 1392 2976 οἴκῳ
1403 2908 1640 2976 τρυφῶν,
1660 2913 1752 2965 καὶ

186 2990 548 3052 παντοδαπαῖς
566 2992 722 3054 πόαις
747 2991 832 3045 διὰ
856 2992 953 3063 τῆς
990 2992 1097 3046 τῶν
1118 2995 1464 3062 κηπευόντων
1494 2997 1688 3070 τέχνης
1714 3003 1747 3071 ἡ

183 3079 462 3149 ἐπιφάνεια
490 3083 593 3152 τῆς
638 3083 741 3152 γῆς
770 3083 1162 3154 ἀμφιέννυται·
1205 3085 1280 3148 ὡς
1317 3087 1385 3139 τὰ
1417 3090 1750 3160 πανταχόθεν

184 3167 310 3238 ἡδέα
340 3169 521 3222 πάντα
559 3170 637 3239 τῷ
675 3171 935 3242 ὀφθαλμῷ
975 3173 1352 3245 προσπίπτειν,
1390 3180 1475 3246 ἐφ’
1508 3182 1643 3252 ὅπερ
1683 3183 1750 3236 ἂν

182 3262 490 3334 περιαγάγῃ
518 3261 577 3314 τὸ
603 3261 840 3333 βλέμμα,
863 3264 958 3318 καὶ
988 3264 1276 3330 διαπαντὸς
1302 3267 1359 3321 ἐν
1386 3273 1498 3334 τοῖς
1525 3275 1752 3328 καταθυο

184 3349 319 3417 μίοις
346 3347 516 3418 εἶναι,
550 3354 644 3407 καὶ
676 3353 894 3424 βλέπειν
924 3356 981 3408 ἐν
1004 3353 1208 3428 ἐκάστῃ
1242 3358 1332 3411 τοῦ
1356 3360 1506 3426 ἔτους
1542 3362 1660 3436 ὥρᾳ
1689 3368 1750 3420 τὸ

184 3439 316 3511 ὑπὲρ
338 3443 433 3512 τὴν
461 3443 639 3514 ὥραν,
675 3445 811 3498 πόαν
843 3447 902 3498 ἐν
926 3446 1176 3515 χειμῶνι,
1206 3450 1298 3502 καὶ
1324 3450 1460 3522 ἄνθη
1501 3455 1746 3526 πρόωρα,

183 3532 269 3583 καὶ
289 3532 380 3603 τὴν
393 3533 891 3606 ἀναδενδρουμένην
915 3536 1174 3606 ἄμπελον,
1203 3539 1300 3610 τὴν
1326 3544 1434 3604 τοῖς
1450 3542 1749 3617 ἀλλοτρίοις

185 3621 391 3687 κλάδοις
441 3626 572 3689 τοὺς
606 3625 768 3690 ίδίους
796 3626 1264 3693 ἐνδιαπλέκουσαν,
1299 3630 1393 3683 καὶ
1425 3631 1523 3696 τὰς
1543 3634 1748 3704 γλαφυ-

182 3709 276 3779 ρὰς
306 3712 397 3790 τοῦ
437 3713 632 3767 κισσοῦ
672 3715 809 3785 πρὸς
845 3715 915 3768 τὰ
941 3715 1134 3788 δένδρα
1179 3720 1533 3794 περιπλοκὰς,
1559 3724 1660 3779 ὅσα
1687 3743 1747 3779 τε

182 3799 353 3866 αὐτοῖς
381 3804 616 3873 καρπῶν
647 3805 760 3874 εἴδη
779 3844 794 3866 ,
827 3804 884 3872 ἐξ
927 3807 1255 3877 ἑτερογενῶν
1283 3809 1532 3882 ἀλληλοις
1555 3816 1747 3883 μιγνύ-

183 3907 311 3959 μενα
340 3893 439 3965 τὴν
465 3895 630 3964 φύσιν
674 3894 952 3964 βιάζεται,
986 3897 1064 3967 τῷ
1090 3898 1219 3951 είδει
1244 3917 1303 3952 τε
1334 3904 1427 3955 καὶ
1469 3907 1534 3975 τῇ
1561 3905 1744 3972 γεύσει

179 3981 238 4032 τὸ
262 3983 700 4056 ἐπαμφοτερίζον
722 3987 1166 4057 ἐπισημαίνοντα,
1196 3991 1271 4054 ὡς
1299 3992 1581 4064 ἀμφότερα
1609 3991 1744 4050 εἶναι

177 4071 367 4140 δοκεῖν,
405 4074 552 4146 άπερ
581 4075 646 4128 ἂν
679 4077 742 4128 ἐκ
784 4077 883 4148 τῆς
914 4077 1022 4130 τῶν
1053 4080 1360 4150 ἑτεροφυῶν
1395 4086 1748 4154 συγκράσεως

178 4160 397 4227 γίνεται.
431 4164 622 4216 Πάντα
646 4162 817 4217 ταῦτα
851 4165 944 4219 καὶ
978 4165 1032 4217 εἴ
1065 4184 1118 4220 τι
1142 4167 1268 4222 ἀλλο
1304 4169 1524 4242 ἐξεῦρεν
1549 4174 1606 4227 ἐν
1636 4178 1748 4239 τοῖς

1850 388 1904 434 et
1929 395 2080 436 suam
2103 387 2364 450 operatur
2382 387 2581 432 terram
2601 377 2729 437 “,ut
2758 373 2963 428 dicitur
2989 373 3044 426 in
3084 361 3415 435 Proverbiis,

1851 471 1996 526 sicut
2059 471 2145 525 lex
2227 469 2396 539 exigit
2448 468 2568 538 ejus
2621 464 2988 536 agriculturae,
3042 470 3226 531 utpote
3275 471 3419 516 recte

1851 559 2069 616 vivendi
2131 559 2442 614 institutum
2509 555 2817 612 rationibus
2873 559 2929 609 et
2991 550 3417 621 cogitationibus

1851 664 2108 712 evocans,
2137 657 2190 702 et
2219 647 2527 702 adulterina
2576 646 2836 709 evellens,
2871 656 2992 713 qua:
3042 639 3419 695 adnascuntur

1851 737 2116 794 virtutum
2158 735 2468 809 radicibus,
2494 734 2731 788 animam
2791 729 3098 800 disciplinis
3155 727 3413 796 irrigans,

1850 837 1907 884 et
1927 819 2133 899 judicis
2155 828 2398 899 partibus
2419 825 2695 898 fungentis
2715 824 2942 879 rationis
2961 822 3100 875 falce
3123 826 3415 889 amputans

1855 920 2116 990 impetum
2145 918 2493 988 cogitationis
2520 916 2730 971 ruentis
2780 915 2848 969 ad
2878 927 2941 969 ea
2986 926 3112 982 quae
3143 919 3273 966 sunt
3323 926 3413 966 su-

1853 1009 2059 1081 perflua
2091 1017 2146 1064 et
2173 1009 2386 1064 inutilia
2417 1025 2432 1062 :
2466 1007 2662 1062 beatus
2707 1005 2776 1059 ob
2811 1001 3203 1072 agriculturam
3251 999 3418 1055 fuerit

1854 1101 1945 1157 hic
1973 1100 2391 1165 existimandus,
2417 1106 2477 1154 ut
2502 1099 2596 1168 qui
2629 1099 2684 1152 in
2714 1105 2927 1151 cratere
2948 1094 3232 1164 sapientiae
3254 1094 3416 1147 vitem

1855 1205 2008 1246 suam
2038 1191 2328 1261 exprimat.
2365 1187 2473 1244 Sed
2504 1191 2645 1242 hanc
2689 1186 2970 1257 plantandi
3002 1185 3271 1238 rationem
3304 1195 3415 1236 non

1856 1282 2004 1335 novit
2029 1281 2075 1335 is
2101 1282 2192 1351 qui
2224 1281 2419 1350 aspicit
2444 1281 2511 1334 ad
2543 1287 2763 1340 terram,
2796 1285 2852 1333 et
2881 1291 3002 1348 quae
3034 1283 3160 1332 sunt
3193 1282 3414 1330 terrena

1855 1372 2222 1440 amplectitur.
2260 1370 2355 1428 llis
2388 1373 2532 1429 enim
2563 1370 2713 1425 addit
2739 1366 3025 1422 hortorum
3056 1373 3110 1421 et
3141 1363 3418 1435 pomario-

1842 1475 1998 1524 ,rum,
2034 1461 2348 1516 divitiarum
2380 1460 2710 1530 esquisitam
2741 1468 2796 1513 et
2825 1455 3132 1512 affectatam
3169 1455 3414 1524 pulchri-

1858 1550 2123 1605 tudinem.
2174 1549 2317 1616 Quid
2373 1551 2562 1604 multis
2594 1564 2733 1619 opus
2767 1556 2852 1604 est
2898 1547 3074 1602 hortis
3111 1545 3162 1601 ei
3208 1547 3298 1616 qui
3349 1547 3418 1602 ad

1855 1655 2018 1693 unum
2057 1640 2296 1695 intuetur
2333 1641 2698 1710 paradisum?
2738 1637 2999 1704 Quasnam
3052 1645 3230 1693 autem
3283 1638 3416 1692 mihi

1852 1737 1936 1783 est
1984 1745 2048 1783 ex
2081 1730 2242 1784 horto
2295 1731 2528 1794 utilitas,
2584 1731 2678 1800 qui
2717 1731 2970 1798 producit
3025 1729 3174 1784 olera
3208 1729 3418 1798 quiest

1854 1819 2014 1875 cibus
2045 1820 2431 1875 infirmorum?
2461 1818 2519 1874 Si
2551 1830 2728 1876 easem
2779 1821 2836 1874 in
2868 1819 3146 1890 paradiso,
3189 1833 3296 1873 non
3345 1818 3413 1874 ad

1853 1910 2146 1964 multorum
2185 1909 2470 1964 hortorum
2502 1910 2842 1965 diﬁ'underer
2869 1909 3224 1965 desiderium.
3267 1908 3324 1962 Si
3359 1909 3412 1963 in

1853 1999 2086 2053 sanitate
2117 2014 2235 2053 mea
2269 2000 2347 2054 ita
2391 2001 2612 2070 degeret
2646 2001 2850 2065 anima,
2906 2007 2966 2054 ut
2997 1999 3273 2054 solidioris
3306 2000 3415 2055 cibi

1853 2093 2038 2156 posset
2070 2103 2192 2142 esse
2221 2089 2515 2157 particeps,
2559 2105 2668 2143 non
2708 2103 3009 2158 occuparer
3048 2089 3102 2142 in
3151 2089 3412 2154 oleribus,

1852 2176 2069 2230 hortum
2103 2178 2334 2232 colendo
2379 2178 2512 2232 mihi
2543 2193 2850 2248 procurans
2887 2180 3068 2234 c'ibum
3117 2179 3213 2249 qui
3263 2179 3415 2234 infir~

1852 2266 2028 2320 mitati
2059 2269 2366 2323 conveniat.
2405 2267 2510 2324 Sed
2547 2277 2831 2340 postquam
2882 2269 3052 2326 semel
3080 2269 3243 2326 simul
3290 2283 3414 2325 cum

1854 2372 1954 2413 usu
1987 2359 2247 2428 ingressa:
2269 2367 2400 2415 sunt
2425 2359 2656 2427 deliciae,
2677 2377 2810 2417 suos
2831 2369 3012 2418 autem
3043 2363 3181 2418 ﬁnes
3200 2363 3414 2418 transiit

1853 2447 2144 2516 cupiditas,
2197 2457 2324 2518 post
2351 2465 2473 2505 eam
2507 2465 2629 2519 quae
2677 2452 2733 2506 in
2785 2453 2997 2510 aedibus
3038 2454 3281 2509 adhibita
3316 2454 3416 2509 fuit

1853 2540 2335 2608 magnificentiam,
2372 2541 2427 2595 in
2467 2541 2739 2610 tectisque
2797 2551 2852 2598 et
2884 2544 3238 2613 laquearibus
3284 2560 3416 2614 pro-

1853 2628 2032 2684 fusum
2063 2639 2120 2685 et
2147 2632 2501 2708 temerarium
2541 2641 2818 2701 sumptum
2855 2647 2870 2686 :
2914 2641 3047 2688 tunc
3077 2638 3240 2689 etiam
3279 2636 3414 2690 sub-

1849 2719 2022 2774 diales
2065 2728 2286 2774 exercet
2337 2720 2604 2776 delicias:
2656 2729 2714 2776 et
2743 2722 2898 2778 aeris.
2932 2731 3124 2777 natura
3150 2725 3322 2779 utitur
3347 2725 3414 2778 ad

1853 2810 2162 2866 satiandum
2197 2812 2537 2881 voluptatum
2577 2812 2928 2868 desiderium.
2966 2813 3071 2869 Per
3107 2817 3412 2886 agricultu-

1779 2937 1822 2994 ρ
1856 2917 1971 2955 ram
2002 2901 2146 2956 enim
2184 2901 2451 2971 providet,
2489 2911 2548 2956 ut
2603 2903 2714 2958 sint
2744 2904 2847 2959 sibi
2881 2903 3062 2959 densae
3110 2913 3166 2960 et
3199 2921 3415 2975 semper

1854 2993 2268 3048 frondescentes
2315 3001 2365 3049 οι
2414 2995 2789 3064 germinantes
2831 2997 3079 3064 arbores,
3127 3013 3249 3067 qua:
3301 2999 3414 3053 aeri

1853 3089 1979 3143 tecti
2018 3088 2190 3143 vicem
2228 3088 2548 3157 praebeant:
2586 3095 2644 3141 ut
2672 3088 2832 3142 etiam
2863 3104 2985 3143 cum
3038 3090 3111 3143 sit
3142 3090 3244 3144 sub
3300 3088 3412 3152 dio,

1851 3189 2111 3248 tanquam
2143 3179 2197 3232 in
2248 3178 2414 3232 domo
2450 3179 2692 3233 delicate
2741 3179 2904 3232 vitam
2959 3189 3100 3248 agat,
3151 3187 3208 3233 et
3254 3193 3415 3233 omne

1849 3285 2021 3341 genus
2071 3266 2292 3332 herbis,
2351 3284 2445 3339 per
2494 3270 2911 3324 hortulanorum
2967 3278 3138 3324 artem
3179 3270 3413 3326 vestitur

1850 3371 2009 3415 terra:
2033 3358 2349 3427 superficies
2377 3375 2390 3411 :
2422 3359 2558 3412 adeo
2598 3365 2655 3411 ut
2689 3358 2836 3414 omni
2867 3370 2930 3411 ex
2966 3366 3120 3425 parte
3166 3357 3413 3427 jucunda

1848 3449 2031 3504 omnia
2085 3449 2142 3502 in
2174 3449 2392 3504 oculum
2433 3449 2741 3510 incurrant,
2779 3463 3110 3517 quocunque
3161 3449 3412 3502 obtutum

1849 3539 2220 3604 circumferat,
2253 3547 2308 3596 et
2336 3555 2556 3610 semper
2595 3546 2846 3594 versetur
2871 3539 2928 3593 in
2968 3538 3409 3604 delectabilibus,

1848 3638 1903 3685 et
1935 3631 2179 3701 quolibet
2210 3631 2344 3685 anni
2375 3638 2618 3699 tempore
2646 3629 2846 3705 videat
2897 3631 3042 3699 quod
3085 3637 3170 3685 est
3220 3639 3414 3700 praeter

1849 3723 1976 3776 anni
2014 3728 2246 3790 tempus,
2274 3721 2498 3776 herbam
2525 3721 2580 3775 in
2615 3720 2815 3788 hieme,
2844 3729 2899 3776 et
2919 3719 3084 3777 tlores
3128 3721 3221 3791 qui
3249 3737 3412 3778 suum

1849 3823 2065 3883 tempus
2098 3812 2479 3883 praeveniunt,
2513 3819 2572 3866 et
2613 3811 2779 3867 vitem
2837 3811 2895 3866 in
2937 3811 3164 3868 arbores
3215 3825 3411 3867 ascen-

1848 3905 2089 3972 dentem,
2120 3919 2241 3974 qnae
2273 3903 2467 3958 alienis
2501 3903 2668 3959 ramis
2702 3919 2834 3960 suos
2867 3904 3132 3974 implicat,
3161 3911 3216 3960 et
3243 3903 3410 3960 hede-

1848 4010 1921 4050 ra:
1943 3995 2216 4065 elegantes
2246 4009 2371 4049 cum
2396 3994 2690 4051 arboribus
2716 3995 3024 4065 amplexus,
3051 4002 3106 4050 et
3145 4009 3410 4066 quaecun-

1847 4104 1955 4157 que
2006 4087 2218 4156 species
2276 4085 2554 4140 fructuum
2606 4099 2671 4140 ex
2719 4084 2790 4140 iis
2850 4099 2975 4154 quae
3019 4092 3148 4140 sunt
3206 4086 3411 4142 diversi

1847 4178 2064 4247 generis
2093 4175 2198 4232 sibi
2230 4173 2468 4230 invicem
2522 4174 2717 4240 mista,
2753 4174 2861 4229 vim
2917 4173 3153 4231 afferunt
3181 4184 3408 4241 naturae,

177 4254 360 4318 φυτοῖς
389 4255 422 4323 ἡ
450 4253 618 4323 τέχνη
651 4252 954 4325 βιασαμένη
981 4254 1078 4327 τὴν
1105 4256 1288 4327 φύσιν,
1318 4259 1354 4314 ἀ
1389 4262 1422 4332 ή
1459 4263 1616 4333 χρεία
1647 4266 1746 4335 μὲν

1851 4279 1904 4324 et
1940 4274 2165 4338 aspectu
2197 4273 2254 4322 et
2286 4274 2449 4336 gustu
2489 4264 2542 4319 id
2576 4265 2723 4334 quod
2757 4272 2842 4320 est
2877 4266 3166 4335 utriusque
3204 4266 3412 4338 signiﬁ-

177 4341 271 4410 τῆς
305 4342 452 4415 ζωῆς
479 4345 585 4398 οὐκ
613 4344 896 4416 ἐζήτησεν,
931 4347 1178 4418 ἐπιζητεῖ
1211 4349 1324 4421 δὲή
1360 4353 1747 4426 ἀπαιδαγὼγη-

174 4449 262 4496 τος
291 4434 594 4506 ἐπιθυμία⁶
629 4435 800 4490 ταῦτα
833 4440 891 4490 ἐν
917 4440 982 4509 τῇ
1019 4438 1127 4492 τῶν
1153 4441 1345 4510 κήπων
1364 4444 1458 4495 καὶ
1486 4446 1744 4516 παραδεί-

179 4541 282 4576 σων
313 4525 626 4598 φιλοτεχνίᾳ
669 4529 992 4599 γεγενῆσθαι
1019 4531 1047 4582 ὁ
1075 4530 1144 4585 τὰ
1173 4531 1364 4585 ἐαυτοῦ
1407 4535 1746 4608 ἐξαγορεύων

176 4613 336 4682 λέγει.
354 4616 415 4670 Ὀ
445 4616 558 4688 γὰρ
584 4616 772 4682 εἰπὼν,
798 4619 880 4672 ὅτι
912 4639 930 4671 ‹
972 4620 1270 4691 Ἐφύτευσα
1299 4625 1406 4679 πᾶν
1429 4623 1581 4690 ξύλον
1604 4645 1747 4700 καρ-

177 4702 299 4763 πού,
344 4723 362 4756 ι
394 4707 461 4775 τῇ
509 4705 873 4778 περιληπτικῇ
903 4706 1074 4780 ταύτῃ
1121 4712 1272 4780 φωνῇ
1299 4711 1360 4764 τὸ
1395 4713 1560 4783 μηδὲν
1587 4714 1744 4769 ἐκλε-

177 4791 415 4847 λοιπέναι
443 4795 556 4848 τῶν
583 4796 835 4850 τοιούτων
866 4799 1280 4865 συνενεδείξατο.
1317 4797 1448 4854 Εἶτα
1478 4805 1615 4872 μετά
1649 4807 1747 4878 τὴν

174 4885 379 4954 τροφὴν
407 4887 510 4957 τὴν
541 4884 802 4958 ὖπαιθρόν
829 4905 887 4942 τε
910 4889 1002 4942 καὶ
1022 4890 1349 4962 ὑπωρόφιον,
1375 4893 1496 4947 οὐδὲ
1516 4895 1575 4948 τὸ
1603 4895 1746 4968 ὕδωρ

175 4976 464 5042 ἀτυντελές
504 4981 641 5048 πρὸς
683 4981 779 5052 τὴν
817 4982 926 5035 τῶν
963 4983 1165 5054 ἡδονῶν
1201 4987 1458 5058 είσφοράν
1496 4991 1746 5044 καταλεί-

176 5085 332 5122 πεται
352 5109 368 5134 ,
409 5071 490 5134 ὡς
536 5063 654 5124 δέον
684 5075 847 5127 πᾶσιν
885 5077 1154 5146 ἐντρυφᾷν
1187 5079 1295 5140 τοῖς
1330 5081 1644 5150 στοιχείοις·
1677 5085 1743 5155 τῇ

174 5161 240 5229 γῇ
271 5161 358 5214 διὰ
402 5161 517 5214 τῶν
567 5165 813 5231 οἰκείων,
840 5167 918 5237 τῷ
958 5166 1081 5237 ἀέρι
1120 5166 1206 5220 διά
1247 5169 1354 5222 τῶν
1382 5170 1633 5242 δένδρων,
1663 5175 1746 5244 τῷ

173 5247 322 5303 ὕδατι
359 5251 450 5305 διὰ
484 5253 587 5321 τῆς
627 5259 998 5328 χειροποιήτου
1039 5258 1332 5330 θαλάσσης.
1369 5262 1484 5314 Ἵνα
1515 5263 1620 5334 γὰρ
1651 5267 1744 5319 καὶ

171 5338 263 5392 τοῦ
289 5337 488 5404 ὕδατος
518 5341 640 5409 ὄψις
673 5347 905 5419 ἐφηδύνῃ
930 5350 1036 5403 τῶν
1065 5349 1356 5421 ὀφθαλμῶν
1380 5354 1476 5421 τὴν
1503 5354 1736 5427 ἀπάτην,

242 5522 288 5552 θ’
333 5523 486 5578 Eccl.
522 5538 618 5588 xx,
652 5525 737 5577 50.

1846 4365 2056 4420 cantes,
2091 4361 2152 4409 ut
2174 4353 2335 4408 ambo
2366 4367 2489 4408 esse
2521 4352 2810 4408 videantur
2843 4367 2964 4422 quae
2993 4352 3132 4408 ﬁunt
3175 4369 3242 4409 ex
3281 4369 3414 4409 con-

1845 4446 2244 4518 temperatione
2270 4458 2461 4499 eorum
2491 4458 2612 4513 qua
2645 4449 2776 4498 sunt
2801 4443 3003 4499 diversi
3026 4447 3260 4516 generis.
3286 4445 3412 4503 Haec

1844 4539 2052 4600 omnia,
2086 4543 2142 4591 et
2171 4536 2218 4591 si
2249 4534 2381 4604 quid
2408 4532 2560 4588 aliud
2600 4533 2657 4588 in
2687 4533 2891 4604 plantis
2921 4534 3129 4590 invenit
3158 4551 3250 4591 ars
3299 4536 3408 4590 vim

1845 4628 2077 4684 alierens
2132 4634 2341 4680 naturae
2385 4643 2398 4680 :
2446 4637 2598 4702 quae
2630 4622 2850 4693 quidem
2916 4626 3041 4680 vitae
3099 4641 3234 4681 usus
3298 4640 3407 4680 non

1848 4717 2102 4788 requirit,
2136 4714 2366 4784 requirit
2399 4719 2580 4768 autem
2608 4711 2884 4782 cupiditas
2914 4729 3036 4782 qua:
3067 4715 3324 4782 castigari
3353 4723 3408 4770 et

1847 4811 2088 4866 coerceri
2151 4823 2262 4862 non
2328 4812 2552 4876 potest;
2613 4804 2727 4859 haec
2785 4805 2840 4858 in
2895 4805 3068 4860 hortis
3117 4807 3410 4862 artiﬁciose

1847 4903 2092 4958 colendis
2125 4902 2264 4955 facta
2305 4915 2430 4955 esse
2461 4899 2594 4953 dicit
2621 4897 2667 4952 is
2695 4899 2788 4968 qui
2818 4913 2918 4953 sua
2961 4899 3231 4953 enuntiat.
3272 4897 3408 4952 Nam

1845 4995 1940 5065 qui
1977 4993 2132 5054 dixit,
2171 5009 2190 5041 ι
2225 4989 2471 5043 Plantavi
2505 5003 2666 5044 omne
2701 4989 2907 5058 lignum
2941 4986 3283 5042 fructiferum
3317 5007 3330 5042 :
3379 5008 3398 5041 ι

1847 5085 1951 5138 hac
1989 5096 2122 5136 voce
2155 5095 2277 5149 qua:
2325 5081 2492 5133 multa
2526 5079 2932 5148 complectitur,
2987 5079 3229 5135 ostendit
3271 5079 3410 5133 nihil

1847 5188 2034 5231 eorum
2068 5171 2329 5226 defuisse.
2363 5169 2568 5225 Deinde
2596 5178 2718 5239 post
2767 5170 3046 5226 subdiales
3083 5169 3328 5236 delicias,
3355 5177 3409 5226 et

1849 5281 1970 5336 qua:
2016 5272 2142 5319 sunt
2183 5261 2285 5315 sub
2327 5267 2491 5322 tecto,
2535 5275 2602 5314 ne
2635 5275 2776 5330 aqua
2824 5261 3042 5331 quidem
3082 5261 3410 5332 relinquitur

1848 5354 2057 5411 inutilis
2115 5352 2180 5406 ad
2240 5349 2536 5418 voluptates
2586 5350 2963 5416 conferendas,
3009 5361 3194 5424 utpote
3259 5351 3406 5426 quod
