3738 5984
291 204 395 260 6ὓὸ
472 221 494 237 ο

1524 215 1582 272 S.
1616 214 1940 275 GREGORII
1978 213 2276 270 NYSSENI‘

3430 219 3534 274 6M

288 325 540 389 oporteat
571 319 623 373 in
657 322 914 378 omnibus
939 324 1224 382 elementis
1253 343 1312 383 se
1340 329 1568 399 explere
1589 331 1800 388 deliciis
1837 352 1854 388 :

2032 348 2119 401 ινη
2136 332 2199 385 τὺ
2217 331 2413 400 ἔδαφος
2436 331 2664 400 γίνεται,
2688 331 2947 388 κυκλόθεν
2964 332 3539 403 περιοικοδομηθέντες

291 409 347 460 in
377 416 522 463 terra
557 425 652 478 per
681 425 744 466 ea
781 427 903 480 qum
929 422 1056 468 sunt
1089 415 1138 470 ei
1178 419 1586 484 convenientia,
1635 422 1690 476 in
1732 437 1860 477 aere

289 514 390 569 per
417 501 665 567 arbores,
711 502 768 556 in
805 517 946 573 aqua
979 520 1076 575 per
1109 521 1260 563 mare
1307 523 1475 564 manu
1533 509 1757 566 factum.
1789 510 1860 567 Ut

291 589 438 645 enim
491 607 646 660 aquae
703 604 956 663 aspectus
1021 597 1278 666 deceptos
1333 600 1569 656 oblectet
1627 602 1857 668 oculos,

291 682 470 736 Solum
509 684 569 736 tit
617 684 792 749 lacus,
829 702 969 758 aqua
1016 690 1073 745 in
1105 691 1293 746 orbem
1340 693 1857 748 circumsediﬁcata:

293 780 432 828 utet
460 782 684 830 natatus
729 779 1062 848 voluptatem
1118 781 1310 837 afferat
1390 784 1458 838 iis
1505 785 1600 854 qui
1632 799 1860 856 corpora

289 862 603 918 exhilarant
635 885 648 919 :
681 874 737 921 et
765 867 1008 926 defluens
1043 871 1238 926 hortus
1271 872 1465 928 reddat
1492 872 1858 940 ﬂorentiores,

294 963 355 1010 ut
377 972 498 1027 quae
525 958 672 1012 omni
699 973 768 1013 ex
801 969 958 1030 parte
993 962 1356 1018 distribuatur
1379 964 1446 1019 ad
1479 981 1638 1020 usum
1669 981 1858 1021 eorum

291 1063 415 1118 quae
471 1049 796 1120 irrigantur.
861 1070 880 1104 ι
921 1050 1046 1108 Feci
1095 1054 1264 1119 enim,
1325 1075 1344 1106 ι
1400 1055 1598 1125 inquit,
1654 1075 1674 1107 ι
1726 1056 1860 1110 mihi

290 1139 533 1209 piscinas
573 1155 863 1210 aquarum,
895 1150 955 1196 ut
988 1143 1055 1198 iis
1083 1145 1302 1213 irrigem
1337 1145 1536 1199 saltum
1562 1144 1709 1214 ligna
1735 1161 1862 1216 ger-

295 1229 612 1284 minantem.
626 1249 649 1281 ι
671 1229 774 1285 Hic
787 1239 904 1285 erat
924 1233 1056 1286 mihi
1080 1231 1204 1287 fons
1226 1233 1591 1303 horti,nempe
1611 1234 1860 1288 doctrina

297 1320 582 1384 virtutum,
613 1336 711 1391 per
752 1337 912 1391 quam
977 1323 1174 1377 animat
1221 1323 1444 1379 siccitas
1495 1325 1858 1390 irrorabatur,

296 1411 627 1480 contemptis
649 1412 809 1482 aquis
833 1414 1088 1477 terrenis,
1117 1428 1350 1483 quarum
1386 1430 1520 1470 usus
1544 1422 1597 1470 et
1625 1414 1862 1471 delecta-

293 1501 370 1556 tio
420 1513 508 1557 est
552 1511 930 1574 temporanea,
989 1504 1136 1560 ﬂuxa
1191 1513 1373 1561 autem
1431 1515 1488 1561 et
1543 1506 1861 1563 transitoria

1959 421 2052 476 τοῦ
2106 422 2297 487 ὓδατος
2321 440 2334 453 ·
2375 422 2452 485 ὡς
2479 423 2545 477 ἂν
2593 423 2686 476 καὶ
2736 419 2938 494 ήνῆξις
2986 421 3178 495 ἡδονὴν
3222 423 3380 493 φέροι
3422 413 3540 484 τοῖέ

1960 515 2408 586 φαιδρυνομένοις
2437 513 2506 567 τὰ
2535 513 2793 584 σώματα·
2823 515 2920 568 καὶ
2962 515 3024 568 τὸ
3047 513 3336 586 ἀπορρέον,
3375 511 3542 564 εὐθα-

1961 606 2246 678 λεστέρους
2285 606 2643 677 παραδείσους
2687 606 3085 669 κατασκευάξοι
3122 606 3370 675 πανταχῇ
3397 602 3542 673 πρὸς

1959 698 2058 760 τὰς
2072 698 2255 769 χρείας
2271 696 2378 750 τῶν
2394 696 2707 768 ἀρδομένων
2720 697 3200 767 κατασχιζόμενον.
3212 715 3232 747 ι
3269 694 3461 762 Ἐποίη
3469 709 3544 744 σα

1956 787 2068 860 γάρ
2097 804 2207 857 μοι,
2249 807 2268 840 ι
2299 789 2449 858 φησι,
2498 808 2516 839 ι
2555 788 2942 859 κολυμϐήθρας
2973 789 3201 851 ὑδάτων,
3231 785 3327 838 τοῦ
3379 783 3544 836 ποτί-

1963 893 2050 930 σαι
2082 877 2177 929 ἀπ’
2205 875 2384 929 αὐτῶν
2402 875 2602 947 δρυμὸν
2630 876 2875 947 βλαστῶν
2901 876 2972 930 τά
3004 875 3153 940 ξύλα.
3190 894 3210 927 ι
3262 875 3323 926 Ἦ
3357 873 3414 926 δέ
3445 889 3543 942 μοι

1959 963 2027 1036 ἦν
2057 968 2090 1037 ἡ
2116 966 2210 1019 τοῦ
2257 966 2586 1038 παραδείσου
2637 967 2786 1036 πηγή
2809 982 2822 995 °
2852 965 3149 1029 τουτέστιν,
3192 966 3227 1035 ἡ
3255 964 3362 1016 τῶν
3397 963 3543 1032 ἀρε-

1959 1058 2068 1110 τῶν
2099 1056 2414 1110 διδασκαλία
2435 1098 2449 1120 ,
2494 1059 2561 1110 δι’
2592 1054 2661 1128 ἦς
2689 1057 2718 1111 ό
2748 1058 2846 1126 τῆς
2877 1057 3054 1127 ψυχῆς
3083 1056 3290 1126 αὐχμὸς
3323 1053 3547 1124 ὲδροσίο

1959 1145 2114 1212 ζετο,
2143 1147 2412 1218 ὑπεριδὼν
2451 1147 2559 1200 τῶν
2591 1149 2794 1218 γηΐνων
2836 1147 3063 1213 ὑδάτων,
3097 1140 3172 1200 ὧν
3202 1145 3547 1215 πρόσκαιρος

1965 1237 2063 1307 μὲν
2090 1240 2124 1308 ἡ
2149 1238 2464 1303 ἀπόλαυσις,
2497 1237 2764 1309 παροδικὴ
2793 1237 2849 1290 δὲ
2873 1240 2906 1307 ἡ
2933 1235 3114 1306 φύσις.
3135 1234 3344 1289 Οὐκοῦν
3374 1235 3547 1303 diaet-

1961 1347 2050 1383 νον
2079 1329 2144 1384 ἂν
2176 1330 2262 1401 εἴη
2283 1330 2384 1400 τῆς
2412 1331 2560 1394 θείας
2589 1331 2794 1401 πηγῆς,
2824 1330 2894 1381 δι’
2921 1324 2988 1400 ἦς
3011 1329 3067 1382 αἱ
3091 1327 3284 1399 ἀρεταὶ
3300 1326 3400 1396 τῆς
3425 1325 3543 1394 ψυ-

1961 1421 2065 1490 χῆς
2104 1418 2396 1489 ἐκφύονται
2448 1420 2540 1473 καὶ
2591 1418 2842 1491 ἇρδονται
2862 1457 2877 1480 ,
2919 1417 3177 1490 βραχεῖαν
3226 1417 3554 1486 ἀπόρροιαν

1961 1510 2177 1573 ἑαυτοῖς
2206 1510 2557 1581 όχετηγῆσαι,
2585 1509 2659 1573 ὡς
2686 1509 2755 1563 ἂν
2777 1510 2838 1562 τὸ
2859 1509 2969 1562 τῶν
2997 1506 3218 1576 ἀγαθῶν
3248 1505 3544 1574 ἐπιτηδευ-

294 1600 511 1649 natura.
577 1592 723 1650 Nihil
764 1610 894 1666 ergo
959 1594 1124 1650 fuerit
1180 1596 1376 1652 melius
1425 1611 1590 1666 quam
1634 1612 1666 1653 e
1711 1596 1862 1654 fonte

2032 1617 2153 1656 ιτων
2179 1600 2340 1665 ἄλσος
2387 1601 2447 1652 ὲν
2480 1603 2601 1664 ταῖς
2642 1601 2839 1672 ψυχαῖς
2870 1601 3027 1673 ἡμῶν
3060 1599 3274 1663 θάλλοι,
3308 1597 3397 1651 διὰ
3434 1594 3543 1649 τοῦ

291 1682 502 1748 divino,
535 1699 631 1754 per
663 1700 825 1754 quem
863 1687 1059 1740 animae
1089 1685 1316 1741 virtutes
1364 1687 1619 1740 oriuntur
1650 1694 1704 1742 et
1735 1688 1862 1741 irri-

2032 1691 2176 1763 υρίου
2195 1694 2228 1762 ἡ
2238 1691 2355 1762 μῶν
2397 1690 2574 1762 Ἰησοῦ
2615 1672 2942 1763 Χριστοῦ,
2968 1693 3003 1762 ὴ
3026 1690 3153 1757 δόξα
3183 1690 3279 1744 καὶ
3303 1687 3364 1741 τδ
3395 1685 3554 1758 πράε

303 1782 519 1844 gantur,
552 1777 770 1832 brevem
793 1778 1028 1847 aliquem
1056 1776 1262 1832 ﬂuxum
1282 1777 1550 1841 derivare,
1579 1786 1640 1832 ut
1664 1793 1859 1835 nemus

1924 1804 1926 1806 ν
1967 1799 2057 1844 τος
2085 1782 2164 1844 είς
2183 1781 2309 1844 τοὺς
2335 1780 2535 1845 αἰῶνας
2553 1781 2663 1836 τῶν
2686 1781 2917 1836 αἰώνων.
2967 1781 3166 1851 ’Δμήν.

303 1871 573 1926 bonorum
597 1868 901 1926 studiorum
937 1875 1000 1923 et
1053 1883 1278 1938 operum
1340 1869 1397 1924 in
1424 1869 1634 1926 nostris
1661 1871 1928 1941 germinet
1965 1871 2184 1933 animis.
2215 1871 2320 1927 Per
2353 1871 2643 1976 Dominum
2680 1881 2930 1932 nostrum
2962 1869 3150 1929 Jesum
3197 1867 3482 1925 Christum
3517 1908 3539 1937 ,

301 1963 395 2018 eui
424 1962 593 2033 gloria
631 1963 693 2022 in.
720 1963 915 2020 saecula
941 1956 1291 2019 liaculorum.
1318 1964 1519 2025 Amen.

874 2095 1162 2156 HOMILIA
1194 2098 1290 2158 1V.

366 2239 547 2295 Locus
575 2240 942 2297 confessionis
967 2239 1272 2296 orationem
1303 2240 1465 2296 nobis
1505 2239 1684 2294 adhuc
1723 2239 1862 2295 deti-

295 2339 408 2386 net.
443 2330 545 2397 Qui
576 2333 719 2386 enim
751 2347 851 2387 sua
884 2341 1091 2401 narrat,
1122 2332 1309 2387 omnia
1338 2331 1452 2386 fere
1480 2332 1856 2402 persequitur,

296 2438 394 2492 per
409 2438 540 2493 qua:-
557 2423 720 2494 hujus
749 2425 873 2479 vitae
895 2439 1074 2478 rerum
1099 2423 1312 2478 vanitas
1335 2423 1668 2494 agnoscitur.
1701 2422 1860 2477 Nunc

295 2521 474 2569 autem
505 2514 670 2568 veluti
702 2514 996 2584 quamdam
1034 2513 1298 2582 majorem
1342 2513 1519 2582 tangit
1563 2514 1862 2583 reprelien-

295 2608 527 2671 sionem,
553 2621 754 2674 nempe
779 2613 833 2660 et
866 2621 987 2674 quae
1013 2605 1082 2658 ab
1113 2605 1232 2674 ipso
1269 2603 1416 2659 facta
1455 2612 1603 2669 sunt,
1638 2620 1706 2660 ex
1737 2604 1862 2675 qui-

291 2698 398 2752 bus
427 2705 719 2752 accusatur
761 2697 955 2750 vitium
999 2695 1290 2765 superbiae.
1340 2694 1483 2760 Quid
1515 2695 1662 2749 enim
1696 2696 1753 2749 in
1791 2695 1860 2752 iis

293 2801 413 2855 quae
446 2795 574 2842 sunt
595 2796 932 2851 enumerata,
958 2793 1167 2840 tantum
1201 2785 1332 2840 facit
1361 2785 1429 2839 ad
1454 2785 1681 2851 fastum,
1712 2803 1861 2841 nem-

296 2892 362 2947 pe
393 2877 591 2932 do-mus
622 2883 963 2947 sumptuosa,
991 2886 1044 2931 et
1077 2875 1372 2931 multitudo
1405 2877 1705 2944 vinearum,
1736 2879 1859 2932 hor-

294 2979 587 3038 torumque
617 2977 674 3023 et
699 2983 966 3038 aquarum
1003 2969 1376 3038 pulchritudo,
1413 2967 1856 3040 piscinarumque
1886 2999 1930 3058 α

292 3059 654 3122 constructio,
687 3067 743 3112 et
763 3058 1046 3112 hortorum
1078 3060 1399 3129 amplitudo,
1427 3069 1688 3129 quantum
1711 3062 1855 3131 quod

293 3148 385 3219 qui
410 3156 494 3202 est
525 3147 710 3214 homo,
744 3147 985 3218 seipsum
1017 3149 1294 3203 existimat
1335 3151 1616 3205 dominum
1670 3166 1859 3207 eorum

291 3239 385 3310 qui
417 3247 546 3294 sunt
589 3237 832 3307 ejusdem
873 3238 1032 3308 cujus
1073 3239 1191 3308 ipse
1225 3249 1310 3294 est
1357 3241 1612 3311 generis?
1678 3261 1696 3293 ‹
1727 3241 1861 3298 Pos-

293 3329 414 3386 sedi
432 3330 601 3396 enim,
641 3349 660 3381 ι
697 3329 897 3398 inquit,
926 3346 947 3380 ι
982 3345 1172 3386 servos
1199 3338 1252 3386 et
1278 3333 1528 3395 ancillas,
1555 3341 1610 3387 et
1639 3332 1862 3387 fuerunt

292 3421 432 3474 mihi
457 3435 656 3476 verum.
685 3441 703 3472 ι
744 3419 910 3477 Vides
925 3429 1194 3477 tumorem
1220 3422 1564 3493 arrogantiae.
1599 3421 1726 3478 llaec
1756 3437 1861 3478 vox

293 3519 484 3582 aperte
511 3512 747 3582 insurgit
769 3511 1036 3567 adversus
1073 3511 1264 3567 Deum.
1305 3509 1500 3567 Omnia
1539 3513 1686 3567 enim
1741 3527 1859 3568 ser-

292 3606 413 3659 vire
437 3605 508 3668 ei,
545 3619 665 3674 quae
689 3613 774 3659 est
798 3615 963 3674 supra
997 3605 1202 3668 omnia,
1249 3604 1531 3674 potestati,
1583 3603 1859 3658 audiimus

292 3709 322 3748 a
350 3695 655 3764 prophetia.
688 3692 792 3760 Qui
822 3703 1005 3748 autem
1041 3703 1202 3750 suum
1235 3692 1368 3748 facit
1396 3693 1451 3748 id
1485 3693 1632 3764 quod
1659 3707 1690 3746 a
1747 3691 1859 3748 Deo

179 3843 198 3866 κ
290 3779 624 3852 possidetur,
654 3791 711 3837 et
752 3797 856 3839 suo
903 3785 1089 3854 generi
1119 3799 1237 3839 eam
1284 3784 1478 3838 tribuit
1511 3790 1852 3854 potestatem,

289 3881 352 3927 ut
393 3887 452 3929 se
481 3881 634 3943 putet
662 3873 944 3928 dominum
983 3874 1222 3928 virorum
1251 3883 1306 3929 et
1363 3874 1676 3938 mulierum,
1725 3871 1858 3943 quid

292 3965 444 4020 aliud
473 3981 636 4035 quam
673 3974 925 4020 naturam
953 3974 1176 4036 superat
1195 3966 1468 4036 superbia,
1495 3966 1589 4036 qui
1616 3966 1859 4036 seipsum

291 4057 491 4126 aspicit
519 4064 779 4126 tanquam
810 4056 1017 4125 aliquid
1042 4057 1190 4110 aliud
1220 4057 1300 4116 ab
1320 4056 1388 4111 iis
1415 4059 1510 4126 qui
1551 4065 1681 4112 sunt
1727 4057 1860 4112 sub-

285 4147 464 4218 jecti?
501 4167 520 4200 ι
583 4147 809 4204 Possedi
852 4162 1044 4204 servos
1098 4155 1152 4203 et
1211 4147 1466 4204 ancillas.
1502 4167 1522 4200 ›
1572 4147 1859 4202 Hominem

289 4239 624 4295 condemnas
649 4239 948 4305 servitutis,
983 4239 1143 4308 cujus
1170 4247 1255 4294 est
1287 4240 1477 4305 libera,
1507 4247 1560 4295 et
1587 4240 1672 4293 sui
1715 4237 1857 4308 juris

2573 2102 2818 2157 ΟΜΙΛΙΑ
2843 2104 2918 2154 Δ’.

2032 2241 2155 2297 Ἕω.
2175 2243 2308 2312 ἡμῖν
2333 2241 2363 2292 ό
2386 2239 2484 2310 τῆς
2508 2238 2945 2309 ὲξομολογήσεως
2968 2233 3133 2295 τόπος
3161 2225 3539 2300 παρακατέχει

1956 2332 2053 2391 τὸν
2074 2333 2250 2402 λόγον.
2273 2331 2457 2386 Πάντα
2483 2330 2593 2402 γὰρ
2623 2328 2806 2399 σχεδὸν
2834 2325 3166 2397 διεξέρχεται
3185 2322 3215 2374 ό
3237 2319 3306 2372 τά
3337 2315 3537 2371 ἑαυτοῦ

1961 2425 2336 2500 διηγούμενος,
2378 2424 2446 2477 δι’
2475 2416 2551 2477 ὧν
2577 2422 2686 2475 τῶν
2725 2419 2871 2474 κατὰ
2897 2419 2990 2472 τὸν
3034 2417 3145 2488 βίον
3169 2413 3358 2467 τοῦτον
3387 2427 3538 2482 πρα-

1960 2519 2186 2590 γμάτων
2220 2520 2254 2588 ἠ
2303 2515 2602 2587 ματαιότης
2644 2511 2987 2584 γνωρίζεται.
3039 2507 3154 2562 Νῦν
3189 2505 3249 2558 δὲ
3279 2502 3540 2572 καθάπερ

1964 2607 2205 2680 μείζονός
2252 2621 2394 2669 τινος
2443 2603 2777 2675 κατηγορίας
2826 2601 3054 2656 ἅπτεται
3095 2597 3204 2651 τῶν
3236 2595 3384 2665 αὑτῷ
3437 2611 3538 2646 πε-

1959 2699 2309 2772 πραγμένων,
2345 2699 2402 2762 ἐξ
2433 2692 2508 2751 ὧν
2539 2696 2599 2749 τὸ
2625 2694 2766 2749 κατὰ
2789 2692 2884 2764 τὴν
2913 2689 3289 2762 ὑπερηφανίαν
3313 2685 3538 2740 διαϐάλ-

1957 2789 2108 2844 λεται
2160 2788 2351 2852 πάθος.
2409 2788 2474 2840 Τί
2521 2786 2630 2857 γὰρ
2680 2783 2930 2838 τοσοῦτον
2976 2783 3054 2845 είς
3097 2780 3263 2849 τύφον
3313 2781 3372 2832 ὲν
3417 2778 3536 2838 τοίς

1959 2878 2437 2951 ἀπηριθμημένοις
2467 2877 2634 2939 ἐστὶν,
2670 2870 2816 2937 οἶκος
2855 2871 3168 2941 πολυτελὴς,
3204 2869 3297 2922 καὶ
3327 2865 3538 2935 πλῆθος

1961 2969 2238 3040 ἀμπέλων,
2278 2969 2373 3021 καὶ
2406 2969 2438 3039 ἡ
2475 2969 2530 3019 ὲν
2563 2967 2758 3032 κήποις
2792 2962 2910 3034 ὥρα
2950 2961 3047 3014 καὶ
3081 2960 3189 3013 τῶν
3222 2957 3454 3020 ὑδάτων,
3497 2957 3534 3026 ἢ

1960 3077 2020 3114 τε
2049 3059 2188 3113 κατά
2221 3059 2320 3121 τὰς
2357 3055 2740 3128 κολυμϐήθρας
2770 3053 3048 3115 σύστασις,
3072 3050 3167 3103 καὶ
3198 3051 3231 3118 ἡ
3261 3050 3319 3100 ὲν
3347 3062 3535 3114 παρα·
3555 3085 3566 3098 .

1956 3149 2152 3212 δείσοις
2185 3148 2446 3213 διάλυσις,
2481 3147 2604 3199 ὅσον
2641 3144 2700 3197 τὺ
2747 3143 3031 3213 ἄνθρωπον
3059 3140 3186 3192 ὄντα
3207 3178 3221 3200 ,
3261 3135 3536 3206 δεσπότην

1960 3237 2146 3293 ἑαυτὸν
2170 3238 2279 3291 τῶν
2305 3237 2593 3308 ὁμοφύλων
2622 3235 2863 3300 οἴεσθαι;
2898 3251 2916 3284 ι
2966 3229 3314 3301 Ἐκτησάμην
3343 3245 3362 3278 ι
3395 3227 3532 3298 γὰρ,

1959 3330 2117 3400 φησὶ,
2161 3347 2180 3380 ι
2217 3329 2434 3390 δούλους
2466 3326 2561 3379 καὶ
2600 3325 2912 3386 παιδίσκας,
2944 3322 3036 3374 καὶ
3074 3319 3370 3399 οἰκογενεῖς
3405 3316 3535 3382 ἐγέ-

1958 3417 2108 3471 νοντό
2140 3433 2248 3486 μοι.
2303 3434 2322 3468 ι
2382 3415 2543 3486 Ὁρᾷς
2572 3415 2664 3466 τὸν
2705 3412 2866 3480 ὖγκον
2898 3409 2999 3479 τῆς
3029 3404 3372 3469 ἀλαζονείας·
3409 3403 3539 3474 Θεῴ

1959 3505 2216 3576 ἄντικρυς
2253 3505 2287 3572 ἡ
2333 3502 2550 3572 τοιαύτη
2597 3499 2748 3570 φωνὴ
2803 3495 3224 3568 ἁντεπαίρεται·
3267 3492 3337 3545 τά
3393 3493 3536 3561 σύμ-

1957 3612 2134 3649 παντα
2184 3594 2292 3664 γὰρ
2341 3591 2501 3646 δοῦλα
2556 3586 2694 3643 εἶναι
2743 3588 2843 3658 τῆς
2875 3587 3091 3640 πάντων
3128 3581 3538 3655 ὑπερκειμένης

1956 3684 2237 3750 ἐξουσίας,
2274 3683 2424 3754 παρά
2451 3681 2552 3751 τῆς
2583 3678 2920 3751 προφητείας
2959 3675 3295 3745 ἠκούσαμεν.
3343 3673 3404 3725 Ὀ
3433 3668 3536 3726 οὖν

1941 3776 2144 3847 κτῆμα
2182 3775 2373 3827 ἑαυτοῦ
2413 3773 2474 3826 τὸ
2507 3772 2600 3826 τοῦ
2631 3770 2768 3824 Θεοῦ
2804 3768 2992 3839 κτῆμα
3026 3765 3380 3836 ποιούμενος,
3410 3765 3535 3816 ἐπιδ

1960 3868 2194 3940 μερίζων
2223 3883 2282 3920 τε
2307 3865 2384 3935 τῷ
2415 3865 2562 3933 γένει
2604 3863 2704 3932 τὴν
2737 3859 3088 3924 δυναστείαν,
3116 3859 3192 3922 ὡς
3231 3856 3441 3927 ἀνδρῶν
3471 3873 3538 3915 τε

1957 3957 2052 4012 καὶ
2097 3955 2369 4026 γυναικῶν
2411 3955 2600 4026 κύριον
2650 3952 2838 4008 ἑαυτὸν
2881 3949 3121 4012 οἴεσθαι,
3169 3947 3224 4001 τί
3260 3947 3387 3999 ἄλλο
3434 3947 3535 3998 καὶ

1957 4048 2080 4118 οὐχὶ
2123 4047 2385 4100 διαϐαίνει
2417 4049 2484 4117 τῇ
2529 4041 2873 4109 ὑπερηφανίᾳ
2913 4041 3011 4110 τὴν
3056 4039 3252 4109 φύσιν,
3296 4037 3425 4092 ἄλλο
3477 4054 3533 4092 τι

1957 4139 2150 4193 ἑαυτὸν
2183 4139 2336 4210 παρὰ
2361 4139 2485 4192 τοὺς
2507 4132 2838 4207 ἀρχομένους
2865 4131 3112 4201 βλέπωνς
3138 4151 3157 4184 ι
3179 4119 3535 4200 Ἐκτησάμην

1956 4229 2174 4294 δούλους
2198 4230 2292 4283 καὶ
2315 4225 2590 4282 παιδίσκα.
2608 4239 2628 4274 ι
2653 4220 2872 4290 Δουλείᾳ
2913 4221 3294 4284 καταδικάζεις
3318 4220 3410 4272 τὸν
3436 4221 3536 4272 άν-

289 4337 506 4393 natura,
542 4336 597 4384 et
637 4329 807 4398 legem
842 4327 952 4383 fers
986 4327 1250 4383 adversus
1311 4326 1502 4392 Deum,
1553 4328 1854 4381 naturalem

2032 4339 2172 4376 ωπον
2191 4365 2205 4387 ,
2228 4314 2289 4375 οὗ
2315 4318 2572 4387 ἐλευθέρα
2590 4317 2626 4386 ἡ
2676 4315 2839 4385 φύσις
2872 4315 2968 4369 καὶ
3012 4312 3357 4377 αὑτεξούσιος
3375 4350 3391 4376 ,
3434 4311 3539 4369 καὶ,

289 4419 409 4489 ejus
432 4420 604 4489 legem
634 4428 905 4476 evertens.
933 4417 1069 4472 Eum
1107 4419 1252 4474 enim
1283 4421 1377 4489 qui
1407 4418 1531 4474 ideo
1566 4417 1742 4474 factus
1771 4424 1857 4473 est

293 4520 352 4564 ut
383 4520 530 4565 esset
562 4521 724 4566 terra:
779 4511 1062 4574 dominus,
1111 4521 1165 4565 et
1225 4527 1389 4582 quem
1447 4517 1508 4563 ut
1565 4511 1856 4579 imperaret

289 4601 582 4656 constituit
625 4601 876 4664 Greater,
930 4615 1054 4654 eum
1116 4601 1326 4670 subigis
1379 4601 1512 4670 jugo
1550 4598 1851 4662 servitutis,

289 4703 552 4762 tanquam
579 4692 767 4747 divino
806 4701 1076 4763 praecepto
1121 4693 1384 4749 resistens
1414 4701 1471 4746 et
1517 4706 1852 4761 repugnans.

288 4787 579 4842 Oblitusne
602 4802 665 4841 es
699 4787 924 4855 quinam
967 4793 1099 4840 sunt
1127 4783 1348 4839 termini
1379 4793 1486 4837 tua:
1524 4783 1850 4852 potestatis;

286 4891 482 4946 nempe
510 4876 656 4946 quod
696 4876 806 4930 huc
836 4890 1011 4944 usque
1041 4882 1210 4927 tuum
1246 4873 1530 4928 deﬁnitum
1575 4874 1648 4928 sit
1682 4872 1855 4940 impe-

287 4970 460 5034 rium,
523 4978 584 5020 ut
643 4966 836 5036 praesis
898 4965 1078 5019 brutis
1131 4963 1543 5017 animantibus?
1582 4960 1854 5037 Impereut

285 5059 459 5121 enim,
489 5059 690 5127 inquit,
725 5056 1042 5110 volucribus
1079 5063 1134 5108 et
1167 5054 1410 5123 piscibus
1447 5061 1504 5107 et
1545 5053 1856 5124 quadrupe-

287 5151 467 5205 dibus.
505 5149 791 5214 Quomodo
815 5147 1088 5217 przeterita
1118 5161 1238 5214 qum
1258 5153 1364 5198 tua:
1394 5145 1583 5198 manui
1607 5145 1855 5213 subjecta

286 5249 372 5294 est
425 5241 708 5302 servitute,
765 5238 1029 5292 adversus
1064 5228 1239 5305 ipsam
1287 5235 1514 5290 liberam
1573 5234 1856 5288 extolleris

288 5338 562 5391 naturam,
595 5329 648 5380 in
683 5325 1095 5394 quadrupedum
1132 5324 1216 5378 vel
1244 5323 1406 5376 etiam
1443 5321 1854 5390 (insectorum)

288 5417 519 5488 pedibus
555 5416 861 5470 carentium
895 5427 1182 5468 numerum
1214 5410 1457 5468 referens
1494 5411 1551 5465 id
1577 5412 1722 5481 quod
1769 5419 1857 5466 est

287 5507 532 5577 ejusdem
561 5507 774 5574 generis
798 5505 820 5556 ?
843 5525 858 5555 ς
896 5505 1091 5559 Omnia
1118 5506 1401 5575 subjecisti
1436 5501 1659 5563 homini,
1686 5520 1703 5552 ι
1743 5504 1854 5559 cla-

288 5607 401 5658 mat
433 5598 710 5670 Scriptura
753 5613 846 5667 pcr
878 5598 1321 5668 propltctiam,'ct
1372 5601 1424 5655 iu
1466 5597 1715 5654 eumdem
1771 5613 1854 5653 rc-

1955 4411 2386 4481 ἀντινομοθετεῖς
2409 4407 2487 4478 τῷ
2512 4407 2648 4477 Θεῷ,
2680 4405 3006 4478 ἀνατρέπων
3030 4401 3194 4458 αὑτοῦ
3221 4401 3312 4455 τὸν
3342 4402 3434 4453 επὶ
3463 4404 3534 4472 τῇ

1957 4505 2116 4576 φύσει
2147 4503 2328 4574 νόμον.
2359 4502 2463 4555 Τὸν
2491 4499 2599 4570 γὰρ
2629 4499 2722 4576 ἐπὶ
2751 4498 2924 4568 τούτῳ
2946 4495 3256 4566 γενόμενον,
3283 4493 3369 4561 ἐφ’
3401 4485 3447 4560 ᾧ
3472 4509 3537 4544 τε

1956 4595 2144 4666 κύριον
2169 4590 2307 4647 εἷναι
2331 4594 2429 4662 τῆς
2451 4591 2574 4660 γῆς,
2604 4589 2699 4642 καὶ
2724 4591 2800 4652 είς
2824 4587 2997 4657 ἀρχὴν
3021 4584 3356 4654 τεταγμένον
3382 4600 3457 4637 πα
3467 4583 3541 4653 ρὰ

1955 4685 2049 4739 τοῦ
2068 4684 2392 4746 πλάσαντος,
2411 4679 2599 4734 τοῦτον
2621 4679 2849 4746 ὑπάγεις
2870 4677 2946 4748 τῷ
2968 4679 3067 4747 τῆς
3089 4674 3336 4737 δουλείας
3358 4671 3534 4742 ζυγῷ,

1955 4774 2146 4846 ὥσπερ
2174 4771 2491 4827 ἀντιϐαίνων
2527 4786 2587 4822 τε
2627 4769 2720 4822 καὶ
2765 4766 3068 4838 μαχόμενος
3100 4763 3179 4835 τῷ
3208 4763 3338 4833 θείῳ
3365 4778 3540 4831 προσ-

1955 4868 2218 4937 τάγματι.
2278 4861 2621 4930 Ἐπιλέλησαι
2658 4859 2768 4912 τῶν
2811 4859 2908 4930 τῆς
2949 4856 3194 4921 ἐξουσίας
3236 4856 3412 4926 ὅρων,
3447 4856 3536 4909 ὅτι

1959 4977 2042 5014 σοι
2085 4957 2247 5028 μέχρι
2277 4955 2375 5024 τῆς
2400 4953 2508 5006 τῶν
2535 4951 2743 5020 ἀλόγων
2788 4949 3105 5012 ἐπιστασίας
3138 4949 3172 5018 ἠ
3200 4948 3344 5020 ἀρχὴ
3375 4964 3541 5019 περι-

1956 5051 2202 5121 ὡρισται.
2231 5045 2568 5118 Ἀρχέτωσαν
2585 5045 2714 5113 γὰρ,
2737 5043 2890 5114 φησὶ,
2909 5041 3187 5106 πετεινῶν,
3205 5041 3303 5094 καὶ
3329 5040 3537 5112 ἰχθύων
3575 5073 3612 5105 \

1958 5141 2052 5196 καὶ
2080 5137 2446 5209 τετραπόδων.
2477 5135 2619 5198 ιΠῶς
2649 5133 2934 5205 παρελθὼν
2964 5133 3060 5204 τὴν
3097 5131 3409 5204 ὑποχείριόν
3447 5149 3538 5186 σοι

1956 5230 2198 5284 δωλείαν
2239 5229 2358 5282 κατ’
2399 5225 2570 5296 αὐτῆς
2607 5221 2806 5296 ἐπαίρῃ
2843 5223 2942 5296 τῆς
2981 5223 3268 5294 ἐλευθέρας
3314 5222 3538 5292 φύσεως
3616 5217 3626 5225 ’

1962 5323 2100 5394 μετὰ
2125 5321 2232 5374 τῶν
2255 5318 2601 5390 τετραπόδων
2633 5318 2665 5387 ἢ
2695 5318 2786 5369 καὶ
2813 5315 2922 5368 τῶν
2949 5315 3162 5368 ἁπόδων
3188 5313 3444 5385 ἀριθμῶν
3475 5313 3542 5366 ea

1958 5412 2260 5484 όμόφυλον;
2303 5429 2320 5461 ι
2347 5409 2526 5464 Πάντα
2554 5404 2820 5470 ὑπέταξας
2840 5403 2916 5475 τῷ
2939 5400 3224 5473 ἀνθρώπῳ,
3252 5423 3270 5455 ι
3309 5403 3412 5474 βοᾷ
3447 5402 3543 5457 διὰ

1959 5504 2060 5573 τῆς
2092 5499 2428 5572 προφητείας
2461 5499 2490 5550 ὁ
2525 5495 2695 5565 Λόγος
2715 5533 2728 5558 ,
2759 5495 2853 5548 καὶ
2886 5493 2989 5546 ὑπὸ
3032 5492 3262 5564 ἀριθμὸν
3296 5493 3422 5560 ἄγει
3467 5492 3548 5544 τὰ

1963 5594 2248 5665 ὑποχείρια
2278 5591 2352 5660 τῷ
2383 5590 2547 5658 λόγῳ,
2587 5607 2602 5638 ‹
2627 5587 2814 5659 κτήνη,
2839 5584 2929 5640 καὶ
2950 5585 3074 5657 βόας
3099 5584 3190 5638 καὶ
3209 5580 3482 5653 πρόϐατα,
3517 5609 3532 5635 ι
