3766 5986
211 176 336 233 665

1279 179 1346 235 ΙΝ
1390 180 1926 245 ECCLESIASTEN.
1963 189 2245 247 HOMILIA
2287 192 2374 250 iV.

3363 205 3466 262 686

206 292 316 364 Μὴ
345 295 413 347 ἐκ
448 293 560 398 τῶν
581 298 792 368 κτηνῶν
823 319 905 357 σοι
939 307 1226 374 γεγόνασιν
1266 311 1572 384 ἄνθρωποι;
1604 316 1693 387 Μὴ

1978 333 2008 376 ἰ
2032 339 2317 380 numerum
2352 338 2474 394 quae
2506 323 2705 377 rationi
2755 332 2885 380 sunt
2911 325 3154 396 subjecta
3186 346 3206 380 ι
3247 343 3465 398 pecora,

209 387 346 456 βόες
391 402 472 439 σοι
509 387 608 458 τὴν
657 389 1003 466 ἀνθρωπίνην
1035 401 1196 470 γονὴν
1240 403 1641 472 ἐτεκνώσαντος
1684 408 1798 460 Μία

208 480 333 548 γὰρ
370 479 584 534 δουλεία
604 483 711 535 τῶν
740 484 1044 555 ἀνθρώπων
1071 491 1142 544 τὰ
1167 492 1356 561 ἄλογα.
1403 495 1798 562 Ἐξανατέλλων

206 591 332 662 γὰρ
369 591 560 662 χόρτον
591 597 704 658 τοῖς
741 599 1014 668 κτήνεσιν,
1050 605 1146 658 καὶ
1170 605 1332 676 χλόην
1359 610 1424 680 τῇ
1451 607 1662 678 δουλείᾳ
1688 607 1797 664 τῶν

125 692 128 694 ⁷
205 681 544 753 ἀνθρώπων.
574 686 646 737 Σὺ
681 687 738 740 δὲ
763 687 860 758 τὴν
895 690 1056 758 φύσιν
1079 693 1321 759 δουλείας
1349 697 1444 750 καὶ
1481 697 1796 772 κυριότητος

208 773 431 843 σχίσας,
461 775 630 847 αὐτὴν
657 777 821 849 ἐαυτῇ
851 780 1144 849 δουλεύειν,
1173 785 1268 838 καὶ
1289 787 1487 858 ἑαυτῆς
1519 790 1793 858 κυριεύειν

203 865 502 936 ἐποίησας.
576 889 596 922 ι
619 866 963 944 Ἐκτησάμην
984 876 1089 946 γὰρ
1106 876 1318 942 δούλους
1341 879 1430 933 καὶ
1451 881 1751 947 παιδίσκας.
1765 901 1786 935 ι

201 955 401 1022 Ποίας,
435 957 558 1010 είπέ
598 977 708 1030 μοι,
751 962 953 1032 τιμῆς;
997 963 1062 1017 Τί
1091 959 1246 1038 εῦρες
1290 969 1348 1021 ἐν
1397 971 1508 1030 τοῖς
1540 966 1658 1021 οὖσι
1691 968 1794 1039 τῆς

203 1047 431 1113 φύσεως
469 1048 674 1120 ταύτης
706 1051 984 1119 ἀντάξιον;
1019 1054 1194 1108 Πόσου
1231 1057 1505 1128 κέρματος
1546 1059 1792 1128 ἐτιμήσω

199 1137 307 1190 τὸν
335 1138 526 1206 λόγον;
550 1141 742 1204 Πόσοις
768 1141 970 1207 ὀϐολοῖς
1001 1145 1099 1217 τὴν
1125 1148 1309 1200 εἰκόνα
1327 1147 1419 1200 τοῦ
1448 1148 1581 1202 Θεοῦ
1628 1150 1784 1204 ἀντε-

195 1229 555 1300 στάθμησας;
585 1230 766 1285 Πόσων
811 1235 1096 1305 στατήρων
1135 1237 1234 1308 τὴν
1269 1237 1596 1294 θεόπλαστον
1625 1238 1787 1307 φύσιν

197 1315 670 1387 ἁπενεπώλησαςς
702 1317 870 1378 Εἶπεν
894 1325 922 1376 6
944 1324 1091 1392 Θεὸς,
1121 1347 1140 1379 ι
1160 1329 1479 1400 Ποιήσωμεν
1501 1328 1785 1400 ἄνθρωπον

196 1408 333 1458 κατ’
364 1407 548 1462 εἰκόνα
578 1411 848 1483 ἡμετέραν
866 1414 959 1469 καὶ¹
981 1415 1251 1486 ὁμοίωσιν.
1276 1437 1296 1472 ι
1317 1419 1422 1472 Τὸν
1445 1419 1569 1474 καθ’
1598 1419 1784 1490 ὁμοιό-

193 1510 349 1563 τητα
375 1496 467 1548 τοῦ
495 1498 629 1551 Θεοῦ
653 1500 802 1566 ὄντα,
828 1504 922 1556 καὶ
951 1504 1131 1575 πάσης
1159 1507 1392 1578 ἄρχοντα
1418 1509 1516 1579 τῆς
1537 1509 1660 1579 γῆς,
1688 1511 1781 1562 καὶ

191 1584 426 1638 πάντων
465 1587 573 1640 τῶν
618 1590 710 1642 ἐπὶ
751 1591 851 1666 τῆς
900 1594 1004 1664 γῆς
1048 1594 1146 1667 τὴν
1197 1595 1444 1664 ἐξουσίαν
1487 1598 1640 1667 παρά
1685 1598 1778 1652 τοῦ

1901 413 2069 470 boves
2099 423 2152 470 et
2185 431 2314 470 oves
2337 415 2402 470 “.
2444 435 2462 467 ι
2491 413 2630 468 Num
2659 431 2723 469 ex
2756 417 3041 485 pecoribus
3069 419 3168 472 tibi
3203 420 3313 474 nati
3341 428 3469 475 sunt

1900 505 2199 559 howines?
2227 505 2366 560 Num
2407 506 2502 560 tibi
2541 506 2704 562 boves
2763 506 3057 576 humanam
3111 521 3469 578 procrearunt

1899 595 2190 650 sobolem?
2225 596 2344 650 Una
2374 597 2519 651 enim
2551 597 2836 650 hominum
2865 597 3102 652 servitus
3125 607 3251 653 sunt
3279 600 3468 656 bestia

1897 693 2152 754 expertes
2177 685 2408 740 rationis
2430 685 2494 738 “.
2523 683 2837 742 Producens
2862 688 3006 741 enim
3042 686 3226 743 fenum
3250 691 3466 760 jumen-

1900 774 1994 840 tis,
2027 784 2085 828 et
2128 775 2350 829 herbam
2382 776 2630 829 servituti
2662 777 2968 832 hominum.
3003 777 3084 832 Tu
3118 789 3298 836 autem
3347 796 3466 837 ser-

1892 863 2085 920 vitutis
2124 872 2180 920 et
2225 864 2456 920 dominii
2497 866 2669 920 scissa
2719 874 2937 931 natura,
2996 868 3171 939 ipsam
3220 870 3325 924 sibi
3359 871 3465 940 ipsi

1895 957 2125 1020 servire,
2163 965 2218 1011 et
2251 955 2305 1010 in
2335 957 2574 1026 seipsam
2602 957 2944 1012 dominatum
2978 959 3231 1015 obtinere
3258 959 3461 1017 fecisti.

1897 1065 1916 1096 ι
1952 1046 2178 1102 Possedi
2217 1047 2362 1102 enim
2425 1061 2617 1102 servos
2670 1054 2726 1102 et
2764 1049 3015 1104 ancillas.
3061 1069 3081 1102 ι
3147 1049 3286 1116 Quo,
3347 1052 3461 1118 dic,

1888 1153 2098 1208 quaeso,
2124 1139 2302 1208 pretio
2335 1139 2714 1212 comparasti?
2737 1139 2878 1205 Quid
2902 1140 2956 1194 in
2988 1140 3154 1196 rebus
3184 1143 3458 1210 invenisti,

1888 1228 2034 1297 quod
2077 1227 2243 1299 hujus
2272 1235 2488 1282 natura:
2518 1230 2694 1300 pretio
2720 1230 3073 1303 responderet
3099 1233 3117 1285 ἒ
3143 1230 3286 1298 Quot
3308 1249 3460 1288 num-

1887 1317 1992 1372 mis
2009 1317 2290 1372 aestimasti
2321 1317 2586 1374 rationem
2603 1319 2628 1371 τ
2651 1319 2792 1386 Quot
2808 1321 3001 1378 obolos
3025 1322 3330 1392 eXpendisti
3357 1337 3458 1393 pro

1885 1405 1981 1462 Dei
2031 1406 2315 1477 imaginet
2363 1407 2507 1473 Quot
2573 1409 2870 1464 stateribus
2897 1409 3077 1465 emisti
3108 1427 3230 1481 quae
3280 1427 3310 1465 a
3345 1411 3458 1468 Deo

1881 1496 2024 1551 facta
2057 1497 2160 1551 fuit
2199 1499 2498 1552 naturam?
2533 1497 2680 1552 Dixit
2710 1499 2877 1564 Deus,
2914 1517 2933 1551 ι
2969 1499 3258 1558 Faciamus
3280 1502 3456 1558 homi-

1882 1606 2006 1644 nem
2031 1591 2096 1644 ad
2117 1590 2408 1660 imaginem
2431 1597 2484 1644 et
2505 1589 2920 1647 similitudinem
2935 1603 3178 1648 nostram
3194 1594 3294 1652 “.3
3314 1595 3452 1649 Eum

191 1671 342 1724 Θεοῦ
383 1675 826 1749 κληρωσάμενον,
856 1683 942 1753 τίς
971 1686 1000 1737 6
1026 1685 1396 1756 ἀπεμπωλὼν,
1427 1687 1548 1740 εἰπὲ
1567 1729 1582 1754 ,
1620 1689 1678 1742 τί

1966 1682 1974 1734 i
2004 1683 2069 1736 ad
2093 1680 2188 1736 Dei
2223 1681 2401 1737 factus
2450 1690 2534 1738 est
2565 1683 3010 1750 similitudinem,
3067 1693 3122 1740 et
3152 1685 3246 1755 qui
3325 1686 3453 1741 uni-

192 1760 543 1832 ὠνούμενος;
583 1768 759 1821 Μόνου
788 1770 923 1824 Θεοῦ
952 1773 1012 1830 τὸ
1033 1773 1323 1847 δυνηθῆναι
1342 1777 1501 1830 τοῦτο
1523 1795 1538 1810 ο
1579 1778 1779 1849 μᾶλλον
1813 1792 1818 1794 '

187 1849 262 1944 δέ
302 1854 425 1944 ούδὲ
462 1856 627 1910 αὑτοῦ
665 1861 848 1929 σχεδὸν
875 1863 970 1915 τοῦ
1004 1864 1160 1922 Θεοῦ.
1197 1885 1214 1917 ι
1241 1867 1654 1941 Ἀμεταμέλητα
1671 1871 1779 1944 γὰρ

191 1942 426 2010 c.6106,-
450 1947 603 2018 φησὶ,
628 1967 648 2000 ι
669 1950 738 2003 τὰ
759 1953 1092 2025 χαρίσματα.
1108 1975 1126 2009 ι
1152 1958 1265 2014 Οὐκ
1296 1958 1362 2012 ἂν
1381 1955 1471 2013 οῦν
1491 1963 1519 2013 ό
1537 1960 1667 2024 Θεὸς
1680 1942 1778 2033 τὴν

187 2052 368 2123 φύσιν
392 2057 870 2128 καταδουλώσειεν,
895 2063 954 2126 ὃς
971 2081 1032 2132 γε
1059 2066 1154 2119 καὶ
1173 2067 1509 2140 αὐθαιρέτως
1537 2071 1684 2140 ἡμᾶς

183 2147 448 2216 ἁμαρτίᾳ
470 2147 834 2214 δουλωθέντας
859 2154 940 2216 εἰς
967 2154 1280 2228 ἐλευθερίαν
1303 2160 1682 2216 ἀνεκαλέσατο.
1713 2161 1776 2214 Εἰ

181 2231 252 2284 δὲ
283 2235 313 2285 6
347 2233 480 2298 Θεὸς
511 2237 572 2289 ού
601 2237 777 2291 δουλοῖ
820 2240 1125 2314 ἐλεύθερον,
1156 2245 1239 2308 τίς
1269 2248 1297 2298 ὁ
1338 2247 1644 2319 ὑπερτιθεὶς
1680 2248 1775 2302 τοῦ

182 2323 334 2377 Θεοῦ
367 2325 464 2396 τὴν
489 2327 654 2381 αὑτοῦ
683 2330 1038 2400 δυναστείαν;
1068 2335 1192 2399 Πῶς
1221 2336 1277 2390 δὲ
1311 2339 1404 2390 καὶ
1433 2340 1774 2410 πραθήσεται

180 2415 216 2465 ὁ
249 2413 435 2484 ἄρχων
469 2417 647 2488 πάσης
683 2420 785 2489 τῆς
815 2423 924 2491 γῆς
967 2425 1063 2477 καὶ⁹
1103 2425 1210 2479 τῶν
1240 2428 1498 2496 ἐπιγείων
1527 2431 1772 2498 πάντων;

195 2501 446 2572 Ἀνάγκη
488 2505 597 2576 γὰρ
647 2509 796 2561 πᾶσα
841 2511 937 2562 καὶ
976 2511 1037 2564 τὸ
1067 2513 1256 2582 κτῆμα
1299 2515 1392 2567 τοῦ
1423 2517 1770 2587 πωλουμένου

184 2592 662 2647 συναποδίδοσθαι.
722 2597 898 2650 Πόσου
958 2599 1066 2653 τῶν
1121 2602 1225 2654 ὑπὸ
1283 2605 1464 2657 πᾶσαν
1513 2605 1610 2676 τὴν
1668 2607 1772 2677 γῆν

177 2682 572 2752 τιμησόμεθα;
616 2685 680 2737 Ei
718 2687 774 2739 δέ
811 2685 985 2742 ταῦτα
1013 2691 1289 2762 ἀτίμητα,
1330 2696 1357 2747 6
1389 2695 1528 2766 ὑπὲρ
1575 2696 1770 2763 ταῦτα,

177 2769 352 2833 ποίας
379 2771 528 2837 ἄξιος
558 2773 742 2842 τιμῆς,
775 2776 895 2829 είπέ
929 2795 1053 2848 μοι;
1091 2779 1210 2831 Κᾶν
1253 2781 1342 2833 τὸν
1386 2782 1620 2852 κόσμον,
1653 2783 1770 2838 ὅλον

178 2860 382 2932 εἴπῃς,
410 2863 530 2915 ούδέ
554 2862 727 2929 οὓτως
760 2859 920 2938 εὗρες
945 2871 1042 2940 τὴν
1072 2871 1206 2942 πρὸς
1241 2872 1394 2938 ἀξίαν
1415 2876 1601 2944 τιμήν.
1633 2864 1777 2930 Ούδὲ

1881 1790 2052 1830 versae
2068 1783 2226 1830 terra:
2262 1775 2516 1846 imperat,
2529 1783 2583 1831 et
2605 1776 2699 1845 qui
2729 1777 2976 1835 omnium
3001 1793 3122 1848 quae
3139 1787 3450 1850 suntsupra

1881 1871 2080 1919 terram
2112 1873 2436 1935 potestatem
2454 1882 2487 1921 a
2509 1866 2616 1922 Deo
2636 1877 2720 1924 est
2735 1868 3090 1938 adeptus,dic
3112 1871 3244 1941 quis
3255 1881 3339 1926 est
3353 1872 3450 1941 qui

1877 1955 2099 2019 vendat,
2129 1957 2254 2026 quis
2291 1957 2385 2027 qui
2413 1967 2561 2013 emat
2585 1959 2610 2012 ?
2638 1958 2825 2016 Solius
2861 1960 2956 2017 Dei
2985 1969 3070 2017 est
3107 1962 3210 2019 hoc
3239 1977 3404 2036 posse
3429 1981 3448 2020 :

1877 2048 1988 2102 imo
2015 2062 2145 2101 vero
2176 2063 2244 2102 ne
2275 2048 2452 2118 ipsius
2474 2049 2693 2119 quidem
2725 2061 2828 2118 est,
2855 2069 3022 2124 prope
3043 2053 3296 2122 dixerim,
3329 2054 3447 2112 Dei.

1882 2151 1901 2184 ι
1940 2131 2069 2189 Sine
2087 2137 2405 2204 poenitentia
2435 2138 2603 2204 enim,
2630 2138 2845 2210 iinquit
2875 2181 2891 2206 ,
2949 2151 3077 2198 sunt
3132 2159 3153 2192 ι
3179 2143 3296 2211 ejus
3344 2145 3442 2200 do-

1875 2224 2012 2279 na."
2024 2242 2042 2274 ι
2064 2223 2176 2280 Non
2191 2239 2318 2294 ergo
2334 2226 2474 2283 Deus
2489 2238 2731 2284 naturam
2749 2232 3005 2304 redegerit
3020 2236 3070 2290 in
3103 2233 3448 2298 servitutem,

1875 2315 1966 2386 qui
2021 2315 2190 2374 etiam
2223 2332 2320 2371 sua
2355 2327 2550 2388 sponte
2603 2335 2704 2374 nos
2758 2323 2967 2392 peccati
3004 2325 3256 2378 servituti
3290 2324 3447 2380 addi-

1874 2413 2014 2468 ctos,
2067 2408 2302 2461 asseruit
2362 2408 2416 2462 in
2455 2409 2785 2466 libertatem.
2849 2411 2907 2466 Si
2959 2421 3141 2468 autem
3201 2413 3343 2471 Deus
3391 2415 3448 2472 id

1874 2497 2016 2566 quod
2043 2504 2128 2551 est
2163 2498 2394 2552 liberum
2426 2515 2535 2553 non
2579 2501 2776 2570 redigit
2816 2503 2871 2556 in
2905 2505 3267 2569 servitutem;
3321 2505 3449 2575 quis

1872 2597 1956 2642 est
1984 2589 2076 2657 qui
2103 2586 2192 2640 Dei
2227 2591 2482 2658 potestati
2520 2590 2739 2662 praefert
2765 2594 2965 2648 suam?
3014 2593 3300 2660 Quomodo
3346 2611 3446 2649 au-

1873 2685 1977 2731 tem
2001 2678 2269 2732 vendetur
2297 2681 2388 2748 qui
2423 2689 2619 2751 pneest
2642 2684 2907 2738 universae
2933 2694 3091 2740 terra:
3114 2694 3166 2740 et
3192 2686 3448 2740 omnibus

1872 2784 1991 2838 quae
2014 2778 2142 2823 sunt
2171 2786 2335 2838 supra
2383 2772 2630 2826 terram?
2661 2772 2898 2828 Omnino
2927 2775 3074 2829 enim
3108 2791 3334 2830 necesse
3359 2784 3447 2831 est

1870 2861 2035 2915 etiam
2061 2862 2223 2916 simul
2257 2863 2416 2917 vendi
2444 2863 2735 2920 facultates
2759 2867 2880 2935 ejus
2926 2866 3020 2936 qui
3073 2867 3440 2921 venundatur.

177 2953 300 3025 γὰρ
333 2952 453 3005 ὅλον
494 2949 616 3006 εἷπε
647 2956 738 3010 τὸν
764 2959 968 3030 κόσμον
1012 2963 1040 3013 6
1086 2960 1240 3026 εἰδὼς
1276 2963 1374 3034 τὴν
1419 2965 1664 3036 ἀνθρωπί

1952 2953 2073 3004 tanti
2105 2952 2501 3014 :estimabimus
2531 2969 2596 3009 ea
2636 2970 2758 3024 quae
2819 2963 2950 3012 sunt
2997 2971 3162 3024 super
3223 2970 3439 3010 onmem

178 3040 352 3117 φύσιν
385 3043 630 3114 ἀκριϐῶς
665 3048 923 3118 τιμᾶσθαι
952 3050 1101 3114 ἄξιον
1136 3048 1278 3106 εἶναι
1321 3054 1421 3123 τῆς
1459 3055 1639 3126 ψυχῆς
1669 3056 1763 3108 τοῦ

175 3130 477 3202 ἀνθρώπου
501 3135 874 3209 ἀντάλλαγμα.
906 3139 1226 3213 Ἀνθρωπος
1252 3143 1429 3197 τοίνυν
1453 3147 1580 3200 ὅταν
1610 3146 1766 3210 ὤνιος

172 3219 243 3298 ἦν
268 3223 424 3276 οὐδὲν
457 3224 643 3296 ἓτερον
676 3229 709 3298 ἢ
738 3230 766 3281 ὁ
795 3229 896 3300 τῆς
923 3231 1028 3301 γῆς
1073 3233 1258 3305 κύριος
1303 3235 1394 3287 ἐπὶ
1426 3235 1486 3288 τὸ
1519 3237 1767 3308 πωλητή-

177 3331 305 3384 ριον
346 3315 559 3385 ἄγεται.
593 3320 801 3374 Οὐκοῦν
835 3325 1450 3394 συναποκηρυχθήσεται
1489 3329 1636 3398 αὐτῷ
1667 3330 1764 3399 δη-

173 3403 320 3474 λαδὴ
365 3407 458 3459 καὶ
488 3407 521 3478 ή
553 3407 870 3480 ὑπάρχουσα
917 3412 1114 3477 κτίσις.
1150 3414 1299 3485 Αῦτη
1345 3416 1402 3468 δέ
1443 3419 1557 3470 ἐστι
1594 3419 1665 3488 γῆ
1704 3435 1763 3470 τε

174 3495 280 3549 καὶ
310 3494 554 3552 θάλασσα
582 3499 677 3551 καὶ
710 3500 885 3568 νῆσοι,
918 3504 1012 3555 καὶ
1040 3503 1108 3556 τὰ
1135 3505 1192 3557 ἐν
1220 3505 1430 3569 τούτοις
1464 3505 1660 3561 πάντα.
1698 3507 1762 3559 Τί

172 3587 277 3641 οῦν
305 3586 672 3658 καταθήσεται
709 3590 1048 3663 ὠνούμενος;
1092 3595 1157 3647 Τί
1181 3595 1238 3648 δὲ
1265 3595 1492 3666 λήψεται
1519 3597 1762 3651 ἀποδιδό-

177 3692 370 3744 μενος,
396 3676 650 3731 τοσούτου
679 3680 959 3750 κτήματος
987 3681 1251 3752 ἑπομένου
1272 3683 1365 3736 τοῦ
1393 3685 1764 3755 συναλλάγμα-

59 3821 62 3826 _
172 3781 314 3831 τος;
349 3765 484 3820 ἀλλὰ
510 3767 571 3819 τὸ
606 3768 776 3839 βραχὺ
809 3770 1086 3840 βιϐλίδιον,
1127 3773 1220 3826 καὶ
1255 3775 1288 3844 ή
1332 3774 1760 3846 ἐγγεγραμμένη

177 3855 459 3928 συνθήκη,
487 3859 582 3912 καὶ
623 3862 657 3929 ἡ
687 3860 794 3913 τῶν
829 3861 1028 3916 ὀϐολῶν
1061 3863 1463 3934 ἀπαρίθμησις,
1494 3865 1767 3937 δεσπότην

176 3965 241 4001 σε
277 3948 378 4018 τῆς
409 3950 614 4014 εἰκόνος
649 3951 740 4013 τοῦ
779 3954 913 4014 Θεοῦ
949 3951 1088 4012 εἷναί
1127 3973 1185 4008 σε
1227 3957 1523 4026 ἠπάτησεν.
1562 3959 1624 4010 Ὤ
1659 3960 1756 4029 τῆς

172 4037 386 4102 ἀνοίας.
413 4039 476 4092 Ei
504 4040 560 4092 δὲ
587 4041 841 4094 ἀπόλοιτο
871 4043 932 4096 τὸ
972 4044 1316 4115 συμϐόλαιον,
1351 4047 1399 4098 εί
1431 4046 1487 4098 δὲ
1521 4045 1625 4100 ὑπὸ
1662 4063 1756 4116 ση-

172 4129 288 4184 τῶν
327 4131 651 4202 διαφθαρείη
701 4133 770 4186 τὰ
805 4135 1132 4205 γράμματα,
1179 4137 1228 4190 εί
1272 4137 1329 4194 δὲ
1366 4135 1558 4199 ὕδατός
1597 4136 1758 4190 ποθεν

173 4221 613 4292 παρεμπεσοῦσα
667 4225 818 4293 ῥανὶς
868 4224 1222 4295 ἐξαλείψειεν,
1278 4226 1382 4280 ποῦ
1433 4244 1516 4280 σοι
1557 4228 1625 4280 τὰ
1660 4228 1758 4298 τῆς

1873 3049 2072 3095 terram
2095 3042 2118 3094 ?
2141 3040 2295 3108 Quod
2331 3042 2376 3096 si
2400 3058 2462 3096 ea
2499 3049 2627 3096 sunt
2657 3043 3076 3110 inaestimabilia,
3107 3045 3295 3114 quanti
3325 3059 3444 3114 pre-

1871 3129 1933 3182 tii
1963 3137 2048 3184 est
2085 3131 2129 3184 is
2183 3130 2276 3199 qui
2333 3139 2418 3184 est
2447 3146 2614 3200 super
2648 3131 2764 3185 haec
2793 3133 2999 3197 omnia,
3053 3132 3164 3196 dic,
3215 3131 3446 3200 quaeso?

1869 3219 2094 3275 Etiamsi
2128 3220 2334 3276 dixeris
2359 3231 2530 3274 totum
2559 3223 2843 3286 mundum,
2881 3239 2947 3278 ne
2973 3223 3180 3292 justum
3219 3223 3438 3292 quidem

1867 3311 2100 3380 pretium
2132 3312 2359 3365 dixeris.
2392 3311 2494 3377 Qui
2526 3313 2672 3366 enim
2725 3314 3017 3388 humanam
3076 3314 3227 3366 novit
3275 3321 3436 3366 natu-

1869 3415 2008 3466 ram,
2044 3415 2143 3454 nec
2171 3409 2343 3454 totum
2375 3404 2596 3471 quidem
2649 3403 2913 3480 mundum
2957 3403 3095 3456 dixit
3147 3419 3270 3458 esse
3303 3403 3440 3458 satis

1859 3489 2068 3552 justum
2094 3493 2351 3560 pretium,
2379 3493 2524 3561 quod
2557 3491 2723 3546 detur
2775 3508 2875 3562 pro
2931 3495 3113 3548 anima
3172 3495 3434 3550 hominis.

1868 3579 2038 3635 Homo
2085 3597 2216 3651 ergo
2255 3583 2474 3650 quando
2522 3581 2690 3636 fuerit
2745 3583 2976 3647 venalis,
3033 3585 3168 3637 nihil
3202 3586 3347 3638 aliud
3379 3587 3434 3641 in

1864 3670 2044 3723 forum
2097 3669 2322 3754 dqutur
2349 3685 2512 3739 quam
2544 3679 2704 3724 terrae
2761 3671 3034 3726 dominus.
3078 3671 3253 3726 Simul
3305 3689 3437 3742 ergo

1863 3774 1988 3813 cum
2039 3775 2106 3814 eo
2197 3761 2412 3816 Scilicet
2449 3761 2815 3816 venundanda
2863 3763 3334 3833 proclamabitur,
3380 3773 3436 3820 et

1865 3866 1987 3922 qua:
2039 3858 2124 3906 est
2171 3860 2444 3906 creatura.
2503 3851 2578 3904 Ea
2609 3860 2791 3906 autem
2813 3861 2897 3908 est
2937 3863 2991 3908 et
3013 3863 3161 3908 terra
3191 3865 3246 3910 et
3288 3870 3435 3910 mare

1864 3951 1918 3998 et
1957 3943 2166 4008 insulae,
2199 3951 2253 3997 et
2297 3959 2419 4013 qua;
2459 3943 2514 3996 in
2551 3945 2634 4000 his
2669 3953 2796 3999 sunt
2852 3947 3056 4002 omnia.
3114 3945 3256 4012 Quid
3305 3962 3435 4017 ergo

1864 4035 2037 4089 solvet
2064 4035 2157 4105 qui
2191 4036 2366 4090 emit?
2395 4035 2536 4102 Quid
2563 4045 2746 4092 autem
2809 4039 3040 4108 accipiet
3095 4040 3189 4109 qui
3223 4039 3432 4106 vendit,

1862 4143 1986 4183 eum
2018 4138 2360 4184 contractum
2403 4139 2552 4185 tanta
2583 4143 2955 4202 consequatur
2988 4134 3300 4203 possessio?
3326 4134 3433 4190 Sed

1861 4235 2063 4289 parvus
2094 4220 2329 4275 libellus.
2372 4230 2426 4275 et
2463 4224 2668 4292 scripta
2693 4225 3004 4289 conventio,
3052 4231 3106 4279 et
3145 4224 3432 4280 obolorum

172 4309 421 4374 δουλείας
443 4309 700 4382 ἐνέχυρα;
730 4313 839 4365 Ποῦ
870 4330 950 4366 σοι
974 4314 1040 4367 τὰ
1061 4315 1162 4384 τῆς
1185 4314 1500 4381 δεσποτείας
1531 4318 1656 4390 ὲφόδ

1943 4310 2208 4364 umeratio
2241 4319 2295 4366 te
2341 4312 2557 4378 fefellit,
2590 4322 2648 4368 ut
2705 4321 2757 4368 te
2799 4325 2956 4382 putes
3000 4314 3280 4370 dominum
3336 4312 3428 4370 Dei

171 4403 344 4455 οὐδὲν
379 4403 488 4475 γὰρ
528 4405 641 4474 ὁρῶ
673 4404 834 4458 πλέον
873 4406 1024 4475 παρά
1065 4405 1156 4460 τὸν
1199 4407 1509 4479 ὑποχείριον
1550 4410 1615 4462 ἐκ

1941 4403 2140 4472 aginis.
2167 4401 2574 4457 Oamentiam!
2613 4405 2719 4459 Sed
2751 4406 2796 4459 si
2841 4413 3028 4475 pereat
3078 4412 3427 4470 contractus,

170 4495 439 4565 ὀνόματός
477 4513 561 4548 σοι
590 4496 1016 4567 προσγινόμενον
1042 4537 1057 4563 ,
1091 4497 1228 4569 πλὴν
1254 4497 1349 4554 τοῦ
1376 4499 1657 4570 ὀνόματος.
1690 4501 1754 4554 Τί

169 4588 285 4657 γὰρ
318 4589 384 4657 τῇ
417 4589 483 4657 σῇ
512 4585 671 4655 φύσει
704 4589 738 4658 ή
778 4589 994 4653 ἐξουσία
1026 4589 1366 4660 προσέθηκεν
1390 4607 1404 4654 ;
1427 4576 1512 4644 ’ού
1543 4592 1753 4662 χρόνον,

171 4679 230 4731 ού
259 4679 673 4749 προτερήματα·
711 4679 775 4731 ὲκ
798 4679 907 4731 τῶν
939 4677 1115 4732 αὐτῶν
1138 4696 1219 4731 σοι
1244 4680 1277 4749 ή
1310 4680 1544 4746 γένεσις,
1573 4681 1756 4751 ὁμοιό-

172 4786 370 4842 τροπος
413 4771 447 4839 ή
491 4770 630 4840 ζωὴ,
682 4768 825 4825 κατὰ
866 4770 928 4822 τὸ
958 4766 1074 4824 ἴσον
1116 4771 1402 4840 ἐπικρατεῖ
1439 4772 1514 4825 τά
1555 4789 1614 4824 τε
1654 4772 1752 4843 τῆς

172 4859 352 4930 ψυχῆς
395 4861 488 4913 καὶ
527 4861 596 4912 τὰ
640 4860 733 4914 τοῦ
771 4859 1019 4931 σώματος
1055 4859 1226 4930 πάθη,
1272 4860 1366 4914 σοῦ
1415 4878 1474 4914 τε
1521 4861 1615 4914 τοῦ
1653 4879 1748 4914 κυ-

149 4945 152 4948 ’
174 4952 446 5023 ριεύοντος
489 4953 585 5006 καὶ
607 4952 814 5006 ἐκείνου
835 4951 929 5007 τοῦ
952 4952 1356 5023 ὑπεζευγμένοι)
1375 4955 1442 5024 τῇ
1467 4953 1748 5024 κυριότητι

171 5047 354 5100 ὀδύναι
387 5047 482 5099 καὶ
510 5045 788 5117 εὐθυμίαι,
823 5043 1152 5116 εὐφροσύναι
1186 5044 1280 5097 καὶ
1307 5043 1594 5114 ἀδημονίαι
1613 5084 1627 5108 ,
1653 5042 1747 5096 λύ-

171 5157 272 5193 παι
309 5137 402 5191 καὶ
428 5137 610 5208 ἡδοναὶ
629 5178 642 5200 ,
675 5137 835 5208 θυμοὶ
863 5137 957 5189 καὶ
987 5135 1162 5204 φόϐοι,
1193 5134 1340 5188 νόσοι
1371 5135 1465 5187 καὶ
1498 5133 1739 5188 θάνατοι.

173 5231 262 5300 Μή
300 5247 382 5292 τις
411 5231 469 5282 ἐν
497 5229 705 5292 τούτοις
736 5227 968 5299 διαφορὰ
1013 5226 1148 5296 πρὸς
1189 5225 1280 5278 τὸν
1304 5225 1488 5278 δοῦλον
1521 5224 1598 5295 τῷ
1645 5243 1744 5278 κυ-

175 5318 426 5390 ριεύοντις
460 5319 533 5373 Ού
557 5319 647 5372 τὸν
668 5318 827 5370 αὑτὸν
848 5317 1097 5370 ἕλκουσιν
1121 5316 1262 5388 ἀέρα
1291 5315 1379 5369 διὰ
1407 5315 1500 5369 τοῦ
1532 5317 1742 5385 ἀσθμα-

173 5409 436 5490 τοςςιούχ
460 5407 719 5471 ὡσαύτως
746 5406 913 5478 ὁρῶσι
950 5407 1041 5460 τὸν
1077 5406 1260 5476 ἦλιον;
1291 5407 1402 5477 Οὐχ
1437 5406 1638 5476 ὁμοίως
1675 5410 1739 5476 τῇ

1357 5600 1400 5628 ⁶⁶
1439 5598 1572 5654 Gen.
1609 5613 1644 5660 ι,
1695 5596 1761 5649 :26

241 5590 286 5621 "
323 5591 468 5650 Psal.
502 5607 619 5658 viti,
644 5595 694 5647 8.
774 5599 815 5629 εδ
856 5595 998 5654 Psal.
1043 5615 1158 5667 cm,
1196 5597 1276 5655 Η.

1861 4493 1909 4547 si
1938 4508 1969 4546 a
2000 4493 2159 4547 tineis
2194 4507 2434 4547 corrosae
2464 4493 2668 4547 fuerint
2704 4494 2920 4559 litterae,
2953 4504 3050 4550 aut
3090 4497 3136 4552 si
3178 4495 3433 4550 alicunde

1858 4582 2109 4638 incidens
2158 4599 2312 4654 aqua:
2355 4593 2506 4654 gutta
2548 4585 2848 4650 deleverit,
2914 4587 3135 4641 ubinam
3172 4588 3269 4642 tibi
3303 4595 3432 4644 sunt

1857 4674 2172 4729 dominatus
2204 4683 2544 4745 argumenta,
2578 4691 2700 4744 quae
2733 4678 2970 4745 probant
3001 4686 3054 4732 te
3091 4693 3212 4732 esse
3249 4677 3429 4732 domi-

1857 4779 1987 4819 num
2011 4765 2034 4817 ?
2068 4762 2145 4818 Ex
2168 4780 2233 4820 eo
2267 4765 2414 4820 enim
2439 4765 2531 4834 qui
2561 4774 2645 4820 est
2672 4766 2774 4820 sub
2794 4781 2959 4820 manu
2982 4775 3092 4833 tua,
3119 4766 3252 4820 nihil
3279 4766 3428 4820 aliud

1857 4856 1954 4910 tibi
1985 4855 2142 4912 video
2173 4856 2432 4911 accedere
2460 4863 2658 4926 praeter
2699 4871 2917 4912 nomen.
2959 4855 3100 4922 Quid
3131 4857 3276 4912 enim
3328 4872 3427 4926 po-

1853 4954 2026 5002 testas
2055 4951 2147 5001 tua
2193 4947 2394 5016 adjecit
2426 4947 2678 5002 naturae?
2727 4964 2835 5002 non
2872 4957 3111 5018 tempus,
3170 4963 3279 5002 non
3317 4949 3426 5002 ulla

1855 5037 2156 5107 privilegia.
2199 5037 2273 5094 Ex
2310 5038 2504 5094 iisdem
2532 5041 2630 5095 tibi
2669 5049 2754 5096 est
2797 5050 2976 5104 ortus,
3024 5038 3216 5093 eodem
3263 5038 3426 5093 modo

1853 5145 1882 5183 a
1913 5129 2067 5185 vobis
2107 5129 2213 5182 vita
2243 5128 2480 5200 degitur,
2508 5147 2573 5187 ex
2607 5147 2768 5202 aequo
2799 5132 3151 5186 dominantur
3175 5131 3340 5185 animi
3371 5142 3426 5188 et

1851 5218 2101 5288 corporis
2141 5217 2482 5283 atl'ectiones,
2521 5221 2574 5274 in
2611 5230 2664 5276 te
2708 5221 2801 5291 qui
2848 5238 2908 5278 es
2941 5221 3196 5277 dominus
3266 5229 3322 5275 et
3363 5221 3420 5276 in

1855 5313 2006 5365 illum
2037 5311 2129 5379 qui
2153 5317 2238 5364 cst
2266 5309 2548 5378 subjectus
2571 5323 2664 5365 tuo
2693 5313 2961 5380 dominio,
2985 5328 3187 5369 mmror
3215 5321 3270 5368 et
3301 5313 3422 5367 aui-

1851 5405 1922 5460 mi
1959 5401 2236 5466 alacritas,
2275 5401 2460 5457 lietitia
2492 5413 2547 5459 ct
2587 5403 2834 5472 tristitia,
2868 5405 3025 5462 dolor
3057 5415 3104 5462 et
3141 5406 3417 5478 voluptas,

1861 5597 1903 5628 ⁸⁷
1945 5593 2104 5650 Rom.
2160 5609 2232 5659 xi,
2275 5595 2365 5649 20.
