  <div class='ocr_page' id='page_1' title='image "/cluster/home/n/w/nwhite01/storage/ocr_20150623/44/mdp.39015011915454/341.png"; bbox 0 0 3738 5984; ppageno 0'>
   <div class='ocr_carea' id='block_1_1' title="bbox 341 184 1817 253">
    <p class='ocr_par' dir='ltr' id='par_1_1' title="bbox 341 186 1817 245">
     <span class='ocr_line' id='line_1_1' title="bbox 341 186 1817 245; baseline 0.003 -4"><span class='ocrx_word' id='word_1_1' title='bbox 341 186 444 241; x_wconf 75' lang='grc' dir='ltr'><strong>ίὶϋτ</strong></span> <span class='ocrx_word' id='word_1_2' title='bbox 1575 189 1631 245; x_wconf 91' lang='lat' dir='ltr'><strong>S.</strong></span> <span class='ocrx_word' id='word_1_3' title='bbox 1674 189 1817 245; x_wconf 77' lang='lat' dir='ltr'><strong>CRB</strong></span> 
     </span>
    </p>
   </div>
   <div class='ocr_carea' id='block_1_2' title="bbox 2112 184 3588 253">
    <p class='ocr_par' dir='ltr' id='par_1_2' title="bbox 2112 188 3588 253">
     <span class='ocr_line' id='line_1_2' title="bbox 2112 188 3588 253; baseline 0.003 -8"><span class='ocrx_word' id='word_1_4' title='bbox 2112 188 2335 247; x_wconf 69' lang='lat' dir='ltr'><strong>{SSENI</strong></span> <span class='ocrx_word' id='word_1_5' title='bbox 2402 246 2403 249; x_wconf 40' lang='grc' dir='ltr'><strong>η</strong></span> <span class='ocrx_word' id='word_1_6' title='bbox 3480 194 3588 253; x_wconf 78' lang='lat'><strong>668</strong></span> 
     </span>
    </p>
   </div>
   <div class='ocr_carea' id='block_1_3' title="bbox 345 295 1821 381">
    <p class='ocr_par' dir='ltr' id='par_1_3' title="bbox 345 295 1821 374">
     <span class='ocr_line' id='line_1_3' title="bbox 345 295 1821 374; baseline 0 -21"><span class='ocrx_word' id='word_1_7' title='bbox 345 297 431 353; x_wconf 87' lang='lat' dir='ltr'><strong>ira</strong></span> <span class='ocrx_word' id='word_1_8' title='bbox 464 306 519 354; x_wconf 89' lang='lat' dir='ltr'><strong>et</strong></span> <span class='ocrx_word' id='word_1_9' title='bbox 546 306 749 363; x_wconf 88' lang='lat' dir='ltr'><strong>metus,</strong></span> <span class='ocrx_word' id='word_1_10' title='bbox 781 297 1007 355; x_wconf 86' lang='lat' dir='ltr'><strong>morbus</strong></span> <span class='ocrx_word' id='word_1_11' title='bbox 1028 303 1084 352; x_wconf 89' lang='lat' dir='ltr'><strong>et</strong></span> <span class='ocrx_word' id='word_1_12' title='bbox 1112 311 1279 353; x_wconf 89' lang='lat' dir='ltr'><strong>mors.</strong></span> <span class='ocrx_word' id='word_1_13' title='bbox 1310 295 1474 353; x_wconf 87' lang='lat' dir='ltr'><strong>Estne</strong></span> <span class='ocrx_word' id='word_1_14' title='bbox 1503 298 1557 353; x_wconf 90' lang='lat' dir='ltr'><strong>in</strong></span> <span class='ocrx_word' id='word_1_15' title='bbox 1586 301 1670 357; x_wconf 87' lang='lat' dir='ltr'><strong>his</strong></span> <span class='ocrx_word' id='word_1_16' title='bbox 1703 303 1821 374; x_wconf 61' lang='lat' dir='ltr'><strong>aliqi</strong></span> 
     </span>
    </p>
   </div>
   <div class='ocr_carea' id='block_1_4' title="bbox 2110 295 3586 381">
    <p class='ocr_par' dir='ltr' id='par_1_4' title="bbox 2110 304 3586 381">
     <span class='ocr_line' id='line_1_4' title="bbox 2110 304 3586 381; baseline 0.004 -24"><span class='ocrx_word' id='word_1_17' title='bbox 2110 323 2117 366; x_wconf 71' lang='grc' dir='ltr'><em>ς</em></span> <span class='ocrx_word' id='word_1_18' title='bbox 2149 306 2354 376; x_wconf 82' lang='grc' dir='ltr'>τροφῆς</span> <span class='ocrx_word' id='word_1_19' title='bbox 2388 304 2672 378; x_wconf 76' lang='grc' dir='ltr'>προσθήκῃ</span> <span class='ocrx_word' id='word_1_20' title='bbox 2727 305 3046 379; x_wconf 78' lang='grc' dir='ltr'>συντηροῦσι</span> <span class='ocrx_word' id='word_1_21' title='bbox 3090 308 3189 380; x_wconf 76' lang='grc' dir='ltr'><strong>τὴν</strong></span> <span class='ocrx_word' id='word_1_22' title='bbox 3225 308 3420 377; x_wconf 61' lang='grc' dir='ltr'>φύσης</span> <span class='ocrx_word' id='word_1_23' title='bbox 3474 312 3586 381; x_wconf 65' lang='grc' dir='ltr'>οὐχ</span> 
     </span>
    </p>
   </div>
   <div class='ocr_carea' id='block_1_5' title="bbox 340 387 1816 470">
    <p class='ocr_par' dir='ltr' id='par_1_5' title="bbox 340 387 1816 462">
     <span class='ocr_line' id='line_1_5' title="bbox 340 387 1816 462; baseline 0.002 -18"><span class='ocrx_word' id='word_1_24' title='bbox 340 388 639 445; x_wconf 80' lang='lat' dir='ltr'><strong>discrimen</strong></span> <span class='ocrx_word' id='word_1_25' title='bbox 666 389 808 444; x_wconf 87' lang='lat' dir='ltr'><strong>inter</strong></span> <span class='ocrx_word' id='word_1_26' title='bbox 841 403 1058 445; x_wconf 83' lang='lat' dir='ltr'><strong>servum</strong></span> <span class='ocrx_word' id='word_1_27' title='bbox 1098 396 1154 444; x_wconf 90' lang='lat' dir='ltr'><strong>et</strong></span> <span class='ocrx_word' id='word_1_28' title='bbox 1213 387 1539 444; x_wconf 88' lang='lat' dir='ltr'><strong>dominum?</strong></span> <span class='ocrx_word' id='word_1_29' title='bbox 1579 391 1776 447; x_wconf 83' lang='lat' dir='ltr'><strong>Annon</strong></span> <span class='ocrx_word' id='word_1_30' title='bbox 1813 410 1816 462; x_wconf 52' lang='grc' dir='ltr'><strong><em>ῃ</em></strong></span> 
     </span>
    </p>
   </div>
   <div class='ocr_carea' id='block_1_6' title="bbox 2110 387 3586 470">
    <p class='ocr_par' dir='ltr' id='par_1_6' title="bbox 2110 395 3586 470">
     <span class='ocr_line' id='line_1_6' title="bbox 2110 395 3586 470; baseline 0.005 -22"><span class='ocrx_word' id='word_1_31' title='bbox 2110 396 2254 449; x_wconf 56' lang='lat' dir='ltr'><strong>iam</strong></span> <span class='ocrx_word' id='word_1_32' title='bbox 2287 395 2394 450; x_wconf 84' lang='grc' dir='ltr'>τῶν</span> <span class='ocrx_word' id='word_1_33' title='bbox 2434 397 2752 468; x_wconf 80' lang='grc' dir='ltr'><strong>σπλάγχνων</strong></span> <span class='ocrx_word' id='word_1_34' title='bbox 2784 397 3153 464; x_wconf 72' lang='grc' dir='ltr'><strong>κατασκευαῖς</strong></span> <span class='ocrx_word' id='word_1_35' title='bbox 3186 401 3262 453; x_wconf 79' lang='grc' dir='ltr'><strong>Οὐ</strong></span> <span class='ocrx_word' id='word_1_36' title='bbox 3305 400 3401 470; x_wconf 90' lang='grc' dir='ltr'><strong>μία</strong></span> <span class='ocrx_word' id='word_1_37' title='bbox 3439 401 3586 464; x_wconf 80' lang='grc' dir='ltr'>κόνις</span> 
     </span>
    </p>
   </div>
   <div class='ocr_carea' id='block_1_7' title="bbox 338 476 1814 561">
    <p class='ocr_par' dir='ltr' id='par_1_7' title="bbox 338 476 1814 536">
     <span class='ocr_line' id='line_1_7' title="bbox 338 476 1814 536; baseline 0.002 -3"><span class='ocrx_word' id='word_1_38' title='bbox 338 476 641 535; x_wconf 74' lang='lat' dir='ltr'><strong>anhelitum</strong></span> <span class='ocrx_word' id='word_1_39' title='bbox 673 479 923 534; x_wconf 88' lang='lat' dir='ltr'><strong>eumdem</strong></span> <span class='ocrx_word' id='word_1_40' title='bbox 967 479 1197 533; x_wconf 87' lang='lat' dir='ltr'><strong>trahunt</strong></span> <span class='ocrx_word' id='word_1_41' title='bbox 1224 481 1449 535; x_wconf 85' lang='lat' dir='ltr'><strong>aerem?</strong></span> <span class='ocrx_word' id='word_1_42' title='bbox 1478 479 1596 536; x_wconf 84' lang='lat' dir='ltr'><strong>Non</strong></span> <span class='ocrx_word' id='word_1_43' title='bbox 1656 482 1814 536; x_wconf 84' lang='lat' dir='ltr'><strong>simili</strong></span> 
     </span>
    </p>
   </div>
   <div class='ocr_carea' id='block_1_8' title="bbox 2107 476 3583 561">
    <p class='ocr_par' dir='ltr' id='par_1_8' title="bbox 2107 485 3583 561">
     <span class='ocr_line' id='line_1_8' title="bbox 2107 485 3583 561; baseline 0.005 -23"><span class='ocrx_word' id='word_1_44' title='bbox 2107 485 2179 540; x_wconf 74' lang='grc' dir='ltr'>ῑύο</span> <span class='ocrx_word' id='word_1_45' title='bbox 2210 487 2345 557; x_wconf 88' lang='grc' dir='ltr'><strong>μετά</strong></span> <span class='ocrx_word' id='word_1_46' title='bbox 2376 489 2468 541; x_wconf 70' lang='grc' dir='ltr'>τὸν</span> <span class='ocrx_word' id='word_1_47' title='bbox 2502 488 2764 555; x_wconf 86' lang='grc' dir='ltr'>θάνατον;</span> <span class='ocrx_word' id='word_1_48' title='bbox 2796 491 2929 560; x_wconf 79' lang='grc' dir='ltr'>Οὐχὶ</span> <span class='ocrx_word' id='word_1_49' title='bbox 2958 490 3017 543; x_wconf 80' lang='grc' dir='ltr'><strong>ἓν</strong></span> <span class='ocrx_word' id='word_1_50' title='bbox 3056 489 3115 543; x_wconf 79' lang='grc' dir='ltr'><strong>τὸ</strong></span> <span class='ocrx_word' id='word_1_51' title='bbox 3151 494 3469 561; x_wconf 75' lang='grc' dir='ltr'>κριτήριον;</span> <span class='ocrx_word' id='word_1_52' title='bbox 3510 494 3583 546; x_wconf 82' lang='grc' dir='ltr'><strong>Οὐ</strong></span> 
     </span>
    </p>
   </div>
   <div class='ocr_carea' id='block_1_9' title="bbox 345 566 1821 651">
    <p class='ocr_par' dir='ltr' id='par_1_9' title="bbox 345 566 1821 639">
     <span class='ocr_line' id='line_1_9' title="bbox 345 566 1821 639; baseline -0.001 -14"><span class='ocrx_word' id='word_1_53' title='bbox 345 569 515 625; x_wconf 74' lang='lat' dir='ltr'><strong>solem</strong></span> <span class='ocrx_word' id='word_1_54' title='bbox 547 568 868 623; x_wconf 85' lang='lat' dir='ltr'><strong>intuentur?</strong></span> <span class='ocrx_word' id='word_1_55' title='bbox 896 566 1015 622; x_wconf 89' lang='lat' dir='ltr'><strong>Non</strong></span> <span class='ocrx_word' id='word_1_56' title='bbox 1043 568 1231 623; x_wconf 88' lang='lat' dir='ltr'><strong>eadem</strong></span> <span class='ocrx_word' id='word_1_57' title='bbox 1272 569 1547 624; x_wconf 89' lang='lat' dir='ltr'><strong>nutriendi</strong></span> <span class='ocrx_word' id='word_1_58' title='bbox 1605 569 1821 639; x_wconf 76' lang='lat' dir='ltr'><strong>adjectit</strong></span> 
     </span>
    </p>
   </div>
   <div class='ocr_carea' id='block_1_10' title="bbox 2109 566 3585 651">
    <p class='ocr_par' dir='ltr' id='par_1_10' title="bbox 2109 574 3585 651">
     <span class='ocr_line' id='line_1_10' title="bbox 2109 574 3585 651; baseline 0.006 -23"><span class='ocrx_word' id='word_1_59' title='bbox 2109 574 2168 645; x_wconf 81' lang='grc' dir='ltr'><strong>νὴ</strong></span> <span class='ocrx_word' id='word_1_60' title='bbox 2208 576 2471 646; x_wconf 86' lang='grc' dir='ltr'>βασιλεία,</span> <span class='ocrx_word' id='word_1_61' title='bbox 2517 579 2611 633; x_wconf 77' lang='grc' dir='ltr'><strong>καὶ</strong></span> <span class='ocrx_word' id='word_1_62' title='bbox 2658 578 2851 648; x_wconf 84' lang='grc' dir='ltr'>γέεννα</span> <span class='ocrx_word' id='word_1_63' title='bbox 2893 580 3079 651; x_wconf 84' lang='grc' dir='ltr'>κοινή;</span> <span class='ocrx_word' id='word_1_64' title='bbox 3134 580 3192 633; x_wconf 78' lang='grc' dir='ltr'>ὐ</span> <span class='ocrx_word' id='word_1_65' title='bbox 3232 583 3291 634; x_wconf 83' lang='grc' dir='ltr'><strong>ὲν</strong></span> <span class='ocrx_word' id='word_1_66' title='bbox 3340 583 3480 637; x_wconf 71' lang='grc' dir='ltr'>πᾶσι</span> <span class='ocrx_word' id='word_1_67' title='bbox 3526 583 3585 636; x_wconf 73' lang='grc' dir='ltr'>τὺ</span> 
     </span>
    </p>
   </div>
   <div class='ocr_carea' id='block_1_11' title="bbox 346 656 1822 743">
    <p class='ocr_par' dir='ltr' id='par_1_11' title="bbox 346 656 1820 715">
     <span class='ocr_line' id='line_1_11' title="bbox 346 656 1820 715; baseline 0 -1"><span class='ocrx_word' id='word_1_68' title='bbox 346 674 499 714; x_wconf 87' lang='lat' dir='ltr'><strong>suam</strong></span> <span class='ocrx_word' id='word_1_69' title='bbox 528 668 854 713; x_wconf 89' lang='lat' dir='ltr'><strong>conservant</strong></span> <span class='ocrx_word' id='word_1_70' title='bbox 882 658 1184 713; x_wconf 84' lang='lat' dir='ltr'><strong>naturam?</strong></span> <span class='ocrx_word' id='word_1_71' title='bbox 1212 656 1331 712; x_wconf 89' lang='lat' dir='ltr'><strong>Non</strong></span> <span class='ocrx_word' id='word_1_72' title='bbox 1373 669 1458 714; x_wconf 90' lang='lat' dir='ltr'><strong>est</strong></span> <span class='ocrx_word' id='word_1_73' title='bbox 1503 659 1691 714; x_wconf 85' lang='lat' dir='ltr'><strong>eadem</strong></span> <span class='ocrx_word' id='word_1_74' title='bbox 1739 661 1820 715; x_wconf 87' lang='lat' dir='ltr'><strong>vis</strong></span> 
     </span>
    </p>
   </div>
   <div class='ocr_carea' id='block_1_12' title="bbox 2109 656 3585 743">
    <p class='ocr_par' dir='ltr' id='par_1_12' title="bbox 2109 665 3585 743">
     <span class='ocr_line' id='line_1_12' title="bbox 2109 665 3585 743; baseline 0.005 -26"><span class='ocrx_word' id='word_1_75' title='bbox 2109 682 2129 717; x_wconf 80' lang='grc' dir='ltr'>ν</span> <span class='ocrx_word' id='word_1_76' title='bbox 2157 665 2314 735; x_wconf 77' lang='grc' dir='ltr'>ἔχων,</span> <span class='ocrx_word' id='word_1_77' title='bbox 2346 667 2404 720; x_wconf 84' lang='grc' dir='ltr'><strong>ὲν</strong></span> <span class='ocrx_word' id='word_1_78' title='bbox 2425 665 2531 720; x_wconf 90' lang='grc' dir='ltr'>τίνι</span> <span class='ocrx_word' id='word_1_79' title='bbox 2559 668 2619 722; x_wconf 84' lang='grc' dir='ltr'><strong>τὸ</strong></span> <span class='ocrx_word' id='word_1_80' title='bbox 2650 668 2811 722; x_wconf 81' lang='grc' dir='ltr'>πλέον</span> <span class='ocrx_word' id='word_1_81' title='bbox 2840 668 3001 740; x_wconf 79' lang='grc' dir='ltr'>ἔχεις,</span> <span class='ocrx_word' id='word_1_82' title='bbox 3031 669 3173 734; x_wconf 76' lang='grc' dir='ltr'>είπὲ,</span> <span class='ocrx_word' id='word_1_83' title='bbox 3201 670 3342 723; x_wconf 81' lang='grc' dir='ltr'>ὥστε</span> <span class='ocrx_word' id='word_1_84' title='bbox 3372 671 3585 743; x_wconf 78' lang='grc' dir='ltr'>ἄνθρω-</span> 
     </span>
    </p>
   </div>
   <div class='ocr_carea' id='block_1_13' title="bbox 345 746 1821 830">
    <p class='ocr_par' dir='ltr' id='par_1_13' title="bbox 345 746 1821 818">
     <span class='ocr_line' id='line_1_13' title="bbox 345 746 1821 818; baseline 0.002 -18"><span class='ocrx_word' id='word_1_85' title='bbox 345 761 467 800; x_wconf 85' lang='lat' dir='ltr'><strong>rum</strong></span> <span class='ocrx_word' id='word_1_86' title='bbox 502 746 883 801; x_wconf 78' lang='lat' dir='ltr'><strong>constructio?</strong></span> <span class='ocrx_word' id='word_1_87' title='bbox 910 746 1108 801; x_wconf 86' lang='lat' dir='ltr'><strong>Annon</strong></span> <span class='ocrx_word' id='word_1_88' title='bbox 1147 747 1308 801; x_wconf 88' lang='lat' dir='ltr'><strong>ambo</strong></span> <span class='ocrx_word' id='word_1_89' title='bbox 1341 758 1467 802; x_wconf 88' lang='lat' dir='ltr'><strong>sunt</strong></span> <span class='ocrx_word' id='word_1_90' title='bbox 1502 760 1623 818; x_wconf 87' lang='lat' dir='ltr'><strong>post</strong></span> <span class='ocrx_word' id='word_1_91' title='bbox 1683 758 1821 803; x_wconf 85' lang='lat' dir='ltr'><strong>mort</strong></span> 
     </span>
    </p>
   </div>
   <div class='ocr_carea' id='block_1_14' title="bbox 2106 746 3582 830">
    <p class='ocr_par' dir='ltr' id='par_1_14' title="bbox 2106 753 3582 830">
     <span class='ocr_line' id='line_1_14' title="bbox 2106 753 3582 830; baseline 0.005 -24"><span class='ocrx_word' id='word_1_92' title='bbox 2106 771 2114 800; x_wconf 75' lang='grc' dir='ltr'>ν</span> <span class='ocrx_word' id='word_1_93' title='bbox 2150 753 2277 807; x_wconf 80' lang='grc' dir='ltr'>ὄντα</span> <span class='ocrx_word' id='word_1_94' title='bbox 2302 754 2566 826; x_wconf 77' lang='grc' dir='ltr'><strong>δεσπότην</strong></span> <span class='ocrx_word' id='word_1_95' title='bbox 2595 757 2875 830; x_wconf 83' lang='grc' dir='ltr'>ἀνθρώπου</span> <span class='ocrx_word' id='word_1_96' title='bbox 2912 759 3099 813; x_wconf 82' lang='grc' dir='ltr'>ἑαυτὸν</span> <span class='ocrx_word' id='word_1_97' title='bbox 3135 761 3376 826; x_wconf 79' lang='grc' dir='ltr'>οἵεσθαι;</span> <span class='ocrx_word' id='word_1_98' title='bbox 3414 780 3435 814; x_wconf 77' lang='grc' dir='ltr'><strong>ι</strong></span> <span class='ocrx_word' id='word_1_99' title='bbox 3473 763 3582 817; x_wconf 80' lang='grc' dir='ltr'><strong>Καὶ</strong></span> 
     </span>
    </p>
   </div>
   <div class='ocr_carea' id='block_1_15' title="bbox 348 836 1824 917">
    <p class='ocr_par' dir='ltr' id='par_1_15' title="bbox 348 836 1762 907">
     <span class='ocr_line' id='line_1_15' title="bbox 348 836 1762 907; baseline 0.001 -17"><span class='ocrx_word' id='word_1_100' title='bbox 348 852 489 891; x_wconf 90' lang='lat' dir='ltr'><strong>unus</strong></span> <span class='ocrx_word' id='word_1_101' title='bbox 521 836 743 907; x_wconf 87' lang='lat' dir='ltr'><strong>pulvis?</strong></span> <span class='ocrx_word' id='word_1_102' title='bbox 785 836 902 890; x_wconf 87' lang='lat' dir='ltr'><strong>Non</strong></span> <span class='ocrx_word' id='word_1_103' title='bbox 945 853 1114 893; x_wconf 92' lang='lat' dir='ltr'><strong>unum</strong></span> <span class='ocrx_word' id='word_1_104' title='bbox 1159 847 1243 892; x_wconf 90' lang='lat' dir='ltr'><strong>est</strong></span> <span class='ocrx_word' id='word_1_105' title='bbox 1272 838 1590 907; x_wconf 75' lang='lat' dir='ltr'><strong>judicium?</strong></span> <span class='ocrx_word' id='word_1_106' title='bbox 1642 838 1762 894; x_wconf 88' lang='lat' dir='ltr'><strong>Non</strong></span> 
     </span>
    </p>
   </div>
   <div class='ocr_carea' id='block_1_16' title="bbox 2099 836 3575 917">
    <p class='ocr_par' dir='ltr' id='par_1_16' title="bbox 2099 844 3575 917">
     <span class='ocr_line' id='line_1_16' title="bbox 2099 844 3575 917; baseline 0.006 -21"><span class='ocrx_word' id='word_1_107' title='bbox 2099 844 2362 916; x_wconf 76' lang='grc' dir='ltr'>τησάμην,</span> <span class='ocrx_word' id='word_1_108' title='bbox 2416 864 2435 898; x_wconf 77' lang='grc' dir='ltr'><strong>ι</strong></span> <span class='ocrx_word' id='word_1_109' title='bbox 2478 845 2687 916; x_wconf 82' lang='grc' dir='ltr'>λέγεις,</span> <span class='ocrx_word' id='word_1_110' title='bbox 2736 867 2753 900; x_wconf 87' lang='grc' dir='ltr'><strong>ι</strong></span> <span class='ocrx_word' id='word_1_111' title='bbox 2799 847 3015 913; x_wconf 82' lang='grc' dir='ltr'><strong>δούλους</strong></span> <span class='ocrx_word' id='word_1_112' title='bbox 3063 851 3158 904; x_wconf 75' lang='grc' dir='ltr'>καὶ</span> <span class='ocrx_word' id='word_1_113' title='bbox 3190 851 3503 917; x_wconf 80' lang='grc' dir='ltr'>παιδίσκας.</span> <span class='ocrx_word' id='word_1_114' title='bbox 3556 872 3575 906; x_wconf 74' lang='grc' dir='ltr'><strong>ι</strong></span> 
     </span>
    </p>
   </div>
   <div class='ocr_carea' id='block_1_17' title="bbox 342 924 1818 1012">
    <p class='ocr_par' dir='ltr' id='par_1_17' title="bbox 342 928 1818 999">
     <span class='ocr_line' id='line_1_17' title="bbox 342 928 1818 999; baseline 0.001 -18"><span class='ocrx_word' id='word_1_115' title='bbox 342 930 634 982; x_wconf 77' lang='lat' dir='ltr'><strong>commune</strong></span> <span class='ocrx_word' id='word_1_116' title='bbox 682 942 927 998; x_wconf 80' lang='lat' dir='ltr'><strong>regnum,</strong></span> <span class='ocrx_word' id='word_1_117' title='bbox 981 938 1034 982; x_wconf 88' lang='lat' dir='ltr'><strong>et</strong></span> <span class='ocrx_word' id='word_1_118' title='bbox 1078 929 1322 999; x_wconf 86' lang='lat' dir='ltr'><strong>gehenna</strong></span> <span class='ocrx_word' id='word_1_119' title='bbox 1361 930 1724 984; x_wconf 86' lang='lat' dir='ltr'><strong>communis?</strong></span> <span class='ocrx_word' id='word_1_120' title='bbox 1786 928 1818 996; x_wconf 71' lang='grc' dir='ltr'>ρ</span> 
     </span>
    </p>
   </div>
   <div class='ocr_carea' id='block_1_18' title="bbox 2104 924 3580 1012">
    <p class='ocr_par' dir='ltr' id='par_1_18' title="bbox 2104 935 3580 1012">
     <span class='ocr_line' id='line_1_18' title="bbox 2104 935 3580 1012; baseline 0.007 -27"><span class='ocrx_word' id='word_1_121' title='bbox 2104 946 2217 1004; x_wconf 61' lang='grc' dir='ltr'>ῖπερ</span> <span class='ocrx_word' id='word_1_122' title='bbox 2237 935 2478 988; x_wconf 86' lang='grc' dir='ltr'>αίπόλιὸν</span> <span class='ocrx_word' id='word_1_123' title='bbox 2504 954 2577 1000; x_wconf 83' lang='grc' dir='ltr'><strong>τι,</strong></span> <span class='ocrx_word' id='word_1_124' title='bbox 2599 937 2632 1007; x_wconf 82' lang='grc' dir='ltr'>ἦ</span> <span class='ocrx_word' id='word_1_125' title='bbox 2662 938 2950 993; x_wconf 80' lang='grc' dir='ltr'>συοόόσιον.</span> <span class='ocrx_word' id='word_1_126' title='bbox 2977 936 3158 999; x_wconf 80' lang='grc' dir='ltr'>Είπὼν</span> <span class='ocrx_word' id='word_1_127' title='bbox 3185 940 3293 1012; x_wconf 81' lang='grc' dir='ltr'>γὰρ</span> <span class='ocrx_word' id='word_1_128' title='bbox 3312 941 3396 995; x_wconf 78' lang='grc' dir='ltr'>ὅτι</span> <span class='ocrx_word' id='word_1_129' title='bbox 3455 959 3473 991; x_wconf 80' lang='grc' dir='ltr'><strong>ι</strong></span> <span class='ocrx_word' id='word_1_130' title='bbox 3496 942 3580 996; x_wconf 76' lang='grc' dir='ltr'><strong>Ἐ-</strong></span> 
     </span>
    </p>
   </div>
   <div class='ocr_carea' id='block_1_19' title="bbox 346 1016 1822 1101">
    <p class='ocr_par' dir='ltr' id='par_1_19' title="bbox 346 1016 1822 1088">
     <span class='ocr_line' id='line_1_19' title="bbox 346 1016 1822 1088; baseline 0.001 -19"><span class='ocrx_word' id='word_1_131' title='bbox 346 1016 570 1084; x_wconf 61' lang='lat' dir='ltr'><strong>aequalis</strong></span> <span class='ocrx_word' id='word_1_132' title='bbox 610 1033 668 1071; x_wconf 90' lang='lat' dir='ltr'><strong>es</strong></span> <span class='ocrx_word' id='word_1_133' title='bbox 696 1018 751 1071; x_wconf 90' lang='lat' dir='ltr'><strong>in</strong></span> <span class='ocrx_word' id='word_1_134' title='bbox 782 1017 1055 1081; x_wconf 87' lang='lat' dir='ltr'><strong>omnibus,</strong></span> <span class='ocrx_word' id='word_1_135' title='bbox 1102 1019 1154 1072; x_wconf 89' lang='lat' dir='ltr'><strong>in</strong></span> <span class='ocrx_word' id='word_1_136' title='bbox 1211 1034 1340 1087; x_wconf 91' lang='lat' dir='ltr'><strong>quo,</strong></span> <span class='ocrx_word' id='word_1_137' title='bbox 1377 1034 1584 1088; x_wconf 65' lang='lat' dir='ltr'><strong>quaeso,</strong></span> <span class='ocrx_word' id='word_1_138' title='bbox 1648 1034 1822 1088; x_wconf 83' lang='lat' dir='ltr'><strong>super:</strong></span> 
     </span>
    </p>
   </div>
   <div class='ocr_carea' id='block_1_20' title="bbox 2102 1016 3578 1101">
    <p class='ocr_par' dir='ltr' id='par_1_20' title="bbox 2102 1021 3578 1101">
     <span class='ocr_line' id='line_1_20' title="bbox 2102 1021 3578 1101; baseline 0.001 -18"><span class='ocrx_word' id='word_1_139' title='bbox 2102 1021 2289 1094; x_wconf 48' lang='grc' dir='ltr'>ησάμην</span> <span class='ocrx_word' id='word_1_140' title='bbox 2302 1022 2510 1092; x_wconf 82' lang='grc' dir='ltr'>δούλους</span> <span class='ocrx_word' id='word_1_141' title='bbox 2526 1031 2615 1084; x_wconf 79' lang='grc' dir='ltr'><strong>καὶ</strong></span> <span class='ocrx_word' id='word_1_142' title='bbox 2639 1028 2944 1096; x_wconf 78' lang='grc' dir='ltr'>παιδίσκας,</span> <span class='ocrx_word' id='word_1_143' title='bbox 2969 1051 2987 1084; x_wconf 76' lang='grc' dir='ltr'><strong>ι</strong></span> <span class='ocrx_word' id='word_1_144' title='bbox 3016 1031 3323 1101; x_wconf 85' lang='grc' dir='ltr'>προσέθηκε</span> <span class='ocrx_word' id='word_1_145' title='bbox 3374 1030 3475 1101; x_wconf 82' lang='grc' dir='ltr'>τὴν</span> <span class='ocrx_word' id='word_1_146' title='bbox 3524 1034 3578 1085; x_wconf 83' lang='grc' dir='ltr'><strong>ὲν</strong></span> 
     </span>
    </p>
   </div>
   <div class='ocr_carea' id='block_1_21' title="bbox 347 1106 1823 1192">
    <p class='ocr_par' dir='ltr' id='par_1_21' title="bbox 347 1106 1823 1177">
     <span class='ocr_line' id='line_1_21' title="bbox 347 1106 1823 1177; baseline -0.001 -18"><span class='ocrx_word' id='word_1_147' title='bbox 347 1106 538 1172; x_wconf 78' lang='lat' dir='ltr'><strong>fueris,</strong></span> <span class='ocrx_word' id='word_1_148' title='bbox 565 1118 622 1160; x_wconf 88' lang='lat' dir='ltr'><strong>ut</strong></span> <span class='ocrx_word' id='word_1_149' title='bbox 650 1125 772 1162; x_wconf 87' lang='lat' dir='ltr'><strong>cum</strong></span> <span class='ocrx_word' id='word_1_150' title='bbox 798 1109 875 1163; x_wconf 90' lang='lat' dir='ltr'><strong>sis</strong></span> <span class='ocrx_word' id='word_1_151' title='bbox 902 1110 1084 1173; x_wconf 88' lang='lat' dir='ltr'><strong>homo,</strong></span> <span class='ocrx_word' id='word_1_152' title='bbox 1113 1110 1391 1163; x_wconf 90' lang='lat' dir='ltr'><strong>dominum</strong></span> <span class='ocrx_word' id='word_1_153' title='bbox 1415 1109 1654 1163; x_wconf 89' lang='lat' dir='ltr'><strong>hominis</strong></span> <span class='ocrx_word' id='word_1_154' title='bbox 1677 1108 1823 1177; x_wconf 69' lang='lat' dir='ltr'><strong>teipsn</strong></span> 
     </span>
    </p>
   </div>
   <div class='ocr_carea' id='block_1_22' title="bbox 2103 1106 3579 1192">
    <p class='ocr_par' dir='ltr' id='par_1_22' title="bbox 2103 1112 3579 1192">
     <span class='ocr_line' id='line_1_22' title="bbox 2103 1112 3579 1192; baseline 0.008 -30"><span class='ocrx_word' id='word_1_155' title='bbox 2103 1128 2126 1172; x_wconf 84' lang='lat'><strong>;</strong></span> <span class='ocrx_word' id='word_1_156' title='bbox 2158 1112 2427 1183; x_wconf 85' lang='grc' dir='ltr'>ποιμνίοις</span> <span class='ocrx_word' id='word_1_157' title='bbox 2459 1116 2553 1168; x_wconf 73' lang='grc' dir='ltr'><strong>καὶ</strong></span> <span class='ocrx_word' id='word_1_158' title='bbox 2583 1115 2877 1186; x_wconf 80' lang='grc' dir='ltr'>βουκολίοις</span> <span class='ocrx_word' id='word_1_159' title='bbox 2914 1120 3397 1192; x_wconf 78' lang='grc' dir='ltr'><strong>προγεγενημένην</strong></span> <span class='ocrx_word' id='word_1_160' title='bbox 3425 1121 3579 1174; x_wconf 78' lang='grc' dir='ltr'>εὐθυο</span> 
     </span>
    </p>
   </div>
   <div class='ocr_carea' id='block_1_23' title="bbox 346 1196 1822 1283">
    <p class='ocr_par' dir='ltr' id='par_1_23' title="bbox 346 1196 1822 1271">
     <span class='ocr_line' id='line_1_23' title="bbox 346 1196 1822 1271; baseline 0.001 -22"><span class='ocrx_word' id='word_1_161' title='bbox 346 1205 506 1265; x_wconf 83' lang='lat' dir='ltr'><strong>putes</strong></span> <span class='ocrx_word' id='word_1_162' title='bbox 530 1200 552 1249; x_wconf 66' lang='grc' dir='ltr'><em>ἲ</em></span> <span class='ocrx_word' id='word_1_163' title='bbox 577 1217 596 1248; x_wconf 79' lang='grc' dir='ltr'><strong>ι</strong></span> <span class='ocrx_word' id='word_1_164' title='bbox 628 1196 694 1250; x_wconf 88' lang='lat' dir='ltr'><strong>Et</strong></span> <span class='ocrx_word' id='word_1_165' title='bbox 721 1199 960 1271; x_wconf 77' lang='lat' dir='ltr'><strong>possedi,</strong></span> <span class='ocrx_word' id='word_1_166' title='bbox 999 1218 1015 1251; x_wconf 78' lang='grc' dir='ltr'><strong>ι</strong></span> <span class='ocrx_word' id='word_1_167' title='bbox 1050 1199 1249 1268; x_wconf 88' lang='lat' dir='ltr'><strong>inquit,</strong></span> <span class='ocrx_word' id='word_1_168' title='bbox 1273 1217 1292 1248; x_wconf 80' lang='grc' dir='ltr'><strong>ι</strong></span> <span class='ocrx_word' id='word_1_169' title='bbox 1322 1213 1508 1254; x_wconf 79' lang='lat' dir='ltr'><strong>servos</strong></span> <span class='ocrx_word' id='word_1_170' title='bbox 1531 1207 1584 1253; x_wconf 86' lang='lat' dir='ltr'><strong>et</strong></span> <span class='ocrx_word' id='word_1_171' title='bbox 1610 1198 1822 1252; x_wconf 70' lang='lat' dir='ltr'><strong>ancilla:</strong></span> 
     </span>
    </p>
   </div>
   <div class='ocr_carea' id='block_1_24' title="bbox 2104 1196 3580 1283">
    <p class='ocr_par' dir='ltr' id='par_1_24' title="bbox 2104 1201 3580 1283">
     <span class='ocr_line' id='line_1_24' title="bbox 2104 1201 3580 1283; baseline 0.007 -29"><span class='ocrx_word' id='word_1_172' title='bbox 2104 1217 2144 1254; x_wconf 88' lang='grc' dir='ltr'>ιν</span> <span class='ocrx_word' id='word_1_173' title='bbox 2180 1201 2347 1273; x_wconf 78' lang='grc' dir='ltr'>αὐτῷ.</span> <span class='ocrx_word' id='word_1_174' title='bbox 2381 1222 2400 1255; x_wconf 79' lang='grc' dir='ltr'><strong>ι</strong></span> <span class='ocrx_word' id='word_1_175' title='bbox 2445 1205 2550 1259; x_wconf 79' lang='grc' dir='ltr'><strong>Καὶ</strong></span> <span class='ocrx_word' id='word_1_176' title='bbox 2577 1207 2767 1279; x_wconf 81' lang='grc' dir='ltr'>κτῆσις</span> <span class='ocrx_word' id='word_1_177' title='bbox 2810 1227 2830 1260; x_wconf 71' lang='grc' dir='ltr'><strong>ι</strong></span> <span class='ocrx_word' id='word_1_178' title='bbox 2865 1209 2995 1281; x_wconf 84' lang='grc' dir='ltr'>γὰρ,</span> <span class='ocrx_word' id='word_1_179' title='bbox 3042 1211 3197 1283; x_wconf 76' lang='grc' dir='ltr'>φησὶ,</span> <span class='ocrx_word' id='word_1_180' title='bbox 3235 1229 3254 1263; x_wconf 87' lang='grc' dir='ltr'><strong>ι</strong></span> <span class='ocrx_word' id='word_1_181' title='bbox 3301 1211 3580 1281; x_wconf 83' lang='grc' dir='ltr'>βουκολίου</span> 
     </span>
    </p>
   </div>
   <div class='ocr_carea' id='block_1_25' title="bbox 344 1290 1820 1370">
    <p class='ocr_par' dir='ltr' id='par_1_25' title="bbox 344 1291 1820 1362">
     <span class='ocr_line' id='line_1_25' title="bbox 344 1291 1820 1362; baseline 0.003 -23"><span class='ocrx_word' id='word_1_182' title='bbox 344 1295 604 1358; x_wconf 83' lang='lat' dir='ltr'><strong>tanquam</strong></span> <span class='ocrx_word' id='word_1_183' title='bbox 648 1304 935 1359; x_wconf 89' lang='lat' dir='ltr'><strong>caprarum</strong></span> <span class='ocrx_word' id='word_1_184' title='bbox 977 1291 1188 1360; x_wconf 90' lang='lat' dir='ltr'><strong>aliquos</strong></span> <span class='ocrx_word' id='word_1_185' title='bbox 1246 1298 1301 1346; x_wconf 86' lang='lat' dir='ltr'><strong>et</strong></span> <span class='ocrx_word' id='word_1_186' title='bbox 1356 1306 1644 1362; x_wconf 89' lang='lat' dir='ltr'><strong>porcorum</strong></span> <span class='ocrx_word' id='word_1_187' title='bbox 1695 1306 1820 1361; x_wconf 84' lang='lat' dir='ltr'><strong>greg</strong></span> 
     </span>
    </p>
   </div>
   <div class='ocr_carea' id='block_1_26' title="bbox 2102 1290 3578 1370">
    <p class='ocr_par' dir='ltr' id='par_1_26' title="bbox 2102 1292 3578 1370">
     <span class='ocr_line' id='line_1_26' title="bbox 2102 1292 3578 1370; baseline 0.005 -26"><span class='ocrx_word' id='word_1_188' title='bbox 2102 1328 2105 1339; x_wconf 83' lang='lat'><em>.</em></span> <span class='ocrx_word' id='word_1_189' title='bbox 2130 1292 2376 1361; x_wconf 81' lang='grc' dir='ltr'>ποιμνίου</span> <span class='ocrx_word' id='word_1_190' title='bbox 2402 1293 2615 1363; x_wconf 79' lang='grc' dir='ltr'>ἐγένετό</span> <span class='ocrx_word' id='word_1_191' title='bbox 2645 1312 2734 1366; x_wconf 88' lang='grc' dir='ltr'><strong>μοι</strong></span> <span class='ocrx_word' id='word_1_192' title='bbox 2765 1296 2954 1369; x_wconf 82' lang='grc' dir='ltr'>πολλὴ,</span> <span class='ocrx_word' id='word_1_193' title='bbox 2986 1319 3004 1351; x_wconf 77' lang='grc' dir='ltr'><strong>ι</strong></span> <span class='ocrx_word' id='word_1_194' title='bbox 3032 1300 3108 1364; x_wconf 81' lang='grc' dir='ltr'>ὡς</span> <span class='ocrx_word' id='word_1_195' title='bbox 3131 1302 3189 1354; x_wconf 81' lang='grc' dir='ltr'><strong>ὲν</strong></span> <span class='ocrx_word' id='word_1_196' title='bbox 3214 1302 3281 1369; x_wconf 81' lang='grc' dir='ltr'>τῇ</span> <span class='ocrx_word' id='word_1_197' title='bbox 3309 1300 3401 1370; x_wconf 74' lang='grc' dir='ltr'><strong>ἴσῃ</strong></span> <span class='ocrx_word' id='word_1_198' title='bbox 3433 1297 3578 1363; x_wconf 80' lang='grc' dir='ltr'>τάξει</span> 
     </span>
    </p>
   </div>
   <div class='ocr_carea' id='block_1_27' title="bbox 344 1372 1820 1457">
    <p class='ocr_par' dir='ltr' id='par_1_27' title="bbox 344 1372 1817 1443">
     <span class='ocr_line' id='line_1_27' title="bbox 344 1372 1817 1443; baseline 0.005 -15"><span class='ocrx_word' id='word_1_199' title='bbox 344 1372 480 1430; x_wconf 87' lang='lat' dir='ltr'><strong>Nam</strong></span> <span class='ocrx_word' id='word_1_200' title='bbox 505 1391 627 1432; x_wconf 90' lang='lat' dir='ltr'><strong>cum</strong></span> <span class='ocrx_word' id='word_1_201' title='bbox 662 1377 912 1443; x_wconf 76' lang='lat' dir='ltr'><strong>dixisset,</strong></span> <span class='ocrx_word' id='word_1_202' title='bbox 948 1397 968 1430; x_wconf 82' lang='grc' dir='ltr'><strong>ι</strong></span> <span class='ocrx_word' id='word_1_203' title='bbox 1022 1376 1248 1434; x_wconf 87' lang='lat' dir='ltr'><strong>Possedi</strong></span> <span class='ocrx_word' id='word_1_204' title='bbox 1277 1395 1466 1436; x_wconf 91' lang='lat' dir='ltr'><strong>servos</strong></span> <span class='ocrx_word' id='word_1_205' title='bbox 1509 1389 1564 1435; x_wconf 89' lang='lat' dir='ltr'><strong>et</strong></span> <span class='ocrx_word' id='word_1_206' title='bbox 1590 1380 1817 1435; x_wconf 82' lang='lat' dir='ltr'><strong>ancillas</strong></span> 
     </span>
    </p>
   </div>
   <div class='ocr_carea' id='block_1_28' title="bbox 1929 1372 3405 1457">
    <p class='ocr_par' dir='ltr' id='par_1_28' title="bbox 2013 1377 3405 1457">
     <span class='ocr_line' id='line_1_28' title="bbox 2013 1377 3405 1457; baseline 0.006 -27"><span class='ocrx_word' id='word_1_207' title='bbox 2013 1377 2219 1432; x_wconf 84' lang='grc' dir='ltr'>τούτων</span> <span class='ocrx_word' id='word_1_208' title='bbox 2242 1394 2302 1432; x_wconf 89' lang='grc' dir='ltr'><strong>τε</strong></span> <span class='ocrx_word' id='word_1_209' title='bbox 2329 1380 2598 1435; x_wconf 81' lang='grc' dir='ltr'>κάκείνων</span> <span class='ocrx_word' id='word_1_210' title='bbox 2622 1383 3041 1456; x_wconf 79' lang='grc' dir='ltr'><strong>ὑπεζευγμένων</strong></span> <span class='ocrx_word' id='word_1_211' title='bbox 3068 1388 3134 1457; x_wconf 75' lang='grc' dir='ltr'>τῇ</span> <span class='ocrx_word' id='word_1_212' title='bbox 3162 1382 3405 1456; x_wconf 78' lang='grc' dir='ltr'>ἐξουσίᾳ.</span> 
     </span>
    </p>
   </div>
   <div class='ocr_carea' id='block_1_29' title="bbox 346 1466 3580 1547">
    <p class='ocr_par' dir='ltr' id='par_1_29' title="bbox 346 1466 3580 1547">
     <span class='ocr_line' id='line_1_29' title="bbox 346 1466 3580 1547; baseline 0.005 -28"><span class='ocrx_word' id='word_1_213' title='bbox 346 1466 546 1536; x_wconf 83' lang='lat' dir='ltr'><strong>adjecit</strong></span> <span class='ocrx_word' id='word_1_214' title='bbox 573 1475 776 1538; x_wconf 88' lang='lat' dir='ltr'><strong>quanta</strong></span> <span class='ocrx_word' id='word_1_215' title='bbox 804 1469 907 1523; x_wconf 85' lang='lat' dir='ltr'><strong>sibi</strong></span> <span class='ocrx_word' id='word_1_216' title='bbox 974 1469 1127 1540; x_wconf 88' lang='lat' dir='ltr'><strong>prius</strong></span> <span class='ocrx_word' id='word_1_217' title='bbox 1160 1469 1352 1527; x_wconf 82' lang='lat' dir='ltr'><strong>fuisset</strong></span> <span class='ocrx_word' id='word_1_218' title='bbox 1384 1470 1725 1544; x_wconf 70' lang='lat' dir='ltr'><strong>proSperitas</strong></span> <span class='ocrx_word' id='word_1_219' title='bbox 1763 1473 1819 1525; x_wconf 91' lang='lat' dir='ltr'><strong>in</strong></span> <span class='ocrx_word' id='word_1_220' title='bbox 1845 1469 2019 1524; x_wconf 83' lang='lat' dir='ltr'><strong>bobus</strong></span> <span class='ocrx_word' id='word_1_221' title='bbox 2047 1476 2103 1523; x_wconf 90' lang='lat' dir='ltr'><strong>et</strong></span> <span class='ocrx_word' id='word_1_222' title='bbox 2159 1471 2376 1526; x_wconf 91' lang='lat' dir='ltr'><strong>ovibus.</strong></span> <span class='ocrx_word' id='word_1_223' title='bbox 2453 1490 2473 1524; x_wconf 81' lang='grc' dir='ltr'><strong>ι</strong></span> <span class='ocrx_word' id='word_1_224' title='bbox 2520 1472 2587 1527; x_wconf 86' lang='grc' dir='ltr'>Ει</span> <span class='ocrx_word' id='word_1_225' title='bbox 2633 1478 2826 1539; x_wconf 88' lang='lat' dir='ltr'><strong>multa,</strong></span> <span class='ocrx_word' id='word_1_226' title='bbox 2872 1495 2891 1528; x_wconf 77' lang='grc' dir='ltr'><strong>ι</strong></span> <span class='ocrx_word' id='word_1_227' title='bbox 2936 1479 3136 1547; x_wconf 86' lang='lat' dir='ltr'><strong>inquit,</strong></span> <span class='ocrx_word' id='word_1_228' title='bbox 3206 1497 3227 1531; x_wconf 81' lang='grc' dir='ltr'><strong>ι</strong></span> <span class='ocrx_word' id='word_1_229' title='bbox 3285 1481 3428 1538; x_wconf 89' lang='lat' dir='ltr'><strong>mihi</strong></span> <span class='ocrx_word' id='word_1_230' title='bbox 3479 1481 3580 1537; x_wconf 84' lang='lat' dir='ltr'><strong>fuit</strong></span> 
     </span>
    </p>
   </div>
   <div class='ocr_carea' id='block_1_30' title="bbox 344 1558 3400 1634">
    <p class='ocr_par' dir='ltr' id='par_1_30' title="bbox 344 1558 3400 1634">
     <span class='ocr_line' id='line_1_30' title="bbox 344 1558 3400 1634; baseline 0.005 -22"><span class='ocrx_word' id='word_1_231' title='bbox 344 1559 625 1627; x_wconf 89' lang='lat' dir='ltr'><strong>possessio</strong></span> <span class='ocrx_word' id='word_1_232' title='bbox 655 1558 817 1613; x_wconf 90' lang='lat' dir='ltr'><strong>boum</strong></span> <span class='ocrx_word' id='word_1_233' title='bbox 847 1569 903 1614; x_wconf 90' lang='lat' dir='ltr'><strong>et</strong></span> <span class='ocrx_word' id='word_1_234' title='bbox 942 1561 1156 1624; x_wconf 88' lang='lat' dir='ltr'><strong>ovium,</strong></span> <span class='ocrx_word' id='word_1_235' title='bbox 1191 1580 1209 1612; x_wconf 79' lang='grc' dir='ltr'><strong>ι</strong></span> <span class='ocrx_word' id='word_1_236' title='bbox 1245 1569 1431 1632; x_wconf 89' lang='lat' dir='ltr'><strong>utpote</strong></span> <span class='ocrx_word' id='word_1_237' title='bbox 1481 1561 1628 1634; x_wconf 90' lang='lat' dir='ltr'><strong>quod</strong></span> <span class='ocrx_word' id='word_1_238' title='bbox 1684 1562 1741 1618; x_wconf 88' lang='lat' dir='ltr'><strong>in</strong></span> <span class='ocrx_word' id='word_1_239' title='bbox 1787 1560 1906 1632; x_wconf 89' lang='lat' dir='ltr'><strong>pari</strong></span> <span class='ocrx_word' id='word_1_240' title='bbox 1944 1559 2137 1615; x_wconf 86' lang='lat' dir='ltr'><strong>ordine</strong></span> <span class='ocrx_word' id='word_1_241' title='bbox 2164 1564 2451 1631; x_wconf 81' lang='lat' dir='ltr'><strong>potestatis</strong></span> <span class='ocrx_word' id='word_1_242' title='bbox 2481 1572 2535 1620; x_wconf 90' lang='lat' dir='ltr'><strong>et</strong></span> <span class='ocrx_word' id='word_1_243' title='bbox 2559 1565 2674 1621; x_wconf 75' lang='lat' dir='ltr'><strong>haec</strong></span> <span class='ocrx_word' id='word_1_244' title='bbox 2699 1574 2755 1623; x_wconf 90' lang='lat' dir='ltr'><strong>et</strong></span> <span class='ocrx_word' id='word_1_245' title='bbox 2787 1567 2880 1622; x_wconf 89' lang='lat' dir='ltr'><strong>illa</strong></span> <span class='ocrx_word' id='word_1_246' title='bbox 2907 1567 3157 1634; x_wconf 89' lang='lat' dir='ltr'><strong>subjecta</strong></span> <span class='ocrx_word' id='word_1_247' title='bbox 3188 1579 3400 1633; x_wconf 86' lang='lat' dir='ltr'><strong>essent.</strong></span> 
     </span>
    </p>
   </div>
   <div class='ocr_carea' id='block_1_31' title="bbox 417 1646 1893 1731">
    <p class='ocr_par' dir='ltr' id='par_1_31' title="bbox 417 1648 1893 1725">
     <span class='ocr_line' id='line_1_31' title="bbox 417 1648 1893 1725; baseline 0.002 -22"><span class='ocrx_word' id='word_1_248' title='bbox 417 1648 622 1705; x_wconf 81' lang='lat' dir='ltr'><strong>Deinde</strong></span> <span class='ocrx_word' id='word_1_249' title='bbox 658 1658 780 1719; x_wconf 90' lang='lat' dir='ltr'><strong>post</strong></span> <span class='ocrx_word' id='word_1_250' title='bbox 804 1649 918 1706; x_wconf 65' lang='lat' dir='ltr'><strong>haec</strong></span> <span class='ocrx_word' id='word_1_251' title='bbox 959 1651 1027 1707; x_wconf 88' lang='lat' dir='ltr'><strong>ad</strong></span> <span class='ocrx_word' id='word_1_252' title='bbox 1061 1652 1269 1723; x_wconf 79' lang='lat' dir='ltr'><strong>majora</strong></span> <span class='ocrx_word' id='word_1_253' title='bbox 1302 1663 1528 1725; x_wconf 89' lang='lat' dir='ltr'><strong>peccata</strong></span> <span class='ocrx_word' id='word_1_254' title='bbox 1560 1654 1893 1725; x_wconf 73' lang='lat' dir='ltr'><strong>progreditur</strong></span> 
     </span>
    </p>
   </div>
   <div class='ocr_carea' id='block_1_32' title="bbox 2104 1646 3580 1731">
    <p class='ocr_par' dir='ltr' id='par_1_32' title="bbox 2104 1646 3580 1731">
     <span class='ocr_line' id='line_1_32' title="bbox 2104 1646 3580 1731; baseline 0.008 -27"><span class='ocrx_word' id='word_1_255' title='bbox 2104 1646 2207 1706; x_wconf 70' lang='grc' dir='ltr'>εἶτα</span> <span class='ocrx_word' id='word_1_256' title='bbox 2238 1654 2331 1707; x_wconf 78' lang='grc' dir='ltr'><strong>ἐπὶ</strong></span> <span class='ocrx_word' id='word_1_257' title='bbox 2353 1655 2559 1720; x_wconf 79' lang='grc' dir='ltr'>τούτοις</span> <span class='ocrx_word' id='word_1_258' title='bbox 2593 1656 2697 1727; x_wconf 79' lang='grc' dir='ltr'><strong>ὁδῷ</strong></span> <span class='ocrx_word' id='word_1_259' title='bbox 2744 1659 2986 1730; x_wconf 82' lang='grc' dir='ltr'>πρόεισιν</span> <span class='ocrx_word' id='word_1_260' title='bbox 3009 1660 3101 1713; x_wconf 78' lang='grc' dir='ltr'>ἐπὶ</span> <span class='ocrx_word' id='word_1_261' title='bbox 3144 1660 3214 1714; x_wconf 85' lang='grc' dir='ltr'><strong>τά</strong></span> <span class='ocrx_word' id='word_1_262' title='bbox 3257 1663 3434 1731; x_wconf 79' lang='grc' dir='ltr'>μείζω</span> <span class='ocrx_word' id='word_1_263' title='bbox 3477 1664 3580 1716; x_wconf 86' lang='grc' dir='ltr'>τῶν</span> 
     </span>
    </p>
   </div>
   <div class='ocr_carea' id='block_1_33' title="bbox 344 1737 1905 1808">
    <p class='ocr_par' dir='ltr' id='par_1_33' title="bbox 344 1737 1905 1808">
     <span class='ocr_line' id='line_1_33' title="bbox 344 1737 1905 1808; baseline 0.004 -15"><span class='ocrx_word' id='word_1_264' title='bbox 344 1737 467 1808; x_wconf 89' lang='lat' dir='ltr'><strong>ejus</strong></span> <span class='ocrx_word' id='word_1_265' title='bbox 478 1741 855 1807; x_wconf 88' lang='lat' dir='ltr'><strong>enuntiatio,et</strong></span> <span class='ocrx_word' id='word_1_266' title='bbox 868 1743 970 1798; x_wconf 92' lang='lat' dir='ltr'><strong>sibi</strong></span> <span class='ocrx_word' id='word_1_267' title='bbox 987 1743 1514 1801; x_wconf 82' lang='lat' dir='ltr'><strong>inessevocil’eratur</strong></span> <span class='ocrx_word' id='word_1_268' title='bbox 1531 1748 1772 1800; x_wconf 89' lang='lat' dir='ltr'><strong>omnium</strong></span> <span class='ocrx_word' id='word_1_269' title='bbox 1793 1760 1905 1800; x_wconf 81' lang='lat' dir='ltr'><strong>ma-</strong></span> 
     </span>
    </p>
   </div>
   <div class='ocr_carea' id='block_1_34' title="bbox 346 1827 1903 1902">
    <p class='ocr_par' dir='ltr' id='par_1_34' title="bbox 346 1827 1903 1902">
     <span class='ocr_line' id='line_1_34' title="bbox 346 1827 1903 1902; baseline 0.004 -19"><span class='ocrx_word' id='word_1_270' title='bbox 346 1827 521 1883; x_wconf 88' lang='lat' dir='ltr'><strong>lorum</strong></span> <span class='ocrx_word' id='word_1_271' title='bbox 557 1830 817 1897; x_wconf 86' lang='lat' dir='ltr'><strong>radicem,</strong></span> <span class='ocrx_word' id='word_1_272' title='bbox 847 1847 1038 1902; x_wconf 92' lang='lat' dir='ltr'><strong>nempe</strong></span> <span class='ocrx_word' id='word_1_273' title='bbox 1060 1834 1363 1889; x_wconf 76' lang='lat' dir='ltr'><strong>avaritiam.</strong></span> <span class='ocrx_word' id='word_1_274' title='bbox 1397 1832 1488 1889; x_wconf 90' lang='lat' dir='ltr'><strong>Sic</strong></span> <span class='ocrx_word' id='word_1_275' title='bbox 1524 1834 1666 1888; x_wconf 90' lang='lat' dir='ltr'><strong>enim</strong></span> <span class='ocrx_word' id='word_1_276' title='bbox 1694 1834 1826 1889; x_wconf 92' lang='lat' dir='ltr'><strong>dicit</strong></span> <span class='ocrx_word' id='word_1_277' title='bbox 1849 1837 1903 1889; x_wconf 92' lang='lat' dir='ltr'><strong>in</strong></span> 
     </span>
    </p>
   </div>
   <div class='ocr_carea' id='block_1_35' title="bbox 347 1918 1905 1993">
    <p class='ocr_par' dir='ltr' id='par_1_35' title="bbox 347 1918 1905 1993">
     <span class='ocr_line' id='line_1_35' title="bbox 347 1918 1905 1993; baseline 0.006 -23"><span class='ocrx_word' id='word_1_278' title='bbox 347 1925 607 1973; x_wconf 85' lang='lat' dir='ltr'><strong>contextu</strong></span> <span class='ocrx_word' id='word_1_279' title='bbox 642 1918 938 1973; x_wconf 75' lang='lat' dir='ltr'><strong>dictionis&quot;:</strong></span> <span class='ocrx_word' id='word_1_280' title='bbox 981 1939 999 1972; x_wconf 76' lang='grc' dir='ltr'><strong>ι</strong></span> <span class='ocrx_word' id='word_1_281' title='bbox 1031 1921 1237 1993; x_wconf 78' lang='lat' dir='ltr'><strong>Collegi</strong></span> <span class='ocrx_word' id='word_1_282' title='bbox 1273 1923 1407 1978; x_wconf 89' lang='lat' dir='ltr'><strong>mihi</strong></span> <span class='ocrx_word' id='word_1_283' title='bbox 1446 1931 1503 1979; x_wconf 90' lang='lat' dir='ltr'><strong>et</strong></span> <span class='ocrx_word' id='word_1_284' title='bbox 1534 1936 1814 1993; x_wconf 75' lang='lat' dir='ltr'><strong>argentum</strong></span> <span class='ocrx_word' id='word_1_285' title='bbox 1852 1933 1905 1981; x_wconf 90' lang='lat' dir='ltr'><strong>et</strong></span> 
     </span>
    </p>
   </div>
   <div class='ocr_carea' id='block_1_36' title="bbox 344 2009 1900 2082">
    <p class='ocr_par' dir='ltr' id='par_1_36' title="bbox 344 2009 1900 2082">
     <span class='ocr_line' id='line_1_36' title="bbox 344 2009 1900 2082; baseline 0.006 -21"><span class='ocrx_word' id='word_1_286' title='bbox 344 2022 559 2062; x_wconf 83' lang='lat' dir='ltr'><strong>aurum.</strong></span> <span class='ocrx_word' id='word_1_287' title='bbox 593 2028 611 2062; x_wconf 73' lang='grc' dir='ltr'><strong>ι</strong></span> <span class='ocrx_word' id='word_1_288' title='bbox 640 2009 779 2076; x_wconf 85' lang='lat' dir='ltr'><strong>Quid</strong></span> <span class='ocrx_word' id='word_1_289' title='bbox 804 2012 947 2066; x_wconf 91' lang='lat' dir='ltr'><strong>enim</strong></span> <span class='ocrx_word' id='word_1_290' title='bbox 972 2014 1158 2068; x_wconf 87' lang='lat' dir='ltr'><strong>nocuit</strong></span> <span class='ocrx_word' id='word_1_291' title='bbox 1184 2029 1379 2068; x_wconf 89' lang='lat' dir='ltr'><strong>aurum</strong></span> <span class='ocrx_word' id='word_1_292' title='bbox 1414 2022 1558 2070; x_wconf 90' lang='lat' dir='ltr'><strong>terra</strong></span> <span class='ocrx_word' id='word_1_293' title='bbox 1580 2015 1900 2082; x_wconf 88' lang='lat' dir='ltr'><strong>immistum,</strong></span> 
     </span>
    </p>
   </div>
   <div class='ocr_carea' id='block_1_37' title="bbox 344 2096 1905 2176">
    <p class='ocr_par' dir='ltr' id='par_1_37' title="bbox 344 2096 1905 2176">
     <span class='ocr_line' id='line_1_37' title="bbox 344 2096 1905 2176; baseline 0.005 -24"><span class='ocrx_word' id='word_1_294' title='bbox 344 2103 399 2152; x_wconf 84' lang='lat' dir='ltr'><strong>et</strong></span> <span class='ocrx_word' id='word_1_295' title='bbox 430 2097 483 2152; x_wconf 91' lang='lat' dir='ltr'><strong>in</strong></span> <span class='ocrx_word' id='word_1_296' title='bbox 521 2099 629 2155; x_wconf 91' lang='lat' dir='ltr'><strong>illis</strong></span> <span class='ocrx_word' id='word_1_297' title='bbox 657 2096 884 2155; x_wconf 77' lang='lat' dir='ltr'><strong>effusum</strong></span> <span class='ocrx_word' id='word_1_298' title='bbox 914 2102 1073 2165; x_wconf 89' lang='lat' dir='ltr'><strong>locis,</strong></span> <span class='ocrx_word' id='word_1_299' title='bbox 1102 2102 1155 2156; x_wconf 92' lang='lat' dir='ltr'><strong>in</strong></span> <span class='ocrx_word' id='word_1_300' title='bbox 1188 2103 1387 2171; x_wconf 85' lang='lat' dir='ltr'><strong>quibus</strong></span> <span class='ocrx_word' id='word_1_301' title='bbox 1433 2119 1463 2157; x_wconf 90' lang='lat' dir='ltr'><strong>a</strong></span> <span class='ocrx_word' id='word_1_302' title='bbox 1492 2104 1748 2161; x_wconf 87' lang='lat' dir='ltr'><strong>Creatore</strong></span> <span class='ocrx_word' id='word_1_303' title='bbox 1794 2122 1905 2176; x_wconf 85' lang='lat' dir='ltr'><strong>po-</strong></span> 
     </span>
    </p>
   </div>
   <div class='ocr_carea' id='block_1_38' title="bbox 347 2187 1904 2265">
    <p class='ocr_par' dir='ltr' id='par_1_38' title="bbox 347 2187 1904 2265">
     <span class='ocr_line' id='line_1_38' title="bbox 347 2187 1904 2265; baseline 0.006 -22"><span class='ocrx_word' id='word_1_304' title='bbox 347 2187 511 2243; x_wconf 79' lang='lat' dir='ltr'><strong>situm</strong></span> <span class='ocrx_word' id='word_1_305' title='bbox 560 2189 663 2243; x_wconf 83' lang='lat' dir='ltr'><strong>fuit</strong></span> <span class='ocrx_word' id='word_1_306' title='bbox 710 2191 777 2245; x_wconf 91' lang='lat' dir='ltr'><strong>ab</strong></span> <span class='ocrx_word' id='word_1_307' title='bbox 824 2190 1030 2246; x_wconf 84' lang='lat' dir='ltr'><strong>initio?</strong></span> <span class='ocrx_word' id='word_1_308' title='bbox 1068 2190 1468 2258; x_wconf 61' lang='lat' dir='ltr'><strong>Quidnam&#39;tibi</strong></span> <span class='ocrx_word' id='word_1_309' title='bbox 1496 2195 1619 2265; x_wconf 89' lang='lat' dir='ltr'><strong>plus</strong></span> <span class='ocrx_word' id='word_1_310' title='bbox 1652 2196 1904 2252; x_wconf 84' lang='lat' dir='ltr'><strong>utilitatis</strong></span> 
     </span>
    </p>
   </div>
   <div class='ocr_carea' id='block_1_39' title="bbox 344 2277 1900 2354">
    <p class='ocr_par' dir='ltr' id='par_1_39' title="bbox 344 2277 1900 2354">
     <span class='ocr_line' id='line_1_39' title="bbox 344 2277 1900 2354; baseline 0.006 -22"><span class='ocrx_word' id='word_1_311' title='bbox 344 2277 539 2335; x_wconf 67' lang='lat' dir='ltr'><strong>aderre</strong></span> <span class='ocrx_word' id='word_1_312' title='bbox 561 2278 689 2336; x_wconf 83' lang='lat' dir='ltr'><strong>fecit</strong></span> <span class='ocrx_word' id='word_1_313' title='bbox 714 2279 894 2336; x_wconf 75' lang='lat' dir='ltr'><strong>rerum</strong></span> <span class='ocrx_word' id='word_1_314' title='bbox 917 2282 1097 2352; x_wconf 80' lang='lat' dir='ltr'><strong>opifex</strong></span> <span class='ocrx_word' id='word_1_315' title='bbox 1120 2299 1283 2354; x_wconf 88' lang='lat' dir='ltr'><strong>quam</strong></span> <span class='ocrx_word' id='word_1_316' title='bbox 1310 2284 1523 2340; x_wconf 82' lang='lat' dir='ltr'><strong>fructus</strong></span> <span class='ocrx_word' id='word_1_317' title='bbox 1546 2288 1739 2341; x_wconf 73' lang='lat' dir='ltr'><strong>terrae?</strong></span> <span class='ocrx_word' id='word_1_318' title='bbox 1763 2286 1900 2342; x_wconf 87' lang='lat' dir='ltr'><strong>Num</strong></span> 
     </span>
    </p>
   </div>
   <div class='ocr_carea' id='block_1_40' title="bbox 343 2370 1903 2441">
    <p class='ocr_par' dir='ltr' id='par_1_40' title="bbox 343 2370 1903 2441">
     <span class='ocr_line' id='line_1_40' title="bbox 343 2370 1903 2441; baseline 0.006 -17"><span class='ocrx_word' id='word_1_319' title='bbox 343 2370 441 2441; x_wconf 85' lang='lat' dir='ltr'><strong>tibi</strong></span> <span class='ocrx_word' id='word_1_320' title='bbox 493 2372 639 2425; x_wconf 86' lang='lat' dir='ltr'><strong>solos</strong></span> <span class='ocrx_word' id='word_1_321' title='bbox 700 2373 956 2428; x_wconf 90' lang='lat' dir='ltr'><strong>arborum</strong></span> <span class='ocrx_word' id='word_1_322' title='bbox 1009 2373 1221 2430; x_wconf 78' lang='lat' dir='ltr'><strong>fructus</strong></span> <span class='ocrx_word' id='word_1_323' title='bbox 1251 2383 1304 2429; x_wconf 91' lang='lat' dir='ltr'><strong>et</strong></span> <span class='ocrx_word' id='word_1_324' title='bbox 1335 2378 1544 2431; x_wconf 82' lang='lat' dir='ltr'><strong>semina</strong></span> <span class='ocrx_word' id='word_1_325' title='bbox 1597 2376 1787 2431; x_wconf 82' lang='lat' dir='ltr'><strong>tribuit</strong></span> <span class='ocrx_word' id='word_1_326' title='bbox 1833 2376 1903 2433; x_wconf 91' lang='lat' dir='ltr'><strong>ad</strong></span> 
     </span>
    </p>
   </div>
   <div class='ocr_carea' id='block_1_41' title="bbox 344 2466 1904 2538">
    <p class='ocr_par' dir='ltr' id='par_1_41' title="bbox 344 2466 1904 2538">
     <span class='ocr_line' id='line_1_41' title="bbox 344 2466 1904 2538; baseline 0.004 -19"><span class='ocrx_word' id='word_1_327' title='bbox 344 2466 742 2521; x_wconf 83' lang='lat' dir='ltr'><strong>nutrimentum</strong></span> <span class='ocrx_word' id='word_1_328' title='bbox 765 2468 789 2522; x_wconf 65' lang='grc' dir='ltr'><em>ἲ</em></span> <span class='ocrx_word' id='word_1_329' title='bbox 815 2470 926 2523; x_wconf 90' lang='lat' dir='ltr'><strong>Cur</strong></span> <span class='ocrx_word' id='word_1_330' title='bbox 954 2468 1093 2523; x_wconf 74' lang='lat' dir='ltr'><strong>data:</strong></span> <span class='ocrx_word' id='word_1_331' title='bbox 1119 2469 1408 2538; x_wconf 84' lang='lat' dir='ltr'><strong>potestatis</strong></span> <span class='ocrx_word' id='word_1_332' title='bbox 1436 2469 1701 2525; x_wconf 91' lang='lat' dir='ltr'><strong>terminos</strong></span> <span class='ocrx_word' id='word_1_333' title='bbox 1723 2478 1904 2525; x_wconf 85' lang='lat' dir='ltr'><strong>trans-</strong></span> 
     </span>
    </p>
   </div>
   <div class='ocr_carea' id='block_1_42' title="bbox 344 2557 1902 2629">
    <p class='ocr_par' dir='ltr' id='par_1_42' title="bbox 344 2557 1902 2629">
     <span class='ocr_line' id='line_1_42' title="bbox 344 2557 1902 2629; baseline 0.004 -21"><span class='ocrx_word' id='word_1_334' title='bbox 344 2557 635 2624; x_wconf 81' lang='lat' dir='ltr'><strong>grederis?</strong></span> <span class='ocrx_word' id='word_1_335' title='bbox 668 2559 774 2612; x_wconf 80' lang='lat' dir='ltr'><strong>Aut</strong></span> <span class='ocrx_word' id='word_1_336' title='bbox 801 2560 1029 2614; x_wconf 84' lang='lat' dir='ltr'><strong>ostende</strong></span> <span class='ocrx_word' id='word_1_337' title='bbox 1056 2561 1170 2613; x_wconf 72' lang='lat' dir='ltr'><strong>ha2c</strong></span> <span class='ocrx_word' id='word_1_338' title='bbox 1204 2574 1420 2629; x_wconf 88' lang='lat' dir='ltr'><strong>quoque</strong></span> <span class='ocrx_word' id='word_1_339' title='bbox 1449 2559 1545 2613; x_wconf 91' lang='lat' dir='ltr'><strong>tibi</strong></span> <span class='ocrx_word' id='word_1_340' title='bbox 1576 2575 1836 2615; x_wconf 89' lang='lat' dir='ltr'><strong>concessa</strong></span> <span class='ocrx_word' id='word_1_341' title='bbox 1871 2575 1902 2614; x_wconf 92' lang='lat' dir='ltr'><strong>a</strong></span> 
     </span>
    </p>
   </div>
   <div class='ocr_carea' id='block_1_43' title="bbox 342 2645 1904 2716">
    <p class='ocr_par' dir='ltr' id='par_1_43' title="bbox 342 2645 1904 2716">
     <span class='ocr_line' id='line_1_43' title="bbox 342 2645 1904 2716; baseline 0.001 -16"><span class='ocrx_word' id='word_1_342' title='bbox 342 2645 599 2702; x_wconf 87' lang='lat' dir='ltr'><strong>Creatore</strong></span> <span class='ocrx_word' id='word_1_343' title='bbox 657 2657 713 2702; x_wconf 93' lang='lat' dir='ltr'><strong>ut</strong></span> <span class='ocrx_word' id='word_1_344' title='bbox 737 2648 933 2709; x_wconf 81' lang='lat' dir='ltr'><strong>fodias,</strong></span> <span class='ocrx_word' id='word_1_345' title='bbox 966 2657 1018 2701; x_wconf 93' lang='lat' dir='ltr'><strong>et</strong></span> <span class='ocrx_word' id='word_1_346' title='bbox 1043 2648 1259 2701; x_wconf 88' lang='lat' dir='ltr'><strong>metalla</strong></span> <span class='ocrx_word' id='word_1_347' title='bbox 1292 2646 1577 2713; x_wconf 87' lang='lat' dir='ltr'><strong>scruteris,</strong></span> <span class='ocrx_word' id='word_1_348' title='bbox 1613 2654 1665 2700; x_wconf 88' lang='lat' dir='ltr'><strong>et</strong></span> <span class='ocrx_word' id='word_1_349' title='bbox 1684 2661 1746 2700; x_wconf 91' lang='lat' dir='ltr'><strong>ea</strong></span> <span class='ocrx_word' id='word_1_350' title='bbox 1781 2647 1904 2716; x_wconf 87' lang='lat' dir='ltr'><strong>igne</strong></span> 
     </span>
    </p>
   </div>
   <div class='ocr_carea' id='block_1_44' title="bbox 346 2738 1905 2810">
    <p class='ocr_par' dir='ltr' id='par_1_44' title="bbox 346 2738 1905 2810">
     <span class='ocr_line' id='line_1_44' title="bbox 346 2738 1905 2810; baseline 0.003 -20"><span class='ocrx_word' id='word_1_351' title='bbox 346 2738 561 2805; x_wconf 79' lang='lat' dir='ltr'><strong>fiindas,</strong></span> <span class='ocrx_word' id='word_1_352' title='bbox 590 2748 643 2793; x_wconf 92' lang='lat' dir='ltr'><strong>et</strong></span> <span class='ocrx_word' id='word_1_353' title='bbox 675 2753 975 2810; x_wconf 86' lang='lat' dir='ltr'><strong>congreges</strong></span> <span class='ocrx_word' id='word_1_354' title='bbox 1010 2753 1130 2808; x_wconf 75' lang='lat' dir='ltr'><strong>qua:</strong></span> <span class='ocrx_word' id='word_1_355' title='bbox 1158 2753 1267 2791; x_wconf 90' lang='lat' dir='ltr'><strong>non</strong></span> <span class='ocrx_word' id='word_1_356' title='bbox 1304 2738 1553 2808; x_wconf 87' lang='lat' dir='ltr'><strong>sparsisti</strong></span> <span class='ocrx_word' id='word_1_357' title='bbox 1582 2754 1599 2806; x_wconf 89' lang='lat'><strong>;</strong></span> <span class='ocrx_word' id='word_1_358' title='bbox 1639 2746 1732 2793; x_wconf 88' lang='lat' dir='ltr'><strong>aut</strong></span> <span class='ocrx_word' id='word_1_359' title='bbox 1788 2738 1905 2795; x_wconf 64' lang='lat' dir='ltr'><strong>haec</strong></span> 
     </span>
    </p>
   </div>
   <div class='ocr_carea' id='block_1_45' title="bbox 345 2826 1905 2900">
    <p class='ocr_par' dir='ltr' id='par_1_45' title="bbox 345 2826 1905 2900">
     <span class='ocr_line' id='line_1_45' title="bbox 345 2826 1905 2900; baseline 0.003 -19"><span class='ocrx_word' id='word_1_360' title='bbox 345 2828 579 2885; x_wconf 80' lang='lat' dir='ltr'><strong>fortasse</strong></span> <span class='ocrx_word' id='word_1_361' title='bbox 610 2829 742 2884; x_wconf 89' lang='lat' dir='ltr'><strong>nulli</strong></span> <span class='ocrx_word' id='word_1_362' title='bbox 766 2844 889 2885; x_wconf 88' lang='lat' dir='ltr'><strong>esse</strong></span> <span class='ocrx_word' id='word_1_363' title='bbox 922 2828 1136 2884; x_wconf 87' lang='lat' dir='ltr'><strong>crimini</strong></span> <span class='ocrx_word' id='word_1_364' title='bbox 1177 2826 1355 2883; x_wconf 77' lang='lat' dir='ltr'><strong>aﬂinia</strong></span> <span class='ocrx_word' id='word_1_365' title='bbox 1392 2829 1517 2900; x_wconf 86' lang='lat' dir='ltr'><strong>quis</strong></span> <span class='ocrx_word' id='word_1_366' title='bbox 1559 2830 1905 2886; x_wconf 80' lang='lat' dir='ltr'><strong>existimave-</strong></span> 
     </span>
    </p>
   </div>
   <div class='ocr_carea' id='block_1_46' title="bbox 344 2918 1904 2989">
    <p class='ocr_par' dir='ltr' id='par_1_46' title="bbox 344 2918 1904 2989">
     <span class='ocr_line' id='line_1_46' title="bbox 344 2918 1904 2989; baseline 0.003 -18"><span class='ocrx_word' id='word_1_367' title='bbox 344 2919 435 2982; x_wconf 76' lang='lat' dir='ltr'><strong>rit,</strong></span> <span class='ocrx_word' id='word_1_368' title='bbox 476 2919 555 2974; x_wconf 92' lang='lat' dir='ltr'><strong>sic</strong></span> <span class='ocrx_word' id='word_1_369' title='bbox 591 2918 686 2972; x_wconf 88' lang='lat' dir='ltr'><strong>tibi</strong></span> <span class='ocrx_word' id='word_1_370' title='bbox 734 2919 1022 2989; x_wconf 85' lang='lat' dir='ltr'><strong>pecuniam</strong></span> <span class='ocrx_word' id='word_1_371' title='bbox 1062 2932 1396 2989; x_wconf 77' lang='lat' dir='ltr'><strong>congregare</strong></span> <span class='ocrx_word' id='word_1_372' title='bbox 1435 2935 1500 2974; x_wconf 86' lang='lat' dir='ltr'><strong>ex</strong></span> <span class='ocrx_word' id='word_1_373' title='bbox 1532 2920 1764 2976; x_wconf 84' lang='lat' dir='ltr'><strong>metallis</strong></span> <span class='ocrx_word' id='word_1_374' title='bbox 1794 2932 1904 2977; x_wconf 87' lang='lat' dir='ltr'><strong>ter-</strong></span> 
     </span>
    </p>
   </div>
   <div class='ocr_carea' id='block_1_47' title="bbox 345 2980 1976 3085">
    <p class='ocr_par' dir='ltr' id='par_1_47' title="bbox 345 2980 1976 3085">
     <span class='ocr_line' id='line_1_47' title="bbox 345 2980 1976 3085; baseline 0.004 -23"><span class='ocrx_word' id='word_1_375' title='bbox 345 2980 464 3064; x_wconf 65' lang='lat' dir='ltr'><strong>rae?</strong></span> <span class='ocrx_word' id='word_1_376' title='bbox 496 3010 589 3065; x_wconf 89' lang='lat' dir='ltr'><strong>sed</strong></span> <span class='ocrx_word' id='word_1_377' title='bbox 618 2980 874 3079; x_wconf 77' lang='lat' dir='ltr'><strong>quoniam</strong></span> <span class='ocrx_word' id='word_1_378' title='bbox 904 3008 1120 3065; x_wconf 85' lang='lat' dir='ltr'><strong>additur</strong></span> <span class='ocrx_word' id='word_1_379' title='bbox 1148 2980 1384 3065; x_wconf 60' lang='lat' dir='ltr'><strong>orationi</strong></span> <span class='ocrx_word' id='word_1_380' title='bbox 1413 3027 1599 3082; x_wconf 88' lang='lat' dir='ltr'><strong>regum</strong></span> <span class='ocrx_word' id='word_1_381' title='bbox 1631 3022 1686 3069; x_wconf 86' lang='lat' dir='ltr'><strong>et</strong></span> <span class='ocrx_word' id='word_1_382' title='bbox 1728 3014 1907 3085; x_wconf 86' lang='lat' dir='ltr'><strong>regio-</strong></span> <span class='ocrx_word' id='word_1_383' title='bbox 1932 2980 1976 3040; x_wconf 64' lang='grc' dir='ltr'><strong>θ</strong></span> 
     </span>
    </p>
   </div>
   <div class='ocr_carea' id='block_1_48' title="bbox 346 3101 1910 3173">
    <p class='ocr_par' dir='ltr' id='par_1_48' title="bbox 346 3101 1910 3173">
     <span class='ocr_line' id='line_1_48' title="bbox 346 3101 1910 3173; baseline 0.004 -19"><span class='ocrx_word' id='word_1_384' title='bbox 346 3114 473 3155; x_wconf 91' lang='lat' dir='ltr'><strong>num</strong></span> <span class='ocrx_word' id='word_1_385' title='bbox 502 3101 709 3170; x_wconf 88' lang='lat' dir='ltr'><strong>copias,</strong></span> <span class='ocrx_word' id='word_1_386' title='bbox 754 3116 908 3155; x_wconf 90' lang='lat' dir='ltr'><strong>mens</strong></span> <span class='ocrx_word' id='word_1_387' title='bbox 936 3101 1302 3171; x_wconf 84' lang='lat' dir='ltr'><strong>congregandi</strong></span> <span class='ocrx_word' id='word_1_388' title='bbox 1349 3116 1457 3156; x_wconf 92' lang='lat' dir='ltr'><strong>non</strong></span> <span class='ocrx_word' id='word_1_389' title='bbox 1497 3110 1676 3173; x_wconf 88' lang='lat' dir='ltr'><strong>potest</strong></span> <span class='ocrx_word' id='word_1_390' title='bbox 1716 3119 1837 3160; x_wconf 83' lang='lat' dir='ltr'><strong>esse</strong></span> <span class='ocrx_word' id='word_1_391' title='bbox 1876 3120 1910 3160; x_wconf 86' lang='lat' dir='ltr'><strong>a</strong></span> 
     </span>
    </p>
   </div>
   <div class='ocr_carea' id='block_1_49' title="bbox 346 3191 1909 3266">
    <p class='ocr_par' dir='ltr' id='par_1_49' title="bbox 346 3191 1909 3266">
     <span class='ocr_line' id='line_1_49' title="bbox 346 3191 1909 3266; baseline 0.004 -20"><span class='ocrx_word' id='word_1_392' title='bbox 346 3191 504 3261; x_wconf 90' lang='lat' dir='ltr'><strong>culpa</strong></span> <span class='ocrx_word' id='word_1_393' title='bbox 537 3192 814 3246; x_wconf 89' lang='lat' dir='ltr'><strong>immunis.</strong></span> <span class='ocrx_word' id='word_1_394' title='bbox 837 3191 1120 3262; x_wconf 82' lang='lat' dir='ltr'><strong>Tanquam</strong></span> <span class='ocrx_word' id='word_1_395' title='bbox 1159 3192 1305 3247; x_wconf 88' lang='lat' dir='ltr'><strong>enim</strong></span> <span class='ocrx_word' id='word_1_396' title='bbox 1340 3193 1502 3263; x_wconf 75' lang='lat' dir='ltr'><strong>regiae</strong></span> <span class='ocrx_word' id='word_1_397' title='bbox 1550 3194 1714 3249; x_wconf 83' lang='lat' dir='ltr'><strong>liceat</strong></span> <span class='ocrx_word' id='word_1_398' title='bbox 1757 3203 1909 3266; x_wconf 90' lang='lat' dir='ltr'><strong>pote-</strong></span> 
     </span>
    </p>
   </div>
   <div class='ocr_carea' id='block_1_50' title="bbox 344 3280 1905 3354">
    <p class='ocr_par' dir='ltr' id='par_1_50' title="bbox 344 3280 1905 3354">
     <span class='ocr_line' id='line_1_50' title="bbox 344 3280 1905 3354; baseline 0.003 -17"><span class='ocrx_word' id='word_1_399' title='bbox 344 3280 474 3337; x_wconf 78' lang='lat' dir='ltr'><strong>stati</strong></span> <span class='ocrx_word' id='word_1_400' title='bbox 502 3296 568 3334; x_wconf 84' lang='lat' dir='ltr'><strong>ex</strong></span> <span class='ocrx_word' id='word_1_401' title='bbox 617 3281 931 3351; x_wconf 79' lang='lat' dir='ltr'><strong>regionibus</strong></span> <span class='ocrx_word' id='word_1_402' title='bbox 980 3294 1309 3352; x_wconf 81' lang='lat' dir='ltr'><strong>congregare</strong></span> <span class='ocrx_word' id='word_1_403' title='bbox 1363 3283 1575 3353; x_wconf 88' lang='lat' dir='ltr'><strong>copiam</strong></span> <span class='ocrx_word' id='word_1_404' title='bbox 1618 3285 1905 3354; x_wconf 64' lang='lat' dir='ltr'><strong>pecunia):</strong></span> 
     </span>
    </p>
   </div>
   <div class='ocr_carea' id='block_1_51' title="bbox 350 3371 1906 3446">
    <p class='ocr_par' dir='ltr' id='par_1_51' title="bbox 350 3371 1906 3446">
     <span class='ocr_line' id='line_1_51' title="bbox 350 3371 1906 3446; baseline 0.003 -20"><span class='ocrx_word' id='word_1_405' title='bbox 350 3372 633 3442; x_wconf 83' lang='lat' dir='ltr'><strong>vectigalia</strong></span> <span class='ocrx_word' id='word_1_406' title='bbox 681 3373 889 3429; x_wconf 87' lang='lat' dir='ltr'><strong>scilicet</strong></span> <span class='ocrx_word' id='word_1_407' title='bbox 916 3371 1216 3441; x_wconf 89' lang='lat' dir='ltr'><strong>imponere,</strong></span> <span class='ocrx_word' id='word_1_408' title='bbox 1250 3372 1491 3429; x_wconf 84' lang='lat' dir='ltr'><strong>decimas</strong></span> <span class='ocrx_word' id='word_1_409' title='bbox 1543 3375 1775 3445; x_wconf 86' lang='lat' dir='ltr'><strong>exigere,</strong></span> <span class='ocrx_word' id='word_1_410' title='bbox 1811 3391 1906 3446; x_wconf 88' lang='lat' dir='ltr'><strong>pe-</strong></span> 
     </span>
    </p>
   </div>
   <div class='ocr_carea' id='block_1_52' title="bbox 347 3463 1912 3537">
    <p class='ocr_par' dir='ltr' id='par_1_52' title="bbox 347 3463 1912 3537">
     <span class='ocr_line' id='line_1_52' title="bbox 347 3463 1912 3537; baseline 0.004 -21"><span class='ocrx_word' id='word_1_411' title='bbox 347 3464 564 3517; x_wconf 86' lang='lat' dir='ltr'><strong>cuniam</strong></span> <span class='ocrx_word' id='word_1_412' title='bbox 604 3463 883 3528; x_wconf 81' lang='lat' dir='ltr'><strong>conferre,</strong></span> <span class='ocrx_word' id='word_1_413' title='bbox 930 3479 1026 3519; x_wconf 89' lang='lat' dir='ltr'><strong>cos</strong></span> <span class='ocrx_word' id='word_1_414' title='bbox 1078 3464 1173 3535; x_wconf 89' lang='lat' dir='ltr'><strong>qui</strong></span> <span class='ocrx_word' id='word_1_415' title='bbox 1233 3464 1353 3534; x_wconf 89' lang='lat' dir='ltr'><strong>ejus</strong></span> <span class='ocrx_word' id='word_1_416' title='bbox 1390 3464 1621 3535; x_wconf 85' lang='lat' dir='ltr'><strong>imperio</strong></span> <span class='ocrx_word' id='word_1_417' title='bbox 1680 3465 1912 3537; x_wconf 88' lang='lat' dir='ltr'><strong>subjecti</strong></span> 
     </span>
    </p>
   </div>
   <div class='ocr_carea' id='block_1_53' title="bbox 348 3553 1912 3626">
    <p class='ocr_par' dir='ltr' id='par_1_53' title="bbox 348 3553 1912 3626">
     <span class='ocr_line' id='line_1_53' title="bbox 348 3553 1912 3626; baseline 0.003 -18"><span class='ocrx_word' id='word_1_418' title='bbox 348 3554 498 3616; x_wconf 68' lang='lat' dir='ltr'><strong>Sunt,</strong></span> <span class='ocrx_word' id='word_1_419' title='bbox 534 3569 747 3625; x_wconf 88' lang='lat' dir='ltr'><strong>cogere,</strong></span> <span class='ocrx_word' id='word_1_420' title='bbox 780 3554 861 3609; x_wconf 91' lang='lat' dir='ltr'><strong>sic</strong></span> <span class='ocrx_word' id='word_1_421' title='bbox 896 3553 1029 3609; x_wconf 90' lang='lat' dir='ltr'><strong>dicit</strong></span> <span class='ocrx_word' id='word_1_422' title='bbox 1059 3570 1118 3610; x_wconf 87' lang='lat' dir='ltr'><strong>se</strong></span> <span class='ocrx_word' id='word_1_423' title='bbox 1151 3569 1345 3610; x_wconf 91' lang='lat' dir='ltr'><strong>aurum</strong></span> <span class='ocrx_word' id='word_1_424' title='bbox 1371 3559 1424 3610; x_wconf 85' lang='lat' dir='ltr'><strong>et</strong></span> <span class='ocrx_word' id='word_1_425' title='bbox 1462 3563 1746 3626; x_wconf 82' lang='lat' dir='ltr'><strong>argentum</strong></span> <span class='ocrx_word' id='word_1_426' title='bbox 1780 3571 1912 3612; x_wconf 89' lang='lat' dir='ltr'><strong>con-</strong></span> 
     </span>
    </p>
   </div>
   <div class='ocr_carea' id='block_1_54' title="bbox 349 3644 1910 3726">
    <p class='ocr_par' dir='ltr' id='par_1_54' title="bbox 349 3644 1910 3726">
     <span class='ocr_line' id='line_1_54' title="bbox 349 3644 1910 3726; baseline 0.005 -30"><span class='ocrx_word' id='word_1_427' title='bbox 349 3660 622 3715; x_wconf 73' lang='lat' dir='ltr'><strong>gregasse.</strong></span> <span class='ocrx_word' id='word_1_428' title='bbox 650 3644 917 3699; x_wconf 80' lang='lat' dir='ltr'><strong>Caeterum</strong></span> <span class='ocrx_word' id='word_1_429' title='bbox 953 3658 1048 3700; x_wconf 87' lang='lat' dir='ltr'><strong>seu</strong></span> <span class='ocrx_word' id='word_1_430' title='bbox 1080 3644 1182 3710; x_wconf 82' lang='lat' dir='ltr'><strong>sic,</strong></span> <span class='ocrx_word' id='word_1_431' title='bbox 1219 3660 1314 3700; x_wconf 90' lang='lat' dir='ltr'><strong>seu</strong></span> <span class='ocrx_word' id='word_1_432' title='bbox 1344 3645 1501 3700; x_wconf 88' lang='lat' dir='ltr'><strong>aliter</strong></span> <span class='ocrx_word' id='word_1_433' title='bbox 1523 3661 1581 3701; x_wconf 90' lang='lat' dir='ltr'><strong>se</strong></span> <span class='ocrx_word' id='word_1_434' title='bbox 1609 3645 1740 3726; x_wconf 58' lang='lat' dir='ltr'><strong>dicit</strong></span> <span class='ocrx_word' id='word_1_435' title='bbox 1774 3663 1910 3703; x_wconf 89' lang='lat' dir='ltr'><strong>con-</strong></span> 
     </span>
    </p>
   </div>
   <div class='ocr_carea' id='block_1_55' title="bbox 349 3734 1910 3806">
    <p class='ocr_par' dir='ltr' id='par_1_55' title="bbox 349 3734 1910 3806">
     <span class='ocr_line' id='line_1_55' title="bbox 349 3734 1910 3806; baseline 0.003 -18"><span class='ocrx_word' id='word_1_436' title='bbox 349 3750 626 3805; x_wconf 71' lang='lat' dir='ltr'><strong>gregasse,</strong></span> <span class='ocrx_word' id='word_1_437' title='bbox 652 3735 902 3790; x_wconf 87' lang='lat' dir='ltr'><strong>lubenter</strong></span> <span class='ocrx_word' id='word_1_438' title='bbox 925 3734 1119 3791; x_wconf 90' lang='lat' dir='ltr'><strong>scirem</strong></span> <span class='ocrx_word' id='word_1_439' title='bbox 1155 3735 1285 3806; x_wconf 92' lang='lat' dir='ltr'><strong>quid</strong></span> <span class='ocrx_word' id='word_1_440' title='bbox 1334 3737 1685 3792; x_wconf 90' lang='lat' dir='ltr'><strong>emolumenti</strong></span> <span class='ocrx_word' id='word_1_441' title='bbox 1717 3736 1910 3799; x_wconf 84' lang='lat' dir='ltr'><strong>redibit</strong></span> 
     </span>
    </p>
   </div>
   <div class='ocr_carea' id='block_1_56' title="bbox 348 3824 1912 3898">
    <p class='ocr_par' dir='ltr' id='par_1_56' title="bbox 348 3824 1912 3898">
     <span class='ocr_line' id='line_1_56' title="bbox 348 3824 1912 3898; baseline 0.001 -17"><span class='ocrx_word' id='word_1_442' title='bbox 348 3827 415 3881; x_wconf 84' lang='lat' dir='ltr'><strong>ad</strong></span> <span class='ocrx_word' id='word_1_443' title='bbox 445 3843 568 3881; x_wconf 88' lang='lat' dir='ltr'><strong>eum</strong></span> <span class='ocrx_word' id='word_1_444' title='bbox 606 3827 695 3896; x_wconf 91' lang='lat' dir='ltr'><strong>qui</strong></span> <span class='ocrx_word' id='word_1_445' title='bbox 725 3827 866 3882; x_wconf 90' lang='lat' dir='ltr'><strong>hanc</strong></span> <span class='ocrx_word' id='word_1_446' title='bbox 905 3834 1200 3896; x_wconf 75' lang='lat' dir='ltr'><strong>congregat</strong></span> <span class='ocrx_word' id='word_1_447' title='bbox 1258 3827 1565 3880; x_wconf 85' lang='lat' dir='ltr'><strong>materiam.</strong></span> <span class='ocrx_word' id='word_1_448' title='bbox 1617 3824 1912 3898; x_wconf 87' lang='lat' dir='ltr'><strong>Fingamus</strong></span> 
     </span>
    </p>
   </div>
   <div class='ocr_carea' id='block_1_57' title="bbox 349 3915 1912 3984">
    <p class='ocr_par' dir='ltr' id='par_1_57' title="bbox 349 3915 1912 3984">
     <span class='ocr_line' id='line_1_57' title="bbox 349 3915 1912 3984; baseline 0 -14"><span class='ocrx_word' id='word_1_449' title='bbox 349 3931 469 3970; x_wconf 89' lang='lat' dir='ltr'><strong>eam</strong></span> <span class='ocrx_word' id='word_1_450' title='bbox 499 3931 607 3971; x_wconf 88' lang='lat' dir='ltr'><strong>non</strong></span> <span class='ocrx_word' id='word_1_451' title='bbox 635 3930 732 3984; x_wconf 88' lang='lat' dir='ltr'><strong>per</strong></span> <span class='ocrx_word' id='word_1_452' title='bbox 770 3916 973 3969; x_wconf 85' lang='lat' dir='ltr'><strong>minam</strong></span> <span class='ocrx_word' id='word_1_453' title='bbox 1018 3924 1111 3969; x_wconf 91' lang='lat' dir='ltr'><strong>aut</strong></span> <span class='ocrx_word' id='word_1_454' title='bbox 1158 3915 1472 3969; x_wconf 90' lang='lat' dir='ltr'><strong>drachmam</strong></span> <span class='ocrx_word' id='word_1_455' title='bbox 1506 3922 1599 3970; x_wconf 83' lang='lat' dir='ltr'><strong>aut</strong></span> <span class='ocrx_word' id='word_1_456' title='bbox 1651 3916 1912 3970; x_wconf 89' lang='lat' dir='ltr'><strong>talentum</strong></span> 
     </span>
    </p>
   </div>
   <div class='ocr_carea' id='block_1_58' title="bbox 352 4005 1913 4076">
    <p class='ocr_par' dir='ltr' id='par_1_58' title="bbox 352 4005 1913 4076">
     <span class='ocr_line' id='line_1_58' title="bbox 352 4005 1913 4076; baseline 0.003 -19"><span class='ocrx_word' id='word_1_457' title='bbox 352 4006 537 4061; x_wconf 69' lang='lat' dir='ltr'><strong>venire</strong></span> <span class='ocrx_word' id='word_1_458' title='bbox 565 4006 630 4059; x_wconf 91' lang='lat' dir='ltr'><strong>ad</strong></span> <span class='ocrx_word' id='word_1_459' title='bbox 657 4020 752 4060; x_wconf 90' lang='lat' dir='ltr'><strong>eos</strong></span> <span class='ocrx_word' id='word_1_460' title='bbox 795 4007 885 4076; x_wconf 86' lang='lat' dir='ltr'><strong>qui</strong></span> <span class='ocrx_word' id='word_1_461' title='bbox 920 4012 1049 4060; x_wconf 87' lang='lat' dir='ltr'><strong>sunt</strong></span> <span class='ocrx_word' id='word_1_462' title='bbox 1081 4005 1265 4075; x_wconf 88' lang='lat' dir='ltr'><strong>cupidi</strong></span> <span class='ocrx_word' id='word_1_463' title='bbox 1296 4007 1565 4075; x_wconf 79' lang='lat' dir='ltr'><strong>pecuniae,</strong></span> <span class='ocrx_word' id='word_1_464' title='bbox 1602 4007 1697 4064; x_wconf 89' lang='lat' dir='ltr'><strong>sed</strong></span> <span class='ocrx_word' id='word_1_465' title='bbox 1719 4007 1801 4063; x_wconf 88' lang='lat' dir='ltr'><strong>eis</strong></span> <span class='ocrx_word' id='word_1_466' title='bbox 1835 4008 1913 4063; x_wconf 90' lang='lat' dir='ltr'><strong>si-</strong></span> 
     </span>
    </p>
   </div>
   <div class='ocr_carea' id='block_1_59' title="bbox 353 4093 1913 4164">
    <p class='ocr_par' dir='ltr' id='par_1_59' title="bbox 353 4093 1913 4164">
     <span class='ocr_line' id='line_1_59' title="bbox 353 4093 1913 4164; baseline 0.001 -15"><span class='ocrx_word' id='word_1_467' title='bbox 353 4096 466 4149; x_wconf 86' lang='lat' dir='ltr'><strong>mul</strong></span> <span class='ocrx_word' id='word_1_468' title='bbox 496 4103 717 4164; x_wconf 88' lang='lat' dir='ltr'><strong>repente</strong></span> <span class='ocrx_word' id='word_1_469' title='bbox 742 4094 924 4148; x_wconf 90' lang='lat' dir='ltr'><strong>omnia</strong></span> <span class='ocrx_word' id='word_1_470' title='bbox 956 4093 1099 4149; x_wconf 82' lang='lat' dir='ltr'><strong>facta</strong></span> <span class='ocrx_word' id='word_1_471' title='bbox 1131 4109 1255 4150; x_wconf 89' lang='lat' dir='ltr'><strong>esse</strong></span> <span class='ocrx_word' id='word_1_472' title='bbox 1290 4109 1477 4159; x_wconf 85' lang='lat' dir='ltr'><strong>aurea,</strong></span> <span class='ocrx_word' id='word_1_473' title='bbox 1508 4101 1740 4160; x_wconf 89' lang='lat' dir='ltr'><strong>terram,</strong></span> <span class='ocrx_word' id='word_1_474' title='bbox 1789 4111 1913 4151; x_wconf 85' lang='lat' dir='ltr'><strong>are-</strong></span> 
     </span>
    </p>
   </div>
   <div class='ocr_carea' id='block_1_60' title="bbox 353 4186 1915 4255">
    <p class='ocr_par' dir='ltr' id='par_1_60' title="bbox 353 4186 1915 4255">
     <span class='ocr_line' id='line_1_60' title="bbox 353 4186 1915 4255; baseline 0.001 -15"><span class='ocrx_word' id='word_1_475' title='bbox 353 4198 501 4247; x_wconf 84' lang='lat' dir='ltr'><strong>nam.</strong></span> <span class='ocrx_word' id='word_1_476' title='bbox 538 4192 768 4252; x_wconf 86' lang='lat' dir='ltr'><strong>montes,</strong></span> <span class='ocrx_word' id='word_1_477' title='bbox 795 4199 1037 4255; x_wconf 83' lang='lat' dir='ltr'><strong>campos,</strong></span> <span class='ocrx_word' id='word_1_478' title='bbox 1061 4186 1255 4251; x_wconf 84' lang='lat' dir='ltr'><strong>saltus,</strong></span> <span class='ocrx_word' id='word_1_479' title='bbox 1287 4200 1554 4255; x_wconf 86' lang='lat' dir='ltr'><strong>ponamus</strong></span> <span class='ocrx_word' id='word_1_480' title='bbox 1595 4187 1778 4242; x_wconf 90' lang='lat' dir='ltr'><strong>omnia</strong></span> <span class='ocrx_word' id='word_1_481' title='bbox 1831 4202 1915 4242; x_wconf 79' lang='lat' dir='ltr'><strong>re-</strong></span> 
     </span>
    </p>
   </div>
   <div class='ocr_carea' id='block_1_61' title="bbox 2005 1741 3580 1821">
    <p class='ocr_par' dir='ltr' id='par_1_61' title="bbox 2005 1741 3580 1821">
     <span class='ocr_line' id='line_1_61' title="bbox 2005 1741 3580 1821; baseline 0.008 -26"><span class='ocrx_word' id='word_1_482' title='bbox 2005 1741 2413 1814; x_wconf 82' lang='grc' dir='ltr'>ἀμαρτημάτων</span> <span class='ocrx_word' id='word_1_483' title='bbox 2459 1747 2491 1817; x_wconf 86' lang='grc' dir='ltr'>ὴ</span> <span class='ocrx_word' id='word_1_484' title='bbox 2532 1745 2913 1817; x_wconf 72' lang='grc' dir='ltr'><strong>ἐξαγόρευσις⁸</strong></span> <span class='ocrx_word' id='word_1_485' title='bbox 2955 1749 3052 1820; x_wconf 76' lang='grc' dir='ltr'><strong>βοᾷ</strong></span> <span class='ocrx_word' id='word_1_486' title='bbox 3083 1750 3191 1821; x_wconf 82' lang='grc' dir='ltr'><strong>γάρ</strong></span> <span class='ocrx_word' id='word_1_487' title='bbox 3222 1753 3345 1806; x_wconf 85' lang='grc' dir='ltr'>καθ’</span> <span class='ocrx_word' id='word_1_488' title='bbox 3388 1754 3580 1808; x_wconf 79' lang='grc' dir='ltr'>ἑαυτοῦ</span> 
     </span>
    </p>
   </div>
   <div class='ocr_carea' id='block_1_62' title="bbox 2001 1829 3580 1914">
    <p class='ocr_par' dir='ltr' id='par_1_62' title="bbox 2001 1829 3580 1914">
     <span class='ocr_line' id='line_1_62' title="bbox 2001 1829 3580 1914; baseline 0.01 -34"><span class='ocrx_word' id='word_1_489' title='bbox 2001 1829 2100 1900; x_wconf 81' lang='grc' dir='ltr'>τὴν</span> <span class='ocrx_word' id='word_1_490' title='bbox 2129 1829 2346 1885; x_wconf 84' lang='grc' dir='ltr'>πάντων</span> <span class='ocrx_word' id='word_1_491' title='bbox 2390 1832 2498 1888; x_wconf 85' lang='grc' dir='ltr'><strong>τῶν</strong></span> <span class='ocrx_word' id='word_1_492' title='bbox 2551 1836 2735 1890; x_wconf 85' lang='grc' dir='ltr'>κακῶν</span> <span class='ocrx_word' id='word_1_493' title='bbox 2761 1838 2936 1908; x_wconf 77' lang='grc' dir='ltr'>ῥίζαν,</span> <span class='ocrx_word' id='word_1_494' title='bbox 2977 1839 3098 1909; x_wconf 72' lang='grc' dir='ltr'>ἥτις</span> <span class='ocrx_word' id='word_1_495' title='bbox 3135 1841 3281 1894; x_wconf 77' lang='grc' dir='ltr'>ἐστὶν</span> <span class='ocrx_word' id='word_1_496' title='bbox 3314 1843 3348 1913; x_wconf 84' lang='grc' dir='ltr'><strong>ή</strong></span> <span class='ocrx_word' id='word_1_497' title='bbox 3389 1843 3580 1914; x_wconf 82' lang='grc' dir='ltr'>φιλαρο</span> 
     </span>
    </p>
   </div>
   <div class='ocr_carea' id='block_1_63' title="bbox 2002 1922 3581 2005">
    <p class='ocr_par' dir='ltr' id='par_1_63' title="bbox 2002 1922 3581 2005">
     <span class='ocr_line' id='line_1_63' title="bbox 2002 1922 3581 2005; baseline 0.009 -33"><span class='ocrx_word' id='word_1_498' title='bbox 2002 1922 2185 1992; x_wconf 82' lang='grc' dir='ltr'>γυρία.</span> <span class='ocrx_word' id='word_1_499' title='bbox 2212 1923 2320 1977; x_wconf 82' lang='grc' dir='ltr'>Καί</span> <span class='ocrx_word' id='word_1_500' title='bbox 2348 1942 2512 1996; x_wconf 82' lang='grc' dir='ltr'>φησιν</span> <span class='ocrx_word' id='word_1_501' title='bbox 2543 1928 2635 1981; x_wconf 79' lang='grc' dir='ltr'>ἐπὶ</span> <span class='ocrx_word' id='word_1_502' title='bbox 2664 1927 2862 1994; x_wconf 77' lang='grc' dir='ltr'>λέξεως</span> <span class='ocrx_word' id='word_1_503' title='bbox 2887 1929 3078 1994; x_wconf 81' lang='grc' dir='ltr'>οὕτως·</span> <span class='ocrx_word' id='word_1_504' title='bbox 3112 1950 3129 1983; x_wconf 80' lang='grc' dir='ltr'><strong>ι</strong></span> <span class='ocrx_word' id='word_1_505' title='bbox 3150 1931 3467 2003; x_wconf 78' lang='grc' dir='ltr'>Συνήγαγόν</span> <span class='ocrx_word' id='word_1_506' title='bbox 3497 1951 3581 2005; x_wconf 87' lang='grc' dir='ltr'><strong>μοι</strong></span> 
     </span>
    </p>
   </div>
   <div class='ocr_carea' id='block_1_64' title="bbox 2002 2015 3621 2095">
    <p class='ocr_par' dir='ltr' id='par_1_64' title="bbox 2002 2015 3621 2095">
     <span class='ocr_line' id='line_1_64' title="bbox 2002 2015 3621 2095; baseline 0.006 -27"><span class='ocrx_word' id='word_1_507' title='bbox 2002 2015 2093 2069; x_wconf 85' lang='grc' dir='ltr'><strong>καί</strong></span> <span class='ocrx_word' id='word_1_508' title='bbox 2117 2033 2181 2085; x_wconf 88' lang='grc' dir='ltr'>γε</span> <span class='ocrx_word' id='word_1_509' title='bbox 2207 2015 2466 2087; x_wconf 83' lang='grc' dir='ltr'>ἀργύριον</span> <span class='ocrx_word' id='word_1_510' title='bbox 2492 2016 2586 2070; x_wconf 90' lang='grc' dir='ltr'><strong>καί</strong></span> <span class='ocrx_word' id='word_1_511' title='bbox 2612 2036 2674 2088; x_wconf 88' lang='grc' dir='ltr'><strong>γε</strong></span> <span class='ocrx_word' id='word_1_512' title='bbox 2706 2017 2943 2090; x_wconf 87' lang='grc' dir='ltr'>χρυσίον.</span> <span class='ocrx_word' id='word_1_513' title='bbox 2967 2039 2986 2072; x_wconf 74' lang='grc' dir='ltr'><strong>ι</strong></span> <span class='ocrx_word' id='word_1_514' title='bbox 3017 2019 3083 2072; x_wconf 88' lang='grc' dir='ltr'>Τί</span> <span class='ocrx_word' id='word_1_515' title='bbox 3108 2020 3217 2092; x_wconf 86' lang='grc' dir='ltr'>γὰρ</span> <span class='ocrx_word' id='word_1_516' title='bbox 3245 2019 3490 2093; x_wconf 75' lang='grc' dir='ltr'>ἐλύπησε</span> <span class='ocrx_word' id='word_1_517' title='bbox 3517 2026 3580 2095; x_wconf 75' lang='grc' dir='ltr'>τῇ</span> <span class='ocrx_word' id='word_1_518' title='bbox 3616 2018 3621 2023; x_wconf 61' lang='grc'>’</span> 
     </span>
    </p>
   </div>
   <div class='ocr_carea' id='block_1_65' title="bbox 2001 2109 3582 2186">
    <p class='ocr_par' dir='ltr' id='par_1_65' title="bbox 2001 2109 3582 2186">
     <span class='ocr_line' id='line_1_65' title="bbox 2001 2109 3582 2186; baseline 0.003 -23"><span class='ocrx_word' id='word_1_519' title='bbox 2001 2112 2071 2182; x_wconf 80' lang='grc' dir='ltr'>γῇ</span> <span class='ocrx_word' id='word_1_520' title='bbox 2107 2111 2582 2181; x_wconf 80' lang='grc' dir='ltr'>καταμεμιγμένον</span> <span class='ocrx_word' id='word_1_521' title='bbox 2636 2109 2699 2164; x_wconf 80' lang='grc' dir='ltr'>τὸ</span> <span class='ocrx_word' id='word_1_522' title='bbox 2743 2109 2984 2182; x_wconf 85' lang='grc' dir='ltr'>χρυσίον,</span> <span class='ocrx_word' id='word_1_523' title='bbox 3030 2113 3302 2176; x_wconf 85' lang='grc' dir='ltr'>κάκείνοις</span> <span class='ocrx_word' id='word_1_524' title='bbox 3350 2117 3582 2186; x_wconf 78' lang='grc' dir='ltr'>ἐκκεχυ-</span> 
     </span>
    </p>
   </div>
   <div class='ocr_carea' id='block_1_66' title="bbox 2005 2198 3580 2276">
    <p class='ocr_par' dir='ltr' id='par_1_66' title="bbox 2005 2198 3580 2276">
     <span class='ocr_line' id='line_1_66' title="bbox 2005 2198 3580 2276; baseline 0.004 -23"><span class='ocrx_word' id='word_1_525' title='bbox 2005 2200 2162 2270; x_wconf 83' lang='grc' dir='ltr'>μένον</span> <span class='ocrx_word' id='word_1_526' title='bbox 2204 2203 2315 2263; x_wconf 81' lang='grc' dir='ltr'>τοῖς</span> <span class='ocrx_word' id='word_1_527' title='bbox 2351 2201 2556 2265; x_wconf 87' lang='grc' dir='ltr'>τόποις,</span> <span class='ocrx_word' id='word_1_528' title='bbox 2588 2198 2670 2265; x_wconf 83' lang='grc' dir='ltr'><strong>οἷς</strong></span> <span class='ocrx_word' id='word_1_529' title='bbox 2706 2200 2765 2268; x_wconf 73' lang='grc' dir='ltr'>ἐξ</span> <span class='ocrx_word' id='word_1_530' title='bbox 2806 2202 2984 2273; x_wconf 81' lang='grc' dir='ltr'>ἀρχῆς</span> <span class='ocrx_word' id='word_1_531' title='bbox 3021 2203 3236 2275; x_wconf 77' lang='grc' dir='ltr'>ὲνετέθη</span> <span class='ocrx_word' id='word_1_532' title='bbox 3285 2205 3445 2276; x_wconf 76' lang='grc' dir='ltr'>παρὰ</span> <span class='ocrx_word' id='word_1_533' title='bbox 3492 2206 3580 2259; x_wconf 79' lang='grc' dir='ltr'>τοῦ</span> 
     </span>
    </p>
   </div>
   <div class='ocr_carea' id='block_1_67' title="bbox 2002 2289 3582 2365">
    <p class='ocr_par' dir='ltr' id='par_1_67' title="bbox 2002 2289 3582 2365">
     <span class='ocr_line' id='line_1_67' title="bbox 2002 2289 3582 2365; baseline 0.003 -20"><span class='ocrx_word' id='word_1_534' title='bbox 2002 2290 2316 2356; x_wconf 81' lang='grc' dir='ltr'>κτίσαντος;</span> <span class='ocrx_word' id='word_1_535' title='bbox 2369 2290 2434 2345; x_wconf 88' lang='grc' dir='ltr'>Τί</span> <span class='ocrx_word' id='word_1_536' title='bbox 2489 2291 2704 2364; x_wconf 82' lang='grc' dir='ltr'>ὀφειλήν</span> <span class='ocrx_word' id='word_1_537' title='bbox 2753 2307 2835 2345; x_wconf 87' lang='grc' dir='ltr'><strong>σοι</strong></span> <span class='ocrx_word' id='word_1_538' title='bbox 2886 2289 3045 2346; x_wconf 89' lang='grc' dir='ltr'>πλέον</span> <span class='ocrx_word' id='word_1_539' title='bbox 3096 2294 3225 2365; x_wconf 73' lang='grc' dir='ltr'>περὶ</span> <span class='ocrx_word' id='word_1_540' title='bbox 3272 2295 3406 2359; x_wconf 81' lang='grc' dir='ltr'>τοὺς</span> <span class='ocrx_word' id='word_1_541' title='bbox 3452 2313 3582 2365; x_wconf 81' lang='grc' dir='ltr'>καρ-</span> 
     </span>
    </p>
   </div>
   <div class='ocr_carea' id='block_1_68' title="bbox 2003 2380 3582 2458">
    <p class='ocr_par' dir='ltr' id='par_1_68' title="bbox 2003 2380 3582 2458">
     <span class='ocr_line' id='line_1_68' title="bbox 2003 2380 3582 2458; baseline 0.003 -23"><span class='ocrx_word' id='word_1_542' title='bbox 2003 2383 2137 2447; x_wconf 72' lang='grc' dir='ltr'>ποὺς</span> <span class='ocrx_word' id='word_1_543' title='bbox 2168 2381 2268 2453; x_wconf 79' lang='grc' dir='ltr'>τῆς</span> <span class='ocrx_word' id='word_1_544' title='bbox 2299 2383 2401 2452; x_wconf 84' lang='grc' dir='ltr'>γῆς</span> <span class='ocrx_word' id='word_1_545' title='bbox 2440 2380 2917 2455; x_wconf 72' lang='grc' dir='ltr'>δ’δημιουργήσας</span> <span class='ocrx_word' id='word_1_546' title='bbox 2973 2385 3263 2454; x_wconf 79' lang='grc' dir='ltr'>ἐποίησεν;</span> <span class='ocrx_word' id='word_1_547' title='bbox 3313 2386 3393 2440; x_wconf 77' lang='grc' dir='ltr'><strong>Οὐ</strong></span> <span class='ocrx_word' id='word_1_548' title='bbox 3451 2387 3582 2458; x_wconf 85' lang='grc' dir='ltr'>μόνα</span> 
     </span>
    </p>
   </div>
   <div class='ocr_carea' id='block_1_69' title="bbox 2006 2469 3581 2549">
    <p class='ocr_par' dir='ltr' id='par_1_69' title="bbox 2006 2469 3581 2549">
     <span class='ocr_line' id='line_1_69' title="bbox 2006 2469 3581 2549; baseline 0.004 -26"><span class='ocrx_word' id='word_1_549' title='bbox 2006 2487 2087 2523; x_wconf 88' lang='grc' dir='ltr'><strong>σοι</strong></span> <span class='ocrx_word' id='word_1_550' title='bbox 2154 2469 2224 2523; x_wconf 89' lang='grc' dir='ltr'><strong>τά</strong></span> <span class='ocrx_word' id='word_1_551' title='bbox 2293 2471 2563 2542; x_wconf 82' lang='grc' dir='ltr'>ἀκρόδρυα</span> <span class='ocrx_word' id='word_1_552' title='bbox 2638 2474 2730 2526; x_wconf 77' lang='grc' dir='ltr'>καὶ</span> <span class='ocrx_word' id='word_1_553' title='bbox 2783 2474 2854 2528; x_wconf 88' lang='grc' dir='ltr'><strong>τά</strong></span> <span class='ocrx_word' id='word_1_554' title='bbox 2924 2472 3214 2545; x_wconf 82' lang='grc' dir='ltr'>σπέρματα</span> <span class='ocrx_word' id='word_1_555' title='bbox 3280 2474 3423 2549; x_wconf 79' lang='grc' dir='ltr'>πρὸς</span> <span class='ocrx_word' id='word_1_556' title='bbox 3488 2476 3581 2548; x_wconf 78' lang='grc' dir='ltr'>τὴν</span> 
     </span>
    </p>
   </div>
   <div class='ocr_carea' id='block_1_70' title="bbox 2002 2559 3585 2637">
    <p class='ocr_par' dir='ltr' id='par_1_70' title="bbox 2002 2559 3585 2637">
     <span class='ocr_line' id='line_1_70' title="bbox 2002 2559 3585 2637; baseline 0.005 -26"><span class='ocrx_word' id='word_1_557' title='bbox 2002 2560 2204 2630; x_wconf 74' lang='grc' dir='ltr'>τροφὴν</span> <span class='ocrx_word' id='word_1_558' title='bbox 2262 2559 2648 2630; x_wconf 82' lang='grc' dir='ltr'>ἀπεκλήρωσεν</span> <span class='ocrx_word' id='word_1_559' title='bbox 2672 2560 2724 2590; x_wconf 90' lang='grc'><strong>·⁴</strong></span> <span class='ocrx_word' id='word_1_560' title='bbox 2764 2560 2855 2631; x_wconf 74' lang='grc' dir='ltr'>διὰ</span> <span class='ocrx_word' id='word_1_561' title='bbox 2902 2562 2955 2615; x_wconf 88' lang='grc' dir='ltr'><strong>τί</strong></span> <span class='ocrx_word' id='word_1_562' title='bbox 3020 2565 3268 2636; x_wconf 78' lang='grc' dir='ltr'>παρέρχῃ</span> <span class='ocrx_word' id='word_1_563' title='bbox 3324 2564 3429 2637; x_wconf 83' lang='grc' dir='ltr'>τῆς</span> <span class='ocrx_word' id='word_1_564' title='bbox 3486 2566 3585 2633; x_wconf 72' lang='grc' dir='ltr'><strong>ἐξ-</strong></span> 
     </span>
    </p>
   </div>
   <div class='ocr_carea' id='block_1_71' title="bbox 2004 2647 3583 2724">
    <p class='ocr_par' dir='ltr' id='par_1_71' title="bbox 2004 2647 3583 2724">
     <span class='ocr_line' id='line_1_71' title="bbox 2004 2647 3583 2724; baseline 0.005 -23"><span class='ocrx_word' id='word_1_565' title='bbox 2004 2647 2186 2714; x_wconf 88' lang='grc' dir='ltr'>ουσίας</span> <span class='ocrx_word' id='word_1_566' title='bbox 2241 2650 2363 2713; x_wconf 82' lang='grc' dir='ltr'>τοὺς</span> <span class='ocrx_word' id='word_1_567' title='bbox 2408 2650 2601 2721; x_wconf 83' lang='grc' dir='ltr'>δρους;</span> <span class='ocrx_word' id='word_1_568' title='bbox 2639 2652 2710 2704; x_wconf 85' lang='grc' dir='ltr'>Ἣ</span> <span class='ocrx_word' id='word_1_569' title='bbox 2738 2651 2909 2719; x_wconf 78' lang='grc' dir='ltr'>δεῖξόν</span> <span class='ocrx_word' id='word_1_570' title='bbox 2959 2667 3042 2707; x_wconf 87' lang='grc' dir='ltr'><strong>σοι</strong></span> <span class='ocrx_word' id='word_1_571' title='bbox 3088 2652 3183 2707; x_wconf 81' lang='grc' dir='ltr'>καὶ</span> <span class='ocrx_word' id='word_1_572' title='bbox 3223 2654 3403 2708; x_wconf 78' lang='grc' dir='ltr'>ταῦτα</span> <span class='ocrx_word' id='word_1_573' title='bbox 3458 2672 3583 2724; x_wconf 80' lang='grc' dir='ltr'>συγ-</span> 
     </span>
    </p>
   </div>
   <div class='ocr_carea' id='block_1_72' title="bbox 2004 2736 3582 2813">
    <p class='ocr_par' dir='ltr' id='par_1_72' title="bbox 2004 2736 3582 2813">
     <span class='ocr_line' id='line_1_72' title="bbox 2004 2736 3582 2813; baseline 0.006 -24"><span class='ocrx_word' id='word_1_574' title='bbox 2004 2737 2366 2809; x_wconf 86' lang='grc' dir='ltr'>κεχωρημένα</span> <span class='ocrx_word' id='word_1_575' title='bbox 2401 2737 2553 2811; x_wconf 89' lang='grc' dir='ltr'><strong>παρά</strong></span> <span class='ocrx_word' id='word_1_576' title='bbox 2589 2736 2685 2792; x_wconf 79' lang='grc' dir='ltr'><strong>τοῦ</strong></span> <span class='ocrx_word' id='word_1_577' title='bbox 2717 2740 3031 2807; x_wconf 76' lang='grc' dir='ltr'>κτίσαντος,</span> <span class='ocrx_word' id='word_1_578' title='bbox 3063 2740 3203 2796; x_wconf 86' lang='grc' dir='ltr'>ὥστε</span> <span class='ocrx_word' id='word_1_579' title='bbox 3234 2743 3582 2813; x_wconf 79' lang='grc' dir='ltr'>μεταλλεύιιν</span> 
     </span>
    </p>
   </div>
   <div class='ocr_carea' id='block_1_73' title="bbox 2004 2826 3582 2901">
    <p class='ocr_par' dir='ltr' id='par_1_73' title="bbox 2004 2826 3582 2901">
     <span class='ocr_line' id='line_1_73' title="bbox 2004 2826 3582 2901; baseline 0.006 -23"><span class='ocrx_word' id='word_1_580' title='bbox 2004 2841 2062 2878; x_wconf 90' lang='grc' dir='ltr'><strong>τε</strong></span> <span class='ocrx_word' id='word_1_581' title='bbox 2092 2828 2187 2881; x_wconf 62' lang='grc' dir='ltr'><strong>καὶ⁹</strong></span> <span class='ocrx_word' id='word_1_582' title='bbox 2214 2826 2553 2899; x_wconf 89' lang='grc' dir='ltr'>ἀνορύσσειν,</span> <span class='ocrx_word' id='word_1_583' title='bbox 2598 2829 2692 2882; x_wconf 66' lang='grc' dir='ltr'><strong>καῖ⁹</strong></span> <span class='ocrx_word' id='word_1_584' title='bbox 2727 2830 2861 2900; x_wconf 78' lang='grc' dir='ltr'>πυρὶ</span> <span class='ocrx_word' id='word_1_585' title='bbox 2902 2830 3300 2901; x_wconf 85' lang='grc' dir='ltr'>καταχωνεύειν</span> <span class='ocrx_word' id='word_1_586' title='bbox 3344 2835 3411 2887; x_wconf 79' lang='grc' dir='ltr'>τὸ</span> <span class='ocrx_word' id='word_1_587' title='bbox 3456 2835 3582 2889; x_wconf 69' lang='grc' dir='ltr'><strong>ὑπο⁸</strong></span> 
     </span>
    </p>
   </div>
   <div class='ocr_carea' id='block_1_74' title="bbox 2006 2916 3578 2995">
    <p class='ocr_par' dir='ltr' id='par_1_74' title="bbox 2006 2916 3578 2995">
     <span class='ocr_line' id='line_1_74' title="bbox 2006 2916 3578 2995; baseline 0.008 -27"><span class='ocrx_word' id='word_1_588' title='bbox 2006 2916 2274 2987; x_wconf 85' lang='grc' dir='ltr'>κείμενον,</span> <span class='ocrx_word' id='word_1_589' title='bbox 2307 2917 2399 2971; x_wconf 75' lang='grc' dir='ltr'>καὶ</span> <span class='ocrx_word' id='word_1_590' title='bbox 2448 2919 2698 2987; x_wconf 80' lang='grc' dir='ltr'>συνάγειν</span> <span class='ocrx_word' id='word_1_591' title='bbox 2744 2918 2918 2974; x_wconf 79' lang='grc' dir='ltr'>ταῦτα</span> <span class='ocrx_word' id='word_1_592' title='bbox 2955 2920 2990 2974; x_wconf 74' lang='grc' dir='ltr'>ἃ</span> <span class='ocrx_word' id='word_1_593' title='bbox 3024 2921 3099 2993; x_wconf 80' lang='grc' dir='ltr'>μὴ</span> <span class='ocrx_word' id='word_1_594' title='bbox 3148 2922 3516 2993; x_wconf 82' lang='grc' dir='ltr'>ὲσκόρπισας’</span> <span class='ocrx_word' id='word_1_595' title='bbox 3546 2925 3578 2995; x_wconf 74' lang='grc' dir='ltr'><strong>ἢ</strong></span> 
     </span>
    </p>
   </div>
   <div class='ocr_carea' id='block_1_75' title="bbox 2008 3004 3579 3086">
    <p class='ocr_par' dir='ltr' id='par_1_75' title="bbox 2008 3004 3579 3086">
     <span class='ocr_line' id='line_1_75' title="bbox 2008 3004 3579 3086; baseline 0.005 -25"><span class='ocrx_word' id='word_1_596' title='bbox 2008 3004 2177 3062; x_wconf 80' lang='grc' dir='ltr'>ταῦτα</span> <span class='ocrx_word' id='word_1_597' title='bbox 2226 3008 2321 3078; x_wconf 77' lang='grc' dir='ltr'>μὲν</span> <span class='ocrx_word' id='word_1_598' title='bbox 2364 3007 2490 3072; x_wconf 86' lang='grc' dir='ltr'>ίσως</span> <span class='ocrx_word' id='word_1_599' title='bbox 2530 3008 2679 3063; x_wconf 77' lang='grc' dir='ltr'>οὐδὲν</span> <span class='ocrx_word' id='word_1_600' title='bbox 2717 3008 2967 3081; x_wconf 70' lang='grc' dir='ltr'>ἔγκλημά</span> <span class='ocrx_word' id='word_1_601' title='bbox 2992 3027 3075 3074; x_wconf 90' lang='grc' dir='ltr'><strong>τις</strong></span> <span class='ocrx_word' id='word_1_602' title='bbox 3108 3007 3245 3065; x_wconf 77' lang='grc' dir='ltr'>εἶναι</span> <span class='ocrx_word' id='word_1_603' title='bbox 3276 3012 3579 3086; x_wconf 80' lang='grc' dir='ltr'>λογίσηται,</span> 
     </span>
    </p>
   </div>
   <div class='ocr_carea' id='block_1_76' title="bbox 2007 3087 3581 3174">
    <p class='ocr_par' dir='ltr' id='par_1_76' title="bbox 2007 3087 3581 3174">
     <span class='ocr_line' id='line_1_76' title="bbox 2007 3087 3581 3174; baseline 0.003 -22"><span class='ocrx_word' id='word_1_604' title='bbox 2007 3098 2068 3152; x_wconf 78' lang='grc' dir='ltr'><strong>τὸ</strong></span> <span class='ocrx_word' id='word_1_605' title='bbox 2103 3094 2243 3152; x_wconf 80' lang='grc' dir='ltr'>οὕτω</span> <span class='ocrx_word' id='word_1_606' title='bbox 2280 3087 2768 3170; x_wconf 77' lang='grc' dir='ltr'>σεαυτῷσυνάγειν</span> <span class='ocrx_word' id='word_1_607' title='bbox 2804 3102 2868 3155; x_wconf 82' lang='grc' dir='ltr'><strong>ὲκ</strong></span> <span class='ocrx_word' id='word_1_608' title='bbox 2895 3100 3003 3163; x_wconf 81' lang='grc' dir='ltr'><strong>τῶν</strong></span> <span class='ocrx_word' id='word_1_609' title='bbox 3033 3101 3135 3172; x_wconf 85' lang='grc' dir='ltr'>τῆς</span> <span class='ocrx_word' id='word_1_610' title='bbox 3176 3103 3281 3173; x_wconf 85' lang='grc' dir='ltr'><strong>γῆς</strong></span> <span class='ocrx_word' id='word_1_611' title='bbox 3307 3105 3581 3174; x_wconf 82' lang='grc' dir='ltr'>μετάλλων</span> 
     </span>
    </p>
   </div>
   <div class='ocr_carea' id='block_1_77' title="bbox 2006 3184 3580 3267">
    <p class='ocr_par' dir='ltr' id='par_1_77' title="bbox 2006 3184 3580 3267">
     <span class='ocr_line' id='line_1_77' title="bbox 2006 3184 3580 3267; baseline 0.004 -26"><span class='ocrx_word' id='word_1_612' title='bbox 2006 3187 2074 3242; x_wconf 81' lang='grc' dir='ltr'><strong>τὰ</strong></span> <span class='ocrx_word' id='word_1_613' title='bbox 2116 3184 2409 3259; x_wconf 84' lang='grc' dir='ltr'>χρήματα;</span> <span class='ocrx_word' id='word_1_614' title='bbox 2457 3189 2570 3244; x_wconf 89' lang='grc' dir='ltr'>ἀλλ’</span> <span class='ocrx_word' id='word_1_615' title='bbox 2615 3190 2799 3262; x_wconf 77' lang='grc' dir='ltr'>ἐπειδὴ</span> <span class='ocrx_word' id='word_1_616' title='bbox 2838 3194 3155 3261; x_wconf 85' lang='grc' dir='ltr'>πρόσκειται</span> <span class='ocrx_word' id='word_1_617' title='bbox 3199 3193 3277 3265; x_wconf 82' lang='grc' dir='ltr'>τῷ</span> <span class='ocrx_word' id='word_1_618' title='bbox 3309 3193 3477 3267; x_wconf 82' lang='grc' dir='ltr'>λόγῳ,</span> <span class='ocrx_word' id='word_1_619' title='bbox 3503 3196 3580 3251; x_wconf 81' lang='grc' dir='ltr'>ὅτι</span> 
     </span>
    </p>
   </div>
   <div class='ocr_carea' id='block_1_78' title="bbox 2010 3281 3582 3359">
    <p class='ocr_par' dir='ltr' id='par_1_78' title="bbox 2010 3281 3582 3359">
     <span class='ocr_line' id='line_1_78' title="bbox 2010 3281 3582 3359; baseline 0.005 -25"><span class='ocrx_word' id='word_1_620' title='bbox 2010 3281 2465 3351; x_wconf 79' lang='grc' dir='ltr'>περιουσιασμοὺς</span> <span class='ocrx_word' id='word_1_621' title='bbox 2488 3281 2750 3351; x_wconf 83' lang='grc' dir='ltr'>βασιλέων</span> <span class='ocrx_word' id='word_1_622' title='bbox 2772 3282 2867 3337; x_wconf 77' lang='grc' dir='ltr'>καὶ</span> <span class='ocrx_word' id='word_1_623' title='bbox 2895 3283 3001 3337; x_wconf 86' lang='grc' dir='ltr'>τῶν</span> <span class='ocrx_word' id='word_1_624' title='bbox 3028 3282 3431 3356; x_wconf 83' lang='grc' dir='ltr'>χωρῶν,οὒκέτι</span> <span class='ocrx_word' id='word_1_625' title='bbox 3451 3288 3582 3359; x_wconf 81' lang='grc' dir='ltr'>πρὸς</span> 
     </span>
    </p>
   </div>
   <div class='ocr_carea' id='block_1_79' title="bbox 2008 3370 3582 3448">
    <p class='ocr_par' dir='ltr' id='par_1_79' title="bbox 2008 3370 3582 3448">
     <span class='ocr_line' id='line_1_79' title="bbox 2008 3370 3582 3448; baseline 0.004 -25"><span class='ocrx_word' id='word_1_626' title='bbox 2008 3370 2069 3424; x_wconf 83' lang='grc' dir='ltr'>τὺ</span> <span class='ocrx_word' id='word_1_627' title='bbox 2092 3370 2377 3425; x_wconf 86' lang='grc' dir='ltr'>ἀνεύθυνον</span> <span class='ocrx_word' id='word_1_628' title='bbox 2416 3373 2449 3442; x_wconf 88' lang='grc' dir='ltr'><strong>ἡ</strong></span> <span class='ocrx_word' id='word_1_629' title='bbox 2492 3370 2586 3425; x_wconf 79' lang='grc' dir='ltr'>τοῦ</span> <span class='ocrx_word' id='word_1_630' title='bbox 2624 3373 2945 3442; x_wconf 78' lang='grc' dir='ltr'>συναγαγεῖν</span> <span class='ocrx_word' id='word_1_631' title='bbox 2981 3374 3186 3429; x_wconf 86' lang='grc' dir='ltr'>διάνοια</span> <span class='ocrx_word' id='word_1_632' title='bbox 3212 3375 3461 3448; x_wconf 82' lang='grc' dir='ltr'>φέρεται.</span> <span class='ocrx_word' id='word_1_633' title='bbox 3499 3378 3582 3440; x_wconf 78' lang='grc' dir='ltr'>Ὦς</span> 
     </span>
    </p>
   </div>
   <div class='ocr_carea' id='block_1_80' title="bbox 2008 3458 3593 3539">
    <p class='ocr_par' dir='ltr' id='par_1_80' title="bbox 2008 3458 3593 3539">
     <span class='ocr_line' id='line_1_80' title="bbox 2008 3458 3593 3539; baseline 0.004 -26"><span class='ocrx_word' id='word_1_634' title='bbox 2008 3459 2116 3532; x_wconf 87' lang='grc' dir='ltr'><strong>γὰρ</strong></span> <span class='ocrx_word' id='word_1_635' title='bbox 2145 3458 2261 3525; x_wconf 81' lang='grc' dir='ltr'><strong>ὲξὺν</strong></span> <span class='ocrx_word' id='word_1_636' title='bbox 2289 3463 2354 3533; x_wconf 74' lang='grc' dir='ltr'>τῇ</span> <span class='ocrx_word' id='word_1_637' title='bbox 2388 3461 2636 3535; x_wconf 79' lang='grc' dir='ltr'>βασιλικῇ</span> <span class='ocrx_word' id='word_1_638' title='bbox 2674 3462 2963 3535; x_wconf 76' lang='grc' dir='ltr'>δυναστείᾳ</span> <span class='ocrx_word' id='word_1_639' title='bbox 2999 3465 3064 3518; x_wconf 83' lang='grc' dir='ltr'>ὲκ</span> <span class='ocrx_word' id='word_1_640' title='bbox 3101 3465 3210 3518; x_wconf 87' lang='grc' dir='ltr'>τῶν</span> <span class='ocrx_word' id='word_1_641' title='bbox 3248 3468 3447 3539; x_wconf 78' lang='grc' dir='ltr'>χωρῶν</span> <span class='ocrx_word' id='word_1_642' title='bbox 3493 3462 3593 3520; x_wconf 77' lang='grc' dir='ltr'><strong>τὸν</strong></span> 
     </span>
    </p>
   </div>
   <div class='ocr_carea' id='block_1_81' title="bbox 2010 3548 3579 3629">
    <p class='ocr_par' dir='ltr' id='par_1_81' title="bbox 2010 3548 3579 3629">
     <span class='ocr_line' id='line_1_81' title="bbox 2010 3548 3579 3629; baseline 0.004 -28"><span class='ocrx_word' id='word_1_643' title='bbox 2010 3548 2426 3621; x_wconf 82' lang='grc' dir='ltr'>περιουσιασμδν</span> <span class='ocrx_word' id='word_1_644' title='bbox 2485 3550 2594 3606; x_wconf 85' lang='grc' dir='ltr'>τῶν</span> <span class='ocrx_word' id='word_1_645' title='bbox 2652 3553 2950 3624; x_wconf 88' lang='grc' dir='ltr'>χρημάτων</span> <span class='ocrx_word' id='word_1_646' title='bbox 3009 3554 3259 3625; x_wconf 81' lang='grc' dir='ltr'>συνάγειν</span> <span class='ocrx_word' id='word_1_647' title='bbox 3276 3573 3290 3586; x_wconf 80' lang='lat'>&#39;</span> <span class='ocrx_word' id='word_1_648' title='bbox 3344 3556 3579 3629; x_wconf 82' lang='grc' dir='ltr'>δηλονότι</span> 
     </span>
    </p>
   </div>
   <div class='ocr_carea' id='block_1_82' title="bbox 2012 3639 3581 3716">
    <p class='ocr_par' dir='ltr' id='par_1_82' title="bbox 2012 3639 3581 3716">
     <span class='ocr_line' id='line_1_82' title="bbox 2012 3639 3581 3716; baseline 0.007 -25"><span class='ocrx_word' id='word_1_649' title='bbox 2012 3639 2207 3710; x_wconf 84' lang='grc' dir='ltr'>φόρους</span> <span class='ocrx_word' id='word_1_650' title='bbox 2275 3639 2616 3706; x_wconf 78' lang='grc' dir='ltr'>ἐπιϐάλλειν,</span> <span class='ocrx_word' id='word_1_651' title='bbox 2668 3641 2897 3707; x_wconf 85' lang='grc' dir='ltr'>δεκάτας</span> <span class='ocrx_word' id='word_1_652' title='bbox 2961 3645 3382 3716; x_wconf 75' lang='grc' dir='ltr'>εἰσπράττεσθαι</span> <span class='ocrx_word' id='word_1_653' title='bbox 3410 3689 3426 3711; x_wconf 84' lang='grc'><strong>,</strong></span> <span class='ocrx_word' id='word_1_654' title='bbox 3478 3650 3581 3703; x_wconf 62' lang='grc' dir='ltr'>εἰσι</span> 
     </span>
    </p>
   </div>
   <div class='ocr_carea' id='block_1_83' title="bbox 2010 3727 3578 3805">
    <p class='ocr_par' dir='ltr' id='par_1_83' title="bbox 2010 3727 3578 3805">
     <span class='ocr_line' id='line_1_83' title="bbox 2010 3727 3578 3805; baseline 0.006 -25"><span class='ocrx_word' id='word_1_655' title='bbox 2010 3727 2196 3797; x_wconf 82' lang='grc' dir='ltr'>φέρειν</span> <span class='ocrx_word' id='word_1_656' title='bbox 2240 3729 2520 3800; x_wconf 87' lang='grc' dir='ltr'>χρήματα,</span> <span class='ocrx_word' id='word_1_657' title='bbox 2550 3730 2676 3794; x_wconf 80' lang='grc' dir='ltr'>τοὺς</span> <span class='ocrx_word' id='word_1_658' title='bbox 2720 3730 3062 3803; x_wconf 78' lang='grc' dir='ltr'>ὑποχειρίους</span> <span class='ocrx_word' id='word_1_659' title='bbox 3112 3736 3578 3805; x_wconf 45' lang='grc' dir='ltr'>καταναγκάζειντ,</span> 
     </span>
    </p>
   </div>
   <div class='ocr_carea' id='block_1_84' title="bbox 2010 3818 3580 3899">
    <p class='ocr_par' dir='ltr' id='par_1_84' title="bbox 2010 3818 3580 3899">
     <span class='ocr_line' id='line_1_84' title="bbox 2010 3818 3580 3899; baseline 0.006 -29"><span class='ocrx_word' id='word_1_660' title='bbox 2010 3818 2182 3882; x_wconf 76' lang='grc' dir='ltr'>οὕτως</span> <span class='ocrx_word' id='word_1_661' title='bbox 2211 3819 2570 3891; x_wconf 85' lang='grc' dir='ltr'>συνειλοχέναι</span> <span class='ocrx_word' id='word_1_662' title='bbox 2607 3821 2741 3891; x_wconf 81' lang='grc' dir='ltr'>φησὶ</span> <span class='ocrx_word' id='word_1_663' title='bbox 2760 3822 2821 3877; x_wconf 83' lang='grc' dir='ltr'>τό</span> <span class='ocrx_word' id='word_1_664' title='bbox 2846 3840 2906 3877; x_wconf 89' lang='grc' dir='ltr'><strong>τε</strong></span> <span class='ocrx_word' id='word_1_665' title='bbox 2942 3824 3163 3895; x_wconf 86' lang='grc' dir='ltr'>χρυσίον</span> <span class='ocrx_word' id='word_1_666' title='bbox 3200 3826 3297 3878; x_wconf 73' lang='grc' dir='ltr'><strong>καὶ</strong></span> <span class='ocrx_word' id='word_1_667' title='bbox 3330 3826 3392 3880; x_wconf 80' lang='grc' dir='ltr'>τὸ</span> <span class='ocrx_word' id='word_1_668' title='bbox 3418 3825 3580 3899; x_wconf 84' lang='grc' dir='ltr'>ἀργύ-</span> 
     </span>
    </p>
   </div>
   <div class='ocr_carea' id='block_1_85' title="bbox 2013 3910 3583 3989">
    <p class='ocr_par' dir='ltr' id='par_1_85' title="bbox 2013 3910 3583 3989">
     <span class='ocr_line' id='line_1_85' title="bbox 2013 3910 3583 3989; baseline 0.003 -24"><span class='ocrx_word' id='word_1_669' title='bbox 2013 3924 2148 3983; x_wconf 89' lang='grc' dir='ltr'>ριον.</span> <span class='ocrx_word' id='word_1_670' title='bbox 2180 3911 2325 3982; x_wconf 83' lang='grc' dir='ltr'>Πλὴν</span> <span class='ocrx_word' id='word_1_671' title='bbox 2362 3910 2534 3976; x_wconf 76' lang='grc' dir='ltr'>οὕτως</span> <span class='ocrx_word' id='word_1_672' title='bbox 2569 3913 2677 3967; x_wconf 72' lang='grc' dir='ltr'>εἴτε</span> <span class='ocrx_word' id='word_1_673' title='bbox 2710 3912 2929 3986; x_wconf 76' lang='grc' dir='ltr'>ἑτέρως,</span> <span class='ocrx_word' id='word_1_674' title='bbox 2978 3914 3148 3987; x_wconf 83' lang='grc' dir='ltr'>ήδέως</span> <span class='ocrx_word' id='word_1_675' title='bbox 3184 3916 3252 3970; x_wconf 78' lang='grc' dir='ltr'>ἂν</span> <span class='ocrx_word' id='word_1_676' title='bbox 3278 3917 3505 3989; x_wconf 89' lang='grc' dir='ltr'>μάθοιμι</span> <span class='ocrx_word' id='word_1_677' title='bbox 3530 3920 3583 3971; x_wconf 83' lang='grc' dir='ltr'><strong>τί</strong></span> 
     </span>
    </p>
   </div>
   <div class='ocr_carea' id='block_1_86' title="bbox 2013 4001 3581 4076">
    <p class='ocr_par' dir='ltr' id='par_1_86' title="bbox 2013 4001 3581 4076">
     <span class='ocr_line' id='line_1_86' title="bbox 2013 4001 3581 4076; baseline 0.004 -21"><span class='ocrx_word' id='word_1_678' title='bbox 2013 4001 2172 4055; x_wconf 81' lang='grc' dir='ltr'>πλέον</span> <span class='ocrx_word' id='word_1_679' title='bbox 2203 4002 2355 4055; x_wconf 74' lang='grc' dir='ltr'>ἔσται</span> <span class='ocrx_word' id='word_1_680' title='bbox 2398 4002 2475 4074; x_wconf 80' lang='grc' dir='ltr'>τῷ</span> <span class='ocrx_word' id='word_1_681' title='bbox 2516 4002 2617 4068; x_wconf 85' lang='grc' dir='ltr'><strong>τὰς</strong></span> <span class='ocrx_word' id='word_1_682' title='bbox 2657 4005 2911 4068; x_wconf 87' lang='grc' dir='ltr'>τοιαύτας</span> <span class='ocrx_word' id='word_1_683' title='bbox 2941 4004 3072 4069; x_wconf 77' lang='grc' dir='ltr'>ὕλας</span> <span class='ocrx_word' id='word_1_684' title='bbox 3097 4007 3404 4076; x_wconf 86' lang='grc' dir='ltr'>συνάγοντι.</span> <span class='ocrx_word' id='word_1_685' title='bbox 3437 4008 3581 4062; x_wconf 83' lang='grc' dir='ltr'>Δεδό-</span> 
     </span>
    </p>
   </div>
   <div class='ocr_carea' id='block_1_87' title="bbox 2015 4090 3578 4169">
    <p class='ocr_par' dir='ltr' id='par_1_87' title="bbox 2015 4090 3578 4169">
     <span class='ocr_line' id='line_1_87' title="bbox 2015 4090 3578 4169; baseline 0.005 -25"><span class='ocrx_word' id='word_1_686' title='bbox 2015 4090 2126 4144; x_wconf 85' lang='grc' dir='ltr'><strong>σθω</strong></span> <span class='ocrx_word' id='word_1_687' title='bbox 2173 4091 2292 4145; x_wconf 83' lang='grc' dir='ltr'>καθ’</span> <span class='ocrx_word' id='word_1_688' title='bbox 2337 4091 2612 4157; x_wconf 85' lang='grc' dir='ltr'>ὑπόθεσιν,</span> <span class='ocrx_word' id='word_1_689' title='bbox 2661 4093 2737 4164; x_wconf 81' lang='grc' dir='ltr'>μὴ</span> <span class='ocrx_word' id='word_1_690' title='bbox 2786 4094 2952 4159; x_wconf 75' lang='grc' dir='ltr'>κατὰ.</span> <span class='ocrx_word' id='word_1_691' title='bbox 2971 4095 3194 4167; x_wconf 77' lang='grc' dir='ltr'>μνᾶν,ῆ</span> <span class='ocrx_word' id='word_1_692' title='bbox 3246 4096 3578 4169; x_wconf 76' lang='grc' dir='ltr'>δραχμὴν,ἣ</span> 
     </span>
    </p>
   </div>
   <div class='ocr_carea' id='block_1_88' title="bbox 2012 4172 3578 4258">
    <p class='ocr_par' dir='ltr' id='par_1_88' title="bbox 2012 4172 3578 4258">
     <span class='ocr_line' id='line_1_88' title="bbox 2012 4172 3578 4258; baseline 0.002 -21"><span class='ocrx_word' id='word_1_693' title='bbox 2012 4184 2267 4238; x_wconf 84' lang='grc' dir='ltr'>τάλαντον</span> <span class='ocrx_word' id='word_1_694' title='bbox 2320 4185 2432 4249; x_wconf 76' lang='grc' dir='ltr'>τοῖς</span> <span class='ocrx_word' id='word_1_695' title='bbox 2484 4174 2945 4257; x_wconf 63' lang='grc' dir='ltr'>φιλοχρηματοῦᾶ</span> <span class='ocrx_word' id='word_1_696' title='bbox 3006 4187 3393 4258; x_wconf 84' lang='grc' dir='ltr'>προσγίνεσθαι</span> <span class='ocrx_word' id='word_1_697' title='bbox 3412 4229 3428 4254; x_wconf 91' lang='grc'><strong>,</strong></span> <span class='ocrx_word' id='word_1_698' title='bbox 3460 4172 3578 4243; x_wconf 57' lang='grc' dir='ltr'>’ἀλλ’</span> 
     </span>
    </p>
   </div>
   <div class='ocr_carea' id='block_1_89' title="bbox 355 4273 1831 4366">
    <p class='ocr_par' dir='ltr' id='par_1_89' title="bbox 355 4273 1831 4347">
     <span class='ocr_line' id='line_1_89' title="bbox 355 4273 1831 4347; baseline 0.001 -17"><span class='ocrx_word' id='word_1_699' title='bbox 355 4283 518 4347; x_wconf 87' lang='lat' dir='ltr'><strong>pente</strong></span> <span class='ocrx_word' id='word_1_700' title='bbox 541 4276 595 4330; x_wconf 89' lang='lat' dir='ltr'><strong>in</strong></span> <span class='ocrx_word' id='word_1_701' title='bbox 625 4290 743 4331; x_wconf 87' lang='lat' dir='ltr'><strong>eam</strong></span> <span class='ocrx_word' id='word_1_702' title='bbox 776 4283 984 4332; x_wconf 85' lang='lat' dir='ltr'><strong>mutata</strong></span> <span class='ocrx_word' id='word_1_703' title='bbox 1009 4273 1178 4331; x_wconf 81' lang='lat' dir='ltr'><strong>fuisse</strong></span> <span class='ocrx_word' id='word_1_704' title='bbox 1199 4275 1501 4341; x_wconf 88' lang='lat' dir='ltr'><strong>materiam,</strong></span> <span class='ocrx_word' id='word_1_705' title='bbox 1526 4276 1653 4346; x_wconf 87' lang='lat' dir='ltr'><strong>quid</strong></span> <span class='ocrx_word' id='word_1_706' title='bbox 1684 4290 1780 4346; x_wconf 89' lang='lat' dir='ltr'><strong>per</strong></span> <span class='ocrx_word' id='word_1_707' title='bbox 1800 4276 1831 4331; x_wconf 92' lang='lat' dir='ltr'><strong>b</strong></span> 
     </span>
    </p>
   </div>
   <div class='ocr_carea' id='block_1_90' title="bbox 2098 4273 3574 4366">
    <p class='ocr_par' dir='ltr' id='par_1_90' title="bbox 2098 4275 3574 4355">
     <span class='ocr_line' id='line_1_90' title="bbox 2098 4275 3574 4355; baseline 0.002 -27"><span class='ocrx_word' id='word_1_708' title='bbox 2098 4276 2222 4339; x_wconf 77' lang='grc' dir='ltr'>οόως</span> <span class='ocrx_word' id='word_1_709' title='bbox 2252 4276 2435 4340; x_wconf 73' lang='grc' dir='ltr'>αὐτοῖς</span> <span class='ocrx_word' id='word_1_710' title='bbox 2474 4275 2929 4348; x_wconf 83' lang='grc' dir='ltr'>ἀποχρυσωθῆναι</span> <span class='ocrx_word' id='word_1_711' title='bbox 2977 4277 3047 4332; x_wconf 82' lang='grc' dir='ltr'><strong>τά</strong></span> <span class='ocrx_word' id='word_1_712' title='bbox 3084 4278 3280 4342; x_wconf 80' lang='grc' dir='ltr'>πάντα,</span> <span class='ocrx_word' id='word_1_713' title='bbox 3321 4278 3424 4351; x_wconf 81' lang='grc' dir='ltr'>τὴν</span> <span class='ocrx_word' id='word_1_714' title='bbox 3463 4279 3574 4355; x_wconf 73' lang='grc' dir='ltr'>γῆν,</span> 
     </span>
    </p>
   </div>
   <div class='ocr_carea' id='block_1_91' title="bbox 353 4365 1917 4449">
    <p class='ocr_par' dir='ltr' id='par_1_91' title="bbox 353 4365 1917 4449">
     <span class='ocr_line' id='line_1_91' title="bbox 353 4365 1917 4449; baseline 0.001 -28"><span class='ocrx_word' id='word_1_715' title='bbox 353 4369 480 4422; x_wconf 73' lang='lat' dir='ltr'><strong>vitae</strong></span> <span class='ocrx_word' id='word_1_716' title='bbox 521 4367 743 4423; x_wconf 85' lang='lat' dir='ltr'><strong>accedet</strong></span> <span class='ocrx_word' id='word_1_717' title='bbox 787 4367 855 4422; x_wconf 91' lang='lat' dir='ltr'><strong>ad</strong></span> <span class='ocrx_word' id='word_1_718' title='bbox 895 4365 1338 4423; x_wconf 85' lang='lat' dir='ltr'><strong>beatitudinem?</strong></span> <span class='ocrx_word' id='word_1_719' title='bbox 1369 4366 1428 4421; x_wconf 89' lang='lat' dir='ltr'><strong>Si</strong></span> <span class='ocrx_word' id='word_1_720' title='bbox 1472 4365 1607 4421; x_wconf 89' lang='lat' dir='ltr'><strong>illud</strong></span> <span class='ocrx_word' id='word_1_721' title='bbox 1664 4366 1810 4449; x_wconf 84' lang='lat' dir='ltr'><strong>videt</strong></span> <span class='ocrx_word' id='word_1_722' title='bbox 1860 4368 1917 4422; x_wconf 91' lang='lat' dir='ltr'><strong>in</strong></span> 
     </span>
    </p>
   </div>
   <div class='ocr_carea' id='block_1_92' title="bbox 355 4456 1918 4528">
    <p class='ocr_par' dir='ltr' id='par_1_92' title="bbox 355 4456 1918 4528">
     <span class='ocr_line' id='line_1_92' title="bbox 355 4456 1918 4528; baseline 0.001 -18"><span class='ocrx_word' id='word_1_723' title='bbox 355 4458 614 4513; x_wconf 85' lang='lat' dir='ltr'><strong>universo</strong></span> <span class='ocrx_word' id='word_1_724' title='bbox 640 4457 785 4528; x_wconf 90' lang='lat' dir='ltr'><strong>quod</strong></span> <span class='ocrx_word' id='word_1_725' title='bbox 816 4472 965 4512; x_wconf 90' lang='lat' dir='ltr'><strong>nunc</strong></span> <span class='ocrx_word' id='word_1_726' title='bbox 992 4460 1166 4513; x_wconf 89' lang='lat' dir='ltr'><strong>cernit</strong></span> <span class='ocrx_word' id='word_1_727' title='bbox 1189 4456 1244 4511; x_wconf 89' lang='lat' dir='ltr'><strong>in</strong></span> <span class='ocrx_word' id='word_1_728' title='bbox 1267 4457 1486 4528; x_wconf 88' lang='lat' dir='ltr'><strong>exiguo,</strong></span> <span class='ocrx_word' id='word_1_729' title='bbox 1511 4456 1642 4527; x_wconf 75' lang='lat' dir='ltr'><strong>quid</strong></span> <span class='ocrx_word' id='word_1_730' title='bbox 1664 4472 1728 4513; x_wconf 88' lang='lat' dir='ltr'><strong>ex</strong></span> <span class='ocrx_word' id='word_1_731' title='bbox 1752 4457 1918 4512; x_wconf 87' lang='lat' dir='ltr'><strong>animi</strong></span> 
     </span>
    </p>
   </div>
   <div class='ocr_carea' id='block_1_93' title="bbox 354 4548 1962 4619">
    <p class='ocr_par' dir='ltr' id='par_1_93' title="bbox 354 4548 1962 4619">
     <span class='ocr_line' id='line_1_93' title="bbox 354 4548 1962 4619; baseline 0 -14"><span class='ocrx_word' id='word_1_732' title='bbox 354 4548 538 4615; x_wconf 84' lang='lat' dir='ltr'><strong>bonis,</strong></span> <span class='ocrx_word' id='word_1_733' title='bbox 564 4549 692 4619; x_wconf 89' lang='lat' dir='ltr'><strong>quid</strong></span> <span class='ocrx_word' id='word_1_734' title='bbox 734 4564 801 4603; x_wconf 91' lang='lat' dir='ltr'><strong>ex</strong></span> <span class='ocrx_word' id='word_1_735' title='bbox 831 4548 899 4605; x_wconf 86' lang='lat' dir='ltr'><strong>iis</strong></span> <span class='ocrx_word' id='word_1_736' title='bbox 926 4562 1163 4619; x_wconf 91' lang='lat' dir='ltr'><strong>quorum</strong></span> <span class='ocrx_word' id='word_1_737' title='bbox 1195 4548 1377 4603; x_wconf 84' lang='lat' dir='ltr'><strong>studio</strong></span> <span class='ocrx_word' id='word_1_738' title='bbox 1406 4548 1659 4603; x_wconf 90' lang='lat' dir='ltr'><strong>ducimur</strong></span> <span class='ocrx_word' id='word_1_739' title='bbox 1698 4557 1921 4618; x_wconf 89' lang='lat' dir='ltr'><strong>propter</strong></span> <span class='ocrx_word' id='word_1_740' title='bbox 1958 4600 1962 4605; x_wconf 88' lang='lat'>.</span> 
     </span>
    </p>
   </div>
   <div class='ocr_carea' id='block_1_94' title="bbox 354 4638 1921 4717">
    <p class='ocr_par' dir='ltr' id='par_1_94' title="bbox 354 4638 1921 4717">
     <span class='ocr_line' id='line_1_94' title="bbox 354 4638 1921 4717; baseline -0.001 -22"><span class='ocrx_word' id='word_1_741' title='bbox 354 4654 577 4709; x_wconf 89' lang='lat' dir='ltr'><strong>corpus,</strong></span> <span class='ocrx_word' id='word_1_742' title='bbox 614 4656 678 4695; x_wconf 82' lang='lat' dir='ltr'><strong>ex</strong></span> <span class='ocrx_word' id='word_1_743' title='bbox 731 4640 819 4694; x_wconf 89' lang='lat' dir='ltr'><strong>illa</strong></span> <span class='ocrx_word' id='word_1_744' title='bbox 855 4647 1005 4694; x_wconf 87' lang='lat' dir='ltr'><strong>tanta</strong></span> <span class='ocrx_word' id='word_1_745' title='bbox 1055 4639 1269 4696; x_wconf 86' lang='lat' dir='ltr'><strong>eveniet</strong></span> <span class='ocrx_word' id='word_1_746' title='bbox 1309 4638 1514 4709; x_wconf 79' lang='lat' dir='ltr'><strong>copia?</strong></span> <span class='ocrx_word' id='word_1_747' title='bbox 1546 4638 1622 4693; x_wconf 82' lang='lat' dir='ltr'><strong>Ex</strong></span> <span class='ocrx_word' id='word_1_748' title='bbox 1670 4654 1735 4694; x_wconf 93' lang='lat' dir='ltr'><strong>eo</strong></span> <span class='ocrx_word' id='word_1_749' title='bbox 1754 4648 1921 4717; x_wconf 80' lang='lat' dir='ltr'><strong>estne</strong></span> 
     </span>
    </p>
   </div>
   <div class='ocr_carea' id='block_1_95' title="bbox 358 4730 1923 4801">
    <p class='ocr_par' dir='ltr' id='par_1_95' title="bbox 358 4730 1923 4801">
     <span class='ocr_line' id='line_1_95' title="bbox 358 4730 1923 4801; baseline 0.001 -16"><span class='ocrx_word' id='word_1_750' title='bbox 358 4732 469 4785; x_wconf 89' lang='lat' dir='ltr'><strong>ulla</strong></span> <span class='ocrx_word' id='word_1_751' title='bbox 497 4747 643 4801; x_wconf 88' lang='lat' dir='ltr'><strong>spes,</strong></span> <span class='ocrx_word' id='word_1_752' title='bbox 676 4739 734 4785; x_wconf 92' lang='lat' dir='ltr'><strong>ut</strong></span> <span class='ocrx_word' id='word_1_753' title='bbox 759 4731 853 4801; x_wconf 89' lang='lat' dir='ltr'><strong>qui</strong></span> <span class='ocrx_word' id='word_1_754' title='bbox 887 4731 1020 4786; x_wconf 85' lang='lat' dir='ltr'><strong>vivit</strong></span> <span class='ocrx_word' id='word_1_755' title='bbox 1047 4737 1254 4786; x_wconf 90' lang='lat' dir='ltr'><strong>tantam</strong></span> <span class='ocrx_word' id='word_1_756' title='bbox 1290 4730 1500 4785; x_wconf 87' lang='lat' dir='ltr'><strong>habens</strong></span> <span class='ocrx_word' id='word_1_757' title='bbox 1525 4730 1637 4784; x_wconf 92' lang='lat' dir='ltr'><strong>vim</strong></span> <span class='ocrx_word' id='word_1_758' title='bbox 1681 4731 1820 4795; x_wconf 91' lang='lat' dir='ltr'><strong>auri,</strong></span> <span class='ocrx_word' id='word_1_759' title='bbox 1851 4732 1923 4786; x_wconf 89' lang='lat' dir='ltr'><strong>sit</strong></span> 
     </span>
    </p>
   </div>
   <div class='ocr_carea' id='block_1_96' title="bbox 357 4821 1924 4895">
    <p class='ocr_par' dir='ltr' id='par_1_96' title="bbox 357 4821 1924 4895">
     <span class='ocr_line' id='line_1_96' title="bbox 357 4821 1924 4895; baseline -0.001 -17"><span class='ocrx_word' id='word_1_760' title='bbox 357 4822 599 4894; x_wconf 86' lang='lat' dir='ltr'><strong>sapiens,</strong></span> <span class='ocrx_word' id='word_1_761' title='bbox 633 4823 973 4895; x_wconf 84' lang='lat' dir='ltr'><strong>ingeniosus,</strong></span> <span class='ocrx_word' id='word_1_762' title='bbox 1005 4821 1481 4892; x_wconf 88' lang='lat' dir='ltr'><strong>contemplativus,</strong></span> <span class='ocrx_word' id='word_1_763' title='bbox 1525 4822 1754 4877; x_wconf 89' lang='lat' dir='ltr'><strong>scientia</strong></span> <span class='ocrx_word' id='word_1_764' title='bbox 1786 4838 1924 4892; x_wconf 75' lang='lat' dir='ltr'><strong>prte-</strong></span> 
     </span>
    </p>
   </div>
   <div class='ocr_carea' id='block_1_97' title="bbox 355 4910 1920 4982">
    <p class='ocr_par' dir='ltr' id='par_1_97' title="bbox 355 4910 1920 4982">
     <span class='ocr_line' id='line_1_97' title="bbox 355 4910 1920 4982; baseline 0.002 -17"><span class='ocrx_word' id='word_1_765' title='bbox 355 4914 525 4977; x_wconf 83' lang='lat' dir='ltr'><strong>ditus,</strong></span> <span class='ocrx_word' id='word_1_766' title='bbox 582 4910 692 4969; x_wconf 87' lang='lat' dir='ltr'><strong>Deo</strong></span> <span class='ocrx_word' id='word_1_767' title='bbox 724 4913 943 4978; x_wconf 83' lang='lat' dir='ltr'><strong>cbarus,</strong></span> <span class='ocrx_word' id='word_1_768' title='bbox 979 4913 1282 4979; x_wconf 87' lang='lat' dir='ltr'><strong>modestus,</strong></span> <span class='ocrx_word' id='word_1_769' title='bbox 1333 4928 1536 4982; x_wconf 88' lang='lat' dir='ltr'><strong>purus,</strong></span> <span class='ocrx_word' id='word_1_770' title='bbox 1579 4912 1920 4982; x_wconf 89' lang='lat' dir='ltr'><strong>impatibilis,</strong></span> 
     </span>
    </p>
   </div>
   <div class='ocr_carea' id='block_1_98' title="bbox 357 5002 1923 5074">
    <p class='ocr_par' dir='ltr' id='par_1_98' title="bbox 357 5002 1923 5074">
     <span class='ocr_line' id='line_1_98' title="bbox 357 5002 1923 5074; baseline 0.001 -15"><span class='ocrx_word' id='word_1_771' title='bbox 357 5003 653 5074; x_wconf 81' lang='lat' dir='ltr'><strong>cujuslibet</strong></span> <span class='ocrx_word' id='word_1_772' title='bbox 675 5002 820 5074; x_wconf 87' lang='lat' dir='ltr'><strong>quod</strong></span> <span class='ocrx_word' id='word_1_773' title='bbox 855 5003 921 5059; x_wconf 90' lang='lat' dir='ltr'><strong>ad</strong></span> <span class='ocrx_word' id='word_1_774' title='bbox 957 5004 1152 5059; x_wconf 90' lang='lat' dir='ltr'><strong>vitium</strong></span> <span class='ocrx_word' id='word_1_775' title='bbox 1183 5004 1407 5058; x_wconf 87' lang='lat' dir='ltr'><strong>attrahit</strong></span> <span class='ocrx_word' id='word_1_776' title='bbox 1434 5018 1634 5073; x_wconf 81' lang='lat' dir='ltr'><strong>expers</strong></span> <span class='ocrx_word' id='word_1_777' title='bbox 1669 5011 1724 5059; x_wconf 90' lang='lat' dir='ltr'><strong>et</strong></span> <span class='ocrx_word' id='word_1_778' title='bbox 1764 5005 1923 5060; x_wconf 87' lang='lat' dir='ltr'><strong>mini-</strong></span> 
     </span>
    </p>
   </div>
   <div class='ocr_carea' id='block_1_99' title="bbox 360 5086 1925 5166">
    <p class='ocr_par' dir='ltr' id='par_1_99' title="bbox 360 5086 1925 5166">
     <span class='ocr_line' id='line_1_99' title="bbox 360 5086 1925 5166; baseline 0.002 -17"><span class='ocrx_word' id='word_1_779' title='bbox 360 5109 448 5151; x_wconf 88' lang='lat' dir='ltr'><strong>me</strong></span> <span class='ocrx_word' id='word_1_780' title='bbox 487 5094 699 5166; x_wconf 79' lang='lat' dir='ltr'><strong>capax?</strong></span> <span class='ocrx_word' id='word_1_781' title='bbox 754 5098 840 5150; x_wconf 83' lang='lat' dir='ltr'><strong>An</strong></span> <span class='ocrx_word' id='word_1_782' title='bbox 889 5095 993 5151; x_wconf 85' lang='lat' dir='ltr'><strong>hoc</strong></span> <span class='ocrx_word' id='word_1_783' title='bbox 1043 5093 1262 5165; x_wconf 88' lang='lat' dir='ltr'><strong>quidem</strong></span> <span class='ocrx_word' id='word_1_784' title='bbox 1316 5093 1562 5159; x_wconf 89' lang='lat' dir='ltr'><strong>minime,</strong></span> <span class='ocrx_word' id='word_1_785' title='bbox 1620 5092 1715 5150; x_wconf 85' lang='lat' dir='ltr'><strong>sed</strong></span> <span class='ocrx_word' id='word_1_786' title='bbox 1744 5086 1813 5150; x_wconf 76' lang='grc' dir='ltr'><strong>ἰιι</strong></span> <span class='ocrx_word' id='word_1_787' title='bbox 1852 5097 1925 5152; x_wconf 84' lang='lat' dir='ltr'><strong>sil.</strong></span> 
     </span>
    </p>
   </div>
   <div class='ocr_carea' id='block_1_100' title="bbox 360 5170 1922 5258">
    <p class='ocr_par' dir='ltr' id='par_1_100' title="bbox 360 5170 1922 5258">
     <span class='ocr_line' id='line_1_100' title="bbox 360 5170 1922 5258; baseline 0.001 -19"><span class='ocrx_word' id='word_1_788' title='bbox 360 5195 554 5255; x_wconf 82' lang='lat' dir='ltr'><strong>potens</strong></span> <span class='ocrx_word' id='word_1_789' title='bbox 586 5201 835 5258; x_wconf 90' lang='lat' dir='ltr'><strong>corpore,</strong></span> <span class='ocrx_word' id='word_1_790' title='bbox 866 5193 921 5242; x_wconf 88' lang='lat' dir='ltr'><strong>et</strong></span> <span class='ocrx_word' id='word_1_791' title='bbox 950 5192 1011 5240; x_wconf 93' lang='lat' dir='ltr'><strong>ut</strong></span> <span class='ocrx_word' id='word_1_792' title='bbox 1033 5183 1204 5239; x_wconf 87' lang='lat' dir='ltr'><strong>vitam</strong></span> <span class='ocrx_word' id='word_1_793' title='bbox 1231 5170 1490 5240; x_wconf 72' lang='lat' dir='ltr'><strong>extendat</strong></span> <span class='ocrx_word' id='word_1_794' title='bbox 1519 5183 1573 5238; x_wconf 90' lang='lat' dir='ltr'><strong>in</strong></span> <span class='ocrx_word' id='word_1_795' title='bbox 1611 5185 1777 5238; x_wconf 90' lang='lat' dir='ltr'><strong>multa</strong></span> <span class='ocrx_word' id='word_1_796' title='bbox 1817 5200 1922 5241; x_wconf 70' lang='lat' dir='ltr'><strong>sae-</strong></span> 
     </span>
    </p>
   </div>
   <div class='ocr_carea' id='block_1_101' title="bbox 359 5272 1922 5339">
    <p class='ocr_par' dir='ltr' id='par_1_101' title="bbox 359 5272 1922 5339">
     <span class='ocr_line' id='line_1_101' title="bbox 359 5272 1922 5339; baseline 0 -10"><span class='ocrx_word' id='word_1_797' title='bbox 359 5276 507 5336; x_wconf 88' lang='lat' dir='ltr'><strong>cula.</strong></span> <span class='ocrx_word' id='word_1_798' title='bbox 549 5276 703 5332; x_wconf 88' lang='lat' dir='ltr'><strong>senio</strong></span> <span class='ocrx_word' id='word_1_799' title='bbox 725 5291 836 5331; x_wconf 90' lang='lat' dir='ltr'><strong>non</strong></span> <span class='ocrx_word' id='word_1_800' title='bbox 864 5273 1171 5339; x_wconf 81' lang='lat' dir='ltr'><strong>confectus,</strong></span> <span class='ocrx_word' id='word_1_801' title='bbox 1202 5280 1259 5329; x_wconf 83' lang='lat' dir='ltr'><strong>et</strong></span> <span class='ocrx_word' id='word_1_802' title='bbox 1304 5272 1497 5329; x_wconf 92' lang='lat' dir='ltr'><strong>morbo</strong></span> <span class='ocrx_word' id='word_1_803' title='bbox 1535 5272 1760 5328; x_wconf 89' lang='lat' dir='ltr'><strong>minime</strong></span> <span class='ocrx_word' id='word_1_804' title='bbox 1792 5273 1922 5329; x_wconf 82' lang='lat' dir='ltr'><strong>ali‘e-</strong></span> 
     </span>
    </p>
   </div>
   <div class='ocr_carea' id='block_1_102' title="bbox 313 5357 1923 5435">
    <p class='ocr_par' dir='ltr' id='par_1_102' title="bbox 313 5357 1923 5435">
     <span class='ocr_line' id='line_1_102' title="bbox 313 5357 1923 5435; baseline -0.001 -18"><span class='ocrx_word' id='word_1_805' title='bbox 313 5357 318 5365; x_wconf 65' lang='grc'><strong>⁷</strong></span> <span class='ocrx_word' id='word_1_806' title='bbox 366 5373 507 5426; x_wconf 86' lang='lat' dir='ltr'><strong>ctus,</strong></span> <span class='ocrx_word' id='word_1_807' title='bbox 545 5364 787 5435; x_wconf 88' lang='lat' dir='ltr'><strong>nullique</strong></span> <span class='ocrx_word' id='word_1_808' title='bbox 819 5364 1117 5420; x_wconf 86' lang='lat' dir='ltr'><strong>calamitati</strong></span> <span class='ocrx_word' id='word_1_809' title='bbox 1148 5364 1441 5430; x_wconf 85' lang='lat' dir='ltr'><strong>obnoxius,</strong></span> <span class='ocrx_word' id='word_1_810' title='bbox 1470 5370 1524 5417; x_wconf 92' lang='lat' dir='ltr'><strong>et</strong></span> <span class='ocrx_word' id='word_1_811' title='bbox 1571 5362 1754 5417; x_wconf 88' lang='lat' dir='ltr'><strong>omnia</strong></span> <span class='ocrx_word' id='word_1_812' title='bbox 1784 5376 1923 5432; x_wconf 89' lang='lat' dir='ltr'><strong>quo-</strong></span> 
     </span>
    </p>
   </div>
   <div class='ocr_carea' id='block_1_103' title="bbox 364 5453 1939 5527">
    <p class='ocr_par' dir='ltr' id='par_1_103' title="bbox 364 5453 1939 5527">
     <span class='ocr_line' id='line_1_103' title="bbox 364 5453 1939 5527; baseline -0.001 -20"><span class='ocrx_word' id='word_1_813' title='bbox 364 5466 487 5507; x_wconf 81' lang='lat' dir='ltr'><strong>rum</strong></span> <span class='ocrx_word' id='word_1_814' title='bbox 520 5454 705 5527; x_wconf 86' lang='lat' dir='ltr'><strong>studio</strong></span> <span class='ocrx_word' id='word_1_815' title='bbox 755 5471 818 5509; x_wconf 90' lang='lat' dir='ltr'><strong>ac</strong></span> <span class='ocrx_word' id='word_1_816' title='bbox 864 5453 1138 5510; x_wconf 88' lang='lat' dir='ltr'><strong>desiderio</strong></span> <span class='ocrx_word' id='word_1_817' title='bbox 1187 5455 1241 5510; x_wconf 92' lang='lat' dir='ltr'><strong>in</strong></span> <span class='ocrx_word' id='word_1_818' title='bbox 1277 5455 1386 5508; x_wconf 88' lang='lat' dir='ltr'><strong>vita</strong></span> <span class='ocrx_word' id='word_1_819' title='bbox 1422 5453 1648 5508; x_wconf 78' lang='lat' dir='ltr'><strong>cliarius</strong></span> <span class='ocrx_word' id='word_1_820' title='bbox 1672 5458 1939 5507; x_wconf 79' lang='lat' dir='ltr'><strong>tenentur</strong></span> 
     </span>
    </p>
   </div>
   <div class='ocr_carea' id='block_1_104' title="bbox 362 5538 1925 5613">
    <p class='ocr_par' dir='ltr' id='par_1_104' title="bbox 362 5538 1925 5613">
     <span class='ocr_line' id='line_1_104' title="bbox 362 5538 1925 5613; baseline 0 -16"><span class='ocrx_word' id='word_1_821' title='bbox 362 5538 660 5599; x_wconf 82' lang='lat' dir='ltr'><strong>homines?</strong></span> <span class='ocrx_word' id='word_1_822' title='bbox 704 5543 810 5599; x_wconf 71' lang='lat' dir='ltr'><strong>Scal</strong></span> <span class='ocrx_word' id='word_1_823' title='bbox 868 5560 1027 5600; x_wconf 88' lang='lat' dir='ltr'><strong>nemo</strong></span> <span class='ocrx_word' id='word_1_824' title='bbox 1080 5553 1163 5600; x_wconf 90' lang='lat' dir='ltr'><strong>est</strong></span> <span class='ocrx_word' id='word_1_825' title='bbox 1221 5545 1355 5601; x_wconf 88' lang='lat' dir='ltr'><strong>adeo</strong></span> <span class='ocrx_word' id='word_1_826' title='bbox 1422 5545 1684 5612; x_wconf 85' lang='lat' dir='ltr'><strong>stolidus,</strong></span> <span class='ocrx_word' id='word_1_827' title='bbox 1750 5559 1925 5613; x_wconf 79' lang='lat' dir='ltr'><strong>neque</strong></span> 
     </span>
    </p>
   </div>
   <div class='ocr_carea' id='block_1_105' title="bbox 2018 4364 3579 4438">
    <p class='ocr_par' dir='ltr' id='par_1_105' title="bbox 2018 4364 3579 4438">
     <span class='ocr_line' id='line_1_105' title="bbox 2018 4364 3579 4438; baseline 0.003 -20"><span class='ocrx_word' id='word_1_828' title='bbox 2018 4364 2116 4436; x_wconf 83' lang='grc' dir='ltr'>τὴν</span> <span class='ocrx_word' id='word_1_829' title='bbox 2157 4364 2402 4438; x_wconf 78' lang='grc' dir='ltr'>ψάμμον,</span> <span class='ocrx_word' id='word_1_830' title='bbox 2443 4365 2513 4420; x_wconf 82' lang='grc' dir='ltr'><strong>τά</strong></span> <span class='ocrx_word' id='word_1_831' title='bbox 2558 4366 2680 4438; x_wconf 83' lang='grc' dir='ltr'>δρη,</span> <span class='ocrx_word' id='word_1_832' title='bbox 2722 4366 2791 4421; x_wconf 84' lang='grc' dir='ltr'>τὰ</span> <span class='ocrx_word' id='word_1_833' title='bbox 2834 4365 3013 4433; x_wconf 84' lang='grc' dir='ltr'>πεδία,</span> <span class='ocrx_word' id='word_1_834' title='bbox 3059 4368 3157 4434; x_wconf 80' lang='grc' dir='ltr'>τὰς</span> <span class='ocrx_word' id='word_1_835' title='bbox 3185 4370 3383 4435; x_wconf 78' lang='grc' dir='ltr'>νάπας,</span> <span class='ocrx_word' id='word_1_836' title='bbox 3412 4371 3579 4425; x_wconf 82' lang='grc' dir='ltr'>πάντα</span> 
     </span>
    </p>
   </div>
   <div class='ocr_carea' id='block_1_106' title="bbox 2020 4455 3578 4535">
    <p class='ocr_par' dir='ltr' id='par_1_106' title="bbox 2020 4455 3578 4535">
     <span class='ocr_line' id='line_1_106' title="bbox 2020 4455 3578 4535; baseline 0.001 -27"><span class='ocrx_word' id='word_1_837' title='bbox 2020 4455 2306 4535; x_wconf 55' lang='grc' dir='ltr'>ὑποθῶμξν</span> <span class='ocrx_word' id='word_1_838' title='bbox 2325 4455 2462 4527; x_wconf 78' lang='grc' dir='ltr'>πρὸς</span> <span class='ocrx_word' id='word_1_839' title='bbox 2482 4455 2683 4527; x_wconf 89' lang='grc' dir='ltr'>ταύτην</span> <span class='ocrx_word' id='word_1_840' title='bbox 2704 4456 2843 4511; x_wconf 86' lang='grc' dir='ltr'><strong>κατά</strong></span> <span class='ocrx_word' id='word_1_841' title='bbox 2861 4456 2922 4512; x_wconf 85' lang='grc' dir='ltr'><strong>τδ</strong></span> <span class='ocrx_word' id='word_1_842' title='bbox 2940 4455 3134 4530; x_wconf 82' lang='grc' dir='ltr'>ἀθρόον</span> <span class='ocrx_word' id='word_1_843' title='bbox 3156 4458 3578 4530; x_wconf 75' lang='grc' dir='ltr'>μεταϐεϐλῆσθαι</span> 
     </span>
    </p>
   </div>
   <div class='ocr_carea' id='block_1_107' title="bbox 2018 4543 3580 4628">
    <p class='ocr_par' dir='ltr' id='par_1_107' title="bbox 2018 4543 3580 4628">
     <span class='ocr_line' id='line_1_107' title="bbox 2018 4543 3580 4628; baseline 0.004 -31"><span class='ocrx_word' id='word_1_844' title='bbox 2018 4545 2117 4616; x_wconf 82' lang='grc' dir='ltr'>τὴν</span> <span class='ocrx_word' id='word_1_845' title='bbox 2164 4544 2315 4616; x_wconf 72' lang='grc' dir='ltr'>ὕλην,</span> <span class='ocrx_word' id='word_1_846' title='bbox 2349 4544 2404 4598; x_wconf 90' lang='grc' dir='ltr'><strong>τί</strong></span> <span class='ocrx_word' id='word_1_847' title='bbox 2445 4544 2584 4617; x_wconf 67' lang='grc' dir='ltr'>πρὸς</span> <span class='ocrx_word' id='word_1_848' title='bbox 2618 4545 2957 4617; x_wconf 80' lang='grc' dir='ltr'>εὐδαιμονίαν</span> <span class='ocrx_word' id='word_1_849' title='bbox 2990 4546 3078 4601; x_wconf 82' lang='grc' dir='ltr'>διὰ</span> <span class='ocrx_word' id='word_1_850' title='bbox 3110 4547 3313 4602; x_wconf 84' lang='grc' dir='ltr'>τούτων</span> <span class='ocrx_word' id='word_1_851' title='bbox 3340 4543 3580 4628; x_wconf 71' lang='grc' dir='ltr'>ὲπιδὼσεξ</span> 
     </span>
    </p>
   </div>
   <div class='ocr_carea' id='block_1_108' title="bbox 2019 4634 3581 4708">
    <p class='ocr_par' dir='ltr' id='par_1_108' title="bbox 2019 4634 3581 4708">
     <span class='ocr_line' id='line_1_108' title="bbox 2019 4634 3581 4708; baseline -0.001 -18"><span class='ocrx_word' id='word_1_852' title='bbox 2019 4638 2049 4690; x_wconf 83' lang='grc' dir='ltr'>ὁ</span> <span class='ocrx_word' id='word_1_853' title='bbox 2091 4636 2235 4707; x_wconf 83' lang='grc' dir='ltr'>βίος;</span> <span class='ocrx_word' id='word_1_854' title='bbox 2276 4635 2338 4689; x_wconf 74' lang='lat' dir='ltr'><strong>Et</strong></span> <span class='ocrx_word' id='word_1_855' title='bbox 2385 4637 2559 4690; x_wconf 70' lang='grc' dir='ltr'>ἐκεῖνο</span> <span class='ocrx_word' id='word_1_856' title='bbox 2602 4638 2660 4689; x_wconf 83' lang='grc' dir='ltr'><strong>ὲν</strong></span> <span class='ocrx_word' id='word_1_857' title='bbox 2692 4637 2852 4690; x_wconf 78' lang='grc' dir='ltr'>παντὶ</span> <span class='ocrx_word' id='word_1_858' title='bbox 2893 4636 3078 4708; x_wconf 81' lang='grc' dir='ltr'>βλέπει</span> <span class='ocrx_word' id='word_1_859' title='bbox 3123 4634 3152 4690; x_wconf 81' lang='grc' dir='ltr'><strong>δ</strong></span> <span class='ocrx_word' id='word_1_860' title='bbox 3196 4637 3290 4692; x_wconf 81' lang='grc' dir='ltr'><strong>νῦν</strong></span> <span class='ocrx_word' id='word_1_861' title='bbox 3324 4636 3384 4692; x_wconf 71' lang='grc' dir='ltr'>ὲν</span> <span class='ocrx_word' id='word_1_862' title='bbox 3428 4637 3581 4705; x_wconf 80' lang='grc' dir='ltr'>ὀλίγῳ</span> 
     </span>
    </p>
   </div>
   <div class='ocr_carea' id='block_1_109' title="bbox 2020 4725 3603 4799">
    <p class='ocr_par' dir='ltr' id='par_1_109' title="bbox 2020 4725 3603 4799">
     <span class='ocr_line' id='line_1_109' title="bbox 2020 4725 3603 4799; baseline -0.002 -17"><span class='ocrx_word' id='word_1_863' title='bbox 2020 4728 2141 4799; x_wconf 78' lang='grc' dir='ltr'>ὁρᾷ,</span> <span class='ocrx_word' id='word_1_864' title='bbox 2166 4725 2218 4780; x_wconf 90' lang='grc' dir='ltr'><strong>τί</strong></span> <span class='ocrx_word' id='word_1_865' title='bbox 2250 4726 2356 4781; x_wconf 88' lang='grc' dir='ltr'>τῶν</span> <span class='ocrx_word' id='word_1_866' title='bbox 2407 4727 2506 4797; x_wconf 80' lang='grc' dir='ltr'><strong>τῆς</strong></span> <span class='ocrx_word' id='word_1_867' title='bbox 2547 4727 2724 4799; x_wconf 77' lang='grc' dir='ltr'>ψυχῆς</span> <span class='ocrx_word' id='word_1_868' title='bbox 2755 4728 2995 4797; x_wconf 84' lang='grc' dir='ltr'>ἀγαθῶν,</span> <span class='ocrx_word' id='word_1_869' title='bbox 3020 4730 3076 4784; x_wconf 91' lang='grc' dir='ltr'><strong>τί</strong></span> <span class='ocrx_word' id='word_1_870' title='bbox 3107 4730 3215 4784; x_wconf 87' lang='grc' dir='ltr'><strong>τῶν</strong></span> <span class='ocrx_word' id='word_1_871' title='bbox 3250 4730 3392 4784; x_wconf 81' lang='grc' dir='ltr'>κατὰ</span> <span class='ocrx_word' id='word_1_872' title='bbox 3432 4728 3603 4797; x_wconf 66' lang='grc' dir='ltr'>σῶμα*</span> 
     </span>
    </p>
   </div>
   <div class='ocr_carea' id='block_1_110' title="bbox 2024 4813 3621 4890">
    <p class='ocr_par' dir='ltr' id='par_1_110' title="bbox 2024 4813 3621 4890">
     <span class='ocr_line' id='line_1_110' title="bbox 2024 4813 3621 4890; baseline 0.004 -21"><span class='ocrx_word' id='word_1_873' title='bbox 2024 4814 2484 4886; x_wconf 82' lang='grc' dir='ltr'>σπουδαζομένων,</span> <span class='ocrx_word' id='word_1_874' title='bbox 2512 4813 2602 4869; x_wconf 86' lang='grc' dir='ltr'><strong>διὰ</strong></span> <span class='ocrx_word' id='word_1_875' title='bbox 2643 4816 2741 4886; x_wconf 84' lang='grc' dir='ltr'>τῆς</span> <span class='ocrx_word' id='word_1_876' title='bbox 2786 4816 3040 4890; x_wconf 85' lang='grc' dir='ltr'>τοιαύτης</span> <span class='ocrx_word' id='word_1_877' title='bbox 3085 4818 3397 4890; x_wconf 81' lang='grc' dir='ltr'>περιουσίας</span> <span class='ocrx_word' id='word_1_878' title='bbox 3430 4816 3581 4887; x_wconf 81' lang='grc' dir='ltr'>γενή·</span> <span class='ocrx_word' id='word_1_879' title='bbox 3614 4866 3621 4875; x_wconf 67' lang='lat'><strong>,</strong></span> 
     </span>
    </p>
   </div>
   <div class='ocr_carea' id='block_1_111' title="bbox 2026 4907 3581 4980">
    <p class='ocr_par' dir='ltr' id='par_1_111' title="bbox 2026 4907 3581 4980">
     <span class='ocr_line' id='line_1_111' title="bbox 2026 4907 3581 4980; baseline -0.003 -18"><span class='ocrx_word' id='word_1_880' title='bbox 2026 4925 2212 4975; x_wconf 85' lang='grc' dir='ltr'>σεται;</span> <span class='ocrx_word' id='word_1_881' title='bbox 2247 4908 2354 4980; x_wconf 78' lang='grc' dir='ltr'>ἄρα</span> <span class='ocrx_word' id='word_1_882' title='bbox 2373 4925 2458 4972; x_wconf 87' lang='grc' dir='ltr'><strong>τις</strong></span> <span class='ocrx_word' id='word_1_883' title='bbox 2504 4908 2655 4972; x_wconf 76' lang='grc' dir='ltr'>ἐλπὶς</span> <span class='ocrx_word' id='word_1_884' title='bbox 2691 4907 2842 4962; x_wconf 75' lang='grc' dir='ltr'>ἔσται</span> <span class='ocrx_word' id='word_1_885' title='bbox 2885 4908 2974 4963; x_wconf 87' lang='grc' dir='ltr'><strong>διὰ</strong></span> <span class='ocrx_word' id='word_1_886' title='bbox 3001 4907 3209 4975; x_wconf 87' lang='grc' dir='ltr'>τούτου,</span> <span class='ocrx_word' id='word_1_887' title='bbox 3259 4910 3319 4962; x_wconf 79' lang='grc' dir='ltr'>τὸ</span> <span class='ocrx_word' id='word_1_888' title='bbox 3354 4910 3412 4962; x_wconf 80' lang='grc' dir='ltr'><strong>ὲν</strong></span> <span class='ocrx_word' id='word_1_889' title='bbox 3466 4910 3581 4959; x_wconf 67' lang='grc' dir='ltr'>τοσα-</span> 
     </span>
    </p>
   </div>
   <div class='ocr_carea' id='block_1_112' title="bbox 2022 4998 3581 5072">
    <p class='ocr_par' dir='ltr' id='par_1_112' title="bbox 2022 4998 3581 5072">
     <span class='ocr_line' id='line_1_112' title="bbox 2022 4998 3581 5072; baseline -0.003 -19"><span class='ocrx_word' id='word_1_890' title='bbox 2022 4999 2163 5072; x_wconf 83' lang='grc' dir='ltr'>ούτῳ</span> <span class='ocrx_word' id='word_1_891' title='bbox 2195 4998 2372 5064; x_wconf 80' lang='grc' dir='ltr'>ζῶντα</span> <span class='ocrx_word' id='word_1_892' title='bbox 2404 4998 2586 5071; x_wconf 85' lang='grc' dir='ltr'>χρυσῷ</span> <span class='ocrx_word' id='word_1_893' title='bbox 2624 4998 2874 5069; x_wconf 82' lang='grc' dir='ltr'>γενέσθαι</span> <span class='ocrx_word' id='word_1_894' title='bbox 2925 4999 3107 5070; x_wconf 71' lang='grc' dir='ltr'>σοφὸν,</span> <span class='ocrx_word' id='word_1_895' title='bbox 3145 5002 3419 5072; x_wconf 86' lang='grc' dir='ltr'>ἀγχίνουν,</span> <span class='ocrx_word' id='word_1_896' title='bbox 3457 4998 3581 5051; x_wconf 76' lang='grc' dir='ltr'>θεω·</span> 
     </span>
    </p>
   </div>
   <div class='ocr_carea' id='block_1_113' title="bbox 2028 5080 3575 5163">
    <p class='ocr_par' dir='ltr' id='par_1_113' title="bbox 2028 5080 3575 5163">
     <span class='ocr_line' id='line_1_113' title="bbox 2028 5080 3575 5163; baseline -0.001 -20"><span class='ocrx_word' id='word_1_897' title='bbox 2028 5087 2263 5162; x_wconf 84' lang='grc' dir='ltr'>ρητικδν,</span> <span class='ocrx_word' id='word_1_898' title='bbox 2296 5091 2649 5161; x_wconf 79' lang='grc' dir='ltr'>ἐπιστήμονα,</span> <span class='ocrx_word' id='word_1_899' title='bbox 2682 5088 2832 5160; x_wconf 81' lang='grc' dir='ltr'>φίλον</span> <span class='ocrx_word' id='word_1_900' title='bbox 2859 5089 2998 5162; x_wconf 78' lang='grc' dir='ltr'>Θεῷ,</span> <span class='ocrx_word' id='word_1_901' title='bbox 3038 5089 3305 5163; x_wconf 79' lang='grc' dir='ltr'>σώφρονα,</span> <span class='ocrx_word' id='word_1_902' title='bbox 3329 5080 3575 5161; x_wconf 71' lang='grc' dir='ltr'>καθαρὸν,</span> 
     </span>
    </p>
   </div>
   <div class='ocr_carea' id='block_1_114' title="bbox 2024 5178 3585 5253">
    <p class='ocr_par' dir='ltr' id='par_1_114' title="bbox 2024 5178 3585 5253">
     <span class='ocr_line' id='line_1_114' title="bbox 2024 5178 3585 5253; baseline -0.004 -19"><span class='ocrx_word' id='word_1_903' title='bbox 2024 5178 2230 5251; x_wconf 83' lang='grc' dir='ltr'>ἀπαθῆ,</span> <span class='ocrx_word' id='word_1_904' title='bbox 2244 5180 2442 5244; x_wconf 83' lang='grc' dir='ltr'>παντὸς</span> <span class='ocrx_word' id='word_1_905' title='bbox 2460 5179 2553 5234; x_wconf 81' lang='grc' dir='ltr'><strong>τοῦ</strong></span> <span class='ocrx_word' id='word_1_906' title='bbox 2576 5180 2710 5253; x_wconf 77' lang='grc' dir='ltr'>πρὸς</span> <span class='ocrx_word' id='word_1_907' title='bbox 2736 5178 2930 5235; x_wconf 88' lang='grc' dir='ltr'>κακίαν</span> <span class='ocrx_word' id='word_1_908' title='bbox 2958 5180 3312 5245; x_wconf 86' lang='grc' dir='ltr'>καθέλκοντος</span> <span class='ocrx_word' id='word_1_909' title='bbox 3335 5179 3505 5252; x_wconf 80' lang='grc' dir='ltr'>ἀμιγῆ</span> <span class='ocrx_word' id='word_1_910' title='bbox 3524 5192 3585 5229; x_wconf 82' lang='grc' dir='ltr'><strong>τε</strong></span> 
     </span>
    </p>
   </div>
   <div class='ocr_carea' id='block_1_115' title="bbox 2027 5264 3579 5341">
    <p class='ocr_par' dir='ltr' id='par_1_115' title="bbox 2027 5264 3579 5341">
     <span class='ocr_line' id='line_1_115' title="bbox 2027 5264 3579 5341; baseline -0.002 -18"><span class='ocrx_word' id='word_1_911' title='bbox 2027 5271 2119 5323; x_wconf 73' lang='grc' dir='ltr'><strong>καὶ</strong></span> <span class='ocrx_word' id='word_1_912' title='bbox 2146 5270 2552 5341; x_wconf 85' lang='grc' dir='ltr'>ἀπαράδεκτον;</span> <span class='ocrx_word' id='word_1_913' title='bbox 2588 5268 2620 5340; x_wconf 81' lang='grc' dir='ltr'>ἢ</span> <span class='ocrx_word' id='word_1_914' title='bbox 2669 5268 2825 5323; x_wconf 80' lang='grc' dir='ltr'>τοῦτο</span> <span class='ocrx_word' id='word_1_915' title='bbox 2849 5271 2946 5341; x_wconf 84' lang='grc' dir='ltr'>μὲν</span> <span class='ocrx_word' id='word_1_916' title='bbox 3003 5269 3144 5340; x_wconf 70' lang='grc' dir='ltr'>οὐχὶ,</span> <span class='ocrx_word' id='word_1_917' title='bbox 3188 5269 3407 5323; x_wconf 78' lang='grc' dir='ltr'>δυνατὸν</span> <span class='ocrx_word' id='word_1_918' title='bbox 3429 5268 3485 5322; x_wconf 81' lang='grc' dir='ltr'>δὲ</span> <span class='ocrx_word' id='word_1_919' title='bbox 3508 5264 3579 5331; x_wconf 81' lang='grc' dir='ltr'><strong>τῷ</strong></span> 
     </span>
    </p>
   </div>
   <div class='ocr_carea' id='block_1_116' title="bbox 2028 5354 3578 5432">
    <p class='ocr_par' dir='ltr' id='par_1_116' title="bbox 2028 5354 3578 5432">
     <span class='ocr_line' id='line_1_116' title="bbox 2028 5354 3578 5432; baseline 0.001 -18"><span class='ocrx_word' id='word_1_920' title='bbox 2028 5360 2259 5432; x_wconf 80' lang='grc' dir='ltr'>σώματι,</span> <span class='ocrx_word' id='word_1_921' title='bbox 2294 5363 2386 5415; x_wconf 73' lang='grc' dir='ltr'>καὶ</span> <span class='ocrx_word' id='word_1_922' title='bbox 2414 5363 2494 5425; x_wconf 87' lang='grc' dir='ltr'><strong>είς</strong></span> <span class='ocrx_word' id='word_1_923' title='bbox 2530 5360 2727 5425; x_wconf 80' lang='grc' dir='ltr'>πολλὰς</span> <span class='ocrx_word' id='word_1_924' title='bbox 2766 5360 2900 5415; x_wconf 75' lang='grc' dir='ltr'>ἐτῶν</span> <span class='ocrx_word' id='word_1_925' title='bbox 2940 5360 3296 5424; x_wconf 73' lang='grc' dir='ltr'>ἑκατοντάδας</span> <span class='ocrx_word' id='word_1_926' title='bbox 3324 5359 3420 5430; x_wconf 79' lang='grc' dir='ltr'>τὴν</span> <span class='ocrx_word' id='word_1_927' title='bbox 3445 5354 3578 5425; x_wconf 74' lang='grc' dir='ltr'>ζωὴν</span> 
     </span>
    </p>
   </div>
   <div class='ocr_carea' id='block_1_117' title="bbox 2028 5443 3578 5523">
    <p class='ocr_par' dir='ltr' id='par_1_117' title="bbox 2028 5443 3578 5523">
     <span class='ocr_line' id='line_1_117' title="bbox 2028 5443 3578 5523; baseline -0.002 -19"><span class='ocrx_word' id='word_1_928' title='bbox 2028 5452 2432 5522; x_wconf 85' lang='grc' dir='ltr'>παρατείνοντα,</span> <span class='ocrx_word' id='word_1_929' title='bbox 2466 5453 2657 5523; x_wconf 77' lang='grc' dir='ltr'>ἀγήρω</span> <span class='ocrx_word' id='word_1_930' title='bbox 2680 5452 2772 5506; x_wconf 72' lang='grc' dir='ltr'><strong>καὶ</strong></span> <span class='ocrx_word' id='word_1_931' title='bbox 2811 5453 2998 5507; x_wconf 78' lang='grc' dir='ltr'>ἄνοσον</span> <span class='ocrx_word' id='word_1_932' title='bbox 3042 5451 3133 5505; x_wconf 74' lang='grc' dir='ltr'><strong>καὶ</strong></span> <span class='ocrx_word' id='word_1_933' title='bbox 3176 5450 3455 5519; x_wconf 85' lang='grc' dir='ltr'>ἀπήμονα,</span> <span class='ocrx_word' id='word_1_934' title='bbox 3493 5443 3578 5497; x_wconf 77' lang='grc' dir='ltr'><strong>καὶ</strong></span> 
     </span>
    </p>
   </div>
   <div class='ocr_carea' id='block_1_118' title="bbox 2032 5527 3578 5616">
    <p class='ocr_par' dir='ltr' id='par_1_118' title="bbox 2032 5527 3578 5616">
     <span class='ocr_line' id='line_1_118' title="bbox 2032 5527 3578 5616; baseline -0.003 -21"><span class='ocrx_word' id='word_1_935' title='bbox 2032 5544 2202 5596; x_wconf 81' lang='grc' dir='ltr'>πάντα</span> <span class='ocrx_word' id='word_1_936' title='bbox 2236 5545 2331 5597; x_wconf 80' lang='grc' dir='ltr'>ὅσα</span> <span class='ocrx_word' id='word_1_937' title='bbox 2360 5543 2481 5614; x_wconf 70' lang='grc' dir='ltr'>περὶ</span> <span class='ocrx_word' id='word_1_938' title='bbox 2508 5544 2596 5597; x_wconf 72' lang='grc' dir='ltr'>τὸν</span> <span class='ocrx_word' id='word_1_939' title='bbox 2627 5546 2682 5597; x_wconf 85' lang='grc' dir='ltr'><strong>ὲν</strong></span> <span class='ocrx_word' id='word_1_940' title='bbox 2714 5543 2873 5616; x_wconf 69' lang='grc' dir='ltr'>σαρκὶ</span> <span class='ocrx_word' id='word_1_941' title='bbox 2900 5543 3009 5612; x_wconf 82' lang='grc' dir='ltr'>βίον</span> <span class='ocrx_word' id='word_1_942' title='bbox 3039 5538 3420 5604; x_wconf 74' lang='grc' dir='ltr'>σπονδάζεταις</span> <span class='ocrx_word' id='word_1_943' title='bbox 3453 5527 3578 5590; x_wconf 78' lang='grc' dir='ltr'>Ἀλλ’</span> 
     </span>
    </p>
   </div>
  </div>
