3738 5984
139 169 228 228 669

1111 221 1117 226 .
1166 170 1236 228 ΙΝ
1274 168 1813 227 ECCLESIASTEN.
1849 168 2132 226 HOMILIA
2168 169 2259 224 Ν.

3249 170 3355 226 ϐτί)

136 284 290 348 οὐδεὶς
328 282 472 339 οὕτω
521 284 767 356 μάταιος,
809 283 931 338 οὐδὲ
956 285 1053 354 τῆς
1116 280 1331 354 φύσεως
1369 284 1468 355 τῆς
1508 300 1612 336 non

1881 282 2100 338 nmuuis
2127 289 2334 337 naturae
2356 281 2492 338 adeo
2518 281 2826 352 imperitus,
2861 295 2920 339 ιιι
2940 284 3053 339 haec
3081 285 3357 341 existimet

138 374 547 439 ἀνιπίσκεπτος,
594 376 671 439 ὠς
725 374 900 429 ταῦτα
956 375 1173 446 νομίσαι
1221 378 1357 438 τοῖς.
1386 373 1691 444 ἀνθρώποις

139 450 525 538 προσ-γίνεσθαι,
554 465 710 535 εἴπερ
738 465 819 529 είς
856 464 1056 535 πλῆθος
1095 463 1323 533 ἄφθονον
1359 464 1393 534 ὴ
1420 462 1527 516 τῶν
1558 478 1691 533 χρη-

138 554 309 628 μάτων
338 544 436 625 ΰλη
461 553 581 607 κατ’
613 553 859 620 ἐξουσίαν
897 554 1032 608 πᾶσι
1071 554 1372 625 προχιοιτο.
1415 550 1568 605 Ἐπεὶ
1598 546 1693 604 καὶ

141 642 223 697 νῦν
253 643 394 698 ἔστιν
432 644 558 697 ίδείν
594 643 817 709 πολλοὺς
853 644 1133 721 τῶνικατὰ
1154 643 1249 715 τὴν
1278 642 1532 713 τοιαύτην
1561 658 1694 712 προ-

143 731 353 802 εχόντων
385 731 696 801 περιουσίαν
736 731 953 803 ιλεεινῷ
1001 731 1223 805 σώματιὴ
1258 731 1486 796 ζῶντας,
1528 726 1609 793 οἷς
1643 729 1693 782 εί

144 821 211 893 μὴ
233 822 448 891 παρεῖεν
470 824 519 875 oi
541 820 948 894 θεραπεύοντες,
986 822 1062 893 μὴ
1102 821 1231 876 ἄνευ
1274 820 1451 875 αὐτῶν
1479 820 1695 883 ἱκανοὺς

143 906 265 963 εἶναι
296 910 431 979 πρὸς
466 910 567 980 τὴν
614 910 777 981 ζωήν.
809 912 872 966 Εί
902 906 996 965 οὖν
1036 912 1070 981 ἡ
1115 910 1235 965 καθ’
1274 908 1529 963 ὑπόθεσιν
1562 910 1695 978 ἡμῖν

144 1000 226 1053 τοῦ
271 1001 491 1070 χρυσίου
542 1002 825 1072 περιουσία
865 1001 1189 1074 προτεθεῖσα
1237 1001 1317 1073 τῷ
1361 1000 1524 1071 λόγῳ,
1564 997 1695 1067 οὔτε

146 1089 398 1161 σώματος,
421 1089 543 1145 οὔτε
565 1091 744 1163 ψυχῆς
770 1110 823 1148 τι
849 1094 1036 1165 κέρδος
1062 1092 1334 1160 ὑπέδειξεν
1353 1109 1367 1125 ο
1396 1092 1529 1146 πολὺ
1561 1090 1698 1162 μᾶλα

145 1181 223 1235 λον
236 1181 293 1234 τὸ
310 1183 369 1235 ὲν
387 1181 551 1252 ὀλίγῳ
567 1182 910 1254 δεικνύμενον
929 1184 1198 1256 ἄχρηστον
1215 1186 1297 1249 εἰς
1315 1183 1575 1255 ὠφέλειαν
1588 1183 1696 1240 τῶν

144 1267 356 1339 ἑχόντων
384 1270 680 1341 ἐλέγχεται.
711 1267 791 1328 Ἦ
815 1273 869 1326 τί
899 1273 1007 1344 γάρ
1036 1274 1102 1329 ἂν
1135 1272 1343 1342 γένοιτο
1378 1273 1506 1343 παρ’
1527 1271 1697 1342 αὐτῆς

143 1363 230 1432 τῆς
256 1363 387 1434 ὕλης
419 1362 498 1435 τῷ
532 1363 733 1434 ἔχοντι,
768 1364 803 1437 ἢ
833 1365 970 1437 μήτε
998 1365 1205 1434 γεύσει,
1243 1366 1381 1437 μήτε
1411 1363 1697 1435 ὀσφρήσει,

146 1454 270 1523 μήτε
285 1455 354 1525 τῇ
382 1454 520 1525 ἀκοῇ
546 1454 767 1525 ἐνεργὸν
796 1450 1025 1524 γίνεται,
1052 1452 1086 1526 ἢ
1113 1455 1256 1510 κατά
1276 1454 1376 1526 τὴν
1402 1454 1546 1525 ἀφὴν
1570 1455 1698 1525 δμο-

143 1544 303 1615 τίμως
334 1544 471 1617 πρὸς
498 1548 607 1603 πᾶν
639 1546 702 1602 τὸ
727 1546 1018 1603 ἀντίτυπον
1052 1546 1197 1618 ἔχεις
1238 1546 1315 1618 μὴ
1345 1547 1452 1619 γάρ
1482 1563 1570 1616 μοι
1598 1544 1698 1616 τὴν

143 1610 208 1689 ἐκ
225 1610 663 1709 συναλλάγματος
690 1638 1057 1710 ποριζομένην
1302 1610 1369 1707 ’ἢν
1387 1610 1697 1708 “sp-I501“.
1730 1610 1772 1666 Β

144 1724 215 1795 τῷ
234 1726 421 1798 χρυσῷ
453 1727 788 1799 προστιθὲτω
813 1745 918 1792 τις.
952 1729 1011 1781 '0
1034 1729 1142 1800 γὰρ
1162 1728 1372 1800 χρυσίῳ
1397 1727 1488 1780 τὴν
1513 1728 1697 1798 ἄρτον,

142 1813 174 1883 η
204 1812 262 1867 τὸ
290 1816 507 1885 ἱμάτιον
543 1815 931 1887 ἀλλαξάμενος,
956 1817 1052 1871 τοῦ
1093 1818 1367 1888 ἀχρήστου
1395 1814 1457 1869 τὸ
1488 1817 1703 1887 ἐπωφει

143 1904 225 1969 λὶς
248 1900 589 1977 διημείψατο,
622 1907 716 1963 καὶ
744 1907 832 1979 ζῇ,
861 1908 1065 1980 τροφὴν
1103 1907 1281 1979 ἐαυτῷ
1306 1909 1398 1962 τὸν
1425 1909 1609 1979 ἄρτον,
1637 1908 1698 1961 οὐ

143 1993 226 2049 τὸν
246 1995 445 2067 χρυσὸν
483 1998 869 2069 ποιησάμενος.
905 1998 968 2053 ’0
990 1999 1047 2052 δὲ
1073 1998 1170 2070 τὴν
1203 1998 1337 2069 ὓλην
1376 1998 1576 2069 ταύτην
1612 1995 1702 2050 διὰ

142 2085 242 2138 τῶν
265 2086 524 2141 τοιούτων
550 2087 1007 2158 συναλλαγμάτων
1031 2089 1210 2160 ἑαυτῷ
1240 2088 1580 2158 συναγαγὼν,
1620 2090 1702 2153 είς

143 2175 193 2228 τί
211 2160 314 2231 sibi:
335 2179 635 2249 χρημάτων
658 2178 930 2245 ἀπώνατο,
956 2181 1041 2244 τίς
1065 2180 1341 2251 συμϐουλὴ
1364 2179 1453 2233 διὰ
1474 2179 1700 2245 τούτων,

144 2264 224 2327 τίς
274 2266 596 2321 διδασκαλία
656 2269 997 2340 πραγμάτων
1017 2306 1032 2333 ,
1084 2270 1213 2323 ποία
1265 2268 1360 2324 τοῦ
1422 2269 1703 2340 μέλλοντος

147 2357 470 2428 πρόρρησις;
497 2359 595 2423 Τίς
622 2359 759 2430 πρὸς
781 2359 882 2423 τάς
908 2359 1002 2413 τοῦ
1034 2357 1282 2430 σώματος
1308 2356 1494 2424 ὀδύνας
1525 2375 1704 2431 παρα-

149 2447 331 2516 μυθίαν
368 2449 562 2520 ἐσχενς
608 2450 933 2522 ἠρίθμησεν,
964 2449 1219 2515 ἀπέθετο,
1265 2450 1521 2522 σφραγῖδι
1570 2466 1705 2503 κατ⁸

147 2538 468 2610 εσημήνατο,
503 2540 746 2611 αἰτηθεὶς
795 2541 1086 2613 ἠρνήσατο,
1127 2539 1451 2610 ἀπιστηθεὶς
1482 2539 1577 2592 καὶ
1603 2540 1707 2591 ὲπ-

145 2624 371 2695 ώμοσεν.
418 2622 593 2693 Οὗτος
624 2630 653 2681 ό
677 2629 1041 2701 μακαρισμὸς,
1069 2629 1228 2683 τοῦτο
1253 2630 1353 2700 τῆς
1389 2630 1623 2700 σπουδῆς
1646 2629 1708 2682 τὸ

148 2717 331 2788 πέρας,
369 2718 513 2791 αὕτη
543 2721 577 2790 ἡ
610 2719 928 2784 ἀπόλαυσις,
981 2721 1143 2791 μέχρι
1168 2719 1359 2773 τούτου
1389 2722 1423 2791 ή
1458 2720 1710 2788 εὔδαιμον

149 2806 250 2871 νία,
278 2807 356 2874 τὸ,
389 2808 523 2879 ὕλην
545 2811 609 2878 τῇ
638 2808 893 2880 ἐπιορκία
912 2809 1258 2880 πορίσασθαι.
1298 2808 1434 2862 Ἀλλ’
1457 2808 1708 2879 εὔχρουν,

150 2902 295 2970 φησὶ,
323 2900 420 2955 τοῦ
465 2901 688 2973 χρυσίου
731 2900 793 2954 τὸ
823 2896 982 2965 εἶδος.
1016 2901 1109 2973 Μὴ
1145 2902 1240 2955 καὶ
1279 2900 1375 2955 τοῦ
1409 2901 1578 2972 πυρὸς
1620 2901 1711 2954 εὑ·

150 2990 480 3064 χροὼαερονε
523 2994 614 3066 Μὴ
653 2993 761 3047 τῶν
800 2993 903 3053 ἀστ
987 3011 1017 3048 ν
1054 2993 1573 3065 περικαλλέστερον;
1619 2990 1712 3064 Μὴ

150 3081 250 3136 τῶν
273 3084 510 3137 ἀκτίνων
531 3082 625 3137 τοῦ
656 3084 808 3137 ἡλίου
840 3011 1185 3137 (pagg-ceam:
1213 3084 1310 3137 Τίς
1341 3084 1371 3137 ὁ
1398 3083 1623 3137 κωλύων
1652 3098 1712 3136 σε

149 3081 250 3136 τῶν
273 3084 510 3141 ἀκτίνων
531 3082 625 3139 τοῦ
656 3084 808 3154 ἡλίου
840 3081 1185 3155 φανίῦτερον;
1213 3084 1310 3148 Τίς
1341 3084 1371 3137 ὁ
1398 3083 1623 3138 κωλύων
1652 3098 1715 3136 σε

150 3170 243 3240 τῆς
268 3171 625 3237 ἀπολαύσεως
649 3173 874 3243 ταύτης,
903 3170 1047 3226 ὥστε
1082 3189 1166 3226 σοι
1191 3172 1435 3243 ἀνάγκην
1464 3166 1601 3226 εἶναι
1625 3171 1716 3225 διά

148 3261 242 3332 τῆς
281 3263 539 3335 εὐχροίας
573 3263 667 3319 τοῦ
716 3264 919 3337 χρυσοῦ
961 3265 1034 3319 τὰ
1080 3265 1178 3335 τῆς
1224 3264 1416 3335 ἡδονῆς
1467 3262 1715 3335 πορίζειν

150 3355 261 3416 ταῖς
289 3353 509 3423 διῖκεσιη
552 3355 712 3409 ’Δλλά
748 3356 1052 3422 σϐέννυται,
1099 3355 1253 3424 φησὶ,
1285 3350 1348 3408 τὸ
1390 3352 1523 3425 πῦρ,
1562 3352 1658 3407 καὶ
1689 3354 1719 3407 ό

148 3443 293 3511 Ιἥλιος
320 3445 533 3511 δύεται,
554 3447 648 3500 καὶ
671 3447 735 3500 οὐ
761 3447 972 3518 διαρκεῖ
992 3446 1091 3517 τῆς
1113 3444 1451 3517 λαμπηδόνος
1477 3446 1509 3514 ἡ
1534 3443 1717 3514 χάριςι

151 3533 252 3587 Τοῦ
287 3535 346 3589 δὲ
374 3535 583 3609 χρυσοῦ
612 3537 716 3603 τίς,
742 3537 862 3591 εἰπέ
893 3554 1005 3609 μοι,
1028 3537 1118 3590 διὰ
1133 3534 1227 3590 τοῦ
1256 3536 1484 3598 σκότους
1509 3534 1722 3606 παραλ-

148 3623 283 3696 λαγὴ
304 3628 444 3699 πρὸς
476 3629 566 3684 τὸν
592 3628 872 3699 μόλιϐδον;
916 3627 1054 3681 Ἀλλ’
1081 3628 1182 3682 οὐκ
1207 3626 1296 3691 ἂν,
1319 3628 1505 3698 φησὶν,
1535 3627 1601 3679 ὲκ
1624 3626 1719 3680 τοῦ

152 3716 335 3786 πυρὸς,
358 3719 393 3789 ἦ
422 3716 536 3772 τῶν
580 3718 795 3790 ἀστρων
823 3718 1036 3787 γένοιτο
1067 3719 1197 3788 ἡμῖν
1235 3717 1404 3788 δέρῤα
1442 3716 1536 3769 καὶ
1567 3732 1722 3787 περι-

149 3806 320 3875 “ita,
365 3811 465 3866 καὶ
513 3811 744 3881 πόρπαι,
792 3809 889 3864 καὶ
925 3809 1113 3875 ζῶναι,
1165 3810 1262 3863 καὶ
1308 3809 1590 3880 μανιάκαι,
1629 3808 1723 3861 καὶ

154 3899 421 3967 στέφανοι,
476 3901 575 3957 καὶ
621 3901 694 3955 τὰ
734 3898 992 3954 τοιαῦτασ
1037 3901 1066 3953 ό
1110 3899 1167 3952 δὲ
1202 3899 1400 3971 χρυσὸς
1443 3898 1618 3953 ταῦτα
1662 3915 1722 3953 τι

154 3993 305 4055 ποιεῖ,
318 3993 414 4046 καὶ
426 3991 548 4046 εῐτι
569 3990 698 4045 ἄλλο
717 3990 850 4061 πρὸς
865 3990 1068 4061 κόσμον
1086 3987 1488 4061 ἐπιτηδεύεται.
1506 3989 1721 4057 Ἤγαγε

154 4078 285 4151 πρὸς
314 4083 377 4138 τὸ
401 4083 702 4153 κεφάλαιον
727 4082 825 4152 τῆς
850 4081 1204 4153 ματαιότητος
1260 4080 1498 4153 σπουδὴν
1521 4082 1557 4153 ἡ
1586 4096 1717 4134 συνο

154 4172 345 4243 ηγορία
383 4175 487 4246 τῆς
521 4172 677 4246 ὕλης.
721 4173 864 4227 Αὐτὸ
896 4172 1005 4245 γὰρ
1045 4172 1203 4225 τοῦτο
1250 4171 1389 4241 πρὸς
1411 4172 1608 4234 αὐτοὺς
1648 4171 1725 4225 εἴ·

1790 374 1982 432 adesse
2008 374 2340 437 hominibus,
2368 374 2413 429 si
2451 374 2507 428 in
2537 387 2746 429 summa
2781 377 2938 445 copia
2966 378 3209 445 pecunias
3238 393 3354 432 ma—

1792 468 1930 521 teria
1960 465 2129 521 libere
2164 464 2422 520 omnibus
2453 463 2838 534 profundatur.
2875 463 3006 518 Nam
3041 482 3189 520 nunc
3218 483 3359 538 quo-

1793 570 1900 625 que
1928 555 2050 610 licet
2076 552 2261 608 videre
2303 554 2508 609 multos
2528 567 2594 608 ex
2620 554 2707 620 iis,
2731 554 2824 625 qui
2860 554 3130 624 ejusmodi
3167 568 3362 625 praeter

1793 652 2021 700 caeteros
2041 643 2323 699 abundant
2353 643 2733 707 facultatibus,
2776 647 2959 701 vivere
2992 660 3224 716 corpore
3257 649 3364 702 mi—

1795 732 2038 799 serabili,
2062 733 2263 803 quibus
2303 734 2409 788 nisi
2461 734 2713 790 adessent
2762 734 2856 805 qui
2917 750 3012 791 eos
3070 746 3361 800 curarent,

1794 824 1999 896 absque
2031 824 2100 878 iis
2127 839 2234 878 non
2274 832 2498 894 possent
2538 825 2736 880 vivere.
2772 824 2828 879 Si
2878 841 3010 896 ergo
3038 843 3159 897 quae
3203 828 3364 883 nobis

1794 932 1860 972 ex
1894 917 2178 988 hypothesi
2215 918 2496 989 proposita
2534 925 2620 973 est
2665 917 2721 972 in
2752 918 2984 974 dicendo
3024 902 3146 974 auri
3182 921 3363 988 copia,

1795 1022 1973 1077 neque
2005 1009 2245 1077 corpori,
2279 1022 2458 1078 neque
2495 1008 2690 1064 animae
2739 1008 2908 1062 ullum
2949 1007 3103 1063 affert
3153 1009 3362 1063 lucrum

1795 1106 1890 1154 aut
1935 1098 2316 1154 commodum:
2361 1099 2532 1154 multo
2573 1099 2747 1169 magis
2781 1099 2900 1169 ejus
2954 1099 3224 1153 modicum
3261 1114 3367 1154 ara-

1795 1192 1982 1260 guitur
2020 1207 2143 1248 esse
2171 1192 2385 1255 inutile,
2440 1200 2501 1246 ut
2533 1191 2793 1262 prodesse
2842 1193 3013 1261 possit
3063 1191 3129 1245 iis
3184 1192 3275 1261 qui
3310 1191 3364 1245 id

1795 1285 2021 1340 habent.
2058 1283 2198 1351 Quid
2222 1286 2368 1341 enim
2400 1299 2467 1340 cx
2509 1284 2609 1339 hac
2637 1285 2868 1340 materia
2898 1283 3076 1339 redire
3102 1293 3279 1353 potest
3298 1282 3366 1337 ad

1795 1390 1921 1430 eum
1955 1374 2049 1445 qui
2084 1369 2255 1449 ipsam
2295 1374 2478 1440 habet,
2514 1391 2636 1445 quae
2681 1391 2862 1445 neque
2888 1377 2944 1431 in
2989 1385 3232 1445 gustum,
3275 1389 3368 1430 ne-

1797 1478 1905 1538 que
1934 1467 1990 1521 in
2018 1450 2339 1531 odoratum:
2368 1482 2547 1537 neque
2579 1467 2631 1521 in
2667 1467 2912 1522 auditum
2938 1466 3142 1537 aliquid
3181 1481 3369 1536 opera-

1800 1563 1911 1619 tur,
1936 1572 2060 1629 quae
2083 1558 2249 1614 etiam
2283 1558 2340 1612 in
2369 1558 2601 1627 quodvis
2624 1558 2769 1629 quod
2793 1558 3001 1614 resistit
3027 1558 3278 1613 similiter
3309 1572 3370 1612 se

1805 1643 1988 1709 habet,
2012 1643 2156 1714 quod
2187 1644 2253 1699 ad
2277 1648 2482 1699 tactum
2512 1646 2754 1701 attinet?
2794 1644 2928 1700 Nam
2961 1647 3103 1716 quod
3132 1662 3199 1701 ex
3237 1661 3372 1701 con--

1806 1743 1980 1790 tractu
2029 1745 2256 1806 paratur
2316 1735 2635 1792 alimentum
2689 1745 2784 1791 aut
2817 1738 3217 1805 vestimentum,
3237 1750 3371 1791 auro

1806 1841 1967 1883 nemo
1997 1814 2257 1883 ascribat.
2308 1827 2413 1893 Qui
2451 1828 2596 1883 enim
2628 1843 2765 1883 auro
2811 1844 3005 1898 panem
3038 1836 3132 1882 aut
3163 1837 3371 1883 vestem

1804 1917 2153 1988 permutavit,
2182 1924 2241 1972 ut
2263 1919 2431 1982 vivat,
2477 1918 2626 1973 dedit
2660 1919 2792 1973 utile
2829 1934 2927 1988 pro
2962 1920 3160 1983 inutili,
3193 1927 3255 1973 ut
3279 1919 3380 1988 qui.

1808 2022 2149 2078 panem,non
2186 2022 2382 2063 aurum
2416 2023 2516 2077 pro
2562 2010 2898 2064 nutrimento
2945 2009 3051 2065 sibi
3088 2010 3372 2065 asciverit.

1807 2096 1910 2164 Qui
1941 2103 2122 2151 autem
2152 2111 2250 2166 per
2273 2097 2543 2167 ejusmodi
2583 2107 2900 2154 contractus
2935 2097 3079 2153 hanc
3108 2099 3213 2155 sibi
3259 2098 3376 2155 colo

1808 2188 1937 2258 legit
1960 2189 2263 2251 materiam,
2292 2187 2359 2241 ad
2390 2203 2684 2259 quamnam
2718 2203 2835 2244 rem
2880 2205 2947 2245 ea
2991 2190 3184 2256 utitur,
3226 2186 3378 2261 quod

1808 2278 2100 2333 consilium
2149 2294 2215 2333 ex
2248 2278 2396 2343 istis,
2437 2293 2560 2347 qua:
2595 2277 2922 2337 documenta
2961 2279 3205 2350 depromi
3251 2296 3380 2350 pos-

1810 2374 1939 2424 sunt
1970 2366 2038 2421 ad
2070 2382 2160 2422 res
2179 2367 2491 2445 gerendas,
2530 2382 2791 2437 quasnam
2828 2366 2999 2423 futuri
3057 2370 3382 2439 praedictio?

1811 2458 1945 2526 Quis
1984 2474 2050 2513 ex
2076 2474 2138 2513 ea
2167 2459 2432 2514 adversus
2470 2458 2689 2514 dolores
2737 2459 2988 2528 corporis
3017 2460 3206 2515 habuit
3247 2446 3390 2516 sola;

1811 2544 2346 2612 tium?Numeravit,
2379 2548 2648 2618 reposuit,
2686 2547 2864 2618 sigillo
2897 2549 3224 2620 obsignavit,
3255 2566 3381 2604 cum

1814 2639 1883 2693 ab
1912 2654 1975 2693 eo
2004 2646 2296 2708 peteretur,
2327 2636 2563 2706 negavit,
2587 2645 2643 2691 et
2670 2650 2795 2690 cum
2823 2637 2875 2691 ei
2903 2637 3036 2692 tides
3072 2652 3183 2691 non
3212 2637 3381 2691 habeo

1815 2735 1985 2795 retur,
2012 2728 2176 2781 etiam
2210 2727 2492 2795 pejeravit.
2545 2725 2671 2780 Haec
2702 2733 2787 2782 est
2819 2728 3122 2794 beatitudo,
3171 2728 3262 2783 hic
3298 2735 3384 2783 est

1817 2819 1939 2873 ﬁnis
1969 2817 2090 2885 ejus
2123 2817 2268 2886 quod
2313 2817 2365 2869 in
2396 2830 2460 2869 ea
2512 2816 2732 2885 ponitur
2776 2816 2962 2883 studii,
3008 2817 3099 2872 hic
3147 2817 3381 2878 fructus,

1816 2909 1924 2964 huc
1951 2922 2127 2978 usque
2161 2906 2408 2977 procedit
2438 2904 2692 2971 felicitas,
2721 2912 2781 2960 ut
2812 2906 3100 2961 materiam
3147 2906 3387 2976 praebeat

1815 2998 2077 3069 perjurio.
2121 2997 2192 3051 At
2236 2996 2451 3067 pulchri
2479 2996 2707 3060 coloris,
2747 2996 2949 3068 inquit,
2992 3005 3077 3053 est
3102 2998 3224 3053 auri
3255 3012 3376 3067 spe-

1814 3090 1947 3146 cies.
1987 3088 2124 3143 Num
2148 3096 2233 3143 est
2252 3087 2417 3143 etiam
2444 3088 2646 3142 coloris
2667 3087 2998 3156 pulchrioris
3022 3103 3186 3158 quam
3212 3088 3389 3160 ignis?

1814 3178 1957 3234 Num
1991 3177 2167 3234 stellis
2191 3183 2277 3233 est
2301 3172 2646 3247 speciosior?
2673 3174 2813 3231 Num
2842 3175 3013 3233 radiis
3034 3177 3169 3232 solis
3205 3176 3389 3246 splen-

1815 3266 2036 3326 didior?
2072 3266 2208 3334 Quis
2230 3274 2316 3323 est
2351 3267 2443 3338 qui
2475 3276 2622 3323 vetat
2661 3280 2773 3338 quo
2812 3267 2994 3322 minus
3030 3266 3117 3343 his
3162 3265 3385 3329 fruaris,

1818 3365 1880 3414 ut
1911 3356 2008 3413 tibi
2042 3370 2277 3412 necesse
2312 3356 2385 3411 sit
2413 3369 2514 3426 per
2547 3356 2669 3411 auri
2717 3355 2953 3427 speciem
2988 3356 3166 3411 oculis
3194 3371 3391 3426 parare

1816 3451 2149 3520 voluptatem
2172 3449 2197 3501 2
2222 3448 2292 3501 At
2320 3446 2487 3517 ignis,
2530 3445 2733 3515 inquit,
2776 3445 3169 3516 exstinguitur,
3202 3454 3257 3502 ct
3306 3449 3390 3501 sol

1818 3540 2037 3605 occidit,
2085 3553 2186 3594 nec
2224 3537 2484 3608 perennis
2518 3537 2686 3591 decor
2714 3536 2836 3605 ejus
2884 3536 3214 3605 splendoris.
3246 3536 3388 3602 Quid

1820 3638 2023 3694 autem,
2076 3627 2186 3692 dic,
2249 3642 2457 3696 quaeso,
2516 3633 2762 3695 tempore
2808 3625 3158 3680 tenebrarum
3209 3624 3392 3681 dili'ert

1821 3735 2013 3776 aurum
2043 3734 2072 3773 a
2102 3717 2369 3790 plumbo?
2400 3717 2470 3769 At
2493 3730 2561 3771 ex
2588 3715 2735 3786 igne,
2767 3715 2967 3786 inquit,
2998 3716 3082 3771 vel
3113 3730 3180 3770 ex
3213 3715 3395 3772 stellis

1822 3811 1936 3867 lieri
1967 3824 2078 3881 non
2110 3814 2341 3879 possunt
2378 3807 2538 3862 nobis
2571 3806 2819 3871 monilia,
2852 3820 3025 3871 zonae,
3049 3813 3297 3876 torques,
3337 3813 3394 3860 et

1820 3896 2061 3963 coronae,
2090 3906 2145 3954 et
2182 3912 2306 3969 qua:
2339 3902 2468 3951 sunt
2490 3894 2804 3964 ejusmodi:
2838 3909 3035 3949 aurum
3065 3904 3246 3950 autem
3279 3896 3395 3950 haec

1822 3988 2007 4054 eliicit,
2047 3996 2101 4043 et
2122 3987 2168 4043 si
2200 3984 2331 4055 quid
2366 3989 2592 4054 paratur
2615 3982 2682 4037 ad
2704 3992 2979 4039 ornatum.
3004 3982 3086 4036 Ad
3116 3998 3390 4038 summum

1822 4079 2066 4136 studium
2100 4075 2358 4131 vanitatis
2380 4073 2606 4129 deduxit
2628 4074 2748 4128 auri
2777 4073 3044 4129 defensio.
3075 4073 3189 4128 Hoc
3215 4074 3394 4143 ipsum

1822 4171 1966 4227 enim
1994 4169 2074 4225 eis
2108 4167 2337 4223 dixerim
2370 4164 2676 4232 :Quidnam
2724 4165 2830 4221 sibi
2875 4165 2987 4219 vult
3031 4172 3086 4220 et
3119 4164 3263 4234 quod
3309 4169 3397 4219 est

155 4276 306 4333 πιμι
330 4264 421 4319 ἀν’
463 4266 613 4321 ’Δντὶ
632 4264 798 4320 τίνων
832 4264 1119 4329 σπουδάζει
1150 4266 1179 4317 ὁ
1206 4262 1392 4335 χρυσῷ
1420 4262 1519 4334 τὴν
1547 4262 1631 4332 κόι

1923 4258 2234 4324 sstudium,
2264 4257 2359 4327 qui
2386 4265 2543 4311 curat
2582 4264 2644 4310 ut
2687 4270 2822 4310 auro
2855 4269 3011 4310 coma
3068 4255 3256 4322 niteat,
3302 4261 3398 4308 aut

153 4355 537 4427 περιανθίζων,
590 4356 624 4428 ἡ
659 4355 767 4409 τῶν
810 4355 962 4409 ὢτων
992 4356 1238 4420 ἐξάπτων
1282 4355 1352 4409 τὰ
1381 4355 1724 4425 περικοσμήιι

158 4460 315 4511 ματα.
348 4447 385 4518 ἢ
418 4447 524 4518 τὴν
565 4446 726 4518 δέρην
767 4447 1106 4518 περιϐάλλων
1135 4448 1246 4509 τοῖς
1278 4445 1723 4516 περιτραχηλίοις

156 4534 422 4605 χλιδῶοιν,
457 4538 495 4607 ἢ
530 4539 592 4591 ἐν
620 4536 764 4608 ἄλλῳ
791 4539 901 4591 τινὶ
928 4536 1109 4608 φέρων
1144 4536 1298 4607 μέρει
1342 4531 1435 4589 τοῦ
1475 4534 1725 4606 σώματος

156 4628 345 4696 χρυσὸν
372 4627 789 4700 προδείκνυσιν;
820 4626 1100 4699 ’Ὀπουπερ
1127 4627 1194 4680 ἂν
1228 4625 1381 4697 τύχοι
1427 4626 1727 4697 προϐεϐλη-

158 4717 308 4786 μένος
331 4716 430 4773 τοῦ
459 4717 730 4790 σώματος,
769 4718 921 4773 οὐδὲν
946 4719 1110 4784 αὐτὸς
1136 4718 1272 4790 πρὸς
1304 4719 1403 4789 τὴν
1428 4718 1602 4789 αὐγὴν
1630 4716 1725 4770 τοῦ

158 4804 370 4876 χρυσίου
403 4809 946 4880 μεταμορφούμενος.
996 4810 1056 4863 ’0
1084 4809 1195 4881 γὰρ
1233 4808 1371 4881 πρὸς
1410 4811 1502 4862 τὸν
1531 4826 1727 4881 χρυσο-

158 4896 422 4975 φοροῦντα
469 4898 708 4970 βλέπων,
736 4898 829 4953 τὸν
863 4899 961 4970 μὲν
994 4898 1193 4970 χρυσὸν
1220 4899 1392 4962 οὕτως
1417 4900 1538 4971 ὁρᾷ,
1568 4899 1644 4963 ὡς
1677 4900 1727 4952 εί

157 4987 302 5057 τύχοι
343 4992 440 5044 καὶ
490 4992 553 5044 ὲν
594 4994 706 5055 τοῖς
742 4991 1066 5063 πρατηρίοις
1108 4990 1501 5062 προκείμενος·
1549 4986 1643 5044 τὸν
1670 4988 1727 5042 δὲ

160 5077 420 5147 φοροῦντα
444 5074 565 5143 οἷός
589 5095 651 5134 τε
682 5079 892 5149 πέφυκε
921 5079 1158 5135 τοιοῦτον
1186 5079 1393 5151 βλέπει.
1427 5079 1547 5133 Κᾶν
1573 5078 1730 5149 εὐερ-

148 5168 250 5232 ηγὲς
274 5185 332 5230 τε
373 5171 471 5225 καὶ
494 5170 789 5241 διάγλυᾳον
817 5169 853 5244 ᾗ
880 5170 943 5224 sb
971 5171 1215 5245 χρυσίον,
1248 5170 1352 5226 κάν
1378 5170 1475 5237 τὰς
1501 5169 1728 5241 χλοερᾶς

162 5257 545 5333 ῆνπυραυγεῐς
598 5263 836 5333 ψηφίδας
874 5265 933 5318 ἐν
983 5263 1164 5336 ἑαυτῷ
1215 5263 1523 5335 περιείργῃ,
1577 5262 1730 5333 οὐδὲν

166 5348 357 5415 μᾶλλον
395 5350 656 5421 αἴσθησίν
699 5369 822 5407 τινα
870 5351 978 5405 τῶν
1033 5352 1451 5424 παρακειμένων
1485 5353 1519 5422 ή
1570 5350 1757 5419 φύσιμ

166 5436 403 5507 ἐδόξατο·
458 5440 581 5497 ἀλλ’
630 5444 682 5497 εί
720 5438 783 5498 τε
810 5443 957 5515 λώϐη
1001 5461 1085 5509 τις
1114 5443 1199 5515 εἴη
1248 5444 1377 5514 περ)⁸
1420 5443 1518 5507 τὰς
1554 5441 1729 5511 ὄψεις,

171 5531 276 5586 εἴτε
303 5550 355 5587 τι
387 5534 570 5587 λείποι
615 5534 716 5588 τῶν
746 5535 883 5595 κατὰ
915 5536 1092 5604 φύσιν,
1126 5535 1156 5604 ἢ
1202 5533 1477 5604 ὀφθαλμοῦ
1509 5533 1731 5603 ἐκρυέν-

1815 4352 1918 4422 'qui
1950 4350 2177 4406 auribus
2199 4348 2457 4418 appendit
2480 4353 2828 4409 ornamenta,
2855 4351 2948 4399 aut
2973 4347 3066 4416 qui
3099 4344 3394 4399 luxurianti

1828 4449 2022 4510 torque
2048 4438 2249 4494 collum
2272 4436 2601 4500 circumdat,
2621 4442 2716 4489 aut
2745 4450 2806 4490 se
2839 4434 2892 4488 in
2919 4435 3102 4506 aliqua
3122 4434 3230 4489 alia
3245 4444 3397 4505 parte

1825 4530 2073 4597 corporis
2103 4542 2300 4582 aurum
2329 4524 2510 4581 ferens
2542 4523 2807 4580 ostendit?
2859 4525 3184 4597 Ubicunque
3210 4525 3263 4581 id
3286 4524 3399 4580 ius.

1818 4622 1901 4676 'rit
1920 4621 2084 4675 situm
2107 4617 2165 4672 in
2195 4631 2447 4687 corpore,
2482 4616 2598 4685 ipse
2619 4616 2687 4670 ab
2710 4617 2830 4671 auri
2858 4616 3154 4687 splendore
3175 4617 3398 4671 minimo

1826 4710 2271 4766 transformatur.
2310 4707 2416 4774 Qui
2443 4707 2590 4762 enim
2627 4705 2878 4760 intuetur
2916 4722 3040 4761 eum
3073 4704 3167 4776 qui
3200 4720 3395 4760 aurum

1827 4810 2024 4875 gestat,
2048 4806 2241 4856 revera
2270 4799 2490 4870 quidem
2541 4811 2736 4852 aurum
2779 4797 2947 4863 videt,
2996 4798 3219 4869 perinde
3250 4812 3314 4851 ac
3348 4796 3395 4850 si

1829 4898 1903 4952 sit
1929 4893 2277 4965 propositum
2305 4890 2496 4945 venale
2522 4908 2535 4944 ι
2565 4904 2689 4944 eum
2743 4897 2922 4945 autem
2951 4889 3045 4958 qui
3073 4887 3127 4941 id
3176 4896 3349 4958 gestat
3376 4925 3392 4950 ,

1832 4987 1990 5042 talem
2018 4985 2196 5055 qualis
2241 4991 2325 5037 est
2382 4989 2577 5036 natura
2616 4980 2835 5049 aspicit.
2885 4978 3114 5034 Etiamsi
3170 4977 3396 5048 pulchro

1828 5058 2165 5134 elaboratum
2191 5081 2246 5128 et
2274 5073 2521 5127 caalatum
2557 5072 2630 5126 sit
2665 5086 2856 5125 aurum
2883 5113 2897 5135 ,
2929 5069 3144 5125 etiamsi
3188 5068 3388 5127 virides

1829 5176 1926 5225 aut
1956 5167 2099 5240 ignis
2123 5166 2297 5220 instar
2321 5162 2620 5217 candentes
2649 5176 2891 5233 gemmas
2918 5159 2972 5214 in
3002 5174 3062 5215 se
3095 5158 3394 5224 contineat,

1805 5260 2002 5316 'nihilo
2043 5257 2213 5328 magis
2253 5254 2464 5324 accepit
2498 5260 2696 5307 natura
2746 5265 2969 5307 sensum
3019 5265 3209 5305 eorum
3276 5261 3398 5321 quas

1832 5357 1963 5407 sunt
1998 5347 2247 5417 adjecta:
2286 5342 2384 5400 sed
2410 5343 2525 5399 sive
2551 5342 2746 5398 morbo
2772 5341 2958 5412 aliquo
2981 5339 3194 5396 laborat
3219 5339 3394 5404 visus,

1833 5442 1948 5497 sive
1970 5439 2172 5508 aliquid
2194 5436 2375 5492 deﬁcit
2394 5449 2579 5491 eorum
2604 5450 2725 5505 qua:
2752 5443 2881 5489 sunt
2903 5433 3203 5491 secundum
3228 5441 3394 5486 natu-

1838 5547 1972 5597 ram,
2006 5539 2187 5599 ltlputc
2217 5527 2358 5600 quod
2394 5527 2481 5613 vel.
2502 5527 2695 5581 oculus
2729 5525 3015 5592 cmuxcrit,
3054 5525 3133 5582 vel
3170 5539 3306 5598 gena
3335 5522 3394 5578 in
