3766 5986
341 215 440 271 6H

1533 216 1590 272 S.
1632 212 1958 272 GREGORII
1996 212 2290 268 NYSSENI

3484 204 3603 261 672

339 333 599 386 cicatrice
633 332 862 404 turpiter
885 341 1076 388 cavata
1107 304 1295 400 fuerit,
1325 341 1509 389 manet
1541 335 1826 404 turpitudo
1855 337 1905 390 in

2088 352 2124 398 ;,
2159 335 2192 402 ἢ
2226 331 2458 401 παρειᾶς
2491 328 2744 399 είδεχθῶς
2768 329 2827 382 ἐν
2857 328 2985 398 οὐλῇ
3015 323 3404 392 κοιλανθείσης,
3436 323 3603 392 μένει
3648 311 3652 324 ’

340 438 407 477 eo
433 424 577 492 quod
609 435 857 493 apparet,
899 426 1019 480 auri
1060 424 1271 496 fulgore
1310 425 1537 482 minime
1571 426 1866 482 obscurata
1895 446 1909 482 :

339 525 395 570 et
421 515 468 570 si
497 531 699 586 corpus
721 515 911 572 dolore
939 517 1124 587 aliquo
1147 516 1315 571 fuerit
1333 516 1612 587 allectum,
1643 518 1913 573 laboranti

342 604 481 658 nihil
511 605 692 659 solatii
723 605 882 659 alIert
907 606 1026 661 auri
1062 605 1314 662 materia.

415 806 570 872 Quod
615 821 745 876 ergo
782 821 960 875 neque
999 805 1067 860 ad
1107 807 1606 876 pulchritudinem,
1633 822 1812 878 neque
1846 807 1912 860 ad

347 900 542 953 bonam
572 899 827 967 corporis
863 897 1244 952 habitudinem
1268 939 1284 967 ,
1321 915 1501 970 neque
1541 899 1610 954 ad
1651 898 1915 955 levandos

344 991 562 1045 dolores
583 1029 598 1052 ,
634 992 700 1048 iis
726 991 816 1060 qui
850 991 971 1059 ejus
1001 991 1185 1046 studio
1215 999 1492 1058 tenentur,
1522 991 1679 1046 all’ert
1706 992 1915 1061 aliquid

347 1081 476 1134 utile
497 1121 512 1144 ,
543 1096 644 1135 cur
671 1088 826 1134 tanto
852 1081 1037 1136 studio
1065 1082 1333 1152 quaeritur
1357 1100 1372 1149 ;
1402 1092 1455 1136 et
1482 1083 1756 1152 quomodo
1785 1089 1915 1137 sunt

345 1171 526 1227 allecti
568 1173 605 1225 ii
637 1188 874 1242 quorum
909 1188 1008 1228 cor
1037 1175 1092 1228 in
1126 1174 1228 1228 hac
1262 1175 1606 1230 contabescit
1649 1175 1912 1240 materia,

344 1280 472 1318 cum
508 1266 564 1318 in
597 1266 720 1320 auri
755 1268 1105 1336 possessione
1138 1269 1256 1337 ipsa
1279 1282 1375 1322 eos
1407 1274 1606 1336 arguat
1632 1267 1919 1321 conscien-

344 1352 422 1404 tia
446 1391 461 1416 ,
500 1355 648 1423 quod
686 1371 754 1410 ex
786 1371 850 1410 ea
886 1355 992 1411 sibi
1028 1357 1352 1425 promittant
1389 1372 1648 1427 magnum
1688 1355 1914 1425 aliquod

345 1446 822 1500 emolumentum?
853 1448 911 1500 Si
942 1450 1066 1516 quis
1094 1464 1228 1519 ergo
1267 1463 1362 1503 eos
1373 1455 1552 1531 goget
1573 1487 1588 1512 ,
1627 1455 1686 1501 ut
1715 1487 1728 1510 ,
1773 1449 1817 1503 si
1858 1448 1914 1502 in

345 1534 480 1588 illud
511 1535 680 1589 velint
713 1551 872 1591 suam
903 1538 1104 1592 mutari
1133 1549 1420 1604 naturam,
1451 1551 1507 1594 et
1540 1538 1592 1593 id
1625 1537 1738 1592 ﬁeri
1768 1537 1913 1607 quod

345 1635 632 1696 tantopere
676 1637 977 1698 expetunt,
1024 1639 1080 1686 et
1125 1635 1180 1686 in
1227 1639 1382 1685 tanto
1428 1633 1627 1687 habent
1673 1632 1905 1696 honore.

347 1725 531 1748 nnlnul
576 1734 693 1748 nam
737 1722 1092 1748 πει-..ηοζηηΑ-η
1174 1732 1227 1748 ..ο
1269 1738 1329 1748 Α..
1368 1723 1680 1748 Ιιιι...ἓ.ιξιι..,.
1723 1723 1774 1748 2-.
1811 1738 1876 1748 ι...

2088 1695 2134 1739 ν,
2167 1676 2307 1730 ὥστε
2338 1676 2398 1742 ἐξ
2423 1632 2726 1748 ἀνθρώπων
2770 1632 2906 1748 πρὸς

346 1725 537 1783 petant
575 1734 694 1772 eam
737 1722 1129 1784 mutationem,
1174 1732 1232 1776 ut
1266 1738 1331 1777 ex
1368 1723 1682 1778 hominibus
1723 1723 1775 1777 in
1810 1738 1910 1777 au-

341 1817 463 1859 rum
503 1815 753 1863 transeat
784 1825 975 1864 eorum
1016 1819 1212 1864 natura
1236 1852 1251 1876 ,
1291 1821 1345 1866 et
1380 1827 1488 1866 non
1529 1816 1638 1868 sint
1675 1815 1910 1883 amplius

342 1896 562 1960 ratione
587 1909 642 1954 et
677 1900 1037 1970 intelligentia
1072 1903 1320 1972 praediti,
1353 1912 1407 1958 et
1438 1903 1504 1958 ad
1542 1905 1709 1958 vitam
1748 1913 1910 1960 uten-

344 1997 428 2044 tes
455 1990 734 2056 sensibus,
766 1991 862 2046 sed
890 1993 1114 2062 pallidi,
1139 2011 1358 2064 graves,
1390 2008 1441 2050 et
1469 2011 1603 2052 voce
1628 2005 1908 2065 carentes,

342 2079 684 2150 inanimique
715 2092 770 2137 et
794 2083 1110 2149 insensiles,
1141 2101 1264 2162 quae
1285 2096 1371 2142 est
1396 2089 1518 2141 auri
1543 2096 1774 2156 natura;
1801 2105 1907 2144 non

341 2169 598 2225 existimo
649 2172 705 2226 id
758 2187 882 2229 esse
919 2175 1233 2240 electuros,
1278 2193 1380 2232 nec
1419 2193 1515 2234 eos
1553 2181 1775 2249 quidem
1815 2181 1912 2251 qui

342 2262 741 2316 contabescunt
777 2266 1089 2321 vehementi
1125 2269 1246 2322 auri
1280 2269 1580 2324 desiderio.
1617 2272 1673 2327 Si
1708 2289 1839 2342 ergo
1874 2273 1912 2327 ii

343 2351 438 2418 qui
471 2361 600 2406 sunt
631 2370 777 2410 sanae
809 2359 1009 2413 mentis
1043 2369 1400 2414 exsecrantur
1435 2371 1489 2414 et
1522 2365 1914 2418 abominantur

337 2441 547 2522 habere
602 2447 965 2515 proprietates
1017 2451 1294 2506 inanimae‘
1327 2455 1601 2518 materiae,
1659 2471 1911 2525 quamam

344 2543 429 2585 est
458 2548 650 2588 eorum
693 2546 905 2592 ratione
935 2540 1098 2609 plane
1131 2558 1326 2597 carens
1362 2545 1414 2597 in
1452 2545 1520 2600 iis
1559 2547 1913 2614 acquirendis

343 2623 556 2679 insania
576 2666 592 2692 ,
617 2643 849 2696 quorum
882 2629 1004 2685 ﬁnis
1031 2639 1116 2686 est
1139 2634 1352 2689 vanitas
1371 2674 1385 2697 ,
1417 2644 1475 2688 ut
1502 2643 1556 2690 et
1579 2639 1756 2691 caules
1781 2653 1912 2707 pro-

343 2721 530 2782 pterea
563 2716 776 2783 facere,
813 2727 866 2774 et
897 2721 1538 2796 latrociniumkexercere
1571 2727 1808 2781 audeant
1836 2730 1872 2782 ii
1897 2772 1910 2796 ,

342 2805 436 2872 qui
477 2809 722 2874 pecuniae
762 2810 956 2866 insana
997 2789 1492 2871 laborant‘rabie?
1529 2817 1639 2872 Nec
1677 2819 1781 2873 hoc
1821 2836 1914 2874 so-

344 2895 492 2958 lum,
525 2900 620 2952 sed
645 2901 808 2954 etiam
837 2903 1143 2972 improbum
1177 2906 1381 2962 fenOris
1412 2909 1733 2974 inventum,
1765 2912 1911 2980 quod

342 2988 436 3053 qui
474 2989 620 3042 aliud
655 2994 1005 3048 latrocinium
1041 3004 1094 3049 et
1125 2997 1475 3065 parricidium
1506 3001 1909 3067 nominaverit,
1937 3012 1981 3068 α

344 3091 452 3130 non
477 3081 664 3146 procul
687 3082 754 3135 ab
770 3098 834 3137 eo
854 3085 997 3153 quod
1020 3086 1198 3150 decet,
1219 3089 1574 3145 aberraverit.
1597 3091 1741 3156 Quid
1766 3094 1909 3147 enim

342 3167 507 3222 refert
536 3185 602 3222 an
625 3171 935 3226 clanculum
968 3177 1238 3244 perfossis
1261 3182 1430 3235 nutris
1458 3184 1731 3251 praedonis
1763 3201 1913 3242 more

344 3261 523 3312 aliena
557 3261 790 3322 habeas.
813 3273 865 3318 et
893 3271 1276 3335 praetereuntis
1302 3272 1447 3326 caede
1485 3283 1535 3327 te
1567 3289 1755 3329 eorum
1790 3293 1912 3346 quae

348 3349 584 3403 habebat
619 3351 899 3408 dominum
936 3360 1244 3415 constituas
1275 3380 1287 3415 :
1323 3377 1390 3415 an
1422 3362 1629 3420 fenoris
1666 3371 1911 3423 necessi-

345 3451 458 3493 tate
497 3447 752 3514 acquiras
789 3463 850 3502 ea
891 3465 1014 3519 quae
1048 3454 1113 3505 ad
1149 3459 1201 3505 te
1237 3469 1341 3506 non
1373 3455 1688 3523 pertinent?
1719 3458 1762 3512 Ο
1795 3476 1912 3514 ma-

344 3531 452 3584 lum
487 3537 827 3603 vocabulum,
863 3539 1019 3595 lenus
1051 3543 1105 3594 lit
1139 3559 1337 3597 nomen
1368 3546 1638 3600 latrocinii
1662 3549 1675 3600 !
1701 3563 1732 3602 o
1757 3564 1911 3604 acer-

345 3624 442 3677 bas
481 3628 746 3696 nuptias!
787 3646 820 3684 o
860 3632 1161 3701 improbam
1203 3635 1647 3705 conjunctionem
1679 3685 1692 3705 ,
1747 3659 1912 3712 quam

341 3724 534 3771 natura
594 3722 812 3788 quidem
869 3739 976 3778 non
1029 3728 1322 3794 cognovit,
1388 3746 1678 3788 avarorum
1731 3745 1910 3790 autem

341 3808 566 3862 morbus
608 3811 748 3864 inter
789 3815 1025 3867 inanima
1070 3817 1454 3874 innovavitlo
1485 3837 1678 3892 graves
1709 3832 1761 3879 et
1797 3841 1913 3879 mo-

344 3899 511 3953 lestos
537 3913 840 3971 conceptus
861 3943 875 3965 ,
901 3921 965 3958 ex
991 3909 1194 3976 quibus
1222 3908 1491 3977 ejusmodi
1519 3913 1662 3972 l'etus
1688 3915 1913 3987 (nempe

345 3987 536 4054 l’eiuls)
563 3994 870 4049 enascitur!
898 3993 1250 4052 Solummodo
1282 4001 1334 4052 in
1364 4001 1528 4055 rebus
1553 4042 1566 4065 ,
1593 4021 1714 4075 quae
1747 4017 1908 4072 sunt,

343 4077 682 4134 discernitur
708 4083 1010 4140 animatum
1044 4103 1138 4156 per
1168 4089 1463 4148 discrimen
1498 4112 1662 4152 sexus
1697 4114 1913 4153 mascu-

339 4168 440 4222 lini
473 4181 526 4223 el
562 4171 832 4230 feminini.
866 4175 960 4230 Eis
993 4176 1130 4230 dixit
1165 4177 1307 4235 Deus
1342 4191 1595 4252 creator,
1623 4205 1641 4238 ι
1669 4188 1914 4246 Crescite

339 4269 394 4314 et
436 4263 876 4331 multiplicamini
914 4267 959 4299 ⁸⁸
990 4288 1000 4322 :
1027 4287 1045 4319 ι
1071 4275 1127 4321 ιιι
1167 4286 1264 4339 per
1295 4282 1536 4328 mutuam
1575 4293 1641 4331 ex
1678 4295 1736 4334 se
1770 4281 1912 4336 inter

337 4369 396 4407 se
450 4357 857 4422 generationem
921 4371 1254 4429 augerentur
1300 4371 1354 4417 et
1412 4367 1910 4436 multiplicarentur
1942 4341 1986 4396 υ

337 4462 459 4513 qua:
484 4448 782 4515 gignuntur
807 4452 1126 4509 animantia.
1154 4455 1286 4507 Auri
1316 4465 1496 4511 autem
1528 4459 1689 4524 l‘etus,
1715 4479 1909 4534 nempe

340 4537 500 4592 fenus
523 4578 534 4597 ,
572 4556 638 4592 ex
673 4557 910 4608 quonam
947 4547 1206 4600 consistit
1241 4548 1639 4604 matrimonio?
1672 4571 1735 4607 ex
1770 4573 1908 4624 qua-

340 4644 466 4681 nam
499 4629 778 4697 perﬁcitur
807 4637 1208 4705 conceptione?
1236 4638 1501 4694 Ctetcrum
1537 4659 1602 4697 ex
1631 4643 1906 4716 Propheta

337 4720 502 4784 didici
545 4737 664 4791 quae
721 4724 792 4778 sit
829 4727 992 4797 hujus
1031 4730 1170 4784 fetus
1209 4733 1514 4801 conceptio.
1538 4754 1555 4786 ι
1587 4737 1726 4792 Ecce
1783 4756 1905 4810 par-

341 4813 497 4866 turiit
550 4815 910 4884 injustitiam,
963 4822 1215 4890 concepit
1265 4822 1543 4890 laborem,
1593 4838 1646 4881 et
1695 4833 1906 4898 peperit

338 4905 682 4975 iniquitatem
720 4911 789 4964 ‘9.
821 4928 838 4960 ι
867 4909 965 4967 Hic
998 4924 1081 4967 est
1117 4915 1205 4969 ille
1241 4924 1432 4985 partus
1453 4957 1467 4981 ,
1508 4935 1668 4988 quem
1697 4911 1906 4992 ‘partu-

337 4995 431 5048 riit
462 4997 682 5065 quidem
712 5001 974 5067 avaritia,
1007 5005 1147 5071 parit
1177 5014 1356 5060 antem
1390 5008 1686 5077 iniquitas,
1719 5023 1774 5068 et
1808 5016 1908 5070 ob-

335 5088 651 5143 stetricatur
706 5091 1102 5149 inhumanitas.
1157 5095 1260 5162 Qui
1305 5099 1452 5152 enim
1505 5115 1719 5172 semper
1765 5106 1907 5161 celat

335 5197 496 5248 opes,
525 5191 580 5238 et
616 5181 835 5250 juratus
874 5185 1105 5240 allirmat
1143 5202 1203 5242 se
1241 5203 1352 5243 non
1391 5189 1622 5257 habere,
1658 5209 1782 5250 cum
1818 5200 1904 5252 vi-

334 5275 475 5329 derit
505 5291 752 5343 pressum
780 5277 1107 5333 necessitate
1125 5321 1140 5345 ,
1169 5287 1300 5334 tunc
1328 5281 1448 5350 ejus
1473 5299 1735 5341 crumena
1767 5304 1904 5358 pra:-

339 5381 511 5434 gnans
556 5367 825 5433 cernitur,
875 5379 1004 5424 tunc
1058 5369 1194 5424 lucri
1248 5370 1527 5430 desiderio
1574 5379 1902 5434 sceleratum

338 5456 572 5525 parturit
614 5456 817 5524 letum,
859 5467 911 5513 ct
951 5474 1100 5528 spem
1144 5459 1348 5518 l'cnoris
1390 5467 1592 5521 misero
1627 5469 1899 5532 ostendit,

411 5626 456 5657 “
498 5627 632 5684 Gen.
673 5647 708 5701 I,
743 5634 834 5689 9.2.
913 5637 955 5669 ⁶⁹
995 5635 1134 5693 Psul.
1172 5640 1373 5708 vn,45.

2013 427 2074 478 τὸ
2107 419 2290 492 αἶσχος
2325 424 2380 474 ἐν
2407 420 2485 489 τῷ
2516 420 2844 490 φαινομένῳ,
2877 419 3041 490 μηδὲν
3067 420 3132 488 τῇ
3158 417 3300 494 αὐγῇ
3332 414 3426 468 τοῦ
3459 432 3605 486 χρυ-

2017 514 2132 566 σίου
2185 507 2636 578 ἐπισκοτούμενον
2658 525 2672 538 ·
2728 507 2830 562 κᾶν
2876 507 3118 576 ἐπαλγὴς
3147 504 3223 558 ὣν
3264 503 3340 575 τῷ
3377 503 3604 573 σώματι

2014 603 2186 672 τύχοι,
2223 599 2476 670 οὐδεμίαν
2532 600 2780 669 ἐπήγαγε
2825 598 3176 671 παραμυθίαν
3219 595 3297 666 τῷ
3327 589 3603 649 ’πονοῦντι

2015 694 2050 762 ἡ
2079 690 2200 760 ὐλη.
3305 717 3307 720 ⁴

2088 777 2160 834 '0
2189 773 2280 832 οὖν
2314 779 2448 849 μήτε
2489 777 2624 848 πρὸς
2653 777 2866 844 κάλλος,
2901 778 3038 848 μήτε
3078 777 3213 848 πρὸς
3239 778 3450 843 εὐεξίαν
3485 777 3608 832 σῶ-

2020 885 2204 940 ματος,
2252 869 2386 939 μήτε
2429 870 2564 940 πρὸς
2601 868 2699 940 τὴν
2745 868 2853 921 τῶν
2880 867 3213 936 ἀλγημάτων
3240 866 3606 938 παραμυθίαν

2017 959 2172 1029 φέρει
2220 975 2272 1011 τι
2315 960 2582 1028 χρήσιμον
2631 960 2744 1021 τοῖς
2792 955 3203 1022 σπουδάζουσιν,
3260 957 3400 1024 ὑπὲρ
3443 955 3607 1018 τίνος

2019 1048 2406 1114 σπουδάζεταις
2460 1048 2554 1102 καὶ
2603 1046 2687 1109 τίς
2737 1048 2772 1116 ὴ
2821 1046 3059 1107 διάθεσις
3105 1045 3214 1098 τῶν
3281 1048 3348 1115 τῇ
3393 1043 3606 1115 καρδίᾳ.

2016 1137 2461 1211 προστετηκότων
2490 1139 2565 1208 ,τῇ
2599 1136 2720 1209 ὐλῃ,
2771 1137 2900 1190 ὅταν
2947 1137 3005 1188 έν
3055 1133 3134 1205 τῷ
3185 1135 3441 1189 συνειδότι
3495 1134 3606 1204 τῆς

2014 1227 2268 1298 τοιαύτης
2300 1230 2543 1298 κτήσεως
2574 1228 2810 1298 τύχωσιν
2839 1226 3010 1292 ὄντες,
3051 1224 3126 1288 ὣς
3153 1241 3207 1277 τι
3245 1224 3403 1279 πλέον
3438 1224 3606 1294 ἕχον-

2015 1333 2104 1380 τες
2131 1319 2340 1382 ἑαυτοῖς
2390 1319 2816 1386 ἐπαγάλλονταις
2859 1316 2981 1384 Ἆρ’
3010 1316 3064 1369 εί
3100 1332 3185 1378 τις
3215 1316 3410 1378 αὐτοὺς
3453 1318 3606 1386 ἐρω-

2015 1405 2251 1476 τήσειεν,
2300 1407 2350 1458 εί
2402 1406 2646 1478 δέχονται
2681 1406 2864 1468 αὐτοῖς
2899 1404 3226 1475 ἀμειφθῆναι
3247 1404 3380 1474 πρὸς
3415 1404 3607 1457 ἐκεῖνο

2014 1497 2112 1567 τὴν
2146 1497 2327 1566 φύσιν,
2356 1498 2450 1551 καὶ
2482 1498 2735 1567 γενέσθαι
2779 1494 2953 1560 τοῦτο,
2985 1495 3015 1548 ὃ
3063 1498 3129 1566 τῇ
3173 1495 3408 1567 τοσαύτῃ
3453 1496 3603 1566 παρ’

2017 1584 2197 1639 αὐτῶν
2245 1587 2482 1640 διαθέσει
2527 1587 2840 1658 τετίμηται,
2886 1585 3090 1639 ἕλοιντο
3135 1583 3203 1639 ἂν
3235 1584 3333 1655 τὴν
3364 1583 3607 1654 μεταϐο-

2929 1676 3022 1730 τδν
3047 1675 3245 1746 χρυσὸν
3274 1675 3457 1737 αὐτοῖς
3492 1690 3607 1744 μοι

2014 1767 2243 1838 ταόἦναι
2269 1769 2368 1838 τὴν
2401 1766 2582 1836 φύσιν,
2611 1767 2708 1821 καὶ
2739 1767 3016 1838 δειχθῆναι
3051 1765 3250 1837 μηκέτι
3283 1765 3497 1834 λογικοί
3539 1781 3606 1818 τε

2015 1859 2110 1912 καὶ
2159 1859 2519 1929 διανοητικαὶ,
2571 1858 2670 1912 καὶ
2716 1860 2830 1921 τοῖς
2879 1857 3250 1930 αἰσθητηρίοις
3306 1858 3442 1928 πρὸς
3495 1857 3609 1928 τὴν

2016 1947 2160 2018 ζωὴν
2217 1947 2568 2019 κεχρημένοι,
2619 1947 2735 2001 ἀλλ’
2794 1947 2962 2020 ὠχροί
3013 1964 3075 2002 τε
3122 1947 3217 2001 καὶ
3261 1947 3445 2018 βαρεῖς
3503 1949 3610 2000 καὶ

2015 2036 2253 2102 άναυδοι,
2294 2037 2489 2108 ἄψυχοί
2519 2055 2578 2090 τε
2604 2037 2698 2091 καὶ
2727 2037 3062 2108 ἀναίσθητοι,
3091 2037 3233 2108 οἴαὴ
3260 2036 3355 2090 τοῦ
3385 2036 3609 2108 χρυσοῦ

2017 2128 2176 2197 φύσις
2215 2129 2380 2194 ἐστὶν,
2414 2129 2513 2182 οὐκ
2549 2128 2614 2182 ἂν
2644 2125 2798 2196 οἶμαι
2827 2128 3000 2181 ταῦτα
3041 2127 3276 2193 ἑλέσθαι,
3313 2127 3434 2181 οὐδέ
3463 2129 3610 2191 τοὺς

2020 2217 2220 2288 σφόδρα
2259 2216 2346 2269 διὰ
2382 2216 2482 2286 τῆς
2524 2217 2820 2287 ἐπιθυμίας
2850 2217 3245 2286 συντετηκότας
3272 2218 3336 2286 τῇ
3369 2214 3499 2288 ὕλῃ.
3538 2218 3612 2270 Εἰ

2017 2305 2109 2362 οὖν
2137 2310 2192 2362 ἐν
2223 2308 2438 2379 κατάρᾳ
2463 2310 2572 2371 τοῖς
2602 2303 2661 2361 εὖ
2694 2306 2981 2378 φρονοῦσιν
3007 2308 3108 2379 ἤδη
3134 2309 3270 2371 ἐστὶ,
3301 2308 3360 2360 τὸ
3388 2309 3444 2360 ἐν
3480 2312 3610 2372 τοῖς

2022 2398 2271 2466 ίδιὼμασι
2301 2397 2400 2467 τῆς
2422 2396 2628 2467 ἀψύχου
2659 2395 2792 2466 ὕλης
2819 2395 3093 2464 γενέσθαι,
3122 2394 3206 2459 τίς
3233 2395 3420 2463 ἄλογος
3456 2399 3610 2467 περὶ

2017 2489 2116 2558 τὴν
2153 2488 2346 2558 κτῆσιν
2380 2486 2584 2540 τούτων
2626 2487 2811 2557 μανία.
2842 2479 2918 2540 ὧν
2945 2487 3005 2539 τὸ
3032 2486 3184 2549 τέλος
3223 2487 3258 2557 ὴ
3295 2489 3610 2556 ματαιότης

2019 2581 2184 2645 ἐστὶν,
2213 2579 2288 2642 ὡς
2309 2579 2402 2632 καὶ
2433 2579 2609 2648 φόνων
2636 2577 2723 2630 διὰ
2749 2577 2909 2630 τοῦτο
2934 2576 3028 2629 καὶ
3057 2577 3306 2650 λῃστείας
3331 2578 3609 2630 κατατολ-

2022 2670 2190 2739 μῆσαι
2220 2671 2343 2732 τοὺς
2375 2667 2884 2740 προλελυσσηκότας
2914 2668 3027 2729 τοῖς
3066 2667 3347 2737 χρήμασι;
3387 2668 3487 2719 καὶ
3537 2667 3611 2719 οὐ

2017 2761 2176 2813 τοῦτο
2222 2761 2396 2830 μόνον,
2455 2760 2594 2813 ἀλλά
2639 2761 2735 2813 καὶ
2787 2760 2885 2829 τῆς
2917 2759 3159 2829 πονηρᾶς
3202 2757 3437 2821 ἐπινοίας
3479 2759 3612 2812 τῶν

2019 2850 2214 2913 τόκων,
2244 2851 2310 2920 ἢν
2347 2851 2510 2920 ἀλλην
2538 2867 2621 2913 τις
2645 2849 2898 2922 λῃστείαν
2937 2850 3030 2902 καὶ
3057 2848 3358 2918 μιαιφονίαν
3387 2850 3612 2919 ὀνομὰ-

2023 2957 2140 3003 σας,
2166 2941 2263 2993 οὐκ
2286 2941 2352 2994 ἂν
2383 2941 2617 3010 ἁμάρτοι
2643 2937 2735 2991 τοῦ
2768 2938 2996 3002 δέοντος.
3031 2939 3103 2990 Ἣ
3135 2938 3188 2990 τί
3214 2937 3320 3006 γάρ
3341 2937 3611 3009 διαφέρει

2014 3030 2284 3100 λαθραίως
2309 3032 2374 3084 ὲκ
2398 3030 2758 3101 τοιχωρυχίας
2783 3029 3036 3098 ἀλλότρια
3066 3028 3388 3100 ληϊσάμενον
3415 3028 3610 3098 ἔχειν,

2011 3123 2106 3175 καὶ
2133 3107 2210 3193 τῷ
2241 3123 2386 3192 φόνῳ
2411 3121 2503 3176 τοῦ
2541 3121 2949 3192 παροδεύοντος,
2977 3121 3242 3190 δεσπότην
3271 3119 3454 3174 ἑαυτὸν
3481 3122 3610 3173 τῶν

2012 3211 2219 3264 ἐκείνου
2251 3210 2494 3280 ποιεῖν,ἢ
2526 3209 2614 3263 διά
2628 3210 2727 3279 τῆς
2755 3210 2864 3263 τῶν
2889 3208 3063 3263 τόκων
3084 3208 3331 3278 ἀνάγκης
3349 3209 3608 3264 κτᾶσθαι

2010 3303 2080 3355 τά
2120 3304 2194 3373 μὴ
2249 3303 2625 3374 προσήκοντας
2675 3303 2738 3354 Ὢ
2761 3302 2938 3372 κακῆς
2986 3299 3388 3372 προσηγορίαςι
3423 3301 3608 3366 τόκος

2011 3393 2181 3462 ὄνομα
2199 3395 2296 3463 τῆς
2318 3394 2571 3468 λῃστείας
2591 3393 2818 3462 γίνεται.
2842 3394 2906 3444 Ὦ
2923 3390 3134 3463 πικρῶν
3149 3392 3373 3462 γάμωνί
3398 3391 3462 3443 Ὦ
3485 3409 3606 3445 πθ-

2011 3485 2181 3554 νηρᾶς
2198 3485 2470 3552 συζυγίας,
2485 3486 2550 3555 ἥν
2569 3486 2602 3555 ὴ
2622 3483 2781 3553 φύσις
2800 3485 2897 3554 μὲν
2911 3483 3012 3536 οὐκ
3026 3481 3337 3553 ἐγνώρισεν,
3353 3483 3385 3552 ἡ
3400 3482 3456 3534 δὲ
3475 3482 3607 3536 τῶν

2013 3576 2237 3646 φιλοχρη
2247 3570 2554 3646 ματούντων
2576 3575 2728 3638 νόσος
2751 3577 2809 3628 ἐν
2834 3577 2945 3637 τοῖς
2977 3573 3203 3644 ἀψύχοις
3239 3573 3603 3646 ἐκαινοτόμη-

2015 3683 2105 3720 σεν
2127 3667 2138 3719 l
2174 3667 2237 3718 Ὦ
2273 3665 2528 3737 χαλεπῶν
2553 3666 2868 3738 κυημάτων,
2895 3664 2987 3733 ἀφ’
3016 3657 3090 3717 ὧν
3124 3666 3152 3718 ό
3175 3664 3408 3726 τοιοῦτος
3428 3664 3601 3728 τόκος

2012 3753 2292 3824 ὲκφύεται.
2337 3756 2512 3809 Μόνον
2542 3757 2600 3810 ἐν
2645 3758 2757 3818 τοῖς
2795 3751 2913 3808 οὖσι
2954 3754 3016 3807 τὸ
3049 3754 3290 3826 ἔμψυχον
3334 3756 3397 3824 τῇ
3443 3755 3601 3808 κατά

2011 3843 2072 3896 τὸ
2098 3844 2263 3914 ἆρρεν
2286 3845 2380 3898 καὶ
2402 3844 2534 3914 θῆλυ
2571 3845 2802 3915 διαφορᾷ
2823 3844 3086 3915 διεκρίθη.
3119 3844 3342 3906 Τούτοις
3376 3839 3538 3896 εἷπεν
3568 3847 3600 3898 ὁ

2013 3934 2225 3998 πλάσας
2242 3933 2390 3996 Θεὸς,
2421 3949 2440 3982 ‹
2462 3933 2762 3999 Αὐξάνεσθε
2797 3935 2892 3988 καὶ
2916 3934 3270 4005 πληθύνεσθε,
3327 3933 3465 3987 ὥστε
3497 3935 3599 3988 διὰ

2011 4025 2114 4095 τῆς
2143 4025 2202 4091 ἐξ
2229 4011 2471 4095 ἀλλήλων
2499 4025 2764 4093 γενέσεως
2795 4027 2875 4088 είς
2893 4024 3094 4095 πλῆθος
3121 4024 3183 4077 τὸ
3212 4024 3599 4095 ζωογονούμε-

2013 4133 2102 4170 νον
2132 4116 2411 4181 αὔξεσθαι.
2450 4118 2508 4170 ὐ
2540 4117 2598 4178 δὲ
2638 4118 2730 4170 τοῦ
2761 4118 2985 4189 χρυσίου
3019 4117 3176 4181 τόκος
3207 4119 3272 4170 ὲκ
3302 4117 3467 4171 ποίων
3493 4119 3600 4185 γάο

2016 4225 2130 4278 μων
2159 4209 2474 4264 συνίσταται
2498 4226 2513 4275 ;
2561 4211 2658 4262 Ἐκ
2681 4209 2838 4273 ποίας
2867 4209 3269 4280 τελεσφορεῖται
3298 4211 3596 4278 κυήσεως;

2025 4299 2164 4350 Ἀλλ’
2217 4295 2335 4352 οἶδα
2379 4299 2479 4370 τὴν
2506 4300 2673 4354 ὠδῖνα
2711 4300 2804 4353 τοῦ
2830 4299 3070 4353 τοιούτου
3108 4298 3269 4351 τόκου
3308 4297 3460 4367 παρά
3488 4299 3598 4353 τοῦ

2016 4389 2301 4458 Προφήτου
2351 4387 2596 4459 μαθὼν,‹
2619 4388 2749 4443 Ἰδοὺ
2794 4388 2984 4442 ὤδινεν
3036 4387 3272 4451 ἀδικίαν,
3325 4387 3596 4440 συνέλαϐε

2017 4478 2195 4540 πόνον,
2234 4479 2324 4533 καὶ
2343 4479 2524 4532 ἔτεκεν
2545 4477 2820 4546 ἀνομίαν.»
2846 4471 3015 4542 Οὗτος
3037 4477 3241 4540 ἐκεῖνός
3275 4479 3420 4530 ἐστιν
3447 4479 3475 4529 ό
3499 4477 3597 4530 τό-

2015 4587 2127 4633 κος,
2153 4570 2212 4622 ὃν
2245 4570 2473 4641 ὠδίνησε
2490 4571 2588 4640 μὲν
2617 4572 2650 4641 ὴ
2685 4570 2982 4635 πλεονεξία,
3015 4570 3188 4622 τίκτει
3217 4569 3275 4622 δὲ
3300 4571 3333 4640 ἡ
3362 4569 3593 4637 ἀνομία,

2013 4662 2160 4732 καὶὴ
2197 4661 2582 4732 μισανθρωπία
2621 4662 2922 4732 μαιεύεται.
2970 4663 3032 4714 '0
3065 4661 3174 4732 γὰρ
3207 4661 3295 4714 ἀεὶ
3323 4659 3596 4730 κρύπτων

2010 4751 2108 4820 τὴν
2154 4751 2434 4822 εὐπορίαν,
2471 4751 2564 4806 καὶ
2623 4753 2773 4824 ὅρκῳ
2815 4752 2875 4804 τὸ
2915 4753 2988 4823 μὴ
3018 4751 3164 4822 ἐχειν
3204 4749 3592 4820 πιστούμενος,

2007 4841 2226 4895 ἐπειδάν
2259 4860 2379 4896 τινα
2398 4842 2483 4914 ίδῃ
2511 4843 2728 4915 ἀνάγκῃ
2753 4842 3238 4912 καταπνιγόμενον,
3266 4840 3386 4893 τότε
3416 4839 3592 4908 ἐγκύο

2011 4948 2126 5001 μων
2151 4931 2227 5001 τῷ
2253 4932 2522 5002 βαλαντίῳ
2567 4933 2924 5005 προφαίνεται
2949 4949 2962 4962 ·
2997 4931 3120 4984 τότε
3147 4931 3238 4984 τὸν
3258 4930 3493 5001 πονηρὸν
3517 4935 3590 5002 τῇ

2007 5021 2322 5092 φιλοκερδίᾳ
2349 5023 2528 5077 ὠδίνει
2555 5023 2734 5087 τόκον,
2765 5022 2958 5076 ἐλπίδα
2989 5020 3084 5074 τοῦ
3123 5021 3479 5092 δανείσματος
3506 5022 3594 5091 τῷ

2005 5111 2356 5182 δυστυχοῦντι
2379 5113 2780 5184 προδείκνυσιν,
2815 5115 2882 5183 ἥν
2915 5113 3194 5166 ἐπιϐάλλει
3221 5112 3354 5183 ὕλην
3384 5112 3463 5183 τῷ
3491 5112 3593 5166 δυ-

2009 5203 2333 5274 στυχήματι,
2393 5205 2580 5277 ὥσπερ
2621 5206 2651 5257 ό
2700 5204 2778 5275 τῷ
2825 5203 2992 5274 ἐλαίῳ
3033 5202 3449 5263 κατασϐεννύων
3483 5204 3593 5275 τὴν

2006 5289 2199 5358 φλόγα.
2235 5293 2310 5346 Οὐ
2338 5293 2447 5364 γὰρ
2484 5293 2819 5365 ἐθεράπευσε
2872 5293 2952 5365 τῷ
2996 5293 3191 5364 δανείῳ
3222 5293 3321 5364 τὴν
3351 5292 3583 5364 ζημίαν,

2004 5379 2119 5433 ἀλλ’
2135 5381 2411 5436 ἐπέτεινεν
2432 5401 2445 5414 ’
2477 5384 2572 5438 καὶ
2590 5385 2779 5457 ὥσπερ
2800 5387 2858 5438 ὲν
2875 5387 2986 5447 τοῖς
3008 5385 3239 5455 αὐχμοῖς
3261 5383 3588 5453 αὐτομάτως

2004 5471 2465 5544 ἀκανθοφοροῦσιν
2506 5477 2561 5529 al
2601 5474 2850 5547 ἄρουραι,
2885 5474 3028 5530 οὕτω
3070 5476 3162 5530 καὶ
3202 5476 3261 5528 ἐν
3295 5477 3415 5538 ταῖς
3447 5491 3587 5543 συμ-
