3766 5986
162 189 263 242 675

1229 188 1296 244 IN
1332 184 1864 245 ECCLESIASTEN.
1909 185 2186 243 HOMILIA
2218 187 2305 243 IV.

1835 119 1856 153 λ
1872 105 1874 107 ,

3289 193 3396 253 οτι

165 312 348 381 φοραῖς
401 309 512 365 τῶν
545 309 1080 379 στενοχορουμένων,
1133 310 1181 362 οἱ
1228 310 1336 364 τῶν
1385 310 1719 364 πλεονεκτῶν

1826 323 1941 376 qum
1973 307 2278 362 infortunio
2309 307 2503 379 ingerit
2534 311 2820 364 materiam
2844 351 2860 378 ,
2890 311 3168 382 quomodo
3209 313 3258 371 is
3296 317 3390 382 qui

164 397 478 469 ύλομανοῦσι
530 399 698 451 τόκοι.
743 393 875 450 Εἶτα
932 397 1202 468 προτείνει
1265 399 1360 469 τὴν
1392 401 1548 469 χεῖρα
1585 397 1722 469 μετά

161 489 250 542 τοῦ
277 492 572 560 χρήματος,
605 489 793 560 ὥσπερ
823 493 857 560 ἡ
891 474 1138 560 ὁρμιάτὺ
1161 490 1538 562 κεκρυμμένον
1568 490 1722 557 ἄγκι-

163 593 310 648 στρον
354 575 433 647 τῷ
486 577 836 648 δελεάσματι.
882 577 1193 647 Περιχανὼν
1231 577 1286 630 δέ
1317 579 1346 629 6
1392 577 1620 641 δείλαιος
1652 581 1720 649 τῇ

161 669 290 738 πρὸς
315 669 373 721 τὸ
407 669 579 740 παρὸν
605 669 855 739 εὐπορίᾳ,
885 669 979 721 καὶ
1007 669 1059 720 εἴ
1083 686 1134 720 τι
1169 668 1408 740 κρυπτὸν
1445 668 1502 720 ἐν
1524 667 1722 721 ἀποθέ-

159 777 262 822 τοις
283 755 416 829 εἶχε,
438 763 505 830 τῇ
529 761 622 813 τοῦ
637 761 946 830 ,ἀγκίστρου
967 760 1097 829 ὁλκῇ
1118 759 1460 828 συνεξέμεσε.
1489 759 1722 813 Τοιαῦτα

159 849 224 902 τά
247 851 350 902 τῶν
378 851 552 904 τόκων
583 851 1017 920 εὐεργετήματα.
1050 849 1167 904 Κᾶν
1187 850 1284 920 μέν
1314 868 1397 912 τις
1426 851 1560 920 πρὸς
1601 850 1722 919 βίαν

158 941 414 1010 ἀφέληταί
434 959 581 1005 τινος
599 943 659 995 τὸ
680 942 906 1011 ἐφόδιον.
940 942 976 1012 ἢΔ
1011 941 1188 995 λαθὼν
1223 941 1522 1011 ὑποκλέψῃ,
1550 942 1722 1009 βίαιος

159 1031 245 1082 καὶ
292 1029 628 1101 λωποδύτης,
682 1033 776 1083 καὶ
826 1032 896 1083 τὰ
923 1030 1147 1083 τοιαῦτα
1191 1029 1442 1097 λέγεται·
1474 1031 1502 1080 6
1539 1029 1590 1080 δὲ
1623 1028 1720 1098 τὴν

159 1121 363 1175 ἀδικίαν
391 1123 745 1193 ἐμμάρτυρον
763 1122 858 1176 καὶ
880 1122 980 1192 τὴν
1012 1122 1237 1193 πικρίαν
1266 1119 1605 1189 ποιούμενος,
1629 1122 1722 1174 καὶ

163 1211 446 1280 συνθήκαις
496 1213 595 1282 τὴν
624 1213 969 1282 παρανομίαν
1005 1212 1312 1282 κρατύνων,
1346 1214 1722 1285 φιλάνθρωπος

159 1303 248 1355 καὶ
274 1303 588 1372 εὐεργέτης,
613 1305 706 1356 καὶ
737 1303 937 1373 σωτὴρ,
961 1305 1054 1357 καὶ
1088 1304 1264 1359 πάντα
1287 1305 1356 1357 τά
1384 1305 1595 1375 χρηστά
1616 1305 1722 1358 τῶν

156 1392 426 1462 ὀνομάτων
455 1394 918 1464 προσαγορεύεται
937 1411 950 1424 ’
977 1395 1148 1448 καὶτὸ
1180 1397 1277 1466 μὲν
1297 1396 1356 1460 ἐξ
1388 1398 1723 1467 ὑφαιρέσεως

157 1483 357 1552 κέρδος,
396 1483 620 1554 κλέμμα
645 1485 890 1554 λέγεται,
913 1487 1010 1540 ὁδέ
1039 1487 1127 1541 διά
1158 1487 1258 1556 τῆς
1286 1487 1538 1558 τοιαύτης
1564 1490 1724 1558 ἀνάγ·

155 1590 252 1641 κης
300 1573 632 1644 ἀπογυμνῶν
656 1577 746 1629 τὸν
791 1577 1044 1647 Χριστὸν,
1077 1578 1454 1650 φιλανθρωπίᾳ
1487 1579 1585 1648 τὴν
1628 1596 1720 1633 πι-

1824 397 1946 450 oleo
1973 399 2271 468 exstinguit
2310 397 2606 450 ﬂammam.
2648 397 2768 452 Non
2797 400 2942 454 enim
2977 403 3276 458 calamitati
3316 408 3391 459 t'c-

1822 503 1955 542 nore
2000 487 2153 542 affert
2200 489 2540 551 remedium,
2574 489 2668 543 sed
2709 503 2829 543 eam
2875 491 3046 560 magis
3094 501 3293 560 auget.
3336 502 3390 547 et

1821 581 2098 646 quomodo
2124 581 2176 633 in
2199 579 2340 634 iocis
2368 580 2540 634 aridis
2565 588 2620 634 et
2645 581 2871 636 incultis
2895 588 3038 634 terra
3069 597 3167 636 sua
3197 593 3409 652 sponte.

1823 668 2080 738 producit
2113 673 2334 740 spinas:
2371 671 2446 723 ita
2479 672 2642 724 etiam
2679 671 2734 724 in
2765 671 3166 746 calamitatibus
3198 689 3391 729 eorum

1822 763 1914 827 qui
1959 771 2283 827 premuntur
2323 759 2626 827 angustiis,
2669 774 2960 813 avarorum
3005 760 3190 815 fenora
3232 763 3392 816 luxu-

1821 849 1984 902 riant.
2019 849 2222 904 Deinde
2253 865 2473 920 manum
2514 850 2754 919 porrigit
2792 864 2914 903 cum
2947 853 3206 920 pecunia,
3246 856 3392 909 sicut

1820 941 2033 995 arundo
2060 941 2280 996 hamum
2307 955 2434 996 esca
2463 949 2688 994 tectum.
2739 941 2908 996 llians
2938 950 3116 996 autem
3154 945 3260 998 iste
3287 945 3391 998 mi-

1820 1032 1988 1086 sellus
2021 1033 2087 1084 ad
2124 1041 2454 1102 praesentem
2492 1032 2748 1101 e0piam.,
2784 1033 2996 1086 etiamsi
3033 1034 3166 1102 quid
3201 1037 3390 1088 occul-

1823 1129 1935 1175 ttnn
1972 1122 2209 1176 habebat
2237 1125 2579 1193 repositum,
2609 1138 2732 1175 cum
2765 1107 3000 1177 attracto
3035 1125 3194 1178 hamo
3227 1126 3389 1180 simul

1819 1211 2040 1266 evomit.
2070 1210 2297 1266 Fenoris
2321 1212 2590 1280 ejusmodi
2613 1220 2741 1266 sunt
2765 1212 3049 1266 beneﬁcia.
3079 1212 3143 1266 Et
3171 1215 3216 1267 si
3241 1217 3390 1283 quis-

1823 1301 1964 1368 piam
2005 1292 2240 1371 alicujus
2280 1303 2503 1372 quidem
2544 1303 2806 1356 viaticum
2850 1304 2900 1358 vi
2935 1304 3258 1369 abstulerit,
3296 1315 3391 1361 aut

1821 1393 1959 1446 clam
1993 1393 2352 1464 subripuerit,
2384 1402 2592 1462 raptor,
2621 1403 2673 1448 et
2703 1394 2792 1448 fur
2811 1437 2826 1458 ,
2859 1403 2914 1448 et
2942 1411 3061 1464 quae
3087 1405 3215 1450 sunt
3244 1397 3391 1464 ejus-

1822 1483 1966 1538 modi
1998 1485 2222 1539 dicitur.
2253 1483 2366 1550 Qui
2387 1489 2569 1539 autem
2599 1486 2762 1539 etiam
2789 1484 3050 1540 adhibitis
3077 1488 3388 1558 testibus‘se

1824 1575 2026 1643 injuste
2063 1584 2117 1631 et
2154 1578 2350 1632 acerbe
2389 1577 2568 1646 gerit,
2606 1585 2660 1631 et
2699 1578 2874 1647 pactis
2914 1581 3202 1635 conventis
3232 1597 3388 1636 suam

155 1665 307 1731 κρίαν
364 1666 748 1737 ὑποκορίζεται
770 1683 784 1699 °
819 1668 960 1720 οὓτω
993 1667 1100 1738 γὰρ
1137 1669 1235 1732 τὰς
1268 1671 1466 1740 ζημίας
1492 1673 1598 1724 τῶν
1622 1673 1720 1725 δει-

1826 1668 2115 1720 conﬁrmat
2151 1669 2493 1738 iniquitatem
2519 1707 2534 1732 ,
2571 1669 2844 1738 benignus
2881 1669 3080 1724 dicitur
3110 1679 3165 1725 et
3193 1673 3390 1728 beneﬁ-

153 1753 311 1831 λαίων
362 1753 821 1826 κατονομὰζουσι.
860 1777 879 1810 ι
916 1760 1232 1829 Συνήγαγον
1269 1777 1358 1831 μοι
1395 1761 1488 1814 καί
1529 1778 1592 1828 γε
1624 1764 1722 1833 ἀρ-

155 1844 333 1916 γύριον
366 1847 465 1899 καί
491 1863 554 1915 γε
573 1847 817 1919 χρυσίον.
848 1867 868 1900 ι
901 1849 1067 1903 Ἀλλά
1096 1850 1284 1904 τούτου
1320 1853 1478 1922 χάριν
1501 1854 1529 1905 6
1563 1855 1723 1921 σοφὸς

156 1936 420 1990 παιδεύων
447 1937 538 1992 τὸν
577 1938 712 2007 βίον,
744 1941 802 1992 ἐν
823 1939 900 2009 τῷ
939 1941 1221 2011 καταλόγῳ
1257 1942 1368 1996 τῶν
1405 1944 1722 2014 ἐξαγορεύο-

157 2027 325 2094 μένων
411 2030 507 2082 καὶ
551 2029 722 2083 ταῦτα
752 2031 1222 2102 κατηριθμήσατο,
1257 2034 1342 2086 ἵνα
1373 2034 1635 2104 μαθόντες
1671 2038 1720 2090 οί

153 2115 424 2186 ἄνθρωποι
478 2119 628 2188 παρά
649 2120 743 2172 τοῦ
771 2123 836 2192 τῇ
871 2121 1036 2192 πείρᾳ
1065 2125 1494 2191 κατεγνωκότος,
1534 2126 1616 2179 ὃτι
1664 2125 1721 2180 ἓν

152 2207 253 2259 τῶν
281 2208 366 2260 ἐπ’
429 2210 629 2281 ἀτοπίᾳ
687 2213 1150 2282 κατεγνωσμένων
1192 2213 1350 2267 τοῦτό
1385 2217 1522 2281 ἐστι,
1552 2215 1719 2284 φυλά-

155 2298 338 2362 ξωνται
384 2299 494 2371 πρὸ
537 2302 638 2370 τῆς
690 2303 883 2374 πείρας
909 2304 1020 2373 τὴν
1050 2304 1145 2356 τοῦ
1173 2305 1343 2358 κακοῦ
1380 2306 1681 2376 προσϐολήν
1704 2325 1719 2339 ·

155 2391 398 2461 καθάπερ
434 2393 548 2446 ἐστι
590 2391 681 2447 καὶ
732 2396 857 2458 τοὺς
880 2395 1202 2467 λῃστρικούς
1240 2414 1297 2448 τε
1321 2399 1412 2450 καὶ
1441 2398 1722 2470 θηριώδεις

153 2480 345 2544 τόπους
400 2481 628 2544 ἀπαθῶς
666 2482 915 2547 διελθεῖν,
966 2483 1054 2536 διά
1084 2485 1144 2536 τὸ
1179 2485 1462 2557 προελθεῖν
1499 2489 1626 2550 τοὺς
1663 2490 1722 2541 ἐν

152 2571 352 2635 τούτοις
392 2573 968 2642 προκινδυνεύσαντας.
1017 2573 1207 2638 Καλῶς
1234 2575 1292 2628 δὲ
1323 2579 1351 2629 6
1387 2577 1526 2639 θεῖος
1567 2577 1723 2630 Ἀπό-

156 2662 347 2726 στολος,
385 2661 568 2725 καλῶς
599 2663 661 2716 τὸ
698 2663 865 2726 πάθος
917 2663 1018 2732 τῆς
1057 2664 1420 2737 φιλαργυρίας
1457 2668 1718 2737 ὁρίζεται,

155 2753 302 2820 ῥίζαν
318 2754 385 2807 αύ
394 2753 492 2822 τὴν
517 2753 732 2807 πάντων
746 2752 853 2805 τῶν
871 2753 1055 2807 κακῶν
1073 2755 1720 2827 ἀποφηνάμενος.Ὢσπερ

151 2844 250 2914 γὰρ
269 2844 322 2895 εί
339 2861 452 2897 τινι
475 2844 629 2915 μέρει
653 2843 948 2914 διεφθορὼς
971 2846 1065 2897 καὶ
1098 2846 1467 2914 σηπεδονώδης
1490 2848 1720 2918 ἐπιρρυῇ

149 2931 332 3000 χυμὸς,
361 2933 463 2985 καὶ
492 2931 769 3002 φλεγμονὴ
809 2930 888 3000 τῷ
934 2934 1084 3002 τόπῳ
1126 2934 1437 3004 ἐγγένηται,
1507 2935 1718 3004 ἀνάγκη

150 3022 292 3072 πᾶσα
319 3023 406 3085 εἰς
431 3022 734 3074 ἀπόστασίν
772 3038 894 3076 τινα
922 3024 1015 3075 καὶ
1042 3022 1338 3094 διαφθορὰν
1366 3024 1425 3076 τὸ
1445 3024 1718 3094 ἐνσκῆψαν

151 3109 308 3181 ὑγρὸν
336 3112 745 3182 ἀπορραγῆναι,
777 3111 1130 3180 διαφυγόντος
1169 3113 1263 3166 τοῦ
1299 3114 1451 3166 ποιοῦ
1475 3114 1573 3184 τὴν
1601 3119 1719 3167 ἐπι-

150 3201 402 3269 φάνειανο
434 3203 607 3266 οὓτως
624 3198 703 3266 οἷς
733 3205 894 3275 ἐνρυῇ
916 3205 1014 3274 τῆς
1030 3204 1459 3276 φιλοχρηματίας
1486 3209 1518 3277 ἡ
1547 3207 1717 3274 νόσος,

149 3295 222 3358 είς
246 3293 546 3348 ἀκολασίαν
571 3293 645 3358 ὡς
678 3294 746 3347 τά
784 3294 954 3348 πολλὰ
1001 3295 1063 3347 τὸ
1096 3295 1265 3358 πάθος
1294 3297 1590 3368 ἐπέσκηψε.
1623 3298 1720 3352 Διά

148 3385 300 3439 τοῦτο
329 3385 659 3457 προστίθησι
701 3388 767 3456 τῇ
816 3386 1104 3457 περιουσίᾳ
1142 3384 1238 3439 τοῦ
1283 3387 1505 3456 χρυσίου
1539 3405 1596 3440 τε
1627 3389 1720 3441 καὶ⁹

150 3473 408 3544 ἀργυρίου
428 3475 530 3544 τὴν
559 3473 864 3536 ἀκολούθως
892 3473 970 3543 τῷ
1002 3476 1435 3546 προκατασχόντι
1453 3479 1718 3548 νοσήματι

149 3561 618 3616 ἐπακολουθοῦσαν
676 3563 1082 3633 ἀσχημοσύνην.
1120 3583 1140 3616 ι
1200 3564 1460 3635 Ἐποίησα
1512 3568 1640 3637 γὰρ,
1696 3587 1714 3620 ι

152 3650 332 3719 φησὶν,
368 3668 390 3703 ι
436 3649 664 3722 ᾅδοντας
709 3649 804 3702 καὶ
839 3649 1088 3720 ᾀδούσας,
1115 3671 1134 3704 ›
1175 3653 1283 3706 τῶν
1312 3656 1623 3725 συμποσίων
1651 3657 1720 3710 τά

150 3741 560 3813 ἐντρυφήματα,
610 3741 879 3811 οἰνοχόους
936 3742 1030 3796 καὶ
1063 3743 1324 3813 οἰνοχόας.
1367 3746 1635 3816 Ἤρκεσεν
1680 3750 1713 3818 ὴ

154 3832 334 3903 μνήμη
369 3831 482 3884 τῶν
519 3831 797 3903 ὀνομάτων
831 3831 1176 3902 στηλιτεῦσαι
1209 3835 1269 3888 τὸ
1295 3835 1487 3900 πάθος,
1516 3837 1714 3910 ὅπερή

149 3924 272 3991 περὶ
291 3923 358 3977 τά
388 3922 649 3994 χρήματα
674 3923 827 3986 νόσος
852 3923 1377 3995 προωδοποίησεν.Ὣ
1391 3922 1488 3997 τῆς
1513 3928 1714 3983 ἀτόπου

148 4013 346 4085 ταύτης
378 4013 744 4085 φιλοτεχνίαςί
769 4014 843 4077 ὡς
867 4014 1061 4085 ἀθρόον
1083 4017 1358 4071 ἐπιϐάλλει
1386 4019 1494 4072 τῶν
1516 4021 1715 4090 ἡδονῶν

149 4105 207 4157 τὸ
237 4106 438 4177 ῥεῦμα,
473 4101 586 4158 οἷόν
609 4123 719 4158 τισι
745 4107 1068 4177 χειμάρροις
1105 4107 1312 4172 διπλοῖς
1356 4110 1424 4163 δι’
1459 4113 1626 4182 ἀκοῆς
1657 4131 1717 4167 τε

148 4197 241 4251 καὶ
255 4197 430 4267 ὅψεως
451 4197 553 4260 τάς
568 4196 744 4267 ψυχὰς
759 4196 1068 4261 ἐπικλύζον,
1085 4197 1171 4251 ἵνα
1195 4198 1456 4269 βλέπηται
1479 4203 1538 4255 τὸ
1554 4206 1721 4256 κακὸν

1822 1773 1950 1823 cus,
1993 1767 2046 1812 et
2085 1771 2355 1823 servator,
2389 1768 2443 1814 et
2477 1761 2825 1825 nominibus,
2856 1777 3214 1832 quaecumque
3247 1766 3388 1818 bona

1821 1857 1986 1912 sunt,
2039 1851 2388 1918 appellatur:
2435 1857 2492 1903 et
2524 1851 2670 1919 quod
2718 1865 2783 1904 ex
2836 1851 3116 1906 ablatione
3168 1853 3388 1922 quidem

1821 1949 2044 2007 paratur
2075 1940 2286 1993 luctum
2310 1977 2326 2002 ,
2359 1939 2561 1993 dicitur
2591 1939 2829 2004 furtum,
2859 1942 2956 2010 qui
2989 1950 3166 1996 autem
3198 1945 3389 2012 hujus-

1822 2031 1965 2083 modi
2000 2031 2332 2084 necessitate
2366 2030 2710 2099 compulsum
2747 2033 2945 2100 spoliat
2971 2032 3344 2087 Christianum
3369 2074 3385 2098 ,

1820 2119 2025 2172 blando
2082 2119 2440 2189 benignitatis
2491 2120 2759 2173 vocabulo
2805 2121 2938 2174 lenit
2985 2105 3332 2197 acerbitatem
3371 2141 3400 2176 :-

1821 2209 2146 2266 miserorum
2183 2212 2327 2264 enim
2376 2210 2661 2264 hominum
2702 2211 2901 2266 damna
2956 2213 3028 2265 ita
3078 2215 3385 2268 nominant.

1828 2318 1847 2349 (
1871 2289 2108 2370 Collegi.
2134 2319 2151 2350 ι
2181 2301 2390 2368 inquit,
2422 2319 2440 2350 ι
2477 2301 2609 2354 mihi
2639 2309 2692 2355 et
2718 2310 3000 2370 argentum
3033 2311 3088 2356 et
3117 2319 3329 2358 aurum.
3363 2324 3380 2356 ι

1824 2388 1928 2443 Sed
1962 2389 2063 2442 hac
2094 2388 2160 2443 de
2188 2404 2356 2444 causa
2385 2390 2605 2459 sapiens
2635 2392 2800 2442 vitam
2832 2390 3120 2456 erudiens,
3155 2393 3208 2445 in
3240 2403 3390 2446 cata-

1822 2479 1945 2549 logo
1973 2495 2163 2533 eorum
2195 2495 2315 2548 qua:
2345 2481 2545 2541 refert,
2577 2480 2692 2533 haec
2721 2495 2939 2550 quoque
2967 2484 3384 2547 annumeravit,

1825 2578 1887 2623 ut
1917 2583 2042 2623 cum
2078 2570 2330 2624 homines
2356 2570 2423 2623 ab
2451 2585 2516 2622 eo
2548 2569 2841 2624 didicerint
2865 2573 2958 2640 qui
2989 2573 3105 2641 ipsa
3136 2575 3388 2641 cognovit

1830 2660 2166 2730 experientia
2187 2700 2200 2724 ,
2232 2661 2337 2713 hoc
2369 2676 2494 2715 esse
2522 2675 2688 2714 unum
2723 2676 2785 2715 ex
2823 2662 2889 2716 iis
2917 2678 3035 2731 qua:
3066 2673 3122 2715 ut
3148 2665 3387 2718 absurda

1822 2759 1874 2804 et
1898 2751 2073 2804 aliena
2105 2759 2232 2802 sunt
2257 2749 2616 2803 condemnata
2639 2789 2654 2814 ,
2683 2760 2910 2805 caveant
2933 2754 3058 2806 mali
3092 2754 3350 2823 impetum
3371 2796 3386 2817 ,

1822 2839 2141 2909 priusquam
2171 2840 2291 2909 ejus
2319 2839 2522 2893 faciant
2551 2841 2854 2909 periculum
2881 2859 2894 2895 :
2919 2843 3062 2897 sicut
3083 2843 3242 2896 etiam
3272 2853 3388 2896 tuto

1831 2931 2128 2985 tranSmitti
2166 2939 2395 3000 possunt
2431 2931 2545 2984 loca
2579 2946 2609 2984 a
2645 2932 2954 2988 latronibus
2987 2942 3040 2989 et
3075 2934 3265 2989 bestiis
3300 2937 3387 2987 in-

1827 3021 1983 3086 festa,
2012 3028 2320 3090 propterea,
2344 3022 2491 3090 quod
2524 3025 2914 3090 praecesserint
2936 3025 3026 3092 qui
3060 3026 3112 3078 in
3139 3026 3206 3079 iis
3231 3035 3388 3079 antea

1822 3113 2072 3166 adierunt
2114 3112 2442 3180 periculum.
2486 3111 2721 3169 Pulchre
2760 3122 2938 3169 autem
2985 3115 3201 3170 divinus
3242 3119 3389 3186 Apo-

1820 3204 1995 3258 stolus
2019 3245 2033 3263 ,
2072 3203 2335 3272 pulchre,
2371 3204 2625 3273 inquam,
2661 3203 2850 3258 deﬁnit
2882 3204 3075 3258 vitium
3109 3208 3387 3274 avaritiae,

1821 3295 2184 3364 pronuntians
2200 3294 2372 3363 ipsam
2388 3309 2510 3350 esse
2523 3297 2765 3350 omnium
2784 3296 3048 3351 malorum
3070 3299 3304 3353 radicem
3319 3302 3384 3354 ⁷³.

1820 3387 1938 3452 Quo
1970 3385 2130 3439 modo
2162 3387 2306 3440 enim
2336 3387 2381 3440 si
2414 3387 2467 3439 in
2496 3387 2742 3455 aliquam
2778 3397 2983 3455 partem
3016 3397 3308 3458 corruptus
3336 3401 3388 3445 et

1822 3477 2080 3547 putridus
2107 3477 2304 3530 humor
2333 3477 2636 3542 allluxerit,
2657 3487 2711 3530 et
2742 3477 2796 3528 in
2833 3478 2954 3531 loco
2983 3477 3147 3532 fuerit
3177 3481 3389 3534 inﬂant-

1823 3568 1995 3621 matio
2019 3604 2032 3630 ,
2065 3580 2293 3620 necesse
2322 3573 2407 3618 est
2453 3565 2677 3618 omnino
2714 3571 2774 3617 ut
2818 3564 2873 3616 in
2906 3566 3138 3634 aliquem
3170 3568 3388 3623 absces-

1821 3673 1943 3716 sum
1973 3665 2028 3712 et
2063 3657 2468 3725 corruptionem
2506 3655 2704 3708 humor
2732 3655 2822 3708 ille
2848 3665 3130 3724 erumpat,
3164 3671 3286 3711 cum
3319 3661 3386 3715 ad

1825 3746 2166 3819 superﬁciem
2190 3759 2345 3814 lepus
2385 3744 2730 3814 pervaserit:
2769 3745 2844 3798 ita
2883 3744 3088 3814 quibus
3138 3750 3387 3816 pecuniae

1828 3837 2141 3908 cupiditatis
2172 3836 2395 3890 morbus
2452 3834 2758 3902 adluxerit,
2804 3834 2872 3889 ad
2915 3837 3386 3905 intemperantiam

1828 3942 2026 3997 magna
2055 3943 2118 3982 ex
2155 3933 2306 3997 parte
2333 3926 2560 3980 inclinat
2599 3925 2814 3981 vitium.
2856 3923 3150 3996 PrOpterea
3182 3928 3301 3982 auri
3332 3939 3386 3984 et

1827 4019 2033 4090 argenti
2072 4020 2242 4088 copiae
2275 4017 2426 4072 addit
2464 4017 2860 4086 turpitudinem
2890 4055 2906 4081 ,
2938 4032 3062 4087 qua:
3098 4019 3343 4074 morbum
3367 4060 3386 4084 ,

1822 4113 1913 4180 qui
1954 4112 2106 4180 prius
2147 4111 2456 4173 invaserat,
2493 4109 2632 4164 solet
2662 4108 2862 4164 deinde
2894 4109 3183 4178 consequi.
3213 4129 3231 4162 ι
3261 4109 3386 4166 Feci

1813 4201 2001 4264 enim,
2039 4219 2056 4251 ι
2091 4200 2299 4268 inquit,
2338 4217 2356 4250 ι
2387 4207 2644 4254 cantores
2699 4206 2754 4252 et
2813 4198 3179 4263 cantatrices,
3213 4217 3233 4249 ι
3267 4216 3386 4269 quae

146 4290 239 4342 καὶ
281 4290 585 4360 ἀκούηταιί
623 4289 687 4342 Ἦ
714 4289 826 4362 ᾠδὴ
869 4289 965 4360 τὴν
995 4291 1160 4360 ἀκοὴν
1201 4293 1650 4364 καταστρέφεται,
1685 4297 1717 4366 ἡ

1827 4289 2204 4344 conviviorum
2238 4295 2368 4343 sunt
2396 4288 2638 4351 deliciae,
2688 4287 3040 4357 pocillatores
3075 4294 3128 4340 et
3158 4287 3386 4356 pocillao

147 4374 262 4443 ὄψις
323 4376 426 4448 τὴν
491 4375 608 4444 ὄψιν
675 4378 1126 4446 καταγωνίζεται.
1190 4380 1426 4434 Ἐκεῖθεν
1479 4384 1506 4435 6
1557 4383 1721 4453 θῆλυς

147 4466 379 4536 φθόγγος
410 4468 501 4521 διά
523 4468 620 4539 τῆς
647 4468 944 4540 λελυμένης
968 4469 1075 4523 τῶν
1108 4470 1260 4541 ᾠδῶν
1289 4473 1569 4543 ἁρμονίας,
1597 4493 1720 4529 συν-

147 4561 352 4626 εισάγει
388 4559 570 4630 ἑαυτῷ
611 4562 702 4614 ἐπὶ
734 4563 832 4631 τὴν
865 4561 1093 4633 καρδίαν
1123 4563 1184 4614 τὸ
1217 4563 1407 4626 πάθος.
1445 4565 1720 4620 Ἐντεῦθεν

145 4653 177 4720 ἡ
197 4651 316 4720 ὄψις
332 4648 446 4705 οἷόν
459 4671 510 4705 τι
540 4653 839 4724 μηχάνημα
865 4653 1157 4724 πολεμικὸν
1176 4657 1287 4718 τοῖς
1299 4656 1597 4726 ὀφθαλμοῖς
1624 4657 1716 4711 τοῦ

146 4742 260 4801 ταῖς
284 4741 454 4810 ᾠδαῖς
471 4742 852 4806 ἐπιπίπτοντος
874 4743 1337 4815 προδιαλυθέντος,
1351 4746 1718 4816 ἐμπίπτουσα,

145 4827 239 4899 τὴν
260 4829 441 4900 ψυχὴν
470 4831 921 4900 καταστρέφεται.
951 4832 1258 4904 Στρατηγδς
1275 4833 1330 4886 δέ
1354 4834 1450 4905 τῆς
1471 4837 1721 4906 παρατά-

148 4918 277 4982 ξεως
299 4920 508 4990 ταύτης
532 4924 560 4974 ὀ
587 4917 727 4984 οἶνος
750 4923 978 4991 γίνεται,
1001 4923 1192 4994 ὥσπερ
1213 4941 1296 4987 τις
1321 4927 1552 4997 πονηρὸς
1576 4929 1727 4994 τοξὸ-

144 5025 241 5079 της
263 5011 476 5073 διπλοῖς
507 5011 686 5081 βέλεσι
734 5013 1109 5077 κατατοξεύων
1158 5014 1250 5068 τὸν
1295 5015 1600 5085 ἄνθρωπον,
1630 5021 1721 5073 ἐπί

144 5113 203 5148 τε
233 5098 334 5168 τὴν
368 5099 542 5170 ἀκοὴν
567 5101 662 5154 καὶ
691 5102 788 5172 τὴν
809 5101 929 5172 ὄψιν
945 5102 1182 5156 εὐθύνων
1207 5101 1306 5166 τὰς
1323 5104 1512 5169 ἀκίδας
1531 5123 1544 5136 ·
1570 5107 1724 5177 βέλος

145 5188 250 5260 γὰρ
269 5190 487 5255 γίνεται
520 5192 621 5262 τῆς
653 5192 750 5263 μὲν
781 5193 972 5264 ἀκοῆς.
1003 5192 1167 5264 ἡῲδή
1193 5211 1204 5222 ·
1231 5195 1328 5264 τῆς
1356 5194 1412 5247 δὲ
1438 5195 1632 5264 ὅψεως,
1660 5200 1721 5252 τὸ

147 5282 493 5351 φαινόμενον.
529 5283 602 5335 Ού
641 5283 750 5354 γὰρ
772 5284 925 5352 ψιλὸν
946 5284 1115 5354 ὄνομα
1143 5283 1249 5337 τῶν
1282 5285 1532 5354 οἰνοχόων
1550 5287 1717 5340 ἐστίν’

146 5371 256 5424 ἀλλ’
282 5375 347 5426 ἐκ
377 5373 475 5426 τοῦ
514 5374 671 5445 ἔργου
702 5377 914 5440 πάντως
942 5378 974 5447 ἡ
997 5375 1282 5446 ἐπωνυμία
1301 5375 1527 5443 γίνεται.
1554 5378 1720 5434 Ὅταν

215 5540 262 5571 ⁷⁸
298 5541 320 5598 ι
358 5543 505 5598 Tim.
529 5561 601 5610 vt,
641 5545 724 5599 10.

1826 4381 2008 4434 trices.
2044 4377 2253 4432 Sullieit
2289 4379 2494 4431 mentio
2521 4377 2805 4431 nominum
2848 4376 2914 4430 ad
2962 4375 3384 4432 describendum

1825 4470 2057 4533 vitium,
2088 4469 2154 4522 ad
2185 4469 2332 4537 quod
2363 4469 2506 4521 viam
2546 4467 2724 4520 munit
2767 4467 2991 4520 morbus
3016 4505 3032 4530 ,
3081 4467 3174 4536 qui
3215 4471 3384 4524 oritur

1824 4576 1890 4615 ex
1921 4559 2078 4628 copia
2113 4559 2378 4628 pecuniae.
2409 4557 2454 4613 Ο
2485 4557 2792 4626 improbum
2827 4567 2878 4612 et
2909 4561 3280 4628 importunum
3307 4577 3398 4615 ar-

1825 4651 2052 4704 tiﬁcium
2065 4665 2227 4720 quam
2245 4648 2471 4704 densum
2489 4648 2781 4703 acervatim
2800 4649 3038 4703 immittit
3051 4652 3385 4720 voluptatum

1824 4739 2120 4806 ﬂuentum,
2162 4738 2310 4809 quod
2355 4739 2523 4793 veluti
2573 4737 2896 4808 quibusdam
2929 4736 3242 4807 duplicibus
3278 4751 3380 4795 tor-

1823 4831 2074 4887 rentibus
2102 4846 2200 4901 per
2227 4829 2472 4884 auditum
2505 4837 2560 4884 et
2589 4831 2764 4885 visum
2797 4828 3025 4882 inundat
3051 4831 3296 4894 animas,
3331 4843 3380 4886 ut

1824 4923 2096 4987 videatur,
2145 4929 2199 4976 et
2244 4921 2501 4976 audiatur
2536 4920 2779 4975 malum!
2813 4919 3021 4973 Cantus
3057 4921 3254 4975 evertit
3291 4937 3382 4975 au-

1827 5014 2041 5079 ditum,
2099 5021 2358 5081 aspectus
2407 5021 2630 5081 supcrat
2686 5020 2740 5066 et
2789 5013 3087 5081 prosternit
3140 5012 3389 5066 oculum.

1830 5103 1970 5158 llinc
2004 5103 2289 5157 muliebris
2314 5117 2483 5158 sonus
2511 5119 2606 5172 per
2634 5102 2858 5157 fractam
2887 5111 3145 5158 cantuum
3179 5104 3399 5156 harmo-

1827 5195 1972 5248 niam
2006 5207 2190 5246 secum
2227 5193 2393 5246 sumit
2428 5193 2494 5246 ad
2528 5208 2622 5247 cor
2652 5203 2706 5247 et
2739 5193 2959 5248 deducit
2989 5193 3201 5246 vitium.
3236 5195 3390 5248 Illinc

1825 5284 1979 5338 visus
1999 5290 2256 5350 tanquam
2287 5281 2468 5350 aliqua
2498 5282 2751 5336 machina
2777 5283 2972 5338 bellica
2998 5284 3051 5338 in
3075 5283 3296 5348 oculos,
3325 5301 3393 5338 eo

1828 5375 1971 5447 quod
2005 5375 2056 5429 in
2089 5389 2248 5430 aures
2280 5373 2534 5430 cantibus
2575 5374 2884 5430 incurrerat
2914 5375 3026 5446 jam
3061 5377 3269 5440 fracto,
3307 5377 3392 5430 in-
