3738 5984
358 215 464 270 675

1600 189 1659 257 S.
1692 199 2018 257 GRECORH
2055 202 2342 258 NYSSENI

3500 201 3604 258 676

358 340 624 386 currens,
667 313 863 378 evertit
905 321 1162 374 animam.
1212 314 1388 384 llujus
1433 321 1616 366 autem
1656 311 1794 365 aciei
1823 310 1926 365 dux

2114 315 2214 369 ἷνυν
2235 315 2492 385 ὲγχέηται
2511 314 2610 385 μὲν
2637 313 2871 383 ἀφειδῶς
2891 315 3002 377 τοῖς
3041 314 3344 386 συμπόταις
3372 317 3401 373 ό
3428 317 3600 390 ἄκρα-

354 426 444 475 cst
515 417 738 478 vinum,
794 412 938 482 quod
970 409 1139 465 veluti
1167 406 1388 478 quidam
1437 402 1723 473 improbus
1765 401 1929 471 sagit-

358 510 532 563 tarius
557 504 870 576 duplicibus
900 502 1022 556 telis
1048 499 1330 554 hominem
1359 494 1640 572 confodit,
1673 491 1739 546 ad
1767 506 1929 547 aures

359 609 414 655 et
445 599 637 653 oculos
664 597 910 666 dirigens
940 592 1178 647 aculeos.
1210 587 1447 642 Auditus
1472 584 1621 639 enim
1651 583 1817 638 telum
1847 588 1932 637 est

360 699 558 747 cantus
576 731 590 754 ,
612 689 766 745 visus
791 694 969 741 autem
994 682 1050 738 id
1074 680 1219 753 quod
1244 679 1508 734 cernitur.
1530 673 1649 730 Non
1675 681 1760 728 est
1784 672 1931 738 enim

361 782 567 838 nudum
595 795 657 834 ac
678 779 857 834 solum
890 790 1090 831 nomen
1119 771 1504 843 pocillatorum
1528 784 1542 821 :
1575 764 1674 823 sed
1700 762 1930 819 omnino

361 888 435 929 ex
459 871 601 927 facto
626 878 683 926 et
701 885 767 925 ex
788 883 848 924 re
872 868 990 939 ipsa
1021 865 1079 919 ﬁt
1105 860 1506 919 denominatio.
1531 855 1763 923 Quando
1793 867 1929 923 ergo

363 962 610 1019 convivis
639 960 861 1031 quidem
893 956 1111 1012 abunde
1131 960 1185 1009 et
1207 954 1358 1007 laute
1387 951 1576 1004 vinum
1599 942 1931 1004 infunditur,

365 1054 495 1110 huic
521 1061 705 1107 autem
744 1050 911 1106 servit
943 1047 1250 1102 ministerio
1274 1044 1537 1114 juventus
1569 1044 1832 1093 exornata
1866 1031 1935 1086 ad

292 1204 299 1207 ς
364 1144 863 1216 pulchritudinem,
891 1147 984 1193 aut
1011 1138 1198 1208 pueris
1230 1151 1326 1206 per
1360 1137 1616 1188 ornatum
1649 1124 1934 1181 eﬂ‘eminav

367 1212 440 1285 tis
460 1269 474 1294 ,
508 1236 602 1283 aut
627 1231 792 1282 etiam
824 1228 944 1297 ipso
972 1240 1105 1280 sexu
1139 1221 1407 1278 feminino
1436 1223 1692 1272 versante
1724 1212 1780 1266 in
1813 1223 1937 1264 con-

365 1321 546 1386 vivio,
582 1327 637 1374 et
673 1317 928 1388 benignis
966 1313 1386 1371 invitationibus
1427 1310 1703 1368 ﬂammam
1731 1301 1938 1357 excitat

368 1411 680 1467 indecoram
711 1427 724 1463 :
763 1409 959 1462 horum
994 1405 1307 1463 studiorum
1342 1411 1635 1472 quemnam
1670 1407 1793 1449 esse
1823 1389 1938 1446 exi-

2029 422 2142 469 τος,
2176 406 2441 476 ὑπηρετεῖ
2475 404 2532 457 δὲ
2552 406 2616 475 τῇ
2641 404 2859 475 τοιαύτῃ
2887 404 3130 476 δίακονίᾳ
3148 405 3340 477 νεότης
3368 409 3452 471 είς
3471 410 3601 463 κάλ.

2028 499 2120 559 λος
2147 494 2514 567 ὲξησκημὲνη,
2551 495 2585 563 ἢ
2623 494 2827 548 παίδων
2862 493 2951 546 διὰ
2999 493 3093 555 τοῦ
3134 495 3343 566 κόσμου
3384 492 3607 567 θηλυνον

2035 586 2232 655 μένων.
2258 583 2292 652 ἢ
2324 582 2418 636 καὶ
2451 579 2616 635 αὐτοῦ
2639 580 2732 634 τοῦ
2749 580 2955 651 θήλεως
2977 580 3170 649 γένους
3190 582 3604 653 ἀναστρεφομές

2031 687 2123 724 νου
2154 669 2232 741 τῷ
2261 670 2564 741 συμποσίῳ,
2606 670 2703 723 καὶ
2741 672 2862 734 ταῖς
2892 669 3231 742 φιλοτησίαις
3263 670 3357 723 τὸν
3382 671 3604 742 ἀπρεπῆ

2031 761 2291 833 λογισμὸν
2334 760 2652 831 συγχέοντος
2679 776 2692 791 ⁸
2723 762 2802 824 είς
2833 761 2887 814 τί
2933 777 3064 814 ποτε
3096 761 3246 825 είκδς
3280 760 3606 832 τελευτῆσαι

2031 851 2131 915 τὰς
2151 850 2403 914 τοιαύτας
2436 850 2706 916 σπουδάςς
2747 851 2806 904 'U
2824 850 2933 923 γὰρ
2963 850 3166 905 σκοπὸν
3216 852 3453 906 ἑκάστου
3498 851 3607 907 τῶν

2032 939 2331 1009 γινομένων
2353 939 2688 1010 ποιούμενος,
2718 941 2811 995 καὶ
2842 939 3055 1012 παριὼν
3087 943 3153 1011 τῇ
3184 941 3484 1014 περιεργίᾳ
3510 941 3607 1010 τὴν

2032 1029 2242 1100 χρείαν,
2264 1029 2412 1092 ὅπως
2452 1029 2550 1100 μὲν
2583 1030 2982 1101 κατακοσμήσῃ
3021 1028 3119 1092 τὰς
3159 1029 3260 1099 τὴν
3297 1021 3444 1099 ᾠδὴν
3479 1045 3603 1098 μου-

2035 1117 2407 1189 σουργούσας,⁸
2432 1118 2549 1173 οῖαν
2575 1118 2634 1171 δὲ
2660 1118 2943 1189 περιθήσει
2977 1120 3097 1182 ταῖς
3115 1117 3487 1187 οίνοχοούσαις
3511 1118 3606 1188 τὴν

2036 1208 2248 1279 στολὴν,
2270 1210 2476 1280 σιωπᾷν
2498 1210 2601 1280 χρὴ
2627 1210 2696 1265 τὰ
2722 1207 2942 1263 τοιαῦτα
2964 1209 3181 1281 μᾶλλον,
3214 1210 3306 1262 καὶ
3330 1207 3419 1280 μὴ-
3438 1208 3607 1279 ἐμϐα-

2034 1296 2213 1350 θύνειν
2258 1298 2338 1369 τῷ
2380 1298 2522 1370 λόγῳ
2566 1302 2632 1371 τῇ
2677 1299 2785 1353 τῶν
2816 1300 3070 1354 τοιούτων
3093 1301 3412 1376 ὑπογραφῇ,
3440 1299 3606 1362 ὡςᾶν

2037 1387 2112 1460 μὴ
2141 1387 2208 1441 δι’
2248 1388 2417 1458 αὐτῆς
2439 1390 2793 1460 κατηγορίας,
2823 1392 3087 1458 ἑπιξαίνοι
3116 1393 3229 1456 τοῖς
3265 1390 3606 1461 ἐμπαθεστέ-

366 1512 483 1557 tum
519 1508 605 1557 est
638 1497 1109 1556 consentaneum?
1151 1494 1256 1561 Qui
1301 1491 1447 1548 enim
1499 1481 1926 1552 uniuscujusque

2114 1496 2152 1542 ις
2178 1480 2211 1549 ἡ
2247 1480 2432 1551 μνήμη
2465 1480 2534 1535 τὰ
2552 1481 2839 1553 τραύματα
2861 1500 2877 1515 ο
2907 1483 2994 1538 διὰ
3024 1482 3199 1538 ταῦτα
3221 1484 3253 1536 ὁ
3268 1484 3495 1555 χρυσός,
3516 1484 3605 1538 καὶ

366 1610 433 1649 cx
461 1593 529 1649 iis
552 1607 674 1661 quae
707 1590 842 1645 fiunt
884 1603 1107 1658 scopum
1138 1586 1243 1641 sibi
1287 1579 1577 1653 proponit,
1618 1572 1926 1630 curiositate

2114 1566 2179 1638 ὲρ
2200 1566 2461 1661 τούτων
2480 1568 2742 1640 ἄργυρος,
2770 1570 2857 1625 ἵνα
2874 1570 2944 1627 τὰ
2966 1570 3190 1629 τοιαῦτα
3212 1573 3605 1647 παρασκευάσῃ

368 1686 537 1740 nimia
582 1698 742 1739 usutn
783 1680 1239 1752 praetermittens,
1276 1667 1733 1744 quemadmodum
1781 1668 1926 1716 ornet

2114 1674 2135 1718 ς
2163 1658 2371 1730 τρυφῆς
2393 1659 2753 1731 δελεάσματα.

367 1774 592 1844 quidem
625 1785 720 1827 eas
748 1747 869 1840 qua:
925 1770 1168 1823 musicas
1216 1763 1549 1818 meditentur
1585 1752 1918 1813 cantilenas,
1957 1751 2011 1801 et
2048 1759 2158 1815 quo
2189 1747 2406 1801 ornabit
2437 1752 2639 1803 amictu
2673 1751 3036 1820 pocillatrioes
3057 1793 3072 1815 ,
3114 1761 3244 1809 sunt
3276 1754 3393 1809 haec
3428 1755 3606 1827 potius

368 1840 594 1923 dicenda
620 1905 635 1929 ’
669 1871 726 1918 ει
757 1863 823 1917 ad
859 1862 973 1917 hac
1005 1856 1366 1915 describenda
1404 1867 1515 1909 non
1553 1854 1641 1906 est
1676 1844 1926 1902 oratione
1962 1840 2368 1931 procedendum
2430 1843 2628 1908 altius,
2656 1860 2726 1900 ne
2765 1862 2860 1915 per
2885 1847 3026 1904 hanc
3088 1847 3603 1923 reprehensionem,

369 1961 438 2017 iis
469 1960 564 2030 qui
605 1964 731 2013 sunt
775 1956 941 2027 paulo
984 1952 1159 2023 magis
1203 1946 1429 2006 obnoxii
1474 1940 1797 2005 affer-tibus,
1848 1933 2076 1990 vulnera
2122 1932 2345 1994 refricet
2384 1939 2667 1994 memoria.
2716 1939 2942 2011 Propter
2985 1943 3103 1999 haec
3145 1952 3230 2000 est
3275 1961 3512 2013 aurum,
3554 1957 3608 2003 ει

368 2068 468 2124 pro
490 2029 585 2107 his
618 2058 702 2106 est
732 2056 1014 2120 argentum
1033 2086 1047 2110 ,
1084 2052 1145 2099 ut
1178 2045 1277 2099 has
1304 2046 1461 2114 paret
1492 2051 1649 2094 escas
1681 2029 2021 2089 deliciarum.
2924 2040 2933 2049 η

439 2143 581 2200 Num
614 2144 717 2198 hac
744 2140 812 2197 de
839 2154 1005 2196 causa
1040 2151 1163 2209 quas
1194 2143 1279 2192 est
1297 2151 1362 2189 ex
1381 2134 1666 2202 voluptate
1696 2123 1933 2186 alTectio,

370 2247 600 2304 serpens
631 2231 952 2285 nominatur
999 2242 1030 2281 a
1067 2212 1371 2298 Scriptura,
1393 2222 1554 2291 cujus
1587 2220 1704 2273 haec
1728 2224 1815 2271 est
1838 2228 1935 2269 na-

370 2335 518 2389 tura,
550 2330 610 2376 ut
644 2322 690 2377 si
715 2328 883 2392 caput
921 2321 1113 2375 subeat
1147 2317 1291 2371 muri
1335 2326 1686 2383 compagem,
1719 2308 1937 2363 univer-

370 2431 464 2471 sus
513 2413 605 2484 qui
633 2427 775 2481 pone
799 2419 886 2467 est
919 2417 1130 2465 tractus
1170 2408 1331 2464 simul
1362 2403 1720 2474 ingrediatur.
1768 2396 1932 2466 Ejus-

372 2504 521 2559 modi
548 2512 629 2559 est
655 2501 803 2573 quod
829 2502 956 2556 dico
981 2499 1167 2563 :Facit
1200 2506 1402 2551 natura
1431 2493 1579 2547 utsit
1609 2488 1920 2543 hominibus

372 2595 692 2650 necessaria
726 2592 1037 2658 habitatio;
1070 2589 1163 2644 sed
1194 2602 1291 2658 per
1311 2588 1462 2639 hunc
1487 2595 1645 2637 usum
1677 2580 1935 2646 voluptas

256 2716 265 2723 ι
373 2683 599 2740 subiens
628 2697 725 2752 per
754 2681 949 2733 anima:
983 2691 1331 2748 compagem,
1363 2673 1640 2727 convertit
1686 2681 1846 2723 usum
1879 2666 1936 2718 in

373 2773 666 2846 quamdam
706 2770 1123 2826 immoderatam
1147 2776 1202 2821 et
1223 2771 1606 2835 sumptuosam
1632 2769 1934 2813 ornamen-

371 2843 558 2918 torum
621 2858 1117 2931 magniﬁcentiam,
1170 2865 1225 2911 et
1286 2846 1531 2908 traduxit
1581 2846 1828 2906 studium
1864 2843 1935 2898 ad

373 2955 623 3025 quaedam
655 2952 837 3005 vineta
881 2957 935 3004 et
970 2947 1236 3019 piscinas,
1282 2955 1336 3002 et
1367 2945 1584 3005 hortos,
1634 2949 1689 2994 et
1737 2939 1934 2990 horto-

2114 2121 2184 2173 Ἢ
2213 2120 2403 2179 τούτου
2430 2124 2608 2194 χάριν,
2648 2124 2709 2178 τὸ
2733 2124 2874 2180 κατὰ
2908 2126 3006 2199 τὴν
3047 2127 3237 2202 ἡδονὴν
3266 2130 3457 2197 πάθος,
3487 2096 3635 2201 ὅφιςΑ

2039 2212 2145 2267 ὑπὸ
2170 2216 2271 2285 τῆς
2302 2216 2526 2287 Γραφῆς
2552 2217 2897 2287 ὀνομάζεται,
2930 2213 2974 2287 ᾧ
3007 2222 3040 2292 ἡ
3086 2221 3246 2291 φύσις
3279 2225 3448 2284 ἐστὶν.
3493 2226 3542 2277 εί
3575 2228 3608 2296 ή

2039 2303 2247 2376 κεφαλὴ
2297 2307 2434 2377 πρὸς
2479 2308 2579 2378 τὴν
2609 2310 2872 2380 ἁρμονίαν
2915 2311 3009 2364 τοῦ
3049 2313 3225 2382 τοίχου
3279 2314 3604 2386 παραδυείη,

2039 2394 2215 2450 πάντα
2237 2395 2327 2448 τὸν
2351 2397 2580 2453 κατόπιν
2595 2400 2749 2457 ὁλκὸν
2772 2403 3199 2471 σννεισάγεσθαι,
3225 2399 3352 2457 Οῒόν
3372 2423 3423 2457 τι
3444 2405 3606 2473 λὲγωο

2053 2487 2379 2578 ’ᾼνσιγκαίαν
2431 2492 2612 2555 αὐτοῖς
2662 2493 2970 2565 ἀνθρώποις
3018 2498 3160 2548 ποιεῖ
3214 2497 3247 2566 ὴ
3296 2496 3461 2564 φύσις
3511 2498 3609 2566 τὴῦ

2039 2579 2250 2650 οἴκησιν
2286 2598 2299 2610 ·
2349 2581 2483 2639 ἀλλὰ
2528 2583 2615 2637 διὰ
2658 2586 2757 2656 τῆς
2795 2586 2979 2657 χρείας
3008 2586 3243 2660 ταύτης,
3277 2589 3311 2659 ἡ
3346 2590 3510 2659 ἡδονὴ
3542 2594 3608 2661 τῇ

2045 2672 2282 2749 ἁρμονίᾳ
2302 2674 2398 2741 τῆς
2423 2674 2603 2745 ψυχῆς
2628 2677 2957 2748 παραδυεῖσα
2977 2682 3056 2743 είς
3087 2680 3324 2750 ἄμετρόν
3348 2698 3469 2734 τινα
3491 2682 3613 2734 καλ-

2037 2763 2320 2835 λωπισμοῦ
2355 2765 2722 2833 πολυτέλειαν,
2754 2769 2853 2842 τὴν
2886 2771 3073 2842 χρείαν
3116 2772 3479 2843 παρέτρεψεν,
3516 2774 3613 2827 καὶ

2040 2852 2139 2923 τὴν
2179 2854 2414 2926 σπουδὴν
2457 2858 2810 2928 μετεποίησεν
2849 2877 2864 2895 θ
2924 2856 3041 2913 εἶτα
3103 2861 3235 2931 πρὸς
3283 2862 3611 2932 ἀμπελῶνάς

2040 2962 2211 3009 τινας,
2242 2948 2334 3000 καὶ
2361 2946 2747 3020 κολυμϐήθρας
2775 2951 2868 3005 καὶ
2899 2951 3258 3023 παραδείσους
3287 2955 3384 3008 καὶ
3411 2956 3481 3009 τὰ
3503 2956 3614 3008 τῶν

373 3021 497 3102 rum
531 3049 879 3099 ornamenta.
910 3038 1197 3108 Tanquam
1244 3050 1485 3105 serpens
1518 3030 1733 3100 adrepit
1778 3027 1926 3082 volu-

2120 3055 2235 3091 πων
2256 3038 2767 3111 ὲγκαλλωπίσματα,
2794 3021 3053 3113 μεθέρπει
3077 3042 3138 3096 τό
3161 3043 3348 3116 θηρίον
3364 3047 3402 3116 ἡ
3426 3047 3610 3117 ἡδονή.

375 3145 524 3207 ptas,
568 3139 759 3205 postea
792 3140 976 3185 autem
997 3127 1256 3200 superbia
1297 3128 1353 3180 in
1378 3124 1637 3179 verticem
1678 3118 1937 3188 assurgit,

375 3227 799 3297 arrogantiaque
848 3230 902 3276 et
944 3219 1087 3275 fastu
1163 3214 1632 3279 circumvolvitur,
1677 3211 1941 3270 adversus

375 3333 476 3374 eos
497 3319 591 3388 qui
625 3323 756 3372 sunt
783 3312 1028 3383 ejusdem
1076 3310 1294 3381 generis
1322 3307 1429 3362 sibi
1461 3304 1807 3374 subjungens
1844 3303 1940 3355 im-

378 3410 613 3483 perium.
679 3404 811 3460 Post
849 3405 966 3458 haec
991 3415 1180 3457 secum
1226 3398 1450 3453 attrahit
1481 3404 1721 3451 tractum
1775 3407 1942 3462 pecu-

376 3501 485 3558 nite
501 3497 845 3569 cupiditatis,
912 3509 1075 3565 quam
1099 3490 1419 3555 necessario
1445 3489 1696 3562 sequitur
1742 3487 1942 3540 intem-

385 3590 662 3664 perantia,
697 3603 817 3658 qua:
847 3593 934 3643 est
969 3586 1164 3641 ultima
1195 3592 1249 3639 et
1270 3583 1459 3638 cauda:
1491 3578 1942 3637 instarobtinens

379 3697 509 3754 pars
539 3680 772 3736 feritatis
799 3693 919 3748 quae
941 3687 1027 3732 est
1055 3690 1121 3731 ex
1148 3675 1471 3745 voluptate.‘
1488 3670 1596 3728 Sed
1625 3686 1740 3741 quo
1775 3668 1938 3722 modo

379 3789 493 3833 non
517 3778 700 3842 potest
730 3783 961 3838 serpens
1007 3764 1215 3823 attrahi
1260 3765 1328 3819 ab
1357 3771 1606 3819 extrema
1644 3768 1799 3831 parte
1830 3757 1943 3827 spl-

378 3881 464 3921 na
498 3863 649 3918 dorsi
671 3876 868 3931 nempe
905 3874 937 3913 a
992 3858 1192 3923 cauda,
1239 3870 1365 3911 cum
1417 3867 1663 3925 squamae
1706 3859 1942 3905 natura-

379 3957 507 4011 liter
532 3961 727 4007 contra
764 3950 1035 4006 resistant
1091 3949 1162 4005 iis
1199 3947 1297 4017 qui
1360 3945 1641 4000 attrahunt
1668 3963 1681 4000 :
1713 3943 1796 3997 ira
1833 3954 1945 3996 non

334 4072 339 4076 -
381 4048 513 4103 licet
535 4047 602 4099 ab
636 4044 827 4099 ultimo
860 4043 1105 4111 incipere
1134 4039 1411 4111 expellere
1432 4054 1499 4094 ex
1540 4038 1728 4091 anima
1781 4037 1945 4091 ulcus

380 4136 701 4207 volitptatis,
754 4133 862 4189 nisi
912 4132 1057 4186 malo
1110 4131 1349 4203 primum
1386 4130 1704 4200 ingressum
1771 4128 1942 4180 inter—

380 4227 635 4286 cluseris.
685 4224 1055 4292 Quamobrem
1109 4230 1272 4292 caput
1300 4220 1422 4290 ejus
1450 4220 1748 4277 observare
1788 4217 1947 4287 jubet

2041 3130 2187 3185 Μετὰ
2223 3131 2393 3184 ταῦτα
2434 3131 2851 3207 ὲπικορυφοῦται
2893 3136 2961 3204 τῇ
3002 3134 3369 3208 ὑπερηφανίᾳ,
3408 3139 3504 3191 καὶ
3536 3136 3612 3209 τῷ

2041 3222 2193 3293 τύφῳ
2220 3223 2639 3293 περιελίσσεται,
2669 3225 2767 3295 τὴν
2801 3226 2940 3279 κατὰ
2980 3227 3088 3280 τῶν
3120 3227 3409 3297 ὁμοφύλων
3439 3229 3613 3300 ἀρχὴν

2042 3315 2206 3387 ἑαυτῇ
2249 3314 2610 3379 ὕποζεύξασα.
2680 3316 2803 3370 Ἐπὶ
2840 3316 3048 3381 τούτοις
3085 3317 3175 3371 τὸν
3213 3319 3314 3389 τῆς
3351 3319 3610 3391 φιλοχρη-

2045 3407 2241 3477 ματίας
2270 3406 2424 3460 ὁλκὸν
2455 3406 2794 3478 ὲπισύρεται,
2821 3400 2868 3476 ᾧ
2892 3407 3033 3462 κατὰ
3057 3394 3303 3481 ἀνάγκην
3336 3411 3530 3466 ἕπεται
3552 3410 3611 3464 τὸ

2042 3496 2335 3554 ἀκόλαστον
2354 3536 2368 3559 ,
2421 3498 2480 3551 τὸ
2516 3497 2740 3568 ἔσχατόν
2787 3514 2847 3552 τε
2895 3498 2989 3552 καὶ
3034 3500 3249 3570 οὐραῖον
3303 3501 3472 3572 μέρος
3514 3500 3612 3569 τῆς

2043 3587 2182 3642 κατὰ
2202 3586 2299 3658 τὴν
2332 3586 2522 3658 ἡδονὴν
2547 3586 2880 3660 θηριώσεως.
2925 3588 3065 3642 Ἀλλ’
3104 3588 3294 3661 ὥσπερ
3334 3591 3439 3643 ούκ
3471 3590 3609 3643 ἐστιν

2043 3679 2108 3731 ὲκ
2133 3677 2225 3734 τοῦ
2264 3677 2481 3750 οὐραίου
2520 3677 2621 3747 τῆς
2655 3678 2848 3749 ῥαχίας
2895 3679 2985 3733 τὸν
3028 3679 3150 3749 ὅφιν
3194 3680 3609 3751 ἀνελκυσθῆναι,

2045 3768 2285 3838 φυσικῶς
2316 3768 2417 3838 τῆς
2450 3768 2659 3837 φολίδος
2694 3768 2831 3840 πρὸς
2862 3769 2923 3823 τὸ
2972 3769 3205 3841 ἔμπαλιν
3235 3774 3351 3835 τοῖς
3391 3772 3608 3842 ἐφελκο-

1989 3912 1993 3919 ,
2048 3861 2229 3932 μένοις
2257 3859 2666 3931 ἀντιὸαινούσης
2683 3879 2697 3895 ο
2734 3861 2904 3922 οὕτως
2927 3863 3024 3916 οὐκ
3043 3862 3188 3916 ἐστιν
3209 3864 3273 3917 ὲκ
3293 3865 3404 3918 τῶν
3434 3869 3608 3919 τελευ-

2042 3953 2208 4005 ταίων
2242 3951 2507 4023 ἄρξασθαι
2539 3953 2636 4021 τῆς
2661 3952 2837 4023 ψυχῆς
2866 3952 3147 4018 ὲξοικίζειν
3174 3957 3273 4027 τὴν
3299 3957 3400 4027 τῆς
3423 3958 3610 4028 ἡδονῆς

2044 4041 2334 4113 ἐρπηδόνα,
2379 4045 2425 4095 εί
2476 4044 2550 4113 μή
2593 4061 2677 4106 τις
2707 4043 2784 4114 τῷ
2821 4044 2974 4115 κακῷ
3015 4045 3115 4115 τὴν
3152 4046 3381 4117 πρώτην
3413 4048 3609 4102 εἴσοδον

2044 4134 2404 4189 ἁποκλείσειε.
2441 4133 2531 4186 Διὸ
2566 4133 2659 4187 καὶ
2690 4134 2787 4205 τὴν
2815 4133 3054 4206 κεφαλὴν
3073 4135 3239 4193 αὐτοῦ
3273 4139 3556 4210 ἐπιτηρεῖν
3583 4138 3611 4207 ό

2044 4226 2144 4296 τῆς
2179 4225 2381 4296 ἀρετῆς
2418 4225 2701 4297 ύφηγητὴς
2741 4226 3106 4294 ὲγκελεύεται,
3141 4229 3386 4301 κεφαλὴν
3420 4231 3609 4302 ὄνομά·

384 4328 685 4392 praceptor
712 4317 956 4379 virtutis,
1010 4314 1228 4371 initium
1257 4313 1376 4367 vitii
1408 4320 1569 4383 caput
1620 4311 1926 4373 nominans.

2114 4337 2154 4371 ιν
2187 4317 2285 4390 τὴν
2318 4320 2492 4391 ἀρχὴν
2532 4318 2631 4387 τῆς
2669 4319 2892 4384 κακίας,
2932 4315 2999 4391 ἧς
3037 4321 3109 4392 μὴ
3159 4321 3606 4393 παραδεχθείσης,

380 4429 491 4485 quo
518 4428 629 4467 non
663 4410 928 4474 admisso,
958 4409 1013 4463 id
1039 4407 1183 4478 quod
1207 4414 1399 4469 restat,
1417 4413 1504 4460 est
1535 4403 1751 4458 irritum
1782 4411 1834 4456 et
1857 4401 1943 4454 in-

380 4504 593 4560 eiIicax.
630 4502 736 4568 Qui
790 4505 935 4558 enim
972 4502 1195 4557 omnino
1249 4508 1335 4555 est
1380 4497 1569 4553 hosﬁli
1632 4503 1688 4552 et
1739 4494 1943 4549 infesto

382 4597 567 4650 animo
597 4594 862 4649 adversus
899 4593 1260 4662 voluptatem,
1310 4606 1418 4644 non
1462 4572 1795 4657 subjicietur
1827 4586 1945 4640 sin—

379 4685 667 4758 gularibus
705 4684 825 4740 vitii
855 4684 1181 4738 insultibus.
1225 4682 1328 4747 Qui
1359 4688 1538 4735 autem
1572 4678 1692 4734 vitii
1724 4678 1943 4732 initium

380 4775 627 4836 admisit,
651 4783 821 4830 totam
843 4776 897 4828 in
930 4790 988 4830 se
1018 4775 1183 4829 simul
1216 4772 1438 4827 admisit
1466 4771 1723 4824 bestiam.
1749 4769 1946 4833 Quam-

379 4869 569 4923 obrem
599 4884 723 4922 cum
747 4867 929 4919 omnia
969 4874 1118 4921 esset
1160 4871 1505 4933 persecutus,
1539 4862 1631 4931 qui
1669 4859 1945 4928 ejusmodi

380 4960 513 5013 vitia
547 4958 862 5029 proferebat
915 4957 969 5010 in
1005 4956 1306 5025 publicum,
1354 4956 1408 5008 in
1441 4968 1710 5008 summam
1763 4953 1943 5006 locum

379 5050 602 5120 redigit.
664 5048 798 5103 Nam
826 5065 951 5103 cum
998 5048 1230 5103 dixisset
1265 5048 1334 5101 ab
1366 5048 1553 5111 initio,
1602 5046 1945 5115 Magniticavi

380 5155 519 5207 opus
561 5155 764 5205 meum,
806 5155 953 5194 nunc
978 5141 1140 5194 etiam
1191 5139 1533 5208 singulorum
1579 5154 1698 5207 quae
1729 5139 1947 5192 accide-

381 5236 510 5279 runt
561 5228 958 5295 expositionem
1002 5227 1321 5297 subjungil.
1356 5228 1739 5294 Magniﬁcatus
1794 5243 1943 5289 sum,

380 5310 579 5383 inquit,
599 5316 901 5370 ostendens
938 5317 1084 5386 quod
1121 5332 1229 5371 non
1276 5331 1374 5385 per
1402 5318 1651 5386 quaedam
1683 5333 1851 5387 parva
1894 5317 1944 5371 ei

378 5406 783 5459 contrariorum
814 5409 1026 5462 exstitit
1060 5408 1305 5478 cognitio
1328 5426 1339 5461 :
1362 5409 1456 5463 sed
1483 5408 1557 5462 ita
1589 5418 1647 5463 ut
1682 5408 1748 5463 ad
1786 5424 1943 5464 sum-

379 5510 521 5549 mam
542 5498 972 5563 magnitudincm
995 5500 1043 5554 ei
1066 5500 1772 5569 proccsseritexperientia,
1805 5500 1945 5554 adeo

386 5586 620 5647 utnulla
647 5587 908 5643 similium
941 5592 1202 5645 memoria
1232 5606 1330 5659 par
1358 5591 1427 5645 sit
1454 5593 1505 5645 in
1543 5593 1609 5645 iis
1637 5593 1724 5659 qui
1762 5591 1937 5660 ipsum

2046 4407 2320 4478 ἄπρακτόν
2350 4410 2462 4466 ἐστι
2505 4408 2566 4461 τὸ
2603 4408 2937 4478 λειπόμενον.
2984 4410 3042 4462 '0
3074 4411 3181 4480 γὰρ
3210 4411 3444 4465 καθόλου
3485 4412 3608 4482 πρὸς

2044 4499 2142 4569 τὴν
2167 4499 2359 4570 ἡδονὴν
2388 4499 2658 4571 πολεμίως
2688 4499 3022 4570 προστεθεὶς,
3053 4501 3152 4554 οὐκ
3193 4501 3260 4555 ἂν
3301 4506 3423 4567 ταῖς
3465 4521 3608 4574 μερι-

2046 4594 2169 4654 καῖς
2201 4590 2525 4661 προσϐολαῖς
2558 4591 2650 4644 τοῦ
2690 4590 2892 4656 πάθους
2940 4591 3257 4663 ὑπενεχθείη
3282 4610 3296 4626 ·
3348 4594 3379 4646 ό
3428 4594 3488 4647 δὲ
3520 4594 3607 4662 τὴν

2045 4682 2219 4755 ἀρχὴν
2269 4682 2362 4734 τοῦ
2399 4681 2601 4745 πάθους
2633 4683 3046 4755 ὑποδεξάμενος,
3090 4684 3233 4738 ἆπαν
3260 4687 3317 4739 ὲν
3348 4684 3529 4757 ἑαυτῷ
3557 4685 3608 4737 sb

2046 4774 2233 4844 θηρίον
2266 4772 2726 4845 συμπαρεδέξατο.
2755 4775 2853 4829 Διὰ
2878 4775 3035 4829 τοῦτο
3074 4777 3248 4830 πάντα
3275 4777 3558 4843 διεξελθὼν
3583 4777 3608 4829 ό

2047 4869 2115 4923 τὰ
2142 4867 2363 4922 τοιαῦτα
2390 4868 2725 4940 δημοσιεύων
2748 4870 2915 4938 πάθη,
2953 4870 3043 4923 ἐπὶ
3072 4869 3348 4940 κεφαλαίῳ
3376 4870 3607 4939 ἀναλαμ-

2046 4959 2196 5013 ϐάνει
2224 4959 2312 5013 τὸν
2348 4959 2521 5027 λόγον.
2546 4959 2727 5011 Εἰπὼν
2751 4959 2860 5030 γὰρ
2884 4956 2943 5024 ἐξ
2965 4960 3137 5031 ἀρχῆς
3160 4962 3240 5014 ὃτι
3276 4960 3604 5030 Ἐμεγάλυνα

2048 5052 2260 5122 ποίημά
2284 5068 2413 5122 μου’
2449 5053 2542 5105 καὶ
2566 5052 2659 5106 νῦν
2691 5053 2883 5121 ἐπάγει
2917 5053 3014 5125 τὴν
3045 5055 3139 5107 ἐπὶ
3170 5054 3370 5125 μέρους
3402 5055 3603 5109 ἔκθεσιν

2048 5142 2155 5196 τῶν
2185 5141 2504 5209 γεγονότων,
2547 5142 2627 5195 ὅτι
2668 5141 3070 5212 Ἐμεγαλύνθην
3107 5160 3120 5172 ·
3175 5144 3392 5208 δεικνὺς
3424 5146 3504 5199 ὅτι
3547 5142 3600 5195 οὗ

2044 5230 2131 5284 διὰ
2182 5230 2390 5302 μικρῶν
2440 5249 2598 5285 τινων
2642 5232 2863 5300 γέγονεν
2928 5233 3076 5304 αὐτῷ
3120 5234 3228 5287 τῶν
3279 5234 3599 5301 ὲναντίωνή

2043 5322 2245 5399 γνῶσις
2266 5340 2279 5353 ·
2312 5323 2426 5377 ἀλλ’
2456 5323 2530 5389 ὡς
2562 5326 2639 5387 εἰς
2661 5324 2722 5394 τό
2753 5324 3048 5396 ἀκρότατον
3078 5326 3304 5397 μέγεθος
3334 5326 3599 5399 προελθεῖν

2044 5414 2142 5485 τὴν
2176 5417 2391 5485 πεῖραν,
2437 5412 2512 5476 ὡς
2561 5414 2828 5485 μηδεμίαν
2868 5414 2978 5468 τῶν
3016 5416 3216 5486 ὁμοίων
3261 5419 3502 5486 μνήμην,
3549 5417 3598 5467 ἐν

2044 5504 2156 5565 τοῖς
2203 5502 2309 5573 πρὸ
2353 5502 2521 5556 αὑτοῦ
2566 5505 2950 5573 γεγενημένοις
2992 5505 3051 5558 τὸ
3102 5505 3211 5560 ἴσον
3258 5507 3425 5577 ἔχειν.
3476 5508 3598 5575 Φησὶ

2047 5595 2174 5665 γὰρ,
2203 5593 2283 5645 ὅτι
2323 5611 2341 5645 t
2382 5594 2803 5665 Ἐμεγαλύνθην.
2838 5615 2854 5648 ι
2906 5597 2997 5663 καὶ
3029 5598 3353 5669 προσέθηκε,
3410 5620 3425 5649 ι
3458 5596 3598 5664 Παρὰ
