3766 5986
153 159 265 219 677

541 209 560 263 ί

1212 164 1274 217 ΙΝ
1314 163 2166 235 Εεαευιλδτυιν,ιιοιιιιιει
2206 166 2273 220 ιν

3303 173 3411 273 ϐῗὶξ

125 338 129 343 ,
160 277 375 349 πάντας
390 276 515 340 τοὺς
545 280 868 350 γενομένους
898 280 1207 352 ἔμπροσθέν
1235 301 1337 354 μου
1366 285 1426 337 ὲν
1473 285 1730 357 Ἰερουσα-

1846 293 2264 358 praecesserunt.
2312 284 2455 341 Dicit
2488 286 2636 341 enim
2666 301 2680 338 :
2725 305 2743 339 I
2769 287 3149 359 Magniﬂcatus
3199 304 3345 354 sum.
3379 315 3397 346 ι

158 366 322 438 λὴμ,ι
345 369 438 422 καὶ
459 370 579 423 δτου
598 369 757 440 χάριν
788 371 1208 441 προπαιδευθεὶς
1240 375 1388 446 πάσῃ
1417 377 1578 448 σοφίᾳ.
1598 378 1733 448 πρὸς

156 460 260 528 τὴν
289 458 397 513 τῶν
447 462 703 517 τοιούτων
734 462 969 535 κατῆλθε
1002 465 1196 535 πεῖραν
1215 504 1229 529 ,
1264 465 1359 519 νῦν
1390 467 1488 520 τὸν
1535 469 1733 522 σκοπὸν

158 547 478 620 ἐξεκάλυψε.
529 569 549 602 ι
578 551 747 621 Σοφία
777 553 887 623 γάρ
937 571 1065 624 μου,
1095 556 1280 624 φησὶν,
1316 556 1517 627 ἐστάθη
1565 574 1674 626 μοι.
1708 577 1726 611 ι

156 640 419 710 Σημαίνει
447 640 505 697 δὲ
534 640 621 697 διὰ
661 642 771 698 τῶν
815 644 1137 715 εἰρημένων,
1178 645 1263 699 ὅτι
1290 645 1384 699 Διὰ
1415 650 1510 719 τῆς
1543 648 1734 716 σοφίας

154 731 612 803 ἀνηρευνησάμην
656 736 837 790 πᾶσαν
879 736 1281 808 ἀπολαυστικὴν
1326 739 1591 804 ἐπίνοιαν,
1639 741 1733 795 καὶ¹

154 822 273 877 ἔστι
300 840 401 894 μου
426 825 460 895 ἡ
494 824 704 879 διάνοια
731 827 824 881 ἐπὶ
849 826 943 881 τοῦ
970 829 1273 900 ἀκροτάτου
1302 831 1412 885 τῶν
1436 833 1495 885 ὲν
1525 831 1734 897 τούτοις

152 915 583 986 εὑρισκομένων.
617 919 691 974 ’Ἦ
715 935 774 974 τε
820 918 942 989 ὄψις
982 923 1049 992 τῇ
1097 920 1361 994 ἐπιθυμίᾳ
1405 924 1731 995 συνήργησε,

152 1008 252 1065 καὶ
279 1009 313 1078 ή
358 1007 678 1080 προαίρεσις
720 1009 809 1064 διὰ
851 1010 952 1081 τῆς
998 1013 1333 1091 τῶνιδψεων
1381 1016 1576 1087 ἡδονῆς
1626 1016 1735 1071 τῶν

152 1098 511 1168 καταθυμίων
545 1101 845 1172 ὲνεφορήθη
867 1117 881 1133 ·
921 1102 1000 1167 ὡς
1031 1104 1195 1176 μηδὲν
1220 1104 1597 1178 ὲπιλειφθῆναι
1627 1108 1734 1162 τῶν

151 1191 236 1251 είς
266 1189 567 1243 ἀπόλαυσιν
595 1191 996 1264 ὲπινοουμένων
1014 1210 1029 1226 ’
1078 1194 1215 1253 ἀλλά
1235 1214 1328 1267 μοι
1352 1196 1606 1264 γενέσθαι
1638 1199 1735 1268 με·

152 1279 278 1348 ρίδα
306 1281 555 1351 κτήσεως
587 1283 686 1352 τὴν
709 1284 817 1337 τῶν
847 1284 966 1338 καθ’
989 1285 1185 1356 ἡδονὴν
1219 1289 1509 1358 μετουσίαν
1534 1306 1548 1321 ·
1593 1290 1734 1361 ὅπερ

147 1370 306 1424 οὐδὲν
344 1371 473 1426 ἀλλο
520 1374 805 1444 σημαίνειν
834 1392 925 1445 μοι
954 1377 1223 1447 φαίνεται,
1257 1380 1291 1451 ἢ
1323 1381 1406 1434 ὅτι
1441 1380 1733 1452 Περιέσχον

147 1465 210 1514 ὲν
243 1463 466 1534 ἐμαυτῷ
494 1465 691 1541 πᾶσαν.
720 1466 1126 1540 ἀπολαυστικὴν
1170 1471 1435 1536 ἐπίνοιαν,
1479 1466 1589 1527 οἷον
1625 1473 1733 1527 ἀπό

145 1569 296 1616 τινος
335 1556 614 1626 κτήματος
660 1558 759 1629 τὴν
797 1557 1134 1629 εὐφροσύνην
1160 1561 1268 1614 ἀπὸ
1295 1561 1403 1616 τῶν
1432 1565 1729 1633 γινομένων

145 1649 560 1717 καρπούμενος.

1834 388 1888 435 et
1917 378 2120 448 adjecit
2152 397 2165 432 :
2205 397 2222 428 ι
2247 378 2450 434 Praeter
2492 392 2685 436 omnes
2739 382 2834 450 qui
2892 381 3114 437 fuerunt
3145 394 3405 442 ante-me

1834 467 1887 521 in
1916 465 2317 531 llierusalem,’
2353 474 2409 521 et
2441 481 2683 536 quanam
2713 467 2781 525 de
2805 483 2972 523 causa
3016 471 3171 538 prius
3214 475 3405 528 erudi-

1832 566 1922 614 tus
1945 558 2095 612 omni
2129 558 2422 627 sapientia,
2447 559 2745 613 accesserit
2773 559 2842 621 ad
2868 559 3182 616 faciendum
3213 578 3401 618 earum

1832 664 2014 704 rerum
2046 649 2374 719 periculum,
2408 650 2720 704 institutum
2744 659 2799 705 et
2827 666 3055 721 scopum
3093 667 3241 707 nunc
3268 668 3401 724 ape-

1833 742 1963 795 ruit.
2000 759 2017 793 ι
2044 740 2328 812 Sapientia
2368 742 2514 797 enim
2557 756 2676 796 mea
2731 743 2911 798 astitit
2958 730 3117 798 mihi.
3146 763 3167 798 ι
3216 744 3406 816 Signi-

1833 833 2154 889 llcatautem
2178 848 2278 905 per
2310 848 2373 888 ea
2402 848 2524 905 quae
2564 834 2710 888 dicta
2738 842 2888 901 sunt,
2928 835 3072 905 quod
3110 835 3406 909 [nvestiga-

1831 923 1885 978 vi
1939 921 2209 993 quidquid
2267 937 2364 992 per
2397 922 2725 992 sapientiam
2763 921 2830 977 ad
2884 922 3173 978 fruendum
3224 933 3405 995 potest

1832 1014 2160 1086 excogitari,
2219 1022 2274 1068 et
2324 1029 2443 1068 mea
2479 1014 3025 1084 vcrsaturcogitatio
3073 1017 3129 1069 in
3178 1030 3399 1071 summo

1831 1119 2022 1161 eorum
2092 1119 2213 1174 qua!
2252 1104 2311 1159 in
2355 1104 2443 1160 his
2486 1104 2864 1159 inveniuntur.
2916 1105 3106 1174 itaque
3150 1114 3207 1159 et
3248 1108 3406 1163 visus

1832 1210 1990 1266 opem
2052 1197 2178 1252 tulit
2223 1197 2537 1267 cupiditati,
2582 1207 2637 1253 et
2688 1197 2919 1252 liberum
2979 1198 3266 1254 arbitrium
3311 1215 3405 1269 per

1831 1288 2168 1358 voluptatem
2204 1303 2394 1344 eorum
2442 1304 2564 1359 quae
2605 1300 2933 1354 cernuntur,
2971 1292 3240 1362 repletum
3301 1292 3406 1348 fuit

1833 1377 1903 1434 iis
1926 1394 2047 1448 quae
2068 1379 2486 1448 erantjucunda
2516 1390 2568 1435 et
2609 1380 2953 1436 dclectabilia
2987 1400 3000 1437 :
3059 1384 3197 1438 adeo
3233 1391 3293 1438 ut
3329 1385 3405 1439 ni-

1831 1469 1912 1524 hil
1971 1479 2117 1526 esset
2171 1471 2439 1540 reliquum
2493 1488 2559 1526 ex
2614 1473 2682 1528 iis
2724 1487 2846 1542 quae
2900 1474 3281 1545 excogitantur
3337 1474 3405 1530 ad

1835 1558 2147 1626 fruendum,
2190 1560 2286 1614 sed
2335 1577 2464 1630 pars
2503 1564 2873 1631 possessionis
2914 1572 3062 1619 esset
3099 1565 3229 1619 mihi
3282 1580 3406 1635 par-

1757 1642 1796 1696 Β
1830 1652 2076 1721 ticipatio
2151 1666 2344 1706 eorum
2396 1670 2516 1723 qua:
2572 1662 2825 1724 spectant
2885 1656 2954 1709 ad
3019 1657 3400 1726 voluptatem:

143 1739 296 1809 quod
344 1738 564 1807 quidem
603 1738 741 1791 nihil
770 1738 923 1792 aliud
957 1740 1173 1795 videtur
1220 1742 1353 1795 mihi
1421 1741 1754 1811 significare,
1782 1756 1963 1823 \quam
2027 1743 2087 1795 In
2134 1743 2346 1811 mcipso
2377 1743 2773 1815 comprehendi
2801 1744 3072 1814 quidquid
3114 1744 3185 1803 ad
3228 1744 3406 1801 fruen-

144 1837 281 1890 dum
315 1841 497 1904 potest
529 1835 851 1904 excogitari,
889 1841 947 1888 (it
973 1843 1232 1905 tanquam
1268 1838 1706 1909 exfpossessione
1744 1836 1928 1907 aliqua
1957 1850 2022 1889 ex
2052 1836 2119 1890 iis
2143 1852 2261 1904 qua:
2290 1844 2411 1891 orta
2458 1847 2591 1894 sunt
2652 1839 2897 1895 laetitiam
2970 1841 3309 1912 colligerem.

225 1949 247 1980 ι
274 1928 390 1981 Οὐκ
414 1926 743 1984 ἀπεκώλυσα
769 1927 878 1999 γάρ
906 1929 1004 1999 τὴν
1033 1929 1259 2003 καρδίαν
1282 1947 1381 2000 μου
1408 1932 1514 1984 ἀπὸ
1544 1931 1726 1993 πάσης

143 2019 490 2092 εὐφροσύνης
522 2034 537 2047 ⁸
592 2019 685 2071 καὶ
718 2020 750 2089 η
796 2019 991 2090 καρδία
1024 2037 1124 2090 μου
1159 2020 1435 2092 εὐφράνθη
1476 2024 1532 2075 ὲν
1565 2023 1726 2075 παντὶ

147 2110 342 2182 μόχθῳ
372 2126 476 2179 μου
495 2126 509 2141 ⁸
543 2108 638 2161 καὶ
662 2107 819 2161 τοῦτο
845 2108 1063 2176 ἐγένετο
1094 2110 1251 2182 μερίς
1287 2127 1386 2181 μου
1415 2112 1508 2167 ἐπὶ
1529 2111 1727 2175 παντὸς

147 2203 356 2273 μόχθου
387 2219 487 2272 μου
508 2217 523 2231 ο
560 2220 579 2252 ι
637 2201 828 2273 μερίδα
862 2201 962 2272 τὴν
1000 2202 1197 2272 κτῆσιν
1222 2204 1415 2272 λέγων.
1460 2204 1612 2257 Ἐπεὶ
1634 2199 1727 2259 οὖν

142 2295 395 2365 διεξῆλθε
420 2293 518 2364 τὴν
542 2293 632 2345 ἐπὶ
664 2293 860 2364 μέρους
890 2292 1117 2365 τρυφὴν,
1150 2294 1246 2348 ἀπ’
1272 2294 1445 2365 ἀρχῆς
1471 2295 1548 2357 είς
1577 2293 1727 2358 τέλος

146 2384 493 2457 ἐπιδραμὼν,
546 2386 637 2439 καὶ
678 2384 853 2438 πάντα
896 2384 976 2454 τῷ
1023 2383 1166 2456 λόγῳ
1210 2385 1510 2452 διεξελθὼν,
1545 2385 1609 2437 δι’
1652 2377 1727 2439 ὧν

146 2481 263 2542 τοῖς
317 2476 679 2530 ἀπολαύουσιν
722 2476 778 2528 αἱ
820 2475 1001 2546 ἡδοναὶ
1047 2475 1482 2547 συνεγείρονται,
1524 2476 1593 2529 τὰ
1622 2475 1728 2530 τῶν

147 2568 603 2639 οἰκοδομημάτων
622 2567 814 2636 κάλλη,
835 2566 959 2629 τοὺς
984 2566 1333 2637 ἀμπελῶνας,
1352 2568 1477 2630 τοὺς
1500 2571 1725 2635 κήπους,

148 2662 255 2724 τὰς
282 2657 690 2731 κολυμϐήθρας,
724 2659 851 2721 τοὺς
903 2658 1279 2728 παραδείσους,
1318 2660 1416 2727 τὴν
1451 2658 1590 2711 κατὰ
1621 2657 1728 2716 τῶν

148 2749 444 2819 ὁμοφύλων
468 2748 661 2821 ἀρχὴν,
692 2746 788 2818 τὴν
814 2746 919 2799 τῶν
948 2764 1059 2817 ,χρη
1068 2750 1249 2819 μάτων
1273 2748 1608 2818 περισσείαν,
1631 2737 1728 2819 τῆν

149 2845 210 2895 ἐν
240 2847 358 2905 τοῖς
387 2842 704 2912 συμποσίοις
748 2841 885 2912 πρὸς
920 2841 1018 2903 τὰς
1053 2842 1317 2912 θυμηδίας
1353 2843 1724 2913 παρασκευὴν,

147 2930 593 2996 πάνταρκαθὼς
635 2933 923 3005 ὀνομάζει,
971 2933 1039 2986 τὰ
1081 2934 1491 3005 ὲντρυφήματα,
1541 2936 1598 2987 ἐν
1649 2928 1728 2998 οἷς

146 3024 512 3097 ἀπησχολήθη
536 3025 700 3079 αὐτοῦ
732 3029 765 3095 ἡ
795 3024 977 3092 σοφία,
1004 3024 1072 3077 τὰ
1091 3024 1312 3077 τοιαῦτα
1334 3024 1729 3095 διερευνωμένη

147 3117 251 3171 καὶ
303 3120 387 3179 είς
423 3117 662 3169 ἐπίνοιαν
711 3118 956 3185 ἄγουσα,
1000 3110 1074 3169 ὧν
1107 3115 1529 3170 ἀπολελαυκέναι
1574 3115 1726 3186 φησὶ,

1903 1925 2058 1981 «Non
2088 1929 2342 1997 prohibui
2370 1930 2515 1983 enim
2547 1944 2645 1985 cor
2669 1945 2848 1986 meum
2893 1931 2963 1985 ah
2999 1931 3150 1987 omni
3183 1931 3402 1997 laetitia,

1827 2029 1880 2075 et
1909 2035 2006 2075 cor
2044 2036 2222 2075 meum
2257 2022 2495 2079 laetatum
2541 2029 2625 2076 est
2652 2021 2708 2075 in
2738 2023 2889 2076 omni
2927 2022 3117 2078 labore
3160 2037 3321 2078 meo:
3349 2033 3406 2078 et

1826 2110 1932 2166 hoc
1959 2110 2066 2165 fuit
2095 2125 2222 2180 pars
2251 2125 2368 2165 mea
2420 2110 2475 2167 in
2507 2113 2655 2167 Omni
2709 2113 2896 2172 labore
2936 2127 3059 2169 meo
3091 2132 3104 2169 :
3134 2131 3153 2165 ι
3193 2123 3401 2184 partem

1828 2201 2020 2256 dicens
2056 2201 2454 2271 possesionem.
2500 2199 2800 2273 Postquam
2827 2217 2959 2271 ergo
2986 2202 3262 2258 recensuit
3296 2219 3391 2258 eas

1827 2304 1948 2362 quae
1985 2300 2113 2346 sunt
2140 2292 2195 2345 in
2235 2301 2390 2361 parte
2418 2280 2837 2356 delectationes,
2861 2293 2930 2347 ah
2965 2292 3125 2349 initio
3153 2293 3221 2347 ad
3241 2293 3402 2347 linem

1827 2398 2007 2454 usque
2041 2398 2401 2454 persequens,
2443 2390 2497 2437 et
2525 2384 2774 2439 oratione
2795 2384 2978 2439 omnia
3005 2384 3400 2454 complectens,

1827 2489 1924 2545 per
1945 2489 2107 2544 quem
2140 2475 2209 2529 ab
2234 2476 2303 2530 iis
2329 2475 2421 2546 qui
2456 2475 2734 2540 fruuntur,
2781 2474 3119 2547 colliguntur
3144 2477 3402 2545 volupta—

1836 2575 1940 2631 tes,
1991 2564 2347 2621 aediﬁciorum
2401 2563 2890 2643 pulchritudinem,
2936 2564 3138 2625 vincta,
3190 2548 3399 2643 hortos,

1827 2659 2091 2729 piscinas.
2136 2659 2401 2729 pomaria,
2452 2657 2741 2728 imperium
2788 2640 2975 2711 in'eos
3011 2656 3103 2726 qui
3155 2662 3283 2709 sunt
3316 2640 3402 2709 sui

1829 2746 2066 2815 generis,
2098 2746 2345 2815 pecunia:
2377 2753 2431 2799 et
2464 2745 2781 2799 facultatum
2818 2744 3052 2813 copiam,
3080 2751 3403 2814 apparatum

1829 2837 1883 2890 in
1911 2836 2179 2892 conviviis
2202 2836 2269 2891 ad
2299 2852 2362 2889 ea
2396 2852 2519 2906 quae
2556 2844 2683 2891 sunt
2710 2835 2978 2905 jucunda,
3009 2851 3223 2902 omnes,
3259 2837 3405 2891 sicut

1829 2927 1946 2997 ipse
1970 2926 2237 2992 nominat,
2265 2927 2516 2992 delicias,
2558 2927 2617 2981 in
2654 2926 2857 2996 quibus"
2886 2933 3103 2982 versata
3141 2926 3245 2981 fuit
3278 2926 3401 2996 ejus

1829 3016 2122 3086 sapientia,
2148 3031 2212 3073 ea
2242 3027 2598 3086 perscrutans
2638 3024 2691 3071 ct
2714 3017 3056 3088 excogitatas,
3102 3032 3167 3072 ex
3203 3018 3405 3088 quibus

1830 3122 1930 3177 per
1961 3122 2180 3162 onmem
2222 3123 2444 3164 sensum
2477 3107 2614 3161 dicit
2635 3122 2695 3162 se
2735 3109 3018 3177 accepisse
3040 3109 3401 3180 voluptatem,

145 3209 245 3261 διὰ
291 3209 472 3279 πάσης
525 3207 828 3276 αἰσθήσεως
847 3250 873 3271 ,,
908 3206 1016 3259 τῶν
1054 3223 1111 3260 τε
1156 3205 1447 3277 ὀφθαλμῶν
1487 3205 1554 3258 τὰ
1592 3206 1727 3277 πρὸς

1846 3206 1881 3251 ιι
1900 3198 2075 3254 oculis
2097 3214 2157 3253 ea
2186 3199 2591 3255 invenientibus
2616 3215 2737 3268 quae
2765 3197 2976 3253 faciunt
3004 3198 3070 3254 ad
3088 3192 3406 3256 delectatio-

146 3296 865 3369 ﬁBovi'jV'ebptaxdvaVJﬁ;
883 3314 939 3349 τε
957 3296 1130 3366 ψυχῆς
1151 3295 1375 3366 ἐχούσης
1403 3296 1508 3348 πᾶν
1529 3295 1588 3349 τὸ
1610 3297 1728 3348 κατ’

147 3386 455 3456 ἐπιθυμίαν
504 3386 809 3450 ἀκώλυτον,
857 3384 974 3438 τότε
1024 3385 1123 3455 τὴν
1170 3382 1390 3454 πρώτην
1442 3383 1729 3456 ὲρμηνεύει

150 3476 365 3548 φωνὴν,
391 3478 457 3547 ἣν
478 3478 535 3530 ἐν
558 3477 861 3549 προοιμίοις
889 3474 981 3528 τοῦ
1005 3475 1163 3543 λόγου
1189 3475 1499 3544 πεποίηται,
1527 3476 1730 3546 μάταια

147 3566 299 3622 εἶναι
328 3569 393 3621 τὰ
421 3567 596 3622 πάντα
620 3568 1056 3637 ἀποφηνάμενος.
1095 3566 1230 3637 Φησὶ
1256 3566 1363 3636 γάρ
1396 3567 1530 3637 πρὸς
1554 3567 1727 3622 ταῦτα

151 3660 399 3731 βλέπων,
446 3661 574 3729 περὶ.
621 3658 717 3729 τῆς
766 3656 1110 3728 ἀνθρωπίνης
1140 3655 1287 3725 ζωῆς
1323 3656 1724 3727 ἀποφήνασθαι,

147 3751 241 3803 ὅτι
271 3751 450 3804 πάντα
481 3749 774 3817 ματαιότης
807 3747 975 3812 ἐστὶν,
998 3747 1097 3800 ὅσα
1113 3746 1148 3819 ἦ
1164 3760 1220 3799 τε
1241 3745 1489 3817 αἴσθησις
1518 3745 1722 3816 βλέπει,

149 3841 253 3895 καὶ
306 3841 459 3910 παρὰ
507 3838 615 3892 τῶν
671 3838 970 3909 ἀνθρώπων
1026 3839 1107 3902 είς
1151 3837 1488 3909 εὐφροσύνην
1538 3840 1726 3910 ἐπιτη-

147 3931 394 3987 δεύεται.
540 3946 545 3951 ·
1096 3994 1101 3997 ,

234 4041 255 4073 ι
308 4019 610 4090 Ἐπέὄλεψα
642 4019 750 4092 γὰρ
788 4021 846 4073 ὲν
880 4020 1010 4076 πᾶσι
1052 4021 1164 4083 τοῖς
1204 4020 1468 4091 ποιήμασί
1501 4036 1622 4091 μου,
1654 4011 1735 4083 οἷς

147 4113 424 4183 ἐποίησαν
456 4113 513 4164 αί
559 4111 736 4182 χεῖρές
779 4128 898 4181 μου,
944 4110 1038 4165 καὶ
1069 4111 1126 4162 ὲν
1155 4111 1316 4164 παντὶ
1346 4110 1526 4180 μόχθῳ
1568 4127 1666 4181 μου
1691 4102 1735 4178 ᾧ

147 4202 440 4273 ἔμόχθησα
484 4202 582 4254 τοῦ
629 4204 818 4262 ποιεῖν,
850 4201 943 4254 καὶ
985 4200 1091 4254 ίδοὺ
1122 4200 1189 4254 τὰ
1219 4200 1395 4254 πάντα
1419 4201 1733 4272 ματαιότης,

147 4297 253 4351 καὶ
282 4292 600 4364 προαίρεσις
645 4277 970 4362 πνεύματος,
1014 4291 1106 4344 καὶ
1144 4291 1243 4343 οὐκ
1289 4289 1400 4364 ἐστι
1452 4292 1735 4362 περισσεία

146 4386 263 4441 ὑπὸ
291 4359 385 4439 τδν
418 4359 586 4455 ἥλιον.
622 4403 641 4435 ι
672 4359 829 4436 Πᾶσα
856 4382 962 4453 γάρ
992 4384 1024 4452 ἡ
1053 4382 1161 4435 τῶν
1184 4359 1485 4454 αἰσθήσέων
1509 4359 1734 4453 δύναμίς

146 4497 215 4534 τε
252 4478 351 4531 καὶ
383 4476 653 4546 ἐνέργεια,
685 4475 808 4546 ὅρον
837 4474 948 4545 ἔχει
990 4473 1086 4545 τὴν
1112 4475 1200 4543 ὑφ’
1228 4473 1363 4544 ἡλίῳ
1395 4474 1564 4545 ζωήν·
1594 4474 1655 4527 τὸ
1678 4474 1735 4527 δὲ

147 4570 419 4624 ἐπέκεινα
454 4564 732 4634 διαϐῆναι,
780 4565 872 4617 καὶ
915 4562 1024 4616 τῶν
1068 4562 1473 4634 ὑπερκειμένων
1516 4563 1733 4632 ἀγαθῶν

1836 3304 1981 3353 nem,
2031 3297 2085 3345 et
2115 3290 2353 3346 habente
2384 3292 2567 3346 anima
2601 3292 2812 3360 absque
2834 3291 3212 3363 prohibitione
3242 3293 3405 3364 quid-

1835 3379 1965 3450 quid
1997 3382 2428 3450 concupiscitur,
2448 3391 2578 3435 tunc
2612 3381 3008 3451 interpretatur
3048 3383 3281 3453 primam
3309 3399 3403 3438 vo-

1834 3485 1975 3534 cem,
2008 3486 2116 3541 qua
2165 3488 2299 3526 usus
2344 3480 2429 3527 est
2462 3472 2516 3524 in
2560 3471 2789 3525 exordio
2837 3471 2983 3537 libri,
3011 3473 3236 3541 quando
3262 3476 3402 3530 dixit

1832 3576 1975 3615 vana
2005 3577 2132 3617 esse
2155 3564 2359 3616 omnia.
2404 3562 2547 3616 Dicit
2586 3562 2734 3616 enim
2767 3563 2834 3617 ad
2881 3562 2998 3617 haec
3044 3564 3291 3629 intuens,
3342 3581 3403 3621 se

1832 3651 1900 3707 de
1925 3653 2165 3707 humana
2210 3654 2323 3706 vita
2367 3653 2780 3722 pronuntiasse,
2820 3653 3006 3708 omnia
3040 3668 3158 3708 esse
3188 3654 3401 3708 vanita-

1833 3751 1964 3807 tem,
2009 3752 2061 3798 et
2094 3759 2217 3814 quae
2248 3759 2447 3799 sensus
2478 3744 2700 3814 aspicit,
2739 3752 2794 3799 et
2823 3758 2945 3816 qua:
2977 3742 3392 3800 abhominihus

1832 3843 2159 3890 exercentur
2196 3836 2262 3890 ad
2299 3835 2563 3891 laetitiam.

1838 4006 1845 4012 ’
1907 4014 1994 4069 ll.
2068 4013 2337 4084 «Aspexi,
2369 4032 2388 4066 ι
2433 4013 2632 4084 inquit,
2667 4012 2769 4068 «in
2826 4013 3084 4069 omnibus
3133 4014 3395 4083 operibus

1835 4108 1993 4173 meis,
2022 4122 2145 4176 quae
2172 4101 2422 4162 fecerunt
2450 4121 2646 4163 manus
2670 4121 2822 4170 meae,
2849 4115 2906 4162 et
2941 4108 2997 4160 in
3025 4106 3169 4161 omni
3190 4107 3399 4171 labore,

1835 4213 1994 4268 quem
2023 4198 2268 4252 laboravi
2300 4207 2358 4252 ut
2386 4199 2642 4264 facerem,
2689 4208 2746 4254 et
2768 4213 2898 4254 ecce
2927 4198 3111 4252 omnia
3157 4198 3397 4265 vanitas,

1833 4296 1887 4341 et
1906 4288 2212 4342 voluntaria
2240 4288 2457 4343 allec-tio
2488 4288 2739 4358 spiritus,
2782 4298 2835 4344 et
2867 4304 2975 4342 non
3002 4296 3087 4344 est
3135 4289 3238 4344 sub
3278 4291 3398 4347 sole

1835 4378 2225 4434 redundantia.
2255 4399 2273 4432 ι
2302 4379 2495 4435 Omnis
2526 4381 2672 4435 enim
2713 4394 2975 4435 sensuum
3010 4379 3094 4436 vis
3122 4386 3178 4435 ct
3203 4394 3400 4451 opera-

1836 4469 1912 4523 tio
1941 4484 2101 4523 suum
2127 4472 2288 4526 habet
2312 4471 2635 4535 terminum,
2657 4470 2821 4523 vitam
2857 4485 2979 4541 qua:
3006 4478 3093 4526 est
3115 4471 3220 4527 sub
3245 4473 3398 4529 sole:

1837 4559 2071 4615 ulterius
2098 4570 2279 4615 autem
2326 4562 2583 4623 transire,
2635 4566 2689 4614 et
2723 4575 2845 4627 qua:
2883 4575 3048 4631 supra
3093 4571 3221 4616 sunt
3258 4562 3401 4617 bona

148 4655 491 4728 ὲνηπερινοίᾳ
516 4654 787 4723 γενέσθαι.
821 4655 852 4724 ἡ
886 4652 1173 4725 αἰσθητικὴ
1204 4652 1362 4722 φύσις
1389 4653 1450 4706 οὐ
1485 4653 1726 4707 δύναται.

1846 4651 2167 4721 mgitatione
2188 4652 2503 4721 complecti,
2537 4665 2647 4705 non
2682 4656 2867 4719 potest
2893 4651 3140 4706 sentiens
3177 4657 3398 4707 natura.

146 4749 346 4803 Ταῦτα
374 4743 480 4800 οὖν
523 4746 696 4800 πάντα
741 4745 834 4798 καὶ
868 4743 937 4798 τὰ
972 4743 1194 4797 τοιαῦτα
1236 4742 1731 4815 κατασκεψάμενος,

147 4836 403 4890 παιδεύει
430 4834 523 4888 τὸν
554 4833 685 4903 βίον,
713 4832 775 4885 τὸ
801 4833 937 4904 πρὸς
971 4832 1135 4903 μηδὲν
1162 4831 1269 4885 τῶν
1300 4824 1399 4884 ὧδε
1430 4830 1732 4901 θαυμαστι-

149 4926 271 4989 κῶς
303 4922 652 4985 διατίθεσθαι,
689 4922 933 4986 πλοῦτον,
967 4920 1290 4992 φιλοτιμίαν,
1325 4921 1422 4991 τὴν
1454 4920 1592 4975 κατά
1622 4921 1732 4975 τῶν

148 5014 488 5086 ὑποχειρίων
516 5013 707 5085 ἀρχὴν,
728 5013 1021 5084 θυμηδείας
1039 5029 1098 5067 τε
1113 5013 1205 5066 καὶ
1229 5015 1458 5082 τρυφὰς,
1481 5014 1573 5066 καὶ
1595 5030 1658 5066 συ
1667 5032 1732 5083 μ-

146 5107 342 5170 πόσια,
372 5105 467 5159 καὶ
494 5104 549 5157 εἴ
580 5121 635 5156 τι
672 5102 799 5157 ἀλλο
838 5102 969 5158 τῶν
990 5103 1186 5174 τιμίων
1218 5098 1353 5159 εἶναι
1391 5102 1726 5172 νενόμισται·

147 5198 271 5252 ἀλλ’
296 5198 431 5268 ὁρᾷν
463 5196 545 5249 ὅτι
573 5195 631 5248 ἓν
661 5194 813 5257 τέλος
851 5193 960 5247 τῶν
984 5192 1237 5247 τοιούτων
1264 5192 1514 5246 ἁπάντων
1558 5195 1591 5263 ἡ
1629 5211 1732 5263 μα-

146 5290 378 5360 ταιότης
407 5288 574 5353 ἐστὶν,
605 5280 673 5358 ἧς
704 5284 990 5357 περισσεία
1018 5285 1097 5348 είς
1136 5283 1198 5337 τὸ
1233 5282 1429 5353 ἐφεξῆς
1455 5283 1552 5352 οὐχ
1585 5284 1732 5355 εὑρί-

152 5398 366 5437 σκεται.
403 5379 670 5450 Καθάπερ
697 5377 807 5447 γάρ
836 5377 885 5428 οἱ
929 5375 1049 5429 καθ’
1075 5373 1264 5437 ὕδατος
1293 5374 1612 5444 γράφοντες,
1649 5374 1733 5425 ὲν-

150 5471 382 5543 εργοῦσι
414 5471 512 5541 μὲν
540 5468 628 5523 διά
658 5468 758 5538 τῆς
781 5466 959 5537 χειρὸς
986 5466 1084 5535 τὴν
1109 5465 1341 5537 γραφὴν,
1373 5467 1498 5529 τοὺς
1530 5465 1732 5528 τύπους

152 5564 263 5617 τῶν
291 5562 658 5635 χαρακτήρων
696 5562 751 5612 ἐν
787 5557 862 5629 τῷ
909 5556 1059 5629 ὑγρῷ
1091 5557 1550 5628 ἐνδιαγράφοντες,
1584 5556 1732 5627 μένει

1834 4740 1972 4795 Cum
2010 4742 2125 4797 haec
2152 4757 2283 4813 ergo
2308 4742 2514 4806 omnia,
2551 4748 2607 4796 et
2636 4754 2760 4810 quae
2793 4748 2922 4795 sunt
2963 4739 3233 4808 ejusmodi
3269 4754 3404 4793 con-

1834 4829 2158 4898 siderasset,
2187 4834 2353 4886 vitam
2390 4831 2597 4895 erudit,
2641 4838 2703 4885 ut
2740 4829 2877 4885 nihil
2921 4842 3112 4883 eorum
3149 4843 3272 4899 qua:
3310 4829 3401 4882 hic

1832 4929 1984 4989 sunt,
2017 4922 2339 4989 admiretur,
2373 4939 2482 4977 non
2525 4938 2679 4993 Opes,
2714 4937 2826 4974 non
2857 4919 3118 4981 honores,
3164 4933 3277 4972 non
3304 4919 3405 4972 im-

1834 5012 2048 5079 perium
2081 5011 2134 5064 in
2160 5011 2464 5080 subjectos,
2502 5027 2615 5065 non
2643 5010 2861 5079 epulas,
2899 5006 3156 5062 convivia
3197 5013 3252 5061 et
3296 5007 3397 5061 de-

1835 5102 2016 5167 licias,
2050 5111 2104 5157 et
2137 5103 2182 5157 si
2214 5103 2346 5173 quid
2377 5103 2525 5158 aliud
2543 5102 2896 5158 existimatur
2914 5114 3038 5155 esse
3057 5098 3399 5169 pretiosum:

1837 5193 1932 5250 sed
1964 5194 2145 5248 videat
2177 5193 2323 5264 quod
2355 5193 2550 5247 horum
2574 5192 2820 5248 omnium
2848 5207 2994 5247 unus
3028 5190 3153 5245 ﬁnis
3186 5199 3271 5246 est
3303 5205 3401 5243 va-

1835 5287 2002 5349 nitas,
2035 5285 2195 5354 cujus
2214 5285 2485 5353 reliquum
2509 5283 2769 5353 deinceps
2791 5298 2904 5338 non
2939 5282 3244 5337 invenitur.
3281 5278 3404 5347 Quo

1839 5378 2003 5431 modo
2047 5377 2193 5429 cnim
2230 5375 2324 5445 qui
2371 5374 2625 5429 scribunt
2671 5375 2728 5427 in
2773 5388 2937 5443 aqua,
2981 5389 3145 5427 manu
3178 5369 3401 5442 quidem

1838 5465 2079 5519 ellicinnt
2128 5465 2498 5535 scripturam,
2552 5470 2715 5532 typos
2759 5450 3148 5515 characterum
3189 5456 3403 5514 descri-

1840 5556 2030 5612 bentes
2065 5558 2118 5611 in
2164 5556 2431 5622 humido;
2482 5571 2546 5613 ex
2578 5553 3001 5610 characteribns
3040 5559 3225 5608 autem
3260 5548 3397 5604 nihil
