3766 5986
359 231 467 291 679

1558 226 1615 283 S.
1651 222 1979 284 GREGORII
2014 217 2308 276 NYSSENI

3519 209 3628 264 680

355 352 540 402 manet
570 344 624 398 in
657 342 829 414 ﬁgura
859 361 872 396 :
906 341 1003 398 sed
1034 341 1315 398 scribendi
1367 355 1535 413 opera
1567 349 1654 396 est
1701 345 1917 393 tantum
1949 342 1971 399 ι

2119 333 2226 388 τῶν
2270 327 2639 403 χαραγμάτων
2682 325 2832 381 ούδὲν
2889 324 2983 377 ἐπὶ
3037 324 3349 394 σχήματος·
3409 321 3536 376 ἀλλ’
3593 324 3627 390 ἡ
3683 376 3686 378 γ

352 439 484 495 dum
517 435 1069 493 scribiturzmanum
1113 434 1262 488 enim
1304 447 1524 503 semper
1565 430 1818 502 sequitur
1861 443 1923 480 a-

355 543 478 599 qua!
507 525 856 597 superlicies,
891 524 944 578 id
974 524 1123 593 quod
1153 531 1236 578 est
1267 526 1600 593 impressum
1631 520 1878 588 levigans
1906 534 1919 568 :

305 682 308 684 γ
358 620 430 672 ita
466 632 632 671 omne
663 615 904 670 studium
921 622 979 669 et
1004 613 1255 684 operatio
1271 628 1395 684 qua!
1421 612 1718 683 poniturin
1738 610 1926 664 fruen—

359 710 428 764 da
453 709 757 778 voluptate,
788 713 1018 776 apparet
1069 706 1124 759 in
1159 707 1229 762 iis
1270 721 1392 777 qua:
1426 705 1581 759 ﬁunt.
1624 701 1763 757 Nam
1800 715 1923 754 cum

360 800 662 856 cessaverit
693 797 964 868 operatio,
996 797 1213 852 deletur
1241 798 1409 852 etiam
1446 810 1646 851 sensus
1674 795 1926 862 volupta-

362 895 454 958 tis,
486 907 662 962 neque
691 891 814 960 ejus
840 890 1143 961 quidquam
1169 891 1410 960 amplius
1454 888 1797 951 reconditur,
1833 899 1931 939 nec

361 1001 470 1056 que
513 985 603 1045 iis,
641 983 734 1053 qui
785 983 1069 1046 laetantur,
1123 992 1372 1036 remanet
1427 981 1597 1034 ullum
1638 978 1928 1048 vestigium

363 1085 458 1130 aut
490 1075 739 1144 reliquiae
771 1074 1135 1143 operationis,
1187 1089 1311 1143 qua:
1355 1083 1478 1127 erat
1520 1087 1586 1126 ex
1624 1071 1929 1139 voluptate.

366 1166 484 1222 Hoc
527 1174 612 1222 est
647 1165 792 1234 quod
847 1165 1120 1234 signiﬁcat
1158 1165 1208 1219 id
1261 1164 1410 1235 quod
1445 1163 1582 1218 dicit
1620 1181 1633 1215 :
1670 1161 1788 1215 Non
1848 1169 1934 1214 est

369 1257 638 1328 reliquum
664 1255 766 1309 sub
799 1255 914 1308 sole
947 1255 1014 1309 iis
1051 1253 1146 1323 qui
1184 1255 1240 1308 in
1275 1253 1346 1308 iis
1379 1253 1662 1316 laborant,
1693 1265 1933 1320 quorum

365 1345 636 1398 terminus
662 1354 746 1398 est
773 1343 1010 1396 vanitas.
1042 1342 1209 1396 Extra
1236 1357 1356 1412 quae
1369 1357 1471 1396 nos
1492 1355 1716 1411 quoque
1735 1340 1934 1402 simus,

370 1435 545 1504 gratia
580 1433 789 1486 Domini
823 1435 993 1486 nostri
1019 1431 1149 1487 Jesu
1181 1432 1410 1494 Christi,
1437 1432 1524 1485 cui
1560 1431 1734 1502 gloria
1758 1431 1813 1484 in
1846 1444 1941 1484 sae-

368 1525 495 1580 cula
526 1525 875 1580 saeculorum.
909 1525 1106 1578 Amen.

956 1701 1245 1758 HOMILIA
1283 1701 1350 1755 V.

445 1865 599 1920 Nunc
630 1879 861 1935 magnus
896 1864 1004 1919 dux
1045 1863 1305 1919 Ecclesiae
1333 1878 1434 1917 nos
1461 1862 1695 1934 mystice
1715 1859 1948 1916 deducit

375 1958 443 2012 ad
482 1956 806 2027 disciplinas
833 1952 1206 2010 sublimiores.
1235 1953 1370 2008 Nam
1405 1969 1528 2008 cum
1553 1954 1626 2010 iis
1649 1968 1770 2023 quae
1790 1952 1948 2022 prius

343 2093 348 2100 .
377 2049 520 2102 dicta
552 2053 698 2110 sunt,
723 2053 947 2102 nostras
977 2054 1264 2115 purgasset
1303 2045 1544 2108 animas,
1586 2055 1641 2099 et
1679 2043 1948 2099 abduxis-

379 2147 464 2194 set
496 2139 564 2192 ab
604 2138 753 2192 omni
807 2137 1108 2207 cupiditate
1146 2152 1268 2207 quae
1326 2137 1648 2192 hominibus
1698 2137 1844 2191 inest
1883 2149 1952 2190 ex

379 2229 644 2291 vanitate,
667 2230 744 2283 ita
772 2226 990 2282 demum
1033 2235 1272 2282 mentem
1322 2229 1478 2296 ducit
1514 2228 1581 2283 ad
1633 2229 1949 2290 veritatem,

383 2335 567 2374 rerum
600 2333 871 2374 vanarum
905 2318 1114 2383 dolore,
1170 2319 1342 2374 veluti
1378 2318 1617 2389 quodam
1663 2332 1832 2373 onere
1854 2332 1953 2371 ex-

382 2424 548 2465 cusso
581 2425 648 2464 ex
678 2408 941 2464 humeris.
979 2407 1057 2462 lta
1085 2418 1266 2464 autem
1296 2418 1557 2479 tanquam
1605 2408 1664 2462 in
1699 2408 1955 2477 dogmate

282 2511 298 2530 ’
383 2501 668 2557 erudiatur
721 2499 993 2564 Ecclesia,
1047 2500 1246 2554 edocta
1302 2515 1332 2553 a
1382 2500 1638 2569 praesenti
1679 2500 1953 2576 doctrina,

384 2591 533 2664 quod
561 2592 706 2657 vitae,
732 2605 854 2660 quae
895 2605 962 2644 ex
993 2591 1196 2645 virtute
1241 2591 1443 2660 agitur,
1491 2598 1575 2644 est
1624 2591 1955 2661 principium

384 2697 511 2738 esse
537 2691 692 2738 extra
724 2682 942 2734 vitium.
982 2679 1212 2750 Magnus
1245 2683 1394 2736 enim
1428 2681 1595 2736 David
1627 2684 1682 2736 in
1727 2683 1958 2752 psalmis

386 2773 680 2846 quamdam
721 2773 930 2827 faciens
959 2773 1368 2828 institutionem
1415 2773 1543 2828 vitae
1569 2775 1804 2829 rationis
1835 2781 1959 2844 qua:

387 2881 524 2938 pure
553 2872 637 2919 est
672 2863 904 2934 agenda,
940 2878 1049 2916 non
1081 2863 1278 2932 incipit
1327 2882 1355 2918 a
1395 2865 1739 2933 perfectione
1763 2881 1958 2920 eorum

389 2963 665 3028 quasunt
697 2959 753 3009 in
788 2954 1152 3009 beatitudine.
1180 2953 1299 3008 Non
1331 2956 1478 3008 enim
1501 2955 1642 3009 dixit
1682 2972 1806 3010 eum
1835 2973 1961 3012 esse

391 3052 636 3114 beatum,
667 3048 752 3101 cui
783 3045 966 3100 omnia
1016 3052 1165 3099 recte
1206 3045 1536 3110 succedunt,
1589 3046 1684 3115 qui
1735 3047 1962 3101 assimi-

392 3144 538 3196 latus
565 3147 651 3194 est
675 3138 840 3207 ligno,
871 3133 1017 3206 quod
1055 3137 1356 3203 plantatum
1387 3144 1471 3190 est
1503 3151 1666 3191 secus
1685 3136 1962 3193 decursus

394 3245 685 3302 aquarum,
737 3230 829 3298 qui
885 3235 1144 3298 perpetuo
1187 3227 1387 3281 llorens
1440 3235 1625 3282 manet
1683 3230 1738 3282 in
1777 3229 1962 3293 bonis,

395 3324 488 3394 qui
517 3321 854 3390 temporibus
899 3319 1353 3374 convenientibus
1391 3317 1603 3373 fructus
1643 3319 1770 3374 vitae
1811 3321 1965 3373 colli-

395 3417 537 3490 git"
574 3435 587 3470 :
622 3417 716 3470 sed
745 3413 1101 3469 beatitudinis
1136 3413 1468 3484 principium
1497 3413 1784 3468 constituit
1811 3413 1965 3468 desi-

396 3527 528 3569 nere
549 3526 577 3564 a
600 3509 844 3572 malis",
874 3516 1063 3578 utpote
1085 3507 1229 3577 quod
1253 3523 1364 3562 non
1385 3507 1490 3560 alia
1511 3509 1726 3562 ratione
1761 3508 1965 3563 bonum

397 3618 521 3660 esse
553 3602 858 3672 contingat,
888 3601 1216 3671 priusquam
1241 3599 1362 3653 vitii
1395 3599 1590 3655 sordes
1635 3599 1967 3655 eluerit..lta

397 3708 531 3765 ergo
561 3696 616 3748 in
653 3693 828 3764 signis
853 3707 1077 3763 quoque
1117 3692 1209 3746 hic
1255 3691 1626 3749 Ecclesiastes
1657 3707 1798 3747 vana
1852 3693 1972 3762 pri-

400 3799 551 3838 mum
584 3781 765 3838 aufert
788 3784 994 3846 verbis,
1035 3790 1095 3836 ut
1119 3781 1400 3853 quomodo
1445 3782 1500 3837 in
1545 3798 1778 3852 corpore
1813 3783 1973 3838 labo-

397 3882 560 3930 rante
589 3888 651 3928 ea
681 3888 789 3942 qua
833 3888 932 3942 par
954 3883 1040 3928 est
1086 3887 1220 3926 cura
1261 3883 1568 3943 expurgato
1613 3874 1827 3937 morbo,
1870 3888 1972 3928 sua

405 3973 603 4035 sponte
631 3963 787 4018 adest
807 3964 1010 4016 bonum
1038 3963 1317 4018 sanitatis.
1356 3965 1656 4034 PrOpterea
1672 3967 1970 4020 vanitatem

404 4065 492 4112 est
513 4054 763 4108 oratione
790 4061 1114 4122 persecutus
1144 4095 1159 4117 ,
1217 4053 1411 4108 dicens
1445 4071 1670 4110 sensum
1709 4072 1820 4110 non
1851 4072 1976 4113 esse

406 4155 585 4200 tutmn
604 4143 731 4198 boni
749 4152 801 4196 et
818 4141 1285 4210 honestijudicem
1308 4161 1322 4198 ;
1339 4145 1575 4212 subjecit
1589 4145 1766 4200 oculis
1788 4161 1851 4200 ea
1867 4162 1977 4202 non

408 4250 570 4308 posse
619 4234 944 4295 consistere,
981 4247 1217 4303 quorum
1263 4234 1448 4289 studio
1491 4243 1763 4291 tenemur.
1805 4236 1979 4308 Sepa-

409 4328 551 4380 ravit
580 4333 826 4378 nostram
869 4322 1190 4393 cupiditatis
1236 4321 1577 4380 allectionem
1626 4339 1656 4378 a
1695 4327 1978 4397 voluptate
2010 4342 2053 4397 ι)

409 4415 658 4485 corporis
686 4432 700 4467 :
730 4421 785 4468 et
816 4413 888 4467 ita
933 4414 1175 4468 ostendit
1207 4414 1262 4469 id
1303 4415 1447 4484 quod
1489 4431 1615 4471 vere
1642 4424 1728 4472 est
1771 4420 1978 4488 eligen-

411 4506 566 4568 dum,
607 4503 754 4574 quod
808 4519 934 4559 vere
985 4507 1346 4575 expetendum
1393 4521 1458 4560 ac
1506 4507 1979 4564 desiderandum:

413 4595 575 4664 cujus
604 4593 842 4649 studium
873 4608 962 4648 res
1012 4603 1095 4649 est
1115 4593 1300 4649 eﬂicax
1351 4601 1406 4649 et
1451 4595 1593 4650 bene
1645 4597 1980 4662 consistens,

417 4703 632 4759 semper
659 4704 982 4759 permanens
1012 4689 1151 4760 apud
1179 4703 1275 4744 eos
1305 4689 1399 4758 qui
1443 4690 1620 4759 ipsum
1652 4699 1978 4760 sequuntur,

419 4788 729 4852 separatum
767 4794 798 4832 a
839 4779 1100 4835 vanitatis
1124 4779 1277 4834 omni
1303 4779 1658 4850 cogitatione.

487 4930 619 4986 CAP.
651 4945 712 4993 ιι,
760 4946 812 4982 v.
845 4928 931 4983 12.
969 4957 1039 4968 ——
1079 4927 1384 4996 «Aspexi,»
1422 4929 1620 4998 inquit,
1667 4947 1685 4980 ι
1713 4939 1772 4983 ιιι
1826 4931 1979 4985 vide-

419 5036 534 5078 rem
581 5020 930 5091 sapientiam.
959 5038 977 5070 ›
1020 5016 1092 5072 Ut
1138 5027 1317 5072 autem
1355 5029 1613 5075 accurate
1654 5020 1896 5076 viderem
1930 5023 1982 5076 id

421 5113 566 5183 quod
601 5111 962 5176 desideratur,
1009 5109 1120 5163 vidi
1155 5109 1309 5181 prius
1336 5119 1390 5165 et
1445 5112 1738 5166 amentiam
1771 5121 1825 5168 et
1855 5115 1990 5169 iusi-

422 5205 708 5275 pientiam.
761 5201 894 5256 Nam
961 5217 1027 5255 ex
1093 5201 1499 5270 comparatione
1549 5217 1672 5257 cum
1723 5219 1789 5257 eo
1842 5205 1988 5274 quod

424 5296 763 5358 adversatur,
819 5290 1130 5347 accuratior
1177 5301 1260 5347 est
1325 5293 1716 5362 contemplatio
1773 5310 1989 5356 eorum,

424 5401 656 5454 quorum
683 5393 934 5440 tenemur
957 5384 1157 5439 studio.
1184 5381 1518 5453 Sapientiam
1543 5395 1724 5440 autem
1747 5388 1993 5440 nominat

424 5475 588 5530 etiam
634 5475 949 5539 consilium,
1002 5476 1186 5530 dicens
1223 5494 1234 5530 :
1276 5497 1292 5527 ι
1339 5475 1476 5542 Quis
1519 5488 1600 5531 est
1648 5477 1834 5540 homo,
1889 5481 1982 5549 qui

502 5653 543 5682 ⁷¹
581 5653 728 5708 Psal.
767 5671 804 5720 ι,
846 5655 879 5709 5
912 5672 1033 5726 sqq.

1107 5659 1150 5688 τ’
1192 5656 1338 5711 l‘sal.‘
1396 5673 1591 5721 χχχιιι,
1637 5656 1716 5711 lii.

2022 425 2118 491 τρῦ
2145 424 2375 496 γράφειν
2423 421 2625 492 σπουδὴ
2648 459 2664 484 ,
2718 420 2776 472 ὲν
2839 419 2984 490 μόνῳ
3033 414 3112 486 τῷ
3156 415 3391 486 γράφειν
3445 413 3624 466 ἐστίν·

2031 516 2223 569 ἕπεται
2253 512 2362 583 γὰρ
2394 513 2481 564 ἀεὶ
2512 513 2576 582 τῇ
2623 509 2765 580 χειρὶ
2791 510 2825 579 ή
2855 507 2949 560 τοῦ
2984 505 3174 566 ὓδατος
3210 502 3537 571 ἐπιφάνεια,
3577 501 3638 552 τὸ

2030 603 2440 678 κεχαραγμένον
2481 601 2888 654 ὲπιλεαίνουσαο
2934 597 3106 658 οὕτως
3141 595 3290 648 πᾶσα
3316 596 3351 662 ή
3392 592 3637 646 ἀπολαυ-

2035 698 2193 769 στικὴ
2235 695 2438 766 σπουδὴ
2473 694 2567 748 καὶ
2605 692 2856 763 ἐνέργεια
2910 691 3022 751 τοῖς
3063 685 3371 766 γινομένοις
3401 683 3641 752 ἐμφανί-

2034 788 2206 852 ζεται.
2237 784 2606 855 Παυσαμένης
2632 783 2740 852 γὰρ
2762 779 2863 850 τῆς
2886 777 3185 849 ἐνεργείας.
3208 773 3512 846 ἐξηλείφθη
3545 773 3640 826 καὶ

2032 882 2066 950 ἡ
2113 878 2428 940 ἀπόλαυσις,
2474 875 2570 928 καὶ
2617 873 2769 926 οὐδὲν
2819 873 2900 934 εἰς
2935 869 2996 923 τὸ
3039 865 3239 938 ἐφεξῆς
3280 864 3640 936 ταμιεύεται,

2039 970 2161 1023 οὐδὲ
2196 967 2498 1036 ὑπελείφθη
2540 983 2592 1017 τι
2625 965 2736 1025 τοῖς
2772 960 3054 1032 ἡδομένοις
3084 959 3226 1028 ἴχνος
3264 955 3637 1024 εὐφροσύνης,

2035 1058 2070 1128 ἥ
2111 1057 2362 1127 λείψανον
2393 1051 2770 1126 παρελθούσης
2804 1050 2901 1121 τῆς
2948 1048 3090 1103 κατά
3123 1048 3221 1118 τήν
3253 1044 3456 1117 ἡδονὴν
3491 1045 3641 1113 ἐνερ-

2034 1151 2212 1220 γείας.
2244 1147 2414 1201 Τοῦτό
2443 1147 2588 1198 ἐστιν
2614 1143 2642 1196 ὃ
2670 1140 2919 1212 σημαίνει
2944 1142 2972 1192 ὁ
3002 1140 3160 1206 λόγος
3195 1135 3388 1200 εἰπὼν,
3428 1135 3515 1187 ὅτι
3543 1133 3641 1185 οὐκ

2039 1244 2155 1297 ἐστι
2187 1238 2472 1311 περισσεία
2501 1235 2606 1290 ὑπὸ
2648 1234 2739 1286 τὸν
2773 1232 2925 1303 ἥλιον
2953 1232 3064 1292 τοῖς
3094 1229 3162 1283 τά
3188 1226 3420 1281 τοιαῦτα
3447 1222 3642 1276 πονοῧο

2043 1349 2149 1396 σιν,
2181 1323 2255 1384 ὧν
2295 1329 2356 1382 τὸ
2401 1327 2601 1397 τέρμα,
2650 1323 2944 1395 ματαιότης
2990 1319 3169 1373 ἐστίν·
3207 1312 3282 1372 ὧν
3333 1318 3436 1370 καὶ
3480 1324 3642 1384 ημεις

2042 1424 2146 1487 ἔξω
2167 1417 2476 1490 γενοίμεθα,
2507 1416 2691 1486 χάριτι
2725 1413 2817 1467 τοῦ
2860 1411 3063 1484 Κυρίου
3092 1410 3245 1481 ήμῶν
3285 1406 3471 1478 Ἰησοῦ
3503 1408 3639 1477 X9:-

2045 1511 2193 1575 στοῦ,
2219 1504 2264 1578 ᾧ
2289 1512 2323 1581 ή
2362 1507 2488 1572 δόξα
2531 1508 2625 1562 καὶ
2664 1506 2725 1559 τὸ
2766 1503 2968 1575 κράτος
3010 1503 3089 1565 είς
3131 1501 3257 1564 τοὺς
3289 1499 3503 1561 αίῶνας
3535 1497 3641 1550 τῶν

2045 1603 2276 1659 αἰώνων.
2319 1601 2377 1654 ’Δ
2385 1603 2510 1672 μήν.

2659 1688 2900 1741 ΟΜΙΛΙΑ
2942 1682 3016 1738 E'.

2121 1852 2233 1906 Νῦν
2263 1853 2392 1921 ἡμῖν
2423 1847 2576 1919 παρά
2603 1845 2697 1900 τοῦ
2737 1844 2972 1916 μεγάλου
3003 1843 3104 1912 τῆς
3147 1840 3482 1909 Ἐκκλησίας
3510 1840 3645 1894 καθ-

2049 1943 2336 2016 ηγεμόνος.
2375 1943 2408 2011 ἡ
2455 1940 2547 1992 ἐπὶ
2592 1939 2661 1992 τά
2715 1937 3019 2006 ὑψηλότερα
3048 1935 3157 1988 τῶν
3189 1932 3539 2003 μαθημάτων
3565 1930 3646 1997 γί-

2051 2049 2198 2087 νεται
2246 2027 2621 2101 μυσταγωγία.
2654 2024 3014 2096 Προκαθήρας
3050 2021 3159 2092 γὰρ
3203 2019 3304 2082 τὰς
3340 2019 3528 2087 ψυχὰς
3562 2020 3646 2070 διὰ

2051 2126 2160 2179 τῶν
2188 2121 2562 2194 προλαϐόντων
2612 2119 2808 2186 λόγων,
2858 2118 2952 2170 καὶ
2990 2116 3169 2183 πάσης
3197 2113 3524 2182 ἀποστήσας
3551 2111 3647 2179 τῆς
3721 2127 3726 2136 ι

2054 2205 2195 2262 κατά
2243 2207 2302 2258 τὸ
2347 2203 2572 2273 μάταιον
2619 2204 2730 2263 τοῖς
2771 2198 3076 2270 ἀνθρώποις
3121 2196 3484 2265 ἐγγινομένης
3530 2195 3647 2245 ἐπι-

2057 2299 2274 2370 θυμίας,
2301 2297 2443 2350 οὒτω
2478 2296 2740 2367 προσάγει
2771 2296 2836 2363 τῇ
2880 2290 3109 2361 ἀληθείᾳ
3149 2289 3240 2341 τὸν
3272 2287 3423 2351 νοῦν,
3449 2281 3566 2340 οἷόν
3597 2303 3648 2338 τι

2057 2387 2274 2458 φορτίον
2313 2385 2371 2450 ἐξ
2417 2384 2582 2455 ὤμων
2626 2382 2724 2454 τὴν
2768 2379 3036 2453 ἀχθηδόνα
3076 2381 3180 2433 τῶν
3220 2378 3471 2448 ματαίων
3515 2379 3650 2430 ἀπο-

2059 2477 2395 2547 σεισάμενον.
2417 2475 2490 2528 Τὸ
2514 2475 2568 2528 δὲ
2591 2472 2847 2535 τοιοῦτον,
2876 2473 2950 2534 ὡς
2976 2473 3033 2524 ὲν
3053 2470 3280 2540 δόγματι
3303 2465 3653 2521 παιδευέσθω

2059 2567 2094 2635 ή
2122 2564 2436 2634 Ἐκκλησία,
2463 2559 2707 2632 μαθοῦσα
2732 2561 2818 2614 διὰ
2838 2559 2938 2629 τῆς
2967 2557 3248 2629 παρούσης
3271 2555 3670 2616 διδασκαλίαςν

2060 2653 2140 2708 ὅτι
2183 2654 2320 2728 ἀρχὴ
2360 2653 2454 2707 τοῦ
2495 2655 2614 2706 κατ’
2644 2651 2842 2723 ἀρετὴν
2889 2650 3002 2719 βίου
3043 2651 3160 2702 ἐστὶ
3211 2649 3271 2701 τὺ
3302 2648 3407 2716 τῆς
3448 2647 3653 2707 κακίας

2062 2746 2216 2807 ἐκτὸς
2247 2744 2518 2813 γενέσθαι.
2546 2744 2655 2796 Καὶ
2686 2743 2794 2812 γὰρ
2819 2743 2848 2794 ό
2881 2741 3052 2810 μέγας
3086 2741 3247 2792 Δαϐὶδ
3281 2738 3652 2807 εἰσαγωγικόν

2063 2852 2184 2890 τινα
2221 2835 2356 2906 πρὸς
2394 2835 2491 2906 τὴν
2535 2835 2781 2903 καθαρὰν
2822 2832 3094 2886 πολιτείαν
3125 2831 3398 2900 ὑφήγησιν
3438 2832 3498 2882 ἐν
3533 2831 3652 2890 ταῖς

2065 2926 2405 2996 ψαλμῳδίαις
2427 2925 2766 2995 ποιούμενος,
2794 2925 2894 2977 οὐκ
2921 2923 3028 2976 ἀπὸ
3052 2923 3149 2992 τῆς
3175 2911 3514 2991 τελειότητος
3545 2921 3646 2972 τιτλε.

1992 3018 2034 3074 C
2068 3018 2124 3068 έν
2152 3015 2228 3084 τῷ
2280 3014 2612 3086 μακαρισμῷ
2665 3010 3052 3084 θεωρουμένων
3096 3010 3238 3080 λόγῳ
3272 3011 3526 3079 ἄρχεται.
3580 3010 3651 3060 0'3

2064 3108 2171 3178 γὰρ
2197 3104 2347 3160 εἶπεν
2374 3107 2430 3158 ὲν
2462 3103 2697 3176 πρώτοις
2745 3100 3080 3172 μακαριστὸν
3122 3097 3257 3152 εἶναι
3294 3098 3388 3152 τὸν
3423 3101 3484 3150 ὲν
3522 3100 3650 3150 πᾶσι

2065 3197 2354 3251 κατευοδού
2363 3214 2541 3267 μενον,
2567 3195 2656 3248 τὸν
2685 3195 3032 3266 ὡμοιωμένον
3050 3194 3126 3264 τῷ
3148 3193 3306 3264 ξύλῳ,
3325 3193 3420 3246 τὸν
3451 3195 3512 3245 ἐν
3537 3195 3653 3254 ταῖς

2065 3288 2317 3355 διεξόδοις
2358 3287 2467 3340 τῶν
2519 3286 2726 3339 ὑδάτων
2760 3285 3146 3357 ὲρῤιζωμένον,
3191 3285 3283 3337 τὸν
3327 3283 3560 3352 ἀειθαλῆ
3600 3285 3656 3335 ἐν

2066 3379 2177 3441 τοῖς
2211 3377 2432 3446 ἀγαθοῖς
2468 3377 2808 3448 διαμένοντα,
2841 3375 2932 3430 τὸν
2966 3377 3022 3429 έν
3054 3377 3165 3439 τοῖς
3197 3375 3505 3444 καθήκουσι
3532 3374 3654 3443 χρό-

2067 3483 2179 3530 νοις
2221 3464 2330 3518 τῶν
2370 3466 2597 3538 καρπῶν
2638 3466 2730 3519 τοῦ
2772 3466 2888 3537 βίου
2936 3467 3297 3539 δρεπόμενον·
3330 3467 3446 3520 ἀλλ’
3485 3465 3656 3538 ἀρχὴν

2073 3554 2422 3629 μακαρισμοῦ
2451 3557 2546 3628 τὴν
2572 3558 2872 3610 ἀπόστασιν
2896 3557 3004 3610 τῶν
3025 3557 3210 3610 κακῶν
3239 3558 3560 3629 ἐποιήσατο,
3585 3557 3656 3619 ὡς

2070 3647 2170 3701 οὐκ
2213 3647 2578 3721 ἐνδεχόμενον,
2623 3647 2739 3700 ἀλλ’
2780 3647 2981 3716 ἀγαθὸν
3027 3646 3300 3716 γενέσθαι,
3343 3649 3478 3719 πρὶν
3521 3648 3653 3700 ἀπο-

2072 3739 2371 3793 κλύσασθαι
2401 3740 2500 3809 τῆς
2537 3739 2734 3802 κακίας
2766 3739 2856 3793 τὸν
2881 3738 3072 3810 ῥύπον.
3112 3738 3270 3794 Οὕτω
3298 3739 3482 3792 τοίνυν
3516 3740 3608 3792 καὶ
3630 3740 3665 3812 ὁ,

2075 3829 2239 3892 πολὺς
2294 3823 2446 3892 οὗτος
2484 3827 2912 3900 Ἐκκλησιαστής
2969 3828 3252 3901 ὑπεξαίρει
3301 3830 3523 3900 πρῶτον
3584 3817 3662 3896 τῷ

2073 3918 2216 3989 λόγῳ
2241 3919 2308 3972 τά
2341 3919 2560 3989 μάταια,
2595 3919 2682 3972 ἵνα
2710 3918 2958 3984 καθάπερ
3004 3919 3096 3972 ἐπὶ
3126 3918 3376 3989 σώματος
3419 3919 3654 3988 κάμνον-

2075 4026 2164 4072 τος
2193 4009 2256 4062 τὸ
2291 4008 2494 4077 ἀγαθὸν
2526 4009 2624 4078 τῆς
2664 4008 2849 4077 ὑγείας
2885 4010 3179 4078 ἐγγίνεται.
3219 4008 3315 4062 Διά
3341 4009 3510 4083 τούτο
3534 4025 3659 4062 κατ-

2077 4098 2280 4168 έδραμε
2304 4097 2382 4169 τῷ
2405 4097 2546 4168 λόγῳ
2564 4098 2659 4168 τῆς
2685 4101 3041 4170 ματαιότητος
3070 4099 3256 4161 εἰπὼν,
3282 4100 3384 4153 οὐκ
3420 4101 3656 4168 ἀσφαλὲς

2076 4189 2172 4242 τοῦ
2217 4188 2381 4242 καλοῦ
2420 4191 2700 4262 κριτήριον
2753 4183 2894 4246 εῖναι
2943 4191 3042 4260 τὴν
3092 4188 3362 4260 αἴσθησιν,
3407 4191 3503 4243 ὑπ’
3543 4191 3655 4259 sem

2081 4280 2254 4350 ἤγαγε
2303 4281 2359 4332 τὸ
2410 4281 2466 4334 ἐν
2494 4283 2604 4344 τοῖς
2633 4279 3082 4352 σπουδαζομένοις
3116 4281 3485 4353 ἀνύπαρκτον,
3529 4280 3657 4353 ὲχὼ-

2089 4385 2202 4441 ρισε
2231 4370 2327 4440 τὴν
2372 4370 2768 4442 ὲπιθυμητικὴν
2800 4371 2956 4442 ἡμῶν
2991 4372 3230 4426 διάθεσιν
3266 4373 3366 4443 τῆς
3401 4377 3658 4444 σωματι-

2087 4459 2186 4526 κῆς
2239 4457 2609 4522 ἀπολαύσεως,
2661 4460 2756 4513 καὶ
2804 4459 2977 4524 οὕτως
3017 4461 3352 4516 ὑποδεικνύει
3393 4461 3454 4514 τὺ
3497 4463 3658 4523 ὅντως

2089 4549 2324 4620 αἱρετὸν,
2370 4549 2430 4601 τὸ
2470 4549 2682 4620 άληθῶς
2723 4551 3074 4623 ἐπιθυμητὸν,
3106 4547 3166 4607 οὗ
3197 4555 3230 4624 ὴ
3261 4553 3492 4624 σπουδὴ,
3527 4536 3674 4624 arpi:

2087 4640 2204 4710 γμά
2232 4641 2377 4693 ἐστιν
2401 4643 2621 4712 ἐνεργόν
2646 4659 2704 4693 τε
2736 4643 2830 4695 καὶ
2858 4645 3238 4706 ὲνυπόστατον,
3268 4646 3346 4707 είς
3372 4645 3462 4697 ἀεὶ
3493 4661 3660 4714 παρα-

2091 4730 2250 4801 μένον
2295 4734 2406 4794 τοῖς
2461 4731 2722 4802 μετιοῦσι,
2766 4733 2947 4804 πάσης
2998 4735 3098 4804 τῆς
3138 4734 3282 4787 κατά
3322 4734 3385 4786 τὸ
3439 4735 3661 4803 μάταιον

2096 4820 2302 4881 ἐννοίας
2327 4821 2748 4891 κεχωρισμένον.

2161 4933 2304 5002 Κεφ.
2332 4932 2397 5002 β’,
2428 4934 2567 5004 στίχ.
2601 4934 2684 5005 ιβ’.
2706 4965 2777 4977 --
2809 4954 2827 4985 ι
2863 4935 3104 5005 Ἕϐλεψα
3140 4936 3249 5006 γὰρ
3285 4934 3417 5003 ἐγὼ,
3456 4955 3477 4988 ι
3515 4937 3658 5004 φησὶ.

2100 5042 2118 5074 ι
2159 5023 2250 5076 τοῦ
2302 5025 2430 5078 ἰδεῖν
2469 5025 2678 5093 σοφίαν.
2723 5044 2741 5077 ι
2781 5026 2867 5089 Ὠς
2910 5026 2955 5080 δ’
2989 5027 3054 5078 ἂν
3107 5025 3349 5098 ἀκριόῶς
3402 5025 3566 5094 ίδοιμι
3608 5024 3662 5075 τὸ

2096 5114 2446 5184 ποθούμενον,
2481 5111 2620 5169 εἶδον
2657 5116 2921 5188 πρότερον
2966 5119 3060 5170 καὶ
3095 5117 3194 5188 τήν
3232 5117 3540 5187 περιφορὰν
3579 5114 3659 5167 καὶ

2094 5207 2194 5277 τὴν
2221 5193 2548 5278 ἀφροσύνην.
2597 5209 2692 5261 Ἐκ
2727 5209 2837 5279 γὰρ
2885 5209 2984 5278 τῆς
3011 5208 3146 5279 πρὸς
3191 5208 3252 5261 τὺ
3299 5209 3659 5277 ἀντικείμενον

2059 5337 2063 5340 -
2095 5299 2448 5369 παραθέσεως
2469 5299 2832 5371 ἀκριϐεστέρα
2858 5300 3064 5367 γίνεται
3089 5300 3196 5352 τῶν
3225 5298 3659 5369 σπουδαζομένων

2094 5391 2128 5460 ή
2159 5389 2377 5460 θεωρία.
2410 5389 2518 5460 Τὴν
2532 5389 2587 5442 δὲ
2606 5391 2795 5458 σοφίαν
2820 5390 2913 5442 καὶ
2945 5391 3138 5461 βουλὴν
3170 5389 3447 5460 ὀνομάζει,
3475 5389 3654 5456 λέγων.

2092 5482 2173 5534 ὅτι
2213 5498 2232 5532 ι
2278 5481 2373 5542 Τίς
2419 5481 2704 5552 ἄνθρωπος
2756 5482 2902 5545 ὅστις
2955 5482 3299 5537 ἐπελεύσεται
3347 5483 3526 5537 ὀπίσω
3572 5478 3658 5546 τῆς
