3766 5986
405 188 509 244 685
1628 180 1683 236 S.
1728 179 2050 237 CREGORII
2087 180 2381 240 NYSSENI
2568 179 2590 183 ⁷
3238 203 3249 206 -
3570 186 3661 242 δη

402 313 565 372 caput
624 301 958 363 nominatur,
1013 298 1086 353 ita
1132 298 1295 354 etiam
1361 297 1416 350 in
1477 297 1656 351 anima
1711 298 1761 351 id
1821 314 1889 367 qu

2175 301 2415 368 μάζεται,
2450 300 2592 353 οὓτω
2630 301 2721 354 καὶ
2760 302 2850 354 ἐπὶ
2872 300 2971 371 τῆς
3009 301 3185 372 ψυχῆς
3228 300 3291 354 τὸ
3323 303 3662 372 ἡγεμονικόν

400 395 766 465 principatum
798 393 1028 454 olitiuet,
1075 399 1131 445 et
1161 391 1394 461 primum
1424 400 1569 444 tenet
1622 389 1823 452 locum,
1872 407 1887 458 ι

2175 391 2251 443 ιαὶ
2281 391 2714 461 προτεταγμένον
2752 392 2872 445 ἀντὶ
2921 391 3163 461 κεφαλῆς
3203 395 3438 444 νοεῖται·
3478 394 3583 445 καὶ
3612 394 3662 443 ἰν

401 486 583 555 capite
611 483 932 553 intelligitur
959 500 973 547 ;
998 492 1183 551 etquo
1211 480 1373 535 modo
1403 480 1554 551 pedis
1582 480 1757 535 basim
1784 495 1887 550 app

2249 498 2264 531 δ
2286 482 2524 552 πτέρναν
2547 482 2645 552 τὴν
2665 481 2760 534 τοῦ
2784 483 2940 545 ποδὸς
2966 479 3122 552 βάσιν
3146 483 3663 554 προσαγορεύομεν,

399 568 577 634 lamus
619 577 937 631 calcaneum
963 614 982 642 ,
1018 575 1090 627 ita
1137 573 1299 629 etiam
1353 572 1517 627 fuerit
1554 571 1703 627 basis
1751 571 1886 624 anim

2179 584 2237 631 υς
2268 568 2335 620 ἂν
2367 569 2451 637 εἴη
2487 571 2582 622 καὶ
2620 569 2719 639 τῆς
2763 569 2940 639 ψυχῆς
2972 570 3127 640 βάσις
3153 571 3221 624 δι’
3248 568 3319 642 ἦς
3350 572 3666 641 ἐφάπτεται

403 687 498 740 per
542 684 705 738 quam
755 667 976 736 attingit
1021 667 1270 736 corporis
1319 664 1773 729 coalescentiam,
1824 680 1890 718 un

2199 659 2474 728 συμφυῑας
2500 659 2593 713 τοῦ
2625 659 2897 730 σώματος,
2924 661 3046 715 ὅθεν
3081 662 3182 733 τὴν
3206 663 3554 734 αἰσθητικὴν
3581 664 3667 715 δύ-

403 760 720 814 immittitin
752 758 1056 828 subjectum
1085 754 1352 812 sentiendi
1372 757 1479 809 vim
1497 765 1550 811 et
1574 755 1885 825 operatione

2180 748 2226 803 iv
2252 765 2311 802 τε
2336 750 2431 803 καὶ
2451 751 2731 822 ἐνέργειαν
2754 751 2831 820 τῷ
2857 753 3199 823 ὑποκειμένῳ
3219 754 3457 824 ἐνίησιν.
3493 755 3664 807 ³Οταν

398 850 628 916 Quando
656 864 785 919 ergo
815 845 1180 917 perspiciendi
1216 855 1269 900 et
1315 845 1723 915 contemplandi
1770 843 1854 898 vis

2229 857 2245 893 ν
2277 842 2311 911 ἡ
2348 841 2629 913 διορατική
2668 860 2728 896 τε
2760 844 2850 896 καὶ
2883 843 3187 915 θεωρητικὴ
3215 846 3318 915 τῆς
3347 846 3549 917 ψυχῆς
3574 847 3663 899 δύο
3714 868 3716 875 ι

332 944 340 959 ¹
397 943 579 996 anima
609 950 908 1009 occupatur
933 941 985 994 in
1016 938 1181 999 rebus
1207 938 1528 1000 sensilibus,
1558 939 1612 991 in
1642 937 1760 1007 ejus
1787 951 1817 991 c

2181 949 2227 995 ις
2256 934 2391 1004 πρὸς
2434 934 2502 986 τά
2536 934 2769 1005 αἰσθητά
2812 936 2911 1005 τὴν
2958 937 3210 1005 ἀσχολίαν
3246 937 3363 1006 ἔχει
3389 978 3404 1000 ,
3444 940 3535 999 εἰς
3570 940 3664 1000 τὰς

392 1047 528 1088 neos
547 1033 829 1087 oculorum
856 1030 1059 1084 transit
1088 1039 1305 1093 natura,
1326 1044 1425 1099 per
1452 1043 1590 1097 quos
1621 1028 1820 1098 aspicit
1845 1044 1965 1097 quae

335 1116 344 1155 ’
396 1129 523 1176 sunt
558 1120 841 1182 inferiora,
874 1119 1192 1175 sublimium
1243 1118 1679 1189 speculationum
1714 1125 1963 1173 contem-

393 1213 654 1282 plationis
682 1225 879 1281 expers
910 1224 1138 1264 manens
1172 1209 1406 1278 penitus.
1443 1206 1539 1261 Sin
1565 1216 1746 1263 autem
1780 1223 1963 1264 rerum

2066 1025 2303 1095 πτέρνας
2335 1027 2507 1096 αὐτῆς
2539 1028 2572 1096 ἡ
2604 1026 2711 1079 τῶν
2747 1026 3041 1097 ὀφθαλμῶν
3067 1027 3228 1094 φύσις
3257 1028 3662 1099 ἀντιμεθίστα-

2065 1134 2174 1180 ται,
2207 1117 2275 1169 δι’
2308 1110 2385 1172 ὧν
2423 1117 2491 1171 τὰ
2519 1118 2669 1172 κάτω
2703 1118 2920 1187 βλέπει,
2964 1119 3071 1172 τῶν
3100 1119 3320 1189 ὑψηλῶν
3357 1120 3663 1190 θεαμάτων

2063 1206 2289 1273 ἀθέατος
2327 1208 2585 1278 μένουσα.
2619 1208 2681 1262 Εἰ
2711 1209 2770 1261 δὲ
2796 1200 3110 1280 γνωρίθασα
3131 1209 3239 1263 τῶν
3265 1211 3663 1281 ὑποκειμένων

397 1304 763 1371 subjectarum
802 1302 1021 1373 cognita
1056 1301 1319 1364 vanitate,
1349 1300 1636 1356 sustulerit
1664 1301 1856 1355 oculos
1896 1300 1964 1355 ad

398 1408 558 1449 suum
587 1399 773 1462 caput,
809 1391 955 1463 quod
984 1398 1068 1447 est
1097 1390 1373 1455 Christus,
1401 1391 1547 1445 sicut
1576 1392 1964 1460 interpretatur

397 1483 618 1543 Paulus.
642 1481 799 1536 beata
823 1479 1100 1535 censenda
1124 1478 1291 1533 fuerit
1317 1486 1540 1549 propter
1569 1492 1748 1533 acrem
1778 1479 1963 1534 oculo-

396 1586 518 1625 rum
551 1572 745 1633 aciem,
799 1577 860 1623 ut
897 1584 1018 1639 quae
1045 1569 1161 1623 illic
1193 1568 1389 1623 habeat
1438 1569 1653 1633 oculos,
1689 1568 1783 1623 ubi
1833 1568 1960 1623 mali

2063 1299 2124 1352 τὸ
2160 1300 2407 1369 μάταιον,
2449 1301 2713 1369 ἀναγάγοι
2749 1300 2847 1363 τάς
2883 1299 3034 1370 ὄψεις
3070 1302 3163 1353 ἐπὶ
3191 1302 3290 1373 τὴν
3316 1304 3537 1372 ἑαυτῆς
3567 1321 3659 1357 κε-

2063 1389 2258 1461 φαλὴν,
2305 1389 2428 1458 ἥτις
2467 1390 2615 1443 ἐστὶν
2659 1392 2688 1442 ό
2727 1390 2991 1460 Χριστὸς,
3035 1389 3216 1452 καθὼς
3238 1391 3604 1462 διερμηνεύει
3630 1394 3658 1444 ό

2064 1481 2274 1545 Παῦλος
2297 1522 2311 1545 ,
2365 1482 2675 1552 μακαριστὴ
2718 1482 2784 1534 ἂν
2822 1480 3032 1548 γένοιτο
3073 1482 3172 1551 τῆς
3192 1480 3499 1549 όξυωπίας,
3538 1485 3656 1537 ἐκεῖ

2061 1572 2258 1643 ἔχουσα
2288 1574 2413 1636 τοὺς
2449 1572 2757 1643 ὀφθαλμοὺς
2776 1612 2789 1634 ,
2818 1572 2950 1627 ὅπου
2974 1573 3074 1625 οὐκ
3094 1571 3242 1627 ἔστιν
3272 1574 3305 1644 ἠ
3341 1573 3441 1628 τοῦ
3476 1576 3651 1629 κακοῦ

398 1678 504 1717 non
536 1667 620 1718 est
649 1662 982 1717 obscuritas.
1019 1659 1245 1731 Magnus
1291 1660 1382 1715 ille
1415 1659 1642 1722 Paulus,
1685 1668 1739 1714 et
1784 1660 1831 1715 si
1867 1676 1885 1713 ι

2165 1665 2435 1735 σκότησις.
2463 1664 2674 1728 Παῦλος
2698 1667 2727 1718 ὁ
2751 1665 2922 1739 μέγας
2956 1667 3048 1719 καὶ
3085 1664 3141 1717 ετ
3163 1681 3309 1729 τινες
3339 1665 3501 1719 ἄλλοι
3529 1669 3652 1719 κατ’

394 1754 485 1807 alii
515 1760 643 1808 sunt
667 1755 810 1807 sicut
828 1751 919 1807 ille
945 1754 1145 1822 magni,
1172 1750 1441 1806 habebant
1464 1752 1652 1806 oculos
1682 1751 1735 1805 in
1758 1753 1958 1820 capite,

394 1854 448 1901 et
468 1860 658 1900 omnes
679 1844 773 1914 qui
798 1844 987 1898 vivunt
1006 1851 1063 1899 et
1090 1853 1399 1907 moventur,
1420 1850 1475 1897 et
1493 1850 1623 1897 sunt
1648 1844 1700 1896 in
1720 1842 1957 1898 Christo.

395 1936 529 1990 Nam
563 1936 704 1992 sicut
734 1934 849 1990 fieri
875 1949 981 1989 non
1011 1940 1213 2003 potest,
1235 1941 1293 1987 ut
1315 1934 1410 2003 qui
1439 1932 1510 1987 sit
1542 1934 1596 1986 in
1629 1933 1750 1987 luce
1778 1933 1961 1987 videat

388 2031 691 2088 tenebras;
725 2029 798 2083 ita
838 2042 945 2082 non
981 2034 1161 2097 potest
1215 2024 1351 2090 ﬁeri,
1393 2031 1453 2079 ut
1483 2024 1576 2094 qui
1625 2024 1681 2078 in
1734 2023 1960 2079 Christo

389 2124 556 2177 habet
582 2123 823 2186 oculum,
858 2120 924 2174 ad
956 2116 1162 2188 aliquid
1196 2131 1396 2171 vanum
1425 2130 1547 2171 eum
1587 2116 1808 2186 deligat.
1852 2114 1958 2181 Qui

394 2228 523 2285 ergo
552 2214 717 2268 habet
745 2213 940 2267 oculos
967 2210 1023 2264 in
1046 2209 1245 2279 capite,
1284 2200 1450 2278 caput
1487 2217 1667 2264 autem
1703 2207 1960 2278 intelligi-

396 2322 517 2361 mus
562 2304 937 2360 universitatis
992 2299 1368 2371 principium,
1428 2298 1592 2355 habet
1654 2299 1845 2352 oculos
1902 2298 1957 2351 in

381 2397 544 2451 .omni
605 2395 804 2448 virtute
866 2390 1145 2461 (Christus
1207 2394 1389 2442 autem
1445 2395 1532 2443 est
1596 2387 1770 2441 virtus
1836 2400 1960 2455 per-

384 2489 576 2549 ilecta,
651 2493 707 2538 et
775 2483 926 2538 omni
997 2496 1065 2543 ex
1135 2487 1291 2550 parte
1383 2476 1797 2547 absoluta),in
1868 2492 1959 2532 ve-

388 2581 578 2639 ritate,
624 2576 679 2629 in
723 2574 957 2644 justitia,
1012 2571 1067 2624 in
1120 2567 1659 2638 incorruptibilitate,
1712 2568 1766 2621 in
1809 2565 1958 2620 omni

388 2671 558 2725 'hono.
602 2685 620 2718 ι
658 2663 933 2735 Sapientis
980 2676 1109 2731 ergo
1140 2661 1283 2715 oeuli
1329 2666 1458 2715 sunt
1497 2658 1550 2711 in
1588 2658 1764 2727 capite
1796 2659 1956 2727 ejus:

395 2761 594 2817 stultus
624 2763 805 2812 autem
838 2754 894 2809 in
923 2751 1164 2815 tenebris
1192 2749 1452 2804 ambulat.
1488 2768 1507 2800 ι
1540 2747 1642 2813 Qui
1672 2747 1813 2802 enim
1849 2762 1959 2802 non

395 2850 549 2921 ponit
581 2861 735 2904 suam
769 2846 1047 2898 lucernam
1074 2855 1240 2911 super
1271 2835 1679 2900 candelabrum,
1713 2826 1957 2890 sedeam

397 2950 550 3011 ponit
581 2939 687 2994 sub
720 2938 850 2992 base
874 2935 1019 3001 lecti,
1048 2933 1209 2989 ellicit
1235 2940 1295 2986 ut
1323 2932 1411 2992 lux
1433 2931 1536 2986 sibi
1565 2930 1673 2984 sint
1701 2928 1957 2994 tenebrae,

398 3040 457 3084 ut
490 3024 582 3099 qui
624 3026 861 3082 evaserit
899 3022 1081 3093 opifex
1130 3023 1250 3091 ejus
1276 3021 1426 3091 quod
1460 3035 1567 3074 non
1610 3026 1791 3089 potest
1828 3026 1967 3074 cun-‘

395 3121 615 3176 sistere.
647 3115 861 3170 Vanum
898 3122 984 3169 est
1025 3122 1207 3167 autem
1242 3113 1294 3166 id
1336 3110 1481 3181 quod
1520 3110 1821 3165 consistere
1850 3118 1959 3166 nOn

397 3217 596 3281 potest.
639 3206 902 3262 Tenebrae
933 3219 1063 3275 ergo
1098 3204 1154 3256 in
1196 3201 1588 3273 signiﬁcatione
1630 3208 1838 3255 tantum
1870 3216 1962 3256 va-

397 3306 536 3366 lent,
560 3309 823 3371 quantum
858 3311 1081 3353 vanum.
1115 3293 1281 3354 Stulti
1320 3307 1452 3365 ergo
1478 3293 1657 3346 anima
1686 3308 1819 3379 qua!
1839 3308 1962 3349 εοιι-

401 3411 502 3466 pus
553 3393 766 3463 diligit,
824 3397 879 3445 et
928 3395 1014 3445 est
1059 3387 1336 3451 carnalis,
1390 3386 1518 3441 diuo
1566 3384 1683 3441 haec
1733 3386 1958 3457 aspicit,

400 3487 532 3542 nihil
564 3484 725 3539 videt.
761 3479 913 3537 Verte
946 3480 1093 3535 enim
1122 3485 1254 3535 sunt
1283 3477 1519 3534 tenebrae
1557 3492 1685 3533 acer
1717 3478 1872 3534 visus
1905 3479 1961 3533 in

398 3579 715 3637 sensilibus.
747 3576 911 3632 Vides
943 3575 1080 3630 istos
1109 3587 1262 3628 acres
1293 3579 1348 3626 et
1386 3572 1440 3626 in
1473 3571 1576 3627 hac
1607 3570 1720 3627 vita
1766 3586 1962 3627 versu-

399 3683 482 3728 tos
518 3686 582 3726 ac
623 3668 924 3733 versatiles,
966 3680 1104 3736 quos
1139 3678 1247 3746 nos
1287 3678 1553 3718 vocamus
1591 3663 1960 3733 jurisperitos,

395 3779 557 3835 quam
595 3762 752 3817 facile
791 3759 1026 3815 eﬂiciant
1056 3766 1115 3811 ut
1156 3757 1320 3811 liceat
1361 3755 1540 3810 facere
1569 3754 1846 3824 injuriam,
1880 3763 1961 3811 te-

397 3856 596 3915 stibus,
639 3852 906 3922 patronis,
940 3849 1160 3913 libellis,
1207 3847 1451 3917 judicum
1483 3846 1854 3909 observantia,
1905 3853 1963 3900 ut

395 3956 451 4001 et
484 3945 680 3998 malum
720 3942 925 3995 faciant
961 3948 1017 3994 et
1048 3946 1267 3995 sumant
1297 3938 1663 4008 supplicium?
1687 3936 1822 4004 Quis
1854 3952 1962 3992 non
1988 4008 1992 4012 _

395 4047 582 4086 eorum
612 4032 843 4083 miretur
873 4027 1232 4082 subtilitatem
1266 4033 1320 4082 et
1358 4026 1617 4081 versatile
1644 4026 1963 4095 ingenium?

380 4120 537 4178 ’Buut
592 4131 774 4175 tamen
824 4120 915 4174 isti
965 4118 1120 4181 caeci,
1177 4117 1224 4171 si
1281 4116 1639 4171 conferantur
1684 4132 1808 4170 cum
1870 4118 1971 4172 illo.

399 4213 576 4277 oculo,
615 4211 707 4279 qui
743 4224 805 4264 ea
839 4222 961 4278 quae
999 4219 1166 4276 supra
1191 4212 1342 4268 sunt,
1376 4206 1601 4274 aspicit,
1647 4206 1740 4274 qui
1778 4212 1863 4260 est
1905 4206 1961 4260 in

2064 1758 2269 1810 ἐκεῖνον
2310 1755 2532 1825 μεγάλοι
2560 1758 2617 1808 ἑν
2645 1758 2712 1827 τῇ
2741 1756 2949 1827 κεφαλῇ
2980 1757 3105 1818 τοὺς
3130 1752 3650 1827 ὀφθαλμοὺςιεῖχον,

2061 1846 2154 1900 καὶ
2185 1847 2380 1909 πάντες
2413 1849 2462 1900 oi
2495 1848 2552 1899 ὲν
2585 1846 2805 1919 Χριστῷ
2844 1846 3044 1910 ζῶντες
3076 1847 3170 1899 καὶ
3203 1847 3528 1915 κινούμενοι
3559 1850 3651 1901 καὶ

2059 1936 2228 2000 ὅντες.
2267 1938 2355 2000 Ὡς
2387 1937 2452 1990 ἂν
2478 1939 2575 1991 οὐκ
2600 1938 2715 1993 ἔστι
2739 1938 2830 1990 τὸν
2860 1940 2916 1990 ἑν
2942 1939 3081 2006 φωτὶ
3102 1937 3233 1991 ὄντα
3256 1938 3458 2002 σκότος
3492 1940 3648 2000 ἰδεῖν,

2058 2027 2230 2091 οὕτως
2249 2029 2349 2080 οὐκ
2368 2027 2482 2080 ἔστι
2502 2029 2591 2081 τὸν
2610 2030 2671 2082 ὲν
2693 2028 2771 2098 τῷ
2799 2027 3016 2100 Χριστῷ
3034 2028 3123 2081 τὸν
3141 2028 3422 2099 ὀφθαλμὸν
3448 2030 3654 2101 ἔχοντα
3734 2056 3737 2069 ε

2061 2120 2196 2193 πρός
2231 2136 2284 2174 τι
2326 2120 2433 2177 τῶν
2468 2122 2712 2191 ματαίων
2750 2122 3075 2176 ὲνατενίσαι.
3128 2123 3188 2175 ὐ
3217 2118 3312 2176 οὖν
3344 2125 3404 2176 ἐν
3434 2125 3508 2194 τῇ
3557 2140 3649 2176 κει

2060 2196 2202 2282 φαλῇ
2236 2212 2361 2274 τοὺς
2390 2210 2701 2282 ὀφθαλμοὺς
2727 2210 2886 2281 ἔχων,
2933 2210 3174 2282 κεφαλὴν
3205 2212 3263 2264 δὲ
3306 2212 3410 2282 τὴν
3440 2214 3651 2273 παντὸς

2059 2303 2231 2374 ἀρχὴν
2271 2305 2596 2374 ἑνοήσαμεν,
2649 2304 2707 2357 ἐν
2739 2303 2890 2377 πάσῃ
2934 2306 3100 2375 ἀρετῇ
3149 2304 3276 2367 τοὺς
3320 2303 3649 2373 ὀφθαλμοὺς

2059 2392 2171 2462 ἔχει
2228 2392 2492 2464 (Χριστὸς
2546 2394 2652 2462 γάρ
2716 2396 2863 2449 ἐστιν
2904 2396 2937 2464 ή
2988 2394 3256 2463 παντελὴς
3299 2394 3478 2466 ἀρετὴ
3500 2396 3545 2463 ),
3592 2397 3651 2445 ὲν

2058 2482 2304 2554 ἀληθείᾳ,
2332 2486 2387 2536 ὲν
2407 2483 2738 2556 δικαιοσύνῃ,
2758 2487 2815 2538 ὲν
2838 2484 3132 2557 ἀφθαρσίᾳ,
3156 2487 3214 2539 ὲν
3236 2488 3402 2541 παντὶ
3424 2488 3649 2557 ἀγαθᾷ.

2065 2593 2084 2625 ι
2109 2574 2213 2628 Τοῦ
2237 2594 2255 2627 ι
2276 2570 2368 2628 οὖν
2390 2595 2409 2627 ι
2435 2574 2595 2645 σοφοῦ
2617 2575 2665 2626 οί
2691 2574 2976 2646 ὀφθαλμοὶ,
3011 2577 3068 2629 ἑν
3093 2576 3299 2648 κεφαλῇ
3322 2578 3522 2632 αὐτοῦ·
3545 2583 3580 2632 ὀ
3596 2580 3650 2631 δὲ

2059 2665 2265 2737 ἄφρων,
2297 2667 2353 2720 ὲν
2376 2667 2556 2719 σκότει
2585 2666 2894 2737 πορεύεται.
2923 2686 2941 2719 ι
2972 2667 3031 2720 Ὀ
3058 2668 3168 2739 γὰρ
3198 2668 3272 2738 μὴ
3296 2670 3389 2722 ἐπὶ
3421 2669 3527 2740 τὴν
3555 2670 3651 2722 λυ-

2060 2744 2333 2828 χνίαν)τὸν
2366 2756 2558 2811 ἑαυτοῦ
2587 2758 2779 2828 λύχνον
2812 2758 3098 2829 προτείνας
3117 2798 3131 2818 .
3161 2758 3277 2813 ἀλλ’
3313 2760 3652 2814 ὑποδάλλων

2059 2851 2124 2919 τῇ
2161 2848 2313 2917 βάσει
2342 2849 2443 2919 τῆς
2467 2848 2675 2919 κλίνης,
2703 2850 2764 2902 τὸ
2789 2849 2991 2918 φέγγος
3016 2849 3198 2920 ἑαυτῷ
3229 2851 3427 2914 σκότος
3450 2852 3649 2921 £11,011;-

2063 2956 2173 3006 σεν,
2198 2938 2527 3010 δημιουργὸς
2548 2937 2642 2991 τοῦ
2666 2938 3016 3008 ἀνυπάρκτου
3045 2939 3357 3008 γενόμενος.
3390 2940 3557 2994 Maca
3568 2958 3648 2993 ιον

2059 3031 2116 3084 δὲ
2152 3032 2212 3084 τὸ
2251 3030 2614 3101 ἀνύπαρκτον.
2649 3024 2797 3087 Ἶσον
2832 3025 2924 3087 οὖν
2956 3031 3074 3083 ἐστι
3106 3029 3248 3083 κατά
3286 3030 3347 3083 τὸ
3379 3032 3650 3101 σημαινό-

2065 3139 2221 3193 μενον
2248 3120 2324 3192 τῷ
2361 3122 2570 3192 ματαίῳ
2613 3122 2673 3175 τὸ
2714 3124 2925 3187 σκότος.
2972 3120 3079 3176 Τοῦ
3110 3122 3285 3174 τοίνυν
3334 3120 3583 3192 ἄφρονος
3614 3125 3644 3192 ἡ

2055 3213 2204 3283 ψυχὴ
2238 3211 2614 3282 φιλοσώματός
2643 3229 2729 3274 τις
2758 3215 2852 3265 καὶ
2877 3212 3161 3283 σαρκώδης
3196 3212 3552 3282 γεγενημένη
3590 3215 3647 3264 ἐν

2061 3303 2137 3373 τῷ
2182 3303 2355 3355 ταῦτα
2398 3302 2634 3372 βλέπειν,
2682 3301 2865 3372 βλέπει
2909 3303 3080 3356 οὐδέν’
3112 3303 3304 3364 σκότος
3343 3303 3458 3371 γάρ
3492 3305 3646 3355 ἐστιν

2061 3394 2278 3465 ἀληθῶς
2313 3396 2347 3464 ἡ
2393 3395 2450 3448 ἑν
2491 3394 2699 3456 τούτοις
2732 3393 2998 3458 ὁξυωπία.
3055 3394 3217 3464 Ὁρᾷς
3251 3395 3379 3457 τοὺς
3423 3395 3646 3463 δριμεῖς

2061 3486 2281 3549 τούτους
2314 3487 2407 3539 καὶ
2433 3486 2765 3557 εὐστρόφους
2809 3487 2951 3541 κατὰ
2996 3486 3084 3540 τδν
3135 3486 3268 3556 βίον,
3293 3485 3389 3550 οὓς
3421 3487 3643 3542 δικανι-

2062 3578 2191 3642 κοὺς
2212 3577 2569 3647 ὀνομάζομεν,
2603 3577 2751 3640 ὅπως
2779 3578 2990 3640 ἑαυτοῖς
3026 3576 3123 3647 τὴν
3153 3576 3367 3631 ἀδικίαν
3402 3577 3644 3649 ἐξευμα-

2065 3667 2292 3741 ρίζουσι,
2329 3667 2586 3739 μάρτυσι,
2617 3668 2954 3738 συνηγόροις,
2978 3669 3238 3739 γραφαῖς,
3265 3671 3331 3738 τῇ
3358 3668 3470 3723 τῶν
3499 3669 3645 3722 δικα-

2065 3759 2205 3821 στῶν
2244 3759 2533 3831 θεραπείᾳ,
2565 3759 2705 3813 ὥστε
2749 3759 2844 3811 καὶ
2880 3758 2942 3811 τὸ
2989 3759 3161 3811 κακὸν
3198 3758 3643 3828 κατεργάζεσθαι

2063 3853 2157 3906 καὶ
2181 3850 2426 3905 ἐκδοῦναι
2451 3855 2550 3922 τὴν
2572 3854 2876 3923 τιμωρίαν;
2903 3850 2997 3914 Τίς
3019 3851 3079 3904 οὑ
3100 3851 3371 3921 θαυμάζει
3401 3852 3464 3905 τὸ
3492 3854 3642 3922 ἀγχί-

2063 3958 2186 3996 νουν
2211 3941 2318 3994 τῶν
2350 3942 2603 3995 τοιούτων
2645 3943 2738 3996 κα)⁵
2772 3942 3232 4014 εὐπερίτρεπτον;
3294 3943 3437 3995 Ἀλλ’
3490 3944 3639 4012 ὅμως

2061 4034 2249 4103 τυφλοὶ
2289 4036 2422 4087 εἰσιν
2449 4036 2497 4087 οἱ
2529 4034 2780 4097 τοιοῦτοι,
2810 4036 2857 4087 εί
2905 4034 3041 4106 πρὸς
3068 4036 3269 4088 ἐκεῖνον
3307 4034 3401 4088 τὸν
3438 4036 3642 4103 ὀφθαλο

2007 4194 2012 4199 θ
2066 4125 2165 4196 μὸν
2183 4125 2538 4192 ἑξετάζοιντο,
2569 4125 2659 4177 τὸν
2681 4124 2748 4177 τὰ
2769 4125 2879 4179 ἄνω
2902 4125 3183 4194 βλέποντα,
3211 4124 3301 4177 τὸν
3328 4128 3397 4196 τῇ
3425 4127 3637 4197 κεφαλῇ
3711 4118 3717 4127 ’

2061 4214 2168 4267 τῶν
2194 4214 2362 4268 ὄντων
2391 4216 2726 4286 ἐγκείμενον,
2762 4216 2951 4285 τυφλοί
2984 4216 3119 4268 εἰσιν
3152 4215 3434 4285 ἄντικρυς,
3446 4218 3514 4289 pi
3544 4219 3638 4289 τὴν

390 4305 573 4373 capite
603 4316 793 4359 eorum
823 4314 945 4373 quae
973 4313 1101 4354 vere
1130 4307 1286 4369 sunt;
1314 4298 1474 4365 plane
1515 4305 1648 4351 sunt
1684 4297 1837 4363 caeci,
1867 4315 1877 4347 ι

2149 4305 2297 4375 ἑρναν
2330 4306 2534 4359 ἑαυτῶν
2564 4305 3013 4369 καλλωπίζοντες,
3039 4306 3139 4378 τὴν
3173 4309 3636 4378 σπαρασσομένην

397 4410 554 4449 suum
581 4399 791 4446 ornant
809 4391 1146 4464 ealcaneum,
1178 4386 1320 4458 quod
1349 4385 1621 4443 laceratur
1641 4402 1672 4441 a
1701 4387 1959 4444 dentibus

397 4482 687 4551 serpentis.
741 4480 1031 4549 Propterea
1085 4479 1229 4533 enim
1274 4477 1418 4549 quod
1471 4492 1536 4532 ea
1588 4493 1708 4548 quae
1746 4479 1959 4536 inferne

397 4580 549 4633 sunt,
572 4570 871 4638 aspiciunt,
905 4569 1011 4623 sibi
1035 4570 1170 4640 ipsis
1200 4569 1520 4638 imprimunt
1546 4567 1799 4638 dogmata
1832 4584 1960 4640 pec-

394 4663 524 4716 cati.
564 4649 582 4711 ἆ
620 4658 721 4725 Qui
755 4659 901 4712 enim
940 4659 1133 4729 diligit,
1166 4659 1530 4728 iniquitatem,
1564 4657 1678 4712 odit
1719 4658 1959 4712 animam

392 4768 548 4809 suam
571 4748 641 4817 7‘,
674 4772 692 4804 ι
743 4760 797 4805 et
837 4751 984 4820 quod
1028 4767 1097 4806 cx
1136 4752 1204 4806 iis
1248 4751 1391 4805 inter
1424 4749 1672 4805 homines
1702 4758 1961 4806 censetur

361 4847 635 4911 ‘boatum,
670 4853 756 4899 cst
802 4844 1093 4923 quibusvis
1144 4824 1311 4899 rebus
1360 4842 1609 4899 adversis
1664 4844 1955 4899 miserabi-

390 4942 519 4995 lius.
563 4938 736 5005 Quam
769 4937 927 4991 multi
974 4943 1156 4991 autem
1194 4934 1388 4991 rursus
1434 4944 1627 4992 contra
1668 4945 1817 4999 sunt,
1863 4937 1957 5006 qui

394 5035 671 5102 replentur
726 5030 793 5085 iis
826 5043 947 5097 quae
1001 5037 1131 5084 sunt
1176 5027 1231 5082 in
1282 5028 1391 5082 alto
1439 5031 1852 5093 certaminibus,
1903 5038 1957 5083 et

367 5114 679 5177 'vcrsantur
707 5123 761 5175 in
787 5128 986 5176 eorum
1019 5134 1139 5191 quae
1168 5133 1293 5175 vere
1319 5127 1445 5175 sunt
1474 5121 1952 5191 contemplatione,

390 5214 777 5268 existimantur
812 5218 992 5265 autem
1050 5209 1179 5264 caeci
1214 5218 1269 5265 et
1303 5210 1524 5266 inutiles
1553 5211 1606 5265 in
1642 5212 1809 5268 rebus
1840 5228 1955 5266 ma-

2064 4397 2177 4458 τοῖς
2205 4395 2382 4448 ὀδοῦσι
2408 4395 2501 4448 τοῦ
2532 4396 2724 4464 ὄφεως.
2753 4399 2830 4448 Δι’
2856 4390 2931 4450 ὧν
2951 4396 3060 4467 γὰρ
3083 4397 3150 4449 τά
3177 4398 3327 4450 κάτω
3356 4397 3633 4467 βλέπουσι,

2063 4487 2131 4539 τά
2179 4487 2421 4557 δόγματα
2465 4488 2564 4557 τῆς
2621 4489 2892 4558 ἁμαρτίας
2933 4491 3142 4552 ἑαυτοῖς
3184 4492 3634 4563 ἑγχαράσσουσιν.
3673 4559 3687 4565 _

2068 4591 2088 4623 ι
2139 4573 2196 4625 Ὀ
2227 4573 2336 4643 γὰρ
2362 4573 2593 4640 ἀγαπῶν
2619 4574 2852 4638 ἀδικίαν,
2871 4579 3019 4645 μισεῖ
3033 4576 3131 4647 τὴν
3153 4578 3348 4630 ἑαυτοῦ
3364 4579 3577 4653 ψυχὴν,
3613 4601 3632 4632 ι

2063 4662 2158 4717 καὶ
2189 4662 2250 4714 τὸ
2293 4662 2726 4733 μακαριζόμενον
2771 4663 2949 4719 αὐτῶν
2978 4666 3038 4717 ἑν
3078 4664 3409 4736 ἀνθρώποις,
3446 4669 3630 4738 πάσης

2060 4754 2397 4824 δυσπραγίας
2417 4754 2790 4825 ἐλεεινότερον.
2825 4755 2987 4810 Πόσοι
3024 4755 3080 4809 δὲ
3104 4756 3262 4810 πάλιν
3287 4759 3350 4810 ἑκ
3371 4757 3467 4811 τοῦ
3492 4761 3637 4812 ἐναν-

2058 4844 2175 4898 τίου
2201 4843 2310 4897 τῶν
2340 4843 2492 4915 ἑντῷ
2534 4843 2659 4914 ὕψει
2697 4846 2922 4914 ἀγώνων
2966 4848 3368 4919 ἐμφορούμενοι
3388 4888 3404 4911 ,
3435 4850 3535 4903 καὶ⁵
3566 4853 3632 4921 τῇ

2066 4935 2268 5007 θεωρίᾳ
2293 4935 2402 4988 τῶν
2423 4936 2590 4998 ὅντως
2613 4936 2781 4990 ὄντων
2808 4939 3296 5008 ἀπασχολάζοντες,
3327 4939 3521 5008 τυφλοί
3552 4959 3634 4994 τι-

2063 5043 2153 5089 νες
2191 5028 2251 5078 ὲν
2296 5028 2409 5089 τοῖς
2448 5026 2650 5092 ὑλικοῖς
2675 5030 2995 5107 πράγμασιν
3020 5025 3160 5083 εἶναι
3192 5030 3508 5100 νομίζονται
3540 5034 3633 5086 καὶ

2062 5116 2309 5186 ἀνόνητοι
2329 5158 2342 5181 ,
2382 5111 2492 5170 οἷον
2519 5120 2614 5171 καὶ
2645 5122 2673 5172 ὁ
2700 5120 2910 5183 Παῦλος
2952 5117 3092 5174 εἶναι
3121 5124 3415 5191 καυχᾶται,
3453 5123 3632 5194 μωρὸν

2062 5207 2250 5261 ἑαυτὸν
2271 5208 2357 5261 διὰ
2378 5209 2468 5262 τὸν
2497 5208 2723 5282 Χριστὸν
2746 5207 2884 5265 εἶναι
2907 5212 3101 5281 λέγων.
3154 5212 3220 5266 Ἡ
3241 5213 3350 5283 γὰρ
3374 5215 3633 5284 φρόνησις

387 5303 697 5365 terialibus,
726 5301 942 5372 qualem
977 5314 1037 5356 se.
1058 5300 1327 5371 gloriatur
1355 5317 1479 5358 esse
1505 5301 1734 5365 Paulus,
1764 5302 1874 5357 dice

2143 5298 2217 5352 τοῦ
2258 5300 2353 5353 καὶ
2384 5302 2417 5371 ή
2449 5302 2610 5370 σοφία
2639 5302 2775 5373 πρὸς
2803 5303 2955 5356 οὐδὲν
2982 5303 3092 5357 τῶν
3117 5298 3217 5357 ὧδε
3261 5303 3630 5374 σπουδαζομέ-

389 5409 445 5447 se
476 5407 596 5447 esse
633 5394 859 5446 stultum
890 5399 1114 5462 propter
1142 5390 1442 5451 Christum.
1476 5392 1607 5464 Ejus
1638 5394 1784 5449 enim
1820 5410 1952 5464 pru—

464 5569 502 5602 ⁷⁸
543 5565 686 5621 Psal.
736 5580 793 5630 ι,
834 5565 886 5619 6.

2054 5405 2158 5441 νων
2185 5388 2480 5457 ἠσχολεῖτο.
2503 5391 2593 5446 Διὸ
2618 5391 2784 5460 λέγει,
2818 5411 2836 5443 ι
2860 5393 3050 5463 Ἡμεῖς
3079 5393 3252 5466 μωροὶ
3274 5392 3366 5448 διὰ
3388 5393 3483 5448 τὸν
3505 5391 3631 5465 Χρυ-
