3766 5986
148 174 288 225 δίκε
601 194 608 204 α
1239 174 1302 228 IN
1339 173 1868 230 ECCLESIASTEN.
1907 173 2191 227 ΠΟΜΙΙᾸΑ
2227 174 2290 226 ν.
3308 171 3414 228 681i

155 290 361 342 στόν·›
387 289 460 352 ὡς
487 288 550 342 ἀν
571 289 618 341 εἰ
643 288 843 356 ἔλεγεν·
875 288 1061 358 Ἡμεῖς
1080 289 1264 356 τυφλοὶ
1280 289 1355 360 τῷ
1377 289 1524 342 κάτω
1539 290 1657 360 βίῳ,
1676 291 1744 342 6ιὲ

1866 286 2048 339 (lentia
2098 293 2150 339 et
2215 285 2478 354 sapientia
2539 283 2866 338 versabatur
2920 284 2972 337 in
3027 282 3178 338 nullo
3231 299 3420 339 eorum

149 384 243 433 τὸ
272 379 383 435 ἄνω
422 378 663 447 βλέπειν,
713 380 804 432 καὶ
839 357 964 441 τοὺς
995 357 1304 449 ὀφθαλμοὺς
1329 357 1401 431 Ῠέν
1439 384 1504 450 τῇ
1545 357 1744 450 κεφαλῇ

1857 362 2089 444 quorum
2131 375 2311 427 studio
2355 375 2442 426 hic
2493 381 2763 428 tenemur.
2810 373 2950 427 Dicit
2993 373 3193 443 itaque.
3248 391 3267 425 ι
3311 372 3423 428 Nos

153 470 270 542 Ex:
281 491 346 525 ιν.
367 469 568 524 Τούτου
593 471 749 539 χάριν
769 469 995 536 ἄστεγος
1019 465 1084 540 ἦν
1104 471 1198 524 καὶ
1218 469 1541 541 ἀτράπεζος,
1565 472 1744 538 πένης,

1858 467 2010 522 stulti
2044 473 2262 534 propter
2293 464 2572 519 Christum
2599 465 2668 528 ⁷⁵,
2707 483 2724 514 ›
2762 463 2990 533 perinde
3017 478 3079 517 ac
3114 464 3159 517 si
3192 463 3422 529 diceret,

155 561 645 633 ἁλήτης,γυμνὸς,
664 561 806 631 λιμῷ
825 561 917 614 καὶ
933 559 1074 629 δίψει
1101 563 1593 632 κατατρυχόμενος.
1614 563 1744 615 Ἀλλ’

1859 556 1968 609 Nos
1994 557 2120 609 ezeci
2153 557 2206 608 in
2244 556 2310 608 iis
2351 571 2471 624 qua:
2505 554 2776 622 pertinent
2817 553 2884 606 ad
2921 553 3082 615 hanc,
3113 570 3232 622 quae
3263 556 3422 607 deor-

151 655 196 706 ὁ
231 655 384 708 κάτω
411 652 667 714 τοιοῦτος,
700 653 756 703 ὲν
779 654 890 713 τοῖς
918 651 1028 704 ἀνω
1051 651 1324 724 σκόπησον
1349 647 1458 715 οἷος
1485 649 1570 724 ἦν,
1608 655 1744 717 Ἕως

1858 661 1976 701 sum
2005 644 2205 713 agitur,
2239 645 2427 706 vitam,
2459 651 2746 712 propterea
2786 643 2931 714 quod
2966 659 3184 698 sursum
3223 645 3422 714 aspici-

154 747 290 817 γὰρ
319 747 500 816 τρίτου
527 743 760 816 ούρανοῦ
791 743 1024 813 ὑψωθεὶς
1045 785 1060 807 ,
1103 745 1234 799 ὅπου
1275 748 1308 816 ἡ
1345 747 1554 816 κεφαλὴ
1590 747 1744 803 αὑτοῦ

1859 753 2001 800 mus,
2033 744 2087 790 et
2117 736 2307 790 oculos
2342 735 2606 791 habemus
2649 737 2701 789 in
2742 735 2941 806 capite.
2990 734 3102 788 Hac
3150 734 3217 788 de
3258 750 3421 790 causa

152 831 265 905 ἦν,
297 838 412 889 ἐκεῖ
433 838 558 899 τοὺς
598 835 912 905 ὀφθαλμοὺς
957 835 1135 906 ἔσχεν,
1169 839 1278 900 τοῖς
1302 837 1631 908 ἀπορρήτοις
1657 839 1752 892 τοῦ

159 927 506 996 παραδείσου
533 926 850 997 μυστηρίοις
879 926 1322 998 ἐναγαλλόμενος,
1347 929 1439 980 καὶ
1465 927 1532 981 τὰ
1551 928 1753 984 ἀθέατα

158 1018 417 1086 βλέπων,
466 1019 560 1070 καὶ
593 1015 876 1086 ἐντρυφῶν
905 1017 1134 1079 ἐκείνοις
1183 1017 1280 1069 ὅσα
1320 1018 1457 1086 ὑπὲρ
1503 1018 1754 1088 αἴσθησίν

158 1110 299 1160 ἐστι
349 1109 440 1160 καὶ
482 1107 736 1159 διάνοιαν.
792 1105 901 1158 Καὶ
950 1104 1033 1170 τίς
1079 1107 1177 1158 οὐκ
1211 1106 1276 1159 ἂν
1328 1107 1554 1160 ἐλεεινὸν
1595 1107 1755 1160 αὑτὸν

89 1221 104 1234 ~~
157 1196 338 1267 ᾠήθη
361 1238 374 1256 ,
405 1195 685 1266 δεσμώτην
717 1194 946 1264 βλέπων,
988 1194 1080 1246 καὶ
1113 1193 1345 1262 πληγαῖς
1389 1194 1750 1264 αίκιζόμενον,

159 1290 276 1342 καὶ
333 1287 513 1358 βύθιον
558 1287 615 1338 ὲν
663 1285 904 1355 ναυαγίῳ
951 1284 1036 1337 διὰ
1087 1280 1356 1350 πελάγους
1394 1287 1505 1348 τοῖς
1549 1285 1753 1354 κύμασι

164 1377 323 1446 μετά
351 1376 457 1430 τῶν
489 1374 700 1444 δεσμῶν
736 1374 1181 1444 συμφερόμενονς
1238 1373 1376 1426 Ἀλλ’
1418 1375 1565 1444 ὅμως
1605 1379 1652 1428 εί
1686 1378 1753 1429 τά

161 1470 232 1519 ἐν
273 1465 578 1534 ἀνθρώποις
605 1463 844 1523 τοιαῦτα,
878 1463 968 1516 τοῦ
999 1463 1178 1533 μέντοι
1208 1466 1264 1516 ὲν
1293 1465 1499 1535 κεφαλῇ
1529 1465 1752 1518 διαπαν-

159 1557 269 1620 τὸς
299 1559 425 1620 τοὺς
455 1555 762 1624 ὀφθαλμοὺς
783 1553 924 1623 ἔχειν
953 1555 1051 1607 οὐκ
1075 1555 1365 1624 ἀπετράπη
1384 1555 1575 1622 λέγων·
1613 1576 1631 1606 ι
1656 1557 1751 1619 Τίς

48 1676 68 1695 ρ
162 1647 326 1715 ἡμᾶς
359 1645 582 1715 χωρίσει
611 1643 718 1697 ἀπὸ
754 1643 851 1713 τῆς
899 1643 1118 1712 ἀγάπης
1157 1643 1250 1695 τοῦ
1296 1644 1528 1712 Χριστοῦ
1563 1645 1660 1714 τῆς
1692 1646 1750 1696 ἐν
1782 1628 1824 1685 Β

160 1735 402 1812 Χριστῷ
447 1733 653 1803 Ἰησοῦ;
688 1732 895 1800 Θλίψις,
939 1731 970 1800 ἢ
1021 1732 1374 1802 στενοχωρία,
1408 1732 1441 1804 ἢ
1476 1733 1744 1803 διωγμὸς,

158 1827 200 1894 ἦ
237 1823 419 1893 λιμὸς,
451 1823 484 1894 ἥ
513 1821 806 1892 γυμνότης,
831 1820 862 1888 ἢ
895 1819 1204 1895 κίνδυνος,ἦ
1229 1819 1500 1888 μάχαιρα;
1531 1837 1550 1870 ι
1571 1821 1747 1888 Ὅπερ

159 1914 292 1970 ἶσόν
339 1920 453 1970 ἐστι
487 1914 579 1968 τοῦ
618 1913 815 1982 λέγειν’
847 1911 941 1972 Τίς
992 1927 1091 1978 μου
1130 1909 1254 1971 τοὺς
1291 1910 1598 1978 ὀφθαλμοὺς
1645 1913 1754 1964 ἀπὸ

164 2011 277 2078 ﬁ};
307 2007 546 2075 κεφαλῆς
599 2003 859 2076 ἐξορύξει,
906 2003 998 2054 καὶ
1037 2001 1171 2070 πρὸς
1208 2001 1268 2052 τὸ
1318 2002 1653 2070 πατούμενόν
1694 2019 1754 2054 τε

164 2099 270 2152 καί
299 2099 486 2166 γήϊνον
525 2094 850 2164 μεταστήσει
875 2108 888 2153 ;
916 2089 1085 2142 Τοῦτο
1112 2090 1168 2141 δὲ
1199 2092 1292 2142 καὶ
1320 2093 1452 2159 ἡμῖν
1478 2091 1754 2156 ἐγκελεύε-

123 2206 261 2254 “uta:
297 2187 361 2238 τὸ
386 2181 504 2238 ἶσον
529 2185 719 2244 ποιεῖν,
750 2183 806 2232 ὲν
833 2180 909 2250 τῷ
939 2179 1354 2249 παραγγέλλειν,
1383 2179 1453 2231 τά
1485 2181 1596 2232 ἄνω
1625 2199 1754 2251 φρο-

161 2280 304 2338 νεῖν,
342 2277 479 2345 ὅπερ
523 2272 704 2341 ὅμοιόν
751 2271 865 2322 ἐστι
911 2268 1003 2321 τοῦ
1035 2268 1232 2334 λέγειν,
1276 2269 1332 2320 έν
1375 2269 1582 2339 κεφαλῇ
1630 2272 1755 2332 τοὺς

159 2366 490 2437 ὀφθαλμοὺς
519 2365 680 2435 ἔχειν.

1855 837 1972 883 erat
2016 829 2133 883 sine
2179 835 2323 881 tecto
2367 834 2421 880 et
2455 842 2664 890 mensa,
2702 841 2926 897 pauper,
2958 842 3171 891 errans,
3216 827 3420 889 nudus,

1856 920 1998 974 fame
2040 928 2095 973 et
2135 918 2225 974 siti
2263 918 2536 973 laborans.
2584 916 2691 972 Sed
2741 918 2834 988 qui
2866 918 2920 971 in
2949 917 3110 972 rebus
3144 933 3264 986 quae
3293 926 3422 976 sunt

1856 1007 2000 1062 infra
2047 1018 2164 1062 erat
2202 1009 2350 1072 talis,
2399 1008 2685 1063 considera
2731 1008 2908 1078 qualis
2947 1016 3064 1063 erat
3112 1009 3168 1062 in
3226 1025 3420 1076 super-

1856 1101 1942 1155 nis
1962 1101 2031 1155 ".
2086 1100 2164 1153 Ad
2209 1101 2429 1154 tertium
2481 1101 2627 1155 enim
2680 1115 2856 1169 usque
2901 1101 3098 1154 coelum
3148 1093 3433 1162 sublatus,

1857 1191 1950 1243 ubi
1975 1199 2091 1245 erat
2119 1192 2241 1258 ejus
2276 1199 2461 1259 caput,
2498 1191 2609 1244 illic
2631 1190 2867 1245 habebat
2892 1190 3102 1252 oculos,
3135 1190 3418 1244 exsultans

1856 1283 1909 1333 in
1958 1283 2174 1335 arcanis
2223 1281 2347 1334 coeli
2389 1280 2688 1352 mysteriis,
2741 1287 2793 1334 et
2847 1295 2911 1334 ea
2959 1279 3254 1348 aspiciens,
3299 1295 3419 1349 quae

1855 1372 2005 1425 cerui
2057 1387 2164 1425 non
2210 1380 2464 1440 possunt,
2494 1379 2548 1424 et
2579 1371 2687 1424 illis
2716 1385 2774 1424 se
2803 1370 3106 1431 oblectans,
3142 1385 3262 1438 qua:
3293 1385 3418 1425 seu-

1853 1477 1972 1514 sum
2018 1469 2278 1531 superant
2328 1469 2386 1514 et
2441 1460 2847 1528 cogitationem.
2894 1458 3029 1524 Quis
3077 1465 3258 1514 autem
3307 1474 3418 1512 non

1855 1551 2228 1606 existimasset
2283 1567 2405 1605 eum
2447 1565 2570 1606 esse
2613 1549 3005 1610 miserabilem,
3053 1566 3176 1602 eum
3223 1550 3416 1604 videns

1855 1643 1907 1695 in
1942 1643 2196 1706 vinculis,
2235 1652 2287 1696 et
2327 1643 2498 1712 plagis
2533 1657 2628 1710 per
2670 1641 2932 1711 probrum
2967 1639 3129 1703 affici,
3181 1650 3234 1696 et
3281 1657 3417 1696 nave

1853 1720 2021 1783 fracta
2054 1746 2176 1786 esse
2234 1732 2286 1784 in
2328 1730 2613 1800 profundis
2657 1729 2917 1786 ﬂuctibus
2964 1731 3157 1792 maris,
3197 1741 3251 1783 et
3291 1745 3414 1785 cum

1853 1820 2089 1875 vinculis
2141 1819 2526 1875 circumferri?
2566 1820 2672 1875 Sed
2713 1829 2895 1876 tamen
2949 1822 3048 1875 etsi
3103 1821 3226 1874 talis
3272 1833 3418 1876 esset

1854 1911 1997 1964 inter
2032 1910 2308 1976 homines,
2340 1926 2450 1964 non
2499 1909 2697 1964 avertit
2734 1915 2916 1963 tamen
2960 1910 3170 1987 oculos,
3205 1911 3416 1978 quomi-

1850 2015 1956 2054 nus
1988 2015 2082 2054 eos
2124 2016 2340 2069 semper
2378 2000 2603 2055 haberet
2632 2000 2690 2054 in
2726 1999 2924 2071 capite,
2959 1999 3188 2053 dicens:
3232 2017 3249 2048 ι
3281 1999 3415 2064 Quis

1852 2105 1952 2143 nos
1985 2091 2260 2159 separabit
2291 2106 2321 2144 a
2355 2090 2625 2144 charitate
2648 2089 2878 2152 Christi,
2906 2105 3028 2158 quae
3054 2096 3140 2144 est
3175 2089 3229 2143 in
3255 2087 3413 2142 Chri-

1851 2193 1937 2237 sto
1964 2183 2126 2238 .lesu?
2155 2181 2396 2245 afﬂictio,
2426 2199 2493 2237 an
2535 2183 2828 2252 angustia?
2851 2197 2920 2237 an
2960 2181 3307 2251 persecutio?
3343 2197 3413 2235 an

1857 2274 2062 2327 fames?
2091 2289 2158 2328 an
2194 2274 2436 2337 nuditas,
2466 2289 2533 2327 an
2573 2273 2894 2343 periculum,
2934 2287 3003 2326 an
3035 2272 3352 2343 gladius"?
3388 2290 3408 2322 ι

1852 2363 2006 2428 Quod
2032 2363 2256 2433 perinde
2283 2372 2367 2419 est
2409 2379 2473 2418 ac
2503 2365 2550 2418 si
2583 2364 2790 2418 diceret
2821 2381 2833 2417 :
2867 2363 3001 2428 Quis
3041 2377 3192 2418 meos
3226 2362 3415 2417 oculos

139 2455 397 2511 'effodiet
447 2470 476 2508 a
525 2454 725 2524 capite,
767 2459 821 2506 et
871 2448 1164 2503 transferet
1205 2449 1272 2503 ad
1322 2450 1373 2504 id
1425 2449 1571 2519 quod
1617 2453 1975 2507 conculcatur
2001 2461 2054 2507 et
2093 2464 2178 2508 est
2209 2455 2511 2510 terrestre?
2573 2452 2741 2508 Nobis
2811 2467 3029 2521 quoque
3092 2453 3197 2507 hoc
3256 2452 3414 2522 jubet

161 2549 436 2606 Similiter
478 2547 654 2602 facere
696 2546 824 2601 dum
873 2544 1141 2614 praecipit,
1190 2560 1310 2616 qua:
1341 2560 1559 2600 sursum
1608 2544 1737 2602 sunt
1773 2563 1966 2618 sapere
1984 2549 2049 2612 ⁷⁸,
2094 2552 2242 2620 quod
2283 2549 2507 2622 perinde
2566 2556 2653 2604 est
2695 2563 2758 2604 ac
2825 2549 2871 2604 si
2926 2548 3155 2611 diceret,
3203 2547 3406 2603 habere

157 2649 367 2702 oculos
397 2645 448 2698 in
474 2644 667 2714 capite.

256 2736 396 2789 Ἀλλ’
417 2737 462 2788 εξ
487 2733 882 2805 μεμαθήκαμεν
904 2735 1019 2798 πῶς
1042 2737 1146 2789 εἰσι
1164 2735 1258 2788 τοῦ
1283 2735 1446 2804 σοφοῦ
1468 2738 1516 2788 οί
1546 2736 1744 2805 ὀφθαλ-

1923 2732 2029 2786 Sed
2073 2732 2116 2787 si
2148 2731 2440 2786 didicimus
2471 2731 2930 2801 quemadmodum
2981 2740 3108 2785 sunt
3140 2732 3410 2803 sapientis

164 2831 269 2899 μοὶ
289 2829 348 2879 ὲν
377 2825 584 2896 κεφαλῇ
621 2825 806 2890 αὐτοῦ,
838 2824 1095 2895 φύγωμεν
1131 2825 1229 2895 τὴν
1261 2825 1590 2896 ἀφροσύνην,
1624 2827 1744 2896 ἥτις

1854 2823 1994 2875 oculi
2045 2823 2098 2874 in
2140 2822 2260 2890 ejus
2303 2823 2503 2892 capite,
2549 2822 2823 2893 fugiamus
2853 2823 3247 2892 insipientiam,
3289 2842 3410 2896 qua:

162 2919 366 2980 σκότος
386 2919 494 2979 τοῖς
517 2917 572 2967 ὲν
593 2913 670 2986 τῷ
692 2915 790 2984 βίῳ
811 2915 982 2984 τούτῳ
1001 2918 1382 2986 πορευομένοις
1399 2915 1622 3002 γίνεται.
1647 2935 1664 2968 ι
1689 2917 1746 2970 Ὀ
1795 2919 1800 2924 “

159 3008 283 3078 γὰρ
310 3006 518 3076 ἄφρων,
545 3023 564 3056 ι
595 3005 779 3073 φησιν,
807 3021 825 3053 ι
857 3005 915 3054 ὲν
938 3003 1116 3056 σκότει
1142 3004 1448 3074 πορεύεται.
1479 3023 1498 3056 ›
1526 3006 1748 3080 ’Ἄφρων

159 3098 229 3149 δέ
255 3098 391 3159 ἐστι,
428 3093 608 3156 καθὼς
641 3095 674 3163 ἡ
723 3092 1024 3164 προφητεία
1053 3093 1239 3163 φησὶν,
1271 3097 1299 3146 ὁ
1347 3097 1404 3146 ὲν
1435 3097 1502 3166 τῇ
1553 3097 1748 3168 καρδίᾳ

159 3188 348 3255 λέγων
379 3185 451 3256 μὴ
479 3180 615 3237 εἶναι
659 3182 811 3244 Θεὸν,
845 3182 902 3244 ὃς
941 3182 1204 3252 διεφθάρη
1232 3183 1326 3235 καὶ
1367 3182 1656 3254 ἐϐδελύχθη
1690 3187 1748 3238 ὲν

163 3271 620 3344 ἐπιτηδεύμασιν.
662 3270 727 3322 Ἡ
745 3269 800 3322 δὲ
827 3269 1116 3323 ἀκολουθία
1142 3270 1234 3323 τοῦ
1255 3271 1412 3340 λόγου
1437 3271 1744 3344 θεραπεύει,

160 3365 260 3419 διὰ
312 3363 416 3416 τῶν
467 3361 662 3431 ἐφεξῆς
695 3359 1019 3430 εἰρημένων,
1056 3360 1181 3422 τοὺς
1221 3360 1566 3432 μικροψύχως
1618 3365 1748 3435 περὶ

164 3451 272 3519 τὴν
304 3447 446 3518 ζωὴν
469 3446 671 3516 ταύτην
694 3445 1080 3515 διακειμένουςο
1120 3440 1200 3510 οἷς
1226 3448 1457 3516 χαλεπόν
1487 3469 1538 3503 τι
1568 3451 1629 3504 τὸ
1653 3451 1746 3506 τοῦ

169 3540 415 3592 θανάτου
446 3536 724 3604 νομίζεται
751 3575 764 3600 ,
799 3536 894 3589 καὶ
927 3535 1015 3590 διὰ
1042 3536 1196 3590 τοῦτο
1241 3539 1429 3610 κέρδος
1481 3542 1630 3595 οὐδὲν
1652 3543 1746 3596 τοῦ

170 3632 299 3686 κατ’
333 3629 530 3704 ἀρετὴν
559 3628 675 3698 βίου
707 3630 817 3692 τοῖς
842 3626 940 3697 τὴν
966 3628 1298 3700 ὑψηλοτέραν
1335 3631 1574 3700 μετιοῦσι
1604 3632 1747 3704 ζωὴν

172 3720 319 3778 εἶναι
348 3723 726 3776 πεπίστευται·
777 3720 858 3772 ὅτι
888 3720 1217 3791 ἀμφοτέροις
1243 3722 1378 3792 πρὸς
1417 3723 1476 3776 τὸ
1495 3725 1625 3778 αὐτὸ
1649 3727 1747 3779 πέ-

178 3831 283 3885 ρας
305 3816 338 3884 ὴ
369 3813 481 3883 ζωὴ
510 3807 829 3879 καταλήγει·
859 3810 951 3862 καὶ
981 3811 1080 3862 οὐκ
1128 3811 1274 3882 ἔστιν
1315 3815 1618 3882 ἀποφυγεῖν
1652 3815 1744 3868 τοῦ

171 3905 408 3958 θανάτου
431 3943 446 3968 ,
481 3902 530 3952 εί
574 3900 650 3970 μὴ
687 3898 775 3951 διὰ
817 3899 916 3968 τῆς
952 3900 1298 3970 ἀστειοτέρας
1341 3903 1774 3976 κατορθωθῆναι.

173 3995 343 4066 ζωῆς.
385 3992 495 4055 Τάς
514 3986 607 4045 οὖν
631 3989 883 4052 τοιαύτας
904 3990 1202 4054 ἀντιθέσεις
1228 3992 1302 4056 ὡς
1331 3993 1390 4057 te
1423 3995 1549 4048 ίδίου
1577 4013 1747 4068 προσ..

170 4089 326 4140 ώπου
356 4082 692 4152 ποιούμενος,
718 4081 876 4133 πάλιν
900 4080 1234 4136 καθάπτεται
1259 4074 1610 4155 τῆςάτοπίας
1638 4088 1746 4141 τῶν

173 4177 559 4248 προφερόντων
601 4179 803 4239 ἐκεῖνα,
839 4178 912 4238 ὼς
944 4179 1354 4243 ἀνεπισκέπτως
1395 4182 1624 4250 ἐχόντων
1648 4185 1748 4252 τῆς

169 4267 286 4319 τῶν
310 4267 475 4318 ὄντων
503 4265 736 4336 φύσεως,
757 4264 849 4316 καὶ
865 4263 1107 4348 διδάσκει
1133 4267 1231 4335 τὴν
1251 4267 1533 4339 διαφορὰν,
1561 4272 1618 4323 ὲν
1644 4271 1749 4325 τίνι

170 4357 238 4410 τὸ
265 4356 427 4410 πλέον
462 4357 572 4428 ἔχει
621 4359 654 4428 ή
689 4358 856 4428 ἀρετὴ
889 4358 988 4428 τῆς
1025 4358 1240 4422 κακίας·
1281 4350 1356 4422 ibi
1389 4364 1509 4432 οὖχὶ
1537 4364 1623 4417 διὰ
1655 4367 1752 4434 τῆς

171 4445 272 4499 τοῦ
321 4446 552 4499 θανάτου
602 4448 913 4517 κοινότητος
954 4447 1244 4517 όμοτιμίας
1288 4451 1431 4514 τινὸς
1468 4454 1526 4504 ὲν
1570 4455 1752 4518 αὐτοῖς

173 4533 558 4603 ἐλπιζομένης,
596 4533 730 4586 ἀλλά
767 4533 853 4586 διὰ
879 4533 986 4586 τῶν
1014 4535 1093 4595 είς
1125 4535 1346 4606 ὕστερον
1379 4537 1751 4608 ἀναμενόντων

173 4620 360 4672 καλῶν
401 4620 433 4687 ἢ
471 4619 654 4672 κακῶν
701 4619 798 4688 τῆς
839 4617 1100 4689 διαφορᾶς
1140 4622 1560 4694 εὑρισκομένης.
1587 4625 1740 4696 Ἔχει

171 4709 231 4761 δὲ
256 4707 462 4777 ήνλέξις
485 4706 931 4791 τῆςκάντιθέσεως
956 4705 1128 4768 οὕτως
1148 4723 1161 4736 ·
1193 4725 1211 4758 ι
1257 4708 1467 4776 Ἔγνων
1513 4712 1623 4780 ἐγὼ
1661 4716 1742 4768 ὅτι

177 4798 496 4866 συνάντημα
533 4796 590 4848 ἓν
617 4795 1006 4864 συναντήσεται
1051 4797 1164 4858 τοῖς
1203 4799 1366 4850 πᾶσιν
1401 4800 1602 4866 αὐτοῖς.
1641 4803 1744 4858 Καὶ

177 4882 312 4939 εἶπα
353 4885 465 4954 ἐγὼ
501 4887 559 4939 ἐν
596 4889 662 4957 τῇ
695 4885 891 4956 καρδίᾳ
934 4903 1034 4957 μου
1059 4927 1074 4951 ,
1105 4889 1181 4952 ὼς
1222 4887 1541 4965 Συνάντημα
1585 4898 1747 4969 ἄφρο.

177 4994 268 5039 νος
297 4976 389 5028 καί
409 4993 472 5044 γε
494 4976 618 5046 ἐμοὶ
644 4977 1047 5046 συναντήσεται.
1076 4977 1183 5030 Καὶ
1211 4979 1299 5033 ἵνα
1324 4981 1378 5033 τί
1409 4983 1747 5057 ὲσοφισάμην

175 5068 289 5135 ἐγὼ
337 5067 623 5138 περισσόν;
677 5065 912 5136 ἐλάλησα
958 5068 1016 5119 ὲν
1044 5070 1109 5138 τῇ
1157 5070 1351 5140 καρδίᾳ
1395 5091 1515 5140 μου,
1564 5075 1753 5131 διότιὸ

176 5161 367 5229 ἄφρων
413 5161 476 5210 ὲκ
529 5157 964 5227 περισσεύματος
1011 5157 1192 5220 λαλεῖ,
1239 5161 1320 5212 ὅτι
1383 5165 1476 5217 καί
1505 5182 1567 5232 γε
1599 5169 1754 5222 τοῦτο

181 5247 496 5318 ματαιότης.
529 5246 650 5298 Ὅτι
685 5247 784 5298 οὐκ
824 5247 970 5298 ἔστιν
1001 5249 1032 5316 ή
1072 5248 1258 5318 μνήμη
1299 5251 1392 5303 τοῦ
1427 5255 1588 5322 σοφοῦ
1617 5259 1754 5327 μετά

175 5337 271 5392 τοῦ
314 5336 545 5408 ἄφρονος
591 5338 670 5399 εἰς
703 5337 894 5390 αίῶνα’
943 5336 1066 5391 καθ’
1097 5338 1178 5392 ὅτι
1231 5339 1328 5411 ἤδη
1370 5343 1662 5421 αί-ἠμέραι
1695 5352 1752 5403 αἱ

1853 2922 1937 2968 est
1973 2913 2211 2967 tenebrae
2243 2913 2334 2976 iis,
2360 2913 2452 2981 qui
2499 2913 2552 2966 in
2588 2915 2688 2966 hac
2727 2913 2836 2966 vita
2871 2913 3170 2968 ambulant.
3207 2934 3226 2966 ι
3265 2916 3413 2971 Stul-

1856 3010 1946 3058 tus
1980 3003 2147 3068 enim,
2187 3023 2207 3056 ›
2243 3005 2440 3074 inquit,
2485 3023 2504 3055 ι
2537 3005 2778 3060 ambulat
2816 3007 2870 3060 in
2915 3007 3178 3062 tenebris.
3217 3027 3235 3060 ι
3276 3009 3412 3064 1ηεὶ-

1850 3093 2009 3162 piens
2035 3100 2213 3148 autem
2244 3102 2349 3156 est,
2369 3101 2441 3146 -ut
2468 3092 2600 3147 dicit
2627 3094 2910 3163 prophetia
2933 3094 3000 3156 ”,
3029 3095 3124 3164 qui
3159 3094 3214 3148 in
3250 3095 3414 3151 corde

1851 3198 1953 3238 suo
1985 3183 2118 3237 dicit
2148 3197 2259 3237 non
2303 3198 2425 3238 esse
2457 3182 2648 3244 Deum,
2675 3183 2766 3252 qui
2802 3191 3097 3252 corruptus
3129 3191 3183 3238 et
3208 3185 3412 3239 abomi—

1851 3271 2066 3328 nandus
2095 3273 2270 3328 evasit
2298 3272 2354 3326 in
2382 3272 2499 3327 suis
2521 3273 2740 3330 studiis.
2767 3273 2923 3339 Quod
2955 3281 3138 3329 autem
3163 3275 3415 3344 sequitur

1851 3362 1908 3416 in
1965 3371 2222 3417 contextu
2272 3362 2563 3426 orationis,
2615 3363 2680 3417 iis
2733 3361 2982 3416 medetur
3023 3379 3119 3432 per
3179 3380 3242 3419 ea
3291 3380 3414 3434 quas

1850 3449 2109 3521 deinceps
2154 3450 2300 3504 dicta
2339 3459 2489 3516 sunt,
2515 3451 2607 3518 qui
2645 3449 2712 3503 ad
2762 3451 2902 3505 hanc
2935 3451 3099 3504 vitam
3149 3461 3280 3506 sunt
3312 3468 3412 3522 pu-

1852 3542 1961 3596 silli
1990 3550 2042 3595 et
2073 3541 2268 3611 abjecti
2315 3541 2505 3605 animi,
2533 3541 2624 3610 qui
2654 3549 2883 3595 mortem
2932 3557 3095 3610 grave
3126 3543 3329 3612 aliquid
3358 3555 3411 3599 et
3440 3582 3448 3586 -

1853 3632 2097 3686 terribile
2142 3633 2486 3694 existimant,
2521 3639 2574 3701 et
2607 3631 2732 3685 ideo
2767 3631 2835 3684 iis
2862 3632 2955 3700 qui
2987 3648 3050 3686 ex
3089 3633 3291 3687 virtute
3338 3636 3414 3687 vi-

1850 3724 2026 3778 vendo
2050 3725 2214 3778 vitam
2247 3731 2653 3793 persequuntur
2679 3723 3075 3788 sublimiorem,
3105 3725 3242 3777 nihil
3274 3727 3407 3779 lucri

1850 3815 2078 3869 credunt
2105 3813 2673 3884 accedere,quoniam
2705 3813 2768 3866 in'
2783 3814 3031 3867 eumdem
3057 3813 3215 3867 finem
3241 3817 3407 3868 utris-

1849 3923 1955 3977 que
1993 3907 2105 3961 vita
2145 3906 2348 3962 desinit
2372 3949 2386 3973 ,
2419 3921 2595 3976 neque
2633 3915 2863 3961 mortem
2899 3905 3058 3961 nobis
3087 3922 3149 3960 ex
3195 3921 3260 3961 eo
3288 3907 3411 3962 licet

1850 3996 2113 4068 eﬂ‘ugere,
2137 3996 2281 4067 quod
2314 3995 2476 4049 vitam
2502 4009 2728 4065 agamus
2757 3995 3058 4051 meliorem.
3097 3996 3256 4052 Tales
3280 4012 3410 4067 ergo

1854 4087 2064 4143 faciens
2097 4087 2461 4156 objectiones,
2505 4093 2767 4155 tanquam
2809 4101 2874 4141 ex
2906 4088 3120 4157 propria
3150 4103 3408 4156 persona,

1773 4157 2044 4233 1)rursus
2100 4179 2401 4232 insectatur
2453 4177 2845 4232 absurditatem
2915 4193 3102 4232 eorum
3166 4177 3258 4246 qui
3317 4179 3410 4231 illa

1847 4269 2132 4337 objiciunt,
2183 4278 2245 4322 ut
2274 4269 2365 4339 qui
2408 4269 2631 4322 minime
2659 4267 3009 4323 considerent
3041 4283 3252 4332 eorum,
3289 4285 3410 4338 qua:

1849 4370 1996 4423 sunt,
2042 4367 2295 4413 naturam
2333 4379 2345 4414 :
2378 4370 2431 4413 et
2464 4358 2625 4413 docet
2675 4359 3058 4421 diﬂerentiam,
3091 4367 3144 4414 et
3177 4363 3229 4413 in
3274 4377 3412 4429 quo-

1849 4464 1973 4502 nam
2003 4450 2074 4502 sit
2095 4450 2269 4503 virtus
2297 4449 2430 4504 vitio
2462 4451 2711 4520 superior
2741 4469 2752 4503 :
2791 4465 2984 4520 nempe
3003 4450 3149 4520 quod
3175 4467 3282 4506 non
3313 4469 3410 4522 per

1851 4544 2047 4598 mortis
2096 4544 2544 4598 communitatem
2606 4544 2852 4613 quaedam
2911 4546 2964 4598 in
3017 4545 3099 4601 eis
3160 4555 3412 4616 speretur

1815 4630 2132 4699 aequalitas
2173 4649 2186 4684 :
2226 4629 2320 4684 sed
2368 4645 2463 4700 per
2522 4631 2662 4684 bona
2720 4631 2806 4685 vel
2861 4633 3006 4685 mala
3049 4649 3169 4701 qua:
3221 4644 3407 4702 postea

1849 4728 2274 4790 exspectantur,
2329 4722 2639 4775 inveniatur
2690 4720 3016 4776 differentia.
3078 4723 3167 4776 Sic
3229 4735 3407 4777 autem

1851 4814 2014 4869 habet
2043 4823 2334 4870 contextus
2359 4814 2710 4884 objectionis:
2742 4831 2760 4863 ‹
2790 4813 2926 4868 Νονί
2963 4829 3063 4884 ego
3094 4814 3238 4888 quod
3265 4831 3408 4871 unus

1849 4913 2078 4962 eventus
2102 4912 2356 4960 occurret
2383 4906 2655 4962 omnibus.
2694 4905 2780 4960 14.
2810 4904 2874 4959 Et
2902 4906 3010 4960 dixi
3035 4920 3134 4976 ego
3166 4907 3219 4960 in
3244 4907 3410 4962 corde

1853 5011 1974 5051 meo
2018 5015 2032 5050 τ
2075 4997 2234 5052 Stulti
2266 5008 2514 5055 -eventus
2570 5000 2699 5053 mihi
2753 5015 2968 5069 quoque
3009 5001 3242 5055 eveniet.
3299 5003 3408 5056 Cur

1849 5099 1982 5153 ergo
2020 5083 2280 5153 majorem
2308 5080 2529 5152 operam
2547 5085 2667 5142 dedi
2693 5089 3111 5158 sapientiaaHS.
3164 5091 3408 5150 Locutus

1853 5187 1972 5226 smn
2031 5173 2085 5224 in
2141 5173 2306 5227 corde
2363 5190 2506 5239 meo,
2550 5186 2833 5247 propterea
2889 5181 3032 5248 quod
3091 5182 3294 5239 stultus
3340 5201 3404 5239 ex

1851 5261 2186 5316 abundantia
2253 5264 2531 5333 loquitur:
2591 5266 2705 5321 Hoc
2756 5283 2974 5340 quoque
3030 5281 3116 5327 est
3170 5275 3407 5330 vanitas.

1853 5354 1939 5408 16.
1975 5351 2090 5406 Non
2118 5363 2201 5408 est
2220 5357 2480 5409 memoria
2511 5357 2777 5427 sapientis
2812 5376 2936 5415 cum
2965 5365 3130 5417 stulto
3172 5365 3227 5418 in
3247 5373 3409 5419 aeter-

247 5448 352 5500 "l
427 5450 552 5502 Cor.
617 5465 688 5514 IV,
741 5447 826 5503 10.
908 5449 952 5480 ⁷⁸
988 5447 1028 5503 ll
1084 5448 1210 5505 Cor.
1275 5467 1371 5518 XII,
1421 5457 1455 5508 2
1507 5475 1626 5530 sqq.
1706 5463 1744 5494 ⁷⁷

1854 5480 1948 5517 nn.
2015 5480 2132 5529 un,
2198 5465 2283 5520 35.
2361 5468 2406 5497 ⁷³
2444 5467 2658 5524 Coloss.
2712 5487 2794 5538 ιιι,
2857 5473 2907 5525 1.
2984 5475 3030 5506 τ’
3071 5475 3214 5530 Psal.
3281 5493 3406 5542 xm.

185 5523 206 5576 i
239 5535 363 5588 sqq.
