3766 5986
393 198 495 253 C37

1597 189 1656 245 S.
1697 187 2032 247 GREGORII
2067 187 2360 247 NYSSENI

3554 186 3651 243 7688

393 328 521 365 num
559 331 572 365 :
607 307 1049 382 quandoquidem
1099 308 1211 377 jam
1257 306 1374 362 dies
1410 305 1697 361 venientes
1738 303 1951 359 :omnia

2143 307 2378 377 διόμεναι·
2406 307 2680 362 τάοπάντα
2710 306 3004 379 ἐπελήσθη,
3032 307 3126 360 καὶ
3150 306 3267 369 πῶς
3297 304 3652 360 ἀποθανεῖται

390 402 654 457 oblivioni
706 402 964 456 mandata
995 408 1148 467 sunt,
1198 409 1253 455 et
1281 414 1517 469 quonam
1563 397 1725 452 modo
1758 397 1957 451 morie-

390 503 481 549 tur
504 494 725 564 sapiens
751 508 875 547 cum
914 490 1244 562 insipiente?
1273 510 1291 542 ι
1337 490 1549 556 Quibus
1588 487 1872 558 subjungit
1902 502 1961 542 se

389 584 517 638 odio
548 583 712 653 digna
747 581 1098 636 existimasse
1143 581 1348 642 omnia.
1382 595 1617 650 quorum
1660 579 1815 649 prius
1862 593 1960 632 ve-

389 672 629 729 bementi
654 670 838 726 studio
861 668 1187 730 tenebatur;
1214 683 1417 721 vanum
1449 676 1711 735 tanquam
1752 663 1959 717 bonum

390 765 745 834 amplectens.
779 759 845 813 Et
884 759 1066 813 omnia
1097 774 1156 813 se
1191 758 1326 813 dicit
1358 757 1487 812 odio
1515 756 1797 817 habuisse,
1839 767 1962 823 qua:

314 882 317 885 ·
382 855 657 911 laboravit
683 854 750 908 ad
780 854 923 907 hanc
970 853 1136 927 vyam
1171 852 1394 905 intuens
1430 867 1445 903 :
1476 848 1619 919 quod
1663 846 1797 900 nihil
1831 844 1958 907 sibi,

386 948 483 1004 sed
508 948 558 1002 ei
590 945 683 1017 qui
713 955 838 1016 post
862 945 1041 1015 ipsum
1071 941 1291 997 futurus
1314 949 1416 1007 est,
1444 940 1626 994 omnia
1668 937 1960 1002 laboravit,

387 1039 481 1111 qui
540 1034 1003 1109 quemadmodum
1060 1043 1246 1088 utetur
1276 1033 1345 1088 iis
1387 1048 1508 1103 qua:
1569 1031 1758 1085 labore
1803 1038 1957 1100 parta

346 1108 810 1200 ‘suntppropter
858 1125 1027 1181 futuri
1068 1125 1515 1181 incertitudinem
1548 1124 1806 1193 przescire
1850 1137 1959 1176 non

390 1222 588 1292 potuit.
634 1220 730 1275 Sic
771 1227 953 1275 autem
986 1219 1121 1299 dicit
1155 1216 1222 1271 ad
1259 1217 1524 1271 verbum:
1552 1215 1640 1269 17.
1679 1233 1697 1265 ι
1733 1212 1799 1266 Ει
1830 1211 1961 1266 odio

391 1313 554 1368 habui
594 1313 784 1376 vitam,
837 1309 1097 1380 quoniam
1147 1306 1485 1361 laboriosum
1529 1305 1821 1359 adversum
1876 1318 1963 1359 me

391 1415 476 1461 est
506 1403 651 1474 quod
684 1402 889 1457 factum
926 1410 1009 1457 est
1038 1400 1142 1455 sub
1166 1399 1299 1464 sole,
1329 1397 1590 1467 quoniam
1618 1396 1800 1451 omnia
1834 1403 1963 1450 sunt

389 1496 604 1549 vanitas
656 1502 710 1548 et
762 1492 957 1548 electio
1012 1491 1259 1560 spiritus.
1318 1488 1407 1543 18.
1458 1487 1526 1541 Ει
1604 1487 1733 1543 odio
1794 1488 1962 1543 habui

389 1602 491 1657 ego
553 1584 870 1639 universum
925 1582 1166 1636 laborem
1223 1596 1402 1636 meum
1461 1597 1571 1650 quo
1622 1580 1809 1635 laboro
1860 1580 1964 1635 sub

391 1677 526 1739 sole,
565 1675 823 1745 quoniam
877 1672 1091 1727 dimitto
1118 1673 1298 1741 ipsum
1340 1670 1550 1725 homini
1583 1671 1674 1740 qui
1712 1681 1835 1740 post
1877 1686 1964 1725 me

390 1772 553 1819 natus
583 1769 686 1818 est.
738 1760 823 1816 l9.
860 1759 925 1815 Et
955 1761 1082 1830 quis
1119 1760 1245 1827 scit,
1292 1760 1439 1816 sitne
1487 1760 1709 1829 sapiens
1747 1760 1965 1816 futurus

390 1870 459 1909 an
497 1854 726 1919 stultus,
775 1861 829 1908 et
864 1868 932 1906 an
970 1852 1274 1907 insolenter
1303 1852 1683 1907 dominabitur
1718 1852 1772 1907 in
1812 1853 1962 1907 omni

390 1947 575 2002 labore
604 1961 764 2016 quem
802 1943 1068 2008 laboravi,
1122 1951 1177 1999 et
1226 1959 1322 2015 per
1377 1944 1706 1999 industriam
1747 1944 1960 2014 excogi-

391 2038 499 2092 tavi
552 2038 655 2093 sub
696 2037 856 2092 sole?
881 2043 935 2091 et
975 2035 1081 2091 hoc
1124 2050 1345 2105 quoque
1393 2044 1476 2090 est
1504 2036 1741 2091 vanitas.
1777 2054 1795 2086 ι
1837 2034 1963 2091 llam

388 2147 512 2186 cum
540 2131 787 2194 dixisset,
814 2143 955 2199 aegre
986 2142 1204 2197 quoque
1234 2128 1367 2181 dicit
1391 2143 1451 2181 se
1480 2128 1546 2181 ad
1580 2127 1682 2181 hoc
1710 2126 1960 2182 allectum

391 2224 563 2279 fuisse
591 2222 794 2288 animo,
842 2236 1040 2291 nempe
1072 2220 1216 2291 quod
1258 2236 1424 2275 unam
1466 2228 1520 2276 et
1555 2221 1803 2276 eamdem
1846 2221 1959 2276 cxi-

389 2311 624 2373 stimarit
671 2326 796 2366 esse
844 2319 1051 2380 partem
1107 2310 1157 2364 ei
1207 2309 1299 2379 qui
1347 2324 1412 2364 ex
1459 2309 1663 2363 virtute
1706 2310 1864 2376 vixit,
1908 2319 1962 2366 et

388 2405 440 2459 ei
470 2403 563 2474 qui
608 2402 674 2457 ad
713 2402 853 2456 hanc
884 2416 999 2455 rem
1032 2400 1167 2454 nihil
1199 2400 1432 2454 contulit
1478 2400 1665 2455 studii.
1698 2399 1832 2455 Nam
1878 2401 1960 2454 al-

388 2495 490 2550 teri
521 2493 741 2564 quidem
776 2491 908 2547 dicit
940 2506 1063 2547 esse
1097 2490 1338 2546 laborem
1389 2490 1445 2543 in
1481 2491 1770 2559 sapientia,
1818 2498 1873 2546 et
1905 2492 1961 2545 in

394 2582 731 2653 cognitione,
775 2587 829 2634 et
874 2579 1040 2633 animi
1086 2577 1497 2649 magnitudine;
1528 2578 1687 2633 alteri
1737 2595 1866 2635 vero
1904 2581 1959 2634 in

390 2674 470 2728 ira
512 2681 566 2728 et
593 2672 648 2726 in
682 2670 986 2734 doloribus,
1020 2669 1113 2739 qui
1147 2668 1423 2723 accedunt
1457 2678 1681 2739 propter
1714 2669 1958 2725 studium

386 2763 532 2827 quod
572 2763 794 2832 ponitur
837 2761 891 2814 in
937 2759 1041 2813 hac
1074 2758 1206 2812 vita.
1242 2757 1351 2813 Eos
1399 2775 1530 2827 ergo
1576 2761 1679 2815 sibi
1727 2761 1957 2817 invicem

387 2868 549 2922 pares
577 2866 700 2907 esse
732 2850 956 2913 ducere,
991 2864 1099 2903 non
1134 2848 1310 2902 solum
1348 2849 1625 2913 vanitatis,
1663 2851 1758 2905 sed
1793 2852 1958 2906 etiam

2065 397 2226 464 σοφὸς
2258 397 2395 467 μετά
2424 396 2519 451 τοῦ
2549 399 2782 469 ἄφρονος
2804 415 2818 462 ;
2845 417 2863 450 ι
2890 394 2985 460 Οἷς
3009 398 3203 465 ἐπάγει
3224 397 3285 450 τὸ
3318 396 3524 467 μίσους
3541 394 3652 459 ἀξια

2062 490 2282 560 νομίσαι
2303 489 2372 542 τά
2398 491 2596 553 πάντα,
2631 491 2761 561 περὶ
2781 489 2818 543 ἀ
2846 491 3108 560 πρότερον
3137 488 3406 559 ἐμπαθῶς
3435 484 3580 557 εἶχε,
3602 489 3653 541 τὸ

2076 580 2305 650 μάταιον
2330 580 2405 643 ὡς
2435 580 2637 648 ἀγαθὸν
2682 580 3078 650 ἀσπαζόμενος.
3112 581 3223 633 Καὶ
3264 581 3456 633 πάντα
3501 597 3656 651 μεμι-

2064 672 2297 744 σηκέναι
2338 674 2523 743 φησὶν,
2562 674 2661 726 ὅσα
2700 673 2837 744 πρὸς
2883 675 2981 743 τὴν
3015 673 3160 744 ζωὴν
3205 673 3414 744 ταύτην
3446 671 3691 743 βλέπων’

2062 763 2313 835 έπόνησε’
2336 763 2468 816 διότι
2484 763 2635 816 οὐδὲν
2659 764 2857 834 ἐαυτῷ,
2881 763 3018 817 ἀλλά
3043 763 3121 835 τῷ
3146 767 3262 834 μετ’
3285 764 3460 817 αὐτὸν
3483 763 3653 817 πάντα

2062 856 2347 926 ὲπόνησενο
2379 856 2437 920 ὃς
2475 857 2530 910 τί
2557 859 2816 928 χρήσεται
2843 860 2957 922 τοῖς
2982 857 3379 928 πεπονημένοις
3407 858 3652 928 προγνῶ-

2061 963 2149 1000 ναι
2182 945 2271 1000 διά
2297 947 2396 1017 τὴν
2424 945 2518 1000 τοῦ
2546 946 2827 1017 μέλλοντος
2861 947 3084 1019 ἀδηλίαν
3110 949 3207 1020 οὐχ
3234 942 3346 1012 οἷός
3369 965 3459 1002 τε.
3496 948 3652 1016 Λέγει

2060 1036 2119 1090 δὲ
2140 1037 2282 1091 κατά
2307 1036 2450 1104 λέξιν
2470 1037 2664 1102 οὕτως·
2695 1058 2713 1090 ι
2737 1040 2848 1093 Καὶ
2879 1040 3121 1111 ἐμίσησα
3135 1040 3234 1109 τὴν
3250 1038 3419 1111 ζωὴν,
3450 1040 3539 1093 ὅτι
3566 1057 3653 1093 πο-

2063 1128 2224 1199 νηρὸν
2269 1130 2357 1182 ἐπ’
2402 1129 2503 1200 ἐμὲ
2547 1130 2608 1183 τὸ
2655 1130 3022 1201 πεποιημένον
3054 1131 3157 1184 ὑπὸ
3201 1131 3293 1183 τὸν
3335 1131 3521 1201 ἥλιον,
3572 1131 3647 1184 ὅτι

2064 1218 2241 1272 πάντα
2287 1220 2615 1289 ματαιότης,
2653 1220 2749 1274 καὶ
2790 1222 3106 1291 προαίρεσις
3154 1221 3498 1293 πνεύματος,
3548 1222 3651 1274 Καὶ

2062 1309 2298 1379 ἐμίσησα
2344 1310 2455 1377 ἐγὼ
2505 1310 2794 1380 σύμπαντα
2840 1311 2931 1365 τὸν
2984 1310 3178 1381 μόχθον
3233 1294 3360 1383 μου,
3424 1312 3490 1365 ὃν
3545 1311 3651 1379 ἐγὼ

2067 1399 2251 1470 μοχθῶ
2281 1398 2386 1453 ὑπὸ
2418 1400 2508 1454 τὸν
2537 1401 2711 1470 ἥλιον,
2746 1402 2829 1454 ὅτι
2861 1401 3006 1470 ἀφίω
3039 1401 3200 1455 αὐτὸν
3247 1401 3325 1473 τῷ
3372 1390 3649 1472 ἀνθ’ρώπῳ

2062 1490 2141 1561 τῷ
2170 1490 2447 1562 γενομένῳ
2479 1492 2596 1561 μετ’
2628 1491 2752 1563 ἐμέ.
2785 1491 2891 1546 Kal.
2918 1492 3001 1556 τίς
3036 1487 3196 1554 οἶδεν,
3227 1494 3277 1545 εί
3308 1493 3481 1561 σοφὸς
3502 1493 3647 1546 ἔσται

2063 1581 2096 1651 ἢ
2124 1582 2330 1651 ἄφρων,
2362 1583 2454 1635 καὶ
2476 1583 2524 1635 εί
2556 1583 2926 1654 ἐξουσιάσεται
2950 1584 3008 1635 ὲν
3036 1582 3195 1635 παντὶ
3224 1582 3415 1654 μόχθῳ
3454 1576 3502 1651 ᾧ
3525 1586 3648 1653 ἐμό-

2065 1669 2262 1740 χθησα,
2299 1671 2391 1724 καὶ
2420 1653 2759 1742 ὲσοφισάμην
2788 1670 2892 1723 ὑπὸ
2917 1671 3006 1724 τὸν
3038 1670 3188 1741 ἥλιον
3213 1689 3230 1737 ;
3264 1673 3377 1725 Καί
3402 1689 3475 1741 τε
3501 1673 3652 1725 τοῦτο

2068 1763 2385 1833 ματαιότης.
2420 1782 2437 1814 ι
2471 1763 2654 1816 Ταῦτα
2684 1761 2872 1827 εἰπὼν,
2905 1761 3197 1832 ἀλλοτρίως
3219 1762 3356 1832 φησὶ
3386 1764 3492 1816 καὶ
3522 1763 3650 1833 πρὸς

2064 1852 2222 1906 τοῦτο
2253 1857 2318 1925 τῇ
2349 1853 2494 1929 ψυχῇ
2541 1853 2868 1924 διατεθῆναι,
2900 1852 2977 1923 τῷ
3004 1852 3221 1918 νομίσαι
3257 1853 3388 1924 μίαν
3409 1850 3651 1923 εἶναιτῷ

2062 1957 2121 1993 τε
2176 1943 2294 1995 κατ’
2341 1942 2540 2014 ἀρετὴν
2590 1940 2915 2011 βεϐιωκότι,
2952 1941 3047 1995 καὶ
3079 1939 3156 2011 τῷ
3191 1942 3475 2011 μηδεμίαν
3520 1942 3651 2014 πρὸς

2061 2032 2222 2086 τοῦτο
2250 2032 2603 2102 πεποιημένῳ
2629 2032 2885 2103 σπουδὴν,
2916 2032 3013 2103 τὴν
3044 2034 3258 2105 μερίδα.
3291 2033 3388 2104 Τῷ
3418 2033 3529 2104 μὲν
3550 2034 3653 2102 γὰρ

2061 2127 2152 2181 τὸν
2200 2123 2398 2196 μόχθον
2443 2118 2584 2176 εἷναί
2636 2140 2798 2195 φησιν
2843 2125 2900 2175 ἐν
2943 2122 3125 2195 σοφίᾳ,
3164 2123 3258 2178 καὶ¹
3290 2124 3524 2192 γνώσει,
3563 2126 3650 2177 καὶ

2061 2218 2301 2289 ἀνδρείᾳ·
2354 2215 2431 2287 τῷ
2478 2214 2535 2268 δὲ
2590 2215 2761 2287 ἑτέρῳ
2798 2217 2855 2268 ἐν
2914 2215 3071 2287 θυμῷ
3121 2216 3213 2269 καὶ
3250 2218 3311 2269 ἐν
3364 2216 3650 2287 άλγήμασι

2060 2312 2173 2373 τοῖς
2219 2307 2306 2362 διὰ
2336 2308 2431 2378 τὴν
2472 2308 2598 2378 περὶ
2619 2308 2709 2359 τὸν
2744 2306 2859 2377 βίον
2908 2306 3143 2377 σπουδὴν
3170 2308 3647 2379 προσγινομένοις.

2062 2400 2137 2453 Τὸ
2186 2395 2278 2454 οὖν
2333 2400 2415 2462 εἰς
2462 2399 2575 2452 ῐσον
2623 2398 2872 2469 ἀλλήλοις
2913 2400 3067 2466 ἄγειν
3114 2398 3377 2463 τούτους,
3423 2400 3492 2452 ού
3547 2418 3650 2471 μα-

2060 2489 2343 2561 ταιότητος
2393 2489 2572 2559 μόνον,
2629 2488 2765 2542 ἀλλά
2813 2489 2908 2542 καὶ
2953 2487 3215 2560 πονηρίας
3255 2485 3400 2543 εἷναί
3460 2508 3653 2560 φησιν.·

2065 2580 2218 2649 Ἔχει
2238 2579 2293 2631 δὲ
2316 2579 2408 2631 καὶ
2427 2577 2564 2649 αὕτη
2582 2582 2615 2649 ή
2632 2578 2777 2645 λέξις
2797 2576 2990 2640 οὕτως·
3016 2595 3036 2628 ι
3060 2579 3171 2632 Καὶ
3195 2579 3516 2650 ἐπέστρεψα
3546 2580 3650 2646 ἐγὼ

2065 2670 2159 2723 τοῦ
2192 2670 2565 2734 ἀποτάξασθαι
2585 2673 2649 2741 τῇ
2677 2669 2876 2740 καρδία
2903 2687 3026 2740 μου.
3056 2671 3114 2723 ὲν
3145 2672 3305 2723 παντὶ
3337 2671 3531 2742 μόχθῳ
3552 2690 3649 2741 μου

2057 2755 2102 2830 ᾧ
2134 2760 2410 2831 ἑμόχθησα
2438 2760 2543 2813 ύπὺ
2568 2760 2660 2813 τὸν
2684 2761 2852 2831 ἣλιον·
2887 2762 2968 2814 ὄτι
3001 2763 3185 2815 Ἔστιν
3213 2762 3538 2832 ἄνθρωπος,
3573 2766 3650 2816 ὅτι

2065 2851 2259 2923 μόχθος
2288 2849 2455 2903 αὐτοῦ
2481 2853 2539 2903 ἐν
2570 2850 2732 2921 σοφίᾳ
2754 2852 2848 2904 καὶ
2866 2852 2925 2905 ἐν
2952 2852 3170 2919 γνώσει,
3197 2850 3289 2904 καὶ
3315 2855 3374 2904 ὲν
3398 2853 3646 2923 ἀνδρείᾳ.

388 2943 753 3013 improbitatis
793 2940 928 2996 dicit
957 2953 1080 2995 esse
1131 2938 1368 3010 signum.
1420 2937 1515 2993 Sic
1571 2947 1751 2994 autem
1794 2940 1951 2999 habet

2143 2947 2158 2997 l.
2191 2942 2475 3015 ἄνθρωπος
2494 2941 2552 3004 ὃς
2577 2941 2677 2995 οὐκ
2703 2941 3007 3012 ἔμόχθησεν
3036 2943 3093 2994 ὲν
3120 2942 3285 3013 αὐτῷ,
3309 2942 3477 2996 δώσει
3506 2943 3649 3012 αὐτῷ

389 3040 681 3089 contextus
723 3030 877 3087 :20.¢
930 3029 996 3083 Et
1037 3029 1281 3083 converti
1325 3043 1426 3098 ego
1478 3036 1538 3083 ut
1585 3030 1955 3087 renuntiarem

388 3122 544 3178 cordi
585 3138 707 3177 meo
735 3122 792 3175 in
834 3120 984 3176 omni
1016 3120 1202 3175 labore
1252 3135 1375 3175 meo
1406 3136 1515 3190 quo
1554 3120 1801 3176 laboravi
1853 3124 1956 3179 sub

2066 3034 2256 3109 μερίδα
2293 3032 2479 3087 αὐτοῦ.
2513 3033 2621 3087 Καί
2660 3049 2723 3103 γε
2751 3032 2909 3086 τοῦτο
2935 3034 3253 3105 ματαιότης,
3286 3034 3380 3088 καὶ
3413 3035 3648 3106 πονηρία

2065 3126 2307 3197 μεγάλη(
2327 3146 2345 3177 ι

389 3215 525 3270 sole.
560 3213 648 3267 21.
680 3212 773 3265 Est
812 3212 977 3265 homo
1010 3210 1168 3278 cujus
1210 3210 1363 3265 labor
1392 3213 1447 3265 in
1491 3213 1787 3297 sapientia,
1852 3224 1909 3270 et
1974 3217 2030 3271 in
2071 3218 2407 3288 cognitione,
2452 3226 2509 3274 et
2561 3218 2617 3272 in
2667 3200 2836 3272 animi
2886 3216 3279 3288 magnitudine,
3336 3215 3385 3271 is
3436 3216 3646 3272 homini

388 3307 481 3378 qui
517 3320 626 3359 non
669 3303 940 3358 laboravit
978 3302 1031 3356 in
1068 3302 1209 3372 ipso,
1253 3302 1404 3357 dabit
1437 3311 1647 3373 partem
1676 3320 1853 3361 suam.
1892 3306 1960 3361 Et
1993 3307 2099 3362 hoc
2126 3308 2347 3378 quidem
2379 3315 2464 3363 est
2490 3309 2723 3372 vanitas,
2758 3317 2812 3363 et
2847 3307 3169 3377 improbitas
3204 3321 3425 3373 magna.
3463 3326 3485 3359 ι

456 3395 548 3450 22.
590 3414 611 3447 ι
644 3393 798 3459 Quod
823 3392 894 3446 sit
916 3392 1120 3447 homini
1163 3394 1217 3446 in
1251 3393 1401 3447 omni
1436 3394 1622 3450 labore
1658 3411 1781 3459 suo,
1813 3406 1867 3451 et
1897 3396 1955 3452 in

386 3485 672 3540 voluntate
718 3481 902 3537 cordis
956 3482 1064 3547 sui,
1105 3488 1215 3551 qu‘o
1246 3482 1364 3551 ipse
1411 3482 1624 3537 laborat
1676 3484 1782 3539 sub
1822 3485 1959 3541 sole.

387 3577 478 3633 9.5.
520 3574 726 3631 Omnes
754 3574 873 3629 dies
906 3573 1028 3643 ejus
1067 3581 1198 3628 sunt
1224 3573 1502 3638 dolorum,
1550 3582 1605 3629 et
1639 3575 1761 3644 ejus
1791 3575 1962 3630 animi

387 3669 638 3734 vexatio,
695 3676 749 3721 et
783 3673 935 3721 certe
970 3673 1141 3721 noctu
1185 3681 1296 3721 non
1348 3666 1547 3721 dormit
1584 3681 1680 3720 cor
1725 3667 1868 3736 ejus,
1907 3675 1964 3723 et

388 3760 491 3814 hoc
508 3772 728 3829 quoque
753 3765 839 3812 est
869 3756 1099 3812 vanitas.
1129 3774 1147 3807 ι
1178 3755 1300 3825 lpse
1316 3771 1511 3812 rursus
1538 3757 1643 3812 sibi
1668 3757 1773 3827 ipsi
1796 3758 1961 3811 aliam

388 3850 756 3920 objectionem
817 3847 1076 3917 proponit
1132 3862 1322 3902 eorum
1364 3848 1458 3917 qui
1496 3849 1664 3902 vitam
1710 3849 1963 3919 volupta-

386 3944 524 3997 riam
586 3941 840 4010 judicant
890 3941 1348 4010 praestantiorem,
1395 3957 1557 4010 quam
1606 3943 1679 4001 sit
1719 3945 1830 3997 vita
1861 3959 1962 3999 su-

387 4031 630 4096 blimior,
678 4040 733 4086 et
765 4031 965 4084 evertit
1004 4031 1150 4100 quod
1182 4031 1463 4100 objicitur,
1509 4041 1805 4100 utrumque
1838 4050 1962 4104 per-

386 4138 626 4193 sequens
656 4122 710 4176 in
742 4120 963 4191 propria
994 4136 1253 4190 persona,
1287 4137 1486 4192 nempe
1521 4132 1577 4177 et
1625 4124 1959 4181 solutionem

385 4222 442 4269 et
497 4210 880 4281 objectionem.
940 4207 1038 4264 Est
1094 4209 1239 4264 enim
1291 4210 1438 4280 quod
1493 4210 1597 4266 fuit
1655 4212 1955 4282 objectum,

2143 3417 2162 3449 ι
2192 3398 2313 3451 ’Ότι
2349 3397 2553 3466 γίνεται
2587 3397 2664 3468 τῷ
2700 3398 2969 3470 ἀνθρώπῳ
2993 3399 3050 3450 ὲν
3073 3397 3234 3450 παντὶ
3266 3397 3455 3467 μόχθῳ
3484 3397 3646 3451 αὐτοῦ

2065 3489 2160 3543 καὶ
2188 3489 2245 3541 έν
2281 3490 2345 3557 τῇ
2370 3474 2682 3559 προαιρέσει
2720 3488 2946 3560 καρδίας
2974 3487 3137 3542 αὐτοῦ
3157 3529 3172 3555 ,
3193 3481 3238 3555 ᾧ
3265 3488 3427 3551 αὐτὸς
3458 3489 3647 3559 μοχθεί

2066 3582 2171 3636 ὑπὸ
2215 3580 2306 3633 τὸν
2340 3580 2636 3651 ἥλιον-,ὄτι
2667 3582 2842 3634 Πᾶσαι
2873 3583 2927 3634 al
2949 3581 3151 3652 ἡμέραι
3188 3579 3356 3635 αὐτοῦ
3390 3582 3645 3652 ἀλγημά-

2063 3690 2194 3735 των,
2211 3674 2306 3726 καὶ
2327 3673 2497 3743 θυμοῦ
2525 3672 2906 3743 περισπασμὸς
2927 3672 3113 3734 αὐτοῦ,
3134 3671 3224 3725 καί
3243 3688 3307 3740 γε
3329 3673 3388 3725 ὲν
3409 3674 3571 3726 νυκτὶ
3583 3673 3641 3726 οὗ

2066 3766 2321 3833 κοιμᾶται
2342 3766 2375 3835 ἡ
2400 3762 2596 3835 κάρδία
2623 3762 2807 3819 αὐτοῦ.
2845 3762 2953 3817 Καί
2986 3779 3050 3832 γε
3074 3762 3230 3816 τοῦτο
3257 3763 3579 3831 ματαιότης.
3616 3783 3635 3815 ι

2066 3853 2234 3906 Πάλιν
2260 3853 2452 3924 ἑτέραν
2473 3852 2852 3924 ἀνθυωφοράν
2871 3851 2979 3905 τῶν
2999 3850 3089 3904 τὸν
3107 3849 3512 3905 ἀπολαυστικὸν
3530 3851 3642 3921 βίον

2003 3926 2026 3942 ’
2063 3945 2452 4016 προτιμότερον
2479 3944 2773 4014 κρινόντων
2801 3943 2900 4013 τῆς
2934 3942 3265 4013 ὑψηλοτέρας
3300 3942 3468 4013 ζωῆς,
3506 3957 3638 4013 προ-

2063 4036 2286 4108 φέρεται
2312 4036 2474 4099 αύτὺς
2491 4035 2688 4105 ἐαυτῷ,
2712 4033 2805 4089 καὶ
2829 4035 3123 4104 ἀνατρέπει
3143 4034 3205 4086 τὸ
3229 4032 3639 4104 προφερόμενον

2060 4129 2119 4181 ὲν
2140 4128 2219 4200 τῷ
2249 4128 2363 4197 ίδίῳ
2391 4126 2666 4198 προσώπῳ
2701 4125 2910 4193 διεξιὼν
2942 4126 3195 4194 ἑκάτερα,
3229 4126 3322 4177 καὶ
3351 4126 3452 4195 τὴν
3489 4124 3638 4177 λύσιν

2064 4219 2159 4273 καὶ
2189 4218 2287 4291 τὴν
2314 4220 2607 4274 ἀντίθεσιν.
2650 4218 2723 4271 Τὸ
2754 4216 2863 4287 γάρ
2892 4215 3167 4270 ἀντιτεθέν
3196 4217 3336 4278 ἐστι,
3369 4215 3431 4269 τὸ
3473 4215 3636 4285 μηδὲν

385 4301 532 4358 nihil
555 4299 703 4356 aliud
731 4314 855 4355 esse
886 4298 1094 4354 bonum
1132 4299 1582 4364 existimandum,
1605 4318 1769 4372 quam
1802 4305 1951 4374 quod

2143 4310 2262 4364 αθὸν
2312 4295 2516 4364 οἴεσθαι
2559 4309 2667 4363 δεῖν
2709 4309 2854 4373 ἄλλο,
2884 4309 2917 4379 ἢ
2952 4309 3087 4379 ὅπερ
3131 4307 3195 4361 ἀν
3219 4325 3303 4370 τις
3332 4309 3415 4371 είς
3446 4308 3635 4361 ἑαυτὸν

385 4394 442 4447 in
477 4391 715 4463 seipsum
750 4392 1024 4463 quispiam
1051 4389 1355 4446 admiserit.
1402 4393 1518 4448 Hoc
1541 4390 1741 4449 autem
1769 4405 1854 4451 est
1886 4398 1962 4452 ci-

385 4484 490 4539 bus
525 4492 575 4536 et
608 4492 787 4555 potus.
810 4483 871 4537 Ei
898 4490 1079 4538 autem
1114 4482 1419 4552 objectioni
1441 4484 1546 4538 hoc
1577 4485 1741 4539 modo
1764 4501 1961 4541 occur-

386 4574 548 4634 ritur,
584 4587 647 4626 ea
678 4588 787 4626 non
815 4588 940 4628 esse
972 4574 1173 4643 quibus
1215 4574 1379 4628 homo
1413 4574 1580 4628 alitur
1615 4583 1670 4631 et
1718 4576 1957 4644 letatur,

386 4664 482 4721 sed
513 4664 833 4731 sapientiam
872 4672 929 4719 et
959 4667 1352 4736 cognitionem.
1401 4665 1522 4732 Quo
1555 4667 1613 4722 (it
1643 4675 1703 4722 ut
1752 4669 1957 4724 bonum

384 4757 605 4830 quidem
649 4757 721 4813 sit
757 4758 812 4811 in
864 4757 951 4813 his
1003 4774 1209 4828 ponere
1252 4758 1517 4813 studium.
1570 4758 1724 4825 Quod
1773 4768 1954 4817 autem

382 4868 480 4923 per
506 4865 727 4907 carnem
778 4851 1083 4921 suscipitur
1114 4850 1358 4906 studium
1410 4858 1466 4906 et
1511 4851 1820 4922 diligentia,
1872 4860 1958 4909 est

384 4941 551 4994 animi
585 4939 807 4995 aﬂlictio
830 4948 884 4995 et
914 4939 1155 4993 vanitas.
1187 4937 1448 4994 Sublimis
1482 4950 1665 4994 autem
1689 4941 1956 4997 doctrina;

382 5032 546 5085 verba
585 5030 690 5084 hoc
723 5028 886 5085 modo
925 5044 985 5085 se
1017 5020 1241 5083 habent.
1287 5029 1393 5083 εις
1429 5049 1447 5082 ι
1473 5029 1592 5084 Non
1621 5039 1704 5086 est
1746 5032 1950 5087 bonum

382 5121 593 5177 homini
626 5121 719 5191 qui
750 5120 1003 5176 eomedet
1034 5127 1088 5173 ct
1135 5120 1283 5174 bibet
1312 5160 1327 5185 ,
1374 5129 1430 5177 et
1462 5123 1714 5177 ostendet
1754 5123 1953 5178 anima:

386 5230 500 5269 sua:
552 5210 761 5265 bonum
814 5207 868 5261 in
913 5206 1099 5262 labore
1144 5221 1264 5261 suo.
1310 5208 1397 5264 25.
1493 5209 1807 5276 Quinetiam
1849 5214 1952 5268 hoc

387 5304 496 5357 vidi
520 5318 640 5373 ego.
672 5301 751 5356 De
778 5316 944 5354 manu
977 5300 1068 5353 Dei
1100 5309 1206 5359 est,
1252 5300 1397 5368 quod
1439 5302 1566 5372 quis
1606 5304 1859 5359 comedet
1896 5312 1952 5361 et

390 5393 538 5446 hibet
585 5389 796 5459 absque
822 5388 960 5457 ipso.
984 5386 1073 5443 96.
1109 5387 1325 5446 Homini
1360 5392 1500 5448 bono
1537 5394 1590 5450 in
1648 5403 1950 5465 conspectu

389 5498 495 5538 suo
524 5482 676 5536 dedit
705 5482 1029 5551 sapientiam
1049 5488 1103 5534 et
1122 5482 1488 5551 cognitionem
1526 5491 1582 5539 et
1610 5485 1879 5551 laetitiam,
1898 5493 1951 5541 et

391 5571 672 5650 pcuatori
710 5570 863 5627 dedit
888 5571 1106 5625 anxiam
1142 5574 1569 5631 sollicitudinem
1605 5584 1664 5631 ut
1693 5574 1857 5630 addat
1897 5585 1950 5632 ct

2062 4400 2442 4470 καταδέξηται.
2482 4399 2652 4453 Τοῦτο
2671 4398 2728 4453 δέ
2762 4400 2879 4451 ἔστι
2914 4398 3113 4468 βρῶσις
3146 4397 3239 4451 καὶ
3264 4397 3443 4460 πόσις.
3484 4399 3548 4450 Ἥ
3580 4396 3633 4467 δὲ

2064 4490 2199 4560 πρὸς
2236 4490 2394 4543 τοῦτο
2435 4490 2755 4560 ἀπάντησις,
2794 4488 2855 4541 τὸ
2890 4487 2963 4559 μὴ
2984 4488 3156 4542 ταῦτα
3200 4483 3337 4541 εἶναι
3370 4484 3453 4552 οἷς
3483 4490 3515 4542 ό
3548 4488 3633 4542 άν-

2046 4579 2277 4651 θρωπος
2304 4583 2561 4652 τρέφεται
2590 4582 2683 4634 καὶ
2720 4580 3104 4651 εὐφραίνεται,
3133 4579 3267 4633 ἀλλά
3300 4580 3497 4649 σοφίαν
3545 4580 3635 4633 καὶ

2060 4672 2277 4741 γνῶσιν.
2318 4673 2404 4736 Ὧς
2430 4673 2588 4726 τοῦτο
2614 4672 2713 4740 μὲν
2739 4670 2941 4739 ἀγαθὸν
2966 4666 3107 4724 εἶναι
3132 4670 3274 4724 τδὲν
3297 4670 3513 4734 τούτοις
3538 4670 3633 4740 τὴν

2061 4764 2296 4833 σπουδὴν
2315 4763 2462 4834 ἔχειν
2484 4780 2497 4794 ·
2519 4762 2580 4815 τὸ
2597 4763 2654 4815 δὲ
2681 4761 2768 4815 διὰ
2789 4762 2988 4833 σαρκὸς
3006 4760 3458 4830 σπουδαζόμενον,
3478 4779 3546 4813 πε
3553 4779 3630 4832 ρι-

2061 4853 2311 4921 σπασμδν
2327 4851 2506 4922 ψυχῆς
2528 4847 2663 4904 εἶναι
2694 4853 2789 4906 καὶ
2823 4850 3179 4920 ματαιότητα.
3217 4850 3297 4901 Τά
3324 4848 3382 4902 δὲ
3414 4850 3633 4919 ῥήματα

2057 4946 2153 5014 τῆς
2181 4944 2389 5015 ὑψηλῆς
2411 4943 2757 5007 διδασκαλίας
2784 4942 2970 4996 τοῦτον
2992 4940 3214 5011 ἔχειτὸν
3241 4940 3460 5011 τρόπον·
3480 4959 3500 4991 ι
3525 4940 3634 4993 Ούκ

2057 5035 2204 5087 ἐστιν
2232 5033 2432 5102 ἀγαθὸν
2478 5032 2750 5103 ἀνθρώπῳ
2780 5031 2837 5094 ὃς
2881 5031 3114 5099 φάγεται
3152 5029 3248 5082 καὶ
3298 5029 3503 5094 πίεται,
3546 5027 3632 5082 καὶ

2054 5124 2215 5188 δείξει
2255 5104 2504 5195 τῇᾌυχῇ
2552 5120 2715 5176 αὐτοῦ
2766 5121 2969 5190 ἀγαθὸν
2993 5122 3051 5174 ἐν
3087 5119 3270 5191 μόχθῳ
3309 5117 3497 5173 αὐτοῦ.
3529 5118 3631 5171 Καί

2055 5233 2119 5284 γε
2140 5214 2295 5269 τοῦτο
2322 5210 2460 5269 εἶδον
2481 5213 2592 5283 ἐγὼ
2611 5253 2626 5278 ,
2655 5214 2736 5267 ὅτι
2790 5213 2902 5266 ἀπὸ
2943 5212 3124 5284 χειρὸς
3157 5210 3251 5264 τοῦ
3284 5208 3422 5263 Θεοῦ
3464 5210 3627 5268 ἐστιν.

2053 5307 2083 5360 ὅ
2106 5307 2157 5360 τί
2177 5324 2260 5371 τις
2282 5307 2515 5376 φάγεται
2541 5307 2636 5360 καὶ
2663 5305 2845 5359 πίεται
2870 5303 3042 5375 παρὲξ
3069 5302 3253 5356 αὐτοῦ·
3269 5302 3352 5355 ὅτι
3395 5298 3629 5373 Ἀνθρώ-

2054 5410 2141 5461 πῳ
2167 5393 2245 5466 τῷ
2274 5394 2495 5465 ἀγαθῷ,
2531 5393 2638 5466 πρὸ
2678 5391 2970 5467 προσώτῶυ
3004 5390 3189 5455 αὐτοῦ,
3229 5390 3397 5445 ἔδωκε
3442 5390 3627 5459 σοφίαν

2053 5487 2147 5539 καὶ
2193 5486 2391 5553 γνῶσιν
2421 5487 2515 5539 καὶ
2562 5485 2937 5557 εὐφροσύνην,
2992 5485 3085 5539 καὶ
3138 5483 3217 5555 τῷ
3270 5482 3623 5553 ἁμαρτάνοντι

2055 5576 2218 5629 ἔδωκε
2250 5577 2632 5648 περισπασμὸν
2674 5577 2766 5631 τοῦ
2802 5576 3118 5648 προσθεῖναι
3163 5577 3257 5631 καὶ
3279 5575 3623 5647 συναγαγεῖνν
