3766 5986
83 178 199 243 689

1129 189 1192 245 IN
1231 190 1764 248 ECCLESIASTEN.
1809 193 2095 250 HOMILIA
2129 197 2186 251 V.

3231 199 3336 256 690

80 299 186 353 τοῦ
212 273 392 354 δῖῢναι
438 299 516 371 τῷ
554 301 752 374 ἀγαθῷ
771 302 875 375 πρὸ
915 304 1204 375 προσώπου
1249 305 1344 360 τοῦ
1393 305 1563 360 Θεοῦ·
1589 307 1669 360 ὅτι

1796 319 2091 381 :ongreget,
2125 318 2185 364 ιιι
2211 309 2301 366 det
2340 311 2391 368 ei
2438 310 2531 382 qui
2579 319 2664 368 est
2700 313 2880 368 bonus
2931 313 2988 368 in
3036 324 3333 384 conspei-tu

84 387 204 442 Καί
222 405 286 456 γε
318 387 477 443 τοῦτο
503 392 796 462 ματαιότης
827 394 919 445 καὶ
947 395 1264 468 προαίρεσις
1289 396 1614 468 πνεύματος.
1645 417 1664 449 ι

97 480 168 531 'H
198 479 297 550 μὲν
328 478 423 534 οὖν
463 481 670 536 διάνοια
699 483 807 537 τῶν
846 485 1044 556 ἐφεξῆς
1072 487 1490 558 γεγραμμένων,
1519 489 1668 560 καὶὴ

51 633 62 640 μ
83 570 235 623 κατά
259 571 319 623 τὸ
336 571 627 627 ἀκόλουθον
654 575 982 646 προθεωρία,
1010 576 1149 648 αὕτη
1185 576 1334 630 ἐστὶν
1372 579 1437 650 ἢν
1467 578 1533 632 δι’
1561 579 1671 632 ὀλί-

85 678 206 728 γων
238 660 336 714 νῦν
364 663 739 734 παρεθέμεθα.
767 665 972 736 Καιρὸς
1001 667 1045 719 δ’
1066 665 1131 720 ἂν
1158 667 1242 737 εἴη
1278 669 1438 722 πάλιν
1471 670 1671 724 ἐπανα-

85 751 276 805 λαϐεῖν
292 753 391 825 τὴν
419 753 584 822 λέξιν,
624 755 720 810 καὶ
745 759 1124 829 προσαρμόσαι
1145 759 1210 812 δι’
1244 761 1525 831 ἀκριϐείας
1559 765 1672 825 τοῖς

51 891 54 894 .
90 845 280 913 ῥητοῖς
302 845 370 898 τὰ
399 845 664 917 νοήματα.
713 847 823 899 Καὶ
856 846 1025 915 ἔγνων
1055 849 1148 902 καί
1179 866 1244 918 γε
1275 851 1404 919 ἐγὼ,
1427 853 1507 904 ὅτι
1545 869 1672 906 συν-

86 937 316 1004 ἀντημα
356 934 414 987 ἓν
445 939 834 1008 συναντήσεται
866 941 976 1003 τοῖς
1002 943 1168 995 πᾶσιν
1203 943 1404 1009 αὐτοῖς,
1426 944 1519 997 καὶ¹
1541 941 1672 998 εἶπα

84 1025 202 1093 ἐγὼ
226 1026 306 1090 ὡς
332 1029 561 1098 συνάντη
572 1047 647 1098 μα
675 1028 785 1082 τοῦ
804 1030 1034 1103 ἄφρονος
1054 1034 1148 1087 καί
1176 1053 1240 1104 γε
1262 1036 1384 1106 ἐμοὶ
1410 1039 1672 1108 συναντήο

86 1134 269 1181 σεται,
295 1119 389 1171 καὶ
432 1119 517 1172 ἵνα
546 1120 599 1172 τί
633 1122 1012 1193 ὲσοφισάμην;
1050 1125 1219 1178 Τοῦτο
1249 1125 1310 1178 δέ
1346 1129 1490 1180 ἐστιν
1520 1128 1659 1197 ἡάνο

83 1207 296 1272 τίθεσις
341 1209 408 1280 ἦν
454 1211 616 1275 αὐτὸς
663 1213 840 1282 ἑαυτῷ
881 1214 1222 1286 ἀντιτίθησι,
1262 1217 1473 1285 λέγων’
1502 1218 1563 1271 Ei
1610 1220 1671 1274 έν

85 1300 244 1350 ἐστιν
289 1300 377 1352 ἐπ’
408 1301 729 1371 ἀμφοτέρων
758 1303 910 1357 τοῦτο
951 1304 1181 1359 θανάτου
1213 1308 1437 1379 συνάντη
1449 1326 1543 1378 μα,
1575 1308 1672 1362 καὶ

84 1387 190 1439 οὐκ
232 1387 530 1458 ἐξαιρεῖται
574 1390 675 1459 τῆς
705 1391 800 1445 τοῦ
851 1393 1080 1448 θανάτου
1134 1397 1472 1468 μετουσίαςή
1503 1399 1668 1470 ἀρετὴ

84 1480 179 1531 τὸν
202 1481 266 1531 ἐν
292 1480 455 1551 σοφίᾳ
487 1482 797 1569 γενόμενον,
814 1488 892 1548 είς
925 1487 1100 1557 μάτην
1125 1505 1213 1558 μοι
1241 1490 1464 1558 γέγονεν
1486 1493 1517 1561 ή
1543 1492 1672 1561 περ)⁸

83 1569 191 1638 τὴν
217 1571 413 1639 σοφίαν
439 1572 661 1642 σπουδή.
694 1572 753 1625 'H
778 1574 836 1626 δὲ
866 1576 1000 1647 πρὸς
1021 1575 1086 1630 τὰ
1109 1580 1372 1648 εἰρημένα
1399 1579 1491 1633 τοῦ
1513 1581 1669 1650 λόγου

1773 400 1889 455 Dei.
1923 400 1990 453 Et
2014 401 2117 456 hoc
2140 417 2360 472 quoque
2401 411 2486 458 est
2523 403 2738 459 vanitas
2780 413 2835 458 et
2871 405 3183 459 voluntaria
3225 409 3337 461 elei-

1770 493 1879 546 ctio
1913 493 2163 562 spiritus.
2196 512 2215 546 ι
2248 492 2344 548 Est
2385 508 2516 564 ergo
2563 494 2654 548 hic
2707 507 2904 549 sensus
2960 509 3155 547 eorum
3217 510 3338 562 quae

1769 580 2030 651 deinceps
2060 583 2267 652 scripta
2300 591 2452 648 sunt,
2485 591 2538 638 et
2564 584 2678 639 haec
2703 593 2789 640 est
2825 601 2946 654 qua:
2983 591 3067 637 est
3098 598 3163 637 ex
3204 599 3338 638 cou-

1770 671 2056 738 sequentia
2094 671 2470 739 praemittenda
2501 673 2912 742 contemplatio,
2945 687 3110 743 quam
3148 673 3338 743 paucis

1770 760 1919 812 nunc
1967 758 2324 814 adduximus.
2363 758 2606 828 Tempus
2639 768 2826 815 autem
2879 771 2962 816 est
3000 775 3146 815 nunc
3183 777 3338 830 repe-

1770 847 1923 903 tendi
1968 857 2312 910 contextum,
2376 858 2431 903 et
2457 850 2646 905 verbis
2686 851 3334 905 accommodandiaccu-

1769 947 1888 991 rate
1928 939 2282 991 sententiam.
2311 937 2446 994 Novi
2478 953 2578 1008 ego
2613 942 2760 1009 quod
2809 957 2950 996 unus
2986 949 3216 996 eventus
3243 955 3337 995 oc—

1770 1033 1957 1082 curret
1988 1027 2269 1093 omnibus,
2330 1036 2384 1083 et
2423 1029 2538 1083 dixi
2584 1045 2684 1099 ego
2715 1029 2862 1100 quod
2914 1029 3068 1085 stulti
3111 1038 3338 1085 eventus

1770 1117 1906 1169 mihi
1935 1131 2158 1186 quoque
2196 1126 2473 1172 occurret.
2514 1119 2627 1172 Cur
2664 1120 2854 1188 itaque
2894 1117 3158 1186 majorem
3206 1133 3338 1187 ope-

1769 1221 1888 1261 ram
1914 1208 2036 1261 dedi
2071 1209 2397 1277 sapientiae?
2418 1209 2544 1264 Haec
2564 1219 2646 1266 est
2682 1217 2864 1264 autem
2900 1210 3142 1278 objectio
3174 1225 3338 1279 quam

1772 1297 1889 1368 ipse
1921 1299 2022 1353 sibi
2057 1299 2268 1368 objicit,
2300 1300 2494 1356 dicens
2519 1321 2532 1355 :
2556 1300 2612 1353 Si
2650 1303 2795 1356 inest
2820 1302 2873 1354 in
2900 1301 3148 1370 utrisque
3173 1316 3336 1354 even-

1772 1396 1860 1443 tus
1891 1391 2106 1454 mortis,
2154 1405 2258 1446 nec
2285 1392 2459 1448 virtus
2487 1406 2610 1447 eum
2643 1392 2736 1460 qui
2788 1393 2966 1447 evasit
3011 1397 3250 1461 sapiens,
3309 1407 3340 1444 a

1773 1485 1950 1533 morte
1973 1481 2181 1544 eximit,
2229 1480 2436 1536 frustra
2492 1496 2667 1535 meam
2705 1482 2970 1536 collocavi
3024 1495 3243 1550 operam
3287 1482 3338 1533 in

1773 1568 1956 1624 studio
2015 1571 2321 1640 sapientiae.
2373 1572 2840 1637 Quemadmodum
2889 1580 3074 1626 autem
3123 1572 3192 1626 iis
3222 1586 3340 1639 qua:

96 1661 414 1730 ἀπάντησις
460 1663 616 1732 ποίας
659 1663 831 1732 Ἐγὼ,
862 1666 1030 1736 φησὶ,
1057 1667 1214 1720 τοῦτο
1247 1670 1504 1740 περισσὸν
1542 1671 1668 1724 ὲλά-

1796 1658 1917 1714 |icta
1948 1667 2098 1729 sunt,
2149 1664 2392 1717 occurrit
2419 1664 2636 1717 oratio?
2668 1663 2804 1735 Ego,
2836 1663 3037 1732 inquit,
3092 1661 3196 1716 hoe
3248 1677 3341 1716 su-

85 1749 234 1819 λησα
273 1750 332 1801 ὲν
355 1753 421 1820 τῇ
449 1751 645 1822 καρδίᾳ
675 1769 796 1821 μου,
827 1753 908 1805 ὃτι
932 1753 1118 1824 ἄφρων
1151 1757 1214 1809 ὲκ
1236 1758 1669 1828 περισσεύματος

86 1841 267 1896 λαλεῖ.
304 1845 416 1897 Καὶ
459 1845 541 1898 ὅτι
588 1863 650 1914 γε
685 1849 844 1900 τοῦτο
877 1851 1193 1920 ματαιότης.
1243 1853 1365 1905 Ὀτι
1406 1854 1506 1907 οὐκ
1552 1854 1668 1908 ἔστι

88 1934 285 2004 μνήμη
314 1934 407 1986 τοῦ
443 1935 610 2005 σοφοῦ
640 1937 776 2006 μετά
801 1939 894 1991 τοῦ
922 1939 1152 2010 ἄφρονος
1171 1944 1250 2004 είς
1273 1943 1460 1998 αἰῶνα.
1482 1947 1667 1997 Κατα-

85 2022 353 2088 γινώσκει
395 2025 506 2096 γὰρ
537 2027 612 2090 ὼς
665 2031 932 2099 περιττῶς
977 2049 1036 2084 τε
1085 2036 1178 2086 καὶ
1225 2033 1530 2097 ἀκολούθως
1570 2036 1670 2106 τῆς

83 2110 419 2190 ἀντιθέσεως
453 2115 656 2185 ταύτης
686 2118 1084 2191 ἐπενεχθείσης,
1120 2123 1214 2174 καὶ
1243 2123 1448 2193 ἄφρονα
1474 2124 1670 2194 ὀνομά-

84 2201 170 2264 ζει
211 2202 305 2255 τὸν
331 2203 508 2271 λόγον,
546 2205 606 2269 ὃς
632 2207 752 2276 οὐχ).
793 2208 902 2261 τῶν
950 2209 1226 2263 ἀποθέτων
1255 2212 1418 2274 ἐστὶν,
1442 2211 1560 2264 οὐδὲ
1584 2211 1671 2264 έν-

81 2293 243 2346 δοθεν
287 2295 354 2346 ἐκ
382 2295 496 2348 τῶν
524 2299 764 2366 ταμείων
794 2300 890 2370 τῆς
923 2301 1114 2369 σοφίας
1150 2303 1535 2373 προσφέρεται,
1557 2303 1670 2356 ἀλλ’

82 2381 281 2452 ὥσπερ
300 2401 354 2434 τι
375 2385 692 2456 περίττωμα
721 2389 818 2458 τῆς
845 2389 1080 2453 διανοίας
1107 2391 1274 2454 ἐστὶν,
1310 2392 1483 2462 ἀφροῦ
1517 2392 1672 2462 δίκην

83 2473 523 2543 ἀποπτυόμενος.
555 2477 774 2546 Ἄφρων
799 2479 908 2549 γὰρ
934 2481 997 2532 ἐκ
1035 2480 1469 2551 περισσεύματος
1501 2482 1670 2536 λαλεῖ.

83 2564 160 2615 Τὸ
203 2563 264 2615 δὲ
298 2564 471 2629 οὕτως
512 2567 746 2637 χρῆσθαι
781 2568 860 2638 τῷ
904 2569 1064 2639 λόγῳ,
1100 2571 1325 2639 μάταιόν
1357 2588 1417 2624 τε
1451 2573 1543 2625 ml.
1591 2574 1673 2636 είς

81 2654 242 2707 οὐδὲν
291 2654 454 2709 πλέον
497 2658 649 2723 ἐστὶ,
684 2659 822 2727 πρὸς
857 2660 1007 2712 οὐδὲν
1039 2661 1224 2732 ἕτερον
1268 2661 1362 2713 τοῦ
1391 2663 1548 2730 λόγου
1574 2662 1672 2733 τὴν

85 2746 334 2816 σπουδὴν
355 2747 588 2817 ἔχοντος,
625 2750 659 2820 ἢ
685 2753 871 2803 πεῖσαι
909 2752 981 2823 μὴ
1007 2753 1073 2806 τὰ
1112 2740 1407 2822 φαινόμενα
1430 2753 1669 2823 βλέπειν.

96 2839 200 2890 Ἐκ
227 2838 339 2890 τῶν
368 2840 659 2910 ὁρωμένων
688 2842 798 2922 γὰρ
819 2846 1050 2896 ποιεῖται
1082 2845 1110 2895 6
1130 2845 1423 2922 ἀντιλέγων
1445 2843 1542 2916 τὴν
1567 2843 1671 2916 μά-

82 2946 192 2998 χην
219 2945 233 2958 ·
257 2929 352 2981 καὶ
385 2929 492 3000 γὰρ
523 2933 552 2983 6
603 2920 828 2996 Θάνατος
866 2933 976 2986 τῶν
1020 2920 1356 3006 φαινομένων
1401 2935 1565 2988 ἐστίν.
1607 2935 1671 2988 Τί

83 3021 293 3090 δήποτε
316 3020 520 3088 λέγων;
545 3024 658 3077 Ούκ
684 3025 743 3076 ὲν
761 3025 936 3096 τούτῳ
972 3025 1066 3079 τοῦ
1095 3027 1348 3098 ἐναρέτου
1373 3045 1432 3080 τε
1463 3029 1556 3082 καὶ
1579 3027 1673 3082 τοῦ

89 3115 342 3185 πονηροῦ
373 3117 560 3191 βίου-ἠ
606 3118 787 3189 κρίσις
822 3119 1064 3186 γίνεται,
1095 3119 1172 3183 ὡς
1221 3119 1338 3172 δέον
1387 3119 1544 3189 μόνον
1584 3118 1674 3171 τὸν

87 3206 338 3277 πονηρὸν
364 3207 614 3262 τεθνάναι
647 3209 724 3280 τῷ
757 3209 999 3279 σώματι·
1031 3210 1121 3263 τὸν
1163 3211 1220 3262 δὲ
1262 3209 1460 3278 ἀγαθὸν
1495 3209 1675 3279 μένειν

86 3298 186 3350 τοῦ
221 3300 537 3368 σωματικοῦ
557 3301 784 3355 θανάτου
805 3302 1155 3373 ἅπείραστον,
1177 3303 1278 3354 οὐκ
1305 3301 1458 3365 εἰδὼς
1486 3303 1543 3355 ὲν
1571 3301 1675 3353 τίνι

87 3390 213 3442 ἐστὶ
241 3389 347 3457 τῆς
385 3389 587 3460 ἀρετῆς
605 3391 664 3444 τὸ
689 3392 974 3455 ἀθάνατον,
1008 3393 1102 3468 καὶ
1138 3393 1221 3456 τίς
1265 3390 1374 3446 τῶν
1410 3395 1468 3446 ἐν
1507 3393 1676 3463 κακίᾳ⁹

87 3478 322 3542 ζώντων
349 3481 377 3531 6
423 3479 669 3544 θάνατος.
700 3481 892 3550 Σοφοῦ,
926 3482 1109 3552 φησὶν,
1143 3483 1177 3553 ή
1223 3486 1407 3553 μνήμη
1455 3482 1677 3536 διαπαν-

87 3571 185 3632 τὸς
211 3569 304 3639 ζῇ,
338 3571 433 3622 καὶ¹
469 3571 630 3624 παντὶ
663 3571 740 3642 τῷ
780 3572 934 3626 αἰῶνι
979 3574 1488 3643 συμπαρατείνεται·
1526 3572 1602 3643 τῷ
1621 3573 1678 3625 δὲ

88 3663 296 3730 ἄφρονι
342 3661 712 3733 ἐναπεσϐέσθη
754 3663 938 3716 καὶτὸ
986 3663 1343 3734 μνημόσυνον.
1390 3663 1525 3734 Περὶ¹
1570 3663 1679 3734 γὰρ

91 3751 206 3803 τῶν
237 3751 499 3804 τοιούτων
579 3753 712 3823 φησὶ
730 3754 822 3806 καὶ
848 3751 1160 3821 Προφήτης,
1190 3750 1271 3801 ὅτι
1305 3752 1576 3805 Ἀπώλετο
1619 3753 1678 3805 τὸ

86 3839 452 3909 μνημόσυνον
495 3842 673 3895 αὐτῶν
724 3843 1038 3914 περιφανῶς
1076 3843 1171 3895 καὶ
1216 3842 1469 3913 εὐδήλως.
1508 3841 1679 3897 Τοῦτο

89 3931 210 4000 γὰρ
244 3933 278 4001 ή
309 3933 442 4000 ῆχου
488 3934 773 4004 προσθήκη
826 3934 1174 3987 ἐνδείκνυται.
1218 3934 1330 3986 Οὐκ
1375 3934 1520 3986 ἔστιν
1563 3928 1678 3998 οὖν,

92 4018 256 4087 φησὶ,
288 4021 476 4090 μνήμη
501 4021 595 4073 τοῦ
625 4022 786 4091 σοφοῦ
811 4022 947 4091 μετὰ
977 4021 1072 4074 τοῦ
1100 4022 1330 4092 ἄφρονος
1363 4023 1442 4083 είς
1473 4021 1642 4075 αἰῶνα
1660 4038 1674 4052 ·

91 4105 240 4156 ἀλλά
263 4105 359 4156 τοῦ
387 4106 485 4174 μὲν
517 4107 677 4175 σοφοῦ
709 4110 742 4178 ή
769 4108 881 4178 ζωὴ
898 4105 1189 4170 διαιωνίζει
1217 4107 1302 4159 διὰ
1319 4107 1416 4177 τῆς
1441 4110 1676 4178 μνήμης·

87 4194 190 4244 τὸν
220 4191 279 4244 δὲ
319 4193 529 4263 ἄφρονα
577 4195 878 4264 διαδέχεται
917 4195 1074 4266 λήθη.
1115 4196 1202 4247 Ἑν
1235 4195 1343 4265 γὰρ
1372 4197 1491 4257 ταῖς
1529 4197 1682 4265 ἐρχο-

94 4280 564 4367 μέναιςᾼήμέραις
589 4280 658 4367 τὰ
687 4282 866 4335 πάντα
893 4282 984 4334 τοῦ
1021 4282 1252 4352 ἄφρονος
1284 4284 1342 4333 ἐν
1379 4280 1514 4352 λήθῃ
1537 4281 1678 4367 γίνεαι

48 4433 49 4438 η
87 4383 188 4417 ται
216 4381 231 4395 ο
258 4363 432 4428 οὕτως
455 4367 541 4418 ἀεὶ
567 4366 740 4436 λέγων
760 4371 838 4434 τῷ
857 4369 1059 4440 ῥήματι
1089 4368 1208 4420 καθ’
1237 4368 1318 4420 ὅτι
1340 4367 1439 4438 ’ήδη
1461 4369 1516 4420 αἱ
1539 4366 1678 4437 ήμέ-

96 4473 192 4524 ραι
217 4456 528 4527 ἐρχόμεναι,
568 4457 638 4511 τὰ
667 4457 844 4512 πάντα
867 4459 1160 4532 ὲπελήσθη.

171 4634 239 4685 Ei
273 4628 364 4687 οὖν
395 4636 422 4687 6
454 4635 554 4705 μὲν
581 4637 740 4705 σοφὸς
774 4637 928 4708 ξητεῖ
959 4639 1169 4708 σοφίαν,
1214 4639 1244 4692 6
1284 4639 1343 4692 δὲ
1383 4639 1572 4710 ἄφρων
1597 4637 1675 4710 τῷ

89 4723 321 4791 θανάτῳ
353 4725 451 4793 τῆς
478 4725 646 4795 λήθης
673 4727 1026 4796 ἐνηφανίσθη,
1051 4728 1188 4792 πῶς,
1215 4729 1368 4799 φησὶ,
1395 4731 1573 4798 λέγεις
1593 4731 1674 4784 ὅτι

87 4813 458 4866 ἀποθανεῖται
488 4818 515 4868 6
553 4813 714 4883 σοφὸς
757 4818 892 4886 μετὰ
925 4818 1018 4870 τοῦ
1050 4820 1281 4890 ἄφρονος
1311 4837 1326 4886 ;
1381 4821 1480 4873 Διὰ
1523 4821 1679 4875 τοῦτο

48 4984 54 4989 _
87 4910 214 4969 τοῖς
265 4906 414 4960 κατά
453 4908 552 4976 τὴν
588 4909 732 4979 ζωὴν
773 4911 977 4981 ταύτην
1027 4912 1481 4983 ἐσπουδασμένοις
1529 4913 1678 4984 αὐτῷ

89 4994 394 5062 ἀλγύνεται
426 4997 521 5049 καὶ
553 4998 959 5067 ἐπαισχύνεται,
990 5001 1084 5053 καὶ
1116 5003 1292 5070 μισεῖν
1325 5001 1469 5068 λέγει
1503 5003 1679 5056 πάντα

89 5088 203 5139 ὅσα
231 5086 381 5155 αὐτῷ
408 5086 542 5169 πρὸς
570 5088 667 5158 τὴν
690 5089 832 5159 ζωὴν
858 5090 1061 5160 ταύτην
1091 5091 1473 5158 ὲσπούδασται,
1498 5095 1680 5163 ὅμοιον
1717 5127 1732 5140 -.

93 5179 330 5246 πάσχων
361 5175 551 5247 ὥσπερ
585 5178 650 5230 ἂν
682 5178 735 5231 εί
760 5198 842 5244 τις
879 5183 1318 5251 φαρμακωμένου
1347 5183 1559 5254 μέλιτος
1586 5188 1680 5239 ἀν-

91 5266 268 5330 αιδῶς
291 5268 625 5338 ἐμφορηθεὶς
653 5271 719 5323 ἐκ
745 5270 1097 5343 λαιμαργίας,
1126 5269 1244 5327 εἶτα
1278 5276 1357 5338 είς
1381 5276 1551 5346 χυμὸν
1580 5279 1680 5330 αὐ-

93 5358 177 5426 τῷ
203 5360 443 5430 πονηρὸν
464 5361 563 5429 τῆς
593 5360 826 5430 λιχνείας
853 5364 1305 5435 μεταϐληθείσης,
1330 5369 1386 5420 ἐν
1405 5367 1484 5437 τῷ
1507 5369 1686 5438 ἐμέτῳ

94 5450 258 5506 λάϐοι
303 5449 402 5505 τοῦ
450 5451 897 5522 ἀνακεκραμένον
953 5455 1244 5526 φαρμάκου
1287 5459 1385 5528 τὴν
1437 5459 1686 5530 αἴσθησιν

97 5544 192 5595 τού
229 5543 705 5614 συνεκπτυομένου
739 5547 871 5614 μετά
903 5549 994 5601 τοῦ
1021 5549 1258 5617 μέλιτοςο
1304 5555 1395 5605 καὶ
1421 5553 1508 5606 διὰ
1528 5553 1681 5607 τοῦτο

1769 1765 2169 1818 pervacaneum
2209 1752 2319 1806 dixi
2359 1754 2415 1806 in
2449 1754 2613 1808 corde
2650 1769 2770 1810 meo
2800 1773 2813 1808 :
2848 1755 3050 1808 stultus
3077 1768 3142 1807 ex
3159 1767 3342 1819 supcr-

1770 1840 2108 1894 abundantia
2145 1841 2409 1911 loquitur.
2455 1842 2566 1898 l‘loc
2603 1858 2819 1913 quoque
2851 1850 2936 1897 est
2962 1842 3195 1896 vanitas.
3223 1839 3337 1893 Non

1769 1936 1853 1982 est
1909 1929 2172 1983 memoria
2224 1931 2497 1999 sapientis
2550 1947 2675 1985 cum
2735 1933 2901 1987 stulto
2954 1931 3009 1984 in
3054 1941 3335 1985 aeternum.

1771 2016 2004 2070 Damnat
2037 2017 2179 2071 enim
2206 2019 2345 2072 hanc
2377 2019 2769 2088 objectionem,
2827 2029 2885 2074 ut
2931 2033 3339 2088 supervacanee

1770 2113 1956 2162 etnon
1996 2116 2402 2178 consequenter
2433 2110 2668 2176 illatam,
2725 2117 2779 2164 et
2824 2125 3148 2165 sermonem
3180 2120 3339 2164 vocat

1771 2197 2140 2266 insipientem,
2177 2199 2270 2268 qui
2305 2215 2415 2253 non
2445 2208 2529 2254 est
2553 2217 2620 2256 ex
2664 2200 2990 2266 reconditis,
3027 2215 3205 2268 neque
3245 2214 3340 2254 ex-

1770 2290 2040 2358 promitur
2067 2291 2385 2345 exiuternis
2427 2292 2713 2362 sapientiae
2751 2292 3053 2360 penuariis,
3097 2292 3192 2346 sed
3248 2300 3336 2345 est

1772 2383 1973 2438 mentis
2005 2383 2178 2436 veluti
2217 2382 2499 2453 quoddam
2541 2391 2980 2447 excrementum,
3023 2384 3206 2454 utqui
3259 2383 3339 2436 iu-

1771 2483 1886 2530 star
1915 2489 2122 2543 spuma:
2149 2485 2468 2546 exspuaurt.
2488 2473 2709 2530 Stultus
2738 2474 2883 2529 enim
2904 2489 2970 2528 ex
3000 2473 3339 2544 superabun-

1773 2565 1959 2619 dantia
1986 2565 2248 2634 loquitur.
2273 2564 2368 2620 Sic
2385 2571 2569 2618 autem
2595 2565 2672 2619 uti
2689 2580 2978 2631 sermone,
3005 2580 3204 2617 vanum
3229 2572 3333 2627 est,

1771 2665 1825 2711 et
1851 2656 1986 2710 nihil
2012 2655 2165 2710 aﬂ‘ert
2198 2656 2496 2721 commodi,
2523 2672 2648 2710 cum
2683 2657 2804 2726 ejus
2835 2671 2943 2710 non
2971 2657 3042 2711 sit
3067 2655 3218 2710 aliud
3252 2657 3338 2708 in-

1775 2747 2029 2802 stitutum
2090 2747 2146 2799 in
2188 2747 2291 2801 hoc
2331 2747 2494 2811 libro,
2537 2761 2700 2815 quam
2749 2754 2810 2801 ut
2850 2745 3178 2818 persuadeat
3229 2760 3338 2799 non

1775 2838 1974 2893 intueri
2004 2853 2068 2892 ea
2103 2853 2224 2907 quae
2247 2844 2530 2906 apparent.
2562 2837 2701 2892 Nam
2724 2840 2819 2908 qui
2851 2837 3342 2902 contradicit,con-

1779 2929 1949 2983 tendit
1975 2944 2041 2982 ex
2072 2928 2139 2983 iis
2165 2941 2286 2997 quae
2317 2927 2569 2981 videntur
2597 2946 2612 2982 :
2651 2943 2716 2981 ex
2750 2929 2818 2982 iis
2845 2928 2990 2982 enim
3011 2943 3131 2997 quae
3155 2925 3342 2981 viden-

1704 2990 1745 3046 θ
1780 3027 1868 3072 tur
1893 3025 1977 3072 est
2009 2990 2479 3082 mors-Quidnam
2503 3026 2686 3071 autem
2717 3017 2895 3072 dicit?
2939 2990 3103 3072 Bonae
3127 3024 3183 3072 et
3221 3031 3342 3072 sce-

1775 3108 1956 3163 leratae
1999 3109 2120 3162 vitae
2154 3123 2263 3160 non
2293 3108 2350 3161 in
2390 3109 2493 3162 hoc
2529 3115 2615 3162 est
2651 3106 2942 3175 judicium,
2986 3108 3146 3178 quasi
3180 3123 3342 3176 opor-

1776 3205 1914 3253 teret
1950 3198 2240 3253 scelestum
2277 3197 2452 3252 solum
2486 3199 2622 3252 mori
2648 3197 3137 3268 corporezbonum
3163 3203 3343 3251 autem

1777 3305 2003 3344 manere
2031 3297 2305 3357 expertem
2338 3288 2532 3342 mortis
2561 3291 2847 3358 corporis,
2900 3296 2961 3342 ut
2999 3288 3090 3358 qui
3131 3287 3345 3342 nesciat

1778 3380 1834 3434 in
1873 3393 2108 3448 quonam
2141 3377 2216 3432 sit
2261 3377 2483 3431 virtutis
2533 3379 2948 3442 immortalitas,
3004 3389 3057 3434 et
3100 3393 3347 3448 quaenam

1777 3470 1851 3526 sit
1881 3485 2032 3524 mors
2058 3483 2246 3523 eorum
2271 3467 2368 3538 qui
2401 3467 2596 3521 vivunt
2622 3468 2676 3521 in
2708 3469 2856 3522 vitio.
2904 3468 3037 3521 Nam
3085 3470 3347 3538 sapientis

1777 3559 2264 3630 quidem,.inquit,
2300 3557 2564 3612 memoria
2615 3558 2752 3611 vivit
2799 3557 2853 3610 in
2899 3566 3244 3627 perpetuum,
3291 3566 3348 3612 et

1779 3648 1941 3704 simul
1963 3664 2085 3703 cum
2126 3663 2242 3701 aevo
2270 3647 2526 3701 universo
2582 3646 2897 3703 extenditur
2947 3666 2960 3702 :
3003 3664 3125 3702 cum
3179 3648 3348 3701 stulto

1780 3749 1963 3795 autem
2023 3740 2396 3809 exstinguitur
2445 3740 2566 3809 ejus
2617 3740 2901 3794 memoria.
2964 3739 3039 3794 De
3079 3738 3348 3808 ejusmodi

1780 3831 1925 3886 enim
1974 3830 2288 3884 hominibus
2322 3833 2399 3883 ait
2451 3831 2616 3886 etiam
2670 3829 2945 3898 Propheta
2977 3849 2989 3883 :
3028 3829 3197 3885 Periit
3234 3845 3348 3884 me-

1780 3922 1953 3976 moria
1981 3936 2171 3976 eorum
2207 3921 2357 3976 clare
2389 3935 2454 3975 ac
2503 3919 2818 3976 manifeste.
2867 3921 3001 3976 Soni
3057 3923 3202 3976 enim
3245 3920 3349 3974 hoc

1780 4011 1991 4067 indicat
2019 4012 2282 4082 adjectio.
2335 4011 2455 4066 Non
2486 4021 2569 4067 est
2617 4027 2781 4083 ergo,
2820 4012 3017 4083 inquit,
3090 4013 3350 4067 memoria

1782 4103 2049 4171 sapientis
2107 4119 2235 4158 cum
2274 4103 2448 4158 stulto
2497 4104 2552 4158 in
2597 4112 2862 4160 aeternum
2899 4123 2912 4158 :
2944 4104 3038 4159 sed
3085 4102 3350 4172 sapientis

1783 4193 2001 4263 quidem
2051 4193 2162 4248 vita
2221 4193 2276 4246 in
2319 4200 2587 4248 aeternum
2631 4203 2816 4248 manet
2853 4208 2950 4262 per
2993 4192 3346 4245 memoriam:

1785 4284 2010 4338 stultum
2040 4289 2221 4336 autem
2245 4281 2451 4350 excipit
2471 4280 2690 4336 oblivio.
2719 4282 2775 4336 In
2802 4281 3142 4339 venientibus
3196 4279 3343 4332 enim

1782 4370 1979 4425 diebus
1993 4384 2331 4439 quaecunque
2351 4376 2482 4424 sunt
2498 4369 2672 4433 stulti,
2691 4371 3018 4424 mandantur
3037 4368 3302 4423 oblivioni
3331 4388 3344 4422 :

1791 4461 1899 4515 hoc
1929 4461 2098 4514 verbo
2140 4461 2305 4514 veluti
2339 4459 2552 4528 dicens,
2585 4459 2730 4530 quod
2757 4467 2815 4513 ut
2845 4460 2961 4530 jam
2991 4460 3110 4515 dies
3127 4460 3350 4516 venien-

1781 4563 1886 4620 tes,
1923 4555 2180 4609 mandata
2206 4562 2336 4610 sunt
2368 4557 2552 4609 omnia
2584 4557 2867 4610 oblivioni.

1857 4643 1916 4696 Si
1955 4658 2088 4712 ergo
2127 4643 2351 4712 sapiens
2381 4644 2600 4712 quidem
2628 4645 2830 4711 quaerit
2860 4645 3354 4714 sapientiam,stul—

1785 4739 1875 4787 tus
1900 4739 2082 4786 autem
2119 4732 2330 4786 deletur
2357 4739 2532 4787 morte
2581 4732 2894 4794 oblivionis,
2933 4733 3226 4802 quomodo,
3269 4735 3356 4786 in-

1787 4822 1928 4892 quit,
1957 4821 2098 4876 dicis
2124 4824 2455 4876 moriturum
2485 4836 2606 4875 esse
2636 4821 2938 4890 sapientem
2983 4836 3106 4874 cum
3143 4822 3353 4875 stulto?

1787 4914 1854 4968 Et
1882 4914 2006 4968 ideo
2030 4914 2162 4968 dicit
2192 4929 2250 4968 se
2293 4913 2477 4967 dolere
2508 4920 2563 4967 et
2583 4914 2909 4968 erubescere
2938 4921 3164 4982 propter
3205 4928 3268 4966 ea
3298 4913 3355 4967 in

1785 5021 1906 5075 quae
1931 5019 2088 5059 suum
2124 5004 2366 5058 studium
2398 5007 2581 5072 posuit
2617 5006 2672 5057 in
2709 5004 2812 5057 hac
2837 5005 2967 5069 vita,
3033 5012 3087 5058 et
3119 5002 3251 5056 dicit
3292 5019 3354 5082 se

1787 5097 1974 5152 odisse
2011 5095 2194 5148 omnia
2226 5109 2459 5163 quorum
2481 5095 2598 5163 ipse
2627 5093 2684 5147 in
2708 5095 2811 5148 hac
2839 5095 2949 5147 vita
2982 5093 3164 5147 studio
3199 5099 3351 5146 tene-

1787 5188 1973 5250 batur,
2035 5193 2094 5240 ut
2147 5184 2235 5239 cui
2282 5187 2602 5239 usuvenirct
2649 5185 2891 5254 perinde,
2941 5190 3103 5253 atque
3149 5183 3199 5237 ei
3257 5183 3350 5252 qui

1787 5277 2187 5341 medicamento
2213 5273 2370 5328 melle
2396 5273 2618 5342 perfuso
2646 5275 3009 5344 prmingluvie
3032 5271 3350 5344 impruden-

1795 5378 1877 5423 ter
1905 5367 2182 5436 impletus,
2201 5363 2397 5419 deinde
2439 5364 2493 5417 in
2521 5365 2724 5417 malum
2763 5379 3012 5434 saporem
3053 5363 3102 5418 ei
3143 5371 3349 5417 mutata

1793 5459 2102 5520 dulcedine,
2153 5457 2206 5509 in
2232 5455 2502 5510 vomendo
2544 5454 2784 5524 accipiat
2827 5469 3051 5510 sensum
3106 5455 3352 5524 permiin

1795 5551 2196 5616 medicamenti,
2225 5548 2370 5619 quod
2404 5547 2567 5604 simul
2595 5563 2719 5602 cum
2753 5549 2908 5603 melle
2931 5551 3216 5616 exspuitur
3245 5564 3258 5600 :
3299 5561 3347 5600 ei
