3766 5986
446 181 543 237 69’

1645 182 1701 236 S.
1742 180 2069 238 GREGORII
2103 177 2438 235 NYSSSENI

3534 183 3543 191 '
3592 177 3665 231 6;?

454 301 574 347 ideo
593 300 814 362 pr0pter
829 292 1096 347 amaroris
1129 293 1445 347 memoriam
1468 291 1573 346 mel
1613 291 1793 348 oderit
1831 312 1842 346 :
1872 307 2002 362 quo-

2118 292 2182 360 τῇ
2217 291 2404 362 μνήμῃ
2433 289 2531 359 τῆς
2562 285 2752 359 ἀηδίας
2783 288 2956 358 μισῶν
2987 289 3046 341 τὸ
3081 289 3200 358 μέλι
3233 306 3246 318 ·
3289 288 3375 340 ὅτι
3410 286 3676 356 elusam

454 386 598 437 niam
629 385 854 439 satietas
893 397 989 451 per
1021 384 1478 438 medicamentum
1511 384 1780 439 subvertit
1811 392 2016 439 stoma-

358 545 364 550 _
452 473 635 527 chum.
666 471 779 526 Hac
807 473 874 527 de
909 487 1097 536 causa,
1128 487 1249 527 cum
1270 488 1378 527 non
1411 487 1585 541 usque
1619 472 1684 527 ad
1710 473 2012 528 satietatem

451 578 511 618 se
543 563 595 615 in
631 563 695 616 iis
715 562 1008 631 implesset,
1036 579 1156 632 quae
1172 562 1380 617 faciunt
1412 563 1479 617 ad
1511 562 1760 628 delicias,
1783 579 2014 633 quarum

452 652 638 706 studio
667 652 956 706 tenebatur
993 652 1048 704 in
1087 652 1293 706 vomitu
1334 651 1727 714 confessionis,
1754 660 2011 721 tanquam

451 744 690 812 aliquam
739 746 931 798 veneni
983 743 1373 804 calamitatem,
1423 758 1612 798 eorum
1667 759 1788 813 qua:
1831 752 2015 813 egerat

451 836 711 904 probrum
744 849 811 890 ac
839 835 1078 889 dedecus
1125 833 1253 888 odio
1297 834 1510 890 habens
1556 843 1609 888 et
1649 835 2008 897 abominans,

448 925 648 993 clamat
691 939 752 979 se
805 924 951 977 illam
983 925 1165 979 odisse
1209 924 1398 986 vitam,
1443 923 1525 978 sic
1559 923 1748 978 dicens
1779 923 1846 976 ad
1889 938 2011 978 ver-

449 1014 574 1068 bum
608 1033 622 1068 :
657 1033 676 1065 ι
715 1017 779 1069 Et
831 1014 960 1069 odio
997 1015 1162 1070 habui
1193 1016 1380 1079 vitam,
1411 1016 1539 1084 quia
1582 1015 1786 1068 malum
1821 1015 2012 1069 adver-

447 1119 568 1158 sum
596 1120 681 1159 me
708 1113 811 1169 est,
835 1121 973 1175 opus
997 1103 1143 1176 quod
1179 1105 1384 1159 factum
1421 1113 1505 1160 est
1535 1106 1640 1160 sub
1674 1106 1806 1161 sole.
1833 1125 1850 1157 ι
1894 1106 2011 1161 Non

449 1197 618 1259 enim,
642 1197 835 1265 inquit,
867 1197 959 1250 ulli
987 1197 1102 1261 alii,
1131 1197 1227 1252 sed
1255 1197 1505 1266 mibiipsi
1525 1196 2013 1266 fuimalusiisqua

447 1286 551 1340 feci
585 1287 688 1341 sub
713 1288 846 1341 sole.
877 1286 1006 1340 Mihi
1035 1287 1180 1341 enim
1200 1286 1336 1340 nihil
1365 1293 1476 1340 stat
1505 1301 1696 1340 eorum
1718 1301 1840 1355 quae
1866 1286 2008 1340 facta

446 1385 576 1432 sunt
603 1392 618 1428 :
649 1376 744 1430 sed
769 1377 953 1444 opinio
980 1383 1136 1431 erant
1159 1377 1345 1429 omnia
1373 1376 1428 1429 in
1455 1391 1577 1444 quae
1605 1376 1844 1431 studium
1878 1391 2013 1429 con-

445 1465 709 1531 ferebam,
753 1474 808 1520 et
836 1468 1068 1535 impetus
1121 1466 1281 1521 liberi
1334 1466 1549 1520 arbitrii
1597 1475 1652 1520 et
1701 1467 2006 1521 electionis.

444 1555 642 1610 Omnia
667 1557 811 1611 enim
833 1558 1046 1610 vanitas
1080 1564 1136 1611 et
1183 1555 1495 1610 voluntaria
1524 1556 1720 1611 electio
1756 1557 2004 1624 spiritus.

2116 379 2203 432 διά
2253 378 2347 431 τοῦ
2399 380 2689 450 φαρμάκου
2747 382 2845 450 τὴν
2893 380 3204 451 ἀνατροπὴν
3265 379 3667 448 κατειργάσατο.

2116 470 2315 523 Τούτου
2370 470 2530 540 χάριν
2557 509 2572 535 ,
2617 470 2678 523 οὐ
2742 469 2901 540 μέχρι
2955 470 3121 541 κόρου
3151 470 3259 521 τῶν
3307 468 3453 538 πρὸς
3485 467 3666 537 τρυφὴν

2118 558 2564 630 σπουδαζομένων
2584 561 2773 613 ἑαυτὸν
2797 560 3080 636 ἐμπλήσας
3103 561 3162 612 ὲν
3181 558 3259 628 τῷ
3281 560 3387 628 τῆς
3411 558 3670 625 ἐξαγορεύ-

2079 710 2082 714 ,
2117 668 2254 714 σεως
2283 651 2487 721 ἐμέτῳ,
2518 651 2768 723 καθάπερ
2793 652 2935 714 τινὸς
2953 652 3274 723 δηλητηρίου
3305 651 3577 719 ποιότητα
3593 653 3672 722 τὴν

2116 741 2211 792 ἐπὶ
2262 743 2374 802 τοῖς
2415 740 2820 810 πεπραγμένοις
2858 741 3116 810 αἰσχύνην
3146 739 3464 810 σικχανθείς
3495 755 3561 791 τε
3601 744 3671 792 καὶ

2119 830 2500 900 βδελυξάμενος
2525 870 2538 893 ,
2588 832 2762 898 μισεῖν
2810 829 2908 899 βοᾷ
2940 829 3038 898 τὴν
3082 828 3224 897 ζωὴν
3244 829 3473 900 ἐκείνην
3524 829 3671 896 λέγων
3738 828 3739 862 l

2112 927 2313 979 οὑτωσὶ
2337 927 2477 979 κατὰ
2510 927 2608 995 τὴν
2639 925 2802 988 λέξιν,
2825 925 2905 976 δτι
2929 937 2954 974 ‘t
2980 924 3087 976 Καὶ
3114 924 3352 992 ἐμίσησα
3387 924 3499 991 τὴν
3531 922 3670 994 ζωὴν,

2114 1019 2196 1071 ὅτι
2233 1017 2465 1100 πονηρὸν
2493 1018 2580 1070 ἐπ’
2615 1017 2714 1085 ἐμὲ
2741 1015 2803 1068 τὸ
2841 1015 3050 1085 ποίημα
3081 1015 3141 1068 τὸ
3176 1016 3560 1084 πεποιημένον
3590 1017 3673 1068 ὑπὸ

2112 1108 2203 1160 τὸν
2245 1101 2415 1176 ἥλιον.
2458 1100 2477 1156 ὀ
2515 1106 2590 1158 Οὐ
2624 1105 2732 1176 γάρ
2774 1106 2918 1175 ἄλλῳ
2949 1108 3077 1167 τινὶ,
3113 1107 3294 1176 φησὶν,
3324 1107 3445 1158 ἀλλ’
3471 1109 3674 1176 ἐμαυτῴ

2112 1200 2310 1267 γέγονα
2336 1198 2587 1268 πονηρὸς,
2613 1192 2693 1260 οἷς
2722 1196 2953 1265 ἐποίησα
2983 1196 3086 1248 ὑπὸ
3117 1195 3205 1248 τὸν
3236 1196 3414 1264 ἥλιον.
3455 1197 3672 1266 Ἕστηκε

2112 1289 2221 1357 γάρ
2254 1305 2342 1357 μοι
2374 1287 2481 1340 τῶν
2513 1285 2816 1355 γενομένων
2842 1285 2995 1337 οὐδέν
3015 1304 3027 1314 ·
3066 1285 3177 1339 ἀλλ’
3204 1287 3382 1354 οῖησις
3406 1281 3483 1354 ἦν
3520 1289 3674 1339 πάντα

2110 1379 2180 1430 τὰ
2224 1376 2631 1446 σπουδαζόμενα
2657 1417 2670 1440 ,
2722 1376 2815 1428 καὶ
2845 1375 2988 1445 ὁρμὴ
3028 1376 3423 1445 προαιρέσεως.
3465 1376 3551 1428 Τά
3584 1379 3673 1446 γὰρ

2091 1473 2287 1529 ,πάντα
2321 1471 2648 1541 ματαιότης,
2695 1469 2788 1521 καὶ
2823 1468 3138 1537 προαίρεσις
3169 1467 3507 1536 πνεύματος,
3541 1472 3672 1537 φησί.

2109 1562 2221 1616 Καὶ
2252 1561 2408 1624 ἄλλος
2437 1561 2584 1628 λέγει
2619 1561 2807 1634 μίσους
2852 1559 3009 1622 ἀξίαν
3046 1555 3183 1630 εἶναι
3215 1558 3313 1629 τὴν
3366 1553 3478 1612 ὧδε
3515 1575 3675 1611 σπου·-
3737 1583 3739 1634 ι

444 1647 642 1714 inquit.
667 1645 734 1698 Et
759 1647 896 1700 alter
923 1647 1054 1701 dicit
1089 1645 1216 1701 odio
1245 1661 1366 1702 esse
1389 1646 1614 1717 dignum
1637 1647 1782 1715 quod
1809 1646 1862 1700 in
1893 1648 2002 1702 haec

2118 1650 2226 1721 δὴν,
2264 1652 2345 1704 ὅτι
2378 1651 2451 1720 μὴ
2485 1648 2660 1718 ἑαυτῷ
2699 1665 2802 1711 τις,
2842 1648 2976 1700 ἀλλὰ
3019 1637 3096 1716 τῷ
3140 1648 3255 1718 μεθ’
3286 1649 3489 1701 ἑαυτὸν
3521 1651 3675 1711 πονεῖ,

439 1736 722 1791 confertur
744 1739 1005 1804 studium,
1046 1739 1192 1808 quod
1231 1738 1502 1807 quiSpiam
1537 1749 1643 1790 non
1679 1736 1807 1802 sibi,
1837 1737 1932 1792 sed
1956 1739 2006 1793 ei

441 1827 537 1895 qui
561 1839 685 1896 post
709 1842 768 1883 se
800 1826 1020 1883 futurus
1039 1835 1142 1890 est,
1173 1828 1382 1881 laborat
1417 1826 1785 1895 quodcunque
1819 1827 1871 1880 in
1904 1827 2007 1881 hac

440 1922 555 1972 vita
584 1919 697 1973 acri
727 1919 908 1974 studio
940 1917 1199 1983 eﬂ'ecerit,
1223 1920 1462 1981 navalia,
1508 1927 1722 1989 portus,
1775 1919 2006 1986 prtecla-

439 2024 533 2065 ras
551 2025 616 2064 ac
645 2011 960 2081 magniﬁcas
989 2013 1523 2082 propugnaculorum
1551 2019 1604 2065 et
1640 2010 2002 2065 aediﬁciorum

441 2107 773 2166 structuras,
799 2102 1087 2168 vestibula,
1116 2103 1256 2156 atria
1281 2110 1336 2158 et
1363 2112 1562 2170 turres,
1588 2103 1847 2172 pulchras
1879 2116 2008 2171 por-

438 2191 602 2255 ticus,
636 2193 810 2246 moles
837 2201 1211 2262 assurgentes,
1249 2202 1304 2247 et
1339 2195 1433 2262 qui
1469 2195 1524 2247 in
1569 2193 1799 2248 colenda
1860 2201 2005 2247 terra

439 2281 823 2352 suscipiuntur
845 2283 1080 2346 labores.
1124 2297 1286 2339 omne
1317 2299 1491 2354 genus
1529 2299 1776 2348 nemora,
1811 2291 2001 2353 prata-

445 2387 555 2442 que
584 2375 980 2442 ammnissima,
1027 2383 1084 2430 et
1116 2376 1320 2438 vineta,
1363 2391 1484 2445 quae
1532 2374 1820 2430 latitudine
1880 2380 2007 2429 sunt

440 2465 619 2520 instar
656 2467 846 2530 maris,
903 2474 959 2522 et
995 2467 1041 2522 si
1095 2467 1225 2537 quid
1258 2467 1408 2521 aliud
1463 2466 1736 2537 ejusmodi
1793 2465 2008 2519 laborat

438 2555 758 2624 quicunque
793 2555 1143 2619 laboraverit,
1191 2553 1396 2609 fruitur
1426 2562 1605 2609 autem
1655 2553 1749 2623 qui
1786 2561 1909 2623 post
1940 2553 2006 2606 il-

438 2644 550 2700 lum
576 2645 748 2700 vitam.
774 2647 906 2717 agit.

508 2732 781 2788 Incertum
814 2741 900 2789 est
927 2741 1111 2788 autem
1154 2747 1286 2788 num
1321 2733 1438 2787 vitii
1483 2732 1771 2786 materiam
1811 2732 2002 2802 copias

438 2830 495 2879 et
521 2838 652 2892 opes
687 2824 760 2879 sit
789 2823 1104 2881 eﬂecturus.
1155 2825 1280 2878 Non
1308 2834 1393 2879 est
1424 2826 1571 2880 enim
1609 2823 2002 2894 quorumlibet,

438 2913 774 2982 cognition-is
802 2929 969 2970 causa
999 2914 1290 2969 demittere
1333 2929 1552 2969 sensum
1583 2915 1652 2968 ad
1693 2913 2000 2968 faciendum

2113 1741 2248 1810 ὅπερ
2279 1740 2346 1794 ἂν
2371 1741 2429 1791 ὲν
2457 1741 2523 1808 τῇ
2569 1738 2680 1808 ζωῇ
2710 1738 2882 1809 ταύτῃ
2931 1739 3075 1790 κατὰ
3113 1739 3352 1807 σπουδὴν
3381 1740 3675 1808 ἐνεργήσας

2114 1831 2287 1899 τύχοι,
2323 1829 2540 1899 νεώρια,
2577 1828 2820 1898 λιμένας,
2851 1831 2951 1892 τάς
2994 1830 3251 1900 λαμπράς
3289 1845 3352 1881 τε
3394 1830 3496 1882 καὶ
3528 1830 3675 1882 πολυι

2113 1920 2284 1983 τελεῖς
2324 1920 2430 1972 τῶν
2475 1919 2747 1985 έπάλξεών
2786 1935 2847 1971 τε
2893 1921 2986 1972 καὶ
3026 1920 3485 1990 οἰκοδομημάτων
3529 1938 3675 1975 κατα-

2115 2011 2332 2073 σκευὰς,
2363 2010 2671 2078 προπύλαιά
2692 2027 2751 2061 τε
2779 2009 2872 2062 καὶ
2893 2009 3152 2079 πύργους,
3175 2011 3269 2062 καὶ
3291 2011 3474 2079 κάλλη
3499 2012 3673 2074 στοῶν,
3738 2009 3739 2074 l

2113 2099 2469 2169 ἀναστήματα
2497 2116 2586 2164 τε,
2621 2099 2716 2162 τάς
2751 2116 2809 2151 τε
2854 2100 2995 2152 κατὰ
3020 2099 3122 2169 γῆν
3168 2101 3460 2170 φιλεργίας
3483 2139 3500 2164 ,
3554 2101 3672 2168 ἄλση
3738 2137 3739 2170 ξ

2117 2187 2432 2240 παντοδαπά
2458 2225 2473 2252 ,
2527 2188 2621 2238 καὶ
2639 2239 2641 2244 ,
2661 2185 2939 2255 λειμώνων
2971 2187 3140 2258 κάλλη
3164 2228 3180 2252 ,
3231 2190 3326 2242 καὶ
3354 2189 3674 2258 ἀμπελῶνας

2119 2279 2482 2347 μιμουμένους
2508 2278 2578 2330 τά
2615 2278 2824 2347 πελάγη
2853 2282 2964 2342 τοῖς
2991 2279 3233 2345 πλάτεσι,
3266 2283 3363 2333 καὶ
3396 2283 3455 2333 εί
3482 2297 3536 2332 τι
3565 2281 3675 2334 ἄλλο

2112 2365 2349 2419 τοιοῦτον
2379 2370 2530 2420 πονεῖ
2571 2367 2667 2436 μὲν
2695 2370 2866 2438 ὅσπερ
2901 2367 2968 2421 ἂν
3005 2368 3142 2440 τύχῃ
3173 2371 3441 2439 πονήσας,
3476 2372 3676 2439 μετέχει

2110 2455 2170 2510 δὲ
2198 2459 2226 2509 ό
2261 2458 2374 2526 μετ’
2407 2458 2611 2509 ἐκεῖνον
2643 2457 2927 2526 ἐπιδημῶν
2956 2457 3034 2525 τῷ
3066 2458 3180 2526 βίῳ.

2179 2730 2404 2800 Ἀδηλον
2447 2731 2505 2782 δὲ
2553 2731 2601 2780 εί
2657 2731 2731 2800 μὴ
2775 2731 2972 2793 κακίας
3025 2731 3157 2800 ὓλην
3206 2731 3305 2800 τὴν
3360 2698 3677 2800 περιουσίαν

2105 2818 2420 2888 ποιήσηται.
2471 2818 2543 2871 Ού
2576 2820 2685 2889 γάρ
2728 2820 2944 2872 πάντων
2978 2821 3092 2872 ἐστὶ
3119 2820 3180 2872 τὸ
3213 2819 3475 2886 γνώσεως
3505 2822 3675 2873 ἕνεκεν

2105 2909 2184 2970 είς
2212 2907 2308 2977 τὴν
2339 2909 2446 2960 τῶν
2482 2909 2735 2962 τοιούτων
2784 2913 2977 2981 πεῖραν
3011 2911 3251 2963 καθεῖναι
3277 2911 3378 2980 τὴν
3404 2913 3672 2979 αἴσθησιν.

443 2998 636 3053 harum
671 3014 850 3056 rerum
872 3002 1196 3069 periculum.
1228 3002 1385 3067 Quod
1413 3003 1633 3071 quidem
1650 3017 1771 3072 ego,
1797 3003 1998 3070 inquit,

2118 2963 2284 3067 Ὀπερ
2326 2995 2457 3065 ἐγὼ,
2487 2999 2670 3069 φησιν,
2702 2999 2806 3052 ὑπὸ
2840 2963 3031 3067 σοφίας
3065 2963 3359 3068 πεποίηκέ.
3413 2963 3578 3053 Κατ’.
3601 3001 3679 3066 ἒξ⁸

441 3086 549 3143 feci
609 3088 682 3141 ob
742 3089 1088 3158 sapientiam.
1146 3088 1284 3144 Cum
1340 3090 1588 3146 sivissem
1641 3091 1786 3144 enim
1833 3091 2003 3146 veluti

439 3175 728 3245 quemdam
767 3177 995 3246 pullum,
1050 3187 1261 3233 natura:
1311 3180 1696 3249 appetitionem
1738 3179 1908 3236 libere
1947 3179 2003 3234 in

440 3266 790 3324 inferioribus
847 3283 1142 3338 parumper
1195 3271 1471 3324 exsultare
1507 3271 1675 3324 animi
1737 3271 2000 3334 motibus,

376 3424 381 3427 _
437 3370 560 3411 eam
590 3371 782 3412 rursus
813 3357 1055 3426 repressi
1085 3357 1315 3412 habenis
1361 3357 1614 3422 rationis,
1648 3367 1702 3412 et
1732 3358 1854 3427 ejus
1876 3359 2003 3413 sub-

434 3443 540 3514 jeci
579 3446 851 3516 potestati.
912 3446 1067 3512 Quis.
1119 3447 1321 3516 inquit,
1371 3448 1476 3502 scit
1525 3464 1596 3502 an
1650 3449 1742 3503 ille
1781 3465 2003 3520 quoque

436 3538 530 3608 qui
561 3549 683 3608 post
719 3554 820 3595 nos
854 3541 908 3593 in
941 3539 1027 3594 his
1062 3539 1246 3608 fuerit,
1293 3541 1560 3611 voluptati
1597 3543 1908 3610 imperabit,
1947 3550 2002 3597 et

437 3644 545 3682 non
590 3631 707 3699 ipse
738 3632 924 3698 potius
962 3631 1184 3695 serviet,
1246 3633 1412 3686 veluti
1459 3621 1736 3702 quoddam
1792 3631 2001 3686 manci-

437 3721 610 3789 pium,
645 3720 940 3790 voluptatis
959 3724 1218 3790 potestati
1251 3738 1313 3778 se
1337 3723 1702 3778 submittens?
1737 3721 2002 3791 Propter-

435 3826 522 3874 ea,
562 3811 761 3880 inquit,
794 3827 897 3880 ego
923 3813 1242 3868 universum
1277 3814 1524 3870 laborem
1548 3828 1726 3869 meum
1748 3814 1877 3869 odio
1905 3813 2002 3866 ha-

439 3902 552 3964 bui,
591 3916 750 3970 quem
779 3902 966 3957 laboro
996 3905 1099 3958 sub
1131 3905 1249 3958 sole
1287 3924 1298 3957 :
1324 3905 1581 3974 quoniam
1627 3920 1752 3961 eum
1781 3904 2000 3958 dimitto

437 3991 644 4044 homini
675 3993 765 4060 qui
817 4001 939 4061 post
982 4009 1069 4049 me
1109 4002 1273 4050 natus
1309 4001 1412 4049 est.
1478 3994 1611 4060 Quis
1654 4004 1835 4048 autem
1897 3995 1999 4050 scit

436 4080 727 4148 sapiensne
761 4081 864 4134 erit
891 4096 963 4134 an
1009 4082 1234 4146 stultus,
1275 4090 1330 4136 et
1365 4096 1430 4134 an
1480 4089 1802 4151 potestatem
1838 4097 1996 4137 exer-

436 4168 657 4225 cebitin
693 4170 842 4224 omni
884 4171 1072 4226 labore
1106 4185 1226 4225 meo
1258 4184 1420 4240 quem
1463 4172 1729 4235 laboravi,
1780 4180 1835 4226 et
1877 4187 1996 4227 mea
2031 4212 2035 4224 .

2104 3089 2308 3151 ουσίαν,
2341 3083 2449 3141 οἷόν
2477 3106 2596 3142 τινα
2642 3084 2840 3155 πῶλον,
2883 3091 2981 3160 τὴν
3009 3092 3106 3160 τῆς
3135 3089 3349 3158 φύσεως
3377 3092 3564 3161 ὁρμὴν
3601 3110 3679 3160 μι-

2104 3178 2233 3247 κρὸν
2281 3179 2437 3248 ἀφεὶς
2484 3180 2870 3250 ὲπισκιρτῆσαι
2917 3185 3030 3244 τοῖς
3073 3181 3221 3234 κάτω
3261 3181 3488 3238 πάθεσι,
3524 3183 3679 3234 πάλιν

2102 3269 2458 3340 άνεστόμωσα
2508 3274 2572 3342 τῇ
2626 3271 3028 3342 τοῦ,λογισμοῦ
3079 3274 3225 3343 ἡνίᾳ,
3260 3273 3356 3325 καὶ
3388 3277 3460 3344 τῇ
3491 3275 3676 3326 τούτου
3738 3257 3739 3264 ί

2104 3357 2322 3430 ἐξουσίᾳ
2373 3363 2671 3431 ὑπήγαγον.
2704 3363 2799 3425 Τίς
2844 3360 2975 3427 οἶδε,
3011 3364 3193 3432 φησὶν,
3225 3364 3274 3414 εί
3301 3365 3564 3426 κάκεῖνος
3597 3367 3678 3416 ὅτι

2100 3467 2183 3515 τις
2207 3453 2336 3504 ποτε
2372 3454 2488 3522 μεθ’
2513 3455 2656 3523 ἡμᾶς
2691 3456 2748 3507 ἐν
2780 3455 2989 3519 τούτοις
3021 3455 3330 3526 γενόμενος,
3371 3456 3681 3520 ὲξουσιὰσει

2099 3541 2200 3612 τῆς
2251 3543 2620 3608 ἀπολαύσεως.
2671 3545 2766 3598 καὶ
2807 3547 2908 3598 οὐκ
2971 3547 3150 3609 αὐτοῖς
3207 3546 3410 3616 μᾶλλον
3463 3565 3680 3617 κυριευ-
3738 3547 3739 3612 ἦ

2101 3632 2346 3703 θήσεται,
2372 3630 2481 3690 οἷόν
2519 3653 2572 3688 τι
2601 3636 2926 3705 ἀνδράποδον
2954 3640 3020 3706 τῇ
3050 3637 3337 3708 δυναστείᾳ
3361 3640 3464 3707 τῆς
3490 3639 3682 3709 ἡδονῆς
3738 3675 3739 3686 η

2101 3722 2414 3794 ὑποκύψατ;
2449 3729 2547 3780 Διὰ
2566 3716 2742 3791 τοῦτο,
2773 3729 2954 3797 φησιν,
2979 3727 3218 3797 ἐμίσησα
3245 3728 3357 3795 ἐγὼ
3383 3729 3682 3800 σύμπαντι

2099 3812 2189 3866 τὸν
2222 3814 2418 3885 μόχθον
2454 3833 2552 3885 μου
2600 3818 2658 3869 ὃν
2709 3816 2820 3884 ἐγὼ
2865 3817 3050 3889 μοχθῶ
3098 3819 3204 3871 ὑπὸ
3241 3820 3332 3872 τὸν
3361 3821 3553 3889 ἥλιον·
3604 3823 3682 3873 ὅτι

2099 3907 2244 3974 ὰφίω
2273 3909 2434 3961 αὐτὸν
2459 3908 2534 3978 τῷ
2561 3910 2831 3981 ἀνθρώπῳ
2848 3912 2926 3982 τῷ
2954 3913 3230 3982 γενομένῳ
3259 3916 3378 3966 κατ’
3415 3915 3548 3983 ὲμέ.
3573 3917 3682 3969 Καὶ

2097 3996 2181 4060 τίς
2209 3993 2368 4061 οἶδεν,
2412 4001 2460 4051 εί
2491 4000 2652 4067 σοφὸς
2683 4001 2834 4054 ἔσται
2872 4002 2906 4071 ἢ
2952 4003 3170 4075 ἄφρων,
3215 4006 3312 4058 καὶ
3341 4008 3390 4057 εἰ
3423 4007 3672 4072 ἐξουσιά-

2099 4102 2252 4140 σεται
2280 4089 2336 4139 ὲν
2368 4089 2528 4141 παντὶ
2556 4091 2737 4160 μέχθῳ
2768 4109 2870 4160 μου
2898 4085 2943 4159 ᾧ
2969 4092 3248 4162 ἐμόχθησα
3287 4095 3382 4146 καὶ
3412 4097 3672 4163 ὲσοφισά-

2102 4194 2209 4250 μην
2233 4179 2339 4231 ὑπὸ
2362 4179 2452 4231 τὸν
2480 4180 2659 4250 ἥλιον;
2691 4181 2904 4252 Ταύτην
2928 4184 3036 4253 γὰρ
3057 4181 3208 4254 οἶμαι
3231 4183 3325 4236 τοῦ
3358 4187 3533 4256 ῥητοῦ
3559 4188 3679 4239 τού⁹

434 4261 705 4316 industria
735 4261 1042 4331 excogitavi
1073 4262 1176 4316 sub
1199 4262 1348 4316 sole?
1397 4261 1662 4316 Existimo
1699 4262 1843 4316 enim
1874 4277 1996 4317 esse

2118 4286 2191 4321 που
2222 4265 2362 4322 εἶναι
2402 4270 2500 4341 τὴν
2532 4271 2757 4337 ἔννοιαν,
2801 4274 2862 4325 τὸ
2893 4274 2967 4343 μὴ
3009 4275 3170 4327 πάθει
3208 4275 3372 4328 αὑτὸν
3412 4277 3559 4346 πρὸς
3592 4279 3678 4327 τὸν

433 4353 585 4406 hunc
618 4368 840 4408 sensum
874 4353 1040 4423 hujus
1073 4353 1225 4417 dicti,
1279 4353 1424 4422 quod
1466 4368 1575 4407 non
1611 4353 1795 4422 aliqua
1827 4352 1996 4407 animi

433 4443 842 4512 perturbatione
866 4444 1122 4514 delapsus
1149 4445 1220 4500 sit
1269 4444 1338 4498 ad
1364 4445 1504 4498 hanc
1537 4445 1701 4497 vitam
1750 4445 1998 4514 volupta-

432 4535 594 4599 riam,
657 4533 753 4589 sed
785 4535 850 4589 ad
878 4551 998 4589 eam
1027 4536 1240 4591 venerit
1267 4535 1502 4605 quadam
1539 4535 1756 4589 ratione
1790 4535 1999 4603 sapien-

431 4627 541 4688 tiae,
601 4631 660 4679 ut
709 4625 803 4694 qui
866 4628 916 4680 ei
960 4627 1241 4696 imperans
1290 4625 1411 4694 ejus
1474 4625 1639 4680 fuerit
1693 4627 1991 4695 particeps,

429 4731 540 4772 non
570 4724 749 4770 autem
785 4730 980 4785 parens
1008 4717 1126 4785 ejus
1150 4717 1396 4784 imperio.
1426 4713 1562 4780 Quis
1589 4729 1719 4784 ergo
1749 4716 1874 4775 scit,
1911 4715 1998 4768 in-

428 4810 572 4880 quit,
603 4824 670 4863 an
696 4810 792 4878 qui
832 4815 956 4878 post
977 4822 1062 4862 me
1094 4815 1179 4862 est
1210 4807 1451 4874 futurus,
1483 4822 1669 4887 eorum
1701 4822 1806 4861 non
1844 4821 1999 4877 pare-

427 4903 507 4958 bit
545 4900 800 4970 imperio,
850 4915 972 4968 quae
1017 4914 1117 4969 ego
1169 4900 1410 4954 laboravi
1451 4913 1559 4953 non
1607 4914 1703 4967 per
1751 4899 1991 4968 aliquam

426 4985 603 5046 animi
621 4983 1104 5061 perturbationem,
1132 4992 1224 5044 sed
1250 5005 1345 5058 per
1371 4989 1688 5059 sapientiam
1713 4989 1736 5041 ?
1763 4992 1865 5044 Per
1891 4990 1993 5044 hoc

425 5085 575 5140 enim
617 5083 762 5161 quod
796 5083 1036 5137 laborem
1083 5081 1651 5147 nominavit,delicias
1697 5079 1990 5150 signiﬁcat,

425 5177 570 5246 quod
613 5159 708 5245 ρέε
737 5176 872 5239 vim,
914 5174 1078 5230 veluti
1115 5173 1388 5243 quoddam
1427 5173 1644 5238 ditlicile
1692 5181 1988 5237 certamen,

427 5265 646 5320 admisit
669 5266 966 5335 voluptatis
987 5265 1476 5334 participationem.
1507 5263 1572 5317 Et
1597 5264 1701 5317 hoc
1727 5277 1879 5334 ergo.
1916 5262 1992 5316 in-

425 5357 565 5426 quit,
597 5357 651 5410 in
687 5359 846 5413 vanis
873 5365 1208 5411 nutrieretur.
1241 5357 1408 5412 Porro
1435 5367 1614 5410 autem
1659 5357 1820 5409 alicui
1855 5371 1992 5425 quo-

423 5461 533 5515 que
563 5447 662 5498 alii
684 5461 754 5500 ex
796 5448 884 5503 his
911 5463 1030 5518 qum
1078 5449 1166 5503 hic
1191 5455 1341 5508 sunt,
1387 5447 1519 5500 dicit
1565 5447 1801 5499 animam
1832 5461 1985 5500 suam

426 5536 802 5600 renunciasse,
831 5547 882 5592 et
908 5541 1154 5596 oratione
1179 5541 1228 5595 id
1252 5539 1398 5608 quod
1427 5540 1528 5593 sibi
1555 5537 1976 5606 vultsigniticat.
2005 5576 2014 5583 .

1053 5645 1080 5675 \

1165 5703 1193 5714 ρ

600 5770 633 5811 l

2099 4359 2498 4414 ἀπολαυστικὸν
2528 4361 2638 4430 βίον
2670 4363 3076 4432 κατολισθῆσαι,
3111 4364 3249 4417 ἀλλά
3276 4382 3384 4417 τινι
3413 4366 3564 4437 λόγῳ
3594 4384 3678 4418 σο-

2099 4451 2227 4517 φίας
2270 4452 2366 4503 ὲπὶ
2402 4451 2559 4504 τοῦτο
2607 4453 2798 4520 ἐλθεῖν,
2841 4456 2899 4508 ἐν
2946 4456 3162 4526 ἐξουσίᾳ
3205 4458 3538 4527 ποιούμενον
3581 4461 3679 4527 τὴν

2103 4541 2410 4609 μετουσίαν,
2435 4544 2527 4595 καὶ
2553 4545 2654 4597 ούκ
2685 4545 2844 4600 αὑτὸν
2875 4546 2980 4599 ὑπὸ
3005 4548 3103 4616 τῆς
3125 4548 3446 4612 δυναστείας
3470 4551 3677 4619 ταύτης

2097 4633 2625 4704 κατακρατούμενον.
2673 4635 2769 4698 Τίς
2817 4634 2910 4691 οὖν
2955 4633 3083 4704 οἶδε,
3117 4641 3301 4708 φησὶν,
3337 4643 3386 4692 εί
3421 4643 3502 4711 μὴ
3530 4643 3677 4706 ἐξου-

2099 4720 2452 4790 σιασθήσεται
2506 4725 2610 4777 ὑπὸ
2658 4726 2860 4780 τούτων
2903 4731 2932 4780 ὁ
2968 4730 3084 4798 μετ’
3119 4732 3254 4800 ἐμὲ,
3296 4732 3445 4802 ἆπερ
3477 4735 3544 4785 ού
3593 4734 3678 4785 διὰ

2096 4811 2304 4875 πάθους
2337 4813 2468 4881 ἐγὼ,
2499 4815 2633 4869 ἀλλὰ
2661 4817 2766 4870 ὑπὸ
2796 4818 2986 4886 σοφίας
3016 4819 3323 4892 ὲμόχθησα;
3369 4823 3544 4892 Δηλοῖ
3572 4825 3677 4892 γὰρ

2095 4903 2180 4954 διὰ
2202 4903 2294 4956 τοῦ
2323 4905 2518 4974 μόχθου
2539 4908 2800 4976 ὀνομάσαι
2824 4911 2922 4981 τὴν
2943 4912 3173 4981 τρυφὴν,
3193 4913 3272 4964 ὃτι
3291 4913 3677 4983 βεϐιασμένως

2095 4988 2206 5046 οἶόν
2254 5010 2374 5048 τινα
2419 4996 2921 5065 δυσκαταγώνιστον
2970 4997 3136 5054 ἆθλον
3179 5002 3279 5071 τῆς
3324 5003 3527 5073 ἡδονῆς
3578 5007 3676 5074 τὴν

2097 5086 2386 5154 μετουσίαν
2411 5089 2742 5158 προσήκατο.
2772 5091 2881 5142 Καὶ
2908 5089 3063 5144 τοῦτο
3093 5088 3205 5154 οὖν,
3243 5095 3430 5162 φησὶν,
3470 5097 3535 5146 έν
3563 5098 3675 5154 τοῖς

2097 5177 2345 5246 ματαίοις
2379 5179 2841 5250 καταριθμείσθω.
2871 5183 2980 5241 Καὶ
3002 5182 3145 5254 ἄλλῳ
3164 5183 3221 5235 δέ
3245 5201 3348 5237 τινι
3373 5184 3542 5253 λέγει
3565 5187 3674 5238 τῶν

2091 5259 2212 5330 ὧδε,
2247 5266 2344 5337 τὴν
2377 5268 2570 5320 ἑαυτοῦ
2595 5268 2770 5340 ψυχὴν
2799 5271 3180 5341 ἀποτετάχθαι,
3208 5273 3302 5324 καὶ
3329 5277 3571 5342 φανεροῖ
3597 5273 3672 5342 τῷ

2091 5358 2232 5428 λογῳ
2247 5359 2274 5411 ὃ
2293 5360 2558 5427 βούλεται.
2577 5361 2934 5431 Διαὸέϐληται
2955 5363 3063 5434 γὰρ
3087 5363 3220 5433 πρὸς
3248 5363 3341 5416 τὸν
3365 5364 3472 5433 τῆς
3501 5364 3671 5435 ὀρθῆς

2090 5445 2318 5515 κρίσεως
2351 5449 2749 5518 ἁμαρτάνοντα,
2782 5450 2863 5502 ὅτι
2892 5450 3100 5519 βλέπων
3131 5451 3332 5521 ἐναργῆ
3362 5452 3475 5504 τῶν
3507 5456 3671 5505 ἐναν-

2089 5537 2217 5590 τίων
2247 5537 2374 5605 βίων
2405 5539 2500 5608 τὴν
2530 5540 2812 5610 διαφοράν,
2839 5542 2896 5606 ἐξ
2934 5536 3008 5597 ὧν
3032 5545 3060 5595 ὁ
3095 5543 3193 5612 μὲν
3226 5544 3352 5611 περὶ
3385 5543 3488 5612 τὴν
3533 5543 3665 5610 ἀρε-
