3738 5984
97 194 199 250 692$

1183 199 1250 254 IN
1287 201 1826 261 ECCLESIASTEN.
1871 205 2151 262 llOMiLlA
2176 205 2240 261 γ.

3231 211 3337 270 094

99 311 190 379 τὴν
219 308 385 369 πονεῖ,
411 305 507 360 καλ.
536 304 669 378 πρὸς
692 307 842 361 οὐδὲν
875 308 1212 379 ἀνθρώπινον
1241 309 1336 381 τὴν
1367 310 1571 380 ἐπιθυμ

1859 315 2117 369 imulatus
2145 315 2289 369 enim
2324 314 2428 368 fuit
2461 316 2602 385 apud
2631 287 2756 371 eum
2789 319 2883 388 qui
2927 334 2956 373 a
2991 329 3140 375 recto
3177 323 3335 377 aber-

101 398 341 466 κατάγει,
387 399 413 451 ό
460 397 516 450 δὲ
543 398 750 468 ἕτερος,
792 400 931 453 κατά
973 402 1035 452 τὸ
1075 400 1330 470 ἔμπαλιν,
1369 403 1530 454 πόνον
1565 403 1664 471 μέν

101 507 216 542 τινα
241 488 349 542 τῶν
377 488 640 559 ὲναρέτων
668 489 764 558 οὐχ
798 489 1091 560 ὑπομένει,
1129 490 1308 559 μόνοις
1335 490 1391 543 δὲ
1423 494 1539 554 τοῖς
1565 510 1667 546 σω-

105 583 343 651 ματικοῖς
365 580 579 650 μόχθοις
603 581 1070 652 ἐγκατατρίὸεται.
1108 581 1274 635 Ὅταν
1305 579 1397 636 οὖν
1423 601 1506 646 τις
1529 584 1666 654 πρὸς

103 672 278 724 τοῦτον
312 673 450 742 φέρῃ
488 672 581 725 τοῦ
614 673 779 725 καλοῦ
826 673 923 744 τὴν
971 667 1165 743 ψῆφον,
1207 675 1462 745 παρορῶν
1487 675 1576 727 τὸν
1608 677 1666 727 ὲν

102 767 163 833 τῇ
202 764 362 834 σοφίᾳ
391 763 710 835 προέχοντα,
761 765 821 818 οὐ
879 766 1036 834 μόνον
1089 766 1342 835 ματαίαν,
1389 761 1523 821 ἀλλὰ
1573 767 1667 820 καὶ

105 854 336 924 πονηρὰν
373 855 469 926 τὴν
494 855 679 910 ἄδικον
707 855 909 927 ταύτην
941 856 1294 926 ἀποφαίνεται
1351 858 1549 927 κρίσιν.
1573 858 1668 911 Λέ-

107 962 182 1012 γει
207 946 260 998 δὲ
284 949 397 1009 τοῖς
426 948 664 1017 ῥήμασιν
682 946 872 1010 οὕτως’
897 966 914 999 ι
939 948 1048 1013 Καὶ
1074 949 1403 1018 ἐπέστρεψα,
1435 969 1453 1000 ι
1481 951 1663 1019 φησὶν,

111 1055 126 1086 ι
148 1036 252 1104 ἐγὼ
281 1036 373 1089 τοῦ
389 1037 757 1103 ἀποτάξασθαι
785 1037 880 1108 τὴν
897 1039 1119 1109 καρδίαν
1144 1057 1242 1110 μου
1275 1039 1407 1110 πρὸς
1433 1040 1508 1110 τῷ
1524 1041 1666 1112 ἄλλῳ

108 1128 298 1198 μόχθῳ,
327 1121 372 1195 ᾧ
410 1129 687 1198 ὲμόχθησα
731 1129 834 1182 ὑπὸ
867 1130 956 1182 τὸν
985 1129 1155 1200 ἥλιον.
1193 1150 1211 1182 ι
1245 1131 1308 1183 Τί
1345 1127 1434 1184 οὖν
1464 1131 1609 1184 ἐστιν
1637 1133 1666 1186 ὃ

105 1219 487 1290 ἀπεταξάμην;
519 1222 639 1273 Ὅτι
667 1221 814 1274 ἐστιν
843 1222 1145 1290 ἄνθρωπος,
1170 1223 1252 1276 ὅτι
1282 1223 1476 1294 μόχθος
1500 1223 1663 1278 αὐτοῦ

105 1313 157 1362 ὲν
184 1313 336 1382 copi;
360 1313 454 1365 καὶ
485 1315 543 1366 ὲν
567 1312 764 1381 γνώσει
794 1315 886 1367 καὶ
913 1316 971 1368 ὲν
997 1315 1236 1386 ἀνδρείᾳ,
1272 1317 1364 1369 καὶ
1388 1316 1544 1380 ἀλλος
1569 1318 1663 1370 ἀν-

107 1403 305 1474 θρωπος
334 1405 489 1458 οὐδὲν
516 1406 573 1458 ὲν
598 1408 708 1469 τοῖς
739 1405 995 1469 τοιούτοις
1028 1407 1284 1478 πονήσας.
1311 1407 1438 1470 Πῶς
1467 1404 1560 1460 οὖν
1583 1426 1665 1471 τις

106 1495 194 1562 τὴν
225 1495 415 1564 μερίδα
439 1498 539 1566 τῆς
566 1497 944 1566 προτιμήσεως
971 1496 1049 1566 τῷ
1076 1498 1299 1568 τοιούτῳ
1331 1497 1661 1568 προσθήσει;

105 1583 204 1634 Καὶ
245 1583 528 1655 ἄνθρωπος
566 1586 694 1655 γὰρ,
740 1585 927 1656 φησιν,
976 1579 1021 1653 ᾧ
1064 1586 1362 1656 ὲμόχθησεν
1403 1588 1460 1640 ὲν
1493 1587 1661 1657 αὐτῷ,

1769 413 1854 459 rat
1877 405 2110 474 judicio,
2137 405 2280 474 quod
2309 420 2432 460 cum
2465 407 2672 462 videret
2695 409 2998 465 evidentem
3033 415 3334 467 contrario-

1768 512 1889 550 rum
1930 497 2055 552 vita)
2086 511 2342 566 generum
2370 497 2751 566 differentiam,
2786 516 2850 554 ex
2883 503 3082 571 quibus
3105 504 3330 560 alterum

1769 590 1987 660 quidem
2024 596 2274 645 versatur
2300 589 2356 642 in
2387 590 2607 658 virtute,
2659 599 2714 646 et
2745 591 2811 645 ad
2844 593 3046 646 nullam
3077 609 3188 648 rem
3230 597 3332 650 hu-

1769 695 1984 735 manam
2026 680 2248 735 adducit
2279 680 2630 749 cupiditatem
2659 699 2672 735 :
2710 683 2940 736 alterum
2987 697 3116 737 vero
3146 693 3331 738 contra

1769 785 1878 824 non
1927 771 2162 825 sustinet
2195 769 2413 838 quidem
2464 769 2632 822 ullum
2687 771 2923 824 laborem
2975 785 3164 825 corum
3214 788 3333 843 qum

1766 869 2034 931 geruntur
2067 877 2129 916 ex
2164 861 2400 914 virtute:
2439 869 2692 915 versatur
2717 869 2898 916 autem
2934 862 2986 915 in
3023 861 3156 917 solis
3185 864 3333 916 labo-

1767 949 1922 1005 ribus
1953 950 2018 1004 ad
2047 965 2249 1019 corpus
2279 949 2696 1019 pertinentibus.
2730 951 2865 1005 Cum
2899 952 3171 1021 quispiam
3202 967 3332 1021 ergo

1767 1039 1816 1093 ei
1862 1040 1991 1094 boni
2043 1048 2097 1094 et
2144 1039 2361 1093 honesti
2389 1038 2482 1093 dat
2516 1039 2813 1104 calculum,
2863 1055 2988 1096 eum
3028 1043 3331 1110 despiciens

1767 1129 1859 1198 qui
1917 1129 2196 1184 antecellit
2245 1129 2537 1213 sapientia,
2596 1143 2705 1184 non
2756 1132 2932 1186 solum
2967 1147 3180 1196 vanam,
3237 1134 3331 1188 sed

1736 1222 1928 1292 etiam
1965 1219 2266 1289 improbam
2301 1221 2440 1274 hanc
2468 1220 2728 1290 injustam
2761 1222 3077 1290 pronuntiat
3112 1230 3330 1277 senten-

1768 1312 1919 1364 tiam.
1969 1309 2110 1364 Dicit
2160 1317 2339 1364 autem
2391 1311 2479 1366 bis
2521 1311 2702 1367 verbis
2733 1330 2745 1364 :
2781 1331 2798 1363 ι
2821 1311 2885 1366 Ει
2907 1313 3172 1376 converti,
3195 1332 3213 1362 ›
3249 1313 3331 1366 in-

1765 1401 1901 1470 quit,
1943 1418 1960 1451 ι
2005 1415 2106 1471 ego
2141 1415 2236 1454 cor
2280 1416 2482 1467 meum,
2524 1411 2584 1454 ut
2625 1402 2964 1456 renuntiaret
3011 1403 3101 1456 alii
3137 1403 3332 1460 labori.

1765 1507 1924 1561 quem
1970 1492 2213 1546 laboravi
2284 1493 2388 1548 sub
2444 1495 2578 1548 sole.
2627 1514 2646 1545 ι
2699 1493 2838 1559 Quid
2889 1502 2971 1550 est
3018 1509 3146 1565 ergo
3189 1496 3334 1564 quod

1765 1583 2114 1637 renuntiavi?
2176 1582 2271 1637 Est
2313 1585 2511 1650 homo,
2569 1585 2729 1654 cujus
2781 1585 2934 1640 labor
2989 1595 3074 1640 est
3129 1587 3184 1639 in
3247 1601 3336 1641 sa-

106 1674 352 1737 τουτέστι,
403 1673 484 1742 τῷ
528 1672 1010 1744 βίονομοχθήσαντι
1058 1675 1116 1726 ὲν
1163 1673 1239 1743 τῷ
1271 1673 1482 1744 ἀγαθῷ,
1504 1673 1579 1726 δώ

1857 1675 1966 1728 ntia
2011 1686 2066 1730 et
2110 1675 2424 1747 cognitione
2464 1683 2519 1732 et
2568 1677 2772 1732 excelsi
2811 1678 2976 1732 animi
3016 1679 3237 1746 virtute,
3279 1687 3333 1731 et

107 1762 240 1831 αὑτῷ
284 1764 478 1833 μερίδα
507 1764 692 1831 αὑτοῦ,
739 1764 859 1818 ἀντὶ
899 1763 1014 1827 τοῦ,
1041 1766 1097 1816 ἐν
1145 1763 1348 1833 ἀγαθοῦ
1381 1763 1543 1836 μοίρᾳ
1572 1765 1664 1819 τὸν

107 1853 328 1905 τοιοῦτον
377 1853 524 1928 ⁴βίον
576 1854 838 1925 όρίσεται.
900 1855 1060 1908 nam
1129 1855 1425 1924 ματαιότης
1451 1898 1465 1921 ,
1507 1857 1662 1926 φησὶ,

111 1943 249 1994 τοῦτο
279 1944 370 1996 καὶ
397 1945 632 2014 πονηρία
654 1944 884 2014 μεγάλη.
915 1945 1037 2007 Πῶς
1065 1946 1172 2015 γάρ
1203 1946 1302 1998 οὐκ
1327 1945 1472 1998 ἔστιν
1501 1963 1667 2016 πονη-

115 2035 193 2104 ρία
224 2035 427 2106 μεγάλη
451 2076 467 2099 ,
502 2036 628 2089 ὅταν
664 2035 907 2108 γινώσκῃ
949 2035 1046 2105 τὴν
1091 2036 1414 2106 ὲγκειμένην
1457 2035 1535 2104 τῷ
1570 2037 1664 2090 ἀν-

114 2125 299 2196 θρώπῳ
325 2129 456 2199 περὶ
491 2130 616 2191 τοὺς
646 2127 872 2198 μόχθους
909 2127 1142 2198 σπουδὴν
1173 2130 1264 2180 καὶ
1307 2127 1662 2198 προαίρεσιν;

115 2217 268 2271 Τοῦτο
297 2219 403 2288 γάρ
432 2221 581 2273 ἐστιν
617 2222 673 2273 ὲν
700 2215 779 2284 οἷς
807 2238 987 2290 φησιν,
1019 2221 1100 2273 ὅτι
1143 2219 1401 2273 Γινώσκει
1447 2222 1524 2292 τῷ
1570 2225 1664 2276 ἀν-

114 2309 315 2381 θρώπῳ,
345 2314 403 2364 ὲν
433 2311 599 2365 παντὶ
625 2311 806 2382 μόχθῳ
829 2311 1016 2376 αὑτοῦ,
1050 2313 1142 2364 καὶ
1171 2313 1227 2364 ὲν
1254 2315 1321 2383 τῇ
1352 2313 1664 2383 προαιρέσει

112 2401 316 2470 καρδίας
349 2401 541 2466 αὐτοῦ,
568 2393 612 2469 ᾧ
640 2401 800 2464 αὐτὸς
829 2402 1016 2472 μοχθεί
1039 2401 1142 2454 ὑπὸ
1171 2401 1261 2455 τὸν
1289 2401 1456 2472 ἥλιον.
1489 2403 1553 2454 Τί
1572 2399 1664 2455 οὖν

114 2491 243 2545 ἐστιν
269 2492 298 2544 ὃ
325 2493 615 2560 γινώσκει;
658 2494 780 2546 Ὅτι
813 2495 1002 2559 πᾶσαι,
1033 2495 1218 2564 φησιν,
1248 2493 1304 2547 al
1329 2493 1529 2564 ἡμέραι
1565 2495 1664 2546 αύο

114 2581 195 2634 τοῦ
219 2584 565 2654 ἀλγημάτων,
590 2586 682 2637 κάὶ
716 2585 890 2653 θυμοῦ
922 2583 1300 2654 περισπασμὸς
1325 2585 1510 2638 αὐτοῦ.
1557 2584 1665 2658 Kal

117 2691 170 2741 γε
195 2678 247 2728 ὲν
272 2679 423 2730 νυκτὶ⁵
443 2678 505 2730 οὐ
532 2679 791 2747 κοιμᾶται
815 2679 848 2748 ἡ
872 2677 1066 2747 καρδία
1086 2678 1270 2730 αὐτοῦ.
1307 2677 1398 2746 Τῷ
1425 2677 1536 2742 ὄντι
1557 2677 1666 2748 γὰρ

116 2769 210 2830 τοῖς
237 2768 311 2831 εἰς
336 2769 424 2822 τὸν
454 2768 760 2840 πειρασμὸν
783 2768 984 2821 τοῦτον
1001 2768 1098 2838 τὴν
1126 2766 1301 2838 ψυχὴν
1327 2766 1662 2836 ἀσχολοῦσιν,

117 2858 336 2930 ὲπαλγὴς
383 2861 482 2930 μὲν
524 2861 560 2930 ἡ
601 2860 745 2928 ζωὴ,
791 2853 901 2910 οἷόν
951 2875 1061 2910 τισι
1106 2857 1350 2928 κέντροις
1397 2860 1515 2920 ταῖς
1557 2857 1666 2910 τῶν

117 2947 354 3002 πλειόνων
381 2949 700 3020 ἐπιθυμίαις
738 2949 834 3019 τὴν
892 2948 1116 3019 καρδίαν
1160 2948 1488 3018 μαστίζουσα
1512 2966 1524 2978 ο
1559 2950 1657 3000 έπ-

118 3034 295 3100 ὡδυνος
314 3037 367 3092 δὲ
402 3039 436 3108 ἠ
468 3039 598 3109 περὶ
625 3039 723 3108 τὴν
755 3038 1063 3100 πλεονεξίαν
1095 3038 1316 3106 σπουδὴ,
1334 3038 1394 3090 οὐ
1417 3038 1665 3091 τοσοῦτον

118 3120 188 3188 οἷς
213 3135 316 3200 ἔχει
363 3129 800 3205 εὐφραινομένη,
851 3129 974 3181 ὅσον
1023 3128 1358 3198 ἀλγυνομένη
1403 3131 1511 3192 τοῖς
1552 3129 1657 3180 λεί·

120 3233 320 3284 τίουσιν,
369 3215 448 3284 οἷς
501 3219 784 3292 μερίζεται
834 3220 990 3273 νυκτὶ
1041 3220 1133 3271 καὶ
1179 3218 1358 3290 ἡμέρᾳ
1405 3219 1432 3271 ό
1483 3219 1661 3283 πόνος,

122 3309 439 3380 καταλλήλως
482 3313 549 3364 δι’
596 3311 860 3382 ἑκατέρας
895 3309 1074 3363 αὐτῶν
1119 3308 1524 3380 ὲνεργούμενος,
1567 3308 1665 3378 τῆς

125 3399 208 3464 μὲν
232 3403 434 3472 ἡμέρας
466 3404 862 3475 δαπανωμένης
891 3405 950 3457 ὲν
979 3403 1196 3474 μόχθοις
1215 3420 1228 3433 ⁸
1270 3403 1366 3474 τῆς
1393 3403 1449 3456 δὲ
1473 3403 1665 3467 νυκτὸς

123 3493 528 3564 ἁποπεμπούσης
555 3496 663 3548 τῶν
692 3495 955 3566 ὀμμάτων
997 3495 1086 3549 τὸν
1114 3494 1298 3548 ὕπνον.
1345 3495 1411 3546 Δί
1441 3493 1550 3563 γάρ
1574 3492 1667 3546 τοῦ

123 3580 319 3648 κέρδους
367 3584 644 3655 φροντίδες
696 3585 788 3638 τὸν
832 3583 998 3639 ὕπνον
1043 3584 1412 3654 ἐκκρούουσιν.
1471 3585 1529 3637 '0
1576 3579 1669 3636 οὖν

125 3671 240 3737 πρὸς
278 3673 444 3726 ταῦτα
511 3675 728 3744 βλέπων
755 3715 770 3740 ,
824 3675 939 3738 πῶς
985 3675 1045 3726 οὐ
1092 3673 1526 3743 καταψηφίζεται
1573 3675 1671 3744 τῆς

126 3759 333 3829 σπουδῆς
363 3763 568 3833 ταύτης
591 3763 690 3833 τὴν
722 3763 1089 3834 ματαιότητα;
1138 3763 1237 3816 Διά
1265 3763 1420 3816 τοῦτο
1451 3763 1672 3834 προστί-

127 3847 232 3916 θησι
259 3855 362 3915 τοῖς
389 3853 832 3924 προειρημένοις,
860 3855 939 3906 ὃτι
968 3855 1059 3908 καί
1087 3871 1149 3922 γε
1169 3855 1325 3907 τοῦτο
1356 3854 1665 3924 ματαιότης·

127 3938 264 4018 πάλιν
287 3943 446 4012 ἀλλης
476 3945 808 4007 ἀντιθέσεως
831 3944 1161 3996 καθάπτεται
1182 3960 1196 3975 ο
1228 3945 1288 3996 τὸ
1313 3945 1369 3996 δὲ
1397 3942 1667 3996 ἀντιτιθέ-

131 4043 266 4090 μενον
296 4032 448 4085 τοῦτό
484 4035 655 4086 ἐστιν’

1691 3004 1734 3062 C

129 4138 231 4191 qmc
269 4127 411 4193 prius
465 4127 615 4182 dicta
665 4135 813 4194 sunt,
850 4128 994 4199 quod
1019 4128 1122 4182 hoc
1152 4142 1370 4197 quoque
1401 4128 1472 4181 sit
1499 4127 1734 4180 vanitas.

129 4215 252 4280 quod
274 4215 556 4284 objicitur:

1766 1767 1908 1822 alius
1933 1767 2099 1822 homo
2120 1768 2212 1837 qui
2242 1768 2295 1821 in
2318 1768 2404 1823 his
2427 1769 2558 1822 nihil
2585 1768 2870 1823 laboravit.
2903 1769 3186 1834 Quomodo
3207 1785 3333 1838 ergo

1764 1857 2055 1926 quisquam
2097 1860 2302 1928 primas
2332 1859 2556 1914 honoris
2596 1868 2778 1929 partes
2801 1861 2848 1914 ei
2886 1860 3128 1914 tribuet?
3159 1859 3334 1913 Homo

1765 1947 1933 2009 enim,
1975 1946 2174 2017 inquit,
2219 1947 2311 2017 qui
2352 1963 2461 2002 non
2497 1949 2766 2004 laboravit
2814 1951 2868 2004 in
2902 1950 3040 2020 ipso,
3087 1949 3189 2011 boc
3227 1957 3329 2010 est,

1765 2038 1812 2092 ei
1847 2037 1939 2108 qui
1967 2053 2082 2092 non
2101 2039 2368 2094 laboravit
2396 2041 2452 2094 in
2486 2040 2646 2105 bono,
2676 2040 2826 2094 dabit
2850 2041 2898 2095 ei
2922 2049 3128 2110 partem
3151 2055 3330 2106 suam,

1765 2143 1866 2198 pro
1893 2143 1959 2184 eo
1987 2130 2133 2198 quod
2160 2137 2266 2194 est,
2295 2129 2436 2184 hanc
2464 2129 2632 2184 vitam
2659 2130 2714 2184 in
2739 2130 2868 2185 boni
2901 2131 3081 2185 locum
3110 2130 3328 2186 referet.

1769 2217 1876 2272 Sed
1908 2218 2010 2273 hoc
2037 2225 2143 2286 est,
2177 2219 2377 2290 inquit,
2404 2220 2640 2284 vanitas,
2667 2228 2720 2275 et
2757 2235 2953 2290 magna
2987 2222 3329 2292 improbitas.

1767 2309 2052 2375 Quomodo
2079 2311 2225 2364 enim
2256 2327 2362 2366 non
2389 2319 2475 2366 est
2513 2326 2707 2382 magna
2737 2311 3078 2382 improbitas,
3111 2314 3332 2382 quando

1766 2401 2049 2470 cognoscit
2074 2401 2312 2456 studium
2344 2409 2398 2457 et
2425 2401 2652 2456 liberam
2685 2403 3008 2458 electionem
3041 2420 3161 2474 qua:
3192 2405 3333 2461 inest

1764 2490 1979 2544 homini
2007 2491 2071 2545 ad
2106 2492 2360 2546 labores?
2384 2490 2497 2546 Hoc
2528 2492 2676 2546 enim
2702 2501 2786 2546 est
2819 2492 2909 2547 ubi
2936 2493 3330 2564 dicit:Cogno-

1767 2581 1873 2635 scit
1910 2581 2116 2635 homini
2146 2581 2202 2635 in
2228 2581 2374 2636 omni
2400 2581 2583 2636 labore
2615 2596 2736 2649 suo,
2763 2591 2818 2637 et
2839 2583 2896 2636 in
2915 2582 3088 2637 libera
3113 2583 3334 2638 electio-

1767 2686 1836 2726 ne
1869 2671 2052 2727 cordis
2080 2671 2187 2737 sui,
2235 2687 2344 2741 qua
2379 2672 2494 2742 ipse
2524 2673 2736 2726 laborat
2767 2673 2870 2728 sub
2913 2673 3045 2728 sole.
3079 2671 3218 2739 Quid
3251 2681 3336 2728 est

1766 2777 1897 2834 ergo
1941 2763 2087 2833 quod
2136 2762 2456 2833 cognoscit?
2509 2761 2663 2828 Quod
2699 2778 2912 2829 omnes,
2968 2765 3167 2834 inquit,
3217 2764 3335 2833 ejus

1767 2854 1885 2910 dies
1916 2862 2045 2909 sunt
2067 2853 2343 2918 dolorum,
2376 2861 2432 2908 et
2463 2854 2584 2923 ejus
2613 2854 2781 2907 animi
2807 2854 3025 2909 vexatio
3053 2860 3108 2908 et
3131 2855 3334 2909 distra-

1768 2946 1897 3000 ctio.
1931 2945 2240 3011 Quinetiam
2274 2951 2441 2999 noctu
2469 2960 2575 2999 non
2606 2944 2806 2998 dormit
2835 2959 2931 2998 cor
2955 2945 3094 3014 ejus.
3129 2944 3334 3000 Revera

1769 3034 1914 3088 enim
1947 3035 2012 3088 iis
2035 3048 2268 3104 quorum
2293 3033 2509 3088 animus
2533 3042 2783 3088 versatur
2807 3033 2859 3086 in
2887 3033 2990 3088 hac
3017 3035 3336 3098 tentatione,

1769 3121 1881 3176 vita
1915 3123 2134 3192 quidem
2161 3131 2243 3178 est
2271 3123 2565 3187 laboriosa,
2595 3122 2760 3178 veluti
2785 3124 3113 3194 quibusdam
3144 3125 3339 3179 stimu-

1770 3214 1860 3279 lis,
1915 3215 2072 3284 plura
2130 3215 2364 3270 habendi
2417 3217 2814 3286 cupiditatibus
2870 3232 2967 3273 cor
3016 3218 3334 3288 ﬂagellans:

1772 3303 1958 3358 dolore
1987 3312 2166 3358 autem
2195 3313 2249 3359 et
2279 3306 2524 3361 molestia
2556 3307 2774 3375 plenum
2804 3316 2890 3363 est
2917 3307 3073 3377 plura
3105 3307 3336 3362 habendi

1772 3394 2035 3457 studium,
2073 3409 2178 3448 non
2206 3401 2414 3451 tantum
2446 3395 2689 3464 gaudens
2714 3397 2780 3452 iis
2811 3412 2930 3467 quae
2957 3397 3137 3459 habet,
3164 3413 3334 3465 quan.

1772 3493 1885 3540 tum
1909 3486 2062 3539 triste
2089 3485 2159 3538 ob
2185 3499 2246 3539 ea
2276 3499 2396 3555 quae
2422 3484 2646 3554 desunt,
2673 3487 2875 3555 quibus
2901 3493 3065 3540 noctu
3097 3493 3150 3539 et
3174 3486 3340 3539 inter-

1773 3575 1867 3629 diu
1904 3575 2056 3629 labor
2086 3574 2367 3639 dividitur,
2403 3582 2462 3628 ut
2491 3575 2586 3644 qui
2618 3591 2714 3644 per
2743 3583 3038 3644 utrumque
3070 3588 3256 3627 eorum
3284 3576 3338 3627 in

1775 3681 1832 3720 se
1860 3667 2094 3720 invicem
2118 3672 2458 3728 exerceatur,
2490 3679 2615 3719 cum
2648 3665 2764 3718 dies
2795 3663 3013 3732 quidem
3045 3677 3337 3716 consumao

1774 3763 1865 3810 tur
1896 3755 1952 3810 in
1985 3755 2297 3810 laboribus:
2339 3770 2447 3808 nox
2477 3761 2658 3809 autem
2697 3769 2948 3808 somnum
2979 3753 3235 3808 amandet
3275 3753 3342 3806 ab

1776 3849 1971 3903 oculis.
2000 3845 2260 3900 Somnum
2288 3845 2431 3900 enim
2475 3845 2752 3915 expellunt
2779 3843 2848 3898 de
2885 3844 3038 3898 lucro
3077 3843 3341 3897 sollicitu-

1777 3937 1954 3992 dines.
1979 3937 2082 4002 Qui
2110 3951 2242 4006 ergo
2266 3935 2332 3989 ad
2360 3935 2475 3990 haec
2503 3934 2724 4004 aspicit,
2752 3933 3206 4004 quemadmodum
3232 3951 3339 3988 non

1776 4028 2106 4083 condemnat
2132 4026 2424 4082 vanitatem
2456 4025 2577 4095 ejus
2595 4024 2815 4080 ἐιυᾱὶἱῖ
2850 4023 2916 4078 Ει
2945 4025 3065 4088 ideo
3095 4024 3245 4079 addit
3275 4024 3343 4079 iis

1776 4123 2014 4178 Rursum
2052 4121 2213 4175 aliam
2250 4120 2425 4202 tangit
2453 4120 2840 4191 objectionem.
2890 4109 3005 4174 Hoc
3044 4129 3127 4174 est
3162 4125 3341 4175 autem

189 4301 241 4352 Εί
267 4304 324 4355 τὸ
360 4295 464 4369 ἐξῶ
491 4304 651 4376 ἡμῶν
693 4306 751 4357 ὲν
799 4307 910 4368 τοῖς
941 4305 1189 4375 ματαίοις
1217 4303 1486 4374 ἀριθμεῖς,
1519 4295 1564 4354 ὦ
1592 4301 1665 4353 δι-

1868 4299 1905 4354 5i
1941 4299 2088 4370 quod
2118 4306 2273 4354 extra
2305 4315 2405 4355 nos
2437 4308 2543 4365 est,
2571 4302 2627 4354 in
2654 4300 2806 4354 vanis
2838 4313 3116 4362 numeras,
3143 4313 3177 4352 ο
3207 4313 3344 4369 pra:-

129 4390 331 4446 δάςκαλε
356 4411 370 4424 ·
421 4397 559 4466 ὅπερ
595 4397 662 4449 ἂν
701 4396 782 4458 είς
812 4397 1035 4458 ἑαυτοὺς
1062 4394 1441 4464 ἀναλάϐωμεν,
1475 4394 1574 4446 οὐκ
1605 4393 1668 4445 ἂν

131 4482 325 4546 εἰκότως
357 4483 712 4560 καταγνωσθῇ
739 4484 814 4547 ὡς
841 4484 1087 4554 μάταιον.
1135 4482 1293 4536 Ἀλλά
1326 4483 1432 4554 μὴν
1460 4485 1492 4551 ἡ
1531 4481 1673 4554 βρῶ-

133 4569 202 4631 σίς
223 4587 275 4622 τε
315 4574 403 4626 καὶ
447 4575 480 4643 ἡ
527 4574 686 4635 πόσις
732 4575 789 4624 ὲν
835 4573 965 4642 ἡμῖν
996 4572 1176 4632 αὐτοῖς
1204 4571 1430 4639 γίνεται.
1464 4572 1538 4624 Οὐ
1565 4571 1672 4626 τῶν

134 4661 418 4732 smmi,sz
444 4665 552 4736 ἀρα
575 4665 637 4716 τὸ
666 4663 903 4716 τοιοῦτόν
933 4665 1101 4729 ἐστιν,
1133 4659 1268 4716 ἀλλά
1299 4663 1446 4716 θείαν
1475 4679 1559 4726 τις
1585 4663 1674 4714 εύ-

135 4753 352 4820 εργεσίαν
399 4756 498 4826 τὴν
544 4756 800 4826 τοιαύτην
848 4756 1005 4826 χάριν
1050 4756 1311 4827 ὁρίσαιτο.
1375 4755 1522 4825 Αὕτη
1576 4755 1673 4826 τῆς

91 4899 95 4916 λ
136 4844 420 4908 ἀντιθέσεως
446 4851 478 4918 ἡ
509 4849 718 4902 διάνοια
737 4865 750 4878 ο
788 4848 856 4900 τὰ
886 4847 943 4900 δὲ
981 4849 1199 4918 ῥήματα
1231 4847 1417 4900 τοῦτον
1447 4849 1558 4918 ἔχει
1584 4847 1674 4899 τὸν

91 4929 96 4936 “
138 4931 322 4996 τρόπον·
367 4955 384 4986 ι
415 4936 525 4988 Οὐκ
551 4937 698 4990 ἐστιν
716 4935 937 5004 ἀγαθὸν,
967 4953 984 4985 ι
1015 4935 1200 5006 φησιν,
1235 4954 1252 4986 ι
1291 4936 1348 4986 ἐν
1380 4934 1671 5004 ἀνθρώπῳ,

139 5020 451 5091 ῆὸφάγεται
493 5029 588 5079 καὶ
637 5027 849 5090 πίεται,
894 5027 988 5078 καὶ
1033 5026 1194 5089 δείξει
1225 5029 1290 5096 τῇ
1323 5025 1469 5096 ψυχῇ
1509 5023 1673 5078 αὑτοῦ

140 5109 314 5176 ἀγαθὸν
339 5117 391 5168 ἐν
415 5116 598 5187 μόχθῳ
627 5116 811 5170 αὐτοῦ.
837 5116 943 5168 Καί
971 5133 1031 5184 γε
1062 5115 1218 5168 τοῦτο
1253 5113 1392 5169 εἶδον
1426 5116 1558 5184 ἐγὼ,
1593 5117 1675 5170 ἔτι

142 5199 231 5251 ἀπὺ
261 5207 424 5274 χειρὸς
470 5206 561 5258 τοῦ
613 5205 746 5258 Θεοῦ
797 5209 974 5279 ἐστιν,
1017 5207 1098 5258 ὅτι
1147 5223 1229 5267 τις
1274 5205 1456 5259 πίεται
1503 5205 1677 5276 πάρεξ

143 5287 298 5342 αὑτοῦ.
330 5313 348 5344 ι
387 5295 566 5348 Ταῦτα
592 5297 621 5347 ὁ
647 5295 744 5365 τῆς
774 5295 1103 5365 λαιμαργίας
1129 5296 1424 5365 συνήγορος
1444 5295 1676 5349 ἀνθυπο-

145 5378 274 5448 φέρει
308 5384 378 5454 τῷ
413 5385 714 5456 διδασκάλῳ
750 5403 762 5416 ⁸
815 5389 896 5439 ὅτι
942 5385 996 5438 δὲ
1039 5385 1172 5456 πρὸς
1200 5386 1372 5439 ταῦτα
1402 5388 1430 5438 ὁ
1457 5385 1555 5456 τῆς
1587 5401 1676 5438 σθ’

145 5467 252 5532 φίας
275 5471 542 5546 ύφηγητὴς
577 5474 654 5544 τῷ
692 5473 959 5545 ἀνθρώπῳ
992 5475 1123 5546 φησὶ
1158 5474 1234 5543 τῷ
1272 5473 1460 5543 ἀγαθῴ
1491 5491 1502 5504 ·
1552 5476 1583 5544 ἡ
1624 5474 1677 5527 δὲ

147 5558 224 5610 τοῦ
249 5564 434 5630 ἁγαθοῦ
467 5567 748 5636 προσθήκη
790 5568 1001 5628 πάντως
1032 5567 1123 5620 καὶ
1151 5568 1245 5634 τὴν
1280 5565 1560 5635 διαστολὴν
1595 5568 1677 5617 ἐν-

1773 4400 1996 4459 ceptor:
2034 4388 2178 4459 quod
2215 4390 2269 4442 in
2303 4405 2403 4444 nos
2440 4389 2588 4458 ipsos
2635 4388 3029 4456 acceperimus,
3077 4403 3184 4440 non
3221 4387 3344 4456 jure

1775 4475 2128 4532 damnabitur
2157 4487 2214 4531 ut
2252 4493 2474 4533 vanum.
2512 4478 2674 4547 Atqui
2709 4478 2762 4531 in
2794 4477 2954 4532 nobis
2980 4485 3065 4532 est
3093 4477 3252 4532 cibus
3289 4485 3371 4530 t-t-

1773 4579 1958 4640 potus.
1986 4568 2104 4624 Non
2142 4576 2227 4624 est
2265 4583 2395 4638 ergo
2420 4569 2524 4622 hoc
2549 4569 2933 4637 rejiciendum,
2963 4569 3055 4623 sed
3091 4568 3337 4622 divinum

1774 4661 1880 4717 hoc
1909 4676 2035 4716 esse
2060 4661 2379 4717 beneﬁcium
2405 4669 2490 4716 est
2518 4660 2888 4716 statuendum.
2921 4659 3020 4715 llic
3041 4669 3125 4715 est
3146 4677 3340 4717 sensus

1775 4749 2121 4822 objectionis.
2157 4747 2334 4803 Verba
2369 4757 2549 4802 autem
2584 4748 2685 4800 hoc
2722 4746 2880 4800 modo
2917 4747 3148 4800 habent:
3179 4744 3339 4797 (Non

1775 4847 1861 4894 est
1888 4839 2147 4903 bonum,»
2184 4837 2382 4907 inquit,
2422 4837 2516 4890 «in
2539 4836 2779 4898 homine,
2813 4835 2918 4890 nisi
2942 4836 3084 4904 quod
3117 4835 3266 4890 bibet
3292 4843 3345 4886 et

1775 4929 2046 4993 comedet,
2076 4938 2131 4985 et
2162 4929 2414 4985 ostendet
2446 4930 2642 4983 anima:
2689 4943 2802 4982 sua:
2831 4927 3030 4996 bonpm
3069 4927 3124 4978 in
3162 4925 3346 4980 labore

1759 5037 1900 5092 ,suo.
1941 5021 2008 5076 Et
2035 5022 2138 5076 hoc
2167 5029 2316 5077 certe
2342 5021 2450 5077 vidi
2485 5036 2607 5091 ego,
2645 5020 2788 5090 quod
2825 5020 2896 5073 sit
2937 5034 2966 5071 a
3011 5032 3172 5070 manu
3226 5017 3343 5079 Dei,

1777 5112 1921 5182 quod
1949 5112 2220 5182 quispiam
2264 5111 2502 5166 comedit
2544 5121 2596 5164 et
2637 5110 2771 5162 bibit
2808 5108 2926 5162 sine
2975 5107 3144 5176 ipson
3181 5105 3344 5172 Quis-

1776 5205 1923 5275 piam
1959 5212 2140 5257 autem
2175 5211 2438 5272 patronus
2471 5203 2609 5272 gulae
2643 5201 2756 5256 haec
2788 5201 2975 5269 objicit
3003 5201 3342 5270 prmceplori.

1780 5295 1860 5348 Ad
1890 5296 2002 5350 haec
2027 5303 2204 5347 autem
2229 5294 2363 5347 dicit
2393 5293 2587 5346 doctor
2620 5293 2921 5359 sapientiae,
2950 5291 3158 5344 homini
3183 5293 3344 5344 bono.

1780 5387 1911 5440 Boni
1947 5395 2124 5440 autem
2162 5385 2394 5454 adjectio
2427 5383 2597 5438 efﬁcit
2640 5384 2868 5437 omnino
2916 5383 3346 5444 distinctionem,

1781 5486 1839 5530 ut
1871 5477 1940 5530 sit
1982 5474 2351 5538 manifestum,
2396 5473 2804 5545 quod'bonitati
2847 5474 3171 5544 intelligitur
3223 5490 3344 5529 esse

1782 5568 2136 5622 contrarium.
2167 5566 2382 5621 licinini
2411 5582 2557 5637 ergo,
2592 5581 2696 5620 non
2723 5565 2936 5635 pecudi.
2974 5582 3148 5635 neque
3179 5567 3224 5618 ei
3256 5567 3346 5632 qui
