3738 5984
382 199 489 257 695

1652 199 1709 254 S.
1749 199 2078 254 GREGORII
2114 201 2406 267 NYSSENI
2427 263 2430 266 ,

3526 202 3623 262 696

389 326 596 384 pronus
625 319 710 367 est
758 310 812 365 in
847 320 1116 375 ventrem,
1156 313 1252 382 qui
1299 320 1490 383 guttur
1527 311 1691 367 habet
1723 327 1824 382 pro
1870 327 1959 366 ra-

2100 313 2317 383 5είξατο,
2349 315 2489 370 ὥστε
2531 317 2689 388 δῆλον
2733 313 2871 372 εἶναι
2903 319 2964 373 τὸ
2999 322 3065 390 τῇ
3115 318 3404 389 ἀγαθότητι
3427 317 3504 370 ἐκ
3534 321 3622 372 τοῦ

389 404 536 457 tione
561 420 574 469 ;
604 402 699 457 sed
723 403 886 465 bono,
910 403 1006 473 qui
1034 403 1167 457 vivit
1195 402 1260 456 ad
1291 403 1417 458 boni
1449 405 1621 460 solius
1647 403 1955 474 imaginem.

390 492 510 547 Non
545 495 613 547 de
655 494 722 547 iis
755 493 897 549 Deus
937 494 1108 564 legem
1155 494 1336 548 sanxit
1375 493 1609 558 deliciis,
1640 495 1839 564 quibus
1869 494 1958 547 in-

393 585 507 638 niat
535 584 771 638 bclluina
801 592 992 638 natura
1019 603 1032 637 :
1065 585 1158 640 sed
1200 600 1298 654 pro
1325 586 1586 639 alimento
1615 584 1762 640 dedit
1787 585 1836 639 ei
1869 599 1958 639 sa-

392 671 652 738 pientiam
683 681 737 725 et
758 673 1122 742 cognitionem
1145 681 1200 728 et
1227 674 1489 727 laetitiam.
1515 673 1798 740 Quomodo
1813 674 1958 728 enim

390 763 615 816 auxeris
637 764 934 820 bonitatem
955 781 1050 835 per
1070 782 1134 821 ea
1159 782 1279 836 quae
1303 768 1478 822 ventri
1501 779 1629 822 sunt
1648 763 1960 823 esculenta?

399 852 555 907 «Non
589 855 644 908 in
686 856 803 910 solo
833 871 972 925 pane
1001 857 1144 913 vivet
1175 859 1339 914 homo
1359 859 1461 913 3°.»
1499 859 1612 915 Hoc
1640 859 1753 913 veri
1798 858 1959 914 Verbi

389 952 476 998 est
505 947 751 1000 verbum.
798 947 943 1004 Pane
972 965 1082 1004 non
1115 951 1283 1004 alitur
1310 951 1510 1017 virtus,
1544 967 1653 1006 non
1701 951 1959 1006 carnibus

394 1036 476 1090 vis
529 1037 728 1091 animae
783 1037 844 1092 ﬁt
894 1039 1050 1094 bonae
1103 1042 1459 1109 habitudinis,
1521 1053 1576 1098 et
1630 1045 1954 1114 pinguescit.

391 1129 529 1183 Aliis
561 1130 698 1184 cibis
739 1131 988 1188 sublimis
1019 1133 1129 1186 vita
1159 1134 1344 1200 alitur,
1397 1136 1664 1206 plenaque
1711 1138 1962 1192 redditur

393 1232 445 1274 et
483 1223 825 1276 succulenta.
852 1221 984 1276 Boni
1016 1225 1159 1278 enim
1189 1226 1506 1281 alimentum
1535 1236 1620 1283 est
1650 1237 1962 1298 temperan-

393 1313 490 1370 tia.
521 1314 678 1380 panis
716 1313 1003 1382 sapientia,
1053 1318 1343 1384 opsonium
1387 1317 1624 1386 justitia,
1661 1331 1822 1389 potus
1856 1320 1960 1372 im-

393 1403 709 1470 patibilitas,
759 1406 1012 1475 voluptas
1061 1423 1171 1462 non
1214 1411 1466 1480 voluptas
1514 1415 1719 1477 carnis,
1770 1414 1960 1482 cujus-

393 1493 538 1547 modi
565 1502 645 1548 est
677 1495 894 1551 habitus
921 1499 1014 1567 qui
1042 1483 1259 1568 capitur
1287 1516 1352 1555 ex
1379 1517 1443 1556 eo
1473 1504 1619 1572 quod
1649 1512 1732 1560 est
1760 1505 1960 1573 jucun-

392 1583 546 1647 dum,
583 1586 677 1639 sed
706 1601 767 1640 ea
792 1587 949 1656 cujus
979 1597 1062 1644 est
1088 1597 1143 1644 et
1169 1606 1364 1646 nomen
1401 1601 1454 1647 et
1484 1593 1718 1649 ollicium
1751 1598 1955 1663 laetitia,

390 1691 515 1744 quae
550 1675 756 1730 dicitur
804 1679 1139 1752 εὐφροσύνης
1171 1695 1454 1752 propterea
1487 1686 1628 1739 enim
1673 1689 1960 1757 appellavit

394 1767 500 1820 hoc
534 1768 754 1822 nomine
803 1783 945 1834 eam,
997 1786 1120 1841 qua
1148 1780 1233 1827 est
1281 1775 1336 1828 in
1366 1775 1546 1830 anima
1577 1778 1644 1830 ad
1676 1779 1878 1834 bonum
1909 1789 1964 1836 et

394 1857 682 1912 honestum
710 1859 1073 1929 affectionem,
1107 1867 1366 1934 quoniam
1393 1884 1460 1923 ex
1490 1869 1787 1941 εὐφρονεῖν,
1818 1875 1964 1944 quod

395 1964 479 2006 est
513 1961 658 2008 recte
703 1969 914 2023 sapere,
963 1956 1022 2010 ﬁt
1054 1957 1322 2026 ejusmodi
1364 1964 1707 2020 constitutio.
1740 1964 1965 2036 Oportet

396 2059 523 2112 ergo
546 2044 634 2098 hic
661 2061 879 2116 quoque
903 2048 1117 2104 discere
1143 2065 1206 2105 ea
1241 2067 1362 2121 quae
1389 2054 1554 2108 etiam
1587 2056 1875 2112 didicimus
1897 2059 1966 2113 ab

397 2135 677 2204 Apostolo,
699 2139 766 2204 ει,
786 2139 926 2208 quod
945 2139 1036 2195 Dei
1055 2156 1278 2210 regnum
1300 2159 1407 2198 non
1430 2155 1514 2200 est
1537 2147 1690 2203 cibus
1713 2158 1764 2204 et
1782 2157 1963 2217 potus,

397 2224 489 2276 sed
517 2223 730 2290 jnstitia
759 2233 811 2277 et
843 2227 1216 2295 impatibilitas
1238 2236 1290 2283 et
1314 2230 1608 2286 beatitudo.
1637 2233 1766 2298 Quae
1784 2246 1967 2292 autem

403 2322 620 2381 propter
648 2316 979 2384 voluptatem
1010 2319 1261 2387 corporis
1286 2320 1594 2375 vehementi
1630 2325 1812 2380 studio
1834 2325 1970 2381 ﬁunt

400 2404 812 2470 abbominibus,
834 2422 896 2461 ea
915 2416 1043 2463 sunt
1061 2410 1299 2464 studium
1319 2422 1758 2480 peccatorum,et
1775 2419 1968 2473 anima:

400 2491 703 2557 distractio,
730 2509 850 2563 qua:
873 2495 939 2548 ad
967 2495 1227 2550 inferiora
1253 2497 1594 2553 abstraliitur
1620 2515 1650 2553 a
1675 2504 1965 2572 supernis:

399 2585 557 2653 cujus
608 2600 770 2640 omne
816 2587 1159 2641 intervallum
1210 2589 1266 2642 in
1311 2590 1414 2646 bac
1455 2592 1564 2645 vita
1611 2593 1967 2659 traducenda,

399 2676 741 2729 consumitur
770 2677 825 2730 in
873 2677 1056 2731 studio
1084 2678 1320 2733 addendi
1354 2687 1409 2734 et
1438 2684 1831 2753 congregandi.
1866 2685 1969 2750 Qui

399 2781 526 2835 ergo
549 2766 650 2820 hoc
670 2781 792 2821 esse
817 2767 1019 2820 bonum
1043 2769 1251 2838 judicat
1273 2771 1326 2824 in
1357 2771 1447 2826 Dei
1472 2783 1794 2844 conspectu,
1820 2778 1974 2847 igno-l

401 2865 483 2910 rat
518 2872 577 2913 se
623 2857 826 2912 bonum
857 2858 1084 2914 deﬁnire
1112 2861 1168 2913 in
1198 2876 1264 2916 eo
1284 2857 1438 2931 'quod
1468 2880 1665 2919 vanum
1705 2875 1809 2923 est.
1847 2867 1939 2924 Hae

2059 404 2300 457 ἐναντίου
2339 405 2646 476 νοούμενον.
2671 407 2761 478 Τῷ
2788 404 2879 463 οῦν
2912 407 3200 480 ἀνθρώπῳ,
3234 410 3294 462 οὐ
3321 409 3395 478 τῷ
3425 409 3624 479 βοσκή-

2062 511 2192 564 ματι
2215 535 2230 560 ,
2282 496 2402 549 οὐδὲ
2433 497 2512 568 τῷ
2555 501 2620 570 τῇ
2664 500 2862 571 γαστρὶ
2911 498 3100 553 ἐαυτοῦ
3133 501 3506 569 ἐπικεκυφότι,
3555 501 3625 569 τῷ

2059 584 2251 656 λαιμὸν
2279 589 2400 641 ἀντὶ
2421 589 2680 660 λογισμοῦ
2707 593 3026 661 κεκτημένῳ
3045 609 3058 621 ·
3087 591 3219 644 ἀλλὰ
3244 590 3319 661 τῷ
3345 590 3537 660 ἀγαθῷ
3556 591 3626 659 τῷ

2061 679 2182 731 κατ’
2199 681 2378 733 εἰκόνα
2404 681 2562 751 μόνου
2583 681 2676 734 τοῦ
2699 683 2903 751 ἀγαθοῦ
2930 680 3112 745 ζῶντι·
3139 685 3199 736 οὐ
3225 683 3422 753 ταύτην
3437 684 3629 752 ἐνομο-

2060 770 2285 842 θέτησεν
2300 774 2328 824 6
2344 772 2474 835 Θεὸς
2491 775 2590 842 τὴν
2610 773 2840 845 τρυφὴν,
2852 775 2979 844 περὶ
2999 774 3113 845 ἢνή
3136 774 3408 844 κτηνώδης
3428 778 3626 844 κέχηνε

2061 862 2250 931 φύσιςο
2289 864 2404 917 ἀλλ’
2429 865 2622 918 ἔδωκεν
2652 865 2819 936 αὐτῷ,
2849 866 3036 936 φησὶν,
3059 865 3179 918 ἀντὶ
3210 865 3412 936 τροφῆς
3435 864 3627 933 σοφίαν

2059 955 2153 1006 καὶ
2186 955 2384 1023 γνῶσιν
2416 956 2506 1008 καὶ
2543 956 2899 1027 εὐφροσύνην.
2946 956 3070 1019 Πῶς
3099 956 3208 1027 γάρ
3237 957 3319 1020 τίς
3354 973 3408 1010 τε
3427 955 3629 1024 ἀγαθό-

2059 1062 2218 1115 τητος
2238 1046 2324 1100 διά
2339 1047 2447 1100 τῶν
2473 1047 2572 1116 τῆς
2590 1047 2825 1118 γαστρὸς
2844 1046 3119 1116 ἐδωδίμων
3138 1045 3453 1116 αὐξήσειενς
3475 1065 3495 1097 ι
3522 1047 3629 1099 Ούκ

2061 1140 2148 1190 ἐπ’
2171 1139 2319 1210 ἄρτῳ
2343 1141 2489 1210 μόνῳ
2510 1140 2732 1210 ζήσεται
2760 1141 2788 1192 6
2815 1138 3117 1209 ἄνθρωπος.
3149 1157 3167 1188 ι
3196 1133 3360 1200 Οὗτος
3382 1136 3476 1190 τοῦ
3502 1137 3631 1206 ἀλη-

2062 1231 2210 1284 θινοῦ
2228 1233 2399 1299 Λόγου
2422 1232 2450 1283 6
2469 1232 2652 1300 λόγος.
2666 1232 2738 1284 Οὐ
2761 1232 3016 1303 τρέφεται
3038 1231 3186 1302 ἄρτῳ
3204 1232 3236 1302 ἡ
3256 1230 3442 1301 ἀρετὴ,
3466 1230 3529 1282 οὐ
3547 1230 3631 1283 διὰ

2062 1323 2239 1394 κρεῶν
2276 1327 2309 1394 ή
2350 1324 2451 1392 τῆς
2487 1321 2662 1392 ψυχῆς
2700 1321 2929 1393 δύναμις
2963 1322 3176 1374 εύεκτεῖ
3211 1322 3302 1373 καὶ
3333 1321 3626 1373 πιαίνεται.

2066 1415 2277 1478 Ἀλλοις
2299 1414 2589 1483 ἐδέσμασιν
2608 1416 2635 1465 6
2665 1413 2866 1482 ὑψηλὸς
2896 1412 3008 1482 βίος
3037 1413 3293 1482 τρέφεται
3335 1412 3428 1466 καὶ
3471 1410 3630 1480 ἁδρύ-

2064 1525 2230 1560 νεται.
2265 1507 2449 1578 Τροφὴ
2483 1504 2576 1558 τοῦ
2607 1504 2811 1572 ἀγαθοῦ
2847 1503 3246 1574 ἡσωφροσύνη,
3273 1503 3433 1571 ἄρτος
3474 1505 3508 1571 ἡ
3547 1518 3625 1554 σο-

2064 1600 2192 1667 φία,
2249 1597 2376 1667 ὄψον
2423 1599 2456 1667 ἡ
2500 1595 2832 1665 δικαιοσύνη,
2891 1595 3052 1648 ποτὸν
3113 1597 3144 1665 ή
3190 1594 3459 1657 ἀπάθεια,
3517 1593 3630 1661 ἡδο-

2065 1691 2128 1761 νὴ
2168 1689 2265 1759 οὐχ
2286 1691 2319 1759 ἡ
2349 1688 2442 1741 τοῦ
2466 1686 2734 1757 σώματος,
2775 1685 2934 1738 ὁποία
2963 1685 3026 1756 δὴ
3141 1685 3266 1754 περὶ
3302 1684 3359 1736 τὸ
3393 1683 3628 1736 καταθύ-

2067 1799 2186 1851 μιον
2213 1781 2394 1850 σχέσις
2415 1797 2426 1808 ·
2447 1778 2560 1832 ἀλλ’
2589 1774 2655 1850 ἧς
2675 1778 2846 1848 ὄνομα
2873 1795 2930 1829 τε
2956 1777 3050 1829 κα)⁸
3082 1776 3239 1847 ἔργον
3265 1777 3298 1846 ἡ
3327 1773 3630 1844 εὐφροσύνη

2063 1872 2228 1924 ἐστίν’
2278 1870 2367 1922 διά
2412 1868 2568 1922 τοῦτο
2609 1873 2715 1938 γὰρ
2766 1869 2860 1921 καὶ
2910 1867 3160 1936 ὠνόμασε
3200 1869 3264 1935 τῇ
3296 1864 3633 1935 προσηγορίᾳ

2063 1960 2233 2032 ταύτῃ
2256 1960 2351 2030 τὴν
2385 1961 2441 2012 ὲν
2484 1962 2547 2029 τῇ
2591 1959 2735 2029 ψυχῇ
2767 1959 2902 2030 πρὸς
2923 1957 2981 2010 τὸ
3017 1957 3178 2010 καλὸν
3207 1957 3503 2024 γινομένην
3529 1955 3634 2007 διὰ-

2065 2052 2232 2116 θεσιν,
2254 2052 2336 2104 ὅτι
2366 2053 2430 2103 ἐκ
2468 2049 2562 2102 τοῦ
2598 2051 2896 2118 εὐφρονεῖν,
2927 2051 2960 2120 ἡ
2998 2048 3221 2118 τοιαύτη
3275 2048 3634 2115 παραγίνεται

2066 2146 2428 2206 κατάστασις.
2461 2141 2580 2213 Χρὴ
2609 2141 2786 2194 τοίνυν
2838 2141 2931 2192 καὶ
2980 2139 3213 2192 ἐνταῦθα
3256 2138 3472 2208 μαθεῖν,
3502 2138 3634 2205 ειπερ

2066 2236 2152 2289 καὶ
2202 2234 2353 2304 παρά
2377 2231 2471 2288 τοῦ
2522 2232 2843 2286 Ἀποστόλου
2880 2230 3214 2301 ἠκούσαμεν,
3254 2231 3333 2282 ὃτι
3367 2230 3471 2281 οὐκ
3497 2229 3634 2280 ἔστιν

2067 2325 2098 2396 ὴ
2129 2319 2370 2390 βασιλεία
2385 2323 2482 2377 τοῦ
2503 2321 2637 2378 Θεοῦ
2666 2326 2863 2395 βρῶσις
2888 2323 2979 2375 καὶ
3005 2321 3178 2382 πόσις,
3205 2319 3337 2372 ἀλλά
3365 2317 3636 2372 δικαιοσύ-

2069 2429 2133 2482 νη
2173 2412 2266 2464 καὶ
2294 2410 2663 2476 ἀπάθεια,καὶ
2695 2409 3050 2481 μακαριότης.
3085 2411 3151 2460 Ἀ
3175 2409 3229 2461 δὲ
3258 2409 3352 2478 τῆς
3402 2423 3637 2478 σωματι-

2070 2501 2174 2570 κῆς
2205 2499 2558 2562 ἀπολαύσεως
2579 2501 2764 2552 ἕνεκεν
2805 2496 2955 2568 παρά
2987 2496 3092 2550 τῶν
3138 2496 3443 2566 ἀνθρώπων
3479 2513 3638 2548 σπου-

2069 2589 2311 2656 δάζεται,
2354 2589 2690 2660 ἁμαρτωλῶν
2722 2590 2838 2640 ἐστι
2891 2570 3109 2658 σπουδη
3133 2587 3225 2640 καὶ
3260 2583 3635 2656 περισπασμὸς

2069 2682 2265 2752 ψυχῆς,
2294 2681 2402 2735 ἀπὸ
2426 2681 2533 2734 τῶν
2574 2681 2684 2734 ἄνω
2717 2679 2854 2748 πρὸς
2884 2679 2953 2731 τὰ
3005 2677 3152 2731 κάτω
3180 2677 3633 2748 κατασπωμένης,

2070 2767 2138 2843 ἧς
2169 2774 2275 2824 πᾶν
2312 2771 2372 2824 τὸ
2396 2771 2667 2840 διάστημα
2701 2770 2799 2838 τῆς
2829 2771 2885 2822 ἐν
2906 2769 2984 2837 τῷ
3030 2768 3131 2838 βίῳ
3163 2768 3338 2836 τούτῳ
3363 2754 3636 2835 διαγωγῆς

2072 2867 2152 2926 εἰς
2177 2863 2272 2934 τὴν
2301 2864 2428 2933 περὶ
2451 2861 2546 2914 τοῦ
2570 2860 2883 2931 προσθεῖναι
2915 2861 3011 2912 καὶ
3051 2862 3377 2928 συναγαγεῖν
3409 2857 3635 2926 σπουδὴν

399 2963 500 3014 ego
527 2947 634 3002 dixi
675 2964 805 3003 voce
841 2965 982 3004 mea.
1037 2949 1191 3006 Hunc
1239 2961 1418 3008 autem
1457 2972 1676 3012 sensum
1716 2960 1959 3030 obsigna-

2100 2955 2444 3007 ιναλίσκεται.
2483 2951 2541 3004 Ὁ
2581 2948 2674 3004 οὖν
2701 2951 2859 3004 τοῦτο
2909 2950 3114 3018 ἀγαθὸν
3159 2952 3216 3002 ἐν
3257 2950 3335 3020 τῷ
3367 2950 3637 3022 προσώπῳ

399 3037 537 3089 bunt
569 3038 800 3092 adducta
840 3040 1005 3093 verba
1043 3040 1246 3094 divina.
1283 3041 1422 3097 Dicit
1465 3047 1638 3103 enim:
1670 3047 1760 3102 26.
1799 3048 1970 3104 «Pec-

402 3129 570 3183 catori
603 3129 750 3182 dedit
774 3131 1208 3199 occupationem.
1225 3141 1284 3186 ut
1307 3135 1471 3188 addat
1487 3145 1541 3190 et
1562 3147 1874 3208 congreget,
1908 3151 1968 3196 ut

403 3219 580 3273 tradat
613 3221 757 3274 bono
795 3221 848 3275 in
883 3232 1179 3292 conspectu
1208 3224 1322 3280 Dei.
1363 3225 1478 3282 Hoc
1503 3244 1720 3297 quoque
1757 3239 1840 3284 est
1872 3248 1969 3285 va-

2075 3045 2168 3099 τοῦ
2215 3042 2350 3096 Θεοῦ
2389 3041 2608 3114 κρίνων,
2659 3043 2843 3109 ἀγνοεῖ
2882 3043 2940 3094 ἐν
2971 3043 3049 3112 τῷ
3083 3043 3296 3112 ματαίῳ
3325 3042 3385 3094 τὸ
3441 3039 3635 3110 ἀγαθὸν

2075 3138 2412 3209 ὁριζόμενος.
2469 3134 2652 3188 Ταῦτα
2703 3131 2855 3188 εἷπον
2903 3135 3031 3202 ἐγὼ,
3060 3138 3128 3205 τῇ
3184 3133 3424 3204 ἐμαυτοῦ
3471 3134 3634 3202 φωνῇ.

2089 3227 2503 3298 Ἐπισφραγίσει
2535 3226 2592 3278 δὲ
2621 3225 2717 3295 τὴν
2770 3225 3005 3278 διάνοιαν
3037 3225 3239 3294 ταύτην
3267 3227 3301 3296 ή
3339 3227 3450 3278 τῶν
3490 3223 3637 3276 θείων

402 3312 546 3367 nitas
575 3321 628 3366 et
654 3314 1005 3383 praasumptin
1035 3315 1312 3384 spiritus.»
1363 3317 1493 3382 Quae
1522 3335 1650 3388 ergo
1680 3321 1959 3380 didicimus

2105 3340 2136 3390 η
2146 3321 2327 3388 μάτων
2350 3317 2820 3386 παράθεσις.Φησ“ι
2837 3316 2964 3386 γὰρ,
2992 3335 3011 3366 ι
3037 3315 3126 3384 Τῷ
3149 3315 3461 3386 ἁμαρτωλῷ
3482 3315 3636 3368 ἔδωκε

402 3417 466 3456 ex
494 3403 595 3454 hac.
622 3403 852 3458 invicem
875 3408 1285 3474 comparatione
1312 3408 1442 3462 boni
1469 3419 1524 3465 et
1554 3413 1681 3465 mali
1707 3429 1802 3482 per
1832 3415 1959 3469 bant

2100 3411 2452 3481 εερισπασμὸν
2501 3407 2594 3461 τοῦ
2640 3406 2953 3477 προσθεῖναι
3002 3407 3096 3459 καὶ
3151 3411 3518 3473 συναγαγεῖν,
3545 3402 3630 3456 τοῦ

403 3493 714 3560 lectionem,
749 3493 878 3549 dent
913 3497 1073 3551 nobis
1102 3499 1364 3553 auxilium
1397 3501 1464 3554 ad
1500 3486 1721 3556 vitanda
1749 3505 1959 3573 quidem

2100 3502 2248 3556 οῦναι
2296 3501 2372 3570 τῷ
2413 3497 2605 3568 ἀγαθῷ
2638 3497 2744 3569 πρὸ
2790 3495 3084 3568 προσώπου
3131 3494 3226 3548 τοῦ
3274 3494 3433 3548 Θεοῦ.
3523 3494 3636 3544 Ὅτι

403 3597 468 3636 ea
508 3597 628 3650 qua:
658 3591 785 3637 sunt
816 3585 1096 3654 damnata,
1131 3592 1507 3661 persequenda
1537 3603 1714 3648 autem
1755 3611 1817 3649 ea
1852 3610 1959 3666 qua

2100 3592 2168 3647 ιαί
2196 3609 2264 3660 γε
2292 3591 2449 3645 τοῦτο
2504 3588 2798 3660 ματαιότης
2832 3593 2927 3642 καὶ
2950 3590 3265 3660 προαίρεσις
3283 3584 3632 3652 πνεύματοςη

399 3681 533 3726 sunt
571 3675 733 3728 bona.
1747 3683 1754 3692 ’
2082 3687 2218 3738 Ὅσα
2241 3683 2418 3736 τοίνυν
2446 3681 2509 3732 ὲκ
2530 3680 2633 3748 ,τῆς
2661 3675 3000 3746 παραλλήλου
3023 3673 3228 3742 ταύτης
3253 3672 3637 3738 συνεξετάσως

405 3770 504 3837 τῆς
529 3769 621 3822 τοῦ
652 3769 815 3824 καλοῧ
843 3773 937 3826 καὶ
963 3774 1226 3846 χείρονος.
1251 3776 1338 3830 διὰ
1387 3779 1486 3848 τῆς
1527 3781 1622 3833 νῦν
1655 3769 2053 3855 μεμαθήκαμεν
2084 3778 2462 3848 ἀναγνώσεως,
2491 3776 2698 3842 γένοιτο
2767 3773 2895 3841 ἡμῖν
2962 3768 3182 3840 βοήθεια
3237 3766 3375 3836 πρὸς
3441 3768 3638 3831 ἀποφυ-

405 3863 508 3952 γὴν
540 3863 638 3934 μὲν
669 3864 778 3918 τῶν
810 3870 1297 3939 κατεγνωσμένων,
1329 3871 1538 3943 ἐφόδιον
1555 3875 1610 3928 δὲ
1637 3877 1744 3933 τῶν
1774 3879 1910 3952 πρὸς
1939 3878 2002 3932 τὸ
2038 3872 2284 3956 κρεῖττον
2316 3869 2782 3941 κατορθουμένων.

983 4023 1269 4079 HOMILIA
1307 4028 1395 4083 Vl.

479 4129 749 4187 Omnibus
795 4143 882 4189 est
926 4144 1162 4206 tempus,
1197 4149 1251 4193 et
1295 4143 1676 4210 opportunitas
1711 4145 1979 4200 universa!

409 4224 488 4276 rei
511 4224 622 4279 sub.
647 4224 808 4278 caalo.
843 4224 955 4280 Hoc
982 4235 1067 4280 est
1100 4229 1313 4283 initium
1343 4232 1686 4302 eloquiorum
1714 4251 1836 4304 qua:
1855 4239 1980 4298 con-

407 4315 720 4385 templanda
755 4317 914 4371 nobis
946 4326 1076 4372 sunt
1110 4323 1408 4394 proposita.
1446 4323 1541 4379 Est
1575 4334 1752 4381 autem
1783 4335 1837 4380 et
1868 4343 1975 4382 non

2662 4002 2922 4076 IOMIAIA
2953 4021 3044 4085 (τ’.

2149 4145 2275 4206 Τοῖς
2316 4141 2479 4193 πᾶσιν
2505 4140 2533 4191 6
2576 4137 2786 4207 χρόνος,
2826 4132 2919 4185 καὶ
2953 4131 3144 4200 καιρὸς
3191 4127 3270 4197 τῷ
3312 4127 3477 4180 παντὶ
3514 4122 3636 4193 πρά-

2079 4254 2248 4308 γματι
2273 4233 2379 4286 ὑπὸ
2403 4233 2494 4284 τὸν
2522 4229 2751 4300 οὐρανόν
2773 4245 2784 4257 ·
2817 4225 2954 4293 αὕτη
2983 4223 3090 4276 τῶν
3119 4221 3498 4315 προκειμένων
3521 4218 3636 4315 ἡμῖν

2077 4326 2274 4392 λογίων
2305 4325 2385 4385 εἰς
2419 4321 2651 4392 θεωρίαν
2681 4317 2848 4388 ἀρχή.
2885 4317 3043 4368 Ἐστι
3069 4315 3124 4366 δέ
3153 4313 3250 4365 καὶ
3287 4314 3315 4364 6
3361 4311 3521 4373 πόνος
3551 4311 3636 4373 τῆς

409 4409 660 4461 modicus
691 4408 846 4462 labor
896 4411 1341 4476 examinationis,
1391 4423 1444 4468 ct
1477 4417 1622 4484 quod
1671 4433 1736 4470 ex
1785 4417 1959 4473 labore

2100 4414 2380 4481 ,ξετάσεως
2406 4412 2482 4464 ⁸οὐ
2538 4410 2754 4480 μικρὸς,
2782 4409 2874 4462 καὶ
2905 4407 2967 4459 τὸ
2994 4409 3059 4459 ἐκ
3102 4404 3196 4457 τοῦ
3245 4404 3407 4456 πόνου
3441 4402 3634 4473 κέρδος.

409 4498 626 4566 capitur
681 4498 917 4562 lucrum,
976 4509 1061 4556 est
1118 4515 1297 4571 operae
1323 4506 1582 4573 pretium.
1615 4505 1780 4559 Forte
1827 4507 1971 4560 enim

409 4603 610 4656 scopus
645 4603 834 4642 eorum
883 4605 1003 4658 quae
1052 4599 1182 4645 sunt
1231 4608 1262 4646 a
1308 4595 1469 4650 nobis
1519 4596 1864 4650 considerata
1919 4597 1977 4652 in

410 4678 678 4748 principio
714 4678 860 4744 libri,
898 4681 1135 4736 maxime
1175 4691 1407 4752 apparet
1445 4685 1500 4738 in
1557 4686 1660 4741 hac
1707 4695 1883 4756 parte,
1919 4696 1979 4742 ut

410 4769 712 4840 procedens
744 4785 840 4840 per
879 4775 1332 4842 consequentiam
1372 4779 1628 4832 ostendet
1674 4779 1872 4833 oratio.
1923 4779 1979 4834 In

411 4865 480 4918 iis
520 4879 642 4934 quae
688 4872 1114 4932 praecesserunt,
1162 4865 1417 4920 damnata
1463 4876 1593 4922 sunt
1639 4871 1821 4924 omnia
1855 4881 1980 4926 tan-

411 4976 574 5028 quam
610 4975 767 5025 vana,
803 4960 864 5014 in
899 4975 1020 5030 quae
1047 4961 1116 5015 ab
1151 4961 1372 5016 homine
1414 4963 1700 5019 confertur
1733 4966 1977 5020 studium

411 5053 482 5106 ob
513 5052 721 5105 nullum
757 5051 971 5104 lucrum
1012 5045 1554 5108 animm..Ostensum
1588 5062 1672 5108 est
1707 5055 1850 5110 enim
1885 5055 1982 5109 bo-

414 5161 567 5209 num,
601 5144 668 5198 ad
701 5143 847 5213 quod
889 5151 972 5199 est
1007 5144 1326 5198 intuendum
1368 5161 1464 5215 per
1496 5162 1559 5228 ea
1602 5148 1798 5202 mentis
1828 5149 1982 5218 cogi-

414 5243 549 5300 tata,
573 5251 694 5305 qua:
727 5236 832 5289 sila
862 5244 992 5290 sunt
1027 5237 1079 5290 in
1113 5237 1313 5306 capite.
1346 5237 1416 5292 lis
1447 5245 1628 5292 autem
1659 5239 1752 5308 qui
1798 5253 1988 5308 corpo-

415 5339 562 5380 ream
598 5327 941 5394 praztendunt
971 5328 1333 5396 voluptatem,
1374 5329 1640 5398 Opposita;
1677 5338 1807 5384 sunt
1847 5330 1988 5384 deli-

2080 4506 2175 4560 τοῦ
2209 4505 2369 4575 πόνου
2400 4503 2568 4568 ἀξιον.
2586 4502 2737 4572 Τάχα
2758 4501 2865 4571 γάρ
2886 4502 2914 4553 6
2941 4500 3139 4561 σκοπὸς
3163 4496 3274 4550 τῶν
3299 4499 3358 4548 ἐν
3377 4498 3491 4559 τοῖς
3511 4488 3639 4562 πρὼ-

2058 4614 2196 4660 ,τοις
2223 4595 2317 4648 τοῦ
2359 4593 2566 4663 βιϐλίου
2611 4589 2996 4660 θεωρηθέντων
3027 4590 3177 4659 ἡμῖν,
3209 4587 3268 4638 ἐν
3295 4585 3473 4656 τούτῳ
3503 4583 3639 4656 μάλι-

2087 4705 2188 4740 στα
2236 4683 2564 4756 φανεροῦται
2605 4681 2684 4752 τῷ
2721 4682 2895 4752 μέρει,
2930 4681 3006 4743 ὡς
3037 4677 3243 4751 προῖὼν
3287 4677 3542 4742 ἐπιδείξει
3567 4672 3639 4726 διὰ

2086 4779 2184 4848 τῆς
2215 4777 2540 4840 ἀκολουθίας
2578 4778 2605 4829 6
2645 4775 2822 4842 λόγος.
2869 4771 3235 4842 Κατεγνώσθη
3282 4770 3351 4824 τὰ
3395 4771 3568 4823 πάντα
3592 4768 3638 4818 ὲν

2024 4873 2198 4931 ,κτοῖς
2239 4867 2570 4939 προλαϐοῦσι
2623 4865 2802 4934 λόγοις
2845 4865 2920 4926 ὡς
2962 4865 3165 4934 μάταια
3193 4903 3208 4927 ,
3239 4863 3339 4915 ὅσα
3383 4860 3524 4914 κατά
3565 4857 3639 4909 τὸν

2088 4963 2372 5033 ἄνθρωπον
2421 4962 2507 5023 ἐπ’
2558 4957 2732 5012 οὐδενὶ
2783 4954 3000 5026 ψυχικῷ
3049 4953 3230 5025 κέρδει
3279 4950 3638 5014 σπουδάζεται.

2101 5051 2422 5122 ’Υπεδείχθη
2451 5051 2557 5120 γὰρ
2600 5049 2661 5101 τὸ
2696 5047 2929 5116 ἀγαθὸν,
2955 5045 3094 5117 πρὸς
3120 5045 3148 5097 ὂ
3178 5044 3284 5115 χρὴ
3324 5042 3413 5095 διὰ
3457 5042 3562 5094 τῶν
3585 5038 3636 5102 τῇ

2093 5147 2301 5217 κεφαλῇ
2350 5143 2684 5212 ἐγκειμένων
2729 5139 3022 5211 νοημάτων
3068 5137 3316 5205 βλέπειν·
3336 5136 3449 5196 τοῖς
3481 5133 3538 5185 δέ
3559 5127 3639 5194 τὴν

2095 5235 2410 5308 σωματικὴν
2431 5231 2841 5306 προῖσχομένοις
2867 5228 3165 5282 ἀπόλαυσιν
3187 5224 3444 5294 ἀντετέθη
3463 5226 3496 5292 ἡ
3523 5224 3635 5274 κατι

2087 5329 2187 5398 τὴν
2239 5325 2432 5393 σοφίαν
2480 5323 2688 5402 τρυφή.¹
2718 5318 2906 5371 Λείπει
2958 5317 3018 5370 τὸ
3067 5316 3268 5384 γνῶναι
3315 5313 3432 5376 πῶς
3475 5314 3536 5365 ἄν

416 5417 516 5470 (ria:
541 5431 661 5486 quae
685 5425 815 5470 sunt
847 5433 913 5469 ex
939 5397 1512 5486 sapientia.Restat,ut
1538 5419 1778 5474 sciamus
1799 5434 1959 5491 quem

2100 5397 2209 5478 κατ’
2243 5415 2445 5488 ἀρετὴν
2467 5397 2947 5485 βιώσει,’καθάπερ
2978 5408 3097 5462 τινὰ
3131 5407 3328 5477 τέχνην
3349 5403 3443 5458 καὶ
3476 5397 3634 5473 ἑφθῶν

492 5600 531 5630 ξ’
565 5598 748 5651 .liattl).
782 5612 852 5658 tv,
893 5599 943 5650 4.
1020 5601 1055 5626 ⁸⁸
1107 5598 1122 5650 l
1179 5599 1300 5653 Cor.
1340 5616 1425 5661 XV,
1456 5601 1544 5652 T-l.
