3766 5986
152 206 283 266 697

1265 209 1332 266 ΙΝ
1368 204 1902 265 ΕίῖϐιΕΞΙΑΒΤΕΝ.
1946 202 2229 260 HOMlLIA
2264 201 2342 259 Vl.

3328 193 3436 252 698

162 331 318 401 πρὸς
338 328 439 401 τὴν
469 328 566 384 τοῦ
593 329 708 400 βίου
728 330 1065 403 κατόρθωσιν
1090 330 1177 385 διὰ
1219 330 1313 385 τοῦ
1345 331 1505 399 λόγου
1552 328 1755 384 λαϐὼν.

1945 324 2153 378 inodum
2207 321 2277 377 sit
2314 335 2380 374 ex
2431 318 2636 372 virtute
2665 315 2978 380 vivendum,
3009 311 3243 385 quadam
3264 311 3435 366 veluti

160 419 368 473 Ταῦτα
384 413 479 473 οὖν
515 421 663 472 ἐστιν
688 419 725 474 ἃ
753 420 1144 489 ἐπαγγέλλεται
1171 422 1301 491 ἡμῖν
1320 422 1378 473 ὲν
1394 418 1699 491 προοιμίοις
1724 419 1758 490 ή

164 508 520 579 προκειμένη
547 508 656 562 τῶν
688 509 862 578 λόγων
889 509 1160 575 ἐξέτασις,
1193 511 1251 562 ὲν
1288 503 1369 572 οἷς
1397 508 1761 577 ἀποφαίνεται

165 600 265 653 ὅτι
287 602 400 663 τοῖς
431 600 599 653 πᾶσιν
626 602 656 653 ὁ
682 600 877 670 χρόνος
930 601 1028 654 καὶ
1078 600 1267 672 καιρὸς
1301 600 1379 670 τῷ
1410 599 1572 653 παντὶ
1615 598 1761 669 πρά-

166 707 351 761 γματι
385 691 506 745 ὑπὸ*
523 690 616 744 τὸν
639 691 896 764 οὐρανόν.
914 692 976 746 El
998 692 1108 762 γάρ
1127 709 1212 756 τις
1236 691 1316 763 τῷ
1344 692 1497 761 βάθει
1517 692 1618 761 τῆς
1645 692 1764 746 δια-

170 779 333 842 νοίας
374 778 671 850 ὲγκὺψειε,
712 780 915 850 πολλὴν
949 779 1017 834 ἂν
1058 779 1269 851 εὕροιτο
1301 780 1617 850 φιλοσοφίαν
1656 782 1761 852 ὲμο

166 870 653 943 περιειλημμένην
677 874 790 935 τοῖς
813 872 1043 943 ῥήμασι,
1065 871 1405 944 θεωρητικήν
1431 889 1490 925 τε
1511 873 1606 926 καὶ
1625 889 1764 942 συμ-

170 958 540 1030 βουλευτικὴν
588 960 698 1014 τῶν
735 962 1142 1033 συμφερόντων.
1180 965 1289 1017 Καὶ
1336 963 1412 1027 ὡς
1443 962 1509 1017 ἂν
1551 964 1763 1031 γένοιτό

166 1066 265 1113 τις
306 1052 442 1121 ἡμῖν
470 1050 537 1105 δι’
569 1051 765 1119 ὀλίγων
795 1052 986 1119 ἔφοδος
1008 1053 1145 1125 πρὸς
1173 1052 1270 1123 τὴν
1296 1052 1388 1108 τοῦ
1430 1054 1595 1124 ῥητοῦ
1624 1055 1762 1107 θεω-

171 1142 334 1210 ρίαν,
364 1142 565 1194 οὑτωσὶ
597 1141 687 1197 τὸν
713 1143 868 1212 λόγον
897 1143 1301 1215 διαληψόμεθα·
1331 1143 1454 1199 Τῶν
1482 1144 1671 1209 ὄντων,
1701 1144 1764 1198 τὺ

173 1232 289 1300 μέν
330 1235 478 1286 ἐστιν
514 1234 701 1287 ὑλικόν
737 1253 798 1289 τε
834 1237 930 1290 καὶ
960 1236 1219 1308 αίσθητόν
1242 1252 1256 1264 '
1284 1236 1347 1289 τὸ
1377 1236 1436 1289 δὲ
1481 1238 1671 1307 νοητόν
1702 1255 1763 1291 τε

168 1324 280 1376 καὶ
306 1312 491 1378 άῦλονξ
524 1324 741 1379 Τούτων
776 1326 838 1379 τὸ
866 1327 964 1397 μὲν
990 1326 1282 1397 ἀσώματον
1307 1327 1630 1397 ὑπέρκειται
1663 1327 1764 1398 τῆς

169 1412 455 1482 αἰσθητῆς
484 1413 866 1485 καταλήψεως,
970 1415 1093 1469 τότε
1131 1417 1476 1487 γνωσόμεθα,
1504 1418 1632 1471 ὅταν
1662 1417 1764 1481 τὰς

169 1500 470 1569 αἰσθήσεις
514 1501 931 1571 ἀποδυσώμεθα.
984 1502 1098 1572 Τῆς
1126 1503 1185 1556 δὲ
1235 1503 1425 1574 ὑλικῆς
1482 1503 1760 1576 φύσεωςή

169 1587 437 1658 αἰσθησις
468 1587 568 1668 τὴν
597 1589 884 1659 ἀντίληψιν
914 1590 1136 1659 ἔχουσα,
1169 1591 1420 1661 διαϐῆναι
1451 1592 1515 1646 τὸ
1542 1594 1762 1666 οὐρανι-

1861 424 1979 473 arte
2028 424 2083 470 et
2125 412 2385 469 methodo
2423 427 2519 481 per
2565 409 2835 464 rationem
2880 414 3102 476 accepta
3152 404 3220 458 ad
3267 405 3434 458 vitam

1861 513 2012 562 recte
2040 503 2362 576 degendam.
2399 500 2526 555 Haec
2556 505 2684 554 sunt
2710 511 2842 567 ergo
2871 510 2991 565 quae
3019 495 3178 549 nobis
3210 495 3438 563 pollice-

1860 607 1954 651 tur
1979 598 2034 652 in
2066 596 2334 668 prooemio
2361 595 2642 665 proposita
2674 590 2965 645 verborum
2991 585 3345 646 examinatio,
3383 585 3441 638 in

1860 684 2061 762 quibus
2096 687 2418 757 pronuntiat
2455 702 2579 741 esse
2619 693 2835 754 tempus
2877 691 2932 737 et
2971 680 3437 751 opportunitatem

1861 781 2136 836 universa:
2161 779 2239 831 rei
2266 779 2369 832 sub
2402 777 2563 831 ccelo.
2600 775 2658 829 Si
2685 774 2808 845 quis
2840 773 2988 828 enim
3013 769 3437 842 profunditatem

1863 886 2067 928 sensus
2102 870 2516 939 introspexerit,
2558 867 2801 922 inveniet
2830 866 2886 919 in
2922 865 3104 919 verbis
3132 877 3257 918 esse
3286 873 3439 915 com-

1860 964 2195 1035 prehensum
2251 962 2482 1014 multum
2526 959 2911 1031 philosophia),
2953 965 3063 1011 tam
3103 952 3440 1022 contempla-

1862 1056 2009 1117 tiv5e,
2044 1069 2211 1124 quam
2249 1052 2370 1122 ejus
2399 1068 2521 1123 quae
2559 1051 2800 1107 consulit
2829 1066 2892 1105 ea
2939 1063 3061 1118 qua
3094 1054 3221 1102 sunt
3260 1045 3436 1099 utilia.

1863 1145 1936 1202 Ut
1966 1153 2146 1201 autem
2169 1146 2241 1199 sit
2264 1145 2424 1199 nobis
2448 1145 2639 1212 paucis
2670 1153 2819 1199 certa
2843 1142 2927 1195 via
2951 1156 3014 1194 ac
3037 1139 3177 1194 ratio
3209 1136 3277 1192 ad
3308 1150 3442 1191 con-

1864 1243 2071 1292 textnm
2110 1234 2547 1305 intelligendum,
2583 1233 2651 1287 de
2690 1247 2755 1288 eo
2785 1239 3023 1285 tractare
3049 1229 3125 1281 ita
3159 1225 3441 1296 aggredie-

1864 1341 1989 1380 mur
2012 1338 2025 1375 :
2045 1324 2119 1379 Ex
2148 1326 2214 1380 iis
2241 1340 2362 1394 qua:
2385 1332 2535 1387 sunt,
2563 1322 2709 1377 aliud
2728 1321 2946 1392 quidem
2974 1329 3058 1374 est
3085 1317 3366 1372 maleriale
3386 1324 3440 1370 et

1862 1416 2100 1473 sensile:
2132 1416 2277 1470 aliud
2298 1425 2478 1468 autem
2513 1414 2659 1484 quod
2698 1413 2847 1468 cadit
2872 1412 2974 1466 sub
3003 1409 3436 1478 intelligentiam,

1861 1510 1918 1558 et
1959 1510 2046 1558 est
2088 1517 2286 1571 expers
2321 1502 2585 1556 materiae.
2622 1502 2697 1554 Ex
2733 1501 2821 1567 iis,
2852 1500 2904 1553 id
2936 1497 3153 1568 quidem
3185 1498 3329 1567 quod
3357 1505 3449 1563 est

1864 1595 2275 1662 incorporeum,
2305 1600 2601 1662 exsuperat
2634 1606 2833 1647 sensus
2870 1589 3439 1660 comprehensionem,

170 1675 280 1729 κῦν
303 1675 485 1746 σῶμα,
517 1677 613 1747 καὶ
644 1679 725 1740 είς
760 1677 832 1730 τά
859 1677 1117 1731 ἐπέκεινα
1141 1678 1250 1732 τῶν
1281 1680 1617 1750 φαινομένων
1648 1680 1764 1733 δια-

1945 1691 2136 1739 atenus
2162 1693 2294 1738 tunc
2324 1698 2744 1754 cognoscemus,
2784 1682 3008 1752 quando
3045 1697 3245 1737 sensus
3277 1696 3443 1735 exue-

169 1765 339 1819 δῦναι
368 1765 531 1834 φύσιν
558 1767 657 1820 οὐκ
694 1766 829 1837 ἔχει.
857 1762 931 1822 Ob
962 1768 1124 1840 χάριν
1154 1768 1224 1822 τά
1253 1770 1382 1837 περὶ
1416 1769 1526 1822 τῶν
1556 1770 1759 1840 γηΐνων

171 1859 281 1909 καὶ
333 1857 670 1929 ἐπουρανίων
709 1860 739 1911 0
770 1859 928 1928 λόγος
970 1862 1101 1933 ἡμῖν
1148 1860 1473 1929 διαλέγεται,
1504 1863 1652 1925 ὅπως
1695 1861 1762 1915 ἂν

170 1947 503 2012 ἀπταίστως
527 1951 585 2003 ὲν
605 1950 778 2020 τούτῳ
808 1951 1126 2022 διαϐιῶμεν.
1155 1952 1366 2017 ’Υλικὺς
1383 1945 1538 2015 οὗτος
1563 1955 1593 2006 0
1627 1952 1760 2023 βίος,

170 2038 273 2091 διά
327 2040 532 2110 σαρκὸς
572 2042 606 2111 ἡ
637 2041 772 2113 ζωή.
822 2041 1224 2097 Ἐπισκοτεϊται
1264 2043 1322 2097 δέ
1365 2060 1482 2106 πως
1521 2043 1626 2096 ὑπὸ
1652 2043 1764 2097 τῶν

171 2135 309 2210 κατξ
357 2132 610 2204 αἴσθησιν
663 2137 1075 2207 ἐμφαινομένων
1128 2140 1162 2208 ἡ
1192 2135 1286 2190 τοῦ
1321 2136 1489 2191 καλοῦ
1539 2136 1761 2208 θεωρία.

187 2225 253 2276 Ἐ
264 2226 425 2295 πιστή
434 2241 542 2293 μης
562 2220 655 2278 οὖν
676 2243 819 2290 τινος
840 2228 976 2299 πρὸς
1004 2227 1102 2298 τὴν
1130 2228 1225 2281 τοῦ
1245 2226 1413 2281 καλοῦ
1433 2228 1614 2298 κρίσιν
1640 2229 1763 2279 ὲπι-

172 2314 422 2383 δεόμεθα
445 2353 462 2379 ,
499 2315 587 2368 ἴνα
633 2316 885 2389 καθάπερ
927 2319 1022 2371 ἐπὶ
1067 2317 1177 2371 τῶν
1224 2317 1765 2388 κατασκευασμάτων

174 2402 368 2457 κανών
395 2421 480 2467 τις
510 2406 542 2475 ἢ
584 2407 894 2479 έπιστάθμη
942 2408 1197 2480 διευθὺνῃ
1228 2411 1338 2462 πᾶν
1373 2408 1434 2462 τὸ
1459 2408 1761 2478 γινόμενον.

175 2493 362 2548 Τοῦτο
401 2487 495 2548 όῦν
538 2499 674 2568 ἡμῖν
704 2498 810 2551 ὑπὸ
844 2496 940 2551 τοῦ
987 2499 1145 2568 λόγου
1179 2500 1581 2571 προδείκνυται,
1604 2499 1672 2551 δι’
1703 2491 1766 2552 οὗ

180 2587 328 2657 πρὸς
358 2588 420 2640 τὸ
444 2588 560 2642 δέον
584 2591 617 2658 ή
651 2590 763 2661 ζωὴ
793 2591 1198 2644 κατευθύνεται.

1866 1776 2062 1829 rimus.
2089 1774 2420 1830 Materialem
2443 1784 2623 1849 autem
2652 1783 2904 1849 naturam
2929 1788 3127 1828 sensus
3150 1772 3445 1841 apprehen-

1865 1866 2023 1932 dens,
2058 1880 2168 1920 non
2214 1873 2300 1921 est
2339 1865 2460 1934 ejus
2497 1848 2710 1919 natura:
2748 1872 2807 1917 ut
2840 1848 3013 1933 possit
3060 1863 3296 1917 transire
3330 1875 3443 1915 cos-

1864 1954 2003 2009 leste
2038 1967 2265 2022 corpus,
2294 1964 2348 2007 et
2376 1953 2673 2023 pervadere
2704 1953 2847 2006 ultra
2880 1967 2943 2006 ea
2979 1966 3087 2021 que
3119 1958 3441 2004 cernuntur.

1865 2044 2231 2111 Quamobrem
2264 2044 2424 2099 nobis
2450 2045 2693 2114 loquitur
2714 2059 2897 2100 sermo
2923 2043 2991 2098 de
3016 2043 3183 2098 rebus
3208 2042 3445 2097 terrenis

1864 2144 1920 2191 et
1946 2134 2288 2196 coelestibus,
2336 2140 2397 2187 ut
2431 2134 2570 2188 citra
2611 2149 2856 2188 errorem
2907 2134 2962 2187 in
3009 2133 3115 2187 hac
3145 2132 3255 2187 vita
3297 2132 3447 2184 viva-

1866 2241 2011 2281 mus.
2046 2224 2345 2281 Materialis
2381 2225 2496 2280 haec
2530 2226 2641 2280 vita
2670 2234 2756 2281 est
2780 2226 2892 2280 vita
2929 2241 3028 2296 per
3073 2239 3313 2280 carnem.
3364 2223 3447 2276 Ab

1867 2318 1938 2373 iis
1981 2325 2165 2373 autem
2197 2332 2320 2387 quae
2364 2332 2464 2388 per
2513 2332 2736 2373 sensum
2779 2324 3067 2387 apparent,
3115 2317 3446 2371 obscuratur
3520 2336 3527 2347 ι

1868 2408 2273 2479 quodammodo
2305 2410 2697 2480 contemplatio
2726 2410 2846 2478 ejus
2870 2408 3017 2478 quod
3044 2416 3128 2464 est
3160 2409 3363 2463 bonum
3392 2411 3447 2460 et

1870 2497 2184 2553 honestum.
2233 2496 2387 2568 Opus
2430 2505 2517 2555 est
2559 2514 2692 2570 ergo
2720 2500 2904 2570 aliqua
2938 2500 3169 2555 scientia
3209 2498 3273 2552 ad
3301 2496 3450 2567 judi-

1870 2588 2106 2642 candum
2144 2587 2195 2641 id
2224 2590 2370 2659 quod
2413 2597 2498 2645 est
2539 2591 2741 2645 bonum
2790 2598 2845 2646 et
2890 2592 3197 2653 honestum,
3237 2597 3299 2643 ut
3328 2597 3451 2641 tan-

181 2690 354 2744 quam
402 2678 456 2731 in
501 2677 749 2734 aediliciis
786 2680 975 2751 regula
1016 2681 1198 2750 aliqua
1240 2688 1336 2736 aut
1383 2679 1643 2746 amussis,
1682 2678 1737 2733 id
1777 2685 1952 2733 totum
1987 2678 2132 2750 quod
2188 2679 2249 2733 iit
2287 2680 2510 2751 dirigat.
2556 2681 2640 2737 Ab
2672 2681 2921 2737 oratione
2964 2692 3096 2752 ergo
3140 2682 3244 2736 hoc
3291 2678 3451 2734 nobis

182 2766 346 2835 prius
372 2767 702 2833 ostenditur,
735 2785 832 2839 per
860 2771 1007 2840 quod
1036 2772 1145 2825 vita
1175 2772 1434 2844 dirigitur
1462 2773 1531 2828 ad
1572 2772 1622 2827 id
1661 2771 1809 2840 quod
1848 2779 2088 2840 oportet.

259 2859 366 2913 Δύο
419 2860 527 2932 γάρ
579 2858 720 2917 εἷναί
773 2880 904 2934 φησι
952 2864 1044 2918 τοῦ
1105 2865 1272 2922 καλοῦ
1311 2866 1575 2938 κριτήρια
1618 2863 1770 2934 παρὰ

179 2950 281 3004 τὸν
332 2950 468 3020 βίον,
508 2953 592 3021 ἐφ’
639 2954 860 3024 ἑκάστῳ
889 2953 1000 3007 τῶν
1041 2956 1178 3025 ὲντῇ
1224 2953 1335 3026 ζωῇ
1378 2955 1552 3026 ταύτῃ
1600 2969 1768 3006 σπου-

180 3041 540 3126 δαζομένωιί,
578 3043 1008 3115 τδ“σύμμετρον
1066 3046 1159 3098 καὶ
1216 3045 1277 3098 τὸ
1330 3044 1604 3113 εὔκαιρον.
1659 3042 1770 3096 Καὶ

181 3131 350 3186 τοῦτο
409 3133 722 3204 δογματίζει
776 3134 871 3190 νῦν
928 3134 1134 3202 λέγων’
1161 3136 1284 3198 Τοῖς
1340 3136 1503 3187 πᾶσιν
1553 3136 1583 3187 0
1638 3133 1767 3204 χρό-

183 3241 282 3286 νος
308 3263 323 3285 ,
362 3225 456 3278 καὶ
516 3227 708 3295 καιρὸς
737 3225 815 3297 τῷ
871 3227 1033 3281 παντὶ
1086 3228 1389 3298 πράγματι.
1432 3226 1670 3296 Νοητέον
1713 3225 1771 3278 δὲ

184 3316 317 3369 ἀντὶ
355 3315 450 3369 τοῦ
497 3316 690 3388 χρόνου
743 3318 806 3371 τὸ
856 3318 1077 3390 μέτρον,
1121 3318 1254 3372 διότι
1310 3320 1473 3372 παντὶ
1524 3317 1633 3372 τῶν
1681 3336 1771 3386 γι-

183 3405 433 3476 νομένων
471 3408 964 3478 συμπαρατείνεται
991 3409 1199 3479 χρόνος.
1238 3407 1422 3461 Ταῦτα
1452 3407 1630 3462 τοίνυν
1676 3407 1770 3461 τοῦ

186 3493 362 3547 καλοῦ
395 3493 464 3547 τά
501 3497 782 3566 κριτήρια,
815 3499 865 3550 εί
901 3497 974 3567 μὴ
1006 3497 1229 3550 καθόλου
1261 3497 1396 3567 πρὸς
1434 3498 1613 3549 πᾶσαν
1640 3488 1771 3567 ἀρε-ἑ

185 3585 297 3654 τῆς
336 3585 672 3657 κατόρθωσιν
724 3587 1041 3658 ἐπιτηδείως
1077 3586 1208 3657 ἔχει,
1248 3585 1400 3639 οὑπω
1445 3584 1773 3655 διισχυρίζο-

192 3693 317 3745 μαι,
348 3675 455 3738 ἓως
487 3675 552 3729 ἂν
576 3678 607 3730 ὁ
630 3675 787 3744 λόγος
814 3675 1019 3748 προῖὼν
1048 3675 1307 3747 ἐπιδείξῃ.
1340 3676 1459 3729 ’Ὁτι
1495 3676 1680 3745 μέντοι
1713 3675 1775 3728 τὸ

189 3766 514 3855 πλεῖονῆτῆς
550 3766 886 3839 τεταγμένης
921 3766 1064 3838 ζωῆς
1108 3769 1175 3837 τῇ
1212 3766 1432 3837 τοιαύτῃ
1480 3766 1775 3835 κατορθοῦ-

187 3874 287 3910 ται
336 3859 734 3930 παρατηρήσει,
789 3858 987 3921 παντὸς
1028 3858 1092 3912 ἂν
1139 3857 1225 3928 εἴη
1278 3858 1630 3928 κατανοῆσαι.
1679 3857 1776 3921 Τίς

190 3948 313 4018 γὰρ
338 3948 438 4001 οὐκ
464 3943 604 4002 οἶδεν
631 3950 713 4002 ὃτι
750 3950 845 4002 καὶ⁵
885 3949 920 4018 ἡ
961 3948 1130 4018 ἀρετὴ
1159 3948 1352 4020 μέτρον
1375 3948 1493 4000 ἐστὶ
1516 3949 1582 4018 τῇ
1617 3946 1776 4018 μεσόα

189 4053 318 4105 τητι
365 4035 472 4091 τῶν
514 4037 1054 4108 παραθεωρουμένων
1100 4037 1494 4109 μετρούμενον;
1556 4037 1630 4091 Οὑ
1667 4036 1776 4109 γὰρ

189 4128 265 4183 ἂν
292 4127 502 4196 γένοιτο
531 4129 701 4200 ἁρετὴ
734 4130 768 4199 ή
801 4128 1024 4201 ἐλλιπὴς
1048 4128 1142 4182 τοῦ
1173 4129 1504 4210 καθήκοντος
1550 4130 1775 4202 μέτρου,

99 4236 107 4247 ⁴
191 4219 226 4288 ἢ
270 4218 708 4288 ὑπερπίπτουσα,
746 4213 856 4272 οἷον
901 4218 995 4271 ἐπὶ
1030 4219 1130 4288 τῆς
1170 4218 1442 4290 ἀνδρείας,
1478 4213 1545 4290 ἧς
1582 4219 1645 4273 τὸ
1679 4221 1777 4289 μὲν

190 4304 461 4373 ἐλλεῖπον,
503 4308 692 4373 δειλία,
719 4308 781 4362 τὸ
813 4308 871 4362 δὲ
911 4308 1277 4380 ὑπερϐάλλον,
1313 4309 1510 4378 θράσος
1546 4310 1774 4376 γίνεται.

1945 2862 2092 2916 Dicit
2138 2863 2283 2917 enim
2324 2863 2436 2918 duo
2468 2879 2615 2929 esse,
2662 2880 2762 2935 per
2794 2875 2918 2935 qua}
2960 2864 3108 2936 quod
3143 2865 3347 2919 bonum
3399 2871 3454 2918 et

1873 2952 2169 3008 honestum
2200 2960 2282 3008 est
2324 2954 2608 3022 judicatur
2640 2955 2694 3009 in
2742 2956 2871 3020 vita,
2910 2954 2966 3009 in
2996 2969 3327 3025 unoquoque
3359 2969 3456 3008 eo-

1796 3077 1838 3132 C
1872 3059 1991 3096 rum
2015 3044 2069 3098 in
2088 3058 2209 3112 quae
2229 3044 2472 3098 studium
2492 3045 2546 3100 in
2575 3060 2637 3100 ea
2656 3045 2939 3101 confertur
2964 3064 2978 3100 :
3006 3061 3200 3114 nempe
3228 3058 3457 3115 symme-

1874 3135 1980 3188 tria
2006 3143 2061 3188 et
2097 3136 2501 3204 opportunitas.
2543 3137 2619 3192 De
2659 3152 2725 3192 eo
2768 3148 2950 3193 autem
2984 3152 3131 3191 nunc
3174 3135 3453 3190 decretum

1873 3223 2089 3285 statuit,
2126 3223 2358 3277 dicens:
2399 3222 2669 3281 Omnibus
2700 3235 2787 3281 est
2827 3233 3064 3294 tempus,
3110 3232 3164 3279 et
3192 3231 3457 3294 opportu-

1873 3315 2022 3369 nitas
2061 3317 2332 3370 universaa
2377 3317 2478 3371 rei.
2526 3317 2630 3372 Pro
2657 3325 2901 3388 tempore
2935 3324 3117 3371 autem
3154 3316 3459 3386 intelligere

1875 3415 2092 3477 oportet
2159 3408 2381 3463 modum
2448 3424 2545 3463 seu
2595 3424 2928 3472 mensuram,
2972 3416 3258 3478 propterea
3309 3406 3457 3477 quod

1874 3512 1998 3551 cum
2027 3496 2272 3565 quolibet
2313 3513 2503 3552 eorum
2535 3514 2657 3567 qua;
2692 3498 2828 3551 ilum
2868 3506 3083 3567 tempus
3138 3497 3302 3551 simul
3358 3512 3457 3551 ex-

1875 3587 2151 3642 tendatur.
2189 3589 2317 3642 Haac
2370 3603 2503 3658 ergo
2556 3589 2757 3657 quibus
2816 3588 3021 3642 bonum
3069 3596 3125 3641 et
3165 3588 3457 3640 honestmn

1871 3678 2211 3749 iudicantur,
2244 3695 2311 3733 an
2348 3679 2460 3734 sint
2487 3679 2715 3733 omnino
2744 3685 2872 3749 apta
2903 3678 2969 3731 ad
3003 3691 3220 3732 omnem
3248 3684 3457 3731 rectam

1873 3786 1940 3825 ex
1969 3771 2174 3825 virtute
2216 3771 2516 3836 actionem,
2562 3770 2807 3824 nondum
2841 3771 3139 3832 constituo,
3182 3768 3358 3822 donec
3403 3765 3459 3821 id

1874 3860 2181 3929 procedens
2227 3860 2486 3930 ostendat
2531 3859 2733 3914 oratio.
2793 3856 2948 3925 Quod
2996 3866 3175 3913 autem
3223 3856 3458 3909 maxima

1876 3964 2005 4020 pars
2034 3950 2157 4004 vita:
2181 3932 2603 4005 \‘creinstitutae
2630 3964 2691 4005 se
2726 3956 2874 4004 recte
2899 3955 3074 4018 gerat,
3104 3958 3171 4003 ea
3200 3947 3458 4003 observa-

1879 4041 2024 4093 tione
2056 4048 2233 4109 potest
2271 4040 2502 4108 quilibet
2529 4041 2866 4110 perspicere.
2901 4038 3039 4105 Quis
3082 4039 3227 4095 enim
3280 4038 3461 4092 nescit

1877 4129 2140 4184 virtutem
2198 4143 2325 4184 esse
2371 4143 2712 4196 mensuram,
2753 4144 2919 4199 quam
2961 4129 3186 4183 metitur
3223 4127 3458 4182 nedium

1878 4236 2070 4276 eorum
2098 4236 2222 4290 qure
2256 4220 2414 4290 juxta
2464 4235 2584 4276 eam
2632 4220 3096 4275 considerantur?
3138 4217 3257 4273 Non
3313 4219 3461 4273 enim

1885 4318 2069 4382 potest
2111 4326 2238 4366 esse
2264 4311 2461 4375 virtus,
2513 4312 2604 4366 cui
2642 4313 2726 4366 vel
2770 4312 2944 4374 deest,
2990 4309 3076 4363 vel
3120 4309 3208 4363 cui
3245 4308 3462 4363 excedit

191 4394 271 4453 Οὗ
295 4401 454 4472 χάριν
480 4402 573 4455 καί
610 4418 753 4465 τινες
776 4400 877 4471 τῆς
902 4400 1007 4465 ἔξω
1034 4396 1242 4467 σοφίας,
1264 4396 1491 4461 κλέπται
1511 4399 1651 4471 τάχα
1674 4397 1770 4453 τῶι

1945 4401 2231 4455 inveniens
2259 4414 2544 4465 mensura,
2586 4406 2644 4452 ut
2674 4399 2729 4451 in
2764 4400 2946 4468 magni
2981 4406 3035 4453 et
3059 4398 3265 4453 excelsi
3291 4414 3357 4451 an
3383 4398 3460 4451 mi

191 4489 479 4561 ἡμετέρων
505 4488 803 4559 γενόμενοι,
829 4487 1123 4557 διελόμενοι
1152 4487 1251 4556 τὴν
1285 4483 1690 4556 σημαινομένην
1720 4485 1770 4538 ἐν

1945 4497 2111 4556 rtute,
2144 4490 2309 4558 cujus
2354 4488 2503 4559 quod
2551 4488 2737 4542 deﬁcit
2768 4487 3012 4557 quidem,
3043 4494 3131 4541 est
3169 4485 3459 4550 timid-itas,

191 4578 274 4649 τῷ
300 4578 453 4651 ρητῷ
488 4578 664 4650 τούτῳ
695 4579 957 4640 διάνοιαν,
997 4579 1025 4630 0
1063 4577 1159 4647 μὲν
1194 4576 1255 4629 τὸ
1290 4575 1455 4645 μηδὲν
1491 4573 1770 4638 ἐλλείπειν¹

1945 4580 2040 4635 rod
2078 4590 2378 4651 exsuperat
2428 4587 2636 4644 autem,
2684 4588 2769 4634 est
2817 4578 3460 4647 audaciasQuamobrem

92 4674 125 4687 "
191 4671 255 4722 ὲν
296 4666 1148 4741 ἀποφθέγματιισυνεϐούλευσεν,
1182 4668 1211 4719 ὁ
1247 4666 1304 4719 δὲ
1338 4666 1399 4718 τὸ
1431 4665 1550 4718 λίαν
1579 4664 1770 4718 ἐκώλυ-

1945 4679 2139 4725 ιιετηω
2169 4670 2456 4739 sapientia:
2489 4669 2766 4733 nonnulli,
2803 4683 2833 4722 a
2869 4670 3077 4724 nostris
3112 4669 3254 4722 forte
3292 4666 3465 4722 ευθει-

195 4777 321 4817 σεν⁸
351 4761 381 4814 ὁ
415 4761 515 4831 μὲν
544 4760 654 4832 γὰρ
684 4752 745 4812 τὸ
787 4759 982 4830 μέτρον
1019 4754 1241 4829 ἄριστον
1280 4760 1628 4829 ἀπεφήνατο,
1667 4760 1695 4810 0
1724 4749 1770 4810 δὲ

1946 4763 2008 4828 ti,
2048 4747 2464 4832 distinguentes
2494 4776 2721 4816 sensmn
2758 4760 2851 4829 qni
2889 4764 2942 4813 in
2970 4760 3074 4814 hoc
3099 4766 3249 4813 textu
3290 4757 3465 4826 signi-
3544 4790 3563 4801 κ

191 4852 259 4905 τό
302 4826 470 4923 μηδέν
513 4826 655 4920 άγαν
696 4826 1105 4921 ἐνομοθέτησεν.
1146 4848 1429 4902 Δείκνυται
1453 4826 1519 4901 ’δὲ
1556 4846 1622 4901 δι’
1634 4849 1770 4900 ’έκαι

1945 4826 2105 4917 atur,
2138 4826 2285 4906 alilis
2320 4850 2572 4922 quidem,
2625 4858 2685 4904 ut
2729 4826 2865 4904 nihil
2916 4849 3134 4904 deesset
3186 4847 3464 4902 consuluit

194 4942 390 5013 τέρων,
439 4944 520 4996 ὅτι
568 4938 665 4996 καὶ
704 4941 765 4995 τὸ
796 4940 871 5012 μὴ
895 4939 1178 5009 ἐφικέσθαι
1217 4938 1311 4993 τοῦ
1354 4937 1770 5008 ὲπιζητουμένοι

1945 4942 2395 5014 apophthegmate
2422 4960 2436 4996 :
2462 4942 2605 4997 alius
2629 4957 2756 4997 vero
2780 4941 2925 5009 quod
2953 4940 3182 4994 nimium
3203 4948 3307 5003 est,
3338 4953 3455 5007 pro-

187 5034 320 5088 ’κατ’
352 5034 554 5104 ἀρετὴν
586 5032 808 5103 μέτρου,
852 5030 960 5084 τῶν
1006 5031 1465 5100 κατεγνωσμένων
1505 5029 1642 5087 ἐστὶ.
1689 5028 1784 5081 καὶ

196 5125 263 5178 τὸ
323 5122 681 5193 ὑπερϐάλλειν
732 5123 830 5194 τὴν
873 5122 1213 5194 συμμετρίαν
1258 5122 1578 5191 ἀπόϐλητον.
1625 5121 1784 5175 Ἀλλά

199 5217 292 5270 καὶ
334 5210 586 5286 περὶτοῦ
628 5215 770 5269 κατὰ
811 5215 909 5286 τὴν
961 5216 1246 5283 εὐκαιρίαν
1303 5215 1502 5286 μέρους
1544 5216 1574 5267 0
1622 5217 1786 5279 αὐτὸς

199 5306 273 5362 ἂν,
303 5306 436 5376 ἡμῖν
464 5305 860 5376 ἀποδοθήσεται
896 5306 1082 5373 λόγος·
1105 5306 1186 5359 ὅτι
1213 5302 1426 5359 οὒτετὸ
1462 5306 1781 5376 προλαμϐά·

198 5413 290 5450 νον
337 5398 437 5468 τὴν
482 5398 789 5469 εὐκαιρίαν,
832 5395 953 5451 οὔτε
1003 5397 1065 5451 τὸ
1113 5396 1462 5471 ὲφυστερίζον
1490 5401 1547 5452 ἐν
1580 5398 1786 5467 ἀγαθοῦ

200 5489 446 5558 κρίνεται
497 5497 679 5560 μοίρᾳ.
735 5489 801 5542 Τί
851 5489 1026 5559 ὢνησε
1072 5489 1160 5544 τὸν
1190 5491 1463 5558 γεωπόνον
1495 5480 1817 5561 spatiata?

203 5597 372 5637 σαντα
426 5580 525 5647 τὴν
574 5581 677 5631 τῶν
726 5581 1007 5648 ἀσταχύων
1048 5582 1239 5652 τομὴν,
1290 5584 1415 5653 πρῖν
1464 5584 1785 5653 ἁδρυ·ιίιῑ,ναι

1884 5030 2082 5086 hibuit.
2116 5031 2253 5085 Nam
2299 5032 2392 5086 hic
2425 5033 2645 5102 quidem
2680 5048 2805 5088 esse
2836 5046 3150 5086 mensuram
3199 5030 3464 5099 optimam

1883 5121 2306 5191 pronuntiavit:
2358 5125 2496 5177 alter
2535 5138 2664 5177 vero
2701 5131 2760 5176 ut
2792 5138 2861 5178 ne
2909 5122 3041 5193 quid
3082 5129 3230 5177 esset
3268 5122 3457 5188 nimis,

1884 5217 2004 5287 lege
2033 5218 2240 5272 sanxit.
2272 5217 2377 5273 P‘er
2402 5226 2701 5289 utrumque
2734 5225 2920 5272 autem
2952 5216 3281 5282 ostenditur,
3315 5216 3464 5285 quod

1884 5325 1994 5365 non
2043 5311 2268 5380 assequi
2305 5324 2624 5365 mensuram
2664 5325 2786 5380 quas
2830 5325 2895 5365 ex
2937 5310 3139 5364 virtute
3178 5308 3464 5378 quaeritur,

1884 5406 1969 5454 est
2003 5414 2070 5454 ex
2121 5399 2189 5455 iis
2224 5415 2346 5471 quae
2379 5406 2511 5456 sunt
2564 5402 2860 5471 reprobata
2892 5418 2905 5456 :
2959 5408 3016 5455 et
3046 5399 3462 5454 convenientem

1885 5505 2217 5559 exsuperare
2265 5492 2526 5555 modum,
2581 5499 2666 5546 est
2724 5476 3135 5561 rejiciendum."
3162 5490 3266 5545 Sed
3312 5490 3466 5543 etde

1887 5592 2040 5651 parte
2073 5585 2507 5652 opportunitatis
2544 5585 2687 5640 idem
2744 5601 2963 5658 quoque
3000 5602 3026 5640 a
3072 5574 3231 5648 nobis
3276 5582 3466 5639 trade-
