3738 5984
308 180 417 240 699

1581 199 1638 254 S.
1673 201 1998 260 GREGORII
2041 206 2332 263 NYSSENI

311 308 440 351 tur:
474 311 671 368 nempe
703 301 853 399 quod
877 317 1056 373 neque
1089 308 1235 375 quod
1269 312 1529 378 praevenit
1556 326 1787 385 opportu

2090 324 2102 343 ’
2153 323 2302 395 ὥραν
2342 325 2410 377 τὰ
2453 325 2595 396 λήῖα,
2646 327 2677 398 ἢ
2733 327 3102 399 ύπερθέμενον
3145 328 3243 398 τὴν
3295 329 3418 398 περὶ
3470 298 3561 384 τὶν

309 396 696 460 tatem,neque
711 393 856 461 quod
873 395 931 447 lit
948 397 1399 462 tardius,bonum
1425 413 1702 459 censetur.
1739 408 1880 472 Quid

309 479 820 551 prodestagricolaa,
837 488 926 541 cui
944 490 1194 544 mandata
1213 501 1295 547 est
1308 508 1438 548 cura
1457 498 1705 552 secundae
1722 516 1878 569 sege-

310 572 400 636 tis,
416 571 460 626 si
481 572 799 644 priusquam
821 578 1065 649 sitseges
1087 593 1322 647 matura,
1339 601 1458 640 eam
1475 598 1645 654 secet,
1661 600 1754 644 aut
1772 607 1881 646 me-

309 667 424 714 tere
452 659 693 727 differat,
710 664 887 722 donec
913 683 981 722 ex
996 670 1196 726 culmis
1217 672 1793 731 eﬂluxerintsemiua?
1821 679 1880 733 ln

309 759 507 807 neutro
537 755 681 808 enim
713 758 787 810 ita
824 770 1112 815 exercetur
1143 764 1386 817 studium
1421 777 1479 819 ιιι
1510 768 1582 822 sit
1620 767 1674 820 in
1712 771 1878 833 bono,

310 847 503 910 utpote
531 845 677 912 quod
721 848 961 903 secando
999 851 1311 921 importune
1340 856 1532 924 perdat
1558 859 1880 926 opportuni-

312 938 478 986 tatem
519 937 805 1005 temporis.
844 939 1004 1004 Quod
1033 951 1215 997 autem
1256 944 1460 999 dictum
1502 955 1584 1001 est
1610 948 1666 1000 in
1709 956 1879 1017 parte,

308 1022 539 1095 intelligi
580 1019 764 1096 potest
810 1031 976 1084 etiam
1022 1033 1077 1086 in
1130 1035 1408 1091 universo.
1454 1035 1692 1106 ldipsum
1736 1039 1880 1094 enim

308 1119 564 1172 usuvenit
602 1121 770 1174 etiam
809 1122 863 1175 in
902 1126 1272 1196 navigatione,
1299 1128 1415 1184 sive
1444 1129 1711 1199 quispiam
1740 1146 1880 1200 prae-

306 1209 513 1263 venerit
563 1214 1060 1280 Opportunitatem,
1132 1219 1248 1273 sive
1299 1219 1512 1274 tardius
1563 1224 1877 1276 accesserit.

308 1297 449 1362 Quid
491 1308 670 1354 autem
693 1300 986 1358 dicendum
1018 1305 1086 1360 de
1110 1307 1360 1362 medendi
1405 1317 1540 1372 arte,
1574 1324 1698 1362 cum
1724 1309 1880 1364 dam-

309 1403 440 1442 num
493 1390 684 1445 amerat
705 1395 1060 1465 exsuperatio
1107 1405 1162 1452 et
1208 1397 1456 1454 defectus
1507 1401 1770 1470 temporis
1827 1408 1882 1456 et

308 1494 602 1558 mensurae,
641 1497 761 1552 quae
806 1487 1063 1541 convenit
1095 1491 1409 1543 curationi?
1445 1489 1552 1545 Sed
1601 1492 1715 1546 haec
1758 1493 1881 1562 qui-

1987 413 2194 483 ἇμητον
2247 416 2500 486 σπουδὴν,
2545 417 2649 480 ἕως
2697 411 2756 470 οὗ
2807 421 3076 490 περιρρυῇ
3132 421 3198 489 τῇ
3233 419 3454 492 καλάμῃ
3494 421 3562 473 τὰ

1989 505 2312 574 σπέρματα;
2359 508 2447 558 Ἐν
2490 507 2756 579 οὺθετέρῳ
2804 509 2913 580 γὰρ
2961 508 3181 580 ἐνεργὸς
3229 510 3319 562 ἐπ’
3373 503 3564 580 ἀγαθῷ

1983 594 2193 661 γίνεται
2229 597 2261 665 ἡ
2292 598 2517 668 σπουδὴ,
2557 599 2675 651 καθ’
2709 600 2894 672 ἐτέρου
2927 601 3019 653 τοῦ
3052 600 3243 672 καιροῦ
3289 601 3385 672 τὴν
3417 603 3564 671 ὠφέ-

1983 684 2129 736 λειαν
2163 686 2218 737 ἐν
2255 688 2319 756 τῇ
2365 688 2592 759 ἀκαιρία
2639 693 2740 760 τῆς
2784 695 2958 762 τομῆς
3006 691 3366 746 ἀπολλύοντα.
3402 696 3466 745 Ὃ
3504 694 3563 746 δὲ

1983 777 2076 828 ἐπὶ
2107 777 2306 846 μέρους
2333 778 2569 850 εἴρηται,
2597 782 2690 834 καὶ
2719 784 2774 834 ἐν
2798 785 2959 836 παντὶ
2993 783 3217 838 δυνατόν
3250 785 3366 836 ἐστι
3401 801 3563 836 κατα-

1986 867 2194 935 νοῆσαι.
2233 864 2356 921 Οἷδε
2406 870 2515 939 γὰρ
2566 871 2627 924 τὸ
2664 871 2776 926 ἴσον
2820 873 2911 927 καὶ
2949 876 2986 944 ὴ
3023 874 3285 938 ναυτιλία,
3318 875 3426 926 εῐτε
3477 891 3564 936 τις

1990 959 2249 1030 προλάϐοι
2276 961 2372 1030 τὴν
2395 962 2695 1030 εὐκαιρίαν,
2727 963 2840 1016 εἴτε
2878 963 3306 1034 ὲφυστερίσειεν,
3329 963 3394 1016 Τί
3423 964 3467 1015 δ’
3500 966 3564 1017 ἄν

1987 1063 2072 1108 τις
2117 1046 2186 1098 τὰ
2232 1049 2331 1116 τῆς
2357 1049 2602 1119 ἰατρικῆς
2650 1049 2816 1118 λέγοι,
2848 1052 2975 1122 παρ’
3009 1053 3130 1105 ὅσον
3181 1053 3297 1104 ἐστὶ
3343 1054 3436 1105 καὶ
3486 1055 3562 1114 εἰς

1992 1137 2196 1208 βλάϐην
2229 1138 2501 1209 ὑπερϐολή
2538 1157 2598 1193 τε
2644 1141 2738 1194 καὶ
2782 1141 3014 1209 ἔλλειψις
3057 1140 3150 1194 τοῦ
3193 1146 3258 1212 τῇ
3299 1141 3562 1211 θεραπείᾳ

1990 1226 2319 1297 καθήκοντος
2370 1228 2561 1298 καιροῦ
2607 1231 2698 1284 καὶ⁵
2750 1233 2988 1303 μέτρου;
3030 1233 3187 1285 Ἀλλὰ
3246 1233 3418 1285 ταῦτα
3467 1233 3563 1301 μὲν

1977 1315 2146 1372 ’ἒάσαι
2173 1321 2300 1392 χρὴ,
2329 1321 2415 1374 διὰ
2451 1321 2544 1374 τοῦ
2584 1322 2780 1392 ἐφεξῆς
2817 1323 2995 1391 λόγου,
3035 1325 3093 1377 ὲν
3122 1325 3308 1386 αὑταῖς
3330 1326 3447 1386 ταῖς
3470 1323 3562 1375 τοῦ

2001 1405 2421 1476 Ἐκκλησιαστοῦ
2449 1411 2652 1476 φωναῖς
2678 1411 3008 1481 σαφέστερον
3036 1413 3442 1482 φανερουμένου
3470 1412 3563 1464 τοῦ

1991 1496 2148 1548 ὐποδε
2156 1497 2207 1564 ίγ
2213 1515 2398 1567 ματος.

307 1565 432 1661 dem
460 1578 591 1624 sunt
623 1573 913 1639 mittenda,
962 1591 1087 1630 cum
1118 1592 1216 1646 per
1247 1577 1304 1632 id
1374 1580 1519 1649 quod
1559 1580 1820 1654 deinceps
1895 1585 2167 1654 sequitur,
2217 1565 2296 1643 iin
2344 1591 2484 1660 ipsis
2522 1591 2706 1646 verbis
2754 1591 3097 1647 Ecclesiastae
3125 1592 3434 1661 exemplum
3477 1593 3566 1643 fiat

228 1679 234 1687 ·
305 1659 532 1716 clarius.

379 1756 488 1810 Sed
524 1772 694 1826 quare
724 1768 854 1813 sunt
883 1760 999 1815 hac
1030 1761 1191 1816 nobis
1223 1765 1525 1833 praemissa,
1562 1774 1622 1820 ut
1647 1781 1710 1822 ea
1743 1783 1877 1823 con-
1912 1777 1953 1831 Β

309 1848 652 1905 sideremus?
694 1852 966 1917 Quoniam
1007 1870 1185 1925 neque
1207 1857 1353 1924 quod
1401 1873 1662 1914 mensura
1708 1867 1880 1924 caret,

307 1949 394 1997 est
421 1942 648 2007 bonum,
681 1958 859 2014 neque
882 1945 1031 2012 quod
1062 1954 1148 2001 est
1183 1947 1594 2016 importunum;
1623 1950 1718 2004 sed
1749 1949 1882 2004 illud

308 2045 394 2094 est
426 2037 629 2093 bonum
655 2047 710 2094 ct
736 2055 805 2094 ex
844 2040 1048 2096 virtute
1091 2041 1322 2106 factum,
1351 2042 1499 2112 quod
1541 2059 1634 2112 per
1666 2050 1882 2097 utrum-

309 2145 418 2201 que
448 2133 663 2201 accepit
711 2131 1126 2201 perfectionem.
1163 2131 1221 2186 Si
1251 2134 1398 2187 enim
1446 2135 1540 2187 uni
1590 2133 1691 2188 soli
1723 2149 1788 2188 ex
1811 2134 1884 2190 iis

308 2221 707 2287 attenderetur,
759 2222 1031 2292 reliquum
1072 2232 1253 2278 autem
1299 2225 1687 2295 negligeretur,
1737 2233 1885 2282 esset

309 2312 504 2367 inutile
531 2314 697 2368 etiam
729 2315 875 2383 quod
927 2323 1076 2370 recte
1105 2325 1320 2385 gestum
1347 2326 1496 2372 esset
1543 2317 1597 2370 in
1648 2318 1880 2386 reliquo.

311 2402 469 2458 Sicut
503 2419 633 2475 ergo
657 2419 781 2461 cum
816 2420 918 2461 nos
952 2417 1158 2462 motum
1187 2408 1406 2463 duobus
1437 2422 1763 2479 peragamus
1787 2425 1884 2479 pe-

309 2494 494 2560 dibus,
531 2495 577 2552 si
609 2497 892 2568 quidpiam
926 2499 1085 2554 alteri
1118 2500 1438 2563 accidisset,
1487 2501 1696 2555 inutilis
1737 2510 1884 2556 esset

311 2585 380 2639 ad
415 2601 640 2642 cursum
672 2587 722 2643 is
750 2589 916 2643 etiam
950 2589 1040 2643 cui
1078 2590 1214 2643 nihil
1245 2590 1465 2653 accidit,
1502 2599 1724 2658 prapter
1763 2591 1883 2660 ejus

309 2679 404 2748 qui
450 2679 616 2733 simul
665 2694 790 2734 cum
861 2680 1038 2734 altero
1066 2688 1361 2749 operatur,
1407 2679 1878 2734 imbecillitatem:

317 2771 390 2824 ita
449 2770 493 2825 si
559 2771 794 2840 tempori
865 2771 1006 2826 desit
1067 2786 1374 2834 mensura,
1421 2777 1549 2825 aut
1615 2786 1884 2825 mensura:

309 2861 730 2929 Opportunitas,
811 2877 938 2915 cum
1019 2875 1088 2915 eo
1154 2860 1301 2929 quod
1383 2869 1591 2926 restat,
1658 2862 1884 2915 omnino

309 2953 474 3004 ctiam
545 2951 599 3006 id
666 2952 812 3021 quod
861 2950 1057 3017 adest,
1124 2959 1209 3006 est
1274 2951 1486 3005 inutile.
1561 2950 1666 3005 Sed
1728 2959 1783 3006 et
1829 2953 1882 3006 in

309 3050 556 3119 tempore
607 3045 944 3098 conveniens
997 3043 1351 3114 symmetria,
1411 3050 1467 3096 et
1524 3041 1579 3094 in
1624 3057 1882 3096 mensura

2067 1766 2206 1820 Ἀλλ’
2229 1758 2292 1819 οὗ
2332 1767 2492 1837 χάριν
2532 1765 2706 1820 ταῦτα
2746 1767 2879 1836 ἡμῖν
2926 1765 3404 1838 προτεθεώρηταις
3443 1766 3569 1819 Ὅτι

1982 1857 2106 1912 οὔτε
2155 1858 2217 1910 τὸ
2267 1858 2504 1929 ἄμετρον
2548 1858 2752 1926 ἀγαθόν
2807 1861 2974 1922 ἐστιν,
3023 1857 3146 1934 οὔτε
3202 1858 3263 1911 τὸ
3307 1859 3563 1929 ἄκαιρον

1983 1950 2098 2004 ἀλλ’
2125 1951 2302 2002 ἐκεῖνο
2340 1949 2506 2003 καλόν
2540 1967 2598 2002 τε
2640 1952 2734 2004 καὶ
2782 1949 3016 2021 αἱρετὸν,
3061 1949 3090 2003 ὃ
3133 1951 3197 2004 δι’
3237 1951 3568 2022 ἀμφοτέρων

1981 2041 2096 2110 ἔχει
2122 2040 2183 2093 τὸ
2208 2041 2430 2094 τέλειον.
2478 2041 2541 2094 Ei
2586 2041 2696 2110 γὰρ
2746 2041 2906 2110 μόνον
2933 2040 2994 2093 τὸ
3026 2041 3084 2094 ἓν
3117 2043 3174 2094 ὲν
3207 2041 3358 2111 αὐτῷ
3398 2058 3567 2094 σπου-

1981 2131 2224 2200 δασθείη,
2245 2131 2550 2203 παροφθείη
2585 2132 2640 2184 δὲ
2673 2132 2733 2184 τὸ
2759 2132 3096 2202 λειπόμενον,
3126 2132 3384 2202 ἀνόνητον
3415 2132 3568 2184 ἔσται

1983 2223 2078 2276 καὶ
2104 2222 2164 2274 τὸ
2194 2223 2536 2295 κατορθωθὲν
2581 2227 2639 2277 ἐν
2671 2224 2748 2295 τῷ
2786 2224 3047 2278 λείποντι.
3079 2224 3286 2278 Οὐκοῦν
3316 2225 3567 2296 καθάπερ

1983 2309 2077 2362 δύο
2103 2313 2260 2365 ποσὶν
2291 2310 2652 2382 ἐνεργούντων
2683 2312 2840 2383 ἡμῶν
2870 2313 2968 2383 τὴν
2993 2313 3226 2383 κίνησιν,
3262 2313 3314 2366 εἴ
3343 2330 3396 2364 τι
3431 2331 3568 2383 συμ-

1985 2400 2112 2470 ϐαίη
2145 2403 2272 2472 περὶ
2310 2402 2401 2455 τὸν
2433 2403 2637 2474 ἕτερον,
2667 2403 2936 2474 ἄχρηστός
2979 2405 3093 2456 ὲστι
3133 2404 3226 2456 καὶ
3269 2405 3298 2455 ὁ
3346 2403 3568 2473 ἀπαθὴς

1985 2494 2119 2564 πρὸς
2146 2494 2236 2548 τὸν
2265 2494 2480 2565 δρόμον,
2501 2495 2586 2548 διὰ
2617 2495 2712 2565 τὴν
2736 2495 2826 2548 τοῦ
2855 2495 3236 2565 συνεργοῦντος
3257 2495 3562 2547 ἀσθένειαν·

1983 2585 2155 2647 οὕτως
2183 2587 2230 2636 εί
2261 2586 2432 2638 λείποι
2473 2585 2547 2655 τῷ
2583 2586 2758 2657 καιρῷ
2789 2587 2849 2639 τὸ
2881 2587 3097 2657 μέτρον,
3127 2588 3160 2655 ἢ
3199 2586 3274 2656 τῷ
3308 2587 3497 2658 μέτρῳ
3535 2589 3565 2655 ή

1983 2678 2258 2749 εὐκαιρία,
2301 2678 2378 2747 τῷ
2423 2678 2659 2731 λείποντι
2705 2679 2920 2741 πάντως
2974 2679 3068 2731 καὶ
3114 2680 3175 2732 τὸ
3219 2680 3392 2747 παρὸν
3442 2697 3564 2732 συν-

1984 2769 2300 2839 ηχρείωται.
2344 2769 2504 2822 Ἀλλὰ
2532 2771 2625 2822 καὶ
2656 2771 2712 2822 ὲν
2739 2771 2818 2840 τῷ
2849 2771 3025 2842 καιρῷ
3050 2775 3083 2842 ἡ
3112 2772 3446 2840 συμμετρία,
3475 2774 3567 2825 καὶ

1983 2861 2040 2911 ὲν
2071 2858 2149 2928 τῷ
2183 2860 2364 2930 μέτρῳ
2471 2846 2723 2932 εὐκαιρία
2765 2862 2825 2914 τὸ
2873 2864 3140 2934 χρήσιμον
3177 2862 3308 2932 ἔχει.
3360 2863 3567 2933 Χρόνος

1983 2946 2076 3003 οὖν
2104 2951 2223 3003 ἀντὶ
2248 2952 2340 3003 τοῦ
2371 2951 2569 3022 μέτρου
2605 2955 2735 3024 ἡμῖν
2777 2955 3043 3024 νενόηται,
3074 2955 3204 3006 διότι
3242 2954 3444 3016 παντὸς
3475 2953 3568 3006 τοῦ

1986 3041 2106 3094 καθ’
2139 3042 2366 3095 ἕκαστον
2390 3043 2591 3113 μέτρου
2639 3045 2668 3096 ὁ
2704 3046 2892 3114 χρόνος
2920 3045 3116 3115 μέτρον
3147 3045 3313 3097 ἐστίν.
3351 3045 3436 3096 Τὰ
3461 3046 3567 3114 γὰρ

312 3133 469 3187 utilis
518 3142 602 3188 est
671 3135 1075 3202 opportunitas.
1145 3135 1384 3203 Tempus
1441 3148 1575 3203 ergo
1628 3133 1788 3187 intelli

2091 3132 2238 3202 ἱμενα
2285 3135 2342 3185 ὲν
2391 3133 2568 3204 χρόνῳ
2594 3135 2801 3202 γίνεται
2842 3136 3077 3200 πάντως,
3134 3137 3227 3189 καὶ
3264 3138 3328 3205 τῇ
3386 3154 3567 3205 παρα-

312 3232 426 3276 tum
462 3228 544 3276 est
575 3235 604 3274 a
637 3223 800 3278 nobis
833 3239 930 3292 pro
967 3239 1245 3286 mensura,
1285 3232 1572 3293 propterea
1606 3223 1754 3292 quod
1781 3239 1875 3279 cu-

307 3313 532 3382 juslibet
577 3328 848 3369 mensurae
881 3329 1137 3369 mensura
1169 3323 1253 3368 est
1291 3323 1526 3383 tempus.
1573 3314 1706 3379 Quae
1734 3315 1882 3369 enim

311 3403 470 3468 fiunt,
497 3403 721 3458 omnino
749 3404 884 3459 fiunt
931 3407 982 3459 in
1013 3413 1277 3474 tempore,
1305 3413 1359 3459 et
1382 3419 1505 3458 cum
1532 3406 1884 3475 uniuscujus-

311 3509 420 3564 que
457 3508 647 3548 eorum
697 3511 819 3565 qua:
867 3499 1006 3551 fiunt
1057 3499 1403 3560 extensione,
1451 3498 1614 3553 simul
1663 3514 1883 3568 quoque

311 3587 550 3657 spatium
571 3588 836 3657 temporis
863 3589 1196 3654 extenditur,
1226 3588 1498 3644 modicum
1532 3588 1585 3641 in
1605 3587 1884 3653 minori,et

310 3679 368 3730 in
397 3678 651 3748 ampliori
676 3679 798 3748 plus
827 3681 1108 3749 temporis.
1149 3680 1244 3734 Est
1274 3693 1530 3734 mensura
1563 3679 1881 3748 conceptio-

311 3770 415 3831 nis,
447 3785 703 3826 mensura
731 3773 1054 3827 incrementi
1087 3774 1392 3842 spicarum,
1425 3787 1681 3825 mensura
1713 3771 1885 3840 plenae

311 3859 589 3914 fructuum
616 3859 992 3928 perfectionis,
1027 3876 1284 3916 mensura
1315 3861 1707 3930 navigationis,
1731 3876 1886 3915 men-

311 3963 442 4002 sura
483 3949 898 4015 ambulationis,
935 3964 1189 4004 mensura
1223 3949 1661 4018 uniuscujusque
1681 3950 1882 4013 anatis,

310 4037 578 4104 infantiae,
605 4039 876 4108 pueritiae,
913 4039 1318 4100 adolescentiae,
1344 4041 1670 4109 juventutis,
1708 4041 1884 4096 virilis

309 4137 365 4184 et
392 4129 704 4184 constantis
726 4139 779 4184 et
807 4137 1078 4198 provecta:
1097 4133 1297 4197 aetatis,
1323 4132 1649 4194 senectutis,
1681 4138 1734 4184 et
1755 4136 1886 4182 acta-

311 4223 384 4276 tis
410 4221 725 4291 decrepita.
762 4221 1035 4288 Quoniam
1065 4237 1196 4291 ergo
1231 4237 1341 4276 non
1368 4229 1452 4278 est
1487 4221 1746 4276 omnibus
1779 4236 1886 4275 una

309 4328 574 4368 mensura
633 4314 896 4382 temporis
944 4332 957 4366 :
1003 4328 1179 4382 neque
1225 4313 1371 4366 enim
1422 4312 1538 4366 ﬁeri
1585 4321 1784 4382 potest,
1829 4319 1888 4364 ut

278 4408 283 4413 '
310 4404 423 4458 sint
445 4404 628 4458 omnia
658 4406 884 4473 aequalis
913 4405 1055 4460 inter
1082 4420 1141 4458 se
1170 4419 1465 4469 mensurae,
1502 4410 1722 4473 propter
1745 4402 1885 4456 sub-

304 4495 577 4565 iectorum
603 4496 964 4551 diiferentiam
992 4516 1006 4552 :
1038 4498 1284 4552 omnium
1318 4504 1499 4550 autem
1531 4511 1652 4564 quae
1681 4494 1888 4548 cadunt

311 4587 416 4642 sub
447 4601 782 4652 mensuram,
813 4596 897 4643 est
927 4589 1255 4653 communis,
1284 4596 1344 4641 ut
1375 4588 1583 4642 dictum
1605 4594 1711 4650 est,
1743 4601 1890 4640 men-

311 4695 440 4735 sura
468 4685 702 4749 tempus,
746 4679 800 4733 in
829 4695 889 4736 se
919 4682 1100 4735 omnia
1137 4681 1427 4735 continens
1456 4698 1469 4732 :
1505 4693 1568 4732 ea
1611 4679 1678 4732 de
1719 4692 1886 4731 causa

309 4787 420 4824 non
466 4770 626 4838 dixit,
669 4771 926 4827 Mensura
965 4781 1050 4828 est
1101 4773 1380 4837 onmibus,
1427 4780 1712 4840 propterea
1742 4771 1889 4838 quod

309 4877 503 4916 eorum
526 4877 649 4932 quae
665 4863 871 4917 cadunt
900 4864 1004 4918 sub
1029 4877 1366 4926 mensuram,
1392 4875 1587 4930 magna
1614 4861 1686 4915 sit
1707 4875 1890 4930 aequa-

310 4954 438 5009 litas
476 4955 532 5008 in
581 4969 648 5009 eo
681 4955 830 5025 quod
869 4962 952 5009 est
997 4955 1120 5024 plus
1157 4963 1212 5008 et
1241 4954 1422 5007 minus
1465 4970 1481 5008 :
1530 4951 1627 5006 sed
1673 4960 1888 5020 tempus

310 5046 449 5101 dixit
491 5049 636 5118 quod
691 5055 778 5102 est
825 5047 1082 5102 omnibus
1131 5059 1386 5100 mensura
1420 5043 1712 5113 generalis,
1768 5056 1888 5111 quae

312 5139 578 5208 quidquid
621 5139 678 5194 fit
709 5147 764 5194 et
801 5139 998 5204 oritur,
1053 5136 1356 5191 dimetitur.
1406 5132 1692 5198 Quomodo
1741 5133 1886 5186 enim

312 5228 368 5284 in
410 5232 650 5287 humano
679 5247 900 5302 genere,
935 5232 988 5286 id
1025 5230 1170 5302 quod
1202 5230 1380 5284 aetatis
1403 5227 1624 5297 quidem
1653 5233 1738 5281 est
1763 5240 1889 5295 pro-

314 5329 502 5379 vectae.
528 5329 612 5376 est
640 5321 974 5376 imbecillum
1001 5338 1016 5374 :
1043 5321 1188 5390 quod
1217 5328 1397 5373 autem
1423 5315 1665 5371 nondum
1695 5316 1890 5370 contir.

315 5420 477 5466 malae
508 5421 564 5467 et
592 5414 851 5468 stabilita:
893 5423 980 5470 est
1020 5413 1220 5475 aetatis,
1250 5418 1336 5466 est
1372 5410 1788 5470 immoderatum
1837 5417 1892 5462 et

318 5503 564 5558 insolens
595 5523 607 5557 :
643 5504 908 5573 optimum
933 5511 1115 5558 autem
1144 5515 1226 5557 est
1253 5503 1402 5572 quod
1429 5504 1570 5555 inter
1595 5501 1705 5555 duo
1730 5501 1894 5554 inter-

318 5593 484 5660 cedit,
519 5595 663 5664 quod
691 5593 910 5663 quidem
939 5602 1229 5662 utramque
1259 5592 1504 5662 effugerit
1534 5593 1840 5648 molestiam
1873 5611 1883 5643 :

1982 3220 2138 3272 τάσει
2163 3221 2392 3274 ἑκάστου
2423 3221 2530 3274 τῶν
2559 3223 2857 3292 γινομένων
2914 3222 3010 3274 καὶ
3054 3222 3116 3275 τὸ
3161 3223 3436 3290 διάστημα
3477 3222 3566 3273 τοῦ

1984 3313 2174 3383 χρόνου
2211 3314 2720 3384 συμπαρατείνεται,
2749 3313 2932 3383 ὀλίγον
2969 3316 3028 3367 ὲν
3055 3314 3132 3384 τῷ
3176 3315 3442 3378 ἐλάττονι,
3478 3316 3570 3366 καὶ

1985 3405 2043 3459 ἐν
2083 3406 2161 3476 τῷ
2205 3407 2419 3466 πλείονι
2459 3407 2639 3461 πλεῖον
2677 3409 2888 3478 χρόνου.
2924 3408 3136 3479 Μέτρον
3167 3410 3437 3478 κυήσεως,
3485 3410 3570 3476 μέ-

1982 3511 2108 3565 τρον
2147 3496 2247 3565 τῆς
2283 3498 2393 3549 τῶν
2431 3497 2714 3567 ἀσταχύων
2754 3498 3054 3568 αὐξήσεως,
3088 3498 3284 3568 μέτρον
3318 3499 3418 3568 τῆς
3463 3499 3569 3549 τῶν

1985 3586 2210 3656 καρπῶν
2251 3589 2595 3654 τελειώσεως,
2641 3589 2836 3660 μέτρον
2879 3589 3172 3651 ναυτιλίας,
3225 3590 3425 3659 μέτρον
3476 3608 3570 3642 πο-

1989 3677 2158 3748 ρείας,
2197 3679 2394 3749 μέτρον
2440 3680 2540 3749 τῆς
2580 3679 2702 3732 καθ’
2750 3680 2976 3733 ἕκαστον
3029 3680 3264 3750 ἡλικίας,
3312 3680 3564 3750 βρέφους,

1987 3769 2220 3837 παιδίου,
2251 3770 2555 3841 μειρακίου,
2594 3771 2804 3836 παιδὸς,
2837 3770 3065 3842 ἐφήϐου,
3102 3772 3314 3843 ἀνδρὸς,
3355 3775 3568 3842 μεσήλι-

1988 3879 2100 3925 κος,
2121 3861 2347 3927 τελείου,
2367 3861 2690 3931 παρήλικος,
2709 3863 3035 3933 πρεσϐύτου,
3056 3863 3328 3934 γέροντος.
3349 3865 3566 3933 Ἐπειδὴ

1986 3953 2162 4006 τοίνυν
2206 3952 2303 4020 οὐχ
2351 3952 2408 4005 ἓν
2450 3951 2511 4003 τὸ
2559 3952 2623 4004 ὲκ
2661 3951 2753 4003 τοῦ
2797 3953 2986 4021 χρόνου
3031 3951 3226 4022 μέτρον
3258 3954 3376 4013 τοῖς
3403 3955 3568 4006 πᾶσιν

1987 4043 2157 4094 ἐστίν’
2193 4042 2314 4093 οὐδὲ
2362 4043 2466 4112 γάρ
2504 4043 2618 4093 ἐστι
2660 4041 2883 4096 δυνατὸν
2921 4041 3170 4109 γενέσθαι
3203 4043 3380 4094 πάντα
3403 4042 3568 4109 ἀλλήη
3603 4069 3609 4080 -

1987 4129 2097 4191 λοις
2137 4130 2395 4198 ίσόμετρα
2440 4129 2526 4182 διὰ
2562 4129 2660 4198 τὴν
2701 4129 2810 4181 τῶν
2855 4129 3226 4199 ὑποκειμένων
3266 4130 3566 4200 διαφοράν·

1988 4223 2164 4277 κοινὸν
2193 4224 2270 4288 δὲ,
2301 4223 2480 4286 καθὼς
2507 4221 2756 4292 εἴρηται,
2798 4223 3014 4276 πάντων
3055 4222 3439 4293 μετρουμένων
3477 4222 3571 4292 μέ-

1987 4331 2114 4386 τρον
2157 4316 2185 4366 ὁ
2221 4315 2410 4385 χρόνος
2445 4315 2612 4378 ἐστὶν,
2654 4316 2711 4366 ἐν
2749 4313 2926 4383 ἑαυτῷ
2966 4317 3233 4385 περιέχων
3259 4316 3326 4366 τὰ
3357 4316 3565 4367 πάνταο

1990 4406 2177 4459 τούτου
2231 4408 2387 4476 χάριν
2427 4407 2549 4475 οὐχὶ
2600 4406 2797 4476 μέτρον
2853 4401 2972 4458 εἷπε
3022 4409 3136 4468 τοῖς
3185 4407 3337 4468 πᾶσι,
3387 4407 3478 4458 διὰ
3512 4406 3570 4456 τὸ

1920 4470 1965 4528 D
1993 4498 2191 4566 πολλὴν
2221 4470 2357 4550 sivi“
2395 4470 2926 4570 τῶν-μετρουμένων
2967 4497 3066 4568 τὴν
3110 4498 3237 4566 περὶ
3283 4498 3342 4549 τὸ
3389 4497 3568 4550 πλεῖόν

1990 4603 2048 4639 τε
2082 4585 2175 4639 καὶ
2207 4585 2424 4639 ἔλαττον
2457 4586 2701 4655 ἰσότητα·
2747 4586 2880 4639 ἀλλὰ
2911 4587 3099 4655 χρόνον
3131 4583 3250 4638 εἷπε
3281 4589 3394 4648 τοῖς
3437 4589 3568 4639 πᾶσι

1988 4678 2048 4730 τὸ
2075 4679 2288 4746 γενικὺν
2327 4678 2544 4748 μέτρον,
2567 4672 2611 4746 ᾦ
2643 4680 2750 4731 πᾶν
2793 4679 2852 4730 τὸ
2879 4679 3159 4748 γινόμενον
3197 4681 3568 4749 παραμετρεῖ-

1988 4786 2099 4821 ται.
2137 4769 2346 4837 Ὠσπερ
2367 4768 2477 4837 γὰρ
2503 4768 2596 4819 ἐπὶ
2636 4766 2736 4836 τῆς
2776 4766 3189 4836 ἀνθρωπότητοξ
3222 4766 3284 4817 τὸ
3307 4766 3407 4834 μὲν
3441 4781 3566 4834 προσΔ

1990 4861 2220 4930 ϐεϐηκὸς
2254 4859 2498 4913 ἀσθενεῖ·
2541 4858 2603 4910 τὺ
2647 4859 2704 4910 δὲ
2737 4859 2901 4929 μήπω
2938 4857 3272 4928 καθεστηκὸς
3310 4859 3562 4909 ἀτακτεί·

1994 4951 2214 5018 ἄριστον
2249 4949 2302 5001 δὲ
2334 4949 2394 5000 τὸ
2423 4949 2585 5018 μέσον
2615 4946 2721 5000 τῶν
2749 4947 2860 5012 δύο,
2909 4949 3048 5017 ὅπερ
3082 4948 3147 4999 ἂν
3171 4947 3269 5009 τὰς
3293 4947 3567 5016 ἑκατέρων

1992 5039 2180 5108 ἀηδίας
2216 5038 2459 5109 ὲκφεύγῃ
2483 5055 2497 5069 ο
2544 5039 2603 5088 ἐν
2644 5030 2690 5104 ᾧ
2723 5037 3015 5101 δείκνυται,
3056 5037 3154 5106 τῆς
3193 5037 3290 5106 μὲν
3319 5037 3568 5106 νεότητος

1993 5128 2368 5199 κεχωρισμένη
2397 5128 2496 5196 τῆς
2527 5126 2750 5192 ἀταξίας
2784 5129 2817 5197 ἡ
2852 5126 3112 5194 δύναμις,
3157 5124 3248 5176 τοῦ
3286 5125 3344 5176 δὲ
3383 5128 3566 5197 γήρως

1989 5219 2341 5289 διεζευγμένη
2392 5222 2488 5289 τῆς
2527 5219 2784 5289 ἀδρανίας
2819 5220 2852 5287 ὴ
2904 5218 3190 5286 φρόνησις·
3237 5215 3380 5268 ὥστε
3432 5212 3565 5267 εἶναι

1990 5310 2217 5378 δύναμιν
2256 5309 2702 5380 συγκεκραμένην
2730 5309 3010 5378 φρονήσει,
3042 5307 3236 5376 ἐπίσης
3264 5304 3564 5373 φεύγουσαν

1991 5409 2090 5476 τήν
2115 5423 2172 5458 τε
2201 5405 2295 5458 τοῦ
2325 5406 2508 5474 γήρως
2545 5403 2823 5474 ἀδρανίαν,
2871 5403 2965 5456 καὶ
3009 5403 3072 5454 τὸ
3116 5400 3288 5472 θρασὺ
3319 5403 3422 5470 τῆς
3454 5400 3564 5482 νεό-

1993 5515 2181 5568 τητος·
2219 5496 2390 5559 οὓτως
2418 5498 2446 5547 ό
2477 5496 2662 5565 χρόνον
2687 5494 2884 5565 ὁρίζων
2913 5497 3025 5556 τοῖς
3058 5494 3191 5545 πᾶσι
3228 5492 3349 5544 καθ’
3377 5491 3563 5544 ἑκάτε-

1996 5606 2087 5659 ρον
2126 5588 2342 5659 χωρίζει
2371 5587 2610 5657 τῷλόγῳ
2665 5585 2762 5654 τὴν
2790 5589 2844 5651 ἐξ
2865 5585 3129 5656 ἀμετρίας
3155 5585 3373 5653 κακίαν,
3409 5588 3468 5642 τό
3501 5604 3551 5638 τε

3453 213 3650 269 700-
